4028 6332
733 367 794 424 ιι
1834 365 2163 421 EPISTULA
2205 368 2296 424 Νι]
2306 368 2767 424 NCUPATOBIA.
3830 369 3886 420 {3

725 485 1021 545 voluisset
1046 525 1061 554 ,
1098 498 1229 541 eum
1249 463 1281 555 ,’
1300 479 1462 559 quod
1486 480 1740 560 ipsemet
1767 482 2055 543 maluisse
2084 485 2254 545 visus
2279 494 2400 559 est,
2427 486 2593 546 inter
2617 484 2912 564 Origenes
2936 529 2953 559 ,
2984 482 3400 546 Tertullianos
3424 482 3465 557 ,'
3488 481 3875 550 Bardesanes.

697 664 706 692 ί
734 602 1026 663 Tatianos
1046 644 1063 675 ,
1102 609 1159 660 et
1185 602 1242 662 si
1268 600 1373 679 qui
1390 610 1693 678 praeterea
1719 603 2061 664 miserabili
2098 602 2357 667 dissidio
2381 649 2398 679 ,
2437 606 2675 683 ingenii
2704 606 3115 685 doctrinisque
3146 605 3383 666 laudem
3410 626 3449 664 α
3493 606 3811 684 religionis
3832 614 3881 666 et

697 695 700 703 ’
730 722 872 803 ﬁdei
888 722 1097 800 gloria
1134 723 1545 802 sejunxerunt
1568 765 1584 795 ,
1614 723 1982 785 numeravit.
2017 723 2096 784 In
2123 742 2240 802 quo
2270 724 2512 804 quidem
2546 726 2612 786 id
2636 726 2916 805 providit
2939 744 3051 787 suo
3080 744 3245 789 more
3274 730 3609 807 sapienter,
3640 740 3710 790 ut
3746 749 3884 810 quo-

726 871 867 913 rum
897 870 971 913 ex
998 851 1195 911 morbi
1234 852 1594 927 contagione
1633 851 1918 929 pericula
1947 870 2156 912 cavere
2196 861 2451 931 posset,
2499 872 2710 914 eorum
2736 854 3063 917 industriae
3090 854 3303 935 fructu
3348 874 3472 915 non
3515 864 3771 918 careret.
3808 857 3881 918 Et

728 998 868 1039 vero
891 1022 906 1052 ,
940 977 1066 1039 sive
1097 976 1446 1038 timiditatis
1480 979 1591 1038 hoc
1622 978 1749 1056 fuit
1769 1021 1786 1050 ,
1827 980 1951 1038 sive
1984 978 2229 1058 fraudis
2254 1023 2270 1052 ,
2305 980 2522 1040 tectius
2553 981 2654 1041 hic
2680 980 2996 1059 aliquanto
3024 998 3205 1061 quam
3233 983 3436 1043 caeteri
3460 1028 3477 1059 ,
3514 998 3585 1042 ac
3612 1000 3886 1043 verecun-

728 1100 868 1161 dius
894 1102 1168 1163 insanire
1194 1108 1446 1159 conatus
1476 1110 1586 1171 est,
1618 1107 1689 1159 ut
1715 1100 1845 1160 suis
1872 1102 2001 1179 ipse
2025 1099 2204 1162 libris
2226 1102 2473 1164 Arianae
2503 1101 2779 1182 perﬁdia:
2798 1103 3095 1163 maculam
3126 1120 3450 1184 aspergere
3492 1105 3703 1181 potius
3731 1121 3887 1181 quam

728 1226 979 1284 inurere
1036 1219 1338 1281 videatur.
1382 1219 1576 1297 Atque
1612 1227 1684 1277 ut
1712 1216 1783 1276 de
1818 1215 1962 1279 aliis
1986 1218 2097 1278 hoc
2124 1218 2254 1277 loco
2278 1226 2582 1279 taceamus
2605 1264 2622 1294 ,
2656 1218 2929 1299 equidem
2967 1221 3128 1282 hunc
3178 1238 3306 1279 sese
3334 1221 3485 1281 mihi
3520 1222 3887 1298 potissimum

731 1339 1023 1402 obtulisse
1056 1336 1288 1416 gaudeo
1310 1381 1327 1413 ,
1358 1337 1426 1398 in
1453 1353 1569 1413 quo
1589 1335 1742 1395 labis
1769 1353 1839 1394 ac
1866 1336 2084 1396 veneni
2101 1336 2507 1412 parcissimus
2533 1337 2769 1413 fuerit,
2803 1336 3143 1413 exquisitas
3170 1334 3537 1397 eruditionis
3574 1355 3721 1415 opes
3757 1337 3887 1399 libe-

726 1463 851 1523 rali
878 1464 1177 1541 plenaque
1217 1477 1402 1519 manu
1431 1455 1825 1534 congesserit.
1868 1454 2026 1515 Sane
2054 1470 2196 1514 vero
2228 1451 2529 1532 quidquid
2583 1454 2697 1515 hoe
2724 1454 2793 1515 in
2816 1471 3032 1532 genere
3060 1453 3272 1514 laevum
3297 1474 3369 1516 ac
3383 1456 3764 1534 flagitiosum
3784 1456 3890 1517 Eu-

730 1584 883 1644 sebii
913 1600 1127 1641 manus
1150 1579 1443 1639 ulleverat
1469 1619 1487 1650 ,
1514 1576 1581 1636 id
1611 1594 1779 1635 omne
1818 1576 2229 1653 Trapezuntii
2250 1576 2449 1653 pietas
2476 1619 2492 1651 ,
2522 1574 2801 1637 molliore
2819 1576 2915 1637 vel
2941 1574 3100 1655 stylo
3124 1578 3461 1642 induxerat
3519 1582 3614 1643 vel
3640 1586 3887 1663 spongia

728 1704 1070 1771 deleverat;
1100 1701 1205 1762 sed
1232 1702 1299 1763 in
1327 1702 1662 1778 interprete
1678 1698 1824 1777 ﬁdes
1852 1700 2044 1776 magis
2076 1696 2486 1760 commendari
2508 1697 2698 1773 solet,
2731 1717 2910 1778 quam
2936 1701 3158 1776 pietas.
3182 1700 3542 1782 Quanquam
3567 1726 3679 1767 nec
3729 1708 3874 1769 tanti

729 1844 891 1897 certe
911 1828 1318 1891 dissimulatio
1368 1826 1492 1887 ista
1518 1827 1666 1903 fuit,
1698 1843 1833 1883 eum
1855 1824 2203 1902 praesertim
2242 1836 2367 1883 non
2394 1820 2633 1897 doceat,
2674 1832 2746 1884 ut
2779 1825 3004 1899 caeteri,
3048 1842 3175 1885 non
3209 1827 3451 1905 probet,
3482 1847 3607 1888 non
3646 1840 3875 1906 urgeat,

727 1960 831 2020 sed
851 1968 1107 2020 mentem
1127 1953 1302 2015 modo
1327 1953 1547 2033 furtim
1575 1950 1805 2013 indicet
1832 1952 2169 2029 innuatque
2190 1969 2403 2010 suam:
2445 1950 2623 2029 quasi
2676 1968 2803 2012 non
2849 1954 2981 2014 sine
3034 1955 3279 2033 pudore
3333 1956 3539 2035 aliquo
3592 1958 3891 2019 catholica

724 2089 953 2167 frontis
983 2084 1283 2164 pudorem
1312 2088 1580 2141 exueret.
1614 2076 1694 2138 At
1720 2086 2018 2156 quantum
2042 2076 2141 2137 hic
2170 2094 2248 2136 ex
2273 2074 2575 2153 locuplete
2595 2092 2767 2153 penu
2785 2092 2992 2136 rerum
3042 2086 3221 2156 atque
3253 2078 3527 2139 locorum
3549 2122 3566 2152 ,
3600 2087 3657 2138 et
3679 2088 3894 2156 quanta

730 2230 865 2272 eum
891 2210 1186 2270 varietate
1226 2203 1589 2284 protulerit,
1612 2201 1867 2261 suavius
1890 2244 1908 2274 ,
1930 2208 2002 2260 ut
2031 2201 2279 2279 opinor,
2313 2198 2563 2277 legendo
2598 2201 2820 2261 sentiri
2839 2206 3075 2277 potest,
3124 2220 3303 2281 quam
3344 2202 3599 2264 dicendo
3653 2205 3893 2265 uberius

730 2330 1053 2408 explicari.
1086 2328 1208 2403 Qui
1233 2325 1473 2405 quidem
1501 2343 1752 2398 sensus,
1791 2324 2210 2386 litteratorum
2238 2324 2506 2384 omnium
2536 2324 2868 2385 communis
2898 2323 3093 2387 adhuc
3137 2326 3409 2406 idemque
3453 2329 3617 2407 fuit,
3663 2327 3775 2405 qui
3836 2333 3881 2385 et

727 2461 911 2541 hujus
936 2459 1003 2519 in
1038 2457 1242 2537 operis
1273 2456 1620 2534 cognitione
1644 2471 1772 2514 non
1792 2450 2088 2515 mediocri
2110 2449 2436 2529 diligentia
2462 2449 2784 2529 studioque
2812 2454 3043 2514 versati
3063 2464 3245 2529 sunt,
3284 2465 3340 2516 et
3369 2456 3436 2515 in
3457 2474 3523 2515 eo
3543 2456 3888 2527 nonminus

727 2586 1060 2649 Eusebium
1081 2583 1152 2645 de
1172 2583 1534 2661 antiquitate
1558 2581 1719 2659 ipsa,
1749 2596 1928 2658 quam
1956 2576 2028 2638 de
2047 2578 2337 2639 universa
2350 2580 2720 2658 posteritate
2742 2580 3031 2640 meruisse
3044 2578 3437 2657 judicarunt.
3456 2578 3652 2658 Atque
3676 2579 3795 2641 hoc
3807 2580 3896 2658 ju-

732 2715 961 2775 dicium
988 2712 1269 2773 veritatis
1323 2718 1412 2769 est
1430 2754 1448 2784 ,
1468 2724 1595 2767 non
1613 2707 1851 2785 gratia.
1878 2705 2033 2769 Nam
2061 2715 2133 2767 ut
2161 2722 2261 2766 eos
2287 2707 2627 2785 scriptores
2655 2707 2927 2768 omittam
2951 2750 2967 2781 ,
2997 2724 3255 2786 quorum
3279 2718 3667 2769 monumenta
3719 2708 3889 2791 nobis

731 2837 1126 2915 superiorum
1148 2842 1391 2895 (statum
1415 2849 1525 2892 nec
1566 2831 1814 2893 incuria
1851 2831 2123 2909 eripuit,
2150 2847 2263 2889 nec
2293 2828 2517 2891 invidit
2546 2831 2822 2909 injuria,
2856 2830 3077 2909 quibus
3097 2839 3296 2891 tamen
3321 2832 3420 2893 hic
3461 2849 3617 2891 novo
3645 2831 3898 2911 quodam

650 2974 651 2979 ‘
735 2974 791 3025 et
820 2963 1059 3026 illustri
1086 2980 1226 3035 usu,
1258 2962 1650 3023 auctoritatis
1681 2960 2021 3039 plurimum
2051 2969 2109 3020 et
2136 2958 2483 3037 splendoris
2512 2960 2791 3020 accessit.
2830 2957 2984 3033 Quis
3007 2976 3133 3019 non
3158 2959 3319 3019 hunc
3356 2958 3483 3037 ejus
3512 2957 3822 3035 laborem,
3844 2968 3900 3020 et

728 3098 942 3171 prisco
973 3088 1071 3151 illi
1098 3108 1218 3149 (evo
1246 3089 1579 3148 salutarem
1602 3129 1620 3158 ,
1675 3097 1731 3146 et
1760 3096 1973 3146 nostro
2001 3087 2143 3147 huic
2176 3085 2701 3166 jucundissimum
2726 3103 2797 3144 ac
2835 3083 3397 3162 fructuosissimum
3420 3100 3543 3141 esse
3573 3081 3898 3160 intelligat,

734 3230 849 3291 per
876 3229 1049 3291 quem
1078 3210 1437 3289 superstites
1466 3227 1575 3268 nec
1590 3227 1823 3287 paucas
1843 3252 1859 3282 ,
1899 3226 2007 3268 nec
2039 3209 2293 3285 exiguas
2314 3216 2695 3269 vetustorum
2715 3252 2731 3281 ,
2760 3209 2871 3268 hoc
2904 3216 2993 3267 est
3019 3207 3114 3268 vel
3140 3217 3404 3284 tempore
3433 3207 3567 3284 ipso
3598 3204 3901 3283 pretioso-

736 3350 876 3394 rum
899 3335 1285 3411 ingeniorum
1327 3329 1643 3407 reliquias,
1676 3329 1765 3387 sic
1794 3336 2079 3405 tanquam
2103 3337 2374 3387 servatas
2404 3346 2481 3387 ex
2503 3326 2834 3408 foedissimo
2874 3328 3201 3406 naufragio
3233 3326 3473 3387 tabulas
3523 3327 3849 3386 habeamus
3876 3328 3902 3385 7

736 3451 932 3529 Atque
954 3461 1021 3511 ut
1053 3451 1249 3512 obiter
1274 3450 1546 3528 beneﬁcii
1567 3458 1806 3528 partem
1829 3436 2097 3525 aliquam
2128 3448 2511 3525 degustemus
2535 3494 2551 3524 ,
2586 3451 2715 3529 ejus
2746 3451 2814 3511 in
2834 3450 3058 3528 primis
3096 3465 3286 3527 opera
3316 3449 3901 3509 Sanchoniathonem

739 3581 947 3651 illum,
995 3580 1293 3638 hominem
1338 3577 1747 3647 Phoenicium,
1776 3583 1831 3633 et
1855 3575 2173 3654 Trojanis,
2203 3576 2259 3636 si
2286 3575 2594 3655 plerisque
2625 3575 2806 3653 ﬁdes,
2831 3573 3207 3652 temporibus
3244 3590 3574 3651 supparem
3600 3570 3902 3639 audimus,

738 3698 1021 3762 Philonis
1048 3694 1394 3771 Bybliensis
1424 3710 1526 3752 ore
1552 3736 1568 3765 ,
1606 3690 1676 3749 de
1705 3692 2133 3770 antiquissima
2160 3693 2510 3753 Phoenicum
2533 3691 2837 3769 theologia
2872 3692 3320 3770 disputantem;
3349 3710 3482 3773 ques
3513 3690 3905 3755 Hebraeorum

744 3841 822 3885 ex
840 3820 1113 3901 fontibus
1136 3864 1152 3894 ,
1176 3816 1281 3878 sed
1310 3815 1552 3895 obliquo
1581 3834 1652 3875 ac
1681 3813 1852 3875 devio
1882 3814 2053 3892 ﬂexu
2083 3814 2360 3877 derivata
2382 3862 2398 3890 ,
2442 3818 2509 3877 in
2529 3817 2855 3896 Egyptios
2878 3828 3096 3897 postea
3133 3818 3494 3894 Graecosque
3514 3817 3902 3881 redundavit.

741 3942 1038 4002 Audimus
1068 3948 1122 3999 et
1146 3938 1527 3999 0Enomaum
1551 3976 1567 4006 ,
1598 3950 1834 4006 acrem,
1862 3932 2087 4009 Superi
2103 3933 2125 3990 Ι
2149 3950 2601 4012 pugnacemque
2628 3936 3080 4014 philosophum,
3101 3937 3296 4014 quiab
3316 3937 3603 4017 Apolline
3635 3942 3707 4001 in
3736 3944 3906 4020 frau-

741 4063 875 4123 dem
894 4063 1191 4141 impulsus
1212 4107 1229 4136 ,
1258 4080 1434 4140 quam
1462 4060 1772 4137 ingeniose
1805 4067 1992 4119 totam
2035 4057 2206 4119 illam
2244 4060 2634 4122 oraculorum
2661 4064 2992 4123 vanitatem
3023 4061 3282 4125 illudit?
3324 4077 3553 4144 quanta
3579 4070 3643 4129 vi
3680 4069 3903 4132 dictio-

739 4192 839 4249 nis
860 4190 1037 4250 bilcm
1065 4209 1133 4249 ac
1164 4191 1534 4251 stomachum
1558 4192 1625 4253 in
1644 4192 1896 4268 profani
1944 4190 2211 4251 numinis
2235 4199 2417 4267 caput
2442 4192 2755 4271 erumpit?
2780 4192 2944 4268 Quid
2982 4211 3197 4274 graves
3233 4199 3291 4251 et
3346 4195 3618 4254 eruditas
3654 4212 3905 4254 comme-

744 4331 969 4372 morem
1008 4312 1328 4391 Origenis,
1370 4312 1743 4389 Diogeniani
1766 4356 1781 4383 ,
1808 4311 2180 4371 Bardesanis
2211 4316 2727 4387 concertationes,
2758 4313 3048 4376 adversus
3074 4318 3321 4396 impiam
3357 4317 3641 4381 'siderum
3682 4321 3905 4397 fatique

735 4432 1192 4501 necessitatem,
1221 4447 1338 4508 pro
1363 4431 1635 4491 humanae
1673 4429 1977 4490 libertatis
2012 4428 2358 4507 defensione
2412 4435 2777 4510 susceptas?
2824 4434 2992 4507 Quid
3037 4437 3369 4516 Dionysios
3414 4439 3905 4513 Alexandrinos,

747 4555 894 4636 quid
918 4556 1226 4616 Maximos
1254 4600 1269 4628 ,
1300 4554 1693 4613 inveteratam
1729 4552 1900 4613 illam
1924 4554 2255 4615 multorum
2278 4556 2787 4634 philosophorum
2807 4557 2877 4617 de
2900 4562 3166 4622 materiae
3194 4565 3536 4625 aeternitate
3594 4583 3667 4627 ac
3717 4584 3907 4646 prope

750 4674 1071 4736 divinitate
1108 4674 1466 4733 sententiam
1484 4716 1501 4745 ,
1531 4674 1961 4750 pulcherrimis
1991 4694 2060 4736 ac
2090 4649 2457 4752 ﬁrmissimis
2485 4676 2835 4739 rationibus
2866 4691 3197 4743 evertentes
3220 4688 3250 4747 ?
3278 4688 3397 4748 Dat
3419 4689 3523 4750 ille
3542 4691 3725 4752 nobis
3748 4693 3902 4752 Por-

747 4797 1033 4874 phyrium
1064 4840 1081 4868 ,
1115 4816 1189 4856 ex
1216 4797 1429 4857 intimo
1471 4804 1740 4855 veterum
1771 4798 2163 4858 oraculorum
2185 4801 2362 4872 sinu,
2392 4818 2616 4861 novum
2648 4803 2981 4866 recondita
2996 4807 3403 4887 philosophix
3446 4829 3640 4888 genus
3696 4832 3903 4874 eruen-

746 4928 885 4979 tem.
922 4917 1220 4979 Producit
1248 4921 1638 4994 Numenium,
1668 4922 2000 4984 Platonicce
2046 4927 2365 4989 academica
2391 4939 2585 4990 sectas
2603 4940 2782 5010 atque
2822 4932 3128 5009 divortia,
3172 4956 3299 4997 non
3340 4942 3541 5001 minus
3582 4940 3906 5021 diligenter

747 5051 805 5101 et
832 5044 1139 5103 enucleate
1163 5087 1179 5115 ,
1204 5060 1382 5122 quam
1413 5044 1689 5123 jucunde
1719 5064 1789 5106 ac
1820 5048 2095 5107 suaviter
2122 5050 2551 5125 explicantem.
2569 5053 2864 5135 Ejusdem
2894 5072 2973 5115 ex
3000 5056 3335 5119 Academia:
3371 5044 3613 5139 spatiis
3639 5066 3905 5127 Atticum

742 5163 1103 5225 Aristoclem
1117 5166 1283 5225 sistit
1300 5184 1377 5224 ex
1397 5165 1607 5245 Lyceo,
1627 5187 1884 5247 quorum
1901 5171 2002 5231 ille
2023 5174 2111 5233 sic
2126 5173 2511 5238 Aristotelem
2529 5197 2565 5238 a
2578 5178 2834 5239 Platone
2859 5176 3119 5257 divellit,
3140 5194 3209 5241 ut
3227 5200 3455 5243 omnem
3469 5185 3637 5246 inter
3663 5208 3766 5249 eos
3778 5190 3907 5269 phi-

746 5288 1035 5364 losophia:
1059 5290 1406 5349 societatem
1437 5295 1969 5373 commerciumque
1993 5295 2209 5366 tollat;
2236 5300 2334 5359 hic
2362 5312 2564 5361 autem
2589 5302 2945 5365 Aristotelis
2972 5307 3073 5366 sui
3094 5306 3525 5385 defensionem,
3564 5330 3707 5372 cum
3739 5315 3907 5398 longe

747 5418 804 5465 et
838 5418 1129 5468 accurata
1160 5427 1373 5468 eorum
1396 5411 1655 5469 maxime
1687 5414 2197 5493 philosophorum
2220 5463 2237 5493 ,
2270 5423 2375 5499 qui
2397 5423 2674 5483 sensibus
2717 5434 2829 5484 aut
2855 5427 3015 5489 nihil
3050 5436 3159 5485 aut
3197 5430 3400 5489 omnia
3426 5432 3749 5497 crederent
3774 5451 3905 5507 ,rrs-

742 5535 1146 5611 prehensione
1177 5536 1515 5617 conjungit.
1547 5538 1729 5599 Debet
1756 5543 1898 5604 huic
1927 5545 2262 5625 Africanus
2297 5550 2723 5631 Chronologix
2743 5571 2867 5614 sua:
2886 5548 3298 5632 fragmentum
3327 5574 3471 5617 sane
3501 5557 3902 5622 luculentum.

749 5660 931 5721 Debet
962 5659 1246 5722 Plotinus
1276 5664 1529 5741 egregiee
1557 5663 2001 5743 disputationis
2031 5675 2379 5735 auctarium
2402 5719 2422 5750 ,
2477 5693 2596 5757 qua
2650 5677 3087 5749 immortalium
3137 5662 3480 5742 animorum
3512 5683 3908 5760 purissimam
