3980 6338
116 369 167 426 15
1229 372 1562 430 EPISTULA
1595 371 2152 430 NUNCUPATORIA.
3204 380 3278 443 14

114 490 453 569 divinumque
477 497 773 550 naturam
793 533 810 563 ,
842 489 915 551 ab
946 493 1112 552 omni
1140 508 1456 571 corporea
1489 500 1547 551 et
1577 490 1759 551 molis
1788 491 2183 551 concretione
2240 492 2532 570 sejungit.
2568 491 2757 553 Debet
2780 491 2965 554 Philo
3010 489 3265 575 Judae-

113 637 219 678 rum
244 618 805 696 eloquentissimus,
830 620 1318 698 pulcherrimam
1342 664 1360 691 ,
1393 620 1451 681 si
1477 637 1669 679 unum
1708 627 1821 679 aut
1844 619 2113 679 alterum
2147 618 2289 680 inde
2335 636 2572 682 navum
2603 620 2937 681 sustuleris
2961 664 2978 691 ,
3038 619 3262 682 Provi-

115 751 292 811 dentia
312 751 532 811 divina
563 750 1084 830 pradicationem.
1110 753 1230 815 Cui
1252 761 1453 813 tamen
1478 753 1536 812 si
1567 750 1720 831 quid
1758 750 1968 812 deerat
2002 796 2018 825 ,
2057 750 2124 812 id
2168 760 2366 812 totum
2417 751 2801 831 amplissima
2850 771 2929 813 ex
2975 753 3269 832 Dionysii

114 870 489 935 Alexandrini
516 891 700 952 opere
726 919 741 947 ,
778 883 902 934 tam
923 876 1182 953 pietatis
1202 919 1218 947 ,
1240 892 1421 954 quam
1448 872 1826 937 eruditionis
1859 878 2056 937 omnis
2100 878 2449 939 accessione
2496 875 2852 937 cumulavit.
2900 878 3083 938 Debet
3116 896 3265 956 pos-

115 1006 265 1055 tremo
288 1042 304 1069 ,
364 1016 497 1076 qua
522 1017 679 1078 pars
714 1008 803 1059 est
834 1000 1319 1079 Praeparationis
1347 1000 1533 1080 hujus
1552 1002 1946 1079 perinsignis
1966 1044 1981 1072 ,
2036 1001 2437 1091 Hebraorum
2485 1002 2596 1064 illa
2647 1004 2820 1064 natio
2842 1046 2860 1077 ,
2911 1006 3264 1065 memoriam

108 1122 309 1198 generis
337 1137 663 1199 rerumque
683 1140 943 1184 suarum
967 1122 1465 1183 vetustussimam
1482 1141 1501 1180 :
1524 1121 1704 1201 cujus
1730 1119 1813 1181 ad
1834 1121 2247 1182 celebritatem
2270 1166 2288 1197 ,
2324 1124 2432 1201 qui
2458 1141 2584 1184 non
2606 1129 2741 1207 ejus
2779 1148 2924 1191 voce
2953 1130 3262 1209 ductuque

112 1266 397 1310 convenere
419 1252 449 1311 Ῡ
480 1250 689 1312 Graci
709 1295 724 1321 ,
757 1249 1012 1311 barbari
1043 1256 1324 1327 oratores
1351 1291 1369 1321 ,
1396 1256 1626 1327 poeta,
1651 1246 1976 1315 historici,
2010 1245 2231 1306 Berosi
2247 1289 2265 1319 ,
2300 1247 2723 1325 Mcgasthenes
2742 1296 2761 1330 ,
2790 1255 3090 1335 Abydeni,
3122 1257 3261 1318 Eu-

108 1368 325 1444 polemi,
357 1370 1017 1444 Hecatai,Demetrii,
1042 1367 1332 1438 Charili,
1364 1368 1748 1441 Ezechieles,
1788 1369 2124 1448 Artapani.
2179 1369 2374 1450 Cujus
2425 1371 2494 1430 in
2548 1371 2751 1433 laudis
2805 1392 2876 1434 ac
2918 1373 3257 1453 diligentia

104 1501 305 1569 partem
326 1538 343 1567 ,
371 1504 444 1555 ut
465 1496 776 1576 Iosephus
805 1496 988 1556 etiam
1012 1496 1219 1557 veniat
1244 1538 1262 1567 ,
1295 1494 1470 1573 longe
1500 1502 1701 1553 tamen
1729 1503 1820 1554 est
1852 1494 2106 1558 Eusebii
2130 1496 2343 1573 gratia
2386 1497 2717 1559 liberalior
2742 1520 2762 1559 :
2808 1507 2867 1558 et
2918 1518 2981 1559 eo
3015 1498 3261 1578 quidem

106 1614 415 1674 aestimanda
434 1616 646 1695 pluris
663 1660 680 1689 ,
713 1616 876 1695 quod
901 1634 981 1678 ea:
1008 1616 1138 1678 illis
1153 1618 1563 1698 profanorum
1584 1618 1897 1679 hominum
1921 1618 2312 1692 testimoniis,
2343 1619 2423 1679 ad
2440 1637 2634 1682 sacra
2660 1622 2939 1685 historia
2964 1625 3255 1686 notitiam

107 1732 404 1808 plurimum
430 1753 590 1815 sape
610 1734 769 1797 lucis
800 1735 1184 1797 hauriamus.

159 1858 275 1919 Hoc
302 1859 497 1937 igitur
520 1860 825 1922 Eusebius
850 1867 974 1921 tam
998 1858 1309 1941 frequenti
1335 1880 1406 1922 ac
1430 1870 1552 1922 tam
1578 1861 1776 1923 nobili
1803 1862 2097 1923 comitatu
2129 1871 2359 1941 septus,
2398 1862 2480 1925 ad
2525 1872 2582 1925 te
2606 1839 2795 1938 venit,
2827 1862 3253 1945 Archiprasul

104 1976 497 2055 illustrissime,
521 1990 596 2043 ut
625 1983 930 2063 quodper
975 2001 1105 2043 sese
1146 2001 1274 2044 non
1319 1991 1568 2062 posset,
1608 1994 1699 2045 tot
1750 1982 2136 2046 eruditorum
2185 1985 2522 2059 clientium,
2566 2003 2738 2067 quos,
2790 2008 2865 2049 ne
2918 1992 3035 2052 toti
3077 1992 3257 2056 nobis

102 2100 294 2180 sibique
320 2112 731 2178 morerentur,
763 2105 1072 2183 singulari
1112 2102 1319 2164 studio
1339 2102 1692 2183 prohibuit,
1725 2103 2072 2182 conjunctis
2100 2101 2353 2163 vocibus
2388 2105 2736 2181 graviorem
2764 2108 2838 2168 ab
2868 2110 3248 2177 humanitate

104 2223 543 2288 tuatemeritatis
571 2240 697 2283 sua
707 2243 948 2304 pernam
975 2223 1363 2303 deprecetur.
1392 2223 1536 2288 Non
1564 2243 1650 2300 es,
1676 2232 1749 2284 ut
1777 2242 1990 2303 spero,
2021 2224 2091 2286 in
2116 2244 2251 2286 eum
2281 2225 2506 2289 durior
2532 2238 2590 2289 et
2620 2231 3046 2298 inclementior
3070 2241 3255 2319 futu-

100 2360 203 2415 rus,
234 2361 403 2422 quam
434 2360 703 2402 summos
726 2342 1051 2420 pontiﬁces
1092 2339 1297 2400 eadem
1328 2342 1394 2401 in
1422 2359 1611 2400 causa
1623 2342 1760 2419 jam
1790 2342 2074 2402 senserit.
2111 2342 2273 2403 Mihi
2295 2346 2460 2421 forte
2487 2348 2698 2409 verior
2727 2355 3039 2419 metuendi
3067 2379 3257 2424 causa

100 2483 276 2553 restat,
307 2493 381 2534 ne
405 2473 802 2552 gravioribus
844 2474 971 2535 tuis
1000 2472 1534 2551 sanctioribusque
1584 2470 1755 2531 curis
1806 2470 2097 2531 molestus
2144 2472 2578 2551 interpellator
2620 2476 2959 2557 adveniam,
3005 2487 3254 2566 ignotus

96 2606 390 2679 prasertim
416 2620 490 2663 ac
531 2618 729 2661 novus
753 2600 953 2675 homo,
1006 2609 1130 2666 tam
1186 2600 1339 2662 mihi
1368 2599 1692 2660 tenuitatis
1725 2606 1785 2658 et
1809 2592 2037 2676 inopia
2063 2615 2209 2659 mea
2240 2599 2547 2672 conscius,
2581 2616 2762 2679 quam
2816 2586 2937 2665 tua
2965 2612 3252 2671 conscius

99 2726 396 2804 dignitatis.
430 2729 815 2809 Quanquam,
845 2727 955 2788 ubi
991 2734 1048 2787 tc
1083 2727 1334 2805 penitus
1362 2741 1680 2803 moresque
1713 2733 1854 2784 tuos
1890 2726 2244 2802 recognovi,
2274 2741 2351 2783 ne
2383 2725 2547 2786 hunc
2574 2727 2819 2807 quidem
2846 2738 3255 2807 metum,,sine

98 2851 264 2929 aliqua
290 2853 624 2931 offensione
652 2849 1005 2931 injuriaque
1038 2856 1147 2908 tua
1168 2848 1431 2908 retineri
1459 2865 1639 2926 posse
1670 2846 1973 2924 intelligo.
2018 2846 2188 2906 Rara
2215 2864 2359 2906 sane
2400 2847 2533 2906 laus
2564 2854 2623 2905 ct
2657 2846 2887 2909 eximia
2913 2851 3253 2916 voluntatis

99 2976 395 3055 indolisque
438 2984 580 3048 tua,
638 2975 706 3035 in
752 2980 924 3033 tanta
964 2968 1162 3032 divini
1210 2970 1482 3029 muneris
1521 2965 1930 3046 amplitudine
1979 2984 2193 3026 cavere
2226 2964 2579 3045 diligenter,
2614 2987 2690 3029 ne
2731 2975 3047 3054 quisquam
3076 2979 3253 3042 aditu

97 3114 592 3176 secongressuquc
639 3103 771 3169 tuo,
826 3111 899 3153 ac
932 3110 1006 3153 ne
1057 3089 1487 3153 benevolentia
1519 3087 1763 3168 quidem
1800 3096 1919 3148 tua
1967 3087 2255 3166 beneﬁcio
2307 3089 2632 3169 indignum
2680 3100 3043 3167 arbitretur.
3100 3112 3254 3171 Utar

98 3223 252 3297 igitur
278 3224 384 3283 hoc
413 3229 657 3282 natura
690 3228 808 3280 tua
834 3216 1017 3292 bono,
1053 3217 1109 3277 si
1143 3226 1315 3276 tuum
1347 3212 1510 3278 illud
1556 3224 1760 3276 tamen
1796 3223 1907 3284 est,
1944 3211 2107 3291 quod
2141 3222 2458 3292 acceptum
2502 3235 2541 3275 a
2580 3224 2938 3301 majoribus,
2976 3238 3032 3288 et
3073 3235 3251 3294 novis

96 3366 180 3427 per
204 3358 251 3409 te
276 3346 665 3409 incrementis
693 3356 963 3419 auctum,
995 3352 1120 3403 tam
1166 3360 1477 3406 commune
1528 3361 1667 3403 cum
1704 3341 1982 3427 omnibus
2034 3360 2158 3401 esse
2186 3343 2464 3407 voluisti.
2520 3346 2644 3409 Nec
2686 3367 2830 3409 vero
2873 3350 3068 3415 solam
3094 3359 3251 3420 hanc

98 3472 366 3548 facilitatis
414 3469 799 3548 aliarumque
847 3470 1149 3529 virtutum
1190 3467 1478 3546 gloriam,
1509 3468 1580 3529 in
1614 3464 1971 3528 clarissima
1998 3469 2384 3539 Gonmonmt
2408 3472 2659 3549 familia
2699 3476 2957 3554 stirpem
2986 3480 3256 3557 fontem-

97 3614 178 3672 que
202 3595 499 3675 refudisti.
531 3593 743 3655 Novus
772 3591 852 3651 ad
880 3610 1009 3650 eam
1036 3607 1149 3669 per
1178 3601 1235 3652 te
1264 3590 1559 3670 splendor
1606 3594 1886 3667 accessit,
1944 3594 2035 3653 ita
2085 3592 2201 3654 tibi
2247 3599 2571 3675 proprius,
2623 3600 2715 3659 ita
2765 3602 3131 3680 singularis,
3182 3618 3254 3667 ut

97 3722 281 3783 socium
306 3726 370 3784 in
396 3743 463 3783 eo
492 3741 849 3803 quemquam
874 3742 984 3784 nec
1011 3722 1253 3796 habeas,
1271 3739 1381 3782 nec
1408 3719 1627 3783 habere
1638 3722 1867 3799 possis.
1901 3719 2191 3781 Illustria
2224 3731 2388 3795 sunt,
2421 3742 2530 3783 nec
2560 3724 2764 3785 laudis
2791 3727 2983 3787 ullius
3013 3734 3253 3806 egentia

100 3845 318 3905 nominis
344 3866 413 3906 ac
439 3850 686 3927 generis
721 3851 815 3911 tui
843 3850 1087 3924 decora,
1116 3851 1361 3929 fateor:
1391 3865 1464 3908 ac
1492 3866 1568 3908 ne
1602 3856 1775 3907 tanta
1797 3848 1863 3908 in
1886 3846 2021 3907 luce
2046 3855 2430 3925 quareretur
2456 3847 2659 3906 vivum
2688 3847 2871 3907 etiam
2900 3867 2972 3909 ac
3000 3852 3251 3927 spirans

99 3968 413 4035 Christiana
440 3975 832 4037 demissionis
874 3976 1239 4054 exemplum,
1271 3976 1472 4055 frater
1496 3973 1601 4035 ille
1634 3982 1800 4046 tuus,
1834 3991 1897 4032 se
1924 3974 2063 4050 ipso
2092 3989 2278 4045 nunc,
2312 3988 2444 4049 qua
2488 3989 2720 4030 summa
2742 3972 3106 4049 pradicatio
3136 3986 3245 4053 est,

96 4091 276 4165 fortior
304 4106 482 4175 atque
530 4096 826 4170 nobilior,
869 4094 1078 4157 Gallia
1126 4104 1261 4157 tota
1291 4097 1553 4159 mirante
1597 4095 1885 4175 perfecit.
1936 4092 2054 4154 Sed
2110 4092 2410 4172 ejusmodi
2440 4102 2641 4153 tamen
2672 4097 2878 4156 omnia
2926 4109 3093 4172 sunt,
3120 4117 3254 4178 qua

102 4229 249 4282 tecum
282 4234 335 4286 et
362 4245 500 4287 cum
532 4227 679 4287 aliis
709 4224 1150 4286 communicari
1175 4223 1521 4301 potuerint.
1552 4222 1729 4295 Nam,
1756 4229 1826 4281 ut
1855 4228 2078 4281 catera
2107 4218 2283 4280 modo
2325 4237 2453 4278 non
2481 4222 2803 4299 attingam,
2833 4243 3100 4287 summus
3144 4227 3249 4289 ille

98 4348 317 4423 profecto
368 4356 456 4409 est
498 4346 827 4425 dignitatis
882 4345 1253 4422 honorisque
1314 4340 1573 4420 gradus,
1604 4339 1686 4401 ad
1712 4358 1888 4419 quem
1923 4341 2399 4405 Illustrissimus
2428 4342 2769 4405 cardinalis
2797 4346 3239 4426 HENRICUS,

95 4476 248 4548 frater
269 4474 404 4534 item
431 4484 605 4548 tuus,
634 4492 760 4535 non
786 4475 987 4534 minus
1016 4470 1317 4531 virtutum
1373 4487 1647 4540 suarum,
1678 4486 1858 4549 quam
1895 4466 2197 4529 Ludovici
2223 4470 2397 4530 Justi
2424 4469 2730 4549 suffragio
2764 4480 3000 4532 evectus
3029 4493 3247 4533 ascen-

98 4586 246 4651 derat.
276 4592 388 4652 Sed
432 4590 614 4655 illum
666 4592 868 4670 ipsum
918 4597 1141 4661 tamen,
1192 4596 1698 4666 quantuscunque
1735 4594 1842 4654 est,
1894 4586 2002 4664 qui
2031 4595 2193 4646 certe
2230 4592 2536 4652 maaimus
2584 4603 2695 4667 cst,
2722 4595 3162 4674 quamplurimi
3191 4610 3247 4658 et

96 4725 231 4777 antea
264 4719 574 4782 consecuti
600 4727 769 4791 sunt,
803 4723 860 4776 et
888 4722 1106 4794 postea
1132 4719 1583 4790 consequentur
1604 4731 1623 4770 :
1658 4719 1839 4789 atque
1866 4718 1936 4769 ut
1970 4707 2041 4770 de
2088 4716 2143 4768 te
2194 4711 2331 4789 ipso
2363 4731 2489 4773 non
2534 4715 2662 4776 nisi
2705 4714 2969 4775 modeste
3004 4718 3244 4808 loquar,

98 4844 146 4896 tu
166 4837 376 4917 quidem
429 4858 510 4903 ea:
538 4833 669 4900 illis
717 4853 880 4897 unus
916 4852 1043 4894 esse
1084 4844 1284 4910 potes.
1333 4832 1417 4891 At
1456 4832 1704 4910 primus
1755 4830 2169 4905 Parisiorum,
2199 4831 2311 4891 hoc
2366 4840 2457 4892 est
2479 4833 2654 4893 urbis
2696 4835 2945 4897 urbium
2978 4844 3247 4903 omnium

93 4964 347 5042 principis
374 4962 906 5042 archiepiscopus,
924 4976 1034 5020 nec
1054 4955 1217 5017 alius
1245 4955 1352 5015 abs
1389 4962 1445 5015 te
1474 4957 1793 5034 quisquam
1824 4962 1914 5015 tot
1940 4962 2109 5014 retro
2140 4954 2380 5015 saculis
2406 4956 2638 5033 fuerat,
2672 4966 2728 5017 et
2760 4960 3037 5021 omnibus
3067 4962 3243 5023 dein-

98 5103 201 5168 ceps
242 5091 538 5167 atatibus,
568 5097 802 5168 prater
828 5102 1019 5147 unum
1049 5091 1127 5155 te,
1176 5081 1338 5142 alius
1388 5100 1514 5140 esse
1547 5099 1674 5142 non
1715 5080 1971 5160 poterit.
2029 5078 2222 5159 Cujus
2266 5078 2381 5139 tibi
2432 5079 2831 5157 cogitationis
2888 5102 2956 5143 eo
2991 5088 3248 5144 suavior

99 5218 263 5284 gustus
292 5232 413 5275 esse
440 5212 640 5286 debet,
670 5229 787 5291 quo
806 5211 941 5290 jam
969 5215 1024 5268 et
1055 5204 1361 5267 communi
1387 5222 1570 5264 sensu
1598 5204 1998 5284 populorum,
2022 5213 2077 5263 et
2097 5200 2279 5281 longo
2300 5200 2664 5264 saculorum
2690 5224 2831 5280 usu,
2862 5209 2972 5268 hac
2993 5225 3243 5285 praro-

98 5328 256 5401 μείω
275 5329 599 5410 dignitatis
628 5340 685 5391 et
708 5329 972 5403 ordinis,
1003 5329 1380 5390 latissimum
1406 5326 1707 5405 quoddam
1736 5327 2089 5389 sanctitatis
2118 5325 2357 5385 eximia
2373 5325 2468 5385 vel
2487 5326 2855 5404 auspicium,
2888 5327 2982 5386 vel
3000 5331 3241 5409 pra-ju-

99 5448 274 5516 ditium
304 5459 681 5519 continetur.
715 5457 927 5537 Itaque
956 5454 1065 5516 abs
1096 5464 1200 5514 tuo
1242 5455 1506 5527 nomine,
1560 5454 1989 5534 Archiprasul
2040 5454 2565 5527 reverendissime,
2592 5470 2786 5512 novus
2817 5451 3243 5529 imposterum,

99 5599 149 5643 αο
164 5588 341 5666 priori
371 5590 551 5667 longe
581 5584 877 5661 nobilior,
906 5586 1207 5666 majorum
1249 5585 1601 5645 antistitum
1634 5586 1787 5648 ordo
1840 5586 2145 5661 seriesque
2191 5582 2475 5659 ducetur,
2505 5590 2563 5642 et
2588 5582 2823 5660 quoties
2857 5598 2985 5641 non
3007 5590 3247 5643 tantum

100 5710 411 5788 “piissimo
437 5715 829 5777 Gosmo-Ul
858 5720 1106 5773 tuorum
1130 5710 1390 5789 familia,
1424 5708 1529 5770 sed
1558 5711 1741 5771 etiam
1771 5710 2020 5773 Lutetia
2047 5712 2223 5789 regni
2255 5718 2463 5790 caput,
2489 5707 2559 5769 de
2591 5709 2879 5769 maximis
2902 5710 3243 5771 honoribus
