3980 6338
638 330 708 385 IS
1935 319 2165 377 WGERI
2199 318 2408 376 PBEF
2410 319 2590 374 A110.
3768 305 3850 362 ιο

632 453 953 532 titulisque
995 452 1130 512 suis
1174 446 1627 516 recordabitur,
1684 445 1866 504 toties
1908 454 2172 522 utraque
2219 442 2549 503 Francisci
2613 438 2715 499 sui
2760 437 3131 507 memoriam,
3180 449 3363 512 aquo
3407 445 3634 491 nonum
3671 426 3852 488 hunc

631 576 995 655 auspicetur
1422 566 1761 629 sacerdotii
1786 569 2239 647 principatum,
2284 566 2657 627 suavissima
2683 572 2745 623 et
2772 562 3170 624 ornatissima
3214 555 3635 638 gratulatione
3684 554 3856 616 cele-

637 697 861 759 brabit.
891 696 1109 757 Ventm
1157 701 1229 755 ut
1273 690 1357 751 ad
1383 710 1476 752 me
1512 699 1819 760 revertar,
1866 710 1977 751 nec
2033 701 2237 750 tamen
2290 689 2397 750 abs
2424 699 2484 749 te
2532 687 2863 760 discedam,
2912 681 3355 763 mihiquidem,
3383 684 3441 745 si
3474 678 3655 742 aliud
3678 678 3859 744 nihil

637 827 923 907 ﬁduciam
958 826 1152 885 aleret
1201 824 1551 903 faceretque
1601 841 1813 895 meam,
1861 823 1961 883 oet
2013 841 2082 881 eo
2127 830 2329 882 tamen
2378 822 2614 900 egregie
2662 815 3038 898 sperandum
3071 821 3382 892 putarem,
3422 806 3589 888 quod
3634 826 3709 867 ea
3753 826 3855 868 sne

634 955 907 1034 Societas
934 955 1004 1014 in
1028 953 1162 1012 suis
1184 958 1482 1024 numeret,
1518 950 1624 1013 cui
1670 969 1750 1011 ex
1788 952 1992 1011 animo
2021 950 2168 1010 bene
2195 947 2366 1022 velle,
2419 956 2545 1007 tam
2576 963 2777 1024 prope
2810 940 3269 1035 hareditarium
3292 936 3549 1018 familia
3579 944 3705 996 tua
3753 944 3855 996 est

634 1093 708 1135 ac
735 1072 1021 1145 solemne,
1067 1090 1247 1151 quam
1289 1089 1528 1132 nomen.
1579 1071 1704 1146 Qui
1729 1089 1969 1143 sensus,
2010 1088 2191 1147 quam
2232 1068 2357 1128 alte
2401 1086 2607 1130 animo
2654 1067 2922 1127 insideat
2964 1066 3306 1143 hareatque
3333 1072 3467 1137 tuo,
3501 1064 3639 1144 jam
3667 1061 3855 1123 ultro

636 1196 862 1274 sapius
899 1214 1025 1255 non
1077 1203 1316 1256 tantum
1354 1196 1790 1269 amantissime,
1833 1193 1943 1254 sed
1991 1196 2176 1254 etiam
2220 1193 2596 1256 amicissime
2640 1189 2996 1253 declarasti.
3047 1192 3241 1271 Cujus
3290 1189 3634 1252 voluntatis
3665 1206 3750 1249 ne
3789 1196 3855 1249 te

634 1338 903 1399 unquam
923 1320 1241 1398 paniteat,
1290 1320 1564 1380 Societas
1591 1319 1868 1379 vicissim
1892 1328 2113 1379 nostra
2140 1318 2420 1380 omnibus
2463 1316 2866 1377 observantia
2885 1315 3169 1394 gratique
3194 1318 3389 1378 animi
3418 1317 3669 1397 ofﬁciis,
3701 1334 3859 1379 cum

636 1442 869 1502 amoris
890 1441 987 1501 tui
1009 1439 1297 1517 beneficio
1317 1440 1641 1518 studioque
1670 1440 1951 1502 certabit.
1976 1441 2110 1518 Ego
2128 1458 2298 1514 vero,
2322 1447 2393 1499 ut
2415 1439 2685 1498 omnium
2704 1436 3098 1509 novissimus,
3110 1438 3318 1499 animo
3339 1449 3540 1501 tamen
3557 1441 3861 1505 omnibus

640 1566 1044 1643 obsequioque
1070 1560 1443 1636 simillimus,
1489 1581 1627 1623 cum
1674 1563 1851 1624 aliud
1875 1566 2029 1626 mihi
2072 1582 2239 1624 nunc
2287 1562 2371 1623 ad
2395 1579 2640 1621 manum
2691 1570 2849 1621 esset
2895 1561 3083 1638 nihil,
3107 1563 3275 1625 hunc
3323 1566 3701 1629 cuicuimodi
3738 1570 3855 1644 sit,

641 1693 874 1755 laboris
909 1694 1115 1753 nostri
1161 1694 1395 1773 fatum,
1444 1690 1866 1769 Amplitudini
1920 1701 2041 1753 tua
2072 1691 2453 1771 offerendum
2499 1700 2560 1752 et
2610 1689 3094 1751 consecrandum
3130 1692 3395 1769 putavi:
3442 1700 3514 1752 ut
3565 1708 3755 1769 quem
3784 1692 3861 1753 in

638 1818 834 1880 medio
865 1817 1125 1881 Lutetia
1156 1828 1277 1878 tua
1301 1818 1468 1891 sinu,
1498 1816 1895 1895 quotidianus
1943 1819 2111 1880 inter
2138 1816 2399 1879 docendi
2427 1836 2609 1880 curas
2644 1828 2861 1880 natum
2912 1828 3094 1897 atque
3137 1827 3494 1899 susceptum
3541 1802 3859 1881 hactenus

642 1945 919 2019 educavi,
967 1946 1023 2006 is
1072 1952 1178 2003 tuo
1222 1945 1291 2004 in
1324 1942 1645 2022 complexu
1687 1942 1976 2023 deinceps
2028 1962 2155 2005 non
2199 1944 2377 2005 modo
2426 1945 2698 2024 feliciter
2748 1941 3083 2018 adolescat,
3141 1940 3252 2003 sed
3285 1959 3488 2002 omnes
3529 1941 3712 2001 etiam
3753 1938 3856 2001 vel

643 2069 937 2148 temporis
983 2069 1273 2147 injurias,
1323 2064 1417 2127 oel
1459 2069 1790 2146 petitiones
1837 2068 2110 2142 invidia,
2146 2078 2254 2130 tuo
2286 2069 2641 2148 patrocinio
2696 2076 2893 2129 tectus
2936 2087 3011 2130 ac
3057 2067 3344 2153 defensus
3397 2068 3628 2132 eludat.
3667 2069 3855 2131 Vale.

643 2192 907 2255 Lutetia
932 2193 1340 2268 Parisiorum,
1370 2212 1534 2255 mo
1558 2196 1807 2259 Domini
1833 2198 2155 2260 millesimo
2183 2199 2624 2261 sexcentesimo
2646 2198 2933 2263 uicesimo
2954 2197 3239 2279 septimo,
3270 2207 3492 2279 quarto
3520 2195 3860 2259 Kalendas

644 2324 954 2391 Octobris.

828 2705 1176 2772 .Illustriss.
1211 2729 1286 2773 ac
1317 2710 1740 2777 Reverendiss.
1777 2712 2196 2795 Amplitudini
2230 2715 2374 2777 Tua

2224 2873 2659 2940 Deditissimus

2371 3044 2761 3105 Fusaerscus
2793 3036 3157 3109 VIGERUS.

2320 3163 2559 3209 ⁸00131⁵.
2619 3162 2765 3205 JISD
2827 3158 3209 3203 ηιςιῐπι.

896 3763 1047 3853 AD
1114 3762 1931 3853 CHRISTIANUM
1999 3762 2149 3851 ET
2219 3762 2841 3854 CANDIDUM
2911 3760 3587 3855 LECTOREM.

736 4299 892 4362 Cum
911 4297 991 4357 in
1018 4310 1099 4358 eo
1124 4302 1293 4358 esset
1319 4294 1669 4367 Eusebius,
1702 4302 1770 4357 ut
1799 4294 2268 4358 sanctissimum
2291 4294 2662 4358 Christiana
2692 4295 3024 4375 religionis
3053 4294 3389 4358 Auctorem
3418 4339 3437 4369 ,
3476 4294 3847 4373 perspicuis

657 4404 720 4461 et
747 4395 1149 4460 evidentibus
1201 4397 1588 4473 argumentis
1616 4396 1933 4459 Christum
1973 4395 2157 4457 illum
2197 4414 2341 4458 esse
2370 4397 2764 4470 ostenderet,
2793 4412 2983 4474 quem
3016 4394 3229 4455 divina
3265 4394 3669 4475 Hebrmurum
3703 4410 3857 4456 ora-

558 4504 563 4509 '
656 4496 801 4558 cule
829 4502 1001 4556 tanto
1028 4499 1173 4553 ante
1216 4495 1642 4569 cecinissent;
1689 4513 1769 4556 ne
1820 4512 2012 4575 quam
2049 4498 2395 4573 gentilibus
2431 4497 2673 4557 interea
2718 4495 3108 4569 lacessendi,
3158 4502 3346 4574 atque
3393 4495 3849 4575 interpellandi

657 4596 763 4656 sui
804 4592 1203 4657 occasionem
1233 4591 1655 4672 relinqueret,
1686 4611 1907 4656 eorum
1935 4595 2058 4654 sibi
2098 4611 2169 4655 os
2216 4595 2590 4657 frenandum
2632 4595 2811 4672 prius
2861 4605 3049 4675 atque
3099 4595 3521 4657 obturaudum
3573 4598 3845 4672 putavit.

657 4692 878 4770 Itaque
911 4690 1178 4753 alterum
1210 4691 1372 4753 illud
1406 4710 1608 4771 Opus,
1640 4692 1811 4771 quod
1860 4694 2175 4771 praecipue
2235 4713 2305 4757 ac
2364 4696 2615 4773 proprie
2673 4697 2885 4759 animo
2942 4696 3349 4775 designabat,
3404 4698 3847 4775 anngeticam

657 4792 1248 4855 Demonstrationem
1272 4792 1647 4874 appellavit;
1676 4792 1827 4854 huic
1853 4800 2063 4854 autem
2089 4838 2105 4867 ,
2148 4812 2277 4872 quo
2317 4795 2391 4856 ad
2424 4795 2672 4858 facilem
2715 4803 3025 4875 suscepta
3048 4797 3499 4876 disputationis
3534 4813 3797 4858 cursum
3824 4843 3845 4871 ,

660 4893 912 4975 planam
940 4894 1063 4955 sibi
1093 4897 1575 4975 expeditamque
1613 4896 1779 4955 viam
1832 4894 2196 4969 muniebat,
2249 4896 2737 4974 Praparationis
2788 4896 3172 4974 Emngelica
3227 4912 3459 4959 nomen
3508 4895 3846 4972 imposuit.

660 4997 772 5057 Est
797 4996 1056 5074 quidem
1084 4996 1203 5059 hoc
1229 4997 1582 5075 argumenti
1605 5014 1811 5075 genus
1835 5040 1853 5068 ,
1886 5003 2011 5056 tam
2059 4997 2269 5059 Graece
2298 5014 2489 5076 quam
2521 4998 2737 5059 Latine
2762 5040 2781 5069 ,
2812 4998 3359 5059 sanctissimorum
3390 5002 3453 5057 et
3491 4997 3844 5074 sapientis-

646 5097 967 5167 ‘simorum
995 5095 1325 5157 hominum
1350 5113 1540 5173 opera
1570 5098 1912 5175 studioque
1948 5104 2293 5157 tractatum.
2328 5099 2450 5159 Sed
2476 5099 2573 5160 illi
2606 5109 2857 5169 tamen,
2898 5096 2991 5156 vel
3024 5098 3216 5157 altera
3236 5088 3547 5157 duntaxat
3569 5098 3634 5157 in
3670 5105 3850 5173 parte

662 5194 1063 5269 laborarunt,
1096 5199 1197 5261 vel
1237 5209 1565 5279 utramque
1595 5202 1861 5262 strictim
1902 5210 1963 5261 et
1994 5199 2197 5260 obiter
2226 5201 2586 5278 attigerunt.
2618 5204 2703 5261 Ita
2733 5203 2961 5260 Noster
2989 5199 3091 5259 hic
3118 5243 3135 5269 ,
3171 5208 3241 5259 ut
3270 5200 3511 5260 catenis
3544 5200 3849 5262 laud-bus

662 5290 927 5354 inferior
955 5296 1059 5368 sit,
1094 5296 1254 5356 alios
1276 5304 1479 5357 tamen
1514 5300 1849 5376 utriusque
1878 5299 2339 5374 complexione,
2376 5299 2534 5358 alios
2565 5298 2881 5357 scribendi
2918 5300 3197 5357 ubertate
3229 5301 3573 5374 superavit.
3611 5300 3850 5361 Verum

664 5386 784 5450 hoc
813 5390 949 5453 loco
980 5394 1572 5455 Demonstrationem
1607 5408 1908 5469 praetereo
1931 5438 1951 5465 ,
1986 5395 2169 5471 cujus
2202 5413 2312 5469 pro
2364 5397 2607 5471 integro
2626 5396 2932 5473 justoque
2963 5412 3224 5469 corpore
3252 5442 3269 5469 ,
3303 5395 3588 5457 informis
3618 5399 3694 5459 ad
3728 5412 3850 5461 nos

666 5499 926 5551 truncus
950 5535 969 5564 ,
1000 5494 1139 5554 sine
1168 5493 1369 5571 capite
1396 5492 1817 5570 cruribusque
1856 5492 2164 5569 pervenit.
2198 5490 2323 5551 Hac
2353 5493 2611 5569 quidem
2658 5493 2722 5553 in
2770 5494 3231 5569 Praparatione
3268 5492 3352 5553 ita
3384 5501 3667 5554 versatus
3705 5502 3850 5567 est,

668 5599 737 5651 ut
759 5590 826 5650 in
856 5590 1211 5653 Grecorum
1247 5589 1342 5653 vel
1369 5590 1693 5651 erroribus
1724 5589 2116 5650 illustrandis
2143 5631 2160 5658 ,
2196 5591 2291 5649 vel
2328 5588 2653 5651 refutanda
2682 5591 2977 5667 superbia
3010 5634 3028 5663 ,
3060 5610 3185 5653 non
3214 5600 3341 5652 tam
3389 5609 3509 5653 suo
3564 5592 3657 5653 vel
3688 5610 3847 5656 suo-

663 5706 844 5767 rum,
881 5708 1069 5770 quam
1104 5690 1507 5769 papularium
1535 5705 1607 5749 ac
1644 5690 2136 5750 domesticorum
2165 5688 2423 5749 testium
2458 5702 2571 5749 ore
2601 5687 3003 5766 loqueretur:
3034 5705 3308 5767 quorum
3345 5705 3461 5749 nec
3488 5698 3849 5767 suspectam
