3980 6338
124 449 184 512 ιτ
1466 455 1696 514 VIGERI

1759 457 2122 516 ιιιιητιο.
3263 464 3331 517 18

120 570 236 651 ipsi
260 572 468 636 ﬁdem
487 573 723 636 habere
751 578 1033 652 possent,
1064 589 1183 636 nec
1211 571 1612 651 prudentiam
1638 573 2026 648 desiderare,
2072 592 2189 638 nec
2217 572 2899 640 alienam'existimare
2945 577 3329 642 voluntatem

120 672 397 735 Tametsi
458 683 823 736 nostrorum
858 672 1049 735 etiam
1101 673 1461 747 interdum,
1507 672 1627 736 hoc
1670 683 1767 737 est
1824 676 2327 739 Christianorum
2381 673 2713 735 hominum
2776 676 3079 753 pugnavit
3114 678 3332 743 armis.

120 774 383 834 Prorsus
408 818 429 848 ,
460 785 531 836 ut
553 773 750 853 hujus
778 774 847 835 in
875 774 1088 851 operis
1116 771 1471 847 molitione,
1505 773 1864 835 sedulitatis
1896 775 2107 854 potius
2140 791 2214 836 ac
2239 774 2625 853 diligentia,
2674 791 2863 852 quam
2919 774 3238 837 facultatis
3267 782 3333 836 et

119 868 362 953 ingenii
424 875 763 955 quasiiSse
801 874 1054 935 laudem
1077 916 1096 946 ,
1146 882 1412 933 nectam
1442 873 1581 932 suis
1623 873 1764 951 ipse
1796 876 2042 937 viribus
2070 892 2214 936 cum
2243 874 2608 936 adversario
2643 876 2988 953 congredi,
3019 893 3210 950 quam
3248 891 3349 936 ex-

120 976 459 1053 peregrino
486 985 549 1038 et
570 976 960 1038 conductitio
978 974 1181 1035 milite
1203 975 1404 1035 aciem
1430 975 1747 1038 instruere
1762 1020 1780 1048 ,
1807 978 1937 1039 imo
1954 997 2097 1041 cum
2122 979 2305 1041 hoste
2328 977 2572 1040 hostem
2594 977 2982 1039 committere
3010 978 3325 1041 videatur.

120 1075 430 1139 (Laterum
455 1121 472 1149 ,
502 1093 696 1155 quem
748 1077 864 1138 ille
895 1076 1190 1137 ordinem
1224 1074 1339 1135 hac
1373 1073 1440 1133 in
1472 1092 1683 1154 pugna
1720 1081 2059 1141 modumve
2088 1078 2367 1140 tenuerit
2398 1122 2417 1150 ,
2465 1078 2608 1155 ipso
2648 1078 2795 1139 libri
2837 1078 3068 1141 decimi
3116 1078 3328 1158 quinti

119 1176 384 1238 exordio
423 1183 547 1237 tam
576 1177 907 1239 enucleate
942 1176 1311 1256 diserteque
1361 1176 1731 1257 complexus
1774 1186 1903 1253 est,
1936 1185 2002 1240 ut
2034 1178 2175 1259 ejus
2208 1178 2415 1240 verbis
2448 1178 2599 1239 addi
2630 1178 2795 1240 nihil
2826 1178 3026 1257 possit
3053 1221 3073 1253 ,
3100 1184 3329 1256 prater

119 1275 399 1336 auctoris
428 1274 758 1355 injuriam.
1161 1299 1167 1303 ’

188 1374 497 1451 Sequitur
524 1391 678 1452 ergo
707 1373 921 1452 potius
946 1418 966 1449 ,
998 1376 1357 1439 Christiane
1389 1378 1609 1440 Lector
1632 1426 1650 1448 ,
1681 1385 1754 1440 ut
1784 1394 1974 1458 quam
2004 1376 2083 1439 de
2110 1376 2226 1438 illo
2256 1376 2418 1439 bene
2449 1376 2683 1438 mereri
2712 1376 3179 1447 studuerimus,
3204 1378 3326 1442 hoc

119 1482 209 1535 est
228 1518 246 1546 ,
279 1474 443 1553 quid
472 1475 541 1535 in
570 1492 735 1538 nova
764 1474 1260 1556 Prirparationis
1289 1478 1482 1559 hujus
1518 1478 1803 1541 editione
1839 1479 2050 1540 conati
2081 1480 2285 1539 simus
2310 1520 2329 1549 ,
2358 1476 2636 1539 breviter
2655 1477 2949 1557 accipias.

186 1574 449 1635 Exstitit
475 1581 624 1636 ante
656 1575 774 1637 hos
806 1584 1062 1639 centum
1090 1594 1291 1640 annos
1324 1579 1789 1657 Trapezuntius
1814 1624 1831 1651 ,
1876 1576 2067 1639 homo
2106 1585 2169 1637 et
2203 1577 2458 1640 natione
2494 1580 2752 1641 Gracus
2777 1621 2796 1651 ,
2828 1584 2887 1639 et
2928 1579 3169 1639 Latinis
3219 1580 3325 1641 in-

119 1686 311 1754 super
340 1676 570 1738 litteris
600 1695 731 1739 non
758 1674 1165 1742 mediocriter
1200 1680 1616 1743 informatus:
1664 1681 1811 1761 qui,
1845 1680 1902 1740 si
1932 1679 2161 1741 horum
2215 1680 2294 1741 ad
2333 1680 2645 1741 librorum
2693 1681 3319 1758 interpretationem,

119 1782 426 1854 quantum
456 1778 845 1839 eruditionis
870 1796 943 1840 ac
964 1778 1605 1855 selertiaaﬂ'erebat,
1634 1788 1880 1843 tantum
1906 1796 1943 1841 a
1970 1781 2142 1841 curis
2174 1780 2572 1859 gravioribus
2606 1781 2909 1858 temporis
2940 1786 3003 1842 et
3026 1782 3142 1842 otii
3171 1797 3324 1843 con-

119 1873 282 1937 ferre
315 1877 677 1954 potuisset;
707 1878 891 1940 nobis
926 1880 1153 1961 utique
1189 1880 1445 1960 legendi
1475 1881 1864 1961 voluptatem
1890 1925 1908 1954 ,
1960 1897 2088 1942 non
2132 1881 2394 1942 alterius
2441 1896 2652 1959 opera
2686 1879 3129 1948 necessitatem
3162 1879 3315 1942 reli-

120 1976 386 2056 quisset.
416 1980 496 2039 At
524 1980 681 2040 dum
711 1978 906 2060 (quod
935 1980 1207 2059 ipsemet
1240 1981 1340 2044 vel
1369 1982 1645 2061 excipit,
1693 1982 1795 2045 vel
1838 1978 2121 2060 excusat)
2169 1998 2314 2042 cum
2358 1997 2580 2043 eorum
2609 1997 2647 2041 a
2684 1978 2924 2059 quibus
2973 1977 3320 2059 urgebatur

121 2074 478 2149 desiderio,
507 2078 795 2139 vertendi
824 2078 1215 2143 celeritatem
1243 2098 1496 2161 aquare
1521 2080 1823 2161 gestiret,
1859 2082 2212 2143 Eusebium
2232 2080 2515 2142 Eusebio
2546 2080 2898 2142 suﬂ’uratus
2929 2088 3066 2153 est;
3098 2082 3316 2167 itaque

121 2188 234 2234 suo
262 2190 345 2234 ex
367 2190 564 2237 sensu
593 2176 843 2238 vultum
869 2179 930 2241 ei
963 2181 1373 2261 speciemque
1405 2182 1589 2244 ﬁnxit
1613 2227 1631 2256 ,
1662 2183 1834 2245 utab
1862 2200 1941 2246 eo
1965 2181 2464 2262 Trapezuntium
2493 2181 2712 2243 verius
2740 2198 2932 2260 quam
2966 2182 3315 2243 Eusebium

122 2268 515 2336 haberemus.
540 2277 633 2338 Ita
667 2278 944 2356 capitum
989 2281 1283 2343 ordinem
1330 2300 1800 2365 numerumque
1837 2291 2034 2346 mutat
2064 2306 2098 2367 ;
2128 2284 2215 2346 ita
2247 2283 2633 2358 sententias,
2670 2282 3006 2361 periodos,
3054 2283 3315 2361 paginas

122 2388 573 2454 nonnunquam
608 2379 887 2459 integras
916 2383 1107 2444 modo
1158 2385 1500 2463 interpolat
1529 2428 1549 2459 ,
1580 2386 1772 2447 modo
1793 2430 1813 2459 ,
1837 2387 2011 2466 quod
2042 2385 2234 2463 longe
2259 2388 2517 2464 gravius
2546 2390 2644 2449 est
2672 2428 2692 2457 ,
2743 2384 3055 2462 expungit
3104 2400 3176 2444 ac
3203 2400 3312 2444 re-
3411 2438 3414 2441 λ

120 2481 302 2537 secat.
332 2476 585 2538 Librum
621 2486 791 2542 certe
821 2481 1137 2544 decimum
1169 2484 1469 2563 quintum
1495 2502 1577 2546 ne
1612 2486 1821 2566 attigit
1869 2485 2156 2566 quidem.
2190 2486 2264 2547 Id
2292 2486 2467 2566 quod
2497 2484 2656 2547 viris
2689 2482 2882 2546 etiam
2921 2483 3311 2545 doctissimis

120 2570 317 2634 fraudi
337 2573 455 2636 fuit
476 2621 496 2650 ,
533 2580 647 2658 qui
677 2598 822 2643 cum
866 2585 1131 2646 Eusebii
1186 2587 1399 2649 Graca
1426 2602 1557 2648 non
1588 2585 1940 2665 legissent,
1971 2594 2367 2666 postremum
2393 2585 2565 2648 hunc
2591 2584 2827 2647 librum
2861 2582 3131 2662 periisse
3165 2600 3304 2645 cre-

121 2672 433 2739 diderunt.
456 2678 835 2746 Ostenderat
862 2686 1170 2764 Grynaus
1198 2687 1458 2766 quidam
1483 2732 1502 2761 ,
1530 2686 1722 2748 homo
1743 2730 1761 2760 ,
1796 2695 1862 2749 ut
1884 2688 2099 2758 aiunt,
2131 2686 2488 2761 hareticus,
2514 2685 2681 2748 velle
2714 2701 2786 2747 se
2813 2693 2938 2746 tam
2961 2685 3314 2748 inveterato

126 2778 329 2840 morbo
359 2780 688 2843 medicina
712 2782 961 2862 aliquid
1001 2784 1245 2860 facere;
1279 2786 1393 2849 sed
1432 2787 1711 2847 ostendit
1740 2804 1808 2849 re
1838 2786 1979 2864 ipsa
2014 2793 2294 2859 tantum,
2325 2786 2566 2865 quippe
2593 2783 2709 2866 qui
2746 2782 2923 2846 labes
2970 2782 3312 2865 hiatusque

125 2872 450 2940 nonnullos
470 2881 742 2956 sparsim
775 2881 1078 2944 duntaxat
1099 2901 1172 2945 ac
1204 2902 1372 2963 sape
1400 2886 1585 2947 novis
1612 2885 1939 2948 erroribus
1969 2885 2352 2963 impleverit.

194 2975 747 3058 Quocircajustum
775 2982 959 3048 ambo
998 2982 1181 3044 nobis
1211 2982 1663 3061 integrumque
1692 3000 1966 3060 pensum
1997 2984 2358 3061 reliquere;
2392 2997 2471 3045 de
2504 2998 2635 3063 quo
2665 2980 2829 3045 nihil
2855 2982 3199 3046 admodum
3231 2983 3310 3043 ab

127 3071 447 3151 loppero,
475 3078 592 3159 qui
645 3086 1004 3142 extremum
1054 3080 1291 3141 librum
1322 3081 1734 3158 Trapezuntii
1778 3082 2020 3142 Latinis
2045 3081 2353 3154 att‘exuit,
2407 3079 2655 3142 detrahi
2688 3079 2973 3158 potuisse
3001 3125 3018 3153 ,
3064 3079 3308 3141 invitus

128 3188 303 3235 nemo
330 3173 660 3253 fatebitur,
690 3179 803 3260 qui
840 3178 1002 3241 hanc
1028 3180 1098 3241 in
1128 3179 1465 3241 lectionem
1495 3179 1681 3241 horas
1726 3197 1806 3240 ex
1835 3179 1971 3245 otio
1995 3193 2115 3245 suo
2142 3176 2386 3257 aliquot
2411 3176 2699 3239 derivare
2729 3176 3027 3239 voluerit.
3069 3179 3309 3240 Novam

130 3288 273 3351 ergo
290 3290 322 3335 a
347 3277 542 3354 capite
572 3277 1161 3357 interpretationem
1191 3278 1499 3358 aggressi,
1532 3279 1697 3341 duos
1727 3278 2217 3351 exBibliotheca
2242 3266 2435 3356 Regia
2453 3274 2650 3357 (quod
2674 3278 2747 3337 D.
2782 3276 3036 3357 Rigaltii
3063 3278 3303 3341 doctis-

130 3373 265 3435 simi
290 3382 468 3453 atque
498 3374 935 3441 honestissimi
983 3379 1106 3443 viri
1157 3380 1538 3444 beneﬁcium
1587 3380 1708 3449 est)
1757 3379 2219 3456 manuscriptos
2266 3378 2517 3439 codices
2561 3375 2967 3454 accepimus,
3026 3393 3305 3456 quorum

130 3476 310 3536 altero
331 3475 678 3555 Stephanus
709 3479 780 3541 in
805 3481 1019 3543 Graca
1041 3481 1324 3544 editione
1354 3500 1515 3543 usus
1543 3480 1831 3554 videtur,
1859 3481 2129 3541 alterum
2181 3478 2244 3540 ei
2300 3482 2468 3555 sape
2518 3476 3025 3538 dissimillimum
3066 3475 3301 3553 reperi.

131 3578 527 3639 Accesserant
559 3578 751 3640 varia
781 3578 1089 3641 lectiones
1124 3598 1204 3641 ex
1235 3579 1530 3649 Richardi
1563 3579 1935 3641 Montacutii
1964 3578 2129 3639 libro
2159 3578 2530 3656 descripta,
2565 3592 2837 3655 quarum
2865 3575 3023 3637 mihi
3053 3573 3301 3653 copiam

131 3673 429 3754 aliquanto
472 3676 683 3738 serius
721 3674 872 3738 fecit
900 3678 977 3737 D.
1006 3676 1312 3737 Morellus
1344 3680 1710 3755 ὁημσιρίτης,
1749 3673 2098 3751 bibliopola
2139 3673 2384 3751 regius;
2412 3682 2703 3735 usucum
2729 3672 2798 3733 in
2816 3672 2961 3734 aliis
2990 3690 3120 3735 non
3140 3688 3297 3734 con-

134 3778 447 3838 temnenda
470 3821 486 3849 ,
522 3785 659 3838 tum
688 3777 757 3838 in
785 3775 1035 3838 lacunis
1063 3777 1449 3855 quibusdam
1473 3775 1810 3853 explendis
1842 3773 1977 3836 fere
2008 3777 2351 3853 pracipuo.
2394 3777 2632 3837 Verum
2658 3784 2882 3853 prater
2899 3788 3299 3835 communem

134 3870 291 3933 illam
318 3871 757 3953 interpretandi
785 3873 1139 3941 molestiam
1160 3891 1375 3954 ,qua,
1391 3873 1884 3951 sapientissimis
1914 3873 2286 3934 hominibus
2318 3880 2445 3933 tam
2474 3874 2685 3951 gravis
2724 3889 2977 3950 semper
2996 3887 3069 3931 ac
3089 3870 3302 3949 spissa

135 3971 255 4033 visa
279 3981 399 4047 est,
432 3992 618 4055 quam
636 3992 803 4053 sape
835 3976 1190 4037 necessaria
1214 3974 1545 4048 ;laborem
1572 3973 1841 4051 insuper
1864 4018 1883 4048 ,
1913 3981 1975 4034 et
2005 3972 2157 4034 huic
2198 3971 2569 4050 scriptionis
2598 3970 2817 4050 generi
2845 3970 3203 4048 preprium,
3235 3978 3304 4029 et

134 4069 309 4136 altero
333 4075 440 4137 illo
470 4076 576 4137 vix
607 4077 923 4137 minorem
968 4074 1405 4137 exhausimus.
1433 4076 1591 4137 Cum
1632 4074 1805 4136 enim
1836 4118 1853 4147 ,
1890 4080 1962 4135 ut
2001 4079 2146 4135 ante
2175 4071 2498 4144 diximus,
2526 4070 2769 4132 alienas
2798 4077 2931 4132 toto
2960 4070 3079 4133 hoc
3107 4086 3301 4147 Opere

136 4168 355 4250 linguas
376 4175 691 4236 Eusebius
719 4181 1047 4243 mutuetur
1066 4217 1086 4249 ,
1107 4190 1394 4253 quorum
1421 4174 1629 4238 adhuc
1655 4176 1935 4237 rivorum
1955 4171 2162 4239 fontes
2194 4172 2595 4245 haberemus,
2622 4169 2953 4233 adeundos
2981 4168 3299 4248 imprimis

135 4286 325 4335 omnes
350 4294 417 4338 ac
448 4278 737 4340 studiose
761 4276 1128 4346 lustrandos
1157 4276 1519 4353 putavimus
1552 4297 1570 4349 ;
1598 4292 1874 4355 quorum
1892 4282 2119 4346 autem
2148 4279 2569 4348 exaruerunt,
2601 4272 2828 4334 horum
2857 4280 3068 4333 tamen
3088 4315 3108 4345 ,
3142 4273 3289 4333 ubi-

137 4386 351 4451 cunque
378 4376 751 4439 subodorari
778 4375 1002 4449 licuit,
1031 4372 1164 4446 vel,
1182 4375 1562 4436 tenuissima
1624 4374 1893 4453 vestigia
1948 4374 2268 4453 persecuti
2315 4389 2564 4434 sumus.
2623 4373 2700 4432 Et
2736 4372 3029 4450 quamvis
3072 4370 3301 4431 aliena

137 4482 327 4531 manus
365 4491 483 4553 ope
510 4492 583 4537 ac
606 4475 923 4549 subsidio,
954 4474 1130 4554 quod
1163 4492 1306 4536 sese
1337 4482 1472 4535 tum
1500 4474 1671 4536 ultro
1693 4490 1972 4552 prasens
1995 4473 2387 4550 obviumque
2414 4471 2621 4544 dabat,
2647 4472 2741 4533 uti
2770 4471 3047 4543 licuerit,
3079 4467 3301 4529 studio

136 4575 310 4632 tamen
337 4583 663 4653 utcunque
694 4583 913 4637 nostra
942 4574 1406 4655 diligentiaque
1438 4574 1595 4649 niti,
1652 4592 1843 4657 quam
1888 4571 2231 4651 precariam
2274 4570 2427 4632 hinc
2470 4572 2624 4635 inde
2678 4573 2910 4651 stipem
2964 4587 3296 4649 corrogare

138 4668 459 4734 maluimus.
489 4674 764 4746 Partim,
796 4671 970 4751 quod
1000 4671 1355 4745 etdelicati
1414 4672 1607 4739 nimis
1630 4718 1649 4747 ,
1681 4679 1748 4733 et
1772 4686 1991 4749 parum
2039 4668 2327 4731 liberalis
2364 4670 2612 4753 ingenii
2652 4671 3008 4741 videretur,
3032 4668 3142 4729 ubi
3182 4686 3297 4748 per

139 4772 192 4831 te
217 4769 402 4849 ipsum
433 4780 676 4834 tentare
704 4758 952 4856 aliquid
982 4779 1046 4833 et
1073 4773 1595 4851 experiripossis
1621 4815 1641 4844 ,
1684 4770 1877 4831 alieni
1923 4767 2160 4830 laboris
2194 4768 2410 4835 fructu
2448 4773 2653 4835 otiose
2708 4768 2920 4846 pasci,
2963 4783 3036 4829 ac
3079 4765 3298 4830 facem

148 4863 281 4930 illam
310 4867 1047 4951 meudicorumiinitari,
1078 4875 1193 4953 qui
1222 4872 1435 4934 levius
1482 4878 1829 4950 egestatem
1875 4869 2093 4934 ferunt
2123 4889 2314 4952 quam
2356 4873 2693 4942 sudorem,
2741 4884 3034 4948 quosque
3088 4868 3299 4931 aliena

146 4981 388 5035 crumena
417 4974 635 5035 vivere
658 5017 676 5047 ,
703 4970 833 5034 non
852 4981 989 5035 tam
1023 4973 1425 5036 necessitatis
1454 4979 1594 5045 est,
1626 4988 1818 5051 quam
1850 4971 2237 5053 voluptatis;
2265 4974 2426 5035 adeo
2452 4970 2709 5050 publica
2740 4969 3131 5061 benignitate
3164 4987 3294 5031 non

145 5067 202 5128 Id
238 5074 672 5138 sublevandam
728 5076 1052 5155 inopiam,
1095 5076 1210 5139 sed
1256 5078 1336 5139 ad
1394 5075 1734 5140 fovendam
1793 5078 2089 5141 inertiam
2118 5079 2489 5140 abutuntur.
2530 5074 2805 5148 Partim,
2848 5090 2929 5136 ne
2975 5074 3032 5134 si
3062 5080 3296 5133 tantam

146 5169 467 5247 scriptorum
498 5175 869 5239 varietatem
892 5222 911 5252 ,
944 5178 1151 5240 nihilo
1181 5178 1393 5240 minor
1418 5180 1847 5257 interpretum
1886 5179 2226 5241 diversitas
2263 5175 2628 5253 exciperet,
2669 5191 2798 5237 non
2852 5172 3023 5234 fetus
3052 5170 3293 5249 aliquis

148 5265 284 5332 Vultu
306 5273 641 5355 coloreque
670 5292 833 5349 uno,
864 5277 979 5340 sed
1025 5276 1306 5340 deforme
1342 5283 1698 5345 monstrum
1733 5277 2113 5348 exsisteret,
2144 5271 2596 5335 dissimillimis
2621 5290 2701 5335 ex
2728 5270 3011 5351 partibus
3035 5267 3293 5328 formis-

148 5380 240 5446 quo
262 5368 603 5440 conﬂatum.
628 5377 849 5445 Utrum
880 5378 1053 5439 enim
1075 5423 1094 5453 ,
1126 5396 1211 5441 ex
1258 5378 1379 5440 hoc
1409 5385 1627 5440 nostro
1664 5379 1885 5449 cultu,
1919 5373 2225 5438 membris
2270 5391 2531 5454 quoque
2568 5374 2844 5451 singulis
2898 5370 2979 5431 ad
3016 5369 3296 5443 speciem

147 5469 338 5553 tliqnid
358 5492 426 5537 ac
454 5476 728 5539 nitorem
750 5483 1133 5555 accesserit,
1163 5484 1503 5564 aquitatis.
1525 5490 1624 5545 est
1655 5481 2139 5561 prudentiaque
2173 5484 2301 5538 tua
2321 5521 2340 5551 ,
2393 5480 2615 5539 Lector
2666 5473 2926 5553 Optime,
2971 5478 3249 5533 statuere
3272 5513 3291 5543 ,

149 5589 240 5638 Ion
267 5580 575 5654 modestia
596 5581 1005 5659 .pudorisque
1033 5583 1261 5645 nostri.

205 5682 386 5759 Porro,
419 5686 486 5746 in
514 5685 825 5746 libromm
845 5690 907 5744 et
923 5683 1202 5762 capitum
1224 5683 1542 5747 lemmatis
1564 5694 1755 5766 atque
1783 5682 2109 5747 indicibus
2129 5682 2549 5763 praligendis,
2568 5676 3076 5741 membranarum
3092 5675 3290 5739 facem

154 5774 472 5869 ductumque
497 5784 704 5849 secuti
722 5801 975 5860 sumus,
999 5784 1126 5848 nisi
1154 5775 1329 5867 quod
1348 5789 1633 5863 fidenter,
1654 5786 1798 5867 qua
1818 5788 1889 5851 in
1915 5785 2186 5848 alterum
2217 5784 2370 5847 vitia
2398 5797 2861 5860 nonnunquam
2880 5780 3287 5860 irrepserant,

155 5864 351 5950 alterius
369 5864 729 5972 integritate
748 5864 1197 5970 beneﬁcioque
1209 5876 1614 5984 sustulimus.
1637 5864 1713 5957 Et
1729 5891 2030 5975 quoniam
2050 5890 2297 5955 indices
2319 5888 2441 5964 illi,
2463 5902 2581 5951 nec
2597 5883 2769 5950 tituli
2800 5901 2931 5966 pra
2947 5900 3039 5961 se,
3060 5899 3177 5946 nec
3193 5897 3291 5943 ca-
