3980 6338
629 498 696 553 19
1290 490 1557 548 EUSEBII
1594 489 2065 546 CESARIENSIS
2108 488 2261 544 OPP.
2300 486 2482 542 PARS
2513 486 2575 542 ιι.
2606 518 2675 529 -
2706 483 3204 543 APOLOGETICA.
3781 491 3856 548 20

628 610 805 692 pitis,
834 625 949 671 nec
974 607 1150 670 aliud
1168 607 1487 687 ejusmodi
1512 622 1744 669 nomen
1764 604 2071 679 ferebant,
2090 603 2259 665 solas
2277 602 2360 663 iis
2378 601 2766 675 numerales,
2786 609 2856 664 ut
2887 612 3131 678 vocant,
3152 611 3332 666 notas
3353 604 3717 669 addidimus
3737 609 3857 691 (1).

629 716 932 791 Superest
950 719 1018 773 ut
1036 709 1115 772 de
1134 710 1302 773 notis
1318 727 1518 772 unum
1540 715 1646 771 aut
1664 708 1933 771 alterum
1950 722 2348 770 moneamus.
2365 707 2471 770 Em
2491 706 2725 783 triplici
2743 705 3398 786 potissimum‘genere
3415 708 3853 773 continentur.

628 816 756 876 Aut
788 813 983 884 enim,
1021 811 1229 872 sicubi
1264 828 1527 873 necesse
1556 817 1673 883 est,
1707 811 1938 873 Graecae
1981 807 2281 870 dictionis
2315 807 2440 869 vim
2469 823 2540 868 ac
2582 806 3033 886 proprietatem
3063 807 3452 886 expendunt,
3489 816 3594 870 aut
3645 810 3858 872 varias

630 891 915 974 locorum
943 912 1200 975 illorum
1223 929 1369 992 qum
1396 912 1475 974 ab
1506 911 1785 975 Eusebio
1821 911 2059 990 passim
2079 909 2463 982 afferuntur,
2497 909 2687 969 modo
2718 908 3045 980 lectiones,
3078 908 3267 971 modo
3295 910 3857 988 interpretationes

631 1014 986 1087 excutiunt,
1009 1016 1073 1074 in
1098 1030 1227 1096 quo
1246 1014 1374 1076 dici
1404 1014 1509 1074 vix
1536 1020 1765 1091 potest,
1799 1019 2109 1092 quantum
2133 1029 2211 1073 ex
2241 1018 2466 1073 mutua
2493 1010 2701 1101 Nostri
2764 1009 2959 1089 hujus
2988 1009 3392 1090 aliorumque
3436 1027 3651 1089 opera,
3680 1011 3855 1073 lucis

630 1114 698 1174 in
729 1118 951 1177 omnes
981 1116 1361 1194 fructusque
1387 1114 1783 1178 redundarit.
1806 1118 1935 1175 'Aut
1965 1113 2270 1191 denique,
2306 1115 2363 1175 si
2400 1113 2561 1194 quid
2592 1113 2669 1173 ad
2707 1112 2831 1175 loci
2853 1112 3131 1193 alicujus
3154 1113 3651 1193 intelligentiam
3695 1134 3855 1194 per-

630 1218 862 1295 stringi
913 1222 1152 1295 potius,
1185 1235 1375 1296 quam
1412 1216 1715 1295 explicari
1742 1213 1972 1294 potuit,
2006 1212 2285 1275 breviter
2311 1214 2686 1294 expediunt.
2717 1214 2874 1287 Quae
2908 1213 3008 1276 vel
3040 1225 3401 1278 sanctorum
3419 1217 3856 1278 Patrumillu-

629 1318 961 1391 stratione,
1004 1318 1103 1379 vel
1135 1318 1421 1379 uberiori
1453 1316 1830 1379 tractatione
1889 1317 2086 1395 digna
2138 1314 2543 1388 videbantur,
2604 1330 2677 1375 ea
2705 1314 2893 1374 certis
2952 1314 3855 1396 Observationumcapitibus

629 1423 1086 1502 comprehensa
1118 1422 1267 1485 dare
1299 1429 1676 1496 statueram;
1708 1408 1817 1483 sed
1850 1421 2154 1501 quoniam
2176 1419 2303 1483 alio
2334 1437 2434 1481 me
2464 1418 2721 1481 interim
2751 1426 3063 1523 suspeptm
3092 1418 3237 1481 vitm
3264 1422 3542 1482 rationes
3597 1429 3852 1495 vocant,

628 1524 1053 1605 atl‘ectumque
1090 1543 1252 1605 Opus
1279 1526 1515 1588 ducere
1547 1524 1843 1587 nonnihil
1874 1543 1945 1587 ac
1968 1523 2248 1605 proferre
2272 1522 2639 1603 cogunt,uti
2663 1522 2795 1601 jam
2814 1540 2943 1585 non
2985 1523 3182 1585 semel
3206 1524 3501 1603 gravibus
3520 1525 3856 1605 justisque

629 1624 709 1687 de
739 1628 972 1701 causis,
1013 1636 1072 1689 et
1104 1627 1669 1707 interpretationis,
1701 1636 1760 1690 et
1790 1628 2002 1707 ipsius
2026 1627 2330 1691 editionis
2370 1642 2629 1691 cursum
2666 1626 3111 1701 inhibuerunt,
3136 1626 3296 1689 hanc
3339 1628 3491 1691 mihi
3554 1628 3707 1691 dare
3738 1646 3855 1690 ve-

629 1726 800 1787 niam
832 1726 1240 1791 humanitatis
1269 1738 1365 1791 est
1392 1739 1536 1805 tum,
1560 1738 1629 1792 ut
1658 1729 2152 1810 bibliopolarum
2182 1736 2541 1791 nostrorum
2564 1728 2744 1799 ﬁdes,
2765 1727 3144 1806 exterisjam
3174 1727 3526 1805 provinciis
3548 1727 3857 1805 obligata,

628 1824 770 1888 sine
800 1824 918 1889 hoc
937 1827 1120 1906 justi,
1153 1830 1219 1890 ni
1256 1829 1463 1906 fallor,
1497 1832 1709 1909 Operis
1741 1832 2044 1905 auctario,
2071 1831 2148 1893 ad
2174 1838 2423 1907 tempus
2454 1827 2709 1889 liberari
2738 1828 2966 1906 possit.
2999 1829 3088 1889 Ne
3114 1835 3322 1888 tamen
3360 1827 3501 1905 ipso
3530 1828 3747 1888 statim
3783 1826 3854 1889 in

631 1927 850 1991 limine
887 1929 1174 1995 dubitare
1205 1940 1266 1995 te
1300 1934 1518 2012 patiar,
1554 1934 2165 2001 cuinam.Theodoto
2205 1932 2737 2012 Praeparationem
2758 1932 2918 1995 hanc
2950 1948 3131 1994 suam
3157 1931 3476 1994 Eusebius
3497 1931 3855 2009 inscripse-

627 2023 732 2099 rit,
768 2024 938 2089 hunc
966 2046 1086 2107 ego
1117 2047 1244 2093 non
1273 2032 1471 2094 alium
1497 2019 1786 2106 arbitror,
1816 2051 2004 2117 quam
2038 2034 2467 2096 Laodicenum
2496 2033 2890 2111 episcOpum,
2922 2032 3060 2111 qui,
3087 2031 3385 2095 Marcello
3408 2049 3660 2094 summo
3689 2048 3859 2111 pon-

629 2124 814 2200 tiﬁce,
848 2126 969 2187 sub
989 2143 1229 2191 annum
1255 2131 1649 2193 Constantini
1679 2133 1893 2209 Magni
1921 2133 2201 2207 tertium,
2229 2131 2546 2210 Stephano
2575 2132 2644 2192 in
2676 2131 3047 2210 episcOpatu
3076 2132 3410 2207 successit,
3445 2132 3695 2193 Arianm
3734 2132 3857 2193 im-

621 2220 880 2315 pietatis
901 2228 1213 2293 fautorem
1241 2235 1642 2310 acerrimum,
1660 2236 1871 2314 quode
1902 2236 2211 2317 legendus
2234 2239 2459 2298 Noster
2484 2234 2723 2298 Ecclcs.
2739 2237 2985 2299 Hister.
3009 2252 3119 2311 vn,
3143 2254 3277 2316 cap.
3304 2236 3448 2312 ult.,
3475 2242 3537 2299 et
3555 2236 3859 2299 Theodo-

629 2336 804 2391 retus
821 2331 1033 2416 ejusd.
1061 2336 1309 2399 Histor.
1342 2337 1458 2401 lib.
1492 2358 1536 2413 ι,
1564 2357 1699 2419 cap.
1726 2341 1785 2402 5.

712 2429 807 2491 Ad
824 2439 1519 2518 extremum,quoniam
1554 2439 1847 2513 homines
1878 2457 2129 2517 sumus,
2169 2457 2287 2503 nec
2306 2439 2570 2502 humani
2604 2440 2959 2520 quidquam
3007 2457 3046 2502 a
3072 2440 3257 2502 nobis
3290 2437 3575 2501 alienum
3610 2438 3852 2502 existi-

629 2552 801 2599 mare
833 2537 1163 2616 debemus,
1206 2543 1319 2622 qui
1351 2544 1537 2608 nobis
1567 2562 1814 2608 errores
1843 2547 2220 2621 exciderint,
2252 2562 2363 2608 eos
2396 2546 2506 2607 abs
2540 2554 2599 2607 te
2624 2563 2748 2609 non
2787 2545 2914 2608 alia
2958 2563 3147 2626 quam
3189 2546 3467 2607 hominis
3514 2552 3574 2607 et
3632 2544 3855 2607 Chris-

629 2634 786 2695 tiani
814 2634 1092 2700 hominis
1111 2658 1381 2705 censura
1409 2643 1704 2723 castigari
1735 2643 1949 2719 velim,
1982 2661 2100 2705 nec
2128 2651 2273 2705 ante
2295 2644 2521 2706 saltem
2538 2643 2793 2722 gravius
2816 2642 3177 2721 duriusque
3207 2642 3459 2723 conﬁgi,
3508 2659 3699 2723 quam
3738 2651 3855 2710 aut

628 2742 983 2798 erratorum
1009 2737 1076 2800 in
1105 2736 1370 2806 classem
1402 2744 1692 2824 rejectos,
1727 2752 1837 2807 aut
1866 2744 1934 2806 in
1966 2743 2136 2807 notis
2164 2744 2326 2823 ipsis
2352 2744 2666 2807 indicatos
2696 2759 2825 2806 non
2844 2760 2987 2807 esse
3018 2743 3420 2824 cognoveris.

699 2948 776 3019 (1)
808 2946 916 3004 Nos
952 2951 1011 3007 in
1030 2952 1265 3022 capitula
1293 2956 1659 3016 distinximus.
1697 2957 1855 3013 Εωτ.
1890 2958 2059 3017 Ρλτι,
