3980 6338
640 331 709 385 23
1286 322 1554 380 EUSEBII
1591 322 2064 381 CESABIENSIS
2095 323 2153 381 0]

2284 325 2466 382 PARS
2498 326 2560 380 11.
2589 356 2659 373 ν-
2692 326 3185 384 ΑροιοςετιοΑ.

2208 450 2255 505 Α
2816 443 3206 498 ΚΕΦΑΛΔΙΟΝ
3241 446 3318 499 A'.

1211 441 1253 507 ι
1288 438 1513 494 CAPUT
1548 439 1588 493 ι.

699 527 842 594 Quid
883 530 1017 583 illud
1047 532 1146 598 sit,
1186 531 1324 601 quod
1362 532 1669 601 evangelica
1708 534 1943 587 materia
1972 535 2110 587 ratio

1258 602 1553 669 pollicetur.

692 689 961 758 Cogitanti
1008 690 1135 744 mihi
1165 691 1487 746 Christiana:
1535 692 1812 762 religionis
1848 694 2177 761 institutum,

622 781 726 834 hoc
766 796 953 850 opere,
1007 782 1150 849 quod
1190 782 1432 835 veritatis
1482 784 1805 852 evangelicae
1841 786 2181 850 demonstra-

620 870 818 923 tionem
896 871 1197 941 pollicetur,
1268 872 1409 927 illius
1461 873 1676 943 ignaros
1725 876 1981 941 edocere;
2037 874 2177 929 idem

587 960 738 1026 :tihi,
772 963 863 1031 qui
905 979 1119 1017 sacrum
1170 965 1546 1033 episcoporum
1580 966 1745 1020 decus
1790 976 1844 1020 et
1887 980 2179 1021 ornamen-

616 1064 730 1107 tum
763 1070 841 1117 es,
877 1053 1156 1109 Thcodote
1194 1057 1538 1111 sanctissime
1565 1056 1782 1125 Deoque
1829 1057 2173 1120 cbarissime,

614 1145 887 1213 adjunctis
933 1147 1095 1200 etiam
1161 1150 1410 1218 precibus
1461 1163 1780 1201 consecrare
1838 1148 2016 1201 visum
2068 1156 2170 1200 est.

614 1237 730 1303 Qua
761 1239 974 1306 quidem
1019 1239 1070 1291 in
1112 1256 1169 1292 re
1194 1240 1295 1294 hoc
1329 1248 1557 1297 secutus,
1580 1254 1724 1303 sum,
1756 1247 1817 1291 ut
1847 1240 1966 1307 Opis
1995 1238 2092 1291 abs
2123 1244 2175 1292 te
2207 1238 2211 1241 ’

612 1330 811 1397 aliquid
856 1330 1221 1399 impetrarem,
1278 1332 1474 1399 quippe
1503 1332 1597 1400 qui
1622 1330 1903 1383 sacriﬁciis
1946 1329 2053 1382 tuis
2090 1328 2174 1383 di-

609 1421 735 1475 vino
767 1438 951 1475 amore
983 1423 1260 1476 succensis
1288 1423 1389 1475 hoc
1416 1423 1513 1476 abs
1554 1438 1637 1476 mc
1672 1430 1981 1491 susceptum
2010 1437 2172 1475 evan-

611 1511 795 1580 gelicae
837 1512 1095 1564 doctrina:
1151 1520 1525 1579 argumentum
1571 1525 1913 1579 summopere
1952 1524 2173 1579 promo-

608 1604 776 1657 vebis.
808 1603 909 1657 Sed
932 1603 1096 1668 enim,
1124 1604 1250 1672 quid
1276 1604 1326 1673 2
1354 1604 1483 1657 illud
1516 1604 1618 1658 sibi
1653 1604 1797 1666 velit,
1830 1602 1974 1672 quod
1996 1602 2171 1655 Evan-

606 1695 801 1763 gelium
844 1695 1196 1763 appellamus,
1229 1696 1511 1766 diligenter
1560 1694 1827 1765 imprimis
1883 1693 2169 1748 enucleare

3770 331 3845 385 24

2354 534 2449 599 Τίς
2477 535 2515 602 ἡ
2540 533 2650 603 τῆς
2675 533 3065 604 won-clari:
3083 534 3422 601 ὑποθέσεως
3440 534 3786 605 ἐπαγ-τηλία.

2353 691 2457 745 Τὸν
2490 689 2948 761 Χριστιανισμὸν,
2998 693 3029 745 δ
3073 689 3128 743 τί
3172 691 3301 744 ποτὲ
3335 692 3511 755 ἐστιν,
3542 693 3846 763 ἡγούμενος

2278 786 2390 846 τοῖς
2424 785 2523 837 οὐκ
2562 783 2724 850 εἰδόσι
2760 781 3211 854 παραστήσασθαι
3237 781 3324 835 διὰ
3350 782 3449 851 τῆς
3474 783 3845 855 προκειμένης

2279 873 2656 943 πραγματείας
2702 872 2801 943 τὴν
2847 872 3199 945 εὐαγγελικὴν
3252 874 3520 947 ἀπόδειξιν
3566 872 3842 945 περιέξειν

2279 964 2785 1035 ἐπαγγελλομένης,
2821 966 2978 1036 τήνδε
3036 982 3154 1032 σοι,
3204 966 3344 1019 θεῖον
3392 950 3701 1020 ἐπισκόπων
3734 967 3840 1039 (1')

2282 1057 2486 1126 χρῆμα,
2521 1056 2895 1126 Θεόδοτε,φίλη
2919 1056 3053 1111 Θεοῦ
3088 1058 3179 1111 καὶ
3210 1058 3327 1128 ἱερά
3354 1058 3581 1130 κεφαλὴ,
3613 1062 3710 1112 σὺν
3743 1059 3839 1112 εὐ-

2278 1150 2398 1217 χαῖς
2426 1146 2783 1218 ἐπεφώνησα·
2824 1148 2877 1201 εί
2901 1165 3016 1212 πως
3043 1148 3151 1219 ἄρα
3180 1151 3278 1219 τῆς
3309 1152 3457 1221 παρὰ
3491 1152 3582 1204 σοῦ
3615 1151 3841 1222 τύχοιμι

2276 1238 2556 1310 βοηθείας,
2591 1241 2708 1302 ταῖς
2755 1237 3018 1313 φιληθέοις
3056 1240 3195 1311 ὑπὲρ
3225 1241 3379 1311 ἡμῶν
3412 1243 3742 1313 ἱερουργίαις
3770 1242 3840 1295 τὰ

2276 1329 2487 1400 μεγάλα
2517 1348 2610 1400 μοι
2641 1332 3098 1403 συμπράττοντος,
3137 1335 3216 1395 εἰς
3248 1333 3343 1402 τὴν
3384 1334 3838 1403 προϐεϐλημένην

2270 1422 2368 1491 τῆς
2398 1421 2753 1491 εὐαγγελικῆς
2783 1423 3127 1486 διδασκαλίας
3154 1424 3426 1478 ὑπόθεσιν.
3458 1425 3613 1479 Ἀλλὰ
3638 1428 3752 1498 γὰρ
3784 1426 3838 1480 τί

2274 1510 2517 1581 βούλεται
2549 1512 2705 1565 τοῦτο
2737 1513 2948 1582 δηλοῦν,
2973 1515 3001 1567 ὅ
3037 1530 3214 1583 φαμεν
3240 1514 3595 1582 Εὑαςίγέλιον,
3617 1516 3840 1589 πρῶτον

2272 1605 2524 1657 ἁπάντων
2549 1605 2877 1676 διαρθρῶσαι
2904 1606 3085 1659 καλόν.
3117 1605 3284 1658 Τοῦτο
3318 1606 3381 1677 δὴ
3424 1607 3589 1659 πᾶσιν
3619 1607 3835 1679 ἀνθρώ-

2271 1712 2394 1759 ποις
2435 1698 2533 1767 τὴν
2586 1698 2884 1767 παρουσίαν
2931 1697 3039 1749 τῶν
3083 1696 3368 1750 ἀνωτάτων
3412 1698 3503 1751 καὶ
3559 1697 3837 1768 μεγίστων

601 1786 769 1851 juvat.
807 1783 898 1839 Est
929 1786 1091 1854 igitur
1123 1784 1503 1854 Evangelium,
1528 1784 1673 1854 quod
1716 1783 1952 1838 faustam
2010 1782 2153 1838 caele

2271 1785 2525 1853 ἀγαθῶν,
2552 1786 2715 1839 πάλαι
2748 1786 2847 1857 μὲν
2876 1787 3378 1867 προηγορευμένων,
3410 1790 3601 1840 νεωστὶ
3626 1788 3685 1845 δὲ
3718 1790 3835 1863 τοῖς

604 1875 765 1928 stium
826 1878 1303 1945 maximorumque
1352 1877 1620 1930 bonorum
1676 1874 2017 1945 praesentiam
2061 1875 2166 1929 bu-

2270 1876 2434 1928 πᾶσιν
2475 1874 2895 1946 ἐπιλαμψάντων
2932 1861 3370 1944 εὐαγγελίζεται·
3401 1878 3461 1929 οὐ
3493 1877 3583 1930 τὸν
3615 1878 3675 1929 οὐ
3712 1860 3834 1946 βλέ-

604 1968 745 2019 maui
809 1967 1021 2036 generis
1082 1968 1416 2023 universitati
1486 1969 1807 2033 annuntiat;
1865 1982 1985 2035 qua:
2040 1981 2153 2020 cum

2268 1982 2436 2018 ποντα
2486 1966 2749 2029 πλοῦτον,
2810 1966 2927 2019 οὐδὲ
2973 1967 3072 2037 τὴν
3116 1966 3351 2038 σμικρὰν
3397 1966 3490 2020 καὶ
3543 1966 3831 2037 πολυπαθῆ

603 2056 851 2122 praedicta
898 2056 1009 2124 jam
1060 2055 1187 2109 olim
1235 2056 1503 2122 fuissent,
1546 2066 1659 2110 tum
1699 2070 1824 2111 vero
1869 2055 2153 2109 novissime

2269 2056 2472 2127 ταύτην
2502 2056 2647 2127 ζωὴν
2700 2056 3013 2128 προξενοῦν,
3043 2057 3150 2110 οὐδ’
3178 2059 3277 2110 ὅσα
3302 2055 3550 2128 σώματος
3571 2057 3664 2109 καὶ
3694 2056 3831 2123 φθο-

598 2146 848 2200 omnibus
877 2147 1183 2200 illuxerunt.
1215 2145 1345 2199 Illud
1373 2162 1535 2217 porro
1557 2163 1655 2201 nec
1686 2162 1950 2201 czecarum
1974 2160 2153 2215 opum,

2272 2148 2369 2217 ρᾶς
2396 2150 2568 2199 οἰκεία
2586 2164 2599 2176 ·
2631 2147 2696 2200 τὰ
2732 2148 2790 2200 δὲ
2820 2147 3015 2217 ψυχαῖς
3038 2148 3227 2218 νοεράν
3253 2148 3435 2209 οὐσίαν
3464 2148 3831 2217 κεκτημέναις

598 2252 697 2290 nec
739 2237 859 2291 vitae
903 2238 1063 2304 hujus
1103 2238 1433 2292 brevissima:
1484 2254 1546 2293 ac
1584 2240 1904 2295 miserrimae
1950 2239 2153 2309 copiam

2263 2240 2390 2308 φίλα
2413 2256 2473 2292 τε
2503 2240 2595 2293 καὶ
2626 2241 2965 2311 προσήγορα,
3001 2233 3075 2294 ὧν
3102 2242 3194 2294 καὶ
3222 2241 3289 2293 τὰ
3319 2242 3544 2310 σώματα
3569 2240 3827 2309 ἐξῆπται,

596 2327 744 2391 facit,
779 2344 878 2381 nec
915 2329 1077 2383 ullius
1115 2330 1337 2384 omnino
1372 2330 1447 2383 rei
1490 2346 1612 2399 qua:
1650 2346 1774 2384 cum
1821 2344 2047 2399 corpore
2092 2331 2153 2385 sil

2263 2332 2426 2390 σκιᾶς
2447 2332 2758 2401 ἰφεπόμενα
2793 2331 2968 2402 δίκην.
3009 2331 3109 2400 Εῖη
3140 2320 3184 2383 δ³
3229 2330 3293 2384 ἂν
3333 2331 3536 2383 τούτων
3567 2331 3626 2383 τὸ
3656 2330 3830 2397 nega-

592 2429 648 2472 et
674 2420 1020 2489 corruptione
1053 2420 1376 2488 conjuncta;
1412 2421 1502 2474 sed
1537 2436 1723 2474 earum
1754 2420 2021 2479 duntaxat
2042 2436 2163 2489 qua

593 2525 720 2564 cum
751 2511 947 2564 animis
994 2510 1325 2579 intelligente
1364 2520 1556 2563 natura
1583 2510 1823 2580 prazditis
1860 2514 2159 2566 necessitu-

593 2603 775 2656 dinem
824 2617 886 2655 ac
932 2603 1246 2657 societatem
1297 2604 1499 2669 iniere;
1551 2618 1582 2657 a
1634 2604 1833 2672 quibus
1891 2619 1990 2671 ea,
2038 2619 2161 2673 qua:

593 2696 837 2764 corporis
887 2695 1102 2764 propria
1153 2705 1300 2761 sunt,
1345 2696 1415 2747 ita
1465 2696 1716 2764 pendent,
1757 2704 1823 2749 ut
1854 2711 1946 2750 eas
1989 2697 2154 2751 etiam

594 2790 766 2841 instar
808 2788 1015 2842 umbrae
1053 2798 1475 2857 consequantur.
1517 2787 1694 2859 Caput
1732 2797 1912 2843 autem
1961 2789 2153 2843 horum

590 2879 832 2934 omnium
879 2880 1053 2948 pietas
1095 2889 1215 2942 est,
1268 2896 1374 2934 non
1424 2880 1535 2950 jam
1600 2882 1742 2947 ista,
1787 2898 1909 2951 qua:
1956 2897 2154 2937 nomen

590 2970 850 3024 ementita
891 2986 1049 3024 suum
1092 2970 1317 3026 inﬁnitis
1364 2973 1641 3026 erroribus
1690 2973 2017 3041 implicatur,
2061 2974 2153 3027 sed

589 3058 877 3129 ejusmodi,
912 3076 1035 3129 qua:
1061 3063 1199 3115 hanc
1230 3062 1332 3115 sibi
1366 3062 1782 3130 appellationem
1825 3061 2153 3134 suffragante

2260 2420 2409 2474 λαιον
2430 2460 2444 2485 ,
2470 2421 2719 2473 εὐσέϐεια
2738 2459 2752 2483 ,
2782 2420 2877 2490 οὑχ
2904 2422 2937 2491 ἡ
2961 2419 3304 2490 ψευδώνυμος
3332 2422 3423 2474 καὶ
3457 2422 3825 2491 πολυπλανὴς,

2260 2512 2385 2562 ἀλλ’.
2408 2513 2440 2581 ὴ
2467 2512 2562 2564 σὺν
2605 2512 2831 2582 ἀληθείᾳ
2862 2513 2961 2584 τὴν
2996 2514 3363 2583 προσηγορίαν
3390 2514 3822 2585 ἐπιγραφομένη.

2264 2602 2417 2654 Ἐστι
2446 2601 2501 2654 δὲ
2536 2601 2672 2673 αὕτη
2702 2605 2734 2673 ἡ
2768 2604 2905 2674 πρὸς
2934 2603 3025 2657 τὸν
3053 2603 3151 2657 ἕνα
3194 2606 3286 2657 καὶ
3317 2605 3473 2674 μόνον
3505 2606 3578 2667 ὡς
3606 2605 3827 2675 ἀληθῶς

2258 2692 2684 2764 ὁμολογούμενόν
2724 2712 2782 2747 τε
2822 2697 2917 2748 καὶ
2946 2694 3074 2748 δντα
3118 2695 3247 2747 Θεὸν
3292 2695 3609 2760 ἀνάνευσις,
3659 2697 3756 2749 καὶ⁸
3788 2696 3824 2767 ἡ

2258 2784 2396 2836 κατὰ
2421 2783 2609 2838 τοῦτον
2638 2784 2773 2857 ζωή.
2811 2785 2900 2850 Ἐξ
2928 2781 2994 2858 ἦς
3016 2787 3108 2840 καὶ
3136 2789 3169 2857 ή
3206 2787 3341 2857 πρὸς
3367 2787 3525 2839 αὐτὸν
3548 2786 3823 2855 ἐγγίνεται

2257 2875 2427 2945 φιλία,
2518 2876 2823 2948 παρέπεται
2855 2877 2916 2929 τὸ
2945 2877 3186 2946 θεοφιλὲς
3210 2878 3377 2940 ὅντως
3406 2877 3499 2929 καὶ
3520 2878 3823 2947 τρισμακάρ

2260 2985 2370 3041 ριον
2404 2968 2573 3033 τέλος,
2600 2969 2802 3021 ἀνωθεν
2828 2972 2892 3022 ἐκ
2918 2969 3025 3021 τῶν
3056 2969 3373 3040 κρειττόνων
3397 2971 3625 3041 ἀπῃωρη
3636 2971 3817 3040 μένον,

2256 3062 2349 3113 καὶ
2383 3060 2518 3131 πρὸς
2561 3060 2698 3113 αὑτά
2740 3060 3272 3135 διακυϐερνῴμενον,
3314 3064 3407 3115 καὶ
3452 3059 3517 3116 αὖ
3553 3063 3712 3116 πάλιν
3738 3064 3820 3125 είς

590 3127 818 3207 veritate
864 3127 1121 3207 defendit.
1176 3150 1301 3208 Hch
1354 3127 1453 3207 illa
1482 3162 1565 3207 est
1615 3169 1735 3224 quae
1787 3169 1913 3210 cum
1956 3127 2153 3214 sensus

2257 3151 2391 3205 αὐτά
2419 3127 2744 3220 καταλῆγον.
2775 3150 2839 3202 Τί
2868 3127 3292 3220 οὖν-ἄν’γένοιτο
3328 3154 3427 3224 τῆς
3450 3152 3661 3222 ἀγαθῆς
3685 3150 3818 3205 ταύ-

586 3252 805 3300 uostros
848 3245 913 3299 ad
945 3260 1091 3311 eum,
1140 3260 1301 3314 quem
1350 3261 1516 3299 unum
1565 3261 1629 3301 ac
1686 3247 1885 3313 solum,
1920 3248 1997 3301 uti
2028 3263 2153 3302 vere

587 3346 706 3403 est,
755 3338 938 3393 omnia
982 3337 1148 3393 Deum
1200 3339 1545 3403 conﬁtentur,
1608 3341 1798 3410 erigit;
1874 3350 1986 3393 tum
2030 3342 2153 3393 vitae

590 3437 793 3487 nostra:
833 3430 1072 3485 rationes
1119 3446 1185 3484 ex
1233 3430 1403 3499 ipsius
1455 3446 1673 3499 quoque
1715 3431 2003 3488 veiixntate.
2032 3445 2151 3491 mo-

587 3519 835 3581 deratur,
882 3518 960 3579 Ex
1001 3520 1103 3575 hoc
1145 3530 1321 3574 autem
1368 3522 1493 3575 vine
1532 3537 1726 3590 genere
1770 3522 2012 3576 nascitur
2050 3522 2150 3577 ho-

586 3611 751 3668 minis
788 3625 911 3664 cum
938 3608 1047 3672 Deo
1078 3611 1338 3676 amicitia,
1384 3613 1475 3672 cui
1514 3621 1596 3666 ter
1634 3612 1724 3668 ille
1757 3611 1904 3678 felix,
1934 3623 1989 3669 et
2033 3614 2147 3668 sin-

585 3703 758 3772 gulari
780 3702 874 3757 Dei
904 3700 1274 3759 benevolentia
1311 3705 1640 3761 constitutus
1675 3706 1797 3760 linis
1832 3708 2144 3775 comitatur,

584 3796 678 3865 qui
721 3812 843 3851 cum
892 3796 1104 3852 caelitus
1158 3813 1223 3851 ex
1267 3813 1449 3851 rerum
1494 3789 1884 3852 immortalium
1938 3813 2143 3852 conne-

583 3886 742 3942 xione
774 3897 932 3957 aptus
971 3897 1087 3954 est,
1134 3902 1245 3942 tum
1287 3890 1353 3943 ad
1398 3904 1585 3943 earum
1631 3892 1935 3959 exemplum
1970 3905 2035 3945 ac
2072 3889 2148 3944 si-

585 3978 944 4033 militudinem
971 3981 1195 4049 regitur,
1227 3991 1387 4050 atque
1420 3983 1471 4035 in
1500 3983 1567 4036 iis
1599 3992 1899 4052 prostremo
1926 3982 2145 4052 acquie-

582 4068 706 4124 scit.
739 4069 877 4133 Quid
921 4086 1051 4123 vero
1089 4069 1231 4142 felici
1270 4073 1372 4126 hac
1410 4082 1465 4126 et
1498 4074 1700 4127 divitiis
1749 4075 2003 4129 omnibus
2036 4074 2145 4129 cir-

579 4162 908 4225 cumlluente
958 4162 1070 4235 Dei.
1104 4164 1341 4219 amicitia
1399 4165 1609 4219 beatius
1666 4167 1893 4235 cogitari
1939 4167 2143 4236 possit?

579 4251 697 4308 Non
733 4254 820 4309 ille
848 4255 987 4321 vitae,
1020 4256 1179 4321 lucis,
1208 4256 1468 4319 veritatis,
1498 4255 1871 4325 bonorumque
1896 4260 2140 4313 omnium

578 4356 819 4417 quaestor:
842 4350 1005 4403 veluti
1036 4365 1100 4404 ac
1124 4349 1465 4418 dispensator
1494 4350 1615 4403 est?
1644 4347 1760 4403 Non
1789 4350 2140 4419 quamobrem

2251 3257 2351 3310 της
2395 3242 2488 3295 καὶ
2531 3241 2815 3295 πανολϐίου
2844 3242 3115 3313 θεοφιλίας
3150 3245 3634 3316 μακαριστότερον;
3678 3242 3819 3314 Οὐχὶ

2252 3331 2345 3383 καὶ
2375 3330 2518 3401 ζωῆς
2549 3331 2709 3395 αὐτὸς
2728 3372 2742 3396 ,
2773 3332 2866 3385 καὶ
2897 3333 3069 3402 φωτὸς
3087 3374 3100 3398 ,
3126 3334 3217 3386 καὶ
3249 3335 3522 3405 ἀληθείας,
3554 3334 3647 3387 καὶ
3674 3334 3815 3387 πάν-

2250 3438 2369 3498 των,
2389 3423 2607 3491 ἀγαθῶν
2632 3425 2832 3494 ταμίας
2869 3426 2961 3478 καὶ
2990 3428 3220 3497 χορηγὸς
3246 3430 3357 3489 τοῖς
3387 3428 3518 3478 πᾶσι
3547 3424 3816 3497 καθέστη-

2250 3531 2376 3581 κενς
2403 3515 2535 3585 Οὐχὶ
2562 3517 2655 3570 καὶ
2693 3517 2785 3569 τοῦ
2808 3512 2944 3571 εἶναι
2972 3519 3040 3571 τὰ
3071 3519 3263 3581 πάντα,
3293 3518 3386 3570 καὶ
3410 3516 3500 3569 τοῦ
3527 3517 3629 3587 ζῇν
3648 3516 3811 3579 αὐτὸς

2246 3606 2345 3678 τὴν
2387 3609 2572 3661 αίτίαν
2605 3610 2954 3682 περιείληφε;
3001 3609 3091 3680 Τῷ
3122 3609 3185 3677 δὴ
3227 3604 3319 3661 οὖν
3346 3608 3444 3679 τὴν
3470 3608 3607 3677 πρὸς
3646 3606 3810 3660 αὐτὸν

2248 3700 2580 3772 στειλαμένῳ
2616 3703 2793 3771 φιλίαν
2836 3704 2889 3755 τί
2935 3704 3001 3756 ἂν
3049 3702 3130 3755 ἔτι
3158 3700 3432 3764 λείποιτο;
3461 3699 3603 3763 τίνος
3649 3698 3694 3751 δ’
3740 3697 3808 3753 ἂν

2247 3796 2525 3867 ὕστεροῖτο
2598 3798 2628 3849 ὁ
2693 3797 2801 3849 τῶν
2864 3795 3080 3865 ἀγαθῶν
3145 3794 3235 3848 τὸν
3290 3794 3610 3866 δημιουργὸν
3671 3791 3809 3856 ἐξοι-

2245 3886 2587 3955 κειούμενος;
2636 3885 2670 3955 ἢ
2716 3886 2861 3948 τίνος
2919 3885 2985 3938 ἀν
3036 3884 3299 3954 ἐλαττῷτο
3365 3886 3392 3935 ὁ
3441 3884 3533 3936 καὶ
3604 3882 3809 3955 πατρὸς

2244 3979 2303 4031 ἐν
2341 3977 2496 4049 χώρᾳ
2536 3977 2628 4029 καὶ⁵
2674 3978 2967 4047 κηδεμόνος
3006 3978 3095 4030 τὸν
3145 3978 3318 4047 μέγαν
3364 3975 3669 4047 προστάτην
3711 3975 3808 4029 καὶ

2245 4068 2593 4140 παμϐασιλέα
2650 4068 2757 4121 τῶν
2804 4068 2939 4121 ὅλων
3011 4068 3474 4139 ἐπιγραφόμενοςς
3528 4066 3664 4119 Ἀλλ’
3704 4066 3806 4122 οὐκ

2243 4159 2389 4213 ἐστιν
2420 4162 2613 4223 είπεῖν,
2644 4160 2671 4213 ὃ
2698 4178 2746 4211 τι
2790 4158 2864 4230 μὴ
2904 4160 3001 4230 οὐχ
3031 4160 3059 4211 ὁ
3087 4162 3152 4230 τῇ
3185 4157 3419 4211 διαθέσει
3468 4156 3544 4228 τῷ
3586 4156 3806 4227 παμϐα-

2244 4254 2379 4307 σιλεί
2420 4252 2541 4323 Θεῷ
2583 4250 2927 4325 πλησιάζων,
2960 4253 3053 4306 καὶ¹
3090 4252 3186 4323 τῆς
3225 4250 3677 4323 παμμακαρίστου
3716 4264 3803 4320 φι-

2242 4345 2358 4409 λίας
2403 4345 2491 4399 διὰ
2541 4345 2640 4415 τῆς
2681 4343 3105 4415 ἐπιπημονικῆς
3145 4341 3420 4407 εὐσεϐείας
3465 4342 3800 4414 ἠξιωμένος,

579 4442 761 4496 omnia
788 4443 896 4497 sint
929 4452 1093 4512 atque
1123 4442 1340 4505 vivant,
1400 4456 1623 4496 causam
1659 4442 1713 4495 in
1748 4458 1807 4496 se
1846 4442 1961 4511 ipse
1990 4457 2139 4496 com-

2257 4433 2375 4504 iuob'
2409 4434 2503 4486 καὶ
2542 4433 2716 4503 ψυχῆς
2748 4434 2841 4486 καὶ
2875 4433 3151 4503 σώματος,
3182 4432 3407 4486 καὶτῶν
3440 4433 3595 4494 ἐκτὸς
3630 4432 3802 4487 ἀπάν-

578 4532 870 4602 plectitur?
916 4531 1021 4599 Qui
1072 4547 1201 4602 ergo
1248 4531 1416 4586 semel
1459 4531 1655 4585 divinae
1694 4531 1856 4601 hujus
1886 4532 2141 4586 amicitiae

2257 4542 2349 4577 των
2383 4520 2441 4576 εὖ
2483 4524 2548 4577 ἂν
2590 4524 2719 4594 ἔχοι.
2761 4522 2974 4594 Ταύτην
3020 4522 3082 4593 δὴ
3110 4524 3288 4585 τοίνυν
3327 4523 3423 4595 τὴν
3456 4523 3664 4595 ἀγαθὴν
3707 4523 3801 4577 καὶ

577 4638 802 4679 munere
831 4635 1055 4684 ornatus
1083 4624 1173 4689 sit,
1204 4624 1333 4694 quid
1365 4624 1575 4677 tandem
1605 4623 1652 4677 is
1683 4623 1821 4676 ultra
1845 4624 2141 4685 desideret?

576 4711 754 4781 Quid,
796 4712 1016 4782 inquam
1044 4754 1059 4779 ,
1098 4714 1146 4768 ei
1189 4714 1364 4781 desit,
1397 4715 1488 4784 qui
1543 4712 1811 4768 bonorum
1863 4723 2138 4769 auctorem

575 4803 819 4857 omnium
872 4802 976 4857 sibi
1022 4802 1329 4857 devinctum
1374 4804 1661 4858 habuerit?
1696 4801 1866 4873 Cujus
1906 4804 2139 4875 denique

575 4896 651 4949 rei
704 4894 910 4950 laboret
957 4892 1157 4962 inopia,
1191 4894 1283 4963 qui
1327 4910 1583 4966 magnum
1631 4896 1785 4951 illum
1821 4895 2134 4962 Praesidem,

571 5001 636 5041 ac
666 4995 1045 5057 prapotentem
1083 4983 1245 5052 hujus
1291 4985 1692 5042 universitatem
1738 4989 2133 5042 moderatorem

571 5079 626 5133 in
653 5080 820 5147 patris
853 5093 917 5132 ac
950 5076 1143 5131 tutoris
1192 5075 1370 5130 locum
1402 5078 1737 5134 obtinuerit?
1784 5078 2135 5149 Nihilprofe-

647 5190 935 5259 (1’)Θεῖον
965 5189 1245 5243 ἐπισκόπ.
1288 5186 1358 5242 Ut
1380 5199 1462 5243 est
1483 5190 1535 5244 in
1561 5194 1730 5247 altero
1752 5210 1853 5249 ms.
1875 5192 2129 5251 Bibliolh.

576 5259 774 5333 Begqize.
813 5261 868 5314 ld
904 5269 1085 5333 autem
1118 5259 1282 5333 malui
1315 5275 1477 5325 quam
1509 5260 1687 5329 θείων,
1715 5275 1774 5319 ιιι
1805 5265 1957 5319 habet
1985 5264 2133 5333 prior

568 5328 758 5403 editio,
784 5332 927 5398 quod
954 5328 1402 5403 Ἑλληνικώτερον
1423 5328 1679 5399 putarim;
1704 5334 1892 5389 Dicere
1923 5328 2130 5403 potuis-

570 5409 651 5455 set
687 5399 827 5453 θεῖον
848 5399 1143 5454 ἐπισκόπου
1166 5399 1374 5471 χρῆμα,
1402 5402 1572 5469 potuit
1602 5414 1657 5456 et
1684 5399 2013 5459 ἐπισκόπῶν.
2040 5402 2131 5460 Sic

568 5471 918 5539 gristOphan.
951 5472 1167 5538 Νεφελ.
1205 5482 1311 5525 act.
1347 5488 1396 5524 ιε

566 5537 635 5596 Ὦ
659 5537 773 5596 Ζεῦ
786 5537 1073 5604 βασιλεῦ,
1103 5542 1167 5595 τὸ
1187 5543 1390 5613 χρῆμα
1412 5541 1528 5621 τῶν
1548 5542 1798 5685 νυκτῶνί
1822 5547 1971 5601 ὅσον
1994 5546 2131 5651 ἀπέ-

838 5684 846 5685 7
875 5682 885 5685 Α
924 5682 932 5685 Α
1208 5684 1213 5685 γ
1798 5633 2014 5683 putor.

1798 5633 1986 5683 ρατον
2005 5633 2014 5668 .‘

758 5682 885 5755 quid
916 5682 1051 5735 istuc
1079 5684 1241 5737 noctis
1280 5696 1374 5748 est.
1407 5702 1661 5757 quamque
1688 5682 1989 5753 inﬁnitum!

568 5754 710 5813 Idem
739 5757 996 5822 Βατραχ.
1032 5760 1133 5807 act.
1168 5769 1200 5806 ν
1226 5772 1238 5806 :

2243 4617 2510 4686 σωτήριον
2565 4617 2700 4687 πρὸς
2743 4615 2874 4669 Θεὸν
2916 4616 3214 4690 ἀνθρώπων
3247 4618 3457 4687 φιλίαν,
3501 4617 3703 4671 ἀνωθεν
3735 4618 3798 4669 ἐκ

2239 4706 2333 4761 τοῦ
2383 4706 2693 4777 παναγάθου
2727 4708 2860 4761 Θεοῦ
2912 4710 3320 4781 καταπεμφθεὶς
3362 4715 3391 4765 ὁ
3432 4710 3561 4771 Θεὸς
3596 4709 3794 4775 Λόγος,

2239 4797 2425 4873 ῶσπερ
2470 4816 2553 4863 τις
2585 4801 3041 4871 ἀπειρομεγέθους
3072 4790 3247 4871 φωτὸς
3288 4802 3427 4871 αὐγὴ
3449 4839 3464 4860 ,
3510 4800 3675 4851 πᾶσιν
3702 4797 3795 4850 ἀν-

2239 4890 2473 4963 θρώποις
2516 4893 2949 4962 εὐαγγελίζεταιο
3010 4896 3108 4951 οὐκ
3165 4892 3370 4947 ἐνθένδε
3442 4888 3631 4952 ποθέν,
3686 4888 3793 4943 οὐδ’

2237 4972 2518 5052 ἑτέρωθεν,
2553 4982 2687 5036 ἀλλά
2716 4984 3047 5053 πανταχόθεν
3080 4981 3140 5048 ἐξ
3173 4982 3424 5035 ἀπάντων
3462 4980 3627 5033 ἐθνῶν
3658 4983 3791 5054 πρὸς

2236 5070 2326 5126 τὸν
2346 5073 2452 5127 τῶν
2475 5074 2611 5129 ὅλων
2648 5075 2777 5129 Θεὸν
2794 5074 3091 5145 παρορμῶν
3117 5064 3273 5143 ἥκειν
3307 5071 3405 5143 (2),
3440 5072 3687 5126 σπεύδειν
3708 5088 3791 5137 τε,

2302 5184 2371 5240 Ὦ
2403 5188 2517 5241 Ζεῦ
2539 5188 2824 5265 ﬂagra/lsi},
2853 5187 2921 5251 τὸ
2945 5185 3141 5265 χρῆμα
3169 5186 3287 5241 τῶν
3308 5187 3511 5241 κόπων
3532 5186 3724 5249 ὅσον-1

2392 5270 2588 5328 quanta
2620 5259 2859 5310 laborum
2888 5256 3077 5311 moles!

2306 5330 2387 5384 rod
2411 5331 2454 5383 si
2480 5330 2797 5394 retineretur
2818 5325 2994 5393 θείων,
3014 5341 3207 5389 sensus
3224 5327 3513 5394 videretur,
3536 5328 3639 5390 hoc
3659 5343 3785 5396 ope-

2232 5330 2387 5397 Quod
2411 5331 2454 5383 si
2480 5330 2797 5394 retineretur
2818 5330 2994 5393 θείων,
3014 5341 3207 5389 sensus
3224 5330 3513 5394 videretur,
3536 5330 3639 5390 hoc
3659 5343 3782 5396 ope-

2233 5405 2311 5483 ris
2329 5413 2817 5483 .opneraeq‘ue‘genus
2842 5397 2909 5449 ad
2936 5398 3782 5483 episcupgs'rnaxime‘pertinere,

2230 5467 2736 5569 :‘J.."l[‘i'i.:.3’l‘1‘3;
2750 5467 3189 5569 92383139.
3217 5467 3785 5569 55:52-“?3‘-§.“1"1

2228 5540 2327 5611 τὴν
2351 5538 2538 5607 σκέψιν
2561 5538 3011 5619 ἀφυὴς-εἷναιηώς
3040 5538 3189 5593 οὐδὲν
3218 5542 3421 5613 χρῆμα.
3451 5538 3510 5595 Id
3539 5546 3638 5599 est.
3677 5547 3781 5606 tam

2230 5614 2454 5679 ineptus,
2477 5625 2634 5679 quam
2662 5624 2751 5679 qui
2784 5624 3028 5679 maxime.
3568 5677 3575 5679 ξ
3756 5676 3767 5679 _

2301 5676 2380 5753 (2)
2418 5676 2549 5753 Post
2592 5676 2767 5749 ήκειν,
2800 5677 2967 5737 Mont.
3021 5680 3125 5753 leg.
3179 5681 3378 5752 σπουδῇ
3418 5697 3475 5734 τε
3509 5677 3657 5753 τάσει
3687 5676 3780 5737 καὶ

2232 5749 2521 5829 προθυμίᾳ.
3077 5749 3107 5773 τ
