4028 6332
158 462 233 520 ιι.
1314 417 1635 520 ruma.

1756 465 1926 521 'ANG.
1964 463 2088 520 LIB.
2117 464 2157 519 ι.
3266 465 3337 521 σε

158 575 235 631 καὶ
265 576 401 649 πάσῃ
455 578 733 651 προθυμίᾳ
757 570 934 650 ψυχῆς
978 580 1039 634 τὺ
1094 580 1265 654 δῶρον
1303 583 1652 655 ὑποδέχεσθαι

1776 593 1864 639 cto
1886 584 1990 639 dici
2009 592 2205 653 potest,
2227 598 2336 653 quo
2357 582 2425 638 ad
2444 599 2712 638 summam
2746 583 3184 655 cumulatamque
3221 594 3338 641 tum

160 666 390 739 ’Έλληνας
418 668 551 740 όμοῦ
591 671 684 724 καὶ
714 669 1037 744 βαρϐάρους,
1086 674 1285 744 ἄνδρας
1322 673 1436 745 ἃμα
1467 676 1656 744 γυναιξ

1780 677 1970 739 animi,
1993 684 2107 730 tum
2132 662 2867 746 corporis,externorumque
2884 677 3148 730 bonorum
3171 674 3340 730 felici-

156 759 232 813 καὶ
250 761 463 830 νηπίοις,
512 761 750 833 πένητάς
779 779 837 815 τε
872 763 966 821 καὶ
998 764 1313 832 πλουσίους,
1352 768 1545 835 σοφοὺς
1586 771 1656 819 κα

1780 774 1943 820 tatem
1982 765 2237 835 indigeat,
2264 766 2357 851 qui
2385 766 2609 836 propius
2634 765 2701 820 ad
2737 782 2914 835 regem
2961 767 3337 821 universorum

158 846 369 913 ἰδιώτας,
409 852 529 904 οὐδὲ
564 852 627 905 τὺ
676 854 940 907 οἰκετικὸν
983 856 1141 924 γένος
1187 856 1541 927 ὑπερφρονῶν
1579 856 1656 925 τῆς

1779 857 1945 911 Deum
1981 860 2032 912 vi
2077 846 2357 913 eharitatis
2393 858 2704 919 accesserit,
2742 858 2943 926 quique
2980 858 3048 911 ab
3078 873 3143 911 eo
3176 858 3339 913 fuerit

156 937 383 1009 κλήσεως.
414 941 532 993 Ὀτι
552 940 615 1010 δὴ
640 942 765 1013 μίαν
794 942 892 1013 τὴν
919 946 1132 999 πάντων
1156 947 1341 999 οὐσίαν
1372 964 1429 999 τε
1455 947 1547 999 καὶ
1580 946 1656 1015 φύε

1775 944 2073 1001 beatissimi
2097 947 2298 1000 amoris
2318 947 2565 1015 gratiam,
2587 947 2799 1014 pietatis
2821 946 3001 1013 hujus,
3016 946 3253 1000 scientia:
3273 962 3339 1002 ac

154 1044 221 1081 σιν
247 1030 272 1082 ό
296 1031 465 1101 πατὴρ
489 1032 668 1084 αὐτῶν
691 1036 1110 1105 συστησάμενος,
1151 1037 1277 1104 μιᾶς
1330 1038 1553 1099 εἰκότως
1581 1039 1656 1088 κα

1777 1037 2055 1105 sapientia:
2089 1038 2502 1103 conciliatricis,
2558 1039 2751 1091 merito
2804 1049 3145 1091 consecutus.
3187 1035 3337 1092 Hanc

151 1117 233 1189 τῆς
255 1121 361 1191 ἴσης
411 1123 614 1187 πάντας
661 1125 821 1177 πάλιν
863 1127 1270 1199 μεγαλοδωρεᾶς
1315 1128 1512 1197 ἠξίωσε
1537 1168 1551 1191 ,
1578 1126 1656 1197 τηε

1776 1127 1939 1196 igitur
1964 1129 2097 1182 adeo
2122 1129 2295 1181 betam
2340 1145 2403 1183 ac
2437 1130 2725 1182 salutarem
2755 1129 3031 1182 hominum
3077 1144 3199 1182 cum
3225 1126 3337 1181 Deo

150 1212 261 1282 πρὸς
311 1215 461 1268 αὑτὸν
506 1216 705 1284 γνῶσίν
744 1235 803 1271 τε
843 1221 937 1273 καὶ
992 1220 1169 1290 φιλίαν
1210 1220 1380 1274 ἅπασι
1420 1225 1528 1283 τοῖς
1575 1221 1675 1273 ὑπ·-

149 1303 329 1358 ακούειν
357 1306 611 1373 ἐθέλουσι,
646 1310 739 1363 καὶ
773 1311 873 1380 τὴν
908 1312 1066 1383 χάριν
1086 1312 1339 1382 εὐμαρῶς
1367 1311 1675 1381 ἀσπαζομέ-

147 1411 237 1458 νοις
277 1396 622 1468 δωρούμενος.
670 1401 884 1471 Ταύτην
922 1405 950 1456 ό
990 1403 1223 1473 Χριστοῦ
1258 1404 1427 1472 Λόγος
1457 1404 1533 1473 (5)
1568 1402 1671 1475 ἧκε

146 1482 226 1551 τὴν
243 1484 363 1553 πρὸς
384 1485 474 1538 τὸν
501 1487 666 1540 αὐτοῦ
694 1489 908 1561 Πατέρα
942 1490 1121 1559 φιλίαν
1154 1490 1231 1561 τῷ
1266 1491 1535 1563 σύμπαντι
1578 1494 1661 1546 κό-

148 1590 245 1646 σμῳ
289 1578 784 1653 εὐαγγελιούμενοςέ
817 1603 835 1636 ι
871 1585 1001 1649 Θεὸς
1038 1583 1228 1658 γὰρῆν
1260 1588 1448 1661 κόσμῳ
1476 1591 1672 1643 καταλ-

144 1666 322 1723 λάσσων
352 1673 561 1738 ἑαυτὸν,
595 1674 668 1746 μὴ
690 1676 1035 1746 λογιζόμενος
1061 1680 1243 1743 αὐτοῖς
1278 1681 1345 1734 τὰ
1376 1683 1672 1754 παραπτώ-

144 1776 261 1829 ματα
284 1802 297 1826 ,
329 1782 348 1813 ι
480 1765 548 1818 τὰ
596 1765 713 1819 θεῖα
754 1767 990 1820 διδάσκει
1049 1769 1223 1839 λόγια.
1270 1790 1289 1821 ι
1338 1771 1533 1824 Ἐλθών
1588 1790 1667 1838 τε,

142 1854 293 1934 φησὶν,
323 1855 705 1925 εὐηγγελίσατο
726 1860 947 1931 εἰρήνην
980 1863 1093 1925 τοῖς
1125 1862 1361 1932 μακράν,
1397 1864 1489 1916 καὶ
1520 1864 1669 1935 εἰρή-

138 1958 219 2013 νην
241 1946 343 2009 τοῖς
368 1948 551 2015 ἐγγύς.
594 1968 614 2000 ι
646 1949 830 2003 Ταῦτα
858 1951 1134 2022 πρόπαλαι
1178 1953 1365 2017 παῖδες
1401 1954 1665 2024 Ἐϐραίων

139 2032 534 2109 θεοφορούμενοι,
570 2040 652 2112 τῷ
707 2040 979 2111 σύμπαντι
1018 2045 1211 2116 κόσμῳ
1254 2044 1660 2116 προεθέσπιζον.

147 2120 201 2179 Ὁ
212 2128 299 2197 μέν
332 2147 411 2193 τις
444 2131 582 2201 βοῶν
602 2150 615 2169 η
636 2130 1075 2203 «Μνησθήσονται
1101 2138 1194 2189 καὶ
1230 2137 1662 2209 ὲπιστρᾶφήσον-

135 2231 208 2273 ται
232 2222 353 2291 πρὸς
368 2223 568 2296 Κύριον
588 2226 763 2279 πάντα
780 2225 847 2279 τά
866 2226 1075 2298 πέρατα
1096 2229 1191 2300 τῆς
1214 2230 1336 2300 γῆς,
1371 2231 1464 2283 καὶ
1492 2247 1663 2302 προσ-

136 2314 419 2383 κυνήσουσιν
450 2317 599 2388 αὐτῷ
630 2321 796 2373 πᾶσαι
817 2324 871 2375 αἱ
904 2322 1130 2392 πατριαὶ
1149 2321 1256 2389 τῶν
1286 2322 1475 2374 ἐθνῶν.
1508 2342 1526 2373 ι
1553 2324 1662 2375 Καὶ

136 2402 301 2457 πάλινο
341 2425 359 2457 ι
400 2407 603 2461 Εἴπατε
638 2412 696 2463 ἐν
726 2414 835 2475 τοῖς
861 2411 1087 2476 ἔθνεσιν,
1123 2412 1204 2464 ὅτι
1238 2412 1441 2482 Κύριος
1475 2412 1660 2465 ἐϐασί-

134 2494 259 2549 λευσε
280 2513 293 2527 °
329 2500 428 2553 xui.
441 2499 549 2571 γὰρ
568 2502 893 2575 κατώρθωσε
931 2504 1028 2575 τὴν
1052 2504 1389 2575 οἰκουμένην,
1438 2505 1559 2577 ἥτις
1589 2506 1649 2559 οὐ

134 2587 493 2661 εαλευθήσεται.
539 2613 557 2644 ι
596 2595 653 2647 Ὀ
703 2596 759 2648 δὲ
792 2597 1050 2665 φάσκων
1098 2616 1117 2647 ‹
1167 2595 1461 2666 Ἐπιφανὴς
1508 2597 1658 2651 ἔσται

132 2678 297 2751 Κύριος
319 2684 371 2735 ἐν
391 2685 592 2749 αὐτοῖς,
616 2687 708 2739 καὶ
732 2687 1098 2759 ἐξολοθρεύσει
1125 2689 1331 2752 πάντας
1356 2690 1480 2752 τοὺς
1503 2688 1659 2752 θεοὺς

127 2769 214 2824 τῶν
236 2773 388 2829 ἐθνῶν
413 2778 512 2853 τῆς
540 2778 661 2849 γῆς,
695 2780 786 2831 καὶ
823 2781 1291 2851 προσκυνήσουσιν
1334 2780 1501 2851 αὐτῷ,
1530 2782 1658 2835 ἕκα-

127 2875 229 2925 στος
260 2866 317 2918 ὲκ
345 2867 434 2920 τοῦ
477 2868 644 2922 τόπου
684 2870 865 2924 αὑτοῦ.
912 2890 931 2922 ι
964 2870 1151 2925 Ταῦτα
1182 2872 1459 2943 πρόπαλαι
1493 2871 1657 2937 θείοις

1776 1218 2250 1280 necessitudinem,
2267 1220 2467 1273 missus
2487 1221 2551 1273 ad
2575 1234 2674 1272 uos
2694 1220 2905 1273 etelitus
2920 1235 2983 1271 ex
2999 1218 3104 1273 Deo
3125 1234 3338 1272 summe

1772 1308 1916 1364 bono
1940 1310 2079 1364 Deus
2094 1309 2348 1374 Verbum,
2370 1314 2447 1366 sic
2472 1322 2725 1380 tanquam
2748 1312 2999 1379 splendor
3020 1312 3217 1380 aliquis
3242 1312 3338 1364 im-

1772 1404 1942 1457 mensi
1969 1405 2207 1469 luminis,
2226 1406 2438 1459 cunctis
2460 1404 2767 1460 hominibus
2790 1406 3011 1459 feliciter
3029 1403 3331 1456 annuntiat.

1773 1494 1822 1550 Is
1841 1512 1946 1550 nou
1970 1497 2021 1566 3
2049 1512 2114 1550 ex
2150 1514 2263 1555 uno,
2279 1497 2513 1550 alterove
2540 1496 2677 1558 loco,
2706 1497 2796 1551 sed
2820 1513 2884 1550 ex
2919 1496 3171 1548 omnibus
3187 1494 3337 1549 orbis

1770 1588 2009 1657 universi
2031 1589 2341 1642 nationibus
2368 1588 2689 1644 hominesad
2716 1603 2892 1642 rerum
2910 1586 3148 1640 omnium
3166 1584 3333 1639 Deum

1776 1680 2120 1732 vehementer
2156 1678 2365 1741 invitat,
2394 1677 2716 1748 Grieccsque
2741 1679 2939 1748 pariter
2968 1692 3029 1731 ac
3051 1676 3333 1743 barbaros,

1776 1772 1916 1825 viros
1943 1772 2123 1836 simul,
2159 1769 2389 1825 feminas
2451 1786 2514 1824 ac
2548 1771 2834 1839 puerulos;
2871 1771 3060 1838 inopes
3090 1784 3242 1837 reque
3271 1784 3335 1822 ac

1769 1860 1988 1924 divites,
2022 1861 2293 1931 sapientes
2320 1871 2372 1915 et
2402 1861 2615 1926 idiotas,
2650 1868 3035 1929 utproperare,
3064 1858 3335 1913 oblatum-

1703 1934 1741 1988 Β
1766 1967 1873 2021 que
1904 1968 2103 2007 munus
2145 1954 2294 2005 omni
2329 1968 2453 2006 cum
2484 1952 2789 2005 animorum
2821 1951 3098 2004 alacritate
3130 1964 3195 2003 ac
3216 1957 3333 2001 stu-

1765 2043 1855 2096 dio
1886 2044 2164 2111 suspicere
2213 2042 2397 2107 velint,
2430 2043 2741 2100 exstimulat
2768 2056 2863 2097 :ac
2894 2056 2959 2095 ne
2996 2041 3173 2109 ipsum
3206 2038 3333 2107 qui-

1764 2133 1884 2186 dem
1920 2134 2114 2194 servile
2141 2150 2309 2203 genus
2343 2134 2411 2187 ab
2453 2133 2721 2202 ejusmodi
2751 2132 3006 2186 societate
3035 2130 3333 2186 vocationis

1764 2226 2019 2280 excludit.
2040 2224 2249 2294 Quippe
2273 2224 2523 2297 quienim
2553 2240 2658 2277 una
2682 2223 2981 2291 eademque
3002 2236 3192 2277 omnes
3210 2221 3336 2276 sub-

1764 2320 1963 2373 stantia
2012 2329 2315 2387 naturaque
2355 2319 2681 2389 procreavit,
2740 2318 2983 2370 omnium
3022 2331 3237 2384 parens,
3284 2314 3333 2369 is

1756 2411 1880 2479 jure
1907 2418 2097 2464 omnes
2133 2411 2335 2478 pariter
2364 2411 2417 2463 in
2442 2410 2605 2463 unius
2642 2410 2973 2477 aequalisque
3014 2407 3334 2460 munilicen-

1762 2500 1850 2553 tia:
1897 2501 2337 2554 communionem
2400 2500 2615 2561 ascivit,
2672 2500 2919 2552 notitiam
2976 2511 3330 2563 amoremque

1760 2592 1844 2647 sui
1899 2608 2022 2647 cum
2081 2593 2148 2647 iis
2194 2592 2449 2648 omnibus
2483 2592 2691 2661 prolixe
2747 2590 3182 2646 communicatis.
3233 2587 3328 2655 qui

1759 2698 1964 2737 morem
1994 2684 2208 2737 vocanti
2259 2698 2464 2752 gerere,
2497 2683 2791 2752 gt-atiteque
2834 2696 2945 2734 sum
2983 2677 3328 2740 beneﬁcium,

1758 2774 1989 2829 libenter
2018 2775 2265 2843 accipere
2295 2774 2687 2844 complectique
2710 2772 2997 2826 voluerint.
3038 2768 3189 2825 llauc
3222 2770 3329 2824 ita-

1757 2883 1862 2938 que
1884 2866 2136 2921 Christus
2152 2882 2279 2937 erga
2307 2866 2519 2920 Patrem
2544 2882 2703 2921 suum
2735 2866 3051 2920 charitatem
3084 2863 3331 2918 oratione

1756 2976 1854 3015 sua
1879 2960 1975 3014 toti
2003 2960 2204 3030 passim
2235 2960 2354 3013 orbi
2380 2959 2727 3027 prmdicatum
2762 2959 2926 3011 venit.
2961 2977 2979 3008 ι
3012 2958 3149 3010 Deus
3178 2957 3329 3010 enim

123 3044 197 3096 τοῦ
219 3047 453 3121 Σωτῆρος
489 3051 646 3123 ἡμῶν
692 3053 865 3124 Ἰησοῦ
901 3056 1135 3128 Χριστοῦ
1167 3055 1511 3118 διδασκαλίας
1558 3055 1655 3108 πέ-

1756 3056 1873 3103 erat
1904 3049 1957 3101 in
1996 3048 2217 3101 Christo
2248 3050 2489 3117 seipsum
2523 3049 2728 3102 mundo
2757 3048 3073 3109 concilians,
3100 3060 3199 3099 nec
3223 3045 3327 3098 im-

123 3150 262 3206 φηνεν
298 3138 388 3210 (ι),
411 3141 485 3205 ὡς
516 3144 617 3215 τὴν
641 3144 808 3199 πάλαι
842 3147 1251 3219 κηρυττομένην
1282 3164 1341 3199 τε
1361 3191 1374 3212 ,
1409 3146 1503 3200 καὶ
1540 3150 1653 3211 τοῖς

1756 3148 1953 3209 putans
1988 3140 2067 3195 eis
2097 3148 2319 3216 peccata
2351 3155 2449 3193 sua
2477 3139 2516 3203 ¹,
2558 3158 2575 3189 ι
2644 3138 3100 3207 quemadmodum
3134 3137 3326 3191 littera

124 3225 183 3296 μὴ
202 3227 386 3323 τούτων
414 3232 659 3304 ἀπείροις
692 3236 1143 3309 προσδοκωμένην
1160 3238 1267 3290 τῶν
1287 3237 1454 3313 ἐθνῶν
1476 3239 1653 3293 ἁπάν-

1756 3232 1951 3286 όὶνίιιω
1980 3231 2195 3285 docent.
2236 3250 2255 3282 ‹
2294 3230 2431 3285 Cum
2467 3231 2723 3294 venisset,
2762 3231 2953 3299 inquit,
2987 3230 3327 3299 evangeliu-

121 3332 208 3370 των
233 3318 564 3388 θεογνωσίαν,
596 3325 823 3391 εἰκότως
856 3329 986 3399 ἡμῖν
1021 3328 1112 3384 τὸν
1142 3328 1369 3400 ἔναγχος
1400 3329 1459 3396 ἐξ
1486 3330 1651 3401 οὐρα-

1756 3324 1830 3379 vit
1856 3338 2042 3394 pacem
2077 3322 2143 3377 iis
2170 3323 2263 3391 qui
2287 3322 2474 3392 procul
2495 3332 2667 3385 erant,
2690 3332 2743 3376 et
2768 3338 2950 3390 pacem
2976 3322 3043 3375 iis
3072 3321 3161 3389 qui
3196 3333 3326 3387 pro~

116 3406 194 3459 νοῦ
221 3410 453 3481 παρόντα,
467 3412 637 3481 Λόγον
654 3415 1119 3484 εὐαγγελίζεσθαι,
1140 3423 1257 3482 ταῖς
1274 3419 1380 3472 τῶν
1406 3418 1649 3473 παλαιῶν

1756 3430 1820 3485 pe
1853 3418 1897 3469 ³.
1925 3434 1943 3465 ι
1982 3414 2158 3484 Atque
2193 3416 2306 3468 hinc
2341 3416 2454 3482 ipsa
2490 3415 2692 3467 mundo
2719 3414 2922 3480 pridem
2948 3412 3197 3464 universo
3220 3408 3325 3464 lle-

114 3503 288 3565 φωναίς
314 3500 381 3554 τὰ
410 3501 499 3556 διά
525 3502 634 3557 τῶν
664 3504 840 3577 ἔργων
880 3508 1291 3581 ἀποτελέσματα
1337 3510 1648 3581 συντρέχειν

1756 3507 2021 3561 brzeorum
2045 3505 2211 3575 aliqui
2242 3506 2427 3562 divino
2451 3504 2614 3558 amati
2642 3505 2843 3573 Spiritu
2871 3502 3088 3557 oraettla
3120 3500 3325 3556 cecine-

113 3585 537 3665 ἐπιδεικνύμενον.
1224 3582 1227 3585 γ

1756 3616 1823 3655 re.
1858 3598 1921 3653 Et
1948 3613 2135 3653 eorum
2175 3597 2393 3668 quidem
2420 3612 2559 3650 unus
2591 3611 2783 3666 magna
2817 3611 2945 3669 voce
2980 3594 3319 3664 pronuntiat.

118 3698 137 3729 υ
166 3678 605 3754 Reminisceutur,
657 3699 712 3745 et
770 3700 1154 3748 convertentur
1211 3693 1279 3749 ad
1343 3692 1631 3747 Dominum
1670 3706 1861 3747 omnes
1892 3692 2026 3744 lines
2075 3696 2253 3753 terrae,
2286 3696 2339 3743 et
2392 3686 2694 3741 adorabunt
2736 3702 2859 3741 eum
2899 3702 3089 3740 omnes
3138 3688 3323 3755 patric

112 3777 319 3843 gentium
346 3780 383 3834 ³.
431 3800 451 3832 ι
482 3781 550 3847 Et
574 3800 805 3849 rursus:
836 3806 854 3838 ι
892 3786 1059 3841 Dicite
1091 3787 1143 3842 iu
1175 3788 1444 3857 gentibus,
1474 3787 1733 3861 quoniam
1772 3785 2034 3839 Dominus
2081 3784 2369 3855 regnavit»:
2404 3784 2599 3837 etenim
2628 3783 2862 3839 correxit
2900 3766 3089 3840 orbem
3142 3791 3321 3844 torrat.

110 3869 187 3938 qui
224 3886 319 3926 non
357 3879 785 3947 commovebitur
812 3878 882 3931 ⁸.»
915 3881 1066 3938 Alius
1094 3896 1219 3935 vero
1252 3880 1333 3936 sic
1360 3880 1601 3948 loquitur
1630 3895 1644 3931 :
1691 3896 1709 3928 ι
1735 3876 2077 3953 Conspicuus
2126 3877 2232 3931 erit
2263 3875 2525 3932 Dominus
2580 3877 2633 3929 iu
2672 3876 2823 3945 ipsis.
2855 3885 2909 3929 et
2943 3874 3181 3928 fitttditus
3228 3890 3320 3928 ex-
3403 3887 3406 3890 ’

110 3965 380 4022 terminabit
414 3984 605 4027 omnes
645 3972 778 4029 deos
819 3976 1097 4038 nationum
1137 3984 1311 4042 teme,
1347 3976 1633 4046 ipsumque
1670 3972 1973 4028 adorabunt
2001 3971 2198 4039 singuli
2241 3988 2305 4024 ex
2336 3972 2456 4025 loco
2501 3986 2601 4025 suo
2626 3981 2665 4031 ι,
2710 3989 2729 4020 ι
2759 3969 2884 4023 Ιίςεσ
2932 3971 3185 4023 nimirum
3229 3971 3317 4026 illa

108 4068 233 4122 sum.
261 4078 375 4130 Quae
413 4063 527 4133 jam
558 4080 729 4135 usque
762 4068 832 4133 ab
869 4071 1057 4126 ultima
1092 4076 1413 4126 saaculorum
1446 4069 1704 4124 memoria
1742 4066 1940 4121 divinis
1982 4066 2217 4120 oraculis
2260 4064 2511 4125 mandata
2546 4080 2668 4121 eum
2714 4073 2916 4126 essent,
2966 4062 3317 4120 Iesu-Christi

109 4144 375 4212 Servatoris
408 4160 577 4213 nostri
598 4160 860 4217 doctrina:
898 4165 1159 4221 benelicio
1213 4167 1414 4222 nostris
1464 4166 1757 4235 aliquando
1798 4161 2130 4232 temporibus
2159 4164 2432 4216 exstitere.
2472 4162 2548 4215 Ac
2581 4161 2774 4215 merito
2813 4176 2944 4214 sane
2990 4159 3225 4215 Verbum
3255 4161 3319 4215 il-

109 4238 204 4307 lud,
231 4250 365 4316 quod
398 4266 569 4319 nuper
607 4253 672 4308 ad
702 4267 802 4306 nos
824 4269 854 4306 e
886 4257 1026 4308 caelo
1072 4255 1350 4323 delapsum
1385 4264 1487 4314 est.
1514 4257 1652 4315 hanc
1692 4266 1770 4309 tot
1798 4255 2004 4324 pridem
2036 4254 2259 4307 vocibus
2304 4254 2668 4331 praedicatam,
2698 4262 2751 4305 et
2778 4253 2845 4305 ab
2873 4254 2939 4305 iis
2987 4254 3177 4306 saltem
3221 4247 3315 4321 qui

110 4339 154 4397 in
183 4339 472 4412 huiusmodi
514 4346 673 4401 rebus
720 4362 828 4400 non
865 4348 1103 4417 hospites
1137 4348 1352 4417 penitus
1388 4365 1452 4403 ac
1500 4350 1770 4417 peregrini
1815 4356 1990 4411 erant,
2029 4357 2416 4416 exspectatam,
2464 4364 2557 4415 per
2599 4362 2785 4401 omnes
2820 4347 3048 4415 populos
3092 4345 3184 4401 Dei
3218 4361 3305 4402 no»

106 4432 250 4488 titiam
271 4439 626 4504 annuntiavit,
656 4442 1033 4509 utpriseorutu
1064 4440 1277 4495 illorum
1300 4456 1460 4496 voces
1488 4441 1858 4504 consentiente
1888 4455 2110 4508 operum
2142 4440 2379 4508 ipsorum
2410 4440 2559 4492 exitu
2606 4441 3004 4507 comprobaret.

172 4522 316 4577 ’Δλλὰ
349 4526 400 4579 τί
432 4527 538 4599 χρὴ
569 4527 838 4591 σπεύδειν,
867 4529 1132 4598 φθάνοντα
1159 4534 1225 4603 τῇ
1243 4532 1516 4605 προθυμίᾳ
1545 4533 1642 4604 τὴν

1820 4530 2019 4583 Verum
2044 4530 2189 4583 enim
2227 4544 2374 4592 vero,
2400 4545 2661 4597 quorsum
2697 4532 2857 4585 nimis
2889 4533 3109 4587 incitato
3139 4533 3307 4597 animi

103 4610 196 4680 τῶν
214 4614 290 4668 διὰ
316 4618 408 4671 τοῦ
455 4620 620 4687 μέσου
642 4620 817 4690 λόγων
851 4623 1169 4677 ἀκολουθίαν
1188 4666 1203 4689 ,
1247 4624 1533 4679 ἀναλαϐεῖν
1581 4626 1639 4692 ἐξ

1756 4622 2024 4692 gestientis
2054 4622 2255 4691 impetu
2286 4632 2678 4693 congruentem
2713 4625 3043 4679 intertuedise
3071 4626 3312 4693 disputa-

102 4703 322 4781 ὑπαρχῆς
350 4709 490 4773 δέον,
528 4711 620 4764 καί
644 4712 712 4766 τά
745 4714 991 4786 ἐμποδὼν
1013 4715 1225 4786 ἅπαντα
1251 4716 1636 4784 διαλύσασθαι;

1756 4715 1907 4769 .ionis
1938 4715 2205 4780 ordinem,
2239 4724 2292 4769 et
2324 4716 2767 4784 consequentiam
2802 4730 3154 4784 occupamus.
3182 4732 3308 4772 cum

111 4795 299 4872 Ἐπειδὴ
345 4804 451 4875 γὰρ
487 4803 578 4855 τὸν
602 4804 1024 4876 Χριστιανισμόν
1073 4825 1217 4871 τινες
1263 4808 1450 4861 οὐδένα
1483 4808 1637 4877 λόγον

1756 4823 1853 4862 rem
1882 4823 1911 4861 a
1942 4808 2117 4878 capite
2146 4820 2697 4875 arcessere,'qu:eque
2727 4806 2880 4859 nobis
2901 4807 3309 4863 iucommodare

99 4886 391 4961 ἀποσώζειν,
422 4894 604 4966 ἀλόγῳ
626 4894 686 4947 δὲ
727 4896 906 4952 πίστει
940 4898 1041 4967 καὶ,
1062 4899 1400 4967 άνεξετάστῳ
1432 4916 1635 4967 συγκαο

1756 4909 1965 4963 )ossunt
1990 4900 2172 4954 omnia
2202 4901 2531 4955 summoveri
2562 4900 2712 4966 prius
2745 4914 2806 4953 ac
2830 4898 2996 4954 refelli
3027 4903 3309 4969 oporteat?

97 4982 285 5054 ταοέσει
302 4990 421 5052 τοὺς
438 4989 808 5067 προσηγορίας
831 4991 1147 5062 ἐφιεμένους
1166 4992 1225 5045 τὸ
1243 4992 1399 5065 δόξαν
1431 4992 1630 5071 κυροῦν

1756 4993 1870 5046 iam
1921 5007 2044 5045 cum
2097 4990 2201 5044 hoc
2259 4990 2503 5049 nonnulli
2546 5005 2861 5058 persuasum
2907 4992 3159 5057 habeant,
3193 4994 3305 5048 dis—

97 5072 451 5148 ὐπειλήφασιν]
490 5080 654 5152 μηδὲν
684 5080 983 5149 φάσκοντες
1018 5083 1273 5157 δύνασθαι
1304 5083 1627 5148 ἀποδείξεως

1756 5085 1943 5155 :iplinze
1982 5081 2307 5146 Christiana:
2365 5081 2757 5151 professionem
2809 5084 2955 5141 nulla
2997 5100 3156 5153 posse
3215 5101 3305 5139 ra-

94 5166 293 5238 ἐναργὲς
317 5172 573 5244 παρέχειν
614 5174 908 5245 τεκμήριον
926 5175 1025 5245 τῆς
1042 5179 1099 5229 ὲν
1124 5180 1235 5242 τοῖς
1254 5176 1625 5248 ὲπαγγελομέ-

1756 5178 1875 5232 ione
1921 5174 2156 5236 delendi,
2188 5174 2279 5228 sed
2322 5174 2414 5243 qui
2454 5190 2651 5230 nomen
2698 5178 2827 5229 illud
2868 5179 3299 5245 amplectantur,

93 5274 181 5323 νοις
211 5250 682 5333 ἀληθείας,πίστει
702 5256 759 5318 δὲ
963 5268 1251 5338 προσέχειν
1293 5249 1473 5340 ἀξιοῦν
1498 5266 1621 5329 τοὺς

1758 5284 1822 5323 os
1860 5268 2005 5338 quod
2048 5266 2214 5321 semel
2262 5266 2434 5319 visum
2477 5264 2667 5333 fuerit,
2714 5268 3108 5324 inconsiderata
3164 5254 3297 5332 title,

124 2960 356 3025 χρησμοῖς
393 2960 721 3031 ἀνακείμενα
745 3001 759 3025 ,
818 2961 913 3015 νῦν
946 2964 1027 3026 είς
1055 2965 1200 3034 ἡμᾶς
1224 2963 1419 3027 αὐτοὺς
1439 2964 1527 3016 διὰ
1556 2965 1656 3035 τῆς

95 5354 413 5425 προσιόντας·
464 5358 648 5430 παρ’δ
676 5358 769 5412 καὶ
815 5358 1038 5422 πιστοὺς
1094 5360 1469 5430 χρηματίζειν,
1521 5358 1622 5427 τῆς

90 5443 287 5517 ἀκρίτου
334 5448 489 5520 χάριν
539 5451 634 5503 καὶ
685 5450 1043 5506 ἁϐασανίστου
1091 5450 1353 5515 πίστεως·
1402 5434 1627 5520 εἰκότως

88 5538 162 5595 ἐπὶ
176 5541 327 5615 τήνδε
353 5542 541 5607 καθεὶς
561 5544 661 5616 τὴν
688 5545 1071 5619 πραγματείαν
1092 5545 1190 5615 τῆς
1218 5545 1623 5617 Εὑαγγελικῆς

85 5632 433 5702 ἀποδείξεως,
451 5637 533 5707 είς
558 5639 1005 5711 προκατασκευὴν
1024 5638 1121 5710 τῆς
1142 5636 1268 5707 ὅλης
1293 5638 1621 5707 ὑποθέσεως,

1727 5363 2123 5433 negligentiqne
2162 5358 2218 5433 Ε,
2255 5376 2319 5413 ac
2365 5364 2657 5425 temeraria
2706 5364 2936 5432 quadam
2980 5363 3299 5418 assensione

1728 5455 2110 5523 comprobare;
2157 5453 2402 5521 adeoque
2442 5465 2773 5518 asseverent,
2812 5454 2904 5522 qui
2936 5469 3055 5508 sese
3084 5456 3151 5509 ad
3193 5456 3297 5513 hoc

1728 5546 2035 5601 institutum
2082 5546 2456 5615 aggregarint,
2499 5546 2720 5606 evidens
2770 5554 3085 5617 certumque
3131 5563 3294 5619 argu-

1728 5649 1973 5707 mentum
1998 5638 2197 5692 habere
2219 5638 2451 5706 nullum,
2480 5655 2590 5705 quo
2618 5654 2797 5694 rerum
2820 5656 2942 5711 qua
2971 5642 3293 5714 promittun-

140 5750 154 5779 ³
188 5750 226 5805 ll
249 5749 379 5805 Cor.
406 5766 459 5813 ν,
490 5750 576 5806 l9.
651 5754 673 5783 ¹
709 5750 813 5807 lsa.
850 5768 980 5821 uti,
1014 5752 1101 5807 l9.
1183 5750 1204 5781 ³
1240 5749 1331 5806 Ps.
1362 5766 1474 5814 ut,
1501 5750 1590 5805 28.

1756 5754 1819 5808 ἐ.
1850 5769 1971 5817 xcv,
1999 5752 2086 5809 10.
2158 5754 2179 5785 ⁸
2224 5751 2390 5824 Seph.
2426 5770 2486 5819 ιι,
2518 5755 2603 5809 Η.

238 5840 351 5919 fro
382 5844 712 5919 6_Xpmo§_
736 5846 927 5915 Λόγος,
966 5844 1130 5901 lout.
1154 5916 1162 5919 _
1184 5844 1287 5916 leg.
1320 5846 1552 5904 Χριστὸς
1578 5846 1607 5898 ό
1650 5864 1656 5877 ·

1772 5845 1907 5902 Θεοῦ
1933 5847 2123 5919 Λόγος,
2159 5848 2373 5914 melius,
2405 5857 2463 5903 ut
2498 5848 2727 5905 videtur.

138 5907 205 5984 i‘)
238 5911 346 5970 ΡΙὊ
377 5907 836 5988 πέφήνεν,ὶίοηι.’
1003 5907 1348 5987 ττεφοίτηῖιεν.
