4028 6332
591 516 660 573 9.7
1255 518 1521 575 EUSEBII
1559 519 2034 576 CIESARIENSIS
2070 518 2218 575 OPP.
2255 517 2437 573 PARS
2468 518 2531 572 ll.
2571 548 2639 559 —
2666 515 3159 574 APOLOGETICA.
3743 511 3835 569 28

593 641 689 684 tur»
722 629 999 689 veritatem
1052 632 1442 696 demonstrent,
1500 650 1682 688 verum
1721 635 1789 689 ad
1834 649 2000 688 unam
2031 644 2154 688 tan-

2258 632 2492 702 ἠγοῦμαι
2524 632 2632 685 δεῖν
2673 634 2881 705 βραχέα
2917 632 3294 704 προδιαλαϐεἶν
3330 631 3457 702 περὶ
3504 630 3611 685 τῶν
3649 631 3836 702 ζητη-

594 723 873 775 tummodo
902 722 1060 775 {idem
1094 722 1465 777 adhaerescere
1494 726 1647 787 velle,
1680 726 2006 795 eosdemque
2034 741 2157 795 pro-

594 822 715 881 pter
748 813 907 866 istam
956 813 1106 867 nullo
1145 814 1336 882 judicii
1378 816 1632 884 nulloque
1655 817 1881 871 rationis
1910 817 2156 871 examine

591 912 908 956 attentatam
945 905 1394 974 exploratamque
1430 906 1587 961 ﬁdem
1608 947 1624 972 ,
1654 907 1837 963 ﬁdeles
1862 909 2024 977 vulgo
2057 922 2156 961 no-

591 993 829 1048 minari:
858 996 981 1064 jure
1013 1012 1143 1049 sane
1175 1012 1239 1051 ac
1285 999 1478 1052 merito
1512 998 1752 1055 facturus
1798 1000 1932 1053 mihi
1980 1015 2155 1069 operae

590 1087 819 1153 pretium
848 1086 1051 1151 videor,
1102 1088 1148 1142 si
1198 1104 1320 1143 cum
1361 1090 1428 1143 ad
1462 1091 1565 1144 hoc
1588 1092 1894 1161 evangelica:
1922 1090 2153 1144 Demon-

590 1175 865 1227 stratiom’s
897 1190 1032 1244 opus
1060 1177 1359 1244 aggrediar,
1398 1193 1569 1246 pauca
1601 1178 1902 1232 sternenda:
1930 1193 1993 1231 ac
2015 1192 2152 1246 pra:-

589 1266 896 1320 muniendaa
931 1267 997 1319 ad
1042 1269 1351 1322 universam
1399 1270 1540 1323 banc
1587 1269 2004 1339 disputationem
2054 1269 2155 1323 vim

590 1360 761 1427 gratia
793 1360 860 1413 de
910 1361 1070 1413 rebus
1120 1360 1185 1414 iis
1216 1373 1342 1414 ante
1392 1362 1667 1426 definiam,
1697 1362 1763 1416 de
1812 1362 2011 1430 quibus
2039 1369 2151 1414 tum

591 1449 784 1515 Graeci,
821 1462 932 1505 tum
968 1453 1061 1521 qui
1096 1454 1562 1509 circumcisionem
1605 1454 1943 1522 profitentur,
1977 1461 2071 1506 aut
2106 1453 2153 1507 si

589 1545 680 1612 qui
710 1555 963 1613 praeterea
994 1546 1302 1614 diligentius
1330 1546 1661 1613 propiusque
1706 1559 1792 1597 res
1819 1550 2035 1597 nostras
2066 1543 2154 1596 in—

589 1637 796 1704 spicere
829 1653 891 1691 ac
920 1638 1150 1691 scrutari
1178 1637 1362 1702 velint,
1384 1624 1585 1706 justam
1616 1637 1771 1691 nobis
1799 1637 2149 1705 quaestionem

2258 721 2457 775 θέντων
2493 722 2559 776 ἂν
2594 724 2727 788 πρὸς
2756 726 2903 795 ἡμᾶς
2931 724 3163 792 εὐλόγως
3190 724 3293 778 ὑπό
3317 740 3375 777 τε
3412 723 3698 794 Ἑλλήνων,
3718 723 3835 777 καὶ

2255 812 2364 866 τῶν
2413 815 2478 867 ὲκ
2522 816 2819 887 περιτομῆς
2843 856 2857 879 ,
2911 816 3109 879 παντός
3142 812 3341 869 τετοῦ
3381 814 3517 884 μετά
3554 813 3835 886 ἀκριϐοῦς

2256 904 2550 969 ἐξετάσεως
2587 904 2655 959 τὰ
2682 905 2804 959 καθ’
2836 909 2983 977 ἡμᾶς
3007 905 3443 977 διερευνωμένου.
3480 904 3662 978 Ταύτῃ
3706 905 3831 977 γάρ

2258 1012 2346 1065 μοι
2372 994 2511 1048 δοκῶ
2537 996 2629 1049 τὸν
2653 995 2809 1064 λόγον
2840 996 2897 1049 ὲν
2930 994 3080 1060 τάξει
3103 1000 3369 1065 χωρήσειν
3398 995 3476 1056 είς
3516 991 3614 1063 τὴν
3664 994 3830 1045 ἔντε-

2255 1086 2511 1158 λεστέραν
2526 1086 2625 1156 τῆς
2640 1085 3047 1156 Εὐαγτελικῆς
3071 1083 3430 1149 ἀποδείξεως
3448 1083 3827 1145 διδασκαλίαν,

2254 1175 2337 1241 εἷς
2382 1195 2440 1230 τε
2497 1176 2593 1249 τὴν
2648 1178 2754 1231 τῶν
2794 1177 3100 1248 βαρυτέρων
3144 1176 3426 1245 δογμάτων
3467 1174 3823 1242 κατανόησιν,

2254 1273 2301 1324 εί
2329 1271 2397 1323 τὰ
2420 1271 2517 1341 τῆς
2541 1271 2999 1343 προπαρασκευῆς
3015 1272 3143 1340 ἡμῖν
3166 1270 3270 1341 πρὸ
3296 1267 3411 1321 ὁδοῦ
3434 1268 3660 1336 γένοιτο,
3680 1282 3829 1319 στοι-

2253 1360 2521 1431 χειώσεως
2558 1363 2652 1415 καὶ
2684 1362 2987 1430 εἰσαγωγῆς
3010 1361 3273 1430 ἐπέχοντα
3293 1359 3474 1423 τόπον,
3507 1359 3598 1411 καὶ
3625 1360 3735 1421 τοῖς
3754 1356 3828 1420 ἐξ

2255 1452 2421 1505 ἐθνῶν
2460 1452 2581 1523 ἄρτι
2636 1445 2946 1524 προσιοῦσιν
2990 1452 3431 1523 ἐφαρμόττονταο
3473 1449 3539 1501 τὰ
3583 1450 3639 1501 δὲ
3674 1447 3827 1518 μετὰ

2253 1543 2421 1596 ταῦτα
2448 1582 2461 1605 ,
2498 1546 2607 1607 τοῖς
2653 1544 2865 1597 ἐνθένδε
2895 1543 3269 1614 διαϐεϐηκόσι,
3316 1543 3409 1595 καὶ
3452 1536 3678 1608 τὴνὲξιν
3710 1540 3825 1612 ἤδη

2255 1634 2786 1705 παρεσκευασμένοις
2834 1636 2912 1697 είς
2954 1633 3050 1704 τὴν
3082 1634 3188 1686 τῶν
3228 1632 3549 1704 κρειττόνων
3581 1628 3829 1701 παραδο-

2254 1726 2373 1795 χὴν,
2416 1725 2511 1796 τὴν
2557 1726 2758 1795 ἀκριϐῆ
2785 1724 2981 1793 γνῶσιν
3011 1721 3346 1795 παραδώσειν
3372 1723 3469 1793 τῆς
3489 1736 3825 1774 συνεκτικω-

2253 1817 2419 1885 τάτης
2450 1817 2590 1870 κατὰ
2628 1816 2717 1869 τὸν
2768 1816 2994 1886 Σωτῆρα
3038 1815 3131 1868 καὶ
3169 1814 3371 1886 Κύριον
3416 1811 3573 1883 ἡμῶν
3610 1808 3826 1881 Ἰησοῦν

589 1910 860 1962 “rationis
896 1911 1202 1979 evangelica:
1238 1910 1561 1975 doctrinam,
1592 1908 2010 1978 graviorumque
2056 1907 2153 1962 do-

2258 1909 2485 1981 Χριστδν
2527 1909 2613 1962 τὸν
2654 1907 2785 1962 Θεὸν
2823 1907 3087 1979 μυστικῆς
3130 1905 3434 1979 οἰκονομίας
3472 1905 3568 1976 (5).
3612 1901 3825 1974 Ἀρξώ-

590 2010 831 2069 gmatum
867 2002 1271 2072 intelligentiam
1313 2001 1387 2054 ita
1417 2001 1634 2054 demum
1676 1999 2022 2054 convenienti
2062 2014 2151 2053 or-

2258 1974 2392 2071 μεθα
2419 2000 2476 2053 δὲ
2501 2000 2601 2071 τῆς
2637 1974 3166 2067 Προπάρασκευῆς,
3195 1998 3264 2052 τά
3310 1974 3447 2069 πρὸς
3479 1974 3623 2068 ἡμᾶς
3669 1993 3831 2047 εὐλό-

589 2092 716 2146 dine
751 2107 1157 2161 processurum,
1189 2094 1232 2147 si
1268 2107 1389 2162 qua:
1421 2091 1486 2145 ad
1524 2093 1970 2161 praeparationem
2005 2090 2149 2146 illam

2258 2110 2365 2160 γως
2398 2092 2502 2146 ὑπό
2531 2110 2592 2145 τε
2634 2091 2917 2164 Ἑλλήνων,
2959 2090 3181 2145 καὶτῶν
3210 2092 3275 2143 ὲκ
3302 2088 3602 2161 περιτομῆς
3624 2128 3638 2151 ,
3680 2102 3829 2140 παν-

587 2184 877 2252 pcrtinent,
910 2183 1053 2236 viam
1094 2183 1249 2237 nobis
1290 2182 1622 2253 aperuerint,
1658 2184 1859 2252 quippe
1896 2196 2017 2251 quae
2043 2182 2153 2250 pri—

2258 2186 2350 2249 τός
2387 2202 2447 2237 τε
2478 2183 2571 2238 τοῦ
2613 2183 2750 2255 μετά
2790 2182 3048 2255 ἀκριϐοῦς
3087 2182 3382 2250 ἐξετάσεως
3416 2180 3484 2234 τά
3522 2178 3643 2233 καθ’
3671 2177 3832 2249 ἡμᾶς.

588 2288 804 2327 morum
857 2274 1247 2328 elementorum
1306 2289 1370 2329 ac
1421 2273 1681 2328 facilioris
1734 2271 2153 2327 introductionis

2258 2274 2679 2346 διερευνωμένου
2705 2274 3072 2345 λεχθησόμενα
3099 2272 3483 2344 προσάγοντες.

588 2366 711 2420 loco
763 2366 942 2420 futura
973 2368 1103 2430 sint,
1154 2366 1432 2436 magisque
1464 2365 1531 2420 ad
1569 2378 1756 2420 earum
1811 2366 2073 2435 gentium,
2109 2383 2230 2437 qua:
2269 2383 2440 2437 nuper
2492 2367 2558 2421 ad
2614 2381 2712 2422 nos
2773 2382 3081 2432 accessere,
3120 2376 3335 2435 captum
3388 2360 3815 2418 accommodata.

588 2462 791 2517 Deinde
842 2478 987 2529 vero,
1038 2463 1199 2517 simul
1238 2473 1397 2533 atque
1442 2462 1753 2533 hujusmodi
1810 2464 2114 2519 rudimenta
2172 2467 2498 2535 superarint,
2550 2464 2900 2534 habitumque
2944 2462 3137 2517 mentis
3183 2461 3250 2516 ad
3304 2460 3510 2530 majora
3559 2455 3832 2527 capienda.

586 2553 753 2623 probe
797 2554 1179 2623 compararint,
1233 2554 1554 2623 exquisitam
1607 2555 1739 2624 ipsis
1792 2570 1980 2609 eorum
2037 2557 2399 2626 cognitionem
2444 2557 2738 2621 trademus,
2797 2572 2919 2626 quas
2958 2555 3033 2609 ad
3069 2552 3475 2623 perfectissima;
3516 2559 3829 2618 caeteraquo

585 2648 771 2702 omnia
806 2648 1098 2718 complexa:
1136 2648 1262 2703 Jesu
1304 2649 1507 2703 Christi
1564 2650 1865 2704 Servatoris
1919 2666 1983 2705 ac
2034 2650 2250 2706 Domini
2301 2652 2504 2722 Deique
2556 2652 2729 2707 nostri
2776 2651 3092 2707 (economiae
3154 2649 3409 2721 mysteria
3454 2644 3818 2716 pertinebunt.

587 2739 738 2796 Hanc
769 2742 931 2812 igitur
954 2742 1400 2809 Prceparationem
1432 2745 1500 2798 ab
1536 2744 1601 2800 iis
1635 2747 1998 2815 auspicemur,
2052 2764 2172 2818 quae
2210 2759 2317 2803 tam
2374 2765 2405 2802 a
2434 2748 2653 2814 Graecis,
2683 2763 2847 2818 quam
2893 2762 2924 2801 a
2958 2745 3159 2801 Iudaeis
3193 2759 3258 2799 ac
3286 2743 3510 2812 reliquis
3540 2739 3819 2805 omnibus,

590 1743 810 1783 movere
842 1744 1004 1797 posse
1048 1729 1350 1783 videantur.
1385 1729 1590 1782 Etenim
1623 1729 1702 1782 sic
1744 1728 2017 1791 existimo,
2055 1742 2154 1781 no-

588 1828 761 1872 strum
806 1819 948 1873 hunc
1004 1834 1309 1873 sermonem
1366 1818 1433 1873 ad
1482 1818 1856 1887 perfectiorem
1922 1817 2150 1871 Demon-

588 2833 682 2903 qui
723 2836 974 2890 subtilius
1005 2838 1059 2890 in
1088 2853 1268 2892 mores
1310 2839 1725 2910 institutumque
1755 2851 2003 2897 nostrum
2051 2843 2355 2913 inquirunt,
2387 2844 2799 2901 commemorari
2824 2851 3064 2913 possent.

1206 2951 1433 3007 CAPUT
1490 2954 1557 3010 ll.

588 3060 843 3128 Quaenam
889 3065 1040 3136 vulgo
1065 3066 1209 3119 nobis
1235 3107 1249 3130 ,
1299 3069 1388 3137 qui
1415 3086 1495 3121 res
1528 3079 1735 3126 nostras
1777 3072 2148 3137 criminantur,

1130 3137 1352 3206 objicere
1384 3139 1608 3194 soleant.

659 3244 736 3299 Ac
761 3246 993 3315 primum
1009 3248 1227 3315 quidem
1255 3263 1363 3303 non
1378 3250 1494 3304 sine
1507 3266 1673 3305 causa
1686 3251 1961 3320 quaesierit
1977 3266 2042 3306 ex
2056 3266 2156 3305 no-

588 3337 671 3391 bis
684 3338 971 3407 quispiam,
988 3338 1243 3407 quidnam
1258 3339 1535 3394 hominum
1551 3341 1724 3397 simus
1735 3343 1825 3410 qui
1840 3342 1904 3396 ad
1919 3342 2020 3396 hoc
2031 3342 2159 3396 scri-

2782 2958 3174 3014 ΚΕΦΑΛΑΙΟΝ
3210 2955 3284 3010 B'.

2267 3073 2406 3127 Τίνα
2442 3070 2594 3147 πρὸς
2612 3069 2768 3147 ἡμᾶς
2786 3070 3047 3147 σῴξηρές
3066 3070 3196 3147 ὲοςτι
3222 3066 3421 3147 λέγεις
3445 3066 3568 3132 τοῖς
3601 3065 3670 3119 τὰ
3688 3063 3822 3120 καθ’

2540 3144 2695 3211 ἡμας
2731 3140 3075 3194 διαϐάλλειν
3111 3140 3534 3206 ἐπιχειροῦσιν.

2330 3254 2553 3327 Πρῶτον
2591 3252 2687 3322 μὲν
2706 3250 2817 3321 γὰρ
2846 3250 3069 3312 εἰκότως
3090 3249 3154 3303 ἄν
3178 3265 3261 3312 τις
3283 3249 3649 3320 διαπορήσειε,
3674 3246 3825 3311 τίνες

2260 3344 2411 3407 δντες
2449 3344 2540 3413 ἐπὶ
2568 3343 2665 3413 τὴν
2688 3340 2901 3412 γραφὴν
2931 3338 3379 3411 παρεληλύθαμεν
3401 3357 3415 3369 ο
3442 3339 3661 3409 πότερον
3692 3335 3825 3388 Ἔλ-

588 3428 749 3483 bendi
763 3443 933 3500 genus
948 3429 1303 3484 accedamus:
1325 3429 1565 3486 Graecine
1583 3448 1650 3485 an
1671 3432 1911 3487 barbari?
1926 3442 2017 3487 aut
2029 3432 2156 3502 quid

2261 3433 2418 3504 ληνες
2450 3433 2482 3503 ἢ
2520 3431 2815 3503 βάρϐαροι;
2866 3431 2981 3501 ἢτί
3030 3432 3096 3485 ἂν
3122 3430 3332 3501 γένοιτο
3374 3424 3577 3483 τούτων
3619 3426 3820 3498 μέσονς

588 3518 730 3574 inter
748 3530 1008 3591 utrosque
1029 3523 1265 3577 medium
1293 3538 1414 3578 esse
1439 3534 1601 3593 queat
1623 3524 1646 3578 ?
1665 3525 1855 3594 quales
1875 3539 2038 3595 porro
2061 3539 2159 3580 nos

588 3626 708 3666 esse
725 3613 1096 3681 proﬁteamur,
1119 3629 1224 3669 non
1250 3616 1437 3685 utique
1462 3617 1701 3682 nomine,
1727 3618 1869 3685 quod
1887 3618 1997 3687 jam
2016 3615 2159 3686 apud

591 3718 779 3758 omnes
800 3706 1073 3775 vulgatum
1092 3714 1194 3771 est,
1214 3708 1306 3760 sed
1336 3722 1547 3761 morum
1566 3709 1795 3776 vitaque
1818 3708 2160 3763 rationibus?

591 3791 800 3861 Quippe
828 3809 885 3849 se
911 3809 1085 3863 neque
1117 3794 1427 3848 Graecorum
1460 3795 1602 3864 apud
1641 3811 1742 3850 nos
1777 3796 1938 3862 ritus,
1982 3812 2159 3867 neque

591 3886 643 3958 5
674 3885 1033 3941 Barbarorum
1090 3895 1290 3939 sectam
1345 3887 1512 3940 ullam
1565 3886 1783 3942 intueri.
1834 3888 1976 3954 Quid
2028 3903 2157 3961 ergo

590 3980 718 4035 novi
750 3977 1017 4049 professio
1051 3987 1236 4033 nostra
1271 3979 1374 4033 sit?
1403 3989 1496 4033 aut
1525 3996 1774 4051 quaenam
1807 3980 1923 4037 haee
1951 3997 2158 4053 nupera

592 4072 809 4127 vivendi
847 4078 1075 4131 norma?
1117 4077 1321 4133 Deinde
1355 4090 1506 4139 vero,
1541 4072 1665 4143 quis
1706 4089 1807 4130 nos
1854 4083 1908 4130 et
1941 4090 2157 4131 summe

592 4161 792 4230 impios
819 4179 962 4230 esse,
1000 4175 1055 4220 et
1084 4166 1429 4222 Divinitatem
1468 4168 1714 4222 funditus
1746 4168 2033 4221 sustulisse
2064 4182 2160 4221 ne-

595 4261 703 4322 get,
745 4255 839 4324 qui
875 4271 1055 4310 mores
1089 4259 1293 4327 patrios
1325 4259 1747 4325 deseruerimus,
1781 4273 2016 4326 quorum
2058 4258 2158 4311 ob—

595 4347 870 4401 servantia
896 4348 1078 4405 nuilus
1100 4365 1205 4404 non
1237 4350 1490 4420 populus,
1517 4365 1623 4403 non
1648 4349 1839 4404 civitas
1864 4357 1989 4403 ante
2010 4349 2155 4403 nulla

595 4437 1014 4493 continebatur?
1048 4438 1338 4509 Praeterea,
1392 4442 1525 4513 quid
1576 4441 1886 4497 hominibus
1937 4442 2042 4497 illis
2089 4441 2158 4496 ad

596 4543 747 4598 spem
799 4530 961 4585 ullius
992 4530 1118 4586 boni
1164 4535 1501 4599 ostendatur,
1551 4534 1643 4605 qui
1688 4534 2007 4590 tutelaribus
2053 4534 2156 4590 diis

594 4620 796 4676 bellum
828 4622 1220 4688 denuntiarint,
1256 4641 1506 4696 quosque
1541 4635 1619 4681 tot
1643 4628 2028 4683 beneﬁciorum
2059 4643 2159 4681 au-

594 4720 774 4767 ctores
806 4712 1024 4777 habent,
1060 4714 1440 4784 repudiarint?
1471 4714 1610 4770 Nam
1646 4718 1779 4786 quid
1818 4719 1886 4771 ab
1915 4718 1982 4772 iis
2010 4717 2158 4772 aliud

2261 3524 2521 3585 καὶτίνας
2541 3522 2761 3584 ἑαυτοὺς
2794 3516 2929 3574 εἷναί
2954 3539 3131 3593 φαμεν
3155 3561 3169 3585 ,
3197 3522 3255 3573 οὐ
3290 3521 3385 3591 τὴν
3427 3516 3821 3591 προσηγορίαν,

2259 3615 2340 3667 ὃτι
2368 3614 2590 3675 καὶτοῖς
2624 3614 2787 3665 πᾶσιν
2815 3611 3031 3683 ἔκδηλος
3052 3611 3213 3683 αὕτη,
3232 3612 3367 3663 ἀλλά
3384 3611 3473 3663 τὸν
3498 3610 3696 3680 τρόπον
3721 3609 3822 3660 καὶ

2258 3705 2356 3774 τὴν
2386 3702 2697 3773 προαίρεσιν
2733 3702 2827 3755 τοῦ
2857 3703 2971 3773 βίου
2996 3720 3010 3767 ;
3034 3702 3156 3755 οὔτε
3174 3702 3283 3773 γὰρ
3309 3700 3375 3755 τὰ
3403 3700 3665 3772 Ἐλλήνων
3686 3716 3822 3770 φρο-

2260 3793 2481 3857 νοῦντας
2509 3797 2658 3866 όρᾷν,
2685 3793 2808 3847 οὔτε
2839 3794 2906 3846 τὰ
2949 3793 3237 3865 βαρϐάρων
3284 3792 3715 3863 ἐπιτηδεύοντας.
3748 3792 3822 3845 Τί

2258 3884 2349 3942 οὖν
2394 3887 2459 3940 ἂν
2491 3888 2696 3955 γένοιτο
2725 3886 2787 3938 τὸ
2808 3885 2928 3937 καθ’
2956 3886 3099 3957 ἡμᾶς
3128 3884 3294 3949 ξένον,
3335 3886 3428 3938 καὶ
3456 3885 3539 3949 τίς
3568 3886 3597 3938 ὁ
3628 3898 3825 3937 νεωτε-

2259 3980 2452 4051 ρισμὸς
2492 3978 2585 4030 τοῦ
2637 3977 2785 4047 βίου;
2831 3976 2954 4038 Πῶς
2995 3976 3041 4029 δ’
3071 3976 3131 4029 οὐ
3180 3976 3511 4047 πανταχόθεν
3542 3975 3824 4051 δυσσεϐεῖς

2257 4072 2323 4125 ἂν
2352 4068 2461 4123 εἶεν
2489 4071 2582 4122 καὶ
2610 4070 2777 4134 ἄθεοι,
2807 4069 2857 4121 oi
2883 4067 2993 4121 τῶν
3029 4069 3269 4140 πατρίων
3294 4069 3430 4123 ἐθῶν
3468 4069 3823 4133 ἀποστάντες,

2256 4165 2324 4216 δι’
2347 4156 2423 4215 ὧν
2458 4164 2564 4214 πᾶν
2604 4162 2754 4223 ἔθνος
2781 4162 2873 4214 καὶ
2917 4163 3065 4215 πᾶσα
3108 4162 3262 4226 πόλις
3286 4162 3641 4231 συνέστηκεν;
3671 4160 3740 4212 Ἦ
3764 4159 3825 4212 τί

2258 4254 2423 4308 καλὸν
2450 4254 2664 4307 ἐλπίσαι
2698 4254 2842 4318 εἰκὸς
2866 4255 2992 4319 τοὺς
3019 4254 3128 4309 τῶν
3168 4254 3443 4327 σωτηρίων
3478 4251 3703 4322 ἐχθροὺς
3727 4252 3826 4305 καὶ

2260 4348 2549 4419 πολεμίους
2614 4349 3007 4413 καταστάντας,
3052 4348 3147 4402 καὶ
3185 4349 3309 4411 τοὺς
3351 4345 3643 4417 εὐεργέτας
3684 4362 3827 4416 παρ-

2257 4442 2601 4513 ωσαμένους;
2634 4442 2742 4499 Καὶ
2764 4442 2816 4495 τί
2836 4441 2943 4513 γὰρ
2970 4442 3115 4506 ἄλλο,
3138 4440 3171 4511 ἢ
3196 4439 3621 4509 θεομαχοῦντας;
3660 4438 3822 4503 ποίας

2257 4536 2313 4589 δὲ
2344 4534 2438 4587 καὶ
2467 4533 2862 4606 ἀξιωθήσεσθαι
2894 4531 3219 4603 συγγνώμης
3246 4532 3372 4594 τοὺς
3410 4530 3469 4595 ἐξ
3498 4531 3689 4595 αἰῶνος
3722 4530 3825 4602 μὲν

2260 4627 2411 4699 παρά
2442 4627 2607 4678 πᾶσιν
2638 4624 2861 4695 Ἕλλησι
2898 4624 2990 4677 καὶ
3021 4622 3335 4695 βαρϐάροις,
3365 4622 3505 4677 κατά
3535 4640 3595 4676 τε
3638 4624 3826 4687 πόλεις

2262 4720 2355 4772 καὶ
2386 4716 2587 4787 ἀγροὺς
2615 4716 2886 4779 παντοίοις
2918 4716 3080 4783 ἱεροῖς
3106 4715 3197 4767 καὶ
3227 4714 3466 4779 τελεταῖς
3494 4715 3585 4768 καὶ
3621 4732 3825 4785 μυστη-

594 4803 732 4866 ﬁeri,
759 4821 920 4874 quam
954 4822 1079 4861 cum
1104 4806 1210 4861 diis
1239 4806 1371 4876 ipsis
1396 4807 1627 4877 pugnari
1648 4808 1835 4862 dicas?
1857 4806 1973 4872 Qua
1994 4823 2156 4876 porro

2265 4810 2397 4880 ρίοις
2431 4809 2563 4879 πρὸς
2610 4808 2860 4862 ἁπάντων
2902 4806 3035 4877 ὁμοῦ
3079 4805 3336 4876 βασιλέων
3372 4825 3433 4859 τε
3469 4809 3560 4861 καὶ
3596 4807 3823 4878 νομοθε-

596 4893 752 4946 venia
784 4894 978 4963 dignos
1010 4896 1145 4962 fore,
1186 4898 1279 4968 qui
1322 4912 1448 4951 eum
1495 4896 1562 4951 ab
1592 4912 1785 4951 eorum
1826 4897 1977 4952 cultu
2006 4894 2157 4951 defe-

598 4984 795 5048 cerint,
847 5000 985 5054 quos
1035 4989 1105 5042 ab
1147 4990 1326 5045 omnis
1361 4989 1462 5045 aevi
1516 4989 1781 5045 memoria
1829 5001 1942 5045 tam
1987 4988 2158 5044 Grzeci

597 5090 762 5144 quam
815 5074 1035 5130 barbari
1086 5081 1290 5145 passim
1342 5082 1607 5147 universi,
1665 5091 1775 5137 tam
1822 5082 1877 5136 in
1933 5082 2160 5136 urbibus

596 5181 759 5237 quam
786 5167 839 5221 in
871 5168 1037 5238 agris,
1066 5170 1212 5223 omni
1239 5187 1539 5240 sacrorum,
1572 5175 1894 5245 religionum
1941 5189 2005 5228 ac
2043 5190 2160 5245 my-

599 5260 889 5314 steriorum
943 5275 1160 5328 genere,
1220 5268 1607 5337 communique
1649 5284 1837 5339 regum
1890 5266 2157 5334 omnium,

600 5348 1015 5419 legumlatorem
1054 5366 1118 5405 ac
1152 5352 1597 5424 philosophorum
1617 5358 2004 5430 approbatione
2022 5357 2160 5413 Deos

603 5440 984 5510 celebrarunt;
1052 5450 1166 5496 tum
1219 5458 1349 5497 vero
1402 5447 1665 5517 quidquid
1727 5450 1867 5503 inter
1913 5448 2159 5503 homines

600 5530 824 5599 impium
882 5549 947 5591 ac
995 5534 1099 5590 diis
1151 5534 1388 5589 invisum
1435 5547 1581 5602 erat,
1641 5539 1785 5595 ultro
1826 5539 2160 5611 delegerint?

600 5622 807 5688 Quibus
871 5633 1050 5680 autem
1105 5627 1141 5680 ii
1193 5626 1315 5696 jure
1378 5642 1486 5681 non
1543 5630 1902 5701 subjiciantur
1944 5630 2153 5700 poenis,

601 5714 695 5785 qui
733 5716 1031 5783 patriorum
1061 5731 1343 5775 sacrorum
1386 5718 1709 5791 desertores,
1755 5722 2065 5795 peregrinas
2104 5731 2157 5777 et

2261 4899 2368 4953 τῶν
2398 4901 2488 4951 καὶ
2530 4898 2829 4969 φιλοσόφων
2870 4896 3313 4969 θεολογουμένους
3356 4899 3820 4969 ἀποστραφέντας,

2266 4990 2549 5061 ἑλομένους
2584 4990 2640 5044 δὲ
2674 4990 2743 5044 τὰ
2766 4989 2935 5060 ἀσεϐῆ
2965 4990 3059 5043 καὶ
3101 4989 3233 5043 άθεα
3265 4989 3372 5042 τῶν
3401 4990 3457 5041 ἐν
3484 4988 3821 5061 ἀνθρώποις

2262 5084 2449 5147 Ποίαις
2484 5083 2528 5136 δ’
2568 5084 2667 5136 οὐκ
2714 5084 2778 5138 ἂν
2816 5083 3037 5146 ἐνδίκως
3069 5082 3418 5153 ὑποϐληθετεν
3440 5084 3749 5155 τιμωρίαις,
3771 5086 3825 5137 οἱ

2260 5174 2367 5229 τῶν
2398 5175 2766 5247 μὲνπατρίων
2795 5173 3027 5243 φυγάδες
3045 5214 3059 5237 ,
3099 5172 3208 5226 τῶν
3236 5173 3279 5225 δ’
3306 5172 3524 5226 ὀθνείων
3558 5176 3648 5227 καὶ
3673 5174 3826 5247 παρά

2261 5268 2393 5320 πᾶσι
2433 5267 2869 5337 διαϐεϐλημένων
2908 5266 3210 5320 Ἰουδαϊκῶν
3245 5266 3702 5345 μυθολογημάτων
3728 5285 3823 5337 γε-

2261 5359 2474 5429 νόμενοι
2523 5357 2793 5429 ζηλωταί;
2841 5356 2957 5421 πῶς
2994 5358 3038 5410 δ’
3072 5359 3131 5411 οὺ
3182 5358 3478 5431 μοχθηρίας
3525 5356 3661 5413 εἶναι
3725 5359 3823 5413 καὶ

2262 5447 2541 5518 εὐχερείας
2582 5448 2847 5518 ἐσχάτης,
2887 5448 2948 5502 τὸ
2994 5448 3313 5519 μεταθέσθαι
3356 5450 3452 5519 μὲν
3492 5449 3726 5511 εὐκόλως
3755 5448 3834 5502 τάν

2260 5537 2369 5590 τῶν
2404 5537 2637 5602 οἰκείων,
2672 5538 2847 5611 ἀλόγῳ
2869 5540 2925 5594 δὲ
2946 5540 3039 5594 καί⁹
3065 5540 3398 5611 ἀνεξετάοτῳ
3427 5541 3604 5593 πίστει
3627 5539 3695 5591 τὰ
3718 5537 3826 5591 τῶν

2263 5630 2533 5684 δυσσεϐὦν
2566 5633 2659 5685 καὶ
2707 5634 2869 5686 πᾶσιν
2910 5632 3085 5687 ἔθνεσι
3126 5632 3397 5703 πολεμίων
3431 5629 3673 5694 ὲλέσθαι;
3713 5630 3826 5683 Καὶ

2268 5722 2388 5794 μηδ’
2417 5722 2564 5795 αὐτῷ
2594 5724 2672 5795 τῷ
2698 5725 2848 5797 παρά
2887 5726 3155 5791 Ἰουδαίοις
3195 5726 3487 5796 τιμωμένῳ
3518 5721 3654 5792 Θεῷ,
3686 5721 3825 5776 κατά

640 5892 749 5975 ..(5)
788 5893 1155 5980 ρικοτοίιίας.
1199 5897 1347 5956 Trita
1372 5910 1475 5957 vox
1502 5898 1641 5969 apud
1674 5896 1771 5957 SS.
1801 5898 2009 5969 Patres,
2035 5900 2151 5957 ἀντὶ

2259 5920 2285 5967 ς
2316 5905 2793 5980 ὲνανθρωπήσεως,
2829 5908 2921 5961 καὶ
2955 5905 3279 5976 σαρκώσεως
3330 5904 3421 5961 τοῦ
3458 5906 3629 5973 Λόγου
3650 5942 3666 5973 ,
3720 5908 3816 5962 καὶ

601 5964 707 6020 τῶν
737 5965 869 6036 πρὸς
897 5964 1080 6039 αὐτήν.
