4028 6332
168 540 243 597 99
724 570 727 571 ν
1366 544 1684 600 ΡΠᾹΞΡΑΒ.
1726 546 1732 599 1

1832 545 1971 601 ANG.
2003 546 2129 600 LIB.
2166 547 2206 600 l.
3313 559 3381 613 30

164 659 238 711 τὰ
277 663 419 733 unp'
447 662 623 724 αὐτοῖς
665 662 1016 732 προσανέχειν
1054 661 1275 732 νόμιμα’
1314 661 1501 731 καινὴν
1531 661 1589 715 δέ
1616 678 1732 713 τινα

1837 663 2078 715 omnium
2110 662 2383 717 traductas
2404 662 2628 718 vocibus
2650 662 2959 719 Iudaeorum
2984 665 3191 721 fabulas
3213 684 3380 723 annu-

166 750 266 803 καὶ
300 752 515 823 ἐρήμην
540 752 747 805 ἀνοδίαν
776 753 985 813 ἑαυτοῖς
1014 753 1310 822 συντεμεῖν,
1339 754 1475 823 μήτε
1506 751 1574 807 τά
1618 752 1732 805 Ἐλ-

1836 754 2048 807 lentur?
2090 752 2223 818 Quis
2258 754 2384 808 item
2420 755 2521 810 hoc
2555 771 2780 811 summae
2807 758 3087 826 cujusdam
3123 761 3380 828 improbi-

166 839 379 911 λήνων,
412 845 539 914 μήτε
560 842 627 895 τὰ
660 843 922 896 Ἰουδαίων
948 843 1342 912 φυλάττουσαν;

1838 844 1969 897 tatis
1988 859 2052 898 ac
2072 844 2390 900 temeritatis
2414 861 2533 901 esse
2566 864 2673 903 non
2708 849 2902 914 videat,
2936 851 3231 904 amicorum
3274 866 3373 905 ne-

169 936 652 1007 cessariorumque
698 952 877 992 mores
923 946 1083 1007 atque
1117 938 1252 992 ritus
1295 937 1688 992 inconsiderate
1716 953 1779 992 ac
1818 938 2005 993 leviter
2059 940 2322 1009 abjicere,
2376 956 2439 995 ac
2484 957 2602 997 sese
2643 942 2782 997 futili
2845 945 3073 1013 quadam
3126 946 3382 1016 nulloque

165 1030 432 1083 examine
470 1032 694 1099 probata
732 1030 834 1083 ﬁde
872 1031 941 1084 ad
994 1030 1269 1084 huminum
1330 1031 1640 1099 impiorum,
1682 1033 2016 1101 populosque
2057 1048 2245 1089 omnes
2301 1036 2477 1090 hostili
2538 1041 2972 1108 prosequentium
3010 1040 3133 1095 odio
3179 1054 3378 1097 sectam

165 1120 508 1191 adjungere?
570 1120 702 1184 lmo,
737 1136 806 1175 ne
843 1120 1008 1177 Deum
1057 1122 1276 1193 quidem
1325 1123 1501 1193 ipsum
1533 1140 1562 1178 a
1594 1122 1793 1180 Iudaeis
1830 1126 2032 1180 cultum
2086 1141 2235 1181 more
2271 1129 2620 1199 institutoque
2649 1130 2953 1186 Judzcorum
2983 1136 3221 1188 venerari
3248 1153 3263 1188 :
3287 1135 3381 1190 sed

170 1230 381 1268 novam
408 1230 468 1269 ac
490 1215 761 1271 desertam
792 1217 1104 1286 quamdam,
1149 1218 1240 1272 ubi
1288 1217 1494 1272 nullum
1550 1226 1643 1272 aut
1683 1216 1993 1275 Graecorum
2035 1229 2127 1274 aut
2192 1222 2543 1277 barbarorum
2588 1226 2864 1295 vestigium
2910 1239 3180 1296 appareat,
3219 1231 3384 1285 semi-

174 1314 298 1362 tam
328 1308 605 1364 insistere?
1258 1360 1264 1364 .
2944 1318 2950 1324 ’

245 1402 437 1455 Ταῦτα
468 1404 563 1473 μὲν
606 1397 698 1455 οὖν
745 1403 965 1467 είκότως
1004 1404 1069 1459 ἀν
1113 1422 1196 1468 τις
1235 1404 1519 1474 Ἑλλήνων,
1570 1403 1732 1474 μηδὲν

1904 1402 2081 1470 Atque
2116 1402 2230 1455 hatc
2256 1400 2564 1455 Graacorum
2598 1401 2735 1459 forte
2770 1404 3062 1473 quispiam,
3108 1407 3199 1473 qui
3243 1408 3378 1460 nihil

167 1494 378 1563 ἀληθὲς
431 1496 560 1564 μήτε
624 1493 731 1547 τῶν
779 1495 1028 1559 οἰκείων,
1072 1496 1206 1565 μήτε
1263 1495 1372 1547 τῶν
1418 1495 1539 1548 καθ’
1588 1496 1733 1565 ἡμᾶς

168 1586 404 1650 ἐπαΐων,
447 1586 581 1655 πρὸς
624 1585 772 1654 ἡμᾶς
811 1586 1157 1664 ἀπορήσειεν.
1216 1586 1642 1656 Ἐπιμέμψαιντο
1687 1586 1732 1637 δ’

168 1676 242 1730 ἂν
278 1678 408 1746 ἡμῖν
431 1678 522 1729 καὶ
561 1676 824 1748 Ἐϐραίων
856 1678 1069 1740 παῖδες,
1101 1678 1148 1729 εί
1177 1676 1239 1747 δὴ
1279 1677 1556 1765 ἀλλόφυλοι
1584 1677 1733 1740 ὄντες

171 1769 274 1821 καὶ
302 1768 623 1837 ἀλλογενεῖς,
658 1773 777 1833 ταῖς
804 1769 981 1824 αὐτῶν
1007 1768 1202 1838 βίϐλοις
1233 1768 1606 1839 ἀποχρώμεθα
1633 1786 1737 1838 μη-

168 1858 265 1912 δὲν
299 1862 422 1931 ἡμῖν
444 1861 860 1932 προσηκούσαις
893 1864 974 1914 ὅτι
997 1878 1055 1912 τε
1092 1860 1338 1925 ἀναιδῶς,
1374 1860 1449 1923 ὡς
1490 1860 1554 1912 ἂν
1581 1860 1731 1912 αὐτοὶ

170 1954 357 2019 φαῖεν,
405 1954 496 2005 καὶ
540 1954 907 2024 ἀναισχύντως
955 1953 1190 2015 ἐαυτοὺς.
1223 1951 1320 2021 μὲν
1363 1950 1725 2021 είσωθοῦμεν,

1834 1507 2062 1561 usquam
2090 1492 2199 1545 veri
2230 1492 2297 1545 de
2339 1492 2453 1546 suis
2482 1494 2744 1547 nostrisve
2777 1497 2937 1549 rebus
2976 1511 3037 1549 ac
3077 1497 3379 1553 rationibus

1833 1581 2174 1648 intellexerit,
2200 1582 2355 1637 nobis
2377 1584 2741 1638 verisimiliter
2757 1587 2993 1655 objiciat.
3020 1586 3225 1640 Hebraei
3248 1604 3377 1643 vero

1833 1682 2019 1729 contra
2046 1683 2417 1741 succenseant,
2442 1678 2584 1743 quod
2614 1679 2817 1730 externi
2841 1688 2893 1731 ct
2917 1679 3227 1746 alienigena:
3253 1694 3376 1733 cum

1832 1766 2023 1829 simus,
2064 1781 2253 1820 eorum
2275 1775 2456 1820 tamen
2486 1767 2638 1821 libris
2664 1769 2797 1822 nihil
2823 1768 2888 1822 ad
2925 1785 3024 1823 nos
3048 1770 3231 1838 utique
3260 1785 3381 1837 per-

1831 1857 2121 1911 tinentibus
2164 1858 2484 1921 abutamur,
2532 1857 2785 1928 quodque
2833 1875 2935 1913 nos
2986 1861 3131 1929 ipsos
3173 1860 3380 1914 invere-

1828 1949 2023 2014 cunde,
2062 1958 2123 2004 ut
2157 1949 2259 2020 ipsi
2286 1949 2595 2018 loquentur,
2625 1958 2677 2004 et
2716 1950 3054 2019 impudenter
3098 1952 3376 2005 intruden-

169 2042 308 2105 τοὺς
348 2042 405 2095 δὲ
449 2044 682 2107 οἰκείους
703 2021 809 2097 ’καὶ
854 2045 1092 2113 ἐγγενεῖς
1133 2041 1239 2096 τῶν
1275 2042 1456 2104 αὐτοῖς
1490 2040 1731 2112 πατρίων

1832 2048 1931 2104 tes,
1957 2040 2287 2095 domesticos
2315 2050 2367 2095 et
2391 2041 2669 2111 indigenas
2694 2042 2887 2110 patriis
2909 2042 3258 2110 religionibus
3285 2057 3379 2110 per

170 2132 398 2197 ἐξωθεῖν
438 2134 901 2205 παραϐιαζόμεθα.
946 2135 1069 2187 Εἴτε
1110 2136 1216 2205 γάρ
1255 2152 1337 2198 τις
1378 2134 1462 2203 εῐη
1501 2133 1731 2204 Χριστὸς

172 2221 591 2294 θεσπιζόμενος,
642 2225 774 2278 ἀλλά
834 2226 1096 2279 Ἰουδαίων
1152 2222 1293 2297 ἦσαν
1352 2226 1621 2297 προφῆται
1683 2225 1732 2277 οἱ

166 2313 370 2367 τούτου
398 2316 490 2385 τὴν
519 2316 697 2385 ἄφιξιν
710 2313 1169 2389 προκηρύξαντεςξ
1181 2319 1228 2371 οἳ
1247 2318 1338 2371 καὶ
1348 2316 1617 2387 λυτρωτὴν
1640 2317 1733 2370 καὶ

174 2406 403 2476 βασιλέα
438 2409 697 2463 Ἰουδαίων
729 2406 874 2478 ἥξειν
902 2410 1081 2472 αὑτὸν,
1112 2410 1229 2479 ούχὶ
1270 2411 1326 2463 δὲ
1368 2408 1474 2462 τῶν
1507 2408 1734 2478 ἀλλοφύ-

171 2494 289 2550 λων
319 2498 487 2552 ἐθνῶν
512 2500 868 2570 κατήγγειλαν
890 2515 902 2528 ·
932 2500 1039 2552 είτε
1094 2499 1210 2552 τινὰ
1252 2499 1383 2553 ἀλλα
1414 2498 1733 2570 φαιδρότερα
1770 2528 1773 2531 ν

175 2588 519 2658 περιέχουσιν
550 2590 606 2641 αί
626 2590 849 2662 Γραφαὶ,
880 2590 973 2642 καὶ
1006 2587 1179 2642 ταῦτα
1216 2588 1486 2649 Ἰουδαίοις
1519 2588 1734 2655 ἀναφω-

175 2678 415 2742 νεῖσθαι,
458 2672 534 2731 ὧν
574 2680 671 2733 οὐκ
716 2676 773 2733 εὖ
822 2680 1151 2751 πράττοντας
1198 2677 1525 2751 παρακούειν
1561 2678 1727 2748 ἡμᾶς.

172 2769 291 2823 Καὶ
333 2770 536 2842 σφόδρα
582 2771 793 2835 ἀτόπως
832 2772 958 2836 τοὺς
997 2771 1093 2841 μὲν
1130 2770 1269 2823 κατά
1309 2768 1402 2821 τοῦ
1434 2766 1617 2830 ἐθνους
1647 2765 1730 2834 ἐφ’

174 2856 260 2923 οἷς
295 2862 602 2931 ἡμάρτανον
633 2862 902 2933 ἐλέγχους,
934 2857 994 2915 εὖ
1043 2860 1185 2931 μάλα
1227 2858 1513 2932 ἁρπαλέως
1539 2857 1729 2910 ἀποδέ-

175 2950 398 3019 χεσθαι’
430 2951 530 3015 τὰς
566 2954 621 3006 δὲ
654 2954 761 3007 τῶν
808 2952 1024 3021 ἀγαθῶν
1064 2952 1225 3005 πάλιν
1264 2952 1445 3013 αὐτοῖς
1485 2948 1733 3013 θεσπιζο-

178 3039 350 3109 μένας
381 3042 705 3112 ἐπαγγελίας
744 3043 1090 3113 ἀποσιωπᾷν,
1142 3042 1337 3112 μᾶλλον
1379 3041 1435 3094 δὲ
1482 3040 1729 3104 ἐκϐιάζε-

1830 2130 1938 2184 vim
1983 2132 2271 2186 exturbare
2312 2146 2592 2187 conemur.
2647 2131 2954 2197 Enimvero,
2993 2134 3103 2186 sive
3132 2133 3378 2186 Christus

1832 2221 2025 2292 aliquis
2066 2222 2325 2277 divinitus
2373 2223 2501 2276 olim
2545 2226 2936 2293 praenuntiatus
2978 2225 3266 2285 habeatur,
3314 2241 3377 2278 ex

1831 2311 2031 2368 Iudaeis
2060 2322 2205 2368 certe
2233 2315 2524 2383 prophetas
2570 2315 2694 2371 illos
2725 2314 2913 2381 fuisse,
2958 2319 3049 2385 qui
3092 2319 3377 2373 adventum

1831 2406 1950 2475 ejus
1976 2405 2292 2475 praedixere,
2334 2398 2429 2477 qui
2472 2407 2635 2462 simul
2671 2408 2845 2478 ipsum
2885 2407 3101 2473 Iudaeis,
3132 2424 3236 2462 non
3277 2426 3377 2465 au-

1831 2506 1937 2552 tem
1971 2499 2185 2568 populis
2212 2499 2530 2568 alienigenis
2558 2498 2969 2569 Redemptorem
3004 2517 3123 2555 esse
3152 2501 3379 2570 Regem-

1831 2603 1939 2659 que
1968 2599 2257 2643 venturum
2296 2590 2540 2644 cecinere
2570 2608 2583 2643 :
2619 2591 2730 2644 sive
2765 2592 2869 2644 alia
2898 2595 3140 2660 quredam
3174 2593 3379 2646 lcetiora

1832 2695 2004 2735 sacrae
2038 2679 2230 2736 litterae
2266 2679 2595 2745 contineant,
2642 2696 2705 2735 ea
2749 2696 2964 2751 quoque
3010 2680 3210 2736 Judaeis
3252 2697 3376 2751 pro-

1832 2770 2081 2825 nuntiata
2123 2785 2277 2836 esse,
2318 2769 2558 2840 adeoque
2600 2770 2780 2825 minus
2819 2771 2962 2840 juste
3015 2786 3115 2825 nos
3170 2770 3375 2838 facere,

1832 2863 1924 2932 qui
1963 2877 2243 2932 perperam
2269 2862 2457 2917 eadem
2498 2872 2554 2917 et
2598 2862 2775 2916 alieno
2811 2863 2969 2932 plane
3005 2878 3167 2917 sensu
3200 2864 3381 2933 capia-

1831 2971 1972 3009 mus.
2004 2955 2060 3025 6
2089 2951 2224 3008 Illud
2263 2954 2428 3008 etiam
2494 2953 2883 3024 perabsurdum
2926 2969 3067 3018 esse,
3112 2956 3252 3024 quod
3286 2970 3377 3009 eas

1831 3044 2052 3113 quidem
2094 3042 2561 3111 reprehensiones,
2600 3044 2797 3111 quibus
2830 3044 3065 3099 nationis
3093 3045 3249 3113 hujus
3284 3044 3377 3099 de-

176 3128 304 3181 σθαι
343 3132 436 3185 καὶ
462 3135 540 3197 είς
576 3134 798 3197 ἑαυτοὺς
845 3132 1187 3203 μεταφέρειν,
1219 3130 1473 3199 ἄντικρυς
1518 3128 1730 3181 πλεονε-

1832 3133 1955 3187 licta
2005 3140 2391 3202 coarguuntur,
2430 3132 2621 3203 cupide
2659 3133 2949 3187 admodum
2989 3135 3250 3205 avideque
3289 3151 3377 3189 ar-

175 3221 456 3285 κτοῦντας,
485 3224 576 3276 καὶ
616 3216 767 3278 οὐδὲν
798 3225 985 3289 πλέον,
1012 3225 1045 3294 ἢ
1074 3224 1295 3286 ἑαυτοὺς
1331 3220 1724 3285 ἐξαπατῶντας.

1832 3222 2126 3293 ripiamus;
2175 3238 2295 3292 quae
2332 3237 2461 3277 vero
2516 3210 2785 3293 promissa
2839 3225 3098 3280 divinitus
3140 3228 3191 3281 ei
3238 3228 3377 3283 bona

174 3312 255 3364 Τὸ
301 3312 359 3365 δὲ
406 3310 497 3367 οὖν
542 3316 792 3371 ἁπάντων
842 3315 1308 3387 παραλογώτατον,
1356 3315 1437 3366 ὅτι
1486 3312 1617 3383 μηδὲ
1662 3313 1727 3365 τὰ

1832 3324 1977 3379 sunt,
2030 3316 2251 3370 omnino
2298 3316 2640 3381 reticeamus,
2694 3317 2775 3371 vel
2823 3318 3001 3387 potius
3033 3328 3239 3373 extorta
3285 3335 3380 3389 per

173 3403 385 3473 νόμιμα
417 3405 805 3475 παραπλησίως
833 3408 1011 3471 αὐτοῖς
1041 3407 1407 3479 περιέποντες,
1438 3404 1569 3457 ἀλλά
1595 3422 1728 3476 προ-

1833 3408 1941 3462 vim
1978 3408 2030 3461 in
2059 3424 2160 3463 nos
2200 3408 2347 3478 ipsos
2386 3407 2815 3463 transferamus:
2850 3410 2993 3479 quod
3037 3426 3167 3464 sane
3200 3412 3375 3478 palam

174 3496 365 3575 φανῶς
404 3497 857 3568 παρανομοῦντες,
898 3500 995 3565 τάς
1035 3500 1443 3571 ἐπηγγελμένας
1484 3502 1595 3561 τοῖς
1622 3498 1729 3550 τῶν

1835 3508 2037 3553 etcum
2085 3498 2314 3551 aliorum
2348 3497 2542 3565 injuria
2585 3514 2696 3553 suae
2732 3500 3011 3568 cupiditati
3054 3502 3275 3565 servire,
3315 3516 3379 3555 ac

173 3585 361 3655 νόμιον
418 3586 605 3654 φύλαξι
653 3590 1014 3659 χρηστοτέρας
1078 3589 1307 3659 ἀμοιϐὰς
1374 3590 1451 3651 είς
1511 3582 1731 3649 ἑαυτοὺς

1837 3603 1894 3641 se
1924 3589 2101 3656 ipsum
2143 3587 2197 3640 in
2226 3601 2461 3640 errorem
2497 3594 2551 3639 et
2580 3586 2823 3641 fraudem
2856 3588 3110 3642 inducere
3140 3598 3239 3643 est.
3273 3590 3375 3645 De-

173 3675 556 3747 ἐπισπώμεθα.
1076 3690 1079 3691 ⁷

1837 3680 1998 3746 nique
2037 3678 2139 3731 hoc
2166 3677 2234 3731 ab
2272 3677 2417 3730 omni
2444 3676 2652 3731 ratione
2696 3677 2929 3731 maxime
2963 3678 3197 3732 alienum
3237 3694 3377 3743 esse,

174 3772 325 3840 quod
388 3790 508 3829 cum
553 3791 621 3831 ne
668 3775 758 3830 illa
805 3775 1043 3845 quidem,
1070 3777 1201 3846 quae
1239 3774 1544 3831 Judreorum
1606 3774 1813 3843 legibus
1851 3773 2138 3827 constituta
2194 3780 2351 3837 sunt,
2412 3772 2597 3826 eodem
2660 3772 2764 3826 ritu
2818 3788 3129 3838 servemus,
3185 3775 3277 3827 sed
3325 3774 3377 3827 in

176 3868 425 3923 omnium
468 3871 637 3927 oculis
686 3872 966 3927 adversum
1016 3886 1079 3924 ea
1127 3872 1535 3941 delinquamus;
1583 3870 1845 3941 promissa
1892 3876 2069 3922 tamen
2110 3868 2176 3922 iis
2228 3866 2322 3937 qui
2349 3866 2556 3938 legibus
2598 3867 2968 3937 obtemperant
2997 3862 3197 3937 optima
3231 3882 3379 3936 quae-

174 3976 288 4028 que
314 3963 466 4019 nobis
496 3964 713 4034 praemia
744 3964 1094 4019 vindicemus.

709 4056 1097 4111 ΚΕΦΛΛΑΙΟΝ
1135 4056 1207 4107 Γ’.

218 4144 338 4197 Ὀτι
378 4145 462 4214 μὴ
500 4146 907 4214 ἀνεξετάστως
948 4148 1020 4201 τὰ
1049 4148 1155 4201 τοῦ
1183 4148 1474 4215 σωτηρίου
1514 4148 1698 4215 λόγον
1839 4144 1960 4191 Νοη
2006 4148 2193 4192 temere
2226 4144 2516 4215 susceptam
2558 4151 2590 4186 a
2631 4151 2666 4215 rt

678 4218 919 4287 φρονεῖν
946 4220 1237 4287 εἱλόμεθα.
1342 4214 1349 4215 ί
1600 4214 1603 4215 ⁷

2360 4214 2542 4259 ctrina:
2564 4214 2851 4257 veritatem.

251 4304 464 4360 Τούτων
492 4307 720 4377 εὐλόγως
742 4309 806 4363 ἀν
833 4312 864 4379 ἡ
874 4309 987 4380 μῶν
1018 4322 1044 4350 ι
1075 4312 1130 4363 ἐν
1177 4308 1408 4381 πρώτοις
1445 4306 1732 4379 ἀπορηθέν-

1905 4296 2166 4352 Adductis
2198 4296 2250 4350 in
2286 4295 2524 4350 medium
2557 4296 2644 4363 iis,
2671 4297 2736 4352 de
2760 4296 2957 4366 quibus
2986 4293 3221 4350 dubitari
3256 4308 3376 4347 cum

175 4408 309 4457 των,
356 4393 509 4465 φέρε,
566 4396 655 4449 τὸν
695 4397 801 4450 τῶν
841 4397 975 4451 ὅλων
1012 4397 1163 4461 Θεὸν,
1212 4398 1298 4450 διὰ
1342 4396 1436 4451 τοῦ
1490 4398 1732 4467 Σωτῆρος

1838 4390 2020 4459 aliqua
2042 4389 2419 4459 probabilitate
2441 4391 2632 4459 possit,
2654 4405 2750 4459 age
2770 4388 3189 4457 jam,implorato
3220 4386 3381 4455 hujus

176 4483 357 4553 ἡμῶν,
388 4485 481 4539 τοῦ
522 4487 685 4540 αὑτοῦ
712 4489 881 4557 Λόγου
902 4527 917 4553 ,
950 4488 1045 4551 ὡς’
1073 4482 1138 4537 δι’
1194 4489 1522 4559 ἀρχιερέως,
1550 4489 1732 4541 ἐπικα-

1837 4482 2203 4536 universitatis
2252 4480 2343 4535 Dei
2383 4496 2477 4550 per
2522 4480 2861 4535 Servatorem
2916 4488 3159 4534 nostrum
3211 4478 3378 4547 ipsius

176 4571 493 4645 λεσάμενοι,
520 4578 601 4631 ρτὺ
650 4579 862 4654 πρῶτον
907 4579 1013 4633 τῶν
1057 4581 1421 4652 προτεθέντων
1468 4579 1732 4635 ἀποκαθά-

1837 4573 2093 4641 Verbum,
2127 4584 2379 4643 tanquam
2423 4586 2517 4641 per
2549 4586 2821 4626 summum
2862 4571 3189 4640 pontiﬁcem,
3223 4568 3377 4623 auxi-

181 4681 399 4735 ρωμεν,
474 4671 808 4739 συκοφάντας
863 4672 1339 4745 προαποδείξαντες
1398 4673 1521 4735 τοὺς
1575 4671 1732 4743 μηδὲν

1839 4666 1944 4733 lio;
1980 4664 2124 4736 quod
2166 4663 2399 4733 primum
2439 4662 2598 4717 nobis
2636 4662 2905 4733 objectum
2943 4671 3026 4718 est
3069 4664 3139 4716 ita
3187 4674 3377 4728 purge.

2445 4045 2670 4101 CAPUT
2710 4043 2797 4099 ΙΙΙ.

1839 4138 1960 4191 Non
2006 4148 2193 4192 temere
2226 4144 2516 4203 susceptam
2558 4151 2590 4186 a
2631 4133 2777 4186 nobis
2820 4149 2930 4187 esse
2976 4132 3226 4186 salutaris
3283 4130 3379 4183 do-

177 4757 321 4828 ἔχειν
370 4761 516 4829 ἡμᾶς
564 4761 628 4814 δι’
672 4763 995 4827 ἀποδείξεως
1042 4764 1366 4834 παριστάναι
1390 4804 1404 4827 ,
1449 4762 1624 4833 ἀλόγῳ
1675 4761 1732 4814 δὲ

178 4852 361 4905 πίστει
409 4852 690 4923 προσέχειν
739 4852 1201 4923 ἀποφηναμένουςς
1260 4853 1489 4906 Αὑτόθεν
1535 4852 1607 4924 (6)
1669 4851 1732 4922 δὴ

179 4938 274 4998 οὖν
305 4942 463 4997 τοῦτο
506 4943 599 4999 καὶ
629 4943 727 4997 οὐκ
758 4946 823 4997 ἐκ
853 4943 1063 5015 μακροῦ
1089 4944 1447 5013 διελέγξομεν,
1476 4943 1539 4996 ἐκ
1568 4962 1627 4997 τε
1656 4937 1732 4997 ὧν

179 5034 440 5106 χρώμεθα
480 5035 613 5107 πρὸς
650 5036 773 5099 τοὺς
815 5036 906 5091 ἐπὶ
951 5034 1261 5106 διδασκαλίᾳ
1297 5035 1404 5087 τῶν
1432 5034 1552 5087 καθ’
1586 5037 1732 5105 ἡμᾶς

180 5124 356 5193 λόγων
392 5124 714 5205 προσιόντας
756 5126 1103 5193 ἀποδείξεων,
1147 5127 1239 5179 καὶ
1282 5126 1389 5178 τῶν
1431 5126 1563 5197 πρὸς
1608 5128 1732 5189 τοὺς

251 5316 277 5344 ι
316 5302 405 5359 ισ.
432 5306 581 5376 ἡμῖν.

187 5532 201 5545 .
255 5459 987 5547 (θλρύξόθεςνθςυόᾳιοτῷ
1012 5465 1172 5527 πάνυ,
1189 5464 1482 5547 observata
1495 5466 1603 5547 jam
1629 5462 1730 5547 hu:

181 5528 273 5613 jus
301 5528 520 5585 adverb.
552 5528 970 5601 signiﬁcatio,’in'
995 5544 1262 5603 promptu,
1295 5550 1325 5588 e
1354 5550 1410 5588 re
1434 5528 1579 5588 nata.
1628 5532 1733 5586 Sed

187 5598 608 5672 infraLat'mSOsv
635 5603 787 5672 ego;
818 5604 1064 5664 εὐζωῖαν,
1097 5616 1221 5667 etc.,
1253 5620 1342 5670 per
1389 5620 1515 5669 sese,
1552 5612 1732 5671 suapte

185 5672 256 5735 vi,
296 5671 432 5736 suis,
467 5669 776 5740 nonralienis
804 5673 1017 5740 opibus;
1049 5679 1101 5724 et
1141 5689 1155 5723 :
1190 5669 1260 5723 τὸ
1288 5673 1508 5724 αὐτόθεν
1570 5669 1733 5728 ὑπερ-

158 5776 163 5781 ~
185 5742 328 5810 έχον,
348 5739 609 5803 etc.,eod.
638 5754 815 5810 sensu.
837 5739 996 5808 'Apud
1027 5740 1083 5793 Β.
1108 5741 1385 5810 Chrysost.
1418 5758 1570 5793 serm.
1592 5744 1654 5795 de
1672 5743 1729 5795 S.

235 5809 399 5882 abylai
426 5827 443 5865 .'
466 5810 597 5882 Τότε
630 5809 684 5862 δὲ
706 5810 923 5863 αὐτόθεν
949 5809 1233 5882 ἐδείκνυτο,
1258 5810 1337 5863 ὅτι
1390 5810 1728 5882 δαιμόνωνῆν

188 5878 323 5949 ἔργα
348 5881 417 5934 τά
442 5878 751 5949 τελούμενα,
780 5891 905 5945 etc.,
938 5881 1194 5934 omissum
1225 5878 1520 5949 interpreti.
1551 5878 1729 5949 ldies't,

192 5948 269 6011 res
298 5966 383 6015 per
438 5966 547 6011 sese
594 5948 911 6021 loquebatur,
936 5966 1085 6017 opera
1117 5966 1225 6005 esse
1257 5950 1568 6005 damonum.
1606 5948 1728 6005 Plu-

1832 4772 1973 4823 mus,
2031 4762 2091 4810 ut
2138 4768 2232 4809 eos
2280 4763 2405 4809 ante
2452 4754 2633 4810 omnia
2671 4755 2987 4810 calumniari
3041 4752 3375 4806 demonstre-

1832 4863 1976 4914 mus,
2003 4845 2097 4915 qui
2128 4846 2261 4899 nihil
2292 4859 2321 4900 a
2359 4846 2517 4902 nobis
2539 4858 2685 4901 certo
2722 4860 2877 4914 posse
2910 4851 3223 4912 argumento
3248 4857 3377 4895 con—

1831 4937 2055 5003 ﬁrmari,
2100 4937 2193 4991 sed
2242 4936 2366 4991 ﬁdei
2410 4939 2619 4993 cuidam
2668 4938 2737 4990 ab
2776 4935 3025 4989 omnibus
3077 4934 3376 4988 rationibus

1832 5027 2110 5096 imparatae
2136 5026 2381 5082 addictos
2404 5044 2505 5082 nos
2542 5041 2659 5080 esse
2683 5026 2975 5094 aﬁixosque
3008 5024 3371 5095 pronuntiant.

1831 5119 2015 5191 Neque
2068 5136 2196 5177 vero
2253 5128 2614 5177 commentum
2672 5120 2814 5174 istuc
2869 5120 3082 5187 longius
3138 5117 3375 5186 repetitis

1836 5452 2004 5505 tarch.
2027 5445 2329 5516 Comparat.
2363 5444 2577 5500 Solonis
2606 5456 2657 5500 et
2686 5444 2987 5516 Publicolae,
3007 5440 3205 5516 p._lll,
3228 5438 3262 5495 b
3288 5440 3374 5516 :_'0

1832 5522 1887 5574 δὲ
1910 5520 2126 5594 αὐτόθεν
2148 5510 2443 5594 ἀναρρίψας
2469 5518 2561 5594 τδν
2585 5517 2676 5594 ἐπὶ
2702 5514 2962 5594 μεγίστων
2986 5510 3239 5569 κίνδυνον,
3289 5513 3376 5562 ἰπ-

1833 5592 2026 5659 ανέστη
2061 5570 2367 5659 Ταρκυνίῳ,
2401 5570 2671 5659 confestim
2702 5570 2753 5659 in
2782 5570 3021 5659 'apertum
3060 5598 3171 5659 sese
3202 5594 3375 5659 rerum

1833 5648 2177 5713 maxim-arum
2208 5648 2507 5708 discrimen.
2538 5648 2833 5722 conﬁciens,
2866 5648 3096 5717 Opponit
3129 5652 3274 5722 enim‘
3306 5651 3371 5722 llr

1834 5731 1921 5782 lud
1960 5727 2200 5789 αὐτόθεν,
2233 5726 2444 5779 Solonis
2490 5726 2564 5795 τῷ
2616 5719 3031 5795 προσποιήματι,
3065 5728 3117 5773 et
3159 5719 3371 5795 παιδιᾶς

1833 5817 1935 5851 τινι
1966 5799 2167 5867 τρόπῳ,
2191 5810 2313 5850 cum
2344 5792 2613 5853 Publicbla
2639 5792 2749 5849 sine
2776 5792 2918 5843 larva
2950 5800 3001 5844 et
3030 5793 3369 5844 Simulattone

1835 5868 2185 5938 Tarquinium
2216 5878 2433 5938 peteret.
