3980 6338
656 447 721 507 at
1194 418 1223 471 ί
1276 447 1547 505 Ευεεοιι
1588 443 2061 503 cesmmsrs
2094 442 2201 500 om

2300 439 2457 497 'ARS
2487 439 2551 496 ιι.
2593 469 2663 481 —-
2695 433 3187 493 APOLOGETICA.
3817 423 3892 478 Si

658 561 1092 632 probationibus,
1127 559 1221 615 sed
1249 574 1280 615 e
1310 576 1371 615 re
1408 568 1534 613 nata
1574 560 1754 614 ductis
1790 559 2201 629 redarguemus;

2316 551 2834 623 ἀντιδιατιθεμένους
2874 551 3006 621 ἡμῖν
3030 549 3105 627 ,ἐν
3143 548 3263 610 ταῖς
3298 542 3681 613 λογικωτέρας
3716 538 3894 632 ζητη-

654 640 851 722 partim
893 652 1142 706 videlicet
1182 666 1248 706 eo
1280 650 1804 705 demonstrationum
1848 665 2065 721 genere,
2105 663 2218 717 quo

655 745 795 813 apud
826 744 949 798 illos
975 744 1201 805 utimur,
1242 744 1336 811 qui
1380 742 1736 812 percipienda:
1772 756 2086 795 sermonum
2118 754 2215 794 eo-

652 852 772 890 rum
820 850 960 905 quos
1010 836 1077 890 de
1127 835 1291 889 rebus
1335 836 1541 890 nostris
1588 834 1923 889 instituimus
1955 832 2216 886 doctrinae

652 927 825 998 gratia
854 926 1189 981 conveniunt
1223 944 1236 979 :
1269 926 1464 994 partim
1493 940 1559 980 ex
1598 925 1894 993 responsis,
1927 923 2126 993 quibus
2159 922 2214 976 in

645 1016 1043 1087 quaestionibus
1066 1031 1130 1069 ex
1171 1016 1443 1069 snbtiliori
1474 1015 1772 1083 logieorum
1807 1024 1923 1068 arte
1949 1013 2214 1067 discussis

530 1171 534 1175 _
648 1108 1086 1161 adversariorum
1123 1118 1437 1177 argumenta
1475 1105 1801 1172 refcllimus;
1836 1107 2031 1175 partim
2057 1105 2213 1159 deni-

647 1211 758 1266 que
794 1211 855 1250 ει
908 1198 1371 1267 disputationibus
1404 1198 1530 1262 illis,
1572 1212 1711 1266 quas
1749 1206 2010 1271 tanquam
2056 1196 2214 1250 nobis

646 1287 997 1351 bonoritlcas,
1044 1298 1153 1343 tam
1198 1290 1401 1359 scripto
1450 1305 1612 1359 quam
1664 1290 1784 1343 sine
1827 1289 2050 1358 scripto,
2098 1288 2236 1343 sive.

644 1379 899 1449 privatim
925 1395 1048 1433 cum
1075 1381 1303 1450 singulis
1327 1382 1419 1450 qui
1448 1396 1547 1435 nos
1575 1382 1931 1449 interrogant,
1965 1383 2078 1435 sive
2104 1397 2213 1450 pu-

645 1471 786 1525 blice
824 1473 889 1525 ad
923 1472 1179 1541 populum
1223 1473 1366 1526 ultro
1397 1473 1596 1526 habere
1629 1476 2037 1527 consuevimus.
2070 1474 2211 1539 Qui-

644 1566 747 1620 bus
780 1566 1137 1633 meritosane
1159 1564 1305 1628 libri,
1330 1578 1468 1633 quos
1497 1578 1608 1634 pra:
1640 1565 1891 1619 manibus
1923 1565 2209 1630 habemus,

639 1654 766 1731 addi
794 1664 1041 1723 possunt,
1078 1662 1262 1723 utpote
1291 1656 1385 1724 qui
1419 1657 1736 1711 universum
1762 1658 2075 1732 evangelica
2110 1656 2213 1711 De-

639 1745 1038 1797 monstratiom’s
1080 1760 1217 1815 opus
1248 1745 1728 1815 comprehendant.
1775 1746 1867 1803 Sic
1906 1751 2050 1803 enim
2099 1763 2212 1802 ma-

639 1841 858 1888 nantem
913 1849 979 1889 ex
1017 1834 1129 1890 Deo
1182 1836 1453 1906 gratiam,
1500 1852 1565 1891 ac
1606 1838 1845 1893 caelestis
1897 1838 2212 1892 munificen-

637 1925 727 1979 tia:
782 1925 935 1993 vim,
985 1933 1246 1995 tanquam
1301 1926 1431 1981 felix
1480 1928 1745 1995 nuntius,
1799 1928 2055 1983 universo
2106 1931 2207 1983 bo-
2238 1909 2280 1964 Β

637 2017 848 2070 ωἰηιιηι
908 2016 1090 2085 generi
1156 2026 1445 2085 susceptus
1501 2033 1532 2072 a
1587 2019 1746 2074 nobis
1794 2034 1975 2073 sermo
2023 2019 2206 2075 decla-

637 2119 743 2171 rat,
790 2117 851 2161 ut
891 2108 1039 2161 illam
1084 2124 1302 2179 quoque
1350 2110 1480 2166 Jesu
1526 2110 1729 2166 Christi
1776 2111 1872 2166 Dei
1911 2112 2033 2167 Filii
2085 2113 2209 2166 Ser-

636 2199 846 2253 vatoris
897 2197 1223 2268 Dominique
1272 2202 1446 2255 nostri
1504 2202 1865 2255 oscouomiam
1920 2202 2206 2256 subtiliore

640 2288 995 2359 plurimorum
1023 2300 1077 2344 et
1102 2291 1605 2348 illustrissimorum
1638 2302 2083 2361 argumentorum
2108 2291 2206 2346 de-

636 2382 1031 2437 monstratione
1065 2382 1369 2438 confirmet.
1418 2383 1496 2438 Ac
1544 2383 1798 2453 permulti
1847 2384 2063 2453 quidem
2107 2400 2205 2438 an-

632 2478 686 2525 te
716 2472 765 2542 7
799 2489 897 2528 nos
938 2474 993 2527 in
1040 2474 1149 2527 alio
1181 2489 1323 2543 saepe
1351 2475 1658 2545 disputandi
1688 2490 1884 2544 genere
1910 2476 2204 2530 studiosius

631 2561 1013 2631 elaborarunt;
1056 2581 1149 2620 seu
1199 2568 1416 2636 scriptis
1451 2568 1816 2622 voluminibus
1862 2567 2204 2623 adversario-

634 2669 754 2707 rum
786 2666 1094 2709 nostrorum
1121 2657 1457 2725 obiectiones
1486 2656 1868 2723 confutarent,
1920 2672 2017 2712 seu
2058 2673 2204 2713 com-

633 2742 914 2796 mentariis
960 2744 1285 2811 quibusdam
1346 2752 1401 2799 et
1459 2746 1780 2801 tractatibus
1821 2746 2095 2815 sigillatim
2145 2746 2199 2800 in

630 2841 779 2887 certa
807 2833 1051 2889 membra
1080 2835 1325 2906 digestis,
1357 2835 1650 2906 inspiratas
1692 2838 1954 2893 divinitus
1988 2854 2201 2894 sacras-

630 2938 739 2992 que
762 2923 969 2978 litteras
1005 2924 1291 2995 diligentcr
1317 2927 1692 2997 explanarent,
1727 2944 1823 2985 seu
1872 2929 2103 3000 denique
2133 2930 2200 2985 fi-

630 3011 718 3066 dei
748 3026 946 3071 nostra!
977 3014 1229 3085 dogmata
1276 3018 1665 3074 vehementiori
1707 3021 2056 3077 contentione
2101 3022 2197 3078 de-l

629 3102 929 3161 fenderent.
987 3105 1310 3176 Hnjusmodi
1368 3119 1548 3166 tamen
1595 3113 1753 3178 quasi
1804 3114 2082 3184 proprium
2136 3131 2199 3171 ac

630 3196 903 3264 singulare
928 3212 1309 3267 argumentum
1337 3217 1367 3256 a
1398 3204 1555 3258 nobis
1579 3219 1702 3258 cum
1727 3206 1892 3260 animi
1924 3207 2198 3276 voluptate

629 3294 914 3341 tractatur.
964 3288 1282 3359 Quanquam
1317 3292 1560 3346 omnium
1610 3309 1741 3348 sane
1773 3297 2022 3366 princeps
2056 3296 2199 3352 Pau-

629 3376 717 3438 lus
742 3377 830 3431 ille
855 3394 1008 3433 sacer
1036 3382 1315 3447 apostolus
1338 3424 1353 3447 ,
1388 3384 1686 3452 repudiatis
1714 3384 1998 3442 fallacibus
2021 3403 2087 3442 ac
2115 3385 2203 3441 fu-

628 3475 805 3525 catam
829 3468 1226 3536 probabilitatis
1270 3472 1502 3539 speciem
1538 3474 1948 3530 ostendentibus
1981 3478 2201 3531 conclu-

509 3564 512 3565 ⁷
627 3555 927 3621 aiunculis,
969 3567 1147 3615 certas
1179 3567 1233 3613 et
1285 3560 1354 3614 ab
1399 3562 1547 3615 omni
1594 3564 1945 3633 ambiguitate
1996 3582 2200 3623 vacuas

626 3646 1121 3704 demonstrationes
1173 3651 1471 3716 adhibens,
1529 3653 1610 3708 sic
1660 3654 1860 3710 alicubi
1910 3656 2151 3727 loquitur
2182 3678 2209 3713 :-

632 3754 657 3795 ι
688 3736 754 3792 Et
776 3754 954 3794 sermo
981 3755 1136 3795 meus
1166 3751 1218 3795 et
1245 3743 1557 3812 praedicatio
1585 3761 1709 3800 mea
1730 3762 1841 3804 non
1881 3749 1936 3802 in
1969 3765 2197 3819 persua-

627 3828 875 3884 sibilibus
926 3830 1178 3886 humana:
1209 3832 1485 3901 sapientia:
1510 3835 1724 3901 verbis,
1763 3837 1859 3892 sed
1911 3838 1966 3892 in
2017 3849 2198 3895 osten-

627 3922 781 3975 sione
808 3921 1034 3990 spiritus
1062 3930 1117 3976 et
1145 3922 1360 3983 virtutis
1394 3924 1436 3977 ⁸.
1479 3942 1500 3976 ι
1548 3920 1757 3991 Quibus
1789 3927 1905 3983 haec
1934 3929 2193 3999 subjicit:

633 4029 658 4069 ι
696 4012 1026 4079 Sapientiam
1060 4023 1243 4068 autem
1288 4015 1564 4085 loquimur
1598 4019 1740 4073 inter:
1758 4018 2025 4089 perfectos
2051 4040 2077 4087 ;»
2103 4037 2195 4077 sa—

628 4102 884 4172 pientiam
930 4117 1059 4156 vero
1103 4108 1210 4158 non
1242 4105 1403 4174 bujus
1448 4108 1650 4173 sterili,
1681 4125 1856 4180 neque
1885 4114 2192 4181 principum

631 4189 794 4259 hujus
823 4190 1005 4245 szeculi
1032 4230 1045 4253 ,
1080 4194 1174 4261 qui
1222 4194 1621 4250 destruantur:
1661 4199 1754 4252 sed
1795 4200 2070 4269 loquimur
2100 4203 2193 4257 Dei

628 4281 951 4349 sapientiam
975 4281 1027 4334 in
1064 4284 1339 4352 mysterio,
1370 4298 1500 4351 qua
1527 4285 1842 4341 abscondita
1869 4298 1955 4343 est
1978 4290 2019 4344 ⁷.
2058 4309 2077 4342 ι
2113 4290 2192 4345 Ac

624 4387 843 4428 rursum
874 4390 888 4426 :
922 4391 940 4423 ι
978 4371 1314 4429 Sullicicntia.
1359 4387 1544 4431 nostra
1566 4418 1580 4441 ,
1617 4378 1812 4448 inquit,
1844 4394 1908 4433 ex
1937 4379 2048 4434 Deo
2071 4391 2188 4449 est,

621 4466 717 4536 qui
768 4474 823 4519 et
882 4466 1107 4521 idoneos
1157 4483 1256 4522 nos
1324 4466 1451 4523 fecit
1504 4470 1783 4525 ministros
1824 4472 1952 4525 novi
2004 4470 2191 4526 Testa-

2319 661 2466 699 σεσιν
2510 644 2906 714 ἀντιρρήσεωνο
2939 641 3007 694 δι’
3036 632 3109 693 ὧν
3150 654 3212 690 τε
3256 632 3679 706 φιλοτιμούμεθα
3710 630 3891 682 ποιεῖ·

2319 736 2443 789 σθαι
2470 735 2733 807 ἀγράφων
2767 750 2843 786 τε
2874 734 2967 786 καὶ
3008 731 3315 802 ἐγγράφων,
3345 726 3467 797 ἰδίᾳ
3492 742 3554 778 τι
3593 723 3687 777 καὶ
3751 720 3893 791 πρὸς

2315 830 2547 882 ἑκαστον
2578 828 2689 881 τῶν
2724 822 3072 897 ἐρωτώντων,
3115 821 3209 873 καὶ⁵
3241 821 3393 889 κοινῇ
3427 815 3562 888 πρὸς
3602 814 3672 868 τὰ
3701 809 3891 881 πλήθη

2316 1290 2525 1351 πάντας
2550 1283 2867 1355 ἀνθρώπους
2886 1283 2996 1369 l(6‘)
3032 1278 3454 1348 εὐαγγελίζεται,
3488 1277 3586 1347 τὴν
3618 1273 3766 1369 κατά
3794 1271 3895 1369 τὸν

2314 1380 2540 1451 Σωτῆρα
2564 1378 2656 1431 καὶ
2674 1376 2875 1449 Κύριον
2887 1362 3046 1447 ’ἡμῶν
3072 1371 3276 1443 Ἰησοῦν
3288 1369 3623 1442 Χριστὸνξτὸν
3633 1366 3769 1420 Υἰδν
3792 1362 3893 1417 τοῦ

2314 1471 2447 1526 Θεοῦ
2472 1470 2782 1540 οἰκονομίαν
2825 1466 3178 1537 λογικώτερον
3203 1463 3288 1517 διὰ
3310 1462 3574 1515 πλείστων
3606 1458 3702 1512 καὶ
3726 1460 3881 1527 ἐναρ-

2311 1565 2422 1634 γῶν
2455 1561 2777 1628 ἀποδείξεων
2811 1558 3183 1627 πιστούμενος.
3224 1554 3610 1608 Ἐσπούδασται
3658 1550 3762 1621 μὲν
3794 1543 3888 1602 οὖν

2312 1656 2580 1719 πλείστοις
2616 1654 2725 1709 τῶν
2765 1654 2871 1724 πρὸ
2911 1650 3068 1721 ἡμῶν
3110 1647 3275 1718 πολλή
3323 1663 3406 1709 τις
3446 1644 3581 1714 ἀλλη
3618 1657 3887 1712 πραγμα-

2310 1750 2449 1815 τεία,
2493 1748 2613 1801 τοτέ
2656 1748 2753 1818 μὲν
2796 1744 3045 1813 ἐλέγχους
3088 1741 3183 1793 καὶ
3228 1737 3575 1809 ἀντιρρήσεις
3616 1730 3883 1786 ἐναντίων

2311 1842 2441 1912 ἡμῖν
2482 1841 2652 1908 λόγων
2682 1834 3114 1906 συνταξαμένοις,
3160 1832 3279 1884 τοτὲ
3303 1830 3362 1883 δέ
3392 1827 3490 1890 τὰς
3530 1825 3750 1886 ἐνθέους
3785 1820 3885 1875 καὶ

2312 1933 2463 2003 ἱεράς
2507 1930 2729 2003 Γραφάς
2780 1927 3121 1996 ἐξηγητικοῖς
3172 1921 3557 1993 ὑπομνήμασι,
3606 1916 3703 1970 καὶ
3758 1913 3886 1975 ταῖς

2308 2024 2449 2078 κατά
2478 2024 2640 2093 μέρος
2666 2018 2902 2090 ὁμιλίαις
2928 2013 3365 2086 διερμηνεύσασι,
3390 2010 3512 2064 τοτέ
3531 2009 3589 2062 δέ
3611 2009 3726 2071 τοῖς
3754 2004 3884 2059 καθ’

2305 2118 2453 2187 ἡμᾶς
2481 2115 2743 2184 δόγμασιν
2774 2104 3268 2178 άγωνιστικώτερον
3296 2100 3710 2174 πρεσϐεύσασιν·
3742 2098 3884 2169 ἡμῖν

2305 2225 2373 2275 γε
2396 2206 2500 2278 μὴν
2540 2205 2682 2278 ἰδίως
2717 2203 2751 2274 ἡ
2784 2200 2919 2272 μετά
2946 2200 3119 2269 χαρᾶς
3153 2197 3229 2267 (7)
3254 2197 3559 2248 ἐκπονεέται
3593 2190 3879 2262 πρόθισις.

2305 2276 2526 2371 Πρῶτος
2552 2297 2616 2365 γέ
2637 2276 2721 2349 ἰτοι
2750 2296 2963 2349 πάντων
2989 2294 3018 2345 ο
3039 2290 3180 2361 ιεράς
3204 2285 3494 2349 ἀπόστολος
3516 2283 3749 2348 Παῦλος,
3772 2278 3875 2344 τὰς

2307 2370 2404 2465 μέν
2432 2388 2711 2460 ἀπατηλὰς
2729 2388 2823 2441 καὶ
2846 2381 3155 2454 σοφιστικὰς
3179 2377 3553 2446 πιθανολογίας
3574 2370 3879 2465 παρα-τούξ

2306 2501 2480 2555 μενος,
2499 2479 2881 2551 ἀναμφιλόγοις
2893 2476 2948 2529 δὲ
2965 2472 3241 2544 χρώμενος
3255 2473 3376 2533 ταῖς
3385 2467 3710 2533 ἀποδείξεσι,
3733 2464 3877 2536 φησι

2302 2590 2424 2626 που·
2460 2592 2479 2622 ι
2505 2574 2617 2625 Καὶ
2641 2573 2669 2623 ὁ
2693 2568 2849 2637 λόγος
2885 2564 3061 2637 ἡμῶν,
3092 2564 3185 2617 καὶ
3211 2562 3272 2615 τὸ
3289 2562 3547 2632 κήρυγμα
3559 2558 3658 2611 οὐκ
3680 2557 3738 2609 ἐν
3755 2570 3881 2607 πει-

2303 2663 2387 2717 θοῖ
2436 2660 2780 2732 ἀνθρωπίνης
2830 2657 3019 2725 σοφίας
3070 2654 3269 2722 λόγων,
3329 2649 3443 2704 ἀλλ’
3492 2650 3565 2701 ἐν·
3598 2643 3880 2712 ἀποδείξει

2302 2752 2609 2821 πνεύματος
2628 2750 2721 2803 καὶ
2746 2748 3041 2818 δυνάμεως.
3077 2764 3095 2796 ι
3127 2739 3220 2807 Οἷς
3240 2739 3479 2809 ἐπιλέγει
3500 2754 3515 2770 ’
3551 2756 3571 2789 ι
3594 2736 3800 2805 Σοφίαν
3818 2733 3879 2787 δέ

2300 2840 2573 2912 λαλοῦμεν,
2601 2840 2659 2894 ἐν
2691 2841 2803 2902 τοῖς
2839 2837 3082 2899 τελείοις·
3121 2834 3311 2902 σοφίαν
3344 2830 3421 2895 δὲ,
3454 2829 3515 2881 οὐ
3538 2826 3633 2880 τοῦ
3675 2824 3879 2887 αἰῶνος

2300 2933 2508 2994 τούτου,
2534 2931 2654 2985 οὐδὲ
2675 2928 2782 2983 τῶν
2802 2928 3080 2999 ἀρχόντων
3102 2925 3209 2978 τῶν
3236 2917 3709 2990 καταργουμένων·
3732 2912 3879 2968 ἀλλὰ

2298 3023 2565 3095 λαλοῦμεν
2592 3021 2726 3075 Θεοῦ
2769 3020 2958 3089 σοφίαν
2990 3020 3047 3071 ἐν
3083 3013 3364 3087 μυστηρίῳ

2302 3115 2486 3187 μένην.
2516 3133 2535 3165 ι
2576 3113 2685 3165 Καὶ
2722 3105 2902 3172 αὖθιςο
2939 3126 2958 3158 ι
3004 3108 3066 3158 Ἦ
3112 3104 3363 3172 ἱκανότης
3421 3099 3575 3171 ἡμῶν
3618 3097 3728 3151 ἀπὸ
3776 3097 3876 3187 τοῦ

2298 3184 2454 3267 ὸεοῧ,
2486 3202 2543 3265 δς
2564 3201 2657 3255 καὶ
2687 3199 2946 3253 ἱκάνωσεν
2971 3196 3116 3267 ἡμᾶς
3143 3184 3876 3259 διακόνουςΧαινῆςΔιαθή-

2299 3312 2424 3366 κης.
2465 3315 2484 3346 ι
2515 3293 2753 3356 Εἰκότως
2800 3292 2934 3362 δῆτα
2970 3289 3103 3359 ἡμῖν
3147 3289 3221 3340 ἐν-
3256 3286 3425 3339 ἆπασι
3468 3280 3873 3352 παρήγγελται,

2300 3387 2545 3457 ἑτοίμους
2590 3381 2724 3437 εἶναι
2767 3383 2845 3444 εἰς
2871 3379 3163 3449 ἀπολογίαν
3206 3377 3367 3431 παντὶ
3403 3372 3483 3445 τῷ
3523 3368 3877 3441 temptati"?!

2269 3451 2443 3547 ’ἡμᾶς
2462 3475 2619 3543 λόγον
2646 3473 2775 3544 περὶ
2806 3473 2905 3543 τῆς
2945 3473 3157 3542 ἐνιήμίν
3191 3468 3423 3529 ἐλπίδος.
3452 3462 3614 3517 Ὅθεν
3640 3459 3737 3513 καὶ

2298 3545 2431 3617 νέων
2472 3561 2826 3633 συγγραφέων
2869 3559 3065 3631 μυρίας
3111 3559 3259 3621 ὅσας,
3294 3556 3369 3619 ὡς
3409 3551 3641 3622 εἴρηται,
3667 3545 3877 3601 πανσό-

2298 3673 2431 3725 φους
2449 3655 2541 3707 καὶ
2566 3651 2811 3725 ἐναργεῖς
2836 3652 2977 3724 μετὰ
2995 3648 3365 3719 συλλογισμῶν
3383 3642 3703 3709 ἀποδείξεις,
3724 3639 3875 3712 ὑπὲρ

2294 3748 2389 3803 τοῦ
2412 3747 2531 3801 καθ’
2571 3748 2717 3818 ἡμᾶς
2737 3746 3036 3818 γραφείσας
3050 3782 3053 3785 λ
3067 3743 3246 3810 λόγου,
3268 3736 3554 3807 διαγνῶναι
3580 3734 3871 3804 πάρεστιν,

2298 3838 2667 3910 ὑπομνήματά
2686 3855 2745 3891 τε
2782 3838 2883 3890 οὐκ
2909 3836 3064 3903 ὀλίγα
3104 3834 3183 3896 εἰς
3204 3832 3305 3895 τὰς
3334 3828 3484 3900 ἰεράς
3520 3826 3615 3878 καὶ
3651 3822 3874 3886 ἐνθέους

2284 3930 2515 4002 ,Γραφὰς
2547 3930 2917 4000 πεπονημένα,
2952 3925 3012 3981 τὸ
3038 3922 3266 3994 ἀψευδές
3306 3937 3365 3973 τε
3395 3919 3490 3972 καὶ
3530 3916 3873 3970 ἀδιάπτωτον

2294 4024 2403 4076 τῶν
2426 4022 2662 4094 ἀρχῆθεν
2683 4037 2921 4089 καταγγε
2930 4018 3150 4072 ιλάντων
3177 4016 3306 4085 ἡμῖν
3329 4012 3418 4065 τὸν
3438 4010 3539 4080 τῆς
3558 4004 3872 4067 θεοσεϐείας

2294 4115 2472 4183 λόγον,
2527 4114 2871 4186 γραμμικαῖς
2918 4107 3220 4171 ἀποδείξεσι
3303 4100 3671 4175 παριστῶντα.
3716 4096 3871 4167 Πλὴν

2292 4206 2428 4260 ἀλλά
2458 4206 2699 4276 περιττοὶ
2734 4206 2784 4257 oi
2808 4204 2955 4271 λόγοι
2986 4200 3201 4262 πάντες,
3233 4189 3308 4249 ὧν
3344 4194 3543 4266 ἐναργῆ
3570 4191 3665 4244 καὶ
3694 4187 3869 4258 σαφὲ-

2292 4317 2456 4370 στερα
2486 4298 2555 4351 τά
2588 4298 2743 4371 ἔργα,
2780 4296 2922 4366 ἅπερ
2942 4296 2974 4365 ἡ
2997 4291 3115 4345 θεία
3153 4290 3244 4344 καὶ
3275 4288 3521 4358 οὐράνιος
3561 4282 3656 4336 τοῦ
3681 4281 3869 4352 Σωτῆ-

2295 4408 2385 4462 ρος
2436 4390 2594 4461 ήμῶν
2634 4390 2901 4458 δύναμις,’
2929 4385 3133 4446 πάντας
3181 4379 3495 4453 ἀνθρώπους
3534 4378 3635 4448 τὴν
3683 4374 3869 4429 ἔνθεον

2290 4486 2386 4536 καὶ
2409 4484 2656 4550 οὐράνιον
2682 4480 2825 4551 ζωὴν
2853 4470 3328 4547 εὐαγγελιζομένη,
3357 4473 3652 4546 διαρρήδην
3692 4470 3864 4525 εἰσέτι

620 4556 792 4612 menti
820 4555 863 4611 ⁸.
900 4575 920 4607 ι
960 4554 1249 4611 Enimvero
1295 4557 1415 4625 jure
1461 4558 1617 4613 nobis
1650 4558 1789 4613 inter
1835 4574 2027 4615 omnes
2056 4577 2191 4631 prae-

2300 4573 2385 4625 καὶ
2411 4570 2505 4624 νῦν
2545 4570 2927 4622 ἐπιδείκνυται.
2954 4566 3159 4618 Αὐτίκα
3200 4563 3331 4633 γοῦν
3374 4564 3473 4642 τὴν
3515 4560 3864 4617 διδασκαλίαν

620 4649 967 4717 ceptumJioc
990 4656 1103 4712 est,
1157 4655 1217 4702 ut
1242 4650 1552 4718 quicunque
1602 4649 1821 4703 demum
1857 4650 2001 4705 illius
2033 4652 2182 4721 spei,

620 4754 743 4809 qua:
771 4742 1032 4811 religione
1061 4751 1245 4795 nostra
1278 4742 1589 4796 continetur
1608 4780 1624 4808 ,
1655 4741 1915 4798 rationem
1940 4757 2006 4797 ex
2028 4743 2185 4799 nobis

616 4831 896 4901 requirat,
947 4835 1015 4887 ad
1058 4835 1460 4905 suscipiendam
1503 4834 1623 4903 ejus
1670 4836 2039 4893 defensionem
2090 4851 2187 4907 pa-

618 4924 723 4978 rati
759 4927 1019 4980 continuo
1071 4942 1126 4982 et
1167 4932 1401 4999 expediti
1458 4930 1649 4985 simus.
1701 4927 2062 4995 Quamobrem
2090 4944 2187 4983 ex-

617 5016 831 5087 plorare
876 5017 1049 5071 cuivis
1090 5033 1152 5071 ac
1183 5019 1462 5078 discutere.
1505 5024 1667 5088 licet,
1708 5036 1832 5076 eum
1881 5023 2188 5077 innumera-

616 5109 775 5173 biles,
808 5119 1014 5163 utante
1043 5109 1285 5165 dicebam
1313 5153 1329 5177 ,
1374 5131 1512 5183 quas
1564 5116 1896 5171 recentiores
1941 5114 2186 5185 plerique

619 5203 966 5257 acutissimas
999 5210 1053 5255 et
1079 5202 1513 5261 evidentissimus
1564 5207 1628 5261 ad
1677 5206 1939 5261 doctrinae
1984 5215 2189 5261 nostrae

619 5293 1087 5349 conﬁrmationem
1114 5304 1555 5363 argumentorum
1574 5297 1934 5368 probationes,
1950 5296 2186 5365 edidere;

694 5401 717 5434 ⁸
752 5400 775 5454 ι
804 5402 933 5458 Cor.
969 5420 1029 5468 ιι,
1056 5403 1115 5459 4.
1189 5403 1211 5435 ⁷
1264 5405 1395 5460 ibid.
1427 5403 1483 5471 6,
1515 5402 1571 5462 7.
1632 5405 1718 5463 .‘n
1741 5408 1868 5463 Cor.
1894 5419 1976 5469 ut,
2001 5403 2056 5469 5,
2086 5406 2141 5461 ϐ.

694 5513 794 5582 (6‘)
809 5514 1074 5590 ,Πάντας
1099 5516 1488 5590 ἀνθρώπους..
1513 5514 1609 5590 Est
1626 5520 1747 5590 Aqui
1799 5519 1975 5590 legere
2017 5520 2189 5584 malit,

622 5586 703 5648 εἰς
752 5586 958 5661 πάντας
988 5588 1327 5661 ἀνθρώπους.
1365 5586 1492 5640 Milli
1524 5586 2190 5661 uibil‘ntutandumvide-

624 5665 749 5721 tur;
779 5654 1033 5726 frequens
1063 5654 1208 5713 enim
1248 5672 1377 5713 usus
1428 5664 1508 5711 est
1553 5658 1699 5711 verbi
1742 5658 2190 5729 εὐαγγελίζεσθαι

626 5742 749 5781 cum
785 5738 1025 5799 accusat.
1064 5740 1170 5782 tam
1199 5730 1275 5783 rei
1297 5737 1749 5799 quam‘personaa.
1797 5731 1871 5783 Ita
1923 5746 2045 5784 mox
2086 5745 2189 5785 no—

626 5808 766 5882 ater:
788 5794 1339 5882 Hatrac'dviipibnoui
1357 5794 1652 5882 τὴν-ἐνθεον
1672 5800 1766 5851 καὶ
1777 5800 2027 5882 οὐράνιον
2046 5799 2191 5882 ζωῂν

623 5866 1199 5940 εὐαγγελιζομένη’”ει
1227 5870 1367 5927 infra
1393 5866 1518 5924 ίΤὰ
1564 5868 1814 5941 μέγιστα,
1844 5866 1942 5923 καὶ
1974 5866 2188 5943 ἀληθῶς

2295 4660 2459 4717 αὐτοῦ
2502 4658 2943 4732 κηρυχθήσεσθαι
2968 4656 3197 4729 καθόλης
3220 4656 3318 4727 τῆς
3345 4652 3645 4726 ἀνθρώπιιν
3678 4653 3861 4704 οἰκου-

2290 4752 2474 4823 μένης,
2511 4753 2589 4814 εἰς
2618 4750 2913 4823 μαρτύριον
2958 4750 3090 4802 πᾶσι
3129 4750 3240 4812 τοῖς
3266 4748 3442 4800 ἔθνεσι.
3483 4743 3862 4804 θεσπίσαντος,

2285 4846 2385 4917 τήν
2412 4862 2472 4898 τε
2499 4844 2723 4917 ὕστερόν
2774 4860 2902 4896 ποτε
2934 4843 3203 4896 συστᾶσαν
3230 4843 3305 4913 τῇ
3327 4837 3491 4893 αὑτοῦ
3531 4834 3758 4903 δυνάμει
3798 4831 3862 4897 ἐξ

2291 5304 2501 5357 ἐστάνσ·
2532 5300 2599 5366 δὲ,
2634 5301 2727 5355 καὶ
2793 5298 2976 5371 μένειν
3017 5299 3281 5362 ἄσειστον,
3324 5296 3473 5352 ώοάν
3499 5298 3586 5351 ἐπ’
3620 5296 3859 5367 ἀπίστῳ

2294 5516 2473 5594 ἀγαθά
2496 5518 2700 5583 πάντας
2724 5502 3039 5594 ἀνθρώπους
3067 5515 3520 5594 ειῖαγγελίσασθαι

2299 5584 2593 5663 λόγον,
2627 5600 2681 5644 et
2732 5584 2859 5644 alibi
2911 5604 3069 5663 saepe.
3104 5584 3255 5663 Quod
3286 5584 3852 5663 in_aliis_,qgibds«_tasp

2293 5651 2775 5758 verb'iS'reeeptum
2805 5669 2907 5719 est.
2936 5651 3001 5716 ut
3022 5662 3076 5714 in
3105 5651 3299 5723 ποιεῖν,
3334 5652 3680 5727 ἐργάζεσθαι.
3703 5659 3758 5707 ιι
3783 5651 3853 5706 εἰ»

2296 5731 2691 5873 ωιίίιςυίαρᾶς.
2729 5799 2887 5859 Ιιοηο
2917 5800 3204 5872 legendum
3232 5797 3441 5871 χεῖρας.
3470 5794 3627 5850 Em.
