3980 6338
638 364 710 420 33
814 407 819 414 .
1258 357 1545 419 .EUSEBll
1582 359 2053 416 CESARIENSIS
2089 362 2236 417 OPP.
2275 364 2457 420 PARS
2488 365 2552 420 ll.
2595 396 2664 407 --
2699 365 3197 423 APOLOGETICA.
3778 374 3863 426 56

638 481 812 535 nicem
843 489 1002 547 caput
1047 477 1278 539 attollit,
1326 492 1389 531 ac
1443 477 1597 531 novis
1628 478 1868 546 quotidie
1908 478 2186 549 dignitatis

2295 479 2498 551 ἐχθροῖς
2531 482 2624 534 καὶ⁴
2657 481 2934 551 πολεμίοις
2981 482 3245 536 δουλείαν.
3286 484 3352 536 Ἀ
3395 486 3488 538 καὶ
3524 488 3639 549 ταῖς
3684 489 3866 557 «(op-

637 569 985 625 inerementis
1017 581 1194 630 sueta,
1221 567 1447 636 spiritali
1482 582 1546 621 ac
1575 566 1760 621 divino
1781 568 2085 637 pradicata:
2126 568 2194 622 ab

640 661 735 716 illo
765 660 976 729 pietatis
1016 658 1223 729 fulgore
1249 658 1448 727 passim
1474 659 1548 712 ita
1577 666 1915 723 coruscat,ut
1938 675 2048 713 non
2075 660 2192 714 suis

642 762 849 807 tantum
886 752 1149 814 hostibus,
1183 751 1274 803 sed
1308 766 1376 803 ne
1422 750 1554 817 ipsis
1575 750 1791 819 quidem
1835 751 2029 806 mortis
2065 751 2194 806 fori-

642 843 744 895 bus
777 842 853 895 vel
882 842 1145 894 tantillum
1175 839 1450 894 debilitata
1483 841 1759 894 concedat.
1799 840 1931 905 Quae
1975 841 2192 909 quidem

640 938 821 988 omnia
853 936 977 989 huic
1008 935 1097 988 uni
1150 934 1217 987 ab
1268 947 1332 986 eo
1376 933 1646 1001 quondam
1684 935 1904 1003 prolatae
1952 936 2068 988 voci
2100 950 2191 989 aco

637 1036 788 1096 cepta
810 1027 1021 1080 ferenda
1061 1034 1186 1084 sunt
1204 1027 1223 1057 '
1254 1043 1269 1079 :
1297 1044 1315 1074 ι
1344 1024 1515 1094 Super
1535 1025 1673 1079 hanc
1695 1035 1897 1094 petram
1919 1027 2193 1081 aediﬁcabo

637 1117 934 1173 Ecclesiam
962 1132 1133 1171 meam
1152 1158 1167 1182 ,
1213 1126 1265 1170 et
1294 1125 1461 1185 portae
1504 1115 1659 1170 inferi
1690 1133 1796 1171 non
1828 1117 2193 1185 prmvalebunt

638 1209 898 1262 adversus
931 1223 1070 1260 eam.
1126 1226 1145 1258 ι
1185 1206 1446 1261 (Σεξιιετυηι
1505 1208 1711 1262 inﬁnita
1760 1218 1889 1262 sunt
1935 1208 1987 1260 id
2021 1222 2193 1276 genus

636 1297 742 1351 alia
763 1338 778 1361 ,
828 1312 858 1349 a
892 1294 1176 1351 Servatore
1208 1303 1397 1349 nostro
1452 1296 1811 1365 praenuntiata
1835 1336 1851 1361 ,
1909 1295 2108 1364 quibus
2138 1294 2193 1347 in

636 1388 911 1458 proprium
938 1404 1000 1443 ac
1030 1386 1302 1457 singulare
1333 1394 1708 1456 argumentum
1743 1387 2034 1455 locumque
2057 1401 2192 1439 con-

636 1484 821 1549 gestis,
860 1481 989 1534 dum
1041 1489 1399 1547 congruentes
1444 1488 1497 1533 et
1549 1488 1942 1534 consentaneos
1992 1477 2193 1532 divinis

635 1566 752 1635 ejus
806 1566 1263 1635 przesensionibus
1309 1582 1489 1621 rerum
1542 1568 1781 1636 ipsarum
1831 1568 2010 1621 exitus
2067 1576 2193 1620 ante

634 1656 824 1710 oculos
852 1656 1125 1724 ponimus,
1155 1672 1341 1710 eorum
1372 1671 1490 1724 quae
1522 1656 1681 1709 nobis
1709 1656 1774 1709 de
1816 1656 1928 1723 ipso
1960 1670 2189 1723 persua-

638 1748 849 1811 demus,
894 1749 1178 1802 certiorem
1210 1749 1359 1802 omni
1386 1749 1719 1802 dubitatione
1744 1748 2023 1801 veritatem
2072 1762 2192 1802 esse

2302 570 2519 638 ρήσεσιν
2562 570 2889 638 ἀκολούθως,
2936 570 3072 640 μετά
3121 570 3220 641 τὴν
3262 570 3356 625 τοῦ
3402 572 3649 645 Σωτῆρος
3696 575 3866 645 ἡμῶν

2298 660 2618 728 παρουσίαν,
2652 660 2926 728 φαίνονται
2960 661 3301 727 πεπονθότες.
3346 662 3468 715 Ἐπὶ
3508 664 3737 730 τούτοις,
3770 666 3868 730 τίς

2297 751 2399 803 οὐκ
2450 750 2514 803 ἂν
2560 752 2853 822 ἐκπλαγείη
2899 753 3007 805 τῶν
3056 752 3230 805 αὐτῶν
3283 753 3491 807 ἀκούων
3540 756 3867 826 προφητῶν,

2302 840 2438 911 μετά
2468 842 2569 911 τὴν
2600 843 2834 913 Χριστοῦ
2862 844 3179 914 παρουσίαν,
3202 843 3298 913 τὴν
3324 843 3429 896 τῶν
3444 844 3703 899 Ἰουδαίων
3730 846 3874 899 ἀπό-

2298 948 2522 997 πτωσιν,
2556 933 2653 1003 τῆν
2687 933 2792 986 τῶν
2832 933 3001 986 ἐθνῶν
3031 935 3236 1005 κλῆσιν,
3273 932 3547 1006 λαμπραῖς
3577 938 3669 988 καὶ
3699 937 3867 990 διαυ-

2297 1024 2416 1095 γέσι
2447 1027 2647 1092 φωναῖς
2679 1026 3163 1096 εύαγγελιζομένην
3194 1026 3304 1098 (8);
3339 1028 3411 1079 *Η
3442 1028 3535 1080 καὶ
3580 1028 3716 1097 αὑτὴ
3763 1029 3869 1082 ἄψ

2295 1132 2485 1185 τικρυς
2523 1118 2601 1176 είς
2629 1114 2786 1186 ἔργον
2821 1116 3061 1187 ἐχώρησε
3093 1119 3212 1179 ταῖς
3246 1118 3598 1189 προφητείαις
3627 1119 3863 1173 ἀκολού-

2298 1202 2423 1267 θως,
2455 1203 2541 1257 διὰ
2565 1204 2661 1273 τῆς
2701 1204 2792 1255 τοῦ
2829 1205 3073 1275 Σωτῆρος
3101 1204 3257 1275 ἡμῶν
3294 1205 3654 1271 διδασκαλίας,
3692 1207 3760 1260 δι’
3790 1199 3863 1260 οὗ

2299 1296 2361 1346 ἐκ
2393 1295 2588 1357 παντὸς
2613 1294 2801 1364 γένους
2837 1294 3131 1365 ἀνθρώπων
3159 1297 3338 1367 μυρίοι
3368 1296 3479 1348 ὅσοι
3506 1295 3601 1366 τὴν
3631 1294 3741 1348 τῶν
3770 1296 3863 1349 ει·-

2296 1384 2474 1437 δώλων
2500 1385 2935 1454 ἀποστραφέντες
2962 1386 3183 1455 πλάνην,
3218 1385 3311 1439 τοῦ
3346 1386 3441 1438 ἐπὶ
3475 1386 3688 1440 πάντων
3717 1384 3865 1440 Θεοῦ

2296 1475 2393 1545 τὴν
2423 1475 2596 1546 ἀληθῆ
2624 1476 2819 1543 γνῶσίν
2844 1492 2903 1527 τε
2932 1475 3023 1528 καὶ
3057 1476 3335 1529 εύσέὸειαν
3361 1476 3731 1541 κατεδέξαντο,
3760 1492 3869 1546 μο-

2295 1566 2502 1635 νονουχὶ
2553 1566 2894 1637 πιστούμενοι
2940 1569 3065 1629 τοὺς
3109 1566 3215 1618 τῶν
3264 1566 3502 1619 παλαιῶν
3548 1568 3862 1637 χρησμοὺς,

2295 1657 2417 1720 τούς
2446 1675 2504 1708 τε
2524 1658 2731 1722 ἄλλους,
2760 1659 2852 1710 καὶ
2874 1658 2936 1728 δὴ
2964 1658 3051 1709 τὸν
3078 1657 3163 1709 διὰ
3190 1656 3281 1709 τοῦ
3320 1657 3581 1727 Ἰερεμίου
3610 1657 3702 1709 τοῦ
3728 1674 3866 1729 προ-

2297 1751 2485 1818 φήτου,
2523 1749 2817 1819 φήσαντοςο
2851 1767 2872 1800 ι
2910 1748 3077 1819 Κύριε
3104 1749 3132 1802 ὁ
3156 1748 3285 1810 Θεός
3316 1764 3436 1817 μου,
3472 1747 3605 1817 πρὸς
3634 1747 3692 1799 σὲ
3726 1747 3862 1818 ἔθνη

635 1838 1091 1894 demonstramus.
1126 1838 1309 1908 Neque
1348 1854 1474 1893 vero
1519 1840 1650 1893 levis
1700 1848 1753 1891 et
1806 1838 2191 1891 contemnenda

2296 1840 2511 1910 ἥξουσιν
2538 1841 2629 1892 ἀπ’
2665 1840 2886 1911 ἐσχάτου
2912 1841 3010 1912 τῆς
3035 1840 3160 1910 γῆς,
3195 1842 3288 1893 καὶ
3317 1840 3549 1910 ἐροῦσιν,
3574 1840 3646 1903 ὡς
3678 1840 3860 1913 ψευδῆ

634 1941 737 1995 est,
762 1932 805 1985 si
840 1931 907 1984 ad
941 1933 1246 2001 superiores
1280 1931 1638 1999 adjungatur,
1666 1929 1837 1982 eidem
1870 1928 2080 1981 veritati
2106 1943 2196 1983 as-

634 2024 873 2076 serenda),
904 2022 1058 2085 ﬁdes,
1084 2039 1247 2090 quam
1278 2037 1343 2076 ex
1365 2021 1749 2076 Hebraicarum
1777 2022 2076 2073 litterarum
2111 2028 2188 2072 te-

636 2114 889 2167 stimonio
920 2114 1267 2178 arcessimus,
1306 2128 1427 2167 cum
1460 2112 1525 2165 iis
1558 2120 1679 2165 ante
1731 2121 1809 2163 tot
1850 2125 2020 2163 annos
2053 2125 2187 2179 pra:-

2302 1932 2599 2000 ἐκτήσαντο
2637 1930 2685 1983 οἱ
2724 1930 2955 1999 πατέρες
2999 1930 3156 2000 ἡμῶν
3200 1929 3412 1993 εἴδωλα,
3446 1929 3540 1982 καὶ
3577 1931 3673 1981 οὐκ
3701 1926 3769 1999 ἦν
3796 1933 3865 1983 ἐν

2292 2022 2473 2083 αὐτοῖς
2503 2021 2757 2088 ὠφέλεια.
2787 2021 2851 2072 Εἰ
2881 2022 3153 2090 ποιήσειεν
3183 2021 3331 2092 αὐτῷ
3355 2022 3632 2093 ἅνθρωπος
3672 2021 3863 2086 θεοὺς,

2292 2108 2385 2160 καὶ
2409 2109 2507 2160 οὐκ
2528 2108 2661 2160 εἰσὶν
2692 2124 2836 2159 ουτοι
2862 2107 3003 2173 θεοί;
3042 2128 3061 2159 ι

636 2203 867 2258 sentiunt
920 2202 1184 2255 honorum
1231 2201 1644 2270 promissionem
1704 2198 1911 2255 Hebraei
1958 2199 2227 2267 propheta:
2265 2197 2444 2265 generi
2495 2197 2800 2251 mortalium
2856 2198 3106 2254 universo
3148 2200 3509 2269 praedicarim,
3573 2201 3866 2275 ipsiusque

637 2297 774 2350 adeo
800 2294 997 2348 Christi
1035 2293 1272 2348 nominis
1317 2293 1390 2347 ita
1422 2292 1799 2355 meminerint,
1840 2300 1900 2345 ut
1946 2290 2187 2344 futurum
2227 2289 2390 2344 srmul
2439 2289 2506 2342 ad
2554 2289 2797 2344 homines
2851 2290 3091 2358 ejusdem
3146 2291 3434 2346 adventum
3486 2292 3863 2362 praedixerint.

634 2386 783 2439 Adde
815 2385 960 2454 quod
998 2400 1195 2438 novum
1248 2385 1409 2438 etiam
1474 2393 1527 2437 et
1567 2384 1832 2447 insolens,
1864 2398 1985 2453 qua:
2027 2398 2123 2452 per
2164 2396 2353 2436 omnes
2397 2381 2622 2451 populos
2658 2380 2988 2445 funderetur,
3027 2383 3282 2439 doctrinae
3331 2401 3500 2455 genus
3525 2385 3865 2448 indicarunt,

636 2476 871 2532 futuram
906 2494 1121 2547 quoque
1169 2477 1404 2533 Judaicae
1454 2478 1689 2533 nationis
1736 2478 2162 2532 incredulitatem
2204 2488 2259 2531 et
2295 2477 2635 2531 obﬁrmatam
2690 2477 2744 2532 in
2798 2479 3147 2548 repugnando
3217 2482 3610 2541 contumaciam
3657 2480 3867 2551 praedi-

636 2582 837 2639 centes,
864 2589 962 2627 nec
997 2589 1105 2627 non
1130 2573 1390 2642 quidquid
1416 2573 1673 2627 adversus
1703 2588 1826 2625 eum
1849 2572 2011 2640 impie
2047 2572 2232 2626 molita
2270 2582 2371 2635 est,
2400 2586 2465 2625 ac
2505 2587 2839 2641 quacunque
2867 2572 3012 2626 illam
3046 2580 3327 2642 propterea
3360 2588 3468 2628 non
3506 2574 3682 2629 dilatae
3727 2572 3866 2627 lon~

634 2668 785 2735 gius,
852 2668 909 2737 9
965 2669 1061 2722 sed
1099 2671 1253 2737 quasi
1299 2683 1330 2722 e
1372 2669 1599 2738 vestigio
1646 2678 1842 2723 secuta:
1884 2667 2216 2722 calamitates
2274 2681 2591 2736 Oppressere
2641 2684 2655 2719 :
2721 2682 3027 2736 supremam
3093 2667 3331 2737 intelligo
3392 2668 3552 2738 regia:
3606 2669 3861 2737 ipsorum

633 2762 948 2832 metr0polis
970 2763 1325 2825 obsidionem,
1379 2763 1660 2832 ipsamque
1699 2763 1830 2816 adeo
1868 2763 2015 2830 regni
2074 2762 2314 2816 funditus
2347 2761 2515 2816 excisi
2560 2765 2911 2826 eversionem,
2956 2777 3079 2817 cum
3126 2778 3317 2817 eorum
3347 2777 3442 2832 per
3476 2777 3661 2816 omnes
3712 2777 3859 2830 gen-

633 2854 1089 2923 tesdispersione,
1116 2871 1386 2926 quamque
1408 2858 1509 2910 sub
1537 2857 1878 2911 inimicorum
1907 2867 1959 2911 et
2000 2857 2231 2911 hostium
2275 2858 2552 2911 dominatu
2574 2859 2850 2926 patiuntur
2898 2858 3141 2913 servituti
3176 2858 3539 2927 conjunctam.
3566 2855 3695 2922 Quae
3733 2871 3864 2910 cer-

634 2954 689 3000 te
726 2946 1166 3015 praedictiouibus
1210 2946 1312 3000 illis
1351 2956 1733 3013 consentanea,
1776 2956 1898 3017 post
1949 2948 2188 3017 ejusdem
2229 2947 2400 3000 nostri
2448 2945 2747 3001 Servatoris
2795 2948 3106 3015 adventum,
3152 2950 3202 3001 in
3238 2948 3482 3002 omnium
3518 2947 3689 3000 oculis
3724 2962 3863 3017 per-

635 3043 826 3096 tulere.
851 3040 968 3095 Jam
1001 3058 1127 3096 vero
1154 3044 1276 3111 quis
1319 3058 1426 3096 non
1482 3044 1731 3098 illustres,
1752 3045 1870 3096 illas
1903 3052 2064 3111 atque
2099 3042 2413 3111 perspicuas
2455 3041 2765 3113 eorumdem
2805 3043 3192 3110 prophetarum
3234 3056 3416 3106 voces,
3458 3042 3657 3110 quibus
3697 3040 3857 3095 futu-

635 3152 779 3202 ram,
809 3136 1026 3189 Christo
1064 3136 1173 3203 jam
1203 3152 1271 3190 ex
1307 3138 1471 3191 rebus
1516 3138 1769 3191 humanis
1818 3138 2103 3202 subducto,
2149 3152 2273 3191 cum
2310 3136 2619 3191 Iudaeorum
2663 3135 3057 3204 prolapsionem
3116 3151 3181 3191 ac
3224 3134 3668 3205 repudiationem,
3733 3143 3859 3189 tuin

637 3229 875 3297 gentium
928 3226 1261 3279 vocationem
1330 3225 1557 3279 feliciter
1606 3228 2067 3296 przenuntiarunt,
2138 3226 2495 3281 admiratione
2566 3224 2773 3279 deﬁxus
2821 3226 3197 3295 Obstupescat,
3256 3240 3379 3279 cum
3439 3225 3553 3279 hac
3601 3225 3859 3280 similiter

637 3321 938 3375 Servatoris
977 3322 1146 3374 nostri
1186 3320 1444 3375 doctrina;
1492 3321 1768 3385 beneﬁcio,
1811 3323 1991 3391 palam
2024 3321 2227 3375 exitum
2268 3330 2425 3374 nacta
2476 3319 2635 3374 fuerit
2689 3334 2813 3374 eum
2851 3320 3065 3373 illorum
3113 3318 3407 3389 prOphetiis
3462 3318 3683 3372 omnino
3718 3332 3853 3373 con-

633 3416 939 3486 gruentem?
964 3415 1063 3469 Per
1110 3415 1284 3484 ipsum
1320 3418 1462 3469 enim
1514 3416 1760 3470 ell‘ectum
1815 3425 1920 3483 est,
1944 3424 2001 3467 ut
2038 3415 2445 3469 innumerabilis
2471 3431 2536 3469 ex
2583 3415 2729 3467 omni
2759 3415 3038 3468 hominum
3080 3415 3278 3483 genere
3314 3412 3600 3466 multitudo
3635 3411 3862 3478 rejectis

638 3512 905 3565 idolorum
952 3510 1247 3573 erroribus,
1301 3526 1482 3563 veram
1517 3511 1859 3579 praepotentis
1898 3525 2077 3564 rerum
2118 3510 2357 3563 omnium
2406 3510 2761 3564 moderatoris
2797 3507 2889 3561 Dei
2938 3509 3182 3561 notitiam
3227 3506 3642 3575 religionemque
3674 3505 3861 3558 susci-

634 3612 820 3674 peret,
872 3616 1102 3670 cumque
1138 3611 1452 3656 cacterorum
1510 3619 1631 3673 qua:
1690 3604 1855 3673 prisci
1902 3605 2149 3659 homines
2205 3605 2459 3659 fuderunt
2506 3606 2866 3669 oraculorum;
2916 3615 3032 3657 tum
3081 3604 3242 3671 hujus
3292 3601 3555 3670 imprimis
3602 3597 3860 3653 Ieremia

635 3696 929 3765 prophetiae
960 3696 1118 3748 tidem
1169 3695 1565 3764 quodammodo
1596 3697 1778 3753 facere
1805 3700 2077 3754 videretur
2106 3717 2121 3754 :
2158 3719 2176 3751 ι
2225 3700 2448 3755 Domine
2470 3700 2611 3755 Deus
2659 3717 2830 3763 meus,
2854 3699 2919 3753 ad
2948 3709 3012 3755 te
3038 3691 3221 3769 gentes
3276 3697 3489 3761 venient
3516 3697 3585 3749 ab
3606 3704 3857 3749 extremo

636 3799 813 3854 terrae,
845 3800 897 3842 et
944 3789 1142 3857 dicent,
1185 3790 1327 3857 quod
1378 3790 1511 3843 falsa
1550 3802 1728 3860 patres
1775 3792 1941 3846 nostri
1966 3792 2107 3845 idola
2164 3793 2537 3859 possederunt,
2569 3808 2667 3847 nec
2710 3802 2828 3847 erat
2878 3793 2933 3845 in
2971 3792 3103 3860 ipsis
3149 3789 3373 3842 utilitas.
3428 3786 3485 3840 Si
3542 3786 3700 3840 faciet
3741 3788 3853 3842 sibi

637 3882 799 3938 homo
830 3884 979 3948 deos,
1010 3895 1063 3938 et
1093 3884 1194 3953 ipsi
1223 3897 1330 3936 non
1359 3890 1485 3937 sunt
1505 3882 1579 3936 dii
1608 3883 1687 3935 “1'
1726 3901 1744 3933 ι

1238 3996 1463 4052 CAPUT
1501 3995 1590 4051 ιν.

648 4106 763 4164 Non
790 4110 1172 4163 inconsiderate
1202 4128 1293 4163 nos
1316 4111 1384 4163 ad
1411 4128 1583 4163 rerum
1612 4112 2012 4163 utilissimarum
2040 4110 2196 4179 ﬁdem

1048 4198 1142 4233 suo
1180 4191 1402 4249 tempore
1430 4182 1793 4234 ad/iwrescere.

710 4273 835 4329 Haec
856 4276 1016 4345 igitur
1044 4278 1132 4330 illa
1158 4287 1305 4339 sunt,
1338 4277 1535 4345 quibus
1567 4277 1798 4330 instituti
1842 4276 2009 4331 nostri
2060 4276 2196 4330 ratio

641 4369 715 4422 ita
736 4366 1105 4431 conﬁrmatur,
1130 4376 1189 4421 ut
1218 4368 1399 4437 quivis
1429 4366 1688 4435 intelligat
1720 4381 1836 4418 eam
1874 4381 1979 4419 non
2004 4366 2195 4418 huma-

640 4470 714 4510 no
744 4454 975 4524 Quodam
1005 4455 1203 4523 impetu
1231 4457 1610 4525 excogitatam,
1641 4456 1730 4508 sed
1748 4457 2023 4524 prmvisam
2056 4456 2192 4507 divi-

640 4548 808 4609 nitus,
842 4546 1165 4614 scriptisque
1198 4546 1429 4599 oraculis
1461 4545 1717 4598 divinitus
1758 4546 2191 4612 praenuntiatam,

640 4637 904 4705 longeque
933 4638 1067 4691 adeo
1102 4636 1271 4703 magis
1297 4635 1560 4688 universis
1590 4635 1896 4687 hominibus
1925 4650 1954 4686 a
1998 4633 2193 4686 Serva—

640 4734 758 4779 tore
798 4735 985 4780 nostro
1030 4726 1290 4779 divinitus
1320 4724 1554 4777 oblatam
1586 4723 1770 4779 fuisse.
1801 4723 2056 4776 Praeterea
2090 4738 2192 4774 nu-

641 4820 786 4871 rnine
814 4819 968 4886 plane
990 4818 1171 4870 divino
1196 4817 1361 4871 robur
1396 4815 1514 4883 ejus
1536 4830 1599 4867 ae
1633 4814 1941 4866 ﬁrmitatem
1993 4813 2193 4867 consti-

640 4911 792 4969 tisse,
821 4922 941 4962 cum
971 4915 1158 4959 vexata
1189 4916 1267 4959 tot
1308 4921 1499 4971 annos,
1533 4906 1834 4974 partimque
1887 4906 2189 4959 diemonum

640 5002 733 5070 qui
766 4999 932 5053 videri
960 5013 1064 5051 non
1089 5006 1335 5065 possum,
1366 4998 1562 5066 partim
1598 5010 1787 5048 eorum
1826 4996 1917 5063 qui
1959 5010 2055 5062 pro
2098 5010 2191 5047 va-

643 5092 831 5144 rietate
896 5098 1193 5155 temporum
1256 5087 1451 5140 diversi
1493 5086 1847 5154 imperabant,
1914 5085 2191 5151 oculisque

642 5182 1001 5236 cernebantur
1022 5180 1320 5247 principum
1341 5179 1629 5230 acerbitate
1648 5178 1868 5245 jactata,
1894 5176 2190 5243 majoribus

645 5270 699 5323 in
713 5270 827 5323 dies
844 5270 1180 5322 ornamentis
1194 5278 1245 5319 et
1263 5268 1536 5319 illustriori
1559 5268 1841 5335 splendore
1864 5266 2188 5331 conjunctis,

2827 3987 3213 4041 ΚΕΦΑΛΑΙΟΝ
3246 3989 3315 4038 A'.

2298 4108 2417 4160 Ὅτι
2441 4104 2535 4180 μὴ.
2554 4103 2802 4169 ἀκρίτως
2826 4100 2977 4180 ¹ἡμῖν
3009 4100 3049 4180 ἡ.
3073 4098 3203 4165 περὶ
3231 4086 3349 4180 ei)?
3384 4092 3855 4180 égsltywtdtur

2470 4169 2667 4239 πίστις
2701 4170 2849 4223 κατὰ
2888 4169 3098 4236 καιρόν
3135 4169 3663 4235 παραλαμϐάνεται.

2363 4267 2546 4319 Πάντα
2575 4264 2641 4333 δὴ
2673 4261 2842 4314 ταῦτα
2870 4260 2960 4312 τὸν
2985 4260 3113 4329 περὶ
3138 4258 3242 4310 τῶν
3271 4257 3389 4309 καθ’
3409 4257 3566 4334 ,ἡμᾶς
3594 4250 3855 4324 πραγμάρ

2292 4376 2398 4410 των
2426 4354 2705 4408 πιστοῦται
2732 4354 2906 4421 λόγον,
2952 4351 3025 4413 ὡς
3057 4350 3154 4403 οὐκ
3190 4346 3249 4412 ἐξ
3280 4347 3623 4417 ἀνθρωπίνης
3665 4343 3850 4415 ὁρμῆς

2293 4446 2721 4516 ἐπιτηδευθέντα,
2764 4444 2943 4496 θεόθεν
2982 4442 3036 4493 δὲ
3078 4437 3507 4511 προγνωσθέντα,
3536 4436 3630 4489 καὶ
3661 4434 3849 4488 θεόθεν

2291 4539 2376 4591 διὰ
2405 4538 2511 4589 τῶν
2543 4536 2829 4606 ἐγγράφων
2871 4531 3127 4603 χρησμῶν
3171 4526 3707 4599 προαναφωνηθέντα,
3750 4527 3848 4581 καὶ

2294 4628 2427 4679 πολὺ
2461 4628 2619 4679 πλέον
2644 4626 2727 4677 ἔτι
2756 4624 2933 4677 θεόθεν
2970 4625 3057 4676 διὰ
3084 4622 3173 4673 τοῦ
3202 4621 3449 4691 Σωτῆρος
3480 4619 3638 4689 ἡμῶν
3676 4620 3847 4671 πᾶσιν

2291 4716 2592 4786 ἀνθρώποις
2633 4714 3088 4785 προὸεὸλημένον,
3119 4708 3271 4774 αὖθίς
3303 4728 3362 4762 τε
3404 4712 3468 4761 ἐκ
3510 4708 3643 4762 Θεοῦ
3681 4708 3846 4763 δυναμ-

2295 4807 2555 4877 μούμενον
2588 4808 2677 4858 καὶ
2704 4806 3029 4867 συνεστῶτα,
3064 4806 3138 4866 ὡς
3171 4805 3227 4855 ἐν
3256 4801 3527 4863 τοσούτοις
3560 4799 3692 4853 ἐτῶν
3722 4800 3846 4871 χρό-

2289 4914 2397 4958 νοις
2450 4896 2799 4965 ἐλαυνόμενον
2839 4895 2973 4966 πρός
3017 4912 3077 4946 τε
3115 4892 3221 4951 τῶν
3265 4891 3506 4961 ἀοράτων
3553 4888 3839 4959 δαιμόνων,

2289 4988 2383 5039 καὶ
2414 4987 2547 5057 πρὸς
2578 4986 2689 5037 τῶν
2717 4987 2855 5040 κατὰ
2886 4986 3104 5056 χρόνους
3138 4983 3343 5054 ὁρατῶν
3382 4982 3674 5051 ἀρχόντων,
3702 4982 3841 5036 πολὺ

2290 5080 2447 5130 πλέον
2506 5078 2819 5147 διαλάμπειν
2839 5116 2854 5140 ,
2907 5076 3171 5146 ὁσημέραι
3196 5094 3248 5127 τι
3264 5062 3294 5113 ’⁸
3317 5066 3631 5141 διαπρέπειν
3650 5070 3743 5121 καὶ
3766 5072 3856 5125 ai-

2290 5171 2417 5235 ξειν,
2449 5171 2540 5222 καὶ
2570 5170 2697 5222 πολὺ
2742 5168 2937 5237 μᾶλλον
2962 5165 3213 5237 πληθύειν
3238 5183 3252 5195 ·
3281 5165 3534 5233 ἄντικρυς
3564 5162 3659 5232 τῆς
3691 5162 3836 5215 ἄνω-

2290 5260 2379 5311 θεν
2404 5263 2465 5311 ἐκ
2491 5259 2582 5311 τοῦ
2614 5259 2721 5311 τῶν
2746 5258 2878 5310 ὅλων
2910 5256 3042 5309 Θεοῦ
3077 5256 3379 5326 συνεργίας,
3414 5253 3475 5306 τὸ
3506 5258 3713 5323 ἄμαχον
3744 5251 3839 5305 καὶ

645 5359 1030 5429 hominumque
1060 5353 1409 5426 frequentiori
1441 5358 1775 5411 multitudine
1806 5364 2085 5425 augeatur.
2118 5352 2188 5409 Ut

2295 5352 2567 5420 ἀήττητον,
2599 5349 2657 5401 τό
2690 5366 2747 5401 τε
2778 5348 2914 5402 κατὰ
2942 5347 3046 5400 τῶν
3087 5346 3291 5417 ἐχθρῶν
3336 5344 3606 5414 νικητικὸν
3644 5343 3713 5414 τῇ
3741 5338 3835 5395 τοῦ

714 5509 745 5540 ι
784 5497 871 5550 ισ.
891 5512 969 5549 τε.

713 5614 736 5645 ο
775 5606 1177 5670 Matth.xvr,l8.
1214 5604 1461 5659 "Jerem.
1492 5618 1603 5666 xvi,
1640 5602 1724 5656 19.

687 5724 787 5805 ~(8)
818 5718 1376 5805 βὺαγτελιζομένῃν.
1433 5716 1591 5805 ‘Yertj
1650 5716 1867 5786 perinde
1918 5728 1982 5768 ac
2028 5710 2073 5767 si
2132 5710 2191 5765 ha

2295 5719 2451 5776 *etur,
2506 5705 3035 5776 εὐαγγελιζομένων,
3085 5711 3143 5757 ut
3196 5700 3457 5759 referatur
3515 5698 3578 5753 ad
3627 5708 3831 5766 προφη-

644 5786 779 5848 eo»:
804 5786 1075 5861 Atque'ita
1111 5791 1211 5855 leg.
1243 5792 1404 5843 etiam
1433 5786 1600 5841 Mont.
