4028 6332
128 397 193 451 3⁸1
1293 394 1612 452 ΡΒᾸΞΡΑΒ.
1655 439 1658 447 .

1758 393 1903 452 ANG.
1931 392 2061 450 LIB.
2102 391 2142 447 ι.

3255 395 3324 449 58

114 523 341 588 Σωτηρος
370 523 526 588 ήμων
550 518 862 586 διδασκαλία
897 532 955 569 τε
998 524 1094 569 και
1126 530 1462 586 προσηγοριᾳ
1507 529 1649 580 παρε-

1762 517 1922 587 plane
1939 515 2182 571 dubitare
2205 529 2364 570 nemo
2383 515 2554 584 possit
2574 516 2705 585 quin
2731 515 2872 570 Deus
2903 515 2989 569 ille
3007 529 3185 569 rerum
3207 527 3320 568 mo-

110 608 344 679 εχούσης.
378 608 489 662 Καὶ
514 607 574 661 τὸ
597 606 818 661 αὐτόθεν
841 605 899 659 δὲ
939 606 1075 677 πρὸς
1105 603 1334 668 εύζωῖαν
1367 606 1530 657 πᾶσιν
1560 605 1652 657 ἀν-

113 696 348 769 θρώποις,
383 699 442 750 οὐ
479 698 638 769 μόνον
679 698 745 751 ἐκ
768 697 876 750 τῶν
923 695 1214 767 προφανῶν
1250 695 1412 748 αὑτοῦ
1458 694 1651 762 λόγων,

115 786 234 841 ἀλλά
269 787 361 840 καὶ¹
408 785 469 851 ἐξ
520 788 832 859 ἀπορρήτου
875 786 1151 856 δυνάμεως
1197 785 1650 856 προϐεϐλημένον,

122 879 219 944 uti);
249 880 344 933 οὐκ
372 879 436 933 ἂν
462 879 670 948 γένοιτο
701 878 798 949 τῆς
829 877 1011 931 ἐνθέου
1045 878 1319 948 δυνάμεως
1343 877 1507 930 αὐτοῦ
1541 894 1649 930 πα·-

121 971 449 1038 ραστατικόνς
476 970 637 1034 Θείας
666 970 763 1040 μὲν
791 968 897 1040 γὰρ
916 969 1010 1021 καὶ
1037 970 1346 1040 ἀπορρήτου
1377 967 1653 1037 δυνάμεως

122 1059 192 1133 ήν,
224 1063 280 1116 τὸ
309 1063 421 1134 ἅμα
447 1061 524 1132 τῷ
551 1059 714 1115 αὐτοῦ
741 1059 904 1129 λόγῳ,
939 1059 1033 1112 καὶ
1066 1058 1162 1110 σὺν
1199 1060 1265 1128 τῇ
1295 1057 1422 1128 περὶ
1453 1072 1653 1127 μοναρ-

121 1155 224 1226 χίας
257 1154 371 1216 ἐνὸς
396 1153 490 1207 τοῦ
525 1154 615 1207 ἐπὶ
647 1153 861 1207 πάντων
899 1149 1032 1204 Θεοῦ
1073 1149 1482 1222 προϐεὸλημένῃ
1513 1148 1655 1202 διδα-

123 1246 297 1318 σκαλία
339 1245 520 1308 αὐτοῦ,
553 1244 688 1317 ὁμοῦ
738 1243 833 1297 καὶ
865 1243 965 1311 τῆς
999 1241 1369 1305 πολυπλανοῦς
1403 1242 1497 1294 καὶ
1537 1241 1654 1294 δαι-

123 1338 328 1408 μονικῆς
363 1336 658 1409 ἐνεργείας,
692 1335 828 1405 ὁμοῦ
872 1334 965 1387 καὶ
1005 1334 1104 1403 τῆς
1133 1333 1242 1386 τῶν
1285 1332 1451 1386 ἐθνῶν
1495 1331 1657 1385 πολυ-

122 1428 295 1498 αρχίας
325 1427 601 1499 ἐλεύθερον
634 1425 964 1495 καταστῆναι
995 1424 1056 1477 τὸ
1089 1423 1196 1477 τῶν
1227 1422 1523 1496 ἀνθρώπων
1565 1422 1659 1492 γι-

122 1535 228 1580 νος’
273 1519 468 1590 μυρίων
513 1518 644 1586 γοῦν
691 1518 752 1570 τὸ
805 1516 1028 1571 παλαιὸν
1074 1515 1194 1569 καθ’
1235 1515 1462 1569 ’ἑκαστον
1507 1513 1658 1578 ἓθνος

123 1609 362 1681 βασιλέων
398 1610 490 1663 καὶ
517 1608 804 1680 τοπαρχῶν
831 1607 1266 1680 ἐπικρατούντων
1306 1608 1446 1662 κατά
1478 1607 1657 1670 πόλεις

122 1703 205 1756 καὶ
241 1701 433 1774 χώρας,
465 1702 559 1754 καὶ
589 1700 698 1754 τῶν
733 1699 830 1771 μὲν
869 1698 1410 1770 δημοκρατουμένων,
1450 1697 1559 1751 τῶν
1598 1698 1656 1751 δὲ

123 1793 560 1863 τυραννουμένων,
606 1791 712 1845 τῶν
756 1790 814 1843 δὲ
853 1791 1155 1862 πολυαρχου
1163 1789 1360 1860 μένων,
1403 1788 1656 1858 πολέμων

1762 609 1976 664 derator
1991 607 2256 673 omnium,
2280 607 2579 662 Servatoris
2599 608 2768 663 nostri
2787 607 3048 662 doctrina:
3106 604 3209 672 ιο
3258 620 3322 660 ac

1763 699 2094 755 nominivim
2121 700 2412 768 quamdam
2436 701 2581 753 omni
2611 707 2809 753 conatu
2839 707 2892 752 et
2919 697 3322 767 oppugnatione

1763 794 2118 864 superiorem,
2141 803 2566 862 cunctarumque
2587 791 2860 845 victricem
2895 791 3129 843 hostium
3159 788 3310 844 cccle-

1763 888 1830 939 sti
1852 885 2052 940 auxilio
2076 884 2358 954 largiatur.
2383 882 2498 938 Jam
2524 897 2652 937 vero
2673 881 2801 934 illud
2824 882 3022 949 ipsum,
3045 880 3188 947 quod
3207 895 3324 933 om-

1762 978 1921 1031 nibus
1950 992 2046 1046 per
2084 991 2202 1030 sese
2240 976 2550 1030 hominibus
2577 974 2642 1027 ad
2672 974 2807 1027 bene
2839 973 3102 1039 beateque
3135 970 3322 1024 viren-

1760 1067 1910 1132 dunt,
1941 1067 2137 1138 partim
2167 1066 2487 1121 clarissimis
2510 1066 2681 1134 ipsius
2708 1064 2905 1129 verbis,
2939 1063 3132 1132 partim
3160 1061 3208 1114 vi
3233 1077 3325 1114 oc-

1761 1159 1990 1213 cultiore
2018 1158 2438 1228 proponebatur,
2462 1155 2740 1226 cujus'non
2761 1156 2932 1209 oculis
2951 1155 3187 1208 divinam
3206 1152 3325 1220 ejus

1765 1259 2084 1320 potestatem
2118 1251 2479 1318 virtutemque
2529 1247 2826 1316 subjiciat?
2867 1245 3079 1299 Etenim
3128 1243 3324 1298 divinae

1757 1338 2000 1411 profecto
2026 1353 2343 1408 arcanzeque
2365 1337 2644 1407 potestatis
2668 1337 2719 1390 id
2742 1334 2864 1401 fuit,
2885 1344 2944 1388 ut
2972 1333 3134 1387 simul
3158 1342 3319 1403 atque

1758 1418 1984 1486 verbum
2023 1432 2189 1496 illius,
2217 1430 2390 1499 deque
2414 1429 2611 1485 summi
2652 1429 2814 1484 unius
2843 1436 3049 1482 tantum
3083 1425 3199 1490 Dei,
3222 1424 3317 1494 qui

1757 1524 1922 1578 rebus
1944 1533 2199 1593 praeesset
2225 1523 2499 1587 omnibus,
2518 1523 2845 1592 principatu,
2863 1521 3104 1575 doctrina
3128 1534 3324 1588 propo-

1757 1623 1997 1678 neretur,
2027 1615 2287 1669 continuo
2309 1629 2480 1682 genus
2499 1614 2778 1666 hominum
2808 1613 2859 1666 in
2885 1614 3144 1682 integram
3165 1612 3324 1665 liber-

1756 1715 1920 1762 tatem
1955 1721 2076 1761 cum
2101 1721 2132 1759 a
2152 1704 2494 1760 fraudulenta
2515 1705 2818 1760 daemonum
2847 1705 3185 1768 eﬂicacitate,
3209 1719 3322 1759 tum

1756 1809 1792 1854 tt
1817 1797 2096 1868 multiplici
2125 1797 2361 1868 gentium
2379 1797 2652 1851 dominatu
2679 1797 3064 1851 vindicaretur.
3091 1797 3325 1850 Praeser-

120 1901 170 1938 τε
206 1885 339 1938 κατὰ
361 1883 420 1937 τὸ
457 1885 602 1947 εἰκὸς
644 1885 709 1936 ἐκ
749 1881 934 1936 τούτου
976 1882 1241 1936 παντοίων
1291 1878 1654 1945 συνεστώτων,

1759 1888 1876 1953 tim,
1907 1903 2032 1944 cum
2060 1889 2296 1944 sexcenti
2324 1888 2451 1942 olim
2501 1902 2656 1956 reges
2695 1887 2924 1956 singulis
2968 1887 3022 1941 in
3074 1889 3314 1941 nationi-

121 1975 274 2028 ἐθνῶν
323 1975 490 2028 ἔθνεσι
549 1977 1036 2046 προσρηγνυμένων
1057 2013 1072 2038 ,
1120 1974 1214 2027 καὶ
1264 1972 1496 2042 συνεχῶς
1544 1971 1657 2036 τοῖς

120 2068 487 2140 πλησιοχώροις
528 2069 982 2139 ἐπανισταμένων,
1003 2066 1268 2141 δῃούντων
1298 2084 1357 2120 τε
1382 2065 1473 2118 καὶ
1499 2065 1657 2135 δῃου-

123 2159 301 2229 μένων,
343 2161 460 2223 ταῖς
489 2160 608 2213 κατ’
636 2158 876 2230 ἀλλήλων
909 2159 1240 2229 πολιορκίαις
1280 2158 1661 2229 ἐπιστρατευο-

123 2249 303 2320 μένων,
333 2250 468 2304 ῶστε
490 2250 579 2304 διὰ
610 2249 781 2304 ταῦτα
809 2250 1075 2322 πανδημεὶ
1102 2250 1304 2312 πάντας
1324 2248 1448 2321 τούς
1475 2265 1532 2301 τε
1559 2246 1658 2311 τὰς

119 2341 286 2406 πόλεις
311 2341 604 2406 οἰκούντας,
630 2343 722 2396 καὶ
749 2343 805 2393 ἐν
830 2344 1014 2410 ἀγροῖς
1047 2339 1463 2412 γεηπονοῦντας,
1493 2338 1552 2402 ἐξ
1578 2338 1658 2390 ἐτι

119 2430 305 2484 παίδων
333 2431 401 2484 τά
427 2431 698 2501 πολεμικά
723 2429 1083 2494 διδάσκεσθαι,
1118 2429 1433 2499 ξιφηφορεϊν
1457 2445 1514 2480 τε
1543 2428 1658 2480 δια-

120 2521 305 2602 παντὸς
345 2523 484 2576 κατά
517 2539 579 2575 τε
621 2522 720 2586 τὰς
757 2519 1088 2592 λεωφόρους,
1126 2518 1220 2572 καὶ
1264 2517 1406 2571 κατά
1444 2515 1656 2602 κώμας,

122 2613 205 2666 καὶ
231 2601 443 2685 ἀγρούς.
474 2613 689 2684 Ἐπειδὴ
717 2612 896 2682 παρῆν
928 2611 958 2664 δ
981 2610 1213 2682 Χριστὸς
1239 2609 1391 2682 (περ).
1417 2601 1474 2662 οὗ
1494 2608 1659 2662 πάλαι

119 2701 195 2756 διά
209 2702 311 2756 τῶν
325 2702 610 2774 προφητῶν
636 2701 886 2773 ἀνείρητο
909 2717 924 2730 θ
956 2721 974 2752 ι
1007 2700 1276 2754 ’Δνατελεῖ
1299 2702 1355 2753 ἐν
1381 2703 1498 2763 ταῖς
1528 2698 1660 2769 ἠμέ-

124 2809 230 2863 ραις
285 2795 444 2849 αὑτοῦ
491 2796 821 2865 δικαιοσύνη,
869 2792 964 2846 καὶ
1005 2791 1207 2864 πλῆθος
1276 2793 1496 2864 εἰρήνης
1519 2807 1532 2820 ·
1569 2791 1661 2844 καί

123 2885 456 2954 συγκόιίουσιν
498 2885 597 2949 τὰς
647 2884 916 2957 μαχαίρας
961 2884 1137 2937 αὐτῶν
1192 2883 1274 2946 είς
1305 2883 1527 2953 ἄροτρα,
1567 2881 1660 2935 καὶ

120 2975 207 3038 τὰς
256 2973 466 3040 ζιὸύνας
523 2974 703 3029 αὐτῶν
742 2977 822 3038 εἰς
860 2975 1136 3046 δρέπανα·
1178 2974 1272 3026 καὶ
1323 2973 1382 3024 ού
1433 2971 1653 3040 λήψεται

123 3060 256 3124 ἔθνος
282 3063 364 3114 ἐπ’
387 3062 536 3127 ἔθνος
566 3063 857 3135 μάχαιραν,
886 3063 979 3115 καὶ
999 3061 1059 3114 οὐ
1095 3060 1168 3132 μή
1201 3059 1439 3130 μάθωσιν
1464 3059 1541 3111 ἔτι
1563 3075 1658 3110 πο⁸

1755 1979 1880 2045 bus,
1911 1981 1966 2034 in
1993 1979 2220 2034 urbibus
2254 1988 2434 2034 autem
2459 1994 2521 2034 ac
2548 1978 2857 2048 regionibus
2883 1980 3167 2047 imperium
3195 1979 3316 2035 inﬁ-

1755 2073 1858 2127 niti
1899 2071 2070 2142 reguli
2109 2070 2693 2138 obtinerent?;aliique
2722 2071 2925 2140 pepuli,
2963 2080 3316 2141 tyrannorum

1757 2163 1868 2231 alii,
1912 2163 2005 2218 alii
2038 2162 2270 2230 denique
2301 2160 2538 2230 plurium
2585 2160 2864 2213 dominatu
2903 2173 3315 2228 premerentur;

1757 2270 1990 2325 cumque
2031 2254 2154 2308 inde
2181 2253 2357 2307 omnis
2388 2251 2597 2323 generis
2640 2251 2796 2317 bella,
2829 2262 2882 2305 ut
2908 2267 3005 2320 par
3028 2253 3319 2314 crat,exsi-

1754 2355 1976 2411 sterent,
2005 2343 2312 2400 commissis
2346 2345 2486 2397 inter
2528 2358 2648 2403 sese
2693 2344 2963 2412 gentibus,
3006 2344 3318 2410 vicinosque

1755 2439 1980 2509 populos
2012 2436 2221 2490 infestis
2255 2450 2470 2504 semper
2504 2437 2671 2489 armis
2698 2435 3033 2503 petentibus.
3073 2443 3318 2495 mutuas~

1755 2545 1861 2599 que
1901 2528 2144 2583 vicissim
2189 2527 2367 2582 clades
2419 2535 2734 2594 stragesque
2761 2525 3138 2588 subeuntibus,
3169 2527 3313 2594 quod

1754 2619 1959 2674 mutuis
2011 2620 2147 2673 alios
2198 2619 2289 2672 alii
2362 2615 2736 2672 obsidionibus
2805 2616 3316 2684 incursionibusque

1756 2720 2010 2763 vexarent
2041 2750 2055 2763 .
2081 2707 2155 2762 Ex
2182 2723 2289 2779 quo
2334 2708 2558 2777 proinde
2590 2707 2767 2771 ﬁebat,
2810 2716 2866 2760 ut
2898 2696 3030 2760 'non
3064 2706 3100 2758 ii
3155 2707 3316 2760 modo

1753 2803 1847 2872 qui
1870 2801 2117 2856 civitates
2144 2800 2473 2864 incolebant,
2512 2799 2604 2854 sed
2631 2800 2793 2853 etiam
2842 2799 2878 2851 ii
2935 2799 3028 2866 qui
3057 2800 3316 2868 in-agro-

1756 2910 1876 2949 rum
1908 2909 1972 2949 ac
2005 2903 2159 2948 terra
2190 2893 2400 2948 cultura
2449 2881 2824 2954 versabantur,
2866 2906 2980 2945 rem
3027 2890 3315 2944 militarem

1750 2986 1861 3055 jam
1886 2982 2009 3038 inde
2038 2999 2067 3037 a
2093 2984 2276 3053 pueris
2303 2984 2661 3050 addiscerent,
2702 2966 3019 3054 gladiosque
3043 2985 3317 3037 continen-

1755 3085 1856 3138 ter,
1899 3066 1966 3131 ac'
1988 3074 2148 3145 vulgo
2177 3089 2271 3143 per
2291 3073 2408 3129 vias
2438 3073 2702 3143 publicas,
2750 3088 2937 3141 pagos,
2971 3088 3241 3141 agrosque
3262 3083 3315 3127 ct

121 3151 287 3223 λεμεῖν
318 3154 404 3222 ι),
438 3154 703 3208 ἀκόλουθα
741 3157 861 3216 ταῖς
902 3153 1266 3224 προρρήσεσιν
1311 3150 1658 3220 ἐπηκολούθει

1758 3179 1882 3219 rura
1903 3173 2194 3235 gestarent.
2226 3163 2297 3218 At
2321 3179 2450 3218 vero
2480 3178 2606 3217 cum
2648 3177 2767 3216 sese
2805 3163 3038 3230 primum
3061 3161 3314 3216 Christus

119 3243 179 3296 τὰ
198 3244 346 3316 ἔργα,
367 3247 513 3315 πᾶσα
537 3247 633 3316 μὲν
659 3245 857 3299 αὐτίκα
880 3247 1189 3317 περιῃρεῖτο
1206 3243 1505 3313 πολυαρχία
1528 3244 1660 3294 Ῥω-

125 3333 298 3402 μαίων,
329 3335 633 3403 Αὐγούστου
687 3337 827 3390 κατὰ
870 3337 932 3389 τὸ
978 3334 1109 3388 αὐτὸ
1158 3334 1362 3406 τῇτοῦ
1411 3334 1663 3404 Σωτῆρος

122 3422 260 3492 ἡμῶν
287 3423 567 3494 ἐπιφανείᾳ
607 3425 1062 3493 μοναρχήσαντος.
1101 3423 1194 3488 Ἐξ
1224 3422 1428 3477 ἐκείνου
1471 3423 1527 3476 δέ
1565 3423 1661 3476 καὶ

123 3513 192 3575 εἰς
229 3511 380 3582 δεῦρο
405 3513 503 3566 ούκ
536 3513 602 3566 ἂν
641 3513 788 3576 ἴδοις,
825 3513 901 3575 ὡς
940 3511 1001 3566 τὺ
1048 3514 1197 3584 πρὶν,
1242 3514 1424 3578 πόλεις
1469 3515 1658 3568 πόλεσι

115 3591 457 3674 πολεμούσας,
497 3605 607 3658 οὐδ’
635 3603 788 3667 ἔθνος
826 3603 967 3660 ἔθνει
1003 3603 1418 3675 διαμαχόμενον,
1451 3605 1569 3657 οὐδέ
1595 3622 1659 3672 γε

122 3691 200 3745 τὸν
239 3692 347 3763 βίον
383 3696 439 3747 ἐν
470 3693 621 3765 πάσῃ
666 3698 923 3763 συγχύσει
957 3693 1429 3765 κατατριϐόμενον.
1465 3694 1657 3748 Καίτοι

125 3785 226 3848 πῶς
249 3787 346 3840 οὐκ
372 3787 515 3853 ἄξιον
564 3785 860 3856 θαυμάζειν
904 3785 1317 3856 ἐπιστήσαντας,
1347 3784 1400 3836 τί
1429 3784 1490 3854 δή
1530 3801 1658 3837 ποτε

124 3983 230 4021 νουν
257 3969 305 4021 ei
330 3968 597 4038 δαίμονες,
622 3968 716 4021 καὶ
746 3968 909 4039 πολλή
939 3985 1022 4030 τις
1048 3962 1116 4038 ἦν
1141 3967 1438 4039 ἀνθρώπων
1466 3969 1498 4038 ή
1531 3966 1660 4039 περίΙ

125 4056 298 4120 αὐτοὺς
313 4055 590 4124 θεραπεία,
609 4056 744 4126 πρὸς
759 4055 933 4109 αὐτῶν
953 4056 1058 4110 τῶν
1075 4055 1208 4109 θεῶν
1233 4056 1504 4127 ἐξοιστρού
1513 4072 1660 4126 μενοι

125 4146 206 4198 ἐπὶ
225 4148 345 4210 τοὺς
370 4147 486 4199 κατ’
513 4146 756 4216 ἀλλήλων
777 4146 1115 4216 ἐξεμαίνοντο
1137 4146 1420 4216 πολέμους·
1447 4147 1522 4210 ὡς
1541 4145 1661 4200 τοτὲ

130 4236 216 4304 μὲν
254 4238 508 4307 Ἕλληνας
562 4237 747 4300 αὐτοῖς
796 4236 1038 4306 Ἕλλησι,
1083 4237 1203 4291 τοτέ
1247 4237 1303 4290 δέ
1342 4237 1665 4304 Αἰγυπτίους

129 4327 438 4394 Αἰγυπτίοις,
471 4329 565 4382 καὶ
600 4327 802 4397 Σύρους
842 4326 1053 4397 Σύροις,
1091 4325 1394 4396 Ῥωμαίους
1431 4344 1489 4379 τε
1527 4329 1660 4381 Ῥω-

1755 3253 2078 3310 ostendisset
2105 3253 2194 3323 (de
2220 3268 2330 3323 quo
2353 3253 2627 3323 prophetae
2649 3251 2777 3305 olim
2817 3251 2918 3304 ista
2958 3251 3265 3305 cecinerant
3297 3268 3309 3304 :

1764 3361 1783 3396 ι
1812 3341 2028 3399 Orictur
2049 3343 2103 3397 in
2137 3343 2329 3398 diebus
2365 3342 2763 3412 ipsiusjustitia
2790 3342 2845 3396 et
2887 3342 3176 3395 multitudo
3218 3357 3316 3410 pa-

1754 3435 1835 3491 cis
1873 3453 1888 3489 :
1933 3443 1989 3489 et
2011 3434 2550 3503 conﬂabuntgladios
2577 3448 2707 3487 suos
2740 3433 2792 3486 in
2832 3448 3101 3497 vomeres,
3131 3433 3317 3487 ctlan-

1759 3542 1886 3584 ceas
1911 3542 2042 3583 suas
2079 3527 2132 3581 iu
2161 3524 2348 3591 falces,
2373 3539 2480 3579 non
2513 3533 2692 3578 sumet
2720 3539 2849 3592 gens
2879 3524 3139 3577 adversus
3190 3539 3318 3592 gen-

1755 3624 1863 3670 tem
1925 3612 2182 3683 gladium,
2224 3627 2322 3666 nec
2353 3612 2562 3666 discent
2638 3612 2870 3680 amplius
2913 3612 3112 3665 bellum
3164 3627 3317 3682 gere-

1752 3719 1814 3758 re
1867 3702 1911 3735 “
1964 3701 2055 3770 ι),
2105 3701 2450 3756 oraculorum
2500 3702 2782 3756 veritatem
2836 3702 3094 3756 continuo
3136 3716 3316 3755 rerum

125 3790 226 3848 πῶς
249 3790 346 3840 οὐκ
372 3790 515 3853 ἀξιον
564 3790 860 3856 θαυμάζειν
904 3790 1317 3856 ἐπιστήσαντας,
1347 3790 1400 3836 τί
1429 3790 1490 3854 δή
1530 3801 1658 3837 ποτε

124 3875 176 3928 τὸ
205 3877 297 3930 ιιέν
323 3877 576 3930 παλαιὸν.
602 3877 692 3930 ὅτε
724 3875 829 3929 τῶν
861 3875 1027 3930 ἐθνῶν
1059 3876 1311 3929 ἁπάντων
1336 3875 1658 3930 κατετυράν-

1758 3793 1932 3847 exitus
1948 3791 2335 3860 comprobavit.
2377 3790 2586 3846 Etenim
2617 3792 2898 3870 multiplex
2922 3793 3010 3845 ille
3037 3791 3316 3846 Romano-

1758 3899 1873 3930 rum
1900 3882 2234 3930 nriucinatus
2273 3881 2419 3930 illico
2462 3883 2706 3930 sublatus
2728 3892 2811 3930 est
2835 3925 2847 3930 _
2868 3899 2994 3930 cum
3037 3883 3315 3930 Augustus

205 3891 297 3946 μεν
323 3891 576 3941 παλαιον,
602 3891 692 3930 οτε
724 3891 829 3929 των
861 3891 1027 3930 ευνων
1059 3891 1311 3929 απαντων
1336 3892 1661 3945 κατετυραν-

1753 3899 1873 3938 rum
1900 3882 2234 3953 principatus
2273 3881 2419 3934 illico
2462 3866 2706 3937 sublatus
2728 3892 2848 3948 est,
2868 3899 2994 3937 cum
3037 3883 3315 3950 Augustus

1756 3977 1858 4032 sub
1879 3976 2056 4045 ipsum
2127 3973 2299 4028 nostri
2328 3971 2633 4026 Servatoris
2697 3973 2984 4027 adventum
3040 3988 3312 4026 summam

1757 4082 1937 4121 rerum
1997 4080 2139 4120 unus
2177 4063 2495 4133 accepisset.
2537 4061 2617 4116 Ex
2654 4077 2720 4116 eo
2780 4078 2906 4116 vero
2952 4072 3196 4133 tempore
3248 4062 3317 4116 ad

1741 4168 1966 4213 .aztatem
1995 4171 2166 4226 usque
2195 4165 2460 4221 nostram,
2505 4153 2756 4208 civitates
2797 4162 2858 4208 ut
2898 4163 3054 4207 autca
3090 4169 3212 4207 cum
3242 4153 3318 4209 ci-

1757 4249 2014 4304 vitatibus
2043 4247 2384 4311 dimicantes,
2417 4247 2756 4316 populosque
2783 4261 2904 4300 cum
2929 4247 3141 4314 populis
3171 4261 3318 4299 cem-

1758 4341 1978 4404 missos,
2004 4338 2284 4392 hominum
2341 4337 2573 4407 denique
2618 4339 2784 4391 vitam
2844 4353 3022 4390 rerum
3074 4337 3317 4389 omnium

132 4416 290 4483 μαίοις
326 4418 598 4490 πολεμεῖν,
643 4416 1117 4489 ἀνδραποδίζεσθαί
1167 4433 1224 4468 τε
1272 4416 1531 4486 ἀλλήλους
1571 4417 1658 4471 καὶ

1765 4429 2166 4499 perturbatione
2236 4429 2522 4483 contritam
2572 4443 2734 4482 nemo
2795 4428 2952 4482 vidit.
3005 4426 3139 4492 Quis
3191 4441 3318 4494 ergo

131 4509 456 4578 armpzixstv
497 4514 619 4574 ταῖς
699 4509 1062 4581 πολιορκίαις,
1117 4507 1398 4578 ὡσπεροῦν
1440 4509 1505 4572 αἰ
1537 4511 1658 4581 περὶ

1765 4537 1871 4575 ιιοη
1891 4521 2007 4590 jure
2029 4519 2274 4584 miretur,
2304 4519 2351 4573 si
2410 4518 2694 4587 diligenter
2741 4534 2925 4573 secum
2959 4519 3073 4587 ipse
3094 4517 3312 4586 cogitet,

133 4601 301 4654 τούτων
337 4601 549 4674 δηλοῦσι
587 4602 694 4656 τῶν
740 4603 978 4656 παλαιῶν
1025 4601 1254 4672 ἱστορίαι
1279 4618 1291 4631 ⁸
1342 4601 1457 4670 ἅμα
1493 4601 1551 4654 δὲ
1596 4605 1658 4673 τῇ

1760 4612 1889 4680 quid
1913 4626 2091 4666 causa:
2111 4607 2295 4675 fuerit,
2322 4608 2674 4680 quamobrem
2699 4610 2947 4664 homines
2996 4610 3148 4674 olim,
3181 4622 3308 4675 quo

134 4690 206 4743 τοῦ
241 4691 481 4762 Σωτῆρος
524 4690 682 4761 ἡμῶν
726 4690 1084 4764 εὐσεϐεστάτη
1130 4690 1223 4743 καὶ
1271 4690 1658 4763 εἰρηνικωτάτῃ

1761 4714 2000 4773 tempore
2043 4712 2229 4771 gentes
2276 4702 2561 4757 universas
2581 4702 2854 4756 daemones
2895 4698 3177 4770 tyrannide
3217 4713 3314 4773 op-

133 4782 452 4853 διδασκαλία,
494 4782 594 4852 τῆς
645 4782 742 4853 μὲν
794 4783 1052 4836 πολυθέου
1103 4782 1307 4851 πλάνης
1350 4781 1658 4852 καθαίρεσις

1761 4809 1976 4866 pressas
2011 4792 2283 4859 tenebant,
2312 4803 2366 4848 et
2388 4808 2602 4849 summo
2658 4793 2866 4848 cunctis
2918 4806 2948 4844 a
2995 4791 3315 4844 mortalibus

137 4874 433 4939 ἐπετελεῖτο,
456 4874 526 4947 τά
571 4873 628 4926 δὲ
670 4875 770 4945 τῆς
806 4874 913 4928 τῶν
953 4874 1119 4928 ἐθνῶν
1154 4874 1479 4935 διαστάσεως
1529 4873 1658 4926 παῦ-

1761 4888 1909 4942 cultu
1947 4884 2373 4951 celebrabantur,
2407 4885 2630 4939 deorum
2656 4884 2894 4950 ipsorum
2914 4891 3084 4934 (nstro
3111 4881 3312 4950 percit.

139 4961 222 5017 λαν
247 4967 436 5019 αὐτίκα
460 4961 700 5018 παλαιῶν
726 4963 908 5018 κακῶν
932 4964 1310 5036 ἀπελάμϐανεν
1330 4980 1344 5029 ;
1367 4963 1395 5015 ὃ
1432 4964 1524 5016 καὶ
1558 4965 1664 5034 μά-

136 5053 270 5108 λιστα
293 5057 540 5127 μέγιστον
573 5053 811 5126 ἡγοῦμαι
842 5059 1133 5127 τεκμήριον
1156 5057 1438 5126 τυγχάνειν
1459 5056 1556 5125 τῆς
1578 5057 1664 5108 ἐν-

136 5141 237 5195 θέου
279 5146 373 5197 καὶ
407 5146 714 5218 ἀπορρήτου
761 5143 1036 5214 δυνάμεως
1074 5144 1166 5199 τοῦ
1213 5144 1459 5214 Σωτῆρος
1487 5143 1661 5213 ήμιῖιν.

142 5230 230 5299 Γῆς
250 5231 290 5284 δ’
319 5233 386 5285 ἐκ
412 5234 519 5288 τῶν
547 5232 709 5288 αὐτοῦ
744 5233 916 5301 λόγων
941 5235 1374 5305 προφαινομένης
1403 5233 1686 5304 ὠφελείας,

137 5317 302 5389 δεῖγμα
335 5320 562 5390 ἐναργὲς
591 5321 720 5385 ἴδοις
745 5321 832 5384 ἂν,
867 5322 1183 5391 ἐπιστήσας,
1208 5323 1282 5385 ὡς
1320 5321 1437 5375 οὐδὲ
1477 5320 1665 5374 ἄλλοτέ

136 5425 206 5462 πω
243 5410 297 5478 ἐξ
340 5410 554 5474 αἰῶνος,
592 5411 700 5466 οὐδ’
729 5413 832 5466 ὑπό
859 5428 1001 5474 τινος
1041 5410 1149 5463 τῶν
1177 5412 1342 5466 πάλαι
1369 5410 1659 5480 διαφανῶν,

136 5497 186 5552 ἐκ
217 5502 384 5572 μόνων
420 5501 478 5555 δὲ
508 5499 616 5555 τῶν
639 5502 802 5556 αὑτοῦ
841 5501 1051 5573 φωνῶν,
1088 5502 1184 5555 καὶ
1222 5503 1321 5574 τῆς
1347 5504 1448 5559 άνά
1484 5505 1664 5556 πᾶσαν

136 5589 214 5659 τὴν
257 5591 583 5663 οἰκουμένην
621 5591 948 5665 διαδοθείσης
991 5593 1329 5658 διδασκαλίας
1377 5595 1560 5659 αὐτοῦ,
1599 5589 1660 5650 εὖ

192 5811 234 5843 ⁸⁸
265 5813 364 5867 lsa.
406 5827 462 5877 ιι,
497 5811 549 5864 ι.

1757 4988 1820 5032 tn
1837 4984 2023 5031 mutua
2063 4974 2200 5037 bella
2234 4974 2439 5027 furioso
2460 4972 2694 5041 quedam
2733 4971 2932 5042 impetu
2963 4979 3219 5025 ruerent:
3246 4972 3322 5024 sic

1764 5079 1824 5124 ut
1843 5068 2001 5122 modo
2030 5066 2200 5120 Graeci
2217 5081 2338 5119 cum
2365 5065 2583 5130 Graecis,
2605 5065 2767 5118 modo
2790 5080 2911 5118 cum
2929 5062 3193 5132 Egyptiis
3222 5060 3320 5114 ΑΞ-

1764 5161 1927 5232 gyptii
1981 5160 2077 5228 ιι
2109 5197 2123 5221 ,
2158 5156 2276 5227 Syri
2305 5172 2428 5211 cum
2459 5155 2610 5226 Syris
2637 5197 2651 5221 ,
2705 5172 2829 5212 cum
2861 5142 3118 5210 Romanis
3156 5152 3308 5206 deni-

1764 5258 1870 5323 que
1893 5251 2120 5307 Romani
2160 5251 2258 5319 ipsi
2284 5250 2423 5304 bella
2450 5251 2806 5319 susciperent,
2831 5249 3026 5317 aliique
3072 5244 3310 5298 vicissim

1765 5346 1902 5399 alios
1930 5345 2013 5398 vel
2037 5343 2091 5395 in
2120 5342 2430 5395 servitutem
2454 5341 2803 5400 abducerent.
2823 5340 2910 5407 vel
2939 5335 3309 5390 obsidionibus

1766 5439 2109 5497 conficerent,
2145 5419 2594 5502 quemadmodum
2625 5442 2832 5485 veteres
2859 5428 3073 5479 illorum
3107 5434 3304 5491 tempo-

1768 5543 1886 5582 rum
1922 5525 2161 5580 liistoriis
2205 5523 2578 5592 consignatum
2628 5534 2691 5574 ac
2725 5525 2972 5573 testatum
3026 5513 3312 5582 reliquere;

1768 5626 1827 5668 ut
1882 5619 2113 5690 primum
2155 5626 2333 5669 autem
2376 5612 2778 5683 religiosissima
2821 5605 3077 5677 pacisque
3120 5619 3310 5658 aman-
