3980 6338
101 444 143 502 il
1249 439 1573 495 ΡΒΑΞΡΑΠ,
1610 439 1639 493 Ε

1749 438 1854 493 NG.
1894 437 2024 490 LIB.
2066 437 2104 490 1.
3217 427 3285 475 4‘2

100 574 164 622 vo;
185 553 361 609 δῶσετε
398 554 565 623 λόγον
594 555 655 607 ἐν
679 552 856 623 ἡμέρα
880 550 1118 623 κρίσεως
1139 565 1152 581 ·
1191 569 1209 601 ι
1243 550 1433 613 ὁποίας
1463 551 1626 620 ὑπερ-

1742 551 1936 603 minunt
1960 549 2166 618 pridem
2198 547 2587 602 exstinctorum
2620 561 2828 608 manes,
2857 556 3028 611 neque
3049 541 3289 592 animan-

103 645 226 714 ϐολῆς
249 645 543 714 φιλοσόφου
573 641 722 713 ζωῆς
763 644 942 713 ἔχεται
967 660 980 703 ;
1021 643 1094 694 Τὸ
1120 641 1175 694 δὲ
1210 641 1303 694 καὶ
1334 641 1628 712 συλλήϐδην

103 735 265 805 ἀξίω
293 735 572 807 μυριάδας
603 734 729 797 ὅλας
759 733 962 804 ἀνδρῶν
988 732 1079 786 καὶ
1104 732 1376 801 γυναικῶν
1401 732 1492 786 καὶ
1516 731 1632 784 παί-

104 829 194 891 δων,
217 826 444 879 οἰκετῶν
477 842 537 877 τε
567 824 661 876 καὶ
687 823 1001 893 ἐλευθέρων,
1031 820 1231 885 ἀδόξων
1255 837 1314 874 τε
1345 821 1437 873 καὶ
1465 821 1631 873 ἐπιδό-

104 915 194 978 ξων,
215 916 296 967 καὶ
325 915 563 985 προσέτι
589 913 874 984 βαρϐάρων
895 910 1030 980 ὁμοῦ
1061 913 1154 964 καὶ
1188 912 1471 982 Ἑλλήνων,
1494 912 1632 964 κατά

105 1008 238 1059 πάντα
261 1006 430 1060 τόπον
461 1008 551 1059 καὶ
580 1006 733 1058 πόλιν
763 1006 854 1056 καὶ
883 1004 1087 1074 χώραν,
1118 1004 1212 1057 καὶ
1241 1005 1372 1056 πᾶσι
1400 1006 1511 1065 τοῖς
1543 1004 1630 1070 ὑφ’

102 1100 214 1168 ἥλιον
244 1099 458 1152 ἔθνεσιν
489 1099 580 1151 ἐπὶ
609 1097 918 1168 διδασκαλία
951 1097 1059 1151 τῶν
1089 1096 1338 1150 τοιούτων
1373 1095 1631 1166 μαθημά-

104 1205 199 1251 των,
214 1188 324 1240 οἴων
343 1188 557 1259 ἀρτίως
589 1188 1008 1259 μεμαθήκαμεν,
1028 1188 1216 1258 φοιτᾷν
1237 1188 1330 1240 καὶ
1347 1189 1441 1249 τὰς
1468 1187 1632 1249 ἀκοὰς

103 1279 240 1346 λόγος
264 1281 550 1350 παρέχειν,
598 1281 976 1333 ἀναπείθουσιν
1024 1281 1083 1332 ού
1131 1281 1288 1349 μόνον
1321 1279 1634 1332 ἀκολάστων

105 1371 529 1439 ἐπιχειρημάτων,
558 1369 802 1422 ἀλλὰκαὶ
830 1369 934 1423 τῶν
961 1369 1101 1424 κατά
1131 1369 1366 1422 διάνοιαν
1399 1368 1634 1439 αἰσχρῶν

105 1459 491 1530 ἐνθυμημάτων,
556 1460 795 1530 γαστρός
856 1477 914 1512 τε
960 1461 1052 1513 καὶ
1093 1459 1199 1512 τῶν
1253 1460 1355 1512 ὑπὸ
1400 1460 1637 1528 γαστέρα

104 1554 312 1619 κρατεῖν·
348 1551 415 1603 τό
469 1568 522 1602 τε
565 1553 672 1603 πᾶν
703 1552 856 1619 γένος
893 1550 1142 1602 παιδείαν
1185 1550 1526 1602 παιδεύεσθαι
1557 1550 1637 1601 ἕν-

103 1640 196 1692 θεον
228 1642 313 1694 καὶ
344 1640 574 1711 εὐσεϐῆ,
617 1641 798 1718 φέρειν
839 1659 897 1694 τε
941 1642 1227 1712 μανθάνειν
1257 1643 1513 1709 γενναίως
1545 1643 1637 1693 καὶ

106 1730 227 1799 βαθεῖ
253 1735 558 1804 φρονήματι
589 1734 686 1797 τὰς
723 1733 828 1786 τῶν
857 1735 1296 1804 ἐπανισταμένων
1319 1734 1521 1804 ὕϐρεις,
1546 1734 1638 1785 καὶ

106 1824 161 1891 μὴ
199 1827 299 1887 τοῖς
346 1827 488 1888 ῐσοις
529 1825 653 1886 τοὺς
691 1824 923 1892 φαύλους
977 1823 1308 1894 ἀμύνεσθαι·
1359 1823 1527 1893 θυμοῦ
1584 1824 1638 1875 δὲ

1730 642 1864 695 tium
1893 642 2102 694 ratione
2143 640 2440 693 carentium
2480 640 2768 693 teterrimte
2798 653 2861 691 ac
2892 634 3289 690 nocentissima».

1731 735 1952 788 deorum
1981 731 2286 800 ampliusin
2313 745 2538 784 numero
2570 731 2905 783 habeantur:
2936 728 3026 784 sed
3061 728 3285 780 istorum

1733 823 1974 875 omnium
2008 822 2127 874 loco
2152 861 2166 883 ,
2202 836 2294 889 per
2329 836 2489 873 uuam
2526 821 2665 873 hanc
2699 820 3059 888 evangelicum
3093 817 3290 871 Serva-

1735 916 1868 969 toris
1909 913 2076 968 nostri
2123 912 2424 966 doctrinam
2475 911 2724 964 effer-tum
2772 911 2861 975 sit,
2895 921 2951 962 ut
2981 925 3044 962 ex
3090 908 3292 962 Gl'LlICiS

1734 1011 1932 1075 pariter
1980 1024 2041 1062 ac
2072 1008 2316 1062 barbaris
2350 1017 2614 1077 quotquot
2645 1009 2763 1076 ejus
2810 1009 3032 1061 verbum
3077 1007 3291 1061 sincero

1733 1099 1938 1163 animo,
1989 1114 2096 1151 non
2129 1098 2475 1152 simulatione
2521 1099 2754 1166 quadam
2785 1107 2838 1150 et
2876 1097 3021 1150 inani
3050 1106 3291 1150 ostenta-

1737 1191 1879 1244 tione
1905 1191 2226 1258 suscipiunt,
2258 1205 2379 1244 eum
2405 1204 2666 1257 supremae
2688 1189 3040 1258 philosophia:
3063 1189 3288 1258 gradum

1735 1282 2037 1351 attingant,
2071 1288 2320 1334 utunqu
2367 1281 2722 1348 eumdemqu
2764 1296 3034 1334 summum
3080 1279 3288 1341 Deum,

1737 1375 1897 1428 nullis
1944 1373 2104 1441 hujus
2133 1382 2226 1425 aut
2260 1373 2623 1426 universitatis
2652 1381 2744 1425 aut
2788 1372 2882 1425 aevi
2920 1372 3115 1423 iiuibus
3145 1386 3292 1423 com-

1737 1465 2082 1530 prehensum,
2119 1471 2500 1530 praepotentem
2533 1462 2652 1515 cmli
2691 1471 3063 1527 terrarumque
3093 1458 3287 1525 Regem

1736 1568 1797 1604 ac
1833 1552 2138 1614 Dominum,
2172 1552 2323 1614 solis,
2349 1560 2617 1605 astrorum
2645 1553 2918 1619 totiusque
2949 1550 3134 1604 mundi
3163 1551 3293 1602 ι»ιό-

1737 1653 2031 1696 creatorem
2065 1652 2420 1707 venerentur,
2451 1644 2752 1706 celebrent,
2783 1643 3054 1711 Deumque
3085 1642 3290 1694 latean—

1741 1747 1864 1797 Iur;
1917 1735 1985 1785 ita
2033 1749 2196 1802 porro
2242 1734 2404 1785 vitam
2459 1733 2614 1802 quasi
2666 1733 2732 1785 ad
2775 1734 3033 1785 amussim
3083 1733 3294 1798 exigere

1741 1826 2187 1894 iouini-mareque
2218 1825 2487 1889 studeant,
2519 1833 2578 1878 ut
2605 1827 2778 1890 ipsum
2811 1824 2974 1876 etiam
3008 1824 3292 1875 oculorum

104 1915 177 1964 καὶ
211 1915 392 1984 ὀργῆς,
435 1916 522 1967 καὶ
556 1915 737 1986 πάσης
767 1893 1041 1985 ἐμμανοῦς
1088 1914 1316 1985 ὀρέξεως
1363 1915 1635 1984 κρείττους

1742 1933 1954 1971 sensum
1990 1917 2286 1987 disciplina:
2322 1916 2528 1985 legibus
2558 1916 2884 1975 contineant,
2921 1914 3158 1980 ιιῐίιίίιιιιιι
3184 1929 3290 1964 non

103 2006 307 2068 γίνεσθαι
329 2022 341 2035 ·
373 2008 464 2058 ναὶ
488 2007 592 2077 μὴν
624 2008 718 2060 καὶ
749 2007 854 2059 τῶν
888 2006 1240 2077 ὑπαρχόντων
1285 2005 1507 2074 ἀπόροις
1543 2005 1636 2056 καὶ

105 2097 273 2149 {vastat
326 2101 634 2163 κοινωνεῖν,
673 2098 845 2151 πάντα
883 2113 942 2148 τε
987 2096 1266 2167 ἄνθρωπον
1297 2095 1526 2165 ὁμογενῆ
1557 2095 1638 2146 δε-

103 2185 332 2252 ξιοῦσθαι,
389 2188 485 2240 καὶ
537 2187 628 2240 τὸν
683 2187 1062 2256 νενομισμένον
1110 2186 1273 2250 ξένον,
1328 2186 1470 2237 ὼσάν
1499 2186 1638 2254 νόμῳ

104 2275 284 2338 φύσεως
320 2276 655 2328 οἰκειότατον
681 2331 683 2334 ,
711 2277 804 2328 καὶ
851 2275 1076 2342 ἀδελφὸν
1119 2274 1422 2344 γνωρίζειν.
1457 2275 1638 2326 Πάντα

104 2366 152 2434 δὴ
180 2367 380 2438 ἀθρόως
410 2367 582 2420 ταῦτα
623 2352 703 2429 τις
745 2363 1060 2432 συναγαγὼν
1085 2405 1098 2428 ,
1135 2363 1249 2425 πῶς
1282 2364 1380 2416 οὐκ
1409 2365 1473 2416 ἂν
1507 2366 1638 2433 ὁμοσ-

102 2454 316 2525 λογησειε
367 2456 438 2508 τὰ
473 2456 702 2526 μέγιστα
737 2455 828 2509 καὶ
861 2453 1074 2524 ἀληθῶς
1095 2453 1274 2520 ἀγαθὰ
1305 2455 1511 2516 πάντας
1542 2456 1634 2506 ἀν-

103 2533 324 2614 θρώπους
356 2545 809 2613 εὐαγγελίσασθαι
855 2545 944 2598 τὸν
976 2545 1240 2615 ἡμέτερον
1261 2543 1435 2611 λόγον,
1481 2545 1539 2595 τό
1581 2561 1637 2593 τε

102 2637 296 2690 αὐτόθεν
341 2638 606 2708 ὑπερέχον
654 2637 789 2708 πρὸς
831 2637 1057 2703 εὐζωΐαν
1094 2636 1172 2707 τῷ
1199 2635 1306 2689 τῶν
1343 2635 1640 2706 ἀνθρώπων

104 2729 480 2798 παρεσχηκέναι
507 2729 605 2799 βίῳ
627 2745 641 2793 ;
675 2729 886 2781 Ὀποῖον
913 2726 969 2780 δέ
992 2743 1070 2780 σοι
1096 2724 1231 2780 εἶναι
1259 2728 1420 2793 δοκεῖ,
1453 2727 1512 2778 τὺ
1537 2729 1641 2780 πᾶν

103 2817 232 2883 γένος
265 2817 586 2888 ἀνθρώπων,
624 2819 686 2870 ού
722 2818 879 2887 μόνον
933 2817 1214 2888 Ἑλλήνων,
1245 2815 1378 2869 ἀλλά
1415 2815 1641 2869 καὶτῶν

105 2909 513 2979 ἁνημερωτάτων
565 2909 874 2980 βαρϐάρων,
922 2908 1017 2960 καὶ
1075 2906 1182 2958 τῶν
1222 2892 1278 2958 ἐν
1323 2909 1438 2968 ταῖς
1477 2909 1639 2974 ἐσχα-

104 3004 220 3062 τιαῖς
243 3003 342 3071 τῆς
368 3002 469 3071 γῆς
499 3002 812 3063 οἰκούντων,
845 3000 944 3070 τῆς
974 2999 1071 3070 μὲν
1103 2999 1292 3065 ἀλόγου
1328 2997 1643 3068 θηριωδείας

107 3090 360 3160 ἀνασχεῖν,
391 3091 546 3155 δόξας
565 3093 621 3144 δὲ
650 3091 967 3160 φιλοσόφους
982 3088 1265 3143 ἀναλαϐεῖν
1299 3087 1644 3158 παρασκευά-

104 3198 208 3247 ut;
244 3179 380 3250 οἷον,
423 3185 551 3254 φέρε
595 3187 786 3244 εἰπεῖν,
811 3185 910 3244 τὰς
941 3183 1066 3252 περὶ
1102 3179 1396 3243 ἀθανασίας
1445 3179 1640 3248 ψυχῆς,

107 3276 182 3324 καὶ
211 3274 353 3343 ζωῆς
397 3274 489 3341 τῆς
528 3274 678 3343 παρά
714 3273 831 3342 Θεῷ
864 3274 998 3342 μετά
1040 3271 1137 3342 τὴν
1168 3270 1373 3324 ἐνθένδε
1404 3269 1642 3322 ἀπαλλα-

103 3365 187 3433 γὴν
205 3366 313 3425 τοῖς
344 3362 642 3431 θεοφιλέσιν
669 3363 1056 3432 ἀποκειμένης,
1090 3362 1157 3414 δι’
1181 3363 1246 3432 ἢν
1273 3360 1363 3413 τοῦ
1390 3360 1646 3430 προσκαί-

107 3470 184 3518 ρου
212 3453 402 3506 τούτου
431 3453 527 3525 ζῇν
560 3456 919 3523 καταφρονεῖν
942 3444 1275 3522 ἐμελέτησαν
1299 3469 1311 3480 ο
1344 3451 1481 3503 ὥστε
1511 3452 1644 3503 ἀπο-

104 3544 248 3608 δεῖξαι
279 3548 477 3609 παῖδας
503 3547 628 3608 τοὺς
662 3544 877 3598 πώποτε
896 3545 984 3608 ἐπὶ
1011 3542 1292 3612 φιλοσοφίᾳ
1311 3542 1640 3611 διαϐοήτους,

107 3637 186 3684 καὶ
209 3635 456 3703 παίγνιον
487 3633 578 3687 τὸν
627 3631 1016 3702 θρυλλούμενον
1049 3632 1250 3683 ἐκεῖνον
1271 3629 1515 3690 θάνατον,
1546 3630 1647 3681 ἀνὰ

110 3726 262 3794 στόμα
309 3725 608 3793 φιλοσόφων
645 3723 857 3776 πάντων
904 3722 1188 3792 ᾀδόμενον
1248 3720 1471 3790 θηλειῶν
1518 3725 1644 3790 παρ’

107 3813 219 3882 ἡμῖν
245 3816 342 3866 καὶ
396 3813 588 3884 κομιδῆ
633 3809 1193 3880 παίδων,κ.βαρ6ἀρων
1229 3826 1286 3861 τε
1321 3809 1526 3879 ἀνδρῶν
1555 3810 1647 3861 καὶ

109 3903 316 3958 εὐτελῶν
350 3904 429 3972 τῷ
449 3904 644 3966 δοκεῖν,
682 3904 749 3971 τῇ
778 3899 870 3954 τού
897 3899 1144 3967 Σωτῆρος
1163 3902 1195 3968 ἡ
1206 3897 1317 3967 μῶν
1339 3899 1560 3969 δυνάμει
1586 3917 1644 3951 τε

109 3994 190 4045 καὶ
223 3995 531 4066 συνεργείᾳ,
556 3995 651 4046 τὸν
683 3994 810 4065 περὶ
835 3991 1011 4062 ψυχῆς
1052 3989 1345 4052 ἀθανασίας
1370 3990 1524 4057 λόγον
1555 3991 1646 4062 ἔρ-

107 4096 208 4147 γοις
242 4084 568 4155 πρότερονῆ
610 4085 844 4154 ῥήμασιν
886 4079 1282 4151 ἐπαληθεύοντα
1325 4079 1645 4145 δειξάντων;

111 4166 216 4224 Οἷον
240 4174 318 4236 δὲ,
357 4176 452 4227 καὶ
491 4175 552 4226 τὸ
594 4172 821 4226 καθόλου
858 4173 1066 4232 πάντας
1103 4169 1413 4236 ἀνθρώπους
1443 4171 1563 4232 τοὺς
1593 4173 1649 4222 ἐν

113 4260 227 4314 πᾶσι
261 4265 379 4325 τοῖς
414 4263 637 4324 ἔθνεσιν,
670 4263 735 4314 ἐκ
762 4260 867 4314 τῶν
900 4260 990 4312 τοῦ
1021 4258 1262 4328 Σωτῆρος
1293 4257 1446 4326 ἡμῶν
1480 4256 1650 4325 μαθη-

117 4350 277 4416 μάτων
295 4353 428 4421 περὶ
442 4351 572 4404 Θεοῦ
597 4350 847 4422 προνοίας
859 4350 932 4412 ὼς
950 4346 1227 4416 ὲφορὼσης
1252 4346 1317 4398 τὰ
1347 4344 1647 4414 σύμπαντα,

113 4437 259 4504 ύγιιῖις
311 4441 411 4493 καὶ
454 4441 775 4511 ἐρρωμένως
804 4441 1013 4509 φρονεῖν
1051 4434 1410 4489 παιδεύεσθαι⁹
1454 4434 1546 4485 καὶ
1590 4433 1650 4484 τὸ

113 4532 271 4584 πὶεαν
303 4531 483 4600 ψυχὴν
523 4532 812 4600 μανθάνειν
854 4529 942 4582 τὸν
976 4528 1101 4598 περὶ
1133 4526 1511 4595 δικαιωτηρίου
1559 4523 1650 4575 καὶ

1738 2019 2092 2077 temperatum
2137 2024 2202 2062 ex
2250 2016 2467 2076 aspectu
2511 2021 2634 2059 cum
2683 2004 2973 2072 cupiditate
3003 2005 3295 2072 conjuncto

1741 2102 1790 2153 in
1825 2100 2063 2152 animum
2095 2099 2278 2154 subire
2304 2100 2604 2167 patiantur,
2634 2113 2695 2150 ac
2726 2097 2806 2149 vel
2842 2098 2954 2165 ipsa
2986 2112 3049 2148 ex
3091 2096 3296 2164 cogita-

1742 2194 1887 2246 tione
1933 2190 2190 2244 radicitus
2249 2205 2420 2259 genus
2464 2205 2625 2243 omne
2675 2189 2830 2242 ftedm
2876 2187 3295 2256 perturbationis

1741 2282 2096 2337 cxscindant:
2155 2284 2269 2336 haec
2323 2283 2505 2335 omnia
2559 2282 2681 2350 quis
2737 2283 3029 2349 plurimum
3084 2283 3293 2333 cunctis

1746 2371 2054 2427 hominibus
2088 2373 2152 2426 ad
2202 2373 2335 2427 bene
2385 2374 2646 2440 beateque
2692 2373 2978 2426 vivendum
3035 2375 3295 2424 momenti

1745 2465 1934 2528 afferre
1982 2481 2089 2520 non
2140 2465 2360 2518 videat?
2411 2462 2710 2526 Praeterea,
2755 2464 2897 2530 quod
2942 2465 3088 2516 nullo
3139 2465 3295 2529 plane

1737 2553 2086 2623 jurejurando
2123 2570 2257 2623 opus
2299 2553 2528 2607 habeant
2570 2553 2818 2623 (tantum
2868 2554 3016 2608 abest
3067 2563 3126 2607 ut
3174 2571 3297 2623 per-

1737 2646 1884 2710 jurio
1913 2647 2065 2701 locus
2091 2661 2211 2700 esse
2239 2645 2475 2714 possit),
2504 2661 2569 2699 eo
2598 2646 2741 2714 quod
2773 2660 3045 2716 nunquam
3077 2648 3296 2698 omnino

1739 2737 2030 2804 jurandum
2067 2752 2186 2791 esse
2212 2778 2226 2801 ,
2258 2749 2311 2790 at
2360 2736 2557 2804 rejecto
2603 2737 2884 2791 mendacio
2939 2753 3119 2792 verum
3163 2755 3294 2791 eon-

1743 2836 1950 2883 stanter
1991 2837 2043 2880 et
2076 2827 2272 2896 ubique
2318 2827 2653 2881 retinendum
2700 2845 2761 2880 ex
2810 2829 2900 2880 illo
2949 2828 3294 2890 didicerunt,

1745 2919 1879 2972 adeo
1912 2927 1970 2972 ut
2007 2919 2085 2970 ita
2131 2919 2211 2970 vel
2251 2935 2353 2970 non
2404 2919 2455 2970 in
2498 2933 2707 2972 Omnem
2753 2928 2954 2986 partem
3001 2920 3131 2972 satis
3179 2934 3298 2973 ess:

1743 3019 1950 3080 putent,
1997 3009 2191 3079 quippe
2236 3009 2329 3076 qui
2375 3009 2456 3060 vel
2508 3008 2674 3075 ipsam
2728 3008 2894 3060 animi
2931 3009 3293 3061 inductionem

1745 3102 1893 3156 omni
1927 3111 2262 3156 sacramento
2306 3099 2596 3152 firmiorem
2629 3107 2790 3167 atque
2817 3099 3099 3152 certiorem
3139 3101 3261 3151 exhi
3282 3129 3294 3137 -

1747 3195 1927 3248 beant.
1987 3192 2286 3252 Similiter,
2333 3190 2478 3258 quod
2529 3206 2594 3244 ne
2639 3191 2691 3243 in
2742 3191 3029 3244 levissimis
3079 3191 3293 3256 quidem

1748 3285 1976 3350 vnculis,
2022 3300 2086 3337 ac
2128 3286 2333 3337 mutuis
2359 3282 2794 3350 quotidianisque
2822 3283 3297 3350 congressionibus

1749 3390 1867 3429 sese
1909 3356 2266 3444 uegligentius
2306 3372 2503 3424 habere
2536 3369 2739 3432 velint,
2788 3371 2878 3424 sed
2925 3371 2977 3422 in
3021 3369 3089 3422 iis
3135 3372 3297 3423 etiam

1748 3473 2014 3528 accurate,
2047 3463 2305 3534 quidquid
2343 3465 2655 3530 loquuntur,
2692 3463 3024 3531 expendant,
3061 3478 3127 3515 ne
3156 3463 3296 3530 qui»!

1750 3553 1882 3620 ipsis
1917 3555 2136 3605 verbum
2169 3561 2263 3606 aut
2291 3569 2486 3605 vanum
2515 3595 2529 3619 ,
2571 3562 2663 3606 aut
2695 3554 3140 3607 contumeliosum
3168 3595 3180 3618 ,
3212 3564 3304 3604 aut

1750 3650 1926 3709 turpe,
1958 3642 2206 3694 minusve
2237 3644 2593 3711 compositum
2619 3642 2828 3696 excidat
2855 3661 2868 3708 ;
2900 3643 3058 3712 idque
3085 3657 3304 3711 prOpzer

1751 3746 1916 3782 unum
1941 3731 2043 3782 hoc
2064 3732 2309 3798 ejusdem
2329 3735 2588 3786 monitum
2612 3752 2622 3786 :
2650 3753 2666 3783 ι
2691 3737 2761 3787 De
2780 3735 2925 3787 omni
2943 3735 3106 3795 verbo
3127 3734 3302 3785 otioso

1750 3820 1983 3873 reddetis
2003 3823 2263 3874 rationem
2294 3822 2346 3874 in
2371 3822 2455 3875 die
2475 3824 2662 3890 judicii
2692 3822 2764 3886 ”;
2792 3841 2810 3872 ι
2837 3831 3028 3887 totum,
3063 3824 3300 3889 inquam,

1751 3911 1879 3964 illud
1931 3911 2086 3979 cujus
2141 3911 2366 3964 obsecro
2420 3913 2539 3964 vitae
2587 3921 2705 3975 est,
2762 3927 3024 3980 quantque
3072 3914 3303 3969 sublime

1748 4002 2102 4072 philosophia:
2148 4019 2317 4073 genus
2350 4003 2697 4071 profitentis?
2729 4003 2804 4055 Ad
2848 4003 2960 4056 hmc
2989 4046 2999 4066 ,
3045 4006 3184 4072 quod
3217 4007 3302 4058 in-

1751 4093 1901 4147 ﬁnita
1944 4093 2223 4156 virorum,
2260 4095 2544 4147 mulierum
2584 4109 2647 4146 ac
2676 4107 2987 4162 puerorum,
3024 4111 3301 4150 servorum

1751 4193 1950 4262 pariter
1976 4201 2138 4261 atque
2185 4192 2478 4246 liberorum
2505 4231 2522 4257 ,
2572 4192 2888 4261 ignobilium
2922 4201 2974 4246 et
3005 4194 3262 4248 nobilium
3289 4234 3308 4261 ,

1753 4311 1961 4350 necnon
1988 4295 2341 4350 barbarorum
2375 4293 2536 4348 simul
2578 4303 2738 4362 atque
2776 4292 3103 4359 Graecorum,
3136 4298 3309 4349 omni-

1755 4395 1855 4448 bus
1879 4396 1932 4448 in
1950 4397 2107 4459 locis,
2128 4395 2364 4463 oppidis,
2381 4394 2692 4463 regionibus
2715 4403 2766 4448 et
2784 4405 3048 4465 quotquot
3070 4396 3166 4450 soli
3191 4397 3309 4448 sub-

1750 4498 1903 4567 jectae
1922 4497 2021 4566 13
2045 4509 2171 4550 sunt
2191 4498 2521 4557 nationibus.
2537 4498 2602 4550 ad
2621 4498 2956 4552 subeundam
2976 4513 3160 4551 eorum
3177 4515 3314 4567 prae-

115 4597 329 4690 κρίσεως
525 4597 696 4688 λόγον
721 4661 735 4684 ,
776 4620 868 4674 καὶ
897 4620 958 4672 τὸ
995 4597 1462 4689 πεφροντισμένως
1518 4615 1639 4684 ζῇν,

1753 4610 2054 4667 ceptorum,
2083 4598 2279 4668 quibus
2318 4613 2489 4668 nuper
2532 4597 2804 4652 informati
2837 4614 3045 4663 sumus,
3072 4597 3310 4664 discipli-

115 4712 194 4762 καὶ
211 4713 549 4780 φυλακτικῶς
569 4710 710 4781 ἔχειν
731 4709 835 4762 τῶν
850 4709 945 4781 τῆς
972 4708 1166 4770 κακίας
1193 4706 1628 4776 ἐπιτηδευμάτων

1762 4717 1908 4766 nam,
1932 4701 2097 4754 denso
2127 4698 2341 4769 agmine
2391 4698 2677 4754 multitudo
2710 4698 2964 4760 conﬂuat,
3020 4697 3312 4766 ejusmodi-

115 4820 204 4875 que
234 4807 578 4862 sermonibus
629 4819 787 4859 aures
840 4804 1092 4873 praebeat,
1139 4802 1335 4870 quibus
1384 4801 1449 4854 ad
1482 4798 1830 4853 coercendam
1876 4811 1981 4849 non
2033 4795 2303 4849 actionum
2348 4795 2512 4848 modo
2533 4793 2898 4862 petulantiam,
2932 4807 3116 4845 verum
3146 4792 3306 4844 etiam

115 4909 305 4966 earum,
343 4915 468 4969 quae
500 4898 553 4952 in
604 4895 719 4952 sola
750 4903 925 4948 mente
963 4903 1266 4954 versantur,
1318 4890 1700 4960 cogitationum
1738 4887 2144 4956 turpitudinem,
2175 4899 2467 4952 omnesque
2495 4894 2606 4938 tum
2642 4883 2860 4944 ventris,
2908 4892 3019 4934 tum
3065 4898 3183 4950 qua:
3212 4887 3314 4936 sub

115 4999 282 5047 ventre
320 4991 505 5047 sedem
546 4990 746 5044 habent
773 4986 1072 5054 voluptates
1114 4983 1407 5038 domandas
1429 4981 1722 5035 excitetur:
1762 4979 2010 5047 quodque
2053 4977 2257 5028 nullum
2290 4989 2395 5028 non
2444 4988 2613 5043 genus
2665 4973 2943 5025 hominum
2991 4972 3182 5025 divi-ure
3216 4975 3314 5024 ιΙ()--

119 5090 284 5142 ctrina
344 5083 793 5156 praceptionibus
847 5081 1136 5144 imbuatur,
1185 5087 1243 5131 ut
1298 5074 1674 5129 lacessentium
1716 5074 2056 5127 inimicorum
2119 5070 2345 5139 injurias
2393 5069 2603 5123 excelso
2657 5076 3082 5137 exaggeratoque
3133 5067 3312 5119 animo

121 5176 260 5244 ferre,
312 5193 432 5233 non
464 5179 666 5232 mutuis
702 5192 765 5231 ac
798 5175 1062 5232 similibus
1115 5170 1388 5240 improbos
1428 5169 1675 5222 homines
1722 5168 1905 5222 ulcisci
1953 5167 2118 5220 velit:
2151 5175 2211 5220 ut
2264 5165 2555 5218 iracundia:
2602 5163 2726 5230 vim,
2768 5170 2825 5216 ut
2855 5164 3197 5231 impotentem
3251 5176 3314 5212 ac

121 5271 365 5330 furiosum
418 5246 725 5339 cupiditatis
775 5270 953 5325 omnis
1005 5269 1261 5336 impetum
1306 5278 1491 5334 regere
1541 5277 1603 5316 ac
1648 5262 1860 5316 frenare
1914 5272 2156 5325 conetur,
2226 5261 2463 5327 adeoque
2516 5267 2572 5311 ut
2618 5273 2744 5326 opes
2791 5247 3141 5322 fortunasque
3188 5269 3314 5307 suas

123 5380 226 5425 αιιιι
263 5365 517 5437 inopibus
560 5365 948 5434 egentibusque
993 5359 1398 5417 communicet:
1436 5368 1493 5410 ut
1540 5357 1831 5424 quemlibet
1876 5356 2146 5409 hominem
2197 5352 2499 5408 communis
2527 5351 2875 5403 humanitatis
2909 5346 3122 5401 nomine
3167 5360 3316 5398 com-

123 5462 404 5531 βοείων,
467 5472 730 5530 quemque
774 5457 932 5525 vulgo
990 5463 1245 5521 tauquam
1307 5448 1645 5517 peregrinum
1705 5447 1938 5512 habent,
1995 5462 2116 5500 eum
2164 5445 2318 5514 quasi
2382 5452 2585 5495 naturae
2648 5443 2761 5510 lege
2808 5437 3312 5505 conjunctissimum

125 5530 362 5614 inlati
398 5553 616 5610 fratrem
655 5558 928 5620 agnoscat.
956 5550 1083 5604 Haec
1111 5546 1202 5617 qui
1247 5543 1409 5599 simul
1449 5543 1696 5596 universa
1739 5552 2007 5609 congerat,
2059 5540 2241 5593 ﬁerine
2273 5540 2487 5606 poterit,
2538 5536 2666 5604 quin
2725 5535 2862 5587 idem
2895 5530 3232 5599 praedicatam
3285 5544 3316 5579 a

125 5650 260 5707 lolii
293 5648 602 5706 doctrinam
649 5657 767 5700 eam
824 5653 946 5697 esse
995 5641 1245 5702 fateatur,
1302 5652 1424 5707 quae
1459 5650 1668 5690 summa
1715 5651 1939 5703 veraque
1999 5636 2133 5688 bona
2192 5632 2397 5686 cunctis
2422 5631 2730 5684 hominibus
2760 5625 2981 5678 feliciter
3035 5624 3315 5681 nuntiarit,

127 5745 357 5816 que-dque
407 5743 731 5812 praecipuum
786 5745 839 5792 et
869 5725 1024 5806 quasi
1068 5743 1230 5805 caput
1255 5733 1321 5788 ad
1359 5733 1493 5786 bene
1543 5730 1802 5798 beateque
1826 5730 2108 5783 vivendum
2137 5743 2230 5796 per
2261 5741 2377 5779 sese
2399 5733 2532 5787 erat,
2559 5723 2834 5777 hominum
2867 5719 2983 5770 vita:
3002 5713 3311 5769 contulerit.

129 5809 244 5892 illud
463 5809 913 5903 quod'sequitur,
969 5828 1268 5900 cujusmodi
1313 5827 1527 5881 tandem
1572 5838 1690 5877 esse
1729 5834 1904 5892 putas,
1946 5823 2087 5892 quod
2130 5822 2381 5875 nimirtun
2432 5819 2616 5875 eadem
2671 5830 2835 5885 genus
2870 5813 3145 5865 hominum
3198 5809 3314 5859 uni-

187 5931 226 5962 "
260 5927 460 5986 lauh.
491 5941 587 5986 xu.
622 5925 711 5981 36.

366 5967 795 6058 ἱῖλτῖὄιῗνόι.
869 5993 1036 6055 XXI.

3082 5967 3155 6026 2.
