4028 6332
736 390 805 444 43
1367 377 1627 459 ΕυδΕΒΙΙ
1661 370 2133 431 ΟᾸΞΞΛΒΙΕΝδῐΞ
2171 368 2319 423 ΟΡΡ.

2434 367 2540 421 tRS
2581 365 2642 420 11.
2677 398 2745 407 -—
2784 363 3278 420 APOLOCETICA.
3909 364 3964 416 μ

737 517 949 554 versum
1015 515 1116 551 non
1156 496 1467 550 Graecorum
1505 491 1811 555 modo,-sed
1841 488 2301 543 ferocissimorum
2340 484 2500 538 etiam
2534 484 2914 548 barbarorum,
2947 492 3002 536 et
3043 499 3230 538 eorum
3258 481 3350 551 qui
3411 482 3464 535 in
3523 486 3793 536 extremis
3829 490 3965 534 terra

739 595 935 646 tinibus
964 589 1245 658 degebant,
1283 601 1312 639 a
1357 583 1570 638 vecordi
1607 581 1890 648 ferinoque
1932 579 2040 630 ritu
2120 573 2428 636 abduxerit,
2492 583 2655 641 atque
2713 573 2779 654 ad
2846 571 3142 626 sententias
3196 570 3532 640 philosnphis
3581 572 3746 639 plane
3788 570 3962 638 dignas

741 680 1038 738 traduxerit
1065 679 1086 732 ?
1113 675 1433 747 Cujusmodi
1477 683 1606 728 sunt
1630 687 1707 726 eae
1752 685 1888 740 quas
1927 669 1995 722 de
2023 665 2190 720 animi
2223 663 2626 718 immortalitate
2694 651 2914 730 vitaque
2965 663 3077 727 illa,
3165 678 3286 731 quae
3341 673 3630 733 postquam
3676 663 3957 730 migratum

739 784 866 835 hinc
895 778 1056 832 fuerit
1088 775 1198 830 Deo
1231 775 1428 828 charos
1463 770 1710 824 homines
1750 765 1890 836 apud
1943 765 2118 832 ipsum
2184 760 2340 829 quasi
2414 758 2689 812 recondita
2737 765 2940 820 manet,
2993 757 3322 811 imbiberunt
3350 776 3362 811 :
3391 759 3548 826 cujus
3598 773 3794 812 amore
3846 763 3964 828 capti

742 880 945 924 tantum
986 870 1038 922 in
1079 867 1258 921 brevis
1327 863 1492 932 hujus
1562 861 1828 928 fluxmque
1882 858 2008 910 vitae
2066 861 2374 921 contemptu
2451 851 2820 905 meditationis
2876 867 2936 905 ac
2992 851 3153 904 studii
3200 867 3466 918 posuere,
3521 859 3578 904 ut
3606 867 3740 905 vere
3793 867 3966 921 pueros

742 970 1008 1031 quotquot
1032 961 1158 1013 olim
1184 957 1473 1012 maximam
1512 970 1579 1008 ex
1643 951 1985 1022 philosophia
2045 947 2257 1001 laudem
2285 945 2384 998 sibi
2426 944 2734 1012 famamque
2793 954 3129 1012 pepererant,
3177 945 3428 1010 illamque
3476 944 3748 1012 jactatam
3801 945 3967 1011 perdiu

743 1064 972 1108 mortem
996 1067 1059 1106 ac
1079 1049 1516 1120 philosophorum
1541 1046 1783 1100 omnium
1814 1059 1906 1098 ore
1935 1043 2298 1100 decantatam,
2339 1037 2473 1090 nihil
2528 1036 2634 1089 nisi
2699 1037 2957 1104 puerilem
2989 1036 3277 1105 quamdam
3314 1037 3575 1090 lusionem
3610 1034 3785 1088 fuisse
3809 1047 3966 1089 osten-

745 1144 1110 1205 derint;cum
1161 1140 1288 1207 ipsa:
1335 1150 1552 1206 quoque
1594 1133 1735 1203 apud
1797 1147 1896 1186 nos
1963 1131 2156 1200 puella:
2214 1127 2490 1194 tenerique
2526 1126 2802 1194 pusiones,
2862 1127 3103 1195 adeoque
3148 1126 3362 1180 barbari
3402 1127 3673 1191 homines,
3713 1126 3964 1194 iidemque

747 1239 790 1292 si
814 1237 982 1293 oculis
1013 1235 1433 1294 :estimarentur,
1468 1229 1604 1282 viles
1636 1237 1690 1282 et
1729 1227 1946 1296 abjeeti,
2005 1222 2310 1277 Servatoris
2350 1219 2519 1273 nostri
2545 1219 2750 1273 viribus
2786 1220 3098 1287 auxilioque
3150 1218 3292 1278 freti,
3326 1219 3485 1286 hujus
3545 1219 3612 1271 de
3672 1219 3962 1271 animorum

748 1322 1452 1383 immortalitate,doctrinae
1509 1321 1792 1374 veritatem
1861 1333 1918 1370 re
1964 1317 2080 1384 ipsa
2122 1313 2301 1381 potius
2342 1325 2504 1379 quam
2545 1309 2790 1363 oratione
2853 1309 3287 1377 comprobarint?
3338 1308 3658 1377 Cujusmodi
3738 1309 3967 1362 etiamil-

746 1422 835 1477 lud
887 1427 988 1482 est,
1033 1418 1176 1486 quod
1221 1415 1457 1470 universi
1508 1401 1716 1482 passim;
1761 1410 2030 1472 homines,
2062 1408 2152 1460 ubi
2205 1405 2291 1459 ubi
2333 1404 2569 1474 gentium
2638 1402 2738 1470 ipsi
2787 1403 3003 1472 degant,
3035 1407 3099 1456 ex
3165 1402 3405 1471 ejusdem
3466 1403 3776 1458 Servatoris
3817 1405 3966 1456 nostri

745 1513 1042 1581 disciplina:
1102 1510 1383 1579 przeceptis
1425 1522 1615 1562 sanum
1666 1514 1718 1558 et
1789 1509 2124 1556 constantem
2181 1498 2376 1552 divina:
2404 1497 2751 1564 providentiae
2782 1495 2919 1548 hanc
2956 1511 3136 1547 rerum
3187 1493 3590 1548 universitatem
3637 1494 3962 1549 moderantis

749 1625 966 1666 sensum
1030 1607 1300 1669 hauriant,
1352 1605 1454 1674 14.
1484 1603 1736 1673 quodque
1779 1613 1936 1652 nemo
1978 1613 2082 1650 non
2117 1610 2201 1657 ea,
2237 1593 2450 1661 quaﬁde
2487 1591 2742 1646 tribunali
2779 1590 3093 1659 judicioque
3140 1590 3326 1643 divino
3362 1590 3750 1657 przedicantur,
3812 1599 3965 1641 mente

749 1705 1043 1776 percipiat,
1087 1713 1258 1768 eoque
1307 1692 1957 1766 plurimuminstituendze
2005 1691 2128 1742 vitae
2155 1686 2424 1742 cautionis
2474 1686 2744 1751 adhibeat,
2777 1693 2830 1738 et
2873 1685 2941 1738 ab
2973 1683 3120 1738 omni
3157 1683 3375 1738 sceleris
3404 1683 3873 1752 improbitatisque
3899 1698 3968 1752 ge-

750 1811 875 1851 nere
909 1793 1166 1862 singulari
1198 1789 1376 1844 studio
1412 1803 1474 1841 ac
1498 1787 1805 1855 provisione
1829 1782 2096 1837 declinet?

1367 1880 1594 1936 CAPUT
1629 1879 1687 1933 V.

755 1999 874 2053 Non
904 2001 1013 2050 sine
1053 1994 1296 2064 prudenti
1343 2003 1650 2058 matureque
1684 1988 1890 2058 judicio
1937 2005 2028 2041 nos
2066 2003 2096 2038 (ι
2136 2001 2320 2064 snper—

827 2057 1326 2132 stitioso'majorum
1376 2057 1888 2114 nostrorunt’en'ore
1931 2057 2249 2109 discessisse.

823 2161 891 2210 At
924 2172 1048 2209 vero
1107 2152 1360 2221 prmcipui
1405 2150 1736 2218 maximique
1786 2143 2053 2208 beneficii,
2091 2144 2234 2212 quod
2290 2157 2319 2195 a

754 2246 969 2302 salutari
994 2241 1372 2312 praedicatione
1405 2239 1704 2308 profectum
1739 2247 1839 2301 est,
1862 2238 1932 2288 ita
1972 2234 2126 2287 facile
2173 2247 2321 2286 sum-

757 2353 898 2392 mam
944 2335 1233 2401 intelligas,
1298 2332 1342 2385 si
1392 2329 1827 2398 superstitiosum
1882 2327 2031 2379 illum
2082 2337 2319 2377 errorem

757 2427 957 2482 veteris
995 2423 1311 2479 idololatria
1364 2429 1541 2474 tecum
1587 2419 1698 2486 ipse
1733 2426 1970 2485 reputes,
2002 2430 2108 2483 qua
2154 2429 2321 2481 genus

757 2514 1416 2572 bumanumnuivcrsum
1471 2518 1692 2578 propter
1746 2508 1852 2559 vim
1891 2522 1954 2559 ac
2009 2504 2320 2557 violentiam

758 2610 1065 2661 daemonum
1129 2613 1283 2657 antea
1337 2600 1789 2670 pessumdabatur
1828 2616 1838 2650 :
1884 2613 1948 2650 ex
1980 2611 2085 2664 qua
2142 2606 2322 2647 tamen

761 2701 850 2753 illa
876 2700 952 2753 sic
972 2706 1227 2764 tanquam
1259 2709 1322 2747 ex
1349 2692 1619 2746 teterrima
1657 2690 1884 2758 caligine
1911 2688 2129 2740 Graecos
2163 2685 2322 2737 sinntl

759 2808 822 2845 ac
858 2791 1117 2844 barbaros
1147 2787 1328 2838 divino
1371 2784 1590 2837 numine
1623 2782 1900 2842 liberatos,
1937 2778 2001 2831 ad
2030 2777 2322 2846 spiritalem

759 2883 1110 2950 eamdemque
1172 2877 1530 2932 clarissimam
1561 2889 1699 2926 verae
1746 2888 1870 2940 erga
1902 2871 2069 2923 Deum
2119 2883 2328 2937 praepo-

762 2984 958 3027 tentem
993 2987 1170 3024 rerum
1199 2969 1449 3028 omnium,
1486 2965 1683 3034 Regem
1713 2963 1922 3032 pietatis
1944 2963 2118 3014 lucem
2152 2958 2324 3011 vindi-

763 3061 922 3115 cavit.
957 3059 1060 3111 Sed
1078 3059 1241 3121 enim,
1278 3055 1406 3124 quid
1451 3056 1639 3107 attinet
1680 3055 1782 3106 hoc
1830 3053 1948 3106 loco
1987 3050 2233 3119 pluribus
2263 3048 2313 3100 id

765 3153 972 3216 conari,
999 3161 1054 3204 ut
1083 3165 1186 3202 non
1208 3148 1618 3204 inconsideratae
1663 3144 1876 3199 cuidam
1929 3158 1991 3196 ac
2021 3141 2324 3196 temeraria

768 3243 913 3307 fidei,
967 3241 1057 3294 sed
1103 3239 1317 3293 consilii
1373 3237 1728 3304 utilitatisque
1770 3234 1940 3303 plenis
2003 3231 2323 3291 rationibus,

765 3347 992 3399 quaeque
1019 3346 1154 3383 vera:
1177 3328 1390 3398 pietatis
1419 3326 1648 3379 formam
1679 3333 1727 3377 et
1756 3324 2060 3376 institutum
2092 3320 2328 3388 comple—

769 3434 1004 3485 ctantur,
1047 3421 1318 3490 nos-ipsos
1341 3419 1612 3471 addixisse
1645 3413 2036 3469 ostendamus?
2067 3411 2326 3479 Equidem

770 3530 892 3567 cum
921 3513 1172 3564 universo
1207 3511 1309 3562 hoc
1349 3523 1511 3575 opere
1565 3507 1614 3558 id
1650 3514 1838 3574 agatur
1865 3519 2053 3565 unum,
2087 3505 2179 3572 qui
2220 3503 2327 3555 vim

771 3621 833 3657 ac
863 3611 1132 3656 momenta
1189 3599 1456 3653 rationum
1513 3612 1704 3664 capere
1730 3604 1798 3647 .et
1836 3595 2049 3662 assequi
2081 3601 2327 3661 possunt,

771 3711 864 3748 eos
897 3705 953 3747 ut
1005 3694 1058 3744 in
1111 3688 1492 3760 pervidendum
1552 3696 1992 3756 argumentorum
2043 3685 2329 3738 sanitatem

774 3785 1107 3847 incumbant,
1143 3792 1200 3834 ut
1226 3794 1361 3849 quas
1383 3777 1984 3847 accipiuntdOgmatum
2021 3783 2331 3828 nostrorum

727 3912 730 3915 -
775 3874 1264 3930 demonstrationes
1292 3873 1549 3925 attentius
1606 3885 1668 3922 ac
1709 3855 1964 3922 subtilius
1991 3867 2331 3928 examinent,

781 3968 856 4018 uti
888 3967 1120 4031 denique
1151 3964 1216 4016 ad
1269 3961 1689 4031 suscipiendam,
1731 3960 2041 4027 quicunque
2069 3958 2334 4010 rationem

777 4074 841 4109 ex
881 4057 1035 4109 nobis
1066 4063 1311 4123 quaerat,
1348 4055 1512 4113 illius,
1541 4066 1660 4120 quae
1695 4051 1952 4118 religione
1979 4057 2164 4102 nostra
2205 4062 2338 4100 con-

780 4150 999 4209 tinetur,
1051 4145 1162 4212 spei
1197 4144 1590 4205 delensionem,
1642 4148 1916 4207 promptos
1945 4151 2063 4189 sese
2091 4151 2153 4189 ac
2179 4150 2338 4204 para-

778 4250 863 4292 tos
891 4237 1197 4296 exhibeant,
1216 4235 1376 4288 etiam
1403 4244 1563 4301 atque
1592 4234 1752 4286 etiam
1788 4230 2160 4282 adhortamur.
2181 4225 2338 4280 Nunc

778 4344 930 4392 vero,
964 4328 1216 4396 quoniam
1250 4326 1491 4379 omnium
1545 4340 1605 4378 ea
1641 4323 1868 4376 facultas
1890 4330 1942 4374 et
1972 4319 2188 4374 solertia
2230 4335 2337 4372 non

781 4435 892 4486 est,
946 4435 1066 4472 eum
1114 4419 1378 4486 ejusmodi
1429 4418 1498 4469 sit
1545 4425 1762 4482 tamque
1810 4428 1998 4466 amans
2059 4411 2338 4464 hominum

2947 1861 3338 1918 ΚΕΦΑΛΑΙΟΝ
3381 1863 3455 1916 E'.

2422 1981 2541 2032 Ὅτι
2582 1977 2666 2046 μὴ
2725 1976 2870 2028 ἄνευ
2907 1974 3219 2046 σώφρονος
3259 1973 3549 2042 λογισμοῦ
3584 1971 3703 2046 τῆς
3747 1971 3969 2040 πατρίου

2599 2047 3035 2113 δεισιδαίμονος
3074 2045 3309 2110 πλάνης
3332 2043 3818 2111 ἀνεχωρήσαμεν.

2489 2161 2796 2230 Κεφάλαιον
2834 2159 2888 2210 δὲ
2925 2159 3020 2226 τῆς
3063 2155 3284 2227 πρώτης
3313 2155 3405 2207 καὶ
3458 2155 3722 2224 μεγίστης
3761 2155 3964 2221 εὐεργε-

2424 2254 2542 2316 σίας
2573 2252 2665 2304 τοῦ
2719 2251 2981 2321 σωτηρίου
3033 2249 3190 2316 λόγου
3215 2248 3399 2318 γνοίης
3427 2247 3510 2309 ἂν,
3542 2249 3590 2298 εἰ
3618 2249 3673 2296 ἐν
3703 2246 3780 2315 νῷ
3813 2245 3966 2305 λάόοις

2421 2345 2518 2414 τὴν
2533 2342 2897 2410 δεισιδαίμονα
2916 2340 3118 2409 πλάνην
3144 2339 3240 2407 τῆς
3271 2339 3503 2401 παλαιᾶς
3533 2335 3964 2406 εἰδωλολατρείας,

2423 2431 2456 2508 ᾖ
2514 2435 2574 2485 τὸ
2616 2434 2833 2503 σύμπαν
2882 2431 3180 2502 ἀνθρώπων
3232 2433 3383 2499 γένος
3418 2431 3684 2500 δαιμόνων
3731 2431 3966 2497 ἀνάγκαις

2426 2520 2589 2570 πάλαι
2617 2520 2876 2589 πρότερον
2901 2517 3277 2587 κατετρύχετο.
3297 2514 3402 2581 1'll;
3426 2519 3611 2589 ὥσπερ
3644 2520 3751 2572 ἀπὸ
3779 2519 3964 2577 σκοτίας

2425 2607 2804 2679 ξοφερωτάτης
2834 2607 3097 2677 ’Έλληνας
3135 2608 3267 2677 όμοῦ
3297 2610 3386 2659 καὶ
3431 2609 3738 2679 βαρϐάρους
3771 2609 3964 2676 δυνάμει

2427 2700 2544 2770 θεία
2589 2699 3084 2768 μεταστησάμενος,
3124 2700 3214 2751 ἐπὶ
3259 2699 3446 2768 νοεράν
3469 2702 3562 2752 καί
3597 2702 3966 2768 φωτεινοτάτην

2424 2789 2636 2858 ἡμέραν
2684 2789 2782 2857 τῆς
2838 2789 3068 2859 ἀληθοῦς
3124 2783 3418 2851 εὐσεϐείας
3451 2790 3544 2841 τοῦ
3608 2788 3965 2860 παμϐασιλέως

2427 2881 2559 2933 Θεοῦ
2584 2883 2708 2943 τοὺς
2740 2881 2944 2944 πάντας
2974 2883 3331 2951 μετηγάγετο.
3370 2883 3476 2933 Καὶ
3499 2882 3549 2932 τί
3577 2883 3679 2952 χρὴ
3715 2882 3963 2952 μηκύνειν.

2427 2970 2806 3024 ἀποδεικνύναι
2851 2971 3219 3040 πειρωμένους
3257 2973 3336 3023 ὅτι
3363 2971 3434 3039 μὴ
3460 2971 3636 3040 ἀλόγῳ
3664 2973 3838 3024 πίστει
3867 2973 3963 3024 ἑαισ

2428 3063 2556 3124 τοὺς
2583 3062 2956 3130 ἀνεθήκαμεν,
2993 3059 3230 3131 σώφροσι
3267 3061 3322 3111 δὲ
3360 3061 3452 3112 καὶ
3491 3061 3786 3130 ὠφελίμοις
3821 3061 3966 3127 λόγοις

2430 3152 2518 3202 τὸν
2551 3152 2649 3219 τῆς
2683 3151 2914 3220 ἀληθοῦς
2962 3151 3238 3213 εὐσεϐείας
3285 3153 3481 3222 τρόπον
3516 3154 3851 3223 περιέχουσις
3892 3152 3962 3218 τῆς

2433 3243 2711 3314 παρούσης
2751 3242 3052 3305 ὑποθέσεως
3073 3243 3202 3295 αὐτὸ
3231 3244 3292 3313 δὴ
3309 3245 3461 3296 τοῦτο
3479 3246 3704 3298 καθόλου
3741 3260 3963 3315 πραγμα-

2430 3335 2761 3404 τευομὲνης,
2823 3336 2944 3397 τῦὺς
2999 3335 3093 3404 μὲν
3149 3336 3463 3405 ἐπιτηδείως
3507 3335 3724 3404 ἔχοντας
3775 3335 3964 3387 ἕπεσθαι

2432 3424 2602 3492 λόγων
2655 3427 2980 3492 ἀποδείξεσι,
3025 3427 3399 3496 προτρέπομεν
3448 3429 3540 3480 καὶ
3579 3425 3964 3498 παρακαλοῦμεν

2433 3517 2602 3586 λόγων
2632 3520 2941 3588 φρονήσεως
2967 3519 3350 3588 ἐπιμέλεσθαι,
3383 3521 3474 3572 καὶ
3507 3521 3857 3589 λογικώτερον
3880 3532 3962 3571 ’.ς”λ

2431 3608 2714 3677 δογμάτων
2738 3608 2834 3670 τὰς
2858 3609 3157 3674 ἀποδείξεις
3173 3609 3639 3677 παραλαμϐάνειν,
3673 3611 3905 3679 ἑτοίμους
3922 3622 3963 3656 τε

2433 3698 2572 3751 εἶναι
2624 3698 2758 3769 πρὸς
2798 3698 3090 3765 ἀπολογίαν
3147 3701 3306 3750 παντί⁸
3353 3699 3428 3767 τῷ
3471 3702 3808 3769 ἐπερωτῶντι
3855 3700 3963 3766 ἡμᾶς

2434 3789 2524 3841 τὸν
2555 3790 2710 3857 λόγον
2737 3789 2834 3858 τῆς
2869 3789 2988 3841 καθ’
3015 3791 3159 3860 ἡμᾶς
3194 3788 3402 3852 ὲλπίδος
3425 3807 3436 3818 ·
3465 3792 3585 3842 ἐπεὶ
3607 3792 3664 3843 δὲ
3704 3793 3775 3860 μὴ
3802 3791 3962 3848 πάντες

2433 3879 2693 3943 τοιοῦτοι,
2729 3877 3103 3948 φιλανθρώπου
3144 3880 3495 3948 τυγχάνοντος
3533 3880 3625 3932 τοῦ
3669 3881 3854 3947 Λόγου,
3898 3876 3962 3928 καὶ

2441 3969 2641 4039 μηδένα
2693 3967 2952 4038 μηδαμῶς
2988 3969 3453 4039 ἀποτρεπομένου,
3497 3971 3676 4023 πάντα
3708 3972 3764 4023 δὲ
3794 3969 3962 4038 ἄνθρω-

2438 4078 2536 4112 πον
2581 4062 2691 4122 τοῖς
2724 4059 3077 4129 καταλλήλοις
3119 4062 3348 4130 ἰωμένου
3399 4063 3728 4131 φαρμάκοις,
3780 4061 3864 4113 καὶ
3898 4059 3961 4108 τὸν

2437 4153 2619 4222 ἀμαθῆ
2660 4153 2752 4204 καὶ
2809 4151 3020 4223 ἰδιώτην
3061 4153 3152 4204 ἐπὶ
3187 4153 3286 4223 τὴν
3343 4155 3652 4224 πραοτέραν
3707 4152 3958 4222 θεραπείαν

2438 4239 2896 4312 παρακαλοῦντος·
2917 4244 3136 4306 εἰκότως
3155 4247 3209 4296 ὲν
3239 4245 3507 4314 εἰσαγωγῇ
3534 4245 3658 4305 τοὺς
3674 4243 3960 4315 ἀρχομένους

2439 4333 2549 4384 τῶν
2609 4334 3064 4402 ἰδιωτικωτέρων,
3114 4336 3374 4400 γυναῖκας
3416 4335 3509 4386 καὶ
3553 4335 3767 4397 παῖδας,
3807 4333 3886 4384 καὶ
3920 4329 3958 4378 τὸ

2442 4421 2546 4472 τῶν
2589 4420 2853 4486 ἀγελαίων
2895 4421 3094 4489 πλῆθος
3142 4422 3233 4472 ἐπὶ
3258 4421 3346 4473 τὸν
3381 4422 3577 4492 εὐσεὸἧ
3606 4423 3718 4491 βίον
3748 4437 3960 4493 χειραγω-

782 4512 942 4566 Verbi
972 4510 1138 4563 divini
1161 4508 1424 4569 suavitas,
1452 4515 1508 4557 ut
1535 4509 1802 4559 neminem
1826 4503 2046 4557 omnino
2075 4501 2333 4570 repudiet,

2443 4508 2678 4574 γοῦντες,
2697 4508 2769 4570 ὡς
2787 4510 2842 4559 ὲν
2866 4510 3153 4577 φαρμάκου
3171 4509 3352 4578 μοίρᾳ,
3377 4507 3472 4577 τὴν
3493 4509 3618 4577 ὑγιῆ
3637 4509 3812 4560 πίστιν
3828 4518 3958 4570 παρα·

786 4605 873 4656 sed
901 4603 1076 4671 potius
1117 4601 1338 4653 cuilibet
1365 4597 1608 4650 sanando
1633 4611 1924 4664 congruam
1952 4593 2342 4648 etconvenien-

786 4705 893 4747 tem
940 4695 1259 4747 medicinam
1316 4691 1567 4746 adhibeat
1607 4705 1619 4737 :
1668 4688 1909 4754 adeoque
1956 4686 2238 4755 imperitos
2289 4691 2342 4736 et

788 4787 978 4839 idiotas
1033 4787 1098 4837 ad
1149 4788 1402 4840 leviorem
1452 4779 1753 4836 curationis
1807 4781 2070 4833 rationem
2124 4777 2340 4840 invitet;

785 4878 907 4945 jure
945 4889 1074 4928 sane
1109 4889 1172 4928 ac
1209 4875 1400 4927 merito
1445 4872 1535 4942 qui
1567 4887 1633 4925 ex
1676 4869 1985 4921 rudioribus
2035 4868 2341 4930 initiantur,

791 4967 1044 5019 mulieres
1069 4964 1314 5016 videlicet
1341 4980 1402 5017 ac
1430 4978 1648 5031 pueros,
1698 4960 2106 5028 vulgariumque
2139 4973 2200 5009 ac
2233 4958 2345 5024 ple-

790 5058 1031 5110 beiorum
1089 5055 1367 5107 hominum
1427 5052 1822 5107 multitudinem
1901 5050 1967 5102 ad
2025 5049 2344 5102 Christiana:

717 5153 722 5158 ‘
793 5149 911 5199 vita:-
943 5147 1192 5213 pietatem
1223 5143 1377 5211 quasi
1405 5161 1563 5197 manu
1591 5143 1941 5203 adducentes,
1965 5141 2224 5208 integram
2260 5158 2345 5194 sa-

794 5252 1020 5304 namque
1053 5236 1209 5288 ﬁdem
1243 5235 1505 5301 principio
1551 5237 1631 5289 sic
1676 5245 1937 5302 tanquam
1973 5233 2344 5285 medicamen—

797 5335 906 5379 tum
925 5327 1139 5390 aliquod
1165 5326 1506 5388 adhibemus,
1539 5341 1835 5392 eorumque
1864 5325 2131 5376 mentibus
2172 5325 2235 5376 de
2268 5325 2347 5377 di-

797 5419 918 5471 vina
949 5419 1296 5485 providentia,
1314 5417 1378 5469 de
1403 5418 1703 5470 animorum
1733 5417 2154 5477 immortalitate,
2177 5417 2349 5482 deque

795 5511 903 5562 vita
917 5511 980 5561 ad
995 5511 1204 5563 virtutis
1221 5525 1462 5563 normam
1478 5509 1755 5576 exigenda,
1775 5508 1873 5577 15
1891 5519 2062 5561 rectas
2081 5508 2352 5574 cogitatio-

797 5615 894 5656 nes
924 5602 1226 5655 inserimus.
1257 5600 1392 5666 Quid
1423 5600 1640 5653 autem?
1683 5615 1859 5667 annon
1905 5616 1996 5653 eos
2019 5600 2177 5652 etiam
2207 5600 2350 5651 vide-

800 5708 942 5757 mus,
968 5692 1056 5760 qui
1088 5694 1338 5746 curandis
1371 5707 1654 5759 corporum
1676 5691 2112 5760 :rgrotationibus
2133 5705 2347 5757 operam

803 5784 1033 5835 scienter
1051 5792 1263 5848 navant,
1287 5795 1618 5853 quacunque
1642 5781 1706 5835 ad
1724 5783 2048 5860 exquisitam
2067 5781 2348 5837 medicinae

2444 4598 2810 4668 λαμϐάνομεν,
2857 4598 3022 4668 ὀρθὰς
3071 4599 3225 4662 δόξας
3275 4599 3401 4668 περὶ
3427 4598 3562 4651 Θεοῦ
3613 4599 3872 4669 προνοίας,
3894 4599 3958 4644 καὶ

2445 4707 2509 4741 πε
2521 4690 2571 4759 ρὶ
2595 4689 3094 4760 ψυχῆςάθανασίας.
3121 4690 3214 4740 καὶ
3238 4707 3302 4741 πε
3313 4689 3362 4760 pl.
3383 4688 3475 4742 τοῦ
3523 4692 3643 4742 κατ’
3665 4689 3852 4760 ἀρετὴν
3873 4683 3954 4752 βίον

2444 4783 2737 4844 ὲντιθέντες
2771 4781 2969 4842 αὐτοῖς.
3006 4781 3074 4832 Ἦ
3106 4781 3202 4848 οὐχ
3231 4780 3397 4842 οὕτως
3431 4780 3524 4832 καὶ
3554 4781 3678 4841 τοὺς
3711 4781 3777 4831 τὰ
3818 4771 3957 4840 σωμά-

2443 4889 2548 4924 των
2594 4871 2700 4923 τῶν
2735 4871 3046 4939 καμνόντων
3076 4870 3332 4938 ἰωμένους
3354 4869 3729 4937 ἐπιστημόνως
3769 4865 3954 4940 ὁρῶμεν»

2444 4964 2634 5026 αὐτοὺς
2670 4963 2766 5032 μὲν
2798 4962 2884 5014 διὰ
2913 4961 3169 5033 πλείστης
3194 4964 3474 5032 ἀσκήσεως
3498 4963 3591 5012 καὶ
3615 4961 3850 5020 παιδείας
3870 4954 3957 5011 τοὺς

2443 5055 2584 5107 κατά
2618 5055 2860 5126 ἰατρικὴν
2897 5054 3084 5121 λόγους
3117 5052 3486 5124 ἀνειληφότας,
3520 5053 3614 5104 καὶ
3653 5053 3824 5104 πάντα
3855 5048 3957 5107 λογε-

2447 5148 2554 5209 κῶς
2580 5146 3043 5218 χειρουργοῦντας·
3071 5147 3194 5208 τούς
3217 5164 3278 5212 γε
3313 5144 3415 5214 μὴν
3442 5145 3532 5195 ἐπὶ
3556 5145 3818 5213 θεραπείᾳ
3835 5149 3956 5206 προπ-

2449 5237 2622 5296 ιόντας
2645 5236 2844 5296 αὐτοῖς,
2872 5235 3046 5286 πίστει
3069 5235 3287 5294 ἑαυτοὺς
3311 5233 3401 5284 καὶ
3424 5235 3486 5300 τῇ
3514 5232 3618 5284 τῶν
3637 5229 3957 5302 χρηστοτέρων

2450 5326 2638 5388 ἐλπίδι,
2665 5327 3016 5394 παρέχοντας·
3047 5323 3139 5376 καὶ
3165 5324 3268 5374 τῶν
3293 5324 3390 5392 μὲν
3419 5315 3558 5375 κατά
3585 5323 3679 5393 τὴν
3701 5319 3954 5384 ἐπιστήμην

2450 5417 2814 5488 θεωρημάτων
2846 5417 3006 5486 μηδὲν
3033 5416 3269 5486 ἀκριϐῶς
3300 5419 3601 5478 ὲπαῖοντας,
3638 5415 3800 5484 μόνης
3827 5404 3954 5472 δὲ
4001 5433 4003 5436 ·

2451 5508 2657 5577 ἀγαθῆς
2700 5508 2906 5569 ἐλπίδος
2946 5525 3001 5557 τε
3038 5496 3129 5557 καὶ
3177 5507 3406 5566 πίστεως
3446 5505 3849 5574 ἐξηρτημένους
3879 5493 3955 5549 Καὶ

2450 5601 2477 5649 ὁ
2511 5599 2604 5667 μὲν
2631 5600 2735 5650 τῶν
2777 5598 2971 5669 ἰατρῶν
3003 5599 3216 5669 ἀριστος
3249 5600 3326 5660 εἰς
3372 5598 3532 5666 μέσον
3572 5595 3860 5666 παρελθὼν,
3892 5590 3956 5640 ἇτε

2453 5690 2554 5758 χρὴ
2583 5689 3046 5763 προφυλάττεσθαι
3070 5689 3162 5741 καὶ
3196 5688 3229 5740 ἀ
3262 5690 3523 5757 προσήκει
3548 5687 3697 5756 δρᾷν,
3729 5686 3954 5747 ὥσπερτις

2453 5784 2630 5850 ἅρχων
2653 5783 2735 5835 wet"
2777 5782 2959 5850 κύριος
2988 5783 3099 5849 μετ’
3123 5783 3424 5849 ἐπιστήμης
3446 5780 3784 5848 προστάττει·
3811 5777 3836 5828 ὀ
3857 5770 3889 5823 δ’
3905 5766 3954 5826 ὼε
