4028 6332
125 434 180 488 £5
1277 433 1596 488 PREPAR.
1637 433 1716 488 EV

1710 432 1887 488 FANG.
1933 433 2056 488 LlB.
2093 433 2136 489 l.
3234 437 3301 490 46

119 549 309 618 βασιλεῖ
345 551 437 603 καὶ
477 551 736 624 νομοθέτῃ
773 552 1036 617 πείθεται,
1084 552 1350 606 πιστεύων
1392 551 1654 605 συνοίσειν
1683 561 1710 613 Α

1712 563 1889 613 tarus
1934 553 2297 622 cognitionem
2347 561 2619 621 pertinent
2670 555 2830 623 longo
2879 569 2977 608 usu
3028 553 3303 622 multaque

116 641 248 712 αὐτῷ
288 643 346 694 τὸ
382 645 860 714 προστεταγμένον.
909 644 1064 697 Οὕτω
1098 645 1190 697 καὶ
1235 643 1470 715 μαθηταὶ
1501 645 1655 715 παρά

1751 644 1995 698 doctrina
2022 645 2344 713 perdiscere.
2376 647 2668 714 omniaque
2690 648 2894 700 ratione
2920 655 3152 700 tractare
3178 647 3299 714 :qui

115 727 424 785 διδασκάλων
449 732 636 800 λόγους
665 735 908 797 παιδείας
930 735 1295 803 ἀποδέχονται,
1328 735 1652 787 πιστεύσαν-

1749 749 1881 788 vero
1910 735 1976 788 ad
1996 736 2211 790 eosdem
2251 737 2502 790 curandae
2523 738 2692 805 gratia
2715 737 3037 791 valetudinis
3061 752 3303 791 accesse-

115 835 192 882 τες
230 820 424 887 ἀγαθὸν
450 822 630 884 αὐτοῖς
659 822 872 874 ἔσεσθαι
912 823 972 876 τὸ
1006 824 1248 893 μάθημα.
1276 824 1383 876 Ναὶ
1420 824 1523 894 μὴν
1561 825 1651 878 καὶ

1751 826 1878 885 rint.
1907 825 2028 878 illos
2065 825 2185 878 ﬁdei
2216 827 2428 879 cuidam
2461 828 2742 896 exitusque
2771 828 2990 882 laetioris
3014 836 3303 892 exspecta—

115 906 405 975 φιλοσοφίας
433 911 491 961 οὐ
518 910 776 980 πρότερόν
802 929 882 974 τις
903 913 1150 981 ἐφάψαιτ’
1175 913 1260 976 ἂν,
1295 913 1327 982 ἦ
1361 915 1649 980 πιστεύσας

1749 914 1882 967 tioni
1913 931 2029 969 sese
2055 917 2126 968 ita
2160 919 2487 984 permittere,
2519 929 2578 971 ut
2605 933 2728 971 cum
2784 933 2848 972 ex
2877 920 3032 972 istius
3064 919 3303 972 scientia:

118 998 361 1050 oavoissw
387 1000 528 1069 αὑτῷ
547 1001 606 1052 τὸ
637 1002 973 1073 ἐπάγγελμα.
999 1005 1107 1057 Καὶ
1136 1005 1164 1056 ὁ
1197 1005 1292 1074 μέν
1319 1023 1402 1068 τις
1431 1007 1650 1060 αὐτόθεν

1748 1007 2027 1073 prmceptis
2060 1007 2356 1076 intelligere
2382 1009 2512 1061 nihil
2549 1017 2798 1063 accurate
2814 1009 3152 1078 perfecteque
3176 1025 3302 1078 pos-

114 1091 265 1142 είλετο
296 1091 360 1143 τὰ
403 1092 738 1163 Ἐπικούρου·
771 1097 800 1146 ὁ
829 1096 885 1147 δὲ
936 1096 1025 1148 τὸν
1069 1097 1298 1150 Κυνικὸν
1335 1099 1484 1169 ζηλοῖ
1512 1102 1642 1170 βίον,

1749 1096 1876 1157 sint,
1911 1112 2016 1148 non
2050 1096 2155 1149 nisi
2189 1112 2250 1150 ex
2289 1106 2516 1166 utraque
2563 1113 2856 1167 suspensas
2890 1101 3124 1153 habeant
3151 1100 3299 1154 inco-

114 1179 252 1242 ἄλλος
297 1183 426 1234 κατά
465 1183 722 1236 Πλάτωνα
762 1186 1065 1254 φιλοσοφεῖ,
1107 1191 1228 1241 κατ’
1277 1191 1646 1264 Ἀριστοτέλην

1745 1182 2010 1239 lumitatis
2065 1201 2174 1238 suae
2213 1187 2488 1241 rationes?
2536 1188 2614 1242 Ac
2671 1189 3034 1256 peritissimus
3079 1192 3295 1259 quidem

112 1268 295 1339 ἱτερος,
337 1274 423 1323 καὶ
465 1274 623 1326 πάλιν
651 1275 806 1338 ἀλλος
843 1279 1054 1330 πάντων
1085 1280 1152 1332 τὰ
1183 1283 1395 1336 Στωϊκὰ
1434 1287 1644 1353 προετί-

1743 1275 1984 1329 medicus
2009 1275 2060 1328 in
2088 1278 2322 1330 medium
2370 1278 2643 1345 prodiens,
2686 1279 2817 1346 quid
2860 1289 2954 1332 aut
2979 1295 3168 1333 cavere
3204 1291 3297 1334 aut

114 1375 286 1428 μησεν,
318 1361 534 1414 ἑκάστου
563 1366 896 1437 χπστοτέρᾳ
927 1369 1098 1422 ἐλπίδι
1129 1389 1185 1422 τε
1225 1374 1316 1426 καὶ
1361 1375 1538 1428 πίστει
1582 1377 1642 1430 τδ

1744 1364 1920 1419 facere
1947 1377 2211 1433 oporteat,
2249 1368 2328 1422 sic
2358 1377 2614 1437 tanquam
2660 1373 2908 1440 princeps
2938 1387 3002 1424 ac
3041 1373 3295 1427 dominus

111 1446 249 1509 δόξαν
289 1450 361 1514 ὡς
401 1456 636 1505 συνοῖσον
676 1457 1076 1528 ἀγαπήσαντος.
1123 1463 1275 1516 Οὕτω
1324 1469 1415 1519 καὶ
1453 1469 1640 1538 τέχνας

1741 1457 1936 1524 aliquis
1961 1459 2190 1512 scienter
2215 1459 2448 1527 praecipit
2471 1477 2483 1511 :
2503 1469 2734 1528 trgrotus
2752 1470 2926 1514 autem
2953 1463 3051 1531 ipsi
3075 1465 3294 1532 perinde

110 1536 362 1606 ἂνθρωποι
397 1543 490 1611 τᾲς
526 1545 695 1614 μέσας
741 1550 1018 1618 μετῆλθον,
1065 1556 1154 1606 καὶ
1185 1555 1330 1609 ἄλλοι
1357 1559 1446 1611 τὸν
1481 1536 1640 1631 στρα-

1743 1562 1809 1600 ac
1836 1549 1947 1616 regi
1979 1558 2032 1601 et
2065 1551 2354 1618 legislatori
2405 1552 2740 1619 obsequitur,
2777 1554 2919 1620 quod
2972 1556 3072 1608 sibi
3131 1555 3291 1624 quid-

109 1631 355 1694 τιωτικδν,
383 1632 525 1686 ἄλλοι
555 1635 610 1687 δὲ
642 1637 732 1690 τὸν
774 1641 1067 1710 ἐμπορικὸν
1101 1643 1230 1713 βίον,
1269 1649 1444 1702 πίστει
1474 1651 1635 1704 πάλαι
1739 1637 1865 1704 ειυὶά
1904 1649 2225 1706 Ρῖωοθυίυω
2254 1640 2322 1692 ab
2345 1654 2408 1693 eo
2435 1638 2623 1717 ξυθνίιν
2656 1642 2785 1696 “me
2805 1659 3021 1712 quoque
3049 1645 3291 1698 ίυῑυτυηὶ

110 1719 469 1790 προειληφότες
491 1722 884 1795 βιοποριστικὸν
917 1730 1095 1793 αὐτοῖς
1125 1732 1334 1786 ἔσεσθαι
1365 1737 1424 1788 τὸ
1451 1738 1637 1807 ἐπιτή-

1737 1732 1907 1792 putet.
1945 1726 2019 1778 lta
2064 1728 2312 1794 discipuli
2365 1729 2605 1796 cujusvis
2666 1729 2926 1782 doctrinae
2953 1744 3214 1801 praecepta
3257 1749 3288 1786 a

109 1806 282 1877 δευμα.
328 1813 430 1864 Καὶ
493 1815 686 1883 γάμων
742 1817 798 1869 δὲ
854 1820 907 1870 αί
977 1822 1186 1890 πρῶται
1232 1825 1476 1891 σύνοδοι,
1537 1806 1632 1880 καὶ

1738 1812 2008 1882 magistris
2045 1815 2340 1883 excipiunt,
2366 1817 2506 1883 quod
2535 1818 2602 1869 ab
2631 1817 2735 1872 illis
2758 1819 3062 1886 didicerint,
3105 1824 3156 1874 id
3186 1824 3287 1876 sibi

111 1900 356 1987 κοινωνίαι
403 1901 503 1970 τῆς
554 1905 693 1958 κατὰ
739 1908 1073 1963 παιδοποιίαν
1118 1913 1345 1979 ἐλπίδος,
1392 1916 1452 1980 ἐξ
1498 1919 1632 1986 ἀγα·
1669 1892 1702 1947 Β

1694 1895 1706 1943 ι
1737 1904 1989 1970 expedire
2015 1906 2136 1959 rati.
2170 1907 2285 1957 lino
2321 1922 2449 1959 vero
2479 1922 2546 1961 ne
2586 1908 2755 1976 ipsius
2777 1910 2994 1978 quidem
3044 1913 3285 1980 philoso-

109 1985 209 2056 θῆςῖ
251 1991 530 2061 ὲνήρξαντο
597 1997 846 2059 πίστεως.
894 1999 1002 2052 Καὶ
1060 2003 1181 2056 πλεῖ
1230 2025 1313 2069 τις
1361 2005 1514 2072 αὖθις
1556 2013 1635 2075 εἰς

1736 1993 1874 2061 phiae
1901 2003 2106 2062 partem
2139 1997 2303 2050 ullam
2347 1999 2632 2067 quisquam
2679 2001 2984 2070 attingeret,
3028 2003 3130 2058 nisi
3163 2005 3284 2072 ejus
3323 2076 3327 2079 Ι

108 2078 302 2148 ἄδηλον,
344 2084 446 2135 οὐδ’
475 2085 638 2156 ἀλλην
658 2089 1088 2160 προϐεϐλημένος
1116 2097 1214 2166 τῆς
1248 2101 1514 2171 σωτηρίας
1533 2102 1634 2170 ἀγ-

1733 2082 2124 2150 professionem
2156 2087 2275 2141 usui
2297 2098 2417 2141 ante
2446 2089 2546 2141 sibi
2585 2088 2697 2142 fore
2718 2093 2976 2146 crederet.
3004 2094 3180 2162 Atque
3215 2097 3286 2148 ita

108 2185 282 2262 κυμαν,
310 2175 338 2244 ἢ
376 2177 538 2247 μόνην
588 2178 684 2250 τὴν
720 2183 898 2236 πίστιν
930 2188 1020 2237 καὶ
1050 2189 1150 2256 τὴν
1174 2191 1381 2262 ἀγαθὴν
1401 2170 1616 2250 ἐλπίδα.

1733 2170 1935 2227 factum
1967 2174 2230 2239 videmus,
2277 2186 2335 2229 ut
2375 2177 2512 2232 alius
2549 2177 2764 2247 Epicuri
2800 2193 3002 2236 sectam
3046 2184 3283 2252 eligeret,

108 2258 204 2310 Καὶ
244 2267 469 2332 γεωργεῖ
518 2266 677 2319 πάλιν
707 2268 880 2332 ἄλλος,
923 2274 1014 2324 καὶ
1055 2274 1144 2325 τὸν
1185 2258 1380 2346 σπόρον
1420 2280 1498 2340 είς
1529 2281 1634 2350 γῆν

1733 2260 1878 2314 alius
1909 2262 2156 2330 cynicum
2202 2263 2412 2316 vivendi
2457 2280 2626 2334 genus
2667 2267 3030 2335 amularetur,
3065 2271 3130 2324 ad
3159 2269 3283 2324 Pla-

106 2348 668 2438 ἁπορῤίψαςκάθηται,
697 2359 793 2427 τῆς
815 2358 960 2429 ὥρας
996 2361 1091 2432 τὴν
1118 2365 1320 2435 τροπὴν
1353 2348 1635 2438 ἐκδεχόμε-

1735 2352 1897 2415 tonis,
1931 2351 1996 2403 ad
2030 2350 2334 2406 Aristotelis
2381 2354 2522 2408 alius
2561 2371 2679 2410 sese
2708 2358 3042 2426 disciplinam
3087 2362 3283 2429 adjun-

108 2455 201 2502 νος,
235 2437 491 2496 πιστεύων
531 2446 588 2498 τὸ
632 2448 830 2518 φθαρὲν
864 2451 955 2502 ἐπὶ
995 2452 1096 2520 γῆς
1136 2455 1229 2506 καὶ
1261 2437 1633 2530 πλημμυρίσιν

1733 2448 1898 2507 geret,
1945 2439 2084 2495 alius
2137 2441 2367 2512 denique
2408 2444 2715 2500 Stoicorum
2766 2449 3015 2519 dogmata
3073 2455 3281 2508 caeteris

107 2529 252 2612 ὑετῶν
283 2533 558 2602 καλυφθὲν,
599 2533 751 2602 αὖθις
779 2539 963 2612 ῶσπερ
996 2545 1059 2595 ὲκ
1093 2545 1296 2616 νεκρῶν
1340 2549 1634 2604 ἀναϐιώσεο

1733 2529 1990 2582 omnibus
2019 2529 2310 2586 anteferret
2344 2551 2358 2586 :
2389 2533 2468 2588 sic
2492 2545 2550 2587 ut
2572 2539 2765 2606 singuli
2795 2539 3054 2609 quidquid
3083 2544 3281 2611 proba-

107 2615 468 2690 σθαι.ΙΙορείαν
511 2624 567 2677 δέ
603 2643 683 2689 τις
725 2631 934 2702 μακρὰν
976 2634 1062 2684 ἐπ’
1101 2615 1398 2708 ἀλλοδαπὴν
1438 2643 1500 2693 ἐκ
1533 2643 1634 2712 τῆς

1732 2629 1871 2682 rent,
1906 2621 1957 2674 id
2000 2623 2100 2675 ﬁde
2126 2625 2356 2691 quadam
2389 2641 2588 2694 speque
2620 2629 2826 2683 meliori
2866 2641 3122 2701 tanquam
3176 2636 3277 2692 sibi

104 2708 282 2772 οἰκείας
311 2714 667 2783 στελλόμενος,
693 2720 853 2773 πάλιν
879 2723 976 2792 τὴν
1010 2723 1197 2779 ἐλπίδα
1218 2729 1311 2779 καὶ
1335 2731 1430 2797 τὴν
1453 2731 1632 2787 πίστιν

1731 2708 2073 2778 profuturum
2099 2725 2340 2768 amarent
2364 2725 2522 2785 atque
2561 2723 2868 2775 retinerent.
2887 2721 2976 2778 Sic
2999 2736 3140 2779 artes
3165 2744 3278 2794 eas,

105 2793 288 2886 ἀγαθὰς
324 2800 542 2868 ὁδηγοζκ
570 2805 744 2875 ἐαυτῷ
772 2811 1143 2877 συνεπάγεται.
1177 2815 1284 2866 Καὶ
1311 2817 1360 2868 τί
1386 2793 1492 2886 γὰρ
1517 2820 1631 2873 ἄλλ’

1731 2815 1852 2867 quae
1880 2801 2067 2854 mediae
2107 2804 2469 2870 nominantur,
2520 2807 2765 2862 homines
2811 2814 3075 2879 persecuti
3103 2827 3228 2869 sunt
3262 2833 3275 2867 :

104 2881 130 2951 ἢ
158 2884 237 2936 τὸν
267 2887 430 2942 πάντα
461 2895 570 2949 τῶν
596 2896 889 2967 ἀνθρώπων
931 2899 1042 2968 βίον
1066 2902 1209 2955 δυοῖν
1240 2905 1440 2960 τούτων
1466 2910 1631 2980 ἀνηρ-

1729 2898 1784 2940 et
1811 2890 1899 2940 alii
1928 2892 2141 2958 quidem
2174 2896 2250 2946 rei
2283 2897 2499 2949 militari
2560 2914 2618 2952 se
2661 2900 2891 2966 dedere;
2919 2915 3273 2960 mercaturam

105 2975 328 3066 frgtévov,
350 2980 555 3047 ἐλπίδος
574 3002 631 3037 τε
647 2988 737 3038 κα)⁴
755 2985 1005 3051 πίστεως,
1028 2993 1506 3066 καταλαμϐάνομεν
1525 3016 1539 3063 ;

1730 2978 1817 3030 alii
1837 2978 2076 3033 factitare
2103 2984 2424 3050 maluerunt,
2447 3002 2508 3038 ea
2553 2989 2807 3043 nimirum
2838 2993 2941 3046 ﬁde
2968 3008 3032 3048 ac
3055 3010 3277 3063 persua-

103 3059 159 3158 δη
174 3061 467 3158 θαυμάζεις,
486 3076 534 3125 εί
551 3077 642 3128 καὶ
656 3077 720 3130 τὰ
737 3079 1009 3148 κρείττονα
1030 3083 1166 3135 κατὰ
1184 3059 1280 3154 την
1298 3059 1490 3158 ψυχίςν,
1519 3059 1630 3155 τοῖς

1730 3069 1882 3122 sione
1905 3072 2071 3124 multo
2100 3083 2222 3126 ante
2267 3075 2501 3137 adducti,
2523 3078 2665 3145 quod
2695 3068 2957 3147 ejusmodi
2986 3059 3107 3137 vita:
3137 3087 3275 3139 ratio

108 3151 188 3216 μὲν
205 3153 286 3248 διὰ
310 3159 537 3225 πίστεως
568 3168 928 3238 παραδίδοται,
963 3168 1043 3235 οἷς
1075 3177 1133 3226 οὐ
1161 3151 1322 3248 σχολῆ
1343 3151 1627 3246 tamen;
1653 3227 1691 3248 η

1682 3231 1691 3247 Ι
1729 3159 2018 3226 plurimum
2052 3164 2152 3216 sibi
2209 3165 2273 3218 ad
2297 3181 2412 3218 eam
2463 3167 2710 3221 tuendam
2735 3175 2852 3238 Opis
2878 3181 3021 3227 esset
3042 3189 3105 3228 ac
3125 3192 3273 3228 com-

106 3256 182 3305 ρον
205 3243 265 3297 τὰ
291 3249 421 3300 κατά
457 3253 620 3322 μέρος
645 3227 1006 3327 παιδεύεσθαι,
1024 3227 1145 3327 ’τοῖς
1652 3227 1692 3284 C

1680 3229 1999 3305 :moditatis
2055 3253 2296 3307 allatura.
2355 3253 2668 3324 Nuptiarum
2725 3261 2887 3312 etiam
2936 3263 3124 3329 prima:
3168 3265 3271 3318 illa:

103 3345 211 3395 γους
239 3338 419 3401 αὐτοὺς
442 3343 664 3411 πάρεστι
692 3350 946 3427 papam,
969 3355 1061 3406 καὶ
1083 3356 1180 3418 τὰς
1205 3359 1500 3427 ἀποδείξεις
1517 3365 1624 3418 τῶν
1723 3345 2151 3414 congressiones,
2186 3346 2407 3414 ejusque
2455 3350 2566 3416 spei
2605 3365 2724 3417 qua:
2757 3352 2959 3407 sobolis
3000 3370 3269 3426 propaga-

103 3424 509 3499 πρεσϐευομένων
546 3421 864 3505 μανθάνείν;
903 3442 1057 3495 Ἀλλὰ
1083 3445 1190 3516 γὰρ
1221 3451 1278 3500 ὲν
1307 3421 1623 3521 ὀλίγῳ-τού-

1721 3435 1921 3488 tionem
1951 3436 2193 3490 intuetur
2237 3438 2644 3505 coniunctiones
2703 3451 2926 3506 mutuae,
2960 3459 3026 3498 ex
3059 3447 3268 3502 sincera

99 3525 190 3588 των
207 3518 325 3586 ἡμῖν
343 3524 434 3574 οὐκ
465 3522 540 3586 είς
569 3525 831 3597 ἄχρηστον
856 3518 1622 3604 προγεγυμνασμένωνξάνίω-

1720 3526 1951 3593 quadam
1979 3529 2297 3597 egregiaque
2344 3530 2447 3582 ﬁde
2503 3520 2713 3584 initium
2760 3533 3079 3591 habuerunt.
3130 3538 3268 3594 Prae-

104 3618 186 3669 μεν
215 3609 299 3661 ἐπὶ
323 3611 414 3682 τὴν
441 3615 657 3686 πρώτην
680 3624 1024 3690 κατηγορίαν·
1062 3628 1153 3678 καὶ
1180 3627 1320 3690 τίνες
1350 3630 1496 3693 ὄντες
1527 3636 1622 3687 καὶ

1718 3623 1862 3667 terea
1886 3617 2276 3684 navigationem
2312 3622 2432 3688 quis
2464 3620 2694 3676 adornat
2721 3627 2938 3695 ancipiti
2975 3632 3144 3698 exitu,
3169 3636 3263 3702 qui

101 3696 237 3791 Ξτόθεν
274 3703 590 3791 ὁρμῶμενοι,
624 3714 733 3772 τοῖς
768 3711 1151 3785 διερωτήσασιν
1181 3718 1614 3790 ἀποκρινώμεθα.

1716 3718 1823 3758 non
1856 3706 1958 3758 alia
2012 3709 2161 3774 prius
2197 3711 2422 3764 salutem
2479 3728 2630 3766 suam
2664 3731 2826 3783 quam
2862 3719 2981 3774 ﬁdei
3023 3696 3262 3791 laetaeque

103 3782 201 3838 Ὀτι
232 3792 322 3858 μὲν
346 3789 434 3848 οὖν
459 3797 518 3849 τὸ
547 3800 698 3866 γένος
732 3782 1172 3873 Ἕλληνες-ὅντες,
1204 3807 1296 3860 καὶ
1325 3782 1394 3861 τὰ
1432 3782 1616 3882 ’ἑλλη-

1717 3796 1830 3862 spei
1855 3797 2091 3850 anchora
2146 3796 2664 3856 fundaverit?Alius
2716 3806 2842 3859 item
2877 3809 3258 3876 agriculturam

99 3892 186 3927 νων
215 3886 540 3952 φρονοῦντες,
575 3891 638 3942 ἐκ
690 3896 952 3960 παντοίων
999 3913 1055 3947 τε
1098 3896 1284 3960 ἐθνῶν,
1325 3898 1467 3953 ὼσὰν
1504 3920 1617 3954 νεο-

1713 3894 1945 3947 exercet,
1999 3887 2251 3955 jactoque
2284 3889 2335 3939 in
2385 3897 2582 3944 terram
2640 3895 2846 3949 semine
2901 3897 3047 3950 domi
3089 3903 3256 3967 sedet,

99 3959 257 4020 Μκτου
293 3978 540 4042 στρατιᾶς
569 3977 783 4046 λογάδες
818 3983 1226 4052 συνειλεγμένοι,
1262 3959 1358 4053 τῆς
1390 3988 1613 4056 πατρίου

1713 3977 2053 4042 tempestatis.
2073 3978 2479 4032 conversionem
2528 3991 2863 4051 οιεροςιεηε,
2910 3986 3258 4061 futurumque

99 4051 472 4130 δεισιδαιμονίας
501 4067 794 4122 ἀποστάται
813 4071 1234 4143 καθεστήκαμεν,
1266 4075 1372 4126 οὐδ’
1385 4075 1447 4127 ἂν
1464 4077 1612 4127 αὐτοί

1714 4069 1813 4121 sibi
1843 4074 2188 4140 persuadens,
2224 4087 2283 4130 ut
2315 4093 2494 4133 semen
2537 4081 2663 4133 illud
2691 4082 2802 4149 jam
2853 4083 2908 4137 in
2955 4095 3109 4141 terra:
3133 4105 3254 4158 gre-

101 4157 211 4236 ⁴θῆτε
244 4150 607 4226 ἀρνηθείημεν·
633 4159 774 4211 ’ἀλλὰ
814 4162 905 4214 καὶ
936 4163 1015 4213 ὅτι
1043 4166 1157 4225 ταῖς
1192 4165 1496 4228 Ἰουδαῖκαῖς
1530 4167 1609 4234 βί-

1710 4162 1820 4214 niio
1853 4176 2182 4233 corruptum,
2211 4183 2274 4221 ac
2301 4170 2598 4236 pluviarum
2635 4171 3070 4229 inundationibus
3092 4180 3257 4232 θυι-υς

98 4233 219 4300 δλοις
243 4247 670 4315 προσανέχοντες,
689 4246 795 4301 κάκ
807 4252 911 4302 τῶν
931 4269 1002 4303 πα
1010 4253 1056 4322 ρ’
1074 4254 1251 4314 αὐτοῖς
1270 4257 1610 4325 προφητειῶν

1710 4261 1842 4316 ιυιη,
1873 4253 2048 4307 denuo
2071 4267 2322 4326 tanquam
2344 4275 2409 4312 ex
2439 4262 2550 4329 ipsa
2582 4273 2749 4316 morte
2771 4265 3071 4319 reviviscat.
3101 4267 3253 4323 Alius

97 4324 152 4377 τὰ
183 4329 386 4387 πλεῖστα
411 4337 502 4388 τοῦ
531 4340 648 4392 καθ’
683 4343 827 4410 ἡμᾶς
855 4341 1007 4408 λόγου
1046 4344 1379 4410 συνάγοντες,
1406 4346 1503 4398 οὑκ
1532 4347 1606 4398 ἔθ’

1708 4355 1867 4407 porro
1898 4345 2112 4414 longum
2143 4362 2205 4400 ex
2253 4350 2423 4415 patria
2445 4351 2497 4402 in
2527 4361 2762 4405 exteram
2821 4355 3053 4423 aliquam
3078 4359 3251 4426 regio-

95 4415 262 4482 όμοίως
296 4421 386 4493 ζῇν
417 4429 526 4489 τοῖς
569 4431 631 4480 ὲκ
657 4434 949 4502 περιτομῆς
981 4435 1266 4502 προσφιλὲς
1308 4437 1602 4506 ἡγούμεθα,

1707 4448 1827 4486 nem
1857 4437 1954 4489 iter
1981 4439 2288 4505 instituens,
2328 4456 2475 4509 spem
2504 4444 2752 4498 similiter
2779 4455 2940 4514 atque
2959 4447 3114 4502 ﬁdem
3144 4449 3244 4502 sibi

97 4508 170 4556 καὶ
205 4511 335 4564 τοῦτ’
361 4513 423 4568 ἂν
457 4518 676 4572 αὐτόθεν
693 4523 1132 4594 ὁμολογήσαιμεν.
1163 4526 1296 4597 Ὥρα
1327 4531 1606 4600 τοιγαροῦν
1640 4540 1680 4592 D

1652 4540 1680 4592 ῃ
1710 4525 1972 4594 adjungit,
2028 4527 2234 4582 faustas
2279 4508 2464 4600 utique
2513 4533 2615 4586 sibi
2651 4534 2747 4589 vim
2804 4508 2968 4591 duces
3013 4537 3243 4594 futuras.

97 4597 263 4656 τούτων
290 4605 373 4657 τὸν
390 4608 778 4679 αἰτιολογισμὸν
800 4614 1070 4683 ὑποσχεῖν.
1086 4618 1207 4680 Πῶς
1233 4615 1323 4670 οὖν
1345 4619 1409 4673 ἂν
1435 4621 1604 4686 ἄλλως

1704 4614 1842 4680 Quid
1870 4617 2013 4670 aliud
2065 4619 2296 4686 denique
2351 4597 2600 4677 inanibus
2654 4625 2928 4693 oculisque
2979 4634 3247 4693 tenemus,

94 4684 308 4761 δόξαιμεν
333 4692 386 4748 εὖ
432 4700 782 4769 πεποιηκέναι
816 4703 882 4755 τὰ
921 4707 1121 4776 πάτρια
1160 4701 1611 4779 καταλείψαντες,

1701 4722 1862 4774 quam
1897 4709 2058 4762 vitam
2102 4709 2378 4764 hominum
2409 4715 2712 4768 universam
2742 4729 2806 4767 ex
2840 4717 3046 4770 duabus
3096 4719 3247 4774 hisee

93 4771 122 4879 ι)
146 4782 331 4879 πρῶτον
355 4789 429 4849 εἰς
454 4787 614 4856 μέσον
637 4789 773 4842 αὐτὰ
792 4771 1174 4864 παραθέμενοι,
1200 4802 1289 4853 καὶ
1313 4771 1604 4869 ἀγαγόντες

1699 4771 1886 4861 rebus,
1912 4813 2004 4866 spe
2025 4799 2276 4852 nimirum
2309 4801 2539 4870 ﬁdeque,
2561 4808 2872 4870 suspensam
2905 4808 3109 4859 teneri?
3142 4809 3249 4879 16

95 4865 168 4919 ὑπ’
204 4872 312 4940 ὄψιν
341 4878 444 4931 τῶν
485 4877 906 4949 ὲντευξομένων;
946 4884 1098 4938 Οὕτω
1144 4888 1250 4958 γὰρ
1289 4865 1371 4945 ἂν-
1399 4865 1603 4958 γένοιτο

1700 4887 1837 4953 Quid
1862 4905 1990 4958 ergo
2017 4903 2194 4942 causa:
2223 4899 2306 4943 est
2335 4893 2682 4959 quamobrem
2711 4894 2844 4948 adeo
2869 4897 3100 4964 mireris,
3120 4888 3244 4969 q'ui-

96 4964 266 5031 φανερά
292 4971 379 5020 καὶ
410 4972 508 5039 τῆς
542 4970 894 5042 εὐαγγελικῆς
927 4975 1245 5042 ἀποδείξεως
1285 4983 1317 5048 ἡ
1357 4983 1473 5035 θεία
1513 4984 1601 5036 δύ-

1698 4979 1800 5033 bus
1830 4995 1936 5031 non
1966 4987 2120 5032 vacat
2171 4980 2350 5033 omnia
2394 4981 2661 5048 sigillatim
2697 4997 2760 5037 ac
2810 4985 3060 5046 subtilius
3087 4964 3242 5043 addi-

93 5064 239 5117 ναμις,
271 5057 315 5107 εί
335 5063 441 5122 τοῖς
469 5062 602 5113 πᾶσι
636 5061 740 5132 πρὸ
769 5061 1057 5134 ὀφθαλμῶν
1084 5068 1285 5139 τεθείη,
1315 5072 1472 5131 τίνων
1505 5074 1598 5126 καὶ

1699 5085 1868 5136 scere,
1894 5072 2193 5125 illisdivina
2246 5071 2378 5138 haec,
2434 5074 2735 5142 quibusque
2789 5085 2996 5132 tantum
3027 5081 3241 5136 animus

93 5140 250 5232 όῗωίων
270 5149 445 5202 κακῶν
467 5152 564 5220 τὴν
598 5153 737 5206 ἴασιν
772 5155 1190 5222 εὐαγγελίζεται.
1219 5160 1339 5223 Πῶς
1366 5162 1410 5214 δ’
1444 5162 1508 5214 ἂν
1540 5163 1599 5214 τὸ

1697 5158 2040 5225 informatur,
2070 5171 2332 5229 praecepta
2355 5160 2478 5215 ﬁdei
2526 5140 2685 5217 manu
2739 5168 2906 5232 tradi;
2944 5168 3063 5220 aliis
3115 5183 3241 5221 vero

92 5227 267 5301 εὔλογον
293 5238 385 5307 τῆς
415 5239 522 5291 τῶν
557 5242 848 5295 Ἰουδαϊκῶν
877 5247 1207 5314 γραμμάτων
1234 5252 1599 5318 μεταδιώξεως

1694 5248 1858 5303 licere
1895 5260 2148 5319 praeterea
2187 5251 2330 5318 ipsas
2353 5267 2568 5321 quoque
2609 5255 2871 5325 vestigare
2897 5256 3154 5322 rationes,
3186 5268 3241 5313 et

93 5323 262 5415 Ξανείη,
288 5326 358 5396 μὴ
377 5327 494 5396 οὐχὶ
517 5331 605 5382 καὶ
626 5332 725 5400 τῆς
746 5334 943 5388 τούτων
963 5337 1156 5405 ἀρετῆς
1174 5340 1594 5412 ἀποδειχθείσηςς

1695 5354 1880 5394 eorum
1936 5356 2054 5409 quae
2113 5351 2431 5394 asseruntur
2479 5345 2848 5415 docemurque
2904 5347 3238 5401 demonstra-

92 5403 180 5505 Τίνι
212 5431 262 5466 τε
285 5416 422 5486 λόγῳ
458 5417 554 5479 τὰς
590 5423 714 5490 παρ’
750 5423 928 5488 αὐτοῖς
962 5403 1171 5496 γραφὰς
1211 5403 1593 5501 ἀσπαξόμενδιέ

1697 5431 1866 5486 tiones
1894 5403 2178 5501 indagare?
2204 5431 2306 5485 Sed
2341 5435 2482 5486 enim
2529 5452 2699 5505 pauca
2873 5437 3026 5504 quasi
3053 5439 3237 5505 prolu-

92 5496 159 5596 ξύν
189 5502 354 5573 ὅμοιον
384 5506 474 5559 τοῦ
517 5507 628 5576 βίου
666 5515 863 5582 τρόπον
903 5518 1277 5587 ἀποκλίνομεν,
1320 5496 1499 5586 καλῶς
1529 5525 1596 5578 ἂν

1695 5520 1857 5574 sionis
1883 5496 2045 5575 causa
2078 5537 2173 5575 nec
2204 5522 2318 5575 sine
2369 5525 2596 5581 utilitate
2647 5526 2870 5595 praefati,
2905 5526 2970 5580 ad
3001 5528 3233 5596 primum

91 5582 173 5655 Ξχοι
195 5593 427 5685 διελθεῖν·
460 5601 553 5652 καὶ
589 5603 678 5655 ἐπὶ
713 5609 864 5670 πᾶσι,
893 5610 973 5672 τίς
997 5612 1026 5663 ὁ
1057 5582 1174 5662 me;
1203 5612 1346 5681 ἡμᾶς
1375 5582 1593 5681 τῆςτεύ-

1692 5611 2050 5665 accusationis
2071 5597 2240 5679 caput
2271 5612 2567 5685 aliquando
2604 5617 2906 5678 redeamus,
2931 5629 2985 5671 et
3012 5619 3233 5685 quinam

92 5684 336 5779 “IT-altari];
369 5691 672 5757 ὑποθέσεως
705 5695 875 5764 λόγος,
918 5701 1010 5752 καὶ
1041 5702 1124 5764 τίς
1169 5700 1234 5753 ἂν
1279 5703 1477 5771 κυρίως
1507 5704 1611 5756 λε--

1693 5704 1884 5765 simus,
1922 5718 2121 5772 quasve
2165 5705 2332 5757 secuti
2386 5716 2537 5760 antea
2595 5707 2715 5759 vitae
2751 5708 3004 5774 rationes,
3039 5710 3104 5762 iis
3141 5711 3233 5779 qui

89 5765 202 5845 Νη
231 5781 259 5832 6
301 5782 734 5855 Χριστιανισμδς,
776 5787 886 5842 οὔθ’
931 5790 1276 5866 Ἑλληνισμὸς
1325 5765 1417 5860 ῶν,
1464 5791 1586 5847 οὔτε

1689 5804 1977 5862 utrumque
2000 5808 2064 5860 ex
2093 5795 2247 5850 nobis
2267 5811 2504 5864 querere
2544 5796 2754 5863 solent,
2792 5800 3232 5864 respondeamus.
