3980 6338
731 404 800 458 47
1357 397 1626 459 EUSEBII
1666 395 2134 454 CAESARIE‘SSIS
2168 396 2314 451 OPP.
2366 394 2544 451 PARS
2582 393 2645 449 il.
2685 424 2754 433 —
2791 391 3287 449 APOLOGETICA.
3882 391 3941 445 48

727 516 840 573 Nos
868 518 1025 588 igitur
1053 526 1105 571 et
1128 532 1320 588 genere
1344 516 1560 593 Graecos
1574 532 1712 581 esse,
1738 526 1788 571 et
1818 516 2125 571 Graecorum
2150 517 2275 570 olim

2392 514 2734 583 Ίουδαῖσμδς,
2765 513 2901 565 ἀλλά
2925 530 3007 575 τις
3040 511 3197 581 καινὴ
3227 510 3317 563 καὶ
3341 506 3544 579 ἀληθὴς
3580 503 3856 571 θεοσοφία,
3891 500 3942 564 ἐξ

729 609 1025 666 sententias
1052 624 1334 680 moresque
1371 610 1680 679 complexos
1724 608 1909 675 fuisse,
1931 624 2073 663 nunc
2099 619 2278 661 autem

730 716 797 757 ει
821 702 1087 757 universis
1133 702 1462 764 nationibus,
1516 712 1769 770 tanquam
1828 700 2120 755 novissime
2152 714 2280 753 con-

730 792 916 863 scripti
949 794 1217 849 exercitus
1276 794 1503 848 selectos
1549 793 1885 861 eximiosque
1924 792 2121 846 milites
2148 806 2278 845 con-

730 896 1027 958 gregatosa
1061 884 1230 954 patria
1288 885 1671 954 superstitione
1724 883 2002 948 defecisse,
2061 897 2128 935 ne
2178 882 2278 951 ipsi

729 979 945 1049 quidem
967 978 1360 1048 negaverimus.
1398 976 1658 1030 Praeterea
1701 976 1874 1038 nobis,
1896 990 2019 1029 cum
2065 973 2279 1027 Judaeo-

728 1086 849 1126 rum
901 1064 1106 1125 litteras
1159 1070 1534 1140 approbemus,
1586 1069 1985 1138 maximamque
2024 1068 2279 1122 doctrinae

728 1172 930 1227 nostra:
979 1170 1181 1230 partem
1227 1176 1293 1215 ex
1335 1175 1520 1215 eorum
1591 1159 1885 1228 prophetiis
1942 1158 2277 1227 colligamus,

729 1270 835 1307 non
855 1252 991 1307 idem
1026 1263 1201 1306 tamen
1257 1252 1507 1320 amplius,
1563 1267 1671 1319 quo
1716 1248 2147 1304 circumcisionis
2185 1248 2279 1301 de-

728 1343 971 1399 fensores
1003 1344 1384 1408 utuntur,vit;e
1412 1356 1579 1411 genus
1608 1342 1839 1409 placere,
1874 1341 1925 1393 id
1948 1355 2072 1393 vero
2091 1350 2278 1407 sponte

726 1450 943 1504 quoque
974 1435 1222 1504 ultroque
1264 1431 1550 1487 fateamur.
1598 1430 1751 1485 Nunc
1779 1446 1905 1498 ergo
1939 1439 2149 1499 tempus
2196 1440 2277 1484 est

728 1527 953 1580 istorum
974 1514 1214 1578 omnium
1241 1523 1492 1577 reddendi
1512 1522 1795 1575 rationem.
1823 1520 2067 1587 Quonam
2099 1530 2273 1574 autem

2382 608 2551 676 αὐτῆς
2584 607 2682 676 τῆς
2715 606 3079 676 προσηγορίας
3110 606 3208 675 τὴν
3232 601 3577 671 καινοτομίαν
3614 596 3937 664 ἐπαγομένη.

2382 700 2514 769 Φέρε
2538 694 2629 751 οὖν
2655 698 2717 766 δὴ
2748 698 2960 766 πρῶτον
2982 696 3233 750 ἁπάντων
3265 692 3361 755 τὰς
3386 689 3751 750 παλαιοτάτας
3775 686 3866 738 καὶ
3888 686 3941 754 δὴ

2384 792 2476 845 καὶ
2501 790 2597 853 τὰς
2621 790 2878 861 πατρίους
2910 788 3065 858 ἡμῶν
3089 786 3264 839 αὐτῶν
3295 784 3590 851 θεολογίας,
3612 780 3753 833 κατὰ
3777 782 3942 831 πᾶσαν

2386 882 2537 935 πόλιν
2573 880 2737 932 εἰσέτι
2766 881 2857 932 καὶ
2876 880 2969 932 νῦν
2998 878 3434 949 τεθρυλλημένας
3463 874 3938 943 ὲπιθεωρήσωμεν,

2384 973 2480 1034 τάς
2501 988 2556 1023 τε
2589 989 2644 1023 σε
2654 970 2788 1041 μνὰς
2798 970 2904 1022 τῶν
2921 970 3177 1038 γενναίων
3195 968 3492 1038 φιλοσόφων
3524 966 3649 1034 περί
3672 980 3729 1014 τε
3750 964 3942 1028 κόσμου

2387 1080 2449 1115 συ
2458 1063 2693 1123 στάσεως
2708 1062 2800 1114 καὶ
2817 1080 2882 1114 πε
2892 1064 2941 1133 ρὶ
2958 1062 3093 1114 θεῶν
3109 1060 3494 1131 διαλήψειςοῖνα
3505 1057 3719 1125 γνῶμεν
3737 1052 3845 1105 εἴτε
3862 1052 3943 1105 καὶ

2382 1153 2553 1223 ὀρθῶς
2572 1154 2775 1222 ἀπέστη
2787 1171 2881 1223 μεν
2900 1154 3097 1217 αὐτῶν,
3114 1154 3219 1206 εἴτε
3240 1154 3330 1205 καὶ
3351 1151 3606 1222 μή.Θήσω
3628 1150 3684 1203 δὲ
3705 1149 3805 1201 οὐκ
3819 1146 3944 1216 ἐμὰς

2384 1244 2563 1314 φωνὰς
2588 1247 2643 1297 ὲν
2666 1248 2729 1315 τῇ
2750 1245 2855 1297 τῶν
2882 1245 3221 1315 δηλουμένων
3251 1246 3528 1313 ὲκφάνσει,
3556 1242 3666 1295 ἀλλ’
3689 1239 3866 1292 αὐτῶν
3890 1238 3942 1307 δὴ

2380 1337 2487 1388 τῶν
2518 1336 2748 1407 μάλιστα
2770 1336 3006 1407 τήνπερ).
3033 1337 3125 1401 οὓς
3154 1355 3281 1405 φασι
3299 1337 3470 1399 θεοὺς,
3501 1333 3779 1387 εὐσέϐειαν
3801 1348 3944 1399 περς-

2386 1428 2715 1480 σπούδαστον
2741 1430 3133 1498 πεποιηκότων,
3159 1430 3231 1491 ὡς
3262 1428 3368 1482 ἂνό
3394 1428 3545 1496 λόγος
3563 1425 3780 1494 ἁπάσης
3805 1420 3947 1483 ἐκτὸς

2379 1521 2479 1591 τῆς
2513 1522 2640 1591 περὶ
2676 1522 2767 1573 τοῦ
2813 1522 3141 1575 πλάττεσθαι
3182 1524 3327 1591 ἡμᾶς
3352 1521 3602 1582 ὑπονοίας
3627 1517 3945 1583 κατασταίη.

728 1621 835 1675 alio
899 1620 1156 1687 consequi
1191 1618 1348 1673 modo
1404 1618 1716 1686 poterimus,
1772 1626 1829 1671 ut
1880 1616 2014 1671 ritus
2069 1617 2272 1685 patrios
2307 1617 2428 1686 jure
2496 1632 2560 1670 ac
2630 1618 2822 1671 merito
2865 1615 3170 1671 deseruisse
3220 1615 3514 1678 videamur,
3552 1628 3715 1681 quam
3751 1611 3795 1665 si
3840 1610 3948 1662 illos

728 1713 878 1783 ipsos
912 1713 963 1766 in
999 1714 1231 1781 medium
1274 1712 1633 1781 producamus
1656 1753 1670 1775 ,
1706 1719 1759 1764 et
1794 1725 2006 1773 eorum,
2040 1711 2131 1778 qui
2177 1713 2275 1765 bos
2316 1711 2367 1762 in
2426 1710 2593 1764 libros
2629 1710 2933 1773 inciderint,
2977 1711 3045 1763 ob
3116 1709 3301 1762 oculos
3354 1704 3660 1776 ponamus?
3691 1704 3783 1757 Sic
3813 1701 3945 1755 enim

726 1804 1045 1875 evangelicae
1088 1818 1303 1874 quoque
1354 1803 1829 1857 demonstrationis
1861 1804 1941 1857 vis
1977 1803 2065 1856 illa
2097 1804 2276 1857 divina
2316 1804 2517 1858 clarius
2584 1806 2867 1866 elucescet,
2902 1805 2947 1858 si
2977 1804 3148 1857 oculis
3189 1816 3378 1856 omnes
3427 1812 3694 1866 usurpare
3762 1810 3944 1866 potue-

724 1900 856 1964 rint,
902 1914 1131 1969 quorum
1180 1898 1392 1953 tandem
1435 1906 1488 1953 et
1549 1897 1853 1968 cuiusmodi
1916 1898 2177 1953 malorum
2219 1914 2279 1951 ea
2353 1899 2676 1953 medicinam
2715 1898 2941 1952 feliciter
2987 1896 3286 1951 annuntiet.
3316 1892 3435 1960 Quo
3478 1900 3633 1961 pacto
3696 1901 3945 1961 praeterea

726 2008 827 2048 nos
875 2006 1205 2062 magnacum
1234 1993 1444 2046 ratione
1492 1989 1800 2045 Iudaeorum
1846 1990 2052 2045 litteras
2122 2003 2440 2059 persecutos
2488 2008 2608 2048 esse
2673 1993 2959 2054 constabit,
3029 1992 3132 2045 nisi
3173 2005 3358 2044 earum
3411 1989 3572 2042 etiam
3634 1987 3743 2039 vim
3793 1995 3947 2053 atque

728 2089 1101 2145 auctoritatem
1138 2088 1523 2143 ostendamus?
1581 2086 1698 2141 Jam
1737 2103 1865 2141 vero
1904 2088 2223 2157 praeclarum
2282 2089 2439 2141 simul
2490 2088 2669 2154 fuerit,
2702 2104 2865 2157 quam
2930 2088 2998 2141 ob
3035 2094 3254 2141 causam
3322 2082 3414 2154 qui
3467 2083 3707 2151 ipsorum
3768 2094 3948 2133 monu-

728 2194 909 2238 menta
937 2183 1379 2252 complectamur,
1411 2184 1642 2237 similem
1707 2191 1885 2237 tamen
1922 2182 2043 2236 vita:
2114 2184 2558 2237 consuetudinem
2622 2184 2988 2253 repudiemus,
3020 2182 3334 2245 ostendere;
3401 2178 3467 2232 ad
3497 2186 3803 2232 extremum
3839 2188 3947 2242 qua

728 2288 911 2335 nostra
971 2279 1043 2333 sit
1095 2279 1413 2349 evangelicae
1468 2278 1727 2332 doctrinae
1778 2279 1936 2340 ratio,
1973 2279 2094 2347 quis
2154 2280 2280 2333 item
2349 2279 2564 2348 proprie
2625 2279 3072 2332 Cln-istianisnius
3111 2275 3441 2338 nominetur,
3486 2274 3683 2339 quippe
3715 2269 3810 2338 qui
3860 2284 3945 2321 ne-

728 2390 831 2443 que
860 2373 1168 2429 Graecorum
1202 2374 1290 2438 sit,
1321 2389 1492 2444 neque
1532 2373 1837 2427 Judaeorum
1877 2375 2206 2441 institutum,
2248 2376 2341 2429 sed
2384 2390 2569 2429 recens
2595 2374 2848 2444 quaedam
2876 2390 3107 2443 veraque
3139 2373 3228 2426 Dei
3267 2370 3552 2441 sapientia.
3576 2383 3699 2437 quae
3730 2366 3812 2419 vel
3843 2366 3947 2434 ipso

727 2470 944 2525 nomine
989 2469 1336 2534 professionis
1369 2485 1480 2523 sum
1539 2470 1829 2522 novitatem
1878 2486 1988 2538 prze
2016 2486 2072 2525 se
2121 2470 2276 2523 ferat.
2319 2470 2429 2540 Age
2468 2470 2681 2540 itaque,
2740 2471 3135 2525 vetustissimas
3175 2470 3416 2538 adeoque
3455 2467 3573 2519 illas
3618 2466 3787 2534 ipsas,
3824 2480 3947 2534 quas

728 2578 760 2618 ι
814 2564 1112 2633 majoribus
1166 2564 1472 2631 accepimus
1500 2564 1566 2617 de
1596 2563 1819 2617 deorum
1872 2572 2061 2616 natura
2110 2564 2423 2627 sententias,
2469 2578 2695 2631 quaeque
2736 2563 2789 2614 in
2852 2561 3104 2615 omnibus
3159 2561 3361 2629 passim
3399 2562 3621 2616 urbibus
3660 2564 3947 2615 etiamnum

725 2657 917 2726 jactari
934 2657 1135 2719 solent;
1155 2672 1365 2725 unaque
1380 2672 1663 2728 pergraves
1678 2658 1794 2713 illas
1810 2659 2146 2727 egregiorum
2181 2659 2645 2728 philosophorum,
2684 2656 2749 2710 de
2767 2657 2949 2710 mundi
2987 2672 3050 2710 ac
3072 2657 3293 2710 deorum
3336 2658 3574 2725 ipsorum
3595 2657 3826 2727 origine,
3845 2656 3947 2708 dis-

727 2749 1031 2818 putationes
1056 2758 1178 2801 ante
1225 2748 1402 2801 omnia
1424 2749 1846 2817 contemplemur
1879 2769 1889 2802 :
1920 2749 2000 2803 sic
2034 2750 2177 2802 enim
2204 2750 2594 2820 intelligemus,
2626 2749 2817 2818 jurene
2876 2763 2943 2801 an
2997 2762 3152 2801 secus
3209 2747 3276 2801 ab
3329 2748 3517 2801 iisdem
3550 2749 3945 2802 recesserimus.

731 2844 831 2912 17
851 2841 1037 2897 Verbis
1056 2850 1254 2908 autem,
1280 2842 1333 2896 in
1354 2842 1420 2897 iis
1442 2858 1561 2912 quze
1593 2844 1688 2898 abs
1729 2860 1814 2897 me
1858 2846 2150 2913 prodentur
2186 2856 2346 2915 atque
2370 2846 2753 2916 vulgabuntur,
2800 2857 2907 2897 non
2942 2843 3079 2897 meis
3110 2852 3251 2905 utar,
3290 2842 3382 2896 sed
3424 2843 3660 2908 illorum,
3697 2845 3787 2909 qui
3823 2856 3948 2911 quos

656 2959 659 2962 ⁴
731 2936 830 3003 ipsi
859 2935 989 2990 deos
1015 2947 1227 3002 vocant,
1275 2951 1463 2991 eorum
1499 2938 1701 2991 cultum
1732 2939 1992 3009 singulari
2042 2955 2103 2993 ac
2137 2943 2404 3010 praecipua
2438 2940 2779 2995 contentione
2835 2938 3122 3008 studioque
3174 2936 3547 3005 defenderunt,
3596 2950 3656 2993 ut
3704 2939 3773 2993 ab
3813 2934 3946 2993 omni

729 3025 962 3096 fingendi
994 3025 1464 3100 calumniandique
1498 3028 1805 3096 suspicione
1834 3039 2021 3082 nostra
2061 3030 2172 3083 litec
2200 3029 2494 3100 disputatio
2529 3029 2853 3084 vindicetur.

1328 3117 1554 3173 CAPUT
1590 3119 1677 3173 Vl.

767 3235 843 3287 De
871 3234 1101 3303 principe
1131 3232 1432 3286 Phaznicum
1460 3231 1932 3303 Ai'gyptiorumque
1972 3234 2251 3304 theologia.

797 3346 1084 3400 Phoenices
1108 3343 1323 3413 quidem
1355 3352 1407 3397 et
1434 3341 1714 3414 Egyptios
1742 3346 1983 3398 omnium
2019 3345 2291 3413 principes

732 3442 852 3505 soli,
888 3440 1028 3493 lunae
1055 3452 1117 3491 ac
1140 3437 1309 3490 stellis
1337 3437 1667 3490 divinitatem
1710 3436 1985 3499 tribuisse,
2013 3437 2289 3505 vulgatum

734 3544 847 3596 est;
881 3532 1053 3599 iisque
1093 3529 1223 3583 solis
1268 3543 1446 3581 rerum
1488 3528 1729 3581 omnium
1757 3537 1906 3581 ortus
1936 3529 2291 3599 interitusque

733 3636 951 3676 causam
985 3619 1317 3688 assignasse;
1350 3619 1541 3672 deinde
1565 3634 1694 3673 vero
1720 3635 1840 3688 quae
1863 3621 2062 3687 passim
2095 3630 2147 3675 et
2170 3620 2290 3675 ubi-

734 3730 839 3783 que
880 3714 1151 3782 iactantur
1189 3712 1413 3765 deorum
1463 3720 1571 3763 tam
1629 3713 1935 3767 molitiones
1968 3728 2128 3782 quam
2160 3728 2289 3781 pro-

734 3805 1037 3859 creationes
1070 3804 1123 3857 in
1165 3802 1441 3857 hominum
1497 3817 1663 3871 genus
1722 3803 1987 3858 invexisse
2029 3821 2041 3855 :
2100 3802 2288 3857 saltem

734 3908 860 3950 ante
887 3897 1027 3962 illos,
1052 3910 1215 3964 supra
1246 3910 1331 3949 res
1364 3910 1455 3950 eas
1496 3909 1616 3961 quae
1650 3895 1701 3947 in
1733 3894 1869 3947 ctelo
1896 3894 2063 3948 videri
2092 3895 2288 3960 solent,

709 4033 711 4035 ,
736 3987 1087 4056 intelligentia
1106 3987 1188 4040 vel
1205 3986 1472 4040 tantillum
1488 4001 1831 4055 progressum
1847 4002 1966 4040 esse
1988 3986 2255 4039 neminem
2274 4003 2288 4051 ;

676 4069 681 4074 ’
735 4080 782 4131 si
812 4088 987 4131 tamen
1018 4092 1219 4146 paucos
1252 4078 1457 4145 aliquot
1474 4079 1735 4146 excipias,
1763 4093 1992 4146 quorum
2017 4079 2157 4146 apud
2185 4077 2288 4131 He-

737 4170 909 4222 braeos
942 4169 1205 4222 memoria
1231 4168 1551 4230 celebratur,
1582 4170 1673 4236 qui
1702 4177 1871 4222 totum
1904 4168 1955 4221 id
1985 4169 2134 4236 quod
2170 4169 2292 4223 visu

740 4259 1049 4327 percipitur,
1090 4258 1248 4327 longe
1298 4257 1589 4327 purissimo
1614 4257 1808 4309 mentis
1852 4254 2008 4309 oculo
2032 4270 2293 4323 superan-

736 4360 841 4411 tes,
895 4352 1070 4419 ipsum
1121 4350 1304 4403 mundi
1340 4348 1677 4412 Etl‘eetorem,
1711 4362 1773 4401 ac
1822 4362 1998 4400 rerum
2050 4348 2290 4400 omnium

738 4439 1041 4492 molitorem
1072 4452 1253 4491 sanete
1273 4439 1464 4507 pieque
1486 4438 1801 4501 coluerunt;
1833 4452 1956 4490 cum
1986 4445 2189 4489 tantam
2221 4438 2289 4490 il-

2911 3120 3303 3175 ΚΕΦΛΛΑΙΟΝ
3335 3122 3423 3187 εῖν.

2391 3237 2530 3305 Περὶ
2559 3235 2851 3290 Φοινίκων
2876 3235 2973 3287 καὶ
3002 3234 3337 3303 Αἰγυπτίων
3372 3235 3679 3304 θεολογίας
3705 3233 3930 3301 πρώτης

2460 3350 2714 3411 Φοίνικας
2739 3346 3023 3419 τοιγαροῦν
3050 3348 3141 3399 καὶ
3163 3348 3487 3416 Αιγυπτίους
3514 3346 3759 3418 πρώτους
3786 3347 3941 3400 ἁπέιν·

2391 3456 2499 3493 των
2541 3440 2755 3510 κατέχει
2791 3440 2965 3507 λόγος,
3000 3438 3147 3509 ἥλιον
3187 3440 3282 3491 καὶ
3328 3438 3555 3510 σελήνην
3600 3439 3696 3490 καὶ
3728 3437 3945 3509 ἀστέρας

2393 3530 2546 3594 θεοὺς
2570 3532 2864 3602 ἀποφῆναι,
2897 3531 3087 3601 μόνους
3114 3547 3174 3582 τε
3212 3527 3350 3584 εἶναι
3374 3531 3472 3600 τῆς
3497 3530 3605 3583 τῶν
3630 3529 3768 3582 ὅλων
3812 3526 3941 3595 γενέρ

2394 3623 2528 3687 σεώς
2564 3641 2623 3675 τε
2654 3624 2749 3676 καὶ
2786 3623 2989 3695 φθορᾶς
3029 3621 3266 3685 αἱτίους’
3305 3616 3423 3673 εἶτα
3458 3620 3515 3673 δὲ
3539 3620 3635 3683 τὰς
3664 3620 3816 3691 παρὰ
3851 3620 3944 3682 τοῖς

2393 3717 2524 3769 πᾶσι
2573 3714 2845 3785 βοωμένας
2878 3713 3149 3777 θεοποιίας
3194 3729 3254 3765 τε
3287 3714 3379 3766 καὶ
3417 3712 3692 3779 Θεογονίας
3743 3712 3942 3781 εἰσηγὴ-

2394 3807 2586 3861 σασθαι
2612 3806 2689 3877 τῷ
2714 3806 2831 3876 βίῳ·
2862 3805 2965 3876 πρὸ
2988 3805 3045 3858 δέ
3069 3822 3131 3873 γε
3158 3804 3355 3858 τούτων
3384 3804 3583 3875 μηδένα
3612 3803 3776 3873 μηδὲν
3804 3803 3945 3855 πλέον

2391 3897 2497 3949 τῶν
2536 3896 2654 3949 κατ’
2681 3896 2908 3965 οὐρανὸν
2945 3894 3282 3965 φαινομένων
3315 3895 3530 3959 εἰδέναι,
3570 3895 3766 3962 όλίγων
3808 3892 3945 3953 ἐκτὸς

2394 3984 2597 4057 ἀνδρῶν
2624 3984 2731 4037 τῶν
2760 3986 2887 4055 παρ’
2922 3984 3193 4055 Ἑϐραίοις
3231 3985 3738 4055 μνημονευομένων,
3767 3986 3817 4037 οἳ
3844 3984 3939 4036 δια-

2392 4079 2536 4140 νοίας
2560 4077 2985 4147 καθαρωτάτοις
3009 4079 3218 4148 ὄμμασι
3254 4080 3361 4130 πᾶν
3401 4077 3462 4130 τὺ
3486 4066 3942 4146 ὁρώμενον’ὑπερ-

2393 4169 2679 4237 κύψαντες,
2721 4170 2811 4221 τὸν
2844 4170 3166 4240 κοσμοποιδν
3201 4170 3295 4223 καὶ
3328 4169 3419 4223 τὸν
3459 4169 3592 4222 ὅλων
3634 4168 3947 4237 δημιουργὸν

2394 4258 2785 4327 ἐσεϐάσθησαν,
2815 4259 3331 4331 ὑπερθαυμάσαντες
3367 4248 3466 4328 τῆς
3493 4243 3762 4327 τοσαύτης
3802 4257 3945 4309 αὑτὸν

2395 4351 2583 4419 σοφίας
2607 4367 2665 4402 τε
2686 4352 2778 4408 καὶ
2804 4350 3098 4420 δυνάμεως,
3115 4351 3180 4421 ῆν
3207 4353 3269 4403 ὲκ
3294 4349 3399 4402 τῶν
3424 4349 3597 4421 ἔργων
3624 4349 3947 4418 ὲφαντάσθημ

2396 4457 2514 4502 σαν,
2543 4440 2635 4492 καὶ
2671 4434 2826 4509 μόνον
2854 4436 2989 4491 εἶναι
3018 4441 3146 4493 Θεὸν
3176 4439 3503 4502 πεισθέντες,
3550 4439 3711 4509 μόνον
3738 4440 3944 4499 εἰκότως

739 4532 843 4585 lius
877 4530 1193 4598 sapientiam
1230 4538 1387 4595 atque
1433 4538 1776 4597 potestatem,
1810 4544 1973 4597 quam
2021 4537 2288 4597 utcunque

2397 4530 2769 4599 ὲθεολόγησαν,
2804 4530 2901 4599 τὴν
2941 4529 3111 4599 ἀληθῆ
3143 4531 3237 4582 καὶ
3271 4528 3511 4600 πρώτην,
3541 4533 3633 4584 καὶ
3665 4534 3830 4603 μόνην
3864 4534 3941 4584 εὑ-

739 4621 842 4674 sibi
895 4636 956 4673 ex
1002 4618 1253 4687 operibus
1286 4618 1417 4685 ipsis
1467 4619 1645 4671 animo
1678 4628 1729 4672 et
1768 4620 2091 4689 c0gitatione
2122 4619 2289 4687 finge-

739 4712 891 4773 bant,
929 4709 1187 4780 singulari
1221 4709 1454 4777 quadam
1502 4709 1853 4764 admiratione
1898 4726 2287 4780 prosequeren-

741 4811 827 4853 tur
854 4818 867 4853 :
894 4813 1127 4867 cumque
1150 4815 1315 4853 unum
1342 4800 1491 4852 illum
1516 4796 1679 4852 Deum
1706 4800 1869 4852 semel
1892 4815 2010 4853 esse
2032 4799 2292 4853 credidis—

744 4897 883 4953 sent,
912 4891 1161 4945 eumdem
1192 4907 1407 4959 quoque
1434 4891 1600 4943 Deum
1630 4906 1818 4951 unum,
1851 4900 1909 4943 ut
1936 4906 2031 4959 par
2055 4898 2190 4954 erat,
2218 4890 2291 4944 ita

741 4980 1137 5051 praedicarunt,
1186 4988 1245 5033 ut
1289 4996 1471 5034 veram
1522 4980 1666 5033 illam
1703 4995 1765 5033 ac
1804 4980 2098 5048 principem
2142 4996 2291 5034 eam«

740 5075 971 5141 demque
1018 5070 1187 5124 solam
1220 5070 1487 5139 pietatem,
1526 5086 1686 5139 quam
1727 5086 1756 5123 a
1801 5071 2109 5138 parentibus
2140 5087 2293 5126 acceo

743 5170 955 5231 perant,
990 5160 1227 5213 studiose
1254 5160 1403 5213 liberi
1434 5162 1744 5215 retinerent.
1779 5161 1846 5213 At
1876 5162 2080 5229 reliqua
2119 5162 2293 5216 homi—

743 5266 871 5304 num
913 5249 1199 5303 multitudo
1224 5262 1347 5300 cum
1391 5249 1455 5300 ab
1488 5249 1605 5317 ejus
1635 5249 1796 5303 unius
1829 5250 2049 5303 veritate
2086 5252 2296 5319 pietatis

746 5341 1053 5405 excidisset,
1098 5340 1162 5393 ad
1191 5339 1311 5393 cceli
1351 5349 1640 5405 astrorum,
1672 5355 1791 5409 quze
1821 5340 2091 5407 corporeis
2126 5341 2297 5397 oculis

748 5431 1076 5493 intuebatur,
1105 5430 1445 5499 splendorem
1474 5430 1662 5497 puerili
1687 5440 1863 5484 mente
1889 5430 2297 5498 obstupescens,

744 5521 837 5574 illa
870 5523 999 5575 deos
1022 5536 1140 5575 esse
1174 5520 1561 5591 pronuntiavit,
1592 5521 1885 5589 iisdemque
1911 5522 2299 5577 sacrificiorum

743 5622 797 5665 et
828 5612 1156 5667 adorationis
1194 5613 1395 5667 cultum
1434 5611 1703 5677 adhibuit;
1754 5614 1832 5666 sic
1882 5622 2082 5677 tamen,
2117 5622 2175 5667 ut
2203 5630 2303 5669 nec

746 5705 880 5771 ipsis
910 5704 1106 5771 templa
1142 5713 1498 5767 construeret,
1534 5719 1631 5757 nec
1671 5719 1857 5756 eorum
1907 5714 2111 5757 statuas
2144 5714 2303 5773 atque

753 5794 1041 5847 eimulacra
1069 5794 1345 5848 mortalem
1372 5794 1535 5847 ullam
1561 5796 1611 5847 in
1645 5792 1875 5861 speciem
1898 5792 2187 5862 efﬁngeret,
2211 5794 2303 5849 sed

2396 4622 2606 4675 σέϐειαν
2652 4624 2780 4683 παῖς
2826 4620 2975 4691 παρὰ
3014 4622 3215 4691 πατρὸς
3240 4623 3603 4694 διαδεξάμενοι
3646 4628 3741 4678 καὶ
3796 4627 3944 4694 φυλά-

2392 4712 2597 4777 ξαντες.
2630 4712 2695 4764 Οἵ
2718 4729 2780 4779 γε
2828 4712 2930 4782 μὴν
2970 4713 3141 4765 λοιποὶ
3185 4713 3291 4767 τῶν
3320 4714 3616 4786 ἀνθρώπων
3660 4718 3819 4786 τῆσδε
3857 4717 3942 4783 τῆς

2397 4802 2561 4871 μόνης
2586 4802 2681 4853 καὶ
2717 4801 2946 4870 ἀληθοῦς
2972 4802 3336 4865 ἁποπεσὸντες
3362 4803 3663 4866 εύσεὸείας,
3708 4805 3779 4856 τὰ
3814 4822 3944 4872 φιρσ-

2396 4894 2536 4964 φόρα
2578 4892 2687 4945 τῶν
2719 4894 3001 4964 οὐρανίων,
3045 4895 3245 4963 σαρκὸς
3289 4893 3602 4962 ὀφθαλμοῖς,
3650 4890 3740 4948 οἷα
3780 4898 3941 4965 νήπιοι

2393 4982 2491 5044 τὰς
2516 4981 2689 5050 ψυχὰς
2722 4983 3176 5051 καταπλαγέντες,
3206 4983 3359 5045 θεούς
3395 5000 3455 5034 τε
3484 4985 3719 5049 ἀνεῖπον,
3750 4987 3840 5038 καί
3866 4984 3945 5036 θυ-

2398 5070 2665 5132 σίαιςηκαὶ
2696 5074 3123 5140 προσκυνήσεσιν
3161 5070 3469 5139 ἐγέραιρον
3513 5070 3571 5120 ού
3603 5069 3737 5133 νεὼς
3772 5070 3942 5139 δειμά-

2401 5179 2569 5231 μενοι,
2604 5160 2709 5213 ούδ⁹
2744 5160 3073 5230 ἀφιδρύμασι
3118 5162 3210 5213 καὶ
3251 5159 3455 5223 ξοάνοις
3504 5159 3716 5228 θνητῶν
3746 5159 3941 5218 εἰκόνας

2399 5252 2763 5320 πλασάμενοι·
2798 5251 2929 5321 πρὸς
2960 5251 3151 5320 αἰθέρα
3176 5250 3231 5302 δὲ
3261 5251 3350 5301 καὶ
3379 5250 3535 5302 αὐτὸν
3568 5251 3794 5322 οὐρανὸν
3827 5251 3943 5301 ἀπο-

2400 5342 2704 5403 ϐλέποντες,
2741 5342 2835 5393 καὶ
2864 5342 3022 5411 μέχρι
3065 5340 3172 5393 τῶν
3202 5341 3329 5411 τῇδε
3378 5342 3666 5411 ὁρωμένων
3698 5344 3816 5404 ταῖς
3851 5340 3940 5407 ψο-

2400 5435 2520 5501 χαῖς
2559 5431 2951 5501 ἐφικνούμενοι.
2997 5431 3129 5483 Ἀλλ’
3155 5431 3213 5483 οὐ
3241 5433 3366 5501 τῇδε
3405 5433 3512 5503 ἄρα
3548 5434 3775 5496 καὶτοῖς
3804 5429 3941 5501 μετέ-

2402 5542 2560 5577 πειτα
2586 5524 2887 5595 ἀνθρώποις
2905 5526 2973 5578 τὰ
2997 5525 3097 5593 τῆς
3118 5524 3372 5578 πολυθέσυ
3400 5526 3604 5593 πλάνης
3622 5525 3939 5594 περιίστατο,

2404 5608 2685 5667 ἐλαύνοντα
2710 5615 2763 5667 δὲ
2790 5617 2868 5677 εἰς
2898 5604 3052 5684 βυθὸν
3081 5616 3285 5680 κακῶν,
3318 5615 3535 5685 μείζονα
3554 5616 3651 5685 τῆς
3676 5615 3940 5684 ἀθεότητος

2404 5706 2499 5776 τὴν
2532 5708 2843 5761 δυσσέϐειαν
2877 5708 3268 5778 ἀπειργάζετο,
3315 5710 3590 5770 Φοινίκων,
3637 5704 3754 5760 εἶτα
3798 5707 3939 5770 Λίγυ-

2408 5796 2574 5850 πτίων
2624 5797 3019 5866 ὰπαρξαμένων
3083 5798 3181 5863 τῆς
3233 5798 3467 5861 πλανης·
3525 5800 3651 5859 παρ’
3700 5792 3771 5852 ὧν
3825 5810 3936 5858 φασι
