4028 6332
104 449 162 512 ιθ
1264 457 1582 514 PRA‘J’AR.

1725 462 1873 520 ANG.
1917 465 2041 520 LIB.
2087 466 2124 521 Ι.
2869 527 2876 532 _
3211 474 3276 529 50

105 567 292 639 πρῶτον
324 565 522 639 Ὀρφέα
547 568 637 622 τὸν
672 569 903 640 ’Υάγρου
931 570 1038 642 (Η)
1069 572 1544 644 μεταστησάμενον
1563 576 1625 629 τά

1728 590 1999 649 aspectum
2044 583 2097 635 in
2127 582 2318 636 aethera
2343 581 2646 652 cmlumque
2679 583 2854 653 ipsum
2889 585 3108 639 omnino
3145 585 3276 639 deﬁ-

106 662 212 730 παρ’
280 660 618 726 Αἰγυπτίοις,
679 661 900 732 Ἕλλησι
957 662 1268 732 μεταδοῦναι
1326 667 1627 736 μυστήρια,

105 749 358 822 ἀισπεροῦν
383 753 475 805 καὶ
525 754 740 823 Κάδμον
767 754 834 807 τὰ
857 755 1132 809 Φοινικικὰ
1154 760 1264 821 τοῖς
1287 758 1466 822 αὐτοῖς
1492 760 1629 827 ἀγα-

102 846 199 912 γεῖν
227 843 355 914 μετά
378 844 470 896 καὶ
497 844 596 913 τῆς
620 846 726 899 τῶν
765 847 1104 917 γραμμάτων
1135 849 1418 921 μαθήσεως
1439 868 1450 880 ·
1480 849 1631 904 οὔπω

102 936 194 1006 γὰρ
226 937 380 988 είσέτι
411 937 535 999 τοὺς
564 937 826 1010 Ἕλληνας
861 939 979 992 τότε
1020 941 1117 1012 τὴν
1153 941 1260 994 τῶν
1291 943 1629 1014 γραμμάτων

103 1027 272 1097 χρῆσιν
299 1027 506 1080 είδέναι.
538 1028 734 1098 Πρῶτοι
757 1031 932 1082 τοίνυν
963 1031 1268 1102 σκεψόμεθα
1300 1033 1368 1087 τά
1393 1035 1489 1105 τῆς
1539 1051 1629 1086 κο-

111 1119 372 1186 σμογονίας
402 1120 499 1190 τῆς
527 1119 768 1192 πρώτης,
820 1122 965 1186 ὅπως
1003 1125 1050 1175 οί
1093 1123 1403 1194 δηλούμενοι
1433 1125 1628 1197 διειλή-

102 1225 242 1276 σασι·
275 1209 454 1264 ἔπειτα
493 1211 561 1263 τά
599 1213 726 1283 περὶ
763 1214 861 1284 τῆς
895 1213 1114 1285 πρώτης
1140 1217 1233 1269 καὶ
1265 1217 1626 1289 παλαιοτάτης

103 1300 179 1352 τοῦ
205 1300 302 1352 τῶν
328 1301 619 1372 ἀνθρώπων
648 1303 758 1373 βίου
797 1306 1241 1376 δεισιδαιμονίας·
1289 1309 1381 1362 καὶ
1425 1310 1622 1380 τρίτον,

101 1391 158 1443 τὰ
186 1392 448 1445 Φοινίκιον·
480 1393 758 1465 τέταρτον,
801 1395 868 1448 τά
895 1397 1218 1465 Αἰγυπτίων.
1257 1399 1390 1453 Μεθ’
1414 1400 1449 1454 ἃ
1481 1401 1620 1471 πέμ·-

103 1495 232 1542 πτον,
253 1482 321 1533 τὰ
357 1482 613 1554 Ἐλλήνων
640 1483 922 1551 διελόντες,
959 1486 1220 1557 πρότερον
1269 1489 1366 1560 μὲν
1400 1491 1499 1562 τὴν
1535 1492 1626 1544 καὶ

101 1571 278 1626 τούτων
308 1574 532 1628 παλαιὰν
575 1577 669 1629 καὶ
715 1578 1086 1651 μυθικωτέραν
1131 1581 1335 1653 πλάνην
1367 1583 1626 1636 ἐποπτεύ-

105 1682 270 1737 οομεν·
309 1665 420 1722 εἶτα
451 1670 506 1722 δὲ
531 1671 629 1743 τήν
663 1673 990 1745 σεμνοτέραν
1023 1675 1115 1727 καὶ
1151 1677 1520 1746 φυσικωτέραν
1560 1677 1622 1745 δὴ

102 1759 212 1826 περὶ
237 1758 364 1812 θεῶν
398 1761 708 1830 φιλοσοφίαν
729 1781 742 1793 ο
772 1766 863 1816 καὶ
890 1763 1025 1834 μετά
1053 1765 1222 1818 ταῦτα
1250 1767 1338 1818 τὸν
1370 1769 1492 1836 περὶ
1517 1767 1622 1818 τῶν

103 1847 398 1919 θαυμαστῶν
433 1855 772 1925 χρηστηρίων
797 1855 949 1923 λόγον
989 1857 1358 1928 ἐφοδεύσομεν·
1392 1859 1473 1926 ἐφ’
1521 1854 1620 1922 οἷς,

102 1943 180 1995 καὶ
199 1942 262 1995 τά
289 1945 452 2014 σεμνά
476 1946 575 2016 τῆς
599 1947 847 2017 γενναίας
885 1949 1146 2020 Ἑλλήνων
1177 1951 1485 2020 φιλοσοφίας
1511 1952 1627 2004 ὲπι-
1655 1928 1698 1982 Β

102 2033 398 2103 σκεψόμεθα.
430 2037 644 2091 Τούτων
669 2039 714 2091 δ’
746 2041 879 2109 ἡμῖν
913 2040 1409 2112 διευκρινηθέντων,
1443 2044 1533 2094 ἐπὶ
1557 2043 1635 2095 τὰ·

109 2121 344 2193 Ἐϐραίων
362 2127 793 2200 μεταϐησόμεθα,
811 2129 918 2183 τῶν
943 2131 1006 2202 δὴ
1028 2131 1253 2202 πρώτων
1286 2133 1379 2185 καὶ
1416 2133 1625 2203 άληθῶς

109 2213 360 2286 Ἐϐραίων,
399 2221 490 2272 καὶ
530 2220 665 2290 μετά
714 2219 883 2273 ταῦτα
918 2223 1017 2293 τὴν
1064 2223 1323 2276 Ἰουδαίων
1362 2223 1625 2294 λαχόντων

100 2311 452 2380 προσηγορίαν.
491 2312 610 2364 Ἐπὶ
628 2313 757 2365 πᾶσι
776 2311 831 2364 δὲ
859 2313 1085 2390 τούτοις,
1108 2314 1294 2385 ῶσπερ
1315 2316 1626 2384 ἐπισφραγι-

102 2414 194 2468 ctu
211 2400 310 2453 τῶν
335 2402 482 2466 ὅλων,
518 2403 802 2474 ἐποίσομεν
833 2404 899 2457 τά
921 2405 1178 2477 ἡμέτερα.
1219 2407 1548 2474 Ἀναγκαίως
1571 2406 1625 2459 δὲ

99 2492 180 2562 τῆς
203 2492 388 2546 τούτων
417 2495 664 2548 ἁπάντων
698 2496 1136 2568 μνημονεύσομεν
1163 2499 1415 2566 ἱστορίας,
1440 2497 1513 2560 ὡς
1560 2496 1625 2550 ἂν

99 2583 171 2636 διὰ
213 2585 301 2656 τῆς
342 2586 446 2639 τῶν
501 2587 803 2658 ἑκασταχοῦ
860 2589 1316 2661 τεθαυμασμένων
1376 2589 1614 2660 παραθέ-

101 2689 215 2737 σεως
243 2679 284 2728 δ’
317 2678 409 2748 τῆς
459 2677 712 2748 ἀληθείας
754 2679 973 2751 ἔλεγχος
1017 2682 1375 2752 ἀποδειχθείη,
1428 2680 1625 2734 ὁποίων

97 2780 145 2817 τε
168 2767 313 2835 ἡμεῖς
356 2770 685 2832 ἀποστάντες
707 2811 720 2835 ,
761 2771 857 2842 τὴν
886 2773 1076 2826 ὁποίαν
1116 2772 1362 2843 εἱλόμεθα
1397 2773 1624 2842 φανερὸν

97 2856 190 2918 τοῖς
223 2857 592 2928 ἐντυγχάνουσι
635 2861 861 2928 γένοιτο.
906 2861 1066 2915 Ἀλλά
1111 2862 1217 2932 γὰρ
1256 2861 1494 2930 ἐπίωμεν
1533 2862 1624 2912 ἐπὶ

96 2945 146 2998 τὺ
170 2947 385 3016 πρῶτον.
413 2951 582 3004 Πόθεν
606 2943 739 3022 δῆτα
761 2953 1140 3023 πιστωσόμεθα
1170 2952 1266 3015 τάς
1290 2951 1586 3015 ἀποδείξεις
1607 2969 1620 3015 ;

98 3038 145 3088 οὖ
177 3040 263 3107 μὲν
291 3041 350 3113 δὴ
388 3043 450 3096 ὲκ
478 3043 588 3097 τῶν
616 3046 743 3114 παρ’
767 3045 896 3114 ἡμῖν
931 3043 1266 3114 γραμμάτων
1286 3081 1300 3105 ,
1337 3042 1411 3104 ὡς
1441 3044 1504 3094 ἂν
1548 3043 1621 3113 μὴ

98 3127 310 3200 δοκοῖμεν
341 3135 705 3204 κεχαρισμένα
743 3137 997 3207 πράττειν
1042 3135 1118 3203 τῷ
1157 3133 1316 3204 λόγῳ·
1351 3134 1620 3204 μάρτυρες

99 3217 145 3273 δὲ
177 3222 441 3291 παρέστων
472 3227 605 3294 ήμῖν
652 3225 914 3297 Ἐλλήνων
952 3225 1128 3278 αὐτῶν
1161 3228 1214 3278 οἵ
1249 3242 1304 3277 τε
1349 3225 1444 3295 τὴν
1477 3225 1622 3294 φιλο-

100 3312 264 3378 σοψίαν
294 3314 598 3381 αὐχοῦντες,
632 3317 725 3370 καὶ
760 3316 859 3387 τὴν
913 3316 1074 3385 ἄλλην
1120 3317 1226 3371 τῶν
1272 3315 1440 3369 ἐθνῶν
1480 3318 1620 3368 ίστο-

101 3403 202 3472 ρίαν
233 3404 650 3476 διηρευνηκότες.
683 3409 884 3479 Γράφει
935 3410 1108 3462 τοίνυν
1141 3408 1342 3462 ἄνωθεν
1387 3408 1483 3478 τὴν
1517 3426 1621 3461 πα-

98 3491 228 3546 λαιὰν
259 3497 622 3568 ὑφηγούμενος
669 3497 940 3567 θεολογίαν
979 3500 1280 3567 Αἰγυπτίων
1311 3501 1339 3553 ό
1374 3500 1625 3553 Σικελιώ-

97 3599 180 3653 της
221 3587 491 3658 Διόδωρος,
543 3587 961 3658 γνωριμώτατος
1013 3589 1146 3661 ἀνὴρ
1200 3593 1309 3654 τοῖς
1363 3589 1624 3662 Ἑλλήνων

98 3672 424 3742 λογιωτάτοις,
466 3679 616 3732 ὼσάν
658 3680 760 3733 ὑπὸ
815 3682 940 3751 μίαν
986 3682 1327 3752 συναγηοχὼς
1367 3699 1622 3753 πραγμα-

100 3768 224 3821 τείαν
263 3770 470 3825 ἅπασαν
508 3771 604 3842 τὴν
637 3771 912 3843 ἱστορικὴν
952 3773 1368 3840 Βιϐλιοθήκην.
1430 3773 1516 3838 Ἐξ
1565 3767 1623 3827 οὗ

101 3859 178 3909 καὶ
221 3861 400 3930 πρῶτα
450 3863 852 3935 παραθήσομαι,
898 3863 932 3917 ἃ
986 3865 1245 3935 περὶτῆς
1289 3865 1380 3918 τοῦ
1429 3867 1622 3928 παντὸς

101 3954 420 4019 κοσμογονίας
459 3955 753 4025 ἀρχόμενος
780 3954 872 4007 τοῦ
909 3955 1064 4022 λόγου
1099 3957 1356 4024 διείληφε,
1382 3957 1478 4020 τὰς
1516 3957 1622 4010 τῶν

102 4041 315 4098 παλαιῶν
357 4047 578 4117 ἱστορῶν
615 4047 790 4114 δόξας,
823 4047 1004 4100 τοῦτον
1039 4048 1130 4100 τὸν
1158 4049 1374 4119 τρόπον.

1732 686 1898 745 geret,
1931 676 2142 747 vimque
2174 679 2368 733 mentis
2396 694 2607 733 omnem
2640 695 2818 734 rerum
2842 696 3048 746 earum,
3080 699 3197 752 qua:
3221 685 3274 736 in

1729 765 1821 819 illo
1851 775 2162 827 cernuntur,
2191 766 2386 820 ﬁnibus
2410 767 2736 821 terminaret.
2766 766 2955 823 Verum
2982 771 3276 836 enimvero,

1729 871 2066 926 nequaquam
2087 857 2173 910 hic
2191 858 2338 912 stetit
2362 872 2570 922 eorum,
2593 859 2684 924 qui
2712 869 2897 928 postea
2928 863 3096 916 secuti
3124 872 3252 918 sunt
3273 904 3277 910 .

1728 951 2007 1006 hominum
2038 950 2105 1006 de
2148 952 2489 1007 multitudine
2521 952 2742 1007 deorum
2775 967 2947 1018 error,
2984 955 3075 1010 sed
3111 953 3164 1009 in
3199 955 3277 1010 δια

1727 1051 1838 1097 tam
1888 1043 2247 1110 improbitatis
2275 1044 2585 1114 voraginem
2618 1055 2789 1108 actus,
2818 1045 3144 1114 impietatem
3185 1062 3280 1117 pe-

1727 1135 1867 1204 perit
1905 1135 2021 1205 ipso
2056 1150 2269 1204 quoque
2297 1144 2498 1206 negatae
2528 1135 2833 1191 Divinitatis
2855 1137 3052 1193 scelere
3071 1138 3281 1210 gravio-

1726 1241 1879 1292 rem;
1919 1235 2077 1295 atque
2122 1225 2284 1293 hujus
2324 1226 2521 1280 erroris
2559 1224 2839 1283 Phoenices
2872 1244 2934 1283 ac
2965 1232 3124 1299 paulo
3157 1238 3280 1300 pos:

1726 1316 1982 1388 Egyptii,
2017 1327 2260 1374 auctores
2303 1316 2470 1372 fuere.
2511 1317 2748 1372 Primum
2792 1320 2932 1375 enim
2978 1336 3043 1376 ex
3083 1321 3150 1376 iis
3177 1321 3276 1375 Or-

1724 1408 1920 1477 pheum
1944 1415 2241 1461 memorant
2270 1405 2461 1477 Hyagri
2497 1408 2600 1476 ιε
2623 1407 2787 1461 ﬁlium
2816 1410 3072 1465 translata
3095 1426 3277 1466 secum

1725 1496 2099 1568 Egyptiorum
2134 1498 2382 1567 mysteria
2411 1513 2531 1552 cum
2564 1497 2762 1553 Graecis
2794 1498 3101 1557 hominibus
3125 1517 3278 1557 com-

1723 1590 2060 1654 municasse;
2102 1587 2414 1643 Plimnicum
2455 1597 2632 1642 autent
2673 1589 2955 1660 religiones
2987 1593 3125 1662 apud
3156 1608 3276 1647 eos-

1724 1678 1843 1734 dem
1887 1695 1992 1733 una
2045 1695 2166 1733 cum
2221 1684 2456 1749 ipsarum
2510 1679 2808 1735 litterarum
2857 1683 3136 1752 disciplina
3174 1682 3277 1738 Ca-

1723 1767 1905 1823 dmum
1952 1769 2196 1824 intulisse
2225 1789 2236 1822 :
2267 1784 2363 1823 nec
2402 1768 2695 1824 litterarum
2725 1785 2790 1824 eo
2825 1771 3004 1828 adhuc
3039 1783 3277 1841 tempore

1728 1867 1909 1912 notum
1946 1857 2145 1912 Graecis
2196 1873 2353 1912 usum
2398 1856 2582 1913 fuisse.
2618 1857 2728 1914 Nos
2769 1860 2931 1930 igitur
2962 1860 3014 1913 in
3064 1862 3273 1929 primis,

1725 1966 1843 2020 quae
1863 1951 1925 2005 ad
1950 1951 2176 2020 primam
2197 1949 2342 2003 illam
2366 1951 2551 2004 mundi
2579 1951 3000 2020 procreationem
3027 1962 3272 2012 attinent,

1725 2057 1787 2096 eo
1815 2043 1969 2110 plane
1995 2041 2154 2095 modo
2183 2041 2568 2110 spectabimus,
2609 2056 2717 2111 quo
2743 2041 2942 2112 vulgati
2967 2041 3276 2111 laudatique

1726 2149 1754 2187 a
1783 2134 1938 2203 nobis
1967 2133 2256 2204 scriptores
2280 2133 2345 2188 de
2369 2133 2459 2187 illa
2496 2133 2842 2203 disputarunt
2870 2150 2885 2188 :
2919 2143 3030 2188 tum
3061 2149 3181 2203 quae
3210 2134 3275 2187 de

1723 2222 1962 2292 principe
1992 2239 2055 2278 ac
2089 2223 2450 2278 vetustisSima
2489 2225 2701 2293 generis
2756 2224 2981 2278 humani
3015 2223 3276 2294 supersti-

1726 2316 1870 2368 tione
1923 2315 2312 2382 prodiderunt:
2352 2315 2566 2369 tertium
2619 2329 2747 2369 vero
2798 2315 2976 2370 locum
3023 2314 3111 2376 iis,
3158 2329 3277 2384 quae

1725 2405 2026 2465 Plimnices,
2061 2415 2313 2472 quartum
2351 2405 2438 2468 iis,
2473 2421 2592 2475 quae
2630 2404 2866 2476 [Egyptil
2894 2406 3146 2470 docuere,
3181 2406 3276 2458 tri-

1723 2497 1978 2561 buemus;
1998 2495 2185 2564 quinto
2202 2503 2402 2560 autem,
2422 2511 2541 2564 qua:
2559 2494 2865 2550 Graecorum
2885 2497 3100 2565 propria
3127 2505 3272 2558 sunt,

1725 2585 1797 2638 ita
1829 2586 2153 2650 dividemus,
2179 2596 2236 2640 ut
2257 2585 2728 2656 primum-quidem
2761 2586 3002 2653 priscum
3025 2585 3184 2638 etiam
3206 2585 3274 2637 il-

1722 2676 1898 2730 lorum
1953 2676 2302 2745 pluribusque
2350 2674 2544 2729 fabulis
2594 2673 2926 2743 implicatum
2982 2686 3220 2726 errorem
3255 2711 3271 2734 ,

1723 2768 1914 2822 deinde
1953 2768 2112 2836 paulo
2143 2767 2439 2836 graviorem
2488 2765 2762 2835 magisque
2805 2764 2938 2818 adeo
2977 2777 3097 2816 eum
3130 2763 3276 2832 ipsa-

1723 2869 1833 2913 met
1889 2869 2080 2913 natura
2137 2858 2481 2926 conjunctam
2535 2853 2946 2925 philosophandi
3006 2854 3272 2908 rationem

1722 2952 2177 3020 contemplemur;
2212 2959 2322 3003 tum
2352 2963 2479 3002 vero
2507 2947 2572 3001 de
2612 2946 2840 3017 egregiis
2872 2947 3114 3015 ipsorum
3146 2960 3274 2999 ora-

1721 3043 1857 3096 culis
1916 3042 2328 3111 disputationem
2373 3055 2806 3110 persequamur:
2850 3039 2915 3092 ad
2968 3045 3268 3091 extremum

1722 3134 2041 3203 gravissima
2087 3147 2313 3201 quaeque
2372 3131 2640 3186 praeclarae
2700 3129 3009 3185 Graecorum
3041 3129 3276 3199 philoso-

1723 3222 1860 3290 phiae
1886 3231 2154 3273 momenta
2177 3220 2555 3288 ponderemus.
2586 3218 2701 3272 Jam
2733 3219 2821 3272 ubi
2853 3220 2964 3273 haec
2987 3219 3168 3273 omnia
3193 3219 3276 3272 di-

1727 3313 1949 3383 ligentcr
1980 3323 2030 3364 et
2056 3312 2330 3365 enucleate
2354 3310 2788 3374 discusserimus,
2825 3309 2891 3364 ad
2928 3308 3275 3364 llebrmorum

1726 3423 1827 3463 nos
1865 3408 2110 3478 dogmata
2158 3404 2516 3466 conferemus,
2540 3419 2727 3458 eorum
2762 3404 2979 3473 inquam
3022 3401 3278 3458 Hebraeo-

1727 3517 1870 3565 rum,
1917 3499 2007 3568 qui
2057 3499 2211 3568 primi
2260 3513 2322 3551 ac
2354 3512 2478 3552 vere
2511 3496 2613 3551 hoc
2643 3496 2859 3550 nomine
2895 3494 3274 3561 censebantur,

1728 3593 1928 3662 quique
1958 3591 2262 3645 Judznorum
2308 3588 2712 3658 appellationem
2749 3596 2932 3657 postea
2959 3587 3098 3641 nacti
3126 3595 3272 3640 sunt.

1726 3683 1932 3750 Quibus
1955 3682 2204 3736 omnibus
2229 3691 2533 3735 nostrorum
2565 3679 2793 3748 denique
2816 3679 3016 3732 rituum
3040 3677 3274 3746 explica-

1725 3777 1946 3840 tionem,
1979 3775 2055 3829 sic
2085 3784 2336 3842 tanquam
2371 3774 2602 3844 sigillum
2653 3770 2870 3839 aliquod
2911 3769 3270 3836 imponemus.

1725 3866 1988 3921 Caeterum
2025 3864 2091 3918 ad
2135 3866 2507 3932 perterrendam
2553 3865 2776 3919 istorum
2820 3859 3058 3914 omnium
3100 3857 3272 3910 histo-

1724 3959 1860 4012 riam
1895 3957 2210 4010 necessitate
2249 3957 2478 4024 quadam
2520 3955 2866 4015 adducimur;
2903 3959 2960 4004 ut
2985 3949 3051 4002 iis
3073 3948 3269 4016 qutein

1724 4046 1961 4116 qualibet
1981 4046 2236 4114 religione
2267 4045 2520 4114 primaria
2544 4043 2847 4112 eximiaque
2877 4039 3044 4095 videri
3073 4038 3268 4102 solent,

102 4131 145 4186 in
171 4139 391 4193 omnium
420 4141 539 4196 luce
566 4143 776 4210 positis,
804 4142 971 4211 ipsius
994 4142 1233 4197 veritatis
1295 4143 1431 4196 ratio
1462 4141 1658 4196 clarius
1694 4140 2017 4203 deprehendi
2063 4140 2369 4209 certiusque
2420 4140 2613 4209 possit,
2658 4137 2897 4205 adeoque
2938 4149 3096 4190 nemo
3164 4147 3273 4186 non

101 4228 346 4303 intelligat,
372 4237 463 4305 qui
506 4236 664 4290 modo
697 4236 863 4290 libros
892 4236 1300 4306 hoscelegerit,
1333 4237 1634 4306 cujusmodi
1673 4237 1778 4290 sint
1803 4251 1923 4289 cum
1945 4246 2030 4299 ea,
2054 4250 2174 4304 quae
2209 4234 2564 4300 deseruimus,
2605 4243 2714 4286 tum
2752 4233 2840 4286 illa
2867 4230 3082 4293 veritas,
3109 4241 3272 4296 quam

103 4325 244 4378 secuti
265 4342 464 4381 sumus.
492 4323 596 4380 Sed
626 4326 767 4380 enim
798 4326 862 4380 ad
895 4327 1124 4395 primum
1153 4335 1311 4396 caput
1333 4326 1620 4396 aliquando
1659 4325 1955 4379 veniamus.
1990 4323 2142 4378 Unde
2187 4333 2364 4379 autem
2389 4321 2902 4378 demonstrationum
2964 4327 3272 4370 nostrarum

103 4414 402 4470 ﬁrmamenta
429 4416 778 4485 repetemus?
807 4431 915 4469 non
979 4417 1162 4484 utique
1232 4417 1432 4470 nostris
1501 4431 1564 4469 ex
1593 4414 1802 4479 litteris,
1852 4430 1920 4469 ne
1959 4414 2217 4468 doctrinae
2246 4414 2385 4481 [huic
2433 4420 2626 4465 nostra:
2662 4407 2860 4463 servire
2930 4407 3176 4472 nimium,
3210 4422 3274 4461 ac

101 4506 330 4574 prolixius
378 4507 652 4578 indulgere
692 4507 990 4564 videamur.
1041 4508 1149 4563 Eos
1194 4524 1321 4578 ergo
1354 4509 1530 4578 potius
1557 4524 1622 4561 ex
1661 4505 1862 4561 Grecis
1890 4507 2018 4575 ipsis
2045 4515 2206 4558 testes
2230 4504 2610 4573 producamus,
2634 4502 2726 4571 qui
2787 4517 2895 4556 non
2952 4500 3112 4554 modo
3153 4501 3273 4566 phi-

103 4599 336 4672 losophia:
361 4604 579 4658 nomine
631 4605 947 4674 gloriantur.
1005 4606 1096 4662 sed
1143 4616 1302 4661 etiam
1343 4606 1434 4676 qui
1470 4615 1780 4660 exterarum
1830 4605 2068 4672 gentium
2136 4598 2388 4654 historias
2450 4596 2757 4669 diligentius
2823 4596 3165 4667 indagarunt.
3199 4591 3274 4645 Ac

103 4690 337 4750 Diodorus
377 4695 591 4764 quidem
651 4696 886 4762 Siculus,
925 4713 1008 4750 Vll’
1062 4697 1200 4767 apud
1242 4697 1438 4751 Graeca:
1505 4695 1822 4750 eruditionis
1879 4692 2143 4763 principes
2177 4690 2333 4760 longe
2389 4689 2727 4752 notissimus,
2757 4689 2953 4757 quippe
2977 4685 3067 4754 qui
3094 4697 3260 4737 unum

104 4785 147 4840 in
189 4804 368 4860 corpus
397 4789 774 4844 Bibliothecam
802 4790 1145 4846 historiarum
1190 4791 1498 4844 universam
1556 4788 1897 4859 coniuegerit,
1955 4786 2228 4854 antiquam
2260 4785 2629 4856 Egyptiorum
2659 4781 2974 4850 theologiam
3003 4780 3068 4833 ab
3128 4779 3273 4847 ipso-

103 4892 192 4935 met
229 4900 502 4941 arcessens
531 4884 704 4955 capite
759 4885 1120 4954 prosequitur.
1177 4883 1254 4937 Ex
1305 4899 1411 4952 quo
1452 4883 1623 4951 prima
1663 4893 1869 4937 tantum
1900 4880 1988 4934 illa
2020 4879 2322 4948 subjiciam,
2352 4895 2471 4950 qua:
2503 4879 2619 4946 ipso
2645 4876 2824 4930 statim
2884 4875 3060 4945 operis
3120 4874 3272 4927 initio

106 4984 313 5033 veterum
343 4979 636 5036 sententias
683 4993 1109 5035 commemorans
1157 4964 1221 5031 de
1264 4976 1452 5030 mundi
1496 4989 1617 5033 ortu
1657 4976 1800 5030 hunc
1834 4976 1888 5028 in
1915 4973 2135 5028 modum
2167 4974 2281 5045 ipse
2305 4972 2612 5045 disputavit.

161 5156 255 5228 (li)
302 5161 561 5230 ’Ta'mov.
601 5163 818 5217 Certum
850 5162 1059 5215 videtur
1116 5159 1319 5227 legend.
1367 5159 1618 5230 Οἰάγρου,

107 5229 166 5280 uti
194 5231 340 5304 habet
367 5228 531 5304 Merit.
567 5234 794 5304 υῖαγρος
823 5234 962 5286 enim
1003 5248 1112 5285 non
1145 5233 1400 5302 Ὕαγρος,
1425 5228 1620 5298 Orphei

109 5308 246 5366 pater.
282 5300 420 5355 Stat.
455 5302 612 5356 Tlteb.
643 5320 672 5357 ν
706 5300 719 5356 Ξ

713 5411 726 5424 .
772 5413 785 5426 .
829 5413 841 5424 .
874 5370 1136 5439 αἲασνίιιδ
1164 5369 1275 5422 illic

215 5441 436 5494 Acclivis
460 5440 596 5494 malo
626 5443 810 5496 mediis
838 5444 1121 5495 intersonat
1144 5441 1376 5508 Orpheus

219 5510 485 5577 Renriqiis.

113 5576 221 5653 Virg.
257 5599 304 5637 ιι·
334 5576 593 5650 Georgia,
623 5595 672 5634 ν.
706 5581 846 5635 5‘23:

2216 5195 2238 5210 .
2278 5199 2288 5210 .
2334 5195 2346 5206 .
2389 5163 2540 5222 caput
2572 5171 2602 5206 α
2632 5154 2821 5207 rcrrice
2855 5151 3109 5205 revulsum

1863 5229 2079 5299 Gurgite
2100 5247 2215 5284 cum
2245 5227 2410 5279 medio
2439 5236 2650 5292 portans
2678 5227 2935 5293 (Eugrius
2966 5222 3164 5272 Hebrus

1878 5300 2124 5354 Volneret.
2136 5344 2147 5354 .
2161 5340 2173 5352 .
2186 5340 2197 5352 .

1726 5371 2322 5445 Apollon._lvz_irq_nfl-f
2526 5436 2550 5445 _
2614 5439 2641 5445 Α
2726 5437 2748 5445 Α
2895 5431 2944 5445 ,Α
3038 5427 3091 5445 _.

1833 5444 1900 5496 Εί
1925 5441 2009 5510 μὴ
2034 5439 2121 5507 ἄρ’
2147 5431 2411 5505 Οἱὰςγκσιο
2440 5436 2577 5504 παῖς
2604 5437 2867 5505 Θρηΐκιος
2895 5431 3152 5500 Ὀρφεύς.

1796 5530 1844 5565 c.

1777 5522 1844 5567 lC.
