3980 6338
667 478 726 534 Si
1319 474 1590 532 EUSEBll
1627 475 2102 533 CEJSARIENSIS
2138 476 2285 534 OPP.
2322 478 2500 534 PARS
2520 479 2583 533 ll.
2626 509 2693 518 —
2729 477 3221 535 APOLOGETICA.
3826 480 3889 537 52

1194 596 1301 665 ιθ
1336 595 1562 651 CAPUT
1604 595 1716 652 vn.

668 704 978 779 Cujusmodi
1008 726 1072 763 επ
1117 720 1282 764 mente
1319 710 1621 835 armorum
1668 713 1850 765 mundi
1892 720 2038 765 ortus
2068 711 2229 781 fuisse

1380 792 1570 835 ιωιιιν.

1380 792 1570 835 tcatur.

743 892 763 924 ‹
800 872 873 927 De
908 875 1010 928 diis
1042 875 1226 945 igitur,
1282 891 1419 944 quas
1441 886 1494 930 et
1536 876 1839 945 cujusmodi
1876 878 2124 933 notiones
2154 878 2228 932 illi

586 1018 589 1021 .
667 968 865 1023 animis
899 969 1267 1030 informarint,
1301 968 1392 1037 qui
1444 969 1603 1037 primi
1634 970 1799 1023 divini
1840 970 2077 1025 numinis
2116 971 2229 1025 cul-

666 1073 779 1111 rum
826 1060 1072 1127 exemplo
1105 1076 1205 1112 suo
1245 1061 1498 1123 docuere,
1547 1077 1611 1115 ac
1653 1061 1719 1114 de
1761 1063 1988 1131 singulis
2038 1078 2229 1118 eorum

665 1147 863 1215 quibus
908 1148 1365 1201 immortalitatem
1438 1148 1634 1202 fabulae
1678 1150 2004 1215 tribuerunt,
2070 1152 2228 1205 dabi-

663 1249 788 1289 mus
811 1250 1052 1304 operam,
1078 1246 1138 1290 ut
1161 1238 1416 1306 quoniam
1442 1239 1545 1293 hoc
1563 1248 1939 1307 argumentum
1958 1240 2226 1309 ejusmodi

662 1336 766 1385 est.
795 1327 937 1395 quod
968 1327 1180 1395 longam
1212 1331 1511 1384 orationem
1545 1331 1833 1396 desideret,
1869 1349 1969 1387 suo
1998 1350 2239 1408 quaeque.

664 1418 781 1472 loco
799 1406 1273 1489 seorsimplurima
1300 1424 1740 1490 complectamur.
1757 1425 1912 1481 Nunc
1935 1444 2085 1493 vero,
2109 1445 2229 1497 qua:

661 1525 786 1563 cum
828 1512 892 1565 iis
940 1528 1076 1581 quas
1103 1528 1213 1581 prie
1246 1514 1495 1569 manibus
1519 1516 1799 1577 habemus.
1839 1519 2079 1574 historiis
2106 1536 2229 1575 con-

663 1611 921 1655 sentanea
953 1603 1109 1656 nobis
1142 1612 1197 1658 et
1223 1606 1573 1673 congruentia
1610 1609 1951 1675 videbuntur,
1989 1626 2229 1664 summa-

659 1692 758 1745 tim
795 1693 882 1747 hic
911 1709 970 1747 ea
1003 1694 1374 1762 sulijiciemus,
1404 1715 1471 1753 ne
1497 1700 1627 1769 quid
1654 1702 1896 1766 omnino,
1922 1702 2065 1771 quod
2088 1704 2225 1757 scitu

659 1782 883 1851 dignum
918 1785 1009 1846 sit,
1062 1788 1391 1854 requiratur.
1435 1790 1510 1845 Ac
1558 1792 1625 1845 de
1686 1794 1940 1847 universo
2008 1794 2224 1862 quidem

662 1872 942 1927 hominum
977 1882 1191 1944 genere,
1226 1880 1588 1950 omnibusque
1616 1882 1778 1936 rebus
1805 1898 1923 1951 qua:
1953 1884 2006 1935 in
2037 1885 2225 1952 mgni-

660 1963 732 2015 tis
786 1964 934 2017 orbis
978 1943 1243 2019 terrarum
1287 1943 1535 2036 partibus
1574 1982 1739 2039 gestae
1780 1943 1925 2034 sunt,
1972 1943 2133 2042 quam
2170 1976 2223 2027 in
2256 1943 2298 1997 Β

662 2064 808 2107 tanta
857 2064 1127 2111 vetustate
1167 2058 1285 2112 ﬁeri
1329 2062 1741 2115 accuratissime
1781 2064 1997 2131 poterit,
2038 2080 2225 2119 narra-

660 2146 863 2199 tionem
900 2148 1267 2215 instituemus,
1322 2167 1549 2222 eamque
1591 2154 1659 2207 ab
1687 2156 1873 2207 ultima
1904 2156 2222 2210 saeculorum

659 2239 922 2290 memoria
947 2250 1270 2307 repetemus.
1297 2243 1465 2311 Igitur
1490 2244 1555 2297 de
1578 2245 1751 2311 primo
1777 2245 2055 2299 hominum
2078 2257 2223 2311 ortu,

658 2326 802 2393 apud
839 2330 1185 2395 :Pquissimos
1220 2346 1283 2383 ac
1325 2333 1739 2399 probatissimos
1771 2349 1951 2387 rerum
2000 2345 2225 2388 natura-

659 2418 789 2471 lium
835 2418 1297 2491 historiarumque
1333 2424 1657 2494 scriptorcs,
1694 2428 1972 2481 sententia:
2006 2428 2226 2483 fuerunt

658 2510 883 2563 omnino
934 2512 1073 2566 duae.
1128 2510 1233 2577 Qui
1284 2514 1427 2568 enim
1478 2515 1647 2568 exiis
1689 2529 1789 2569 nec
1826 2517 2013 2569 mundi
2043 2525 2223 2571 ortum

660 2602 829 2655 ullum
876 2602 1063 2669 fuisse,
1110 2620 1210 2658 nec
1243 2605 1521 2659 interitum
1569 2606 1815 2660 futurum
1864 2623 1985 2662 esse
2030 2624 2225 2676 posue-

658 2700 806 2755 runt,
844 2693 875 2745 ii
907 2694 1293 2761 sempiternum
1327 2710 1542 2763 quoque
1574 2711 1743 2766 genus
1768 2698 2045 2751 hominum
2078 2714 2221 2761 esse,

658 2796 759 2834 nec
783 2781 889 2835 ullo
914 2798 1149 2851 unquam
1171 2792 1409 2853 tempore
1432 2786 1645 2839 illorum
1666 2791 2089 2856 procreationem
2113 2805 2224 2843 cus-

656 2872 801 2941 pissc
826 2874 1132 2928 voluerunt.
1162 2874 1265 2940 Qui
1288 2892 1415 2930 vero
1442 2888 1755 2946 generatum
1787 2881 2036 2933 eumdem
2062 2892 2224 2949 atque

657 2980 984 3019 occasurum
1019 2978 1363 3035 putaverunt,
1404 2969 1439 3021 ii
1470 2970 1688 3037 perinde
1710 2979 1868 3039 atque
1904 2971 2094 3040 ipsius,
2126 2971 2223 3023 ho-

660 3060 869 3115 minnm
906 3060 1067 3113 etiam
1111 3062 1510 3129 generationem
1542 3071 1689 3115 certo
1717 3064 1947 3130 quodam
1984 3072 2223 3131 tempore

656 3152 979 3219 principium
1010 3153 1260 3206 habuisse
1287 3151 1660 3206 defenderunt.
1680 3154 1887 3223 Quippe
1908 3171 2030 3209 cum
2059 3154 2222 3223 hujus

656 3246 890 3311 prinmm
925 3246 1161 3299 universi
1187 3248 1581 3315 coagmentatio
1607 3249 1776 3313 ﬁeret,
1797 3264 1957 3301 unam
1983 3249 2218 3317 aliquam
2250 3272 2292 3327 ο

657 3336 778 3387 cmli
827 3346 880 3388 et
924 3346 1079 3389 terrae
1123 3352 1187 3389 ex
1229 3339 1486 3405 permista
1540 3338 1876 3407 confusaque
1936 3339 2223 3392 amborum

658 3434 851 3477 natura
885 3425 1114 3479 formam
1145 3428 1415 3482 exstitisse
1442 3428 1669 3494 ;deinde
1713 3444 1842 3482 vero
1872 3429 2035 3481 simul
2064 3437 2226 3496 atque

658 3530 947 3585 ecrporum
980 3518 1257 3572 distinctio
1280 3518 1662 3584 successisset,
1682 3522 1942 3575 continuo
1959 3520 2223 3574 mundum

658 3609 897 3679 quidem,
936 3617 1105 3663 totum
1155 3612 1322 3677 hunc,
1360 3628 1521 3681 quem
1563 3612 1829 3676 videmus,
1858 3612 2092 3681 partium
2128 3628 2222 3665 or-

657 3702 838 3754 dinem
870 3703 1163 3771 accepisse,
1197 3717 1375 3757 aerem
1417 3721 1545 3759 vero
1580 3706 1875 3759 continenti
1918 3716 2068 3761 motu
2104 3706 2221 3776 agi-

657 3794 759 3846 tari
790 3795 1044 3863 coepisse;
1085 3794 1158 3849 ita
1205 3805 1383 3849 tamen
1417 3804 1474 3849 ut
1505 3812 1631 3865 pars
1670 3798 1788 3865 ejus
1828 3799 1981 3865 ignea
2028 3813 2219 3867 supre-

657 3899 801 3937 mam
828 3886 882 3936 in
910 3886 1181 3952 regionem
1218 3886 1474 3951 evolaret,
1508 3886 1652 3955 quod
1687 3888 1856 3955 ipsius
1886 3896 2076 3941 matura
2103 3904 2218 3942 sur—

655 3988 775 4025 sum
842 3974 1079 4043 ingenita
1136 3976 1353 4031 levitate
1411 3976 1643 4031 ferretur
1713 3978 1895 4047 (atque
1936 3978 2076 4032 hanc
2098 3994 2218 4033 esse

653 4078 898 4127 causam,
936 4054 1289 4132 quamobrem
1335 4069 1415 4121 sol
1456 4067 1572 4137 ipse
1612 4084 1677 4123 ac
1730 4070 1936 4139 reliqua
1976 4071 2214 4124 siderum

652 4155 947 4209 multitudo
984 4155 1373 4211 incitatissima:
1401 4160 1868 4215 circumvectionis
1891 4162 2091 4230 impetu
2123 4177 2215 4214 ra-

651 4250 924 4319 piantur);
949 4250 1092 4318 quod
1123 4258 1302 4303 autem
1328 4265 1606 4305 caenosum
1631 4266 1694 4303 ac
1718 4252 1988 4305 turbidum
2010 4260 2142 4317 erat,
2160 4253 2211 4307 id

652 4355 718 4393 ex
744 4339 951 4394 humidi
985 4341 1367 4410 conjunctione
1393 4350 1729 4405 concretum,
1762 4358 1928 4394 unum
1954 4342 2007 4394 in
2033 4342 2212 4397 locum

650 4431 723 4487 ob
748 4430 968 4485 insitam
999 4433 1316 4501 gravitatem
1356 4432 1681 4488 subsideret.
1730 4432 1863 4485 Illud
1892 4447 2055 4501 porro
2085 4447 2208 4487 cum

650 4523 705 4577 in
739 4536 798 4577 se
840 4522 1015 4590 ipsum
1060 4531 1315 4589 perpetua
1374 4524 1726 4579 conversione
1764 4525 2087 4589 volveretur,
2144 4538 2211 4578 ex

2886 599 3276 652 ΚΕΦΑΛΑΙΟΝ
3299 602 3367 653 Ζ’.

2327 711 2476 764 Ποία
2511 728 2599 775 τις
2635 705 2786 764 εἶναι
2818 710 3052 781 λέγεται
3097 712 3147 833 ﬁl
3175 713 3300 767 καθ’
3332 713 3631 781 Ἓλληνας
3675 730 3894 785 κοσμο-

3014 798 3123 833 φον
3148 798 3205 833 a.

3014 798 3205 849 τον-ια.

2399 869 2510 942 (12)
2550 889 2569 923 ι
2626 871 2761 942 Περὶ
2796 872 2893 941 μὲν
2923 866 3014 924 οὖν
3047 871 3181 923 θεῶν
3219 872 3369 934 τίνας
3399 874 3607 936 ἐννοίας
3654 872 3816 943 ἔσχον
3844 877 3888 927 οἱ

2328 964 2535 1034 πρῶτοι
2578 964 2987 1031 καταδείξαντες
3021 966 3186 1036 τιμᾷν
3212 966 3273 1018 τὸ
3299 968 3465 1031 Θξῖον,
3495 967 3587 1018 καὶ
3619 966 3757 1035 περὶ
3789 965 3895 1017 τῶν

2330 1054 2806 1125 μυθολογουμένων
2863 1055 3091 1107 ἑκάστου
3146 1054 3254 1108 τῶν
3306 1054 3607 1120 ἀθανάτων,
3666 1055 3740 1106 τά
3802 1054 3892 1123 μὲν

2329 1145 2495 1198 πολλὰ
2537 1145 2894 1210 συντάξασθαι
2928 1145 3301 1216 πειρασόμεθα
3344 1148 3462 1197 κατ’
3501 1145 3657 1206 ἰδίαν,
3712 1144 3805 1196 διὰ
3838 1144 3895 1197 τὸ

2326 1237 2423 1307 τὴν
2455 1236 2706 1288 ὑπόθεσιν
2731 1236 2933 1305 ταύτην
2965 1236 3155 1289 πολλοῦ
3188 1237 3345 1305 λόγου
3378 1236 3731 1307 προσδεῖσθαι
3753 1253 3767 1265 ·
3798 1238 3893 1288 ὅσα

2326 1325 2371 1377 δ’
2416 1324 2483 1377 ἂν
2520 1326 2639 1387 ταῖς
2683 1325 3065 1407 προκειμέναις
3106 1326 3365 1397 ἱστορίαις
3411 1326 3621 1379 ὲοικότα
3652 1326 3894 1395 δόξωμεν

2329 1418 2612 1486 ὑπάρχειν,
2662 1418 3045 1489 παραθήσομεν
3096 1420 3153 1471 ὲν
3210 1418 3539 1487 κεφαλαίοις,
3592 1420 3679 1471 ἵνα
3729 1418 3893 1488 μηδὲν

2326 1507 2432 1557 τῶν
2472 1507 2639 1576 ἀκοῆς
2671 1506 2835 1571 ἀξίων
2884 1508 3229 1579 ἐπιζητῆται.
3288 1510 3421 1579 Περὶ
3453 1510 3510 1562 δὲ
3557 1511 3648 1563 τοῦ
3700 1510 3893 1577 γένους

2326 1598 2433 1651 τῶν
2473 1598 2726 1652 ἁπάντων
2768 1598 3085 1671 ἀνθρώπων,
3137 1601 3229 1653 καὶ
3274 1601 3382 1653 τῶν
3434 1603 3799 1673 πραχθέντων
3838 1605 3893 1654 ὲν

2324 1693 2435 1753 τοῖς
2469 1690 2889 1761 γνωριζομένοις
2941 1693 3130 1763 μέρεσι
3176 1695 3275 1763 τῆς
3317 1696 3658 1765 οἰκουμένης,
3707 1696 3789 1757 ὡς
3830 1694 3892 1749 ἂν

2327 1781 2599 1851 ἐνδέχηται
2635 1784 2760 1852 περὶ
2784 1785 2891 1837 τῶν
2918 1784 3058 1836 οὕτω
3082 1784 3343 1849 παλαιῶν,
3372 1785 3611 1855 ἀκριϐῶς
3644 1787 3894 1857 ἀναγρά-

2324 1871 2516 1941 ψομεν,
2541 1872 2646 1923 ἀπὸ
2668 1872 2771 1923 τῶν
2794 1874 3160 1943 ἀρχαιοτάτων
3188 1875 3392 1946 χρόνων
3409 1875 3727 1947 ἀρξάμενοι.
3759 1878 3892 1945 Περὶ¹

2325 1964 2421 2026 τῆς
2468 1962 2687 2034 πρώτης
2720 1966 2893 2018 τοίνυν
2927 1968 3188 2034 γενέσεως
3222 1966 3327 2020 τῶν
3376 1967 3677 2040 ἀνθρώπων
3715 1968 3892 2022 διτταὶ

2326 2054 2607 2121 γεγόνασιν
2641 2057 2969 2123 ἀποφάνσεις
3002 2057 3110 2128 (15)
3151 2058 3300 2128 παρά
3332 2061 3444 2120 τοῖς
3489 2059 3894 2128 νομιμωτάτοις

2323 2144 2430 2197 τῶν
2479 2162 2537 2196 τε
2570 2146 2898 2213 φυσιολόγων
2932 2150 3025 2200 καὶ
3054 2149 3162 2200 τῶν
3197 2149 3501 2220 ἱστορικῶν.
3545 2152 3606 2202 Ol
3645 2150 3750 2219 μὲν
3787 2150 3894 2219 γὰρ

2324 2236 2524 2300 αὐτῶν,
2570 2239 2829 2307 ἀγένητον
2874 2241 2967 2293 καὶ
3005 2240 3275 2313 ἄφθαρτον
3322 2242 3763 2311 ὑποστησάμενοι
3802 2241 3893 2293 τὸν

2325 2330 2543 2398 κόσμον,
2579 2333 2924 2402 ἀπεφήναντο
2962 2334 3056 2385 καὶ
3082 2334 3144 2385 τὸ
3173 2334 3327 2401 γένος
3360 2332 3468 2386 τῶν
3494 2332 3806 2404 ἀνθρώπων
3832 2331 3891 2395 ἐξ

2323 2420 2519 2482 αἰῶνος
2570 2422 2853 2493 ὑπάρχειν,
2904 2424 3167 2494 μηδέποτε
3210 2425 3307 2494 τῆς
3353 2425 3533 2477 αὐτῶν
3570 2423 3892 2486 τεκνώσεως

2323 2512 2495 2582 ἀρχὴν
2528 2514 2838 2583 ἐσχηκυίας.
2875 2516 2938 2566 υἱ
2974 2516 3051 2578 δὲ,
3087 2516 3307 2585 γενητὸν
3334 2518 3425 2569 καὶ
3466 2516 3746 2586 ἄφθαρτον
3781 2516 3891 2586 (Η)

2324 2598 2462 2655 εἶναι
2504 2605 2841 2673 νομίσαντες,
2875 2606 3077 2675 ἔφησαν
3117 2608 3313 2675 ὁμοίως
3347 2609 3572 2671 ἐκείνοις
3608 2610 3721 2680 (l5)
3767 2611 3892 2671 τοὺς

2324 2693 2640 2763 ἀνθρώπους
2672 2699 2851 2764 τυχεῖν
2883 2696 2981 2765 τῆς
3016 2697 3234 2767 πρώτης
3272 2698 3535 2764 γενέσεως
3560 2700 3891 2771 ὡρισμένοις

2325 2787 2554 2857 χρόνοις.
2582 2787 2740 2839 Κατά
2765 2788 2872 2859 γὰρ
2896 2789 2993 2859 τὴν
3019 2787 3079 2852 ἐξ
3107 2789 3278 2859 ἀρχῆς
3298 2789 3405 2843 τῶν
3436 2790 3570 2843 ὅλων
3605 2792 3889 2857 σύστασιν,

2326 2879 2456 2947 μίαν
2501 2879 2643 2947 ἔχειν
2690 2880 2831 2933 ἰδέαν
2863 2882 3089 2951 οὐρανόν
3138 2899 3199 2933 τε
3234 2882 3342 2945 καὶ,
3368 2882 3490 2951 γῆν,
3541 2886 3891 2956 μεμιγμένης

2323 2972 2500 3024 αὐτῶν
2529 2973 2628 3041 τῆς
2677 2973 2909 3041 φύσεως·
2950 2974 3085 3043 μετὰ
3123 2974 3179 3026 δὲ
3210 2973 3379 3025 ταῦτα
3419 2974 3755 3029 διαστάντων
3782 2976 3889 3027 τῶν

2324 3063 2590 3132 σωμάτων
2620 3063 2713 3115 ἀπ’
2759 3062 3021 3133 ἀλλήλων,
3053 3064 3143 3114 τὸν
3186 3062 3283 3131 μὲν
3331 3062 3530 3133 κόσμον
3574 3064 3893 3134 περιλαϐεῖν

2324 3154 2539 3207 ἃπασαν
2566 3154 2663 3224 τὴν
2693 3153 2976 3224 ὁρωμένην
3004 3154 3061 3205 ὲν
3085 3153 3232 3222 αὐτῷ
3261 3152 3528 3219 σύνταξιν,
3556 3156 3643 3207 τὸν
3672 3155 3722 3215 δέ
3748 3155 3890 3223 ἀέρα

2325 3247 2585 3315 κινήσεως
2614 3246 2795 3313 τυχεῖν
2826 3244 3096 3313 συνεχοῦς.
3134 3246 3240 3298 Καὶ
3269 3245 3328 3297 τὸ
3375 3247 3471 3315 μὲν
3503 3246 3752 3318 πυρῶδες
3790 3249 3888 3298 αὑ-

2328 3335 2424 3389 τοῦ
2455 3336 2587 3405 πρὸς
2611 3337 2735 3398 τοὺς
2764 3336 3193 3406 μετεωροτάτους
3218 3337 3411 3399 τόπους
3436 3337 3886 3408 συναναδραμεῖν,

2330 3424 2639 3496 ἀνωφεροῦς
2672 3425 2836 3495 οὔσης
2860 3427 2955 3494 τῆς
2984 3426 3234 3495 τοιαύτης
3276 3427 3486 3495 φύσεως
3517 3427 3603 3479 διὰ
3633 3429 3733 3495 τὴν
3766 3444 3891 3480 κου-

2331 3515 2565 3586 φότητα·
2596 3514 2687 3581 ἀφ’
2719 3509 2787 3583 ἧς
2816 3515 2991 3577 αἰτίας
3015 3514 3104 3567 τὸν
3145 3516 3240 3584 μὲν
3271 3514 3441 3583 ἥλιον,
3477 3516 3569 3567 καὶ
3600 3514 3659 3565 τὸ
3699 3514 3888 3565 λοιπὸν

2330 3608 2529 3677 πλῆθος
2567 3609 2675 3661 τῶν
2715 3609 2925 3677 ἄστρων
2965 3607 3399 3677 ἐναποληφθῆναι
3442 3609 3505 3676 τῇ
3550 3606 3698 3676 πάσῃ
3740 3605 3886 3673 δίνῃ³

2325 3696 2387 3749 τὸ
2417 3697 2474 3749 δὲ
2508 3697 2724 3759 ἰλυῶδες
2748 3698 2840 3750 καὶ
2869 3696 3082 3767 θολερὸν
3115 3697 3251 3767 μετὰ
3276 3696 3373 3764 τῆς
3400 3694 3505 3746 τῶν
3536 3693 3715 3763 ὑγρῶν
3752 3710 3887 3761 συγ-

2326 3788 2557 3858 κρίσεως
2592 3790 2683 3840 ἐπὶ
2721 3788 2882 3840 ταὺτὸ
2921 3787 3249 3855 καταστῆναι
3282 3784 3367 3835 διὰ
3399 3783 3458 3835 τὸ
3488 3783 3665 3851 βέιρος⁸
3704 3782 3885 3835 εἰλού-

2328 3900 2486 3954 μενον
2532 3884 2575 3935 δ’
2619 3887 2677 3937 ὲν
2721 3882 2894 3953 ἐαυτῷ
2926 3885 3019 3935 καί
3057 3880 3485 3951 συστρεφόμενον
3518 3878 3779 3947 συνεχῶς,
3823 3878 3887 3931 ὲκ

2327 3978 2423 4047 μὲν
2452 3975 2557 4029 τῶν
2585 3977 2784 4048 ὑγρῶν,
2811 3976 2908 4047 τὴν
2939 3976 3209 4029 θάλασσαν
3231 3989 3244 4001 ·
3274 3975 3336 4024 ὲκ
3357 3971 3411 4023 δὲ
3435 3968 3541 4021 τῶν
3570 3987 3884 4039 στερεμνωι

2322 4070 2494 4140 τέρων
2530 4048 2747 4138 ποιῆσαι
2772 4070 2869 4138 τὴν
2900 4069 3023 4137 γῆν,
3051 4065 3290 4135 πηλώδη,
3319 4066 3410 4115 καὶ
3436 4061 3709 4125 παντελῶς
3742 4063 3886 4113 ἁπα-

2321 4162 2436 4232 λήν.
2471 4150 2681 4233 Ταύτην
2711 4163 2785 4224 δὲ,
2822 4160 2882 4212 τὸ
2913 4161 3008 4230 μὲν
3044 4158 3255 4228 πρῶτον
3298 4156 3390 4208 τοῦ
3431 4155 3558 4223 περὶ
3594 4155 3684 4207 τὸν
3730 4154 3883 4226 ἥλιον

2321 4254 2489 4323 πυρὸς
2518 4252 2982 4322 καταλάμψαντος,
3020 4246 3178 4319 πῆξιν
3216 4247 3415 4301 λαϐεῖν·
3449 4246 3634 4303 ἔπειτα
3666 4246 3760 4300 διὰ
3785 4247 3882 4316 τὴν

2320 4344 2617 4414 θέρμασίαν
2659 4343 3025 4411 ἀναζεομένης
3055 4340 3165 4411 (16)
3190 4340 3288 4408 τῆς
3318 4340 3651 4408 ἐπιφανείας,
3696 4356 3879 4391 συνοι-

2317 4437 2475 4506 δῆσαί
2516 4453 2635 4490 τινα
2668 4436 2773 4491 τῶν
2805 4434 2985 4506 ὑγρῶν
3019 4433 3157 4486 κατὰ
3185 4433 3409 4495 πολλοὺς
3443 4433 3633 4496 τόπους
3659 4434 3756 4487 καὶ
3785 4450 3879 4501 γε-

2317 4528 2499 4580 νέσθαι
2516 4528 2639 4597 περὶ
2660 4527 2795 4581 αὑτά
2824 4524 3115 4594 σηπεδόνας
3140 4524 3297 4593 ὑμέσι
3322 4524 3534 4588 λεπτοῖς
3556 4526 3879 4595 περιεχομέ-

652 4614 892 4669 humidis
928 4612 1025 4695 sui
1073 4612 1316 4681 partibus
1362 4629 1541 4680 mare,
1590 4616 1698 4685 20
1748 4632 1814 4669 ex
1862 4615 2213 4671 solidioribus

2322 4636 2431 4683 νας.
2467 4620 2637 4689 Ὅπερ
2680 4617 2822 4672 ἔστιν
2867 4617 3098 4671 ὲν·ἒλεσι
3132 4617 3226 4670 καὶ
3262 4618 3373 4679 τοῖς
3413 4598 3727 4686 λιμνάζουσι
3768 4616 3875 4669 τῶν

649 4719 780 4758 vero
802 4714 1000 4759 terram
1020 4705 1255 4760 lutosam
1280 4702 1680 4775 admodumque
1697 4717 1936 4764 teneram
1967 4708 2217 4763 mollem-

649 4810 757 4864 que
786 4810 1098 4864 procreasse
1132 4815 1145 4849 :
1183 4811 1302 4866 quae
1350 4796 1617 4864 principio
1648 4798 1863 4866 quidem
1894 4800 2051 4869 igneo
2080 4799 2212 4854 solis

651 4891 962 4947 irradiantis
992 4894 1170 4948 amata
1214 4904 1495 4964 compacta
1530 4893 1731 4948 sensim
1769 4910 1833 4951 ac
1858 4898 2053 4966 stipata
2082 4912 2213 4952 con-

650 4983 877 5049 stiterit;
919 4983 1130 5045 deinde,
1160 5002 1282 5040 cum
1328 4987 1530 5041 extima
1562 4986 1876 5053 superﬁcies
1921 4989 1975 5041 vi
2013 4990 2209 5046 caloris

648 5074 1039 5140 etIervcsceret,
1065 5085 1245 5143 partes
1270 5077 1387 5143 ejus
1410 5076 1657 5147 quadam
1687 5076 2021 5132 humidiores
2045 5080 2209 5134 variis

652 5166 880 5221 subinde
907 5166 1042 5221 locis
1082 5167 1458 5234 intumuerint,
1492 5170 1691 5240 quibas
1722 5168 1928 5224 inclusa
1955 5171 2210 5226 materies

650 5259 885 5327 putrida,
924 5260 1365 5330 membranisque
1403 5264 1739 5320 tenuissimis
1777 5262 2019 5317 involuta
2064 5262 2211 5319 fove-

647 5359 794 5403 retur
832 5370 844 5404 :
892 5353 942 5406 id
986 5352 1129 5421 quod
1167 5353 1220 5405 in
1264 5354 1467 5423 stagnis
1503 5356 1822 5421 etiamnum,
1851 5355 2091 5423 locisque
2114 5370 2210 5424 pa-

648 5438 907 5497 lustribus
942 5444 1057 5498 tieri
1100 5443 1366 5511 videmus,
1410 5445 1458 5501 si
1483 5448 1702 5516 quando
1738 5456 2092 5517 posteaquam
2118 5463 2209 5501 so-

720 5594 833 5678 (1.2)
860 5596 1042 5678 ⁵Ιιοςιιε
1094 5609 1273 5657 exstat
1322 5600 1463 5671 apud
1511 5600 1733 5657 Diodor.
1763 5603 1800 5657 l.
1832 5619 1871 5669 ι,
1900 5618 1955 5671 p.
1988 5600 2023 5657 6
2056 5616 2207 5655 nova:

646 5664 1280 5872 ωὲῗῖῗίηῗίποφόνσεις.
1320 5740 1502 5803 Diod.,
1537 5741 1855 5810 άτωφάσεις.

746 5806 826 5872 14)
872 5810 1214 5872 Ἀφθιιρτον.
1257 5812 1411 5865 Diod.
1447 5811 1699 5872 φθαρτόν,
1718 5824 1855 5869 recte

866 5806 1214 5881 ξΑφθιιρτον.
1236 5806 1411 5865 Ὧὶοά.
1447 5806 1699 5881 φθαρτόν,
1718 5806 1886 5869 recte.

712 5876 825 5949 (l5)
865 5876 1169 5950 Lt'grndum
1226 5876 1704 5954 videtur'ixéivgu,
1761 5900 1954 5955 nempe
2000 5883 2076 5957 τῷ
2114 5883 2202 5939 κό-

2314 4712 2494 4764 τὸπων
2533 4709 2612 4762 ἔτι
2653 4709 2744 4763 καὶ
2787 4708 2881 4762 νῦν
2912 4708 3137 4779 ὁρᾶσθαι
3178 4709 3474 4779 γινόμενον,
3524 4706 3743 4760 ἐπειδὰν
3777 4708 3875 4776 τῆς

2313 4802 2494 4874 χώρας
2545 4801 2959 4871 κατεψυγμένης
3000 4801 3153 4870 ἄφνω
3197 4801 3455 4869 διάπυρος
3492 4799 3598 4869 ἀὴρ
3629 4797 3873 4869 γένηται,

2316 4898 2388 4967 μὴ
2423 4895 2600 4949 λαϐὼν
2637 4894 2734 4965 τὴν
2772 4893 3068 4965 μεταϐολὴν
3108 4896 3173 4947 ὲκ
3216 4893 3308 4947 τοῦ
3345 4894 3464 4945 κατ’
3498 4890 3690 4957 ὀλίγον.
3725 4892 3871 4945 Ζωο-

2310 4988 2647 5059 γονουμένων
2693 4987 2749 5039 δὲ
2799 4986 2906 5038 τῶν
2953 4985 3133 5054 ὑγρῶν
3175 4984 3261 5037 διὰ
3304 4984 3401 5053 τῆς
3444 4982 3745 5053 θερμασίας
3781 4985 3873 5037 τὸν

2311 5080 2595 5150 εἰρημένον
2616 5079 2836 5149 τρόπον,
2868 5074 2967 5137 τὰς
2994 5074 3088 5143 μὲν
3127 5074 3327 5137 νύκτας
3354 5073 3645 5143 λαμϐάνειν
3670 5076 3870 5129 αὐτίκα

2310 5176 2407 5243 τὴν
2439 5174 2641 5245 τροφὴν
2683 5174 2748 5223 ὲκ
2787 5171 2883 5239 τῆς
2922 5168 3223 5238 πιπτούσης
3266 5169 3373 5223 ἀπὸ
3398 5170 3491 5224 τοῦ
3522 5172 3870 5243 περιέχοντος

2309 5264 2564 5333 ὁμίχλης’
2599 5262 2696 5324 τὰς
2733 5260 2777 5312 δ’
2810 5260 3021 5331 ἡμέρας
3050 5259 3153 5311 ὑπὸ
3182 5260 3273 5313 τοῦ
3299 5261 3574 5333 καύματος
3613 5261 3866 5332 στερεοῦ-

2312 5356 2452 5408 σθαι.
2477 5355 2551 5407 Τὸ
2575 5354 2631 5407 δὲ
2657 5352 2898 5423 ἔσχατον,
2926 5351 3033 5405 τῶν
3059 5355 3509 5425 κυοφορουμένων
3532 5356 3629 5425 τὴν
3654 5352 3867 5411 τελείαν

2310 5444 2533 5517 αῠξησιν
2563 5444 2960 5516 λαμϐανόντων,
2985 5446 3201 5501 καὶτῶν
3227 5446 3438 5518 ὑμένων
3467 5445 3863 5501 διακαυθέντων

2309 5641 2488 5765 σμῗίἱῖ)
2541 5695 2965 5769 Ἁναζεομέν-ης.
3008 5693 3159 5749 Diod.
3185 5703 3237 5749 et
3265 5692 3453 5769 Mont.,
3488 5685 3862 5769 ἀναζυμουμέ-

2306 5784 2423 5835 νης.
2475 5768 2618 5837 quod
2669 5776 2753 5824 est
2801 5767 3163 5835 fermentatam
3201 5765 3351 5836 quasi
3391 5765 3859 5814 manantium“-

2308 5854 2467 5893 scere.
