4028 6332
75 417 152 471 53

1256 428 1579 484 PREPAR.
1621 430 1871 486 EVANG.
1911 432 2037 487 LIB.
2082 434 2118 488 I.

3223 450 3294 498 53

74 552 136 586 τε
174 535 280 590 καὶ
319 541 774 611 περιρραγέντων,
807 545 1106 614 ἀναφυῆναι
1140 547 1504 609 παντοδαποὺς
1549 549 1622 599 τύι

1715 602 1718 610 λ
1749 551 1854 603 lum
1892 550 2177 614 refrixerit,
2207 562 2337 607 testu
2371 557 2648 622 repentino
2678 572 2769 610 aer
2791 559 3092 621 incalescat,
3121 577 3291 631 neque

80 644 221 692 πους
251 629 422 694 ζώων.
462 633 674 685 Τούτων
717 634 772 686 δὲ
819 635 886 687 τὰ.
924 638 1018 706 μὲν
1054 637 1308 707 πλείστης
1347 638 1642 707 θερμασίας

79 723 538 790 κεκοινωνηκότα,
583 725 716 793 πρὸς
755 727 878 788 τοὺς
918 727 1216 798 μετεώρους
1246 729 1438 791 τόπους
1476 731 1642 782 ἀπελ-

80 811 218 876 θεῖν,
257 815 515 882 γενόμενα
557 815 758 884 πτηνά·
809 817 877 869 τὰ
929 819 985 870 δὲ
1029 819 1259 886 γεώδους
1311 821 1641 890 ἀντεχόμενα

81 907 446 974 συγκρίσεως,
479 909 532 958 ὲν
567 911 629 977 τῇ
661 906 769 959 τῶν
807 908 1047 978 ἑρπετῶν
1088 913 1179 963 καὶ
1224 913 1288 981 τῇ
1333 911 1438 963 τῶν
1468 912 1638 966 ἄλλων

79 995 192 1046 τῶν
235 997 485 1062 ἐπιγείων
514 997 663 1061 τάξει
701 999 1191 1070 καταριθμηθῆναι·
1227 1002 1295 1054 τὰ
1329 1003 1385 1055 δὲ
1427 1003 1663 1069 φύσεως-

80 1084 265 1155 ὕγρῖίς
295 1088 522 1156 μάλιστα
555 1090 923 1160 μετειληχότα,
950 1093 1084 1161 πρὸς
1107 1094 1197 1145 τὸν
1220 1094 1453 1162 ὁμογενῆ
1474 1095 1636 1146 τόπον

84 1177 421 1245 συνδραμεῖν,
474 1181 836 1249 ὀνομασθέντα
881 1183 1085 1235 πλωτά.
1143 1183 1252 1253 Τὴν
1301 1184 1357 1235 δὲ
1403 1185 1502 1254 γῆν
1550 1185 1636 1237 ἀεὶ

84 1267 287 1334 μᾶλλον
318 1272 698 1341 στερεουμένην
743 1274 846 1325 ὑπό
871 1291 928 1326 τε
958 1272 1051 1326 τοῦ
1085 1274 1212 1344 περὶ
1243 1274 1334 1327 τὸν
1358 1275 1502 1344 ἥλιον
1534 1293 1635 1327 πυ-

85 1356 198 1421 ρὸς,
240 1359 326 1410 καὶ
363 1359 468 1410 τῶν
501 1363 847 1432 πνευμάτων,
881 1364 942 1416 τὸ
975 1364 1278 1417 τελευταῖον
1316 1365 1510 1434 μηκέτι
1542 1365 1632 1417 δύ-

83 1447 275 1499 νασθαι
305 1449 464 1518 μηδὲν
506 1450 612 1504 τῶν
649 1452 902 1522 μειζόνων
943 1455 1242 1520 ζωογονεῖν,
1292 1456 1403 1507 ἀλλ’
1433 1456 1496 1507 ἐκ
1534 1456 1632 1526 τῆς

83 1536 219 1605 πρὸς
252 1538 442 1607 ἄλληλα
473 1541 671 1610 μίξεως
692 1532 898 1596 ἕκαστα
917 1543 1202 1611 γεννᾶσθαι
1224 1546 1328 1598 τῶν
1354 1546 1626 1616 ἐμψύχων.

88 1628 268 1679 Ἐοικε
291 1628 492 1700 δὲ’περὶ
519 1633 617 1702 τῆς
647 1633 753 1686 τῶν
777 1634 909 1686 ὅλων
953 1634 1163 1703 φύσεως
1193 1637 1298 1688 οὐδ’
1333 1638 1627 1707 Εὐριπίδης

81 1716 354 1786 διαφωνεῖν
394 1725 504 1785 τοῖς
544 1726 972 1796 προειρημένοις,
1014 1725 1255 1797 μαθητὴς
1298 1726 1372 1780 ῶν
1409 1727 1628 1791 Ἀναξα-

80 1810 243 1879 γόρου
268 1811 353 1864 τοῦ
381 1814 627 1884 φυσικοῦ.
670 1816 755 1870 Ἐν
786 1816 891 1887 γὰρ
918 1818 987 1887 τῇ
1017 1819 1373 1887 Μεναλίππῃ
1414 1818 1626 1889 τίθησιν

79 1917 136 1952 ου
144 1917 267 1964 τως·
830 1919 832 1921 ‘

1743 642 1998 709 paulatim
2019 645 2367 696 mutationem
2387 646 2650 713 ejusmodi
2683 649 2933 716 patiatur.
2965 649 3148 719 Itaque
3167 669 3287 707 cum

1743 733 2073 787 humidiores
2103 734 2205 785 illa:
2236 744 2414 801 partes
2445 736 2587 790 hunc
2629 737 2682 789 in
2711 740 2929 792 modum
2955 741 3165 795 vitalem
3196 759 3289 812 1‘2-

1742 821 1913 874 riendi
1941 822 2044 873 vim
2071 838 2137 876 ex
2159 824 2339 876 calore
2358 825 2666 893 prolemque
2695 829 3057 896 conciperent,
3077 845 3167 886 eas
3193 848 3287 886 ιιοι

1739 920 1826 964 ctu
1851 912 2064 981 quidem
2090 927 2156 966 ex
2189 914 2464 969 decidente
2490 916 2558 969 ab
2583 932 2706 970 aere
2731 917 3057 974 circumfuso
3095 924 3285 977 nebula

1739 1005 2152 1070 nutrimentum,
2175 1005 2409 1059 interdiu
2439 1023 2566 1061 vero
2609 1009 2772 1064 robur
2801 1026 2862 1065 ex
2901 1013 3077 1067 calore
3106 1028 3168 1067 ac
3199 1015 3285 1066 lir-

1739 1094 1979 1146 mitatem
2007 1095 2282 1162 accepisse
2317 1114 2330 1149 :
2367 1095 2538 1151 donec
2572 1099 2671 1167 ipsi
2711 1098 2849 1154 fetus
2876 1100 3076 1168 justum
3112 1103 3286 1156 incre-

1737 1192 1973 1236 mentum
1995 1198 2256 1252 suamque
2275 1189 2636 1242 maturitatem
2660 1190 2984 1257 obtinerent,
3009 1194 3286 1262 ruptisque

1735 1273 1949 1326 demum
1980 1283 2111 1328 aestu
2157 1277 2506 1340 membranis,
2545 1280 2897 1334 animantium
2921 1285 3095 1337 omnis
3123 1299 3284 1353 gene-

1733 1365 1808 1417 ris
1841 1363 2023 1417 l‘orma:
2049 1377 2421 1419 nascerentur.
2448 1366 2527 1420 Ex
2559 1369 2641 1421 his
2665 1379 2843 1422 autem
2871 1387 2988 1439 qua:
3026 1373 3280 1437 majorem

1733 1463 1903 1506 nactae
1930 1455 2161 1507 calorem
2185 1466 2384 1522 essent,
2409 1472 2501 1511 eas
2531 1460 2720 1526 pennis
2752 1459 3043 1513 instructas
3065 1463 3284 1516 altiores

1731 1545 1786 1598 in
1818 1547 2002 1600 mundi
2029 1547 2211 1616 plagas
2243 1549 2588 1603 subvolasse:
2618 1551 2669 1602 in
2698 1550 2896 1618 quibus
2920 1565 3046 1605 vero
3071 1561 3279 1607 terrena

1730 1637 2004 1690 concretio
2039 1638 2448 1704 dominaretur,
2517 1639 2637 1692 illas
2667 1639 2933 1708 reptilium
2965 1654 3026 1693 ac
3064 1651 3280 1696 cetera-

1729 1739 1871 1791 rum,
1907 1741 2026 1794 qua:
2054 1727 2108 1779 in
2131 1735 2272 1780 terra
2295 1737 2596 1792 versantur,
2622 1729 2977 1783 animantium
3006 1731 3191 1784 ordine
3219 1747 3282 1784 ac

1729 1832 1954 1871 numero
2004 1817 2420 1886 comprehensas
2470 1815 2639 1872 fuisse
2680 1837 2695 1872 :
2741 1828 3006 1888 quotquot
3049 1821 3278 1889 denique

1731 1908 1949 1962 humida
1975 1908 2208 1963 maxime
2234 1917 2424 1962 natura
2445 1917 2772 1974 constarent,
2799 1924 2891 1962 eas
2919 1911 2969 1961 in
2996 1919 3278 1978 cognatum

83 1993 180 2045 sibi
212 1995 521 2067 amnemque
563 1999 742 2054 locum
779 2015 966 2058 omnes
996 2001 1338 2069 conﬂuxisse,
1383 2003 1614 2072 piscium
1654 2003 1873 2057 nomine
1899 2004 2208 2073 appellatas.
2235 2002 2318 2056 Ad
2381 2012 2674 2056 extremum
2743 2017 2872 2056 vero
2903 2009 3122 2064 terram,
3153 2015 3275 2056 cum

81 2085 331 2151 maiorem
366 2090 416 2142 in
455 2089 571 2145 dies
604 2090 1019 2161 solidioremque
1040 2092 1292 2146 duritiem
1320 2095 1510 2163 partim
1545 2109 1610 2148 ex
1649 2095 1779 2149 solis
1855 2095 2146 2148 ardentiori
2186 2094 2383 2158 calore,
2433 2094 2625 2162 partim
2673 2108 2738 2147 ex
2807 2104 3086 2146 ventorum
3144 2092 3273 2148 ﬂatu

83 2176 272 2242 capiat,
303 2178 498 2247 nullam
553 2193 646 2249 per
695 2196 815 2236 sese
855 2183 1088 2251 amplius
1131 2199 1196 2239 ex
1237 2185 1614 2254 grandioribus
1652 2187 2016 2242 animantibus
2049 2200 2334 2255 procreare
2387 2201 2567 2255 posse,
2633 2185 2727 2240 sed
2757 2200 2941 2240 earum
2977 2187 3277 2253 quamlibet

78 2285 140 2321 ex
173 2281 348 2327 mutua
383 2275 612 2330 marium
641 2292 704 2331 ac
740 2276 1062 2333 feminarum
1109 2281 1482 2336 commistione
1522 2283 1787 2352 generari.
1845 2281 2030 2352 Neque
2062 2279 2454 2352 di’screpantem
2505 2283 2572 2336 ab
2614 2282 2702 2346 iis,
2729 2297 2849 2351 quae
2901 2280 3076 2335 adhuc
3136 2295 3288 2333 com-

83 2365 1318 2438 memoravimus,Euripidis,quiAnaxagoram
1343 2371 1620 2441 physicum
1659 2374 1922 2438 audierat,
1950 2375 2015 2433 de
2043 2372 2205 2442 hujus
2243 2373 2480 2428 universi
2507 2380 2628 2428 ortu
2656 2382 2890 2426 mentem
2949 2369 3113 2424 fuisse
3179 2384 3276 2438 pu-

86 2453 322 2508 taverim.
352 2455 402 2508 ls
427 2459 570 2509 enim
596 2457 675 2512 sic
703 2458 758 2512 in
795 2459 1090 2529 Menatippe
1121 2461 1341 2517 scribit:

155 2563 248 2642 ζρς
271 2567 517 2642 ᾳῠρςιϊός
542 2585 606 2642 τε
627 2569 761 2638 ταῖά
784 2573 831 2623 τ’
859 2567 938 2641 ἦν
958 2574 1158 2642 μορφὴ
1184 2575 1312 2642 μίαν

161 2592 248 2684 ’ἒς
271 2592 517 2654 υυρεινυς
542 2592 606 2653 te
627 2592 761 2638 Tuta
784 2592 826 2623 t'
859 2592 938 2641 ην
958 2592 1158 2642 μορφη
1174 2592 1312 2696 ἐκεῖ,

161 2634 1144 2730 ηέὶίὲξξέρέςθηίζετοάμή-λαεν
1213 2646 1334 2730 lx“.

149 2703 405 2796 Εκξουσι
433 2703 647 2796 πάντα,
678 2703 1020 2796 νιιιέὶῖέδωκαένζ
1051 2716 1136 2780 εὶς
1153 2703 1337 2796 ρᾶὀς,

145 2770 368 2855 δένδρα,
397 2770 666 2855 πτηνὰ-ε,
699 2778 910 2855 alapae,
935 2781 1041 2849 οὕς
1064 2770 1306 2853 θ”ιῗλμτί
1323 2770 1542 2854 τρέφει,

146 2841 320 2907 Γένος
344 2860 406 2897 τε
435 2841 667 2914 θνητῶν
692 2848 740 2918 (1
755 2841 829 2917 7).

84 2949 183 3003 Kal.
212 2955 327 3024 περὶ
351 2957 446 3026 μὲν
471 2959 571 3029 τῆς
607 2959 826 3030 πρώτης
855 2963 961 3016 τῶν
986 2963 1122 3018 ὅλων
1150 2966 1416 3033 γενέσεως
1442 2968 1615 3024 ταῦτα

84 3043 490 3116 παρειλήφαμεν.
537 3050 676 3113 Τοὺς
715 3051 772 3103 δὲ
825 3051 883 3118 ἐξ
925 3053 1100 3124 ἀρχῆς
1145 3057 1463 3127 γενηθέντας
1505 3060 1614 3113 τῶν

84 3132 354 3202 ἀνθρώπων
425 3141 588 3208 φασὶν
647 3143 709 3195 ὲν
768 3144 985 3217 ἀτάκτῳ
1053 3148 1146 3202 καὶ
1214 3149 1462 3220 θηριώδει
1514 3151 1613 3223 βίῳ

87 3223 419 3294 καθεστῶτας,
501 3234 775 3306 σποράδην
838 3237 930 3291 ἐπὶ
995 3237 1094 3302 τὰς
1164 3241 1332 3311 νομὰς
1393 3243 1610 3309 ἐξιέναι,

88 3317 169 3368 καὶ
214 3321 619 3407 προσφέρεσθαι
680 3326 779 3396 τῆς
847 3344 907 3379 τε
972 3328 1196 3400 βοτάνης
1257 3333 1353 3403 τὴν
1411 3351 1613 3407 προση-

86 3405 334 3478 νεστάτην,
383 3412 635 3476 καὶτοὺς
688 3415 1020 3486 αὐτομάτους
1077 3420 1184 3473 ἀπὸ
1228 3421 1337 3475 τῶν
1380 3405 1611 3495 δένδρων

89 3499 320 3586 καρπούς.
347 3502 453 3555 Καὶ
488 3503 919 3576 πολεμουμένους
953 3510 1050 3579 μὲν
1100 3511 1202 3564 ὑπὸ
1248 3513 1355 3566 τῶν
1386 3514 1609 3586 θηρίων,

87 3585 300 3658 ἀλλήλοις
344 3591 574 3664 βοηθεῖν,
609 3595 711 3648 ὑπὸ
755 3597 846 3650 τοῦ
882 3599 1244 3671 συμφέροντος
1288 3585 1610 3676 διδασκομέ-

89 3694 212 3743 νους,
240 3682 635 3756 ἀθροιζομένους
672 3686 729 3740 δὲ
765 3688 850 3741 διὰ
873 3690 962 3742 τὸν
1010 3691 1192 3759 φόϐον,
1231 3695 1609 3762 ἐπιγινώσκειν

89 3767 143 3821 ὲκ
169 3771 251 3824 τοῦ
280 3775 408 3829 κατὰ
445 3777 633 3849 μικρὸν
656 3780 778 3842 τοὺς
823 3780 1062 3851 ἀλλήλων
1089 3782 1308 3846 τύπους.
1353 3785 1465 3855 Τῆς
1500 3803 1610 3854 φω-

88 3857 170 3927 ν’ής
204 3861 244 3914 δ’
282 3865 486 3935 ἀσήμου
530 3867 620 3920 καὶ
673 3871 1079 3939 συγκεχυμένης
1123 3871 1499 3944 ὑπαρχούσης,
1546 3877 1608 3926 ἐκ

89 3948 167 4038 τοῦ
187 3954 290 4006 κατ’
318 3955 493 4024 ὀλίγον
521 3957 807 4029 διαρθροῦν
837 3960 932 4022 τὰς
963 3961 1154 4028 λέξεις,
1176 3966 1269 4017 καὶ
1295 3966 1428 4037 πρὸς
1449 3967 1608 4038 ἀλλή-

89 4036 194 4104 λους
230 4045 458 4111 τιθέντας
492 4048 729 4118 σύμϐολα
764 4052 887 4121 περὶ
930 4053 1155 4107 ἑκάστου
1183 4057 1287 4109 τῶν
1316 4059 1606 4128 ὑποκειμέ-

91 4146 195 4196 νων,
215 4132 468 4208 γνώριμον
494 4139 676 4209 σφίσιν
707 4141 886 4204 αὐτοῖς
914 4144 1134 4213 ποιῆσαι
1163 4149 1258 4218 τὴν
1283 4151 1409 4220 περὶ
1442 4151 1609 4203 ἁπάν-

90 4233 179 4271 των
209 4224 504 4296 ἑρμηνείαν.
538 4227 803 4281 Τοιούτων
831 4229 886 4281 δὲ
924 4234 1278 4302 συστημάτων
1311 4237 1605 4306 γινομένων
1635 4301 1638 4303 γ

92 4310 188 4362 καθ’
213 4313 406 4372 ἅπασαν
431 4318 531 4389 τὴν
573 4318 912 4389 οἰκουμένην,
955 4321 1052 4390 οὑχ
1094 4323 1371 4392 ὁμόφωνον
1401 4328 1606 4389 πάντας

92 4397 313 4478 ἔχειντὴν
347 4409 639 4485 διάλεκτον,
668 4411 929 4475 ἑκάστων,
963 4412 1037 4476 ὡς
1075 4412 1281 4485 ἔτυχεν,
1319 4417 1604 4482 συνταξάν-

92 4501 175 4541 των
202 4495 282 4560 τὰς
305 4481 473 4566 λέξεις
491 4517 504 4531 ·
534 4501 615 4554 διὸ
653 4502 747 4555 καὶ
773 4502 1056 4564 παντοίους
1087 4521 1144 4556 τε
1171 4481 1406 4575 ύπάρξαι
1434 4525 1601 4578 χαρα-

93 4580 257 4651 κιιῆρας
281 4588 585 4658 διαλέκτων,
617 4594 710 4646 καὶ¹
751 4593 819 4647 τὰ
861 4593 1051 4665 πρῶτα
1092 4596 1355 4666 γενόμενα
1404 4579 1600 4672 συστή-

96 4685 210 4758 ματα
246 4679 340 4732 τῶν
381 4682 639 4737 ἁπάντων
672 4685 838 4742 ἐθνῶν
865 4687 1130 4758 ἀρχέγονα
1159 4689 1427 4757 γενέσθαι.
1464 4694 1600 4756 Τοὺς

92 4757 162 4814 οὖν
195 4768 416 4838 πρώτους
452 4774 561 4826 τῶν
596 4776 915 4849 ἀνθρώπων,
950 4779 1170 4849 μηδενός
1204 4798 1287 4833 πω
1326 4781 1432 4834 τῶν
1465 4784 1600 4852 πρὸς

93 4851 160 4904 ὢν
175 4854 266 4924 βίον
278 4861 554 4931 χρησίμων
580 4865 891 4936 εὑρημένων
907 4869 1062 4938 (17'),
1085 4871 1352 4934 ἐπιπόνως
1372 4851 1594 4939 διάγειν,

92 4951 280 5032 by“;
311 4955 402 5022 μὲν
431 4954 656 5023 ἐσθῆτος
678 4957 857 5026 δντας,
894 4961 1102 5032 ὑήσεως
1135 4960 1244 5030 (18)
1279 4962 1333 5014 δὲ
1369 4960 1461 5012 καὶ
1497 4977 1597 5012 πυ-

95 5030 162 5121 ξλῖ
180 5040 356 5117 ἀήθεις,
384 5045 589 5116 τροφῆς
615 5045 659 5098 δ’
683 5047 891 5120 ήλμέρου
930 5030 1202 5115 παντελῶς
1233 5053 1590 5121 ἀνεννοήτους.

93 5118 173 5174 Καὶ
193 5131 283 5202 γάρ
303 5135 396 5206 τὴν
417 5135 746 5207 συγκομιδὴν
771 5118 866 5210 τῆς
893 5143 1087 5214 ἀγρίας
1108 5143 1308 5213 τροφῆς
1341 5118 1592 5208 ἀγνοοῦν-

1635 3917 1675 3972 C

1647 2571 1690 2627 B
1787 2573 1921 2630 Caeli
1946 2588 2079 2625 unus
2107 2580 2228 2625 ante
2261 2572 2432 2624 vultus
2461 2585 2523 2622 ac
2556 2578 2707 2621 terra:
2738 2568 2860 2636 fuit,

1786 2647 1861 2696 Ac
1889 2644 2131 2713 proprius
2169 2658 2232 2695 ea:
2265 2657 2364 2709 quo
2403 2649 2676 2713 utrumque
2710 2636 2949 2713 disrluiit
2999 2635 3163 2700 locus,

1787 2706 1996 2768 Cuncta
2013 2716 2161 2765 ambo
2191 2706 2455 2779 generant,
2483 2711 2635 2776 inque
2657 2707 2822 2759 lucem
2844 2706 3063 2779 e/ferant

1788 2783 1987 2847 Silvas,
2023 2775 2274 2843 volucres,
2309 2796 2370 2832 ac
2412 2775 2586 2846 feras;
2619 2789 2724 2829 tum
2747 2792 2873 2844 quos
2901 2775 3071 2827 salum

1788 2853 1997 2917 Nutrit,
2027 2852 2391 2918 hominumun
2415 2864 2594 2918 genus.

1713 2969 1889 3038 Atque
1921 2968 2034 3022 btec
2084 2965 2150 3019 de
2200 2967 2372 3034 prima
2421 2962 2609 3017 mundi
2649 2960 3073 3033 procreationea
3099 2959 3268 3024 majo-

1712 3059 1864 3113 ribus
1916 3057 2243 3126 accepimus.
2305 3055 2517 3119 Porro,
2561 3053 2654 3121 qui
2708 3052 2980 3120 principes
3024 3049 3262 3115 omnium

1711 3143 1824 3197 nati
1865 3142 2111 3196 homines
2147 3149 2322 3204 erant,
2357 3155 2452 3194 eos
2475 3139 2590 3191 sine
2617 3138 2805 3191 ordine
2835 3151 2898 3190 ac
2925 3135 3097 3190 fel-ine
3152 3137 3266 3202 pla-

1711 3250 1780 3290 ne
1832 3237 1938 3290 ritu
1972 3234 2314 3299 victitantes,
2355 3232 2570 3300 hucque
2613 3229 2902 3298 dissipatos
2946 3236 3106 3295 atque
3141 3228 3265 3280 illuc

1710 3326 1777 3380 ad
1817 3339 2017 3395 pascua
2059 3324 2293 3386 exiisse,
2347 3337 2410 3376 ac
2456 3321 2503 3376 si
2545 3319 2672 3389 quid
2725 3318 3048 3374 tenerior-um
3087 3326 3138 3370 et
3166 3318 3266 3369 mi-

1710 3417 1909 3470 tiorum
1953 3415 2244 3469 herbarum
2297 3420 2471 3478 esset,
2523 3427 2646 3464 cum
2702 3419 2889 3479 sponte
2919 3409 3264 3462 nascentibus

1710 3505 1963 3560 arborum
2018 3503 2284 3557 fructibus
2334 3502 2635 3556 comedisse
2704 3498 2902 3553 ferunt.
2962 3498 3065 3566 21
3114 3496 3249 3551 Cum

1709 3609 1888 3650 autem
1949 3611 2043 3650 eos
2099 3594 2222 3649 ferte
2273 3603 2764 3664 persequerentur,
2805 3592 3038 3644 utilitate
3095 3591 3263 3659 inagi-

1709 3696 1820 3742 stra
1863 3698 2105 3740 mutuam
2166 3686 2268 3740 sibi
2301 3701 2457 3754 opem
2518 3685 2738 3747 tulisse,
2795 3691 3046 3750 metuque
3101 3679 3262 3734 simul

1709 3787 2058 3846 congregatos
2089 3818 2104 3842 ,
2166 3777 2387 3832 alterius
2435 3777 2664 3829 alterum
2716 3759 2973 3842 paulatim
3031 3772 3258 3824 formam

1709 3868 1991 3936 agnovisse
2020 3887 2030 3919 :
2061 3882 2292 3936 cumque
2343 3882 2527 3920 vocem
2579 3865 2650 3918 illi
2713 3862 2991 3918 confusam
3025 3862 3256 3929 primum

1708 3961 1761 4005 et
1788 3953 1856 4004 ab
1881 3954 2026 4006 omni
2079 3953 2474 4021 signiﬁcatione
2505 3966 2728 4004 vacuam
2753 3949 3107 4009 eﬂuiiderettt,
3141 3950 3258 4001 siu-o

1707 4041 1846 4110 gulis
1900 4042 2159 4109 paulatim
2203 4042 2428 4094 vocibus
2473 4039 2756 4092 articulate
2795 4035 3153 4106 proferendis,
3181 4036 3258 4088 si-

1706 4132 1932 4201 gnisque
1960 4148 2138 4186 rerum
2169 4147 2289 4200 qua:
2312 4131 2690 4196 occurrebant,
2733 4130 2868 4183 inter
2903 4143 3022 4184 sese
3053 4129 3260 4182 consti-

1707 4224 1854 4288 tutis,
1882 4235 2063 4278 notam
2099 4240 2284 4278 eorum
2314 4225 2415 4278 sibi
2466 4225 2706 4279 omnium
2737 4221 3149 4290 explicationem
3177 4220 3258 4271 in-

1705 4316 2250 4384 terpretationemque
2293 4316 2506 4370 fecisse.
2552 4314 2671 4368 Jam
2728 4328 2854 4366 vero
2905 4311 3051 4380 quod
3084 4321 3258 4365 cretus

1704 4405 1966 4474 ejusmodi
1999 4417 2108 4460 teto
2141 4408 2339 4474 passim
2368 4407 2498 4460 orbe
2527 4404 2909 4466 conﬂarentur,
2946 4402 3254 4471 singulique

1703 4511 1882 4558 voces,
1919 4505 2080 4564 prout
2118 4498 2311 4564 cuique
2336 4505 2532 4548 temere
2561 4509 2623 4547 ac
2652 4492 2876 4549 fortuito
2907 4494 3082 4547 visum
3116 4499 3252 4552 erat,

1702 4595 2101 4657 componerent,
2147 4603 2252 4640 non
2278 4587 2518 4640 eamdem
2553 4586 2750 4641 idcirco
2798 4586 3051 4655 loquendi
3088 4586 3251 4637 ratio-

1701 4694 1822 4731 nem
1850 4692 1970 4731 cum
1993 4678 2262 4732 universis
2301 4693 2644 4732 communem
2685 4677 2873 4731 fuisse.
2927 4679 3098 4744 Atque
3129 4677 3250 4729 hinc

1700 4767 1888 4822 formae
1919 4768 2228 4836 linguarum
2258 4769 2605 4839 multiplices,
2635 4769 2927 4838 primzeque
2957 4768 3056 4818 illa:
3079 4767 3250 4819 homi-

1699 4876 1826 4914 num
1858 4861 2144 4915 societates
2171 4861 2410 4914 omnium
2444 4870 2694 4929 parentes
2718 4866 2769 4910 et
2799 4857 2972 4924 capita
3009 4858 3247 4924 gentium

1695 4952 2038 5007 exstiterunt.
2070 4953 2336 5008 Czeterum
2367 4951 2511 5020 quod
2542 4949 2675 5002 nibil
2703 4949 2880 5002 adhuc
2912 4962 3099 5001 eorum
3130 4963 3248 5016 (νινε

1695 5045 2080 5099 conservanda:
2109 5061 2172 5102 ac
2209 5045 2415 5099 tuendae
2437 5043 2561 5095 vita;
2585 5040 2846 5102 serviunt,
2882 5040 3245 5107 excogitatum

1694 5146 1857 5203 esset,
1886 5138 2028 5191 illam
2058 5152 2197 5204 εει-θ
2222 5134 2507 5186 admodum
2538 5133 2695 5200 primi
2729 5133 2813 5186 isti
2844 5132 3087 5185 homines
3116 5131 3245 5183 tole-

95 5223 178 5277 τας,
209 5223 454 5295 μηδεμίαν
483 5226 590 5279 τῶν
619 5228 843 5298 καρπῶν
877 5233 954 5293 είς
980 5232 1077 5296 τὰς
1105 5233 1305 5295 ἐνδείας
1328 5231 1591 5283 ποιεῖσθαι

1715 5229 1909 5295 ‘abant,
1937 5229 2132 5297 quippe
2153 5227 2245 5293 qui
2277 5235 2327 5277 et
2353 5240 2382 5276 a
2410 5226 2652 5298 vestibus
2703 5223 2969 5290 imparati,
3006 5236 3104 5274 nec
3150 5220 3245 5274 do-

96 5313 370 5376 παράθεσιν·
399 5321 480 5374 διδ
513 5321 606 5375 καὶ
635 5320 860 5385 πολλοὺς
882 5325 1059 5380 αὐτῶν
1087 5325 1414 5379 ἀπόλλυσθαι
1446 5324 1588 5378 κατὰ

1715 5322 2017 5376 niciliorum
2041 5328 2134 5372 aut
2159 5319 2296 5387 ignis
2325 5332 2479 5371 usum
2523 5319 2718 5378 edocti,
2747 5325 2800 5368 et
2829 5315 3002 5367 victus
3021 5314 3244 5366 alimen-

97 5395 184 5460 τοὺς
206 5409 475 5476 χειμῶνας,
507 5412 596 5466 διά
625 5431 684 5466 τε
709 5412 768 5465 τὸ
795 5412 982 5483 ψῦχος,
1012 5417 1105 5469 καὶ¹
1141 5417 1240 5488 τὴν
1270 5416 1460 5468 σπάνιν
1489 5415 1589 5484 τῆς

98 5491 261 5563 τροῆῖῆς.
280 5497 366 5552 Ἐκ
389 5501 446 5553 δὲ
472 5502 658 5559 τούτου
688 5505 805 5559 κατῗ
832 5504 1007 5570 ὀλίγον
1041 5507 1143 5559 ὑπὸ
1171 5506 1269 5577 τῆς
1298 5507 1488 5577 πείρας
1513 5504 1591 5557 δι-

143 5632 164 5662 ι
208 5625 280 5679 ισ.
305 5629 371 5682 τὰ
389 5633 624 5703 δένδρα.
663 5637 814 5694 Diod.
865 5638 1107 5707 Δὲγδρη,
1137 5643 1394 5698 πετεινά.

142 5734 585 5830 ngPgst'qujGw,
608 5756 1086 5830 pauculaqua‘dam
1113 5757 1307 5830 Euseb.
1336 5761 1588 5830 praeterit.

141 5807 241 5884 (1⁷⁵)
270 5807 1161 5898 Sume-erui;VIIcchsbpquévou.
1197 5807 1489 5885 Enti‘rf'w“
1550 5807 1578 5848 ’ἶ

1694 5413 1842 5482 tique
1891 5411 2122 5464 mitioris
2153 5424 2376 5477 prorsus
2417 5409 2589 5479 ignari
2630 5416 2828 5462 essent.
2866 5403 3075 5457 Etenim
3118 5419 3242 5456 cum

1693 5503 1799 5574 ipsi
1827 5486 2066 5558 nondum
2100 5501 2501 5570 comportanda:
2541 5515 2607 5553 ex
2635 5497 2779 5566 agris
2818 5509 3046 5549 annona:
3077 5494 3240 5549 ratio-

1771 5759 1880 5831 (l8)
1928 5759 2195 5824 Ὑήσεως.
2240 5757 2460 5812 Reddidi
2507 5755 2726 5831 perinde
2773 5771 2836 5810 ac
2883 5755 2928 5809 si
2980 5755 3236 5823 lt‘gm'elttt

1696 5826 1965 5902 ἀκήσέως,
1996 5844 2156 5899 quam
2190 5845 2370 5886 vocem
2415 5829 2556 5897 apud
2585 5826 2800 5881 Diodor.
2830 5834 3010 5897 postea
3042 5836 3214 5890 t‘t’perl
