3980 6338
633 381 702 438 55
1305 379 1569 434 EL'SlCBll
1610 379 2090 435 C/ESARIENSIS
2128 380 2274 435 OPP.
2320 381 2499 438 PARS
2534 383 2593 436 11.
2646 412 2699 422 -—
2738 381 3235 441 APULOGETICA.
3803 387 3876 442 56

630 515 752 554 nem
779 507 1044 563 tenerent,
1064 498 1196 550 nihil
1227 499 1449 552 omnino
1478 496 1749 552 fructuum
1772 498 2010 552 levandre
2033 514 2183 568 quon

2301 501 2684 569 δασκομένους,
2719 499 2797 565 είς
2837 519 2895 554 τε
2947 502 3016 554 τὰ
3060 501 3296 572 σπήλαια
3321 502 3681 572 καταφεύγειν
3712 503 3771 557 ὲν
3798 504 3877 566 τῶ

626 593 751 646 dam
784 591 977 659 inapite
1006 591 1177 660 gratia
1205 590 1586 644 recondebam.
1641 588 1826 660 Itaque
1862 591 2081 659 plurimi
2105 605 2201 660 per

627 685 858 737 hiemem
889 699 1011 735 cum
1064 686 1354 752 asperitate
1387 681 1628 751 frigoris,
1668 691 1780 735 tum
1829 684 2079 736 ciborum
2105 697 2198 750 pe-

627 777 782 830 nuria
820 775 1019 843 passim
1058 775 1366 829 interibant.
1407 773 1606 828 Verum
1652 775 1742 828 ubi
1779 775 2040 844 paulatim
2090 790 2195 829 usu

626 866 743 934 ipso
775 867 1045 918 cautiores
1078 867 1399 926 evasissent,
1434 865 1488 917 in
1529 864 1819 934 speluncas
1849 864 2041 919 hiemis
2063 871 2197 917 tem-

622 971 756 1024 pore
777 956 1090 1023 confugere,
1135 955 1338 1024 quique
1392 955 1661 1009 asservari
1692 955 1897 1009 diutius
1947 963 2196 1024 poterant

625 1045 833 1100 fruetus
860 1063 1119 1115 reponere
1151 1054 1450 1114 emperunt.
1480 1045 1622 1116 Ignis
1644 1054 1824 1100 autem
1851 1046 2192 1114 aliarumque

623 1139 1069 1192 commoditatum
1122 1140 1351 1191 utilitate
1408 1146 1710 1208 perspecta,
1766 1138 1912 1207 ipsas
1978 1153 2194 1207 quoque

622 1232 879 1298 paulatim
911 1241 1053 1286 artes
1086 1246 1148 1283 ae
1183 1240 1394 1292 cetera,
1429 1246 1659 1299 quorum
1689 1231 2194 1299 ex’opportunitate

621 1325 913 1392 plurimum
942 1323 1006 1376 ad
1038 1337 1382 1376 communem
1408 1323 1571 1376 vitam
1601 1323 1954 1378 emolumenti
1987 1327 2192 1378 redun-

617 1416 790 1476 daret,
845 1415 1185 1468 invenerunt.
1231 1413 1518 1466 Enimvero
1565 1413 1680 1482 ipsa
1721 1413 1954 1483 primum
2007 1416 2186 1484 inopia

616 1523 737 1562 sese
765 1509 1007 1561 omnium
1039 1506 1261 1559 omnino
1288 1520 1471 1559 rerum
1507 1507 1825 1575 magistram
1873 1507 2189 1561 hominibus

616 1598 884 1665 prabuit;
947 1611 1070 1650 eum
1144 1596 1583 1665 unimcujusque
1638 1597 1886 1650 notitiam
1962 1598 2182 1652 animali

2305 595 2553 664 χειμῶνι,
2589 596 2681 647 καὶ
2709 594 2818 647 τῶν
2845 593 3075 665 καρπῶν
3103 593 3229 657 τοὺς
3257 595 3615 664 φυλάττεσθαι
3643 596 3879 668 δυναμέ-

2300 702 2442 749 νους,
2495 685 2876 739 ἀποτίθεσθαι·
2929 685 3261 754 γνωσθέντος
3307 685 3362 738 δὲ
3411 686 3503 739 τοῦ
3560 689 3750 760 πυρὸς,
3779 689 3876 742 καὶ

2295 778 2404 830 τῶν
2436 777 2609 832 ἄλλων
2641 779 2951 850 χρησίμων,
2977 782 3113 833 κατά
3158 780 3349 850 μικρὸν
3394 780 3488 833 καὶ
3529 780 3627 844 τὰς
3674 782 3876 852 τέχνας

2299 867 2670 938 ἐξευρεθῆναι,
2701 871 2793 920 καὶ
2815 869 2884 922 τὰ
2911 869 3044 924 ἄλλα
3067 870 3131 922 τά
3152 870 3423 940 δυνάμενα
3447 870 3537 922 τὸν
3562 872 3737 923 κοινὸν
3759 871 3877 924 Βίον

2296 956 2592 1026 ὠφελῆσαι.
2622 958 2864 1011 Καθόλου
2911 959 3020 1031 γὰρ
3062 958 3276 1012 πάντων
3320 962 3419 1031 τὴν
3463 961 3651 1032 χρείαν
3700 961 3876 1031 αὐτὴν

2293 1047 2610 1101 διδάσκαλον
2657 1049 2910 1118 γενέσθαι
2965 1054 3077 1114 τοῖς
3125 1051 3450 1122 ἀνθρώποις,
3484 1054 3873 1124 ὑφηγουμένην

2293 1141 2509 1203 οἰκείως
2529 1141 2627 1212 τὴν
2655 1142 2883 1195 ἑκάστου
2917 1141 3150 1213 μάθησιν
3176 1143 3364 1210 εὐφυεῖ
3392 1142 3532 1212 ζὼῳ,
3561 1144 3653 1195 καὶ
3685 1160 3875 1214 συνερ-

2293 1235 2423 1300 γοὺς
2455 1233 2632 1303 ἔχοντι
2663 1235 2799 1306 πρὸς
2826 1235 3040 1289 ᾶπαντα
3065 1238 3272 1304 χεῖρας,
3304 1235 3398 1288 καὶ
3434 1235 3608 1304 λόγον,
3637 1236 3729 1288 καὶ
3768 1236 3872 1304 ψυ-

2292 1327 2392 1394 χῆς
2424 1325 2721 1395 ἀγχίνοιαν.
2751 1326 2858 1379 Καὶ
2909 1327 3032 1396 περὶ
3083 1326 3184 1394 μὲν
3223 1326 3321 1396 τῆς
3361 1324 3580 1396 πρώτης
3601 1327 3873 1394 γενέσεως

2291 1415 2400 1466 τῶν
2430 1415 2751 1485 ἀνθρώπων,
2785 1416 2878 1468 καὶ
2926 1415 3019 1490 τοῦ
3076 1415 3438 1469 παλαιοτάτου
3472 1415 3586 1486 βίου
3628 1418 3740 1479 τοῖς
3773 1417 3877 1487 ρη-

2291 1505 2460 1559 θεῖσιν
2526 1507 3011 1579 ἀρκεσθησόμεθα,
3063 1507 3447 1579 στοχαζόμενοι
3494 1509 3593 1580 τῆς
3651 1523 3872 1578 συμμε-

2287 1615 2460 1668 τρίας.
2499 1617 2516 1649 ι

616 1692 1087 1758 optimeanatura
1144 1700 1480 1758 comparato,
1513 1689 1769 1759 quodque
1818 1693 1926 1745 non
1974 1701 2182 1747 tantum
2226 1691 2562 1746 administris
2587 1690 2653 1745 ad
2691 1692 2872 1746 omnia
2921 1691 3173 1747 manibus
3235 1692 3507 1755 utebatur,
3541 1690 3635 1745 sed
3700 1692 3869 1746 etiam

614 1782 825 1833 ratione
855 1780 1063 1832 valebat
1092 1779 1365 1848 animique
1420 1779 1661 1846 solertia,
1693 1778 2033 1834 familiariter
2072 1790 2404 1850 suggereret.
2446 1781 2624 1850 Atque
2687 1781 2821 1847 haec,
2884 1782 3041 1836 nobis
3091 1783 3392 1852 praesertim
3437 1781 3529 1851 qui
3572 1783 3871 1838 mediocri-

616 1872 708 1926 tati
733 1874 1065 1936 studeamns,
1103 1871 1168 1925 de
1197 1872 1369 1940 primo
1404 1872 1683 1926 hominum
1721 1884 1866 1939 ortu,
1895 1874 2068 1942 deque
2099 1875 2309 1928 vivendi
2348 1876 2452 1928 ritu
2485 1874 2872 1938 vetustissimo,
2907 1877 3041 1932 satis
3076 1886 3255 1930 erunt.
3290 1894 3308 1927 ι

689 1962 959 2017 Hactenus
997 1962 1249 2017 laudatus
1273 1980 1300 2016 a
1324 1965 1481 2018 nobis
1502 1975 1708 2029 auctor,
1735 1966 1830 2034 qui
1872 1968 1925 2018 in
1954 1967 2058 2020 ista
2082 1981 2180 2020 sua

2353 1967 2602 2022 Τοσαῦτα
2641 1968 2737 2037 μὲν
2768 1971 2796 2020 ὁ
2834 1968 3092 2040 δηλωθεὶς
3132 1970 3497 2041 συγγραφεὺς,
3527 1969 3646 2027 οὐδὲ
3671 1970 3872 2041 μέχρις

614 2055 802 2108 mundi
831 2056 1205 2124 procreatione
1219 2059 1718 2122 commemoranda,
1747 2073 1813 2112 ne
1840 2057 1932 2112 Dei
1967 2059 2188 2128 quidem

611 2148 694 2200 vel
727 2148 947 2202 nomine
975 2157 1132 2202 tenus
1163 2149 1430 2216 meminit,
1465 2151 1558 2205 sed
1593 2149 1871 2205 fortuitam
1897 2153 2188 2221 quamdam

614 2257 677 2294 ac
731 2251 923 2309 sponte
976 2242 1215 2295 oblatam
1273 2242 1437 2310 hujus
1487 2245 1725 2298 universi
1778 2243 2187 2312 dispositionem

612 2332 834 2384 invexit.
881 2330 1081 2386 Eadem
1133 2349 1262 2387 vero
1318 2334 1535 2390 Graecos
1583 2335 1933 2403 philosophos
1980 2343 2186 2403 partem

611 2438 742 2476 sane
767 2424 1058 2476 mavimam
1088 2426 1272 2479 videas
1306 2427 1625 2495 prodidisse.
1657 2425 1902 2493 Quorum
1933 2427 2183 2495 equidem

608 2513 661 2566 in
695 2517 975 2582 praesentia
1005 2514 1070 2569 de
1126 2531 1306 2570 rerum
1339 2517 1621 2587 principiis
1667 2519 1772 2586 22
1814 2517 2097 2585 Opiniones
2123 2532 2187 2570 ac

606 2608 977 2661 dissensiones
1005 2617 1242 2673 mutuas,
1270 2625 1334 2663 ex
1378 2610 1445 2664 iis
1492 2625 1630 2678 quos
1665 2608 1937 2663 Stromata
1967 2607 2186 2660 Plutar-

605 2699 742 2752 chus
773 2698 1068 2767 inscripsit,
1122 2702 1217 2754 tibi
1275 2715 1398 2755 ante
1448 2703 1638 2757 oculos
1694 2717 1915 2770 ponam,
1979 2715 2184 2768 easque

605 2801 713 2839 nan
746 2802 806 2840 ex
829 2799 972 2841 certa
993 2789 1225 2857 quadam
1251 2801 1303 2843 et
1345 2792 1737 2850 comprehensa
1769 2789 1953 2842 animo
1982 2789 2174 2857 cogni—

607 2875 772 2940 tione,
816 2882 908 2931 sed
937 2896 1003 2932 ex
1051 2880 1491 2948 conjecturarum
1521 2884 1704 2935 nescio
1731 2897 1836 2950 qua
1882 2880 2178 2950 probabili—

2286 2060 2548 2130 ὀνόματος
2593 2059 2685 2112 τοῦ
2720 2060 2854 2113 Θεοῦ
2893 2061 3272 2131 μνημονεύσας
3313 2064 3371 2114 έν
3413 2064 3477 2132 τῇ
3509 2064 3868 2134 κοσμογονίᾳ,

2290 2153 2615 2223 συντυχικὴν
2647 2152 2702 2204 δέ
2724 2170 2842 2204 τινα
2871 2152 2964 2205 καὶ
2987 2152 3289 2224 αὐτόματον
3310 2153 3744 2224 εἰσηγησάμενος
3767 2153 3870 2224 τὴν

2284 2243 2378 2298 τοῦ
2408 2243 2604 2306 παντὸς
2636 2244 3008 2314 διακόσμησιν.
3042 2245 3228 2316 Τούτῳ
3255 2244 3297 2298 δ’
3327 2243 3392 2298 ἂν
3423 2243 3603 2315 εὕροις
3640 2244 3872 2315 συμφώ-

2289 2352 2409 2398 νους
2441 2336 2676 2398 καὶτοὺς
2701 2335 2980 2399 πλείστους
3001 2337 3108 2390 τῶν
3130 2336 3257 2408 παρ’
3285 2335 3507 2408 Ἕλλησι
3536 2336 3864 2406 φιλοσόφων·

2287 2421 2358 2479 ὧν
2394 2426 2503 2496 ἐγώ
2536 2443 2617 2479 σοι
2644 2427 2744 2490 τὰς
2777 2427 2905 2497 περὶ
2926 2425 3108 2499 ἀρχῶν
3137 2426 3310 2492 δόξας,
3337 2428 3432 2481 καὶ
3464 2426 3562 2491 τὰς
3589 2427 3727 2498 πρὸς
3767 2426 3868 2480 ἀλ-

2287 2517 2483 2587 λήλους
2513 2517 2821 2579 διαστάσεις
2849 2517 2942 2570 καὶ
2971 2516 3281 2585 διαφωνίας,
3307 2517 3370 2569 ἐκ
3396 2515 3869 2587 ποχασμῶν,άλλ’

2287 2609 2386 2659 οὐκ
2416 2608 2524 2660 ἀπὸ
2553 2608 2910 2678 καταλήψεως
2938 2608 3290 2679 όρμηθείσας,
3314 2609 3419 2660 ἀπὸ
3448 2609 3556 2662 τῶν
3586 2608 3872 2679 Πλουτάρ-

2285 2712 2379 2763 χου
2414 2695 2808 2764 Στρωματέων
2833 2698 2966 2766 (19),
3001 2698 3091 2752 ἐπὶ
3110 2697 3203 2751 τοῦ
3234 2699 3497 2769 παρόντος
3525 2698 3859 2770 ἐκθήσομαι.

2284 2787 2356 2839 Σὺ
2381 2787 2434 2840 δὲ
2471 2787 2544 2857 μὴ
2574 2789 2880 2858 παρέργως,
2903 2790 3063 2860 σχολῇ
3092 2790 3150 2843 δὲ
3175 2790 3270 2843 καὶ
3303 2789 3440 2861 μετὰ
3465 2790 3746 2861 λογισμοῦ,
3769 2789 3870 2844 θέα

2284 2879 2380 2950 τὴν
2416 2881 2551 2950 πρὸς
2581 2881 2840 2951 ἀλλήλους
2865 2883 3142 2937 διάστασιν
3168 2884 3274 2936 τῶν
3303 2883 3664 2955 δηλουμένων.

604 2976 713 3022 tate
741 2970 1030 3037 profectas.
1082 2971 1160 3026 Tu
1191 2983 1374 3027 autem
1418 2990 1526 3027 non
1565 2975 1701 3028 dicis
1727 2990 1914 3042 causa,
1947 2975 2039 3029 sed
2068 2975 2242 3030 otiose
2281 2975 2629 3044 adhibitoque
2658 2976 2884 3045 judicio,
2915 2992 3102 3032 eorum
3130 2977 3225 3048 qui
3269 2977 3368 3031 abs
3412 2992 3497 3031 tne
3529 2992 3871 3032 commemo-

606 3073 822 3127 rantur,
855 3065 1079 3120 dissidia
1111 3075 1287 3120 tecum
1329 3068 1443 3135 ipse
1471 3069 1865 3136 contemplare.

1189 3155 1417 3210 CAPUT
1463 3155 1594 3210 Vlll.

607 3248 890 3315 Opinioues
912 3248 1338 3317 philosophorum
1374 3248 1435 3328 de
1467 3249 1622 3317 hujus
1651 3249 1879 3302 universi
1904 3265 2181 3316 coagmen-

1289 3329 1504 3371 latione.

676 3427 694 3458 ι
744 3407 1022 3462 Thaletem
1075 3409 1256 3462 ferunt
1315 3418 1441 3464 ante
1486 3419 1712 3465 caeteros
1763 3426 1954 3465 omnes
2017 3409 2180 3477 hujus

600 3501 972 3556 universitatis
1009 3500 1334 3568 principium
1391 3515 1587 3566 aquam
1617 3503 1890 3569 posuisse,
1931 3494 2078 3568 quod
2110 3513 2173 3549 ex

599 3608 665 3646 ea
694 3601 888 3646 cuncta
921 3591 1206 3660 prodiisse,
1261 3605 1325 3643 ac
1372 3604 1564 3645 rursus
1601 3591 1654 3644 in
1680 3591 1925 3644 eamdem
1955 3589 2178 3642 dissolvi

601 3685 978 3739 arbitraretur.

677 3796 694 3826 ι
729 3775 882 3829 llunc
918 3785 1137 3831 secutus
1164 3775 1583 3832 Anaximander,
1616 3773 1708 3843 qui
1739 3773 1982 3842 ejusdem
2030 3773 2177 3827 Tha-

594 3870 720 3924 letis
748 3869 1144 3923 consuetudine
1181 3883 1242 3921 ac
1278 3866 1644 3920 familiaritate
1702 3863 1836 3919 ustis
1869 3874 2004 3927 erat,
2047 3880 2171 3918 cau-

599 3979 715 4016 sam
748 3963 991 4015 omnium
1025 3960 1250 4016 omnino
1304 3974 1489 4012 rerum
1544 3957 1638 4011 uni
1671 3955 1938 4010 duntaxat
1967 3956 2178 4008 infinito

598 4054 981 4122 assignandam
1014 4067 1135 4106 esse
1167 4052 1382 4114 docuit;
1418 4065 1484 4104 cx
1531 4066 1596 4103 eo
1622 4050 1821 4118 quippe
1845 4064 1967 4102 cum
2011 4048 2176 4101 cwle-

599 4159 710 4204 stes
740 4145 920 4209 orbes,
959 4155 1074 4196 tum
1112 4143 1351 4195 inlinitOs
1397 4143 1551 4209 plane
1598 4141 1834 4194 mundos
1859 4139 2083 4193 eductos
2115 4151 2178 4190 ac

598 4245 840 4290 Secretos
890 4248 1013 4287 esse
1063 4232 1298 4285 dicebat.
1353 4230 1768 4296 Corruptionem
1801 4238 2002 4291 autem,
2035 4227 2178 4278 mul-

602 4337 766 4395 toque
801 4336 926 4382 ante
953 4325 1359 4395 generationem
1414 4324 1585 4391 ipsam
1615 4336 1681 4374 ex
1713 4336 1777 4374 eo
1815 4321 1930 4374 ﬁeri
1967 4326 2178 4373 assere-

601 4424 714 4484 bat,
742 4421 886 4489 quod
917 4420 1102 4473 mundi
1157 4419 1246 4473 isti
1278 4429 1470 4471 omnes
1501 4417 1569 4469 ab
1626 4416 1894 4468 immenso
1937 4412 2173 4482 quodam

2812 3151 3206 3204 ΚΕΦΑΛΛΙΟΝ
3245 3148 3329 3204 Il'.

2324 3244 2498 3309 Δόξαι
2527 3245 2877 3311 φιλοσόφων
2907 3241 3040 3309 περὶ
3072 3241 3182 3309 τῆς
3209 3243 3315 3298 τοῦ
3340 3243 3566 3312 παντὸς
3606 3244 3835 3300 συστὰο

2993 3329 3165 3378 σεως.
3368 3347 3373 3351 -

2366 3425 2382 3456 ι
2415 3405 2630 3476 Θάλητα
2662 3405 2875 3476 πρῶτον
2913 3407 3125 3459 πάντων
3172 3405 3333 3476 φασὶν
3371 3406 3543 3478 ἀρχὴν
3590 3406 3696 3459 τῶν
3728 3406 3867 3458 ὅλων

2290 3497 2693 3568 ὑποστήσασθαι
2721 3497 2780 3549 τὸ
2802 3497 2964 3572 ὕδωρ.
2985 3498 3073 3564 Ἐξ
3101 3498 3267 3553 αὐτοῦ
3291 3501 3398 3571 γὰρ
3419 3496 3641 3554 εἶναιτὰ
3660 3499 3864 3562 πάντα,

2289 3589 2380 3640 καὶ
2409 3591 2487 3651 είς
2517 3589 2647 3642 αὐτὸ
2676 3591 2894 3660 χωρεῖν.

2363 3795 2380 3824 ι
2413 3775 2546 3827 Μεθ’
2582 3773 2639 3827 ὃν
2679 3772 3117 3846 Ἀναξίμανδρον,
3146 3773 3384 3844 Θάλητος
3397 3774 3610 3844 ἑταῖρον
3633 3774 3866 3845 γενόμε-

2285 3886 2393 3932 νον,
2425 3869 2484 3920 τὸ
2515 3869 2739 3938 ἄπειρον
2765 3867 2927 3934 φάναι
2953 3867 3049 3936 τὴν
3077 3868 3255 3919 πᾶσαν
3280 3865 3459 3918 αἰτίαν
3484 3864 3624 3934 ἔχειν
3646 3866 3748 3936 τῆς
3769 3866 3864 3920 τοῦ

2287 3960 2486 4020 παντὸς
2515 3956 2780 4025 γενέσεώς
2814 3975 2869 4010 τε
2905 3957 2998 4010 καὶ
3027 3957 3250 4027 φθορᾶς.
3269 3955 3357 4021 Ἐξ
3383 3949 3444 4008 οῦ
3476 3957 3535 4027 δή
3577 3973 3709 4026 φησι
3737 3958 3866 4021 τούς

2285 4068 2343 4101 τε
2373 4050 2635 4118 οὐρανοὺς
2671 4047 3083 4119 ἀποκεκρίσθαι,
3129 4048 3224 4100 καὶ
3267 4046 3494 4100 καθόλου
3527 4049 3652 4110 τοὺς
3687 4048 3865 4101 ᾶπαν-

2284 4159 2381 4203 τας
2411 4141 2668 4210 ἀπείρους
2695 4140 2850 4204 ὄντας
2877 4143 3128 4210 κόσμους.
3149 4141 3484 4210 Ἀπεφήνατο
3517 4139 3573 4191 δὲ
3598 4139 3694 4210 τὴν
3737 4140 3867 4209 φθο-

2290 4233 2388 4303 ράν
2435 4233 2698 4300 γίνεσθαι,
2728 4234 2821 4285 καὶ
2871 4234 3004 4286 πολὺ
3053 4233 3317 4303 πρότερον
3368 4230 3466 4302 τὴν
3513 4231 3753 4299 γένεσιν,
3807 4235 3863 4299 ἐξ

2286 4326 2514 4396 ἀπείρου
2581 4326 2774 4390 αἰῶνος
2844 4325 3330 4396 ἀνακυκλουμένων
3381 4324 3597 4377 πάντων
3659 4326 3860 4379 αὐτῶν.

2300 4416 2592 4486 Ὑπάρχειν
2631 4415 2686 4467 δέ
2723 4433 2855 4486 φησι
2897 4416 2976 4486 τῷ
3025 4416 3123 4485 μὲν
3155 4414 3392 4484 σχήματι
3424 4411 3522 4482 τὴν
3550 4413 3652 4483 γῆν
3679 4415 3866 4468 κυλιν-

596 4531 712 4568 aevo
777 4521 1036 4580 perpetua
1095 4511 1455 4564 conversione
1526 4507 1894 4561 volverentur.
1952 4504 2176 4558 Terram

2294 4506 2520 4577 δροειδῆ,
2548 4506 2690 4577 ἔχειν
2719 4507 2776 4559 δὲ
2803 4507 3052 4568 τοσοῦτον
3080 4502 3261 4573 βάθος,
3292 4502 3414 4553 ὅσον
3457 4502 3524 4553 ἂν
3561 4500 3646 4573 εἴη
3676 4503 3862 4576 τρίτον

599 4623 729 4660 vero
766 4607 936 4674 figura
973 4601 1277 4673 cylindrum
1334 4601 1554 4665 imitari,
1605 4600 1834 4669 ejusque
1873 4597 2178 4652 altitudinis

598 4717 740 4764 esse,
764 4715 884 4767 qua:
928 4697 972 4750 si
1016 4710 1140 4750 cum
1194 4692 1834 4756 latitudineconferatur,
1862 4693 2075 4746 tertiam
2110 4689 2174 4743 il-

597 4793 703 4844 lius
747 4801 954 4859 partem
1004 4787 1320 4843 constituat.
1383 4784 1649 4837 titulorum
1693 4783 1954 4839 fecundas
2016 4793 2178 4853 atque

597 4882 859 4949 genitales
888 4882 1046 4935 calidi
1069 4880 1360 4949 frigidique
1381 4887 1582 4946 partes,
1614 4875 1757 4929 circa
1783 4876 1971 4930 mundi
2014 4875 2179 4945 hujus

544 5009 547 5012 ‹
602 4973 1036 5044 procreationem
1061 4973 1129 5026 ab
1153 4973 1301 5026 omni
1351 4971 1654 5025 :eternitate
1709 4969 1977 5037 sepositas
2007 4967 2178 5024 fuisse

600 5063 1010 5135 pronuntiabat,
1057 5077 1125 5116 ex
1174 5064 1373 5133 quibus
1400 5061 1634 5121 conﬂata
1690 5059 1902 5130 sphaera
1932 5059 2178 5130 quaedam

673 5244 782 5314 (l9)
825 5241 1219 5315 Πλουζάρχου
1267 5244 1676 5315 Στρᾳωματέων.
1731 5240 1994 5315 ίῡιιὺίιιῐη
2027 5248 2132 5315 _est
2164 5279 2180 5305 ,

599 5310 784 5366 utrum
814 5316 866 5367 id
896 5310 1034 5383 opus
1067 5312 1340 5383 Stromata
1372 5310 1696 5369 Plutarchus
1728 5310 2180 5383 inscripseri_t,_an

603 5387 706 5436 hoc
759 5387 858 5453 ipsi
910 5380 1108 5439 nomen
1164 5381 1432 5437 Eusebius
1477 5394 1662 5438 noster
1714 5383 1987 5453 indiderit.
2023 5380 2183 5453 Aliud

603 5451 824 5521 quidem
855 5467 939 5508 est
975 5457 1041 5508 ab
1072 5470 1139 5509 eo
1166 5455 1309 5524 quod
1337 5463 1520 5507 exstat
1545 5454 1615 5507 De
1644 5451 2181 5524 placit.pltilosoph_o-

607 5542 744 5587 runt,
783 5527 856 5578 uti
893 5525 968 5594 τῷ
1016 5521 1928 5596 dvrnrﬁpaGﬂnguperspicuum
1961 5522 2071 5575 lict.
2104 5521 2181 5573 Ex

606 5612 714 5661 quo
744 5597 974 5648 seorsim
1025 5599 1186 5650 etiam
1225 5595 1379 5650 idem
1415 5595 1612 5648 Euseb.
1646 5596 1783 5648 infra
1816 5596 1908 5647 lib.
1949 5609 2039 5646 xxv
2072 5606 2180 5644 non

607 5682 778 5734 pauca
815 5667 1270 5733 depromet.Qnid
1301 5667 1344 5719 si
1379 5675 1548 5720 totum
1582 5665 1711 5720 illud
1748 5664 2033 5717 Moralium
2071 5678 2183 5730 ope-

612 5753 748 5798 runt,
787 5747 844 5788 ut
874 5736 1035 5801 vulgo
1070 5740 1444 5801 nominantur,
1470 5750 1691 5802 corpus,
1728 5735 2019 5788 hoctitulo
2040 5749 2183 5787 com‘

611 5809 800 5873 pictus
833 5807 946 5861 est?
971 5807 1106 5871 Quid
1134 5811 1276 5863 enim
1309 5818 1420 5864 tam
1456 5806 1884 5878 στρωματοειδές
1907 5820 2067 5874 quam
2092 5804 2180 5858 illa

2289 4600 2426 4670 πρὸς
2460 4600 2521 4651 τὸ
2568 4599 2785 4662 πλάτος.
2823 4598 2962 4668 Φησὶ
3002 4596 3060 4648 δὲ
3090 4595 3152 4646 τὸ
3196 4594 3259 4645 ὲκ
3299 4592 3392 4646 τοῦ
3438 4593 3608 4646 ἀϊδίου
3640 4595 3863 4666 γόνιμον

2288 4690 2490 4761 θερμοῦ
2535 4707 2595 4742 τε
2642 4693 2732 4743 καὶ
2761 4688 2990 4760 ψυχροῦ,
3022 4685 3164 4740 κατὰ
3200 4684 3298 4756 τὴν
3339 4683 3551 4753 γένεσιν
3582 4687 3735 4740 τοῦδε
3771 4686 3860 4739 τοῦ

2289 4784 2494 4854 κόσμου
2515 4783 2896 4855 ἀποκριθῆναι,
2919 4777 3012 4832 καί
3040 4795 3162 4831 τινα
3190 4777 3254 4829 ὲκ
3276 4777 3465 4831 τούτου
3488 4778 3682 4847 φλογὸς
3705 4782 3863 4845 σφαῖ-

2290 4895 2390 4950 ραν
2430 4876 2721 4947 περιφῦναι
2754 4874 2829 4944 τῷ
2854 4871 2981 4943 περὶ
3010 4869 3109 4942 τὴν
3141 4870 3242 4942 γῆν
3270 4869 3411 4942 ἀέρι,
3445 4870 3521 4933 ὡς
3559 4869 3636 4941 τῷ
3663 4870 3861 4941 δένδρῳ

2289 4969 2496 5040 φλοιόν·
2529 4964 2744 5042 ἧστινος
2784 4963 3209 5040 ἀπορραγείσης,
3265 4963 3360 5017 καὶ
3403 4961 3483 5025 είς
3527 4977 3676 5024 τινας
3728 4963 3861 5014 ἀπο-

2291 5061 2630 5132 κλεισθείσης
2675 5059 2924 5121 κύκλους,
2954 5055 3251 5126 ὑποστῆναι
3296 5056 3387 5110 τὸν
3431 5053 3580 5125 ἧλιον
3627 5053 3726 5105 καὶ
3767 5054 3860 5126 τὴν

2291 5280 2590 5341 Plutarchi,
2617 5278 2686 5331 τά
2711 5295 2770 5331 τε
2805 5277 3052 5344 καθόλου,
3084 5280 3176 5332 καὶ
3207 5276 3278 5332 τά
3310 5277 3447 5349 μετὰ
3474 5276 3638 5349 μέρος
3667 5276 3861 5349 συντά-

2292 5368 2512 5423 γματα;
2542 5350 2863 5423 Cujusmodi
2914 5351 3130 5423 suailla
3160 5348 3411 5423 Clemens
3445 5348 3860 5423 _Alexandri_nus

2291 5417 2413 5478 eSSe
2445 5417 2725 5491 profitetur
2751 5421 2844 5474 lib.
2885 5437 2934 5473 ιν
2973 5439 2985 5474 :
3021 5421 3267 5491 Ποικίλα,
3297 5420 3370 5482 ὡς
3399 5419 3539 5491 αὐτό,
3559 5437 3659 5472 που
3684 5417 3861 5491 τοῦνο-

2297 5494 2371 5563 μά
2399 5487 2550 5563 φησι,
2586 5492 2975 5561 διεστρωμὲνα,
3011 5493 3104 5543 ἀπ’
3136 5490 3308 5563 ἄλλοι)Δ
3339 5492 3418 5553 είς
3461 5489 3589 5563 ἄλλο
3642 5487 3859 5563 συνεχὲς

2296 5555 2546 5631 μετιόντα
2570 5579 2582 5590 ·
2622 5555 2752 5615 licet
2793 5555 2936 5630 (l‘UOd
2989 5563 3255 5632 Sequitur»
3286 5560 3470 5632 ἕτερον
3501 5561 3609 5632 μέν-
3637 5577 3688 5611 τι
3723 5555 3858 5632 xit-£2

2291 5626 2380 5683 τὸν
2431 5633 2616 5701 εἱρμὸν
2669 5633 2774 5685 τῶν
2811 5626 2988 5701 λόγων
3042 5626 3332 5702 μηνύοντα,
3368 5626 3761 5702 ἐκδείκνύμενα
3806 5626 3857 5678 ὁὶ

2291 5700 2750 5766 dimicantibus,
2785 5713 2842 5760 ut
2881 5700 3115 5771 Viden”,
3147 5704 3202 5758 in
3254 5703 3357 5760 ista
3409 5700 3681 5756 Plutarchi
3727 5712 3856 5768 opu-

2293 5776 2440 5829 scula
2471 5776 2777 5830 conveniat.
