4028 6332
129 441 188 498 b7
1283 447 1603 504 PREPAB.
1646 449 1892 504 EVANG.
1935 447 2063 503 LIB.
2104 448 2141 502 1.
3257 447 3327 503 58

130 565 356 637 σελήνην,
392 568 482 621 καὶ
510 569 636 633 τοὺς
663 570 1041 642 ἀστέρας.Ἔτι
1087 572 1268 643 φησιν,
1303 573 1383 625 δτι
1422 575 1542 625 κατ’
1568 575 1666 644 ἀρ-

1773 573 1925 642 ignea
1956 568 2343 627 circumfusum
2392 580 2547 624 terrae
2602 584 2780 623 aerem
2817 567 2979 622 veluti
3007 579 3185 623 cortex
3236 584 3326 620 ar-

129 655 212 727 χὰς
231 657 285 721 ἐξ
312 657 595 711 ἁλλοειδῶν
626 659 776 724 ζώων
803 665 829 713 ὁ
853 660 1134 731 ἅνθρωπος
1156 661 1413 733 ἐγεννήθη
1439 679 1451 692 ·
1484 666 1548 715 ὲκ
1571 663 1664 716 τοῦ

129 748 187 799 τὰ
216 747 305 816 μὲν
343 748 471 801 ἄλλα
504 750 571 803 δι’
602 751 807 803 ἑαυτῶν
832 753 969 821 ταχὺ
999 751 1277 822 νέμεσθαι,
1310 739 1467 821 μόνον
1496 753 1552 806 δὲ
1578 754 1666 806 τὸν

130 838 386 910 ἄνθρωπον
415 841 759 912 πολυχρονίου
807 842 1012 895 δεῖσθαι
1057 843 1405 911 τιθηνήσεως·
1446 844 1526 896 διὸ
1574 845 1667 896 καὶ

130 931 229 984 κατ’
263 930 430 1000 ἀρχὰς
461 933 562 985 οὐκ
608 933 672 987 ἄν
713 950 842 986 ποτε
883 934 1121 986 τοιοῦτον
1151 934 1277 986 ὄντα
1316 934 1661 1005 διασωθῆναι.

130 1020 288 1074 Ταῦτα
319 1023 413 1092 μὲν
441 1020 533 1077 οὖν
565 1024 594 1076 ὁ
634 1024 1064 1097 Ἀναξίμανδρος.

1771 665 1958 718 borem
1990 663 2303 718 involveret.
2363 661 2436 716 Ea
2483 663 2726 731 disrupta
2760 676 2883 714 cum
2911 670 3073 724 esset,
3132 675 3194 713 ac
3223 659 3329 711 cir-

1769 752 1908 807 culis
1933 752 2255 821 quibusdam
2309 750 2628 814 interclusa,
2687 751 2853 804 solem
2880 749 3002 801 inde
3040 749 3222 801 lunam
3265 762 3328 801 ac

1768 844 1951 897 stellas
1996 843 2287 896 exstitisse.
2342 842 2606 895 Prmterea
2662 840 2934 894 hominem
2990 853 3054 892 ex
3106 839 3331 893 diversa:

1767 934 1951 987 formae
1980 934 2348 987 animantibus
2376 933 2528 985 initio
2567 931 2803 1000 genitum
2828 945 2946 984 esse
2968 928 3286 983 defendebat
3311 942 3328 980 :

1767 1042 1890 1080 nam
1923 1041 2048 1080 eum
2084 1036 2288 1080 cmlerze
2316 1040 2410 1093 per
2441 1040 2498 1078 se
2526 1025 2674 1092 ipsas
2707 1023 2964 1076 continuo
2989 1031 3198 1090 pastum
3240 1036 3332 1076 ca-

130 1127 342 1183 pessant,
373 1127 481 1172 tum
507 1128 653 1173 certe
685 1119 983 1185 hominem,
1033 1121 1125 1190 qui
1155 1121 1342 1190 perdiu
1395 1121 1530 1177 lacte
1580 1137 1854 1191 Operaque
1915 1131 2142 1175 nutriens
2194 1120 2449 1189 indigeat,
2489 1131 2766 1186 nunquam
2806 1117 2962 1181 alias,
2990 1115 3033 1169 si
3064 1113 3330 1184 ejusmodi

130 1206 264 1270 foret,
295 1227 358 1265 eo
389 1223 627 1282 tempore
657 1215 868 1268 salvum
901 1230 1021 1270 esse
1067 1217 1321 1283 potuisse.
1358 1214 1483 1270 Hzec
1510 1216 1927 1271 Anaximander.

191 1322 210 1356 ι
235 1304 572 1377 Ἀναξιμένην
592 1294 792 1376 δέ’φασι
816 1308 911 1379 τὴν
927 1308 1035 1361 τῶν
1063 1309 1197 1361 ὅλων
1215 1310 1387 1381 ἀρχὴν
1410 1311 1498 1363 τὸν
1530 1311 1664 1381 ἀέρα

131 1397 295 1458 εἰπεῖν,
326 1399 416 1452 καὶ
461 1398 646 1451 τοῦτον
692 1395 830 1453 εἶναι
868 1400 944 1471 τῷ
977 1402 1074 1470 μὲν
1102 1402 1246 1469 γένει
1275 1403 1518 1474 ἄπειρον,
1545 1407 1661 1465 ταῖς

131 1487 177 1540 δὲ
221 1489 336 1560 περὶ
387 1490 544 1542 αὑτὸν
596 1490 871 1561 ποιότησιν
918 1491 1237 1562 ὡρισμένον.
1278 1492 1570 1546 Γεννᾶσθαι
1603 1493 1659 1545 δὲ

131 1581 280 1632 πάντα
306 1581 440 1633 κατά
463 1599 582 1634 τινα
615 1582 885 1635 πύκνωσιν
914 1572 1122 1646 τούτου,
1152 1582 1246 1634 καὶ
1272 1582 1431 1635 πάλιν
1465 1583 1660 1654 ἀραίω-

134 1685 218 1721 σιν.
245 1670 348 1739 Τήν
379 1687 440 1737 γε
471 1671 577 1741 μὴν
607 1671 818 1743 κίνησιν
850 1673 907 1738 ἐξ
935 1673 1124 1735 αἰῶνος
1165 1671 1453 1743 ὑπάρχειν·
1484 1674 1664 1726 πιλου-

133 1760 269 1828 μένου
299 1760 351 1811 δὲ
383 1761 474 1814 τοῦ
508 1761 686 1832 ἀέρος,
727 1760 947 1834 πρώτην
989 1762 1332 1832 γεγενῆσθαιξ
1359 1763 1535 1831 λέγειν
1568 1763 1665 1832 τὴν

1849 1331 1866 1363 ι
1918 1312 2305 1363 Anaximenem
2367 1315 2547 1361 autem
2601 1304 2797 1367 aiunt,
2857 1317 3034 1356 rerum
3088 1302 3331 1355 omnium

1768 1402 2092 1471 principium
2133 1415 2310 1453 aerem
2375 1399 2650 1458 statuisse,
2711 1395 2801 1463 qui
2864 1409 3058 1460 genere
3112 1392 3326 1460 quidem

1768 1495 1885 1562 ipso
1939 1493 2181 1546 inﬁnitus
2202 1498 2362 1555 esset,
2394 1500 2449 1543 at
2475 1490 2636 1543 certis
2661 1487 3010 1557 qualitatibus
3067 1485 3180 1538 suis
3237 1486 3328 1538 de-

1765 1583 1992 1643 tinitus,
2041 1591 2202 1650 atque
2269 1580 2733 1646 circumscriptus.
2794 1574 2964 1643 Hujus
3020 1575 3210 1643 partim
3263 1589 3329 1626 ex

1767 1674 2181 1742 constipatione,
2238 1672 2433 1741 partim
2480 1670 2702 1723 raritate
2756 1666 3079 1721 succedente
3135 1675 3328 1719 cuncta

1772 1764 2015 1834 generari
2051 1781 2064 1816 :
2102 1763 2356 1832 itemque,
2395 1761 2778 1829 sempiternum
2817 1773 2939 1812 esse
2990 1765 3229 1820 motum;
3265 1771 3330 1809 ex

131 1850 233 1918 γῆν,
264 1849 510 1904 πλατεῖαν
543 1852 687 1922 μάλα
708 1876 728 1906 ·.
751 1853 829 1906 διὸ
866 1855 958 1906 καὶ
987 1853 1126 1908 κατὰ
1163 1854 1315 1922 λόγον
1369 1854 1533 1924 αὐτὴν
1578 1854 1667 1905 ὲπ-

1773 1858 1958 1911 eodem
1990 1870 2113 1912 aere
2153 1855 2206 1908 in
2233 1869 2351 1908 sese
2381 1863 2566 1908 coacto
2595 1863 2757 1919 atque
2788 1867 3100 1920 compresso
3133 1861 3330 1903 terram

131 1940 340 2007 οχεῖσθαι
371 1943 509 2014 ἀέρι,
540 1944 744 1997 καὶτὸν
779 1945 928 2014 ἥλιον
959 1948 1051 1999 καὶ
1078 1946 1176 2017 τὴν
1207 1946 1448 2017 σελήνην,
1483 1946 1572 1998 καὶ
1600 1945 1666 1998 τὰ

131 2030 268 2084 λοιπά
299 2035 486 2106 ἄστρα,
517 2036 617 2106 τὴν
647 2036 818 2108 ἀρχὴν
850 2037 948 2106 τῆς
981 2038 1246 2104 γενέσεως
1272 2039 1335 2090 ἐκ
1370 2038 1470 2107 γῆς
1501 2036 1659 2105 ἔχειν.

142 2123 489 2191 Ἀποᾳαίνεται
517 2127 648 2195 γοῦν
674 2129 762 2180 τὸν
786 2129 953 2198 ἥλιον,
989 2128 1091 2198 γῆν
1113 2147 1124 2158 ·
1154 2129 1241 2182 διὰ
1272 2129 1327 2181 δὲ
1361 2128 1457 2197 τὴν
1489 2126 1664 2190 ὀξεῖαν

131 2215 335 2284 κίνησιν,
376 2220 466 2271 καὶ
517 2220 638 2290 μάλ’
682 2219 878 2284 ἱκανῶς
927 2220 1264 2291 θερμοτάτην
1311 2221 1520 2290 κίνησιν
1569 2219 1666 2271 λα.

132 2305 244 2358 ὕεῖν.

1774 1949 2014 2000 omnium
2045 1946 2339 2014 principem
2369 1961 2595 2014 eamque
2619 1946 2780 1998 latam
2827 1942 3118 1996 admodum
3151 1953 3329 1993 natam

1772 2051 1912 2098 esse,
1950 2036 2167 2104 aerique
2202 2044 2483 2104 propterea
2536 2035 2658 2104 jure
2686 2036 2855 2103 ipsam
2887 2050 2950 2087 ac
2976 2034 3168 2086 merito
3197 2033 3331 2083 insi-

1771 2127 1920 2181 dere.
1979 2126 2156 2181 Solem
2193 2144 2372 2196 porro,
2426 2129 2629 2188 lunam,
2685 2143 2746 2180 ac
2799 2127 3058 2195 reliquam
3092 2125 3330 2178 siderum

1771 2218 2169 2273 multitudinem
2194 2235 2256 2273 ex
2287 2228 2426 2272 terra
2451 2220 2535 2274 sui
2573 2219 2892 2287 principium
2929 2217 3032 2287 23
3056 2226 3206 2270 ortus
3239 2216 3332 2267 ha-

1771 2310 1973 2364 buisse.
2005 2310 2181 2374 Quare
2215 2312 2379 2364 solem
2410 2312 2624 2380 quidem
2665 2313 2839 2379 ipsum
2872 2320 3074 2363 terram
3123 2324 3333 2361 nuncn-

131 2399 288 2468 pabat,
318 2401 560 2454 eumdem
621 2410 800 2455 tamen
851 2401 1217 2455 arbitrabatur
1270 2403 1645 2457 incitatissimo
1676 2418 1837 2457 cursu
1873 2404 2408 2458 vehementissitnum
2450 2404 2598 2457 illum
2628 2403 2881 2466 calorem,
2929 2401 3089 2470 idque
3137 2416 3333 2469 oppor-

132 2497 238 2543 tune
267 2493 568 2556 admodum,
608 2509 729 2547 esse
755 2503 1128 2546 consecutum.

196 2599 211 2629 ι
235 2579 522 2653 Ξενοφάνης
551 2583 608 2635 δὲ
644 2583 672 2634 ὁ
704 2583 1068 2652 Κολοφώνιος,
1108 2585 1241 2637 ἰδίαν
1273 2584 1388 2637 τινὰ
1421 2585 1533 2637 ὁδὸν
1568 2601 1664 2636 πε·-

133 2673 453 2742 πορευμένος,
490 2674 584 2727 καὶ
633 2675 1039 2746 παρηλλαχυῖαν
1087 2677 1290 2740 πάντας
1332 2679 1453 2739 τοὺς
1487 2694 1667 2747 προει-

135 2762 404 2831 ρημένους,
447 2763 571 2817 οὔτε
628 2765 872 2833 γένεσιν,
931 2766 1052 2819 οὔτε
1108 2767 1310 2838 φθορὰν
1358 2767 1665 2820 ἀπολείπει·

135 2853 229 2904 ἀλλ’
258 2850 383 2906 εἶναι
432 2855 577 2924 λέγει
627 2857 687 2908 τὸ
719 2858 824 2908 πᾶν
860 2858 945 2909 ἀεὶ
963 2847 1176 2926 Ἐμοιον.
1226 2858 1287 2909 Εἰ
1322 2857 1424 2927 γὰρ
1472 2859 1670 2924 γίνοιτο

135 2944 286 3008 τοῦτο,
311 2948 488 3019 φησιν,
521 2951 812 3015 ἀναγκαῖον
845 2949 948 3018 πρὸ
969 2950 1151 3000 τούτου
1188 2949 1261 3018 μὴ
1295 2945 1449 3001 εἶναι.
1484 2948 1556 3000 Τὸ
1595 2947 1666 3018 μὴ

1848 2601 1865 2633 ‹
1901 2581 2016 2634 Jam
2049 2595 2172 2632 vero
2209 2576 2566 2646 Xenophanes
2592 2575 2959 2645 Colophonius
3005 2574 3331 2642 singularem

1773 2678 2058 2745 quamdam
2092 2673 2347 2726 insistens
2381 2672 2541 2734 viam,
2575 2679 2628 2722 ct
2661 2671 2727 2722 ab
2755 2685 2963 2728 eormn,
2990 2684 3124 2736 quos
3154 2668 3332 2720 adhuc

1775 2768 2147 2826 produximus,
2178 2766 2417 2819 omnium
2447 2764 2695 2832 opinione
2717 2763 3102 2823 deflectentem,
3125 2760 3330 2812 nullum

1774 2862 1986 2931 penitus
2019 2860 2100 2911 vel
2131 2868 2308 2910 ortum
2344 2857 2427 2908 vel
2477 2856 2746 2908 interitum
2782 2853 3050 2922 relinquit,
3080 2852 3164 2905 sui
3191 2867 3334 2904 sem-

1776 2967 1866 3019 per
1899 2950 2074 3004 simile
2105 2950 2203 3000 hoc
2233 2948 2543 3000 universum
2593 2960 2712 2998 esse
2754 2954 2922 2996 ratus.
2960 2942 3015 2996 Si
3050 2943 3190 2995 enim
3238 2941 3330 2995 de-

135 3035 182 3087 ὃν
209 3036 276 3099 δὲ,
304 3038 396 3090 οὐκ
424 3040 487 3092 ἂν
515 3041 756 3107 γένοιτο,
787 3038 892 3092 οὐδ’
927 3040 991 3092 ἂν
1024 3039 1083 3092 τὸ
1126 3040 1199 3111 μὴ
1247 3039 1306 3092 ὃν
1340 3040 1562 3108 ποιήσαι
1589 3057 1662 3100 τι,

1773 3055 1860 3097 tur
1891 3050 2224 3110 procreatum
2257 3039 2384 3092 illud
2413 3054 2550 3098 esse,
2594 3037 2847 3090 continuo
2896 3044 3206 3088 secuturum
3255 3035 3330 3087 uti

135 3125 237 3178 οὔτε
277 3129 372 3180 ὑπὸ
397 3130 484 3183 τοῦ
518 3131 593 3201 μὴ
639 3130 788 3192 ὄντος
822 3129 1012 3198 γένοιτ’
1046 3130 1110 3183 ἄν
1158 3149 1207 3182 τι

135 3219 182 3273 δὲ
216 3220 300 3273 καὶ
339 3222 429 3285 τὰς
461 3223 740 3294 αἰσθήσεις
769 3224 1013 3293 ψευδεῖς,
1045 3225 1140 3277 καὶ
1179 3224 1402 3277 καθόλου
1439 3225 1533 3276 σὺν
1568 3226 1665 3276 αὺ-

133 3315 235 3375 τατς
270 3315 357 3365 καὶ
409 3315 569 3366 αὑτὸν
626 3315 715 3368 τὸν
750 3315 906 3384 λόγον
953 3315 1243 3369 διαϐάλλει.
1292 3315 1667 3382 Ἀπονραίνεται

134 3403 181 3456 δὲ
213 3406 296 3457 καὶ
323 3405 391 3474 τῷ
421 3405 600 3476 χρόνῳ
645 3407 1090 3478 καταφερομένην
1125 3406 1383 3477 συνεχῶς,
1421 3409 1513 3459 καὶ
1547 3409 1666 3458 κατ’

132 3496 283 3564 ὀλίγον
325 3498 413 3566 τὴν
453 3497 554 3566 γῆν
597 3498 676 3560 εἰς
726 3499 820 3568 τὴν
861 3497 1134 3551 θάλασσαν
1168 3501 1383 3569 χωρεῖνσ
1425 3499 1555 3568 φησι
1605 3497 1662 3548 δὲ

133 3590 209 3640 καὶ
232 3589 312 3640 τὸν
339 3590 478 3659 ἥλιον
501 3591 564 3641 ἐκ
599 3590 805 3659 μικρῶν
833 3591 926 3641 καὶ
952 3589 1208 3642 πλειόνων
1244 3590 1451 3660 πυρίων
1484 3588 1667 3658 ἁθροία

135 3679 314 3742 ζεσθαι.
360 3681 734 3750 Ἀποφαίνεται
755 3681 810 3732 δὲ
838 3682 928 3733 καὶ
966 3683 1092 3751 περὶ
1123 3682 1278 3744 θεῶν,
1308 3683 1381 3743 ὡς
1414 3682 1667 3749 οὐδεμιᾶς

134 3773 392 3843 ἡγεμονίας
422 3777 478 3828 ὲν
510 3775 692 3837 αὐτοῖς
736 3773 900 3844 οὔσης
925 3791 937 3803 ·
993 3773 1053 3825 οὐ
1092 3773 1198 3844 γὰρ
1239 3774 1381 3825 ὅσιον
1411 3772 1666 3835 δεσπόζε-

135 3863 237 3916 σθαί
266 3882 376 3918 τινα
431 3867 537 3920 τῶν
571 3866 725 3918 θεῶν·
768 3864 1064 3919 ὲπιδεῖσθαί
1110 3882 1168 3916 τε
1226 3863 1448 3935 μηδενὸς
1493 3863 1668 3914 αὐτῶν

137 3956 311 4025 μηδένα
342 3958 450 4028 μηδ’
481 3957 617 4021 ὅλως
637 3975 649 3988 ·
679 3958 894 4011 ἀκούειν
919 3957 974 4010 δὲ
1008 3956 1101 4010 καὶ
1131 3957 1258 4027 ὀρᾷν
1290 3954 1538 4011 καθόλου.
1572 3953 1666 4006 καὶ

137 4045 198 4116 μὴ
225 4047 350 4100 κατὰ
381 4049 554 4120 μέρος.
587 4049 965 4117 Ἀποφαίνεται
991 4048 1047 4101 δὲ
1069 4049 1160 4100 καὶ
1193 4049 1289 4118 τὴν
1311 4046 1413 4116 γῆν
1447 4034 1666 4114 ἄπειρον

136 4131 282 4202 εἶναι,
330 4142 411 4193 καὶ
459 4139 599 4192 κατὰ
657 4142 764 4193 πᾶν
820 4141 982 4211 μέρος
1027 4139 1099 4210 μὴ
1157 4138 1501 4208 περιέχεσθαι
1563 4135 1667 4186 ὑπὸ

136 4227 286 4298 ἀέρος’
317 4232 548 4300 γίνεσθαι
593 4231 649 4283 δὲ
701 4231 914 4284 ἅπαντα
948 4234 1011 4283 ὲκ
1065 4232 1200 4300 γῆς’
1251 4232 1339 4282 τὸν
1401 4231 1459 4281 δὲ
1516 4230 1666 4300 ἥλιόν

139 4334 247 4384 φησι
270 4324 435 4377 καὶτὰ
455 4324 588 4378 ἄλλα
612 4323 785 4393 ἄστρα
813 4324 876 4374 ἐκ
907 4321 1014 4373 τῶν
1047 4321 1222 4389 νεφῶν
1254 4321 1518 4390 γίνεσθαι.

1285 3132 1339 3181 Ἀ
1349 3130 1666 3198 ποιραίνεται

1770 3133 1919 3201 prius
1953 3146 2056 3182 non
2095 3129 2281 3193 fuerit;
2317 3128 2368 3180 id
2421 3137 2618 3189 autem,
2654 3125 2797 3194 quod
2850 3139 2958 3177 non
3012 3134 3127 3188 est,
3158 3141 3331 3192 neque

1771 3227 1903 3289 fieri,
1936 3240 2106 3294 neque
2141 3223 2285 3276 aliud
2333 3222 2556 3284 edicere,
2584 3235 2754 3289 neque
2797 3234 2986 3272 rursus
3022 3234 3084 3272 ex
3121 3232 3184 3271 eo
3219 3217 3330 3270 fieri

1770 3319 2060 3387 quidquam
2123 3330 2300 3383 posse.
2363 3313 2625 3367 Prmterea
2691 3327 2882 3366 sensus
2943 3309 3156 3363 fallaces
3215 3323 3332 3362 esse

1769 3408 2062 3470 contendit,
2091 3424 2305 3474 unaque
2327 3422 2450 3458 cum
2483 3407 2586 3458 illis
2618 3405 2786 3472 ipsam
2825 3418 3038 3471 quoque
3066 3402 3328 3454 rationem

1770 3504 1821 3556 in
1852 3501 2100 3556 omnibus
2128 3499 2464 3552 criminatur.
2495 3496 2714 3549 Terram
2753 3509 3038 3563 progressu
3076 3493 3330 3559 temporis

1766 3594 2103 3647 continenter
2131 3593 2379 3645 deorsum
2408 3589 2555 3653 ferri,
2609 3605 2668 3640 ac
2701 3588 2956 3655 paulatim
2994 3587 3044 3638 in
3077 3601 3223 3638 mare
3256 3586 3333 3637 la-

1768 3685 1861 3737 bi:
1906 3686 2071 3738 solem
2123 3695 2296 3736 autem
2355 3698 2420 3735 ex
2471 3682 2682 3752 pusillis
2742 3681 3041 3750 iisdemque
3088 3681 3332 3749 pluribus

1769 3775 2016 3844 igniculis
2045 3774 2334 3826 conﬂatum
2388 3788 2508 3826 esse
2548 3772 2728 3825 tradit.
2774 3771 2911 3836 Quin
2945 3772 3103 3826 etiam
3133 3772 3198 3824 de
3230 3772 3333 3824 diis

1770 3862 1842 3913 ita
1876 3861 2135 3928 disputat,
2166 3862 2370 3913 nullum
2410 3871 2467 3912 ut
2503 3862 2640 3912 inter
2681 3876 2774 3914 cos
2803 3876 2921 3914 esse
2972 3861 3332 3928 principatum

1772 3954 2081 4015 existimet,
2150 3954 2293 4019 quod
2351 3953 2502 4006 nefas
2565 3946 2750 4021 utique
2806 3953 3049 4004 videatur
3107 3953 3330 4005 deorum

1772 4059 2093 4114 quemquam
2156 4044 2378 4096 alterius
2436 4043 2571 4095 ferre
2629 4043 3004 4095 dominatum:
3055 4057 3167 4094 rem
3213 4055 3335 4096 esse

1773 4136 1995 4197 nullam,
2029 4134 2093 4188 ad
2124 4150 2284 4203 quam
2320 4134 2481 4187 ullius
2512 4134 2755 4204 ipsorum
2813 4136 3015 4188 auxilio
3054 4136 3191 4188 alius
3217 4150 3334 4187 om—

1773 4229 1903 4282 nino
1938 4227 2219 4296 quisquam
2258 4226 2531 4293 indigeat:
2571 4229 2787 4280 eosdem
2843 4243 3005 4296 porro
3053 4237 3244 4279 cuneta
3278 4226 3331 4278 in

1773 4319 2082 4373 universum
2121 4319 2307 4371 audire
2339 4319 2536 4379 pariter
2565 4335 2627 4371 ac
2649 4334 2887 4378 cernere,
2913 4319 3182 4386 sigillatim
3209 4333 3332 4371 vero

137 4425 189 4464 ac
207 4428 290 4480 per
312 4427 481 4482 partes
511 4416 666 4470 nihil.
698 4413 978 4469 Postremo
1011 4422 1207 4465 terram
1253 4412 1516 4465 infinitam
1575 4427 1717 4475 esse,
1759 4427 1859 4464 nec
1888 4425 2075 4463 omnes
2105 4410 2245 4462 illius
2271 4421 2446 4477 partes
2489 4424 2610 4462 aere
2651 4409 2936 4472 contineri,
2969 4409 3104 4463 nihil
3133 4426 3239 4464 non
3268 4428 3333 4467 ex

139 4519 188 4558 ea
214 4511 480 4574 procreari,
513 4510 680 4565 solem
708 4517 887 4562 tamen
922 4524 985 4562 ac
1026 4507 1233 4575 reliqua
1284 4507 1458 4559 sidera
1511 4522 1662 4559 suam
1706 4505 1938 4556 nubibus
1970 4503 2228 4568 originem
2262 4503 2456 4554 debere
2481 4503 2818 4569 pronuntiat.

200 4603 559 4677 (Παρμενίδης
609 4605 666 4657 δὲ
712 4607 740 4658 ὁ
780 4595 1033 4675 Ἐλεάτης
1063 4606 1275 4674 ἑταῖρος
1308 4602 1658 4671 Ξενοφάνους,
1698 4607 1744 4664 ι)

141 4689 237 4761 ἅμα
268 4694 354 4762 μὲν
380 4696 464 4747 καὶ
508 4695 617 4748 τῶν
650 4695 836 4748 τούτου
885 4693 1048 4758 δοξῶν
1090 4694 1500 4762 ἀντεποιήσατο,
1551 4693 1665 4761 ἃμα

140 4781 187 4833 δὲ
213 4787 295 4836 καὶ
327 4785 414 4855 τὴν
443 4786 687 4838 ἐναντίαν
717 4788 1094 4856 ἐνεχειρήσατο
1120 4786 1324 4838 στάσιν.
1347 4786 1533 4837 Ἀΐδιον
1572 4785 1665 4854 μὲν

140 4873 230 4944 γὰρ
262 4875 317 4928 τὸ
348 4879 479 4941 πᾶν,
525 4877 621 4929 καὶ
655 4877 906 4946 ἀκίνητον
945 4878 1332 4946 ἀποφαίνεται,
1386 4877 1478 4929 καὶ
1530 4877 1666 4927 κατὰ

141 4964 220 5034 τὴν
247 4967 342 5020 τῶν
377 4968 704 5040 πραγμάτων
759 4966 1040 5036 ἀλήθειαν·
1076 4964 1213 5018 εἶναι
1260 4968 1367 5039 γὰρ
1415 4968 1542 5019 αὐτὸ
1575 4968 1667 5037 μό-

141 5067 242 5114 νον,
296 5057 603 5128 μουνογενές
663 5073 723 5109 τε
772 5057 864 5109 καὶ
922 5056 1179 5123 ἀτρεμὲς,
1222 5055 1301 5121 ἡδ’
1369 5055 1660 5122 ἀγένητον·

142 5143 320 5212 γένεσιν
345 5151 396 5204 δὲ
416 5153 520 5205 τῶν
551 5150 669 5204 καθ’
694 5148 957 5218 ὑπόληψιν
990 5148 1154 5218 ψευδῆ
1191 5146 1484 5198 δοκούντων
1508 5143 1662 5197 εἶναι·
1690 5150 1696 5156 ’

143 5235 220 5288 καὶ
251 5239 339 5302 τὰς
377 5243 652 5314 αἰσθήσεις
696 5241 942 5296 ἐκϐάλλει
974 5241 1036 5292 ὲκ
1077 5240 1174 5308 τῆς
1220 5238 1491 5307 ἀληθείας.
1531 5239 1668 5304 Φησὶ

148 5325 210 5392 δὲ,
232 5329 302 5382 ὅτι
327 5332 434 5384 εἴτι
467 5320 618 5406 παρὰ
645 5334 705 5387 τὸ
736 5333 794 5385 ὃν
823 5321 1074 5404 ὑπάρχει,
1109 5331 1263 5384 τοῦτο
1292 5330 1388 5380 οὐκ
1426 5327 1558 5378 ἔστι.
1599 5346 1665 5381 ,ν’

146 5415 196 5467 τὺ
220 5417 270 5470 δὲ
295 5420 364 5491 μὴ
390 5421 465 5485 ὃν,
489 5425 547 5476 ὲν
570 5425 680 5486 τοῖς
711 5424 853 5486 ὅλοις
883 5425 980 5475 οὐκ
1014 5423 1178 5475 ἔστιν.
1208 5422 1390 5482 Οὕτως
1413 5416 1502 5472 οὖν
1527 5420 1585 5471 τὸ
1610 5420 1667 5471 ὃν

148 5506 369 5581 ἀγένητον
409 5513 720 5566 ἀπολείπει·
771 5513 917 5583 λέγει
945 5513 1003 5566 δὲ
1045 5514 1142 5582 τὴν
1194 5514 1296 5583 γῆν
1335 5511 1424 5563 τοῦ
1468 5510 1669 5563 πυκνοῦ

149 5604 503 5675 καταρρυέντος
527 5605 684 5676 ἀέρος
707 5604 1005 5673 γεγονέναι.

1853 4618 1870 4648 ‹
1911 4597 2256 4650 Parmenides
2283 4605 2462 4649 autem
2496 4595 2705 4650 Eleates
2729 4637 2744 4662 ,
2793 4596 3141 4665 Xenophanis
3185 4598 3330 4666 ejus-

1772 4691 1890 4742 dem
1923 4688 2224 4750 familiaris,
2257 4687 2453 4758 partim
2491 4686 2556 4740 ad
2604 4687 2748 4741 illius
2778 4704 2893 4743 sese
2926 4690 3206 4757 opiniones
3239 4690 3333 4739 ad-

1765 4781 1966 4849 jnnxit,
1990 4779 2183 4848 partim
2208 4777 2532 4832 contrariam
2559 4779 2850 4847 quamdam
2883 4779 3112 4832 instituit
3145 4777 3334 4831 factio—

1773 4871 2175 4940 netn.'Etenim
2232 4873 2616 4942 sempiternum
2665 4886 2785 4925 esse
2827 4871 3009 4922 orbem
3047 4870 3186 4923 hunc
3216 4871 3333 4924 uni-

1771 4979 2007 5028 versum,
2036 4965 2290 5033 omnique
2341 4974 2488 5018 motu
2535 4978 2750 5025 carere;
2807 4963 3082 5030 ipsiusque
3130 4973 3334 5017 natura:

1772 5059 2046 5110 veritatem
2099 5059 2320 5111 omnino
2373 5065 2619 5111 constare
2666 5053 2945 5118 defendit;
3008 5054 3329 5122 singularem

1774 5151 1913 5202 enim
1949 5149 2095 5201 illum
2133 5161 2185 5202 et
2222 5151 2527 5219 unigenam,
2555 5147 2801 5201 stabilem
2837 5163 2898 5200 ac
2918 5148 3154 5216 quietum
3177 5188 3190 5211 ,
3235 5161 3332 5200 nec

1771 5249 1915 5293 certe
1944 5239 2123 5310 aliquo
2149 5250 2384 5307 tempore
2410 5247 2720 5307 generatum
2745 5253 2898 5304 esse;
2933 5239 3327 5307 generationem

1770 5347 1931 5400 porro
1958 5331 2024 5385 ad
2052 5349 2110 5385 ea
2139 5332 2327 5399 rejicit,
2357 5345 2475 5398 qua:
2506 5329 2639 5385 falsa
2665 5332 2895 5401 quadam
2943 5329 3194 5397 opinione
3229 5343 3298 5396 pu
3318 5358 3331 5366 ~

1772 5431 1950 5477 tentur
1979 5438 2131 5486 esse,
2185 5423 2426 5489 adeoque
2472 5439 2666 5478 sensus
2711 5438 2899 5477 omnes
2951 5422 3332 5476 communione

1776 5514 2018 5568 veritatis
2047 5512 2298 5567 excludit.
2330 5513 2571 5570 Allirmat
2600 5527 2873 5586 prreterea,
2902 5515 2946 5568 si
2985 5513 3110 5583 quid
3143 5524 3331 5583 praeter

1776 5605 1849 5669 id,
1879 5607 2020 5674 quod
2059 5620 2182 5658 vere
2209 5614 2311 5670 est,
2342 5609 2552 5676 uspiam
2596 5610 2840 5668 exsistat,
2869 5606 2993 5658 illttd
3027 5607 3198 5674 ipsum
3233 5604 3331 5658 ali-

152 5698 254 5764 quid
283 5716 380 5754 non
408 5716 563 5756 esse:
594 5701 736 5769 quod
759 5709 936 5755 autem
973 5701 1175 5770 aliquid
1225 5717 1331 5753 non
1391 5700 1494 5765 sit,
1540 5699 1591 5752 id
1652 5699 1906 5754 universo
1959 5701 2179 5753 minimc
2225 5703 2533 5755 contineri:
2565 5702 2707 5770 quod
2765 5701 2922 5770 igitur
2967 5718 3090 5756 vere
3129 5710 3229 5758 est.
3278 5700 3327 5752 id

153 5807 449 5868 nequaquam
481 5812 602 5854 esse
625 5797 860 5867 genitum
891 5813 951 5854 ea
985 5799 1189 5854 ratione
1213 5797 1504 5854 concludit.
1532 5797 1667 5852 Cum
1709 5795 1939 5867 denique
1990 5797 2068 5852 vis
2120 5812 2311 5868 magna
2347 5798 2612 5854 densioris
2663 5797 2802 5852 aeris
2872 5798 3146 5866 deﬂueret,
3209 5796 3329 5850 inde

155 5895 314 5946 terram
341 5894 606 5949 exstitisse
632 5893 898 5963 opinatur.
