3980 6338
598 522 668 579 59
1269 523 1541 580 EUSEBII
1579 524 2052 584 cmsamansxs
2089 528 2238 584 ore.
2281 525 2459 582 prius
2494 525 2555 581 ιι.
2588 554 2657 566 -
2694 524 3192 582 APOLOGETlCA.
3359 493 3362 496 ’
3783 522 3854 578 eo

676 658 693 688 ι
730 635 877 691 Zeno
909 635 1129 705 quidem
1159 635 1369 691 Eleates
1401 637 1532 691 nihil
1557 639 1656 693 hoc
1682 639 1734 693 in
1759 656 1954 711 genere
1982 642 2166 712 singn-
2196 652 2241 705 Α

596 729 713 784 lare
740 728 997 797 vulgavit,
1029 728 1120 782 sed
1149 728 1371 797 ancipiti
1395 728 1506 783 lere
1530 730 1888 786 dubitationis
1917 741 2052 787 testu
2073 731 2176 787 ﬂu-

595 818 810 874 ctuavit
1224 877 1225 880 η
1861 836 1864 838 ν

676 929 692 959 ι
735 912 796 962 At
823 923 950 961 vero
980 906 1321 961 Democritus
1353 907 1640 962 Abderites
1672 909 2011 972 universum,
2031 908 2176 977 quod

593 997 905 1054 eﬂ‘eetorcm
926 999 1008 1053 sui
1038 1014 1100 1053 ac
1131 997 1437 1051 molitorem
1466 999 1662 1052 habeat
1692 1000 1984 1065 neminem,
2004 999 2177 1052 inlini-

598 1098 710 1141 tum
744 1105 864 1142 esse
919 1089 1032 1142 vult
1077 1089 1364 1157 omnisque
1395 1090 1715 1144 mutationis
1761 1105 1973 1158 expers.
2027 1089 2172 1143 ldem

595 1197 816 1249 quoque
869 1180 1090 1234 disertis
1149 1180 1533 1248 conceptisque
1566 1180 1744 1234 verbis
1797 1180 2028 1246 asserit,
2073 1180 2176 1234 hoc

596 1272 784 1324 mundi
819 1281 984 1337 statu,
1018 1288 1197 1326 rerum
1239 1270 1424 1326 earum
1465 1288 1602 1342 qua:
1635 1288 1777 1334 nunc
1827 1272 2130 1327 elliciantur
2155 1312 2173 1338 ,

593 1378 794 1418 causas
826 1365 1030 1416 nullum
1064 1366 1279 1433 penitus
1307 1366 1505 1418 habere
1537 1367 1863 1435 principium
1891 1383 1904 1432 ;
1939 1366 2031 1420 sed
2055 1382 2176 1436 quae

601 1455 683 1507 vel
745 1455 963 1508 Γυιινιιιιι
1013 1467 1191 1522 antea,
1224 1442 1307 1510 vel
1375 1474 1520 1511 nunc
1584 1449 1747 1523 sunt,
1803 1459 1883 1512 vel
1947 1462 2174 1528 posthac

595 1543 776 1599 futura
799 1546 905 1617 24
919 1556 1046 1600 sunt
1070 1549 1272 1610 omnia,
1298 1547 1408 1616 jam
1441 1547 1566 1600 olim
1593 1548 1787 1600 inﬁniti
1821 1548 1974 1617 plane
1998 1550 2175 1620 spatio

594 1640 856 1706 temporis
885 1640 930 1690 vi
963 1641 1199 1708 quadam
1235 1641 1573 1695 necessitatis
1605 1642 1850 1710 colligata
1885 1657 2023 1697 esse.
2057 1641 2172 1697 Soli

591 1745 760 1798 porro
793 1746 855 1783 ac
888 1731 1031 1784 lim-.e
1057 1733 1454 1801 generationem
1480 1734 1745 1798 attribuit,
1779 1749 1842 1787 ac
1867 1743 1980 1788 tum
2015 1749 2169 1789 seor-

592 1819 697 1871 sim
736 1827 1028 1888 utrumque
1060 1820 1217 1875 docet
1241 1825 1502 1892 proprios
1537 1824 1792 1879 habuisse
1821 1835 2022 1888 motus,
2047 1841 2171 1878 eum

595 1906 835 1959 nomium
886 1925 1056 1977 usque
1110 1911 1243 1965 adeo
1287 1912 1518 1966 calidam
1573 1913 1732 1967 ambo
1771 1914 2173 1986 fulgentemque

2345 660 2365 692 ε
2397 641 2577 710 Ζήνων
2599 639 2655 692 δὲ
2682 641 2710 692 6
2740 638 3011 709 Ἐλεάτης,
3041 638 3168 691 ἴδιον
3205 636 3300 708 μὲν
3331 636 3480 691 οὐδὲν
3513 634 3741 707 ἐξέθετο,
3773 635 3854 693 δι-

2286 731 2532 802 ηπόρησε
2559 731 2616 782 δὲ
2649 723 3001 802 περὶτούτων
3029 730 3120 783 ἐπὶ
3154 728 3357 784 πλεῖον.

2358 929 2376 961 ι
2401 910 2736 979 Δημόκριτος
2757 910 2785 962 6
2815 908 3128 979 Ἀϐδηρίτης
3148 908 3487 978 ὑπεστήσατο
3503 905 3562 959 τδ
3579 907 3681 960 πᾶν
3701 905 3855 958 ἄπει-

2283 1017 2396 1071 ρον,
2433 1000 2520 1053 διὰ
2561 999 2621 1051 τὸ
2659 999 2918 1069 μηδαμῶς
2967 998 3069 1050 ὑπό
3107 1015 3249 1060 τινος
3297 997 3426 1049 αὐτὸ
3460 996 3853 1067 δεδημιουργῆ-

2285 1091 2438 1143 σθαι·
2474 1089 2552 1141 ἔτι
2595 1089 2651 1142 δὲ
2685 1091 2780 1142 καὶ
2811 1088 3183 1160 ἀμετάϐλητον
3228 1089 3358 1142 αὐτὸ
3401 1088 3578 1155 λέγει’
3615 1091 3705 1140 καὶ
3745 1105 3853 1140 κα-

2283 1182 2474 1246 θόλου,
2525 1176 2633 1235 οἷον
2681 1182 2787 1234 πᾶν
2839 1183 2982 1245 ἐστι,
3035 1179 3211 1252 ῥητῶς
3255 1179 3526 1232 ἐκτίθεται
3577 1181 3852 1250 μηδεμίαν

2281 1273 2455 1345 ἀρχὴν
2479 1272 2620 1344 ἔχειν
2645 1273 2748 1336 τὰς
2781 1273 2960 1336 αἰτίας
2995 1273 3098 1326 τῶν
3131 1274 3222 1326 νῦν
3247 1273 3580 1342 γιγνομένων
3604 1290 3616 1302 ·
3647 1271 3852 1326 ἀνωθεν

2280 1367 2335 1420 δὲ
2368 1369 2504 1432 ὅλως
2534 1367 2591 1434 ἐξ
2619 1368 2844 1438 ἀπείρου
2871 1365 3059 1436 χρόνου
3088 1353 3512 1434 προκατέχεσθαι
3537 1367 3601 1434 τῇ
3637 1364 3855 1436 ἀνάγκῃ

2280 1459 2438 1513 πάνθ’
2484 1460 2669 1522 ἁπλῶς
2708 1457 3073 1527 τάγγεγονότα
3125 1457 3218 1509 καὶ
3269 1456 3396 1506 ὄντα
3441 1456 3534 1507 καὶ
3587 1455 3844 1524 ἐσόμενα.

2928 1549 3135 1618 γένεσίν
3159 1537 3310 1620 φησιν
3331 1548 3448 1600 κατ’
3470 1547 3602 1600 ἰδίαν
3615 1509 3722 1616 δὴι(
3735 1547 3846 1614 19⁸)

2281 1645 2538 1716 φέρεσθαι
2584 1643 2755 1696 ταῦτα
2794 1640 3018 1713 μηδέπω
3061 1639 3384 1710 τοπαράπαν
3417 1636 3607 1706 ἔχοντα
3643 1633 3854 1705 θερμὴν

2279 1736 2460 1806 φύσιν,
2510 1734 2641 1805 μηδὲ
2677 1733 2783 1804 μὴν
2820 1730 3047 1784 καθόλου
3092 1728 3511 1801 λαμπροτάτην,
3545 1725 3853 1780 τούναντίον

2277 1831 2334 1882 δὲ
2368 1827 2788 1897 ὲξωμοιωμένην
2819 1827 2885 1896 τῇ
2917 1822 3044 1894 περὶ
3075 1821 3171 1893 τὴν
3204 1822 3306 1893 γῆν
3351 1819 3530 1889 φύσει·
3567 1816 3852 1886 γεγονέναι

2277 1921 2385 1992 γὰρ
2413 1920 2670 1990 ἑκάτερον
2695 1918 2898 1970 τούτων
2923 1915 3182 1986 πρότερον
3201 1913 3301 1965 -ἔτι
3331 1913 3450 1964 κατ’
3491 1909 3623 1963 ἰδίαν
3654 1907 3854 1962 61:060—

590 2005 844 2051 naturam
895 2000 1236 2068 obtinerent,
1296 2005 1390 2057 sed
1449 2010 1678 2060 terrena:
1728 2007 1909 2074 potius
1966 2015 2167 2060 natura

2278 2007 2374 2077 λήν
2408 2022 2527 2058 τινα
2567 2006 2801 2076 κόσμου’
2840 2002 3063 2073 ὕστερον
3105 2001 3160 2053 δὲ
3195 1999 3711 2071 μεγεθοποιουμένου
3753 1996 3852 2051 τοῦ

590 2092 924 2158 persimilem
953 2111 967 2146 :
1002 2093 1070 2146 ad
1101 2110 1224 2148 eum
1257 2095 1400 2148 enim
1443 2097 1597 2164 prius
1626 2098 1846 2151 modum
1881 2105 2173 2166 utrumque

589 2193 936 2248 procreatum
970 2199 1112 2247 esse,
1145 2200 1305 2254 quem
1341 2187 1634 2255 singularis
1669 2189 1914 2258 quaedam
1952 2203 2014 2242 ac
2042 2203 2172 2258 pro-

590 2278 707 2343 pria
753 2278 980 2342 subjecti
1032 2281 1220 2334 mundi
1255 2283 1495 2335 conditio
1530 2285 1839 2352 postulabat
1893 2304 1905 2339 :

667 2478 685 2510 r
723 2461 991 2530 Epicurus
1043 2464 1257 2520 Neoclis
1313 2468 1476 2533 ﬁlius,
1509 2457 1890 2540 Atheniensis,
1946 2474 2162 2528 inanem

586 2567 802 2617 earum,
837 2572 958 2623 qum
1006 2556 1071 2611 de
1127 2547 1230 2611 diis
1285 2553 1679 2630 suscipiuntur,
1733 2565 2165 2634 disputationum

587 2644 791 2699 fastum
830 2648 1061 2718 dejicere
1093 2663 1363 2720 conatur;
1414 2658 1685 2728 simulque
1737 2661 2047 2723 contendit,
2100 2675 2168 2713 ex

583 2753 654 2793 eo
679 2740 820 2808 quod
859 2758 966 2796 non
1015 2745 1118 2808 sit,
1171 2749 1302 2800 oriri
1354 2750 1488 2803 nihil
1525 2767 1537 2802 :
1577 2751 1678 2805 hoc
1710 2753 2024 2806 universum
2061 2752 2168 2806 tale

585 2845 801 2900 semper
839 2832 1044 2898 fuisse,
1099 2837 1313 2907 taleque
1368 2851 1623 2910 perpetuo
1678 2841 1956 2907 futurum,
2007 2845 2169 2914 quale

585 2937 736 2976 nunc
769 2936 851 2978 est
882 2945 894 2979 :
924 2927 968 2980 si
1007 2936 1218 2996 tempus
1247 2931 1515 2986 inﬁnitum
1543 2933 1770 3003 jamque
1801 2946 1927 2989 ante
1958 2936 2159 3004 produ-

582 3023 738 3068 ctum
780 3019 1054 3087 ‘excipias,
1080 3021 1218 3084 fnovi
1268 3022 1401 3075 nihil
1448 3032 1559 3078 toto
1596 3025 1727 3078 orbe
1775 3025 1998 3094 perlici:
2034 3027 2160 3081 uni-

2279 2099 2408 2171 περὶ
2439 2099 2528 2151 τὸν
2567 2097 2714 2169 ἥλιον
2762 2096 2999 2163 κύκλου,
3043 2090 3480 2164 ἐναποληφθῆναι
3520 2093 3576 2144 ὲν
3618 2088 3764 2161 αὐτῷ
3789 2089 3854 2145 τὺ

2279 2207 2408 2260 πυρ.

1968 2285 2225 2368 deinceps
2264 2302 2396 2341 vero
2445 2286 2536 2341 ubi
2587 2285 2762 2356 major
2793 2284 2926 2340 solis
2970 2281 3212 2354 ejusdem
3260 2281 3498 2337 circulus
3543 2280 3850 2354 evasisset,

590 2372 771 2435 ignem
804 2368 921 2436 ipso
972 2376 1084 2422 tum
1133 2372 1402 2425 inclusum
1434 2384 1488 2428 et
1515 2377 1966 2445 comprehensum
2020 2377 2209 2433 fuisse.

2353 2495 2372 2522 ι
2416 2469 2740 2540 Ἐπίκουρος
2760 2467 3077 2530 Νεοκλέους,
3117 2466 3413 2537 Ἀθηναῖος,
3439 2468 3528 2521 τδν
3561 2467 3686 2537 περὶ
3709 2463 3853 2519 θεῶν

2268 2562 2435 2632 τῦφον
2474 2563 2731 2633 πειρᾶται
2763 2559 3174 2614 καταστέλλειν·
3194 2558 3326 2611 ἀλλὰ
3360 2559 3452 2611 καὶ
3475 2557 3647 2620 οὐδὲν,
3683 2557 3846 2629 φησὶ,

2269 2657 2477 2724 γίνεται
2515 2655 2578 2706 ὲκ
2613 2651 2706 2705 τοῦ
2745 2651 2818 2722 μὴ
2852 2651 3021 2714 ὄντος,
3053 2651 3133 2703 ὅτι
3161 2651 3222 2702 τὸ
3249 2652 3353 2703 πᾶν
3381 2649 3728 2703 ἀεὶτοιοῦτον
3753 2643 3851 2718 ἦν,

2272 2749 2366 2800 καὶ
2405 2745 2554 2798 ἕσται
2602 2742 2840 2796 τοιοῦτον
2861 2758 2875 2772 δ
2910 2742 2991 2794 ὅτι
3037 2741 3187 2793 οὐδὲν
3233 2741 3383 2806 ξένον
3416 2741 3753 2794 ἀποτελεῖται
3788 2741 3854 2795 ὲν

2274 2839 2350 2909 τῷ
2373 2838 2552 2900 παντὶ,
2572 2834 2723 2905 παρὰ
2747 2832 2836 2885 τὸν
2871 2832 2972 2903 ήδη
3002 2832 3363 2902 γεγενημένον
3385 2833 3573 2902 χρόνον
3599 2833 3850 2903 ἄπειρον·

2270 2935 2351 2985 ὅτι
2386 2933 2490 2984 πᾶν
2524 2932 2639 2982 ἐστι
2669 2926 2851 2996 σῶμα,
2886 2926 2980 2978 καὶ
3008 2924 3068 2977 ού
3111 2924 3266 2994 μόνον
3293 2924 3682 2995 ἀμετάϐλητον,
3711 2922 3856 2978 ἀλλὰ

2266 3026 2360 3078 καὶ
2387 3025 2609 3093 ἄπειρον
2629 3038 2640 3048 ·
2672 3021 2752 3071 ὅτι
2780 3017 2932 3080 τέλος
2956 3015 3063 3068 τῶν
3089 3014 3324 3084 ἀγαθῶν,
3363 3015 3545 3086 ἡδονή.

590 3123 834 3173 versum,
897 3126 1096 3178 corpus
1129 3126 1250 3166 esse
1302 3129 1408 3167 non
1471 3117 1648 3171 solum
1711 3119 2071 3185 immutabile,
2130 3119 2221 3172 sed
2264 3117 2424 3170 etiam
2459 3113 2728 3168 inﬁnitum
2763 3133 2776 3166 :
2811 3110 3078 3165 bonorum
3121 3108 3353 3176 denique
3389 3106 3548 3161 tinem
3598 3123 3704 3162 una
3749 3121 3855 3164 vo-

585 3199 791 3268 luptate
823 3204 1107 3258 contineri.

665 3315 685 3346 σ
719 3298 1028 3367 Aristippus
1061 3299 1639 3369 Cyrenazus‘bonorum
1672 3309 1886 3366 quoque
1907 3294 2067 3348 linem
2107 3293 2160 3347 in
2193 3293 2240 3352 ο

584 3391 884 3460 voluptate,
913 3393 1178 3446 malorum
1210 3402 1388 3445 autem
1421 3392 1475 3444 in
1515 3390 1704 3444 dolore
1732 3389 2051 3454 constituit;
2081 3401 2167 3441 re-

588 3483 792 3550 liquam
844 3484 1242 3554 physiologiam
1297 3485 1371 3538 ita
1405 3482 1844 3546 circumscribit,
1899 3481 2061 3550 hujus
2109 3487 2168 3533 ut

589 3576 753 3632 unius
784 3577 859 3630 rei
890 3578 1380 3632 considerationem
1413 3577 1599 3630 utilem
1633 3589 1754 3628 esse
1783 3575 1928 3627 dicat
1967 3590 1982 3625 :

659 3666 800 3730 Quid
842 3669 1008 3720 tristis
1042 3668 1211 3721 lwtive
1244 3669 1386 3720 domi
1415 3684 1529 3721 sors
1566 3664 1804 3734 improba
1835 3671 2018 3718 verset.

665 3843 685 3876 ι
737 3823 1090 3893 Empedocles
1150 3824 1536 3894 Agrigentinus
1601 3830 1836 3891 quatuor
1900 3819 2164 3874 elementa

585 3917 760 3988 ponit,
794 3917 992 3986 ignem,
1033 3932 1229 3985 aquam
1256 3957 1270 3980 ,
1324 3931 1504 3969 aerem
1552 3922 1605 3968 et
1638 3903 1870 3980 terram,
1929 3929 2163 3982 quorum

586 4023 784 4062 causas
816 4007 1113 4060 amicitiam
1149 4021 1214 4060 ac
1243 4005 1568 4060 discordiam
1597 4011 1718 4059 esse
1743 4005 1873 4082 vult.
1917 4003 2059 4058 [dem
2096 4020 2164 4058 ex

586 4100 759 4168 prima
793 4098 1184 4153 elementorum
1219 4097 1541 4153 confusione
1581 4107 1848 4153 secretum
1885 4113 2062 4151 aerem
2101 4110 2165 4151 ac

586 4193 793 4246 circum
821 4193 873 4244 in
906 4193 1092 4246 orbem
1128 4193 1305 4248 fusum
1351 4207 1474 4248 esse
1506 4192 1582 4246 ait
1611 4210 1624 4246 :
1652 4192 1829 4260 ignem
1857 4207 1985 4245 vero
2009 4196 2163 4260 post-

587 4284 808 4336 modum
837 4284 1196 4349 exsilientem,
1227 4300 1355 4338 cum
1397 4269 1580 4338 locum
1607 4284 1710 4337 sibi
1743 4283 1910 4335 alium
1944 4297 2052 4334 non
2085 4296 2166 4334 re-

586 4374 808 4442 periret,
845 4389 1063 4426 sursum
1105 4373 1320 4426 tandem
1351 4373 1591 4426 concreti
1621 4373 1762 4425 aeris
1786 4371 1985 4440 frigore
2007 4385 2161 4424 com-

585 4467 803 4537 pulsum
857 4467 1122 4521 evolasse.
1185 4465 1330 4520 Duos
1383 4475 1645 4535 praeterea
1700 4464 1954 4518 dimidios
2002 4464 2161 4519 orbes

585 4559 732 4613 circa
760 4567 958 4611 terram
988 4558 1240 4613 circulari
1275 4565 1424 4611 motu
1456 4556 1606 4622 ferri,
1641 4556 1869 4610 alterum
1921 4571 1986 4609 ex
2038 4555 2161 4623 igne

2346 3307 2365 3339 ι
2419 3289 2769 3358 Ἀρίστιππος
2821 3292 2851 3342 6
2895 3292 3205 3362 Κυρηναῖος
3259 3291 3412 3354 τέλος
3467 3292 3683 3361 ἀγαθῶν
3744 3291 3853 3364 τὴν

2271 3381 2484 3450 ἡδονὴν,
2514 3381 2699 3432 κακῶν
2726 3382 2789 3458 δὲ.
2810 3381 2906 3452 τὴν
2927 3383 3217 3454 ἀλγηδόνα.
3248 3384 3356 3455 Τὴν
3383 3384 3438 3436 δὲ
3465 3385 3626 3454 ἄλλην
3658 3400 3857 3452 φυσιο-

2268 3471 2453 3538 λογίαν
2491 3475 2850 3544 περιγράφει,
2890 3476 3048 3545 μόνον
3088 3475 3357 3546 ὠφέλιμον
3399 3473 3535 3530 εἶναι
3578 3477 3748 3544 λέγων
3785 3475 3856 3530 τὸ

2269 3562 2474 3633 ζητεῖν·

2341 3657 2492 3710 Ὅττι
2546 3676 2633 3712 τοι
2681 3659 2751 3712 ὲν
2797 3658 3107 3736 μεγάροισι
3166 3657 3710 3797 κακόν
3779 3673 3852 3710 τε

2340 3842 2360 3876 ‹
2401 3821 2764 3894 Ἐμπεδοκλῆς
2790 3823 2818 3874 6
2852 3822 3291 3893 Ἀκραγαντῖνος,
3317 3821 3550 3888 στοιχεῖα
3577 3819 3850 3888 τέσσαρα,

2269 3919 2400 3992 πῦρ,
2429 3920 2589 3990 ὕδωρ,
2613 3924 2829 3995 αἰθέρα,
2853 3920 3013 3986 γαῖαν
3033 3934 3044 3945 ·
3082 3915 3259 3967 αἰτίαν
3283 3915 3340 3966 δὲ
3371 3914 3572 3969 τούτων
3592 3954 3606 3978 ,
3659 3914 3853 3983 φιλίαν

2265 4011 2360 4062 καὶ
2407 4013 2603 4070 νεῖκος.
2665 4009 2757 4059 Ἐκ
2813 4005 3034 4077 πρώτης
3088 4005 3220 4074 φησὶ
3262 4004 3361 4074 τῆς
3403 4004 3511 4057 τῶν
3564 4005 3852 4073 στοιχείων

2266 4102 2516 4172 κράσεως
2547 4098 2908 4169 ἀποκριθέντα
2943 4097 3031 4150 τὸν
3061 4098 3216 4167 ἀέρα,
3257 4095 3847 4168 περιχυθῆναικύκλῳ·

2268 4191 2406 4262 μετὰ
2438 4191 2493 4242 δὲ
2524 4190 2613 4242 τὸν
2657 4190 2812 4260 ἀέρα,
2848 4189 2910 4240 τὸ
2952 4188 3062 4259 πῦρ
3111 4188 3402 4261 ἐκδραμὸν,
3453 4190 3546 4242 καὶ
3579 4188 3677 4240 οὐκ
3718 4187 3852 4257 ἔχον

2263 4281 2458 4353 ἑτέραν
2491 4280 2695 4352 χώραν,
2719 4280 2829 4333 ἀνω
2855 4281 3132 4350 ἐκτρέχειν
3167 4281 3269 4334 ὑπὸ
3301 4279 3404 4333 τοῦ
3423 4279 3549 4350 περὶ
3582 4279 3670 4332 τὸν
3702 4279 3851 4350 ἀέρα

2261 4375 2457 4444 πάγου.
2497 4371 2648 4426 Εἶναι
2676 4374 2733 4426 δὲ
2779 4373 2962 4443 κύκλῳ
2987 4374 3114 4445 περὶ
3153 4375 3252 4445 τὴν
3292 4374 3394 4443 γῆν
3435 4372 3708 4443 φερόμενα
3745 4372 3852 4428 δύο

2262 4467 2614 4538 ἡμισφαίρια,
2638 4467 2699 4519 τὸ
2735 4467 2833 4539 μὲν
2864 4466 3091 4520 καθόλου
3133 4463 3304 4536 πυρὸς
3327 4505 3341 4528 ,
3368 4464 3428 4516 τὸ
3459 4463 3514 4516 δὲ
3543 4465 3729 4535 μικτὸν
3784 4467 3849 4534 ἐξ

2260 4559 2420 4630 ἀέρος
2470 4559 2566 4612 καὶ
2615 4559 2796 4627 ὀλίγου
2853 4558 3059 4629 πυρὸς,
3115 4559 3253 4627 ὅπερ
3309 4555 3478 4610 οἴεται
3527 4557 3625 4627 τὴν
3669 4557 3849 4614 νύκτα

585 4660 782 4713 totum,
816 4650 1043 4703 alterum
1089 4665 1152 4704 ex
1215 4666 1337 4703 aere
1371 4650 1601 4720 igneque
1645 4650 1862 4703 modico
1896 4657 2162 4716 tempera-

2278 4649 2403 4705 εἶναι
2421 4669 2434 4681 ’
2473 4651 2570 4722 τὴν
2599 4651 2654 4703 δὲ
2688 4651 2860 4721 ἀρχὴν
2883 4651 2981 4719 τῆς
3009 4649 3274 4718 κινήσεως
3298 4648 3571 4719 συμϐῆναι
3609 4651 3716 4703 ἀπὸ
3744 4652 3847 4706 τοῦ

585 4751 722 4801 tum,
757 4754 920 4808 quam
953 4739 1068 4812 ipse
1103 4747 1318 4792 noctem
1345 4754 1463 4793 esse
1495 4738 1788 4792 arbitratur
1815 4757 1828 4793 :
1861 4745 2042 4791 motus
2065 4751 2157 4790 au-

582 4846 690 4890 tem
730 4835 944 4888 initium
975 4848 1040 4885 ex
1075 4847 1139 4885 eo
1171 4831 1480 4901 contigisse,
1515 4831 1660 4900 quod
1694 4832 1747 4884 in
1784 4831 1888 4885 ista
1919 4830 2158 4884 elemen-

583 4937 761 4981 torum
785 4924 1170 4994 c0njnnctione
1206 4922 1572 4976 vehementior
1622 4923 1761 4990 ignis
1801 4924 2034 4991 impetus
2060 4935 2156 4975 ex-

585 5017 827 5070 stitisset.
859 5015 977 5069 Jam
1031 5031 1158 5069 vero
1206 5014 1376 5068 solem
1429 5022 1620 5066 natura
1660 5028 1757 5068 sua
1810 5030 1917 5068 non
1952 5014 2154 5084 ignem,

584 5110 676 5162 sed
710 5108 849 5175 ignis
879 5109 1219 5162 rellexionem
1249 5122 1403 5171 esse,
1449 5104 1524 5157 illi
1568 5120 1730 5173 quam
1761 5122 1827 5160 ex
1860 5121 1998 5174 aqua
2039 5101 2156 5156 ﬁeri

583 5200 830 5252 videmus
859 5200 1183 5265 persimilem
1212 5219 1223 5252 :
1260 5209 1314 5253 at
1345 5200 1531 5252 lunam
1554 5214 1619 5251 ex
1649 5213 1794 5261 aere,
1823 5213 1981 5266 quem
2013 5195 2153 5263 ignis

584 5292 902 5360 reliquerat,
927 5306 1023 5342 sua
1055 5301 1243 5358 sponte
1265 5292 1535 5345 coaluisse
1567 5290 1785 5359 (quippe
1814 5290 1954 5342 enim
1987 5303 2119 5356 gran
2139 5317 2152 5328 -

583 5384 727 5438 dinis
757 5383 928 5435 instar
959 5382 1299 5435 concrevisse
1329 5383 1531 5450 aerem)
1558 5401 1570 5448 ;
1598 5383 1778 5435 lumen
1808 5395 1970 5449 porro
1993 5394 2151 5434 suum

581 5476 826 5529 eamdem
859 5491 888 5528 a
921 5474 1034 5527 sole
1065 5474 1322 5527 mutuari.
1343 5474 1581 5545 Denique
1604 5474 1768 5528 animi
1792 5475 2148 5544 principatum

583 5579 682 5616 nec
723 5565 776 5616 in
800 5565 992 5632 capite,
1032 5578 1131 5617 nec
1161 5562 1215 5616 in
1260 5573 1497 5631 pectore,
1530 5568 1620 5619 sed
1648 5566 1701 5618 in
1731 5567 1993 5634 sanguine
2019 5579 2150 5616 con-

583 5656 792 5720 stituit;
842 5657 1070 5725 ideoque
1115 5671 1222 5724 qua
1252 5665 1403 5723 parte
1431 5658 1674 5724 corporis
1713 5657 1943 5711 diﬂ‘usus
1971 5657 2147 5726 magis

2262 4741 2615 4810 τετυχηκέναι
2655 4739 2796 4793 κατὰ
2836 4739 2926 4791 τὸν
2969 4738 3291 4808 ἀθροισμὸν,
3339 4739 3716 4812 ἐπιϐρίσαντος
3743 4741 3846 4795 τοῦ

2262 4836 2455 4905 πυρός.
2496 4835 2551 4885 'O
2577 4833 2632 4885 δὲ
2671 4831 2823 4900 ἥλιος
2843 4830 2939 4900 τὴν
2965 4829 3126 4898 φύσιν
3151 4831 3249 4883 οὐκ
3273 4830 3384 4883 ἐστι
3416 4833 3544 4903 πῦρ,
3587 4833 3720 4885 ἀλλά
3741 4833 3845 4888 τοῦ

2262 4924 2433 4993 πυρὸς
2458 4922 2874 4986 ἀντανάκλασις,
2906 4921 3067 4988 ὁμοία
3094 4924 3159 4991 τῇ
3199 4922 3289 4990 ἀφ’
3317 4922 3506 4985 ὓδατος
3552 4923 3844 4996 γινομένῃ.

2265 5015 2504 5086 Σελήνην
2531 5015 2585 5067 δέ
2618 5032 2752 5086 φησι
2784 5014 3044 5086 συστῆναι
3071 5013 3192 5068 καθ’
3227 5015 3425 5084 ἑαυτὴν
3459 5017 3522 5066 ἐκ
3564 5014 3658 5066 τοῦ
3704 5017 3847 5070 ἀπο-

2261 5106 2566 5175 λειφθέντος
2595 5106 2755 5177 ἀέρος
2782 5105 2888 5158 ὐπὸ
2926 5104 3019 5158 τοῦ
3050 5106 3219 5177 πυρός
3243 5123 3255 5135 ·
3291 5106 3476 5159 τοῦτον
3512 5105 3620 5177 γὰρ
3653 5109 3846 5180 παγῆ-

2259 5218 2368 5263 ναι,
2413 5200 2662 5270 καθάπερ
2695 5201 2788 5252 καὶ
2834 5183 2931 5270 τὴν
2983 5199 3259 5268 χάλαζαν·
3307 5198 3366 5250 τὸ
3396 5197 3453 5251 δὲ
3503 5199 3617 5268 φῶς
3666 5202 3848 5271 αὐτὴν

2261 5295 2408 5361 σχεῖν
2465 5291 2571 5344 ἀπὸ
2605 5291 2695 5343 τοῦ
2732 5291 2902 5361 ήλίου.
2956 5290 3029 5343 Τὸ
3087 5291 3144 5344 δὲ
3191 5290 3510 5360 ἡγεμονικὸν
3548 5290 3678 5362 ('20),
3712 5291 3842 5346 οὗτε

2260 5383 2318 5434 ὲν
2359 5383 2600 5452 κεφαλῇ,
2635 5382 2759 5435 οὔτε
2811 5386 2868 5435 ὲν
2920 5382 3128 5455 θώρακι
3153 5422 3167 5448 ,
3207 5382 3320 5435 ἀλλ’
3364 5384 3421 5434 ὲν
3467 5384 3677 5454 αἵματι·
3713 5383 3845 5436 ὅθεν

2253 5475 2374 5528 καθ’
2417 5476 2444 5528 ὃ
2478 5493 2529 5528 τι
2549 5474 2614 5528 ἂν
2647 5476 2808 5547 μέρος
2838 5474 2931 5529 τοῦ
2968 5473 3217 5545 σώματος
3250 5472 3479 5548 πλεῖονῇ
3511 5490 3839 5548 παρεσπαρ-

2254 5568 2414 5637 μένον
2462 5569 2522 5621 τὸ
2561 5569 2905 5639 ἡγεμονικὸν,
2953 5568 3123 5623 οἴεται
3156 5569 3277 5622 κατ’
3331 5571 3506 5623 έκεῖνο
3532 5560 3841 5639 ,προτερεῖν

2249 5659 2376 5721 τοὺς
2407 5658 2503 5712 ἀνθ
2511 5657 2744 5731 ρώπους.

585 5748 809 5817 sanguis
853 5750 940 5803 ille
980 5750 1159 5813 fuerit,
1197 5750 1384 5805 eadem
1418 5749 1665 5807 homines
1705 5763 1965 5823 praestare
2010 5752 2324 5808 arbitratur.

649 5861 782 5929 (19⁸)
814 5865 914 5931 Δ-ή.
945 5866 1103 5922 Forte
1134 5862 1396 5920 δέιΕοιτ.

617 5936 764 6007 _(:!U)
810 5933 933 6011 Pro
969 5939 1324 6011 ἡγεμονικόν,
1379 5937 1659 6011 legendum
1712 5942 1941 6005 videtur,
1988 5937 2143 6011 αἷμα.

585 6001 717 6060 Nam
770 6006 935 6059 animi
983 6001 1340 6078 principatum
1379 6001 1725 6080 Empedocles
1776 6015 1827 6066 in
1884 6001 2148 6085 sanguine

2190 5864 2196 5871 ’
2253 5874 2573 5942 collocabat,
2609 5876 2842 5946 indeque
2862 5876 3102 5945 Opinioni
3135 5891 3247 5932 sum
3279 5875 3436 5930 ﬁdem
3470 5871 3830 5946 conciliabat,

2253 5947 2396 6012 qunti
2452 5964 2513 5999 ea
2573 5967 2574 5970 ‘

2255 6016 2574 6072 abundaret.

2573 5959 2723 6016 parte
2753 5944 3017 6003 homines
3064 5955 3384 6016 prws'arent
3413 5959 3533 6017 quae
3564 5944 3840 6016 sanguine
