3980 6338
78 486 122 539 6|
1277 486 1595 543 ιλιι-ΕΗΒ.
1632 487 1681 541 Ε

1782 488 1876 544 NG.
1920 489 2045 543 LlB.
2089 490 2128 544 Ι.
3266 486 3338 540 62

130 619 146 650 ι
169 602 584 675 Μητρόδωρος
605 607 637 657 ὁ
652 603 803 667 Χῖος,
818 604 981 657 ἀΐδιον
1000 599 1134 655 εἶναι
1155 620 1284 672 φησι
1303 606 1364 654 τὸ
1387 603 1513 663 πᾶν,
1529 603 1609 654 ὃτι
1631 607 1680 654 ει

1855 621 1875 652 ‹
1907 603 2236 659 Metrodorus
2262 606 2429 661 Chius
2482 614 2866 674 sempiternum
2900 598 3030 655 'esse
3073 601 3174 653 hoe
3220 601 3340 652 uni-

74 687 124 762 ἧν
148 695 434 763 γενητὸν,
464 699 536 748 ἐκ
563 695 658 748 τοῦ
690 698 763 767 μὴ
803 696 949 759 ὄντος
982 695 1045 748 ἂν
1096 691 1182 766 ἦν’
1234 695 1455 766 ἄπειρον
1495 695 1572 756 δὲ,
1604 697 1686 747 ὅτι

77 786 257 845 ἀξιον,
300 786 378 839 οὐ
401 786 526 858 γὰρ
561 788 706 856 ἒχειν
739 788 930 857 ἀρχὴν,
960 786 1077 838 ὅθεν
1099 785 1318 856 ἤρξατο,
1339 785 1457 838 οὐδὲ
1492 786 1684 856 πέρας,

77 876 176 928 οὐδὲ
197 879 500 950 τελευτήν
518 897 531 909 ·
551 880 664 932 ἀλλ’
680 879 798 932 οὐδὲ
830 883 1090 948 κινήσεως
1116 879 1358 948 μετέχειν
1379 877 1438 929 τὸ
1458 880 1580 936 πᾶν,
1605 895 1688 930 κι-

77 969 285 1021 νεῖσθαι
317 971 446 1042 γὰρ
470 971 752 1031 ἀδύνατον,
782 971 854 1041 μὴ
884 969 1301 1039 μεθιστάμενον·
1334 968 1682 1038 μεθίστασθαι

78 1056 124 1110 δὲ
151 1058 494 1126 ἀναγκαῖον
529 1061 645 1130 ἦτοι
681 1063 759 1122 εἰς
789 1061 1008 1129 πλῆρες,
1053 1061 1085 1129 ἢ
1128 1061 1206 1122 εἰς
1238 1059 1413 1114 κενόν.
1447 1059 1684 1111 Πυκνού-

84 1164 235 1215 μενον
288 1149 360 1200 δὲ
405 1150 508 1202 τὸν
553 1149 742 1220 αἰθέρα
797 1152 968 1202 ποιεῖν
1013 1149 1258 1216 νεφέλας,
1301 1145 1417 1202 εἶτα
1461 1148 1623 1220 ὕδωρ,
1654 1148 1682 1200 ὃ

81 1240 162 1289 καὶ
196 1239 419 1292 κατιδν
456 1243 552 1292 ἐπὶ
585 1240 672 1291 τὸν
700 1239 867 1309 ἣλιον,
913 1239 1190 1291 σϐεννύναι
1231 1241 1390 1292 αὐτόν
1414 1257 1428 1269 ⁶
1457 1241 1548 1291 καὶ
1581 1241 1682 1293 πά-

82 1328 148 1379 λιν
185 1330 585 1401 ἀραιούμενον
616 1329 952 1395 ἐξάπτεσθαι·
979 1330 1152 1400 χρόνῳ
1178 1329 1251 1393 δὲ,
1288 1330 1586 1400 πήγνυσθαι
1605 1325 1682 1400 τῷ

84 1423 227 1492 ξηρῷ
253 1424 366 1476 τὸν
400 1424 577 1495 ἥλιον,
623 1426 714 1476 καὶ
754 1427 922 1476 ποιεῖν
958 1425 1022 1476 ὲκ
1059 1420 1152 1474 τοῦ
1197 1421 1448 1492 λαμπροῦ
1496 1422 1679 1484 ὓδατος

86 1515 358 1585 ἀστέρας,
396 1515 574 1568 νύκτα
615 1533 672 1567 τε
721 1515 814 1567 καὶ
1089 1515 1151 1565 ἐκ
1183 1514 1281 1582 τῆς
1322 1514 1554 1576 σϐέσεως
1584 1515 1678 1566 καὶ

89 1605 370 1674 Eiidem;
397 1609 501 1662 καὶ
530 1606 758 1661 καθόλου·
783 1593 881 1670 τὰς
913 1606 1178 1675 ἐκλείψεις
1207 1607 1497 1658 ἀποτελεῖν.

1787 710 2001 747 versum
2035 695 2263 750 aflirmat
2287 739 2300 760 ,
2337 706 2614 766 propterea
2666 694 2807 763 quod
2849 694 2892 747 si
2923 692 3158 760 genitum
3209 689 3338 742 illud

1784 795 1947 849 esset,
1967 787 2144 855 250:
2164 803 2248 849 eo,
2272 789 2416 857 quod
2439 802 2701 856 nusquam
2720 794 2821 845 est,
2848 785 3084 853 genitum
3105 781 3294 835 fuisset
3323 796 3338 833 :

1787 878 2041 944 queniam
2074 886 2252 931 autem
2289 879 2670 947 sempiternum
2702 877 2805 936 sit,
2847 876 3112 927 intinitum
3142 873 3345 940 pariter

1783 983 1922 1030 esse,
1957 977 2137 1036 utpote
2162 969 2306 1038 quod
2344 985 2518 1039 neque
2547 968 2888 1038 principium,
2915 965 3053 1017 unde
3079 963 3302 1030 cceperit
3323 1001 3341 1027 ,

1783 1074 1883 1114 nec
1911 1062 2197 1113 terminum
2229 1071 2322 1113 aut
2374 1060 2532 1113 ﬁnem
2571 1061 2762 1112 haheat
2799 1076 2810 1110 :
2842 1058 2949 1109 imo
2971 1097 2984 1117 ,
3041 1071 3104 1107 ne
3140 1051 3343 1106 moveri

1781 1153 1997 1221 quidem
2030 1153 2370 1217 universum;
2412 1167 2508 1205 nec
2557 1151 2697 1205 enim
2733 1147 2860 1202 illud
2898 1147 3096 1200 moveri
3135 1159 3297 1213 posse
3321 1183 3334 1200 .

1782 1243 1888 1296 nisi
1918 1245 2024 1298 alio
2053 1243 2244 1312 migret
2269 1261 2283 1306 ;
2330 1257 2547 1295 necesse
2576 1251 2754 1293 autem
2778 1254 2899 1292 esse
2925 1236 3004 1289 vel
3038 1237 3090 1288 in
3124 1235 3339 1302 plenum

1783 1335 2033 1403 migrare,
2052 1336 2132 1388 vel
2166 1337 2216 1387 in
2241 1349 2491 1387 vacuum.
2519 1331 2780 1384 Praeterea
2803 1346 2866 1383 ex
2895 1344 3016 1382 aere
3042 1326 3343 1392 coustipato

1782 1429 1954 1481 nubes
1989 1429 2216 1494 primum
2239 1466 2252 1488 ,
2309 1425 2502 1478 deinde
2553 1438 2746 1490 aquam
2804 1419 3102 1489 procreari,
3137 1432 3256 1484 quae
3287 1416 3342 1467 in

1783 1517 1949 1570 solem
1977 1499 2236 1577 didlnens,
2269 1517 2437 1583 ipsius
2478 1513 2647 1583 ignem
2682 1513 3008 1579 exstinguat,
3040 1509 3130 1577 qui
3161 1518 3342 1559 tamen

1780 1607 1958 1659 denuo
2019 1608 2342 1661 succedente
2404 1607 2618 1658 raritate
2671 1603 3013 1656 accendatur.
3080 1598 3343 1651 Eumdem

90 1710 251 1767 porro
297 1698 510 1761 solem,
541 1713 824 1768 progressu
881 1697 1136 1764 temporis
1182 1696 1423 1750 siccitate
1469 1709 1815 1749 concrescere
1847 1738 1862 1759 ,
1921 1711 1984 1748 ac
2040 1699 2223 1751 stellas
2290 1697 2502 1764 quidem
2545 1711 2611 1748 ex
2660 1694 2879 1762 limpida
2946 1701 2999 1744 et
3043 1688 3342 1759 splendenti

90 1805 226 1859 aqua
285 1806 589 1861 generare,
634 1801 843 1845 noctem
896 1804 1021 1842 vero
1058 1789 1218 1843 simul
1259 1797 1420 1859 atque
1459 1790 1600 1843 diem
1664 1805 1732 1846 ex
1769 1799 1955 1844 mutua
1997 1791 2084 1844 illa
2125 1807 2247 1844 cum
2299 1789 2655 1843 exstinctioue
2701 1799 2814 1842 tum
2887 1788 3340 1850 inflammatione,

91 1899 406 1952 omnesque
432 1883 658 1937 omnino
709 1881 1036 1936 defectiones
1065 1883 1249 1935 eadem
1286 1882 1492 1936 ratione
1517 1880 1800 1950 complere.

155 1998 174 2029 ι
220 1979 505 2049 Διογένης
533 1981 560 2031 ὁ
602 1977 1043 2047 Ἀπολλωνιάτης,
1064 1979 1216 2048 δάἐρα
1235 1977 1518 2046 ὑφίσταται
1544 1995 1682 2030 στοι-
1709 1985 1754 2038 Β

91 2073 262 2140 χεῖονο
298 2069 580 2123 κινεῖσθαι
605 2070 658 2122 δὲ
684 2071 749 2122 τὰ
778 2070 970 2132 πάντα,
1008 2071 1266 2142 ἀπείρους
1296 2089 1352 2122 τε
1385 2066 1525 2124 εἶναι
1555 2072 1678 2134 τοὺς

93 2164 371 2233 κόσμους·
408 2165 726 2233 κοσμοποιεῖ
753 2162 808 2214 δὲ
844 2161 1014 2225 οὓτως
1039 2181 1051 2193 ·
1098 2164 1177 2215 ὅτι
1215 2162 1305 2215 τοῦ
1355 2163 1554 2226 παντὸς
1599 2180 1681 2213 κι-

95 2255 388 2324 νωμένου,
425 2255 519 2306 καὶ
621 2255 717 2324 μὲν
748 2253 956 2323 ἀραιοῦ,
1053 2254 1107 2306 δὲ
1145 2239 1343 2306 πυκνοῦ
1374 2254 1676 2324 γινομένου,

96 2345 222 2398 ὅπου
252 2347 602 2415 συνεκύρησε
628 2345 686 2396 τὺ
722 2344 940 2407 πυκνὸν,
978 2346 1281 2415 συστροφὴν
1313 2346 1552 2415 ποιῆσαι,
1585 2344 1680 2396 καὶ

99 2437 234 2488 οὕτω
268 2436 350 2488 τὰ
381 2435 564 2496 λοιπὰ,
597 2437 732 2487 κατὰ
759 2436 847 2487 τὸν
882 2436 1038 2487 αὐτὸν
1069 2436 1243 2500 λόγον,
1275 2435 1340 2486 τὰ
1376 2436 1677 2502 κουφότατα

102 2528 189 2597 τὴν
215 2529 343 2581 ἄνω
375 2528 530 2592 τάξιν
554 2527 804 2587 λαϐόντα,
829 2527 916 2580 τὸν
941 2527 1088 2597 ἥλιον
1121 2527 1460 2580 ἀποτελέσαι.
1500 2545 1519 2576 ι

162 2782 415 2852 Τοιαύτη
452 2784 543 2836 καὶ
574 2783 678 2836 τῶν
712 2784 996 2851 πανσόφων
1030 2784 1320 2855 Ἑλλήνων,
1354 2782 1460 2835 τῶν
1486 2783 1548 2852 δὴ
1582 2799 1680 2850 φυ-

107 2876 269 2928 σικῶν
307 2875 611 2943 φιλοσόφων
644 2875 1116 2945 ὲπικληθέντων,ή
1170 2874 1297 2945 περὶ
1341 2875 1438 2942 τῆς
1484 2874 1678 2925 συστά-

107 2984 238 3031 σεως
271 2967 372 3020 τοῦ
417 2968 636 3030 παντὸς,
671 2968 765 3020 καὶ
797 2967 892 3036 τῆς
925 2965 1144 3036 πρώτης
1186 2964 1542 3034 κοσμογονῖας
1568 2965 1679 3017 διά-

108 3059 284 3127 ληψις,
323 3061 384 3111 οὐ
411 3053 754 3129 δημιουργὸν,
789 3059 1078 3129 ποιητήν
1107 3074 1226 3108 τινα
1248 3057 1355 3108 τῶν
1387 3057 1520 3107 ὅλων
1544 3057 1675 3106 ὑπο-

113 3151 489 3222 σηααμένων,
514 3151 624 3204 ἁλλ’
655 3151 762 3204 οὐδ’
794 3151 928 3213 ὅλως
959 3149 1090 3201 Θεοῦ
1127 3149 1345 3218 μνήμην
1380 3147 1678 3216 ποιησαμέ-

113 3261 211 3295 νων
232 3260 246 3273 ·
285 3243 424 3312 μόνῃ
457 3242 510 3294 δὲ
541 3245 604 3312 τῇ
651 3241 828 3312 ἀλόγῳ
874 3242 1017 3312 φορῇ
1044 3243 1136 3292 καὶ
1177 3242 1242 3308 τῇ
1276 3237 1561 3308 αὐτομάτῳ
1595 3255 1676 3288 κι-

1856 1997 1874 2030 σ
1909 1978 2169 2048 Diogenes
2207 1979 2544 2048 Apolloniata
2590 1992 2767 2031 aerem
2796 1977 3120 2028 elementum
3157 1976 3342 2043 ponit,

1779 2073 1980 2123 moveri
2002 2082 2178 2124 autem
2211 2072 2484 2132 universa,
2511 2071 2816 2124 etinlinitos
2844 2084 2963 2122 esse
2997 2068 3228 2120 mundos
3260 2066 3340 2121 af-

1778 2161 1977 2217 firmat.
2009 2162 2273 2216 Caeterum
2305 2163 2572 2232 ejusmodi
2607 2162 2840 2214 somniat
2875 2175 3060 2212 eorum
3110 2158 3341 2210 molitio-

1778 2243 1933 2312 nem,
1956 2253 2160 2306 scilicet
2189 2269 2311 2306 eum
2344 2254 2657 2306 universum
2705 2254 2774 2304 ita
2810 2259 3134 2310 moveretur,
3170 2259 3227 2302 ut
3253 2265 3341 2302 ra-

1777 2344 1892 2396 rius
1923 2344 2028 2405 hic,
2051 2345 2185 2416 galihi
2214 2344 2434 2398 densius
2464 2345 2635 2403 fieret,
2681 2345 2987 2410 ubicunque
3021 2342 3191 2410 major
3213 2343 3342 2394 dcn-

1777 2433 1908 2486 sitas
1937 2435 2299 2501 contingeret,
2337 2435 2407 2487 ibi
2434 2436 2868 2488 convolutionem
2893 2435 3180 2502 quamdam
3214 2433 3340 2487 cili:—

1776 2522 1938 2585 eisse,
1963 2533 2074 2578 tum
2104 2525 2334 2578 similem
2373 2527 2424 2578 in
2461 2526 2678 2578 modum
2717 2535 2907 2578 cetera
2941 2545 2951 2576 ε
3007 2540 3125 2593 qua:
3157 2535 3337 2577 autem

1775 2611 2017 2663 omnium
2065 2610 2350 2664 levissimae
2403 2619 2581 2678 partes
2623 2620 2820 2673 essent,
2849 2627 2940 2665 cas
3001 2612 3216 2680 regione
3248 2627 3339 2665 su-

1776 2703 1971 2771 periori
2000 2711 2258 2768 occupata
2295 2702 2460 2755 solem
2491 2701 2827 2769 produxisse.
2866 2721 2884 2752 ι

1848 2793 1992 2846 Talis
2040 2809 2166 2860 ergo
2213 2791 2312 2844 fuit
2363 2791 2884 2860 sapientissimorum
2922 2791 3082 2843 etiam
3119 2789 3341 2844 Graeciae

1777 2885 2246 2953 philoSOphorum,
2275 2899 2461 2937 eorum
2487 2883 2672 2937 saltem
2706 2884 2793 2952 qui
2823 2884 3027 2953 physici
3063 2883 3335 2935 vocaban-

1779 2987 1865 3030 tur
1894 2977 1958 3029 de
1989 2976 2223 3028 universi
2276 2976 2679 3039 constitutione,
2705 2976 2878 3042 deque
2928 2976 3098 3044 prima
3152 2975 3339 3026 mundi

1777 3068 2148 3134 procreatione
2170 3065 2484 3133 disputatio,
2518 3066 2569 3117 in
2595 3082 2698 3134 qua
2729 3067 2934 3119 nullum
2963 3067 3334 3127 architectum,

1777 3156 1981 3208 nullum
2004 3172 2178 3208 rerum
2200 3156 2440 3207 omnium
2468 3154 2771 3209 effectorem
2801 3168 3116 3224 posuerunt,
3142 3158 3247 3208 imo
3274 3173 3340 3210 ne

1780 3246 1869 3298 Dei
1905 3248 2121 3314 quidem
2172 3247 2496 3299 mentionem
2531 3247 2694 3298 ullam
2728 3247 2969 3302 fecerunt
2998 3266 3010 3310 ;
3049 3248 3139 3299 sed
3173 3260 3339 3300 teme-

113 3335 260 3402 νήσει
303 3333 403 3401 τὴν
465 3331 638 3383 αἰτίαν
685 3331 778 3384 τοῦ
827 3331 1022 3391 παντὸς
1070 3329 1511 3399 ἁνατεθειμένων.
1541 3329 1675 3380 Τοσ-

1782 3338 1937 3389 rariae
1983 3337 2194 3390 cuidam
2255 3336 2556 3403 agitationi,
2592 3351 2654 3388 ac
2713 3334 2936 3389 fortuito
2975 3337 3130 3404 plane
3168 3336 3338 3390 motui

280 3423 338 3475 δὲ
363 3421 539 3474 αὑτῶν
572 3422 667 3474 καὶ
711 3423 744 3491 ἡ
793 3423 927 3494 πρὸς
959 3422 1217 3493 ἀλλήλους
1261 3421 1586 3491 ἐναντιότης,
1623 3421 1679 3472 ὲν

121 3514 215 3585 μὲν
246 3513 421 3566 οὐδενὶ
449 3511 1248 3582 ἁλλήλοιςσυμπεφωνηκότων,
1284 3512 1462 3582 μάχης
1501 3513 1558 3564 δὲ
1589 3513 1680 3565 καὶ

121 3607 446 3675 Mea-invia;
491 3605 557 3657 τὰ
610 3605 786 3657 πάντα
827 3605 1394 3675 ἀναπεπληρωκότων·
1437 3604 1556 3657 ὅθεν
1589 3605 1682 3657 καὶ¹

123 3703 151 3753 ὁ
191 3699 483 3770 θαυμάσιος
523 3698 834 3767 Σωκράτης,
869 3699 1113 3748 τουτουσὶ
1156 3698 1361 3759 πάντας
1390 3696 1681 3767 μωραίνον-

125 3808 220 3855 τας
250 3790 536 3861 ἁπήλεγχε,
571 3789 664 3842 καὶ
695 3788 1030 3858 μαινομένων
1061 3789 1180 3840 κατ’
1203 3789 1351 3841 οὐδὲν
1383 3789 1531 3857 ἔλεγε
1565 3790 1680 3841 δια-

129 3883 329 3951 φέρειν,
361 3884 408 3934 εἰ
433 3881 491 3950 δή
517 3897 596 3932 σοι
632 3879 836 3952 μάρτυς
857 3877 1148 3948 ἀξιόχρεως
1171 3879 1415 3948 Ξενοφῶν
1438 3882 1494 3932 ὲν
1533 3882 1683 3933 Ἄπο-

130 3973 584 4041 μντυιονεύμασι,
618 3972 789 4038 λέγων
833 3969 1030 4031 οὕτως’
1076 3988 1095 4019 ι
1136 3969 1322 4033 Οὐδεὶς
1368 3970 1425 4022 δὲ
1466 3971 1680 4023 πώποτε

133 4064 439 4134 Σωκράτους
465 4064 607 4116 οὐδὲν
646 4059 856 4124 ἀσεϐὲς,
884 4063 1054 4134 οὐδὲν,
1079 4062 1306 4124 ἀνόσιον,
1342 4062 1463 4116 οὔτε
1506 4066 1679 4133 πράτ-

135 4171 304 4217 τα-ηος
332 4151 482 4216 εἶδεν,
515 4154 638 4208 οὔτε
675 4155 919 4221 λέγοντος
961 4154 1218 4224 ἦκουσεν·
1253 4154 1372 4206 οὐδὲ
1409 4154 1514 4226 γὰρ
1555 4157 1681 4226 περὶ

137 4245 233 4314 τῆς
255 4247 492 4298 ἁπάντων
527 4246 755 4316 φύσεως,
784 4246 816 4314 ἢ
850 4245 975 4314 περὶ
999 4243 1103 4296 τῶν
1134 4244 1327 4307 ἄλλων,
1355 4245 1429 4307 ὡς
1451 4247 1501 4297 0i
1534 4246 1681 4298 πλεῖ-

145 4349 250 4394 στοι
292 4335 416 4403 (9.1),
461 4335 743 4405 διελέγετο,
795 4334 1011 4388 σκοπῶν
1067 4335 1213 4398 ὅπως
1267 4335 1293 4389 ὁ
1352 4336 1681 4407 καλούμενος

144 4423 243 4478 ὑὲ
277 4426 374 4478 τῶν
407 4428 667 4496 σοφιστῶν
711 4429 912 4499 κόσμος
949 4426 1080 4497 ἔχει,
1117 4428 1210 4480 καὶ
1243 4427 1380 4481 τίσιν
1419 4429 1682 4496 ἀνάγκαις

145 4516 331 4568 ἕκαστα
354 4521 586 4587 γίγνεται
617 4519 724 4574 τῶν
749 4521 807 4573 οὐ
818 4519 1042 4592 ρανίωνο
1071 4518 1206 4572 ἀλλά
1240 4520 1331 4572 καὶ
1367 4519 1494 4583 τοὺς
1523 4537 1683 4590 φρον-

1780 3428 1941 3497 hujus
1968 3427 2334 3480 universitatis
2381 3441 2600 3478 causam
2633 3428 2998 3494 assignarunt.
3061 3427 3138 3481 Ac
3189 3438 3341 3484 tanta

1779 3523 1993 3592 quidem
2024 3535 2210 3574 eorum
2237 3527 2318 3573 est
2355 3520 2490 3572 inter
2518 3534 2636 3572 sese
2677 3520 2982 3582 dissensio,
3038 3529 3098 3573 ut
3151 3521 3340 3575 eadem

1781 3616 1926 3668 nulla
1959 3631 2182 3683 prorsus
2227 3616 2280 3667 in
2329 3631 2386 3669 re
2419 3613 2839 3682 pronuntiarint,
2870 3613 2962 3665 sed.
3000 3611 3342 3666 contentione

1780 3724 1843 3761 ae
1885 3709 2269 3761 sententiarum
2326 3708 2632 3767 diversitate
2684 3705 2865 3758 omnia
2934 3705 3338 3772 compleret-int.

1780 3799 1962 3868 Itaque
2000 3797 2270 3862 Socrates,
2297 3799 2380 3852 vir
2407 3799 2494 3854 ille
2523 3797 2812 3868 singularis
2839 3805 2894 3850 et
2922 3797 3178 3857 eximius,
3207 3797 3340 3848 istos

1780 3905 1969 3943 omnes
1997 3890 2280 3943 vaticinari
2316 3890 2667 3954 ostendebat,
2712 3888 2951 3956 nihilque
3001 3888 3224 3940 omnino
3272 3885 3342 3938 ab

1781 3982 1990 4035 insanis
2017 3997 2079 4034 ae
2115 3980 2334 4035 furiosis
2381 3981 2706 4048 discrepare,
2739 3979 2783 4030 si
2818 3976 3231 4044 Xenophontem
3283 3983 3342 4028 ut.

1780 4074 1998 4140 dignum
2039 4075 2138 4125 tide
2165 4083 2352 4126 testem
2385 4072 2690 4124 audiamus.
2727 4069 2817 4124 Sic
2856 4070 2999 4124 enim
3046 4069 3101 4121 in
3144 4067 3343 4120 Memo-

1781 4165 2030 4217 ral-ilibus
2068 4164 2179 4231 ipse
2208 4163 2445 4230 loquitur
2475 4180 2487 4214 :
2528 4181 2545 4210 ι
2573 4159 2848 4214 Socratem
2884 4177 3009 4214 vero
3037 4160 3214 4213 nullus
3242 4176 3343 4214 un-

1781 4271 1940 4325 quam
1973 4253 2122 4319 impii
2158 4253 2451 4321 quidquam
2489 4259 2649 4318 atque
2681 4251 2871 4304 nefarii
2897 4261 2990 4303 aut
3016 4251 3148 4304 vidit
3181 4266 3343 4319 agen-

1782 4355 1909 4408 tem,
1945 4353 2036 4396 aut
2082 4343 2385 4411 loquentem
2441 4342 2662 4394 audivit.
2700 4340 2882 4409 Neque
2932 4341 3075 4392 enim
3124 4340 3189 4392 de
3221 4339 3342 4392 uni-

1784 4439 1918 4490 versi
1949 4445 2161 4497 natura,
2189 4432 2640 4503 quemadmodum
2683 4432 2923 4500 plerique
2952 4431 3130 4499 vulgo,
3159 4430 3341 4498 dispu-

1783 4507 1948 4594 tabat,
1973 4530 2052 4582 sic
2092 4529 2376 4590 nimirum,
2412 4535 2468 4578 ut
2506 4539 2613 4592 quo
2641 4531 2798 4592 pacto
2827 4538 2946 4577 sese
2996 4524 3082 4578 hic
3127 4523 3339 4586 habeat,

145 4607 367 4672 τίζοντας
395 4611 461 4664 τὰ
494 4611 734 4674 τοιαῦτα,
759 4611 1127 4684 μωραίνοντας
1146 4611 1483 4666 ἀπεδείκνυε.
1507 4631 1525 4663 ι
1572 4615 1680 4666 Καὶ

1783 4625 1927 4692 quia
1981 4619 2344 4686 sophistarum
2381 4617 2599 4669 natione
2659 4615 2895 4670 mundus
2935 4625 3189 4676 vocatur,
3247 4620 3342 4666 aut

151 4700 366 4768 ἐπιλέγει
390 4703 538 4772 ἑξῆς·
575 4722 595 4755 ι
647 4701 949 4774 Ἐθαύμαζε
1003 4702 1080 4767 δὲ,
1131 4705 1177 4755 εἰ
1211 4703 1285 4774 μὴ
1315 4703 1544 4772 φανερὸν
1580 4705 1679 4756 αύ-

152 4796 255 4856 τοῖς
277 4795 421 4857 ἐστὶν,
453 4796 533 4848 ὄτι
575 4795 748 4848 ταῦτα
788 4795 1042 4848 ἀδύνατόν
1070 4799 1216 4850 ἐστιν
1257 4796 1559 4867 ἀνθρώποις
1592 4798 1681 4849 εύ-

159 4885 289 4953 ρεῗνο
318 4885 422 4937 ἐπεὶ
445 4875 549 4938 ¹καὶ
593 4885 718 4946 τοὺς
744 4883 818 4956 ,τὰ
851 4883 1081 4954 μέγιστα
1116 4878 1441 4955 φρονοῦντας
1486 4888 1574 4938 ἐπὶ
1604 4886 1680 4957 τῷ

163 4977 275 5045 περὶ
301 4979 474 5032 τούτων
506 4977 700 5048 λέγειν,
732 4964 791 5034 th’)
827 4975 895 5030 τὰ
942 4975 1078 5030 αὐτὰ
1121 4976 1359 5042 δοξάζειν
1406 4978 1679 5047 ἀλλήλοις’

163 5065 391 5134 ἀλλὰτά
425 5070 759 5143 μαινομένοις
788 5067 983 5140 ὁμοίως
1021 5067 1318 5121 διακεῖσθαι
1354 5070 1487 5140 πρὸς
1520 5069 1670 5136 ἀλλὴο

164 5158 290 5221 λαις.
312 5162 412 5216 Τῶν
429 5183 484 5218 τε
508 5165 617 5236 γὰρ
639 5159 992 5234 μαινομένων,
1017 5161 1142 5224 τοὺς
1164 5160 1260 5230 μὲν
1287 5159 1406 5212 οὐδὲ
1431 5159 1499 5211 τὰ
1528 5158 1677 5210 δεινὰ

165 5247 384 5302 δεδιέναι·
415 5256 532 5317 τοὺς
561 5255 640 5319 δὲ,
673 5253 742 5306 τὰ
788 5253 863 5325 μὴ
909 5251 1112 5324 φοϐερὰ
1141 5250 1416 5320 φοϐεῖσθαι
1437 5265 1449 5278 ⁶
1479 5249 1585 5301 τῶν
1624 5267 1681 5300 τε

151 5339 280 5406 τερὶ
301 5341 380 5411 τῆς
407 5333 614 5399 πάντων
647 5347 854 5417 ρήσεως
888 5342 1290 5415 μεριμνώντων,
1324 5343 1435 5402 τοῖς
1468 5340 1563 5410 μὲν
1590 5340 1677 5393 δο-

169 5430 274 5481 κεῖν
292 5430 335 5482 ἓν
365 5435 506 5503 μόνον
536 5436 596 5488 τὸ
623 5437 682 5490 ὃν
711 5430 868 5499 εἶναι,
912 5437 1022 5498 τοῖς
1043 5435 1099 5487 δὲ
1123 5435 1322 5505 ἄπειρα
1350 5432 1411 5484 τὺ
1441 5431 1641 5500 πλῆθος
1658 5448 1674 5462 ⁹

175 5520 258 5571 καὶ
284 5526 370 5587 toi;
407 5526 498 5595 μὲν
549 5528 636 5580 ἀεὶ
680 5527 858 5580 πάντα
908 5525 1188 5590 κινεῖσθαι,
1218 5529 1329 5588 τοῖς
1356 5525 1412 5577 δὲ
1455 5524 1560 5576 οὐδ’
1613 5525 1677 5578 ἄν

177 5626 288 5664 ποτε
307 5617 554 5687 κινηθῆναι
571 5635 584 5648 ο
615 5619 708 5672 καὶ
731 5621 842 5681 τοῖς
871 5617 967 5688 μὲν
993 5617 1206 5670 ἅπαντα
1227 5617 1469 5686 γίνεσθαί
1494 5634 1552 5669 τε
1587 5618 1680 5670 καὶ

243 5748 423 5824 (ευπ
451 5756 578 5824 περὶ
603 5753 974 5824 τῶνᾶλλων,
1009 5754 1088 5819 ὡς
1113 5758 1167 5808 οἱ
1190 5756 1478 5809 πλεῖστοι.
1521 5755 1677 5824 Apud

180 5814 612 5898 IettophOIIt._'lib.
644 5814 1354 5898 rlemrorabil.,'pag._7l(_),
1394 5814 1606 5896 legitur,

186 5889 292 5958 περὶ
313 5893 394 5946 τῶν
427 5894 586 5949 αλλων
625 5897 672 5949 οἱ
719 5895 972 5966 πλεῖστοι,
1006 5889 1175 5966 τιυέιῆ
1205 5889 1485 5953 lectionem
1515 5889 1672 5953 seen:

1784 4729 1888 4783 qua
1921 4712 2012 4775 fati
2051 4726 2113 4764 ac
2147 4710 2483 4764 necessitatis
2534 4709 2585 4762 vi
2639 4709 2926 4778 cujuslibet
2973 4707 3048 4760 rei
3102 4705 3341 4760 caelestis

1785 4805 1920 4858 ratio
1950 4810 2233 4866 teneatur,
2279 4802 2650 4871 investigaret;
2703 4800 2794 4853 sed
2853 4811 2947 4850 eos
2987 4796 3198 4863 potius,
3246 4796 3341 4864 qui

1784 4909 1951 4962 genus
1985 4892 2086 4945 hoc
2115 4908 2294 4945 rerum
2322 4891 2586 4945 curiosius
2631 4889 2933 4956 agitarent,
2984 4885 3223 4939 insanire
3253 4888 3342 4940 de-

1785 4982 2140 5036 monstrabat.
2173 5001 2192 5034 ι
2235 4981 2439 5059 Quibus
2475 4979 2583 5048 26
2614 4977 2728 5030 lucc
2777 4976 3054 5047 subjungit
3085 4996 3099 5031 :
3154 4996 3171 5026 ι
3211 4975 3342 5029 Pcr-

1783 5074 1979 5125 mirum
2007 5082 2182 5126 autem
2208 5072 2308 5141 ipsi
2333 5070 2630 5128 videbatur,
2659 5083 2724 5121 ne
2757 5079 3093 5137 perspectum
3121 5067 3337 5136 quidem

1784 5164 1887 5216 illis
1916 5163 2013 5217 hoc
2041 5164 2224 5226 fuisse,
2255 5161 2396 5230 quod
2437 5174 2503 5212 eo
2526 5159 2850 5230 cognitionis
2879 5159 3155 5211 hominum
3189 5155 3340 5225 inge-

1785 5256 1871 5309 nia
1899 5257 2172 5325 pervenire
2205 5255 2351 5305 nullo
2396 5255 2556 5306 modo
2605 5254 2834 5322 possint,
2859 5268 2981 5305 cum
3018 5250 3089 5311 ii,
3123 5264 3342 5318 praescr-

1785 5349 1878 5402 tim
1914 5349 2003 5417 qui
2031 5364 2146 5401 sese
2172 5348 2272 5398 hoc
2301 5346 2680 5415 disputationis
2706 5358 2896 5413 genere
2926 5342 3217 5408 plurimum
3251 5339 3337 5394 cf-

1784 5439 1979 5505 ferant,
2005 5455 2106 5492 non
2142 5439 2190 5489 in
2219 5438 2405 5490 eadem
2448 5439 2697 5506 opinione
2727 5433 3096 5502 sententiaque
3129 5447 3340 5486 versen-

1783 5541 1891 5592 tur,
1922 5531 2011 5589 scd
2044 5528 2131 5581 alii
2181 5545 2303 5582 cum
2337 5530 2457 5582 aliis
2501 5527 2826 5581 furiosorum
2872 5524 3060 5593 utique
3092 5538 3239 5576 more
3277 5536 3338 5577 se

1784 5631 1988 5692 gerant.
2017 5619 2222 5688 Quippe
2248 5619 2415 5689 enim_
2439 5634 2500 5672 ex
2533 5615 2751 5670 furiosis
2785 5614 2919 5668 alios
2957 5629 3111 5678 esse,
3148 5612 3241 5682 qui
3268 5623 3338 5666 no

1781 5769 1868 5814 tus
1895 5774 2015 5815 sum
2042 5767 2094 5810 et
2123 5757 2209 5811 hic
2239 5767 2288 5811 et
2320 5772 2436 5825 cap.
2471 5753 2658 5806 ultimo
2694 5750 2928 5825 librixv,
2961 5752 3051 5806 ubi
3083 5749 3330 5807 eumdem

1776 5832 1950 5888 locum
1985 5828 2248 5884 Eusebius
2283 5823 2519 5898 protulit,
2548 5825 2638 5879 sed
2676 5823 2941 5894 pluribus.
