4028 6332
627 395 698 454 63

1255 398 1523 456 EUSEBII
1561 396 2036 456 CESARIENSIS
2072 396 2223 453 OPP.
2266 396 2444 453 PARS
2481 397 2542 452 ll.
2587 427 2651 438 —
2685 393 3179 452 APOLOGETICA.

3791 391 3878 448 61+

627 521 811 589 gravia
844 521 1058 590 quidem
1093 530 1146 577 et
1175 523 1376 577 atrocia
1421 533 1684 587 metuant,
1712 511 1846 579 alios
1870 538 1997 578 vero
2021 564 2035 589 ,
2089 523 2180 592 qui

2293 521 2630 585 ἀπόλλυσθαι,
2678 523 2790 583 τοῖς
2840 519 2897 572 δὲ
2939 517 3046 570 οὖτ⁹
3100 516 3165 570 ἂν
3207 514 3456 585 γενέσθαι
3499 515 3627 568 ποτὲ
3669 514 3866 580 οὐδὲν,

627 609 745 680 ipsa
775 626 992 680 quoque
1025 626 1132 664 non
1189 609 1476 666 metuenda
1531 612 1885 665 extimescant
1930 629 1944 664 :
1985 611 2063 664 sic
2088 624 2178 664 eo:

627 714 788 764 rum,
834 702 922 769 qui
970 708 1219 754 naturam
1270 699 1504 753 universi
1557 698 1863 768 diligentius
1906 697 2184 767 explorare

626 800 914 856 conentur,
950 791 1084 844 alios
1115 790 1376 859 quidquid
1409 798 1492 843 est
1517 805 1683 842 unum
1715 805 1834 843 esse
1860 788 2014 853 vello,
2049 787 2183 842 alios

630 886 894 938 inlinitam
932 899 1112 938 rerum
1157 883 1559 937 multitudinem
1593 883 1871 948 invehere;
1905 882 2024 937 aliis
2055 883 2180 936 item

628 977 836 1042 placere
865 973 1162 1028 continenti
1216 983 1365 1026 motu
1419 988 1507 1027 res
1557 987 1744 1026 omnes
1793 971 2005 1041 agitari,
2062 970 2184 1024 aliis

629 1077 838 1128 contra,
876 1067 1024 1119 nullo
1050 1081 1285 1135 unquam
1313 1075 1552 1134 tempore
1579 1065 1784 1118 moveri
1821 1079 1979 1133 posse
2002 1103 2016 1127 ,
2064 1062 2183 1119 aliis

627 1158 859 1225 denique
884 1158 1124 1225 generari
1163 1171 1345 1209 omnia
1375 1170 1437 1208 ac
1470 1155 1723 1224 deinceps
1755 1154 1974 1208 interire
2000 1198 2014 1219 ,
2063 1154 2184 1207 aliis

626 1262 753 1300 vero
801 1249 932 1300 nihil
965 1262 1202 1314 unquam
1233 1247 1315 1299 vcl
1346 1246 1584 1315 genitum
1618 1261 1775 1310 esse,
1825 1246 1905 1298 vel
1963 1246 2182 1299 interitu

626 1339 943 1405 periturum.
984 1357 1001 1389 ι
1052 1340 1226 1406 Atque
1281 1338 1393 1391 haec
1441 1336 1724 1401 Socrates,
1772 1346 1832 1390 ut
1882 1335 2184 1406 XenOphon

625 1439 815 1481 auctor
847 1437 946 1482 est.
998 1428 1207 1493 Quibus
1265 1427 1463 1481 similia
1521 1443 1745 1496 prorsus
1797 1443 1858 1480 ea
1908 1437 2184 1496 suntquae

625 1515 777 1570 Plato
808 1519 1055 1571 eumdem
1092 1517 1368 1573 Socratem
1404 1519 1456 1571 in
1508 1533 1604 1583 eo,
1661 1534 1817 1587 quem
1881 1517 1952 1572 De
2006 1520 2184 1572 anima

628 1610 886 1677 scripsit,
943 1610 1154 1679 dialogo
1220 1611 1293 1663 ita
1363 1619 1875 1665 commemorantem
1935 1611 2180 1666 inducit:

633 1722 652 1754 ε
694 1702 900 1756 Etenim
934 1704 1147 1764 mirum,
1180 1703 1354 1773 inquit
1379 1745 1393 1769 ,
1445 1719 1477 1756 ο
1515 1704 1707 1766 Cebes,
1749 1713 1950 1773 quanta
1983 1720 2067 1758 me
2097 1705 2185 1773 ju-

627 1796 776 1848 venis
800 1809 922 1849 cum
957 1809 1129 1849 essem
1156 1795 1299 1848 illius
1331 1796 1597 1862 cupiditas
1631 1797 1904 1865 sapientia:
1929 1796 2180 1856 tenuerit,

2281 613 2391 666 οὔτ’
2422 612 2771 667 ἀπόλλυσθαι.
2804 631 2820 661 ι
2853 610 3016 664 Ταῦθ’
3072 611 3100 663 6
3147 609 3458 680 Σωκράτης,
3492 608 3567 672 ὡς
3598 608 3869 675 Ξενοφῶν

2286 708 2566 778 μαρτυρεῖ.
2603 704 2820 776 Συνᾲδει
2865 703 2920 755 δὲ
2966 704 3057 756 καὶ
3103 705 3130 756 ὁ
3181 702 3402 754 Πλάτων
3439 700 3647 764 τούτοις
3679 703 3747 754 ὲν
3784 699 3869 770 τῷ

2281 799 2420 866 Περὶ
2449 795 2674 866 ψυχῆς,
2707 795 2883 849 τοιάδε
2912 794 3133 862 λέγοντα
3162 795 3319 846 αὑτὸν
3352 793 3676 864 ἀναγράφων
3704 791 3865 862 (ΞΞΥ

2288 909 2306 942 ι
2356 887 2494 959 Ἐγὼ
2547 887 2674 962 γὰρ,
2723 887 2847 958 ἔφη,
2899 881 2943 940 ὦ
2974 887 3194 957 Κέϐης,
3244 886 3361 949 νέος
3391 884 3486 947 ὢν,
3521 882 3867 956 θαυμαστῶς

2281 977 2356 1041 ὡς
2407 977 2721 1046 ἐπεθύμησα
2765 976 2964 1046 ταύτης
3008 977 3104 1046 τῆς
3155 975 3361 1043 σοφίας,
3403 975 3468 1045 ἣν
3511 974 3574 1045 δὴ
3625 972 3866 1027 καλοῦσι

2283 1066 2652 1138 περὶφύσεως
2691 1065 2952 1136 ἱστορίαν*
2992 1065 3334 1134 ὑπερήφανον
3380 1063 3486 1134 γάρ
3537 1079 3623 1132 μοι
3673 1061 3866 1114 ἐδόκει

2284 1154 2419 1210 εἶναι
2449 1158 2639 1212 εἰδέναι
2669 1158 2767 1220 τὰς
2795 1157 2971 1218 αἰτίας
2995 1155 3244 1218 ἑκάστου,
3267 1155 3354 1208 διὰ
3392 1154 3443 1206 τί
3484 1155 3687 1222 γίνεται
3720 1153 3864 1206 ἕκα-

2285 1265 2425 1308 στον,
2459 1247 2549 1298 καὶ
2573 1246 2658 1299 διὰ
2686 1246 2736 1296 τί
2762 1244 3071 1312 ἀπόλλυται,
3107 1245 3198 1297 καὶ
3226 1243 3312 1296 διὰ
3338 1243 3389 1295 τί
3417 1245 3530 1295 ἐστι
3549 1260 3562 1273 ·
3600 1243 3687 1294 καὶ
3727 1242 3867 1295 πολ⁴

2283 1337 2434 1399 λάκις
2475 1336 2706 1406 ἐμαυτὸν
2749 1321 2860 1390 ἀνω
2904 1335 2997 1388 καὶ
3045 1335 3192 1387 κάτω
3243 1331 3586 1404 μετέϐαλλον,
3633 1331 3864 1385 σκοπῶν

2283 1431 2496 1502 πρῶτον
2531 1430 2597 1482 τὰ
2645 1429 2852 1483 τοιάδε·
2905 1425 2992 1499 ἆρ’
3039 1427 3255 1480 ἐπειδὰν
3303 1428 3363 1480 τὸ
3403 1426 3606 1497 ψυχρὸν
3645 1427 3742 1479 καὶ
3798 1424 3863 1477 τὸ

2283 1521 2484 1592 θερμὸν
2534 1521 2796 1592 σηπεδόνα
2835 1521 2953 1573 τινὰ
2985 1519 3145 1591 λάϐῃ,
3189 1519 3263 1583 ὥς
3309 1536 3450 1582 τινες
3493 1519 3692 1586 ἔλεγον,
3727 1517 3862 1569 τότε

2282 1614 2379 1683 ἠδη
2400 1613 2509 1682 (25)
2526 1613 2592 1665 τα
2608 1613 2719 1677 ζῶα
2739 1607 3080 1684 ξυντρέφεται
3101 1629 3114 1676 ;
3135 1612 3227 1665 καὶ
3243 1611 3367 1663 πότε
3376 1628 3464 1682 ρον
3481 1611 3539 1664 τὸ
3556 1606 3690 1681 αἷμά
3703 1612 3862 1663 ἐστιν

2281 1698 2325 1772 ᾧ
2343 1705 2705 1777 φρονοῦμεν,ἢ
2726 1710 2751 1759 6
2778 1706 2903 1778 ἀὴρ,
2921 1706 2952 1776 ἢ
2971 1706 3028 1757 τὸ
3044 1704 3171 1775 πῦρο
3193 1705 3224 1774 ἢ
3243 1703 3442 1756 τούτων
3469 1705 3566 1773 μὲν
3581 1704 3748 1767 οὐδὲν,
3769 1707 3800 1756 6
3816 1703 3860 1755 δ’

2285 1795 2582 1862 ἐγκέφαλός
2598 1797 2687 1848 ὲστ
2698 1815 2743 1849 ιν
2761 1799 2788 1850 6
2813 1798 2906 1858 τὰς
2923 1795 3197 1866 αἰσθήσεις
3216 1794 3466 1864 παρέχων
3493 1793 3585 1846 τοῦ
3615 1793 3856 1856 ἀκούειν,

626 1903 787 1956 quam
838 1887 995 1956 vulgo
1047 1895 1251 1940 natura:
1310 1888 1814 1955 c0ntemplationem
1874 1887 2180 1956 appellant;

2293 1890 2381 1941 καὶ
2392 1890 2640 1959 όρᾷν,καὶ
2654 1890 2904 1960 ὀσφραίνε
2913 1889 3050 1941 σθαι’
3066 1889 3129 1940 ἐκ
3144 1887 3342 1941 τούτων
3355 1887 3409 1939 δὲ
3422 1887 3653 1956 γίγνοιτο
3669 1887 3856 1956 μνήμη

627 1981 820 2048 quippe
854 1979 1197 2048 magniﬁcum
1249 1979 1442 2048 oppido
1494 1979 1625 2031 mihi
1678 1978 1956 2031 videbatur
1997 1993 2190 2032 causas

626 2088 786 2125 nosse
809 2087 985 2124 rerum
1006 2072 1360 2141 singularum,
1389 2086 1451 2123 ac
1475 2085 1571 2124 cur
1597 2085 1930 2138 unaquaeque
1952 2071 2031 2124 vel
2051 2070 2192 2124 oria-

629 2173 736 2225 tur,
773 2164 855 2216 vel
882 2164 1124 2227 intereat,
1159 2164 1239 2216 vel
1271 2162 1510 2224 exsistat,
1544 2162 1862 2232 intelligere;
1892 2163 2192 2231 saepiusque

627 2255 762 2305 adeo
787 2269 869 2305 me
893 2269 1110 2306 sursum
1135 2253 1493 2320 deorsumque
1508 2252 1809 2314 versabam,
1829 2267 1948 2305 cum
1973 2253 2022 2304 in
2043 2252 2192 2320 ejus-

627 2345 769 2396 modi
807 2346 1037 2413 primum
1078 2345 1405 2412 quarstioncs
1434 2344 1799 2397 ineumbercm
1830 2361 1842 2396 :
1874 2351 2050 2396 utrum
2084 2343 2189 2396 sci-

626 2434 768 2498 licet,
786 2435 926 2502 quod
956 2435 1225 2487 nonnullis
1243 2434 1502 2502 placebat,
1519 2433 1608 2508 ubi
1627 2433 1875 2502 frigidum
1893 2442 1942 2486 et
1960 2433 2191 2485 calidum

624 2525 724 2578 loci
760 2526 958 2594 aliquid
988 2526 1317 2592 corruptioni
1348 2525 1625 2587 dederint,
1692 2534 1802 2578 tum
1835 2525 2048 2578 demum
2085 2524 2196 2577 ani-

625 2617 826 2670 mantia
867 2618 1252 2669 nutrimenlum
1282 2632 1344 2670 ac
1373 2617 1677 2669 ﬁrmitatem
1709 2615 1997 2683 accipiant?
2016 2625 2192 2667 utrum

625 2711 906 2778 sanguine,
929 2726 993 2762 an
1015 2725 1157 2774 aere,
1175 2725 1240 2761 an
1274 2710 1454 2778 potius
1474 2709 1594 2778 igne
1620 2708 1936 2776 sapiamus?
1972 2722 2037 2759 an
2069 2721 2193 2759 vero

627 2801 711 2853 his
726 2803 984 2853 omnibus
1002 2803 1256 2864 exclusis,
1285 2800 1375 2855 uni
1397 2799 1618 2854 cerebro
1648 2798 1931 2860 audiendi,
1957 2796 2191 2858 videndi,

627 2900 785 2957 atque
809 2893 1068 2945 odorandi
1101 2908 1358 2946 sensuum
1411 2892 1562 2960 origo
1592 2890 1848 2944 debeatur
1880 2908 1892 2941 :
1931 2889 2008 2943 sic
2039 2896 2097 2941 ut
2128 2903 2191 2941 ex

626 2983 693 3034 iis
726 2984 983 3035 memoria
1017 2984 1176 3035 simul
1207 2993 1260 3036 et
1292 2982 1506 3050 opinio,
1560 2997 1624 3035 ex
1688 2991 1918 3048 utraque
1978 2989 2154 3032 autem
2177 3021 2190 3042 ,

627 3073 717 3126 ubi
748 3073 954 3142 placide
997 3074 1281 3142 quit-teque
1325 3074 1685 3135 constiterint,
1716 3088 1836 3124 cum
1874 3070 2061 3124 iisdem
2095 3086 2189 3124 eo-

630 3165 838 3218 hazrens
867 3166 1086 3218 scientia
1124 3163 1710 3234 generetur?Cumque
1734 3164 1970 3217 vicissim
2007 3178 2187 3215 rerum

627 3254 939 3307 earumdem
977 3254 1247 3319 interitus,
1284 3268 1510 3324 quaeque
1542 3264 1645 3306 tam
1680 3256 1733 3305 in
1770 3253 1906 3306 coelo
1940 3267 2101 3320 quam
2137 3251 2190 3304 in

629 3353 770 3397 terra
805 3346 964 3415 vulgo
996 3347 1315 3415 contingunt
1347 3360 1554 3399 mecum
1599 3346 1713 3412 ipse
1755 3356 2082 3412 reputarem,
2110 3345 2196 3398 de-

629 3451 777 3487 mum
825 3437 896 3489 ita
948 3453 1032 3490 me
1091 3439 1156 3490 ad
1205 3439 1312 3491 'hoc
1358 3435 1831 3505 contemplationis
1873 3451 2041 3504 genus
2081 3436 2196 3488 ine-

631 3537 804 3596 ptum,
839 3537 892 3582 ut
923 3530 1015 3596 qui
1050 3530 1303 3590 maxime,
1357 3544 1478 3584 esse
1509 3526 1766 3596 judicavi.
1800 3525 1968 3593 Cujus
1996 3527 2068 3579 rei
2096 3528 2195 3580 hoc

635 3619 727 3672 tibi
761 3629 1137 3688 argumentum
1184 3621 1353 3673 instar
1407 3620 1651 3673 omnium
1691 3617 1992 3686 proferam;
2050 3619 2194 3686 quod

633 3726 752 3780 quae
784 3710 911 3762 mihi
967 3711 1117 3779 prius
1164 3726 1224 3765 ac
1268 3711 1475 3765 cazteris
1511 3711 1710 3780 optime
1743 3708 1964 3763 videbar
1997 3710 2198 3763 intelli-

634 3817 776 3870 gere,
809 3801 991 3855 eadem
1023 3802 1363 3870 postmodum
1383 3802 1566 3855 omnia
1589 3800 1954 3864 dediscercm;
1986 3809 2194 3854 tantum

2291 1982 2382 2033 καὶ
2403 1980 2542 2045 δόξα·
2567 1982 2629 2032 ἐκ
2644 1981 2699 2032 δὲ
2723 1981 2938 2050 μνήμης
2957 1981 3048 2033 καὶ
3079 1981 3238 2051 δόξης
3250 1977 3516 2048 λαϐούσης
3536 1979 3592 2030 τὸ
3609 1979 3858 2048 ἠρεμεῖν,

2292 2071 2430 2123 κατᾶ
2459 2069 2627 2123 ταῦτα
2660 2071 2901 2138 γίνεσθαι
2934 2072 3262 2141 ὲπιστήμην;
3286 2071 3394 2123 Καὶ
3427 2064 3492 2121 αὖ
3525 2067 3720 2120 τούτων
3756 2066 3857 2129 τὰς

2294 2162 2496 2233 φθορὰς
2530 2163 2762 2224 σκοπῶν,
2789 2164 2882 2215 καὶ
2909 2162 2974 2215 τὰ
3000 2164 3124 2234 περὶ
3154 2163 3244 2215 τὸν
3278 2161 3501 2233 οὐρανόν
3540 2177 3598 2212 τε
3631 2160 3720 2212 καὶ
3756 2157 3857 2230 τὴν

2293 2254 2394 2323 γῆν
2425 2253 2591 2324 πάθη,
2616 2253 2897 2318 τελευτῶν,
2933 2253 3102 2317 οὕτως
3134 2253 3352 2325 ἐμαυτῷ
3382 2253 3533 2318 ἔδοξα
3565 2252 3695 2324 πρὸς
3720 2250 3858 2304 ταύ-

2291 2363 2387 2416 την
2414 2346 2508 2416 τὴν
2532 2346 2717 2415 σκέψιν
2745 2347 2920 2417 ἀφυὴς
2952 2343 3107 2412 εἶναι,
3133 2347 3206 2410 ὡς
3237 2345 3383 2399 οὐδὲν
3413 2345 3614 2416 χρῆμα.
3645 2345 3856 2414 Τεκμή-

2298 2456 2406 2510 ριον
2435 2440 2487 2491 δέ
2519 2458 2597 2492 σοι
2643 2438 2750 2509 ἐρῶ
2806 2441 3005 2493 ἱκανόν.
3040 2439 3178 2507 Ἐγὼ
3227 2439 3334 2510 γὰρ
3375 2437 3409 2492 ἃ
3455 2438 3546 2490 καλ¹
3596 2437 3855 2508 πρότερον

2295 2532 2478 2600 σαφῶς
2510 2533 2842 2601 ἠπιστάμην,
2867 2531 2939 2594 ὥς
2967 2548 3029 2599 γε
3061 2529 3277 2601 ἐμαυτῷ
3299 2531 3519 2592 καὶτοῖς
3549 2527 3716 2589 ἄλλοις
3738 2526 3856 2579 ἐδό-

2294 2642 2442 2686 κουν,
2465 2615 2700 2675 τότεύπ¹
2736 2623 2902 2691 αὐτῆς
2933 2623 3029 2692 τῆς
3065 2621 3304 2689 σκέψεως
3334 2621 3473 2672 οὕτω
3508 2620 3702 2689 σφόδρα
3729 2621 3855 2670 ἐτυ-

2296 2712 2530 2782 φλώθην,
2560 2711 2698 2765 ὥστε
2741 2712 3018 2782 ἀπέμαθον
3047 2713 3139 2766 καὶ
3181 2710 3334 2764 ταῦθ⁸
3378 2709 3413 2762 ἃ.
3459 2709 3656 2779 προτοῦ
3696 2708 3854 2779 ᾤμην

2295 2802 2508 2854 εἰδέναι.
2554 2821 2571 2852 ι
2611 2801 2789 2854 Ταῦτα
2826 2801 3120 2873 Σωκράτης
3169 2799 3328 2861 αὐτὸς
3374 2799 3576 2860 ἐκεῖνος
3621 2797 3647 2847 6
3690 2799 3855 2848 πᾶσιν

2294 2895 2531 2965 ἀοίδιμος
2553 2895 2824 2966 Ἕλλησιν.
2864 2896 2989 2947 Ὅτε
3047 2893 3221 2945 τοίνυν
3275 2891 3367 2944 καὶ
3422 2888 3499 2959 τῷ
3559 2888 3853 2958 τηλικούτῳ

2296 2986 2564 3058 φιλοσόφῳ
2605 2987 2781 3039 τοιάδε
2829 2987 2999 3039 ἐδόκει
3052 2980 3187 3038 εἶναι
3249 2982 3315 3035 τὰ
3369 2979 3467 3048 τῆς
3525 2978 3630 3032 τῶν
3683 2978 3848 3049 δηλω-

2297 3078 2493 3130 θέντων
2549 3077 2921 3146 φυσιολογίας,
2981 3074 3204 3137 εἰκότως
3261 3089 3348 3143 μοι
3402 3069 3540 3122 δοκῶ
3589 3070 3679 3122 καὶ
3710 3068 3854 3138 ἡμᾶς

2297 3169 2394 3239 τὴν
2458 3169 2658 3222 τούτων
2708 3169 2959 3221 ἁπάντων
3005 3165 3268 3234 ἀθεότητα
3324 3161 3682 3232 παρῃτῆσθαι·
3734 3155 3855 3209 ἐπεὶ

2297 3261 2388 3312 καὶ
2417 3260 2483 3312 τὰ
2507 3261 2605 3329 τῆς
2637 3258 2894 3311 πολυθέου
2923 3257 3127 3326 πλάνης
3159 3254 3356 3319 αὐτῶν,
3391 3255 3489 3306 οὐκ
3525 3253 3696 3305 ἔοικεν
3722 3245 3854 3302 εἶναι

2298 3350 2547 3420 ἀλλότρια
2576 3349 2679 3401 τῶν
2705 3348 3024 3420 εἰρημένων.
3055 3346 3221 3399 Τοῦτο
3257 3346 3354 3416 μὲν
3399 3341 3490 3397 οὖν
3543 3344 3632 3395 ἐπὶ
3669 3337 3852 3410 καιροῦ

2297 3441 2391 3492 τοῦ
2420 3441 2782 3512 προσήκοντος
2815 3438 3214 3510 ἐλεγχθήσεται,
3251 3436 3370 3489 καθ’
3396 3436 3453 3488 ὃν
3493 3433 3852 3500 ἀποδείξομεν,

2300 3533 2381 3584 ὅτι
2423 3531 2633 3602 πρῶτος
2695 3531 2958 3602 Ἐλλήνων
3004 3529 3366 3599 Ἀναξαγόρας
3411 3527 3532 3580 νοῦν
3575 3522 3854 3590 ἐπιστῆσαι

2300 3623 2366 3692 τῇ
2394 3621 2486 3673 τοῦ
2522 3622 2715 3684 παντὸς
2741 3622 2886 3693 αἰτίᾳ
2910 3622 3323 3693 μνημονεύεται.
3372 3617 3485 3670 Νῦν
3533 3615 3590 3666 δέ
3644 3631 3727 3683 μοι
3767 3609 3854 3662 ἐπὶ

2301 3713 2390 3766 τὸν
2419 3713 2675 3786 Διόδωρον
2704 3714 2930 3784 μετάὸα,
2964 3713 3055 3765 καὶ
3092 3712 3279 3765 σκόπει
3301 3704 3388 3761 οἷα
3415 3707 3543 3777 περὶ
3584 3704 3682 3773 τῆς
3715 3699 3852 3773 πρὼ-

2302 3821 2398 3873 της
2428 3802 2533 3855 τῶν
2569 3803 2866 3876 ἀνθρώπων
2900 3802 3172 3870 θεολογίας
3206 3799 3422 3868 ἱστορεῖ.

635 3894 722 3947 illa
759 3895 872 3964 ipsa
923 3895 1303 3963 contemplatio
1351 3893 1483 3946 mihi
1533 3892 1786 3946 cazcitatis
1840 3891 2120 3946 oﬂuderat.
2160 3912 2176 3944 ›
2225 3892 2347 3949 limo
2377 3894 2625 3950 Socrates
2685 3897 2773 3950 ille
2837 3895 3145 3953 Graecorum
3188 3889 3429 3943 omnium
3478 3900 3571 3939 ore
3618 3882 3852 3950 famaque

635 3988 958 4042 celebratus.
992 3986 1168 4052 Quare
1200 4002 1321 4040 cum
1363 4001 1423 4040 ea
1452 3986 1587 4040 tanti
1631 3985 1933 4054 philosophi
1961 3985 2026 4039 de
2067 3986 2279 4040 illorum
2321 3991 2582 4051 omnium,
2611 4005 2744 4059 quos
2777 3998 2899 4045 ante
2944 3981 3511 4044 commemoravimus,
3535 3973 3851 4048 physiologia

634 4097 786 4135 mens
821 4091 873 4134 et
919 4083 1178 4136 sententia
1225 4081 1415 4147 fuerit,
1469 4083 1590 4151 jure
1628 4097 1844 4151 quoque
1890 4081 2062 4137 sentio
2092 4097 2189 4138 nos
2227 4086 2332 4154 27
2356 4086 2422 4138 ab
2446 4087 2670 4140 istorum
2700 4095 2901 4156 negatae
2927 4080 3232 4137 Divinitatis
3286 4077 3486 4131 scelere
3537 4074 3851 4128 declinasse:

632 4173 930 4242 prtesertim
987 4187 1106 4224 cum
1164 4173 1405 4240 ipsorum
1460 4173 1526 4227 de
1577 4173 1916 4227 multitudine
1960 4174 2179 4228 deorum
2219 4190 2371 4229 error
2405 4178 2596 4241 abiis,
2631 4193 2751 4246 qua:
2813 4176 2879 4228 de
2911 4172 3149 4227 universi
3213 4177 3332 4222 ortu
3368 4163 3724 4225 somniarunt,
3774 4173 3850 4212 ne-

635 4278 906 4331 quaquam
950 4262 1155 4315 alienus
1200 4277 1320 4315 esse
1375 4261 1636 4318 videatur.
1688 4261 1949 4316 Cancrum
2003 4265 2054 4318 id
2101 4281 2199 4319 suo
2236 4267 2354 4321 loco
2381 4269 2667 4321 manifeste
2710 4264 3170 4335 deprehendetur,
3233 4260 3326 4313 ubi
3390 4256 3684 4327 principem
3719 4251 3852 4306 Grie-

634 4373 820 4413 corum
852 4357 1261 4425 Anaxagoram,
1290 4355 1382 4425 qui
1415 4365 1644 4409 mentem
1677 4356 1840 4425 hujus
1886 4358 2249 4414 universitatis
2312 4362 2574 4414 molitioni
2631 4359 2960 4429 przel'ecerit,
3003 4355 3211 4410 laudari
3276 4350 3643 4406 ostendemus.
3717 4344 3853 4399 Nunc

635 4471 762 4510 vero
827 4451 1058 4507 transfer
1103 4452 1343 4506 animum
1384 4449 1458 4504 sis
1498 4449 1563 4504 ad
1610 4449 1937 4516 Diodorum,
1993 4466 2219 4520 quaeque
2293 4453 2358 4506 de
2399 4455 2570 4522 prima
2619 4453 2899 4507 hominum
2947 4446 3208 4515 theologia
3293 4442 3567 4498 memoriae
3615 4438 3853 4511 prodidit,

636 4544 944 4602 considera.

1121 4633 1350 4690 CAPUT
1386 4633 1474 4686 1X.

638 4753 846 4807 Priscos
895 4751 1124 4804 homines
1175 4748 1288 4802 cadi
1340 4756 1542 4800 tantum
1591 4756 1736 4798 astra
1786 4744 2044 4810 coluisse,
2084 4759 2202 4799 cum

709 4824 840 4874 nihil
889 4839 1046 4890 neque
1098 4820 1159 4873 de
1214 4821 1371 4887 hujus
1417 4818 1643 4890 universi
1681 4816 1840 4890 ADco,
1892 4832 2071 4890 ineque
2139 4814 2201 4865 de

707 4888 1004 4946 simulacris
1035 4891 1320 4962 erigendis,
1355 4905 1512 4958 neque
1544 4888 1605 4939 de
1654 4888 1975 4940 da’moutbus
2017 4901 2205 4955 cogno-

714 4972 926 5015 vissent.

720 5095 738 5128 ι
779 5074 996 5129 Priscos
1023 5071 1300 5144 Egyptios
1334 5072 1541 5135 ferunt,
1574 5086 1696 5126 cum
1729 5070 1919 5126 oculos
1955 5068 2116 5136 hujus
2149 5067 2202 5119 in

643 5168 831 5224 mundi
871 5165 1322 5234 contemplatione
1365 5165 1700 5229 detixisseut,
1747 5176 1980 5232 cumque
2023 5175 2202 5213 rerum

644 5260 889 5314 omnium
928 5265 1177 5310 naturam
1205 5255 1593 5309 vehementiori
1631 5255 1988 5308 admiratione
2019 5250 2206 5304 obstu-

646 5357 960 5420 pescerent,
995 5347 1162 5402 solem
1206 5360 1269 5398 ac
1293 5345 1476 5397 lunam
1511 5345 1866 5413 sempiternos
1902 5356 2024 5396 esse
2076 5340 2208 5393 deos

647 5429 997 5511 omniumque
1038 5435 1310 5508 principes
1357 5434 1668 5501 censuisse;
1707 5449 1935 5504 quorum
1980 5432 2206 5487 alterum

703 5595 832 5678 _(22)
872 5593 1112 5651 Platonis
1138 5596 1288 5651 locus
1322 5601 1495 5650 estex
1529 5591 1810 5659 ΡΙιωάοησ,
1848 5608 1899 5663 p.
1928 5589 2034 5648 39%
2074 5588 2203 5644 edit.

655 5667 837 5803 Fui-:25)
881 5734 1020 5807 Τότε
1043 5734 1157 5804 ἤδη
1218 5735 1372 5792 Plato
1400 5735 1501 5807 leg.
1535 5732 1652 5786 τότε
1693 5731 1777 5803 δή,
1808 5733 1949 5805 quod
1985 5726 2211 5785 ἁττικώ-

660 5824 813 5872 τερον
844 5806 1070 5861 videtur.

2236 4636 2281 4691 ι)
2837 4617 3227 4671 ΚΕΦΑΛΑΙΟΝ
3261 4614 3341 4669 θ’.

2310 4743 2427 4793 ’Ότι
2462 4742 2514 4793 οἱ
2541 4735 2776 4790 παλαιοὶ
2807 4733 2921 4786 τῶν
2964 4733 3303 4800 ἀνθρώπων,
3337 4729 3493 4800 τοὺς
3519 4728 3644 4782 κατ’
3691 4727 3857 4800 οὐράς

2379 4810 2487 4863 rer
2525 4805 2840 4876 φωστῆρας
2867 4805 3055 4874 μόνον
3070 4796 3319 4876 ῖὲσεὸξονλ,
3347 4799 3557 4876 μηδὲν.
3584 4796 3853 4876 περὶ-,ινορ

2378 4878 2495 4932 τῶν
2525 4863 2688 4930 vellem
2717 4863 2882 4929 "6865
2898 4916 2910 4939 ,
2948 4875 3079 4928 ἀλλ’
3131 4872 3270 4927 οὐδὲ
3297 4863 3433 4939 περί
3451 4866 3683 4932 ξοάνων
3713 4863 3854 4931 ἐδρύ-

2379 4965 2551 5015 σεως,
2586 4946 2724 5000 οὐδὲ
2749 4947 2878 5013 περὶ
2900 4937 3195 5012 δαιμόνων
3222 4937 3624 5006 ἐπιστάμενοι.

2381 5062 2490 5133 (24)
2529 5081 2546 5113 ι
2577 5062 2712 5124 Τοὺς
2737 5061 2780 5112 δ’
2808 5054 2898 5113 οὖν
2931 5059 3045 5111 κατ’
3071 5056 3342 5121 Αἴγυπτον
3362 5050 3678 5121 ἀνθρώπους
3692 5049 3749 5104 τὸ
3769 5066 3855 5103 m-

2310 5156 2453 5209 λαιὸν
2486 5154 2824 5226 γενομένους,
2857 5147 3261 5216 ἀναϐλέψαντας
3292 5146 3370 5206 εἰς
3396 5142 3488 5195 τὸν
3521 5142 3740 5212 κόσμον,
3775 5139 3855 5193 καὶ

2307 5250 2403 5320 τὴν
2432 5246 2539 5301 τῶν
2568 5247 2702 5299 ὅλων
2741 5243 2899 5310 φύσιν
2937 5235 3379 5304 καταπλαγέντας
3420 5250 3480 5285 τε
3519 5235 3614 5286 καὶ
3667 5231 3854 5303 θαυμά-

2312 5357 2528 5401 σαντας,
2560 5332 2868 5388 ὑπολαϐεῖν
2923 5325 3058 5382 εἶναι
3115 5327 3265 5389 θεοὺς
3321 5325 3432 5396 (25)
3458 5325 3659 5389 ἀϊδίους
3694 5341 3754 5378 τε
3775 5322 3853 5376 καὶ

2309 5433 2554 5504 πρώτους
2583 5427 2672 5481 τόν
2703 5441 2761 5477 τε
2788 5424 2935 5494 ἥλιον
2972 5421 3064 5474 καὶ
3089 5419 3186 5490 τὴν
3218 5418 3442 5490 σελήνην
3462 5435 3476 5448 ο
3504 5412 3588 5473 ’ὧν
3631 5415 3720 5470 τὸν
3749 5413 3850 5486 μὲν,

2382 5582 2494 5650 (2’s)
2535 5579 2800 5650 Diodorus
2823 5576 2919 5650 lib.
2947 5592 2994 5650 ιὲ
3014 5574 3169 5650 ρκιο
3197 5573 3238 5650 ς]
3268 5588 3421 5650 ηονρ
3442 5567 3712 5650 είὶξιίοιιίετ

2384 5583 2473 5650 (24
2535 5582 2800 5634 Diodorus
2824 5582 2919 5631 lib.
2947 5592 2987 5638 ι,
3015 5591 3068 5644 p.
3103 5582 3169 5629 tu
3197 5582 3238 5627 υ
3268 5588 3420 5628 novae
3442 5582 3712 5627 editionis.

2384 5582 2703 5723 ('25iEIrqz
2725 5649 2921 5723 θεούς.
2965 5645 3142 5723 Diod,
3177 5640 3315 5697 εἶναι
3365 5643 3458 5723 δύο
3504 5633 3850 5723 05.06913313-

2313 5705 2428 5793 ααέ
2454 5705 2612 5793 infra,
2647 5719 2853 5792 Σείριον
2878 5705 2979 5787 pro
3007 5705 3218 5793 Σύριον,
3255 5723 3337 5772 est
3374 5712 3520 5770 enim
3555 5709 3693 5764 inter
3714 5705 3852 5758 Ὄσι-

2319 5787 2402 5863 ριν
2433 5809 2494 5850 ac
2523 5792 2726 5861 Σείριον
2741 5787 3094 5858 ’παρωνυμία.
