3980 6338
709 399 776 454 67
1357 389 1623 446 EUSEBII
1656 382 2130 445 CASSARIENSIS
2168 381 2314 437 OPP.
2351 377 2530 432 PARS
2563 375 2632 432 ll.
2689 405 2742 416 --
2780 375 3276 432 APOLOGETICA.
3846 373 3907 428 68

706 532 842 586 quos
865 516 928 569 de
951 513 1166 568 vitando
1187 505 1362 566 rerum
1387 511 1743 563 animatarum
1774 522 1871 560 usu
1902 502 2249 570 conscripsit,

2376 499 2448 566 ςάς
2466 515 2480 527 ο
2509 496 2725 557 πολλαῖς
2751 494 2858 564 γάρ
2881 499 3089 562 γενεαῖς
3119 495 3339 566 ὕστερον
3368 495 3681 566 παρελήφθη
3718 495 3902 560 ταῦτα,

709 612 898 679 priscae
925 608 1066 661 illius
1099 614 1333 658 veterum
1373 599 1797 663 consuetudinis,
1837 597 2052 649 laudato
2085 593 2260 645 Theo-

708 699 914 769 phrasti
964 695 1303 757 testimonio,
1347 691 1593 744 meminit
1643 687 1724 740 his
1781 685 2002 740 omnino
2034 683 2256 736 verbis:

714 809 733 841 ι
775 790 1040 844 Inﬁnitum
1077 788 1234 855 plane
1267 785 1472 836 videtur
1501 781 1718 832 ﬂuxisse
1764 787 2005 845 tempus.
2052 790 2116 827 ex
2154 788 2261 840 quo

712 896 878 948 genus
914 879 1187 930 hominum
1220 875 1376 940 longe
1410 869 1898 938 sapientissimum,
1935 874 1994 917 ut
2025 865 2264 932 loquitur

712 967 1116 1034 Theophrastus
1138 1005 1152 1027 ,
1182 962 1576 1014 sanctissimam
1613 958 1756 1010 illam
1786 964 1837 1009 et
1868 971 1897 1007 a
1928 953 2265 1006 Nilo-condi-

710 1071 816 1110 tam
872 1058 1142 1125 regionem
1200 1055 1484 1114 incoleret,
1539 1052 1601 1103 ad
1672 1049 1850 1102 focum
1906 1045 2262 1101 domesticum

715 1163 870 1201 sacra
906 1149 1008 1199 diis
1039 1146 1344 1199 cmlestibns
1401 1144 1572 1196 facere
1612 1141 1807 1208 erepit,
1842 1154 1948 1190 non
1996 1136 2261 1206 myrrhae,

713 1254 818 1289 non
853 1237 1009 1288 CﬂSitE
1055 1236 1333 1301 thurisquc
1366 1250 1487 1286 cum
1515 1245 1673 1284 croco
1700 1231 1982 1281 inistorum
2014 1224 2265 1293 primitiis

714 1330 908 1394 (neque
944 1326 1085 1378 enim
1128 1325 1354 1377 istorum
1389 1337 1518 1374 usus
1566 1322 1664 1373 nisi
1699 1302 2052 1387 post'ntultas
2082 1324 2264 1368 aetates

710 1420 845 1479 fuit,
875 1433 994 1472 cum
1027 1417 1188 1468 homo
1216 1416 1464 1467 curiosus
1489 1412 1689 1464 erroris
1717 1410 1996 1476 indagator
2023 1405 2261 1471 eﬁ‘ectus,

712 1521 830 1580 post
863 1509 1153 1562 multorum
1192 1506 1431 1557 laborum
1473 1512 1632 1569 atque
1663 1502 2017 1569 lacryniarum
2049 1505 2227 1564 guttas
2248 1534 2263 1560 ,

714 1601 1029 1653 necessariae
1056 1597 1173 1647 vita:
1203 1594 1463 1661 primitias
1492 1593 1594 1643 diis
1619 1590 1862 1657 obtulit);
1890 1602 1994 1639 non
2026 1587 2263 1649 illarum,

714 1693 957 1758 inquam,
999 1702 1211 1749 rerum,
1248 1686 1336 1738 sed
1368 1683 1586 1736 virentis
1615 1681 1790 1734 herbae
1811 1721 1825 1745 ,
1856 1679 2011 1746 cujus
2044 1679 2122 1731 sic
2151 1686 2271 1729 tan-

713 1796 874 1849 quam
913 1790 1113 1831 natura:
1157 1775 1403 1845 genitalis
1443 1774 1746 1841 printtevam
1793 1769 2083 1837 quamdam
2114 1767 2270 1818 lanu-

2361 586 2451 637 καὶ
2478 586 2680 654 πλάνης
2695 586 2985 656 ἐρευνητὴς
3009 585 3117 654 (:29)
3143 585 3357 656 μαστὴρ
3377 587 3405 636 6
3429 585 3711 656 ἄνθρωπος
3738 587 3909 653 γιγνό-

2365 694 2539 745 μενος,
2568 678 2666 745 τῆς
2689 677 2985 743 ἀναγκαίας
3011 677 3151 746 ζωῆς
3185 677 3321 746 μετά
3364 675 3571 730 πολλῶν
3611 677 3785 729 πόνων
3822 678 3911 730 καὶ

2361 766 2606 836 δακρύων
2645 767 2904 832 σταγόνας
2924 805 2937 828 ,
2982 765 3260 836 ἀπήρξατο
3294 769 3403 829 τοῖς
3428 767 3588 829 θεοῖς·
3626 768 3685 820 οὑ
3717 767 3912 822 τούτων

2362 853 2452 908 οῦν
2484 855 2635 907 ἔθυον
2664 857 2939 926 πρότερον,
2969 855 3101 908 ἀλλά
3132 857 3286 925 χλόης
3308 856 3466 908 οἱονεί
3495 873 3618 908 τινα
3653 857 3754 925 τῆς
3781 857 3914 925 γονί-

2369 965 2469 1018 μου
2509 947 2719 1015 φύσεως
2745 947 2898 1016 χνοῦν
2928 950 3044 1010 ταῖς
3084 951 3266 1018 χερσὶν
3289 949 3567 1019 ἀράμενοι.
3595 948 3795 1020 Δένδρα

2364 1038 2473 1108 γάρ
2507 1039 2570 1108 δὴ
2617 1037 2736 1108 πρὸ·
2760 1037 2912 1101 ζώων
2944 1040 3206 1092 ἀνέδωκεν
3247 1043 3279 1110 ὴ
3333 1041 3434 1110 γῆ·
3469 1040 3575 1092 τῶν
3616 1040 3841 1110 δένδρων
3865 1040 3915 1093 δὲ

2365 1129 2496 1180 πολὺ
2521 1129 2750 1199 πρόσθεν
2779 1131 2878 1199 τὴν
2913 1131 3158 1182 ἐπέτειον
3185 1131 3469 1200 γινομένην
3500 1131 3634 1183 πόαν
3654 1148 3668 1163 ⁸
3703 1126 3769 1201 ἧς
3809 1131 3917 1202 δρε-

2369 1221 2591 1290 πόμενοι
2626 1221 2796 1288 φύλλα
2825 1221 2915 1272 καὶ
2944 1219 3115 1291 ῥίζας,
3145 1223 3385 1284 καὶτοὺς
3415 1223 3569 1284 ὅλους
3587 1223 3686 1292 τῆς
3713 1221 3915 1289 φύσεως

2365 1311 2543 1364 αὐτῶν
2592 1311 2852 1381 βλαστοὺς
2915 1313 3200 1364 κατέκαιον
3228 1351 3242 1375 ,
3299 1311 3468 1384 ταύτῃ
3502 1313 3628 1374 τοὺς
3670 1313 3917 1381 εραινομέ⁹

2366 1420 2489 1466 νους
2535 1404 2816 1474 οὐρανίους
2883 1404 3036 1466 θεοὺς
3093 1407 3156 1474 τῇ
3211 1403 3369 1474 θυσίᾳ
3417 1405 3784 1474 δεξιούμενοι,
3835 1404 3921 1457 καὶ

2366 1491 2462 1544 τοῦ
2501 1492 2670 1562 πυρὸς
2699 1493 2833 1568 (τοο)
2871 1489 3351 1554 ἀπαθανατίζοντες
3391 1494 3569 1556 αὐτοῖς
3596 1493 3691 1556 τάς
3747 1495 3917 1562 τιμάς.

2368 1581 2588 1644 Τούτοις
2644 1581 2750 1653 γὰρ
2801 1582 2895 1633 καὶ
2947 1583 3007 1634 τὸ
3057 1581 3167 1651 πῦρ
3221 1582 3510 1651 ἐφύλαττον
3564 1583 3826 1636 ἀθάνατον
3871 1586 3921 1637 ὲν

2367 1675 2483 1735 τοῖς
2549 1674 2744 1743 ἱεροῖς,
2804 1672 2878 1736 ὡς
2924 1672 2983 1726 δν
3047 1674 3277 1743 μάλιστα
3342 1674 3521 1738 αὐτοῖς
3592 1676 3914 1744 ὁμοιότατον.

2381 1763 2476 1816 Ἐκ
2510 1763 2567 1816 δὲ
2595 1765 2692 1834 τῆς
2721 1765 3028 1834 θυμιάσεως
3055 1764 3162 1816 τῶν
3194 1764 3299 1817 ἀπὸ
3335 1765 3456 1834 γῆς,
3485 1765 3834 1833 θυμιατήριὰ
3867 1783 3919 1817 τε

715 1873 888 1940 ginem
940 1868 1188 1921 manibus
1213 1850 1489 1918 sublatam
1546 1861 1823 1916 offerebat.
1868 1861 2074 1928 Quippe
2126 1859 2268 1910 enim

2376 1856 2614 1918 ὲκάλουν,
2648 1856 2742 1907 καὶ
2767 1854 2828 1907 τὸ
2857 1855 3040 1919 θύειν,
3067 1855 3239 1907 καὶτὸ
3269 1853 3552 1908 θυσιὰσαι
3578 1872 3590 1884 ·
3621 1856 3654 1908 ἃ
3685 1856 3748 1925 δὴ
3772 1858 3922 1927 ἡμεῖς

715 1963 921 2029 priores
967 1956 1329 2010 animantibus
1363 1955 1604 2016 arbores,
1654 1951 1929 2016 multoque
1963 1957 2087 2000 ante
2127 1949 2271 2015 ipsas

712 2066 931 2119 gramen
959 2063 1198 2100 annuum
1242 2055 1382 2098 terra
1425 2043 1744 2111 procreavit,
1781 2041 1937 2107 cujus
1973 2039 2099 2091 folia
2125 2038 2270 2091 radi-

712 2155 912 2208 cesque
955 2145 1233 2204 carpentes
1274 2149 1394 2186 cum
1443 2131 1664 2199 integris
1697 2145 1880 2181 earum
1913 2137 2118 2180 natura:
2146 2142 2269 2193 ger-

713 2232 953 2285 niinibus
999 2239 1204 2282 veteres
1237 2227 1311 2278 illi
1350 2223 1773 2282 comburebant,
1809 2235 1979 2287 eoque
2021 2217 2269 2272 sacriﬁcii

716 2337 944 2390 genere,
985 2320 1074 2388 qui
1119 2318 1366 2372 ctelestes
1422 2314 1493 2366 dii
1547 2313 1898 2374 videbantur,
1946 2311 2046 2363 sibi
2088 2309 2272 2363 conci-

716 2415 958 2474 liabant,
1011 2421 1171 2479 atque
1237 2407 1602 2474 sempiternos
1650 2403 1787 2469 ignis
1837 2402 2069 2453 honores
2127 2401 2273 2468 ipso-

716 2520 834 2557 qun
867 2501 1135 2556 divinitati
1163 2497 1572 2554 consecrabant.
1607 2495 1737 2547 Nam
1777 2495 1887 2546 illis.
1909 2494 2067 2546 etiam
2099 2494 2273 2561 ignem

719 2595 1112 2649 eonservahant
1165 2592 1278 2646 suis
1325 2591 1378 2642 in
1429 2589 1640 2656 templis
1690 2587 2083 2649 immortalem,
2132 2585 2274 2652 quod

714 2687 902 2740 iisdem
939 2683 1243 2739 simillimus
1268 2697 1384 2735 esse
1411 2681 1698 2732 videretur.
1781 2676 1887 2744 29
1923 2674 2183 2728 Caeterum
2211 2689 2278 2727 ex

715 2771 804 2822 illa
853 2784 1069 2831 rerum,
1104 2783 1238 2836 quas
1284 2776 1425 2819 terra
1478 2765 1838 2832 produxerat,
1884 2761 2274 2831 ἀναθυμιάσει,

623 2854 625 2856 ’
717 2861 814 2912 has
850 2859 1073 2911 subinde
1098 2873 1256 2910 voces
1291 2856 1638 2924 θυμιατήρια,
1663 2853 1828 2914 θύειν,
1848 2853 2096 2904 θυσιάσαι
2121 2852 2277 2905 effin-

719 2959 943 3010 xeruut,
982 2949 1180 3017 quibus
1227 2963 1326 3001 nos
1373 2946 1594 3014 perinde
1623 2961 1685 2997 ac
1719 2944 1763 2998 si
1811 2959 2008 2996 novum
2044 2948 2142 2994 hoc
2175 2943 2278 2994 im-

716 3040 996 3109 probitatis
1032 3054 1197 3106 genus
1233 3036 1630 3104 signiﬁcarent,
1681 3036 1853 3087 alieno
1905 3032 2061 3101 plane
2120 3047 2278 3085 sensu

718 3131 1010 3190 abutimur,
1033 3129 1158 3182 dum
1196 3128 1438 3180 fallacem
1468 3128 1608 3179 hunc
1638 3125 1869 3189 cultum,
1904 3125 1994 3192 qui
2043 3125 2279 3176 animan-

717 3223 851 3272 tium
885 3220 1247 3273 immolatione
1279 3219 1572 3286 perticitur,
1605 3216 1788 3266 θυσίαν
1819 3215 2163 3284 appellamus.
2196 3215 2273 3266 Ac

717 3312 879 3380 prisci
908 3311 1121 3378 quidem
1159 3310 1233 3361 illi
1264 3310 1540 3369 homines,
1577 3322 1644 3359 ne
1684 3307 1810 3374 quid
1845 3307 2098 3358 adversus
2130 3305 2274 3356 hunc

719 3405 882 3453 ritum
925 3411 1254 3468 peccaretur,
1296 3408 1441 3450 tanto
1488 3399 1664 3449 studio
1712 3405 1964 3463 tantaque
2005 3395 2275 3461 diligentia

720 3491 1103 3560 providebant,
1135 3498 1190 3540 ut
1235 3489 1376 3556 quod
1419 3489 1472 3539 in
1521 3504 1646 3550 eos,
1681 3488 1802 3554 qui,
1853 3486 2049 3552 rejecto
2100 3495 2277 3537 vetere

720 3581 962 3633 instituto
997 3593 1193 3630 novum
1227 3577 1441 3644 aliquod
1478 3577 1816 3635 inveherent,
1854 3575 2137 3643 ὴράσαντυ,
2175 3573 2276 3626 hoc

719 3680 802 3723 est
832 3670 974 3721 diras
1016 3668 1382 3732 effunderent,
1431 3665 1692 3734 ἀρώματα
1734 3665 1801 3717 τὰ
1844 3663 2189 3733 θυμιώμενα,
2225 3664 2276 3716 id

718 3774 800 3815 est
827 3759 1126 3814 suffitiones
1163 3760 1327 3827 ipsas,
1384 3757 1793 3826 imprecationes
1814 3756 2062 3823 dirasque
2106 3754 2278 3806 nomi-

722 3860 930 3904 narent.
974 3871 990 3901 ι
1026 3850 1234 3915 Quibus
1254 3890 1267 3912 ,
1302 3856 1422 3917 post
1452 3848 1554 3902 alia
1585 3847 1828 3929 quaedam
1852 3888 1863 3910 ,
1893 3847 2002 3899 hate
2028 3845 2274 3913 subjicit:

633 3956 636 3960 '
726 3963 745 3992 ‹
795 3941 889 3994 Ubi
924 3950 1098 3993 autem
1150 3941 1250 3992 illa:
1285 3938 1670 3992 sacriﬁciorum
1714 3937 1962 4005 primitiae
2010 3937 2062 3988 in
2107 3936 2278 4003 majo-

2372 1943 2448 2006 ὼς
2480 1943 2577 2013 τὴν
2621 1943 2850 2014 ὑστέραν
2891 1944 3262 2016 πλημμέλειαν
3305 1946 3632 2014 σημαίνοντα
3661 1946 3792 2016 (30),
3836 1947 3925 1998 οὐκ

2373 2037 2546 2108 ὀρθῶς
2591 2036 2938 2106 ὲξακούομεν,
2975 2037 3070 2106 τὴν
3111 2036 3197 2088 διὰ
3227 2035 3335 2087 τῶν
3369 2035 3518 2099 ζώων
3551 2037 3808 2091 δοκοῦσαν
3841 2037 3922 2090 θε-

2378 2131 2605 2201 ραπείαν
2635 2129 2919 2193 καλοῦντες
2942 2129 3148 2182 θυσίαν.
3184 2130 3444 2182 Τοσοῦτον
3461 2130 3518 2182 δὲ
3547 2131 3657 2193 τοῖς
3685 2131 3923 2191 παλαιοῖς

2374 2220 2465 2273 τοῦ
2511 2221 2584 2291 μὴ
2624 2221 2979 2292 παραϐαίνειν
3025 2220 3086 2273 τὸ
3128 2221 3245 2284 ἔθος
3281 2221 3489 2291 ἔμελεν,
3526 2221 3600 2283 ώς
3643 2221 3783 2273 κατά
3827 2221 3925 2272 τῶν

2375 2310 2732 2363 ἐκλειπόντων
2783 2312 2842 2362 τὸ
2887 2312 3126 2382 ἀρχαῖον,
3175 2311 3568 2379 ἐπεισαγόντων
3624 2311 3680 2362 δὲ
3727 2312 3922 2381 ἕτερον,

2373 2403 2767 2472 ἀρασαμένους,
2809 2402 3071 2472 ἀρώματα
3105 2401 3171 2454 τά
3208 2401 3523 2472 θυμιώμενα
3569 2401 3926 2470 προσαγορεῦ·

2378 2512 2482 2545 σαι.
2523 2513 2540 2544 ι
2586 2494 2765 2545 Ταῦτα
2796 2493 2982 2555 εἰπὼν,
3025 2494 3263 2560 ἐπιλέγει
3305 2494 3421 2563 μεθ’
3456 2494 3645 2564 ἔτεραο
3683 2512 3701 2543 ί
3744 2494 3927 2563 Πόρρω

2376 2587 2432 2636 δὲ
2477 2586 2584 2638 τῶν
2621 2584 2747 2654 περὶ
2793 2584 2888 2646 τάς
2931 2583 3116 2646 θυσίας
3166 2585 3423 2654 ἀπαρχῶν
3473 2590 3584 2648 τοῖς
3629 2583 3924 2654 ἀνθρώποις

2379 2675 2678 2745 προϊουσῶν
2725 2673 3087 2745 παρανομίας,
3124 2678 3154 2744 ἡ
3195 2656 3306 2727 ’τῶν
3340 2675 3651 2729 δεινοτάτων
3681 2673 3926 2742 θυμάτων

2380 2765 2689 2836 παράληψις
2731 2765 3025 2837 ὲπεισήχθη
3059 2765 3334 2834 ὠμότητος
3371 2765 3614 2834 πλήρης·
3657 2764 3730 2826 ώς
3763 2765 3928 2816 δοκεῖν

2378 2856 2474 2918 τὰς
2498 2855 2724 2927 πρόσθεν
2752 2855 3029 2924 λεχθείσας
3062 2855 3180 2907 καθ’
3209 2854 3365 2923 ἡμῶν
3393 2854 3527 2924 ἀρὰς
3561 2853 3653 2905 νῦν
3681 2853 3830 2913 τέλος
3857 2853 3926 2903 εί-

2379 2945 2624 3014 ληφὲναι,
2677 2945 2990 3013 σφαξάντων
3032 2945 3138 2996 τῶν
3177 2943 3492 3014 ἀνθρώπων,
3528 2944 3623 2995 καὶ
3668 2947 3794 3004 τοὺς
3828 2941 3926 3009 βω-

2383 3038 2515 3105 μοὺς
2559 3035 2917 3103 αἱμαξάντων.
2963 3055 2982 3084 ι
3037 3034 3280 3087 Τοσαῦτα
3323 3032 3416 3085 καὶ
3454 3035 3482 3085 ό
3513 3033 3838 3104 Πορφύριος,
3873 3032 3928 3082 οὐ

2384 3126 2579 3195 μᾶλλον
2622 3126 2654 3195 ἢ
2696 3127 2722 3176 6
2769 3125 3124 3195 Θεόφραστος.
3166 3125 3606 3194 Ἐπισφράγισμα
3645 3124 3737 3175 τοῦ
3779 3123 3928 3188 λόγου

2379 3217 2568 3283 γένοιτ’
2597 3214 2660 3266 ἂν
2691 3218 2820 3284 ἡμῖν
2852 3218 2878 3267 ὀ
2911 3216 3130 3268 Πλάτων
3153 3217 3209 3267 ὲν
3244 3217 3540 3282 Κρατύλῳ,
3574 3214 3804 3285 πρόσθεν
3830 3212 3927 3263 τῶν

2380 3305 2680 3374 εἰρημένων
2731 3303 2876 3372 αὐτῷ
2915 3307 3042 3374 περὶ
3090 3303 3196 3355 τῶν
3239 3305 3518 3372 Ἑλλήνων,
3572 3298 3675 3355 ὧδέ
3716 3320 3791 3372 πη
3836 3300 3928 3368 φά-

2383 3410 2525 3446 σκων
2569 3394 2701 3464 πρὸς
2736 3395 2917 3463 ῥῆμα·
2973 3412 2991 3444 ‹
3038 3395 3312 3446 Φαίνονταί
3361 3412 3446 3462 μοι
3493 3397 3540 3446 oi
3581 3393 3783 3462 πρῶτοι
3828 3393 3928 3442 τῶν

2381 3481 2679 3551 ἀνθρώπων
2733 3483 2840 3532 τῶν
2890 3484 3013 3553 περὶ
3055 3484 3149 3552 τὴν
3194 3483 3432 3546 Ἐλλάδα,
3481 3484 3697 3544 τούτους
3747 3483 3929 3550 μόνους

2384 3573 2538 3634 θεοὺς
2586 3573 2852 3640 ἡγεῖσθαι,
2885 3574 3084 3644 οὕσπερ
3118 3573 3211 3626 νῦν
3259 3573 3438 3625 πολλοὶ
3483 3571 3588 3623 τῶν
3629 3571 3927 3642 βαρϐάρων,

2381 3662 2529 3732 ἥλιον
2559 3665 2650 3714 καὶ
2683 3663 2926 3733 σελήνην,
2955 3665 3044 3715 καὶ
3068 3664 3188 3731 γῆν,
3223 3665 3314 3714 καὶ
3348 3663 3539 3730 ἄστρα,
3568 3662 3660 3713 καὶ
3679 3661 3928 3731 οὐρανόν·

2383 3753 2476 3806 ἂτε
2509 3750 2601 3806 οῦν
2645 3753 2780 3806 αὐτὰ
2823 3753 3052 3821 ὁρῶντες
3085 3753 3259 3803 πάντα
3305 3752 3390 3803 ἀεὶ
3431 3751 3575 3802 ἰόντα
3619 3751 3802 3822 δρόμῳ
3845 3747 3930 3802 καὶ

2383 3844 2594 3906 θέοντα,
2624 3844 2729 3895 ἀπὸ
2773 3843 2976 3911 ταύτης
3013 3844 3107 3910 τῆς
3142 3841 3350 3909 φύσεως
3385 3840 3480 3912 τῆς
3523 3840 3615 3894 τοῦ
3646 3841 3758 3897 θεῖν
3807 3840 3930 3911 (51),

2382 3935 2535 3996 θεοὺς
2568 3935 2758 3994 αὐτοὺς
2793 3934 3140 4003 ἐπονομάσαι.
3188 3950 3206 3982 δ

721 4049 834 4086 rem
872 4033 1194 4098 impietatem
1227 4031 1506 4082 hominum
1554 4030 1682 4082 vitio
1716 4028 2120 4098 prorupissent,
2173 4027 2384 4079 tandem
2429 4043 2558 4080 usus
2594 4026 2989 4080 teterrimarum
3067 4026 3408 4078 victimarum
3469 4027 3787 4082 crudelitate
3825 4027 3928 4096 ple-

722 4145 824 4181 nus
863 4125 1118 4185 invaluit,
1158 4133 1216 4175 ut
1258 4137 1392 4189 quas
1445 4132 1565 4174 ante
1607 4131 1893 4188 conceptas
1938 4129 2181 4173 nostrum
2259 4119 2310 4170 in
2351 4130 2508 4187 caput
2551 4119 2958 4187 imprecationes
3024 4120 3287 4176 diximus.
3313 4135 3381 4174 ex
3423 4102 3772 4174 hoc'demum
3805 4129 3929 4174 tem-

723 4234 883 4288 pore,
928 4230 1036 4284 quo
1084 4213 1327 4267 homines
1361 4212 1459 4280 ipsi
1493 4211 1640 4263 vivas
1665 4225 1729 4263 ac
1763 4211 2027 4278 spirantes
2093 4211 2396 4263 animantes
2434 4211 2711 4282 jugulant,
2777 4226 3073 4279 earumque
3115 4214 3374 4279 sanguine
3421 4212 3610 4265 altaria
3653 4220 3929 4266 cruentant

796 4374 1049 4445 (-29)47Kal
1083 4369 1319 4445 πλάνης
1341 4365 1695 4445 ἐρευνητὴς,
1727 4365 2126 4445 etuc.'_Porphyr.
2169 4367 2268 4445 leg.

2377 4368 2844 4445 dixera_t,Athenis
2873 4369 3248 4445 magistratum
3279 4366 3770 4445 extraordinarium
3801 4370 3926 4424 fuis-

723 4435 819 4501 καῖ
852 4435 1037 4502 ταῦτα,
1074 4441 1276 4507 πλάνης
1305 4437 1630 4507 κλιμακτὴρ,
1653 4439 1736 4487 ὅτε
1769 4436 2047 4508 ἄνθρωπος
2075 4453 2196 4502 γ.τ.
2310 4441 2352 4494 D
2379 4453 2434 4490 se
2461 4477 2474 4497 ,
2523 4441 2728 4508 sino-c3
2753 4439 2876 4498 τοὺς
2940 4437 3256 4508 ἀδικοῦντάς
3301 4453 3353 4486 τι
3407 4435 3636 4508 δημοσία
3690 4440 3798 4492 δέοι
3841 4441 3926 4508 ζη-

728 4516 778 4580 ς.
825 4533 879 4584 μ.
1202 4503 1465 4584 sum.
1513 4503 1762 4571 σιέάγάνος
2066 4507 2270 4575 ἀπήρξ·

2379 4509 2671 4584 τεῖν.Α(ςυιη
2702 4506 2933 4584 Roman.
2962 4507 3287 4584 quiesi't‘orib:
3329 4503 3558 4584 conferri
3591 4503 3818 4574 possint.

729 4557 975 4638 ἕοιῖξυιιῖ
995 4557 1065 4631 εῖν
1087 4557 1258 4646 placet
1290 4557 1547 4646 i‘orpliyr.
1578 4557 1938 4641 interpretem.
1965 4557 2271 4646 ,Eusebi'a'n'a

2451 4557 2726 4644 (29;)“Kal
2757 4575 2862 4625 τοῦ
2895 4557 3096 4646 πυρός.
3127 4573 3386 4646 Porphyr.
3419 4557 3511 4646 lib.
3839 4577 3924 4628 τοῦ

732 4664 872 4707 certe
905 4666 1025 4703 cum
1059 4644 1236 4703 lectio.
1276 4653 1385 4695 tum
1423 4645 1714 4705 distinctio,
1750 4645 2041 4696 correctior
2063 4644 2274 4694 videtur

731 4734 782 4776 et
807 4723 998 4773 clarior
1024 4737 1035 4770 :
1067 4725 1270 4768 tantum
1302 4727 1484 4762 vocem
1516 4713 1822 4780 ὲρευνητής,
1855 4722 2107 4780 tanquam
2133 4712 2275 4776 glos-

733 4807 876 4844 sema
922 4789 1147 4838 libenter
1197 4782 1576 4849 expunxerim;
1613 4782 1819 4849 μαστὴρ
1849 4783 1988 4832 enim
2021 4782 2068 4832 id
2101 4782 2273 4847 ipsum

733 4870 811 4913 est
843 4857 984 4923 quod
1018 4847 1322 4922 ἐρευνητὴς,
1350 4851 1439 4903 sed
1474 4851 1665 4923 rarius.
1700 4847 1999 4923 Hesychius
2030 4853 2276 4917 agnoscit

737 4920 1018 4997 μαστεύειν
1050 4920 1582 4997 ῦιμματμεῖνζμαστῄρ
1611 4927 1660 4970 et
1695 4921 1890 4986 ματηρ,
1923 4920 2060 4997 unde
2087 4928 2139 4997 et
2173 4934 2275 4997 μα-

733 4988 1082 5065 ἷτηρεύεινπο
1105 4991 1298 5058 ζητεῖν.
1327 4988 1812 5065 ifiotandunrvcro,
1847 4988 1985 5065 quod
2028 4989 2092 5065 de
2119 4988 2277 5065 hujus

736 5056 886 5118 vocis
923 5056 1196 5113 notatione
1233 5058 1390 5108 tradit
1423 5057 1588 5108 Clem.
1623 5056 1881 5108 Alexand.
1921 5056 2134 5123 Pwdag.
2160 5057 2207 5106 ⁹Ι.
2238 5072 2272 5117 l,

735 5150 786 5190 θ.
818 5134 866 5186 7.
901 5133 1033 5183 Cum
1080 5129 1220 5180 enim
1274 5126 1515 5188 dixisset,
1568 5125 1861 5177 infantibus
1912 5126 2082 5184 nobis,
2115 5125 2278 5192 ἀμέλ-

735 5221 886 5272 γουσι
930 5202 1017 5252 τὸν
1059 5198 1223 5262 Λόγον
1255 5195 1358 5272 τών
1388 5194 1643 5272 ούρανῶν,
1673 5195 1976 5272 alimentum
2012 5194 2274 5270 Christum

737 5263 876 5332 esse,
908 5269 1217 5336 subjungit:
1267 5263 1535 5338 Ἐντεῦθεν
1582 5265 1648 5338 τὸ.
1688 5263 1931 5338 ζητῇσαι,
1986 5263 2276 5330 μαστεῦσαι

739 5333 1243 5401 καλεῖταιζὸτίτοῖς
1273 5333 1489 5401 ζητοῦσι
1523 5334 1728 5401 νηπίοις
1759 5333 1846 5383 τὸν
1879 5335 2066 5398 Λόγον,
2097 5335 2148 5382 αἱ
2184 5350 2279 5383 πα-

739 5411 921 5478 τρικαὶ
965 5400 1060 5478 τῇς
1106 5400 1682 5478 φιλανθρωπίας-,θηλώ
1707 5403 1993 5478 χορηγοῦσι
2035 5403 2094 5451 τὸ
2119 5402 2272 5467 γάλα.

742 5470 858 5531 Vox
890 5487 969 5529 est
1005 5470 1342 5541 Xenophonti
1392 5470 1686 5522 familiaris.
1716 5472 1838 5523 Inde
1885 5472 2170 5539 Μαστῆρες
2203 5471 2276 5523 illi

740 5564 880 5616 quos
911 5546 1255 5616 Harpocratio
1285 5542 1501 5616 coniicit
1540 5541 1708 5616 ἀρχήν
1745 5544 2061 5616 frtvaj'uisse
2089 5541 2278 5591 ἀποδε-

738 5608 1033 5684 δειγμένην
1067 5615 1155 5684 ἐπὶ
1202 5612 1269 5684 τὸ.
1312 5609 1583 5684 ζητεῖν.τά
1622 5608 1769 5660 κοινά
1811 5609 1902 5662 τοῦ
1928 5611 2161 5684 ’δήμουη
2186 5611 2277 5684 ί]μί

746 5679 884 5754 apud
912 5679 1171 5736 Pellenios
1190 5681 1430 5754 Μάστροι
1461 5679 1878 5754 dice_rt_3ntur_,_ex
1912 5679 2195 5754 Aristotele
2224 5681 2276 5731 in

742 5746 1096 5811 PElleniorum
1145 5766 1253 5817 rep.
1286 5746 1543 5818 Ζητητάς,
1577 5749 1714 5802 idem
1765 5746 2113 5817 Harpocratio
2153 5757 2277 5801 ante

2381 4647 2549 4714 πυρός
2573 4663 2585 4673 ·
2626 4657 2912 4714 utrumque
2944 4645 3154 4709 probari
3192 4651 3382 4711 potest,
3416 4643 3508 4696 sed
3544 4647 3815 4711 posterius
3844 4647 3920 4698 in-

2382 4710 2592 4766 tellectu
2629 4710 2836 4765 facilius
2867 4713 3108 4764 videtur:
3136 4710 3312 4779 petitis
3339 4714 3481 4764 enim
3516 4710 3606 4780 per
3652 4717 3829 4781 ignem
3866 4715 3923 4767 ii-

2382 4784 2490 4835 lum
2537 4783 2814 4841 άσῦεστον,
2843 4797 3001 4847 quam
3039 4784 3316 4849 ipsiusmet
3354 4783 3520 4850 ignis,
3574 4783 3924 4850 sempiternos

2381 4854 2483 4904 diis
2513 4854 2742 4904 honores
2778 4852 3098 4903 tribuebant.
3135 4851 3236 4902 Sed
3267 4849 3554 4916 ἐφύλαττον
3583 4849 3918 4905 retinendum

2381 4932 2482 4984 est,
2519 4923 2640 4973 licet
2672 4919 2929 4987 Porphyr.
3001 4921 3140 4986 legat
3207 4920 3574 4987 φυλάττωμεν,
3604 4935 3733 4974 nam
3769 4924 3922 4983 paulo

2383 5000 2506 5042 ante
2533 4991 2732 5051 ἔκαιον,
2766 5004 2870 5039 non
2903 4988 3144 5055 καίομεν.
3473 5029 3480 5036 .

2454 5059 2561 5127 (⁵0)
2602 5058 2987 5121 Σημαίνοντα.
3037 5056 3188 5127 Vera,
3235 5065 3291 5109 ut
3341 5057 3548 5123 opinor,
3595 5056 3921 5114 lectiomen

2385 5139 2443 5181 ut
2466 5126 2626 5196 apud
2677 5127 2935 5194 l’orphyr.
2969 5126 3298 5196 ἐκϐαίνοντα,
3329 5140 3484 5196 quem
3537 5127 3713 5180 locum
3744 5144 3922 5196 vereor

2386 5183 2546 5250 etiam
2598 5206 2655 5247 ut
2709 5183 2969 5266 interpres
3004 5195 3115 5255 ἆλις
3153 5183 3620 5266 ᾶᾲνῗὲξακούσειενα
3650 5196 3762 5251 Hac
3814 5183 3920 5266 ipsa

2383 5268 2448 5320 de
2486 5283 2541 5318 re
2586 5268 2722 5318 idem
2759 5264 3013 5332 Porphyr.
3049 5266 3149 5317 sub
3183 5264 3273 5315 lib.
3307 5278 3341 5315 tt
3375 5264 3491 5328 ﬁn.,
3523 5280 3574 5332 p.
3601 5265 3707 5319 250
3740 5275 3793 5320 et
3824 5264 3914 5318 251

2383 5351 2534 5389 novae
2562 5336 2829 5388 editionis.

2454 5406 2563 5473 (5i)
2611 5404 2716 5455 Τοῦ
2753 5403 2889 5455 θεῖν.
2928 5401 3175 5473 llerodot.
3211 5402 3300 5454 lib.
3331 5420 3366 5456 ιι
3395 5405 3645 5472 Pelasgos
3674 5404 3752 5456 ait
3778 5404 3922 5465 θεοὺς

2383 5471 2798 5545 προσονομάσαι,
2819 5491 2896 5545 οτι
2916 5471 3294 5545 κόσμῳρέντες
3316 5474 3382 5524 τά
3407 5471 3579 5526 πάντα
3609 5476 3920 5545 πράγματα,

2383 5540 2473 5596 καὶ
2504 5540 2680 5613 πάσας
2712 5543 2879 5610 νομὰς
2909 5541 3066 5608 εἶχον.
3100 5540 3448 5613 ΤΙιρονὴιΙυε,
3486 5545 3515 5595 L
3555 5560 3570 5596 ι
3600 5540 3666 5596 ad
3697 5540 3917 5613 Autoly-

2383 5632 2519 5678 cum,
2547 5608 2662 5670 ho‘n
2695 5608 2918 5682 abludit,
2956 5615 3082 5682 dum
3115 5612 3186 5664 ita
3211 5608 3383 5666 dictos
3414 5614 3509 5673 ait.
3539 5613 3688 5682 παρά
3724 5613 3784 5666 τὸ
3818 5608 3919 5666 eit-

2383 5701 2468 5736 ναι
2499 5685 2671 5738 πάντα
2700 5678 2789 5734 ἐπὶ
2817 5678 3097 5749 ἀσφαλείᾳ.
