3980 6338
127 409 179 469 69
1213 399 1534 456 PIUEPAR.
1573 397 1822 452 EVANG.
1862 394 1989 450 LIB.
2030 393 2070 448 1.
3259 389 3329 447 70

125 531 288 586 exitum
323 528 525 582 sortitae
564 526 866 579 vidcantur.
912 540 929 573 ι
964 520 1088 574 [hec
1124 518 1235 588 ipse
1275 531 1488 585 quoque
1533 512 1884 584 Porphyrius,
1917 526 2015 564 nec
2072 524 2171 563 suo
2208 508 2381 578 magis
2447 521 2610 577 quam
2636 504 2994 576 Theophrasti
3042 519 3137 559 ore
3189 519 3331 560 com.

126 631 363 675 memorat.
398 619 553 671 Plato
617 616 848 683 denique
891 626 1190 667 sermonem
1225 610 1369 662 hunc
1437 607 1592 660 nobis
1634 605 1973 659 auctoritatis
2022 618 2133 657 suae
2171 603 2335 654 vcluti
2383 601 2558 670 sigillo
2620 599 2928 653 concludat.
2972 597 3021 651 ls
3075 597 3218 650 enim
3278 613 3334 651 tn

126 713 300 781 (ξι-ατεΙο
336 725 460 763 ante
488 724 551 761 ea
578 724 698 776 qua:
727 707 792 759 de
825 703 1027 758 Griecis
1070 701 1200 770 ipsis
1245 701 1509 768 disputat,
1553 697 1632 750 sic
1671 697 1736 749 ad
1772 696 1993 747 verbum
2059 693 2300 761 loquitur
2335 710 2345 744 :
2390 710 2407 741 ι
2448 690 2573 742 Mihi
2604 689 2818 758 quidem
2861 689 2932 741 illi
2975 690 3221 757 homines
3254 693 3335 745 νὶ-

126 805 300 866 dentur,
325 801 418 869 qui
455 799 718 853 Grazciam
759 796 918 866 primi
945 800 1268 858 tenuerunt,
1316 805 1408 844 eos
1451 798 1657 842 tantum
1700 789 1830 841 deos
1887 785 2193 847 censuisse,
2225 799 2361 853 quos
2423 799 2567 836 nunc
2593 783 2944 837 barbarorum
2976 783 3214 852 plerique
3237 798 3333 836 co-

126 896 244 959 lunt,
271 894 434 947 solem
473 892 762 953 nimirum,
798 890 978 942 lunam
1005 929 1020 954 ,
1049 895 1243 943 terram
1266 924 1281 949 ,
1351 895 1532 947 astra,
1581 884 1776 937 coelum
1806 902 1818 935 :
1851 896 1974 950 quae
2031 896 2152 937 Cum
2200 879 2301 948 ipsi
2351 879 2590 932 viderent
2627 879 2807 932 omnia
2842 879 3135 932 continenti
3168 894 3333 936 cursu

126 986 256 1048 ferri,
284 984 467 1038 eadem
503 984 572 1036 ab
602 984 688 1037 illa
710 1026 723 1047 ,
752 982 845 1034 τοῦ
876 981 1008 1044 Θεῖν,
1044 984 1146 1034 Ιιοο
1177 993 1257 1033 eSt
1282 993 1477 1033 cursus
1506 978 1655 1046 ejusn

1761 977 1774 1028 i
1809 986 2020 1043 natura,
2053 978 2210 1038 Οεούς
2249 977 2379 1027 deos
2397 973 2756 1026 enoniinarint.
2800 991 2818 1022 ι

177 1078 240 1130 Ac
265 1078 464 1145 primos
495 1078 617 1131 illos
649 1076 862 1146 quidem
898 1084 951 1130 et
983 1074 1378 1129 vetustissimos
1415 1073 1661 1126 homines
1695 1072 1761 1132 A'

125 1169 228 1221 nihil
255 1169 328 1222 vel
357 1169 411 1222 in
444 1170 659 1237 templis
687 1169 1049 1231 exstruendis,
1075 1168 1155 1220 vel
1189 1168 1243 1219 in
1273 1166 1544 1236 crigendis
1583 1161 1657 1218 Si-

126 1258 344 1311 mulacris
377 1272 558 1326 Operae
605 1271 667 1309 ac
701 1255 863 1308 studii
919 1255 1186 1323 posuisse,
1244 1268 1366 1306 cum
1427 1251 1654 1304 necdum

126 1350 214 1401 istae
239 1348 505 1417 pingendi,
545 1347 801 1416 ﬁngendi,
849 1345 1094 1409 carlandi,
1138 1354 1344 1399 statuas
1367 1342 1651 1405 cﬂiciendi,

127 1457 175 1493 ac
194 1455 250 1492 ne
284 1440 471 1492 domos
524 1439 742 1508 quidem
794 1448 1040 1507 tectaque
1072 1437 1371 1490 aediﬁcandi
1410 1447 1552 1488 artes
1577 1436 1655 1486 in-

126 1543 264 1585 venta
285 1547 343 1585 ac
368 1532 676 1585 constituta:
693 1539 893 1593 essent,
923 1530 1116 1592 cuivis,
1141 1529 1351 1596 opinor,
1377 1543 1486 1581 rem
1514 1526 1652 1595 apud

128 1624 436 1690 tercputanti
468 1622 626 1675 facile
667 1623 955 1676 constabit.
993 1620 1144 1686 Quod
1197 1628 1374 1672 autem
1437 1635 1535 1671 nec
1571 1618 1652 1685 ip-

127 1727 298 1774 sorum,
327 1712 418 1780 qui
445 1712 519 1764 dii
547 1720 729 1780 postea
772 1711 852 1764 vel
879 1712 1068 1763 heroes
1096 1709 1342 1776 appellati
1374 1718 1519 1770 sunt,
1547 1709 1652 1761 ulla

126 1804 238 1870 apud
254 1803 460 1855 eosdem
497 1804 699 1855 mentio
727 1801 907 1864 fuerit;
927 1802 1179 1870 quodque
1202 1815 1298 1853 nec
1324 1799 1532 1862 Jovem,
1561 1809 1653 1852 aut

127 1891 403 1948 Saturnum.
437 1904 533 1944 aut
566 1890 897 1959 Neptunum,
937 1900 1027 1943 aut
1086 1891 1407 1959 Apollinem,
1441 1900 1531 1943 aut
1556 1890 1652 1943 Ju-

125 1998 308 2057 uouem,
334 1993 424 2035 aut
455 1981 753 2045 Palladem,
790 1993 877 2036 aut
904 1981 1196 2044 Bacchum,
1228 1993 1320 2035 aut
1347 1983 1510 2034 alium
1536 1999 1652 2034 om-

124 2077 226 2129 nino
266 2076 440 2138 deum,
480 2090 574 2127 seu
610 2091 724 2127 mas
763 2073 918 2137 foret,
945 2090 1036 2126 seu
1067 2073 1287 2138 femina,
1319 2074 1503 2142 quales
1535 2073 1653 2126 inli-

124 2168 398 2236 uitipostea
439 2183 564 2220 cum
600 2167 741 2236 apud
779 2167 1060 2228 barbaros,
1099 2177 1212 2219 tum
1258 2168 1398 2234 apud
1434 2165 1651 2218 Graecos

124 2260 290 2325 passim
314 2260 657 2318 exstiterunt,
693 2267 1042 2327 agnoscerent
1086 2276 1097 2310 :
1134 2258 1261 2319 imo,
1300 2259 1441 2326 quod
1475 2258 1651 2311 nullus

125 2356 214 2399 tum
240 2351 367 2402 inter
420 2349 668 2402 homines
698 2364 792 2402 seu
824 2348 998 2401 bonus
1071 2364 1159 2400 seu
1219 2349 1393 2401 malus
1441 2349 1648 2401 daamon

1848 1069 1985 1122 Ἀλλ’
2017 1071 2098 1124 ὅτι
2131 1069 2226 1138 μὲν
2254 1070 2300 1120 οἱ
2339 1067 2541 1137 πρῶτοι
2576 1068 2668 1120 καὶ
2698 1066 3044 1143 παλαιότατοι
3080 1068 3188 1120 τῶν
3233 1067 3332 1121 ἀν-

1766 1163 2017 1234 Θρώπων,
2052 1159 2172 1213 οὔτε
2203 1159 2341 1213 ναῶν
2372 1159 2698 1228 οἰκοδομίαις
2722 1161 3024 1230 προσεῖχον,
3056 1157 3177 1212 οὗτε
3212 1157 3334 1224 ξοά-

1764 1273 1868 1306 νων
1897 1252 2281 1324 ἀφιδρύμασιν,
2315 1251 2466 1305 οὔπω
2492 1253 2608 1305 τότε
2636 1252 2929 1322 γραφικῆς,
2963 1252 3080 1303 οὐδὲ
3115 1252 3331 1305 πλαστι-

1763 1349 1892 1418 κῆς,
1945 1347 1977 1417 ἢ
2034 1345 2361 1414 γλυπτικῆς,
2420 1344 2451 1414 ἢ
2511 1343 3073 1414 ἀνδριαντοποιητικῆς
3139 1344 3330 1413 τέχνης

1763 1443 2158 1514 ὲφευρημένης,
2197 1441 2314 1492 οὐδὲ
2343 1441 2446 1510 μὴν
2473 1441 2834 1510 οἰκοδομικῆς,
2868 1441 2984 1492 οὐδὲ
3018 1443 3334 1510 ἀρχιτεκτο-

1761 1538 1915 1606 νικῆς
1940 1532 2296 1601 συνεστώσης,
2328 1532 2486 1584 παντί
2519 1550 2595 1601 τῳ
2617 1528 2766 1601 οἶμαι
2793 1532 3215 1601 συλλογιζομένῳ
3238 1532 3334 1602 δῆ-

1760 1625 1848 1678 λον
1883 1622 2041 1677 εἶναι.
2077 1626 2192 1676 Ὅτι
2228 1624 2280 1675 δὲ
2323 1623 2440 1674 οὐδὲ
2473 1623 2577 1674 τῶν
2629 1623 2762 1692 μετὰ
2795 1623 2964 1676 ταῦτα
3011 1641 3330 1693 κατωνομα-

1762 1719 1969 1786 σμένων
2002 1715 2136 1768 Θεῶν
2164 1733 2222 1766 τε
2254 1716 2345 1766 καὶ
2371 1713 2559 1784 ἡρώων
2590 1717 2771 1784 μνήμη
2805 1734 2888 1778 τις
2911 1720 3020 1779 τοῖς
3049 1717 3169 1769 τότε
3194 1734 3332 1787 παρ-

1759 1808 1843 1878 ῆν,
1864 1806 1972 1858 οὒτ’
2005 1804 2095 1858 οὖν
2121 1823 2202 1867 τις
2239 1801 2305 1874 ῆν
2329 1805 2510 1865 αὐτοῖς
2535 1805 2686 1866 Ζεὺς,
2723 1806 2781 1856 οὑ
2801 1805 3026 1876 Κρόνος,
3053 1809 3110 1858 οὺ
3143 1809 3333 1860 Ποσει-

1758 1900 1884 1962 δῶν,
1929 1901 2026 1952 οὐκ
2062 1899 2351 1959 Ἀπόλλων,
2398 1896 2492 1966 οὐχ
2528 1899 2693 1967 ”Ηρα,
2723 1898 2821 1949 οὐκ
2867 1898 3080 1967 Ἀθηνᾶ,
3117 1901 3176 1951 οὐ
3214 1900 3332 1954 Διό-

1759 2008 1935 2053 νυσος,
1972 1990 2090 2042 οὐδέ
2113 2008 2194 2053 τις
2225 1991 2405 2059 ἕτερος
2438 1989 2623 2060 Θήλειά
2649 2009 2706 2042 τε
2737 1991 2827 2042 καὶ
2853 1990 3024 2061 ἄρρην
3057 1990 3197 2054 Θεὸς,
3229 1985 3332 2046 οἶοι

1761 2081 1900 2151 μετὰ
1930 2081 2099 2133 ταῦτα
2136 2083 2315 2150 μυρίοι
2350 2081 2498 2151 παρά
2523 2098 2580 2132 τε
2610 2080 2901 2153 βαρϐάροις
2927 2083 3019 2133 καὶ
3048 2082 3326 2150 Ἕλλησιν,

1758 2173 1891 2226 ἀλλὰ
1924 2173 2041 2225 οὐδὲ
2088 2173 2295 2242 δαίμων
2334 2190 2414 2236 τις
2463 2173 2664 2240 ἀγαΘὸς
2724 2173 2755 2241 ἢ
2794 2173 2989 2240 φαῦλος
3021 2175 3076 2223 ὲν
3121 2174 3329 2244 ἁνΘρώ-

1759 2280 1878 2327 ποις
1903 2262 2259 2332 ἐθαυμάζετο,
2293 2263 2425 2331 μόνα
2449 2262 2503 2313 δὲ
2526 2262 2591 2314 τὰ
2620 2263 2914 2331 φαινόμενα
2944 2262 3046 2313 τῶν
3069 2264 3332 2333 οὐρανίων

1757 2353 1988 2423 ἄστρων,
2025 2352 2172 2423 παρὰ
2203 2354 2262 2406 τὸ
2307 2354 2480 2417 θέειν,
2511 2355 2646 2424 ὅπερ
2686 2354 2801 2408 ἐστὶ
2836 2354 3068 2423 τρέχειν,
3108 2354 3244 2406 Θεῶν
3270 2371 3330 2407 τε

123 2442 469 2503 celebraretur,
494 2440 586 2493 sed
614 2439 701 2490 illa
723 2447 923 2500 tantum
947 2453 1065 2507 qua:
1091 2438 1142 2490 in
1172 2439 1306 2493 caelo
1325 2446 1655 2506 apparebant

1759 2446 2148 2516 προσηγορίας,
2198 2444 2272 2507 ώς
2315 2445 2466 2497 αὐτοί
2509 2462 2691 2512 φασιν,
2739 2445 3021 2514 ἐτύγχανε,
3068 2445 3160 2499 καὶ
3208 2446 3330 2499 οὐδὲ

125 2541 259 2592 Ista,
291 2529 434 2598 παρὰ
458 2531 520 2580 τὸ
553 2529 714 2591 Θέειν,
737 2529 785 2580 id
810 2538 891 2581 est
917 2544 944 2581 a
977 2529 1254 2593 currendo,
1277 2529 1431 2591 Θεῶν,
1450 2529 1549 2581 hoc
1576 2537 1657 2582 cst

122 2619 435 2689 aodeorum
468 2636 690 2685 nomen,
739 2630 800 2673 ut
839 2621 1052 2688 ipsimct
1093 2622 1264 2681 aiunt,
1299 2621 1602 2674 obtinerent
1642 2638 1653 2672 :

124 2710 339 2777 denique,
371 2712 513 2779 quod
541 2728 607 2763 ne
634 2712 723 2764 illa
755 2713 969 2780 quidem
995 2712 1351 2764 animantium
1407 2711 1621 2763 immola
1641 2740 1654 2749 -

125 2801 346 2866 tionibus,
387 2814 478 2856 aut
507 2803 596 2864 iis,
627 2803 718 2871 qui
748 2811 927 2870 postea
961 2814 1088 2855 sunt
1118 2802 1424 2870 cxcogitati,
1471 2818 1658 2868 super-

124 2893 316 2946 stitiosis
371 2895 670 2947 honoribus
715 2895 1046 2957 colerentur;
1092 2907 1198 2944 non
1227 2893 1361 2960 Fjam
1413 2893 1658 2945 oratione

125 2991 299 3046 nostra,
335 2985 424 3037 sed
459 2984 762 3037 domestico
828 2982 1105 3051 gentilium
1146 2982 1385 3048 ipsorum
1420 2981 1658 3034 testimo-

125 3072 213 3132 nio,
241 3075 376 3140 quod
409 3085 612 3128 certam
665 3090 729 3126 ex
760 3074 973 3126 disertis
1001 3087 1188 3126 eorum
1211 3072 1408 3134 verbis,
1431 3086 1657 3140 qumque

123 3163 368 3216 citavimus
393 3175 576 3231 antea,
601 3180 828 3234 quaeque
856 3166 968 3218 suis
1001 3172 1188 3231 postea
1230 3163 1361 3216 locis
1402 3163 1655 3230 subjicie-

125 3271 241 3319 mus,
287 3256 662 3323 probationem
716 3255 1042 3324 suppeditat,
1111 3255 1268 3322 plane
1308 3255 1644 3307 conﬁcimus.

123 3344 401 3412 Quanquam
421 3345 617 3398 divinae
643 3345 804 3397 etiam
833 3344 1147 3398 Christiana:
1169 3344 1440 3412 religionis
1471 3344 1657 3395 littera:

125 3433 202 3486 hoc
231 3437 391 3502 ipsum
419 3435 637 3496 docent,
673 3433 868 3500 quibus
901 3433 1227 3497 continetur,
1261 3433 1508 3502 gentibus
1535 3434 1656 3500 qui-

124 3525 218 3577 dem
239 3525 495 3579 universis
523 3540 737 3586 eorum,
755 3539 874 3591 quae
901 3524 1002 3575 sub
1025 3532 1299 3591 aspectum
1336 3524 1553 3586 cadunt,
1584 3524 1656 3575 si-

123 3613 282 3668 derum
309 3618 625 3670 attributum
685 3615 841 3667 initio
875 3614 1077 3666 cultum
1115 3613 1300 3678 fuisse,
1357 3613 1448 3665 uni
1477 3624 1652 3665 autem

127 3701 316 3760 Hebraeo
343 3708 541 3776 populo
585 3705 912 3773 singularem
955 3705 1242 3771 quamdam
1291 3713 1343 3757 ct
1400 3706 1692 3776 eximiam:

126 3809 222 3847 cum
253 3797 406 3864 hujus
440 3797 680 3850 universi
710 3795 973 3848 cﬂ‘cctoris
996 3810 1059 3847 ac
1087 3795 1351 3847 molitoris
1388 3795 1498 3856 Dei,
1540 3805 1651 3846 tum

125 3885 253 3936 etiam
279 3902 412 3939 verte
435 3888 698 3939 adversus
721 3900 842 3937 eum
871 3884 1082 3952 pictatis
1112 3885 1351 3939 notitiam
1387 3885 1652 3952 praecipuo

126 3990 314 4029 munere
350 3979 718 4044 beneﬁcioque
756 3991 1087 4029 concessam.
1117 3973 1293 4039 Quare
1323 3976 1462 4027 nulla
1497 3976 1652 4043 plane

127 4069 238 4133 apud
279 4071 686 4137 antiquissimos
733 4068 972 4121 homines
1023 4066 1134 4118 sive
1169 4066 1496 4130 Graecorum,
1541 4068 1653 4122 sive

128 4156 458 4213 barbarorum'
477 4160 776 4228 theogonim
795 4158 1012 4220 mentio,
1033 4157 1214 4210 nullus
1244 4161 1649 4211 statuendorum

129 4248 507 4304 simulacrorum
531 4267 684 4313 usus,
707 4249 872 4309 nulla,
891 4264 1010 4317 qua:
1037 4249 1202 4299 multa
1225 4263 1366 4299 nunc
1379 4259 1458 4300 est
1476 4251 1526 4300 in
1550 4250 1649 4302 ista

128 4338 312 4391 deorum
330 4343 522 4407 partim
541 4340 989 4407 marium,partim
1011 4337 1326 4391 feminarum
1347 4339 1652 4405 appellatio-

130 4442 195 4491 ne,
212 4445 460 4498 nugarum
485 4433 717 4485 vanitas.
744 4429 850 4485 Nec
880 4432 1022 4484 enim
1055 4431 1194 4482 illius
1224 4431 1393 4482 aetatis
1420 4430 1650 4482 homini-

129 4518 205 4571 bus
217 4531 328 4572 nota
347 4530 519 4584 erant,
538 4537 660 4588 quae
683 4532 865 4589 postea
880 4537 943 4574 ex
961 4522 1264 4574 mortalium
1287 4520 1520 4588 ipsorum
1538 4528 1651 4570 tur-

130 4605 176 4656 ba
198 4609 343 4674 petita
360 4604 696 4676 confictaque
717 4610 962 4676 nomina;
987 4611 1095 4662 imo
1119 4625 1182 4662 ne
1205 4611 1506 4662 daemonum
1539 4609 1674 4676 qui-'

127 4696 220 4749 dem
241 4700 590 4767 spirituumve
611 4715 801 4754 sensus
819 4700 1131 4769 fugientium
1149 4703 1531 4762 invocationes,
1553 4717 1649 4755 nec

128 4787 335 4844 absurda
373 4792 671 4860 inepteque
699 4791 763 4844 de
793 4791 895 4845 diis
924 4801 976 4844 et
1009 4793 1261 4845 heroibus
1302 4792 1512 4852 fabulae,
1553 4808 1650 4845 nec

129 4890 413 4934 arcanarum
454 4890 508 4934 et
570 4879 913 4933 infandarum
958 4883 1316 4935 initiationum
1374 4883 1645 4951 mysteria,

131 4983 204 5021 nec
235 4973 398 5024 ullum
445 4971 668 5026 omnino
718 4970 1028 5037 multiplicis
1073 4987 1135 5025 ac
1175 4955 1381 5026 stolidae
1436 4987 1642 5035 eorum,

130 5059 197 5126 qui
249 5065 417 5115 secuti
480 5073 641 5127 sunt,
697 5060 977 5113 hominum
1027 5062 1420 5130 superstitionis
1485 5062 1648 5113 vesti-

131 5146 243 5211 gium
275 5152 615 5204 cernebatur.
660 5149 795 5203 Sunt
830 5151 944 5203 haec
980 5151 1236 5204 nimirum
1285 5153 1352 5203 ab
1403 5151 1638 5202 homini-

131 5235 206 5290 lius
236 5243 533 5309 excogitata
589 5252 917 5306 commenta,
975 5250 1100 5294 sunt
1151 5243 1395 5294 mortalis
1446 5251 1650 5294 natura:

133 5332 355 5393 actiones,
381 5333 464 5386 vel
500 5333 677 5400 potius
705 5334 876 5400 turpis
915 5345 977 5384 ac
1004 5331 1218 5400 ﬂagitiis
1261 5333 1480 5386 perditae
1527 5333 1650 5385 vitae

132 5427 270 5482 artes,
305 5421 357 5473 id
388 5422 538 5490 quod
564 5422 706 5478 illius
737 5431 896 5476 etiam
935 5422 1102 5475 divini
1155 5425 1356 5476 oraculi
1406 5423 1507 5476 tide
1589 5439 1970 5494 comprooatur

1757 2535 1928 2587 ταῦτα
1961 2539 2080 2596 ταῖς
2111 2535 2195 2587 διὰ
2240 2534 2392 2597 ζώων
2433 2533 2662 2596 Θυσίαις,
2691 2535 2782 2586 καὶ
2814 2537 2934 2596 ταῖς
2983 2534 3119 2604 μετὰ
3155 2533 3330 2589 ταῦτα

1761 2624 2191 2694 περινοηΘείσαις
2233 2627 2415 2694 τιμαῖς
2455 2623 2833 2694 ἐΟρησκεύετο,
2881 2625 2976 2693 οὐχ
3006 2625 3270 2694 ἡμέτερος
3301 2626 3330 2677 ὁ

1757 2714 1932 2783 λόγος,
1974 2715 2180 2767 οἴκοθεν
2210 2715 2265 2766 δὲ
2311 2716 2402 2766 καὶ
2434 2715 2489 2779 ἐξ
2533 2714 2709 2766 αὐτῶν
2754 2700 3017 2784 Ἑλλήνων
3061 2716 3329 2786 ἡμαρτυ-

1761 2805 1868 2874 ρία,
1917 2805 2002 2856 διὰ
2035 2804 2139 2856 τῶν
2174 2804 2602 2874 προτεΘειμένων
2651 2804 2859 2871 φωνῶν,
2904 2806 2995 2856 καὶ
3039 2804 3144 2856 τῶν
3176 2801 3330 2869 αὖθις

1758 2895 1882 2965 ἑξῆς
1915 2895 2439 2964 παρατεοησομένων
2472 2895 2565 2964 τὴν
2599 2895 2870 2960 ἀπόδειξιν
2916 2897 3323 2967 παρασχομένη.

1758 2986 1926 3038 Τοῦτο
1970 2986 2025 3037 δὲ
2066 2987 2157 3037 καὶ
2199 2988 2245 3037 οἱ
2284 2987 2416 3055 ἱεροὶ
2453 2986 2572 3036 καθ’
2614 2987 2760 3056 ἡμᾶς
2803 2985 3108 3038 διδάσκουσι
3154 2986 3320 3053 λόγοι,

1758 3078 1891 3127 πᾶσι
1933 3076 2029 3144 μὲν
2062 3080 2174 3138 τοῖς
2213 3077 2385 3128 έΘνεσι
2425 3077 2483 3128 τὸ
2514 3077 2793 3146 καταρχὰς
2835 3061 2934 3147 τὴν
2962 3076 3069 3128 τῶν
3115 3076 3324 3147 όρωμι-

1758 3186 1868 3220 νων
1925 3169 2224 3236 φωστήρων
2272 3167 2432 3236 τιμὴν
2482 3167 2912 3236 ἀπονενεμῆσθαι
2963 3167 3324 3236 περιέχοντες,

1760 3257 1904 3326 μόνῳ
1943 3257 1999 3308 δὲ
2033 3257 2109 3325 τῷ
2162 3257 2425 3326 Ἑϐραίων
2471 3255 2615 3322 γένει
2656 3257 2754 3324 τὴν
2800 3255 3088 3306 ἐποπτείαν
3134 3257 3326 3308 ἀνατε-

1758 3348 1962 3400 ΘεῖσΘαι
2003 3348 2101 3416 τῆς
2133 3347 2360 3417 Θεωρίας
2392 3346 2483 3398 τοῦ
2527 3347 2632 3398 τῶν
2667 3347 2800 3398 ὅλων
2836 3347 3057 3414 ποιητοῦ
3105 3349 3196 3399 καὶ
3229 3348 3326 3420 δη-

1762 3440 2018 3512 μιουργοῦ
2053 3440 2204 3503 Θεοῦ,
2235 3441 2327 3491 καὶ
2354 3440 2450 3508 τῆς
2480 3441 2556 3500 εἰς
2585 3439 2742 3493 αὑτὸν
2771 3439 2999 3508 άληοοῧς
3024 3441 3325 3504 εὐσεϐείας.

1759 3531 1870 3582 Οὐκ
1903 3531 2009 3600 ἄρα
2031 3548 2111 3591 τις
2144 3526 2209 3598 ἦν
2244 3529 2518 3596 Θεογονίας
2558 3530 2946 3600 Ἑλληνικῆς,ἢ
2991 3531 3328 3604 βαρϐαρικῆς

1757 3625 1868 3684 τοῖς
1903 3623 2251 3685 παλαιτάτοις
2277 3622 2384 3673 τῶν
2426 3622 2724 3693 ἀνθρώπιον
2757 3624 2928 3690 λόγος,
2974 3626 3090 3676 οὐδὲ
3123 3625 3326 3690 ξοάνων

1759 3711 1983 3780 ἵδρυσις,
2019 3713 2125 3762 οὐδ’
2157 3714 2188 3781 ἡ
2222 3712 2313 3763 νῦν
2346 3712 2510 3782 πολλὴ
2540 3713 2772 3783 φλυαρία
2796 3716 2890 3783 τῆς
2922 3715 3027 3767 τῶν
3059 3716 3194 3768 Θεῶν
3227 3719 3324 3788 ἁρ-

1762 3802 1928 3872 ρένων
1958 3819 2015 3853 τε
2049 3803 2140 3855 καὶ
2175 3802 2399 3872 Θηλειῶν
2433 3806 2847 3873 κατονομασίας.
2883 3808 2946 3857 Αἱ
2989 3807 3117 3872 γοῦν
3158 3824 3325 3875 προσ-

1756 3895 1974 3962 ηγορίαι
2009 3893 2100 3945 καὶ
2128 3893 2193 3945 τὰ
2219 3893 2472 3962 ὀνόματα,
2511 3894 2568 3958 ἐξ
2593 3894 2889 3964 ἀνθρώπων
2915 3895 3135 3965 ὕστερον
3165 3899 3323 3965 ἐφευ-

1760 3987 1989 4055 ρημένα,
2030 3985 2179 4036 οὔπω
2222 3985 2340 4036 τότε
2385 3986 2442 4036 ἐν
2488 3983 2789 4054 ἀνθρώποις
2826 3985 3173 4054 ἐγνωρίζετο·
3207 3986 3320 4039 ἀλλ’

1759 4076 1877 4126 οὐδὲ
1914 4076 2178 4145 δαιμόνων
2213 4076 2305 4128 καὶ
2354 4076 2672 4146 πνευμάτων
2722 4076 2939 4143 ἀφανῶν
2975 4077 3318 4146 ἀνακλήσεις,

1755 4169 1852 4218 οὐκ
1883 4167 2098 4219 ἕκτοποι
2142 4168 2266 4235 περὶ
2313 4167 2447 4218 Θεῶν
2479 4168 2570 4220 καὶ
2605 4167 2796 4237 ἡρώων
2841 4167 3172 4237 μυθολογίαι,
3221 4172 3322 4221 οὐκ

1756 4261 2080 4328 ἀπορρήτων
2112 4259 2340 4310 τελετῶν
2371 4261 2642 4329 μυστήρια
2663 4277 2674 4288 ·
2704 4259 2809 4310 οὐδ’
2834 4258 2967 4321 ὅλως
2992 4277 3042 4310 τι
3073 4259 3171 4328 τῆς
3199 4260 3322 4311 πολ-

1756 4350 1851 4418 λῆς
1885 4350 1976 4401 καὶ
2018 4339 2299 4418 ἀδολέσχου
2334 4348 2438 4400 τῶν
2485 4350 2774 4419 μετέπειτα
2820 4349 3024 4414 ἀνδρῶν
3070 4350 3322 4403 δεισιδαι-

1760 4440 1967 4508 μονίας.
2025 4439 2348 4509 ἈνΘρώπων
2390 4441 2495 4509 ἄρα
2544 4437 2610 4510 ἦν
2654 4440 2822 4492 ταῦτα
2876 4443 3177 4511 εὑρήματα,
3227 4443 3319 4494 καὶ

1757 4526 1952 4597 θνητῆς
1979 4526 2186 4594 φύσεως
2215 4526 2609 4597 ἀναπλάσματα
2633 4545 2645 4557 ·
2684 4529 2878 4597 μᾶλλον
2916 4529 2971 4580 δὲ
2997 4530 3208 4598 τρόπων
3232 4533 3317 4582 αξη

1757 4613 1932 4681 σχρών
1976 4615 2065 4664 καὶ⁹
2105 4613 2414 4667 ἀκολάστων
2454 4618 2874 4687 ὲπιτεχνήματα,
2922 4619 3059 4670 κατὰ
3094 4618 3153 4670 τὸ
3186 4621 3314 4692 παρ’

1754 4707 1880 4774 ἡμῖν
1908 4704 2042 4756 Θεῖον
2066 4705 2263 4772 λόγιον,
2297 4707 2356 4758 τὸ
2387 4707 2621 4775 φάσκον·
2661 4727 2678 4758 ‹
2724 4709 2885 4778 ’Λρχή
2910 4709 3183 4777 πορνείας,
3207 4710 3315 4762 ἐπί-

1755 4812 1868 4846 νοια
1897 4795 2140 4849 εἰδώλων.
2190 4816 2209 4847 ι
2256 4797 2318 4848 Ἡ
2346 4798 2473 4865 γοῦν
2505 4798 2612 4850 τῶν
2656 4799 2823 4850 ὲθνῶν
2864 4799 3112 4851 ἁπάντων
3154 4801 3315 4853 πολύ-

1753 4884 1871 4948 Θεος
1909 4887 2078 4955 πλάνη
2113 4892 2340 4958 μακροῖς
2367 4889 2588 4959 ὕστερον
2619 4889 2775 4941 αίῶσι
2815 4889 3100 4956 πέφανται,
3142 4893 3310 4963 ἀρξα-

1757 4977 1888 5046 μένη
1928 4979 2025 5047 μὲν
2055 4978 2162 5030 ἀπὸ
2202 4979 2458 5030 Φοινίκων
2495 4979 2586 5030 καὶ
2623 4980 2951 5046 Αἰγυπτίων,
2993 4981 3223 5035 διαϐᾶσα
3253 4984 3311 5036 δὲ

1753 5069 1816 5118 ἐκ
1846 5068 2044 5120 τούτων
2076 5069 2166 5119 ἐπὶ
2187 5067 2252 5120 τὰ
2281 5069 2439 5122 λοιπὰ
2465 5069 2612 5138 ἐΘνη,
2638 5072 2729 5122 καὶ
2763 5071 2950 5142 μέχρις
2981 5073 3156 5124 αὐτῶν
3196 5074 3309 5124 Ἐλ-

1753 5159 1945 5225 λήνων.
1983 5159 2066 5220 Ὠς
2096 5159 2186 5210 καὶ
2214 5160 2369 5212 τοῦτο
2397 5161 2573 5224 πάλιν,
2604 5162 2636 5230 ἡ
2668 5161 2771 5214 τῶν
2798 5163 3136 5215 παλαιτάτων
3165 5165 3306 5214 ἱστο-

1759 5249 1847 5315 ρία
1882 5251 2115 5317 κατέχει,
2149 5251 2213 5318 ἣν
2241 5253 2330 5303 καὶ
2361 5253 2525 5322 αὐτὴν
2559 5254 2950 5323 ἐπισκέψασθαι
2979 5253 3182 5323 καιρὸς,
3205 5252 3308 5308 ἀπὸ

1754 5339 1862 5390 τῶν
1895 5342 2205 5393 Φοινικικῶν
2232 5343 2584 5414 ἀρξαμένους.

2013 5451 2024 5485 :
2074 5451 2091 5482 ‹
2157 5434 2368 5488 Initium
2428 5438 2819 5501 fornicationis,
2861 5438 3149 5507 exquisitio
3200 5437 3300 5490 do-

134 5513 270 5569 lorum
309 5518 371 5569 ³³.
429 5535 448 5567 ι
488 5517 700 5572 Maneat
738 5520 898 5589 igitur
937 5533 1076 5572 nunc
1115 5520 1355 5572 omnium
1403 5520 1636 5588 gentium
1677 5523 1742 5574 de
1779 5528 2116 5583 multitudine
2167 5530 2385 5584 deorum
2422 5549 2652 5587 errorem
2680 5533 2888 5587 nonnisi
2944 5543 3062 5602 post
3091 5535 3300 5603 longam

135 5618 311 5664 aetatum
330 5611 526 5666 seriem
555 5611 844 5680 exstitisse,
871 5613 964 5683 qui
992 5626 1113 5667 cum
1149 5626 1177 5665 a
1204 5609 1553 5670 Phoenicibus
1616 5623 1668 5670 et
1699 5613 1964 5690 [Egyptiis
2036 5622 2246 5677 initium
2281 5623 2578 5695 habuisset,
2606 5627 2671 5683 ab
2705 5627 2768 5680 iis
2803 5626 2854 5678 in
2891 5627 3122 5696 reliquas
3153 5635 3299 5696 post-

189 5774 223 5807 “
253 5776 374 5848 Sap.
408 5793 517 5845 xw,
559 5775 644 5829 12.
