3980 6338
639 429 699 481 ’11

1295 427 1566 483 EUSEB"
1613 424 2088 483 CAESARIENSIS
2127 425 2208 479 ΟΡ

2316 423 2494 478 mas
2525 423 2585 478 ll.
2613 454 2680 464 —
2717 389 3214 481 APOLOGETICA.

3785 428 3872 483 72

637 543 855 593 modum
891 540 1135 594 nationes
1165 540 1229 595 ad
1261 541 1406 610 ipsos
1443 557 1616 611 usque
1647 540 1862 596 Graecos
1919 557 1977 595 sc
2014 539 2340 610 propagarit.
2411 538 2584 606 Atque
2625 537 2676 592 id
2722 538 2895 606 ipsum
2944 549 3198 608 praeterea
3251 540 3624 596 vetustissimae
3679 541 3873 596 histo-

635 650 732 688 ria:
823 646 1168 692 monumenta
1246 637 1540 703 declarant,

639 729 860 785 intueri.

715 915 820 969 Res
857 923 1032 968 autem
1075 913 1206 968 istas
1259 911 1664 967 Sanchuniatho
1717 913 1939 982 quidam
1995 927 2199 969 memo-
2228 917 2274 973 Α

640 1009 733 1061 rite
797 1005 1068 1075 prodidit,
1121 1005 1202 1057 vir
1265 1005 1690 1072 antiquissimus,
1749 1019 2019 1073 quemque
2073 1013 2196 1057 ante

643 1098 874 1166 ’l‘rojana
923 1105 1163 1164 tempora
1224 1094 1493 1158 ﬂoruisse,
1539 1110 1857 1164 summaque
1908 1110 2030 1149 cum
2076 1095 2196 1149 dili-

643 1191 852 1260 gentia,
901 1198 1011 1242 tum
1061 1187 1302 1240 veritatis
1345 1187 1502 1241 laude
1553 1186 1869 1242 Phoenicum
1916 1187 2195 1241 historiam

645 1280 925 1348 Sl‘l'ipSiSSC
949 1288 1230 1331 testantur.
1270 1277 1440 1345 Hujus
1469 1293 1629 1346 Opera
1659 1278 1840 1331 omnia
1867 1276 2040 1340 Philo,
2088 1292 2195 1331 non

644 1367 899 1422 llebrueus
945 1367 1064 1433 ille,
1113 1368 1204 1421 sed
1244 1365 1461 1437 Byblius
1494 1382 1559 1420 ex
1596 1365 1912 1422 Phoenicum
1947 1367 2197 1421 idiomate

643 1461 881 1516 Graecam
905 1461 957 1512 in
1015 1460 1252 1528 linguam
1305 1474 1565 1512 conversa
1623 1459 1880 1528 vulgavit.
1944 1458 2195 1528 Ejusdem

643 1568 858 1623 quoque
906 1553 1008 1622 31
1043 1550 1306 1616 meminit,
1346 1550 1390 1603 is
1426 1550 1515 1618 qui
1551 1558 1733 1604 nostra
1769 1551 2025 1605 memoria
2062 1568 2197 1620 opus

644 1644 771 1696 illud
805 1643 1085 1696 adversum
1131 1657 1229 1694 nos
1257 1642 1548 1695 mendaciis
1580 1640 1966 1710 fraudibusque
1992 1651 2195 1696 textum

644 1734 1056 1798 consarcinavit,
1088 1734 1211 1786 dum
1254 1732 1386 1785 libro
1410 1742 1600 1801 quarlo
1626 1733 1799 1802 ipsum
1842 1733 2003 1802 hujus
2047 1734 2198 1788 testi-

645 1824 809 1876 monii
830 1823 911 1876 sui
935 1821 1309 1891 praedicatione
1335 1821 1692 1876 commendat.
1718 1840 1734 1872 ι
1758 1821 1976 1884 Rerum,
2007 1821 2196 1890 inquit,

647 1913 710 1967 ad
737 1911 945 1968 JUdlBOS
973 1913 1349 1982 pertinentium
1377 1912 1656 1966 historiam
1679 1911 2085 1966 Sanchuniatho
2107 1911 2200 1965 Be-

647 2008 817 2078 rytius
856 2021 1067 2060 summa
1109 2006 1210 2059 lide
1255 2005 1610 2073 conscripsit;
1663 2004 1860 2073 quippe
1905 2020 2024 2073 quae
2074 2020 2197 2057 cum

647 2114 834 2152 eorum
885 2098 1016 2150 locis
1047 2105 1205 2165 atque
1230 2096 1548 2150 nominibus
1597 2097 1835 2164 apprime
1881 2096 2196 2158 consentiat,

649 2207 771 2242 eum
799 2190 1063 2258 praecipua
1094 2204 1272 2241 rerum
1302 2188 1512 2240 illarum
1549 2188 1722 2257 capita
1755 2188 1822 2241 ab
1858 2185 2199 2240 liierombalo

1619 653 1780 706 quam
1838 638 2024 706 utique
2071 650 2182 706 jam
2233 644 2442 703 tempus
2496 641 2578 688 est
2636 633 2798 687 ducto
2855 633 2922 688 ab
2980 632 3272 689 Phoeniciis

3361 635 3534 702 initio,
3630 636 3879 705 propius

2381 928 2602 996 Ἱστορεί
2650 925 2706 978 δὲ
2759 921 2928 976 ταῦτα
2966 922 3391 995 Σαγχουνιάθων,
3455 922 3591 993 ἀνὴρ
3653 921 3872 974 παλαί-

2296 1039 2472 1084 τατος,
2521 1021 2612 1073 καὶ
2659 1018 2764 1071 τῶν
2816 1016 3072 1089 Τρωῖκῶν
3122 1017 3343 1088 χρόνων,
3401 1015 3474 1079 ὥς
3526 1034 3675 1086 φασι,
3725 1032 3876 1086 πρε-

2299 1112 2570 1180 σϐύτερος,
2609 1111 2665 1177 ὃν
2696 1110 2787 1162 καὶ
2817 1109 2900 1161 ἐπ’
2932 1106 3182 1179 ἀκριϐείᾳ
3215 1110 3307 1162 καὶ
3338 1107 3561 1178 ἀληθείᾳ
3586 1107 3684 1178 τῆς
3735 1107 3879 1159 Φοι-

2296 1202 2507 1271 νικικῆς
2563 1201 2801 1272 ἱστορίας
2853 1199 3208 1268 ἀπώεχθῆναι
3273 1198 3624 1270 μαρτυροῦσι.
3681 1197 3881 1250 Φίλων

2296 1294 2352 1346 δὲ
2396 1292 2580 1345 τούτου
2635 1293 2813 1344 πᾶσαν
2851 1290 2948 1360 τὴν
2997 1288 3333 1360 συγγραφὴν,
3382 1291 3410 1340 6
3453 1289 3701 1352 Βύϐλιος,
3769 1289 3882 1358 οὐχ

2296 1386 2331 1453 ό⁴
2366 1386 2629 1456 Ἐϐραῖος,
2693 1381 3002 1454 μεταϐαλὼν
3057 1382 3163 1438 ἀπὸ
3220 1383 3316 1451 τῆς
3370 1383 3624 1434 Φοινίκων
3681 1379 3881 1449 γλώσ-

2299 1495 2397 1548 σης
2458 1479 2549 1529 ἐπὶ
2601 1476 2694 1546 τὴν
2745 1475 2968 1527 Ἐλλάδα
3008 1473 3208 1544 φωνὴν,
3266 1472 3511 1537 ἐξέδωκε.
3568 1473 3878 1541 Μέμνηται

2295 1568 2495 1620 τούτων
2553 1569 2579 1619 6
2617 1566 2736 1620 καθ’
2798 1567 2944 1636 ἡμᾶς
2998 1567 3094 1636 τὴν
3149 1566 3265 1618 καθ’
3307 1565 3455 1634 ἡμῶν
3497 1563 3882 1634 πεποιημένος

2299 1658 2584 1729 συσκευὴν,
2613 1659 2668 1710 έν
2696 1658 2936 1726 τετάρτῳ
2954 1657 3049 1726 τῆς
3081 1655 3212 1727 πρὸς
3235 1658 3379 1725 ἡμᾶς
3409 1654 3734 1718 ὑποθέσεως,
3764 1646 3882 1705 ὧδε

2298 1749 2373 1821 τῷ
2395 1750 2542 1820 ἀνδρί
2569 1748 2849 1819 μαρτυρῶν
2874 1747 3005 1818 πρὸς
3027 1746 3186 1812 λέξιν.
3231 1763 3248 1794 ε
3285 1746 3503 1813 Ἱστορεῖ
3525 1745 3580 1797 δὲ
3638 1746 3703 1796 τὰ
3730 1762 3809 1796 πε
3821 1747 3881 1808 ρί

2311 1843 2572 1895 Ἰουδαίων
2611 1840 2964 1911 ἀληθέστατα,
2998 1841 3075 1892 ὅτι
3119 1839 3212 1892 καὶ
3247 1843 3355 1899 τοῖς
3398 1838 3576 1899 τόποις
3612 1836 3702 1888 καὶ
3751 1837 3882 1897 τοῖς

2297 1933 2548 2002 ὀνόμασιν
2589 1931 2763 1984 αὐτῶν
2813 1930 2880 1982 τὰ
2931 1917 3337 2001 συμφωνότατα,
3383 1926 3798 1996 Σαγχουνιάθων
3851 1928 3883 1977 6

2298 2023 2577 2093 Βηρύτιος,
2605 2020 2836 2092 εἰληφὼς
2867 2021 2934 2073 τὰ
2954 2022 3314 2092 ὑπομνήματα
3336 2020 3481 2091 παρά
3518 2018 3881 2090 Ἰερομϐάλου

2299 2114 2389 2166 τοῦ
2427 2114 2612 2183 ἱερέως
2637 2113 2767 2165 Θεοῦ
2797 2113 2890 2165 τοῦ
2924 2112 3087 2164 Ἰευώ.
3128 2116 3220 2177 Ὃς
3261 2112 3524 2180 Ἀϐιϐἀλῳ
3546 2109 3619 2180 τῷ
3651 2110 3887 2178 βασιλεῖ

2303 2203 2576 2273 Βηρυτίων
2609 2203 2704 2273 τὴν
2745 2203 2979 2274 ἱστορίαν
3007 2202 3242 2265 ἀναθεὶς,
3274 2203 3361 2254 ὑπ’
3393 2203 3593 2255 ἐκείνου
3621 2202 3712 2254 καὶ
3757 2202 3885 2254 τῶν

651 2282 885 2351 quodam
927 2281 1032 2334 levi
1072 2279 1164 2332 Dei
1210 2279 1485 2334 sacerdote
1537 2281 1848 2348 accepisset.
1897 2277 2007 2332 Hoc
2057 2279 2198 2334 illius

2309 2293 2418 2346 κατ’
2452 2293 2612 2345 αὑτὸν
2641 2273 2952 2362 ⁵ἐξεταστῶν
2991 2294 3089 2362 τῆς
3124 2291 3394 2361 ἀληθείας,
3447 2290 3777 2361 παρεδέχθη.
3814 2295 3885 2344 υἱ

653 2388 789 2439 upus
824 2372 1051 2424 Abiban
1083 2371 1190 2440 regi
1221 2368 1557 2439 Berytiorum
1587 2369 1911 2434 dedicatum,
1944 2384 2049 2422 non
2080 2384 2196 2422 mo-

652 2465 720 2515 do
763 2477 874 2526 rex,
910 2460 1001 2515 sed
1035 2461 1193 2514 etiam
1232 2461 1266 2512 ii
1301 2474 1530 2529 quorum
1574 2461 1711 2529 apud
1756 2461 1928 2527 ipsum
1977 2471 2094 2514 erat
2137 2463 2199 2516 de

654 2554 972 2622 scriptorum
1017 2553 1237 2607 veritate
1284 2567 1626 2621 cognoscere,
1671 2568 1856 2606 omnes
1885 2555 2200 2622 comproba-

653 2652 796 2694 runt.
833 2642 1009 2708 Atque
1035 2641 1256 2694 istorum
1291 2640 1504 2710 quidem
1536 2649 1685 2707 tetas,
1722 2640 1972 2709 Trojanis
1998 2655 2200 2711 tempe—

657 2732 803 2784 nbus
827 2731 1118 2800 antiquior,
1151 2731 1393 2800 proxime
1423 2731 1487 2784 ad
1510 2729 1745 2801 Moysem
1777 2732 1952 2799 ipsum
1977 2735 2199 2797 accedit,

654 2833 710 2875 ut
739 2838 804 2876 ex
835 2821 1125 2877 Phteniciae
1148 2837 1332 2891 regum
1381 2823 1519 2876 serie
1555 2824 1731 2892 quivis
1771 2824 1981 2878 auferre
2008 2822 2199 2895 potest.

655 2911 750 2965 llic
773 2913 933 2978 igitur
971 2896 1396 2976 Sanchuniatho,
1422 2913 1514 2980 qui
1545 2909 1819 2966 Phcenicia
1847 2915 2027 2984 lingua
2059 2925 2204 2969 vete-

655 3019 768 3056 rem
804 3001 1084 3056 historiam
1110 3003 1303 3070 partim
1336 3017 1400 3055 ex
1427 3002 1758 3070 singularum
1804 3003 2012 3056 urbium
2048 3006 2202 3068 actis,

654 3109 850 3167 parum
894 3111 958 3149 ex
995 3095 1316 3164 templorum
1367 3095 1716 3150 monimentis
1770 3106 2202 3162 eoagmentatam

659 3185 918 3255 singulari
957 3185 1200 3238 veritatis
1239 3184 1417 3237 studio
1447 3185 1779 3253 perscripsit,
1812 3185 2162 3242 Semiramide
2188 3228 2202 3249 ,

656 3294 816 3346 quam
842 3277 1018 3331 Iliacis
1061 3276 1389 3345 temporibus
1420 3277 1502 3330 vel
1536 3277 1892 3346 antiquiorem
1919 3282 1999 3334 vel
2021 3296 2204 3351 aequa-

654 3368 758 3421 lem
778 3368 944 3422 fuisse
973 3356 1287 3433 memorani,
1315 3368 1452 3436 apud
1480 3367 1728 3438 Assyrios
1749 3381 2023 3440 regnante,
2053 3374 2203 3426 vixit.

656 3461 906 3530 Ejusdem
931 3477 1089 3529 porro
1113 3460 1602 3515 Sanehuniathonis
1626 3475 1788 3532 Opera
1815 3463 1967 3516 Philo
1992 3463 2207 3532 Byblius

659 3550 850 3606 Graeco
900 3564 1147 3604 sermone
1190 3549 1424 3602 donavit.
1456 3568 1473 3599 ι
1505 3548 1628 3604 Haec
1667 3552 1773 3617 ille,
1811 3553 2007 3621 quibus
2052 3554 2208 3608 istius

659 3641 894 3708 theologi
924 3655 1044 3694 cum
1068 3639 1121 3691 in
1155 3639 1438 3694 scribendo
1457 3641 1759 3708 veritatem,
1788 3651 1898 3695 tum
1925 3645 2083 3697 etiam
2115 3661 2206 3698 ve-

661 3741 911 3784 tustatem
954 3730 1104 3784 nobis
1149 3740 1392 3786 testatam
1427 3731 1662 3800 reliquit.
1703 3730 1898 3786 Verum
1939 3733 1994 3786 in
2030 3736 2206 3804 eperis

659 3821 891 3888 suscepti
922 3835 1208 3889 progressu
1240 3834 1347 3873 non
1373 3819 1487 3886 jam
1515 3818 1679 3874 Deum
1707 3821 1941 3875 universi
1964 3824 2207 3874 modera-

661 3923 852 3976 torem,
881 3911 989 3964 imo
1016 3926 1082 3964 ne
1104 3911 1223 3965 coeli
1251 3912 1464 3980 quidem
1489 3912 1712 3977 incolas,
1746 3913 1838 3966 sed
1865 3913 2011 3966 viros
2049 3927 2209 3981 quos-

658 4003 783 4057 dam
810 4018 874 4058 ac
903 4004 1246 4058 mulierculas
1283 4003 1442 4057 morti
1468 4004 1746 4069 obnoxios,
1777 4018 1978 4072 eosque
2016 4019 2122 4057 non
2145 4019 2207 4058 ea

663 4111 874 4147 morum
917 4096 1219 4160 honestate,
1250 4105 1308 4148 ut
1344 4103 1558 4164 propter
1601 4096 1846 4149 virtutem
1899 4096 2099 4165 suscipi
2147 4111 2210 4150 ac

665 4185 880 4253 probari
922 4196 1249 4250 mereantur,
1275 4195 1369 4239 aut
1397 4202 1459 4240 ea
1496 4187 1751 4255 praeditos
1779 4188 2061 4254 sapientia,
2091 4202 2210 4254 quae

662 4293 760 4331 nos
791 4277 854 4331 ad
880 4279 1116 4347 ipsorum
1150 4278 1544 4332 annulationem
1578 4278 1784 4340 invitet,
1825 4279 1918 4331 sed
1959 4280 2210 4332 omnibus

661 4367 874 4437 ﬂagitiis
905 4384 966 4422 ac
996 4363 1288 4423 sceleribus
1321 4378 1602 4436 coopertos
1633 4367 1789 4421 nobis
1838 4384 1935 4438 pro
1965 4369 2070 4422 diis
2115 4373 2212 4423 ob-

664 4461 848 4523 trudit,
878 4475 938 4512 ac
978 4461 1135 4513 simul
1168 4476 1260 4514 eos
1310 4460 1455 4529 ipsos
1489 4473 1606 4513 esse
1644 4461 1946 4523 conﬁrmat,
1977 4461 2069 4527 qui
2096 4476 2215 4529 pas-

664 4554 764 4604 sim
792 4553 1083 4604 etiamnum
1113 4551 1364 4606 omnibus
1395 4553 1447 4604 in
1476 4551 1685 4620 oppidis
1706 4561 1864 4620 atque
1908 4552 2212 4620 regionibus

665 4643 888 4695 deorum
925 4641 1043 4693 loco
1083 4641 1437 4694 celebrantur.
1467 4641 1706 4707 Quarum
1745 4652 1798 4695 tu
1821 4657 2000 4696 rerum
2037 4653 2212 4697 certas

663 4733 822 4784 etiam
858 4741 910 4785 et
933 4747 996 4782 ex
1032 4731 1244 4784 illorum
1276 4732 1490 4800 scriptis
1519 4733 1859 4801 depromptas
1883 4734 2064 4802 accipe
2088 4749 2212 4801 pro-

666 4817 928 4873 bationes.
964 4818 1117 4870 Philo
1165 4817 1345 4886 igitur,
1399 4817 1492 4886 qui
1533 4816 2024 4874 Sanchuniatbonis
2078 4836 2214 4888 opus

668 4912 978 4965 universum
1008 4926 1198 4964 novem
1236 4910 1289 4962 in
1315 4910 1478 4964 libros
1527 4909 1820 4979 distribuit,
1867 4915 1983 4981 ipso
2033 4915 2211 4966 statim
2247 4943 2287 4995 D

668 5002 827 5072 primi
851 5003 970 5054 libri
995 5004 1253 5070 prommio
1284 5003 1396 5057 hsce
1430 5001 1496 5055 ad
1530 5001 1752 5055 verbum
1777 5004 1841 5057 de
1883 5006 2068 5058 eodem
2118 5021 2215 5057 au-

669 5105 818 5144 elore
835 5089 1086 5159 praefatur
1111 5108 1123 5143 :
1155 5111 1170 5139 ‹
1203 5089 1324 5144 Haec
1341 5107 1461 5146 eum
1491 5092 1564 5144 ita
1592 5104 1649 5143 se
1677 5090 1954 5156 haberent,
1982 5092 2220 5146 Sanchu-

670 5183 855 5236 ni‘atho
884 5182 966 5237 vir
994 5183 1046 5235 in
1071 5184 1260 5250 primis
1278 5184 1544 5251 eruditus,
1565 5200 1684 5239 cum
1719 5199 1934 5253 operam
1959 5186 2010 5236 in
2030 5201 2216 5238 rerum

674 5275 1026 5344 plurimarum
1058 5272 1236 5326 studio
1261 5275 1548 5342 posuisset,
1585 5290 1818 5344 cumque
1843 5277 2078 5345 gentium
2102 5290 2218 5328 om-

674 5363 821 5415 nium
864 5362 1142 5417 historiam
1167 5363 1278 5430 jam
1319 5348 1538 5432 usQuea
1569 5366 1741 5433 prima
1784 5365 2022 5418 universi
2058 5365 2214 5418 moli—

674 5452 819 5505 tione
849 5466 1008 5506 nosse
1043 5453 1385 5506 vehementer
1415 5465 1638 5522 optaret,
1667 5456 1990 5526 praecipuam
2025 5472 2216 5525 quam-

673 5540 797 5595 dam
842 5541 893 5594 in
943 5543 1366 5612 pervestigandis
1430 5545 1617 5600 Taauti
1671 5549 1832 5602 rebus
1887 5547 2215 5616 diligentiam

677 5633 939 5695 adhibuit,
961 5636 1104 5704 quod
1127 5637 1260 5689 satis
1287 5636 1622 5706 intelligeret,
1648 5643 1888 5694 omnium
1919 5642 2012 5709 qui
2041 5641 2215 5694 lucem

682 5725 820 5778 hanc
842 5739 1182 5793 aspexerant,
1213 5743 1334 5781 eum
1358 5727 1562 5781 litteras
1593 5731 1885 5799 principem
1924 5732 2214 5794 invenisse,

682 5832 743 5872 ac
765 5817 1166 5873 scribendorum
1187 5822 1695 5876 commentariorum
1716 5832 1985 5878 auctorem
2015 5821 2212 5878 fuisse:

2304 2383 2326 2397 θ

2299 2383 2353 2434 δὲ
2406 2383 2608 2435 τούτων
2655 2385 2831 2455 χρόνοι
2882 2385 2975 2437 καὶ
3013 2383 3118 2455 πρὸ
3159 2383 3266 2439 τῶν
3298 2383 3554 2454 Τρωῖκῶν
3603 2384 3885 2437 πίπτουσι

2300 2473 2522 2542 χρόνων,
2558 2475 2648 2526 καὶ
2681 2474 2864 2543 σχεδὸν
2907 2476 3018 2536 τοῖς
3067 2475 3304 2537 Μωσέως
3350 2473 3756 2545 πλησιάζουσιν,
3801 2475 3887 2537 ὡς

2300 2563 2492 2618 αἰτῶν
2522 2565 2773 2634 Φοινίκης
2822 2563 3078 2632 βασιλέων
3128 2566 3385 2637 μηνύουσι
3435 2567 3685 2636 διαδοχαί.
3721 2568 3889 2635 Σαγα-

2303 2656 2592 2723 χουνιάθων
2623 2656 2679 2708 δὲ
2709 2655 2847 2708 κατά
2876 2655 2973 2727 τὴν
3015 2657 3271 2712 Φοινίκων
3311 2657 3602 2719 διάλεκτον,
3640 2657 3888 2728 φιλαλή-

2305 2747 2409 2810 θως
2439 2747 2536 2817 τὴν
2566 2746 2796 2801 παλαιὰν
2843 2749 3077 2819 ἱστορίαν
3115 2750 3179 2801 ἐκ
3205 2749 3310 2802 τῶν
3344 2751 3482 2803 κατὰ
3530 2753 3677 2804 πόλιν
3729 2752 3886 2804 ὑπο-

2307 2840 2620 2910 μνημάτων,
2637 2841 2727 2893 καὶ
2757 2840 2863 2893 τῶν
2890 2842 2946 2895 ὲν
2971 2844 3080 2904 τοῖς
3099 2843 3258 2911 ἱεροῖς
3283 2842 3605 2913 ἀναγραφῶν
3630 2860 3891 2912 συναγα-

2303 2930 2413 3000 γὼν
2464 2933 2556 2984 καὶ
2611 2931 2945 3001 συγγράψας,
3003 2933 3093 2984 ἐπὶ
3139 2931 3488 3002 Σεμιράμεως
3533 2933 3714 3000 γέγονε
3773 2935 3889 3004 τῆς

2321 3022 2610 3092 Ἀσσυρίων
2660 3021 2942 3091 βασιλίδος,
2986 3024 3019 3093 ἢ
3067 3023 3170 3093 πρὸ
3211 3024 3318 3078 τῶν
3363 3024 3684 3094 ’1λιακῶν,ῆ
3746 3029 3888 3078 κατ’

2306 3112 2499 3175 αὐτούς
2523 3129 2586 3180 γε
2627 3113 2750 3175 τοὺς
2778 3113 2998 3182 χρόνους
3045 3113 3292 3181 γενέσθαι
3337 3114 3774 3184 ἀναγέγραπται·
3809 3117 3890 3169 τὰ

2305 3201 2360 3252 δὲ
2400 3202 2490 3254 τοῦ
2538 3203 3001 3272 Σαγχουνιάθωνος
3045 3204 3124 3265 εἰς
3161 3203 3376 3257 Ἑλλάδα
3405 3205 3648 3272 γλῶσσαν
3682 3208 3888 3277 ἡρμή-

2307 3308 2458 3342 νευσε
2504 3292 2674 3344 Φίλων
2719 3293 2746 3344 ὁ
2797 3293 3038 3355 Βύϐλιος.
3083 3312 3102 3344 ι
3151 3294 3332 3347 Ταῦτα
3383 3296 3478 3363 μὲν
3509 3298 3537 3347 ὁ
3585 3296 3888 3367 δηλωθεὶς,

2309 3385 2556 3455 ἀλήθειαν
2580 3385 2710 3453 ὁμοῦ
2739 3386 2831 3438 καὶ
2862 3384 3193 3454 παλαιότητα
3214 3386 3289 3457 τῷ
3323 3385 3384 3458 δὴ
3418 3386 3645 3456 θεολόγῳ
3666 3405 3894 3458 μαρτυ-

2314 3477 2497 3546 ρήσας.
2530 3476 2587 3528 Ὁ
2610 3476 2665 3528 δὲ
2683 3476 2902 3546 προϊὼν,
2919 3477 2976 3529 ού
2999 3476 3086 3530 τὸν
3100 3478 3191 3530 ἐπὶ
3216 3479 3425 3531 πάντων
3447 3478 3594 3542 Θεὸν,
3614 3479 3736 3531 οὐδὲ
3765 3482 3893 3551 μὴν

2235 3599 2278 3656 C
2309 3567 2432 3626 τοὺς
2463 3566 2581 3618 κατ’
2610 3565 2853 3636 οὐρανὸν,
2889 3565 3110 3637 θνητοὺς
3133 3568 3190 3620 δὲ
3227 3568 3420 3638 ἄνδρας
3451 3570 3544 3621 καὶ
3581 3572 3887 3634 γυναῖκας,

2313 3657 2430 3709 οὐδὲ
2453 3658 2542 3708 τὸν
2571 3658 2765 3727 τρόπον
2789 3658 3050 3722 ἀστείους,
3079 3659 3219 3721 οἵους
3243 3659 3306 3710 δι’
3334 3659 3527 3728 ἀρετὴν
3549 3659 3692 3723 ἄξιον
3725 3656 3891 3716 εἶναι

2313 3747 2692 3816 ἀποδέξασθαι,
2731 3750 2763 3819 ἦ
2791 3749 3027 3822 ζηλῶσαι
3053 3751 3151 3821 τῆς
3181 3749 3511 3818 φιλοσοφίας,
3540 3751 3893 3823 φαυλότητος

2312 3839 2366 3892 δὲ
2397 3840 2488 3892 καὶ
2534 3840 2830 3910 μοχθηρίας
2883 3841 3097 3910 ἀπάσης
3143 3842 3335 3894 κακίαν
3381 3843 3893 3912 περιϐεϐλημένους

2314 3930 2563 3997 θεολογεϊο
2618 3930 2709 3983 καὶ
2751 3934 3012 4002 μαρτυρεῖ
3039 3947 3100 3999 γε
3124 3930 3339 3994 τούτους
3387 3931 3579 3994 αὐτοὺς
3629 3931 3894 4002 ἐκείνους

2317 4016 2471 4084 εἶναι,
2507 4023 2630 4084 τοὺς
2662 4021 2824 4074 εἰσέτι
2855 4022 3056 4074 καὶνῦν
3088 4021 3238 4085 θεοὺς
3269 4024 3413 4092 παρά
3439 4025 3547 4086 τοῖς
3571 4025 3700 4075 πᾶσι
3719 4039 3894 4078 νενο-

2322 4111 2611 4181 μισμένους
2641 4111 2779 4164 κατά
2809 4129 2867 4164 τε
2900 4111 2996 4175 τάς
3026 4112 3202 4175 πόλεις
3231 4113 3323 4164 καὶ
3352 4113 3448 4176 τὰς
3475 4113 3672 4184 χώρας.
3699 4116 3891 4186 Δέχου

2316 4204 2370 4255 δὲ
2408 4203 2725 4256 καὶτούτων
2772 4204 2834 4255 ὲκ
2875 4203 2981 4255 τῶν
3021 4203 3305 4274 ἐγγράφων
3332 4205 3428 4267 τὰς
3455 4204 3776 4268 ἀποδείξεις.
3825 4208 3891 4261 '0

2317 4294 2378 4363 δὴ
2397 4294 2564 4347 Φίλων
2590 4296 2667 4356 εἰς
2696 4295 2848 4347 ἐννέα
2880 4293 3088 4363 βίϐλους
3111 4294 3207 4363 τὴν
3235 4296 3408 4346 πᾶσαν
3431 4293 3524 4346 τοῦ
3547 4296 3891 4363 Σαγχουνιά-

2318 4382 2482 4444 θωνος
2527 4383 2901 4452 πραγματείαν
2933 4381 3136 4442 διελὼν,
3183 4381 3321 4434 κατὰ
3365 4381 3421 4432 τὸ
3470 4381 3751 4451 προοίμιον
3786 4386 3889 4439 τοῦ

2320 4473 2530 4544 πρώτου
2562 4473 2984 4542 συγγράμματος
3030 4474 3207 4533 αὐτοῖς
3235 4473 3435 4541 ῥήμασι
3469 4472 3712 4541 προλέγει
3742 4477 3890 4545 περὶ

2318 4561 2408 4612 τοῦ
2443 4559 2902 4628 Σαγχουνιάθωνος
2926 4561 3112 4612 ταῦτα’
3147 4579 3163 4609 t
3197 4560 3589 4624 Τούτωνοῦτως
3614 4562 3886 4632 ἐχόντων,

2319 4649 2345 4699 6
2378 4648 2781 4717 Σαγχουνιάθων
2815 4648 2949 4717 ἀνὴρ
2983 4648 3290 4718 πολυμαθὴς
3333 4649 3424 4700 καὶ
3466 4651 3888 4723 πολυπράγμων

2318 4739 2618 4808 γενόμενος,
2655 4740 2748 4790 καὶ
2795 4739 2863 4791 τὰ
2901 4739 2959 4802 ἐξ
2990 4740 3179 4809 ἀρχῆς,
3227 4741 3316 4809 ἀφ’
3343 4738 3400 4796 οὗ
3435 4742 3503 4794 τὰ
3535 4745 3705 4797 πάντα
3742 4763 3889 4799 συν-

2321 4829 2468 4899 έστη,
2493 4829 2640 4900 παρὰ
2657 4831 2865 4881 πάντων
2889 4829 3080 4881 εἰδέναι
3105 4829 3301 4894 ποθῶν,
3331 4832 3461 4884 πολὺ
3482 4839 3886 4903 φροντιστικῶς

2320 4918 2674 4988 ἐξεμάστευσε
2724 4919 2788 4970 τὰ
2833 4919 3092 4982 Τααύτου,
3143 4919 3311 4985 εἰδὼς,
3346 4923 3424 4972 ὅτι
3467 4922 3572 4974 τῶν
3604 4924 3690 4991 ὑφ’
3716 4926 3885 4996 ἥλιον

2316 5026 2629 5076 γς-ίοκιίτων,
2665 5009 2876 5079 πρῶτός
2925 5014 3035 5062 ἐστι
3065 5011 3301 5074 Τάαυτος
3336 5015 3364 5064 6
3393 5013 3494 5064 τῶν
3525 5018 3886 5084 γραμμάτων

2313 5100 2406 5169 τὴν
2467 5103 2672 5170 ῖῦρεσιν
2705 5102 3007 5170 ἐπινοήσας,
3039 5102 3132 5154 καὶ
3182 5101 3281 5170 τῆς
3315 5101 3420 5154 τῶν
3464 5104 3883 5173 ὑπομνημάτων

2313 5194 2524 5257 γρανςῖπς
2554 5185 2841 5259 κατάρξαςο
2867 5191 2957 5243 καὶ
2986 5191 3092 5243 ἀπὸ
3119 5190 3267 5243 τοῦδε
3291 5190 3472 5261 ὥσπερ
3505 5195 3736 5264 κρηπῖδα
3776 5198 3886 5266 βα-

2314 5281 2532 5351 λόμενος
2561 5281 2654 5332 τοῦ
2679 5280 2855 5345 λόγου,
2880 5280 2936 5331 ὃν
2965 5281 3243 5347 Αἰγύπτιοι
3281 5280 3374 5348 μὲν
3397 5281 3652 5335 ἐκάλεσαν
3684 5283 3880 5350 Θωὶιθ,

2333 5370 2688 5436 Ἀλεξανδρεῖς
2704 5369 2756 5420 δὲ
2772 5369 2909 5429 Θὼθ,
2925 5368 3127 5439 Ἑρμῆν
3146 5367 3453 5438 δὲ”Ελληνες
3472 5371 3839 5441 μετέφρασαν.
3858 5396 3877 5424 ι

2322 5460 2503 5512 Ταῦτα
2531 5457 2694 5510 εἰπὼν
2726 5459 3088 5528 ἐπιμέμφεται
3127 5461 3235 5519 τοῖς
3274 5459 3548 5527 νεωτέροις
3586 5464 3694 5522 τοῖς
3725 5465 3883 5530 μετὰ

2317 5549 2508 5611 ταῦτα,
2543 5549 2616 5609 ὡς
2642 5548 2703 5600 ἂν
2732 5547 3093 5616 βεϐιασμένως
3121 5547 3212 5598 καὶ
3232 5547 3328 5600 οὐκ
3354 5548 3562 5618 ἀληθῶς
3589 5551 3713 5613 τοὺς
3742 5552 3884 5624 περὶ

2321 5638 2455 5692 θεῶν
2491 5637 2685 5707 μύθους
2730 5638 2812 5689 ἐπ’
2853 5636 3173 5705 ἀλληγορίας
3206 5638 3296 5694 καὶ
3324 5639 3551 5704 φυσικὰς
3593 5639 3876 5709 διηγήσεις

2319 5743 2376 5778 τε
2405 5728 2496 5779 καὶ
2523 5727 2749 5796 θεωρίας
2777 5728 3050 5792 ἀνάγουσι·
3072 5726 3214 5792 λέγει
3239 5726 3282 5777 δ’
3301 5723 3401 5780 οὖν
3423 5725 3638 5796 προῖώψ
3666 5747 3686 5780 ι
3720 5723 3859 5785 Ἀλλ
3876 5732 3892 5754 ’

2320 5819 2367 5870 οἱ
2411 5818 2504 5886 μὲν
2562 5817 2811 5872 νεώτατοι
2869 5817 2973 5869 τῶν
3009 5816 3319 5886 ἱερολόγων,
3359 5817 3425 5870 τὰ
3465 5815 3561 5886 μὲν
3612 5823 3882 5888 γεγονῦτει
