4028 6332
93 465 145 519 73
590 430 594 434 ’
1192 462 1506 523 summa.
1552 466 1801 525 EVANG.
1833 466 1962 524 Lm.
2002 466 2043 524 ῐ.
3213 481 3282 540 η

92 592 355 662 πράγματα
388 583 450 660 ἐξ
493 594 666 666 ἀρχῆς
709 594 1115 667 ἀπεπέμψαντο,
1159 600 1479 670 ἀλληγορίας
1511 602 1618 672 (39.)

1722 604 1907 657 abillo
1931 614 2109 659 autem
2148 606 2489 675 auspicatum
2525 621 2665 665 esse,
2697 617 2853 673 quem
2911 604 2978 658 ab
3014 602 3283 675 Egyptiis

93 682 166 734 ui
194 682 385 750 μύθους
434 686 835 755 ἐπινοήσαντες,
882 687 972 738 καὶ
1002 690 1112 749 τοῖς
1142 693 1417 759 κοσμικοῖς
1455 692 1623 762 παθή-

94 788 201 840 μασι
225 773 540 840 συγγένειαν
576 774 926 846 πλασάμενοι,
969 780 1235 851 μυστήρια
1264 782 1619 851 κατέστησαν,

90 864 164 913 καὶ
194 863 345 916 πολὺν
387 866 572 928 αὐτοῖς
614 866 817 937 ἐπῆγον
840 867 1025 937 τῦφον,
1069 870 1144 933 ὡς
1168 870 1242 940 μὴ
1269 870 1462 941 ῥᾳδίως
1502 873 1623 925 τινά

92 958 288 1026 σλνορᾷν
308 956 376 1009 τὰ
413 960 531 1010 κατ’
556 952 808 1026 ἀλήθειαν
829 959 1109 1031 γενόμενα.
1150 963 1206 1016 '0
1243 963 1298 1015 δὲ
1339 964 1623 1033 συμϐαλὼν

90 1050 179 1109 rei;
206 1047 309 1100 ἀπὸ
330 1048 438 1100 τῶν
470 1048 675 1103 ἀδύτων
704 1051 999 1122 εὐρεθεῖσιν
1026 1054 1358 1125 άποκρύφοις
1390 1058 1623 1126 Ἀμμου-

92 1140 199 1189 νέων
221 1140 505 1210 γράμμασι
539 1144 932 1213 συγκειμένοις,
950 1144 985 1198 ἃ
1014 1146 1076 1216 δὴ
1107 1146 1206 1198 οὐκ
1232 1142 1300 1216 ἦν
1326 1150 1457 1199 πᾶσι
1484 1147 1623 1215 γνὼ-

94 1244 218 1297 plus,
244 1229 335 1300 τὴν
364 1232 599 1303 μάθησιν
622 1234 874 1289 ἁπάντων
909 1228 1069 1298 αὐτὸς
1102 1236 1328 1307 ἤσκησε·
1359 1240 1449 1290 καὶ
1474 1239 1623 1303 τέλος

91 1320 263 1384 ἐπιθεὶς
288 1326 353 1393 τῇ
406 1326 775 1396 πραγματείᾳ,
816 1327 904 1379 τὸν
933 1330 1049 1379 κατ’
1094 1329 1265 1399 ἀρχὰς
1302 1329 1489 1399 μῦθον,
1531 1332 1623 1386 καὶ

89 1408 167 1471 τὰς
189 1411 506 1484 ἀλληγορίας
532 1414 770 1468 ἐκποδὼν
799 1418 1179 1487 ποιησάμενος,
1210 1419 1502 1489 ἐξηνύσατο
1527 1422 1623 1492 τὴν

88 1501 329 1569 πρόθεσιν,
360 1506 465 1566 ἕως
496 1505 657 1557 πάλιν
699 1507 747 1558 oi
783 1508 1149 1578 ἐπιγενόμενοι
1193 1510 1373 1581 ἱερεῖς,
1412 1510 1621 1582 χρόνοις

89 1590 281 1662 ὕστερον
306 1593 574 1665 ἠθέλησαν
606 1595 773 1667 αὐτὴν
792 1582 1127 1670 ἀποκρύψαι,
1156 1601 1248 1653 καὶ
1268 1603 1347 1665 είς
1370 1602 1433 1654 τὸ
1452 1602 1623 1673 μυθῶ-

87 1680 157 1744 δες
189 1684 647 1756 ἀποκαταστῆσαι.
693 1688 780 1755 Ἐξ
817 1685 878 1745 οὗ
918 1690 980 1744 τὸ
1026 1679 1281 1762 μυστικὸν
1324 1693 1621 1749 άνέκυπτεν

88 1772 266 1826 οὐδέπω
294 1775 519 1855 φθάσαν
545 1780 624 1843 είς
656 1779 934 1852 Ἕλληνας.
970 1802 990 1835 ι
1027 1784 1244 1847 Τούτοις
1284 1784 1407 1855 ἑξῆς
1436 1802 1617 1857 φησιν·

92 1882 106 1910 ι
134 1863 278 1915 Ταῦθ’
309 1867 439 1936 ἡμῖν
470 1868 713 1940 εὕρηται,
736 1872 1005 1942 ἐπιμελῶς
1034 1872 1227 1927 εἰδέναι
1265 1874 1332 1929 τὰ
1362 1877 1620 1931 Φοινίκων

88 1954 301 2017 ποθοῦσι,
324 1960 417 2011 καὶ
448 1960 643 2033 πολλὴν
678 1961 1185 2034 ἐξερευνησαμένοις
1212 1964 1361 2037 ὓλην,
1383 1967 1502 2037 οὐχὶ
1522 1966 1619 2037 τὴν
1648 1942 1693 2001 Β

88 2050 193 2116 παρ’
217 2049 453 2121 Ἕλλησι·
483 2051 745 2121 διάφωνος
766 2053 873 2123 γάρ
894 2053 1053 2126 αὕτη,
1080 2056 1173 2109 καὶ
1198 2057 1623 2129 φιλονεικότερον

86 2139 159 2190 ὑπ’
185 2141 333 2195 ἐνίων
354 2142 571 2213 μᾶλλον,
598 2145 632 2214 ἢ
660 2145 794 2215 πρὸς
821 2144 1074 2215 ἀλήθειαν
1094 2149 1423 2204 συντεθεῖσα.
1459 2169 1477 2201 ι
1514 2152 1622 2204 Καὶ

87 2230 183 2299 μεθ’
198 2233 352 2303 ἔτερα
370 2251 382 2263 ·
409 2255 427 2285 ι
449 2235 632 2301 υῦτως
663 2255 720 2290 τε
740 2237 881 2308 ἔχειν
900 2242 1188 2294 πεπεῖσθαι
1203 2243 1335 2311 ἡμῖν
1354 2242 1618 2313 παρέστη,

84 2322 143 2384 ὡς
178 2322 373 2387 ἐκεῖνος
411 2328 671 2398 γέγραφε,
710 2328 804 2399 τὴν
841 2330 1134 2400 διαφωνίαν
1165 2332 1329 2403 ὁρῶσι
1371 2332 1467 2404 τὴν
1490 2336 1619 2403 παρ’

86 2414 301 2484 Ἕλλησι,
347 2417 474 2488 περί
495 2414 561 2488 ἦς
592 2435 680 2487 μοι
722 2419 845 2489 τρία
873 2420 1285 2491 πεφιλοτίμηται
1317 2422 1491 2491 βιϐλία
1524 2424 1619 2493 τὴν

84 2512 363 2583 ἐπιγραφὴν
408 2513 597 2583 ἔχοντα
651 2513 1000 2581 Παραδόξου
1054 2499 1367 2583 Ἵστορίας.
1426 2535 1445 2567 ι
1512 2519 1620 2570 Καὶ

84 2596 215 2664 αὖθις
240 2604 353 2672 μεθ’
375 2605 536 2676 ἐτερα
564 2592 821 2674 ἐπιλέγει·
865 2624 883 2657 t
916 2605 1356 2680 Προδιαρθρῶσαι
1375 2608 1431 2661 δὲ
1455 2609 1619 2678 ἀναγ-

84 2696 369 2773 ιαίονιπρὸς
398 2695 493 2767 τὴν
536 2692 687 2760 αὖθις
732 2698 1039 2769 σαφήνειαν,
1085 2699 1179 2753 καὶ
1209 2699 1304 2770 τὴν
1340 2700 1445 2752 τῶν
1480 2702 1617 2755 κατὰ

85 2783 225 2852 μέρος
251 2784 555 2853 διάγνωσιν,
596 2787 674 2839 ὅτι
715 2788 763 2839 οἱ
800 2786 1141 2840 παλαιότατοι
1168 2786 1275 2840 τῶν
1310 2787 1614 2859 βαρϐάρων,

82 2873 347 2944 ἐξαιρέτως
372 2875 428 2929 δὲ
458 2877 697 2941 Φοίνικές
719 2896 778 2930 τε
804 2879 896 2932 καὶ
931 2880 1233 2946 Αἰγύπτιοι,
1262 2884 1388 2951 παρ’
1413 2875 1487 2934 ὧν
1524 2885 1617 2935 καὶ

82 2966 120 3013 οἱ
150 2965 313 3019 λοιποὶ
344 2968 644 3039 παρέλαϐον
676 2969 967 3041 ἄνθρωποι,
1006 2970 1160 3034 θεοὺς
1189 2973 1433 3042 ἐνόμιζον
1465 2975 1617 3044 μεγί-

86 3070 217 3120 στους
239 3060 360 3123 τοὺς
389 3060 457 3113 τά
490 3060 624 3132 πρὸς
658 3061 755 3131 τὴν
796 3059 1051 3130 βιωτικὴν
1076 3066 1259 3132 χρεῐαν
1282 3064 1554 3133 εὑρόντας,
1581 3063 1613 3135 ἦ

83 3149 159 3199 καὶ
198 3150 334 3203 κατά
368 3156 417 3203 τι
466 3149 528 3205 εὖ
560 3141 881 3222 ποιήσαντας
921 3156 990 3205 τά
1033 3153 1176 3227 ἔθνη·
1234 3153 1519 3225 εὐεργέτας
1555 3174 1613 3208 τε

81 3232 277 3303 τούτους
304 3241 395 3294 καὶ
427 3243 635 3296 πολλῶν
681 3244 883 3307 αἰτίους
927 3245 1142 3313 ἀγαθῶν
1189 3247 1501 3316 ἡγούμενοι,
1537 3247 1615 3312 ὡς

83 3326 217 3393 θεοὺς
255 3334 632 3402 προσεκύνουν·
666 3337 757 3388 καὶ
801 3338 878 3399 εἰς
925 3336 983 3388 τὸ
1029 3337 1200 3406 χρεὼν
1242 3340 1612 3403 καταστάντας

80 3423 220 3483 ναοὺς
245 3428 786 3496 μετασκευασάμενοι,
814 3430 1008 3499 στήλας
1024 3448 1081 3482 τε
1104 3432 1195 3483 καὶ
1218 3431 1438 3502 ῥάϐδους
1463 3433 1615 3499 ἀφιέ-

83 3528 192 3580 ρουν
216 3514 273 3577 ἐξ
301 3516 553 3584 ὀνόματος
577 3516 773 3579 αὐτῶν,
803 3519 895 3571 καὶ
925 3518 1090 3572 ταῦτα
1123 3521 1364 3591 μεγάλως
1396 3522 1614 3590 σεϐόμε-

82 3622 166 3665 νοι,
199 3608 288 3659 καὶ
313 3608 500 3677 ἑορτάς
522 3607 708 3677 ἔνεμον
734 3609 915 3672 αὐτοῖς
934 3611 1032 3673 τὰς
1060 3611 1319 3681 μεγίστας
1351 3612 1610 3674 Φοίνικες.

92 3697 381 3767 Ἐξαιρέτως
410 3699 463 3750 δὲ
504 3700 597 3751 καὶ
626 3697 730 3751 ἀπὸ
760 3697 867 3751 τῶν
889 3700 1161 3770 σφετέρων
1192 3700 1471 3770 βασιλέων,
1502 3704 1613 3763 τοῖς

81 3792 334 3856 ησμικοῖς
368 3790 669 3860 στοιχείοις,
697 3790 787 3843 καί
826 3806 933 3842 τισι
961 3790 1069 3843 τῶν
1091 3792 1453 3862 νομιζομένων
1475 3791 1609 3843 θεῶν

81 3878 164 3941 τὰς
192 3881 472 3950 ὀνομασίας
511 3881 787 3935 ἐπέθεσαν·
822 3882 1079 3951 φυσικοὺς
1106 3881 1183 3946 δὲ,
1206 3882 1373 3951 ἥλιον,
1406 3876 1495 3934 καὶ
1522 3898 1609 3933 σε-

82 3966 247 4037 λήνην,
277 3971 366 4023 καὶ
402 3974 528 4034 τοὺς
569 3971 783 4033 λοιποὺς
820 3956 1089 4041 πλανθῆτας
1133 3969 1382 4038 ἀστέρας,
1416 3970 1508 4022 καὶ
1543 3969 1608 4021 τά

85 4064 313 4130 στοιχεῖα,
347 4064 439 4119 καὶ
476 4062 546 4115 τὰ
573 4061 776 4126 τούτοις
822 4060 1051 4131 ωναφῆ,
1086 4059 1238 4123 θεοὺς
1283 4060 1471 4129 μόνους
1499 4052 1610 4127 ὲγί-

84 4165 285 4216 νωσκον,
313 4152 438 4205 ὥστ’
465 4154 647 4215 αὐτοῖς
676 4154 798 4215 τοὺς
834 4150 931 4220 μὲν
976 4149 1215 4220 θνητοὺς,
1252 4149 1458 4213 τοὺςδὲ
1480 4149 1610 4202 ἀθα-

84 4241 253 4306 νάτους
290 4242 440 4306 θεοὺς
465 4238 623 4295 εἶναιε
659 4262 677 4295 ι
715 4242 893 4296 Ταῦτα
917 4242 1054 4296 κατά
1072 4242 1349 4313 προοίμιον
1380 4240 1409 4293 ὁ
1440 4243 1610 4297 Φίλων

84 4333 510 4405 διαστειλάμενος,
536 4334 662 4405 ἑξῆς
702 4335 1002 4406 ἁπάρχεται
1035 4333 1135 4404 τῆς
1159 4333 1253 4387 τοῦ
1282 4334 1607 4403 Σαγχουνιάδ

86 4423 230 4490 θωνος
279 4423 585 4499 ἑρμηνείας,
614 4420 715 4483 ὧδέ
737 4444 850 4491 πως
872 4427 969 4497 τὴν
994 4423 1303 4496 Φοινικικὴν
1332 4426 1610 4496 ἐκτιθέμει

87 4530 161 4579 νος
186 4518 290 4588 (35)
320 4502 608 4589 θεολογίαν.

1724 693 1829 764 32
1877 694 2110 766 Thoyth,
2151 697 2218 751 ab
2265 697 2641 753 Alexandrinis
2678 695 2878 761 Thoth,
2920 698 3279 757 nominatum.

1724 782 1895 837 Graeci
1932 784 2156 855 Ἑρμῆν,
2184 786 2284 841 hoc
2320 797 2399 841 est
2430 785 2774 849 Mercurium,
2816 786 3113 841 reddidere.
3136 806 3155 839 ι
3184 785 3283 842 liis

1723 878 2181 943 commemoratis,
2229 878 2557 932 recentiores
2580 878 2718 942 illos,
2744 878 2833 947 qui
2862 886 3046 947 postea
3102 894 3284 932 emcr—

1721 975 1927 1031 serant,
1952 981 2019 1020 eo
2056 967 2274 1023 nomine
2302 968 2662 1037 reprehendit,
2706 969 2849 1038 quod
2900 984 3020 1038 qua:
3066 969 3133 1043 de
3175 970 3281 1043 diis

1721 1055 1882 1125 vulgo
1912 1053 2243 1120 ferebamur,
2267 1057 2334 1111 ad
2352 1057 2636 1128 allegorias
2666 1058 2848 1111 nescio
2879 1073 3013 1123 quas
3063 1042 3116 1111 et
3140 1042 3279 1127 phy-

1722 1146 1865 1200 sicas
1897 1145 2283 1214 explicationes
2342 1146 2395 1199 vi
2443 1145 2585 1200 facta
2640 1146 2853 1201 veritati
2914 1147 3277 1200 traducerent.

1720 1235 1771 1291 is
1802 1251 1930 1306 ergo
1963 1236 2041 1291 sic
2070 1236 2123 1290 in
2161 1228 2451 1305 progressu
2486 1236 2721 1306 loquitur
2751 1254 2765 1291 :
2810 1256 2829 1288 ι
2870 1235 2976 1291 Sed
3014 1237 3159 1290 enim
3186 1238 3279 1306 qui

1722 1328 2018 1382 novissime
2048 1341 2230 1381 rerum
2271 1343 2547 1383 sacrarum
2577 1328 2993 1398 disputationem
3028 1330 3273 1399 attigcre,

1722 1433 1842 1472 cum
1873 1434 2060 1473 eorum
2089 1433 2208 1488 quas
2253 1417 2388 1473 facta
2427 1427 2584 1473 erant
2609 1419 2725 1488 ipso
2760 1420 2941 1473 statim
2967 1420 3122 1474 initio
3143 1420 3280 1474 veri-

1724 1518 1883 1565 tatem
1926 1511 2263 1579 rejecissent,
2296 1511 2566 1581 allegoriis
2607 1511 2928 1579 quibusdam
2963 1526 3026 1565 ac
3083 1510 3284 1565 fabulis

1721 1602 2059 1671 excogitatis,
2100 1616 2335 1671 cumque
2374 1603 2536 1656 rebus
2570 1602 2637 1656 iis
2676 1618 2797 1671 qua:
2825 1603 2987 1671 hujus
3039 1603 3281 1657 universi

1722 1700 1968 1745 naturam
2003 1701 2411 1762 consequuntur
2443 1692 2703 1747 afﬁnitate
2745 1693 2992 1759 conﬁcta,
3026 1693 3282 1762 mySteria

1721 1779 1902 1835 densis
1922 1780 2153 1836 obducta
2176 1782 2411 1837 tenebris
2435 1782 2804 1847 instituerunt,
2830 1798 2895 1836 ne
2922 1783 3042 1851 quis
3071 1797 3281 1844 eorum,

1720 1888 1840 1942 qua:
1875 1888 2064 1942 reapse
2113 1882 2261 1943 gesta
2311 1882 2487 1940 erant,
2547 1875 2827 1929 veritatem
2872 1876 3071 1929 intueri
3123 1873 3282 1928 facile

1720 1974 1923 2034 posset.
1958 1964 2048 2019 ille
2073 1975 2252 2019 autem
2284 1980 2405 2019 cum
2431 1966 2485 2019 in
2518 1980 2713 2019 arcana
2771 1965 3015 2034 quaedam
3065 1964 3285 2018 Ammo-

1723 2071 1964 2110 meorum
2015 2057 2290 2111 volumina
2340 2058 2638 2119 incidisset,
2681 2070 2802 2125 qua:
2837 2070 2901 2109 ex
2930 2054 3278 2108 interioribus

1722 2149 2045 2217 templorum
2074 2148 2460 2219 penetralibus,
2490 2148 2581 2203 ubi
2632 2147 3079 2215 antejacuerant,
3113 2146 3279 2199 educ-

1720 2249 1773 2294 ta
1797 2254 1923 2293 cum
1950 2240 2108 2293 obvia
2138 2239 2341 2308 passim
2368 2253 2477 2291 non
2504 2244 2687 2292 essent
2717 2274 2732 2299 ,
2768 2236 3017 2289 omnium
3052 2228 3273 2290 senten—

1720 2330 1851 2385 tiam
1913 2330 2157 2399 diligenti
2240 2329 2585 2384 meditatione
2643 2328 2912 2397 quaesivit,
2986 2327 3275 2398 laetumque

1720 2420 2172 2490 suscepitlaboris
2194 2420 2396 2474 exitum
2420 2428 2763 2484 consecutus,
2787 2434 2906 2491 qua:
2924 2418 2977 2472 in
2994 2419 3111 2488 ipso
3125 2419 3275 2473 aditu

1718 2509 2075 2564 occurrebant
2103 2508 2302 2565 iabulis
2326 2524 2447 2565 cum
2471 2510 2741 2579 aiiegoriis
2772 2510 3026 2565 omnibus
3055 2511 3121 2564 de
3164 2526 3276 2564 me-

1718 2602 1809 2658 dio
1835 2603 2084 2668 sublatis,
2120 2603 2423 2658 institutum
2451 2618 2589 2672 opus
2612 2618 2765 2657 suam
2792 2603 2859 2656 ad
2887 2602 3270 2673 perfectionem

1719 2693 2194 2761 maturitatemque
2243 2693 2537 2762 perduxit:
2594 2693 2767 2747 donec
2805 2694 2896 2761 qui
2950 2702 3071 2762 post
3120 2694 3270 2746 illum

1717 2784 1971 2838 exstitere
1992 2784 2319 2847 sacerdotes,
2357 2784 2497 2837 idem
2536 2784 2711 2852 ipsum
2765 2783 3039 2837 occultare
3096 2783 3273 2837 denuo

1721 2883 1881 2944 atque
1916 2876 1980 2929 ad
2014 2876 2317 2945 priscarum
2348 2874 2649 2929 fabularum
2681 2884 2985 2929 commenta
3020 2888 3275 2928 revocare

1717 2975 1901 3035 postea
1938 2966 2254 3031 voluissent,
2288 2965 2430 3019 unde
2472 2962 2727 3036 mysticus
2762 2965 2848 3019 ille
2873 2979 3065 3021 sensus
3098 2981 3273 3021 emer—

1716 3058 1805 3122 sit,
1837 3058 1929 3129 qui
1957 3074 2235 3127 nunquam
2271 3066 2424 3111 antea
2498 3058 2811 3112 Graecorum
2861 3058 3072 3113 animos
3112 3074 3275 3115 occu-

1714 3160 1886 3219 parat.
1904 3170 1921 3203 ι
1940 3151 2148 3215 Quibus
2164 3150 2414 3219 deinceps
2435 3149 2535 3204 ista
2550 3149 2854 3219 subjungit:
2878 3167 2897 3201 ι
2921 3149 3043 3206 Ηιεο
3059 3153 3270 3207 tandem

1718 3256 1749 3294 a
1777 3241 1931 3295 noliis
1968 3249 2177 3309 reperta
2206 3246 2363 3305 sunt,
2384 3255 2507 3293 cum
2538 3241 2837 3295 vehementi
2886 3244 3273 3309 cognoscendae

1716 3329 2033 3385 thnicum
2064 3331 2308 3385 historiae
2367 3329 2635 3384 desiderio
2684 3339 3013 3395 tenerentur,
3043 3347 3106 3385 ac
3136 3348 3268 3400 pos-

1716 3431 1963 3491 teaquam
1988 3421 2254 3492 ingentem
2284 3419 2544 3473 librorum
2585 3420 3146 3491 monimentorumque
3174 3423 3269 3477 sil—

1716 3530 1838 3567 vam
1868 3513 2059 3581 cupide
2088 3512 2315 3567 scrutati
2344 3526 2610 3576 essemus,
2641 3506 2747 3565 non
2773 3528 2891 3567 eam
2920 3522 3119 3581 tamen,
3148 3531 3269 3584 qua:

1716 3619 1877 3673 penes
1908 3602 2121 3657 Graecos
2150 3610 2286 3664 erat,
2325 3600 2470 3669 quod
2520 3600 2692 3669 ipsam
2743 3618 2935 3673 magna
2972 3620 3097 3659 cum
3158 3607 3270 3661 dis~

1716 3694 1968 3749 sensione
2003 3694 2332 3757 animorum,
2382 3701 2438 3746 et
2474 3694 2836 3749 contentionis
2880 3696 3059 3764 potius
3104 3710 3265 3766 quam

1718 3785 1961 3839 veritatis
2017 3785 2196 3839 studio
2244 3782 2531 3838 conﬂatam
2592 3799 2622 3838 a
2669 3787 2943 3843 nonnullis
2985 3802 3107 3842 esse
3144 3804 3268 3857 per-

1712 3875 1970 3929 viderem.
2011 3893 2027 3927 ›
2056 3874 2191 3928 Tum
2213 3877 2534 3944 quibusdam
2574 3878 2867 3948 interjectis
2888 3888 2904 3931 :
2928 3897 2945 3931 ι
2971 3880 3051 3933 Ad
3084 3879 3265 3945 fidem,

1716 3966 1907 4035 inquit,
1939 3966 2082 4020 illius
2117 3966 2333 4035 scriptis
2361 3969 2742 4032 adhibendam,
2770 3984 2837 4023 eo
2864 3969 3097 4023 maxime
3121 3972 3263 4037 quod

1715 4060 1886 4112 oculis
1918 4060 2187 4113 intuemur
2212 4058 2520 4113 Graecorum
2551 4058 2830 4112 hominum
2856 4058 3085 4113 dissidio
3108 4061 3268 4114 adduo

1715 4154 1787 4205 cti
1821 4162 2047 4215 sumus;
2081 4152 2147 4206 de
2184 4167 2291 4220 quo
2319 4152 2421 4205 tria
2453 4165 2666 4220 quoque
2710 4152 3004 4217 volumina,
3033 4169 3267 4222 quorum

1714 4244 1995 4313 inscriptio
2034 4254 2138 4319 est,
2186 4241 2262 4296 De
2293 4243 2585 4297 incredibili
2614 4244 2858 4309 historia,
2899 4245 3139 4313 studiose
3204 4260 3268 4299 ac

1714 4334 1994 4403 diligenter
2029 4332 2445 4387 elaboravimus.
2483 4351 2500 4383 ι
2528 4332 2604 4386 Ac
2621 4348 2833 4386 rursum
2866 4334 3107 4401 postalia
3136 4349 3269 4388 non»

1714 4416 1881 4487 nulla,
1908 4423 2095 4491 subdit
2124 4441 2137 4477 :
2174 4441 2193 4475 ι
2226 4424 2346 4481 Jam
2391 4438 2540 4488 vero,
2566 4439 2674 4494 quo
2718 4424 2977 4479 illustrior
3008 4425 3270 4481 habeatur

1713 4515 1991 4585 magisque
2020 4511 2273 4569 distincta
2305 4499 2381 4569 rei
2405 4515 2570 4568 totius
2593 4516 2940 4584 intelligentia
2973 4516 3075 4570 hoc
3104 4517 3265 4570 etiam

88 4612 407 4667 ante'omnia
450 4628 653 4683 ponere
696 4628 797 4668 nos
837 4619 1077 4683 oportet,
1126 4610 1478 4664 barbarorum
1526 4609 1954 4680 antiquissimos,
1996 4606 2275 4661 Phoenices
2314 4608 2367 4661 in
2410 4609 2598 4676 primis
2630 4619 2683 4663 et
2714 4608 3014 4680 Egyptios,
3066 4627 3096 4664 a
3142 4612 3269 4678 quis

88 4702 173 4757 bus
190 4706 356 4760 ceteri
382 4707 633 4777 deinceps
664 4708 843 4778 p0puii
874 4721 1077 4761 morem
1114 4706 1261 4760 illum
1307 4720 1595 4775 accepere,
1635 4705 1688 4759 in
1756 4704 2115 4758 maximorum
2155 4700 2380 4756 deorum
2424 4703 2543 4757 loco
2588 4719 2681 4759 eos
2748 4719 2936 4759 omnes
2977 4704 3265 4768 habuisse,

88 4800 166 4866 qui
192 4814 273 4855 res
301 4800 366 4855 ad
396 4801 561 4856 vitam
582 4802 842 4873 agendam
879 4803 1210 4857 necessarias
1259 4802 1609 4867 invenissent,
1650 4801 1744 4870 qui
1796 4812 1901 4869 que
1945 4794 2261 4852 beneficium
2294 4798 2509 4868 aliquod
2542 4798 2593 4852 in
2625 4815 2792 4869 genus
2831 4798 3107 4852 hominum
3137 4811 3269 4850 eone

91 4890 333 4947 tulissent.
372 4891 476 4947 Eos
509 4891 765 4946 nimirum
802 4892 947 4962 quod
974 4893 1074 4948 sibi
1106 4892 1459 4961 plurimorum
1515 4900 1772 4945 auctores
1826 4892 2089 4945 bonorum
2156 4903 2277 4943 esse
2316 4891 2721 4958 persuaderent,
2786 4887 2981 4942 divinis
3045 4888 3266 4943 honori-

89 4978 177 5037 bus
196 4987 397 5040 coluere
423 5004 438 5053 ;
469 5000 535 5041 ac
563 4986 882 5054 templomm
907 4999 1031 5051 usu,
1059 5000 1179 5053 quzr
1200 4987 1311 5055 jam
1344 4995 1467 5039 ante
1524 4993 1834 5041 constructa
1863 4984 2094 5049 fuerant,
2126 4983 2230 5038 hoc
2260 4986 2327 5039 ad
2380 5000 2579 5040 munus
2606 4983 2947 5052 ofﬁciumque
2982 4970 3263 5050 traducto,

92 5070 179 5143 33
212 5078 484 5133 columnas
532 5079 752 5146 insuper
802 5077 1086 5146 virgasque
1128 5080 1331 5148 ligneas
1385 5078 1626 5147 ipsorum
1690 5079 1909 5132 nomine
1983 5087 2370 5132 consecrarunt
2427 5092 2597 5146 eaque
2673 5076 2944 5146 praecipuo
2989 5076 3265 5147 religionis

94 5165 221 5220 cultu
265 5170 536 5239 prosecuti
634 5158 938 5235 Phtnnices,
1030 5169 1196 5225 festos
1264 5172 1369 5225 illis
1427 5186 1642 5241 quoque
1679 5172 1793 5227 dies
1854 5171 2011 5240 longe
2068 5170 2446 5226 celeberrimos
2511 5171 2846 5224 dedicarunt.
2890 5169 2948 5225 in
3004 5187 3113 5241 quo
3142 5172 3263 5241 qui-

94 5257 195 5314 dem
247 5264 501 5346 eximium
533 5265 665 5321 illud
728 5264 850 5329 fuit,
878 5264 1020 5334 quod
1062 5279 1245 5334 regum
1281 5280 1505 5321 suorum
1562 5267 1780 5321 nomina
1828 5265 2065 5319 universi
2115 5266 2275 5333 hujus
2322 5264 2626 5328 “elementis,
2698 5280 2760 5318 ac
2804 5266 3125 5334 quibusdam
3170 5277 3265 5315 eo-

92 5362 213 5417 rum,
237 5354 430 5422 quibus
464 5357 797 5411 divinitatem
844 5355 945 5423 ipsi
995 5355 1318 5420 tribuebant,
1357 5357 1712 5426 imponerent.
1755 5354 2035 5409 Naturales
2086 5369 2249 5423 porro
2272 5355 2421 5419 deos,
2462 5354 2651 5416 solem,
2687 5354 2892 5415 lunam,
2926 5354 3267 5419 reliquasque

95 5443 249 5499 stellas
263 5445 579 5513 inerrantes,
620 5462 742 5504 cum
765 5446 1041 5503 elementis
1068 5461 1131 5500 ac
1165 5448 1371 5502 caeteris
1401 5461 1524 5502 cum
1576 5446 1815 5517 ejusdem
1843 5445 2098 5500 atiinitate
2129 5446 2454 5514 conjunctis,
2510 5444 2624 5498 solo
2646 5460 2711 5497 ex
2738 5442 2987 5496 omnibus
3016 5455 3269 5509 agnosce-

96 5534 226 5606 bant;
284 5552 345 5595 ut
413 5551 663 5598 mortales
699 5543 915 5613 quidem
979 5541 1135 5609 alios,
1176 5542 1309 5596 alios
1360 5555 1536 5597 autem
1597 5542 1927 5596 immortales
1988 5541 2120 5594 deos
2183 5541 2461 5596 haberent.
2512 5558 2529 5593 ι
2561 5536 2768 5603 Quibus
2813 5534 2967 5590 Philo
3032 5531 3268 5586 breviter

152 5774 252 5849 (32)
286 5775 757 5849 Postdnqropiac
794 5778 1073 5834 inserenda
1096 5775 1404 5849 conjunctio
1429 5775 1513 5849 δέ,
1534 5792 1598 5849 ex

92 5841 297 5903 unde.
329 5846 532 5901 codice.
555 5841 613 5900 in
637 5841 757 5903 aliis
784 5848 1180 5905 sollicitandum
1197 5841 1417 5907 'videtur
1445 5846 1597 5899 nihil.

387 5941 576 6004 Pan.
614 5942 730 6005 Gtt.
760 5943 927 6007 XXI.

1778 5775 1887 5846 (33)
1939 5773 2354 5846 Ἑκτιθέμεννοςί.
2397 5768 3132 5846 Μοηι.,ἐκτιθεμένου,ιιιιοὰ
3152 5765 3257 5823 for-

1709 5840 1850 5900 tasse
1870 5840 2102 5911 rectius,
2132 5840 2190 5897 ut
2212 5845 2277 5898 ad
2310 5844 2772 5913 Σαγχουνιάθωνος
2790 5840 3087 5895 ’τρίεταιυτο

2862 5937 2899 5996 3
