3980 6338
739 451 803 506 75
1390 447 1656 506 EUSEBII
1695 442 2166 501 CESARIENSIS
2195 442 2339 498 OPP.
2383 440 2560 497 PARS
2591 442 2654 495 11.
2697 472 2764 484 -
2801 440 3294 497 APOLOGETICA.
3839 442 3900 497 ἰθ

737 566 788 618 tn
838 574 1094 632 prommio
1128 560 1448 644 constitutis,
1478 560 1544 612 ad
1579 558 2084 626 Sanchuniathonis
2113 555 2603 626 interpretationem
2644 556 2966 627 aggreditur,
3014 556 3098 610 his
3137 555 3311 611 verbis
3353 553 3668 610 Phoenicum
3713 555 3903 613 theolo-

733 657 884 724 giam
911 655 1229 709 edisserens.

1347 746 1571 802 CAPUT
1615 746 1683 800 Χ.

1203 835 1503 890 Phoenicum
1537 837 1814 906 theologia.

820 946 836 977 ι
868 924 1191 995 Principium
1221 926 1383 995 hujus
1421 926 1783 981 universitatis
1825 927 1973 996 ponit
2002 940 2178 981 aerem
2211 933 2281 978 te-

742 1016 1027 1070 nebrosum
1078 1030 1140 1070 ac
1181 1016 1370 1084 spiritu
1425 1014 1611 1078 fetum,
1659 1031 1752 1069 seu
1801 1018 1968 1071 mavis
2013 1016 2277 1069 tenebrosi

741 1109 882 1161 aeris
912 1105 1094 1160 ﬂatum
1131 1121 1194 1159 ac
1226 1106 1495 1175 spiritum,
1539 1107 1808 1176 chaosque
1845 1107 2115 1161 turbidum
2149 1106 2282 1159 alta-

743 1216 846 1269 que
873 1200 1099 1268 caligine
1120 1197 1528 1253 circumfusum.
1560 1197 1684 1253 Haec
1713 1215 1874 1269 porro
1902 1200 2108 1254 infinita
2139 1217 2277 1265 esse,

743 1295 1057 1361 nullumque
1101 1291 1202 1346 nisi
1233 1292 1394 1362 longo
1431 1293 1747 1348 saeculorum
1784 1295 2065 1349 intervallo
2097 1295 2282 1349 termi-

745 1396 871 1434 num
919 1381 1135 1434 habere.
1171 1379 1392 1443 Verum,
1435 1381 1527 1435 ubi
1569 1382 1808 1451 spiritus,
1859 1384 2052 1452 inquit,
2102 1399 2283 1439 amore

744 1471 1130 1538 principiorum
1154 1485 1374 1523 suorum
1403 1469 1626 1539 ﬂagrare
1649 1473 1920 1540 coepisset,
1949 1488 2179 1542 eumque
2210 1475 2282 1528 si-

744 1560 853 1612 mul
889 1567 1032 1614 esset
1062 1554 1250 1613 mixtio
1283 1571 1592 1623 consecuta,
1628 1575 1826 1614 nexum
1863 1563 2006 1616 hunc
2036 1573 2283 1618 mutuum

744 1649 1058 1718 Cupidinem
1092 1649 1444 1718 appellarunt.
1492 1649 1541 1704 Is
1576 1651 1789 1719 quidem
1838 1668 2017 1707 rerum
2043 1656 2281 1708 omnium

746 1741 1139 1809 procreationis
1180 1741 1500 1809 principium
1542 1741 1662 1796 fuit.
1711 1742 1945 1811 Spiritus
1973 1759 2099 1799 vero
2131 1761 2284 1800 suam

750 1832 918 1899 ipsius
960 1830 1382 1898 procreationem
1425 1831 1644 1884 minime
1685 1835 2026 1902 agnoscebat.
2063 1833 2140 1888 Ex
2187 1837 2286 1890 hac

751 1921 894 1974 illius
937 1920 1314 1988 conjunctione
1365 1921 1563 1988 prodiit
1602 1919 1744 1986 Mot;
1798 1922 1850 1976 id
1899 1925 2040 1992 quod
2099 1926 2284 1980 limum

751 2010 1014 2071 nonnulli,
1054 2011 1141 2064 alii
1172 2025 1387 2080 aquosae
1428 2011 1706 2084 mixtionis
1745 2015 2139 2082 corruptionem
2169 2030 2286 2070 esse

752 2102 957 2165 volunt,
1002 2116 1068 2154 ex
1105 2117 1211 2169 qua
1256 2111 1453 2155 secutae
1492 2102 1860 2170 productionis
1891 2105 2116 2168 semina,
2144 2105 2286 2173 ipsa-
2315 2087 2357 2140 Β

751 2204 856 2259 que
899 2191 1031 2242 adeo
1059 2205 1238 2242 rerum
1287 2191 1656 2244 universarum
1685 2193 1956 2260 generatio
1998 2195 2283 2248 exstiterit.

751 2276 1015 2331 Caeterum
1047 2276 1340 2329 animantia
1369 2277 1610 2344 quaedam
1654 2285 1804 2329 erant
1825 2277 1970 2330 omni
2014 2293 2175 2332 sensu
2207 2293 2288 2332 ca-

754 2367 953 2429 rentia,
989 2380 1107 2433 qua:
1146 2365 1488 2435 postmodum
1539 2365 1876 2434 intelligentia
1903 2367 2151 2434 praeditos
2176 2368 2290 2421 ani-

756 2465 964 2509 mantes
993 2462 1360 2523 procrearunt.
1398 2454 1502 2509 Eos
1541 2456 1615 2507 illi
1665 2455 2039 2524 Zopbasemin,
2077 2457 2177 2511 hoc
2208 2466 2290 2512 est

755 2546 875 2600 coeli
920 2545 1367 2613 contemplatores
1418 2547 1781 2611 nominarunt,
1823 2545 1876 2599 in
1919 2545 2007 2599 ovi
2065 2549 2289 2616 Iiguram

755 2632 1138 2688 conformatos.
1194 2632 1340 2688 Illico
1385 2645 1561 2688 autem
1619 2634 1746 2697 Mot,
1795 2650 1917 2688 cum
1961 2636 2093 2698 sole,
2121 2627 2286 2700 luna,

755 2723 943 2786 stellis,
983 2739 1046 2777 ac
1085 2723 1290 2792 reliqua
1336 2723 1600 2792 majorum
1648 2733 1913 2777 astrorum
1952 2726 2291 2779 multitudine

755 2813 991 2867 emicuit.
1029 2831 1047 2864 ι
1091 2811 1412 2881 Huiusmodi
1461 2829 1490 2865 a
1522 2811 1868 2867 thnieibus
1915 2815 2100 2867 mundi
2141 2825 2292 2869 ortus

754 2900 992 2968 ponitur,
1030 2900 1122 2967 qui
1147 2915 1359 2953 omnem
1393 2899 1549 2968 plane
1577 2897 1915 2952 Divinitatem
1955 2900 2289 2952 exterminet.

755 2987 897 3053 lam,
938 2989 1112 3055 qualis
1139 2987 1206 3041 ab
1244 2982 1430 3041 iisdem
1477 2987 1760 3040 invehatur
1795 2988 2293 3057 animalium-gene-

758 3081 915 3142 ratio,
976 3079 1272 3133 videamus.
1328 3077 1418 3132 Sic
1469 3092 1596 3147 ergo
1635 3078 2077 3146 philosophatur:
2113 3096 2130 3130 ι
2157 3078 2292 3132 Cum

757 3173 971 3238 igneum
1007 3168 1342 3238 splendorem
1384 3183 1476 3221 aer
1517 3168 1805 3234 emisisset,
1838 3185 1900 3223 ex
1941 3171 2143 3225 ardenti
2178 3187 2290 3224 ma-

756 3261 834 3313 ris
863 3275 925 3312 ac
969 3268 1234 3312 terrarum
1267 3257 1707 3321 inflammatione,
1744 3261 1910 3324 venti,
1951 3263 2142 3325 nubes,
2185 3277 2296 3315 ma-

2904 741 3292 794 ΚΕΦΑΛΔΙΟΝ
3329 745 3384 795 l'.

2855 837 3135 889 Φοινίκων
3163 836 3450 903 θεολογιά.

2453 942 2471 973 ι
2516 923 2624 993 Τὴν
2671 923 2775 975 τῶν
2805 925 2941 976 ὅλων
2987 926 3158 996 ἀρχὴν
3179 926 3492 978 ὑποτίθεται
3533 925 3670 997 ἀέρα
3713 926 3900 997 ζοφώδη

2380 1015 2471 1067 καὶ
2505 1014 2853 1084 πνευματώδη
2872 1055 2887 1078 ,
2917 1015 2950 1082 ἢ
2985 1015 3146 1085 πνοὴν
3171 1017 3327 1086 ἀέρος
3356 1014 3640 1082 ζοφὼδους,
3670 1016 3762 1078 καὶ
3791 1018 3901 1086 χάος

2381 1104 2596 1173 θολερὸν
2615 1145 2629 1168 ,
2667 1105 2946 1175 ἐρεϐὦδες.
2977 1106 3161 1159 Ταῦτα
3196 1107 3251 1160 δὲ
3283 1103 3419 1159 εἶναι
3449 1107 3681 1179 ἄπειρα,
3717 1109 3806 1161 καὶ
3830 1109 3902 1159 διὰ

2383 1196 2544 1248 πολὺν
2565 1197 2732 1249 αἰῶνα
2761 1197 2832 1268 μὴ
2857 1197 2998 1268 ἔχειν
3027 1198 3213 1268 πέρας.
3254 1200 3380 1251 Ὅτε
3402 1199 3479 1259 δὲ,
3505 1199 3686 1268 φησιν,
3711 1199 3904 1268 ἠράσθη

2381 1287 2441 1339 τὸ
2470 1287 2682 1357 πνεῦμα
2710 1289 2816 1342 τῶν
2846 1290 2986 1342 ἰδίων
3015 1289 3214 1360 ἀρχῶν,
3247 1292 3340 1343 καὶ
3366 1289 3578 1356 ἐγένετο
3604 1289 3903 1361 σύγκρασις,

2381 1378 2414 1448 ἠ
2439 1379 2608 1447 πλοκὴ
2637 1380 2814 1448 ἐκείνη
2844 1379 3046 1450 ἐκλήθη
3077 1378 3259 1441 Πόθος.
3283 1379 3428 1448 Αὕτη
3455 1380 3509 1432 δέ
3533 1381 3673 1449 ἀρχὴ
3700 1380 3907 1440 κτίσεως

2381 1468 2630 1520 ἁπάντων
2653 1485 2666 1497 ·
2700 1469 2826 1521 αὑτὸ
2867 1469 2924 1521 δὲ
2955 1469 3052 1521 οὑκ
3092 1469 3348 1536 ἐγίνωσκε
3391 1469 3487 1540 τὴν
3524 1469 3686 1521 αὑτοῦ
3727 1470 3904 1532 κτίσιν,

2382 1558 2472 1610 καὶ
2499 1559 2561 1610 ἐκ
2591 1557 2689 1627 τῆς
2713 1557 2870 1610 αὑτοῦ
2896 1557 3214 1629 συμπλοκῆς
3227 1558 3317 1611 τοῦ
3353 1559 3684 1629 πνεύματος,
3712 1561 3909 1627 ἐγένετο

2381 1647 2511 1700 Μώτ
2704 1647 2871 1700 Τοῦτό
2900 1649 3040 1712 τινές
3065 1663 3223 1716 φασιν
3251 1648 3394 1711 ἰλὺν,
3423 1650 3471 1700 οἱ
3510 1649 3566 1701 δὲ
3587 1688 3601 1711 ,
3629 1649 3909 1711 ὑδατώδους

2385 1735 2579 1808 μίξεως
2611 1737 2789 1808 σῆψιν.
2835 1739 2943 1791 Καὶ
2985 1739 3049 1791 ἐκ
3088 1737 3288 1808 ταύτης
3331 1739 3540 1805 ἐγένετο
3571 1742 3719 1794 πᾶσα
3751 1741 3911 1810 σπορά

2384 1829 2628 1891 κτίσεως,
2649 1829 2740 1880 καὶ
2772 1829 2982 1896 γένεσις
3012 1829 3116 1880 τῶν
3142 1829 3295 1882 ὅλων.
3325 1825 3430 1880 Ἧν
3459 1829 3514 1881 δέ
3538 1847 3656 1882 τινα
3689 1829 3799 1894 ζῶα
3822 1831 3910 1883 οὑκ

2384 1917 2571 1986 ἔχοντα
2629 1916 2904 1987 αἴσθησιν,
2954 1911 3129 1982 ἐξῶν
3182 1919 3390 1985 ἐγένετο
3433 1919 3544 1982 ζῶα
3589 1920 3783 1991 νοερὰ,
3829 1922 3913 1974 καὶ

2386 2008 2582 2078 ἐκλήθη
2628 2010 2953 2078 Ζωφασημὶν
2982 2009 3092 2081 (55)
3114 2049 3128 2072 ,
3175 2009 3318 2062 τοῦτ’
3351 2008 3493 2060 ἔστιν
3521 2010 3745 2080 ούρανοῦ
3770 2008 3915 2064 κατό-

2387 2115 2535 2150 πται.
2581 2098 2689 2149 Καὶ
2718 2098 3041 2167 ’ἀνεπλάσθη
3095 2099 3291 2168 ὁμοίως
3339 2100 3599 2168 σχήματι”
3654 2101 3747 2154 καὶ
3812 2100 3915 2163 ἐξέ-

2385 2187 2560 2257 λαμψε
2601 2186 2732 2240 Μὼτ
2775 2187 2922 2257 ἦλιύς
2967 2204 3024 2239 τε
3069 2189 3159 2241 καὶ
3200 2188 3427 2258 σελήνη,
3461 2188 3686 2259 ἀστέρες
3730 2207 3789 2241 τε
3833 2190 3917 2241 καὶ

2386 2277 2559 2347 ἄστρα
2586 2277 2809 2346 μεγάλα.
2843 2297 2860 2328 ι
2900 2278 3131 2348 Τοιαύτη
3168 2279 3266 2348 μὲν
3314 2278 3488 2332 αὑτῶν
3517 2280 3550 2348 ἡ
3583 2281 3914 2349 κοσμογονία,

2386 2369 2639 2437 ἀντικρὺς
2671 2368 2931 2439 ἀθεότητα
2966 2369 3269 2438 εἰσάγουσα.
3301 2369 3522 2438 Ἰδωμεν
3564 2369 3618 2421 δὲ
3663 2370 3818 2439 ἑξῆς,
3851 2373 3918 2431 ὼς

2386 2458 2476 2509 καί
2504 2458 2601 2528 τὴν
2632 2458 2918 2525 ζωογονίαν
2949 2459 3240 2528 ὑποστῆναι
3268 2458 3431 2526 λέγει.
3454 2459 3618 2528 Φησὶν
3649 2454 3769 2510 οὑν·
3793 2460 3919 2510 «Καὶ

2384 2546 2476 2598 τοῦ
2498 2547 2656 2619 ἀέρος
2676 2548 3077 2615 διαυγάσαντος,
3105 2549 3193 2602 διά
3227 2549 3463 2618 πύρωσιν
3487 2551 3576 2601 καὶ
3611 2548 3711 2619 τῆς
3737 2550 3922 2602 θαλάσ-

2389 2653 2486 2704 σης
2526 2639 2616 2689 καὶ
2661 2638 2756 2706 τῆς
2783 2639 2883 2706 γῆς
2917 2638 3130 2706 ἐγένετο
3161 2639 3472 2708 πνεύματι,
3507 2639 3600 2692 καὶ
3630 2641 3798 2709 νέφη,
3837 2641 3920 2692 καὶ

2387 2727 2646 2795 οὐρανίων
2679 2726 2884 2779 ὑδάτων
2951 2727 3198 2797 μέγισται
3242 2731 3540 2798 καταφοραὶ
3587 2728 3678 2781 καὶ
3726 2729 3916 2798 χύσεις.

2388 2813 2496 2864 Καὶ
2527 2813 2706 2883 ἐπειδὴ
2733 2815 2992 2885 διεκρίθη,
3023 2817 3115 2868 καὶ
3144 2814 3236 2868 τοῦ
3271 2816 3397 2868 ίδίου
3424 2818 3581 2869 τόπου
3602 2817 3920 2888 διεχωρίσθη

2389 2905 2473 2957 διὰ
2505 2905 2600 2975 τὴν
2644 2906 2736 2958 τοῦ
2784 2907 2933 2976 ήλίου
2968 2906 3241 2977 πύρωσιν,
3275 2908 3368 2960 κα)⁵
3417 2909 3590 2961 πάντα
3634 2912 3925 2980 συνήντησε

2391 2994 2546 3046 πάλιν
2572 2997 2628 3047 ἐν
2654 2995 2771 3065 ἀέρι
2813 2995 2934 3047 τάδε
2968 2997 3137 3049 τοῖσδε
3158 3034 3172 3058 ,
3203 2995 3292 3048 καὶ
3322 2995 3647 3064 συνέρραξαν
3666 3013 3680 3026 '
3717 2995 3926 3066 βρονταί

2389 3100 2446 3134 τε
2475 3084 2902 3154 ἀπετελέσθησαν
2923 3088 3012 3138 καὶ
3037 3085 3459 3156 amputabant
3490 3086 3623 3156 πρὸς
3649 3087 3741 3138 τὸν
3771 3088 3929 3139 witn-

2389 3190 2483 3241 γον
2531 3175 2638 3226 τῶν
2674 3174 2904 3245 βροντῶν
2957 3175 3026 3227 τά
3091 3175 3551 3247 προγεγραμμένα
3603 3177 3767 3247 νοερά
3822 3176 3928 3243 ζῶα

2393 3257 2756 3327 ἐγρηγόρησεν
2802 3261 2896 3311 καὶ
2919 3259 3052 3328 πρὸς
3075 3261 3166 3313 τὸν
3183 3256 3315 3331 ἦχον
3333 3260 3559 3332 ἐπτύρη,
3585 3263 3677 3315 κα1⁵
3710 3263 3925 3333 ἐκινήθη

757 3365 970 3420 gnoque
1023 3350 1291 3403 ruentium
1339 3351 1538 3418 impetu
1585 3351 1882 3406 caelestium
1931 3351 2186 3406 imbrium
2230 3367 2292 3407 ac

2393 3347 2448 3399 ἐν
2474 3364 2530 3400 τε
2558 3350 2628 3417 γῇ
2662 3348 2751 3400 καὶ
2783 3347 3018 3421 θαλάσσῃ
3045 3350 3209 3420 ἄρρεν
3233 3351 3325 3404 καὶ
3357 3350 3506 3421 θῆλυ.
3541 3371 3558 3403 ι
3585 3353 3819 3424 Τοιαύτη
3845 3354 3928 3408 αὑ-

757 3442 1061 3494 nimborum
1117 3439 1407 3494 en'usiones
1444 3440 1694 3494 exstitere
1735 3458 1748 3493 :
1782 3455 1906 3494 cum
1945 3441 2121 3494 autem
2180 3440 2292 3495 haec

2390 3441 2498 3499 τοῖς
2527 3438 2617 3490 καὶ
2647 3439 2680 3507 ἡ
2713 3438 2987 3507 ζωογονία.
3015 3439 3232 3503 Τούτοις
3275 3441 3398 3511 ἐξῆς
3441 3444 3468 3494 ὁ
3505 3442 3664 3505 αὐτὸς
3692 3457 3927 3513 συγγραμ-

760 3532 960 3593 omnia,
989 3545 1107 3598 quae
1139 3530 1386 3583 distincta
1423 3531 1583 3599 paulo
1618 3539 1763 3596 ante,
1790 3546 1852 3584 ac
1885 3541 2098 3599 propter
2134 3532 2295 3585 vehe-

760 3619 1074 3671 mentiorem
1118 3618 1247 3671 solis
1291 3627 1480 3672 aestum
1527 3633 1555 3670 a
1599 3618 1816 3685 propria
1858 3617 1982 3670 sede
2027 3617 2294 3686 disjuncta

761 3707 992 3772 fuerant,
1020 3708 1074 3760 in
1112 3707 1297 3760 eodem
1335 3723 1522 3760 rursus
1549 3722 1669 3761 aere
1697 3717 2100 3773 concurrerent,
2131 3717 2292 3778 atque

761 3799 865 3850 alia
897 3812 1017 3850 cum
1056 3797 1177 3849 aliis
1212 3796 1704 3860 committerentur,
1744 3797 1974 3850 tonitrua
2022 3797 2183 3851 simul
2228 3814 2292 3852 ac

760 3887 970 3957 fulgura
991 3886 1098 3958 34
1117 3902 1398 3956 peperere;
1433 3902 1661 3956 quorum
1703 3888 1765 3939 ad
1794 3890 2086 3940 tonitruum
2113 3887 2292 3957 frago-

760 3994 895 4043 rem,
934 3979 1186 4047 descripti
1226 3986 1384 4032 antea
1417 3977 1939 4048 intellectu,pr:editi
1987 3980 2293 4034 animantes

761 4071 905 4122 velut
943 4083 972 4121 a
1018 4083 1206 4121 somno
1235 4068 1451 4122 excitati
1506 4069 1881 4138 horrendaque
1917 4071 2092 4124 sonitu
2121 4083 2296 4123 exter—

762 4158 874 4222 riti,
905 4173 1080 4211 mares
1125 4157 1325 4224 pariter
1362 4174 1424 4211 ac
1465 4157 1675 4212 feminae
1709 4167 1815 4210 tam
1861 4158 1915 4210 in
1959 4165 2102 4211 terra
2132 4173 2293 4226 quam

764 4248 819 4300 in
872 4248 1006 4300 mari
1054 4247 1256 4300 moveri
1302 4262 1530 4314 coepere.
1562 4265 1580 4297 ι
1631 4247 1904 4316 Ejusmodi
1937 4255 2042 4313 est,
2072 4263 2191 4316 quae
2230 4248 2297 4300 ab

766 4336 885 4392 istis
926 4338 1244 4400 somniatur,
1295 4338 1609 4391 animalium
1645 4338 1955 4406 generatio:
1988 4355 2149 4408 quam
2186 4341 2298 4396 haec

766 4426 1004 4495 ejusdem
1027 4427 1261 4482 auctoris
1286 4429 1446 4482 verba
1477 4429 1788 4496 excipiunt:
1821 4447 1838 4480 ι
1872 4427 1994 4482 Haec
2023 4430 2075 4481 in
2105 4430 2296 4484 Taauti

768 4519 834 4571 de
865 4518 1049 4569 mundi
1082 4527 1199 4570 ortu
1240 4520 1642 4573 commentariis
1672 4520 1864 4587 scripta
1899 4534 2107 4588 reperta
2148 4529 2294 4585 sunt,

767 4621 886 4674 quae
928 4605 1140 4673 quidem
1169 4610 1298 4674 ipse,
1344 4623 1467 4660 cum
1506 4610 1830 4676 argumentis
1867 4618 1919 4662 et
1951 4609 2294 4677 coniecturis,

2392 3530 2521 3595 φεὺς
2559 3529 2827 3599 ἐπιφέρει,
2857 3530 3028 3597 λέγων
3047 3548 3058 3560 ·
3097 3551 3115 3580 ‹
3143 3531 3305 3583 Ταῦθ’
3335 3532 3526 3603 εὑρέθη
3554 3535 3610 3585 ἐν
3640 3537 3706 3603 τῇ
3737 3550 3926 3602 κοσμο-

2391 3618 2542 3688 γονίᾳ
2569 3620 2920 3689 γεγραμμένα
2957 3620 3197 3672 Τααύτου
3219 3661 3232 3686 ,
3275 3622 3377 3675 καὶ
3411 3623 3524 3683 τοῖς
3565 3622 3775 3673 ἐκείνου
3805 3622 3929 3672 ὑπο-

2395 3709 2682 3778 μνήμασιν,
2710 3708 2773 3760 έκ
2811 3726 2866 3760 τε
2905 3709 3218 3779 στοχασμῶν
3246 3710 3338 3763 καὶ
3372 3709 3706 3780 τεκμηρίων,
3734 3705 3810 3762 ὧν
3841 3709 3928 3762 ἐώ-

2396 3814 2554 3866 ρακεν
2581 3799 2740 3851 αὑτοῦ
2766 3800 2797 3868 ἡ
2819 3799 3042 3862 διάνοια,
3067 3802 3159 3852 καὶ
3180 3793 3325 3870 εὗρε,
3348 3801 3438 3852 καὶ
3457 3803 3590 3869 ἡμῖν
3614 3800 3925 3870 ἐφώτισεν.»

2402 3888 2557 3956 Ἑξῆς
2580 3889 2785 3952 τούτοις
2815 3890 3048 3959 ὀνόματα
3074 3890 3179 3942 τῶν
3208 3891 3418 3958 ἀνέμων
3449 3889 3612 3941 εἰπὼν
3638 3891 3812 3942 Νότου
3844 3890 3930 3941 καὶ

2392 3976 2606 4046 Βορέου,
2637 3981 2728 4031 καὶ
2767 3976 2871 4032 τῶν
2900 3980 3131 4043 λοιπῶν,
3157 3979 3421 4047 ἐπιλέγει·
3460 3999 3476 4030 r
3518 3980 3650 4032 Ἀλλ’
3685 3974 3838 4035 οὗτοί
3874 3997 3929 4046 γε

2394 4067 2593 4134 πρῶτοι
2642 4069 2948 4138 ἀφιέρωσαν
2999 4071 3068 4121 τὰ
3112 4069 3211 4138 τῆς
3252 4069 3354 4137 γῆς
3412 4070 3798 4140 βλαστήματα,
3846 4087 3931 4120 και

2394 4155 2546 4218 θεοὺς
2580 4158 2848 4225 ἐνόμισαν,
2879 4159 2971 4210 καὶ
2999 4159 3355 4229 προσεκύνουν
3387 4159 3582 4220 ταῦτα,
3610 4162 3700 4227 ἀφ’
3736 4156 3811 4213 ὧν
3845 4161 3932 4211 αὑ-

2393 4249 2472 4301 τοί
2505 4266 2561 4300 τε
2592 4249 2891 4316 διεγίνοντο,
2925 4251 3016 4301 κα)⁴
3040 4252 3087 4301 οἱ
3119 4251 3389 4319 ἑπόμενοι,
3420 4252 3510 4303 καὶ
3541 4253 3592 4302 οἱ
3617 4251 3724 4320 πρὸ
3759 4250 3931 4302 αὑτῶν

2395 4339 2610 4402 πάντες,
2638 4339 2726 4389 καὶ
2766 4340 2892 4407 χοάς
2919 4340 3010 4392 καὶ
3042 4339 3315 4404 ἐπιθύσεις
3356 4340 3586 4393 ἐποίουν.
3623 4358 3641 4389 ι
3677 4342 3792 4392 Καὶ
3822 4344 3932 4393 ἐπι·

2394 4426 2562 4496 λέγει’
2593 4446 2611 4477 ι
2639 4416 2806 4479 Ᾱὺται
2842 4418 2884 4480 δ*
2931 4425 3069 4496 ἦσαν
3116 4432 3170 4481 αἱ
3211 4429 3438 4481 ἐπίνοιαι
3483 4429 3581 4497 τῆς
3624 4431 3931 4498 προσκυνή-

2396 4535 2548 4580 σεως,
2567 4520 2743 4587 ὅμοιαι
2776 4521 2839 4588 τῇ
2869 4520 3042 4570 αὐτῶν
3068 4517 3333 4588 ἀσθενείᾳ,
3363 4520 3454 4571 καὶ
3478 4518 3653 4588 ψυχῆς
3680 4520 3930 4590 ἀτολμίᾳ.

2395 4605 2526 4661 Εἷτά
2555 4626 2684 4678 φησι
2705 4609 3022 4678 γεγενῆσθαι
3049 4610 3111 4659 ἐκ
3132 4609 3224 4659 τοῦ
3256 4608 3465 4661 Κολπία
3488 4609 3710 4678 ἀνέμου,
3733 4611 3828 4662 καὶ
3851 4627 3936 4675 γυ-

769 4712 902 4765 quas
931 4695 1125 4749 mentis
1162 4696 1275 4748 acie
1314 4697 1630 4763 perviderat,
1668 4699 2022 4767 excogitavit;
2048 4709 2160 4752 tum
2205 4714 2292 4753 eo-

2396 4699 2578 4760 ναικὸς
2617 4697 2779 4750 αὑτοῦ
2826 4697 2966 4749 Βάαν
2991 4739 3005 4761 ,
3057 4696 3211 4748 τοῦτο
3255 4695 3310 4748 δὲ
3361 4696 3526 4750 νύκτα
3586 4699 3933 4768 ἑρμηνεύειν,

771 4801 887 4838 rum
913 4800 1124 4854 quoque
1149 4783 1316 4838 facem
1349 4785 1503 4839 nobis
1533 4787 1816 4854 lumenque
1835 4791 2083 4855 praztltlit.
2121 4807 2139 4840 ι
2172 4788 2296 4843 Mox

771 4874 952 4926 Austri
980 4889 1042 4927 ac
1065 4874 1264 4937 Boreaz,
1305 4883 1721 4942 caeterorumque
1746 4888 2024 4929 ventorum
2059 4877 2297 4930 nomini-

772 4963 871 5016 bus
921 4965 1217 5031 explicatis,
1259 4966 1333 5018 ila
1379 4967 1721 5034 prosequitur
1752 4982 1766 5018 :
1792 4984 1811 5017 ι
1844 4967 1910 5020 At
1942 4969 2016 5021 illi
2056 4969 2298 5022 omnium

771 5055 1038 5122 principes
1072 5066 1223 5108 terra:
1255 5059 1491 5126 germina
1525 5069 1928 5121 consecrarunt,
1958 5060 2130 5128 iisque
2169 5061 2300 5112 deo-

771 5163 888 5200 rum
917 5147 968 5198 in
1007 5146 1126 5199 loco
1154 5147 1349 5201 habitis
1389 5148 1716 5202 adorationis
1739 5149 1941 5202 cultum
1977 5151 2296 5215 tribuerunt,

840 5305 948 5372 (34)
987 5302 1139 5356 Μὼτ.
1183 5301 1430 5367 Fortean,
1460 5306 1737 5359 conveniat
1762 5321 1881 5360 cum
1912 5304 2131 5360 Hebraeo
2157 5317 2298 5370 1:173.

771 5373 1047 5434 declinare,
1082 5372 1208 5432 labi,
1234 5381 1360 5433 etc.,
1393 5374 1469 5424 vel
1494 5383 1623 5435 mn,
1651 5376 1780 5426 mori
1811 5390 1828 5424 :
1852 5375 2111 5441 siquidem
2145 5375 2302 5430 Phce-

773 5441 982 5492 nicibus
1030 5441 1291 5505 corruptio
1320 5451 1432 5503 est;
1474 5447 1612 5508 quod
1644 5454 1817 5496 tamen
1864 5445 1916 5495 in
1961 5445 2108 5496 illum
2140 5443 2301 5498 Rhea:

777 5509 940 5560 tilium
969 5511 1158 5563 melius
1180 5512 1482 5576 quadrabit,
1515 5527 1668 5578 «luem
1705 5513 1839 5564 infra
1894 5514 1997 5564 col.
2031 5513 2123 5572 84,
2150 5515 2297 5566 Μούο

775 5580 1101 5647 nominatum
1161 5588 1253 5640 ait,
1287 5595 1349 5633 ac
1398 5595 1493 5647 pro
1527 5589 1714 5642 morte,
1766 5582 1845 5633 vel
1887 5580 2111 5634 Plutone
2159 5600 2298 5635 sum-

774 5654 941 5715 p_tn_m.
986 5644 1152 5715 Porro
1183 5644 1471 5700 notandum
1519 5657 1621 5708 est,
1649 5653 1884 5709 eamdem
1914 5666 2094 5703 vocem
2125 5651 2293 5715 Μούθ,

778 5713 822 5765 si
850 5710 1446 5787 Piutarchqcredimus,
1479 5726 1697 5787 matrem
1733 5721 1866 5785 apud
1904 5718 2179 5787 Egyptios
2224 5710 2295 5770 si;

785 5783 1078 5850 gniﬁcaSSe.
1128 5781 1214 5838 Sit:
1252 5787 1392 5838 enim
1424 5788 1506 5838 ilh-
1539 5788 1586 5838 in
1625 5781 1822 5838 tndem
1860 5781 2082 5848 Osiridé,
2113 5803 2162 5856 p.
2196 5790 2297 5841 374

2395 4790 2571 4842 Αίῶνα
2603 4789 2694 4839 καὶ
2717 4788 3052 4858 Πρωτόγονον
3085 4788 3305 4856 θνητοὺς
3329 4787 3521 4859 ἄνδρας
3537 4828 3552 4851 ,
3579 4787 3724 4841 οὕτω
3753 4789 3940 4842 καλου-

2397 4881 2609 4950 μένους.
2641 4879 2827 4947 Εὑρεῖν
2857 4878 2911 4930 δὲ
2952 4878 3041 4929 τὸν
3091 4878 3268 4930 Αίῶνα
3299 4878 3395 4948 τὴν
3434 4878 3540 4930 ἀπὺ
3569 4878 3678 4929 τῶν
3712 4879 3936 4946 δένδρων

2396 4972 2617 5040 τροφήν.
2649 4970 2741 5020 Ἐκ
2769 4968 2966 5020 τούτων
2991 4969 3113 5031 τοὺς
3137 4968 3448 5038 γενομένους
3473 4966 3737 5035 κληθῆναι
3762 4968 3934 5027 Γένος,

2401 5061 2494 5112 καὶ
2523 5059 2736 5120 Γενεὲν,
2771 5058 2863 5109 καὶ
2905 5059 3116 5128 οἰκῆσαι
3159 5057 3257 5128 τὴν
3299 5057 3566 5125 Φοινίκην.
3614 5057 3854 5126 Αὑ-χμῶν
3890 5057 3938 5107 δὲ

2403 5149 2732 5219 γενομένων,
2779 5147 2873 5210 τὰς
2917 5150 3097 5216 χεῖρας
3127 5147 3336 5216 ὀρέγειν
3377 5147 3454 5206 εἰς
3497 5133 3761 5214 οὐρανοὺς

2405 5339 2462 5403 Β,
2495 5340 2545 5391 5.
2564 5339 2628 5390 Ἡ
2649 5333 2858 5401 δ’Ἷσις,
2889 5336 3030 5388 ἐστιν
3063 5337 3147 5388 ὅτε
3174 5335 3266 5388 καὶ
3293 5333 3462 5396 Μοὺθ,
3484 5334 3577 5387 καὶ
3603 5335 3770 5388 πάλιν
3790 5335 3940 5386 Ἀθυ-

2407 5426 2476 5475 ρι,
2507 5409 2598 5494 καὶ
2621 5405 2832 5494 Μεθύερ
2861 5405 3330 5490 προσαγορεύουσι,
3353 5403 3412 5471 (f.
3428 5404 3937 5494 Ζτροσαγορεύεταν)

2404 5474 2718 5546 σημαίνουσι
2746 5474 2801 5525 δὲ
2832 5474 2912 5542 τῷ
2934 5474 3129 5542 πρώτῳ
3155 5474 3260 5524 τῶν
3290 5475 3580 5540 ὀνομάτων,
3608 5475 3848 5591 μητέρα,
3872 5474 3941 5553 τῷ

2401 5546 2456 5596 δὲ
2501 5543 2750 5612 δευτέρῳ,
2780 5538 2922 5595 οἷκον
2954 5545 3112 5612 Ὤρου
3144 5543 3393 5612 κόσμιονέ
3424 5541 3562 5612 res:
3588 5559 3656 5612 τρ
3681 5559 3800 5603 τον,
3827 5558 3942 5592 συνο

2403 5614 2550 5665 θετόν
2580 5609 2721 5663 ἐστιν
2744 5613 2804 5662 ἐκ
2826 5629 2882 5662 τε
2904 5610 3007 5663 τοῦ
3023 5609 3277 5681 πλήρους,
3308 5611 3400 5662 καὶ
3425 5609 3514 5661 τοῦ
3529 5609 3737 5681 atrior).

2471 5678 3271 5756 (55')__Zroya0m_dr._(llarum
3325 5688 3444 5738 est,
3495 5678 3554 5729 τὺ
3603 5679 3782 5756 Σημίγ
3829 5693 3941 5756 esse

2400 5761 2564 5809 cura:
2593 5751 2772 5816 Hebr.,
2807 5751 2977 5812 caelos,
2999 5750 3158 5816 Ζωφά
3185 5764 3326 5814 vero,
3351 5756 3482 5812 ΓΕΒ,
3507 5748 3874 5814 contemplari.
