3980 6338
737 430 802 484 79
1384 423 1649 480 EUSEBll
1689 422 2163 478 CESARIENSIS
2197 424 2339 478 OPP.
2383 424 2559 479 PARS
2596 422 2657 476 11.
2699 451 2768 463 -
2808 418 3277 475 APOLOGETICA
3841 412 3901 465 80

734 545 986 599 imbrium
1022 552 1407 620 ventorumque
1445 550 1755 610 tempestate
1781 549 1962 593 coorta
1988 580 2002 601 ,
2046 555 2110 593 ex
2142 539 2267 607 T-_vri

2380 540 2500 607 ,τοὺς
2554 538 2714 591 αὑτοῦ
2771 538 2977 607 τοίχους
3027 537 3183 604 φασὶν
3228 534 3505 603 ἐπινοῆσαι
3549 531 3613 583 ὲκ
3660 529 3905 585 πλίνθων.

735 636 986 689 arborum
1015 632 1287 687 collisione
1320 632 1459 699 ignis
1488 630 1796 691 exarsisset,
1824 644 2046 696 qumque
2078 629 2270 681 ibidem

736 732 851 775 erat
884 722 1085 791 sylvam
1118 718 1467 779 incendisset,
1510 718 1697 770 arbore
1730 716 1885 783 cujus
1937 723 2058 767 ante
2091 730 2271 768 ramos

738 819 1061 880 amputarat,
1090 810 1283 878 navigii
1305 810 1423 862 loco
1456 823 1585 861 usus
1614 821 1949 873 nequaquam
1975 820 2091 858 sese
2138 805 2271 856 mari

739 906 886 959 nullo
909 904 1028 957 licet
1060 903 1304 971 exemplo
1345 900 1678 955 committere
1707 898 1985 951 dubitavit.
2020 897 2273 950 Geminos

740 1011 951 1065 quoque
971 996 1156 1063 cippos
1186 1009 1305 1047 cum
1338 993 1444 1061 igni
1473 1000 1735 1059 ventoque
1771 990 2092 1049 dedicasset,
2144 1003 2269 1041 mox

739 1086 951 1153 utrique
1000 1082 1329 1137 adorationis
1360 1082 1561 1135 cultum
1600 1080 1870 1143 exhibuit,
1910 1094 2153 1149 quasque
2184 1094 2273 1133 vc-

741 1176 917 1229 nando
943 1183 1156 1244 ceperat
1186 1172 1421 1229 ferarum
1452 1172 1763 1241 sanguinem
1798 1172 2004 1224 libavit.
2061 1169 2273 1224 Postea-

740 1282 897 1336 quam
933 1276 1109 1320 autem
1141 1279 1449 1335 supremum
1492 1263 1578 1316 isti
1612 1277 1796 1317 omnes
1824 1262 1963 1316 diem
1993 1262 2271 1327 obiissent,

740 1359 831 1427 qui
862 1358 1195 1426 superstites,
1230 1355 1423 1423 inquit,
1464 1368 1765 1405 remansere
1795 1394 1810 1417 ,
1857 1353 2034 1420 virgas
2069 1367 2130 1405 ac
2159 1352 2272 1417 cip-

741 1464 839 1516 pos
861 1448 914 1500 in
937 1462 1122 1501 eorum
1156 1447 1412 1499 honorem
1442 1453 1783 1499 consecratos
1836 1446 2163 1507 adorarunt,
2198 1440 2275 1495 fe-

744 1547 960 1605 stosque
988 1537 1102 1589 dies
1124 1534 1347 1589 solemni
1374 1534 1477 1587 ritu
1514 1534 1800 1603 quotannis
1833 1542 2174 1603 peregerunt.
2209 1533 2276 1585 At

742 1643 871 1681 vero
905 1628 1088 1681 multis
1114 1636 1237 1695 post
1267 1627 1476 1681 saeculis
1499 1666 1515 1690 ,
1544 1642 1605 1680 ex
1646 1627 1789 1680 illius
1825 1624 2150 1694 Hypsuranii
2184 1638 2273 1678 so-

743 1715 864 1767 bole
887 1712 1120 1767 Venator
1153 1728 1214 1767 ac
1248 1712 1485 1767 Piscator
1512 1715 1621 1767 nati
1648 1723 1793 1776 sunt,
1830 1714 1920 1783 qui
1964 1713 2277 1783 piscationis

745 1820 806 1857 ac
838 1804 1137 1858 venationis
1164 1813 1327 1857 artem
1352 1805 1622 1868 invenere,
1646 1820 1708 1859 ac
1726 1806 1818 1858 toti
1841 1806 2164 1873 piscatorum
2191 1820 2277 1858 ve—

746 1904 1099 1965 notorumque
1132 1896 1333 1949 nationi
1373 1912 1527 1949 suum
1559 1904 1743 1965 postea
1779 1910 1975 1949 nomen
2017 1895 2274 1949 indidere.
2311 1883 2349 1936 Β

744 1986 823 2037 ΑΙ)
845 1986 1029 2039 iisdem
1066 1985 1257 2054 fratres
1282 1987 1541 2055 procreati
1567 1987 1696 2050 duo,
1725 1987 1818 2055 qui
1844 1986 2043 2039 ferrum
2059 2000 2123 2039 ac
2149 1986 2279 2039 mul-

743 2076 979 2145 tiplicem
1010 2076 1137 2131 ferr‘i
1169 2093 1326 2131 usum
1358 2092 1621 2146 reperere.
1672 2074 1910 2142 Quorum
1944 2076 2079 2130 alter
2110 2076 2279 2145 Chry—

743 2183 836 2221 sor
865 2169 1101 2232 nomine,
1135 2184 1291 2237 quem
1325 2166 1621 2222 Vulcanum
1670 2182 1789 2223 esse
1838 2168 1953 2233 ait,
1987 2168 2276 2236 plurimum

744 2275 919 2328 opera:
946 2276 1009 2314 ac
1040 2261 1201 2316 studii
1254 2262 1448 2331 partim
1503 2261 1556 2314 in
1612 2260 1937 2331 eloquentia,
1974 2261 2169 2330 partim
2224 2261 2276 2314 in

744 2354 1084 2408 cantionibus
1116 2370 1178 2408 ac
1192 2352 1462 2408 divinandi
1488 2356 1690 2407 artibus
1714 2354 2011 2408 collocavit.
2043 2352 2093 2407 Is
2118 2356 2275 2408 etiam

746 2444 961 2497 hamum
991 2454 1149 2513 atque
1179 2459 1376 2506 escam,
1401 2445 1723 2514 piscatorum
1756 2444 1973 2508 lineam,
2006 2460 2066 2496 ac
2092 2443 2280 2497 tumul-

744 2537 948 2591 tua'rias
970 2548 1113 2594 rates
1141 2537 1359 2602 invenit,
1384 2538 1694 2606 primusque
1712 2536 2013 2588 mortalium
2038 2536 2277 2588 omnium

742 2628 1024 2698 navigavit.
1050 2628 1409 2693 Quamobrem
1434 2643 1555 2684 eum
1584 2643 1798 2695 quoque
1828 2638 1948 2697 post
1973 2629 2177 2681 obitum
2207 2628 2282 2681 in-

744 2732 853 2769 star
882 2718 969 2770 Dei
1023 2719 1335 2782 coluerunt,
1390 2717 1673 2786 ipsumque
1712 2726 1964 2784 praeterea
1998 2716 2279 2770 Diamiehii

745 2811 960 2864 nomine
985 2811 1348 2879 appellarunt;
1387 2824 1483 2862 nec
1510 2812 1703 2862 desunt
1736 2808 1894 2861 etiam
1919 2809 2010 2877 qui
2035 2808 2102 2861 ab
2135 2808 2281 2876 ejus—

745 2906 861 2957 dem
898 2903 1151 2957 fratribus
1180 2904 1557 2956 struendorum
1588 2918 1651 2957 ex
1695 2902 1952 2957 lateribus
2002 2918 2279 2957 murorum

744 3009 809 3047 ac
834 2993 1093 3062 parietum
1115 2992 1372 3045 rationem
1426 2993 1773 3060 excogitatam
1819 3008 1940 3045 esse
1985 2992 2167 3049 velint.
2202 2992 2281 3047 Ab

744 3085 979 3153 ejusdem
1005 3084 1231 3151 posteris
1263 3083 1423 3151 geniti
1468 3083 1834 3137 adulescentes
1868 3084 1973 3136 duo
2002 3124 2015 3146 ,
2051 3098 2277 3151 quorum

749 3193 886 3230 unus
919 3175 1139 3239 Artifex,
1171 3176 1301 3227 alter
1334 3191 1459 3227 vero
1490 3176 1761 3229 terrestris
1798 3174 2045 3244 lndigena
2082 3192 2282 3229 nuncu-

747 3280 920 3336 patus.
948 3267 1009 3320 Hi
1044 3268 1454 3336 quisquiliarum
1483 3283 1603 3321 cum
1653 3268 1884 3321 lateritio
1912 3268 2024 3321 luto
2054 3270 2282 3321 miscen-

748 3362 961 3423 darum,
1008 3360 1289 3425 utriusque
1320 3373 1444 3411 vero
1472 3358 1599 3412 solis
1628 3358 1804 3412 calore
1827 3359 2131 3412 exsiccandi
2163 3400 2176 3421 ,
2221 3374 2281 3412 ac

749 3458 1010 3501 tectorum
1070 3448 1271 3499 aedibus
1315 3447 1754 3515 imponendorum
1814 3457 2058 3501 auctores
2111 3448 2279 3502 fuere.

751 3541 894 3592 Alios
926 3541 1047 3591 item
1080 3539 1213 3593 duos
1260 3548 1623 3607 procrearunt,
1661 3554 1886 3607 quorum
1923 3556 2061 3593 unus
2112 3540 2280 3609 Agri,

748 3632 881 3683 alter
906 3630 1106 3683 Rustici
1147 3631 1258 3685 sive
1289 3632 1532 3698 agricolae
1562 3646 1755 3683 nomen
1810 3631 2029 3701 accepit.
2063 3630 2127 3687 Et
2160 3632 2282 3685 huic

749 3722 962 3788 quidem
990 3720 1332 3780 simulacrum
1361 3723 1557 3775 eximio
1581 3724 1724 3777 cultu
1741 3724 2039 3778 dedicatum
2070 3736 2169 3789 est,
2197 3725 2286 3779 ad-

749 3812 859 3865 dito
887 3826 1099 3879 quoque
1132 3810 1186 3862 in
1239 3809 1492 3864 Phteuice
1524 3814 1740 3880 templo,
1799 3816 1939 3879 quod
1984 3817 2051 3869 ab
2081 3818 2285 3885 aliquot

746 3905 1049 3970 jugatorum
1085 3902 1244 3954 boum
1277 3901 1492 3969 paribus
1517 3904 1853 3972 gestabatur:
1888 3906 2013 3972 quin
2036 3908 2197 3960 etiam
2229 3908 2279 3959 in

748 4003 983 4046 veterum
1028 3993 1179 4046 libris
1226 3994 1447 4046 deorum
1481 3994 1748 4047 maximus
1770 3996 1941 4065 elogio
1973 3997 2125 4063 plane
2173 3999 2283 4051 sin—

749 4082 917 4150 gulari
951 4084 1273 4137 nominatur.
1302 4086 1472 4139 Ambo
1499 4096 1747 4152 praeterea
1766 4090 2136 4143 construendis
2166 4090 2285 4144 mdi-

749 4175 851 4228 bus
880 4188 987 4227 non
1012 4174 1184 4228 solum
1215 4177 1378 4239 atria,
1407 4192 1590 4231 verum
1634 4180 1793 4232 etiam
1823 4179 1981 4234 ducta
2012 4179 2063 4232 in
2100 4182 2281 4236 orbem

750 4274 901 4335 septa
926 4280 1045 4317 cum
1078 4265 1345 4335 speluncis
1378 4267 1641 4323 addidere.
1670 4270 1751 4322 Ab
1780 4270 1843 4324 iis
1890 4280 1995 4324 tam
2027 4271 2285 4340 agricola-

752 4372 891 4418 rum,
916 4370 1074 4424 quam
1107 4365 1440 4417 venatorum,
1485 4356 1577 4424 qui
1608 4360 1831 4413 canibus
1864 4370 2164 4423 uterentur,
2190 4376 2282 4429 ge-

750 4462 853 4499 nus
891 4454 1258 4515 propagatum.
1311 4446 1502 4501 Iisdem
1534 4446 1798 4503 Erronum
1841 4466 1904 4503 ac
1933 4449 2183 4504 Titanum
2214 4461 2287 4505 at-

2376 630 2507 700 μετὰ
2534 631 2700 683 ταῦτα
2733 632 2794 682 ὲκ
2823 629 2916 681 τοῦ
2943 628 3127 695 γένους
3160 625 3345 679 τούτου
3388 620 3635 690 γενέσθαι
3676 619 3907 681 νεανίδας

2373 722 2481 783 δύο,
2530 721 2804 773 καλεῖσθαι
2848 721 2903 771 δὲ
2948 717 3124 771 αὐτῶν
3168 716 3256 769 τὸν
3300 716 3395 786 μὲν
3434 712 3711 783 Τεχνίτην,
3743 710 3830 762 τὸν
3857 710 3907 761 δὲ

2376 815 2556 882 γήϊνον
2599 811 2914 881 Ᾱύτόχθονα.
2960 803 3117 861 Οὗτοι
3163 807 3458 876 ἐπενόησαν
3493 804 3571 874 τῷ
3616 801 3768 873 πηλῷ
3820 802 3907 869 τῆς

2374 904 2589 956 πλίνθου
2635 901 2986 974 συμμιγνύειν
3016 900 3263 972 φορυτδν,
3296 898 3389 951 καὶ
3417 896 3490 966 τῷ
3518 894 3652 965 ἡλίῳ
3694 892 3856 955 αὐτὰς
3884 904 3905 930 ι

2372 998 2687 1067 τερσαίνειν,
2727 995 2859 1047 ἀλλά
2899 994 2988 1045 καὶ
3036 992 3227 1059 στέγας
3258 988 3493 1060 ἐξεῦρον.
3549 986 3677 1037 Ἀπὸ
3718 982 3911 1036 τούτων

2373 1088 2612 1151 ἐγένοντο
2664 1088 2855 1158 ἕτεροι,
2898 1080 2971 1138 ὧν
3021 1086 3048 1136 6
3103 1083 3199 1153 μὲν
3260 1080 3447 1151 Ἀγρὸς
3490 1077 3748 1139 ἐκαλεῖτο,
3786 1077 3813 1128 6
3861 1075 3910 1128 δὲ

2385 1179 2707 1249 Ἀγρούηρος
2745 1178 2777 1245 ἢ
2828 1175 3105 1246 Ἀγρότης,
3151 1167 3211 1226 οὗ
3250 1172 3342 1225 καὶ
3388 1170 3567 1233 ξόανον
3600 1164 3733 1221 εἶναι
3778 1166 3910 1236 μάλα

2376 1268 2680 1337 σεϐάσμιον,
2734 1268 2826 1319 καὶ
2892 1266 3014 1318 ναὸν
3054 1264 3513 1334 ζυγοφορούμενον
3561 1261 3619 1313 ἐν
3662 1258 3906 1329 Φοινίκῃ·

2375 1357 2521 1427 παρὰ
2541 1357 2596 1409 δὲ
2623 1356 2841 1425 βιϐλίοις
2864 1354 2973 1425 (58)
3001 1353 3287 1424 ἐξαιρέτως
3316 1351 3450 1403 θεῶν
3478 1351 3505 1400 ὁ
3535 1349 3783 1419 μέγιστος
3807 1348 3912 1398 ὀνο-

2379 1446 2621 1516 μάζεται.
2660 1446 2982 1513 Ἐπενόησαν
3008 1444 3063 1496 δὲ
3091 1439 3230 1505 οὗτοι
3264 1442 3425 1504 αὐλὰς
3446 1438 3786 1511 προστιθέναι
3812 1440 3913 1498 τοῖς

2376 1539 2561 1601 οἴκοις,
2604 1539 2694 1589 καὶ
2743 1536 3091 1608 περιϐόλαια,
3134 1532 3515 1603 καὶσπήλαια.
3578 1530 3673 1582 Ἐκ
3718 1528 3909 1579 τούτων

2377 1630 2600 1699 ἀγρόται
2627 1630 2717 1681 καὶ
2747 1627 2988 1698 κυνηγοί.
3033 1620 3192 1680 Οὗτοι
3236 1626 3292 1679 δὲ
3324 1626 3414 1677 καὶ
3452 1622 3665 1693 Ἀλῆται
3706 1620 3797 1673 καὶ
3828 1618 3912 1668 Τι-

2376 1724 2533 1782 τᾶνες
2571 1719 2869 1771 καλοῦνται.
2929 1720 3057 1770 Ἀπὸ
3112 1717 3313 1769 τούτων
3368 1712 3614 1783 γενέσθαι
3700 1707 3911 1778 Ἀμύνον

2379 1812 2469 1865 καὶ
2497 1812 2703 1878 Μάγον,
2746 1810 2793 1861 οἳ
2830 1809 3134 1873 κατέδειξαν
3164 1808 3350 1876 κῶμας
3378 1805 3468 1859 καὶ
3500 1803 3747 1871 ποίμνας.
3788 1794 3911 1852 ’Ᾱπδ

2377 1900 2577 1952 τούτων
2622 1899 2866 1967 γενέσθαι
2908 1897 3099 1967 Μισὼρ
3146 1898 3239 1949 καὶ
3285 1895 3455 1947 Συδὺκ
3492 1892 3620 1959 (59),
3651 1892 3911 1943 τουτέστιν

2377 1990 2592 2043 εὔλυτον
2622 1991 2715 2043 καὶ
2740 1989 2960 2041 δίκαιον.
3003 1985 3157 2043 Οὗτοι
3198 1988 3295 2056 τὴν
3333 1985 3424 2038 τοῦ
3461 1984 3584 2046 ἁλὸς
3614 1983 3803 2053 χρῆσιν
3834 1978 3914 2032 εἶμί

2378 2099 2486 2152 ρον.
2537 2080 2666 2133 Ἀπὸ
2700 2079 2891 2151 Μισὼρ
2921 2080 3180 2141 Τάαυτος,
3211 2079 3267 2140 ὃς
3289 2072 3409 2147 εὗρε
3438 2076 3531 2145 τὴν
3560 2075 3666 2127 τῶν
3696 2073 3911 2144 πρώτων

2377 2173 2648 2243 στοιχείων
2697 2175 2945 2243 γραφήν·
2999 2172 3054 2224 ὃν
3101 2172 3381 2239 Αἰγύπτιοι
3434 2170 3530 2239 μὲν
3572 2166 3739 2238 Θωὼρ
3788 2166 3909 2235 (40).

2391 2264 2751 2336 Ἀλεξανδρεῖς
2791 2266 2844 2317 δὲ
2887 2263 3062 2326 Θωῢθ,
3105 2263 3359 2333 ’Έλληνες
3402 2262 3457 2314 δὲ
3496 2260 3695 2331 Ἑρμῆν
3733 2260 3911 2311 ἐκάλε-

2379 2375 2505 2412 σαν’
2540 2360 2603 2410 ὲκ
2644 2356 2699 2409 δὲ
2738 2355 2828 2408 τοῦ
2877 2356 3071 2419 Συδὺκ,
3121 2352 3514 2424 Διόσκουροι,ἢ
3561 2351 3836 2422 Καϐειροὶ,
3882 2348 3912 2418 ἦ

2380 2448 2736 2518 Κορύϐαντες,
2786 2449 2818 2520 ἢ
2869 2446 3231 2518 Σαμοθρᾷκες.
3290 2436 3467 2508 Οὗτοι,
3522 2444 3673 2513 φησὶ,
3719 2442 3912 2514 πρῶτοι

2378 2542 2556 2593 πλοῖον
2602 2534 2773 2609 εὗρον.
2818 2539 2910 2591 Ἐκ
2946 2536 3145 2591 τούτων
3183 2537 3463 2604 γεγόνασιν
3500 2534 3695 2605 ἕτεροι,
3737 2533 3785 2585 οἶ
3832 2535 3913 2585 καὶ

2380 2628 2600 2702 βοτάνας
2630 2627 2804 2702 εὗρον,
2836 2631 2927 2682 καὶ
2951 2629 3050 2698 τὴν
3075 2628 3179 2680 τῶν
3207 2626 3441 2680 δακετῶν
3476 2630 3639 2689 ἴασιν,
3667 2628 3759 2680 καὶ
3782 2629 3913 2695 ὲπῳ·

2384 2725 2499 2784 δάς.
2535 2722 2688 2774 Κατὰ
2730 2722 2949 2783 τούτους
2975 2719 3178 2787 γίνεται
3229 2736 3309 2781 τις
3352 2719 3553 2772 Ἐλιοὶν
3601 2719 3912 2790 καλούμενος

2382 2813 2658 2882 ’Υψιστος,
2692 2812 2783 2864 καὶ
2812 2810 2994 2881 θήλεια
3018 2810 3280 2880 λεγομένη
3308 2809 3536 2879 Βηροὺθ,
3555 2811 3603 2862 οἳ
3629 2812 3719 2862 καὶ
3750 2810 3913 2877 κατῴ-

2383 2920 2505 2955 κουν
2540 2904 2666 2975 περὶ
2690 2902 2907 2964 Βύϐλον,
2936 2901 2993 2965 ἐξ
3024 2895 3095 2954 ὧν
3121 2902 3370 2968 γεννᾶται
3403 2900 3665 2966 Ἐπίγειος
3692 2900 3722 2968 ἢ
3759 2899 3912 2951 Λύτό-

2380 2992 2539 3061 χθων,
2558 2992 2614 3046 ὃν
2641 2992 2859 3063 ὕστερον
2884 2992 3140 3045 ἐκάλεσαν
3163 2991 3415 3062 Οὐρανόν·
3436 2990 3511 3053 ὡς
3540 2991 3631 3043 ἀπ’
3653 2990 3811 3043 αὑτοῦ
3832 2990 3912 3043 καὶ

2378 3084 2438 3135 τὸ
2468 3085 2605 3153 ὑπὲρ
2634 3085 2778 3153 ἡμᾶς
2813 3086 3089 3153 στοιχεῖον,
3120 3084 3187 3136 δι’
3228 3082 3526 3153 ὑπερϐολὴν
3560 3084 3651 3135 τοῦ
3698 3084 3911 3142 κάλλους

2381 3177 2661 3246 ὀνομάζειν
2691 3175 2934 3244 οὐρανόν.
2963 3176 3217 3227 Γεννᾶται
3238 3175 3294 3226 δὲ
3321 3174 3488 3242 τούτῳ
3515 3173 3711 3243 ἀδελφὴ
3734 3176 3795 3225 ὲκ
3816 3173 3912 3225 τῶν

2382 3266 2805 3337 προειρημένων,
2836 3267 2869 3335 ἢ
2910 3267 3001 3319 καὶ
3030 3265 3230 3335 ἐκλήθη
3262 3264 3356 3335 Γῆ,
3388 3265 3479 3317 κα).
3506 3264 3591 3316 διὰ
3624 3264 3681 3316 τὸ
3710 3263 3911 3325 κάλλος,

2380 3359 2472 3410 ἀπ’
2502 3359 2688 3426 αὐτῆς,
2728 3361 2912 3427 φησιν,
2943 3357 3201 3411 ἐκάλεσαν
3241 3358 3337 3428 τὴν
3381 3355 3662 3427 ὁμώνυμον
3700 3358 3819 3427 γῆν.
3860 3355 3910 3405 Ὀ

2380 3448 2435 3499 δὲ
2478 3448 2679 3499 τούτων
2722 3447 2900 3517 πατὴρ
2949 3449 2975 3499 6
3024 3446 3279 3516 Ὕψιστος
3318 3448 3380 3499 ἐκ
3425 3446 3695 3517 συμϐολῆς
3724 3444 3910 3517 θηρίων

2380 3539 2697 3610 τελευτήσας
2727 3538 3021 3610 ἀφιερώθη,
3052 3533 3094 3606 ᾦ
3125 3540 3213 3591 καὶ
3246 3539 3372 3609 χοὰς
3401 3540 3491 3591 καὶ
3521 3538 3709 3601 θυσίας
3737 3540 3781 3589 οἱ
3809 3538 3913 3586 παῖ-

2380 3629 2465 3692 δες
2507 3632 2768 3683 ἐτέλεσαν.
2805 3630 3130 3701 Παραλαϐὼν
3160 3630 3213 3683 δὲ
3246 3634 3272 3683 6
3306 3630 3541 3701 Οὐρανὸς
3571 3628 3664 3698 τὴν
3696 3628 3785 3679 τοῦ
3821 3643 3911 3677 πα-

2380 3723 2504 3792 τρὸς
2528 3722 2716 3792 ἀρχὴν,
2740 3723 2924 3790 ἄγεται
2955 3722 3086 3791 πρὸς
3108 3723 3279 3790 γάμον
3306 3720 3400 3789 τὴν
3428 3718 3655 3788 ἀδελφὴν
3682 3719 3804 3788 Γῆν,
3835 3719 3911 3767 καὶ

2382 3816 2609 3864 ποιεῖται
2641 3814 2695 3879 ἐξ
2729 3814 2893 3881 αὐτῆς
2925 3814 3114 3875 παῖδας
3144 3810 3205 3874 δ’,
3258 3806 3420 3873 Ἶλον,
3453 3811 3508 3863 ὃν
3566 3812 3659 3865 καὶ
3701 3811 3908 3883 Κρόνον,

2382 3908 2471 3959 καὶ
2518 3907 2757 3969 Βέτυλον,
2809 3908 2899 3959 καὶ
2944 3905 3129 3974 Δαγὼν
3178 3908 3309 3973 (41),
3358 3907 3415 3969 ὃς
3460 3908 3574 3958 ἐστι
3618 3907 3801 3967 Σίτων,
3834 3907 3910 3957 καὶ

2387 4002 2670 4052 Ἄτλαντα.
2700 4001 2805 4052 Καὶ
2838 4001 2895 4063 ἐξ
2923 4001 3089 4054 ἄλλων
3117 4000 3173 4051 δὲ
3200 3999 3444 4068 γαμετῶν
3472 4002 3500 4053 6
3531 4000 3771 4071 Οὐρανὸς
3801 3998 3910 4049 πολ·

2382 4094 2475 4164 λὴν
2505 4094 2625 4162 έσχε
2649 4093 2856 4158 γενεάν.
2890 4094 2977 4144 Διὸ
3015 4093 3104 4144 καὶ
3128 4092 3516 4160 χαλεπαίνουσα
3544 4094 3576 4161 ἠ
3601 4092 3699 4160 Γῆ,
3726 4092 3811 4143 τὸν
3831 4091 3933 4143 Ούέν

2383 4184 2537 4256 ρανὸν
2569 4184 2934 4253 ζηλοτυποῦσα
2963 4184 3231 4247 ἐκάκιζεν,
3258 4183 3329 4246 ὡς
3360 4186 3451 4236 καὶ
3473 4184 3745 4253 διαστῆναι
3770 4183 3909 4251 ἀλλή-

2380 4276 2503 4330 λων.
2546 4277 2601 4329 '0
2628 4276 2681 4328 δὲ
2716 4277 2948 4347 Οὐρανὸς
2986 4278 3339 4347 ἀποχωρήσας
3385 4277 3571 4345 αὐτῆς,
3615 4276 3748 4347 μετὰ
3786 4274 3907 4344 βίας,

2380 4370 2465 4421 ὅτε
2504 4369 2595 4421 καὶ
2632 4368 2875 4422 ἐϐούλετο
2907 4368 3090 4431 ἐπιὼν,
3116 4369 3205 4421 καὶ
3240 4368 3547 4437 πλησιάζων
3588 4368 3745 4438 αὐτῇ,
3768 4366 3907 4418 πάλιν

2382 4450 2762 4530 ἀπηλλάττετο.
2800 4460 3101 4529 Ἐπεχείρει
3121 4460 3175 4512 δὲ
3202 4460 3436 4522 καὶτοὺς
3464 4458 3522 4522 ἐξ
3544 4458 3709 4528 αὐτῆς
3734 4458 3907 4516 παῖδας

750 4537 1008 4589 tributum
1047 4550 1258 4588 nomen.
1295 4533 1459 4590 Filios
1492 4538 1753 4606 reliquere
1785 4538 2048 4609 Amynum
2098 4548 2149 4592 et
2179 4538 2280 4593 Ma-

2380 4550 2723 4620 διαφθείρειν,
2752 4551 2848 4620 τὴν
2880 4552 2933 4602 δὲ
2956 4552 3059 4619 Γῆν
3081 4550 3382 4620 ἀμύνασθαι
3406 4551 3679 4617 πολλάκις,
3714 4566 3907 4619 συμμα-

750 4644 873 4696 gum
908 4667 921 4691 ,
969 4625 1164 4698 quibus
1206 4627 1455 4681 villarum
1501 4644 1826 4697 gregumque
1858 4632 2170 4685 alendorum
2205 4646 2286 4684 ra-

750 4720 922 4772 tiones
951 4716 1195 4772 feruntur
1220 4728 1465 4788 acceptaz.
1515 4720 1621 4790 36
1644 4720 1721 4773 Ex
1761 4721 1875 4777 istis
1910 4724 2019 4776 nati
2045 4722 2208 4776 Miser
2230 4731 2284 4777 et

753 4806 943 4876 Sydyc,
971 4809 1071 4864 hoc
1097 4819 1180 4865 est
1206 4808 1395 4865 Solutu
1444 4810 1658 4882 facilis:
1701 4827 1762 4865 ac
1788 4810 1997 4877 Justus,
2032 4814 2124 4883 qui
2157 4815 2285 4869 salis

754 4912 910 4950 nsum
938 4914 1205 4968 reperere.
1234 4895 1399 4959 Μῆδοι
1429 4902 1595 4957 filium
1632 4903 1894 4958 Taautum
1944 4908 2131 4961 habuit
2183 4907 2287 4976 pri-

758 5003 965 5039 morum
990 4991 1039 5041 in
1054 4993 1331 5047 scribendo
1351 4995 1731 5049 elementorum
1756 4996 2103 5063 inventorem,
2130 5014 2286 5066 quem

762 5077 991 5149 (Egyptii
1014 5077 1213 5148 Tlioor,
1239 5087 1581 5141 Alexandrini
1615 5086 1844 5158 Thoyth,
1886 5088 2053 5144 Graeci
2083 5091 2287 5146 Mercu-

825 5231 849 5257 ι
887 5218 972 5269 Ἵσ
1004 5222 1158 5273 αύτα.

815 5376 935 5456 ,(58)
974 5379 1248 5459 Βιᾷλίοις.
1283 5378 1440 5459 Forte
1485 5385 1770 5459 reponend.
1806 5385 2063 5449 Βυϐλίοις,
2091 5398 2145 5441 ut
2185 5388 2286 5459 By-

757 5446 1157 5523 bliosﬁpopulos,
1186 5464 1289 5502 non
1310 5452 1482 5523 libi-ns
1514 5446 1783 5523 intelligat.

826 5515 933 5589 (69)
966 5515 1180 5589 _Mt0‘d)p
1228 5520 1324 5572 καὶ
1367 5520 1579 5572 Συδύκ.
1628 5515 1840 5577 ΙΙὲὺιτειι
1897 5536 2037 5589 sunt,
2098 5536 2282 5585 ητιτηο

756 5585 1040 5657 rectitude;
1069 5597 1122 5657 et
1144 5595 1275 5657 βτί,
1300 5590 1497 5657 justus.

824 5654 929 5721 (40)
1188 5654 1356 5733 Nunt.
1380 5662 1487 5733 leg;
1514 5660 1652 5722 Θώθ,
1686 5664 1895 5729 melius,
1925 5674 1982 5716 ut
2010 5665 2277 5733 arbitror;

753 5728 961 5776 tametsi
989 5737 1281 5789 permutata
1309 5731 1392 5782 hic
1425 5728 1791 5797 Egyptiorum
1822 5728 2281 5785 etAlexandrinol

754 5809 869 5845 rum
931 5808 1143 5846 nomina
1196 5798 1357 5852 videri
1408 5812 1633 5867 possunt.
1673 5799 1841 5867 Supra
1883 5804 2023 5855 enim
2080 5817 2194 5871 cap.
2223 5802 2276 5866 9,

2382 4637 2499 4704 χὶαν
2540 4638 2672 4707 αὐτῇ
2708 4636 3115 4707 συλλεξνιμένην.
3154 4639 3244 4701 Et;
3290 4638 3482 4709 ἄνδρας
3507 4640 3562 4692 δὲ
3592 4639 3853 4709 προελθὼν
3886 4638 3909 4686 ὁ

2384 4730 2623 4799 Κρόνος,
2700 4728 2869 4799 Ἑρμῇ
2920 4728 2999 4798 τῷ
3060 4730 3434 4801 Τρισμεγίστῳ
3494 4730 3776 4801 συμϐούλῳ
3829 4728 3907 4779 καὶ

2387 4821 2561 4891 βοηθῷ
2601 4816 3073 4890 χρώμεως,νοῦτος
3103 4820 3207 4890 γὰρ
3243 4816 3309 4891 ἦν
3352 4821 3511 4874 αὐτοῦ
3548 4819 3904 4890 γραμματεὺς.

2385 4912 2474 4964 τὸν
2504 4914 2711 4982 πατέρα
2757 4912 2993 4981 Οὐρανὸν
3022 4912 3304 4981 ἀμύνεται,
3334 4914 3587 4983 τιμωρῶν
3628 4916 3695 4983 τῇ
3740 4910 3901 4981 μητρί.

2388 5003 2590 5070 Κρόνου
2631 5003 2686 5055 δὲ
2736 5002 2968 5068 γίνονται
2992 5002 3198 5064 παῖδες,
3235 5002 3541 5073 Περσεφόνη
3572 5004 3662 5054 καὶ
3710 5000 3902 5068 Ἀθηνᾶ.

2397 5094 2457 5146 Ἦ
2484 5094 2578 5162 μὲν
2606 5091 2697 5146 οὖν
2737 5092 2920 5162 πρώτη
2955 5093 3215 5164 παρθένος
3242 5094 3511 5146 ἐτελεύτα·
3542 5094 3641 5164 τῆς
3664 5094 3723 5147 δὲ
3771 5092 3905 5160 Ἀθη-

2391 5390 2516 5461 sub,
2538 5390 2717 5461 finem,
2758 5387 2963 5459 Tboylh
3017 5390 3299 5461 Egyptiis,
3331 5389 3505 5445 Tboth
3540 5407 3667 5448 vero
3695 5394 3902 5450 Alexan-

2383 5460 2549 5512 drinis
2576 5460 2859 5523 tribuerat;
2896 5462 2977 5513 hic
3007 5473 3209 5514 contra.

2453 5528 2558 5595 (41)
2598 5527 2812 5596 Δαγὼν.
2855 5528 3132 5583 Ηοὺτιθιιηι
3164 5542 3244 5585 est
3281 5538 3384 5598 τῇ,
3417 5532 3765 5598 frumentum;
3793 5543 3896 5591 nam

2379 5608 2432 5685 et
2480 5600 2587 5685 hic!
2617 5598 3134 5685 airmv‘explicaturlz
3167 5598 3340 5685 ct'phl
3384 5602 3471 5685 ille
3524 5601 3895 5685 Philistzorum

2380 5669 2531 5729 deus,
2566 5668 2812 5719 frumenti
2839 5685 3053 5735 praeses.
3082 5669 3199 5726 Mox
3225 5668 3405 5725 n'oster
3430 5671 3899 5726 Sanchuniathonls

2380 5737 2591 5813 ore_:.'U
2609 5735 2691 5813 ’δέ
2740 5736 2945 5813 Δαγὼν,
2990 5740 3174 5809 ἐπειδὴ
3221 5736 3339 5810 εὗρε
3368 5742 3508 5794 σῖτον
3539 5742 3633 5794 καὶ
3673 5740 3893 5813 ἄροτρόν.

2382 5803 2579 5876 ἐκλήθη
2609 5807 2739 5866 Ζευς
2781 5808 3075 5879 Ἀρότριος.
3163 5803 3172 5809 ’
3286 5803 3296 5810 ’
3713 5803 3726 5813 ’
3802 5803 3837 5827 ’·
