4028 6332
100 437 153 492 δι
1218 437 1537 494 ΡΒΑΞΡΑΠ.
1580 439 1622 493 Ε

1726 437 1831 494 NG.
1873 437 1999 492 LIB.
2040 440 2084 495 l.
3201 437 3271 493 δε

103 555 184 615 vi;
201 553 383 624 γνώμῃ
399 553 491 605 καί
505 551 1092 622 Ἐρμοῦ,κατεσκεύασε
1110 557 1314 627 Κρόνος
1330 557 1393 609 ὲκ
1415 555 1627 627 σιδήρου

1734 556 1873 610 rium
1901 555 2267 610 nominarunt.
2305 553 2381 606 Ex
2409 553 2584 624 Sydyc
2615 567 2742 608 vero
2775 552 3039 617 Dioscuri,
3063 566 3154 605 seu
3177 550 3272 606 Ca-

105 648 262 716 ἅρπην
278 648 371 698 καὶ
383 646 530 716 δόρυ.
554 640 682 698 Εἶτα
701 647 728 698 6
743 646 945 716 Ἐρμῆς
960 650 1070 710 τοῖς
1084 648 1176 700 τοῦ
1196 648 1400 718 Κρόνου
1426 647 1634 716 συμμά-

103 754 198 808 χοις
229 736 414 803 λόγους
442 738 668 806 μαγείας
689 736 1005 808 διαλεχθεὶς,
1037 738 1195 790 πόθον
1227 739 1502 807 ἐνεποίησε
1523 740 1633 800 τοῖς

104 829 204 878 κατ’
231 826 466 897 Οὐρανὸν
486 840 512 867 ι
537 827 712 897 μάχης
735 827 872 897 ὑπὲρ
894 828 992 896 τῆς
1013 819 1136 898 Γῆς,
1156 831 1250 882 καὶ
1271 827 1408 881 οὕτω
1429 828 1634 898 Κρόνος

101 920 176 968 τὸν
189 917 438 986 Οὐρανὸν,
458 916 676 986 πολέμῳ
694 933 755 968 συ
763 915 1003 986 μϐαλὼν,
1021 917 1117 988 τῆς
1140 918 1308 988 ἀρχῆς
1330 917 1517 986 ήλασε,
1542 916 1634 970 καὶ

102 1005 184 1076 τὴν
215 1005 481 1075 βασιλείαν
512 1005 792 1070 διεδέξατο.
838 1006 1009 1060 Ἑάλω
1029 1008 1084 1060 δὲ
1114 1010 1168 1060 ἐν
1195 1011 1259 1077 τῇ
1291 1008 1436 1077 μάχῃ
1469 1008 1561 1059 καὶ
1599 1008 1632 1076 ή

105 1097 378 1166 ἐπέραστος
409 1097 501 1150 τοῦ
537 1097 775 1168 Οὐρανοῦ
801 1098 1078 1166 σύγκοιτος
1105 1097 1355 1168 ἐγκύμων
1395 1094 1548 1160 οὖσα,
1569 1100 1633 1168 ἢν

103 1187 354 1241 ἐκδίδωσιν
382 1190 410 1240 6
445 1189 648 1260 Κρόνος
668 1189 803 1259 πρὸς
835 1191 1008 1260 γάμον
1034 1189 1110 1260 τῷ
1137 1189 1363 1257 Δαγῶνι,
1384 1191 1556 1244 τίκτει
1577 1192 1632 1244 δὲ

106 1277 236 1348 παρὰ
255 1279 424 1353 τούτῳ
453 1279 481 1332 ὃ
506 1279 645 1332 κατὰ
671 1281 904 1352 γαστρὸς
951 1281 1010 1344 ἐξ
1064 1280 1306 1350 Οὐρανοῦ
1360 1281 1569 1353 ἔφερεν,
1605 1281 1634 1333 ὃ

103 1371 182 1422 καὶ
205 1370 421 1424 ἐκάλεσε
451 1369 758 1442 Δημαροῖω.
798 1373 918 1425 Ἐπὶ
937 1372 1142 1434 τούτοις
1164 1374 1192 1424 6
1226 1373 1431 1442 Κρόνος
1459 1376 1632 1442 τεῖχος

101 1462 385 1531 περισάλλει
439 1465 502 1534 τῇ
563 1464 755 1517 ἑαυτοῦ
803 1466 1041 1535 οἰκήσει,
1092 1465 1186 1517 καὶ
1217 1464 1437 1535 πρώτην
1478 1465 1631 1517 πόλιν

102 1549 247 1616 κτίζει
286 1556 383 1626 τήν
429 1557 520 1609 ἐπὶ
576 1557 828 1627 Φοινίκης
873 1555 1090 1609 Βύϐλον.
1125 1555 1280 1609 Μετὰ
1334 1556 1505 1609 ταῦτα
1541 1556 1631 1609 τὸν

101 1642 299 1711 ἀόελψὲν
327 1644 414 1698 τὸν
437 1646 564 1700 ἴδιον
593 1647 859 1702 ’Ἄτλαντα
891 1647 1188 1716 ὑπονοήσας
1222 1647 1250 1699 6
1279 1649 1502 1718 Κρόνος,
1530 1664 1627 1718 μεφ

101 1735 160 1788 τὰ
179 1737 389 1810 γνώμης
419 1740 512 1793 τοῦ
550 1741 745 1813 Ἐρμοῦ
773 1745 852 1804 εἰς
877 1739 1034 1810 βάθος
1060 1742 1162 1811 γῆς
1196 1739 1444 1810 ἑμόαλὼν
1469 1739 1628 1793 κατὲ-

1733 646 1858 711 biri,
1889 662 1983 702 seu
2015 646 2371 716 Corybantes,
2401 660 2495 700 seu
2511 646 2738 713 denique
2761 643 3139 697 Samothraces
3165 643 3276 697 ori-

1732 739 1910 806 ginem
1941 750 2216 806 accepere.
2256 735 2457 790 Ambos
2486 749 2701 804 quoque
2751 733 3020 801 navigium
3072 732 3274 801 primos

1731 828 2066 899 echgitasse
2093 825 2293 880 ferunt.
2328 826 2409 879 Ab
2445 838 2674 898 ultroque
2704 823 2966 894 procreati
3022 824 3135 886 alii,
3179 821 3273 890 qui

1732 934 1840 973 non
1868 919 2060 974 herbas
2078 918 2258 980 modo,
2281 917 2372 970 sed
2398 917 2559 970 etiam
2588 923 2969 968 venenatorum
2997 927 3273 966 morsuum

1733 1006 2067 1061 curationem
2147 1015 2199 1058 et
2275 1004 2550 1058 cautiones
2616 1002 2883 1054 invenere.
2944 996 3268 1051 Eorumdem

1729 1105 1892 1150 tetate-
1912 1105 2069 1152 natus
2110 1104 2194 1149 est
2232 1093 2388 1147 Eliun
2425 1094 2642 1162 quidam
2677 1092 2894 1145 nomine
2924 1088 3271 1151 Altissimus,

1730 1187 1967 1256 itemque
1999 1185 2195 1242 femina
2239 1184 2436 1239 Beruth
2491 1182 2772 1252 appellata.
2821 1179 2887 1234 Hi
2943 1181 3058 1235 loca
3107 1180 3274 1250 Byblo

1729 1279 1904 1333 vicina
1928 1291 2146 1333 tenuere
2181 1288 2244 1330 ac
2273 1274 2603 1330 Terrestrem
2648 1271 2934 1341 quemdam
2985 1272 3098 1326 sive
3136 1271 3272 1325 indi-

1729 1384 1921 1438 genam
1945 1370 2152 1423 leum
2178 1375 2364 1436 postea
2393 1373 2763 1433 nuncupatum
2799 1377 3032 1433 genuere
3051 1401 3066 1423 ,
3101 1377 3131 1415 a
3163 1376 3271 1430 quo

1727 1462 1888 1515 etiam
1928 1460 2057 1514 illud
2082 1459 2311 1514 sublime
2347 1457 2675 1515 elementum
2710 1495 2726 1520 ,
2779 1455 2922 1524 quod
2979 1469 3140 1522 supra
3173 1469 3272 1507 nos

1727 1551 1980 1616 volvitur,
2009 1558 2229 1620 propter
2268 1549 2521 1603 eximiam
2553 1546 2970 1616 pulchritudinis
2997 1560 3057 1598 ac
3089 1544 3274 1597 formae

1727 1641 1958 1710 speciem
1975 1640 2181 1697 leum
2213 1645 2498 1705 vocarunt.
2524 1637 2574 1691 Is
2602 1650 2843 1690 sororem
2875 1634 3059 1687 habuit
3083 1634 3272 1685 iisdem

1726 1732 2038 1803 parentibus
2072 1739 2272 1794 natam,
2299 1729 2384 1782 cui
2415 1743 2611 1791 nomen
2645 1725 2811 1780 Terra
2837 1764 2851 1789 ,
2883 1725 3024 1793 quod
3059 1733 3274 1791 propter

102 1845 242 1897 χωσε.
266 1831 416 1883 Κατὰ
441 1831 625 1885 τοῦτον
647 1832 832 1902 χρόνον
849 1833 896 1884 οἱ
915 1833 1021 1884 ἀπὸ
1036 1831 1138 1884 τῶν
1157 1831 1491 1903 Διοσκούρων
1513 1847 1627 1901 σχεκ-

1729 1826 2054 1895 singularem
2085 1822 2203 1892 ejus
2227 1820 2473 1890 corporis
2495 1818 2834 1890 dignitatem,
2859 1832 2980 1870 cum
3006 1829 3090 1876 ea.
3109 1829 3274 1883 quam

101 1916 202 1980 δίας
226 1923 314 1973 καὶ
339 1923 492 1975 πλοῖα
518 1899 815 1987 συνθέντες,
851 1923 1135 1987 ἔπλευσαν,
1187 1923 1278 1976 καὶ
1311 1899 1627 1993 ἐκριφέντες

1731 1927 1928 1972 terram
1961 1928 2234 1979 vocamus,
2302 1920 2485 1981 postea
2540 1908 3028 1964 communicarunt.
3074 1903 3274 1959 Parens

103 2010 219 2062 κατὰ
245 2010 307 2074 τὸ,
329 2013 561 2068 Κάσσιον
593 2014 737 2086 ὅρος,
789 2015 910 2068 ναὸν
967 2014 1148 2067 αὐτόθι
1196 2014 1523 2083 άφιέρωσαν.
1565 2014 1627 2066 Οί

101 2099 145 2152 δὲ
166 2102 426 2176 σύμμαχοι
453 2106 616 2170 Ἴλου,
650 2107 744 2160 τοῦ
795 2108 1022 2178 Κρόνου,
1070 2106 1310 2176 Ἑλωεὶμ
1331 2104 1631 2177 ἐπεκλήθη-

100 2210 202 2260 σαν,
226 2197 298 2260 ὡς
321 2198 385 2252 ἂν
408 2201 626 2273 Κρόνιοι
665 2196 809 2254 οὗτοι
840 2197 976 2269 ἦσαν
1004 2201 1052 2253 oi
1075 2200 1353 2270 λεγόμενοι
1383 2199 1474 2253 ἐπὶ
1486 2199 1629 2269 Κρό-

101 2301 196 2339 νου.
228 2289 427 2360 Κρόνος
458 2291 515 2344 δὲ
544 2292 656 2345 υίὸν
691 2290 828 2361 ἔχων
855 2290 1086 2353 Σάδιδον,
1136 2289 1250 2359 ἰδίῳ
1300 2289 1461 2343 αὐτὸν
1492 2288 1630 2359 σιδή-

101 2394 167 2447 ρῳ
193 2377 519 2450 διεχρήσατο,
542 2381 608 2434 δι’
647 2382 896 2443 ὑπονοίας
922 2381 1080 2434 αὐτὸν
1104 2379 1368 2450 ἐσχηκὼς,
1403 2382 1495 2432 καὶ
1526 2379 1627 2448 τῆς

101 2467 269 2538 ψυχῆς,
301 2470 547 2541 αὐτόχειρ
594 2470 685 2524 τοῦ
725 2471 910 2534 παιδὸς
951 2470 1253 2540 γενόμενος,
1317 2473 1621 2539 ὲστέρησεν.

109 2557 353 2622 Ὡσαύτως
382 2563 476 2614 καὶ
501 2561 763 2633 θυγατρὸς
793 2562 925 2626 ἰδίας
945 2562 1040 2634 τήν
1073 2562 1312 2633 κεφαλὴν
1332 2561 1623 2631 ἀπέτεμενε

100 2653 163 2710 ιὶς
193 2648 387 2714 πάντας
410 2653 782 2723 ἐκπεπλῆχθαι
813 2653 966 2716 θεοὺς
1017 2652 1113 2723 τὴν
1152 2652 1358 2722 Κρόνου
1383 2649 1622 2721 γνώμην.

101 2737 280 2808 Χρόνου
303 2742 357 2794 δὲ
380 2743 675 2818 προῖόντος,
704 2743 938 2815 Οὐρανὸς
959 2744 1015 2797 ὲν
1036 2744 1178 2813 φυγῇ
1208 2743 1505 2812 τυγχάνων,
1535 2739 1628 2792 θυ-

100 2826 281 2896 γατέρα
306 2830 462 2883 αὐτοῦ
489 2831 754 2902 παρθένον
804 2833 1099 2902 Ἀστάρτην
1156 2831 1270 2901 μεθ’
1301 2830 1500 2900 ἑτέρων
1530 2829 1628 2882 αὐ-

101 2913 181 2982 τῆς
212 2916 440 2988 ἀδελφῶν
470 2921 580 2984 δύο,
621 2921 776 2984 Ῥέας
811 2921 902 2974 καὶ
933 2919 1155 2990 Διώνης,
1196 2920 1332 2990 δόλῳ
1360 2920 1450 2971 τὸν
1482 2917 1627 2988 Κρό-

102 3024 174 3057 νον
191 3007 385 3062 ἀνελεῖν
413 3013 746 3082 ὑποπέμπει·
777 3011 843 3075 ἃς
872 3012 961 3065 καὶ
993 3011 1124 3064 ἐλὼν
1153 3015 1179 3065 ό
1213 3012 1416 3082 Κρόνος
1445 3027 1626 3080 κουρι-

100 3098 196 3161 δίας
221 3102 454 3170 γαμετὰς
489 3103 720 3170 ἀδελφὰς
757 3102 918 3167 οὔσας
971 3105 1282 3174 ἐποιήσατο.
1312 3101 1472 3163 Γνοὺς
1503 3099 1560 3151 δὲ
1595 3102 1623 3151 ό

102 3191 332 3258 Οὐρανὸς,
361 3195 734 3265 ἐπιστρατεύει
756 3195 890 3248 κατὰ
917 3196 1007 3247 τοῦ
1038 3195 1244 3263 Κρόνου
1275 3190 1621 3261 Εἱμαρμένην
1649 3225 1691 3282 C

102 3284 178 3334 καὶ
209 3283 366 3355 Ὥραν
391 3285 507 3354 μεθ’
533 3284 732 3355 ἐτέρων
790 3286 1110 3355 συμμάχων,
1156 3285 1248 3336 καὶ
1269 3284 1467 3348 ταύτας
1495 3282 1625 3344 ἐξοι-

100 3375 430 3443 ιειωσάμενος
454 3376 482 3427 6
510 3375 873 3446 Κρόνος,παρ’
919 3372 1090 3443 ἐαυτῷ
1113 3373 1388 3441 κατέσχεν.
1410 3371 1527 3422 Ἔτι
1549 3370 1624 3435 δὲ,

101 3463 242 3532 φησὶν
294 3463 551 3534 ἐπενόησε
595 3463 715 3525 θεὸς
738 3463 972 3534 Οὐρανὸς
1011 3462 1280 3525 Βαιτύλισιτ
1315 3464 1487 3528 λίθους
1524 3465 1624 3531 ὲμ-

99 3552 274 3625 ψύχους
330 3557 796 3628 μηχανησάμενος.
863 3555 1052 3625 Κρόνῳ
1106 3554 1162 3607 δὲ
1224 3556 1469 3623 ἐγένοντο
1520 3553 1625 3606 ἀπὸ

109 3642 377 3716 Ἀστάρτης
409 3645 705 3716 θυγατέρες
735 3644 872 3697 ἑπτὰ
902 3643 1172 3707 Τιτανίὸες
1198 3645 1230 3715 ἢ
1290 3644 1620 3716 Ἀρτέμιδες.

102 3732 194 3786 Καὶ
217 3734 367 3789 πάλιν
400 3736 476 3808 τῷ
505 3736 648 3808 αὐτῷ
673 3738 905 3805 γίνονται
933 3737 1040 3791 ἀπὸ
1073 3737 1225 3799 Ῥέας
1256 3737 1438 3800 παῖδες
1463 3735 1622 3801 ἑπτὰ,

103 3819 484 3894 ὧνόνεώτατος
522 3829 722 3902 ἆματῇ
766 3831 975 3899 γενέσει
1012 3829 1308 3902 ἀφιερώθη·
1368 3831 1460 3882 καὶ¹
1520 3830 1626 3882 ἀπὸ

103 3917 280 3991 Διώνης
299 3920 519 3994 θήλειαι,
572 3923 666 3974 καὶ
718 3923 822 3976 ἀπὸ
873 3921 1166 3992 Ἀστάρτης
1214 3921 1372 3974 πάλιν
1404 3920 1624 3993 ἄρρενες

101 4006 195 4076 δύο,
218 4011 375 4076 Πόθος
402 4015 494 4066 καὶ
523 4014 715 4084 Ἔρως.
778 4015 834 4066 ’0
851 4013 907 4065 δὲ
939 4011 1142 4078 Δαγὼν,
1177 4010 1357 4080 ἐπειδὴ
1379 4005 1502 4080 εὗρε
1543 4011 1621 4061 σί-

103 4109 177 4161 τον
194 4099 278 4151 καὶ
299 4100 539 4169 ἄροτρον,
561 4100 760 4170 ἐκλήθη
789 4101 922 4162 Ζεὺς
973 4099 1258 4169 Ἀρότριος.
1292 4098 1509 4167 Συδύκῳ
1540 4098 1619 4159 δὲ,

103 4185 169 4255 τῷ
191 4188 451 4261 λεγομένῳ
483 4191 710 4256 Δικαίῳ,
743 4191 840 4260 μία
883 4190 988 4244 τῶν
1017 4191 1305 4244 Τιτανίδων
1346 4190 1617 4245 συνελθοῦ-

106 4293 177 4341 σα,
201 4283 350 4352 γεννᾷ
404 4283 518 4364 τὸν,
555 4281 895 4353 Ἀσκληπιόν·
967 4283 1332 4355 ἐγεννήθησαν
1363 4283 1420 4336 δὲ
1447 4283 1538 4336 καὶ
1563 4284 1624 4345 ὲν,

1729 2017 1906 2063 autem
1961 2007 2173 2059 illorum
2209 2002 2552 2068 Altissimus,
2584 2015 2706 2058 cum
2741 1998 2976 2053 ferarum
3013 2012 3271 2066 congres—

1729 2102 1881 2155 sione
1909 2099 2179 2170 periisset,
2209 2097 2431 2151 deorum
2467 2094 2520 2147 in
2569 2106 2854 2148 numerum
2896 2099 2978 2144 est
3029 2088 3230 2142 relatus
3255 2125 3274 2154 ,

1727 2205 1887 2260 quem
1915 2187 2266 2242 libationibus
2296 2200 2360 2238 ac
2385 2181 2666 2238 sacrificiis
2707 2179 2860 2234 liberi
2911 2178 3146 2233 coluere.
3208 2178 3277 2229 At

1725 2282 1907 2340 Caelus
1934 2266 2020 2333 ubi
2058 2287 2338 2348 paternum
2366 2277 2420 2328 in
2444 2275 2724 2343 imperium
2741 2270 3112 2332 successisset,
3139 2266 3271 2321 Ter—

1728 2386 1840 2425 ram
1872 2385 2109 2424 sororem
2135 2363 2478 2421 matrimonio
2521 2377 2704 2426 secum
2752 2362 2932 2430 junxrt
2955 2399 2971 2425 ,
3009 2374 3075 2411 ex
3104 2374 3272 2426 eaque

1726 2462 1923 2516 liberos
1949 2469 2182 2530 quatuor
2215 2457 2469 2527 suscepit,
2498 2456 2668 2518 illum,
2687 2453 2779 2523 qui
2809 2451 3074 2508 Saturnus
3099 2450 3272 2504 dictus

1725 2564 1830 2622 est,
1860 2555 2124 2626 Betylum,
2152 2552 2441 2622 Dagonem,
2466 2550 2566 2619 'qui
2591 2546 2728 2609 Sito,
2761 2546 2864 2600 hoc
2895 2555 2976 2599 est
3013 2542 3270 2606 frumenti

1726 2661 1946 2716 prmses,
1982 2644 2324 2707 nominatur,
2359 2649 2412 2695 et
2459 2640 2746 2693 Atlantem.
2793 2634 2871 2688 Ex
2920 2633 3039 2686 aliis
3092 2642 3269 2686 autem

1728 2737 1988 2791 uxoribus
2017 2735 2285 2806 ingentem
2316 2731 2602 2785 liberorum
2636 2725 3030 2781 multitudinem
3051 2722 3269 2793 genuit;

1727 2829 1778 2883 id
1804 2829 1947 2898 quod
1979 2829 2112 2882 adeo
2148 2839 2308 2894 grave
2336 2832 2389 2877 et
2411 2821 2662 2876 acerbum
2719 2818 2896 2872 Terrae
2926 2817 3118 2870 accidit
3147 2853 3162 2875 .
3213 2823 3272 2867 ut

1728 2917 1986 2989 zelotypia
2011 2915 2408 2972 vehementiore
2440 2925 2719 2972 succensa,
2769 2909 2863 2960 abs
2911 2906 3058 2960 Caelo
3089 2903 3272 2958 multis

1725 3018 1849 3063 ante
1878 3008 2089 3078 probris
2131 3014 2352 3061 onerato
2395 3001 2683 3057 divortium
2722 2997 2930 3052 fecerit.
2966 2996 3144 3050 Caius
3174 3009 3270 3046 au-

1727 3108 1832 3154 tem
1867 3099 1970 3154 etsi
2001 3099 2069 3152 ab
2098 3113 2159 3152 ea
2187 3097 2527 3155 discesserat,
2547 3091 2597 3144 vi
2629 3099 2804 3143 tamen
2828 3089 3034 3157 quoties
3058 3087 3285 3146 libitum.

1726 3200 1862 3254 erat,
1895 3190 2079 3248 eadem
2107 3203 2383 3258 oppressa,
2437 3186 2656 3238 domum
2689 3198 2805 3236 sese
2833 3181 3010 3235 denuo
3041 3179 3270 3248 recipie—

1732 3287 1844 3338 bat.
1870 3282 2066 3337 Verum
2098 3280 2241 3350 quod
2277 3284 2554 3347 susceptos
2579 3290 2642 3329 ex
2666 3275 2780 3343 ipsa
2806 3274 2943 3329 filios
2974 3273 3274 3328 interficere

1730 3382 2039 3436 conaretur,
2065 3372 2255 3437 Terra,
2307 3372 2617 3427 convocatis
2671 3367 3024 3422 auxiliaribus
3058 3365 3230 3435 copiis
3255 3406 3272 3430 ,

1728 3464 1847 3531 ejus
1885 3463 2143 3534 impetum
2177 3475 2315 3528 Saepe
2346 3459 2713 3529 propulsabat.
2749 3457 2955 3510 Interea
2979 3455 3270 3518 Saturnus,

1729 3557 1822 3610 ubi
1854 3555 2060 3608 virilem
2095 3561 2304 3622 aetatem
2339 3553 2621 3622 attigisset,
2647 3548 2893 3602 Mercurii
2914 3546 3269 3614 Trismegisti,

1727 3650 1821 3719 qui
1869 3647 1968 3717 ipsi
2002 3663 2029 3701 a
2057 3646 2253 3700 tabulis
2289 3654 2342 3698 et
2389 3643 2653 3697 codicillis
2683 3651 2831 3705 erat,
2855 3638 3080 3695 consilio
3111 3651 3270 3706 atque

1727 3741 1942 3812 opibus,
1975 3747 2246 3793 maternas
2271 3737 2479 3789 ulturus
2504 3733 2761 3802 injurias,
2793 3731 2942 3784 Gmlo
2985 3729 3118 3797 patri
3151 3743 3270 3779 sese

1727 3834 1922 3889 acriter
1945 3831 2159 3900 objecit.
2189 3827 2332 3881 Idem
2367 3827 2566 3880 liberos
2593 3824 2896 3893 procreavit
2927 3860 2940 3883 ,
2987 3818 3266 3888 Proserpi-

1726 3938 1847 3977 nam
1877 3905 1946 3975 let
1988 3919 2278 3972 Minervam
2312 3935 2326 3982 ;
2379 3932 2441 3971 ac
2495 3915 2641 3984 prior
2693 3913 2906 3983 quidem
2945 3913 3094 3981 virgo
3127 3911 3267 3964 diem

1725 4013 1856 4068 obiit
1877 4032 1888 4066 :
1907 4011 2144 4065 Minerva
2161 4019 2338 4063 autem
2351 4007 2720 4076 Mercurioque
2732 4005 3062 4066 auctoribus,
3078 4001 3269 4056 falcem

1721 4118 1785 4156 ex
1804 4100 1947 4156 ferro
1967 4102 2284 4169 hastamque
2305 4097 2589 4163 conflavit;
2610 4105 2722 4150 tum
2738 4095 3033 4151 Mercurius
3051 4093 3270 4147 Saturni

1721 4196 1884 4250 sociis
1913 4195 2204 4248 vehemens
2227 4201 2413 4257 contra
2435 4190 2640 4246 Ccelum
2666 4204 2760 4258 pro
2787 4187 2950 4241 Terra
2975 4186 3270 4239 dimicandi

1720 4289 1958 4344 studium
1991 4288 2211 4358 magicis
2253 4285 2595 4342 cantionibus
2627 4280 2825 4347 injecit.
2870 4277 3138 4331 Saturnus
3170 4277 3270 4345 igi-

105 4367 288 4442 Περαίᾳ
319 4374 426 4443 (42)
452 4375 665 4446 Κρόνῳ,
687 4377 833 4446 τρεῖς
855 4374 1058 4440 παῖδες,
1104 4376 1307 4446 Κρόνος
1338 4373 1622 4446 ὁμώνυμος

1726 4382 1930 4447 ιυι-,ιιὶε
1953 4382 2247 4435 instructus
2271 4378 2458 4444 copiis,
2485 4374 2678 4427 bellum
2698 4387 2819 4426 cum
2846 4369 3001 4423 Patre
3023 4368 3272 4423 commit-

105 4458 166 4529 τῷ
183 4465 352 4536 πατρι,
377 4467 470 4520 καὶ
493 4467 628 4531 Ζεὺς
659 4467 846 4538 Βῆλος,
873 4470 966 4524 και
1006 4468 1293 4522 Ἀπόλλων.
1322 4467 1475 4522 Κατά
1510 4467 1620 4520 τού-

1722 4476 1804 4537 tit,
1836 4487 2008 4542 eoque
2041 4469 2248 4538 imperii
2279 4466 2474 4521 finibus
2521 4465 2709 4533 ejecto,
2754 4478 2975 4534 regnum
3011 4459 3259 4528 capessit.

105 4569 206 4617 τους
230 4556 454 4623 γίνονται
481 4557 676 4623 Πόντος
731 4561 823 4612 καὶ
858 4559 1072 4628 Τυφὼν,
1128 4561 1216 4612 καὶ
1243 4560 1475 4630 Νηρεὺς,
1513 4576 1617 4611 πα-

1726 4566 1829 4635 37
1859 4564 1970 4617 Hoc
1997 4563 2047 4614 in
2079 4559 2366 4613 certamine
2391 4567 2542 4627 capta
2567 4555 2701 4611 Caeli
2731 4555 3024 4609 concubina
3054 4560 3271 4618 gestans

103 4643 186 4716 τὴρ
214 4646 421 4702 Πόντου.
466 4649 598 4702 Ἀπὸ
646 4651 702 4704 δὲ
747 4651 840 4704 τοῦ
876 4651 1074 4703 Πόντου
1130 4651 1334 4718 γίνεται
1372 4648 1618 4719 Σιδώνοῆ

104 4736 508 4813 καθ’ὐπερὸολὴν
560 4742 826 4810 εὐφωνίας
880 4741 1068 4812 πρώτη
1103 4741 1266 4808 ὕμνον
1308 4742 1448 4810 ᾠδῆς
1475 4735 1616 4810 εὗρε·

103 4829 180 4881 καὶ
205 4828 480 4886 Ποσειδῶν·
532 4830 688 4902 τῷδε
749 4823 1090 4902 Δημαροῦντι
1133 4831 1337 4898 γίνεται
1361 4831 1622 4902 Μελίκαρο

106 4917 202 4983 θος,
234 4925 260 4976 ὀ
293 4927 379 4979 καὶ
424 4924 712 4996 Ἡρακλῆς.
741 4908 870 4977 Είτα
920 4923 1078 4977 πάλιν
1127 4922 1365 4993 Οὐρανὸς
1401 4920 1622 4990 πολεμεῖ

103 5006 274 5081 Πόντῳ,
291 5017 377 5068 καὶ
404 5016 668 5081 ἀποστὰς,
685 5013 1023 5086 Δημαροῦντι
1049 5013 1408 5084 προστίθεται·
1446 5011 1618 5064 ἔπεισί

104 5116 152 5154 τε
177 5102 339 5176 Πόντῳ
362 5110 390 5161 6
410 5107 718 5182 Δημαροῦς,
751 5107 1044 5178 τροποῦταί
1069 5124 1127 5158 τε
1154 5107 1312 5159 αὐτὸν
1339 5108 1366 5158 6
1400 5105 1613 5166 Πόντος,

104 5188 128 5241 δ
155 5191 202 5245 δὲ
228 5196 502 5266 Δημαροῦς
523 5197 698 5268 φυγῆς
724 5199 909 5252 θυσίαν
949 5197 1168 5266 ηὔξατο.
1214 5198 1361 5250 Ἐτει
1388 5196 1441 5247 δὲ
1467 5211 1615 5263 τρια-

110 5284 251 5354 κοστῷ
276 5285 502 5358 δευτέρῳ
515 5290 614 5358 τῆς
633 5289 823 5342 ἑαυτοῦ
856 5291 1171 5360 κρατήσεως
1204 5291 1297 5342 καὶ
1324 5285 1612 5357 βασιλείας,

106 5373 127 5424 6
154 5368 287 5442 Ἶλος,
314 5378 455 5432 τοῦτ’
483 5380 628 5433 ἐστιν
652 5379 682 5433 6
719 5381 941 5451 Κρόνος,
991 5380 1230 5450 Οὐρανὸν
1273 5380 1364 5431 τὸν
1409 5377 1615 5444 πατέρα

110 5462 301 5540 λοχήσας
335 5473 391 5526 ὲν
418 5471 567 5534 τόπῳ
589 5472 695 5525 τινὶ
729 5473 1010 5541 μεσογείῳ,
1047 5472 1137 5524 καὶ
1185 5470 1358 5523 λαϐὼν
1405 5469 1615 5537 ὑποχεί-

138 5613 158 5639 ι
189 5603 261 5659 ίσ.
292 5603 537 5679 οὐρανοῦ.

1722 4667 1972 4719 uterum,
2005 4652 2161 4720 cujus
2193 4652 2280 4705 ille
2324 4650 2580 4720 singulari
2609 4662 2790 4701 amore
2823 4644 3098 4710 ﬂagrabat.
3140 4639 3268 4695 Eam

1725 4750 1988 4802 Saturnus
2041 4742 2243 4812 Dagoni
2303 4743 2356 4797 in
2405 4757 2624 4796 uxorem
2678 4737 2857 4799 dedit,
2919 4734 3060 4804 apud
3110 4750 3269 4802 quem

1721 4845 2027 4905 susceptum
2068 4849 2130 4889 ex
2179 4833 2328 4890 Ccelo
2364 4833 2525 4888 fetum
2564 4830 2719 4884 enixa
2758 4825 3135 4881 Demaruntem
3176 4843 3274 4880 nou

1722 4926 1961 4981 minavit.
1989 4924 2125 4979 Tum
2163 4941 2284 4979 vero
2326 4926 2586 4978 Saturnus
2630 4921 2772 4975 aedes
2801 4936 2929 4976 suas
2959 4937 3114 4976 muro
3159 4922 3262 4973 cin-

1723 5019 1819 5087 git,
1853 5015 2184 5087 Byblumque
2217 5014 2399 5070 condit
2426 5013 2610 5066 urbem
2642 5011 2930 5067 Phoenicia:
2953 5011 3265 5079 principem.

1723 5105 1844 5161 Mox
1877 5107 2140 5162 Atlantem
2169 5105 2408 5166 fratrem,
2439 5104 2580 5171 quod
2612 5119 2732 5157 eum
2769 5113 3074 5170 suspectum
3109 5099 3268 5150 habe-

1724 5209 1822 5263 ret,
1858 5200 2114 5255 suadente
2144 5195 2405 5250 Mercurio
2436 5195 2540 5247 alta
2573 5203 2710 5247 terra
2753 5193 3024 5247 defossum
3067 5190 3266 5243 obruit.

1723 5290 1823 5344 Per
1851 5292 1988 5345 idem
2021 5290 2184 5342 ferme
2232 5295 2438 5353 tempus
2484 5284 2858 5339 Dioseurorum
2892 5289 3107 5347 nepotes
3142 5293 3265 5332 cum
3368 5296 3376 5303 '

1724 5380 2087 5434 tumultuariis
2105 5376 2306 5431 ratibus
2324 5374 2654 5444 navigiisque
2676 5370 2915 5425 conflatis
2939 5370 3265 5436 navigarent,

1724 5473 1788 5525 ad
1820 5472 2065 5527 Cassium
2092 5476 2325 5521 montem
2355 5465 2508 5535 ejecti
2543 5465 2793 5532 templum
2820 5479 2884 5514 eo
2915 5463 3032 5515 loco
3053 5461 3268 5514 dedica"

166 5734 252 5810 li?)
283 5741 526 5810 Παραίᾳ.
597 5738 754 5794 Forte
798 5737 898 5809 leg.
968 5738 1196 5810 Περαίᾳ,
1227 5755 1333 5809 quo
1359 5738 1573 5794 nomine
1599 5757 1624 5793 a

1726 5749 1802 5797 tot
1853 5741 1931 5796 vel
1983 5738 2226 5809 regiones
2279 5739 2360 5793 vel
2406 5737 2564 5793 urbes
2604 5732 2943 5797 exstiterunt,
2989 5731 3145 5783 etiam
3206 5726 3262 5782 in

113 5795 254 5874 sitia,
282 5795 437 5881 cuj'us
462 5795 740 5866 f’hcenicia
769 5795 912 5879 pan.
