  <div class='ocr_page' id='page_1' title='image "/cluster/home/n/w/nwhite01/storage/ocr_20150623/21/pst.000004029076/049.png"; bbox 0 0 3980 6338; ppageno 0'>
   <div class='ocr_carea' id='block_1_1' title="bbox 760 452 3914 517">
    <p class='ocr_par' dir='ltr' id='par_1_1' title="bbox 760 452 3914 517">
     <span class='ocr_line' id='line_1_1' title="bbox 760 452 3914 517; baseline -0.002 -3"><span class='ocrx_word' id='word_1_1' title='bbox 760 457 829 514; x_wconf 78' lang='grc'><strong>85</strong></span> <span class='ocrx_word' id='word_1_2' title='bbox 1382 456 1651 514; x_wconf 83' lang='lat' dir='ltr'><strong>EUSEBII</strong></span> <span class='ocrx_word' id='word_1_3' title='bbox 1683 454 2158 514; x_wconf 70' lang='lat' dir='ltr'><strong>CrESARlENSlS</strong></span> <span class='ocrx_word' id='word_1_4' title='bbox 2195 461 2346 516; x_wconf 89' lang='lat' dir='ltr'><strong>OPP.</strong></span> <span class='ocrx_word' id='word_1_5' title='bbox 2389 461 2565 515; x_wconf 78' lang='lat' dir='ltr'><strong>PARS</strong></span> <span class='ocrx_word' id='word_1_6' title='bbox 2605 461 2668 515; x_wconf 69' lang='lat' dir='ltr'><strong>il.</strong></span> <span class='ocrx_word' id='word_1_7' title='bbox 2720 493 2779 504; x_wconf 54' lang='grc' dir='ltr'><strong>μ·</strong></span> <span class='ocrx_word' id='word_1_8' title='bbox 2816 460 3314 517; x_wconf 77' lang='lat' dir='ltr'><strong>APOLOGETICA.</strong></span> <span class='ocrx_word' id='word_1_9' title='bbox 3863 452 3914 509; x_wconf 67' lang='grc'><strong>81,</strong></span> 
     </span>
    </p>
   </div>
   <div class='ocr_carea' id='block_1_2' title="bbox 752 568 2291 643">
    <p class='ocr_par' dir='ltr' id='par_1_2' title="bbox 752 569 2291 639">
     <span class='ocr_line' id='line_1_2' title="bbox 752 569 2291 639; baseline 0 -13"><span class='ocrx_word' id='word_1_10' title='bbox 752 579 898 626; x_wconf 88' lang='lat' dir='ltr'><strong>runt.</strong></span> <span class='ocrx_word' id='word_1_11' title='bbox 936 569 1054 625; x_wconf 76' lang='lat' dir='ltr'><strong>lam</strong></span> <span class='ocrx_word' id='word_1_12' title='bbox 1084 586 1213 625; x_wconf 85' lang='lat' dir='ltr'><strong>vero</strong></span> <span class='ocrx_word' id='word_1_13' title='bbox 1242 572 1419 625; x_wconf 83' lang='lat' dir='ltr'><strong>socios</strong></span> <span class='ocrx_word' id='word_1_14' title='bbox 1456 570 1516 624; x_wconf 91' lang='lat' dir='ltr'><strong>lli</strong></span> <span class='ocrx_word' id='word_1_15' title='bbox 1535 612 1550 637; x_wconf 87' lang='lat'><strong>,</strong></span> <span class='ocrx_word' id='word_1_16' title='bbox 1577 575 1667 639; x_wconf 86' lang='lat' dir='ltr'><strong>qui</strong></span> <span class='ocrx_word' id='word_1_17' title='bbox 1695 572 1960 627; x_wconf 85' lang='lat' dir='ltr'><strong>Saturnus</strong></span> <span class='ocrx_word' id='word_1_18' title='bbox 1994 572 2131 625; x_wconf 88' lang='lat' dir='ltr'><strong>idem</strong></span> <span class='ocrx_word' id='word_1_19' title='bbox 2155 582 2291 635; x_wconf 64' lang='lat' dir='ltr'><strong>erat,</strong></span> 
     </span>
    </p>
   </div>
   <div class='ocr_carea' id='block_1_3' title="bbox 2395 568 3916 643">
    <p class='ocr_par' dir='ltr' id='par_1_3' title="bbox 2407 568 3916 643">
     <span class='ocr_line' id='line_1_3' title="bbox 2407 568 3916 643; baseline -0.001 -19"><span class='ocrx_word' id='word_1_20' title='bbox 2407 590 2541 643; x_wconf 89' lang='grc' dir='ltr'>ριον,</span> <span class='ocrx_word' id='word_1_21' title='bbox 2566 573 2808 641; x_wconf 78' lang='grc' dir='ltr'>ἐκτέμνει</span> <span class='ocrx_word' id='word_1_22' title='bbox 2854 572 3013 624; x_wconf 75' lang='grc' dir='ltr'>αὐτοῦ</span> <span class='ocrx_word' id='word_1_23' title='bbox 3066 572 3134 624; x_wconf 86' lang='grc' dir='ltr'><strong>τά</strong></span> <span class='ocrx_word' id='word_1_24' title='bbox 3162 571 3351 632; x_wconf 73' lang='grc' dir='ltr'>αἰδοῖα,</span> <span class='ocrx_word' id='word_1_25' title='bbox 3388 570 3645 637; x_wconf 80' lang='grc' dir='ltr'>σύνεγγυς</span> <span class='ocrx_word' id='word_1_26' title='bbox 3683 568 3853 639; x_wconf 81' lang='grc' dir='ltr'>πηγῶν</span> <span class='ocrx_word' id='word_1_27' title='bbox 3871 588 3916 623; x_wconf 83' lang='grc' dir='ltr'><strong>τε</strong></span> 
     </span>
    </p>
   </div>
   <div class='ocr_carea' id='block_1_4' title="bbox 751 661 2303 732">
    <p class='ocr_par' dir='ltr' id='par_1_4' title="bbox 751 661 2303 732">
     <span class='ocr_line' id='line_1_4' title="bbox 751 661 2303 732; baseline 0.001 -17"><span class='ocrx_word' id='word_1_28' title='bbox 751 662 923 716; x_wconf 84' lang='lat' dir='ltr'><strong>Eloim</strong></span> <span class='ocrx_word' id='word_1_29' title='bbox 964 664 1117 732; x_wconf 86' lang='lat' dir='ltr'><strong>quasi</strong></span> <span class='ocrx_word' id='word_1_30' title='bbox 1167 661 1450 717; x_wconf 89' lang='lat' dir='ltr'><strong>Saturnios</strong></span> <span class='ocrx_word' id='word_1_31' title='bbox 1508 664 1882 732; x_wconf 86' lang='lat' dir='ltr'><strong>appellarunt,</strong></span> <span class='ocrx_word' id='word_1_32' title='bbox 1924 663 2018 732; x_wconf 87' lang='lat' dir='ltr'><strong>qui</strong></span> <span class='ocrx_word' id='word_1_33' title='bbox 2062 663 2303 731; x_wconf 81' lang='lat' dir='ltr'><strong>ejusdem</strong></span> 
     </span>
    </p>
   </div>
   <div class='ocr_carea' id='block_1_5' title="bbox 751 747 2303 823">
    <p class='ocr_par' dir='ltr' id='par_1_5' title="bbox 751 747 2303 823">
     <span class='ocr_line' id='line_1_5' title="bbox 751 747 2303 823; baseline 0.001 -17"><span class='ocrx_word' id='word_1_34' title='bbox 751 747 969 807; x_wconf 72' lang='lat' dir='ltr'><strong>Saturni</strong></span> <span class='ocrx_word' id='word_1_35' title='bbox 1011 755 1243 823; x_wconf 75' lang='lat' dir='ltr'><strong>:equales</strong></span> <span class='ocrx_word' id='word_1_36' title='bbox 1269 756 1428 810; x_wconf 90' lang='lat' dir='ltr'><strong>etiam</strong></span> <span class='ocrx_word' id='word_1_37' title='bbox 1464 753 1800 807; x_wconf 77' lang='lat' dir='ltr'><strong>dicebantur.</strong></span> <span class='ocrx_word' id='word_1_38' title='bbox 1844 752 2014 806; x_wconf 88' lang='lat' dir='ltr'><strong>Porro</strong></span> <span class='ocrx_word' id='word_1_39' title='bbox 2048 751 2303 807; x_wconf 73' lang='lat' dir='ltr'><strong>Sadidutn</strong></span> 
     </span>
    </p>
   </div>
   <div class='ocr_carea' id='block_1_6' title="bbox 750 843 2305 915">
    <p class='ocr_par' dir='ltr' id='par_1_6' title="bbox 750 843 2305 915">
     <span class='ocr_line' id='line_1_6' title="bbox 750 843 2305 915; baseline 0 -18"><span class='ocrx_word' id='word_1_40' title='bbox 750 844 1212 899; x_wconf 81' lang='lat' dir='ltr'><strong>liliumSaturnus</strong></span> <span class='ocrx_word' id='word_1_41' title='bbox 1234 888 1247 908; x_wconf 92' lang='lat'><strong>,</strong></span> <span class='ocrx_word' id='word_1_42' title='bbox 1285 847 1427 915; x_wconf 87' lang='lat' dir='ltr'><strong>quod</strong></span> <span class='ocrx_word' id='word_1_43' title='bbox 1450 859 1605 897; x_wconf 84' lang='lat' dir='ltr'><strong>secus</strong></span> <span class='ocrx_word' id='word_1_44' title='bbox 1629 843 1825 911; x_wconf 88' lang='lat' dir='ltr'><strong>aliquid</strong></span> <span class='ocrx_word' id='word_1_45' title='bbox 1857 845 1920 896; x_wconf 81' lang='lat' dir='ltr'><strong>de</strong></span> <span class='ocrx_word' id='word_1_46' title='bbox 1949 844 2037 895; x_wconf 92' lang='lat' dir='ltr'><strong>illo</strong></span> <span class='ocrx_word' id='word_1_47' title='bbox 2065 848 2305 912; x_wconf 71' lang='lat' dir='ltr'><strong>suspica-</strong></span> 
     </span>
    </p>
   </div>
   <div class='ocr_carea' id='block_1_7' title="bbox 750 937 2304 1005">
    <p class='ocr_par' dir='ltr' id='par_1_7' title="bbox 750 937 2304 1005">
     <span class='ocr_line' id='line_1_7' title="bbox 750 937 2304 1005; baseline 0 -18"><span class='ocrx_word' id='word_1_48' title='bbox 750 945 914 996; x_wconf 80' lang='lat' dir='ltr'><strong>retur,</strong></span> <span class='ocrx_word' id='word_1_49' title='bbox 946 937 1123 1005; x_wconf 79' lang='lat' dir='ltr'><strong>gladio</strong></span> <span class='ocrx_word' id='word_1_50' title='bbox 1154 952 1253 989; x_wconf 90' lang='lat' dir='ltr'><strong>suo</strong></span> <span class='ocrx_word' id='word_1_51' title='bbox 1278 937 1572 1004; x_wconf 82' lang='lat' dir='ltr'><strong>jngnlavit,</strong></span> <span class='ocrx_word' id='word_1_52' title='bbox 1610 951 1907 1001; x_wconf 86' lang='lat' dir='ltr'><strong>manusque</strong></span> <span class='ocrx_word' id='word_1_53' title='bbox 1934 946 2182 1002; x_wconf 84' lang='lat' dir='ltr'><strong>paternas</strong></span> <span class='ocrx_word' id='word_1_54' title='bbox 2210 952 2304 988; x_wconf 75' lang='lat' dir='ltr'><strong>ex-</strong></span> 
     </span>
    </p>
   </div>
   <div class='ocr_carea' id='block_1_8' title="bbox 744 1020 2302 1090">
    <p class='ocr_par' dir='ltr' id='par_1_8' title="bbox 744 1020 2302 1090">
     <span class='ocr_line' id='line_1_8' title="bbox 744 1020 2302 1090; baseline 0.001 -16"><span class='ocrx_word' id='word_1_55' title='bbox 744 1020 926 1074; x_wconf 86' lang='lat' dir='ltr'><strong>stincti</strong></span> <span class='ocrx_word' id='word_1_56' title='bbox 972 1020 1241 1089; x_wconf 78' lang='lat' dir='ltr'><strong>sanguine</strong></span> <span class='ocrx_word' id='word_1_57' title='bbox 1280 1022 1611 1082; x_wconf 85' lang='lat' dir='ltr'><strong>cruentavit,</strong></span> <span class='ocrx_word' id='word_1_58' title='bbox 1654 1037 1716 1075; x_wconf 89' lang='lat' dir='ltr'><strong>ac</strong></span> <span class='ocrx_word' id='word_1_59' title='bbox 1762 1024 1920 1090; x_wconf 87' lang='lat' dir='ltr'><strong>paulo</strong></span> <span class='ocrx_word' id='word_1_60' title='bbox 1970 1033 2090 1090; x_wconf 84' lang='lat' dir='ltr'><strong>post</strong></span> <span class='ocrx_word' id='word_1_61' title='bbox 2139 1023 2302 1076; x_wconf 84' lang='lat' dir='ltr'><strong>ﬁliam</strong></span> 
     </span>
    </p>
   </div>
   <div class='ocr_carea' id='block_1_9' title="bbox 746 1114 2302 1181">
    <p class='ocr_par' dir='ltr' id='par_1_9' title="bbox 746 1114 2302 1181">
     <span class='ocr_line' id='line_1_9' title="bbox 746 1114 2302 1181; baseline 0.006 -21"><span class='ocrx_word' id='word_1_62' title='bbox 746 1126 963 1179; x_wconf 82' lang='lat' dir='ltr'><strong>quoque</strong></span> <span class='ocrx_word' id='word_1_63' title='bbox 1014 1128 1167 1165; x_wconf 89' lang='lat' dir='ltr'><strong>suam</strong></span> <span class='ocrx_word' id='word_1_64' title='bbox 1221 1114 1395 1181; x_wconf 89' lang='lat' dir='ltr'><strong>capite</strong></span> <span class='ocrx_word' id='word_1_65' title='bbox 1440 1114 1738 1177; x_wconf 79' lang='lat' dir='ltr'><strong>truncavit,</strong></span> <span class='ocrx_word' id='word_1_66' title='bbox 1779 1123 1835 1165; x_wconf 90' lang='lat' dir='ltr'><strong>ut</strong></span> <span class='ocrx_word' id='word_1_67' title='bbox 1884 1114 2074 1181; x_wconf 89' lang='lat' dir='ltr'><strong>reliqui</strong></span> <span class='ocrx_word' id='word_1_68' title='bbox 2110 1129 2302 1170; x_wconf 86' lang='lat' dir='ltr'><strong>omnes</strong></span> 
     </span>
    </p>
   </div>
   <div class='ocr_carea' id='block_1_10' title="bbox 744 1200 2298 1273">
    <p class='ocr_par' dir='ltr' id='par_1_10' title="bbox 744 1200 2298 1273">
     <span class='ocr_line' id='line_1_10' title="bbox 744 1200 2298 1273; baseline 0.004 -21"><span class='ocrx_word' id='word_1_69' title='bbox 744 1200 816 1253; x_wconf 89' lang='lat' dir='ltr'><strong>dii</strong></span> <span class='ocrx_word' id='word_1_70' title='bbox 864 1202 999 1256; x_wconf 88' lang='lat' dir='ltr'><strong>hanc</strong></span> <span class='ocrx_word' id='word_1_71' title='bbox 1043 1201 1261 1256; x_wconf 89' lang='lat' dir='ltr'><strong>Saturni</strong></span> <span class='ocrx_word' id='word_1_72' title='bbox 1305 1212 1537 1257; x_wconf 88' lang='lat' dir='ltr'><strong>mentem</strong></span> <span class='ocrx_word' id='word_1_73' title='bbox 1589 1205 1800 1271; x_wconf 90' lang='lat' dir='ltr'><strong>penitus</strong></span> <span class='ocrx_word' id='word_1_74' title='bbox 1838 1206 2298 1273; x_wconf 73' lang='lat' dir='ltr'><strong>obstupescerent.</strong></span> 
     </span>
    </p>
   </div>
   <div class='ocr_carea' id='block_1_11' title="bbox 744 1291 2301 1364">
    <p class='ocr_par' dir='ltr' id='par_1_11' title="bbox 744 1291 2301 1364">
     <span class='ocr_line' id='line_1_11' title="bbox 744 1291 2301 1364; baseline 0.005 -21"><span class='ocrx_word' id='word_1_75' title='bbox 744 1293 809 1344; x_wconf 82' lang='lat' dir='ltr'><strong>At</strong></span> <span class='ocrx_word' id='word_1_76' title='bbox 836 1291 1016 1347; x_wconf 71' lang='lat' dir='ltr'><strong>Cadus</strong></span> <span class='ocrx_word' id='word_1_77' title='bbox 1042 1310 1161 1347; x_wconf 83' lang='lat' dir='ltr'><strong>cum</strong></span> <span class='ocrx_word' id='word_1_78' title='bbox 1194 1296 1404 1349; x_wconf 88' lang='lat' dir='ltr'><strong>interim</strong></span> <span class='ocrx_word' id='word_1_79' title='bbox 1431 1296 1721 1357; x_wconf 83' lang='lat' dir='ltr'><strong>exsularet,</strong></span> <span class='ocrx_word' id='word_1_80' title='bbox 1768 1306 1889 1363; x_wconf 90' lang='lat' dir='ltr'><strong>post</strong></span> <span class='ocrx_word' id='word_1_81' title='bbox 1916 1297 2132 1364; x_wconf 87' lang='lat' dir='ltr'><strong>aliquod</strong></span> <span class='ocrx_word' id='word_1_82' title='bbox 2165 1302 2301 1350; x_wconf 55' lang='lat' dir='ltr'><strong>tem;</strong></span> 
     </span>
    </p>
   </div>
   <div class='ocr_carea' id='block_1_12' title="bbox 743 1385 2300 1456">
    <p class='ocr_par' dir='ltr' id='par_1_12' title="bbox 743 1385 2300 1456">
     <span class='ocr_line' id='line_1_12' title="bbox 743 1385 2300 1456; baseline 0.005 -21"><span class='ocrx_word' id='word_1_83' title='bbox 743 1385 887 1450; x_wconf 87' lang='lat' dir='ltr'><strong>poris</strong></span> <span class='ocrx_word' id='word_1_84' title='bbox 941 1387 1309 1451; x_wconf 77' lang='lat' dir='ltr'><strong>intervallum,</strong></span> <span class='ocrx_word' id='word_1_85' title='bbox 1363 1388 1614 1441; x_wconf 81' lang='lat' dir='ltr'><strong>Astarten</strong></span> <span class='ocrx_word' id='word_1_86' title='bbox 1670 1388 1832 1439; x_wconf 84' lang='lat' dir='ltr'><strong>filiam</strong></span> <span class='ocrx_word' id='word_1_87' title='bbox 1881 1389 2142 1456; x_wconf 84' lang='lat' dir='ltr'><strong>virginem</strong></span> <span class='ocrx_word' id='word_1_88' title='bbox 2177 1405 2300 1443; x_wconf 91' lang='lat' dir='ltr'><strong>cum</strong></span> 
     </span>
    </p>
   </div>
   <div class='ocr_carea' id='block_1_13' title="bbox 739 1477 2299 1549">
    <p class='ocr_par' dir='ltr' id='par_1_13' title="bbox 739 1477 2299 1549">
     <span class='ocr_line' id='line_1_13' title="bbox 739 1477 2299 1549; baseline 0.003 -22"><span class='ocrx_word' id='word_1_89' title='bbox 739 1477 948 1530; x_wconf 85' lang='lat' dir='ltr'><strong>duabus</strong></span> <span class='ocrx_word' id='word_1_90' title='bbox 976 1478 1097 1531; x_wconf 90' lang='lat' dir='ltr'><strong>aliis</strong></span> <span class='ocrx_word' id='word_1_91' title='bbox 1115 1480 1389 1531; x_wconf 90' lang='lat' dir='ltr'><strong>sororibus</strong></span> <span class='ocrx_word' id='word_1_92' title='bbox 1414 1478 1557 1532; x_wconf 80' lang='lat' dir='ltr'><strong>Rhea</strong></span> <span class='ocrx_word' id='word_1_93' title='bbox 1585 1479 1837 1533; x_wconf 87' lang='lat' dir='ltr'><strong>nimirum</strong></span> <span class='ocrx_word' id='word_1_94' title='bbox 1862 1496 1924 1533; x_wconf 93' lang='lat' dir='ltr'><strong>ac</strong></span> <span class='ocrx_word' id='word_1_95' title='bbox 1958 1479 2127 1549; x_wconf 83' lang='lat' dir='ltr'><strong>Dione</strong></span> <span class='ocrx_word' id='word_1_96' title='bbox 2149 1496 2299 1534; x_wconf 91' lang='lat' dir='ltr'><strong>sum-</strong></span> 
     </span>
    </p>
   </div>
   <div class='ocr_carea' id='block_1_14' title="bbox 740 1567 2296 1639">
    <p class='ocr_par' dir='ltr' id='par_1_14' title="bbox 740 1567 2296 1639">
     <span class='ocr_line' id='line_1_14' title="bbox 740 1567 2296 1639; baseline 0.003 -20"><span class='ocrx_word' id='word_1_97' title='bbox 740 1568 917 1630; x_wconf 83' lang='lat' dir='ltr'><strong>misit,</strong></span> <span class='ocrx_word' id='word_1_98' title='bbox 955 1584 1076 1635; x_wconf 74' lang='lat' dir='ltr'><strong>qua:</strong></span> <span class='ocrx_word' id='word_1_99' title='bbox 1111 1567 1403 1621; x_wconf 84' lang='lat' dir='ltr'><strong>Saturnum</strong></span> <span class='ocrx_word' id='word_1_100' title='bbox 1436 1569 1623 1622; x_wconf 80' lang='lat' dir='ltr'><strong>fraude</strong></span> <span class='ocrx_word' id='word_1_101' title='bbox 1675 1570 1992 1639; x_wconf 83' lang='lat' dir='ltr'><strong>insidiisque</strong></span> <span class='ocrx_word' id='word_1_102' title='bbox 2034 1572 2296 1624; x_wconf 87' lang='lat' dir='ltr'><strong>tollerent.</strong></span> 
     </span>
    </p>
   </div>
   <div class='ocr_carea' id='block_1_15' title="bbox 742 1658 2297 1732">
    <p class='ocr_par' dir='ltr' id='par_1_15' title="bbox 742 1658 2297 1732">
     <span class='ocr_line' id='line_1_15' title="bbox 742 1658 2297 1732; baseline 0.005 -22"><span class='ocrx_word' id='word_1_103' title='bbox 742 1658 935 1711; x_wconf 81' lang='lat' dir='ltr'><strong>Verum</strong></span> <span class='ocrx_word' id='word_1_104' title='bbox 968 1659 1235 1715; x_wconf 87' lang='lat' dir='ltr'><strong>Saturnus</strong></span> <span class='ocrx_word' id='word_1_105' title='bbox 1264 1663 1466 1730; x_wconf 84' lang='lat' dir='ltr'><strong>puellas</strong></span> <span class='ocrx_word' id='word_1_106' title='bbox 1490 1678 1673 1717; x_wconf 87' lang='lat' dir='ltr'><strong>amore</strong></span> <span class='ocrx_word' id='word_1_107' title='bbox 1694 1664 2074 1732; x_wconf 87' lang='lat' dir='ltr'><strong>blamlitiisqne</strong></span> <span class='ocrx_word' id='word_1_108' title='bbox 2090 1672 2297 1732; x_wconf 85' lang='lat' dir='ltr'><strong>captas,</strong></span> 
     </span>
    </p>
   </div>
   <div class='ocr_carea' id='block_1_16' title="bbox 737 1754 2298 1824">
    <p class='ocr_par' dir='ltr' id='par_1_16' title="bbox 737 1754 2298 1824">
     <span class='ocr_line' id='line_1_16' title="bbox 737 1754 2298 1824; baseline 0.003 -20"><span class='ocrx_word' id='word_1_109' title='bbox 737 1768 953 1805; x_wconf 84' lang='lat' dir='ltr'><strong>sorores</strong></span> <span class='ocrx_word' id='word_1_110' title='bbox 998 1754 1185 1807; x_wconf 88' lang='lat' dir='ltr'><strong>ambas</strong></span> <span class='ocrx_word' id='word_1_111' title='bbox 1211 1770 1392 1808; x_wconf 82' lang='lat' dir='ltr'><strong>secum</strong></span> <span class='ocrx_word' id='word_1_112' title='bbox 1432 1756 1776 1809; x_wconf 85' lang='lat' dir='ltr'><strong>matrimonio</strong></span> <span class='ocrx_word' id='word_1_113' title='bbox 1820 1757 2107 1824; x_wconf 80' lang='lat' dir='ltr'><strong>copulavit.</strong></span> <span class='ocrx_word' id='word_1_114' title='bbox 2146 1755 2298 1821; x_wconf 83' lang='lat' dir='ltr'><strong>Quod</strong></span> 
     </span>
    </p>
   </div>
   <div class='ocr_carea' id='block_1_17' title="bbox 736 1841 2297 1907">
    <p class='ocr_par' dir='ltr' id='par_1_17' title="bbox 736 1841 2297 1907">
     <span class='ocr_line' id='line_1_17' title="bbox 736 1841 2297 1907; baseline 0.003 -12"><span class='ocrx_word' id='word_1_115' title='bbox 736 1843 824 1895; x_wconf 91' lang='lat' dir='ltr'><strong>ubi</strong></span> <span class='ocrx_word' id='word_1_116' title='bbox 852 1841 1035 1898; x_wconf 55' lang='lat' dir='ltr'><strong>Caelus</strong></span> <span class='ocrx_word' id='word_1_117' title='bbox 1060 1844 1334 1907; x_wconf 84' lang='lat' dir='ltr'><strong>audiisset,</strong></span> <span class='ocrx_word' id='word_1_118' title='bbox 1360 1843 1548 1897; x_wconf 76' lang='lat' dir='ltr'><strong>Fatum</strong></span> <span class='ocrx_word' id='word_1_119' title='bbox 1577 1860 1638 1899; x_wconf 90' lang='lat' dir='ltr'><strong>ac</strong></span> <span class='ocrx_word' id='word_1_120' title='bbox 1666 1844 2125 1899; x_wconf 80' lang='lat' dir='ltr'><strong>Puleln-itudinem</strong></span> <span class='ocrx_word' id='word_1_121' title='bbox 2174 1862 2297 1900; x_wconf 90' lang='lat' dir='ltr'><strong>cum</strong></span> 
     </span>
    </p>
   </div>
   <div class='ocr_carea' id='block_1_18' title="bbox 2404 660 3916 732">
    <p class='ocr_par' dir='ltr' id='par_1_18' title="bbox 2404 660 3916 732">
     <span class='ocr_line' id='line_1_18' title="bbox 2404 660 3916 732; baseline -0.003 -16"><span class='ocrx_word' id='word_1_122' title='bbox 2404 666 2494 716; x_wconf 72' lang='grc' dir='ltr'><strong>καὶ</strong></span> <span class='ocrx_word' id='word_1_123' title='bbox 2522 664 2797 732; x_wconf 82' lang='grc' dir='ltr'><strong>ποταμῶν.</strong></span> <span class='ocrx_word' id='word_1_124' title='bbox 2828 662 2993 714; x_wconf 86' lang='grc' dir='ltr'>Ἔνθα</span> <span class='ocrx_word' id='word_1_125' title='bbox 3014 661 3287 731; x_wconf 83' lang='grc' dir='ltr'>ἀφιερώθη</span> <span class='ocrx_word' id='word_1_126' title='bbox 3316 662 3568 731; x_wconf 75' lang='grc' dir='ltr'>Οὐρανὸς,</span> <span class='ocrx_word' id='word_1_127' title='bbox 3602 660 3695 712; x_wconf 77' lang='grc' dir='ltr'>καὶ</span> <span class='ocrx_word' id='word_1_128' title='bbox 3718 661 3916 730; x_wconf 86' lang='grc' dir='ltr'>ἀπηρτί-</span> 
     </span>
    </p>
   </div>
   <div class='ocr_carea' id='block_1_19' title="bbox 2405 748 3920 823">
    <p class='ocr_par' dir='ltr' id='par_1_19' title="bbox 2405 748 3920 823">
     <span class='ocr_line' id='line_1_19' title="bbox 2405 748 3920 823; baseline -0.003 -18"><span class='ocrx_word' id='word_1_129' title='bbox 2405 754 2505 823; x_wconf 89' lang='grc' dir='ltr'><strong>σθη</strong></span> <span class='ocrx_word' id='word_1_130' title='bbox 2529 753 2690 807; x_wconf 78' lang='grc' dir='ltr'>αὐτοῦ</span> <span class='ocrx_word' id='word_1_131' title='bbox 2715 754 2775 805; x_wconf 78' lang='grc' dir='ltr'><strong>τὸ</strong></span> <span class='ocrx_word' id='word_1_132' title='bbox 2799 752 3036 822; x_wconf 82' lang='grc' dir='ltr'>πνεῦμα,</span> <span class='ocrx_word' id='word_1_133' title='bbox 3087 754 3181 805; x_wconf 75' lang='grc' dir='ltr'><strong>καὶ</strong></span> <span class='ocrx_word' id='word_1_134' title='bbox 3211 752 3509 815; x_wconf 78' lang='grc' dir='ltr'>ἀπέσταξεν</span> <span class='ocrx_word' id='word_1_135' title='bbox 3538 751 3700 803; x_wconf 76' lang='grc' dir='ltr'>αὑτοῦ</span> <span class='ocrx_word' id='word_1_136' title='bbox 3728 751 3784 802; x_wconf 81' lang='grc' dir='ltr'><strong>τὸ</strong></span> <span class='ocrx_word' id='word_1_137' title='bbox 3809 748 3920 819; x_wconf 80' lang='grc' dir='ltr'>αἷμα</span> 
     </span>
    </p>
   </div>
   <div class='ocr_carea' id='block_1_20' title="bbox 2402 842 3919 912">
    <p class='ocr_par' dir='ltr' id='par_1_20' title="bbox 2402 842 3919 912">
     <span class='ocr_line' id='line_1_20' title="bbox 2402 842 3919 912; baseline -0.001 -15"><span class='ocrx_word' id='word_1_138' title='bbox 2402 845 2507 898; x_wconf 87' lang='grc' dir='ltr'><strong>τῶν</strong></span> <span class='ocrx_word' id='word_1_139' title='bbox 2532 846 2739 897; x_wconf 82' lang='grc' dir='ltr'>αἰδοίων</span> <span class='ocrx_word' id='word_1_140' title='bbox 2815 847 2893 907; x_wconf 83' lang='grc' dir='ltr'><strong>είς</strong></span> <span class='ocrx_word' id='word_1_141' title='bbox 2939 848 3036 905; x_wconf 73' lang='grc' dir='ltr'><strong>τὰς</strong></span> <span class='ocrx_word' id='word_1_142' title='bbox 3079 845 3280 912; x_wconf 71' lang='grc' dir='ltr'>πηγὰς,</span> <span class='ocrx_word' id='word_1_143' title='bbox 3312 845 3404 895; x_wconf 82' lang='grc' dir='ltr'>καὶ</span> <span class='ocrx_word' id='word_1_144' title='bbox 3452 844 3555 894; x_wconf 86' lang='grc' dir='ltr'><strong>τῶν</strong></span> <span class='ocrx_word' id='word_1_145' title='bbox 3599 842 3843 912; x_wconf 81' lang='grc' dir='ltr'><strong>ποταμῶν</strong></span> <span class='ocrx_word' id='word_1_146' title='bbox 3866 842 3919 895; x_wconf 82' lang='grc' dir='ltr'>τὰ</span> 
     </span>
    </p>
   </div>
   <div class='ocr_carea' id='block_1_21' title="bbox 2404 933 3921 1006">
    <p class='ocr_par' dir='ltr' id='par_1_21' title="bbox 2404 933 3921 1006">
     <span class='ocr_line' id='line_1_21' title="bbox 2404 933 3921 1006; baseline -0.002 -18"><span class='ocrx_word' id='word_1_147' title='bbox 2404 935 2586 1001; x_wconf 77' lang='grc' dir='ltr'>ὕδατα,</span> <span class='ocrx_word' id='word_1_148' title='bbox 2624 937 2716 989; x_wconf 74' lang='grc' dir='ltr'>καὶ</span> <span class='ocrx_word' id='word_1_149' title='bbox 2746 936 2903 1006; x_wconf 80' lang='grc' dir='ltr'>μέχρι</span> <span class='ocrx_word' id='word_1_150' title='bbox 2933 935 3119 987; x_wconf 85' lang='grc' dir='ltr'>τούτου</span> <span class='ocrx_word' id='word_1_151' title='bbox 3172 934 3439 988; x_wconf 83' lang='grc' dir='ltr'>δείκνυται</span> <span class='ocrx_word' id='word_1_152' title='bbox 3469 934 3529 985; x_wconf 73' lang='grc' dir='ltr'><strong>τὸ</strong></span> <span class='ocrx_word' id='word_1_153' title='bbox 3577 933 3817 1003; x_wconf 78' lang='grc' dir='ltr'><strong>χωρίον.»</strong></span> <span class='ocrx_word' id='word_1_154' title='bbox 3841 934 3921 985; x_wconf 85' lang='grc' dir='ltr'>Το-</span> 
     </span>
    </p>
   </div>
   <div class='ocr_carea' id='block_1_22' title="bbox 2406 1023 3921 1097">
    <p class='ocr_par' dir='ltr' id='par_1_22' title="bbox 2406 1023 3921 1097">
     <span class='ocr_line' id='line_1_22' title="bbox 2406 1023 3921 1097; baseline -0.001 -19"><span class='ocrx_word' id='word_1_155' title='bbox 2406 1025 2563 1078; x_wconf 80' lang='grc' dir='ltr'><strong>σοῦτο</strong></span> <span class='ocrx_word' id='word_1_156' title='bbox 2591 1027 2689 1095; x_wconf 84' lang='grc' dir='ltr'>μὲν</span> <span class='ocrx_word' id='word_1_157' title='bbox 2714 1026 2776 1097; x_wconf 82' lang='grc' dir='ltr'>δὴ</span> <span class='ocrx_word' id='word_1_158' title='bbox 2808 1026 2875 1077; x_wconf 88' lang='grc' dir='ltr'><strong>τά</strong></span> <span class='ocrx_word' id='word_1_159' title='bbox 2897 1025 2990 1077; x_wconf 82' lang='grc' dir='ltr'>τοῦ</span> <span class='ocrx_word' id='word_1_160' title='bbox 3008 1025 3233 1096; x_wconf 79' lang='grc' dir='ltr'><strong>Κρόνου,</strong></span> <span class='ocrx_word' id='word_1_161' title='bbox 3252 1027 3345 1077; x_wconf 77' lang='grc' dir='ltr'>καὶ</span> <span class='ocrx_word' id='word_1_162' title='bbox 3370 1024 3590 1077; x_wconf 79' lang='grc' dir='ltr'>τοιαῦτά</span> <span class='ocrx_word' id='word_1_163' title='bbox 3618 1041 3681 1091; x_wconf 87' lang='grc' dir='ltr'><strong>γε</strong></span> <span class='ocrx_word' id='word_1_164' title='bbox 3706 1023 3792 1076; x_wconf 77' lang='grc' dir='ltr'>τοῦ</span> <span class='ocrx_word' id='word_1_165' title='bbox 3815 1025 3921 1095; x_wconf 83' lang='grc' dir='ltr'>παρ’</span> 
     </span>
    </p>
   </div>
   <div class='ocr_carea' id='block_1_23' title="bbox 2406 1114 3920 1188">
    <p class='ocr_par' dir='ltr' id='par_1_23' title="bbox 2406 1114 3920 1188">
     <span class='ocr_line' id='line_1_23' title="bbox 2406 1114 3920 1188; baseline 0 -18"><span class='ocrx_word' id='word_1_166' title='bbox 2406 1119 2625 1187; x_wconf 84' lang='grc' dir='ltr'>Ἕλλησι</span> <span class='ocrx_word' id='word_1_167' title='bbox 2659 1118 2927 1188; x_wconf 79' lang='grc' dir='ltr'>βοωμένου</span> <span class='ocrx_word' id='word_1_168' title='bbox 2962 1117 3076 1186; x_wconf 83' lang='grc' dir='ltr'>βίου</span> <span class='ocrx_word' id='word_1_169' title='bbox 3123 1116 3231 1169; x_wconf 90' lang='grc' dir='ltr'><strong>τῶν</strong></span> <span class='ocrx_word' id='word_1_170' title='bbox 3276 1118 3368 1169; x_wconf 73' lang='grc' dir='ltr'><strong>ἐπὶ</strong></span> <span class='ocrx_word' id='word_1_171' title='bbox 3413 1116 3619 1187; x_wconf 87' lang='grc' dir='ltr'>Κρόνου</span> <span class='ocrx_word' id='word_1_172' title='bbox 3648 1114 3718 1167; x_wconf 75' lang='grc' dir='ltr'>τὰ</span> <span class='ocrx_word' id='word_1_173' title='bbox 3760 1116 3920 1184; x_wconf 81' lang='grc' dir='ltr'>σεμνά.</span> 
     </span>
    </p>
   </div>
   <div class='ocr_carea' id='block_1_24' title="bbox 2402 1207 3924 1303">
    <p class='ocr_par' dir='ltr' id='par_1_24' title="bbox 2402 1207 3924 1303">
     <span class='ocr_line' id='line_1_24' title="bbox 2402 1207 3924 1303; baseline -0.001 -42"><span class='ocrx_word' id='word_1_174' title='bbox 2402 1208 2508 1272; x_wconf 75' lang='grc' dir='ltr'>Οὓς</span> <span class='ocrx_word' id='word_1_175' title='bbox 2540 1210 2632 1260; x_wconf 88' lang='grc' dir='ltr'><strong>καί</strong></span> <span class='ocrx_word' id='word_1_176' title='bbox 2685 1226 2813 1275; x_wconf 85' lang='grc' dir='ltr'>φασι</span> <span class='ocrx_word' id='word_1_177' title='bbox 2858 1209 3131 1303; x_wconf 79' lang='grc' dir='ltr'>γεγονέναι</span> <span class='ocrx_word' id='word_1_178' title='bbox 3176 1208 3388 1279; x_wconf 84' lang='grc' dir='ltr'>πρῶτον</span> <span class='ocrx_word' id='word_1_179' title='bbox 3444 1207 3669 1277; x_wconf 76' lang='grc' dir='ltr'>χρύσεόν</span> <span class='ocrx_word' id='word_1_180' title='bbox 3709 1224 3764 1258; x_wconf 89' lang='grc' dir='ltr'><strong>τε</strong></span> <span class='ocrx_word' id='word_1_181' title='bbox 3796 1207 3924 1274; x_wconf 83' lang='grc' dir='ltr'>γένος</span> 
     </span>
    </p>
   </div>
   <div class='ocr_carea' id='block_1_25' title="bbox 2407 1297 3924 1369">
    <p class='ocr_par' dir='ltr' id='par_1_25' title="bbox 2407 1297 3924 1369">
     <span class='ocr_line' id='line_1_25' title="bbox 2407 1297 3924 1369; baseline -0.001 -20"><span class='ocrx_word' id='word_1_182' title='bbox 2407 1298 2655 1369; x_wconf 86' lang='grc' dir='ltr'>μερόπων</span> <span class='ocrx_word' id='word_1_183' title='bbox 2678 1298 2773 1350; x_wconf 81' lang='grc' dir='ltr'><strong>ἀνθ</strong></span> <span class='ocrx_word' id='word_1_184' title='bbox 2784 1297 2996 1368; x_wconf 84' lang='grc' dir='ltr'>ρώπων,</span> <span class='ocrx_word' id='word_1_185' title='bbox 3022 1298 3119 1367; x_wconf 79' lang='grc' dir='ltr'>τῆς</span> <span class='ocrx_word' id='word_1_186' title='bbox 3157 1299 3586 1369; x_wconf 74' lang='grc' dir='ltr'><strong>μακαριζομένης</strong></span> <span class='ocrx_word' id='word_1_187' title='bbox 3612 1298 3817 1366; x_wconf 77' lang='grc' dir='ltr'>ἐκείνης</span> <span class='ocrx_word' id='word_1_188' title='bbox 3838 1297 3924 1347; x_wconf 84' lang='grc' dir='ltr'><strong>τῶν</strong></span> 
     </span>
    </p>
   </div>
   <div class='ocr_carea' id='block_1_26' title="bbox 2405 1388 3926 1459">
    <p class='ocr_par' dir='ltr' id='par_1_26' title="bbox 2405 1388 3926 1459">
     <span class='ocr_line' id='line_1_26' title="bbox 2405 1388 3926 1459; baseline -0.001 -19"><span class='ocrx_word' id='word_1_189' title='bbox 2405 1388 2644 1441; x_wconf 84' lang='grc' dir='ltr'>παλαιῶν</span> <span class='ocrx_word' id='word_1_190' title='bbox 2678 1389 3030 1459; x_wconf 80' lang='grc' dir='ltr'>εὐδαιμονίας.</span> <span class='ocrx_word' id='word_1_191' title='bbox 3062 1389 3224 1441; x_wconf 80' lang='grc' dir='ltr'>Πάλιν</span> <span class='ocrx_word' id='word_1_192' title='bbox 3242 1389 3296 1440; x_wconf 84' lang='grc' dir='ltr'>δὲ</span> <span class='ocrx_word' id='word_1_193' title='bbox 3325 1391 3352 1440; x_wconf 89' lang='grc' dir='ltr'>ὁ</span> <span class='ocrx_word' id='word_1_194' title='bbox 3384 1390 3721 1459; x_wconf 80' lang='grc' dir='ltr'>συγγραφεὺς</span> <span class='ocrx_word' id='word_1_195' title='bbox 3746 1388 3926 1450; x_wconf 77' lang='grc' dir='ltr'>τούτοις</span> 
     </span>
    </p>
   </div>
   <div class='ocr_carea' id='block_1_27' title="bbox 2402 1479 3926 1551">
    <p class='ocr_par' dir='ltr' id='par_1_27' title="bbox 2402 1479 3926 1551">
     <span class='ocr_line' id='line_1_27' title="bbox 2402 1479 3926 1551; baseline -0.001 -19"><span class='ocrx_word' id='word_1_196' title='bbox 2402 1481 2649 1551; x_wconf 53' lang='grc' dir='ltr'>ἐπιφέρειν</span> <span class='ocrx_word' id='word_1_197' title='bbox 2674 1480 2788 1549; x_wconf 82' lang='grc' dir='ltr'>μεθ’</span> <span class='ocrx_word' id='word_1_198' title='bbox 2807 1480 2968 1551; x_wconf 78' lang='grc' dir='ltr'>ἕτερα</span> <span class='ocrx_word' id='word_1_199' title='bbox 2997 1480 3181 1547; x_wconf 81' lang='grc' dir='ltr'>λέγων·</span> <span class='ocrx_word' id='word_1_200' title='bbox 3218 1498 3236 1530; x_wconf 89' lang='grc'><strong>‹</strong></span> <span class='ocrx_word' id='word_1_201' title='bbox 3258 1480 3519 1551; x_wconf 79' lang='grc' dir='ltr'>Ἀστάρτη</span> <span class='ocrx_word' id='word_1_202' title='bbox 3552 1481 3609 1532; x_wconf 85' lang='grc' dir='ltr'>δὲ</span> <span class='ocrx_word' id='word_1_203' title='bbox 3634 1482 3665 1547; x_wconf 80' lang='grc' dir='ltr'>ἡ</span> <span class='ocrx_word' id='word_1_204' title='bbox 3688 1479 3926 1547; x_wconf 76' lang='grc' dir='ltr'><strong>Μεγίστη,</strong></span> 
     </span>
    </p>
   </div>
   <div class='ocr_carea' id='block_1_28' title="bbox 2402 1570 3927 1640">
    <p class='ocr_par' dir='ltr' id='par_1_28' title="bbox 2402 1570 3927 1640">
     <span class='ocr_line' id='line_1_28' title="bbox 2402 1570 3927 1640; baseline 0.001 -18"><span class='ocrx_word' id='word_1_205' title='bbox 2402 1572 2489 1623; x_wconf 69' lang='grc' dir='ltr'><strong>καὶ</strong></span> <span class='ocrx_word' id='word_1_206' title='bbox 2516 1571 2648 1632; x_wconf 77' lang='grc' dir='ltr'>Ζεὺς</span> <span class='ocrx_word' id='word_1_207' title='bbox 2675 1571 2957 1640; x_wconf 82' lang='grc' dir='ltr'>Δημαροῦς</span> <span class='ocrx_word' id='word_1_208' title='bbox 2985 1572 3076 1623; x_wconf 74' lang='grc' dir='ltr'><strong>καὶ</strong></span> <span class='ocrx_word' id='word_1_209' title='bbox 3106 1570 3335 1633; x_wconf 78' lang='grc' dir='ltr'>Ἀδωδος</span> <span class='ocrx_word' id='word_1_210' title='bbox 3359 1570 3605 1640; x_wconf 86' lang='grc' dir='ltr'>βασιλεὺς</span> <span class='ocrx_word' id='word_1_211' title='bbox 3633 1572 3787 1636; x_wconf 87' lang='grc' dir='ltr'>θεῶν,</span> <span class='ocrx_word' id='word_1_212' title='bbox 3819 1574 3927 1623; x_wconf 80' lang='grc' dir='ltr'><strong>ὲὸα-</strong></span> 
     </span>
    </p>
   </div>
   <div class='ocr_carea' id='block_1_29' title="bbox 2402 1659 3928 1732">
    <p class='ocr_par' dir='ltr' id='par_1_29' title="bbox 2402 1659 3928 1732">
     <span class='ocr_line' id='line_1_29' title="bbox 2402 1659 3928 1732; baseline 0.003 -22"><span class='ocrx_word' id='word_1_213' title='bbox 2402 1661 2605 1713; x_wconf 86' lang='grc' dir='ltr'>σίλευον</span> <span class='ocrx_word' id='word_1_214' title='bbox 2635 1662 2731 1730; x_wconf 75' lang='grc' dir='ltr'>τῆς</span> <span class='ocrx_word' id='word_1_215' title='bbox 2760 1662 2959 1731; x_wconf 83' lang='grc' dir='ltr'>χώρας,</span> <span class='ocrx_word' id='word_1_216' title='bbox 2995 1662 3198 1731; x_wconf 82' lang='grc' dir='ltr'>Κρόνου</span> <span class='ocrx_word' id='word_1_217' title='bbox 3237 1659 3449 1731; x_wconf 76' lang='grc' dir='ltr'>γνώμῃ.</span> <span class='ocrx_word' id='word_1_218' title='bbox 3494 1663 3555 1713; x_wconf 80' lang='grc' dir='ltr'><strong>Ἠ</strong></span> <span class='ocrx_word' id='word_1_219' title='bbox 3588 1662 3643 1713; x_wconf 81' lang='grc' dir='ltr'>δὲ</span> <span class='ocrx_word' id='word_1_220' title='bbox 3691 1662 3928 1732; x_wconf 80' lang='grc' dir='ltr'>Ἀστάρτη</span> 
     </span>
    </p>
   </div>
   <div class='ocr_carea' id='block_1_30' title="bbox 2400 1751 3931 1823">
    <p class='ocr_par' dir='ltr' id='par_1_30' title="bbox 2400 1751 3931 1823">
     <span class='ocr_line' id='line_1_30' title="bbox 2400 1751 3931 1823; baseline 0 -19"><span class='ocrx_word' id='word_1_221' title='bbox 2400 1752 2631 1822; x_wconf 76' lang='grc' dir='ltr'>ἐπέθηκε</span> <span class='ocrx_word' id='word_1_222' title='bbox 2658 1756 2723 1822; x_wconf 81' lang='grc' dir='ltr'>τῇ</span> <span class='ocrx_word' id='word_1_223' title='bbox 2751 1752 2853 1823; x_wconf 77' lang='grc' dir='ltr'>ἰδία</span> <span class='ocrx_word' id='word_1_224' title='bbox 2875 1751 3080 1823; x_wconf 80' lang='grc' dir='ltr'>κεφαλῇ</span> <span class='ocrx_word' id='word_1_225' title='bbox 3110 1752 3382 1821; x_wconf 78' lang='grc' dir='ltr'>βασιλείας</span> <span class='ocrx_word' id='word_1_226' title='bbox 3429 1752 3751 1821; x_wconf 72' lang='grc' dir='ltr'>παράσημον</span> <span class='ocrx_word' id='word_1_227' title='bbox 3784 1769 3931 1819; x_wconf 81' lang='grc' dir='ltr'>κεφα-</span> 
     </span>
    </p>
   </div>
   <div class='ocr_carea' id='block_1_31' title="bbox 2401 1842 3933 1917">
    <p class='ocr_par' dir='ltr' id='par_1_31' title="bbox 2401 1842 3933 1917">
     <span class='ocr_line' id='line_1_31' title="bbox 2401 1842 3933 1917; baseline 0.001 -20"><span class='ocrx_word' id='word_1_228' title='bbox 2401 1846 2494 1916; x_wconf 84' lang='grc' dir='ltr'><strong>λὴν</strong></span> <span class='ocrx_word' id='word_1_229' title='bbox 2516 1846 2731 1917; x_wconf 66' lang='grc' dir='ltr'>ταῦρον’</span> <span class='ocrx_word' id='word_1_230' title='bbox 2763 1845 3146 1916; x_wconf 80' lang='grc' dir='ltr'>περινοστοῦσα</span> <span class='ocrx_word' id='word_1_231' title='bbox 3173 1846 3231 1898; x_wconf 82' lang='grc' dir='ltr'>δὲ</span> <span class='ocrx_word' id='word_1_232' title='bbox 3276 1844 3373 1916; x_wconf 83' lang='grc' dir='ltr'>τὴν</span> <span class='ocrx_word' id='word_1_233' title='bbox 3417 1844 3757 1915; x_wconf 74' lang='grc' dir='ltr'>οἰκουμένην,</span> <span class='ocrx_word' id='word_1_234' title='bbox 3797 1842 3933 1916; x_wconf 74' lang='grc' dir='ltr'>εὗρεν</span> 
     </span>
    </p>
   </div>
   <div class='ocr_carea' id='block_1_32' title="bbox 735 1924 2291 2007">
    <p class='ocr_par' dir='ltr' id='par_1_32' title="bbox 735 1931 2291 2004">
     <span class='ocr_line' id='line_1_32' title="bbox 735 1931 2291 2004; baseline 0.005 -22"><span class='ocrx_word' id='word_1_235' title='bbox 735 1931 855 1985; x_wconf 84' lang='lat' dir='ltr'><strong>aliis</strong></span> <span class='ocrx_word' id='word_1_236' title='bbox 904 1934 1067 1987; x_wconf 90' lang='lat' dir='ltr'><strong>sociis</strong></span> <span class='ocrx_word' id='word_1_237' title='bbox 1114 1934 1376 1987; x_wconf 84' lang='lat' dir='ltr'><strong>adversus</strong></span> <span class='ocrx_word' id='word_1_238' title='bbox 1422 1950 1544 1988; x_wconf 91' lang='lat' dir='ltr'><strong>eum</strong></span> <span class='ocrx_word' id='word_1_239' title='bbox 1589 1935 1982 2003; x_wconf 74' lang='lat' dir='ltr'><strong>expeditionem</strong></span> <span class='ocrx_word' id='word_1_240' title='bbox 2031 1936 2291 2004; x_wconf 76' lang='lat' dir='ltr'><strong>suscipere</strong></span> 
     </span>
    </p>
   </div>
   <div class='ocr_carea' id='block_1_33' title="bbox 2395 1924 3931 2007">
    <p class='ocr_par' dir='ltr' id='par_1_33' title="bbox 2398 1928 3931 2007">
     <span class='ocr_line' id='line_1_33' title="bbox 2398 1928 3931 2007; baseline -0.001 -18"><span class='ocrx_word' id='word_1_241' title='bbox 2398 1928 2670 2007; x_wconf 73' lang='grc' dir='ltr'>ἀεροπετῆ</span> <span class='ocrx_word' id='word_1_242' title='bbox 2727 1937 2946 2007; x_wconf 81' lang='grc' dir='ltr'>ἀστέρα,</span> <span class='ocrx_word' id='word_1_243' title='bbox 3005 1936 3062 1989; x_wconf 83' lang='grc' dir='ltr'>ὃν</span> <span class='ocrx_word' id='word_1_244' title='bbox 3108 1939 3201 1989; x_wconf 78' lang='grc' dir='ltr'>καὶ</span> <span class='ocrx_word' id='word_1_245' title='bbox 3256 1936 3568 2006; x_wconf 80' lang='grc' dir='ltr'>ἀνελομένη,</span> <span class='ocrx_word' id='word_1_246' title='bbox 3605 1936 3662 1987; x_wconf 78' lang='grc' dir='ltr'>ὲν</span> <span class='ocrx_word' id='word_1_247' title='bbox 3701 1935 3852 2006; x_wconf 72' lang='grc' dir='ltr'><strong>τύρῳ</strong></span> <span class='ocrx_word' id='word_1_248' title='bbox 3876 1939 3931 2007; x_wconf 76' lang='grc' dir='ltr'>τῇ</span> 
     </span>
    </p>
   </div>
   <div class='ocr_carea' id='block_1_34' title="bbox 729 2024 2300 2094">
    <p class='ocr_par' dir='ltr' id='par_1_34' title="bbox 729 2024 2300 2094">
     <span class='ocr_line' id='line_1_34' title="bbox 729 2024 2300 2094; baseline 0.003 -16"><span class='ocrx_word' id='word_1_249' title='bbox 729 2024 933 2092; x_wconf 78' lang='lat' dir='ltr'><strong>jussit,</strong></span> <span class='ocrx_word' id='word_1_250' title='bbox 965 2040 1126 2093; x_wconf 90' lang='lat' dir='ltr'><strong>quam</strong></span> <span class='ocrx_word' id='word_1_251' title='bbox 1171 2027 1371 2094; x_wconf 89' lang='lat' dir='ltr'><strong>pariter</strong></span> <span class='ocrx_word' id='word_1_252' title='bbox 1407 2034 1691 2094; x_wconf 89' lang='lat' dir='ltr'><strong>utramque</strong></span> <span class='ocrx_word' id='word_1_253' title='bbox 1740 2025 2006 2081; x_wconf 92' lang='lat' dir='ltr'><strong>Saturnus</strong></span> <span class='ocrx_word' id='word_1_254' title='bbox 2038 2028 2300 2083; x_wconf 84' lang='lat' dir='ltr'><strong>illecebris</strong></span> 
     </span>
    </p>
   </div>
   <div class='ocr_carea' id='block_1_35' title="bbox 733 2115 2297 2189">
    <p class='ocr_par' dir='ltr' id='par_1_35' title="bbox 733 2115 2297 2189">
     <span class='ocr_line' id='line_1_35' title="bbox 733 2115 2297 2189; baseline 0.003 -20"><span class='ocrx_word' id='word_1_255' title='bbox 733 2115 1009 2169; x_wconf 84' lang='lat' dir='ltr'><strong>delinitam</strong></span> <span class='ocrx_word' id='word_1_256' title='bbox 1055 2118 1192 2185; x_wconf 87' lang='lat' dir='ltr'><strong>apud</strong></span> <span class='ocrx_word' id='word_1_257' title='bbox 1218 2133 1275 2171; x_wconf 88' lang='lat' dir='ltr'><strong>se</strong></span> <span class='ocrx_word' id='word_1_258' title='bbox 1309 2118 1549 2171; x_wconf 89' lang='lat' dir='ltr'><strong>retinuit.</strong></span> <span class='ocrx_word' id='word_1_259' title='bbox 1585 2117 1843 2173; x_wconf 62' lang='lat' dir='ltr'><strong>Praeterea</strong></span> <span class='ocrx_word' id='word_1_260' title='bbox 1872 2119 2072 2184; x_wconf 69' lang='lat' dir='ltr'><strong>(Icelus,</strong></span> <span class='ocrx_word' id='word_1_261' title='bbox 2105 2122 2297 2189; x_wconf 81' lang='lat' dir='ltr'><strong>inquit,</strong></span> 
     </span>
    </p>
   </div>
   <div class='ocr_carea' id='block_1_36' title="bbox 734 2202 2298 2279">
    <p class='ocr_par' dir='ltr' id='par_1_36' title="bbox 734 2202 2298 2279">
     <span class='ocr_line' id='line_1_36' title="bbox 734 2202 2298 2279; baseline 0.005 -20"><span class='ocrx_word' id='word_1_262' title='bbox 734 2204 877 2262; x_wconf 86' lang='lat' dir='ltr'><strong>Deus</strong></span> <span class='ocrx_word' id='word_1_263' title='bbox 922 2206 1139 2277; x_wconf 57' lang='lat' dir='ltr'><strong>Birtylia</strong></span> <span class='ocrx_word' id='word_1_264' title='bbox 1193 2202 1425 2277; x_wconf 88' lang='lat' dir='ltr'><strong>reperit,</strong></span> <span class='ocrx_word' id='word_1_265' title='bbox 1478 2211 1746 2263; x_wconf 88' lang='lat' dir='ltr'><strong>animatos</strong></span> <span class='ocrx_word' id='word_1_266' title='bbox 1805 2210 2004 2279; x_wconf 90' lang='lat' dir='ltr'><strong>lapides</strong></span> <span class='ocrx_word' id='word_1_267' title='bbox 2050 2212 2298 2267; x_wconf 90' lang='lat' dir='ltr'><strong>insolenti</strong></span> 
     </span>
    </p>
   </div>
   <div class='ocr_carea' id='block_1_37' title="bbox 731 2294 2300 2369">
    <p class='ocr_par' dir='ltr' id='par_1_37' title="bbox 731 2294 2300 2369">
     <span class='ocr_line' id='line_1_37' title="bbox 731 2294 2300 2369; baseline 0.005 -21"><span class='ocrx_word' id='word_1_268' title='bbox 731 2304 848 2351; x_wconf 75' lang='lat' dir='ltr'><strong>arte</strong></span> <span class='ocrx_word' id='word_1_269' title='bbox 872 2297 1111 2352; x_wconf 87' lang='lat' dir='ltr'><strong>molitus.</strong></span> <span class='ocrx_word' id='word_1_270' title='bbox 1148 2294 1446 2363; x_wconf 65' lang='lat' dir='ltr'><strong>Caaterum,</strong></span> <span class='ocrx_word' id='word_1_271' title='bbox 1487 2299 1697 2352; x_wconf 79' lang='lat' dir='ltr'><strong>Astarte</strong></span> <span class='ocrx_word' id='word_1_272' title='bbox 1730 2299 1868 2353; x_wconf 82' lang='lat' dir='ltr'><strong>filias</strong></span> <span class='ocrx_word' id='word_1_273' title='bbox 1897 2309 2101 2369; x_wconf 88' lang='lat' dir='ltr'><strong>septem</strong></span> <span class='ocrx_word' id='word_1_274' title='bbox 2152 2300 2300 2356; x_wconf 58' lang='lat' dir='ltr'><strong>Titac</strong></span> 
     </span>
    </p>
   </div>
   <div class='ocr_carea' id='block_1_38' title="bbox 737 2389 2298 2463">
    <p class='ocr_par' dir='ltr' id='par_1_38' title="bbox 737 2389 2298 2463">
     <span class='ocr_line' id='line_1_38' title="bbox 737 2389 2298 2463; baseline 0.007 -24"><span class='ocrx_word' id='word_1_275' title='bbox 737 2389 914 2452; x_wconf 78' lang='lat' dir='ltr'><strong>nidus,</strong></span> <span class='ocrx_word' id='word_1_276' title='bbox 955 2390 1066 2443; x_wconf 91' lang='lat' dir='ltr'><strong>sive</strong></span> <span class='ocrx_word' id='word_1_277' title='bbox 1099 2389 1297 2444; x_wconf 87' lang='lat' dir='ltr'><strong>Dianas</strong></span> <span class='ocrx_word' id='word_1_278' title='bbox 1334 2391 1569 2445; x_wconf 93' lang='lat' dir='ltr'><strong>Saturno</strong></span> <span class='ocrx_word' id='word_1_279' title='bbox 1595 2393 1820 2461; x_wconf 85' lang='lat' dir='ltr'><strong>peperit,</strong></span> <span class='ocrx_word' id='word_1_280' title='bbox 1850 2393 2117 2463; x_wconf 84' lang='lat' dir='ltr'><strong>simulque</strong></span> <span class='ocrx_word' id='word_1_281' title='bbox 2146 2395 2298 2450; x_wconf 76' lang='lat' dir='ltr'><strong>Rhea</strong></span> 
     </span>
    </p>
   </div>
   <div class='ocr_carea' id='block_1_39' title="bbox 734 2480 2297 2553">
    <p class='ocr_par' dir='ltr' id='par_1_39' title="bbox 734 2480 2297 2553">
     <span class='ocr_line' id='line_1_39' title="bbox 734 2480 2297 2553; baseline 0.005 -20"><span class='ocrx_word' id='word_1_282' title='bbox 734 2481 951 2534; x_wconf 84' lang='lat' dir='ltr'><strong>totidem</strong></span> <span class='ocrx_word' id='word_1_283' title='bbox 984 2480 1124 2535; x_wconf 84' lang='lat' dir='ltr'><strong>filios</strong></span> <span class='ocrx_word' id='word_1_284' title='bbox 1145 2522 1159 2547; x_wconf 94' lang='lat'><strong>,</strong></span> <span class='ocrx_word' id='word_1_285' title='bbox 1184 2496 1414 2550; x_wconf 91' lang='lat' dir='ltr'><strong>quorum</strong></span> <span class='ocrx_word' id='word_1_286' title='bbox 1442 2494 1748 2553; x_wconf 88' lang='lat' dir='ltr'><strong>postremus</strong></span> <span class='ocrx_word' id='word_1_287' title='bbox 1779 2494 1838 2536; x_wconf 89' lang='lat' dir='ltr'><strong>ut</strong></span> <span class='ocrx_word' id='word_1_288' title='bbox 1858 2484 2089 2552; x_wconf 85' lang='lat' dir='ltr'><strong>primum</strong></span> <span class='ocrx_word' id='word_1_289' title='bbox 2122 2486 2297 2541; x_wconf 87' lang='lat' dir='ltr'><strong>lucem</strong></span> 
     </span>
    </p>
   </div>
   <div class='ocr_carea' id='block_1_40' title="bbox 729 2572 2297 2643">
    <p class='ocr_par' dir='ltr' id='par_1_40' title="bbox 729 2572 2297 2643">
     <span class='ocr_line' id='line_1_40' title="bbox 729 2572 2297 2643; baseline 0.005 -22"><span class='ocrx_word' id='word_1_290' title='bbox 729 2572 938 2638; x_wconf 77' lang='lat' dir='ltr'><strong>aspexit</strong></span> <span class='ocrx_word' id='word_1_291' title='bbox 961 2581 1310 2626; x_wconf 85' lang='lat' dir='ltr'><strong>consecratus</strong></span> <span class='ocrx_word' id='word_1_292' title='bbox 1326 2581 1425 2626; x_wconf 87' lang='lat' dir='ltr'><strong>est.</strong></span> <span class='ocrx_word' id='word_1_293' title='bbox 1451 2573 1592 2637; x_wconf 83' lang='lat' dir='ltr'><strong>Quin</strong></span> <span class='ocrx_word' id='word_1_294' title='bbox 1615 2574 1777 2626; x_wconf 89' lang='lat' dir='ltr'><strong>etiam</strong></span> <span class='ocrx_word' id='word_1_295' title='bbox 1800 2587 1865 2626; x_wconf 82' lang='lat' dir='ltr'><strong>ex</strong></span> <span class='ocrx_word' id='word_1_296' title='bbox 1884 2572 2053 2627; x_wconf 86' lang='lat' dir='ltr'><strong>Dione</strong></span> <span class='ocrx_word' id='word_1_297' title='bbox 2076 2575 2297 2643; x_wconf 87' lang='lat' dir='ltr'><strong>quidem</strong></span> 
     </span>
    </p>
   </div>
   <div class='ocr_carea' id='block_1_41' title="bbox 731 2644 2297 2733">
    <p class='ocr_par' dir='ltr' id='par_1_41' title="bbox 731 2644 2297 2733">
     <span class='ocr_line' id='line_1_41' title="bbox 731 2644 2297 2733; baseline 0.004 -22"><span class='ocrx_word' id='word_1_298' title='bbox 731 2663 965 2723; x_wconf 82' lang='lat' dir='ltr'><strong>puellas.</strong></span> <span class='ocrx_word' id='word_1_299' title='bbox 994 2678 1060 2716; x_wconf 75' lang='lat' dir='ltr'><strong>ex</strong></span> <span class='ocrx_word' id='word_1_300' title='bbox 1096 2663 1312 2718; x_wconf 76' lang='lat' dir='ltr'><strong>Astarte</strong></span> <span class='ocrx_word' id='word_1_301' title='bbox 1338 2679 1465 2718; x_wconf 87' lang='lat' dir='ltr'><strong>vero</strong></span> <span class='ocrx_word' id='word_1_302' title='bbox 1497 2679 1677 2719; x_wconf 89' lang='lat' dir='ltr'><strong>mares</strong></span> <span class='ocrx_word' id='word_1_303' title='bbox 1706 2673 1963 2733; x_wconf 64' lang='lat' dir='ltr'><strong>praeterea</strong></span> <span class='ocrx_word' id='word_1_304' title='bbox 1987 2664 2156 2732; x_wconf 89' lang='lat' dir='ltr'><strong>duos,</strong></span> <span class='ocrx_word' id='word_1_305' title='bbox 2187 2644 2297 2719; x_wconf 71' lang='lat' dir='ltr'><strong>Cd—</strong></span> 
     </span>
    </p>
   </div>
   <div class='ocr_carea' id='block_1_42' title="bbox 728 2752 2292 2827">
    <p class='ocr_par' dir='ltr' id='par_1_42' title="bbox 728 2752 2292 2827">
     <span class='ocr_line' id='line_1_42' title="bbox 728 2752 2292 2827; baseline 0.004 -24"><span class='ocrx_word' id='word_1_306' title='bbox 728 2752 965 2821; x_wconf 85' lang='lat' dir='ltr'><strong>pidinem</strong></span> <span class='ocrx_word' id='word_1_307' title='bbox 997 2754 1361 2823; x_wconf 83' lang='lat' dir='ltr'><strong>Amoremque</strong></span> <span class='ocrx_word' id='word_1_308' title='bbox 1391 2756 1646 2823; x_wconf 87' lang='lat' dir='ltr'><strong>suscepit.</strong></span> <span class='ocrx_word' id='word_1_309' title='bbox 1678 2756 1860 2827; x_wconf 81' lang='lat' dir='ltr'><strong>Dagon</strong></span> <span class='ocrx_word' id='word_1_310' title='bbox 1894 2766 2073 2811; x_wconf 88' lang='lat' dir='ltr'><strong>autem</strong></span> <span class='ocrx_word' id='word_1_311' title='bbox 2100 2799 2115 2821; x_wconf 90' lang='lat'><strong>,</strong></span> <span class='ocrx_word' id='word_1_312' title='bbox 2146 2756 2292 2826; x_wconf 90' lang='lat' dir='ltr'><strong>quod</strong></span> 
     </span>
    </p>
   </div>
   <div class='ocr_carea' id='block_1_43' title="bbox 728 2843 2297 2916">
    <p class='ocr_par' dir='ltr' id='par_1_43' title="bbox 728 2843 2297 2916">
     <span class='ocr_line' id='line_1_43' title="bbox 728 2843 2297 2916; baseline 0.002 -20"><span class='ocrx_word' id='word_1_313' title='bbox 728 2843 1059 2897; x_wconf 81' lang='lat' dir='ltr'><strong>frumentum</strong></span> <span class='ocrx_word' id='word_1_314' title='bbox 1093 2855 1145 2899; x_wconf 89' lang='lat' dir='ltr'><strong>et</strong></span> <span class='ocrx_word' id='word_1_315' title='bbox 1171 2855 1410 2899; x_wconf 80' lang='lat' dir='ltr'><strong>aratrum</strong></span> <span class='ocrx_word' id='word_1_316' title='bbox 1453 2846 1782 2910; x_wconf 89' lang='lat' dir='ltr'><strong>invenisset,</strong></span> <span class='ocrx_word' id='word_1_317' title='bbox 1815 2848 2062 2901; x_wconf 78' lang='lat' dir='ltr'><strong>Aratrius</strong></span> <span class='ocrx_word' id='word_1_318' title='bbox 2089 2846 2297 2916; x_wconf 73' lang='lat' dir='ltr'><strong>Jupiter</strong></span> 
     </span>
    </p>
   </div>
   <div class='ocr_carea' id='block_1_44' title="bbox 728 2937 2293 3008">
    <p class='ocr_par' dir='ltr' id='par_1_44' title="bbox 728 2937 2293 3008">
     <span class='ocr_line' id='line_1_44' title="bbox 728 2937 2293 3008; baseline 0.002 -19"><span class='ocrx_word' id='word_1_319' title='bbox 728 2947 1070 3006; x_wconf 88' lang='lat' dir='ltr'><strong>nuncupatus</strong></span> <span class='ocrx_word' id='word_1_320' title='bbox 1084 2946 1183 2989; x_wconf 89' lang='lat' dir='ltr'><strong>est.</strong></span> <span class='ocrx_word' id='word_1_321' title='bbox 1206 2937 1435 3006; x_wconf 77' lang='lat' dir='ltr'><strong>Sydvco,</strong></span> <span class='ocrx_word' id='word_1_322' title='bbox 1455 2938 1833 3006; x_wconf 81' lang='lat' dir='ltr'><strong>quemjustum</strong></span> <span class='ocrx_word' id='word_1_323' title='bbox 1858 2939 2293 3008; x_wconf 83' lang='lat' dir='ltr'><strong>interpretamur,</strong></span> 
     </span>
    </p>
   </div>
   <div class='ocr_carea' id='block_1_45' title="bbox 726 3026 2296 3100">
    <p class='ocr_par' dir='ltr' id='par_1_45' title="bbox 726 3026 2296 3100">
     <span class='ocr_line' id='line_1_45' title="bbox 726 3026 2296 3100; baseline 0.004 -21"><span class='ocrx_word' id='word_1_324' title='bbox 726 3046 831 3084; x_wconf 86' lang='lat' dir='ltr'><strong>una</strong></span> <span class='ocrx_word' id='word_1_325' title='bbox 862 3045 928 3085; x_wconf 77' lang='lat' dir='ltr'><strong>ex</strong></span> <span class='ocrx_word' id='word_1_326' title='bbox 971 3026 1235 3084; x_wconf 85' lang='lat' dir='ltr'><strong>Titanidis</strong></span> <span class='ocrx_word' id='word_1_327' title='bbox 1281 3028 1649 3099; x_wconf 70' lang='lat' dir='ltr'><strong>Esculapium</strong></span> <span class='ocrx_word' id='word_1_328' title='bbox 1677 3031 1877 3100; x_wconf 83' lang='lat' dir='ltr'><strong>genuit.</strong></span> <span class='ocrx_word' id='word_1_329' title='bbox 1904 3031 2139 3084; x_wconf 86' lang='lat' dir='ltr'><strong>Saturno</strong></span> <span class='ocrx_word' id='word_1_330' title='bbox 2162 3046 2296 3100; x_wconf 60' lang='lat' dir='ltr'><strong>prae-</strong></span> 
     </span>
    </p>
   </div>
   <div class='ocr_carea' id='block_1_46' title="bbox 727 3120 2292 3191">
    <p class='ocr_par' dir='ltr' id='par_1_46' title="bbox 727 3120 2292 3191">
     <span class='ocr_line' id='line_1_46' title="bbox 727 3120 2292 3191; baseline 0.001 -18"><span class='ocrx_word' id='word_1_331' title='bbox 727 3129 873 3175; x_wconf 87' lang='lat' dir='ltr'><strong>terea</strong></span> <span class='ocrx_word' id='word_1_332' title='bbox 912 3122 1065 3175; x_wconf 89' lang='lat' dir='ltr'><strong>liberi</strong></span> <span class='ocrx_word' id='word_1_333' title='bbox 1096 3131 1203 3177; x_wconf 87' lang='lat' dir='ltr'><strong>tres</strong></span> <span class='ocrx_word' id='word_1_334' title='bbox 1244 3124 1297 3175; x_wconf 88' lang='lat' dir='ltr'><strong>in</strong></span> <span class='ocrx_word' id='word_1_335' title='bbox 1330 3120 1508 3176; x_wconf 68' lang='lat' dir='ltr'><strong>Peraea</strong></span> <span class='ocrx_word' id='word_1_336' title='bbox 1547 3123 1689 3185; x_wconf 87' lang='lat' dir='ltr'><strong>nati,</strong></span> <span class='ocrx_word' id='word_1_337' title='bbox 1740 3120 2011 3176; x_wconf 88' lang='lat' dir='ltr'><strong>Saturnus</strong></span> <span class='ocrx_word' id='word_1_338' title='bbox 2051 3122 2292 3191; x_wconf 83' lang='lat' dir='ltr'><strong>ejusdem</strong></span> 
     </span>
    </p>
   </div>
   <div class='ocr_carea' id='block_1_47' title="bbox 727 3210 2293 3282">
    <p class='ocr_par' dir='ltr' id='par_1_47' title="bbox 727 3210 2293 3282">
     <span class='ocr_line' id='line_1_47' title="bbox 727 3210 2293 3282; baseline 0.003 -19"><span class='ocrx_word' id='word_1_339' title='bbox 727 3227 849 3263; x_wconf 85' lang='lat' dir='ltr'><strong>eum</strong></span> <span class='ocrx_word' id='word_1_340' title='bbox 882 3210 1040 3265; x_wconf 85' lang='lat' dir='ltr'><strong>Patre</strong></span> <span class='ocrx_word' id='word_1_341' title='bbox 1070 3213 1340 3277; x_wconf 85' lang='lat' dir='ltr'><strong>nominis,</strong></span> <span class='ocrx_word' id='word_1_342' title='bbox 1375 3212 1485 3282; x_wconf 77' lang='lat'><strong>38</strong></span> <span class='ocrx_word' id='word_1_343' title='bbox 1522 3211 1727 3281; x_wconf 86' lang='lat' dir='ltr'><strong>Jupiter</strong></span> <span class='ocrx_word' id='word_1_344' title='bbox 1759 3212 1953 3279; x_wconf 82' lang='lat' dir='ltr'><strong>Belus,</strong></span> <span class='ocrx_word' id='word_1_345' title='bbox 1984 3221 2036 3267; x_wconf 90' lang='lat' dir='ltr'><strong>et</strong></span> <span class='ocrx_word' id='word_1_346' title='bbox 2084 3213 2293 3281; x_wconf 79' lang='lat' dir='ltr'><strong>Apollo.</strong></span> 
     </span>
    </p>
   </div>
   <div class='ocr_carea' id='block_1_48' title="bbox 727 3301 2296 3375">
    <p class='ocr_par' dir='ltr' id='par_1_48' title="bbox 727 3301 2296 3375">
     <span class='ocr_line' id='line_1_48' title="bbox 727 3301 2296 3375; baseline 0.004 -24"><span class='ocrx_word' id='word_1_347' title='bbox 727 3301 827 3354; x_wconf 81' lang='lat' dir='ltr'><strong>His</strong></span> <span class='ocrx_word' id='word_1_348' title='bbox 851 3304 1230 3369; x_wconf 82' lang='lat' dir='ltr'><strong>propemodum</strong></span> <span class='ocrx_word' id='word_1_349' title='bbox 1256 3305 1489 3372; x_wconf 71' lang='lat' dir='ltr'><strong>azquales</strong></span> <span class='ocrx_word' id='word_1_350' title='bbox 1518 3303 1722 3358; x_wconf 88' lang='lat' dir='ltr'><strong>Pontus</strong></span> <span class='ocrx_word' id='word_1_351' title='bbox 1741 3346 1754 3365; x_wconf 93' lang='lat'><strong>,</strong></span> <span class='ocrx_word' id='word_1_352' title='bbox 1788 3304 1975 3375; x_wconf 79' lang='lat' dir='ltr'><strong>Typho</strong></span> <span class='ocrx_word' id='word_1_353' title='bbox 2008 3314 2061 3357; x_wconf 87' lang='lat' dir='ltr'><strong>et</strong></span> <span class='ocrx_word' id='word_1_354' title='bbox 2093 3302 2296 3358; x_wconf 80' lang='lat' dir='ltr'><strong>Nereus</strong></span> 
     </span>
    </p>
   </div>
   <div class='ocr_carea' id='block_1_49' title="bbox 726 3392 2294 3463">
    <p class='ocr_par' dir='ltr' id='par_1_49' title="bbox 726 3392 2294 3463">
     <span class='ocr_line' id='line_1_49' title="bbox 726 3392 2294 3463; baseline 0 -18"><span class='ocrx_word' id='word_1_355' title='bbox 726 3392 884 3445; x_wconf 86' lang='lat' dir='ltr'><strong>Ponti</strong></span> <span class='ocrx_word' id='word_1_356' title='bbox 916 3403 1086 3459; x_wconf 84' lang='lat' dir='ltr'><strong>pater.</strong></span> <span class='ocrx_word' id='word_1_357' title='bbox 1111 3393 1187 3446; x_wconf 77' lang='lat' dir='ltr'><strong>Ex</strong></span> <span class='ocrx_word' id='word_1_358' title='bbox 1220 3394 1389 3448; x_wconf 87' lang='lat' dir='ltr'><strong>Ponto</strong></span> <span class='ocrx_word' id='word_1_359' title='bbox 1414 3394 1693 3463; x_wconf 88' lang='lat' dir='ltr'><strong>Neptunus</strong></span> <span class='ocrx_word' id='word_1_360' title='bbox 1722 3411 1783 3448; x_wconf 91' lang='lat' dir='ltr'><strong>ac</strong></span> <span class='ocrx_word' id='word_1_361' title='bbox 1816 3394 1944 3447; x_wconf 90' lang='lat' dir='ltr'><strong>Sido</strong></span> <span class='ocrx_word' id='word_1_362' title='bbox 1977 3404 2294 3454; x_wconf 80' lang='lat' dir='ltr'><strong>nascuntur,</strong></span> 
     </span>
    </p>
   </div>
   <div class='ocr_carea' id='block_1_50' title="bbox 728 3485 2298 3555">
    <p class='ocr_par' dir='ltr' id='par_1_50' title="bbox 728 3485 2298 3555">
     <span class='ocr_line' id='line_1_50' title="bbox 728 3485 2298 3555; baseline 0 -18"><span class='ocrx_word' id='word_1_363' title='bbox 728 3485 946 3539; x_wconf 84' lang='lat' dir='ltr'><strong>Sidonis</strong></span> <span class='ocrx_word' id='word_1_364' title='bbox 968 3494 1147 3539; x_wconf 89' lang='lat' dir='ltr'><strong>autem</strong></span> <span class='ocrx_word' id='word_1_365' title='bbox 1173 3501 1233 3539; x_wconf 89' lang='lat' dir='ltr'><strong>ea</strong></span> <span class='ocrx_word' id='word_1_366' title='bbox 1267 3486 1504 3540; x_wconf 85' lang='lat' dir='ltr'><strong>suavitas</strong></span> <span class='ocrx_word' id='word_1_367' title='bbox 1530 3496 1583 3538; x_wconf 89' lang='lat' dir='ltr'><strong>et</strong></span> <span class='ocrx_word' id='word_1_368' title='bbox 1610 3486 1872 3555; x_wconf 79' lang='lat' dir='ltr'><strong>elegantia</strong></span> <span class='ocrx_word' id='word_1_369' title='bbox 1905 3485 2052 3537; x_wconf 84' lang='lat' dir='ltr'><strong>vocis</strong></span> <span class='ocrx_word' id='word_1_370' title='bbox 2074 3494 2207 3547; x_wconf 87' lang='lat' dir='ltr'><strong>erat,</strong></span> <span class='ocrx_word' id='word_1_371' title='bbox 2240 3492 2298 3537; x_wconf 91' lang='lat' dir='ltr'><strong>ut</strong></span> 
     </span>
    </p>
   </div>
   <div class='ocr_carea' id='block_1_51' title="bbox 728 3576 2290 3648">
    <p class='ocr_par' dir='ltr' id='par_1_51' title="bbox 728 3576 2290 3648">
     <span class='ocr_line' id='line_1_51' title="bbox 728 3576 2290 3648; baseline -0.002 -17"><span class='ocrx_word' id='word_1_372' title='bbox 728 3578 915 3648; x_wconf 88' lang='lat' dir='ltr'><strong>hymni</strong></span> <span class='ocrx_word' id='word_1_373' title='bbox 949 3577 1221 3631; x_wconf 84' lang='lat' dir='ltr'><strong>modulate</strong></span> <span class='ocrx_word' id='word_1_374' title='bbox 1247 3578 1474 3631; x_wconf 86' lang='lat' dir='ltr'><strong>canendi</strong></span> <span class='ocrx_word' id='word_1_375' title='bbox 1512 3586 1680 3629; x_wconf 90' lang='lat' dir='ltr'><strong>artem</strong></span> <span class='ocrx_word' id='word_1_376' title='bbox 1719 3577 1973 3645; x_wconf 81' lang='lat' dir='ltr'><strong>princeps</strong></span> <span class='ocrx_word' id='word_1_377' title='bbox 2004 3576 2290 3628; x_wconf 83' lang='lat' dir='ltr'><strong>inveniret.</strong></span> 
     </span>
    </p>
   </div>
   <div class='ocr_carea' id='block_1_52' title="bbox 725 3667 2295 3736">
    <p class='ocr_par' dir='ltr' id='par_1_52' title="bbox 725 3667 2295 3736">
     <span class='ocr_line' id='line_1_52' title="bbox 725 3667 2295 3736; baseline -0.003 -12"><span class='ocrx_word' id='word_1_378' title='bbox 725 3672 770 3724; x_wconf 83' lang='lat' dir='ltr'><strong>A</strong></span> <span class='ocrx_word' id='word_1_379' title='bbox 818 3670 1147 3723; x_wconf 81' lang='lat' dir='ltr'><strong>Dcmarunte</strong></span> <span class='ocrx_word' id='word_1_380' title='bbox 1210 3668 1559 3724; x_wconf 81' lang='lat' dir='ltr'><strong>Melicartlius</strong></span> <span class='ocrx_word' id='word_1_381' title='bbox 1610 3679 1663 3722; x_wconf 89' lang='lat' dir='ltr'><strong>et</strong></span> <span class='ocrx_word' id='word_1_382' title='bbox 1714 3667 1971 3722; x_wconf 85' lang='lat' dir='ltr'><strong>Hercules</strong></span> <span class='ocrx_word' id='word_1_383' title='bbox 2006 3682 2295 3736; x_wconf 82' lang='lat' dir='ltr'><strong>procrean-</strong></span> 
     </span>
    </p>
   </div>
   <div class='ocr_carea' id='block_1_53' title="bbox 730 3758 2293 3830">
    <p class='ocr_par' dir='ltr' id='par_1_53' title="bbox 730 3758 2293 3830">
     <span class='ocr_line' id='line_1_53' title="bbox 730 3758 2293 3830; baseline -0.004 -15"><span class='ocrx_word' id='word_1_384' title='bbox 730 3775 845 3825; x_wconf 83' lang='lat' dir='ltr'><strong>tur,</strong></span> <span class='ocrx_word' id='word_1_385' title='bbox 892 3767 1125 3830; x_wconf 77' lang='lat' dir='ltr'><strong>moxque</strong></span> <span class='ocrx_word' id='word_1_386' title='bbox 1171 3759 1353 3814; x_wconf 78' lang='lat' dir='ltr'><strong>leus</strong></span> <span class='ocrx_word' id='word_1_387' title='bbox 1414 3760 1481 3813; x_wconf 84' lang='lat' dir='ltr'><strong>ad</strong></span> <span class='ocrx_word' id='word_1_388' title='bbox 1534 3758 1875 3812; x_wconf 83' lang='lat' dir='ltr'><strong>Demarunlis</strong></span> <span class='ocrx_word' id='word_1_389' title='bbox 1951 3774 2069 3814; x_wconf 87' lang='lat' dir='ltr'><strong>sese</strong></span> <span class='ocrx_word' id='word_1_390' title='bbox 2114 3766 2293 3825; x_wconf 84' lang='lat' dir='ltr'><strong>partes</strong></span> 
     </span>
    </p>
   </div>
   <div class='ocr_carea' id='block_1_54' title="bbox 726 3848 2289 3922">
    <p class='ocr_par' dir='ltr' id='par_1_54' title="bbox 726 3848 2289 3922">
     <span class='ocr_line' id='line_1_54' title="bbox 726 3848 2289 3922; baseline -0.005 -15"><span class='ocrx_word' id='word_1_391' title='bbox 726 3855 1056 3922; x_wconf 85' lang='lat' dir='ltr'><strong>adjungens;</strong></span> <span class='ocrx_word' id='word_1_392' title='bbox 1104 3851 1304 3915; x_wconf 85' lang='lat' dir='ltr'><strong>Ponto,</strong></span> <span class='ocrx_word' id='word_1_393' title='bbox 1336 3868 1365 3905; x_wconf 91' lang='lat' dir='ltr'><strong>a</strong></span> <span class='ocrx_word' id='word_1_394' title='bbox 1398 3866 1507 3921; x_wconf 82' lang='lat' dir='ltr'><strong>quo</strong></span> <span class='ocrx_word' id='word_1_395' title='bbox 1536 3850 1824 3914; x_wconf 82' lang='lat' dir='ltr'><strong>defecerat,</strong></span> <span class='ocrx_word' id='word_1_396' title='bbox 1873 3850 2050 3903; x_wconf 90' lang='lat' dir='ltr'><strong>denuo</strong></span> <span class='ocrx_word' id='word_1_397' title='bbox 2093 3848 2289 3900; x_wconf 90' lang='lat' dir='ltr'><strong>bellum</strong></span> 
     </span>
    </p>
   </div>
   <div class='ocr_carea' id='block_1_55' title="bbox 730 3940 2290 4011">
    <p class='ocr_par' dir='ltr' id='par_1_55' title="bbox 730 3940 2290 4011">
     <span class='ocr_line' id='line_1_55' title="bbox 730 3940 2290 4011; baseline -0.002 -16"><span class='ocrx_word' id='word_1_398' title='bbox 730 3954 926 3997; x_wconf 87' lang='lat' dir='ltr'><strong>movet.</strong></span> <span class='ocrx_word' id='word_1_399' title='bbox 952 3944 1017 3997; x_wconf 85' lang='lat' dir='ltr'><strong>At</strong></span> <span class='ocrx_word' id='word_1_400' title='bbox 1057 3944 1260 3997; x_wconf 88' lang='lat' dir='ltr'><strong>Pontus</strong></span> <span class='ocrx_word' id='word_1_401' title='bbox 1311 3942 1715 4007; x_wconf 87' lang='lat' dir='ltr'><strong>Demaruntem,</strong></span> <span class='ocrx_word' id='word_1_402' title='bbox 1746 3942 1835 4010; x_wconf 86' lang='lat' dir='ltr'><strong>qui</strong></span> <span class='ocrx_word' id='word_1_403' title='bbox 1864 3957 2058 4011; x_wconf 86' lang='lat' dir='ltr'><strong>magno</strong></span> <span class='ocrx_word' id='word_1_404' title='bbox 2088 3940 2290 4009; x_wconf 88' lang='lat' dir='ltr'><strong>impetu</strong></span> 
     </span>
    </p>
   </div>
   <div class='ocr_carea' id='block_1_56' title="bbox 728 4033 2288 4103">
    <p class='ocr_par' dir='ltr' id='par_1_56' title="bbox 728 4033 2288 4103">
     <span class='ocr_line' id='line_1_56' title="bbox 728 4033 2288 4103; baseline -0.003 -14"><span class='ocrx_word' id='word_1_405' title='bbox 728 4052 859 4091; x_wconf 84' lang='lat' dir='ltr'><strong>suos</strong></span> <span class='ocrx_word' id='word_1_406' title='bbox 890 4036 941 4087; x_wconf 91' lang='lat' dir='ltr'><strong>in</strong></span> <span class='ocrx_word' id='word_1_407' title='bbox 966 4035 1098 4088; x_wconf 87' lang='lat' dir='ltr'><strong>lines</strong></span> <span class='ocrx_word' id='word_1_408' title='bbox 1126 4035 1471 4097; x_wconf 87' lang='lat' dir='ltr'><strong>incubuerat,</strong></span> <span class='ocrx_word' id='word_1_409' title='bbox 1500 4036 1549 4087; x_wconf 91' lang='lat' dir='ltr'><strong>in</strong></span> <span class='ocrx_word' id='word_1_410' title='bbox 1583 4036 1760 4103; x_wconf 83' lang='lat' dir='ltr'><strong>fugam</strong></span> <span class='ocrx_word' id='word_1_411' title='bbox 1782 4034 1967 4099; x_wconf 88' lang='lat' dir='ltr'><strong>vertit;</strong></span> <span class='ocrx_word' id='word_1_412' title='bbox 1998 4033 2085 4086; x_wconf 91' lang='lat' dir='ltr'><strong>ille</strong></span> <span class='ocrx_word' id='word_1_413' title='bbox 2109 4040 2288 4085; x_wconf 87' lang='lat' dir='ltr'><strong>autem</strong></span> 
     </span>
    </p>
   </div>
   <div class='ocr_carea' id='block_1_57' title="bbox 729 4121 2288 4193">
    <p class='ocr_par' dir='ltr' id='par_1_57' title="bbox 729 4121 2288 4193">
     <span class='ocr_line' id='line_1_57' title="bbox 729 4121 2288 4193; baseline -0.002 -15"><span class='ocrx_word' id='word_1_414' title='bbox 729 4123 902 4178; x_wconf 80' lang='lat' dir='ltr'><strong>felicis</strong></span> <span class='ocrx_word' id='word_1_415' title='bbox 921 4122 1057 4190; x_wconf 67' lang='lat' dir='ltr'><strong>fuga:</strong></span> <span class='ocrx_word' id='word_1_416' title='bbox 1080 4124 1249 4193; x_wconf 85' lang='lat' dir='ltr'><strong>gratia</strong></span> <span class='ocrx_word' id='word_1_417' title='bbox 1275 4124 1597 4176; x_wconf 79' lang='lat' dir='ltr'><strong>sacriﬁcium</strong></span> <span class='ocrx_word' id='word_1_418' title='bbox 1614 4125 1775 4175; x_wconf 86' lang='lat' dir='ltr'><strong>vovit.</strong></span> <span class='ocrx_word' id='word_1_419' title='bbox 1808 4122 1975 4175; x_wconf 85' lang='lat' dir='ltr'><strong>Porro</strong></span> <span class='ocrx_word' id='word_1_420' title='bbox 2022 4121 2288 4175; x_wconf 81' lang='lat' dir='ltr'><strong>Saturnus</strong></span> 
     </span>
    </p>
   </div>
   <div class='ocr_carea' id='block_1_58' title="bbox 728 4214 2287 4285">
    <p class='ocr_par' dir='ltr' id='par_1_58' title="bbox 728 4214 2287 4285">
     <span class='ocr_line' id='line_1_58' title="bbox 728 4214 2287 4285; baseline -0.003 -15"><span class='ocrx_word' id='word_1_421' title='bbox 728 4235 870 4270; x_wconf 85' lang='lat' dir='ltr'><strong>anno</strong></span> <span class='ocrx_word' id='word_1_422' title='bbox 916 4217 1168 4285; x_wconf 86' lang='lat' dir='ltr'><strong>occupati</strong></span> <span class='ocrx_word' id='word_1_423' title='bbox 1209 4215 1356 4283; x_wconf 85' lang='lat' dir='ltr'><strong>regni</strong></span> <span class='ocrx_word' id='word_1_424' title='bbox 1392 4214 1560 4267; x_wconf 89' lang='lat' dir='ltr'><strong>altero</strong></span> <span class='ocrx_word' id='word_1_425' title='bbox 1588 4229 1747 4282; x_wconf 89' lang='lat' dir='ltr'><strong>supra</strong></span> <span class='ocrx_word' id='word_1_426' title='bbox 1780 4214 2151 4274; x_wconf 86' lang='lat' dir='ltr'><strong>tricesimum,</strong></span> <span class='ocrx_word' id='word_1_427' title='bbox 2196 4214 2287 4266; x_wconf 87' lang='lat' dir='ltr'><strong>ubi</strong></span> 
     </span>
    </p>
   </div>
   <div class='ocr_carea' id='block_1_59' title="bbox 725 4304 2286 4377">
    <p class='ocr_par' dir='ltr' id='par_1_59' title="bbox 725 4304 2286 4377">
     <span class='ocr_line' id='line_1_59' title="bbox 725 4304 2286 4377; baseline -0.005 -12"><span class='ocrx_word' id='word_1_428' title='bbox 725 4310 937 4365; x_wconf 68' lang='lat' dir='ltr'><strong>(Icelum</strong></span> <span class='ocrx_word' id='word_1_429' title='bbox 962 4321 1164 4377; x_wconf 84' lang='lat' dir='ltr'><strong>patrem</strong></span> <span class='ocrx_word' id='word_1_430' title='bbox 1183 4308 1575 4362; x_wconf 86' lang='lat' dir='ltr'><strong>mediterraneo</strong></span> <span class='ocrx_word' id='word_1_431' title='bbox 1597 4306 1826 4373; x_wconf 89' lang='lat' dir='ltr'><strong>quodam</strong></span> <span class='ocrx_word' id='word_1_432' title='bbox 1851 4305 1903 4356; x_wconf 91' lang='lat' dir='ltr'><strong>in</strong></span> <span class='ocrx_word' id='word_1_433' title='bbox 1931 4304 2047 4356; x_wconf 89' lang='lat' dir='ltr'><strong>loco</strong></span> <span class='ocrx_word' id='word_1_434' title='bbox 2070 4304 2286 4357; x_wconf 90' lang='lat' dir='ltr'><strong>structis</strong></span> 
     </span>
    </p>
   </div>
   <div class='ocr_carea' id='block_1_60' title="bbox 722 4391 2284 4462">
    <p class='ocr_par' dir='ltr' id='par_1_60' title="bbox 722 4391 2284 4462">
     <span class='ocr_line' id='line_1_60' title="bbox 722 4391 2284 4462; baseline -0.004 -12"><span class='ocrx_word' id='word_1_435' title='bbox 722 4395 938 4451; x_wconf 87' lang='lat' dir='ltr'><strong>insidiis</strong></span> <span class='ocrx_word' id='word_1_436' title='bbox 980 4405 1195 4461; x_wconf 86' lang='lat' dir='ltr'><strong>captum</strong></span> <span class='ocrx_word' id='word_1_437' title='bbox 1246 4397 1296 4446; x_wconf 92' lang='lat' dir='ltr'><strong>in</strong></span> <span class='ocrx_word' id='word_1_438' title='bbox 1345 4401 1661 4462; x_wconf 88' lang='lat' dir='ltr'><strong>potestatem</strong></span> <span class='ocrx_word' id='word_1_439' title='bbox 1699 4391 2013 4456; x_wconf 87' lang='lat' dir='ltr'><strong>habuisset,</strong></span> <span class='ocrx_word' id='word_1_440' title='bbox 2051 4391 2284 4444; x_wconf 84' lang='lat' dir='ltr'><strong>verenda</strong></span> 
     </span>
    </p>
   </div>
   <div class='ocr_carea' id='block_1_61' title="bbox 724 4482 2282 4557">
    <p class='ocr_par' dir='ltr' id='par_1_61' title="bbox 724 4482 2282 4557">
     <span class='ocr_line' id='line_1_61' title="bbox 724 4482 2282 4557; baseline -0.004 -16"><span class='ocrx_word' id='word_1_441' title='bbox 724 4489 826 4557; x_wconf 79' lang='lat' dir='ltr'><strong>ipsi</strong></span> <span class='ocrx_word' id='word_1_442' title='bbox 854 4487 1008 4557; x_wconf 79' lang='lat' dir='ltr'><strong>juxta</strong></span> <span class='ocrx_word' id='word_1_443' title='bbox 1040 4484 1213 4537; x_wconf 88' lang='lat' dir='ltr'><strong>fontes</strong></span> <span class='ocrx_word' id='word_1_444' title='bbox 1244 4484 1540 4555; x_wconf 82' lang='lat' dir='ltr'><strong>ﬂuviosque</strong></span> <span class='ocrx_word' id='word_1_445' title='bbox 1573 4483 1931 4539; x_wconf 86' lang='lat' dir='ltr'><strong>circumfusos</strong></span> <span class='ocrx_word' id='word_1_446' title='bbox 1958 4482 2282 4551; x_wconf 86' lang='lat' dir='ltr'><strong>amputavit;</strong></span> 
     </span>
    </p>
   </div>
   <div class='ocr_carea' id='block_1_62' title="bbox 2402 2028 3933 2099">
    <p class='ocr_par' dir='ltr' id='par_1_62' title="bbox 2402 2028 3933 2099">
     <span class='ocr_line' id='line_1_62' title="bbox 2402 2028 3933 2099; baseline 0.001 -19"><span class='ocrx_word' id='word_1_447' title='bbox 2402 2028 2530 2098; x_wconf 76' lang='grc' dir='ltr'>ἁγία</span> <span class='ocrx_word' id='word_1_448' title='bbox 2552 2033 2697 2098; x_wconf 82' lang='grc' dir='ltr'>νήσῳ</span> <span class='ocrx_word' id='word_1_449' title='bbox 2726 2028 3013 2099; x_wconf 86' lang='grc' dir='ltr'>ἀφιέρωσε.</span> <span class='ocrx_word' id='word_1_450' title='bbox 3048 2028 3156 2099; x_wconf 82' lang='grc' dir='ltr'><strong>Τὴν</strong></span> <span class='ocrx_word' id='word_1_451' title='bbox 3177 2028 3234 2080; x_wconf 83' lang='grc' dir='ltr'>δὲ</span> <span class='ocrx_word' id='word_1_452' title='bbox 3273 2029 3571 2099; x_wconf 79' lang='grc' dir='ltr'>Ἀστάρτην</span> <span class='ocrx_word' id='word_1_453' title='bbox 3594 2028 3828 2091; x_wconf 81' lang='grc' dir='ltr'>Φοίνικες</span> <span class='ocrx_word' id='word_1_454' title='bbox 3849 2030 3933 2097; x_wconf 74' lang='grc' dir='ltr'><strong>τὴν</strong></span> 
     </span>
    </p>
   </div>
   <div class='ocr_carea' id='block_1_63' title="bbox 2413 2116 3935 2191">
    <p class='ocr_par' dir='ltr' id='par_1_63' title="bbox 2413 2116 3935 2191">
     <span class='ocr_line' id='line_1_63' title="bbox 2413 2116 3935 2191; baseline 0.001 -21"><span class='ocrx_word' id='word_1_455' title='bbox 2413 2119 2725 2189; x_wconf 82' lang='grc' dir='ltr'>Ἀφροδίτην</span> <span class='ocrx_word' id='word_1_456' title='bbox 2750 2116 2887 2173; x_wconf 81' lang='grc' dir='ltr'>εἶναι</span> <span class='ocrx_word' id='word_1_457' title='bbox 2940 2119 3174 2187; x_wconf 78' lang='grc' dir='ltr'>λέγουσι.</span> <span class='ocrx_word' id='word_1_458' title='bbox 3218 2120 3325 2170; x_wconf 68' lang='grc' dir='ltr'>Καὶ</span> <span class='ocrx_word' id='word_1_459' title='bbox 3364 2121 3391 2171; x_wconf 88' lang='grc' dir='ltr'><strong>ό</strong></span> <span class='ocrx_word' id='word_1_460' title='bbox 3420 2119 3622 2188; x_wconf 77' lang='grc' dir='ltr'>Κρόνος</span> <span class='ocrx_word' id='word_1_461' title='bbox 3646 2119 3703 2171; x_wconf 87' lang='grc' dir='ltr'>δὲ</span> <span class='ocrx_word' id='word_1_462' title='bbox 3731 2119 3935 2191; x_wconf 84' lang='grc' dir='ltr'>περιϊὼν</span> 
     </span>
    </p>
   </div>
   <div class='ocr_carea' id='block_1_64' title="bbox 2398 2197 3935 2281">
    <p class='ocr_par' dir='ltr' id='par_1_64' title="bbox 2398 2197 3935 2281">
     <span class='ocr_line' id='line_1_64' title="bbox 2398 2197 3935 2281; baseline 0.002 -21"><span class='ocrx_word' id='word_1_463' title='bbox 2398 2212 2493 2281; x_wconf 81' lang='grc' dir='ltr'>τὴν</span> <span class='ocrx_word' id='word_1_464' title='bbox 2522 2210 2861 2281; x_wconf 82' lang='grc' dir='ltr'>οίκουμένην,</span> <span class='ocrx_word' id='word_1_465' title='bbox 2918 2210 3113 2281; x_wconf 78' lang='grc' dir='ltr'>Ἀθηνᾷ</span> <span class='ocrx_word' id='word_1_466' title='bbox 3159 2212 3225 2281; x_wconf 81' lang='grc' dir='ltr'>τῇ</span> <span class='ocrx_word' id='word_1_467' title='bbox 3277 2197 3469 2263; x_wconf 67' lang='grc' dir='ltr'>ἑαυτοῦ</span> <span class='ocrx_word' id='word_1_468' title='bbox 3513 2209 3738 2281; x_wconf 81' lang='grc' dir='ltr'>θυγατρὶ</span> <span class='ocrx_word' id='word_1_469' title='bbox 3774 2210 3935 2263; x_wconf 80' lang='grc' dir='ltr'>δίδωσι</span> 
     </span>
    </p>
   </div>
   <div class='ocr_carea' id='block_1_65' title="bbox 2398 2300 3935 2373">
    <p class='ocr_par' dir='ltr' id='par_1_65' title="bbox 2398 2300 3935 2373">
     <span class='ocr_line' id='line_1_65' title="bbox 2398 2300 3935 2373; baseline -0.001 -20"><span class='ocrx_word' id='word_1_470' title='bbox 2398 2303 2495 2371; x_wconf 76' lang='grc' dir='ltr'>τῆς</span> <span class='ocrx_word' id='word_1_471' title='bbox 2539 2302 2786 2372; x_wconf 82' lang='grc' dir='ltr'><strong>Ἀττικῆς</strong></span> <span class='ocrx_word' id='word_1_472' title='bbox 2818 2303 2915 2373; x_wconf 86' lang='grc' dir='ltr'><strong>τὴν</strong></span> <span class='ocrx_word' id='word_1_473' title='bbox 2967 2301 3262 2371; x_wconf 84' lang='grc' dir='ltr'>βασιλείαν.</span> <span class='ocrx_word' id='word_1_474' title='bbox 3313 2300 3515 2370; x_wconf 82' lang='grc' dir='ltr'>Λοιμοῦ</span> <span class='ocrx_word' id='word_1_475' title='bbox 3557 2300 3613 2353; x_wconf 86' lang='grc' dir='ltr'>δὲ</span> <span class='ocrx_word' id='word_1_476' title='bbox 3661 2302 3935 2371; x_wconf 81' lang='grc' dir='ltr'>γενομένου</span> 
     </span>
    </p>
   </div>
   <div class='ocr_carea' id='block_1_66' title="bbox 2399 2392 3940 2467">
    <p class='ocr_par' dir='ltr' id='par_1_66' title="bbox 2399 2392 3940 2467">
     <span class='ocr_line' id='line_1_66' title="bbox 2399 2392 3940 2467; baseline -0.003 -19"><span class='ocrx_word' id='word_1_477' title='bbox 2399 2395 2490 2450; x_wconf 76' lang='grc' dir='ltr'><strong>καὶ</strong></span> <span class='ocrx_word' id='word_1_478' title='bbox 2524 2395 2747 2467; x_wconf 81' lang='grc' dir='ltr'>φθορᾶς,</span> <span class='ocrx_word' id='word_1_479' title='bbox 2776 2396 2865 2446; x_wconf 83' lang='grc' dir='ltr'><strong>τὸν</strong></span> <span class='ocrx_word' id='word_1_480' title='bbox 2908 2394 3095 2446; x_wconf 78' lang='grc' dir='ltr'>ἑαυτοῦ</span> <span class='ocrx_word' id='word_1_481' title='bbox 3130 2395 3381 2463; x_wconf 74' lang='grc' dir='ltr'>μονογενῆ</span> <span class='ocrx_word' id='word_1_482' title='bbox 3405 2392 3516 2445; x_wconf 80' lang='grc' dir='ltr'>υἱὸν</span> <span class='ocrx_word' id='word_1_483' title='bbox 3555 2393 3759 2463; x_wconf 84' lang='grc' dir='ltr'>Κρόνος</span> <span class='ocrx_word' id='word_1_484' title='bbox 3787 2393 3940 2462; x_wconf 71' lang='grc' dir='ltr'><strong>Οὖρα.⁵</strong></span> 
     </span>
    </p>
   </div>
   <div class='ocr_carea' id='block_1_67' title="bbox 2398 2485 3936 2557">
    <p class='ocr_par' dir='ltr' id='par_1_67' title="bbox 2398 2485 3936 2557">
     <span class='ocr_line' id='line_1_67' title="bbox 2398 2485 3936 2557; baseline 0 -20"><span class='ocrx_word' id='word_1_485' title='bbox 2398 2485 2473 2555; x_wconf 84' lang='grc' dir='ltr'><strong>νῷ</strong></span> <span class='ocrx_word' id='word_1_486' title='bbox 2517 2486 2684 2557; x_wconf 73' lang='grc' dir='ltr'>πατρὶ</span> <span class='ocrx_word' id='word_1_487' title='bbox 2732 2487 3040 2556; x_wconf 87' lang='grc' dir='ltr'>όλοκαρποῖ,</span> <span class='ocrx_word' id='word_1_488' title='bbox 3072 2486 3165 2538; x_wconf 78' lang='grc' dir='ltr'><strong>καὶ</strong></span> <span class='ocrx_word' id='word_1_489' title='bbox 3207 2485 3275 2537; x_wconf 84' lang='grc' dir='ltr'>τὰ</span> <span class='ocrx_word' id='word_1_490' title='bbox 3324 2486 3497 2539; x_wconf 76' lang='grc' dir='ltr'>αἰδοῖα</span> <span class='ocrx_word' id='word_1_491' title='bbox 3546 2486 3936 2556; x_wconf 82' lang='grc' dir='ltr'>περιτέμνεται,</span> 
     </span>
    </p>
   </div>
   <div class='ocr_carea' id='block_1_68' title="bbox 2396 2574 3938 2646">
    <p class='ocr_par' dir='ltr' id='par_1_68' title="bbox 2396 2574 3938 2646">
     <span class='ocr_line' id='line_1_68' title="bbox 2396 2574 3938 2646; baseline -0.001 -19"><span class='ocrx_word' id='word_1_492' title='bbox 2396 2576 2557 2628; x_wconf 79' lang='grc' dir='ltr'><strong>ταὺτὸ</strong></span> <span class='ocrx_word' id='word_1_493' title='bbox 2578 2577 2910 2646; x_wconf 73' lang='grc' dir='ltr'>ποιῆσαικαὶ</span> <span class='ocrx_word' id='word_1_494' title='bbox 2950 2576 3073 2638; x_wconf 83' lang='grc' dir='ltr'>τοὺς</span> <span class='ocrx_word' id='word_1_495' title='bbox 3099 2575 3193 2644; x_wconf 77' lang='grc' dir='ltr'><strong>ἅμ’</strong></span> <span class='ocrx_word' id='word_1_496' title='bbox 3218 2574 3364 2644; x_wconf 87' lang='grc' dir='ltr'>αὐτῷ</span> <span class='ocrx_word' id='word_1_497' title='bbox 3421 2575 3735 2646; x_wconf 79' lang='grc' dir='ltr'>συμμάχους</span> <span class='ocrx_word' id='word_1_498' title='bbox 3785 2592 3938 2626; x_wconf 84' lang='grc' dir='ltr'>κατα-</span> 
     </span>
    </p>
   </div>
   <div class='ocr_carea' id='block_1_69' title="bbox 2398 2666 3941 2738">
    <p class='ocr_par' dir='ltr' id='par_1_69' title="bbox 2398 2666 3941 2738">
     <span class='ocr_line' id='line_1_69' title="bbox 2398 2666 3941 2738; baseline -0.001 -18"><span class='ocrx_word' id='word_1_499' title='bbox 2398 2666 2695 2735; x_wconf 84' lang='grc' dir='ltr'>ναγκάσας·</span> <span class='ocrx_word' id='word_1_500' title='bbox 2719 2669 2810 2721; x_wconf 77' lang='grc' dir='ltr'>καὶ</span> <span class='ocrx_word' id='word_1_501' title='bbox 2835 2669 2947 2738; x_wconf 85' lang='grc' dir='ltr'>μετ’</span> <span class='ocrx_word' id='word_1_502' title='bbox 2970 2668 3030 2720; x_wconf 86' lang='grc' dir='ltr'><strong>οὐ</strong></span> <span class='ocrx_word' id='word_1_503' title='bbox 3067 2667 3221 2730; x_wconf 81' lang='grc' dir='ltr'>πολὺ,</span> <span class='ocrx_word' id='word_1_504' title='bbox 3257 2667 3438 2738; x_wconf 79' lang='grc' dir='ltr'>ἕτερον</span> <span class='ocrx_word' id='word_1_505' title='bbox 3465 2667 3627 2719; x_wconf 81' lang='grc' dir='ltr'>αὐτοῦ</span> <span class='ocrx_word' id='word_1_506' title='bbox 3658 2668 3822 2721; x_wconf 80' lang='grc' dir='ltr'>παῖδα</span> <span class='ocrx_word' id='word_1_507' title='bbox 3845 2667 3941 2719; x_wconf 77' lang='grc' dir='ltr'><strong>άπδ</strong></span> 
     </span>
    </p>
   </div>
   <div class='ocr_carea' id='block_1_70' title="bbox 2409 2757 3940 2829">
    <p class='ocr_par' dir='ltr' id='par_1_70' title="bbox 2409 2757 3940 2829">
     <span class='ocr_line' id='line_1_70' title="bbox 2409 2757 3940 2829; baseline -0.001 -18"><span class='ocrx_word' id='word_1_508' title='bbox 2409 2760 2564 2823; x_wconf 81' lang='grc' dir='ltr'>Ῥέας</span> <span class='ocrx_word' id='word_1_509' title='bbox 2594 2759 2982 2829; x_wconf 81' lang='grc' dir='ltr'>ὀνομαζόμενον</span> <span class='ocrx_word' id='word_1_510' title='bbox 3009 2758 3161 2812; x_wconf 83' lang='grc' dir='ltr'>Μοὺθ</span> <span class='ocrx_word' id='word_1_511' title='bbox 3201 2757 3532 2811; x_wconf 83' lang='grc' dir='ltr'>ἀποθανόντα</span> <span class='ocrx_word' id='word_1_512' title='bbox 3578 2760 3810 2828; x_wconf 85' lang='grc' dir='ltr'>ἀφιεροῖ,</span> <span class='ocrx_word' id='word_1_513' title='bbox 3841 2758 3940 2810; x_wconf 87' lang='grc' dir='ltr'><strong>Θά-</strong></span> 
     </span>
    </p>
   </div>
   <div class='ocr_carea' id='block_1_71' title="bbox 2398 2847 3944 2918">
    <p class='ocr_par' dir='ltr' id='par_1_71' title="bbox 2398 2847 3944 2918">
     <span class='ocr_line' id='line_1_71' title="bbox 2398 2847 3944 2918; baseline -0.002 -15"><span class='ocrx_word' id='word_1_514' title='bbox 2398 2867 2553 2904; x_wconf 89' lang='grc' dir='ltr'>νατον</span> <span class='ocrx_word' id='word_1_515' title='bbox 2620 2850 2674 2901; x_wconf 87' lang='grc' dir='ltr'><strong>δὲ</strong></span> <span class='ocrx_word' id='word_1_516' title='bbox 2734 2850 2920 2903; x_wconf 83' lang='grc' dir='ltr'>τοῦτον</span> <span class='ocrx_word' id='word_1_517' title='bbox 2983 2851 3075 2903; x_wconf 76' lang='grc' dir='ltr'><strong>καὶ</strong></span> <span class='ocrx_word' id='word_1_518' title='bbox 3133 2847 3416 2902; x_wconf 83' lang='grc' dir='ltr'>Πλούτωνα</span> <span class='ocrx_word' id='word_1_519' title='bbox 3474 2849 3714 2912; x_wconf 79' lang='grc' dir='ltr'>Φοίνικες</span> <span class='ocrx_word' id='word_1_520' title='bbox 3756 2847 3944 2918; x_wconf 74' lang='grc' dir='ltr'>όνομάι</span> 
     </span>
    </p>
   </div>
   <div class='ocr_carea' id='block_1_72' title="bbox 2398 2938 3942 3010">
    <p class='ocr_par' dir='ltr' id='par_1_72' title="bbox 2398 2938 3942 3010">
     <span class='ocr_line' id='line_1_72' title="bbox 2398 2938 3942 3010; baseline -0.002 -18"><span class='ocrx_word' id='word_1_521' title='bbox 2398 2942 2565 3005; x_wconf 79' lang='grc' dir='ltr'>ζουσι.</span> <span class='ocrx_word' id='word_1_522' title='bbox 2603 2943 2712 2995; x_wconf 81' lang='grc' dir='ltr'><strong>Καὶ</strong></span> <span class='ocrx_word' id='word_1_523' title='bbox 2741 2942 2831 2994; x_wconf 74' lang='grc' dir='ltr'>ἐπὶ</span> <span class='ocrx_word' id='word_1_524' title='bbox 2899 2941 3107 3003; x_wconf 86' lang='grc' dir='ltr'>τούτοις</span> <span class='ocrx_word' id='word_1_525' title='bbox 3144 2942 3172 2992; x_wconf 88' lang='grc' dir='ltr'>ὁ</span> <span class='ocrx_word' id='word_1_526' title='bbox 3220 2940 3424 3010; x_wconf 89' lang='grc' dir='ltr'>Κρόνος</span> <span class='ocrx_word' id='word_1_527' title='bbox 3472 2938 3672 2991; x_wconf 75' lang='grc' dir='ltr'>Βύϐλον</span> <span class='ocrx_word' id='word_1_528' title='bbox 3726 2939 3827 3010; x_wconf 83' lang='grc' dir='ltr'><strong>μὲν</strong></span> <span class='ocrx_word' id='word_1_529' title='bbox 3853 2938 3942 3007; x_wconf 76' lang='grc' dir='ltr'>τὴν</span> 
     </span>
    </p>
   </div>
   <div class='ocr_carea' id='block_1_73' title="bbox 2396 3030 3941 3103">
    <p class='ocr_par' dir='ltr' id='par_1_73' title="bbox 2396 3030 3941 3103">
     <span class='ocr_line' id='line_1_73' title="bbox 2396 3030 3941 3103; baseline 0 -21"><span class='ocrx_word' id='word_1_530' title='bbox 2396 3032 2548 3086; x_wconf 82' lang='grc' dir='ltr'>πόλιν</span> <span class='ocrx_word' id='word_1_531' title='bbox 2611 3032 2708 3103; x_wconf 85' lang='grc' dir='ltr'>θεᾷ</span> <span class='ocrx_word' id='word_1_532' title='bbox 2781 3031 3069 3094; x_wconf 86' lang='grc' dir='ltr'>Βααλτίδι,</span> <span class='ocrx_word' id='word_1_533' title='bbox 3146 3032 3210 3101; x_wconf 79' lang='grc' dir='ltr'>τῇ</span> <span class='ocrx_word' id='word_1_534' title='bbox 3296 3030 3391 3082; x_wconf 70' lang='grc' dir='ltr'>καὶ</span> <span class='ocrx_word' id='word_1_535' title='bbox 3485 3031 3657 3103; x_wconf 81' lang='grc' dir='ltr'>Διώνῃ</span> <span class='ocrx_word' id='word_1_536' title='bbox 3731 3032 3941 3093; x_wconf 82' lang='grc' dir='ltr'>δίδωσι,</span> 
     </span>
    </p>
   </div>
   <div class='ocr_carea' id='block_1_74' title="bbox 2395 3122 3943 3196">
    <p class='ocr_par' dir='ltr' id='par_1_74' title="bbox 2395 3122 3943 3196">
     <span class='ocr_line' id='line_1_74' title="bbox 2395 3122 3943 3196; baseline -0.001 -18"><span class='ocrx_word' id='word_1_537' title='bbox 2395 3124 2634 3196; x_wconf 75' lang='grc' dir='ltr'>Βηρυτὸν</span> <span class='ocrx_word' id='word_1_538' title='bbox 2721 3124 2776 3176; x_wconf 81' lang='grc' dir='ltr'>δὲ</span> <span class='ocrx_word' id='word_1_539' title='bbox 2839 3122 3129 3177; x_wconf 87' lang='grc' dir='ltr'>Ποσειδῶνι</span> <span class='ocrx_word' id='word_1_540' title='bbox 3223 3124 3317 3175; x_wconf 76' lang='grc' dir='ltr'><strong>καὶ</strong></span> <span class='ocrx_word' id='word_1_541' title='bbox 3404 3122 3679 3194; x_wconf 78' lang='grc' dir='ltr'>Καϐἡροις</span> <span class='ocrx_word' id='word_1_542' title='bbox 3761 3124 3943 3193; x_wconf 75' lang='grc' dir='ltr'>Ἀγρό-</span> 
     </span>
    </p>
   </div>
   <div class='ocr_carea' id='block_1_75' title="bbox 2393 3213 3946 3285">
    <p class='ocr_par' dir='ltr' id='par_1_75' title="bbox 2393 3213 3946 3285">
     <span class='ocr_line' id='line_1_75' title="bbox 2393 3213 3946 3285; baseline -0.003 -16"><span class='ocrx_word' id='word_1_543' title='bbox 2393 3220 2521 3281; x_wconf 81' lang='grc' dir='ltr'>ταις</span> <span class='ocrx_word' id='word_1_544' title='bbox 2540 3231 2603 3271; x_wconf 75' lang='grc' dir='ltr'><strong>τε</strong></span> <span class='ocrx_word' id='word_1_545' title='bbox 2625 3216 2720 3268; x_wconf 69' lang='grc' dir='ltr'><strong>καὶ</strong></span> <span class='ocrx_word' id='word_1_546' title='bbox 2753 3213 3033 3276; x_wconf 73' lang='grc' dir='ltr'>Ἁλιεῦσιν,</span> <span class='ocrx_word' id='word_1_547' title='bbox 3074 3214 3101 3266; x_wconf 84' lang='grc' dir='ltr'><strong>ὅ</strong></span> <span class='ocrx_word' id='word_1_548' title='bbox 3134 3216 3227 3266; x_wconf 71' lang='grc' dir='ltr'><strong>καὶ</strong></span> <span class='ocrx_word' id='word_1_549' title='bbox 3259 3215 3456 3267; x_wconf 86' lang='grc' dir='ltr'>Πόντου</span> <span class='ocrx_word' id='word_1_550' title='bbox 3494 3215 3823 3285; x_wconf 70' lang='grc' dir='ltr'>λείψανα-είς</span> <span class='ocrx_word' id='word_1_551' title='bbox 3853 3213 3946 3282; x_wconf 77' lang='grc' dir='ltr'><strong>τὴν</strong></span> 
     </span>
    </p>
   </div>
   <div class='ocr_carea' id='block_1_76' title="bbox 2397 3305 3946 3377">
    <p class='ocr_par' dir='ltr' id='par_1_76' title="bbox 2397 3305 3946 3377">
     <span class='ocr_line' id='line_1_76' title="bbox 2397 3305 3946 3377; baseline -0.003 -18"><span class='ocrx_word' id='word_1_552' title='bbox 2397 3307 2632 3377; x_wconf 84' lang='grc' dir='ltr'>Βηρυτὸν</span> <span class='ocrx_word' id='word_1_553' title='bbox 2677 3305 3003 3376; x_wconf 80' lang='grc' dir='ltr'>ἀφιέρωσαν.</span> <span class='ocrx_word' id='word_1_554' title='bbox 3051 3306 3163 3375; x_wconf 87' lang='grc' dir='ltr'>Πρὸ</span> <span class='ocrx_word' id='word_1_555' title='bbox 3208 3305 3264 3358; x_wconf 86' lang='grc' dir='ltr'>δὲ</span> <span class='ocrx_word' id='word_1_556' title='bbox 3304 3307 3505 3359; x_wconf 83' lang='grc' dir='ltr'>τούτων</span> <span class='ocrx_word' id='word_1_557' title='bbox 3552 3307 3672 3370; x_wconf 80' lang='grc' dir='ltr'>θεὸς</span> <span class='ocrx_word' id='word_1_558' title='bbox 3710 3307 3946 3365; x_wconf 86' lang='grc' dir='ltr'>Τάαυτος</span> 
     </span>
    </p>
   </div>
   <div class='ocr_carea' id='block_1_77' title="bbox 2401 3393 3945 3467">
    <p class='ocr_par' dir='ltr' id='par_1_77' title="bbox 2401 3393 3945 3467">
     <span class='ocr_line' id='line_1_77' title="bbox 2401 3393 3945 3467; baseline -0.003 -19"><span class='ocrx_word' id='word_1_559' title='bbox 2401 3396 2775 3467; x_wconf 82' lang='grc' dir='ltr'>μιμησάμενος</span> <span class='ocrx_word' id='word_1_560' title='bbox 2806 3396 2894 3448; x_wconf 83' lang='grc' dir='ltr'><strong>τὸν</strong></span> <span class='ocrx_word' id='word_1_561' title='bbox 2937 3395 3203 3465; x_wconf 78' lang='grc' dir='ltr'>Οὐρανὸν,</span> <span class='ocrx_word' id='word_1_562' title='bbox 3238 3395 3345 3449; x_wconf 89' lang='grc' dir='ltr'><strong>τῶν</strong></span> <span class='ocrx_word' id='word_1_563' title='bbox 3373 3395 3508 3448; x_wconf 81' lang='grc' dir='ltr'>θεῶν</span> <span class='ocrx_word' id='word_1_564' title='bbox 3532 3395 3710 3463; x_wconf 67' lang='grc' dir='ltr'>ὄψεις,</span> <span class='ocrx_word' id='word_1_565' title='bbox 3742 3393 3945 3464; x_wconf 80' lang='grc' dir='ltr'>Κρόνου</span> 
     </span>
    </p>
   </div>
   <div class='ocr_carea' id='block_1_78' title="bbox 2396 3486 3949 3554">
    <p class='ocr_par' dir='ltr' id='par_1_78' title="bbox 2396 3486 3949 3554">
     <span class='ocr_line' id='line_1_78' title="bbox 2396 3486 3949 3554; baseline -0.003 -14"><span class='ocrx_word' id='word_1_566' title='bbox 2396 3505 2453 3539; x_wconf 87' lang='grc' dir='ltr'><strong>τε</strong></span> <span class='ocrx_word' id='word_1_567' title='bbox 2499 3488 2592 3540; x_wconf 72' lang='grc' dir='ltr'><strong>καὶ</strong></span> <span class='ocrx_word' id='word_1_568' title='bbox 2632 3487 2898 3554; x_wconf 85' lang='grc' dir='ltr'>Δαγῶνος,</span> <span class='ocrx_word' id='word_1_569' title='bbox 2945 3487 3175 3540; x_wconf 78' lang='grc' dir='ltr'>καὶτῶν</span> <span class='ocrx_word' id='word_1_570' title='bbox 3240 3487 3439 3539; x_wconf 82' lang='grc' dir='ltr'>λοιπῶν</span> <span class='ocrx_word' id='word_1_571' title='bbox 3488 3486 3785 3539; x_wconf 82' lang='grc' dir='ltr'>διετύπωσε</span> <span class='ocrx_word' id='word_1_572' title='bbox 3829 3486 3949 3546; x_wconf 71' lang='grc' dir='ltr'>τοὺς</span> 
     </span>
    </p>
   </div>
   <div class='ocr_carea' id='block_1_79' title="bbox 2396 3571 3948 3645">
    <p class='ocr_par' dir='ltr' id='par_1_79' title="bbox 2396 3571 3948 3645">
     <span class='ocr_line' id='line_1_79' title="bbox 2396 3571 3948 3645; baseline -0.003 -19"><span class='ocrx_word' id='word_1_573' title='bbox 2396 3575 2571 3644; x_wconf 77' lang='grc' dir='ltr'>ἱεροὺς</span> <span class='ocrx_word' id='word_1_574' title='bbox 2593 3574 2701 3626; x_wconf 88' lang='grc' dir='ltr'><strong>τῶν</strong></span> <span class='ocrx_word' id='word_1_575' title='bbox 2734 3574 3006 3643; x_wconf 84' lang='grc' dir='ltr'>στοιχείων</span> <span class='ocrx_word' id='word_1_576' title='bbox 3039 3575 3407 3645; x_wconf 87' lang='grc' dir='ltr'>χαρακτῆρας.</span> <span class='ocrx_word' id='word_1_577' title='bbox 3440 3573 3729 3642; x_wconf 81' lang='grc' dir='ltr'>Ἐπενόησε</span> <span class='ocrx_word' id='word_1_578' title='bbox 3756 3573 3814 3625; x_wconf 84' lang='grc' dir='ltr'>δὲ</span> <span class='ocrx_word' id='word_1_579' title='bbox 3860 3571 3948 3625; x_wconf 70' lang='grc' dir='ltr'><strong>καὶ</strong></span> 
     </span>
    </p>
   </div>
   <div class='ocr_carea' id='block_1_80' title="bbox 2394 3660 3947 3733">
    <p class='ocr_par' dir='ltr' id='par_1_80' title="bbox 2394 3660 3947 3733">
     <span class='ocr_line' id='line_1_80' title="bbox 2394 3660 3947 3733; baseline 0 -20"><span class='ocrx_word' id='word_1_580' title='bbox 2394 3660 2471 3731; x_wconf 82' lang='grc' dir='ltr'>τῷ</span> <span class='ocrx_word' id='word_1_581' title='bbox 2492 3662 2684 3733; x_wconf 83' lang='grc' dir='ltr'>Κρόνῳ</span> <span class='ocrx_word' id='word_1_582' title='bbox 2713 3664 3010 3732; x_wconf 85' lang='grc' dir='ltr'>παράσημα</span> <span class='ocrx_word' id='word_1_583' title='bbox 3041 3663 3340 3731; x_wconf 85' lang='grc' dir='ltr'>βασιλείας,</span> <span class='ocrx_word' id='word_1_584' title='bbox 3370 3664 3592 3733; x_wconf 78' lang='grc' dir='ltr'>ὄμματα</span> <span class='ocrx_word' id='word_1_585' title='bbox 3617 3663 3863 3733; x_wconf 86' lang='grc' dir='ltr'>τέσσαρα</span> <span class='ocrx_word' id='word_1_586' title='bbox 3889 3664 3947 3713; x_wconf 81' lang='grc' dir='ltr'>ἐκ</span> 
     </span>
    </p>
   </div>
   <div class='ocr_carea' id='block_1_81' title="bbox 2393 3751 3947 3824">
    <p class='ocr_par' dir='ltr' id='par_1_81' title="bbox 2393 3751 3947 3824">
     <span class='ocr_line' id='line_1_81' title="bbox 2393 3751 3947 3824; baseline -0.001 -18"><span class='ocrx_word' id='word_1_587' title='bbox 2393 3754 2499 3806; x_wconf 91' lang='grc' dir='ltr'><strong>τῶν</strong></span> <span class='ocrx_word' id='word_1_588' title='bbox 2547 3752 2886 3824; x_wconf 78' lang='grc' dir='ltr'>ἐμπροσθίων</span> <span class='ocrx_word' id='word_1_589' title='bbox 2930 3753 3022 3805; x_wconf 75' lang='grc' dir='ltr'>καὶ</span> <span class='ocrx_word' id='word_1_590' title='bbox 3065 3753 3171 3805; x_wconf 79' lang='grc' dir='ltr'><strong>τῶν</strong></span> <span class='ocrx_word' id='word_1_591' title='bbox 3213 3752 3465 3805; x_wconf 86' lang='grc' dir='ltr'>ὀπισθίων</span> <span class='ocrx_word' id='word_1_592' title='bbox 3513 3752 3725 3823; x_wconf 84' lang='grc' dir='ltr'>μερῶν·</span> <span class='ocrx_word' id='word_1_593' title='bbox 3769 3752 3864 3805; x_wconf 83' lang='grc' dir='ltr'><strong>δύο</strong></span> <span class='ocrx_word' id='word_1_594' title='bbox 3896 3751 3947 3804; x_wconf 83' lang='grc' dir='ltr'>δὲ</span> 
     </span>
    </p>
   </div>
   <div class='ocr_carea' id='block_1_82' title="bbox 2394 3843 3946 3915">
    <p class='ocr_par' dir='ltr' id='par_1_82' title="bbox 2394 3843 3946 3915">
     <span class='ocr_line' id='line_1_82' title="bbox 2394 3843 3946 3915; baseline -0.001 -18"><span class='ocrx_word' id='word_1_595' title='bbox 2394 3847 2567 3915; x_wconf 78' lang='grc' dir='ltr'>ἡσυχῇ</span> <span class='ocrx_word' id='word_1_596' title='bbox 2608 3845 2826 3914; x_wconf 82' lang='grc' dir='ltr'>μύοντα·</span> <span class='ocrx_word' id='word_1_597' title='bbox 2868 3845 2962 3896; x_wconf 74' lang='grc' dir='ltr'><strong>καὶ</strong></span> <span class='ocrx_word' id='word_1_598' title='bbox 3006 3845 3097 3896; x_wconf 77' lang='grc' dir='ltr'>ἐπὶ</span> <span class='ocrx_word' id='word_1_599' title='bbox 3143 3844 3249 3896; x_wconf 91' lang='grc' dir='ltr'><strong>τῶν</strong></span> <span class='ocrx_word' id='word_1_600' title='bbox 3282 3843 3447 3915; x_wconf 75' lang='grc' dir='ltr'>ὤμων</span> <span class='ocrx_word' id='word_1_601' title='bbox 3485 3844 3657 3915; x_wconf 87' lang='grc' dir='ltr'>πτερά</span> <span class='ocrx_word' id='word_1_602' title='bbox 3682 3845 3946 3914; x_wconf 82' lang='grc' dir='ltr'>τέσσαρα,</span> 
     </span>
    </p>
   </div>
   <div class='ocr_carea' id='block_1_83' title="bbox 2391 3930 3949 4001">
    <p class='ocr_par' dir='ltr' id='par_1_83' title="bbox 2391 3930 3949 4001">
     <span class='ocr_line' id='line_1_83' title="bbox 2391 3930 3949 4001; baseline 0.002 -18"><span class='ocrx_word' id='word_1_603' title='bbox 2391 3930 2482 3984; x_wconf 85' lang='grc' dir='ltr'>δύο</span> <span class='ocrx_word' id='word_1_604' title='bbox 2522 3931 2648 4001; x_wconf 84' lang='grc' dir='ltr'>μὲν,</span> <span class='ocrx_word' id='word_1_605' title='bbox 2682 3930 2756 3994; x_wconf 89' lang='grc' dir='ltr'>ὡς</span> <span class='ocrx_word' id='word_1_606' title='bbox 2794 3932 3077 4000; x_wconf 83' lang='grc' dir='ltr'>ἰπτάμενα,</span> <span class='ocrx_word' id='word_1_607' title='bbox 3110 3930 3201 3984; x_wconf 83' lang='grc' dir='ltr'><strong>δύο</strong></span> <span class='ocrx_word' id='word_1_608' title='bbox 3244 3933 3300 3984; x_wconf 86' lang='grc' dir='ltr'>δὲ</span> <span class='ocrx_word' id='word_1_609' title='bbox 3346 3931 3421 3993; x_wconf 84' lang='grc' dir='ltr'>ὡς</span> <span class='ocrx_word' id='word_1_610' title='bbox 3466 3933 3749 4001; x_wconf 75' lang='grc' dir='ltr'>ὑφειμένα.</span> <span class='ocrx_word' id='word_1_611' title='bbox 3784 3934 3860 3985; x_wconf 82' lang='grc' dir='ltr'>Τδ</span> <span class='ocrx_word' id='word_1_612' title='bbox 3896 3933 3949 3986; x_wconf 72' lang='grc' dir='ltr'>δὲ</span> 
     </span>
    </p>
   </div>
   <div class='ocr_carea' id='block_1_84' title="bbox 2393 4017 3949 4093">
    <p class='ocr_par' dir='ltr' id='par_1_84' title="bbox 2393 4017 3949 4093">
     <span class='ocr_line' id='line_1_84' title="bbox 2393 4017 3949 4093; baseline 0.001 -20"><span class='ocrx_word' id='word_1_613' title='bbox 2393 4020 2655 4091; x_wconf 63' lang='grc' dir='ltr'>ώμσολον</span> <span class='ocrx_word' id='word_1_614' title='bbox 2682 4017 2768 4092; x_wconf 81' lang='grc' dir='ltr'>ἦν,</span> <span class='ocrx_word' id='word_1_615' title='bbox 2803 4021 2984 4092; x_wconf 78' lang='grc' dir='ltr'>ἐπειδὴ</span> <span class='ocrx_word' id='word_1_616' title='bbox 3019 4021 3223 4089; x_wconf 85' lang='grc' dir='ltr'>Κρόνος</span> <span class='ocrx_word' id='word_1_617' title='bbox 3254 4020 3587 4093; x_wconf 82' lang='grc' dir='ltr'>κοιμώμενος</span> <span class='ocrx_word' id='word_1_618' title='bbox 3612 4022 3830 4089; x_wconf 73' lang='grc' dir='ltr'>ἐδλεπε,</span> <span class='ocrx_word' id='word_1_619' title='bbox 3856 4024 3949 4088; x_wconf 67' lang='grc' dir='ltr'><strong>καὶ</strong></span> 
     </span>
    </p>
   </div>
   <div class='ocr_carea' id='block_1_85' title="bbox 2389 4110 3948 4185">
    <p class='ocr_par' dir='ltr' id='par_1_85' title="bbox 2389 4110 3948 4185">
     <span class='ocr_line' id='line_1_85' title="bbox 2389 4110 3948 4185; baseline -0.007 -21"><span class='ocrx_word' id='word_1_620' title='bbox 2389 4110 2701 4185; x_wconf 78' lang='grc' dir='ltr'>ἐγρηγορὼς</span> <span class='ocrx_word' id='word_1_621' title='bbox 2740 4114 3014 4182; x_wconf 71' lang='grc' dir='ltr'>ἐκοιμᾶτο·</span> <span class='ocrx_word' id='word_1_622' title='bbox 3061 4114 3155 4165; x_wconf 74' lang='grc' dir='ltr'><strong>καὶ</strong></span> <span class='ocrx_word' id='word_1_623' title='bbox 3192 4114 3283 4167; x_wconf 75' lang='grc' dir='ltr'>ἐπὶ</span> <span class='ocrx_word' id='word_1_624' title='bbox 3322 4113 3428 4167; x_wconf 91' lang='grc' dir='ltr'><strong>τῶν</strong></span> <span class='ocrx_word' id='word_1_625' title='bbox 3468 4114 3681 4184; x_wconf 82' lang='grc' dir='ltr'>πτερῶν</span> <span class='ocrx_word' id='word_1_626' title='bbox 3724 4115 3948 4185; x_wconf 58' lang='grc' dir='ltr'>ὁμοίως,</span> 
     </span>
    </p>
   </div>
   <div class='ocr_carea' id='block_1_86' title="bbox 2388 4192 3945 4277">
    <p class='ocr_par' dir='ltr' id='par_1_86' title="bbox 2388 4192 3945 4277">
     <span class='ocr_line' id='line_1_86' title="bbox 2388 4192 3945 4277; baseline 0.002 -20"><span class='ocrx_word' id='word_1_627' title='bbox 2388 4206 2467 4257; x_wconf 85' lang='grc' dir='ltr'>ὅτι</span> <span class='ocrx_word' id='word_1_628' title='bbox 2501 4192 2903 4274; x_wconf 82' lang='grc' dir='ltr'>ἀναπαυόμενος</span> <span class='ocrx_word' id='word_1_629' title='bbox 2940 4205 3152 4269; x_wconf 81' lang='grc' dir='ltr'>ἵπτατο,</span> <span class='ocrx_word' id='word_1_630' title='bbox 3181 4208 3275 4259; x_wconf 77' lang='grc' dir='ltr'><strong>καὶ</strong></span> <span class='ocrx_word' id='word_1_631' title='bbox 3306 4207 3593 4277; x_wconf 77' lang='grc' dir='ltr'>ίπτάμενος</span> <span class='ocrx_word' id='word_1_632' title='bbox 3623 4208 3945 4260; x_wconf 73' lang='grc' dir='ltr'>ἀνεπαύετο.</span> 
     </span>
    </p>
   </div>
   <div class='ocr_carea' id='block_1_87' title="bbox 2388 4280 3951 4367">
    <p class='ocr_par' dir='ltr' id='par_1_87' title="bbox 2388 4280 3951 4367">
     <span class='ocr_line' id='line_1_87' title="bbox 2388 4280 3951 4367; baseline 0.002 -22"><span class='ocrx_word' id='word_1_633' title='bbox 2388 4296 2510 4365; x_wconf 85' lang='grc' dir='ltr'>Τοῖς</span> <span class='ocrx_word' id='word_1_634' title='bbox 2553 4296 2608 4348; x_wconf 86' lang='grc' dir='ltr'>δὲ</span> <span class='ocrx_word' id='word_1_635' title='bbox 2648 4294 2851 4357; x_wconf 83' lang='grc' dir='ltr'>λοιποῖς</span> <span class='ocrx_word' id='word_1_636' title='bbox 2891 4294 3061 4359; x_wconf 86' lang='grc' dir='ltr'>θεοῖς,</span> <span class='ocrx_word' id='word_1_637' title='bbox 3101 4280 3192 4347; x_wconf 81' lang='grc' dir='ltr'><strong>δύό</strong></span> <span class='ocrx_word' id='word_1_638' title='bbox 3234 4296 3444 4365; x_wconf 80' lang='grc' dir='ltr'>ἑκάστῳ</span> <span class='ocrx_word' id='word_1_639' title='bbox 3483 4296 3821 4367; x_wconf 85' lang='grc' dir='ltr'>πτερώματα</span> <span class='ocrx_word' id='word_1_640' title='bbox 3862 4298 3951 4349; x_wconf 70' lang='grc' dir='ltr'><strong>ἐπὶ</strong></span> 
     </span>
    </p>
   </div>
   <div class='ocr_carea' id='block_1_88' title="bbox 2388 4376 3951 4457">
    <p class='ocr_par' dir='ltr' id='par_1_88' title="bbox 2388 4376 3951 4457">
     <span class='ocr_line' id='line_1_88' title="bbox 2388 4376 3951 4457; baseline 0.001 -21"><span class='ocrx_word' id='word_1_641' title='bbox 2388 4376 2491 4437; x_wconf 83' lang='grc' dir='ltr'><strong>τῶν</strong></span> <span class='ocrx_word' id='word_1_642' title='bbox 2543 4381 2725 4455; x_wconf 77' lang='grc' dir='ltr'>ὤμων,</span> <span class='ocrx_word' id='word_1_643' title='bbox 2763 4385 2837 4447; x_wconf 86' lang='grc' dir='ltr'><strong>ὡς</strong></span> <span class='ocrx_word' id='word_1_644' title='bbox 2881 4385 2960 4436; x_wconf 80' lang='grc' dir='ltr'>ὅτι</span> <span class='ocrx_word' id='word_1_645' title='bbox 3007 4384 3071 4453; x_wconf 85' lang='grc' dir='ltr'>δὴ</span> <span class='ocrx_word' id='word_1_646' title='bbox 3116 4384 3436 4440; x_wconf 65' lang='grc' dir='ltr'>συνίπταντο</span> <span class='ocrx_word' id='word_1_647' title='bbox 3466 4386 3543 4455; x_wconf 80' lang='grc' dir='ltr'>τῷ</span> <span class='ocrx_word' id='word_1_648' title='bbox 3586 4388 3799 4457; x_wconf 82' lang='grc' dir='ltr'>Κρόνῳ.</span> <span class='ocrx_word' id='word_1_649' title='bbox 3844 4388 3951 4439; x_wconf 76' lang='grc' dir='ltr'><strong>Καὶ</strong></span> 
     </span>
    </p>
   </div>
   <div class='ocr_carea' id='block_1_89' title="bbox 2388 4476 3951 4547">
    <p class='ocr_par' dir='ltr' id='par_1_89' title="bbox 2388 4476 3951 4547">
     <span class='ocr_line' id='line_1_89' title="bbox 2388 4476 3951 4547; baseline -0.001 -19"><span class='ocrx_word' id='word_1_650' title='bbox 2388 4476 2534 4546; x_wconf 85' lang='grc' dir='ltr'>αὑτῷ</span> <span class='ocrx_word' id='word_1_651' title='bbox 2564 4477 2620 4528; x_wconf 87' lang='grc' dir='ltr'><strong>δὲ</strong></span> <span class='ocrx_word' id='word_1_652' title='bbox 2654 4476 2808 4528; x_wconf 88' lang='grc' dir='ltr'>πάλιν</span> <span class='ocrx_word' id='word_1_653' title='bbox 2843 4478 2933 4529; x_wconf 76' lang='grc' dir='ltr'>ἐπὶ</span> <span class='ocrx_word' id='word_1_654' title='bbox 2974 4476 3075 4544; x_wconf 81' lang='grc' dir='ltr'>τῆς</span> <span class='ocrx_word' id='word_1_655' title='bbox 3116 4476 3353 4545; x_wconf 79' lang='grc' dir='ltr'>κεφαλῆς</span> <span class='ocrx_word' id='word_1_656' title='bbox 3407 4478 3580 4547; x_wconf 90' lang='grc' dir='ltr'>πτερά</span> <span class='ocrx_word' id='word_1_657' title='bbox 3610 4478 3719 4530; x_wconf 77' lang='grc' dir='ltr'>δύο·</span> <span class='ocrx_word' id='word_1_658' title='bbox 3763 4478 3825 4531; x_wconf 85' lang='grc' dir='ltr'>ἓν</span> <span class='ocrx_word' id='word_1_659' title='bbox 3861 4480 3951 4529; x_wconf 71' lang='grc' dir='ltr'><strong>ἐπὶ</strong></span> 
     </span>
    </p>
   </div>
   <div class='ocr_carea' id='block_1_90' title="bbox 723 4561 2291 4647">
    <p class='ocr_par' dir='ltr' id='par_1_90' title="bbox 723 4571 2282 4645">
     <span class='ocr_line' id='line_1_90' title="bbox 723 4571 2282 4645; baseline -0.004 -16"><span class='ocrx_word' id='word_1_660' title='bbox 723 4593 833 4645; x_wconf 90' lang='lat' dir='ltr'><strong>quo</strong></span> <span class='ocrx_word' id='word_1_661' title='bbox 870 4578 987 4630; x_wconf 92' lang='lat' dir='ltr'><strong>loco</strong></span> <span class='ocrx_word' id='word_1_662' title='bbox 1020 4575 1201 4628; x_wconf 73' lang='lat' dir='ltr'><strong>leus</strong></span> <span class='ocrx_word' id='word_1_663' title='bbox 1237 4575 1372 4627; x_wconf 90' lang='lat' dir='ltr'><strong>idem</strong></span> <span class='ocrx_word' id='word_1_664' title='bbox 1407 4583 1591 4643; x_wconf 90' lang='lat' dir='ltr'><strong>postea</strong></span> <span class='ocrx_word' id='word_1_665' title='bbox 1633 4584 1978 4630; x_wconf 90' lang='lat' dir='ltr'><strong>consecratus</strong></span> <span class='ocrx_word' id='word_1_666' title='bbox 2012 4584 2112 4628; x_wconf 89' lang='lat' dir='ltr'><strong>est.</strong></span> <span class='ocrx_word' id='word_1_667' title='bbox 2146 4571 2282 4626; x_wconf 87' lang='lat' dir='ltr'><strong>Tum</strong></span> 
     </span>
    </p>
   </div>
   <div class='ocr_carea' id='block_1_91' title="bbox 2395 4561 3947 4647">
    <p class='ocr_par' dir='ltr' id='par_1_91' title="bbox 2395 4561 3947 4639">
     <span class='ocr_line' id='line_1_91' title="bbox 2395 4561 3947 4639; baseline -0.001 -17"><span class='ocrx_word' id='word_1_668' title='bbox 2395 4567 2482 4623; x_wconf 77' lang='grc' dir='ltr'>τοῦ</span> <span class='ocrx_word' id='word_1_669' title='bbox 2517 4561 2982 4639; x_wconf 75' lang='grc' dir='ltr'>ἡγεμονικωτάτου</span> <span class='ocrx_word' id='word_1_670' title='bbox 3022 4566 3143 4630; x_wconf 84' lang='grc' dir='ltr'>νοῦ,</span> <span class='ocrx_word' id='word_1_671' title='bbox 3168 4568 3259 4618; x_wconf 82' lang='grc' dir='ltr'>καὶ</span> <span class='ocrx_word' id='word_1_672' title='bbox 3282 4566 3339 4619; x_wconf 83' lang='grc' dir='ltr'>ἓν</span> <span class='ocrx_word' id='word_1_673' title='bbox 3368 4567 3458 4621; x_wconf 72' lang='grc' dir='ltr'>ἐπὶ</span> <span class='ocrx_word' id='word_1_674' title='bbox 3493 4570 3589 4639; x_wconf 79' lang='grc' dir='ltr'>τῆς</span> <span class='ocrx_word' id='word_1_675' title='bbox 3612 4570 3947 4639; x_wconf 80' lang='grc' dir='ltr'>αἰσθήσεως.</span> 
     </span>
    </p>
   </div>
   <div class='ocr_carea' id='block_1_92' title="bbox 724 4665 2285 4736">
    <p class='ocr_par' dir='ltr' id='par_1_92' title="bbox 724 4665 2285 4736">
     <span class='ocr_line' id='line_1_92' title="bbox 724 4665 2285 4736; baseline 0 -17"><span class='ocrx_word' id='word_1_676' title='bbox 724 4684 854 4720; x_wconf 87' lang='lat' dir='ltr'><strong>vero</strong></span> <span class='ocrx_word' id='word_1_677' title='bbox 890 4667 1201 4736; x_wconf 79' lang='lat' dir='ltr'><strong>dispertitos</strong></span> <span class='ocrx_word' id='word_1_678' title='bbox 1244 4665 1361 4734; x_wconf 85' lang='lat' dir='ltr'><strong>ejus</strong></span> <span class='ocrx_word' id='word_1_679' title='bbox 1405 4680 1467 4718; x_wconf 91' lang='lat' dir='ltr'><strong>ac</strong></span> <span class='ocrx_word' id='word_1_680' title='bbox 1507 4666 1798 4733; x_wconf 84' lang='lat' dir='ltr'><strong>dissipatus</strong></span> <span class='ocrx_word' id='word_1_681' title='bbox 1832 4667 2054 4734; x_wconf 91' lang='lat' dir='ltr'><strong>spiritus</strong></span> <span class='ocrx_word' id='word_1_682' title='bbox 2083 4675 2198 4729; x_wconf 89' lang='lat' dir='ltr'><strong>est,</strong></span> <span class='ocrx_word' id='word_1_683' title='bbox 2232 4675 2285 4719; x_wconf 90' lang='lat' dir='ltr'><strong>et</strong></span> 
     </span>
    </p>
   </div>
   <div class='ocr_carea' id='block_1_93' title="bbox 725 4756 2285 4825">
    <p class='ocr_par' dir='ltr' id='par_1_93' title="bbox 725 4756 2285 4825">
     <span class='ocr_line' id='line_1_93' title="bbox 725 4756 2285 4825; baseline 0.001 -15"><span class='ocrx_word' id='word_1_684' title='bbox 725 4760 945 4825; x_wconf 86' lang='lat' dir='ltr'><strong>sanguis</strong></span> <span class='ocrx_word' id='word_1_685' title='bbox 976 4776 1003 4811; x_wconf 89' lang='lat' dir='ltr'><strong>e</strong></span> <span class='ocrx_word' id='word_1_686' title='bbox 1035 4760 1254 4813; x_wconf 82' lang='lat' dir='ltr'><strong>vulnere</strong></span> <span class='ocrx_word' id='word_1_687' title='bbox 1287 4756 1526 4811; x_wconf 83' lang='lat' dir='ltr'><strong>deﬂuens</strong></span> <span class='ocrx_word' id='word_1_688' title='bbox 1554 4756 1605 4807; x_wconf 89' lang='lat' dir='ltr'><strong>in</strong></span> <span class='ocrx_word' id='word_1_689' title='bbox 1639 4757 1936 4811; x_wconf 79' lang='lat' dir='ltr'><strong>vicinorum</strong></span> <span class='ocrx_word' id='word_1_690' title='bbox 1967 4758 2194 4813; x_wconf 85' lang='lat' dir='ltr'><strong>fontium</strong></span> <span class='ocrx_word' id='word_1_691' title='bbox 2222 4774 2285 4812; x_wconf 88' lang='lat' dir='ltr'><strong>ac</strong></span> 
     </span>
    </p>
   </div>
   <div class='ocr_carea' id='block_1_94' title="bbox 725 4846 2283 4917">
    <p class='ocr_par' dir='ltr' id='par_1_94' title="bbox 725 4846 2283 4917">
     <span class='ocr_line' id='line_1_94' title="bbox 725 4846 2283 4917; baseline 0.003 -16"><span class='ocrx_word' id='word_1_692' title='bbox 725 4846 1008 4901; x_wconf 85' lang='lat' dir='ltr'><strong>ﬂuviorum</strong></span> <span class='ocrx_word' id='word_1_693' title='bbox 1038 4864 1203 4917; x_wconf 86' lang='lat' dir='ltr'><strong>aquas</strong></span> <span class='ocrx_word' id='word_1_694' title='bbox 1230 4848 1527 4904; x_wconf 90' lang='lat' dir='ltr'><strong>distillavit.</strong></span> <span class='ocrx_word' id='word_1_695' title='bbox 1566 4846 1742 4901; x_wconf 88' lang='lat' dir='ltr'><strong>Locus</strong></span> <span class='ocrx_word' id='word_1_696' title='bbox 1772 4850 2065 4904; x_wconf 87' lang='lat' dir='ltr'><strong>etiamnum</strong></span> <span class='ocrx_word' id='word_1_697' title='bbox 2102 4862 2283 4906; x_wconf 90' lang='lat' dir='ltr'><strong>osten-</strong></span> 
     </span>
    </p>
   </div>
   <div class='ocr_carea' id='block_1_95' title="bbox 724 4937 2283 5012">
    <p class='ocr_par' dir='ltr' id='par_1_95' title="bbox 724 4937 2283 5012">
     <span class='ocr_line' id='line_1_95' title="bbox 724 4937 2283 5012; baseline 0.003 -20"><span class='ocrx_word' id='word_1_698' title='bbox 724 4939 887 4992; x_wconf 88' lang='lat' dir='ltr'><strong>ditur.</strong></span> <span class='ocrx_word' id='word_1_699' title='bbox 934 4958 952 4990; x_wconf 85' lang='grc'><strong>›</strong></span> <span class='ocrx_word' id='word_1_700' title='bbox 992 4937 1082 4991; x_wconf 69' lang='lat' dir='ltr'><strong>Hae</strong></span> <span class='ocrx_word' id='word_1_701' title='bbox 1132 4951 1258 4994; x_wconf 86' lang='lat' dir='ltr'><strong>sunt</strong></span> <span class='ocrx_word' id='word_1_702' title='bbox 1300 4956 1422 4994; x_wconf 89' lang='lat' dir='ltr'><strong>cum</strong></span> <span class='ocrx_word' id='word_1_703' title='bbox 1473 4938 1732 4999; x_wconf 87' lang='lat' dir='ltr'><strong>Saturni,</strong></span> <span class='ocrx_word' id='word_1_704' title='bbox 1795 4948 1905 4992; x_wconf 91' lang='lat' dir='ltr'><strong>tum</strong></span> <span class='ocrx_word' id='word_1_705' title='bbox 1954 4956 2143 4994; x_wconf 90' lang='lat' dir='ltr'><strong>eorum</strong></span> <span class='ocrx_word' id='word_1_706' title='bbox 2190 4944 2283 5012; x_wconf 92' lang='lat' dir='ltr'><strong>qui</strong></span> 
     </span>
    </p>
   </div>
   <div class='ocr_carea' id='block_1_96' title="bbox 723 5030 2283 5093">
    <p class='ocr_par' dir='ltr' id='par_1_96' title="bbox 723 5030 2283 5093">
     <span class='ocr_line' id='line_1_96' title="bbox 723 5030 2283 5093; baseline 0.002 -8"><span class='ocrx_word' id='word_1_707' title='bbox 723 5031 942 5085; x_wconf 91' lang='lat' dir='ltr'><strong>Saturni</strong></span> <span class='ocrx_word' id='word_1_708' title='bbox 992 5040 1147 5083; x_wconf 61' lang='lat' dir='ltr'><strong>aetate</strong></span> <span class='ocrx_word' id='word_1_709' title='bbox 1190 5031 1474 5093; x_wconf 74' lang='lat' dir='ltr'><strong>vixerunt,</strong></span> <span class='ocrx_word' id='word_1_710' title='bbox 1530 5033 1795 5088; x_wconf 87' lang='lat' dir='ltr'><strong>decantati</strong></span> <span class='ocrx_word' id='word_1_711' title='bbox 1845 5048 1873 5085; x_wconf 91' lang='lat' dir='ltr'><strong>a</strong></span> <span class='ocrx_word' id='word_1_712' title='bbox 1928 5030 2129 5088; x_wconf 62' lang='lat' dir='ltr'><strong>Graecis</strong></span> <span class='ocrx_word' id='word_1_713' title='bbox 2184 5036 2283 5088; x_wconf 65' lang='lat' dir='ltr'><strong>aevi</strong></span> 
     </span>
    </p>
   </div>
   <div class='ocr_carea' id='block_1_97' title="bbox 722 5122 2279 5193">
    <p class='ocr_par' dir='ltr' id='par_1_97' title="bbox 722 5122 2279 5193">
     <span class='ocr_line' id='line_1_97' title="bbox 722 5122 2279 5193; baseline 0 -16"><span class='ocrx_word' id='word_1_714' title='bbox 722 5124 910 5179; x_wconf 83' lang='lat' dir='ltr'><strong>laudes</strong></span> <span class='ocrx_word' id='word_1_715' title='bbox 944 5122 1197 5193; x_wconf 64' lang='lat' dir='ltr'><strong>egregiae;</strong></span> <span class='ocrx_word' id='word_1_716' title='bbox 1232 5138 1368 5190; x_wconf 89' lang='lat' dir='ltr'><strong>quos</strong></span> <span class='ocrx_word' id='word_1_717' title='bbox 1394 5127 1554 5177; x_wconf 88' lang='lat' dir='ltr'><strong>etiam</strong></span> <span class='ocrx_word' id='word_1_718' title='bbox 1600 5127 1845 5193; x_wconf 83' lang='lat' dir='ltr'><strong>princeps</strong></span> <span class='ocrx_word' id='word_1_719' title='bbox 1872 5135 2029 5190; x_wconf 91' lang='lat' dir='ltr'><strong>atque</strong></span> <span class='ocrx_word' id='word_1_720' title='bbox 2055 5139 2279 5177; x_wconf 86' lang='lat' dir='ltr'><strong>aureum</strong></span> 
     </span>
    </p>
   </div>
   <div class='ocr_carea' id='block_1_98' title="bbox 725 5214 2280 5285">
    <p class='ocr_par' dir='ltr' id='par_1_98' title="bbox 725 5214 2280 5285">
     <span class='ocr_line' id='line_1_98' title="bbox 725 5214 2280 5285; baseline 0.001 -18"><span class='ocrx_word' id='word_1_721' title='bbox 725 5217 1005 5269; x_wconf 88' lang='lat' dir='ltr'><strong>hominum</strong></span> <span class='ocrx_word' id='word_1_722' title='bbox 1034 5216 1211 5283; x_wconf 83' lang='lat' dir='ltr'><strong>lingua</strong></span> <span class='ocrx_word' id='word_1_723' title='bbox 1250 5214 1663 5283; x_wconf 88' lang='lat' dir='ltr'><strong>discrepantium</strong></span> <span class='ocrx_word' id='word_1_724' title='bbox 1699 5230 1866 5285; x_wconf 85' lang='lat' dir='ltr'><strong>genus</strong></span> <span class='ocrx_word' id='word_1_725' title='bbox 1888 5256 1900 5276; x_wconf 94' lang='lat'><strong>,</strong></span> <span class='ocrx_word' id='word_1_726' title='bbox 1928 5216 1995 5267; x_wconf 92' lang='lat' dir='ltr'><strong>ob</strong></span> <span class='ocrx_word' id='word_1_727' title='bbox 2026 5215 2280 5282; x_wconf 85' lang='lat' dir='ltr'><strong>jactatam</strong></span> 
     </span>
    </p>
   </div>
   <div class='ocr_carea' id='block_1_99' title="bbox 724 5303 2279 5376">
    <p class='ocr_par' dir='ltr' id='par_1_99' title="bbox 724 5303 2279 5376">
     <span class='ocr_line' id='line_1_99' title="bbox 724 5303 2279 5376; baseline -0.001 -17"><span class='ocrx_word' id='word_1_728' title='bbox 724 5307 867 5360; x_wconf 87' lang='lat' dir='ltr'><strong>illam</strong></span> <span class='ocrx_word' id='word_1_729' title='bbox 896 5321 1133 5360; x_wconf 83' lang='lat' dir='ltr'><strong>veterum</strong></span> <span class='ocrx_word' id='word_1_730' title='bbox 1166 5304 1495 5369; x_wconf 84' lang='lat' dir='ltr'><strong>felicitatem,</strong></span> <span class='ocrx_word' id='word_1_731' title='bbox 1534 5324 1841 5376; x_wconf 89' lang='lat' dir='ltr'><strong>nuncupare</strong></span> <span class='ocrx_word' id='word_1_732' title='bbox 1865 5306 2057 5361; x_wconf 78' lang='lat' dir='ltr'><strong>solent.</strong></span> <span class='ocrx_word' id='word_1_733' title='bbox 2087 5303 2279 5357; x_wconf 82' lang='lat' dir='ltr'><strong>Verum</strong></span> 
     </span>
    </p>
   </div>
   <div class='ocr_carea' id='block_1_100' title="bbox 726 5396 2281 5467">
    <p class='ocr_par' dir='ltr' id='par_1_100' title="bbox 726 5396 2281 5467">
     <span class='ocr_line' id='line_1_100' title="bbox 726 5396 2281 5467; baseline -0.001 -17"><span class='ocrx_word' id='word_1_734' title='bbox 726 5406 907 5450; x_wconf 86' lang='lat' dir='ltr'><strong>noster</strong></span> <span class='ocrx_word' id='word_1_735' title='bbox 939 5402 1025 5452; x_wconf 89' lang='lat' dir='ltr'><strong>hic</strong></span> <span class='ocrx_word' id='word_1_736' title='bbox 1070 5400 1327 5467; x_wconf 85' lang='lat' dir='ltr'><strong>scriptor,</strong></span> <span class='ocrx_word' id='word_1_737' title='bbox 1348 5396 1640 5464; x_wconf 89' lang='lat' dir='ltr'><strong>interjectis</strong></span> <span class='ocrx_word' id='word_1_738' title='bbox 1673 5399 2025 5465; x_wconf 86' lang='lat' dir='ltr'><strong>quibusdam,</strong></span> <span class='ocrx_word' id='word_1_739' title='bbox 2056 5396 2125 5449; x_wconf 86' lang='lat' dir='ltr'><strong>ita</strong></span> <span class='ocrx_word' id='word_1_740' title='bbox 2158 5412 2281 5465; x_wconf 79' lang='lat' dir='ltr'><strong>pro-</strong></span> 
     </span>
    </p>
   </div>
   <div class='ocr_carea' id='block_1_101' title="bbox 722 5480 2277 5553">
    <p class='ocr_par' dir='ltr' id='par_1_101' title="bbox 722 5480 2277 5553">
     <span class='ocr_line' id='line_1_101' title="bbox 722 5480 2277 5553; baseline -0.001 -15"><span class='ocrx_word' id='word_1_741' title='bbox 722 5486 967 5552; x_wconf 78' lang='lat' dir='ltr'><strong>sequitur</strong></span> <span class='ocrx_word' id='word_1_742' title='bbox 994 5505 1007 5539; x_wconf 92' lang='lat'>:</span> <span class='ocrx_word' id='word_1_743' title='bbox 1042 5505 1058 5537; x_wconf 82' lang='grc' dir='ltr'><strong>ι</strong></span> <span class='ocrx_word' id='word_1_744' title='bbox 1100 5487 1316 5540; x_wconf 84' lang='lat' dir='ltr'><strong>Astarte</strong></span> <span class='ocrx_word' id='word_1_745' title='bbox 1342 5499 1491 5550; x_wconf 71' lang='lat' dir='ltr'><strong>vero,</strong></span> <span class='ocrx_word' id='word_1_746' title='bbox 1524 5480 1643 5553; x_wconf 71' lang='lat' dir='ltr'><strong>quae</strong></span> <span class='ocrx_word' id='word_1_747' title='bbox 1670 5485 1897 5541; x_wconf 78' lang='lat' dir='ltr'><strong>Maxuna</strong></span> <span class='ocrx_word' id='word_1_748' title='bbox 1947 5485 2277 5547; x_wconf 87' lang='lat' dir='ltr'><strong>nominatur,</strong></span> 
     </span>
    </p>
   </div>
   <div class='ocr_carea' id='block_1_102' title="bbox 721 5570 2280 5640">
    <p class='ocr_par' dir='ltr' id='par_1_102' title="bbox 721 5570 2280 5640">
     <span class='ocr_line' id='line_1_102' title="bbox 721 5570 2280 5640; baseline 0.003 -15"><span class='ocrx_word' id='word_1_749' title='bbox 721 5570 930 5640; x_wconf 81' lang='lat' dir='ltr'><strong>Jupiter</strong></span> <span class='ocrx_word' id='word_1_750' title='bbox 971 5570 1292 5639; x_wconf 86' lang='lat' dir='ltr'><strong>Demaroon,</strong></span> <span class='ocrx_word' id='word_1_751' title='bbox 1332 5581 1386 5628; x_wconf 87' lang='lat' dir='ltr'><strong>et</strong></span> <span class='ocrx_word' id='word_1_752' title='bbox 1434 5587 1526 5626; x_wconf 80' lang='lat' dir='ltr'><strong>rex</strong></span> <span class='ocrx_word' id='word_1_753' title='bbox 1561 5572 1782 5627; x_wconf 89' lang='lat' dir='ltr'><strong>deorum</strong></span> <span class='ocrx_word' id='word_1_754' title='bbox 1826 5575 2083 5636; x_wconf 80' lang='lat' dir='ltr'><strong>Adodus,</strong></span> <span class='ocrx_word' id='word_1_755' title='bbox 2128 5574 2180 5627; x_wconf 92' lang='lat' dir='ltr'><strong>in</strong></span> <span class='ocrx_word' id='word_1_756' title='bbox 2216 5590 2280 5629; x_wconf 90' lang='lat' dir='ltr'><strong>ea</strong></span> 
     </span>
    </p>
   </div>
   <div class='ocr_carea' id='block_1_103' title="bbox 726 5668 2277 5741">
    <p class='ocr_par' dir='ltr' id='par_1_103' title="bbox 726 5668 2277 5741">
     <span class='ocr_line' id='line_1_103' title="bbox 726 5668 2277 5741; baseline -0.001 -16"><span class='ocrx_word' id='word_1_757' title='bbox 726 5671 945 5741; x_wconf 82' lang='lat' dir='ltr'><strong>regione</strong></span> <span class='ocrx_word' id='word_1_758' title='bbox 969 5668 1201 5723; x_wconf 89' lang='lat' dir='ltr'><strong>Saturno</strong></span> <span class='ocrx_word' id='word_1_759' title='bbox 1230 5669 1597 5725; x_wconf 81' lang='lat' dir='ltr'><strong>consentiente</strong></span> <span class='ocrx_word' id='word_1_760' title='bbox 1619 5681 1933 5735; x_wconf 74' lang='lat' dir='ltr'><strong>regnarunt.</strong></span> <span class='ocrx_word' id='word_1_761' title='bbox 1950 5672 2165 5726; x_wconf 86' lang='lat' dir='ltr'><strong>Astarte</strong></span> <span class='ocrx_word' id='word_1_762' title='bbox 2187 5686 2277 5725; x_wconf 85' lang='lat' dir='ltr'><strong>ca-</strong></span> 
     </span>
    </p>
   </div>
   <div class='ocr_carea' id='block_1_104' title="bbox 724 5754 2278 5834">
    <p class='ocr_par' dir='ltr' id='par_1_104' title="bbox 724 5754 2278 5834">
     <span class='ocr_line' id='line_1_104' title="bbox 724 5754 2278 5834; baseline -0.003 -15"><span class='ocrx_word' id='word_1_763' title='bbox 724 5764 821 5834; x_wconf 85' lang='lat' dir='ltr'><strong>piti</strong></span> <span class='ocrx_word' id='word_1_764' title='bbox 852 5776 986 5825; x_wconf 84' lang='lat' dir='ltr'><strong>suo,</strong></span> <span class='ocrx_word' id='word_1_765' title='bbox 1026 5773 1279 5831; x_wconf 82' lang='lat' dir='ltr'><strong>tanquam</strong></span> <span class='ocrx_word' id='word_1_766' title='bbox 1329 5763 1537 5831; x_wconf 82' lang='lat' dir='ltr'><strong>insigne</strong></span> <span class='ocrx_word' id='word_1_767' title='bbox 1571 5754 1753 5831; x_wconf 82' lang='lat' dir='ltr'><strong>regni,</strong></span> <span class='ocrx_word' id='word_1_768' title='bbox 1783 5764 1925 5816; x_wconf 90' lang='lat' dir='ltr'><strong>tauri</strong></span> <span class='ocrx_word' id='word_1_769' title='bbox 1972 5771 2133 5833; x_wconf 88' lang='lat' dir='ltr'><strong>caput</strong></span> <span class='ocrx_word' id='word_1_770' title='bbox 2181 5764 2278 5816; x_wconf 90' lang='lat' dir='ltr'><strong>im—</strong></span> 
     </span>
    </p>
   </div>
   <div class='ocr_carea' id='block_1_105' title="bbox 722 5851 2275 5929">
    <p class='ocr_par' dir='ltr' id='par_1_105' title="bbox 722 5851 2275 5929">
     <span class='ocr_line' id='line_1_105' title="bbox 722 5851 2275 5929; baseline -0.001 -20"><span class='ocrx_word' id='word_1_771' title='bbox 722 5855 935 5929; x_wconf 81' lang='lat' dir='ltr'><strong>posuit;</strong></span> <span class='ocrx_word' id='word_1_772' title='bbox 963 5869 1194 5927; x_wconf 80' lang='lat' dir='ltr'><strong>curnque</strong></span> <span class='ocrx_word' id='word_1_773' title='bbox 1214 5863 1476 5911; x_wconf 83' lang='lat' dir='ltr'><strong>terrarum</strong></span> <span class='ocrx_word' id='word_1_774' title='bbox 1502 5851 1683 5910; x_wconf 88' lang='lat' dir='ltr'><strong>orbem</strong></span> <span class='ocrx_word' id='word_1_775' title='bbox 1708 5863 2050 5923; x_wconf 75' lang='lat' dir='ltr'><strong>peragraret,</strong></span> <span class='ocrx_word' id='word_1_776' title='bbox 2074 5858 2275 5925; x_wconf 85' lang='lat' dir='ltr'><strong>lapsam</strong></span> 
     </span>
    </p>
   </div>
   <div class='ocr_carea' id='block_1_106' title="bbox 2400 4656 3951 4730">
    <p class='ocr_par' dir='ltr' id='par_1_106' title="bbox 2400 4656 3951 4730">
     <span class='ocr_line' id='line_1_106' title="bbox 2400 4656 3951 4730; baseline -0.005 -16"><span class='ocrx_word' id='word_1_777' title='bbox 2400 4661 2596 4715; x_wconf 85' lang='grc' dir='ltr'>Ἐλθὼν</span> <span class='ocrx_word' id='word_1_778' title='bbox 2625 4660 2679 4713; x_wconf 83' lang='grc' dir='ltr'>δὲ</span> <span class='ocrx_word' id='word_1_779' title='bbox 2717 4662 2745 4712; x_wconf 87' lang='grc' dir='ltr'><strong>ό</strong></span> <span class='ocrx_word' id='word_1_780' title='bbox 2785 4660 2989 4730; x_wconf 86' lang='grc' dir='ltr'>Κρόνος</span> <span class='ocrx_word' id='word_1_781' title='bbox 3022 4660 3102 4722; x_wconf 80' lang='grc' dir='ltr'><strong>είς</strong></span> <span class='ocrx_word' id='word_1_782' title='bbox 3144 4657 3313 4710; x_wconf 82' lang='grc' dir='ltr'>Νότου</span> <span class='ocrx_word' id='word_1_783' title='bbox 3350 4656 3552 4729; x_wconf 85' lang='grc' dir='ltr'>χώραν,</span> <span class='ocrx_word' id='word_1_784' title='bbox 3590 4662 3809 4714; x_wconf 76' lang='grc' dir='ltr'>ἃπασαν</span> <span class='ocrx_word' id='word_1_785' title='bbox 3860 4661 3951 4730; x_wconf 80' lang='grc' dir='ltr'>τὴν</span> 
     </span>
    </p>
   </div>
   <div class='ocr_carea' id='block_1_107' title="bbox 2386 4748 3952 4823">
    <p class='ocr_par' dir='ltr' id='par_1_107' title="bbox 2386 4748 3952 4823">
     <span class='ocr_line' id='line_1_107' title="bbox 2386 4748 3952 4823; baseline -0.002 -17"><span class='ocrx_word' id='word_1_786' title='bbox 2386 4754 2655 4823; x_wconf 77' lang='grc' dir='ltr'>Αἴγυπτον</span> <span class='ocrx_word' id='word_1_787' title='bbox 2687 4754 2850 4805; x_wconf 77' lang='grc' dir='ltr'>ἔδωκε</span> <span class='ocrx_word' id='word_1_788' title='bbox 2894 4750 2999 4821; x_wconf 89' lang='grc' dir='ltr'>θεῷ</span> <span class='ocrx_word' id='word_1_789' title='bbox 3036 4748 3283 4820; x_wconf 83' lang='grc' dir='ltr'>Τααύτῳ,</span> <span class='ocrx_word' id='word_1_790' title='bbox 3323 4752 3468 4814; x_wconf 84' lang='grc' dir='ltr'>ὅπως</span> <span class='ocrx_word' id='word_1_791' title='bbox 3497 4751 3762 4819; x_wconf 87' lang='grc' dir='ltr'>βασίλειον</span> <span class='ocrx_word' id='word_1_792' title='bbox 3797 4751 3952 4822; x_wconf 82' lang='grc' dir='ltr'>αὐτῷ</span> 
     </span>
    </p>
   </div>
   <div class='ocr_carea' id='block_1_108' title="bbox 2385 4840 3952 4917">
    <p class='ocr_par' dir='ltr' id='par_1_108' title="bbox 2385 4840 3952 4917">
     <span class='ocr_line' id='line_1_108' title="bbox 2385 4840 3952 4917; baseline -0.003 -18"><span class='ocrx_word' id='word_1_793' title='bbox 2385 4846 2624 4917; x_wconf 81' lang='grc' dir='ltr'>γένηται.</span> <span class='ocrx_word' id='word_1_794' title='bbox 2662 4844 2842 4898; x_wconf 82' lang='grc' dir='ltr'>Ταῦτα</span> <span class='ocrx_word' id='word_1_795' title='bbox 2866 4844 2941 4905; x_wconf 76' lang='grc' dir='ltr'><strong>δὲ,</strong></span> <span class='ocrx_word' id='word_1_796' title='bbox 2969 4842 3120 4913; x_wconf 78' lang='grc' dir='ltr'>φησὶ,</span> <span class='ocrx_word' id='word_1_797' title='bbox 3153 4840 3353 4913; x_wconf 85' lang='grc' dir='ltr'>πρῶτοι</span> <span class='ocrx_word' id='word_1_798' title='bbox 3386 4842 3599 4895; x_wconf 88' lang='grc' dir='ltr'>πάντων</span> <span class='ocrx_word' id='word_1_799' title='bbox 3628 4843 3952 4913; x_wconf 69' lang='grc' dir='ltr'>ὑπεμνημά-</span> 
     </span>
    </p>
   </div>
   <div class='ocr_carea' id='block_1_109' title="bbox 2384 4931 3951 5002">
    <p class='ocr_par' dir='ltr' id='par_1_109' title="bbox 2384 4931 3951 5002">
     <span class='ocr_line' id='line_1_109' title="bbox 2384 4931 3951 5002; baseline 0 -14"><span class='ocrx_word' id='word_1_800' title='bbox 2384 4940 2598 4990; x_wconf 83' lang='grc' dir='ltr'>τίσαντο</span> <span class='ocrx_word' id='word_1_801' title='bbox 2630 4940 2677 4989; x_wconf 81' lang='grc' dir='ltr'>οἱ</span> <span class='ocrx_word' id='word_1_802' title='bbox 2726 4935 2862 4988; x_wconf 58' lang='lat' dir='ltr'><strong>emt</strong></span> <span class='ocrx_word' id='word_1_803' title='bbox 2905 4935 3069 4986; x_wconf 82' lang='grc' dir='ltr'>Συδὲκ</span> <span class='ocrx_word' id='word_1_804' title='bbox 3107 4932 3292 4994; x_wconf 83' lang='grc' dir='ltr'>παῖδες</span> <span class='ocrx_word' id='word_1_805' title='bbox 3332 4931 3608 5002; x_wconf 78' lang='grc' dir='ltr'>Κάϐειροι,</span> <span class='ocrx_word' id='word_1_806' title='bbox 3640 4934 3733 4985; x_wconf 74' lang='grc' dir='ltr'><strong>καὶ</strong></span> <span class='ocrx_word' id='word_1_807' title='bbox 3756 4934 3951 5001; x_wconf 75' lang='grc' dir='ltr'>ὄγδοος</span> 
     </span>
    </p>
   </div>
   <div class='ocr_carea' id='block_1_110' title="bbox 2384 5026 3951 5098">
    <p class='ocr_par' dir='ltr' id='par_1_110' title="bbox 2384 5026 3951 5098">
     <span class='ocr_line' id='line_1_110' title="bbox 2384 5026 3951 5098; baseline -0.003 -15"><span class='ocrx_word' id='word_1_808' title='bbox 2384 5030 2559 5083; x_wconf 79' lang='grc' dir='ltr'>αὐτῶν</span> <span class='ocrx_word' id='word_1_809' title='bbox 2610 5030 2830 5098; x_wconf 83' lang='grc' dir='ltr'>ἀδελφὸς</span> <span class='ocrx_word' id='word_1_810' title='bbox 2882 5030 3232 5093; x_wconf 76' lang='grc' dir='ltr'>Ἀσκληπιὸς,</span> <span class='ocrx_word' id='word_1_811' title='bbox 3287 5026 3361 5089; x_wconf 85' lang='grc' dir='ltr'>ὡς</span> <span class='ocrx_word' id='word_1_812' title='bbox 3406 5027 3587 5088; x_wconf 78' lang='grc' dir='ltr'>αὐτοῖς</span> <span class='ocrx_word' id='word_1_813' title='bbox 3639 5027 3951 5079; x_wconf 78' lang='grc' dir='ltr'>ἐνετείλατο</span> 
     </span>
    </p>
   </div>
   <div class='ocr_carea' id='block_1_111' title="bbox 2385 5118 3951 5191">
    <p class='ocr_par' dir='ltr' id='par_1_111' title="bbox 2385 5118 3951 5191">
     <span class='ocr_line' id='line_1_111' title="bbox 2385 5118 3951 5191; baseline -0.003 -14"><span class='ocrx_word' id='word_1_814' title='bbox 2385 5126 2503 5187; x_wconf 84' lang='grc' dir='ltr'>θεὸς</span> <span class='ocrx_word' id='word_1_815' title='bbox 2529 5125 2787 5179; x_wconf 81' lang='grc' dir='ltr'>Τάαυτος.</span> <span class='ocrx_word' id='word_1_816' title='bbox 2822 5122 3003 5174; x_wconf 78' lang='grc' dir='ltr'>Ταῦτα</span> <span class='ocrx_word' id='word_1_817' title='bbox 3038 5122 3209 5173; x_wconf 88' lang='grc' dir='ltr'>πάντα</span> <span class='ocrx_word' id='word_1_818' title='bbox 3251 5124 3278 5173; x_wconf 88' lang='grc' dir='ltr'><strong>ό</strong></span> <span class='ocrx_word' id='word_1_819' title='bbox 3316 5118 3585 5182; x_wconf 80' lang='grc' dir='ltr'>Θαϐίωνος</span> <span class='ocrx_word' id='word_1_820' title='bbox 3608 5122 3758 5183; x_wconf 87' lang='grc' dir='ltr'>παῖς,</span> <span class='ocrx_word' id='word_1_821' title='bbox 3792 5122 3951 5191; x_wconf 78' lang='grc' dir='ltr'><strong>πρῶ⁴</strong></span> 
     </span>
    </p>
   </div>
   <div class='ocr_carea' id='block_1_112' title="bbox 2382 5211 3953 5281">
    <p class='ocr_par' dir='ltr' id='par_1_112' title="bbox 2382 5211 3953 5281">
     <span class='ocr_line' id='line_1_112' title="bbox 2382 5211 3953 5281; baseline -0.002 -13"><span class='ocrx_word' id='word_1_822' title='bbox 2382 5233 2471 5277; x_wconf 88' lang='grc' dir='ltr'><strong>τος</strong></span> <span class='ocrx_word' id='word_1_823' title='bbox 2501 5216 2609 5267; x_wconf 88' lang='grc' dir='ltr'><strong>τῶν</strong></span> <span class='ocrx_word' id='word_1_824' title='bbox 2647 5213 2739 5266; x_wconf 88' lang='grc' dir='ltr'>ἀπ’</span> <span class='ocrx_word' id='word_1_825' title='bbox 2767 5213 2957 5275; x_wconf 84' lang='grc' dir='ltr'>αίῶνος</span> <span class='ocrx_word' id='word_1_826' title='bbox 3002 5212 3296 5281; x_wconf 83' lang='grc' dir='ltr'>γεγονότων</span> <span class='ocrx_word' id='word_1_827' title='bbox 3329 5211 3585 5264; x_wconf 76' lang='grc' dir='ltr'>Φοινίκων</span> <span class='ocrx_word' id='word_1_828' title='bbox 3619 5212 3953 5281; x_wconf 68' lang='grc' dir='ltr'>ἱεροφάντης</span> 
     </span>
    </p>
   </div>
   <div class='ocr_carea' id='block_1_113' title="bbox 2383 5304 3953 5374">
    <p class='ocr_par' dir='ltr' id='par_1_113' title="bbox 2383 5304 3953 5374">
     <span class='ocr_line' id='line_1_113' title="bbox 2383 5304 3953 5374; baseline 0 -19"><span class='ocrx_word' id='word_1_829' title='bbox 2383 5304 2787 5374; x_wconf 76' lang='grc' dir='ltr'>ἀλληγορήσας,</span> <span class='ocrx_word' id='word_1_830' title='bbox 2834 5306 2945 5365; x_wconf 89' lang='grc' dir='ltr'>τοῖς</span> <span class='ocrx_word' id='word_1_831' title='bbox 2991 5319 3049 5355; x_wconf 85' lang='grc' dir='ltr'><strong>τε</strong></span> <span class='ocrx_word' id='word_1_832' title='bbox 3100 5306 3343 5371; x_wconf 83' lang='grc' dir='ltr'>φυσικοῖς</span> <span class='ocrx_word' id='word_1_833' title='bbox 3388 5304 3478 5355; x_wconf 75' lang='grc' dir='ltr'><strong>καὶ</strong></span> <span class='ocrx_word' id='word_1_834' title='bbox 3524 5307 3812 5373; x_wconf 82' lang='grc' dir='ltr'>κοσμικοῖς</span> <span class='ocrx_word' id='word_1_835' title='bbox 3846 5304 3953 5356; x_wconf 61' lang='grc' dir='ltr'>πάι</span> 
     </span>
    </p>
   </div>
   <div class='ocr_carea' id='block_1_114' title="bbox 2386 5394 3951 5466">
    <p class='ocr_par' dir='ltr' id='par_1_114' title="bbox 2386 5394 3951 5466">
     <span class='ocr_line' id='line_1_114' title="bbox 2386 5394 3951 5466; baseline -0.003 -19"><span class='ocrx_word' id='word_1_836' title='bbox 2386 5396 2531 5447; x_wconf 86' lang='grc' dir='ltr'>θεσιν</span> <span class='ocrx_word' id='word_1_837' title='bbox 2560 5394 2841 5463; x_wconf 81' lang='grc' dir='ltr'>ἀναμίξας,</span> <span class='ocrx_word' id='word_1_838' title='bbox 2873 5395 3153 5465; x_wconf 80' lang='grc' dir='ltr'>παρέδωκε</span> <span class='ocrx_word' id='word_1_839' title='bbox 3176 5397 3287 5458; x_wconf 82' lang='grc' dir='ltr'>τοῖς</span> <span class='ocrx_word' id='word_1_840' title='bbox 3323 5394 3565 5466; x_wconf 82' lang='grc' dir='ltr'>ὀργιῶσι,</span> <span class='ocrx_word' id='word_1_841' title='bbox 3592 5397 3684 5447; x_wconf 73' lang='grc' dir='ltr'><strong>καὶ</strong></span> <span class='ocrx_word' id='word_1_842' title='bbox 3708 5394 3951 5447; x_wconf 79' lang='grc' dir='ltr'>τελετῶν</span> 
     </span>
    </p>
   </div>
   <div class='ocr_carea' id='block_1_115' title="bbox 2386 5484 3953 5557">
    <p class='ocr_par' dir='ltr' id='par_1_115' title="bbox 2386 5484 3953 5557">
     <span class='ocr_line' id='line_1_115' title="bbox 2386 5484 3953 5557; baseline 0 -18"><span class='ocrx_word' id='word_1_843' title='bbox 2386 5486 2709 5557; x_wconf 79' lang='grc' dir='ltr'>κατάρχουσι</span> <span class='ocrx_word' id='word_1_844' title='bbox 2750 5488 3071 5557; x_wconf 79' lang='grc' dir='ltr'>προφήταις.</span> <span class='ocrx_word' id='word_1_845' title='bbox 3122 5489 3183 5539; x_wconf 78' lang='lat' dir='ltr'><strong>tl!</strong></span> <span class='ocrx_word' id='word_1_846' title='bbox 3228 5488 3283 5540; x_wconf 80' lang='grc' dir='ltr'>δὲ</span> <span class='ocrx_word' id='word_1_847' title='bbox 3322 5488 3409 5540; x_wconf 85' lang='grc' dir='ltr'><strong>τὸν</strong></span> <span class='ocrx_word' id='word_1_848' title='bbox 3450 5486 3615 5555; x_wconf 81' lang='grc' dir='ltr'>τῦφον</span> <span class='ocrx_word' id='word_1_849' title='bbox 3659 5484 3848 5549; x_wconf 79' lang='grc' dir='ltr'>αὔξειν</span> <span class='ocrx_word' id='word_1_850' title='bbox 3884 5488 3953 5539; x_wconf 74' lang='grc' dir='ltr'>ἐκ</span> 
     </span>
    </p>
   </div>
   <div class='ocr_carea' id='block_1_116' title="bbox 2383 5576 3952 5647">
    <p class='ocr_par' dir='ltr' id='par_1_116' title="bbox 2383 5576 3952 5647">
     <span class='ocr_line' id='line_1_116' title="bbox 2383 5576 3952 5647; baseline -0.002 -15"><span class='ocrx_word' id='word_1_851' title='bbox 2383 5579 2578 5642; x_wconf 83' lang='grc' dir='ltr'>παντὸς</span> <span class='ocrx_word' id='word_1_852' title='bbox 2604 5578 2955 5641; x_wconf 79' lang='grc' dir='ltr'>ἐπινοοῦντες,</span> <span class='ocrx_word' id='word_1_853' title='bbox 2986 5581 3096 5641; x_wconf 90' lang='grc' dir='ltr'>τοῖς</span> <span class='ocrx_word' id='word_1_854' title='bbox 3128 5578 3302 5631; x_wconf 79' lang='grc' dir='ltr'>αὐτῶν</span> <span class='ocrx_word' id='word_1_855' title='bbox 3329 5577 3585 5647; x_wconf 84' lang='grc' dir='ltr'>διαδόχοις</span> <span class='ocrx_word' id='word_1_856' title='bbox 3615 5576 3952 5642; x_wconf 82' lang='grc' dir='ltr'>παρέδωκαν</span> 
     </span>
    </p>
   </div>
   <div class='ocr_carea' id='block_1_117' title="bbox 2382 5663 3952 5738">
    <p class='ocr_par' dir='ltr' id='par_1_117' title="bbox 2382 5663 3952 5738">
     <span class='ocr_line' id='line_1_117' title="bbox 2382 5663 3952 5738; baseline -0.004 -14"><span class='ocrx_word' id='word_1_857' title='bbox 2382 5672 2473 5725; x_wconf 73' lang='grc' dir='ltr'><strong>καὶ</strong></span> <span class='ocrx_word' id='word_1_858' title='bbox 2511 5673 2620 5733; x_wconf 86' lang='grc' dir='ltr'>τοῖς</span> <span class='ocrx_word' id='word_1_859' title='bbox 2669 5670 3026 5732; x_wconf 81' lang='grc' dir='ltr'>ἐπεισάκτοις,</span> <span class='ocrx_word' id='word_1_860' title='bbox 3058 5663 3132 5720; x_wconf 86' lang='grc' dir='ltr'>ὧν</span> <span class='ocrx_word' id='word_1_861' title='bbox 3174 5663 3255 5731; x_wconf 73' lang='grc' dir='ltr'>εἷς</span> <span class='ocrx_word' id='word_1_862' title='bbox 3289 5663 3356 5730; x_wconf 75' lang='grc' dir='ltr'>ἦν</span> <span class='ocrx_word' id='word_1_863' title='bbox 3393 5668 3585 5737; x_wconf 86' lang='grc' dir='ltr'>Ἴσιρις</span> <span class='ocrx_word' id='word_1_864' title='bbox 3624 5665 3735 5718; x_wconf 86' lang='grc' dir='ltr'><strong>τῶν</strong></span> <span class='ocrx_word' id='word_1_865' title='bbox 3769 5669 3952 5738; x_wconf 82' lang='grc' dir='ltr'>τριῶν</span> 
     </span>
    </p>
   </div>
   <div class='ocr_carea' id='block_1_118' title="bbox 2382 5755 3949 5833">
    <p class='ocr_par' dir='ltr' id='par_1_118' title="bbox 2382 5755 3949 5833">
     <span class='ocr_line' id='line_1_118' title="bbox 2382 5755 3949 5833; baseline -0.006 -17"><span class='ocrx_word' id='word_1_866' title='bbox 2382 5764 2715 5833; x_wconf 82' lang='grc' dir='ltr'>γραμμάτων</span> <span class='ocrx_word' id='word_1_867' title='bbox 2754 5760 2998 5832; x_wconf 78' lang='grc' dir='ltr'>εὑρετὴς,</span> <span class='ocrx_word' id='word_1_868' title='bbox 3042 5758 3263 5827; x_wconf 78' lang='grc' dir='ltr'>ἀδελφὸς</span> <span class='ocrx_word' id='word_1_869' title='bbox 3295 5760 3412 5812; x_wconf 86' lang='grc' dir='ltr'><strong>Χνᾶ</strong></span> <span class='ocrx_word' id='word_1_870' title='bbox 3449 5758 3542 5810; x_wconf 85' lang='grc' dir='ltr'>τοῦ</span> <span class='ocrx_word' id='word_1_871' title='bbox 3587 5755 3804 5829; x_wconf 78' lang='grc' dir='ltr'>πρώτου</span> <span class='ocrx_word' id='word_1_872' title='bbox 3845 5778 3949 5831; x_wconf 79' lang='grc' dir='ltr'>με.</span> 
     </span>
    </p>
   </div>
   <div class='ocr_carea' id='block_1_119' title="bbox 2381 5844 3927 5925">
    <p class='ocr_par' dir='ltr' id='par_1_119' title="bbox 2381 5844 3927 5925">
     <span class='ocr_line' id='line_1_119' title="bbox 2381 5844 3927 5925; baseline 0.001 -19"><span class='ocrx_word' id='word_1_873' title='bbox 2381 5852 2794 5925; x_wconf 81' lang='grc' dir='ltr'>τονομασθίντος</span> <span class='ocrx_word' id='word_1_874' title='bbox 2824 5852 3082 5913; x_wconf 74' lang='grc' dir='ltr'>Φοίνικος.</span> <span class='ocrx_word' id='word_1_875' title='bbox 3131 5870 3146 5900; x_wconf 74' lang='grc' dir='ltr'><strong>ι</strong></span> <span class='ocrx_word' id='word_1_876' title='bbox 3186 5844 3297 5903; x_wconf 76' lang='grc' dir='ltr'>Εἴθ’</span> <span class='ocrx_word' id='word_1_877' title='bbox 3329 5846 3451 5918; x_wconf 74' lang='grc' dir='ltr'><strong>ἑξῆς</strong></span> <span class='ocrx_word' id='word_1_878' title='bbox 3486 5844 3927 5921; x_wconf 69' lang='grc' dir='ltr'>αὖθιςαὲπιλιγιι</span> 
     </span>
    </p>
   </div>
  </div>
