4028 6332
719 344 785 399 87
1378 347 1645 403 EL’SEB"
1683 325 2157 404 CAESARIENSIS
2194 345 2340 401 OPP.
2384 346 2559 403 PARS
2600 350 2660 404 ll.
2702 383 2769 392 —
2805 352 3296 411 APOLOGETICA.
3855 363 3911 418 88

715 460 1048 531 permulcere
1078 462 1293 527 vellent,
1329 466 1484 519 novis
1518 466 1704 521 eadem
1757 484 1820 522 ac
1878 466 2249 536 multiplicibus

2368 481 2425 516 τε
2462 466 2553 517 καὶ
2588 468 2868 537 χειρῶν,.ἢ
2902 469 3058 523 ἄλλου
3088 471 3231 534 τινὸς
3273 470 3379 524 τῶν
3412 472 3627 538 ἔξωθεν,
3664 476 3721 541 ἐξ
3764 469 3834 530 ὧν
3857 480 3911 531 τὰ

709 559 897 622 postea
946 560 1374 607 commentorum
1407 557 1560 623 quasi
1600 566 2043 611 ornamentorum
2086 572 2269 613 acces-

709 640 955 696 sionibus
1000 657 1162 711 supra
1206 643 1426 698 modum
1469 656 1888 716 exaggerarunt.
1933 648 2109 717 Atque
2142 648 2267 702 hinc

710 729 1000 798 Hesiodus,
1033 749 1095 788 ac
1118 735 1311 804 reliqui
1352 737 1646 793 circulares
1678 750 1869 809 poetae,
1908 755 2139 808 quorum
2182 739 2265 795 fa-

706 822 862 877 bellis
910 825 1092 878 omnia
1142 824 1581 891 circumsonant,
1611 830 1828 899 propria
1876 830 1978 885 sibi
2018 830 2265 899 quaedam

705 914 995 984 Gigantum
1025 932 1089 971 ac
1116 916 1367 971 Titanum
1397 920 2102 990 certamina,sectionesque
2134 922 2265 979 alias

707 1008 1040 1062 conﬁnxere.
1082 1006 1213 1074 Quae
1246 1024 1369 1064 cum
1404 1008 1481 1063 illi
1529 1012 1731 1080 passim
1765 1020 1819 1067 et
1850 1013 2051 1082 ubique
2096 1013 2266 1082 jacta—

703 1108 844 1163 rent,
872 1099 1157 1153 veritatem
1189 1100 1360 1169 ipsam
1389 1100 1603 1155 tandem
1651 1111 2055 1171 Oppresserunt.
2092 1104 2263 1159 Aures

699 1204 829 1243 vero
866 1188 973 1260 ω
1012 1199 1209 1244 nostrae
1249 1191 1359 1260 jam
1398 1191 1521 1246 inde
1550 1193 1619 1246 ab
1666 1193 1897 1249 infantia
1959 1195 2169 1249 illorum
2201 1193 2271 1257 ϐο,

698 1282 970 1336 ctionibus
996 1291 1247 1348 assuetae,
1275 1291 1328 1337 et
1358 1284 1705 1352 opinionibus
1741 1300 1838 1355 per
1875 1288 2041 1341 multa
2068 1288 2262 1341 saecula

699 1371 1005 1439 propagatis
1035 1380 1332 1439 occupatae,
1364 1385 1527 1440 quam
1557 1375 1723 1427 semel
1766 1388 2021 1443 accepere
2048 1373 2259 1428 fabula-

698 1476 816 1513 rum
851 1461 1141 1516 vanitatem
1174 1460 1397 1530 perinde
1446 1478 1510 1516 ac
1560 1462 1865 1533 depositum
1913 1466 2152 1535 aliquod,
2202 1474 2262 1521 ut

693 1553 874 1605 statim
934 1551 1003 1606 ah
1042 1552 1197 1607 initio
1230 1552 1362 1615 dixi,
1390 1554 1725 1609 custodiunt.
1773 1557 1959 1625 itaque
1998 1558 2140 1626 quod
2189 1558 2259 1612 ab

692 1645 809 1712 ipso
859 1652 1099 1712 tempore
1152 1644 1294 1699 vires
1328 1659 1393 1698 ac
1426 1644 1592 1699 robur
1634 1648 1922 1715 acceperit,
1961 1648 2260 1716 possessio-

593 1756 600 1765 ι
688 1755 810 1792 nem
841 1740 913 1796 ita
944 1742 1286 1797 conlirmavit
1306 1756 1459 1797 suam
1490 1751 1683 1797 uteam
1706 1753 1957 1798 excutere
1981 1744 2136 1814 longe
2154 1743 2260 1799 dif-

2372 556 2531 613 λοιπὰ
2556 558 2667 622 ζῶα
2693 558 2790 623 τὰς
2823 563 3066 631 κινήσεις
3096 566 3356 616 ποιεῖται·
3390 567 3481 623 καὶ
3514 567 3771 621 ποικίλων
3796 585 3911 639 σχη-

2373 650 2553 719 μάτων
2584 650 2785 714 τύπους
2816 653 3084 717 ἀποτελεῖ,
3120 655 3213 707 καὶ
3251 656 3388 709 κατὰ
3421 658 3520 728 τὴν
3559 660 3784 728 πορείαν
3822 660 3910 714 ἐλι-

2370 740 2591 805 κπιδεῖς
2623 741 2734 811 ἔχει
2766 742 2863 805 τάς
2894 742 3088 813 ὁρμὰς,
3123 746 3206 813 ἐφ’
3240 745 3268 798 ὃ
3316 746 3561 815 βούλεται
3608 749 3799 819 τάχος·
3831 752 3909 804 καὶ

2368 830 2857 902 πολυχρονιώτατον
2880 834 2935 886 δέ
2958 836 3125 900 ἐστιν,
3154 837 3215 890 οὐ
3243 836 3400 906 μόνον
3420 839 3499 909 τῷ
3527 840 3841 912 ἐκδυόμενον
3860 842 3909 895 τὸ

2368 921 2541 991 γῆρας
2566 920 2793 988 νεάζειν,
2820 924 2952 977 ἀλλὰ
2980 924 3070 977 καὶ
3097 924 3321 994 αὔξησιν
3351 928 3692 999 ἐπιδέχεσθαι
3715 929 3909 1000 μείζονα

2368 1014 2594 1082 πέφυκε.
2630 1017 2737 1068 Καὶ
2762 1017 2977 1070 ἐπειδὰν
3007 1018 3067 1071 τὸ
3090 1017 3393 1090 ὡρισμένον
3422 1020 3618 1090 μέτρον
3643 1021 3905 1095 πληρώσῃ,

2368 1108 2446 1168 είς
2473 1106 2662 1159 ἑαυτὸν
2683 1108 3049 1173 ἀναλίσκεται,
3082 1109 3155 1172 ὡς
3180 1111 3237 1163 ἐν
3260 1113 3381 1173 ταῖς
3409 1112 3579 1181 ἱεραῖς
3613 1113 3806 1183 ὁμοίως
3830 1116 3908 1167 αύο

2366 1196 2455 1257 τὸς
2496 1198 2524 1248 6
2557 1196 2798 1259 Τάαυτος
2830 1190 3091 1271 κατέταξε
3116 1203 3367 1270 γραφαῖς.
3400 1201 3489 1254 Διὸ
3532 1203 3625 1254 καὶ
3664 1203 3722 1257 ἐν
3766 1204 3907 1274 ἱεροῖς

2364 1286 2520 1341 τοῦτο
2559 1290 2619 1342 τὸ
2660 1289 2795 1353 ζῶον
2836 1292 2931 1344 καὶ
2969 1294 3025 1345 ἐν
3072 1296 3385 1364 μυστηρίοις
3426 1296 3903 1366 συμπαρείληπται.

2365 1379 2591 1450 Εἴρηται
2628 1380 2682 1434 δὲ
2713 1384 2844 1452 ἡμῖν
2876 1384 3001 1453 περὶ
3034 1384 3196 1438 αὑτοῦ
3233 1388 3289 1438 ἐν
3332 1389 3443 1450 τοῖς
3470 1389 3903 1459 ἐπιγραφομένοις

2378 1471 2655 1526 Ἐθωθιῶν
2699 1474 2809 1545 (46)
2855 1476 3235 1547 ὑπομνήμασιν
3268 1478 3577 1531 ἐπιπλεϊον·
3612 1483 3669 1533 ἐν
3706 1474 3784 1543 οἷς
3825 1499 3905 1533 κα-

2363 1564 2773 1630 τασκευάζεται,
2802 1567 2881 1620 ὅτι
2909 1567 3171 1621 ἀθάνατον
3198 1569 3283 1639 εἴη
3305 1609 3319 1633 ,
3352 1571 3445 1623 καὶ
3474 1573 3553 1633 εἰς
3582 1570 3769 1625 ἑαυτὸν
3793 1573 3904 1625 ἀνα-

2364 1656 2574 1721 λύεται,
2607 1658 2793 1730 ὦσπερ
2824 1660 3105 1731 πρόκειται
3126 1678 3138 1689 '
3172 1661 3231 1713 ού
3267 1660 3373 1732 γὰρ
3419 1662 3641 1733 θνήσκει
3672 1662 3781 1732 ἰδίῳ
3819 1664 3901 1716 θα-

2365 1749 2528 1821 νάτῳ,
2556 1753 2604 1803 εί
2639 1752 2711 1821 μὴ
2743 1751 2832 1822 βία
2862 1753 2967 1804 τινὶ
3001 1752 3203 1822 πληγὲν
3229 1753 3385 1807 τοῦτο
3413 1753 3473 1806 τὸ
3504 1753 3658 1817 ζῶον.
3684 1753 3903 1819 Φοίνικες

691 1832 989 1886 ﬁcillimum
1024 1832 1114 1898 sit,
1142 1832 1366 1901 jamque
1398 1835 1599 1888 veritas
1625 1834 1736 1903 ipsa
1783 1810 2249 1906 nugarumIadul-

2358 1842 2415 1894 δὲ
2452 1810 2583 1896 alia
2619 1810 2819 1909 ἀγάθὸν
2862 1810 3417 1913 δαίμοναικαλοῦσινέ
3452 1810 3654 1916 ὁμοίως
3696 1846 3785 1899 και
3822 1810 3901 1897 Al:

690 1924 876 1989 terinae
908 1938 1035 1978 vero
1069 1939 1132 1979 ac
1159 1926 1358 1993 spuria:
1385 1928 1724 1983 narrationes
1745 1927 1865 1982 loco
1886 1930 2128 1990 veritatis
2158 1930 2254 1983 ha-

690 2016 940 2073 beantur.
984 2035 1003 2067 »
1034 2046 1103 2055 -—
1134 2015 1333 2071 Verum
1367 2018 1505 2077 satis
1533 2019 1634 2075 ista
1661 2029 1841 2085 sunto,
1870 2036 1989 2089 quae
2014 2037 2079 2076 ex
2116 2020 2255 2082 San-

689 2106 1075 2161 chuniatltonis
1130 2107 1384 2175 operibus
1423 2108 1531 2163 huc
1571 2125 1746 2179 usque
1794 2114 2101 2183 retulimus,
2134 2128 2255 2181 qua:

687 2210 814 2251 cum
848 2211 879 2250 a
932 2196 1158 2257 Philone
1198 2198 1384 2268 Byblio
1428 2215 1688 2257 conversa
1713 2200 2004 2273 Graeceque
2046 2203 2254 2258 reddita

684 2297 835 2354 sunt,
861 2297 975 2341 tttm
1000 2288 1285 2360 Porphyrii
1310 2290 1618 2361 philosophi
1647 2293 1962 2349 teStimonio
1993 2304 2251 2365 tanquam

682 2393 810 2434 vera
845 2381 1290 2450 comprobantur.
1317 2380 1583 2436 Caeterum
1612 2384 1753 2438 idem
1790 2384 1843 2437 in
1873 2399 1956 2448 eo,
1992 2401 2152 2455 quem
2186 2386 2253 2441 de

679 2470 881 2529 Judmis
901 2474 1163 2543 scriptum
1194 2475 1431 2545 reliquit,
1446 2462 1567 2529 haec
1600 2488 1858 2545 praeterea
1915 2477 1982 2531 de
2011 2476 2249 2535 Saturno

680 2574 1113 2623 commemorat:
1142 2584 1160 2617 ε
1199 2564 1443 2622 Taautus
1496 2568 1604 2632 ille,
1652 2582 1812 2636 quem
1848 2566 2029 2624 Thoth
2093 2568 2252 2639 JEgy-

678 2655 774 2724 ptii
803 2665 1017 2720 vocant,
1062 2672 1185 2711 cum
1244 2656 1448 2727 ingenti
1481 2658 1623 2726 apud
1649 2656 1933 2713 Phoenices
1974 2655 2251 2729 sapientia:

681 2743 841 2804 laude
884 2746 1120 2813 ﬂoreret,
1157 2763 1288 2816 quat.
1308 2750 1373 2803 ad
1404 2749 1715 2819 religionem
1758 2737 2075 2822 cultumque
2117 2752 2251 2807 deo-

680 2850 800 2890 rum
837 2836 1201 2905 pertinebant,
1230 2839 1439 2906 primus
1480 2854 1546 2894 ex
1595 2840 1884 2895 humilium
1911 2856 1975 2895 ac
2006 2841 2247 2911 plebeio-

678 2942 800 2981 rum
838 2927 1078 2996 capitum
1120 2929 1406 2984 inscientia
1438 2931 1735 2995 vindicata,
1770 2934 2004 3004 eleganti
2054 2944 2107 2989 et
2155 2950 2245 2989 ac-

676 3020 1026 3091 commodato
1059 3021 1125 3074 ad
1169 3021 1409 3076 scientia:
1426 3022 1571 3091 leges
1605 3024 1797 3079 ordine
1824 3026 2116 3094 disposuit.
2142 3026 2243 3089 Cui

2357 1930 2571 1998 γύπτιοι
2614 1930 2773 2002 Κνὴφ
2812 1933 3235 2004 ἐπονομάζουσι’
3286 1934 3635 2003 προστιθέασι
3670 1935 3726 1987 δέ
3772 1933 3899 2005 αὐτῷ

2362 2022 2577 2094 ἱέρακος
2610 2022 2873 2094 κεφαλὴν,
2904 2025 2997 2078 καὶ
3020 2025 3108 2079 διὰ
3138 2026 3199 2079 τδ
3233 2027 3530 2098 πρακτικὸν
3560 2027 3654 2081 τοῦ
3681 2028 3894 2099 ἱέρακος.

2354 2114 2463 2168 Καί
2500 2132 2664 2185 φησιν
2692 2118 2721 2169 6
2764 2117 2983 2188 Ἑπήεις
3014 2118 3345 2191 ἀλληγορῶν,
3378 2120 3405 2172 6
3438 2119 3753 2190 ὀνομασθεὶς
3784 2120 3896 2190 παρ’

2354 2207 2536 2270 αὐτοῖς
2589 2208 2841 2278 μέγιστος
2875 2210 3223 2282 ἱεροφάντης,
3271 2212 3363 2265 καὶ
3413 2206 3892 2284 ἱερογραμματεύς⁹

2352 2296 2409 2348 ὃν
2444 2297 2781 2370 μετέφρασεν
2812 2301 2893 2364 είς
2926 2300 3117 2355 ἐλλάδα
3154 2303 3335 2373 φωνὴν
3370 2304 3585 2373 ’Ἄρειος
3613 2302 3895 2374 Ἡρακλεω-

2349 2383 2571 2453 πολίτης
2594 2383 2732 2436 κατὰ
2751 2383 2897 2448 λέξιν
2918 2384 3088 2447 οὕτως
3107 2401 3120 2415 ο
3157 2403 3174 2433 ι
3207 2385 3279 2436 Τὸ
3304 2384 3514 2455 πρῶτον
3540 2382 3599 2435 ὃν
3629 2382 3898 2447 θειότατον,

2348 2475 2469 2543 δφις
2496 2475 2643 2528 ἐστὶν
2679 2462 2895 2548 ἱέρακος
2930 2475 3069 2546 ἔχων
3107 2475 3337 2546 μορφὴν,
3372 2475 3512 2542 ἄγαν
3560 2474 3821 2543 ἐπίχαρις,
3851 2472 3898 2533 ὃς

2348 2569 2395 2619 εί
2421 2565 2738 2634 ἁναόλέψειε
2758 2607 2771 2630 ,
2806 2566 2982 2635 φωτὸς
3020 2566 3083 2618 τὸ
3123 2568 3231 2619 πᾶν
3259 2566 3492 2637 ἐπλήρου
3528 2568 3587 2631 ἐν
3619 2569 3681 2637 τῇ
3712 2579 3895 2637 ττρῳτο⁴

2350 2659 2489 2731 γόνῳ
2514 2660 2667 2734 χώρᾳ
2694 2660 2878 2725 αὐτοῦ*
2908 2663 2957 2713 εί
2986 2660 3042 2713 δὲ
3064 2660 3393 2734 καμμύσειε,
3423 2659 3608 2719 σκότος
3630 2660 3841 2729 ἐγίνετο.
3877 2675 3892 2705 ι

2353 2752 2627 2823 Ἐμφασιν
2667 2753 2841 2819 διδοὺς
2882 2756 2910 2807 6
2966 2755 3184 2824 Ἐπήεις
3236 2752 3371 2823 (47),
3413 2752 3494 2804 ὃτι
3534 2751 3628 2803 καὶ
3659 2746 3892 2817 διάπυρόν

2348 2847 2484 2915 ἐστι,
2518 2848 2606 2901 διὰ
2641 2848 2735 2902 τοῦ
2760 2848 2943 2917 φάναι,
2968 2848 3226 2918 διηύγασε
3246 2863 3260 2875 ·
3295 2844 3472 2915 φωτὸς
3506 2843 3613 2914 γὰρ
3644 2843 3765 2897 ἴδιόν
3793 2843 3891 2893 ἐστι

2346 2938 2408 2992 τὸ
2432 2939 2743 3007 διαυγάσαι.
2782 2938 2939 3009 Παρὰ
2984 2937 3245 2990 Φοινίκων
3281 2935 3336 2987 δὲ
3370 2934 3462 2986 καὶ
3493 2932 3788 3003 Φερεκύδης
3812 2929 3892 2981 λα·

2347 3030 2455 3084 6ὼν
2501 3030 2599 3093 τὰς
2636 3028 2888 3099 ἀφορμὰς
2910 3069 2923 3090 ,
2955 3027 3269 3097 ἐθεολόγησε
3308 3025 3434 3095 περὶ
3464 3024 3557 3077 τοῦ
3600 3025 3724 3093 παρ’
3763 3017 3890 3088 αὸτῷ

675 3124 799 3166 eum
830 3110 1186 3167 Surmubelus
1209 3113 1362 3180 deus,
1383 3124 1435 3171 et
1464 3110 1669 3182 Thuro,
1698 3132 1817 3187 quae
1840 3118 2092 3188 deinceps
2118 3135 2239 3173 mu-

2354 3121 2635 3191 λεγομὲνου
2707 3120 3008 3188 ὐφιωνέως
3058 3118 3202 3179 θεοῦ,
3251 3120 3345 3171 καὶ
3395 3117 3500 3170 τῶν
3566 3111 3888 3207 Ὀφιωνιδὼν,

680 3208 791 3256 tato
818 3201 1035 3256 nomine
1066 3202 1393 3260 Chusarthis
1419 3205 1684 3275 appellata
1715 3207 1987 3277 est,lnngo
2018 3198 2237 3265 aetatum

2354 3214 2473 3283 περὶ
2511 3206 2586 3265 ὧν
2630 3207 2781 3273 αὖθις
2814 3209 3053 3279 λέξομεν.
3093 3211 3212 3262 Ἔτι
3259 3208 3364 3281 μὴν
3406 3210 3454 3261 οι
3488 3208 3765 3277 Αἰγύπτιοι
3799 3198 3891 3255 ἀπὺ

676 3294 962 3348 :ntervallo
987 3298 1399 3362 successissent,
1431 3300 1701 3354 occultam
1730 3300 1905 3370 ipsius
1946 3312 2001 3357 et
2032 3302 2238 3373 allego-

678 3387 882 3442 riarum
916 3391 1213 3446 involutam
1249 3394 1458 3448 umbris
1476 3394 1800 3464 theologiam
1822 3395 2182 3453 illustrarunt.
2216 3418 2234 3451 ι

677 3482 755 3538 Ac
788 3483 947 3545 paulo
973 3493 1096 3552 post
1124 3504 1135 3537 :
1174 3504 1191 3535 ι
1226 3485 1359 3551 Hoc,
1397 3486 1593 3555 inquit,
1628 3487 1771 3556 apud
1800 3499 2011 3544 veteres
2034 3489 2089 3545 in
2122 3505 2240 3546 mo-

684 3588 746 3628 re
769 3575 1005 3643 positum
1036 3584 1173 3639 erat,
1208 3583 1265 3628 ut
1294 3576 1347 3630 in
1382 3577 1613 3631 summis
1660 3577 1969 3649 reipublicae
2019 3580 2241 3636 calami-

678 3664 901 3730 tatibus,
929 3680 1094 3735 penes
1138 3681 1276 3734 quos
1321 3675 1414 3721 aut
1445 3668 1678 3725 civitatis
1711 3677 1806 3723 aut
1853 3671 2026 3740 gentis
2070 3673 2241 3742 impe-

678 3756 820 3809 rium
860 3764 1023 3819 esset,
1088 3756 1124 3811 ii
1170 3757 1463 3813 liberorum
1509 3760 1782 3815 carissimi
1832 3761 2098 3825 ultoribus
2132 3763 2241 3833 dae-

678 3849 936 3904 monibus
964 3849 1199 3920 jugulati
1234 3852 1499 3922 sanguine
1538 3853 1696 3922 quasi
1729 3855 1925 3923 pretio,
1959 3855 2240 3925 publicum

676 3940 902 3997 exitium
936 3950 1252 4011 pestemque
1304 3944 1648 3999 redimerent.
1692 3944 1794 4011 Qui
1836 3961 1965 4001 vero
2011 3956 2125 4004 tum
2174 3946 2241 4000 ad

679 4030 1008 4086 sacrillcium
1042 4031 1463 4101 devovebantur,
1511 4050 1605 4101 eos
1638 4036 1882 4106 mysticis
1915 4036 2241 4093 quibusdam

679 4121 1021 4177 caeremoniis
1067 4122 1323 4177 adhibitis
1371 4123 1713 4197 jugulabant.
1758 4124 2029 4182 Saturnus
2058 4128 2240 4197 igitur,

676 4228 838 4281 quem
863 4211 1148 4287 Phoenices
1178 4212 1430 4269 Israelem
1469 4218 1771 4280 nominant,
1799 4231 2072 4286 quemque
2121 4226 2244 4287 post

678 4304 889 4368 obitum
940 4305 995 4359 in
1046 4314 1252 4360 astrum
1280 4306 1521 4376 ejusdem
1556 4307 1794 4363 nominis
1828 4318 2239 4377 consecrarunt,

675 4412 799 4453 cum
847 4398 913 4451 iis
964 4398 1016 4450 in
1068 4397 1205 4453 locis
1240 4407 1512 4471 regnaret,
1543 4414 1608 4455 ac
1641 4398 1812 4466 ﬁlium
1853 4402 2147 4473 unigenam
2176 4418 2242 4459 ex

2345 3304 2441 3373 τῆς
2468 3304 2636 3371 αὐτῆς
2680 3303 2884 3365 ἐννοίας
2926 3302 3014 3354 τὸν
3046 3301 3246 3372 κόσμον
3297 3302 3615 3373 γράφοντες,
3647 3289 3889 3367 περιφερῆ

2346 3396 2543 3450 κύκλον
2584 3393 2829 3465 ἀεροειδῆ
2876 3395 2967 3447 καὶ
3001 3394 3259 3464 πυρωπὸν
3293 3392 3657 3464 χαράσσουσι,
3695 3387 3783 3440 καὶ
3811 3382 3889 3453 μέ-

2349 3508 2438 3543 σον
2464 3487 2755 3557 τεταμένον
2783 3486 2903 3556 δφιν
2949 3486 3372 3557 ίερακόμορφον·
3424 3484 3518 3537 καὶ
3559 3482 3670 3534 ἐστι
3706 3479 3762 3531 τὸ
3797 3477 3888 3529 πᾶν

2348 3581 2553 3651 σχῆμα,
2582 3579 2657 3640 ὡς
2686 3579 2747 3631 τὸ
2776 3578 2903 3649 παρ’
2936 3581 3065 3649 ἡμῖν
3103 3577 3251 3647 Θῆτα
3270 3594 3282 3606 ·
3318 3576 3412 3628 τὸν
3454 3572 3552 3643 μὲν
3579 3569 3786 3630 κύκλον,
3812 3568 3888 3620 κό-

2349 3691 2481 3744 σμον
2518 3672 2830 3744 μηνύοντες,
2858 3671 2948 3723 τὸν
2988 3671 3045 3723 δὲ
3081 3670 3242 3740 μέσον
3282 3666 3405 3735 ὅφιν
3438 3662 3745 3717 συνεκτικὸν
3782 3656 3886 3712 τοῦ·

2345 3783 2455 3830 τον,
2492 3764 2692 3832 ἀγαθὸν
2730 3763 2957 3832 δαίμονα
3003 3759 3370 3831 σημαίνοντες.
3417 3756 3526 3809 Καὶ
3557 3753 3887 3824 Ζωροάστρης

2344 3857 2403 3909 δέ
2431 3858 2458 3909 6
2488 3856 2678 3922 Μάγος
2706 3856 2763 3906 ἐν
2791 3856 2855 3922 τῇ
2888 3853 3005 3922 ἱερᾷ
3035 3851 3317 3919 συναγωγῇ
3341 3844 3446 3904 τῶν
3472 3842 3748 3916 Περσικῶν
3774 3853 3885 3909 φησι

2348 3946 2485 4002 κατά
2516 3944 2688 4008 λέξιν’
2727 3964 2743 3996 ι
2806 3944 2864 3997 '0
2906 3944 2960 3997 δὲ
2995 3942 3113 4005 θεός
3143 3943 3259 3992 ἐστι
3299 3936 3540 4007 κεφαλὴν
3583 3936 3716 4006 ἔχων
3755 3933 3881 4003 ἱέρα-

2348 4058 2460 4103 κος.
2492 4033 2656 4102 Οὗτός
2688 4039 2875 4092 ἐστινὸ
2903 4036 3115 4109 πρῶτος
3141 4032 3434 4102 ἄφθαρτος,
3462 4029 3650 4093 ἀΐδιος,
3680 4027 3885 4096 ἀγέννη-

2346 4148 2456 4194 τος,
2510 4130 2741 4201 ἀμερὴς,
2790 4128 3190 4199 ἀνομοιότατος,
3237 4123 3449 4195 ἡνίοχος
3492 4120 3689 4199 παντὸς
3719 4116 3880 4178 καλοῦ,

2348 4220 2765 4292 ἀδωροδόκητος,
2799 4217 3015 4287 ἀγαθῶν
3038 4211 3405 4283 ἀγαθώτατος,
3435 4210 3707 4283 φρονίμων
3735 4206 3884 4281 φρονί-

2351 4315 2612 4387 μὼτατος.
2646 4313 2799 4366 Ἔστι
2831 4312 2887 4364 δὲ
2930 4309 3025 4362 καὶ
3070 4306 3253 4377 πατὴρ
3281 4305 3537 4376 εὐνομίας
3584 4307 3674 4359 καὶ
3710 4306 3882 4359 δικαιο-

2349 4410 2531 4478 σύνης,
2568 4403 2971 4464 αὐτοδίδακτος,
3003 4398 3256 4468 φυσικὸς,
3288 4399 3383 4451 xal.
3430 4397 3652 4461 τέλειος,
3698 4398 3785 4451 καὶ
3812 4408 3882 4445 σο-

676 4488 917 4560 nympha
942 4488 1176 4558 quadam
1211 4489 1482 4558 indigena,
1512 4507 1675 4563 quam
1721 4492 2051 4549 Anobretem
2079 4508 2241 4549 voca-

2354 4500 2465 4574 φὸς,
2494 4494 2589 4549 καὶ
2625 4490 2772 4562 ἱεροῦ
2802 4487 3030 4559 φυσικοῦ
3067 4486 3223 4559 μρνος
3253 4487 3498 4559 εὑρετής.
3539 4507 3557 4539 ›
3593 4486 3673 4541 Τὰ
3697 4486 3739 4539 δ’
3765 4478 3880 4537 αὐτὰ

673 4582 824 4649 bant,
853 4579 1203 4649 suscepisset,
1239 4593 1471 4647 eumque
1505 4595 1787 4653 propterea
1838 4585 2061 4639 nomine
2110 4582 2240 4640 Jeﬁ-

675 4674 797 4728 dem
828 4673 1177 4745 appellatum,
1208 4669 1350 4740 quod
1376 4684 1435 4723 ea
1464 4673 1740 4739 vox'apud
1786 4672 2072 4730 Phoenices
2116 4675 2236 4729 uni-

678 4779 870 4835 genam
901 4765 1198 4818 etiamnum
1232 4760 1537 4833 signiﬁcet:
1580 4777 1813 4833 cumque
1855 4767 2238 4853 gravissimum

676 4852 799 4917 belli
829 4853 1126 4922 periculum
1160 4852 1469 4907 universam
1502 4850 1555 4904 in
1587 4850 1859 4920 regionem
1881 4850 2236 4921 incubuisset,

679 4944 833 4998 illum
873 4942 1051 5010 ipsum
1080 4943 1229 5012 regio
1268 4943 1413 4997 cultu
1446 4948 1701 4997 ornatum
1730 4941 1796 4995 ad
1826 4958 1976 4997 aram
2012 4944 2080 5000 ab
2119 4960 2240 5001 sese

675 5035 827 5108 prius
850 5041 1084 5087 erectam
1117 5040 1171 5087 et
1200 5033 1519 5088 instructam
1548 5033 1867 5087 immolavit.
1906 5052 1924 5087 ι
1963 5033 2081 5089 Jam
2112 5052 2241 5093 vero

675 5127 986 5189 considera,
1047 5124 1351 5193 cujusmodi
1388 5142 1451 5181 ea
1476 5128 1605 5192 sint,
1629 5142 1749 5198 quae
1776 5126 1918 5181 idem
1950 5126 2063 5197 ipse
2085 5126 2240 5190 Philo

675 5235 736 5275 ex
768 5217 1265 5275 Sanchuniathonis
1286 5234 1447 5287 opere
1493 5222 1559 5275 de
1596 5219 1911 5275 thnicum
1956 5219 2240 5292 elementis

2344 4590 2438 4644 καὶ
2488 4584 2749 4652 Ὀστάνης
2784 4580 2917 4652 φησὶ
2955 4580 3082 4652 περὶ
3116 4577 3280 4633 αὑτοῦ
3313 4582 3369 4632 ἐν
3405 4582 3469 4651 τῇ
3500 4573 3881 4649 ἐπιγραφομένῃ

2358 4677 2743 4744 Ὀκτατεύχῳ.
2790 4674 2994 4737 Πάντες
3037 4672 3093 4733 δὲ
3138 4672 3234 4736 τὰς
3274 4672 3527 4745 ἀφορμὰς
3576 4671 3701 4739 παρ’
3740 4660 3879 4740 αὑτοῦ

2345 4771 2629 4831 λαὸόντες,
2677 4764 3120 4834 ἐφυσιολόγησαν,
3150 4763 3337 4831 ὥσπερ
3373 4762 3677 4832 πρόκειται*
3711 4751 3879 4811 καὶτὰ

2349 4863 2444 4932 μὲν
2470 4858 2663 4929 πρῶτα
2703 4858 2940 4925 στοιχεῖα
2972 4858 3038 4909 τὰ
3078 4855 3166 4909 διά
3193 4854 3299 4907 τῶν
3320 4853 3514 4921 ὄφεων,
3543 4849 3699 4911 ναοὺς
3735 4861 3877 4901 κατα-

2348 4950 2760 5018 σκευασάμενοι,
2795 4948 2851 5000 ἐν
2881 4949 3062 5010 αὐτοῖς
3090 4947 3422 5017 ἀφιέρωσαν,
3460 4941 3553 4995 καὶ
3587 4941 3785 5003 τούτοις
3808 4938 3878 4991 θν-

2348 5044 2467 5105 σίας
2499 5040 2590 5103 καὶ
2617 5039 2805 5108 ἑορτὰς
2834 5039 3121 5095 ἐπετέλουν
3145 5038 3237 5090 καὶ
3263 5034 3439 5104 ὄργια,
3470 5031 3625 5097 θεοὺς
3654 5034 3771 5095 τοὺς
3800 5044 3877 5100 με·

2347 5134 2565 5203 γὶστους
2593 5129 2898 5199 νομίζοντες
2926 5132 3018 5182 καὶ
3050 5125 3321 5199 ἀρχηγοὺς
3347 5122 3455 5176 τῶν
3477 5122 3634 5178 ὅλων.
3662 5120 3877 5177 Τοσαῦτα

2347 5226 2441 5287 καὶ
2471 5222 2541 5275 τὰ
2570 5222 2697 5285 napi.
2724 5221 2830 5274 τῶν
2864 5222 3058 5291 ὄφεων.

677 5313 1009 5381 conscripto,
1074 5308 1278 5365 Gracis
1330 5325 1584 5379 expressa
1628 5295 1827 5378 verbis,
1880 5310 1946 5365 de
1974 5298 2255 5380 reptilibus
2326 5312 2652 5388 quibusdam
2701 5328 2765 5369 ac
2829 5326 3098 5368 venenum
3151 5309 3522 5379 iaculantibus
3581 5303 3877 5364 animalibus

678 5413 1099 5471 commemorat;
1132 5417 1253 5473 quae
1298 5416 1419 5457 cum
1462 5404 1661 5457 nullam
1692 5403 2002 5460 hominibus
2043 5404 2329 5461 utilitatem
2382 5405 2627 5469 aﬂ'erant,
2668 5413 2783 5459 tum
2802 5413 3008 5476 pestem
3049 5402 3116 5456 iis
3163 5410 3323 5472 atque
3362 5400 3640 5456 interitum
3697 5398 3875 5451 creant.

771 5562 863 5641 66)
913 5562 1209 5641 'Eotuﬂtér.
1243 5561 1471 5617 Fortean
1498 5558 1845 5641 Chronicamt
1874 5561 2145 5641 derivetur
2173 5562 2241 5616 ab
2348 5560 2566 5641 ingenio
2595 5560 2857 5641 scriptum
2888 5573 3024 5628 opus
3042 5556 3187 5641 illud
3217 5555 3399 5627 fuerit,
3432 5556 3589 5630 cujus
3617 5554 3704 5611 hic
3729 5554 3875 5624 spod-

684 5632 909 5693 Hebraao
936 5644 1035 5697 ny,
1068 5635 1209 5703 quod
1258 5642 1362 5703 est,
1394 5641 1611 5703 tempus,
1643 5633 1799 5703 cujus
1828 5632 2045 5703 plural.
2070 5632 2231 5703 etiam
2341 5647 2475 5703 men,
2500 5632 2717 5703 aliquod
2751 5632 2807 5684 in
2841 5636 3109 5703 serpente.

681 5705 865 5763 femin.
914 5714 994 5756 est
1042 5697 1200 5765 τήνω.
1249 5705 1316 5755 At
1353 5702 1405 5773 in
1445 5697 1606 5755 Hom.
1646 5697 1747 5773 leg.
1780 5697 2002 5773 ἡθὶκῶν,
2032 5716 2153 5773 quae
2186 5702 2233 5755 si

2410 5702 2523 5773 (47)
2575 5697 2822 5769 ‘Ea’timc.
2866 5697 3304 5765 Mont.,'Eutoc.

680 5790 803 5835 ven
855 5776 1011 5833 lectio
1048 5782 1147 5840 est,
1184 5773 1249 5828 de
1284 5772 1435 5829 vario
1467 5785 1531 5829 ac
1556 5771 1837 5837 multiplici
1872 5771 2228 5827 animantium
