4028 6332
107 420 169 475 89
1238 418 1556 476 ΡΙίλΕΡΑΙὶ.
1600 419 1652 472 E‘

1752 416 1852 471 ηδ.
1892 414 2018 470 LIB.
2063 414 2103 469 1.
3223 408 3291 463 90

103 535 152 587 in
172 549 301 602 quos
351 543 542 588 tetrum
594 535 723 595 illud
761 550 921 589 suum
979 541 1031 588 et
1088 510 1303 586 exitiale
1360 538 1624 586 Venenum
1666 530 2022 585 excusserint.
2093 525 2182 580 Sic
2222 525 2383 596 igitur
2447 523 2514 581 ad
2568 523 2788 577 verbum
2836 522 2925 575 ille
2958 535 3013 575 τι
3058 518 3295 573 Taautus

106 626 302 695 quidem
374 628 628 683 draconis
698 630 1137 696 serpentiumque
1199 634 1406 679 natura:
1454 624 1791 678 divinitatem
1864 622 2096 689 aliquam
2171 617 2466 682 tribuebat,
2542 630 2705 686 quam
2786 615 2903 683 ejus
2987 611 3294 681 Opinionem

102 714 187 791 4]
219 717 495 773 Phoenices
557 728 609 773 et
667 718 901 789 Egyptii
953 726 1137 787 postea
1199 716 1641 785 comprobarunt.
1678 714 1965 766 Enimvero
2018 725 2186 778 genus
2217 708 2320 762 hoc
2353 706 2643 763 animantis
2674 720 2782 775 pra:
2828 702 3037 758 cunctis
3090 700 3297 771 reptili-

105 808 214 872 bus,
234 810 285 861 vi
308 820 358 862 et
387 808 541 878 copia
560 811 782 880 spiritus
810 811 1084 865 abundare
1130 808 1304 871 docet,
1358 807 1583 877 ejusque
1640 814 1888 861 naturam
1938 805 2146 874 igneam
2197 818 2338 866 esse,
2369 799 2514 869 quod
2553 799 2713 853 etiam
2740 806 3018 866 propterea
3048 794 3296 848 celerita-

104 912 221 964 tem,
254 903 449 973 inquit,
477 919 588 973 pra:
613 920 672 960 se
701 905 804 959 fert
829 906 980 959 omni
1012 903 1323 973 exceptione
1354 903 1635 971 majorem,
1687 915 1809 954 cum
1845 914 2019 968 neque
2068 897 2295 966 pedum,
2351 909 2524 963 neque
2564 907 2843 955 manuum,
2874 904 3047 958 neque
3079 888 3302 942 alterius

105 996 400 1064 cujusquam
424 998 708 1052 exterioris
745 998 970 1053 membri
1004 996 1391 1056 adminiculum
1438 994 1652 1059 habeat,
1712 990 2013 1059 cujusmodi
2048 997 2192 1054 sunt,
2220 989 2417 1059 quibus
2464 987 2531 1039 ad
2573 996 2774 1046 motum
2808 985 3027 1053 reliquae
3050 981 3300 1036 animan-

105 1095 175 1139 ῐθε
209 1085 280 1141 uti
324 1086 518 1145 SOlent.
554 1085 817 1143 Praeterea
854 1089 1032 1144 varias
1097 1103 1161 1143 ac
1222 1087 1544 1157 multiplices
1599 1084 1844 1154 corporis
1895 1083 2097 1137 formas
2157 1082 2410 1148 ostendit,
2447 1097 2510 1133 ac
2548 1080 2782 1135 sinuosis
2841 1080 3099 1155 intortum
3138 1074 3300 1144 spiris

105 1183 211 1230 sese
234 1192 387 1246 quam
419 1180 634 1234 libuerit
654 1182 877 1237 incitato
899 1183 1076 1237 vibrat
1104 1184 1327 1252 impetu.
1390 1180 1665 1234 Diuturnae
1717 1178 2009 1231 admodum
2066 1178 2187 1230 vita:
2222 1177 2324 1239 est,
2377 1147 2473 1230 nec
2500 1176 2676 1230 solum
2705 1180 2866 1227 exuto
2894 1147 3044 1224 senio
3071 1167 3301 1236 juvene-

105 1267 216 1329 scit,
247 1282 427 1322 verum
471 1272 632 1325 etiam
667 1273 875 1341 majora
918 1274 1165 1343 corporis
1194 1272 1357 1328 simul
1400 1281 1456 1326 et
1500 1270 1694 1323 virium
1745 1268 1940 1336 accipit
1994 1268 2345 1327 incrementa,
2393 1266 2564 1319 donec
2600 1262 2814 1318 tandem
2868 1259 3112 1315 confecto
3153 1264 3301 1310 certo

105 1355 319 1425 quodam
353 1373 619 1419 annorum
681 1363 952 1425 curriculo
999 1363 1053 1417 in
1112 1364 1349 1433 seipsum
1410 1364 1605 1418 iterum
1654 1358 2006 1421 dissolvatur,
2064 1358 2515 1427 quemadmodum
2575 1355 2628 1409 in
2674 1354 2845 1409 sacris
2893 1351 3053 1405 etiam
3099 1347 3300 1402 tabulis

105 1448 230 1503 idem
257 1448 489 1510 Taautus
521 1454 781 1520 scriptum
830 1454 1065 1523 reliquit.
1110 1453 1165 1507 ld
1212 1452 1357 1524 quod
1391 1452 1444 1516 in
1493 1464 1656 1505 causa
1706 1448 1827 1514 fuit,
1876 1464 1974 1502 cur
2016 1447 2117 1501 hoc
2170 1446 2521 1501 animantium
2572 1459 2738 1513 genus
2784 1444 2839 1497 in
2898 1440 3066 1495 sacris
3104 1438 3303 1508 pariter

106 1546 254 1608 atque
296 1543 567 1610 mysteriis
600 1543 841 1599 adhiberi
880 1546 1097 1601 soleret.
1146 1544 1223 1601 De
1278 1546 1381 1600 hoc
1409 1552 1586 1598 autem
1640 1543 1694 1596 in
1746 1540 2171 1606 commentariis,
2220 1555 2355 1608 quos
2403 1538 2650 1590 Ethotln‘a
2698 1535 3093 1604 inscripsimus,
3132 1528 3303 1599 pluri~

106 1629 249 1683 busa
279 1634 432 1687 nobis
481 1634 815 1705 disputatum
847 1645 949 1701 est,
995 1637 1086 1691 ubi
1136 1638 1312 1705 ipsum
1360 1635 1663 1689 immortale
1709 1648 1849 1695 esse,
1891 1640 1944 1685 et
1988 1632 2039 1685 in
2098 1647 2217 1685 sese
2264 1631 2460 1695 denuo,
2498 1628 2951 1698 quemadmodum
2997 1634 3119 1677 ante
3154 1622 3301 1675 dice-

106 1717 241 1781 bam,
275 1724 462 1779 resolvi
488 1725 997 1783 demonstravimus.
1048 1727 1157 1781 Nec
1180 1729 1323 1781 enim
1375 1726 1682 1796 bujusmodi
1723 1724 1943 1786 animal,
2003 1724 2108 1777 nisi
2165 1724 2219 1777 vi
2270 1723 2500 1792 quadam
2567 1735 2883 1792 percussum
2934 1731 3057 1771 ante
3117 1717 3300 1776 fuerit,

110 1821 266 1868 morte
294 1818 520 1872 naturali
572 1820 957 1893 exstinguitur,
1022 1825 1199 1892 Atque
1245 1819 1375 1874 illud
1426 1819 1641 1889 quidem
1686 1816 1973 1871 thnices
2008 1816 2209 1871 bonum
2251 1815 2569 1881 daemonem,
2614 1811 2850 1881 Egyptii
2872 1824 2997 1863 vero
3022 1807 3301 1875 Cnepltum

109 1909 338 1963 similiter
374 1922 773 1981 nuncuparunt,
815 1914 1099 1985 eidemque
1127 1925 1288 1984 caput
1317 1913 1588 1981 accipitris
1638 1912 1708 1967 ob
1740 1910 2069 1982 praecipuam
2099 1908 2391 1980 quamdam
2410 1908 2574 1976 hujus
2601 1904 2835 1961 volucris
2860 1901 3048 1973 agendi
3076 1899 3184 1952 vim
3212 1898 3307 1952 ad-

110 2002 361 2058 diderunt.
392 2005 534 2071 Quin
561 2007 724 2060 etiam
761 2006 918 2076 Epeis
948 2007 1055 2073 ille,
1087 2007 1179 2077 qui
1221 2021 1469 2064 summus
1501 2004 1569 2059 ab
1617 2003 1685 2058 iis
1724 2019 2001 2067 sacrorum
2049 2003 2314 2070 interpres
2348 2008 2400 2053 et
2428 1998 2606 2055 scriba
2643 1996 2983 2056 nominatur,
3037 2005 3305 2063 quemque

108 2089 256 2147 Arius
283 2092 732 2167 Heracleopolites
763 2096 947 2153 Grzeca
978 2099 1160 2171 lingua
1194 2098 1445 2164 donavit,
1477 2098 1557 2153 sic
1578 2097 1646 2151 ad
1671 2097 1895 2151 verbum
1912 2094 2197 2165 allegorice
2239 2107 2350 2147 rem
2372 2092 2529 2147 istam
2543 2087 2823 2155 exposuit:
2846 2104 2864 2137 ι
2887 2086 3041 2141 Unus
3062 2084 3305 2138 omnium

109 2184 325 2240 maxime
355 2187 569 2244 divinus
592 2198 710 2244 erat
765 2205 987 2259 serpens
1011 2192 1118 2257 ille,
1166 2192 1263 2259 qui
1301 2190 1575 2260 accipitris
1614 2191 1846 2245 formam
1902 2204 2014 2259 prae
2049 2203 2113 2243 se
2138 2186 2357 2251 ferebat,
2411 2184 2658 2254 idemque
2713 2187 2935 2249 aspectu
2973 2177 3305 2247 jucundissi-

109 2288 219 2329 mus
243 2294 256 2329 :
278 2278 470 2349 quippe
493 2281 659 2347 enim,
683 2282 772 2336 ubi
802 2282 987 2336 oculos
1022 2284 1343 2353 aperuisset,
1394 2283 1651 2337 continuo
1677 2282 2009 2353 primigenia:
2028 2295 2139 2335 sure
2154 2278 2387 2349 regionis
2437 2278 2555 2335 loca
2590 2274 2771 2331 omnia
2799 2274 2920 2328 luce
2962 2270 3262 2340 complebat
3289 2288 3304 2323 :

110 2368 183 2419 sin
212 2377 382 2423 autem
417 2373 761 2439 conniveret,
808 2375 953 2431 illico
998 2378 1232 2431 tenebrat
1262 2377 1641 2433 succedebant.
1667 2378 1780 2431 iAc
1800 2384 1989 2432 natura
2033 2375 2249 2444 quidem
2312 2374 2526 2442 igneum
2572 2371 2723 2429 illum
2766 2383 2889 2422 esse
2918 2366 2968 2420 vi
3004 2368 3118 2434 ipsa
3158 2365 3308 2419 verbi

109 2456 397 2527 διηύγασεν,
428 2461 480 2515 id
512 2472 594 2519 est
617 2464 943 2533 illustrabat,
978 2465 1135 2536 Epeis
1168 2467 1451 2520 manifeste
1508 2464 1652 2523 decla

1752 2464 1802 2517 'it
1858 2482 1872 2518 :
1913 2463 2049 2519 lucis
2115 2462 2281 2524 enim,
2316 2461 2375 2513 τὸ
2402 2459 2708 2529 διαυγάσαι,
2767 2458 2873 2511 hoc
2906 2464 2988 2510 est
3017 2456 3306 2525 illustrare,

113 2550 370 2619 proprium
411 2561 517 2613 est.
556 2554 894 2630 Pherecydes
934 2569 1136 2623 autem,
1174 2559 1459 2623 occasione
1483 2572 1549 2612 ex
1575 2555 1921 2613 Phoenicibus
1953 2560 2199 2624 arrepta,
2248 2552 2602 2622 theolorgieam
2635 2551 2700 2604 de
2754 2548 2846 2603 illo
2889 2546 3111 2601 numine
3162 2546 3308 2615 quod

112 2637 388 2709 0Phionem
433 2645 552 2715 ipse
578 2658 874 2719 nuncupat,
918 2650 1092 2721 deque
1112 2649 1431 2719 Ophionidis
1473 2648 1705 2706 instituit
1743 2646 2199 2715 disputationem;
2230 2661 2331 2702 nos
2368 2653 2543 2698 autem
2576 2644 2641 2697 de
2668 2644 2775 2697 illis
2799 2640 3003 2710 aliquid
3026 2640 3184 2693 etiam
3214 2652 3315 2707 po-

114 2739 215 2787 stea
242 2732 605 2804 subjiciemus.
630 2738 898 2796 Caeterum
920 2738 1155 2811 Egyptii
1178 2741 1438 2799 mundum
1459 2740 1645 2794 eodem
1683 2737 1911 2801 consilio
1949 2736 2316 2806 depingentes,
2362 2734 2651 2789 rotundum
2713 2730 2974 2784 circulum
3025 2728 3169 2782 aerio
3217 2742 3310 2780 co-

113 2830 214 2887 loro
253 2832 588 2929 flammisque
642 2849 891 2903 sparsum
946 2836 1276 2903 exprimunt,
1340 2836 1497 2904 cujus
1545 2830 1599 2888 in
1637 2833 1814 2887 medio
1857 2848 2077 2902 serpens
2117 2839 2367 2891 extentus
2394 2828 2666 2899 accipitris
2693 2825 2865 2879 forma
2889 2812 3205 2879 collocatur.
3234 2821 3310 2875 Ac

107 2918 417 2986 totaquidem
449 2919 622 2991 ﬁgura
658 2922 848 2979 Graeco
877 2922 1047 2980 Theta
1087 2927 1377 2996 persimilis
1431 2937 1533 2994 est,
1590 2931 1667 2984 ita
1717 2929 1995 2994 nimirum,
2039 2936 2098 2982 ut
2136 2927 2340 2982 circulo
2380 2925 2641 2979 mundum
2692 2921 2999 2984 exhibeant,
3066 2925 3313 2977 serpente

115 3018 275 3065 autem
297 3014 472 3068 medio
508 3014 655 3069 illum
680 3015 929 3087 utrinque
949 3014 1055 3087 42
1098 3016 1476 3087 oonjungente,
1528 3018 1728 3073 bonum
1765 3020 2062 3074 daemonem
2100 3017 2421 3087 signiﬁcent.
2449 3015 2519 3067 At
2547 3027 2673 3067 vero
2699 3010 3012 3065 Zoroastres
3043 3006 3229 3076 Magus
3259 3008 3311 3062 in

114 3114 260 3201 sacro
305 3102 645 3201 Persicorum
689 3108 895 3164 rituum
945 3109 1367 3176 commentario,
1426 3112 1541 3166 hac
1599 3113 1819 3167 tetidem
1881 3111 2061 3166 verbis
2103 3110 2304 3164 habet.
2346 3127 2363 3156 σ
2400 3107 2541 3161 Deus
2564 3114 2740 3161 autem
2792 3112 2876 3157 est
2912 3101 3182 3169 accipitris
3218 3114 3312 3153 ca-

116 3192 229 3262 pite,
280 3195 529 3267 princeps
581 3200 1051 3273 omnium,expers
1091 3202 1363 3267 interitus,
1406 3204 1785 3274 sempiternus,
1846 3204 1961 3258 sine
2000 3211 2157 3265 ortu,
2213 3201 2331 3254 sine
2388 3199 2667 3268 partibus,
2735 3195 2969 3249 maxime
3012 3191 3311 3249 dissimilis.

113 3286 274 3338 omnis
319 3286 445 3341 boni
491 3288 819 3358 moderator,
870 3293 1271 3363 integerrimus,
1322 3295 1584 3351 bonorum
1645 3295 1904 3364 optimus,
1951 3289 2296 3361 prudentium
2326 3286 2801 3358 prudentissimus.
2844 3282 3021 3352 legum
3048 3279 3315 3349 aequitatis

114 3387 169 3428 ac
210 3376 421 3449 justitiae
453 3391 673 3447 parens,
707 3393 767 3457 se
808 3387 1019 3436 tantum
1072 3392 1398 3452 praeceptore
1444 3384 1656 3447 doctus,
1716 3382 1996 3445 naturalis,
2037 3378 2325 3449 perfectus,
2365 3377 2601 3447 sapiens,
2658 3383 2711 3429 et
2762 3388 2931 3429 sacrae
2970 3370 3051 3425 vis
3080 3369 3314 3441 physica;

116 3479 239 3519 unus
285 3466 549 3527 inventor.
586 3486 606 3519 ι
657 3466 855 3523 Eadem
902 3470 1124 3539 insuper
1173 3473 1399 3528 Ostanes
1450 3473 1517 3529 de
1552 3474 1641 3527 illo
1681 3472 1845 3527 tradit
1905 3472 1958 3525 in
1999 3486 2063 3525 eo
2098 3467 2245 3540 quod
2305 3465 2676 3521 Octateucltum
2738 3462 3036 3533 inscripsit,
3080 3461 3313 3515 volumi-

114 3571 189 3612 ne.
227 3557 427 3631 Reliqui
463 3570 641 3616 autem
670 3575 879 3626 omnes,
912 3561 1209 3630 principem
1253 3563 1404 3620 illum
1448 3566 1639 3627 secuti,
1689 3565 1755 3618 de
1801 3578 1981 3616 rerum
2024 3572 2240 3627 natura,
2285 3559 2739 3631 quemadmodum
2790 3566 2913 3612 ante
2962 3550 3167 3611 dictum
3212 3562 3313 3617 est,

116 3650 449 3752 philosophati
488 3664 640 3722 sunt;
694 3670 757 3709 ac
827 3654 1015 3723 primis
1055 3656 1335 3711 elementis
1370 3674 1434 3712 ac
1474 3660 1802 3727 serpentium
1870 3658 2060 3725 forma,
2098 3662 2151 3712 in
2192 3659 2405 3726 templis
2456 3669 2577 3725 quae
2630 3661 3048 3708 construxerant
3091 3649 3316 3704 solemni

116 3742 209 3844 ritu
246 3746 521 3812 dedicatis,
572 3762 697 3802 cum
746 3744 1030 3808 sacriﬁcia,
1084 3756 1197 3800 tum
1243 3747 1409 3801 festos
1450 3764 1667 3816 quoque
1713 3749 1851 3816 dies,
1896 3758 1949 3803 et
2000 3751 2145 3819 orgia
2200 3750 2562 3810 celebrarunt,
2593 3745 2737 3815 quod
2773 3744 2893 3797 illos
2939 3742 3162 3795 deorum
3196 3754 3312 3792 ma-

118 3835 275 3894 ximos
300 3854 436 3905 esse,
464 3853 758 3909 rerumque
785 3837 1025 3894 omnium
1055 3839 1326 3909 principes
1354 3854 1417 3894 ac
1438 3839 1801 3897 moderatores
1823 3849 2095 3911 putarent.
2125 3841 2325 3896 Verum
2364 3842 2477 3895 haec
2496 3839 2560 3892 de
2589 3837 2927 3905 serpentibus
2963 3833 3123 3887 modo
3153 3832 3308 3885 satis.

186 3952 331 4007 Ἀλλὰ
367 3954 474 4026 γὰρ
510 3952 580 4009 τὰ
610 3954 708 4025 μὲν
746 3953 842 4024 τῆς
877 3951 1133 4006 Φοινίκων
1163 3951 1438 4021 θεολογίας
1461 3954 1648 4015 τοῦτον

118 4047 334 4128 περιέχει
377 4049 471 4101 τὸν
526 4047 748 4123 τρόπον.
808 4046 909 4099 Ἢν
959 4047 1361 4117 ἀμεταστρεπτὶ
1408 4048 1648 4120 φεύγειν,

119 4140 315 4210 καὶτῆς
343 4140 449 4195 τῶν
490 4138 733 4194 παλαιῶν
767 4138 1184 4215 φρενοϐλαϐείας
1215 4139 1315 4209 τὴν
1361 4138 1504 4193 ίασίν
1554 4158 1653 4210 με·

118 4227 391 4295 ταδιώκειν,
435 4232 464 4285 ὀ
494 4232 759 4303 σωτήριος
790 4232 1195 4301 εὐαγγελίζεται
1222 4228 1394 4298 λόγος.
1437 4232 1556 4284 Ὀτι
1598 4232 1654 4285 δὲ

124 4317 187 4391 μὴ
219 4319 365 4391 μῦθοι
394 4307 588 4388 multa,
633 4323 726 4377 καὶ
755 4323 992 4395 ποιητῶν
1030 4320 1422 4392 ἀναπλάσματα
1460 4321 1654 4378 λανθά-

121 4412 290 4466 νουσάν
318 4430 434 4467 τινα
475 4417 535 4469 ὲν
579 4415 851 4479 ὑπονοίαις
885 4415 1073 4487 ἔχοντα
1111 4414 1341 4487 θεωρίαν
1365 4415 1648 4485 τυγχάνει·

124 4503 278 4572 σοφῶν
304 4505 357 4557 δὲ
390 4506 483 4559 καὶ
517 4507 782 4571 παλαιῶν,
805 4508 880 4571 ὡς
912 4508 976 4561 ἂν
1002 4509 1170 4563 αὐτοὶ-
1188 4510 1360 4578 φαῖεν,
1388 4506 1652 4575 θεολόγων

123 4592 309 4664 ἀληθεῖς
341 4596 653 4669 μαρτυρίαι,
681 4598 751 4653 τὰ
778 4600 872 4653 καὶ
904 4599 1141 4670 ποιητῶν
1168 4600 1418 4656 ἁπάντων
1453 4600 1543 4655 καὶ
1568 4598 1652 4653 λο-

124 4687 380 4758 γογράφων
431 4688 777 4762 πρεσϐύτερα
824 4692 1193 4763 περιέχουσαι,
1250 4691 1312 4744 τό
1354 4708 1413 4743 τε
1464 4690 1671 4745 πιστὸν-

125 4776 214 4831 τκῖιν
234 4780 395 4850 λόγων
431 4782 767 4852 ἐπαγόμεναι
798 4782 904 4841 ἀπὸ
927 4784 1025 4854 τῆς
1062 4784 1227 4839 εἰσέτι
1261 4782 1417 4854 δεῦρο
1448 4783 1503 4834 ὲν
1534 4784 1651 4845 ταῖς

126 4868 246 4923 κατὰ
273 4875 515 4947 Φοινίκην
531 4874 719 4930 πόλεσι
746 4889 805 4927 τε
838 4874 930 4927 καὶ
960 4873 1172 4945 κώμαις
1200 4874 1503 4950 κρατούσης
1542 4874 1649 4926 τῶν

128 4956 243 5014 θεῶν
286 4964 647 5037 προσηγορίας
695 4972 753 5018 τε
809 4968 897 5023 καὶ
951 4966 1211 5037 ἱστορίας,
1266 4968 1375 5021 τῶν
1418 4984 1475 5019 τε
1522 4968 1650 5037 παρ’

127 5049 341 5119 ἑκάστοις
381 5057 808 5130 ἐπιτελουμένων
848 5056 1179 5129 μυστηρίων,
1219 5061 1377 5131 δῆλον
1418 5058 1482 5112 ἂν
1524 5057 1608 5129 εἴη
1633 5074 1645 5086 ·

128 5140 190 5207 ὡς
220 5147 397 5218 μηκέτι
434 5149 635 5205 τούτων
670 5150 866 5222 χρῆναι
907 5150 1110 5220 βιαίους
1140 5154 1434 5223 ἀνιχνεύειν
1466 5167 1650 5221 φυσιο-

130 5231 311 5305 λογίας,
348 5241 491 5311 σαφῆ
516 5238 610 5296 τδν
654 5241 714 5307 ἐξ
754 5241 958 5295 ὲαυτῶν
997 5241 1213 5312 ἔλεγχον
1246 5241 1651 5316 ἐπιφερομένων

130 5327 218 5383 τῶν
243 5333 591 5403 πραγμάτιον.
618 5334 851 5406 Τοιαύτη
884 5335 980 5406 μὲν
1009 5328 1101 5387 οὖν
1132 5337 1164 5406 ὴ
1193 5336 1449 5389 Φοινίκων
1479 5332 1653 5387 θεολο-

131 5420 223 5569 ‘é:
252 5424 385 5528 :05».
424 5423 481 5478 δὲ
527 5424 862 5495 μταόάντας
915 5426 1006 5483 καὶ
1048 5426 1143 5498 τὴν
1190 5428 1496 5497 Αἰγυπτίων
1534 5428 1653 5479 tm-

222 5531 390 5569 οτισαι.

220 5531 390 5589 manu.

1818 3954 2134 4024 Hujusmodi
2176 3970 2302 4025 ergo
2333 3962 2416 4009 est
2446 3952 2760 4005 thnicum
2794 3948 3115 4017 theologica,
3151 3964 3314 4019 quam

1750 4055 1809 4101 ut.
1838 4046 2101 4100 irretortis
2122 4044 2292 4099 oculis
2319 4044 2611 4113 fugiamus,
2640 4056 2701 4094 ac
2731 4040 3034 4110 priscorum
3068 4038 3307 4093 vesania:

1752 4138 2073 4194 medicinam
2105 4152 2510 4207 persequamur,
2542 4135 2796 4188 salutaris
2824 4130 3098 4203 Evangelii
3122 4130 3320 4185 doctri-

1755 4246 1823 4285 na
1856 4228 2117 4300 praecipit.
2152 4225 2284 4280 Nam
2320 4226 2463 4294 quod
2498 4225 2600 4278 ista
2629 4223 2811 4277 omnia
2839 4236 2937 4274 nec
2962 4219 3155 4275 fabulae
3188 4219 3316 4279 sint,

1756 4336 1855 4377 nec
1875 4327 2182 4377 commenta
2205 4326 2507 4387 poetarum,
2531 4329 2650 4384 quae
2670 4315 2921 4366 latentem
2949 4311 3131 4363 nescio
3153 4325 3317 4380 quam

1755 4413 1809 4466 in
1841 4412 2047 4467 intimis
2083 4411 2333 4465 sensibus
2354 4404 2860 4474 contemplationem
2887 4389 3162 4454 invol‘vant
3188 4420 3200 4455 :
3224 4401 3317 4457 sed

1754 4504 1936 4573 potius
1969 4516 2097 4556 vera
2136 4497 2461 4567 sapientium
2496 4510 2558 4549 ac
2589 4504 2847 4559 veterum,
2879 4502 2937 4546 ut
2976 4493 3077 4561 ipsi
3099 4492 3314 4562 quidem

1755 4596 2042 4666 appellant,
2064 4590 2435 4659 theologorum
2460 4587 2791 4649 testimonia,
2818 4601 2937 4655 qua:
2959 4600 3043 4639 res
3065 4583 3318 4636 omnibus

1754 4698 1806 4743 et
1833 4687 2003 4757 poetis
2019 4692 2073 4738 et
2092 4682 2399 4737 fabularum
2427 4680 2786 4750 scriptoribus
2810 4676 3143 4745 antiquiores
3161 4687 3315 4729 com-

1754 4778 2073 4847 plectantur,
2100 4771 2368 4842 ﬁdemque
2383 4779 2663 4826 arcessant
2688 4783 2810 4823 cum
2834 4782 2899 4821 ex
2928 4765 3015 4817 illa
3036 4766 3173 4834 ipsa,
3196 4778 3317 4834 quae

1754 4870 1809 4922 in
1839 4865 2159 4921 Phoenicum
2188 4864 2416 4918 urbibus
2466 4877 2529 4915 ac
2559 4860 2708 4930 pagis
2738 4858 3036 4911 etiamnum
3079 4855 3317 4910 celebra-

1758 4968 1863 5021 tur,
1892 4957 2112 5011 deorum
2139 4954 2497 5024 appellatione
2531 4958 2691 5017 atque
2729 4946 2975 5009 historia,
3008 4954 3121 4999 tum
3151 4962 3215 4999 ex
3252 4946 3318 4998 iis

1730 5042 1877 5119 quae
1931 5046 2070 5116 apud
2122 5044 2363 5114 singulos
2410 5046 2770 5110 peraguntur,
2824 5036 3094 5107 mysteriis
3142 5034 3320 5103 quivis

1755 5142 1966 5211 opinor,
1990 5138 2266 5207 intelligit:
2289 5133 2419 5188 nihil
2450 5141 2505 5185 ut
2522 5130 2633 5199 jam
2664 5145 2888 5184 necesse
2912 5129 2981 5183 sit
3002 5135 3216 5180 coactas
3232 5140 3319 5177 re-

1755 5247 1875 5284 rum
1903 5231 2125 5285 istarum
2155 5226 2403 5297 physicas
2430 5222 2817 5291 explicationes
2838 5216 3315 5288 perscrutari,cum

1753 5321 2073 5378 certissimis
2089 5332 2208 5388 qua:
2225 5324 2489 5384 sponteac
2506 5329 2599 5383 per
2612 5314 2825 5381 seipsas
2840 5312 2939 5364 illa:
2952 5306 3316 5375 suppeditant,

1753 5400 2086 5484 argumentis
2102 5407 2420 5475 iudiciisque
2440 5414 2741 5459 teneantur.
2764 5403 2885 5455 llaec
2898 5413 3023 5466 ergo
3037 5398 3098 5451 de
3110 5396 3320 5452 Pbmni-

1754 5521 1879 5561 cum
1906 5503 2172 5573 theologia
2197 5500 2343 5555 dicta
2365 5508 2543 5554 sunto.
2575 5496 2695 5551 lam
2719 5496 2861 5550 enim
2901 5500 3111 5560 tempus
3138 5500 3223 5545 est
3262 5500 3320 5546 ut

1758 5598 1823 5654 ad
1856 5582 2231 5670 Egyptiorum
2262 5608 2415 5649 sacra
2444 5591 2855 5658 doctrinamque
2882 5593 3241 5641 transeamus.
