4028 6332
103 427 161 481 93
1268 440 1422 495 ΡΡιᾸΞ
1431 440 1582 495 PAR.
1626 442 1646 496 l

1747 442 1871 499 iNc.
1915 444 2039 498 LIB.
2084 443 2145 499 ιι.
3220 442 3292 499 se
3322 429 3325 432 ’

98 541 146 591 al
185 545 587 613 παρατεθεῖσαι
623 547 729 601 τῶν
778 550 1075 620 εἰρημένων
1108 552 1321 624 ἐδήλουν
1349 558 1549 623 φωναὶ,
1580 557 1646 621 ὼς

1754 574 1814 613 ac
1835 560 2146 628 religionem
2181 558 2508 627 pertinentes
2536 562 2779 617 omnium
2809 563 2965 631 primi
2996 560 3289 630 collegere,

100 633 281 703 μηκέτι
310 638 529 706 χρῆναι
571 638 769 690 τούτων
822 638 1026 707 βιαίους
1065 643 1358 712 ἀνιχνεύειν
1402 646 1647 713 φυσιολο-

95 725 223 792 γίας,
262 726 418 796 σαφῆ
444 729 537 781 τὸν
561 730 620 795 ἐξ
647 730 847 782 ἑαυτῶν
882 730 1095 801 ἔλεγχον
1117 735 1517 807 ἐπιφερομένων
1543 739 1649 792 τῶν

100 820 455 886 πραγμάτων.
513 822 740 891 Τοιαύτη
796 824 892 892 μὲν
932 821 1077 895 οὖνὴ
1114 826 1220 879 τῶν
1245 830 1497 882 Φοινίκων
1530 830 1648 883 θεο-

97 908 256 975 λογία.
290 911 437 980 Ὥρα
478 911 533 963 δὲ
582 914 930 981 μεταϐάντας,
961 916 1051 968 καὶ
1101 918 1168 970 τὰ
1204 920 1506 985 Αἰγυπτίων
1532 923 1650 973 ἐπι-

100 998 385 1067 θεωρῖσαι,
426 1002 507 1063 εἰς
535 1001 596 1053 τὸ
629 1003 953 1071 κατανοῆσαι
983 1007 1074 1056 καὶ
1107 1008 1331 1059 συνιδεῖν
1354 1008 1650 1079 ἐξητασμέ-

97 1107 203 1151 ven,
235 1092 283 1140 εἰ
340 1091 421 1160 μὴ
465 1092 759 1163 κεκριμένη
792 1094 884 1146 καὶ
915 1094 1133 1163 εὔλογος
1168 1098 1491 1167 συνέστηκεν
1521 1100 1648 1168 ἡμῖν

98 1178 206 1246 ﬁt},
257 1180 441 1231 αὐτῶν
472 1182 861 1255 ,ἀναχώρησιφ
903 1185 1008 1237 οὐδ’
1062 1186 1252 1250 ἄλλως,
1299 1188 1331 1258 ἦ
1366 1189 1452 1242 διὰ
1484 1190 1647 1258 μόνης

99 1266 186 1331 τῆς
216 1268 597 1341 Εὑαγγελικῆς
646 1274 983 1339 ἀποδείξεως,
1001 1275 1292 1346 ’πρώτιστα
1318 1280 1534 1331 πάντων
1554 1280 1649 1332 αὺ-

96 1356 193 1414 ταῖς
220 1356 561 1421 Αἰγυπτίοις,
602 1355 716 1416 εἶτα
753 1362 809 1413 δὲ
849 1364 942 1416 καὶ
984 1368 1095 1427 τοῖς
1123 1365 1187 1417 τὰ
1218 1369 1311 1420 ἶσα
1361 1367 1645 1437 φρονοῦσιν

96 1443 260 1506 αὓτοῖς
285 1445 711 1517 κατωρθωμένη.
745 1443 929 1505 Πᾶσᾶν
959 1448 1055 1522 μὲν
1094 1450 1184 1507 οὖν
1214 1455 1309 1524 τὴν
1357 1459 1648 1524 Αἰγυπτια-

97 1532 185 1601 κὴν
209 1535 455 1605 ἱστορίαν
474 1540 553 1599 εἰς
581 1538 777 1603 πλάτος
799 1543 898 1612 τῆς
932 1544 1190 1613 Ἐλλήνων
1221 1545 1505 1615 μετείληφε
1538 1564 1647 1613 φω-

97 1621 199 1689 νῆς,
224 1623 371 1685 ἰδίως
397 1642 457 1677 τε
489 1626 555 1677 τὰ
584 1628 708 1697 περὶ
745 1629 840 1698 τῆς
865 1632 982 1683 κατ’
1014 1634 1206 1694 αὐτοὺς
1235 1632 1505 1699 θεολογίας
1525 1635 1643 1685 Μα-

95 1711 248 1775 νεθῶς
275 1716 305 1765 ὁ
343 1714 636 1781 Αἰγύπτιος
684 1716 739 1769 ἐν
763 1735 821 1770 τε
897 1716 1127 1785 ἔγραψεν
1149 1718 1295 1786 Ἱερᾷ
1311 1721 1521 1786 βίϐλῳ,
1552 1722 1645 1776 καὶ

98 1805 149 1855 ἐν
175 1803 382 1874 ἑτέροις
420 1805 584 1857 αὑτοῦ
626 1807 1035 1878 συγγράμμασι.
1064 1809 1208 1879 Πλὴν
1231 1809 1365 1863 ἀλλὰ
1399 1813 1492 1863 καὶ
1527 1812 1644 1863 Διό-

96 1894 251 1965 δωρος
280 1900 307 1949 ὁ
327 1897 561 1967 πρόσθεν
586 1900 716 1967 ἡμῖν
744 1900 1147 1969 μνημονευθείς,
1177 1903 1240 1953 ὲκ
1267 1901 1521 1954 πλειόνων
1547 1902 1645 1964 τὰς

100 1986 325 2056 ἰστορίας
358 1988 774 2057 ἀναλεξάμενος,
808 1990 902 2041 καὶ
930 1989 1004 2051 ὼς
1038 1988 1117 2041 ἔνι
1155 1990 1383 2059 μάλιστα
1414 1990 1484 2042 τὰ
1515 1992 1645 2061 παρ’

98 2076 331 2139 ἑκάστοις
359 2078 567 2132 ἔθνεσιν
610 2079 1030 2149 ἀπηκριὸωκὼς,
1056 2082 1321 2149 ἐπιφανὴς
1360 2080 1519 2152 ἀνὴρ,
1554 2082 1646 2132 καὶ

98 2167 239 2232 δόξαν
270 2172 335 2223 οὐ
369 2172 567 2242 μικρὰν
600 2171 844 2234 παιδείας
878 2172 1025 2242 παρὰ
1059 2174 1191 2225 πᾶσι
1217 2177 1327 2235 τοῖς
1353 2172 1646 2241 φιλολόγοις

98 2257 456 2328 κτησάμενος·
484 2262 576 2313 καὶ
601 2261 664 2331 δὴ
697 2262 788 2313 καὶ
821 2264 995 2313 πᾶσαν
1023 2262 1120 2331 τὴν
1153 2262 1383 2315 παλαιὰν
1408 2279 1643 2330 συναγα-

100 2344 199 2411 γὼν
225 2349 483 2418 ἱστορίαν,
515 2352 751 2419 συνάψας
794 2368 853 2402 τε
884 2353 950 2404 τὰ
993 2352 1180 2421 πρῶτα
1203 2356 1314 2413 τοῖς
1348 2352 1473 2420 έξῆς
1504 2352 1644 2422 πρά-

100 2453 279 2505 γμασι,
337 2442 434 2511 τὴν
466 2443 741 2514 καταρχὴν
768 2444 867 2513 τῆς
896 2444 1021 2515 ὅλης
1057 2444 1347 2513 ἐποιήσατο
1381 2460 1643 2513 πραγμα·

102 2528 233 2591 τείας
288 2531 395 2584 ἀπὸ
444 2532 548 2601 τῆς
590 2535 710 2585 κατ’
740 2534 1061 2603 Αἰγυπτίους
1100 2534 1371 2602 θεολογίας
1396 2550 1408 2563 ·
1451 2534 1543 2603 ἀφ’
1576 2528 1644 2605 ἧς

102 2617 327 2687 ἡγοῦμαι
362 2624 601 2689 κρεῖττον
622 2618 757 2675 εἶναι
810 2622 1130 2693 ποιήσασθαι
1170 2624 1268 2695 τὴν
1287 2622 1394 2675 τῶν
1426 2639 1646 2692 προκει-

110 2708 267 2775 μένων
300 2711 619 2782 παράθεσιν,
662 2714 737 2777 ὼς
773 2716 840 2767 ἂν
882 2714 1077 2785 μᾶλλον
1108 2714 1272 2785 οὔσης
1299 2714 1647 2784 γνωριμωτέ-

105 2812 191 2859 ρας
211 2804 318 2864 τοῖς
344 2803 560 2873 Ἕλλησι
594 2805 693 2875 τῆς
733 2805 917 2859 τούτου
960 2806 1195 2876 γραφῆς.
1232 2808 1454 2874 Ἱστορεῖ
1479 2805 1523 2857 δ’
1552 2800 1645 2859 οὖν

105 2888 258 2940 ταῦτα
279 2894 412 2961 πρὸς
438 2893 600 2960 λέξιν.

1757 650 1889 702 nihil
1923 650 2136 719 penitus
2161 650 2244 702 vel
2276 650 2343 702 ad
2376 665 2585 704 morum
2621 651 3071 719 informationem,
3099 655 3179 706 vcl
3214 654 3294 707 al-

1751 738 2015 808 legoricos
2040 738 2341 793 fabularum
2367 756 2558 795 sensus
2584 743 2798 808 referre,
2826 743 2918 797 sed
2961 744 3013 795 in
3048 743 3189 796 nuda
3230 759 3295 797 ac

1748 829 1979 895 simplici
2004 831 2327 885 narrationis
2350 833 2520 899 ipsius
2546 833 2773 889 historia
2797 843 3103 888 constanter
3134 837 3295 885 luet-ec

1747 934 1805 972 re
1844 920 2101 974 voluisse.
2145 921 2257 975 lloc
2309 924 2579 992 ipsissima
2628 942 2837 987 eorum,
2869 939 3006 993 quos
3053 923 3292 990 Laudavi-

1747 1023 1890 1072 mus,
1913 1010 2151 1062 omnium
2180 1011 2342 1065 verba
2365 1013 2658 1075 declarant,
2686 1014 2819 1066 nihil
2851 1022 2907 1065 ut
2931 1012 3294 1081 jamnecesse

1747 1097 1835 1158 sit,
1859 1106 2076 1150 coactas
2104 1112 2282 1150 rerum
2334 1100 2557 1152 istarum
2612 1101 2863 1170 physicas
2912 1100 3293 1168 evpl.cattones

1745 1189 2018 1258 indagare,
2044 1204 2167 1242 cum
2208 1191 2544 1255 certissimis,
2588 1207 2707 1259 qua:
2752 1200 2943 1260 sponte
2992 1206 3054 1244 ac
3099 1206 3191 1259 per
3235 1206 3295 1244 se

1746 1278 1891 1345 ipsas
1930 1280 2031 1331 illae
2062 1281 2421 1353 suppeditant,
2464 1282 2797 1352 argumentis
2835 1282 3152 1348 indiciisque
3215 1290 3295 1333 te-

1745 1378 1993 1422 neantur.
2047 1368 2170 1423 Haec
2209 1372 2370 1439 igitur
2402 1373 2466 1426 de
2491 1372 2803 1426 Phoenicum
2845 1372 3110 1440 theologia
3150 1372 3291 1425 dicta

1742 1467 1922 1512 sunto.
1950 1458 2068 1512 Jaln
2097 1478 2222 1515 vero
2257 1469 2470 1530 tempus
2500 1471 2604 1527 est,
2624 1473 2682 1517 ut
2707 1464 2771 1516 ad
2808 1461 3178 1530 Egyptiorum
3204 1476 3294 1515 sa-

1741 1564 1829 1602 cra
1860 1548 2269 1618 doctrinamque
2320 1560 2680 1615 transeamus,
2720 1561 2778 1608 ut
2800 1560 3144 1619 'perSpectum
3176 1567 3293 1604 om-

1742 1653 1837 1692 nes
1868 1629 2296 1708 et'exploratum
2331 1642 2584 1705 habeant,
2629 1657 2754 1692 num
2799 1643 3003 1709 absque
3052 1644 3293 1711 diligenti

1741 1744 1803 1783 ac
1852 1737 2063 1781 matura
2116 1730 2500 1782 deliberatione
2536 1730 2602 1781 ab
2647 1730 2713 1782 iis
2771 1744 2986 1797 quoque
3015 1731 3294 1785 disceden.

1738 1822 1866 1874 dum
1893 1820 2050 1891 nobis
2077 1835 2196 1873 esse
2226 1821 2592 1884 statuerimus,
2644 1833 2997 1890 nosnumque
3028 1823 3130 1875 hoc
3160 1838 3293 1875 con-

1674 1888 1714 1940 Β
1746 1906 1924 1959 silium
1953 1889 2081 1959 lnon
2123 1907 2341 1961 aliunde
2379 1924 2538 1977 quam
2579 1924 2645 1962 ex
2707 1888 2932 1977 ipsumet
2979 1904 3293 1973 Evangelica

1751 1997 2194 2050 demonstratione
2238 1997 2418 2065 petitis
2452 1997 2775 2060 rationibus,
2803 1996 3036 2064 primum
3076 1988 3291 2062 quidem

1751 2083 2039 2154 Egyptiis,
2070 2095 2182 2138 tum
2209 2087 2431 2155 reliquis
2460 2087 2715 2155 deinceps
2740 2087 3016 2150 omnibus,
3048 2086 3141 2153 qui
3167 2099 3292 2139 cum

1749 2176 1817 2229 iis
1842 2175 2184 2243 opinionibus
2224 2184 2380 2229 erant
2417 2176 2802 2244 sententiisque
2843 2164 3138 2243 eonjuncti,
3170 2187 3297 2243 pro-

1749 2262 1928 2315 batum
1970 2246 2144 2315 faus’te
2189 2278 2251 2317 ac
2300 2262 2530 2316 feliciter
2580 2263 2841 2317 evenerit.
2878 2263 2959 2332 Ἀρ
3010 2261 3298 2315 Manethus

1747 2353 1964 2420 quidem
1986 2351 2268 2421 Egyptius
2293 2353 2574 2406 historiam
2602 2354 2814 2405 illorum
2835 2353 3139 2406 universam
3159 2350 3302 2405 Gra-

1749 2444 1827 2497 cis
1855 2442 2049 2497 litteris
2081 2442 2200 2497 fuse
2228 2444 2517 2497 admodum
2544 2443 2853 2511 explicavit,
2882 2442 3177 2510 praisertim
3202 2455 3294 2494 ve—

1746 2548 1810 2586 ro
1836 2549 1958 2603 qua:
1992 2534 2056 2587 ad
2094 2535 2333 2602 ipsorum
2364 2534 2683 2602 theologiam
2711 2532 3070 2601 pertinebant,
3089 2546 3209 2584 cum
3240 2532 3294 2583 in

1746 2624 1914 2680 Sacro
1942 2627 2215 2691 volumine,
2240 2632 2351 2675 tum
2380 2625 2499 2678 aliis
2519 2624 2841 2693 quihusdam
2876 2624 3129 2691 operibus
3156 2636 3302 2675 com-

1748 2715 2057 2786 prehendit.
2089 2714 2190 2769 Sed
2216 2717 2469 2784 quoniam
2513 2715 2795 2779 Diodorus,
2846 2714 2893 2769 is
2934 2728 3090 2783 quem
3137 2722 3294 2765 antea

1749 2807 2313 2869 commemoravimus,
2339 2806 2428 2875 qui
2457 2806 2696 2859 diversas
2716 2822 2780 2859 ex
2808 2804 3052 2874 pluribus
3087 2802 3301 2871 collegit

1750 2895 2029 2959 historias,
2066 2898 2508 2965 singularumque
2560 2899 2723 2961 ritus,
2768 2912 2931 2965 quam
2998 2893 3300 2949 accuratis-

108 2976 227 3031 time
256 2980 371 3035 ﬁeri
408 2985 599 3051 p'otuit,
654 2986 966 3056 complexus
1022 2994 1125 3049 est,
1162 2984 1247 3037 vir
1308 2999 1439 3038 sane
1476 2984 1835 3047 clarissimus,
1910 2990 2327 3058 opinionemque
2388 2991 2647 3045 doctrina:
2705 3005 2810 3043 non
2863 2991 3111 3059 exiguam
3160 2986 3300 3053 apud

106 3075 577 3142 omnespolitioris
613 3079 922 3133 litteratura:
962 3078 1231 3132 studiosos
1276 3086 1632 3141 consecutus,
1670 3078 1749 3131 sic
1778 3088 1946 3133 totam
1994 3082 2048 3133 in
2086 3097 2251 3136 unum
2304 3084 2466 3137 veluti
2504 3098 2701 3151 corpus
2743 3092 2980 3136 veterum
3015 3079 3297 3133 historiam

109 3163 291 3234 coegit,
339 3171 619 3237 sequentia
661 3186 783 3223 cum
825 3171 1096 3239 prioribus
1126 3179 1247 3238 apte
1304 3179 1656 3237 connectens,
1698 3178 1757 3222 ut
1805 3173 1872 3223 ab
1942 3172 2029 3225 illa
2084 3171 2462 3241 zEgyptiorum
2528 3172 2794 3241 theologia
2833 3171 3011 3239 operis
3065 3166 3298 3222 universi

107 3255 409 3324 principium
448 3260 711 3312 duxerit:
764 3276 939 3329 opera:
984 3261 1213 3329 pretium
1266 3276 1352 3315 me
1396 3260 1660 3315 facturum
1724 3264 1972 3328 arbitror,
2020 3266 2063 3317 si
2118 3278 2184 3316 ex
2230 3265 2435 3330 eadem,
2485 3280 2605 3333 qua:
2656 3280 2686 3317 a
2751 3262 3079 3333 propositam
3136 3261 3297 3316 nobis

111 3345 506 3414 disputationem
536 3346 760 3414 faciunt,
788 3350 1101 3420 deprompta
1130 3351 1184 3403 in
1243 3352 1480 3404 omnium
1530 3353 1702 3407 oculis
1761 3371 1825 3409 ac
1856 3356 1975 3409 luce
2001 3357 2347 3421 constituam,
2391 3356 2535 3424 quod
2559 3353 2731 3410 ϐιαιοί
2794 3353 3039 3409 homines
3102 3352 3299 3421 saepius

114 3439 163 3494 in
187 3442 343 3511 hujus
364 3443 601 3498 auctoris
625 3442 857 3497 lectione
891 3453 1191 3497 versentur.
1225 3442 1349 3497 HIEC
1372 3444 1532 3514 igitur
1565 3447 1630 3500 ad
1670 3448 1890 3502 verbum
1918 3448 2006 3503 ille
2027 3456 2435 3504 commemorat.

607 3622 996 3676 ΚΕΦΛΔΑΙΟΝ
1054 3625 1132 3677 A'.

128 3778 375 3852 Ἐπιτομὴ
420 3781 527 3851 τῆς
571 3784 903 3851 Αἰγυπτίων
932 3783 1258 3851 θεολογίας,
1304 3783 1401 3837 καὶ
1448 3785 1529 3851 ὡς
1558 3788 1643 3851 εὶς

493 3853 793 3921 Ἕλληνας
817 3854 1234 3921 μετεκομίσθη.

183 4027 199 4059 ι
227 4010 354 4063 Φασὶ
380 4009 489 4080 (48)
516 4010 695 4064 τοίνυν
738 4009 1019 4079 Αἰγύπτιοι
1056 4011 1199 4064 κατὰ
1236 4010 1332 4081 τὴν
1376 4010 1435 4076 ἐξ
1475 4013 1648 4083 ἀρχῆς

130 4102 213 4155 τῶν
240 4103 365 4158 ὅλων
389 4105 619 4172 γένεσιν,
648 4101 894 4173 πρώτους
916 4104 1040 4164 τοὺς
1064 4101 1378 4172 ἀνθρώπους
1399 4102 1645 4169 γενέσθαι

124 4189 242 4242 κατὰ
268 4193 361 4263 τὴν
388 4194 676 4261 Αἴγυπτον,
706 4191 792 4245 διά
810 4208 867 4243 τε
887 4192 985 4261 τὴν
1006 4191 1297 4260 εὐκρασίαν
1323 4192 1419 4259 τῆς
1440 4189 1643 4259 χώρας,

125 4279 203 4334 καὶ
228 4279 307 4335 διὰ
343 4284 440 4353 τὴν
474 4282 636 4353 φύσιν
675 4280 767 4333 τοῦ
804 4280 1015 4332 Νείλου.
1049 4279 1245 4334 Τοῦτον
1278 4282 1383 4351 γὰρ
1418 4281 1645 4349 πολύγο-

125 4385 197 4422 νον
224 4372 362 4437 ὄντα,
405 4374 498 4427 καί⁵
541 4373 641 4438 τὰς
681 4372 883 4444 τροφὰς
930 4373 1211 4442 αὐτοφυεῖς
1261 4373 1647 4443 παρεχόμενον,

130 4460 296 4529 metu;
336 4463 619 4533 ἐκτρέφειν
657 4461 727 4514 τὰ
759 4462 1174 4533 ζωογονηθέντα.
1214 4461 1351 4525 Τοὺς
1383 4462 1438 4515 δὲ
1474 4461 1646 4526 θεοὺς,

126 4552 407 4626 ἀνθρώπους
437 4555 532 4627 μὲν
562 4554 797 4627 ὑπάρξαι
832 4557 1074 4629 θνητοὺς,
1110 4556 1195 4610 διὰ
1225 4556 1279 4608 δὲ
1316 4554 1525 4608 σύνεσιν
1560 4554 1650 4607 καὶ

130 4644 278 4718 κοινὴν
314 4647 612 4718 ἀνθρώπων
647 4647 978 4720 εὐεργεσίαν,
1014 4653 1192 4719 τυχεῖν
1230 4647 1327 4718 τῆς
1358 4647 1669 4712 ἀθανασίαςο

129 4727 188 4786 ὧν
209 4738 367 4803 ένίους
390 4740 484 4795 καὶ
516 4738 749 4813 βασιλεῖς
775 4742 1039 4813 γενέσθαι.
1072 4740 1650 4811 Μεθερμηνευομένους

130 4821 172 4874 δὲ
194 4828 388 4895 αὐτοὺς,
424 4810 575 4895 τινας
611 4831 706 4902 μὲν
737 4810 1052 4903 ὁμωνύμους
1078 4810 1338 4902 ὑπάρχειν
1360 4834 1468 4893 τοῖς
1492 4830 1650 4901 οὐρα-

130 4915 252 4980 νίοις,
280 4922 427 4985 τινὰς
460 4923 517 4979 δὲ
560 4924 693 4976 ἰδίαν
726 4924 1012 4993 ἐσχηκέναι
1051 4923 1438 4992 προσηγορίαν,
1466 4921 1650 4973 ’Ἥλιόν

130 5021 192 5069 τε,
210 5012 290 5063 καὶ
315 5013 539 5083 Κρόνον,
566 5017 655 5068 καὶ
696 5016 868 5079 Ῥέαν,
898 5016 975 5068 ἐτι
1002 5016 1057 5067 δὲ
1080 5015 1169 5067 καὶ
1198 5014 1293 5066 Δία
1319 5014 1407 5066 τὸν
1439 5013 1541 5065 ὑπό
1566 5029 1645 5063 τι-

131 5113 211 5150 νων
253 5105 514 5176 Ἄμμωνα
557 5107 1104 5177 προσαγορευόμενον,
1152 5105 1286 5175 πρὸς
1320 5105 1376 5157 δὲ
1420 5104 1642 5164 τούτοις,

133 5189 275 5262 Ἥραν
315 5196 406 5247 καὶ
458 5195 776 5263 Ἥφαιστον,
832 5198 911 5250 ἔτι
952 5193 1012 5249 δὲ
1054 5197 1283 5259 Ἑστίαν,
1333 5195 1422 5247 καὶ
1463 5192 1643 5245 τελευ-

133 5284 509 5357 ταῖον-Ἑρμῆν.
565 5287 671 5339 Καὶ
712 5289 922 5358 πρῶτον
970 5287 1066 5355 μὲν
1104 5285 1287 5338 Ἥλιον
1334 5284 1642 5355 βασιλεῦσαι

132 5372 212 5425 τῶν
234 5379 344 5431 κατ’
380 5376 670 5443 Αἴγυπτον,
702 5378 983 5448 ὁμώνυμον
1014 5378 1140 5431 ὄντα
1172 5378 1246 5447 τῷ
1272 5378 1390 5429 κατ’
1422 5376 1644 5446 οὐρανὸν

133 5461 293 5542 ἄστρῳ.
331 5472 498 5525 Ἔνιοι
520 5469 576 5522 δὲ
605 5469 712 5522 τῶν
736 5470 921 5541 ἱερέων
955 5470 1084 5537 φασὶ
1116 5468 1323 5539 πρῶτον
1349 5468 1644 5535 Ἥφαιστον

135 5551 424 5627 βασιλεῦσαι,
452 5560 621 5632 πυρὸς
641 5558 865 5629 εὑρετὴν
889 5559 1189 5628 γενόμενον.
1224 5555 1378 5611 Μετὰ
1399 5556 1457 5609 δὲ
1476 5555 1644 5609 ταῦτα

2295 3629 2401 3701 45
2435 3627 2665 3683 CAPUT
2713 3627 2753 3683 l.

1752 3782 2042 3853 Tlteologite
2078 3783 2450 3853 Egyptiorum
2486 3784 2701 3853 epitome
2727 3821 2741 3844 ,
2782 3790 2830 3853 et
2871 3777 3303 3853 quemadmodum

2264 3851 2469 3906 ercos
2502 3852 2618 3903 inde
2650 3851 2936 3901 transierit.

1819 4028 1837 4061 ι
1878 4010 2086 4075 Aiunt,
2146 4010 2361 4078 inquit,
2415 4008 2653 4080 Egyptii
2708 4009 2809 4063 sub
2859 4009 3092 4078 primum
3141 4009 3302 4079 hujus

1748 4101 2115 4154 universitatis
2156 4110 2337 4154 ortum
2371 4142 2386 4166 ,
2425 4102 2629 4169 primos
2658 4100 2818 4154 etiam
2844 4101 3090 4155 homines
3123 4102 3177 4154 in
3209 4099 3307 4156 ΔΞ-

1748 4200 1910 4261 gypto
1979 4203 2292 4263 procreatos
2348 4191 2557 4258 fuisse,
2618 4193 2810 4261 partim
2859 4192 2929 4245 ob
2977 4188 3304 4259 singularem

1748 4283 2222 4351 quamdamtotius
2252 4283 2490 4353 regionis
2519 4283 2980 4351 temperationem,
3010 4282 3207 4349 partim
3236 4283 3307 4336 ob

1751 4378 1925 4447 ipsius
1957 4376 2062 4430 Nili
2094 4386 2342 4430 naturam
2370 4396 2383 4429 :
2418 4376 2569 4429 illum
2620 4376 2761 4429 enim
2790 4417 2805 4439 ,
2856 4375 2998 4442 quod
3048 4374 3307 4430 fecundus

1757 4468 2044 4521 admodum
2079 4468 2148 4521 sit
2195 4481 2257 4519 ac
2312 4466 2465 4519 cibos
2501 4464 2640 4518 ultro
2686 4474 2983 4535 sponteque
3026 4474 3307 4519 nascentes

1756 4560 2024 4629 praebeat,
2054 4556 2209 4611 facile
2238 4556 2447 4627 genitas
2488 4557 2791 4611 animantes
2835 4558 2997 4612 alere.
3029 4556 3145 4611 Jam
3179 4569 3306 4609 vero

1752 4652 1884 4705 deos
1917 4651 2082 4718 ipsos,
2110 4662 2231 4701 cum
2266 4648 2511 4703 homines
2532 4664 2746 4718 quoque
2774 4648 3027 4701 mortales
3056 4646 3301 4708 fuissent,

1752 4748 1929 4792 tamen
1960 4745 2179 4805 propter
2232 4738 2589 4805 sapientiam,
2623 4746 2677 4791 et
2724 4735 3026 4790 communia
3059 4734 3303 4802 quaedam

1752 4832 1805 4883 in
1834 4828 2110 4882 hominum
2144 4843 2311 4894 genus
2354 4830 2578 4893 merita,
2624 4827 3077 4880 immortalitatem
3109 4841 3301 4881 conse-

1751 4928 1903 4972 cutos
1933 4934 2053 4972 esse
2080 4960 2094 4983 ,
2126 4934 2357 4986 quorum
2396 4920 2555 4973 etiam
2588 4918 2750 4985 aliqui
2779 4917 2830 4969 in
2861 4915 3091 4987 [Egypto
3116 4932 3307 4985 regna-

1750 5009 1942 5061 verint.
1975 5007 2173 5062 Eorum
2202 5012 2355 5075 alios,
2382 5010 2425 5063 si
2460 5010 2797 5075 interpretari
2827 5010 3028 5073 lubeat,
3061 5008 3297 5077 ejusdem

1752 5115 1875 5154 cum
1900 5102 2169 5155 ccelitihus
2193 5102 2425 5155 nominis
2454 5101 2641 5163 fuisse,
2666 5101 2801 5157 alios
2825 5104 3092 5171 propriam
3115 5116 3304 5169 quam-

1751 5192 1874 5245 dam
1907 5196 2313 5262 appellationem
2348 5193 2448 5245 sibi
2481 5193 2779 5247 vindicasse
2808 5214 2818 5247 :
2858 5203 3017 5263 atque
3049 5194 3183 5245 inter
3210 5206 3303 5245 eos

1753 5284 1954 5349 Solem,
1975 5286 2288 5347 Saturnum,
2309 5288 2494 5352 Opem,
2516 5284 2799 5355 ipsumque.
2822 5297 3071 5355 praeterea
3094 5282 3300 5349 Jovem,

1750 5376 1843 5444 qui
1884 5377 2113 5429 Ammon
2164 5391 2191 5428 a
2240 5372 2563 5441 quibusdam
2618 5383 2999 5442 nuncupatur:
3035 5367 3299 5424 lunonem

1752 5467 1876 5520 item
1936 5476 2095 5536 atque
2150 5464 2491 5530 Vulcanum,
2552 5463 2813 5528 Vestam,
2865 5472 3302 5531 postremumque

1753 5557 2097 5611 Mercurium.
2132 5558 2205 5607 Ac
2249 5553 2427 5608 Solem
2475 5556 2691 5624 quidem
2717 5594 2731 5619 ,
2764 5549 2979 5608 caeleste
3010 5552 3158 5608 sidus
3205 5568 3303 5605 no-

186 5778 271 5849 (ιὸ)
312 5783 481 5838 (Paci.
523 5780 745 5855 Diodori
795 5782 945 5837 locus
981 5788 1085 5849 est,
1113 5780 1203 5836 sed
1255 5779 1409 5846 plane
1457 5777 1729 5846 συντόμως
1762 5792 1825 5832 ex
1855 5775 1947 5831 lib.
1978 5789 1993 5829 ι
2020 5772 2345 5842 descriptus,
2380 5789 2434 5845 p.
2468 5772 2520 5839 9,
2560 5772 2594 5826 l.
2624 5769 2826 5837 6,,ante
2854 5769 2943 5824 tiu.
