3980 6338
709 375 781 431 95
1377 371 1645 428 EUSEBII
1688 368 2163 426 CAZSARIENSIS
2196 371 2342 443 OPP.
2389 373 2567 429 PARS
2601 372 2663 429 ll.
2700 404 2768 413 -
2796 373 3285 433 APOLOGETICA.
3850 379 3907 433 96

713 492 857 541 mine
906 485 1225 540 referentem
1255 528 1269 551 ,
1322 486 1538 557 [Egypti
1574 502 1797 556 regnum
1849 489 2140 557 principem
2193 500 2266 543 te-

2375 489 2577 560 Κρόνον
2610 490 2789 561 ἄρξαι,
2822 492 2914 544 καὶ
2934 492 3182 561 γήμαντα
3214 491 3310 561 τὴν
3335 490 3565 559 ἀδελφὴν
3599 492 3774 553 Ῥέαν,
3803 512 3909 560 γεν-

711 580 895 632 nuisse
916 618 930 642 ,
961 579 1269 646 quanquam
1300 594 1328 631 e
1359 581 1730 633 sacerdotibus
1776 579 2017 632 nonnulli
2052 580 2270 645 volunt,

717 669 1015 723 Vulcanum
1061 670 1211 722 illum
1265 670 1404 740 ignis
1437 671 1771 724 inventorem
1824 671 2057 739 primum
2095 686 2271 741 regem

711 761 1105 814 numerandum
1141 775 1261 814 esse
1284 801 1299 825 ,
1353 760 1439 814 cui
1475 758 1742 815 Saturnus
1786 762 1840 814 in
1872 762 2099 830 imperio
2144 777 2272 816 suc-

711 853 965 912 cesserit,
997 864 1171 921 exque
1201 849 1314 920 Ope
1362 867 1578 916 sorore,
1614 868 1775 922 quam
1814 855 1867 906 in
1901 870 2125 908 uxorem
2162 856 2272 924 ipse

708 942 955 1006 duxerat,
984 942 1067 994 vel
1096 940 1276 995 Osirin
1309 951 1363 995 et
1392 940 1498 996 Isin
1517 983 1531 1007 ,
1561 952 1618 997 ut
1648 944 1895 998 scribunt
1925 946 2124 1015 aliqui,
2152 941 2269 1008 vel,

710 1040 767 1084 ut
797 1032 978 1100 plures
1011 1041 1263 1085 asserunt
1284 1074 1299 1099 ,
1330 1032 1516 1087 Jovem
1544 1033 1922 1106 Junonemque
1952 1039 2267 1106 susceperit,

708 1126 801 1192 qui
855 1124 969 1176 orbi
1021 1125 1362 1191 postmodum
1425 1127 1680 1181 universo
1746 1137 1964 1197 propter
2016 1130 2269 1183 eximiam

709 1216 960 1268 virtutem
1010 1214 1365 1285 imperarint:
1399 1218 1528 1272 deos
1568 1229 1746 1273 autem
1782 1221 2031 1290 quinque
2067 1236 2270 1290 genue—

714 1302 840 1366 rint,
888 1299 1089 1365 Osirin,
1142 1302 1268 1371 Isin,
1304 1307 1641 1375 Typhonem,
1674 1308 1973 1378 Apollinem
2004 1326 2067 1365 ac
2101 1308 2270 1365 Vene-

708 1409 840 1446 rem.
880 1393 944 1447 Et
992 1395 1173 1448 Osirin
1205 1396 1421 1465 quidem
1469 1398 1739 1454 Bacchum
1791 1416 1947 1466 esse,
1982 1402 2091 1456 Isin
2142 1418 2269 1457 vero

706 1483 956 1537 Cererem
988 1501 1002 1551 ;
1036 1501 1198 1554 quam
1234 1503 1356 1541 cum
1393 1488 1481 1544 ille
1531 1506 1713 1545 secum
1750 1494 2092 1548 matrimonio
2141 1510 2269 1550 con-

706 1575 1001 1643 junxisset,
1033 1593 1367 1649 regnumque
1398 1583 1760 1650 capessisset,
1790 1600 1913 1640 cum
1944 1585 2172 1654 plurima
2202 1587 2269 1640 ab

706 1668 894 1723 eodem
914 1669 1169 1723 beneﬁcia
1196 1671 1249 1723 in
1276 1674 1660 1741 rempublicam
1687 1686 1870 1731 essent
1902 1679 2119 1745 collata,
2154 1689 2267 1733 tum

708 1761 894 1811 urbem
929 1759 979 1812 in
1016 1759 1287 1816 Thebaide
1313 1774 1529 1818 centum
1567 1767 1885 1822 instructam
1919 1772 2111 1837 portis,
2138 1771 2268 1824 aedi-

2376 583 2535 652 νῆσαι
2580 584 2720 635 κατὰ
2775 583 2874 651 μέν
2920 601 3091 646 τινας,
3137 584 3226 635 τὸν
3262 584 3471 650 Ὀσιριν
3511 583 3603 635 καὶ
3631 584 3730 655 τὴν
3761 581 3903 638 Ἶσιν·

2374 674 2511 727 κατὰ
2544 674 2599 726 δὲ
2628 675 2749 736 τοὺς
2769 674 3003 738 πλείους,
3026 675 3123 728 Δία
3147 693 3204 727 τε
3236 676 3327 727 καὶ
3357 677 3549 742 Ἥραν,
3579 676 3670 738 οὓς
3706 676 3773 728 δι’
3797 679 3908 747 ἀρε-

2372 762 2467 834 τὴν
2492 763 2799 833 βασιλεῦσαι
2820 764 2911 817 τοῦ
2936 765 3240 833 σύμπαντος
3263 764 3481 833 κόσμου.
3524 767 3614 817 Ἐκ
3641 765 3697 819 δὲ
3723 764 3909 818 τούτων

2371 855 2618 922 γενέσθαι
2662 855 2820 907 πέντε
2866 854 3039 919 θεοὺς,
3094 858 3322 926 Ὄσιριν,
3366 856 3459 908 καὶ
3502 852 3657 921 Ἶσιν,
3697 858 3790 910 καὶ
3816 858 3905 909 Τυ-

2372 947 2543 1015 φῶνα,
2596 946 2899 1015 Ἀπόλλωνά
2939 944 3032 1013 τε,
3076 949 3168 1000 καὶ
3210 948 3539 1019 Ἀφροδίτην.
3569 950 3676 1001 Kal.
3704 948 3795 1000 τὸν
3825 950 3909 1017 μὲν

2375 1039 2583 1108 Ὄσιριν
2612 1033 2749 1090 εἶναι
2780 1038 2869 1088 τὸν
2904 1038 3169 1091 Διόνυσον·
3201 1038 3297 1109 τὴν
3327 1039 3384 1091 δὲ
3413 1039 3569 1100 Ἶσιν,
3605 1039 3703 1107 τὴν
3735 1040 3910 1107 Δήμης

2368 1144 2522 1197 τραν.
2549 1126 2760 1197 Ταύτην
2791 1128 2847 1179 δὲ
2875 1128 3121 1198 γήμαντα
3145 1129 3231 1181 τὸν
3264 1130 3493 1200 Ὀσιριν,
3521 1130 3612 1182 καὶ
3642 1129 3739 1199 τὴν
3770 1129 3911 1198 βασιι-

2370 1215 2514 1273 λείαν
2547 1215 2939 1301 διαδεξάμεηον,
2989 1216 3155 1270 πολλά
3191 1218 3393 1291 πρᾶξαι
3434 1219 3565 1290 πρὸς
3605 1218 3910 1290 εὐεργεσίαν

2368 1306 2460 1375 τοῦ
2490 1308 2688 1368 κοινοῦ.
2716 1309 2893 1361 κτίσαι
2915 1326 2974 1360 τε
3002 1309 3149 1361 πόλιν
3180 1312 3236 1362 ὲν
3265 1313 3329 1379 τῇ
3363 1310 3582 1379 Θηϐαΐδι
3611 1310 3911 1379 ἑκατόμπυ-

2368 1398 2477 1461 λον,
2512 1399 2577 1468 ἦν
2600 1416 2752 1463 τινας
2778 1401 2872 1469 μὲν
2897 1400 3015 1463 Διὸς
3043 1400 3213 1467 πόλιν,
3250 1402 3421 1463 ένίους
3452 1401 3506 1453 δὲ
3534 1400 3716 1471 θήόας
3751 1418 3911 1472 προσ-

2367 1491 2556 1541 ειπεῖν.
2596 1489 2927 1560 Ἱδρύσασθαι
2954 1489 3009 1542 δὲ
3043 1491 3136 1543 καὶ
3173 1491 3314 1560 ἱερὸν
3349 1491 3452 1543 τῶν
3474 1492 3691 1559 γονέων,
3723 1493 3841 1554 Διός
3861 1510 3911 1545 τε

2366 1580 2457 1631 καὶ
2493 1580 2683 1651 Ἥρας’
2717 1582 2810 1633 καὶ
2840 1580 2945 1633 τῶν
2968 1580 3138 1633 ἄλλων
3163 1581 3219 1634 δὲ
3244 1581 3378 1634 θεῶν
3407 1582 3564 1644 ναούς
3584 1600 3641 1634 τε
3663 1583 3906 1653 χρυσοῦς.

2365 1658 2437 1719 ὧν
2471 1667 2683 1737 ἑκάστῳ
2717 1669 2878 1739 τιμὰς
2918 1669 3236 1739 ἀπονεῖμαι,
3285 1671 3374 1723 καὶ
3419 1672 3754 1739 καταστῆσαι
3798 1675 3913 1734 τοὺς

2367 1758 2785 1829 ἐπιμελομένους
2802 1760 2981 1829 ἱερεῖς.
3010 1760 3246 1832 Εὑρετὴν
3260 1761 3315 1813 δὲ
3335 1760 3581 1829 γενέσθαι
3596 1762 3685 1815 τὸν
3709 1759 3911 1833 Ὄσιριν

707 1851 920 1903 ticatani
948 1893 959 1914 ,
991 1868 1109 1921 quae
1141 1853 1207 1906 ab
1236 1855 1355 1909 aliis
1384 1858 1574 1911 civitas
1606 1857 1784 1927 Jovis,
1816 1860 1884 1913 ab
1922 1861 2044 1914 aliis
2077 1860 2266 1916 Thebaa

2368 1848 2467 1917 τῆς
2500 1848 2762 1918 ἀμπέλου,
2805 1849 3015 1918 πρῶτόν
3075 1867 3134 1901 τε
3182 1851 3319 1921 ψιλῷ
3365 1852 3686 1923 χρήσασθαι,
3722 1854 3814 1907 καὶ
3838 1854 3909 1906 δι-

708 1938 1037 1997 nominetur.
1096 1942 1213 1998 ,Ιονί
1270 1958 1526 2014 prazterea
1589 1948 1900 2019 Junonique
1955 1953 2268 2019 parentibus

707 2046 917 2085 sacram
970 2032 1139 2087 aedem
1169 2075 1183 2099 ,
1214 2034 1449 2105 itemque
1476 2038 1580 2092 diis
1619 2041 1827 2095 caeteris
1876 2058 2038 2095 aurea
2074 2045 2269 2112 templa

705 2126 936 2177 excitata
960 2164 974 2187 ,
1007 2125 1206 2193 quibus
1249 2127 1477 2198 singulis
1511 2146 1633 2185 cum
1664 2141 1841 2188 certos
1870 2134 2134 2204 quosdam
2168 2136 2267 2190 ho-

708 2229 889 2279 nores,
922 2226 1035 2269 tum
1081 2218 1241 2270 etiam
1272 2219 1324 2272 in
1357 2235 1492 2289 quos
1522 2237 1711 2277 eorum
1754 2240 1881 2279 cura
1916 2226 2265 2289 incumberet,

707 2308 1012 2362 sacerdotes
1040 2310 1364 2365 altribuerit.
1403 2311 1572 2367 Porro
1600 2316 1850 2370 eumdem
1881 2315 2063 2371 Osirin
2106 2320 2264 2372 vitem

707 2397 981 2452 invenisse
1010 2402 1249 2464 tradunt,
1287 2404 1630 2474 primumque
1662 2406 1789 2461 vino
1821 2422 1979 2461 usum
2010 2423 2161 2471 esse,
2205 2424 2269 2463 ac

708 2486 944 2555 reliquos
976 2504 1162 2545 omnes
1191 2493 1416 2561 populos
1446 2495 1827 2565 agriculturam
1856 2498 2123 2554 docuisse.
2157 2500 2269 2571 46

705 2576 858 2645 Apud
911 2595 1034 2632 eum
1089 2593 1534 2641 autem’summo
1589 2590 1640 2641 in
1694 2589 1898 2644 honore
1944 2590 2265 2644 Mercurium

707 2668 894 2735 fuisse,
920 2673 1061 2740 quod
1092 2673 1144 2726 in
1168 2677 1538 2744 excogitandis
1562 2680 1627 2732 iis
1647 2695 1767 2750 quae
1796 2682 1957 2745 vitam
1985 2682 2263 2735 hominum

701 2760 895 2827 juvare
929 2772 1180 2830 possent,
1219 2765 1421 2835 ingenii
1465 2770 1739 2823 solertiam
1773 2772 2081 2826 ostenderet
2111 2757 2268 2841 plane

705 2852 1034 2920 singularem
1062 2873 1075 2907 :
1116 2856 1313 2925 quippe
1354 2860 1445 2928 qui
1477 2860 1683 2916 litteras
1712 2863 1975 2917 invenerit
1996 2905 2009 2929 ,
2040 2865 2265 2919 deorum

706 2942 972 2998 sacriﬁcia
1020 2946 1121 2998 rite
1171 2947 1485 3012 instituerit,
1525 2952 1651 3021 lyra:
1697 2962 1916 3007 cantum
1965 2956 2263 3023 repererit,

704 3034 1029 3104 (imosque
1061 3038 1307 3093 homines
1338 3040 1434 3110 τὴν
1469 3043 1759 3113 ἑρμηνείαν
1784 3086 1799 3110 ,
1830 3047 1930 3100 hoc
1974 3056 2055 3100 est
2084 3049 2267 3111 elocu-

704 3122 931 3191 tiOnem,
961 3126 1240 3195 docuerit;
1272 3144 1433 3198 quam
1462 3134 1530 3186 ob
1555 3149 1775 3188 causam
1819 3136 2052 3208 Ἑρμῆς,
2086 3139 2139 3194 id
2183 3150 2267 3196 est

705 3211 1005 3271 Mercurius
1036 3258 1049 3281 ,
1088 3219 1157 3273 ab
1204 3220 1392 3275 iisdem
1444 3222 1606 3278 fuerit
1655 3227 1984 3296 appellatus;
2036 3230 2267 3301 denique

707 3304 862 3358 olivae
888 3306 1127 3375 plantam
1156 3311 1437 3368 invenerit.
1466 3314 1585 3369 Jam
1617 3334 1765 3383 vero,
1792 3335 1915 3374 cum
1943 3321 2126 3374 orbem
2159 3332 2267 3377 ter-

706 3414 888 3452 rarum
940 3398 1112 3456 Osiris
1157 3416 1486 3474 peragraret,
1543 3408 1833 3465 Phteniciae
1865 3413 2078 3479 quidem
2113 3413 2267 3468 Busi-

707 3490 809 3542 rim
840 3532 854 3554 ,
909 3489 1202 3561 Ethiopire
1249 3505 1430 3549 autem
1467 3512 1529 3551 ac
1570 3498 1750 3570 Libya:
1792 3501 2036 3555 Antaeum
2088 3504 2154 3557 ab
2200 3520 2265 3558 eo

704 3579 1017 3649 praefectum
1068 3598 1229 3650 esse;
1278 3594 1333 3640 at
1374 3586 1523 3641 illum
1575 3591 1973 3658 expeditionem
2021 3593 2265 3663 Apolline

705 3672 869 3726 fratre
900 3672 1050 3727 socio
1082 3676 1403 3745 suscepisse,
1428 3696 1460 3734 a
1485 3695 1590 3748 quo
1614 3690 1879 3749 repertam
1911 3684 2121 3737 laurum
2146 3700 2266 3740 esse

702 3763 901 3818 ferunt.
949 3763 1129 3819 Osirin
1187 3778 1443 3837 praeterea
1474 3773 1627 3849 .duos
1662 3774 1864 3830 liberos
1906 3777 2264 3845 expeditionis

702 3871 815 3909 suae
867 3858 1093 3911 comites
1126 3857 1380 3915 habuisse
1408 3903 1422 3928 ,
1458 3863 1673 3917 Anubin
1701 3904 1715 3927 ,
1768 3876 1820 3920 et
1871 3865 2215 3922 Macedonem
2246 3886 2260 3935 ;

704 3947 879 4015 iisque
912 3947 1108 4003 Panem
1148 3952 1495 4021 adjunxisse,
1528 3973 1690 4025 quem
1721 3958 1991 4029 praecipua
2031 3962 2261 4029 quadam

702 4030 939 4105 Egyptii
966 4043 1313 4097 veneratione
1348 4059 1764 4117 prosequantur,
1796 4051 1951 4119 cujus
1978 4052 2138 4109 etiam
2166 4069 2262 4106 no-

702 4126 849 4179 mine
898 4126 1076 4182 Panus
1111 4130 1297 4184 urbem
1337 4134 1670 4191 aediﬁcarim.
1712 4138 1845 4192 Dum
1899 4150 2077 4194 autem
2118 4144 2261 4197 circa

702 4216 1026 4285 Taphosirin
1076 4230 1384 4278 versaretur
1413 4262 1425 4285 ,
1478 4225 1740 4279 adductos
1772 4228 1839 4280 ad
1868 4243 1993 4281 eum
2040 4228 2260 4300 Satyros

703 4308 899 4363 fuisse:
935 4312 1189 4382 quodque
1219 4313 1483 4373 suavitate
1510 4325 1703 4371 cantus
1732 4318 1783 4369 in
1815 4318 2004 4386 primis
2028 4320 2261 4376 delecta-

700 4407 880 4465 retur,
929 4401 1261 4455 musicorum
1310 4404 1375 4457 ab
1409 4421 1476 4459 eo
1513 4407 1912 4462 multitudinem
1962 4404 2262 4464 circumdu-

699 4500 841 4545 ctam
869 4530 884 4554 ,
916 4507 1148 4559 quorum
1188 4510 1217 4547 e
1267 4512 1495 4552 numero
1542 4516 1733 4554 novem
1780 4515 1995 4569 quoque
2025 4501 2259 4571 virgines
2291 4531 2333 4584 Ι)

698 4580 927 4635 canendi
991 4582 1332 4651 peritissimae
1391 4602 1491 4641 nec
1534 4590 1712 4645 minus
1782 4591 2011 4645 aliarum
2078 4607 2257 4646 rerum

698 4672 940 4725 doctrina
972 4672 1158 4740 peritae
1215 4673 1447 4739 fuerint,
1491 4694 1623 4747 quas
1653 4679 1824 4735 (ἓνωεί
1862 4682 2044 4739 Musas
2079 4685 2261 4753 appel-
2298 4705 2303 4709 ·

701 4764 853 4829 lent,
904 4765 1104 4835 quibus
1155 4766 1339 4839 Apollo
1386 4778 1658 4835 praaesset.
1709 4770 1877 4834 Porro
1908 4790 2031 4830 cum
2077 4776 2258 4830 nullus

702 4853 932 4921 populus
981 4854 1201 4921 Osirin,
1247 4868 1465 4928 propter
1500 4870 1717 4929 accepta
1767 4864 1835 4916 ab
1870 4880 1933 4919 eo
1978 4866 2241 4923 beneﬁcia

703 4958 807 4996 non
860 4948 1015 5013 quasi
1066 4950 1226 5004 deum
1280 4954 1579 5021 exciperet,
1634 4953 1865 5023 plurima
1918 4958 2002 5014 sui
2053 4961 2255 5027 passim

700 5036 953 5089 eumdem
986 5041 1313 5095 monimenta
1344 5044 1648 5114 reliquisse,
1682 5044 1951 5114 urbesque
1983 5063 2089 5101 non
2118 5065 2255 5119 pau-

700 5144 795 5183 cas
829 5128 883 5181 in
920 5126 1070 5180 lndia
1104 5131 1449 5189 condidisse:
1485 5135 1619 5190 alias
1642 5137 1771 5189 item
1797 5134 1943 5189 circa
1970 5134 2256 5208 Phrygiam

700 5220 905 5276 obiisse
935 5220 1180 5275 nationes
1200 5259 1214 5285 ,
1249 5237 1313 5276 ac
1340 5240 1435 5293 per
1467 5226 1869 5299 Hellespontum
1904 5227 1959 5281 in
1989 5226 2257 5299 Europam

704 5311 1022 5379 traiecisse;
1058 5312 1189 5382 quin
1225 5313 1387 5367 etiam
1434 5332 1499 5371 ex
1537 5320 1660 5375 ﬁliis
1692 5319 2035 5375 Macedonem
2082 5320 2257 5377 Mace-

704 5400 878 5453 doniae
904 5416 1087 5472 regem
1115 5418 1351 5469 creasse,
1383 5403 1715 5475 Triptolemo
1741 5426 1872 5467 vero
1910 5411 2255 5466 colendorum

707 5488 892 5543 Attica:
914 5492 1148 5561 regionis
1174 5509 1426 5564 agrorum
1451 5512 1633 5553 curam
1656 5502 2093 5570 provinciamque
2115 5517 2259 5553 man-

778 5660 801 5685 ι
844 5648 927 5699 la.
955 5649 1093 5720 οἴνῳ.

2367 1938 2518 2002 δάξαι
2552 1940 2675 2001 τοὺς
2715 1940 2904 2002 ἄλλους
2953 1940 3267 2011 ἀνθρώπους
3296 1940 3394 2013 τὴν
3431 1945 3714 2014 γεωργίαν.
3750 1944 3912 2013 Τιμᾶο

2370 2029 2489 2082 σθαι
2522 2030 2578 2082 δὲ
2606 2032 2695 2082 ὑπ’
2728 2032 2888 2083 αὑτοῦ
2918 2032 3145 2101 μάλιστα
3178 2032 3394 2087 πάντων
3425 2036 3513 2088 τὸν
3560 2036 3780 2106 Ἑρμῆν,
3809 2036 3912 2087 δια-

2368 2120 2515 2191 φόρῳ
2548 2121 2703 2190 φύσει
2728 2124 3182 2194 κεχορηγημένον,
3217 2124 3350 2195 πρὸς
3379 2125 3614 2177 ἐπίνοιαν
3642 2126 3748 2177 τῶν
3768 2125 3913 2177 δυνα-

2369 2211 2541 2280 μένων
2564 2212 2836 2282 ὼφελῆσαι
2858 2214 2947 2265 τὸν
2979 2215 3153 2268 κοινὸν
3187 2214 3316 2284 βίον.
3341 2216 3582 2287 Εὑρετήν
3612 2232 3670 2267 τε
3695 2216 3803 2287 γὰρ
3825 2220 3911 2269 αύ-

2364 2300 2454 2353 τὸν
2483 2302 2729 2369 γενέσθαι
2762 2304 2869 2357 τῶν
2900 2307 3256 2377 γραμμάτων,
3290 2308 3383 2368 καὶ
3416 2307 3599 2371 θυσίας
3632 2308 3766 2361 θεῶν
3804 2307 3910 2360 δια-

2364 2392 2645 2458 τάξασθαι,
2669 2394 2835 2465 λύραν
2854 2413 2911 2448 τε
2948 2398 3143 2466 εὑρεῖν,
3178 2397 3269 2450 καὶ
3291 2398 3413 2461 τοὺς
3433 2397 3692 2468 Ἕλληνας
3718 2397 3910 2459 διδάξαι

2364 2480 2460 2554 τὴν
2494 2484 2620 2553 περὶ
2650 2483 2851 2538 τούτων
2884 2486 3172 2555 ἑρμηνείαν
3200 2486 3292 2553 ἀφ’
3317 2479 3486 2557 οὗπερ
3513 2488 3669 2539 αὑτὸν
3717 2487 3911 2556 Ἑρμῆν

2364 2574 2743 2644 ὀνομασθῆναι,
2775 2574 2960 2628 τοῦτον
2989 2577 3045 2629 δὲ
3079 2578 3171 2631 καὶ
3202 2580 3299 2649 τῆς
3330 2578 3512 2641 ἐλαίας
3546 2581 3606 2632 τὸ
3636 2579 3797 2647 φυτὸν
3824 2579 3908 2630 εὑ-

2369 2668 2499 2734 ρεῖν.
2540 2666 2640 2718 Τὸν
2673 2667 2731 2719 δὲ
2778 2669 2987 2740 Ὄσιριν
3019 2671 3307 2725 ἐπελθόντα
3341 2674 3515 2739 πᾶσαν
3546 2672 3641 2741 τὴν
3673 2670 3911 2738 οἰκουμέ-

2365 2775 2484 2827 νην,
2515 2758 2604 2808 ἐπὶ
2641 2758 2737 2828 μὲν
2766 2760 3015 2831 Φοινίκης
3038 2762 3372 2830 καταστῆσαι
3408 2758 3675 2832 Βούσιριν,
3702 2761 3908 2813 κατὰδὲ

2364 2849 2461 2920 τὴν
2494 2832 2772 2905 Αἰθιοπίαν
2806 2854 2896 2905 καὶ
2939 2853 3161 2922 Λιϐύην,
3210 2855 3467 2905 Ἀνταῖον.
3500 2852 3667 2904 Αὑτὸν
3706 2853 3764 2906 δὲ
3801 2853 3909 2903 ἐπι-

2368 2942 2687 3012 στρατεῦσαι
2739 2944 2873 3014 μετά
2919 2945 3010 2997 τοῦ
3053 2944 3276 3013 ἀδελφοῦ
3324 2943 3416 2997 τοῦ
3474 2942 3819 3007 Ἀπόλλωνος,
3856 2944 3909 2994 ὃν

2366 3048 2526 3100 φασιν
2563 3033 2785 3104 εὑρετὴν
2812 3033 2905 3085 τοῦ
2946 3032 3109 3101 φυτοῦ
3147 3036 3242 3103 τῆς
3280 3034 3480 3103 δάφνης
3509 3034 3779 3101 γενέσθαι.
3819 3032 3910 3083 Eu-

2368 3123 2687 3193 στρατεῦσαι
2719 3125 2775 3177 δὲ
2803 3124 2879 3194 τῷ
2922 3125 3140 3195 Ὀσίριδι
3177 3126 3300 3189 τοὺς
3335 3125 3426 3177 δύο
3467 3127 3635 3189 υἱοὺς,
3674 3122 3909 3177 ’Δνουόίν

2366 3230 2424 3273 τε
2457 3215 2548 3266 καὶ
2587 3214 2888 3278 Μακεδόνα,
2918 3214 3248 3286 παραλαϐεῖν
3286 3216 3394 3285 (49)
3434 3233 3492 3268 τε
3526 3217 3617 3269 καὶ
3648 3214 3736 3268 τὸν
3769 3212 3909 3265 Πᾶνα

2365 3304 2723 3374 διαφερόντως
2751 3305 2839 3355 ὑπ’
2873 3306 3181 3373 Αἰγυπτίων
3216 3305 3538 3378 τιμώμενον,
3564 3301 3624 3359 οὗ
3660 3306 3751 3358 καὶ
3778 3302 3908 3358 stub—

2365 3413 2530 3466 νυμον
2557 3390 2693 3448 εἶναι
2722 3396 2818 3467 τὴν
2850 3398 3024 3462 Πανὸς
3052 3400 3221 3455 πόλιν.
3256 3402 3400 3453 Ὄντι
3432 3399 3487 3451 δὲ
3514 3399 3592 3469 τῷ
3627 3398 3761 3450 Πανὶ
3794 3396 3909 3464 περὶ

2364 3489 2462 3556 τὴν
2490 3489 2802 3559 Ταφόσιριν,
2831 3489 3059 3559 ἀχθῆναι
3086 3492 3144 3544 τὸ
3171 3491 3276 3544 τῶν
3303 3491 3551 3561 Σατύρων
3578 3490 3749 3556 γένος.
3771 3483 3909 3539 Φιλό-

2368 3596 2560 3647 μουσον
2577 3585 2632 3638 δὲ
2656 3586 2800 3658 ὄντα,
2828 3584 3106 3657 περιάγειν
3126 3584 3332 3653 πλῆθος
3359 3581 3723 3653 μουσουργῶν·
3750 3583 3806 3632 ὲν
3838 3573 3907 3640 οἷς

2365 3673 2460 3724 καὶ
2532 3674 2834 3743 παρθένους
2879 3676 3033 3728 ἐννέα
3078 3675 3375 3744 δυναμένας
3418 3673 3584 3745 ᾄδειν,
3626 3674 3719 3726 καὶ
3757 3670 3908 3724 τᾶλλα

2365 3764 2797 3837 πεπαιδευμένας
2841 3764 2940 3827 τὰς
2978 3764 3129 3835 παρά
3159 3768 3269 3827 τοῖς
3304 3764 3553 3834 Ἕλλησιν
3585 3761 3909 3832 ὀνομαζομέο

2363 3870 2458 3917 νας
2490 3840 2730 3920 Μούσας,
2763 3851 2836 3910 ὧν
2861 3856 3106 3926 ἡγεῖσθαι
3138 3858 3227 3909 τὸν
3264 3857 3585 3909 Ἀπόλλωνα.
3627 3854 3828 3917 Παντὸς
3860 3853 3907 3905 δὲ

2363 3945 2544 4010 ἔθνους
2575 3948 2649 4011 ὡς
2683 3948 2800 3999 θεὸν
2836 3948 3230 4018 ἀποδεχομένου
3276 3948 3365 3999 τὸν
3413 3949 3643 4017 Ὄσιριν,
3693 3947 3780 3999 διὰ
3818 3945 3907 4007 τὰς

2362 4038 2695 4109 εὐεργεσίας,
2736 4034 3017 4109 πανταχοῦ
3058 4042 3293 4109 μνημεῖα
3338 4038 3528 4093 ἑαυτοῦ
3580 4038 3903 4103 καταλιπεῖν,

2362 4128 2544 4180 κτίσαι
2571 4127 2626 4179 δὲ
2655 4130 2747 4180 καὶ
2777 4128 2956 4193 πόλεις
2977 4130 3074 4183 οὐκ
3096 4130 3278 4199 ὀλίγας
3310 4133 3367 4183 ὲν
3405 4129 3601 4191 Ἰνδοῖς.
3646 4130 3905 4184 Ἐπελθεῖν

2359 4220 2414 4273 δὲ
2448 4219 2539 4272 κα)⁹
2577 4212 2644 4273 τὰ
2688 4220 2819 4273 ἄλλα
2849 4221 2919 4275 τὰ
2958 4221 3097 4285 κατά
3122 4223 3220 4294 τὴν
3250 4223 3485 4294 Φρυγίαν
3518 4223 3663 4294 ἔθνη,
3697 4224 3788 4277 καὶ
3821 4238 3905 4274 πε-

2363 4310 2658 4380 ραιωθῆναι
2688 4312 2829 4365 κατά
2860 4313 2948 4365 τὸν
2988 4313 3367 4384 Ἑλλήσποντον
3399 4315 3477 4376 είς
3508 4312 3793 4387 Εὐρώπην·
3822 4312 3903 4365 καὶ

2360 4403 2640 4455 Μακεδόνα
2684 4405 2780 4473 μὲν
2818 4404 2909 4457 τὸν
2947 4405 3058 4457 υἱὸν
3093 4402 3371 4463 ἀπολιπεῖν
3404 4405 3733 4468 Μακεδονίας
3765 4405 3903 4474 βασι-

2362 4490 2476 4558 λέα,
2507 4492 2858 4567 Τριπτολέμῳ
2884 4493 2939 4545 δὲ
2963 4493 3247 4563 ἐπιτρέψαι
3274 4494 3368 4557 τὰς
3384 4496 3526 4550 κατὰ
3547 4495 3640 4567 τὴν
3666 4493 3903 4563 Ἀττικὴν

2361 4582 2649 4659 γεωργίας·
2698 4584 2791 4635 καὶ
2830 4584 2966 4653 μετὰ
2998 4583 3173 4637 ταῦτα
3203 4584 3263 4651 ὲξ
3301 4586 3599 4659 ἀνθρώπων
3642 4590 3721 4650 εὶς
3764 4586 3901 4645 θεοὺς

2365 4672 2720 4741 μεταστάντα,
2758 4675 2938 4741 τυχεῖν
2977 4673 3080 4724 ὑπὸ
3125 4673 3316 4737 Ἴσιδος
3360 4672 3452 4729 καὶ
3505 4676 3702 4749 Ἑρμοῦ
3758 4673 3901 4745 ιερῶν

2362 4762 2451 4816 καὶ
2482 4762 2588 4829 τῶν
2620 4761 2793 4815 ἀλλων
2835 4761 2942 4817 τῶν
2975 4765 3409 4832 ἐπιφανεστάτων
3449 4767 3506 4821 ὲν
3542 4764 3682 4829 θεοῖς
3717 4765 3897 4835 τιμῶν.

2360 4854 2556 4907 Τούτου
2600 4854 2655 4907 δὲ
2704 4856 2797 4910 καὶ
2835 4855 3055 4919 τελετὰς
3094 4856 3423 4923 καταδεῖξαι,
3463 4860 3553 4910 καὶ
3590 4857 3754 4912 πολλά
3786 4855 3901 4926 περὶ

2360 4946 2520 5001 αὑτοῦ
2550 4947 2822 5017 μυστικῶς
2844 4948 3251 5018 εἰσηγήσασθαι.
3288 4950 3656 5019 Ἀναιρεθῆναι
3678 4951 3735 5004 δὲ
3757 4948 3897 5003 αὑτὸν

2363 5040 2465 5092 ὑπὸ
2499 5037 2753 5107 Τυφῶνος
2790 5038 2881 5091 τοῦ
2916 5038 3163 5108 ἀδελφοῦ,
3202 5039 3434 5112 πονηροῦ
3464 5041 3554 5094 καὶ
3575 5042 3797 5103 ἀσεϐοῦς
3818 5038 3894 5090 όν-

2362 5153 2469 5198 τος·
2499 5134 2556 5187 ὃν
2585 5133 2825 5187 διελόντα
2852 5132 2911 5184 τὸ
2942 5132 3097 5204 σῶμα
3126 5131 3219 5185 τοῦ
3253 5133 3591 5201 φονευθέντος
3618 5138 3695 5199 εἰς
3732 5132 3788 5197 ἓξ
3818 5133 3896 5185 καὶ

2363 5228 2530 5283 εἴκοσι
2577 5226 2736 5297 μέρη,
2788 5224 2968 5285 δοῦναι
3016 5225 3123 5277 τῶν
3170 5225 3649 5297 συνεπιτιθεμένων
3700 5226 3895 5288 ἑκάστῳ

2369 5314 2581 5385 μερίδα,
2620 5312 2934 5383 βουλόμενον
2978 5313 3187 5366 ἅπαντα
3243 5320 3525 5386 μετασχεῖν
3557 5314 3649 5370 τοῦ
3688 5314 3889 5384 μύσους.

2365 5406 2471 5477 Τὴν
2492 5406 2549 5458 δὲ
2569 5402 2705 5458 Ἶσιν
2726 5406 2953 5479 ἀδελφὴν
2983 5401 3143 5459 οὖσαν
3184 5407 3442 5477 Ὀσίριδος
3458 5407 3551 5463 καὶ
3570 5408 3796 5475 γυναῖκα
3819 5418 3894 5471 με·

2365 5497 2562 5549 τελθεῖν
2585 5497 2673 5549 τὸν
2696 5496 2870 5563 φόνον,
2898 5496 3385 5573 συναγωνιζομένου
3412 5496 3505 5549 τοῦ
3534 5492 3717 5556 παιδὸς
3744 5491 3893 5561 αὐτῆς

774 5785 885 5858 (ιθ)
925 5789 1313 5861 Παραλαϐεῐν.
1356 5788 1447 5849 Sic
1484 5790 1625 5847 enim
1653 5791 1895 5863 Diodor.,
1926 5794 2067 5867 quod
2098 5794 2254 5864 longe

2365 5792 2491 5848 :tius
2520 5807 2681 5863 quam
2719 5792 3057 5861 καταλαϐεῖν,
3089 5789 3230 5864 quod
3255 5792 3309 5849 in
3343 5792 3445 5848 alia
3472 5790 3725 5848 editione.
