4028 6332
79 470 135 524 97

1219 460 1534 515 PBJEPAR.
1571 458 1816 513 EVANG.
1861 456 1984 512 LIB.
2027 459 2084 511 II.

3192 457 3259 512 98

83 585 242 653 Ὥρου.
287 579 583 633 Δνελοῦσαν
600 580 655 632 δὲ
670 580 758 631 τὺν
773 579 1001 647 Τυφῶνα
1022 581 1113 632 καὶ
1131 579 1252 642 τοὺς
1269 578 1605 648 συμπράξαν-

1708 576 1908 641 dasse;
1963 575 2285 645 tandemque
2352 575 2509 627 rebus
2575 573 2895 626 subductum
2959 573 3261 637 humanis,

78 693 180 737 τας,
220 674 367 743 παρὰ
397 674 495 742 τὴν
524 672 615 725 νῦν
655 673 893 724 Ἀνταίου
922 672 1255 741 καλουμένην
1284 672 1470 741 κώμην
1504 670 1615 739 βα-·

82 765 296 819 σιλεῦσαι
322 765 419 834 τῆς
448 764 736 832 Αἰγύπτου.
768 763 1044 836 Εὑροῦσαν
1068 764 1125 816 δὲ
1154 765 1327 816 πάντα
1358 764 1426 815 τὰ
1461 764 1599 835 μέρη

80 854 156 907 τοῦ
205 852 466 925 σώματος,
535 852 671 924 πλὴν
736 853 840 906 τῶν
898 852 1111 907 αἰδοίων
1163 854 1256 906 τοῦ
1320 854 1597 924 Ὀσίριδος,

83 947 271 1015 ἑκάστῳ
305 945 457 1017 μέρει
494 946 818 1016 περιπλάσαι
845 945 1089 1013 λέγουσιν
1122 947 1288 1015 αὐτὴν
1318 948 1483 998 τύπον
1509 948 1600 999 άν-

84 1035 372 1106 θρωποειδῆ,
425 1035 798 1107 παραπλήσιον
856 1035 1076 1105 Ὀσίριδι
1127 1036 1186 1087 τὸ
1240 1036 1487 1105 μέγεθος,
1542 1039 1599 1102 ἐξ

82 1128 357 1198 ἀρωμάτων
390 1129 483 1180 καὶ
529 1127 717 1199 κηροῦ,
763 1126 855 1180 καὶ
887 1128 1218 1197 παραδοῦναι
1255 1132 1365 1191 τοῖς
1399 1129 1599 1199 ἱερεῦσι

83 1218 182 1270 καθ’
211 1218 331 1289 ὅλης
373 1219 475 1289 τῆς
516 1219 787 1287 Αἰγύπτου
820 1221 1002 1289 τιμᾷν,
1040 1218 1367 1291 καθιερῶσαι
1408 1222 1461 1273 δὲ
1508 1223 1601 1275 καὶ

80 1308 169 1360 τῶν
198 1311 316 1380 παρ’
348 1310 526 1373 αὐτοῖς
558 1310 851 1380 γινομένων
885 1310 1034 1373 ζώων
1083 1311 1141 1363 ἓν
1174 1315 1351 1365 ὁποῖον
1382 1312 1448 1365 ἂν
1481 1312 1600 1381 βου-

82 1397 303 1467 ληθῶσιν.
342 1401 477 1463 Τοὺς
508 1400 565 1452 δὲ
616 1400 847 1473 ταύρους
885 1405 1010 1464 τοὺς
1064 1404 1260 1473 ἱεροὺς,
1295 1404 1388 1456 καί
1418 1403 1507 1457 τόν
1540 1423 1597 1456 τε

84 1488 450 1559 ὀνομαζόμενον
498 1491 684 1555 Ἀπιν,
731 1493 823 1545 καὶ
868 1492 958 1545 τὸν
996 1495 1197 1547 Μνεῦιν
1246 1496 1467 1566 ὐσίριδι
1500 1514 1597 1548 κα-

82 1579 391 1651 θιερωθῆναι,
446 1582 539 1633 καὶ
586 1582 805 1649 τούτους
856 1585 1104 1638 σέϐεσθαι
1146 1586 1391 1657 καθάπερ
1425 1586 1597 1651 θεοὺς,

85 1673 211 1738 κοινῇ
256 1672 660 1742 καταδειχθῆναι
700 1677 863 1729 πᾶσιν
905 1675 1240 1744 Αἰγυπτίοις.
1274 1678 1456 1731 Ταῦτα
1493 1678 1599 1749 γὰρ

83 1762 177 1821 τοῖς
202 1761 406 1833 εὑροῦσι
440 1763 530 1815 τὸν
561 1764 653 1816 τοῦ
689 1765 833 1818 σίτου
870 1769 1077 1838 καρπὸν
1112 1770 1433 1839 συνεργῆσαι
1469 1771 1598 1840 πρὸς

82 1848 161 1900 τὸν
184 1852 387 1923 σπόρον,
439 1855 530 1906 καὶ
564 1854 661 1917 τὰς
699 1856 883 1919 κοινὰς
914 1858 1211 1928 γεωργίας.
1277 1860 1496 1927 Ὀμόσαι
1542 1860 1598 1911 δὲ

82 1939 163 2008 τὴν
204 1938 353 2005 Ἶσιν,
407 1946 631 2015 μηδενὸς
669 1947 857 2018 ἀνδρὸς
893 1947 970 1999 ἔτι
1006 1950 1293 2002 συνουσίαν
1327 1946 1596 2016 δέξασθαι,
1628 1931 1672 1985 Β

85 2032 395 2098 μεταστᾶσαν
422 2035 477 2087 δὲ
510 2036 601 2088 καὶ
626 2037 793 2108 αὐτὴν
822 2039 881 2104 ἐξ
909 2038 1225 2108 ἀνθρώπιον,
1259 2046 1437 2111 τυχεῖν
1465 2044 1601 2095 ἀθα-

82 2122 235 2173 νάτων
282 2123 467 2192 τιμῶν,
510 2126 602 2178 καλ⁸
642 2128 875 2197 ταφῆναι
924 2130 1062 2182 κατὰ
1107 2130 1201 2202 τὴν
1238 2133 1475 2201 Μέμφιν.
1524 2134 1603 2186 Τὰ

86 2212 170 2277 μὲν
217 2209 304 2266 οὖν
345 2214 697 2286 άνευρεθέΰτα
740 2218 833 2271 τοῦ
900 2220 1161 2291 Ὀσίριδος
1212 2223 1369 2291 μέρη,
1427 2224 1603 2293 ταφῆς

82 2302 344 2375 ἀξιωθῆναί
371 2324 498 2374 φασι
530 2308 619 2361 τὸν
653 2310 937 2381 εἰρημένον
982 2312 1201 2381 τρόπον,
1234 2314 1295 2365 τὸ
1322 2314 1377 2365 δὲ
1410 2314 1603 2368 αἰδοῖον

84 2396 172 2447 ὑπὸ
197 2398 288 2466 μὲν
316 2399 565 2467 Τυφῶνος
595 2403 675 2464 εἰς
700 2403 789 2453 τὸν
828 2402 1064 2471 ποταμὸν
1091 2405 1308 2473 ῥιφῆναι
1338 2405 1601 2472 λέγουσιν,

84 2487 173 2538 ὑπὸ
202 2487 255 2538 δὲ
286 2488 377 2558 τῆς
413 2491 607 2551 Ἴσιδος
634 2491 783 2543 οὐδὲν
810 2486 967 2562 ἦττον
991 2493 1099 2545 τῶν
1122 2493 1291 2546 ἄλλων
1314 2493 1603 2564 ἀξιωθῆναι

84 2575 236 2644 τιμῶν
268 2577 494 2631 ἰσοθέων.
524 2570 625 2632 Ἐν
668 2597 725 2632 τε
748 2580 856 2652 γὰρ
875 2584 987 2644 τοῖς
1009 2584 1172 2653 ἱεροῖς
1204 2583 1415 2636 εἴδωλον
1440 2584 1601 2636 αὐτοῦ

86 2668 553 2734 κατασκευάσασαν,
588 2672 750 2741 τιμὰς
780 2673 1082 2737 καταδεῖξαι
1118 2675 1209 2727 καὶ
1240 2674 1478 2738 τελετὰς,
1515 2674 1604 2727 καὶ

86 2758 168 2822 τὰς
207 2758 384 2821 θυσίας
411 2757 508 2821 τὰς
549 2759 626 2830 τῷ
671 2761 774 2830 θεῷ
815 2763 985 2831 τούτῳ
1030 2762 1314 2833 γινομένας
1359 2763 1605 2834 ἐντίμους

89 2846 310 2915 ποιῆσαι.
342 2848 431 2900 Διὸ
460 2852 553 2903 καὶ
576 2852 702 2914 τοὺς
737 2851 998 2923 ’Έλληνας
1027 2853 1085 2917 ἐξ
1112 2856 1381 2923 Αἰγύπτου
1418 2875 1606 2927 παρει-

86 2937 300 3007 ληφότας
334 2940 399 2992 τὰ
442 2944 568 3011 περὶ
610 2944 735 3005 τοὺς
766 2944 1115 3015 ὀργιασμοὺς,
1163 2948 1381 3010 καὶτὰς
1427 2952 1605 3000 Διονυ-

90 3026 260 3091 σιακὰς
302 3030 507 3101 ἑορτὰς,
550 3033 714 3101 τιμᾷν
746 3031 903 3084 τοῦτο
944 3032 1005 3084 τὸ
1051 3034 1236 3102 μόριον
1263 3036 1321 3086 ὲν
1354 3038 1462 3097 τοῖς
1504 3054 1603 3105 μυ-

91 3121 324 3191 στηρίοις,
366 3124 457 3175 καὶ
485 3126 602 3186 ταῖς
654 3124 745 3176 τοῦ
778 3123 899 3177 θεοῦ
932 3125 1116 3176 τούτου
1151 3125 1387 3188 τελεταῖς
1417 3144 1473 3178 τε
1513 3130 1606 3180 καὶ

91 3204 296 3275 θυσίαις,
321 3212 674 3281 ὀνομάζοντας
700 3215 827 3267 αὐτὸ
860 3215 1075 3283 φαλλόν.
1110 3216 1245 3277 Τοὺς
1272 3216 1326 3268 δὲ
1354 3216 1603 3283 λέγοντας

92 3304 139 3353 ἐν
160 3303 344 3374 Θήϐαις
369 3307 484 3367 ταῖς
513 3305 826 3371 Βοιωτικαῖς
854 3308 1127 3375 γεγονέναι
1156 3308 1246 3361 τὸν
1273 3308 1388 3361 θεὸν
1421 3311 1482 3361 ὲκ
1505 3310 1601 3360 Σε-

95 3397 241 3465 μέλης
265 3397 350 3449 καὶ
373 3398 510 3461 Διὸς,
550 3398 863 3468 σχεδιάζειν.
898 3400 1095 3471 Ὀρφέα
1116 3401 1221 3472 γὰρ
1242 3402 1317 3464 εἰς
1338 3402 1606 3468 Αἴγυπτον

96 3488 433 3555 μεταϐαλόντα
465 3491 559 3542 καὶ
602 3492 933 3559 μετασχόντα
960 3496 1055 3561 τῆς
1091 3494 1330 3563 τελετῆς,
1377 3496 1469 3546 καὶ
1500 3494 1605 3546 τῶν

93 3580 422 3634 Διονυσιακῶν
470 3582 773 3651 μυστηρίων
824 3584 1161 3651 μεταλαϐεῖν,
1205 3588 1315 3647 τοῖς
1358 3602 1414 3636 τε
1466 3584 1606 3638 Καδ-

97 3672 247 3738 μείοις
279 3674 419 3743 φίλον
442 3676 571 3727 ὅντα
595 3675 685 3728 καὶ
715 3674 1068 3745 τετιμημένον
1100 3678 1187 3727 ὑπ’
1220 3677 1416 3741 αὐτῶν,
1448 3695 1608 3745 μετα-

96 3762 243 3818 Θεῖναι
282 3766 369 3819 τοῦ
406 3767 527 3820 θεοῦ
564 3767 663 3838 τὴν
698 3767 927 3835 γένεσιν,
976 3768 1200 3830 ἐκείνοις
1237 3769 1605 3839 χαριζόμενον.

98 3856 214 3919 Τοὺς
241 3858 295 3911 δὲ
331 3860 539 3928 ὄχλους,
574 3859 640 3911 τὰ
677 3860 773 3929 μὲν
803 3858 891 3911 διὰ
929 3858 1026 3927 τὴν
1064 3859 1303 3925 ἄγνοιαν,
1345 3860 1413 3911 τὰ
1440 3860 1493 3911 δὲ
1525 3860 1610 3912 διὰ

98 3949 147 3999 τὸ
174 3949 433 4017 βούλεσθαι
460 3954 549 4005 τὸν
578 3952 697 4005 θεὸν
730 3951 958 4020 Ἕλληνα
990 3949 1361 4019 ὀνομάζεσθαι,
1393 3951 1613 4020 προσδέ-

98 4038 269 4101 ξασθαι
322 4043 601 4114 προσηνῶς
657 4042 754 4105 τὰς
802 4042 1018 4103 τελετὰς
1064 4042 1155 4093 καὶ
1206 4042 1275 4092 τά
1323 4044 1608 4111 μυστήρια.

108 4132 356 4206 ’Δφορμὰς
389 4138 446 4189 δὲ
484 4137 629 4206 ἔχειν
671 4137 762 4189 τὸν
800 4137 994 4205 Ὀρφέα
1027 4135 1161 4204 πρὸς
1189 4134 1286 4203 τὴν
1330 4134 1612 4202 μετάθεσιν

99 4226 181 4293 τῆς
212 4228 297 4279 τοῦ
337 4227 453 4280 θεοῦ
481 4227 742 4295 γενέσεως
776 4228 867 4279 καὶ
896 4228 1133 4295 τελετῆς,
1170 4223 1435 4285 τοιαύτας.
1473 4224 1613 4275 Κάδ-

105 4331 187 4383 μον
217 4318 277 4370 ὲκ
301 4318 485 4388 Θηϐῶν
522 4318 649 4370 ὄντα
672 4318 998 4383 Αἰγυπτίων,
1034 4316 1284 4385 γεννῆσαι
1314 4317 1406 4368 σὺν
1439 4315 1613 4377 ἄλλοις

102 4406 285 4471 τέκνοις
351 4411 442 4463 καὶ
512 4408 769 4477 Σεμέλην,
829 4407 1028 4477 ταύτην
1081 4408 1137 4459 δὲ
1186 4408 1288 4459 ὑπὸ
1338 4407 1430 4459 τοῦ
1496 4406 1613 4466 Διός

246 4499 349 4569 (50)
392 4500 705 4568 φθαρεῖσαν,
753 4500 942 4567 ἔγκυον
980 4498 1250 4565 γενέσθαι,
1304 4498 1397 4549 καὶ
1440 4498 1615 4547 τεκεῖν

1632 3276 1671 3333 C

1708 669 1925 737 templa.
1961 684 2024 722 ac
2059 678 2281 723 caeteros
2323 668 2414 735 qui
2462 666 2566 718 diis
2615 666 2773 718 tribui
2819 666 2993 719 solent
3029 665 3263 718 honores

1707 760 1934 813 eximios
1979 759 2047 813 ab
2069 760 2209 813 Iside
2261 775 2325 813 ac
2374 757 2638 811 Mercurio
2706 766 3055 811 consecutum
3105 772 3256 819 esse;

1706 850 1799 917 qui
1846 850 1967 919 ejus
2014 866 2118 903 non
2154 848 2315 903 modo
2349 849 2608 902 sacriﬁcia
2643 847 3036 917 religionesque
3062 848 3260 913 docue-

1707 944 1815 997 rint
1844 985 1858 1006 ,
1897 944 1989 996 sed
2021 945 2181 997 etiam
2214 944 2468 1011 pleraque
2499 942 2766 1011 mysteriis
2804 941 3041 1019 involuta
3090 940 3260 1007 ipsius

1706 1035 1759 1086 in
1789 1036 2016 1104 gratiam
2045 1033 2417 1102 excogitarint.
2442 1032 2704 1085 C-zeterum
2736 1046 2763 1083 a
2794 1030 3048 1099 Typhone
3074 1029 3258 1093 fratre,

1707 1126 1925 1180 homine
1975 1126 2342 1178 conscelerate
2398 1134 2450 1179 et
2504 1124 2667 1190 impio
2718 1122 3054 1175 interfectum
3108 1122 3257 1175 illum

1705 1213 1875 1268 fuisse
1922 1212 2177 1276 tradunt;
2222 1214 2313 1281 qui
2364 1229 2487 1267 cum
2532 1216 2648 1280 ejus
2688 1212 2915 1265 cadaver
2960 1212 3014 1264 in
3066 1226 3160 1265 sex
3208 1219 3261 1264 et

1708 1305 1895 1373 viginti
1929 1312 2106 1372 partes
2170 1303 2516 1367 concidisset,
2559 1319 2651 1355 eas
2682 1304 2736 1354 in
2770 1302 2993 1356 sicarios
3040 1303 3258 1355 totidem

1704 1396 1973 1463 caedisque
2019 1395 2266 1446 fraterna:
2307 1394 2484 1445 socios
2534 1392 2815 1455 diviserit,
2874 1392 3013 1460 quod
3071 1408 3261 1447 omnes

1710 1488 1931 1541 immani
1963 1486 2174 1553 piaculo
2213 1485 2501 1538 obstrictos
2530 1499 2647 1536 esse
2677 1485 2849 1536 vellet.
2891 1484 2995 1537 Isin
3038 1493 3215 1537 autem
3244 1526 3258 1551 ,

1704 1581 1846 1648 quod
1896 1579 2125 1633 Osiridis
2172 1590 2224 1632 et
2271 1593 2427 1631 soror
2454 1585 2505 1629 et
2559 1592 2696 1628 uxor
2743 1584 2914 1641 esset,
2961 1592 3177 1644 operam
3208 1579 3259 1631 ei

1705 1683 1858 1725 suam
1894 1681 2123 1722 navante
2152 1668 2259 1723 Oro
2302 1668 2412 1720 ﬁlio
2437 1709 2451 1731 ,
2496 1667 2840 1736 parricidium
2884 1669 3047 1719 ultam
3099 1683 3218 1722 esse
3244 1709 3258 1731 ,

1704 1777 1935 1830 cumque
1964 1761 2273 1830 Typhonem
2296 1777 2356 1814 ac
2382 1761 2617 1827 reliquos
2646 1760 2865 1813 sceleris
2888 1760 3259 1825 administros,
3284 1746 3289 1751 ”

1703 1855 1807 1924 47
1838 1855 1978 1907 circa
2008 1869 2131 1906 eum
2160 1893 2173 1916 ,
2204 1853 2294 1919 qui
2340 1867 2483 1903 nunc
2511 1852 2680 1905 Λιιιωὶ
2712 1868 2879 1920 pagus
2913 1852 3222 1907 nominatur
3243 1893 3260 1919 ,

1699 1946 2025 2008 sustulisset,
2060 1944 2155 1997 toti
2188 1942 2419 2012 Egypto
2454 1944 2771 2011 imperasse.
2807 1942 3099 2007 Praeterea,
3133 1959 3257 1997 cum

1699 2040 1881 2092 omnia
1915 2038 2157 2106 corporis
2185 2035 2327 2088 illius
2356 2034 2596 2087 membra
2624 2040 2812 2102 prazter
2849 2032 3079 2087 verenda
3107 2049 3256 2102 repe-

1697 2129 1857 2181 risset
1882 2168 1895 2191 ,
1931 2136 2114 2195 partes
2148 2124 2387 2193 singulas
2410 2164 2423 2186 ,
2460 2124 2512 2175 in
2563 2123 2803 2192 singulas
2850 2125 2973 2179 item
3020 2127 3258 2181 hominis

1698 2219 1931 2288 cﬁigics,
1979 2233 2099 2287 qum
2141 2217 2321 2269 Osirin
2377 2216 2744 2283 magnitudine
2796 2216 3140 2283 referebant,
3190 2235 3256 2271 ex

1698 2310 2031 2363 aromatibus
2079 2323 2307 2377 ceraque
2356 2306 2619 2361 eonﬁatas
2667 2308 2995 2374 inclusisse,
3058 2324 3258 2378 eaSqne

1700 2399 2066 2453 sacerdotibus
2090 2408 2198 2453 tota
2254 2400 2454 2466 passim
2503 2397 2734 2467 IEgypto
2782 2400 3035 2453 colendas
3090 2402 3257 2455 tradi-

1699 2488 1843 2542 disse
1872 2528 1885 2550 ,
1933 2489 2011 2541 sic
2057 2497 2116 2541 ut
2143 2503 2206 2539 ex
2255 2489 2341 2551 iis,
2372 2503 2490 2557 qua?
2521 2488 2661 2556 apud
2712 2488 2832 2543 illos
2864 2502 3213 2544 nascerentur
3241 2535 3254 2556 ,

1703 2577 2097 2637 animantibus,
2139 2578 2499 2645 quodcunque
2537 2578 2712 2631 viSum
2752 2588 2927 2643 esset,
2974 2594 3259 2634 consecra-

1701 2677 1857 2733 rent;
1902 2677 2089 2721 tauros
2120 2678 2319 2733 autem,
2356 2667 2449 2735 qui
2490 2669 2630 2721 sacri
2676 2668 2961 2731 dicuntur,
3012 2684 3258 2739 quosque

1700 2760 1838 2828 Apin
1882 2776 1945 2814 ac
1990 2760 2200 2812 Mnevin
2252 2761 2351 2828 ipsi
2382 2768 2609 2823 vocant,
2644 2760 2917 2814 dedicatos
2948 2762 3015 2813 ab
3062 2761 3255 2815 iisdem

1703 2852 1892 2905 fuisse.
1930 2854 2111 2921 Itaque
2136 2892 2147 2914 ,
2188 2852 2533 2921 utejusmodi
2565 2853 2863 2907 animantes
2910 2854 3107 2909 divinis
3154 2857 3257 2910 ho-

1703 2945 1925 2998 noribus
1957 2960 2145 2998 omnes
2185 2945 2418 3014 {Egyptii
2455 2954 2854 3002 venerarentur.
2894 2948 3090 3016 ubique
3124 2963 3257 3001 con-

1708 3036 1955 3088 stitutum
1978 3076 1992 3101 ,
2025 3036 2221 3105 quippe
2252 3052 2389 3105 quos
2437 3038 2625 3105 primis
2673 3036 2925 3091 frtunenti
2965 3039 3259 3092 inventori-

1704 3127 1805 3180 bus
1830 3172 1842 3191 ,
1879 3135 1985 3179 tam
2038 3130 2101 3180 ad
2151 3144 2332 3180 semen
2371 3138 2522 3182 terra:
2569 3131 3004 3184 committendum
3034 3170 3049 3193 ,
3094 3145 3256 3198 quam

1707 3218 1773 3268 ob
1813 3226 2033 3270 czeteros
2078 3218 2419 3285 agricultura}
2450 3220 2659 3274 labores
2687 3260 2699 3283 ,
2734 3230 2858 3273 ante
2898 3234 3085 3273 omnes
3134 3220 3256 3273 usui

1707 3305 1873 3358 fuisse
1918 3316 2207 3360 constaret.
2250 3306 2420 3360 Porro
2467 3304 2707 3365 camde'm
2761 3307 2865 3360 lsin
2904 3308 3256 3376 jurejurando

1706 3396 2053 3450 conﬁrmasse
2082 3396 2265 3460 aiunt,
2294 3398 2494 3451 nullius
2521 3413 2640 3452 sese
2682 3399 2778 3451 viri
2810 3398 3256 3454 consuetudinem

1708 3488 1759 3540 in
1816 3496 2092 3555 posterum
2159 3487 2565 3551 admissuram;
2622 3488 2838 3555 vitaque
2891 3488 3071 3541 functa
3132 3505 3257 3543 cum

1707 3587 1868 3642 esset,
1905 3579 2240 3633 immortales
2286 3580 2447 3632 etiam
2492 3579 2726 3632 honores
2772 3590 3114 3634 consecutam
3146 3622 3159 3645 ,
3195 3595 3261 3636 ac

1707 3672 1848 3725 circa
1900 3670 2170 3739 Memphin
2234 3672 2498 3740 sepultam
2557 3671 2742 3725 fuisse.
2794 3670 2913 3724 Iam
2950 3687 3076 3725 vero
3135 3687 3257 3725 cum

1708 3768 1918 3829 reperta
1964 3759 2190 3815 Osiridis
2234 3762 2471 3814 membra
2500 3800 2515 3824 ,
2550 3776 2673 3814 eum
2706 3762 2758 3813 in
2800 3762 3017 3815 modum
3097 3776 3258 3829 quem

1710 3848 1869 3915 paulo
1899 3857 2022 3900 ante
2064 3850 2607 3903 commemoravimus
2634 3890 2647 3913 ,
2678 3849 2965 3917 sepultura:
3009 3850 3259 3902 mandata

1708 3947 1931 4012 essent;
1968 3948 2079 3991 tum
2125 3940 2295 4007 ipsius
2342 3942 2572 3994 verenda
2600 3982 2613 4005 ,
2645 3956 2765 4009 qua:
2793 3955 2823 3992 a
2852 3935 3108 4009 Typhone
3138 3954 3260 4007 pro-

1708 4031 1845 4098 jecta
1901 4033 1949 4083 in
1986 4031 2204 4083 ﬂuvium
2257 4040 2444 4093 erant,
2476 4032 2668 4085 Isidem
2717 4031 3067 4084 nihilominus
3096 4046 3258 4098 quam

1712 4132 1899 4177 caatera
1933 4123 2115 4175 divino
2159 4124 2303 4174 cultu
2336 4132 2675 4190 prosecutam
2707 4136 2826 4176 esse
2876 4120 3071 4175 ferunt.
3126 4119 3260 4175 Nam

1712 4224 1763 4267 et
1791 4214 2003 4267 illorum
2030 4214 2083 4266 in
2112 4214 2323 4281 templis
2358 4214 2708 4267 simulacrum
2732 4214 2990 4279 erexisse,
3017 4214 3263 4282 ritusque

1712 4320 1776 4358 ac
1806 4306 2171 4369 caeremonias,
2200 4320 2321 4359 cum
2355 4305 2604 4373 legitimis
2637 4318 2699 4357 ac
2736 4304 3063 4359 solemnibus
3098 4305 3260 4372 hujus

1713 4398 1798 4451 dei
1831 4397 2111 4451 sacriﬁciis
2142 4414 2351 4451 summa
2381 4414 2500 4451 eum
2532 4397 2791 4467 religione
2823 4396 3138 4451 celebranda
3168 4413 3261 4451 eu-

1717 4500 1882 4539 rasse.
1916 4484 2273 4551 Quamobrem
2325 4487 2470 4554 ipsos
2513 4501 2727 4555 quoque
2757 4485 3007 4551 Graecos,
3050 4488 3140 4555 qui
3195 4487 3263 4539 ab

105 4586 223 4639 ἑπτὰ
279 4588 454 4659 μηνῶν
499 4589 805 4642 διελθόντων
874 4589 1088 4659 βρέφος,
1121 4584 1227 4641 οἶόν
1258 4605 1360 4656 περ
1402 4590 1449 4640 οἳ
1493 4590 1607 4639 κατ’

1719 4575 1981 4647 Egyptiis
2026 4578 2238 4644 orgiaca
2282 4592 2436 4631 sacra
2470 4592 2590 4629 cum
2637 4577 2830 4631 Bacchi
2859 4577 3010 4632 festis
3046 4592 3264 4645 accepe-

106 4677 344 4745 Αἴγυπτον
400 4682 491 4734 τὸν
526 4684 735 4753 Ὀσιριν
777 4684 1051 4751 γεγονέναι
1094 4682 1385 4753 νομίζουσι.
1432 4682 1531 4733 Τὸν
1557 4682 1611 4733 δὲ

106 4770 318 4841 Κῶμον,
366 4772 683 4843 τελευτῆσαν
723 4774 783 4826 τὸ
817 4774 1013 4845 βρέφος
1043 4775 1335 4845 χρυσῶσαι,
1388 4777 1479 4827 καὶ
1518 4774 1637 4841 τὰς,

106 4861 418 4933 καθηκούσας
447 4865 592 4935 αύτῷ
621 4867 943 4937 ποιήσασθαι
972 4867 1181 4929 θυσίας,
1212 4867 1411 4936 ἀνάψαι
1438 4867 1491 4918 δὲ
1524 4870 1617 4919 καὶ

107 4952 188 5022 τὴν
205 4956 403 5023 γένεσιν
431 4959 511 5020 εἰς
535 4959 651 5021 Δία,
677 4966 997 5029 σεμνύνοντα
1021 4958 1110 5009 τὸν
1144 4960 1372 5027 Ὄσιριν,
1401 4960 1493 5011 καὶ
1519 4958 1617 5025 τῆς

108 5043 371 5118 φθαρείσης
394 5048 489 5118 τὴν
512 5049 760 5120 διαϐολὴν
788 5050 1202 5122 ἀφαιρούμενον.
1231 5050 1319 5101 Διὸ
1350 5050 1443 5101 καὶ
1472 5048 1619 5117 παρά

108 5135 201 5194 “mis
226 5133 470 5205 Ἕλλησιν
496 5140 777 5207 ἐκδοθῆναι
809 5139 985 5206 λόγον,
1022 5139 1096 5201 ὼς
1134 5141 1165 5209 ἡ
1200 5138 1418 5207 Κάδμου
1457 5136 1620 5202 θυγά-

109 5233 197 5290 τηρ
223 5223 420 5294 Σεμέλη
459 5227 679 5280 τέτοκεν
714 5229 777 5280 ὲκ
803 5228 921 5290 Διὸς
966 5228 1193 5297 Ὄσιριν.
1232 5228 1457 5279 Ἔπειτα
1485 5241 1620 5293 παρ-

111 5311 341 5367 ελθάπων
375 5314 481 5370 τῶν
522 5317 900 5389 μυθογράφων,
944 5318 1215 5389 ἐμπλῆσαι
1268 5318 1329 5369 τὸ
1373 5316 1615 5386 θέατρον,

113 5404 187 5455 καὶ
208 5408 313 5469 τοῖς
346 5408 732 5476 ἐπιγινομένοις
766 5408 987 5479 ἰσχυράν
1020 5409 1199 5460 πίστιν
1230 5408 1324 5459 καὶ
1351 5404 1617 5474 ἀμετάθε-

113 5508 187 5546 τον
213 5496 535 5563 ἐγγενέσθαι.
566 5499 803 5551 Καθόλου
831 5501 885 5551 δέ
912 5515 1040 5567 φασι
1066 5499 1189 5561 τοὺς
1220 5497 1482 5566 ’Έλληνας
1513 5494 1621 5559 ὲξι-

113 5581 361 5648 ὃιάζεσθαι
392 5587 515 5648 τοὺς
563 5588 1007 5655 ἐπιφανεστάτους
1054 5586 1356 5653 Αἰγυπτίων
1444 5584 1622 5654 Ῠνρωάς

116 5689 163 5727 τε
189 5679 273 5731 καὶ
297 5677 465 5739 θεούς.
500 5680 609 5731 Καὶ
640 5678 744 5747 γὰρ
779 5679 1043 5751 Ἡρακλέα
1066 5677 1126 5730 τὸ
1150 5678 1303 5745 γένος
1330 5675 1622 5743 Αἰγύπτιον

176 5790 274 5863 (50)
306 5788 437 5846 ’Υπὸ
461 5792 567 5847 τοῦ
594 5793 725 5856 Διός
745 5807 901 5847 ποτε.
940 5793 1177 5854 Diodor.,
1206 5792 1308 5863 ὑπό
1323 5790 1497 5863 του-δή
1524 5806 1621 5840 πο-

120 5857 356 5933 τε,Ἰοιιεθ
384 5863 594 5927 melius,
629 5863 753 5931 quia
778 5864 936 5931 paulo
966 5873 1085 5931 post
1116 5862 1377 5930 signiﬁcat
1410 5857 1618 5923 Jovem,

1718 4669 1864 4731 rint,
1915 4668 2213 4721 membrum
2259 4667 2387 4719 illud
2436 4678 2543 4720 tam
2597 4668 2649 4720 in
2686 4669 2954 4737 mysteriis
3003 4683 3162 4737 quam
3210 4668 3262 4720 in

1719 4760 1873 4814 istius
1915 4758 2152 4813 numinis
2179 4758 2572 4813 initiationibus
2601 4770 2760 4829 atque
2794 4760 3071 4814 sacriﬁciis
3098 4758 3261 4827 phalli

1718 4851 1933 4904 nomine
1954 4848 2196 4904 venerari
2222 4850 2411 4903 solitos
2442 4864 2581 4904 esse.
2608 4848 2911 4914 Enimvero,
2943 4850 3034 4917 qui
3065 4847 3262 4925 Thebis

1717 4943 1939 4997 Boeotiae
1970 4942 2127 4995 deum
2162 4943 2311 4996 illum
2342 4958 2406 4997 ex
2436 4941 2563 4996 Jove
2591 4958 2655 4995 ac
2688 4941 2894 4994 Semele
2926 4952 3109 4994 natum
3143 4951 3265 4996 esse

1717 5034 1919 5094 dicant,
1952 5032 2003 5087 id
2039 5041 2237 5089 temere
2260 5049 2323 5087 ac
2364 5034 2551 5087 leviter
2601 5031 2831 5085 elIutire.
2871 5030 3077 5100 Quippe
3101 5074 3115 5097 ,
3164 5030 3265 5087 Or-

1719 5126 1913 5192 pheum
1944 5124 2110 5190 enim,
2141 5139 2264 5179 cum
2295 5124 2347 5176 in
2379 5123 2665 5191 Egyptnm
2695 5122 3135 5190 commigrasset,
3167 5123 3263 5177 iis—

1718 5229 1822 5281 que
1848 5215 2015 5267 sacris
2042 5215 2282 5269 initiatus
2318 5215 2369 5265 in
2401 5215 2639 5279 ipsorum
2682 5227 2895 5280 quoque
2926 5212 3119 5267 Bacchi
3145 5229 3263 5282 πην-

1720 5306 2006 5359 stcriorum
2040 5316 2243 5374 partem
2277 5320 2341 5358 ac
2368 5304 2675 5356 societatem
2732 5305 3002 5368 venisset,
3049 5314 3266 5371 propter

1717 5412 1858 5461 eam,
1896 5414 2015 5467 qua:
2060 5398 2161 5453 sibi
2193 5411 2313 5449 cum
2347 5394 2597 5449 Cadmeis
2626 5396 3027 5457 intercedebat,
3070 5394 3264 5447 amici-

1720 5489 1846 5540 tiam
1872 5531 1887 5553 ,
1916 5502 2160 5557 quosque
2191 5487 2258 5539 ab
2284 5484 2389 5539 illis
2420 5485 2652 5539 honores
2682 5492 2996 5553 acceperat,
3026 5484 3265 5538 numinis

1720 5579 1864 5633 illius
1895 5588 2072 5633 ortum
2116 5579 2169 5631 in
2196 5578 2433 5644 ipsorum
2465 5579 2688 5646 gratiam
2723 5575 3099 5639 transtulisse;
3134 5578 3265 5630 mul.

1720 5672 2001 5726 titudinem
2040 5678 2241 5731 autem,
2276 5669 2468 5737 partim
2499 5669 2832 5739 ignoratione
2856 5665 3115 5731 veritatis,
3145 5682 3266 5736 par-

1721 5786 1774 5839 in
1819 5785 1907 5837 illa
1939 5782 2050 5835 veri
2079 5782 2250 5849 patris
2270 5780 2629 5850 ignoratione,
2662 5796 2690 5835 a
2719 5778 2921 5834 Cadmo
2948 5777 3143 5833 Bacchi
3172 5796 3265 5849 paa

1724 5864 1926 5906 γοηιυιη
1958 5852 2279 5906 celebratum
2308 5866 2447 5907 esse.
