3980 6338
652 512 655 513 ν
693 452 761 500 99
1350 444 1433 496 bl)
1446 442 1614 495 SEBII
1646 438 2119 494 CESARIENSIS
2150 437 2299 491 OPP.
2336 435 2516 489 PARS
2546 433 2609 487 ll.
2648 460 2716 477 -—-
2738 430 3229 488 APOLOGETICA.
3794 428 3889 481 I00

694 565 793 615 tim
823 558 966 628 quod
999 559 1143 611 hunc
1176 554 1336 610 deum
1370 570 1564 625 genere
1592 553 1834 608 Graecum
1866 554 2050 607 haberi
2082 554 2243 607 vehe-

2356 551 2487 614 5ντα,
2531 551 2595 604 δι’
2646 550 2860 619 ἀνδρίαν
2904 547 3147 600 ἐπελθεῖν
3184 545 3381 615 πολλὴν
3415 542 3512 614 τῆς
3554 542 3893 614 οἰκουμένης,

698 661 905 705 menter
948 656 1188 717 optaret,
1232 647 1472 713 ejusdem
1501 661 1621 699 cum
1655 646 1897 699 initiaudi
1928 645 2099 709 ritus,
2128 653 2240 697 tum

2356 641 2730 706 ὲξοικειοῦσθαι
2750 641 2807 693 δὲ
2832 641 2991 693 αὐτὴν
3016 641 3140 702 τοὺς
3164 636 3447 705 Ἕλληνας,
3470 634 3564 688 καὶ
3589 636 3695 707 μὴν
3716 636 3894 704 ἓτερον

697 740 860 792 etiam
893 736 1142 807 mysteria
1171 735 1409 788 studiose
1441 749 1503 787 ac
1531 733 1755 785 libenter
1786 732 2074 785 admodum
2126 746 2245 785 esse

698 830 1054 897 completam.
1088 827 1351 880 Caeterum
1394 824 1645 892 Orpheo,
1696 823 2053 877 transferendi
2096 830 2246 876 ortus

700 919 980 982 numinis,
1030 916 1295 983 ejusmodi
1350 928 1511 966 ansas
1571 922 1625 965 et
1686 914 1998 966 occasiones
2058 911 2243 965 fuisse.

698 1008 960 1062 Cadmum
989 1008 1234 1059 videlicet
1269 1004 1466 1057 Thebis
1495 1002 1757 1071 ngyptiis
1789 1005 2098 1067 oriundum,
2124 1017 2245 1054 cum

700 1099 809 1170 48
839 1100 960 1152 aliis
986 1098 1190 1165 aliquot
1222 1096 1404 1149 liberis
1433 1092 1691 1147 Semelem
1724 1109 1938 1161 quoque
1969 1094 2244 1160 genuisse,

703 1191 842 1241 hanc
886 1202 1015 1240 vero
1059 1203 1088 1238 a
1135 1186 1313 1239 nescio
1344 1200 1451 1252 quo
1478 1183 1615 1237 forte
1652 1194 2052 1252 constupratam
2081 1224 2095 1247 ,
2128 1192 2249 1253 post

702 1288 901 1345 septem
936 1292 966 1329 a
1000 1283 1257 1343 conceptu
1292 1290 1501 1327 menses
1549 1274 1804 1327 infantem
1851 1274 2137 1342 peperisse,
2174 1277 2244 1337 ei,

704 1380 863 1434 quem
901 1366 1040 1433 apud
1074 1380 1130 1417 se
1169 1372 1353 1416 natum
1398 1362 1633 1433 Egyptii
1667 1364 1959 1431 praedicant
1986 1403 2000 1425 ,
2050 1362 2247 1415 Osiridi

705 1456 1064 1524 persimilem;
1097 1455 1363 1508 Cadmum
1388 1469 1516 1508 vero
1544 1452 1768 1506 infantis
1797 1453 1995 1505 mortui
2025 1453 2251 1506 cadaver

706 1562 838 1600 auro
879 1546 1272 1626 convestiisse,
1329 1544 1487 1611 eique
1541 1544 1808 1597 solemnes
1866 1543 2250 1596 sacriﬁciorum

704 1640 841 1691 ritus
887 1637 1183 1690 instituisse
1209 1676 1223 1699 ,
1254 1650 1317 1687 ac
1362 1634 1576 1688 demum
1622 1634 1791 1703 ipsius
1827 1634 2250 1703 procreationem

707 1727 825 1783 Jovi
863 1730 1201 1797 assignasse,
1237 1729 1338 1781 hoc
1365 1728 1551 1796 utique
1580 1727 1808 1781 consilio
1828 1767 1845 1792 ,
1876 1736 1936 1780 ut
1974 1743 2097 1781 cum
2130 1727 2251 1782 Osi—

709 1821 812 1874 ridi
840 1821 1173 1889 majestatem
1205 1821 1534 1883 conciliaret,
1564 1827 1678 1871 tum
1705 1820 1875 1887 ipSam
1904 1834 2118 1888 quoque
2144 1836 2255 1873 ma-

2348 734 2472 785 ὄντα
2503 732 2597 784 τοῦ
2630 732 2690 794 ἐξ
2734 731 3037 800 Ἀλκμήνης
3065 731 3197 800 παρ’
3230 728 3481 797 "sum
3507 726 3733 798 ὕστερόν
3766 745 3892 781 ποτε

2348 822 2657 891 γενομένου.
2697 824 2831 874 Φασὶ
2863 822 2917 874 δὲ
2949 822 3161 873 καὶτὸν
3203 820 3413 891 Περσέα
3454 818 3706 886 γενέσθαι
3750 820 3890 872 κατά

2348 914 2445 982 τὴν
2470 914 2767 979 Αἴγυπτον,
2804 913 2900 965 καὶ
2934 913 3030 981 τῆς
3070 912 3262 973 Ἴσιδος
3289 912 3387 980 τὴν
3420 909 3628 977 γένεσιν
3658 910 3761 961 ὑπὸ
3789 911 3891 961 τῶν

2363 1005 2623 1074 Ἑλλήνων
2651 1006 2727 1066 είς
2797 1010 2971 1073 Αργος
3012 1001 3425 1073 μεταφέρεσθαι,
3463 1001 3892 1071 μυθολογούντων

2352 1095 2516 1164 αὐτὴν
2548 1090 2684 1146 εἷναι
2730 1092 2832 1157 Ἰὼ,
2875 1093 2971 1163 τὴν
3004 1095 3081 1156 εἰς
3118 1094 3236 1161 βοὸς
3261 1092 3426 1143 τύπον
3460 1092 3895 1162 μεταμορφωθεί-

2354 1203 2470 1248 σαν,
2498 1186 2593 1255 τὴν
2620 1184 2785 1254 αὐτὴν
2807 1184 2882 1246 δὲ,
2899 1187 3022 1247 τοὺς
3050 1186 3144 1254 μὲν
3170 1180 3336 1246 Ἶσιν,
3357 1184 3478 1245 τοὺς
3503 1184 3559 1235 δὲ
3588 1185 3894 1254 Δήμητραν,

2352 1280 2475 1340 τοὺς
2500 1278 2555 1329 δὲ
2593 1277 2954 1347 Θεσμοφόρον,
2986 1277 3174 1339 ἄλλους
3201 1276 3258 1329 δὲ
3284 1276 3536 1345 Σελήνην,
3570 1276 3665 1327 καὶ
3706 1277 3896 1338 ἄλλους

2358 1368 2530 1438 Ἦραν
2557 1367 2809 1435 νομίζειν.
2846 1367 2948 1418 Τὸν
2979 1368 3034 1419 δὲ
3073 1369 3302 1437 Ὄσιριν,
3337 1368 3460 1427 τοὺς
3499 1367 3593 1435 μὲν
3634 1368 3894 1436 Σάραπιν,

2353 1477 2475 1521 τους
2515 1460 2569 1511 δὲ
2603 1460 2867 1521 Διόνυσον,
2897 1460 3021 1521 τοὺς
3051 1458 3107 1510 δὲ
3143 1453 3449 1519 Πλούτωνα,
3491 1460 3614 1519 τοὺς
3651 1457 3712 1509 δὲ
3760 1459 3894 1527 Ἀμ-

2358 1568 2528 1620 μωνα,
2559 1551 2681 1612 τοὺς
2710 1549 2765 1602 δὲ
2804 1549 2920 1613 Δία,
2968 1549 3180 1621 ἐτέρους
3209 1548 3266 1600 δὲ
3310 1549 3463 1600 Πᾶνα
3505 1548 3764 1617 νομίζειν.
3801 1549 3899 1600 Εὑ-

2356 1638 2517 1709 ρετὴν
2544 1639 2599 1691 δὲ
2620 1638 2869 1707 γενέσθαι
2889 1638 2985 1708 τὴν
3015 1632 3156 1690 Ἶσίν
3186 1654 3316 1705 φασι
3344 1640 3643 1709 φαρμάκων
3672 1638 3895 1701 πολλῶν,

2356 1730 2447 1781 καὶ
2487 1730 2728 1799 ἰατρικῆς
2761 1728 3086 1798 ἐπιστήμης
3120 1728 3296 1797 εὑρεῖν
3321 1728 3379 1780 δὲ
3407 1730 3502 1780 καὶ
3538 1729 3598 1781 τὸ
3638 1730 3739 1798 τῆς
3764 1730 3897 1782 ἀθα-

2355 1820 2544 1883 νασίας
2592 1822 2897 1891 φάρμακον,
2940 1819 3006 1871 δι’
3050 1811 3110 1871 οὗ
3152 1820 3244 1873 τὸν
3284 1818 3396 1873 υίδν
3437 1820 3599 1889 Ὧρον
3646 1820 3751 1873 ὑπὸ
3794 1821 3899 1873 τῶν

711 1918 846 1964 trem
878 1926 905 1962 a
943 1910 1110 1979 stupri
1125 1910 1305 1983 ‘oblati
1338 1908 1558 1963 infamia
1591 1909 1861 1963 liberaret.
1898 1909 2053 1962 Hunc
2095 1910 2255 1979 igitur

2356 1912 2592 1965 Τιτάνων
2628 1911 3093 1973 ἐπιϐουλευθέντα,
3130 1913 3222 1963 καὶ
3248 1912 3437 1981 νεκρὸν
3465 1910 3754 1982 εὑρεθέντα
3780 1912 3897 1965 καθ’

713 2000 768 2051 in
808 1999 1027 2051 modum
1059 2014 1301 2068 sparsam
1339 1999 1483 2052 illam
1512 1999 1652 2067 apud
1695 2000 1910 2054 Graecos
1942 2000 2008 2052 de
2047 1999 2257 2053 Osiride

709 2087 909 2143 famam
938 2103 1084 2154 esse,
1122 2089 1265 2156 quod
1294 2103 1416 2141 eum
1447 2103 1513 2141 ex
1550 2087 1683 2141 Jove
1709 2086 1915 2142 Semele
1939 2088 2123 2141 Cadmi
2150 2088 2256 2141 ﬁlia

712 2180 1079 2247 suscepisset;
1108 2194 1213 2247 qua
1247 2178 1552 2233 fabularum
1580 2181 1871 2248 scriptores
1895 2181 2077 2233 omnia
2109 2190 2257 2247 post-

710 2271 929 2323 modum
954 2270 1159 2323 theatra
1180 2270 1583 2338 compleverint,
1615 2285 1787 2338 eoque
1823 2270 2033 2323 tandem
2062 2270 2257 2323 factum

713 2370 833 2409 esse
857 2397 871 2421 ,
901 2365 961 2409 ut
1001 2365 1256 2420 constans
1286 2358 1404 2425 ejus
1433 2367 1486 2411 et
1515 2359 1835 2412 inconcussa
1864 2359 1994 2412 ﬁdes
2021 2368 2259 2427 postero-

715 2458 837 2496 rum
884 2444 1152 2497 mentibus
1198 2444 1468 2498 insideret.
1523 2443 1663 2509 Quin
1712 2446 1869 2498 etiam
1912 2444 2124 2497 Grmcos
2152 2484 2167 2508 ,
2202 2452 2259 2497 ut

715 2534 877 2587 verbo
909 2534 1103 2596 dicam,
1138 2534 1513 2589 celeberrimos
1539 2550 1781 2604 quosque
1809 2537 1960 2589 aiunt
1987 2535 2262 2606 Egyptio-

714 2640 833 2677 rum
866 2624 1060 2677 heroas
1089 2632 1251 2694 atque
1293 2625 1425 2679 deos
1452 2626 1555 2680 sibi
1585 2635 1837 2696 tanquam
1868 2631 2114 2695 proprios
2139 2630 2258 2681 vin-

715 2716 943 2770 dicasse.
997 2712 1129 2768 Nam
1176 2714 1456 2770 Herculem
1497 2718 1659 2771 etiam
1685 2759 1700 2783 ,
1748 2717 2030 2787 Egyplius
2068 2734 2260 2788 genere

716 2822 839 2859 cum
872 2815 1049 2870 esset,
1083 2821 1148 2859 ac
1192 2806 1453 2875 singulari
1486 2807 1796 2861 fortitudine
1824 2808 2077 2876 praeditus
2100 2846 2113 2870 ,
2141 2823 2258 2862 ma-

718 2911 877 2965 gnam
931 2896 1080 2949 orbis
1138 2904 1405 2949 terrarum
1462 2908 1669 2966 partem
1718 2898 1955 2963 obiisse;
2014 2898 2259 2952 eumdem

716 2988 897 3035 tamen
942 2983 1098 3051 quasi
1124 2982 1367 3037 Graecum
1404 3000 1433 3037 a
1467 2984 1666 3039 Grazcis
1699 2987 1977 3054 praedicari
2005 3028 2019 3053 ,
2049 2988 2259 3041 tametsi

718 3070 873 3141 longe
904 3073 973 3125 ab
1021 3073 1188 3127 altero
1219 3074 1450 3142 quodam
1494 3073 1717 3128 Ilercule
1761 3076 2030 3129 diversum
2055 3116 2069 3139 ,
2101 3092 2257 3145 quem

718 3163 776 3218 in
825 3162 1028 3216 Graecia
1066 3164 1250 3217 multis
1279 3174 1401 3231 post
1432 3165 1641 3217 steculis
1690 3164 1943 3218 Alcmena
1976 3167 2256 3236 pepererit.

717 3251 934 3304 Addunt
960 3250 1211 3306 Perseum
1244 3267 1457 3321 quoque
1480 3253 1655 3315 lucem
1686 3254 1738 3305 in
1768 3253 1998 3323 Egypto
2028 3256 2257 3323 primum

719 3342 1031 3408 aspexisse,
1065 3352 1119 3394 et
1166 3340 1447 3409 ipsiusmet
1491 3343 1647 3396 Isidis
1677 3344 1937 3412 originem
1984 3361 2013 3398 a
2061 3344 2260 3399 Graecis

721 3430 1031 3485 hominibus
1057 3433 1370 3485 translatam
1388 3432 1560 3498 Argos
1582 3432 1765 3497 fuisse,
1790 3437 1881 3503 qui
1904 3437 2040 3499 hanc
2068 3437 2259 3504 ipsam,

721 3521 779 3578 Io
806 3523 955 3575 bovis
980 3524 1032 3575 in
1076 3523 1298 3591 ﬁguram
1329 3524 1617 3591 aliquando
1649 3536 1910 3579 mutatam
1956 3542 2074 3580 esse
2112 3528 2265 3581 fabu-

724 3612 938 3677 lentur;
970 3628 1091 3665 cum
1117 3614 1357 3666 eamdem
1386 3622 1560 3666 tamen
1593 3614 1695 3669 Isin
1723 3616 1835 3678 alii,
1868 3618 1957 3669 alii
1990 3617 2261 3680 Cererem,

726 3700 1197 3769 Thesmoplioron,
1230 3690 1330 3755 hoc
1374 3714 1456 3756 est
1498 3704 1767 3773 legiferam
1793 3746 1806 3769 ,
1852 3708 1942 3759 alii
1972 3748 1987 3772 ,
2022 3710 2263 3762 nonnulli

727 3791 932 3845 Lunam
953 3832 967 3855 ,
996 3795 1088 3845 alii
1116 3796 1345 3861 denique
1371 3792 1634 3848 Iunonem
1664 3810 1782 3849 esse
1812 3799 2115 3865 opinentur.
2144 3799 2265 3853 Osi-

725 3886 810 3937 rin
835 3895 1009 3938 autem
1040 3901 1068 3938 a
1091 3888 1413 3953 quibusdam
1446 3887 1691 3957 Sarapin,
1719 3890 1986 3947 Bacchum
2014 3896 2083 3947 ab
2107 3896 2227 3950 aliis
2246 3937 2261 3962 ,

726 3990 757 4027 a
809 3977 1079 4029 nonnullis
1129 3974 1451 4041 Plutonem,
1499 3979 1567 4031 ab
1615 3981 1735 4035 aliis
1773 3982 2130 4051 Ammonem,
2182 3988 2264 4040 vel

726 4063 908 4119 Jovem
930 4104 945 4128 ,
971 4069 1055 4119 vel
1086 4065 1243 4119 Pana'
1263 4070 1576 4123 existimari.
1613 4069 1732 4124 Iam
1762 4073 1829 4125 ab
1861 4072 1998 4129 Iside
2032 4077 2264 4130 remedia

728 4156 985 4225 pleraque
1015 4160 1293 4227 ipsamque
1318 4166 1452 4214 adeo
1488 4146 1764 4216 medicina.-
1796 4174 1963 4217 artem
1996 4167 2263 4222 inventam

728 4260 847 4299 esse
876 4247 1119 4311 tradunt,
1148 4265 1210 4303 ac
1238 4251 1397 4304 simul
1426 4253 1843 4308 immortalitatis
1874 4256 2218 4323 pharmacum
2246 4277 2259 4324 ;

729 4336 887 4404 cujus
934 4336 1020 4389 illa
1053 4336 1105 4389 vi
1150 4336 1317 4392 Orum.
1370 4341 1534 4394 lilium
1568 4358 1726 4410 quem
1776 4343 2024 4399 Titanum
2060 4348 2265 4403 insidiis

729 4435 1052 4495 exceptum,
1100 4443 1162 4481 ac
1211 4438 1479 4483 mortuum
1515 4432 1568 4483 in
1612 4436 1766 4501 aquis
1812 4447 2078 4503 repertum
2105 4476 2121 4502 ,
2156 4455 2261 4492 non

2328 2026 2331 2029 -
2358 2000 2567 2065 ὕδατος,
2594 2002 2666 2071 μὴ
2703 2004 2857 2071 μόνον
2886 1996 3178 2071 ἀναστῆσαι
3200 2002 3392 2055 δοῦσαν
3417 2002 3513 2073 τὴν
3544 2003 3739 2075 ψυχὴν,
3766 2006 3897 2058 ἀλλά

2357 2093 2447 2143 καὶ
2470 2093 2564 2161 τῆς
2602 2093 2890 2155 ἀθανασίας
2918 2094 3137 2161 ποιῆσαι
3166 2094 3504 2162 μεταλαϐεῖν.
3534 2096 3636 2148 Τὸν
3654 2096 3711 2147 δὲ
3735 2090 3896 2164 Ὦρον

2358 2182 2580 2234 ὕστατον
2627 2184 2753 2235 ὂντα
2783 2183 2889 2237 τῶν
2938 2184 3094 2246 θεῶν,
3132 2184 3436 2253 βασιλεῦσαι
3467 2187 3563 2256 τῆς
3607 2186 3895 2253 Αἰγύπτου.

2356 2273 2902 2343 Μεθερμηνευὸμενον
2935 2275 2990 2327 δέ
3039 2289 3200 2343 φασιν
3227 2275 3382 2327 αὐτὸν
3410 2273 3545 2329 εἷναι
3572 2276 3660 2329 τὸν
3712 2276 3898 2328 Ἀπόλ-

2357 2363 2518 2426 λωνα,
2555 2367 2651 2434 τήν
2674 2384 2730 2418 τε
2761 2367 3003 2437 ἰατρικὴν
3031 2367 3122 2418 καὶ
3149 2368 3409 2437 μαντικὴν
3445 2368 3546 2419 ὑπὸ
3572 2367 3669 2437 τῆς
3701 2368 3900 2439 μητρὸς

2360 2457 2550 2520 Ἴσιδος
2573 2458 2901 2529 διδαχθέντα,
2927 2458 3013 2511 διὰ
3043 2459 3148 2511 τῶν
3177 2460 3455 2529 χρησμῶν,
3484 2462 3577 2512 καὶ
3604 2460 3900 2531 θεραπειῶν

2357 2549 2677 2618 εὐεργετεῖν.
2721 2552 3096 2619 Συμφωνεῖται
3149 2550 3205 2602 δὲ
3259 2550 3406 2620 παρά
3451 2552 3561 2612 τοῖς
3610 2548 3898 2611 πλείστοις,

2357 2637 2437 2689 ὅτι
2471 2642 2581 2700 τοῖς
2622 2641 2746 2709 περὶ
2778 2640 2867 2692 τὸν
2909 2639 3005 2691 Δία
3046 2641 3137 2692 καὶ
3180 2641 3269 2693 τὸν
3307 2642 3516 2710 Ὄσιριν
3564 2638 3723 2702 θεοῖς,
3766 2637 3903 2691 κατά

2357 2732 2456 2800 τὴν
2494 2731 2683 2793 Ἴσιδος
2724 2732 2935 2801 ἡλικίαν
2962 2734 3335 2804 μεγαλόσωμοί
3368 2750 3507 2796 τινες
3537 2733 3790 2800 Γίγαντες
3813 2731 3903 2782 ἐπὶ

2357 2820 2417 2870 τὸ
2462 2820 2759 2890 τερατῶδες
2803 2823 3181 2893 κοσμούμενοι,
3236 2823 3465 2893 πόλεμον
3511 2825 3753 2895 ἤγειραν.
3803 2823 3906 2875 Νο-

2365 2908 2649 2979 μοθετῆσαι
2705 2911 2760 2963 δὲ
2825 2915 2945 2976 τοὺς
2999 2914 3322 2981 Αἰγυπτίους
3386 2917 3579 2982 γαμεῖν
3643 2913 3895 2981 ἀδελφὰς,

2358 2998 2444 3052 διὰ
2473 3001 2531 3052 τὸ
2560 3002 2655 3072 τὴν
2679 2997 2816 3055 Ἶσιν
2848 3002 2923 3073 τῷ
2968 3004 3189 3076 Ὀσίριδι
3222 3002 3429 3071 ἀδελφῷ
3470 3003 3579 3055 ὄντι
3614 3004 3782 3073 αὐτῆς
3810 3020 3905 3070 γα-

2364 3091 2615 3161 μηθῆναι.
2669 3112 2686 3144 ι
2743 3095 2849 3146 Καὶ
2887 3094 3055 3147 ταῦτα
3084 3096 3177 3165 μὲν
3206 3095 3330 3166 περὶ
3370 3093 3569 3148 τούτων
3613 3088 3900 3166 ἱστοροῦσι.

2286 3225 2327 3283 C
2360 3183 2492 3253 Περὶ
2520 3183 2575 3235 δὲ
2598 3184 2702 3234 τῶν
2728 3184 3112 3254 ἀφιερωμένων
3139 3180 3435 3254 ζώων“(5ιι)
3465 3186 3582 3237 κατ’
3614 3186 3903 3252 Αἴγυπτον,

2359 3273 2589 3335 τοιοῦτός
2634 3292 2717 3336 τις
2754 3277 2881 3344 παρ’
2928 3276 3109 3337 αὐτοῖς
3145 3276 3359 3345 κατέχει
3402 3276 3574 3343 λόγος.
3620 3277 3772 3339 Τινὲς
3812 3277 3903 3346 μέν

2360 3381 2489 3431 φασι
2520 3366 2643 3426 τοὺς
2672 3364 2730 3428 ἐξ
2751 3366 2921 3435 ἀρχῆς
2959 3367 3279 3437 γενομένους
3303 3368 3475 3432 θεοὺς,
3514 3369 3723 3437 ὀλίγους
3750 3368 3902 3430 ὄντας

2360 3452 2452 3510 καὶ
2484 3454 2932 3522 κατισχυομένους
2969 3456 3070 3507 ὑπὸ
3100 3456 3189 3508 τοῦ
3232 3457 3464 3529 πλήθους
3500 3459 3591 3511 καὶ
3655 3459 3753 3529 τῆς
3784 3459 3905 3510 ἀσε-

2362 3545 2510 3607 ϐείας
2534 3547 2637 3598 τῶν
2654 3547 2895 3615 γηγενῶν
2920 3548 3238 3619 ἀνθρώπων,
3260 3549 3585 3619 ὁμοιωθῆναί
3615 3566 3753 3602 τισιν
3782 3549 3903 3604 ἁλό-

2361 3654 2476 3704 γοις
2507 3636 2681 3701 ζώοις,
2716 3641 2805 3690 καὶ
2833 3639 3001 3702 οὓτως
3025 3640 3318 3709 διαφυγεῖν·
3360 3640 3544 3692 ἔπειτα
3586 3640 3743 3711 χάριν
3773 3642 3904 3694 ἀπο-

2360 3727 2592 3790 διδόντας
2616 3729 2712 3799 τῆς
2740 3729 3023 3799 σωτηρίας,
3054 3731 3351 3800 ἀφιερῶσαι
3375 3730 3471 3792 τὰς
3507 3731 3693 3798 φύσεις
3734 3730 3905 3783 αὐτῶν

2361 3818 2465 3871 τῶν
2495 3820 2663 3883 ζώων,
2696 3815 2773 3883 οἷς
2802 3820 3242 3892 ἀφωμοιώθησαν.
3289 3823 3350 3873 Οἱ
3389 3822 3445 3874 δέ
3481 3839 3657 3890 φασιν,
3698 3823 3755 3874 ἔν
3793 3824 3905 3882 ταῖς

2363 3910 2496 3980 πρὸς
2540 3913 2660 3974 τοὺς
2706 3913 2988 3981 πολεμίους
3044 3911 3350 3980 συμϐολαῖς,
3394 3900 3906 3975 κατασκευάσαντας

2363 4001 2571 4063 εἰκόνας
2595 4003 2700 4054 τῶν
2731 4002 2900 4065 ζώων,
2924 4002 2959 4053 ἃ
2988 4002 3079 4054 νῦν
3111 4002 3324 4071 τιμῶσι,
3359 4008 3537 4074 φορεῖν
3558 4002 3758 4065 ταύτας
3784 4003 3905 4063 τοὺς

2363 4092 2627 4161 ἡγεμόνας
2654 4094 2744 4146 ἐπὶ
2778 4094 2877 4162 τῆς
2917 4094 3173 4164 κεφαλῆς,
3203 4095 3293 4146 καὶ
3322 4094 3477 4147 τοῦτο
3507 4093 3788 4165 γνώρισμα
3814 4095 3905 4163 τῆς

2362 4180 2534 4249 ἀρχῆς
2566 4179 2727 4249 ἔχειν·
2754 4180 2811 4231 ὲν
2845 4182 2901 4233 δὲ
2927 4185 3046 4244 ταῖς
3072 4182 3209 4234 κατά
3236 4183 3341 4234 τῶν
3382 4182 3585 4252 ἐχθρῶν
3614 4182 3808 4245 νίκαις,
3834 4181 3904 4242 ὡς

2364 4270 2427 4323 ἂν
2475 4270 2620 4323 αἴτια
2658 4270 2723 4323 τά
2763 4271 2875 4335 ζῶα
2903 4274 3185 4342 γενόμενα,
3215 4269 3287 4327 ὧν
3320 4275 3416 4337 τὰς
3458 4274 3666 4335 εἰκόνας
3698 4273 3901 4344 ἔφερον,

2362 4359 2684 4415 ἀποθεῶσαι.
2730 4362 2938 4431 Ἕτεροι
2985 4363 3041 4415 δὲ
3075 4364 3261 4433 τρίτην
3308 4364 3484 4416 αἰτίαν
3534 4364 3773 4433 φέρουσι,
3814 4364 3904 4433 τῆς

2362 4452 2545 4522 χρείας
2603 4452 2757 4505 ἕνεκα
2811 4452 2915 4505 τῶν
2988 4454 3139 4518 ζώων
3204 4455 3499 4525 φάσκοντες
3570 4454 3708 4507 αὐτὰ
3765 4470 3904 4507 τετι-

730 4523 938 4570 tantutn
970 4518 1022 4569 in
1050 4518 1223 4573 lucem
1252 4522 1458 4575 reddito
1482 4523 1662 4575 animo
1687 4528 1966 4590 revocarit,
1994 4529 2084 4581 sed
2103 4531 2257 4583 etiam

2364 4518 2588 4611 μῆσθαι.
2624 4541 2732 4612 Τὴν
2783 4545 2877 4613 μὲν
2924 4545 3030 4614 γὰρ
3077 4518 3291 4614 θήλειαν
3350 4544 3472 4615 βοῦν
3503 4584 3517 4609 ,
3568 4546 3769 4599 τίκτειν
3819 4545 3904 4598 καὶ

732 4607 1133 4661 immortalitate
1161 4610 1391 4663 donarit.
1418 4610 1587 4665 Porro
1617 4614 1759 4668 hunc
1790 4618 1977 4679 Orum,
2016 4618 2108 4686 qui
2137 4620 2256 4672 deo-

2366 4607 2547 4701 dp'oﬁv.
2607 4607 2700 4685 Τὰ.
2732 4607 2794 4685 δέ
2851 4607 3095 4705 πρόόἀτα
3130 4607 3361 4687 ’τίκτειν
3401 4607 3737 4707 καὶίσκέπην
3772 4650 3905 4705 παρ-

731 4713 850 4751 rum
884 4697 1205 4751 novissimus
1229 4708 1344 4763 est,
1380 4702 1432 4754 in
1462 4702 1693 4772 Egypto
1720 4720 1971 4775 regnasse
1993 4748 2007 4772 ,
2038 4708 2257 4777 ejusque

2362 4697 2523 4793 ἐχειν,
2559 4726 2651 4776 καί
2677 4726 2774 4793 τὴν
2818 4697 2906 4779 διά
2929 4727 3020 4779 τοῦ
3052 4728 3315 4795 γάλακτος
3354 4729 3563 4782 καὶτοῦ
3595 4697 3758 4800 τυροῦ
3788 4697 3905 4801 τρο-

732 4804 947 4851 nomen,
986 4790 1323 4857 interpretari
1353 4793 1399 4845 si
1428 4794 1576 4859 velis,
1603 4797 1898 4862 Apollinem
1931 4800 2259 4868 significare;

734 4880 823 4943 qui
858 4881 995 4947 quod
1027 4882 1095 4933 ab
1125 4880 1259 4934 Iside
1303 4892 1519 4950 parente
1560 4886 1805 4940 medendi
1849 4904 1913 4943 ac
1940 4891 2262 4946 vaticinandi

735 4976 902 5020 artem
946 4971 1239 5035 didicisset,
1280 4973 1502 5029 edendis
1549 4978 1782 5033 oraculis
1820 4981 2129 5053 morbisque
2175 5000 2265 5038 sa-
2363 4991 2617 5063 λούμενον

735 5061 930 5113 nandis
974 5065 1173 5130 optime
1211 5065 1276 5118 de
1303 5067 1582 5119 hominum
1623 5083 1815 5136 genere
1853 5085 2140 5129 mereatur.
2173 5076 2268 5131 Est

734 5159 913 5203 autem
950 5151 1062 5205 haec
1085 5158 1383 5211 communis
1410 5159 1761 5226 plurimorum
1790 5164 2113 5219 existimatio
2134 5207 2149 5230 ,
2175 5167 2266 5221 Gi-

735 5249 925 5309 gantas
959 5241 1217 5307 quosdam
1249 5244 1468 5298 immani
1511 5257 1766 5317 vastaque
1805 5250 1944 5303 mole
1982 5255 2222 5321 corporis
2246 5296 2261 5320 ,

2366 4816 2488 4882 φήν.
2520 4815 2624 4866 Τὸν
2672 4815 2726 4866 δὲ
2766 4815 2898 4868 κύνα
2944 4818 3282 4889 συνθηρεύειν
3309 4819 3627 4890 ἀνθρώποις,
3672 4820 3767 4873 καὶ
3811 4837 3905 4888 φυ-

2365 4901 2613 4956 λακτικὸν
2642 4900 2796 4957 εἶναι.
2828 4906 3021 4978 Διόπερ
3049 4909 3137 4961 τὸν
3161 4908 3280 4961 θεὸν
3315 4910 3404 4963 τὸν
3433 4913 3561 4979 παρ’
3597 4910 3778 4973 αὐτοῖς
3814 4926 3902 4962 κα-

2654 4997 2918 5059 Ἀνουδιν,
2962 4999 3117 5063 κυνὸς
3162 5001 3300 5071 ἔχειν
3336 5000 3587 5071 κεφαλήν
3631 5000 3902 5071 ἐμφαίνον-

2365 5098 2473 5146 τες,
2506 5085 2589 5137 ὅτι
2625 5088 3017 5156 σωματοφύλαξ
3056 5086 3121 5160 ἦν
3150 5091 3254 5145 τῶν
3286 5092 3410 5160 περὶ
3434 5091 3525 5144 τὸν
3562 5092 3771 5162 Ὄσιριν
3816 5091 3900 5143 καὶ

2361 5172 2459 5242 τὴν
2506 5171 2663 5229 Ἶσιν.
2716 5179 2884 5231 Ἔνιοι
2930 5179 2987 5230 δέ
3032 5196 3181 5247 φασι,
3218 5181 3315 5251 τῆς
3345 5180 3535 5243 Ἴσιδος
3575 5180 3900 5253 προηγουμέ-

2358 5279 2457 5333 ,νης
2488 5266 2608 5327 τοὺς
2641 5267 2823 5333 κύνας,
2853 5269 2973 5323 καθ’
3006 5270 3063 5321 ὃν
3110 5273 3294 5342 καιρὸν
3339 5273 3511 5343 ἐζήτει
3546 5273 3635 5327 τὸν
3676 5272 3896 5344 Ὄσιριν,

738 5345 801 5383 ac
836 5332 1140 5401 prodigiose
1176 5336 1404 5400 quodam
1434 5339 1726 5394 insuuctos
1756 5354 2008 5409 apparatu
2030 5383 2045 5408 ,
2078 5343 2257 5399 Jovem

2358 5332 2431 5407 71d
2462 5356 2711 5427 reﬁnpia
2753 5361 2843 5413 xui.
2884 5364 3009 5424 τοὺς
3053 5332 3428 5425 ἀπαντῶντας.
3457 5363 3754 5434 ἀπείργειν.
3800 5332 3899 5415 kal

740 5420 1044 5490 Osirimque
1090 5423 1239 5486 deos,
1284 5426 1438 5481 Isidis
1484 5434 1813 5501 temporibus
1874 5433 2011 5486 bello
2053 5435 2264 5491 lacessi-

2364 5445 2453 5495 τὸν
2486 5446 2582 5514 μὲν
2611 5448 2855 5519 αἴλουρον
2889 5453 3020 5523 πρὸς
3055 5453 3149 5515 τὰς
3195 5454 3419 5514 ἀσπίδας
3461 5455 3674 5508 εῡθετον
3726 5452 3896 5522 incip-

739 5509 903 5567 vissc.
929 5513 1006 5565 Ex
1032 5529 1097 5567 eo
1136 5514 1363 5583 denique
1401 5517 1566 5587 legem
1608 5523 1750 5576 illam
1796 5522 2164 5594 Egyptiorum
2198 5530 2257 5582 de

2366 5509 2599 5604 χειν-καὶ
2649 5540 2715 5593 τὰ
2743 5509 2876 5595 ἀλλα
2905 5509 3102 5597 δακετά
3130 5509 3239 5597 τῶν
3268 5509 3521 5616 ἑρπετῶν,
3547 5548 3636 5601 τὸν
3660 5546 3717 5599 δὲ
3738 5509 3899 5617 Ipsiu-

741 5604 1080 5657 matrimonio
1108 5621 1227 5659 cum
1253 5608 1526 5665 sororibus
1555 5612 1784 5668 ineundo
1812 5615 2032 5671 fluxisse
2058 5617 2259 5685 volunt,

763 5714 921 5797 ..(51)
968 5718 1385 5797 Ἀεεερῳμένων
1428 5719 1594 5783 ζώων.
1640 5726 1925 5797 Sequenti:

740 5774 825 5840 Iibv
866 5774 915 5843 ι,’
937 5800 985 5851 p.
1021 5774 1087 5840 ⁷76
1110 5774 1166 5842 ὶι
1190 5774 1303 5859 seq.

2369 5644 2521 5695 μονα,
2550 5632 2618 5682 τὰ
2659 5632 2765 5685 τῶν
2808 5635 3155 5705 κροκοδείλων
3182 5637 3263 5690 ὠά
3305 5638 3622 5707 συντρίὸειν,
3669 5638 3895 5709 ἀναιρεῖν

1980 5732 2044 5788 de
2095 5734 2447 5795 animantium
2494 5746 2633 5813 apud
2691 5745 2975 5819 Egyptios
3016 5753 3435 5816 consecratione,
3471 5751 3732 5808 Diodorus
3786 5752 3893 5807 fuse
