4028 6332
133 519 214 573 {Ol

1255 503 1567 562 PR/EPAB.
1610 500 1868 556 EVANG.
1911 499 2037 554 LIB.
2080 499 2143 554 Il.

3239 494 3339 547 Ιοὲ

130 655 182 693 τε
211 638 299 691 καὶ
330 637 449 700 τοὺς
489 631 854 704 κροκοδείλους
888 629 1042 702 πηλῷ
1069 628 1404 699 κυλιόμενον,
1435 627 1527 680 καὶ
1559 627 1676 678 ὲπι-

1774 620 1883 692 49
1923 620 2066 687 quod
2096 618 2270 672 Osiris
2297 617 2502 686 primus
2528 615 2718 670 Isidem
2751 629 2990 670 sororem
3020 614 3073 667 in
3111 628 3333 669 uxorem

132 730 371 798 πηδῶντα
394 729 640 798 κεχῄνοσι
682 729 789 788 τοῖς
825 723 1072 794 στόμασι,
1116 721 1445 790 διαφαγόντα
1477 736 1536 770 τε
1572 718 1672 771 αύ-

133 821 232 872 τῶν
269 820 335 872 τὰ
370 820 513 881 ἐντος
541 820 641 888 τῆς
698 817 936 878 κοιλίας,
971 815 1196 884 νεκροὺς
1242 809 1667 881 ἀπεργάζεσθαι.

135 912 242 963 Τῶν
288 911 344 963 δὲ
381 911 601 980 ὀρνέων,
644 907 738 978 τὴν
784 908 880 977 μὲν
931 906 1035 957 ἶϐιν
1082 904 1358 974 χρησίμην
1412 901 1673 970 ὑπάρχειν

135 1002 256 1073 πρός
277 1020 335 1053 τε
356 1003 476 1063 τοὺς
504 1001 656 1069 ὄφεις
677 999 770 1052 καὶ
796 998 893 1060 τὰς
922 997 1145 1067 ἀκρίδας
1171 997 1260 1047 καὶ
1291 995 1386 1057 τὰς
1426 993 1669 1062 κάμπας·

133 1097 213 1148 τὸν
237 1095 292 1148 δὲ
346 1095 556 1166 ἱέρακα,
598 1093 734 1163 πρὸς
769 1091 896 1152 τοὺς
939 1088 1230 1158 σκορπίους
1262 1088 1354 1139 καὶ
1381 1085 1669 1154 κεράστας,

133 1189 215 1241 καὶ
243 1188 308 1240 τὰ
342 1186 507 1257 μικρά
537 1186 645 1238 τῶν
673 1178 1162 1252 δακετῶείθηρίων,
1204 1180 1294 1232 καὶ
1325 1177 1410 1230 διὰ
1442 1177 1501 1228 τὸ
1536 1193 1676 1245 συμ-

138 1277 404 1333 ϐάλλεσθαι
435 1281 553 1339 ταῖς
590 1276 888 1347 μαντείαις·
921 1273 1008 1324 τὸν
1032 1273 1076 1324 δ’
1108 1270 1387 1328 ἁετὸν,διὰ
1424 1268 1483 1320 τὸ
1523 1268 1676 1337 βασι-

138 1367 267 1420 λικδν
296 1364 446 1420 εἶναι·
478 1367 568 1419 τὸν
596 1366 652 1418 δὲ
677 1365 875 1435 τράγον
910 1362 1068 1430 φασὶν
1103 1357 1520 1419 ἁποτεθεῶσθαι,
1579 1371 1676 1408 κα-

139 1459 297 1529 θάπερ
327 1459 553 1518 καὶτοῖς
586 1455 807 1523 Ἕλλησι
835 1453 925 1504 τὸν
971 1450 1234 1521 Πρίαπον,
1266 1449 1352 1501 διὰ
1399 1448 1458 1500 τὸ
1490 1463 1676 1517 γεννη-

137 1551 268 1600 τικδν
301 1550 497 1618 μήριον·
534 1547 597 1598 τὺ
640 1547 736 1615 μὲν
768 1545 874 1614 γὰρ
905 1542 1040 1606 ζῶον
1075 1537 1210 1592 εἴναι
1240 1539 1395 1591 τοῦτο
1431 1554 1676 1603 κατωφε-

141 1641 372 1708 ρέστατον
405 1639 538 1709 πρὸς
564 1636 666 1698 τὰς
716 1633 1017 1694 συνουσίας,
1044 1631 1104 1682 τὸ
1134 1630 1190 1682 δὲ
1237 1630 1417 1699 μόριον
1446 1628 1536 1680 τοῦ
1568 1627 1676 1680 σώ-

143 1745 314 1796 ματος,
345 1729 401 1780 τὸ
427 1729 523 1797 τῆς
553 1728 818 1794 γενέσεως
845 1726 1036 1784 αἴτιον,
1068 1721 1325 1792 τιμᾶσθαι
1371 1720 1677 1790 προσηκόν-

136 1835 249 1880 τως,
283 1819 354 1881 ὡς
381 1818 442 1870 ἂν
481 1818 720 1888 ἀρχηγὸν
748 1816 806 1869 δν
836 1815 937 1884 τῆς
971 1815 1076 1867 τῶν
1106 1813 1259 1876 ζώων
1293 1813 1523 1880 φύσεως.
1563 1813 1680 1866 Κα-

137 1909 273 1962 θόλου
295 1911 348 1962 δὲ
380 1909 436 1961 τὸ
463 1909 682 1970 αἰδοῖον,
723 1909 782 1959 οὐ
814 1906 927 1960 κατ’
967 1906 1291 1974 Αἰγυπτίους
1332 1905 1508 1974 μόνον,
1541 1905 1675 1957 ἀλλὰ

1775 714 2090 782 accepisset.
2131 731 2150 762 ι
2182 711 2356 778 Atque
2403 708 2707 774 hujusmodi
2743 716 2886 770 sunt,
2916 721 3036 774 qua!
3065 706 3130 760 de
3161 705 3333 757 homi-

1777 804 1935 856 nibus
1983 803 2037 854 in
2090 801 2224 855 deos
2272 799 2604 852 consecratis
2660 795 3036 865 [Egypliortttn
3100 795 3335 849 historia’

1773 892 2147 960 prodiderunt.
2177 889 2296 943 Jam
2338 903 2466 940 vero
2495 888 2561 940 de
2591 886 2902 939 animalium
2931 887 3336 940 consecratione

1774 984 1889 1036 hrec
1923 984 1990 1036 ab
2034 981 2222 1036 iisdem
2273 979 2383 1032 fere
2421 978 2560 1031 tradi
2607 979 2801 1030 solent.
2843 977 3176 1041 Quibusdam
3210 991 3333 1029 sane

1773 1071 1966 1138 placet,
1990 1071 2082 1139 qui
2106 1071 2174 1122 ab
2200 1069 2357 1121 initio
2377 1067 2449 1118 dii
2485 1065 2704 1127 fuerint,
2736 1079 2858 1118 cum
2884 1065 2954 1116 oh
2971 1066 3336 1135 paucitatem,

1773 1161 2440 1214 hominum'terrenorum
2493 1139 2687 1225 partim
2745 1156 3092 1209 multitttdiue
3143 1158 3336 1225 partim

1773 1252 2047 1321 impietate
2086 1253 2554 1321 opprimerentur,
2609 1264 2705 1303 eos
2756 1248 3072 1301 animalium
3127 1250 3336 1304 ratione

1771 1346 2071 1396 carentium
2105 1342 2276 1395 forma
2322 1350 2492 1394 tectos
2531 1341 2830 1409 periculum
2873 1341 3194 1402 declinasse,
3240 1355 3330 1394 eo-

1774 1449 2004 1502 rumque
2055 1445 2298 1493 naturas,
2354 1445 2585 1500 quorum
2645 1431 2875 1483 mutuati
2933 1432 3338 1485 similitudinem

1774 1526 2009 1590 fuerant,
2054 1534 2109 1578 ut
2143 1525 2377 1590 aliquam
2415 1523 2484 1578 0h
2515 1533 2747 1590 accepta:
2793 1523 2983 1576 salutis
3019 1523 3339 1576 beneﬁcium

1773 1620 2000 1688 gratiam
2046 1617 2328 1676 referrent,
2376 1631 2740 1669 consecrasse.
2787 1616 2890 1668 Alii
2932 1629 3058 1669 vero
3107 1616 3184 1670 sic
3224 1616 3344 1670 exi-

1775 1709 2019 1773 stimant,
2079 1708 2224 1776 quod
2277 1706 2352 1760 in'
2388 1707 2775 1761 certaminibus
2819 1708 3103 1761 adversum
3157 1707 3342 1762 hostes

1775 1799 1942 1864 initis,
1988 1814 2173 1853 earum
2221 1797 2601 1860 animantium,
2645 1813 2782 1866 quas
2833 1798 2934 1866 ipsi
2996 1814 3139 1853 nunc
3181 1814 3343 1852 vene,

1775 1899 1985 1952 rantur,
2016 1901 2130 1942 arte
2156 1889 2460 1940 elaboratas
2504 1887 2789 1955 imagines,
2833 1889 3064 1942 summis
3116 1888 3170 1941 in
3202 1889 3344 1947 capi-

136 2000 347 2053 καὶτῶν
374 2001 542 2053 ἄλλων
573 2001 672 2052 οὐκ
712 1999 945 2067 ὀλίγους,
964 1996 1352 2068 καθιερωκέναι
1391 1996 1528 2047 κατὰ
1572 1995 1671 2057 τὰς

1776 1979 1921 2032 tibus
1968 1977 2236 2031 exercitus
2281 1979 2448 2029 duces
2489 1991 2551 2029 ac
2605 1974 2898 2043 principes,
2939 1976 3017 2029 sic
3079 1985 3337 2044 tanquam

137 2091 356 2153 τελετάς,
385 2091 456 2153 ὡς
483 2090 652 2142 αἴτιον
682 2090 781 2158 τῆς
813 2088 920 2154 τῶν
951 2087 1103 2151 ζώων
1127 2087 1406 2154 γενέσεως.
1446 2085 1583 2148 Τούς
1609 2102 1669 2138 τε

141 2183 290 2252 ἱερεῖς
328 2183 446 2244 τοὺς
488 2179 896 2252 παραλαϐόντας
938 2181 1033 2242 τὰς
1062 2177 1329 2248 πατρικὰς
1380 2178 1672 2248 ἱερωσύνας

141 2274 246 2324 κατ’
267 2272 546 2340 Αἴγυπτον,
568 2271 739 2340 τούτῳ
767 2270 842 2339 τῷ
867 2270 971 2340 θεῷ
1008 2268 1274 2340 μυεῖσθαι·
1305 2268 1539 2329 καὶτοὺς
1562 2267 1674 2320 Πᾶ-

138 2377 224 2423 νας
257 2362 332 2424 δὲ,
367 2362 456 2414 καὶ⁵
505 2363 631 2423 τοὺς
676 2360 949 2430 Σατύρους
991 2358 1150 2427 φασὶν
1187 2358 1346 2408 ἓνεκα
1376 2356 1473 2425 τῆς
1507 2355 1673 2424 αὐτῆς

139 2451 298 2514 αἰτίας
324 2451 578 2521 τιμᾶσθαι
619 2451 766 2522 παρὰ
811 2447 1131 2519 ἀνθρώποις.
1163 2446 1252 2499 Διὸ
1282 2447 1372 2499 καλ⁵
1407 2447 1505 2509 τὰς
1532 2446 1672 2498 είκό-

137 2560 224 2605 νας
262 2543 429 2596 αὐτῶν
455 2543 762 2596 ἀνατιθέναι
801 2542 924 2601 τοὺς
951 2539 1229 2600 πλείστους
1264 2540 1320 2589 ὲν
1359 2539 1469 2599 τοῖς
1513 2537 1673 2608 ἱεροῖς

140 2635 512 2701 ἐντεταμένας,
556 2634 651 2685 καὶ
691 2634 756 2702 τῇ
791 2630 884 2682 τοῦ
925 2620 1123 2700 τράγου
1178 2629 1335 2697 φύσει
1390 2626 1676 2698 παραπλη-

140 2723 271 2786 σίως’
292 2725 356 2777 ,τὸ
381 2725 485 2794 γὰρ
509 2724 644 2786 ζῶον
671 2722 829 2775 τοῦτο
859 2718 1237 2792 παραδίδοσθαι
1267 2718 1400 2786 πρὸς
1426 2717 1524 2779 τὰς
1553 2733 1675 2769 συν-

138 2816 306 2878 ουσίας
336 2817 593 2886 ὑπάρχειν
637 2815 1003 2885 ἐνεργότατον.
1040 2813 1176 2875 Τοὺς
1212 2812 1268 2863 δὲ
1291 2811 1520 2882 ταύρους
1550 2810 1673 2871 τοὺς

140 2911 423 2982 ίεροὺς,τὺν
445 2910 604 2963 ’Ἆπιν
623 2911 716 2964 καὶ
746 2911 836 2963 τὸν
868 2911 1068 2963 Μνεῦιν
1095 2908 1353 2978 τιμᾶσθαι
1386 2904 1674 2975 παραπλη-

142 3003 256 3064 σίως
284 3005 388 3065 τοῖς
408 3002 567 3066 θεοῖς,
603 3001 716 3073 ἅμα
751 2985 847 3071 μὲν
875 3000 961 3053 διὰ
1007 2999 1105 3068 τὴν
1149 2998 1437 3070 γεωργίαν,
1463 2996 1576 3065 ἅμα
1619 2995 1676 3047 δὲ

139 3094 221 3144 καὶ
256 3092 338 3144 διὰ
377 3093 436 3146 τδ
479 3092 577 3162 τὴν
626 3091 839 3162 εὕρεσιν
882 3091 988 3142 τῶν
1019 3088 1242 3159 καρπῶν
1279 3087 1460 3146 αὐτοῖς
1491 3085 1674 3135 ἀνατι-

141 3181 290 3234 θέναι.
319 3183 450 3245 Τοὺς
487 3183 545 3235 δὲ
585 3182 778 3245 λύκους
821 3177 1100 3249 τιμᾶσθαι,
1139 3177 1224 3229 διὰ
1257 3175 1353 3246 τὴν
1382 3173 1515 3245 πρὸς
1550 3174 1675 3234 τοὺς

141 3275 291 3339 κύνας
316 3275 409 3345 τῆς
443 3275 654 3342 φύσεως
708 3271 1014 3343 ὁμοιότητα,
1059 3269 1152 3321 καὶ
1185 3268 1305 3333 ἐπεὶ
1347 3265 1408 3317 τὸ
1448 3262 1671 3316 παλαιόν
1697 3281 1741 3337 C

141 3382 275 3435 φασι,
310 3365 401 3435 τῆς
435 3365 627 3426 Ἴσιδος
670 3363 806 3433 μετὰ
843 3361 936 3414 τοῦ
966 3359 1152 3420 παιδὸς
1183 3359 1344 3427 Ὤρου
1383 3352 1676 3424 μελλούσης

137 3453 521 3521 διαγωνίζεσθαι
576 3452 709 3523 πρὸς
754 3449 1003 3519 Τυφῶνα,
1056 3444 1449 3518 παραγενέσθαι
1490 3441 1678 3513 βοηθὸν

140 3543 192 3609 ἔξ
219 3544 336 3614 ᾆδου
363 3544 450 3595 τὸν
483 3543 696 3611 Ὄσιριν
727 3540 804 3610 τῷ
841 3540 1012 3609 τέκνῳ
1042 3540 1135 3591 καὶ
1162 3540 1227 3607 τῇ
1258 3535 1493 3603 γυναικὶ,
1525 3533 1673 3602 λύκῳ

138 3634 231 3703 τὴν
250 3634 364 3704 ὄψιν
397 3631 745 3703 ὁμοιωθέντα.
798 3631 1010 3700 Ἔτεροι
1035 3629 1110 3679 δὲ’
1130 3628 1379 3693 λέγουσιν
1418 3623 1678 3684 Αἰθίοπας

141 3720 548 3790 στρατεύσαντας
576 3720 666 3772 ἐπὶ
706 3718 802 3790 τὴν
844 3717 1133 3784 Αἴγυπτον,
1175 3716 1280 3767 ὑπὸ
1322 3712 1555 3782 πλήθους
1585 3710 1678 3762 λύ-

96 3806 98 3808 ’
141 3825 239 3863 κων
273 3811 570 3882 διωχθῆναι·
611 3811 692 3864 διὸ
738 3809 832 3862 καὶ
872 3806 1236 3876 Λυκοπολίτην
1279 3803 1539 3872 κληθῆναι
1579 3802 1678 3870 τὴν

141 3898 321 3971 χώραν.
351 3903 452 3954 Τὸν
479 3903 536 3954 δὲ
566 3899 898 3974 κροκόδειλον
929 3885 1177 3950 σέϐεσθαί
1221 3910 1371 3962 φασι,
1402 3891 1489 3944 διὰ
1514 3891 1573 3943 τὸ
1604 3890 1677 3960 μὴ

141 3991 321 4061 τολμᾷν
345 3991 686 4062 διανήχεσθαι
716 3988 806 4043 τὸν
847 3989 1034 4042 Νεῖλον
1073 3989 1197 4048 τοὺς
1231 3984 1338 4037 ἀπὸ
1376 3983 1472 4052 τῆς
1522 3983 1680 4051 Ἀρα-

143 4078 252 4144 “ac
288 4084 375 4136 καὶ
415 4083 619 4152 Λιϐύης
671 4081 892 4154 λῃστὰς,
947 4080 1054 4132 τῶν
1104 4074 1454 4147 κροκοδείλων
1496 4071 1674 4140 χάριν.

144 4170 261 4223 Φασὶ
285 4172 340 4225 δέ
372 4190 490 4226 τινα
533 4172 640 4224 τῶν
686 4171 813 4241 παρ’
854 4171 1032 4230 αὐτοῖς
1058 4165 1324 4241 ,βασιλέων
1354 4163 1678 4229 διωκόμενον

149 4259 240 4311 ὑπὸ
259 4263 358 4314 τῶν
395 4263 535 4316 ἰδίων
580 4261 774 4324 κυνῶν,
823 4261 1151 4327 καταφυγεῖν
1199 4258 1276 4317 εἰς
1321 4255 1418 4324 τὴν
1464 4252 1674 4322 λίμνην,

151 4346 318 4402 ἔπειτα
344 4354 443 4405 ὑπὸ
466 4351 802 4421 κροκοδείλου
833 4348 1203 4419 ἀναληφθέντα
1233 4342 1566 4412 παραδόξως,
1600 4343 1677 4401 είς

149 4434 200 4488 νὺ
228 4438 386 4508 ’πέραν
409 4440 788 4509 ἀπενεχθῆναι.
826 4438 1009 4499 Aleia;
1037 4437 1092 4488 δὲ
1123 4433 1214 4488 καὶ
1245 4431 1406 4493 ἄλλας
1437 4430 1568 4498 πασί
1605 4445 1680 4481 τι·

150 4543 223 4588 νες
243 4531 336 4597 τῆς
365 4532 468 4583 τῶν
508 4533 718 4598 ἀλόγων
748 4527 897 4594 ζώων
930 4527 1112 4598 τιμῆς.
1160 4522 1263 4575 Τοῦ
1297 4523 1404 4590 γὰρ
1444 4517 1678 4590 πλήθους

1775 2067 1983 2135 imperii
2009 2067 2398 2120 monimentum
2427 2063 2642 2133 aliquod
2669 2073 2720 2118 et
2760 2063 2993 2132 insigne,
3015 2073 3338 2131 gestassent,

1772 2158 1942 2227 partis
1985 2156 2329 2226 postmodum
2374 2155 2642 2220 victoriis,
2681 2154 2799 2208 illas
2834 2153 2902 2208 ab
2937 2154 3149 2219 iisdem,
3178 2159 3336 2222 quasi

1771 2245 2052 2299 victoriam
2091 2245 2444 2314 peperissent,
2475 2243 2696 2296 deorum
2733 2243 2787 2295 in
2814 2241 3098 2295 numerum
3141 2241 3338 2297 relatas

1773 2334 1960 2390 fuisse.
1996 2334 2279 2388 Postremo
2319 2342 2466 2400 sunt,
2499 2335 2589 2402 qui
2625 2333 2839 2387 tertiam
2866 2333 3045 2386 cultus
3071 2333 3338 2400 ejusmodi

1772 2441 1992 2479 causam
2032 2426 2325 2491 proferant,
2376 2424 2663 2478 utilitatem
2713 2437 2856 2489 eam,
2908 2439 3071 2492 quam
3117 2439 3184 2478 ex
3232 2425 3338 2479 hoc

1773 2515 2131 2569 animantium
2194 2529 2389 2584 genere
2438 2515 2792 2581 perciperent.
2853 2508 3098 2582 Quippe,
3143 2497 3334 2568 bovem

1772 2606 1912 2660 enim
1938 2603 2193 2658 feminam
2225 2620 2331 2656 non
2361 2617 2551 2670 parere
2592 2604 2775 2664 modo,
2805 2603 2898 2657 sed
2937 2604 3099 2656 etiam
3145 2617 3337 2670 arare;

1772 2698 1842 2750 ab
1878 2696 2071 2750 ovibus
2096 2705 2274 2749 autem
2312 2694 2471 2757 fctus,
2503 2701 2700 2757 vestes,
2751 2693 2923 2759 Iactis,
2959 2693 3211 2762 caseique
3238 2692 3340 2747 ali-

1773 2797 2013 2843 mentum
2042 2786 2404 2856 suppeditari;
2443 2800 2630 2840 canem
2674 2786 2794 2839 usui
2822 2800 2945 2840 cum
2982 2787 3049 2840 ad
3093 2786 3338 2841 venatio-

1775 2892 1923 2941 nem,
1949 2885 2061 2928 tum
2098 2875 2164 2928 ad
2207 2875 2506 2928 custodiam
2545 2873 2857 2927 hominibus
2888 2889 3043 2939 esse;
3071 2889 3235 2943 quam
3266 2877 3338 2929 ob

1775 2951 2016 3031 causam,
2046 2966 2204 3022 deum
2245 2966 2416 3026 illum,
2449 2980 2607 3032 quem
2639 2963 2874 3018 Anubim
2902 2963 3204 3029 nominant,
3242 2981 3336 3020 ca-

1775 3059 1905 3110 nino
1930 3073 2048 3112 esse
2080 3057 2272 3124 capite,
2327 3065 2383 3108 ut
2421 3071 2544 3109 eum
2589 3053 2818 3110 Osiridis
2869 3064 2923 3110 et
2963 3055 3118 3110 Isidis
3145 3052 3340 3126 praeto-

1775 3151 1984 3202 rianum
2030 3149 2198 3203 fuisse
2249 3149 2476 3202 militem
2516 3148 2839 3217 signiﬁcent,
2882 3164 3193 3218 quanquam
3227 3165 3336 3215 non

1774 3238 1990 3303 desunt,
2021 3238 2109 3307 qui
2141 3239 2325 3302 velint,
2350 3237 2539 3302 Isidem
2567 3253 2677 3307 quo
2699 3248 2939 3307 tempore
2961 3238 3145 3294 Osirin
3190 3256 3339 3309 quaa-

1776 3336 1936 3390 reret,
1967 3337 2264 3396 praeeuntes
2293 3341 2476 3381 secum
2522 3328 2743 3381 duxisse
2775 3343 2958 3392 canes,
2984 3332 3076 3397 qui
3109 3329 3252 3384 feras
3282 3339 3339 3384 et

1774 3418 1993 3472 obvium
2037 3433 2305 3486 quemque
2341 3426 2762 3471 summoverent.
2803 3417 2974 3471 Porro
3014 3418 3171 3472 felem
3206 3422 3332 3487 qui-

1774 3509 1894 3562 dem
1927 3510 2210 3562 adrersum
2244 3506 2464 3575 aspidas
2488 3508 2832 3576 reliquosque
2881 3519 3181 3577 serpentes,
3237 3512 3333 3581 qui

1777 3615 1961 3653 morsu
1996 3613 2259 3654 venenum
2285 3598 2591 3659 infundunt,
2618 3597 2896 3665 perutilem
2920 3611 3068 3652 esse:
3105 3599 3335 3653 ichneu-

1775 3706 1989 3744 moncm
2020 3698 2198 3743 autem
2226 3703 2333 3742 non
2377 3689 2537 3740 modo
2572 3688 2967 3741 crocodilorum
3007 3704 3105 3743 ora
3152 3699 3338 3747 come-

1775 3796 1911 3844 rere,
1939 3780 2035 3833 sed
2074 3781 2238 3834 etiam
2275 3779 2575 3832 crocodilos
2606 3779 2753 3846 ipsos
2788 3780 3149 3847 exstinguere,
3189 3782 3333 3848 quod

1776 3871 1831 3924 in
1865 3884 2024 3924 emno
2047 3881 2171 3924 ante
2199 3871 2494 3934 volutatus,
2540 3869 2807 3923 inhiantia
2838 3872 3078 3938 ipsorum
3125 3885 3218 3924 ora
3250 3859 3333 3924 ai-

1775 3959 1936 4023 siliat,
1967 3975 2195 4028 quaeque
2240 3968 2425 4014 ventre
2466 3959 2811 4013 continentur
2849 3961 3098 4012 inzestina
3150 3975 3335 4014 carro.

1775 4053 1884 4105 dat.
1919 4051 1995 4103 Ex
2030 4052 2220 4105 avibus
2252 4053 2437 4114 etiam,
2489 4051 2780 4119 plurimum
2833 4050 2943 4103 ibin
2991 4059 3179 4104 contra
3213 4067 3331 4106 ser-

1775 4152 1984 4211 pentes,
2018 4141 2251 4195 locustas
2275 4148 2327 4192 et
2348 4154 2539 4193 erucas
2573 4140 2693 4206 epis
2731 4138 3023 4205 auxiliique
3050 4138 3329 4204 conferre;

1776 4247 1874 4286 nec
1904 4232 2083 4285 minus
2122 4230 2429 4298 accipitrem
2461 4235 2646 4282 contra
2673 4228 2984 4294 scorpiones
3007 4243 3072 4281 ac
3096 4238 3334 4282 cerastas

1777 4325 2154 4390 minorumque
2189 4319 2480 4374 bestiarum
2506 4319 2716 4388 vulgus,
2747 4334 2868 4387 qua:
2906 4333 3088 4372 morsu
3127 4329 3331 4388 pestem

1775 4415 2126 4471 ot‘interilum
2160 4412 2409 4476 alferunt,
2441 4427 2563 4466 cum
2601 4411 2773 4464 eidem
2803 4419 3058 4478 praeterea
3102 4412 3333 4470 multum

1778 4507 1832 4560 in
1865 4507 2109 4574 auguriis
2149 4504 2677 4573 divinationibusque
2724 4502 3027 4565 tribuatur;
3095 4502 3332 4570 aquilam

150 4615 202 4668 τὸ
227 4589 436 4671 παλαιὸν
463 4589 828 4690 ἀφισταμένου
857 4617 966 4670 τῶν
988 4589 1279 4685 ⁷βασιλέων,
1312 4589 1404 4665 καί.
1440 4625 1676 4679 συμφρο-

1779 4597 2029 4664 denique,
2054 4594 2198 4663 quod
2220 4594 2424 4662 regium
2470 4592 2670 4660 aliquid
2703 4606 2812 4659 pra:
2834 4606 2893 4644 se
2918 4589 3076 4654 ferat,
3104 4603 3333 4643 venera-

151 4709 340 4773 νοῦντος
361 4713 436 4773 είς
475 4711 535 4764 τὸ
569 4710 761 4780 μηκέτι
804 4708 1194 4780 βασιλεύεσθαι,
1237 4701 1512 4772 ἐπινοῆσαι
1557 4715 1676 4751 τινα

125 4796 353 4870 διάφορα
397 4798 711 4865 σεϐάσματα
749 4797 927 4858 αὐτοῖς
969 4794 1076 4846 τῶν
1129 4791 1279 4856 ζώων
1344 4785 1696 4859 παρασχεῖν,

151 4888 276 4952 ὅπως
319 4891 554 4944 ἑκάστων
589 4887 650 4940 τὺ
690 4887 788 4956 μὲν
834 4887 959 4955 παρ’
1011 4885 1196 4945 αὺτοῖς
1236 4881 1542 4951 τιμώμενον
1591 4893 1677 4928 σε-

152 4978 410 5048 ϐομέ·ιων,η
432 4980 524 5033 τοῦ
557 4980 613 5032 δὲ
645 4977 792 5048 παρὰ
818 4979 926 5038 τοῖς
955 4975 1131 5036 ἄλλοις
1174 4972 1543 5044 ἀφιερωμένου
1575 4985 1674 5021 κα-

149 5073 547 5140 ταφῳνούντων,
587 5069 850 5140 μηδέποτε
880 5066 1166 5135 ὁμονοῆσαι
1196 5063 1454 5115 δύνωνται
1481 5058 1677 5121 πάντες

150 5162 193 5211 οἱ
215 5163 323 5213 κατ’
354 5163 638 5231 Αἴγυπτον.
682 5161 845 5212 Ὅταν
873 5157 928 5210 δὲ
962 5155 1201 5224 ἀποθάνῃ
1248 5173 1298 5206 τι
1325 5152 1431 5205 τῶν
1459 5148 1678 5221 εἰρημέ-

151 5268 241 5306 νων
261 5253 425 5318 ζώων,
467 5254 661 5307 σινδόνι
688 5249 1040 5319 καλύψαντες,
1074 5247 1168 5299 καὶ
1210 5249 1326 5317 μετ’
1350 5244 1590 5315 οἰμωγῆς
1609 5241 1677 5293 τὰ

156 5343 300 5414 στήθη
326 5343 812 5412 καταπληξάμενοι,
851 5341 906 5391 ὲν
941 5339 1110 5408 ἱεραῖς
1143 5335 1333 5406 θήκαις
1365 5335 1674 5387 θάπτουσιν.

159 5431 239 5497 Ὃς
263 5434 306 5486 δ’
327 5434 390 5486 ἄν
420 5450 471 5484 τι
501 5433 701 5484 τούτων
740 5432 844 5483 τῶν
890 5429 1039 5492 ζώων
1073 5425 1209 5478 ἑκὼν
1240 5425 1541 5494 διαφθείρῃ,
1582 5421 1676 5472 θα-

156 5525 274 5596 νάτῳ
324 5525 671 5597 περιπίπτει,
716 5523 852 5593 πλὴν
899 5524 992 5574 ἐὰν
1043 5520 1286 5585 ατλουρον
1338 5517 1372 5586 ἢ
1429 5516 1524 5584 τὴν
1573 5512 1676 5565 ῐϐιν

155 5617 439 5689 ἀποκτείνῃ.
464 5615 647 5668 Ταῦτα
697 5615 805 5683 γὰρ
857 5615 949 5666 ἐὰν
1003 5629 1060 5663 τε
1111 5608 1269 5670 ἑκὼν,
1302 5607 1396 5659 ὲάν
1441 5623 1499 5658 τε
1532 5605 1677 5658 ἄκων

155 5704 417 5777 ἀποκτείνῃ
461 5724 563 5768 τις,
613 5705 826 5766 πάντως
879 5704 1090 5772 θανάτῳ
1148 5699 1483 5770 περιπίπτει.
1521 5695 1677 5748 Ἀλλά

158 5797 262 5864 μὴν,
291 5800 382 5850 καὶ
413 5797 530 5850 καθ’
562 5797 630 5867 ῆν
655 5795 831 5849 οἰκίαν
861 5795 1054 5864 εὐρεθῇ
1088 5791 1233 5844 κύων
1263 5785 1674 5855 τετελευτηκὼς,

158 5880 391 5954 ξυρῶνται
436 5889 630 5952 πάντες
661 5887 778 5941 ὅλον
811 5886 869 5937 τὸ
903 5885 1074 5949 σῶμα,
1124 5884 1215 5934 καὶ
1248 5877 1516 5933 ποιοῦνται
1551 5877 1674 5931 πέν-

1780 4687 1910 4739 tioni
1951 4701 2090 4740 esse.
2135 4683 2276 4747 Jam,
2326 4683 2536 4735 hircum
2582 4674 2759 4749 ipsum
2807 4693 3023 4749 quoque
3073 4690 3330 4746 tanquam

1773 4777 1932 4829 deum
1973 4776 2040 4830 ab
2092 4775 2200 4834 illis
2241 4773 2482 4826 habitum
2537 4769 2727 4831 fuisse,
2759 4771 3109 4824 nihilominus
3166 4782 3328 4836 quam

1773 4867 2025 4936 Priapum
2058 4882 2090 4921 a
2118 4865 2340 4926 Graecis,
2370 4862 2440 4916 ob
2461 4862 2760 4917 membrum
2801 4857 3043 4926 corporis
3072 4856 3137 4909 ad
3172 4863 3346 4924 gene-‘

1775 4961 2038 5014 rationem
2065 4965 2465 5026 comparatum;
2494 4956 2692 5024 quippe
2712 4953 2812 5005 hoc
2841 4940 3330 5014 animantis'genus

1775 5051 1828 5104 in
1851 5049 2106 5105 Venerem
2135 5062 2364 5116 pronum
2396 5045 2685 5100 admodum
2730 5055 2852 5096 esse
2893 5049 3056 5106 atque
3099 5053 3330 5106 propen-

1774 5157 1893 5195 sum
1925 5159 1940 5195 :
1971 5139 2076 5209 50
2103 5139 2248 5191 illam
2285 5152 2411 5190 vero
2438 5144 2642 5203 partem
2673 5128 2934 5197 corporis,
2973 5128 3059 5180 cui
3106 5128 3331 5181 debetur

1774 5232 2087 5300 generatio,
2144 5228 2289 5298 quod
2338 5225 2680 5295 potissimum
2745 5220 3062 5273 animalium
3122 5229 3329 5272 naturae

1774 5322 2102 5390 principium
2141 5322 2233 5383 sit,
2270 5333 2380 5371 non
2418 5316 2533 5368 sine
2565 5313 2772 5366 ratibne
2804 5311 2928 5365 coli.
2967 5309 3032 5363 Et
3056 5323 3184 5363 sane
3203 5321 3329 5376 par—

1777 5421 1880 5464 tem
1925 5413 2107 5471 istam,
2159 5410 2206 5461 si
2253 5409 2308 5460 in
2344 5395 2654 5457 univers'um
2709 5402 2854 5469 loqui
2891 5401 3081 5469 placet,
3118 5412 3224 5450 non
3257 5397 3326 5449 ab

1776 5499 2042 5571 Egyptiis
2079 5499 2258 5561 modo,
2295 5495 2386 5548 sed
2427 5493 2496 5546 ab
2522 5493 2642 5546 aliis
2681 5494 2840 5545 etiam
2868 5492 3132 5559 plerisque
3151 5501 3296 5555 genu

1775 5596 1876 5646 bus
1913 5595 1966 5645 in
2011 5604 2288 5646 sacrorum
2324 5586 2508 5649 initiis,
2549 5595 2733 5654 utpote
2770 5598 2986 5636 causam
3024 5579 3324 5647 generatio-

1775 5686 1860 5739 nis
1893 5685 2250 5739 animantium
2281 5693 2399 5733 esse
2458 5686 2849 5738 consecratam,
2893 5673 3146 5739 ipsosque
3190 5671 3325 5725 adeo

1777 5777 2103 5836 sacerdotes,
2153 5771 2243 5840 qui
2303 5769 2535 5837 patrium
2593 5769 2646 5820 in
2693 5764 2922 5832 Egypto
2961 5758 3321 5814 sacerdotium

1776 5870 2116 5925 ha‘reditario
2166 5864 2320 5933 quasi
2370 5862 2490 5932 jure
2538 5858 2826 5927 accipiant,
2881 5851 3120 5906 numinis
3162 5850 3322 5919 hujus
