3980 6338
664 512 668 516 .
719 462 819 516 105

1373 442 1641 500 EUSEBII
1676 436 2150 496 CzESARlENSIS
2188 436 2338 492 OPP.
2371 435 2551 491 PARS
2584 437 2648 490 ll.
2681 467 2754 481 .—
2775 436 3271 494 APOLOGETICA.

3804 441 3898 497 104

716 568 982 640 mysteriis
1020 564 1243 619 initiari.
1276 562 1414 629 Quin
1454 560 1613 614 etiam
1656 570 1707 613 et
1742 559 1915 613 Panas
1949 562 2002 613 et
2043 557 2262 629 Satyros

2362 556 2470 618 θος,
2527 554 2626 607 κᾶν
2677 549 2835 617 οἶνος,
2890 555 2921 625 ἢ
2972 558 3131 619 σῖτος,
3176 558 3209 627 ἦ
3260 573 3310 610 τι
3354 555 3459 609 τῶν
3502 556 3632 626 πρὸς
3669 557 3759 610 τὸν
3795 558 3893 627 βίον

716 661 867 715 aiunt
881 658 1120 713 eamdem
1137 656 1206 709 ob
1219 668 1435 709 causam
1464 653 1857 706 venerationem
1876 653 1944 706 ab
1961 650 2267 704 hominibus

715 756 1033 803 consecutos
1064 759 1201 810 esse,
1220 758 1449 813 quorum
1475 743 1760 797 simulacra
1783 742 2043 811 plerique,
2074 755 2267 809 magna

716 853 839 893 cum
867 838 1136 891 hircorum
1176 844 1365 888 natura
1398 834 1769 897 similitudine,
1802 834 1853 885 in
1882 832 2096 901 templis
2126 833 2267 885 arri-

717 930 891 998 gentia
921 926 1238 992 dedicarint,
1270 925 1415 994 quod
1452 925 1709 987 nimirum
1743 925 1844 977 hoc
1890 924 2086 977 animal
2126 923 2265 978 sala-

714 1020 991 1073 cissimum
1020 1019 1299 1071 habeatur.
1341 1013 1537 1069 Sacros
1592 1020 1777 1069 tauros
1802 1016 1938 1083 Apin
1963 1030 2025 1069 ac
2050 1013 2262 1068 Mnevin

715 1109 855 1177 quod
890 1108 1099 1172 attinet,
1131 1105 1341 1159 divinos
1374 1105 1506 1173 ipsis
1539 1104 1771 1159 honores
1797 1106 2038 1170 concedi,
2068 1106 2261 1174 partim

714 1200 855 1270 quod
881 1198 1098 1251 arandae
1129 1206 1285 1250 terras
1314 1195 1568 1260 serviant,
1600 1196 1792 1263 partim
1838 1196 1980 1263 quod
2016 1196 2082 1249 iis
2123 1194 2265 1265 ipsa-

713 1306 832 1344 rum
856 1303 1070 1358 quoque
1100 1285 1313 1355 frugum
1354 1284 1592 1337 inventio
1618 1286 1898 1338 tribuatur.
1933 1283 2111 1353 Lupos
2136 1299 2263 1339 vero

716 1379 964 1434 similiter
989 1376 1112 1441 coli,
1141 1390 1246 1427 non
1277 1374 1437 1427 modo
1468 1382 1686 1441 propter
1711 1389 1851 1433 eam.
1876 1389 2036 1442 quam
2066 1373 2263 1427 habent

713 1485 839 1525 cum
884 1467 1107 1523 canibus
1157 1473 1363 1518 natura:
1418 1465 1752 1529 allinitatem,
1799 1464 1893 1519 sed
1928 1466 2088 1518 etiam
2120 1465 2262 1535 quod

715 1558 865 1623 olim,
901 1557 1169 1625 inquiunt,
1220 1551 1358 1605 Iside
1399 1565 1521 1603 cum
1563 1549 1670 1605 Oro
1704 1551 1814 1603 tilio
1852 1550 2107 1605 adversus
2155 1548 2262 1622 Ty-

714 1652 944 1720 phonem
975 1624 1312 1711 dimicatura,
1349 1644 1460 1698 filio
1504 1642 1664 1698 simul
1704 1649 1757 1695 et
1793 1642 1947 1695 uxori
1989 1642 2259 1712 suppetias

718 1744 784 1798 ab
812 1740 997 1795 inferis
1029 1739 1295 1793 excitatus
1328 1745 1381 1789 et
1417 1736 1528 1805 lupi
1564 1734 1733 1789 forma
1769 1742 1942 1789 tectus
1967 1732 2137 1789 Osiris
2176 1743 2261 1788 lu-

716 1834 884 1889 lisset.
931 1834 1245 1900 Quanquam
1292 1828 1383 1882 alii
1432 1828 1651 1882 tradunt
1692 1826 1997 1896 Ethiopes,
2035 1841 2157 1881 cum
2201 1826 2257 1880 in

718 1923 1004 1995 Egyptum
1051 1920 1459 1983 incubuissent,
1515 1934 1546 1973 a
1598 1920 1848 1987 luporum
1919 1916 2260 1972 multitudine

728 2016 961 2083 pessime
985 2021 1205 2067 vexatos
1233 2021 1286 2065 et
1314 2013 1367 2064 in
1398 2009 1578 2081 fugam
1602 2019 1753 2063 actos
1794 2007 1981 2075 fulsse,
2026 2007 2078 2062 id
2114 2007 2261 2077 quod

715 2108 877 2161 etiam
919 2106 973 2159 in
1030 2118 1195 2158 causa
1243 2103 1426 2166 fuerit,
1470 2118 1567 2157 cur
1608 2116 1672 2157 ea
1716 2100 1862 2169 regio
1886 2098 2261 2169 Lycopolitana

717 2199 1000 2252 diceretur.
1050 2193 1454 2247 (lrocodilorum
1510 2191 1905 2246 venerationem
1964 2190 2263 2243 institutam

715 2303 858 2354 esse,
893 2285 1037 2356 quod
1068 2299 1252 2338 eorum
1298 2292 1443 2337 metu
1484 2282 1695 2335 Arabia;
1720 2280 2004 2351 Libyaeque
2028 2280 2263 2334 latrones

717 2365 897 2431 Nilum
927 2375 1290 2429 transmittere
1315 2387 1423 2426 non
1463 2371 1731 2425 audeant:
1775 2380 1828 2425 et
1858 2386 2023 2423 unum
2049 2370 2262 2438 quidem

721 2468 836 2524 suis
863 2482 894 2522 e
919 2466 1155 2537 regibus,
1196 2472 1256 2516 ut
1284 2477 1479 2517 canum
1526 2476 1748 2516 suorum
1784 2462 2040 2530 impetum
2070 2474 2134 2515 ac
2171 2466 2263 2514 ra-

720 2559 861 2614 biem
889 2556 1162 2625 effugeret,
1193 2570 1315 2609 cum
1345 2555 1395 2607 in
1418 2552 1663 2623 paludem
1692 2550 2045 2621 confugisset,
2083 2566 2113 2604 a
2141 2563 2265 2605 cro-

719 2650 897 2706 codilo
924 2649 1159 2719 quodam
1193 2656 1386 2717 praeter
1412 2645 1866 2715 exspectationem
1891 2643 2081 2697 leniter
2100 2656 2261 2697 exce-

689 2752 892 2814 'ptum,
941 2749 1102 2810 atque
1162 2741 1213 2796 in
1280 2737 1589 2791 ulteriorem
1658 2737 1832 2805 ripam
1905 2742 2262 2789 transvectum

718 2834 907 2889 fuisse.
956 2831 1051 2885 His
1086 2830 1218 2884 alias
1245 2841 1460 2899 quoque
1502 2828 1783 2881 brutorum
1812 2824 2125 2879 animalium
2150 2823 2261 2878 cul-

720 2933 809 2977 tus
842 2927 1110 2983 rationes,
1127 2920 1401 2989 adjiciunt.
1450 2916 1736 2971 Enimvero
1763 2954 1778 2979 ,
1814 2930 1937 2971 cum
1976 2930 2005 2968 a
2050 2914 2264 2984 regibus

721 3015 848 3068 olim
874 3012 1159 3067 multitudo
1188 3009 1491 3077 defecisset,
1524 3008 1742 3077 jamque
1779 3007 1846 3061 de
1878 3005 2113 3059 tollendo
2144 3004 2265 3058 fun-

722 3106 867 3159 ditus
901 3104 1050 3173 regio
1076 3102 1357 3156 dominatu
1399 3098 1796 3167 conspiratione
1820 3095 1957 3151 facta
1989 3095 2262 3165 cogitaret,

2362 647 2665 715 ἀναγκαίων
2695 648 2831 717 τύχῃ
2856 647 3098 717 κείμενον
3140 647 3199 725 ἐν
3241 646 3318 718 τῷ
3358 649 3507 717 οῐκῳ,
3539 650 3637 702 οὐκ
3667 650 3746 702 ἐτι
3776 662 3897 721 χρηο

2363 738 2555 791 σασθαι
2604 739 2783 801 αὐτοῖς
2828 738 3188 808 ὑπομείνειαν.
3225 738 3491 809 Τρέφουσι
3535 738 3591 792 δὲ
3620 739 3713 792 τὸν
3746 741 3895 793 ’Δπιν

2360 831 2416 880 ὲν
2448 828 2688 897 Μέμφει,
2721 825 2815 878 καὶ
2846 824 2933 879 τὸν
2967 827 3166 880 Μνεῦιν
3196 828 3252 879 ἐν
3286 826 3464 879 Ἡλίου
3490 827 3637 880 πόλει
3665 844 3676 856 ·
3701 829 3893 881 καὶτὸν

2358 918 2555 989 τράγον
2600 919 2658 968 ἐν
2706 916 2906 988 Μένδῃ,
2941 917 3033 969 καὶ
3062 918 3150 970 τὸν
3183 916 3512 989 κροκόδειλον
3544 921 3602 971 έν
3638 921 3703 988 τῇ
3735 920 3897 991 Μύρι-

2358 1011 2443 1074 δος
2474 1010 2654 1081 λίμνῃ,
2682 1010 2773 1061 καὶ
2810 1009 2877 1061 τά
2924 1009 3079 1062 λοιπὰ
3113 1009 3273 1082 θηρία
3302 1012 3358 1063 ὲν
3393 1013 3551 1083 ἱεροῖς
3584 1011 3891 1082 περιϐόλοις,

2358 1098 2631 1170 σεμίδαλιν
2675 1097 3086 1169 προσφέροντες,
3113 1098 3145 1169 ἢ
3168 1099 3401 1170 ’χόνδρον
3441 1099 3656 1169 ἕψοντες
3707 1104 3764 1154 ὲν
3806 1102 3894 1168 γά-

2357 1189 2531 1253 λακτι,
2552 1189 2645 1241 καὶ
2672 1188 2931 1258 πέμματα
2962 1189 3270 1243 παντοδαπὰ
3300 1190 3475 1261 μέλιτι
3512 1190 3787 1263 φύροντες,
3809 1194 3892 1246 καὶ

2356 1280 2492 1350 κρέα
2517 1280 2723 1350 χήνεια,
2758 1280 2823 1332 τὰ
2874 1280 2972 1349 μὲν
3018 1279 3255 1350 ἕψοντες,
3284 1282 3351 1334 τὰ
3372 1282 3428 1335 δὲ
3459 1281 3744 1347 ὀπτῶντες.
3778 1284 3892 1347 Τοῖς

2355 1372 2413 1425 δὲ
2445 1370 2759 1441 ὠμοφάγοις
2788 1371 2953 1425 πολλὰ
2985 1372 3089 1424 τῶν
3132 1373 3332 1443 ὀρνέων
3366 1374 3781 1444 παραϐάλλουσι,
3809 1375 3894 1427 καὶ

2356 1461 2567 1532 θηλείας
2598 1462 2806 1532 ἑκάστῳ
2837 1462 2943 1515 τῶν
2975 1462 3125 1527 ζώων
3157 1464 3255 1528 τὰς
3285 1464 3655 1529 εὐειδεστάτας
3687 1466 3894 1535 συντρέ-

2356 1571 2562 1623 φουσιν,
2595 1553 2659 1618 ἃς
2705 1554 3031 1618 παλλακίδας
3082 1557 3758 1635 προσαγορεύουσιν.”¹οταν
3790 1556 3841 1613 δὲ
3869 1563 3894 1613 ό

2358 1647 2520 1730 ’Δπις
2569 1646 2889 1718 τελευτήσας
2941 1648 3082 1717 ταφῇ
3139 1647 3596 1718 μεγαλοπρεπῶς,
3652 1647 3895 1719 ζητοῦσιν

2354 1735 2536 1808 ἕτερον
2581 1737 2793 1806 ὅμοιον·
2830 1740 2958 1791 ὅταν
3000 1737 3057 1789 δὲ
3100 1737 3317 1808 εὑρεθῇ,
3345 1738 3413 1791 τά
3447 1738 3542 1808 μὲν
3587 1738 3760 1811 πλήθη
3806 1739 3890 1793 τοῦ

2353 1826 2504 1891 δέους
2546 1827 2861 1881 ἀπολύονται
2893 1827 2987 1880 καὶ
3017 1826 3112 1880 τοῦ
3146 1827 3369 1890 πένθους
3389 1844 3401 1856 ·
3435 1829 3623 1896 ἄγεται
3657 1828 3712 1881 δὲ
3744 1831 3773 1884 ό
3806 1830 3893 1901 μό-

2357 1934 2479 1990 σχος
2525 1918 2736 1989 πρῶτον
2783 1921 2862 1982 εἱς
2909 1917 3102 1972 Νείλου
3151 1917 3319 1970 πόλιν.
3351 1918 3459 1971 Καὶ
3498 1917 3616 1970 τότε
3660 1919 3816 1988 μόνον
3842 1923 3893 1973 αἱ

2356 2010 2606 2077 γυναῖκες
2629 2008 2786 2062 αὐτὸν
2812 2007 2976 2079 ὁρῶσι
3007 2007 3147 2061 κατὰ
3180 2007 3463 2077 πρόσωπον
3488 2008 3784 2078 ἱστάμεναι,
3808 2012 3894 2069 καὶ

2355 2097 2682 2152 δεικνύουσιν
2707 2099 3104 2171 ἀνασυράμεναι
3134 2098 3201 2152 τά
3241 2097 3444 2151 ἑαυτῶν
3480 2101 3766 2169 γεννητικὰ
3807 2103 3897 2172 μό-

2360 2207 2473 2263 ρια.
2512 2190 2614 2243 Τὸν
2659 2190 2716 2242 δὲ
2768 2190 2948 2260 ἕτερον
3001 2190 3187 2261 χρόνον
3239 2189 3470 2255 ἅπαντα,
3526 2192 3894 2263 κεκωλυμένον

2359 2283 2501 2334 ἐστὶν
2544 2282 2621 2344 είς
2659 2280 2779 2350 liti/tv
2811 2282 2978 2345 αὐτὰς
3010 2282 3259 2354 ἔρχεσθαι
3293 2281 3464 2352 τούτῳ
3493 2282 3569 2352 τῷ
3608 2282 3732 2353 θεῷ.
3767 2284 3897 2338 Φασὶ

2356 2379 2415 2432 δὲ
2445 2378 2543 2449 τὴν
2570 2376 2661 2431 τοῦ
2709 2377 2966 2449 Ὀσίριδος
3001 2377 3177 2449 ψυχὴν
3214 2380 3291 2442 είς
3314 2377 3500 2431 τοῦτον
3532 2377 3665 2447 μετὰ
3693 2380 3791 2449 τὴν
3812 2395 3895 2430 τε-

2357 2472 2545 2544 λευτὴν
2580 2470 2924 2541 μεταστῆναι.
2960 2470 3191 2541 Τοιαύτη
3217 2470 3310 2523 καὶ
3341 2472 3374 2540 ή
3398 2469 3702 2536 Δίγυπτίων
3731 2471 3895 2541 ἀσχή-

2361 2581 2475 2635 μων
2506 2562 2731 2633 άθεότης
2765 2562 2960 2633 μᾶλλον
2991 2562 3024 2632 ἢ
3054 2562 3313 2631 θεολογία,
3348 2562 3482 2632 πρὸς
3504 2564 3570 2635 ἢν
3605 2562 3697 2613 καὶ
3726 2561 3787 2613 τὸ
3817 2564 3896 2614 ἐνε-

2360 2652 2603 2708 ίστασθαι
2620 2636 2969 2724 αἰσχρόνΪΗς
2992 2652 3316 2717 καὶεὒιότως
3338 2654 3766 2715 καταπτύσαντες
3785 2653 3897 2707 άνε-

2357 2743 2703 2813 χωρήσαμεν,
2735 2741 2996 2813 λύτρωσιν
3038 2743 3128 2794 καὶ
3162 2741 3464 2814 ἐλευθερίαν
3495 2745 3602 2798 τῶν
3633 2742 3895 2797 τοσούτων

2358 2832 2539 2886 κακῶν
2567 2831 2857 2903 οὐδετέρως
2888 2831 3193 2901 εὑράμενοι,
3228 2830 3261 2902 ἢ
3294 2833 3379 2886 διὰ
3413 2835 3575 2905 μόνης
3603 2836 3699 2904 τῆς
3732 2851 3899 2905 σωτη-

2362 2923 2475 2997 ρίου
2498 2924 2589 2976 καὶ
2616 2924 2967 2995 εὑαγγελικῆς
2998 2923 3357 2987 διδασκαλίας,
3384 2925 3480 2996 τῆς
3526 2925 3622 2989 τὰς
3669 2924 3899 2988 διανοίας

2359 3014 2575 3083 τυφλοῖς
2615 3014 2711 3084 τὴν
2742 3014 3026 3084 ἀνάϐλεψιν
3072 3015 3577 3087 εὐαγγελισαμένης.
3606 3016 3818 3070 Τούτων
3845 3008 3894 3069 ἃ

2361 3104 2535 3158 αὐτῶν
2572 3102 2666 3166 τὰς
2710 3104 3034 3176 σεμνοτέρας
3078 3104 3141 3175 δὴ
3184 3104 3408 3176 θεωρίας
3440 3121 3495 3157 τε
3542 3106 3633 3158 καὶ
3664 3107 3899 3175 φυσιολοέ

724 3198 776 3250 id
808 3196 874 3249 ab
903 3196 1082 3263 aliquo
1106 3192 1331 3247 solerter
1359 3191 1656 3255 inventum,
1708 3188 1785 3243 uti
1837 3189 2012 3241 varios
2045 3188 2149 3242 illis
2198 3201 2262 3241 ac

2362 3195 2502 3263 γίας,
2526 3194 2715 3267 μικρὸν
2743 3195 2961 3265 ὕστερον
2988 3196 3408 3265 ἐπισκεψόμεθα,
3430 3196 3566 3249 ἐπὰν
3587 3198 3677 3252 καὶ
3698 3199 3765 3252 τὰ
3788 3197 3900 3251 Ἐλιι

723 3289 1087 3355 discrepantes
1114 3282 1459 3337 colendorum
1480 3280 1832 3334 animantium
1855 3280 1988 3333 ritus
2012 3278 2261 3342 traderet,

722 3387 783 3431 ut
808 3392 929 3432 cum
961 3376 1187 3446 singulis
1224 3388 1353 3429 suos
1386 3373 1585 3443 quique
1621 3371 1920 3425 animantes
1945 3379 1998 3425 et
2022 3370 2266 3439 religiose

651 3497 654 3500 ~
724 3470 978 3531 colerent,
1020 3478 1072 3522 et
1108 3476 1450 3521 consecratos
1486 3466 1553 3518 ab
1582 3465 1699 3519 aliis
1729 3465 2089 3533 repudiarent,
2130 3476 2265 3514 nun-

724 3575 886 3631 quam
926 3560 1191 3613 universte
1236 3558 1397 3611 totius
1436 3556 1649 3629 Egypti
1684 3554 2013 3625 praefecturae
2052 3554 2105 3606 in
2142 3567 2264 3606 mu-

726 3658 873 3703 tuam
895 3646 1240 3701 consiliorum
1265 3645 1701 3713 voluntatumque
1725 3644 2031 3697 societatem
2055 3650 2109 3696 et
2139 3656 2266 3696 con-

723 3739 1054 3808 junctionem
1074 3739 1254 3789 venire
1282 3744 1522 3804 possent.
1544 3732 1685 3799 Jam,
1705 3735 1794 3788 ubi
1818 3735 2126 3787 animalium
2143 3734 2268 3789 isto-

729 3846 847 3885 rum
864 3829 1076 3899 aliquod
1094 3830 1407 3882 exstinctum
1424 3835 1522 3891 est,
1547 3827 1716 3894 ipsum
1741 3827 1901 3880 linteo
1916 3835 2154 3897 opertum
2179 3840 2267 3881 sa-

728 3922 905 3977 crisin
928 3914 1095 3974 thecis
1114 3934 1234 3974 cum
1255 3918 1450 3987 ingenti
1469 3918 1615 3972 luctu
1642 3918 1961 3986 planctuque
1980 3906 2265 3986 sepellunt.

731 4011 831 4082 51
864 4010 1016 4077 Quod
1055 4011 1101 4063 si
1125 4010 1246 4078 quis
1296 4023 1480 4062 eorum
1507 4008 1794 4076 quodpiam
1817 4018 2004 4075 sponte
2036 4008 2268 4077 dataque

733 4115 898 4170 Opera
934 4100 1207 4161 occiderit,
1235 4107 1407 4153 morte
1428 4098 1732 4151 damnatur.
1768 4096 1945 4151 Felem
1972 4106 2149 4151 autem
2179 4096 2265 4151 vel

733 4192 844 4246 lhin
882 4192 1126 4261 quisquis
1181 4191 1293 4243 sive
1340 4190 1591 4258 prudens,
1619 4189 1730 4244 sive
1776 4190 2082 4257 imprudens
2123 4202 2269 4258 pere-

735 4283 914 4348 merit,
945 4283 1087 4337 circa
1121 4282 1330 4336 veniam
1360 4295 1573 4333 omnem
1591 4280 1781 4348 capitis
1812 4278 2263 4348 suppliciumluit.

735 4374 1013 4439 Praeterea,
1042 4387 1378 4443 quacumque
1404 4372 1458 4424 in
1496 4372 1656 4425 domo
1685 4372 1979 4426 exstinctus
2012 4371 2157 4425 canis
2185 4385 2268 4424 re-

734 4478 919 4536 pertus
976 4464 1153 4529 fuerit,
1208 4478 1403 4533 corpus
1432 4470 1601 4517 totum
1634 4462 1699 4515 ad
1761 4470 1935 4517 cutem
1966 4476 2134 4531 usque
2182 4476 2268 4515 ra-

2366 3283 2555 3353 ληνικὰ
2580 3282 2931 3353 διαλάϐωμεν.
2964 3282 3116 3335 Οὕτω
3146 3283 3276 3354 δῆτα
3307 3285 3506 3355 ἀναμὶξ
3537 3285 3896 3355 Αἰγυπτιακῆς

2364 3370 2498 3441 ὁμοῦ
2530 3372 2625 3423 καὶ
2660 3372 2965 3442 Φοινικικῆς
2996 3372 3397 3445 συνδραμούσης
3446 3374 3783 3445 μυθολογίας,
3816 3392 3900 3426 κε·

2322 3466 2325 3469 ’
2367 3461 2634 3533 κράτηκεν
2662 3462 2880 3525 εἰκότως
2912 3460 3057 3533 παρὰ
3098 3466 3207 3526 τοῖς
3244 3463 3506 3528 πλείστοις
3542 3465 3647 3518 τῶν
3674 3464 3837 3517 ἐθνῶν
3866 3465 3897 3532 ἡ

2365 3554 2459 3623 τῆς
2488 3554 2717 3616 παλαιᾶς
2739 3552 2939 3623 πλάνης
2961 3553 3359 3625 δεισιδαιμονία.
3380 3556 3536 3610 Ἀλλὰ
3556 3555 3661 3628 γάρ
3688 3555 3897 3608 λεκτέον

2366 3646 2457 3697 καὶ
2489 3645 2555 3699 τὰ
2587 3645 2869 3715 Ἑλλήνων.
2905 3645 2982 3699 Τὰ
3016 3645 3111 3715 μὲν
3158 3644 3221 3716 δὴ
3268 3644 3437 3716 σεμνά
3472 3647 3570 3717 τῆς
3600 3646 3899 3715 Αἰγυπτίων

2369 3737 2700 3808 μυθολογίας,
2731 3738 2819 3791 τὸν
2860 3737 3183 3811 προτεθέντα
3228 3738 3541 3809 περιείληφε
3591 3738 3810 3809 τρόπον,
3836 3735 3900 3789 τά

2364 3828 2420 3881 δὲ
2459 3827 2755 3897 Ἑλληνικὰ,
2782 3829 2860 3881 ὅτι
2907 3818 3106 3881 τούτων
3153 3828 3328 3880 αὐτῶν
3369 3828 3766 3897 άποσπάσματα
3811 3826 3899 3879 καὶ

2367 3920 2796 3991 παρακούσματα
2842 3922 3115 3991 τυγχάνει,
3144 3921 3454 3993 προείρηται
3501 3922 3597 3993 μὲν
3627 3920 3897 3982 πολλάκις,

2368 4010 2458 4062 καὶ
2506 4010 2591 4061 διὰ
2624 4010 2722 4078 τῆς
2758 4010 2865 4063 τῶν
2909 4009 3267 4081 προτεθέντων
3301 4009 3650 4081 συγγραφέων
3675 4007 3898 4077 διαγνώο

2368 4118 2521 4163 σεως.
2551 4100 2624 4152 Οὐ
2662 4100 2767 4170 μὴν
2788 4098 2920 4153 ἀλλὰ
2944 4100 3036 4151 καὶ
3067 4096 3125 4163 εξ
3147 4100 3311 4170 αὐτῆς
3339 4098 3441 4169 τῆς
3466 4100 3772 4170 Ἑλληνικῆς
3792 4098 3899 4152 θεο-

2366 4191 2546 4258 λογίας
2592 4190 2783 4258 γένοιτ’
2817 4190 2881 4243 ἂν
2931 4189 3168 4261 ἔκδηλον,
3202 4190 3546 4261 ἐπαγομένων
3582 4192 3639 4243 ὲν
3678 4192 3796 4252 ταῖς
3822 4191 3896 4242 οἱ·

2368 4284 2538 4344 κείαις
2566 4284 2692 4352 περὶ
2717 4281 2850 4334 θεῶν
2869 4283 3206 4354 ἀναγραφαῖς
3235 4280 3438 4341 οῐκοθεν
3454 4344 3457 4345 ν
3475 4276 3571 4351 μὲν
3602 4272 3768 4345 οὐδὲν,
3788 4284 3899 4345 ταῖς

2366 4375 2422 4427 δὲ
2468 4374 2574 4428 τῶν
2615 4372 2809 4438 ἔξωθεν
2842 4374 3267 4445 περιπιπτόντων
3303 4370 3657 4444 μυθολογίαις.
3692 4371 3897 4435 Ξοάνοις

2367 4451 2425 4519 τε
2466 4465 2573 4536 γάρ
2618 4468 2727 4543 τοῖς
2776 4466 3185 4537 παραπλησίοις,
3212 4466 3304 4518 καὶ
3338 4465 3647 4535 μυστηρίοις
3667 4468 3777 4528 τοῖς
3810 4466 3900 4518 αύ-

736 4557 922 4612 dentes
952 4557 1004 4609 in
1034 4556 1177 4610 luctu
1214 4563 1498 4609 versantur
1527 4553 1785 4617 universi,
1838 4566 1900 4605 ac
1935 4551 2058 4605 licet
2082 4551 2264 4605 vinum

2370 4558 2478 4619 τοῖς
2500 4556 2900 4609 ἀποδείκνυνται
2928 4556 3314 4627 συγχρώμενοι,
3339 4556 3412 4619 ὼς
3430 4554 3600 4608 ἔνεστι
3632 4556 3900 4627 μαθεῖνρκ

738 4658 832 4702 aut
861 4647 1203 4709 frumentum,
1232 4657 1324 4699 aut
1359 4646 1556 4714 aliquid
1572 4644 1716 4698 aliud
1744 4644 2057 4698 necessariae
2073 4643 2269 4696 victum

738 4752 963 4793 annona:
985 4736 1276 4806 repositum
1315 4736 1367 4787 in
1407 4735 1608 4789 aedibus
1654 4735 1758 4789 illis
1790 4733 1967 4796 fuerit,
1999 4748 2064 4787 eo
2092 4742 2271 4788 tamen

740 4827 842 4883 sibi
873 4841 1029 4880 nemo
1060 4838 1278 4894 prorsus
1306 4824 1381 4875 uti
1418 4822 1494 4875 fas
1520 4823 1570 4875 in
1601 4831 1871 4891 posterum
1898 4837 2017 4876 esse
2048 4822 2273 4876 arbitra-

744 4925 848 4972 tur.
869 4916 1130 4971 Cteterum
1156 4914 1386 4982 Memphi
1408 4913 1621 4982 quidem
1655 4914 1813 4982 Apin,
1838 4912 2047 4967 Mneviu
2094 4921 2270 4966 autem

744 5012 800 5064 in
826 5010 965 5065 Solis
985 5010 1198 5064 civitate
1229 5008 1411 5070 alunt;
1444 5002 1645 5058 Meridie
1692 5005 1921 5068 hircum,
1947 5003 2271 5060 crocodilum

746 5100 802 5154 in
851 5100 1068 5169 Myridis
1119 5098 1329 5169 palude,
1383 5105 1607 5151 exteras
1666 5095 1865 5149 bestias
1910 5096 1964 5148 in
1997 5108 2271 5148 sacrorum

745 5187 1101 5259 quorumdam
1123 5196 1393 5255 septorum
1422 5185 1647 5249 ambitu,
1680 5184 1874 5251 quibus
1897 5183 2149 5247 similam,
2183 5191 2275 5236 aut

746 5278 944 5333 elixum
976 5276 1112 5327 lacte
1131 5274 1427 5327 chondrum
1469 5288 1531 5326 ac
1555 5272 1829 5341 placentas
1864 5270 2038 5325 omnis
2067 5272 2274 5339 generis

747 5384 869 5422 eum
900 5366 1166 5421 anserinis
1196 5367 1444 5419 carnibus
1474 5367 1664 5434 partim
1699 5364 1876 5426 elixis,
1916 5364 2111 5432 partim
2139 5364 2275 5417 assis

752 5459 1030 5529 objiciunt.
1092 5455 1162 5509 lis
1210 5463 1407 5520 autem,
1438 5470 1557 5524 quae
1602 5454 1766 5509 cruda
1798 5462 2105 5517 vescuntur,
2153 5468 2277 5507 aves

751 5549 1043 5602 obtrudunt
1070 5559 1230 5615 quam
1254 5546 1510 5611 plurimas
1536 5544 1868 5613 feminasque
1895 5542 2279 5611 pulcherrimas

755 5652 877 5691 cum
912 5636 1135 5706 singulis
1165 5634 1400 5687 maribus
1421 5635 1713 5695 enutriunt,
1759 5646 1894 5701 quas
1936 5630 2152 5699 pollices
2180 5644 2281 5683 no.
2380 5634 2504 5687 νῶν.

2370 4648 2467 4716 τῆς
2500 4647 2626 4715 περὶ
2654 4644 2852 4699 τούτων
2887 4647 3149 4718 ἱστορίας,
3176 4646 3241 4717 ἥν
3266 4648 3295 4698 ό
3330 4644 3426 4708 τὰς
3459 4644 3795 4717 βιϐλιοθήκας
3817 4642 3901 4698 ἐπὶ

2371 4735 2562 4791 ταύτὸν
2588 4735 2720 4805 ὁμοῦ
2748 4734 3078 4805 συναγαγὼν,
3100 4726 3159 4790 οὗ
3181 4736 3273 4790 καὶ
3293 4735 3519 4807 πρόσθεν
3539 4739 3673 4807 ὲμνη
3682 4736 3900 4807 μόνευσα

2374 4828 2513 4882 κατὰ
2556 4814 2615 4880 τί)
2645 4828 2823 4898 τρίτον
2856 4831 2949 4883 καὶ
2977 4822 3229 4901 τέταρτον
3258 4827 3356 4899 τῆς
3392 4827 3716 4899 δηλωθείσης
3743 4827 3899 4882 αὐτοῦ

2376 4916 2747 4989 πραγματείας
2779 4918 2994 4990 ιστορεῖ,
3021 4918 3117 4989 τὴν
3165 4919 3263 4989 τῆς
3309 4919 3545 4990 ἱστορίας
3601 4910 3772 4989 ἀρχὴν
3802 4919 3900 4971 ἀπὸ

2374 5008 2479 5059 τῶν
2495 5007 2583 5060 τοῦ
2601 5006 2819 5076 Κάδμου
2844 5008 3046 5079 χρόνων
3076 5006 3451 5078 πεποιημένος.
3468 5006 3569 5060 Τὸν
3588 5006 3646 5059 δὲ
3669 5008 3896 5079 Κάδμον,

2380 5098 2514 5168 μετὰ
2546 5098 2779 5151 Μωῦσέα
2818 5098 3062 5165 γενέσθαι
3106 5099 3161 5150 αἱ
3206 5096 3591 5169 άκριϐεῖςτῶν
3622 5115 3900 5169 χρονογρα-

2377 5190 2510 5258 φιῶν
2548 5188 2845 5258 παριστῶσι
2885 5187 3139 5260 διαδοχαὶ,
3167 5189 3241 5252 ὡς
3271 5187 3409 5240 κατὰ
3438 5188 3622 5261 καιρὸν
3652 5190 3899 5256 ἐπιδείξο-

2380 5297 2497 5349 μεν,
2531 5280 2669 5331 ῶστε
2724 5279 2815 5331 καὶ
2860 5280 2966 5332 τῶν
3000 5276 3320 5349 Ἑλληνικῶν
3346 5276 3479 5330 (ian
3503 5279 3898 5333 ἀποδείκνυσθαι

2374 5359 2463 5422 τὸν
2487 5369 2719 5421 Μωῦσέα
2751 5360 3054 5439 προτερεῖν·
3079 5370 3127 5420 εἱ
3150 5366 3215 5436 δὴ
3242 5366 3347 5438 πρὸ
3369 5366 3585 5437 Κάδμου
3615 5366 3711 5439 μὲν
3736 5364 3897 5429 οὗτος.

2375 5462 2423 5511 οἱ
2455 5459 2512 5512 δὲ
2543 5458 2653 5511 θεολ⁵
2682 5458 2930 5530 νεώτεροι
2976 5457 3074 5526 τῆς
3123 5457 3341 5527 Κάδμου
3376 5458 3659 5540 γεγονότες
3698 5457 3900 5528 ἡλικίας

2375 5546 2974 5613 άναφαίνονται.¹’ᾼκουε
2996 5546 3039 5598 δ’
3060 5542 3151 5600 οὖν
3178 5546 3284 5599 τῶν
3306 5547 3399 5600 τοῦ
3426 5548 3774 5619 συγγραφέως
3799 5562 3900 5618 φω-

2957 5700 2979 5709 \—

747 5716 954 5768 minare
992 5696 1183 5769 solent.
1224 5723 1289 5767 At
1328 5730 1453 5768 vero
1490 5715 1588 5784 Api
1626 5696 1901 5786 magnifice
1938 5696 2060 5784 post
2094 5726 2317 5771 mortem
2356 5716 2688 5785 consepulto,
2727 5696 3050 5769 alterum‘er
3074 5716 3398 5784 persimilem
3436 5727 3709 5783 quarunt;
3748 5733 3909 5787 eoque

749 5819 991 5879 reperto,
1044 5822 1186 5867 metu
1241 5810 1468 5881 populus
1518 5812 1799 5867 universus
1855 5812 2108 5881 luctuque
2158 5812 2429 5868 liberatur.
2472 5810 2682 5868 Vitulus
2738 5818 2914 5863 autem
2971 5808 3204 5877 primum
3242 5809 3293 5864 in
3332 5807 3433 5864 Nili
3468 5810 3733 5867 civitatem
3768 5811 3907 5867 duci-
