4028 6332
161 409 262 465 105
1354 414 1673 469 ΡΒᾸΞΡΛΒ.

1796 414 1965 472 'ANG.
1998 414 2127 471 LIB.
2167 416 2232 472 11.

158 535 263 584 tur,
291 539 363 577 ac
425 534 537 579 tum
572 527 787 595 quidem
836 528 966 581 solis
1020 529 1341 584 mulieribus
1377 546 1500 584 eum
1562 532 1741 585 videre
1785 534 1930 595 licet,
1964 548 2083 603 qua:
2110 548 2291 587 coram
2334 534 2582 588 sistentes
2623 549 2740 589 sese
2777 535 3014 590 reductis
3052 537 3411 592 vestibusho-

159 628 353 672 :estas
403 619 509 689 ipsi
545 629 725 689 partes
768 623 1080 686 ostendunt,
1122 639 1187 677 ac
1246 624 1501 692 deinceps
1547 626 1614 677 ab
1670 628 1816 681 omni
1862 643 2086 696 prorsus
2138 626 2377 694 ejusdem
2436 617 2675 681 numinis
2748 638 2967 696 aspectu
3027 629 3408 683 excluduntur.

158 708 341 781 Hujus
374 725 559 768 autem
588 714 641 768 in
667 729 865 784 corpus
891 714 1128 772 Osiridis
1173 718 1281 771 vita
1340 717 1511 772 functi
1558 722 1799 774 animum
1852 722 2262 792 transmigrasse
2296 722 2462 775 aiunt.
2520 720 2643 775 Hrec
2673 722 2759 775 illa
2796 731 2876 777 est
2921 721 3300 790 Egyptiorum
3323 720 3405 775 di—

156 804 417 860 vinitatis
473 808 652 861 omnis
702 807 896 877 ejectio
945 798 1146 877 petius,
1196 825 1366 877 quam
1391 811 1678 878 theologia,
1717 827 1782 865 eo
1841 828 2013 881 usque
2046 812 2263 866 infamis
2289 823 2433 866 certe
2458 814 2697 883 quidem,
2723 822 2780 866 ut
2806 814 2887 866 vel
2918 828 3037 866 eam
3068 811 3404 879 argumentis

154 909 485 966 oppugnare
520 906 672 967 turpe
730 900 987 954 videatur.
1044 899 1194 955 Hanc
1225 917 1324 955 nos
1366 901 1488 970 jure
1543 919 1672 957 sane
1720 920 1784 958 ac
1844 906 2039 959 merito
2096 906 2448 974 respuendam
2498 907 2654 960 nobis
2702 906 3200 973 repudiandamque
3249 913 3407 973 puta-

156 997 369 1061 vimus,
443 998 533 1065 qui
601 1006 779 1050 tamen
847 1012 953 1050 non
1007 999 1109 1052 alia
1160 1007 1429 1051 tantorum
1492 999 1765 1053 malorum
1801 1001 2176 1069 scelerumque
2222 1002 2581 1070 tyrannidem,
2638 1016 2797 1070 quam
2856 1000 3110 1053 salutaris
3145 997 3305 1050 unius
3356 1006 3406 1049 et

154 1089 491 1156 evangelica:
543 1088 803 1143 doctrina:
863 1089 916 1142 vi
970 1090 1331 1152 excussimus,
1390 1106 1511 1159 quae
1562 1099 1743 1145 mente
1774 1092 2065 1161 animoque
2126 1093 2282 1146 caecis
2315 1094 2529 1146 videndi
2564 1092 2878 1145 facultatem
2927 1091 3155 1145 feliciter
3184 1105 3403 1142 annun-

154 1177 275 1232 tiat.
311 1181 475 1247 Quod
508 1188 774 1251 Superest,
828 1180 947 1235 illas
978 1197 1193 1251 quoque
1228 1196 1407 1235 rerum
1455 1183 1781 1236 naturalium
1819 1185 2075 1247 rationes,
2121 1199 2347 1251 quarum
2394 1185 2758 1239 honestiorem
2828 1184 2987 1251 paulo
3055 1183 3288 1251 speciem
3321 1181 3401 1232 in—

154 1273 338 1330 fandis
386 1276 735 1345 religionibus
775 1275 1094 1335 obtendunt.
1145 1274 1489 1345 postmodum
1528 1278 1933 1345 expendemus,
1989 1276 2033 1331 si
2076 1286 2253 1329 tamen
2308 1276 2459 1344 prius
2502 1277 2567 1331 de
2605 1274 2913 1329 Graecorum
2962 1273 3125 1327 etiam
3194 1274 3393 1324 rituum

155 1367 544 1435 superstitione
622 1365 1097 1435 disputaverimus.
1175 1364 1502 1428 Enimvero,
1577 1380 1700 1419 cum
1763 1382 1928 1419 unum
1974 1366 2191 1435 aliquod
2230 1367 2390 1420 veluti
2442 1381 2642 1434 corpus
2700 1367 2842 1419 hunc
2882 1364 2936 1416 in
2996 1363 3213 1416 modum
3239 1363 3402 1415 exsti-

154 1456 334 1522 tisset,
384 1475 451 1513 ex
504 1461 761 1529 permista
800 1458 1197 1515 thniciarum
1237 1460 1719 1531 Egyptiarumque
1753 1460 2073 1516 fabellarum
2127 1464 2385 1517 varietate
2442 1462 2755 1525 conflatum,
2801 1461 2998 1513 mirum
3043 1473 3173 1511 sane
3216 1457 3391 1511 videri

156 1563 265 1602 non
324 1549 501 1614 debet,
560 1552 607 1607 si
663 1555 864 1607 erroris
908 1555 1113 1624 antiqui
1170 1556 1482 1623 superstitio
1536 1556 1724 1625 perdiu
1761 1554 1923 1611 fuerit
1971 1559 2111 1625 apud
2146 1567 2328 1626 gentes
2385 1557 2668 1626 plerasque
2715 1554 3011 1608 dominata.
3070 1554 3159 1606 Sic
3200 1553 3381 1621 igitur,

155 1644 434 1707 quomodo
468 1654 589 1697 ante
642 1645 891 1712 narravi,
948 1647 1160 1715 egregia
1206 1664 1325 1702 sese
1382 1647 1755 1720 Egyptiorum
1815 1659 2120 1703 commenta
2171 1648 2471 1717 fabulaeque
2525 1646 2842 1699 habuerunt.
2883 1645 2987 1715 52
3029 1645 3181 1699 Nunc
3224 1656 3283 1700 ut
3316 1649 3381 1701 de

155 1734 368 1789 Grecis
424 1736 622 1806 aliquid
676 1737 942 1801 dicamus,
1001 1740 1134 1793 ordo
1189 1742 1446 1809 postulat.
1493 1740 1559 1794 Et
1610 1755 1924 1810 quanquam
1982 1741 2297 1795 istas'aliud
2339 1756 2461 1795 esse
2511 1740 2644 1792 nihil
2690 1755 2851 1808 quam
2904 1739 3201 1807 fragmenta
3247 1756 3396 1807 qua:-

154 1828 303 1893 dam,
352 1830 695 1900 in’vcctasque
744 1848 1020 1902 perperam
1076 1843 1128 1887 et
1187 1835 1361 1889 alieno
1429 1850 1591 1890 sensu
1656 1842 1898 1888 veterum
1950 1835 2160 1889 illarum
2218 1834 2721 1901 interpretationes,
2763 1833 2993 1900 ipsamet
3040 1831 3151 1899 jam
3194 1832 3391 1898 srepius

156 1916 499 1976 laudatorum
553 1924 878 1993 scriptorum
922 1925 1240 1979 auctoritate
1282 1926 1596 1996 iudicioque
1634 1926 2009 1991 ostendimus;
2057 1926 2108 1979 id
2148 1927 2321 1994 ipsum
2372 1934 2548 1977 tamen
2600 1924 2863 1991 producta
2914 1924 2964 1975 in
3014 1924 3185 1976 lucem
3244 1920 3391 1975 Graec

158 2031 357 2073 eorum
386 2020 663 2075 hominum
686 2018 953 2088 theologia
980 2017 1179 2071 clarius
1203 2020 1480 2089 apparebit
1522 2038 1533 2071 :
1578 2021 1777 2089 quippe
1806 2020 1897 2089 qui
1932 2020 1985 2072 in
2037 2020 2151 2073 suis
2203 2019 2308 2072 illis
2353 2018 2418 2072 de
2446 2018 2697 2072 universo
2728 2016 2953 2069 deorum
2991 2031 3185 2085 genere
3240 2032 3390 2069 com-

156 2113 457 2177 mentariis,
499 2111 777 2181 proprium
810 2110 1276 2181 domesticumque
1304 2112 1581 2180 proferant
1622 2114 1776 2176 nihil,
1828 2112 1918 2165 sed
1972 2112 2023 2164 in
2076 2120 2381 2166 exterorum
2443 2111 2695 2181 ﬁgmenta
2743 2109 3063 2177 populorum
3126 2109 3366 2162 incidant

163 2205 471 2275 partimque
524 2206 833 2261 simulacris
882 2206 1103 2259 omnino
1160 2208 1474 2272 similibus,
1527 2210 1719 2277 partim
1776 2209 1963 2263 iisdem
2018 2221 2231 2275 quoque
2280 2206 2551 2274 mysteriis
2606 2206 2683 2259 uti
2738 2205 3160 2269 convincantur;
3197 2220 3386 2274 quem-

155 2295 445 2349 admodum
497 2312 563 2350 ex
588 2296 902 2351 earumdem
968 2296 1189 2349 historia
1218 2297 1394 2365 quivis
1446 2298 1661 2353 auferre
1695 2308 1886 2366 potest,
1923 2314 2083 2368 quam
2120 2298 2339 2366 ipsemet
2381 2295 2643 2351 Diodorus
2673 2297 2830 2366 cujus
2883 2313 2991 2351 non
3047 2299 3209 2351 semel
3264 2310 3388 2352 ante

158 2390 381 2441 memini
439 2388 953 2455 tertioquartoque
1004 2387 1277 2441 volumine
1336 2390 1485 2442 citati
1538 2391 1735 2459 operis,
1790 2405 1899 2459 quo
1934 2390 2113 2443 varias
2152 2405 2319 2443 unttm
2372 2390 2424 2442 in
2480 2405 2677 2457 corpus
2732 2389 3089 2445 Bibliothecas
3146 2392 3381 2463 collegit,

156 2476 278 2534 fuse
332 2479 689 2549 prosequitur,
715 2492 833 2532 eam
888 2493 917 2530 a
952 2476 1138 2530 Cad-mi
1185 2485 1340 2533 aetate
1374 2479 1705 2548 auspicatus.
1739 2478 1891 2533 llunc
1925 2494 2049 2533 vero
2083 2478 2346 2532 Cadmum
2393 2486 2511 2545 post
2550 2467 2766 2548 Moysen
2815 2490 3000 2531 natum
3042 2496 3181 2546 esse,
3215 2499 3383 2538 accu-

159 2580 279 2626 rata
343 2564 638 2640 temporum
704 2570 844 2625 serie
907 2585 970 2623 ac
1025 2573 1369 2627 successione
1430 2571 1714 2627 manifeste
1784 2573 2201 2641 comprobatur,
2263 2582 2322 2624 ut
2375 2588 2473 2625 suo
2525 2572 2645 2626 loco
2711 2573 3076 2627 ostendemus.
3133 2574 3208 2628 Ex
3273 2593 3381 2645 que

157 2664 401 2733 proinde,
440 2663 751 2718 Graecorum
801 2662 1115 2718 numinibus
1160 2664 1519 2733 antiquiorem
1570 2664 1735 2719 fuisse
1786 2663 2029 2735 Moysen,
2093 2672 2238 2717 certa
2306 2662 2513 2717 ratione
2562 2663 2881 2726 conficitur,
2933 2678 3054 2717 cum
3112 2666 3159 2720 is
3224 2678 3381 2725 artata

157 2756 413 2809 Cadmum
448 2755 817 2817 antecesserit,
858 2766 980 2825 post
1028 2770 1189 2825 quem
1236 2754 1547 2810 Graecorum
1575 2758 1705 2812 deos
1735 2757 1788 2809 in
1812 2757 1981 2811 lucem
2002 2756 2173 2811 editos
2210 2755 2380 2809 fuisse
2399 2764 2630 2808 constat.
2680 2752 2783 2807 Sed
2824 2755 3091 2821 ipsissima
3139 2757 3377 2825 ejusdem

158 2846 391 2901 auctoris
417 2847 577 2901 verba
612 2846 725 2915 jam
758 2847 903 2900 audi.

670 2962 1061 3017 ΚΕΦΑΑΑῘΟΝ
1108 2963 1181 3017 B'.

2428 2944 2654 3015 CAPUT
2695 2959 2760 3014 ιι.

170 3053 431 3125 Ἐπιτομὴ
453 3055 570 3127 τῶν
589 3057 723 3127 παρξ
749 3057 998 3127 Ἕλλησι
1031 3056 1165 3123 περί
1196 3072 1258 3109 τε
1285 3054 1451 3118 θεῶν,
1474 3055 1572 3108 καὶ
1599 3056 1696 3109 τῶν

1815 3057 2015 3112 Eorum
2030 3060 2277 3127 epitoma,
2333 3074 2449 3126 qua:
2501 3058 2563 3109 de
2594 3054 2892 3109 Graecorum
2920 3054 3021 3107 diis
3050 3065 3099 3108 et
3136 3055 3375 3109 heroibus

392 3125 525 3191 παρ’
554 3125 754 3191 αὐτοῖς
784 3125 990 3193 ἡρώων
1014 3126 1457 3194 μυθευομένων.

2057 3125 2064 3127 “
2239 3125 2477 3197 fabulose
2527 3127 2751 3193 conﬁcta
2809 3133 2950 3177 sunt.

226 3214 332 3284 (5‘2)
348 3215 585 3285 Κάδμον,
616 3210 707 3269 τὸν
737 3218 1043 3287 Ἀγήνορος.
1067 3221 1227 3285 φασὶν
1254 3219 1317 3269 ὲκ
1333 3218 1581 3287 Φοινίκης
1604 3218 1696 3271 ὑπί

1883 3219 2147 3274 Cadmum
2191 3218 2454 3287 Agenoris
2486 3216 2654 3269 filium
2707 3223 3029 3276 memorant,
3057 3229 3121 3268 ex
3153 3213 3370 3269 Phaeni-

157 3304 249 3358 τοῦ
296 3306 549 3376 βασιλέως
614 3307 982 3376 ἀποσταλῆναι
1040 3309 1173 3379 πρὸς
1230 3310 1557 3380 ἀναζήτησιν
1609 3310 1696 3379 τῆς

1809 3311 1891 3364 cia
1918 3310 2074 3379 jussu
2132 3309 2292 3377 regis.
2356 3306 2582 3373 Europa:
2632 3317 2793 3371 quam
2852 3300 3057 3369 Jupiter
3122 3311 3374 3371 rapuerat

159 3392 433 3466 Εὐρώπης,
464 3398 531 3465 ἣν
576 3397 680 3448 ὑπὸ
731 3398 849 3459 Διὸς
885 3398 1212 3467 ἀρπαγῆναι.
1248 3399 1338 3468 Μὴ
1372 3398 1596 3469 εὑρόντα
1629 3401 1696 3460 δὲ,

1809 3401 2110 3471 quaerendae
2166 3398 2336 3469 gratia
2395 3394 2695 3466 profectum
2724 3410 2842 3448 esse
2874 3414 2884 3446 :
2921 3394 3057 3447 hanc
3080 3409 3203 3446 vero
3228 3395 3367 3461 quod

157 3487 233 3547 ιίς
259 3487 506 3540 Βοιωτίαν
540 3486 711 3539 ἐλθεῖν
736 3486 919 3539 κτίσαι
946 3504 1005 3538 τε
1042 3488 1141 3550 τὰς
1174 3489 1355 3541 αὐτόθι
1377 3490 1577 3560 Θήϐας,
1604 3494 1696 3560 γή-

1808 3494 2042 3564 reperire
2061 3509 2165 3547 non
2182 3490 2460 3561 potuisset,
2497 3489 2548 3541 in
2579 3486 2843 3541 Bmotiam
2878 3487 3110 3547 venisse,
3144 3501 3371 3554 qumque

126 3595 328 3645 ημαντα
368 3580 424 3634 δὲ
474 3580 768 3651 Ἀρμονίαν
817 3580 915 3650 τὴν
960 3568 1294 3651 Ἀφβοδίτης,
1341 3582 1594 3651 γεννῆσαι
1649 3583 1696 3649 ἐξ

1808 3587 1880 3639 ibi
1945 3586 2060 3639 sita:
2106 3595 2233 3639 sunt
2261 3583 2474 3635 Thebas
2509 3580 2838 3638 condidisse.
2873 3595 2935 3631 ac
2971 3578 3215 3631 Semelen
3243 3594 3366 3631 cum

158 3669 319 3739 αὐτῆς
340 3671 577 3741 Σεμέλην
602 3670 695 3723 καὶ
720 3670 814 3734 τὰς
839 3670 1040 3740 ταύτης
1060 3670 1399 3740 ἀδελφάς.Τῇ
1424 3670 1479 3723 δὲ
1500 3671 1696 3743 Σεμέλῃ

1805 3674 2047 3741 ejusdem
2083 3673 2361 3726 sOroribus
2385 3686 2449 3723 ex
2482 3669 2771 3724 Harmonia
2807 3667 3026 3721 Venetis
3053 3668 3180 3728 tilia,
3203 3682 3365 3737 quam

160 3757 246 3810 τὸν
268 3760 357 3813 Δία
380 3762 608 3830 μιγέντα
635 3762 1048 3832 παρακληθῆναι
1076 3761 1171 3823 τὰς
1202 3761 1497 3824 ἐπιπλοκὰς
1517 3764 1696 3831 ὁμοίας

1806 3778 2028 3817 uxorem
2084 3761 2334 3824 duxerat,
2371 3761 2694 3829 suscepisse.
2749 3759 2814 3812 At
2847 3774 2969 3812 cum
3024 3773 3052 3810 a
3088 3757 3237 3823 Jove,
3272 3758 3364 3827 qui

158 3850 284 3922 αὐτῇ
318 3854 640 3923 ποιήσασθαι
670 3857 787 3917 ταῖς
806 3855 937 3925 πρὸς
962 3853 1056 3923 τὴν
1075 3854 1266 3923 ’Ἦραν.
1287 3852 1627 3916 Ἐπελθὸντος
1648 3854 1696 3906 δὲ

1806 3867 1989 3908 secum
2024 3864 2137 3905 rem
2165 3850 2447 3911 habuerat,
2475 3847 2817 3902 vehementer
2852 3846 3061 3899 Semele
3100 3847 3361 3921 petiisset,

158 3943 311 3995 αὑτοῦ
343 3945 657 4016 θεοπρεπῶς
698 3946 834 4016 μετά
878 3943 1113 4015 βροντῶν
1145 3943 1239 3996 καὶ
1264 3943 1575 4014 ἀστραπῶν,
1606 3945 1696 3996 οὐκ

1804 3944 1881 3997 uti
1908 3944 2027 4017 ejus
2080 3942 2133 3994 in
2176 3950 2448 4008 posterum
2509 3936 2920 3995 consuetudine,
2952 3950 3057 4002 qua
3090 3934 3358 3989 Junonem

160 4035 384 4101 ἐνεγκεῖν
410 4037 507 4107 τὴν
542 4037 780 4107 Σεμέλην
808 4036 1079 4105 ἐγκύμονα
1100 4034 1207 4103 (55)
1240 4028 1399 4086 οὖσαν
1432 4034 1696 4104 ἐκτρῶσαι

1803 4032 2176 4094 conveniebat,
2213 4030 2317 4083 frui
2345 4030 2447 4083 sibi
2495 4030 2699 4092 liceret,
2729 4042 2850 4081 eum
2896 4028 3174 4093 majestate
3206 4027 3361 4095 plane

159 4122 215 4175 τὸ
252 4125 478 4195 βρέφος,
529 4127 739 4196 ὑπὸδὲ
788 4127 880 4179 τοῦ
930 4126 1097 4196 πυρὸς
1149 4124 1314 4193 αὐτὴν
1360 4124 1695 4194 τελευτῆσαι.

1802 4125 1983 4179 divina
2017 4138 2137 4178 cum
2188 4121 2388 4174 tonitru
2436 4135 2498 4173 ac
2548 4117 2848 4187 fulguribus
2875 4118 3190 4180 accessisse,
3227 4133 3361 4187 quo-

161 4215 253 4267 Τδν
276 4217 328 4270 δὲ
348 4219 441 4272 Δία
468 4195 698 4273 λαϐόντα
719 4219 777 4271 τὸ
800 4195 1024 4281 παιδίον,
1050 4216 1379 4287 παραδοῦναι
1402 4215 1477 4285 τῷ
1504 4218 1695 4289 Ἐρμῇ·

1802 4230 1920 4267 rum
1952 4213 2041 4266 illa
2072 4213 2178 4266 vim
2216 4226 2339 4265 cum
2372 4209 2637 4263 sustinere
2660 4222 2767 4261 non
2793 4216 3172 4276 posset,quem
3206 4217 3361 4261 utero

3314 418 3412 475 106
3472 472 3483 483 ,

162 4306 424 4377 ἐκπέμψαι
454 4328 513 4362 τε
544 4313 620 4373 είς
657 4311 717 4363 τὸ
772 4314 828 4363 ὲν
860 4313 922 4380 τῇ
980 4310 1132 4381 Νύσῃ
1175 4308 1399 4378 ἄντρον,
1450 4308 1697 4376 κείμενον

163 4396 349 4462 μεταξὺ
378 4399 625 4468 Φοινίκης
666 4418 721 4452 τε
748 4402 841 4452 καὶ
883 4400 1092 4453 Νείλου.
1136 4400 1287 4451 Οὕτω
1330 4398 1385 4450 δὲ
1428 4399 1697 4467 τραφέντα

158 4486 241 4539 τὸν
268 4489 509 4542 Διόνυσον
555 4490 658 4541 ὑπὸ
698 4490 803 4542 τῶν
848 4489 1122 4560 Νυμφῶν,
1164 4488 1386 4560 εὑρετὴν
1415 4487 1508 4539 τοῦ
1556 4487 1695 4540 οἴνου

1803 4303 1970 4358 fetum
2026 4304 2269 4374 gestabat
2330 4301 2632 4355 abortivum
2702 4298 2975 4361 effudisse,
3032 4298 3357 4367 ﬂammaque

1800 4393 2403 4463 cmlesticonllagrasse.
2460 4390 2563 4458 53
2616 4388 2821 4457 Jupiter
2852 4396 3051 4451 autem,
3086 4388 3357 4455 inquiunt,

1800 4496 2079 4555 exceptum
2139 4482 2397 4536 infantem
2464 4480 2727 4533 Mercurio
2778 4478 3011 4541 tradidit,
3074 4494 3101 4530 a
3152 4494 3261 4545 quo
3304 4480 3357 4531 in

160 4578 411 4651 γενέσθαι,
438 4578 528 4632 καὶ
558 4580 654 4649 τὴν
681 4581 899 4647 φυτείαν
934 4580 1136 4643 διδάξαι
1168 4580 1265 4648 τῆς
1302 4578 1541 4648 ἀμπέλου
1576 4577 1696 4641 τοὺς

1804 4579 2073 4647 quoddam
2098 4574 2254 4645 Nysa!
2282 4583 2495 4627 antrum
2527 4572 2859 4626 Phteniciam
2892 4571 3027 4622 inter
3074 4567 3357 4637 Nilumque.

159 4668 476 4740 ἀνθρώπως.
516 4670 706 4740 Εὑρεῖν
740 4671 796 4721 δὲ
831 4672 922 4725 καὶ⁹
962 4672 1020 4723 τὸ
1052 4674 1112 4723 ὲκ
1146 4671 1241 4739 τῆς
1291 4669 1479 4740 κριθῆς
1530 4684 1693 4719 κατα-
1744 4664 1747 4669 ⁴

160 4762 536 4832 σκευαζόμενον
567 4760 717 4831 πόμα
737 4802 750 4824 ,
796 4761 855 4813 τὸ
886 4762 1209 4832 καλούμενον
1243 4762 1396 4826 ζύθον
1415 4777 1427 4791 ο
1473 4761 1693 4833 περιφέ-

161 4867 262 4918 ρειν
298 4853 355 4905 δὲ
384 4831 737 4923 στρατόπεδον
762 4892 775 4914 ,
808 4853 869 4905 οὐ
932 4831 1088 4921 μόνον
1134 4854 1341 4923 ἀνδρῶν
1368 4893 1382 4916 ,
1424 4831 1576 4905 ἀλλά.
1603 4852 1695 4906 καὶ

156 4941 434 5006 γυναικῶν,
461 4943 556 4995 καὶ
586 4943 708 5005 τοὺς
743 4941 954 5004 ἀδίκους
977 4944 1071 4995 καὶ
1099 4943 1311 5006 ἀσεὸεἶς
1345 4942 1451 4996 τῶν
1484 4940 1693 5012 ἀνθρώ⁵

154 5045 259 5084 πων
289 5031 556 5096 κολάζειν,
585 5032 907 5103 στρατεῦσαι
928 5031 982 5083 δὲ
1004 5034 1081 5094 είς
1114 5032 1209 5102 τὴν
1248 5033 1470 5103 Ἰνδικὴν
1500 5036 1697 5102 τριετεῖ

154 5124 333 5194 χρόνῳ.
382 5122 655 5177 Ἐντεῦθεν
692 5126 816 5187 τοὺς
838 5122 1099 5193 Ἕλληνας
1150 5124 1455 5188 καταδεῖξαι
1484 5140 1695 5193 τριετη-

156 5216 303 5285 ρικάς
332 5213 523 5277 θυσίας
565 5215 819 5285 Διονύσῳ,
854 5216 1080 5268 καὶτὸν
1113 5213 1232 5267 θεὸν
1282 5216 1515 5285 νομίζειν
1556 5214 1693 5267 κατά

152 5302 232 5357 τὸν
251 5302 437 5373 χρόνον
462 5301 646 5355 τοῦτον
676 5305 938 5358 ποιεῖσθαι
964 5305 1063 5367 τὰς
1086 5304 1236 5374 παρά
1256 5308 1362 5368 τοῖς
1392 5304 1693 5375 ἀνθρώποις

152 5389 459 5459 ἐπιφανείας
480 5406 492 5419 ⁸
530 5388 700 5443 σέϐειν
722 5410 781 5445 τε
812 5392 971 5447 αὐτὸν
1005 5394 1204 5454 πάντας
1237 5392 1570 5463 ἀνθρώπους,
1607 5394 1692 5447 διὰ

218 5570 328 5636 (59.)
370 5568 547 5623 Locus
577 5570 712 5623 alius
738 5580 821 5624 est
843 5570 1079 5632 Diodori,
1102 5587 1167 5626 ex
1197 5570 1287 5623 lib.
1324 5585 1395 5635 ιν,
1419 5585 1473 5639 p.
1502 5570 1607 5623 210
1628 5568 1688 5634 Β,

154 5645 205 5691 at
234 5640 460 5693 subinde
486 5640 813 5693 decurtatus.

220 5707 324 5779 βε)
364 5708 633 5779 Σεμέλην
657 5710 969 5779 ἐγκύμονα.
1013 5710 1138 5779 Leg.
1173 5711 1401 5769 videtur,
1440 5708 1688 5779 Σεμέλην

153 5775 241 5848 καὶ
268 5775 557 5848 ξγκύμονα.
598 5776 745 5843 Apud
777 5775 1013 5848 Diodor.,
1044 5775 1273 5845 plenius,
1307 5781 1404 5848 τὴν
1432 5777 1487 5828 δὲ
1518 5779 1685 5844 Σεμέ-

154 5841 243 5911 λην
271 5841 461 5912 ἔγκυον
490 5841 669 5907 οὖσαν,
710 5847 798 5898 καὶ
836 5848 895 5897 τὸ
939 5841 1162 5915 μέγεθος
1192 5851 1287 5918 τῆς
1322 5841 1684 5918 περιστάσεως

416 5942 679 6002 Parant.
720 5941 833 6001 Gtt.
869 5940 1037 6007 XXI.

1799 4664 2009 4721 delatus
2028 4671 2127 4717 est.
2160 4661 2257 4714 Hic
2286 4677 2413 4729 ergo
2441 4660 2685 4713 Bacchus
2715 4657 3070 4727 nympharum
3097 4657 3272 4710 studio
3304 4668 3357 4710 et

1798 4770 1960 4823 opera
2012 4754 2292 4813 educatus,
2352 4750 2458 4802 vini
2526 4764 2626 4803 usu
2684 4754 2919 4815 reperto,
2976 4745 3143 4798 vinea
3192 4744 3355 4799 simul

1798 4845 2098 4913 plantanda’.
2132 4842 2395 4895 rationem
2438 4840 2684 4893 homines
2741 4839 2945 4901 docuit,
2972 4847 3239 4905 potusque
3262 4854 3355 4906 ge-

1795 4953 1920 5019 nus,
1970 4937 2114 5007 quod
2157 4950 2220 4988 ex
2262 4932 2466 4987 hordeo
2512 4928 2818 4993 conficitur,
2866 4929 3215 4997 zythumque,
3254 4928 3355 4982 hoc

1794 5037 1877 5081 est
1909 5026 2189 5087 cerevisia,
2238 5023 2567 5083 nominatur,
2624 5021 2847 5075 invenit.
2882 5019 3024 5073 Idem
3054 5022 3352 5074 exercitum

1794 5132 1858 5169 ex
1922 5118 2050 5173 viris
2091 5115 2514 5181 mulieribusque
2572 5112 2864 5167 conflatum
2916 5112 3351 5169 circumducens.

1794 5222 1987 5275 poenas
2025 5223 2055 5260 a
2107 5204 2432 5261 facilioresis
2455 5214 2507 5257 et
2538 5203 2718 5271 impiis
2754 5204 3031 5270 expetivit.
3068 5200 3221 5267 Quod
3254 5212 3353 5251 au—

1794 5308 1898 5352 tem
1932 5300 1977 5353 is
2006 5298 2297 5353 triennium
2333 5296 2388 5349 in
2441 5295 2619 5349 Indica
2668 5296 3008 5364 expeditione
3058 5290 3351 5359 posuisset.

1795 5389 1965 5445 Graeci
2021 5390 2286 5445 trieterica
2321 5402 2476 5442 sacra
2518 5387 2636 5455 ejus
2667 5388 2721 5441 in
2756 5389 3011 5441 honorem
3046 5383 3349 5444 instituere,

1792 5569 2245 5646 ούκιὲνέῖκασαν,
2266 5566 2324 5618 τὸ
2358 5566 2453 5646 μὲν
2490 5566 2684 5646 ppnégo;
2712 5561 2997 5646 ἐκτρῶσαι,
3034 5560 3137 5646 ora)?
3170 5559 3224 5612 δὲ
3257 5558 3351 5646 τοῦ

1794 5638 1960 5707 πυρὸς
1986 5633 2150 5707 αὐτὴν
2172 5633 2500 5704 τελευτῆσαιζ
2528 5633 2757 5707 Eadem,
2792 5636 2878 5707 sed
2912 5646 3032 5707 cum
3067 5633 3241 5707 aliqua
3270 5640 3349 5707 ta~

1794 5698 1914 5759 men
1943 5698 2234 5768 varietate,
2269 5698 2448 5769 1ἱὺ.ἰι,
2482 5723 2533 5775 p.
2564 5706 2662 5758 l98
2694 5709 2755 5764 Α,
2791 5702 2879 5754 ubi
2906 5700 3135 5753 Junonis
3162 5698 3351 5752 fraude

1794 5786 1961 5831 totum
1996 5780 2043 5830 id
2081 5777 2277 5831 factum
2311 5791 2429 5829 esse
2461 5778 2667 5832 scribit.

3109 5930 3157 6000 δ
