3980 6338
768 433 864 486 107

1352 435 1615 492 EUSEBH
1647 436 2112 492 CESARIENSIS
2139 436 2288 492 OPP.
2326 437 2504 493 PARS
2546 439 2606 492 ll.
2647 466 2717 477 —-
2742 434 3227 489 APOLOGETICA.

3863 430 3961 485 108

763 568 886 606 cum
916 566 1010 621 per
1062 550 1190 606 illud
1251 561 1459 623 tempus
1513 554 1778 611 Bacchum
1826 574 1944 613 sese
1991 559 2288 614 hominibus

2400 557 2494 626 τὴν
2525 553 2614 606 τοῦ
2643 552 2784 604 οῐνου
2828 551 2998 602 δόσιν·
3049 550 3234 620 ὥσπερ
3259 550 3351 602 καὶ
3389 549 3487 619 τὴν
3526 549 3826 620 Δήμητραν
3877 549 3962 602 διὰ

770 643 1120 712 spectandum
1174 644 1411 713 praebere
1453 646 1670 700 solitum
1719 657 1985 717 putarent.
2031 649 2298 705 Caeterum

663 785 665 788 .
762 737 970 791 divinos
1009 737 1242 792 honores
1280 749 1498 808 propter
1541 740 1650 793 vini
1700 757 1917 804 munus,
1951 743 2299 810 quemadmo-

763 827 887 882 dum
914 826 1075 882 Ceres
1101 828 1170 882 ob
1200 829 1399 882 inventi
1422 829 1674 884 frumenti
1708 832 2046 895 beneﬁcium,
2084 833 2150 886 ab
2177 834 2299 888 uni-

763 932 920 972 verso
993 918 1272 973 hominum
1342 935 1533 989 genere
1587 922 1910 990 impetravit.
1959 922 2076 977 Jam
2133 925 2295 978 alium

758 1017 1014 1076 przeterea
1043 1007 1306 1062 Bacchum
1352 1009 1520 1063 fuisse
1569 1012 1805 1073 tradunt,
1840 1013 1930 1082 qui
1973 1013 2298 1084 bunclongo

759 1106 974 1152 atatum
1009 1097 1286 1151 intervallo
1328 1102 1681 1168 prmeesserit,
1714 1117 1980 1172 quemque
2011 1101 2295 1156 Sabazium

759 1189 1002 1242 nonnulli
1035 1200 1246 1253 vocant,
1275 1188 1424 1244 Jovis
1448 1206 1513 1244 ex
1537 1190 1857 1261 Proserpina
1898 1195 2089 1249 ﬁlium.
2126 1193 2296 1263 Hujus

764 1292 872 1331 non
902 1288 1052 1331 ortus
1113 1280 1292 1343 modo,
1351 1281 1445 1335 sed
1503 1281 1663 1335 etiam
1720 1284 2006 1348 sacriﬁcia,
2055 1285 2298 1353 ritusque

758 1369 1007 1422 nocturni
1029 1383 1091 1422 ac
1121 1370 1368 1434 latentes,
1399 1371 1542 1440 quod
1577 1384 1866 1442 perpetuus
1908 1375 2071 1428 veluti
2115 1391 2296 1429 comes

755 1459 821 1510 ad
855 1459 1173 1514 concubitus
1202 1459 1492 1516 foeditatem
1517 1465 1686 1531 pudor
1711 1465 2058 1528 adhaerescat,
2097 1467 2165 1520 ab
2193 1467 2296 1520 illis

755 1551 1100 1604 invehuntur.
1135 1550 1268 1606 Eum
1303 1569 1515 1624 quoque
1550 1555 1914 1625 jugandorum
1945 1558 2104 1612 boum
2133 1560 2298 1613 ratio-

757 1655 878 1694 nem
942 1642 1172 1709 primum
1227 1646 1559 1713 excogitasse
1608 1648 1780 1710 aiunt,
1840 1648 2062 1718 ideoque
2094 1665 2295 1704 cornua

769 1730 1007 1798 ejusdem
1042 1733 1341 1788 simulacris
1387 1731 1621 1805 aﬂigunt.
1674 1739 1743 1791 At
1770 1755 1892 1793 vero
1919 1738 2190 1808 iuniorem
2220 1742 2297 1794 al-

761 1830 932 1874 terum
955 1837 1020 1874 ex
1065 1823 1270 1878 Semele
1299 1835 1504 1892 natum,
1539 1829 1779 1895 corporis
1807 1831 2029 1884 mollitie
2056 1831 2294 1900 luxuque

752 1910 1095 1978 difﬂuentem,
1122 1916 1299 1982 specie
1336 1914 1616 1986 formaque
1641 1893 1990 1986 praestitisse,
2025 1893 2292 1989 atque-in
2321 1893 2365 1946 Β

753 2014 838 2054 res
865 2014 1117 2056 venereas
1137 2017 1363 2070 pronum
1399 2005 1685 2060 admodum
1712 2020 1774 2059 ac
1801 2006 2092 2074 proclivem
2122 2007 2294 2063 fuisse

751 2104 1193 2146 commemorant.
1248 2093 1304 2147 In
1353 2095 1559 2149 bellicis
1620 2105 1797 2150 autem
1868 2099 2295 2166 expeditionibus

752 2181 1036 2234 mulierum
1061 2184 1270 2236 turbam
1327 2185 1782 2251 eireumducebat,
1826 2206 1856 2244 a
1892 2192 2088 2260 quibus
2128 2192 2296 2247 hastae

753 2262 1032 2326 frondibus
1086 2280 1236 2327 tecta:
1286 2272 1610 2328 ferebantur.
1664 2276 1966 2342 Quinetiam
2046 2281 2286 2345 addunt,

753 2353 934 2415 Musas
953 2362 1203 2431 virgines,
1236 2365 1428 2418 eximia
1478 2381 1656 2420 rerum
1685 2368 2037 2435 plurimarum
2064 2374 2286 2427 scientia

754 2453 1016 2520 praeditas,
1056 2454 1302 2508 itinerum
1330 2456 1447 2524 ejus
1480 2460 1701 2512 comites
1731 2459 1919 2525 fuisse,
1949 2478 2068 2530 quae
2095 2462 2290 2519 Bacchi

751 2544 987 2597 animum
1019 2545 1211 2613 partim
1238 2548 1497 2602 suavitate
1524 2560 1734 2615 cantus,
1768 2553 1960 2619 partim
1989 2553 2290 2608 saltationis

749 2634 1007 2702 elegantia
1037 2644 1090 2689 et
1119 2637 1475 2691 concinnitate
1498 2649 1818 2694 recrearent.
1836 2641 2018 2696 Eidem
2051 2641 2289 2697 Silenum

749 2726 1089 2796 paedagogum
1122 2729 1440 2791 attribuunt,
1474 2730 1627 2797 cujus
1661 2745 1724 2783 ex
1743 2733 2016 2800 praeceptis
2056 2735 2290 2788 maxima

748 2825 960 2883 caperet
1001 2818 1066 2871 ad
1093 2818 1341 2872 virtutem
1373 2820 1700 2888 adjumenta.
1741 2820 1929 2887 Porro,
1962 2823 2120 2893 mitra
2171 2826 2291 2893 qui-

749 2906 867 2958 dem
895 2907 1187 2960 revinctum
1212 2908 1362 2960 illum
1390 2919 1550 2977 caput
1583 2910 1837 2966 habuisse
1872 2910 2073 2979 ferunt,
2103 2914 2289 2968 adver-

750 3006 843 3044 sus
873 3001 1061 3053 acutos
1108 2993 1299 3062 capitis
1352 2995 1585 3062 dolores,
1622 3014 1759 3066 quos
1800 3015 1867 3052 ex
1933 3001 2288 3056 immoderato

749 3081 858 3132 vini
885 3081 1078 3134 haustu
1111 3091 1413 3149 pateretur:
1454 3082 1703 3139 Bimatris
1725 3100 1851 3140 vero
1871 3097 2283 3156 cognomentum

2396 644 2494 713 τὴν
2515 641 2613 711 τῆς
2645 639 2735 693 τοῦ
2769 639 2913 691 σίτου
2946 640 3148 710 τροφῆς
3169 638 3399 710 εὕρεσιν.
3436 634 3587 692 Εἶναι
3615 638 3671 691 δέ
3696 656 3836 708 φασι
3872 641 3962 692 καὶ

2397 732 2551 786 ἀλλον
2583 729 2832 782 Διόνυσον
2862 728 2994 781 πολὺ
3027 731 3136 792 τοῖς
3163 729 3372 798 χρόνοις
3415 729 3786 803 προτεροῦντα
3837 730 3961 784 τού-

2396 839 2510 886 του,
2545 822 2634 873 τὸν
2662 819 2766 872 ὑπό
2798 837 2956 872 τινων
2988 820 3245 883 Σαϐάζιον
3276 821 3668 890 ὀνομαζόμενον
3687 861 3702 884 ,
3745 823 3817 872 ὲκ
3841 823 3958 884 Aab;

2396 912 2489 965 καὶ
2509 909 2848 980 Περσεφόνης
2881 911 3184 979 γενόμενον,
3222 906 3281 964 οῦ
3322 911 3416 980 τὴν
3459 911 3690 977 γένεσιν,
3722 911 3825 963 καὶ
3865 914 3958 972 τὰς

2398 1003 2616 1066 θυσίας,
2669 999 2762 1054 καὶ
2821 999 2918 1062 τὰς
2962 994 3120 1070 τιμὰς
3180 1001 3489 1072 νυκτερινὰς
3551 1003 3643 1055 καὶ
3691 1003 3958 1072 κρυφίους

2397 1096 2718 1163 εἰσάγουσιν,
2750 1093 2836 1146 διὰ
2874 1093 2970 1163 τὴν
3011 1093 3264 1163 αἰσχύνην
3307 1093 3404 1162 τὴν
3439 1096 3502 1145 ἐκ
3527 1094 3623 1163 τῆς
3665 1093 3956 1154 συνουσίας

2397 1185 2858 1241 ἐπακολουθοῦσαν
2878 1223 2892 1246 ,
2939 1185 2997 1236 ὃν
3041 1185 3132 1236 καὶ
3178 1183 3387 1254 πρῶτον
3432 1184 3554 1254 βοῦς
3603 1183 3957 1253 ἐπιχειρῆσαι

2397 1278 2698 1345 ζευγνύειν·
2736 1279 2828 1346 ἀφ’
2887 1269 2945 1329 οῦ
2992 1275 3123 1344 δῆτα
3167 1275 3258 1327 καὶ
3306 1275 3556 1346 κερατίαν
3599 1274 3765 1328 αὑτὸν
3809 1275 3958 1326 εἰσά-

2397 1385 2569 1435 γουσι.
2611 1369 2711 1420 Τὸν
2744 1369 2799 1420 δὲ
2847 1370 2910 1419 ἐκ
2961 1364 3196 1434 Σεμέλης
3248 1365 3537 1437 νεώτερον,
3569 1365 3843 1437 τρυφερὸν
3881 1364 3958 1433 τῷ

2398 1458 2638 1527 σώματι,
2686 1459 2779 1510 καὶ
2829 1456 3128 1526 εὐπρεπείᾳ
3158 1456 3477 1522 διενεγκεῖν,
3520 1456 3611 1508 καὶ
3660 1456 3805 1526 πρὸς
3859 1455 3958 1518 τάς

2395 1547 2778 1618 ἀφροδισιακὰς
2831 1546 3019 1616 ἡδονὰς
3079 1547 3442 1618 εὐκατάφορον
3493 1547 3740 1615 γενέσθαι
3797 1547 3952 1614 φασί.

2394 1635 2548 1689 Κατὰ
2577 1635 2631 1687 δὲ
2662 1637 2758 1698 τάς
2804 1635 3104 1706 στρατείας,
3137 1635 3404 1702 γυναικῶν
3438 1636 3631 1706 πλῆθος
3665 1637 3956 1705 περιάγειν

2395 1726 2838 1796 καθωπλισμένας
2869 1727 3084 1796 λόγχαις
3115 1726 3563 1798 τεθυρσωμέναις.
3597 1727 3733 1778 Φασὶ
3766 1725 3829 1777 δὲ
3861 1725 3953 1776 καὶ

2394 1815 2490 1877 τὰς
2536 1815 2752 1877 Μούσας
2807 1815 2953 1884 αὑτῷ
2992 1814 3380 1884 συναποδημεῖν
3414 1813 3950 1883 παρθένουςσοῦσας,

2393 1907 2485 1958 καὶ
2531 1906 2957 1976 πεπαιδευμένας
3008 1904 3361 1977 διαφερόντως
3383 1945 3395 1967 ,
3439 1904 3504 1966 ἃς
3533 1904 3626 1955 καὶ
3654 1903 3741 1956 διὰ
3772 1903 3948 1972 μελῳ-

2393 2001 2507 2062 δίας
2533 2001 2625 2052 καί
2657 1999 2929 2069 ὀρχήσεως
2966 1997 3307 2067 ψυχαγωγεῖν
3352 1997 3441 2048 τὸν
3483 1996 3633 2048 θεόν·
3672 1995 3952 2060 παιδαγω-

2392 2093 2484 2161 γόν
2527 2109 2585 2144 τε
2635 2090 2796 2143 αὑτοῦ
2829 2090 3077 2160 Σειληνὸν
3109 2089 3313 2159 μεγάλα
3357 2087 3748 2158 συμϐάλλεσθαι
3801 2086 3951 2154 αὑτῷ

2395 2182 2529 2252 πρὸς
2558 2181 2776 2251 ἀρετήν.
2808 2181 2947 2250 Πρὸς
2976 2180 3032 2232 δὲ
3063 2180 3159 2242 τὰς
3192 2182 3254 2231 ὲκ
3287 2178 3377 2230 τοῦ
3403 2178 3780 2241 πλεονάζοντος
3803 2175 3950 2227 οἴνου

2392 2271 2770 2338 κεφαλαλγίας,
2801 2270 3138 2323 ἀναδεδέσθαι
3172 2271 3269 2338 τὴν
3300 2269 3531 2338 κεφαλὴν
3559 2268 3740 2338 μίτρᾳ.
3777 2267 3951 2334 Διμή-

2389 2380 2520 2433 τορα
2561 2362 2615 2413 δὲ
2657 2363 2815 2414 αὑτὸν
2849 2358 3338 2432 προσαγορεύουσι,
3373 2360 3456 2411 διὰ
3497 2360 3555 2410 τὸ
3592 2357 3798 2427 πατρὸς
3832 2355 3948 2417 ἐνὸς

2392 2450 2624 2521 ὑπάρξαι
2654 2452 2776 2513 τοὺς
2810 2450 2901 2502 δύο
2925 2451 3225 2513 Διονύσους,
3260 2439 3501 2520 μητέρων
3530 2448 3582 2499 δὲ
3617 2447 3777 2499 δυοῖν.
3798 2446 3946 2516 Νάρ-

2391 2539 2529 2606 θηκα
2547 2540 2601 2590 δὲ
2632 2540 3030 2610 προσάπτουσιν
3063 2539 3226 2608 αὑτῷ,
3248 2538 3332 2590 διὰ
3354 2538 3410 2590 τὸ
3437 2538 3682 2614 πίνοντας
3707 2538 3946 2607 ἄκρατον

2389 2631 2509 2690 τοὺς
2531 2629 2787 2692 παλαιοὺς
2811 2630 2900 2681 τὸν
2933 2625 3091 2692 οἶνον,
3118 2628 3396 2700 μανιώδεις
3420 2627 3678 2695 γίνεσθαι,
3703 2626 3800 2678 καὶ
3826 2631 3943 2687 ταῖς

2391 2717 2708 2787 βακτηρίαις
2759 2717 3012 2788 ἀλλήλους
3060 2718 3308 2780 τύπτειν,
3341 2718 3413 2778 ὡς
3464 2717 3557 2769 καὶ
3606 2717 3941 2786 ἀναιρεῖσθαί

2387 2827 2556 2872 τινας.
2587 2809 2745 2860 Ὅθεν
2777 2809 2869 2861 καὶ
2904 2811 3020 2861 ἀντὶ
3071 2808 3257 2872 ξύλων,
3291 2806 3517 2878 νάρθηκι
3543 2809 3772 2878 χρῆσθαι
3809 2825 3940 2876 κατ-

2388 2898 2568 2962 έδειξε.
2609 2899 2894 2951 Καλεῖσθαι
2943 2898 2996 2951 δὲ
3039 2899 3197 2952 αὑτὸν
3239 2899 3466 2967 Βάκχον,
3509 2897 3615 2950 ἀπὸ
3653 2899 3758 2950 τῶν
3796 2899 3938 2950 Βακ-

2387 2988 2516 3058 χῶν,
2548 2989 2774 3058 Ληναῖον
2814 2989 2900 3053 δὲ,
2937 2991 3044 3043 ἀπὸ
3096 2989 3189 3042 τοῦ
3222 2988 3501 3041 πατεῖσθαι
3527 2987 3624 3049 τὰς
3663 2985 3937 3056 σταφυλάς

2393 3080 2451 3131 ὲν
2471 3079 2678 3148 ληνοῖς·
2731 3080 2964 3150 Βρόμιον
3007 3080 3062 3132 δὲ
3085 3119 3098 3139 ,
3132 3081 3237 3132 ἀπὸ
3268 3079 3363 3132 τοῦ
3395 3066 3542 3130 ’κατὰ
3586 3077 3680 3147 τὴν
3725 3079 3937 3146 γένεσιν

749 3169 1038 3239 accepisse,
1063 3172 1205 3238 quod
1239 3187 1303 3225 ex
1332 3187 1437 3226 uno
1461 3175 1674 3242 quidem
1708 3182 1875 3244 patre,
1897 3178 1988 3232 sed
2019 3193 2084 3232 ex
2119 3189 2287 3234 matre

2388 3172 2549 3226 αὑτοῦ
2585 3172 2806 3241 βρόμου.
2831 3174 2939 3224 Καὶ
2981 3172 3249 3243 Σατύρους
3280 3171 3342 3230 δέ,
3375 3188 3530 3239 φασιν
3558 3169 3712 3222 αὑτὸν
3745 3167 3937 3272 περιά-

754 3260 960 3326 gemina
993 3260 1184 3315 Bacchi
1221 3262 1328 3315 duo
1373 3264 1483 3316 nati
1531 3274 1729 3318 essent.
1785 3264 2028 3321 Ferulam
2075 3285 2288 3339 quoque

2388 3257 2577 3325 γεσθαι
2605 3260 2659 3308 ὲν
2694 3262 2806 3320 ταῖς
2840 3258 3091 3328 ὀρχήσεσι
3119 3260 3209 3314 καὶ
3233 3261 3349 3320 ταῖς
3381 3258 3721 3327 τραγῳδίαις,
3747 3255 3935 3324 τέρψιν

749 3351 802 3401 in
830 3364 1049 3403 manum
1085 3351 1184 3419 ipsi
1211 3351 1338 3404 dare
1360 3353 1550 3420 solent,
1589 3355 1732 3422 quod
1769 3370 1890 3410 cum
1918 3358 2077 3425 prisci
2116 3358 2289 3412 homi-

749 3451 844 3489 nes
882 3438 1098 3490 assiduo
1143 3440 1274 3490 meri
1317 3455 1417 3492 usu
1470 3441 1524 3493 in
1569 3443 1768 3495 rabiem
1809 3457 1872 3497 ac
1892 3443 2127 3499 furorem
2162 3449 2285 3509 acti,

750 3539 869 3578 sese
895 3526 1097 3579 baculis
1128 3527 1200 3579 ita
1231 3537 1416 3581 mutuo
1439 3531 1722 3596 caederent,
1751 3542 1808 3586 ut
1830 3542 1896 3587 ex
1939 3535 2108 3604 plagis
2153 3538 2288 3592 inte-

750 3613 885 3666 ritus
912 3615 1196 3683 aliquando
1225 3628 1561 3686 sequeretur,
1592 3620 1860 3688 lignorum
1893 3624 2010 3678 loco
2042 3624 2286 3680 Bacchus

748 3715 841 3754 eos
864 3700 1046 3756 ferulis
1067 3704 1143 3757 uti
1173 3705 1434 3761 docuerit.
1465 3705 1599 3765 Eum
1636 3719 1888 3777 pragterea
1946 3716 2132 3769 volunt
2156 3714 2286 3772 Bac—

747 3790 907 3842 chum
935 3791 1144 3858 quidem
1163 3806 1191 3843 a
1213 3792 1432 3846 Bacchis
1459 3795 1770 3853 mulieribus
1792 3801 2123 3856 nominatum
2143 3819 2282 3869 esse,

749 3876 994 3932 Lenaeum
1038 3889 1213 3934 autem
1249 3885 1400 3951 quasi
1441 3887 1809 3954 torcularium,
1839 3891 1982 3959 quod
2020 3893 2073 3945 in
2107 3902 2285 3947 torcu-

747 3969 949 4023 laribus
973 3986 1088 4024 uva:
1117 3973 1407 4037 calcentur,
1443 3974 1548 4047 54
1578 3966 1850 4033 Bromium
1881 3979 2110 4050 denique
2131 3984 2285 4052 quasi

750 4069 1006 4110 sonorum
1031 4059 1099 4112 ob
1123 4060 1385 4128 ingentem
1414 4063 1562 4116 illum
1611 4064 1876 4134 fragorem
1904 4108 1918 4131 ,
1949 4070 2041 4137 qui
2074 4073 2284 4126 coalitus

749 4144 802 4196 in
830 4145 997 4212 ipsius
1027 4155 1146 4200 ortu
1207 4151 1522 4218 contigerat.
1579 4154 1659 4206 Ad
1715 4165 2013 4210 extremum
2069 4157 2284 4228 Satyros

747 4235 910 4288 etiam
943 4238 1144 4304 passim
1181 4238 1247 4292 ab
1280 4239 1372 4293 illo
1402 4242 1821 4310 circumductos,
1851 4249 1942 4315 qui
1975 4262 2096 4300 eum
2122 4250 2284 4303 salta-

748 4327 957 4379 tionum
1000 4337 1053 4381 et
1094 4330 1473 4397 tragoediarum
1505 4333 1858 4388 oblectatione
1909 4351 1971 4390 ac
2017 4338 2286 4407 voluptate

749 4416 1064 4482 mulcerent,
1108 4421 1348 4490 adeoque
1380 4423 1645 4476 theatrum
1699 4426 1894 4493 ipsum,
1918 4442 2041 4480 cum
2067 4428 2134 4481 iis
2166 4443 2284 4496 quae

2388 3347 2533 3416 αὑτῷ
2561 3347 2649 3400 καὶ
2673 3347 2863 3417 ἡδονὴν
2890 3348 3239 3418 παρέχοντας,
3265 3347 3567 3413 καταδεῖξαι
3595 3348 3651 3400 δὲ
3684 3347 3930 3416 θέατρον,

2386 3439 2478 3490 καὶ
2514 3438 2781 3507 μουσικῶν
2816 3439 3172 3509 ἀκροαμάτων
3205 3439 3536 3508 συστήματα.
3563 3435 3798 3489 Τοιαῦτα
3840 3434 3932 3504 μὲν

2385 3527 2451 3579 τὰ
2477 3526 2602 3595 περὶ
2636 3524 2904 3577 Διονύσου.
2941 3525 3041 3576 Τὸν
3072 3525 3127 3576 δὲ
3159 3525 3399 3594 Πρίαπον
3424 3564 3438 3588 ,
3473 3523 3582 3576 υἱὸν
3623 3519 3760 3574 εἷναί
3802 3535 3930 3590 φασι

2384 3615 2630 3668 Διονύσου
2673 3616 2763 3667 καὶ
2815 3612 3147 3683 ’Ᾱφροδίτης,
3200 3614 3285 3667 διά
3333 3613 3392 3665 τὸ
3441 3615 3563 3676 τοὺς
3614 3611 3929 3673 οἰνωθέντας

2384 3704 2622 3773 φυσικῶς
2657 3703 2963 3755 ἐντετάσθαι
2997 3704 3130 3772 προς
3166 3704 3262 3764 τὰς
3300 3702 3683 3774 ἀφροδισιακὰς
3715 3701 3927 3771 ἡδονάς.

2384 3794 2535 3855 Τινὲς
2565 3793 2621 3844 δέ
2651 3809 2779 3860 φασι
2809 3792 2866 3844 τὸ
2899 3792 3090 3845 αἰδοῖον
3121 3792 3224 3844 τῶν
3258 3792 3551 3863 ἀνθρώπων
3582 3791 3704 3853 τοὺς
3738 3791 3928 3843 παλαι-κ

2383 3882 2473 3945 οὺς
2508 3880 2742 3949 μυθικῶς
2767 3880 3006 3951 Πρίαπον
3035 3881 3331 3950 ὀνομάζειν.
3376 3881 3541 3933 Ἔνιοι
3580 3881 3636 3933 δὲ
3683 3881 3925 3948 λέγουσι,

2383 3970 2442 4022 τὺ
2468 3970 2773 4038 γεννητικὸν
2826 3971 3008 4041 μόριον
3047 3971 3214 4021 αἴτιον
3241 3971 3499 4040 ὑπάρχειν
3542 3971 3638 4038 τῆς
3667 3971 3924 4057 γενέσεως

2383 4060 2489 4111 τῶν
2513 4060 2827 4131 ἀνθρώπων,
2858 4062 3062 4115 καῖ’διά
3097 4061 3250 4114 τοῦτο
3282 4065 3358 4125 εἰς
3397 4063 3605 4115 ἅπαντα
3638 4063 3728 4114 τὸν
3761 4060 3925 4114 αἰῶνα

2383 4153 2558 4218 τυχεῖν
2583 4152 2675 4221 τῆς
2713 4151 2974 4205 ἀθανάτου
3005 4152 3182 4221 τιμῆς.
3214 4153 3416 4224 Ὥσπερ
3440 4151 3531 4207 οὑν
3556 4155 3647 4206 καὶ
3682 4154 3732 4205 οἱ
3764 4149 3923 4219 Αἰγὺο

2385 4256 2524 4294 πτιοι
2559 4242 2656 4310 τὴν
2680 4239 2816 4294 Ἶσιν
2861 4242 3063 4310 ἔφησαν
3095 4243 3162 4294 τά
3198 4244 3330 4315 μέλη
3366 4244 3457 4298 τοῦ
3505 4245 3764 4314 Ὀσίριδος
3796 4245 3921 4295 ἀνα-

2383 4328 2680 4400 ζητοῦσαν,
2714 4333 2774 4384 ‘rb
2819 4334 3011 4386 αἰδοῖον
3051 4334 3209 4386 αὑτοῦ
3269 4338 3341 4406 μὴ
3383 4336 3676 4405 δυναμένην
3727 4335 3917 4408 εὑρεῖν,

2385 4420 2686 4484 καταδεῖξαι
2717 4424 2878 4490 τιμᾷν
2915 4422 2988 4484 ὼς
3023 4422 3173 4486 θεὸν,
3231 4425 3323 4475 καὶ
3367 4423 3636 4476 ἀναθεῖναι
3696 4426 3834 4477 κατά
3865 4421 3919 4475 τὸ

748 4507 814 4558 ad
847 4505 1056 4574 plenam
1103 4522 1166 4562 ac
1218 4525 1558 4565 numerosam
1609 4516 1879 4567 variorum
1933 4527 2283 4571 concentuum

2391 4513 2529 4582 ἱερὸν
2553 4513 2920 4582 ἐντεταμένον.
2961 4513 3117 4566 Ἀλλά
3142 4516 3234 4565 καὶ
3263 4514 3387 4584 παρ’
3414 4501 3662 4584 Ἕλλησιν
3680 4518 3742 4569 οὑ
3770 4515 3918 4585 μόνον

749 4597 1106 4666 integritatem
1162 4602 1448 4668 pertinent,
1477 4606 1831 4674 excogitatum
1869 4607 2053 4664 fuisse.
2105 4609 2280 4679 Atque

745 4688 856 4741 haec
874 4689 939 4743 de
970 4687 1180 4744 Baccho
1207 4690 1373 4746 ϐιαισὶ
1410 4695 1776 4764 prodiderunt.
1816 4698 1933 4754 .Iam
1964 4717 2091 4756 vero
2128 4701 2278 4755 Pria-

744 4791 868 4842 pum
895 4778 1134 4845 ejusdem
1195 4779 1388 4835 Bacchi
1441 4782 1767 4854 Venerisque
1800 4789 1964 4844 ﬁlium
2007 4808 2126 4847 esse
2171 4801 2279 4847 trc-

745 4865 897 4928 dunt,
928 4869 1071 4935 quod
1107 4869 1352 4925 homines
1379 4873 1505 4927 vino
1553 4875 1747 4928 madidi
1779 4881 2006 4935 naturali
2045 4884 2276 4952 quodam

745 4952 798 5004 in
822 4955 1103 5009 obscenam
1135 4960 1457 5028 voluptatem
1489 4962 1688 5030 impetu
1727 4968 1957 5037 arrigere
1982 4986 2275 5025 consueve-

744 5043 869 5094 rint.
902 5042 1218 5111 Quanquam
1277 5050 1396 5102 aliis
1454 5052 1644 5119 placet,
1704 5054 1983 5111 honestum
2037 5062 2278 5128 corporis

749 5131 965 5182 humani
999 5133 1296 5185 membrum
1337 5151 1365 5187 a
1400 5141 1667 5193 veteribus
1713 5137 1960 5209 Priapum
2003 5143 2056 5196 in
2083 5143 2276 5200 fabulis

744 5221 1066 5288 appellatum
1126 5237 1279 5287 esse;
1318 5225 1406 5278 alii
1466 5244 1592 5284 vero
1635 5231 1859 5296 malunt,
1916 5231 2055 5286 idem
2101 5235 2274 5301 ipsum

746 5311 887 5374 quod
917 5311 1164 5364 humana:
1211 5318 1567 5380 generationis
1600 5335 1759 5374 causa
1817 5322 1906 5385 sit,
1947 5321 2276 5380 immortales

748 5399 979 5455 honores
1004 5416 1070 5456 ex
1100 5404 1246 5455 omni
1269 5405 1582 5460 saeculorum
1622 5411 1880 5465 memoria
1925 5423 2271 5468 consecutum

749 5489 912 5543 fuisse
946 5509 958 5542 :
992 5493 1441 5560 quemadmodum
1503 5501 1660 5552 etiam
1711 5499 1943 5572 Egyptii
1975 5500 2150 5558 ferunt
2179 5505 2275 5559 Isi-

747 5580 866 5631 dem
900 5594 1019 5632 cum
1048 5581 1430 5651 investigandis
1452 5584 1673 5643 Osiridis
1722 5593 1976 5647 membris
1995 5605 2275 5664 occupata,

743 5674 1009 5718 veretrum
1059 5684 1222 5723 unum
1277 5687 1338 5724 ex
1374 5673 1624 5727 omnibus
1656 5679 1889 5745 reperire
1918 5694 2027 5733 non
2073 5691 2274 5748 posset,

743 5756 981 5811 divinum
1014 5760 1064 5814 ei
1102 5761 1298 5815 cultum
1333 5764 1644 5831 instituisse,
1697 5775 1749 5822 et
1778 5777 2040 5826 arrectum
2071 5772 2187 5835 eius
2213 5772 2279 5827 si-

2386 4605 2441 4653 έν
2472 4606 2588 4665 ταῖς
2623 4605 2990 4667 Διονυσιακαῖς
3024 4604 3278 4665 τελεταῖς,
3307 4605 3435 4657 ἀλλά
3471 4607 3562 4657 καὶ
3583 4609 3702 4668 ταῖς
3743 4604 3918 4663 ἀλλαις

2383 4692 2619 4752 ἀπάσαις
2659 4682 2809 4753 οὗτος
2849 4692 2876 4742 ὁ
2924 4691 3042 4753 θεὸς
3074 4692 3325 4760 τυγχάνει
3381 4694 3521 4756 τινὸς
3568 4693 3749 4762 τιμῆς,
3792 4689 3916 4760 μετά

2383 4781 2610 4846 γέλωτος
2635 4781 2727 4831 καὶ
2751 4780 2964 4843 παιδιᾶς
2991 4779 3444 4849 παρεισαγόμενος
3463 4783 3518 4833 ὲν
3545 4785 3663 4843 ταῖς
3686 4781 3912 4841 θυσίαις⁸

2381 4871 2453 4933 ὼς
2487 4875 2576 4923 καὶ
2607 4872 2697 4922 τὸν
2727 4870 3161 4944 Ἑρμαφρόδιτον,
3206 4871 3261 4922 ὃν
3296 4871 3352 4936 ἐξ
3391 4870 3583 4940 Ἑρμοῦ
3617 4872 3709 4923 καὶ
3738 4872 3914 4939 Ἀφρο-

2382 4961 2528 5028 δίτης
2547 4961 2881 5029 γεννηθέντα,
2906 4961 3083 5028 τυχεῖν
3108 4961 3203 5028 τῆς
3233 4959 3610 5032 προσηγορίας.
3645 4960 3836 5011 Τοῦτον
3861 4956 3911 5010 δέ

2385 5068 2511 5119 φασι
2536 5051 2625 5102 τὸν
2658 5051 2774 5103 θεὸν
2796 5051 2934 5104 κατά
2964 5066 3112 5112 τινας
3141 5051 3357 5119 χρόνους
3383 5049 3655 5116 φαίνεσθαι
3685 5050 3809 5118 παρ’
3831 5047 3913 5098 ἀν-

2385 5142 2636 5212 θρώποις,
2657 5144 2745 5194 καὶ
2766 5140 3048 5209 γεννᾶσθαι
3066 5142 3162 5212 τὴν
3181 5140 3272 5192 τοῦ
3295 5139 3536 5204 σώματος
3561 5139 3716 5208 φύσιν
3737 5139 3910 5209 ἔχοντα

2383 5232 2440 5296 ἐξ
2471 5231 2659 5300 ἀνδρὸς
2689 5233 2778 5282 καὶ
2807 5231 3073 5296 γυναικός.
3108 5231 3273 5281 Ἔνιοι
3298 5227 3351 5280 δὲ
3378 5228 3443 5280 τὰ
3474 5227 3693 5280 τοιαῦτα
3724 5228 3909 5298 τέρατα

2383 5321 2643 5388 ὑπάρχειν
2677 5320 2838 5386 φασὶ,
2887 5321 3119 5380 σπανίως
3174 5335 3231 5369 τε
3278 5319 3536 5387 γενόμενα
3549 5357 3574 5382 δ
3621 5312 3909 5388 σημαντικὰ

2384 5410 2512 5462 ποτὲ
2543 5411 2637 5478 μὲν
2672 5411 2851 5462 κακῶν
2873 5451 2887 5473 ,
2930 5410 3058 5462 ποτὲ
3085 5410 3128 5461 δ’
3170 5408 3381 5475 ἀγαθῶν
3425 5408 3682 5475 γίνεσθαι.
3721 5408 3826 5469 Τάς
3859 5403 3907 5456 δὲ

2384 5501 2599 5561 Μούσας
2623 5540 2635 5563 ,
2685 5499 2979 5571 θυγατέρας
3025 5497 3158 5557 εἶναι
3212 5500 3327 5561 Διὸς
3384 5501 3474 5553 καὶ
3528 5498 3903 5568 Μνημοσύνης·

2385 5592 2527 5652 τινὲς
2557 5591 2631 5649 δὲ,
2669 5590 2906 5661 Οὐρανοῦ
2958 5591 3051 5642 καὶ
3085 5590 3208 5658 Γῆς.
3241 5591 3538 5661 Παρθένους
3559 5606 3625 5642 ντε
3675 5587 3835 5650 αὑτὰς
3866 5585 3905 5634 οἱ

2386 5682 2623 5735 πλεῖστοι
2667 5681 3059 5751 μυθολογοῦσι,
3108 5684 3286 5751 τυχεῖν
3317 5698 3373 5732 τε
3426 5681 3522 5751 τῆς
3560 5676 3905 5749 προσηγορίας

2385 5773 2491 5824 ἀπὸ
2515 5772 2605 5826 τοῦ
2642 5774 2794 5827 ιιυεῖν
2831 5773 2953 5833 τοὺς
2975 5770 3303 5834 ἀνθρώπους.
3336 5769 3490 5824 τοῦτο
3538 5768 3592 5821 δέ
3635 5769 3744 5820 ἐστι
3781 5764 3906 5820 διδά-
