4028 6332
62 482 148 534 me
1095 568 1100 572 ε
1190 486 1506 543 ΡΜΡΑΒ.
1545 484 1580 539 E

1684 484 1795 540 NG.
1832 484 1960 540 LIB.
2005 486 2068 541 ll.

3139 490 3239 543 ΗΟ

60 618 193 655 οκειν
233 603 303 657 τὰ
348 604 507 658 καλά.
558 606 692 677 Περὶ
729 606 787 661 δὲ
835 606 927 660 τοὺ
977 607 1306 679 Ἡρακλέους
1342 607 1580 677 Ἕλληνες

1694 604 1993 658 mulacrum
2030 606 2082 657 in
2116 605 2313 673 templo
2372 620 2738 660 consecrasse.
2778 606 2846 658 At
2898 606 3037 660 cnim
3100 610 3238 677 apud

60 694 214 747 τοιάδε
248 696 400 763 φασί.
415 694 623 768 Δανάης
640 698 742 767 τῆς
772 698 1039 767 Ἀκρισίου
1067 700 1159 753 καὶ
1180 700 1318 762 Διὸς,
1348 698 1595 767 γενέσθαι

59 784 286 854 Περσέα·
318 786 571 860 Περσέως
599 788 655 840 δὲ
675 791 767 842 καὶ
798 790 1165 860 Ἀνδρομέδας,
1200 789 1590 859 Ἠλεκτρύωναο

60 878 112 926 ἐκ
131 876 181 928 δὲ
216 876 403 930 τούτου
439 878 687 945 γενέσθαι
716 879 811 951 τὴν
848 880 1168 952 Ἀλκμήνην,
1266 879 1486 950 μιγέντα
1506 879 1594 931 τὸν

60 966 144 1017 Δία
162 966 411 1033 γεννῆσαι
436 969 527 1020 τὸν
553 969 841 1035 Ἡρακλέα.
857 964 1200 1040 ’Μισγόμενον
1224 970 1281 1023 δὲ
1312 970 1595 1040 αὐτῇ,τρι-

63 1058 309 1112 πλασίονα
330 1061 430 1130 τὴν
445 1060 613 1114 νύκτα
636 1060 875 1131 ποιῆσαι·
901 1063 1067 1132 μόνην
1081 1078 1139 1114 τε
1155 1061 1355 1131 ταύτην
1369 1062 1460 1114 τοῦ
1476 1063 1595 1124 Διὸς

59 1151 143 1220 τὴν
164 1150 394 1219 ὁμιλίαν,
422 1153 525 1207 οὐκ
541 1152 813 1223 ἐρωτικῆς
833 1152 1117 1223 ἐπιθυμίας
1142 1154 1301 1207 ’ένεκα
1320 1153 1589 1221 γενέσθαι,

61 1241 296 1313 καθάπερ
315 1243 408 1295 ἐπὶ
440 1242 548 1295 τῶν
585 1243 756 1297 ἄλλων
786 1245 1079 1312 γυναικῶν,
1110 1244 1244 1297 ἀλλὰ
1266 1244 1325 1297 τὸ
1345 1244 1590 1296 πλεῖστον

59 1331 146 1399 τῆς
183 1332 517 1396 παιδοποιίας
556 1333 863 1403 χάριν.Τὴν
894 1335 949 1387 δὲ
983 1336 1156 1406 Ἦραν
1190 1333 1590 1403 ζηλοτυποῦσαν

61 1426 477 1493 παρακατασχεῖν
519 1424 617 1493 μὲν
684 1424 985 1493 Ἀλκμήνης
1028 1427 1125 1486 τὰς
1182 1426 1393 1489 ὠδῖνας,
1422 1426 1512 1478 τὸν
1532 1424 1589 1477 δὲ

59 1514 315 1583 Εὐρυσθέα
342 1514 446 1585 πρὸ
473 1514 563 1567 τοῦ
621 1514 946 1585 καθήκοντος
986 1516 1174 1585 χρόνου
1214 1517 1347 1586 πρὸς
1381 1516 1439 1569 τὸ
1475 1516 1587 1586 φῶς

58 1604 284 1670 ἀγαγεῖν,
310 1603 400 1657 τοῦ
428 1605 549 1669 Διὸς
586 1606 1039 1676 προαγορεύοντος
1070 1607 1158 1658 τὸν
1192 1607 1589 1677 τεχθησόμενον

59 1694 162 1746 κατ’
192 1693 395 1765 ἐκείνην
443 1695 540 1765 τὴν
590 1696 802 1765 ἡμέραν
834 1694 1145 1764 βασιλεῦσαι
1177 1696 1268 1748 τοῦ
1317 1696 1589 1767 Περσιδῶν

57 1785 249 1851 γένους.
284 1786 525 1840 Τεκοῦσα
551 1786 605 1838 δὲ
652 1787 945 1859 Ἀλκμήνη,
996 1787 1269 1857 ἐξέθηκεν,
1325 1786 1398 1852 ὦς
1434 1806 1584 1858 φασι,

56 1874 107 1925 τὸ
134 1874 338 1946 βρέφος,
369 1876 516 1945 φόϐῳ
545 1877 645 1946 τῆς
674 1877 866 1947 Ἤρας.
922 1876 1030 1948 Τὴν
1091 1879 1146 1930 δὲ
1192 1878 1419 1947 Ἀθηνᾶν
1447 1881 1584 1945 ἀγα-

58 1964 257 2019 σθεῖσαν
279 1969 334 2018 τὸ
370 1967 587 2037 βρέφος,
616 1971 798 2020 πεῖσαι
830 1969 927 2038 τὴν
953 1970 1126 2039 Ἥραν
1158 1970 1410 2039 ὑποσχεῖν
1440 1968 1585 2037 αὐτῷ

163 2055 341 2127 θηλήν.
366 2059 471 2110 Τοῦ
502 2058 558 2110 δὲ
584 2060 769 2123 παιδὸς
804 2061 939 2128 ὑπὲρ
975 2059 1070 2129 τὴν
1115 2060 1326 2130 ἡλικίαν
1359 2060 1586 2130 βιαιότε-

56 2161 134 2215 ρον
164 2148 597 2218 ἐπισπασαμένου
647 2148 741 2219 τὴν
769 2147 952 2218 θηλὴν,
985 2152 1018 2219 ή
1062 2149 1157 2219 μὲν
1185 2152 1330 2221 Ἥρα
1366 2151 1584 2221 διαλγή-

54 2253 178 2289 σασα
204 2240 261 2292 τὸ
286 2239 478 2308 βρέφος
509 2239 741 2309 ἔρριψενο
780 2239 1043 2309 Ἀθηνᾶδὲ
1073 2243 1407 2311 κομισαμένη
1432 2243 1582 2306 αὐτὸ,

54 2329 137 2397 τὴν
162 2329 365 2400 μητέρα
395 2331 611 2401 τρέφειν
657 2330 1105 2400 παρεκελεύσατο.
1154 2333 1304 2385 Μετὰ
1332 2334 1387 2385 δὲ
1416 2334 1585 2386 ταῦτα

56 2419 79 2486 ή
110 2419 203 2487 μὲν
235 2420 373 2490 Ἥρα
402 2420 493 2471 δύο
523 2420 818 2491 δράκοντας
846 2418 1123 2473 ἀπέστειλε
1142 2461 1157 2484 ,
1216 2424 1340 2485 τοὺς
1382 2424 1585 2477 ἀναλώ-

53 2523 225 2573 σοντας
251 2511 307 2563 τὸ
356 2511 572 2582 βρέφος,
617 2513 644 2563 ό
701 2512 757 2563 δὲ
785 2513 911 2572 παῖς
945 2512 1003 2561 οὐ
1039 2514 1423 2582 καταπλαγεὶς,
1458 2516 1584 2568 ἑκα-

60 2602 168 2671 τέρα
193 2601 292 2653 τῶν
346 2602 543 2672 χειρῶν
589 2603 676 2655 τὸν
705 2605 905 2673 αὐχένα
934 2605 1122 2675 θλίψας
1167 2604 1427 2671 ἀπέπνιξε
1460 2607 1583 2670 τοὺς

52 2690 342 2761 δράκοντας.
380 2694 558 2765 Ἀνδρὶ
580 2694 636 2746 δὲ
666 2685 936 2766 γενομένῳ
960 2696 1036 2766 τῷ
1065 2696 1349 2767 Ἠρακλεῖ,
1406 2696 1581 2768 Εὐρυ-

55 2782 198 2845 σθεὺς
226 2786 252 2835 ό
275 2783 367 2853 τὴν
396 2784 669 2853 βασιλείαν
710 2786 844 2856 ἔχων
875 2788 970 2857 τῆς
1012 2787 1277 2856 Ἀργείας,
1320 2788 1584 2857 προστάτ-

53 2886 119 2922 τει
145 2872 326 2935 ἄθλους
346 2873 556 2926 τελέσαι
585 2873 807 2943 δώδεκα.
836 2877 927 2938 Εἰς
955 2876 1148 2946 πολλὴν
1178 2878 1234 2929 δὲ
1276 2879 1582 2948 ἀμηχανίαν

51 2966 350 3034 ἐμπεσόντος
382 2968 565 3031 αὐτοῦ,
600 2970 745 3038 Ἥρα
779 2968 874 3037 μὲν
906 2968 1145 3038 ἔπεμψεν
1169 2969 1317 3039 αὐτῷ
1346 2969 1544 3022 λύσσαν
1563 2988 1577 3000 ⁸

50 3056 75 3109 6
103 3056 231 3127 δὲτῇ
257 3058 396 3129 ψυχῇ
430 3058 729 3128 δυσφορῶν,
749 3060 825 3122 εἰς
862 3060 1053 3129 μανίαν
1088 3059 1326 3111 ἐνέπεσε·
1359 3059 1451 3111 τοῦ
1481 3061 1583 3113 πά-

52 3144 157 3209 θους
185 3148 240 3200 δὲ
266 3150 649 3220 αὐξανομένου,
683 3150 789 3203 τῶν
813 3150 1019 3221 φρενῶν
1076 3152 1229 3213 ἐκτὸς
1272 3151 1576 3220 γενόμενος,

50 3236 126 3289 τὸν
156 3240 357 3310 ἑταῖρον
382 3243 475 3293 καὶ
502 3240 807 3309 ἀδελφιδοῦν
853 3241 1044 3292 Ἰόλαον
1082 3239 1400 3293 ἐπεϐάλλετο
1432 3239 1575 3292 κτεί-
1604 3253 1646 3312 C

51 3344 165 3394 νειν,
194 3330 281 3383 τοῦ
310 3332 363 3384 δὲ
388 3332 701 3400 φεύγοντος,
731 3332 854 3395 τοὺς
890 3332 1047 3394 ἰδίους
1075 3332 1263 3394 παῖδας
1309 3332 1371 3383 ἐκ
1399 3331 1579 3400 Μεγά-

49 3434 155 3489 ρας,
176 3420 271 3488 τῆς
285 3422 553 3490 Κρέοντος
572 3422 663 3473 τοῦ
684 3422 940 3490 βασιλέως
963 3423 1247 3493 θυγατρὸς,
1266 3423 1579 3492 γενομένους

50 3508 178 3580 αὐτῷ
204 3513 575 3577 κατετόξευσεν
624 3512 696 3575 ὡς
745 3514 1051 3582 πολεμίους.
1083 3515 1193 3567 Καὶ
1218 3514 1352 3581 μετὰ
1410 3513 1578 3566 ταῦτα

52 3600 212 3671 ἡρέμα
238 3604 505 3665 καταστὰς
531 3604 792 3671 ὑπουργεῖ
814 3603 890 3673 τῷ
931 3603 1198 3673 Εὐρυσθεῖ
1222 3605 1346 3666 τοὺς
1373 3604 1577 3657 δώδεκα

48 3691 240 3756 ἄθλους.
283 3695 522 3764 Ἀναιρεῖ
569 3694 624 3745 δὲ
663 3695 909 3757 καὶτοὺς
956 3694 1313 3763 Κενταύρους,
1357 3694 1472 3764 μεθ’
1501 3690 1576 3747 ὧν

49 3782 272 3853 Χείρωνα
305 3787 392 3839 τὸν
414 3788 505 3839 ἐπὶ
556 3788 622 3855 τῇ
659 3786 870 3856 ἰατρικῇ
902 3782 1187 3855 βοώμενον.
1207 3786 1340 3838 Φασὶ
1358 3786 1415 3838 δὲ
1449 3786 1575 3838 ἴδιόν

48 3888 89 3924 τι
110 3876 365 3945 πμῦἦναι
400 3877 539 3930 κατὰ
562 3878 660 3947 τὴν
696 3878 901 3945 γένεσιν
937 3874 1088 3927 τοῦδε
1139 3874 1232 3927 τοῦ
1269 3873 1412 3927 θεοῦ.
1445 3876 1576 3937 Ζεὺς

49 3962 139 4033 γὰρ
168 3962 351 4035 πρώτῃ
375 3965 475 4033 μὲν
495 3965 655 4036 ἐμίγη
677 3964 893 4032 γυναικὶ
931 3963 1096 4032 θνητῇ
1125 3962 1379 4033 Νιόϐῃστῇ
1404 3963 1575 4031 Φορω-

46 4051 185 4115 νέως,
208 4054 402 4124 ἐσχάτῃ
424 4054 499 4114 δὲ,
531 4055 804 4127 Ἀλκμήνῃ
830 4056 893 4123 τῇ
916 4051 1008 4105 τοῦ
1034 4052 1357 4121 Ἡρακλέους
1386 4052 1567 4122 μητρί.

46 4138 239 4211 Ταύτην
268 4142 323 4192 δὲ
347 4142 455 4194 άπὸ
477 4143 523 4193 Ν
532 4141 678 4211 ιόόης
720 4141 1107 4211 ἑκκαιδεκάτην
1145 4140 1567 4209 γενεαλογοῦσιν.

56 4229 131 4283 Ἐν
157 4232 319 4305 ταύτῃ
340 4233 398 4285 δὲ
428 4235 525 4303 τὴν
569 4233 702 4304 πρὸς
759 4234 855 4297 τὰς
885 4233 1077 4303 θνητὰς
1098 4233 1307 4303 ὁμιλίαν
1350 4233 1573 4287 κατέλυ-

50 4336 141 4375 σεν.
184 4324 337 4379 Ἀλλὰ
355 4325 463 4397 γὰρ
484 4320 702 4389 τελέσας
722 4329 845 4387 τοὺς
884 4326 1074 4388 ἄθλους
1097 4328 1124 4377 ό
1158 4325 1447 4397 Ἡρακλῆς,
1474 4328 1573 4397 τὴν

1699 693 1913 749 Gracos
1944 711 2046 749 non
2080 704 2286 749 tantum
2324 697 2375 749 in
2402 695 2597 751 Bacchi
2629 697 2800 752 sacris
2842 706 2896 751 et
2927 699 3116 761 initiis,
3142 716 3234 752 ve-

1696 800 1818 838 rum
1842 794 1897 839 et
1930 786 1982 839 in
2024 787 2236 840 caeteris
2283 802 2496 857 quoque
2544 789 2795 843 omnibus
2850 788 2952 842 hoc
2998 792 3239 842 nummis

1694 891 1882 945 genus,
1923 878 1975 931 in
2024 876 2289 932 sacriﬁcia
2327 894 2448 932 cum
2500 880 2609 934 risu
2666 895 2729 933 ac
2768 880 2907 949 jocis
2936 881 3235 943 inductum,

1693 972 1839 1018 certo
1892 966 2126 1034 quodam
2196 966 2399 1022 honore
2463 979 2883 1038 prosequuntur.
2943 966 3238 1027 Persimilis

1693 1055 1820 1110 huic
1870 1053 2368 1121 Hermanhroditus,
2397 1059 2481 1113 cui
2510 1060 2653 1127 quod
2698 1057 2891 1114 Hcrme
2926 1069 2979 1113 et
3020 1061 3234 1130 Aphro-

1692 1146 1821 1207 dite,
1859 1146 1962 1201 hoc
1995 1158 2076 1201 est
2110 1148 2375 1222 Mercurio
2425 1164 2489 1202 ac
2546 1147 2750 1202 Venere
2776 1159 2924 1205 satus
2950 1161 3109 1215 esset,
3135 1152 3238 1206 hoc

1692 1236 1925 1292 nominis
1955 1240 2207 1294 tribuere.
2254 1240 2332 1295 Ac
2386 1242 2629 1295 nonnulli
2674 1241 2889 1311 quidem
2930 1245 3086 1298 statis
3111 1246 3235 1313 qui—

1690 1328 1918 1383 busdam
1950 1332 2280 1399 temporibus
2330 1332 2489 1386 deum
2517 1333 2679 1385 istum
2714 1332 2853 1389 inter
2872 1334 3120 1389 homines
3150 1351 3237 1403 ap-

1688 1436 1899 1492 parere,
1922 1424 2169 1493 virilique
2198 1426 2357 1479 simul
2406 1442 2469 1479 ac
2499 1424 2747 1478 muliebri
2790 1442 2919 1479 sexu
2963 1428 3233 1495 procreari

1688 1514 1930 1569 scribunt
1973 1535 1986 1569 :
2026 1516 2114 1569 alii
2174 1525 2379 1580 contra,
2439 1518 2581 1586 quod
2642 1518 2908 1587 ejusmodi
2958 1519 3232 1571 hominum

1686 1614 1838 1658 ortus
1865 1621 2087 1674 perraro
2122 1589 2454 1676 contingant,
2483 1622 2578 1661 eos
2619 1608 2669 1660 in
2716 1607 3080 1676 prodigiorum
3116 1609 3234 1661 loco

1687 1697 1920 1763 habitos,
1966 1717 2053 1755 res
2086 1717 2471 1769 nonnunquam
2523 1703 2799 1763 adversas,
2834 1702 3121 1769 aliquando
3150 1719 3228 1753 sv-

1686 1788 1891 1843 cundas
1919 1791 2279 1858 praenuntiam
2303 1789 2614 1844 defendunt.
2644 1789 2903 1845 Praeterea
2945 1791 3122 1844 Musas
3144 1792 3235 1844 alii

1684 1877 1829 1934 Jovis
1860 1896 1922 1934 ac
1944 1880 2335 1950 Muemosynes,
2371 1881 2457 1932 alii
2480 1879 2612 1933 ϐαξἰί
2642 1878 2924 1949 Terraeque
2953 1882 3087 1935 ﬁlias
3117 1898 3236 1933 esse

1687 1970 1901 2023 volunt:
1926 1972 2143 2025 easdem
2173 1972 2407 2041 virgines
2439 1970 2606 2026 fuisse
2630 1972 2868 2039 plerique
2893 1972 3230 2036 fabulantur,

1685 2056 2068 2127 Musarumque.
2137 2061 2351 2113 nomine
2405 2062 2731 2129 appellatas,
2797 2062 2941 2130 quod
2988 2062 3230 2117 homines

1687 2147 1832 2215 ipsos
1867 2152 2039 2218 μυεῖν,
2072 2148 2122 2201 id
2172 2159 2253 2203 est
2282 2150 2499 2203 honesta
2546 2150 2739 2204 docere
2780 2160 3116 2219 putarentur.
3159 2150 3233 2205 De

1686 2234 1911 2291 Hercule
1941 2248 2118 2292 autem
2162 2239 2213 2290 in
2246 2238 2389 2293 hunc
2415 2239 2522 2293 fere
2547 2239 2765 2294 modum
2798 2240 2965 2296 Graeci
3002 2243 3232 2309 loquun-

1686 2339 1792 2383 tur.
1821 2327 2075 2383 Perseum
2106 2330 2323 2397 quidem
2357 2345 2422 2384 ex
2458 2329 2588 2385 Jove
2626 2341 2677 2385 et
2704 2331 2881 2386 Danae
2910 2332 3102 2386 Acrisii
3125 2333 3229 2386 ﬁlia

1684 2429 2044 2489 procreatum,
2089 2419 2463 2490 Electryonem
2520 2436 2585 2476 ex
2643 2421 2981 2477 Andromeda
3042 2439 3229 2477 susce-

1683 2508 1848 2576 pisse,
1880 2508 1972 2577 qui
2001 2507 2315 2562 Alcmenam
2368 2518 2550 2577 postea
2597 2511 2841 2577 genuerit
2871 2526 2885 2561 :
2918 2512 3228 2565 Alcmenam

1683 2596 1958 2662 veroJovi,
1990 2599 2081 2668 qui
2117 2607 2326 2653 noctem
2362 2600 2415 2652 in
2452 2616 2552 2654 suo
2581 2601 2861 2669 complexu
2906 2618 3028 2655 cum
3056 2603 3230 2656 tribus

1682 2690 1925 2744 noctibus
1953 2699 2274 2759 aequaverat,
2304 2690 2579 2750 Herculem
2605 2694 2895 2760 peperisse.
2934 2693 3226 2762 thuidcm

1682 2780 1856 2834 solum
1891 2781 2037 2835 hunc
2058 2798 2123 2835 ex
2150 2783 2400 2837 omnibus
2447 2782 2595 2837 Jovis
2624 2800 2994 2853 congressum,
3027 2801 3132 2839 non
3161 2803 3227 2841 ex

1683 2872 1941 2926 amatoria
1967 2873 2219 2941 cupidine
2244 2883 2301 2927 ut
2328 2882 2568 2939 caeteros,
2596 2875 2791 2942 quibus
2816 2890 2924 2929 rem
2956 2892 3076 2929 cum
3109 2878 3227 2929 aliis

1680 2961 1997 3015 mulieribus
2030 2961 2310 3025 habuerat,
2352 2964 2440 3017 scd
2485 2979 2550 3017 ex
2599 2965 2855 3034 singulari
2889 2966 3120 3036 quadam
3166 2981 3229 3021 ac

1679 3052 1945 3119 praecipua
1992 3054 2347 3121 suscipienda:
2375 3055 2579 3110 sobolis
2604 3057 2895 3126 cupiditate
2930 3057 3225 3126 profectum

1679 3154 1817 3193 esse.
1836 3141 1903 3195 At
1927 3140 2067 3197 Juno
2097 3144 2355 3215 zelotypia
2392 3144 2642 3216 ﬂagrans,
2685 3164 2806 3203 cum
2840 3147 3025 3202 Jovem
3055 3149 3228 3204 diser-

1680 3236 1730 3281 te
1772 3229 1874 3298 55
1919 3235 2296 3299 prmdicantem
2354 3236 2636 3301 audiisset,
2682 3237 2921 3292 futurum
2954 3248 3013 3292 ut
3041 3240 3133 3308 qui
3162 3254 3227 3292 eo

1678 3319 1762 3372 die
1808 3332 2137 3386 nasceretur,
2182 3326 2228 3378 is
2268 3324 2607 3382 Persidarum
2656 3331 2839 3398 generi
2896 3332 3221 3399 imperaret,

1678 3408 1945 3465 Alcmenae
1973 3421 2123 3480 partu
2150 3416 2240 3483 qui
2272 3426 2512 3471 maturus
2544 3418 2655 3486 jam
2680 3428 2794 3473 erat
2842 3420 3093 3483 inhibito,
3126 3418 3227 3472 Eu-

1678 3503 1949 3571 rystheum
1982 3504 2034 3558 in
2061 3504 2234 3559 lucem
2261 3517 2381 3560 ante
2404 3508 2699 3575 legitimum
2729 3512 2982 3565 nascendi
3011 3520 3223 3581 tempus

1676 3594 1876 3647 eduxit.
1906 3593 2045 3660 Quin
2074 3596 2233 3649 etiam
2274 3597 2525 3652 Alcmena
2556 3597 2785 3655 Junouis
2844 3610 2987 3655 metu
3039 3604 3223 3657 subla-

1677 3690 1788 3734 tum
1818 3681 2075 3738 infantem
2099 3678 2350 3754 exposuit
2375 3704 2388 3751 ;
2423 3686 2596 3741 Pallas
2628 3698 2807 3742 autem
2861 3692 3103 3760 ejusdem
3127 3692 3225 3745 ad-

1675 3771 1960 3826 miratione
1985 3784 2159 3842 capta,
2196 3775 2458 3831 lunonem
2506 3780 2675 3846 ipsam
2724 3789 2785 3834 ut
2828 3796 3115 3836 mammam
3146 3783 3223 3837 illi

1672 3860 1949 3927 praeberet,
2015 3865 2255 3927 adduxit,
2310 3882 2472 3936 quam
2521 3869 2612 3923 ubi
2651 3870 3020 3926 vehementius
3059 3888 3219 3941 quam

1673 3959 1802 4003 astas
1858 3950 1997 4007 ferre
2048 3955 2324 4009 videbatur
2352 3957 2532 4011 infans
2581 3960 2911 4025 attraxisset,
2961 3960 3102 4015 Juno
3122 3950 3222 4016 do.-

1673 4038 1803 4093 loris
1830 4040 2112 4109 impatiens
2136 4059 2257 4097 eum
2292 4046 2537 4113 proiecit,
2560 4043 2735 4102 Pallas
2761 4062 2887 4103 vero
2910 4057 3218 4119 susCeptum

1673 4139 1732 4184 ut
1758 4141 1928 4185 mater
1961 4135 2123 4187 aleret
2153 4151 2248 4189 sua
2273 4135 2644 4191 adhortatione
2668 4138 2909 4208 perfecit.
2929 4140 3036 4195 Nec
3053 4144 3220 4197 multo

1670 4232 1795 4292 post
1821 4227 2065 4295 geminos
2102 4228 2363 4284 dracones
2418 4231 2508 4299 qui
2562 4233 2845 4301 puerulum
2897 4234 3220 4305 deglutireut

1669 4312 1811 4368 Juno
1837 4319 2121 4371 summittit
2150 4336 2161 4370 :
2200 4330 2251 4372 at
2281 4321 2366 4375 ille
2417 4322 2548 4375 nihil
2596 4324 2813 4379 territus
2841 4325 3066 4380 alterum
3098 4327 3220 4382 dex-

51 4412 133 4480 μὲν
164 4416 348 4469 ἑαυτοῦ
391 4420 619 4484 γυναῖκα
672 4418 926 4487 Μεγάραν
978 4416 1283 4486 συνῴκησεν
1322 4418 1457 4488 Ἰόλᾳ
1494 4418 1571 4487 τῷ

1680 4412 1803 4471 tera,
1839 4407 2052 4461 sinistra
2084 4409 2307 4463 alterum
2337 4412 2470 4465 eliso
2508 4422 2720 4483 gutture
2742 4414 3040 4470 suffocavit.
3079 4416 3215 4472 Cum

47 4500 297 4573 ἀδελφιδῷ,
327 4506 415 4559 διά
445 4508 542 4576 τὴν
568 4508 693 4577 περὶ
720 4508 784 4558 τὰ
810 4509 976 4561 τέκνα
996 4506 1293 4578 συμφοράν.
1317 4507 1485 4569 Αὐτὸς
1514 4508 1569 4559 δὲ

1680 4506 1848 4551 autem
1902 4499 2109 4553 virilem
2170 4499 2424 4556 Hercules
2485 4512 2691 4559 atatem
2759 4507 3043 4575 attigisset,
3108 4506 3217 4560 Eu-

57 4592 202 4664 Ἰόλην
232 4596 325 4665 τὴν
350 4597 589 4667 Εὐρύτου
618 4600 749 4668 πρὸς
777 4600 949 4668 γάμον
979 4600 1223 4667 αἰτήσας,
1282 4597 1353 4667 μὴ
1394 4596 1570 4661 δόντος

1680 4592 1921 4660 rysthcus
1947 4592 2035 4660 qui
2068 4602 2181 4646 tum
2215 4594 2371 4667 Argis
2403 4598 2714 4664 imperabat,
2752 4603 3043 4654 certamina
3078 4602 3217 4658 duo-

48 4681 93 4734 δὲ
115 4684 198 4738 τοῦ
225 4687 423 4755 πατρὸς
450 4689 696 4757 νοσήσας,
727 4690 970 4759 χρησμὸν
1018 4690 1280 4758 λαμϐάνει
1304 4688 1569 4759 ἀπολυθή-

1680 4681 1844 4735 decim
1874 4683 1920 4736 ei
1951 4681 2278 4738 conﬁcienda
2314 4688 2629 4753 praescribit,
2660 4704 2893 4759 eumque
2917 4731 2933 4756 ,
2970 4692 3097 4743 dum
3142 4691 3218 4744 in-

51 4775 210 4827 σεσθαι
244 4776 341 4845 τῆς
365 4776 541 4841 νόσου,
563 4777 613 4828 εἰ
660 4779 915 4849 πρότερον
945 4779 1169 4850 πραθεὶς
1218 4778 1563 4833 δουλεύσειεν.

1680 4773 1812 4839 genti
1834 4786 2011 4825 rerum
2033 4771 2340 4828 difficultate
2382 4777 2574 4831 anxius
2626 4791 2689 4833 ac
2725 4781 3068 4847 perturbatus
3104 4779 3214 4834 ha-

49 4866 261 4929 Πλεύτας
292 4864 382 4921 οὖν
411 4868 492 4931 εἰς
511 4868 608 4938 τὴν
663 4869 898 4939 Φρυγίαν
948 4872 1050 4924 ὑπό
1077 4888 1215 4935 τινος
1269 4873 1372 4923 τῶν
1401 4871 1564 4939 φίλων

1680 4870 1769 4924 ret,
1806 4862 2048 4915 immisso
2079 4860 2260 4917 furore
2300 4862 2440 4920 Juno
2478 4867 2557 4933 de,
2586 4869 2781 4921 mentis
2826 4877 3089 4946 potestate
3123 4870 3219 4925 de-

48 4960 409 5027 πιπράσκεται,
426 4955 517 5009 καλ⁵
531 4957 711 5019 δοῦλος
736 4960 939 5026 γίνεται
956 4962 1231 5030 Ὀμφάλης
1254 4961 1561 5031 βασιλευού-

49 5059 128 5114 σης
152 5049 254 5101 τῶν
300 5051 419 5103 τότε
457 5049 720 5109 Μαιόνων,
772 5050 887 5101 νυνὶ
929 5050 984 5102 δὲ
1014 5051 1197 5106 Λυδῶν
1243 5051 1567 5123 ὀνομαζομέ-

50 5149 146 5189 νων.
169 5138 374 5194 Γίνεται
398 5140 454 5195 δι
475 5140 618 5210 αὐτῷ
643 5139 776 5191 κατὰ
801 5140 887 5191 τὸν
916 5141 1009 5209 τῆς
1038 5141 1271 5205 δουλείας
1297 5142 1479 5212 καιρὸν
1505 5144 1566 5194 ἐκ

48 5224 209 5300 δούλης
253 5228 367 5292 υἰδς
414 5231 696 5293 Κλεόλαος.
748 5231 933 5299 Γήμας
989 5230 1045 5282 δὲ
1097 5233 1193 5303 τὴν
1267 5232 1563 5303 Ὀμφάλην,

49 5320 249 5371 ποιεῖται
299 5320 393 5370 καὶ
421 5320 478 5383 ἐξ
504 5321 666 5389 αὐτῆς
698 5319 901 5381 παῖδας.
952 5320 1209 5373 Ἐπανιὼν
1240 5323 1294 5374 δὲ
1348 5325 1425 5384 εἰς
1468 5321 1564 5391 τὴν

57 5403 339 5475 Ἀρκαδίαν,
368 5408 461 5459 καὶ
483 5408 786 5470 καταλύσας
816 5408 961 5476 παρὰ
1002 5408 1121 5477 Λεῷ
1160 5410 1266 5479 (54)
1296 5410 1372 5478 τῷ
1414 5410 1564 5477 βασι-

47 5494 123 5557 λεῖ,
148 5500 212 5566 τῇ
241 5495 470 5564 θυγατρὶ
523 5498 707 5549 τούτου
751 5498 922 5568 λάθρα
957 5498 1149 5567 μιγεὶς,
1202 5501 1292 5550 καὶ
1339 5500 1565 5568 ποιήσας

46 5586 423 5657 Mirum,
482 5585 763 5653 ἔπανῆλθε.
822 5589 930 5640 Καὶ
991 5587 1129 5657 μετὰ
1181 5588 1350 5640 ταῦτα
1405 5588 1563 5641 πάλιν

45 5674 189 5749 ἔγημε
219 5675 537 5747 Δηιάνειραν
581 5674 675 5744 τὴν
708 5677 939 5741 Οἰνέως,
984 5677 1419 5747 τετελευτηκότος
1464 5679 1561 5748 ήδη

1666 4950 1802 5019 jicit.
1844 4951 1981 5021 Ergo
2006 4954 2057 5004 vi
2094 4955 2267 5006 morbi
2306 4957 2542 5009 animum
2587 4957 2638 5010 in
2670 4958 2783 5011 dies
2811 4960 2972 5013 altius
3021 4976 3217 5029 perva-
3254 4958 3259 4961 ”

1673 5043 1848 5107 dente,
1874 5058 1991 5097 cum
2026 5044 2136 5112 jam
2191 5048 2396 5100 nullum
2438 5049 2667 5116 amplius
2716 5051 2945 5106 rationis
2996 5068 3215 5109 sensum

1673 5133 1910 5198 haberet,
1975 5135 2177 5189 socium
2246 5152 2309 5191 ac
2358 5146 2601 5205 nepotem
2650 5138 2862 5195 Jolaum
2918 5143 3217 5199 interﬁcere

1672 5234 1916 5291 conatus,
1952 5240 2181 5293 cumque
2212 5226 2256 5279 is
2281 5242 2398 5281 sese
2432 5228 2551 5297 fuga
2601 5231 2968 5299 subduxisset,
3016 5234 3217 5289 liberos

1671 5313 1783 5382 ipse
1833 5332 1958 5371 suos
1997 5332 2059 5370 ex
2091 5316 2299 5384 Megara
2352 5320 2595 5374 Creontis
2627 5324 2769 5392 regis
2796 5324 2900 5378 ﬁlia
2934 5334 3217 5392 susceptos

1669 5406 1747 5459 sic
1775 5415 2029 5474 tanquam
2090 5408 2271 5461 hostes
2313 5409 2521 5476 sagittis
2571 5412 2818 5467 confecit.
2880 5412 3065 5466 Postea
3113 5414 3216 5468 sibi

1671 5498 1927 5564 paulatim
1975 5498 2248 5564 mentique
2299 5500 2539 5555 redditus
2565 5516 2696 5567 suae,
2727 5517 2792 5557 ex
2832 5502 3107 5570 imperatis
3148 5506 3219 5558 ab

1671 5586 1969 5658 Eurystheo
1999 5589 2383 5643 certaminibus
2415 5592 2696 5647 duodecim
2728 5594 2899 5645 victor
2925 5595 3116 5658 evasit,
3152 5611 3217 5649 ac

1671 5689 1954 5736 centauros
1985 5681 2267 5749 ipsumque
2296 5683 2430 5737 adeo
2458 5683 2745 5737 Chironem
2776 5682 3054 5739 medicina
3097 5695 3215 5738 arte

95 5790 196 5869 (ἕξ)
230 5789 399 5869 Aetii“
419 5788 658 5869 Diodor...
676 5804 805 5869 pag.
832 5792 936 5848 239
961 5792 1221 5869 D,'A_l_etp,
1250 5804 1412 5848 recte.
1440 5792 1575 5850 Vide

1681 5798 1924 5853 usaniam
1955 5799 2007 5853 in
2036 5798 2327 5864 Arcadicis,
2367 5815 2419 5869 ρ.
2453 5799 2574 5863 939,
2620 5799 2709 5854 ubi
2738 5798 2803 5856 de
2834 5800 2937 5858 hoc
2968 5800 3218 5858 Herculis

41 5853 215 5927 hspitio
242 5853 506 5930 pluribus.
537 5858 648 5914 Alei
673 5853 793 5913 ﬁlii
823 5853 1038 5926 nomen,
1065 5853 1243 5931 Αὔγη.⁸
