4028 6332
768 449 864 503 III

1403 440 1666 498 EUSEBII
1700 439 2177 497 CZESARIENSIS
2210 438 2356 494 OPP.
2397 437 2573 493 PARS
2600 437 2663 491 II.
2696 468 2765 479 --
2795 437 3289 498 APOLOGETICA.

3854 433 3948 490 ιη

767 570 1042 624 ﬂorentem
1077 566 1289 620 occidit.
1320 566 1579 619 Caeterum
1602 605 1615 629 ,
1652 563 1920 633 peculiare
1943 577 2006 616 ac
2040 561 2311 631 singulare

2432 559 2499 612 τοῦ
2532 558 2866 629 Μελεάγρου.
2892 558 3084 612 Λαϐὼν
3134 558 3190 611 δὲ
3241 555 3578 626 αἰχμάλωτον
3610 554 3705 624 τὴν
3740 553 3946 615 Φυλέως

766 660 1038 730 quidpiam
1065 658 1225 726 hujus
1257 658 1308 711 in
1343 658 1580 711 numinis
1623 655 1990 725 procreatione
2019 652 2306 721 contigisse

769 761 1019 804 narrant:
1060 749 1276 818 quippe,
1306 746 1490 802 Jovem
1520 746 1686 809 enim,
1716 754 1775 800 ut
1808 760 1928 798 cum
1954 742 2125 797 Niobe
2166 741 2305 796 Pho-

753 826 915 896 't'ouei
946 842 1051 895 tilia
1106 841 1414 895 mortalium
1459 840 1700 893 omnium
1742 838 2024 891 mulierum
2049 834 2305 904 principe,

770 938 843 989 ita
868 950 987 989 cum
1012 933 1263 987 Alcmena
1284 930 1526 985 Herculis
1544 941 1761 999 parente
1781 928 2022 983 omnium
2040 934 2308 995 postrema

770 1040 882 1079 rem
917 1025 1189 1086 habuisse,
1238 1031 1291 1076 et
1344 1023 1395 1074 in
1437 1036 1519 1087 ea,
1551 1037 1712 1090 quam
1748 1027 1869 1090 post
1914 1017 2121 1072 Nioben
2162 1016 2309 1070 deci-

771 1132 913 1170 mam
959 1124 1165 1170 sextam
1218 1113 1580 1183 generationis
1602 1113 1786 1167 ordine
1815 1117 2119 1173 numerant,
2152 1106 2310 1160 ﬁnem

772 1222 892 1262 cum
929 1204 1243 1259 mortalibus
1296 1202 1671 1271 congrediendi
1730 1200 1943 1254 fecisse.
1973 1197 2162 1261 Porro,
2190 1212 2309 1250 cum

772 1311 801 1349 c
833 1297 943 1349 suis
973 1295 1077 1349 illis
1099 1293 1525 1363 expeditionibus
1570 1292 1738 1346 victor
1767 1288 2020 1345 Hercules
2050 1289 2311 1354 rediisset,

773 1384 1038 1452 Megaram
1066 1400 1306 1449 uxorem,
1356 1384 1424 1436 ob
1449 1382 1696 1436 acerbam
1730 1381 2043 1442 liberorum,
2073 1394 2207 1448 quos
2229 1378 2314 1432 illa

776 1477 876 1531 sibi
911 1484 1188 1546 pepererat
1224 1476 1606 1535 calamitatem,
1655 1472 1999 1527 matrimonio
2025 1486 2147 1525 cum
2174 1471 2316 1526 Iolao

776 1581 967 1637 nepote
995 1567 1311 1637 conjunxit:
1346 1568 1458 1635 ipse
1488 1564 1615 1620 vero
1653 1579 1776 1619 cum
1811 1563 2100 1632 expetitum
2128 1566 2195 1618 ad
2217 1578 2318 1617 nu-

776 1662 915 1731 ptias
939 1659 1083 1716 Iolen
1113 1659 1179 1712 ab
1198 1657 1399 1727 Euryto
1424 1666 1574 1725 patre
1608 1671 1712 1710 non
1741 1656 2069 1725 impetraret,
2104 1656 2158 1709 in
2183 1668 2320 1715 mor-

777 1754 903 1807 bum
924 1752 1129 1818 incidit,
1156 1767 1263 1821 quo
1295 1751 1366 1803 ita
1390 1749 1604 1802 demum
1626 1763 1683 1801 se
1709 1747 1990 1802 liberatum
2013 1748 2077 1801 iri
2102 1762 2166 1802 ex
2197 1762 2321 1801 ora-

783 1846 904 1899 cqu
930 1845 1191 1914 intelligit,
1244 1844 1287 1897 si
1323 1842 1471 1912 prius
1509 1856 1626 1897 sese
1665 1840 2041 1895 venumdatam
2079 1841 2323 1895 volunta-

2406 650 2694 721 θυγατέρα,
2724 650 2959 720 ἐπεμίγη
2989 650 3144 719 αὐτῇ,
3167 650 3262 702 καὶ
3301 647 3562 700 ἐτέκνωσε
3591 644 3945 715 Τληπόλεμον.
4024 630 4025 697 ἓ

2406 740 2639 793 Δειπνῶν
2666 740 2723 793 δὲ
2761 743 3001 812 παροινεῖ
3048 739 3184 808 (55),
3227 738 3317 789 τὸν
3365 734 3711 790 διακονοῦντα
3764 734 3948 804 περίτι
4024 744 4025 787 1

2406 832 2845 903 διαμαρτήσαντα
2877 830 3109 899 κονδύλῳ
3138 828 3378 891 πατάξας
3432 829 3767 881 ἀπέκτεινεν,
3811 827 3965 879 Ἐπεί
4024 826 4025 883 ἲ

2408 924 2463 976 δὲ
2494 924 2847 994 πορευόμενος
2877 919 3005 994 ἦλθε
3039 921 3170 995 πρὸς
3212 922 3302 975 τὸν
3333 920 3534 991 Εὔηνον
3579 919 3838 989 ποταμὸν,
3862 936 3951 971 κα-

2409 1014 2737 1084 ταλαμϐάνει
2763 1014 2965 1066 Νέσσον
2995 1014 3084 1065 τὸν
3128 1012 3453 1082 Κένταυρον,
3506 1009 3695 1079 μισθοῦ
3720 1009 3953 1062 διαϐιϐά-

2413 1104 2569 1168 ζοντα
2594 1106 2683 1157 τὸν
2711 1105 2969 1174 ποταμόν.
3023 1097 3188 1166 Οὗτος
3236 1104 3292 1155 δὲ
3344 1104 3604 1173 πρότερον
3645 1101 3951 1164 διαϐιϐάσας

2412 1197 2508 1266 τὴν
2533 1196 2869 1267 Δηϊάνειραν,
2916 1196 3009 1249 καὶ
3034 1196 3119 1248 διὰ
3156 1196 3216 1247 τί)
3260 1194 3451 1257 κάλλος
3472 1194 3721 1265 ἐρασθεὶς
3769 1194 3950 1264 αὐτῆς,

2413 1288 2759 1358 ἐπεχείρησεν
2784 1287 2950 1357 αὐτὴν
2985 1286 3289 1356 βιάσασθαι.
3334 1285 3735 1357 Ἐπιϐοωμένης
3777 1285 3835 1338 δὲ
3878 1287 3958 1339 αὑ-

2414 1379 2511 1447 τῆς
2536 1379 2627 1430 τὸν
2659 1379 2841 1449 ἄνδρα,
2869 1380 2897 1429 ό
2940 1380 3037 1447 μὲν
3091 1377 3360 1448 Ἡρακλῆς
3408 1378 3653 1443 ἐτόξευσε
3682 1379 3773 1431 τὸν
3829 1378 3959 1431 Κέν-

2414 1486 2627 1540 ταυρον·
2658 1470 2769 1522 ὁδὲ
2820 1468 3023 1532 Νέσσος
3077 1467 3277 1539 μεταξὺ
3335 1468 3677 1538 μισγόμενος,
3742 1468 3836 1521 καὶ
3880 1468 3959 1523 διὸ.

2418 1562 2516 1633 τήν
2535 1561 2760 1633 ὀξύτητα
2784 1560 2879 1630 τῆς
2900 1561 3105 1631 πληγῆς
3130 1560 3287 1623 εὐθὺς
3314 1561 3684 1630 ἀποθνήσκων,
3704 1560 3869 1631 ἔφησε
3897 1562 3958 1630 τῇ

2417 1653 2704 1723 Δηϊανείρᾳ
2727 1651 2913 1705 δώσειν
2943 1651 3179 1721 φίλτρον,
3216 1652 3361 1713 ὅπως
3393 1651 3627 1720 μηδεμιᾷ
3647 1651 3751 1703 τῶν
3781 1651 3952 1704 ἄλλων

2420 1742 2685 1811 γυναικῶν
2724 1742 2989 1813 Ἡρακλῆς
3022 1742 3223 1813 θελήσῃ
3281 1740 3590 1810 πλησιάσαι.
3622 1741 3955 1811 Παρεκελεύ-

2426 1850 2552 1886 σατο
2579 1829 2691 1897 οὖν,
2732 1833 2965 1885 λαϐοῦσα
2995 1831 3127 1903 (55⁹)
3158 1833 3246 1884 τὸν
3272 1832 3328 1897 ἐξ
3351 1831 3511 1884 αὐτοῦ
3530 1833 3760 1885 πεσόντα
3792 1832 3960 1900 γόνον,

784 1940 874 1992 ria:
902 1902 1141 1992 servituti
1196 1937 1542 2003 maitciparet.
1592 1933 1758 2003 Igitur
1780 1933 1834 1987 in
1868 1932 2149 2004 Phrygiam
2179 1934 2323 1987 navi-

2432 1926 2511 1979 ιιαὶ
2538 1924 2709 1993 τούτῳ
2760 1912 3133 1994 προσμίξασαν
3166 1923 3338 1977 ἔλαιον
3392 1925 3485 1976 καὶ
3509 1924 3571 1975 τὸ
3599 1923 3703 1975 ἀπὸ
3727 1922 3827 1991 τῆς
3851 1922 3962 1979 ἀκί-

783 2031 993 2099 gatione
1030 2038 1298 2097 suscepta,
1334 2028 1399 2081 ab
1430 2042 1539 2080 uno
1567 2025 1801 2095 quodam
1822 2040 1888 2079 ex
1917 2027 2104 2080 amicis
2136 2026 2322 2079 vendi-

783 2137 891 2187 tus,
944 2118 1237 2189 Omphalen
1286 2133 1495 2182 eorum,
1548 2116 1640 2185 qui
1689 2126 1800 2168 tum
1847 2116 2063 2185 quidem
2100 2115 2324 2170 Marones

782 2211 1133 2275 vocabantur,
1174 2224 1319 2263 nunc
1377 2223 1504 2262 vero
1558 2197 1830 2276 Lydorum
1882 2221 2075 2261 nomen
2106 2207 2323 2272 habent,

762 2303 1023 2372 -regiuam
1048 2300 1317 2355 dominam
1368 2298 1590 2352 sortitus
1641 2306 1760 2353 est:
1796 2311 1861 2352 ac
1907 2298 2139 2365 primum
2168 2298 2328 2352 servi-

788 2395 916 2448 tutis
948 2409 1057 2447 sua:
1084 2404 1318 2461 tempore
1336 2388 1501 2443 ﬁlium
1530 2405 1594 2443 ex
1634 2389 1826 2444 ancilla
1856 2389 2086 2458 quadam
2127 2388 2325 2459 genuit,

789 2484 1006 2538 nomine
1050 2482 1509 2547 Cleolaumgmox
1562 2480 1652 2533 ubi
1699 2477 1995 2550 Omphalen
2042 2482 2212 2549 ipsam
2273 2482 2327 2535 in

789 2573 894 2643 56
932 2573 1207 2643 conjugem
1237 2572 1499 2635 duxisset,
1552 2570 1750 2624 liberos
1780 2585 1844 2624 ex
1872 2586 1933 2625 ea
1966 2587 2179 2640 quoque
2207 2585 2330 2628 sus-

788 2664 944 2732 cepit.
1008 2662 1129 2717 Inde
1171 2664 1395 2731 repetita
1426 2660 1674 2723 Arcadia,
1710 2670 2058 2731 posteaquam
2082 2663 2172 2717 Lei
2196 2666 2334 2731 regis

790 2754 974 2815 filiam,
1010 2769 1039 2805 a
1073 2767 1179 2821 quo
1204 2760 1458 2820 exceptus
1481 2751 1717 2819 hospitio
1759 2748 1951 2817 fuerat,
2002 2751 2334 2807 clandestino

790 2844 1074 2897 concubitu
1098 2842 1369 2912 gravidam
1400 2840 1684 2907 effecisset,
1711 2842 1965 2897 continuo
2000 2844 2174 2897 rediit.
2201 2826 2333 2896 Tum

790 2933 1052 2988 exstincto
1106 2932 1216 3001 jam
1280 2931 1545 3001 Meleagro
1593 2930 1901 2999 Dejaniram
1953 2928 2119 2985 (Εηεί
2174 2931 2335 2986 ﬁliam

793 3039 1011 3078 uxorem
1039 3023 1203 3089 ducit,
1241 3023 1486 3092 idemque
1514 3023 1853 3092 postmodum
1883 3036 2005 3076 cum
2031 3021 2213 3093 Phylei
2238 3038 2338 3076 cu-

789 3115 1178 3183 jusdam‘lilia,
1233 3129 1394 3181 quam
1427 3113 1565 3167 bello
1622 3123 1855 3183 ceperat,
1885 3113 2247 3181 congreditur,
2273 3126 2337 3166 ex

2421 2016 2507 2078 δος
2539 2015 2969 2085 άποσταζόμενον
2984 2010 3140 2085 αἷμα,
3166 2016 3345 2086 χρίσαι
3371 2016 3459 2068 τὸν
3474 2015 3671 2086 χιτῶνα
3701 2015 3790 2067 τοῦ
3810 2015 3962 2085 Ἡρα-

2424 2105 2629 2168 κλέους.
2662 2105 2827 2158 Τοῦτο
2865 2106 2919 2157 δὲ
2944 2108 3211 2175 ποιήσασα
3263 2107 3569 2177 Δηϊάνειρα,
3604 2110 3819 2176 κατεῖχε
3847 2108 3963 2173 παρ’

2425 2196 2588 2264 ἑαυτῇ
2616 2195 2673 2247 τὸ
2701 2195 3004 2266 φάρμακον.
3032 2197 3197 2251 Πάλιν
3225 2198 3282 2250 δὲ
3334 2201 3362 2251 ό
3421 2197 3692 2269 Ἡρακλῆς
3720 2199 3817 2267 τὴν
3842 2196 3965 2248 Φύλ-

2425 2285 2611 2349 λαντος
2634 2284 2909 2357 θυγατέρα
2950 2285 3126 2341 λαϐὼν
3169 2288 3529 2359 αίχμάλαηον,
3554 2288 3647 2340 καὶ
3677 2289 3854 2357 μιγεὶς
3876 2288 3965 2338 αὖ·

2427 2380 2513 2447 τῇ,
2548 2378 2657 2431 υἱὸν
2685 2378 2946 2448 Ἀντίοχον
2974 2379 3243 2449 ἐγέννησε.
3264 2381 3373 2434 Καὶ
3400 2381 3558 2433 πάλιν
3602 2380 3967 2449 ’Δστυάνειραν

2428 2468 2523 2538 τὴν
2564 2469 2841 2539 Ἀρμενίου
2878 2469 2970 2522 τοῦ
3000 2469 3258 2538 βασιλέως
3282 2470 3553 2540 θυγατέρα
3584 2468 3761 2522 λαϐὼν
3783 2470 3969 2538 αἰχμά-

2428 2560 2614 2625 λωτον,
2638 2562 2729 2613 καὶ
2760 2561 2938 2630 μιγεὶς
2988 2562 3143 2632 αὐτῇ,
3197 2562 3515 2631 Κτήσιππον
3541 2563 3655 2615 υἱὸν
3705 2560 3965 2629 ἐγέννησε.

2428 2650 2627 2713 Θέσπις
2654 2650 2709 2703 δὲ
2738 2652 2765 2703 ὁ
2798 2652 3070 2721 Ἀθηναῖος
3105 2653 3230 2713 παῖς
3268 2651 3583 2722 Ἐρεχθέως,
3610 2654 3673 2705 ἐκ
3712 2652 3969 2723 διαφόρων

2431 2740 2699 2809 γυναικῶν
2721 2740 3017 2812 θυγατέρας
3048 2740 3261 2811 ἀριθμῷ
3294 2744 3625 2812 πεντήκοντα
3652 2742 3969 2812 πεποιηκὼς,

2436 2833 2925 2905 φιλοτιμησάμενός
2946 2851 3003 2887 τε
3027 2833 3191 2895 αὐτὰς
3214 2832 3272 2896 ἐξ
3297 2833 3620 2903 Ἡρακλέους
3643 2833 3833 2897 παῖδας
3848 2833 3966 2903 κτή-

2435 2928 2647 2993 σασθαι,
2681 2928 2912 2991 καλέσας
2944 2928 3034 2981 ἐπί
3058 2945 3178 2981 τινα
3217 2927 3403 2981 θυσίαν
3447 2925 3536 2980 τδν
3584 2922 3972 2996 Ἡρακλέα,καὶ

2435 3019 2695 3092 λαμπρῶς
2717 3020 2873 3073 αὑτὸν
2894 3019 3163 3083 ἑστιάσας,
3181 3019 3318 3072 κατὰ
3347 3018 3473 3088 μίαν
3500 3016 3645 3086 αὑτῷ
3684 3018 3789 3071 τῶν
3822 3017 3970 3083 θυγα-

2435 3111 2603 3183 τέρων
2636 3111 2963 3164 ἀπέστειλεν.
3002 3109 3059 3162 ’0
3090 3109 3147 3161 δὲ
3174 3112 3229 3161 ἐν
3251 3110 3347 3180 μιᾷ
3395 3108 3549 3160 νυκτὶ
3596 3107 3859 3179 διέφθειρε
3886 3106 3969 3171 τὰς

793 3219 960 3272 eaque
1016 3203 1381 3272 Tlepolemum
1438 3210 1677 3272 generat.
1719 3204 1892 3282 .Cum
1960 3212 2136 3255 autem
2196 3205 2332 3272 apud

2438 3204 2633 3265 πάσας,
2660 3202 2753 3254 καὶ
2784 3202 2987 3269 γίνεται
3024 3200 3201 3270 πατὴρ
3229 3201 3335 3253 τῶν
3369 3200 3711 3269 καλουμένων
3749 3200 3967 3253 Θεσπια·

794 3292 1032 3348 (Ειιευηι
1065 3294 1351 3364 aliquando
1403 3296 1659 3359 cmuaret,
1711 3309 1856 3359 eum,
1890 3293 1978 3363 qui
2003 3309 2202 3348 mensze
2230 3295 2334 3347 mi-

797 3388 1077 3450 nistrabat,
1146 3385 1287 3456 quod
1338 3385 1517 3439 nescio
1568 3386 1697 3456 quid
1751 3385 2050 3439 ministerio
2091 3384 2339 3440 obeundo

796 3486 1087 3548 peccasset,
1132 3493 1306 3547 pugno
1363 3493 1678 3546 percussum
1736 3478 2025 3531 interemit.
2054 3475 2338 3544 Praeterea,

798 3588 918 3625 eum
942 3572 1126 3627 itinere
1149 3580 1399 3638 suscepto
1420 3569 1486 3622 ad
1508 3567 1744 3621 Evenum
1772 3566 1989 3620 ﬂuvium
2007 3567 2339 3633 accessisset,

798 3659 1023 3715 Nessum
1064 3660 1134 3714 ibi
1188 3667 1505 3713 centaurum
1536 3656 1777 3721 oﬂ'endit,
1826 3656 1919 3725 qui
1944 3657 2175 3711 viatores
2210 3672 2342 3711 mer-

800 3749 927 3802 Cede
968 3750 1250 3817 trajiceret.
1278 3746 1376 3801 Hic
1439 3755 1739 3800 transvecta
1794 3746 2024 3815 primum
2070 3745 2340 3815 Dejanim,

801 3840 1039 3893 mulieris
1073 3852 1253 3891 amore
1278 3846 1464 3906 captus
1488 3838 1557 3891 ob
1599 3838 1913 3908 elegantiam
1946 3836 2132 3892 formae
2160 3840 2344 3906 singu-

801 3931 986 3992 larem,
1018 3929 1184 3997 ipsam
1215 3928 1263 3981 vi
1295 3928 1593 3998 opprimere
1625 3928 1950 3993 conabatur;
1986 3928 2078 3981 sed
2098 3943 2219 3981 cum
2254 3928 2345 3981 illa

802 4020 972 4073 virum
1004 4033 1192 4086 magna
1223 4031 1352 4071 voce
1379 4014 1721 4085 appellasset,
1760 4012 2016 4067 Hercules
2031 4023 2344 4068 centaurum

803 4109 1015 4177 quidem
1048 4108 1237 4177 sagitta
1253 4106 1513 4169 conlisit;
1547 4101 1748 4158 Nessus
1800 4113 1977 4157 autem
2015 4104 2067 4156 in
2101 4102 2344 4173 ﬂagranti

804 4198 1089 4252 concubitu
1120 4198 1188 4252 ob
1219 4197 1451 4251 vulneris
1472 4197 1813 4251 acerbitatem
1838 4195 1997 4248 morti
2023 4195 2134 4263 jam
2167 4194 2347 4262 proxi-

806 4302 943 4351 mus,
982 4287 1235 4355 philtrum
1287 4284 1549 4354 Dejaniraz
1602 4302 1719 4339 sese
1751 4287 2002 4338 daturum
2045 4286 2343 4354 pollicetur,

805 4394 911 4447 quo
933 4380 977 4433 si
1012 4380 1085 4431 uti
1114 4378 1256 4445 velit,
1285 4377 1503 4431 omnino
1545 4377 1783 4445 perﬁciat
1822 4386 1876 4429 ut
1915 4394 1978 4429 ne
2005 4377 2223 4430 alterius
2250 4394 2348 4431 un-

806 4485 963 4537 quam
1009 4468 1261 4524 Hercules
1296 4467 1537 4523 mulieris
1586 4468 1857 4521 amoribus
1888 4469 2150 4537 capiatur.
2191 4465 2347 4519 Jubet

2437 3292 2558 3344 δῶν.
2591 3290 2779 3345 Λαϐὼν
2806 3291 2863 3343 δὲ
2891 3292 2983 3343 καὶ
3005 3290 3100 3361 τὴν
3138 3291 3303 3360 Ἰόλην
3338 3290 3695 3361 αἰχμάλωτον,
3750 3292 3845 3344 καὶ
3894 3290 3969 3343 θυ-

2440 3381 2556 3433 σίαν
2584 3381 2860 3443 ἐπιτελῶν,
2900 3380 3216 3442 ἀποστείλας
3237 3382 3328 3434 ἐπὶ
3364 3381 3460 3451 τὴν
3497 3384 3725 3449 γυναῖκα
3749 3381 3967 3452 Δηῖάνει-

2443 3490 2559 3542 ραν,
2582 3472 2697 3544 ᾔτει
2723 3471 2921 3542 χιτῶνα
2942 3473 3033 3525 καλ⁹
3059 3473 3288 3542 ἱμάτιον,
3307 3468 3386 3536 οἷς
3410 3472 3588 3525 εἰώθει
3611 3473 3840 3543 χρῆσθαι
3856 3472 3968 3542 πρὸς

2438 3564 2533 3626 τὰς
2561 3563 2762 3626 θυσίας.
2802 3564 2865 3615 Ἡ
2895 3563 2950 3615 δὲ
3000 3565 3089 3616 τὸν
3129 3564 3325 3633 χιτῶνα
3352 3564 3583 3634 χρίσασα
3618 3564 3694 3633 τῷ
3720 3564 3865 3634 παρὰ
3894 3561 3966 3615 τοῦ

2440 3655 2748 3726 Κενταύρου
2778 3654 3033 3725 διδομένῳ
3079 3654 3189 3723 (56)
3250 3656 3451 3725 φίλτρῳ
3478 3650 3808 3708 ἀποστέλλει.
3850 3655 3902 3706 '0
3924 3652 3969 3706 δὲ

2452 3746 2718 3815 Ἡρακλῆς
2736 3744 2825 3798 τὸν
2851 3745 3048 3815 χιτῶνα
3065 3745 3436 3819 περιθέμενος,
3452 3744 3739 3817 περιέπεσε
3752 3748 3819 3816 τῇ
3844 3744 3969 3815 μεγί-

2443 3853 2542 3906 στῃ
2565 3838 2834 3907 συμφορᾷ.
2858 3838 2965 3906 Τῆς
2997 3837 3104 3908 γὰρ
3126 3837 3305 3900 ἀκίδος
3328 3837 3418 3890 τὸν
3439 3838 3503 3902 ἐκ
3518 3836 3614 3908 τῆς
3652 3837 3887 3908 Ἐχίδνης
3911 3834 3969 3885 in

2444 3926 2819 3995 ἁπειληφυίας,
2879 3927 2972 3981 καὶ
3024 3927 3110 3981 διὰ
3162 3927 3319 3981 τοῦτο
3360 3927 3452 3980 τοῦ
3514 3927 3735 3997 χιτῶνος
3766 3928 3853 3981 διὰ
3892 3924 3969 3997 τήν

2444 4016 2736 4086 θερμασίαν
2788 4018 2886 4087 τήν
2934 4017 3107 4087 σάρκα
3148 4017 3243 4069 τοῦ
3305 4016 3548 4086 σώματος
3568 4014 3970 4087 λυμαινομένου,

2445 4106 2736 4177 περιαλγὴς
2806 4106 3090 4177 γενόμενος
3137 4107 3227 4159 τὸν
3278 4107 3661 4177 διακονήσαντα
3737 4108 3969 4161 ἀπέκτει-

2444 4212 2550 4260 νεν,
2609 4196 2766 4260 αὑτός
2819 4214 2878 4250 τε
2923 4198 3060 4250 κατὰ
3106 4198 3350 4268 χρησμὸν
3390 4200 3521 4269 πυρὶ
3560 4190 3748 4251 ἑαυτὸν
3820 4213 3970 4266 παρα-

2444 4287 2585 4348 δοὺς.
2620 4286 2788 4351 οὕτως
2830 4288 3088 4341 κατέλυσε
3132 4289 3221 4341 τὸν
3267 4289 3399 4358 βίον.
3436 4306 3453 4340 ι
3494 4290 3604 4342 Καὶ
3641 4288 3711 4341 τὰ
3751 4290 3847 4358 μέν
3878 4285 3971 4340 καθ’

2459 4378 2732 4447 Ἡρακλέα.
2761 4378 3000 4431 τοιαῦτα.
3044 4377 3178 4449 Περὶ
3217 4379 3274 4431 δὲ
3319 4379 3411 4432 τοῦ
3465 4378 3809 4449 Ἀσκληπιοῦ,
3841 4378 3973 4447 φασὶν

2446 4462 2580 4519 εἶναι
2620 4452 2743 4521 υἱὸν
2773 4468 3099 4531 Ἀπόλλωνος
3116 4471 3209 4522 καὶ
3232 4470 3543 4539 Φορωνίδος.
3570 4469 3807 4539 ζηλῶσαι
3836 4468 3973 4536 δὲτὴν

806 4562 1004 4622 itaque,
1061 4562 1281 4615 seminis
1338 4561 1421 4615 sui
1478 4558 1761 4614 deﬂuentis
1822 4560 2019 4627 aliquid
2072 4558 2332 4627 colligere.

2450 4558 2690 4629 ἰατρικὴν
2734 4560 3071 4629 ἐπιστήμην,
3107 4561 3198 4613 ἐπὶ
3235 4558 3485 4613 τοσοῦτον
3529 4560 3587 4612 δὲ
3636 4560 3971 4631 προϐῆναιτῇ

808 4652 949 4720 quod
982 4666 1104 4704 cum
1136 4652 1257 4705 oleo
1289 4663 1341 4705 ct
1366 4652 1645 4722 sanguine,
1682 4652 1773 4720 qui
1797 4664 1860 4704 ex
1899 4639 1985 4705 teli
2023 4650 2243 4718 cuspide
2266 4649 2348 4701 di-

808 4740 1063 4805 stillahat,
1093 4740 1485 4803 commisceret,
1517 4755 1687 4809 eoque
1712 4742 1946 4795 tunicam
1975 4739 2219 4794 Herculis
2252 4754 2350 4791 un-

809 4842 970 4899 geret.
1027 4830 1211 4884 Paruit
1252 4829 1709 4899 Dejanira,.atque
1730 4832 1869 4898 apud
1912 4845 1969 4884 se
2001 4831 2349 4899 pharmacum

810 4923 1056 4975 servavit.
1121 4923 1189 4975 At
1240 4920 1494 4977 Hercules
1547 4938 1734 4976 rursus
1788 4937 1911 4975 cum
1958 4923 2081 4977 aliis
2118 4922 2349 4983 duabus,

811 5026 945 5078 quas
972 5012 1110 5066 bello
1138 5021 1367 5081 ceperat,
1384 5011 1678 5075 consuevit,
1708 5027 1934 5080 quarum
1985 5016 2148 5067 altera
2188 5011 2347 5081 Phyl-

812 5100 971 5153 lantis
1000 5102 1275 5170 cujusdam
1309 5104 1413 5155 lilia
1440 5102 1785 5166 Antiochum,
1813 5100 1977 5156 altera
2002 5118 2126 5156 vero
2156 5101 2348 5171 Astya~

813 5193 926 5245 nira
951 5193 1182 5258 nomine,
1212 5208 1332 5261 rege
1352 5193 1613 5248 .Armenio
1635 5202 1853 5264 parente
1875 5204 2007 5261 sata,
2038 5192 2346 5262 Ctesippum

812 5286 869 5338 e'r
902 5286 1123 5354 peperit.
1184 5282 1381 5337 Deinde
1436 5284 2055 5355 ThespisrAtheniensis
2104 5283 2349 5337 Erccthei

815 5377 974 5438 Illius,
1010 5376 1099 5445 qui
1157 5388 1223 5428 ex
1252 5374 1474 5430 diversis
1524 5376 1841 5429 mulieribus
1897 5375 2032 5429 ﬁlias
2087 5374 2348 5443 quinqua—

814 5466 955 5533 ginta
980 5473 1248 5533 genuerat,
1297 5478 1420 5520 cum
1468 5478 1560 5519 cas
1594 5480 1779 5520 omnes
1828 5481 1892 5520 ex
1923 5463 2162 5519 Herculis
2202 5478 2350 5516 com-

2442 4647 2587 4720 δόξῃ,
2613 4649 2688 4716 ὡς
2713 4644 2932 4712 πολλοὺς
2974 4650 3530 4721 τῶνιάπεγνωσμένων
3565 4651 3859 4722 ἀρρώστων
3895 4666 3976 4703 πα-

2449 4737 2678 4805 ραδόξως
2730 4737 3067 4808 θεραπεύειν.
3123 4741 3282 4792 Ὥστε
3319 4741 3407 4792 τὸν
3448 4742 3546 4793 Δία
3584 4739 3972 4813 παροξυνθέντα,

2448 4849 2505 4884 κε
2515 4830 2692 4902 ραυνῷ
2719 4830 2941 4900 βαλόντα
2955 4834 3113 4884 αὐτὸν
3131 4816 3467 4903 διαφθεῖραι·
3492 4833 3583 4885 τὸν
3597 4831 3653 4886 δὲ
3699 4833 3974 4886 Ἀπόλλωνα

2448 4922 2531 4974 διὰ
2557 4921 2654 4990 τήν
2679 4922 2949 4993 ἀναίρεσιν
2987 4922 3081 4975 τοῦ
3118 4923 3301 4985 παιδὸς
3334 4922 3732 4994 παροξυνθέντα
3755 4962 3768 4985 ,
3814 4919 3972 4992 φονεῦ-

2451 5030 2538 5065 σαι
2561 5014 2684 5073 τοὺς
2704 5012 2791 5064 τὸν
2819 5014 3078 5083 κεραυνὸν
3109 5013 3187 5083 τῷ
3227 5016 3307 5067 Διί
3354 5014 3860 5079 κατασκευάσαντας
3891 5012 3975 5065 Κύ-

2450 5104 2687 5165 κλωπας.
2747 5106 2868 5156 Ἐπὶ
2903 5105 2959 5156 δὲ
3004 5107 3067 5173 τῇ
3105 5105 3306 5158 τούτων
3345 5106 3563 5175 τελευτῇ
3605 5105 3973 5177 παροξυνθέντα

2448 5192 2537 5244 τὸν
2566 5191 2679 5255 Δία,
2712 5190 3007 5263 προστάξαι
3034 5195 3109 5263 τῷ
3148 5196 3434 5248 Ἀπόλλωνι
3464 5194 3718 5267 θητεῦσαι
3741 5200 3867 5268 παρ’
3890 5194 3975 5248 Ἀδ-

2455 5284 2624 5351 μήτῳ,
2652 5284 2744 5335 καὶ
2772 5284 2970 5355 ταύτην
2999 5287 3109 5355 ,τὴν
3153 5288 3423 5357 τιμωρίαν
3461 5286 3642 5340 λαϐεῖν
3675 5291 3805 5360 παρ’
3847 5283 3973 5343 αὐτοῦ

2452 5375 2543 5425 τοῦ
2575 5374 2929 5445 ἐγκλήματος.
2959 5377 3141 5429 Ταῦτα
3184 5380 3279 5446 μὲν
3313 5374 3402 5431 οὖν
3434 5381 3490 5431 ἐν
3525 5380 3601 5454 τῷ
3629 5383 3872 5451 τετάρτῳ
3896 5376 3974 5430 τῶν

2456 5464 2853 5529 Βιϐλιοθηκῶν
2871 5469 2897 5517 ὁ
2924 5466 3184 5535 Διόδωρος
3212 5466 3613 5537 παρατέθειται.

816 5560 970 5624 plexu
1007 5560 1206 5627 prolem
1244 5559 1514 5627 suscipere
1553 5561 1892 5615 vehementer
1931 5568 2158 5628 optaret,
2198 5574 2320 5611 eum
2359 5558 2426 5613 ad
2465 5560 2706 5613 solemne
2768 5562 3034 5627 quoddam
3070 5562 3412 5639 sacriﬁcium
3480 5564 3691 5626 invitat,
3736 5565 3974 5628 eidemqm

817 5650 1094 5718 magniﬁce
1149 5650 1435 5704 admodum
1516 5649 1761 5716 lautequc
1817 5658 2035 5718 accepto
2104 5648 2344 5717 singulas
2410 5648 2636 5703 seorsim
2700 5650 3005 5704 summittit.
3057 5649 3150 5703 Ille
3205 5661 3383 5706 autem
3432 5666 3555 5709 cum
3602 5655 3860 5709 omnibus
3902 5662 3979 5705 una
4024 5672 4025 5731 ξ

887 5782 995 5851 (55)
1016 5784 1298 5849 Παροινεῒ.
1332 5782 1477 5837 Verti
1520 5782 1658 5849 apud
1684 5779 2169 5848 (Eneum,Diodor.
2202 5790 2343 5837 enim

818 5852 917 5922 leg.
952 5854 1077 5921 παρ’
1108 5854 1266 5915 Οἰνεῖ,
1291 5868 1446 5921 quem
1479 5854 1648 5906 tribus
1675 5863 1795 5907 ante
1820 5856 1971 5907 lineis
2016 5857 2326 5910 nominavit.

2523 5782 2656 5853 (ὅδ’)
2680 5781 2984 5853 Αᾳϐοὖσα,
3010 5781 3173 5853 Forte
3194 5779 3470 5838 λαϐοῦσαν.
3505 5783 3667 5840 Ευιτ.

2520 5850 2628 5923 (56)
2664 5851 2969 5920 Διόομένῳ.
3007 5850 3133 5921 Leg.
3163 5853 3450 5923 δεδομένῳ.
3484 5853 3643 5909 Eon.
