4028 6332
104 481 202 539 H3

1250 492 1562 550 pueras.
1606 493 1866 563 ,EVANG.
1909 491 2034 546 ue.
2094 490 2154 545 ιι.

3194 493 3299 552 114

99 600 400 672 eademque
429 611 583 659 nocte
610 620 951 676 congressus,
984 589 1192 676 eorum,
1220 610 1311 679 qui
1335 607 1654 682 .Thespiada:
1683 616 1727 670 Α
1757 610 1908 664 satis.
1946 607 2062 664 Jam
2114 624 2243 664 vero
2292 608 2433 679 quod
2483 606 2850 678 Esculapium
2902 609 3124 677 attinet,
3157 611 3300 670 hunc

104 692 474 759 nominantur,
511 706 662 764 pater
688 697 908 755 effectus
936 709 1037 754 est.
1062 699 1337 755 Postremo
1366 717 1488 756 cum
1521 700 1664 755 lolen

104 798 320 853 quoque
349 787 610 856 captivam
659 790 991 856 abduxisset,
1050 795 1218 847 sacris
1253 809 1470 864 operam
1500 794 1656 847 datu-

102 889 209 935 rus,
237 876 389 930 misit
416 877 507 946 qui
533 894 561 930 a
585 878 832 948 Dejanira
854 882 1082 951 conjuge
1107 883 1342 937 tunicam
1379 891 1431 936 et
1455 892 1658 936 vestem

105 967 393 1036 acciperet,
437 971 638 1038 quibus
689 971 741 1024 in
808 974 1089 1030 sacriﬁciis
1150 975 1224 1028 uti
1282 975 1474 1048 solitus
1519 983 1652 1028 erat.

105 1057 354 1127 Dejanira
377 1063 610 1116 tunicam
647 1063 898 1119 Centauri
929 1067 1127 1136 philtro
1160 1076 1473 1137 perunctam
1521 1083 1657 1120 nun-

103 1150 174 1204 tio
208 1150 483 1207 ferendam
507 1157 688 1221 tradit,
710 1173 871 1226 quam
901 1160 1064 1214 simul
1099 1169 1258 1229 atque
1287 1157 1544 1214 Hercules
1577 1160 1656 1212 iu—

103 1243 330 1310 duisset,
364 1245 414 1298 in
445 1257 650 1314 pestem
699 1249 854 1318 longe
901 1253 1225 1304 teterrimam
1286 1251 1504 1316 incidit;
1531 1267 1652 1306 cum

103 1335 241 1387 enim
292 1340 495 1407 sagitta:
555 1339 780 1406 ferrum,
827 1357 936 1411 quo
979 1341 1206 1398 Nessum
1258 1344 1651 1406 vulneraverat,

106 1424 290 1480 Lernae
324 1445 520 1483 veneno
545 1432 768 1486 tinctum
795 1443 957 1500 esset,
987 1437 1165 1488 tunica
1198 1451 1393 1503 corpus
1424 1436 1540 1503 ejus
1566 1450 1654 1486 ve-

105 1517 338 1572 hementi
369 1521 560 1576 ardore
615 1526 990 1594 populabatdr.
1036 1527 1125 1579 ille
1188 1543 1315 1596 ergo
1371 1530 1416 1580 vi
1451 1524 1653 1581 doloris

106 1610 345 1676 adactus,
371 1628 515 1680 cum,
547 1618 639 1686 qui
671 1616 937 1674 funestam
976 1620 1039 1676 ad
1071 1635 1128 1675 se
1155 1629 1355 1674 vestem
1385 1619 1652 1682 attulerat,

104 1699 203 1769 57
236 1703 535 1772 interfecit,
566 1708 814 1778 idemque
857 1711 1200 1778 postmodum
1245 1711 1453 1765 oraculi
1499 1709 1655 1780 jussu

105 1795 267 1850 vitam
318 1797 562 1854 incendio
596 1800 922 1856 terminavit.
966 1823 984 1854 ι
1035 1803 1111 1858 Ac
1141 1804 1206 1858 de
1238 1801 1464 1858 Hercule
1496 1801 1656 1857 modo

166 1935 277 1987 Καὶ
300 1937 394 2007 τὴν
421 1937 606 2009 λοιπὴν
635 1938 691 1992 δὲ
718 1939 989 2008 θεολογίαν
1018 1941 1179 1993 πάλιν
1203 1944 1230 1994 ὁ
1250 1942 1407 2004 αὐτὸς
1449 1945 1511 1994 ὲκ
1546 1940 1651 1994 τῶν
1682 1947 1724 2003 Β

102 2027 270 2081 ἄλλων
299 2028 459 2082 ὲθνῶν
492 2032 865 2102 μετειληφέναι
899 2034 1028 2104 φησι
1056 2037 1179 2097 τοὺς
1208 2035 1488 2104 Ἕλληνας,
1512 2033 1648 2102 γρά-

101 2133 210 2183 φων
231 2116 292 2168 ὲν
313 2117 386 2188 τῷ
414 2118 580 2190 τρίτῳ
603 2121 699 2189 τῆς
730 2123 897 2185 αὐτῆς
937 2123 1216 2192 Ἱστορίας
1260 2123 1383 2177 τάδε
1405 2141 1417 2152 '
1452 2141 1469 2173 ι
1519 2124 1652 2176 Φασὶ

99 2209 272 2262 τοίνυν
303 2207 430 2280 (56‘)
476 2209 766 2263 Ἀτλάντιοι
795 2212 1002 2282 πρῶτον
1029 2216 1154 2285 παρ’
1192 2215 1372 2276 αὐτοῖς
1406 2213 1650 2283 βασιλεῦ-

103 2317 186 2352 σαι
213 2302 470 2371 υῦρανὸν,
506 2303 692 2356 τούτου
722 2304 776 2356 δὲ
804 2305 1050 2372 γενέσθαι
1076 2307 1269 2371 παῖδας
1297 2311 1359 2360 ἐκ
1395 2307 1650 2360 πλειόνων

100 2393 364 2459 γυναικῶν
388 2396 544 2448 πέντε
568 2397 702 2467 πρὸς
724 2400 834 2459 τοῖς
853 2399 1272 2469 τεσσαράκοντα,
1301 2393 1373 2452 ὧν
1391 2400 1599 2452 ὀκτωκα
1609 2400 1651 2450 ί-

96 2484 222 2551 δεκα
252 2486 492 2555 λέγουσιν
539 2489 799 2559 ὑπάρχειν
830 2491 890 2542 ἐκ
937 2492 1177 2555 Τεπαίας
1225 2492 1335 2562 (57)
1375 2492 1645 2560 γυναικὸς,

99 2579 161 2645 ἦν
210 2578 456 2650 σώφρονα
499 2582 795 2653 γενομένην
824 2584 916 2636 καλ¹
944 2582 1153 2637 πολλῶν
1196 2584 1413 2652 ἀγαθῶν
1447 2585 1645 2645 αἰτίαν,

99 2671 457 2742 ἀτωθεωθῆναι
495 2675 634 2744 μετὰ
680 2675 775 2746 τὴν
800 2677 1072 2749 τελευτὴν,
1094 2677 1202 2747 Γῆν
1239 2677 1647 2748 μετονομασθεί-

105 2781 214 2817 σαν.
255 2765 505 2818 Γενέσθαι
533 2767 588 2819 δὲ
629 2768 852 2837 Οὐρανῷ
903 2769 1206 2840 θυγατέρας
1241 2769 1519 2822 Βασίλειαν
1555 2769 1648 2822 καὶ

112 2857 279 2921 Ῥέαν,
306 2858 402 2929 τὴν
434 2859 527 2911 καὶ
561 2858 872 2930 Πανδώραν.
909 2860 1020 2931 Τὴν
1051 2860 1107 2916 δὲ
1144 2860 1425 2914 Βασίλειαν
1456 2860 1646 2931 ἐκθρέ-

99 2947 264 3016 ψασαν
299 2951 420 3012 τοὺς
446 2950 723 3020 ἀδελφοὺς,
761 2952 963 3022 μητρὸς
993 2950 1200 3006 εὔνοιαν
1252 2952 1644 3023 παρεχομένην,

102 3040 304 3112 μητέρα
335 3043 444 3112 (58)
470 3043 990 3115 προσαγορευθῆναι.
1025 3044 1285 3114 Ὕστερον
1305 3044 1359 3096 δὲ
1390 3043 1525 3114 μετὰ
1551 3044 1646 3114 τὴν

101 3132 182 3186 τοῦ
221 3134 456 3206 Οὐρανοῦ
504 3138 756 3208 τελευτὴν
796 3138 1186 3208 συνοικήσασαν
1248 3138 1517 3208 Ὑπερίονι
1571 3137 1646 3208 τῷ

97 3222 318 3293 ἀδελφῷ,
368 3227 619 3296 γεννῆσαι
671 3227 764 3280 δύο
815 3227 1025 3292 παῖδας,
1086 3226 1179 3290 οὓς
1231 3227 1322 3279 καὶ
1368 3226 1646 3296 ὠνόμασεν

103 3316 275 3370 Ἥλιον
306 3318 394 3370 καὶ
416 3319 667 3389 Σελήνην.
694 3320 830 3384 Τοὺς
861 3319 916 3373 δὲ
943 3320 1200 3388 ἀδελφοὺς
1221 3319 1319 3387 τῆς
1365 3320 1515 3383 Ῥέας
1549 3335 1643 3387 φο-

100 3409 372 3478 ϐηθέντας,
426 3409 514 3462 τὸν
563 3412 661 3481 μὲν
720 3413 1006 3484 Ὑπερίονα
1060 3413 1418 3487 κατασφάξαι,
1467 3413 1557 3466 τὸν
1588 3412 1643 3464 δὲ

99 3501 273 3556 Ἥλιον
300 3505 377 3565 είς
406 3504 495 3555 τὸν
534 3503 811 3574 Ἠριδανὸν
837 3504 1076 3573 ποταμὸν
1101 3504 1390 3570 ἁποπνίξαι
1413 3522 1424 3534 ·
1461 3505 1557 3574 τὴν
1589 3503 1643 3557 δὲ

99 3592 318 3666 Selii,qu
346 3593 517 3648 ταῦτα
546 3592 837 3665 μαθοῦσαν,
859 3594 964 3647 ἀπὸ
994 3594 1215 3662 στέγους
1237 3597 1432 3664 ἑαυτὴν
1464 3596 1638 3667 ῥίψαι.

97 3684 197 3755 Τὴν
227 3686 283 3739 δὲ
309 3686 532 3757 δμητέρα
573 3684 788 3755 ἐμμανῆ
838 3682 1131 3754 γενομένην
1157 3683 1456 3736 πλανᾶσθαι
1507 3684 1642 3736 κατὰ

99 3774 186 3846 τὴν
216 3774 418 3845 χώραν,
452 3775 746 3846 λελυμένην
777 3768 989 3846 μὲντάς
1003 3774 1213 3845 τρίχας,
1231 3773 1316 3826 διὰ
1351 3774 1640 3843 τυμπάνων

94 3863 144 3917 δὲ
176 3868 265 3919 καὶ
297 3867 587 3936 κυμϐάλων
609 3866 959 3930 ἐνθεάζουσαν
980 3906 994 3928 ,
1037 3865 1128 3917 καί
1156 3863 1289 3926 ὅλως
1338 3864 1516 3933 ἀφανῆ
1547 3865 1641 3916 καὶ

96 3953 246 4026 αὐτὴν
277 3955 546 4024 γενέσθαι.
579 3957 714 4018 Τοὺς
739 3956 794 4009 δὲ
828 3955 1011 4026 ὄχλους
1041 3953 1420 4024 θαυμάσαντας
1436 3952 1530 4024 τὴν
1555 3969 1642 4005 πε-

99 4047 377 4114 ριπέτειαν,
409 4047 498 4100 τὸν
529 4049 626 4118 μὲν
651 4047 832 4101 Ἥλιον
865 4047 957 4100 καὶ
990 4044 1085 4117 τὴν
1120 4045 1353 4116 Σελήνην
1406 4062 1640 4115 μεταγα-

97 4141 194 4204 γεῖν
225 4140 316 4192 ἐπὶ
349 4139 418 4193 τὰ
439 4142 556 4193 κατ’
588 4139 822 4213 Οὐρανὸν
839 4141 1041 4209 ἄστρα*
1074 4139 1170 4207 τήν
1193 4154 1254 4189 τε
1289 4138 1498 4208 μητέρα
1520 4137 1640 4189 τού-

97 4245 217 4294 των,
266 4231 388 4284 θεόν
433 4249 491 4284 τε
518 4233 752 4303 νομίσαι,
779 4231 874 4285 καὶ
929 4229 1142 4300 βωμοὺς
1183 4228 1512 4298 ἱδρύσασθαι,
1548 4231 1639 4281 καὶ

98 4321 198 4384 ταῖς
231 4321 320 4376 διὰ
357 4324 650 4396 τυμπάνων
696 4324 787 4378 καὶ
831 4320 1121 4392 κυμϐάλων
1159 4319 1451 4389 ἐνεργείαις
1479 4319 1638 4388 τιμῆ-

102 4424 198 4469 σαι.

156 4715 172 4748 ι
208 4696 418 4768 Φρύγες
447 4694 504 4748 δέ
545 4712 674 4764 φασι
709 4697 897 4767 Μηόνα
936 4693 1322 4766 βασιλεύσαντα
1361 4677 1457 4759 τῆς
1493 4690 1632 4760 Φρυ-

105 4790 220 4858 μσς,
243 4789 411 4844 παῖδα
426 4787 669 4858 Κυϐέλην
681 4785 998 4857 κτήσασθαι,
1021 4788 1086 4856 ἢν
1107 4785 1199 4836 καὶ
1224 4784 1457 4854 σύριγγα
1484 4780 1633 4852 πρώ-

94 4899 174 4953 την
191 4884 393 4951 εὑρεῖν,
422 4879 680 4952 κληθῆναί
714 4896 770 4931 τε
794 4877 1002 4948 Ὀρείαν
1037 4875 1268 4945 μητέρα⁶
1289 4873 1549 4942 Μαρσύαν
1579 4872 1633 4925 δὲ

93 4971 165 5025 τὸν
194 4974 385 5043 Φρύγα
412 4971 546 5043 πρὸς
567 4970 767 5039 ταύτην
800 4967 976 5037 φιλίαν
1004 4965 1192 5035 ἔχοντα
1217 5003 1230 5026 ,
1286 4962 1498 5033 πρῶτον
1540 4964 1633 5014 αύ-

93 5061 197 5126 λοὺς
248 5063 648 5135 συστήσασθαι·
708 5059 1006 5115 διατελέσαι
1059 5056 1112 5108 δὲ
1174 5054 1333 5125 μέχρι
1379 5055 1630 5124 τελευτῆς

91 5154 370 5228 ἀπείρατον
402 5156 742 5228 ἀφροδισίων.
775 5153 882 5224 Τὴν
913 5152 967 5204 δὲ
998 5148 1242 5214 Κυϐέλην
1278 5145 1630 5198 συνελθοῦσαν

93 5252 153 5313 είς
179 5247 397 5319 ὁμιλίαν
423 5248 648 5314 Ἄπιδι,
679 5247 927 5318 γενέσθαι
953 5243 1084 5313 ὲγκύ
1095 5259 1245 5313 μονα.
1264 5232 1337 5294 Οὗ
1369 5237 1631 5307 γνωσθένο

90 5359 182 5408 τις,
227 5345 256 5396 ὁ
292 5341 493 5411 ταύτης
523 5341 701 5411 πατὴρ
771 5342 860 5394 τὸν
894 5341 1076 5393 Ἀττιν
1126 5337 1354 5408 ἀναιρεῖ,
1407 5332 1496 5385 καὶ
1531 5330 1629 5394 τὰς

91 5432 302 5504 τροφούς
319 5449 331 5462 ·
360 5431 457 5504 τὴν
478 5431 535 5489 δὲ
562 5431 808 5502 Κυϐέλην
829 5431 1046 5502 ἐμμανῆ
1072 5428 1384 5500 γενομένην,
1413 5425 1505 5476 ἐπὶ
1535 5420 1631 5493 τὴν

90 5528 256 5600 χώραν
278 5514 602 5596 ἐκπηδῆσαι,
633 5523 820 5596 ὲκεῖσέ.
836 5541 894 5576 τε
917 5521 1267 5586 ὀλολύζουσαν
1303 5519 1395 5573 καὶ
1423 5535 1482 5569 τυ
1493 5533 1631 5586 μπα-

89 5620 323 5685 νίζουσαν
353 5616 629 5672 διατελεῖν.
655 5617 894 5668 Συνεῖναι
920 5617 976 5668 δὲ
993 5616 1126 5684 αὐτῇ
1156 5616 1437 5685 Μαρσύαν,
1471 5611 1526 5662 ὃν
1555 5612 1632 5671 εἰς

141 5756 282 5826 (56‘)
322 5752 476 5808 Φασὶ
501 5753 723 5826 τοίνυν.
760 5749 979 5826 _l_)iodor.
1022 5747 1115 5801 lib.
1140 5762 1220 5810 ιιι,
1260 5763 1312 5816 p.
1344 5744 1444 5799 189
1473 5743 1534 5806 D,
1563 5759 1625 5796 ex

86 5819 180 5893 quo
208 5819 472 5879 nonnulla
497 5824 723 5893 strictim
758 5819 1042 5893 Eusebius.

139 5896 251 5964 (57)
297 5893 564 5956 Τεπαίας.
605 5892 743 5962 Lege
774 5890 994 5964 Τιταίας
1013 5906 1130 5964 cum
1165 5886 1415 5964 Diodqm,
1448 5900 1498 5952 p.

85 5963 114 6017 Β
146 5953 257 6020 ἰιίὶι
286 5967 451 6019 etiam
484 5953 576 6027 ait,
605 5953 896 6018 octodecim
923 5961 1041 6013 illos
1078 5959 1252 6011 lutea:
1280 5953 1476 6012 libero:
1515 5955 1618 6007 άπὸ

1765 702 2025 771 Apollinis
2078 717 2143 755 ex
2194 700 2494 755 Phoronide
2543 701 2706 754 filium
2757 715 2875 756 esse
2904 703 3159 765 tradunt,
3208 708 3298 775 qui

1762 810 1884 848 cum
1917 794 2192 856 medicina:
2231 804 2400 858 artem
2441 793 2706 862 prtecipuo
2735 793 2963 862 quodam
2999 796 3176 852 studio
3205 815 3298 851 eo-

1762 884 1912 948 leret,
1945 891 2148 936 tantum
2175 892 2256 937 est
2284 884 2419 936 inea
2448 881 2620 936 laudis
2648 892 2698 935 et
2740 882 2919 953 gloriae
2955 893 3296 950 consecutus,

1761 983 1817 1028 ut
1862 976 2122 1044 plurimos
2165 975 2325 1030 etiam
2354 1015 2368 1038 ,
2414 989 2641 1044 quorum
2689 975 2958 1043 deplorata
2996 978 3104 1045 jam
3153 979 3298 1035 salus

1753 1075 1906 1129 erat,
1956 1080 2146 1137 przeter
2185 1068 2423 1121 omnium
2470 1070 2916 1136 exspectationem
2951 1069 3297 1124 incolumitati

1759 1157 2042 1213 redderet:
2095 1159 2234 1229 quod
2285 1158 2489 1229 Jupiter
2521 1176 2642 1213 cum
2686 1162 2906 1217 moleste
2949 1161 3144 1226 ferret,
3177 1181 3298 1218 eum

1713 1313 1717 1317 η
1759 1245 1984 1303 fulmine
2016 1252 2176 1304 ictum
2222 1251 2327 1304 vita
2379 1251 2642 1319 spoliavit.
2693 1252 2881 1321 Apollo
2909 1269 3035 1308 vero
3085 1255 3298 1309 interitu

1758 1337 1848 1391 lilii
1880 1341 2109 1408 graviter
2165 1349 2507 1404 commotus,
2567 1338 2822 1410 Cyclopas
2879 1341 3117 1397 fulminis
3161 1345 3301 1400 illius

1757 1433 1986 1487 artifices
2020 1433 2326 1486 interemit:
2356 1447 2586 1502 quorum
2615 1435 2754 1488 czede
2785 1432 2990 1505 Jupiter
3017 1436 3301 1490 vehemen-

1757 1525 1862 1579 tius
1893 1535 2240 1593 exasperatus
2276 1526 2569 1593 Apollinem
2596 1525 2756 1595 jussit
2788 1528 3038 1583 humilem
3071 1545 3132 1583 ac
3177 1544 3298 1583 sor-

1755 1617 1932 1672 didam
1964 1617 2191 1671 Admeto
2224 1619 2333 1687 regi
2365 1633 2580 1687 operam
2621 1635 2834 1678 navare.
2870 1622 3108 1690 hancque
3145 1621 3211 1674 ab
3236 1637 3300 1674 eo

1757 1707 2034 1762 commissi
2087 1707 2341 1762 facinoris
2394 1724 2604 1777 peanam
2649 1711 2918 1778 expetivit.
2975 1714 3144 1781 Atque
3189 1712 3302 1767 haec

1761 1800 2026 1856 Diodorus
2059 1800 2196 1854 libro
2225 1797 2560 1854 Bibliotheca:
2589 1810 2779 1870 quarto
2809 1813 3210 1859 commemorat.

1828 1937 1969 1994 Idem
1999 1947 2198 2003 autem,
2226 1937 2441 1992 Graecos
2471 1937 2730 2006 reliquam
2759 1939 2954 2007 pariter
2983 1955 3092 1995 suae
3144 1941 3298 1996 theo-

1752 2026 1906 2097 logia:
1935 2027 2124 2081 silvam
2173 2027 2240 2080 ab
2269 2025 2466 2080 exteris
2507 2027 2813 2082 nationibus
2861 2039 3134 2082 mutuatos
3180 2045 3298 2085 esse

1752 2120 1982 2186 docens,
2014 2121 2194 2190 operis
2221 2121 2304 2174 sui
2335 2119 2491 2175 tertio
2529 2120 2601 2173 ita
2631 2120 2738 2176 fere
2770 2123 2955 2177 scribit
2982 2141 2994 2176 :
3039 2142 3056 2174 ι
3090 2122 3294 2175 lenm

1750 2211 1974 2266 Atlantii
2022 2214 2256 2282 primum
2308 2213 2450 2282 apud
2483 2229 2540 2269 se
2588 2231 2840 2284 regnasse
2867 2215 3150 2279 dictitant,
3204 2216 3296 2284 qui

1751 2303 1949 2359 liberos
1977 2306 2215 2374 quinque
2245 2321 2406 2375 supra
2436 2308 2787 2378 quadraginta
2818 2323 2880 2360 ex
2906 2306 3148 2375 pluribus
3180 2322 3296 2358 mu-

1750 2398 1974 2452 lieribus
2008 2399 2324 2466 procrearit,
2352 2415 2582 2467 quorum
2615 2399 2907 2454 octodecim
2935 2398 3096 2468 Titaza
3127 2411 3295 2452 matre

1751 2497 1905 2544 natos
1937 2504 2054 2543 esse
2082 2489 2284 2542 volunt.
2319 2487 2468 2543 Hanc
2504 2505 2633 2544 vero
2653 2533 2667 2554 ,
2699 2490 2838 2558 quod
2872 2488 3126 2558 singulari
3157 2499 3291 2542 tem-
3321 2536 3334 2547 ,

1748 2580 2003 2651 perantia).
2028 2580 2183 2634 laude
2213 2579 2503 2644 floruisset,
2531 2597 2592 2634 ac
2626 2581 2693 2634 de
2721 2581 2831 2634 suis
2862 2582 3061 2648 optime
3105 2579 3292 2635 merita

1747 2679 1910 2737 esset,
1934 2671 2262 2726 divinitatem
2293 2679 2413 2740 post
2433 2671 2634 2724 obitum
2660 2680 3022 2732 consecutam,
3052 2685 3292 2738 novoque

1747 2764 1964 2820 nomine
1999 2762 2221 2817 Terram
2259 2765 2572 2832 appellatam
2619 2762 2799 2817 fuisse.
2857 2762 3112 2816 Praeterea
3160 2762 3294 2817 C(Bli

1749 2855 1885 2909 filias
1925 2855 2186 2909 Basileam
2208 2895 2223 2920 ,
2255 2853 2566 2923 Rlieamque
2595 2854 2812 2908 laudant
2839 2896 2852 2915 ,
2894 2870 3014 2923 qtae
3044 2851 3288 2907 Pandora

1747 2963 1962 3020 quoque
2011 2947 2339 3000 nominatur.
2391 2947 2468 2999 Ac
2521 2945 2782 2999 Basileam
2831 2945 3045 3014 quidem
3097 2947 3290 3010 aiunt,

1746 3039 1892 3107 quod
1920 3048 2161 3092 materna
2188 3020 2345 3108 plane
2376 3037 2744 3092 benevolentia
2775 3036 2965 3091 fratres
2991 3037 3289 3102 educasset,

1746 3138 1973 3184 matrem
2013 3145 2132 3185 esse
2162 3139 2560 3199 nuncupatam:
2589 3145 2818 3199 cumque
2859 3128 3009 3183 Ccelo
3033 3129 3142 3197 jam
3187 3129 3290 3181 vita

1747 3218 1934 3274 functo
1960 3236 2082 3274 cum
2119 3217 2419 3290 Hyperione
2446 3218 2606 3273 fratre
2632 3219 3031 3270 matrimOnium
3067 3217 3286 3279 iniisset,

1671 3284 1715 3346 Ο
1746 3312 1941 3366 liberos
1967 3313 2217 3380 genuisse
2237 3311 2393 3374 duos,
2423 3324 2652 3378 quorum
2681 3309 2904 3367 alterunt
2937 3308 3136 3372 Solem,
3163 3307 3294 3360 alte-

1745 3421 1857 3459 ram
1892 3405 2096 3460 Luuam
2127 3404 2333 3458 vocarit
2365 3423 2375 3457 :
2437 3402 2594 3457 Rhea:
2652 3417 2778 3455 vero
2803 3401 3014 3464 fratres,
3050 3400 3190 3468 quod
3227 3401 3294 3452 ab

1744 3498 1810 3550 iis
1842 3497 1942 3550 sibi
1977 3504 2297 3561 metuerent,
2328 3493 2683 3566 llyperiouem
2715 3495 2944 3561 primum
2974 3491 3247 3560 jugulasse
3275 3533 3289 3554 ,

1744 3589 1935 3642 deinde
1975 3588 2153 3643 Solem
2195 3588 2413 3642 Eridani
2462 3586 2700 3641 fluminis
2732 3585 2886 3654 aquis
2933 3583 3289 3653 prmfoeasse;

1742 3680 1948 3739 Lunam
2000 3693 2219 3748 autem,
2268 3687 2485 3750 accepto
2532 3680 2660 3733 dirm
2690 3679 3009 3737 calamitatis
3058 3677 3245 3730 nuntio
3273 3717 3288 3740 ,

1741 3787 1859 3826 sese
1889 3773 1954 3826 de
2003 3787 2217 3826 summo
2250 3781 2389 3825 tecto
2421 3771 2745 3840 praecipitem
2779 3769 3024 3822 dediSse:
3065 3779 3285 3820 matrem

1741 3863 1972 3933 denique
2002 3861 2184 3915 furore
2215 3869 2411 3926 actam,
2441 3861 2644 3928 sparsis
2683 3861 2921 3912 crinibus
2947 3901 2961 3922 ,
2997 3858 3286 3927 tympanis—

1740 3971 1845 4027 que
1869 3955 2218 4026 ac-cymbalis
2246 3955 2478 4008 afflatum
2505 3953 2739 4005 numinis
2765 3963 2815 4004 et
2839 3952 3089 4017 impetum
3117 3959 3267 4002 osten

1740 4049 1950 4103 dentem
1972 4089 1987 4112 ,
2028 4057 2191 4101 totam
2227 4048 2425 4116 passim
2458 4047 2730 4114 regionem
2764 4044 3041 4097 oberrasse
3069 4083 3080 4102 ,
3117 4042 3286 4096 donec

1742 4141 1858 4209 ipsa
1903 4154 2118 4210 quoque
2145 4139 2384 4192 onmium
2419 4153 2483 4192 ex
2532 4137 2704 4192 oculis
2733 4135 3057 4190 evanuisset.
3107 4135 3289 4202 Itaque

1741 4231 2140 4284 multitudinem
2173 4229 2335 4298 hujus
2378 4229 2609 4281 novitate
2637 4242 2793 4280 casus
2823 4223 3142 4286 attonitam,
3190 4222 3288 4274 So-

1738 4322 1840 4380 lem
1871 4333 2032 4392 atque
2081 4321 2285 4375 Lunam
2321 4321 2371 4374 in
2401 4321 2608 4389 gemina
2661 4317 2777 4370 ςωιι
2831 4315 3000 4367 sidera
3051 4322 3288 4365 transtu-

1737 4414 1905 4478 lisse,
1953 4413 2234 4481 utriusque
2277 4427 2402 4467 vero
2454 4423 2678 4464 matrem
2723 4408 2834 4460 dere
2887 4406 3001 4458 loco
3052 4404 3284 4456 habitam

1735 4507 1927 4563 erectis
1975 4505 2273 4568 altaribus,
2326 4515 2378 4557 et
2427 4510 2682 4572 usurpato
2719 4500 2878 4555 simili
2913 4510 3283 4569 tympanorum

1739 4596 2213 4666 cymbalorumque
2243 4594 2443 4664 crepitu
2487 4592 2738 4648 coluisse.

1814 4688 1920 4760 58
1951 4708 1967 4739 ι
2006 4688 2074 4741 At
2113 4703 2237 4741 vero
2267 4687 2499 4758 Phryges
2534 4685 2772 4740 Sleoncm
2813 4685 3091 4754 quemdam
3137 4681 3284 4732 aiunt

1739 4784 1984 4854 Phrygim
2027 4798 2205 4852 regem
2253 4782 2417 4838 filiam
2463 4781 2710 4834 habuisse
2753 4777 2965 4830 nurnine
2994 4774 3238 4844 Cybelem
3265 4815 3279 4836 ,

1740 4891 1859 4947 quae
1898 4875 2066 4943 prima
2104 4872 2334 4927 tistulam
2386 4870 2677 4932 invenerit,
2729 4876 2778 4919 et
2824 4867 3068 4917 Montana
3121 4863 3284 4916 Mater

1739 4968 1999 5037 appellata
2029 4964 2189 5018 fuerit
2217 4984 2228 5019 :
2261 4964 2520 5034 Marsyam
2569 4971 2741 5012 autem
2786 4958 2952 5027 patria
2998 4954 3282 5027 Phrygem,

1738 5077 1860 5116 cum
1890 5060 1990 5128 ipsi
2018 5059 2301 5112 familiaris
2329 5065 2487 5119 esset,
2521 5053 2677 5106 tibias
2706 5050 3056 5115 conflavisse;
3088 5060 3134 5101 et
3163 5064 3280 5102 cor-

1736 5154 1886 5222 poris
1933 5153 2288 5221 integritatem
2334 5166 2361 5202 a
2397 5146 2556 5201 rebus
2603 5145 2843 5198 venereis
2890 5145 3177 5196 immunem
3220 5153 3282 5192 ac

1737 5246 1956 5312 liberam
2002 5245 2066 5298 ad
2101 5245 2303 5299 obitum
2341 5256 2509 5310 usque
2533 5237 2794 5292 servasse.
2821 5235 3031 5288 Addunt
3064 5241 3280 5300 prater-

1736 5352 1798 5392 ea
1829 5338 2052 5408 Cybeles
2082 5335 2325 5397 Patrem,
2359 5347 2479 5386 cum
2513 5346 2631 5385 eam
2661 5346 2722 5384 ex
2753 5327 2944 5381 Attidis
2990 5332 3280 5377 consuetuv

1736 5431 1861 5484 dine
1905 5440 2115 5482 uterum
2165 5435 2373 5496 gestare
2418 5424 2764 5492 comperisset
2791 5462 2804 5483 ,
2851 5420 2914 5472 de
2950 5415 3122 5467 medio
3174 5429 3278 5465 non

1738 5520 1883 5572 Attin
1919 5519 2097 5578 modo,
2132 5515 2220 5568 sed
2265 5516 2406 5582 ipsas
2435 5528 2646 5582 quoque
2679 5511 2905 5563 nutrices
2955 5505 3274 5560 sustulisse:

1737 5609 1828 5678 qui
1858 5606 2209 5660 adolescentis
2236 5605 2481 5657 interitus
2505 5620 2566 5656 eo
2589 5602 2811 5672 Cybeles
2835 5598 3069 5650 animum
3101 5595 3278 5648 furore

1731 5745 1822 5813 τῆς
1852 5746 2051 5815 μητρὸς
2083 5742 2705 5815 ὀνομάζεσθαι-Τιτᾶναςτ
2731 5734 2860 5815 QUID
2889 5735 3091 5815 {191390
3117 5746 3276 5800 quam

1733 5804 1873 5870 recta
1905 5804 1994 5880 sit,
2033 5804 2325 5884 niytli'ologi
2367 5811 2611 5866 viderint.
2648 5807 2776 5859 Vide
2803 5821 2854 5873 p.
2885 5804 2987 5857 19?.
3012 5805 3075 5868 Α,
3115 5817 3234 5870 pen.

1798 5908 1907 5985 (58)
1947 5907 2193 5974 Μητέρα-
2242 5906 2478 5974 Pindon,
2517 5899 2752 5975 μεγάλην
2787 5897 3011 5972 μητέρα.
