3980 6338
796 449 899 501 H5

1420 445 1687 501 EUSEBII
1725 444 2204 501 CASSARIENSIS
2249 444 2397 501 OPP.
2443 445 2623 499 PARS
2661 443 2723 498 ll.
2751 475 2821 485 —
2858 443 3351 499 APOLOGETICA.
3909 444 3967 498 Η

793 562 1101 628 concitavit,
1131 571 1192 617 ut
1218 577 1313 632 per
1352 563 1657 617 universam
1695 564 1961 633 regionem
1990 580 2111 619 cum
2161 565 2331 618 ululap

2439 563 2667 632 ἅμιλλαν
2694 565 2819 635 περὶ
2848 562 3106 632 μουσικῆς
3142 561 3359 615 ἐλθόντα
3401 559 3477 630 τῷ
3516 560 3819 613 Ἀπόλλωνι
3844 600 3859 616 .
3921 578 3967 613 κε

796 654 960 717 tibus,
990 669 1053 709 ac
1080 665 1453 723 tympanorum
1487 655 1665 707 sonitu
1699 663 1953 722 perpetuo
1986 655 2333 710 discursaret.

795 746 963 800 Porro
991 744 1256 816 Marsyam
1286 755 1400 799 tum
1445 747 1662 817 quidem
1694 757 1753 799 ut
1797 747 2089 814 plurimum
2118 761 2240 799 cum
2274 762 2337 799 ea

796 842 1066 888 versatum
1096 848 1235 897 esse,
1267 844 1452 903 postea
1480 848 1604 887 vero
1634 834 1702 886 ab
1736 834 1978 901 Apolline
2003 874 2017 899 ,
2054 835 2143 902 qui
2171 834 2339 887 victo-

796 925 931 977 riam
959 938 1024 977 ex
1056 925 1265 977 musico
1309 923 1603 977 certamine
1650 938 1771 976 cum
1812 924 1999 977 eodem
2050 924 2339 978 commisso

795 1013 1088 1079 retulerat,
1120 1024 1296 1067 cutem
1343 1014 1445 1082 ipsi
1496 1014 1617 1066 vivo
1663 1028 1727 1067 ac
1775 1014 1996 1082 spiranti
2044 1014 2338 1070 detractam

793 1104 977 1156 fuisse.
1006 1102 1205 1156 Deinde
1226 1102 1522 1171 Apollinem
1544 1099 1768 1171 Cybeles
1789 1116 1973 1155 amore
2000 1100 2333 1171 ﬂagrantem,

790 1206 1038 1246 errorum
1070 1192 1119 1245 ei
1149 1207 1268 1247 sese
1301 1191 1365 1245 ad
1396 1190 1767 1261 Hyperboreos
1794 1207 1963 1261 usque
1995 1192 2245 1247 comitem
2277 1208 2340 1246 ac

792 1281 999 1335 socium
1029 1276 1357 1350 praebuisse,
1378 1282 1679 1351 Attidisque
1704 1283 1931 1337 cadaver
1963 1282 2195 1351 sepeliri,
2230 1284 2339 1354 Cy,-

792 1374 1070 1443 belemque
1100 1375 1267 1443 ipsam
1300 1388 1399 1443 pro
1427 1374 1524 1427 dea
1558 1375 1661 1429 coli
1700 1376 1928 1444 jussisse
1957 1394 1969 1428 :
2013 1391 2131 1444 quae
2174 1391 2338 1431 causa

790 1465 881 1528 sit,
912 1466 1262 1531 quamobrem
1284 1463 1520 1536 Phryges
1545 1466 1839 1520 etiamnum
1866 1466 2010 1520 hunc
2037 1481 2242 1519 morem
2263 1467 2337 1520 ita

791 1555 1077 1620 retineant,
1108 1565 1166 1609 ut
1196 1555 1553 1612 adolescentis
1580 1557 1854 1611 interitum
1882 1556 2138 1627 lacrymis
2165 1556 2340 1613 luctu-

789 1660 897 1715 que
926 1657 1360 1716 prosequantur,
1407 1663 1641 1717 eumque
1688 1660 1812 1702 cum
1859 1648 2054 1718 Cybele
2090 1657 2202 1702 tum
2246 1663 2341 1702 ex-

790 1737 1011 1792 structis
1039 1739 1168 1805 aris,
1198 1746 1308 1791 tum
1332 1740 1663 1793 solemnibus
1683 1738 1962 1794 sacriﬁciis
1989 1747 2334 1794 venerentur.

789 1826 932 1893 Quin
976 1830 1136 1883 etiam
1172 1831 1239 1883 ab
1288 1831 1474 1884 iisdem
1522 1831 1863 1901 postmodum
1914 1831 1969 1885 in
2018 1830 2338 1889 Pessinunte

2438 653 2760 722 ἡττηθέντα,
2800 650 2974 715 ζῶντα
3009 652 3112 703 ὑπὸ
3141 650 3235 703 τοῦ
3281 651 3608 712 ’Λπόλλωνος
3676 650 3967 719 ἐκδαρῆνα

2438 743 2541 794 Τὸν
2565 742 2621 794 δὲ
2664 741 2989 806 Ἀπόλλωνα,
3012 740 3305 811 ἐρασθέντα
3330 742 3427 811 τῆς
3446 740 3713 809 Κυϐέλης,
3745 758 3818 792 συ
3828 759 3863 809 μ
3876 741 3967 791 7:).1

2438 833 2662 903 νηθῆναι
2693 832 2801 901 (59)
2821 832 2956 903 αὐτῇ
2984 832 3143 902 μέχρι
3161 832 3266 883 τῶν
3300 831 3698 901 Ὑπερϐορέων,
3734 847 3967 883 κέηειπ

2438 939 2496 974 τε
2525 921 2690 991 θάψαι
2715 920 2775 973 τὸ
2802 921 3039 982 Ἄττιδος
3076 920 3233 990 σῶμα
3251 961 3265 984 ,
3301 920 3393 973 καὶ
3420 922 3584 989 τιμᾷν
3610 920 3683 982 ὡς
3743 918 3880 970 θεὸν
3912 922 3967 971 71‘-

2440 1013 2704 1084 Κυϐέλην.
2739 1012 2936 1083 Διόπερ
2987 1011 3151 1064 εἰσέτι
3204 1012 3295 1063 καὶ
3329 1012 3564 1081 σήμερον
3603 1013 3730 1073 τοὺς
3781 1011 3967 1081 Φρύγα

2437 1105 2591 1157 τοῦτο
2614 1107 2805 1168 ποιεῖν,
2842 1103 3166 1173 θρηνοῦντας
3186 1102 3278 1155 τοῦ
3308 1104 3589 1173 μειρακίου
3620 1103 3712 1155 τὸν
3735 1101 3967 1155 θάνατοι

2441 1196 2653 1267 βωμούς
2678 1213 2734 1248 τε
2767 1194 3169 1266 ἱδρυσαμένους,
3204 1192 3415 1256 θυσίαις
3444 1194 3627 1246 Ἀττιν
3674 1211 3734 1245 τε
3773 1196 3881 1245 καὶ
3914 1194 3967 1243 τὶ

2440 1287 2685 1358 Κυϐέλην
2709 1288 2890 1357 τιμᾷν.
2918 1280 3180 1355 ’ῐΥστερον
3201 1284 3345 1336 δὲ’ἐν
3368 1283 3678 1336 Πεσινοῦντι
3722 1282 3833 1352 τῆς
3862 1284 3967 1352 Φρι

2438 1380 2559 1447 γίας
2602 1377 3007 1432 κατασκευάσαι
3052 1375 3177 1429 ναδν
3223 1373 3504 1444 πολυτελῆ,
3539 1374 3631 1425 καὶ
3682 1373 3862 1442 τιμὰς
3917 1390 3967 1426 κε

2438 1470 2626 1532 θυσίας
2650 1465 2956 1530 καταδεῖξαι
2990 1464 3589 1535 μεγαλοπρεπεστάτας.
3617 1464 3775 1516 Μετὰ
3806 1463 3868 1515 δὲ
3909 1464 3967 1535 τὴ

2448 1558 2756 1630 Ὑπερίονος
2794 1556 3048 1629 τελευτὴν
3067 1555 3193 1618 τοὺς
3216 1552 3455 1623 Οὐρανοῦ
3486 1553 3676 1616 παῖδας
3720 1551 3967 1605 διελέσθρ

2435 1650 2534 1719 τὴν
2551 1646 2840 1718 βασιλείαν,
2858 1639 2931 1699 ὧν
2949 1645 3209 1715 ὑπάρχειν
3238 1643 3691 1711 ἐπιφανεστάτους
3724 1641 3967 1695 ’Δτλαντ

2438 1740 2529 1791 καὶ
2548 1738 2773 1808 Κρόνον.
2788 1736 2983 1789 Τοῦτον
3005 1734 3061 1787 δὲ
3085 1734 3179 1809 τὸν
3204 1730 3472 1785 ’Ἄτλαντα
3492 1729 3830 1794 λαϐεῖν’τοὺς
3852 1749 3967 1800 παρ

2434 1825 2524 1879 τὸν
2561 1824 2807 1878 Ὠκεανὸν
2836 1824 3049 1885 τόπους,
3084 1821 3369 1891 γενόμενον
3386 1819 3706 1888 ἀστρολόγον
3733 1822 3967 1892 ἄριστον

789 1918 1034 1992 Phrygia:
1056 1920 1252 1991 oppido
1282 1923 1571 1992 superbum
1620 1938 1682 1978 ac
1714 1924 2057 1992 magniﬁcum
2087 1924 2165 1977 illi
2194 1933 2331 1979 tem-

2436 1916 2671 1988 ὑπάρξαι
2692 1917 2748 1969 δὲ
2773 1914 2917 1984 αὐτῷ
2960 1916 3054 1966 καὶ
3075 1911 3375 1982 θυγατέρας
3402 1910 3556 1974 me,
3589 1911 3691 1975 τάς
3724 1910 3967 1981 καλουμέ

789 2013 936 2081 plum
981 2014 1312 2078 excitatnm,
1362 2016 1415 2068 in
1469 2030 1639 2085 eoque
1685 2016 1946 2070 sacriﬁcia
1996 2017 2334 2087 honoresque

790 2104 1002 2157 divinos
1032 2104 1268 2157 maximo
1294 2104 1837 2175 splendidissimoque
1872 2116 2129 2176 apparatu
2176 2107 2331 2163 insti-

794 2202 942 2248 tutos
966 2192 1151 2248 fuisse.
1174 2193 1291 2247 Jam
1316 2209 1443 2249 vero
1469 2194 1602 2250 Caeli
1634 2195 1772 2251 ﬁlios
1805 2196 2105 2268 Hyperione
2124 2198 2334 2252 sublato

792 2298 1017 2350 regnum
1050 2283 1189 2338 inter
1219 2300 1334 2338 sese
1363 2285 1609 2340 divisisse
1634 2327 1647 2351 ,
1683 2300 1914 2353 quorum
1951 2287 2109 2355 longe
2149 2286 2335 2341 claris—

792 2374 917 2427 simi
944 2374 1096 2429 Atlas
1128 2383 1184 2428 et
1231 2373 1496 2431 Saturnus
1529 2378 1817 2430 evaserint.
1865 2377 2038 2445 Atque
2067 2375 2333 2429 Atlantem

789 2465 1007 2533 quidem
1036 2466 1213 2521 vicina
1244 2467 1457 2522 Oceano
1488 2468 1607 2523 loca
1651 2469 1921 2533 tenuisse,
1953 2482 2076 2522 rara
2104 2466 2335 2535 quadam

789 2556 1092 2626 astrologia:
1120 2558 1427 2628 cognitione
1454 2567 1816 2627 praestantem.
1856 2558 2011 2614 Hunc
2038 2567 2242 2627 septem
2272 2558 2337 2611 ﬁ-

791 2649 895 2701 lias
926 2646 1182 2702 habuisse
1208 2649 1425 2702 nomine
1456 2648 1777 2711 Atlantidas,
1810 2665 1931 2719 quae
1958 2665 2025 2702 ex
2058 2648 2340 2718 primario-

791 2753 911 2791 rum
936 2738 1253 2808 eximia-que
1297 2739 1492 2792 indolis
1538 2739 1759 2793 deorum
1797 2738 2085 2792 concubitu
2117 2737 2335 2807 amplis-

790 2829 914 2883 simi
936 2829 1149 2899 generis
1169 2828 1343 2898 capita
1370 2830 1641 2899 ducesque
1667 2828 1885 2893 fuerint,
1916 2829 2180 2897 susceptis
2200 2829 2338 2897 ejus-

792 2922 940 2974 modi
997 2920 1181 2974 liberis
1209 2961 1224 2984 ,
1272 2934 1412 2989 quos
1460 2929 1678 2990 propter
1726 2921 1973 2974 virtutem
2022 2921 2077 2973 in
2112 2920 2334 2973 deorum

790 3011 1126 3079 heroumque
1155 3026 1379 3064 numero
1407 3019 1591 3079 postea
1618 3019 1963 3064 censuerunt.
1986 3009 2181 3063 Earum
2208 3024 2335 3065 vero

789 3112 919 3154 natu
961 3101 1251 3154 maximam
1280 3141 1296 3166 ,
1323 3115 1443 3169 qua:
1469 3098 1606 3154 Maia
1653 3101 1943 3155 vocabatur
1966 3142 1980 3166 ,
2012 3100 2333 3156 Mercurium

786 3192 905 3246 Jovi
942 3194 1231 3263 peperisse.
1278 3194 1347 3247 At
1397 3192 1687 3247 Saturnum
1734 3208 1842 3246 non
1886 3194 2064 3249 minus
2110 3195 2332 3249 avaritia

788 3300 949 3352 quam
977 3285 1195 3339 libidine
1230 3285 1746 3355 intemperantiaque
1780 3284 2042 3339 famosum
2074 3325 2089 3349 ,
2126 3283 2333 3339 Rheam

788 3388 1032 3428 sororem
1070 3390 1250 3429 secum
1281 3363 1624 3430 matrimonio
1656 3376 2025 3445 conjunxisse,
2056 3391 2123 3429 ex
2139 3389 2334 3443 ,eaque

786 3462 972 3516 Jovem
1004 3465 1327 3533 suscepisse.
1354 3465 1419 3517 Et
1443 3465 1606 3519 alium
1626 3467 1839 3533 quidem
1865 3467 1975 3534 jam
2002 3476 2124 3519 ante
2150 3464 2331 3521 Jovem

788 3556 1079 3620 exstitisse,
1112 3556 1204 3623 qui
1226 3555 1351 3609 (Σαξιί
1379 3555 1543 3610 frater
1568 3571 1689 3609 cum
1712 3565 1853 3610 esset
1874 3557 1927 3608 in
1952 3555 2109 3610 Creta
2140 3571 2333 3627 regna—

786 3655 975 3711 Vcl‘al,
1004 3661 1163 3714 quem
1198 3656 1372 3700 tamen
1418 3647 1685 3716 posterior
1736 3648 1822 3701 hic
1855 3649 2012 3720 longo
2058 3650 2332 3720 dignitatis

786 3748 840 3792 et
886 3738 1069 3808 gloria:
1112 3739 1375 3809 superarit
1422 3739 1718 3792 intervallo.
1774 3738 1980 3808 Quippe
2005 3741 2147 3795 hunc
2186 3744 2329 3795 enim

788 3831 905 3883 orbi
937 3839 1199 3885 terrarum
1232 3832 1480 3884 universo
1512 3831 1803 3899 imperasse
1823 3874 1836 3895 ,
1885 3840 2005 3886 cum
2050 3835 2197 3902 prior
2244 3836 2332 3889 ille

785 3923 886 3975 soli
917 3922 1090 3976 Creta:
1118 3922 1426 3975 dominatus
1450 3933 1630 3989 esset,
1662 3923 1754 3977 ubi
1784 3925 1964 3978 decem
1997 3925 2136 3979 ﬁlios
2165 3924 2332 3979 Cure-

787 4023 867 4064 tas
910 4014 1125 4065 nomine
1170 4014 1507 4080 proerearit;
1554 4014 1707 4083 cujus
1736 4016 1896 4067 etiam
1947 4017 2122 4069 adhuc
2148 4018 2330 4085 sepul-

784 4103 974 4155 chrum
1006 4104 1059 4155 in
1088 4103 1249 4156 Creta
1275 4106 1480 4157 ostendi
1514 4104 1653 4158 fama
1678 4115 1779 4162 est.
1805 4107 1912 4175 59
1941 4107 2110 4161 Porro
2144 4108 2333 4162 Satur-

785 4208 914 4245 num
943 4192 1202 4257 Sieiliam,
1252 4191 1472 4263 Libyam
1498 4205 1550 4248 et
1578 4194 1779 4249 Italiam
1810 4198 2035 4264 imperio
2062 4200 2327 4265 tenuisse,

781 4284 940 4350 cuius
984 4282 1126 4336 ﬁlius
1152 4281 1359 4351 Jupiter
1389 4284 1509 4338 vita:
1554 4286 1817 4340 ratioaem
1870 4288 2053 4357 inierit
2094 4297 2329 4358 paterna

783 4376 1007 4427 omnino
1069 4379 1412 4429 contrariam.
1478 4376 1633 4432 Hunc
1684 4378 1775 4430 alii
1829 4394 2051 4447 regnum
2111 4382 2330 4436 cedente

785 4466 928 4518 ultro
964 4472 1115 4533 patre
1143 4468 1440 4533 capessisse
1477 4468 1700 4535 volunt,
1743 4469 1835 4522 alii
1865 4485 2131 4525 consensu
2155 4486 2326 4540 popu-

2434 2028 2527 2073 νας
2569 2008 2920 2070 Ἀτλαντίδας.
2951 2006 3163 2069 Ταύτας
3188 2005 3245 2057 δὲ
3273 1999 3518 2075 μιγείσας
3545 2007 3657 2068 τοῖς
3688 2004 3967 2073 εὐφυεστά

2434 2120 2545 2165 τοις
2567 2101 2723 2164 θεοῖς,
2742 2102 3013 2171 ἀρχηγοὺς
3029 2096 3358 2166 καταστῆναι
3380 2095 3473 2148 τοῦ
3495 2096 3745 2149 πλείστου
3776 2098 3967 2164 γένους

2435 2193 2693 2257 τεκούσας
2719 2193 2783 2244 δι’
2806 2193 3004 2262 ἀρετὴν
3029 2191 3182 2253 θεοὺς
3215 2192 3304 2243 καὶ
3334 2192 3539 2265 ἥρωας.
3563 2185 3661 2241 Ὧν
3708 2190 3814 2259 τὴν
3860 2202 3967 2260 πρε

2440 2283 2703 2353 σ6υτάτην
2722 2284 2896 2334 Μαῖαν
2920 2283 3001 2333 Διὶ
3032 2287 3299 2352 μιγεῖσαν,
3327 2280 3701 2348 τεκνοποιῆσαι
3726 2279 3827 2332 τὸν
3873 2281 3967 2350 Ἑρ

2441 2373 2567 2443 μῆν.
2604 2372 2774 2425 Τὸνδέ
2794 2373 3016 2444 Κρόνον,
3038 2374 3351 2447 διαφέροντα
3390 2372 3665 2442 πλεονεξίᾳ
3697 2373 3796 2424 καὶ
3836 2371 3967 2424 ἀσελη

2434 2464 2576 2534 γείᾳ,
2614 2463 2787 2533 γῆμαι
2819 2464 2918 2534 τὴν
2958 2463 3190 2534 ἀδελφὴν
3228 2465 3402 2529 Ῥέαν,
3434 2463 3492 2530 ἐξ
3514 2458 3582 2535 ἦς
3608 2463 3873 2532 γεννῆσαι
3903 2462 3967 2513 το

2436 2556 2552 2609 Δία.
2598 2555 2879 2622 Γεγονέναι
2922 2554 2977 2606 δὲ
3014 2555 3108 2607 καὶ
3147 2556 3327 2625 ἕτερον
3369 2537 3473 2607 Mal
3510 2555 3600 2608 τδν
3626 2553 3857 2622 ἀδελφὺν
3896 2554 3967 2624 μὲι

2433 2645 2671 2712 Οὐρανοῦ
2689 2688 2703 2710 ,
2736 2646 2833 2715 τῆς
2857 2646 2912 2698 δέ
2939 2648 3161 2717 Κρήτης
3177 2645 3581 2715 βασιλεύσαντα,
3606 2648 3672 2715 τῇ
3694 2645 3821 2715 δόξῃ
3856 2644 3967 2697 πολὲ

2434 2737 2745 2805 λειπόμενον
2760 2736 2851 2789 τοῦ
2880 2737 3355 2807 μεταγενεστέρου.
3382 2736 3578 2788 Τοῦτον
3607 2738 3703 2806 μὲν
3728 2733 3826 2789 οὖν
3846 2735 3967 2805 βασι

2434 2826 2618 2881 λεῦσαι
2637 2826 2729 2879 τοῦ
2746 2828 3055 2897 σύμπαντος
3082 2829 3285 2899 κόσμου
3304 2844 3319 2858 ’
3336 2821 3505 2879 τδνδέ
3518 2827 3617 2897 τῆς
3630 2828 3874 2898 Κρήτης,
3894 2824 3967 2877 καί

2433 2919 2563 2972 δέκα
2584 2919 2772 2981 παῖδας
2805 2920 3077 2988 γεννῆσαι,
3097 2920 3223 2981 τοὺς
3252 2916 3643 2987 ὀνομασθέντας
3675 2919 3967 2987 Κουρήταςτ

2432 3009 2734 3063 δείκνυσθαι
2756 3010 2811 3061 δὲ
2827 3010 2988 3062 αὐτοῦ
3004 3027 3164 3078 φασιν
3186 3011 3348 3063 εἰσέτι
3381 3009 3480 3063 νῦν
3492 3009 3659 3078 τάφον
3692 3011 3747 3063 ἐν
3766 3011 3967 3082 Κρήτῃ.

2434 3100 2793 3155 Δυναστεῦσαι
2832 3100 2889 3153 δὲ
2924 3101 3013 3153 τὸν
3053 3101 3259 3172 Κρόνον
3288 3100 3427 3154 κατά
3469 3100 3715 3154 Σικελίαν
3750 3102 3851 3155 καὶ
3889 3102 3967 3152 Λι‹

2433 3192 2569 3263 δύην
2592 3193 2683 3245 καὶ
2721 3191 2967 3245 Ἰταλίαν.
3003 3191 3201 3243 Τούτου
3238 3192 3294 3244 δὲ
3324 3192 3607 3263 γενόμενον
3626 3192 3718 3246 τὸν
3745 3191 3867 3255 Δία,
3894 3192 3967 3243 τὸι

2434 3283 2668 3336 ἐναντίον
2698 3283 2776 3353 τῷ
2801 3284 2965 3354 πατρὶ
2994 3283 3103 3352 βίον
3133 3284 3386 3353 ζηλῶσαι.
3418 3282 3770 3348 Διαδέξασθαι
3798 3285 3857 3337 δὲ
3884 3284 3967 3335 αὐ·

2430 3375 2520 3428 τὸν
2551 3374 2647 3445 τὴν
2681 3374 2947 3443 βασιλείαν
2984 3375 3031 3426 οἱ
3074 3375 3169 3444 μέν
3198 3392 3355 3443 φασιν
3389 3376 3599 3437 ἑκόντος
3636 3374 3733 3426 τοῦ
3778 3372 3967 3441 πατρὸς

2434 3468 2952 3536 παραχωρήσαντοςο
2998 3469 3045 3518 οἱ
3084 3466 3159 3528 δὲ,
3209 3468 3313 3519 ὑπὸ
3347 3468 3454 3521 τῶν
3494 3469 3663 3539 ὄχλων
3701 3465 3967 3536 αἱρεθέντα

2430 3558 2516 3610 διὰ
2548 3558 2605 3608 τὸ
2638 3560 2789 3627 μῖσος
2820 3557 2879 3610 τὸ
2925 3557 3059 3627 πρὸς
3095 3558 3187 3610 τὸν
3228 3550 3451 3629 πατέρα.
3496 3556 3967 3629 Ἐπιστρατεύσαν-

2430 3667 2520 3712 τος
2541 3649 2597 3702 δὲ
2623 3651 2705 3701 ἐπ’
2736 3649 2893 3701 αὐτὸν
2914 3649 3005 3702 τοῦ
3032 3650 3237 3720 Κρόνου
3273 3649 3407 3718 μετά
3432 3647 3534 3700 τῶν
3567 3647 3830 3710 Τιτάνων,
3851 3661 3967 3714 κρα-

2430 3742 2590 3812 τῆσαι
2619 3744 2763 3813 μάχῃ
2792 3742 2881 3794 τὸν
2912 3743 3030 3805 Δία,
3066 3744 3160 3795 καὶ
3187 3740 3430 3793 ἐπελθεῖν
3460 3734 3643 3791 πᾶσαν
3674 3739 3773 3809 τὴν
3802 3740 3967 3789 οίκσυ-

2434 3835 2619 3904 μένην,
2651 3834 2942 3900 διενεγκεῖν
2974 3833 3028 3885 δὲ
3058 3833 3217 3886 αὐτὸν
3251 3832 3493 3901 σώματος
3524 3829 3699 3901 ῥώμῃ,
3736 3827 3829 3881 καὶ
3862 3829 3967 3887 ταῖς

2430 3926 2613 3988 ἄλλαις
2639 3926 2873 3996 ἀρεταῖς,
2894 3926 3124 3995 σπουδήν
3140 3940 3196 3975 τε
3223 3922 3489 3994 ποιεῖσθαι
3510 3922 3686 3973 πᾶσαν
3713 3922 3794 3982 είς
3822 3916 3967 3970 κόλα-

2432 4035 2514 4070 σιν
2541 4017 2637 4087 μὲν
2662 4016 2767 4069 τῶν
2792 4018 3021 4079 ἀσεϐῶν,
3055 4013 3367 4085 εὐεργεσίας
3390 4013 3447 4065 δὲ
3470 4012 3573 4064 τῶν
3600 4010 3837 4078 ἀγαθῶν,
3862 3999 3967 4061 ἀνθ’

2428 4104 2502 4163 ὧν
2552 4110 2690 4179 μετά
2726 4111 2821 4182 τὴν
2854 4113 2909 4177 ἐξ
2943 4110 3237 4182 ἀνθρώπων
3267 4107 3589 4178 μετάστασιν
3618 4103 3965 4175 ὀνομασθῆναι

2428 4203 2590 4271 Ζῆνα,
2625 4201 2711 4255 διὰ
2745 4203 2805 4255 τὸ
2842 4203 3014 4255 δοκεῖν
3042 4199 3134 4254 τοῦ
3171 4199 3351 4261 καλῶς
3394 4197 3493 4268 ζῇν
3521 4197 3700 4248 ἀἴτιον
3728 4192 3964 4264 γενέσθαι

2426 4296 2538 4355 τοῖς
2568 4292 2886 4364 ἀνθρώποις.
2918 4291 3037 4344 Τῶν
3070 4291 3165 4360 μὲν
3198 4285 3289 4341 οὖν
3317 4288 3440 4359 περὶ
3461 4288 3571 4350 τοῖς
3626 4284 3963 4342 ’Δτλαντείοις

2427 4383 2870 4454 θεολογουμένων,
2899 4381 2966 4434 τὰ
2995 4378 3259 4449 κεφάλαια
3291 4377 3461 4431 ταῦτά
3487 4379 3619 4430 ἐστι.
3663 4377 3879 4436 Τούτοις
3912 4370 3961 4421 δέ

2428 4492 2556 4543 φασι
2591 4474 2830 4534 καὶτοὺς
2864 4470 3126 4539 Ἕλληνας
3157 4468 3510 4539 συγχρῆσθαι.
3550 4487 3569 4519 ι
3600 4466 3784 4519 Ταῦτα
3811 4460 3960 4517 όΔιόο

782 4556 992 4618 lorum,
1029 4554 1121 4621 qui
1148 4564 1353 4621 patrem
1405 4558 1527 4611 odio
1573 4569 2024 4627 prosequerentur
2048 4600 2063 4623 ,
2100 4562 2329 4614 electum

2433 4564 2591 4634 δωρος
2630 4566 2686 4615 ἐν
2712 4565 2777 4632 τῇ
2808 4561 2963 4634 τρίτῃ
2995 4560 3102 4612 τῶν
3154 4548 3460 4628 Ἰἂτοριῶκ
3507 4561 3563 4613 '0
3606 4559 3651 4611 δ’
3681 4558 3840 4618 αὐτὸς
3882 4550 3961 4603 καὶ

782 4646 952 4699 fuisse
977 4663 989 4698 :
1019 4659 1251 4714 cumque
1300 4643 1585 4711 Saturnus,
1617 4646 1865 4701 Titanum
1893 4651 2093 4704 auxilio
2122 4651 2291 4705 fretus
2313 4691 2329 4715 ,

782 4734 838 4786 in
864 4735 1032 4788 ﬁlium
1062 4735 1351 4803 movisset,
1404 4734 1693 4788 commisso
1739 4738 1922 4803 prmiio
1950 4736 2071 4792 Jovi
2099 4740 2329 4793 cessisse

780 4826 1083 4891 victoriam,
1113 4827 1204 4897 qui
1236 4828 1548 4880 universum
1576 4836 1760 4895 postea
1794 4828 2054 4882 mundum
2077 4844 2329 4898 peragi-ao

782 4918 872 4970 rit.
903 4915 1163 4973 Eumdem
1210 4936 1317 4974 non
1349 4921 1543 4975 robore
1573 4920 1734 4973 modo
1765 4922 2011 4990 corporis
2034 4964 2050 4988 ,
2081 4924 2173 4976 sed
2200 4923 2330 4976 alia-

781 5024 902 5064 rum
946 5024 1159 5080 quoque
1190 5013 1451 5065 virtutum
1486 5012 1643 5066 laude
1685 5014 1998 5081 praestitisse
2026 5052 2041 5076 ,
2073 5013 2125 5066 in
2155 5029 2325 5082 eoque

778 5112 965 5152 curam
996 5111 1209 5151 omnem
1236 5113 1300 5153 ac
1328 5101 1565 5154 studium
1610 5102 1880 5170 posuisse,
1920 5102 1998 5155 uti
2038 5102 2324 5157 sceleratos

779 5190 997 5258 quidem
1030 5190 1238 5243 meritis
1265 5193 1439 5259 poenis
1468 5196 1717 5257 aﬁiceret,
1749 5195 1924 5248 bonos
1950 5203 2129 5246 autem
2158 5194 2321 5248 bene-

778 5284 915 5337 ticiis
945 5283 1282 5337 cumularet:
1314 5282 1367 5335 id
1397 5285 1541 5351 quod
1580 5286 1635 5339 in
1666 5278 1827 5342 causa
1865 5284 2046 5351 fuerit,
2078 5299 2173 5339 cur
2196 5302 2321 5341 eum

777 5376 940 5429 rebus
966 5374 1216 5427 humanis
1246 5372 1569 5428 subductum
1600 5377 1761 5447 Ζῆνα,
1802 5379 1907 5431 hoc
1936 5386 2020 5430 est
2063 5376 2184 5430 vitae
2225 5393 2319 5446 pa-

777 5478 1022 5531 rentem,
1070 5469 1432 5530 nominarint,
1468 5469 1608 5538 quod
1659 5471 1969 5526 hominibus
2022 5470 2139 5539 ipse
2187 5472 2321 5525 bene

776 5562 988 5615 vivendi
1035 5573 1223 5617 auctor
1270 5561 1439 5615 fuisse
1486 5560 1775 5616 videretur.
1802 5563 1978 5631 Atque
2032 5562 2144 5615 haec
2191 5570 2320 5615 sunt

844 5770 955 5839 (59)
996 5764 1511 5839 Συμπλανηθῆναι.
1561 5766 1825 5839 lta_enim
1882 5769 2123 5830 Diodor.,
2166 5767 2316 5839 quod

775 5836 970 5896 reetins
998 5836 1171 5895 visum
1200 5836 1464 5907 estquam
1500 5837 1898 5907 συμπλακῆναι,
1935 5849 1991 5893 ιιι
2017 5848 2138 5892 ante
2166 5836 2309 5907 lege-

2428 4657 2486 4707 ἐν
2516 4657 2581 4723 τῇ
2620 4652 2753 4724 ἕκτῃ
2782 4653 2887 4705 ἀπὸ
2928 4654 3025 4723 τῆς
3056 4653 3338 4722 Εὐημέρου
3368 4652 3461 4705 τοῦ
3507 4648 3811 4719 Μεσσηνίου
3846 4659 3961 4711 γρα-

2436 4743 2561 4812 φῆς,
2590 4744 2837 4814 ὲπικυροῖ
2865 4743 2962 4814 τὴν
3006 4742 3172 4813 αὐτὴν
3204 4742 3498 4809 θεολογίαν,
3526 4733 3627 4792 ὧδε
3656 4736 3794 4789 κατὰ
3833 4729 3956 4791 λέξιν

2435 4836 2656 4902 φάσκων
2677 4853 2689 4865 ο
2723 4856 2740 4886 ι
2775 4836 2910 4905 Περδ⁹
2950 4834 3086 4887 θεῶν
3115 4833 3293 4886 τοίνυν
3322 4830 3501 4891 διττάς
3544 4830 3591 4880 οι
3629 4824 3839 4879 παλαιοὶ
3866 4819 3956 4872 τῶν

2427 4927 2720 4998 ἀνθρώπων
2767 4930 2876 4989 τοῖς
2910 4923 3379 4995 μεταγενεστέροις
3418 4918 3709 4976 δεδώκασιν
3752 4912 3950 4971 ἐννοίας-

2428 5017 2565 5080 Τούς
2595 5019 2689 5088 μὲν
2726 5017 2831 5087 γὰρ
2877 5016 3079 5077 ἀϊδίους
3123 5014 3215 5065 καὶ
3256 5010 3562 5079 ἀφθάρτους
3607 5004 3744 5060 εἷναί
3791 5018 3949 5075 φασιν»

2428 5104 2535 5162 οἷον
2564 5110 2713 5179 ἥλιον
2736 5112 2828 5162 καὶ
2852 5108 3097 5176 σελήνην,
3130 5105 3224 5157 καὶ
3251 5103 3319 5155 τὰ
3347 5102 3478 5156 ἀλλα
3504 5101 3572 5155 τά
3603 5104 3723 5155 κατ’
3753 5098 3950 5171 οὐρανὸν

2427 5200 2619 5271 ἄστρα,
2667 5199 2804 5271 πρὸς
2848 5197 2905 5249 δὲ
2947 5194 3171 5258 τούτοις,
3218 5192 3448 5263 ἀνέμους
3493 5194 3586 5247 καὶ
3626 5192 3754 5255 τοὺς
3786 5187 3949 5245 ἀλλους

2422 5286 2549 5353 τούς
2576 5292 2673 5360 ⁸ιῆς
2698 5289 2885 5357 ὁμοίας
2920 5288 3132 5356 φύσεως
3164 5284 3369 5347 τούτοις
3399 5286 3733 5355 τετευχότας.
3762 5278 3946 5336 Τούτων

2426 5381 2531 5451 γὰρ
2561 5380 2793 5432 ἕκαστον
2813 5378 2978 5431 ἀΐδιον
3006 5378 3149 5447 ἐχειν
3185 5378 3282 5448 τὴν
3311 5376 3525 5445 γένεσιν
3544 5378 3636 5431 καὶ
3662 5377 3764 5447 τὴν
3785 5373 3945 5431 διαμο-

2424 5474 2518 5541 νήν
2541 5489 2554 5500 ·
2592 5471 2809 5540 ἐτέρους
2845 5470 2901 5523 δέ
2940 5470 3183 5539 λέγουσιν
3210 5469 3481 5538 ἐπιγείους
3513 5466 3761 5537 γενέσθαι
3793 5460 3939 5517 θεοὺς.

2423 5560 2510 5613 διά
2538 5559 2597 5611 δέ
2634 5560 2732 5623 τὰς
2765 5563 2842 5623 εἰς
2874 5560 3186 5633 ἀνθρώπους
3232 5558 3544 5630 εὐεργεσίας
3577 5555 3689 5627 (60)
3747 5562 3943 5618 τετυχη-

2422 5768 2603 5832 batur,
2640 5770 2765 5825 licet
2794 5771 2907 5824 haec
2942 5770 3099 5825 etiam
3131 5771 3287 5825 lectio
3317 5767 3445 5824 ferri
3473 5764 3661 5836 possit.

2491 5838 2599 5907 (60)
2637 5838 2766 5895 Post
2797 5841 3109 5901 εὐεογεσίας
3138 5839 3301 5896 Mont.
3334 5838 3454 5893 add.
3476 5834 3773 5891 ἀθανάτου.
