4028 6332
102 489 206 544 U7

1270 496 1354 550 nn
1368 496 1591 552 ama.
1619 483 1871 553 nunc.
1914 498 2037 553 LIB.
2079 498 2139 553 n.

3207 498 3307 553 H8

99 600 264 663 πιόντας
315 602 481 673 τιμῆς
534 604 630 657 καὶ
672 604 845 675 δόξης,
895 601 1004 660 οἷον
1060 607 1350 677 Ἡρακλέα,
1399 610 1659 675 Διόνυσον,

1775 610 2132 666 Atlantiorum
2166 612 2445 683 theologia:
2470 628 2679 667 summa
2702 612 2863 667 veluti
2884 614 3080 684 capita,
3113 615 3307 684 quibus

112 689 443 759 Ἀρισταῖον,
477 691 570 744 καὶ
600 694 724 757 τοὺς
755 695 943 759 ἄλλους
985 698 1109 761 τοὺς
1141 700 1405 762 τοιούτους
1446 699 1662 769 ὁμοίως.

101 777 236 850 Περὶ
268 780 331 834 δὲ
364 781 471 833 τῶν
504 783 759 850 ἐπιγείων
789 782 944 848 θεῶν,
974 786 1155 838 πολλοὶ
1185 789 1276 839 καὶ
1309 787 1537 845 ποικίλοι
1569 805 1668 840 πα-

106 866 417 936 ραδέδονται
449 868 593 937 λόγοι
639 870 787 941 παρὰ
816 876 927 935 τοῖς
971 876 1257 944 ἱστορικοῖς
1288 892 1345 927 τε
1374 876 1465 927 καὶ
1504 875 1667 945 μυθο-

102 954 360 1029 γράφοιςζ
391 962 497 1013 Καὶ
527 962 635 1016 τῶν
692 964 787 1033 μὲν
834 966 1141 1035 ἱστορικῶν,
1185 968 1461 1038 Εὐήμερος
1504 968 1532 1019 ὁ
1569 968 1665 1037 τὴν

106 1049 258 1118 ἱερὰν
285 1051 605 1123 ἀναγραφὴν
629 1054 1007 1125 ποιησάμενος,
1042 1057 1185 1121 ἰδίως
1226 1057 1497 1128 ἀνέγραψε
1520 1074 1534 1087 ·
1559 1056 1665 1110 τῶν

102 1135 157 1188 δὲ
202 1137 534 1207 μυθολόγων,
565 1143 829 1213 Ὅμηρος,
852 1144 945 1196 καὶ
988 1145 1245 1209 Ἡσίοδος,
1278 1146 1373 1198 καὶ
1418 1146 1662 1216 Ὀρφεὺς,

107 1226 198 1277 καὶ
242 1226 425 1298 ἕτεροι
472 1229 704 1283 τοιοῦτοι
749 1234 1243 1309 τερατωδεστέρους
1295 1236 1492 1305 μύθους
1539 1238 1666 1307 περὶ

108 1315 243 1370 θεῶν
270 1320 628 1377 πεπλάκασιν.
672 1324 855 1395 Ἡμεῖς
877 1325 932 1377 δὲ
955 1327 1021 1379 τὰ
1046 1327 1172 1397 παρ’
1198 1328 1519 1398 ἀμφοτέροις
1543 1329 1665 1379 ἀνα-

103 1411 461 1495 γεγραμμένα
490 1415 856 1484 πειρασόμεθα
888 1420 1161 1486 συντόμως
1186 1419 1664 1489 ὲπιδραμεῖν,λστο-

105 1499 391 1570 χαζόμενοι
422 1502 520 1572 τῆς
554 1505 1229 1579 συμμετρίας.ἶΕὺήμερος
1273 1511 1368 1579 μὲν
1394 1507 1484 1563 οὖν
1518 1513 1665 1581 φίλος

106 1589 345 1658 γεγονὼς
368 1593 715 1665 Καασάνδρου
748 1595 1024 1665 βασιλέως,
1060 1598 1150 1651 καὶ
1190 1598 1276 1652 διὰ
1317 1600 1503 1654 τοῦτον
1533 1603 1664 1671 ἠνα-

105 1682 408 1753 γιασμένος
428 1684 598 1738 τελεῖν
628 1685 907 1756 βασιλικάς
929 1706 1077 1752 τινας
1098 1692 1283 1759 χρείας
1306 1692 1398 1743 καὶ
1424 1694 1663 1762 μεγάλας

107 1772 429 1844 ἀτωδημίας,
464 1777 627 1845 φησὶν
676 1779 1059 1849 ὲκτοπισθῆναι
1110 1782 1248 1833 κατά
1293 1782 1392 1852 τὴν
1450 1800 1661 1854 μεσημ-

107 1864 273 1933 δρίαν
302 1867 377 1929 είς
406 1866 495 1919 τὸν
552 1868 817 1923 Ὠκεανόν.
867 1870 1262 1931 Ἐκπλεύσαντα
1306 1872 1362 1926 δὲ
1409 1874 1569 1927 αὑτὸν
1600 1876 1663 1927 ἐκ

1771 703 1917 772 ipsos
1960 718 2175 773 quoque
2220 702 2435 759 Graecos
2479 706 2553 758 uti
2607 705 2793 761 solitos
2836 722 2955 761 esse
3011 706 3243 759 tradunt.
3282 726 3299 757 ι

1767 794 2037 851 Hactenus
2062 794 2326 850 Diodorus
2353 796 2706 850 Historiarum
2724 797 2991 852 volumine
3011 798 3187 861 tertio,
3215 802 3306 867 qui

1767 886 2007 955 ejusdem
2052 886 2229 955 Operis
2259 896 2410 941 sexto
2439 888 2577 941 hanc
2607 888 2774 955 ipsam
2804 888 2869 941 de
2895 890 3174 941 numinum
3219 903 3308 939 ra-

1765 975 1912 1031 tione
1936 978 2250 1031 sententiam
2279 978 2519 1032 Evemeri
2547 978 2827 1046 cujusdam
2853 977 3099 1032 Messenii
3130 978 3307 1033 verbis

1767 1067 2182 1135 testimonioque
2212 1069 2527 1131 conﬁrmat,
2562 1069 2630 1120 ita
2663 1068 2941 1123 scribens:
2982 1086 3000 1116 ι
3040 1066 3304 1129 Deorum,

1766 1158 1957 1227 inquit,
2005 1158 2250 1213 notiones
2299 1160 2526 1226 posteris
2570 1159 2683 1212 suis
2721 1168 2926 1213 veteres
2979 1158 3307 1211 tradiderunt
3378 1184 3382 1199 ι

1766 1249 1990 1303 omnino
2035 1250 2211 1303 duas:
2260 1250 2396 1303 alios
2442 1250 2585 1302 enim
2630 1249 2985 1317 sempiternos
3033 1258 3086 1302 et
3134 1248 3333 1302 omnis

1764 1350 2011 1408 expertes
2048 1341 2293 1394 interitus
2325 1355 2443 1394 esse
2473 1339 2697 1402 dicunt,
2750 1339 3051 1409 cujusmodi
3094 1338 3259 1393 solem
3290 1379 3305 1401 ,

1766 1431 1973 1495 lunam,
2003 1446 2065 1484 ac
2096 1431 2298 1500 reliqua
2334 1430 2455 1484 coeli
2482 1438 2622 1482 astra
2655 1435 3105 1489 commemorant,
3153 1422 3308 1483 item-

1764 1535 1869 1588 que
1901 1529 2110 1584 ventos,
2143 1530 2303 1587 atque
2333 1520 2383 1573 id
2422 1536 2589 1588 genus
2634 1530 2890 1582 caeteros,
2938 1519 3030 1588 qui
3077 1517 3304 1571 similem

1764 1610 1832 1664 iis
1866 1623 2110 1673 naturam
2148 1610 2325 1665 sortiti
2357 1611 2500 1664 sint:
2536 1611 2738 1663 nullum
2768 1611 2907 1663 enim
2943 1610 3165 1662 istorum
3210 1624 3306 1664 nec

1765 1711 1916 1755 ortus
1954 1702 2039 1754 sui
2074 1701 2395 1769 principium
2434 1700 2719 1766 habuisse,
2754 1716 2853 1755 nec
2882 1700 3177 1754 desiturum
3203 1715 3305 1752 un-

1765 1805 1925 1859 quam
1957 1804 2077 1843 esse
2110 1808 2121 1841 :
2158 1788 2295 1842 alios
2340 1803 2487 1851 vero,
2520 1789 2714 1842 terreni
2764 1803 2886 1842 cum
2933 1788 3042 1842 nati
3090 1796 3305 1848 essent,

1764 1892 1943 1936 tamen
1972 1892 2189 1951 propter
2218 1896 2279 1934 ea
2316 1879 2606 1945 beneﬁcia,
2630 1880 2827 1946 quibus
2851 1921 2865 1945 ,
2897 1879 3172 1931 hominum
3203 1879 3303 1933 sibi

106 1955 203 2025 τῆς
244 1957 553 2028 εὐδαίμονος
596 1959 869 2030 Ἀραϐίας,
908 1963 1231 2032 ποιήσασθαι
1276 1963 1366 2016 τὸν
1410 1962 1574 2017 πλοῦν
1598 1964 1659 2017 δι¹

1766 1992 1935 2045 genus
1966 1976 2390 2039 obstrinxerant,
2423 1974 2625 2029 cultum
2658 1982 2712 2026 et
2767 1972 2987 2042 gloriam
3039 1987 3301 2026 consecu-

118 2047 368 2101 Ὠκεανοῦ
398 2049 611 2114 πλείους
643 2052 875 2122 ἡμέρας,
908 2054 1002 2105 καὶ
1035 2053 1452 2124 προσενεχθῆναι
1481 2056 1659 2124 νήσοις

103 2137 376 2205 πλαγίαις·
394 2133 467 2192 ὧν
485 2140 610 2210 μίαν
639 2142 945 2214 ὑπερέχειν,
975 2144 1073 2214 τὴν
1090 2145 1493 2214 ὀνομαζομένην
1522 2145 1660 2212 Παγ-

105 2227 289 2295 χαίαν,
324 2231 378 2282 έν
484 2230 766 2286 τεθεᾶσθαι
812 2236 936 2294 τοὺς
981 2234 1316 2297 ἐνοικοῦντας
1360 2234 1661 2305 Παγχαίους

105 2319 355 2391 εὐσεϐείᾳ.
384 2322 753 2393 διαφέροντας,
800 2325 892 2376 καὶ
922 2326 1047 2389 τοὺς
1076 2325 1229 2389 θεοὺς
1267 2326 1535 2396 τιμῶντας
1568 2344 1661 2397 με-

104 2412 637 2483 γαλοπρεπεστάταις
673 2414 903 2478 θυσίαις,
949 2416 1043 2469 καὶ
1089 2417 1426 2491 ἀναθήμασιν
1456 2417 1659 2483 ἀξιολό-

103 2519 239 2570 τοις,
270 2505 520 2575 ἀργυροῖς
559 2522 617 2557 τε
657 2506 749 2558 καὶ
779 2506 1024 2577 χρυσοῖς·
1061 2502 1198 2559 εἶναι
1241 2507 1296 2559 δὲ
1340 2507 1435 2577 τὴν
1498 2505 1657 2576 νῆσον

112 2594 260 2666 ίεράν
293 2595 445 2651 θεῶν.
479 2599 590 2651 Καὶ
631 2598 791 2669 ἕτερα
821 2598 989 2651 πλείω
1022 2598 1403 2669 θαυμαζόμενα
1432 2599 1570 2651 κατά
1600 2616 1659 2651 τε

104 2688 199 2756 τὴν
218 2688 561 2760 ἀρχαιότητα,
584 2692 677 2744 καὶ
696 2692 795 2763 τὴν
816 2692 912 2762 τῆς
932 2692 1269 2761 κατασκευῆς
1290 2690 1659 2762 πολυτεκνίαν,

114 2782 238 2851 περὶ
265 2775 339 2834 ὧν
366 2782 432 2835 τὰ
462 2783 603 2836 κατὰ
634 2785 821 2855 μέρος,
851 2786 908 2835 έν
940 2787 1059 2847 ταῖς
1091 2784 1197 2855 πρὸ
1227 2783 1429 2852 ταύτης
1460 2782 1659 2851 βίϐλοις

106 2870 579 2944 ἀναγεγράφαμεν·
620 2871 756 2927 εἶναι
788 2874 833 2927 δ’
876 2877 934 2927 έν
976 2876 1111 2945 αὐτῇ
1154 2876 1295 2928 κατά
1337 2892 1457 2928 τινα
1503 2876 1659 2943 λόφον

109 2962 301 3033 ὑψηλὸν
335 2965 451 3017 καθ’
481 2964 804 3037 ὑπερϐολὴν,
841 2965 982 3036 ἱερὸν
1012 2965 1136 3027 Διὸς
1174 2963 1524 3035 Τριφυλαίου,
1556 2983 1657 3018 κα-

107 3052 412 3123 θιδρυμένον
442 3056 533 3108 ὑπ’
562 3054 749 3119 αὑτοῦ,
780 3054 899 3108 καθ’
925 3055 982 3108 ὂν
1015 3054 1201 3125 καιρὸν
1227 3055 1537 3107 ἐϐασίλευσε
1560 3055 1658 3124 τῆς

108 3144 417 3215 οἰκουμένης
462 3146 809 3215 ἀπάσης,ἕτι
861 3148 999 3201 κατὰ
1051 3145 1365 3217 ἀνθρώπους
1416 3146 1509 3199 ὥν.
1572 3149 1659 3201 Ἑν

108 3235 276 3306 τούτῳ
300 3234 375 3305 τῷ
418 3236 549 3307 ίερῷ
579 3238 778 3307 στήλην
810 3232 948 3291 εἶναι
976 3238 1199 3309 χρυσῆν,
1234 3240 1291 3291 ἐν
1402 3244 1510 3303 τοῖς
1549 3242 1659 3293 Πα·

109 3329 308 3397 γχαίοις
351 3328 670 3398 γράμμασιν
718 3330 980 3399 ὑπάρχειν
1023 3332 1411 3401 γεγραμμένας
1459 3334 1557 3395 τάς
1602 3350 1658 3385 τε

109 3420 337 3490 Οὐρανοῦ
365 3421 457 3473 καὶ
486 3420 694 3489 Κρόνου
725 3423 819 3474 καὶ
852 3423 969 3485 Διὸς
1000 3423 1224 3492 πράξεις
1256 3424 1653 3491 κεφαλαιωδῶς.

109 3510 256 3568 Μετά
285 3510 454 3566 ταῦτά
502 3528 632 3581 φησι
669 3512 879 3581 πρῶτον
911 3512 1148 3583 Οὐρανὸν
1183 3513 1402 3583 βασιλέα
1440 3515 1658 3583 γεγονέ-

112 3616 213 3666 ναι,
239 3602 451 3673 επιεικῆ
479 3619 598 3655 τινα
630 3601 798 3670 ἄνδρα
828 3603 921 3654 καὶ¹
952 3604 1268 3674 εὐεργέτην,
1302 3607 1395 3659 καὶ
1424 3606 1522 3675 τῆς
1551 3606 1658 3660 τῶν
1696 3619 1699 3621 ‘

110 3690 313 3763 ἄστρων
352 3694 616 3763 κινήσεως
654 3692 1008 3763 ἐπιστήμονα.
1055 3694 1149 3746 Ὃν
1187 3696 1281 3747 καὶ
1322 3695 1531 3765 πρῶτον
1565 3695 1657 3748 θυ-

113 3783 246 3847 σίαις
276 3786 500 3855 τιμῆσαι
530 3786 652 3846 τοὺς
676 3782 955 3853 οὐρανίους
988 3781 1163 3847 θεοὺς,
1189 3785 1267 3839 διὸ
1305 3789 1397 3840 καὶ
1424 3789 1659 3860 Οὐρανὸν

110 3877 615 3946 προσαγορευθῆναι.
654 3875 814 3937 Υίοὺς
841 3874 897 3927 δὲ
938 3873 1085 3943 αὐτῷ
1116 3877 1365 3943 γενέσθαι
1408 3881 1517 3933 ἀπὸ
1561 3899 1658 3949 γυ-

112 3966 284 4031 ut»);
340 3966 570 4031 Ἑστίας,
616 3967 766 4019 Πᾶνα
820 3966 913 4018 καὶ
962 3964 1199 4035 Κρόνον·
1238 3966 1537 4041 θυγατέρας
1581 3972 1658 4035 δὲ,

123 4055 274 4113 Ῥέαν
312 4061 405 4113 καὶ
440 4061 750 4131 Δήμητραν.
802 4058 1004 4129 Κρόνον
1054 4056 1111 4109 δὲ
1161 4056 1473 4127 βασιλεῦσαι
1524 4064 1660 4132 μετὰ

113 4150 369 4220 οὐρανὸν,
425 4152 518 4205 καὶ
570 4152 820 4221 γήμαντα
890 4150 1043 4203 Ῥέαν
1095 4152 1349 4223 γεννῆσαι
1401 4153 1497 4207 Δία
1564 4157 1658 4209 καὶ

116 4234 298 4308 Ἦραν,
328 4240 425 4294 καὶ
450 4239 773 4294 Ποσειδῶνα.
814 4240 917 4293 Τὸν
952 4240 1006 4293 δὲ
1032 4242 1131 4295 Δία
1160 4242 1537 4322 διαδεξάμενον
1560 4247 1659 4316 τὴν

118 4326 375 4395 βασιλείαν
413 4331 507 4384 τοῦ
535 4332 766 4404 Κρόνου,
793 4332 970 4403 χῆμαι
1000 4333 1197 4405 ”Ηραν,
1232 4336 1325 4388 καὶ
1351 4337 1655 4407 Δήμητραν,

118 4420 198 4471 καὶ
227 4419 524 4490 Θέμιν-’ἐξ
553 4415 629 4478 ὧν
654 4422 847 4487 παῖδας
875 4425 1220 4497 ποιήσασθαι,
1248 4428 1532 4496 Κουρῆτας
1561 4426 1659 4496 μὲν

117 4509 210 4565 ἀπὸ
236 4512 333 4581 τῆς
381 4512 623 4583 πρώτης,
660 4516 1002 4589 Περσεφόνην
1053 4518 1109 4571 δὲ
1142 4520 1205 4571 ὲκ
1248 4519 1342 4588 τῆς
1380 4517 1655 4587 δευτέρας,

1763 2078 1845 2124 tos
1871 2067 2060 2131 fuisse,
2086 2082 2315 2137 quorum
2342 2067 2395 2120 in
2426 2080 2651 2120 numero
2678 2064 2977 2129 Herculem,
3007 2064 3294 2122 Bacchum.

1758 2159 2067 2222 Aristaeum,
2097 2173 2218 2212 cum
2249 2157 2369 2227 aliis
2392 2198 2407 2221 ,
2439 2171 2666 2227 quorum
2701 2156 3094 2211 similis'causa
3141 2165 3256 2209 erat
3276 2195 3295 2219 ,

1760 2257 2073 2319 posuerunt.
2106 2248 2368 2303 Caeterum
2400 2249 2567 2301 multa
2594 2263 2723 2301 sane
2769 2247 3166 2314 admodumque
3209 2262 3294 2297 vu-

1759 2341 1839 2392 ria
1870 2340 1935 2393 de
1962 2340 2190 2393 terrenis
2234 2339 2381 2394 hisce
2416 2340 2725 2393 numinibus
2752 2354 2873 2401 cum
2905 2336 3159 2397 historici,
3191 2346 3301 2388 tum

1760 2428 2060 2483 fabularum
2085 2444 2298 2497 quoque
2319 2430 2608 2497 scriptores
2646 2430 2914 2484 memoria:
2937 2428 3303 2498 prodiderunt.

1762 2517 2054 2573 Evemerus
2088 2520 2303 2589 quidem
2351 2520 2488 2574 inter
2527 2522 2813 2575 historicos
2842 2562 2856 2584 ,
2891 2522 2943 2574 in
2976 2536 3127 2574 sacra
3173 2521 3260 2573 illa
3285 2561 3302 2585 ,

1765 2624 1928 2677 quam
1963 2610 2217 2679 scripsit,
2252 2610 2475 2666 historia
2520 2614 2794 2681 proprium
2831 2613 2929 2665 hoc
2971 2612 3070 2665 sibi
3108 2611 3303 2679 delegit

1761 2708 2136 2768 argumentum
2166 2719 2179 2754 :
2207 2717 2272 2755 ex
2302 2704 2476 2771 poetis
2497 2712 2673 2757 autem
2703 2702 2989 2767 Homerus,
3020 2702 3302 2767 Hesiodus,

1758 2791 2009 2861 Orpheus
2039 2807 2103 2846 ac
2130 2795 2332 2860 caeteri,
2360 2795 2557 2864 quibus
2592 2795 2783 2849 fabula:
2804 2795 3150 2865 placuerunt,
3180 2808 3306 2863 pro-

1759 2882 1969 2951 digiOsa
1998 2872 2244 2952 quaedam
2290 2886 2654 2954 monstrisque
2699 2886 2892 2940 similia
2926 2885 2993 2939 de
3032 2885 3135 2939 diis
3164 2898 3309 2938 com-

1760 2977 1940 3022 menta
1973 2970 2329 3026 somniarunt.
2359 2970 2467 3027 Nos
2500 2988 2629 3027 vero
2654 2990 2773 3044 qum
2798 2974 2865 3027 ab
2909 2984 3135 3042 utroque
3164 2972 3303 3027 scri-

1759 3068 1975 3125 ptorum
2026 3075 2222 3131 genere
2282 3065 2587 3133 accepimus
2621 3107 2635 3129 ,
2700 3074 2758 3118 ut
2803 3065 3019 3119 modum
3070 3064 3301 3132 aliquem

1759 3158 2079 3219 teneamus,
2131 3156 2363 3210 breviter
2410 3173 2472 3211 ea
2526 3159 2941 3225 summatimque
2994 3170 3301 3225 percurrere

1759 3243 2102 3298 conabimur.
2135 3244 2425 3313 Evemerus
2455 3248 2621 3316 igitur
2666 3248 2803 3316 quod
2841 3248 2980 3316 regis
3012 3247 3299 3300 Cassandri

1760 3337 1968 3391 amicus
1994 3347 2156 3402 esset,
2187 3352 2307 3393 cum
2341 3339 2459 3406 ejus
2501 3353 2663 3392 causa
2705 3339 2846 3406 regia
2882 3338 3120 3407 quaedam
3154 3338 3302 3391 obire

1759 3427 1966 3495 munia,
2000 3438 2053 3484 et
2098 3430 2418 3499 longinquas
2453 3429 2731 3483 instituere
2761 3429 2868 3498 60
2916 3428 3301 3497 peregrinatio-

1760 3534 1859 3575 nes
1884 3528 2165 3590 cogeretur
2188 3562 2201 3585 ,
2236 3536 2352 3574 sese
2404 3520 2454 3573 in
2502 3518 2772 3573 Oceanum
2808 3519 3096 3588 aliquando
3139 3520 3300 3572 meri-

1760 3611 1900 3665 diem
1923 3626 2113 3666 versus
2138 3612 2369 3667 delatum
2389 3625 2507 3665 esse
2532 3620 2948 3665 commemorat:
2974 3624 3093 3679 eum
3124 3620 3301 3663 autem

1758 3719 1823 3757 ex
1855 3702 2012 3758 felice
2049 3704 2249 3759 Arabia
2283 3704 2577 3768 solvisset,
2622 3704 2819 3758 multos
2848 3705 2901 3755 in
2934 3701 3145 3757 Oceano
3189 3702 3305 3755 dies

1758 3796 2113 3863 navigationis
2137 3812 2353 3851 cursum
2394 3798 2650 3861 tenuisse,
2678 3797 2850 3850 donec
2871 3796 2935 3849 ad
2968 3806 3302 3849 transversas

1760 3886 2022 3956 quasdam
2072 3894 2127 3941 et
2152 3887 2400 3954 obliquas
2430 3887 2638 3941 Insulas
2662 3888 2983 3954 appelleret,
3014 3902 3078 3939 ex
3106 3887 3300 3954 quibus

1758 3990 1843 4040 ea,
1876 3990 1997 4046 qua
2028 3975 2236 4030 caeteris
2269 3974 2557 4038 eminebat,
2586 3973 2847 4028 Panehza
2874 3973 3166 4027 dicebatur.
3204 3971 3300 4024 Hic

1759 4081 1885 4122 vero
1914 4082 1972 4122 se
1993 4064 2286 4120 Panchaeos
2318 4065 2586 4119 insulares
2614 4063 2831 4127 vidisse,
2875 4064 2965 4129 qui
3012 4064 3205 4133 pietate
3237 4080 3300 4117 ac

1761 4158 2019 4230 religione
2052 4165 2393 4229 praestarent,
2427 4158 2661 4228 deosque
2690 4155 2973 4226 magniﬁco
3014 4156 3299 4209 admodum

1760 4250 2150 4306 sacriﬁciorum
2216 4258 2475 4319 apparatu
2508 4290 2523 4316 ,
2588 4246 2851 4317 donisque
2904 4246 3302 4314 pretiosissimis

1759 4356 1895 4397 auro
1940 4351 2269 4411 argentoque
2322 4338 2648 4409 fulgentibus
2694 4342 3092 4390 venerarentur.
3154 4332 3302 4387 Hane

1758 4433 1922 4502 igitur
1951 4431 2322 4486 insulamdiis
2352 4444 2560 4483 sacram
2605 4442 2725 4481 esse
2748 4465 2763 4489 ,
2798 4427 2851 4485 in
2881 4442 2987 4495 qua
3022 4440 3143 4479 cum
3195 4426 3298 4477 alia

1758 4524 2015 4591 pleraque
2074 4522 2393 4583 viserentur,
2448 4534 2568 4588 qua:
2630 4518 3041 4571 admirationem
3107 4517 3301 4584 partim

126 4600 338 4672 Ἀθηνᾶν
372 4602 430 4655 δὲ
469 4604 578 4657 ἀπὸ
610 4606 709 4676 τῆς
744 4609 955 4679 τρίτης.
1004 4609 1254 4663 Ἐλθόντα
1285 4610 1341 4662 δὲ
1370 4611 1448 4671 εἰς
1482 4608 1655 4660 Βαϐυ-

1760 4622 2024 4668 vetustate
2056 4627 2269 4673 rer-um,
2300 4612 2492 4679 partim
2523 4610 2779 4680 singulari
2818 4609 2948 4663 artis
2986 4607 3297 4661 excellentia

116 4693 263 4759 35”“,
290 4693 675 4767 ἐπιξενωθῆναι
717 4698 871 4769 Βήλῳ
890 4718 903 4730 ·
948 4702 1041 4753 καὶ
1076 4702 1209 4771 μετά
1254 4700 1436 4753 ταῦτα
1454 4701 1531 4762 εἰς
1561 4699 1659 4766 τὴν

1760 4713 2148 4760 eommoverent
2178 4744 2193 4767 ,
2239 4718 2468 4772 quzeque
2506 4702 2873 4770 superioribus
2930 4698 3079 4753 libris
3122 4712 3300 4765 perse-

114 4782 380 4857 Ῐίάγχαιαν
421 4786 580 4855 νῆσον
629 4789 763 4860 πρὸς
808 4792 1041 4861 Ὠκεανῷ
1082 4793 1347 4863 κειμένην
1369 4792 1661 4862 παραγενό-

117 4888 280 4941 μενον,
308 4874 550 4947 Οὐρανοῦ
579 4875 673 4928 τοῦ
702 4876 829 4931 ίδίου
865 4882 1204 4951 προπάτορος
1236 4880 1413 4951 βωμδν
1445 4881 1656 4952 ἱδρύσα-

115 4964 241 5019 σθαι.
306 4966 571 5020 Κάκεῖθεν
628 4966 715 5021 διὰ
768 4969 965 5039 Συρίας
1005 4970 1178 5033 ἐλθεῖν
1224 4974 1358 5045 πρὸς
1399 4973 1489 5025 τὸν
1539 4974 1654 5025 τότε

114 5060 361 5134 δυνάστην
411 5066 667 5130 Κάσσιον,
729 5065 788 5129 ἐξ
836 5060 894 5119 οῦ
949 5067 1043 5121 καὶ
1090 5064 1151 5121 τὸ
1210 5070 1446 5123 Κάσσιον
1510 5063 1653 5139 ὅρος.⁴

125 5151 362 5208 Ἐλθόντα
420 5156 477 5210 δὲ
534 5159 616 5221 είς
671 5158 941 5224 Κιλικίαν,
1009 5159 1241 5230 πολέμῳ
1276 5163 1489 5231 νικῆσαι
1555 5162 1655 5216 Κί-

114 5236 222 5294 λικα
254 5239 552 5313 τοπάρχην.
606 5245 717 5299 Καὶ
772 5245 901 5299 ἀλλα
948 5245 1003 5298 δὲ
1055 5246 1281 5304 πλεῖστα
1329 5249 1454 5321 ἔθνη
1501 5250 1655 5304 ἐπελ-

115 5329 258 5384 θόντα
290 5332 420 5402 παρ’
457 5332 628 5391 ἅπασι
653 5337 963 5409 τιμηθῆναι,
1005 5338 1097 5390 καὶ
1132 5338 1250 5393 θεὸν
1291 5343 1654 5413 ἀναγορευθῆι-

112 5430 202 5478 ιιι.
229 5443 250 5475 ι
281 5423 463 5478 Ταῦτα
481 5426 577 5479 καὶ
596 5434 665 5482 τὰ
688 5429 894 5493 τούτοις
930 5431 1275 5501 παραπλήσια
1299 5434 1373 5496 ὼς
1391 5437 1519 5504 περὶ
1538 5435 1656 5503 θνη-

111 5515 209 5569 τῶν
227 5515 457 5589 ἀνδρῶν,
483 5519 738 5588 περὶτῶν
762 5522 897 5576 θεῶν
922 5523 1160 5582 διελθὼν,
1187 5525 1433 5593 ἐπιφέρει
1460 5525 1652 5592 λέγων’

117 5625 131 5655 ι
152 5609 265 5670 Καὶ·
285 5609 412 5678 περὶ
445 5609 545 5680 μὲν
560 5610 840 5681 Εὐημέρου
870 5615 959 5667 τοῦ
980 5616 1375 5683 συνταξαμένου
1395 5616 1489 5682 τὴν
1510 5617 1655 5684 ἱερὰν

110 5697 435 5772 ἀναγραφὴν,
466 5702 909 5772 ἀρκεσθησόμεθα
933 5712 1041 5771 τοῖς
1070 5708 1293 5778 ῥηθεῖσι.
1323 5705 1401 5756 Τὰ
1424 5706 1478 5756 δε
1511 5708 1655 5775 παρὰ

110 5795 209 5856 τοῖς
235 5793 458 5865 Ἕλλησι
513 5794 945 5865 μυθολογούμενα
992 5802 1115 5869 περὶ
1166 5797 1319 5862 θεῶν,
1355 5797 1656 5858 ἀκολούθως

117 5876 332 5957 Ἡσιόδῳ
366 5887 458 5939 καὶ
502 5888 721 5958 Ὁμήρῳ
756 5888 844 5940 καὶ
876 5890 1075 5960 Ὀρφεῖ,
1124 5887 1487 5961 πειρασόμεθα
1533 5906 1656 5942 συν-

1752 4797 1863 4852 cuti
1924 4808 2153 4856 sumus;
2208 4803 2321 4846 tum
2368 4794 2422 4845 in
2479 4793 2707 4861 quodam
2762 4791 2953 4843 mirum
2986 4787 3039 4839 in
3081 4784 3299 4840 modum

1755 4888 1902 4943 edito
1947 4886 2084 4940 colle
2138 4884 2286 4939 Jovis
2347 4883 2628 4952 Triphylaai
2683 4880 2935 4948 templum
3000 4879 3066 4931 ab
3112 4878 3297 4932 eodem

1756 4980 1883 5033 olim
1938 4978 2066 5031 dum
2122 4977 2299 5030 adhuc
2350 4977 2488 5027 inter
2535 4972 2777 5027 homines
2824 4978 3044 5039 ageret,
3080 4968 3301 5037 orbique

1757 5079 2023 5123 terrarum
2082 5067 2403 5135 impera-ret,
2456 5061 2768 5115 excitatum.
2821 5058 2877 5111 In
2928 5059 3032 5113 hoc
3076 5073 3297 5112 aureum

1756 5163 1971 5229 cippum
2002 5159 2189 5220 fuisse,
2221 5158 2314 5226 qui
2347 5169 2432 5209 res
2474 5170 2503 5206 a
2548 5152 2685 5207 cmlo
2712 5194 2725 5217 ,
2759 5151 2992 5205 Saturno
3016 5189 3030 5212 ,
3075 5164 3139 5202 ac
3171 5146 3300 5200 Jove

1756 5251 2010 5319 praeclare
2054 5256 2232 5319 gestas
2272 5244 2591 5307 Panehaicis
2625 5244 2813 5298 litteris
2836 5240 3141 5296 summatim
3172 5252 3300 5291 exa-

1754 5348 1900 5393 ratas
1925 5340 2241 5393 contineret.
2282 5333 2489 5399 Quibus
2516 5332 2794 5402 subjungit
2832 5330 3027 5385 coelum
3050 5326 3296 5379 omnium

1756 5431 2050 5502 principem
2083 5443 2335 5498 regnasse
2361 5467 2374 5491 ,
2410 5428 2586 5481 virum
2631 5434 2692 5479 ut
2733 5437 2956 5479 summa;
2988 5421 3298 5490 aequitatis,

1757 5520 1833 5575 sic
1859 5517 2205 5585 benignitatis
2232 5517 2282 5567 in
2311 5530 2499 5569 omnes
2528 5514 2736 5569 eximiae
2758 5554 2771 5576 ,
2822 5511 3022 5579 quique
3064 5511 3295 5563 siderum

1756 5622 1935 5666 motus
1970 5618 2021 5661 et
2047 5608 2424 5661 conversiones
2452 5606 2690 5673 apprime
2723 5604 2968 5663 calleret,
3017 5603 3299 5670 ipsumque

1758 5703 1891 5755 adeo
1920 5699 2058 5768 quod
2111 5699 2316 5765 primus
2347 5698 2625 5751 sacriﬁciis
2659 5694 2893 5747 cinlestia
2941 5694 3155 5747 numina
3208 5708 3307 5744 eo-l

1756 5794 1963 5853 luisset,
1991 5790 2108 5844 ωειλ
2132 5799 2544 5859 cognomentum
2568 5787 2853 5841 invenisse.
2876 5786 3129 5839 Eunulem
3159 5784 3296 5835 ﬁlios

1754 5902 1821 5942 ex
1854 5883 2011 5939 Vesta
2047 5882 2272 5951 conjuge
2322 5879 2455 5935 duos
2485 5878 2737 5933 habuisse
2791 5876 2983 5932 Panem
3020 5885 3070 5930 et
3107 5874 3293 5926 Satur-
