4028 6332
109 411 208 465 121

1315 408 1639 468 ΡΒᾸὶΡΑΒ.
1684 406 1935 464 EVANG.
1971 410 2096 466 LIB.
2131 412 2198 467 ll.

3276 415 3378 473 122

109 530 282 603 κακῆς
317 534 405 587 τὰ
437 536 679 608 ἀχρηστα
713 535 1034 608 χρηστήρια,
1077 533 1165 588 τὴν
1203 534 1459 606 Κλάριον,
1502 534 1590 585 τὸν
1617 531 1707 584 Πύ-

1830 531 1970 588 fastu
2007 549 2132 589 sero
2177 534 2324 601 licet,
2352 535 2528 605 palam
2565 541 2744 590 tamen
2784 537 3077 607 aliquando
3121 539 3376 608 spoliatas

111 626 257 689 Εισν,
292 628 409 682 τὸν
447 629 800 700 Διδυμέα,τὸν
823 631 1175 701 Ἀμφιάραον,
1210 630 1299 683 τὸν
1327 629 1565 682 Ἀπόλλω
1589 628 1721 697 (65),

113 719 208 772 τὸν
255 721 628 792 Ἀμφίλοχον,
656 724 703 775 εἰ
732 722 787 775 δὲ
817 721 993 790 βούλει
1018 723 1110 774 καὶ
1149 721 1597 792 τερατοσκόπους,
1633 719 1724 770 καὶ

112 815 573 878 οἰωνοσκόπους,
608 816 701 867 καὶ
745 816 867 878 τοὺς
905 814 1126 886 ὀνείρων
1174 813 1362 883 κριτὰς
1407 813 1532 875 τοὺς
1575 810 1718 864 ἀνιέ-

120 919 256 974 (non;
288 903 425 976 (66)
462 907 552 959 σὺν
579 907 760 968 αὐτοῖς
781 926 792 937 ·
829 904 1021 974 στῆσον
1061 905 1115 957 δὲ
1152 903 1283 975 ὁμοῦ
1321 902 1471 973 παρὰ
1499 902 1588 957 τὸν
1617 902 1724 954 Πύ-

117 994 239 1048 θιον
274 996 451 1064 ἄγων
473 1000 595 1062 τοὺς
622 998 1056 1070 ἀλευρομάντεις,
1084 998 1176 1053 καὶ
1206 997 1602 1068 κριθομάντεις,
1634 997 1723 1049 καὶ

115 1088 256 1150 τοὺς
317 1089 499 1142 εἰσέτι
542 1091 692 1161 παρὰ
741 1093 852 1153 τοῖς
891 1089 1103 1152 πολλοῖς
1134 1087 1525 1158 τετιμημένους
1560 1088 1723 1154 ἐγγα-

122 1180 516 1249 στριμύθους·
551 1183 640 1235 ναὶ
679 1183 780 1252 μὴν
811 1182 975 1236 ἄδυτα
1006 1181 1334 1250 Αἰγυπτίων
1356 1181 1450 1234 καὶ
1503 1181 1719 1252 Τυρρη-

121 1270 233 1322 νῶν
305 1276 727 1341 νεκυομαντεῖαι
765 1273 938 1326 σκότει
995 1272 1431 1343 παραδεδόσθων’
1490 1271 1720 1342 μαντικὰ

123 1362 311 1414 ταῦτα
361 1365 444 1426 ὡς
475 1363 685 1435 ἀληθῶς
736 1363 1033 1435 ἀνθρώπων
1089 1366 1328 1419 ἀπίστων
1376 1367 1716 1436 σοφιστήρια,

91 1450 226 1506 ,κᾶὶ
285 1455 506 1526 πλάνης
556 1456 794 1527 ἀκράτου
840 1458 1168 1532 κυϐευτήρια
1209 1457 1339 1528 (67).
1387 1457 1717 1526 Συνέμποροι

126 1547 302 1615 τῆσδε
351 1549 450 1618 τῆς
487 1550 735 1620 γοητείας
767 1536 918 1619 αἶγες
947 1551 1038 1603 ἐπὶ
1084 1550 1344 1620 μαντικὴν
1390 1549 1714 1619 ἠσκημέναι,

125 1640 225 1690 καὶ
263 1641 509 1709 κόρακες
539 1642 841 1712 ἀνθρώποις
869 1643 1002 1714 χρᾷν
1037 1643 1126 1694 ὑπ’
1158 1640 1454 1712 ἀνθρώπων
1478 1641 1718 1694 διδασκό-

133 1743 318 1796 μενοι.
361 1732 426 1783 Τί
458 1732 520 1797 δ’,
570 1733 625 1784 εῐ
658 1749 739 1786 σοι
782 1733 1132 1802 καταλέγοιμι
1175 1733 1244 1798 τά
1272 1734 1572 1803 μυστήρια;
1620 1734 1717 1786 ούκ

127 1818 509 1892 ὲξορχὴσομαι
547 1823 646 1891 μὲν
672 1823 858 1895 ῶσπερ
893 1823 1230 1894 Ἀλκιϐιάδην
1271 1824 1515 1892 λέγουσιν
1537 1841 1549 1854 ·
1581 1825 1716 1877 ἀπο-

1827 621 2100 683 viderunt,
2145 632 2495 694 posteaquam
2540 625 2644 680 illa;
2689 627 2804 682 suis
2837 643 2958 681 cum
3009 627 3217 683 fabellis
3261 644 3379 684 om-

1827 711 1959 764 nino
1990 711 2362 767 difﬂuxissent.
2417 714 2647 769 Decanta
2680 727 2735 770 tu
2783 718 2960 780 nobis,
2987 733 3082 786 per
3112 735 3197 773 me
3227 720 3373 786 licet,

1826 801 2034 870 reliqua
2077 800 2478 859 vaticinationis
2523 813 2617 858 aut
2659 804 2876 860 furiosae
2905 809 3087 875 potius
3125 810 3376 866 vanitatis

1823 894 2063 957 oracula,
2084 891 2343 956 Clarium,
2373 893 2645 965 Pythium,
2673 895 3371 968 Didymea,Amphiaraum,

1821 983 2146 1052 Apollinem,
2192 985 2610 1055 Ampliilochum
2635 1006 2650 1042 :
2680 989 2787 1059 62
2834 991 2968 1045 adde
3003 993 3046 1045 si
3079 992 3221 1046 lubet
3248 1008 3374 1062 pro-

1820 1076 2089 1145 digiorum
2140 1077 2485 1146 interpretes,
2540 1080 2675 1134 adde
2715 1095 2966 1149 augures,
3012 1083 3371 1154 profanosque

1821 1168 2155 1222 somniorum
2192 1170 2549 1238 conjectores.
2581 1170 2720 1237 Quin
2748 1174 2942 1241 agesis,
2997 1190 3061 1230 ac
3090 1176 3248 1229 simul
3280 1192 3372 1232 eos

1819 1274 2003 1313 coram
2037 1259 2230 1332 Pythio
2262 1271 2457 1328 statue,
2502 1265 2593 1331 qui
2647 1263 3002 1319 divinationes
3038 1281 3164 1320 suas
3198 1267 3372 1322 farina

1821 1351 2092 1406 hordeove
2134 1353 2438 1422 perﬁciunt,
2474 1355 2677 1424 quique
2724 1371 2755 1408 a
2786 1356 3030 1425 plurimis
3078 1358 3371 1413 etiamnum

1818 1443 2178 1498 observantur
2224 1445 2615 1515 ventriloquos.
2673 1446 2792 1500 Jam
2837 1463 2964 1502 vero
3007 1458 3058 1502 et
3088 1448 3369 1520 Egyptio-

1818 1550 1937 1588 rum
1983 1536 2297 1604 penetralia,
2333 1547 2385 1590 et
2431 1538 2669 1590 manium
2707 1539 2847 1607 apud
2895 1538 3154 1596 Etruscos
3185 1543 3372 1597 vatici-

1816 1627 2064 1682 nationes
2107 1628 2160 1680 in
2194 1629 2434 1684 tenebris
2460 1630 2678 1698 jaceant
2709 1649 2720 1683 :
2753 1647 2964 1686 vesanae
2996 1635 3238 1702 profecto
3266 1635 3370 1688 illa:

1818 1729 1946 1773 sunt
1973 1719 2267 1774 infidelium
2310 1722 2589 1776 hominum
2623 1722 2837 1778 fallendi
2867 1736 3029 1789 artes,
3065 1736 3119 1781 et
3149 1743 3370 1798 compa-

1819 1821 1949 1866 ratae
1996 1812 2062 1865 ad
2106 1827 2297 1881 puram
2331 1825 2622 1884 putamque
2652 1814 2892 1870 fraudem
2937 1819 3093 1885 quasi
3137 1819 3266 1873 aleae
3305 1833 3370 1873 ac

130 1911 422 1980 γυμνὼσω
452 1913 505 1965 δὲ
531 1909 589 1968 εὖ
626 1915 770 1985 μάλα
797 1916 900 1970 ἀνά
920 1917 1010 1969 τὸν
1038 1917 1134 1986 τῆς
1157 1915 1408 1986 ἀληθείας
1440 1917 1592 1985 λόγον
1615 1917 1707 1988 τὴν

1816 1903 1978 1958 sortis
2023 1903 2266 1962 ofﬁcinae.
2319 1905 2570 1975 Ejusdem
2620 1925 2837 1977 quoque
2871 1907 3239 1964 fasciuationis
3281 1926 3371 1965 ve-

129 2007 401 2074 γοητείαν
431 2006 523 2077 τὴν
551 2009 1000 2080 ὲγκεκρυμμένην
1049 2011 1249 2073 αὐτοῖς,
1285 2012 1376 2064 καὶ
1421 2009 1614 2074 αύτούς
1650 2029 1712 2077 γε

129 2095 263 2158 τοὺς
295 2097 656 2169 καλουμένους
689 2099 842 2171 ὑμῶν
884 2101 1055 2166 θεοὺς,
1081 2095 1156 2154 ὧν
1188 2103 1244 2155 αἱ
1281 2101 1492 2156 τελεταὶ
1526 2119 1714 2171 μυστι-

130 2186 253 2250 καὶ,
283 2182 399 2240 οἷον
430 2190 520 2243 ἐπὶ
555 2190 763 2262 σκηνῆς
787 2191 880 2244 τοῦ
912 2192 1024 2262 βίου
1050 2193 1149 2262 τῆς
1175 2192 1426 2263 ἀληθείας
1452 2193 1714 2263 ὲγκεκλή-

132 2274 250 2328 σθω
309 2277 438 2346 (68)
493 2280 728 2344 θεαταῖς.
778 2281 1025 2335 Διόνυσον
1081 2284 1353 2352 Μαινόλην
1401 2283 1710 2353 ὀργιάζουσι

132 2364 372 2436 Βάκχοι,
401 2369 692 2440 ὠμοφαγίᾳ
721 2370 827 2442 ’τὴν
860 2373 1172 2443 ίερομανίαν
1187 2374 1404 2441 ἄγοντες
1422 2392 1434 2404 ·
1465 2376 1558 2427 καὶ
1573 2375 1710 2426 τελι-

134 2471 338 2511 σκουσι
369 2459 460 2523 τὰς
491 2463 819 2532 κρεανομίας
862 2463 969 2515 τῶν
1002 2463 1179 2535 φόρων
1207 2464 1339 2536 (69);
1371 2465 1707 2536 ἀνεστεμμέ-

134 2562 214 2597 νοι
250 2550 369 2610 τοῖς
412 2548 627 2617 ὄφεσιν·
668 2545 1075 2617 ἐπολολύζοντες
1108 2552 1251 2606 Εύάν
1280 2544 1510 2624 ἐκείνην,
1543 2554 1608 2608 δι’
1643 2556 1708 2625 ἢν

133 2635 170 2702 ἡ
199 2636 380 2708 πλάνη
429 2627 893 2712 παρηκολούθησε,
937 2643 1030 2694 καὶ
1067 2644 1096 2694 ὀ
1140 2641 1364 2705 θάνατος
1414 2643 1708 2713 ἐπηκολού-

136 2725 294 2796 θησε.
329 2731 432 2782 Καὶ
462 2735 686 2802 σημεῖον
708 2734 905 2803 ὀργίων
945 2733 1229 2804 Βακχικῶν
1265 2734 1386 2803 ὀφις
1416 2735 1535 2787 ἐστὶ
1556 2752 1707 2787 τετε-

136 2818 413 2890 λεσμένος.
435 2823 642 2877 Αὐτίκα
666 2825 791 2892 γοῦν
815 2825 951 2878 κατὰ
977 2824 1072 2895 τὴν
1091 2826 1288 2897 ἀκριϐῆ
1313 2827 1419 2879 τῶν
1447 2826 1706 2897 Ἐϐραίων

140 2912 343 2981 φωνὴν,
386 2915 446 2967 τὸ
492 2915 662 2986 ὄνομα
706 2916 766 2968 τὸ
814 2914 926 2968 Εὕα
956 2916 1310 2988 δασυνόμενον
1349 2918 1705 2988 ἑρμηνεύεται

137 2999 260 3068 ὄφις
291 3000 490 3072 θήλεια.
515 3003 641 3075 Δηὼ
671 3004 729 3057 δὲ
781 3005 872 3057 καὶ
898 3005 1045 3076 Κόρη
1078 3005 1259 3077 δρᾶμα
1284 3005 1381 3076 ἤδη
1416 3005 1703 3076 ἐγενέσθην

146 3091 419 3160 μυστικὸν,
451 3095 544 3147 καὶ
571 3095 671 3166 τὴν
700 3095 926 3165 πλάνην,
958 3099 1051 3149 καὶ
1091 3095 1189 3168 τὴν
1227 3095 1498 3168 ἁρπαγὴν,
1528 3097 1703 3150 καὶτὸ

1815 1995 1910 2048 luti
1943 1996 2324 2066 negotiationis
2368 1999 2527 2053 socia:
2573 2001 2871 2056 habeantur
2911 2017 3087 2070 caprae
3134 2003 3198 2055 ad
3227 2002 3367 2056 divi-

1814 2087 2050 2145 nandum
2083 2087 2401 2153 informatie,
2433 2106 2531 2145 nec
2558 2108 2667 2146 non
2697 2094 2841 2147 corvi
2874 2094 2971 2156 illi,
3007 2108 3144 2162 quos
3180 2094 3245 2148 ad
3281 2110 3368 2148 re-

1814 2193 2013 2247 sponsa
2059 2179 2330 2249 reddenda
2375 2171 2621 2236 homines
2662 2184 2926 2237 erudiere.
2969 2182 3109 2249 Quid
3153 2184 3198 2239 si
3250 2183 3368 2254 ipsa

1812 2284 2027 2340 quoque
2069 2273 2325 2339 mysteria
2378 2272 2472 2326 tibi
2515 2274 2836 2328 enucleem?
2879 2273 2996 2328 Non
3045 2291 3109 2330 ea
3150 2276 3366 2344 quidem

1812 2370 2012 2416 temere
2039 2363 2288 2431 vulgabo,
2320 2373 2379 2417 ut
2407 2365 2734 2419 Alcibiadem
2761 2365 2956 2424 fecisse
2990 2367 3237 2434 tradunt;
3273 2367 3367 2422 sed

1811 2460 1990 2507 tamen
2029 2454 2164 2509 belle
2196 2457 2491 2512 admodum
2527 2457 2788 2532 quidquid
2821 2459 2923 2513 sub
2957 2459 3024 2513 iis
3068 2459 3364 2529 prmstigia-

1808 2560 1928 2599 rum
1963 2546 2111 2613 latet,
2142 2550 2258 2618 ipsa
2289 2550 2534 2605 veritatis
2564 2551 2808 2605 oratione
2841 2551 3079 2616 nudabo,
3121 2568 3365 2623 quosque

1807 2634 1938 2689 deos
1973 2639 2297 2706 nuncupatis
2321 2654 2385 2692 ac
2413 2639 2656 2709 mysticis
2679 2640 2876 2696 ritibus
2909 2642 3107 2708 colitis,
3138 2642 3258 2696 illos
3286 2642 3365 2696 sic
3400 2629 3402 2631 ’

1809 2735 2063 2795 tanquam
2105 2727 2159 2780 in
2188 2729 2378 2798 .aliqua
2407 2730 2572 2799 hujus
2599 2733 2722 2784 vitae
2762 2747 2921 2786 scena
2959 2732 3200 2786 inclusos
3227 2732 3364 2785 veri-

1807 2818 1933 2873 tatis
1955 2818 2195 2889 ejusdem
2229 2829 2591 2888 spectatorum
2633 2823 2807 2876 oculis
2834 2822 3106 2891 objiciam.
3137 2822 3216 2877 Ac
3247 2824 3359 2890 pri-

1806 2925 1977 2977 mum,
2007 2925 2131 2965 ecce
2170 2911 2266 2966 tibi
2297 2912 2546 2967 homines
2574 2911 2776 2968 furoris
2803 2925 2970 2968 (nstro
3000 2915 3186 2983 perciti
3225 2913 3360 2969 Bac—

1805 3002 1964 3056 chum
2001 3001 2258 3058 Maanoleu
2307 3004 2641 3061 solemnibus
2685 3005 2863 3075 Orgiis
2891 3007 3180 3072 celebrant,
3235 3021 3360 3060 cru-

1802 3095 1993 3148 darum
2039 3097 2284 3149 carnium
2330 3097 2661 3153 helluatione
2700 3113 2909 3154 sacram
2941 3098 3207 3152 insaniam
3241 3114 3359 3167 per-

143 3181 335 3246 πὲνθος
367 3176 551 3238 αὐταῖν
587 3185 826 3251 Ἐλευσὶς
853 3187 1120 3260 δᾳδουχεῖ.
1158 3189 1265 3241 Καί
1319 3207 1405 3260 μοι
1440 3189 1584 3242 δοκεῖ
1632 3189 1702 3242 τὰ

1806 3195 2044 3253 agentes,
2082 3200 2453 3255 caesarumque
2500 3189 2837 3241 victimarum
2873 3197 3050 3256 partes
3089 3189 3352 3252 dividunt,

141 3271 318 3345 ὀργια,
355 3276 443 3328 καὶ
481 3263 560 3329 τά
589 3261 856 3350 μυστήρια
902 3281 1010 3334 δεῖν
1053 3283 1415 3352 ὲτυμολογεῖν,
1461 3282 1529 3335 τὰ
1582 3283 1699 3353 μὲν,

1806 3275 2143 3344 serpentibus
2177 3277 2418 3330 coronati
2449 3295 2462 3330 :
2498 3276 2774 3346 Evamque
2805 3277 2947 3330 illam
2985 3279 3151 3331 vastis
3183 3279 3359 3332 ulula-

140 3364 247 3417 ἀπὸ
272 3365 367 3434 τῆς
388 3365 554 3437 ὀργῆς
581 3368 684 3438 τῆς
706 3372 876 3442 Δηοῦς
916 3371 1049 3441 πρὸς
1081 3373 1177 3423 Δία
1202 3374 1570 3444 γεγενημένης
1595 3390 1606 3401 ³
1635 3374 1702 3426 τὰ

143 3454 216 3523 δὲ,
248 3459 354 3511 ἀπὸ
382 3459 470 3513 τοῦ
503 3459 704 3531 μύσους
737 3461 829 3514 τοῦ
861 3462 1262 3533 συμϐεϐηκότος
1304 3465 1432 3534 περὶ
1466 3464 1554 3517 τὸν
1588 3465 1704 3525 Διό-

143 3565 316 3604 νυσον.
349 3553 407 3605 Εἰ
441 3552 498 3606 δὲ
540 3553 631 3606 καὶ
675 3552 782 3605 ἀπὸ
810 3553 1121 3617 Μυσοῦντός
1166 3571 1307 3618 τινος
1349 3554 1609 3620 Ἀττικοῦ,
1645 3557 1701 3609 ὂν

145 3640 199 3692 ὲν
224 3645 451 3715 κυνηγίᾳ
478 3645 839 3716 διαφθαρῆναι
874 3644 1262 3716 Ἀπολλόδωρος
1284 3645 1450 3714 λέγει,
1478 3647 1539 3699 ού
1575 3646 1700 3715 φθό-

144 3748 228 3796 νος
256 3733 403 3804 ὑμῶν
435 3736 746 3803 δεδοξάσθαι
789 3736 858 3790 τὰ
902 3739 1170 3810 μυστήρια
1214 3736 1515 3807 ὲπιτυμὸίῳ
1549 3741 1697 3808 φωνῇ

145 3824 233 3875 καὶ
264 3829 411 3898 τιμῇ.
448 3828 686 3899 Πάρεστι
733 3828 791 3891 δὲ
835 3829 928 3881 καὶ
979 3827 1148 3894 ἄλλως
1193 3827 1430 3901 μυθήριά
1467 3829 1578 3900 (70)
1620 3841 1698 3882 σοι

146 3918 297 3983 νοεῖν,
329 3919 803 3991 ἀντιστοιχούντων
849 3921 956 3976 τῶν
991 3923 1350 3994 γραμμάτων,
1395 3920 1463 3975 τὰ
1498 3924 1700 3993 μυστή-

150 4023 249 4078 pta.
284 4011 578 4082 Θηρεύουσι
609 4008 717 4083 γάρ
747 4014 795 4066 εί
828 4013 923 4067 καὶ
963 4013 1109 4068 ἄλλοι
1143 4014 1312 4078 τινὲς,
1344 4014 1482 4086 ἀτὰρ
1519 4015 1608 4068 καὶ
1648 4018 1696 4068 oi

1805 3367 1945 3421 tibus
1973 3366 2348 3432 iuclamantes,
2393 3383 2488 3436 per
2528 3383 2689 3436 quam
2718 3368 2884 3437 janua
2920 3377 3000 3422 est
3033 3383 3139 3421 nou
3183 3367 3356 3421 errori

1802 3460 1980 3522 modo,
2013 3460 2105 3513 sed
2155 3459 2256 3528 ipsi
2305 3475 2521 3527 quoque
2567 3460 2727 3513 morti
2775 3459 3056 3528 patefacta.
3102 3458 3166 3513 Et
3204 3475 3354 3529 sane,

1800 3568 1923 3606 cum
1954 3553 2232 3622 orgiorum
2267 3549 2652 3606 Bacchicorum
2687 3553 2757 3606 sit
2790 3553 2946 3622 quasi
2969 3552 3237 3622 quoddam
3268 3554 3352 3607 in-

1799 3645 1950 3713 signe
1979 3652 2201 3712 serpens
2242 3659 2443 3699 arcano
2473 3645 2578 3698 ritu
2608 3655 2976 3711 consecratus,
3006 3641 3119 3701 tum
3153 3661 3279 3701 vero
3308 3643 3358 3702 si

1798 3744 2048 3790 accurate
2083 3728 2270 3790 vocem
2305 3735 2624 3791 llehraicam
2663 3738 3002 3807 interpretari
3031 3740 3180 3803 velis,
3208 3738 3350 3792 lleva

1800 3841 1920 3878 eum
1950 3826 2282 3894 aspiratione
2308 3829 2545 3896 graviori
2576 3837 2874 3895 serpentem
2902 3828 3156 3882 feminam
3186 3829 3352 3898 signi-

1800 3916 1942 3970 ficat.
1967 3914 2167 3970 Deinde
2190 3915 2355 3972 Ceres
2380 3927 2431 3970 et
2452 3916 2772 3984 Proserpina
2804 3917 2855 3970 in
2880 3919 3163 3989 mysticum
3188 3920 3350 3973 etiam

1798 4006 1994 4062 fabulae
2026 4023 2196 4078 genus
2230 4010 2512 4072 transiere,
2547 4024 2778 4077 quarum
2814 4025 3026 4064 errores
3056 4021 3108 4064 et
3136 4021 3347 4080 raptum

151 4100 297 4168 μῦθοι
322 4105 368 4156 οἱ
389 4103 597 4168 τοιοίδε,
622 4103 848 4174 Θρᾳκῶν
874 4106 997 4168 τοὺς
1026 4104 1551 4177 βαρδαρικωτάτους,
1571 4108 1700 4176 Φρυ-

1806 4109 1847 4154 et
1892 4099 2096 4153 luctum
2143 4101 2422 4155 nocturnis
2469 4088 2680 4153 facibus
2727 4102 2935 4158 Eleusis
2978 4103 3228 4158 illustrat.
3275 4106 3349 4157 Ac

149 4192 250 4258 γῶν
273 4198 396 4260 τοὺς
417 4196 826 4267 ἀνοητοτάτους,
842 4195 1104 4264 Ἑλλήνων
1133 4199 1257 4260 τοὺς
1284 4196 1694 4266 δεισιδαίμονας.

1806 4192 1927 4245 mihi
1966 4193 2182 4262 quidem
2227 4193 2358 4247 tanti
2386 4201 2487 4258 est,
2521 4197 2788 4265 propriam
2824 4196 3098 4265 orgiorum
3139 4207 3191 4250 et
3235 4212 3350 4265 my-

153 4283 345 4339 Ὅλοιτο
401 4284 494 4340 οὖν
534 4291 564 4341 ὀ
599 4286 758 4359 τῆσδε
797 4286 962 4358 ἄρξας
1008 4287 1104 4357 τῆς
1154 4287 1382 4350 ἀτοπίας
1409 4287 1545 4357 ἀνὴρ
1606 4289 1696 4339 ἀν-

1806 4285 2081 4340 steriorum
2134 4285 2463 4341 notationem
2525 4297 2798 4342 excutere.
2853 4286 3011 4356 Orgia
3060 4301 3191 4340 sane
3241 4285 3349 4339 ἀπὸ

150 4372 394 4445 θρώποις·
426 4378 537 4431 εἴτε
568 4381 597 4432 ὀ
643 4379 907 4451 Δάρδανος
928 4381 956 4431 ὀ
990 4377 1209 4450 Μητρὸς
1249 4377 1381 4431 θεῶν
1400 4377 1692 4430 ’καταδιδά-

1806 4375 1891 4445 τῆς
1927 4376 2115 4447 ὀργῆς,
2149 4377 2254 4432 hoc
2294 4389 2379 4432 est
2406 4379 2474 4432 ab
2519 4379 2796 4434 iracundia
2842 4392 3036 4431 nomen
3069 4393 3343 4447 accepere,

152 4465 230 4530 ξας
261 4467 327 4520 τὰ
354 4472 650 4541 μυστήρια,
679 4471 788 4525 εἴτε
834 4473 1056 4525 Ἠετίων
1078 4472 1104 4523 ὀ
1122 4470 1190 4523 τά
1219 4469 1582 4541 Σαμοθρᾴκων
1605 4471 1694 4540 ὅρ-

1806 4481 1896 4533 lua
1956 4466 2120 4520 Ceres
2172 4467 2431 4522 adversus
2487 4468 2671 4522 Jovem
2716 4477 3028 4534 exarserat;
3091 4467 3345 4539 mysteria

150 4573 231 4625 για
260 4561 348 4614 καὶ
378 4560 602 4625 τελετὰς
633 4564 1096 4635 ὑποστησάμενος,
1125 4563 1233 4618 εἴτε
1262 4566 1288 4618 ὁ
1315 4563 1458 4636 Φρὺξ
1487 4564 1687 4626 ἐκεῖνος

1806 4554 2054 4609 γεω-ἀπὸ
2087 4553 2180 4607 τοῦ
2213 4555 2434 4626 μύσους,
2481 4557 2584 4613 hoc
2604 4567 2700 4630 est
2744 4559 2812 4614 ab
2854 4560 3182 4616 exsecranda
3222 4575 3340 4613 sce-

151 4651 372 4715 ὀΜίδας,
416 4653 451 4720 ὀ,
479 4651 629 4724 παρὰ
676 4653 770 4707 τοῦ
827 4656 1073 4727 Ὀδρύδου
1127 4654 1331 4727 μαθὼν,
1366 4655 1551 4708 ἔπειτα
1575 4656 1688 4708 δια-

1810 4661 1919 4713 ere,
1954 4647 2097 4717 quod
2127 4648 2272 4722 circa
2302 4647 2574 4705 Bacchum
2617 4651 2794 4719 ipsum
2828 4652 3141 4722 contigerat.
3184 4648 3338 4715 Quod

149 4739 252 4806 δοὺς
281 4745 394 4806 τοῖς
451 4743 907 4814 ὑποτεταγμένοις
936 4746 1174 4817 ἔντεχνον
1207 4748 1441 4819 ἀπάτην.
1474 4749 1547 4800 Ού
1584 4747 1689 4819 γάρ

1806 4741 1834 4795 si
1862 4755 2047 4795 vocem
2079 4740 2236 4796 istam
2271 4757 2298 4796 a
2347 4741 2591 4813 Mysunte
2618 4745 2853 4815 quodam
2889 4745 3066 4797 Attico
3095 4743 3339 4797 derivare

153 4836 251 4898 μεό
275 4834 520 4905 Κύπριος
571 4836 600 4887 ὀ
645 4833 914 4906 νησιώτης
941 4838 1179 4911 Κινύρας
1210 4842 1543 4914 παραπείσαι
1574 4845 1686 4895 ποτ’

1806 4835 1980 4901 ilacet,
2011 4850 2172 4904 quem
2206 4835 2568 4907 Apollodorus
2604 4837 2657 4892 in
2686 4836 2971 4892 venatione
3002 4834 3227 4904 periisse
3262 4842 3337 4891 le-

205 5070 314 5149 (65)
355 5076 468 5129 Τὸν
502 5078 774 5149 ᾈπόλλω.
804 5076 971 5149 Forte
1006 5079 1270 5149 glossema
1293 5091 1393 5136 est.
1414 5083 1684 5149 Quorsum

149 5143 298 5221 enim,
328 5155 452 5221 post
497 5146 759 5221 Clarium,
802 5143 1076 5218 Pytniufn,
1110 5148 1385 5221 Didymea,
1417 5143 1538 5221 qua:
1563 5172 1681 5208 oni-

152 5213 224 5291 nia
265 5215 686 5291 sunt_A_polli_nis
735 5213 1108 5291 cognomenta,
1140 5213 1380 5290 ejusdem
1434 5213 1684 5279 nomina-

151 5283 228 5335 tim
260 5283 607 5342 meminisse?

203 5351 312 5431 (ὅθ)
356 5353 508 5431 Τοὺς
560 5358 852 5431 ᾁνιέρους.
894 5359 1059 5416 Clem.
1114 5370 1381 5430 expuncto
1431 5365 1678 5431 articulo,

150 5422 500 5500 Ιεειάνιερου,
533 5422 944 5500 significantius,
982 5439 1039 5483 ut
1063 5422 1274 5486 videtur
1298 5441 1350 5485 et
1373 5434 1608 5500 gravius.

203 5492 309 5565 (67)
348 5492 459 5549 Καὶ
503 5492 738 5570 iii-{Mc
776 5501 1030 5570 ἀκράτου
1059 5492 1423 5569 κιιϐευτήριᾶ.
1465 5501 1588 5557 Haec
1627 5506 1678 5558 in

146 5563 418 5642 Clemente
442 5580 550 5642 non
576 5563 823 5642 legimus,
846 5563 948 5642 nec
975 5574 1026 5625 in
1059 5563 1533 5638 Montacfcodice;
1561 5590 1680 5642 quae

149 5644 333 5710 tamen,
366 5637 421 5710 ni
454 5635 1138 5710 fallor,_ﬁplaneiClementis
1166 5661 1229 5697 ex
1258 5644 1433 5710 genio.

149 5772 157 5784 .
204 5704 315 5784 (681
344 5704 1023 5784 Δ’[ἰιιρκιεκλήσ’ᾂω,ΔΕειοίιὶις
1061 5723 1175 5768 erat
1220 5704 1528 5780 conjectura
1572 5713 1673 5784 leg.

147 5775 471 5848 ἐγκυκλήσω,
499 5786 669 5848 utest
703 5777 755 5831 in
781 5777 1069 5836 Clemente.

203 5843 305 5915 (69)
352 5843 474 5903 Τῶν
494 5847 710 5920 φόρων.
747 5849 936 5915 Clem,
971 5851 1076 5904 τῶν
1100 5854 1292 5923 φόνων,
1329 5863 1459 5909 utet
1487 5853 1630 5909 Mont
1661 5895 1674 5920 ,

1786 5106 1906 5145 meo
1929 5089 2147 5159 quidem
2175 5091 2398 5160 judicio.
2430 5091 2646 5143 rectius.
2676 5089 2946 5144 Arnobius
2973 5098 3148 5144 tamen
3177 5090 3268 5142 lib.
3303 5105 3334 5144 ν

1786 5161 1975 5229 legisse
2008 5162 2160 5215 visus
2190 5172 2270 5216 est
2298 5162 2404 5212 τῶν
2431 5160 2653 5231 ἐρίφων,
2678 5161 2855 5215 haedos
2880 5162 3021 5215 enim
3063 5161 3289 5231 reddidit
3316 5178 3329 5214 :

1784 5233 1926 5300 quod
1957 5232 2118 5284 etiam
2150 5233 2322 5301 magis
2353 5230 2557 5300 placet;
2592 5236 2716 5285 nam
2741 5241 2794 5286 et
2841 5232 2990 5296 illud,
3024 5230 3332 5300 κρεωνομία

1785 5302 1976 5370 φόνων.
2010 5302 2298 5356 admodum
2350 5301 2615 5367 insolens;
2652 5313 2703 5357 et
2760 5303 2925 5357 haedis
2971 5311 3171 5370 optime
3205 5316 3328 5355 cum

1784 5375 1890 5427 illis
1920 5371 2110 5423 Bacchi
2146 5371 2315 5425 sacris
2343 5372 2608 5424 convenit.
3160 5384 3163 5386 ·

1853 5442 1960 5510 (70)
2000 5439 2282 5507 Μυθήρια.
2318 5439 2468 5494 Ficta
2510 5458 2607 5496 vox
2647 5442 2891 5496 est.‘Airb
2921 5438 3012 5493 τοῦ
3049 5443 3198 5509 μυεῖν
3239 5443 3329 5496 καὶ

1783 5511 2048 5584 θηρεύειν,
2072 5512 2228 5584 quasi
2251 5512 2704 5584 etiaminitiando
2734 5522 3010 5565 venentur.
3030 5510 3170 5584 Nihil
3199 5526 3328 5582 ergo

1781 5582 1866 5636 est
1889 5582 2236 5651 quamobrem
2265 5583 2439 5651 μαστή
2451 5599 2536 5650 ρια
2560 5594 2864 5651 reponatur,
2887 5583 3179 5649 prasertim
3204 5598 3325 5651 eum

1782 5648 2092 5734 subjungat,
2143 5648 2586 5734 OnPS‘Ioouct;_Tti-p
2606 5648 2633 5682 ·“
2657 5648 2945 5734 dicendum
2969 5653 3110 5705 enim
3149 5648 3326 5733 potius

1782 5720 2002 5794 fuisset,
2027 5720 2348 5794 μυστεύουσι
2380 5723 2506 5792 γάρ.
2531 5720 2682 5779 Nunc
2713 5720 2788 5791 τῷ
2817 5721 3070 5794 μυθήρια,
3103 5720 3223 5778 cum
3248 5720 3326 5791 τῷ

1781 5792 2114 5862 θηρεύουσιν,
2142 5793 2342 5862 optime
2374 5794 2621 5848 convenit
