3980 6338
672 455 776 511 ιεε

665 583 867 638 statur,
896 573 1146 641 equidem
1198 572 1335 627 nihil
1375 574 1478 627 hoc
1508 572 1663 627 vobis
1695 572 1988 637 invideam,
2025 578 2085 625 ut
2112 585 2229 640 my-
2258 574 2299 626 Α

670 665 831 718 steria
868 673 1044 717 vestra
1096 662 1383 731 sepulcrali
1431 678 1554 716 cum
1611 660 1851 722 nomine,
1901 670 2015 712 tum
2060 658 2224 712 etiam

671 753 879 808 honore
927 753 1269 807 decorentur.
1319 752 1575 818 Quinimo
1624 752 1782 805 liceat
1826 749 1923 803 tibi
1974 746 2226 818 mysteria

670 844 826 912 quasi
878 843 1139 916 μυθήρια,
1176 845 1279 897 hoc
1324 852 1407 899 est
1461 842 1729 908 venatica,
1763 849 1952 894 mutua
1991 838 2225 892 duorum

670 938 1063 991 elementorum
1123 935 1559 1004 permutatione,
1616 934 1859 1003 accipere
1908 951 1920 984 :
1968 939 2229 984 venantur

672 1029 817 1081 enim
850 1030 894 1080 si
927 1042 1048 1096 quae
1070 1025 1207 1090 aliae,
1239 1025 1546 1094 hujusmodi
1570 1022 1785 1088 fabulae,
1821 1028 2085 1091 quotquot
2114 1018 2228 1073 sive

677 1119 819 1188 apud
850 1117 1088 1172 Thraces
1114 1117 1471 1183 immanitate,
1505 1117 1619 1171 sive
1652 1115 1792 1185 apud
1813 1113 2053 1183 Phryges
2079 1112 2228 1166 insa-

676 1211 787 1275 nia,
820 1210 933 1264 sive
967 1207 1110 1278 apud
1148 1208 1367 1263 Gnaeos
1398 1206 1782 1277 superstitione
1822 1207 2092 1276 principes
2117 1219 2231 1257 me-

674 1309 974 1354 morantur.
1004 1300 1113 1370 63
1142 1305 1210 1354 At
1240 1298 1379 1354 male
1423 1306 1628 1369 pereat,
1662 1297 1911 1367 quisquis
1944 1304 2107 1350 tanta:
2140 1310 2231 1349 ve-

671 1387 874 1441 cordia:
898 1390 1182 1442 hominum
1213 1388 1397 1459 generi
1427 1396 1618 1442 auctor
1646 1385 1768 1449 fuit,
1799 1401 1893 1441 seu
1925 1382 2227 1452 Dardanus,

672 1479 767 1548 qui
798 1477 984 1534 Matris
1011 1480 1181 1534 Deum
1215 1479 1470 1551 mysteria
1514 1477 1720 1541 docuit,
1764 1492 1861 1533 seu
1890 1477 2098 1541 Eetion,
2136 1478 2229 1546 qui

675 1568 1096 1627 Samothracum
1125 1572 1277 1641 orgia
1304 1587 1427 1627 cum
1456 1557 1843 1627 eorum'initiis
1863 1570 2106 1641 protulit,
2135 1584 2230 1625 seu

674 1659 857 1733 Phryx
902 1664 990 1718 ille
1020 1662 1211 1739 Midas,
1244 1666 1337 1733 qui
1366 1679 1491 1719 cum
1534 1665 1603 1718 ab
1631 1661 1850 1735 Odrydo
1893 1663 2143 1717 callidam
2179 1669 2233 1715 et

676 1754 887 1809 artificii
923 1758 1135 1824 plenam
1189 1755 1436 1810 fraudem
1479 1756 1796 1825 accepisset,
1825 1770 1945 1809 eam
1985 1763 2232 1824 postmo-

678 1849 807 1902 dum
850 1850 902 1901 in
926 1848 1173 1902 subditos
1201 1863 1313 1902 suae
1340 1847 1535 1901 ditioni
1566 1846 1765 1916 sparsit
1797 1846 2099 1900 universos.
2128 1840 2233 1896 Nec

680 1941 824 1995 enim
868 1941 1001 1995 mihi
1033 1938 1264 2012 Cinyras
1308 1939 1397 1994 ille
1433 1905 1664 2011 Cyprius
1695 1936 1952 1991 insularis
1994 1950 2233 2005 unquam
2266 1905 2307 1961 Β

682 2034 1018 2101 imposuerit,
1044 2034 1136 2102 qui
1167 2048 1289 2086 cum
1323 2031 1590 2089 famosam
1624 2031 1813 2085 insulae
1842 2046 1955 2085 suae
1988 2028 2233 2082 meretri-

682 2140 795 2178 cem
852 2127 1004 2179 deam
1052 2124 1261 2179 efﬁcere
1308 2124 1652 2178 vehementer
1694 2132 1922 2192 aptaret,
1974 2121 2234 2190 ﬂagitiosa

686 2214 907 2271 Veneris
939 2218 1089 2285 orgia
1114 2231 1176 2270 ex
1214 2215 1451 2269 tenebris
1474 2214 1526 2267 in
1562 2214 1735 2268 lucem
1768 2230 1933 2269 ausus
1958 2221 2041 2268 est
2060 2214 2233 2266 diem-

683 2322 785 2374 que
810 2305 1127 2375 producere.
1158 2304 1276 2358 Jam
1314 2304 1426 2359 alii
1451 2303 1835 2373 Melampodem
1881 2302 2235 2373 Amythaonis

682 2400 873 2464 tilium,
918 2397 1133 2452 Cereris
1180 2396 1337 2461 festa,
1387 2397 1617 2461 luctum,
1648 2396 1891 2465 inquam,
1929 2394 2080 2447 illum
2116 2409 2256 2447 caro

684 2492 921 2546 minibus
952 2490 1275 2561 hymnisque
1307 2488 1581 2543 decantari
1617 2487 1857 2550 solitum,
1890 2486 1945 2539 in
1974 2485 2233 2539 Graciam

683 2600 748 2637 cx
776 2580 1007 2651 Egypto
1029 2580 1333 2634 traduxisse
1359 2579 1566 2631 volunt.
1600 2576 1739 2632 Istos
1764 2575 2012 2646 equidem
2045 2575 2236 2643 impia-

683 2686 803 2729 rum
838 2671 1168 2736 fabularum,
1206 2684 1269 2723 ac
1305 2668 1574 2738 pestiferae
1613 2667 2013 2737 superstitionis
2038 2681 2234 2735 paren-

681 2767 784 2830 les,
855 2763 1121 2816 malorum
1187 2761 1458 2831 principes
1518 2761 1761 2814 omnium
1813 2758 1982 2814 fuisse
2040 2758 2237 2811 merito

683 2856 935 2923 dixerim,
962 2870 1084 2910 cum
1122 2854 1210 2907 illa
1238 2854 1493 2924 mysteria
1524 2854 1787 2907 scelerum
1817 2866 1881 2906 ac
1918 2850 2111 2904 mortis
2150 2864 2237 2903 se-

685 2951 830 3004 mina
865 2950 919 3002 in
962 2948 1239 3001 hominum
1289 2946 1452 2998 vitam
1484 2945 1803 2998 intulerunt.
1850 2942 1919 2994 At
1950 2941 2095 2995 enim
2122 2941 2235 3011 jam

679 3056 891 3110 tempus
923 3046 1026 3101 est,
1055 3048 1113 3089 ut
1141 3036 1289 3106 orgia
1314 3044 1487 3089 vestra
1522 3034 1729 3088 fraudis
1753 3048 1817 3087 ac
1844 3033 2233 3102 praestigiarum

686 3133 841 3200 plena
887 3145 1006 3183 esse
1057 3131 1525 3182 demonstremus:
1563 3141 1679 3191 vos,
1734 3126 1780 3179 si
1831 3126 1991 3179 modo
2038 3124 2236 3178 initiati

686 3225 839 3289 estis,
883 3223 995 3276 risu
1044 3236 1106 3274 ac
1141 3218 1315 3272 sibilis
1355 3228 1560 3271 vestras
1594 3218 1714 3271 illas
1758 3216 1989 3279 fabulas,
2040 3216 2237 3287 quibus
2265 3232 2307 3287 ρ

687 3322 894 3369 tantum
938 3311 1303 3367 venerationis
1347 3308 1632 3370 tribuitur,
1688 3322 1798 3376 pra:
1843 3307 2053 3362 carteris
2096 3306 2237 3360 exci-

682 3406 865 3476 pietis.
893 3403 1005 3474 Ego
1037 3418 1166 3456 vero
1197 3401 1375 3455 abdita
1406 3400 1729 3469 penitusque
1754 3398 2031 3451 recondita
2057 3398 2236 3465 palam

688 3514 740 3550 Ill
768 3497 1011 3550 omnium
1037 3496 1155 3548 luce
1183 3492 1481 3557 collocabo,
1508 3505 1607 3543 nec
1634 3505 1720 3543 me
1742 3490 1913 3556 pudor
1934 3488 2001 3539 ab
2026 3487 2091 3539 iis
2114 3500 2239 3554 pro-

687 3586 922 3641 ferendis
953 3582 1244 3644 revocabit,
1265 3596 1384 3648 qua:
1406 3594 1503 3632 vos
1521 3578 1719 3631 divinis
1746 3575 2044 3631 honoribus
2064 3574 2240 3629 colere

690 3694 798 3734 non
813 3678 1028 3748 pudeat.
1060 3673 1248 3728 Vestra
1270 3672 1431 3742 igitur
1447 3671 1558 3733 illa,
1584 3684 1786 3738 spumae
1803 3668 2022 3722 marina:
2039 3668 2237 3737 proles,

687 3771 958 3843 Cyprique
996 3766 1157 3830 fetus,
1202 3780 1265 3819 ac
1296 3764 1510 3835 Cinyrae
1542 3763 1815 3823 delicium,
1854 3760 2114 3815 Venerem
2159 3762 2241 3813 in-

688 3864 886 3934 telligo,
919 3875 1079 3931 quam
1114 3856 1429 3928 φιλομηδέα,
1467 3856 1570 3909 hoc
1601 3860 1681 3907 est
1715 3852 1908 3906 veretri
1947 3860 2237 3919 amantem,

692 3956 1005 4019 nominatis,
1038 3954 1237 4023 quippe
1282 3948 1526 4003 membris
1572 3960 1634 4000 ea:
1683 3943 1997 4016 genitalibus
2039 3953 2243 4004 ortam;

690 4050 833 4103 fetus
870 4048 1056 4115 utique
1098 4042 1357 4099 abscissis
1386 4041 1493 4095 illis
1532 4039 1666 4093 Caeli
1700 4038 2041 4107 genitalibus,
2072 4049 2248 4104 usque

693 4141 828 4193 adeo
849 4136 1140 4199 salacibus,
1180 4142 1241 4186 ut
1267 4140 1414 4187 secta
1444 4147 1659 4201 quoque
1686 4131 1883 4183 undam
1913 4129 2084 4197 ipsam
2114 4141 2246 4180 eon-

692 4228 1007 4298 stuprarint,
1058 4239 1157 4278 nec
1197 4238 1304 4276 non
1344 4221 1529 4275 eﬂ‘usis
1574 4220 1628 4273 in
1681 4219 1957 4273 libidinem
2005 4215 2246 4284 corporis

693 4321 857 4376 vestri
886 4318 1132 4388 partibus
1160 4316 1317 4385 longe
1348 4314 1725 4382 dignissimus,
1762 4310 1939 4363 Venus
1983 4310 2085 4362 ista
2116 4324 2243 4375 pro-

694 4420 928 4487 creatur.
961 4408 1165 4477 ltaque,
1195 4406 1249 4460 in
1292 4405 1507 4460 arcanis
1544 4404 1836 4472 voluptatis
1882 4399 2047 4469 hujus
2080 4398 2247 4454 mari-

691 4521 778 4560 na:
810 4488 1001 4563 sacris,
1039 4514 1265 4571 grumus
1315 4498 1465 4563 salis,
1521 4496 1827 4564 efﬁgiesque
1867 4493 2085 4558 veretri,
2134 4501 2249 4546 tan-

694 4608 856 4664 quam
905 4562 1092 4645 feturae
1137 4587 1439 4659 symbolum
1490 4586 1555 4641 iis
1589 4562 1751 4639 tradi
1775 4586 1927 4651 solet,
1961 4586 2054 4655 qui
2094 4583 2246 4654 ﬂagi-
2278 4562 2322 4616 Ῑ)

695 4686 821 4741 tiosi
866 4682 1188 4739 concubitus
1231 4680 1438 4734 artibus
1479 4679 1795 4732 initiantur:
1827 4678 1880 4732 hi
1930 4694 2057 4732 vero
2090 4694 2249 4731 num-

697 4794 845 4833 mum
886 4778 985 4847 ipsi
1017 4786 1271 4846 tauquam
1322 4774 1509 4829 amica:
1548 4781 1817 4825 amatores
1856 4772 2103 4825 offerunt.
2131 4771 2250 4824 Jam

698 4870 954 4938 mysteria
987 4868 1199 4923 Cereris
1229 4868 1372 4921 aliud
1416 4865 1549 4918 nihil
1574 4872 1719 4928 sunt,
1754 4878 1913 4931 quam
1955 4864 2250 4918 incestuosi

698 4957 847 5011 Jovis
880 4973 1002 5012 cum
1053 4957 1245 5013 Cerere
1291 4967 1459 5011 matre
1504 4969 1831 5024 congressus
1873 4954 2245 5023 ejusdemque,

1300 452 1571 511 EUSEBII
1610 448 2085 507 C/ES.\RIENSIS
2118 447 2265 504 OPP.
2308 448 2487 505 PARS
2524 448 2585 505 li.
2616 482 2683 491 —
2720 450 3208 508 APOLOCETICA.

3807 448 3941 507 121

2328 568 2413 631 ἂν,
2462 569 2528 622 τὰ
2572 569 2698 639 περὶ
2743 568 2839 640 τὴν
2915 570 3225 641 Ἀφροδίτην
3278 568 3564 639 μαχλῶντα
3613 570 3829 641 ϐργια,
3861 571 3941 620 ἐκ

2330 659 2517 721 νυκτὸς
2539 661 2718 730 ἡμέρᾳ
2761 660 3090 731 παραδοῦναι
3116 660 3406 730 τολμήσας,
3436 661 3941 730 φιλοτιμούμενος

2328 749 2539 803 θειάσαι
2590 742 2790 821 πόρνην
2848 750 3099 803 πολίτιδα.
3131 750 3461 821 Μελάμποδα
3502 752 3560 803 δέ
3590 752 3679 804 τὸν
3723 753 3905 819 ’Δμυ
3930 780 3943 789 α

2333 840 2538 904 θάωνος
2589 841 2734 894 ἄλλοι
2786 843 2947 910 φασὶν
2993 841 3049 907 ἐξ
3086 843 3358 910 Αἰγύπτου
3414 844 3793 912 μετακομίσαι
3853 842 3941 912 τῇ

2339 930 2546 987 Ἐλλάδι
2574 932 2671 995 τὰς
2701 931 2869 1003 Δηοῦς
2903 933 3112 1004 ἑορτὰς,
3147 934 3337 997 πένθος
3373 934 3726 1004 ὑμνούμενον.
3776 931 3945 984 T06-

2328 1040 2451 1086 τους
2507 1023 2665 1091 ἔγωγ’
2704 1023 2769 1076 ἂν
2827 1025 3162 1095 ἀρχεκάκους
3200 1027 3439 1096 φήσαιμι
3472 1024 3654 1095 μύθων
3686 1024 3933 1086 ἀθέων,

2328 1113 2422 1167 καὶ
2455 1114 2867 1184 δεισιδαιμονίας
2896 1115 3133 1187 ὀλεθρίου
3162 1116 3419 1187 πατέρας,
3452 1117 3669 1187 σπέρμα
3688 1115 3940 1176 κακίας

2330 1206 2424 1258 καὶ
2454 1204 2655 1277 φθορᾶς
2688 1207 3261 1275 ἐγκαταφυτεύσαντας
3288 1206 3365 1277 τῷ
3378 1206 3481 1283 βίῳ
3500 1207 3568 1260 τά
3590 1208 3931 1277 μυστήρια.

2334 1288 2469 1368 ΙἬδη
2509 1298 2565 1350 δέ
2608 1298 2854 1370 (καὶγὰρ
2884 1300 3090 1370 καιρὸς)
3138 1300 3276 1353 αὐτὰ
3324 1299 3476 1369 ὑμῶν
3502 1299 3571 1353 τὰ
3602 1299 3781 1370 ὄργια
3823 1298 3937 1364 ἐξ-

2330 1387 2531 1457 ελέγξω
2556 1388 2767 1461 ἀπάτης
2788 1390 2881 1443 καὶ
2901 1390 3180 1467 τερατείας
3212 1390 3559 1461 ἐμπλεαριαὶ
3587 1394 3635 1444 εί
3673 1410 3743 1463 με
3752 1390 3925 1462 μύη-

2334 1481 2447 1546 σθε,
2485 1480 2681 1553 μᾶλλον
2709 1482 3089 1550 ἐπιγελάσεσθε
3118 1485 3226 1546 τοῖς
3259 1483 3447 1554 μύθοις
3487 1482 3639 1554 ὑμῶν
3682 1484 3939 1542 τούτοις

2332 1575 2675 1644 τιμωμένοις.
2704 1575 3007 1647 Ἀγορεύσω
3030 1574 3086 1627 δὲ
3106 1576 3402 1644 ἀναφανδὸν
3422 1576 3488 1629 τὰ
3512 1576 3929 1647 κεκρυμμένα,

2333 1665 2432 1717 οὐκ
2464 1664 2775 1735 αἰδούμενος
2796 1665 2993 1733 λέγειν,
3024 1665 3059 1719 ἃ
3080 1669 3399 1737 προσκυνεῖν
3422 1667 3520 1719 οὐκ
3547 1668 3776 1737 αἰσχύνε
3789 1666 3928 1719 σθε.

2347 1753 2411 1805 Ἠ
2444 1753 2542 1823 μὲν
2573 1749 2663 1806 οὖν
2700 1754 3019 1827 ἀφρογενης,
3054 1758 3145 1808 καὶ
3168 1756 3523 1827 κυπρογενὴς,
3564 1757 3657 1809 καὶ
3681 1756 3931 1829 Κινύρα

2337 1844 2483 1915 φίλη,
2517 1846 2615 1916 τὴν
2666 1847 2980 1918 Ἀφροδίτην
3024 1848 3165 1916 λέγω
3199 1850 3296 1919 τὴν
3329 1848 3641 1919 φιλομηδέα,
3670 1851 3761 1902 ὅτι
3804 1868 3932 1921 μη-

2335 1939 2469 1992 δέων
2494 1938 2813 2009 ἐξεφαάνθη,
2844 1940 3054 2009 μηδέων
3096 1939 3313 1993 ἐκείνων
3362 1940 3468 1993 τῶν
3507 1941 3930 2011 ἀποκεκομμέ-

2337 2046 2440 2082 νων
2471 2028 2719 2100 ούρανοῦ,
2752 2030 2860 2082 τῶν
2906 2030 3133 2098 λάγνων,
3186 2031 3292 2083 τῶν
3342 2031 3477 2102 μετά
3508 2033 3605 2103 τὴν
3637 2032 3823 2102 τομὴν
3862 2033 3931 2084 τὺ

2337 2120 2485 2190 κῦμα
2519 2120 2909 2191 βεϐιασμένων,
2956 2124 3047 2177 καὶ
3086 2121 3327 2191 ἀσελγῶν
3361 2124 3485 2193 ὑμῖν
3517 2125 3717 2195 μορίων
3749 2122 3931 2187 ἄξιος

2351 2213 2630 2282 Ἀφροδίτη
2688 2213 2889 2280 γίνεται
2912 2254 2936 2277 ,,
2964 2214 3171 2284 καρπὸς
3197 2216 3253 2267 ἐν
3284 2218 3401 2276 ταῖς
3424 2215 3663 2277 τελεταῖς
3693 2215 3927 2283 ταύτης

2335 2305 2433 2375 τῆς
2493 2306 2750 2373 πελαγίας
2796 2305 3005 2377 ἡδονῆς,
3061 2310 3354 2379 τεκμήριον
3391 2307 3485 2375 τῆς
3528 2307 3706 2377 γονῆς,
3756 2306 3930 2359 ἁλῶν

2338 2398 2571 2469 χόνδρος,
2611 2400 2703 2453 καὶ
2752 2400 2947 2466 φαλλὸς
2978 2402 3089 2463 τοῖς
3122 2402 3441 2470 μυουμένοις
3471 2400 3567 2469 τὴν
3586 2398 3785 2469 τέχνην
3812 2400 3928 2468 τὴν

2340 2494 2588 2563 μοιχικὴν
2619 2494 2926 2545 ἐπιδίδοται.
2980 2492 3238 2561 Νόμισμα
3267 2492 3322 2543 δέ
3369 2492 3704 2563 είσφέρουσιν
3760 2492 3924 2561 αὐτῇ

2335 2587 2384 2637 οί
2419 2584 2729 2654 μυούμενοι,
2763 2583 2835 2645 ὡς
2860 2582 3048 2652 ἑταίρᾳ
3073 2582 3294 2651 ἐρασταί
3317 2599 3330 2611 ·
3349 2582 3517 2652 Δηοῦς
3545 2582 3602 2634 δέ
3630 2583 3926 2652 μυστήρια

2336 2675 2431 2727 καὶ
2473 2676 2592 2737 Διὸς
2617 2674 2750 2745 πρὸς
2774 2672 2983 2744 μητέρα
3016 2674 3306 2745 Δήμητραν
3335 2657 3631 2744 ἀφροδίσιοι
3660 2672 3923 2744 συμπλο-

2337 2763 2449 2824 καὶ,
2485 2764 2578 2815 καὶ
2622 2763 2801 2833 μῆνις,
2853 2762 2951 2815 οὐκ
2990 2757 3085 2815 οἶδ’
3134 2763 3162 2815 ὃ
3193 2779 3246 2814 τι
3277 2761 3362 2829 φῶ
3400 2761 3601 2823 λοιπὸν,
3641 2762 3858 2831 μητρὸς
3882 2761 3920 2836 ἦ

2336 2854 2608 2920 γυναικὸς,
2654 2852 2753 2921 τῆς
2796 2850 2999 2923 Δηοῦς·
3044 2849 3111 2923 ἧς
3156 2850 3219 2923 δὴ
3271 2853 3456 2923 χάριν,
3506 2850 3694 2921 Βριμὼ
3736 2868 3922 2919 προσ-

2337 2945 2697 3017 αγορευθῆναι
2734 2946 2979 3015 λέγεταιο
3040 2948 3306 3019 ίκετηρίαι
3346 2947 3481 3010 Διὸς,
3514 2946 3604 2997 καὶ
3631 2946 3779 3015 πόμα
3824 2963 3910 3015 χο-

2338 3037 2455 3109 λῆς,
2490 3040 2582 3093 καὶ
2620 3039 3011 3110 καρδιουλκίαι,
3064 3040 3155 3090 καὶ
3195 3038 3608 3109 άρρητουργίαι.
3644 3037 3838 3089 Ταῦτα
3867 3037 3919 3086 οἱ

2337 3128 2546 3198 Φρύγες
2566 3127 2902 3181 τελίσκουσιν
2955 3127 3156 3179 Ἀττιδι
3190 3128 3283 3179 καὶ
3312 3125 3547 3197 Κυϐέλη,
3591 3127 3681 3179 καὶ
3726 3123 3917 3195 Κορύ-

2341 3217 2487 3272 ϐασι.
2555 3218 2963 3289 Τεθρυλλήκασι
3009 3219 3065 3271 δὲ
3121 3219 3196 3281 ὡς
3227 3220 3333 3289 ἄρα
3373 3218 3691 3282 ἀποσπάσας
3726 3216 3919 3278 ὁΖεὺς

2336 3310 2429 3361 τοῦ
2453 3309 2607 3379 κριοῦ
2634 3310 2758 3371 τοὺς
2778 3308 3049 3378 διδύμους,
3085 3310 3263 3380 φέρων
3296 3313 3352 3362 ἐν
3378 3310 3559 3380 μέσοις
3585 3310 3773 3380 ἔρριψε
3796 3310 3918 3369 1:07»;

2338 3400 2554 3462 κόλποις
2580 3401 2678 3470 τῆς
2723 3400 2912 3469 Δηοῦς,
2945 3403 3212 3472 τιμωρίαν
3235 3401 3400 3472 ψευδῆ
3435 3404 3532 3473 τῆς
3560 3402 3739 3472 βιαίας
3771 3418 3917 3468 συμ-

2340 3492 2541 3559 πλοκῆς
2594 3492 2899 3559 ἐκτιννύων,
2952 3494 3029 3557 ὼς
3062 3494 3252 3548 ἐαυτὸν
3305 3494 3462 3565 δῆθεν
3510 3492 3772 3563 ἐκτεμὼν.
3833 3489 3917 3544 Τὰ

2342 3582 2583 3651 σύμϐολα
2600 3582 2699 3651 τῆς
2728 3586 2980 3654 μυήσεως
3001 3584 3200 3655 ταύτης
3230 3586 3293 3636 ἐκ
3322 3583 3633 3654 περιουσίας
3666 3598 3913 3652 παρατε-

2341 3673 2519 3737 θέντα,
2554 3672 2647 3725 oio’
2678 3676 2758 3726 ὅτι
2792 3675 3000 3745 κινήσει
3037 3674 3268 3743 γέλωτα,
3294 3674 3389 3726 καὶ
3429 3671 3502 3742 μὴ
3536 3671 3913 3739 γελασείουσιν

2342 3765 2467 3832 ὑμῖν
2499 3764 2609 3835 (7i)
2640 3765 2729 3817 διὰ
2754 3765 2879 3827 τοὺς
2933 3764 3203 3834 ἐλέγχους.
3242 3764 3335 3815 Ἐκ
3358 3761 3639 3832 τυμπάνου
3665 3760 3873 3829 ἔφαγον
3896 3774 3913 3790 ο

2342 3858 2433 3909 καὶ
2485 3856 2764 3925 κυμϐάλου
2791 3856 2960 3908 έπιον.
3009 3855 3441 3927 Ἑκερνοφόρησα
3475 3853 3619 3923 (7‘2)'
3661 3853 3767 3905 ὑπὸ
3819 3852 3913 3905 τὸν

2344 3946 2545 4001 παστὸν
2596 3947 2814 4003 ύπέδυν.
2866 3947 3050 4003 Ταῦτα
3095 3949 3192 4017 οὐχ
3249 3945 3401 4017 ῦϐρις
3432 3946 3499 3999 τὰ
3535 3945 3816 4015 σύμϐολα;
3848 3946 3909 3995 ού

2344 4035 2508 4109 χλεύη
2523 4039 2591 4091 τά
2610 4041 2880 4111 μυστήρια
2899 4057 2912 4106 ;
2942 4041 3082 4111 Τίδὴ
3102 4041 3194 4092 καὶ
3215 4038 3282 4091 τά
3306 4038 3557 4091 ἐπίλοιπα
3584 4038 3906 4109 προσθείην;

2345 4132 2463 4185 κύει
2493 4133 2639 4203 μὲνὴ
2671 4134 2956 4205 Δημήτηρ,
2987 4130 3342 4201 ἀνατρέφεται
3375 4129 3430 4181 δὲ
3467 4131 3499 4200 ἡ
3541 4131 3697 4201 κόρη,
3727 4128 3911 4199 μίγνυ-

2346 4242 2432 4278 ται
2451 4224 2495 4277 δ’
2517 4220 2669 4287 αὖθις
2718 4229 2746 4277 ό
2787 4226 3052 4295 γεννήσας
3084 4221 3279 4275 οὑτωσὶ
3307 4222 3440 4284 Ζεὺς
3475 4223 3539 4291 τῇ
3571 4222 3903 4294 Φερεφάττῃ,

2347 4319 2412 4387 τῇ
2442 4315 2545 4386 ίδίᾳ
2568 4316 2794 4388 θυγατρὶ
2822 4316 2961 4386 μετά
2989 4317 3088 4385 τὴν
3125 4314 3333 4385 μητέρα
3361 4310 3504 4383 Δηῶ,
3553 4314 3906 4386 ἐκλαθόμενος

2345 4408 2437 4461 τοῦ
2472 4410 2733 4482 προτέρου
2775 4408 2994 4479 μύσους,
3026 4408 3119 4459 καὶ
3161 4406 3415 4476 μίγνυται
3441 4404 3653 4477 δράκων
3680 4410 3904 4479 γενόμε-

2350 4517 2456 4563 νος,
2484 4500 2541 4563 ὃς
2560 4496 2626 4567 ἦν
2652 4498 2943 4569 ἐλεγχθείς.
2975 4496 3251 4561 Σαϐαζίων
3272 4497 3402 4564 γοῦν
3433 4499 3743 4571 μυστηρίων
3766 4501 3915 4570 σύμ--Δ

2349 4591 2501 4645 ϐολον
2544 4594 2657 4652 τοῖς
2701 4588 3039 4659 μυουμένοις,
3079 4589 3108 4639 ὁ
3140 4587 3227 4643 διὰ
3260 4590 3457 4643 κόλπου
3501 4588 3614 4654 θεὸς
3637 4610 3650 4622 ’
3702 4593 3905 4662 δράκων

2346 4684 2401 4737 δέ
2433 4675 2585 4745 οὗτος
2624 4679 2995 4749 διολκούμενος
3037 4680 3145 4751 (73)
3180 4680 3273 4734 τοῦ
3308 4683 3505 4738 κόλπου
3526 4686 3635 4738 τῶν
3652 4686 3905 4755 τελουμέ-

2346 4791 2470 4835 νων,
2505 4772 2717 4841 έλεγχος
2757 4772 3023 4843 ἀκρασίας
3061 4774 3181 4838 Διός
3206 4792 3218 4805 ·
3253 4776 3370 4829 κύει
3403 4778 3496 4831 καὶ
3536 4780 3568 4846 ὴ
3596 4777 3904 4848 Φερεφάττα

2347 4863 2511 4915 παῖδα
2538 4863 2939 4934 ταυρόμορφον.
2988 4864 3200 4935 Ἀμέλει
3232 4868 3363 4937 φησί
3392 4884 3474 4930 τις
3502 4866 3727 4937 ποιητὴς
3754 4867 3900 4919 είδω-

2346 4954 2512 5017 λικός’
2550 4954 2767 5022 Ταῦρος

696 5052 957 5109 tuatrisne
990 5053 1126 5105 ultra
1166 5054 1363 5115 dicam,
1406 5068 1475 5105 an
1520 5050 1742 5105 uxoris?
1793 5050 2091 5119 iracundia,
2124 5068 2243 5121 quae
2280 5066 2443 5107 causa
2478 5048 2578 5117 fuit
2615 5064 2712 5105 cur
2750 5049 2932 5105 Brimo
2956 5052 3113 5122 quasi
3141 5051 3375 5113 fremens
3414 5057 3468 5103 et
3506 5048 3898 5121 indignabunda

697 5155 1011 5209 vocaretur;
1054 5144 1289 5211 itemque
1330 5142 1479 5197 Jovis
1528 5141 1944 5212 supplicationes
1969 5183 1986 5203 .
2025 5142 2161 5197 fellis
2202 5144 2461 5207 haustus,
2512 5142 2690 5197 cordis
2721 5144 3137 5209 convulsiones,
3183 5157 3247 5196 ac
3277 5148 3486 5195 caetera:
3529 5139 3583 5195 id
3622 5158 3789 5214 genus
3825 5146 3900 5199 in-

698 5243 873 5296 fandae
916 5239 1255 5295 ceremoniaz.
1302 5238 1379 5290 Ac
1428 5236 1666 5308 Phryges
1712 5237 1926 5307 quidem
1975 5238 2239 5308 ejusmodi
2281 5253 2431 5293 sacra
2474 5237 2527 5290 in
2566 5237 2785 5303 Attidis,
2819 5237 3066 5309 Cybeles,
3098 5244 3153 5290 et
3201 5232 3589 5303 Corybantium
3644 5237 3895 5293 honorem

701 5336 1127 5402 memoriamque
1169 5330 1370 5383 faciunt
1411 5349 1422 5382 :
1466 5331 1665 5397 passim
1708 5339 1886 5385 autem
1942 5330 2085 5385 fama
2140 5331 2413 5394 vulgatum
2469 5340 2578 5399 est,
2620 5330 2803 5387 Jovem
2848 5332 3069 5387 avulsos
3114 5328 3356 5398 geminos
3399 5326 3582 5383 arietis
3630 5326 3898 5384 testiculos

703 5433 757 5485 in
810 5430 1044 5482 medium
1091 5425 1303 5481 Cereris
1350 5424 1528 5477 sinum
1580 5426 1895 5495 conjecisse,
1940 5441 2062 5479 cum
2117 5439 2146 5477 a
2188 5439 2246 5479 se
2284 5425 2403 5494 ipso
2453 5435 2700 5481 exactum
2739 5419 3095 5481 abséissionis
3134 5421 3288 5489 quasi
3342 5419 3655 5476 voluntaria
3690 5420 3894 5491 pinnam

774 5654 1025 5727 (Ἠγιὶαὶ
1160 5650 1705 5727 γελασειόυσινῦμ..
1732 5652 1899 5705 Clem.
1926 5647 2253 5727 legenduiv

707 5718 789 5800 μὴ’
838 5718 1065 5793 γελάσαι
1110 5718 1313 5776 ἔπεισιν
1365 5726 1517 5795 ὑμῖν,
1572 5722 1807 5789 pleniore
1860 5732 1912 5773 et
1964 5718 2255 5772 illustriore

705 5814 888 5853 διἸΙςιΙ.

776 5868 885 5940 (79.)
938 5865 1423 5934 Ἐκερνορόρησω
1465 5865 1542 5918 lta
1584 5860 1777 5928 Clem.,
1816 5876 1919 5917 non
1972 5858 2255 5929 ἐκιρνοφή-

2364 5668 2502 5721 ρησα
2532 5672 2542 5705 :
2578 5661 2740 5713 recte,
2777 5647 3166 5721 xépvoy_enin_1,_
3188 5649 3441 5721 μυστικὸν
3470 5645 3755 5721 ﬁnitioni]
3776 5658 3895 5714 κρα-

2360 5715 2497 5793 τῆρα
2544 5715 2913 5793 nominabant.
2942 5715 3259 5793 HesychiUS,
3290 5715 3832 5793 l?9|lux_.‘A_thenaaus.

2430 5784 2538 5861 (75)
2579 5792 2772 5853 Clem.,
2805 5789 3016 5858 δράκων
3039 5786 3093 5839 δέ
3126 5790 3271 5842 ἐστιν
3296 5784 3448 5852 οὗτος
3475 5784 3809 5854 διελκόμενος
