4028 6332
637 462 736 519 131
1263 459 1531 516 EUSEBH
1569 457 2040 514 CAESARIENSIS
2077 457 2205 511 ΟΡΡ
2282 455 2461 509 PARS
2500 455 2563 509 ll.
2600 484 2669 494 —
2703 451 3195 507 APOLOGETICA.
3730 446 3864 501 {52

628 581 755 649 quid
781 579 963 633 arcani
992 579 1378 649 evulgandnm.
1428 577 1616 633 Nonne
1646 581 1758 633 haec
1788 580 1969 633 omnia
1999 619 2013 638 ,
2069 578 2164 631 Se-

2273 578 2506 646 καρδίαι,
2543 576 2807 646 νάρθηκές
2835 592 2893 627 τε
2936 575 3026 626 καὶ
3056 573 3245 634 κιττοὶ,
3277 571 3411 643 πρὸς
3440 571 3494 624 δὲ
3525 572 3616 623 καὶ
3652 569 3861 638 φθόῖς,

628 684 811 727 samte,
847 670 1172 738 pyramides,
1228 670 1413 739 glomi,
1464 670 1719 737 placentae
1758 669 1923 721 variis
1953 668 2164 735 signata

2281 668 2375 719 καὶ
2433 669 2710 737 μήκωνες;
2764 665 2922 718 Ταῦτ’
2976 666 3121 717 ἐστιν
3176 664 3351 717 αὐτῶν
3404 662 3470 714 τά
3519 661 3671 733 ἀγια.
3721 659 3865 715 Καὶ

629 759 917 823 umbilicis,
948 776 1111 827 grana
1143 761 1294 825 salis,
1333 772 1385 814 et
1413 761 1577 813 draco
1610 759 1845 827 Dionysii
1876 758 2058 811 Basari
2088 773 2174 810 sa-

629 859 959 902 cramentum
984 850 1007 900 τ
1033 865 1137 901 non
1169 850 1305 902 mala
1337 849 1572 917 punica?
1602 864 1707 901 non
1743 848 1988 900 medulla:
2016 848 2174 899 arbo-

630 940 789 991 rum?
825 954 929 991 non
963 938 1145 993 ferulae
1168 955 1288 993 cum
1324 938 1579 993 hederis?
1606 955 1711 992 non
1740 938 1935 1006 pastilli
1960 953 2023 990 ex
2055 937 2171 990 sili—

630 1031 751 1099 gine
795 1046 1059 1099 caseoque
1112 1031 1387 1085 confecti?
1435 1046 1540 1085 non
1587 1030 1816 1098 denique
1870 1028 2174 1098 papavera?

630 1120 753 1175 Hrec
808 1131 964 1184 sunt,
1015 1137 1135 1189 qua:
1184 1132 1368 1174 sancta
1418 1129 1629 1175 vocant.
1668 1120 1849 1185 Quid?
1896 1118 2172 1173 Themidis

629 1226 805 1264 nonne
835 1212 1109 1264 recondita
1148 1213 1389 1280 symbola
1424 1213 1522 1264 ista
1552 1211 1720 1265 sunt?
1747 1212 2030 1278 origanum
2051 1252 2064 1270 ,
2096 1210 2173 1276 ly-

628 1304 821 1364 chnus,
860 1304 1086 1371 gladius,
1123 1314 1307 1371 pecten
1372 1303 1649 1355 muliebris
1699 1303 1838 1369 quod
1887 1304 2170 1354 honestum

628 1410 688 1447 ac
713 1395 991 1462 mysticum
1023 1404 1103 1446 est
1139 1394 1415 1446 muliebris
1444 1393 1678 1462 pudendi
1718 1408 1935 1444 nomen.
1971 1391 2015 1443 Ο
2043 1408 2173 1459 gna-

626 1500 743 1536 vam
772 1483 1181 1551 perfrictamque
1230 1484 1615 1551 impudentiam
1645 1484 1657 1533 !
1718 1484 1991 1534 hominum
2028 1482 2167 1533 enim

624 1575 1097 1641 teuiperantiorum
1126 1575 1379 1641 voluptas
1413 1574 1585 1626 noctis
1616 1574 1830 1626 silentio
1861 1573 2167 1641 tegebatur;

624 1676 767 1714 nunc
797 1677 924 1714 vero
960 1678 1062 1714 nox
1093 1671 1175 1716 est
1201 1703 1215 1725 ,
1266 1679 1385 1730 qua:
1424 1663 1698 1715 initiandis
1726 1678 1875 1715 sacra
1930 1661 2168 1715 libidinis

624 1757 900 1816 enuntiat;
940 1754 1175 1820 adeoque
1211 1753 1349 1820 ignis
1394 1750 1593 1821 ﬂagitia
1641 1754 1915 1806 succensis
1964 1753 2170 1807 facibus

626 1842 889 1895 illustrata
922 1842 1121 1909 pandit.
1155 1841 1448 1911 Exstingue
1480 1844 1553 1895 sis
1586 1843 1727 1896 hunc
1769 1844 1967 1910 ignem,
1998 1844 2171 1896 hiero-

2281 755 2500 823 προσέτι
2533 755 2628 823 τῆς
2668 754 2890 822 θέμιδος
2920 753 2986 805 τὰ
3013 752 3224 822 ἄρρητα
3249 751 3504 820 σύμϐολα,
3540 752 3860 821 ὠρίγανον,

2278 847 2484 914 λύχνος,
2531 846 2713 913 ξίφος,
2751 846 2897 907 κτεὶς
2933 847 3254 907 γυναικεῖος,
3285 845 3341 906 ὃς
3386 844 3529 896 ἐστιν
3570 845 3860 911 εὐφήμως

2279 940 2370 991 καὶ
2419 938 2669 1007 μυστικὸν
2718 939 2900 1007 μόριον
2947 939 3267 1003 γυναικεῖον.
3302 938 3362 987 Ὢ
3409 938 3506 1006 τῆς
3556 932 3861 1006 ἐμφανοῦς

2277 1026 2681 1095 ἀναισχυντίαςῐ
2724 1026 2895 1078 Πάλαι
2948 1026 3045 1093 μὲν
3108 1024 3407 1093 ἀνθρώποις
3466 1022 3856 1092 σωφρονοῦσιν

2280 1118 2629 1186 ἐπικάλυμμα
2678 1116 2887 1185 ἡδονῆς,
2933 1116 3027 1181 νὺξ
3076 1115 3427 1184 σιωπωμένη·
3469 1116 3585 1168 νυνὶ
3614 1115 3670 1165 δὲ
3718 1116 3855 1173 τοῖς

2283 1210 2653 1277 μυουμένοιςή
2682 1208 2799 1277 ἱερὰ
2827 1208 2923 1275 τῆς
2950 1208 3211 1275 ἀκρασίας
3238 1206 3331 1269 νύξ
3356 1208 3469 1258 ἐστι
3502 1204 3849 1271 λαλουμένηο

2278 1302 2368 1352 καὶ
2400 1300 2457 1351 τὸ
2500 1298 2606 1367 πῦρ
2630 1298 2836 1367 ἐλέγχει
2860 1298 2925 1349 τά
2950 1298 3091 1365 πάθη
3118 1296 3527 1367 δᾳδουχούμενα.
3571 1292 3856 1345 Ἀπόσεε-

2280 1407 2387 1450 σον,
2424 1384 2467 1441 ὧ
2506 1390 2819 1458 ἱεροφάντα,
2865 1390 2925 1439 τὸ
2972 1387 3110 1457 πῦρ·
3159 1385 3703 1455 αἱδέσθητιβαδοῦχε,
3730 1384 3849 1444 τὰς

2275 1480 2574 1549 λαμπάδας.
2614 1479 2848 1547 Ἐλέγχει
2876 1497 2966 1531 σου
2987 1480 3075 1531 τὸν
3106 1477 3319 1547 Ἴακχον
3346 1478 3406 1528 τὸ
3436 1476 3567 1544 φῶς·
3601 1475 3843 1545 ἐπίτρε-

2275 1570 2372 1637 ψον
2413 1569 2718 1639 ἀποκρῦψαι
2755 1574 2819 1639 τῇ
2855 1571 3006 1621 νυκτὶ
3035 1562 3120 1621 τά
3144 1569 3413 1637 μυστήρια
3450 1566 3645 1618 σκότει·
3686 1582 3848 1617 τετι-

2281 1660 2467 1728 μήσθω
2494 1660 2558 1711 τὰ
2591 1660 2767 1729 ὄργια.
2800 1642 2879 1709 ⁵Τὸ
2908 1658 3015 1728 πῦρ
3043 1659 3139 1726 οὐχ
3168 1659 3546 1727 ὑποκρίνεται·
3586 1656 3846 1725 ἐλέγχειν

2277 1751 2366 1801 καὶ
2393 1750 2634 1813 κολάζειν
2659 1750 2952 1802 κελεύεται.
2984 1749 3165 1802 Ταῦτα
3190 1750 3294 1801 τῶν
3318 1750 3489 1801 ἀθέων
3513 1748 3580 1801 τὰ
3619 1748 3844 1816 μυστήο

2278 1858 2385 1909 ρια.
2426 1840 2636 1901 Ἀθέους
2663 1840 2717 1890 δὲ
2745 1839 2962 1900 εἰκότως
2993 1837 3247 1890 ἀποκαλῶ
3270 1836 3508 1898 τούτους,
3535 1836 3584 1887 οἳ
3610 1832 3702 1885 τὸν
3730 1834 3842 1902 μὲν

624 1932 855 2000 phanta:
889 1942 1071 2000 tuque,
1102 1948 1133 1983 ο
1156 1932 1248 1999 qui
1278 1933 1456 1985 lumen
1477 1932 1716 2000 praefers,
1746 1941 1865 1984 tuas
1892 1932 2003 2000 ipse
2026 1932 2164 1986 faces

2270 1931 2432 1992 ὅντως
2467 1930 2591 1982 ὄντα
2620 1928 2747 1981 Θεὸν
2780 1930 3095 1999 ἠγνοήκασι,
3127 1929 3333 1981 παιδίον
3365 1927 3421 1979 δέ
3448 1924 3550 1979 ὑπὸ
3585 1925 3841 1978 Τιτάνων

624 2035 902 2073 reverere:
945 2020 1124 2073 lumen
1180 2021 1321 2073 istud
1377 2020 1629 2074 Iacchum
1686 2022 1914 2075 traducit
1971 2030 2163 2075 tuum:

624 2121 803 2177 patere
827 2119 1032 2163 noctem
1049 2112 1295 2178 mysteria
1316 2111 1551 2163 tenebris
1582 2112 1866 2169 occultare;
1894 2113 2164 2178 orgiorum

625 2201 815 2252 honori
848 2200 1158 2253 consulatur
1182 2190 1199 2251 ἐ
1234 2200 1374 2267 ignis
1408 2200 1663 2253 simulare
1693 2216 1799 2251 non
1830 2211 2001 2267 potest
2029 2219 2040 2251 :
2085 2216 2169 2252 ar—

625 2304 805 2359 guere,
837 2289 1135 2357 punireque
1158 2288 1329 2357 jubet.
1356 2281 1485 2341 liam
1518 2290 1679 2358 igitur
1708 2290 1794 2341 illa
1838 2301 1963 2341 sunt
1998 2290 2169 2341 homi-

626 2393 751 2429 num
780 2379 1059 2430 athcorum
1082 2379 1354 2447 mysteria.
1384 2377 1511 2432 Jure
1528 2380 1667 2432 enim
1701 2382 1889 2433 atheos
1916 2382 2167 2443 dixerim,

625 2471 765 2536 quia
800 2470 907 2522 veri
931 2468 1177 2523 Numinis
1196 2469 1497 2538 cognitione
1530 2486 1751 2537 prorsus
1779 2472 1958 2533 alieni,
1990 2470 2171 2537 pusio-

626 2575 745 2612 nem
772 2575 799 2611 a
826 2557 1105 2612 Titanibus
1131 2560 1459 2627 discerptum
1481 2599 1492 2620 ,
1529 2561 1817 2628 ejulantem
1875 2561 2168 2613 muliercu-

625 2653 752 2713 lam,
776 2661 1057 2719 partesque
1109 2654 1349 2719 corporis
1371 2693 1385 2715 ,
1409 2667 1543 2718 quas
1571 2655 1742 2720 pudor
1760 2652 2038 2705 nominare
2062 2666 2169 2705 non

626 2743 772 2805 sinit,
810 2742 1266 2810 impudentissime
1309 2750 1633 2815 venegantur
1669 2759 1683 2803 ;
1722 2749 1783 2793 ut
1814 2741 2015 2808 duplici
2070 2755 2169 2792 no—

2271 2021 2660 2087 διασπώμενον,
2700 2021 2791 2071 καὶ
2842 2020 3060 2087 γύναιον
3106 2018 3351 2080 πενθοῦν,
3396 2018 3488 2071 καὶ
3536 2016 3699 2086 μόρια
3731 2018 3843 2087 ἄῤ-

2276 2113 2432 2179 ρητα,
2475 2110 2547 2172 ὡς
2595 2110 2827 2180 ἀληθῶς,
2867 2112 2969 2163 ὑπὸ
3008 2110 3284 2178 αἰσχύνης,
3326 2106 3693 2177 ἀναισχύντως
3742 2107 3843 2159 σέ-

2276 2200 2443 2259 ϐουσι,
2477 2200 2622 2268 διττῇ
2655 2200 2990 2269 ὲνισχημένοι
3026 2202 3091 2269 τῇ
3122 2199 3399 2268 ἀθεότητι·
3431 2197 3673 2267 προτέρᾳ
3708 2196 3837 2265 μὲν,

2275 2290 2392 2341 καθ’
2420 2290 2485 2357 ἣν
2522 2290 2769 2355 ἀγνοοῦσι
2801 2292 2888 2341 τὸν
2926 2290 3075 2352 Θεὸν,
3120 2288 3209 2340 τὸν
3233 2289 3398 2351 ὅντως
3427 2288 3550 2340 ὄντα
3579 2288 3653 2357 μὴ
3689 2304 3840 2353 γνω-

2277 2379 2510 2447 ρίζοντες
2551 2380 2714 2432 Θεόν·
2765 2381 2922 2450 ἑτέρᾳ
2950 2380 3004 2431 δὲ
3047 2382 3139 2433 καὶ
3177 2380 3421 2449 δευτέρᾳ,
3465 2378 3635 2449 ταύτῃ
3656 2378 3722 2447 δὴ
3755 2381 3825 2446 τῇ

2273 2469 2445 2539 πλάνη
2471 2472 2592 2531 τοὺς
2624 2472 2719 2522 οὑκ
2742 2472 2897 2534 ὄντας
2920 2473 2989 2534 ὼς
3016 2472 3167 2534 ὄντας
3192 2470 3517 2540 νομίζοντες,
3549 2470 3644 2521 καὶ
3670 2470 3834 2530 θεοὺς

2271 2560 2486 2622 τούτους
2514 2561 2885 2630 ὀνομάζοντες,
2923 2562 3043 2625 τοὺς
3079 2564 3176 2613 οὐκ
3216 2562 3380 2625 ὅντως
3414 2562 3591 2623 ὄντας,
3625 2561 3835 2631 μᾶλλον

2274 2651 2331 2703 δὲ
2360 2652 2476 2703 οὐδὲ
2504 2652 2679 2715 ὄντας,
2712 2653 2871 2720 μόνου
2895 2653 2949 2703 δέ
2986 2652 3076 2703 τοῦ
3101 2653 3361 2721 ὀνόματος
3382 2652 3766 2722 τετυχηκότας.
3804 2671 3828 2703 s

2276 2741 2520 2793 Τοσαῦτα
2550 2743 2643 2793 καὶ
2668 2738 2836 2805 οὗτος.

625 2836 768 2886 mine
795 2834 1081 2902 impietatis
1114 2848 1175 2885 ac
1208 2842 1411 2901 negata:
1441 2834 1734 2885 divinitatis
1784 2833 1857 2884 rei
1907 2840 2207 2893 teneantur,
2252 2832 2440 2896 altero,
2479 2834 2621 2901 quod
2654 2833 2820 2887 Deum
2855 2834 3120 2901 ignorent,
3150 2833 3277 2887 dum
3318 2848 3656 2903 nequaquam
3697 2850 3828 2889 eum

624 2926 714 2993 qui
762 2940 883 2978 vere
931 2924 1070 2977 Deus
1112 2934 1193 2977 est
1233 2934 1559 2992 agnoscunt;
1613 2925 1799 2985 altero,
1856 2923 2000 2991 quod
2041 2938 2135 2976 eos
2179 2939 2483 2992 superesse,
2522 2927 2613 2993 qui
2656 2940 2760 2977 non
2806 2935 2969 2990 sunt,
3010 2928 3354 2990 arbitrentur,
3389 2926 3645 2993 ipsosque
3686 2925 3825 2979 deos

627 3026 952 3085 nuncupent,
978 3017 1068 3085 qui
1098 3026 1301 3071 tantum
1339 3034 1369 3071 a
1410 3034 1535 3071 vera
1583 3018 1859 3071 divinitate
1891 3018 2109 3082 absunt,
2156 3026 2213 3071 ut
2248 3032 2315 3071 ne
2347 3021 2616 3087 supersint
2653 3020 2891 3088 quidem,
2933 3034 3159 3089 eamque
3182 3028 3308 3073 sunt
3352 3018 3571 3071 nomine
3603 3018 3719 3071 solo
3748 3026 3833 3072 te-

626 3126 728 3165 nus
752 3108 1042 3177 aliquando
1080 3108 1373 3162 consecuti.
1412 3127 1430 3160 )
1466 3106 1581 3163 Huc
1622 3124 1793 3176 usque
1830 3108 2097 3161 Clemens.

1211 3201 1436 3255 CAPUT
1472 3201 1560 3255 IV.

664 3291 859 3357 Quibus
892 3293 1181 3347 rationibus
1206 3310 1237 3344 a
1264 3294 1604 3360 suscipiendis
1644 3294 1901 3360 ejusmodi
1934 3295 1995 3345 de
2021 3296 2123 3346 diis

998 3363 1323 3431 Opinionibus
1361 3364 1571 3416 abducti
1603 3366 1799 3415 simus.‘

695 3454 821 3506 Jnre
856 3470 983 3508 sane
1012 3472 1074 3509 ac
1097 3457 1289 3508 merito
1318 3470 1416 3507 nos
1442 3456 1508 3507 ab
1542 3456 1659 3508 istis
1694 3457 1947 3509 omnibus
1974 3456 2167 3507 libera—

627 3552 710 3594 tos
731 3558 847 3596 esse
873 3545 1214 3609 prolitemur,
1246 3545 1442 3611 quippe
1491 3545 1582 3611 qui
1614 3544 1725 3612 68
1771 3554 1877 3596 tam
1927 3545 2164 3597 diuturni

629 3645 845 3701 tamque
880 3634 1153 3686 inveterati
1189 3635 1386 3685 erroris
1415 3633 1491 3686 sic
1544 3642 1797 3701 tanquam
1833 3634 2164 3687 acerbissimi

628 3724 1035 3791 gravissimique
1059 3724 1228 3777 morbi
1260 3724 1617 3777 calamitatem
1650 3724 1953 3792 depulimus
1987 3744 1999 3777 :
2057 3726 2166 3793 pri-

628 3828 771 3863 mum
806 3812 1018 3879 quidem
1073 3812 1328 3880 singulari
1375 3814 1714 3879 praepotentis
1756 3812 1847 3865 Dei
1900 3812 2071 3883 gratia
2115 3820 2168 3866 et

627 3902 903 3963 beneficio,
935 3902 1126 3955 deinde
1155 3902 1455 3957 Servatoris
1496 3905 1661 3957 nostri
1695 3904 2014 3971 evangelica:
2067 3902 2165 3954 do-

626 3993 809 4045 ctrina:
839 3992 886 4044 vi
918 3992 1146 4060 quadam
1173 4001 1226 4044 et
1256 4002 1538 4060 potestate,
1571 4009 1691 4061 quae
1714 3994 1888 4046 verbis
1912 3992 2166 4060 explicari

628 4092 914 4150 nequeant,
946 4098 1079 4135 sano
1104 4083 1333 4151 denique
1363 4093 1680 4151 maturoque
1705 4084 1931 4136 consilio
1968 4085 2020 4136 in
2046 4099 2163 4137 eam

628 4172 839 4225 adducti
868 4175 1206 4236 sententiam,
1235 4182 1289 4226 ut
1325 4184 1609 4243 augustum
1659 4175 1911 4242 omnique
1940 4174 2159 4242 dignum

626 4260 965 4313 veneratione
1019 4259 1111 4312 Dei
1157 4275 1349 4313 nomen
1385 4261 1632 4314 obnoxiis
1662 4262 1820 4313 morti
1853 4261 2165 4313 hominibus

630 4350 907 4418 impertiri,
933 4348 1082 4403 nefas
1116 4358 1169 4401 ct
1225 4350 1444 4416 impium
1494 4350 1869 4414 crederemus,
1919 4349 2163 4417 quicum

629 4441 826 4508 pridem
858 4443 994 4494 inter
1020 4453 1261 4493 mortuos
1286 4443 1518 4508 jaceant,
1564 4448 1673 4491 tum
1710 4455 1835 4492 vero
1864 4450 2166 4507 temperan-

2788 3199 3179 3253 ΚΕΦΑΛΔΙΟΝ
3224 3202 3297 3253 Δ’.

2274 3291 2397 3342 Τίσι
2435 3289 2741 3357 λογισμοῖς
2776 3290 2880 3362 τοῦ
2910 3290 2994 3358 μὴ
3036 3291 3105 3342 τὰ
3134 3291 3302 3362 ὅμοια
3350 3293 3481 3360 περὶ
3506 3292 3827 3362 0861'ng—

2714 3358 2840 3411 νεῖν
2880 3358 3360 3429 ἀνεχωρήσαμεν.

2336 3450 2570 3511 Εἰκότως
2611 3450 2741 3519 δῆτα
2774 3452 2931 3519 ἡμεῖς
2972 3452 3170 3503 τούτων
3211 3452 3461 3504 ἁπάντων
3507 3452 3828 3523 ἐλευθέρους

2268 3543 2411 3610 ήμᾶς
2447 3539 2693 3608 γενέσθαι
2732 3542 3110 3611 ὁμολογοῦμεν,
3140 3544 3235 3613 τῆς
3263 3546 3475 3614 μακρᾶς
3504 3545 3595 3597 καὶ
3639 3562 3828 3597 πεπα-

2266 3631 2567 3699 λαιωμένης
2597 3632 2818 3699 πλάνης,
2852 3631 3037 3703 ὥσπερ
3069 3632 3210 3695 τινὸς
3238 3634 3413 3703 δεινῆς
3446 3636 3539 3686 καὶ
3574 3635 3829 3704 χαλεπω-

2265 3723 2429 3790 τάτης
2472 3722 2623 3772 νόσου
2662 3722 3075 3792 λελυτρωμένοι·
3120 3725 3212 3778 καὶ
3251 3725 3439 3795 πρῶτα
3478 3726 3574 3794 μὲν
3613 3729 3677 3796 τῇ
3718 3726 3828 3781 τοῦ

2268 3812 2693 3882 παντοκράτορος
2736 3812 2867 3865 Θεοῦ
2896 3815 3072 3885 χάριτι
3114 3817 3205 3868 καὶ
3239 3817 3542 3887 εὐεργεσία,
3568 3817 3827 3889 δεύτερον

2266 3900 2341 3963 δὲ,
2366 3903 2657 3973 ἀπορρήτῳ
2682 3904 2901 3973 δυνάμει
2938 3906 3037 3974 τῆς
3067 3904 3158 3957 τοῦ
3192 3906 3437 3975 Σωτῆρος
3469 3907 3622 3977 ήμῶν
3651 3910 3827 3985 εὐαγ-

2265 3992 2482 4061 γελικῆς
2520 3993 2895 4057 διδασκαλίας·
2934 3996 3026 4047 καὶ
3059 3996 3257 4064 τρίτον,
3299 3997 3529 4067 σώφρονι
3574 3998 3826 4069 λογισμῷ

2264 4082 2541 4150 κρίναντες
2564 4083 2768 4134 ἀνόσιον
2794 4084 2933 4135 εἶναι
2962 4086 3051 4135 καὶ
3077 4086 3286 4150 ἀσεϐὲς,
3323 4090 3388 4157 τῇ
3428 4085 3519 4139 τοῦ
3562 4087 3694 4140 Θεοῦ
3727 4106 3827 4141 σε·

2266 4170 2470 4241 ϐασμίᾳ
2526 4174 2862 4243 προσηγορίᾳ
2903 4177 3064 4243 τιμᾷν
3109 4178 3235 4238 τοὺς
3286 4177 3449 4229 πάλαι
3497 4180 3555 4231 ἐν
3604 4183 3823 4249 νεκροῖς

2266 4261 2547 4329 κειμένους
2589 4262 2809 4333 θνητοὺς
2849 4264 3065 4334 ἄνδρας,
3100 4266 3192 4318 καὶ
3230 4267 3348 4319 οὐδὲ
3398 4269 3686 4337 σωφρόνων
3726 4270 3825 4321 ἀν-

2264 4349 2402 4419 δρῶν
2449 4354 2663 4423 μνήμην
2699 4354 3143 4422 ἀπολελοιπότας,
3181 4358 3414 4427 ἐσχάτης
3451 4358 3506 4411 δὲ
3546 4360 3821 4429 ἀκρασίας

2266 4441 2358 4491 καὶ
2426 4442 2732 4505 ἀκολασίας,
2792 4446 3066 4513 ὠμότητός
3128 4463 3185 4498 τε
3246 4448 3339 4499 xui.
3397 4449 3821 4517 φρενοϐλαϐείας

630 4532 713 4583 tiae
742 4530 1114 4584 documentum
1141 4532 1452 4599 reliquerint
1481 4531 1706 4593 nullum,
1744 4531 1835 4583 sed
1868 4532 2044 4583 omnis
2066 4546 2155 4599 po-

2270 4527 2525 4597 δείγματα
2546 4535 2654 4594 τοῖς
2682 4536 2795 4600 μετ’
2822 4535 3014 4596 αὐτοὺς
3041 4536 3320 4601 φυλάττειν
3346 4538 3815 4607 παραδεδωκότας.

629 4621 733 4673 tius
761 4621 1207 4685 intemperantia,
1237 4622 1492 4685 libidinis,
1536 4621 1867 4689 crudelitatis
1926 4622 1990 4674 ad
2045 4623 2159 4674 ani-

628 4726 833 4763 morum
864 4711 1151 4778 perniciem
1180 4712 1505 4764 monimenta
1532 4714 1757 4778 posteris
1788 4713 2158 4765 conservanda

628 4800 965 4852 crediderint.
993 4798 1298 4859 Enimvero,
1333 4801 1455 4867 quis
1503 4815 1608 4851 non
1638 4812 1887 4854 extrema:
1919 4802 2159 4856 stultitiae

631 4888 863 4939 futurum
908 4889 955 4940 id
987 4889 1181 4950 videat,
1206 4888 1249 4939 si
1288 4888 1533 4941 homines
1559 4890 1925 4942 sanctimoniae
1955 4906 2015 4943 ac
2043 4906 2160 4943 mo-

628 4993 746 5029 rum
780 4977 1092 5045 integritatis
1136 4986 1395 5041 amantes,
1449 4978 1650 5044 primas
1680 4978 1977 5033 libidinosis
2014 4981 2162 5049 ﬂagi-

630 5069 889 5135 tiosisque
918 5068 1298 5120 concederent?
1335 5069 1378 5120 si
1426 5067 1619 5119 maturi
1654 5075 1813 5134 atque
1844 5070 2113 5135 sapientes
2143 5109 2156 5131 ,

630 5162 847 5228 perditae
879 5158 1229 5226 projectazque
1260 5160 1453 5211 mentis
1502 5160 1781 5221 homines;
1818 5160 1860 5210 si
1893 5162 2159 5225 aequitatis

632 5250 1083 5315 humanitatisque
1138 5248 1385 5308 studiosi,
1432 5264 1523 5302 eos
1551 5250 1641 5316 qui
1692 5258 1895 5299 tantum
1944 5250 2157 5303 diritate

631 5350 847 5395 ceteros
896 5350 947 5393 et
985 5338 1312 5391 immanitate
1361 5348 1710 5407 superarunt,
1764 5347 1821 5391 ut
1878 5341 2157 5393 sceleratas

633 5448 824 5485 manus
855 5430 1201 5485 exsecrandis
1255 5431 1540 5482 liberorum
1587 5442 1975 5499 parentumque
2010 5434 2158 5484 caedi-

630 5524 731 5575 hus
761 5523 1093 5576 cruentarint
1121 5563 1135 5587 ,
1172 5523 1555 5589 augustissimo
1592 5524 1735 5576 cultu
1786 5523 2158 5576 celebrarent?

628 5612 792 5679 Cujus
820 5626 945 5664 vero
973 5627 1075 5665 non
1100 5612 1471 5681 cogitationem
1490 5610 1757 5679 impietate
1786 5612 2047 5672 vicerunt,
2068 5616 2153 5679 qui

627 5701 711 5754 vel
760 5701 824 5755 ad
877 5701 1134 5756 obscenas
1160 5742 1175 5766 ,
1205 5716 1447 5769 quasque
1474 5716 1540 5753 ne
1570 5702 1789 5755 honeste
1820 5702 2033 5770 quidem
2069 5718 2157 5755 no-

622 5791 830 5844 minare
858 5790 1030 5851 liceat,
1064 5791 1301 5845 virorum
1330 5791 1717 5859 mulierumque
1754 5803 1949 5860 partes,
1976 5792 2054 5844 vcl
2090 5793 2151 5844 ad

2267 4618 2387 4682 Πῶς
2418 4620 2523 4690 γὰρ
2550 4622 2609 4672 οὐ
2653 4623 2864 4675 πάντων
2894 4625 3257 4693 ήλιθιώτατον,
3295 4630 3417 4691 τοὺς
3462 4632 3819 4703 σωφροσύνης

2267 4712 2492 4781 ἐραστὰς
2524 4716 2631 4775 τοῖς
2662 4716 2899 4784 αἰσχροῖς
2927 4718 3016 4767 καὶ
3043 4716 3354 4782 ἀκολάστοις
3387 4720 3490 4771 τῶν
3530 4723 3816 4791 πρωτείων

2268 4806 2627 4871 παραχωρεῖν,
2665 4805 2752 4854 καὶ
2797 4806 2918 4867 τοὺς
2964 4808 3212 4869 συνετοὺς
3261 4810 3351 4861 καὶ
3395 4809 3669 4879 ἔμφρονας
3701 4814 3817 4875 τοῖς

2267 4890 2360 4952 τὰς
2388 4892 2583 4963 φρένας
2610 4888 3089 4963 άπολωλεκόσῐτὴν
3120 4898 3415 4965 σεϐασμίαν
3444 4897 3701 4967 παρέχειν
3734 4910 3819 4951 τι·-

2270 4984 2400 5050 μήν·
2438 4984 2557 5042 τούς
2586 5000 2644 5033 τε
2686 4982 3019 5053 δικαιοσύνης
3058 4988 3150 5039 καὶ
3190 4982 3591 5056 φιλανθρωπίας
3638 4990 3829 5061 ἀσκηέ.

2265 5072 2358 5133 τὰς
2380 5113 2392 5135 ,
2420 5076 2529 5135 τοῖς
2557 5074 2621 5123 δι’
2651 5074 2949 5144 ὑπερϐολὴν
2973 5077 3247 5147 ὠμότητος
3278 5079 3370 5129 καὶ
3396 5078 3829 5160 ἀπανθρωπίαςη

2263 5162 2629 5223 τεκνοκτονίας
2658 5164 2749 5214 καὶ
2779 5166 3162 5234 πατροκτονίας
3197 5165 3489 5234 μιάσμασιν
3522 5164 3810 5237 ἐνισχημέ-

2265 5267 2404 5313 νοις;
2454 5251 2606 5301 ποίαν
2645 5250 2700 5301 δὲ
2745 5252 2840 5318 οὐχ
2886 5252 3301 5321 ὑπερηκόντισεν
3350 5252 3653 5324 ὑπερϐολὴν
3687 5255 3814 5304 ἀσε-

2264 5341 2429 5405 ϐειας,
2461 5339 2522 5391 τὸ
2566 5339 2914 5393 καταϐάλλειν
2948 5344 3025 5403 είς
3068 5342 3279 5411 ἀρῤητα
3327 5342 3532 5414 ἀνδρῶν
3576 5344 3672 5396 καὶ
3712 5360 3812 5409 γυ-

2263 5432 2457 5483 ναικῶν
2493 5430 2670 5499 μόρια,
2704 5433 2794 5483 xu‘t
2827 5434 2903 5495 εἰς
2935 5434 3031 5500 τὴν
3065 5432 3273 5499 ἄλογον,
3310 5431 3667 5508 καὶΙθηριώδη
3710 5431 3811 5501 cpti-

2266 5538 2365 5583 σιν,
2400 5520 2495 5588 τήν
2522 5521 2718 5589 σεμνὴν
2742 5524 2833 5573 καὶ
2868 5524 3131 5588 παναγίαν
3170 5522 3263 5574 τοῦ
3292 5512 3432 5577 Θεοῦ
3469 5526 3807 5597 πρόρρησινς

2261 5612 2481 5665 τοιαῦτά
2525 5629 2579 5663 τε
2634 5616 2828 5684 αἰσχρὰ
2888 5616 2978 5665 καὶ
3015 5615 3348 5685 ἀπάνθρωπα
3398 5615 3683 5682 θεολογεῖν,
3723 5609 3811 5667 οἶα

2263 5703 2350 5754 ἐπὶ
2395 5702 2505 5753 τῶν
2543 5706 2600 5754 ἐν
2644 5703 2943 5774 ἀνθρώποις
2992 5706 3323 5775 κακουργῶν,
3371 5709 3417 5757 εἰ
3449 5704 3815 5775 κατελεγχθῖμ

2261 5794 2377 5853 ταῖς
2424 5793 2526 5843 ἀπὸ
2573 5791 2677 5843 τῶν
2712 5794 2885 5861 νόμων
2934 5794 3319 5863 ἀπαραιτήτοις
3365 5793 3687 5845 ὑποπέσοιεν
3742 5795 3812 5847 ἂν
