4028 6332
112 419 218 474 Ιδὸ
1284 416 1599 472 ΡΒιΕΡΛΒ.
1642 416 1659 469 l

1762 414 1889 470 iNG.
1930 414 2055 477 LIB.
2089 414 2152 470 ll.
2684 466 2687 468 ,
3234 409 3334 466 154

105 537 445 608 τιμωρίαις;
485 537 593 590 Καὶ
632 535 685 590 τί
732 537 837 608 χρὴ
883 536 1137 608 μηκύνειν
1164 538 1659 609 ,εὐαγγελιζομένου

1787 544 2033 590 naturam
2064 534 2359 590 bestiarum
2418 534 2628 590 ratione
2660 534 2960 590 carentium
2997 530 3332 586 adorandum

111 628 353 692 πάντας,
390 626 657 699 βάρϐαρον
688 626 821 698 όμοῦ
860 629 954 681 καὶ
993 614 1259 697 Ἕλληνα,
1295 629 1391 696 τὴν
1425 628 1531 679 άπὸ
1567 627 1659 678 τῶι

1782 627 1911 680 illud
1944 636 2105 695 atque
2124 634 2536 681 sacrosanctum
2569 625 2662 680 Dei
2692 640 2887 680 nomen
2914 621 3339 692 abjecere?qui-

109 718 425 789 εἰρημένων
457 718 637 771 κακῶν
675 719 1001 790 ἐλευθερίαν,
1046 719 1145 789 τῆς
1179 736 1238 771 τε
1276 719 1381 771 ἀπὸ
1411 719 1516 772 τῶν
1544 720 1676 787 ψευ-

110 809 379 878 δωνύμων
415 810 550 862 θεῶν
577 810 905 873 άποστασίας
941 810 1022 874 τδ,
1046 810 1263 878 εὔλογον
1295 812 1373 871 εἰς
1402 809 1513 877 φῶς
1543 810 1675 877 ἀγα-

110 901 333 968 γόντας,
368 899 526 954 ὁπότε
561 902 653 953 καὶ
687 900 864 953 αὐτῶν
901 900 999 972 ἤδη
1041 902 1149 954 τῶν
1187 901 1387 971 σφόδρα
1418 901 1672 953 δεισιδαι-

120 990 299 1060 μόνων
339 992 392 1042 οί
435 990 666 1055 πλείους,
711 992 896 1062 ῶσπερ
941 994 1004 1044 ὲκ
1053 992 1243 1062 βαθέος
1283 993 1451 1063 κάρου
1491 993 1672 1062 διανή-

115 1082 339 1150 ψαντες,
374 1084 465 1136 καὶ
495 1085 593 1155 τῆς
622 1084 852 1146 παλαιᾶς
875 1084 1068 1153 ἀχλύος
1101 1086 1162 1138 τὸ
1190 1086 1287 1154 τῆς
1320 1084 1494 1153 ψυχῆς
1521 1085 1671 1155 δμμα

118 1171 495 1240 διανοίξαντες,
522 1174 611 1226 τὸν
636 1174 797 1243 βαθὺν
825 1174 993 1244 λῆρον
1006 1175 1236 1228 συνεῖδον
1258 1176 1353 1246 τῆς
1400 1177 1669 1245 πατρικῆς

122 1264 326 1337 πλάνης
344 1282 359 1296 ’
398 1268 488 1318 καί
526 1265 747 1326 στάντες
773 1265 863 1316 ἐπὶ
891 1264 1175 1334 λογισμοῦ,
1199 1266 1295 1335 τὴν
1328 1267 1515 1336 ἑτέραν
1554 1268 1669 1319 ὁδὸν

122 1354 342 1421 εἰ-λοντο,
357 1356 452 1425 τῆς
474 1355 705 1417 παλαιᾶς
726 1356 1205 1424 άναχωρήσαντες;
1229 1349 1301 1407 ὧν
1326 1358 1371 1408 οἰ
1392 1358 1487 1425 μὲν
1507 1358 1667 1424 ὁμόσε

126 1447 478 1515 χωρήσαντες,
526 1444 626 1513 τῆς
665 1445 791 1515 ὅλης
829 1445 1167 1496 κατέπτυσαν
1202 1446 1520 1514 μυθολογίας
1563 1446 1668 1498 τῶν

128 1536 391 1606 σφετέρων
439 1538 715 1605 προγόνων
766 1536 937 1589 πλατὺ
985 1536 1479 1605 καταγελάσαντεςο
1532 1540 1581 1591 οἱ
1623 1539 1666 1591 δ’

129 1627 403 1698 ἀθεότητος
433 1628 589 1691 δόξαν
615 1627 977 1689 ἐκκλίναντες,
1004 1626 1124 1679 οὔτε
1151 1628 1242 1679 ἐπὶ
1268 1632 1377 1691 τοῖς
1406 1629 1667 1701 πρότερον

126 1719 373 1788 ἔστησαν,
399 1717 521 1772 οὗτε
564 1718 623 1783 ἐξ
658 1719 893 1782 ἅπαντος
927 1719 1100 1771 αὐτῶν
1144 1720 1523 1790 ἀνεχώρησαν,
1574 1738 1666 1772 κο-

124 1808 371 1863 λακεῦσαι
428 1810 484 1862 δὲ
544 1810 638 1864 καὶ
687 1809 1012 1879 θεραπεῦσαι
1061 1810 1156 1879 τὴν
1217 1811 1418 1863 οἰκείαν
1472 1811 1666 1881 προθέ-

1779 735 1884 788 que
1907 719 2173 788 ejusmodi
2219 718 2545 787 ﬂagitiorum
2595 716 3057 785 immanitatisque
3091 724 3333 767 monstra

1781 810 1836 862 in
1867 808 2148 875 theologia:
2178 823 2292 863 sua;
2326 808 2597 878 mysteriis
2627 807 2916 870 tradidere,
2952 804 3255 874 cujusmodt
3287 804 3333 857 si

1778 915 1898 969 quae
1929 900 2007 953 vel
2028 900 2080 952 in
2108 898 2588 953 facinorosissimis
2625 898 2935 951 hominibus
2965 895 3335 963 deprehende-

1778 1001 1983 1054 rentur,
2031 1005 2219 1058 pmnas
2266 991 2522 1043 continuo
2559 989 2769 1058 legibus
2819 986 3149 1067 constitutas
3196 985 3328 1039 citra

1778 1081 1988 1135 veniam
2014 1096 2227 1134 omnem
2254 1079 2628 1135 sustinerent?
2666 1078 3012 1146 Quanquam,
3044 1076 3171 1145 quid
3213 1075 3335 1143 plu-

1776 1173 1928 1227 ribus
1954 1188 2088 1241 opus
2116 1181 2218 1238 est,
2256 1182 2317 1226 ut
2355 1172 2607 1225 universo
2642 1170 2946 1231 hominum,
3001 1178 3109 1222 tam
3148 1168 3335 1221 barba-

1776 1278 1959 1316 rorum
1994 1278 2153 1331 quam
2188 1260 2520 1324 Graecorum,
2573 1261 2754 1329 generi
2812 1259 3023 1314 felicem
3057 1268 3135 1313 tot
3162 1268 3334 1312 tanto-

1774 1370 2003 1422 rumque
2025 1353 2288 1407 malorum
2324 1352 2691 1405 liberationem
2713 1351 3089 1418 praedicemus,
3117 1365 3333 1404 causas-

1774 1458 1878 1510 que
1910 1453 2106 1497 nostra:
2136 1459 2166 1495 a
2197 1443 2397 1496 iictitiis
2439 1442 2753 1494 numinibus
2802 1438 3120 1493 defectionis
3149 1438 3333 1506 justis-

1773 1534 1940 1588 simas
1969 1535 2021 1586 in
2070 1534 2308 1588 medium
2343 1532 2668 1596 aﬂeramus;
2729 1547 2851 1585 cum
2900 1547 3086 1584 eorum
3121 1531 3283 1584 etiam
3312 1571 3327 1594 ,

1771 1624 1862 1691 qui
1889 1626 2121 1678 arctiore
2170 1633 2327 1677 antea
2365 1624 2751 1693 superstitione
2801 1624 3166 1685 tenebantur,
3215 1623 3330 1701 plu-

1773 1717 1896 1769 rimi
1926 1717 2039 1784 jam
2087 1717 2245 1785 quasi
2276 1731 2341 1769 ex
2393 1716 2502 1773 alto
2550 1715 2823 1769 diuturna:
2852 1716 3085 1783 crapulae
3109 1725 3331 1769 veterno

1772 1801 1838 1854 ad
1870 1803 2035 1856 animi
2066 1804 2353 1857 sanitatem
2380 1805 2683 1865 redeuntes,
2714 1812 2767 1857 et
2801 1805 2852 1856 in
2884 1805 3059 1858 media
3092 1805 3330 1872 antiqua:

124 1917 269 1969 μενοι
297 1901 464 1964 δόξαν,
498 1902 597 1964 τὰς
630 1902 756 1972 περὶ
798 1900 905 1953 τῶν
940 1899 1375 1971 τεθρυλλημένων
1410 1903 1536 1971 παρ’
1569 1904 1659 1955 αὑ-

1767 1893 1939 1949 noctis
1962 1893 2191 1963 caligine
2210 1894 2405 1947 mentis
2435 1892 2619 1947 oculos
2652 1894 2971 1961 aperientes,
3003 1891 3326 1962 profundam

118 1994 229 2054 τοῖς
273 1991 402 2045 θεῶν
450 1992 687 2060 ἱστορίας
736 1991 981 2061 ἀληθεῖς,
1032 1990 1230 2060 μύθους
1268 1988 1403 2045 εἶναι
1459 1993 1668 2071 πεπλαη

118 2081 342 2151 σμένους
361 2082 460 2134 ὑπὸ
481 2082 717 2151 ποιητῶν
741 2083 1102 2151 ἐπεφήμισαν,
1133 2081 1364 2147 φυσικὰς
1393 2083 1457 2133 ἐν
1481 2083 1661 2144 αὐτοῖς

118 2170 543 2241 ἀποκρύπτοντες
575 2170 827 2241 θεωρίας,
848 2164 921 2222 ῶν
949 2172 995 2222 εἰ
1026 2170 1119 2224 καὶ
1142 2172 1222 2222 ὅτι
1246 2172 1473 2240 μάλιστα
1498 2171 1661 2240 μηδὲν

1766 1984 1970 2038 erroris
1990 1983 2148 2052 patrii
2174 1983 2448 2037 vesaniam
2480 1984 2798 2051 agnoverint
2826 1983 2927 2051 ipsi
2949 1999 3186 2053 quoque,
3213 1984 3327 2037 sui-

1767 2092 1872 2145 que
1905 2076 2119 2130 tandem
2152 2090 2215 2129 ac
2248 2076 2470 2129 rationis
2494 2086 2788 2145 compotes,
2812 2091 3005 2129 novam
3033 2076 3325 2144 aliquando

1767 2166 1945 2235 prisca
1978 2167 2165 2221 relicta
2200 2166 2339 2219 viam
2398 2166 2659 2220 inierint?
2692 2166 2753 2219 Et
2788 2167 2879 2219 alii
2908 2167 3127 2237 quidem
3182 2167 3326 2221 velut

1769 2258 2015 2313 hostibus
2050 2259 2264 2312 obviam
2293 2268 2513 2313 strenue
2549 2259 2876 2327 prodeuntes
2905 2299 2920 2325 ,
2960 2268 3127 2312 totam
3162 2261 3322 2313 istam

114 2350 303 2415 γένοιτ’
336 2349 398 2402 ἂν
422 2352 551 2420 ἡμῖν
579 2352 612 2419 ὴ
642 2350 871 2412 ἔκθεσις,
905 2351 982 2412 εἰς
1011 2350 1238 2419 θεωρίαν
1262 2350 1370 2402 τῶν
1404 2352 1496 2403 καὶ
1517 2351 1659 2422 παρὰ

1767 2348 2073 2401 fabularum
2103 2349 2385 2401 colluviem
2413 2348 2697 2417 despuere,
2735 2348 2968 2417 majores
2989 2364 3120 2402 suos
3151 2347 3324 2403 eﬂ'uso

115 2439 318 2504 τούτοις
368 2440 574 2509 σεμνῶν
597 2457 609 2470 ’
633 2440 716 2503 ’ὡς
765 2439 830 2492 ἂν
880 2440 969 2492 καὶ
1004 2441 1099 2509 τῆς
1145 2440 1344 2493 τούτων
1384 2442 1659 2513 ἀναχωρή-

1766 2454 1981 2508 quoque
2009 2439 2123 2491 risu
2154 2439 2544 2506 cachinnisque
2578 2441 2853 2506 prosecuti
2890 2456 2901 2489 :
2937 2439 3025 2491 alii
3053 2454 3178 2491 vero
3218 2439 3323 2491 im-

119 2532 399 2599 σεως,,οὐκ
429 2531 602 2594 άλλως
645 2534 777 2601 ἡμῖν
809 2531 1249 2602 προξενηθείσης,
1288 2532 1320 2601 ἢ
1367 2534 1413 2584 εἰ
1446 2532 1531 2585 διὰ
1553 2528 1659 2601 ’τῆς

1763 2529 1979 2597 pietatis
2004 2528 2192 2581 saltem
2233 2543 2297 2581 ac
2323 2538 2512 2596 spretae
2542 2528 2850 2581 Diviuitatis
2898 2529 3203 2596 Opinionem
3231 2528 3326 2583 de-

117 2620 210 2675 τοῦ
243 2622 479 2693 Σωτῆρος
502 2622 657 2692 ἡμῶν
680 2622 1031 2691 εὐαγγελικῆς
1056 2623 1396 2686 διδασκαλίας
1419 2622 1479 2675 τὸ
1518 2621 1659 2674 εὔλο-

1768 2620 2050 2683 clinantes,
2082 2633 2183 2674 nec
2219 2619 2404 2673 eodem
2437 2636 2659 2687 prorsus
2685 2620 2735 2671 in
2757 2620 2979 2688 vestigio
3013 2620 3320 2682 constitere,

121 2727 211 2781 γον
245 2714 563 2784 παρασταίη.
590 2714 726 2784 Φέρε
754 2708 845 2766 οὖν
877 2714 971 2767 καὶ
995 2713 1194 2766 τούτων
1222 2714 1311 2766 τὸν
1345 2714 1496 2781 λόγον
1528 2713 1659 2766 άνω-

1768 2728 1868 2766 nec
1898 2714 1966 2767 ab
1991 2727 2055 2765 eo
2088 2721 2268 2765 tamen
2295 2712 2516 2764 omnino
2543 2711 2859 2765 discessere.
2894 2711 3005 2781 69
3036 2710 3173 2781 Ergo
3195 2726 3319 2767 cum

120 2802 207 2854 οεν
229 2804 570 2867 ἀναλαϐόντες
599 2803 1038 2874 ἐπισκεψώμεθα.

1768 2812 1967 2859 sectam
2004 2802 2092 2857 isti
2130 2818 2284 2858 suam
2314 2803 2483 2856 lenire
2505 2802 2908 2871 quodammodo
2943 2804 3204 2871 novisque
3229 2818 3321 2856 ar-

122 2894 258 2949 tibus
286 2910 572 2964 procurare
607 2895 955 2959 statuissent,
1012 2908 1167 2948 veras
1226 2892 1509 2946 numinum
1564 2910 1791 2949 suorum
1844 2895 2049 2949 tamdiu
2085 2895 2409 2964 jactatorum
2476 2895 2747 2959 historias,
2791 2896 3038 2962 ﬁgmenta
3078 2878 3321 2965 quaedam

116 2257 365 2328 φέρουσιν
414 2259 665 2329 ἀληθείας
712 2261 941 2329 δεῖγμα,
992 2259 1138 2329 ὅμως
1185 2260 1230 2312 δ’
1262 2256 1355 2313 οὖν
1396 2261 1663 2328 ἀναγκαία

121 2995 169 3038 et
194 2996 486 3040 commenta
515 2994 793 3056 poetarum
818 2984 1033 3039 .ominis
1084 2999 1247 3039 causa
1287 2984 1536 3043 meliores
1574 3000 1695 3041 esse
1734 2987 2008 3049 dixerunt,
2041 2986 2239 3053 quibus
2274 2986 2509 3039 rationes
2548 3000 2833 3055 causaeque
2867 3002 3047 3039 rerum
3102 2999 3323 3041 natura-

121 3073 245 3126 lium
298 3073 514 3128 inclusae
575 3073 863 3127 iatitarent.
929 3071 1167 3138 Quarum
1226 3071 1350 3125 licct
1402 3072 1609 3126 nullum
1662 3075 1883 3127 omnino
1930 3074 2174 3135 veritatis
2212 3074 2470 3128 indicium
2534 3074 2777 3143 proferre
2828 3076 3059 3145 possint,
3100 3092 3199 3135 nos
3241 3086 3322 3131 ta-

124 3183 239 3222 men
264 3171 483 3237 pretium
519 3184 698 3238 operae
730 3165 966 3224 facturos
1017 3169 1361 3233 arbitramur,
1418 3169 1489 3233 si,
1524 3184 1859 3238 quacunque
1916 3169 2055 3236 apud
2100 3184 2195 3223 eos
2235 3169 2597 3235 honestiorem
2637 3171 2929 3238 quamdam
2969 3184 3079 3238 prae
3129 3186 3188 3230 se
3238 3169 3319 3224 fc-

120 3268 237 3315 rant
262 3262 507 3329 speciem,
556 3262 611 3314 in
654 3273 896 3329 apertum
928 3263 1206 3330 lucemque
1238 3262 1600 3330 producamus
1625 3300 1639 3325 ,
1677 3271 1735 3315 ut
1769 3276 2035 3315 summam
2076 3262 2238 3329 hujus
2282 3270 2558 3329 praeterea,
2591 3276 2754 3329 quam
2813 3261 2881 3315 ab
2921 3262 2987 3314 iis
3034 3262 3179 3331 (non
3214 3262 3319 3317 alia

121 3366 244 3407 sane
292 3365 447 3419 quam
508 3350 814 3417 evangelica
864 3347 1166 3407 Servatoris
1204 3352 1373 3405 nostri
1408 3351 1656 3405 doctrina
1699 3351 1973 3405 informati
2026 3350 2374 3420 adductique)
2415 3349 2712 3405 faciendam
2769 3352 2930 3406 nobis
2985 3355 3318 3422 putavimus,

121 3443 453 3499 discessionis
486 3443 792 3513 aquitatem
816 3445 986 3500 oculis
1011 3461 1201 3501 omnes
1239 3455 1420 3502 tenere
1452 3448 1681 3516 possint.
1724 3447 1836 3517 Age
1874 3448 2074 3516 itaque,
2122 3462 2235 3501 rem
2289 3456 2455 3501 totam
2501 3447 2663 3502 altius
2704 3458 3028 3517 repetentes,
3090 3451 3316 3519 pr0pius

122 3538 551 3608 contemplemur.

84 3630 85 3633 “
621 3633 1008 3687 ΚΕΦΑΛΑΙΟΝ
1055 3635 1095 3687 Ε
1117 3673 1129 3686 .

227 3720 757 3789 Ἀνακεφαλαίωσις
782 3720 897 3774 τῶν
924 3724 1185 3788 πρόσθεν
1211 3724 1548 3791 εἰρημένων.

185 3808 291 3879 Τῆς
330 3812 424 3881 μὲν
462 3808 555 3865 οὖν
600 3811 909 3881 Ἑλληνικῆς
945 3810 1251 3881 θεολογίας,
1286 3813 1426 3881 λέγω
1456 3814 1519 3883 δὴ
1561 3816 1657 3883 τῆς

123 3900 379 3969 πανδήμου
418 3902 513 3956 καὶ
544 3902 936 3975 μυθικωτέρας,
972 3903 1063 3955 καὶ
1100 3902 1231 3955 πολὺ
1261 3905 1526 3975 προτέρας
1561 3905 1657 3975 τῆς

123 3990 260 4061 παρὰ
303 3992 493 4057 Φοίνιξι
536 3992 629 4045 καὶ
667 3993 1017 4061 Αἰγυπτίοις,
1054 3996 1160 4056 τοῖς
1213 4010 1272 4045 τε
1314 3994 1523 4058 ἄλλοις,
1583 3989 1656 4050 ὧν

123 4081 209 4133 καὶ
228 4081 319 4152 τὴν
349 4085 560 4153 μνήμην
586 4085 754 4155 οίπρὸ
779 4084 961 4137 τούτου
990 4085 1271 4155 περιέσχον
1297 4086 1460 4155 λόγοι,
1486 4089 1657 4141 τοιόσ-

123 4170 175 4223 δε
203 4189 279 4237 τις
304 4177 331 4226 ὁ
352 4176 546 4244 τρόπος
576 4176 945 4230 ἀποδέδεικται
964 4217 977 4239 ,
1010 4172 1119 4239 οίος
1155 4177 1240 4231 διὰ
1266 4178 1373 4230 τῶν
1401 4196 1657 4247 προεκτε-

124 4260 297 4316 θεισῶν
330 4264 536 4333 φωνῶν,
581 4265 756 4319 αὐτῶν
802 4266 864 4337 δὴ
912 4258 1018 4319 τῶν
1054 4267 1371 4337 Ἑλληνικῶν
1421 4287 1655 4342 συγγρα-

129 4354 272 4419 φέων,
312 4356 728 4427 προδεδήλωται·
759 4356 816 4409 δν
849 4359 941 4412 καὶ
974 4357 1192 4420 εἰκότως
1236 4360 1292 4409 ὲν
1326 4360 1517 4428 ἀρχαῖς
1556 4361 1654 4429 τῆς

130 4448 461 4516 προκειμένης
508 4449 862 4519 εὐαΠελικῆς
906 4450 1363 4522 Προπαρασκευῆς
1409 4453 1487 4513 εἰς
1537 4452 1652 4505 διά-

129 4535 302 4599 γνωσίν
324 4552 379 4588 τε
413 4537 504 4589 καὶ
530 4538 801 4610 ἐπίκρισιν
828 4543 937 4603 τοῖς
963 4541 1354 4611 ἐντευξομένοις
1376 4543 1652 4613 προτεθεί-

129 4641 301 4693 καμεν,
330 4627 403 4689 ὡς
430 4626 493 4679 ἂν
517 4629 670 4681 αὐτοὶ
697 4629 978 4700 μάθοιμεν,
1010 4633 1167 4700 ἡμεῖς
1196 4631 1252 4683 δὲ
1281 4631 1452 4695 αὐτοὶ,
1490 4633 1581 4685 καὶ
1606 4634 1652 4685 οἰ
1687 4668 1692 4673 -

130 4715 269 4769 τῶνδε
294 4716 452 4769 εἰσέτι
478 4718 571 4769 καὶ
591 4716 686 4771 νῦν
729 4719 964 4789 ἄπειροι,
996 4721 1136 4785 τίνες
1160 4722 1309 4783 ὄντες
1334 4722 1497 4775 πάλαι
1522 4724 1654 4793 πρό-

128 4821 279 4879 τερον,
330 4808 420 4862 καὶ
449 4807 574 4860 οἴων
619 4810 683 4860 ἐκ
738 4809 984 4879 πατέρων
1029 4812 1253 4879 φύντες,
1306 4813 1545 4882 πηλίκοις
1593 4830 1651 4865 τε

128 4899 294 4966 τπρίν
316 4902 502 4961 κακοῖς
534 4896 909 4966 πεπεδημένοι,
946 4897 1255 4962 δυσσεϐείας
1280 4918 1337 4954 τε
1366 4904 1533 4973 ὁπόση
1560 4906 1651 4957 καὶ

2374 3633 2603 3689 CAPUT
2636 3633 2698 3691 γ.

1811 3725 1994 3779 Brevis
2022 3740 2204 3777 eorum
2227 3740 2345 3793 qua:
2367 3728 2606 3793 superius
2630 3727 2774 3780 dicta
2805 3737 2927 3783 sunt
2950 3728 3266 3797 complexio.

1827 3815 2138 3870 Graecorum
2162 3816 2327 3883 igitur
2349 3816 2618 3884 vulgatam
2651 3818 2794 3871 illam
2818 3820 3168 3890 pluribusque
3189 3835 3313 3874 con-

1756 3915 1957 3962 textam
2009 3905 2205 3961 fabulis
2264 3906 2609 3975 theologiam,
2666 3919 2890 3977 qumque
2925 3920 3177 3977 praeterea
3224 3910 3309 3961 vel

1756 3994 2095 4057 Plimnicum,
2122 3994 2203 4049 vel
2233 3992 2632 4064 Egyptiorum,
2666 4010 2731 4049 ac
2763 4006 3081 4050 ceterorum
3103 4038 3118 4062 ,
3169 4012 3311 4065 quo~

1755 4103 1875 4141 rum
1914 4097 2037 4141 ante
2070 4087 2396 4141 mentionem
2434 4084 2687 4149 fecimus,
2719 4086 2935 4155 propria
2967 4086 3087 4150 fuit,
3121 4086 3307 4142 Grreca

1756 4178 1855 4233 ista
1878 4178 2034 4248 longe
2065 4177 2433 4242 vetustiorem,
2470 4177 2534 4230 ad
2578 4187 2701 4231 eum
2742 4194 2861 4232 sese
2931 4174 3151 4233 modu'm
3211 4179 3307 4232 ha-

1755 4269 1936 4324 buisse
1958 4276 2189 4333 constat,
2221 4284 2379 4337 quem
2410 4268 2687 4337 productis
2736 4268 2985 4338 superius
3019 4268 3307 4337 ipsissimis

1755 4352 2061 4409 Grecorum
2098 4364 2381 4409 auctorum
2415 4350 2593 4409 verbis
2629 4358 3151 4423 repraesentavimus.
3206 4357 3305 4410 At-

1755 4457 1861 4511 que
1889 4442 1941 4497 id
1965 4444 2095 4496 mihi
2127 4443 2343 4512 quidem
2374 4444 2692 4513 evangelicae
2725 4443 3159 4512 Praeparationis,
3185 4463 3306 4516 qua}

1755 4533 1858 4586 hoc
1882 4548 2043 4601 opere
2073 4534 2390 4599 instituitur,
2424 4535 2579 4588 initio
2614 4536 2896 4590 commode
2933 4535 3179 4605 positisse
3206 4514 3304 4588 ivi:-

1754 4624 1903 4689 deor,
1937 4624 2003 4677 iis
2033 4625 2126 4693 qui
2153 4623 2205 4677 in
2254 4626 2424 4693 ipsius
2456 4626 2684 4680 lectione
2728 4628 3109 4690 vorsabuntur,
3140 4641 3302 4681 excu-

1756 4715 1990 4769 tiendum
2011 4714 2326 4785 judicioque
2351 4732 2450 4771 suo
2468 4717 2895 4785 ponderandum,
2920 4725 2979 4769 nt
3007 4717 3182 4771 caeteri
3212 4732 3303 4769 no-
3412 4722 3415 4725 ’

1756 4808 1960 4862 hiscum
1998 4822 2217 4871 omnes,
2268 4822 2406 4876 quos
2435 4808 2612 4863 adhuc
2642 4823 2821 4860 rerum
2860 4808 3083 4861 istarum
3116 4804 3289 4874 cogni-
3334 4836 3343 4839 έ

1756 4900 1831 4952 ιὶο
1861 4898 2032 4962 latuit,
2074 4898 2391 4969 intelligant,
2414 4898 2601 4967 quales
2623 4897 2837 4953 tandem
2864 4911 2895 4949 a
2940 4898 3122 4952 multis
3157 4910 3279 4954 retrt

121 4983 371 5049 ἀγνωσίας
386 4986 517 5041 Θεοῦ
553 4986 687 5058 μέθῃ
721 4985 818 5048 τὰς
837 4986 1013 5055 ψυχὰς
1040 4992 1526 5060 κατορωρυγμένοι,
1553 4994 1650 5063 τῆς

1762 4987 1982 5049 saeculis,
2012 4986 2318 5055 quibusque
2342 4988 2454 5040 nati
2482 4987 2815 5054 parentibus,
2848 4990 3067 5055 quantis
3122 4991 3300 5058 impli-

124 5072 301 5126 τούτων
352 5077 602 5134 ἁπάντων
638 5077 969 5139 άνανεύσεως
999 5077 1093 5130 καὶ
1134 5078 1437 5149 ἐλευθερίας
1486 5081 1645 5149 ἠξιώ-

129 5161 295 5232 Θημεν,
327 5166 415 5219 διὰ
436 5170 563 5237 μιᾶς
594 5168 761 5238 μόνης
781 5168 879 5237 τῆς
920 5169 1272 5237 εὐαγγελικῆς
1308 5170 1647 5235 διδασκαλίας

128 5255 388 5319 οὺκᾱλλως
418 5260 546 5327 ἡμῖν
573 5259 1044 5329 πρυτανευθείσης,
1075 5260 1105 5327 ἢ
1132 5259 1197 5310 δι’
1221 5261 1532 5326 ἐπιφανείας
1554 5262 1645 5314 τοῦ

128 5343 348 5418 Σωτῆρος
379 5347 531 5418 ἡμῶν
582 5349 751 5419 Ἰησοῦ
790 5349 1019 5421 Χριστοῦ
1060 5348 1149 5401 τοῦ
1173 5348 1337 5401 Θεοῦ·
1376 5350 1433 5412 ὃς
1462 5351 1521 5403 οὐ
1553 5353 1646 5420 μέ-

132 5444 197 5501 ρει
216 5437 331 5506 γῆς,
360 5436 464 5489 οὐδ’
489 5440 549 5491 ὲν
581 5441 751 5510 γωνίᾳ
785 5440 963 5511 χώρας
995 5439 1176 5501 ἔθνους
1205 5439 1338 5501 ἑνὸς,
1371 5439 1489 5491 καθ’
1522 5440 1647 5509 ὅλης

127 5525 172 5578 δὲ
194 5528 283 5599 τῆς
324 5528 622 5600 ἀνθρώπων
650 5532 965 5600 οἰκουμένης
985 5570 997 5592 ,
1028 5529 1145 5584 καθ’
1178 5525 1242 5599 ἦς
1304 5528 1532 5597 μάλιστα
1579 5530 1647 5581 τὰ

126 5613 206 5682 τῆς
219 5617 595 5688 δεισιδαίμονος
622 5617 824 5689 πλάνης
847 5620 1222 5689 ὑπερίσχυσεν,
1245 5612 1332 5670 οἷά
1352 5635 1432 5681 τις
1451 5618 1646 5687 νοερῶν

127 5707 203 5759 καί
239 5709 467 5779 λογικῶν
505 5708 689 5780 ψυχῶν
735 5709 908 5779 ἥλιος,
943 5712 1040 5773 τὰς
1084 5711 1176 5763 τοῦ
1226 5710 1423 5763 οἰκείου
1474 5710 1645 5776 φωτὸς

125 5792 423 5863 ἑ(κυκλώσεις
452 5800 689 5865 ἀκτῖνας,
710 5798 842 5869 ὁμοῦ
874 5802 977 5853 πᾶν
1010 5801 1164 5868 γένος
1197 5800 1491 5873 ἀνθρώπων
1517 5799 1645 5872 βαρ-

1752 5078 1854 5132 cati
1879 5077 2053 5140 malis,
2085 5087 2287 5145 quanta
2318 5077 2533 5131 demum
2564 5078 2857 5146 impietatis
2889 5095 2954 5135 ac
2983 5080 3152 5134 divini
3185 5079 3298 5135 Nu-

1752 5169 1911 5221 minis
1944 5168 2313 5236 ignoratione,
2365 5176 2622 5235 tauquam
2661 5169 2765 5222 alta
2809 5169 3042 5239 quadam
3075 5171 3297 5238 crapula

1752 5258 1949 5320 obruti,
1982 5256 2170 5311 tollere
2196 5258 2383 5313 oculos
2432 5259 2721 5327 aliquando
2748 5302 2763 5325 ,
2818 5271 3033 5328 tamque
3085 5258 3296 5314 funesta

1751 5348 2006 5401 servitute
2035 5346 2248 5399 liberari
2283 5346 2444 5401 unius
2475 5350 2797 5420 evangelica
2828 5348 3084 5403 doctrina:
3108 5348 3158 5400 vi
3196 5348 3290 5403 be-

1751 5437 2047 5505 neﬁcioque
2075 5437 2429 5505 potuerimus,
2462 5454 2622 5508 quam
2650 5439 2889 5509 profecto
2922 5452 3028 5491 non
3058 5439 3163 5493 alia
3209 5454 3295 5491 ra-

1750 5526 1897 5600 tione
1926 5542 2133 5587 sumus,
2168 5544 2328 5595 quam
2369 5528 2497 5584 Jesu
2522 5529 2726 5585 Christi
2752 5526 3055 5583 Senatoris
3093 5529 3296 5599 Deique

1749 5619 1920 5671 nostri
1951 5618 2180 5671 adventu
2205 5622 2501 5675 consecuti.
2528 5620 2624 5674 Hic
2651 5620 2791 5674 enim
2829 5619 2914 5671 ille
2935 5630 3036 5684 est,
3059 5622 3148 5687 qui
3185 5636 3293 5676 non

1746 5714 1894 5776 parte
1920 5707 2095 5775 aliqua
2127 5717 2391 5763 terrarum
2418 5752 2431 5773 ,
2465 5719 2558 5763 aut
2583 5711 2758 5780 gentis
2788 5710 2948 5765 unius
2981 5712 3174 5781 angulo
3203 5728 3289 5765 rc—

1746 5798 1920 5868 gionis
1968 5799 2279 5868 includens,
2326 5803 2418 5858 sed
2468 5811 2579 5856 toto
2627 5802 2828 5871 passim
2876 5806 3031 5869 orbe,
3076 5804 3165 5857 ubi
3200 5805 3288 5858 de-
