3980 6338
729 371 831 429 135

1353 367 1621 425 Ευδεοιι
1657 362 2131 423 CESARJENSIS
2168 363 2284 419 OPF

2386 363 2539 419 ἈΚΒ
2572 363 2637 419 ll.
2676 394 2742 403 --
2780 362 3275 420 APOLOGETICA.

3846 355 3939 407 156

728 495 915 558 gerent
962 485 1205 541 homines
1233 525 1247 549 ,
1291 501 1506 556 quaque
1537 485 1880 555 potissimum
1928 467 2277 553 grassabatur

2386 482 2559 555 Βάρων
2588 499 2643 534 τε
2672 482 2765 534 καὶ
2791 481 3078 550 Ἑλλήνων,
3096 480 3282 551 ὥσπερ
3315 480 3373 546 ἐξ
3401 480 3594 550 ἀχλύος
3625 479 3833 551 δεινῆς,
3857 482 3947 535 καὶ

728 578 930 632 erroris
970 576 1324 643 superstitiosi
1381 576 1725 638 dominatus,
1754 576 1921 629 veluti
1943 573 2278 643 solquidam

728 668 1135 735 intelligentium
1196 683 1259 721 ac
1288 666 1499 721 ratione
1555 667 1904 736 praeditorum
1934 666 2239 719 animorum
2260 704 2276 731 ,

728 758 948 813 luminis
988 759 1072 811 sui
1125 759 1304 813 radios
1335 758 1493 826 longe
1539 756 1752 826 lateque
1783 756 2123 818 diﬂ‘undens,
2159 755 2281 808 uni-

726 867 941 905 versum
968 850 1247 903 hominum
1276 847 1632 901 harbarorntn
1661 846 1822 901 simul
1852 838 2279 913 Graecorumque

726 943 832 1012 70
854 957 1042 1011 genus,
1071 941 1314 1009 adeoque
1346 954 1445 996 nos
1475 957 1665 996 omnes
1696 941 2019 995 densissima
2051 938 2280 1007 caligine

726 1050 789 1087 ac
820 1034 1114 1097 teterrima,
1145 1047 1471 1102 omnemque
1491 1034 1665 1089 lucem
1709 1034 2027 1089 excludente
2060 1032 2281 1086 menda-

618 1127 629 1132 ’
725 1125 803 1180 cis
832 1139 1087 1193 ranaeque
1116 1125 1516 1194 superstitionis
1542 1135 1720 1190 nocte,
1770 1127 1825 1179 in
1853 1140 1996 1179 verte
2034 1140 2163 1194 erga
2196 1138 2281 1177 re-

724 1231 846 1269 rum
874 1216 1112 1268 omnium
1143 1216 1535 1270 moderatorem
1555 1216 1721 1271 Deum
1745 1218 1959 1287 pietatis
1989 1216 2129 1291 diem
2157 1215 2277 1267 vin-

724 1308 939 1361 dicavit.
972 1307 1277 1370 Enimvero.
1305 1317 1569 1379 quotquot
1602 1310 1802 1380 ubique
1831 1309 1959 1362 olim
1987 1308 2053 1362 ad
2087 1315 2276 1376 stupo-

734 1415 847 1452 rem
875 1415 1045 1468 usque
1064 1399 1306 1467 profanis
1320 1401 1385 1454 de
1406 1401 1629 1455 deorum
1649 1400 1992 1455 multitudine
2003 1400 2279 1454 erroribus

723 1498 829 1543 tam
861 1491 911 1542 in
942 1490 1189 1550 urbibus,
1224 1505 1385 1557 quam
1414 1490 1466 1543 in
1493 1491 1647 1561 pagis
1667 1491 2031 1556 adhazserunt,
2060 1491 2279 1545 eosdem

723 1590 1062 1634 mortuorum
1083 1581 1246 1648 idola,
1261 1581 1647 1652 hominumque
1666 1583 1871 1653 pridem
1890 1583 2279 1638 exsﬁnctorum

724 1673 1013 1726 simulacra
1054 1674 1208 1727 statis
1239 1688 1428 1728 omnes
1477 1675 1778 1729 honoribus
1804 1675 2057 1740 coluisse,
2086 1674 2279 1729 claris—

723 1764 877 1820 simis
912 1764 1250 1819 laudatorum
1303 1775 1429 1821 ante
1476 1767 1805 1836 scriptorum
1848 1767 2173 1822 testimoniis
2202 1782 2283 1820 ac

721 1856 945 1911 vocibus
975 1858 1359 1926 comprobatur
1387 1875 1399 1910 :
1437 1860 1511 1913 ita
1544 1861 1723 1929 plane,
1758 1869 1820 1913 ut
1858 1861 2103 1928 priscum
2150 1860 2281 1914 illud
2312 1845 2353 1898 Β

722 1946 1002 2000 hominum
1032 1963 1222 2017 genus,
1257 1960 1473 2018 propter
1505 1949 1737 2005 ferinam
1765 1964 1927 2018 supra
1959 1951 2179 2005 modum
2214 1965 2280 2004 eo

722 2045 965 2121 tempore
980 2039 1192 2091 vivendi
1216 2039 1501 2101 rationem,
1520 2040 1587 2093 de
1604 2054 1817 2093 summo
1839 2055 2017 2094 rerum
2039 2044 2280 2094 omnium

722 2131 912 2199 opiﬁce
938 2130 1045 2183 Deo
1068 2130 1201 2183 nihil
1224 2130 1448 2185 omnino
1470 2133 1749 2200 cogitaret,
1773 2148 1876 2187 nec
1901 2133 2138 2186 divinam
2165 2133 2282 2200 ejus

723 2221 778 2276 in
809 2223 1111 2291 repetendis
1143 2225 1404 2278 scelerum
1458 2223 1635 2293 poenis
1686 2215 1955 2291 justitiam
2011 2225 2282 2278 ullatenus

722 2323 1031 2379 vereretur,
1061 2314 1154 2367 sed
1187 2314 1241 2367 in
1291 2316 1472 2367 omnia
1522 2314 1844 2382 ﬂagitiorum
1894 2322 1947 2368 et
1994 2314 2282 2383 impietatis

699 2406 703 2407 “
725 2419 919 2475 genera
950 2404 1208 2473 praecipiti
1240 2407 1472 2474 quodam
1495 2415 1626 2458 aestu
1650 2414 1947 2473 raperetur.
1974 2403 2131 2468 Nam,
2157 2420 2281 2459 cum

724 2496 857 2549 nulli
916 2497 1091 2550 adhuc
1120 2496 1398 2549 hominum
1423 2497 1531 2550 vita
1564 2497 1771 2566 legibus
1804 2497 1872 2550 ad
1918 2497 2170 2550 virtutem
2198 2497 2282 2551 in-

725 2586 975 2649 formata,
1005 2586 1154 2639 nullo
1180 2587 1392 2640 mitiore
1420 2603 1482 2641 ac
1510 2588 1759 2655 politiore
1782 2587 1932 2642 cultu
1961 2595 2280 2656 temperata,

725 2677 898 2732 solute
922 2690 986 2730 ac
1016 2692 1167 2745 vage,
1195 2674 1496 2730 Nomadum
1525 2686 1619 2731 aut
1640 2678 1943 2733 belluarum
1967 2679 2146 2747 potius
2178 2678 2283 2731 ritu

725 2775 973 2837 ageretur
999 2785 1011 2820 :
1036 2766 1156 2821 aliis
1188 2764 1403 2835 quidem
1437 2766 1701 2834 pecudum
1737 2768 1911 2823 instar
1940 2766 2150 2821 ratione
2191 2781 2285 2819 ca-

725 2860 957 2914 rentium
978 2900 992 2924 ,
1032 2867 1225 2928 praeter
1258 2856 1561 2912 abdominis
1591 2859 1928 2913 saturitatem
1964 2860 2115 2927 pensi
2151 2858 2285 2911 nihil

723 2961 861 3013 erat,
895 2963 1127 3019 quorum
1172 2950 1227 3002 in
1280 2950 1493 3003 animos
1532 2949 1767 3018 primum
1794 2949 2085 3019 impietatis
2114 2964 2285 3018 genus

729 3045 893 3099 altius
920 3043 1104 3097 subire
1136 3043 1273 3095 solet
1304 3060 1317 3095 :
1352 3042 1443 3096 alii
1472 3057 1619 3105 vero,
1677 3042 1861 3095 inditis
1896 3056 1927 3094 a
1955 3051 2149 3096 natura
2181 3058 2281 3097 no-

725 3134 967 3187 tionibus
1016 3133 1282 3186 tantillum
1317 3132 1569 3199 excitati,
1617 3132 1785 3188 Deum
1832 3130 2051 3204 quidem
2094 3152 2156 3191 ac
2188 3136 2279 3191 Dei

725 3233 1044 3295 potestatem
1081 3226 1336 3280 salutaris
1362 3241 1425 3280 ac
1448 3226 1574 3279 boni
1604 3226 1880 3296 quidpiam
1910 3242 2031 3282 esse
2073 3229 2281 3299 cogita-

725 3318 884 3385 bant;
917 3319 1009 3373 sed
1031 3334 1153 3373 cum
1182 3318 1247 3372 ad
1280 3320 1395 3387 ejus
1413 3318 1771 3387 cognitionem
1796 3318 2117 3388 aspirarent,
2152 3320 2285 3374 sub-

728 3409 850 3464 latis
900 3418 953 3463 et
985 3410 1178 3464 erectis
1226 3409 1281 3462 in
1316 3410 1511 3463 cmlum
1536 3409 1753 3474 animis,
1788 3410 1898 3463 vim
1919 3411 1973 3463 in
2004 3425 2071 3465 eo
2092 3411 2289 3467 mentis

729 3501 1010 3568 aciemque
1034 3499 1296 3558 deﬁxere,
1332 3508 1712 3567 astrorumque
1744 3508 1862 3554 toto
1890 3502 2028 3555 cmlo
2083 3502 2289 3556 mican-

731 3592 866 3646 tium
885 3604 1189 3659 sensusque
1210 3588 1512 3643 ferientium
1534 3590 1985 3659 pulchritudinem
2013 3593 2283 3661 admirati,

732 3682 956 3735 deorum
987 3681 1054 3735 iis
1083 3696 1276 3735 nomen
1305 3681 1672 3750 honoremque
1711 3683 1963 3738 tribuere.
2006 3685 2112 3738 Alii
2134 3686 2284 3739 deni-

731 3789 836 3841 que
864 3773 915 3826 in
942 3783 1137 3826 terram
1168 3786 1287 3826 sese
1320 3772 1636 3841 animosque
1690 3773 2033 3829 devolventes
2066 3813 2082 3839 ,
2144 3790 2282 3844 quos

732 3873 886 3917 aetate
911 3880 1008 3918 sua
1046 3864 1319 3918 communi
1352 3878 1619 3918 consensu
1652 3866 2048 3942 aut'sapientiae
2078 3866 2281 3935 primas

734 3957 922 4009 tulisse
950 3956 1211 4018 viderent,
1241 3965 1332 4007 aut
1359 3958 1604 4023 corporis
1633 3957 1861 4022 viribus,
1907 3971 1971 4010 ac
2000 3956 2281 4025 potestatis

736 4047 1101 4118 magnitudine
1125 4047 1369 4115 pluribus
1392 4062 1512 4102 esse
1533 4049 1857 4112 dominatos,
1876 4048 2118 4118 gigantas
2134 4056 2284 4116 puta,

734 4141 817 4194 vel
852 4150 1133 4210 tyrannos,
1160 4139 1244 4193 vel
1291 4140 1573 4207 prmsligiis
1615 4140 1777 4193 etiam
1813 4138 2288 4192 fascinationibus—

2383 574 2762 646 ζοφερωτάτης
2785 590 2846 627 τε
2877 573 2970 626 καὶ¹
2998 572 3207 635 ἀειδοῦς
3220 570 3412 634 νυκτὸς
3438 572 3538 641 τῆς
3560 572 3947 642 δεισιδαίμονος

2383 666 2608 736 πλάνης,
2644 666 2736 718 ἐπὶ
2769 664 3023 735 λαμπρὰν
3062 664 3154 717 καὶ
3192 662 3579 733 διαυγεστάτην
3602 663 3821 733 ἡμέραν
3854 664 3947 733 τῆς

2381 757 2611 828 ἀληθοῦς
2665 758 2941 819 εὐσεϐείας
2973 754 3066 810 τοῦ
3116 755 3500 827 παμϐασιλέως
3527 754 3697 819 Θεοῦ,
3744 755 3947 816 πάντας

2381 852 2527 921 ἡμᾶς
2563 857 2944 921 μετεστήσατο.
2984 850 3284 920 Διάῤῥήδην
3316 847 3443 917 γοῦν
3486 850 3540 901 αἱ
3592 864 3943 919 προπαρατί-

2382 941 2556 995 θεῖσαι
2604 941 2811 1010 φωναὶ,
2868 940 3075 1010 νεκρῶν
3126 939 3472 1003 εἴδωλα,καὶ
3515 939 3727 1010 ἀνδρῶν
3782 938 3947 991 πάλαι

2380 1032 2780 1101 κατοιχομένων
2816 1032 3061 1095 εἰκόνας,
3100 1032 3305 1096 πάντας
3337 1031 3603 1101 πανδημεὶ
3649 1033 3781 1093 τοὺς
3808 1032 3947 1099 ἀμφὶ

2380 1122 2476 1193 τὴν
2508 1120 2770 1175 πολύθεον
2818 1122 3061 1191 πλάνην,
3106 1122 3245 1175 κατά
3270 1138 3330 1174 τε
3384 1120 3567 1184 πόλεις
3612 1122 3709 1173 καὶ
3758 1121 3947 1189 κώμας

2382 1214 2769 1285 ἐπτοημένους,
2797 1214 3117 1285 θεραπεύειν
3147 1231 3205 1267 τε
3240 1215 3333 1268 καὶ
3366 1215 3645 1286 περιέπειν
3670 1214 3942 1278 ἐδίδαξαν·

2380 1306 2487 1359 τῶν
2518 1306 2679 1359 πάλαι
2710 1306 2916 1377 ἀνδρῶν
2960 1306 3027 1359 δι’
3073 1306 3511 1377 ὑπερϐάλλουσαν
3540 1304 3632 1357 τοῦ
3677 1306 3805 1357 τότε
3837 1306 3943 1374 βίον

2382 1399 2693 1472 θηριωδίαν,
2716 1399 2849 1453 Θεοῦ
2887 1401 2983 1470 μὲν
3015 1398 3106 1461 τοῦ
3134 1399 3347 1454 πάντων
3372 1399 3701 1470 δημιουργοῦ
3747 1398 3943 1469 μηδένα

2381 1492 2537 1561 λόγον
2571 1493 2927 1563 ποιουμένων,
2967 1491 3098 1563 μηδὲ
3117 1492 3217 1561 τῆς
3241 1491 3389 1555 θείας
3411 1480 3502 1544 καὶ
3523 1493 3613 1544 ἐπὶ
3637 1492 3741 1562 τῆς
3774 1492 3881 1561 πλη
3888 1510 3947 1561 μ-

2387 1584 2716 1656 μελουμένης
2744 1585 2982 1657 τιμωροῦ
3014 1584 3167 1654 δίκης
3198 1584 3611 1654 ὲμπαζομένων,
3649 1586 3733 1647 είς
3773 1585 3947 1646 πάσας

2381 1674 2437 1728 δὲ
2490 1675 2864 1746 ἀνοσιουργίας
2925 1673 3388 1728 καταϐαλλόντων.
3431 1673 3596 1727 Οὔπω
3626 1675 3739 1746 γάρ
3786 1676 3947 1726 εἰσέτι

2382 1766 2559 1835 νόμων
2585 1768 2722 1831 τότε,
2759 1767 2877 1821 καθ’
2905 1766 2998 1830 οὒς
3021 1767 3125 1838 χρὴ
3150 1765 3317 1835 βιοῦν,
3350 1766 3716 1830 συνεστώτων,
3743 1766 3864 1820 οὐδέ
3888 1784 3943 1834 γε

2381 1857 2479 1928 τῆς
2502 1860 2705 1928 ἡμέρου
2726 1859 2997 1921 πολιτείας
3019 1861 3076 1912 ὲν
3100 1857 3402 1929 ἀνθρώποις
3435 1858 3940 1929 κατατεταγμένης·

2381 1951 2665 2021 ἀνειμένου
2694 1951 2749 2004 δὲ
2795 1953 2887 2004 καὶ
2919 1950 3206 2021 νομαδικοῦ
3237 1951 3329 2004 τοῦ
3376 1950 3486 2020 βίου
3508 1991 3521 2015 ,
3560 1950 3862 2021 θηριώδους
3892 1967 3943 2001 τε

2382 2041 2720 2103 καθεστῶτος
2741 2059 2753 2071 ·
2790 2045 2900 2104 τοῖς
2928 2041 3024 2112 μὲν
3055 2041 3381 2114 θρεμμάτων
3412 2043 3621 2109 ἀλόγων
3654 2043 3814 2112 δίκην
3843 2042 3942 2096 τῶν

2382 2133 2479 2203 τῆς
2504 2133 2737 2201 γαστρὸς
2770 2134 2983 2204 ἀποπλη
2993 2132 3207 2204 ρὼσεων
3240 2134 3397 2186 πλέον
3424 2134 3573 2186 οὐδὲν
3598 2133 3845 2204 ἔμελλεν,
3870 2128 3944 2197 οἷς

2383 2224 2473 2274 καὶ
2506 2222 2718 2293 πρῶτος
2758 2223 3045 2295 ἀθεότητος
3091 2225 3405 2296 ὑποικουρεῖ
3445 2225 3641 2296 τρόπος
3662 2240 3676 2254 ·
3715 2227 3766 2278 οἱ
3798 2225 3839 2276 δ’
3873 2228 3942 2288 εἰς

2384 2316 2551 2386 βραχύ
2580 2333 2629 2367 τι
2662 2318 2915 2385 φυσικαῖς
2959 2315 3184 2379 ἐννοίαις
3226 2315 3655 2385 ἀνακινούμενοι,
3707 2313 3826 2367 θεὸν
3857 2312 3943 2367 καὶ

2382 2408 2514 2460 Θεοῦ
2549 2408 2795 2479 δύναμιν,
2832 2408 3094 2479 σωτήριόν
3126 2425 3177 2460 τι
3220 2408 3315 2460 καὶ
3351 2406 3553 2475 ἀγαθὸν
3586 2403 3723 2459 εἶναι
3764 2406 3941 2477 χρῆμα

2381 2500 2747 2570 διενοήθησαν,
2775 2501 2955 2570 εὑρεῖν
2990 2498 3058 2551 δὲ⁴
3084 2498 3271 2551 τοῦτον
3308 2498 3676 2569 ἐθελήσαντες,
3706 2498 3820 2551 ἄνω
3853 2498 3941 2567 μὲν

2383 2591 2479 2652 τὰς
2506 2590 2679 2660 ψυχὰς
2704 2591 2782 2652 είς
2811 2589 3035 2659 οὐρανὸν
3067 2588 3293 2653 ἔτειναν,
3324 2589 3505 2642 αὐτόθι
3536 2589 3593 2641 δὲ
3633 2591 3699 2659 τῇ
3742 2588 3939 2657 διανοίᾳ

2386 2681 2623 2743 στάντες,
2655 2682 2748 2734 καὶ
2773 2681 2880 2733 τῶν
2912 2681 3031 2734 κατ’
3053 2679 3276 2752 οὐρανὸν
3308 2680 3601 2749 φαινόντων
3626 2698 3686 2732 τε
3710 2680 3804 2732 καὶ
3830 2696 3940 2745 φαι-

2383 2773 2620 2843 νομένων
2662 2774 2960 2844 φωστήρων
2995 2770 3430 2842 καταπλαγέντες
3466 2770 3534 2825 τὰ
3564 2771 3733 2843 κάλλη
3756 2809 3771 2835 ,
3802 2770 3937 2823 ταῦτ’

2383 2860 2517 2917 εἶναι
2542 2863 2694 2927 θεοὺς
2723 2862 3283 2935 ἀπεφὴναντο.Τρίτοι
3309 2863 3366 2916 δὲ
3386 2862 3552 2927 ἄλλοι,
3587 2863 3729 2930 σφᾶς
3755 2860 3939 2921 αὐτοὺς

2382 2956 2473 3008 ἐπὶ
2505 2957 2605 3026 γῆς
2638 2955 2907 3026 ῥίψαντες,
2937 2957 3061 3019 τοὺς
3095 2957 3189 3010 ἐπὶ
3222 2956 3434 3019 συνέσει
3463 2954 3571 3007 τῶν
3602 2956 3726 3008 κατ’
3758 2954 3937 3015 αὐτοὺς

2382 3047 2673 3117 προφέρειν
2702 3047 3138 3118 νενομισμένους,
3173 3047 3206 3118 ἢ
3239 3047 3335 3101 καὶ
3370 3046 3531 3120 ῥώμῃ
3566 3046 3820 3117 σώματος
3856 3046 3939 3097 καὶ

2382 3138 2694 3200 δυναστείας
2727 3137 2869 3206 ίσχύῖ
2899 3136 3007 3189 τῶν
3040 3137 3298 3192 πλειόνων
3331 3140 3827 3211 ὲπικρατήσαντας,
3861 3137 3937 3203 γί-

2384 3225 2584 3294 γαντάς
2604 3242 2775 3289 τινας,
2804 3227 2836 3295 ἢ
2877 3225 3189 3298 τυράννους,
3219 3224 3253 3298 ἢ
3291 3228 3387 3281 καὶ
3417 3228 3636 3299 γόητας,
3673 3228 3771 3281 καὶ
3810 3242 3938 3296 epap-

2391 3315 2594 3385 μακέας
2614 3317 2830 3387 ἄνδρας,
2854 3316 2917 3369 ἐκ
2941 3335 3081 3381 τινος
3103 3317 3211 3371 τῶν
3244 3317 3529 3391 θειοτέρων
3561 3316 3935 3379 ἀποπτώσεως,

2387 3405 2482 3468 τὰς
2521 3409 2877 3477 κακοτέχνους
2905 3409 3158 3479 γοητείας
3191 3410 3750 3481 συνεσκευασμένους·
3792 3410 3824 3480 ἢ
3857 3408 3937 3460 καὶ

2388 3502 2511 3563 τοὺς
2554 3500 2742 3564 ἄλλους
2776 3502 2958 3572 κοινῆς
2988 3502 3049 3554 τέ
3092 3518 3237 3566 τινος
3283 3504 3375 3557 καὶ
3408 3503 3701 3575 βιωφελοῦς
3734 3505 3935 3574 εὐεργεο

2391 3592 2507 3654 σίας
2539 3591 2932 3663 προάρξαντας,
2962 3591 3166 3656 ζῶντάς
3196 3609 3258 3646 τε
3283 3592 3362 3647 ἔτι
3402 3595 3497 3647 καὶ
3526 3594 3661 3663 μετὰ
3697 3593 3936 3663 τελευτὴν

2403 3684 2553 3745 θεοὺς
2590 3684 2952 3759 ἐπεφήμισαν.
3000 3681 3190 3734 Ἔνθεν
3234 3683 3414 3745 αὐτοῖς
3446 3684 3539 3736 καὶ
3569 3683 3619 3735 οἱ
3660 3683 3769 3736 τῶν
3815 3682 3934 3735 θεῶν

2387 3768 2543 3836 οἶκοι,
2570 3771 2775 3841 νεκρῶν
2808 3767 2941 3823 εῖναι
2972 3770 3129 3840 τάφοι
3170 3771 3611 3842 μνημονεύονται,
3646 3773 3721 3835 ὼς
3742 3776 3770 3825 ό
3802 3772 3936 3841 Κλή-

2391 3879 2495 3931 μης
2538 3863 2594 3913 ἐν
2622 3860 2699 3931 τῷ
2744 3860 2878 3931 πρὸς
2915 3860 3177 3932 Ἕλληνας
3218 3861 3664 3929 Προτρεπτικῷ,
3713 3864 3929 3933 ἱστορεῖ,

2386 3952 2479 4005 τοῦ
2531 3952 2688 4019 λόγου
2738 3953 3017 4024 μάρτυρας
3056 3953 3253 4016 αὐτοὺς
3281 3951 3543 4023 Ἕλληνας
3592 3954 3928 4025 ἐπαγόμενος.

2390 4044 2451 4095 Εἰ
2494 4042 2549 4094 δέ
2594 4060 2671 4095 σοι
2723 4042 2891 4110 φίλον,
2926 4038 3079 4105 αὖθις
3122 4044 3215 4095 καὶ
3252 4042 3437 4096 τούτου
3479 4044 3624 4097 τόνδε
3651 4046 3932 4117 γράφοντος

2392 4134 2552 4187 ἄκουε
2584 4136 2674 4188 τὸν
2704 4137 2925 4205 τρόπον.

735 4248 841 4303 que
892 4233 1121 4296 nobiles,
1172 4235 1263 4301 qui
1296 4247 1417 4284 cum
1478 4246 1507 4285 a
1547 4232 1708 4285 rebus
1736 4229 2107 4299 idivinioribus
2139 4228 2641 4298 quomodocumque
2673 4228 2884 4283 tandem
2946 4229 3291 4291 excidissent,
3347 4227 3617 4282 maleﬁcae
3654 4226 3927 4282 veneficio-

737 4344 859 4383 rum
899 4339 1039 4382 artes
1083 4327 1449 4381 conﬂaverant
1487 4344 1499 4379 :
1542 4327 1851 4395 quicunque
1887 4324 2106 4379 demum
2148 4324 2452 4378 communis
2484 4303 2981 4393 alicujus'beneflcii
3020 4332 3182 4391 atque
3210 4323 3276 4377 ad
3307 4324 3430 4377 vita:
3456 4322 3710 4375 humana:
3753 4320 3928 4373 utilita-

738 4435 845 4478 tem
881 4424 1196 4492 pertinentis
1229 4433 1475 4477 auctores
1513 4422 1761 4487 fuissent,
1802 4421 2001 4490 partim
2046 4421 2199 4473 vivos
2226 4420 2402 4473 adhuc
2441 4428 2494 4473 et
2525 4418 3033 4488 spirantes,.partim
3081 4416 3188 4486 jam
3222 4424 3395 4470 morte
3447 4413 3662 4469 functos
3708 4428 3807 4485 pro
3837 4412 3928 4465 diis

738 4521 1117 4589 praedicarunt.
1175 4519 1357 4589 Itaque
1383 4520 1606 4573 deorum
1658 4520 1900 4588 ipsorum
1963 4517 2145 4581 aedes,
2204 4526 2544 4571 mortuorum
2605 4515 2851 4585 sepulcra
2891 4529 3008 4569 esse
3070 4513 3435 4582 perhibentur,
3492 4511 3927 4581 quemadmodum

737 4615 987 4670 Clemens
1027 4615 1079 4665 in
1117 4629 1199 4677 ea,
1236 4629 1395 4681 quam
1456 4615 1521 4667 ad
1570 4614 1789 4668 Graecos
1847 4615 2068 4679 scribit,
2118 4615 2473 4667 cohortatione
2544 4618 2949 4677 commemorat,
2996 4609 3304 4664 Graecorum
3362 4607 3601 4677 ipsorum
3640 4605 3926 4663 testimonia

740 4707 1037 4775 proferens,
1078 4722 1236 4776 quem
1268 4716 1345 4771 tu,
1378 4708 1421 4759 si
1450 4707 1641 4774 placet,
1669 4709 1811 4760 hunc
1838 4708 1891 4759 in
1918 4708 2137 4761 modum
2169 4722 2359 4761 rursus
2382 4707 2685 4776 loquentem
2710 4705 2857 4760 audi;

1290 4802 1390 4870 71
1422 4799 1646 4857 CAPUT
1682 4801 1773 4855 vi.

744 4890 995 4959 sepulcra
1021 4902 1337 4945 mortuorum
1359 4909 1487 4956 esse,
1518 4908 1633 4961 qua:
1654 4892 1866 4944 deorum
1896 4891 2086 4960 templa
2121 4892 2291 4943 nomi-

1409 4978 1622 5016 nantur.

825 5068 845 5100 ι
872 5049 1088 5114 Mirum,
1106 5052 1300 5119 inquit,
1322 5054 1561 5121 profecto
1582 5053 1753 5107 videri
1783 5068 1888 5106 non
1923 5054 2098 5117 debet,
2122 5056 2168 5107 si
2202 5067 2295 5106 ne-

751 5144 923 5199 fanda:
955 5145 1353 5214 superstitionis
1396 5162 1567 5211 error,
1596 5157 1943 5215 posteaquam
1968 5144 2183 5215 aliquod
2206 5158 2291 5198 se-

750 5238 857 5291 mel
884 5238 1095 5291 initium
1131 5236 1457 5305 accepisset,
1490 5236 1763 5304 ﬂagitiosae.
1803 5238 2034 5291 vesaniae
2058 5235 2180 5290 fons
2203 5250 2296 5289 ex-

752 5329 964 5382 stiterit.
1014 5328 1299 5383 Enimvero
1352 5345 1472 5382 cum
1519 5330 1803 5383 intercisus
1858 5329 1944 5383 ille
1972 5338 2155 5397 postea
2185 5342 2293 5381 non

751 5419 962 5484 fuisset,
982 5425 1070 5477 sed
1094 5425 1272 5491 potius
1302 5424 1454 5476 novis
1488 5424 1539 5474 in
1570 5424 1684 5476 dies
1716 5424 2054 5479 incrementis
2083 5431 2292 5495 auctus,

752 5523 945 5578 magna
989 5512 1037 5562 vi
1067 5513 1276 5567 tandem
1313 5526 1375 5565 ac
1418 5511 1717 5565 vehementi
1763 5528 1923 5567 cursu
1957 5512 2082 5566 ferri
2112 5512 2294 5579 ccepit.

2916 4793 3304 4853 ΚΕΦΑΛΑΙΟΝ
3335 4798 3422 4863 ς’.

2396 4895 2533 4963 Περὶ
2592 4894 2695 4947 τοῦ
2742 4890 2963 4959 νεκρῶν
3008 4888 3177 4963 εἶναι,
3214 4885 3557 4963 τάφους-τὰ
3614 4882 3924 4950 καλούμενα

2846 4965 3039 5021 αὐτῶν
3072 4962 3195 5031 ιερὰ
3222 4960 3340 5015 τῶν
3368 4960 3531 5015 θεῶν.

2477 5074 2495 5105 ι
2528 5052 2633 5123 (91)
2656 5054 2887 5115 Εἰκότως
2908 5052 3015 5121 ἄρα
3032 5052 3203 5120 ἀρχήν
3229 5049 3388 5120 ποθεν
3410 5048 3443 5116 ὴ
3463 5043 3831 5124 δεισιδαιμονία
3846 5041 3922 5091 λα-

2401 5147 2586 5208 ϐοῦσα,
2620 5146 2813 5207 κακίας
2841 5144 3063 5213 ἀνοήτου
3101 5141 3289 5209 γέγονε
3320 5140 3491 5209 πηγή·
3518 5137 3609 5190 ἐπε
3620 5155 3705 5191 ιτα
3729 5137 3797 5206 μὴ
3815 5134 3923 5185 ἀνα-

2400 5243 2648 5305 κοπεῖσα,
2703 5237 2813 5290 ἀλλ’
2860 5238 2935 5299 εἰς
2978 5235 3210 5287 ἐπίδοσιν
3258 5230 3515 5293 ἐλθοῦσα,
3569 5230 3701 5283 πολὺ
3744 5226 3801 5296 δὴ
3827 5216 3917 5291 (99)

2400 5334 2604 5400 ῥυεῖσα,
2656 5316 2977 5398 δημιουργὸς
3030 5325 3235 5379 πολλῶν
3281 5322 3592 5377 καθίσταται
3648 5318 3917 5389 δαιμόνων.

2400 5420 2699 5491 έκατόμὸας
2750 5419 3003 5483 ποιοῦσα,
3067 5418 3158 5470 καὶ
3221 5412 3547 5483 πανηγύρεις
3601 5404 3913 5464 ἐπιτελοῦσαν

2401 5513 2688 5580 ἀγάλματα
2715 5510 3000 5571 ἀνιστῶσα,
3031 5505 3129 5561 καῖ
3144 5507 3275 5569 νεὼς
3294 5504 3727 5575 ἀνοικοδομοῦσα,
3746 5498 3827 5559 οὒς
3865 5491 3918 5558 δὴ

822 5703 933 5778 (9i)
975 5702 1151 5778 Locus
1170 5715 1252 5761 est
1272 5706 1839 5778 Clement._Al_e;andr.
1859 5724 1921 5761 ex
1946 5706 2287 5777 Protreptico,
2328 5721 2381 5776 ιι.
2413 5708 2503 5778 2‘2,
2538 5706 2951 5772 Graeco-Latini,
2983 5705 3193 5761 Herveti
3219 5712 3394 5760 autem
3424 5702 3513 5758 47.
3590 5716 3595 5721 '

821 5775 934 5847 (9‘2)
974 5775 1204 5830 Montac.
1235 5778 1437 5847 legend.
1470 5775 1634 5845 πολλὴ
1654 5776 1738 5845 δή,
1765 5780 1981 5833 rectius.
