4028 6332
119 379 225 433 137

1291 364 1608 421 ΡΒᾸΞΡΑΒ.
1652 362 1902 417 EVANG.
1941 363 2070 417 LIB.
2108 361 2171 418 II.

3271 389 3365 441 l38

119 497 272 563 (οὐδὲ
302 490 583 569 γάρτοῦτο
604 490 965 561 σιωπήσομαι,
987 488 1189 561 πρδςδὲ
1214 489 1309 541 καὶ
1333 488 1461 541 αὐτὸ
1480 486 1688 556 ἐλέγξω

1807 484 1930 541 Mox
1964 488 2145 558 itaque
2176 489 2552 559 multiplicium
2598 491 2903 549 daemonum
2939 498 3265 558 architectus
3291 507 3363 559 cr-

120 588 266 651 νεὼς
303 588 405 658 μὲν
449 585 703 653 εὐφήμως
740 579 1184 652 ὀνομαζομένους,
1216 580 1417 649 τάφους
1445 580 1500 634 δὲ
1543 598 1697 649 γενο-

124 681 355 750 μένους,
390 676 629 730 τουτέστι
659 674 784 737 τοὺς
827 674 1026 741 τάφους
1048 671 1181 735 νεὼς
1219 672 1693 743 ἐπικεκλημένους.

132 772 337 842 Ὑμεῖς
363 769 422 822 δὲ
464 766 597 821 ἀλλὰ
637 764 740 819 κᾶν
790 763 885 817 νῦν
922 762 1333 833 δεισιδαιμονίας
1386 762 1694 827 έκλάθεσθε,

124 863 257 925 τοὺς
312 860 513 927 τάφους
542 857 706 926 τιμᾷν
752 853 1142 924 αἰσχυνόμενοι.
1189 854 1277 906 Ἐν
1323 851 1401 923 τῷ
1444 852 1556 924 ναῷ
1600 854 1698 925 τῆς

139 958 377 1028 Ἀθηνᾶς
405 958 460 1008 tv
492 951 754 1023 Λαρίσσῃ,
800 952 857 1001 tv
898 952 961 1019 τῇ
1012 947 1322 1019 ἀκροπόλει,
1357 948 1522 1015 τάφος
1551 947 1696 998 ἐστὶν

138 1040 448 1119 ,Ακρισίδυ-
484 1044 734 1115 Ἀθήνησι
765 1041 822 1093 δὲ
860 1042 917 1093 tv
952 1043 1018 1111 τῇ
1052 1039 1361 1111 ἀκροπόλει,
1392 1038 1693 1110 Κέκροπος,

127 1139 206 1202 ὦς
231 1155 397 1209 φησιν
435 1135 700 1205 Ἀντίοχος
723 1136 779 1186 tv
808 1131 887 1202 τῷ
915 1132 1117 1202 ὲννάτῳ
1140 1131 1248 1185 τῶν
1289 1131 1607 1200 Ἰστοριῶν.
1632 1134 1695 1185 Τί

129 1233 185 1286 δὲ
231 1228 557 1301 Ἐριχθόνιος
582 1243 597 1290 ;
638 1226 756 1296 οὐχὶ
787 1227 843 1278 tv
868 1224 942 1295 τῷ
965 1223 1077 1294 ναῷ
1104 1214 1202 1294 ﬁ;
1235 1224 1489 1287 Πολιάδος
1527 1226 1695 1295 κεκή-

130 1323 339 1385 δευται;
370 1322 628 1388 Ἴσμαρος
644 1316 755 1387 (93)
782 1317 837 1369 δὲ
866 1316 1148 1387 Εὐμόλπου
1206 1318 1296 1369 καὶ
1332 1318 1579 1383 Δαείρας,
1607 1318 1696 1369 ού-

132 1414 190 1484 11
220 1414 278 1464 tv
307 1409 383 1479 τῷ
413 1406 680 1478 ⁴ιπριόόλῳ
727 1404 1048 1473 κεκήδευται
1080 1403 1176 1456 τοῦ
1214 1403 1558 1465 Ἐλευσινίου,
1601 1403 1693 1455 τοῦ

138 1504 240 1557 ὐπὸ
263 1505 325 1572 τῇ
350 1498 682 1570 ἀκροπόλεις
709 1498 763 1549 αί
788 1496 846 1549 δὲ
874 1494 1072 1548 Κελεοῦ
1105 1494 1403 1565 θυγατέρες
1432 1497 1489 1548 ὲν
1525 1494 1695 1548 Ἑλευ-

146 1594 245 1645 σῖνι
267 1592 588 1658 τετάφαταις
636 1587 701 1639 Τί
730 1604 811 1638 σοι
840 1585 1120 1653 καταλέγω
1140 1585 1238 1648 τὰς
1277 1585 1337 1649 ἐξ
1366 1586 1692 1658 ὑπερϐορέου

150 1686 413 1751 γυναῖκας
462 1679 730 1750 ’Υπερόχη
775 1679 868 1731 καὶ
918 1678 1146 1747 Λαοδίκη
1175 1677 1488 1748 κεκλῆσθον,
1522 1680 1577 1730 tv
1617 1677 1695 1748 τῷ

158 1771 461 1842 Ἀρτεμισίῳ
486 1772 542 1823 ἐν
564 1769 717 1840 Δήλῳ
738 1768 1111 1839 κεκήδευσθοψ
1138 1769 1198 1821 τὸ
1225 1768 1280 1821 δὲ
1308 1769 1366 1822 tv
1396 1768 1470 1838 τῷ
1508 1768 1693 1821 ’Λπόλ-

1800 581 2011 645 iicitur,
2045 582 2392 637 hecatombas
2422 582 2733 645 sacriﬁcat.
2770 586 3042 649 solemnes
3071 606 3363 652 conventus

1800 671 2051 738 instituit,
2074 672 2232 739 erigit
2258 671 2571 738 simulacra,
2592 675 2789 743 templa
2825 677 3051 732 azdilicat
3070 699 3083 745 ;
3104 683 3195 737 sed
3224 702 3367 755 quae,

1800 764 1919 829 (nec
1950 764 2092 818 enim
2126 764 2179 817 id
2203 780 2419 833 quoque
2445 765 2822 832 dissimulabo,
2863 771 2953 825 sed
2986 775 3166 841 potius
3196 781 3381 841 mani-1

1798 853 1947 928 feste‘
1975 853 2313 925 coarguant),
2366 855 2595 910 honesto
2642 859 2858 926 quidem
2910 865 3232 932 templorum
3270 889 3364 923 ne.

1798 943 1942 999 mine
1969 944 2348 1019 celebrantur“
2384 956 2638 1001 caeterum
2668 949 2812 1003 aliud
2842 952 2971 1004 nihil
3010 953 3159 1010 luere
3203 974 3363 1028 quam

1797 1034 2064 1101 sepulcra,
2099 1036 2298 1104 quibus
2349 1037 2604 1107 deinceps
2656 1038 2795 1095 hanc
2831 1044 3148 1111 templorum
3183 1054 3363 1119 appel-

1796 1123 2051 1179 lationem
2084 1127 2344 1181 indidere.
2394 1128 2497 1184 Vos
2524 1145 2685 1201 ergo,
2732 1149 2876 1188 nunc
2926 1136 3111 1191 saltem
3145 1140 3363 1211 impiam

1796 1217 2237 1285 superstitionem
2263 1220 2544 1285 dediscite,
2578 1224 2658 1276 vel
2690 1225 2788 1279 hac
2830 1230 3161 1285 tumulorum
3186 1236 3363 1290 cultus

1796 1308 2117 1378 indignitate
2164 1312 2422 1366 revocati.
2464 1310 2696 1368 Larissa:
2720 1357 2733 1380 ,
2777 1318 2829 1369 iu
2858 1318 3110 1375 Minerva:
3142 1328 3360 1394 templo,

1794 1400 1938 1468 quod
1963 1415 2172 1455 summa
2203 1402 2255 1455 in
2285 1418 2410 1457 arce
2442 1404 2660 1469 visitur,
2692 1406 2884 1461 Acrisii
2918 1415 3225 1480 sepulcrum
3249 1428 3357 1479 est;
3411 1439 3421 1450 ·

1793 1490 2019 1546 Athenis
2052 1502 2229 1546 autem
2264 1494 2316 1547 in
2350 1493 2464 1562 ipsa
2496 1498 2701 1563 pariter
2746 1498 2996 1571 Acropoli
3018 1546 3032 1569 ,
3082 1505 3361 1575 Cecropis,

1795 1593 1855 1634 ut
1885 1582 2186 1637 Antiochus
2222 1584 2581 1638 Historiarum
2630 1604 2775 1643 nouo
2818 1593 3078 1662 scriptum
3122 1598 3357 1667 reliquit.

1794 1672 1932 1738 Quid
1965 1689 2126 1741 porro
2150 1672 2533 1730 Erichthonius
2553 1677 2574 1728 ?
2594 1676 2783 1733 Nonne
2816 1682 2869 1734 in
2900 1682 3136 1739 Puliadis
3165 1690 3361 1757 templo

1795 1766 2033 1834 sepultus
2052 1766 2173 1828 est?
2210 1764 2394 1821 Nonne
2422 1766 2659 1823 Ismarus
2689 1769 2935 1843 Eumolpi
2985 1776 3266 1849 Dairreque
3300 1782 3359 1834 li-

138 1824 415 1924 itauvog.‘:05
432 1824 635 1930 ⁸Δηλίου
655 1824 802 1912 ἐστὶν
827 1824 985 1929 ἱέρῷω
1005 1857 1273 1929 Λέανδρος
1301 1859 1357 1911 δὲ
1380 1824 1688 1928 Κλεόμαχον

1857 1824 1871 1834 _
2052 1824 2061 1828 _
2838 1824 2935 1843 --Γ
2985 1824 3157 1831 __--._
3201 1824 3266 1834 ..ν
3300 1824 3331 1834 ..

1798 1855 1922 1918 lius,
1972 1856 2023 1909 in
2073 1855 2332 1909 Eleusinii
2360 1859 2552 1926 septis,
2587 1861 2730 1929 quod
2761 1864 2862 1917 sub
2892 1881 3073 1921 arcem
3108 1824 3358 1925 constru-

133 1955 186 2005 tv
204 1953 427 2022 Μιλήτῳ
446 1950 707 2019 τετάφθαι
737 1952 794 2003 tv
820 1949 895 2019 τῷ
917 1948 1188 2019 Διδυμαίῳ
1215 1950 1395 2021 φησίν.
1434 1950 1694 2003 Ἐνταῦοα

127 2042 224 2110 τῆς
244 2040 624 2111 Λευκοφρύνης
652 2040 712 2092 τὸ
731 2039 915 2109 μνῆμα
940 2039 1035 2091 οὐκ
1065 2038 1210 2102 ἄξιον
1234 2041 1539 2109 παρελθεῖν
1567 2042 1693 2092 tto-

126 2131 267 2203 μένη
293 2131 403 2200 (94)
446 2133 639 2200 Ζήνωνι
671 2128 749 2199 τῷ
780 2127 1015 2199 Μυνδίῳ,
1061 2130 1119 2181 tv
1152 2128 1230 2198 τῷ
1270 2130 1398 2201 ἱερῷ
1429 2130 1526 2199 τῆς
1574 2132 1693 2201 ’Λρ-

120 2220 350 2289 τέμιδος
383 2223 438 2273 ὲν
463 2222 741 2291 Μαγνησίᾳ
762 2221 1099 2290 κεκήδευται·
1132 2223 1250 2274 οὐδὲ
1281 2222 1384 2292 μὴν
1408 2224 1497 2277 τὸν
1531 2226 1586 2277 ἐν
1617 2223 1692 2293 τῷ

123 2312 414 2383 Τελμισσιρ
464 2313 550 2365 τοῦ
592 2312 915 2375 Ἀπόλλωνος
948 2312 1146 2382 βωμὸν,
1195 2310 1566 2383 μνῆμανεῖναι
1599 2316 1690 2367 καὶ

126 2406 310 2459 τοῦτον
362 2405 701 2475 Τελμισσέως
731 2402 825 2456 τοῦ
866 2404 1107 2473 μάντεως
1161 2404 1448 2475 ἱστοροῦσι.
1492 2405 1689 2457 Πτολε-

134 2500 278 2567 μαῖος
306 2497 365 2571 δὲ
400 2496 429 2546 6
469 2495 559 2547 τοῦ
598 2496 961 2564 Ἀγησάρχου,
994 2496 1050 2545 tv
1087 2494 1162 2564 τῷ
1197 2493 1392 2565 πρώτῳ
1416 2494 1520 2547 τῶν
1552 2497 1687 2563 Περὶ

134 2591 231 2641 τὸν
254 2579 649 2655 Φιλόπὰτορα,
684 2589 741 2639 tv
774 2587 944 2655 Πάφῳ
974 2585 1138 2652 λέγει,
1176 2589 1231 2639 tv
1262 2584 1339 2655 τῷ
1366 2588 1462 2657 τῆς
1508 2588 1689 2657 Ἀφρο-

138 2680 273 2749 δίτης
294 2678 441 2749 ἱερῷ,
484 2679 724 2748 Κινύραν
756 2695 814 2730 τε
844 2678 939 2731 καὶ
978 2679 1102 2740 τοὺς
1133 2678 1368 2749 Κινύρου
1391 2678 1689 2745 ἀπογόνους

145 2769 493 2840 κεκηδεῦσθαι.
548 2768 706 2821 Ἀλλὰ
746 2768 855 2839 γάρ
897 2768 1101 2820 ἐπιόντι
1136 2786 1225 2839 μοι
1274 2769 1399 2833 τοὺς
1449 2786 1687 2840 προσκυ-

142 2861 407 2931 νουμένους
439 2861 568 2930 ὑμῖν
596 2861 817 2927 τάφους,
850 2859 973 2929 ἐμοὶ
1010 2861 1106 2928 μὲν
1147 2860 1266 2912 οὐδὲ
1290 2859 1319 2909 6
1350 2862 1455 2923 πᾶς
1495 2859 1561 2913 ἂν
1592 2860 1688 2929 ἀρ-

135 2953 275 3005 κέσαι
299 2953 507 3023 χρόνος·
536 2952 677 3021 ὑμᾶς
696 2950 753 3004 δὲ
778 2953 825 3003 εί
849 2950 921 3020 μὴ
950 2950 1327 3019 ὑπεισέρχεταί
1352 2967 1433 3014 τις
1459 2951 1685 3023 αἰσχύνη

130 3048 226 3101 τῶν
260 3049 644 3120 τολμημάτων,
681 3048 863 3119 νεκροὶ⁵
909 3045 1016 3117 ἄρα
1043 3046 1240 3108 τελέως
1288 3048 1496 3114 νεκροῖς
1528 3061 1686 3096 πεπι-

1793 1958 1941 2001 ctum
1987 1948 2102 2002 est?
2154 1964 2331 2003 nonne
2371 1949 2513 2004 Celei
2564 1952 2720 2017 tiliae,
2770 1952 3021 2011 Eleusine
3069 1961 3360 2029 sepulturae

1795 2040 2058 2094 mandata:
2087 2040 2255 2094 sunt?
2290 2039 2424 2095 Nam
2455 2043 2583 2111 quid
2638 2043 3012 2114 Hyperboreas
3038 2051 3133 2105 tibi
3167 2056 3357 2107 mulie-

1794 2144 1881 2183 res
1924 2133 2394 2185 commcmorem?
2426 2133 2555 2188 Duas
2580 2149 2740 2199 sane,
2788 2154 3019 2206 quarum
3054 2142 3218 2197 altera
3251 2146 3357 2216 Ily-

1790 2220 2023 2287 peroche
2049 2262 2064 2285 ,
2098 2219 2332 2275 Laodice
2364 2224 2529 2277 altera
2561 2227 2860 2282 vocabatur
2885 2270 2899 2293 ,
2954 2231 3007 2285 in
3042 2232 3223 2289 Dianae
3269 2252 3354 2290 sa-

1790 2311 1963 2374 cello,
2016 2312 2160 2379 quod
2208 2313 2258 2364 in
2309 2314 2483 2368 insula
2516 2315 2645 2370 Delo
2674 2320 2936 2388 Apollinis
2980 2323 3111 2378 Delii
3158 2331 3356 2397 templo

1788 2400 2115 2467 continetur,
2150 2404 2373 2472 sepulta:
2421 2416 2567 2459 sunt.
2613 2403 2853 2464 Leander
2885 2421 3063 2465 autem
3108 2416 3358 2470 Cleoma-

1788 2492 1947 2545 chum
1980 2491 2179 2558 Mileti,
2222 2494 2272 2547 in
2304 2496 2567 2563 Apollinis
2617 2495 2877 2567 Didymazi
2928 2502 3125 2569 templo
3170 2507 3359 2558 condi-

1789 2592 1900 2635 tum
1929 2599 2048 2638 esse
2080 2594 2326 2639 testatur.
2375 2585 2558 2657 Neque
2606 2604 2735 2642 vero
2782 2604 2995 2659 aequum
3041 2592 3203 2649 fuerit
3252 2598 3355 2650 hoc

1788 2672 1907 2726 loco
1931 2675 2221 2742 praeterire,
2268 2686 2361 2730 aut
2408 2675 2823 2748 Lcucophryncs
2857 2682 2999 2737 illius
3050 2688 3356 2742 monimen-

1789 2774 1936 2829 tum,
1984 2781 2133 2835 (μιαί,
2182 2767 2226 2820 si
2272 2766 2540 2821 Zenonem
2572 2768 2845 2839 Myndium
2881 2789 3204 2844 sequamur,
3241 2778 3354 2833 Illa-

1786 2856 1984 2924 gnesize
2008 2857 2061 2910 in
2106 2856 2288 2911 Dianae
2328 2860 2527 2929 templo
2567 2863 2775 2930 sepulta
2816 2874 2928 2930 est;
2979 2879 3071 2922 aut
3103 2866 3353 2924 Tehnissi

1785 2957 2017 3001 erectam
2060 2948 2327 3018 Apollinis
2358 2966 2529 3016 aram,
2555 2954 2698 3021 quod
2757 2944 3352 3029 Tclmissis'cujusdam

1784 3041 1923 3094 vatis
1944 3052 2357 3095 monumentum
2392 3059 2514 3097 esse
2538 3044 2777 3101 historiae
2802 3050 3175 3116 prodiderunt.
3210 3051 3352 3117 Quin

130 3139 402 3202 στευκότες
450 3139 821 3210 περιέρχεσθε
848 3137 893 3191 ὣ
934 3138 1117 3201 δειλοὶ,
1147 3138 1197 3189 τί
1234 3136 1399 3190 κακὸν
1440 3134 1554 3187 τόδε
1588 3134 1686 3187 πά-

1788 3130 1952 3185 etiam
1982 3131 2309 3188 Ptolemaeus
2330 3174 2343 3198 ,
2380 3134 2669 3203 Ages‘arehi
2706 3138 2868 3201 Illius,
2899 3142 3171 3195 volumine
3197 3158 3259 3196 cx
3284 3145 3367 3197 iis

125 3250 312 3303 σχετε;
350 3252 367 3283 ι
394 3233 505 3286 Καὶ
554 3232 670 3302 μετ’
701 3231 853 3298 ὀλίγα
885 3231 1033 3301 φησί·
1070 3248 1088 3279 ι
1125 3230 1323 3283 Καινὸν
1354 3229 1410 3281 δὲ
1446 3227 1599 3281 ἄλλον
1627 3229 1685 3279 tv

121 3326 396 3394 Αἰγύπτῳ,
447 3323 624 3391 ὀλίγου
661 3323 769 3376 δεῖν
799 3322 893 3376 καὶ
932 3325 1060 3392 παρ’
1096 3321 1341 3393 Ἕλλησι,
1380 3319 1684 3391 σεϐασμίως

122 3417 366 3469 τεθείακε
398 3414 518 3469 θεὸν
558 3416 586 3468 6
638 3413 888 3483 βασιλεὺς
936 3413 1239 3483 Ῥωμαίων,
1282 3413 1372 3465 τὸν
1414 3411 1685 3483 ἐρώμενον

124 3510 446 3579 ὡραιότατον
500 3506 701 3576 σφόδρα
745 3504 1031 3573 γενόμενον
1070 3504 1365 3558 Ἀντίνοον*
1395 3504 1685 3575 ἀνιέρωσεν

94 3610 98 3614 ‘
127 3595 286 3663 οἶτος,
316 3598 393 3662 ὡς
426 3596 741 3672 Γανυμήδην
770 3597 800 3648 6
846 3594 999 3672 Ζεύς.
1030 3594 1105 3647 Οὐ
1150 3595 1258 3664 γάρ
1290 3594 1553 3647 κωλύεται
1589 3599 1685 3665 ρᾳ-

132 3688 244 3752 δεως
264 3689 421 3743 ὲπιθυ
430 3670 547 3759 μία,
573 3688 733 3759 φόϐον
753 3689 851 3742 οὐκ
866 3670 1077 3759 ἔχουσα,
1102 3688 1194 3739 καὶ
1204 3687 1402 3749 νύκτας
1423 3687 1572 3757 ἱεράς
1587 3688 1683 3751 τὰς

143 3781 395 3835 Ἀντινόου
436 3780 823 3852 προσκυνοῦσιν
868 3779 1141 3849 ἄνθρωποι
1184 3777 1297 3837 νῦν,
1348 3777 1413 3840 ἃς
1456 3778 1684 3849 αἰσχρὰς

123 3872 385 3941 ἠπίστατο
400 3874 430 3925 6
455 3873 900 3943 συναγρυπνήσας
919 3871 1169 3941 ἐραστής.
1208 3890 1225 3920 ι
1247 3869 1487 3936 Ἐπάγειε
1513 3889 1529 3918 ι
1546 3869 1682 3938 Ἤδη

122 3964 183 4017 δὲ
207 3966 236 4017 6
257 3964 420 4031 τάφος
449 3964 540 4017 τοῦ
570 3964 866 4035 ἐρωμένου,
905 3961 1041 4024 νεώς
1082 3964 1231 4014 ἐστιν
1273 3961 1561 4023 Ἀντινόου,
1591 3961 1684 4012 καὶ

96 4042 307 4115 Ἷοόλις.
337 4052 591 4123 Καθάπερ
623 4052 751 4123 γὰρ,
780 4048 952 4122 οἶμαι,
990 4051 1039 4103 οί
1065 4051 1201 4113 ναοὶ,
1228 4050 1369 4103 οὕτω
1399 4053 1493 4103 καὶ
1518 4052 1566 4103 oi
1591 4052 1684 4105 τά·

129 4160 221 4211 φοι
250 4142 624 4212 θαυμάζονται,
669 4142 987 4214 πυραμίδες,
1022 4142 1114 4215 καὶ
1160 4140 1439 4209 μαυσῶλα,
1472 4141 1565 4193 καὶ
1598 4143 1686 4195 λα·

125 4231 388 4302 σύρινθοι,
420 4232 558 4287 ἄλλοι
576 4233 695 4285 ναοὶ
714 4231 820 4284 τῶν
845 4231 1068 4301 νεκρῶν,
1091 4232 1164 4293 ὼς
1187 4233 1377 4283 ἐκεῖνοι
1398 4234 1555 4298 τάφοι
1577 4230 1685 4283 τῶν

129 4323 280 4376 θεῶν.
331 4342 351 4375 ι
400 4325 507 4377 Καὶ
547 4322 706 4377 πάλιν
743 4324 857 4393 μετ’
890 4322 1045 4389 ὀλίγα
1094 4320 1225 4391 (95)’
1260 4340 1278 4372 ι
1324 4320 1424 4373 Ἴθι
1477 4320 1560 4391 δὴ,
1593 4322 1686 4374 καὶ

132 4416 243 4477 τοὺς
272 4414 485 4479 ἀγῶνας
516 4416 573 4467 tv
604 4414 791 4485 βραχεῖ
818 4413 1270 4484 περιοδεύσωμεν,
1304 4413 1397 4465 καὶ
1424 4410 1521 4475 τὰς
1566 4414 1686 4464 tm-

1786 3224 1997 3291 primo,
2032 3238 2153 3292 qua:
2184 3222 2247 3276 de
2280 3223 2589 3292 Pliilopalre
2628 3226 2877 3295 scripsit,
2917 3239 3104 3284 auctor
3146 3242 3260 3296 est,
3297 3235 3351 3285 in

1788 3312 1963 3378 insula
1995 3311 2178 3382 Papho
2201 3312 2454 3382 Cinyram
2488 3330 2551 3369 ac
2588 3316 2806 3386 Cinyrae
2852 3328 3098 3387 posteros
3121 3359 3134 3384 ,
3164 3320 3217 3372 in
3246 3320 3352 3376 Ve-

1788 3406 1932 3461 neris
1953 3407 2149 3475 templo
2169 3405 2414 3460 conditos
2437 3406 2623 3463 fuisse.
2646 3410 2749 3478 72
2774 3411 2839 3463 At
2859 3411 3001 3464 enim
3028 3420 3237 3482 tempus
3265 3431 3352 3469 me

1786 3497 2019 3564 deﬁciat,
2053 3498 2098 3552 si
2126 3500 2363 3553 tumulos
2390 3515 2601 3563 omnes,
2637 3503 2834 3568 qmbus
2867 3501 3081 3556 divinos
3116 3502 3353 3561 honores

1787 3588 2045 3654 tribuitis,
2066 3605 2351 3645 recensere
2378 3592 2537 3645 velim
2579 3610 2590 3644 :
2628 3607 2724 3645 vos
2761 3602 2966 3659 autem,
2996 3594 3048 3648 ni
3085 3597 3351 3651 scelerum

1788 3679 2013 3733 istorum
2041 3682 2217 3749 pudor
2243 3698 2339 3738 vos
2370 3683 2567 3753 aliquis
2600 3684 2833 3753 ceperit,
2864 3684 2936 3739 ite
2970 3702 3133 3755 porro
3154 3726 3169 3752 ,
3197 3688 3351 3743 rere-

1785 3783 1891 3837 que
1913 3771 2150 3836 mortui,
2182 3786 2305 3825 cum
2332 3783 2563 3825 vestram
2596 3774 2651 3826 in
2691 3774 3000 3829 hominibus
3024 3778 3253 3831 mortuis
3289 3781 3351 3831 li-

1785 3860 1999 3915 iluciam
2040 3862 2350 3928 collocetis,
2385 3866 2588 3933 passim
2636 3863 2744 3918 huc
2778 3864 3012 3934 illucque
3053 3870 3344 3936 vagamini.

1784 3949 1829 4006 0
1860 3952 2074 4005 miseri!
2110 3952 2239 4016 quid
2268 3961 2479 4007 tantum
2518 3954 2642 4008 mali
2674 3957 2942 4013 sustinuere
2962 3957 3142 4025 juvat!
3180 3978 3197 4010 ι
3227 3958 3351 4014 Ilaec

1784 4045 1872 4099 ille
1903 4063 1917 4098 :
1946 4045 2239 4114 paucisque
2272 4045 2628 4114 interjectisu
2652 4044 2862 4100 Novum
2889 4048 3015 4101 item
3047 4050 3236 4115 alium,
3268 4052 3349 4104 iu-

1784 4138 1921 4206 quit,
1947 4136 2227 4192 Romanus
2254 4135 2552 4206 Imperator
2576 4136 2628 4190 in
2656 4136 2909 4208 Egypto,
2944 4149 3103 4209 atque
3131 4142 3264 4195 adeo
3295 4143 3346 4196 in

1786 4229 1899 4298 ipsa
1928 4244 2063 4299 pene
2084 4228 2313 4295 Graecia,
2342 4228 2408 4284 ad
2435 4227 2727 4283 Numinum
2753 4230 2968 4285 turbam
2998 4249 3121 4287 cum
3150 4234 3347 4288 eximia

1784 4321 2045 4389 religione
2074 4321 2241 4377 Deum
2274 4324 2583 4394 aggregavit
2608 4323 2926 4387 Antinoum,
2962 4324 3054 4393 qui
3096 4325 3349 4393 pulcher-

1787 4410 1955 4466 rimos
1996 4411 2138 4467 inter
2178 4413 2550 4467 numerandus
2589 4422 2727 4478 erat,
2756 4413 2978 4467 delicias
3021 4428 3345 4481 amoresque

160 4504 379 4573 υμδίους
402 4506 628 4558 ταυτασὶ
668 4502 998 4574 πανηγύρεις
1032 4503 1438 4572 καταλύσωμεν,
1469 4502 1686 4571 Ἴσθμιά

1788 4517 1937 4569 suos,
1970 4502 2297 4572 quem,ipse,
2331 4503 2606 4573 quomodo
2656 4503 3021 4573 Ganymedem
3048 4512 3210 4556 antea
3240 4502 3340 4556 Ju-

131 4611 182 4646 τε
228 4595 328 4649 κει.)⁵
356 4594 560 4664 Νέμεα,
590 4597 685 4647 καὶ
712 4596 907 4659 Πύθια,
931 4595 1111 4649 καὶτὰ
1132 4594 1227 4648 ἐπὶ
1254 4594 1460 4656 τούτοις
1501 4591 1687 4663 Ὀλύμ-
1710 4660 1716 4665 _

131 4703 237 4739 πια.
271 4686 442 4739 Πυθοῖ
472 4687 569 4757 μὲν
597 4683 689 4741 οὖν
714 4690 742 4740 6
776 4678 987 4760 δράκων
1020 4690 1049 4741 6
1084 4688 1279 4749 Utiliter;
1308 4686 1681 4759 θρησκεύεται,

127 4782 212 4832 καὶ
238 4779 340 4832 τοῦ
390 4780 627 4849 δφεωςή
669 4780 971 4848 πανήγυρις
1019 4776 1438 4846 καταγγέλλεται
1487 4774 1678 4826 Πύθια.

134 4868 427 4941 saepem,
446 4868 707 4923 σκύϐαλον
727 4867 1097 4940 προσέπτυσεν
1115 4866 1344 4919 ἐλεεινὸν
1368 4867 1401 4935 ή
1424 4864 1681 4925 θάλασσα,

126 4964 214 5015 καὶ
257 4961 604 5033 Μελικέρτην
655 4959 903 5031 ὀδύρεται
954 4959 1023 5009 τὰ.
1067 4958 1302 5028 Ἰσθμια·
1338 4956 1583 5025 Νεμέασι
1627 4955 1684 5007 6t

123 5055 244 5108 illo
292 5054 503 5107 παιδίον
543 5054 869 5125 Ἀρχέμορος
909 5048 1245 5119 κεκήδευται,
1280 5048 1372 5101 καὶ
1416 5046 1506 5099 τοῦ
1558 5064 1682 5098 παι-

123 5146 227 5200 dou
241 5148 273 5198 6
300 5145 580 5213 ἐπιτάφιος
599 5142 1053 5217 προσαγορεύεται
1068 5140 1269 5208 Νέμεα.
1284 5140 1457 5192 Πίσσα
1480 5138 1522 5191 δ’
1539 5139 1685 5189 ἐστὶν

123 5239 178 5289 lv
201 5238 337 5306 ὑμῖν
384 5236 569 5301 τάφος,
602 5230 648 5287 ὧ
688 5234 1037 5313 Πανέλληνες,
1070 5232 1281 5300 ἡνιόχου
1317 5229 1543 5299 Φρυγὸς,
1592 5229 1685 5280 καὶ

124 5327 213 5381 τοῦ
246 5326 492 5388 Πέλοπος
530 5326 628 5387 τὰς
659 5326 808 5395 χοὰς,
843 5326 912 5379 τὰ
950 5322 1215 5391 Ὀλύμπια
1256 5319 1625 5389 σφετερίζεται
1655 5321 1683 5369 ὀ

440 5537 648 5589 papae.
687 5519 852 5574 Clem.
887 5522 1042 5574 habet
1074 5521 1357 5589 "Iupapog.

363 5585 676 5659 Ἑᾶτορἐη.
719 5590 945 5663 -Ειοωην
978 5585 1289 5663 ἑπομένους.
1350 5585 1530 5663 Longe
1558 5602 1686 5663 Inte-

128 5655 249 5717 lius.
289 5655 476 5731 Itaque
503 5655 837 5731 seruandum
876 5662 997 5731 erit,
1030 5655 1361 5731 si'Zenonem
1406 5655 1679 5731 Mypdium

415 5711 721 5799 sequamur;
744 5727 868 5799 Fuit
894 5711 946 5781 is
968 5711 1353 5799 grammaticus
1376 5740 1437 5777 ex
1465 5711 1678 5799 θίγῃ-«λθ,

128 5808 256 5857 Urbe
272 5803 449 5856 Cariae
465 5794 789 5869 pervetusta.
807 5794 1061 5864 Stephani
1082 5796 1309 5851 Mutilat.
1326 5797 1377 5848 in
1402 5810 1529 5847 voce
1541 5794 1683 5847 Μύν-

404 5894 675 5955 Ριτιιοι..
716 5892 832 5953 GR.
879 5889 1047 5951 XXI.

1785 4590 1963 4660 piter,
2017 4593 2378 4645 consecravit.
2421 4590 2529 4647 Nec
2571 4592 2715 4646 enim
2757 4591 3019 4661 cupiditas
3040 4606 3101 4645 ea
3128 4591 3343 4644 modum

1782 4680 1940 4737 facile
1986 4689 2169 4736 tenere
2216 4691 2424 4750 potest,
2478 4698 2599 4753 quae
2647 4683 2797 4737 nullo
2849 4693 2993 4737 metu
3039 4676 3340 4738 cohibetur.

1784 4773 1968 4841 Itaque
2008 4786 2176 4825 sacrae
2222 4772 2443 4827 Antinoi
2494 4782 2680 4829 noctes
2726 4773 2794 4827 ab
2842 4772 3154 4827 hominibus
3185 4773 3356 4826 hodie.

1782 4864 1932 4917 cultu
1951 4861 2135 4915 divino
2166 4862 2506 4916 celebrantur
2527 4902 2541 4925 ,
2593 4878 2823 4931 quarum
2858 4862 3208 4931 turpitudinis
3241 4864 3343 4916 sibi

1784 4966 1997 5011 amator
2025 4956 2143 5025 ipse
2168 4956 2421 5010 conscius
2442 4965 2579 5021 erat,
2609 4956 2703 5024 qui
2742 4970 2833 5010 eas
2860 4971 2981 5009 cum
3013 4972 3181 5025 puero
3210 4954 3345 5022 vigio

1722 5053 1727 5057 ’
1785 5049 1941 5103 Iarat.
1976 5067 1995 5100 ι
2023 5047 2158 5101 Tum
2184 5046 2365 5101 subdit
2390 5065 2403 5099 :
2434 5065 2453 5097 ‹
2482 5045 2637 5101 Nunc
2662 5062 2789 5101 vero
2815 5050 3053 5103 catamiti
3081 5049 3241 5117 hujus
3267 5062 3347 5099 se-

1784 5142 2029 5210 pulcrum
2057 5182 2070 5204 ,
2105 5138 2321 5191 Antinoi
2368 5139 2625 5207 templum
2672 5148 2725 5193 et
2760 5136 3015 5209 oppidum
3040 5147 3143 5193 est.
3185 5137 3339 5191 Enim

1782 5247 1944 5297 vero,
1980 5229 2179 5292 simili,
2214 5228 2440 5297 opinor,
2494 5228 2688 5297 templa
2721 5231 3077 5299 sepulcraque
3109 5228 3344 5281 admira—

1786 5324 1931 5377 tione
1958 5329 2355 5390 prosequuntur
2396 5337 2408 5370 :
2446 5321 2751 5390 pyramides
2775 5322 2972 5390 quippe
2998 5359 3013 5383 ,
3047 5318 3342 5376 mausolea,

1790 5521 1896 5641 δοῖ,
1933 5521 2025 5584 ait,
2044 5514 2412 5579 Ἀπολλώνιος,
2443 5516 2536 5569 καὶ
2564 5517 2744 5587 Ζήνων
2776 5511 2997 5567 Μύνδιοι
3028 5525 3345 5580 γραμματι‹

1790 5608 1848 5641 κο
1877 5630 1889 5641 .

1786 5608 1889 5641 κοι.

1856 5681 1963 5747 (95)
2002 5678 2137 5732 Μετ’
2164 5678 2353 5744 ὀλίγα.
2399 5677 2509 5729 Ιιηο
2534 5692 2662 5747 sane
2692 5675 2797 5747 πρὸ
2822 5674 3047 5747 πολλῶν,
3080 5686 3345 5747 namque

1783 5742 2085 5819 sequuntur
2120 5742 2403 5811 habentur,
2438 5762 2488 5814 p.
2526 5746 2674 5806 IG‘C,
2704 5742 2873 5797 Clem.
2901 5742 3305 5797 Graeco-Latini.

2918 5883 2989 5939 5.
