3980 6338
752 504 853 558 139

1376 500 1639 558 EUSEBll
1676 500 2149 560 CESARIENSIS
2187 503 2334 560 OPP.
2358 502 2554 569 PARS
2591 502 2656 558 ll.
2688 532 2755 543 —
2778 500 3273 557 APOLOGETICA.
3874 500 3947 552 Hi

751 615 1037 687 labyrinthi
1075 658 1089 679 ,
1134 618 1233 671 alia
1262 617 1503 686 qnzeda'm
1537 628 1665 672 sunt
1706 618 1900 687 templa
1942 629 2288 685 mortuorum,

2400 620 2603 671 Φειδίου
2648 619 2800 681 Ζεύς.
2838 636 2858 669 ι
2910 603 3092 669 Ταῦτα
3155 617 3252 684 μὲν
3309 606 3478 677 οὗτος.
3528 614 3599 667 Σὺ
3642 613 3698 665 δὲ
3747 613 3848 667 τὸν
3885 616 3947 667 λό

750 711 1200 780 quemadmodum
1248 711 1354 773 illa,
1389 709 1613 763 deorum
1665 711 1934 777 sepulcra.
1987 730 2006 761 ι
2051 712 2301 780 Idemque

751 800 911 871 paulo
938 810 1076 869 post.
1102 819 1119 853 ι
1145 802 1252 870 Age
1279 815 1423 865 vero,
1448 802 1637 871 inquit,
1658 802 1947 854 certamina
1974 818 2187 872 quoque
2212 818 2301 857 ve-

751 901 862 945 stra
911 893 1096 959 paucis
1135 894 1412 957 obeamus,
1448 908 1511 944 ac
1540 892 1864 961 sepulcrales
1892 891 2025 946 istos
2066 909 2301 947 conven-

749 991 855 1045 tus,
880 984 1153 1048 lsthmica,
1188 983 1406 1049 Nemea,
1424 983 1634 1050 Pythia,
1659 984 1899 1056 Olympia
1916 986 2165 1053 denique,
2197 987 2301 1039 dis-

747 1071 1001 1139 sipemns.
1046 1071 1287 1142 Pythone
1319 1074 1534 1140 quidem
1557 1112 1571 1135 ,
1605 1073 1852 1143 Pythium
1892 1073 2177 1128 draconem
2211 1092 2299 1129 ve-

747 1169 1032 1223 nerantur,
1081 1164 1452 1233 scrpentisque
1478 1172 1799 1218 conventum
1830 1168 2045 1221 nomine
2080 1167 2299 1239 Pythio-

746 1267 862 1305 rum
881 1255 1145 1309 indicunt.
1163 1257 1313 1324 Apud
1338 1258 1597 1311 Isthmum
1615 1268 1812 1324 autem,
1828 1276 1977 1315 mare
2001 1262 2295 1330 ejectitium

744 1356 807 1396 ac
833 1345 1137 1399 miserabile
1186 1346 1412 1400 cadaver
1448 1345 1682 1415 exspuit,
1709 1347 1927 1415 jamque
1974 1347 2293 1402 Melicertem

693 1432 699 1437 ’
743 1434 965 1488 Isthmia
996 1435 1378 1490 lamentantur.
1433 1436 1644 1490 Nemea:
1669 1437 1937 1499 similiter,
1972 1452 2093 1491 cum
2129 1440 2293 1492 alium

744 1526 1022 1593 pusionem
1062 1526 1448 1580 Archemorum
1476 1526 1880 1591 condidissent,
1914 1527 2077 1595 hujus
2117 1528 2268 1597 sepul

2409 729 2502 780 γον
2564 711 2622 776 ὲξ
2684 710 2858 782 ἀρχῆς
2924 707 3204 762 ἀναλαδὼν
3251 708 3350 777 τῆς
3399 706 3786 777 δεισιδαίμονος
3836 707 3947 761 πλά

2403 820 2529 874 νης,
2608 804 2898 873 ἐπίσκεψαι
2946 802 3044 873 τὴν
3100 801 3410 853 διάπτωσιν.
3476 799 3640 852 Φύσει
3704 800 3808 868 μὲν
3885 796 3945 851 οὗ

2401 898 2495 950 καὶ
2557 896 2951 957 αύτοδιδάκτοις
3017 892 3263 955 ὲννοίαις,
3328 891 3521 961 μᾶλλον
3574 890 3630 943 δὲ
3696 889 3947 942 θεοδιδάκ

2400 1005 2531 1050 τοις,
2562 985 2721 1038 καλόν
2751 1002 2803 1037 τι
2846 985 2939 1038 καὶ
2968 983 3239 1053 ὠφέλιμον
3266 981 3571 1051 τυγχάνειν,
3602 980 3662 1032 τὸ
3699 982 3943 1050 σημαῖνο

2398 1079 2493 1146 τὴν
2522 1077 2611 1130 τοῦ
2628 1073 2765 1130 Θεοῦ
2793 1076 3156 1147 προσηγορίαν
3185 1091 3242 1126 τε
3275 1075 3366 1127 καὶ
3388 1074 3592 1125 οὐσίαν.
3628 1073 3847 1133 Πάντες
3866 1072 3947 1141 γάρ

2398 1163 2670 1235 ἄνθρωποι
2710 1166 2905 1225 κοινοῖς
2956 1162 3229 1231 λογισμοῖς
3264 1161 3679 1232 προειλήφεσαν,
3709 1158 3809 1213 τοῦ
3865 1160 3942 1211 τῶ

2397 1253 2531 1309 ὅλων
2590 1252 2927 1327 Δημιουργοῦ
3028 1253 3185 1306 τοῦτο
3229 1255 3374 1325 πάσῃ
3427 1255 3613 1323 λογικῇ
3662 1254 3757 1306 καὶ
3808 1270 3947 1322 νοερ‹

2394 1348 2539 1420 ψυχῇ
2637 1326 2890 1419 φυσικαῖς
2944 1348 3174 1411 ἐννοίαις
3227 1345 3648 1417 ὕποσπείραντος
3688 1360 3700 1372 ⁸
3743 1344 3809 1395 οὐ
3867 1345 3947 1412 μὴ

2397 1440 2490 1492 καὶ
2544 1443 2611 1511 τῇ
2655 1442 2968 1513 προαιρέσει
3012 1443 3079 1511 τῆ
3121 1439 3259 1492 κατά
3305 1438 3460 1505 λόγον
3504 1436 3821 1506 ἐκέχρηντο.
3880 1429 3947 1487 ΕΞ

2398 1530 2496 1600 μὲν
2544 1531 2651 1602 γάρ
2700 1548 2822 1597 που,
2869 1531 3010 1601 τάχα
3053 1550 3135 1605 τις
3167 1532 3259 1583 καὶ
3301 1529 3575 1601 δεύτερος,
3609 1528 3641 1599 ἢ
3683 1528 3778 1603 καί
3826 1544 3947 1585 τινει

741 1620 886 1673 crale
918 1628 1187 1673 certamen
1235 1618 1432 1674 Nemea
1465 1628 1871 1689 nuncuparunt.
1927 1618 2049 1673 Pisa
2080 1634 2288 1689 quoque

2394 1621 2541 1675 ἄλλοι
2568 1622 2761 1691 κομιδῆ
2809 1622 3047 1693 βραχεῖς,
3079 1615 3153 1674 ὧν
3199 1620 3294 1691 τὴν
3343 1622 3555 1691 μνήμην
3582 1620 3652 1671 τὰ
3693 1619 3947 1689 Ἐὄραίωτ

741 1708 880 1775 apud
911 1722 1025 1773 vos,
1071 1723 1103 1761 ο
1131 1708 1437 1761 Graecorum
1473 1723 1643 1777 genus
1696 1709 2040 1773 universum,
2093 1709 2288 1778 auriga

2396 1717 2640 1787 περιέχει
2689 1714 2863 1783 λόγια,
2908 1718 2986 1778 είς
3028 1714 3177 1767 οὐδὲν
3223 1712 3328 1765 τῶν
3378 1711 3665 1783 ὁρωμένων
3713 1710 3947 1781 ὲφαρμό

743 1793 955 1864 Phrygii
1002 1796 1243 1849 tumulus
1268 1805 1343 1849 est
1380 1814 1392 1847 :
1427 1805 1591 1863 atque
1631 1796 1908 1865 Olympia,
1948 1797 2048 1856 hoc
2078 1806 2162 1851 est
2194 1795 2288 1851 Pe-

2395 1823 2585 1871 σαντες
2626 1806 2724 1877 τὴν
2762 1807 2887 1877 περὶ
2918 1804 3050 1858 Θεοῦ
3081 1805 3312 1857 ἔννοιαψ
3347 1803 3722 1874 ἀδιαστρόφοις
3750 1803 3810 1856 δὲ
3852 1806 3947 1866 τοῖς

740 1886 877 1954 lopis
909 1884 1151 1950 inferias,
1178 1884 1465 1940 Phidiacus
1494 1886 1595 1939 sibi
1628 1884 1838 1956 Jupiter
1861 1882 2288 1939 vindicatalln”.

2393 1899 2671 1969 λογισμοῖς
2698 1897 2788 1950 ἐπὶ
2808 1898 2896 1950 τὸν
2922 1897 3016 1950 τοῦ
3046 1897 3355 1967 σύμπαντος
3386 1894 3588 1965 κόσμου
3606 1893 3947 1965 δημιουργὸν,

737 1982 894 2032 tenus
967 1975 1235 2031 Clemens.
1294 1975 1377 2029 Tu
1409 1992 1538 2031 vero
1581 1979 1911 2048 superiorem
1961 1986 2201 2031 nostram
2231 1978 2288 2032 de

2397 1990 2488 2042 καὶ
2525 1990 2614 2042 τὸν
2660 1989 2828 2059 μέγαν
2852 1988 2958 2040 τῶν
2990 1988 3124 2040 ὅλων
3163 1987 3410 2057 ποιητὴν,
3440 1985 3503 2036 ἐκ
3530 1985 3638 2039 τῶν
3668 1985 3947 2056 όρωμένωπ.

738 2065 1114 2133 superstitioso
1156 2080 1340 2119 errore
1388 2066 1805 2135 disputationem
1839 2066 1908 2120 ab
1941 2067 2097 2121 initio
2140 2084 2288 2137 repe-

2396 2081 2780 2149 ἀναγαγόντες,
2815 2078 3047 2142 διανοίας
3091 2080 3299 2150 ὄμμασι
3342 2075 3759 2147 κεκαθαρμένοις
3794 2076 3947 2146 μόνον

739 2161 877 2216 tens,
896 2162 1061 2208 totam
1094 2155 1232 2209 hanc
1255 2154 1576 2208 miserorum
1603 2156 2000 2224 prolapsioncm
2022 2173 2130 2211 uno
2152 2173 2288 2227 aspe

2396 2168 2555 2221 αὑτὸν
2593 2165 2730 2222 εἶναι
2765 2168 2896 2221 Θεὸν
2916 2209 2932 2233 ,
2977 2169 3067 2233 τὸν
3103 2169 3316 2221 πάντων
3356 2168 3580 2239 Σωτῆρα
3600 2205 3615 2229 ,
3656 2166 3751 2217 καὶ
3796 2163 3947 2233 μόνον

738 2252 828 2298 ctu
857 2245 1082 2298 intuere.
1119 2244 1197 2298 Ac
1218 2245 1449 2313 primum
1475 2247 1687 2315 quidem
1712 2247 1968 2301 eximium
2007 2250 2138 2305 illud
2172 2266 2288 2305 esse

2396 2258 2614 2325 ἀγαθῶν
2661 2259 2860 2331 δοτῆρα
2902 2258 3260 2328 συνενόησαν·
3301 2258 3349 2308 οἱ
3391 2256 3447 2307 δὲ
3492 2255 3688 2317 λοιποὶ,
3732 2253 3947 2321 παντοίᾳ

739 2348 803 2388 ac
825 2335 1059 2389 salutare
1093 2336 1145 2389 in
1175 2336 1362 2405 primis
1385 2377 1401 2401 ,
1449 2338 1591 2407 quod
1618 2337 1712 2392 Dei
1743 2355 1937 2393 nomen
1974 2342 2288 2397 essentiam-

2393 2350 2569 2421 ψυχῆς
2610 2350 2923 2421 ἀμαυρώσει
2969 2348 3412 2420 περιτραπέντες,
3444 2346 3581 2401 κατά
3624 2344 3791 2413 βυθὸν
3833 2346 3945 2396 ἀσε-

739 2441 847 2496 que
876 2426 1164 2497 signiﬁcat,
1215 2429 1385 2498 ipsius
1434 2440 1639 2484 natura:
1669 2431 1835 2486 ductu
1857 2474 1871 2496 ,
1906 2433 2297 2507 impressisque

739 2517 922 2571 animo
951 2533 1044 2587 per
1101 2534 1219 2573 sese
1246 2520 1578 2586 nationibus,
1613 2522 1697 2575 vel
1727 2521 1982 2577 divinitus
2011 2525 2189 2594 potius
2214 2528 2298 2581 in-

739 2610 955 2679 spiratis
979 2652 994 2674 ,
1027 2626 1189 2665 nemo
1217 2627 1324 2665 non
1353 2613 1603 2683 intelligit
1627 2632 1639 2666 :
1678 2613 1783 2667 hoc
1811 2616 1956 2669 enim
1985 2632 2174 2673 omnes
2199 2634 2296 2689 po-

737 2704 847 2772 puli
894 2704 1172 2774 communi
1216 2705 1449 2773 quodam
1496 2707 1726 2761 rationis
1774 2721 1935 2763 sensu
1970 2725 2291 2780 praecepere,

736 2810 858 2849 cum
892 2794 944 2849 id
975 2795 1123 2849 omni
1146 2796 1328 2849 animo
1354 2797 1564 2850 ratione
1586 2807 1640 2849 et
1671 2798 2022 2868 intelligentia
2049 2803 2291 2870 praedito,

737 2888 874 2942 idem
905 2887 1067 2957 hujus
1089 2888 1457 2942 universitatis
1484 2889 1687 2961 Artifex
1711 2892 2047 2947 naturalibus
2066 2894 2294 2962 quibus-

736 2978 859 3031 dam
891 2978 1311 3047 cogitationibus
1346 2979 1623 3036 inseverit.
1680 2980 1744 3035 At
1772 2997 1920 3045 vero,
1952 2999 2291 3053 nequaquam

2395 2440 2543 2505 6είας
2567 2441 2886 2513 ἠνέχθησαν,
2920 2440 3058 2493 ὥστε
3083 2439 3260 2513 θηρῶν
3287 2439 3489 2510 ἀγρίων
3514 2437 3736 2509 τρόπον,
3771 2434 3830 2486 τὺ
3858 2451 3945 2485 κα-

2393 2532 2483 2585 λὸν
2513 2533 2608 2585 καὶ
2655 2532 2929 2604 συμφέρον
2971 2533 3063 2585 καὶ
3101 2531 3299 2598 ἀγαθὸν
3337 2530 3526 2600 μέχρις
3567 2528 3833 2598 ὀμμάτων
3863 2525 3947 2579 καὶ

2396 2624 2596 2695 σαρκὸς
2637 2624 2829 2694 ἡδονῆς
2870 2623 3081 2692 στῆσαι.
3118 2622 3299 2693 Ταύτῃ
3345 2622 3399 2673 δὲ
3426 2620 3565 2674 κατά
3593 2620 3659 2672 τὰ
3694 2636 3943 2690 προειρη-

2397 2718 2555 2787 μένα,
2580 2715 2706 2776 τοὺς
2726 2713 2833 2765 τῶν
2854 2712 3247 2783 νενομισμένων
3272 2710 3363 2764 τοῦ
3387 2711 3632 2782 σώματος
3654 2710 3841 2763 καλῶν
3862 2711 3941 2783 καὶ

2395 2806 2675 2878 χρησίμων
2707 2804 2955 2875 εὑρετὰς,
2989 2804 3022 2873 ἢ
3056 2804 3147 2855 καὶ¹
3173 2803 3435 2865 δυνάστας
3460 2803 3607 2864 τινάς
3639 2804 3739 2856 καὶ
3769 2802 3944 2871 τυράν-

2394 2910 2535 2959 νους,
2562 2893 2595 2965 ἢ
2619 2895 2714 2947 καὶ⁵
2736 2895 2936 2964 γόητας
2961 2894 3054 2945 καὶ
3086 2892 3409 2963 φαρμακέας
3430 2890 3641 2962 ἀνδρας,
3668 2892 3773 2962 τὴν
3798 2891 3945 2957 φύσιν

2394 2986 2617 3056 θνητοὺς
2667 2987 2761 3039 καὶ
2805 2985 3169 3056 ἀνθρωπίναις
3211 2985 3577 3055 κεχρημένους
3626 2985 3939 3053 συμφοραζ,

738 3070 803 3123 ad
836 3069 1101 3138 ejusmodi
1135 3070 1410 3141 religionis
1456 3072 1764 3126 institutum
1807 3076 2113 3141 adhaesere,
2149 3080 2288 3147 quod

2392 3076 2465 3140 ῶς
2520 3076 2740 3145 ἀγαθῶν
2783 3079 3083 3147 χορηγοὺς,
3125 3077 3373 3147 σωτῆρας
3418 3076 3511 3127 καὶ
3557 3074 3713 3137 θεοὺς
3757 3078 3943 3140 ἀναγο-

736 3162 962 3216 rationis
994 3162 1173 3217 lumen
1201 3163 1532 3217 ostendebat.
1560 3164 1665 3235 73
1700 3164 1833 3219 Nam
1868 3183 2007 3222 IIIIUS
2040 3167 2293 3225 fortassis

2396 3167 2602 3241 ρεύειν,
2637 3166 2735 3237 τὴν
2776 3166 3066 3237 σεϐάσμιον
3105 3166 3309 3220 ἔννοιαν
3350 3163 3588 3234 φυσίκῶς
3636 3167 3821 3229 αὐτοῖς
3864 3170 3939 3219 ἐν·

736 3252 936 3307 alterve
967 3254 1245 3320 duntaxat,
1297 3265 1391 3309 aut
1430 3255 1477 3309 si
1521 3258 1611 3325 qui
1642 3258 1754 3323 alii,
1797 3274 1926 3312 sane
1956 3261 2288 3328 paucissimi,

2394 3259 2758 3331 υπάρχουσαν,
2788 3260 2873 3326 ἐφ’
2912 3257 3006 3320 οὓς
3045 3257 3288 3327 ἐνόμιζον
3321 3257 3609 3327 εὐεργέτας
3640 3259 3937 3327 μετατεθειο

737 3361 873 3417 quos
914 3345 1257 3401 Hebraeorum
1298 3347 1488 3401 litterae
1515 3349 1889 3415 celebrarunt,
1919 3367 2040 3405 cum
2070 3355 2134 3405 ad
2164 3354 2286 3406 nul-

731 3436 841 3492 lam
872 3452 1051 3489 rerum
1076 3451 1285 3498 earum,
1317 3452 1438 3514 qua:
1463 3438 1634 3492 oculis
1662 3452 2009 3509 usurpantur,
2038 3443 2288 3496 haustam

733 3525 933 3581 animis
964 3528 1031 3580 de
1062 3526 1245 3580 divino
1274 3524 1507 3582 Numine
1528 3530 1801 3583 notionem
1826 3532 2137 3596 alIixissent,
2194 3535 2287 3587 sed

730 3633 858 3675 mm
886 3618 951 3671 ad
976 3632 1230 3686 magnum
1264 3618 1413 3671 illum
1440 3635 1502 3673 ac
1530 3628 1907 3688 praepotentem
1950 3624 2095 3677 orbis
2128 3624 2288 3693 hujus

736 3707 975 3761 universi
1004 3707 1305 3761 molitorem
1334 3747 1347 3771 ,
1383 3709 1451 3763 ab
1488 3724 1677 3764 eorum
1722 3726 1842 3779 quae
1883 3714 1985 3765 sub
2012 3725 2283 3782 aspectum

733 3800 938 3852 eadunt
971 3799 1212 3851 omnium
1243 3800 1432 3865 turba,
1481 3805 1752 3857 constanti
1791 3819 1853 3857 ac
1896 3814 2037 3858 certa
2091 3808 2286 3860 mentis

734 3891 1046 3946 inductione
1072 3893 1437 3961 sustulissent,
1470 3896 1713 3949 eumdem
1743 3913 1906 3949 unum
1941 3913 2060 3951 esse
2092 3896 2283 3964 Deum,

731 3982 1001 4050 simulque
1046 3984 1287 4037 omnium
1331 3995 1689 4049 servatorem,
1725 3989 1992 4065 acsolum
2020 3992 2282 4042 bonorum

732 4080 1006 4125 auctorem
1058 4074 1364 4142 purioribus
1413 4075 1778 4145 intelligentiae
1818 4078 1991 4130 oculis
2036 4079 2283 4145 pervide-

733 4170 883 4215 runt.
921 4162 1113 4217 Caneri
1148 4174 1327 4218 autem
1372 4160 1653 4234 multiplici
1689 4168 1947 4236 variaque
1979 4170 2283 4221 animorum

734 4249 1073 4325 in'caligine
1114 4255 1374 4319 volutati,
1422 4257 1477 4308 in
1510 4257 1798 4325 impietatis
1844 4260 2159 4312 barathrum
2209 4260 2283 4310 ita

734 4354 1073 4410 corruerunt,
1106 4354 1163 4398 ut
1190 4345 1469 4399 brutorum
1504 4348 1856 4401 animantium
1891 4348 2018 4413 ritu,
2050 4349 2283 4413 honesti,

734 4436 882 4492 utilis
913 4435 1149 4505 bonique
1184 4437 1444 4490 rationem
1499 4453 1605 4491 una
1634 4438 1913 4492 oculorum
1962 4448 2016 4492 et
2045 4441 2284 4509 corporis

733 4525 1005 4594 voluptate
1033 4525 1370 4579 metirentur.
1412 4525 1627 4597 Itaque,
1655 4528 1699 4581 si
1738 4528 1830 4597 qui
1860 4528 1939 4580 vel
1971 4543 2157 4581 eorum
2189 4530 2286 4581 ali-

2395 3348 2568 3411 κότες.
2601 3345 2847 3418 Τοσαύτη
2882 3348 2925 3398 δ’
2951 3347 3058 3419 ἄρα
3088 3349 3323 3417 συνεῖχεν
3354 3348 3547 3409 αὐτοὺς
3571 3349 3785 3417 φρενῶν
3818 3351 3936 3400 ἀπο-

2396 3441 2614 3510 πληξία,
2642 3441 2717 3503 ὠς
2752 3440 2913 3510 μηδὲν
2947 3438 3054 3492 τῶν
3086 3437 3583 3509 πλημμελουμένων
3622 3442 3737 3503 τοῖς
3779 3438 3943 3491 θεολο-

2395 3532 2675 3601 γουμένοις
2720 3530 3149 3598 ὑπολογίζεσθαι,
3209 3530 3329 3601 μηδ’
3387 3529 3643 3602 ὲρυθριᾷν
3697 3532 3791 3582 ἐπὶ
3840 3531 3940 3591 τοῖς

2395 3621 2630 3692 αἰσχρῶς
2661 3622 2786 3691 περὶ
2812 3618 2989 3672 αὐτῶν
3021 3618 3424 3689 φημιζομένοις’
3452 3619 3523 3672 τὰ
3550 3620 3725 3672 πάντα
3752 3619 3806 3670 δὲ
3828 3620 3940 3677 τοὺς

2394 3714 2589 3784 ἄνδρας
2636 3714 2723 3766 διὰ
2754 3712 2853 3774 τὰς
2894 3712 3022 3781 παρ’
3050 3710 3227 3764 αὐτῶν
3259 3711 3633 3781 παρεχομένας
3662 3708 3934 3777 ὠφελείας,

2393 3805 2426 3873 ἢ
2453 3804 2546 3856 καὶ
2572 3803 2659 3855 διὰ
2683 3802 2782 3864 τὰς
2813 3801 2934 3854 τότε
2974 3802 3185 3873 πρῶτον
3216 3800 3607 3871 συνισταμένας
3634 3798 3937 3857 δυναστείας

2392 3912 2451 3946 τε
2473 3895 2567 3947 καὶ
2588 3893 2904 3965 τυραννίδας
2926 3892 3347 3962 ἀποθαυμάζειν.
3364 3892 3561 3961 Νόμων
3587 3888 3734 3957 γοῦν,
3757 3888 3936 3955 ὥσπερ

2392 3986 2527 4057 ἔφην
2576 3986 2675 4056 ήδη
2703 3985 2981 4057 πρότερον,
2997 3984 3217 4055 μηδέπω
3238 3982 3355 4033 τότε
3385 3982 3442 4033 ὲν
3468 3979 3763 4052 ἀνθρώποις
3794 3978 3935 4030 πολι-

2392 4078 2712 4149 τευομένων,
2754 4077 2872 4148 μηδ’
2901 4078 2993 4128 ἐπὶ
3031 4079 3141 4140 τοῖς
3170 4075 3626 4146 ἁμαρτανομένοις
3668 4072 3932 4143 ἁμαρτίας

2393 4169 2796 4240 ἀπηωρημένης
2848 4166 2979 4238 (96),
3014 4167 3254 4238 μοιχείας
3296 4168 3388 4219 καὶ
3428 4167 3669 4237 ἀρρένων
3720 4162 3925 4233 φθορὰς,

2392 4258 2687 4327 ὲκθέσμους
2721 4275 2779 4310 τε
2820 4259 2915 4311 καὶ
2964 4258 3307 4329 παρανόμους
3349 4258 3587 4326 γάμους,
3636 4252 3924 4325 μιαιφονίας

2390 4366 2449 4401 τε
2471 4352 2563 4402 καὶ
2594 4349 2999 4422 πατροκτονίας,
3020 4349 3222 4402 τέκνων
3248 4367 3305 4402 τε
3330 4349 3421 4401 καὶ
3443 4346 3681 4414 ἀδελφῶν
3710 4343 3924 4413 σφαγὰς,

2391 4441 2483 4492 καὶ
2518 4440 2620 4510 μὴν
2650 4441 3049 4509 καὶῖπολέμους
3078 4442 3169 4494 καὶ
3198 4442 3411 4502 στάσεις
3441 4438 3826 4508 πεπραγμένας
3854 4434 3928 4485 6v—

2390 4548 2494 4593 τως
2549 4534 2659 4595 τοῖς
2712 4532 2930 4593 οἰκείοις
2978 4532 3324 4602 προστάταις,
3373 4530 3465 4591 οὓς
3511 4529 3664 4592 θεοὺς
3719 4525 3926 4598 ἡγοῦντό

733 4618 865 4687 quid
898 4615 1231 4678 invenirent,
1265 4632 1385 4685 qua:
1414 4616 1649 4671 fovendo
1676 4620 2024 4687 curandoque
2071 4619 2284 4687 corpori

2392 4638 2442 4672 τε
2490 4623 2581 4673 καὶ
2634 4621 2958 4681 ἀπεκάλουν.
2990 4622 3178 4693 ὥσπερ
3221 4615 3277 4673 εν
3324 4619 3474 4690 μέρει
3507 4619 3925 4689 κατορθωμάτων

735 4709 885 4761 utilia
918 4714 1257 4777 putarentur,
1290 4706 1369 4759 vel
1400 4708 1681 4775 imperium
1715 4718 1808 4762 aut
1831 4710 2165 4779 tyrannidem
2196 4724 2289 4763 0c-

733 4810 994 4868 ruparent
1019 4842 1033 4865 ,
1078 4800 1163 4853 vel
1198 4799 1481 4867 prmstigiis
1519 4801 1899 4867 veneﬁciisque
1934 4810 2283 4867 praestarent;

734 4905 849 4954 eos,
867 4901 924 4944 ut
939 4893 1186 4960 superius
1204 4892 1643 4952 commemoravi,
1663 4892 1785 4944 licet
1804 4893 2005 4960 alioqui
2032 4892 2190 4945 morti
2220 4908 2283 4944 ac

714 4980 956 5049 reliquis
980 4982 1226 5036 humanae
1246 4992 1451 5036 natura:
1480 4981 1696 5034 casibus
1726 4980 2006 5044 obnoxios,
2026 4990 2281 5049 tanquam

731 5087 851 5135 eos,
887 5086 917 5124 a
944 5072 1139 5140 quibus
1171 5089 1291 5126 cum
1336 5073 1539 5141 reliqua
1585 5071 1745 5133 bona,
1795 5080 1911 5123 tum
1944 5073 2115 5139 ipsam
2149 5086 2285 5139 quo-

734 5180 839 5234 que
872 5165 1098 5218 salutem
1146 5165 1430 5227 haberent,
1468 5164 1709 5231 adeoque
1748 5172 2002 5230 tanquam
2037 5164 2166 5216 deos
2193 5178 2283 5215 ce-

736 5257 1014 5319 lebrarunt
1038 5296 1053 5320 ,
1087 5270 1151 5308 ac
1179 5256 1535 5309 venerandam
1569 5254 1714 5307 illam
1763 5264 2153 5323 augustamque
2187 5270 2284 5308 no-

738 5348 934 5398 tionem
958 5387 971 5409 ,
1013 5360 1174 5413 quam
1203 5359 1232 5397 a
1264 5353 1451 5397 natura
1480 5345 1773 5397 hauserant
1820 5352 1978 5409 atque
2004 5358 2282 5410 expresse-

739 5444 878 5497 rant,
914 5434 965 5487 in
995 5450 1118 5500 eos,
1171 5448 1305 5503 quos
1335 5434 1596 5500 ejusmodi
1628 5434 2007 5488 beneﬁciorum
2039 5443 2285 5487 auctores

737 5538 855 5575 esse
901 5527 1218 5591 censebant,
1270 5525 1634 5578 contulerunt.
1674 5524 1779 5579 Eos
1811 5532 2066 5593 praeterea
2104 5531 2283 5576 tantus

735 5616 1039 5671 ultimorum
1069 5628 1255 5688 stupor
1285 5618 1502 5677 invasit,
1548 5626 1604 5669 ut
1631 5618 1810 5671 omnia
1842 5626 2282 5671 consecratorurn

810 5751 924 5819 (96)
975 5751 1271 5819 Ἀμαρτίας
1317 5751 1760 5819 ἀπῃωρημένης,
1804 5750 1941 5804 Verti
1971 5749 2190 5820 perinde
2218 5765 2281 5804 ac

739 5821 785 5877 si
817 5821 1117 5896 haberetur,
1150 5822 1653 5896 τιμωρίαςάπῃωρ.

807 5890 917 5962 (97)
961 5888 1339 5958 Θεραπεῦσαι.
1385 5890 1492 5945 Hoc
1526 5888 1630 5955 'e'st,
1663 5891 1869 5960 opinor,
1902 5889 2046 5962 quod
2078 5888 2284 5946 Plutar-

2386 4713 2478 4763 καὶ
2505 4708 2862 4781 ἀνδραγαθίας
2886 4704 3345 4783 ἀπεμνημόνευον,
3369 4711 3465 4781 τὴν
3494 4711 3692 4762 τούτων
3724 4712 3922 4780 μνήμην

2383 4802 2458 4864 ὡς
2484 4802 2692 4871 σεμνῶν
2725 4804 2816 4856 καὶ
2845 4803 3102 4874 ἀνδρείων
3129 4805 3240 4865 τοῖς
3264 4800 3532 4871 όψιγόνοις
3563 4800 3920 4859 ἀπολιπόντες.

2386 4892 2617 4943 Τοιαῦτα
2657 4886 2724 4961 ἦν
2768 4892 2838 4943 τὰ
2876 4892 2973 4961 τῆς
3012 4890 3241 4953 παλαιᾶς
3287 4891 3578 4959 θεολογίας,
3606 4891 3671 4959 ἢν
3709 4886 3921 4959 μεταδα-

2383 4982 2563 5045 λόντες
2594 4983 2701 5034 νέοι
2737 4984 2897 5047 τινὲς,
2932 4982 3057 5052 χθὲς
3083 4984 3176 5035 καὶ
3215 4982 3402 5053 πρώην
3439 4981 3754 5049 ὲπιφυέντες
3794 4980 3919 5044 λογι-

2384 5072 2617 5143 κώτερόν
2646 5090 2706 5125 τε
2742 5074 3041 5141 φιλοσοφεῖν
3081 5074 3387 5144 αὐχοῦντες,
3419 5074 3516 5143 τὴν
3541 5072 3603 5141 δὴ
3637 5068 3920 5140 φυσικωτέ-

2388 5180 2484 5234 ραν
2507 5164 2607 5231 τῆς
2639 5166 2766 5235 περὶ
2810 5164 2945 5217 θεῶν
2988 5166 3224 5237 ἱστορίας
3249 5163 3405 5227 δόξαν
3436 5165 3808 5233 εἰσηγήσαντο,
3840 5174 3919 5214 σε·

2387 5255 2648 5325 μνοτέρας
2678 5255 3073 5324 εύρεσιολογίας
3116 5259 3227 5319 τοῖς
3275 5253 3460 5324 μύθοις
3486 5256 3917 5325 προσεπινοήσαν-

2382 5362 2491 5408 τες,
2518 5346 2611 5397 καὶ
2655 5346 2790 5415 μήτε
2819 5346 2993 5415 πάντη
3033 5346 3141 5399 τῶν
3167 5344 3515 5416 προπατόρων
3538 5345 3597 5398 τὸ
3623 5340 3916 5413 πλημμελὲς

2382 5434 2478 5503 τῆς
2516 5433 2827 5497 δυσσεϐείας
2856 5436 3198 5505 ἐκφυγόντες,
3237 5436 3358 5504 μήτ’
3382 5430 3447 5487 αὖ
3476 5434 3633 5488 πάλιν
3659 5433 3753 5503 τὴν
3778 5428 3913 5483 αύτόο

2384 5527 2473 5578 θεν
2524 5526 2955 5597 προφαινομένην
3005 5526 3110 5578 τῶν
3170 5525 3594 5597 θεολογουμένων
3642 5518 3914 5594 μοχθηρίαν

2384 5619 2789 5688 ὑπομείναντες.
2825 5618 3166 5689 Θεραπεῦσαι
3209 5619 3316 5691 (97)
3344 5619 3388 5671 δ’
3418 5614 3512 5671 οὖν
3553 5620 3697 5688 ὅμως
3738 5613 3835 5667 οἵδε
3862 5607 3911 5660 τὸ

2383 5753 2537 5817 chus,
2576 5754 2863 5817 Alexand.,
2898 5755 3168 5823 eleganter
3210 5754 3360 5819 dixit,
3392 5753 3482 5806 τὸν
3529 5752 3691 5822 μῦθον
3722 5745 3908 5823 ἀναφώ-

2385 5824 2494 5883 ςειν
2520 5824 2653 5893 πρὸς
2686 5825 2959 5891 ἀλήθειαν,
2984 5818 3082 5877 ubi
3138 5818 3375 5891 naphtha
3416 5818 3703 5893 delibutarn
3737 5818 3907 5870 Medea!

2385 5892 2641 5948 coronam
2705 5896 2891 5959 fuisse,
2944 5895 3231 5949 nonnullos
3275 5894 3482 5963 opinari
3532 5892 3711 5957 tradit,
3758 5896 3906 5952 eoque
