4028 6332
114 518 206 572 N1

1273 523 1593 578 ΡΒᾸΞΡΑΒ.
1635 522 1885 579 EVANC.
1928 524 2053 577 LIB.
2098 521 2158 578 ll.

3224 510 3225 513 “
3256 527 3352 585 ι42

110 638 388 711 »πατρικὸν
448 640 745 710 ἁμάρτημα
810 638 1265 710 προθυμηθέντες,
1316 635 1407 693 ἐπὶ
1463 639 1693 709 φυσικὰς

1797 640 1892 693 abs
1917 655 2035 695 sese
2064 640 2349 694 numinum
2381 641 2581 696 scelera
2616 641 2771 696 facile
2802 651 3131 711 paterentur,
3159 658 3258 697 nec
3284 646 3351 697 ad

110 732 403 801 διηγήσεις
440 734 534 786 καὶ
572 733 802 802 Θεωρίας
825 734 950 795 τοὺς
976 733 1180 803 μύθους
1208 733 1689 803 μετεσκευὰσαντο,

115 822 182 875 τὰ
202 823 489 894 θρεπτικά
516 824 608 876 καὶ
638 821 905 892 αύξητικά
938 824 1035 892 τῆς
1057 823 1161 875 τῶν
1195 826 1461 893 σωμάτων
1483 822 1692 890 φύσεως

115 913 262 966 ταῦτ’
292 911 444 967 εἶναι
477 916 543 968 τά
570 915 657 966 διὰ
683 913 792 965 τῶν
824 913 1006 983 μύθων
1034 914 1353 985 δηλούμενα,
1385 916 1461 977 ὼς
1500 914 1562 985 δὴ
1596 933 1694 984 μυ-

121 1008 456 1079 στικώτερον
500 1010 895 1079 κομπάσαντες.
952 1009 1141 1061 Ἔνθεν
1182 1009 1421 1071 ἀνιόντες
1458 1009 1549 1059 καὶ
1586 1008 1693 1059 οἵδε

121 1103 185 1154 τὰ
221 1106 473 1171 στοιχεῖα
498 1102 589 1155 τοῦ
617 1104 821 1173 κόσμου
847 1103 998 1164 θεοὺς
1025 1103 1395 1170 ἐπεφήμισανο
1412 1100 1510 1153 οὐκ
1535 1100 1696 1152 αὑτὸν

125 1195 278 1265 μόνον
307 1194 488 1265 ἣλιον,
521 1196 615 1247 καὶ
640 1196 890 1265 σελήνην,
927 1196 1020 1247 καὶ
1052 1194 1244 1261 ἄστρα,
1274 1192 1493 1262 προσέτι
1514 1192 1572 1244 δὲ
1595 1192 1697 1259 γῆν

126 1287 215 1338 καὶ
255 1286 427 1356 ὕδωρ,
461 1286 597 1356 ἀέρα
645 1303 703 1338 τε
742 1285 836 1337 καὶ
886 1284 1015 1355 πῦρ,
1044 1285 1113 1337 τά
1149 1300 1207 1335 τε
1242 1285 1305 1335 ἐκ
1330 1281 1530 1335 τούτων
1570 1298 1698 1348 συγ-

130 1378 374 1448 κρίματά
428 1395 491 1430 τε
532 1378 626 1430 καὶ
667 1378 1110 1447 ἀποτελέσματα*
1154 1376 1239 1428 ναὶ
1290 1374 1396 1445 μὴν
1438 1374 1529 1425 καὶ
1574 1375 1698 1434 τοὺς

131 1468 359 1539 ὡραίους
399 1469 512 1521 ἀπὸ
552 1471 655 1537 γῆς
696 1472 956 1541 καρποὺς,
998 1470 1089 1522 καὶ
1128 1468 1195 1520 τά
1222 1466 1382 1519 λοιπά
1405 1467 1503 1537 τῆς
1529 1465 1698 1535 ξηρᾶς

134 1562 221 1612 καὶ
237 1561 412 1630 ὑγρᾶς
430 1561 636 1630 τροφῆς
656 1559 1034 1630 βλαστήματα·
1061 1560 1095 1613 δι
1116 1560 1206 1611 καὶ
1233 1556 1391 1623 me"
1415 1557 1489 1621 ὡς
1513 1556 1578 1609 ἂν
1601 1558 1698 1626 τῆς

140 1650 239 1701 τῶν
265 1651 534 1720 στομάτων
560 1649 705 1719 ζωῆς
736 1653 902 1714 αἴτια,
932 1653 1240 1720 Δήμητραν,
1258 1650 1351 1701 καὶ
1376 1647 1578 1716 Κόρην,
1608 1646 1699 1697 καὶ

148 1742 398 1804 Διόνυσον,
430 1743 524 1795 καί¹
550 1743 650 1795 ὅσα
680 1743 812 1796 ἄλλα
844 1742 1270 1812 τούτοιςὲμφερῆ
1294 1738 1695 1812 προσειπόντεςν

141 1832 462 1897 πθειάκασι,
507 1834 881 1903 βεϐιασμένον,
911 1834 1003 1887 καὶ
1036 1833 1133 1884 οὐκ
1164 1832 1335 1903 ἀληθῆ
1364 1831 1472 1884 τῶν
1518 1828 1697 1899 μύθων

137 1923 217 1973 τὸν
237 1924 622 1995 καλλωπισμὸν
644 1925 1080 1994 εἰσηγησάμενοι.
1132 1924 1269 1976 Ἀλλ’
1301 1917 1443 1977 οὗτοι
1478 1922 1575 1992 μὲν
1598 1919 1706 1987 ὀψέ,

1797 735 2092 803 quidquam
2118 750 2325 795 eorum,
2353 750 2473 803 qure
2499 735 2564 788 de
2595 736 2725 803 ipsis
2756 734 3050 790 fuedissime
3070 736 3354 804 jactaban-

1798 837 1908 890 tur,
1937 827 2348 890 erubescerent;
2388 826 2479 881 sed
2523 828 2702 896 potius
2731 827 2991 897 quidquid
3021 828 3087 881 ad
3114 843 3209 881 eos
3238 843 3355 896 pcr-

1798 918 2033 980 tineret,
2076 917 2189 971 sive
2239 928 2459 987 propter
2506 919 2744 988 ipsorum
2789 920 2843 972 in
2883 919 3159 975 hominum
3190 936 3356 988 genus

1800 1012 1993 1065 merita
2015 1052 2029 1076 ,
2062 1012 2175 1065 sive
2205 1019 2423 1081 propter
2450 1012 2672 1080 imperia
2704 1011 2781 1063 vel
2808 1011 3117 1080 tyrannides
3146 1025 3213 1063 eo
3246 1012 3359 1079 pri-

1802 1120 1948 1157 mum
1981 1112 2217 1172 tempore
2261 1104 2583 1158 constitutas
2603 1144 2617 1167 ,
2648 1103 2906 1170 singulari
2935 1118 3056 1157 cum
3088 1104 3354 1172 approba»

1802 1196 1947 1248 tione
1993 1195 2343 1263 suspicerent.
2403 1194 2537 1248 Cum
2582 1193 2745 1263 igitur
2802 1196 3063 1256 necdum,
3111 1204 3170 1246 ut
3223 1205 3347 1248 ante

1803 1285 1934 1348 dixi,
1984 1285 2190 1354 legibus
2236 1285 2361 1339 ullis
2388 1284 2667 1338 hominum
2715 1283 2822 1339 vita
2849 1294 3140 1354 regeretur,
3172 1299 3355 1353 poma-

1802 1390 1907 1443 que
1932 1374 2145 1446 ﬂagitiis
2176 1376 2321 1428 nulla
2350 1374 2686 1441 immineret;
2711 1375 2994 1439 adulteria,
3020 1376 3355 1443 mariumqun

1803 1471 2152 1535 concubitus,
2203 1468 2465 1522 nefandas
2505 1468 2630 1521 item
2680 1469 3076 1539 ﬂagitiosasqne
3119 1473 3350 1537 nuptias.

1807 1563 2001 1624 caedes,
2024 1562 2332 1631 parricidia,
2365 1561 2675 1625 liberorum,
2704 1560 3037 1629 fratrumque
3058 1560 3353 1628 jugulatio-

1804 1669 1918 1717 nes,
1954 1653 2087 1707 bella
2118 1654 2345 1722 denique
2387 1663 2440 1706 et
2482 1655 2786 1706 animorum
2822 1652 3071 1705 intestina
3108 1652 3353 1713 dissidia.

1804 1746 2001 1813 quibus
2025 1763 2213 1800 eorum
2250 1748 2539 1815 principes,
2575 1760 2711 1813 quos
2746 1744 2821 1797 illi
2842 1744 2971 1798 deos
2993 1745 3356 1813 Opinabantur

1803 1847 1857 1890 et
1881 1838 2178 1903 vocabant,
2214 1853 2271 1890 se
2305 1838 2449 1906 ipsos
2482 1853 2603 1890 vere
2636 1837 3067 1900 obstrinxerant,
3115 1837 3195 1895 sic
3234 1847 3353 1889 tan-

1805 1944 1966 1997 quam
1997 1944 2173 1983 rernm
2204 1928 2271 1980 ab
2298 1928 2363 1982 iis
2393 1928 2647 1997 praeclare
2672 1938 2941 1996 gestarum
2966 1964 2982 1988 ,
3036 1927 3354 1996 eximimqne

136 2030 286 2079 ποτε,
306 2016 455 2067 ὼσὰν
483 2016 926 2085 ὲπαισχυνόμενοι
964 2017 1063 2081 τὰς
1094 2017 1201 2069 τῶν
1228 2015 1501 2088 προγόνων
1530 2011 1695 2065 θεολο-

1802 2021 2013 2075 virtutis
2046 2021 2370 2074 monimenta
2400 2021 2777 2085 celebrabant,
2824 2035 3152 2087 eorumque,
3196 2025 3348 2091 quasi

132 2108 285 2172 γίας,
329 2106 534 2159 οἴκοθεν
579 2108 646 2171 ἀς
689 2108 915 2171 ἕκαστος
957 2108 1154 2179 ἐφεῦρε
1199 2107 1545 2179 σεμνολογίας
1588 2109 1700 2169 τοῖς

134 2199 274 2268 περὶ
301 2198 437 2253 θεῶν
468 2201 645 2271 μύθοις
680 2201 1136 2271 προσεπενόησαν,
1166 2204 1332 2252 κινεῖν
1376 2199 1445 2252 τὰ
1495 2200 1698 2268 πάτρια

134 2290 449 2360 τολμῶντος
492 2293 717 2356 οὐδενὸς,
750 2293 878 2361 περὶ¹
918 2291 1108 2344 πολλοῦ
1151 2293 1207 2344 δὲ
1241 2292 1337 2363 τὴν
1372 2292 1702 2363 ἀρχαιότητα

137 2379 304 2447 εἶναι,
336 2386 428 2439 καὶ
448 2387 545 2456 τὴν
573 2387 775 2457 συνήθη
806 2386 900 2439 καὶ
924 2384 1215 2454 σύντροφον
1238 2388 1301 2437 ὲκ
1329 2384 1528 2437 παίδων
1557 2385 1699 2451 ἀγω-

138 2478 242 2548 γὴν
282 2480 596 2549 τιμώμενοι.
628 2481 696 2532 Οἵ
736 2498 798 2549 γε
851 2481 955 2551 μὴν
993 2478 1194 2531 τούτων
1236 2478 1593 2549 πρεσϐύτεροι
1641 2479 1700 2528 ἐν

145 2566 242 2639 [σῳ
257 2572 325 2640 τῇ
348 2570 454 2622 τῶν
471 2570 677 2640 ἀνδρῶν
699 2570 942 2641 θεοποιίᾳξ
957 2572 1054 2623 καὶ
1072 2570 1169 2632 τάς
1189 2569 1296 2622 τῶν
1320 2570 1526 2636 ἀλόγων
1548 2568 1698 2633 ζιὶων

148 2657 433 2721 ὲκθεὼσεις.
449 2659 777 2723 διετάξαντο,
806 2659 895 2712 διὰ
926 2661 985 2712 τὸ
1018 2662 1110 2713 καὶ
1142 2660 1199 2725 ἐξ
1226 2659 1402 2712 αὐτῶν
1432 2661 1698 2730 χρήσιμον

154 2749 288 2801 κατά
315 2740 408 2813 τὰς
442 2750 674 2821 πρόσθεν
712 2750 1061 2814 ἀποδοθείσας
1087 2753 1263 2814 αἰτίας
1285 2769 1297 2780 ο
1326 2752 1417 2803 καὶ
1444 2754 1556 2813 τοῖς
1582 2750 1700 2802 ἀλό-

160 2826 268 2906 γοις
299 2841 498 2912 θηρίοις
539 2843 637 2907 τὰς
675 2845 791 2909 ἴσας
836 2845 1144 2915 ἀφιέρωσαν
1191 2843 1504 2915 θρησκείας,
1542 2858 1702 2893 σπον-

154 2930 288 2997 δαῖς,
312 2934 403 2983 καὶ
435 2930 667 2997 θυσίαις,
701 2935 792 2986 καὶ
819 2937 1100 3003 μυστικαῖς
1124 2935 1383 2997 τελεταῖς,
1417 2922 1604 3002 ὕμνοις
1640 2949 1699 2983 τε

150 3023 247 3076 ιιιαὶ⁵
281 3024 460 3093 ᾠδαῖς,
488 3027 686 3095 ὁμοίιος
712 3029 824 3089 τοῖς
850 3026 1312 3096 τεθεοποιημένοις
1336 3026 1581 3095 ἀνδράσι,
1606 3026 1700 3077 καὶ

148 3111 239 3175 τὰς
272 3112 475 3167 τούτων
519 3114 685 3183 τιμὰς
730 3114 1054 3186 ἐπάραντες·
1098 3116 1177 3177 εἰς
1212 3114 1462 3165 τοσοῦτον
1504 3114 1558 3165 δὲ
1590 3113 1697 3184 ἀρα

146 3204 325 3256 κακῶν
347 3206 603 3275 ἧλαυνον,
632 3206 705 3269 ὡς
736 3206 803 3259 δι’
838 3206 1137 3277 ὑπερϐολὴν
1169 3205 1493 3275 ἡδυπαθείας
1527 3207 1697 3277 ἀκρα-

140 3292 282 3356 τοῦς,
304 3294 374 3347 τά
387 3295 521 3348 ὁλκά
541 3297 674 3365 πρὸς
688 3296 1072 3367 αἰσχρουργίαν
1095 3296 1231 3367 μέρη
1243 3295 1337 3347 τοῦ
1355 3294 1696 3365 σώματος,τά

141 3401 199 3437 τε
211 3385 482 3438 ἀκόλαστα
494 3387 551 3440 ὲν
565 3386 868 3457 ἀνθρώποις
880 3387 1168 3459 πάθη,ταῖς
1186 3386 1695 3458 ίσοθέοιςὲκοειάσαι

139 3479 342 3547 τιμαῖς,
367 3478 533 3548 μηδὲν
557 3479 617 3529 τὸ
643 3478 900 3549 παράπαν
922 3481 979 3531 ὲν
1013 3478 1219 3542 τούτοις
1242 3479 1431 3550 χρῆναι
1458 3477 1698 3547 σεμνολο-

144 3574 254 3638 γεῖν
268 3570 373 3624 τῶν
395 3570 463 3641 δὴ
490 3569 750 3638 θεολόγων
766 3571 943 3624 αὐτῶν
960 3573 1409 3642 ἀποφηναμένων.
1426 3573 1697 3643 Τηρητέον

145 3662 284 3731 γοῦν,
302 3664 377 3727 ὡς
401 3665 483 3716 ὅτι
510 3662 741 3732 μάλιστα
764 3665 811 3715 οἶ
840 3648 1155 3733 παλαίέατοι
1179 3665 1327 3716 οὐδέν
1348 3681 1401 3715 τι
1422 3663 1579 3715 πλέον
1599 3665 1695 3733 τῆς

106 3792 109 3797 -
151 3756 378 3827 ἱστορίας
406 3756 626 3817 εἰδότες,
649 3754 828 3824 μόνοις
856 3754 915 3807 δὲ
935 3732 1042 3816 τοῖς
1067 3754 1254 3823 μύθοις
1276 3732 1695 3825 προσανέχοντες

143 3835 613 3920 ἐμαρτυρήθησαν.
632 3846 769 3899 Ἀλλ’
803 3832 1030 3915 ἐπείπερ
1060 3844 1206 3907 ἅπαξ
1230 3844 1583 3914 ὡρμήθημεν,
1603 3843 1696 3893 καὶ

136 3942 207 3994 τὰ
235 3942 406 4010 σεμνά
432 3942 526 3993 καὶ
549 3941 836 4011 ἀπόρρητα
865 3938 971 3991 τῶν
998 3938 1257 4005 γενναίων
1286 3936 1586 4005 φιλοσόφων
1606 3952 1697 3987 και

138 4033 498 4101 τασκοπῆσαι,
530 4032 661 4102 φέρε
711 4031 804 4084 καὶ
834 4028 1003 4089 ταῦτα
1031 4027 1504 4100 ὲπιθεωρήσωμεν,
1534 4026 1606 4088 ὡς
1630 4026 1695 4078 ἂν

147 4122 225 4191 μὴ
260 4121 498 4192 δοκοῖ-’μεν
524 4124 736 4190 ἀγνοεῖν
767 4108 860 4175 καί
888 4122 987 4185 τὰς
1017 4120 1330 4190 θαυμαστὰς
1355 4120 1532 4174 αὐτῶν
1557 4120 1698 4188 φιλο-

143 4211 352 4278 σοφίας.
412 4212 539 4283 Πρὶν
586 4214 643 4266 δὲ
695 4214 792 4283 τὴν
837 4213 1037 4265 τούτων
1091 4210 1303 4263 ἔκθεσιν
1353 4210 1693 4281 ποιήσασθαι,

136 4304 259 4372 ἐμοὶ
291 4303 435 4356 δοκεί
472 4303 1064 4375 προσεπισημαίνεσθαι
1108 4303 1203 4355 καὶ¹
1247 4302 1347 4372 τὴν
1390 4300 1557 4369 αὐτὴν
1588 4299 1696 4351 τῶν

112 4394 459 4466 θαυμαστῶν
506 4398 841 4465 φιλοσόφων,
877 4397 978 4449 κάν
1023 4394 1235 4455 τούτοις
1283 4392 1419 4462 πρὸς
1470 4393 1695 4452 ἑαυτοὺς

142 4490 544 4559 ἑναντιολογίαν.
580 4494 640 4545 Οἱ
670 4494 765 4562 μὲν
801 4492 907 4561 γάρ
936 4491 1206 4560 τηνάλλως
1232 4487 1563 4559 διηγοῦνται,
1603 4490 1696 4542 καὶ

140 4585 274 4636 κατά
298 4585 360 4636 τὸ
392 4586 678 4655 παραστάν
701 4585 927 4645 ἕκαστος
958 4584 1100 4645 ἰδίως
1127 4582 1543 4649 ἀποφαίνονται·
1576 4582 1694 4633 οὐδὲ

1799 2113 2137 2181 egregiorum
2162 2111 2513 2177 quorunnlam
2539 2112 2836 2167 facinorum
2858 2128 2920 2167 ac
2940 2112 3205 2181 prazcipua
3225 2130 3350 2167 eum

1803 2202 2133 2257 fortitudinis
2161 2202 2318 2257 laude
2344 2203 2776 2272 conjunctorum,
2808 2204 3124 2257 memoriam
3156 2204 3220 2257 ad
3255 2223 3350 2271 pu-

1800 2306 1974 2349 steros
1999 2295 2100 2364 ipsi
2128 2312 2257 2351 suos
2290 2298 2675 2367 propagabant.
2714 2297 2888 2365 Atque
2914 2296 3222 2365 hujusmodi
3252 2295 3354 2350 fuit

1800 2387 2101 2454 priscorum
2144 2387 2423 2441 hominum
2471 2387 2772 2456 theologia,
2819 2402 2980 2455 quam
3016 2387 3203 2455 nuperi
3230 2389 3352 2455 qui-

1798 2478 1919 2529 dam
1949 2490 2011 2529 ac
2042 2476 2432 2531 nudiustertius
2465 2476 2669 2531 exclusi
2714 2476 2794 2532 sic
2828 2477 3221 2547 immutarunt,
3269 2487 3346 2538 ut,

1798 2567 2127 2621 subtiliorem
2154 2571 2334 2623 nescio
2355 2584 2515 2639 quam
2542 2567 2952 2638 philosophandi
2980 2568 3241 2624 rationem
3266 2569 3350 2638 ja-

1796 2670 2021 2725 ctantes,
2047 2659 2153 2731 74
2168 2676 2346 2714 rerum
2366 2660 2569 2714 scilicet
2585 2668 2788 2714 natura:
2807 2661 3109 2728 propiorem
3133 2662 3200 2714 de
3215 2661 3345 2714 dco-

1800 2766 1920 2803 rum
1954 2750 2177 2805 historia
2203 2752 2514 2821 opinionem
2543 2752 2879 2816 inveherent,
2901 2760 2954 2805 et
2982 2751 3349 2805 honestiorem

1800 2847 2034 2915 aliquam
2089 2863 2352 2900 novorum
2406 2856 2835 2899 commentorum
2878 2845 3110 2915 Speciem
3154 2844 3350 2897 fabulis

1800 2951 2096 2997 attexerent
2142 2961 2156 2995 :
2208 2944 2311 2997 hoc
2352 2942 2609 2995 nimirum
2642 2939 2833 3005 secuti,
2870 2950 3048 2994 utnec
3074 2943 3295 2994 omnino
3319 2959 3348 2994 a

1800 3033 2056 3087 scelerata
2102 3032 2367 3100 majorum
2417 3048 2637 3087 suorum
2682 3033 2952 3099 impietate
2993 3032 3348 3094 disevdcrent,

1800 3139 1899 3177 nec
1925 3123 2147 3177 omnino
2176 3133 2354 3176 tamen
2386 3139 2451 3176 ex
2475 3124 2686 3176 illorum
2719 3122 3068 3193 religionibus
3087 3124 3350 3178 exsis‘ten-

1798 3226 1905 3269 tem
1957 3224 2392 3270 consecratorum
2442 3215 2725 3268 numinum
2774 3214 3168 3282 improbitatem
3200 3221 3349 3282 pate-

1801 3311 2006 3358 rentur.
2048 3302 2114 3356 lli
2142 3318 2271 3370 ergo
2292 3344 2306 3367 ,
2342 3318 2465 3356 cum
2496 3304 2659 3357 semel
2690 3304 2920 3371 patrium
2946 3317 3179 3357 errorem
3209 3317 3346 3370 quo—

1799 3411 1909 3465 quo
1934 3395 2095 3449 modo
2118 3409 2407 3463 procurare
2436 3393 2767 3457 statuissent,
2793 3394 2858 3446 ad
2880 3392 3203 3447 naturalium
3225 3409 3349 3447 cau-

1799 3506 1981 3545 sarum
2030 3496 2189 3556 atque
2234 3487 2505 3540 rationum
2556 3485 2969 3554 explicationem
3010 3483 3349 3538 labulastra-

1798 3583 2017 3635 duxere.
2059 3580 2135 3633 Ac
2167 3578 2415 3649 primam,
2452 3576 2652 3647 quibus
2681 3577 2858 3630 alendi
2888 3566 3129 3645 Corporis
3156 3593 3350 3647 augen-

1797 3675 1959 3742 dique
2007 3673 2088 3726 vis
2137 3672 2372 3734 inesset,
2419 3686 2480 3723 ea
2528 3669 2726 3724 fabulis
2777 3669 3065 3737 signiﬁcari
3109 3680 3250 3722 novo
3294 3678 3349 3721 et

1798 3762 2049 3815 insolenti
2077 3762 2219 3815 I'astu
2259 3762 2572 3830 jactabant,
2626 3760 2846 3829 perinde
2870 3774 2933 3813 ac
2961 3758 3008 3813 si
3040 3758 3167 3827 quid
3198 3773 3349 3811 area-

1798 3867 1924 3905 num
1956 3852 2128 3919 magis
2159 3854 2435 3919 magisque
2471 3850 2803 3905 reconditum
2844 3848 3149 3902 attulissent
3180 3865 3196 3900 :
3224 3860 3348 3900 mox

1797 3957 1923 3996 vero
1948 3942 2218 4011 progressi
2250 3943 2497 4005 ulterius,
2532 3939 2718 3994 mundi
2746 3938 2910 3993 etiam
2930 3939 3193 3992 elementa
3219 3938 3349 3991 deo-

1795 4040 1929 4086 rum
1961 4034 2013 4085 in
2047 4047 2273 4086 numero
2305 4032 2378 4085 ita
2419 4030 2756 4085 collocarunt
2779 4067 2794 4091 ,
2827 4038 2887 4082 ut
2915 4044 2981 4081 ne
3011 4029 3065 4081 in
3092 4029 3207 4101 sole
3228 4030 3351 4097 qui-

1794 4127 1913 4177 dem
1940 4140 2002 4177 ac
2032 4124 2157 4176 luna
2180 4133 2480 4190 creteraque
2517 4130 2791 4175 astrorum
2820 4119 3165 4174 multitudine
3195 4122 3351 4174 siste.-

1796 4225 1945 4279 rent,
1980 4216 2071 4269 sed
2102 4215 2271 4284 ipsam
2299 4227 2517 4283 quoque
2549 4222 2748 4267 terram
2771 4226 2943 4275 ,cum
2982 4225 3122 4279 aqua
3145 4249 3163 4276 ,
3204 4224 3348 4271 aere,

1794 4309 1934 4377 igne,
1969 4307 2209 4375 adeoque
2233 4322 2354 4360 eum
2390 4306 2477 4368 iis,
2502 4319 2623 4373 qua:
2650 4304 2843 4357 horum
2870 4317 2936 4356 ex
2960 4302 3349 4369 temperatione

1794 4414 1855 4451 ac
1881 4398 2227 4468 permistione
2251 4397 2573 4457 conﬂantur.
2609 4395 2979 4465 adiungerent.
3016 4393 3156 4460 Quin
3182 4393 3345 4446 etiam

1796 4491 2139 4560 tempestivos
2185 4499 2342 4549 terra:
2390 4489 2637 4553 fructus,
2669 4489 2883 4557 aliaque
2927 4495 3041 4541 tum
3080 4484 3344 4544 siccioris,

1795 4589 1909 4633 tum
1942 4581 2264 4635 bumidioris
2286 4580 2526 4635 alimenti
2562 4580 2803 4650 germina
2831 4598 2845 4633 :
2872 4593 3020 4648 quae,
3051 4576 3194 4646 quod
3227 4576 3344 4645 ipsa

136 4674 239 4744 γὰρ
291 4674 538 4744 ἀλλήλοις
569 4676 832 4745 σύμφωνα
869 4671 1301 4740 φυσιολογοῦσιν·
1333 4672 1382 4723 οί
1408 4670 1461 4721 δὲ
1493 4670 1693 4737 εύγνω-

1797 4687 2010 4741 quoque
2062 4682 2375 4728 nostrorum
2424 4686 2713 4742 corporum
2743 4672 2907 4725 vitam
2942 4675 3342 4729 conservarent,

137 4764 450 4835 μονέστεροι
497 4765 559 4817 τὸ
616 4764 833 4834 σύμπαν
873 4762 1203 4832 ἀναιροῦσιν,
1234 4762 1327 4815 καὶ
1361 4761 1461 4831 τῆς
1491 4762 1691 4825 οἰκείας

133 4855 406 4915 πολιτείας
435 4856 495 4907 οὐ
534 4850 690 4923 μόνον
718 4855 815 4918 τάς
860 4857 1124 4923 ἀπρεπεῖς
1155 4855 1283 4925 περὶ
1323 4852 1457 4905 θεῶν
1504 4848 1719 4923 διηγή-’

133 4963 266 5011 σεις,
306 4946 443 4999 ἀλλά
473 4949 565 5000 καὶ
592 4947 690 5009 τάς
721 4946 921 4999 τούτων
948 4947 1239 5017 ἑρμηνείας
1267 4944 1654 4999 ἀπελαύνουσιν
1674 4964 1685 4974 ·

130 5038 243 5092 ἐστι
271 5040 321 5092 δ’·
347 5040 435 5092 ὅτε
466 5040 616 5109 φόόῳ
638 5039 735 5110 τῆς
774 5037 881 5091 ἀπὸ
918 5039 1026 5091 τῶν
1066 5039 1243 5109 νόμων
1271 5038 1536 5108 τιμωρίας
1568 5039 1691 5100 τοὺς

131 5131 340 5199 μύθους
370 5130 1002 5201 ύτωκορίζονται.”Δκουε
1031 5130 1075 5181 δ’
1101 5127 1191 5183 οὖν
1221 5129 1396 5183 αὐτῶν
1430 5128 1691 5196 Ἑλλήνιον

126 5222 192 5275 δι’
240 5221 368 5285 ἑνὸς
407 5223 501 5274 τοῦ
546 5222 760 5276 πάντων
787 5222 1027 5293 ἀρίστου,
1057 5223 1177 5275 τοτὲ
1208 5222 1304 5292 μὲν
1342 5218 1687 5283 ἐξωθοῦντος,

127 5313 248 5365 τοτὲ
302 5310 347 5362 δ’
380 5308 473 5365 οὖν
520 5314 681 5367 πάλιν
731 5315 1134 5385 είσποιουμένου
1169 5316 1293 5375 τοὺς
1328 5310 1619 5382 μύθους.⁹0
1644 5311 1688 5361 δ’

125 5399 214 5457 οὖν
245 5402 554 5470 θαυμάσιος
597 5404 773 5457 αὐτῶν
803 5406 1045 5468 Πλάτων,
1077 5406 1163 5457 ὅτε
1200 5404 1296 5473 μὲν
1343 5402 1439 5471 τὴν
1486 5400 1689 5453 οἰκείαν

123 5496 438 5561 ἀπογυμνοῖ
465 5490 796 5564 προαίρεσιν,
821 5496 1211 5565 τολμηρότερον
1240 5491 1565 5563 ἀπαγορεύει
1602 5508 1691 5542 κα·

124 5586 284 5639 θόλου
324 5586 448 5650 περὶ
488 5583 623 5636 θεῶν
657 5584 878 5638 τοιαῦτα
918 5589 1133 5656 φρονεῖν
1161 5603 1218 5637 τε
1252 5587 1343 5637 καὶ
1370 5584 1568 5651 λέγειν,
1602 5572 1687 5634 aia.

122 5681 235 5741 τοῖς
277 5676 529 5737 παλαιοῖς
566 5676 795 5746 εἴρηται,
836 5679 942 5730 εἴτε
977 5677 1276 5747 περιέχοιέν
1305 5694 1356 5728 τι
1382 5676 1598 5745 λεληθὸς
1631 5678 1687 5727 ὲν

121 5819 234 5864 tam
295 5810 477 5862 subito
527 5808 798 5862 ﬂammam
845 5811 1173 5869 concepisse.
1205 5810 1439 5869 Εἰκότως
1462 5802 1571 5869 οὖν,
1603 5809 1684 5859 in-

124 5827 234 5864 tam
295 5827 477 5862 suono
527 5827 798 5862 uammam
845 5827 1007 5863 conce
1050 5827 1173 5864 Isse.
1206 5827 1439 5869 ιικοτως
1462 5827 1571 5869 ουν,
1603 5827 1684 5859 In-

124 5884 268 5945 quit,
309 5878 439 5931 ἔνιοι
486 5878 576 5930 τὸν
614 5878 776 5948 μῦθον
823 5827 1189 5943 ἀνασώὲοντες
1237 5878 1368 5948 πρὸς
1413 5879 1507 5945 τὴν
1559 5878 1685 5947 ἀλή-

122 5948 484 6020 θειανποῦτό
510 5946 666 6016 φασιν
698 5946 830 6003 εῖναι
872 5952 932 6001 τὸ
972 5950 1069 6019 τῆς
1114 5946 1349 6019 Μηδείας
1379 5949 1680 6015 φάρμακον.

1793 4763 2009 4818 Cereris
2035 4803 2050 4825 ,
2083 4762 2450 4833 Proserpina,
2485 4763 2678 4817 Bacchi
2703 4802 2719 4827 ,
2750 4778 2814 4815 ac
2838 4750 3050 4817 ceteris
3076 4757 3341 4827 ejusmodi

1794 4854 2106 4909 nominibus
2131 4863 2537 4918 consecrarunt,
2573 4860 2821 4907 coactum
2847 4848 3032 4902 nescio
3058 4862 3215 4914 quem
3241 4848 3347 4899 mi—

1795 4949 2046 5015 nimeque
2072 4962 2257 5000 verum
2283 4945 2476 5001 fabulis
2499 4944 2704 4997 vultum
2742 4948 2796 4995 et
2822 4940 3052 4993 colorem
3086 4936 3357 5009 afﬁngeng

1794 5049 1894 5093 tes.
1919 5037 2141 5103 Verum,
2160 5039 2282 5092 licet
2304 5038 2394 5091 isti
2419 5036 2614 5100 serius,
2638 5032 2781 5101 quod
2803 5046 2897 5084 eos
2924 5029 3190 5099 majorum
3217 5045 3342 5083 suo-

1792 5144 1910 5182 rum
1936 5128 2215 5196 theologia:
2259 5128 2601 5196 suppuderet,
2639 5123 3002 5177 honestiorem
3029 5120 3339 5191 quemdam.

1795 5230 1957 5287 prout
2000 5234 2157 5272 suum
2208 5218 2402 5285 cuique
2432 5216 2710 5269 cerebrum
2741 5214 2995 5277 cuderet,
3045 5229 3109 5267 ac
3138 5221 3342 5265 veteres

1794 5312 1913 5363 illas
1938 5310 2157 5363 dearum
2195 5306 2404 5360 fabulas
2435 5307 2756 5375 explicatum
2788 5306 3160 5374 adjungerent,
3182 5314 3345 5356 nemo

1791 5412 1972 5454 tamen
2017 5399 2150 5451 ritus
2192 5399 2393 5465 patrios
2432 5406 2642 5451 mutare
2688 5413 2852 5451 ausus
2880 5403 2992 5458 est,
3032 5390 3125 5445 sed
3154 5406 3341 5444 omnes

1793 5494 1970 5562 potius
2003 5507 2122 5545 cum
2150 5490 2449 5558 priscorum
2483 5490 2750 5553 instituta,
2772 5498 2885 5542 tum
2917 5486 3166 5539 usitatam
3193 5483 3339 5537 illam

1790 5598 2015 5651 quaeque
2057 5596 2239 5634 secum
2286 5596 2316 5633 a
2364 5582 2545 5648 pueris
2580 5582 2882 5635 adoleverat
2913 5590 3190 5631 sacrorum
3216 5576 3342 5628 reli-

1791 5674 2071 5742 gionisque
2100 5671 2656 5742 rationem,pr:ecipuo
2686 5669 2861 5723 studio
2879 5666 3209 5720 retinendam
3236 5665 3339 5718 sibi

1791 5810 1975 5877 Itaque
2002 5807 2239 5860 nonnulli
2277 5807 2541 5861 commode
2574 5804 2806 5877 fabulam
2854 5801 2919 5853 ad
2962 5801 3224 5877 veritatem
3256 5814 3337 5877 ζε-

1789 5868 2049 5949 υοεᾷηιεδ.
2082 5888 2175 5929 aut
2203 5894 2330 5949 vero
2376 5881 2490 5947 ipso
2530 5868 2891 5935 defendentes,
2924 5880 3143 5923 suum”!
3175 5870 3225 5919 la
3254 5868 3340 5934 fa-

1790 5948 1866 6001 ble
1898 5947 1992 6017 par
2025 5949 2076 5999 la
2108 5947 2283 5999 rériié.
