3980 6338
752 479 854 536 H5

1370 477 1639 536 EUSEBII
1677 477 2148 533 CJESARlENSlS
2184 475 2331 532 OPP.
2375 474 2551 529 PARS
2592 471 2653 528 ll.
2698 505 2766 513 ——
2799 472 3294 529 APOLOGETICA.
3817 473 3899 532 Nlo

748 593 1132 663 colendamque
1158 577 1496 662 putaverunt.
1519 597 1586 648 At
1614 594 1706 664 qui
1737 593 1951 648 eosdem
1975 600 2130 647 aetate
2159 605 2286 660 pra:-

2394 589 2663 650 ὖπονοίαις
2681 586 3022 658 δηλούμενον,
3051 586 3158 639 εἴτε
3193 587 3344 648 ἐκτὸς
3375 586 3547 657 πάσης
3575 586 3804 649 ὑπονοίας
3830 586 3898 637 λέ-

748 695 1058 749 cesserant,
1114 685 1390 738 brulorum
1457 685 1768 738 animalium
1831 682 2289 736 consecrationem

748 777 940 844 aequali
970 777 1126 846 plane
1153 792 1274 831 cum
1309 776 1585 829 hominum
1626 776 1862 844 ipsorum
1904 774 2182 844 apotheosi
2209 773 2290 826 di-

751 866 966 935 gnitatis
1001 866 1122 936 jure
1149 880 1268 920 esse
1297 865 1618 931 voluerunt,
1645 865 1856 932 partim
1895 879 1958 917 ea
1983 906 1998 930 ,
2033 877 2194 934 quam
2225 877 2291 915 ex

751 957 878 1026 ipsis
902 957 1198 1026 capiebant,
1234 956 1480 1020 utilitate,
1532 956 1722 1025 partim
1754 963 2065 1009 caeterarum
2097 967 2293 1008 causa-

749 1064 888 1111 rum,
919 1064 1055 1116 quas
1085 1057 1208 1101 ante
1234 1048 1576 1115 protulimus,
1624 1047 2006 1116 conjunctione
2038 1044 2286 1115 permoti.

747 1139 927 1209 Itaque
947 1179 961 1204 ,
985 1154 1143 1208 pares
1168 1126 1386 1193 omnino
1414 1138 1710 1207 pecudibus
1749 1141 1955 1192 ratione
1981 1126 2288 1191 carentibus

748 1228 1131 1296 superstitiosa:
1173 1227 1530 1282 venerationis
1586 1227 1819 1281 honores
1863 1227 2032 1280 sacris
2083 1226 2289 1297 legibus

748 1319 818 1370 ita
854 1327 1107 1382 statuere,
1159 1327 1219 1372 ut
1244 1317 1614 1383 libationibus,
1668 1317 1966 1382 sacriliciis,
2001 1315 2289 1371 ctarcanis

748 1407 992 1461 initiandi
1041 1407 1270 1474 ritibus,
1321 1408 1536 1477 hymnis
1576 1407 1806 1476 denique
1847 1417 1900 1461 et
1939 1407 2290 1468 carminibus,

748 1501 965 1568 perinde
986 1488 1146 1568 atque
1167 1500 1446 1553 hominum
1468 1500 1727 1568 ipsorum,
1749 1500 1945 1569 quibus
1959 1500 2291 1553 divinitatem

2393 697 2562 752 γοιτο·
2609 682 2696 734 ὅτε
2745 680 2800 733 δὲ
2842 681 2967 743 τοὺς
3015 680 3207 750 νόμους
3252 678 3644 750 ὑποκορίζεται,
3693 677 3778 730 καὶ
3815 678 3903 730 δεῖν

2396 792 2526 844 φησι
2569 776 2677 836 τοῖς
2726 771 2854 842 περὶ
2902 770 3038 824 θεῶν
3093 771 3276 841 μύθοις
3329 769 3616 831 πιστεύειν,
3646 769 3716 831 ὡς
3770 768 3903 836 μηδὲν

2397 865 2604 935 ἔχουσιν
2650 865 2706 915 ἐν
2749 863 3020 925 ὑπονοίαις
3057 861 3114 927 ἐξ
3143 860 3316 914 αὐτῶν
3359 858 3828 929 δηλούμενον.Ἤδη
3859 858 3903 910 δέ

2395 973 2521 1008 ποτε
2553 955 2658 1008 τῶν
2693 952 2935 1006 παλαιῶν
2963 951 3144 1024 μύθων
3163 952 3261 1021 τὴν
3287 951 3488 1003 οἰκείαν
3515 949 3778 1015 θεολογίαν
3799 951 3904 1017 ἀφο-

2395 1049 2567 1119 ρίσας,
2590 1046 2714 1117 περί
2741 1062 2801 1098 τε
2828 1043 3077 1115 οὐρανοῦ,
3116 1044 3208 1097 καὶ
3240 1039 3408 1107 ἡλίου,
3437 1042 3528 1094 καὶ
3563 1039 3797 1112 σελήνης,
3829 1042 3903 1093 καὶ

2392 1136 2622 1206 ἄστρων,
2657 1135 2749 1188 καὶ
2770 1135 2849 1188 ἔτι
2871 1134 3009 1204 περὶ
3022 1131 3115 1184 τοῦ
3137 1132 3444 1201 σύμπαντος
3467 1130 3690 1198 κόσμου,
3717 1130 3801 1180 καὶ
3818 1129 3904 1180 τῶν

2393 1225 2576 1278 τούτου
2605 1225 2784 1296 μερῶν
2805 1222 3215 1294 κεχωρισμένως
3242 1220 3650 1290 φυσιολογήσας,
3677 1218 3804 1281 ἰδίως
3831 1218 3905 1272 πά-

2393 1315 2476 1368 λιν
2506 1317 2596 1368 καὶ
2625 1316 3013 1386 ἀφωρισμένως
3042 1313 3167 1384 περὶ
3198 1312 3301 1365 τῶν
3341 1313 3503 1365 πάλαι
3528 1308 3902 1378 γενεαλογηθέν-

2394 1423 2500 1459 των
2533 1406 2688 1470 θεῶν,
2714 1400 2815 1460 ὧδέ
2855 1424 2970 1470 πως
3012 1405 3193 1468 αὐτοῖς
3238 1408 3471 1476 ῥήμασιν
3519 1406 3575 1455 ἐν
3625 1400 3699 1472 τῷ
3730 1402 3904 1468 Τιμαίῳ

2396 1498 2659 1563 διέξεισιν.

745 1593 1023 1657 dederunt,
1051 1606 1236 1645 earum
1260 1592 1425 1645 cultui
1451 1592 1781 1661 majestatem
1801 1592 2167 1645 conciliarent.
2184 1590 2421 1645 Tandem
2457 1606 2524 1646 eo
2558 1589 2882 1660 ﬂagitiorum
2905 1591 3187 1654 devenere,
3220 1599 3278 1644 ut
3323 1587 3600 1658 impotenti
3635 1587 3902 1642 foedissima:

747 1685 982 1739 libidinis
1012 1693 1143 1740 aestu
1171 1685 1444 1751 concitati,
1493 1694 1670 1754 partes
1703 1685 1865 1739 etiam
1905 1687 2144 1752 corporis
2182 1686 2569 1753 turpitudinem
2597 1701 2660 1740 ac
2698 1701 2942 1740 venerem
2981 1687 3205 1750 cientes,
3254 1685 3508 1753 dirasque
3554 1700 3617 1737 ac
3660 1692 3902 1760 protervas

748 1776 1022 1828 hominum
1058 1775 1374 1845 cupiditates
1415 1775 1611 1830 divinis
1653 1776 1811 1844 plane
1857 1774 2152 1829 honoribus
2181 1784 2654 1845 prosequerentur,
2706 1790 2828 1830 cum
2872 1777 2924 1829 in
2973 1777 3238 1846 ejusmodi
3268 1775 3429 1830 rebus
3467 1775 3674 1829 nullum
3711 1774 3904 1842 quaesito

747 1867 1097 1938 aﬁ'ectatoque
1139 1869 1428 1923 verborum
1473 1870 1667 1939 pudori
1710 1886 1828 1925 esse
1878 1871 2057 1924 locum
2099 1878 2349 1939 oportere
2386 1870 2628 1940 praclari
2667 1871 2900 1942 theologi
2941 1873 3319 1927 decrevissent.
3360 1870 3573 1925 Maneat
3605 1870 3757 1939 igitur
3786 1878 3905 1922 vete-

745 1981 867 2030 res,
897 1973 957 2018 ut
1002 1965 1136 2019 nihil
1172 1975 1362 2034 praeter
1393 1965 1590 2018 nudam
1635 1981 1814 2021 rerum
1859 1966 2135 2019 historiam
2175 1975 2452 2030 noverant,
2473 1967 2553 2022 sic
2582 1967 2648 2020 ad
2692 1967 2837 2036 ipsas
2877 1976 3082 2021 tantum
3122 1967 3333 2022 fabulas
3375 1981 3590 2036 semper
3630 1965 3900 2034 adhaesisse,

746 2058 927 2112 multis
995 2056 1254 2112 hactenus
1317 2057 1640 2112 testimoniis
1686 2072 1805 2111 esse
1857 2057 2280 2127 comprobatum.
2342 2057 2447 2127 75
2515 2055 2618 2113 Sed
2665 2061 2919 2128 quoniam
2972 2060 3213 2127 speciosa
3273 2073 3488 2128 quoque
3551 2073 3616 2112 ac
3669 2059 3901 2112 recondita

745 2150 1077 2219 egregiorum
1121 2151 1561 2220 philosophorum
1591 2151 1839 2219 dogmata
1877 2151 1988 2220 jam
2039 2151 2204 2206 semel
2251 2152 2532 2221 explorare
2557 2155 2848 2222 coepimus,
2902 2167 3020 2222 age,
3067 2154 3286 2222 propius
3334 2153 3496 2206 etiam
3544 2153 3638 2207 illa
3694 2164 3899 2207 contem-

745 2245 975 2314 plemur,
1019 2261 1089 2300 ne
1132 2247 1321 2300 saltem
1364 2246 1587 2300 eximias
1641 2261 1825 2301 eorum
1875 2246 2291 2317 philosophandi
2341 2249 2577 2302 rationes
2626 2249 2874 2317 ignorare
2905 2249 3200 2302 videamur.
3242 2247 3399 2304 Prius
3436 2258 3617 2302 tamen
3657 2265 3800 2318 quam
3825 2266 3898 2303 eas

750 2343 803 2394 in
849 2335 1084 2390 medium
1128 2336 1436 2404 aderamus,
1483 2338 1697 2407 juverit,
1744 2339 1965 2408 opinor,
2011 2355 2172 2408 quam
2218 2339 2451 2408 graviter
2497 2341 2674 2410 magni
2719 2340 2804 2394 isti
2845 2341 3147 2410 philosophi
3182 2357 3287 2396 non
3330 2340 3488 2395 modo
3527 2356 3652 2395 cum
3684 2344 3786 2395 aliis
3815 2344 3893 2395 boc

747 2429 801 2480 in
845 2443 1060 2495 genere,
1107 2429 1196 2483 sed
1242 2429 1401 2483 etiam
1449 2445 1629 2484 secum
1679 2430 1780 2497 ipsi
1823 2440 2086 2500 pugnent,
2121 2431 2423 2485 observare.
2472 2429 2603 2484 Nam
2651 2447 2772 2485 cum
2837 2433 2938 2487 hac
2999 2432 3052 2485 in
3113 2432 3445 2502 physiologia
3494 2433 3646 2485 nulla
3696 2433 3758 2486 sit
3788 2433 3894 2484 inter

746 2534 841 2576 eos
890 2524 1274 2580 sententiarum
1321 2525 1741 2594 opinionumque
1793 2525 2129 2594 conjunctio,
2190 2525 2278 2578 alii
2338 2535 2534 2581 temere
2585 2541 2647 2581 ac
2709 2535 2865 2596 prout
2936 2541 3031 2593 sua
3102 2527 3296 2596 cuique
3359 2541 3510 2580 mens
3583 2524 3898 2595 suggesserit,

745 2631 855 2670 rem
911 2626 1074 2672 totam
1117 2619 1408 2685 deﬁniunt;
1469 2620 1559 2673 alii
1607 2621 1845 2675 melioris
1913 2622 2094 2691 utique
2142 2619 2285 2684 ﬁdei,
2352 2621 2512 2676 simul
2543 2621 2792 2676 universa
2835 2622 3049 2684 tollunt,
3083 2637 3181 2676 nec
3241 2637 3303 2675 ea
3351 2623 3524 2675 solum
3567 2621 3772 2682 omnia,
3808 2634 3901 2687 qua:

745 2711 812 2765 de
842 2712 946 2766 diis
979 2722 1122 2766 tanta
1157 2717 1289 2780 cum",
1325 2715 1638 2785 indignitate
1671 2718 1962 2784 jactantur,
2008 2715 2101 2769 sed
2155 2730 2342 2769 eorum
2395 2730 2608 2784 quoque
2661 2715 3042 2785 explicationes
3087 2714 3393 2783 reipublica:
3440 2730 3553 2770 suae
3598 2714 3783 2767 ﬁnibus
3828 2710 3900 2778 eji-

744 2806 924 2872 ciunt;
986 2808 1197 2861 tametsi
1263 2823 1541 2877 pinnarum
1607 2790 1814 2879 legibus
1872 2810 2284 2865 constitutarum
2337 2820 2480 2864 metu
2547 2809 2741 2864 fabulis
2794 2806 3062 2864 interdum
3122 2811 3252 2879 ipsis
3302 2806 3902 2863 lenocinentur.Gr:ecos

743 2912 870 2968 ergo
923 2900 1271 2970 philosophos
1315 2903 1461 2969 audi,
1511 2902 1670 2957 unius
1717 2915 1895 2957 tamen
1944 2919 2037 2957 ore
2083 2904 2324 2959 omnium
2384 2905 2845 2972 praestantissimi,
2897 2904 3221 2972 easdemque
3276 2901 3488 2956 fabulas
3539 2903 3702 2955 modo
3746 2897 3903 2969 procul

746 2991 1108 3064 amandantis,
1141 2992 1299 3044 modo
1329 3001 1514 3046 contra
1545 2976 1781 3048 studiose
1821 2994 2119 3049 retinentis.
2173 2993 2323 3048 Plato
2385 2996 2472 3048 ille
2499 3004 2602 3062 est,
2644 3011 2801 3064 quem
2845 3003 3121 3062 tantopere
3164 2991 3486 3061 suspiciunt,
3519 2992 3616 3061 qui
3642 2992 3691 3045 'si
3723 2991 3902 3058 quando

747 3098 898 3135 suam
952 3083 1064 3151 ipse
1107 3093 1338 3138 mentem
1383 3100 1447 3139 ac
1483 3101 1700 3140 sensum
1743 3088 1985 3156 aperiat,
2019 3096 2133 3141 tum
2175 3103 2302 3140 vero
2352 3089 2542 3158 majori
2590 3105 2713 3143 cum
2762 3088 3006 3142 libertate
3041 3102 3265 3156 prorsus
3294 3085 3600 3149 interdicit,
3630 3098 3733 3152 quo
3759 3082 3902 3134 minus

745 3190 806 3229 ea
835 3191 953 3244 qttze
995 3192 1024 3229 a
1059 3177 1325 3230 veteribus
1364 3178 1640 3230 decantata
1671 3179 1797 3231 olim
1838 3177 2066 3243 fuerant,
2124 3179 2188 3232 de
2236 3180 2339 3234 diis
2380 3181 2431 3232 in
2474 3187 2745 3248 posterum
2792 3181 3124 3242 sentiantur;
3173 3177 3286 3230 sive
3327 3175 3705 3229 reconditioris
3739 3172 3899 3240 aliquid

747 3269 812 3323 iis
853 3270 1119 3336 inclusum
1175 3270 1353 3332 lateat,
1393 3271 1533 3338 quod
1579 3272 1859 3325 verborum
1923 3287 1985 3324 ac
2034 3273 2420 3326 sententiarum
2475 3272 2742 3340 allegoriis
2779 3271 3061 3335 indicetur,
3108 3270 3220 3322 sive
3279 3269 3461 3321 eadem
3513 3277 3670 3319 extra
3727 3276 3895 3318 omnem

746 3363 1052 3432 allegoriam
1111 3363 1442 3432 ﬁguramque
1497 3364 1766 3418 dicantur.
1816 3362 1916 3418 Ubi
1965 3375 2141 3419 autem
2193 3365 2260 3419 ad
2315 3365 2458 3434 leges
2500 3380 2618 3419 sese
2647 3365 3048 3431 orationemque
3089 3376 3241 3416 suam
3276 3361 3436 3414 homo
3465 3359 3801 3413 meticulosus
3829 3369 3900 3407 ac-

746 3455 1075 3514 commodat.
1102 3448 1260 3506 simul
1282 3455 1497 3522 jactatis
1525 3456 1590 3509 de
1622 3463 1812 3508 natura
1855 3457 2078 3509 deorum
2117 3456 2312 3511 fabulis
2367 3456 2662 3509 habendam
2703 3470 2822 3510 esse
2864 3455 3020 3509 ﬁdem
3053 3453 3391 3522 pronuntiat,
3427 3451 3629 3522 quippe
3654 3467 3765 3520 qua:
3796 3447 3901 3502 nihil

749 3561 839 3614 per
867 3561 985 3599 sese
1016 3547 1158 3602 aliud
1183 3546 1472 3616 ﬁgurarum
1509 3549 1887 3617 integumentis
1921 3549 2276 3617 signiﬁcatum
2321 3555 2718 3616 repraesentem.
2764 3545 2905 3600 ldem
2960 3555 3215 3615 praeterea
3258 3555 3608 3616 posteaquam
3641 3560 3783 3600 suam
3816 3544 3908 3611 ipse

747 3639 1068 3708 theologiam
1146 3639 1214 3694 ab
1282 3641 1622 3710 antiquarum
1694 3641 1994 3695 fabularum
2063 3643 2320 3696 societate
2375 3641 2805 3709 commercioque
2843 3641 3096 3710 sejunxit,
3153 3640 3326 3709 deque
3379 3640 3535 3702 caelo,
3609 3641 3739 3705 sole,
3780 3639 3902 3703 luna,

747 3729 1032 3794 sideribus,
1075 3730 1184 3785 imo
1229 3731 1293 3785 de
1331 3741 1439 3785 tota
1473 3733 1572 3787 hac
1621 3733 2083 3798 universitate,,ac
2119 3736 2344 3806 singulis
2376 3735 2496 3803 ejus
2549 3733 2787 3802 partibus
2830 3732 3053 3786 seorsim
3095 3729 3394 3801 physiologi
3435 3743 3588 3783 more
3629 3728 3906 3797 disputavit,

749 3837 900 3875 suam
947 3823 1140 3876 iterum
1170 3823 1235 3876 de
1265 3823 1389 3887 diis,
1425 3838 1649 3892 quorum
1693 3824 2054 3894 genealogiam
2087 3836 2289 3880 veteres
2328 3826 2406 3879 illi
2448 3833 2747 3890 texuerant,
2785 3823 3090 3892 Opinionem
3124 3823 3209 3877 his
3250 3820 3428 3874 verbis
3456 3820 3620 3889 plane
3653 3820 3902 3888 explicate-

697 3910 704 3915 “
751 3929 854 3983 que
890 3923 1199 3982 conceptam
1228 3914 1281 3967 in
1309 3913 1501 3969 Tima’o
1527 3917 1897 3988 prosequiturs

1333 4002 1557 4057 CAPUT
1599 4004 1714 4057 VII;

916 4094 1055 4159 Quid
1090 4094 1152 4149 de
1183 4103 1402 4148 ceterum
1434 4092 1686 4164 theologia
1717 4094 1868 4146 Plato
1898 4096 2130 4148 senserit.

2903 4003 3295 4057 ΚΕΦΑΛΔΙΟΝ
3334 4004 3408 4057 Ζ’.

2392 4097 2578 4160 Ὅπως
2601 4099 2632 4148 ὁ
2651 4093 2897 4148 Πλάτων
2923 4091 3320 4221 περέδῗῑὲἕὲν
3341 4093 3612 4148 παλαιῶν
3633 4089 3904 4159 θεολογίας

3121 4193 3150 4221 ς
3295 4202 3308 4214 .

3121 4193 3277 4225 gugcr
3295 4202 3308 4214 .

817 4249 927 4319 (98)
966 4268 985 4300 ι
1012 4249 1127 4304 Jam
1162 4266 1289 4305 vero
1327 4252 1393 4307 de
1427 4252 1665 4319 caeteris,
1707 4253 1899 4322 inquit,
1943 4252 2280 4307 dtemonibus

746 4339 1027 4404 disserere,
1053 4348 1147 4391 aut
1179 4355 1366 4393 eorum
1397 4355 1557 4394 nosse
1581 4343 2030 4410 procreationem,
2064 4356 2170 4395 non
2200 4351 2282 4396 est

2457 4271 2473 4302 t
2507 4253 2638 4322 Περὶ
2674 4251 2729 4304 δὲ
2755 4251 3061 4305 τῶνᾶλλων
3103 4251 3367 4320 δαιμόνων
3397 4253 3586 4317 εἰπεῖν,
3619 4252 3711 4306 καὶ
3736 4247 3904 4317 γνῶναι

2385 4341 2479 4413 τὴν
2511 4343 2740 4414 γένεσιν,
2772 4340 2950 4411 μεῖζον
2984 4343 3016 4412 ἢ
3050 4342 3170 4394 καθ’
3193 4344 3369 4413 ἡμᾶς·
3400 4342 3713 4395 πιστευτέον
3737 4341 3788 4392 δὲ
3815 4339 3903 4397 τοῖς

747 4430 1015 4484 facultatis
1054 4431 1358 4500 viriumque
1402 4441 1722 4487 nostrarum.
1772 4433 1955 4501 Itaque
1991 4433 2147 4487 ﬁdem
2190 4433 2275 4499 iis,

2388 4433 3017 4504 εἰρηκόσινέμπροσθεν,
3057 4434 3304 4500 ἐκγόνοις
3338 4435 3434 4504 μὲν
3478 4432 3617 4484 θεῶν
3645 4429 3808 4494 οὖσιν,
3842 4428 3904 4487 ὡς

746 4521 838 4591 qui
870 4530 1115 4574 naturam
1150 4520 1362 4574 illorum
1400 4521 1510 4589 jam
1538 4522 1665 4575 olim
1694 4524 2056 4592 explicarunt,
2089 4523 2283 4575 habere

747 4626 848 4668 nos
879 4620 1110 4682 oportet,
1148 4613 1254 4683 76
1286 4613 1479 4682 quippe
1515 4612 1607 4681 qui
1638 4613 1860 4666 deorum
1904 4622 2123 4682 nepotes
2161 4628 2284 4666 cum

749 4704 969 4768 fuerint,
998 4712 1056 4758 ut
1089 4705 1190 4773 ipsi
1234 4703 1572 4765 conﬁrmant,
1618 4717 1746 4756 suos
1786 4718 2000 4773 quoque
2056 4703 2285 4772 majores

749 4795 948 4863 optime
983 4794 1251 4848 noverint.
1293 4792 1358 4847 Et
1399 4808 1528 4847 sane
1562 4792 1676 4846 ﬁeri
1717 4793 1862 4845 nullo
1896 4793 2055 4847 modo
2091 4802 2285 4862 potest,

751 4893 810 4937 ut
834 4883 1055 4938 deorum
1090 4885 1273 4939 liberis
1314 4885 1445 4938 ﬁdes
1487 4893 1730 4953 negetur,
1762 4884 1814 4935 in
1858 4883 1924 4937 iis
1951 4885 2134 4948 etiam,
2167 4898 2286 4952 quze

750 4975 866 5029 sine
893 4974 1000 5026 ulla
1029 4974 1400 5028 verisimilium
1439 4983 1532 5027 aut
1560 4973 1981 5041 necessariarum
2007 4974 2285 5042 probatio-

751 5079 877 5118 num
901 5063 952 5116 vi
983 5073 1144 5132 atque
1168 5065 1485 5118 auctoritate
1512 5065 1728 5129 dicunt;
1756 5064 1848 5116 sed
1876 5063 1942 5116 iis
1970 5065 2148 5132 potius
2178 5073 2287 5116 tan—

749 5172 910 5225 quam
949 5156 1239 5209 domestica
1288 5156 1659 5220 referentibus,
1701 5154 2147 5225 quemadmodum
2203 5155 2286 5208 lex

753 5250 866 5316 ipsa
897 5248 1068 5317 jubet,
1098 5247 1317 5301 omnino
1362 5248 1678 5301 credendum
1707 5256 1808 5302 est.
1854 5244 2062 5299 Maneat
2105 5247 2284 5316 igitur,

749 5354 920 5407 eoque
947 5321 1106 5409 plane
1133 5339 1292 5392 modo
1333 5347 1780 5392 commemoretur
1820 5354 1849 5390 a
1884 5338 2037 5392 nobis
2064 5338 2286 5391 deorum

753 5429 973 5480 istorum
1014 5426 1322 5496 generatio,
1367 5440 1474 5495 quo
1529 5426 1670 5479 illam
1716 5425 1791 5480 ab
1841 5427 2029 5482 iisdem
2074 5427 2284 5495 accepi—

753 5533 892 5569 mus.
921 5515 998 5569 Ει
1021 5517 1186 5589 Terra
1219 5518 1431 5588 quidem
1461 5518 1693 5583 acr_CtI:lo
1716 5516 1963 5572 Oceanus
1985 5515 2287 5586 Tethysque

751 5607 863 5662 nati
905 5616 1063 5673 sunt;
1109 5624 1176 5662 ex
1203 5609 1288 5662 his
1323 5622 1448 5662 vero
1479 5606 1749 5677 Phorcys,
1785 5608 2084 5670 Saturnus,
2115 5606 2280 5671 Rhea,

750 5712 817 5754 ac
835 5699 1043 5760 ceteri,
1082 5700 1171 5767 qui
1203 5699 1411 5754 ad'tres
1454 5699 1574 5754 illos
1610 5701 1884 5769 aggregari
1929 5701 2123 5754 solent.
2161 5697 2280 5752 Jam

2383 4522 2604 4590 ἔᾳασαν,
2637 4528 2819 4592 σαφῶς
2869 4523 2924 4575 δὲ
2966 4525 3090 4586 τοὺς
3139 4524 3342 4574 ἑαυτῶν
3385 4523 3678 4592 προγόνους
3719 4519 3901 4573 εἰδόσιν.

2394 4615 2670 4667 Ἀδύνατον
2698 4612 2790 4667 οὖν
2841 4613 2976 4666 θεῶν
3027 4614 3210 4666 παισὶν
3263 4614 3523 4677 ἀπιστεῖν,
3559 4615 3757 4683 καίπερ
3798 4611 3902 4663 ἄνευ

2383 4707 2602 4758 εἰκότων
2626 4705 2718 4756 καὶ
2746 4704 3051 4770 ἀναγκαίων
3084 4703 3402 4767 ἀποδείξεων
3426 4703 3692 4772 λέγουσιν,
3724 4703 3827 4757 ἀλλ’
3845 4701 3904 4760 ὡς

2381 4795 2549 4846 οἰκεῖα
2596 4793 2900 4860 φασκόντων
2943 4791 3316 4860 ἀπαγγέλλειν,
3347 4793 3638 4862 ἑπομένους
3667 4791 3742 4861 τῷ
3780 4790 3904 4856 νόμῳ

2383 4881 2714 4933 πιστευτέον.
2746 4878 2928 4942 Οὕτως
2954 4876 3044 4932 οὖν
3077 4883 3195 4934 κατ’
3223 4882 3464 4944 ἐκείνους
3495 4884 3625 4951 ἡμῖν
3658 4884 3690 4950 ή
3720 4880 3902 4948 γένεσις

2384 4974 2507 5042 περὶ
2533 4971 2730 5024 τούτων
2754 4969 2860 5021 τῶν
2889 4971 3020 5022 θεῶν
3046 4972 3212 5041 ἐχέτω
3235 4973 3325 5024 καὶ
3344 4971 3599 5040 λεγέσθω,
3624 4972 3729 5041 Γῆς
3749 4968 3902 5024 τεκαὶ

2383 5061 2619 5132 Οὐρανοῦ
2651 5060 2834 5122 παῖδες
2855 5062 3096 5128 Ὠκεανὸς
3116 5064 3205 5115 καὶ
3235 5062 3413 5133 Τηθὺς
3450 5062 3758 5133 ἐγενέσθην·
3801 5059 3902 5111 τού-

2383 5171 2486 5204 των
2527 5154 2583 5205 δὲ
2613 5152 2836 5221 Φόρκυς,
2869 5153 3069 5222 Κρόνος
3118 5169 3175 5204 τε
3221 5153 3312 5204 καὶ⁵
3348 5152 3488 5216 Ῥέα,
3513 5152 3604 5204 καὶ
3642 5153 3751 5204 ὅσοι
3784 5148 3901 5220 μετὰ

2383 5243 2581 5294 τούτων
2600 5260 2612 5272 ·
2649 5244 2713 5294 ἐκ
2744 5241 2801 5292 δὲ
2827 5243 3028 5312 Κρόνου
3059 5261 3116 5295 τε
3151 5245 3243 5296 καὶ
3282 5243 3433 5305 Ῥέας
3471 5239 3792 5312 Ζεῑις,”Ηρα,
3823 5237 3902 5291 καὶ

2385 5335 2579 5395 πάντες
2615 5334 2767 5395 ὅσους
2798 5333 2950 5401 ἴσμεν
2983 5334 3183 5396 πάντας
3207 5333 3460 5411 ἀδελφοὺς
3487 5333 3800 5405 λεγομένους
3819 5329 3900 5384 αὑ-

2384 5425 2510 5487 τῶν,
2545 5425 2623 5476 ἔτι
2653 5441 2714 5503 τε
2740 5424 2937 5476 τούτων
2967 5426 3216 5493 ἐκγόνους
3259 5424 3464 5488 ἄλλους.
3494 5444 3512 5476 ι
3548 5424 3728 5478 Ταῦτά
3757 5437 3899 5493 φησιν

2383 5519 2411 5567 ὁ
2441 5516 2658 5569 Πλάτων
2699 5515 2977 5583 ἑπομένοις
3027 5515 3104 5585 τῷ
3137 5517 3280 5585 νόμῳ
3310 5517 3592 5569 πιστευτέα
3618 5512 3772 5578 εἶναι,
3799 5511 3900 5565 καί·

2385 5627 2489 5678 περ
2513 5610 2635 5661 ἄνευ
2675 5607 2894 5659 εἰκότων
2946 5608 3040 5668 καὶ
3068 5607 3372 5675 ἀναγκαίων
3414 5607 3732 5673 ἀποδείξεων
3767 5604 3898 5673 εἰρῆ-

2387 5698 2506 5750 σθαι
2561 5697 2697 5750 αὐτὰ
2744 5696 3096 5767 ὁμολογήσας.
3149 5699 3475 5769 Προσεκτέον
3521 5699 3595 5762 δὲ,
3641 5697 3715 5758 ὡς
3767 5693 3899 5747 οὐδὲν

819 5808 930 5880 (98)
970 5807 1068 5865 Hic
1097 5811 1232 5866 idem
1265 5813 1416 5868 locus
1443 5811 1579 5868 infra
1605 5814 1875 5878 citabitur,
1915 5815 2008 5869 ubi
2035 5811 2276 5869 Platonis
2317 5828 2526 5872 errores
2560 5814 2804 5884 pluribus
2834 5823 3210 5887 exponentur”
