4028 6332
206 411 321 467 N5

202 525 362 597 ἔχειν
396 531 713 603 ἀπόρρητον
741 531 837 593 τὰς
859 530 963 582 τῶν
993 529 1123 581 θεῶν
1147 529 1209 599 δὴ
1231 529 1594 599 προσηγορίας
1617 545 1673 579 τε
1703 528 1797 579 καὶ
1828 527 1867 585 Α

203 621 580 689 γενεαλογίας
637 625 693 674 έν
739 621 1098 690 φυσιολογίαις
1156 620 1485 690 δηλούμενον.
1522 622 1790 690 ἐμφαίνει.

203 709 390 775 Αὖθις
428 714 476 766 δ’
508 716 565 767 ὲν
594 714 797 783 ἑτέροις
827 715 855 765 ὁ
882 712 1061 776 αὑτὸς,
1096 714 1191 782 τὴν
1224 714 1431 769 οἰκείαν
1471 713 1795 784 ἀπογυμνῶν

203 805 589 875 προαίρεσιν,
640 806 798 858 πάλιν
850 804 1057 868 τούτοις
1100 805 1359 875 κέχρηται
1406 808 1516 867 τοῖς
1565 806 1791 874 ῥήμασι”

210 912 232 943 ι
266 894 393 965 (99)
427 896 651 967 Πρῶτον
683 897 799 965 μὲν,
832 892 899 965 ἦν
931 896 974 948 δ’
1001 895 1130 962 ἐγὼ,
1158 897 1218 947 τὸ
1253 895 1503 965 μέγιστον
1537 896 1626 947 καὶ
1672 896 1797 966 περὶ

204 984 323 1036 τῶν
355 987 642 1053 μεγίστων
662 985 851 1054 ψεῦδος
873 987 901 1037 ὁ
920 985 1087 1037 είπὼν
1117 985 1176 1038 οὑ
1202 986 1380 1048 καλῶς
1405 985 1666 1054 ἐψεύσατο
1683 1003 1694 1015 ·
1722 986 1797 1049 ὡς

209 1074 477 1143 υύρανός
528 1092 589 1127 τε
640 1076 949 1145 εἰργάσατο,
982 1075 1019 1129 ἆ
1052 1093 1183 1147 φησι
1212 1076 1405 1143 δρᾶσαι
1430 1077 1588 1130 αὑτὸν
1621 1078 1798 1130 Ἡσίο-

209 1161 326 1227 δος,
373 1166 410 1217 ὃ
456 1182 515 1217 τε
548 1161 614 1219 αὗ
647 1167 871 1236 Κρόνος,
904 1166 980 1231 ὡς
1010 1168 1382 1243 ἐτιμωρήσατο
1414 1170 1590 1222 αὐτόν.
1624 1170 1685 1220 Τί
1714 1170 1799 1223 δαὶ

210 1253 283 1324 δὴ
316 1256 401 1324 (I)
435 1256 503 1309 τά
532 1255 624 1308 τοῦ
658 1257 864 1327 Κρόνου
890 1257 1027 1327 ἔργα
1055 1259 1145 1310 καὶ
1176 1258 1315 1328 πάθη
1344 1259 1447 1312 ὑπὸ
1483 1258 1576 1312 τοῦ
1605 1261 1751 1323 υίέος
1778 1278 1793 1326 ;

212 1345 328 1397 οὐδ’
349 1346 424 1399 ἂν
448 1349 495 1399 εἰ
526 1342 593 1415 ἦν
622 1347 811 1418 ἀληθῆ,
847 1347 1001 1420 ᾤμην
1028 1350 1133 1401 δεῖν
1165 1348 1359 1419 ῥαδίως
1387 1350 1637 1419 λέγεσθαι
1662 1351 1800 1406 οὕτω

220 1434 365 1503 πρὸς
405 1437 649 1506 ἄφρονάς
674 1453 731 1490 τε
765 1436 858 1489 καὶ
890 1438 1041 1502 νέους
1062 1457 1074 1467 ·
1105 1439 1237 1492 ἀλλά
1267 1441 1498 1511 μάλιστα
1527 1443 1623 1511 μὲν
1651 1445 1800 1511 σιγᾶ-

224 1524 389 1576 σθαι·
447 1530 495 1579 εί
548 1527 592 1580 δ’
621 1529 831 1598 ἀνάγκη
884 1525 1083 1600 τις“ἦν
1129 1529 1323 1598 λέγειν,
1379 1530 1448 1582 δι’
1480 1532 1800 1604 ἀπορρήτων

231 1619 452 1672 ἀκούειν
480 1620 559 1683 ὠς
587 1620 905 1688 ὀλιγίστους,
930 1621 1267 1691 θυσαμένους
1288 1623 1347 1675 οὑ
1375 1626 1571 1694 χοῖρον,
1599 1626 1730 1679 ἀλλά
1750 1643 1800 1678 τι

234 1712 373 1780 μέγα
398 1714 493 1765 καὶ
515 1712 819 1784 ἀπόρρητον
842 1712 941 1783 (l')
970 1713 1134 1783 θῦμα,
1154 1715 1296 1777 ὅπως
1320 1716 1383 1769 ἂν
1415 1716 1709 1787 ἐλαχίστοις
1726 1720 1799 1788 (2)

228 1801 431 1871 συνέϐη
479 1800 728 1855 ἀκοῦσαι.
760 1803 871 1855 Καὶ
898 1802 1025 1873 γὰρ,
1056 1797 1137 1872 ἧδ’
1168 1803 1227 1867 ὃς
1257 1805 1354 1875 (5),
1404 1801 1547 1859 οὗτοι
1576 1809 1625 1859 οἱ
1656 1808 1798 1875 λόγοι

220 1894 287 1965 δὴ
320 1894 569 1965 χαλεποί.
610 1896 717 1947 Καὶ
745 1895 806 1948 οὑ
841 1896 1044 1950 λεκτέοι
1078 1898 1153 1967 (4)
1182 1915 1266 1965 γε,
1300 1893 1345 1951 ὧ
1380 1900 1706 1971 Ἀδείμαντε,
1739 1904 1798 1955 ὲν
1832 1881 1871 1933 Β

219 1990 294 2056 τῇ
342 1988 587 2057 ἡμετέρᾳ
630 1986 780 2040 πόλει
800 2006 813 2019 ο
845 1989 963 2041 οὐδὲ
992 1989 1167 2042 δοτέον
1194 1990 1270 2061 (5)
1300 1992 1404 2061 νέῳ
1430 1992 1695 2056 ἀκούοντι,
1722 1994 1797 2057 ὼς

220 2076 438 2129 ἀδικῶν
456 2079 524 2129 τά
542 2078 736 2147 ἑσχατά
750 2096 834 2147 γε,
852 2078 956 2132 οὐδ’
977 2078 1074 2149 (5‘)
1108 2079 1170 2133 ἂν
1200 2080 1505 2151 θαυμαστὸν
1536 2087 1676 2136 ποιοῖ
1700 2083 1795 2154 (6),

225 2167 353 2219 οὐδ’
390 2164 457 2221 αὖ
508 2169 779 2224 ἀδικοῦντα
826 2170 1035 2240 πατέρα
1082 2172 1319 2236 κολάζων
1374 2174 1533 2227 παντὶ
1579 2176 1793 2245 τρόπῳ·

228 2255 381 2308 ἀλλὰ
419 2257 558 2327 δρῴη
604 2257 687 2319 ἂν,
717 2259 850 2327 ὅπερ
896 2256 1029 2308 θεῶν
1077 2259 1124 2310 οἱ
1174 2259 1378 2329 πρῶτοί
1406 2277 1465 2311 τε
1500 2260 1593 2312 καὶ
1638 2261 1795 2329 μέγι-

232 2360 359 2396 στοι
393 2344 619 2415 (7).Οῦδὲ
642 2344 788 2414 αὑτῷ
817 2362 904 2415 μοι
930 2345 1078 2398 δοκεῖ
1119 2347 1390 2419 ἐπιτήδεια
1424 2346 1561 2400 εἶναι
1599 2349 1793 2416 λέγειν.

225 2431 370 2485 osse
396 2449 479 2499 γε,
506 2429 572 2503 ἦν
605 2434 647 2485 δ’
682 2430 809 2501 ἐγὼ,
842 2432 903 2485 τὸ
939 2436 1215 2507 παράπαν,
1245 2437 1318 2499 ὡς
1341 2436 1451 2489 θεοὶ
1476 2437 1613 2499 θεοῖς
1642 2438 1796 2490 πολε-

233 2521 418 2591 μοῦσι,
447 2525 541 2575 καὶ
568 2522 1002 2587 ἐπιόουλεύουσι,
1056 2527 1148 2579 καὶ
1180 2526 1472 2597 μάχονται·
1521 2525 1643 2593 οὔτε
1688 2528 1795 2599 γὰρ

232 2614 429 2684 ἀληθῆ,
454 2616 508 2668 ετ
527 2632 589 2684 γε
616 2616 696 2669 δεῖ
721 2619 850 2687 ἡμῖν
877 2618 1003 2682 τοὺς
1027 2619 1313 2689 μέλλοντας
1337 2620 1435 2690 τὴν
1456 2619 1605 2672 πόλιν
1633 2619 1797 2689 φυλά-

240 2704 367 2771 ξειν,
398 2706 675 2776 αἴσχιστον
697 2710 934 2779 νομίζειν
962 2711 1022 2762 τὸ
1054 2710 1246 2782 ῥᾳδίως
1285 2711 1532 2782 ἀλλήλοις
1561 2712 1798 2782 ἀπεχθά-

243 2796 444 2850 νεσθαι’
478 2798 674 2851 πολλοῦ
704 2800 783 2852 δεῖ
820 2801 1241 2871 γιγαντομαχίας
1293 2802 1677 2875 μυθολογητέον
1702 2805 1799 2856 αὑ-

239 2890 367 2951 τοῖς,
410 2893 505 2943 καὶ
546 2892 793 2955 ποικίλας
831 2893 1028 2964 ἔχθρας
1061 2896 1153 2946 καὶ
1182 2894 1526 2958 παντοδαπὰς
1554 2895 1689 2949 θεῶν
1737 2913 1795 2947 τε

235 2982 329 3033 καὶ
362 2982 557 3051 ἡρώων
610 2984 742 3053 πρὸς
798 2987 1071 3052 συγγενεῖς
1102 3002 1159 3036 τε
1205 2986 1297 3037 καὶ
1338 2987 1566 3048 οἰκείους
1599 2985 1791 3037 αὑτῶν.

248 3073 389 3124 Ἀλλ’
425 3073 478 3125 εἴ
508 3093 622 3137 πως
652 3076 933 3146 μέλλοιμεν
962 3076 1196 3139 πείσειν,
1236 3075 1311 3138 ὼς
1357 3077 1531 3139 οὐδεὶς
1579 3074 1794 3129 πώποτε

229 3165 463 3235 πολίτης
493 3165 678 3237 ἕτερος
708 3168 875 3237 ἑτέρῳ
891 3167 1184 3238 ἀπήχθετο,
1207 3168 1314 3221 οὐδ’
1346 3167 1424 3220 ἔτι
1453 3168 1606 3221 τοῦτο
1628 3168 1793 3235 ὅσιον,

227 3253 461 3307 τοιαῦτα
513 3256 707 3326 μᾶλλον
745 3259 935 3311 λεκτέα
986 3258 1119 3332 πρὸς
1144 3258 1211 3311 τὰ
1252 3260 1434 3313 παιδία
1478 3260 1656 3323 εὐθὺς,
1704 3262 1799 3314 καὶ
1824 3230 1864 3286 c

230 3348 459 3417 γέρουσι
482 3348 575 3398 καὶ
602 3351 799 3419 γραυσὶ
830 3353 922 3403 καὶ
954 3351 1338 3423 πρεσϐυτέροις
1364 3353 1798 3423 γενομένοις,καὶ

222 3439 365 3499 τοὺς
390 3438 617 3508 ποιητὰς
643 3440 805 3507 ἐγγὺς
834 3441 1034 3494 τούτων
1073 3443 1440 3510 ἀναγκαστέον
1478 3443 1793 3511 λογοποιεῖν.

231 3528 419 3595 ’Πρας
445 3529 498 3579 δὲ
526 3529 750 3598 δεσμοὺς
779 3530 881 3582 ὑπὸ
901 3534 1020 3595 Διὸς
1040 3534 1134 3602 (8),
1170 3536 1263 3586 καὶ
1298 3534 1587 3603 Ἡφαίστου
1626 3535 1797 3607 ῥίψεις

230 3619 347 3671 ὑπὸ
372 3620 575 3691 πατρὸς
610 3621 891 3690 μέλλοντος
922 3628 987 3693 τῇ
1031 3625 1193 3695 μητρὶ
1216 3626 1522 3696 τυπτομένῃ
1551 3626 1794 3695 ἀμύνειν,

228 3714 332 3766 καὶ
356 3713 667 3785 θεομαχίας,
692 3717 819 3779 ὅσας
860 3717 1094 3788 "(ip-v.90;
1130 3718 1439 3788 πεποίηκεν,
1482 3719 1541 3770 οὑ
1568 3720 1798 3790 παραδε-

228 3804 395 3858 κτέον
419 3806 496 3866 εἰς
523 3806 619 3874 τὴν
647 3807 815 3872 πόλιν,
846 3807 953 3859 οὒτ’
1004 3810 1059 3859 ἐν
1093 3809 1365 3871 ὑπονοίαις
1406 3811 1792 3879 πεποιημένας,

231 3896 351 3949 οὔτ’
399 3895 524 3947 ἄνευ
560 3897 820 3951 ὑπονοιῶν
850 3897 945 3967 (9).
988 3918 1004 3950 ι
1071 3900 1260 3967 Σαφῶς
1302 3899 1363 3969 δὴ
1409 3900 1495 3953 διὰ
1523 3899 1722 3952 τούτων
1768 3903 1796 3953 ὁ

235 3987 523 4056 φιλὸσοςος
566 3989 660 4040 καὶ
699 3990 823 4051 τοὺς
861 3991 967 4042 τῶν
1009 3990 1247 4043 παλαιῶν
1282 3990 1474 4059 μύθους
1504 3993 1625 4054 τοὺς
1671 3992 1795 4062 περὶ

243 4074 409 4139 θεῶν,
438 4080 521 4129 καὶ
553 4078 651 4144 τὰς
676 4081 782 4132 τῶν
812 4080 993 4151 μύθων
1025 4084 1080 4132 ἐν
1121 4082 1389 4143 ὑπονοίαις
1422 4082 1669 4151 εἰρῆσθαι
1710 4100 1795 4134 νο-

244 4166 535 4236 μιζομένας
558 4169 895 4239 φυσιολογίας
934 4171 1300 4241 παραιτητέας
1341 4167 1477 4222 εἶναι
1520 4170 1788 4223 διδάσκει·

235 4258 324 4320 ὡς
346 4260 527 4327 μηκέτ’
559 4261 765 4328 ἀλόγως
793 4262 920 4331 ἡμῖν
954 4262 1047 4313 καὶ
1068 4260 1166 4331 τὴν
1198 4263 1261 4311 ὲκ
1292 4259 1492 4312 τούτων
1515 4260 1793 4330 ἀναχώρη-

234 4366 326 4401 σιν
349 4353 446 4421 τὴν
478 4352 571 4406 τοῦ
602 4355 848 4424 Σωτῆρος
879 4355 1031 4425 ἡμῶν
1062 4352 1502 4421 εὐαγγελίζεσθαι
1544 4352 1793 4406 διδασκα-

229 4442 377 4504 λίαν,
401 4438 561 4496 ὁπότε
588 4447 679 4498 καὶ
707 4447 838 4516 πρὸς
857 4446 962 4500 τῶν
985 4447 1195 4499 οἰκείων
1230 4444 1608 4518 ἀποϐέϐληται.
1633 4447 1792 4502 Ὅθεν

228 4532 412 4585 ἔπεισί
448 4550 536 4602 μοι
568 4536 659 4587 καὶ
689 4538 814 4600 τοὺς
849 4538 1101 4601 παλαιοὺς
1135 4538 1241 4589 τῶν
1276 4537 1553 4607 Ῥωμαίων
1587 4537 1793 4609 θαυμά-

334 4669 423 4736 99)
466 4668 641 4741 Locus
659 4681 750 4741 est
776 4686 839 4741 ex
867 4688 903 4723 ιι
933 4671 1007 4723 De
1030 4671 1250 4738 republ.,
1270 4673 1338 4741 'p.
1366 4672 1489 4726 429.

338 4741 395 4811 1),
432 4740 491 4811 Τί
521 4739 611 4791 δαὶ
647 4738 741 4802 δή.
785 4740 956 4811 Plato,
993 4742 1071 4793 Τὰ
1099 4743 1152 4794 δὲ
1190 4738 1518 4811 dim—melius.

309 4810 408 4878 (ι’)
459 4810 835 4876 Ἀπόρῤητον.
877 4809 956 4861 ΡΙ.
991 4822 1043 4863 et
1076 4826 1199 4870 ms.,
1242 4809 1472 4880 ἄπορον,
1525 4822 1686 4875 recte,
1735 4815 1787 4865 ni

230 4876 415 4942 fallor,
465 4880 516 4932 id
562 4892 665 4943 est,
695 4896 873 4931 raram
915 4880 1178 4932 victimam
1213 4876 1504 4948 paratuque
1545 4882 1791 4949 di/ﬁcilli-

229 4966 377 5002 mam
399 4967 415 5012 ;
436 4966 500 5003 ex
529 4965 638 5019 quo
669 4952 827 5003 etiam
859 4952 1060 5018 optime
1093 4950 1355 5019 sequitur,
1377 4965 1577 5018 paucos
1600 4952 1788 5005 admo-

227 5023 365 5074 dum
398 5020 500 5073 hoc
535 5018 800 5074 sermonis
829 5036 997 5089 genus
1035 5018 1330 5071 audituros.

310 5089 387 5154 (2)
431 5090 616 5154 Ὅπως
640 5089 716 5143 ἂν
745 5087 910 5156 ἐλᾱχ.
954 5089 1159 5149 Melius,
1206 5104 1365 5157 quam
1409 5097 1469 5141 ut
1510 5087 1613 5151 PL,
1669 5090 1695 5139 ὃ
1736 5108 1786 5142 τι

225 5163 383 5277 ὅταυὲ
415 5158 493 5276 Et}.
536 5158 697 5213 Forte
740 5166 1049 5231 scripserat,
1084 5160 1228 5222 ὅπως
1266 5159 1331 5211 ἂν
1365 5160 1443 5211 ὅτι
1490 5158 1787 5227 ἐλαχίστοις

230 5246 349 5277 συυ.
386 5244 419 5277 α
445 5245 500 5277 η.

230 5244 500 5296 συμοαιη.

306 5292 379 5364 (5)
421 5292 551 5371 Ἦδί
595 5298 683 5362 ὅς.
746 5300 821 5353 Ita
872 5300 1214 5371 reposuimus
1261 5317 1327 5355 ex
1375 5298 1509 5353 Plat.
1562 5315 1657 5366 pro
1702 5294 1784 5369 ἧδ’

226 5372 380 5429 ὅσον,
412 5367 553 5432 quod
581 5372 863 5436 perspicue
897 5367 1211 5425 mendosum
1247 5381 1379 5424 erat.

294 5438 367 5508 (ι)
404 5437 510 5489 Καὶ
525 5440 732 5511 οὺλεκ.
748 5439 822 5511 ita
838 5453 979 5497 recte
998 5440 1630 5511 distinguitPl.LoQuitur
1644 5441 1783 5493 enim

231 5507 652 5629 ΞῐορὲσῗῖιεεᾸὲιῐῖἓ
688 5510 846 5575 etiam
893 5513 1031 5580 apud
1083 5507 1216 5566 Pla't.
1263 5507 1618 5580 interponitur
1651 5512 1783 5581 ἔφην

230 5590 362 5634 ante
386 5572 432 5630 ὧ
471 5577 670 5647 Ἀδείμ.

306 5650 383 5736 (5)
410 5648 662 5736 ,Δοτέίξγη
818 5650 1051 5736 λεκτέον,
1075 5652 1213 5736 quod
1245 5650 1453 5736 facilius
1474 5660 1574 5714 est,
1603 5660 1786 5706 tamet-

224 5722 276 5775 si
303 5720 485 5774 δοτέον
510 5720 709 5788 optimo
738 5735 895 5777 sensu
930 5722 1032 5773 dici
1063 5721 1311 5788 potuerit.

303 5736 485 5774 οοτεον
510 5736 542 5773 o
583 5736 709 5777 nmo
738 5736 895 5777 sensu
930 5736 1032 5773 utet
1063 5736 1129 5788 po

301 5791 406 5856 (3)
451 5736 608 5843 Οὐδ’.
646 5788 803 5843 Forte
832 5791 949 5847 οὐκ,
976 5790 1129 5843 Eutr.

304 5862 380 5931 (ti,
422 5858 549 5913 ilaac
592 5861 727 5931 apud
768 5862 900 5917 Plat.
944 5863 1022 5917 sic
1070 5863 1335 5932 leguntur,
1364 5862 1435 5927 ὡς
1468 5860 1662 5913 ἀδικῶν
1714 5861 1780 5913 τὰ

1385 408 1704 463 ΡΒᾸΞΡΑΒ.
1746 406 1997 461 EVANG.
2034 407 2163 492 LIB.
2209 405 2269 458 ll.

3343 412 3442 466 146

1897 526 2164 580 Saturnus
2209 541 2273 579 es
2323 522 2469 581 Rhea
2517 522 2700 579 Jovem
2746 523 3121 595 Iunonemque
3184 541 3441 597 SUSCt‘le,

1896 631 2018 670 cum
2043 615 2267 683 reliquis
2290 615 2562 680 omnibus,
2590 631 2729 684 quos
2755 617 3034 671 amborum
3065 616 3258 675 fratres
3289 622 3446 689 vulgo

1898 708 2166 762 recenseri
2208 708 2492 771 novimus;
2538 708 2716 776 itaque
2744 707 2994 777 deinceps
3030 710 3223 779 reliqui
3255 726 3443 766 eorum

1897 798 2098 868 posteri
2131 806 2503 871 numerantur.
2534 816 2553 849 ι
2605 796 2728 852 llam
2770 807 2917 861 sunt,
2960 800 3155 869 quibus
3180 800 3334 855 Plato
3382 819 3442 856 ιιι

1899 891 2110 960 placitis
2160 891 2515 961 decretisque
2579 890 2756 961 legum
2808 891 2963 946 fidem
3024 892 3221 948 habere
3268 896 3438 963 jubet,

1900 982 2114 1037 tamtsi
2152 997 2213 1036 ea
2254 982 2417 1038 nullis
2455 992 2550 1038 aut
2588 984 3012 1037 necessariorum
3058 994 3149 1038 aut
3187 987 3439 1055 probabi-

1898 1074 2029 1128 lium
2059 1084 2495 1142 argumentorum
2523 1076 2809 1130 momentis
2832 1074 2933 1128 niti
2970 1074 3215 1130 fateatur.
3252 1076 3307 1129 lu
3332 1093 3442 1146 quo

1900 1166 2195 1219 notandum
2242 1165 2372 1218 illud
2406 1166 2461 1220 in
2500 1167 2712 1235 primis,
2752 1167 2895 1237 quod
2938 1167 3066 1220 nihil
3110 1168 3332 1221 omnino
3360 1185 3443 1223 reo

1898 1255 2100 1310 conditi
2146 1256 2199 1308 in
2242 1254 2342 1309 ista
2384 1256 2721 1324 egregiorum
2760 1256 3045 1309 numinum
3085 1258 3169 1311 vel
3209 1258 3443 1326 appella-

1897 1346 2063 1409 tione,
2097 1345 2179 1399 vel
2219 1346 2431 1415 generis
2468 1347 2605 1400 serie
2644 1348 2928 1412 contineri,
2980 1348 3122 1416 quod
3167 1348 3440 1417 physiolo-

1897 1436 1997 1508 giaa
2030 1438 2324 1492 rationibus
2354 1437 2671 1505 explicetur,
2700 1439 2899 1493 diserte
2927 1440 3259 1507 pronuntiat.
3299 1438 3440 1493 Idem

1898 1543 2027 1583 vero
2064 1529 2191 1582 alibi
2230 1545 2379 1583 suam
2416 1530 2529 1598 ipse
2568 1539 2801 1583 mentem
2840 1531 3070 1599 ingenue
3112 1529 3444 1599 candideque

1900 1618 2165 1687 aperiens,
2200 1619 2273 1674 ita
2318 1621 2555 1690 loquitur
2598 1638 2659 1674 ιι
2690 1618 2825 1674 Tum
2851 1636 2972 1691 ego,
3016 1622 3069 1673 in
3111 1621 3319 1690 primis,
3362 1622 3444 1673 in-

1900 1724 2083 1778 quam,
2130 1712 2420 1765 maximum
2469 1711 2599 1765 illud
2642 1726 2705 1765 ac
2742 1712 2808 1766 de
2838 1712 3088 1766 maximis
3114 1713 3274 1767 rebus
3302 1728 3444 1765 meno

1902 1804 2112 1857 daeium
2149 1804 2239 1873 qui
2272 1804 2497 1872 prOtulit
2532 1802 2817 1869 Hesiodus,
2850 1818 2955 1858 non
2997 1805 3127 1859 satis
3158 1805 3444 1872 prudenter

1902 1895 2157 1949 mentitus
2184 1904 2284 1958 est,
2320 1895 2430 1949 sive
2451 1895 2577 1949 dum
2609 1910 2694 1958 ea,
2726 1911 2845 1963 quze
2874 1896 3325 1960 comminiscitur,
3359 1895 3441 1949 fa-

1901 1984 2085 2039 cinora
2105 1985 2255 2043 leo
2275 1985 2478 2049 tribuit,
2509 1986 2619 2041 sive
2641 1986 2766 2039 dum
2801 2002 2935 2056 quas
2960 1985 3225 2040 Saturnus
3252 1988 3319 2041 de
3347 1987 3436 2040 illo

1903 2088 2092 2142 pmnas
2124 2078 2458 2146 expetiverit,
2502 2088 2905 2135 commemorat.
2941 2078 3073 2133 Nam
3117 2095 3237 2148 quae
3264 2078 3444 2133 Satur-

1904 2182 2005 2220 nus
2043 2168 2180 2222 idem
2226 2170 2308 2223 vel
2347 2179 2683 2239 perpetrasse
2728 2170 2945 2236 dicitur,
2983 2173 3065 2225 vel
3108 2187 3136 2225 a
3177 2172 3285 2225 tilio
3330 2187 3445 2239 per-

1902 2259 2111 2323 tulisse,
2154 2274 2218 2314 ea
2258 2276 2326 2315 ne
2358 2260 2403 2314 si
2428 2275 2554 2314 vera
2597 2261 2812 2329 quidem
2862 2271 3065 2328 essent,
3097 2272 3271 2317 tamen
3304 2262 3443 2331 apud

1902 2350 2147 2403 homines
2190 2350 2395 2405 nullius
2445 2351 2655 2404 consilii
2699 2366 2899 2421 eosque
2952 2353 3333 2412 adolescentes.
3387 2360 3445 2405 ut

1858 2468 1865 2471 -
1901 2440 2057 2495 facile
2096 2441 2229 2495 adeo
2262 2450 2567 2509 temereque
2606 2440 2955 2510 iactarentur,
2992 2456 3101 2496 non
3139 2444 3442 2511 probarem,

1901 2530 1993 2585 sed
2018 2531 2211 2601 potius,
2234 2542 2326 2585 aut
2348 2531 2643 2586 utomnino
2669 2532 2950 2585 silerentur
2975 2535 3205 2587 maxime
3225 2534 3442 2601 vellem;

1902 2630 1995 2673 aut
2037 2620 2081 2673 si
2126 2620 2343 2689 quando
2394 2619 2483 2672 illa
2525 2618 2756 2688 proferri
2804 2633 3021 2673 necesse
3066 2627 3231 2685 esset,
3259 2619 3441 2672 saltem

1902 2722 1960 2765 ut
1997 2721 2204 2767 secreto
2233 2720 2395 2779 atque
2434 2725 2463 2764 a
2494 2710 2680 2779 paucis
2719 2710 3051 2774 audirentur,
3080 2710 3169 2779 qui
3208 2725 3313 2764 non
3332 2711 3443 2778 jam

1901 2817 2145 2872 porcum,
2179 2801 2270 2855 sed
2300 2800 2551 2853 eximiam
2583 2799 2815 2868 aliquam
2859 2814 3145 2868 raramque
3174 2799 3444 2853 victimam

1902 2894 2289 2959 sacrificarent,
2333 2901 2392 2947 ut
2442 2892 2542 2945 hoc
2584 2901 2740 2960 pacto
2783 2906 2890 2944 non
2944 2890 3045 2943 nisi
3092 2890 3446 2959 paucissimos

1902 2985 2169 3056 ejusmodi
2208 2983 2547 3040 sermonibus
2588 2984 2847 3039 interesse
2890 2983 3238 3054 contingeret.
3284 2983 3442 3044 Sane,

1901 3073 2076 3144 inquit
2122 3074 2225 3138 ille,
2264 3088 2452 3145 graves
2491 3073 2632 3126 enim
2679 3088 2741 3126 ac
2770 3073 3081 3140 perniciosa
3110 3072 3298 3126 fabulae
3331 3073 3445 3126 istae

1901 3175 2048 3220 sunt.
2100 3164 2232 3227 imo,
2288 3179 2387 3218 nec
2447 3163 2710 3216 ullatenus
2761 3164 3024 3232 (inquam,
3068 3178 3100 3217 ο
3145 3164 3443 3234 Adimante)

1899 3264 2081 3309 nostra
2113 3254 2167 3308 in
2196 3251 2467 3323 republica
2502 3253 2797 3307 audiendaa.
2837 3252 2943 3308 Nec
2969 3256 3111 3307 enim
3145 3254 3441 3321 ferendum,

1902 3355 1959 3400 ut
1994 3346 2190 3414 juvene
2223 3346 2403 3413 aliquo
2438 3353 2697 3413 praesente
2729 3345 2956 3407 dicatur,
2984 3345 3064 3398 vel
3096 3346 3187 3414 qui
3233 3346 3444 3401 teterri-

1899 3436 2002 3490 mis
2035 3434 2338 3504 quibusque
2372 3433 2665 3488 sceleribus
2701 3434 2936 3504 seipsum
2975 3434 3313 3505 obstringat,
3361 3436 3443 3489 vel

1898 3531 1990 3600 qui
2047 3541 2291 3600 acceptas
2354 3546 2382 3583 a
2439 3540 2589 3600 patre
2660 3530 2884 3598 injurias
2951 3529 3123 3583 modis
3189 3530 3442 3585 omnibus

1897 3624 2210 3690 ulciscatur,
2240 3639 2364 3678 eum
2406 3624 2538 3678 nihil
2573 3623 2859 3679 admodum
2894 3622 3173 3677 insolentis
3218 3637 3280 3676 ac
3316 3624 3440 3675 novi

1896 3725 2202 3782 perpetrare
2245 3758 2259 3782 ,
2304 3732 2426 3772 cum
2468 3734 2529 3771 ea
2559 3700 2765 3771 latitum
2822 3716 3014 3781 faciat,
3066 3701 3184 3785 qua:
3230 3731 3259 3767 a
3300 3714 3441 3781 prin-

1895 3804 2105 3873 cipibus
2157 3808 2517 3876 maximisque
2580 3808 2806 3862 deorum
2866 3805 3007 3858 facta
3052 3820 3169 3860 esse
3212 3813 3435 3859 constet.

1896 3894 2030 3948 Tum
2078 3895 2207 3951 ille:
2243 3895 2505 3965 Equidem
2558 3898 2659 3949 ista
2701 3911 2913 3965 quoque
2958 3910 3176 3964 prorsus
3227 3894 3439 3962 indigna

1895 4001 2107 4050 censeo,
2136 4003 2256 4056 quas
2283 3988 2561 4042 hominum
2588 3989 2807 4042 auribus
2832 3990 3164 4043 oecinautur.
3203 3986 3305 4055 77
3331 3984 3446 4056 Ego

1893 4097 2041 4147 vero,
2069 4084 2175 4137 Nec
2208 4083 2368 4146 illud,
2403 4083 2645 4153 inquam,
2674 4083 2783 4137 ullo
2826 4083 2985 4137 modo
3026 4080 3164 4135 ferre
3202 4096 3439 4150 possum,

1894 4184 1951 4225 ut
1998 4183 2183 4227 mutua
2223 4174 2449 4250 deorum
2490 4174 2661 4239 bella,
2707 4175 2944 4238 insidiae,
2981 4174 3267 4243 prmliaque
3317 4188 3441 4225 nar-

1893 4274 2097 4331 rentur,
2126 4281 2247 4321 eum
2278 4268 2329 4322 id
2352 4284 2538 4323 verum
2563 4284 2681 4339 esse
2712 4277 2957 4336 nequeat,
2977 4266 3021 4320 si
3049 4268 3207 4319 modo
3222 4265 3439 4334 quise!-

1893 4358 2122 4412 vandam
2173 4359 2684 4428 custodiendamque
2722 4356 3102 4425 rempublicam
3135 4358 3435 4426 suscepturi

1895 4460 2040 4514 sunt,
2084 4464 2177 4503 eos
2218 4458 2435 4503 mutuas
2485 4449 2774 4515 facilesque
2808 4448 3032 4500 nimium
3076 4447 3437 4503 dissensiones

1896 4554 2147 4613 tanquam
2217 4534 2539 4594 fmdissimas
2592 4539 2791 4593 habere
2858 4539 3139 4607 oportebit.
3208 4537 3436 4591 Tantum

1891 4679 2108 4750 ἔσχατα,
2136 4677 2286 4730 οὐδὲν
2312 4674 2378 4730 ἂν
2401 4674 2708 4747 θαυμαστὸν
2735 4677 2892 4739 ποιοῖ,
2921 4689 3039 4744 qua:
3069 4673 3224 4728 lectio
3251 4674 3439 4743 purior

1891 4752 2118 4804 videtur.

1963 4818 2203 4889 (7)_P05t
2238 4819 2479 4889 μέγιστοι
2504 4817 2661 4889 (Plato
2714 4818 2784 4869 ita
2839 4812 3063 4867 scribit:
3099 4813 3174 4865 Οὑ
3221 4812 3297 4881 μά
3349 4814 3440 4865 τὸν

1891 4885 2116 4957 Δία,’ἦδ’
2147 4885 2362 4952 δς,ὀὺδ“
2388 4888 2533 4957 αὑτῷ
2565 4905 2671 4957 μοι,
2706 4896 2809 4957 etc.

1959 4950 2031 5025 (8)
2059 4950 2388 5022 I'laﬂddtéq.
2430 4950 2530 5019 PL',
2565 4950 2681 5007 ’ὑπὸ
2723 4954 2881 5015 υἱέος.
2947 4950 3156 5022 Jupiter
3191 4954 3437 5023 quidem.

1892 5026 2053 5084 Iliad.
2083 5028 2148 5092 0,
2173 5030 2257 5082 sui
2287 5039 2490 5081 tantum
2524 5025 2795 5078 meminit:

1926 5136 1940 5149 .
1964 5136 1975 5147 .
2000 5137 2011 5149 .
2055 5100 2189 5166 Περὶ
2210 5098 2379 5167 χερσὶ
2395 5094 2618 5162 δεσμὸν
2637 5094 2774 5167 ἴτρια
2793 5092 3392 5167 χρύσεογλᾶρῤηκτον.

1892 5166 2048 5222 Forte
2075 5159 2145 5222 an
2176 5159 2392 5221 V'ul'cani
2446 5159 2659 5233 quoque
2686 5159 2937 5219 ’Junonis
2978 5159 3070 5217 lilii
3113 5159 3272 5231 opera
3303 5178 3431 5215 usus

1888 5236 2252 5379 “(gum-sv
2276 5303 2588 5379 exoratur.
2630 5302 2911 5379 Rationem
2946 5298 3429 5379 subjungit-Ijlato,

1888 5371 2086 5434 summi
2127 5376 2448 5448 philosoplti_
2462 5375 2793 5448 cogitatione
2816 5374 3180 5448 dignissimam
3210 5371 3297 5423 :'0
3325 5371 3430 5448 γὰρ

1887 5450 2023 5511 νέος,
2054 5438 2246 5515 inquit,
2274 5438 2369 5513 οὑχ
2396 5438 2504 5515 οἶός
2547 5438 2608 5515 τε
2640 5446 2838 5515 κρίνειν
2859 5438 2963 5515 δίτὲ
2992 5458 3047 5515 τε
3080 5440 3317 5515 ὑπόνοια,
3341 5438 3431 5493 καί

1884 5521 1910 5571 ὃ
1938 5523 2050 5589 ιμήι
2087 5511 2197 5589 ἀλλέ
2225 5517 2259 5569 ἂ
2283 5511 2689 5589 ἂντηλικοῦτος
2717 5513 2789 5567 ὢν
2822 5513 2957 5589 λάϐῃ
2982 5514 3044 5589 έν
3072 5514 3194 5589 ταῖς
3219 5511 3425 5589 δόξεις.

1885 5569 2205 5643 editae/{na
2254 5603 2308 5636 τε
2357 5569 2445 5637 καί
2490 5569 2832 5655 ἀμετάστατα
2866 5569 3002 5649 φιλεῖ
3028 5569 3427 5655 γίγνεσθαιίῖίῖν

1884 5659 2069 5730 δὴ,κα“ι
2106 5658 2232 5719 ἴσως
2276 5656 2454 5730 ἕνεκα,
2493 5650 2615 5725 περὶ
2649 5655 2840 5730 παντὸς
2882 5654 3144 5730 ποιητέον,
3178 5650 3427 5730 ἅτιςπριῦτα

1884 5694 1928 5711 υ.
1980 5694 2069 5711 ης...
2106 5694 2202 5709 ην,
2276 5694 2454 5717 νηηα,
2499 5694 2557 5706 η-
2604 5697 2615 5707 .
2654 5694 2838 5714 ...ηας
2888 5694 2985 5704 η-..
3018 5694 3144 5715 ηπ,
3179 5694 3212 5704 ..
3247 5694 3427 5703 ..-μ-

1884 5694 2181 5789 siliceum,
2206 5694 2287 5779 δτι
2326 5694 2593 5780 κάλλιστέ
2612 5694 3086 5794 μεμυθολογημένα
3142 5694 3429 5793 πρδςλάρε»

1882 5800 1977 5869 τὴν
2009 5797 2235 5851 ἀκούειν.
