4028 6332
621 271 723 325 147

1249 276 1514 332 EUSEBlI
1553 276 2029 338 CAESARIENSlS
2067 282 2216 339 OPP.
2259 283 2439 338 PARS
2477 285 2541 340 ΙΙ.
2583 313 2652 325 -
2681 285 3189 343 APOLOGETICA.

3762 295 3855 355 148

616 390 789 448 abest,
820 397 877 442 ut
910 388 977 443 iis
1011 399 1103 444 aut
1151 391 1427 461 gigantum
1465 410 1673 464 pugnas
1703 399 1986 467 multiplici
2028 399 2147 453 fabu

2248 455 2252 462 ,
2279 401 2410 464 ζειν,
2432 400 2551 452 τίνα
2582 402 2779 472 τρόπον
2803 403 3020 467 ἁπάσας
3048 404 3144 466 τάς
3207 404 3509 474 Ἑλληνικὰς
3556 407 3693 480 περ)⁸
3723 409 3857 466 θεῶν

615 482 790 536 larum
823 484 1082 539 varietate
1109 501 1444 556 perspcrsas,
1471 498 1566 544 aut
1597 491 1731 544 alias
1757 493 1935 547 omnis
1965 495 2176 563 generis

615 574 948 639 inimicitias,
985 577 1053 630 ab
1079 578 1210 647 ipsis
1235 579 1341 634 diis
1377 589 1538 648 atque
1567 583 1822 638 heroibus
1846 600 1968 638 cum
2004 585 2174 640 aﬂini-

614 666 716 720 bus
767 670 1193 738 necessariisque
1236 683 1416 740 gestas
1459 674 1731 728 inculcare
1777 677 1983 731 deceat.
2032 676 2172 743 Quin

614 759 745 821 imo,
787 759 830 810 si
865 769 1099 814 mentem
1160 760 1301 816 hanc
1351 764 1556 819 nostris
1590 766 1902 822 hominibus
1953 769 2174 838 injicere

611 849 914 916 cupiamus,
950 867 1109 907 nemo
1147 864 1206 907 ut
1240 870 1476 924 unquam
1503 857 1638 911 civis
1669 860 1981 927 popularem
2011 878 2169 916 suum

609 942 736 995 odio
775 955 1154 1014 prosequatur,
1207 947 1418 1017 hocque
1444 948 1594 1004 nefas
1634 951 1736 1004 sibi
1789 962 1846 1006 ut
1885 969 2006 1008 esse
2049 970 2171 1023 per-

608 1035 872 1090 suadeant
899 1057 911 1091 :
936 1038 1108 1092 danda
1145 1053 1307 1108 opera
1345 1038 1525 1106 fuerit,
1553 1051 1610 1095 ut
1640 1058 1759 1112 qua:
1794 1045 1932 1100 hanc
1965 1045 2018 1098 in
2053 1061 2166 1099 rem

605 1139 907 1196 opportuna
942 1131 1286 1199 videbuntur,
1319 1150 1380 1188 ea
1432 1151 1538 1189 non
1585 1137 1750 1195 modo
1795 1154 1956 1194 senes
2008 1149 2169 1210 atque

607 1237 777 1285 anus,
827 1225 1029 1293 quique
1083 1227 1217 1280 adeo
1256 1226 1368 1296 jam
1409 1237 1564 1283 aetate
1609 1231 1934 1285 maturiores
1983 1240 2163 1293 erunt,

2281 495 2624 564 φυσιολογίας
2642 495 2874 560 ἀτόπους
2891 496 3054 560 οὔσας
3085 499 3176 550 καὶ
3206 499 3517 568 ἀνωφελεῖς,
3564 499 3778 570 μᾶλλον
3802 501 3858 554 δὲ

2284 589 2642 659 βεϐιασμένας
2672 589 2764 641 καὶ
2797 591 3128 653 ἀσυστάτους
3165 595 3596 663 κατανοήσαντες
3623 633 3640 656 ,
3673 593 3856 656 αὐτοῖς

2284 683 2471 752 μύθοις
2494 683 2590 751 τῆς
2621 682 2821 746 οἰκείας
2850 683 3220 756 περιέγραψαν
3253 685 3539 753 Θεολογίας.
3563 687 3680 738 Καὶ
3701 685 3856 738 τοῦτο

2277 778 2334 829 δέ
2375 794 2456 829 σοι
2485 776 2683 843 γνῶναι
2715 777 2975 846 πάρεστιν
3013 775 3118 828 ἀπὸ
3142 777 3236 846 τῆς
3259 779 3528 830 Διονυσίου
3565 777 3668 829 τοῦ
3712 776 3854 830 Ἀλι-

2279 867 2589 937 καρνασέως
2636 866 2948 936 Ῥωμαῖκῆς
2981 866 3372 936 ἀρχαιολογίας.
3420 861 3592 931 υῦτος
3633 867 3747 938 γὰρ
3797 868 3856 921 ὲν

2274 959 2353 1028 τῷ
2376 958 2629 1029 δευτέρῳ,
2656 958 2722 1011 τὰ
2751 957 2891 1010 κατὰ
2932 959 3204 1031 Ῥωμύλον
3236 961 3325 1012 τὸν
3355 960 3567 1030 πρῶτον
3623 961 3854 1033 κτίστην

2273 1045 2598 1116 τῆςῬὼμης
2621 1045 2867 1118 ἱστορῶν,
2890 1047 2958 1100 τά
2989 1065 3047 1100 τε
3076 1047 3208 1101 ἄλλα
3234 1048 3480 1112 διέξεισιν
3515 1048 3692 1101 αὑτοῦ
3717 1066 3848 1102 κατ-

2233 1133 2240 1143 ’
2271 1137 2582 1209 ορθώματα,
2621 1139 2657 1192 ἆ
2686 1157 2745 1193 τε
2787 1140 2880 1192 καὶ
2909 1139 2976 1192 τὰ
3013 1140 3138 1212 περὶ
3169 1141 3332 1195 τῶνδε
3372 1140 3557 1196 ’.σῠτον
3615 1143 3850 1213 γράφων

2273 1228 2362 1282 τὸν
2393 1229 2615 1299 τρόπον.

604 1315 786 1382 pueris
849 1318 1041 1373 crebro
1095 1332 1557 1389 commemorent;
1629 1339 1816 1379 verum
1894 1326 2056 1379 etiam
2124 1334 2186 1379 ut
2248 1331 2418 1392 poeta:
2470 1323 2677 1378 similes
2726 1339 2941 1393 quoque
2997 1323 3211 1381 fabulas
3269 1327 3504 1382 scribere
3547 1338 3843 1401 cogantur.

601 1403 736 1460 Nam
791 1407 984 1477 injecta
1029 1410 1250 1479 quidem
1292 1410 1492 1466 Junmii
1541 1429 1571 1466 a
1621 1414 1733 1468 tilio
1780 1415 2028 1482 vincula,
2074 1424 2169 1469 aut
2216 1413 2518 1468 Vulcanum
2558 1415 2888 1484 praecipitem
2937 1431 2966 1469 a
3004 1426 3160 1487 patre
3211 1425 3422 1484 actum,
3483 1423 3637 1490 quod
3697 1421 3842 1476 inlli-

598 1508 716 1554 ctas
754 1502 912 1554 matri
967 1502 1152 1572 plagas
1185 1505 1507 1574 propulsare
1561 1515 1873 1573 conaretur,
1913 1515 2009 1560 aut
2051 1504 2321 1576 ejusmodi
2363 1506 2649 1560 numinum
2711 1520 2950 1576 pugnas,
2990 1509 3178 1576 quales
3236 1512 3394 1565 nobis
3437 1509 3716 1566 Homerus
3761 1512 3841 1568 fa-

601 1591 837 1656 bulatur,
895 1608 987 1647 seu
1037 1594 1264 1648 latentes
1325 1595 1586 1663 quosdam
1640 1595 1910 1666 allegoria:
1971 1610 2168 1650 sensus
2227 1595 2574 1661 contineant,
2613 1612 2710 1651 seu
2740 1597 3172 1656 nullos,aditum
3226 1613 3468 1656 nostram
3516 1604 3586 1657 ad
3619 1621 3838 1672 rempu-

598 1688 792 1740 blicam
822 1688 1021 1744 habere
1063 1703 1331 1757 nusquam
1371 1688 1568 1742 debere
1618 1690 1932 1758 pronuntio.
1961 1709 1980 1740 ι
2050 1687 2210 1744 Vides
2268 1690 2453 1759 utique
2493 1690 2693 1744 diserte
2737 1691 3088 1760 philosophus
3122 1709 3393 1763 quamque
3432 1695 3705 1765 explicate
3738 1696 3836 1750 do—

596 1793 736 1847 ceal,
769 1799 892 1836 cum
923 1784 1169 1852 volgatas
1196 1781 1318 1838 illas
1351 1798 1380 1836 a
1423 1783 1696 1839 veteribus
1735 1784 1803 1838 de
1846 1783 1952 1838 diis
1995 1783 2232 1849 fabulas,
2268 1793 2378 1837 tum
2423 1784 2586 1838 etiam
2636 1798 2826 1836 omnes
2869 1783 3114 1853 cujusvis
3150 1786 3420 1857 allegoriae
3443 1804 3668 1851 sensus,
3699 1805 3834 1860 quos

595 1881 662 1934 ad
718 1877 1113 1951 physiologiam
1180 1878 1621 1933 accommodatas
1668 1891 1790 1932 esse
1847 1885 2078 1945 putant,
2126 1877 2340 1932 excludi
2407 1877 2618 1946 penitus
2674 1884 2834 1944 atque
2886 1879 3061 1931 arceri
3123 1889 3392 1948 Oportere.
3459 1883 3829 1947 Quamobrem

599 1974 731 2026 nihil
766 1974 1007 2044 profecto
1037 1984 1216 2026 causae
1234 1978 1338 2029 est.
1356 1987 1517 2042 quam
1541 1985 1637 2024 cur
1655 1986 1934 2042 perperam
1965 1981 2059 2026 aut
2081 1975 2351 2030 immerito
2386 1974 2544 2031 nobis
2580 1974 2806 2028 istorum
2840 1971 3083 2024 omnium
3105 1971 3301 2041 'fugam
3338 1975 3654 2043 evangelica
3709 1971 3829 2030 Ser-

593 2068 796 2122 vatoris
841 2068 1014 2122 nostri
1059 2067 1308 2122 doctrina
1358 2070 1679 2139 praecepisse
1719 2069 1992 2136 videatur;
2018 2083 2160 2132 ,cum
2193 2069 2379 2123 eadem
2425 2081 2455 2119 a
2493 2068 2609 2120 suis
2653 2080 2871 2135 quoque
2913 2066 3110 2136 rejecta
3156 2066 3378 2122 fuerint.
3421 2069 3500 2123 Ac
3535 2070 3683 2122 mihi
3710 2068 3823 2139 qui-

591 2163 712 2215 dem
747 2162 1045 2230 priscorum
1072 2159 1446 2216 Romanorum
1491 2163 1593 2217 hoc
1646 2165 1698 2217 in
1742 2179 1938 2234 genere
1973 2162 2286 2224 consilium,
2338 2160 2452 2213 fieri
2501 2174 2611 2213 non
2671 2167 2869 2227 potest,
2900 2159 3032 2229 quin
3093 2174 3160 2213 eo
3211 2160 3434 2213 nomine
3476 2160 3825 2216 vehementer

593 2263 881 2330 probetur;
938 2262 1032 2331 qui
1083 2278 1206 2316 cum
1259 2261 1391 2316 satis
1437 2261 1796 2333 intelligerent
1849 2263 2156 2316 universam
2206 2259 2352 2312 illam
2402 2258 2456 2312 in
2497 2257 2693 2313 fabulis
2731 2258 2953 2312 deorum
2981 2257 3314 2327 explicandis
3351 2258 3673 2312 Graecorum
3706 2259 3819 2330 phy-

590 2356 873 2425 siologiam
909 2373 1031 2410 cum
1069 2356 1361 2410 absurdam
1403 2368 1564 2425 atque
1605 2357 1871 2422 inutilem,
1910 2368 2024 2410 tum
2071 2371 2197 2411 vero
2244 2363 2486 2410 coactam
2527 2355 2855 2422 minimeque
2908 2353 3135 2407 solidam
3175 2361 3229 2407 et
3265 2354 3636 2408 cohzerentem
3688 2370 3809 2418 esse,

588 2467 707 2506 cam
755 2450 917 2505 simul
965 2465 1088 2505 cum
1133 2450 1265 2519 ipsis
1302 2450 1464 2504 etiam
1510 2449 1707 2504 fabulis
1757 2451 2041 2522 theologia:
2083 2465 2193 2505 sua:
2239 2448 2437 2502 linibus
2479 2447 2768 2501 arcendam
2806 2461 2926 2501 esse
2974 2455 3296 2500 statuerunt.
3351 2447 3403 2501 ld
3435 2448 3584 2517 quod
3636 2449 3720 2501 vel
3760 2465 3814 2502 ex

591 2545 752 2597 unius
788 2542 1030 2615 Dionysii
1062 2541 1560 2600 Halicarnassensis
1609 2539 1684 2596 De
1727 2548 1944 2615 antiqua
1992 2557 2166 2597 rerum
2213 2545 2566 2601 Romanarum
2612 2544 2833 2600 historia
2903 2541 3055 2595 libris
3088 2539 3304 2594 auferre
3344 2553 3517 2610 potes.
3556 2543 3655 2596 Ille
3683 2544 3815 2596 enim

591 2639 862 2693 volumine
895 2639 1076 2709 operis
1108 2639 1365 2703 secundo,
1401 2639 1491 2694 ubi
1532 2658 1654 2712 qua:
1700 2661 1729 2698 a
1759 2645 1993 2700 Romqu
2033 2642 2277 2717 principe
2317 2636 2479 2694 Urbis
2517 2637 2799 2692 conditore
2862 2643 3012 2706 gesta
3058 2634 3188 2696 sint,
3243 2643 3662 2699 commemorat,
3701 2651 3816 2689 cum

581 2733 691 2790 alia
738 2732 994 2803 pleraque
1038 2734 1224 2788 laudat
1255 2733 1415 2787 abeo
1467 2735 1740 2804 sapienter
1777 2740 2046 2804 instituta,
2076 2748 2184 2792 tum
2242 2750 2363 2805 quae
2409 2733 2473 2788 ad
2518 2741 2824 2802 susceptam
2876 2731 2980 2786 hoc
3021 2730 3139 2784 loco
3199 2729 3625 2798 disputationem
3668 2730 3820 2800 perti-

584 2833 734 2889 imnt,
765 2824 840 2879 ita
875 2826 1243 2895 prosequitur.

1094 2918 1204 2988 78
1239 2919 1464 2977 CAPUT
1507 2921 1640 2977 Vlll.

963 3007 1042 3066 De
1073 3011 1433 3069 Romanorum
1474 3017 1756 3088 theologia.

661 3122 679 3150 ι
705 3102 970 3158 Romulus
1015 3104 1198 3174 igitur,
1236 3123 1358 3161 cum
1392 3109 1558 3177 probe
1603 3109 1943 3179 intelligeret,
1974 3111 2144 3166 bone-
2172 3122 2215 3179 ο

580 3194 680 3248 stis
717 3195 955 3265 legibus,
1001 3205 1382 3269 rectorumque
1437 3201 1741 3256 studiorum
1779 3203 2142 3268 aemulatione,

581 3286 748 3354 piam,
800 3295 1174 3356 temperatam,
1225 3299 1493 3345 amantem
1543 3291 1848 3361 aequitatis,
1899 3292 2145 3361 belloque

581 3386 860 3432 strenuam
900 3380 1173 3435 civitatem
1212 3382 1377 3449 efﬁci;
1418 3385 1746 3452 pramipuam
1777 3384 1864 3437 his
1896 3383 1950 3436 in
1981 3385 2144 3438 rebus

581 3483 800 3538 operam
829 3484 1126 3540 curamque
1155 3472 1360 3541 posuit,
1391 3488 1421 3526 a
1451 3474 1712 3544 religione
1729 3455 1995 3542 cultuque
2014 3473 2143 3528 deo-

579 3577 703 3618 rum
746 3577 810 3616 ac
847 3561 1157 3618 daemonum
1209 3564 1543 3633 auspicatus.
1590 3566 1668 3620 Ac
1693 3567 1893 3636 templa
1921 3566 2140 3636 quidem

577 3663 633 3707 et
655 3653 902 3718 delubra,
934 3670 1057 3710 aras
1087 3657 1235 3722 item,
1267 3666 1320 3711 et
1345 3657 1758 3712 simulacrorum
1799 3659 1914 3713 suis
1957 3660 2012 3712 in
2053 3673 2141 3712 se-

578 3747 739 3802 dibus
761 3748 1149 3804 collocationes
1167 3792 1182 3817 ,
1213 3750 1635 3818 earumdemque
1656 3749 2136 3820 configurationes,

577 3848 632 3892 et
668 3839 924 3908 insignia,
965 3842 1237 3911 simulque
1280 3845 1385 3896 vim
1424 3857 1733 3911 numenque
1773 3843 2135 3911 singulorum,

578 3941 742 3999 atque
781 3929 918 3985 adeo
938 3932 1200 3987 beneﬁcia
1220 3976 1234 4001 ,
1265 3937 1464 4003 quibus
1495 3936 1774 3988 hominum
1811 3950 1979 4004 genus
2009 3933 2137 3987 atl'e-

575 4037 722 4087 cere,
758 4021 874 4077 dies
897 4038 1116 4094 quoque
1145 4023 1331 4089 festos,
1361 4027 1548 4095 quales
1581 4028 1804 4081 deorum
1845 4043 1907 4080 ac
1936 4026 2138 4079 dzemo-

576 4129 708 4170 num
739 4115 959 4170 cuilibet
991 4115 1341 4180 conveniunt,
1370 4127 1488 4170 tum
1524 4116 1812 4180 sacriﬁcia,
1839 4116 2039 4185 quibus
2069 4115 2137 4167 ab

575 4205 889 4261 hominibus
909 4208 1010 4263 coli
1032 4223 1152 4263 sese
1173 4208 1380 4273 volunt,
1403 4207 1564 4262 ferias
1587 4206 1819 4276 denique
1842 4206 2138 4260 solemnes-

575 4315 682 4369 que
711 4308 1031 4364 conventus,
1065 4309 1118 4356 et
1145 4311 1317 4356 statas
1344 4317 1375 4356 a
1404 4300 1682 4355 laboribus
1708 4299 2044 4365 vacationes,
2073 4313 2137 4353 ac

575 4401 768 4448 cetera
814 4390 866 4444 id
907 4407 1076 4461 genus
1116 4408 1182 4446 ex
1221 4394 1442 4463 optimis
1483 4393 1790 4464 quibusque
1824 4391 2133 4446 Grazcorum

2777 2919 3170 2974 ΚΕΦΑΛΔΙΟΝ
3202 2917 3286 2972 H'.

2445 3016 2585 3085 Περὶ
2608 3013 2718 3083 τῆς
2748 3015 2899 3066 κατὰ
2939 3013 3254 3081 Ῥωμαίους
3281 3010 3612 3080 θεολογίας.

2323 3109 2432 3180 (10)
2455 3127 2474 3160 ι
2529 3108 2665 3160 Ἀλλ’
2693 3106 2852 3173 ἔγνω,
2884 3105 2963 3157 ὅτι
2983 3104 3134 3173 νόμοι
3166 3103 3463 3167 σπουδαῖοι,
3508 3105 3604 3158 καὶ
3635 3102 3814 3158 καλῶν

2248 3202 2405 3272 ζῆλος
2427 3198 2889 3269 ἐπιτηδευμάτων,
2921 3195 3116 3266 εὐσεϐῆ
3158 3195 3253 3248 καὶ
3282 3194 3533 3266 σώφρονα
3559 3236 3573 3257 ,
3606 3196 3702 3248 καὶ
3750 3194 3812 3248 τὰ

2247 3292 2429 3345 δίκαια
2456 3289 2748 3354 ἀσκοῦσαν,
2778 3289 2870 3341 καὶ
2889 3288 2958 3341 τὰ
2982 3287 3215 3358 πολέμια
3257 3287 3467 3359 ἀγαθὴν
3499 3287 3583 3352 ἐξε
3595 3287 3810 3358 ργάζον-

2243 3402 2330 3436 ται
2358 3384 2511 3436 πόλιν
2535 3400 2546 3412 ·
2574 3376 2648 3436 ὧν
2674 3382 2871 3450 πολλὴν
2894 3381 3019 3452 ἔσχε
3050 3381 3323 3452 πρόνοιαν,
3352 3381 3448 3450 τὴν
3467 3381 3646 3450 ἀρχὴν
3670 3393 3810 3447 ποιη-

2249 3478 2478 3548 σάμενος
2511 3476 2616 3529 ἀπὸ
2653 3475 2759 3527 τῶν
2793 3476 2919 3545 περὶ
2959 3474 3024 3527 τὰ
3056 3474 3175 3527 Θεία
3227 3474 3320 3526 καὶ
3370 3473 3629 3542 δαιμόνια
3658 3471 3802 3524 σεϐασ

2245 3553 2413 3642 σμῶν.
2461 3569 2601 3642 Ἱερά
2633 3568 2729 3640 μὲν
2763 3566 2877 3632 οὖν,
2907 3569 2996 3620 καὶ
3024 3568 3258 3636 τεμένη,
3295 3566 3386 3617 καὶ
3416 3564 3637 3634 βωμοὺς
3661 3605 3676 3626 ,
3720 3563 3798 3613 καὶ

2243 3665 2442 3729 ξοάνων
2467 3664 2720 3736 ἱδρύσεις,
2751 3662 2965 3734 μορφάς
2988 3679 3046 3714 τε
3073 3659 3271 3720 αὐτῶν,
3303 3659 3393 3711 καὶ
3421 3657 3483 3709 σύ
3494 3657 3689 3727 μόολα,
3716 3655 3798 3708 καὶ

2238 3745 2528 3826 δυνάμεις,
2549 3756 2641 3808 καὶ
2668 3753 2894 3824 δωρεὰς,
2929 3748 3016 3814 αἷς
3045 3752 3105 3804 τὸ
3143 3752 3299 3819 γένος
3332 3750 3485 3821 ἡμῶν
3512 3750 3803 3820 εὐηργέτη-

2242 3867 2359 3909 σαν,
2389 3848 2584 3920 ἑορτάς
2608 3862 2688 3909 τε,
2717 3845 2905 3907 ὁποίας
2945 3843 3095 3905 τινὰς
3144 3842 3356 3912 ἑκάστῳ
3391 3841 3526 3894 θεῶν
3560 3841 3591 3912 ἢ
3628 3837 3806 3911 δαιμό-

2237 3957 2342 3994 νων
2366 3939 2590 4008 ᾰγεσθαι
2623 3940 2907 4009 προσήκει,
2943 3937 3036 3988 καὶ
3068 3936 3277 3999 θυσίας,
3302 3931 3388 3998 αἷς
3426 3935 3676 4005 χαίρουσι
3719 3949 3805 4000 γε·

2240 4033 2547 4104 ραιρόμενοι
2569 4031 2703 4102 πρὸς
2727 4029 3045 4101 ἀνθρώπων*
3070 4029 3372 4099 ἐκεχειρίας
3393 4046 3451 4081 τε
3477 4025 3543 4081 αὖ
3584 4028 3682 4080 καὶ
3707 4043 3805 4077 πα-

2238 4123 2510 4194 νηγύρεις,
2525 4123 2618 4176 καὶ
2643 4125 2819 4177 πόνων
2840 4121 3172 4184 ἀναπαύλας,
3192 4120 3286 4174 καὶ
3305 4121 3481 4174 πάντα
3500 4119 3567 4172 τὰ
3583 4117 3802 4173 τοιαῦτα

2235 4213 2434 4284 ὁμοίως
2473 4215 2872 4283 κατεστήσαντο
2901 4211 3009 4281 (11)
3035 4211 3142 4263 τῶν
3172 4211 3474 4282 κρατίστων
3503 4211 3657 4284 παρά
3688 4210 3801 4271 ’τοῖς

2239 4303 2461 4374 Ἕλλησι
2495 4302 2771 4372 νομίμων·
2806 4301 2930 4362 τοὺς
2955 4300 3009 4352 δὲ
3039 4300 3501 4370 παραδεδομένους
3535 4301 3665 4370 περὶ
3705 4299 3796 4350 af)-

2237 4395 2344 4448 τῶν
2373 4397 2483 4466 (12)
2513 4396 2733 4466 μύθους,
2759 4399 2816 4449 ὲν
2862 4391 2941 4459 οἷς
2979 4394 3316 4464 βλασφημίαι
3342 4394 3484 4456 τινές
3527 4395 3633 4446 εἰσι
3681 4391 3800 4460 περὶ

578 4469 856 4562 hominum
881 4481 1072 4534 ritibus
1101 4482 1349 4538 instituit.
1378 4488 1444 4539 At
1471 4501 1598 4539 vero
1622 4502 1840 4554 sparsas
1862 4485 1927 4539 de
1947 4485 2134 4538 iisdem

2248 4485 2416 4538 αὐτῶν
2454 4487 2485 4556 ἢ
2519 4484 2872 4555 κατηγορίαι,
2918 4483 3185 4553 πονηροὺς
3238 4484 3330 4535 καὶ
3369 4482 3683 4549 ἀνωφελεῖς,
3710 4479 3794 4533 καὶ

575 4569 929 4640 vulgatasque
950 4570 1393 4641 fabulas,quibus
1423 4576 1601 4642 aliqua
1633 4577 1874 4644 ipsorum
1904 4579 1987 4631 vel
2009 4592 2137 4647 pru-

580 4671 700 4725 ιιι-ο,
721 4663 802 4716 vel
840 4665 1063 4717 crimina
1088 4665 1453 4724 continentur.
1480 4667 1772 4734 improbas,
1824 4668 2041 4723 inutiles
2075 4684 2140 4723 ac

583 4751 752 4805 foedas
770 4768 890 4808 esse
911 4767 1080 4823 ratus,
1107 4773 1204 4812 nec
1223 4759 1327 4812 diis
1347 4758 1524 4821 modo,
1549 4756 1640 4809 sed
1654 4757 1814 4810 etiam
1833 4760 1959 4812 viris
1984 4759 2140 4813 bonis

576 4861 804 4915 prorsus
847 4848 1130 4915 indignas,
1176 4851 1391 4920 rejectis
1445 4851 1721 4917 omnibus,
1779 4851 2024 4908 homines
2069 4854 2135 4907 ad

573 4939 778 5009 optime
807 4939 871 4992 de
891 4939 996 4993 diis
1032 4941 1361 5009 loquendum
1402 4960 1465 4999 ac
1504 4944 1843 4998 sentiendum
1878 4945 2136 4999 informa-

575 5035 675 5097 vit,
701 5033 1006 5102 nullumiis
1038 5035 1271 5088 studium
1307 5039 1456 5093 beata
1490 5050 1679 5094 natura
1711 5039 1890 5092 minus
1913 5038 2132 5108 dignum

575 5126 853 5196 affingens.
883 5124 992 5181 Nec
1021 5126 1164 5179 enim
1199 5143 1228 5180 a
1260 5127 1518 5187 Romanis
1548 5143 1640 5186 aut
1663 5142 1912 5185 exscctus
1941 5131 2135 5184 libero—

574 5235 693 5274 rum
735 5236 959 5275 suorum
1007 5234 1169 5273 manu
1221 5219 1402 5275 Caelus
1453 5222 1649 5287 fuisse,
1703 5234 1794 5278 aut
1844 5222 2130 5284 Saturnus,

573 5311 717 5379 quod
758 5312 859 5365 sibi
904 5311 972 5366 ab
1014 5325 1201 5364 eorum
1252 5310 1452 5377 impetu
1496 5313 1636 5366 male
1678 5320 1959 5375 metueret,
2005 5325 2133 5364 suos

573 5514 616 5570 ι
645 5444 775 5567 (Ilii)P
794 5444 972 5501 Locus
995 5448 1081 5501 hic
1108 5455 1286 5501 exstat
1315 5445 1405 5498 lib.
1445 5461 1504 5508 ιι,
1541 5462 1661 5516 pag.
1690 5449 1722 5502 9
1753 5449 1884 5504 edit.
1913 5447 2128 5503 Graeco-

617 5531 646 5570 3
677 5532 725 5566 ιη
781 5549 795 5564 ο

653 5525 795 5567 time.

617 5531 753 5658 3(ll)
796 5587 974 5651 Dion.,
1001 5589 1389 5657 κατεστήσατο,
1424 5601 1583 5658 quam
1614 5587 1895 5642 lectionem
1929 5598 2130 5658 prretu-

573 5657 627 5711 li.
671 5655 722 5708 Id
767 5658 932 5719 legit.,
960 5662 1070 5721 τοῖς
1101 5655 1407 5729 κρατίστοις
1436 5656 1544 5724 τῶν
1576 5660 1701 5729 παρ’
1730 5655 1948 5730 Ἕλλησι
1979 5662 2127 5730 νομί-

574 5746 714 5798 utor
763 5738 977 5796 iliaque
1006 5729 1160 5783 lectio
1185 5730 1398 5798 probari
1434 5739 1625 5797 potest.

2237 4579 2551 4648 ἀσχήμονας
2588 4575 2869 4628 ὑπολαϐὼν
2917 4570 3053 4626 εἶναι
3078 4616 3091 4636 ,
3121 4576 3213 4626 καὶ
3241 4575 3336 4643 οὐχ
3375 4575 3454 4626 ὅτι
3480 4573 3589 4625 τῶν
3623 4569 3754 4624 Θεῶν
3777 4606 3793 4630 ,

2238 4669 2348 4723 ἀλλ’
2370 4671 2475 4723 οὐδ’
2502 4669 2596 4722 ἀνΟ
2607 4668 2798 4739 ρώπων
2820 4668 3036 4735 ἀγαοῶν
3065 4668 3267 4733 ἀξίους,
3287 4669 3530 4728 ἃπαντας
3559 4662 3791 4730 ἐξέϐαλε,

2237 4763 2330 4815 καὶ
2362 4762 2738 4832 παρεσκεύασε
2770 4763 2894 4823 τοὺς
2924 4760 3242 4830 ἀνθρώπους
3271 4759 3337 4811 τά
3383 4758 3644 4811 κάλλιστα
3690 4755 3798 4827 (15)

2237 4851 2363 4922 περὶ
2394 4852 2528 4905 θεῶν
2553 4836 2725 4920 λέχειν
2757 4868 2814 4903 τε
2849 4853 2940 4904 καὶ
2973 4854 3207 4921 φρονεῖν,
3243 4849 3402 4920 μηδὲν
3435 4849 3615 4911 αὐτοῖς
3636 4865 3794 4919 προσ-

2235 4943 2444 5012 ανάψας
2501 4943 2610 5012 (14)
2637 4942 2851 5006 ἀνάξιον
2891 4943 3224 5012 ἐπιτήδευμα
3261 4942 3360 5010 τῆς
3387 4945 3660 5011 μακαρίας
3697 4939 3792 5014 φύτ-

2237 5050 2371 5097 σεως
2395 5051 2406 5063 ·
2440 5034 2561 5087 οὔτε
2593 5034 2701 5104 γὰρ
2730 5035 2968 5104 Οὐρανὸς
2995 5033 3384 5103 ἐκτεμνόμενος
3407 5031 3510 5085 ὑπὸ
3537 5031 3644 5086 τῶν
3670 5034 3788 5085 ἑαυ-

2234 5127 2326 5180 τοῦ
2358 5129 2563 5181 παίδων
2592 5129 2739 5199 παρά
2779 5128 3068 5199 Ῥωμαίοις
3095 5127 3328 5194 λέγεται,
3361 5125 3483 5180 οὗτε
3531 5127 3559 5179 ὁ
3592 5126 3792 5198 Κρόνος

2233 5220 2508 5283 ἀφανίζων
2540 5219 2636 5282 τάς
2661 5221 2850 5273 ἑαυτοῦ
2878 5220 3040 5288 γονὰς
3076 5219 3222 5290 φόϐῳ
3247 5219 3346 5289 τῆς
3371 5217 3430 5285 ea
3465 5217 3643 5271 αὐτῶν
3680 5218 3790 5267 sm-

2235 5309 2452 5376 Θέσεως,
2479 5310 2598 5363 οὔτε
2627 5313 2760 5374 Ζεὺς
2787 5313 3068 5365 καταλύων
3101 5312 3197 5384 τὴν
3227 5314 3434 5385 Κρόνου
3447 5309 3787 5398 δυναστείαν,

2303 5445 2413 5524 (12)
2455 5448 2590 5524 ῌερὶ
2643 5449 2857 5503 αὐτῶν.
2899 5447 3207 5520 Dionysius,
3258 5449 3378 5503 κατ’
3400 5443 3601 5513 αὐτῶν,
3646 5435 3786 5511 quod

2232 5519 2410 5584 aptius
2444 5519 2670 5572 videtur.

2305 5588 2415 5660 (15)
2463 5589 2536 5641 Τὰ
2561 5588 2878 5643 κάλλιστα.
2923 5586 3232 5660 Dionysius,
3258 5587 3543 5660 κράτιστα.

2302 5658 2409 5730 (Η)
2450 5661 2873 5729 Προσανάψας.
2923 5658 3097 5725 Dion.,
3131 5659 3561 5730 προσάπτοντας,
3591 5662 3782 5706 utrum-

2230 5747 2335 5800 que
2367 5739 2588 5784 rectum.
