4028 6332
84 370 187 432 ιω

1261 392 1576 447 ΡΒᾹΞΡΑΒ.
1619 393 1865 449 EVANG.
1910 396 2033 450 LIB.
2078 397 2162 450 ll.‘

3198 400 3293 457 150

84 494 171 545 καὶ
206 498 562 551 κατακλείων
593 502 648 552 ἐν
669 502 753 571 ’τῷ
776 503 1126 574 δεσμωτηρίῳ
1153 506 1243 557 τοῦ
1270 511 1536 579 ταρτάρου
1568 510 1645 561 τοι.

1757 511 2088 577 confecisse;
2131 521 2222 564 aut
2260 510 2467 579 Jupiter
2501 514 2785 580 spoliatum
2832 516 3064 583 imperio
3092 528 3291 586 patrem

86 588 286 639 ἑαυτοῦ
332 590 581 658 πατέρα’
605 590 720 642 οὐδέ
738 608 797 657 γε
832 593 1075 662 πόλεμοι,
1113 596 1201 647 καὶ
1221 597 1527 666 τραύματα,
1564 602 1656 651 καὶ

81 678 279 747 δεσμὰ,
305 681 410 730 καὶ
430 680 636 748 θητεῖαι
657 681 766 749 (15)
785 681 919 733 θεῶν
944 684 1093 754 παρὰ
1114 686 1433 756 ἀνθρώποις.
1470 690 1655 760 Ἐορτὴ

79 768 132 821 δε
154 770 401 838 οὐδεμία
430 774 557 840 παρ’
595 773 774 835 αὐτοῖς
801 773 1183 846 μελανείμωνῆ
1210 776 1462 846 πένθιμος
1492 778 1657 831 τελεῖ-

80 877 191 923 ται,
214 865 500 926 κοπετοὺς
524 864 716 933 ἔχουσα
748 866 837 916 καὶ
861 866 1085 936 θρήνους
1106 869 1372 934 γυναικῶν
1393 871 1483 921 ἐπὶ
1517 871 1656 934 Θεοῖς

84 954 513 1025 ἀφανιζομένοις
532 974 545 985 ’
575 958 716 1026 ἆπερ
743 950 994 1027 Ἕλλησιν
1028 960 1391 1014 ἐπιτελοῦνται
1432 962 1555 1032 περί
1596 980 1654 1015 τε

86 1050 443 1120 Περσεφόνης
472 1052 749 1123 ἁρπαγὴν,
782 1057 873 1108 καὶ
903 1057 1028 1126 περὶ
1054 1058 1304 1110 Διονύσου
1342 1059 1507 1129 πάθη,
1564 1062 1656 1113 καὶ

84 1141 179 1192 ὅσα
218 1140 364 1193 ἄλλα
392 1144 640 1198 τοιαῦτα.
677 1146 796 1197 Οὐδ’
828 1146 893 1199 ἂν
916 1148 1009 1201 ἴδοι
1032 1168 1115 1214 τις
1145 1152 1269 1221 παρ’
1304 1152 1503 1215 αὐτοῖς,
1538 1152 1655 1203 καί·

88 1249 163 1284 τοι
186 1233 609 1304 διεφθαρμένων
640 1236 745 1289 τῶν
773 1238 906 1289 ἐθῶν
927 1238 1034 1309 (16)
1059 1241 1179 1311 ήδη,
1206 1242 1267 1293 οὐ
1291 1242 1651 1313 θεοφορήσεις,

87 1324 144 1376 οὐ
173 1326 684 1396 κορυϐαντιασμοὺς
702 1328 831 1397 (17),
854 1330 913 1380 οὐ
939 1331 1173 1400 Βακχίας
1193 1332 1301 1401 (18)
1320 1333 1410 1384 καὶ
1437 1332 1655 1396 τελετὰς

95 1419 454 1488 ἀπορρήτους,
478 1420 537 1470 ού
563 1420 1089 1493 διαπαννυχιασμοὺς
1122 1424 1179 1475 ὲν
1203 1425 1365 1495 ἱεροῖς
1389 1424 1544 1489 θεῶν,
1564 1426 1654 1477 ἀν-

94 1508 222 1579 δρῶν
241 1510 343 1561 σὺν
360 1510 627 1577 γυναιξὶν,
650 1513 748 1564 οὐκ
765 1512 889 1564 ἄλλο
912 1514 1017 1565 τῶν
1039 1514 1428 1585 παραπλησίων
1448 1516 1653 1577 τούτοις

102 1604 506 1673 τερατευμάτων
539 1602 707 1655 οὐδέν·
738 1604 849 1655 ἀλλ’
884 1603 1121 1667 εὐλαϐῶς
1162 1604 1372 1658 ἅπαντα
1422 1607 1653 1675 πραττό-

117 1711 232 1761 μενα
247 1695 343 1747 καὶ
364 1694 634 1763 λεγόμενα
660 1693 729 1745 τὰ
748 1695 873 1766 περὶ
894 1695 1064 1757 θεοὺς,
1078 1695 1151 1756 ὡς
1174 1694 1294 1747 οὔτε
1316 1697 1441 1767 παρ’
1469 1696 1652 1766 ’Ἐλλη-

64 1766 67 1771 ⁴
114 1802 181 1835 ειν
220 1784 344 1837 οὐτε
390 1787 539 1856 παρά
586 1784 895 1856 βαρϐάροις.
938 1787 1044 1838 Καὶ
1088 1786 1117 1838 ὃ
1166 1766 1647 1857 πάντωνίμάλιστα

1758 601 1811 653 in
1843 600 2154 654 Tartareum
2197 616 2465 654 carcerem
2521 602 2800 657 inclusisse
2840 604 3156 661 dictitatur:
3196 623 3294 664 nec

1757 693 1863 745 ulla
1897 694 2176 745 numinum
2216 694 2371 755 bella,
2402 694 2640 761 vulnera,
2667 697 2898 759 vincula,
2936 713 3033 750 nec
3068 699 3291 753 locatam

1757 783 2064 836 hominibus
2116 798 2333 851 operam
2384 798 2447 837 ex
2502 785 2607 839 illis
2660 788 2866 840 audias.
2917 785 3046 851 lmo,
3086 790 3289 843 nullam

1756 890 1969 943 quoque
2003 874 2144 942 apud
2178 889 2271 928 eos
2300 884 2529 929 atratum
2575 892 2638 931 ac
2678 877 2898 945 lugubre
2949 877 3140 932 festum
3181 882 3294 949 agi-

1756 977 1860 1029 tur,
1894 968 1947 1020 in
1977 982 2083 1035 quo
2115 967 2354 1021 sublatos
2382 982 2413 1021 e
2442 968 2618 1021 medio
2646 970 2774 1023 deos
2800 970 3099 1037 planctibus
3134 982 3186 1025 et
3216 974 3294 1027 la-

1756 1056 1949 1110 mentis
1979 1056 2306 1109 muliercula:
2333 1066 2745 1126 prosequantur,
2776 1060 3073 1127 cujusmodi
3106 1078 3133 1114 a
3158 1062 3296 1117 Grie-

1755 1149 1833 1202 cis
1878 1148 1960 1200 vel
2006 1147 2075 1201 ob
2106 1144 2441 1217 Proserpinae
2487 1158 2721 1217 raptum,
2772 1151 2855 1204 vel
2911 1152 2980 1205 ob
3028 1154 3291 1209 exitialem

1755 1241 1950 1295 Bacchi
1990 1249 2213 1301 sortem,
2256 1240 2566 1307 similesque
2602 1255 2781 1302 casus,
2811 1241 3035 1294 solemni
3069 1244 3173 1297 ritu
3208 1261 3294 1299 ce—

1753 1334 1949 1388 lebrari
1982 1334 2172 1387 solent.
2202 1331 2319 1385 Non
2353 1332 2599 1400 denique,
2634 1334 2715 1385 vel
2748 1334 2996 1401 collapsis
3030 1336 3128 1389 hoc
3162 1347 3293 1391 tern-

1752 1438 1881 1491 pore
1928 1423 2171 1476 moribus
2216 1424 2422 1490 patriis,
2466 1424 2711 1477 homines
2756 1424 2934 1477 videas
2990 1440 3020 1477 a
3074 1428 3292 1479 numine

1752 1514 2001 1581 agitatos,
2032 1529 2138 1567 non
2170 1514 2388 1567 insanas
2416 1514 2774 1583 Corybantum
2798 1502 3151 1584 'jactationes,
3184 1534 3289 1570 non

1759 1605 2105 1660 Bacchanalia
2124 1649 2139 1673 ,
2169 1618 2219 1661 et
2245 1623 2438 1661 arcana
2478 1610 2853 1677 mysteriorum
2886 1610 3053 1674 initia,
3083 1626 3188 1663 non
3220 1612 3291 1664 vi-

1750 1712 1933 1750 rorum
1964 1713 2087 1751 cum
2124 1698 2438 1750 mulieribus
2481 1698 2533 1750 in
2561 1699 2781 1752 deorum
2820 1700 3030 1769 templis
3077 1710 3291 1755 noctur—

1752 1806 1850 1843 nas
1897 1791 2345 1859 pervigilationes,
2388 1804 2485 1842 nec
2530 1788 2837 1857 hujusmodi
2889 1774 3091 1859 reliqua
3138 1809 3288 1846 mon-

102 1876 257 1942 ἔγωγε
296 1854 633 1946 τεθαύμακα,
660 1854 871 1946 καίπερ
908 1876 1112 1949 μυρίων
1144 1878 1283 1929 ὅσων
1315 1880 1393 1940 εἰς
1416 1854 1519 1947 ’τὴν
1551 1879 1645 1930 πό-

1753 1854 1984 1931 strorum
2019 1854 2253 1931 similia:
2292 1878 2383 1931 sed
2413 1854 2672 1947 quidquid
2703 1880 2769 1934 ad
2802 1854 3082 1951 religiones
3112 1892 3165 1936 et
3202 1899 3289 1936 sa-

98 1964 173 2016 λιν
241 1967 647 2036 ἐπεληλυθότων
685 1967 869 2031 ἐθνῶν,
912 1960 992 2029 οἷς
1025 1968 1187 2039 πολλὴ
1218 1968 1426 2038 ἀνάγκη
1472 1968 1645 2021 σέϐειν

95 2058 214 2119 τοὺς
250 2058 506 2126 πατρίους
546 2057 699 2118 θεοὺς
742 2059 850 2119 τοῖς
894 2056 1102 2110 οἴκοθεν
1143 2058 1410 2128 νομίμοις,
1438 2058 1643 2121 οὐδενὸς

92 2150 169 2208 αἱς
200 2147 365 2217 ζῆλον
395 2147 606 2217 ἐλήλυθε
637 2146 743 2199 τῶν
771 2146 991 2211 ξενικῶν
1014 2147 1454 2217 ἐπιτηδευμάτων
1486 2150 1517 2218 ἡ
1552 2148 1645 2199 πό-

94 2255 177 2299 ρις
203 2236 453 2307 δημοσία,
482 2238 508 2289 ὃ
543 2236 753 2299 πολλοῖς
787 2237 883 2307 ἤδη
918 2238 1110 2308 συνέϐη
1143 2238 1362 2291 παθεῖν’
1395 2238 1527 2291 ἀλλά
1556 2240 1643 2291 καὶ

92 2328 149 2381 εἴ
190 2344 314 2381 τινα
358 2329 487 2380 κατά
523 2328 798 2397 χρησμοὺς
843 2328 1159 2397 ὲτιεισῆκται
1206 2328 1315 2397 (19)
1362 2328 1499 2398 ίερά,
1533 2333 1643 2392 τοῖς

97 2418 281 2470 αὐτόθι
332 2418 467 2471 αύτά
510 2419 751 2489 νομίμως
807 2418 1164 2489 μεθήρμοσεν,
1218 2419 1430 2472 ἃπασαν
1484 2420 1643 2471 ἐκϐα-

98 2510 259 2562 λοῦσα
311 2510 587 2580 τερθρείαν
644 2509 899 2580 μυθικήν·
965 2509 1151 2579 ὥσπερ
1201 2510 1268 2562 τά
1319 2510 1417 2580 τῆς
1476 2511 1640 2580 Ἱερᾶς

106 2604 221 2662 bzi;
264 2600 370 2671 (ΞΟ)
416 2602 553 2671 ἱερά.
590 2600 787 2664 Θυσίας
840 2602 935 2671 μὲν
988 2601 1095 2672 γὰρ
1134 2602 1269 2671 αὐτῇ
1313 2603 1404 2654 καὶ
1430 2602 1641 2669 ἀγῶνας

110 2692 311 2756 ἄγουσιν
338 2690 440 2742 ἀνά
472 2692 578 2742 πᾶν
613 2690 728 2752 ἔτος
772 2691 821 2742 οἱ
865 2692 1153 2761 στρατηγοὶ
1183 2690 1321 2744 κατὰ
1358 2694 1479 2755 τοὺς
1522 2695 1643 2746 Ῥω-

124 2782 274 2849 μαίων
298 2782 485 2851 νόμους
505 2800 517 2811 ’
550 2785 757 2854 ἱερᾶται
794 2782 837 2833 δ’
860 2783 1029 2851 αὐτῆς
1055 2783 1191 2855 ἀνὴρ
1218 2783 1361 2854 Φρὺξ
1387 2786 1479 2837 καὶ
1508 2785 1641 2856 γυνὴ

120 2874 318 2943 Φρυγία,
340 2878 431 2929 καὶ
462 2874 808 2945 περιάγουσιν
842 2872 946 2925 ἀνὰ
986 2875 1081 2943 τὴν
1116 2874 1266 2926 πόλιν
1306 2871 1449 2928 οὗτοι
1503 2895 1637 2948 μην-

118 2966 445 3034 σγδρτοῦντες
472 2967 627 3036 (20⁸),
649 2965 831 3035 ὥσπερ
855 2964 1032 3026 αὐτοῖς
1056 2964 1195 3027 ἔθος,
1211 2965 1406 3028 τύπους
1420 2984 1477 3018 τε
1491 2984 1640 3037 περι-

114 3054 327 3121 κείμενοι
354 3061 463 3118 τοῖς
498 3057 715 3121 στήθεσι
749 3054 878 3125 (21),
919 3054 1011 3105 καὶ
1048 3053 1462 3123 καταυλούμενοι
1505 3055 1638 3125 πρὸς

113 3144 204 3195 τῶν
243 3147 513 3216 ἑπομένων
548 3148 615 3201 τὰ
634 3143 881 3213 Μητρῷα
898 3146 1073 3215 μέλη,
1097 3146 1191 3198 καὶ
1230 3145 1483 3214 τύμπανα
1513 3162 1640 3215 κρο-

117 3234 323 3299 τοῦντες.
369 3238 650 3308 Ῥωμαίων
681 3239 735 3290 δὲ
761 3238 867 3289 τῶν
889 3238 1203 3306 αὐθιγενῶν,
1224 3237 1343 3290 οὐτε
1375 3256 1639 3309 μηνᾳγυρ-

109 3325 202 3377 τῶν
221 3343 319 3389 τις,
361 3325 483 3378 οὐτε
513 3327 937 3397 καταυλούμενος
968 3328 1253 3399 πορεύεται
1280 3330 1368 3382 διὰ
1410 3330 1507 3398 τῆς
1541 3330 1638 3382 πό-

109 3433 246 3478 λεως,
289 3416 531 3485 ποικίλην
578 3417 913 3486 ἐνδεδυμένος
948 3418 1157 3488 στολὴν,
1204 3418 1327 3472 οὔτε
1375 3417 1639 3490 ὀργιάζων

113 3510 192 3577 τὴν
222 3509 355 3574 θεὸν,
382 3510 499 3567 οὐδὲ
525 3514 633 3573 τοῖς
660 3511 909 3581 Φρυγίοις
949 3511 1287 3580 ὀργιασμοῖς,
1314 3515 1451 3565 κατά
1482 3514 1639 3582 νόμον

116 3600 402 3671 ἦψήφισμα
434 3600 642 3671 βουλῆς.
669 3599 849 3661 Οὕτως
879 3598 1168 3669 εὐλαϐῶςή
1199 3600 1348 3662 πόλις
1370 3600 1478 3669 ἔχει
1508 3602 1640 3670 πρὸς

122 3696 172 3742 τι
198 3694 292 3746 οὐκ
322 3692 590 3765 ἐπιχώρια
620 3690 715 3761 ἔθη
744 3689 868 3760 περὶ
902 3689 1056 3753 θεῶν,
1097 3691 1188 3743 καὶ
1229 3691 1401 3743 πάντα
1429 3692 1637 3743 ὀττεύε-

120 3798 189 3835 ται
214 3784 393 3853 μῦθον,
494 3783 655 3854 μηδέν
680 3784 821 3834 ἐστιν
848 3781 1134 3851 εὐπρεπές.
1161 3782 1266 3833 Καὶ
1293 3782 1473 3851 μηδεὶς
1507 3782 1639 3833 ὑπο-

115 3872 250 3925 λάϐοι
285 3892 348 3944 με
374 3875 603 3942 ἀγνοεῖν,
629 3875 706 3926 ὅτι
735 3872 839 3926 τῶν
877 3870 1197 3941 Ἑλληνικῶν
1229 3871 1407 3941 μύθων
1436 3872 1537 3924 είσί
1562 3889 1641 3923 τι-

115 3982 195 4028 νες
226 3970 471 4037 χρήσιμοι
515 3965 817 4035 ἀνθρώποις
837 3982 849 3994 ⁸
885 3966 931 4017 oi
962 3964 1079 4034 μὲν,
1124 3964 1546 4036 ἐπιδεικνύμενοι
1573 3966 1640 4017 τά

117 4055 207 4122 τῆς
233 4058 427 4125 φύσεως
448 4058 582 4128 ἔργα
610 4057 696 4111 διὰ
733 4057 903 4125 λύπην
933 4056 1043 4124 (ἳῖ)
1063 4072 1075 4084 ⁸
1105 4056 1155 4106 οἱ
1187 4056 1263 4118 δὲ,
1298 4057 1638 4129 παραμυθίας

122 4146 271 4200 ἕνεκα
294 4152 619 4220 συγκείμενοι
645 4147 750 4201 τῶν
770 4147 1114 4220 ἀνθρωπίνων
1137 4148 1425 4217 συμφορῶν
1450 4164 1464 4178 ο
1494 4151 1538 4200 οἱ
1560 4149 1636 4213 δὲ,

120 4241 344 4310 ταραχὰς
376 4241 736 4312 ἐξαιρούμενοι
774 4240 945 4310 ψυχῆς
977 4238 1068 4291 καὶ
1098 4239 1367 4307 δείγματα
1388 4239 1517 4309 (23),
1549 4242 1640 4293 καὶ

118 4328 260 4395 δόξας
308 4334 679 4405 καθαιροῦντες
710 4335 807 4403 οὐχ
851 4334 1050 4400 ὑγιεῖς·
1096 4331 1145 4382 oi
1184 4329 1258 4392 δὲ,
1300 4329 1458 4398 ἀλλης
1501 4332 1641 4394 τινὸς

120 4422 261 4475 ὶνεκα
304 4425 735 4495 συμπλασθέντες
766 4423 1042 4491 ὠφελείας.
1107 4420 1261 4473 Ἀλλά
1288 4422 1484 4491 καίπερ
1521 4423 1639 4476 ἐπι-

124 4513 358 4583 ετάμενος
378 4517 545 4569 ταῦτα
572 4517 778 4580 οὐδενὸς
798 4519 992 4587 χεῖρον,
1014 4516 1158 4585 ὅμως
1178 4512 1412 4575 εὐλαϐῶς
1437 4514 1635 4567 διάκει-
1667 4538 1713 4596 D

175 4670 277 4742 (15)
321 4672 567 4742 Θητεῖαι.
608 4673 734 4735 Alii,
768 4672 1028 4725 τελεῖται·
1070 4670 1369 4742 Dionysius,
1427 4670 1633 4737 ἄγεται.

153 4740 275 4823 μθ)
294 4742 441 4823 ’Τῶν
464 4741 630 4794 ἐθῶν.
674 4742 749 4796 Ita
777 4744 1137 4811 reponendum
1166 4740 1230 4796 ex
1259 4740 1512 4809 Dionysio
1541 4760 1636 4811 pro

116 4824 207 4861 ἰ’(ύν
228 4824 361 4863 θείαν
369 4852 382 4863 .
744 4844 745 4847 ‘

176 4812 444 4964 iiiiugési
472 4870 979 4964 κορυϐαντιασμούς
1014 4880 1167 4964 Dion.
1201 4880 1447 4964 addkobn
1478 4880 1637 4964 ἀγερ-

120 4949 466 5019 ιιούς,ἐιίρειη
493 4949 593 5005 diis
627 4949 887 5005 hinc‘iude
915 4962 1258 5020 corrogatam.
1311 4950 1463 5003 Forte
1499 4949 1637 5005 hanc

118 5035 281 5091 vocem
332 5023 514 5075 omisit
550 5022 749 5091 Euseb.
790 5022 931 5091 quod
978 5023 1137 5090 paulo
1190 5030 1310 5089 post
1359 5030 1632 5091 sequatur,

120 5087 304 5159 Romae,
333 5107 440 5144 non
477 5108 505 5144 a
542 5087 1066 5159 Romanis—quidem,
1100 5087 1204 5145 sed
1241 5087 1632 5145 tamen’Deum

118 5157 384 5231 Matrihoc
412 5162 652 5231 obsequii
684 5157 1190 5231 genus—exhibitum.

139 5228 278 5309 ,(18)
301 5228 593 5309 γΒακχιαςῖ.
635 5228 938 5301 Dionysius,
975 5230 1247 5300 βακχείας,
1292 5229 1433 5299 quod
1468 5228 1636 5282 usita-

118 5307 211 5352 11118
234 5308 335 5353 est.

178 5368 278 5439 (19)
334 5366 747 5439 Ἐπεισῆκται,
796 5380 895 5423 etc.
950 5368 1234 5439 Dionysius
1278 5371 1377 5423 hoc
1432 5368 1632 5421 modo:

126 5436 530 5509 Ἐπεισηγάγετο
556 5438 691 5507 ίερά,
715 5439 1045 5509 τοίςέαυτῆς
1088 5436 1223 5509 αὐτὰ
1268 5441 1397 5509 τιμᾷ
1438 5439 1635 5507 νόμοις,

121 5508 325 5563 ἃπασαν
363 5508 689 5560 ἐκϐάλλουσα
730 5508 1008 5576 τερθρείαν
1035 5508 1283 5577 μυθικήν,
1321 5508 1457 5561 sane
1498 5508 1635 5575 apud

123 5578 391 5636 Eusebium
436 5594 529 5643 pro
568 5577 825 5647 νομίμως,
864 5581 1139 5645 legendum
1170 5578 1331 5632 fuerit
1371 5579 1634 5647 νομίμοις,

120 5662 163 5701 ει
183 5649 469 5719 τερθρείαν.
490 5661 584 5715 pro
612 5646 912 5719 τερθρείας.

183 5650 456 5774 ¹Ξρθρείαν
490 5661 584 5715 pro
612 5650 938 5725 τερθρείας⁸⁸

177 5722 191 5786 (
260 5725 277 5792 )
333 5716 507 5786 Ἱερᾶς
535 5719 687 5781 θεας.
731 5716 1008 5787 Dionysius
1031 5724 1233 5771 tantum
1279 5716 1485 5781 Ἰδαίας,
1524 5732 1639 5785 qurc

118 5793 311 5857 propria
348 5806 449 5844 vox
478 5796 577 5841 est.

1750 1982 1840 2022 cra
1881 1967 2101 2021 deorum
2146 1966 2392 2035 pertinet,
2426 1967 2707 2021 sanctitate
2735 1982 2795 2021 ac
2830 1969 3087 2021 modestia
3133 1971 3289 2038 longe

1750 2058 2001 2112 omnibus
2054 2067 2160 2111 tam
2221 2056 2523 2111 Grzccorum
2578 2056 2685 2127 79
2731 2074 2891 2127 quam
2938 2059 3285 2114 barbarorum

1750 2142 2086 2206 caeremoniis
2132 2149 2415 2202 antecellit.
2459 2146 2715 2217 Quodque
2771 2151 3009 2203 omnium
3048 2152 3289 2205 maxime

1750 2241 1898 2294 soleo
1928 2240 2136 2301 mirari,
2167 2240 2291 2292 licet
2323 2240 2543 2293 inﬁnita:
2588 2242 2833 2294 nationes
2862 2242 2912 2293 in
2944 2242 3128 2298 urbem
3161 2260 3288 2296 con-

1748 2322 2019 2391 ﬂuxerint;
2074 2344 2192 2397 qua:
2246 2328 2307 2382 ad
2340 2328 2563 2381 colenda
2617 2329 2721 2382 ritu
2773 2330 3068 2384 domestico
3116 2332 3286 2399 patria

1748 2420 1969 2472 munina
2019 2419 2070 2471 vi
2118 2418 2346 2487 quadam
2407 2425 2462 2471 et
2510 2419 2828 2471 necessitate
2875 2420 3284 2486 compellantur,

1748 2524 2020 2575 nunquam
2050 2508 2142 2561 illa
2163 2516 2340 2560 tamen
2371 2508 2436 2560 ad
2460 2507 2858 2577 suscipiendum
2882 2508 3091 2577 publice.
3118 2512 3282 2563 ullum

1746 2600 2037 2667 peregrinae
2084 2598 2357 2666 religionis
2393 2613 2560 2666 genus
2604 2598 2797 2652 adduci
2837 2600 3023 2667 potuit,
3066 2600 3116 2653 id
3144 2603 3282 2667 quod

1742 2689 1849 2759 jam
1881 2690 1999 2743 aliis
2027 2690 2293 2758 plerisque
2316 2689 2603 2756 contigisse
2626 2690 2891 2744 novimus.
2920 2690 3072 2756 Quod
3109 2693 3152 2746 si
3187 2695 3286 2746 ali-

1746 2796 1851 2855 qua
1878 2779 2015 2834 forte.
2041 2779 2340 2833 istiusmodi
2372 2796 2523 2835 sacra
2552 2794 2618 2833 ex
2642 2781 2981 2833 oraculorum
3012 2783 3284 2851 responsis

1745 2872 1883 2940 apud
1919 2887 1977 2925 se
2011 2872 2185 2925 invehi
2221 2887 2380 2940 passa
2410 2881 2512 2931 est,
2552 2886 2612 2925 ea
2640 2882 2818 2926 tamen
2861 2856 2925 2926 ad
2954 2873 3124 2942 legum
3160 2890 3284 2927 sua-

1746 2979 1865 3016 rum
1905 2963 2149 3017 instituta
2192 2963 2638 3028 accommodavit,
2670 2963 2884 3030 rejectis
2918 2965 3166 3019 onmibus
3200 2963 3280 3018 fa-

1745 3051 1993 3104 bularum
2027 3051 2329 3121 praestigiis,
2360 3052 2809 3120 quemadmodum
2845 3052 2898 3105 in
2926 3052 3110 3108 Matris
3136 3054 3282 3109 Idaeae

1746 3142 1915 3196 sacris
1941 3142 2205 3196 videmus.
2249 3141 2536 3196 Enimvero
2565 3142 2826 3196 sacriﬁcia
2850 3144 3063 3212 quidem
3101 3146 3282 3200 ludos-

1740 3248 1843 3301 que
1895 3232 2109 3301 publico
2148 3231 2392 3284 Romano
2441 3232 2548 3283 ritu
2596 3240 2851 3298 prmtores
2897 3236 3183 3300 quotannis
3227 3238 3279 3289 in

1737 3327 1852 3395 ejus
1899 3325 2156 3378 honorem
2211 3322 2538 3385 instituunt;
2582 3322 2700 3389 ejus
2750 3332 2927 3375 tamen
2980 3325 3281 3378 sacerdotio

1739 3418 1821 3470 vir
1858 3432 1920 3470 ac
1948 3416 2139 3470 mulier
2161 3413 2397 3484 Phryges
2435 3413 2593 3465 ambo
2636 3412 2949 3484 funguntur,
2983 3417 3074 3485 qui
3115 3427 3280 3472 totam

1740 3509 2009 3562 civitatem
2071 3494 2425 3568 circumeunt,
2475 3504 2701 3574 singulis
2762 3506 3039 3561 mensibus
3092 3510 3282 3578 stipem

1740 3615 1888 3654 more
1934 3616 2033 3654 suo
2064 3600 2189 3653 hinc
2239 3598 2361 3652 inde
2395 3608 2758 3666 corrogantes,
2795 3598 3163 3669 imagunculas
3189 3616 3283 3670 pe-

1743 3691 1879 3744 ctori
1934 3692 2180 3759 alligatas
2232 3697 2539 3757 gestantes,
2588 3700 2942 3758 tympanaque
2984 3692 3278 3758 pulsantes,

1738 3797 1873 3851 quos
1903 3796 2134 3849 sequens
2160 3782 2445 3835 multitudo
2470 3781 2704 3833 Materna
2739 3784 2974 3834 carmina
3004 3782 3069 3835 ad
3097 3783 3280 3834 tibiam
3314 3766 3319 3769 1

1738 3874 2005 3928 modulata
2079 3873 2462 3926 circumsonat.
2514 3872 2583 3923 At
2634 3886 2664 3925 e
2704 3870 2959 3925 Romanis
3015 3873 3280 3941 indigenis

1740 3980 1899 4019 nemo
1931 3966 2011 4019 vel
2034 3963 2189 4017 Matri
2248 3964 2439 4031 stipem
2474 3962 2840 4025 ementlicans,
2863 3962 2948 4016 vel
2978 3962 3281 4017 incentione

1742 4057 1993 4112 tibiarum
2018 4055 2224 4109 amatus
2246 4070 2307 4109 ac
2328 4053 2646 4108 versicolore
2669 4053 2803 4106 stola
2830 4054 3046 4108 indutus
3069 4054 3282 4107 oberrat

1741 4148 1950 4212 urbem,
1985 4147 2236 4214 nullaque
2266 4140 2605 4216 populi'lege,
2635 4146 2782 4199 nullo
2815 4146 3282 4200 senatusconsulto

1742 4238 2057 4294 celebranda
2084 4234 2313 4306 Phrygio
2345 4238 2449 4290 ritu
2470 4234 2659 4289 Matris
2683 4236 2833 4306 orgia
2862 4236 3104 4305 suscipit.
3135 4233 3280 4289 Tan-

1739 4340 1847 4384 tam
1897 4331 2026 4384 urbs
2076 4330 2129 4383 in
2175 4330 2454 4399 peregrino
2507 4331 2729 4384 deorum
2778 4329 2925 4383 cultu
2981 4328 3279 4382 cautionem

1740 4421 1975 4486 adhibet,
2008 4420 2245 4490 adeoque
2279 4421 2511 4475 fabulam
2554 4436 2767 4475 omnem
2806 4419 3067 4487 dignitate
3099 4428 3151 4471 et
3185 4420 3281 4470 hov

1741 4522 1945 4567 nestate
1970 4527 2191 4565 vacuam
2233 4513 2357 4565 mali
2386 4514 2581 4566 ominis
2624 4514 2792 4565 instar
2831 4518 3125 4564 aversatur.
3178 4506 3279 4561 Ne-

1802 4665 1937 4745 ~(320‘)
1977 4666 2517 4745 Mqrawptoﬁwsc.
2581 4666 2900 4745 Dionysius,
2968 4680 3279 4731 μητραγυρ-

1736 4735 1969 4805 τοῦντες,
1997 4743 2049 4787 et
2096 4738 2255 4802 paulo
2294 4746 2413 4803 post
2455 4735 2840 4805 μητραγυρτῶν
2871 4748 2965 4805 pro
3005 4748 3278 4801 μηναγυρ-

1736 4806 1860 4858 τῶν.
1889 4804 2125 4872 Utraque
2164 4806 2320 4857 lectio
2358 4803 2523 4873 proba
2568 4814 2668 4857 est.
2710 4803 2810 4855 Sed
2858 4803 2915 4853 τὸ
2964 4818 3276 4873 μητραγυρ-

1736 4879 1864 4938 τεῖν,
1900 4877 2050 4927 deam
2082 4872 2461 4941 exprimit,’cui
2492 4875 2694 4940 stipem.
2721 4881 2998 4940 cogerent;
3049 4872 3109 4921 τὸ
3142 4889 3276 4940 μην-

1738 4948 2161 5016 αγυρτεῖνᾴνειςο,
2191 4952 2425 5016 tempus;
2452 4946 2628 5016 credo.
2659 4944 2798 5016 quod
2830 4941 3053 5016 singulis
3082 4946 3275 5016 mensi-

1736 5011 1858 5069 bus'
1889 5015 1939 5067 id
1987 5012 2304 5065 factitarent.
2343 5011 2672 5078 Hesychius:
2707 5011 3085 5080 Μηναγύρτης,
3121 5013 3146 5063 ὁ
3173 5012 3277 5063 ἀπὸ

1741 5085 1905 5154 μηνὸς
1955 5082 2197 5149 συνάγων
2237 5080 2701 5156 πανηγύρειςρυυ
2732 5082 3087 5156 locomallem
3120 5082 3274 5156 abes—

1737 5150 1817 5208 set
1867 5162 2302 5222 postremavox;
2350 5150 2705 5222 quainietiam
2757 5151 2892 5203 tollit
2940 5150 3273 5222 Suidas,_ail-

1736 5219 1907 5277 dens—2
1940 5219 2315 5291 Μηναγύρτης,
2344 5221 2493 5291 δ-τῆς
2520 5221 2668 5283 Ῥέας
2696 5223 2887 5291 ἱερεὺς,
2912 5222 2939 5271 ὁ
2966 5220 3099 5270 κατὰ
3133 5220 3274 5286 μῆνα

1737 5295 1966 5363 ἀγείρων
2005 5288 2093 5342 καὶ
2118 5288 2490 5360 συναθροίζων.

1808 5359 1912 5433 (⁸2⁷1)
1938 5359 2633 5433 Τύπυινςτε-περικείμεγοι
2649 5360 2767 5423 τοῖς
2782 5359 3081 5433 στήθεσιν.
3106 5359 3269 5411 inter-

1737 5428 1859 5502 pres
1874 5429 2103 5502 Dionysii
2118 5430 2265 5481 vertit
2278 5442 2501 5502 ,pectora
2515 5428 2863 5495 plangentesﬁ
2875 5442 3095 5502 usquam
3108 5439 3270 5502 certe,

1735 5499 1899 5555 τύπον
1914 5501 2124 5571 στήθεσι
2142 5516 2203 5548 πε
2214 5501 2588 5579 ρικεῖσθαι,τὴν
2607 5518 2689 5553 στε
2700 5499 2973 5569 ρνοτυπίαν
2992 5500 3269 5567 signiﬁcat.

1809 5573 1915 5641 (ἐξ)
1956 5571 2014 5622 L.
2050 5571 2113 5622 δι’
2145 5570 2481 5641 ἀλληγορίας.
2520 5579 2575 5623 ut
2606 5572 2815 5637 Dionys.

1809 5636 1916 5711 (25)
1959 5636 2273 5707 Asinium.
2300 5636 2419 5709 Legi
2445 5642 2685 5706 δείματα,
2706 5636 2755 5687 ut
2778 5636 3264 5711 apmlDionysitnn.

1739 5710 1873 5778 Quid
1906 5713 1947 5765 si
1982 5711 2226 5780 δήγματα
2253 5711 2508 5778 legamus,
2536 5726 2650 5776 quae
2678 5724 2885 5780 morsus
2916 5710 3032 5763 ilios
3062 5710 3249 5762 calami

1743 5777 1905 5837 latum
1938 5777 2496 5850 perturbationumque
2528 5777 2858 5845 signiﬁcent?
