4044 6334
736 369 837 452 163

1382 389 1644 443 EL'SEBII
1682 388 2154 443 CJESARIENSIS
2196 388 2340 441 OPP.
2386 388 2563 441 l’AllS
2600 387 2662 442 ll.
2701 418 2767 426 —
2805 388 3293 444 APOLOGETICA.

3876 379 3993 439 164

735 532 873 579 esse,
899 514 1088 569 Isidem
1131 529 1259 567 vero
1304 514 1526 576 lunam;
1565 509 1750 566 Jovem
1796 512 2044 580 spiritum
2076 521 2267 566 cuncta

2385 511 2559 573 πτίοις,
2592 511 2685 562 καὶ
2707 511 2794 562 τὸν
2818 513 2944 581 παρ’
2973 509 3148 571 αὐτοῖς
3169 507 3400 576 ποταμὸν
3430 505 3635 567 Νεῖλον,
3659 494 3718 570 ᾧ
3754 507 3868 555 καί
3885 504 3983 561 τὶς

738 610 1134 678 pervadentetn,
1167 605 1459 660 Vulcanum
1518 608 1715 673 ignem,
1748 615 1942 658 terram
1972 605 2221 659 Cererem
2254 625 2266 657 :

740 700 1010 754 Oceanum
1065 698 1364 762 humorem,
1399 713 1461 751 ac
1500 697 1677 749 Nilum
1700 712 1884 750 eorum
1918 695 2160 758 fluvium,
2186 697 2272 748 cui

740 793 883 860 ipsas
929 805 1143 860 quoque
1207 789 1427 841 deorum
1475 787 1869 855 procreationes
1917 788 2217 857 attribuunt
2258 804 2270 838 :

739 896 912 935 aerem
977 882 1204 949 denique
1246 879 1538 932 Minervam
1576 879 1643 931 ab
1678 878 1865 931 iisdem
1901 880 2161 930 nominari
2194 878 2275 930 fe-

741 984 885 1026 runt.
934 971 1105 1039 Atque
1151 972 1251 1024 hos
1301 970 1538 1038 quinque
1593 970 1740 1033 deos,
1770 968 1956 1023 Aerem
2008 968 2273 1032 videlicet,

746 1064 975 1132 Aquam,
1016 1062 1216 1131 Ignem,
1247 1058 1492 1125 Terram,
1526 1076 1589 1114 ac
1621 1059 1902 1128 Spiritum,
1943 1059 2126 1112 orbem
2154 1058 2271 1110 uni-

739 1170 955 1209 versum
1013 1169 1345 1222 percurrere,
1390 1155 1565 1206 varias
1612 1152 1838 1204 subinde
1892 1150 2169 1203 hominum
2224 1158 2276 1201 et

742 1246 919 1301 omnis
972 1244 1181 1313 generis
1226 1242 1575 1295 animantium
1634 1242 1835 1308 ligulas
1880 1255 1943 1293 ac
1979 1239 2159 1291 vultus
2190 1237 2271 1288 in-

740 1335 987 1395 duentes,
1028 1348 1255 1400 quorum
1305 1332 1520 1385 nomina
1567 1347 1688 1383 cum
1726 1331 1928 1397 aliquot
1966 1326 2272 1380 hominibus

742 1425 901 1479 morti
944 1425 1211 1491 obnoxiis,
1237 1433 1290 1477 et
1336 1424 1389 1475 in
1436 1422 1667 1491 Egypto
1692 1423 1831 1474 natis
1880 1418 2273 1473 communicata

743 1517 955 1579 fuerint,
985 1516 1096 1585 88
1119 1529 1256 1583 quos
1282 1514 1465 1581 utique
1495 1514 1695 1577 Solem,
1712 1511 2025 1586 Saturnum,
2047 1508 2273 1569 Rheam,

741 1607 949 1671 Jovem,
973 1605 1257 1670 lunonem,
1292 1607 1611 1669 Vulcanum,
1646 1604 1975 1672 Vestamque
2002 1601 2278 1671 cognomi-

2374 604 2477 655 τῶν
2493 603 2627 655 θεῶν
2652 602 2921 656 ἀναθεῖναι
2944 603 3199 670 γενέσεις
3231 601 3319 654 τὸν
3334 602 3387 652 δὲ
3411 601 3545 670 ἀέρα
3563 600 3745 667 φασὶν
3764 596 3981 654 αὐτοὺς

2374 696 2792 767 προσαγορεύειν
2815 697 3059 764 Ἀθηνᾶν.
3086 678 3315 758 Τούτους
3330 696 3386 748 δὲ
3408 696 3531 757 τοὺς
3564 694 3743 746 πέντε
3778 689 3978 752 θεοὺς,

2375 787 2464 839 τὸν
2510 787 2667 856 Ἀέρα
2705 786 2865 853 λέγω,
2900 787 2993 839 καὶ
3035 786 3093 837 τὸ
3127 786 3324 855 ”Υδωρ,
3374 786 3432 837 τό
3461 802 3519 836 τε
3542 782 3662 854 Πῦρ
3711 782 3831 834 καὶ
3878 781 3980 848 τὴν

2376 875 2504 943 Γῆν,
2541 875 2721 927 καὶτὸ
2755 874 2994 943 Πνεῦμα,
3037 877 3210 927 πᾶσαν
3251 874 3345 944 τὴν
3387 873 3723 942 οἰκουμένην
3763 873 3978 921 ἐπιπο-

2378 966 2653 1037 ρεύεσθαι,
2675 967 2857 1043 ἄλλοτε
2887 966 3058 1028 ἄλλως
3089 969 3165 1030 εἰς
3189 966 3400 1037 μορφὰς
3416 966 3509 1017 καὶ
3541 966 3689 1026 ἰδέας
3736 961 3973 1029 ἀνθρὼ-

2375 1076 2488 1109 πων
2504 1076 2559 1110 τε
2586 1059 2675 1110 καὶ
2698 1059 2961 1110 παντοίων
2984 1056 3131 1119 ζώων
3158 1058 3669 1127 σχηματιζομένους·
3699 1055 3818 1107 καὶ
3849 1054 3975 1103 τοὺ-

2374 1165 2479 1199 των
2495 1147 2811 1217 ὁμωνύμους
2842 1147 2968 1217 παρ’
2985 1148 3161 1209 αὐτοῖς
3177 1149 3487 1214 Αἰγυπτίοις
3510 1146 3818 1214 γεγονέναι
3839 1144 3973 1209 θνη-

2372 1238 2495 1299 τοὺς
2522 1224 2852 1309 ἀνθρώπους,
2873 1238 3074 1304 ”Ηλιον,
3103 1240 3194 1292 καὶ
3214 1240 3541 1307 Κρόνον,κα“ι
3568 1237 3765 1298 Ῥέαν,
3793 1235 3883 1286 ἐτι
3916 1235 3967 1286 δὲ

2376 1331 2469 1382 καὶ
2499 1329 2610 1393 Δία,
2635 1331 2725 1381 καὶ
2749 1330 2941 1401 Ἦραν,
2960 1331 3052 1382 καὶ
3066 1331 3377 1398 Ἥφαιστον,
3408 1331 3501 1382 καὶ
3514 1328 3739 1381 Ἑστίαν
3764 1330 3963 1379 tmo-

2383 1419 2695 1488 μασθέντας.
2724 1420 2926 1491 Γράφει
2949 1420 3003 1472 δὲ
3037 1422 3125 1473 καὶ
3141 1420 3207 1472 τὰ
3230 1422 3355 1491 περὶ
3376 1422 3576 1472 τούτων
3604 1417 3963 1486 πλατύτερον

2383 1509 2478 1579 μὲν
2490 1511 2519 1560 ὁ
2532 1506 3076 1581 Μάνεθωςυὲπιτετμη
3087 1506 3319 1579 μένωςόὲ
3333 1513 3361 1563 ὁ
3382 1511 3641 1582 Διόδωρος
3651 1512 3711 1562 ὲν
3722 1512 3801 1578 τῇ
3820 1525 3953 1577 προ-

2381 1599 2624 1671 λεχθείσῃ
2646 1600 2805 1652 αὐτοῦ
2846 1606 3046 1670 γραφχ,
3074 1593 3172 1651 ὧδέ
3205 1615 3318 1661 πως
3342 1598 3565 1669 ἱστορῶν
3588 1596 3737 1651 κατὰ
3788 1596 3952 1658 λέξιν.

745 1710 965 1756 narunt.
994 1702 1123 1764 Quae
1166 1700 1447 1769 Manetltus
1503 1702 1719 1769 quidem
1773 1700 1952 1753 omnia
2016 1697 2187 1751 fusius
2246 1696 2568 1763 uberiusque
2614 1696 2971 1764 persequitur,
3029 1695 3336 1747 summatim
3389 1708 3516 1748 vero
3563 1692 3852 1747 Diodorus
3903 1694 3950 1745 in

747 1805 833 1856 eo,
870 1792 1012 1863 quod
1039 1806 1199 1860 supra
1250 1792 1607 1857 laudavimus,
1642 1790 1995 1843 Historiarum
2026 1804 2186 1858 opere
2219 1789 2283 1841 ad
2324 1787 2544 1839 verbum
2571 1786 2644 1838 ita
2670 1786 3092 1855 comprehendit.

1330 1885 1582 1943 CAPUT.
1609 1885 1694 1939 Ill.

954 1976 1030 2029 De
1054 1977 1330 2045 allegorica
1368 1976 1736 2045 {Egyptiorum
1766 1975 2040 2044 theologia.

828 2082 847 2113 ς
867 2064 1164 2135 Utrumque
1187 2067 1366 2130 deum,
1381 2067 1591 2134 ,Solem,
1610 2066 1806 2135 inquit,
1824 2082 1885 2120 ae
1906 2066 2128 2132 Lunam,
2143 2084 2277 2137 quos

750 2153 985 2224 Egyptii
1011 2157 1237 2212 Osiridis
1268 2157 1529 2227 Isidisque
1559 2160 1775 2213 nomine
1825 2158 2146 2227 significant,
2183 2175 2276 2212 or-

751 2246 870 2301 bem
904 2248 1210 2302 universum
1244 2264 1426 2317 regere
1451 2265 1513 2303 ac
1538 2250 1824 2315 moderari,
1852 2265 2045 2318 resque
2090 2266 2278 2303 omnes

755 2338 928 2391 tribus
957 2338 1225 2393 distinctis
1247 2341 1370 2393 anni
1399 2341 1798 2409 tempestatibus
1820 2342 1960 2394 alere
1991 2350 2151 2410 atque
2182 2357 2279 2394 au-

750 2444 874 2497 gere
928 2438 1193 2495 statuunt,
1244 2446 1397 2495 vere,
1440 2441 1644 2496 aestate,
1689 2445 1741 2486 et
1787 2433 1982 2498 hieme,
2008 2448 2128 2501 qua:
2154 2448 2281 2487 suas

750 2520 973 2589 singula:
996 2522 1372 2576 conversiones
1404 2532 1676 2591 aspectum
1714 2522 1948 2592 fugiente
1980 2534 2127 2577 motu
2153 2539 2282 2577 con-

748 2610 947 2676 ficiant,
972 2626 1033 2664 ac
1061 2613 1348 2680 plurimum
1374 2614 1511 2667 inter
1530 2628 1647 2668 sese
1676 2624 1866 2668 natura
1919 2615 2238 2669 dissidentes
2263 2657 2279 2681 ,

751 2718 959 2755 summa
994 2711 1170 2757 tamen
1204 2712 1257 2756 et
1300 2706 1760 2773 opportunissima
1809 2706 2165 2761 consensione
2202 2707 2283 2758 in-

749 2800 956 2863 tegrum
1001 2809 1201 2847 annum
1235 2795 1532 2849 absolvant.
1593 2798 1767 2863 Atque
1830 2796 2021 2849 horum
2063 2797 2280 2850 deorum

750 2879 1019 2947 ejusmodi
1048 2896 1168 2935 esse
1196 2891 1466 2947 naturam,
1498 2898 1618 2951 quae
1670 2884 1896 2937 multum
1949 2886 2013 2938 ad
2045 2886 2284 2939 tribuen-

752 2972 875 3043 dam
911 2971 1068 3026 rebus
1088 2973 1335 3026 omnibus
1361 2974 1466 3025 vim
1496 2976 1779 3041 generandi
1804 2959 2161 3031 fecundiorem
2195 2992 2313 3047 per‘

757 3060 877 3115 Sese
902 3062 1181 3131 conferat;
1212 3064 1353 3118 Solis
1381 3066 1619 3133 quidem,
1649 3067 1805 3136 igneo
1833 3069 2021 3135 calori,
2052 3086 2114 3124 ac
2136 3072 2287 3139 spiri-

755 3151 831 3203 tui
856 3166 871 3215 ;
897 3147 1061 3205 Luna:
1090 3167 1237 3217 vero,
1261 3154 1474 3205 humori
1495 3162 1548 3206 et
1572 3155 1829 3220 siccitati;
1869 3158 2149 3226 utriusque
2191 3158 2284 3211 de-

2895 1880 3283 1933 ΚΕΦΔΛΑΙΟΝ
3317 1880 3388 1932 Γ’.

2378 1971 2515 2039 Περὶ
2558 1971 2663 2039 τῆς
2693 1974 3023 2039 Αἰγυπτίων
3059 1970 3580 2040 ἀλληγορουμένης
3610 1971 3942 2038 θεολογίας.

2454 2086 2471 2116 ι
2499 2066 2725 2126 Τούτους
2753 2064 2858 2133 (41)
2889 2063 2944 2115 δὲ
2970 2065 3089 2125 τοὺς
3117 2062 3287 2125 θεοὺς,
3312 2062 3400 2114 τὸν
3429 2062 3635 2125 Ἥλιον,
3669 2060 3826 2130 φησὶ,
3857 2064 3945 2113 καὶ

2380 2156 2475 2226 τὴν
2491 2155 2741 2226 Σελήνην,
2770 2157 2979 2223 Ὄσιριν
3004 2154 3159 2217 ὄντας
3180 2154 3297 2206 κατ’
3318 2153 3641 2221 Αἰγυπτίους
3668 2153 3764 2205 καὶ
3782 2148 3937 2209 Ἶσιν,

2381 2246 2471 2299 τὸν
2521 2248 2805 2315 σύμπαντα
2850 2244 3047 2314 κόσμον
3097 2245 3344 2309 διοικεῖν,
3391 2242 3689 2313 τρέφοντάς
3736 2259 3795 2293 τε
3846 2244 3932 2295 καὶ

2383 2339 2636 2404 αὖξοντας
2676 2338 2847 2391 πάντα
2888 2339 3196 2408 τριμερέσιν
3238 2336 3425 2406 ὥραις,
3472 2331 3688 2405 ἀοράτῳ
3726 2337 3922 2401 κινήσει

2382 2418 2487 2499 τὴν
2505 2429 2744 2499 περίοδον
2774 2427 3209 2498 ἀπαρτιζούσαις,
3247 2430 3311 2497 τῇ
3345 2444 3404 2478 τε
3439 2428 3652 2495 ἐαρινῇ,
3681 2425 3759 2477 καὶ
3784 2424 3925 2495 θερι-

2384 2527 2469 2593 νῇ,
2512 2524 2606 2574 καὶ
2632 2523 2924 2591 χειμερινῇ·
2956 2520 3152 2583 ταύτας
3186 2520 3242 2573 δὲ
3273 2519 3667 2589 ἐναντιωτάτην

2384 2615 2480 2684 τὴν
2521 2613 2677 2682 φύσιν
2718 2612 2943 2681 ἐχούσας
2979 2613 3293 2684 ἀπαρτίζειν
3335 2613 3426 2665 τὸν
3460 2612 3705 2664 ἐνιαυτὸν
3740 2610 3923 2680 ἀρίστῃ

2388 2707 2685 2776 συμφωνίᾳ·
2720 2704 2877 2773 φύσιν
2897 2706 2953 2757 δὲ
2986 2703 3381 2773 συμϐάλλεσθαι
3419 2703 3677 2774 πλείστην
3710 2704 3815 2772 (ﬂ)
3853 2704 3924 2762 εἰς

2387 2794 2481 2864 τὴν
2510 2793 2613 2846 τῶν
2641 2794 2890 2847 ἁπάντων
2929 2792 3217 2860 ζωογονίαν
3260 2792 3365 2844 τῶν
3411 2791 3548 2844 θεῶν
3594 2792 3812 2844 τούτων’
3842 2791 3923 2841 τὸν

2392 2884 2507 2954 μὲν,
2546 2884 2837 2954 πυρώδους,
2898 2885 2990 2936 καὶ
3032 2882 3361 2952 πνεύματος·
3408 2882 3507 2953 τὴν
3530 2882 3607 2943 δὲ,
3650 2882 3814 2951 ὑγροῦ
3841 2882 3923 2932 xui

2372 2974 2569 3045 ιξηροῦ·
2602 2978 2750 3045 κοινῇ
2795 2974 2839 3025 δ’
2879 2974 3234 3043 ἀμφοτέρους,
3281 2974 3480 3043 ’Δέρος⁸
3513 2974 3605 3024 καί
3629 2972 3715 3024 διὰ
3740 2971 3926 3025 τούτων

2390 3068 2564 3136 πάντα
2608 3066 2897 3135 γεννᾶσθαι
2949 3067 3042 3118 καὶ
3091 3062 3538 3135 τρέφεσθαι.’Διὸ
3592 3065 3685 3116 καὶ
3739 3063 3800 3114 τὺ
3840 3062 3922 3131 μὲν

2391 3159 2535 3212 ἅπαν
2588 3158 2744 3228 σῶμα
2800 3159 2897 3228 τῆς
2956 3158 3063 3210 τῶν
3098 3158 3234 3211 ὅλων
3278 3158 3488 3224 φύσεως
3518 3154 3582 3219 ἐξ
3619 3156 3797 3210 Ἡλίου
3844 3156 3924 3207 καὶ

755 3254 901 3292 mum
934 3240 1205 3293 communi
1230 3240 1445 3303 virtute,
1484 3241 1630 3296 Aeri.
1661 3240 1863 3295 Horum
1905 3252 2158 3311 praeterea
2204 3243 2286 3297 be-

2388 3250 2619 3319 Σελήνης
2652 3248 3061 3318 ἀπαρτίζεσθαι,
3094 3249 3159 3301 τὰ
3178 3248 3234 3301 δὲ
3256 3249 3456 3303 τούτων
3492 3249 3652 3321 μέρη,
3684 3250 3837 3301 πέντε
3864 3245 3922 3297 τὰ

754 3330 945 3385 ncﬁcio
967 3334 1234 3400 procreari
1261 3348 1323 3386 ac
1343 3334 1573 3401 vegetari
1602 3348 1791 3387 cuncta
1822 3353 1837 3388 :
1867 3335 2093 3403 ideoque
2118 3345 2286 3388 totum

760 3418 921 3488 hujus
949 3421 1185 3475 universi
1220 3434 1426 3476 natura:
1453 3438 1649 3491 corpus
1678 3421 1820 3477 Solis
1849 3440 1912 3477 ac
1957 3424 2117 3476 Luna:
2162 3439 2288 3477 con-

756 3513 1035 3579 junctione
1056 3514 1368 3579 consistere,
1384 3516 1537 3582 cujus
1563 3516 1742 3583 partes
1772 3517 2009 3584 quinque
2036 3516 2139 3569 illa:
2161 3516 2287 3581 sint,

763 3616 898 3670 quas
940 3611 1062 3655 ante
1109 3603 1521 3670 nominavimus,
1565 3606 1817 3672 spiritus,
1867 3606 2024 3675 ignis,
2065 3610 2287 3670 siccum,

761 3692 1062 3756 humidum,
1093 3700 1467 3762 postremoque
1495 3696 1695 3749 aerium
1720 3715 1732 3749 :
1757 3704 1813 3749 ut
1840 3699 2288 3765 quemadmodum

762 3784 816 3835 in
849 3783 1082 3847 homine,
1109 3793 1286 3852 caput,
1315 3800 1524 3849 manus,
1549 3787 1706 3854 pedes
1734 3802 1796 3841 ac
1833 3798 2022 3842 caetera
2052 3791 2289 3842 membra

760 3889 1131 3939 numeramus,
1166 3876 1239 3928 ita
1267 3876 1424 3943 plane
1456 3877 1718 3946 integrum
1747 3878 1906 3946 hujus
1938 3879 2121 3932 mundi
2167 3895 2288 3933 cor-

760 3978 861 4030 pus
911 3980 976 4017 οι
1008 3965 1111 4018 illis
1137 3965 1377 4034 partibus
1418 3975 1835 4035 coagmentetur.
1866 3950 1983 4020 Iam
2026 3984 2169 4029 vero,
2198 3968 2291 4037 qui

764 4053 1007 4107 homines
1060 4054 1391 4125 inVAZgypto
1432 4057 1592 4124 plano
1640 4068 1694 4109 et
1738 4057 2023 4111 articulato
2046 4074 2293 4112 sermone

766 4140 1030 4208 principes
1060 4142 1141 4195 usi
1172 4142 1391 4209 fuerint,
1424 4160 1518 4198 eos
1545 4147 1774 4212 partium
1810 4146 2021 4199 illarum
2068 4147 2292 4215 quamli-

763 4229 853 4284 bet
883 4231 1039 4284 deum
1069 4233 1355 4287 arbitratos
1379 4250 1516 4298 esse,
1538 4237 1857 4303 propriaque
1874 4253 1937 4289 ac
1956 4239 2286 4306 singularum

765 4330 967 4375 natura:
993 4326 1327 4378 convenienti
1350 4327 1705 4393 appellatione
1733 4328 1993 4392 donasse;
2022 4345 2085 4381 ac
2129 4329 2309 4396 spiri-'

766 4414 876 4457 tum
904 4410 1137 4475 quidem,
1164 4411 1275 4479 ipsa
1296 4413 1443 4466 vocis
1475 4412 2097 4481 interpretationeJovem
2121 4420 2291 4470 nomi-

698 4547 701 4549 ,
768 4510 946 4561 nasse,
982 4501 1071 4566 qui
1092 4505 1231 4567 quod
1257 4503 1507 4558 animalis
1533 4504 1823 4569 facultatis,
1860 4522 1979 4574 quae
2003 4508 2293 4564 animantis

2391 3341 2774 3411 προειρημένα,
2826 3340 2887 3391 τὸ
2924 3340 3154 3409 πνεῦμα,
3204 3341 3295 3392 καὶ
3343 3340 3403 3392 τὸ
3463 3340 3597 3410 πῦρ,
3653 3339 3718 3392 τδ
3756 3338 3917 3408 ξηρὸν,

2391 3430 2469 3482 ἔτι
2528 3432 2585 3483 δὲ
2634 3430 2695 3483 τὸ
2758 3431 2939 3501 ὑγρὸν,
2988 3433 3081 3483 καὶ
3124 3430 3186 3483 τὸ
3229 3431 3528 3500 τελευταῖον
3578 3432 3638 3484 τὺ
3686 3430 3912 3501 ἀερῶδες-

2391 3519 2576 3590 ὦσπερ
2611 3522 2696 3572 ἐπ’
2741 3520 3022 3592 ἀνθρώπου
3058 3520 3296 3591 κεφαλὴν
3342 3522 3436 3573 καὶ
3479 3522 3671 3589 χεῖρας
3705 3521 3793 3571 καὶ
3833 3517 3911 3567 πό-

2393 3612 2506 3674 δας,
2561 3612 2655 3664 καὶ
2696 3611 2764 3663 τὰ
2794 3611 2926 3663 ἄλλα
2958 3611 3096 3680 μέρη
3129 3610 3624 3682 καταριθμούμενα,
3653 3610 3745 3661 τὸν
3782 3608 3910 3663 αὑτὸν

2397 3703 2597 3771 τρόπον
2627 3702 2687 3752 τὸ
2717 3700 2873 3771 σῶμα
2896 3702 2987 3754 τοῦ
3030 3703 3228 3771 κόσμου
3260 3699 3570 3768 συγκεῖσθαι
3603 3702 3714 3752 πᾶν
3746 3701 3801 3751 ἐκ
3826 3698 3899 3748 τῶν

2395 3792 2817 3862 προειρημένων.
2856 3793 3067 3843 Τούτων
3098 3792 3141 3844 δ’
3173 3792 3400 3843 ἕκαστον
3431 3791 3553 3844 θεὸν
3590 3787 3893 3859 vopiscus!

2395 3881 2755 3950 προσηγορίαν
2796 3880 2927 3932 ίδίαν
2979 3881 3189 3951 ἑκάστῳ
3214 3880 3396 3933 Δθεῖναι
3448 3864 3587 3934 κατὰ
3632 3881 3696 3933 τὸ
3734 3880 3900 3933 οἰκεῖον,

2390 3971 2514 4032 τοὺς
2556 3964 2797 4038 πρώτους
2844 3971 3103 4041 διαλέκτῳ
3156 3972 3525 4043 χρησαμένους
3567 3968 3908 4041 διηρθρωμένῃ

2391 4060 2495 4112 τῶν
2525 4064 2641 4112 κατ’
2681 4062 2948 4129 Αἴγυπτον
2995 4062 3309 4131 ἀνθρώπων.
3339 4062 3410 4114 Τὸ
3470 4061 3565 4131 μὲν
3610 4056 3704 4112 οὖν
3734 4056 3911 4123 πνεῦμα

2392 4151 2488 4201 Δία
2544 4151 2997 4220 προσαγορεῦσαι,
3020 4152 3554 4223 μεθερμηνευομένης
3589 4150 3691 4219 τῆς
3729 4147 3913 4210 λέξεως

2395 4242 2473 4303 ὃν,
2524 4242 2689 4294 αἴτιον
2730 4242 2857 4295 ὄντα
2900 4244 2991 4296 τοῦ
3040 4244 3267 4314 ψυχικοῦ
3308 4245 3418 4304 τοῖς
3461 4240 3638 4304 ζώοις,
3696 4241 3914 4307 ἐνόμισαν

2396 4333 2651 4403 ὑπάρχειν
2683 4336 2894 4394 πάντων
2930 4337 3087 4388 οἱονεί
3116 4332 3237 4388 τινα
3272 4334 3497 4404 πατέρα.
3547 4332 3844 4402 Συμφωνεῖν
3872 4326 3916 4376 δὲ

2394 4422 2596 4485 τούτοις
2642 4424 2769 4490 φασὶ
2809 4424 2902 4476 καὶ
2943 4425 3033 4477 τὸν
3084 4419 3498 4491 ἐπιφανέστατον
3548 4422 3677 4492 παρ’
3728 4420 3915 4485 Ἕλλησι

2399 4514 2633 4583 ποιητῶν
2657 4515 2748 4566 ἐπὶ
2770 4514 2862 4566 τοῦ
2891 4514 3010 4567 θεοῦ
3041 4515 3195 4567 τοῦτο
3216 4514 3457 4581 λέγοντα·

767 4586 924 4653 inest,
966 4601 1154 4643 auctor
1185 4603 1343 4654 esset,
1373 4590 1619 4648 eumdem
1662 4596 1859 4649 idcirco
1884 4613 2060 4649 rerum
2079 4600 2612 4669 omniumquemdam
2630 4604 2783 4671 quasi
2808 4612 3079 4671 parentem
3096 4618 3213 4657 esse
3228 4611 3582 4671 putaverunt;
3619 4602 3707 4654 cui
3735 4606 3898 4654 senten

767 4681 1200 4751 tia:_Grzecorum
1245 4685 1401 4737 etiam
1449 4695 1721 4752 poetarum
1763 4688 1917 4756 longe
1952 4689 2309 4753 clarissimum
2356 4694 2636 4763 suffragari
2670 4695 2839 4757 aiunt,
2886 4710 3008 4747 cum
3062 4694 3125 4748 de
3174 4685 3275 4767 hoc
3315 4694 3535 4747 numine
3564 4694 3639 4746 ita
3668 4692 3916 4761 loquitur:

1100 4773 1296 4828 Parens
1321 4777 1674 4844 hominumque
1695 4778 1958 4846 deumgue.

773 4858 951 4927 Ignem
977 4869 1152 4915 autem
1178 4864 1339 4916 simili
1366 4864 1599 4916 nominis
1626 4866 1970 4931 explicatione
2002 4868 2298 4921 Vulcanum

772 4951 1087 5017 appellasse,
1118 4956 1257 5022 quod
1286 4954 1396 5024 89
1424 4956 1595 5023 ipsum
1625 4971 1873 5023 magnum
1923 4958 2151 5025 aliquem
2186 4974 2303 5014 esse

777 5042 959 5106 deum,
990 5058 1276 5113 rerumque
1305 5047 1544 5099 omnium
1576 5048 1967 5114 generationem
2013 5065 2075 5102 ac
2097 5050 2301 5116 justum

775 5132 1171 5201 perfectumque
1206 5137 1586 5191 incrementum
1633 5140 1917 5206 plurimum
1946 5144 2138 5211 juvare
2159 5144 2301 5196 exis-

778 5222 1048 5275 timarent.
1078 5221 1335 5277 Praaterea
1400 5238 1616 5295 terram,
1642 5231 1784 5299 quod
1816 5246 1928 5284 eam
1973 5247 2151 5285 rerum
2180 5248 2303 5287 nas-

779 5314 1012 5367 rentium
1044 5316 1313 5382 quoddam
1350 5322 1500 5384 quasi
1532 5338 1623 5377 vas
1650 5332 1701 5376 et
1725 5324 2163 5391 conceptaculum
2187 5340 2305 5379 esse

778 5411 1083 5466 censerent,
1104 5404 1329 5455 Matrem
1357 5422 1591 5471 vocasse,
1617 5428 1775 5481 quam
1811 5414 1908 5479 ipsi
1933 5428 2147 5482 quoque
2174 5413 2309 5468 Grae-

782 5485 833 5537 ci
861 5488 1118 5559 Δήμητρα
1153 5490 1275 5560 (hoc
1308 5504 1389 5546 cst
1427 5494 1695 5569 Cererem)
1741 5518 2043 5570 nuncupare
2083 5503 2307 5567 soleant,

788 5576 945 5644 idque
979 5580 1080 5633 levi
1108 5592 1313 5637 tantum
1340 5586 1518 5654 aliqua
1555 5592 1747 5655 prioris
1776 5594 2145 5663 appellationis
2198 5610 2312 5645 mu-

852 5685 962 5753 (Η)
1006 5694 1267 5771 ᾌξούτους.
1314 5694 1589 5771 Diodorus
1620 5698 1829 5756 Siculus
1875 5704 1962 5758 lib.
2000 5719 2035 5769 ι,
2069 5716 2185 5771 pag.
2224 5704 2305 5767 Ην

787 5770 932 5809 nova:
966 5762 1115 5827 edit,
1149 5768 1377 5834 antiquae
1414 5782 1533 5821 vero
1563 5768 1609 5819 7.

2606 4784 2805 4852 Πατὴρ
2830 4784 3061 4852 ἀνδρῶν
3092 4802 3153 4837 τε
3180 4784 3327 4837 θεῶν
3357 4801 3441 4839 τε.

2407 4876 2478 4927 Τὸ
2542 4876 2598 4927 δὲ
2652 4875 2760 4947 πῦρ
2834 4877 3393 4947 μεθερμηνευόμενον,
3448 4876 3764 4949 “Ἥφαιστον
3823 4872 3921 4923 ὸνον

2411 4969 2594 5038 μᾶσαι,
2620 4969 2939 5037 νομίσαντας
2973 4970 3143 5037 μέγαν
3173 4962 3308 5019 εἷναι
3341 4966 3457 5017 θεὸν
3494 4967 3589 5017 καὶ
3618 4962 3782 5017 πολλὰ
3810 4976 3919 5027 συμ-

2407 5057 2687 5110 ϐάλλεσθαι
2729 5060 2891 5111 πᾶσιν
2938 5061 3016 5119 είς
3060 5059 3269 5124 γένεσιν
3318 5057 3408 5110 καὶ
3451 5056 3660 5110 τελείαν
3707 5055 3918 5123 αὔξησιν.

2408 5149 2514 5218 Τὴν
2547 5150 2601 5200 δὲ
2641 5150 2762 5216 γῆν,
2802 5149 2985 5219 ὥσπερ
3014 5150 3229 5217 ἀγγεῖόν
3265 5166 3317 5200 τι
3355 5148 3459 5199 τῶν
3503 5140 3918 5215 φυομένων-ὑπο-
4014 5168 4015 5207 ]

2411 5239 3031 5312 λαμόἁνοντας,Μητέρα
3066 5239 3516 5310 προσαγορεῦσαι·
3544 5239 3640 5292 καὶ
3671 5240 3791 5299 τοὺς
3817 5232 3918 5286 Ἕλ-

2411 5330 2572 5399 ληνας
2614 5331 2669 5381 δὲ
2722 5330 2917 5400 ταύτην
2968 5320 3357 5401 παραπλησίως
3408 5334 3699 5402 Δήμητραν
3747 5328 3916 5385 καλεῖν,

2411 5421 2579 5489 βραχὺ
2628 5422 3005 5492 μετατεθείσης
3035 5423 3121 5475 διὰ
3158 5424 3247 5475 τὸν
3280 5424 3465 5495 χρόνον
3512 5425 3609 5493 τῆς
3648 5424 3847 5487 λέξεωςν
3873 5417 3917 5467 τὸ

2408 5514 2513 5582 γὰρ
2546 5512 2768 5565 παλαιὸν
2798 5514 3150 5584 ὀνομάζεσθαι
3182 5515 3279 5584 τὴν
3312 5516 3410 5585 γῆν
3445 5517 3674 5585 μητέρα,
3708 5512 3917 5575 καθάπερ

2409 5602 2499 5651 καὶ
2524 5602 2611 5652 τὸν
2652 5604 2848 5674 Ὀρφέα
2870 5585 3299 5675 προσμαρτῦρεῖν
3328 5603 3565 5671 λέγοντα·
3676 5617 3690 5629 ’

2488 5710 2592 5775 (42)
2636 5713 2950 5780 (Malam.
2992 5714 3137 5769 Alter
3186 5731 3247 5771 ex
3290 5728 3420 5769 mss.
3474 5712 3715 5770 πλεῖστα,
3766 5717 3915 5770 ncte.

2416 5794 2536 5833 meo
2555 5781 2774 5848 judicio.
