4044 6334
779 426 873 477 167

1424 422 1689 476 ECSEBII
1728 419 2202 475 CJESARIENSIS
2239 419 2387 473 ΟΡΡ.
2430 417 2608 471 PARS
2642 415 2699 470 ll.
2739 446 2805 455 —
2842 414 3333 470 APOLOGETICA.
3890 412 3970 469 168

771 544 945 606 illum,
969 541 1054 595 cui
1084 540 1325 593 nonnulli
1358 539 1634 593 Ammonis
1660 548 2073 607 cognomentum
2112 537 2312 599 fecere;

2429 534 2651 606 Ἑρμῆν.
2679 537 2784 588 Καὶ
2818 535 3029 607 πρῶτον
3058 536 3157 605 μὲν
3183 533 3367 585 ’Ἡλιον
3396 533 3716 602 βασιλεῦσαι
3745 534 3847 584 τῶν
3870 536 3970 586 κατ’

768 629 1036 685 Junoncm
1090 638 1364 697 praeterea,
1394 626 1715 689 Vulcanum,
1750 625 1984 690 Vestam,
2014 635 2318 693 postremo-

770 740 877 793 que
926 722 1271 783 Mercurium,
1307 719 1577 793 ex_iisque
1609 718 1787 771 Solem
1836 716 2050 787 [Egypti
2096 732 2317 785 regnum

771 817 1068 886 principem
1114 815 1374 875 tenuisse,
1410 822 1559 866 astro
1603 811 1808 866 cwlesti
1863 812 2258 877 cognominem.
2296 829 2312 860 ι

773 909 1045 962 Hactenus
1079 921 1108 957 a
1140 905 1296 959 nobis
1349 905 1599 957 laudatus
1666 912 1868 955 auctor.
1897 901 2015 955 Iam
2042 916 2168 955 vero
2196 902 2319 954 Plii-

772 999 992 1054 tarchus
1042 997 1095 1049 in
1155 1012 1242 1054 eo.
1278 996 1422 1063 quod
1471 995 1534 1046 de
1582 993 1723 1046 Iside
1765 994 2001 1062 scripsit,
2037 993 2317 1062 opusculo,

771 1108 891 1160 qua:
924 1099 1218 1158 sequuntur
1263 1089 1330 1141 ad
1379 1088 1610 1141 verbum
1637 1088 1795 1141 habet
1826 1107 1836 1139 ε
1870 1107 1887 1137 ‹
1922 1086 2087 1149 Rem,
2124 1086 2315 1154 inquit,

774 1199 914 1237 novo
941 1200 971 1236 a
1007 1184 1178 1251 capite
1221 1189 1390 1235 totam
1431 1192 1787 1244 arcessentes,
1818 1196 1883 1233 ex
1912 1180 2186 1244 omnibus,
2227 1179 2317 1247 qui

774 1276 1026 1327 subtilius
1079 1274 1280 1341 aliquid
1327 1282 1378 1324 et
1406 1272 1711 1325 accuratius
1738 1272 2103 1339 disputarunt,
2130 1286 2317 1323 eorum

779 1369 832 1420 in
860 1367 1069 1435 primis,
1106 1366 1305 1433 quibus
1333 1364 1649 1431 simplicitas
1674 1364 1846 1431 magis
1874 1372 2052 1415 tamen
2098 1363 2317 1430 placuit,

772 1458 1097 1511 sententiam
1157 1455 1454 1508 videamus.
1509 1454 1665 1508 Tales
1709 1470 1839 1508 vero
1890 1454 1963 1505 illi
2029 1461 2186 1517 sunt,
2226 1455 2318 1518 qui

770 1547 1042 1617 quomodo
1069 1544 1259 1607 Grieci,
1286 1545 1575 1598 Saturnum
1636 1555 1868 1612 tempus,
1916 1543 2180 1597 Junonem
2228 1558 2317 1596 ae-

772 1634 1146 1700 rcm,\'nlcani
1180 1636 1578 1703 generationem
1617 1635 1757 1687 aeris
1789 1634 1841 1685 iu
1880 1632 2048 1699 ignem
2078 1634 2323 1686 mutatio-

777 1743 899 1780 nem
953 1728 1237 1795 allegorice
1280 1728 1722 1794 interpretantur,
1761 1726 1838 1779 sic
1865 1727 2004 1793 apud
2036 1724 2321 1795 ngyptios

770 1818 950 1871 Nilum
1000 1818 1179 1871 Osirin
1231 1832 1350 1871 esse
1402 1819 1613 1878 dicunt,
1643 1818 1733 1885 qui
1761 1834 1883 1871 cum
1912 1817 2071 1881 Iside,
2108 1818 2212 1870 hoc
2238 1806 2336 1869 "est

769 1919 906 1962 terra
966 1908 1378 1976 congredialur;
1405 1907 1715 1977 Typhonem
1744 1924 1871 1959 vero
1896 1921 2063 1969 mare,
2099 1906 2151 1958 in
2177 1908 2320 1972 quod

773 1999 925 2054 Nilus
966 1999 1213 2053 incidens
1246 2009 1551 2052 evanescat.
1590 2018 1607 2049 ι
1644 1999 1851 2063 Quibus
1896 2000 1983 2052 ille
2028 1999 2321 2053 similibus-

773 2106 879 2159 que
908 2090 1365 2149 commemoratis,
1404 2103 1621 2140 rursum
1666 2088 1733 2139 ad
1782 2088 2055 2141 dmmoues
2106 2088 2321 2142 tictitias

772 2182 995 2235 deorum
1025 2180 1249 2239 istorum
1275 2178 1493 2231 fabellas
1521 2186 1756 2239 revocat,
1784 2193 1877 2231 nov
1891 2194 2054 2246 asque
2071 2179 2321 2247 deinceps

776 2284 1038 2322 novarum
1064 2267 1441 2341 allegmiarum
1475 2266 2000 2320 accominodationes
2029 2269 2318 2336 excogitat.

778 2359 889 2430 Ego
936 2375 1060 2413 vero
1099 2358 1405 2434 quarsicrim
1438 2375 1499 2410 ex
1551 2358 1635 2420 iis,
1673 2366 1725 2410 et
1758 2358 1973 2425 quidem
2009 2358 2149 2426 jure,
2182 2377 2319 2428 quo-

778 2464 896 2501 rum
944 2448 1156 2500 tandem
1193 2450 1327 2499 sese
1400 2448 1681 2499 numinum
1734 2461 2015 2514 expressas
2061 2448 2321 2517 imagines

779 2552 1099 2591 conservare
1130 2536 1341 2600 dicant;
1384 2533 1687 2589 dtL‘tllOltum
1716 2537 1819 2591 ne?
1845 2554 1913 2590 an
1944 2540 2106 2607 ignis,
2156 2541 2318 2607 aeris,

768 2641 940 2689 terrae,
1032 2643 1201 2695 aquae,
1257 2644 1322 2680 an
1362 2629 1621 2692 virorum,
1661 2630 2055 2698 mulierumque
2099 2631 2323 2685 simula-

775 2719 989 2773 cra?an
1018 2717 1249 2787 denique
1280 2720 1555 2771 brutorum
1592 2722 1969 2783 animantium,
1997 2737 2060 2774 ac
2084 2720 2321 2775 ferarum

776 2811 1011 2878 ipsarum
1034 2810 1266 2877 ﬁguras?
1292 2809 1421 2862 Nam
1453 2826 1575 2863 cum
1618 2810 1854 2877 ipsimet,
1887 2812 2133 2866 homines
2162 2828 2324 2881 quos-

776 2902 897 2954 dam
930 2904 1181 2953 mortales
1217 2901 1424 2964 eodem,
1460 2916 1566 2968 quo
1597 2902 1761 2954 solem
1797 2917 1860 2953 ac
1902 2911 2092 2955 caetera
2136 2904 2322 2957 mundi

776 2995 1063 3059 elementa,
1088 2994 1306 3046 nomine
1339 3002 1670 3059 procreatos,
1696 2994 2019 3061 eosdemque
2050 2993 2176 3047 deos
2204 2989 2324 3063 pns-

778 3096 862 3137 tca
890 3094 1232 3138 consecratos
1267 3083 1433 3136 fuisse
1461 3085 1758 3137 concedant
1786 3102 1799 3147 ;
1823 3084 1925 3152 91
1964 3087 2322 3153 quorum,ob—

777 3191 951 3240 secro,
980 3192 1191 3245 :equum
1227 3174 1387 3228 fuerit
1427 3176 1686 3243 imagines
1722 3176 1839 3227 illas
1880 3177 2186 3244 ﬁgurasque
2224 3192 2323 3229 no-

776 3268 999 3332 minare,
1028 3284 1162 3337 quas
1192 3268 1244 3320 iu
1274 3268 1580 3320 simulacris
1618 3267 1890 3319 inanimes
1930 3267 2144 3321 cmlatas
2176 3268 2323 3319 VIdC-
2349 3243 2391 3297 (ἶ

774 3358 935 3411 mus?
962 3374 1027 3411 an
1059 3358 1447 3410 elementorum
1480 3356 1639 3423 hujus
1661 3356 1936 3409 universi?
1959 3372 2049 3419 an,
2069 3357 2209 3424 quod
2236 3372 2323 3407 ar-

773 3449 1009 3502 tificiosa
1057 3448 1173 3517 ipsa
1221 3449 1401 3501 vultus
1452 3446 1811 3502 conformatio
1860 3448 2036 3515 palam
2066 3447 2320 3513 ostendit,

777 3539 1087 3593 mortalium
1138 3538 1275 3590 inter
1330 3547 1573 3591 mortuos
1611 3536 1945 3603 iacentium?
1976 3537 2129 3599 Enim
2173 3554 2320 3600 vero,

778 3638 986 3681 taceant
1022 3628 1108 3681 isti
1140 3628 1296 3691 licet;
1329 3628 1526 3682 veritas
1563 3643 1656 3697 per
1686 3643 1743 3681 se
1792 3628 1909 3697 ipsa
1956 3629 2211 3698 loquitur,
2260 3645 2324 3684 ac

777 3732 940 3787 prope
970 3732 1162 3785 magna
1198 3732 1327 3769 voce
1354 3717 1612 3777 clamans,
1642 3731 1757 3779 eos,
1780 3716 1844 3769 de
1870 3716 2064 3784 quibus
2088 3716 2320 3786 agimus,

776 3812 923 3865 viros
951 3810 1214 3879 quosdam
1253 3809 1505 3863 mortales
1537 3808 1702 3862 fuisse
1735 3818 1982 3863 testatur.
2017 3808 2321 3873 Quinetiam

774 3900 1099 3955 Plutarchus
1130 3901 1181 3953 in
1214 3916 1374 3968 Opere
1424 3900 1511 3951 illo
1536 3899 1679 3967 quod
1716 3898 1791 3951 De
1843 3897 1985 3950 Iside
2028 3898 2322 3967 Aigyptiis-

776 4008 871 4061 que
904 3994 1200 4044 numinibus
1235 3993 1493 4060 scriptum
1523 3991 1760 4059 reliquit,
1787 3978 1929 4043 ultro
1946 3990 2180 4058 dataque
2204 4004 2324 4058 ορθ-

776 4097 837 4133 ra
865 4084 1197 4151 singulorum
1247 4083 1514 4150 propriam
1539 4082 1780 4150 corporis
1811 4083 2031 4150 liguram
2062 4082 2325 4135 colorem-

778 4190 883 4240 que
909 4174 1163 4234 declarat,
1204 4175 1287 4226 his
1320 4173 1495 4225 verbis
1528 4190 1541 4223 :
1578 4191 1595 4220 (
1626 4170 1875 4235 Narrant,
1926 4172 2119 4241 inquit,
2159 4172 2324 4241 Egy-

780 4266 875 4333 ptii
921 4261 1245 4318 Mercurium
1280 4264 1500 4317 brachio
1531 4264 1850 4328 breviorem,
1882 4263 2192 4332 Typhonem
2232 4281 2323 4317 ru-

782 4356 914 4419 fum,
944 4352 1163 4408 Martem
1190 4353 1576 4415 candidiorem,
1621 4350 1800 4405 Osirin
1834 4352 2067 4419 denique
2120 4353 2323 4423 nigrio-

781 4462 894 4500 rem
946 4446 1112 4500 fuisse
1147 4465 1159 4498 :
1192 4448 1387 4514 quippe
1436 4444 1527 4513 qui
1574 4454 1765 4496 natura
1811 4443 2054 4495 homines
2078 4446 2323 4515 exstitis—

778 4548 917 4593 sent.
954 4557 971 4588 ι
1018 4536 1144 4591 Hcce
1167 4538 1507 4591 Plutarchus.
1540 4534 1875 4588 Mortuorum
1906 4551 2033 4605 ergo
2066 4536 2167 4589 fuit
2213 4546 2322 4589 tota

780 4632 869 4686 illa
897 4632 1177 4684 numinum
1203 4630 1344 4696 apud
1385 4631 1518 4683 istos
1546 4626 1914 4691 consecratio;
1948 4628 2207 4697 quidquid
2234 4643 2328 4680 au-

780 4732 884 4776 tem
935 4720 1284 4791 physiologia:
1320 4728 1421 4785 est,
1445 4720 1549 4774 hoc
1584 4721 1744 4775 iidem
1775 4730 1960 4792 postea
1997 4722 2325 4773 conﬁnxere.

782 4815 912 4867 Nam
949 4814 1074 4882 quid
1106 4813 1367 4866 attinebat
1403 4813 1455 4866 in
1484 4813 1727 4866 virorum
1782 4828 1845 4867 ac
1888 4813 2176 4867 mulierum
2219 4810 2331 4865 eili-

855 5053 978 5174 (ιξέλ
1162 5055 1373 5120 ἄλλης.
1414 5053 1737 5107 Plutarchus
1776 5054 1845 5106 De
1865 5054 2004 5107 Iside
2030 5064 2076 5106 el
2104 5052 2327 5120 Osiride,

884 5140 913 5174 ο
956 5142 979 5173 .1
1066 5164 1077 5174 .
1147 5162 1159 5173 .

825 5165 836 5177 .
884 5140 979 5175 00.)
1018 5140 1077 5177 υ.
1107 5140 1159 5173 Ζ.

825 5165 836 5177 .
884 5142 979 5175 oo.)
1018 5142 1077 5177 υ.
1107 5142 1159 5173 z.

785 5142 819 5195 ρ
856 5196 965 5260 US)
1005 5194 1359 5244 Λυκούντων.
1402 5192 1743 5256 Plutarchus,
1776 5194 2101 5262 δυναμένων.

857 5266 967 5331 (69)
1010 5264 1186 5314 Αὐτοὶ
1204 5279 1320 5328 μοι.
1365 5263 1579 5316 Vertere
1603 5281 1709 5315 non
1737 5264 1996 5325 dubitavi,
2017 5266 2167 5330 quasi
2198 5263 2332 5315 scri-

777 5330 933 5401 ‘ptu'in
965 5341 1128 5395 esset,
1164 5331 1313 5383 αὐτοὶ
1346 5340 1438 5399 μη.
1474 5334 1615 5401 quod
1649 5348 1841 5387 sensus
1889 5336 2108 5386 omnino
2151 5344 2327 5403 postu-

789 5406 878 5455 iat.

860 5474 965 5539 (50)
1008 5474 1108 5525 Aut
1142 5475 1241 5525 hoc
1273 5471 1555 5539 σωμάτων,
1591 5480 1682 5525 aut
1709 5471 1852 5541 quod
1887 5473 2127 5540 sequitur
2158 5471 2333 5540 σώμα-

786 5557 896 5602 τος,
928 5544 1207 5595 delendum
1242 5544 1464 5595 videtur.

857 5612 966 5679 (51)
1016 5614 1388 5680 Ἰστῳοῦσιν.
1431 5610 1528 5664 Hic
1557 5613 1683 5664 mihi
1723 5611 1994 5665 Plutarchi
2042 5614 2193 5665 locus
2227 5630 2331 5668 non

788 5682 1045 5740 occurrit,
1080 5687 1171 5735 seu
1204 5684 1289 5734 alii
1319 5684 1425 5733 duo
1459 5696 1565 5733 non
1602 5682 1895 5739 absimiles.
1927 5683 2113 5735 eodem
2148 5686 2199 5734 in
2236 5685 2327 5736 lib.

789 5749 862 5801 De
894 5749 1036 5801 Iside
1079 5763 1125 5802 et
1163 5751 1389 5805 Osiride.
1422 5751 1685 5803 Caeterum
1716 5752 2062 5819 γαλιάγκωνα
2095 5756 2327 5821 IPpOsui,

788 5836 883 5894 pro
932 5822 1319 5888 γαληάγκωνοι;
1363 5822 1439 5875 sic
1465 5822 1605 5875 enim
1638 5822 1832 5891 ubique
1863 5825 2137 5886 scribitur,
2172 5832 2221 5875 ct
2251 5828 2330 5878 vel

2425 625 2714 692 Αἴγυπτον,
2746 626 3031 696 ὁμώνυμον
3062 626 3189 678 ὅντα
3225 624 3301 693 τῷ
3337 625 3454 677 κατ’
3479 623 3711 695 οὐρανὸν
3736 624 3924 693 ἄστρῳ.
3952 643 3966 676 ι

2427 717 2609 770 Ταῦτα
2642 719 2739 788 μὲν
2771 715 2862 771 οὖν
2886 722 2914 771 ὁ
2943 719 3199 790 δηλωθεὶς
3233 716 3593 788 συγγραφεύς.
3629 718 3747 768 Καὶ
3776 718 3802 767 ό
3828 716 3970 768 Πλού-

2424 829 2621 881 ταρχος
2663 812 2718 863 δὲ
2753 813 2809 867 ἐν
2837 812 2914 883 τῷ
2951 812 3077 881 περὶ
3117 811 3223 862 τῶν
3267 810 3427 863 Κατὰ
3472 808 3584 877 τὴν
3630 803 3793 861 Ἶσιν
3831 807 3969 862 αὑτοῦ

2428 908 2814 978 συγγράμματι
2857 907 2983 960 τάδε
3024 906 3220 976 γράφει
3253 906 3389 959 κατά
3421 903 3582 968 λέξιν·
3624 922 3644 954 ι
3688 903 3969 974 Ἀπ’ᾰλλης

2427 999 2535 1070 (47)
2569 1000 2623 1073 δὲ
2677 1000 2849 1070 ἀρχῆς
2885 1000 2991 1051 τῶν
3042 996 3463 1067 φιλοσοφώτερόν
3487 1014 3539 1048 τι
3570 993 3756 1062 λέγειν
3783 994 3970 1047 (icui-iw

2424 1110 2530 1145 των
2573 1092 2684 1161 (48)
2735 1094 2861 1154 τοὺς
2914 1091 3313 1153 ἁπλουστάτους
3366 1088 3696 1159 σκεψώμεθα
3758 1088 3966 1155 πρῶτον.

2426 1179 2582 1237 Οὗτοι
2622 1183 2665 1235 δ’
2697 1184 2831 1237 είσὶν
2867 1184 2916 1235 οἱ
2962 1182 3229 1249 λέγοντες.
3267 1181 3454 1251 ὥσπερ
3495 1180 3759 1247 ’Έλληνες
3790 1179 3968 1248 Κρόνον

2425 1273 2779 1343 ἀλληγοροῦσι
2810 1274 2899 1325 τὸν
2932 1273 3140 1344 χρόνον,
3180 1273 3356 1341 ’Ἦραν
3383 1272 3440 1323 δὲ
3470 1271 3560 1323 τὸν
3590 1271 3753 1339 ἀέρα,
3782 1270 3965 1337 γένεσιν

2425 1366 2480 1417 δὲ
2518 1364 2809 1433 Ἡφαίστου
2838 1365 2936 1434 τὴν
2964 1366 3042 1426 είς
3074 1364 3135 1416 τὸ
3164 1363 3273 1435 πῦρ
3306 1364 3463 1434 ἀέρος
3495 1362 3819 1433 μεταϐολὴν,
3852 1363 3966 1414 οὕτω

2428 1459 2551 1526 παρ’
2598 1456 2908 1524 Αἰγυπτίοις
2961 1454 3150 1523 Νεῖλον
3211 1450 3347 1507 εἶναι
3384 1454 3493 1507 τὸν
3545 1456 3785 1524 Ὄσιριν,
3836 1456 3961 1507 Ἴσιδι

2429 1552 2650 1624 συνόντα
2682 1550 2747 1617 τῇ
2783 1550 2872 1617 γῇ,
2908 1546 3135 1614 Τυφῶνα
3176 1545 3232 1597 δὲ
3274 1545 3368 1616 τὴν
3408 1545 3706 1607 θάλασσαν,
3748 1548 3827 1607 είς
3859 1546 3959 1613 ἠνὸ

2426 1638 2612 1700 Νεῖλος
2636 1638 2919 1708 ἐμπίπτων
2942 1636 3279 1705 ἀφανίζεται.
3315 1656 3332 1687 ι
3361 1636 3541 1688 Ταῦτα
3561 1638 3654 1689 καί
3674 1636 3745 1688 τά
3767 1636 3954 1688 τοιαῦτα

2426 1730 2612 1793 εἰπὼν,
2659 1730 2819 1782 πάλιν
2865 1731 2943 1792 είς
2984 1728 3239 1797 δαίμονας
3281 1725 3535 1795 ἀναφέρει
3568 1728 3697 1789 τοὺς
3732 1726 3955 1796 περὶτῶν

2426 1819 2761 1887 δηλουμένων
2810 1819 2943 1871 θεῶν
2993 1818 3211 1887 μύθους.
3255 1818 3363 1869 Καὶ
3406 1817 3562 1869 πάλιν
3602 1815 3776 1877 ἄλλως
3808 1816 3955 1867 citri!-

2360 1898 2397 1948 Π
2426 1910 2574 1972 δωσι,
2611 1909 2703 1961 καὶ
2734 1904 2886 1971 αὖθις
2923 1908 3125 1977 ἑτέρως
3157 1906 3487 1978 ἀλληγορῶν.
3534 1902 3641 1957 ’Ἦν
3680 1907 3725 1958 δ’
3762 1906 3822 1958 ἂν
3847 1908 3954 1959 κατὰ

2425 2000 2579 2069 λόγον
2618 1999 2875 2053 πυθέσθαι
2903 2000 3170 2070 ὁποτέρων
3193 1998 3328 2051 θεῶν
3356 1998 3421 2050 τὰ
3452 1996 3612 2062 ξόανα
3650 1997 3748 2059 τὰς
3774 1998 3949 2049 ἐντετε-

2429 2092 2678 2163 πωμένας
2703 2092 2911 2162 μορφὰς
2939 2090 3126 2154 σώζειν
3144 2093 3416 2160 φήσουσιν·
3454 2088 3659 2159 πότερα
3687 2090 3951 2156 δαιμόνων;

2427 2185 2559 2238 ἀλλά
2575 2184 2761 2254 πυρὸς,
2786 2184 2877 2235 καὶ
2904 2183 3080 2253 ἀέρος,
3106 2184 3197 2235 καὶ
3221 2183 3339 2251 γῆς.
3366 2182 3459 2234 καὶ
3484 2181 3694 2243 ὓδατος,
3726 2181 3756 2250 ἦ
3782 2182 3950 2251 ἀνδρῶν

2429 2278 2519 2328 καὶ
2551 2274 2818 2343 γυναικῶν
2845 2275 3075 2337 εἰκόνας,
3102 2276 3194 2325 καὶ
3226 2272 3377 2336 ζώων
3404 2272 3640 2340 ἀλόγων,
3667 2274 3757 2325 καὶ
3785 2272 3949 2342 θηρίων

2430 2369 2704 2437 agitata;
2747 2366 2894 2419 Ἐπεὶ
2926 2365 3033 2436 γὰρ
3060 2366 3152 2419 καὶ
3192 2366 3325 2435 πρὸς
3356 2364 3531 2417 αὐτῶν
3577 2363 3944 2435 συγκεχώρηται

2428 2458 2726 2529 ὁμωνύμως
2736 2458 2870 2528 ἡλίῳ
2885 2458 2977 2511 καὶ
2994 2461 3104 2519 τοῖς
3126 2457 3351 2510 καθόλου
3374 2457 3657 2527 στοιχείοις
3674 2456 3862 2527 θνητούς
3877 2474 3939 2509 τι-

2427 2566 2522 2612 νας
2540 2549 2736 2619 ἄνδρας
2751 2549 3046 2617 γεγονέναι,
3066 2550 3158 2602 καὶ
3171 2550 3389 2613 τούτους
3403 2550 3554 2613 θεοὺς
3569 2549 3936 2621 ἀνηγορεῦσθαι,

2427 2642 2584 2694 τίνων
2616 2642 2761 2704 είκὸς
2793 2640 2857 2693 ἂν
2899 2641 2982 2711 εἴη
3015 2640 3224 2711 μορφὰς
3269 2637 3405 2695 εἶναι
3444 2642 3540 2695 καὶ
3570 2642 3781 2703 εἰκόνας
3799 2641 3943 2708 λέγειν

2428 2734 2525 2795 τάς
2562 2735 2617 2784 ὲν
2666 2736 2774 2794 τοῖς
2821 2733 3045 2803 ἀψύχοις
3079 2732 3283 2797 ξοάνοις
3330 2733 3570 2801 γλυφάςς
3611 2734 3828 2806 πότερον
3861 2731 3945 2784 τῶν

2431 2826 2656 2879 καθόλου
2688 2826 2980 2895 στοιχείων,
3006 2828 3060 2896 ἣ,
3090 2827 3224 2895 ὅπερ
3247 2827 3340 2879 καὶ
3364 2826 3422 2878 τὸ
3444 2827 3672 2897 ἐναργὲς
3694 2827 3786 2894 τῆς
3809 2826 3943 2894 ὂψεως

2432 2919 2782 2982 ἐπιδείκνυσι,
2817 2918 2921 2970 τῶν
2953 2922 3009 2971 ἐν
3041 2922 3247 2989 νεκροῖς
3269 2919 3531 2989 κειμένων
3554 2918 3793 2989 θνητῶν;

2430 3013 2476 3062 εί
2516 3011 2605 3063 καὶ
2640 3009 2790 3062 αὐτοί
2820 3028 2907 3080 μοι
2941 3010 3050 3081 (49)
3090 3010 3315 3079 λέγοιεν,
3348 3012 3378 3063 δ
3415 3011 3479 3082 γέ
3509 3028 3563 3063 τι
3596 3012 3797 3082 ἀληθὴς
3824 3010 3942 3075 λόγος

2431 3102 2527 3171 βοᾷ
2575 3102 2665 3154 καὶ
2703 3101 2938 3172 κέκραγε
2980 3103 3253 3171 μονονουχὶ
3293 3100 3471 3172 φωνὴν
3513 3102 3713 3173 ἀφιεὶς,
3764 3100 3943 3172 θνητοὺς

2431 3193 2625 3263 ἄνδρας
2656 3194 2942 3263 μαρτυρῶν
2963 3193 3236 3262 γεγονέναι
3267 3195 3391 3256 τοὺς
3425 3194 3797 3264 δηλουμένους.
3838 3192 3941 3245 Ὁᾶ

2430 3283 2766 3352 Πλούταρχος
2809 3283 2901 3335 καὶ
2932 3283 3037 3336 τῶν
3074 3284 3334 3353 σωμάτων
3364 3284 3473 3353 (50)
3505 3284 3689 3337 αὐτῶν
3731 3288 3790 3337 ὲκ
3826 3299 3944 3352 ⁸ταρι-

2429 3372 2610 3435 ουσίας
2640 3374 2727 3425 τὸν
2754 3374 2903 3426 ποιὸν
2932 3376 3230 3447 ὑπογράφει
3255 3374 3347 3428 τοῦ
3378 3374 3630 3446 σώματος
3664 3372 3945 3446 χαρακτῆρα

2429 3468 2485 3517 ὲν
2511 3468 2620 3529 τοῖς
2649 3458 2796 3534 Περῖ
2819 3467 2927 3535 τῆς
2956 3468 3165 3534 Ἴσιδος
3190 3469 3284 3522 καὶ
3310 3467 3427 3521 τῶν
3455 3471 3788 3539 Αἰγυπτίων
3807 3464 3942 3528 θεῶν,

2428 3552 2529 3611 ὧδέ
2555 3577 2670 3623 πως
2706 3560 2894 3627 λέγων’
2934 3580 2953 3610 ι
3005 3560 3292 3632 Ἰστοροῦσι
3320 3560 3427 3632 (51)
3456 3560 3563 3632 γὰρ
3590 3556 3941 3628 Αίγύπτιοιτὸν

2431 3651 2526 3710 μὲν
2566 3651 2767 3722 Ἑρμῆν
2795 3652 2872 3721 τῷ
2906 3651 3113 3722 σώματι
3141 3652 3392 3721 γενέσθαι
3423 3652 3791 3720 γαλιάγκωνα,
3811 3645 3938 3703 τὺνᾶ

2428 3742 2657 3811 Τυφῶνα
2691 3747 2757 3814 τῇ
2798 3746 2955 3814 χροιᾷ
2997 3745 3220 3814 πυρρὸν,
3252 3744 3439 3797 λευκόν
3472 3760 3530 3795 τε
3554 3744 3648 3797 τὸν
3676 3747 3849 3814 Ἀρην,
3870 3736 3935 3792 καὶ

2433 3837 2765 3907 μελάγχρουν
2788 3839 2877 3889 τὸν
2911 3839 3141 3907 Ὄσιριν,
3172 3837 3246 3898 ὡς
3286 3838 3352 3907 τῇ
3383 3836 3540 3905 φύσει
3570 3837 3848 3905 γεγονότας
3866 3833 3928 3885 ἀν·

2431 3926 2693 3996 θρώπους.
2722 3948 2740 3978 ι
2762 3929 2943 3981 Ταῦτα
2960 3932 2986 3981 ὁ
3002 3928 3357 3999 Πλούταρχος.
3388 3930 3614 4002 Νεκρῶν
3644 3933 3756 4001 ἄρα
3777 3932 3805 3997 ἡ
3828 3926 3926 3977 πίει

2429 4019 2602 4071 αὐτῶν
2638 4018 2877 4072 θεοποιία
2918 4022 3217 4092 καθέστηκε
3243 4037 3256 4051 ’
3300 4022 3600 4076 πέπλασται
3627 4023 3677 4076 δ’
3705 4023 3861 4081 αὐτοῖς
3885 4016 3934 4068 τὰ

2429 4111 2526 4180 τῆς
2552 4112 2909 4180 φυσιολογίας.
2942 4112 3004 4164 Τί
3030 4112 3135 4186 γὰρ
3160 4114 3324 4185 ὲχρῆν
3361 4114 3565 4185 ἀνδρῶν
3598 4116 3695 4168 καὶ
3721 4109 3936 4184 γυναικῶν

2432 4208 2677 4276 σχήματα
2707 4206 3087 4270 ζωοπλαστεῖν,
3122 4208 3291 4279 παρὸν
3320 4208 3411 4261 καὶ⁵
3434 4208 3554 4278 δίχα
3571 4207 3774 4260 τούτων
3794 4203 3937 4271 Ἥλιον

2432 4296 2603 4348 σέϐειν
2632 4297 2724 4349 καὶ
2754 4297 3003 4369 Σελήνην,
3038 4299 3131 4352 καὶ
3172 4299 3237 4351 τά
3282 4298 3440 4352 λοιπά
3475 4296 3568 4349 τοῦ
3602 4297 3800 4367 κόσμου
3826 4307 3938 4345 στοι·

2429 4392 2578 4458 χεῖα;
2601 4390 2851 4460 Ποτέροις
2873 4390 2929 4442 δὲ
2950 4390 3171 4453 τούτων,
3194 4391 3285 4442 καὶ
3308 4392 3371 4441 ἐκ
3397 4390 3553 4441 τίνων
3576 4389 3851 4459 ἀρξάμενοι
3866 4382 3939 4443 τὰς

2428 4482 2637 4533 τοιάσδε
2682 4481 3044 4553 προσηγορίας
3088 4482 3461 4552 ὲπεφήμισαν;
3512 4473 3658 4547 οἷον,
3709 4481 3837 4547 λέγω
3870 4475 3939 4527 τὸν

2356 4590 2400 4643 D
2432 4574 2725 4641 Ἥφαιστον
2749 4573 2843 4624 καὶ
2865 4572 2960 4642 τὴν
2988 4572 3231 4642 Ἀθηνᾶν,
3248 4573 3345 4625 Δία
3371 4589 3429 4625 τε
3454 4574 3546 4625 καὶ
3564 4572 3850 4626 Ποσειδῶνα
3869 4564 3940 4619 καὶ

2431 4665 2624 4735 Ἥραν.
2652 4660 2795 4733 Ἄρα
2827 4664 2933 4733 γὰρ
2962 4662 3132 4716 ταῦτα
3155 4663 3262 4717 τῶν
3292 4662 3516 4717 καθόλου
3545 4666 3811 4737 στοιχείων
3836 4657 3941 4729 πρὸν

2426 4774 2481 4807 τε
2493 4774 2578 4825 ρον
2605 4756 2729 4807 ὄντα
2750 4756 3002 4825 ὀνόματα,
3026 4756 3270 4827 δεύτερον
3302 4758 3439 4810 αὐτά
3458 4762 3567 4821 τοῖς
3597 4758 3802 4828 θνητοῖς
3828 4756 3941 4822 ὁμω-

2427 4846 2608 4916 νύμως
2624 4850 2736 4908 τοῖς
2765 4847 3028 4917 οὐρανίοις
3061 4849 3453 4901 ὲπιτεθείκασιν
3471 4866 3484 4877 ·
3514 4849 3548 4918 ἧ
3582 4846 3863 4918 τοῦμπαλιν
3892 4843 3939 4893 ἐκ

2430 5062 2651 5114 brachio
2677 5069 2906 5122 tantum,
2940 5064 3022 5115 vel
3066 5064 3226 5114 etiam
3257 5070 3369 5113 toto
3402 5075 3628 5122 corpore
3676 5058 3936 5113 breviorem

2430 5133 2713 5199 signiﬁcat.
2744 5132 2843 5195 Qui
2880 5144 3052 5183 tamen
3079 5134 3216 5183 hanc
3240 5147 3419 5185 vocem
3448 5130 3554 5183 ἀπὸ
3578 5134 3674 5199 τῆς
3694 5131 3936 5199 γάληςρῖ·

2431 5196 2669 5260 cessum,
2704 5201 2767 5251 iis
2803 5204 2968 5269 inagis
2996 5203 3056 5253 τὸ
3087 5220 3123 5268 η
3157 5203 3382 5270 placeat,
3414 5216 3572 5269 quam
3612 5196 3649 5255 ιζ
3686 5204 3796 5254 Non
3819 5196 3937 5269 absi-

2433 5274 2604 5334 mili-s,
2640 5272 2729 5339 qui
2761 5270 2963 5326 Latinis
2991 5274 3117 5324 oliui
3152 5271 3282 5324 Anci
3328 5272 3662 5325 dieebantur.
3700 5272 3783 5323 Sic
3816 5274 3933 5320 enim

2432 5341 2622 5393 Festus
2647 5338 2671 5401 ξ
2700 5360 2718 5390 ‹
2748 5342 2939 5401 Ancus,
2973 5344 3063 5409 qui
3089 5341 3356 5393 aduncum
3387 5342 3665 5395 brachium
3701 5340 3858 5396 habet.
3894 5338 3937 5380 ιιι

2431 5410 2699 5479 exporrigi
2728 5427 2833 5463 non
2874 5416 3059 5479 possit.
3095 5431 3111 5461 ι
3150 5414 3212 5463 Et
3245 5409 3522 5465 Glossario
3551 5412 3740 5471 veteri,
3769 5409 3935 5480 Anc“.

2431 5497 2653 5535 mancus
2684 5493 2783 5543 est,
2810 5482 3054 5545 κυλλὸς,
3074 5480 3273 5550 λορδός.
3306 5480 3465 5535 Recte
3496 5480 3700 5542 κυλλός.
3721 5480 3935 5550 ls‘ennm

2432 5552 2600 5617 χωλός
2628 5562 2680 5603 et
2711 5552 2990 5620 καμπύλος
3027 5547 3287 5618 ifesychio
3310 5551 3507 5603 dicitur
3524 5570 3542 5613 ;
3573 5563 3627 5602 at
3650 5547 3816 5620 109565
3843 5556 3937 5620 EC“

2432 5613 2599 5672 unum
2629 5613 2806 5688 potius
2841 5613 3418 5689 signiﬁcatfejusmodi
3452 5623 3562 5672 fere
3590 5613 3743 5689 quem
3771 5613 3937 5689 Qui“

2433 5685 2685 5744 vocamus
2728 5685 3005 5743 iourddud.
3038 5685 3207 5744 Varro
3251 5698 3429 5744 tamen
3471 5685 3668 5743 Ancum
3714 5685 3930 5739 Sabinam
4004 5685 4005 5711 ι

2432 5776 2551 5815 esse
2578 5777 2759 5814 Vocem
2790 5762 3011 5829 putavit.
