4044 6334
765 460 856 512 ΓΗ

765 647 923 711 nique
949 645 1002 695 in
1033 657 1116 695 res
1150 624 1456 701 naturales,
1493 636 1628 690 nihil
1670 635 1724 689 in
1756 647 2014 701 corporea
2048 629 2188 683 mole
2220 643 2312 683 ca-

766 745 944 789 rentes
969 732 1318 799 viventesque
1347 727 1847 795 naturas,ipsarum
1867 721 2313 790 interpretatione

764 826 1015 889 conferri.
1045 825 1218 890 Atque
1267 813 1496 876 istorum
1539 819 1701 872 etiam
1741 816 2016 885 plerique,
2070 813 2215 881 quod
2259 812 2312 865 in

765 923 950 969 nostra
974 915 1250 969 voluntate
1283 922 1366 966 est
1396 926 1460 964 ac
1486 916 1751 978 potestate
1779 908 2047 970 situm,ex
2073 904 2314 957 siderum

767 1021 912 1062 motu
939 1021 1258 1075 suspensum
1287 1018 1406 1057 esse
1423 1002 1730 1059 voluerunt,
1751 1007 1942 1051 cuncta
1969 996 2311 1060 necessitate,

769 1099 911 1167 quod
948 1099 1054 1166 ipsi
1084 1096 1251 1148 fatum
1291 1092 1579 1160 appellant,
1611 1090 1690 1143 sic
1733 1100 1986 1155 tanquam
2019 1085 2316 1154 inexplica-

775 1190 969 1240 hilibns
996 1185 1317 1254 quibusdam
1350 1181 1600 1245 vinculis,
1626 1183 1808 1234 nescio
1841 1195 1951 1249 quo
1988 1189 2166 1247 pacto,
2192 1192 2318 1232 eon-

763 1275 1420 1346 stringentes,eademque
1467 1287 1658 1324 rursus
1707 1271 1771 1323 ad
1826 1271 2052 1324 deorum
2087 1269 2315 1322 istorum

772 1366 876 1416 vim
905 1381 967 1416 ac
996 1379 1191 1416 numen
1223 1363 1522 1430 alligantes.
1563 1361 1746 1429 Itaque
1779 1376 1886 1413 non
1910 1361 2048 1413 alios
2091 1360 2204 1412 sive
2261 1358 2317 1411 in

663 1496 672 1501 -
767 1454 1002 1523 templis,
1035 1455 1144 1508 sive
1167 1454 1218 1506 in
1241 1452 1571 1515 simulacris,
1615 1451 1725 1504 sive
1759 1452 1812 1504 in
1861 1450 1981 1505 aliis
2011 1449 2303 1518 ejusmodi,

771 1559 931 1610 quam
985 1540 1212 1610 qni“fati
1244 1541 1388 1607 leges
1421 1540 1656 1600 solvunt,
1693 1548 2038 1592 venerantur.
2078 1557 2097 1589 ι
2142 1539 2316 1607 Atque

772 1637 884 1689 haec
920 1650 948 1687 a
986 1635 1140 1687 nobis
1175 1649 1238 1686 ex
1274 1633 1484 1685 laudata
1517 1631 1802 1700 Porphyrii
1846 1631 2073 1699 epistola
2114 1631 2317 1699 produ-

768 1735 854 1779 cta
875 1735 1055 1790 sunto,
1079 1739 1196 1791 qua:
1231 1723 1466 1791 profecto
1494 1722 1775 1774 manifeste
1811 1721 2104 1786 declarant,
2149 1737 2213 1774 ne
2229 1736 2322 1774 ar-

772 1830 961 1869 canatn
987 1815 1202 1879 quidem
1233 1813 1400 1881 ipsam
1429 1811 1800 1882 A‘Igyptiorum
1825 1812 2148 1882 theologiam
2184 1827 2321 1880 prae-

1405 449 1674 506 EUSEBH
1713 442 2188 516 CESARIENSIS
2223 438 2372 496 OPP.
2416 436 2594 492 PARS
2632 437 2692 490 ll.
2734 468 2800 476 —
2825 434 3333 491 APOLOGETICA.

762 551 1075 620 sphaerium,
1104 547 1186 602 vel
1211 547 1264 601 in
1288 541 1466 600 Nilum
1501 546 1677 612 ipsum
1704 541 1949 602 fluvium,
1976 546 2170 593 cuncta
2210 536 2306 590 de-

2428 532 2744 602 ιὶμαρμένην
2774 528 3013 597 λέγουσι,
3039 529 3216 581 πάντα
3241 528 3664 600 καταδήσαντες,
3688 530 3781 582 καὶ
3807 535 3959 584 πάντα
4018 537 4019 582 1

2412 620 2621 683 τούτοις
2653 619 2955 686 ἀνάψαντες
2994 620 3107 680 τοῖς
3139 616 3299 679 θεοῖς.
3340 617 3493 670 Οὕτω
3522 616 3759 687 λυτῆρας
3795 618 3884 689 τῆς
3903 623 3962 672 εἰ.
4017 647 4019 674 ;

3863 441 3950 495 ΠΞ

2416 711 2699 780 μαρμένης
2726 713 2920 780 μόνους
2965 707 3024 761 ἑν
3067 725 3127 760 τε
3171 709 3333 777 ἱεροῖς
3361 707 3456 761 καὶ
3499 707 3728 772 ξοάνοις,
3759 710 3848 762 ml.
3875 715 3961 774 rei;

2412 802 2588 863 ἀλλοις
2614 800 2994 872 θεραπεύουσι.
3034 817 3054 850 ι
3093 798 3275 851 Ταῦτα
3302 798 3400 869 μὲν
3448 795 3539 852 οὖν
3589 799 3703 852 ἀπὸ
3750 800 3846 868 τῆς
3884 802 3959 872 δη.

2413 889 2673 960 λωθείσης
2721 889 3006 959 ἐπιπολῆς
3056 887 3291 950 κείσθω,
3349 889 3535 958 σαφῶς
3575 889 3958 959 διαγορεύοντα,
4018 943 4019 951 ,

2411 981 2494 1033 ὅτι
2540 980 2635 1033 καὶ
2681 983 2714 1051 ὴ
2762 981 2870 1033 τῶν
2917 980 3226 1047 Αἰγυπτίων
3273 970 3582 1050 ἀπόρρητος
3637 980 3753 1051 (55)
3811 980 3958 1035 θεολο-

2410 1073 2508 1139 γία
2534 1111 2548 1136 ,
2596 1073 2716 1125 οὐδὲ
2763 1072 2956 1134 ἄλλους
3008 1071 3148 1142 πλὴν
3202 1072 3310 1125 τῶν
3367 1073 3489 1124 κατ’
3537 1072 3770 1144 οὐρανὸν
3827 1075 3958 1126 ἀστέ-
4018 1107 4019 1110 η

2419 1180 2546 1234 ρων,
2591 1163 2699 1216 τῶν
2742 1180 2800 1216 τε
2838 1162 3089 1216 ἀπλανῶν
3134 1162 3500 1234 καλουμένων,
3535 1164 3628 1217 καί
3662 1162 3773 1215 τῶν
3801 1165 3959 1234 ὀνομα-

2415 1255 2656 1324 ζομένων
2701 1253 2990 1328 πλανητῶν
3036 1252 3299 1322 ἐοεολόγει
3325 1297 3338 1319 ,
3384 1254 3719 1324 δημιουργόν
3776 1272 3832 1307 τε
3876 1258 3958 1308 τῶν

2417 1346 2550 1397 ὅλων
2580 1345 2821 1414 εἰσῆγεν,
2856 1344 3138 1398 ούτιναοῦν
3171 1343 3488 1415 ἀσώματον,
3532 1346 3656 1398 οὐδὲ
3695 1345 3847 1412 λόγον
3883 1347 3954 1414 δη·
4018 1385 4019 1402 1

2423 1437 2764 1508 μιουργικὸν,
2799 1436 2918 1489 οὐδὲ
2967 1435 3073 1506 μὴν
3116 1437 3254 1502 θεὸν,
3290 1437 3411 1491 οὐδὲ
3457 1437 3640 1500 θεοὺς,
3690 1439 3810 1490 ούδέ
3838 1456 3953 1501 τινας

2420 1528 2612 1600 νοεράς
2634 1528 2726 1580 καὶ
2759 1529 2982 1595 ἀφανεῖς
3003 1526 3289 1597 δυνάμειςσ
3320 1528 3476 1598 μόνον
3506 1528 3564 1581 δὲ
3593 1528 3688 1580 τὸν
3717 1527 3952 1598 ὁρώμενον

2419 1620 2595 1688 ἥλιον·
2622 1618 2703 1671 διὸ
2733 1619 2826 1670 καὶ
2861 1619 3040 1688 μόνοις
3060 1621 3173 1681 τοῖς
3204 1619 3418 1689 ἄστροις
3445 1620 3544 1688 τὴν
3571 1617 3683 1671 τῶν
3714 1619 3842 1672 ὅλων
3860 1622 3952 1672 ἁνε-
4018 1617 4019 1670 ξ

2419 1710 2636 1763 τίθεσαν
2683 1710 2860 1761 αἰτίαν
2882 1749 2896 1772 ,
2930 1708 2998 1760 τὰ
3031 1709 3207 1761 πάντα
3253 1709 3588 1778 εἱμαρμένης
3629 1707 3951 1773 ἐξάπτοντες,

2422 1802 2515 1854 καὶ
2547 1801 2647 1870 τῆς
2677 1799 2784 1852 τῶν
2816 1800 3028 1868 ἄστρων
3059 1798 3323 1870 κινήσεώς
3349 1816 3406 1851 τε
3439 1800 3530 1852 καὶ
3556 1801 3732 1870 φορᾶς
3753 1817 3766 1829 ·
3804 1799 3951 1867 ὥσπερ

771 1915 851 1957 ter
882 1903 1000 1955 (τοι)ιί
1043 1903 1244 1966 stellas,
1277 1911 1387 1954 tum
1425 1917 1544 1970 qua:
1586 1910 1894 1957 constantes
1927 1917 1991 1956 ac
2029 1902 2167 1967 lixae,
2205 1913 2317 1956 tum

2428 1890 2608 1961 ἀμέλει
2635 1889 2801 1941 εἰσέτι
2827 1887 2924 1941 καὶ
2950 1887 3046 1942 νῦν
3072 1888 3164 1959 ἥδε
3201 1891 3331 1959 παρ’
3365 1889 3544 1951 αὐτοῖς
3575 1890 3903 1960 κεκράτηκεν
3926 1893 3946 1958 ἡ

772 2010 890 2062 qme
914 2003 1158 2049 errantes
1176 1995 1332 2064 vulgo
1364 1995 1732 2057 nominantur,
1768 1994 1903 2048 alios
1931 1995 2071 2048 ullos
2095 1988 2320 2048 deorum

770 2084 875 2154 93
911 2085 960 2136 in
992 2099 1215 2137 numero
1251 2084 1564 2148 collocasse,
1591 2085 1697 2137 imo
1733 2098 1830 2136 nec
1856 2084 2100 2150 corporis
2132 2099 2324 2152 exper-

773 2186 876 2227 tum
929 2175 1160 2241 aliquem
1213 2173 1372 2240 hujus
1423 2173 1786 2226 universitatis
1833 2173 2180 2225 architectum
2216 2183 2324 2226 sta-

772 2265 957 2323 tuisse,
990 2277 1085 2315 nee
1119 2263 1314 2315 rationi
1366 2261 1641 2323 cfl‘cctriei,
1691 2276 1790 2315 nec
1816 2262 1917 2316 deo
1952 2260 2123 2317 diisve
2169 2265 2322 2329 ullis,

773 2365 867 2405 aut
884 2353 1298 2421 intelligentibus
1323 2353 1642 2422 quibusdam
1679 2368 1741 2407 ac
1766 2353 1866 2406 sub
1891 2353 2076 2408 oculos
2105 2355 2326 2410 minime

773 2443 1086 2496 cadentibus
1109 2428 1335 2508 naturis,
1368 2444 1457 2497 sed
1483 2443 1572 2496 uni
1603 2445 1861 2499 duntaxat
1883 2446 2196 2514 aspectabili
2223 2446 2324 2501 soli

771 2532 892 2600 ejus
927 2532 1255 2586 molitionem
1278 2534 1550 2588 tribuisse.
1580 2534 1761 2604 Itaque
1791 2536 1922 2589 solis
1956 2537 2116 2591 astris
2148 2554 2325 2591 rerum

775 2629 1143 2681 universarum
1179 2643 1396 2682 causam
1431 2629 1816 2698 assignarunt,
1862 2647 1924 2683 ex
1956 2629 2048 2683 fati
2098 2631 2332 2685 necessi-

772 2729 900 2781 tate,
929 2719 1273 2787 siderumque
1305 2726 1447 2771 motu
1480 2727 1530 2772 et
1564 2719 1852 2786 agitatione
1883 2728 2075 2773 cuncta
2110 2735 2329 2786 suspen-

772 2810 988 2871 dentes;
1015 2823 1134 2878 qum
1165 2807 1380 2876 quidem
1403 2807 1583 2876 opinio
1616 2808 1755 2877 apud
1785 2808 1905 2861 illos
1933 2808 2196 2876 hodieque
2221 2808 2328 2860 vim

773 2898 961 2952 retinet
987 2913 1158 2951 suam.
1189 2895 1339 2950 Nune
1372 2912 1520 2964 ergo,
1551 2912 1672 2950 cum
1708 2906 1760 2950 et
1792 2906 1902 2950 tota
1958 2895 2329 2967 Aigyptiorum

774 2989 1140 3056 interpretatio
1174 3002 1282 3040 non
1313 2986 1422 3055 jam
1462 2987 1513 3038 in
1553 3002 1775 3054 corpore
1820 2987 2018 3041 liberas
2063 2988 2330 3042 viventes-

776 3096 878 3147 que
903 3085 1143 3141 naturas,
1179 3077 1272 3131 sed
1323 3077 1375 3130 in
1423 3093 1483 3129 ea
1531 3087 1770 3142 tantum,
1806 3092 1926 3144 quae
1953 3079 2193 3147 quotidie
2224 3095 2332 3133 cer-

778 3181 996 3234 nuntur,
1027 3169 1207 3222 mundi
1257 3167 1416 3236 hujus
1457 3169 1717 3222 elementa
1761 3168 2101 3234 conferatur,
2147 3180 2198 3225 et
2227 3171 2330 3225 ele—

2418 1983 2563 2048 δόξα.
2609 1983 2672 2034 Εἰ
2717 1981 2895 2033 τοίνυν
2937 1981 3015 2043 εἰς
3052 1982 3210 2051 μόνον
3241 1980 3324 2034 τὰ·
3359 1979 3609 2052 ὁρώμενα
3642 1981 3738 2034 τοῦ
3791 1982 3946 2052 κόσμου

2423 2074 2679 2141 στοιχεῖα,
2712 2071 2807 2124 καὶ
2835 2069 2984 2123 οὐδὲν
3012 2072 3091 2136 εἰς
3126 2070 3446 2141 ἀσωμάτους
3480 2072 3574 2125 καὶ
3599 2070 3781 2136 ζώσας
3807 2072 3946 2132 οὐσίας

2421 2169 2753 2239 ἡρμήνευται
2798 2171 2913 2230 τοῖς
2971 2168 3315 2236 Αἰγυπτίοιςο
3369 2165 3437 2218 τὰ
3494 2165 3551 2218 δὲ
3605 2169 3836 2236 στοιχεῖα
3883 2165 3952 2218 καὶ
4018 2219 4019 2232 ,

2423 2260 2597 2313 πάντα
2638 2258 2708 2311 τά
2740 2259 2912 2330 ὁρατά
2955 2258 3198 2330 σώματα,
3241 2257 3319 2328 τῷ
3351 2257 3467 2329 ἰδίῳ
3498 2249 3643 2327 λόγῳ
3684 2258 3849 2328 ἄψυχα
3881 2255 3953 2309 καὶ
4017 2259 4019 2328 Ῑ

2424 2349 2610 2418 ἄλογα,
2637 2350 2838 2421 ρευστά
2870 2368 2930 2403 τε
2965 2350 3064 2421 τὴν
3093 2350 3250 2419 φύσιν
3279 2351 3369 2402 καὶ
3407 2348 3617 2421 φθαρτά
3655 2349 3950 2418 καθέστηκε·

2425 2442 2520 2495 θέα
2551 2443 2628 2504 εἰς
2659 2437 2746 2494 οἷα
2777 2442 2938 2495 πάλιν
2980 2440 3156 2495 αὐτῶν
3196 2442 3624 2494 καταπεπτωκεν
3673 2439 3945 2510 ήθεολογία,

2421 2532 2518 2604 τὴν
2544 2532 2747 2602 ἄψυχον
2779 2533 2986 2597 οὐσίαν,
3013 2532 3106 2586 καὶ
3137 2531 3206 2586 τὰ
3241 2533 3408 2603 νεκρά
3431 2534 3523 2586 καὶ
3544 2531 3738 2604 ,ἀψυχα
3764 2530 3950 2600 σώματα

2426 2623 2738 2690 θειάζουσα,
2777 2625 3011 2695 μάλιστα
3042 2625 3130 2676 ὅτε
3175 2625 3253 2685 εἰς
3299 2625 3618 2693 ἀσωμάτους
3675 2623 3762 2675 καὶ
3794 2622 3950 2691 νοερᾶς

2426 2719 2608 2782 οὐσίας
2641 2719 2791 2771 οὐδὲν
2835 2718 3016 2780 αὐτοῖς
3063 2718 3389 2787 ἀνεφέρετο,
3435 2716 3556 2769 οὐδὲ
3605 2717 3705 2769 ἐπὶ
3739 2713 3846 2769 νοῦν
3880 2712 3952 2765 καὶ

2427 2807 2582 2874 λόγον
2613 2807 3000 2877 δημιουργικὸν
3044 2805 3152 2858 τῶν
3189 2806 3341 2857 ὅλων.
3395 2805 3544 2857 Ἐπεὶ
3583 2804 3638 2857 δὲ
3685 2801 3952 2875 προωμολοο

2430 2899 2568 2970 γήθη
2603 2898 2689 2952 διὰ
2724 2898 2832 2951 τῶν
2866 2897 3099 2969 πρόσθεν
3125 2899 3204 2959 εἰς
3238 2897 3500 2966 ’Έλληνας
3527 2897 3656 2964 παρ’
3689 2894 3951 2964 Αἰγυπτίων

2427 2989 2496 3044 τὰ
2524 2990 2623 3059 τῆς
2655 2989 2930 3058 θεολογίας
2966 2988 3440 3060 μετακεκομίσθαι,
3475 2987 3591 3056 ὥρα
3618 2987 3823 3047 τούτοις
3848 3001 3949 3036 στοι-

2430 3084 2540 3150 χεῖν
2572 3083 2664 3134 καὶ
2693 3082 2977 3152 Ἕλληνας,
3012 3080 3106 3133 καὶ
3131 3079 3198 3132 τὰ
3235 3077 3718 3146 αὑτάνηΑἰγυπτίοις
3757 3075 3952 3145 φυσιολο-

2431 3172 2566 3237 γεῖν,
2589 3170 2982 3241 ἀπελέγχεσθαί
3006 3187 3063 3223 τε
3087 3170 3280 3232 αὐτοὺς
3306 3169 3453 3221 οὐδὲν
3481 3169 3638 3221 πλέον
3668 3171 3766 3238 τῆς
3790 3167 3952 3236 ἀψύχου

779 3268 955 3334 menta
988 3261 1086 3314 ista
1112 3261 1227 3313 sine
1255 3262 1461 3324 animo,
1505 3261 1618 3313 sine
1653 3262 1858 3314 ratione
1881 3302 1896 3326 ,
1925 3276 1988 3315 ac
2022 3260 2179 3316 ﬂuxae
2211 3278 2327 3331 per-

2433 3232 2566 3330 ύλης
2611 3232 3003 3325 θεοποιοῦντας.
3035 3263 3217 3315 Ταῦτα
3249 3262 3356 3330 γὰρ
3385 3258 3452 3332 ἦν
3499 3259 3568 3312 τὰ
3620 3232 3795 3329 σεμνά
3829 3232 3951 3323 Αἰγυ-

775 3355 1058 3422 ruinisque
1093 3362 1316 3419 naturae,
1344 3353 1602 3422 peculiari
1633 3353 1864 3421 quadam
1915 3363 2169 3424 certaque
2213 3355 2327 3409 fue—

777 3445 882 3496 rint
913 3445 1118 3498 ratione
1145 3455 1424 3513 procreata
1453 3462 1464 3498 :
1501 3444 1619 3497 vide
1650 3459 1829 3513 porro,
1853 3460 2086 3514 quonam
2115 3445 2331 3513 delapsa

777 3533 848 3586 sit
875 3535 1151 3588 hominum
1189 3535 1414 3588 istorum
1446 3535 1732 3604 theologia,
1758 3550 1878 3603 quae
1907 3545 2155 3596 naturam
2183 3550 2333 3590 men-

781 3625 848 3677 tis
873 3633 1163 3691 expertem,
1195 3635 1516 3693 mortuaque
1567 3635 1621 3678 et
1672 3625 1740 3678 ab
1772 3607 1929 3682 omni
1951 3640 2114 3679 sensu
2164 3641 2330 3680 vacua

779 3728 1003 3782 corpora
1056 3714 1334 3767 numinum
1389 3713 1559 3767 instar
1606 3699 1978 3778 consecrarit,
2033 3718 2328 3785 prmsertim

780 3820 900 3856 cum
938 3804 1068 3857 nihil
1101 3819 1326 3872 prorsus
1371 3804 1439 3856 ab
1475 3804 1662 3858 iisdem
1698 3805 1780 3858 vel
1814 3806 1879 3859 ad
1915 3806 2220 3875 spirituales
2250 3807 2331 3860 in-

779 3894 1183 3962 telligentesque
1223 3903 1464 3959 naturas,
1496 3895 1580 3948 vel
1617 3895 1684 3949 ad
1713 3905 1943 3949 mentem
1975 3897 2144 3964 ipsam
2171 3909 2332 3966 atque

779 3985 1036 4038 rationem
1074 4000 1250 4039 rerum
1279 3985 1696 4052 procreatricem
1735 3987 1986 4064 omnium
2019 3986 2326 4040 referretur.

781 4073 911 4125 Cum
962 4081 1136 4126 autem
1191 4087 1257 4126 ex
1307 4073 1371 4126 iis
1415 4089 1535 4142 qua:
1564 4083 1691 4149 ante
1725 4089 1756 4127 a
1791 4075 1945 4129 nobis
1974 4075 2134 4128 allata
2168 4084 2330 4138 sunt,

784 4162 1033 4231 tanquam
1064 4172 1266 4217 certum
1294 4172 1344 4216 et
1371 4161 1676 4217 confessum
1723 4163 2041 4226 habeamus,
2073 4165 2140 4217 ab
2168 4161 2344 4233 Egy-'

782 4254 907 4322 ptiis
934 4254 997 4305 ad
1028 4254 1241 4308 Grzecos
1275 4255 1516 4308 traducta
1549 4252 1716 4308 fuisse
1741 4254 2026 4323 theologia:
2056 4256 2331 4323 mysteria,

786 4355 992 4411 tempus
1018 4345 1199 4412 utique
1228 4355 1331 4409 est,
1379 4355 1435 4399 ut
1481 4361 1667 4400 eorum
1718 4346 1784 4400 ad
1842 4345 2069 4401 classem
2121 4345 2334 4400 Graecos

783 4436 940 4486 etiam
974 4436 1119 4503 ipsos
1145 4451 1488 4506 aggregemus
1511 4477 1525 4497 ,
1560 4437 1787 4505 illosque
1824 4452 1923 4492 nec
1953 4436 2221 4490 diversam
2267 4437 2334 4490 ab

784 4524 1048 4594 Egyptiis
1102 4525 1512 4592 phil050phandi
1561 4526 1822 4579 rationem
1881 4526 2171 4597 habuisse,
2234 4540 2336 4579 nec

782 4627 972 4683 prazter
998 4614 1286 4666 inanimam
1302 4612 1586 4681 quamdam
1617 4616 1892 4669 materiam
1910 4617 2002 4669 ulli
2020 4607 2240 4669 omnino
2262 4616 2339 4669 rei

783 4704 1116 4758 divinitatem
1143 4702 1354 4756 dedisse
1375 4703 1778 4758 convincamus.
1813 4707 1921 4758 ista
1941 4707 2138 4774 quippe
2169 4721 2340 4774 augu-

765 4801 866 4852 sta
903 4789 1275 4861 zEgyptiorum
1306 4799 1456 4844 erant
1491 4791 1732 4854 numina,
1779 4794 2226 4860 quemadmodum
2254 4793 2341 4848 ille

789 4885 920 4950 ipse,
955 4898 1114 4952 quem
1152 4881 1310 4950 paulo
1367 4889 1490 4934 ante
1540 4883 1721 4943 citavi,
1779 4883 2105 4954 Porphyrius
2155 4894 2341 4937 auctor

791 4980 874 5024 est
893 4972 1022 5042 (56),
1040 4972 1166 5025 dum
1186 4973 1237 5024 in
1263 4972 1346 5036 iis,
1365 4987 1500 5040 quos
1521 4971 1592 5023 De
1610 4973 1850 5040 fugiendo
1875 4991 2046 5027 rerum
2069 4975 2340 5027 animata-

795 5077 909 5113 rum
929 5077 1014 5113 esu
1030 5064 1365 5130 conscripsit,
1389 5063 1453 5115 de
1472 5062 1659 5115 iisdem
1686 5063 1825 5114 hunc
1852 5064 1903 5115 in
1925 5065 2142 5118 modum
2162 5062 2339 5132 loqui-

795 5161 884 5203 tur
925 5167 936 5201 :
981 5168 998 5198 ‹
1035 5151 1113 5202 Illi
1147 5161 1322 5204 autem
1355 5153 1424 5205 ab
1450 5153 1551 5205 hoc
1575 5151 1972 5206 exercitationis
2015 5167 2246 5222 genere,
2288 5160 2343 5205 et

793 5241 923 5297 inita
963 5257 1084 5297 cum
1127 5243 1308 5296 divino
1346 5244 1566 5303 numine
1614 5241 1976 5296 familiaritate
2026 5242 2338 5312 progressi,

865 5402 976 5469 (55)
1026 5399 1387 5468 Ἇπόρῤητος.
1429 5398 1506 5451 lta
1553 5414 1683 5454 mss.
1729 5397 1910 5459 ambo,
1955 5412 2061 5450 non
2113 5397 2338 5468 ὲπίρῤη-

2431 3350 2601 3402 πτίων
2632 3351 2773 3404 κατά
2800 3351 2896 3421 τὴν
2931 3351 3019 3404 τοῦ
3060 3352 3425 3421 δεδηλωμένου
3468 3351 3821 3420 συγγραφέως
3855 3365 3958 3418 γρα-

2434 3431 2568 3512 ᾢήν·
2594 3443 2738 3505 ὅστις
2789 3442 2948 3495 πάλιν
2995 3445 3052 3494 ὲν
3097 3438 3177 3505 οἷς
3225 3442 3499 3513 ἐπέγραψε
3534 3441 3674 3508 Περί
3733 3441 3834 3508 τῆς
3869 3437 3957 3491 τῶν

2431 3531 2714 3600 ἐμψύχων
2741 3532 2997 3602 ἀποχῆς,
3035 3533 3254 3585 τοιαῦτα
3295 3532 3421 3602 περὶ
3452 3530 3557 3583 τῶν
3594 3531 3773 3584 αὐτῶν
3805 3528 3954 3593 διέξει-

2434 3638 2537 3674 σιν·
2571 3643 2589 3673 ‹
2628 3623 2759 3676 Ἀπὸ
2785 3623 2842 3675 δὲ
2867 3622 3068 3691 ταύτης
3103 3623 3408 3693 ὁρμώμενοι
3434 3623 3534 3691 τῆς
3566 3623 3862 3699 ἀσκήσεως,
3886 3617 3953 3669 καὶ

2430 3714 2527 3783 τῆς
2559 3713 2693 3784 πρὸς
2713 3715 2771 3766 τὸ
2790 3714 2942 3767 Θεῖον
2977 3714 3316 3775 οἰκειώσεως,
3348 3713 3587 3780 ἔγνωσαν
3616 3712 3697 3774 ὼς
3728 3712 3784 3764 οὐ
3810 3711 3865 3762 δι’
3887 3709 3933 3759 ἀν

2432 3805 2650 3875 θρώπου
2685 3805 2844 3875 μόνου
2875 3805 2934 3859 τὺ
2973 3807 3125 3859 Θεῖον
3155 3805 3363 3875 διῆλθεν
3382 3820 3394 3833 ο
3419 3800 3541 3854 οὔτε
3571 3801 3724 3874 ψυχὴ
3767 3804 3818 3853 ὲν
3839 3799 3942 3868 μόνῳ

2437 3895 2706 3967 ἀνθρώπῳ
2757 3897 2852 3950 ἐπὶ
2909 3896 3012 3965 γῆς
3061 3897 3504 3965 κατεσκήνωσεν,
3557 3892 3698 3945 ἀλλὰ
3744 3888 3938 3962 σχεδὸνῆ

2432 3984 2568 4054 αὐτὴ
2597 3984 2682 4038 διά
2723 3984 2938 4038 πάντων
2970 3981 3100 4054 ἦλθε
3146 3983 3255 4036 τῶν
3298 3981 3470 4046 ζώων.
3501 3981 3592 4034 Διὸ
3639 3984 3727 4046 εἰς
3757 3981 3833 4049 τὴν
3858 3979 3946 4027 θεοι-

2434 4074 2612 4126 ποιῖαν
2644 4073 2945 4144 παρέλαϐον
2980 4074 3084 4125 πᾶν
3123 4072 3277 4136 ζῶον,
3306 4071 3396 4123 καὶ
3439 4072 3640 4139 ὀμοίως
3675 4089 3780 4124 που
3807 4067 3952 4134 ἀνέμι·

2435 4161 2529 4227 ξαν
2562 4161 2720 4234 θηρία
2749 4157 2842 4215 καὶ
2871 4161 3204 4232 ἀνθρώπους,
3235 4163 3325 4215 καί
3356 4162 3514 4214 πάλιν
3533 4161 3739 4231 ὀρνέων
3772 4159 3955 4227 σώματι

2437 4253 2525 4305 καὶ
2555 4252 2870 4323 ἀνθρώπων.
2903 4254 3162 4305 Εῑκασται
3201 4254 3306 4322 γάρ
3339 4271 3419 4315 τις
3452 4253 3578 4323 παρ’
3616 4253 3799 4314 αὐτοῖς
3831 4247 3956 4318 μέχρι

2433 4345 2699 4414 τραχήλου
2735 4344 3168 4414 ἀνθρωποειδὴς,
3196 4345 3255 4395 τὸ
3295 4343 3351 4395 δὲ
3392 4343 3680 4413 πρόσωπον
3713 4336 3956 4412 ὁρνέου,ἦ

2433 4426 2722 4505 λέοντος,
2754 4433 2912 4487 ἄλλου
2942 4434 3086 4496 τινὸς
3117 4432 3254 4497 ζώου
3299 4431 3662 4502 κεκτημένος·
3710 4430 3804 4484 καὶ
3833 4428 3958 4480 πάλιν

2436 4520 2500 4577 αὖ
2531 4509 2738 4594 κεφαλὴ
2762 4522 3114 4594 ἀνθρώπειος,
3151 4524 3244 4575 καὶ
3271 4521 3444 4575 ἀλλων
3467 4521 3627 4573 τινῶν
3654 4521 3806 4585 ζώων
3828 4522 3959 4591 μέρη.

2442 4615 2516 4685 ’πῆ
2549 4614 2648 4684 μὲν
2679 4613 3030 4683 ὗποκείμενα,
3066 4614 3140 4683 πῆ
3162 4613 3216 4664 δὲ
3245 4612 3579 4682 ἐπικείμενα.
3607 4612 3685 4665 Δι’
3715 4606 3788 4666 ὧν
3809 4608 3963 4678 δηλοῦ-

2441 4723 2544 4770 σιν,
2571 4707 2652 4760 δτι
2684 4707 2823 4758 κατά
2853 4698 3074 4775 γνώμην
3099 4704 3234 4757 θεῶν
3265 4706 3358 4756 καὶ
3390 4703 3561 4757 ταῦτα
3607 4704 3850 4776 ἀλλήλοις
3877 4714 3964 4753 κοι-

2439 4797 2613 4861 νωνεῖ,
2648 4797 2741 4850 καὶ
2765 4794 3036 4865 σύντροφα
3061 4797 3190 4866 ἡμῖν
3222 4796 3312 4848 καὶ
3343 4795 3573 4850 τιθασσά
3613 4795 3729 4847 ἐστι
3757 4794 3861 4846 τῶν
3884 4791 3961 4858 Θη-

2442 4885 2571 4955 ρίων
2619 4885 2687 4936 τά
2728 4883 2930 4954 ἄγρια,
2966 4885 3064 4937 οὐκ
3106 4886 3230 4939 ἄνευ
3273 4886 3416 4948 τινὸς
3465 4884 3614 4947 θείας
3664 4883 3962 4953 βουλήσεως·

2445 4975 2601 5027 Ὅθεν
2623 4975 2715 5028 καὶ
2746 4977 2774 5026 ὁ
2803 4974 2937 5027 λέων
2965 4975 3039 5039 ὡς
3072 4975 3190 5039 θεὸς
3213 4975 3590 5048 θρησκεύεται,
3617 4975 3713 5027 καὶ
3747 4973 3901 5043 μέρος
3925 4984 3965 5018 τι

2439 5065 2535 5135 τῆς
2565 5064 2855 5133 Αἰγύπτου,
2885 5063 2913 5115 ὃ
2936 5065 3154 5119 καλοῦσι
3181 5065 3362 5135 νομὸν,
3386 5063 3668 5133 ἐπώνυμον
3697 5063 3809 5132 ἔχει
3831 5065 3966 5114 Λεον-

2439 5155 2740 5225 τοπολίτην,
2771 5153 2896 5206 ἄλλο
2923 5155 2980 5207 δὲ
3024 5156 3338 5226 Βουσιρίτην
3359 5194 3372 5220 ,
3411 5154 3504 5206 καὶ
3543 5154 3670 5207 ἄλλο
3701 5150 3967 5212 Κυνοπολί-

2440 5264 2536 5316 την
2565 5247 2696 5316 (57).
2735 5245 2843 5316 Τὴν
2872 5246 2978 5316 γάρ
3003 5248 3093 5299 ἐπὶ
3125 5247 3300 5298 πάντα
3341 5245 3567 5313 δύναμιν
3604 5245 3692 5297 διὰ
3724 5244 3833 5299 τῶν
3866 5258 3966 5296 συν-

2510 5396 2621 5467 (57)
2661 5397 3096 5467 Κρνοπολίτην.
3140 5395 3388 5467 Excusus
3431 5394 3591 5467 alterg
3622 5392 3783 5448 habet
3817 5393 3970 5444 Λυκου

794 5488 903 5532 τος,
937 5481 993 5524 ut
1023 5478 1147 5524 ante
1178 5469 1471 5537 legebatur.

867 5541 975 5609 (56)
1019 5538 1188 5592 Locus
1231 5534 1326 5609 est,
1354 5534 1631 5609 Porphyrii
1673 5536 1767 5590 lib.
1816 5551 1867 5587 Iv
1902 5535 2076 5601 :Hspl
2127 5537 2332 5609 dxox.,

798 5605 1004 5662 duribus
1031 5609 1121 5661 fol.
1152 5616 1268 5676 post
1315 5607 1798 5676 initiuinjrecent.
1852 5613 2031 5658 autem
2066 5605 2335 5676 _editionis

800 5693 918 5747 pag.
951 5677 1067 5729 572.
1097 5673 1288 5744 magna
1307 5677 1520 5747 quidem
1551 5674 1624 5747 ibi
1648 5675 1933 5728 lectionum
1966 5673 2198 5747 varietas
2231 5683 2333 5747 est,

799 5741 966 5815 eaque
1010 5760 1147 5814 saepe
1180 5741 1283 5797 non
1315 5741 1681 5815 improbanda,
1710 5747 1903 5813 sapius
1940 5743 2210 5799 mendosa,
2248 5741 2327 5797 ιη.

801 5823 1106 5884 terprctcm,
1136 5817 1180 5868 si
1207 5815 1369 5877 lubet,
1404 5814 1646 5867 consule.

2439 5461 2678 5536 πολίτὴν,
2715 5465 2893 5536 Elige.
2932 5461 3171 5533 Utroque
3207 5465 3425 5518 nomine
3457 5462 3968 5536 praefecturasng
4018 5461 4019 5464 “

2437 5545 2562 5602 plus
2592 5526 2828 5597 habuit:
2859 5535 2926 5588 de
2971 5526 3167 5603 quibus
3218 5548 3283 5587 ac
3323 5526 3532 5603 caeteris
3560 5533 3786 5587 consule
3812 5526 3972 5603 Ptole-
4018 5537 4019 5596 ξ

2438 5597 2652 5666 inaeum,
2697 5597 3014 5659 Strabonem
3057 5597 3592 5668 lib.2xvu;.Plinium
3633 5603 3724 5655 lib.
3759 5613 3894 5663 τσο.
3924 5597 3969 5647 9ο
4018 5609 4019 5666 ξ

2437 5671 2557 5748 Eon
2590 5673 2783 5748 deest,_
2789 5673 2842 5726 in
2870 5688 2979 5748 quo
3002 5672 3079 5725 illi
3101 5671 3430 5748 discrepent:
3454 5670 3719 5748 misit-ite:
3740 5668 3967 5748 quidem,
4018 5671 4019 5748 ξ

2436 5741 2722 5814 Ptolemaeo
2746 5739 3083 5814 Βουσιρίτης,
3116 5748 3175 5794 ut
3226 5739 3345 5804 hic;
3374 5739 3675 5814 __St_ra_boni,
3702 5747 3757 5794 et
3784 5750 3970 5814 esenso
4018 5739 4019 5814 ξ

2437 5809 2755 5881 Porphyrio,
2807 5805 3152 5880 Bonostpirq;
3205 5824 3301 5879 per
3357 5809 3769 5881 diphthongum.
3827 5805 3970 5859 Notat
