4044 6334
790 444 891 497 ns
1079 492 1085 497 _
1430 441 1693 495 euseen
1728 418 2202 498 casanma’sns
2240 441 2388 498 opp.
2429 440 2608 495 rans
2642 439 2705 495 ιι.
2746 472 2815 482 -
2852 443 3347 500 APOLOCETICA.
3852 451 3927 505 ne

789 561 1023 625 homine,
1085 562 1162 614 sic
1212 575 1241 612 a
1288 550 1507 628 reliquis
1556 562 1773 628 insuper
1837 562 2201 614 animantibus
2248 560 2627 615 abstinendum
2680 570 2781 615 est.
2845 559 3135 626 Praeterea,
3180 579 3302 617 cum
3342 564 3596 634 singulari
3656 565 3857 634 quadam
3890 577 3929 620 et
3999 568 4001 595 ³

787 656 985 711 eximia
1042 656 1315 725 sapientia:
1366 657 1452 721 vi,
1502 665 1616 708 tum
1662 657 1914 709 diuturna
1978 672 2101 710 cum
2152 656 2335 710 divino
2386 658 2606 710 numine
2633 658 3051 718 consuetudine,
3101 658 3203 710 huc
3246 659 3405 711 etiam
3456 659 3780 724 intellexere,
3810 676 3931 729 quos-
3996 688 4001 695 η

788 748 912 801 dam
945 762 1062 801 esse
1089 749 1236 809 deos,
1262 748 1353 816 qui
1382 748 1544 801 certis
1599 747 1963 802 animantibus
2014 748 2205 817 magis,
2233 763 2395 816 quam
2431 744 2740 802 hominibus
2793 748 2945 816 ipsis,
2994 749 3343 815 delectentur,
3374 759 3433 805 ut
3478 752 3642 805 solem
3694 752 3929 822 accipitre,
4000 757 4001 785 ³

790 842 902 909 qui,
937 855 1057 893 cum
1088 848 1333 893 naturam
1391 840 1585 893 habeat
1639 850 1801 893 totam
1838 856 1904 895 ex
1949 842 2215 910 sanguine
2272 842 2569 911 spirituque
2617 851 2974 908 constantem,
3003 851 3116 897 tum
3144 860 3207 897 ca
3236 852 3319 897 est
3357 859 3481 914 erga
3530 844 3788 898 hominem
3816 861 3931 899 com-
3999 848 4001 879 ³

792 933 1152 996 miseratione,
1180 939 1238 983 ut
1267 930 1464 999 jacenti
1515 930 1633 999 ejus
1680 929 1926 985 cadaveri
1976 929 2333 1000 ingemiscat,
2387 932 2665 1000 oculisque
2709 939 2907 984 terram
2957 931 3179 999 ingerat.
3221 950 3241 982 ι
3272 930 3338 984 Et
3373 932 3617 1000 pauculis
3671 933 3935 1000 interiectis:
4000 944 4001 947 ‘

798 1024 953 1078 clam
973 1038 1098 1077 vero
1122 1024 1471 1083 scarabzeum,
1497 1022 1688 1090 inquit,
1713 1024 1907 1076 stultus
1945 1022 2081 1076 forte
2126 1022 2391 1092 quispiam
2426 1023 2740 1083 detestetur,
2777 1029 2959 1090 utpote
2981 1021 3177 1076 divinis
3218 1023 3273 1076 in
3303 1023 3462 1077 rebus
3490 1023 3683 1092 hospes
3718 1038 3775 1078 ac
3818 1038 3934 1095 pere-
3990 1038 4001 1065 ν

791 1116 1017 1183 grinus:
1071 1122 1122 1166 at
1158 1113 1300 1166 hunc
1338 1112 1573 1183 [Egyptii
1622 1114 1776 1181 quasi
1828 1115 2003 1166 vivam
2050 1128 2115 1167 ac
2166 1114 2457 1182 spirantem
2505 1114 2636 1167 solis
2682 1113 2970 1182 imaginem
3029 1113 3272 1167 venerari
3322 1114 3511 1168 solent.
3555 1113 3685 1166 Nam
3721 1123 3767 1167 et
3796 1130 3936 1168 scara-

790 1212 938 1266 bzeus
970 1210 1146 1263 omnis
1181 1224 1295 1263 mas
1330 1218 1429 1273 est,
1470 1217 1524 1262 et
1558 1224 1737 1261 semen
1798 1208 1851 1262 in
1897 1209 2146 1278 paludem
2195 1210 2533 1272 immissum,
2584 1223 2647 1262 ac
2695 1208 3009 1274 sphaericam
3078 1208 3132 1262 in
3182 1206 3407 1276 ﬁguram
3468 1208 3837 1263 conformatum
3864 1224 3935 1277 po-
3986 1220 3993 1257 ?

794 1303 1005 1358 stremis
1033 1302 1257 1372 pedibus
1292 1303 1343 1354 in
1374 1317 1612 1356 aversam
1648 1311 1847 1368 partem
1879 1301 2165 1365 convolvit,
2210 1304 2339 1357 solis
2400 1303 2452 1355 in
2516 1302 2653 1356 ccelo
2698 1309 2901 1354 motum
2950 1302 3252 1367 aemulatus,
3288 1302 3656 1371 integramque
3686 1300 3813 1353 lunae
3856 1299 3934 1352 die-
4000 1314 4001 1321 η

794 1410 913 1447 rum
940 1393 1343 1447 conversionem
1370 1400 1659 1458 exspectat.
1716 1391 1911 1460 Sicque
1964 1392 2237 1461 singulare
2287 1392 2487 1461 aliquid
2542 1392 2609 1445 de
2651 1392 2835 1457 ariete,
2896 1391 3043 1444 aliud
3100 1392 3226 1446 item
3257 1392 3324 1445 de
3353 1392 3642 1455 crocodilo,
3660 1406 3720 1446 ac
3741 1390 3932 1445 similiter

793 1486 859 1539 de
885 1478 1115 1549 vulture,
1144 1482 1235 1544 ibi,
1266 1497 1373 1535 uno
1402 1483 1580 1547 verbo,
1640 1482 1704 1536 de
1762 1482 1999 1550 quolibet
2033 1482 2385 1535 animantium
2438 1497 2631 1552 genere
2680 1482 3159 1550 philosophantur,
3198 1489 3265 1537 ut
3292 1498 3515 1538 summa:
3537 1482 3804 1552 cujusdam
3844 1500 3933 1553 pru-

794 1580 1002 1642 dentiae,
1061 1586 1153 1631 aut
1195 1578 1371 1647 potius
1406 1578 1600 1632 divina:
1654 1579 1930 1648 sapientia:
1983 1579 2212 1632 consilio
2270 1580 2336 1632 ad
2362 1580 2565 1632 cultum
2616 1578 2746 1647 ipsis
2800 1580 2958 1633 etiam
3015 1579 3337 1635 animalibus
3388 1581 3725 1636 tribuendum
3769 1581 3933 1637 adducti

794 1687 913 1726 csse
934 1670 1237 1725 videantur.
1277 1690 1295 1722 ι

1322 1783 1428 1853 95
1466 1781 1688 1836 CAPUT
1729 1782 1791 1836 ν.

2978 1806 3367 1859 ΚΕΦΑΛΑΙΟΝ
3400 1806 3475 1860 Ε⁹.

800 1897 911 1952 Ista
949 1898 1122 1949 omnia
1169 1895 1366 1949 nullam
1399 1895 1685 1971 damnandi
1728 1897 1809 1948 sui
1852 1912 2065 1950 causam
2112 1910 2203 1967 per
2230 1914 2340 1952 sese

2444 1900 2569 1953 Ὅτι
2604 1897 2699 1951 καὶ
2727 1897 2910 1951 ταῦτα
2952 1897 3154 1965 πάσης
3191 1897 3421 1967 ὑπῆρχε
3452 1896 3649 1967 μεστὰ
3690 1894 3930 1971 καταγνό-

1347 1982 1447 2018 ηυιι
1484 1966 1783 2034 praebuisse.

865 2058 986 2113 Hzec
1015 2058 1178 2129 igitur
1204 2056 1452 2111 laudatus
1476 2073 1505 2109 a
1528 2057 1683 2112 nobis
1702 2057 1930 2124 scriptor
1952 2052 2018 2107 de
2029 2056 2237 2124 egregia
2256 2068 2343 2122 po-

795 2152 1013 2206 litorum
1035 2159 1090 2203 et
1109 2149 1427 2218 elegantium
1455 2146 1823 2217 Egyptiorum
1846 2148 2172 2217 physiologia
2198 2162 2343 2201 com-

798 2253 1081 2306 memorat,
1135 2241 1331 2310 quibus
1372 2255 1572 2292 eorum
1620 2240 1775 2292 nobis
1816 2254 2011 2292 arcana
2050 2236 2340 2306 patefecit;

799 2338 1075 2399 nimirum,
1111 2350 1304 2404 aquam
1349 2335 1495 2402 ipsos
1530 2333 1812 2403 ignemque
1864 2333 2127 2397 venerari,
2160 2346 2346 2385 unam-

798 2444 904 2497 que
952 2427 1173 2481 omniuo
1206 2441 1329 2481 esse
1362 2435 1468 2479 tam
1521 2425 1726 2478 ratione
1758 2424 2103 2494 praeditorum
2134 2465 2148 2489 ,
2179 2438 2343 2491 quam

797 2520 982 2573 eadem
1031 2517 1349 2579 carentium,
1380 2530 1478 2570 nec
1514 2530 1800 2583 corporum
1830 2514 2014 2579 modo,
2052 2513 2145 2567 sed
2178 2514 2339 2567 etiam

801 2611 965 2663 animi
991 2610 1347 2663 substantiam
1384 2618 1742 2675 naturamque
1794 2615 2062 2671 statuere;
2115 2614 2175 2658 ut
2221 2618 2342 2658 eam

796 2705 866 2758 ob
903 2718 1122 2773 causam
1154 2700 1295 2755 feras
1323 2702 1484 2755 etiam
1513 2700 1634 2768 jure
1660 2699 1728 2753 ab
1761 2699 1864 2752 illis
1893 2713 1956 2752 ac
1990 2700 2182 2751 merito
2220 2698 2345 2752 deo-

798 2809 915 2845 rum
948 2794 1001 2845 in
1034 2805 1259 2845 numero
1290 2791 1467 2858 palam
1508 2789 1718 2842 habitas
1745 2802 1809 2841 ac
1841 2790 2136 2841 recensitas
2176 2786 2345 2841 fuisse

797 2886 1106 2938 arbitretur.
1160 2881 1216 2937 ld
1264 2889 1442 2935 autem
1499 2882 1621 2947 quis
1662 2895 1769 2933 non
1821 2881 1888 2933 ab
1938 2880 2086 2932 omni
2136 2881 2345 2933 ratione

800 2978 1188 3031 alienissimum
1238 2990 1357 3028 esse
1410 2974 1603 3035 videat,
1656 2973 1879 3026 rationis
1933 2982 2201 3041 expertem
2232 2972 2343 3026 bel-

800 3070 1108 3137 luiuafnque
1135 3076 1407 3130 naturam,
1448 3074 1503 3117 ut
1533 3080 1731 3118 numen
1781 3066 1832 3117 in
1862 3080 1925 3118 ea
1962 3074 2307 3119 consecretur
2326 3105 2339 3130 ,

800 3160 1061 3222 adhiberi,
1096 3158 1239 3227 quod
1263 3157 1525 3226 ejusdem,
1573 3164 1629 3208 ut
1661 3156 1835 3221 aiunt,
1866 3171 1989 3209 cum
2034 3156 2343 3211 hominibus

3134 1976 3310 2035 o’ewc.

2511 2062 2745 2117 Τοιαῦτα
2779 2061 2872 2115 καὶ
2903 2062 2970 2114 τὰ
2995 2063 3121 2133 περὶ
3158 2063 3257 2133 τῆς
3307 2061 3556 2129 γενναίας
3582 2059 3687 2113 τῶν
3712 2059 3929 2128 σοφῶνΔί-
3982 2054 3985 2061 ’

2443 2150 2686 2217 γυπτίων
2735 2149 3077 2217 φυσιολογίας
3107 2150 3341 2202 τέθειται
3364 2151 3391 2201 ό
3427 2148 3797 2218 δεδηλωμένος,
3820 2149 3934 2214 Alp-

2445 2240 2611 2292 πτίων
2665 2240 3003 2310 διασαφήσας
3027 2242 3155 2311 ἡμῖν
3192 2241 3261 2294 τὰ
3312 2240 3618 2311 ἀπόρρητα·
3658 2241 3734 2292 ὃτι
3755 2256 3802 2293 τε
3832 2238 3933 2305 ὕδωρ

2445 2332 2536 2387 καὶ
2574 2331 2683 2403 πῦρ
2734 2332 2965 2397 σέϐουσι,
3010 2333 3104 2385 καὶ
3144 2331 3240 2403 μία
3278 2333 3508 2402 λογικῶν
3550 2333 3648 2389 καὶ
3679 2332 3862 2399 ἀλόγων,
3890 2331 3931 2382 οὐ

2446 2424 2602 2495 μόνον
2653 2426 2948 2494 σωμάτων,
3000 2423 3133 2477 ἀλλὰ
3178 2424 3272 2477 καὶ
3323 2423 3499 2495 ψυχῆς
3547 2422 3707 2476 οὐσία
3745 2423 3930 2494 κέκριται
4000 2422 4001 2479 ξ

2444 2514 2577 2569 εἶναι
2615 2519 2743 2588 παρ’
2795 2517 2997 2581 αὐτοῖς,
3052 2517 3127 2581 ὡς
3169 2516 3402 2584 εὐλόγως
3446 2515 3598 2586 αὐτῷ
3639 2516 3787 2568 δοκεῖν
3813 2512 3930 2572 θεοὺς
4000 2500 4001 2503 η

2443 2608 2832 2679 ἀνηγορεῦσθαι
2848 2608 2913 2658 τὰ
2937 2606 3321 2676 θηρία.Καίτοι
3344 2606 3456 2668 πῶς
3476 2606 3539 2659 οὐ
3555 2602 3933 2676 παραλογώτατον

2444 2700 2523 2759 εἰς
2552 2696 2822 2750 θεοποιῒαν
2840 2695 3279 2767 παραλαμϐάνειν
3304 2696 3401 2766 τὴν
3430 2695 3623 2763 ἄλογον
3654 2695 3739 2748 καὶ
3756 2690 3932 2763 θηριώδη

2446 2787 2623 2856 φύσιν,
2663 2788 2751 2840 διὰ
2799 2787 2861 2839 τὸ
2904 2788 3004 2855 τῆς
3034 2788 3173 2855 ἴσης,
3229 2785 3303 2849 ὥς
3333 2803 3512 2854 φασιν,
3540 2786 3823 2857 ἀνθρώποις
3853 2798 3934 2851 μετ-

2445 2879 2587 2949 έχειν
2608 2880 2811 2948 ψυχῆς
2842 2878 2943 2951 χρὴ
2988 2879 3114 2950 γὰρ,
3159 2876 3315 2948 εἴπερ
3357 2878 3493 2947 ἄρα,
3550 2878 3840 2949 ἀνθρώπους
3872 2874 3934 2926 καὶ

2445 2969 2583 3023 αὐτὰ
2616 2969 2883 3041 ἡγεῖσθαι,
2912 2970 3003 3023 καὶ¹
3029 2969 3128 3039 τῆς
3166 2967 3505 3039 ἀνθρωπείας
3525 2968 3704 3031 αὐτοῖς
3744 2967 3869 3035 δόξης
3896 2980 3931 3014 τε

2449 3064 2541 3115 καὶ
2574 3062 2737 3132 τιμῆς
2770 3061 3121 3132 μεταδιδόναι.
3162 3063 3224 3114 Ol.
3248 3060 3302 3113 δὲ
3331 3060 3485 3112 τοῦτο
3513 3060 3587 3130 μὴ
3620 3054 3935 3131 πράξαντεςςᾶ

2449 3156 2584 3227 πρὸς
2614 3155 2785 3225 αὐτῆς
2817 3154 2917 3224 τῆς
2944 3154 3156 3225 φύσεως
3199 3154 3366 3221 ἄλογα
3385 3151 3547 3225 θηρία
3589 3152 3845 3220 γενόμενα,
3875 3146 3936 3199 καὶ

802 3253 968 3305 animi
1015 3251 1397 3305 communione
1445 3248 1737 3317 jungatur?
1789 3248 2023 3316 quippe,
2078 3256 2346 3317 oporteret

2449 3249 2651 3318 ταύτην
2699 3247 2948 3317 εἰληχότα
2998 3246 3096 3318 τὴν
3147 3246 3480 3316 ἐπωνυμίαν,
3507 3245 3602 3296 καὶ
3632 3244 3745 3296 οὐδὲ
3775 3242 3857 3310 τῆς
3874 3240 3935 3292 ἀν·

802 3343 965 3404 cuini,
996 3342 1041 3394 si
1084 3341 1157 3393 ita
1185 3350 1286 3402 est,
1316 3339 1527 3392 easdem
1572 3337 1712 3392 feras
1747 3338 1991 3392 homines
2036 3339 2305 3407 appellare
2331 3378 2347 3404 ,

801 3433 1201 3500 humanamque
1232 3446 1353 3484 cum
1384 3429 1449 3483 iis
1474 3429 1783 3499 dignitatem
1810 3428 2176 3498 honoremque
2198 3444 2349 3483 com.-

804 3527 1103 3578 iuuuicare.
1129 3522 1279 3587 Quod
1312 3522 1386 3575 illi
1424 3536 1545 3575 cum
1589 3520 1809 3576 minime
1849 3521 2091 3587 fecerint,
2123 3536 2244 3591 qua:
2271 3531 2351 3575 ta-

805 3630 924 3666 men
949 3615 1015 3667 ab
1054 3614 1169 3681 ipsa
1191 3620 1384 3664 natura
1412 3612 1582 3665 bruta:
1608 3627 1672 3666 ac
1696 3613 1920 3666 rationis
1952 3620 2199 3681 expertes
2224 3612 2349 3667 fera:

806 3712 1170 3777 procreantur,
1206 3718 1324 3771 qum
1355 3702 1454 3755 hoc
1502 3703 1840 3771 cognomenti
1890 3718 2060 3772 genus
2093 3705 2194 3758 sibi
2227 3720 2350 3774 pro-

807 3797 980 3865 prium
1012 3794 1216 3850 sortita:
1261 3803 1405 3856 sunt,
1439 3808 1558 3861 qua:
1584 3808 1651 3847 ne
1678 3794 1792 3861 ipsa
1822 3794 2037 3863 quidem
2070 3795 2347 3848 hominum

804 3888 1158 3957 appellatione
1183 3887 1355 3956 digna:
1388 3887 1731 3955 judicantur;
1770 3901 1860 3940 eas
1891 3902 1994 3941 non
2021 3888 2133 3955 jam
2164 3888 2348 3942 eodem

805 3981 943 4048 apud
984 3982 1060 4044 Se,
1102 3994 1209 4049 quo
1242 3979 1508 4043 homines,
1554 3979 1698 4048 jure“
1731 3994 1849 4033 esse
1896 3980 2216 4043 voluerunt,
2258 3978 2351 4031 sed

804 4072 1123 4126 altissimum
1152 4071 1279 4125 illud
1310 4071 1457 4124 orbis
1483 4072 1714 4124 universi
1744 4072 1903 4140 regis,
1928 4085 1993 4124 ac
2019 4086 2197 4123 rerum
2229 4085 2347 4123 om-

805 4165 954 4217 nium
990 4162 1254 4215 molitoris
1284 4160 1375 4214 Dei
1436 4177 1627 4216 nomen
1666 4163 1717 4215 in
1762 4162 2060 4216 belluarum
2102 4173 2349 4216 naturam

806 4255 949 4307 ultro
980 4252 1305 4319 dejccerunt,
1340 4267 1538 4320 easque
1580 4254 1709 4307 deos
1752 4255 2185 4322 pronuntiarunt,
2215 4272 2351 4325 quas

807 4344 947 4399 Deus
990 4361 1055 4397 ne
1102 4343 1378 4397 hominum
1434 4344 1645 4412 quidem
1696 4346 2044 4412 appellatione
2101 4347 2351 4416 dignatus

808 4444 909 4491 est.
936 4436 1162 4489 Audiisti
1214 4444 1467 4504 praeterea
1502 4435 1693 4488 divina:
1733 4436 2009 4503 sapientiae
2056 4438 2308 4505 mysteria
2334 4479 2349 4502 ,

2448 3341 2677 3414 θρώπων
2729 3341 3079 3411 προρρήσεως
3111 3336 3223 3405 (69)
3273 3335 3582 3406 ἠξιωμένα,
3635 3335 3735 3387 οὐδ’
3794 3331 3938 3401 ὁμοίως

2446 3432 2747 3503 ἀνθρώποις
2782 3430 3015 3499 ἠξίωσαν
3059 3427 3446 3492 ἀποδέξασθαγ
3483 3426 3579 3498 τὴν
3632 3426 3857 3480 ἀνωτάτω
3901 3420 3938 3471 δὲ

2446 3526 2537 3580 τοῦ
2568 3525 2949 3596 Μμϐασιλέως
2976 3521 3359 3594 προσηγορίαν,
3380 3522 3469 3573 καὶ
3492 3520 3586 3573 τοῦ
3616 3520 3722 3573 τῶν
3749 3518 3939 3572 anitum

2446 3615 2772 3687 δημιουργοῦ
2808 3613 2941 3666 Θεοῦ
2977 3614 3229 3693 φέροντες
3270 3615 3348 3675 εἰς
3384 3612 3479 3682 τὴν
3522 3610 3632 3664 τῶν
3674 3609 3849 3681 θηρίων
3872 3604 3938 3673 ςέ-

2449 3721 2551 3767 σιν,
2586 3702 3037 3773 καταϐεϐλήκασι,
3086 3702 3178 3755 καί
3218 3701 3371 3761 θεοὺς
3402 3701 3764 3770 ἐπεφήμισαν,
3791 3697 3821 3750 ἃ
3844 3693 3937 3766 μηδὲ

2446 3797 2541 3866 τῆς
2566 3795 2660 3848 ἀνθ
2670 3794 2860 3865 ρώπων
2888 3794 3019 3864 πρὸς
3040 3793 3202 3846 αὑτοῦ
3223 3791 3315 3844 τοῦ
3342 3791 3474 3843 Θεοῦ
3496 3791 3929 3859 κατηξίωταιπροπ-

2446 3893 2693 3963 ηγορίας.
2755 3890 2875 3941 Ἐπὶ
2914 3889 3119 3951 τούτοις
3157 3889 3394 3957 ἀκήκοας
3427 3887 3519 3939 καὶ
3576 3888 3682 3960 τῆς
3724 3881 3928 3949 θεοσῡξίας

2448 3984 2545 4052 τῆς
2586 3981 2868 4051 μυστικῆς,
2910 3979 2976 4031 δι’
3006 3979 3071 4049 ἢν
3117 3980 3166 4053 οἱ
3219 3977 3503 4048 θαυμάσιοι
3545 3980 3659 4032 τῶν
3699 3973 3935 4046 Αἰγυπτίων

2449 4073 2641 4135 λύκους
2670 4074 2759 4125 καὶ
2794 4072 2957 4135 κύνας
2990 4072 3079 4124 καὶ
3125 4070 3339 4133 λέοντας
3382 4070 3763 4141 ἐσεϐάσθησαν.
3786 4068 3939 4134 Ἔγνως

2450 4167 2540 4219 καὶ
2568 4164 2658 4218 τοῦ
2683 4165 2949 4235 κανθάρου
2979 4164 3039 4216 τὸ
3064 4163 3265 4233 θαῦμα,
3298 4163 3388 4215 καὶ
3422 4162 3640 4233 ἱέρακος
3669 4164 3764 4234 τὴν
3776 4156 3941 4227 ἀρετήν-

2449 4256 2539 4325 Μὴ
2555 4254 2609 4309 δὲ
2636 4255 2766 4323 γέλα
2791 4254 2883 4307 τοῦ
2906 4253 3091 4306 λοιποῦ
3125 4256 3248 4317 τοὺς
3280 4254 3431 4317 θεούς
3452 4270 3464 4283 ·
3502 4253 3642 4306 ὲλέει
3669 4253 3724 4307 δὲ
3752 4250 3830 4306 καὶ
3854 4244 3943 4297 πολ-

2449 4347 2547 4417 λῆς
2567 4348 2814 4417 εὐηθείας
2858 4347 2952 4399 καὶ
2982 4345 3239 4415 aetatm,
3271 4346 3332 4397 τὸ
3366 4345 3675 4417 τρισάθλιον
3706 4340 3947 4413 ἀνθρώπων

2451 4438 2620 4505 γένος.
2650 4439 2755 4491 Καὶ
2787 4439 2849 4509 δὴ
2883 4438 3070 4489 σκόπει
3096 4437 3162 4489 τὰ
3191 4437 3364 4489 πάντα
3388 4430 3948 4507 περιαθρῶν,οἶωνήμὶν

808 4543 928 4597 qua:
981 4527 1275 4581 mirabilem
1310 4526 1684 4598 Egyptiorum
1734 4529 2003 4581 nationem
2059 4529 2126 4581 ad
2172 4530 2346 4597 lupos,

2452 4529 2667 4597 ἀγαθῶν
2701 4531 2925 4599 πάρεστι
2967 4528 3133 4597 δοτὴρ
3161 4529 3188 4579 ὁ
3221 4526 3451 4598 Χριστὸς
3477 4530 3505 4580 ὀ
3534 4526 3687 4590 Θεὸς,
3736 4522 3951 4588 τοσαύτης

806 4634 968 4676 canes
1019 4619 1305 4687 leonesque
1347 4621 1675 4675 venerandos
1719 4622 1983 4675 excitarit.
2036 4621 2346 4691 Cognovisti

2451 4622 2624 4685 νόσου,
2680 4623 2891 4691 μακρᾶς
2936 4637 2991 4672 τε
3036 4621 3130 4672 καὶ
3174 4620 3519 4690 πολυχρονίου
3552 4619 3855 4693 πηρώσεως,
3886 4609 3951 4665 καὶ

806 4712 966 4763 etiam
1000 4707 1255 4761 scarabei
1280 4708 1620 4772 miraculum,
1645 4712 1893 4764 virtutem
1924 4712 2213 4780 accipitris.
2248 4712 2346 4765 De-

2451 4712 2546 4775 τὰς
2578 4713 2885 4780 Αἰγυπτίων
2909 4710 3102 4780 ψυχὰς,
3125 4710 3212 4763 διὰ
3232 4711 3331 4781 τῆς
3352 4711 3707 4781 εὐαγγελικῆς
3733 4706 3876 4762 αὑτοῦ
3900 4703 3954 4754 δι-

808 4801 922 4853 sine
954 4810 1129 4853 tamen
1150 4839 1163 4863 ,
1211 4798 1352 4866 quod
1388 4809 1666 4867 superest,
1710 4801 1839 4855 deos
1870 4802 2128 4857 irridere:
2163 4804 2346 4857 subeat

2451 4801 2738 4862 δασκαλίας
2776 4798 3191 4868 λελυτρωμόνος,
3342 4802 3468 4863 τοὺς
3520 4799 3735 4863 πλείους
3768 4797 3856 4866 ἢδη
3877 4789 3953 4842 τῶν

809 4901 859 4943 te
882 4893 1055 4959 potius
1083 4899 1242 4944 tantae
1277 4889 1624 4945 infelicissimi
1648 4891 1921 4943 hominum
1953 4894 2162 4961 generis
2195 4894 2346 4946 cacci‘

2454 4895 2568 4945 κατ’
2601 4893 2864 4960 Αἴγυπτον
2886 4892 2979 4941 καὶ
3008 4890 3205 4963 ταύτης
3234 4891 3573 4964 ἀπηλλάχθαι
3598 4893 3699 4963 τῆς
3723 4891 3880 4944 νόσου.

811 4984 938 5034 tatis
968 4992 1020 5034 et
1077 4982 1325 5036 amentia:
1364 4981 1761 5036 commiseratio
1789 4996 1801 5031 :
1836 4981 2102 5051 simulque
2128 4984 2383 5039 omnibus
2421 4985 2700 5049 diligenter
2728 4981 3017 5049 expleratis
3048 4991 3222 5037 tecum
3266 4984 3380 5053 ipse
3409 4994 3617 5054 reputa,
3650 4981 3836 5052 quibus
3888 4990 3956 5039 nos

810 5072 1128 5140 quantisque
1187 5072 1342 5127 bouis
1391 5074 1637 5127 Christus
1669 5073 1755 5126 ille
1797 5073 1937 5127 Deus
1963 5075 2269 5142 cuinularit,
2330 5076 2418 5145 qui
2459 5086 2671 5129 nostros
2728 5084 2781 5127 et
2825 5070 3195 5144 A'lgyptiorum
3241 5077 3477 5144 ipsorum
3511 5061 3743 5139 animos,
3771 5086 3959 5140 evange-

813 5159 926 5214 licae
980 5161 1234 5214 doctrina:
1261 5177 1370 5215 suae
1402 5164 1465 5219 .vi
1512 5174 1618 5217 tam
1652 5164 1941 5217 inveterata
1994 5173 2209 5234 tamque
2259 5166 2513 5218 diuturna
2556 5163 2793 5217 caecitate
2822 5165 3100 5221 vindicarit
3141 5186 3155 5221 :
3198 5183 3323 5221 nam
3371 5176 3427 5222 et
3475 5164 3753 5238 Egyptios
3782 5179 3959 5238 quoque

754 5248 759 5251 ⁷
814 5254 1097 5306 maximam
1137 5267 1266 5306 sane
1298 5264 1499 5319 partem
1549 5256 1793 5307 videmus
1846 5255 1913 5307 ab
1970 5256 2126 5311 istius
2175 5257 2348 5310 morbi
2387 5257 2702 5325 contagione
2728 5255 3000 5311 liberatus.
3646 5244 3649 5247 V

1328 5345 1436 5415 96
1471 5342 1692 5399 CAPUT
1732 5344 1815 5397 vr.

2976 5349 3367 5404 ΚΕΦΑΛᾹῙΟΝ
3401 5343 3489 5408 tt"-

815 5434 942 5487 Jure
968 5452 1058 5515 nos
1088 5437 1151 5489 ab
1182 5451 1243 5488 ea
1267 5452 1463 5513 quoque
1498 5434 1559 5487 de
1585 5438 1685 5515 diis
1712 5438 1932 5487 istorum
1963 5439 2346 5515 philosophand:

2456 5443 2573 5515 Ὅτι
2604 5443 2697 5495 καὶ
2725 5440 2835 5515 ,τῆς
2872 5442 3273 5515 spumarent/ipa;
3310 5442 3504 5496 αὐτῶν
3533 5443 3661 5515 περὶ
3691 5440 3834 5515 θεῶν
3859 5438 3963 5515 θεως

888 5508 1100 5566 ratione.
1135 5522 1252 5572 qua:
1280 5501 1494 5585 propius
1529 5506 1595 5556 ad
1640 5520 1877 5585 naturam
1907 5501 2346 5561 accedere'videa.

2513 5501 2936 5585 planeox'J-nhc
2960 5501 3485 5585 ,dg-azaiprj'o'mjtsc,
3526 5501 3641 5580 τὴὶν
3672 5514 3859 5583 μόνην
3888 5501 3961 5558 καί
4000 5552 4001 5555 η

888 5584 987 5650 tur,
1014 5577 1309 5637 recessisse,
1354 5575 1614 5641 (ridentque
1660 5574 1823 5627 solam
1855 5592 2125 5646 veramque
2172 5579 2346 5630 theolo‘

884 5658 1019 5708 gtam
1053 5647 1419 5710 unteposuiase.

2737 5574 3069 5650 θεοξλωῖπίᾶὶδσ
3089 5574 3597 5651 ἦροετιμήσάμενί
3672 5574 3701 5631 ’ν
3812 5574 3821 5577 Ἴ
4000 5618 4001 5659 ς

885 5729 1155 5796 Ejusmodi
1185 5732 1402 5785 fuerunt
1431 5730 1800 5799 Egyptiorum
1850 5742 2151 5786 commenta
2176 5775 2191 5799 ,
2238 5749 2346 5802 qua

2535 5738 2691 5789 Ἀλλὰ
2723 5740 2827 5808 γὰρ
2857 5722 3077 5793 τοιαῦτα
3104 5739 3192 5795 καὶ
3233 5740 3298 5795 τὰ
3325 5744 3453 5814 παρ’
3486 5741 3815 5810 Λίγυπτίοις,
3839 5734 3870 5791 ἃ
3898 5726 3967 5785 καὶ
4000 5732 4001 5767 ἓ

885 5842 992 5914 (69)
1037 5845 1427 5911 Προρῤήσεως.
1470 5850 1614 5900 Alter
1660 5863 1688 5901 e
1728 5863 1883 5913 mss,
1919 5866 2039 5904 cum
2091 5850 2342 5913 Moutac.,

2444 5854 2755 5921 εοσρήσεως,
2785 5854 2998 5910 melius.
