4044 6334
61 448 166 501 ΓΠ

1281 453 1596 510 ΡΒΕΡΑΒ.
1632 451 1879 514 EVANG.
1919 457 2044 512 LIB.
2087 458 2169 512 lll.

3201 461 3301 518 178

58 564 414 637 παλαίτεροι
446 568 554 622 τῶν
603 551 929 640 Ἑλληνικῶν
971 569 1222 625 ἀπάντων
1257 571 1656 644 μνημονεύεται.

1771 575 1937 643 longe"
1989 575 2242 630 omnibus
2308 575 2614 635 Graecorum
2681 571 2945 642 ﬁgmentis
3009 571 3306 639 antiquiora

59 656 271 727 Ἔχεις
303 661 608 733 τοιγαροῦν
639 663 772 733 πρὸς
813 663 908 735 τὴν
943 664 1176 736 μυθικὴν
1204 677 1232 706 ι
1266 667 1356 719 καὶ
1380 666 1475 736 τὴν
1509 683 1669 734 φυσι-

59 751 346 824 κωτέραν
378 755 659 822 θεολογίας
695 758 721 796 δ
767 757 1031 828 Ἐλλήνων
1055 757 1189 830 ὁμοῦ
1217 761 1310 813 καὶ
1337 760 1665 828 Αἰγυπτίων,

59 843 174 894 τῶν
207 845 416 900 πάλαι
447 846 545 917 τὴν
586 847 840 902 πολύθεον
878 849 1292 922 δεισιδαιμονίαν
1338 851 1672 921 συστησαμέ-

58 953 206 987 νων·
246 939 407 1010 παρ’
443 937 524 1002 οἷς
560 942 640 993 ὅτι
668 941 829 1013 μηδέν
861 959 914 995 τι
934 944 1043 995 τῶν
1075 943 1287 1015 ἀληθῶς
1315 944 1492 1007 θείων,
1527 944 1668 996 ἀσω-

64 1027 276 1096 μάτων
325 1047 398 1085 τε
435 1035 530 1085 καὶ
563 1034 760 1105 νοερῶν
801 1035 996 1090 οὐσιῶν
1033 1035 1372 1108 ἐγνωρίζετο,
1424 1035 1667 1108 μεμάίὶη⁹

63 1136 194 1183 κας.
232 1122 408 1196 Πλὴν
436 1124 571 1179 ἀλλά
593 1126 822 1180 δεδόσθω
849 1128 945 1182 καὶ
977 1128 1413 1201 συγκεχωρήσθω
1432 1129 1667 1183 τουτοισὶ

64 1217 184 1278 τοῖς
211 1217 699 1289 μετεωρολέσχαις
730 1218 905 1287 λέγειν
929 1219 1123 1292 ἀληθῆ,
1154 1223 1247 1274 καὶ
1289 1221 1666 1290 ἐπιτυγχάνειν

70 1305 126 1356 ἐν
146 1308 223 1376 τῇ
261 1309 392 1362 τῶν
428 1310 904 1382 ἀλληγορουμένων
949 1312 1287 1384 φυσιολογίαν
1319 1300 1579 1381 ’γενέσθω
1607 1330 1666 1366 τε

71 1401 270 1464 αὺτοῖς
303 1406 334 1455 ό
357 1403 509 1472 ἥλιος
534 1406 663 1458 ποτὲ
710 1407 805 1476 μὲν
844 1407 1138 1472 Ἀπόλλων,
1170 1408 1262 1460 καὶ
1287 1407 1447 1460 πάλιν
1480 1404 1663 1477 Ὦρος,

74 1494 176 1545 καὶ
224 1496 454 1564 Ὄσιρις
487 1497 647 1550 πάλιν
673 1499 700 1551 ό
731 1498 913 1568 αὐτὸς,
951 1501 1047 1553 καὶ
1076 1499 1241 1570 μυρία
1266 1499 1419 1558 ἀλλα.
1450 1501 1550 1551 ὅσα
1575 1499 1666 1552 καὶ

81 1583 320 1641 θέλοιεν·
350 1587 544 1660 ῶσπερ
562 1585 654 1642 οὖν
680 1591 770 1644 καὶ
789 1593 828 1662 ἡ
850 1590 1063 1661 σεῖήνη,
1088 1591 1120 1662 ἢ
1146 1587 1303 1651 Ἶσις.
1331 1591 1366 1662 ἢ
1382 1591 1661 1660 Ἀρτεμις,

95 1677 199 1728 καὶ
209 1677 307 1730 ὅσα
322 1681 386 1730 ἄν
404 1697 490 1743 τις
511 1680 822 1753 ἐξαριθμεῖν
845 1682 1099 1754 βούλοιτο.
1125 1682 1214 1751 Μὴ
1226 1681 1663 1752 γάρέστωταῦτα

97 1766 192 1838 θνη
202 1769 309 1820 τῶν
329 1771 428 1822 ἁνδ
434 1771 562 1840 ρῶν,
578 1774 690 1825 ἀλλ’
703 1774 879 1828 αὐτῶν
891 1775 997 1826 τῶν
1013 1776 1347 1846 ἐπουρανίων
1361 1776 1544 1846 φωστή
1556 1792 1660 1848 ρων

92 1873 153 1927 61;
163 1863 432 1927 μαντικα).
456 1864 833 1935 προσηγορίαι.
853 1865 954 1917 Τὸν
969 1864 1114 1934 ἥλιον
1137 1865 1370 1934 ἀρικαὶ
1392 1865 1488 1936 τὴν
1512 1864 1660 1936 σελή-

1773 665 1940 722 fuisse
1977 677 2360 722 memorantur.
2409 665 2578 720 Habes
2611 673 2663 716 tu
2695 671 2884 733 praeter
2915 661 3210 716 fabulosam
3247 663 3309 715 il-

1768 759 1874 813 lam
1906 759 2247 828 theologiam,
2282 760 2443 812 aliam
2484 770 2696 826 quoque
2733 769 2854 809 cum
2892 754 3052 808 rebus
3090 762 3308 806 natura-

1766 852 1909 922 libus
1939 853 2394 921 conjunctiorem.
2445 864 2669 920 eamque
2714 862 2835 903 cum
2866 845 3065 901 Graecis
3105 847 3307 914 pariter

1768 943 2141 1016 Egyptiisque
2161 958 2525 1007 communem,
2555 941 2646 1013 qui
2674 941 2783 1010 jam
2819 939 2942 993 olim
2977 938 3311 1008 superstitio-

1765 1048 1884 1086 sum
1929 1033 2093 1088 istum
2136 1043 2210 1086 tot
2243 1033 2524 1088 numinum
2575 1032 2774 1086 cultum
2809 1029 3140 1088 conﬂavere,
3171 1042 3308 1096 quos

1765 1123 1951 1194 utique
1999 1124 2132 1178 nihil
2177 1124 2399 1178 omnino
2426 1123 2492 1178 de
2518 1123 2624 1180 ulla
2657 1137 2778 1177 vere
2807 1121 3017 1186 divina,
3068 1120 3308 1188 corporis

1764 1228 2001 1286 experte,
2031 1226 2191 1286 atque
2225 1217 2547 1282 intelligente
2581 1227 2771 1272 natura
2794 1212 3309 1286 cognovissc,.facile

1765 1309 2166 1364 animadvertis.
2205 1309 2308 1363 Sed
2336 1310 2477 1363 enim
2510 1309 2700 1362 demus
2746 1308 2848 1362 hoc
2886 1315 3094 1372 tamen,
3150 1313 3311 1373 atque

1764 1403 1887 1458 istis
1940 1402 2188 1456 altiorum
2240 1399 2648 1472 eoelestiumque
2685 1417 2946 1470 nugarum
3003 1401 3309 1455 architectis

1762 1487 2140 1561 concedamus,
2166 1510 2349 1548 verum
2376 1509 2470 1549 eos
2499 1494 2676 1548 dicere
2695 1535 2710 1557 ,
2762 1502 2814 1547 et
2840 1493 2892 1546 in
2926 1493 3025 1546 hac
3055 1507 3150 1547 sua
3177 1491 3308 1544 alle-

1763 1589 1956 1659 gorica:
1999 1587 2452 1656 interpretationis
2507 1587 2836 1658 physiologia
2865 1600 3084 1653 scopum
3127 1585 3303 1653 ipsum

1762 1681 2021 1749 attigisse.
2060 1681 2140 1733 Sit
2179 1681 2318 1749 apud
2345 1682 2464 1735 illos
2497 1680 2578 1734 sol
2623 1695 2767 1734 nunc
2810 1678 3023 1749 quidem
3079 1675 3305 1746 Apollo,

1761 1787 1904 1826 nunc
1930 1770 2091 1835 Orus,
2123 1787 2263 1826 nunc
2295 1772 2478 1836 etiam,
2511 1772 2556 1826 si
2585 1772 2748 1835 lubet,
2783 1771 2953 1827 Osiris
2976 1813 2989 1836 ,
3047 1770 3158 1825 imo
3192 1779 3308 1824 esto

1759 1878 1925 1927 sane,
1976 1865 2234 1933 quidquid
2268 1864 2365 1933 ipsi
2413 1864 2675 1918 voluerint
2720 1881 2734 1916 ε
2772 1863 3004 1932 itemque
3030 1862 3190 1924 luna,
3225 1860 3307 1915 vel

81 1967 208 2020 νην,
228 1955 333 2038 καὶ
344 1957 469 2018 τοὺς
484 1956 716 2029 ἀστέρας
733 1959 826 2010 καὶ
840 1959 905 2012 τὰ
915 1957 1074 2010 λοιπά
1091 1959 1184 2012 τοῦ
1197 1960 1396 2029 κόσμου
1418 1957 1575 2030 μέρη,
1589 1957 1656 2020 ὡς

1764 1957 1881 2022 lsis,
1913 1959 1996 2012 vel
2035 1958 2288 2022 Artemis,
2320 1955 2402 2011 vel
2426 1972 2759 2026 quaecunque
2789 1971 3064 2011 recensere
3088 1956 3304 2023 placue-

80 2044 248 2110 θεοὺς
285 2049 702 2119 προσκυνητέον.
738 2051 849 2104 Καὶ
877 2049 1046 2124 ταύτῃ
1067 2051 1349 2123 τοιγαροῦν
1378 2052 1411 2122 ἡ
1441 2050 1658 2119 γενναία

71 2137 196 2192 τῶν
272 2141 541 2212 Ἑλλήνων
584 2142 864 2212 φιλοσοφία
901 2143 976 2206 ὡς
1020 2143 1107 2196 διὰ
1131 2143 1376 2214 μηχανῆς
1401 2142 1656 2211 πέφηνεν,

71 2234 162 2293 εἰς
206 2231 357 2302 ὕψος
413 2235 507 2304 μὲν
534 2236 800 2300 ἀνάγουσα
849 2234 946 2306 τὴν
994 2236 1322 2303 ἐπαγγελίαν
1352 2234 1445 2288 τοῦ
1478 2234 1656 2303 λόγου,

71 2325 255 2378 κάτω
283 2325 342 2379 δὲ
375 2329 797 2398 περιστρέφουσα
823 2327 964 2397 ἀμφὶ⁵
991 2327 1088 2397 τὴν
1123 2327 1382 2398 αἰσθητὴν
1404 2329 1492 2379 καὶ
1533 2344 1658 2396 φαι-

73 2419 336 2490 νομένην
367 2418 460 2471 τοῦ
508 2418 638 2471 Θεοῦ
670 2419 1026 2490 δημιουργίαν
1066 2419 1164 2488 τὴν
1188 2418 1294 2470 τῶν
1335 2418 1509 2486 σοφῶν
1548 2417 1658 2472 διά-

78 2527 266 2574 νοιαν,
317 2512 408 2564 καὶ
441 2510 596 2564 πλέον
638 2511 807 2574 οὐδὲν,
838 2510 952 2563 ἀλλ’
992 2511 1024 2582 ἢ
1059 2510 1169 2582 πῦρ
1197 2511 1290 2563 καὶ
1320 2510 1416 2581 τὴν
1454 2509 1657 2581 θερμὴν

80 2601 300 2665 οὐσίαν,
354 2601 425 2655 τά
455 2619 514 2654 τε
572 2604 714 2675 μέρη
755 2602 845 2657 τοῦ
882 2604 1108 2673 κόσμου,
1139 2601 1225 2655 διὰ
1259 2600 1367 2653 τῶν
1397 2601 1658 2672 οὐρανίων

89 2696 418 2764 φωστὴρων.
489 2695 668 2748 Ἔστω
701 2695 756 2749 δὲ
809 2695 902 2749 καὶ
944 2696 1042 2768 τὴν
1090 2694 1260 2766 ύγράν
1305 2695 1396 2747 καὶ
1429 2693 1526 2764 τὴν
1562 2692 1655 2762 ξη-

101 2787 228 2856 ρὰν,
254 2787 344 2841 καὶ
382 2790 481 2861 τὴν
525 2789 823 2861 σύγκρασιν
865 2789 972 2842 τῶν
1012 2789 1277 2860 σωμάτων
1332 2787 1654 2850 θειάζουσαο

95 2878 222 2942 πῶς
250 2876 342 2933 οὗν
389 2881 450 2933 ού
515 2881 655 2952 μέγα
703 2883 793 2934 καί
829 2880 1124 2949 θαυμάσιον
1165 2880 1226 2933 τὸ
1264 2879 1357 2934 τοῦ
1409 2879 1659 2951 Σωτῆρος

91 2970 251 3039 ἡμῶν
305 2971 477 3042 Ἰησοῦ
527 2971 760 3042 Χριστοῦ
812 2973 903 3025 καὶ
947 2971 1080 3024 Θεοῦ
1139 2970 1495 3040 Εύαγγέλιον,
1551 2972 1657 3024 πᾶν

92 3063 246 3130 γένος
303 3061 605 3139 ἀνθρώπων
668 3062 944 3127 παιδεῦον,
1003 3063 1094 3116 τὸν
1151 3061 1299 3132 ἡλίου
1352 3062 1444 3115 καὶ
1503 3061 1657 3134 σελή-

93 3173 190 3224 νης
226 3154 361 3209 Θεὸν
402 3159 496 3210 καὶ
535 3157 814 3226 δεσπότην,
876 3157 967 3209 καὶ
1015 3155 1340 3226 δημιουργὸν
1382 3153 1475 3208 τοῦ
1519 3153 1655 3226 σύμο

86 3265 287 3310 παντος
343 3247 583 3317 κόσμου,
634 3249 792 3302 αὑτὸν
840 3249 929 3302 τὸν
970 3247 1226 3301 ἀνωτάτω
1267 3247 1358 3299 καὶ
1400 3245 1653 3300 ἐπέκεινα

81 3340 192 3393 τῶν
223 3340 364 3393 ὅλων
387 3343 509 3404 ταῖς
538 3340 938 3412 προσηκούσαις
984 3339 1211 3403 ἐννοίαις
1259 3338 1528 3404 εύσε6εῖν;
1563 3339 1655 3391 καὶ

81 3435 143 3487 ού
177 3434 249 3487 τὰ
281 3433 394 3486 τῶν
429 3434 691 3503 σωμάτων
722 3437 974 3503 στοιχεῖα,
1011 3433 1144 3486 ἀλλά
1175 3434 1264 3486 τὸν
1296 3434 1438 3504 ζωῆς
1466 3431 1654 3503 αὐτῆς,

82 3530 180 3582 καὶ
232 3526 477 3600 τροφῶν,
511 3527 604 3580 καὶ
665 3527 878 3593 πάντων
918 3526 1135 3594 ἀγαθῶν
1178 3526 1378 3598 ταμίαν
1447 3527 1652 3596 ὑμνεῖν,

90 3621 232 3694 μέρη
258 3638 322 3675 τε
345 3618 446 3674 τοῦ
474 3620 674 3690 κόσμου
703 3618 770 3671 τά
800 3616 1068 3688 ὁρώμενα,
1093 3620 1186 3672 καὶ
1208 3621 1313 3672 πᾶν
1338 3619 1398 3671 τὺ
1424 3620 1658 3691 καταλη-

91 3714 222 3766 πτὸν
243 3712 452 3786 σαρκὸς
468 3711 735 3781 αἰσθήσει,
749 3711 823 3773 ῶς
837 3710 902 3764 ἂν
916 3709 1015 3780 τῆς
1036 3709 1275 3781 φθαρτῆς
1291 3711 1419 3764 ὄντα
1445 3710 1655 3779 φύσεως

85 3806 339 3877 οὐδαμῶς
359 3803 846 3876 καταπλήττεσθαιο
877 3803 966 3856 τὸν
979 3803 1023 3856 δ’
1048 3804 1105 3856 ἐν
1141 3802 1346 3865 τούτοις
1366 3803 1565 3857 ἅπασιν
1589 3805 1653 3856 ἁ-

78 3900 305 3971 όρατον,
321 3898 418 3953 καὶ
435 3897 759 3966 τὸνξκαθόλου
774 3913 829 3949 τε
843 3895 933 3948 καὶ
948 3894 1083 3949 κατά
1102 3893 1167 3964 μέ
1175 3911 1263 3965 ρος
1274 3894 1655 3966 δημιουργικὸν

79 3991 212 4045 νοῦν
248 3990 408 4062 μόνον
444 3987 872 4060 ἀποθαυμάζειν,
908 3988 1001 4041 καὶ
1028 3985 1293 4053 θεολογεῖν
1327 3986 1453 4055 μίαν
1489 3986 1654 4057 μόνην

78 4083 321 4136 ἐκείνων
366 4081 646 4151 διήκουσαν
671 4081 763 4133 καὶ
789 4076 1181 4148 διακοσμοῦσαν
1205 4074 1273 4127 τὰ
1302 4077 1474 4130 πάντα
1498 4075 1654 4129 δύνα-

82 4191 188 4244 μιν
215 4172 389 4236 θείαν,
434 4172 713 4244 ἀσώματον
745 4167 907 4226 οὖσαν
955 4169 1048 4223 καὶ
1092 4168 1281 4239 νοερὰν
1327 4169 1425 4239 τὴν
1470 4168 1647 4237 φύσιν,

80 4266 298 4340 μᾶλλον
330 4267 389 4320 δὲ
416 4269 508 4320 καὶ
534 4267 768 4337 ἄρρητον
805 4266 974 4318 είπεῖν
1011 4263 1104 4316 καὶ
1145 4261 1540 4330 ἀκατάληπτον,
1568 4260 1653 4313 διὰ

79 4360 328 4422 πάντων,
359 4360 426 4412 δι’
445 4354 520 4413 ὧν
550 4361 643 4413 καὶ
666 4359 896 4428 ἐνεργεῖ,
924 4354 1420 4428 παραφαινομένην,
1449 4353 1654 4424 διήκου-

84 4454 186 4506 σάν
211 4469 273 4504 τε
302 4452 626 4521 ἀσωμάτως,
651 4454 754 4515 καὶ,
776 4449 1137 4521 ἀσυμπλόκως
1164 4447 1231 4502 τὰ
1270 4448 1444 4501 πάντα
1470 4448 1650 4498 ἐπιπορ

83 4543 406 4618 ρευομὲνην,
431 4547 526 4596 καὶ
554 4544 620 4597 δι’
641 4544 892 4599 ἁπάντων
915 4544 1012 4597 οὐκ
1034 4543 1293 4614 οὐρανίων
1320 4541 1496 4611 μόνον,
1519 4539 1652 4593 ἀλλὰ

1683 3297 1724 3352 C

1760 2051 1849 2106 rit.
1882 2049 1999 2104 Sint
2030 2051 2302 2105 enimvero
2348 2051 2461 2104 hinc
2506 2065 2612 2103 non
2645 2049 3260 2104 mortaliumhominnm
3289 2087 3304 2112 ,

1759 2143 1851 2198 sed
1902 2143 2164 2198 luminum
2210 2144 2508 2199 cmlcstium
2552 2144 2766 2212 pmpria
2815 2142 3054 2196 nomina.
3093 2139 3205 2193 Erit
3232 2139 3308 2192 vi-

1758 2236 1951 2291 delicet
1976 2244 2261 2306 propterea
2292 2235 2426 2312 soli,
2446 2236 2604 2299 lunae,
2643 2234 2910 2288 sideribus
2933 2274 2947 2297 ,
2997 2247 3060 2286 ac
3086 2233 3307 2301 reliquis

1759 2327 1919 2396 hujus
1946 2328 2131 2389 mundi
2163 2327 2405 2396 partibus
2443 2327 2774 2406 pdorationis
2818 2327 2995 2394 cultus
3051 2334 3305 2394 tanquam

1757 2417 1862 2472 diis
1889 2416 2244 2472 exhibendus.
2295 2414 2384 2469 Sic
2406 2431 2535 2487 ergo
2565 2415 2818 2484 praeclara
2850 2414 3158 2469 Graecorum
3189 2413 3308 2482 phi—

1757 2513 2002 2584 losophia
2035 2513 2088 2566 in
2116 2511 2358 2566 omnium
2396 2520 2681 2581 conspectu
2709 2551 2723 2574 ,
2767 2509 3054 2563 verborum
3089 2509 3305 2577 quidem

1757 2606 2167 2663 ostentationem
2198 2605 2349 2674 quasi
2380 2605 2624 2658 machina
2659 2601 2891 2672 quadam
2934 2600 3161 2653 sublime
3195 2599 3304 2650 tol-

1757 2701 1847 2767 lit,
1880 2706 1935 2754 at
1979 2699 2302 2770 sapientium
2341 2706 2570 2750 mentem
2611 2695 2860 2749 deorsum
2910 2704 2963 2747 et
3011 2694 3153 2746 circa
3211 2690 3316 2744 Dei.

1757 2802 2053 2856 creaturas,
2086 2807 2204 2862 qua:
2243 2789 2488 2845 sensibus
2515 2789 2790 2856 oculisque
2828 2795 3041 2857 patent,
3091 2785 3164 2839 ita
3188 2800 3305 2837 ver-

1758 2894 1859 2948 sat,
1888 2884 2018 2939 nihil
2051 2892 2110 2938 ut
2140 2883 2360 2937 omnino
2390 2890 2579 2951 praeter
2625 2879 2797 2948 ignem
2839 2876 3173 2944 calidumque
3211 2889 3306 2926 na-

1759 2985 1956 3039 turam,
1986 2966 2278 3044 mundique
2308 2981 2485 3043 partes
2504 3013 2518 3036 ,
2551 2971 2862 3038 luminaque
2890 2966 3148 3029 caelestia,
3171 2965 3305 3018 adde

1755 3087 1884 3127 vero
1916 3069 2191 3125 humidam
2223 3078 2383 3137 atque
2426 3067 2622 3120 siccam
2659 3079 2750 3133 per
2804 3078 2890 3116 me
2925 3060 3071 3125 licet,
3108 3061 3305 3129 ipsam-

1756 3179 1864 3232 que
1925 3178 2210 3232 corporum
2278 3157 2717 3227 temperationem
2777 3155 3054 3208 divinitate
3120 3153 3302 3206 donet.

1756 3255 1888 3322 Quis
1920 3256 2082 3325 igitur
2122 3268 2230 3307 non
2259 3251 2468 3313 videat,
2509 3261 2760 3316 magnum
2805 3245 2962 3314 plane
3009 3253 3168 3312 atque
3210 3244 3304 3294 ad-

1757 3349 2000 3405 mirabile
2032 3346 2284 3416 quiddam
2321 3358 2441 3397 esse
2471 3340 2596 3395 Jesu
2632 3338 2829 3394 Christi
2859 3336 3157 3391 Servatoris
3184 3335 3304 3389 Dei-

1756 3457 1862 3513 que
1891 3439 2057 3494 nostri
2103 3433 2470 3505 Evangelium,
2502 3428 2644 3499 quod
2678 3428 2988 3482 universum
3023 3425 3302 3479 hominum

1757 3548 1927 3604 genus
1955 3531 2194 3594 edoceat,
2220 3525 2349 3580 solis
2377 3523 2544 3593 ipsius
2581 3521 2824 3587 lunreque
2850 3515 3016 3570 Deum
3032 3530 3095 3570 ac
3130 3515 3304 3570 domi—

1755 3641 1885 3682 num
1932 3625 2186 3693 orbisque
2215 3620 2380 3675 totius
2410 3616 2739 3673 conditorem
2766 3652 2781 3676 ,
2829 3624 3169 3680 supremum,
3223 3607 3304 3660 in-

1755 3705 1939 3791 quam,
1971 3719 2142 3780 illum,
2173 3727 2461 3780 rerumque
2495 3711 2627 3777 lines
2666 3722 2728 3760 ac
2776 3704 3034 3760 terminos
3060 3699 3302 3754 omnium

1757 3790 2133 3883 superantem,
2189 3803 2522 3861 com'enienti
2583 3809 2742 3853 tanta:
2791 3790 3306 3864 majestati’cogita-

1755 3911 1903 3961 tione
1935 3917 2206 3970 sensuque
2236 3894 2522 3952 venerari?
2573 3889 2813 3956 adeoque
2864 3899 2970 3938 non
3017 3896 3300 3949 corporum

1754 3999 2038 4057 elementa,
2072 3993 2163 4047 sed
2206 3990 2485 4060 ipsiusmet
2516 3984 2670 4047 vitae,
2735 3980 3133 4037 alimentorum,
3168 3989 3302 4028 cun-

1755 4096 2075 4153 ctorumque
2107 4083 2370 4140 bonorum
2420 4083 2742 4146 qumstorem
2785 4086 2848 4124 ac
2877 4069 3300 4138 dispensatorem

1755 4176 2058 4232 celebrare?
2108 4171 2214 4243 97
2266 4186 2364 4223 nec
2407 4169 2518 4240 jam
2580 4165 2690 4219 ullo
2746 4163 2906 4216 modo
2961 4158 3302 4229 aspectabilis

1754 4269 1909 4326 istius
1943 4265 2126 4319 mundi
2182 4270 2389 4332 partes,
2421 4265 2514 4311 aut
2561 4267 2748 4310 eorum
2801 4250 3094 4320 quidquam
3123 4288 3136 4310 ,
3183 4261 3302 4314 quze

1754 4375 1916 4416 sensu
1965 4356 2208 4426 corporis
2251 4350 2437 4422 attingi
2498 4343 2987 4416 compreltendique
3034 4347 3301 4409 possunt,

1753 4451 1951 4521 quippe
1976 4465 2096 4519 qua:
2126 4447 2343 4503 caducae
2372 4439 2750 4511 pereuntisque
2788 4444 2992 4490 natur-re
3018 4432 3147 4493 sint,
3180 4445 3302 4484 cum

1753 4555 1975 4615 stupore
2005 4541 2200 4596 mentis
2243 4536 2436 4592 intueri
2465 4551 2478 4586 :
2511 4533 2604 4587 sed
2652 4530 2829 4595 potius
2861 4536 3089 4580 mentem
3123 4522 3300 4582 illam,

55 4638 180 4693 ,καὶ
205 4636 316 4691 τῶν
344 4636 436 4688 ἐπὶ
467 4636 588 4706 γῆς,
614 4636 722 4689 τῶν
747 4655 807 4689 τε
851 4637 1074 4690 καθόλου
1117 4634 1389 4706 στοιχείων
1420 4633 1512 4686 καὶ
1543 4631 1648 4684 τῶν

1757 4613 1863 4694 non
1909 4639 2068 4692 modo
2110 4631 2475 4688 communium
2523 4623 2757 4679 universi
2815 4631 3158 4681 naturarum,
3211 4613 3302 4666 sed

77 4731 178 4786 ἐπὶ
221 4728 439 4800 μέρους,
467 4726 563 4798 τὴν
590 4726 688 4796 τῆς
730 4726 978 4798 θεότητος
1020 4729 1215 4798 διαρκῆ
1258 4725 1651 4798 μεγαλουργίαν

78 4820 552 4890 ἐπιδεικνυμένην·
598 4820 726 4873 πᾶσί
773 4837 828 4871 τε
867 4820 1085 4888 ἀφανῶς
1123 4822 1215 4872 καὶ
1246 4821 1374 4890 ἡμῖν
1429 4819 1650 4872 ἀνεπαι-

78 4915 300 4985 σθήτως
320 4911 730 4972 ἐπιστατοῦσαν,
754 4911 846 4982 κα),
861 4910 1035 4978 λόγοις
1056 4912 1223 4979 ἀνεκφ
1233 4913 1444 4981 ράστοις
1468 4908 1652 4978 σοφίας

73 5007 174 5058 τὸν
195 5005 490 5076 σύμπαντα
511 5005 708 5074 κόσμον
735 5001 1190 5070 διακυϐερνῶσαν.
1218 4993 1494 5054 Τοσούτων
1520 5004 1651 5072 ἡμῖν

7 5153 10 5157 ,
73 5097 547 5168 ἀποδεδειγμένων
571 5100 648 5160 είς
681 5097 893 5166 ἔλεγχον
928 5095 1024 5163 τῆς
1062 5093 1355 5146 ἀσυστάτου
1400 5094 1588 5160 σοφίας
1617 5093 1649 5163 ἢ

75 5189 384 5257 θεολογίας,
426 5190 524 5260 τῆς
569 5207 626 5243 τε
658 5189 949 5260 λεγομένης
1002 5186 1386 5258 μυθικωτέρας,
1418 5187 1510 5238 καὶ
1553 5185 1650 5255 τῆς

77 5281 442 5354 ὑψηλοτέρας,
464 5283 560 5339 καὶ
583 5284 847 5352 φυσικωτέ
857 5300 971 5354 ρας,
1001 5285 1064 5352 ἢν
1088 5282 1134 5333 οἱ
1155 5279 1370 5332 παλαιοὶ
1395 5277 1649 5348 Ἕλληνές

74 5392 138 5428 τε
177 5373 274 5426 καὶ
299 5371 583 5440 Αἰγύπτιοι
607 5374 953 5442 σεμνύνοντες
981 5373 1264 5442 ἀπεδείχθη
1276 5389 1389 5425 σαν·
1418 5371 1532 5439 ῶρα
1559 5367 1650 5420 καὶ

75 5466 191 5520 τῶν
205 5463 343 5517 νεῶν
364 5462 470 5514 τῶν
491 5462 554 5532 δὴ
577 5463 694 5515 καθ’
713 5465 857 5533 ἡμᾶς
871 5466 1063 5522 αὐτοὺς
1082 5464 1386 5534 φιλοσοφεῖν
1414 5465 1648 5529 ἐπαγγε-

75 5557 326 5628 λομένων
338 5553 640 5625 ἐπαθρῆσαι
654 5553 1175 5624 τάκαλλωπίσματαε
1189 5555 1310 5610 Οἵδε
1327 5556 1429 5625 γὰρ
1446 5555 1510 5606 τὰ
1525 5555 1649 5624 περὶ

75 5652 172 5704 νοῦ
206 5643 597 5720 δημιουργικοῦ
635 5645 740 5699 τῶν
781 5647 936 5707 ὅλων,
972 5648 1063 5699 καὶ
1087 5648 1149 5699 τὰ
1183 5649 1306 5718 περὶ
1349 5650 1647 5716 ἀσωμάτων

80 5741 258 5805 ἰδεῶν,
281 5738 485 5809 νοερῶν
504 5753 562 5788 τε
585 5737 675 5790 καὶ
696 5734 923 5802 λογικῶν
953 5735 1007 5785 5-.
1025 5738 1247 5805 ίαειειοκο,
1265 5741 1373 5799 τοῖς
1398 5738 1536 5806 ἀμφὶ
1559 5738 1646 5789 τὸν

77 5835 344 5888 Πλάτωνα
361 5832 586 5902 μακροῖς
602 5827 712 5882 ποθ’
730 5829 851 5880 ῦστε
862 5845 948 5896 ρον
965 5827 1167 5897 χρόνοις
1179 5829 1303 5897 ἐφευ
1313 5845 1376 5898 ρη
1387 5827 1536 5898 μένα,
1555 5828 1646 5880 καὶ

149 5960 174 5986 ι
218 5945 302 5998 Ia.
334 5947 403 6016 τῇ
440 5943 651 6018 μυθικῇ.
727 5946 754 5986 b
795 5946 876 5997 ἵσ.
911 5944 1198 6013 θεολογίαν.

1755 4747 1933 4788 rerum
1961 4740 2174 4798 quoque
2203 4722 2532 4790 singularum
2561 4715 2904 4774 ell'ectricem,
2939 4720 3162 4780 quaeque
3179 4718 3301 4757 cum

1755 4825 1885 4879 insit
1925 4823 1979 4876 in
2009 4816 2281 4880 omnibus,
2313 4826 2578 4882 nusquam
2637 4820 2814 4862 tamen
2864 4800 3031 4856 videri
3087 4805 3300 4868 potest,

1755 4932 1917 4972 unam
1951 4909 2226 4971 admirari,
2259 4923 2420 4961 unam
2456 4904 2567 4958 suis
2605 4902 2670 4954 de
2700 4896 2917 4951 numine
2963 4889 3304 4946 sermonibus

1754 5024 1817 5063 ac
1839 5000 2292 5074 disputationibus
2326 4996 2639 5066 pragdicare;
2664 4990 2832 5044 solam
2853 5026 2868 5050 ,
2899 4986 3138 5054 inquam,
3159 4984 3302 5036 illam
3385 5036 3390 5043 ,

1754 5106 2070 5170 potestatem
2104 5092 2361 5153 divinam,
2394 5101 2512 5157 qua:
2539 5089 2731 5138 cuucla
2760 5089 2994 5150 permeat
3020 5119 3033 5143 ,
3074 5086 3303 5138 cuncta,-

1753 5210 1856 5264 que
1901 5191 2242 5252 moderatur,
2277 5196 2503 5250 corpore
2537 5193 2760 5234 vacuam
2815 5175 3302 5241 intelligentemque

1754 5261 2035 5347 naturam,
2080 5279 2162 5332 vel
2198 5274 2462 5346 ejusmodi
2493 5271 2701 5341 potius,
2758 5284 2919 5338 quam
2955 5281 3050 5320 nec
3091 5261 3300 5316 dicendi

1752 5395 1851 5434 nec
1873 5371 2140 5445 cogitandi
2170 5370 2249 5423 vis
2277 5368 2380 5422 ulla
2411 5381 2600 5434 capere
2630 5365 2799 5434 possit
2825 5403 2838 5425 ,
2895 5373 3015 5429 qua:
3073 5356 3300 5409 subinde

1754 5472 1915 5524 rebus
1946 5471 2000 5523 in
2031 5463 2303 5525 erunibus,
2335 5476 2454 5528 qua:
2483 5475 2576 5529 per
2619 5473 2737 5511 eam
2775 5454 3102 5513 eﬂiciuntur,
3135 5443 3300 5517 appa-

1753 5575 1886 5630 reat,
1911 5582 2028 5634 qua:
2067 5563 2181 5615 sine
2207 5571 2432 5624 corpore
2463 5563 2653 5609 cuncta
2677 5556 2931 5620 penetret,
2965 5561 3028 5601 ac
3053 5546 3169 5600 sine
3193 5546 3298 5598 ulla

1751 5657 2126 5715 commistione
2157 5648 2442 5720 pervadat,
2495 5663 2613 5718 qua:
2645 5641 2890 5697 omnibus
2926 5639 2976 5692 in
3042 5639 3299 5692 creaturis

1752 5763 1856 5800 non
1896 5741 2201 5800 caelestibus
2240 5736 2419 5801 modo,
2467 5737 2556 5790 sed
2600 5734 2755 5787 etiam
2794 5729 3015 5784 terrenis
3044 5739 3298 5783 constan-

1749 5846 1854 5892 tem
1891 5851 1950 5890 ac
1985 5841 2293 5904 perpetuam
2338 5827 2591 5898 operandi
2647 5823 2890 5874 virtutem
2946 5837 3006 5874 ac
3058 5819 3294 5889 magnili-
