4044 6334
800 451 903 507 179
1450 453 1719 510 EUSEBII
1750 450 2227 511 CESARIENSIS
2268 451 2420 507 OPP.
2459 451 2641 509 PARS
2676 450 2745 507 Il.
2778 480 2849 492 —
2882 447 3380 507 APOLOGE‘I'ICA.
3876 452 3949 508 180

782 568 1027 646 centiam
1063 566 1379 638 foStendat,
1432 587 1555 641 qua:
1607 561 1820 629 cunctis
1883 573 2018 628 citsa
2081 580 2328 642 aspectum

2429 620 2434 634 _
2460 570 2739 643 λογισμοῖς
2757 570 2937 643 ὀρθοῖς
2959 567 3369 639 ἐπινενοημένα,
3394 562 3757 636 συμπλέξαιτῇ
3778 563 3866 617 τῶν
3880 584 3950 619 τι.

796 664 1057 733 nobisquc
1079 664 1213 721 adeo
1235 665 1369 720 citra
1396 681 1614 720 sensum
1663 681 1881 721 omnem
1909 666 2221 720 moderetur
2238 706 2254 729 ,
2288 680 2328 718 at

2457 662 2620 716 λαιῶν
2647 659 2891 733 θεολογίᾳ
2926 660 3313 731 πεπειραμένοι
3343 656 3545 729 μείζονι
3572 656 3721 725 τύφῳ
3740 655 3838 726 τὴν
3863 658 3949 725 περὶ

796 757 1089 827 sapientia,
1120 773 1255 829 quas
1279 756 1457 817 verbis
1489 758 1707 829 assequi
1754 773 1915 814 nemo
1964 766 2149 828 queat,
2181 758 2328 812 ratio

2456 753 2566 807 τῶν
2600 752 2782 825 μύθων
2803 751 3131 821 ἐπαγγελίαν
3157 750 3374 821 ἐξῆραν.
3400 749 3593 801 ’Δκουε
3619 746 3662 799 δ’
3681 742 3865 799 οὖνκαὶ
3883 747 3949 812 τῆς

792 847 952 900 nibus
980 849 1161 904 orbem
1190 850 1449 920 gubernet
1476 852 1816 907 universum.
1851 850 1957 905 Sed
1980 848 2239 919 quoniam
2273 856 2327 903 to

2457 848 2658 901 τούτων
2687 844 3049 914 φυσιολογίας,
3075 841 3191 915 μεθ’
3215 843 3332 906 οἵας
3358 839 3696 910 ἐξενήνεκται
3713 837 3781 907 τῷ
3798 839 3949 909 Πῦρ-,ςυ-
3998 846 3999 873 1

789 938 1050 996 hactenus
1077 944 1408 1011 argumentis
1443 944 1597 996 istius
1632 944 1711 997 vel
1751 932 2061 1011 sapientiai,
2083 942 2171 997 vel
2193 942 2328 996 tbeo

2463 939 2563 1011 ρίῳ
2592 937 2931 1005 ἀλαζονείας.

796 1031 971 1104 lngize,
1005 1039 1119 1093 sive
1151 1054 1272 1109 qua:
1305 1038 1610 1093 fabularum
1651 1053 1835 1094 comes
1874 1048 1927 1094 et
1968 1038 2114 1095 socia
2172 1037 2505 1102 nominatur,
2538 1036 2651 1090 sive
2681 1049 2845 1105 quam
2873 1041 3081 1088 veteres
3112 1046 3235 1085 eum
3268 1028 3438 1085 (Irasci
3496 1036 3607 1082 tum
3661 1022 3867 1094 Βηνιῆ
3904 1020 3946 1074 ad

785 1127 1021 1197 aliquam
1042 1132 1317 1200 dignitatis
1354 1132 1585 1201 speciem
1631 1148 1754 1187 eum
1796 1147 1976 1187 rerum
2025 1132 2236 1187 naturis
2283 1130 2507 1202 propius
2564 1128 2922 1198 eonjunxere.
2984 1126 3272 1180 vanitatem
3321 1130 3378 1178 et
3428 1119 3823 1177 inconstantiam
3866 1116 3946 1167 illu~

784 1222 1114 1287 stravimus;
1150 1224 1411 1293 sequitur,
1446 1224 1523 1278 uti
1550 1226 1758 1279 invecta
1782 1241 1812 1279 a
1850 1222 2243 1280 recentioribus
2272 1222 2360 1287 iis,
2401 1220 2495 1292 qui
2550 1220 2753 1276 nostris
2806 1217 3142 1301 temporibus
3185 1230 3306 1271 sese
3347 1211 3713 1283 philosOpbari
3752 1208 3947 1280 profiten-

784 1322 893 1377 tur,
938 1313 1047 1369 fuci
1104 1315 1259 1385 plena
1300 1324 1617 1371 ornamenta
1654 1315 1952 1369 videamus.
1999 1313 2094 1368 Isti
2139 1312 2370 1383 quippe‘,
2410 1327 2533 1381 que
2562 1310 2725 1381 longo
2757 1318 2880 1379 post
2900 1313 3117 1363 aetatum
3147 1305 3449 1368 intervallo,
3493 1305 3562 1360 de
3617 1311 3784 1356 mente
3820 1316 3943 1353 renuit
3998 1330 3999 1333 η

781 1406 1024 1462 omnium
1080 1408 1480 1477 procreatrice,
1529 1408 1703 1476 deque
1752 1408 1985 1476 carpere
2029 1404 2342 1460 carentibus
2380 1402 2537 1467 ideis,
2594 1418 2662 1457 ac
2720 1401 2787 1456 de
2822 1399 3032 1456 naturis
3072 1398 3420 1468 inteiligentia
3452 1398 3759 1465 rationcque
3804 1394 3941 1464 μηρὼ-

781 1498 875 1560 tis,
904 1498 1123 1552 inventa
1154 1500 1387 1567 primum
1417 1516 1450 1555 a
1478 1498 1700 1554 Platone
1723 1538 1739 1564 ,
1770 1513 2093 1568 summoque
2141 1496 2349 1568 judicio
2385 1496 2688 1566 excogitata
2719 1494 2954 1560 fuerant,
2999 1509 3065 1550 ea
3109 1508 3232 1547 cum
3258 1493 3560 1562 priscorum
3595 1488 3841 1558 theologia
3873 1488 3940 1540 eol-

780 1593 949 1663 ligare
977 1592 1169 1655 moliti,
1223 1593 1428 1663 majore
1456 1608 1619 1663 quam
1669 1603 1827 1650 antea
1863 1593 2005 1648 fastu
2060 1592 2203 1647 hanc
2244 1591 2601 1646 texendarum
2641 1588 2957 1643 fabellarum
3000 1585 3389 1659 professionem
3432 1584 3691 1639 extulere.
3734 1581 3853 1635 Audi
3891 1598 3925 1634 et

779 1704 871 1760 go,
915 1698 1117 1758 quanta
1144 1675 1268 1744 cum
1310 1691 1671 1746 ostentatione
1694 1699 1857 1761 atque
1876 1689 2135 1761 jactantia
2162 1687 2443 1743 hominum
2476 1685 2640 1740 etiam
2675 1684 2904 1740 istorum
2932 1680 3323 1755 physiologiam
3364 1678 3693 1750 Porphyrius
3730 1675 3941 1745 evulgarit,

1365 1804 1591 1860 CAPUT
1625 1805 1738 1861 νη.

780 1894 1053 1962 Quasnam
1081 1896 1392 1971 recentiores
1416 1896 1709 1971 philosophi
1731 1890 1948 1971 _cansas
1991 1906 2146 1971 atque
2168 1895 2328 1951 ratio-

2455 1894 2697 1971 Ὃποίας
2710 1964 2735 1971 _
2749 1896 2811 1948 οἱ
2833 1892 3103 1971 νεῴτεροι
3151 1888 3270 1971 σῶος

934 1984 1024 2020 nea
1049 1968 1118 2020 ad
1148 1976 1337 2021 veteres
1358 1969 1421 2019 de
1449 1968 1552 2020 diis
1594 1967 1802 2035 fabulas
1831 1970 2170 2022 attexuerint.

782 2074 803 2109 ι
827 2054 936 2111 Fas
959 2057 1146 2126 quibus
1165 2064 1262 2123 est,
1280 2054 1503 2110 narrabo
1524 2072 1543 2109 :
1570 2056 1709 2125 fore:
1726 2055 2009 2110 claudunto
2028 2056 2278 2126 profani;

773 2213 1078 2283 divinaeque
1122 2212 1396 2281 sapientiae
1424 2225 1615 2265 sensus
1668 2219 1722 2265 et
1754 2212 1981 2266 consilia
2036 2210 2334 2283 proferam,

770 2306 971 2374 quibus
997 2307 1031 2360 ii
1050 2304 1218 2361 Deum
1242 2314 1294 2358 et
1311 2303 1658 2372 multiplicem
1682 2301 1774 2357 Dei
1797 2303 1901 2357 vim
1922 2312 2080 2374 atque
2101 2312 2337 2375 potesta—

772 2409 903 2464 tem,
933 2398 1258 2468 imaginibus
1291 2396 1615 2466 quibusdam
1650 2395 1884 2449 naturali
1915 2411 2038 2449 cum
2064 2411 2227 2451 sensu
2252 2411 2337 2451 co-

770 2491 1028 2562 gnatione
1043 2490 1346 2560 conjunctis
1377 2490 1703 2553 indicarunt,
1730 2490 1929 2559 quibus
1950 2503 2037 2542 res
2056 2497 2334 2558 aspectum

770 2595 987 2634 omnem
1024 2576 1289 2651 fugientes
1336 2582 1634 2651 perspicuis
1681 2580 1793 2651 98
1818 2579 2122 2636 simulacris
2152 2580 2205 2635 in
2236 2595 2332 2635 eo-

769 2689 890 2728 rum
920 2673 1141 2743 gratiam
1169 2688 1499 2740 expressere,
1524 2674 1613 2743 qui
1638 2675 1808 2743 prima
1830 2672 1895 2727 de
1916 2672 2023 2728 diis
2042 2673 2330 2739 elementa,

768 2776 1066 2837 eorumque
1094 2766 1395 2821 doctrinam
1419 2782 1485 2824 ex
1513 2767 1706 2823 statuis
1729 2767 1809 2823 sic
1831 2775 2087 2837 tanquam
2119 2780 2150 2819 e
2179 2764 2333 2819 libelo

770 2859 837 2913 lis
865 2861 1089 2913 recitare
1114 2858 1430 2914 didicerant.
1483 2859 1769 2914 Enimvero
1794 2858 1991 2912 mirum
2028 2857 2197 2911 videri
2222 2870 2330 2911 non

769 2948 947 3012 debet,
982 2949 1027 3003 si
1074 2947 1237 3017 ligna,
1266 2949 1313 3003 si
1359 2949 1563 3017 lapides
1616 2950 1905 3004 simulacra
1949 2948 2175 3003 deorum
2210 2962 2331 3002 esse

769 3039 1021 3095 homines
1050 3041 1441 3112 imperitissimi
1490 3043 1841 3106 arbitrentur,
1865 3042 2087 3111 perinde
2114 3056 2246 3096 sane
2270 3048 2330 3095 ut

767 3129 828 3196 ii,
860 3131 951 3201 qui
985 3131 1146 3188 rudes
1176 3133 1481 3203 ignarique
1510 3128 1831 3198 litterarum,
1865 3133 2053 3203 cippos
2108 3132 2329 3203 quidem

770 3239 877 3278 non
912 3224 1066 3279 aliter
1093 3239 1159 3279 ac
1183 3217 1407 3295 lapides,
1451 3226 1661 3281 tabulas
1685 3241 1811 3281 vero
1848 3241 1956 3280 non
1980 3240 2137 3281 secus
2168 3234 2330 3296 atque

766 3316 934 3386 ligna,
956 3317 1124 3371 libros
1149 3316 1381 3385 denique
1412 3317 1566 3386 quasi
1604 3325 1909 3372 contextam
1937 3332 2199 3389 papyrum
2242 3316 2329 3370 in-

767 3417 1009 3475 tuentur.
1041 3428 1061 3461 ι
1097 3408 1193 3464 His
1242 3410 1329 3464 ubi
1386 3410 1562 3465 verbis
1612 3409 1699 3464 ille
1744 3410 1973 3480 prolusnt
2010 3410 2078 3464 ad
2129 3408 2329 3463 fastum

770 3501 1294 3579 ostentationemque
1316 3501 1647 3570 compositis,
1667 3503 1850 3570 accipe
1873 3517 2054 3571 porro,
2072 3503 2333 3571 quemad-

770 3590 992 3645 modum
1026 3592 1323 3646 institutam
1354 3594 1650 3647 orationem
1705 3603 2086 3663 prosequatur.
2136 3614 2154 3647 ι
2209 3593 2328 3649 Jam

769 3698 918 3744 vero,
948 3685 1091 3754 quod
1138 3701 1361 3749 numen,
1392 3686 1593 3756 inquit,
1624 3685 1761 3741 lucis
1813 3686 2041 3741 formam
2093 3688 2328 3758 aliquam

764 3777 1111 3847 speciemque
1150 3792 1265 3847 prae
1285 3792 1342 3832 se
1374 3776 1551 3843 ferat,
1582 3785 1636 3831 et
1677 3779 1730 3831 in
1782 3779 1962 3833 medio
2012 3779 2329 3855 circumfusi

764 3870 1043 3941 purissimi
1068 3858 1351 3940 cujusdam
1385 3871 1521 3939 ignis
1547 3871 1677 3926 orbe
1708 3882 1970 3938 versetur,
2000 3888 2095 3928 nec
2120 3874 2189 3928 ab
2218 3873 2327 3928 ullo

764 3978 949 4027 sensu,
981 3963 1078 4032 qui
1117 3963 1262 4017 circa
1298 3964 1578 4017 mortalem
1630 3965 1769 4019 hanc
1796 3966 1960 4018 vitam
2006 3976 2325 4036 occupetur,

765 4056 963 4126 attingi
988 4056 1159 4125 possit
1189 4075 1201 4110 :
1237 4058 1431 4113 iliustri
1460 4046 1675 4126 quidem
1723 4058 2111 4130 splendidaque
2153 4068 2325 4114 mate-

766 4149 871 4211 ria,
900 4149 1203 4217 cuiusmodi
1240 4151 1551 4222 crystallum
1590 4161 1693 4214 est,
1736 4150 2023 4207 Pariumve
2066 4166 2324 4217 marmor,

765 4245 863 4293 aut
882 4238 1040 4303 ebur,
1071 4240 1124 4292 in
1148 4241 1384 4309 aliquam
1421 4230 1505 4295 sui
1549 4242 1771 4295 luminis
1799 4242 2184 4310 cogitationem
2225 4242 2325 4295 ad-

766 4330 922 4385 duxit
953 4353 964 4385 :
998 4330 1116 4384 auri
1142 4346 1269 4385 vero
1304 4339 1545 4399 aspectu,
1578 4332 1771 4399 partim
1816 4332 1975 4401 ignis,
2010 4332 2201 4399 partim
2234 4333 2327 4385 de-

764 4424 911 4480 coris
937 4422 1021 4478 sui
1056 4423 1260 4476 nullam
1307 4422 1529 4475 omnino
1558 4421 1824 4475 maculam
1876 4421 2103 4475 ferentis
2150 4422 2325 4475 notio-

764 4534 889 4574 nem
921 4512 1233 4586 impressit;
1264 4530 1455 4569 aurum
1485 4514 1630 4569 enim
1679 4513 1931 4569 sordibus
1982 4512 2171 4568 foedari
2216 4530 2324 4568 non

2983 1798 3377 1854 ΚΕΦΑΛΔΙΟΝ
3417 1798 3491 1851 Ζ’.

3365 1890 3665 1957 ιλοσόφων
3712 1884 3821 1951 τοῖς
3857 1884 3939 1951 περὶ

2628 1958 2781 2019 θεῶν
2806 1958 3019 2033 μύθοις(
3042 1958 3424 2024 συνέπλεξαν
3449 1958 3812 2026 αὶτιολσγίας.

2444 2074 2463 2107 ο
2487 2056 2600 2127 (70)
2623 2055 2949 2126 Φθέτξομαι
2976 2049 3066 2120 οἷς
3088 2054 3248 2123 θέμις
3272 2051 3415 2107 ἐστι·
3442 2047 3935 2191 θύρας

2441 2216 2632 2285 σοφίας
2651 2217 2898 2288 θεολόγου
2930 2218 3175 2291 νοήματα
3186 2216 3417 2279 δεικνὺς,
3433 2207 3515 2276 οἷς
3541 2212 3638 2266 καί⁵
3650 2212 3734 2265 τὸν
3746 2209 3866 2269 Θεὸν,
3880 2207 3943 2259 καὶ
3998 2220 3999 2291 ἦ

2441 2250 2628 2285 υυγιυνι,
2652 2250 2898 2288 νςυῆυιυυ
2936 2250 3105 2291 “unus
3118 2250 3417 2297 διτυςυουυεη
3433 2250 3512 2276 νυ,
3543 2250 3638 2266 au.-
3661 2250 3732 2265 -νυ
3749 2250 3942 2269 ν.υι,.....

2436 2309 2530 2365 τοῦ
2559 2309 2693 2364 Θεοῦ
2712 2310 2808 2377 τὰς
2832 2311 3085 2375 δυνάμεις
3098 2309 3186 2363 διὰ
3209 2308 3432 2363 εἰκόνων
3456 2304 3743 2375 συμφύλων
3760 2300 3941 2371 αἰσθήσει

2437 2407 2713 2477 ἐμήνυσαν
2760 2406 2948 2478 ἄνδρες
3002 2405 3069 2459 τὰ
3117 2403 3295 2475 ἀφανῆ
3328 2402 3581 2472 φανεροῖς
3622 2393 3939 2451 ἁποτυπώσαν-
3998 2406 3999 2413 ‘

2434 2519 2526 2565 τες
2549 2500 2662 2573 (71)
2692 2501 2990 2569 πλάσμασι,
3008 2500 3124 2561 τοῖς
3144 2496 3395 2568 καθάπερ
3417 2496 3481 2547 ὲκ
3506 2492 3705 2565 βίϐλων
3724 2490 3802 2544 τῶν
3814 2486 3934 2555 ἀγαλ-

2438 2592 2623 2663 μάτων
2675 2590 2955 2657 ἁναλέγειν
2983 2587 3209 2658 τὰπερὶ
3260 2586 3397 2641 θεῶν
3440 2584 3767 2656 μεμαθηκόσι
3800 2579 3936 2649 γράμ-

2440 2702 2604 2756 ματα.
2642 2682 2966 2755 Θαυμαστὸν
2992 2682 3048 2734 δὲ
3078 2680 3230 2733 οὐδὲν
3256 2679 3388 2747 ξύλα
3413 2679 3504 2731 καὶ
3531 2678 3715 2739 λίθους
3754 2670 3939 2745 ἡγεῖσθαι

2432 2775 2502 2827 τὰ
2525 2771 2687 2839 ξόανα
2716 2774 2841 2836 τοὺς
2870 2769 3298 2843 ἀμαθεστάτους,
3328 2765 3471 2820 καθὰ
3492 2765 3556 2835 δὴ
3589 2766 3682 2818 καὶ
3708 2763 3799 2816 τῶν
3818 2775 3940 2830 γραμ-

2437 2867 2623 2937 μάτων
2648 2869 2694 2920 οἱ
2717 2867 2927 2937 ἀνόνητοι
2950 2864 3126 2928 λίθους
3155 2866 3251 2934 μὲν
3274 2860 3442 2933 ὁρῶσι
3474 2858 3575 2920 τὰς
3628 2856 3824 2927 στήλας,
3850 2851 3939 2917 bis

2431 2957 2489 3011 δὲ
2504 2957 2602 3021 τὰς
2616 2958 2850 3020 δέλτους,
2867 2955 3242 3027 ὲξυφασμένην
3258 2953 3313 3007 δὲ
3339 2952 3489 3006 πάπυ
3498 2967 3588 3021 ρον
3618 2948 3713 3009 τὰς
3728 2945 3934 3027 βίϐλους.)

2432 3049 2669 3103 Τοιαῦτα
2694 3049 2769 3113 ὡς
2802 3051 2860 3102 ὲν
2894 3026 3162 3119 προοιμίῳ
3191 3044 3659 3114 κατακομπήσας,
3711 3038 3848 3093 ἄκουε
3882 3026 3937 3083 υἷι

2431 3143 2634 3217 προῖὼν
2669 3143 2793 3215 ἑξῆς
2817 3145 3016 3215 γράφει
3042 3141 3177 3212 πρὸς
3208 3138 3369 3202 λέξιν.
3405 3155 3423 3187 ι
3442 3125 3938 3195 Φωτοειδοῦςδὲδπος

2430 3235 2523 3291 τοῦ
2564 3221 2730 3299 θείου,
2761 3236 2857 3289 καὶ
2886 3235 2943 3285 ἐν
2977 3232 3145 3302 πυρὸς
3189 3228 3427 3300 αίθερίου
3460 3225 3739 3297 περιχύσει
3783 3220 3937 3285 tum

2430 3345 2540 3392 τος,
2574 3324 2814 3396 ἀφανοῦς
2857 3340 2917 3377 τε
2966 3323 3319 3394 τυγχάνοντος
3366 3319 3617 3391 αἰσθήσει
3663 3315 3778 3387 περ).
3802 3305 3939 3379 θνητὸν

2429 3420 2520 3474 τὸν
2553 3420 2665 3490 βίον
2689 3418 2919 3490 ἀσχόλῳ·
2949 3417 3034 3471 διὰ
3059 3416 3158 3488 μὲν
3176 3415 3275 3487 τῆς
3293 3413 3545 3482 διαυγοῦς
3567 3412 3719 3483 ὕλης,
3743 3404 3836 3461 οἷον
3856 3416 3943 3496 κρυς

2433 3512 2677 3577 πάλλου,
2701 3513 2734 3585 ἡ
2758 3510 2963 3583 Παρίου
2992 3506 3157 3577 λίθου,
3183 3511 3216 3581 ἢ
3243 3510 3334 3561 καὶ
3358 3508 3669 3576 ἐλέφαντος,
3693 3507 3766 3565 εἰς
3785 3497 3863 3567 τὴν
3878 3508 3940 3543 του

2430 3606 2606 3673 φωτὸς
2638 3603 2817 3658 αὐτῶν
2850 3602 2960 3675 (72)
2990 3603 3193 3656 ἔννοιαν
3220 3601 3401 3670 ὲνῆγεο
3431 3597 3518 3651 διὰ
3546 3596 3607 3648 δὲ
3630 3595 3727 3664 τῆς
3750 3587 3826 3643 τοῦ
3850 3598 3940 3654 χρυ·

2432 3700 2525 3753 σοῦ
2557 3702 2635 3762 είς
2679 3697 2775 3771 τὴν
2824 3697 2916 3751 τοῦ
2965 3696 3135 3769 πυρὸς
3164 3694 3456 3765 διανόησιν,
3505 3689 3603 3743 καὶ
3636 3687 3697 3740 τὸ
3728 3680 3939 3771 autem

2429 3789 2613 3854 αὐτοῦ,
2642 3762 2942 3861 ὃτίχρυσὸς
2968 3762 3348 3858 οὐμιαίνεταιξ
3380 3778 3569 3833 Πολλοὶ
3600 3776 3661 3830 δὲ
3688 3770 3750 3828 αὐ
3774 3769 3844 3824 καὶ
3865 3762 3932 3861 id:

2429 3883 2546 3936 λανι
2570 3852 2703 3953 λίθῳ
2815 3879 3017 3951 ἀφανὲς
3047 3852 3211 3931 αὐτοῦ
3241 3874 3340 3943 τῆς
3369 3870 3554 3931 οὐσίας
3582 3867 3843 3953 ἐδήλωσαν
3866 3852 3927 3905 καὶ

2428 3948 2837 4045 ἀνθρωποειδεῖς
2865 3948 2964 4042 μὲν
3008 3966 3318 4024 ἁπετύπουν
3360 3961 3484 4024 τοὺς
3512 3959 3705 4019 θεοὺς,
3732 3957 3798 4007 ὅτι
3830 3948 3935 4045 ’μὴ’

2428 4040 2618 4121 κον-τὸ
2641 4066 2813 4119 Θεῖονο
2840 4040 3039 4125 καλοὺς
3070 4062 3147 4122 δὲ,
3167 4060 3253 4111 ὅτι
3286 4055 3478 4118 κάλλος
3515 4056 3572 4106 ὲν
3606 4050 3817 4108 ἐκείνοις
3842 4040 3937 4106 Mr

2432 4175 2609 4231 ρατον’
2644 4160 2918 4228 διαφᾱροις
2948 4155 3005 4209 δὲ
3035 4154 3274 4223 σχήμασι
3313 4149 3407 4201 καὶ
3433 4146 3691 4218 ἡλικίαις,
3717 4137 3942 4206 καθέδραις

2427 4230 2487 4305 τε
2540 4253 2632 4305 καὶ
2661 4253 2900 4313 στάσεσι,
2944 4248 3038 4303 καὶ
3073 4244 3391 4315 ἀμφιάσεσι·
3420 4242 3515 4294 καὶ
3558 4240 3687 4301 τοὺς
3714 4234 3804 4307 μὲν
3826 4230 3945 4303 ἆρρε·

2427 4362 2542 4409 νας,
2580 4343 2681 4407 τὰς
2715 4344 2771 4396 δὲ
2798 4340 3034 4414 θηλείας,
3072 4337 3165 4390 καὶ
3205 4333 3523 4405 παρθένους,
3550 4330 3647 4383 καὶ
3673 4315 3943 4420 ἐφήδξῗυςο.ἦ

2428 4436 2607 4506 γάμου
2650 4436 2841 4505 πεῖραν
2866 4429 3172 4501 εἰληφότας,
3216 4428 3295 4489 είς
3323 4421 3662 4495 παράστασιν
3693 4416 3851 4475 αὐτῶν
3874 4416 3947 4506 τῆς

2427 4504 2877 4599 διαφορᾶς.Ὄθεν
2894 4524 2998 4575 πᾶν
3009 4520 3073 4573 τὸ
3087 4519 3273 4571 λευκὸν
3289 4519 3398 4579 τοῖς
3419 4514 3685 4587 οὐρανίοις
3705 4512 3832 4573 θεοῖς
3845 4504 3947 4559 ἀπέ-

764 4620 963 4681 potest.
1012 4608 1325 4675 Quinetiam
1354 4609 1597 4678 plerique
1631 4606 1786 4674 nigro
1842 4606 2020 4677 lapide
2068 4616 2321 4661 naturam

2429 4637 2639 4689 νειμαν,
2671 4615 2911 4687 σφαῖραν
2930 4630 2990 4665 τε
3023 4612 3117 4667 καὶ
3146 4612 3214 4665 τὰ
3252 4611 3513 4682 σφαιρικὰ
3541 4610 3735 4671 πάντα,
3769 4602 3947 4689 ἰδίωςτι

762 4705 911 4759 illius
937 4717 1208 4774 nusquam
1242 4700 1343 4755 sub
1372 4700 1559 4754 oculos
1597 4700 1875 4755 cadentem
1910 4701 2323 4756 adumbrarunt.

762 4795 898 4851 Nam
931 4798 1074 4868 quod
1111 4797 1317 4851 ratione
1349 4793 1627 4864 praeditum
1668 4789 1872 4847 Numen
1913 4795 2003 4860 sit,
2034 4795 2327 4851 humanam

765 4890 822 4943 in
856 4890 1079 4959 ﬁguram
1104 4892 1235 4945 deos
1269 4888 1718 4951 conformarunt;
1752 4888 1896 4955 quod
1920 4904 2048 4942 vero
2088 4886 2329 4957 pulchri—-

765 4981 1008 5034 tudinem
1039 4981 1235 5035 habeat
1261 4981 1406 5034 omni
1434 4979 1544 5034 fato
1570 4979 1923 5048 superiorem,
1946 4978 2131 5032 formae
2151 4974 2330 5043 digni-

763 5080 877 5126 tate
930 5080 1247 5140 praestantes
1297 5072 1659 5134 eﬁimcruut;
1722 5072 1869 5125 varia
1918 5070 2151 5137 denique
2202 5083 2328 5121 cum

764 5163 965 5233 specie,
994 5171 1107 5216 tum
1140 5172 1292 5215 aetate
1318 5166 1635 5232 spectabiles
1658 5205 1673 5227 ,
1724 5164 1957 5232 itemque
1984 5162 2199 5215 diverso
2243 5159 2327 5212 vel

766 5255 985 5311 sedendi
1030 5252 1115 5307 vel
1154 5253 1327 5306 standi
1363 5271 1530 5321 more,
1568 5258 1823 5325 cultuque
1855 5253 2123 5316 dissimili,
2167 5252 2327 5305 adeo-

765 5363 871 5417 que
894 5362 1072 5401 mares
1097 5345 1251 5407 alios,
1285 5345 1417 5399 alios
1442 5347 1690 5412 feminas,
1721 5348 1976 5418 virgines,
2010 5344 2325 5399 adolescen-

767 5449 870 5503 tes,
899 5436 1357 5504 matriniouioquc
1386 5438 1726 5506 conjunctos,
1749 5449 1806 5493 ut
1829 5453 2016 5493 eorum
2043 5437 2185 5490 inter
2206 5449 2325 5489 sese

763 5530 1058 5587 discrimen
1099 5546 1165 5585 ac
1201 5528 1556 5584 differentiam
1597 5532 1930 5585 exbiberent.
1988 5528 2172 5596 Itaque
2202 5526 2323 5580 alba

767 5622 948 5676 omnia
971 5624 1279 5679 caelestibus
1321 5621 1425 5675 aliis
1466 5622 1849 5690 assignarunt,
1888 5624 2123 5688 itemque
2152 5618 2327 5687 sphae-

837 5757 949 5825 (70)
993 5758 1341 5828 Φθέτξομαι.
1387 5756 1481 5811 Hic
1538 5754 1815 5826 Potrltyrii
1869 5758 2023 5812 locus
2071 5770 2176 5808 non
2233 5771 2326 5807 cx-

768 5837 893 5885 alat.

838 5900 947 5965 ("l‘
1002 5898 1553 5965 Ἀποτισπώσαντες.
1598 5896 1762 5952 Mont.
1802 5908 1851 5952 ct
1879 5898 2010 5953 alter
2044 5913 2168 5964 ms.,
2196 5897 2325 5950 ὐπο-

2432 4687 2620 4779 κόσμῳ
2652 4708 2747 4761 καὶ
2772 4706 2909 4775 ἡλίῳ
2946 4703 3041 4756 καὶ
3088 4702 3301 4776 σελήνῃ,
3334 4701 3444 4755 ἔσθ’
3470 4702 3601 4753 ὅπου
3642 4698 3701 4751 δὲ
3738 4692 3823 4747 καὶ
3846 4687 3947 4779 τύχῃ

2431 4776 2753 4855 καὶτὲλπίδι·
2789 4797 2982 4849 κύκλον
3031 4795 3087 4848 δὲ
3120 4794 3307 4849 καὶτὰ
3337 4791 3567 4848 κυκλικά
3610 4788 3762 4843 αἰῶνι
3802 4776 3948 4843 καὶτῇ

2430 4894 2549 4946 κατ’
2579 4890 2805 4962 οὐρανὸν
2853 4893 3081 4960 κινήσει,
3124 4890 3243 4952 ταῖς
3289 4904 3352 4940 τε
3385 4887 3444 4938 ἐν
3476 4880 3625 4950 αὐτῷ
3678 4876 3859 4942 ζώναις
3881 4867 3952 4923 καὶ

2427 4989 2540 5050 τοῖς
2565 4985 2799 5049 κύκλοις·
2828 4984 3037 5037 κύκλων
3074 4982 3131 5036 δὲ
3158 4984 3416 5053 τμήματα
3442 4978 3557 5037 τοῖς
3593 4965 3951 5043 σχηματισμοῖς

2427 5079 2526 5149 τῆς
2553 5077 2783 5149 σελήνης
2810 5092 2821 5103 ’
2856 5076 3164 5149 πυραμίδας
3193 5073 3250 5125 δὲ
3274 5071 3370 5124 καὶ
3394 5065 3704 5126 ὀϐελίσκους
3726 5064 3788 5133 τῇ
3816 5054 3953 5128 πυρὸς

2428 5168 2605 5240 οὐσίᾳ,
2628 5169 2718 5222 καί
2741 5168 2829 5221 διὰ
2847 5167 3003 5221 τοῦτο
3026 5167 3117 5219 καὶ
3138 5166 3252 5223 τοῖς
3288 5156 3597 5228 Ὀλυμπίοις
3620 5153 3776 5217 θεοῖς·
3800 5149 3952 5240 ὥστεεῆ

2428 5258 2494 5315 αὖ
2523 5236 2699 5315 κιῦνον
2734 5260 2834 5331 μὲν
2866 5252 3021 5330 ἡλίῳ,
3062 5259 3134 5326 γῇ
3172 5254 3228 5307 δὲ
3268 5248 3562 5321 κύλινδρον,
3590 5247 3766 5318 σπορᾷ
3805 5241 3855 5295 δὲ
3882 5236 3954 5291 καὶ

2428 5354 2638 5423 γενέσει
2669 5353 2881 5423 φάλητα
2908 5350 3002 5403 καὶ
3016 5347 3075 5400 τὺ
3088 5344 3348 5417 τρίγωνον
3378 5343 3581 5415 σχῆμα,
3606 5340 3693 5395 διὰ
3715 5338 3775 5391 τὸ

2426 5414 2524 5514 τῆς
2556 5414 2848 5513 θηλείας..)
2886 5437 3069 5491 Ταῦτα
3165 5414 3808 5506 θαυμαστὸςγιιιοιλόςιντδφος⁸
3834 5414 3957 5514 ὧντί

2427 5511 2492 5587 ἂν
2520 5511 2725 5604 γένοιτο
2765 5527 3230 5599 ἀσχημονέστερον
3268 5527 3333 5581 τὰ
3366 5526 3565 5597 αἰσχρὰ
3611 5511 3958 5594 σεμνολογούνι

2427 5634 2571 5692 των;
2608 5628 2661 5679 τί
2687 5626 2741 5679 δὲ
2766 5624 3065 5693 βιαιότερον
3095 5621 3194 5685 τὰς
3223 5620 3460 5693 ἀψύχους
3484 5620 3638 5683 ὕλας,
3676 5612 3865 5690 χρυσὸν
3885 5604 3958 5660 καὶ
3998 5648 3999 5651 η

2427 5783 2487 5818 τυ
2497 5764 2790 5823 πὼσαντες.

2500 5838 2612 5906 (72)
2653 5830 2877 5888 Αὐτῶν.
2923 5830 3068 5885 Alter
3100 5846 3127 5886 e
3156 5847 3310 5894 mss.,
3347 5825 3532 5889 αὐτοῦ,
3560 5830 3722 5879 recte.
