4044 6334
91 434 178 490 ιιι
294 458 298 460 ‘
1271 448 1593 504 PMPAR.
1629 450 1881 506 EVANG.
1922 450 2050 507 LIB.
2093 451 2180 507 ιιι.

3232 455 3332 509 182

86 550 285 616 nam.
306 556 423 609 καὶ
456 574 526 610 τα
547 559 791 622 τοιαῦτα,
814 561 1029 626 εἰκόνας
1054 562 1238 634 φέρειν
1262 564 1353 617 τοῦ
1380 564 1557 639 φωτὸς
1579 564 1685 618 τῶν

1790 583 1906 622 ram
1961 577 2015 623 et
2058 580 2250 624 cuncta
2289 544 2549 639 sphaarica
2607 570 2795 641 mundi
2821 570 3072 639 quidem,
3119 571 3245 625 solis
3276 588 3337 624 ac

86 643 240 709 θειῖιν,
274 647 383 699 καὶ
440 650 546 719 τῆς
572 649 819 721 οὐρανίου
852 653 945 707 καὶ
988 652 1228 723 αἰθερίου
1257 654 1471 724 φύσεως
1512 656 1684 727 δηλώ-

16 782 21 785 ,
90 754 228 805 ματα
264 738 555 809 tpdmw;
589 743 707 798 ὐτι
752 745 938 798 δὲτῶν
988 745 1122 799 νέων
1151 748 1268 799 ἐστὶ
1310 747 1483 801 ταῦτα
1528 751 1681 819 σοφί-

90 846 290 899 σματα,
328 835 469 903 μηδ’
494 835 626 907 δναρ
648 837 756 892 τῶν
782 836 1035 892 παλαιῶν
1064 841 1144 902 εἰς
1171 840 1470 910 ἐνθύμησιν
1498 842 1679 895 ἐλθόν-

90 938 170 982 τα,
200 924 408 993 γνοίης
435 926 508 980 ἃν
534 927 739 997 μαθὼν,
770 931 852 983 δτι
879 932 971 983 καὶ
991 930 1270 1001 ἀπόϐλητα
1299 927 1368 1001 ἦν
1401 933 1550 1004 παρὰ
1571 935 1684 998 τοῖς

94 1010 388 1082 προτέροις
409 1016 488 1068 τὰ
510 1016 598 1071 διὰ
639 1018 837 1089 χρυσοῦ
864 1019 956 1073 καὶ
1002 1019 1098 1089 τῆς
1128 1018 1486 1090 νομιζομένης
1523 1021 1684 1074 πολυ-

1788 658 1931 712 luna:
1965 660 2206 729 propria,
2235 661 2327 714 sed
2349 669 2525 714 tamen
2559 662 2623 715 iis
2654 661 2943 729 aliquando
2979 677 3101 715 cum
3124 660 3339 715 fortuna

1786 754 1843 798 et
1872 760 1967 813 spe
2005 749 2315 801 communia
2360 764 2481 802 esse
2517 750 2802 803 voluerunt
2850 768 2862 804 :
2915 751 3175 805 circulum
3213 766 3340 804 vero

1786 851 2013 907 quaeque
2037 839 2320 895 circularis
2347 852 2499 895 erant
2532 843 2731 911 ﬁgurae,
2789 842 2981 911 partim
3016 843 3296 897 aeternitati
3323 882 3340 908 ,

1787 929 1980 998 partim
2008 929 2129 983 caeli
2162 932 2351 996 motui,
2385 932 2735 1001 ejusdemque
2784 935 2933 987 zonis
2971 950 3036 987 ae
3080 934 3297 987 circulis
3326 952 3340 997 ;

1785 1022 2111 1076 circulorum
2146 1031 2322 1076 autem
2353 1024 2617 1078 sectioncs
2649 1026 2813 1078 variis
2842 1026 2981 1079 luna:
3011 1026 3225 1094 ﬁguris:
3252 1040 3346 1094 py—

90 1102 424 1175 τελεστέρας
479 1108 610 1179 ὕλης
667 1110 853 1175 ξόανα.
897 1111 1059 1180 Λέγει
1099 1112 1143 1165 δ’
1196 1110 1288 1167 οὖν
1341 1111 1685 1183 Πλούταρχος

1790 1113 2025 1167 ramides
2060 1125 2115 1166 et
2162 1113 2431 1167 obeliscos
2472 1114 2613 1183 ignis
2655 1124 2889 1181 natura),
2942 1117 3235 1184 eademque
3277 1117 3349 1168 de

97 1186 189 1246 ὧδέ
221 1212 299 1268 πη
338 1200 497 1252 κατὰ
530 1200 695 1267 λέξιν.
1257 1221 1262 1226 ·

1790 1218 1954 1259 causa
1989 1202 2250 1275 Olympiis
2298 1221 2515 1276 quoque
2552 1208 2694 1273 diis,
2747 1216 2806 1261 ut
2856 1222 3051 1261 conum
3094 1217 3348 1276 praterea

101 1288 214 1355 soli,
247 1300 420 1348 terra
473 1296 805 1365 cylindrum,
849 1300 1041 1353 semini
1090 1315 1169 1355 ac-
1217 1301 1550 1372 generationi
1596 1299 1828 1370 efﬁgiem
1888 1302 2119 1365 veretri,
2161 1302 2495 1372 ﬁguramque
2534 1303 2914 1373 triangularem
2980 1312 3194 1372 propter
3259 1316 3351 1354 ve-

103 1385 401 1441 recundum
460 1388 674 1445 femina:
731 1395 1027 1449 membrum
1086 1396 1409 1451 tribuerunt.
1465 1416 1485 1448 ι
1538 1393 1662 1450 [late
1698 1395 2364 1470 egregiussingularisque
2404 1397 2777 1468 pliilOSOphus,
2817 1399 3013 1468 quibus
3061 1398 3186 1467 quid
3246 1396 3351 1450 fua-

107 1473 219 1527 dius
244 1490 310 1530 ac
337 1480 565 1548 turpius
592 1481 698 1536 dici
728 1484 935 1552 possit,
984 1500 1108 1539 cum
1155 1502 1248 1556 per
1277 1502 1342 1541 ea
1392 1502 1479 1541 res
1511 1487 1674 1541 etiam
1714 1486 2041 1555 turpissima:
2087 1488 2263 1543 verbis
2316 1490 2549 1557 graviter
2596 1504 2661 1545 ac
2703 1490 2987 1559 magniﬁce
3054 1488 3348 1558 pra-dicen-

112 1566 228 1621 tur‘l
273 1570 416 1637 quid
454 1587 619 1640 porro
662 1580 912 1629 coactum
974 1578 1162 1644 magis,
1204 1593 1369 1647 quam
1424 1578 1692 1631 inanimas
1729 1576 1990 1645 quasdam
2037 1580 2313 1643 materias,
2356 1596 2569 1647 aurum,
2639 1579 2882 1648 lapides,
2949 1589 3247 1647 caeteraqne
3295 1578 3347 1633 id

122 1672 302 1727 genus,
359 1662 507 1719 lucis
553 1680 619 1720 ac
666 1666 891 1720 deorum
942 1666 1235 1739 imagines,
1290 1678 1386 1723 aut
1435 1668 1672 1724 cwlestis
1704 1667 2044 1735 aetheriteque
2073 1678 2279 1723 natura).
2319 1670 2609 1725 simulacra
2657 1684 2766 1738 prae
2823 1683 2881 1725 se
2949 1668 3133 1723 ferre?
3182 1667 3347 1720 ϐίοιο-

127 1767 229 1807 run
260 1754 382 1810 huic
419 1756 751 1824 sophismata
782 1774 813 1813 a
839 1763 1059 1829 nuperis
1085 1761 1411 1830 quihusdam
1459 1762 1670 1816 invecta
1708 1777 1848 1823 esse,
1878 1762 1943 1815 de
1970 1761 2169 1831 quibus
2215 1761 2333 1831 99
2360 1778 2425 1816 ne
2461 1779 2555 1832 per
2604 1762 2875 1819 somnium
2938 1762 3153 1829 quidem
3204 1769 3347 1811 vete-

120 1861 195 1898 res
224 1848 543 1916 cogitarint,
576 1850 658 1902 vel
684 1865 749 1904 ex
790 1866 858 1905 eo
887 1852 1171 1924 intelligas,
1200 1852 1345 1922 quod
1387 1853 1548 1922 prisci
1598 1854 1674 1907 illi
1714 1853 1961 1908 homines
2006 1853 2247 1909 confecta
2293 1871 2357 1909 ex
2392 1870 2526 1908 auro
2574 1865 2668 1909 aut
2695 1854 2798 1907 alia
2835 1853 3066 1922 quadam
3099 1852 3345 1905 materia.

115 1956 225 2007 qua:
270 1943 453 2012 pluris
499 1946 756 2000 aestimari
806 1948 972 2013 solet,
1024 1947 1314 2003 simulacra
1368 1948 1672 2018 rejicereut.
1713 1948 1887 2019 Atque
1918 1949 1970 2004 id
1995 1948 2316 2004 Plutarchus
2361 1950 2440 2005 sic
2464 1950 2529 2003 ad
2564 1949 2783 2003 verbum
2835 1946 3028 2001 alicubi
3094 1957 3344 2001 testatum

112 2036 362 2105 reliquit.

640 2129 1031 2182 ΚΕΦΛΛΜΟΝ
1067 2130 1148 2182 Ην.
1360 2182 1364 2187 .

1966 2174 1971 2180 .
2359 2129 2592 2186 CAPUT
2633 2127 2768 2183 Vlll.

108 2242 260 2308 Περὶ
298 2240 412 2310 τῆς
438 2242 685 2310 παλαιᾶς
893 2243 1125 2308 ξοάνων
1163 2247 1542 2315 κατασκευῆς
1593 2246 1685 2302 καὶ

805 2330 1052 2363 ουσεωρ.

1862 2241 1938 2295 De
1982 2242 2158 2311 prisca
2216 2242 2505 2295 simulacra
2559 2242 2867 2322 conﬁciendi
2914 2243 3279 2312 statuendiquc

2133 2332 2146 2349 ι
2464 2322 2685 2363 ratione.

2133 2332 2146 2349 ί
2464 2329 2685 2365 rattone.

744 2314 1052 2383 ἱδρύσεως.

188 2419 211 2454 σ
234 2400 303 2455 Ἠ
324 2402 381 2456 δὲ
398 2403 614 2474 (73)τῶν
640 2404 843 2472 ξοάνων
870 2406 1085 2477 ποίησις
1108 2411 1331 2481 ἀρχαῖον
1358 2409 1529 2463 ἔοικεν
1552 2405 1689 2462 εἷναί

110 2508 166 2545 τι
193 2494 289 2545 καὶ
328 2493 587 2559 παλαιὸν,
629 2494 683 2548 εἴ
721 2514 786 2566 γε
821 2497 1027 2564 ξύλινον
1060 2500 1158 2570 μὲν
1186 2496 1253 2571 ἦν
1280 2500 1344 2551 τὸ
1372 2500 1584 2569 πρῶτον
1610 2500 1690 2561 εἰς

120 2586 282 2655 Δῆλον
313 2585 419 2638 ὑπὸ
451 2586 810 2659 Ἐρισίχθονος
849 2591 1140 2645 Ἀπόλλωνι
1174 2593 1265 2645 ἐπὶ
1296 2591 1403 2644 τῶν
1448 2590 1689 2661 θεωριῶν

125 2675 369 2745 ἄγαλμαο
398 2675 607 2742 ξύλινον
639 2679 696 2732 δὲ
737 2681 800 2733 τὸ
832 2680 931 2751 τῆς
964 2684 1218 2747 Πολιάδος
1261 2685 1365 2736 ὑπὸ
1398 2683 1503 2736 τῶν
1535 2683 1691 2735 αὐτο-

132 2766 320 2838 χθόνων
344 2769 587 2840 ἱδρυθὲν,
628 2772 656 2824 ὃ
683 2774 848 2843 μέχρι
873 2775 967 2827 νῦν
1004 2776 1273 2847 Ἀθηναῖοι
1306 2776 1690 2845 διαφυλάττου-

134 2875 227 2911 σιν-
246 2860 414 2933 Ἥρας
434 2864 491 2918 δὲ
517 2868 612 2919 καὶ
639 2867 829 2937 Σάμιοι
861 2866 1069 2931 ξύλινον
1100 2864 1241 2937 εἶχον
1268 2864 1427 2932 εἶδος,
1454 2869 1530 2931 ὦς
1558 2886 1687 2938 φησι

126 2949 497 3024 Καλλίμαχος·
539 2956 702 3010 Οὔπω
738 2957 845 3028 (74)
882 2958 1140 3028 σκέλμιον
1179 2958 1337 3028 ἔργον
1370 2962 1448 3021 εἰς
1479 2958 1684 3021 ξόανον,

126 3041 231 3093 ἀλλ’
258 3044 351 3097 ἐπὶ
382 3046 585 3116 τεθμὸν
616 3048 679 3118 δὴ
714 3049 1028 3118 νεόγ).υφον,
1054 3043 1228 3113 ὦναξ,
1258 3050 1383 3112 θεᾶς
1411 3045 1553 3121 ἦσθα
1588 3065 1687 3102 σα-

127 3134 227 3199 νίς·
256 3128 359 3189 ὧδε
390 3138 499 3208 γὰρ
534 3139 881 3213 καθιδρύοντο
903 3140 1057 3203 θεοὺς
1081 3142 1220 3194 τότε.
1254 3141 1365 3193 Καὶ
1393 3142 1500 3212 γὰρ
1528 3140 1687 3211 Ἀθή-

123 3241 212 3293 νης
250 3226 309 3277 ἐν
348 3226 527 3297 Λίνδῳ
565 3230 767 3286 Δαναὸν
798 3232 938 3286 λεῖον
980 3233 1175 3304 ἔθηκεν
1205 3233 1341 3300 ἕδος,
1369 3234 1599 3302 Λέγεται
1627 3234 1684 3287 δὲ

119 3317 319 3391 Πείρας
349 3319 461 3390 (75)
494 3324 524 3374 ὁ
563 3322 777 3393 πρῶτος
812 3324 1114 3395 Ἀργολίδος
1142 3326 1317 3398 Ἥρας
1362 3326 1505 3397 ἱερὸν
1536 3325 1683 3378 εἱσά-

1788 3320 1964 3375 suisse
1994 3318 2186 3385 fertur,
2242 3328 2297 3374 et
2351 3319 2692 3389 Callithyiam
2738 3318 2902 3371 ﬁliam
2934 3318 3053 3386 ejus
3090 3318 3341 3371 sacerdo.

125 3426 276 3478 μενος
295 3449 311 3474 ,
340 3410 443 3481 τὴν
472 3412 661 3465 ἑαυτοῦ
692 3414 963 3487 θυγατέρα
987 3418 1316 3471 Καλλίθυιαν
1352 3418 1553 3490 ἱέρειαν
1590 3436 1684 3471 κα-

1786 3422 1894 3468 tem
1925 3412 2136 3476 fecisse,
2175 3421 2337 3481 atque
2381 3428 2446 3469 ex
2502 3410 2797 3481 Tirynthiis
2823 3410 3107 3463 arboribus
3138 3420 3339 3464 sectam

121 3504 390 3572 ταστήσας
416 3543 431 3568 ,
466 3506 530 3557 ὲκ
563 3506 669 3559 τῶν
707 3482 835 3577 περὶ
861 3482 1095 3579 Ἰίίρυνθα
1131 3511 1363 3582 δένδρων
1402 3482 1569 3581 δγχην
1598 3529 1685 3565 τε-

1788 3522 1983 3577 pyrum
2020 3496 2321 3560 silvestrem
2359 3504 2411 3557 in
2443 3503 2739 3573 elegantem
2770 3519 2831 3556 ac
2862 3503 3080 3573 politam
3108 3501 3338 3555 Iunonis

131 3592 233 3662 μὼν
271 3595 599 3661 εὐκτέανον,
639 3599 816 3669 Ἥρας
862 3599 1082 3671 ἄγαλμα
1114 3602 1418 3673 μορφῶσαι.
1469 3604 1684 3675 Πέτραν

1785 3600 2075 3667 imaginem
2106 3597 2495 3667 conﬁgurasse.
2526 3594 2657 3648 Nam
2695 3595 2925 3666 lapidem
2966 3595 3180 3672 quidem
3218 3596 3338 3664 ipsi,

137 3685 219 3752 μὲν
243 3686 353 3757 γὰρ
386 3688 467 3750 εἰς
501 3685 623 3740 θεοῦ
650 3688 866 3741 κόπτειν
904 3690 1119 3753 εἰκόνα,
1153 3692 1393 3763 σκληρὰν
1422 3692 1517 3745 καὶ
1558 3691 1683 3744 δύσ-

1788 3691 1997 3759 quippe
2018 3705 2133 3743 rem
2160 3689 2434 3743 duriorem
2468 3687 2756 3755 minusque
2793 3688 2895 3740 arti
2955 3688 3338 3756 obsequentem

129 3794 276 3847 εργον
342 3780 437 3832 καὶ
484 3781 719 3851 ἄψυχον,
780 3783 879 3833 οὑκ
912 3781 1222 3836 ὲϐούλοντο’
1254 3785 1453 3855 χρυσὸν
1485 3784 1540 3836 δὲ
1591 3784 1685 3837 καὶ

1785 3783 2071 3849 animaque
2101 3791 2397 3844 carentem,
2441 3780 2495 3833 in
2523 3779 2759 3833 numinis
2786 3779 3013 3855 efﬁgiem
3054 3779 3339 3847 scalpenda

124 3868 354 3939 ἄργυρον
398 3872 625 3942 ἡγοῦντο
678 3874 779 3945 γῆς
823 3873 1073 3945 ἀκάρπου
1126 3876 1221 3927 καὶ
1283 3875 1685 3948 διεφθαρμένης

1785 3874 2128 3930 conformare
2158 3860 2413 3928 nolebant
2447 3892 2459 3926 :
2491 3888 2683 3926 aurum
2728 3878 2911 3923 autem
2943 3880 3107 3939 atque
3147 3886 3341 3940 argen-

1866 2420 1885 2453 ι
1914 2400 2096 2455 Prisca
2133 2416 2259 2456 vero
2280 2416 2343 2455 ac
2363 2411 2667 2470 pervetusta
2695 2400 2955 2454 habeatur
2974 2402 3345 2471 ﬁngendorum

1791 2492 2208 2547 simulacrorum
2239 2493 2598 2547 consuetudo.
2627 2493 2763 2545 Illud
2785 2503 2930 2547 certe
2945 2493 3341 2561 quidem,quod

1790 2586 1845 2637 in
1870 2583 1998 2639 Delo
2026 2585 2260 2655 primum
2294 2586 2363 2639 ab
2393 2584 2783 2639 Eresichthone
2818 2586 3345 2640 solemnioribusAt-

1789 2676 1908 2731 tica
1938 2692 2147 2747 pompae
2199 2677 2391 2732 diebus
2432 2690 2812 2733 consecratum
2844 2678 3075 2747 Apollini
3128 2678 3342 2746 signum

1788 2776 1893 2835 est,
1914 2768 2149 2837 ligneum
2180 2780 2297 2823 erat
2333 2789 2345 2823 :
2383 2771 2617 2839 itemque
2656 2772 2887 2839 ligneum
2937 2770 3085 2825 aliud
3139 2772 3206 2825 ab
3257 2772 3341 2823 in-

1790 2858 2001 2929 digenis
2026 2860 2157 2928 ipsis
2181 2858 2433 2913 Minervae
2471 2858 2679 2914 Urbica:
2710 2862 2966 2929 positum,
3001 2860 3145 2929 quod
3175 2860 3342 2911 Athe-

1791 2937 2009 3007 nienscs
2056 2951 2323 3019 hodieque
2383 2962 2619 3005 servant.
2676 2950 2817 3017 Quin
2848 2962 2902 3005 et
2930 2946 3096 3006 Samii
3130 2967 3343 3021 quoque

1788 3043 2019 3114 ligneam
2045 3044 2275 3100 lunonis
2310 3045 2537 3117 efﬁgiem
2570 3046 2827 3111 habuere,
2868 3054 2927 3099 ut
2959 3045 3149 3100 scribit
3181 3045 3345 3099 Calli-

1788 3137 2033 3193 machus.
2186 3179 2199 3192 .
2348 3179 2362 3193 .
2511 3178 2527 3193 .
2674 3175 2689 3190 .

1788 3227 1942 3283 Piras
1973 3244 2104 3283 vero
2136 3231 2386 3299 princeps
2409 3228 2638 3283 Jnnonis
2670 3227 2933 3297 Argolica:
2953 3227 3210 3296 templum
3241 3242 3339 3295 po—

126 3960 386 4032 χρώματα
428 3966 630 4037 νοσώδη
663 3966 793 4037 (76),
822 3969 915 4020 καὶ
944 3966 1162 4037 κηλίδας
1187 3967 1425 4032 ἐξανθεῖν
1444 4008 1459 4031 ,
1497 3968 1684 4039 ὥσπερ

135 4053 400 4122 μώλωπας
426 4058 530 4112 ὑπὸ
558 4059 725 4133 πυρὸς
776 4060 1148 4132 ῥαπισθεξσης·
1189 4058 1433 4127 ἐλέφαντι
1472 4060 1528 4113 δὲ
1557 4061 1683 4113 παί-

135 4144 316 4211 ζοντες
346 4150 439 4218 μὲν
477 4149 590 4202 ἐσθ’
631 4152 763 4205 ὅπου
809 4145 1190 4223 προσεχρῶντο
1218 4150 1532 4225 ποικίλματι
1560 4153 1684 4223 τρό-

131 4236 237 4307 φῆς
262 4239 388 4309 (77).
423 4260 440 4291 ι
463 4241 649 4296 Ταῦτα
680 4244 707 4295 ὁ
737 4241 1078 4313 Πλούταρχος
1098 4258 1110 4271 ·
1140 4240 1234 4294 καὶ
1258 4239 1443 4294 τούτου
1472 4239 1529 4293 δὲ
1549 4242 1681 4296 πολὺ

128 4330 384 4403 πρότερον
420 4335 453 4388 ὁ
491 4333 711 4389 Πλάτων
757 4336 907 4388 οὐδὲν
939 4331 1075 4388 εἶναι
1113 4334 1341 4405 σεμνὸν,
1373 4335 1493 4388 οὐδὲ
1518 4353 1685 4405 προσ-

132 4422 297 4487 οοικὸς
338 4423 459 4496 θεία⁵
505 4426 663 4496 φύσει
702 4428 761 4481 ὲν
804 4427 1018 4499 χρυσῷ,
1069 4428 1162 4482 καὶ
1194 4427 1387 4491 λίθοις,
1430 4428 1521 4480 καὶ
1568 4428 1693 4481 tu;

131 4532 314 4582 φαντι,
352 4519 467 4580 τοῖς
490 4535 549 4571 τε
577 4518 637 4584 ἐξ
676 4519 807 4591 ὕλης
838 4521 1043 4593 ἀψύχου
1086 4522 1597 4591 κατασκευάσμασιν
1622 4520 1680 4576 εὖ

129 4606 268 4677 μάλα
301 4607 478 4672 εἰδὼς,
508 4610 808 4667 ἐπάκουσον
840 4616 896 4667 ὲν
919 4618 1033 4679 τοῖς
1060 4618 1274 4684 Νόμοις
1300 4617 1456 4668 ὁποῖα
1477 4615 1683 4669 διατάτο

125 4708 291 4746 τεται·
332 4711 350 4744 ι
377 4693 453 4764 Γῆ
513 4698 607 4769 μὲν
643 4693 735 4751 οὖν
779 4699 927 4757 ἑστία
968 4717 1027 4752 τε
1068 4702 1331 4772 οἰκήσεως
1354 4742 1367 4764 ,
1400 4700 1519 4769 ἱερὰ
1548 4703 1682 4755 πᾶσι

125 4785 341 4880 inﬁme
364 4785 500 4880 θεῶν
521 4804 534 4817 ·
567 4788 754 4880 μηδεὶς
782 4786 875 4844 οὖν
901 4792 1165 4864 δευτέρως
1195 4794 1319 4864 ἱερά¹
1350 4792 1682 4864 καθιερούτω
1717 4826 1759 4880 D

124 4874 281 4942 θεοῖς.
312 4879 526 4951 Χρυσδς
550 4879 608 4932 δὲ
640 4879 739 4934 καὶ
761 4881 998 4953 ἄργυρος
1030 4885 1293 4949 sumat;
1336 4886 1549 4938 πόλεσιν
1578 4886 1682 4958 ἰδίᾳ

880 4984 886 5012 l

187 5102 305 5171 (73)
355 5104 527 5161 Ἠδά.
569 5105 747 5180 Locus
778 5103 1171 5180 hiePlutarchi
1227 5126 1335 5165 non
1389 5110 1674 5180 reperitur,

121 5188 219 5228 nec
251 5186 544 5243 sequentes
566 5177 883 5233 Callimachi
912 5193 1119 5233 versus.

188 5242 308 5315 (74)
338 5242 551 5300 οὕτω.
586 5246 743 5304 Prius
773 5250 874 5303 hoc
900 5246 1217 5303 Callimachi
1254 5250 1545 5306 distichum
1574 5251 1676 5304 mi-
1713 5271 1721 5279 -

122 5312 173 5368 hi
199 5312 432 5390 quidem
465 5315 699 5390 ἀνίατον.
729 5318 807 5373 Ex
830 5333 895 5373 eo
936 5326 1147 5371 tantum
1197 5328 1471 5390 utcunque
1511 5322 1675 5375 disci-

120 5383 268 5447 mus.
298 5383 485 5438 rudem
508 5386 742 5442 tabulam
772 5397 867 5443 aut
891 5403 1147 5451 asserem,
1183 5390 1287 5444 hoc
1320 5383 1673 5445 simulacrum

121 5452 314 5527 fuisse.
343 5452 621 5527 Posterius
671 5459 963 5513 distichum
1026 5457 1238 5512 facilius
1290 5469 1407 5527 est;
1465 5470 1673 5515 tantum

122 5524 241 5596 loco
286 5524 510 5589 Δαναόν,
557 5531 921 5596 reponendum
958 5545 1022 5583 ex
1064 5530 1232 5582 altero
1283 5524 1410 5595 ms.,
1452 5533 1674 5595 Δαναός.

120 5592 332 5651 Lindus
379 5604 556 5650 autem
606 5592 735 5650 urbs
768 5597 867 5651 fuit
919 5601 973 5653 in
1008 5600 1195 5652 Rhodo
1241 5592 1438 5653 insula.
1472 5592 1675 5656 Sensus

121 5665 290 5734 igitur
312 5674 419 5729 est,
456 5673 590 5729 tum,
616 5666 667 5721 id
698 5676 782 5721 est
814 5669 967 5733 olim,
994 5686 1057 5723 eo
1085 5670 1243 5723 modo
1273 5680 1483 5723 erectos
1512 5670 1677 5725 fuisse

189 5739 443 5810 situsque
492 5737 830 5810 deos,_‘hoc~
870 5748 955 5792 est
1003 5742 1207 5810 ligneos
1256 5759 1267 5792 :
1323 5738 1675 5807 Danaumque

164 5807 300 5871 indi,
323 5805 460 5861 laeve
504 5805 731 5861 Palladis
763 5805 1139 5872 simulacrum,
1190 5812 1289 5865 hoc
1326 5820 1428 5869 est,
1463 5818 1520 5861 ut
1551 5805 1676 5877 qui-

118 5878 240 5931 dem
272 5878 551 5943 existimo,
580 5878 875 5948 laevigatnm
900 5894 997 5949 pro
1022 5882 1313 5935 simulacro
1347 5880 1545 5950 lignum
1575 5895 1671 5949 po-

1786 3976 1898 4019 tum
1926 3965 2125 4020 sterilis
2154 3980 2217 4019 ac
2244 3965 2415 4021 vitiati
2451 3964 2550 4018 soli
2574 3962 2857 4017 morbosos
2883 3962 3091 4016 colores
3112 3979 3250 4025 esse,
3278 3980 3339 4018 ac

1784 4058 1973 4113 sordes
2016 4057 2276 4127 quasdam
2323 4066 2379 4111 et
2410 4056 2653 4110 maculas
2692 4071 2757 4109 ex
2788 4064 2928 4109 terra
2970 4056 3108 4127 ignis
3147 4058 3339 4110 ardore

1784 4166 2039 4221 percussa
2068 4192 2083 4215 ,
2128 4151 2366 4204 vibicum
2422 4150 2591 4203 instar
2645 4148 3345 4204 exsisterearbitrabantur:

1782 4242 1945 4296 ebore
1994 4256 2123 4295 vero
2170 4240 2439 4293 interdum
2477 4255 2609 4293 sane
2641 4240 2951 4303 utebantur,
2988 4238 3081 4293 sed
3109 4240 3231 4307 joco
3260 4256 3341 4292 so-

1784 4336 1919 4398 lum,
1950 4342 2005 4388 et
2034 4334 2188 4404 quasi
2212 4332 2276 4386 ad
2302 4334 2536 4401 aliquam
2572 4333 2885 4387 deliciarum
2912 4348 2974 4385 ac
3006 4333 3334 4386 lautitiarum

1784 4427 2121 4479 varietatem.
2168 4444 2185 4475 ›
2225 4422 2348 4479 Haac
2379 4424 2723 4487 Plutarchus,
2787 4438 2960 4491 eoque
3009 4424 3166 4493 longe
3202 4424 3341 4476 anti-

1784 4520 1943 4587 quior
1964 4518 2117 4572 Plato
2144 4518 2276 4571 nihil
2308 4534 2405 4572 nec
2427 4518 2479 4570 in
2514 4532 2668 4580 auro,
2700 4532 2797 4569 nec
2834 4516 2886 4569 in
2923 4516 3211 4584 lapidibus,
3240 4530 3336 4567 nec

1784 4608 1840 4661 in
1884 4608 2067 4672 ebore,
2116 4622 2213 4661 nec
2242 4608 2293 4660 in
2328 4608 2437 4659 ullo
2472 4622 2698 4676 prorsus
2741 4621 2922 4675 opere,
2971 4604 3113 4673 quod
3158 4620 3222 4657 ex
3253 4605 3336 4655 in-

1785 4700 1952 4753 animi
1986 4699 2207 4752 materia
2251 4698 2533 4761 conﬁatur,
2578 4713 2697 4753 esse
2727 4696 3054 4766 pronuntiat,
3083 4695 3224 4764 quod
3255 4695 3337 4748 vel

1785 4792 1945 4861 paulo
1978 4791 2283 4859 augustius,
2310 4792 2393 4845 vel
2423 4801 2629 4844 naturze
2664 4788 2859 4841 divina:
2901 4797 3108 4855 aptum,
3150 4802 3213 4839 ac
3260 4787 3335 4844 si,-

1784 4884 1912 4937 mile
1946 4881 2129 4935 haberi
2156 4882 2345 4948 possit.
2378 4882 2458 4935 Tu
2499 4895 2647 4949 ergo,
2696 4879 2788 4947 qui
2824 4878 3119 4941 hominem,
3170 4880 3337 4933 homi-

1781 5106 1975 5160 suisse.
2005 5101 2119 5156 Nisi
2145 5101 2408 5163 dicamus,
2438 5116 2560 5155 eum
2594 5101 2753 5154 rudes
2786 5101 2937 5169 prius
2969 5100 3336 5168 informesqne

1781 5177 1992 5244 stipites
2017 5174 2371 5244 erigerentur,
2402 5174 2635 5244 primum
2684 5187 2713 5244 a
2764 5170 3223 5244 DanaoMinervm
3259 5176 3333 5222 si-

1780 5240 2197 5307 mulacrum,'ex
2243 5242 2389 5311 ligno
2425 5240 2554 5294 illud
2584 5240 2823 5311 quidem,
2862 5244 2954 5296 sed
2984 5242 3098 5294 lzcvi
3144 5256 3206 5293 ac
3240 5256 3335 5309 po-

1780 5316 1897 5378 lito,
1932 5315 2281 5368 constitutum
2317 5312 2500 5365 fuisse.

1853 5386 2059 5454 (75—76)
2100 5382 2376 5454 Χρὼμᾳτα
2420 5382 2675 5449 νοσώδη.
2716 5381 2828 5436 Hoc
2874 5382 3033 5454 etiam
3083 5380 3334 5454 asperius

1782 5451 1881 5517 est,
1908 5472 2066 5525 quam
2091 5457 2254 5522 quod.
2282 5452 2515 5506 Bernzird
2542 5455 2701 5509 habet
2726 5469 2885 5506 sern‘i.
2918 5452 2949 5503 4
2973 5452 3033 5502 de
3059 5451 3295 5503 Adventu
3314 5466 3332 5502 :

1782 5524 1985 5579 Aurum
2016 5534 2065 5577 et
2101 5534 2391 5591 argentum,
2420 5526 2614 5593 inquit,
2647 5538 2811 5591 nonne
2838 5532 2974 5593 terra
3010 5531 3082 5571 est
3106 5524 3261 5573 rubra
3283 5530 3332 5593 et

1782 5599 1921 5659 alba,
1957 5612 2113 5665 quam
2154 5593 2294 5646 solus
2342 5592 2606 5653 hominum
2658 5608 2803 5646 error
2848 5592 2996 5657 facit,
3029 5602 3119 5643 aut
3166 5592 3329 5659 magis

1784 5679 2011 5733 reputat,
2045 5666 2369 5733 pretiosam?

1856 5738 1965 5803 (77)
2013 5730 2255 5802 Tpogﬁc.
2300 5734 2461 5788 Error
2493 5730 2828 5803 manifestus,
2861 5745 2958 5797 pro
2988 5730 3233 5798 τρυφῆς,
3276 5738 3330 5781 nt

1782 5801 1979 5860 habent
2030 5801 2325 5868 mamiscr.,
2358 5807 2475 5859 licet
2509 5804 2667 5857 Mont.
2713 5801 2929 5854 adnotet
2972 5806 3039 5854 al.
3076 5803 3327 5868 scriptum

1782 5892 1899 5931 esse
1930 5895 2029 5945 μοί
2048 5874 2183 5942 φῆς.
2259 5936 2264 5942 _
