4044 6334
137 460 265 514 185

1342 472 1659 528 ΡΗᾸΞΡΑΠ.
1701 473 1947 529 EVANG.
1990 474 2114 530 LIB.
2155 476 2238 531 Ill.

3291 464 3390 528 186

107 645 110 647 Δ
140 573 299 638 Ζεὺς
336 571 444 628 οὖν
477 578 505 631 6
535 579 642 641 πᾶς
672 579 889 649 κόσμος,
926 581 1062 645 ξῶον
1095 582 1169 642 ἐκ,
1191 583 1363 650 ξὼων,
1407 587 1499 653 καὶ
1532 585 1651 649 θεὸς
1681 587 1745 638 ἐκ

1849 588 2052 659 Jupiter
2093 607 2220 660 ergo
2261 590 2494 644 mundus
2525 589 2814 665 universus
2852 590 2956 646 est,
2995 579 3242 633 animans
3269 578 3393 648 (ιυὶ-

141 665 305 720 Βεῶν
333 683 354 698 ο
399 671 531 733 Ζεὺς
574 669 648 735 δὲ,
694 671 826 724 καθὸ
858 672 1000 738 νοῦς,
1035 675 1126 743 ἀφ’
1169 669 1230 728 οὗ
1274 678 1534 749 προφέρει
1567 679 1740 732 πάντα
1793 684 1796 686 ’

140 755 257 810 καὶ
292 756 631 831 δημιουργεί
675 764 785 822 τοῖς
823 764 1073 833 νοήμασι.
1118 765 1236 817 Τῶν
1270 765 1332 836 δὴ
1375 766 1636 834 θεολόγων
1673 765 1740 818 τά

144 846 218 918 δὴ
253 849 409 920 περὶ
435 849 528 902 τοῦ
559 849 693 904 Θεοῦ
734 851 920 906 τοῦτον
957 852 1377 926 ἐξηγησαμένων
1406 858 1496 910 τὸν
1520 858 1738 928 τρόπον,

146 939 366 994 εἰκόνα.
412 943 509 1011 μὲν
532 943 784 1017 τοιαύτην
806 945 1173 1018 δημιουργεῖν,
1215 949 1331 1003 οἵαν
1361 951 1390 1002 6
1430 948 1585 1017 λόγος
1609 950 1744 1020 ἐμή-

148 1048 358 1096 νυσεν,
396 1032 508 1086 οὔθ’
533 1031 642 1088 οἶόν
663 1053 721 1088 τε
749 1032 837 1108 ἦν,
873 1035 982 1092 οὔτ’
1015 1039 1069 1091 εί
1088 1057 1172 1102 τις
1198 1039 1474 1110 ἐπενόησε,
1497 1039 1558 1092 τὸ
1583 1039 1740 1102 ζωτι-

150 1123 261 1176 κὸν
324 1125 430 1179 καὶ
476 1125 661 1198 νοερὸν
692 1128 786 1182 καὶ
829 1131 1178 1202 προνοητικὸν
1223 1130 1314 1184 διὰ
1354 1131 1453 1200 τῆς
1508 1131 1741 1199 σφαίρας

153 1214 479 1273 ἐδείκνυεν
531 1218 988 1296 ἀνθρωπόμορφον
1023 1222 1078 1275 δὲ
1104 1224 1196 1277 τοῦ
1233 1223 1360 1301 ’Διὸς
1397 1226 1476 1293 1:6}
1501 1225 1742 1296 δείκηλον

156 1311 566 1379 πεποιήκασιν,
602 1312 683 1364 ὅτι
723 1305 842 1375 νοῢς
883 1308 950 1384 ἦν
995 1313 1114 1366 καθ’
1155 1314 1213 1368 ὃν
1251 1316 1614 1387 ἐδημιούργει,
1649 1317 1742 1370 καὶ

156 1394 360 1465 λόγοις
390 1404 778 1472 σπερματικοὶξ
810 1403 1055 1456 ἀπετέλει
1085 1405 1154 1458 1‘1
1181 1407 1374 1460 πάντα.
1399 1408 1642 1479 Κάθηται
1663 1408 1738 1472 δὲ,

263 1490 486 1580 ἑδραῖον
514 1493 612 1562 τῆς
637 1492 910 1564 δυνάμεως
929 1497 1290 1569 αἰνιττόμενος
1307 1515 1318 1526 ·
1354 1501 1533 1570 γυμνά
1556 1501 1613 1553 δὲ
1634 1502 1742 1572 ἔχει

170 1579 247 1632 τὰ
292 1579 430 1644 ἀνω,
461 1581 540 1634 ὅτι
572 1584 801 1654 φανερὸς
829 1582 887 1637 ὲν
920 1588 1030 1648 τοῖς
1074 1590 1276 1657 νοεροῖς
1310 1589 1400 1642 καὶ
1438 1594 1547 1654 τοῖς
1585 1592 1746 1662 οὐρα-

181 1669 310 1733 νίοις
337 1670 434 1723 τοῦ
462 1673 667 1741 κόσμου
694 1674 910 1746 μέρεσίν
935 1677 1046 1729 ἐστι
1073 1695 1086 1708 ·
1129 1679 1386 1732 σκέπεται
1414 1680 1470 1733 δὲ
1497 1681 1642 1752 αὐτῷ
1677 1683 1745 1735 τά

184 1762 441 1831 πρόσθια,
476 1764 559 1817 ὅτι
589 1765 797 1836 ἀφανὴς
823 1771 934 1832 τοῖς
971 1769 1118 1822 κάτω
1144 1772 1561 1842 κεκρυμμένοις.
1592 1775 1743 1842 Ἔχει

174 1849 232 1903 δὲ
262 1855 331 1922 τῇ
374 1855 470 1922 μὲν
498 1853 624 1925 λαιᾷ
647 1856 707 1909 τὸ
738 1857 1030 1928 σκῆπτρον,
1063 1859 1180 1912 καθ’
1211 1861 1239 1912 ὃ
1267 1861 1496 1931 μάλιστα
1518 1863 1626 1915 τῶν
1649 1864 1741 1916 τοῦ

171 1942 436 2013 σώματος
471 1947 652 2016 μερῶν
682 1949 742 2000 τὸ
773 1950 1240 2019 ἡγεμονικώτατόν
1271 1971 1330 2006 τε
1359 1955 1451 2007 καὶ
1482 1956 1747 2025 νοερὼτα-
1776 1943 1819 1997 Β

164 2051 266 2088 τον
321 2040 638 2111 ὑποικουρεῖ
681 2041 982 2112 σπλάγχνον
1020 2045 1052 2115 ἡ
1089 2035 1279 2116 καρδία
1305 2062 1320 2076 ο
1369 2046 1615 2117 βασιλεὺς
1641 2049 1746 2120 γὰρ

163 2127 273 2178 τοῦ
313 2130 518 2200 κόσμου
549 2133 576 2184 6
604 2132 930 2204 δημιουργὸς
951 2136 1106 2199 νοῦςο
1134 2138 1400 2208 προτείνει
1432 2139 1487 2192 δὲ
1517 2144 1580 2211 τῇ
1605 2141 1749 2212 δεξιᾷ
1765 2136 1777 2212 Ἰ

165 2219 206 2289 ἢ
262 2221 451 2301 ἀετὸν,
496 2223 570 2276 ὅτι
605 2228 795 2296 κρατεῖ
823 2225 930 2280 τῶν
974 2229 1286 2300 ἀεροπόρων
1328 2232 1482 2296 θεῶν,
1526 2235 1601 2296 ὡς
1643 2233 1751 2288 τῶν

173 2314 501 2383 μεταρσίων
541 2315 736 2386 ὀρνέων
774 2317 801 2368 6
831 2317 985 2381 ἀετός
1010 2336 1022 2348 ·
1058 2319 1089 2388 ἢ
1132 2320 1308 2392 νίκην,
1338 2323 1422 2375 ὅτι
1468 2325 1750 2395 νενίκηκεν

167 2403 352 2466 αὑτὸς
380 2405 568 2458 πάντα.
610 2426 629 2458 ι
661 2407 844 2460 Ταῦτά
871 2425 950 2461 σοι
981 2412 1010 2462 ό
1040 2411 1362 2483 Πορφύριος,
1390 2407 1462 2467 ὧν
1492 2417 1578 2468 τὸν
1601 2419 1752 2486 εἰρη-

176 2495 352 2564 μένον
409 2497 609 2566 τρόπον
633 2499 1057 2570 ἀποδεδομένων,
1085 2505 1265 2574 ἠρέμα
1307 2507 1400 2558 καὶ
1433 2507 1522 2560 ἐπὶ
1558 2508 1748 2579 σχολῆς

175 2586 555 2658 ὲπιθεωρῆσαι
609 2589 791 2656 καλὸν,
836 2592 957 2646 τίνα
986 2596 1132 2648 ποτὲ
1169 2595 1275 2668 ἄρα
1320 2597 1411 2652 τὸν
1456 2600 1554 2653 Δία
1587 2603 1748 2670 φασὶν

183 2672 325 2730 εἶναι
353 2679 420 2732 τὰ
460 2679 584 2753 ἔπη.
627 2681 766 2751 Ἐγὼ
799 2685 895 2754 μὲν
931 2686 1038 2755 γὰρ
1068 2687 1184 2740 οὐδὲ
1217 2671 1343 2744 suo
1369 2690 1474 2763 (81)
1511 2695 1749 2764 ἡγοῦμαι

188 2767 223 2839 ἢ
249 2769 340 2821 τὸν
363 2769 640 2842 ὁρώμενον
671 2772 893 2843 κόσμον,
924 2778 986 2828 ἐκ
1016 2781 1280 2832 παντοίων
1315 2799 1433 2834 συνε
1451 2781 1615 2836 ςτῶτα
1643 2784 1748 2837 τῶν

191 2857 369 2928 μερῶν
403 2861 512 2914 τῶν
555 2879 614 2914 τε
656 2863 776 2914 κατ’
814 2864 1034 2936 οὐρανὸν
1058 2867 1149 2920 καὶ
1184 2869 1396 2941 αἰθέρα,
1425 2874 1520 2925 καὶ
1553 2873 1658 2926 τῶν
1693 2877 1750 2928 ὲν

182 2949 392 3013 τούτοις
434 2953 769 3025 φαινομένων
795 2955 1028 3028 ἄστρων,
1066 2957 1252 3030 ὥσπερ
1288 2965 1343 3013 ἐν
1379 2963 1612 3032 μεγάλου
1644 2964 1750 3017 σώ-

187 3059 354 3112 ματος
385 3047 595 3120 κεφαλῇ
627 3051 1076 3123 προτεταγμένων
1097 3068 1110 3080 ο
1144 3052 1252 3104 τῶν
1290 3071 1349 3104 τε
1395 3056 1451 3105 ἐν
1486 3056 1624 3127 ἀέρι,
1657 3058 1750 3109 καὶ

184 3135 273 3203 γῇ,
310 3138 407 3188 καὶ
433 3136 696 3214 θαλάσσῃ,
725 3145 817 3197 καὶ
846 3147 958 3207 τοῖς
991 3143 1410 3214 παραπλησίοις.
1437 3145 1590 3216 Μέρη
1619 3145 1750 3214 γοῦν

181 3224 414 3294 κόσμου,
448 3229 542 3282 καὶ
572 3233 666 3303 γῆ.
696 3237 789 3290 καὶ
820 3236 941 3306 ὅρη,
969 3236 1062 3288 καὶ
1091 3235 1264 3304 βουνοί
1289 3254 1299 3264 ·
1333 3237 1552 3290 εἱλεῖταί
1573 3255 1630 3290 τε
1658 3238 1752 3291 αύ-

177 3315 291 3370 τῶν
318 3319 376 3371 ὲν
417 3321 570 3391 μέσῳ
598 3322 771 3397 ζώνης
795 3329 995 3399 τρόπον
1020 3330 1052 3400 ἡ
1097 3327 1336 3382 θάλασσα
1363 3346 1374 3356 ·
1419 3330 1513 3383 καὶ
1549 3329 1658 3403 πῦρ
1691 3330 1748 3388 δὲ

178 3411 278 3466 καὶ
305 3409 472 3484 ὕδωρ,
510 3414 607 3481 νύξ
638 3434 696 3470 τε
727 3419 820 3471 καὶ
850 3419 1050 3491 ἡμέρα,
1087 3421 1187 3491 τῆς
1216 3421 1386 3491 αὐτῆς
1413 3420 1521 3476 εἷεν
1555 3424 1620 3478 ἂν
1654 3423 1747 3478 τοῦ

183 3502 393 3574 κόσμου
445 3505 657 3575 φύσεως
693 3509 853 3582 μέρη.
887 3509 1070 3566 Ταῦτα
1098 3511 1142 3564 δ’
1179 3512 1437 3585 ἄντικρυς
1486 3516 1576 3568 τὸν
1608 3514 1749 3588 6pc?)-

191 3613 346 3664 μενον
371 3599 688 3668 ὑποφαίνειν
710 3600 944 3674 ἠγοῦμαι
971 3604 1197 3674 κόσμον,ι
1221 3607 1268 3658 εί
1296 3608 1368 3678 μή
1389 3623 1441 3659 τι
1469 3607 1562 3661 καὶ
1588 3609 1754 3677 σφάλ-

189 3689 365 3802 lauat,
388 3693 500 3802 ,καὶ
528 3694 586 3748 τὸ
614 3695 730 3749 ὅλον
763 3697 826 3749 ἐκ
862 3695 1042 3768 μερῶν
1070 3698 1322 3763 συνεστὸς
1365 3699 1620 3756 διδάσκει.
1652 3701 1754 3755 Λέ-

187 3798 267 3849 γει
294 3783 340 3837 δ’
368 3783 488 3838 οὖν·

1775 3278 1817 3333 C

1846 684 1966 738 dem
2015 698 2082 737 ex
2135 684 2521 748 animantibus,
2580 696 2644 738 ac
2695 681 2828 734 deus
2883 690 2949 730 ex
2989 674 3091 727 diis
3139 670 3392 738 :Jupiter

1846 791 1996 841 vero,
2025 785 2292 843 quatenus
2321 790 2473 828 meus
2506 783 2608 835 est,
2644 771 2799 839 cujus
2838 767 2903 822 ad
2934 765 3184 819 notiones
3217 763 3272 814 in
3310 762 3394 813 lu-

1847 879 1962 918 cem
1987 874 2182 919 cuncta
2206 862 2437 934 profert,
2467 869 2769 928 cunctaque
2816 857 3055 912 molitur.
3094 851 3210 906 Jam
3267 863 3392 902 vero

1848 971 1972 1032 cum
1997 956 2137 1009 hunc
2163 955 2218 1009 in
2248 955 2469 1009 modum
2495 950 2730 1020 theologi
2761 948 2827 1004 de
2856 943 3096 1001 numinis
3118 940 3278 1009 hujus
3298 951 3397 990 na-

1848 1026 1971 1099 tura
2021 1044 2367 1113 partibusque
2415 1044 2777 1112 disputarent,
2802 1053 2900 1092 nec
2931 1036 3108 1104 imago
3129 1026 3394 1099 eiusmodi

1849 1136 2029 1206 aliqua
2056 1135 2180 1205 ﬁngi
2210 1151 2275 1190 ac
2300 1133 2628 1204 conﬁgurari
2663 1137 2868 1202 posset,
2891 1127 3107 1198 qualem
3155 1125 3257 1176 ista
3297 1134 3396 1172 no-

1847 1230 1931 1285 bis
1964 1228 2204 1286 carmina
2245 1233 2656 1296 reprzesentant,
2705 1237 2826 1285 nec,
2868 1220 2911 1275 si
2950 1217 3088 1272 forte
3127 1212 3396 1283 quispiam

1848 1323 1966 1392 ejus
1995 1317 2336 1375 elaborandm
2363 1317 2629 1371 rationem
2661 1313 2977 1378 invenisset,
3014 1309 3183 1376 ﬁgura
3217 1315 3396 1358 tamen

1848 1413 2112 1482 sphaeriea
2163 1411 2294 1464 satis
2335 1409 2444 1465 vim
2488 1409 2633 1461 illam
2670 1422 2791 1460 cum
2833 1403 3076 1462 vitalem,
3125 1408 3237 1450 tum
3270 1407 3397 1447 vero

1849 1505 2232 1572 intelligentem
2267 1517 2328 1555 ac
2354 1501 2723 1571 providentem
2751 1495 3053 1564 exprimere
3083 1487 3345 1558 potuisset
3379 1501 3394 1538 :

1849 1597 1994 1652 lovis
2029 1593 2701 1652 simulacrum'humanam
2735 1589 2788 1640 in
2823 1584 3057 1656 speciem
3093 1578 3400 1634 conforma-

1849 1696 1993 1752 runt,
2027 1686 2170 1755 quod
2199 1700 2352 1738 mens
2374 1691 2537 1747 esset,
2563 1681 2720 1749 cujus
2743 1678 2797 1730 in
2821 1671 3194 1745 procreatione
3218 1681 3399 1721 rerum

1849 1778 2119 1846 exemplar
2153 1777 2474 1838 intueretur,
2527 1772 2684 1840 cujus
2739 1765 3095 1822 scminalibus
3122 1760 3277 1830 quasi
3309 1772 3402 1812 ra-

1849 1871 2083 1923 tionibus
2112 1875 2307 1922 cuncta
2337 1865 2634 1934 perﬁceret.
2683 1859 2828 1913 Idem
2853 1870 2984 1911 vero
3012 1854 3181 1915 sedet,
3211 1859 3272 1904 ut
3299 1850 3402 1902 im-

1849 1973 2047 2015 motam
2078 1957 2361 2030 potestatis
2389 1970 2499 2010 sua:
2530 1951 2892 2008 constantiam
2926 1955 3201 2013 utcunque
3234 1941 3401 2012 signi-

1847 2052 1996 2114 ﬁcet;
2031 2059 2210 2117 partes
2231 2047 2476 2116 corporis
2502 2044 2809 2114 superiores
2843 2039 3018 2092 nudas
3046 2037 3227 2098 habet,
3253 2031 3402 2102 quod

1848 2143 1902 2195 in
1933 2140 2267 2210 spiritalibus
2296 2154 2360 2193 ac
2389 2137 2706 2210 caelestibus
2754 2132 2938 2187 mundi
2989 2129 3234 2200 partibus
3281 2138 3402 2179 sese

1848 2209 2112 2287 illustrius
2160 2209 2514 2299 spectandum
2563 2227 2846 2289 exhibeat;
2883 2222 3169 2276 inferiores
3213 2223 3403 2271 contra

1850 2332 2038 2386 tectas,
2065 2321 2207 2392 quod
2240 2320 2291 2374 in
2326 2319 2526 2374 inlimis
2561 2319 2723 2372 rebus
2759 2315 3081 2385 penitusque
3112 2307 3405 2366 reconditis

1849 2414 2201 2470 absconditus
2229 2413 2344 2480 ipse
2372 2412 2673 2468 delitescat.
2725 2408 2801 2461 Ac
2851 2407 2982 2460 laeva
3017 2403 3233 2472 quidem
3285 2413 3407 2454 sce-

1849 2521 2023 2577 ptrum
2059 2515 2218 2568 tenet,
2274 2503 2419 2572 quod
2469 2517 2534 2556 ex
2575 2501 2829 2555 omnibus
2879 2496 3123 2565 corporis
3178 2491 3404 2547 humani

1848 2599 2090 2667 partibus
2123 2613 2186 2649 eo
2217 2594 2512 2664 praesertim
2541 2594 2778 2646 inlatere
2804 2607 2896 2645 cor
2927 2587 3059 2642 illud
3082 2593 3402 2642 caeterorum

1849 2690 2005 2744 facile
2065 2689 2355 2758 princeps,
2427 2687 2646 2756 vimque
2709 2680 3043 2753 intelligendi
3107 2678 3404 2732 maximam

1848 2780 2187 2849 complexum
2215 2779 2550 2842 intestinum,
2583 2788 2842 2846 tanquam
2878 2775 2933 2828 in
2975 2771 3196 2842 proprio
3227 2768 3404 2823 domi-

1849 2873 1976 2927 eilio
2013 2871 2364 2942 conquiescat
2394 2889 2408 2923 :
2440 2871 2638 2940 quippe
2670 2883 2821 2923 mens
2851 2865 2996 2921 enim
3035 2863 3124 2916 illa
3159 2872 3409 2931 procrea-

1851 2966 1957 3019 trix
1991 2964 2094 3018 hoc
2127 2965 2180 3018 in
2211 2964 2342 3017 orbe
2374 2971 2561 3032 regnat
2591 2980 2605 3028 ;
2642 2962 2829 3015 dextra
2874 2971 3003 3010 vero
3043 2962 3136 3007 aut
3168 2950 3404 3019 aquilam

1849 3056 2138 3124 protendit,
2185 3055 2330 3125 quod
2366 3056 2508 3109 aeris
2553 3054 2667 3122 ipse
2718 3052 2842 3114 diis,
2892 3048 3111 3118 perinde
3141 3054 3197 3097 ut
3227 3041 3404 3111 aquila

1849 3146 2081 3201 sublime
2107 3147 2417 3201 volantibus
2446 3145 2660 3207 avibus,
2691 3143 3033 3203 dominetur;
3093 3146 3184 3190 aut
3236 3135 3407 3187 victo-

1849 3237 2007 3302 riam,
2040 3239 2184 3307 quod
2232 3237 2374 3292 idem
2415 3237 2596 3291 omnia
2639 3233 2929 3303 superarit.
2987 3249 3005 3279 ι
3071 3227 3228 3297 102
3283 3223 3406 3277 "86

1853 3328 1949 3380 tibi
1973 3327 2308 3398 Porphyrius
2330 3328 2576 3395 ,quibus
2611 3327 2753 3378 hunc
2782 3323 2834 3375 in
2870 3320 3088 3374 modum
3121 3314 3404 3384 expositis,

1852 3437 2030 3491 operae
2065 3422 2296 3491 pretium
2334 3421 2497 3475 fuerit
2521 3426 2722 3473 attente
2750 3417 3031 3484 otioseque
3077 3408 3408 3478 contempla-

1848 3516 1916 3582 ri,
1954 3530 2116 3584 quem
2141 3525 2243 3568 ista
2273 3513 2429 3567 nobis
2461 3513 2702 3567 carmina
2746 3510 3071 3580 qualemque
3105 3503 3290 3559 Jovem
3319 3503 3406 3557 lo-

1851 3615 2108 3676 quantur.
2140 3605 2402 3676 Equidem
2431 3619 2536 3658 non
2568 3603 2733 3658 alium
2757 3602 3011 3663 arbitror,
3049 3613 3214 3668 quam
3252 3609 3411 3665 aspeo

1852 3700 2100 3756 ctabilem
2135 3700 2343 3754 huncce
2391 3697 2675 3760 mundum,
2727 3710 2792 3749 ex
2839 3681 3141 3761 multiplici
3173 3688 3408 3759 partium

1849 3794 2109 3846 varietate
2151 3791 2470 3855 conﬂatum,
2519 3805 2751 3859 quarum
2801 3789 2918 3842 aliae
2966 3785 3215 3839 etelestes
3250 3789 3410 3847 atque

181 3874 423 3931 aetheria:
466 3891 590 3932 cum
645 3879 916 3936 sideribus
957 3880 1011 3935 in
1054 3886 1286 3948 utraque
1337 3882 1558 3952 regione
1607 3882 2017 3946 collucentibus,
2089 3899 2153 3939 ac
2205 3883 2446 3953 principe
2500 3882 2644 3947 loco,
2701 3881 2779 3936 sic
2825 3891 3079 3951 tanquam
3126 3876 3178 3928 in
3227 3869 3410 3943 magni

185 3972 436 4039 corporis
462 3976 640 4043 capite
673 3976 988 4043 collocatis;
1017 3976 1137 4031 alia:
1187 3991 1318 4032 vero
1376 3980 1557 4046 aeriae,
1597 3989 1900 4045 terrestres,
1943 3980 2182 4043 marium,
2229 3994 2291 4032 ac
2344 3985 2565 4034 caeteras,
2592 3977 2644 4030 id
2689 3990 2876 4046 genus.
2919 3971 3203 4025 Enimvero
3245 3978 3409 4036 terra,

185 4071 431 4123 montes,
457 4064 640 4128 colles,
674 4077 854 4135 partes
888 4069 1073 4139 utique
1102 4068 1287 4123 mundi
1328 4078 1475 4132 sunt,
1514 4087 1743 4140 quarum
1787 4071 1838 4124 in
1881 4071 2080 4134 medio,
2128 4071 2329 4139 Cinguli
2368 4072 2649 4140 cujusdam
2683 4068 2873 4128 instar,
2923 4081 3070 4120 mare
3121 4064 3355 4117 volvitur
3390 4081 3406 4120 :

185 4152 334 4223 iBnis
367 4165 566 4231 autem,
624 4175 783 4230 aqua,
816 4162 923 4220 nox
959 4167 1158 4236 pariter
1200 4173 1362 4234 atque
1395 4163 1512 4218 dies
1563 4165 1616 4218 in
1660 4167 1901 4234 ejusdem
1931 4180 2149 4234 quoque
2193 4165 2378 4218 mundi
2413 4175 2619 4218 natura:
2652 4161 2894 4231 partibus
2952 4159 3161 4214 censeri
3201 4173 3263 4213 ac
3303 4174 3413 4213 nu-

182 4252 392 4305 merari
421 4252 634 4308 debent.
664 4254 759 4310 His
793 4274 920 4326 ergo
960 4259 1137 4326 palam
1164 4257 1544 4327 aspectabilem
1589 4257 1733 4312 hunc
1771 4258 1957 4312 orbem
2009 4257 2408 4328 reprmsentari,
2456 4258 2678 4326 suisque
2726 4265 2909 4326 aptum
2950 4271 3016 4310 ex
3061 4255 3307 4324 partibus
3359 4260 3413 4309 et

179 4342 547 4399 constitutum
597 4345 910 4403 universum
963 4350 1230 4416 exhiberi,
1275 4349 1380 4403 nisi
1433 4355 1611 4402 tamen
1644 4363 1787 4413 erro,
1829 4349 1989 4405 facile
2020 4351 2152 4404 mihi
2190 4350 2574 4414 persuaserim.
2628 4348 2769 4404 Sane
2827 4349 2972 4404 enim
3035 4349 3280 4417 Orpheus
3333 4351 3408 4404 ita

184 4437 421 4491 canebat
448 4447 483 4492 :‘
564 4445 569 4456 '

181 4527 389 4583 Πάντα
430 4529 547 4597 γὰρ¹
576 4531 646 4584 ἐν
679 4531 918 4602 μεγάλῳ
959 4533 1153 4602 Ζηνὸς
1191 4532 1328 4587 τάδε
1376 4528 1601 4599 mimum
1636 4533 1752 4587 κεῖν
1783 4538 1826 4592 D

1566 4622 1654 4658 ται

181 4687 277 4745 καὶ
316 4685 439 4742 τίνα
472 4686 538 4740 τὰ
574 4690 768 4755 πάντα,
809 4692 1081 4762 διασαφεῖ·
1538 4603 1559 4676 [

180 4780 335 4849 Πῦρ,
371 4780 470 4834 καὶ
505 4778 678 4848 ὕδωρ,
709 4784 805 4837 καί
846 4785 999 4855 γαῖα,
1027 4787 1123 4840 καὶ
1165 4786 1358 4856 αἰθὴρ,
1393 4786 1620 4875 γτε,
1650 4786 1745 4862 καὶ

184 4919 304 4977 Τοῦ
346 4919 424 4988 δή
469 4939 557 4976 τοι
590 4923 862 4992 κεφαλὴν
887 4924 1003 4992 μὲν
1043 4924 1209 4992 ἰδεῖν,
1247 4927 1342 4981 καὶ

1510 5013 1636 5048 ωπα
1658 5035 1672 5059 ,

1510 5013 1672 5059 ωπα,

187 5085 456 5159 ρύρανὸς
483 5085 764 5154 αὶτλήεις.
799 5087 871 5141 ὃν
898 5092 1144 5159 χρύσεαι
1169 5090 1352 5158 ἀμφίς
1374 5094 1589 5156 ἔθειραι

185 5155 462 5220 ’Δστρων
486 5159 836 5226 μαρμίίρέων
865 5155 1636 5229 πέρικαλλέέξήὲρέθοὶται,

186 5272 286 5324 καὶ
317 5268 384 5324 τὰ
416 5267 624 5334 τούτοις
659 5273 956 5327 ἀκόλουθα⁹
991 5276 1050 5326 ὲν
1088 5269 1169 5338 οἷς
1213 5273 1458 5345 ἐπιφέρει
1492 5273 1579 5323 τὸν
1625 5267 1745 5320 νοῦν

181 5363 280 5419 τοῦ
307 5361 428 5425 Διὸς
455 5361 627 5430 λέγων
653 5359 790 5417 εἶναι
813 5365 902 5418 τὸν
926 5367 1137 5440 αἰθέρα,
1165 5368 1256 5422 καὶ
1282 5366 1435 5419 οὐδὲν
1462 5364 1586 5419 ἄλλο
1609 5360 1748 5414 κατά

179 5457 314 5517 τοὺς
356 5449 648 5516 Στωϊκοὺς,
688 5452 787 5524 τὴν
829 5455 1047 5527 πυρώδη
1092 5457 1186 5509 καὶ
1225 5454 1430 5528 θερμὴν
1467 5452 1647 5506 οὐσίαν
1687 5449 1748 5500 τὸ

183 5543 515 5618 ἡγεμονικὸν
557 5542 862 5612 φάσκοντας
905 5541 1041 5598 εἷναι
1085 5545 1178 5599 τοῦ
1225 5547 1427 5616 κόσμου
1453 5562 1466 5573 ο
1516 5541 1610 5595 καὶ
1655 5540 1744 5592 τὸν

180 5637 316 5691 Θεὸν
346 5631 482 5691 εἶναι
505 5634 682 5708 σῶμα,
712 5634 804 5688 καὶ
830 5635 921 5688 τὸν
939 5635 1263 5708 δημιουργὸν
1284 5635 1444 5690 αὐτὸν
1469 5631 1744 5701 οὐδέτερον

173 5815 569 5871 convenientia
635 5815 972 5872 exsisterent.

172 5888 342 5964 etiam
375 5902 407 5942 e
439 5903 576 5952 mss.
608 5885 840 5943 exhibet.
942 5886 945 5887 ⁷

1040 5814 1213 5883 Quam
1266 5815 1548 5873 lectionem
1610 5813 1742 5868 alter

1849 5271 1901 5315 et
1968 5277 2092 5330 qua!
2158 5267 2456 5329 sequuntur
2514 5274 2526 5307 ε

1861 4533 2152 4598 Omniaque
2181 4529 2290 4584 hac
2323 4544 2459 4582 unus
2490 4528 2655 4597 regali
2678 4527 2732 4580 in
2763 4542 2978 4596 corpore
3005 4526 3207 4582 claudit
3235 4542 3251 4587 ;

1855 4687 2160 4760 cujusmodi
2191 4700 2319 4740 vero
2353 4685 2456 4739 ista
2487 4684 2597 4738 sint
2624 4685 2830 4750 omnia,
2863 4686 2942 4742 sic
2961 4686 3230 4756 explicat:

1857 4783 2057 4854 Ignem,
2083 4777 2300 4843 undam,
2331 4763 2518 4844 terras,
2543 4777 2788 4844 mitram,
2821 4787 3118 4845 noctemque
3150 4776 3408 4844 diemque.

1859 4919 2022 4985 Atque
2048 4912 2204 4981 hujus
2235 4921 2388 4979 caput
2417 4913 2689 4985 eximium,
2718 4910 2989 4985 vultusque
3006 4909 3230 4985 decoros

1858 4980 2134 5038 [rradians
2166 4985 2347 5036 caelum
2378 4985 2575 5046 videas,
2605 4983 2691 5036 cui
2718 4980 2945 5048 pendula
2969 4982 3165 5031 circum

1853 5079 2128 5146 Aureaque
2168 5089 2432 5131 astrorum
2460 5075 2622 5128 multo
2650 5089 2706 5127 se
2737 5071 2936 5125 lumine
2962 5073 3156 5141 fundit:

1854 5148 2133 5212 (Twsaries,

2593 5255 2840 5322 interque
2906 5266 3097 5308 caetera
3155 5253 3401 5320 subjicit.

1852 5354 2050 5408 aathera
2079 5350 2229 5405 Jovis
2245 5357 2473 5403 mentem
2496 5362 2636 5412 esse,
2655 5347 2900 5416 nihilque
2920 5346 3087 5410 aliud,
3112 5360 3218 5413 quo
3244 5344 3403 5397 modo

1852 5445 2016 5499 Stoici
2035 5443 2496 5514 philosophantur,
2517 5438 2643 5492 dum
2661 5439 2892 5494 calidam
2911 5436 3127 5506 quidem
3153 5437 3399 5505 igneam-

1848 5553 1957 5606 qne
2022 5543 2269 5588 naturam
2331 5538 2532 5598 partem
2591 5528 3000 5599 hujusvmundi
3057 5527 3401 5596 principem.

1853 5629 2019 5683 Deum
2054 5639 2181 5680 vero
2224 5636 2444 5690 corpus,
2489 5622 2776 5692 ipsumque
2820 5621 2954 5674 adeo
3007 5633 3278 5673 summum
3323 5633 3406 5672 ar-

1877 5837 1880 5840 ~
1924 5805 2036 5874 (Si)
2079 5800 2432 5874 οὐδὲν-ἀλλο.
2476 5799 2735 5874 Unus_eAx_
2751 5809 3050 5861 manuscr.,
3081 5795 3199 5848 οὐδὲ
3224 5792 3396 5848 ἀλλον.

1852 5865 2186 5950 ϊοιιεόὐδεν
2219 5871 2364 5938 ἄλλο,
2395 5881 2450 5924 ut
2484 5887 2603 5940 pag.
2640 5865 2758 5921 103.
