4044 6334
1311 393 1626 451 ΡιυΕΡΑιι.
1667 386 1917 454 EVANG.
1959 394 2089 454 LIB.
2127 395 2213 454 Πῐ.

3258 399 3365 455 190

119 518 241 566 κεν,
268 502 401 558 οὔτ’
439 506 517 560 ἂν
543 507 754 577 γένοιτο
778 504 942 566 αὑτοῦ
966 507 1172 581 κεφαλὴ
1188 508 1440 582 οὐρανὸς,
1468 511 1530 563 οὐ
1562 510 1717 582 σῶμα

1818 512 1874 568 in
1895 524 2130 570 mentem
2164 513 2328 569 venit.
2356 510 2547 584 Neque
2592 528 2736 568 enim
2789 512 3029 569 eﬂ'ectrix
3073 512 3163 568 illa
3212 529 3366 570 mens

120 594 258 666 πῦρ,
277 598 388 651 καὶ
440 597 615 672 ὕδωρ,
661 601 755 653 καὶ
801 602 949 668 γαῖα·
975 601 1091 654 ἀλλ’
1119 602 1240 656 οὐδὲ
1282 601 1505 674 ὄμματα
1547 602 1712 658 αὐτοῦ

44 730 55 738 .
116 688 275 760 ἠλιος
306 692 419 743 καὶ
462 692 685 764 σελήνη.
720 693 845 757 Πῶς
898 695 943 749 δ’
966 694 1030 747 ἂν
1058 691 1165 748 εἷεν
1195 690 1333 767 ὦμοι
1358 697 1451 751 καὶ
1494 696 1712 769 στέρνα,

121 782 217 836 ul.
248 782 440 849 νῶτα,
474 786 574 839 καὶ
599 787 759 857 νηδὺς
807 788 897 842 τοῦ
935 789 1041 843 τῶν
1057 789 1191 843 ὅλων
1226 789 1555 862 δημιουργοῦ
1577 791 1713 845 Θεοῦ

123 875 239 947 ἀὴρ
259 875 566 948 εὐρυδίης,
597 880 690 932 καὶ
710 881 800 948 γή,
828 882 921 933 καὶ
952 882 1117 952 ὀρέων
1150 882 1367 936 αἰπεινὰ
1386 861 1634 953 παρηνας
1678 881 1712 954 ἢ

123 966 291 1032 πιῖιςὸ
316 968 502 1042 αἰθὴρ
557 969 679 1035 νοῦς
718 974 835 1024 ποτ’
867 972 933 1025 ἂν
970 974 1272 1045 ἐπινοηθείη
1308 973 1400 1027 τοῦ
1433 974 1541 1027 τῶν
1578 975 1715 1029 ὅλων

124 1060 385 1131 ποιητοῦ,
416 1064 463 1136 ἢ
489 1061 584 1116 τοῦ
608 1063 701 1117 νοῦ
730 1064 822 1118 τοῦ
868 1065 1295 1137 δημιουργικοῦ;
1321 1069 1435 1119 Ὅτι
1475 1068 1569 1137 μὲν
1620 1062 1712 1121 οῦν

123 1151 298 1206 ταῦτα
334 1154 667 1223 σεσόφισται
717 1154 795 1227 τῷ
839 1155 947 1209 τῶν
978 1157 1124 1211 ἐπῶν
1154 1160 1401 1231 ἑρμηνεῖ,
1434 1159 1581 1212 οὐδὲν
1606 1161 1729 1212 ἐπι-ο

126 1240 304 1310 λέγειν
334 1248 479 1318 χρή.
515 1248 732 1315 Ἔγωγε
769 1248 873 1317 μὴν
905 1247 972 1301 τὰ
998 1247 1196 1319 ἔσχατα
1220 1250 1435 1304 ἀσεϐεῖν
1463 1268 1603 1321 φημι
1626 1250 1716 1303 τὸν

130 1334 420 1404 φάσκοντα
459 1338 600 1409 μέρη
629 1335 768 1393 εἷναι
808 1339 942 1403 Θεοῦ
967 1341 1034 1394 τὰ
1070 1341 1209 1414 μέρη
1236 1342 1328 1395 τοῦ
1362 1346 1585 1413 κόσμου·
1628 1346 1714 1397 ’καὶ

59 1438 71 1471 ῖ
135 1425 455 1497 ῐτιιιιᾶλλον
509 1430 603 1483 τὸν
658 1432 1070 1504 ἀποφηνάμενον
1109 1434 1199 1487 τὸν
1242 1434 1400 1487 αὑτὸν
1454 1432 1590 1488 εἶναι
1646 1434 1716 1504 τῷ

143 1518 323 1592 κόσμῳ
352 1522 461 1575 τὸν
481 1522 641 1576 Θεόνδ
672 1525 767 1579 καὶ
823 1525 916 1578 ἐπὶ
946 1525 1160 1591 morat;
1179 1526 1269 1580 τὸν
1296 1527 1595 1598 ἡγούμενον
1623 1529 1715 1581 τοῦ

151 1610 340 1681 κόσμου
366 1612 503 1667 νοῦν
534 1611 803 1669 εἶναιτῶν
825 1616 959 1671 ὅλων
980 1618 1321 1689 δημιουργόν.
1354 1619 1591 1691 Ποιητὴν
1617 1620 1719 1689 μὲν

149 1701 245 1773 γὰρ
263 1703 445 1759 αὑτὸν
477 1706 577 1760 καὶ
600 1706 822 1778 σωτῆρα
860 1706 956 1761 τοῦ
1005 1708 1230 1781 κόσμου,
1263 1710 1444 1781 ἕτερον
1463 1710 1591 1764 ὄντα
1620 1711 1716 1765 τοῦ

142 1796 544 1865 πεποιημένου,
589 1798 812 1865 εὐσεϐὲς
847 1784 1184 1870 ἀποφαίνειν·
1244 1800 1368 1855 νοῦν
1390 1800 1448 1855 δὲ
1474 1799 1567 1855 τοῦ
1594 1803 1720 1856 κόσ-

140 1902 265 1957 μου,
302 1887 501 1960 ὥσπερ
533 1889 677 1955 τινὸς
702 1891 841 1956 ζώου
876 1869 1073 1964 ψυχὴν,
1102 1888 1376 1966 ἡνωμένον
1399 1893 1594 1959 διόλου,
1623 1895 1719 1948 καὶ
1745 1869 1791 1925 Β

135 1974 200 2030 τὺ
228 1979 350 2031 πᾶν
383 1979 774 2051 ἠμφιεσμένον,
827 1981 929 2035 οὐκ
987 1981 1062 2036 ἔθ’
1089 1983 1234 2038 ὅσιον
1273 1983 1339 2038 ἂν
1383 1984 1477 2064 εἴη
1515 1983 1718 2053 λέγειν.

137 2068 352 2123 Καίτοι
401 2073 648 2144 παρεῖναι
680 2072 842 2127 αὐτὸν
873 2071 953 2144 τῷ
1008 2076 1191 2140 παντὶ,
1216 2074 1309 2129 καὶ
1343 2078 1588 2146 προνοεῖν
1625 2074 1718 2129 τοῦ

138 2156 390 2233 κόσμου,
421 2159 655 2214 παιδεύει
707 2160 777 2216 τὰ
822 2161 943 2216 καθ’
962 2162 1108 2234 ἡμᾶς
1154 2163 1279 2239 τίερὰ
1323 2163 1497 2233 λόγια,
1542 2163 1722 2217 θεολο-

139 2248 361 2319 γοῦντα
383 2251 725 2319 ιπαξίωςκαὶ
759 2252 1092 2326 θεοπρεπῶς.
1126 2255 1205 2309 Δι’
1229 2250 1307 2309 ὧν
1341 2272 1524 2327 φησιν·
1552 2256 1720 2327 «Οὐχὶ

141 2340 243 2393 τὸν
263 2342 492 2415 οὐρανὸν
514 2343 608 2397 καὶ
632 2343 730 2415 τὴν
760 2344 866 2417 γῆν
886 2344 997 2414 ἐγὼ
1022 2344 1210 2417 πληρῶ
1232 2362 1247 2412 ;
1275 2345 1424 2416 λέγει
1453 2346 1713 2417 Κύριοςοι

143 2431 261 2485 Καὶ
299 2432 483 2487 πάλιν
524 2452 544 2486 ι
572 2435 695 2487 Ὅτι
723 2435 751 2487 ὁ
775 2433 907 2499 Θεὸς
929 2438 986 2489 ὲν
1007 2435 1085 2509 τῷ
1105 2436 1316 2509 οὐρανῷ
1336 2438 1467 2505 ἄνω,
1507 2439 1601 2491 καὶ
1629 2439 1720 2492 ἐπὶ

146 2523 243 2593 τῆς
259 2522 369 2594 γῆς
401 2523 609 2578 κάτω»
647 2526 742 2578 καὶ
794 2528 975 2581 πάλιν·
1016 2546 1035 2580 ι
1082 2529 1168 2582 Ἐν
1202 2528 1349 2604 αῦτῷ
1389 2529 1499 2601 γὰρ
1525 2532 1619 2584 καὶ
1645 2549 1721 2585 κι-

154 2613 410 2685 νούμεθα,
439 2619 537 2671 καὶ
564 2616 766 2690 ζῶμεν,
787 2623 879 2675 καὶ
900 2622 1120 2692 ἐσμέν»
1162 2621 1276 2676 ἀλλ’
1302 2623 1401 2694 οὐχ
1435 2622 1512 2687 ὡς
1539 2624 1598 2677 ὲν
1630 2624 1722 2695 μέ-

164 2720 243 2776 ρει
269 2722 359 2759 του
380 2706 616 2780 κόσμου,
641 2710 750 2764 οὐδ’
777 2710 852 2774 ὡς
877 2711 934 2764 ὲν
958 2710 1100 2784 ψυχῇ
1127 2713 1290 2767 αὐτοῦ
1322 2715 1416 2768 καὶ
1443 2714 1543 2770 νοτ.
1581 2715 1721 2770 Ἀλλ’

156 2797 204 2851 ιε
224 2797 326 2871 χρὴ
349 2800 759 2873 παραδείγματι
798 2802 1099 2875 χρήσασθαι
1135 2804 1596 2880 θεοπρεπέστερον
1626 2811 1721 2864 καὶ

155 2888 534 2967 ἀληθέστερον,
562 2895 776 2960 οἰκείως
794 2897 824 2948 ὁ
852 2896 995 2968 ἱερός
1031 2913 1133 2950 που
1168 2897 1323 2967 λόγος
1351 2898 1716 2972 ἐξεφώνησενο

160 2999 179 3033 ι
209 2981 268 3037 '0
302 2982 541 3057 οὐρανός
567 3004 657 3058 μοι
688 2986 928 3060 θρόνος,›
964 2987 1155 3054 εἰπὼν,
1207 3008 1229 3041 ι
1258 2990 1292 3062 η
1318 2990 1375 3043 δὲ
1407 2990 1478 3061 γῆ
1513 2992 1720 3045 ὑποπό-

157 3071 258 3129 διον
282 3076 397 3132 τῶν
426 3078 602 3133 ποδῶν
632 3096 786 3151 μου..
822 3080 887 3134 Εἰ
929 3079 1038 3154 γὰρ
1093 3081 1230 3153 χρῆν
1270 3082 1407 3146 ὅλως
1437 3100 1721 3155 προσωπο-

154 3170 827 3269 Ὓίνανθριοπινοηέρῳ
857 3173 1021 3246 λόγῳ,
1072 3174 1171 3231 θέα
1221 3174 1283 3229 τὸ
1326 3175 1577 3249 διάφορον
1619 3176 1786 3269 τῆςο

154 3257 447 3327 θεολογίας.
481 3261 539 3315 '0
589 3262 689 3331 μὲν
737 3264 847 3336 γὰρ
888 3267 983 3318 τὸν
1018 3265 1247 3337 οὐρανὸν
1295 3264 1463 3320 εἰπὼν
1502 3266 1714 3339 θρόνον,

153 3352 409 3408 ιπέκεινα
436 3345 538 3407 τοῦ
557 3353 743 3426 θρόνου
776 3356 870 3409 καὶ
886 3358 1142 3412 ἀνωτάτω
1160 3359 1268 3413 τῶν
1289 3358 1426 3413 ὅλων
1457 3359 1547 3413 τὸν
1567 3376 1641 3413 πα
1649 3378 1716 3432 μ-

155 3443 378 3502 εασιλέα
407 3445 543 3501 Θεδν
575 3447 905 3520 ἀφωρίσατο,
929 3449 1053 3503 οὐδὲ
1096 3450 1193 3521 τὴν
1218 3452 1317 3521 γῆν
1342 3451 1441 3522 τῆς
1463 3452 1717 3524 προνοίας

160 3541 315 3597 αὑτοῦ
337 3542 601 3615 χωρίσας·
616 3532 966 3611 συγκατιέναι
994 3542 1102 3614 γὰρ
1134 3544 1228 3598 καὶ
1257 3546 1349 3598 ἐπὶ
1370 3546 1437 3600 τὰ
1464 3546 1589 3616 τῇδε
1616 3547 1717 3616 τῆς

163 3633 402 3708 θεότητος
427 3636 526 3700 τὰς
550 3636 907 3708 προνοητικὰς
951 3636 1115 3691 αὐτοῦ
1147 3637 1421 3709 δυνάμεις·
1455 3637 1711 3692 διδάσκει·

156 3725 231 3781 διό
278 3744 446 3798 φησιν
467 3744 483 3759 '
555 3728 617 3782 Ἦ
668 3729 725 3784 δὲ
766 3730 838 3802 γῆ
890 3730 1175 3784 ὑποπόδιον
1217 3728 1324 3782 τῶν
1371 3728 1546 3783 ποδῶν
1590 3728 1713 3800 μοῦ.

164 3813 301 3871 ⁸Δλλ’
330 3817 456 3873 οὔτε
482 3819 544 3873 τὺ
567 3818 873 3888 ὑποπόδιον,
896 3820 1019 3876 οὔτε
1042 3821 1147 3894 μὴν
1175 3824 1205 3876 ὁ
1230 3821 1415 3894 θρόνος
1448 3819 1604 3892 σῶμα
1622 3819 1715 3873 τοῦ

160 3909 562 3982 καθιδρυμένου,
592 3912 715 3966 οὐδέ
745 3930 808 3982 γε
841 3914 983 3986 μέρη
1003 3916 1119 3969 ποτ’
1157 3914 1223 3969 ἂν
1266 3912 1429 3968 αὐτοῦ
1479 3913 1714 3986 λεχθείη.

175 4000 234 4054 '0
257 4000 335 4067 δὲ,
354 4000 590 4073 κεφαλὴν
610 4001 705 4055 τοῦ
729 4003 862 4059 Θεοῦ
880 4006 971 4059 τὸν
995 4005 1221 4078 οὐρανὸν
1247 4006 1340 4061 καλ⁸
1363 4006 1433 4059 τὰ
1460 4008 1517 4059 ὲν
1544 4006 1718 4077 τούτῳ

163 4091 377 4163 φήσας,
425 4093 515 4147 καὶ
545 4091 670 4173 νοῦν
704 4094 870 4148 αὐτοῦ
895 4096 987 4150 τὸν
1015 4098 1228 4168 αἰθέρα,
1275 4097 1409 4168 μέλη
1452 4114 1510 4150 τε
1550 4096 1716 4151 αὑτοῦ

157 4182 250 4237 καὶ
277 4182 434 4255 σῶμα
468 4183 539 4238 τὰ
562 4184 725 4238 λοιπὰ
755 4185 848 4238 τοῦ
882 4187 1086 4257 κόσμου
1116 4188 1278 4259 μέρη,
1308 4186 1431 4241 οὔτε
1457 4188 1717 4259 δημιουρ-

155 4272 269 4341 τὸν,
302 4272 431 4329 οὔτε
449 4275 583 4332 Θεὸν
606 4274 880 4330 ἁλίσκεται
933 4276 1104 4340 εἰδώς.
1155 4277 1228 4331 Οὐ
1285 4276 1394 4349 γὰρ
1446 4277 1512 4332 ἂν
1555 4278 1717 4341 αὐτὸς

155 4364 346 4420 tam
370 4367 748 4442 δημιουργοίη,
775 4368 882 4423 οὐδ’
905 4368 970 4423 ἂν
988 4368 1067 4423 ἔτι
1081 4369 1204 4433 νοῦς
1216 4369 1467 4439 λέγεσθαι
1481 4369 1714 4437 δύναιτο,

154 4443 214 4505 οὗ
234 4449 364 4514 νοῦς
382 4447 499 4523 ἧνὸ
520 4454 701 4527 αἰθήρ.
728 4457 885 4520 Ποῖος
904 4456 961 4510 δὲ
993 4456 1085 4510 καὶ
1116 4458 1202 4529 εἴη
1226 4460 1255 4511 ὁ
1281 4458 1432 4523 Θεὸς,
1457 4451 1519 4513 οὗ
1549 4459 1710 4531 μέρη,

1818 607 2068 680 pluribus
2088 622 2157 662 ex
2179 607 2426 676 partibus
2456 613 2835 677 coagmentata
2852 612 2958 672 est,
2991 621 3090 661 nec
3120 605 3243 676 ejus
3274 614 3371 662 aut

1814 705 1982 767 caput
2004 696 2202 753 caelum
2227 712 2350 767 esse
2378 706 2574 768 potest,
2595 706 2687 750 aut
2705 711 2901 766 corpus
2934 712 3001 750 es
3034 699 3176 767 igne,
3201 712 3367 766 aqua,

1815 796 2069 861 terraque
2115 798 2391 857 constare,
2447 797 2543 844 aut
2578 789 2723 844 oculi
2752 789 2833 843 sol
2866 805 2931 844 ac
2963 790 3086 843 luna
3136 789 3367 844 censeri.

1817 880 1953 937 Nam
1992 882 2120 951 ejus
2149 882 2368 951 quidem
2417 881 2682 949 numinis,
2747 896 2785 936 a
2828 896 2937 951 quo
2967 881 3217 936 universa
3245 897 3371 952 pro-

1816 983 2091 1040 creantur,
2123 974 2402 1039 humeros,
2451 982 2662 1044 pectus,
2690 974 2913 1030 dorsum
2946 984 3107 1044 atque
3132 985 3367 1041 uterum,

1815 1068 2093 1137 quomodo
2123 1065 2337 1120 tandem
2361 1082 2453 1122 aer
2479 1068 2637 1137 longe
2659 1066 2873 1135 lateque
2904 1065 3154 1133 diﬂ'usus,
3178 1075 3232 1120 et
3262 1076 3372 1120 ter-

1816 1174 1905 1225 ra,
1949 1166 2006 1214 et
2057 1159 2322 1213 montium
2366 1174 2581 1214 summa
2632 1160 2914 1214 cacumina
2964 1146 3234 1212 efﬁciant?
3277 1166 3374 1213 aut

1817 1250 1943 1319 quis
1966 1250 2229 1321 intelligat
2258 1250 2458 1305 aethera
2495 1251 2582 1305 vel
2610 1266 2793 1307 rerum
2840 1251 3081 1304 omnium
3126 1250 3373 1305 condito-

1817 1342 1917 1408 ris,
1954 1344 2037 1397 vel
2073 1344 2272 1399 mentis
2297 1342 2586 1399 eﬁ'ectricis
2619 1329 2853 1399 mentem
2874 1342 3036 1399 esse?
3060 1343 3238 1412 Atque
3258 1342 3372 1396 hac
3474 1334 3479 1337 ⁷

1819 1434 2054 1503 argutuli
2104 1448 2360 1489 versuum
2424 1433 2652 1487 istorum
2712 1432 3021 1502 interpretis
3066 1438 3373 1487 commenta

1819 1539 1958 1591 esse,
1988 1525 2239 1593 pluribus
2259 1525 2545 1581 ostendere
2578 1524 2713 1578 nihil
2743 1526 2952 1580 attinet.
2982 1523 3100 1579 .Iam
3124 1539 3251 1579 vero
3279 1522 3374 1593 qui

1817 1615 2005 1670 mundi
2029 1624 2209 1685 partes
2240 1616 2334 1671 Dei
2364 1616 2604 1672 membra
2636 1630 2760 1671 esse
2785 1615 2951 1680 dicat,
2974 1616 3097 1671 eum
3122 1614 3373 1686 proiecta:

1820 1722 1885 1763 ac
1917 1705 2215 1778 proﬂigatae
2242 1707 2537 1775 impietatis
2557 1723 2710 1764 reum
2740 1723 2863 1763 esse
2891 1708 3208 1777 pronuntio,
3232 1706 3373 1761 mul-

1818 1805 1985 1867 toque
2012 1799 2206 1868 magis,
2234 1797 2324 1867 Qui
2351 1795 2520 1851 Deum
2546 1805 2708 1865 atque
2729 1797 2989 1851 mundum
3010 1812 3121 1850 rem
3141 1811 3303 1850 unam
3319 1803 3375 1850 et

1817 1888 2060 1943 eamdem
2078 1894 2370 1950 assereret,
2385 1886 2587 1957 quique
2604 1885 2668 1939 ad
2690 1895 2989 1939 extremum
3003 1886 3172 1955 ipsius
3186 1884 3373 1938 mundi

1818 1988 2055 2055 mentem
2091 1981 2244 2035 illum
2272 1994 2413 2043 esse,
2440 1979 2531 2049 qui
2568 1986 2761 2033 cuncta
2782 1977 3106 2047 procreavit,
3139 1977 3371 2030 arbitre-

1817 2081 1926 2129 tur.
1952 2072 2087 2129 Nam
2115 2081 2174 2128 ut
2202 2072 2507 2128 molitorein
2540 2080 2977 2143 servatoremque
2999 2070 3184 2125 mundi
3206 2069 3373 2124 alium

1818 2165 1887 2220 ab
1924 2181 1989 2220 eo
2027 2165 2172 2237 quod
2202 2163 2523 2235 productum
2576 2171 2664 2219 est
2698 2163 3083 2231 diversumque
3113 2169 3371 2225 statuere,

1818 2257 2043 2328 pietatis
2070 2264 2195 2312 est:
2226 2257 2311 2312 sic
2347 2270 2467 2312 eam
2509 2254 2705 2310 mundi.
2742 2263 2999 2318 mentem,
3034 2253 3254 2323 perinde
3291 2260 3375 2306 at-

1818 2362 1925 2416 que
1955 2345 2248 2400 animantis
2274 2344 2505 2414 alicujus
2536 2345 2797 2409 animam,
2855 2344 2955 2398 toti
3004 2342 3206 2413 passim
3251 2341 3373 2395 orbi

1818 2437 2164 2507 conjunctam
2225 2436 2416 2491 intime
2467 2451 2530 2492 ac
2580 2437 2838 2492 'sociatam
2903 2450 3056 2500 esse,
3130 2433 3374 2502 adeoque
3470 2454 3473 2455 ν

1818 2529 2344 2599 universum'ipsum
2374 2530 2636 2593 induisse,
2668 2543 2828 2584 nemo
2855 2527 2942 2599 pie
2977 2525 3189 2581 dixerit.
3218 2525 3371 2579 Illum

1818 2621 2035 2693 quidem
2085 2621 2183 2676 toti
2232 2621 2486 2677 universo
2536 2628 2852 2691 praesentem
2899 2618 3113 2685 adesse,
3161 2632 3225 2671 ac
3271 2631 3372 2673 sua

1820 2712 2083 2787 mundum
2142 2710 2479 2783 providentia
2534 2711 2834 2781 gubernare
2879 2716 3222 2764 sacrosancta
3271 2720 3373 2761 no—

1781 2800 2056 2861 'strorum
2125 2805 2322 2860 docent
2372 2803 2613 2866 oracula,
2680 2802 2876 2872 quibus
2932 2800 3186 2870 praeclara
3241 2812 3374 2853 sane

1818 2896 2188 2967 Deoque-cum
2234 2894 2424 2965 primis
2467 2893 2627 2964 digna
2657 2890 2938 2961 theologia:
2967 2889 3104 2944 ratio
3133 2886 3374 2943 contine-

1818 2997 1928 3043 tur.
1958 2987 2051 3043 Sic
2088 2987 2230 3043 enim
2268 3001 2367 3055 per
2392 3000 2453 3040 ea
2482 2983 2625 3039 Deus
2666 2982 2778 3052 ipse
2809 2980 3049 3051 loquitur
3075 2997 3089 3033 :
3118 2972 3371 3047 Nunquid

1825 3097 1932 3134 non
1956 3080 2142 3134 caelum
2165 3089 2214 3134 et
2234 3087 2443 3135 terram
2478 3092 2568 3148 ego
2592 3074 2780 3144 impleo
2798 3073 2825 3127 .9
2853 3072 2983 3126 dicit
3022 3070 3280 3124 Dominus
3304 3066 3370 3120 “.

1818 3172 1897 3228 Ac
1922 3188 2153 3228 rursus:
2184 3171 2337 3237 Quod
2369 3170 2504 3223 Deus
2532 3169 2585 3221 in
2609 3165 2736 3220 calo
2779 3179 3010 3226 sursum,
3050 3171 3101 3215 et
3130 3162 3184 3213 in
3230 3169 3372 3214 terra

1817 3265 2060 3318 deorsum
2089 3262 2162 3328 ¹¹;
2183 3270 2238 3318 et
2261 3261 2386 3315 alibi
2414 3276 2427 3311 :
2464 3257 2530 3313 In
2563 3259 2676 3327 ipso
2702 3256 2836 3310 enim
2860 3254 3101 3317 vivimus,
3130 3258 3179 3303 et
3200 3262 3373 3303 mou-

1819 3372 1938 3411 mur
1976 3364 2024 3408 et
2061 3370 2241 3408 sumus
2275 3352 2353 3420 “;
2391 3352 2498 3429 non
2548 3359 2727 3405 tamen
2770 3356 2829 3401 ut
2875 3345 2929 3398 in
2966 3343 3137 3414 parte
3192 3341 3372 3411 aliqua

1817 3446 2029 3509 mundi,
2054 3461 2153 3501 nec
2176 3454 2236 3499 ut
2276 3443 2330 3497 in
2362 3440 2533 3515 ipsius
2562 3440 2744 3494 anima
2780 3436 2864 3491 vel
2892 3443 3092 3490 mente.
3121 3432 3189 3486 At
3217 3432 3262 3487 si
3293 3432 3373 3486 lo—

1818 3554 1916 3595 cus
1938 3534 2279 3593 similitudini
2305 3547 2422 3588 esse
2466 3528 2642 3594 debet,
2671 3528 2828 3598 longe
2853 3539 2985 3581 sane
3023 3531 3083 3577 ιιι
3109 3520 3217 3577 Deo
3242 3535 3373 3575 con-

1814 3632 2123 3686 venientius
2174 3627 2305 3682 iilud
2343 3634 2445 3690 est,
2482 3625 2554 3678 ita
2586 3637 2709 3678 cum
2750 3621 2976 3675 veritate
3004 3614 3368 3686 conjunctius,
3462 3674 3467 3677 κ

1815 3721 1960 3792 quod
1999 3721 2241 3790 apposite
2291 3734 2460 3774 sacrae
2488 3717 2678 3771 litterae
2728 3694 2951 3769 alicubi.
2972 3709 3366 3780 prodiderunt:

1821 3813 2021 3869 Caelum
2050 3811 2179 3866 mihi
2225 3811 2368 3864 sedes
2399 3820 2495 3872 est,
2535 3816 2673 3861 terra
2726 3812 2898 3858 autem
2948 3800 3233 3872 scabellum
3281 3814 3371 3867 pe-

1816 3908 1943 3961 dum
1966 3920 2195 3959 meorum
2224 3903 2285 3955 ".
2310 3900 2443 3955 Nam
2472 3899 2515 3954 si
2541 3898 2764 3953 omnino
2788 3910 2875 3950 res
2898 3892 3152 3965 postulat,
3178 3892 3252 3946 uti
3276 3892 3373 3946 hu-

1818 4011 2043 4052 manum
2096 3994 2353 4064 loquendi
2388 4006 2593 4047 morem
2625 3987 2874 4059 personis
2904 3984 3177 4057 ﬁngendis
3209 3984 3370 4054 paulo

1817 4089 2041 4160 propius
2092 4087 2397 4149 imitemur,
2436 4083 2722 4152 utriusque
2756 4078 3039 4146 theologia:
3077 4075 3369 4130 discrimen

1817 4181 2124 4237 considera.
2159 4178 2262 4245 Qui
2292 4177 2486 4232 malum
2541 4174 2634 4228 Dei
2685 4172 2865 4228 sedem
2897 4168 3128 4234 vocavit,
3157 4167 3205 4223 is
3227 4176 3371 4224 certe

1817 4289 1927 4327 non
1974 4281 2180 4327 tantum
2240 4270 2380 4322 ultra
2416 4266 2618 4328 sedem,
2663 4278 2852 4319 verum
2885 4263 3047 4317 etiam
3088 4275 3251 4331 supra
3284 4276 3371 4341 res

1816 4377 2007 4418 omnes
2032 4374 2305 4416 summum
2340 4358 2489 4412 illum
2538 4355 2911 4411 universitatis
2938 4371 3121 4428 regem
3169 4356 3370 4426 longis—

1816 4453 1954 4508 sime
1977 4460 2244 4506 semotum
2285 4447 2589 4514 coliocavit,
2636 4447 2717 4502 sic
2765 4454 2949 4503 tamen
2982 4456 3041 4503 ut
3074 4463 3139 4502 ne
3166 4456 3369 4501 terram

154 4543 223 4616 τῆ
246 4543 346 4597 καὶ
366 4543 436 4598 τὰ
468 4544 563 4599 ἐπὶ
592 4548 697 4619 γῆς
727 4547 849 4622 ὄρη,
867 4547 1016 4618 ὄγκοι
1045 4544 1312 4621 σωμάτων
1348 4550 1561 4619 ἄλογοι,
1597 4550 1711 4613 πῶς

1815 4546 2033 4616 quidem
2067 4544 2239 4615 ipsam
2278 4543 2345 4598 ab
2387 4530 2630 4613 ejusdem
2660 4541 2996 4613 providentia
3033 4540 3367 4607 secluderet;

152 4635 203 4690 δὲ
235 4635 337 4691 καὶ
384 4634 603 4704 εῦλσγον
650 4638 801 4695 Θεὸν
830 4639 1176 4712 ἀναγορεύειν
1221 4639 1313 4695 τὸν
1356 4641 1580 4711 ἀδελφὸν
1620 4640 1714 4695 καὶ

153 4727 394 4800 συγγενῆ
437 4728 628 4801 πυρὸς,
650 4732 745 4785 καὶ
776 4733 935 4827 ἀέρος
960 4733 1111 4805 .(82),
1141 4734 1233 4786 καὶ
1266 4732 1475 4797 ὓδατος,
1515 4735 1711 4802 ἀλόγου

151 4823 249 4875 καὶ
292 4821 536 4894 φθαρτῆς
578 4821 710 4894 ὕλης
757 4821 1027 4903 ὲκγθρνωη
1063 4826 1125 4879 Et
1157 4824 1214 4878 δὲ
1260 4826 1354 4879 καὶ
1393 4826 1422 4877 ὁ
1464 4824 1586 4887 νοῦς
1618 4824 1711 4878 τοῦ

150 4913 298 4980 Διὸς,
337 4914 489 4970 οὐδὲν
539 4916 666 4972 ἄλλο
688 4916 825 4988 πλὴν
862 4918 958 4971 τοῦ
1002 4918 1327 4991 δηλωθέντος
1371 4915 1586 4988 αἰθέρος
1619 4913 1708 4988 ἦν,

148 5004 318 5076 αἰθὴρ
339 5005 401 5061 δὲ
430 5009 538 5081 ἀήρ
566 5010 685 5064 ἔστι
712 5011 742 5063 ὁ
779 5007 1106 5080 ὑψηλότατος
1152 5011 1246 5064 καὶ
1292 5008 1539 5083 πυρώδης
1563 5050 1578 5073 ,
1602 5010 1710 5063 ἀπὸ

146 5097 248 5153 τοῦ
280 5097 550 5168 αῑθεσθαι,
575 5102 713 5175 ὅπερ
740 5101 856 5171 ἐστὶ,
880 5101 1150 5169 καίεσθαι,
1176 5102 1398 5173 ταύτην,
1421 5099 1493 5163 ὥς
1523 5117 1706 5170 φασιν,

147 5190 383 5263 εἰληχὼς
409 5191 509 5265 τὴν
540 5195 880 5267 ἐπωνυμίαν
912 5194 1139 5264 σώματα
1169 5194 1225 5247 δὲ
1243 5192 1429 5267 ἄμφω,
1462 5196 1489 5247 ὃ
1516 5209 1575 5246 τε
1603 5193 1713 5265 ἀὴρ

146 5287 179 5341 δ
209 5302 272 5342 τι
300 5283 462 5357 αἰθήρ
480 5302 497 5316 ’
526 5284 627 5359 ὅρα
654 5286 757 5342 ποῦ
779 5304 860 5341 σοι
884 5286 977 5342 τοῦ
998 5286 1117 5350 Διὸς
1134 5288 1163 5339 ὁ
1181 5286 1305 5350 νοῦς
1323 5284 1707 5340 ἀπο-πέπτωκε.

154 5376 271 5433 Καὶ
333 5372 414 5438 τίς
466 5375 531 5430 ἃν
568 5375 647 5430 ἔτι
670 5378 953 5451 προσείποι
1005 5376 1136 5433 Θεὸν
1165 5377 1273 5432 τῶν
1308 5376 1705 5449 εὐφρονοὺντων

145 5465 378 5534 τοῦτον,
416 5458 463 5536 ᾧ
492 5466 615 5533 νοῦς
651 5469 893 5542 ὑπῆρχεν
924 5469 1083 5535 ἄνους
1132 5471 1225 5525 καὶ
1272 5470 1497 5539 ᾶλογοςς
1545 5471 1592 5522 εἰ
1641 5468 1705 5541 δὴ

222 5626 270 5660 ¹⁸
305 5622 419 5680 Jer.
472 5639 630 5687 nm,
664 5586 763 5679 ἐι.

222 5762 336 5829 (8%)
364 5732 481 5822 ’Καὶ
507 5765 674 5832 ἀέρος
733 5762 983 5819 Additum
1034 5773 1215 5819 estex
1259 5766 1350 5819 ait.
1390 5781 1491 5819 ms.
1525 5763 1701 5820 Minus

148 5844 320 5903 recte,
350 5844 411 5892 ut
455 5836 680 5901 videtur,
711 5834 971 5892 elementa
1022 5834 1111 5890 illa
1164 5835 1429 5894 Eusebius
1467 5838 1702 5893 materia

866 5623 911 5656 “
950 5622 1104 5678 Deut.
1138 5640 1211 5689 Iv,
1240 5625 1292 5681 9.
1388 5626 1434 5660 ¹⁵
1471 5626 1589 5679 Aet.
1621 5641 1754 5691 xvu,

1810 4642 2008 4711 quippe
2042 4638 2108 4693 ad
2140 4652 2227 4693 res
2256 4637 2400 4692 enim
2426 4650 2643 4705 quoque
2678 4644 2893 4690 nostras
2937 4635 3076 4687 hanc
3103 4633 3221 4700 ejus
3248 4646 3369 4700 pro-

1816 4730 2035 4788 videndi
2063 4732 2174 4785 vim
2197 4729 2490 4798 adjungere
2506 4741 2630 4782 sese
2653 4734 2708 4781 et
2739 4724 3152 4779 accommodare
3185 4722 3364 4790 docet,

1806 4808 1979 4895 eoque
2002 4821 2187 4877 subdit
2217 4835 2231 4872 :
2263 4818 2429 4874 Terra
2464 4826 2641 4873 autem
2679 4815 2974 4871 scabellum
3006 4814 3202 4885 pedum
3220 4830 3367 4870 meo-

1805 4932 1951 4971 rum.
1990 4911 2145 4983 105
2168 4910 2353 4964 Atnec
2384 4909 2698 4971 scabellum,
2730 4921 2827 4961 nec
2850 4922 2979 4961 vero
3013 4905 3167 4972 sedes
3183 4907 3263 4961 vel
3281 4923 3366 4961 se-

1807 5004 1984 5062 dentis
1999 5016 2216 5071 corpus,
2233 5000 2317 5053 vel
2335 5000 2504 5070 ipsius
2517 4997 2777 5068 partes'ab
2792 4998 2903 5052 ullo
2926 5013 3163 5069 unquam
3187 4999 3330 5054 nomi
3342 5028 3363 5041 -

1809 5106 2028 5153 nentur.
2070 5094 2175 5148 iste
2206 5105 2355 5155 vero,
2392 5091 2485 5161 qui
2508 5090 2730 5154 coelum,
2762 5105 2990 5162 qumque
3020 5091 3157 5147 caelo
3184 5090 3362 5145 conti-

1807 5198 2024 5255 nentur,
2074 5184 2170 5240 Dei
2214 5192 2394 5254 caput,
2458 5183 2656 5239 athera
2725 5199 2854 5238 vero
2922 5192 3152 5238 mentem
3220 5181 3360 5249 ejus,

1809 5283 2050 5338 membra
2062 5277 2297 5348 denique
2311 5276 2688 5347 reliquumque
2713 5291 2912 5347 corpus
2936 5283 3158 5329 caeteras
3176 5275 3360 5328 mundi

1810 5386 1990 5446 partes
2040 5386 2161 5449 esse
2216 5370 2372 5435 dixit,
2426 5384 2601 5439 neque
2647 5367 2836 5424 mundi
2875 5366 3141 5435 opificem,
3186 5375 3367 5435 neque

1816 5469 1983 5527 Deum
2013 5480 2173 5522 nosse
2212 5462 2572 5519 convincitur.
2613 5460 2797 5533 Neque
2838 5458 2981 5515 enim
3027 5465 3119 5512 aut
3153 5472 3212 5513 se
3256 5474 3358 5513 un-

1808 5626 1901 5681 28.
2007 5624 2049 5656 ιτ
2087 5617 2192 5675 lsa.
2223 5632 2366 5678 um,
2404 5615 2455 5670 l.

1808 5765 1974 5820 fetum
2025 5758 2267 5824 vocavit,
2297 5771 2417 5830 qua:
2459 5757 2602 5811 nulla
2637 5771 2701 5811 cx
2736 5750 2960 5809 materia
3010 5756 3186 5807 creata
3234 5749 3353 5804 fue-

1811 5838 1937 5893 rint.
