3936 6342
677 437 772 492 ιω

1326 439 1596 499 ΕΙἮΕΒΙΙ
1636 439 2114 498 (ΣᾹΞΒᾹΒΙΕΝΒΙΞ
2154 441 2224 498 Ol

2346 443 2526 500 PARS
2563 442 2625 501 Il.
2667 476 2737 488 —
2774 445 3267 502 APULOGETICA.

3716 402 3722 407 I
3809 446 3900 502 192

672 569 838 627 quam
891 554 1006 627 ipse
1033 561 1369 629 'procrearit.
1414 571 1508 616 aut
1551 563 1710 634 cujus
1757 580 1911 620 mens
1941 565 2110 621 aether
2145 566 2224 620 sit

2343 567 2564 638 τοιαύτη
2597 568 2794 631 παντὸς
2827 569 3078 639 σώματος
3113 570 3292 638 φύσις.
3318 570 3514 642 Διόπερ
3548 569 3688 638 ἡμῖν
3717 567 3772 618 ἐν
3795 571 3898 628 ταῖς

675 646 819 701 idem
845 647 969 717 jure
1016 651 1215 706 mentis
1264 669 1461 709 nomen
1519 656 1766 710 obtinere
1808 659 2004 727 possit.
2046 657 2243 726 Cujus-

673 740 820 792 modi
878 744 1043 809 porro
1076 741 1219 802 Deus
1243 744 1344 799 iste
1388 745 1573 812 fuerit,
1606 748 1764 817 cujus
1805 758 1984 818 partes
2012 759 2065 803 et
2096 759 2242 805 terra

670 840 729 887 et
758 841 913 888 terra:
945 845 1178 904 montes,
1209 835 1464 892 inanima:
1496 840 1768 906 videlicet,
1799 857 1863 897 ac
1889 843 2117 897 rationis
2143 835 2240 896 ex;

669 929 853 993 pertes
880 939 1171 996 corporum
1201 927 1372 985 moles
1400 928 1676 988 alliciant?
1699 931 1833 999 Quis
1857 943 2036 989 autem
2054 951 2240 991 verum

671 1028 912 1083 censeat,
965 1020 1131 1091 ignis,
1160 1022 1306 1086 aeris
1335 1033 1389 1078 et
1418 1039 1594 1096 aquae,
1631 1025 1737 1082 hoc
1769 1035 1854 1083 est
1881 1028 2093 1089 ratione
2145 1043 2240 1094 ca-

670 1110 842 1165 rentis
858 1109 1123 1182 ﬂuxaeque
1141 1117 1382 1172 materia:
1411 1115 1553 1172 fetus
1570 1134 1888 1190 germanum
1913 1136 1978 1176 ac
1994 1121 2238 1187 fratrem,

669 1198 838 1254 Deum
879 1204 1211 1271 prmdicari?
1255 1203 1400 1271 Jam,
1444 1208 1492 1264 si
1524 1204 1672 1265 lovis
1703 1226 1856 1266 mens
1904 1211 2051 1266 aliud
2104 1213 2237 1278 nihil

667 1301 806 1357 erat,
841 1308 1004 1362 quam
1039 1296 1205 1351 aether
1237 1297 1325 1352 ille
1351 1313 1494 1368 Str-pe
1522 1301 2042 1368 nominatus,aether
2056 1314 2235 1359 autem

666 1398 920 1451 suprema
953 1396 1036 1441 est
1062 1389 1208 1442 aeris
1236 1391 1384 1460 regio
1416 1393 1633 1462 ignique
1657 1395 1970 1463 persimilis,
1997 1397 2091 1466 qui
2129 1398 2237 1452 ἀπὸ

667 1475 755 1528 τοῦ
781 1476 1049 1544 αἴθεσθαι,
1079 1482 1223 1550 quod
1251 1493 1334 1538 est
1353 1485 1562 1550 ardere,
1584 1487 1896 1556 hujusmodi
1928 1499 2119 1546 nactus
2139 1507 2238 1562 ap-

665 1567 1015 1635 pellationem
1053 1569 1215 1630 fuerit
1245 1589 1258 1638 ;
1283 1574 1530 1645 adeoque
1550 1577 1593 1632 si
1613 1579 1798 1640 ambo,
1831 1594 1946 1644 aer,
1980 1581 2230 1651 inquam,

662 1666 824 1725 atque
856 1661 1024 1714 aztller
1056 1676 1285 1732 corpora
1317 1673 1443 1719 sunt
1475 1683 1489 1731 ;
1528 1666 1669 1733 vide,
1700 1669 1948 1736 obsecro,
1982 1688 2091 1741 quo
2138 1674 2234 1728 tibi

665 1763 818 1802 mens
847 1750 934 1803 illa
967 1749 1112 1806 Jovis
1146 1757 1452 1808 evanuerit.
1506 1755 1773 1816 Praeterea
1818 1762 1942 1831 quis
1991 1764 2230 1832 tandem,

660 1840 708 1894 si
745 1840 932 1895 'modo
985 1845 1168 1913 sapit,
1204 1844 1371 1900 Deum
1419 1851 1624 1904 vocarit
1664 1867 1787 1907 eum
1842 1855 1935 1924 qui
1998 1866 2230 1911 mentem

2345 659 2664 728 θεολογίαις,
2701 661 2878 714 πάντα
2897 663 3008 723 τοῖς
3035 661 3341 732 εἰρημένοις
3379 660 3447 714 τὰ
3479 658 3705 713 ὲναντία
3743 674 3900 728 παρα-

2342 751 2571 822 ληπτέον
2592 767 2604 781 ⁶
2625 754 2706 805 ὃτι
2721 769 2781 805 τε
2811 753 2884 824 μὴ
2909 753 3135 824 οὐρανὸς
3158 753 3231 806 ὢν
3252 754 3523 824 τυγχάνει,
3552 753 3698 822 μήτε
3729 751 3846 820 allii;
3854 769 3896 821 ρ,

2345 845 2471 915 μήθ’
2503 845 2673 915 ἥλιος,
2713 847 2848 917 μήτε
2879 846 3096 916 σελήνη,
3126 846 3251 917 μηθ’
3272 848 3300 899 ὁ
3318 845 3537 917 σύμπας
3556 844 3676 898 τῶν
3701 843 3897 915 ἄστρων

2340 938 2520 1009 χορὸς,
2576 939 2699 1009 μήτ’
2741 939 2903 1002 αὐτὸς
2941 938 3153 1011 ἀθρόως
3179 940 3208 991 ὁ
3260 941 3366 1002 πᾶς
3393 940 3633 1013 κόσμοςέ
3679 936 3812 1010 ἔργα
3851 938 3898 992 δὲ

2339 1029 2538 1102 χειρῶν
2565 1029 2736 1083 ταῦτα
2777 1029 2959 1100 μικρά-
2977 1029 3056 1083 ἔτι
3085 1030 3179 1083 καὶ
3205 1029 3428 1100 βραχέα,
3451 1031 3574 1097 ταῖς
3603 1029 3897 1098 ἀσωμάτοις

2339 1125 2434 1180 καὶ
2481 1124 2694 1195 νοεραῖς
2733 1121 2993 1193 δυνάμεσι
3037 1121 3517 1196 παραϐαλλόμενα·
3548 1123 3639 1176 ὃτι
3689 1121 3752 1192 δὴ
3805 1125 3894 1174 πᾶν

2323 1213 2498 1285 ’σῶμα
2533 1215 2768 1287 φθαρτὸν
2799 1216 2892 1268 καὶ
2917 1215 3128 1285 ἄλογον,
3147 1215 3367 1286 τοιαύτη
3399 1215 3456 1268 δὲ
3475 1214 3585 1267 τῶν
3619 1214 3894 1286 ὁρωμένων

2338 1309 2371 1378 ἠ
2403 1308 2582 1378 φύσις.
2609 1309 2690 1362 Td
2714 1310 2758 1361 δ’
2793 1310 3046 1388 ἐπέκεινα
3077 1310 3134 1362 ὲν
3155 1309 3403 1380 ἀοράτοις
3435 1307 3635 1375 λογικά
3656 1309 3749 1359 καὶ
3775 1307 3890 1360 ἀθά-

2305 1409 2311 1415 ’
2337 1416 2493 1462 νατα,
2529 1399 2992 1465 συνδιαιωνίζοντα
3024 1403 3089 1471 τῇ
3119 1398 3212 1453 τοῦ
3238 1398 3631 1470 παμϐασιλέως
3653 1401 3786 1453 Θεοῦ
3813 1419 3888 1469 μα-

2337 1490 2504 1562 καρίᾳ
2548 1491 2660 1563 ζωῇ
2681 1533 2696 1556 ,
2729 1492 2924 1563 μακρῷ
2945 1493 3137 1562 γένοιτ’
3157 1492 3226 1546 ἂν
3251 1493 3358 1546 τῶν
3386 1492 3690 1565 ὁρωμένων
3736 1495 3884 1545 dtis-

2335 1601 2442 1636 των
2467 1582 2680 1653 βελτίω.
2728 1584 2968 1649 Εἰκότως
3004 1581 3097 1639 οῦν
3144 1585 3214 1640 τὰ
3251 1585 3369 1640 θεῖα
3407 1587 3563 1658 λόγια
3618 1590 3749 1659 περὶ
3799 1589 3886 1642 τῶν

2333 1676 2626 1749 ὁρωμένων
2678 1677 2774 1729 τοῦ
2819 1678 3023 1747 κόσμου
3069 1678 3248 1750 μερῶν
3306 1674 3410 1733 ὧδέ
3446 1698 3566 1743 πως
3617 1681 3880 1732 παιδεύει·

2340 1786 2359 1818 σ
2392 1767 2628 1839 Ὀψομαι
2673 1770 2796 1831 τοὺς
2826 1770 3108 1840 οὐρανοὺς,
3147 1771 3284 1842 ἔργα
3317 1772 3424 1823 τῶν
3466 1771 3752 1825 δακτύλων
3789 1777 3878 1836 σου,

2337 1859 2564 1932 σελήνην
2594 1860 2686 1913 καὶ
2706 1860 2957 1932 ἀστέρας,
2981 1861 3016 1916 a
3043 1862 3106 1914 σὺ
3135 1861 3517 1931 ἐθεμελίωσας*
3551 1881 3573 1914 ι
3600 1864 3697 1915 καὶ
3724 1863 3877 1915 πάλιν·

657 1941 927 1988 amentem
971 1945 1134 2006 atque
1175 1938 1245 1993 ab
1284 1940 1492 1996 ratione
1535 1958 1762 2000 vacuam
1822 1947 2065 2004 habeat?
2115 1965 2224 2004 om«

2337 1971 2356 2004 ι
2388 1925 2482 2018 Σῦ,
2518 1925 2707 2024 Κύριε,
2729 1925 2851 2006 κατ’.
2873 1953 3044 2026 ἀρχὰς
3066 1954 3160 2025 τὴν
3192 1925 3295 2024 τίῆν
3324 1955 3726 2024 ἐθεμελίωσας·
3773 1958 3875 2006 καὶ·

656 2024 742 2076 nis
801 2027 943 2080 enim
1003 2032 1250 2098 corporis
1300 2041 1495 2090 natura
1548 2034 1814 2105 ejusmodi
1879 2049 1984 2096 est.
2051 2041 2230 2109 Quare

659 2118 822 2200 nobis
861 2137 1011 2185 sane,
1048 2140 1170 2177 cum
1203 2126 1269 2180 de
1301 2126 1410 2182 Deo
1434 2129 1730 2199 disputatio
1775 2132 2102 2202 instituitur,
2140 2155 2228 2194 as-

656 2189 921 2265 sumenda
954 2216 1331 2284 superioribus
1363 2223 1637 2278 contraria
1667 2226 1851 2280 omnia
1889 2238 2014 2282 sunt
2044 2249 2057 2284 :
2101 2246 2227 2286 eum

656 2321 834 2375 neque
863 2311 1062 2365 caelum
1111 2329 1252 2380 esse,
1304 2332 1478 2388 neque
1518 2321 1741 2385 arthera,
1791 2339 1968 2394 neque
2030 2328 2224 2393 solem,

620 2412 833 2467 -neqne
878 2400 1083 2469 lunam,
1139 2417 1315 2475 neque
1362 2419 1618 2466 cunctum
1663 2423 1935 2469 astrorum
1972 2419 2223 2484 chorum,

657 2502 837 2556 neque
868 2491 1058 2546 orbem
1087 2494 1250 2550 simul
1283 2498 1616 2555 universum.
1647 2502 1770 2558 llaec
1796 2506 1940 2559 enim
1965 2524 2225 2566 manuum

654 2578 805 2638 illius
840 2597 1003 2651 opera
1028 2600 1365 2658 sunt,eaque
1392 2591 1586 2660 pusilla
1605 2594 1895 2651 admodum
1923 2608 1977 2653 et
2006 2601 2222 2669 exigua,

653 2673 700 2727 si
723 2689 845 2727 cum
880 2675 1216 2747 incorporeis
1240 2680 1347 2736 illis
1373 2681 1910 2758 iutclligentibusque
1932 2691 2225 2749 virtutibus

652 2763 1038 2834 conferantur;
1069 2773 1507 2842 quandoquidem
1542 2791 1703 2832 omne
1732 2793 1933 2848 corpus
1961 2790 2016 2835 et
2046 2782 2222 2837 inter-

651 2852 790 2907 itum
827 2859 1047 2923 patitur,
1092 2873 1145 2915 et
1200 2865 1409 2917 ratione
1439 2877 1607 2930 caret,
1663 2869 1968 2936 cujusmodi
2003 2884 2086 2927 est
2127 2890 2223 2930 eo-
2275 2872 2278 2875 ’

650 2963 798 3012 rum,
836 2967 957 3019 qua:
987 2953 1261 3018 videntur,
1288 2968 1502 3013 natura.
1535 2961 1602 3015 At
1626 2978 1746 3030 qua
1775 2979 1938 3032 supra
1959 2969 2221 3024 mundum

651 3040 799 3095 hunc
823 3046 1207 3112 aspectabilem
1237 3062 1434 3105 evecta:
1475 3063 1682 3108 natura:
1714 3067 1863 3121 sunt,
1893 3074 1970 3112 ea:
2000 3076 2106 3113 non
2137 3078 2222 3115 ra-

651 3133 800 3189 tione
841 3145 1072 3204 tantum,
1107 3141 1199 3194 sed
1237 3145 1404 3198 etiam
1445 3145 1853 3216 immortalitate
1899 3161 2218 3221 potiuntur:

651 3239 813 3297 atque
846 3239 904 3283 ut
928 3231 1025 3284 ιθνί
1055 3235 1449 3301 perennitatem
1481 3238 1728 3294 obtinent
1756 3256 1876 3295 cum
1927 3243 2078 3298 bula
2128 3229 2221 3304 su;

651 3322 824 3388 premi
855 3338 1038 3378 rerum
1072 3327 1318 3381 omnium
1355 3331 1495 3398 regis
1523 3335 1822 3389 aeternitate
1851 3339 2222 3408 eonjdhctam,

651 3416 733 3470 sic
764 3415 923 3486 longe
962 3421 1219 3475 omnibus
1247 3423 1338 3487 iis,
1381 3440 1502 3494 quae
1536 3440 1855 3496 cernuntur,
1900 3433 2224 3487 anteeellant

650 3517 1012 3580 prtestentque
1048 3529 1271 3569 necesse
1309 3527 1409 3572 est.
1441 3515 1805 3585 Quamobrem
1843 3523 1974 3591 quid
2004 3523 2072 3578 de
2104 3540 2225 3579 cor-

647 3603 829 3672 poreis
865 3605 1050 3658 mundi
1084 3610 1327 3675 partibus
1362 3612 1562 3665 sentire
1591 3629 1690 3668 nos
1738 3624 2006 3683 oporteat,
2039 3618 2221 3676 divina

647 3695 868 3748 oracula
897 3695 1017 3764 jure
1039 3697 1110 3750 ita
1144 3698 1380 3754 docent:
1426 3699 1621 3755 Videbo
1646 3706 1801 3759 caelos
1828 3725 1984 3776 opera
2025 3711 2222 3783 digito-

647 3803 766 3840 rum
800 3798 1030 3853 tuorum,
1066 3793 1244 3844 lunam
1286 3802 1334 3846 et
1369 3795 1568 3854 stellas.
1603 3815 1718 3867 qua:
1768 3812 1821 3855 tu
1856 3803 2096 3872 fundasti
2154 3807 2217 3860 ’⁸.

645 3877 712 3932 Et
763 3895 979 3934 rursum
1018 3901 1030 3934 :
1078 3882 1176 3944 Tu,
1223 3883 1461 3950 Domine,
1514 3889 1666 3943 initio
1699 3901 1895 3947 terram
1933 3896 2214 3964 fundasti;

645 3981 697 4024 et
739 3993 747 4024 ;
784 3971 956 4038 Opera
980 3989 1230 4026 manuum
1250 3988 1473 4030 tuarum
1488 3989 1610 4032 sunt
1636 3982 1844 4049 caeli";
1877 3999 1942 4038 ac
1962 4000 2215 4040 rursum:

647 4061 842 4116 Tollite
871 4065 927 4116 in
963 4065 1129 4117 altum
1159 4068 1337 4120 oculos
1364 4074 1582 4134 vestros,
1607 4082 1652 4123 et
1671 4073 1858 4135 videte,
1894 4075 2012 4142 quis
2042 4083 2216 4128 osten-

646 4155 726 4209 dit
781 4159 890 4211 haec
941 4161 1117 4212 omnia
1162 4161 1228 4214 ’°.
1275 4161 1453 4230 Atque
1495 4163 1606 4216 lucc
1657 4165 1943 4220 adversum
1981 4170 2216 4236 priorem

646 4248 948 4302 carminum
980 4251 1206 4307 istorum
1238 4255 1617 4323 explicationis
1635 4266 1841 4327 partem
1866 4258 2008 4315 dicta
2033 4271 2212 4317 sunto.

647 4341 760 4407 Age
788 4355 934 4404 vero,
965 4357 1189 4411 quaeque
1222 4347 1479 4420 deinceps
1526 4363 1961 4421 consequuntur,
2013 4369 2217 4424 expen-

647 4433 1476 4511 damus.106tCum,inquit,
1535 4445 1716 4517 imago
1764 4447 2033 4516 ejusmodi
2083 4449 2212 4521 [iugi

648 4537 714 4577 ac
742 4522 1068 4594 con‘ligurari
1094 4529 1240 4583 nulla
1287 4545 1491 4600 posset,
1545 4539 1760 4606 qualem
1791 4556 1854 4593 ea
1887 4541 2047 4596 nobis
2088 4558 2214 4598 car-9

2335 2048 2520 2116 Ἔργα
2536 2045 2654 2098 τῶν
2671 2045 2884 2115 χειρῶν
2901 2064 3015 2100 σου
3032 2047 3194 2100 εἰσὶν
3207 2051 3261 2100 οἱ
3277 2048 3538 2114 οὐρανοί·
3584 2047 3679 2099 καὶ
3716 2043 3870 2110 αὖθις·

2336 2158 2355 2189 ι
2401 2139 2757 2213 Ἀναϐλέψατε
2784 2143 2862 2204 εἰς
2899 2139 3031 2209 ὕψος
3059 2141 3183 2202 τοὺς
3219 2140 3529 2212 ὀφθαλμοὺς
3581 2141 3764 2212 ὑμῶν,
3802 2151 3872 2194 και

2333 2231 2491 2297 ἴδετε,
2520 2233 2601 2296 τίς
2635 2232 2909 2298 κατέδειξε
2948 2231 3057 2303 (85)
3089 2232 3262 2286 ταῦτα
3295 2235 3489 2288 πάντα.
3511 2231 3515 2234 ’
3536 2254 3554 2286 ι
3592 2235 3766 2288 Ταῦτα
3792 2235 3867 2302 μὲν

2327 2320 2420 2377 οὖν
2449 2327 2528 2388 εἰς
2562 2326 2656 2397 τὴν
2694 2325 2916 2397 πρώτην
2953 2325 3059 2379 τῶν
3102 2327 3248 2380 ἐπῶν
3293 2327 3592 2400 ἑρμηνείαν
3634 2325 3865 2397 εἰρήσθω·

2329 2417 2460 2488 φέρε
2480 2415 2537 2469 δὲ
2570 2419 2662 2471 καὶ
2691 2419 2758 2471 τὰ
2790 2418 2914 2488 ἑξῆς
2932 2419 3405 2491 διασκοπήσωμεν.
3435 2421 3591 2474 Ἐπεὶ
3617 2420 3686 2490 μὴ
3710 2414 3799 2471 οἷόν
3822 2437 3846 2469 τ

2325 2505 2414 2580 ἦν,
2441 2511 2624 2580 φησιν,
2654 2513 2834 2564 εἰκόνα
2860 2512 3111 2584 τοιαύτην
3132 2513 3194 2583 δη
3205 2517 3502 2584 μιουργεῖν,
3531 2515 3700 2568 οἴανὸ
3732 2513 3854 2579 λόγος

2327 2605 2588 2675 ἐμήνυσε,
2616 2605 2704 2658 διὰ
2740 2605 2899 2658 τοῦτο
2927 2605 3385 2679 ἀνθρωπόμορφον
3406 2608 3500 2661 τοῦ
3535 2610 3663 2670 Διὸς
3697 2608 3745 2661 τὸ
3778 2605 3859 2659 65i-

2325 2698 2487 2768 κηλον
2519 2699 2899 2768 πεποιήκασιν,
2931 2698 3012 2750 ὅτι
3035 2697 3158 2760 νοῦς
3186 2695 3253 2768 ἦν
3278 2699 3396 2751 καθ’
3427 2700 3484 2753 ὃν
3524 2698 3862 2770 ἐδημιούργει,

2335 2789 2428 2841 καὶ
2455 2789 2630 2856 λόγοις
2667 2794 3054 2862 σπερματικοῖς
3096 2791 3341 2844 ἀπετέλει
3381 2790 3449 2842 τά
3499 2790 3692 2843 πάντα.
3733 2809 3748 2839 ι
3776 2791 3861 2840 Καὶ

2334 2879 2451 2942 πῶς
2477 2882 2524 2932 εἰ
2557 2883 2630 2951 μὴ
2663 2878 2772 2936 οἶόν
2797 2901 2856 2936 τε
2897 2880 2964 2955 ἦν
2995 2884 3175 2937 εἰκόνα
3205 2884 3456 2952 τοιαύτην
3487 2885 3681 2942 ποιεῖν,
3716 2880 3815 2933 οἵαν
3841 2881 3860 2929 ὁ

2332 2970 2488 3038 λόγος
2515 2975 2799 3043 ἐμήνυσεν.
2851 2977 3082 3048 ἐμήνυσε
3108 2977 3162 3030 δὲ
3193 2977 3296 3048 ἄρα
3321 2974 3410 3028 τοῦ
3447 2973 3758 3044 φαινομένου
3787 2973 3857 3023 καὶ

2322 3062 2597 3133 ὁρωμένου
2622 3063 2822 3133 κόσμου
2840 3063 2906 3115 τά
2935 3063 3093 3133 μέρη,
3119 3064 3177 3115 ού
3188 3064 3362 3134 ρανὸν,
3382 3064 3557 3116 καὶτὰ
3581 3068 3640 3116 ἐν
3662 3060 3861 3133 οὐρανῷ.

2323 3154 2462 3226 ἀέρα
2508 3172 2565 3207 τε
2590 3196 2603 3218 ,
2633 3158 2726 3208 καὶ
2754 3157 2879 3224 γῆν,
2905 3156 2998 3207 καὶ
3021 3156 3091 3208 τά
3124 3159 3178 3208 ἐν
3206 3157 3385 3218 αὐτοῖς
3404 3173 3416 3185 ³
3459 3159 3507 3209 εἰ
3551 3157 3617 3227 δὴ
3666 3153 3750 3210 οὖν
3779 3152 3862 3204 τῶν

2322 3245 2611 3315 ὁρωμένων
2636 3245 2728 3298 τοῦ
2755 3244 2966 3313 κόσμου’
3009 3243 3189 3314 μερῶν
3229 3245 3326 3315 ούχ
3372 3239 3483 3301 οἷόν
3526 3264 3586 3300 τε
3617 3242 3683 3318 ἦν
3714 3243 3865 3297 εἰκόνα

2328 3337 2714 3406 συστήσασθαι,
2742 3335 2875 3390 καθὸ
2906 3335 3028 3400 νοῦς
3057 3333 3124 3408 ἦν
3145 3339 3174 3390 ὁ
3201 3337 3353 3404 Θεὸς,
3383 3341 3498 3403 πῶς
3523 3340 3588 3394 ἄν
3616 3357 3697 3401 τις
3727 3331 3860 3390 αὐτοῦ

2323 3428 2422 3506 τὴν
2452 3429 2636 3482 εἰκόνα
2682 3430 3140 3502 ῖήτιιουργήσεικ
3178 3433 3272 3496 Τίς
3293 3433 3336 3486 δ’
3369 3433 3434 3486 ἂν
3473 3432 3571 3506 ἔχῃ
3622 3432 3768 3503 σῶμα
3790 3430 3863 3480 ἁν-

2325 3503 2586 3591 Ορώπειον
2618 3522 2854 3591 ἐμφερὲς
2881 3523 3015 3593 πρὸς
3037 3523 3127 3577 τὸν
3151 3523 3243 3577 τοῦ
3275 3523 3408 3576 Θεοῦ
3435 3524 3593 3588 νοῦν;
3633 3519 3763 3589 Ἐγὼ
3783 3518 3860 3587 μὲν

2323 3614 2431 3687 γὰρ
2459 3614 2577 3668 οὐδὲ
2611 3615 2744 3686 πρὸς
2771 3615 2860 3668 τὸν
2889 3616 3227 3689 ἀνθρώπινον
3255 3617 3494 3689 ἡγοῦμαι
3515 3633 3527 3645 ·
3566 3615 3690 3670 ἐπεὶ
3719 3615 3746 3665 ὁ
3785 3609 3860 3681 μὲν

2323 3705 2608 3777 ἀσώματος
2636 3707 2731 3760 καὶ
2750 3706 3040 3770 ἀσύνθετος
3065 3709 3161 3764 καὶ
3185 3707 3417 3786 ἀμερὴς,
3439 3705 3498 3758 τὺ
3523 3705 3579 3758 δέ
3612 3701 3859 3775 βαναύσων

2321 3801 2528 3872 ανδρῶν
2553 3802 2732 3873 ἔργον,
2766 3801 2856 3856 καὶ
2892 3803 3085 3873 θνητοῦ
3127 3801 3374 3870 σώματος
3414 3800 3573 3870 φύσιν
3618 3795 3852 3868 ἀπομεμί-

2324 3908 2509 3961 μηται,
2541 3896 2632 3945 καί
2656 3891 2834 3963 ζώσης
2863 3893 3063 3963 σαρκὸς
3104 3893 3160 3944 ὲν
3204 3892 3395 3962 ἀψύχῳ
3444 3893 3538 3946 καὶ
3584 3892 3748 3964 νεκρᾷ
3784 3887 3852 3954 ὕλῃ

2320 3985 2509 4054 κωφὴν
2544 3986 2632 4037 καὶ
2651 3985 2874 4037 ἄναυδον
2898 3985 3079 4037 εἰκόνα
3108 3985 3576 4056 καταγέγραπται.
3605 3982 3759 4053 Ψυχὴ
3783 3978 3856 4048 μὲν

2318 4071 2411 4128 οὖν
2445 4075 2635 4147 λογικὴ
2657 4077 2751 4130 καὶ
2775 4066 3058 4140 ἀθάνατος,
3096 4077 3188 4130 καὶ
3212 4076 3334 4141 νοῦς
3363 4077 3579 4149 ἀπαθὴς
3605 4081 3664 4131 ὲν
3685 4069 3857 4143 ἀνθρὼ-

2319 4186 2421 4221 που
2451 4169 2628 4238 φύσει,
2657 4165 2715 4222 εῦ
2746 4187 2835 4239 μοι
2861 4169 3006 4224 δοκεῖ
3035 4170 3285 4238 λέγεσθαι
3311 4170 3491 4225 εἰκόνα
3513 4173 3605 4244 καὶ
3636 4168 3856 4238 ὁμοίωσιν

2317 4259 2618 4324 ἀποσώζειν
2639 4259 2793 4325 Θεοῦ,
2807 4259 3032 4314 καθόσον
3043 4262 3202 4325 ἄῦλος
3218 4263 3307 4315 καὶ¹
3327 4261 3635 4330 ἀσώματος,
3653 4258 3795 4330 νοερὰ
3812 4272 3856 4307 τε

2315 4354 2410 4407 καὶ
2443 4353 2630 4426 λογικὴ
2655 4353 2751 4425 τὴν
2773 4354 2956 4410 οὐσίαν
2973 4356 3311 4425 συνέστηκεν,
3331 4349 3669 4424 ἀρετῆςοῦσα
3685 4353 3767 4406 καί
3783 4365 3855 4401 σο-

2318 4447 2445 4518 φίας
2472 4447 2713 4520 δεκτική.
2731 4448 2796 4501 Εἰ
2824 4447 2888 4518 δή
2914 4466 2997 4510 τις
3012 4451 3098 4520 εἴη
3123 4447 3342 4512 δυνατὸς
3362 4445 3540 4515 ψυχῆς
3562 4446 3768 4516 ἄγαλμα
3785 4440 3856 4495 καὶ

2319 4542 2529 4614 μορφὴν
2560 4544 2617 4594 ἐν
2644 4540 2809 4594 εἰκόνι
2826 4540 3201 4612 τεκτήνασθαι,
3230 4537 3428 4592 δύναιτ’
3456 4538 3520 4591 ἂν
3542 4535 3690 4604 οὗτος
3711 4535 3792 4592 καί
3814 4547 3855 4583 τι

645 4618 794 4672 mina
827 4629 1236 4688 repraesentant,
1262 4621 1411 4680 Jovis
1445 4627 1800 4685 simulacrum
1836 4633 2130 4688 humanam
2156 4636 2210 4690 in

2327 4632 2429 4686 τῶν
2460 4631 2801 4704 κρειττόνων.
2828 4633 2890 4686 Ei
2923 4633 2978 4686 δὲ
3006 4632 3251 4703 ἄμορφος
3284 4630 3374 4682 καὶ
3397 4631 3579 4703 ἀειδης
3608 4633 3696 4686 καὶ
3718 4633 3856 4697 ἀσχη-

645 4711 881 4779 speciem
911 4722 1189 4782 prepterea
1224 4716 1655 4786 conformarunt,
1687 4725 1833 4792 quod
1867 4739 2019 4779 mens
2049 4737 2215 4792 esset,

646 4802 805 4870 cujus
835 4804 888 4858 in
917 4810 1294 4875 procreatioue
1345 4827 1526 4867 rerum
1575 4811 1852 4886 exemplar
1886 4817 2213 4886 intueretur,

649 4895 804 4962 cujus
836 4901 1189 4958 seminalibus
1217 4906 1374 4974 quasi
1402 4907 1708 4963 rationibus
1737 4921 1934 4965 cuneta
1989 4913 2216 4981 perfice-

649 4993 748 5037 ret.
769 4979 1004 5058 ιδίετὲο
1034 4994 1155 5048 talis
1191 4995 1372 5067 imago
1425 4999 1552 5067 tingi
1606 4979 2003 5070 nulla‘potest,‘
2034 5004 2216 5072 qualis

648 5073 847 5144 Orphei
899 5083 1233 5140 carminibus
1285 5089 1590 5154 exhibetur,
1642 5093 1968 5148 exhibentur
2032 5104 2214 5149 autem

646 5170 987 5238 aspectabilis
1023 5174 1183 5244 hujus
1236 5180 1423 5234 mundi
1469 5190 1671 5250 partes,
1724 5187 1960 5250 cmlum,
1989 5203 2216 5257 quaeque

646 5264 842 5318 caelum
875 5265 1054 5336 ipsum
1085 5270 1273 5333 ambit,
1304 5288 1415 5337 aer,
1448 5286 1614 5341 terra,
1644 5295 1878 5351 quaeque
1929 5282 2211 5337 amborum

647 5356 765 5412 sinu
787 5361 1182 5432 complexuque
1207 5366 1554 5421 continentur
1584 5389 1593 5422 :
1625 5372 1691 5435 si,
1711 5372 1955 5443 inquam,
1979 5373 2211 5443 partium

717 5562 762 5594 “
798 5564 942 5617 Psal.
981 5582 1100 5631 vm,
1135 5566 1189 5620 4.

717 5704 973 5788 (85)]’ί1ς
1001 5710 1321 5788 κατέξειξε.
1363 5710 1438 5763 lta
1480 5710 1836 5788 Septuaginta
1869 5735 2005 5788 quos
2057 5718 2221 5775 habe-

651 5774 793 5832 mus.
849 5774 1094 5845 Vulgata.
1146 5782 1275 5846 Quis
1317 5786 1508 5835 creavit
1555 5774 1719 5841 iure?”
1756 5800 1813 5841 ut
1863 5774 1915 5843 iit
1967 5774 2209 5845 Hebralo.

654 5847 918 5925 Videntur
962 5847 1337 5925 Septuaginta,
1390 5853 1533 5922 quod
1588 5861 1863 5925 pmprinm
1919 5864 2214 5916 crcattunis

653 5927 758 5982 est.
794 5927 847 5973 ut
875 5919 989 5988 ejus
1024 5923 1092 5986 vi,
1125 5919 1264 5992 quod
1294 5919 1421 5982 ante
1446 5919 1651 5980 nullum
1686 5919 1818 5996 erat,
1853 5944 2066 6001 repellit:
2098 5951 2215 5987 cer-

1270 5567 1313 5598 "
1353 5566 1496 5623 Psal.
1527 5585 1599 5636 ci,
1635 5571 1723 5626 ‘26.
1803 5577 1849 5606 ‘°
1891 5573 1993 5629 lsa.
2025 5590 2114 5640 XL,
2147 5575 2238 5631 26.

2323 4723 2597 4794 μάτιστος,
2620 4723 2740 4777 οὔτε
2775 4724 2916 4797 λόγῳ
2942 4725 3033 4778 καὶ
3056 4725 3190 4794 ἀκοῇ
3221 4722 3315 4794 τὴν
3338 4725 3518 4778 οὐσίαν
3548 4717 3853 4793 καταληπτές

2319 4819 2346 4869 ὁ
2370 4816 2705 4889 ἀνθρώπινος
2727 4818 2870 4883 νοῦς,
2895 4819 2976 4881 τίς
2999 4816 3064 4870 ἂν
3092 4815 3286 4887 μανείη
3317 4818 3588 4886 τοσοῦτον,
3626 4819 3698 4881 ὡς
3718 4816 3769 4868 τὸ
3782 4813 3854 4864 ἁν-

2318 4909 2590 4983 δρείκελον
2615 4913 2797 4978 ξόανον
2827 4910 2960 4965 Θεοῦ
2987 4908 3080 4962 τοῦ
3115 4911 3389 4965 ἀνωτάτου
3424 4914 3638 4983 μορφὴν
3685 4909 3766 4963 καὶ
3792 4905 3852 4956 εἱ-

2321 5001 2450 5055 κόνα
2484 5004 2670 5076 φέρειν
2696 4999 3107 5071 ἀποφήνασθαι;
3138 4999 3273 5053 Θεοῦ
3311 5003 3408 5073 μὲν
3436 4998 3528 5055 οὖν
3573 5002 3726 5072 φύσις
3770 4994 3853 5058 ἔξω

2326 5092 2503 5166 πάσης
2542 5095 2744 5167 θνητῆς
2769 5092 2898 5163 ὖλης
2924 5091 3276 5161 φαντάζεται,
3313 5095 3386 5165 νῷ
3408 5095 3618 5163 διαυγεῖ
3643 5095 3729 5149 καὶ
3747 5088 3847 5183 σιγῇ

2323 5189 2520 5259 ψυχαῖς
2577 5185 3019 5256 κεκαθαρμέναις
3056 5186 3430 5258 ἔπἰνοουμένη.
3484 5188 3556 5241 Τὸ
3598 5189 3652 5242 δέ
3688 5203 3743 5257 γε
3776 5198 3848 5276 70':-

2322 5283 2602 5353 ὁρωμένου
2643 5279 2762 5343 Διὸς
2797 5281 2855 5331 έν
2887 5278 2963 5350 τῷ
3007 5280 3228 5350 δεικέλῳ
3254 5282 3435 5352 σχῆμα
3469 5282 3552 5352 εἴη
3593 5282 3657 5335 ἂν
3689 5282 3846 5343 θνητοί

2318 5377 2417 5450 τὴν
2450 5375 2610 5445 φύσιν
2656 5374 2847 5444 ἀνδρὸς
2883 5374 3077 5447 εἰκὼν,
3133 5376 3253 5429 οὐδὲ
3297 5376 3387 5431 τὸν
3418 5378 3537 5432 ὅλον
3580 5376 3846 5449 ἀνθρωπῠνι

2329 5730 2510 5784 natur,
2548 5718 2772 5802 innuere
2806 5722 3062 5802 voluisse.
3098 5722 3247 5778 Adde
3288 5722 3434 5802 quod
3477 5718 3843 5802 καταδεικννξψ

2322 5797 2485 5846 etiam
2518 5793 2667 5845 edere
2698 5802 2780 5846 est
2804 5795 2859 5846 in
2888 5797 3154 5868 iacentque
3179 5789 3447 5868 proferre._
3476 5795 3582 5846 imo
3610 5801 3666 5868 et
3683 5789 3840 5868 fortas‘

2321 5866 2416 5923 sis,
2437 5863 2647 5930 efﬁcere,
2669 5850 3124 5932 quemadmodu'm
3163 5850 3534 5918 ἀποδεικνύειν
3565 5874 3615 5918 et
3635 5850 3840 5926 ’ἀποφαίσ

2321 5951 2451 6000 νειν,
2496 5935 2587 5990 sed
2618 5952 2739 5989 cum
2779 5938 3011 6004 propriis
3045 5938 3280 5991 casibus.
