4044 6334
132 451 216 505 ws
1269 440 1584 512 νηίεΡΑιι.
1622 436 1662 490 ε

1770 435 1869 491 NG.
1912 434 2038 487 LIB.
2082 433 2169 488 Ill.

3220 435 3322 493 £96

130 567 271 635 μέρος
298 561 350 614 δέ
373 578 422 612 τι
450 560 511 613 τδ
531 561 706 630 χεῖρον
740 556 897 610 αὐτοῦ
923 556 1327 627 μεμιμημένον,
1359 560 1441 611 ὅτι
1489 556 1656 627 μηδὲν

1770 557 1989 609 istarum
2026 554 2233 615 mundi,
2266 569 2386 623 qum
2415 553 2517 608 sub
2542 566 2820 624 aspectum
2872 556 3094 618 cadunt,
3144 557 3323 627 imago

128 658 250 726 [χνος
274 654 412 723 ζωῆς
440 652 532 704 καὶ
562 650 738 720 ψυχῆς
766 650 1045 716 ἐπάγεται.
1076 649 1197 711 Πῶς
1237 644 1330 701 οὖν
1351 650 1379 701 6
1408 648 1499 700 ἐπὶ
1526 647 1659 699 πάν-

127 766 217 800 των
238 746 379 809 Θεὸς,
405 743 497 797 καὶ
526 742 648 804 νοῦς
668 743 697 793 ὁ
716 741 823 795 τῶν
848 741 982 794 ὅλων
1004 740 1406 809 δημιουργικὸς,
1432 738 1516 808 εἴη
1539 738 1604 791 ἂν
1630 740 1659 790 6

129 840 271 900 αὐτὸς
305 837 333 889 ό
384 838 442 888 ὲν
472 833 549 905 τῷ
590 833 773 904 χαλκῷ
807 833 841 903 ἢ
879 832 955 903 τῷ
993 830 1169 903 νεκρῷ
1200 831 1445 901 ἐλέφαντι
1490 829 1655 893 Ζεύς;

141 931 187 982 Ὀ
214 929 261 980 δὲ
295 926 356 996 δὴ
395 925 507 978 τῶν
551 924 687 977 ὅλων
728 922 1108 995 δημιουργικδς
1156 921 1279 985 νοῦς
1309 962 1323 986 ,
1366 921 1483 983 πῶς
1529 936 1657 973 ποτε

132 1023 220 1091 ἄρα
248 1017 401 1080 αὐτὸς
430 1013 501 1087 ἦν
527 1018 729 1078 ἐκεῖνος
778 1016 806 1066 ὁ
840 1016 972 1078 Ζεὺς
994 1054 1008 1078 ,
1047 1017 1075 1067 6
1105 1012 1197 1066 τοῦ
1246 1012 1303 1076 ἐξ
1356 1012 1659 1082 ’Λλκμήνης

141 1111 406 1183 Ἡρακλέος
431 1109 613 1178 πατὴρ
636 1149 649 1171 ,
680 1106 773 1161 καὶ
799 1107 905 1158 τῶν
938 1105 1138 1158 λοιπῶν
1194 1108 1257 1158 ἐκ
1304 1104 1423 1167 Διὸς
1459 1104 1658 1174 μυθευ-

137 1204 310 1273 ομένων
335 1200 542 1271 ἀνδρῶν
562 1240 576 1264 ,
611 1197 690 1261 οἳ,
734 1196 824 1249 τὸν
856 1194 1044 1264 θνητὸν
1080 1194 1190 1264 βίον
1237 1193 1427 1255 κοινῶς
1460 1192 1659 1245 ἅπασιν

143 1293 408 1364 ἀνθρώποις
448 1288 946 1360 καταστρέψαντες,
978 1286 1183 1349 οἰκείας
1226 1286 1438 1354 φύσεως
1472 1282 1661 1346 ἀνεξά-

137 1384 295 1435 λειπτα
316 1383 426 1443 τοῖς
454 1380 568 1450 μετ’
593 1379 784 1440 αὐτοὺς
815 1378 1048 1447 μνημεῖα
1072 1374 1483 1428 καταλελοίπασι
1509 1375 1661 1436 ;ψοι-

137 1476 273 1527 νίκων
299 1472 391 1541 μὲν
425 1467 519 1523 οῦν
549 1471 599 1521 οἱ
629 1468 830 1539 πρῶτοι
865 1468 1120 1534 θεολόγοι,
1156 1466 1231 1529 ὼς
1259 1468 1316 1517 ὲν
1343 1464 1419 1533 τῷ
1462 1463 1661 1534 πρώτῳ

142 1563 489 1631 συγγράμματι
529 1560 950 1630 παρεστήσαμεν
970 1600 983 1622 ,
1009 1558 1098 1611 τὸν
1126 1558 1223 1609 Δία
1255 1557 1416 1608 παῖδα
1452 1556 1659 1625 Κρόνου

139 1653 297 1723 θνητὸν
336 1651 442 1704 ἀπὸ
493 1648 686 1721 θνητοῦ
730 1651 1048 1720 γενόμενον,
1104 1648 1273 1721 ἄνδρα
1329 1650 1548 1702 Φοίνικα
1601 1648 1663 1699 τὸ

140 1746 282 1810 γένος,
315 1743 793 1813 ἀπεμνημόνευον·
825 1742 1105 1810 Αἰγύπτιοι
1132 1742 1209 1803 δὲ,
1243 1740 1662 1811 ὲξοικειούμενοι

140 1837 210 1888 τὸν
233 1835 390 1906 ἀνδρα
412 1875 425 1896 ,
488 1834 677 1904 θνητὸν
711 1835 868 1889 πάλιν
920 1828 1081 1887 αὐτὸν
1124 1832 1434 1902 ὡμολόγουν
1458 1872 1472 1895 ,
1523 1833 1663 1885 κατὰ

1764 647 1985 699 conﬂari
2019 646 2162 700 nulla
2200 647 2417 715 potuit;
2461 647 2737 715 quomodo
2775 648 2991 701 tandem
3043 648 3327 717 ipsiusmet

1769 737 1885 801 Dei,
1924 755 2028 807 qua
2060 754 2215 793 mens
2239 747 2343 802 est,
2372 740 2596 809 cﬂigiem
2630 740 2979 794 architectari
3029 742 3323 811 quisquam

1766 833 1976 902 possit?
2006 832 2143 897 Quid
2177 846 2340 901 porro
2366 847 2488 885 cum
2524 831 2706 885 divina
2749 842 2929 885 mente
2954 833 3329 889 similitudinis

1766 941 1963 994 corpus
1984 926 2147 978 etiam
2186 926 2481 978 humanum
2528 923 2728 978 habet?
2788 925 2921 993 Ego,
2968 943 3033 979 uc
3064 942 3185 979 eum
3223 927 3327 979 litt-

1768 1031 1926 1070 mana
1958 1015 2175 1083 quidem
2202 1014 2399 1091 habere
2424 1013 2719 1081 Quidquam
2747 1015 3042 1073 existimo;
3069 1029 3191 1065 cum
3216 1012 3331 1066 hmc

1767 1108 2083 1177 incorporea
2117 1107 2189 1160 sit
2218 1121 2282 1159 ac
2302 1090 2549 1174 Simplex,
2579 1107 2863 1174 nullasque
2894 1116 3072 1173 partes
3107 1090 3322 1164 habeat,

1768 1200 1896 1255 illud
1926 1208 2135 1263 contra,
2166 1198 2352 1251 vilium
2394 1211 2457 1250 ac
2494 1197 2837 1251 sordidorum
2868 1195 3134 1249 artilicum
3169 1212 3328 1263 opus,

1768 1292 2268 1361 mortaliscorporis
2296 1298 2543 1344 naturam
2572 1289 2832 1353 imitetur,
2852 1289 3191 1359 viventisque
3214 1304 3333 1342 car-

1768 1385 1854 1438 nis
1899 1384 2118 1437 surdam
2150 1398 2211 1435 ae
2240 1390 2445 1434 mutam
2487 1381 2540 1433 in
2584 1390 2794 1432 mortua
2826 1379 3082 1447 inanique
3107 1379 3332 1432 materia

1767 1476 1999 1545 speciem
2037 1478 2373 1545 ﬁguramque
2408 1479 2775 1542 repraesentet.
2820 1471 2898 1524 Ac
2946 1470 3078 1522 mihi
3111 1470 3329 1537 quidem

1770 1564 2083 1619 mcritod'rci
2106 1565 2375 1625 videatur,
2407 1565 2650 1617 animum
2672 1564 2820 1616 illum
2855 1563 3083 1616 rationis
3111 1564 3334 1616 immOr-

1770 1656 2102 1724 talitatisque
2130 1656 2474 1725 participem,
2525 1671 2590 1710 ac
2624 1665 2861 1710 mentem
2894 1670 3035 1721 eam,
3067 1672 3188 1724 quae
3235 1657 3332 1708 ho-

1769 1747 1932 1801 minis
1964 1746 2018 1800 in
2052 1757 2246 1800 natura
2291 1747 2398 1815 pati
2454 1746 2588 1799 nihil
2637 1747 2828 1815 possit,
2856 1744 3098 1801 divinam
3141 1747 3334 1817 imagi-

1769 1852 1890 1891 nem
1946 1836 2462 1906 similitudinemque
2486 1837 3047 1906 retinere;quatenus
3099 1848 3331 1909 uterque

138 1927 267 1980 τοῦτό
299 1945 359 1996 γε
390 1928 617 1995 Φοίνιξιν
647 1925 1064 1997 όμοφωνοῦντες.
1110 1925 1266 1977 Ἀ).λὰ
1304 1925 1397 1977 καὶ
1428 1924 1659 1995 Κρῆτες,

1771 1933 1839 1987 ab
1869 1933 2016 1986 omni
2046 1931 2291 2002 corporis
2311 1943 2365 1986 et
2386 1933 2626 1987 materiae
2654 1934 2999 1988 concretione
3032 1932 3330 1999 sejunctus,

135 2023 281 2091 τάφον
310 2021 399 2075 τοῦ
432 2021 553 2083 Διὸς
595 2022 724 2091 παρ’
771 2021 974 2081 ἑαυτοῖς
1006 2017 1308 2079 δεικνύντες
1331 2056 1345 2080 ,
1384 2016 1554 2087 τρίτοι
1600 2014 1664 2067 ἂν

135 2110 229 2166 εἷεν
265 2113 353 2167 τοῦ
399 2112 561 2166 αὐτοῦ
612 2113 902 2184 μάρτυρες.
952 2111 1062 2163 Καὶ
1102 2109 1396 2161 ’Ἀτλάντιοι
1448 2107 1537 2169 δὲ,
1570 2106 1664 2158 καὶ

135 2206 316 2270 πάντες
366 2208 411 2258 οἱ
458 2204 561 2275 πρὸ
612 2204 801 2256 τούτου
850 2201 1241 2271 δεδηλωμένοι,
1299 2199 1419 2252 κατ’
1463 2197 1665 2250 οἰκείαν

137 2301 358 2363 ἱστορίαν
382 2300 791 2370 ὲξοικειούμενοι
818 2300 907 2351 τὸν
936 2298 1053 2362 Δία,
1089 2299 1287 2359 πάντες
1310 2294 1445 2362 ὁμοῦ
1476 2295 1667 2363 θνητὸν

136 2391 467 2462 ἀπεφήναντο,
491 2390 715 2463 πράξεις
745 2388 907 2442 αὑτοῦ
928 2387 1125 2457 θνητὰς
1152 2388 1247 2441 καὶ
1277 2385 1679 2457 ἀνθρωπείους,

138 2481 240 2536 ἀλλ’
267 2483 325 2535 οὐ
353 2482 545 2550 σεμνάς
571 2495 742 2541 τινας,
770 2479 889 2531 οὐδὲ
913 2477 1247 2546 φιλοσόφους,
1282 2475 1668 2547 αἰσχρουργίας

139 2574 207 2630 δὲ.
232 2574 436 2642 ἀπάσης
480 2573 575 2625 καὶ
608 2569 898 2631 ἀκολασίας
943 2567 1190 2638 ἔμπλεως
1234 2566 1663 2637 ἀναγράψαντες.

143 2666 312 2728 Τοῖςδὲ
338 2666 425 2717 ἐπὶ
448 2665 508 2716 τὸ
539 2663 856 2733 σεμνότερον
874 2661 998 2723 τοὺς
1030 2658 1227 2730 μύθους
1252 2658 1472 2729 τρέπειν
1496 2660 1670 2726 ἐπηγ-

149 2757 387 2826 γελμένοις
413 2757 532 2810 τοτὲ
566 2756 663 2826 μὲν
684 2760 713 2809 6
740 2756 871 2819 Ζεὺς
895 2754 1068 2825 θερμή
1088 2770 1170 2814 τις
1196 2747 1264 2821 ἦν
1297 2751 1390 2804 καὶ
1418 2749 1668 2821 πυρώδης

148 2849 354 2919 δύναμις,
383 2851 501 2903 τοτὲ
539 2850 594 2902 δὲ
639 2846 703 2901 τὸ
746 2847 985 2917 πνεῦμα·
1032 2844 1125 2899 νῦν
1157 2846 1201 2898 δ’
1244 2844 1346 2897 οὐκ
1393 2838 1488 2896 οἷδ’
1522 2844 1668 2907 ὅπως

144 2943 301 3004 αὐτοῖς
325 2944 350 2993 6
370 2943 476 2994 τῶν
514 2942 649 2994 ὅλων
680 2935 1064 3010 δημιουργικὺς
1097 2934 1222 2998 νοῦς
1272 2936 1664 3004 ἀναπέφανται.

139 3033 373 3086 Πευστέον
421 3032 741 3104 τοιγαροῦν,
798 3030 916 3083 τίνα
960 3028 1026 3081 ἂν
1076 3027 1278 3109 είποιεν
1329 3025 1421 3079 τδν
1476 3024 1669 3079 τούτου

139 3126 345 3195 πατέρα,
377 3125 583 3178 καὶτοῦ
614 3122 816 3191 πατρὸς
843 3120 931 3173 τὸν
976 3118 1322 3188 προπάτορας
1355 3116 1507 3170 Ἐπεὶ
1529 3121 1669 3170 κατὰ

136 3216 324 3277 πάντας
343 3216 462 3277 τοὺς
483 3214 762 3281 θεολόγους
779 3212 910 3275 Ζεὺς
933 3213 975 3262 Κ
989 3209 1137 3281 ρόνου
1159 3211 1286 3271 παῖς
1308 3206 1666 3277 ὁμολογεῖται,

136 3306 225 3357 καὶ
264 3304 381 3356 τάδε
422 3277 751 3376 προκείμενα
795 3300 887 3354 τοῦ
935 3277 1175 3371 Ὀρφέως
1222 3298 1326 3367 ἔτι-η
1346 3277 1740 3367 ὑπερμενέοςο

134 3394 418 3465 Κρονίωνος
443 3395 572 3463 ὲμνη
583 3393 825 3462 μόνευσε·
846 3390 1047 3460 Κρόνος
1070 3388 1126 3441 δὲ
1158 3385 1419 3458 Οὐρανοῦ.
1439 3384 1679 3437 Δεδόσθω

136 3486 296 3539 τοίνυν
342 3485 519 3546 αὐτοῖς
549 3480 687 3535 εἷναι
713 3484 844 3544 Ζεὺς
936 3481 1027 3533 ἐπὶ
1069 3482 1286 3536 πάντων
1328 3480 1479 3545 Θεὸς,
1524 3479 1626 3532 καὶ
1649 3480 1677 3531 6

143 3576 245 3642 νοῦς
279 3582 307 3631 6
338 3578 408 3632 τὰ
459 3579 632 3631 πάντα
681 3568 1101 3647 δημιουργήσας.
1135 3574 1228 3636 Τίς
1274 3570 1387 3630 οὖν
1413 3574 1443 3625 6
1489 3562 1691 3626 τούτου

151 3674 339 3743 πατήρ;
382 3670 607 3741 Κρόνος.
636 3668 729 3731 Τίς
764 3667 884 3749 δ’ίό
938 3666 1269 3736 προπάτωρ;
1310 3665 1569 3736 Οὐρανός.
1612 3656 1675 3717 Εἰ

148 3761 199 3832 δὴ
224 3763 318 3832 (8ι)
354 3762 618 3833 πρῶτοςὸ
652 3762 783 3824 Ζεὺς
812 3760 889 3823 ὡς
926 3757 991 3812 ἂν
1031 3756 1357 3829 δημιουργὸς
1398 3756 1672 3824 ἁπάντων,

140 3855 258 3924 χρῆν
287 3856 471 3925 δήπου
498 3853 780 3925 δευτέρους
809 3850 1219 3918 καταλέγεσθαι,
1244 3850 1339 3903 καὶ
1368 3850 1481 3919 μετ’
1514 3847 1673 3900 αὐτὸν

143 3944 253 4005 τοὺς
278 3945 359 3995 ὐπ’
395 3943 559 3997 αὐτοῦ
604 3942 1017 4013 πεποιημένους.
1058 3940 1181 3993 Εἴτε
1226 3938 1334 4009 γὰρ
1364 3938 1551 4010 χρόνος
1590 3955 1674 4000 τις

148 4031 225 4102 εἴη
249 4035 274 4083 6
294 4034 481 4103 Κρόνος
510 4033 753 4105 Οὐρανοῦ
786 4026 1039 4101 πεφυκὼς
1063 4031 1323 4100 γέννημα,
1356 4031 1438 4105 ὅτι
1467 4029 1530 4100 δὴ
1561 4029 1675 4099 ἅμα

146 4121 339 4193 οὐρανῷ
388 4124 687 4195 συνυπέστη
727 4125 946 4195 χρόνοςο
983 4120 1068 4191 εἴη
1095 4138 1155 4173 τε
1190 4119 1350 4182 αὐτὸς
1392 4120 1420 4170 6
1466 4118 1673 4190 Κρόνου

144 4214 308 4288 πατὴρ
331 4218 579 4289 Οὐρανὸς,
624 4216 717 4269 καὶ
748 4216 935 4286 χρόνος
971 4213 1107 4285 μετὰ
1154 4212 1369 4265 τοῦτονσ
1403 4212 1537 4264 ἀλλὰ
1570 4212 1677 4282 πρό

142 4326 199 4376 γε
224 4312 410 4364 τούτων
428 4314 455 4365 6
479 4312 589 4363 τῶν
608 4311 745 4364 ὅλων
778 4309 965 4372 αἴτιος,
992 4309 1085 4361 καὶ
1112 4304 1335 4377 οὐρανοῦ
1366 4306 1457 4357 καὶ
1484 4305 1675 4376 χρόνου

138 4399 441 4473 δημιουργὸς
470 4403 625 4466 Θεός.
649 4402 711 4454 El
739 4400 795 4453 δὲ
817 4400 989 4463 τοῦτο,
1026 4399 1124 4452 οὐκ
1164 4398 1228 4450 ἂν
1256 4396 1461 4464 γένοιτο
1484 4399 1511 4447 6
1542 4396 1676 4457 Ζεὺς

141 4483 304 4565 τρίτος
329 4494 386 4559 ἐξ
411 4494 674 4566 Οὐρανοῦ.
704 4492 828 4556 Πῶς
850 4490 944 4546 οὖν
972 4491 1120 4562 παρὰ
1167 4493 1329 4541 πᾶσιν
1359 4486 1675 4555 Αἰγυπτίοις

140 4584 223 4635 καὶ
252 4584 504 4649 Φοίνιξιν,
547 4583 773 4653 Ἕλλησί
810 4598 869 4634 τε
919 4583 1010 4634 κα.)⁵
1044 4580 1348 4650 φιλοσόφοις
1386 4577 1565 4647 τρίτος
1616 4575 1674 4641 ἐξ

1768 2033 2013 2078 naturam
2046 2024 2447 2093 essentiamque
2475 2025 2699 2080 sortitus
2720 2035 2800 2080 est
2821 2026 2977 2095 plane
3010 2026 3327 2094 spiritalem.

1767 2130 1829 2167 ac
1862 2114 2072 2169 ratione
2097 2123 2457 2180 constantem,
2485 2131 2712 2186 quaeque
2764 2118 3016 2172 virtutem
3043 2119 3214 2187 possit
3239 2134 3330 2172 sa-

1768 2205 2134 2274 pientiamque
2171 2207 2463 2275 suscipere.
2487 2206 2687 2273 Quare,
2723 2210 2767 2263 si
2803 2212 2926 2279 quis
2956 2210 3119 2263 animi
3153 2211 3329 2264 simu-

1768 2298 1973 2351 lacrum
2028 2313 2091 2353 ac
2138 2300 2373 2367 speciem
2428 2300 2677 2369 tingendo
2732 2303 3077 2357 architectari
3127 2313 3329 2372 posset,

1768 2388 1908 2441 idem
1981 2404 2199 2458 quoque
2258 2398 2443 2457 posset
2501 2392 2843 2459 superiorum
2922 2394 3334 2461 cmlestiumque

1768 2479 2028 2532 mentium
2056 2479 2342 2548 imaginem
2378 2483 2612 2549 aliquam
2644 2481 2921 2538 fabricari.
2954 2489 3025 2538 At
3056 2500 3187 2539 vero
3206 2501 3332 2541 cu'a

1769 2567 2006 2620 humana
2040 2582 2196 2621 mens
2224 2566 2490 2637 ejusmodi
2536 2569 2623 2634 sit,
2665 2586 2786 2639 qua:
2824 2572 3026 2626 nullam
3072 2572 3329 2640 formam,

1771 2660 2029 2728 speciem,
2060 2646 2401 2731 ﬁguramque
2451 2662 2656 2716 nullam
2706 2663 2922 2728 habeat,
2956 2666 3199 2735 adeoque
3232 2684 3331 2723 nec

1767 2750 1887 2803 visu
1921 2750 2124 2820 percipi
2156 2750 2277 2820 ejus
2305 2753 2562 2817 essentia,
2617 2770 2718 2808 nec
2763 2758 3010 2809 oratione
3055 2759 3137 2811 vel
3180 2759 3335 2813 audi-

1769 2842 1915 2895 tione
1934 2842 2315 2911 comprehendi
2343 2852 2524 2911 queat,
2556 2847 2680 2913 quis
2715 2861 2887 2915 usque
2913 2862 2978 2899 co
3006 2849 3212 2904 insania
3236 2866 3331 2903 ve-

1769 2934 2063 3003 cordiaque
2092 2933 2383 2997 laborabit,
2413 2934 2707 2987 humanum
2734 2948 2785 2989 ut
2811 2937 3164 2992 simulacrum
3198 2955 3334 3009 prie-

1767 3026 2005 3095 potentis
2039 3014 2385 3093 supremiqde
2410 3019 2659 3076 Numinis
2696 3026 2922 3093 figuram
2950 3035 3002 3079 et
3036 3026 3330 3091 imaginem

1770 3126 2161 3186 repraesentare
2191 3116 2484 3171 contendat
2531 3117 2554 3169 ?
2606 3115 2811 3171 Natura
2862 3118 3005 3171 enim
3052 3119 3231 3172 divina
3267 3118 3349 3190 ab.

1770 3209 1918 3261 omni
1955 3208 2182 3261 materia
2231 3216 2439 3263 semota
2486 3208 2715 3277 cogitari
2743 3196 2922 3273 debet,
2974 3205 3138 3277 atque
3183 3208 3335 3278 ejus-

1774 3298 1939 3361 modi,
1973 3313 2137 3367 quam
2166 3314 2289 3352 cum
2326 3299 2542 3353 silentio
2581 3299 2851 3354 defaecata:
2894 3300 3109 3364 mentis,
3142 3309 3196 3354 et
3219 3301 3337 3355 ani-

1774 3404 1989 3443 morum
2026 3390 2093 3442 ab
2124 3392 2270 3444 omni
2301 3392 2419 3445 labe
2446 3400 2791 3461 purgatorum
2820 3392 3170 3460 intelligentia
3200 3407 3336 3447 cou-

1773 3480 2083 3551 templetur.
2110 3483 2179 3533 At
2202 3480 2350 3536 Jovis
2379 3482 2545 3541 illius.
2574 3497 2735 3551 quem
2788 3482 3083 3545 cernimus,
3136 3483 3338 3552 ﬁgura-

1774 3584 1886 3628 tum
1920 3583 2034 3628 arte
2068 3576 2444 3643 simulacrum,
2473 3575 2617 3629 aliud
2662 3585 2806 3630 certe
2852 3575 2986 3629 nihil
3035 3591 3199 3644 quam
3234 3578 3333 3631 ho-

1773 3666 1936 3719 minis
1983 3675 2176 3722 natura
2209 3668 2325 3737 ipsa
2352 3668 2595 3724 mortalis
2644 3667 2871 3739 efﬁgiem
2928 3669 3200 3735 continetK
3226 3669 3339 3723 imo

1771 3773 1840 3811 ne
1884 3766 2055 3811 totum
2106 3760 2324 3828 quidem
2373 3770 2535 3831 atque
2587 3762 2861 3832 integrum
2911 3761 3208 3826 hominem,
3240 3761 3337 3816 sed

1770 3856 1983 3901 tantum
2020 3857 2225 3917 partem
2278 3850 2397 3918 ejus
2454 3840 2679 3906 alteram
2738 3867 2967 3920 eamque
3008 3852 3329 3905 deteriorem

1777 3936 2040 4005 imitatur,
2068 3954 2189 3992 cum
2222 3940 2427 3993 nullum
2462 3943 2686 3994 omnino
2731 3942 2855 3996 vita:
2894 3942 3197 4010 animasque
3249 3956 3340 3994 ve—

1778 4029 1997 4097 stigium
2026 4030 2297 4085 exhibeat.
2344 4030 2629 4097 Quomodo
2659 4032 2821 4101 igitur
2864 4032 2999 4085 deus
3038 4032 3125 4086 ille
3156 4047 3338 4087 rerum

1777 4122 2017 4187 omnium
2041 4124 2367 4189 moderator,
2400 4138 2465 4177 ac
2498 4139 2651 4177 mens
2681 4125 2772 4177 illa
2807 4125 2969 4192 hujus
3008 4126 3338 4179 universita~

1775 4214 1846 4268 tis
1869 4213 2131 4279 ell'cctrix,
2177 4213 2385 4285 Jupiter
2435 4216 2557 4279 iSte,
2614 4217 2709 4285 qui
2761 4216 2845 4270 vel
2878 4232 2942 4271 ex
2975 4233 3105 4280 aere,
3140 4219 3222 4271 vel
3271 4234 3340 4273 ex

1779 4306 1943 4361 ebore
1976 4316 2190 4361 mortuo
2218 4308 2456 4377 ﬁngitur,
2482 4323 2616 4371 ,esse
2646 4310 2841 4376 poterit
2872 4311 2893 4360 Ἰ
2940 4310 3093 4379 107
3140 4310 3341 4365 Deinde

1778 4415 1931 4455 mens
1963 4400 2149 4455 eadem
2184 4416 2365 4455 rerum
2394 4401 2629 4455 lliOllll'lX
2664 4401 3041 4456 universarum
3087 4403 3179 4471 qui
3219 4411 3341 4455 tan—

1777 4493 1898 4546 dem
1926 4490 2135 4560 Jupiter
2161 4494 2247 4547 ille
2277 4493 2461 4559 fuerit,
2494 4492 2741 4548 Herculis
2768 4510 2835 4549 ex
2870 4493 3129 4549 Alcmena
3157 4503 3331 4562 pater,

1778 4600 1843 4639 ac
1863 4595 2179 4640 cmterorum
2212 4586 2480 4649 omnium,
2510 4601 2650 4654 quos
2668 4601 2696 4639 a
2722 4584 2853 4640 Jove
2880 4594 3193 4657 procreatos
3216 4599 3343 4643 esse

141 4635 363 4743 Οὐρανοῦ
400 4635 814 4740 ’γενεαλογεὶται
865 4671 895 4722 6
948 4635 1069 4722 τῶν.
1107 4635 1255 4722 ὅλων.
1292 4635 1669 4738 δήμιουργικὸς

1780 4672 2110 4739 fabulantur,
2144 4673 2345 4742 quique
2392 4677 2672 4731 mortalem
2706 4678 2847 4734 hanc
2876 4635 3039 4731 vitam
3071 4690 3193 4733 cum
3241 4690 3339 4732 eo-

140 4764 699 4836 νοῦςςΠεφώραταιδὴ
725 4763 817 4816 τοῦ
847 4760 1547 4831 φιλοσόφουτὰπλάσματα,
1583 4758 1669 4810 καὶ

1780 4762 1926 4827 dem,
1953 4776 2062 4832 quo
2083 4759 2275 4829 vulgus
2300 4760 2579 4815 hominum
2609 4762 2755 4817 exitu
2782 4763 3186 4825 terminassent,
3212 4774 3340 4827 pro-

138 4861 211 4913 ἕτι
241 4863 431 4933 μᾶλλον
492 4862 873 4934 φωραθήσεται
902 4861 961 4923 ἐξ
989 4854 1064 4911 ὧν
1092 4855 1521 4927 ὲπιφέρειλέγων
1550 4846 1669 4905 ὦδε.

1783 4854 1915 4921 pris:
1948 4860 2155 4906 natura:
2195 4851 2427 4920 posteris
2476 4853 2625 4906 nullo
2660 4868 2902 4922 unquam
2948 4850 3174 4907 delenda
3208 4860 3344 4907 tem-

138 4964 259 5019 pore
297 4953 621 5007 monimenta
679 4946 1049 5017 reliquerunt?
1103 4945 1393 4998 Enimvero
1434 4942 1704 5010 principes
1755 4940 2072 4997 Phtnnicum
2118 4941 2374 5010 theologi,
2405 4939 2613 5007 Jovem,
2646 4952 2707 4997 ut
2747 4943 2925 5011 primo
2947 4941 3085 4996 libro
3113 4942 3343 4996 demon-

140 5043 438 5107 stravimus,
474 5040 696 5097 Saturni
723 5040 913 5101 lilium,
967 5035 1299 5104 proindeque
1338 5032 1623 5087 mortalem
1684 5046 1751 5084 ex
1791 5035 2006 5087 mortali
2036 5043 2233 5094 satum,
2266 5046 2328 5086 ac
2361 5047 2554 5100 genere
2583 5031 2895 5087 thnicem
2936 5048 3057 5087 esse
3089 5035 3344 5103 perhibe—

141 5135 277 5190 bant.
320 5134 575 5191 Eumdem
632 5132 865 5202 [Egyptii
912 5144 1033 5182 cum
1086 5144 1242 5182 suum
1288 5140 1409 5180 esse
1461 5122 1676 5186 vellent,
1720 5124 1997 5177 mortalem
2056 5124 2301 5179 similiter
2343 5122 2669 5187 fatebantur,
2735 5132 2788 5176 et
2826 5139 2948 5178 cum
2994 5123 3344 5179 thnicibus

140 5228 235 5282 hac
269 5229 322 5281 in
354 5237 507 5295 parte
557 5227 874 5281 sentiebant.
923 5224 1205 5277 Cretenses
1231 5229 1509 5288 praeterea,
1558 5216 1647 5284 qui
1688 5214 1837 5271 Jovis
1870 5218 2010 5287 apud
2053 5232 2111 5271 se
2156 5216 2425 5269 tumulum
2454 5214 2833 5278 ostendebant,
2871 5216 3060 5268 tertios
3100 5215 3341 5283 ejusdem

141 5319 212 5373 rei
265 5327 427 5372 testes
470 5318 636 5371 citare
682 5318 972 5385 possimus.
1025 5312 1166 5377 Quin
1217 5312 1379 5365 etiam
1430 5307 1673 5370 Atlantii,
1716 5321 2015 5376 omnesque
2084 5310 2299 5385 demum
2327 5348 2340 5371 ,
2387 5321 2526 5374 quos
2573 5304 2756 5358 Jovem
2808 5316 2961 5359 aetate
3004 5305 3345 5375 praecessisse

141 5418 363 5474 constat,
406 5410 608 5479 quique
637 5384 752 5463 suis
778 5425 897 5462 eum
940 5406 1179 5462 historiis
1220 5405 1320 5457 sibi
1349 5403 1713 5463 vindicarunt,
1759 5402 2041 5455 mortalem
2090 5384 2267 5470 ipsum
2304 5397 2474 5453 fuisse
2502 5413 2609 5450 uno
2642 5398 2803 5451 simul
2830 5412 2924 5450 ore
2964 5392 3340 5466 prodiderunt,

142 5518 327 5574 resque
358 5505 427 5558 ab
464 5517 531 5557 eo
570 5512 746 5572 gestas
775 5502 1083 5555 murtalium
1133 5513 1263 5551 sane
1310 5496 1699 5560 hominumque
1740 5494 2009 5562 proprias,
2046 5507 2247 5560 easque
2296 5492 2429 5547 nihil
2474 5490 2555 5544 vel
2602 5489 2836 5557 augusti,
2891 5488 2975 5541 vel
3020 5482 3343 5555 philosopho

142 5595 278 5667 digni
332 5596 691 5657 continentes,
747 5594 839 5646 sed
886 5595 1063 5648 omnis
1118 5591 1297 5660 potius
1360 5587 1711 5657 turpitudinis
1752 5586 2099 5654 libidinisque
2148 5584 2332 5652 plenas
2381 5582 2843 5651 conscripserunt.
2883 5574 2999 5630 Jam
3070 5586 3198 5626 vero
3250 5587 3344 5641 qui

142 5690 433 5757 graviorem
460 5696 513 5741 et
542 5687 902 5741 honestiorem
932 5687 990 5739 in
1020 5686 1251 5755 speciem
1294 5690 1415 5736 sese
1462 5680 1673 5735 fabulas
1712 5688 1921 5735 mutare
1949 5680 2286 5750 proﬁtentur,
2322 5679 2389 5733 iis
2428 5676 2635 5747 Jupiter
2682 5673 2841 5729 modo
2882 5667 3056 5723 calida
3096 5668 3345 5738 quadam

210 5854 316 5924 (84)
357 5856 435 5907 Et
457 5850 553 5917 δή.
594 5848 831 5919 Uterque
861 5867 988 5918 πιθα,
1021 5853 1066 5903 εἰ
1098 5849 1175 5919 δέ,
1212 5850 1435 5905 rectius.
