4044 6334
712 432 818 490 195
1357 431 1626 488 EUSEBII
1665 429 2141 486 CAESARIENSIS
2177 429 2326 486 OPP.
2366 431 2547 488 PARS
2588 431 2652 486 ll.
2694 463 2766 473 --
2803 433 3297 492 APOLOGETICA.
3818 442 3917 498 196

705 564 756 612 et
781 555 934 623 ignea
968 551 1046 607 vis
1073 559 1175 615 est,
1228 551 1389 604 modo
1428 552 1689 620 spiritus;
1725 565 1869 604 nunc
1912 559 2099 602 autem
2145 550 2602 618 quemadmodum
2663 550 2766 619 ipsi
2804 562 3038 605 mentem
3091 567 3273 606 rerum
3314 551 3638 608 eﬂ‘ectricenl
3677 557 3916 616 omnium

705 629 1102 700 eumdem’esse
1129 643 1501 708 velint,'haud
1555 643 1801 711 equidem
1849 643 2106 711 intelligo.
2171 641 2529 706 Quaerendum
2561 643 2704 694 enim
2747 657 2815 696 ex
2873 643 2980 698 illis
3040 643 3218 710 fuerit,
3271 659 3431 714 quem
3481 645 3640 700 istius
3702 661 3920 718 patrem,

703 753 863 809 quem
906 752 1062 790 avum
1095 736 1262 791 fuisse
1313 735 1534 790 dicant?
1585 733 1720 788 Nam
1776 733 1961 787 Jovem
1986 735 2199 801 quidem
2233 732 2446 786 Saturni
2487 733 2653 786 tilium
2682 748 2802 788 esse
2851 735 3124 789 communi
3166 751 3433 791 consensu
3463 736 3692 806 theologi
3741 753 3923 796 omnes

703 829 1061 893 conﬁtentur;
1115 843 1341 897 qumque
1405 842 1549 880 nunc
1599 827 1652 879 in
1701 826 1952 879 manibus
2024 826 2286 879 habemus
2343 822 2540 894 Orphei
2611 827 2873 893 carmina,
2919 828 3263 897 praeputentis
3317 827 3537 882 Saturni
3601 830 3917 897 meminere;

704 924 993 979 Saturnum
1041 932 1219 978 autem
1252 922 1409 977 lei.
1444 922 1643 975 Demus
1692 922 1856 990 igitur
1903 919 2022 973 istis
2072 918 2255 973 Jovem
2315 929 2368 972 et
2404 918 2561 974 deum
2619 936 2799 975 rerum
2842 922 3212 977 universarum
3261 924 3655 978 moderatorem
3693 935 3917 990 esse,“

700 1033 827 1071 vero
888 1027 1119 1080 mentem
1189 1031 1315 1070 eam
1387 1031 1506 1084 quae
1554 1024 1744 1067 cuncta
1788 1013 2106 1067 condiderit.
2161 1010 2294 1078 Quis
2342 1028 2468 1083 ergo
2530 1014 2674 1067 illius
2731 1015 2933 1083 pater?
2995 1015 3280 1071 Saturnus.
3329 1017 3478 1070 Avus
3516 1025 3720 1081 autem,
3765 1016 3918 1087 quis?

697 1110 898 1164 (Sosius.
933 1110 1092 1178 Atqui
1126 1111 1171 1163 si
1222 1110 1430 1180 primus
1456 1107 1661 1178 Jupiter
1707 1119 1806 1172 est,
1857 1117 2039 1175 utpote
2097 1124 2275 1159 rerum
2331 1109 2571 1162 omnium
2628 1111 2973 1176 architectus,
3028 1111 3161 1165 alios
3209 1110 3449 1180 profecto
3497 1112 3794 1166 secundum
3845 1113 3916 1180 ip-

699 1214 817 1255 sum
886 1217 1164 1256 recensere
1208 1203 1464 1270 oportuit,
1528 1210 1710 1270 utpote
1758 1202 1825 1254 ab
1871 1218 1937 1253 eo
1978 1202 2288 1255 labricatos.
2343 1185 2549 1255 Ειιτιιιιιι
2602 1205 2714 1258 sive
2754 1202 2988 1272 Tempus
3037 1202 3311 1260 Saturnus
3377 1205 3555 1271 fuerit,
3608 1215 3662 1259 et
3702 1205 3910 1274 quidam

695 1305 882 1363 suapte
913 1304 1102 1348 natura
1137 1294 1272 1348 Caeli
1323 1293 1483 1359 fetus,
1535 1295 1731 1361 quippe
1785 1292 1928 1361 quod
1979 1308 2083 1345 una
2130 1309 2252 1348 cum
2291 1296 2427 1347 (ειείο
2457 1304 2664 1362 tempus
2717 1310 2837 1362 esse
2895 1296 3116 1363 cmperit
3146 1311 3160 1348 :
3186 1297 3300 1350 sive
3355 1295 3563 1350 Caelum
3593 1298 3767 1366 ipsum
3801 1314 3912 1353 vere

697 1387 911 1441 Saturni
942 1395 1167 1454 patrem,
1223 1401 1286 1439 ac
1341 1385 1634 1457 secundum
1679 1401 1800 1437 eum
1849 1382 2082 1451 Tempus
2125 1384 2289 1438 fuisse
2331 1385 2522 1438 malint
2572 1405 2586 1440 :
2635 1402 2766 1440 sane
2815 1394 2993 1439 tamen
3047 1387 3130 1440 his
3179 1387 3340 1441 etiam
3393 1389 3539 1455 prior
3594 1387 3802 1457 Jupiter
3833 1391 3910 1443 ille

691 1497 809 1535 esse
836 1479 1036 1540 debuit,
1067 1492 1224 1544 quem
1287 1453 1392 1544 ipsi
1458 1475 1618 1528 deum
1680 1489 1857 1526 rerum
1911 1483 2183 1526 auctorem
2231 1478 2494 1536 omnium,
2539 1474 2778 1542 adeoque
2828 1472 2962 1528 Coeli
2984 1475 3308 1546 Saturnique
3354 1491 3449 1530 seu
3481 1473 3768 1546 Temporis
3796 1493 3910 1547 pro-

691 1584 987 1630 creatorem
1038 1559 1157 1626 e’s‘se
1204 1571 1404 1623 volunt.
1469 1569 1622 1634 Quod
1673 1571 1717 1624 si
1753 1570 1824 1622 ita
1875 1578 1975 1632 est,
2025 1583 2128 1620 non
2171 1569 2284 1636 jam
2316 1569 2508 1623 tertius
2551 1585 2583 1623 a
2637 1569 2790 1624 leo
2829 1567 3034 1645 Jupiter
3080 1569 3259 1631 fuerit.
3311 1569 3596 1636 Quomodo
3636 1572 3801 1640 igitur
3849 1574 3907 1627 ab

691 1669 941 1721 omnibus
976 1681 1081 1720 non
1131 1645 1396 1734 Algyptiis
1437 1672 1641 1715 tantum
1669 1678 1732 1716 ac
1767 1662 1925 1732 108
1959 1660 2323 1726 Phoenicibus,
2360 1679 2545 1717 verum
2595 1664 2755 1718 etiam
2805 1663 3008 1718 Graacis
3048 1673 3206 1734 atque
3243 1663 3577 1735 philosophis
3606 1681 3762 1723 mens
3794 1669 3904 1730 ista,

693 1776 870 1814 rerum
899 1760 1136 1812 omnium
1190 1758 1500 1820 architecta,
1534 1758 1586 1809 in
1638 1759 1920 1809 numinum
1976 1773 2192 1812 suorum
2246 1759 2556 1830 genealogia
2612 1775 2718 1812 non
2749 1758 2852 1812 nisi
2898 1759 3104 1815 aCtelo
3154 1762 3311 1815 tertia
3344 1771 3656 1816 recensetur
3691 1763 3713 1816 ?
3743 1764 3903 1834 Atque

692 1851 776 1906 his
829 1851 1123 1904 rationibus
1166 1849 1466 1917 philosotihi
1536 1848 1709 1901 nostri
1768 1859 2134 1925 commentum
2187 1851 2469 1905 manifeste
2516 1851 2642 1905 licet
2702 1859 2969 1917 teneatur,
3023 1851 3164 1906 idem
3215 1861 3394 1908 tamen
3446 1852 3515 1919 iis
3565 1853 3730 1922 ipsis,
3794 1871 3899 1926 qua

687 1959 871 2014 postea
902 1945 1135 2010 subjicit,
1168 1944 1369 1998 clarius
1398 1953 1674 2012 arguetur.

1284 2057 1514 2112 CAPUT
1565 2057 1658 2111 XI.

791 2151 1134 2205 Validissima
1169 2149 1473 2204 ercorum
1499 2150 1799 2222 dogmatum
1829 2149 2140 2217 confatalia.

763 2346 782 2379 ι
817 2325 1007 2386 Porro,
1045 2327 1331 2391 iunonem,
1366 2326 1560 2392 inquit,
1589 2324 1737 2379 Jovis
1760 2339 1978 2378 uxorem
2002 2339 2121 2377 esse
2150 2325 2244 2377 lin-

686 2429 1058 2488 xernnt,quou
1082 2418 1353 2471 auheriam
1384 2420 1583 2471 scalicet
1614 2417 1922 2483 aeriamque
1939 2416 2044 2468 vim
2075 2413 2243 2467 Juno-

686 2527 805 2566 nem
841 2512 1201 2580 appellarent;
1235 2511 1400 2562 aztlier
1431 2509 1575 2562 enim
1630 2507 2020 2562 subtilissimus
2065 2523 2128 2560 ac
2159 2519 2240 2560 te-

685 2604 980 2656 nuissimus
1007 2617 1098 2654 aer
1125 2610 1222 2654 est.
1267 2619 1287 2652 ι
1352 2600 1663 2663 Enimvero,
1695 2600 1896 2652 aethera
1934 2597 2080 2651 Jovis
2121 2613 2242 2652 esse

685 2705 912 2748 mentem
951 2679 1152 2763 Orphei
1191 2693 1434 2746 carmina
1465 2692 1627 2760 paulo
1679 2697 1804 2744 ante
1852 2688 2236 2742 declarabant:

683 2802 825 2838 nunc
857 2801 1060 2848 antem,
1090 2783 1218 2853 quid
1253 2784 1419 2837 mther
1453 2783 1543 2836 ille
1587 2782 1658 2836 sit
1702 2780 2012 2848 interpretis
2068 2779 2239 2832 nostri

681 2875 870 2928 detiuit
895 2876 1091 2940 oratio,
1126 2875 1253 2928 dum
1283 2872 1665 2926 tenuissimum
1693 2886 1872 2925 aerem
1915 2869 2066 2923 illum
2119 2876 2240 2923 esSe

679 2968 1009 3035 pronuntiat.
1050 2966 1215 3034 Atqui
1263 2980 1459 3034 corpus
1504 2980 1633 3019 sane
1681 2978 1776 3018 aer
1819 2970 1922 3028 est,
1959 2962 2238 3028 multoque

681 3057 853 3125 magis
881 3057 1066 3118 :ether,
1099 3072 1165 3109 ex
1196 3072 1305 3124 quo
1333 3057 1618 3109 manileste
1648 3053 1794 3109 Jovis
1827 3062 2080 3119 mentem,
2111 3052 2238 3105 licet

680 3147 1081 3212 tenuissimum,
1120 3163 1320 3215 corpus
1351 3158 1530 3200 tamen
1562 3162 1682 3199 esse
1734 3144 2096 3199 convincitur.
2135 3141 2236 3196 Ec-

678 3237 800 3304 quis
836 3251 962 3291 vero
989 3253 1179 3307 capere
1211 3253 1446 3306 unquam
1489 3253 1553 3291 ac
1593 3236 1921 3305 persuadere
1962 3235 2063 3288 sibi
2109 3248 2233 3302 pos-

678 3326 769 3391 sit,
816 3342 1010 3395 corpus
1059 3337 1218 3396 atque
1255 3336 1487 3380 mentem
1536 3342 1648 3378 rent
1703 3339 1863 3378 unam
1911 3331 1965 3376 et
1988 3321 2231 3376 eamdem

2280 2066 2323 2120 Β
2865 2060 3256 2113 ΚΕΦΑΔΔΙΟΝ
3295 2060 3397 2114 IA'.

2383 2150 2671 2218 Ἔλεγχος
2713 2151 2963 2219 ὶσχυρὸς
2992 2150 3527 2275 ἷῄέξᾶιληνικῶν
3577 2156 3868 2226 δογμάτων

2417 2329 2435 2358 ε
2473 2308 2583 2380 Τὴν
2614 2309 2670 2362 δὲ
2696 2310 2873 2380 Ἥραν
2910 2310 3151 2364 σύνοικον
3199 2312 3274 2382 τῷ
3305 2311 3386 2366 Διῒ
3416 2318 3774 2388 πεποιήκασι,
3806 2319 3888 2390 τήν

2343 2399 2579 2468 αἰθέριον
2610 2403 2703 2453 καὶ
2747 2401 2930 2471 ἀέριον
2984 2403 3209 2473 δύναμιν
3261 2403 3437 2476 Ἦραν
3488 2411 3880 2478 προσειπόντες·

2341 2492 2450 2544 ἔστι
2488 2494 2593 2564 γὰρ
2623 2493 2717 2546 καὶ
2742 2493 2771 2544 ὁ
2799 2493 2961 2566 αἰθὴρ
2988 2494 3092 2566 ἀὴρ
3111 2496 3139 2546 ὀ
3157 2494 3672 2569 λεπτομερέστατος.
3704 2521 3718 2553 ι
3741 2503 3874 2553 Ἀνω-

2339 2583 2480 2653 τέρω
2515 2584 2612 2653 μὲν
2637 2583 2824 2654 ἐδήλου
2848 2583 2919 2637 τά
2951 2583 3056 2655 ἔπη
3084 2585 3173 2638 τὸν
3198 2585 3322 2641 νοῦν
3352 2587 3446 2642 τοῦ
3483 2589 3607 2654 Διὸς
3651 2589 3778 2646 εἶναι
3802 2593 3876 2646 τὸν

2339 2673 2560 2746 αἰθέρα·
2592 2675 2708 2728 νυνὶ
2730 2674 2786 2727 δὲ
2818 2675 2848 2725 ὁ
2884 2674 3038 2744 λόγος
3065 2677 3118 2728 τί
3151 2679 3282 2731 ποτέ
3313 2679 3428 2733 ἑστι
3468 2683 3497 2734 ὁ
3533 2683 3696 2756 αἰθὴρ
3738 2685 3878 2755 διορί-

2340 2766 2525 2829 ζεται,
2571 2765 2707 2836 ἀέρα
2752 2764 2925 2834 λέγων
2979 2762 3327 2823 εἷναιάὐτδν
3373 2769 3881 2846 λεπτομερέστατον·

2342 2856 2497 2926 σῶμα
2526 2856 2582 2908 δὲ
2614 2856 2642 2907 ὁ
2668 2854 2807 2926 ἀὴρ,
2845 2857 2939 2910 καὶ
2975 2858 3108 2911 πολὺ
3157 2859 3417 2933 πρότερον
3440 2865 3470 2916 ὁ
3516 2865 3698 2938 αἰθήρ.
3745 2869 3796 2921 '0
3831 2867 3884 2937 δή

2339 2947 2460 3008 νοῦς
2492 2948 2598 3017 ἄρα
2650 2946 2742 2998 τοῦ
2789 2947 2909 3011 Διὸς
2951 2948 3270 3021 έλήλεγκται
3318 2952 3475 3023 σῶμα
3502 2958 3812 3027 τυγχάνων,
3844 2961 3882 3010 εί

2338 3037 2430 3090 καὶ
2460 3036 2520 3088 τὸ
2553 3035 2766 3090 πάντων
2797 3035 3314 3110 λεπτομερέστατον.
3346 3043 3454 3095 Kal.
3475 3045 3589 3108 πῶς
3617 3047 3680 3099 ἂν
3705 3047 3881 3100 ταύτὸν

2338 3130 2651 3200 ἐπινοηθείη
2686 3129 2842 3201 σῶμα
2873 3132 2967 3184 καὶ
3004 3131 3125 3196 νοῦς
3159 3133 3301 3187 κατά
3332 3135 3618 3209 διάμετρον
3647 3144 3757 3204 τοῖς
3795 3142 3879 3209 φύ-

2338 3239 2450 3275 σεσι
2482 3221 2770 3286 διεστῶτα;
2806 3219 2917 3275 Εἶτ’
2943 3225 3043 3276 οὐκ
3071 3223 3165 3277 οἷδ’
3188 3227 3330 3291 ὃπως
3356 3228 3461 3282 τῶν
3493 3230 3635 3283 ἐπῶν
3657 3233 3880 3305 ἐπιλελη-

2337 3316 2529 3386 σμένος
2553 3315 2845 3387 διαρρήδην
2875 3317 3159 3386 φησάντων
3177 3334 3190 3348 ·

679 3433 819 3483 esse,
879 3433 1109 3483 quorum
1149 3426 1357 3470 natura:
1420 3433 1485 3469 ex
1547 3417 1831 3478 diametro,
1869 3414 2014 3484 quod
2073 3412 2244 3474 aiunt,
2300 3410 2442 3462 inter
2487 3422 2605 3462 sese
2648 3408 3046 3477 opponantur?
3097 3407 3298 3465 Deinde
3339 3428 3522 3470 neseio
3574 3432 3685 3488 quo
3740 3432 3878 3489 pacto

678 3508 975 3564 carminum
1012 3508 1240 3560 istorum
1268 3509 1467 3562 oblitus
1499 3508 1587 3577 ille
1634 3506 1815 3572 fuerit,
1862 3519 2088 3575 quorum
2117 3515 2370 3572 expressa
2399 3499 2515 3552 haec
2543 3506 2626 3553 est
2649 3507 2939 3568 apertaque
2963 3501 3232 3554 sententia
3273 3521 3289 3557 :

777 3619 921 3673 Mens
947 3634 1124 3676 verax.
1157 3619 1386 3688 nullique
1410 3620 1662 3686 obnoxius
1697 3621 1857 3673 tet/ter

677 3692 862 3758 liegius
894 3691 1138 3759 interitu,
1163 3692 1250 3757 qui
1281 3700 1470 3742 cuncta
1499 3701 1760 3759 monetque
1802 3689 2031 3759 regitque

675 3760 929 3813 Consilio.
967 3758 1078 3812 Vox
1105 3760 1248 3811 nulla
1279 3769 1461 3827 potest,
1497 3758 1773 3821 sonituSve,
1825 3758 1913 3813 nec
1946 3758 2085 3812 ullus

677 3831 882 3882 Hancce
914 3827 1059 3884 Jovis
1087 3829 1313 3882 sobolem
1337 3830 1605 3901 strepitus,
1635 3841 1725 3883 nec
1754 3831 1898 3899 fama
1933 3830 2117 3884 latere.

667 3963 873 4029 Quibus
930 3962 1125 4016 aethera
1184 3963 1330 4020 Jovis
1381 3977 1503 4018 esse
1560 3974 1793 4020 mentem
1823 3963 2102 4032 perspicue
2126 3964 2219 4018 de-

670 4052 929 4110 claratur.
977 4049 1084 4105 Iste
1132 4063 1310 4106 autem
1362 4069 1552 4109 rursus
1595 4055 1868 4109 aetheriam
1916 4057 2224 4123 aeriamque

672 4143 779 4194 vim
829 4141 1094 4196 Junonem
1156 4159 1275 4197 esse
1336 4146 1527 4208 tradit,
1578 4160 1813 4215 moxque
1881 4145 2223 4200 distinctione

670 4244 826 4286 utens
851 4233 922 4287 ita
956 4235 1269 4303 subjuugit:
1307 4254 1325 4285 ι
1365 4237 1441 4289 Ac
1469 4237 1550 4290 vis
1581 4235 1821 4305 quidem,
1855 4237 2050 4306 inquit,
2080 4237 2221 4289 aeris

669 4326 928 4389 universi,
965 4326 1130 4394 Ἥρα,
1163 4327 1266 4379 hoc
1293 4337 1373 4380 est
1402 4327 1563 4393 Juno,
1595 4327 1954 4396 appellatione
1998 4326 2067 4380 ab
2097 4342 2220 4381 aere

665 4415 844 4477 ducta,
876 4415 1183 4466 nominatur
1221 4430 1233 4477 ;
1276 4416 1392 4482 ejus
1444 4425 1621 4467 autem
1672 4416 1836 4478 aeris,
1882 4431 2040 4484 quem
2081 4414 2218 4470 infra

663 4501 846 4554 lunam
887 4505 1047 4558 modo
1101 4506 1417 4566 illuminari,
1452 4507 1613 4560 modo
1649 4499 1883 4562 tenebris
1937 4508 2216 4562 obscurari

662 4592 927 4656 videmus,
961 4591 1164 4648 Latona
1195 4596 1494 4664 symbolum
1536 4607 1638 4661 est,
1692 4600 1886 4668 quippe
1919 4614 2039 4667 quae
2071 4597 2216 4668 ληθώ

658 4685 926 4754 quadam,
975 4683 1028 4736 id
1063 4692 1146 4737 est
1179 4685 1397 4749 oblivio,
1437 4690 1526 4751 sit,
1576 4689 1769 4756 partim
1818 4689 1963 4758 quod
2021 4690 2215 4745 animis

657 4777 786 4840 illis,
827 4790 966 4843 quos
994 4772 1133 4826 infra
1191 4774 1376 4828 lunam
1410 4778 1684 4845 procreari
1729 4781 2014 4848 contingit,
2045 4780 2213 4832 divini

657 4867 898 4920 numinis
932 4866 1134 4920 oblivio
1165 4867 1470 4920 comitetur.
1509 4870 1692 4938 Itaque
1730 4879 1902 4924 mater
1947 4870 2230 4939 Apollinis,

2249 3623 2291 3679 (ζ
2322 3610 2544 3682 Νοῦςό
2568 3610 2678 3682 (85)
2711 3610 3357 3680 ἀψευδὴς,βασιλήτος,

3386 3615 3624 3687 ἄφθιτος
3650 3618 3818 3687 αἰθὴρ
3829 3660 3840 3682 ,

2327 3679 2407 3755 *ῼν
2430 3683 2515 3755 δὴ
2537 3679 2728 3755 adi/fta
2758 3683 2973 3755 armis?
2989 3683 3092 3755 καὶ
3117 3679 3406 3755 φράᾰξέαυ
3425 3679 3571 3740 οὐδέ
3593 3679 3683 3754 τις
3711 3679 3863 3755 αὐδή,

2293 3767 2296 3769 ‘
2331 3749 2464 3807 Oﬁt’
2493 3749 2702 3821 ἐνοπὴ,
2731 3753 2868 3821 οῦζε
2893 3749 3136 3817 κτύπος
3159 3749 3304 3821 οὐδὲ
3330 3756 3446 3821 μὲν
3475 3749 3659 3820 ὅσσας

2331 3826 2398 3877 Ἦ
2423 3820 2592 3887 λήθει
2616 3816 2745 3886 Διὸς
2772 3816 2873 3873 υἷα
2900 3816 3226 3890 ὑπερμενέα
3255 3816 3557 3906 Κρονίωνα
3579 3816 3716 3897 (86).

2324 3953 2398 4005 Δι’
2429 3946 2503 4005 ὧν
2544 3951 2726 4020 σαφῶς
2750 3952 2778 4003 ὁ
2822 3951 2984 4023 αἰθὴρ
3023 3952 3145 4017 νοῦς
3180 3955 3456 4026 ἀνείρηται
3495 3957 3571 4014 ὣν
3615 3960 3717 4014 τοῦ
3749 3964 3852 4024 Διός.

2336 4044 2392 4094 '0
2426 4043 2480 4094 δὲ
2508 4042 2606 4111 τὴν
2635 4043 2807 4114 Ἦραν
2832 4043 2995 4096 ’πάλιν
3023 4043 3119 4114 τὴν
3163 4045 3397 4118 αίθέριον
3436 4049 3531 4106 καὶ
3572 4051 3763 4124 ἀέριον
3790 4054 3861 4107 δύ-

2321 4152 2479 4204 ναμιν
2517 4131 2648 4186 εἷναί
2695 4151 2908 4205 φησιν.’
2943 4134 3131 4188 ἔπειτα
3170 4136 3390 4210 διαιρῶν
3424 4143 3694 4212 ἐπιλέγει·
3731 4165 3751 4198 ι
3778 4146 3865 4200 Καὶ

2319 4225 2413 4277 τοῦ
2451 4225 2545 4294 μὲν
2571 4226 2769 4289 παντὸς
2802 4226 2961 4298 ἀέρος
3003 4229 3036 4298 ή
3069 4226 3295 4300 δύναμις
3332 4232 3477 4303 Ἥρα
3507 4233 3744 4307 τοῦνομα
3775 4237 3864 4291 ἀπὺ

2319 4316 2408 4368 τοῦ
2441 4317 2596 4386 ἀέρος
2629 4316 2936 4388 κεκλημένη
2959 4335 2972 4347 ·
3008 4317 3100 4371 τοῦ
3145 4319 3202 4372 δὲ
3244 4321 3345 4373 ὑπὸ
3383 4321 3862 4395 σελήνηνλφωτιζο-

2322 4409 2479 4477 μένου
2515 4409 2622 4488 καὶ.
2656 4406 3034 4482 σκοτιζομένου
3087 4410 3245 4482 ἀέρος
3295 4413 3329 4482 ή
3374 4411 3534 4483 Δητὼ
3582 4413 3861 4488 σύμεολονο

2317 4498 2460 4570 ληθὼ
2491 4486 2801 4570 γάράὑτὴν
2825 4495 2960 4554 εἶναι
2989 4499 3077 4553 διά
3111 4501 3385 4579 τὴν¹κατὰ
3410 4503 3498 4557 τὸν
3532 4486 3697 4563 ὕπνον
3730 4510 3864 4563 ἀναι-

2319 4591 2575 4661 σθησίαν’
2629 4591 2720 4643 καὶ
2775 4592 2857 4644 δτι
2901 4595 3095 4662 ψυχαῖς
3153 4593 3258 4652 ὑπὸ
3303 4594 3526 4667 σελήνην
3571 4601 3864 4673 γινομέναις

2315 4683 2448 4755 λήθη
2487 4683 2807 4754 ξυνομαρτεῖ
2828 4682 2917 4735 τοῦ
2946 4682 3096 4736 Θείου
3116 4700 3128 4713 ·
3157 4684 3252 4737 καὶ
3279 4683 3366 4738 διά
3389 4687 3546 4741 τοῦτο
3579 4690 3674 4744 καὶ
3698 4696 3863 4762 μήτηρ

2326 4773 2652 4835 Ἀπόλλωνός
2681 4788 2739 4825 τε
2773 4774 2868 4827 καὶ
2903 4773 3210 4845 ’Δρτέμιδος
3235 4775 3340 4829 τῶν
3379 4777 3569 4832 αἰτίων
3597 4781 3861 4851 φωτισμοῦ

2312 4869 2375 4937 τῇ
2399 4865 2570 4919 νυκτί.
2594 4884 2611 4916 ι
2633 4865 2741 4919 Καὶ
2762 4866 2819 4917 ὲν
2843 4864 3047 4927 τούτοις
3081 4866 3230 4937 ἡλίου
3270 4867 3363 4922 καὶ
3392 4870 3620 4941 σελήνης
3662 4873 3860 4942 μητέρα

657 4974 720 5012 ac
767 4958 967 5024 Dianae,
1009 4975 1038 5011 a
1073 4960 1273 5027 quibus
1327 4961 1504 5013 noctis
1547 4960 1868 5016 illuminatio
1913 4962 2206 5028 derivatur,

2322 4959 2474 5027 φησιν
2499 4953 2633 5009 εἶναι
2656 4957 2744 5010 τὸν
2771 4956 2873 5008 ὑπὸ
2906 4957 3129 5026 σελήνην
3164 4959 3330 5030 ἀέραο
3375 4960 3562 5015 τοῦτον
3588 4962 3697 5033 γὰρ
3733 4959 3858 5015 εἶναι

654 5050 840 5102 eadem
865 5047 1067 5103 Latona
1097 5052 1395 5119 nuncupari
1429 5051 1584 5115 solet,
1619 5071 1638 5103 ι
1669 5053 1862 5120 quibus
1897 5054 2040 5108 aliud
2073 5055 2204 5107 nihil

656 5141 946 5209 signiﬁcari
982 5141 1143 5193 tradit
1168 5157 1328 5210 quam
1363 5157 1540 5196 aerem
1572 5141 1698 5194 luna
1748 5141 2060 5197 inferiorem
2111 5159 2201 5197 so-

653 5232 720 5284 lis
747 5247 810 5284 ac
836 5230 976 5283 luna
998 5242 1270 5298 parentem
1315 5248 1454 5293 esse,
1485 5230 1704 5302 quippe,
1733 5236 1825 5301 qui
1869 5234 2072 5291 Latona
2111 5237 2199 5292 sit.

650 5325 898 5381 Atenim,
933 5322 1207 5390 quomodo
1249 5323 1462 5376 tandem
1492 5338 1584 5377 aer
1627 5337 1823 5391 parens
1860 5338 2048 5378 eorum
2081 5341 2200 5380 esse

650 5414 840 5479 possit,
876 5429 995 5481 quae
1027 5412 1436 5468 illuminationis
1467 5430 1643 5470 causae
1700 5428 1848 5480 sunt,
1900 5418 2192 5484 praesertim

651 5515 772 5553 cum
805 5501 1061 5557 emciatur
1090 5504 1204 5571 ipse
1237 5506 1437 5572 potius,
1474 5521 1634 5576 quam
1662 5506 1884 5559 efﬁciat?
1910 5506 2070 5576 109
2101 5508 2192 5560 Sol

649 5592 790 5644 enim
845 5605 1004 5663 atque
1056 5595 1183 5648 luna
1233 5597 1436 5647 variam
1473 5612 1537 5650 ac
1587 5597 1937 5666 multiplicem
1975 5600 2026 5651 in
2075 5612 2197 5653 aere

650 5682 998 5737 mutationem
1046 5700 1111 5739 ac
1153 5685 1581 5739 vicissitudinem
1624 5673 1900 5741 eﬂiciunta
1927 5683 2043 5740 Jam
2072 5701 2196 5740 vero

711 5805 846 5884 ~(8.’i_)_
867 5809 1019 5874 Νοῦς
1039 5809 1335 5884 6_';__Versus
1360 5812 1633 5880 integritas
1655 5813 1910 5882 postulat,
1934 5824 1990 5868 ut
2013 5828 2196 5883 supra,

661 5877 767 5940 δοῦς
795 5877 849 5928 δέ
882 5895 964 5945 γε,
996 5882 1074 5933 γει
1100 5880 1154 5931 δέ
1185 5897 1264 5935 τε.

2307 5048 2402 5119 τὴν
2449 5048 2626 5120 Λητώ.
2673 5049 2782 5100 Καὶ
2817 5049 2933 5112 πῶς
2974 5049 3037 5102 ἂν
3077 5053 3102 5102 ὁ
3145 5051 3251 5123 ἀὴρ
3283 5052 3488 5120 γένοιτο
3537 5055 3715 5125 μήτηρ
3760 5054 3859 5108 τῶν

2307 5142 2492 5194 αἰτίων
2525 5139 2821 5211 φωτισμοῦ,
2863 5141 3061 5214 μᾶλλον
3096 5140 3255 5207 αὐτὸς
3281 5143 3561 5214 γινόμενος
3595 5147 3636 5216 ἢ·
3663 5148 3854 5210 ποιῶν;

2299 5231 2448 5303 ἥλιος
2488 5231 2594 5303 γὰρ
2624 5233 2717 5285 καὶ
2758 5229 2951 5302 σελήνη
2986 5232 3170 5286 ἄλλοτε
3205 5233 3376 5298 ἄλλως
3416 5235 3503 5289 τὸν
3534 5237 3670 5308 ἀέρα
3701 5253 3856 5308 μετα-

2302 5319 2569 5374 ϐάλλουσι.
2633 5320 2797 5374 Πάλιν
2857 5320 2912 5374 δὲ
2955 5320 3156 5393 προῖὼν
3223 5321 3346 5392 ἑξῆς
3391 5323 3558 5394 λέγει·
3600 5345 3619 5378 ι
3653 5329 3763 5381 Καὶ
3801 5325 3856 5377 τδ

2304 5411 2400 5478 μὲν
2434 5412 2751 5481 ἡγεμονικὸν
2791 5412 2889 5482 τῆς
2930 5409 3146 5481 χθονίας
3194 5413 3491 5483 δυνάμεως,
3554 5415 3736 5488 Ἐστία
3771 5415 3857 5469 κέ-

2301 5499 2579 5574 κληται,ἧς
2607 5501 2822 5572 ἄγαλμα
2853 5501 3174 5573 παρθενικὸν
3201 5505 3284 5573 ἐφ’
3309 5506 3490 5569 ἑστίας
3523 5508 3690 5578 mpii);
3713 5505 3852 5576 ἱδρύο

2307 5607 2483 5661 μενον·
2516 5592 2649 5646 καθὸ
2689 5585 2745 5645 δὲ
2791 5593 3008 5662 γόνιμος
3038 5595 3071 5665 ή
3104 5593 3347 5666 δύναμις,
3387 5599 3737 5666 σημαίνουσιν
3764 5598 3855 5649 αὑ-

2302 5684 2400 5754 τὴν
2425 5685 2674 5751 γυναικὸς
2703 5684 2829 5737 εἴδει
2875 5685 2977 5754 πρὸ
3007 5686 3240 5754 μαστοῦ.
3273 5687 3382 5758 Τὴν
3411 5687 3465 5739 δὲ
3509 5689 3662 5743 Ῥέαν
3693 5703 3852 5758 προσ-

2379 5814 2489 5891 (86_)
2537 5814 2886 5888 ,Ὑπερμενέα
2921 5819 3232 5885 Κρονίωιτι.
3273 5817 3486 5885 Helius,
3527 5819 3733 5891 ὕπερμε
3770 5820 3851 5882 sio;

2305 5885 2629 5958 Κρονίωνος,
2667 5895 2724 5939 ut
2753 5901 2934 5954 supra.
