4044 6334
683 364 783 419 199

1322 358 1592 415 EUSEBII
1626 352 2099 413 CJESARlENSlS
2139 350 2287 406 OPP.
2330 346 2509 404 PARS
2546 346 2611 401 11.
2652 376 2721 386 -
2760 341 3252 399 APOLOGETICA.

3784 344 3902 399 200

679 496 785 549 que
812 494 933 533 cum
960 477 1295 547 excipienda,
1332 487 1443 531 tum
1474 478 1538 531 ad
1566 485 1865 530 extremum
1911 476 1964 527 in
1998 473 2217 527 herbam

2327 486 2460 537 γειν.
2492 466 2588 519 Διὰ
2606 467 2667 537 δὴ
2698 465 2908 518 πάντων
2933 464 3133 515 τούτων
3158 466 3191 533 ἡ
3214 463 3338 531 περὶ
3364 462 3463 533 γῆν
3482 462 3739 532 δύναμις,
3773 464 3902 528 ἑξη-

676 583 731 626 et
759 573 993 626 culmum
1028 571 1299 624 educenda
1329 555 1657 624 continetur.
1684 567 1865 636 Neque
1887 567 2028 619 enim
2066 580 2128 617 ex
2159 579 2224 617 eo

677 664 823 733 quod
857 664 971 732 ipse
1006 656 1208 733 κῆραςξ
1242 664 1342 715 hoc
1387 660 1745 727 estsanimas,
1794 672 1928 727 quas
1983 657 2221 715 devoret,

676 755 873 808 habeat
909 754 1075 817 κύων,
1104 755 1155 808 id
1189 764 1271 808 est
1308 754 1483 816 canis,
1522 752 1839 821 appellatur,
1871 748 1960 802 sed
1989 746 2136 817 παρά
2164 746 2225 797 τὸ

675 849 845 911 κυεῖν,
881 849 982 902 hoc
1022 858 1105 901 est
1136 861 1164 899 a
1196 844 1305 900 feto
1352 846 1679 913 gravidoque
1709 852 1863 896 terra:
1916 850 2090 903 utero,
2134 838 2223 892 cui

674 940 1030 1010 progignendi
1083 940 1192 993 vim
1220 937 1381 991 Pluto
1426 936 1752 1005 suppeditat,
1786 950 1911 988 cum
1944 931 2223 1000 Proserpi-

674 1046 800 1085 nam
831 1031 998 1100 rapit.’
1012 1024 1167 1095 'Quin
1195 1030 1357 1083 etiam
1387 1029 1527 1082 Attis
1554 1036 1607 1081 et
1634 1027 1837 1081 Adonis
1866 1027 2101 1094 aliquam
2126 1024 2221 1076 ha-

675 1119 807 1173 bent
856 1134 979 1173 cum
1030 1118 1222 1173 iisdem
1267 1116 1511 1187 frugibus
1538 1118 1959 1186 proportionem.
1993 1114 2057 1167 Et
2084 1114 2221 1166 Attis

672 1210 894 1280 quidem
944 1225 1066 1263 cum
1116 1210 1180 1264 iis
1227 1207 1451 1262 ﬂoribus
1489 1215 1852 1275 comparatur,
1903 1204 1995 1273 qui
2044 1204 2219 1272 primo

674 1315 799 1353 vere
828 1315 949 1353 cum
980 1299 1355 1366 excludantur,
1389 1298 1617 1352 necdum
1648 1297 1856 1364 integro
1900 1302 2219 1362 maturoque

673 1389 850 1444 fructu
898 1390 1171 1444 decidunt.
1226 1390 1285 1443 ld
1335 1388 1479 1458 quod
1524 1387 1577 1439 in
1606 1402 1768 1440 causa
1796 1386 1915 1449 fuit,
1942 1398 2039 1440 cur
2066 1400 2219 1439 exse—

674 1493 819 1534 ctum
862 1482 1011 1535 illum
1054 1478 1314 1543 dicerent,
1350 1494 1458 1549 quo
1490 1477 1697 1533 fructus
1741 1493 1836 1532 eos
1878 1478 2220 1547 designarent

676 1570 768 1637 qui
804 1570 1043 1631 nondum
1074 1570 1155 1623 vis
1178 1568 1453 1622 seminalis
1476 1577 1661 1623 essent
1681 1567 2041 1619 maturitatem
2068 1580 2219 1619 asse-

674 1660 805 1715 cuti.
861 1660 1064 1714 Adonis
1110 1668 1288 1713 autem
1332 1669 1664 1712 maturarum
1716 1658 1929 1726 frugum
1986 1670 2216 1711 messem

680 1760 1047 1821 repraesentat.
1082 1748 1200 1803 Jam
1233 1748 1447 1804 Silenus
1480 1748 1739 1818 spiritalis
1786 1755 1965 1800 motus
1999 1745 2219 1815 symbo-

675 1839 786 1893 lum
810 1850 912 1905 cst,
944 1841 1036 1908 qui
1070 1848 1124 1893 et
1156 1840 1269 1907 ipse
1301 1853 1409 1892 non
1442 1853 1635 1907 parum
1663 1836 1918 1890 universo
1944 1832 2218 1895 conducit;
2250 1806 2294 1867 Β

676 1938 729 1983 et
783 1928 1271 1997 quidem_ornatus
1317 1916 1508 1998 capitis
1556 1927 1782 1981 tioribus
1829 1940 1893 1979 ac
1942 1924 2226 1993 splendore

676 2020 1022 2086 conspicuus,
1050 2018 1321 2085 cmlestem
1357 2018 1800 2080 conversionem;
1826 2015 2071 2069 casaries
2099 2027 2227 2067 vero

674 2112 743 2166 ad
775 2120 956 2180 partes
986 2112 1230 2179 ejusdem
1263 2111 1546 2165 inferiores
1592 2123 1764 2178 usque
1792 2107 2079 2178 promissa,
2118 2115 2227 2160 ter-

676 2202 839 2255 restri
891 2201 1120 2255 similem
1161 2202 1301 2256 aeris
1353 2200 1768 2256 crassitudinem
1820 2206 2093 2266 utcunque
2132 2197 2227 2250 ad-

676 2293 909 2347 umbrat.
933 2291 999 2346 Et
1019 2294 1275 2362 quoniam
1306 2294 1389 2347 vis
1409 2302 1660 2362 prmterea
1684 2290 1958 2345 divinandi
1984 2289 2223 2357 quaedam

676 2386 869 2449 inerat,
902 2384 1128 2439 Themin
1164 2387 1277 2454 ipsa
1313 2385 1685 2447 nominarunt,
1717 2381 1877 2451 quasi
1906 2381 2133 2451 singulis
2158 2380 2224 2433 τὰ

674 2478 978 2547 τεθειμένα,
1001 2477 1103 2531 hoc
1126 2486 1208 2531 est
1235 2491 1321 2530 res
1344 2475 1453 2530 fato
1483 2477 1807 2529 constitutas
1833 2482 2227 2542 eventurasque

674 2570 1018 2637 praenuntiet.
1044 2567 1219 2637 Atque
1247 2566 1389 2621 hunc
1420 2566 1473 2618 in
1503 2565 1723 2618 modum
1750 2564 1854 2617 vim
1877 2564 2021 2617 illam
2070 2574 2227 2618 terra:

672 2667 752 2710 tot
781 2656 1156 2727 ‘symbolorum
1194 2656 1446 2709 varietate
1495 2654 1814 2723 explicatam
1858 2665 2223 2719 venerantur;

675 2765 736 2803 ac
767 2750 989 2819 virginis
1021 2749 1237 2819 quidem
1263 2746 1545 2815 Vestaeque
1578 2746 1820 2807 nomine.
1867 2754 2135 2814 quatenus
2162 2760 2227 2801 ea

676 2852 921 2895 centrum
955 2842 1195 2895 universi
1222 2841 1597 2910 complectitur
1623 2855 1638 2904 ;
1677 2838 1933 2907 parentis,
1962 2847 2229 2907 quatenus

674 2934 1043 2986 animantibus
1073 2933 1328 2986 alimenta
1357 2931 1661 3001 suppeditat
1704 2948 1719 2996 ;
1765 2929 1913 2999 Opis,
1959 2941 2229 3000 quatenus

676 3024 879 3093 lapides
934 3033 1176 3092 generat,
1214 3024 1595 3091 montibusque
1642 3023 1950 3092 prominet;
1995 3022 2225 3088 Cereris,

2325 561 2534 631 γήσεως
2563 557 2818 628 τυχοῦσα,
2848 556 3225 625 θρησκεύεται·
3251 555 3325 619 ὼς
3371 557 3467 625 μὲν
3495 556 3773 626 παρθένος
3806 553 3907 605 καὶ

2337 655 2533 714 Ἐστία,
2574 654 2609 721 ἡ
2655 649 3026 721 κεντροφόρος·
3077 649 3151 711 ὡς
3182 647 3237 700 δὲ
3274 650 3455 711 τοκηέις,
3488 651 3522 717 ἡ
3564 648 3800 719 τροφός⁹
3829 646 3908 710 ὡς

2322 746 2378 799 δὲ
2420 744 2563 806 Ῥέα,
2595 745 2628 813 ἡ
2669 742 3005 812 πετροποιὸς,
3052 742 3142 793 καὶ
3169 740 3359 810 ὄρειος⁸
3400 740 3473 802 ὡς
3504 739 3560 791 δὲ
3593 741 3903 810 Δημήτηρ,

2322 836 2355 906 ἡ
2389 834 2698 906 χλοηφόρος·
2735 833 2809 896 ὡς
2838 832 2895 885 δὲ
2922 831 3107 901 Θέμις,
3139 833 3169 900 ή
3199 831 3536 901 χρησμῳδὺς,
3569 829 3663 883 τοῦ
3694 832 3787 892 είς
3814 830 3908 883 αὐ-

2319 925 2415 997 τὴν
2443 925 2719 986 κατιόντος
2768 921 3136 993 σπερματικοῦ
3179 922 3336 989 λόγου
3386 924 3463 983 είς
3500 922 3591 974 τὸν
3645 920 3906 992 Πρίαπον

2320 1017 2783 1087 ὲκτετυπωμένου’
2811 1010 2871 1068 οὗ
2892 1016 2955 1067 τὸ
2982 1015 3079 1084 μὲν
3109 1016 3234 1084 περὶ
3262 1014 3385 1076 τοὺς
3414 1013 3607 1083 ξηροὺς
3635 1011 3906 1083 καρποὺς

2318 1110 2494 1179 Κόρη,
2524 1108 2586 1162 τὸ
2609 1108 2666 1159 δὲ
2701 1107 2841 1159 κατά
2872 1108 2997 1169 τοὺς
3021 1107 3217 1175 ὑγροὺς
3246 1123 3337 1157 και
3376 1105 3441 1157 τά
3468 1104 3753 1174 ἀκρόδρυα
3780 1102 3906 1154 Διό-

2317 1218 2472 1263 νυσος
2502 1199 2759 1252 καλεῖται·
2800 1197 2897 1267 τῆς
2939 1197 3037 1267 μὲν
3078 1197 3257 1268 Κόρης
3297 1197 3400 1248 ὑπὸ
3439 1194 3761 1257 Πλούτωνος
3804 1192 3901 1246 τοῦ

2319 1294 2424 1346 ὑπὸ
2452 1293 2559 1362 Γῆν
2586 1294 2753 1353 ἰόντος
2810 1289 2987 1343 Ἠλίου
3020 1287 3577 1361 ἀρπαζομένηςὲκατά
3624 1289 3724 1340 τὸν
3774 1288 3905 1340 σπό-

2320 1398 2429 1454 porr
2459 1382 2552 1435 τοῦ
2573 1382 2629 1434 δὲ
2656 1380 2904 1433 Διονύσου
2928 1382 3066 1433 κατά
3091 1380 3157 1433 τὰ
3177 1380 3323 1452 πάθη
3346 1381 3443 1450 τῆς
3466 1380 3758 1449 δυνάμεως
3795 1380 3902 1432 ὑπὸ

2316 1472 2421 1542 γῆν
2456 1472 2554 1541 μὲν
2585 1470 2853 1542 νεωτέρας
2888 1471 2981 1525 καὶ
3020 1470 3340 1541 καλλιγόνης
3372 1470 3687 1528 ϐλαστάνειν
3723 1473 3899 1541 ἀρχο-

2321 1564 2502 1633 μένου,
2532 1563 2796 1634 ὲπιμάχου
2814 1563 2869 1616 δὲ
2886 1562 2982 1631 τῆς
2998 1561 3139 1615 κατὰ
3159 1561 3252 1632 τὴν
3272 1562 3436 1633 ἄνθην
3455 1562 3743 1631 δυνάμεως
3766 1562 3836 1613 σύ
3843 1581 3901 1633 μ-

2317 1654 2469 1707 ϐολον
2487 1654 2574 1707 τὸν
2601 1655 2781 1706 Ἀττιν
2811 1653 3057 1724 ἐχούσης·
3080 1652 3181 1723 τῆς
3204 1653 3264 1705 δὲ
3290 1654 3429 1706 κατά
3450 1653 3547 1724 τὴν
3575 1655 3897 1724 τελεσιουρ-

2319 1748 2441 1815 γίαν
2457 1749 2689 1819 ἐκτομὴν
2704 1749 2793 1801 τὸν
2811 1749 3056 1801 Ἄδωνιν·
3076 1730 3170 1800 καὶ
3186 1746 3279 1817 τῆς
3300 1746 3397 1818 μὲν
3414 1748 3796 1817 πνευματικῆς
3811 1747 3896 1799 διὰ

2322 1840 2535 1893 πάντων
2566 1840 2848 1909 δυνάμεως
2879 1840 2954 1904 ὡς
2995 1840 3073 1903 είς
3101 1838 3352 1910 Σειληνὸν
3383 1839 3891 1909 ἀναπλαττομὲνης,

2320 1932 2417 2001 τῆς
2430 1932 2485 1983 δὲ
2502 1933 2581 1994 είς
2602 1930 2819 1984 ἔκτασιν
2835 1932 2931 1984 ἀπ’
2960 1930 3137 1984 αὐτῶν
3158 1930 3514 2002 παραγωγῆς,
3538 1932 3617 1993 είς
3645 1930 3903 2001 Βάκχην·“

2320 2020 2505 2093 ὥσπερ
2537 2021 2603 2077 ἀν
2641 2023 2741 2093 τῆς
2772 2023 2850 2084 εἰς
2877 2020 2944 2076 τά
2976 2022 3263 2093 ἀφροδίσια
3298 2020 3646 2092 ὲρεθιζούσης
3685 2023 3890 2093 ὁρμῆς,

2319 2114 2407 2167 διὰ
2446 2113 2552 2166 τῶν
2580 2113 2853 2186 Σατύρων.
2888 2113 2985 2166 Διά
3019 2113 3085 2184 δὴ
3126 2113 3328 2166 τούτων
3367 2114 3475 2167 τῶν
3517 2114 3808 2183 συμϐόλων
3854 2118 3886 2186 ἡ

2322 2208 2593 2275 περίγειος
2642 2204 3031 2257 ἐκκαλύπτεται
3083 2203 3331 2274 δύναμις.
3398 2222 3417 2256 ›
3474 2205 3724 2259 Τοσαῦτα
3789 2206 3885 2275 μὲν

2322 2293 2413 2348 οὖν
2445 2296 2538 2349 καὶ
2570 2295 2714 2361 τάδε,
2746 2295 2781 2348 ἀ
2814 2297 2905 2348 καὶ
2942 2296 3251 2363 ἀναγκαίως
3284 2296 3678 2366 ἐπιτεμόμενος
3706 2313 3880 2366 παρα-

2321 2389 2584 2460 τέθειμαι,
2609 2391 2686 2452 είς
2717 2389 2776 2442 τὸ
2810 2389 2883 2459 μὴ
2916 2389 3128 2456 ἀγνοεῖν
3161 2389 3309 2457 ἡμᾶς
3338 2376 3404 2440 τά
3448 2388 3625 2456 σεμνὰ
3655 2380 3759 2439 τῶν
3790 2405 3872 2456 φι-

2322 2479 2579 2550 λοσόφων.
2626 2480 2778 2533 Οὓτω
2841 2476 3126 2549 τοιγαροῦν
3172 2478 3313 2531 κατά
3367 2478 3435 2531 τά
3492 2478 3863 2547 ἀποδεδομένα,

2322 2568 2472 2640 Κόρη
2510 2568 2605 2639 μὲν
2635 2569 2669 2638 ἡ
2698 2567 2805 2619 τῶν
2826 2566 3128 2637 σπορίμων,
3161 2567 3408 2629 Διόνυσος
3434 2566 3490 2617 δὲ
3517 2568 3551 2637 ἡ
3580 2567 3685 2619 τῶν
3710 2569 3867 2637 ἀκροο

2321 2660 2495 2731 δρύων
2526 2660 2770 2729 δύναμις·
2796 2658 2889 2711 καὶ
2914 2656 3021 2710 τῶν
3047 2657 3146 2727 μὲν
3166 2656 3394 2727 ἐαρινῶν
3412 2656 3588 2709 ἀνθῶν
3615 2659 3645 2709 ὁ
3673 2659 3873 2721 Ἀττις,

2322 2750 2432 2803 τῶν
2462 2746 2519 2802 δὲ
2550 2747 2768 2802 τελείων
2806 2746 3029 2817 καρπῶν
3068 2746 3097 2797 δ
3132 2744 3356 2808 Ἄδωνις
3395 2745 3679 2815 σύμϐολον.
3718 2747 3787 2799 Τί
3814 2746 3875 2819 δὴ

2322 2837 2419 2896 οὖν
2459 2841 2564 2912 χρὴ
2596 2838 2768 2893 ταῦτα
2802 2839 3083 2900 θεοποιεῖν,
3128 2841 3207 2902 είς
3241 2838 3445 2909 τροφὰς
3474 2839 3740 2909 σωμάτων
3772 2839 3877 2891 τῶν

2326 2934 2419 2988 ἐπὶ
2449 2935 2551 3004 γῆς
2581 2932 2732 2997 ζώων
2764 2932 2897 3003 πρὸς
2926 2932 3017 2984 τοῦ
3042 2931 3147 2984 τῶν
3171 2930 3305 2984 ὅλων
3338 2928 3473 2983 Θεοῦ
3502 2934 3875 3003 πεποιημένας

2324 3027 2390 3079 Τί
2421 3026 2477 3079 δὲ
2516 3024 2834 3097 θρησκεύειν
2874 3024 2972 3093 τὴν
3016 3022 3287 3093 περίγειον
3329 3022 3558 3097 δύναμιν
3604 3024 3879 3093 προσῆκόν

680 3125 947 3184 quatenus
982 3115 1209 3168 virentia
1248 3116 1490 3185 germina
1514 3125 1794 3183 procreat;
1833 3114 1899 3167 ad
1926 3122 2224 3167 extremum

2327 3118 2472 3171 ἑστιν
2511 3120 2662 3188 ἡμῖν,
2714 3113 2794 3179 οἷς
2829 3114 2985 3184 φύσις
3037 3115 3151 3167 ἐστὶ
3196 3114 3370 3184 ψυχῆς
3405 3114 3650 3187 οὐρανία,
3691 3115 3880 3185 λογική

679 3204 977 3271 Themidis,
1030 3216 1295 3275 quatenus
1338 3206 1627 3260 fundendis
1667 3206 1904 3259 oraculis
1951 3206 2073 3259 usui
2122 3217 2223 3259 est.

676 3294 797 3350 Vim
830 3308 1006 3352 autem
1041 3298 1282 3363 seminis,
1314 3297 1461 3367 quod
1490 3297 1660 3366 ipsius
1686 3298 1739 3349 in
1767 3298 2033 3367 gremium
2063 3296 2227 3351 eﬂ'un-

680 3389 845 3452 ditur,
890 3390 944 3442 in
990 3387 1171 3458 Priapi
1223 3390 1457 3457 speciem
1494 3388 1766 3453 elIinxere,
1818 3390 1895 3442 sic
1940 3398 2118 3441 tamen
2167 3395 2231 3441 ut

624 3489 632 3503 ’
678 3483 824 3549 quod
850 3481 1007 3534 siccis
1034 3480 1279 3549 frugibus
1306 3479 1664 3549 producendis
1692 3489 1872 3549 aptum
1897 3491 2070 3545 esset,
2100 3478 2230 3532 Pro-

680 3572 973 3639 serpinam,
1022 3571 1166 3640 quod
1216 3585 1343 3623 vero
1387 3568 1455 3622 ad
1487 3564 1823 3623 humidiores
1868 3571 2231 3639 arborumque

682 3661 824 3716 fetus
866 3662 1181 3731 pertineret,
1231 3661 1500 3716 Bacchum
1553 3661 1901 3731 appellarent.
1940 3662 2030 3718 Sic
2068 3665 2229 3733 igitur

680 3756 1003 3825 Proserpina
1046 3755 1261 3824 quidem
1312 3754 1567 3811 sementis
1614 3764 1855 3823 tempore
1898 3770 1929 3809 a
1979 3755 2227 3820 Plutone,

683 3852 785 3903 hoc
841 3857 925 3903 est
964 3863 996 3901 a
1035 3849 1148 3902 sole
1209 3848 1312 3903 sub
1358 3860 1529 3903 terras
1584 3854 1927 3904 commeante
1980 3847 2227 3915 rapitur;

683 3940 927 3995 Bacchus
954 3948 1132 3994 autem
1174 3955 1297 3994 cum
1356 3938 1661 4009 germinare
1692 3936 1905 4006 incipit,
1936 3934 2098 4005 idque
2134 3952 2230 4005 pro

684 4032 1035 4101 qualitatibus
1066 4032 1153 4097 iis,
1186 4031 1385 4100 quibus
1415 4030 1507 4084 illa
1544 4029 1627 4082 vis
1650 4026 1901 4093 allicitur,
1923 4043 2044 4096 qua:
2080 4036 2231 4084 tene-

682 4120 795 4174 rior
831 4119 1026 4187 adhuc,
1060 4119 1272 4173 tametsi
1300 4119 1367 4172 ad
1418 4116 1632 4173 fructus
1676 4116 1989 4171 excellentis
2032 4118 2232 4185 produe

686 4212 917 4265 ctionem
958 4210 1169 4274 idonea,
1230 4210 1330 4262 sub
1381 4218 1524 4262 terra
1577 4208 1843 4264 delitescit
1884 4225 1897 4259 :
1942 4216 2052 4261 tum
2105 4224 2234 4263 vero

687 4318 840 4357 suam
873 4302 921 4354 ei
952 4301 1141 4354 virtuti
1165 4303 1476 4353 commodat
1502 4313 1745 4366 operam,
1776 4313 1895 4366 qua:
1919 4309 1979 4352 ut
2011 4298 2232 4355 ﬂoribus

654 4392 1031 4448 excludendis
1065 4401 1278 4460 praest,
1330 4390 1469 4443 Attis
1504 4388 1793 4458 symbolo;
1824 4399 1882 4442 ut
1908 4398 2086 4443 autem
2125 4406 2235 4444 ma-

2325 3226 2381 3261 τε
2423 3210 2517 3261 καὶ
2550 3208 2809 3269 ἀθάνατος
2845 3205 2998 3275 παρά
3040 3204 3135 3257 τοῦ
3180 3204 3569 3274 παμϐασιλέως
3598 3206 3705 3259 τῶν
3743 3208 3882 3261 ὅλων

2325 3298 2482 3362 Θεοῦ,
2529 3298 2763 3361 διανοίας
2815 3297 3023 3367 δμμασι
3073 3296 3501 3367 κεκαθαρμένοις
3550 3297 3880 3369 θεωρητικῆς

2326 3392 2429 3443 Τὸν
2466 3390 2524 3443 δὲ
2554 3390 2802 3458 Σειληνὸν
2840 3388 3051 3442 ἁκούων
3074 3386 3187 3459 ¹τὴν
3222 3388 3593 3460 πνευματικὴν
3626 3386 3770 3443 εἶναι
3805 3390 3881 3442 κί’⁹

2328 3500 2503 3554 νησιν,
2549 3484 2643 3535 καὶ
2673 3482 2769 3551 τὴν
2810 3481 3098 3551 διήκουσαν
3124 3480 3215 3533 διὰ
3244 3480 3454 3535 πάντων
3481 3479 3731 3550 δύναμιν,
3764 3481 3878 3533 τοτὲ

2332 3575 2427 3644 μὲν
2469 3573 2566 3644 τὴν
2601 3574 2848 3644 οὐράνιον
2886 3572 3186 3643 περιφορὰν
3232 3572 3320 3625 διὰ
3362 3572 3461 3641 τῆς
3501 3572 3743 3643 κεφαλῆς
3774 3573 3879 3623 ἐπι·

2305 3666 2687 3737 δεικνύμενον,
2719 3667 2837 3719 τοτὲ
2861 3666 2917 3719 δὲ
2943 3664 3038 3737 τὴν
3061 3665 3187 3735 περὶ
3212 3663 3303 3715 τὸν
3331 3663 3467 3733 ἀέρα
3492 3663 3779 3733 παχύτητα
3797 3662 3874 3717 διὰ

2324 3748 2426 3827 ’τῆς
2454 3757 2643 3820 λασίας
2670 3757 2843 3827 κόμης
2870 3755 2959 3808 τοῦ
2988 3755 3193 3824 γενείου
3211 3771 3224 3784 ·
3267 3753 3382 3817 πῶς
3403 3754 3468 3807 ἀν
3487 3771 3573 3817 τις
3603 3756 3867 3825 ἀνάσχοιτο

2328 3847 2513 3899 τοῦτον
2548 3847 2645 3916 μὲν
2683 3846 2823 3917 δρῶν
2856 3845 3107 3915 οὐδεμιᾶς
3141 3844 3439 3913 ἠξιωμένον
3479 3844 3767 3917 σεϐασμίου
3795 3862 3861 3897 τιο

2335 3936 2461 4005 μῆς,
2499 3936 2555 3988 ὃν
2598 3936 2761 4005 ἐχρῆν
2801 3922 2906 4004 πρὸ
2942 3933 3048 3988 τῶν
3083 3934 3296 3989 πάντων
3337 3930 3621 3999 θεοποιεῖν,
3660 3935 3867 3987 Ἄδωνιν

2333 4030 2391 4083 δὲ
2426 4031 2519 4084 καὶ
2547 4031 2815 4091 Διόνυσον,
2847 4031 2971 4093 τοὺς
2996 4030 3241 4101 καρποὺς
3269 4029 3465 4101 δηλαδὴ
3506 4033 3598 4085 καὶ
3623 4032 3695 4085 τὰ
3724 4030 3875 4103 ἀκρό-

2330 4120 2485 4193 δρυα,
2511 4117 2984 4190 θεοποιουμένουζς
3029 4119 3125 4182 Τίς
3158 4120 3205 4173 δ’
3234 4119 3299 4173 ἂν
3340 4121 3648 4190 ὑπομείνειε
3694 4138 3877 4191 σεμνο·

2329 4213 2683 4284 λογουμένους
2729 4213 2937 4266 ἀκούων
2966 4210 3234 4283 Σατύρους
3288 4213 3383 4265 καὶ
3433 4212 3674 4282 Βάκχας,
3721 4214 3787 4265 τὰ
3829 4215 3881 4264 ὲν

2331 4305 2632 4375 ἀνθρώποις
2666 4303 2865 4373 αἰσχρά
2900 4304 2992 4355 καὶ
3023 4302 3295 4367 ᾀκόλαστα
3324 4303 3506 4371 πάθη;
3542 4306 3591 4355 εἰ
3621 4304 3689 4374 δὴ
3710 4287 3756 4356 οἱ
3788 4306 3883 4374 μὲν

2332 4395 2547 4464 ἐδήλουν
2578 4378 2678 4455 τὰς
2715 4396 2791 4455 είς
2823 4392 2892 4445 τὰ
2932 4393 3215 4463 ἀφροδίσια
3243 4393 3586 4463 ὲρεθιζούσας
3631 4394 3807 4464 ὁρμὰς
3840 4394 3885 4447 oi

685 4496 928 4539 turarum
970 4481 1183 4551 frugum
1229 4481 1417 4545 messi,
1450 4480 1656 4533 Adonis
1698 4479 1914 4532 nomine
1940 4479 2229 4533 adumbra-

2330 4486 2579 4556 Σάτυροι,
2600 4486 2654 4537 αἱ
2674 4484 2731 4536 δὲ
2754 4484 2961 4553 Βάκχαι
2984 4483 3081 4547 τὰς
3098 4486 3176 4547 είς
3199 4484 3413 4536 ἔκτασιν
3437 4484 3543 4535 τῶν
3568 4486 3699 4555 περὶ
3715 4484 3888 4538 ταῦτα

686 4584 796 4628 tur.
829 4572 1091 4627 Praeterea
1122 4573 1204 4625 vis
1230 4573 1319 4625 illa
1352 4571 1637 4641 spiritalis,
1678 4586 1800 4640 qua:
1835 4571 2085 4624 universa
2111 4584 2235 4639 per-

684 4675 849 4731 meat,
866 4663 1032 4719 Sileni
1049 4680 1063 4729 ;
1079 4676 1199 4731 quae
1219 4676 1348 4717 vero
1367 4664 1577 4717 cunctis
1592 4663 1851 4731 paulatim
1867 4662 2236 4719 educendisac

686 4762 858 4831 magis
874 4762 1154 4830 magisque
1183 4755 1519 4827 proferendis
1550 4761 1883 4823 continetur,
1910 4759 2235 4815 Bacchantis

694 4850 847 4921 ιιι
901 4853 955 4905 in
1008 4850 1244 4919 speciem
1292 4847 1663 4907 conformatur
1712 4869 1724 4903 :
1778 4850 2234 4915 quemadmodum

692 4944 852 4995 etiam
879 4943 1131 5011 impetus,
1150 4941 1243 5008 qui
1276 4941 1343 4995 ad
1363 4938 1623 4995 Venerem
1650 4944 1980 5008 exstimulat,
2008 4941 2234 5012 Satyro-

695 5047 815 5085 rum
864 5030 1032 5097 cﬂigie
1080 5031 1218 5085 solet
1270 5030 1533 5085 exhiberi.
1602 5034 1777 5097 Atque
1831 5034 1944 5087 haec
1994 5030 2237 5102 symbola

695 5130 841 5185 sunt,
886 5120 1083 5187 quibus
1124 5127 1281 5176 terra:
1315 5121 1395 5175 vis
1426 5119 1587 5173 insita
1630 5119 1949 5174 declaratur.
1993 5139 2011 5170 ι
2050 5118 2240 5171 Hacte-

698 5230 797 5267 nus
824 5227 951 5281 ergo
979 5210 1329 5279 Porphyrius,
1360 5227 1482 5281 qua:
1513 5210 1647 5263 mihi
1684 5211 1895 5263 hrevius
1923 5211 2159 5279 quidem,
2186 5216 2240 5261 at

696 5305 1002 5362 necessario
1048 5312 1226 5356 tamen
1272 5301 1747 5359 commemoranda
1804 5302 1955 5366 duxi,
2003 5318 2068 5355 ne
2110 5301 2240 5370 quid

698 5394 955 5460 speciosae
984 5392 1429 5462 phiIOSOphorum
1472 5393 1698 5448 istorum
1736 5391 1995 5445 doctrina
2032 5407 2131 5445 nos
2163 5390 2241 5443 la-

701 5491 827 5535 teat.
851 5480 1120 5537 Habemus
1144 5482 1285 5534 enim
1317 5496 1463 5544 vero.
1498 5498 1562 5538 ex
1588 5483 1762 5537 nostri
1793 5481 1953 5550 hujus
1983 5481 2242 5549 interpre-

705 5572 775 5624 tis
821 5573 1197 5639 explicatione,
1263 5570 1640 5639 Proserpinam
1700 5573 1917 5641 quidem
1969 5570 2239 5625 fructuum

703 5676 890 5720 eorum
928 5663 1040 5715 vim
1080 5665 1314 5716 nativam
1350 5676 1495 5727 esse,
1532 5665 1624 5730 qui
1664 5663 1811 5732 iacto
1840 5665 2071 5722 semine,
2103 5661 2239 5717 Bac-

706 5754 866 5805 chum
895 5762 1068 5804 autem
1103 5762 1308 5815 eorum,
1352 5752 1443 5819 qui
1474 5767 1536 5804 ex
1576 5748 1771 5817 plantis
1796 5754 2081 5805 oriuntur:
2123 5765 2241 5805 ver-

2334 4576 2729 4647 συμϐαινούσας
2772 4575 3127 4645 παραγωγάς.
3172 4576 3282 4628 Καὶ
3321 4576 3374 4628 τί
3418 4576 3499 4629 δεῖ
3537 4577 3683 4631 κατά
3723 4576 3889 4649 μέρος

2332 4669 2556 4723 ἕκαστον
2592 4668 2932 4739 ἀπελέγχειν,
2964 4669 3284 4739 ἐπιδραμεῖν
3332 4667 3447 4723 δέον
3486 4667 3563 4732 ὡς
3620 4669 3687 4723 ἀν
3722 4669 3890 4738 μηδὲν

2334 4763 2476 4831 ἡμᾶς
2520 4760 2628 4813 τῶν
2667 4761 2989 4831 ἀπορρήτων
3033 4759 3292 4833 λανθάνῃ,
3335 4758 3430 4814 καὶ
3471 4761 3571 4829 τὴν
3611 4760 3721 4811 τῶν
3758 4759 3891 4829 ἑξῆς

2334 4848 2685 4919 ὲπιτεμέσθαι
2718 4849 3089 4917 φυσιολογίαν;
3129 4849 3196 4921 ἣν
3234 4850 3539 4903 suriest-rat
3566 4849 3597 4901 ὁ
3629 4847 3894 4919 δηλωθεὶς

2337 4939 2698 5011 συγγραφεὺς,
2740 4939 2887 4993 τόνδε
2929 4939 3157 5005 ἐπεξιὼν
3193 4941 3284 4993 τὸν
3334 4941 3569 5011 τρόπον’
3608 4958 3629 4990 ι
3679 4939 3789 5009 Τὴν
3837 4940 3893 4993 δὲ

2338 5032 2613 5102 ὑδροποιὸν
2672 5032 2799 5101 ὅλην
2866 5032 3090 5103 δύναμιν
3167 5032 3414 5085 Ὠκεανὸν
3460 5034 3773 5101 προσεῖπον,
3836 5033 3897 5085 τὸ

2340 5122 2603 5191 σύμϐολον
2634 5122 2797 5191 αὐτῆς
2827 5124 2995 5192 Τηθὺν
3021 5124 3402 5192 ὀνομάσαντες⁸
3444 5122 3543 5191 τῆς
3582 5121 3641 5175 δὲ
3668 5122 3835 5190 ὅλης,
3862 5126 3895 5189 ἡ

2344 5214 2436 5283 μὲν
2480 5216 2585 5266 τῶν
2630 5216 2866 5283 ποτίμων
2900 5218 3232 5288 πεποιημένη
3284 5214 3539 5284 Ἀχελῷος
3575 5204 3754 5277 αὐτοῖς
3785 5216 3888 5267 κέ-

2341 5306 2552 5374 κληται,
2587 5306 2619 5375 ἡ
2642 5302 2698 5358 δὲ
2722 5306 2828 5360 τῶν
2858 5308 3159 5361 θαλασσίων
3190 5307 3457 5359 Ποσειδῶν
3483 5306 3646 5362 πάλιν
3671 5306 3769 5375 ’ἐκ
3788 5305 3894 5371 Βα-

2340 5395 2677 5465 λασσοποιοῦ,
2725 5399 2857 5452 καθὸ
2922 5399 3234 5471 γεννητικὴ,
3294 5398 3653 5472 Ἀμφιτρίτης
3700 5396 3893 5466 Mc.

2342 5490 2452 5541 Καὶ
2482 5492 2539 5555 αι
2572 5489 2669 5559 μὲν
2696 5489 2802 5543 τῶν
2850 5490 3090 5561 γλυκέων
3134 5490 3337 5544 ὑδάτων
3377 5490 3598 5565 μερικαῖ
3639 5486 3898 5561 δυνάμεις

2342 5580 2583 5649 Νύμφαι,
2620 5584 2675 5633 αἱ
2721 5583 2776 5633 δὲ
2807 5583 2911 5634 τῶν
2952 5566 3250 5634 θαλασσίων
3287 5581 3544 5651 Νηρεῖδες
3578 5579 3894 5647 κέκληνται.

2343 5667 2448 5720 Τοῦ
2467 5668 2509 5720 δ’
2529 5667 2596 5723 αὖ
2622 5671 2901 5742 πυρὸςτὴν
2922 5660 3144 5739 δύναμιν
3164 5670 3544 5741 προσειπόντες
3569 5669 3894 5735 ’Πφιιιστονο

2352 5758 2751 5827 ἀνθρωποειδὲς
2815 5763 2910 5829 μὲν
2965 5761 3125 5814 αὐτοῦ
3178 5761 3237 5836 τὸ
3295 5759 3509 5828 ἄγαλμα
3562 5758 3896 5828 πεποιήκασι
