3936 6342
738 453 843 507 9.03

1390 446 1658 504 EUSEBH
1694 446 2166 506 CAESARIENSIS
2201 448 2348 503 OPP.
2396 450 2575 505 PARS
2611 451 2677 506 ll.
2713 485 2781 496 —
2817 452 3317 512 APOLOGETICA.
3664 434 3668 437 Ι
3839 458 3922 514 θοι

743 568 868 620 nius
899 571 953 619 et
979 562 1046 615 ah
1078 561 1226 616 omni
1257 561 1382 616 faece
1418 562 1744 633 purissimus
1778 561 1922 641 ignis
1955 560 2287 615 domicilium

2393 562 2495 630 γῆν
2525 563 2700 633 φωτὸς
2733 566 2823 618 τὸν
2856 566 3167 638 πορφυροῦν
3188 565 3390 638 χιτῶνα
3418 566 3723 638 ποιούμενοι
3754 568 3921 639 σύμϐο-

742 674 902 714 suum
930 657 1231 712 collocavit.
1254 653 1396 709 Nam-
1427 657 1517 725 qui
1547 671 1577 710 e
1610 656 1749 711 cmlo
1774 655 1985 710 delatus
2028 656 2083 709 in
2114 662 2291 710 terras

742 752 882 821 ignis
909 759 1009 811 est.
1033 749 1172 818 quod
1199 757 1417 819 propter
1442 748 1702 817 majorem
1728 748 2151 801 imbecillitatem
2175 762 2293 801 ma-

740 842 889 896 teria:
912 840 1069 910 quasi
1098 839 1436 893 ﬁrmamento
1465 823 1722 903 indigeat,
1746 838 2071 894 claudicanti
2096 838 2292 893 similis

738 932 1042 1002 ellingitur:
1093 945 1214 986 cum
1252 938 1430 985 autem
1481 930 1751 999 ejusmodi
1792 944 2008 1000 quoque
2052 930 2290 999 aliquam

736 1026 867 1081 solis
893 1039 1014 1079 esse
1047 1024 1157 1077 vim
1186 1032 1458 1092 putarent,
1497 1019 1802 1093 Apollinem
1827 1023 2005 1092 ipsum
2030 1022 2286 1076 nomina-

740 1125 891 1179 runt,
941 1130 971 1169 a
1012 1115 1240 1168 tremula
1285 1114 1560 1168 radiorum
1600 1112 1719 1184 ejus
1756 1112 2080 1179 vibratione,
2127 1127 2291 1182 quam

739 1208 935 1263 πάλσιν
971 1205 1140 1277 Οτκοξ
1179 1206 1387 1261 dicunt.
1419 1206 1497 1260 Ac
1523 1192 1716 1259 novein
1748 1204 1965 1275 quidem
1994 1203 2181 1267 Musae,
2214 1203 2291 1257 illi

738 1299 1066 1360 aceineutes,
1095 1296 1361 1365 sphaeram
1394 1295 1521 1349 luna
1552 1290 1886 1358 inferiorem,
1928 1309 2051 1347 cum
2086 1302 2288 1364 septem

736 1382 1349 1453 planetarumrorbibus,
1390 1395 1607 1450 unoque
1636 1390 1892 1450 praeterea
1923 1383 2105 1438 omnis
2134 1398 2289 1439 erro-

737 1474 813 1527 ris
845 1482 1061 1542 experte
1090 1478 1503 1540 repraesentant.
1536 1469 1782 1526 .Laurum
1810 1487 1940 1528 vero
1962 1473 2136 1528 eidem
2167 1488 2291 1529 con-

736 1573 1041 1628 secrarunt,
1091 1564 1287 1633 partim
1338 1565 1479 1633 quod
1515 1562 1636 1633 igne
1676 1563 1913 1621 abundet
1956 1566 2062 1622 hoc
2093 1567 2291 1637 planta:

735 1672 923 1727 genus,
958 1670 1133 1725 eoque
1157 1656 1493 1711 daemonibus
1520 1671 1746 1711 exosum
1782 1657 2149 1730 infestumque
2181 1660 2287 1725 sit;

731 1748 929 1817 partim
962 1746 1128 1817 quod,
1164 1747 1293 1801 dum
1324 1748 1522 1813 uritur,
1556 1748 1744 1803 vocale
1772 1749 1865 1817 sit,
1896 1765 2071 1821 eoque
2101 1750 2289 1807 futura

732 1840 1058 1911 prazdicendi
1098 1840 1204 1895 vim
1252 1840 1394 1896 huic'
1423 1839 1531 1896 deo
1561 1841 1739 1897 inesse
1782 1842 2071 1914 signiﬁcet.
2118 1842 2287 1897 Eum-

732 1935 877 1999 dem,
913 1944 1182 2003 quatenus
1214 1934 1284 1989 ab
1310 1934 1397 1998 iis,
1442 1935 1535 2005 qui
1568 1936 1622 1989 in
1652 1934 1813 1990 terris
1853 1944 2042 2007 agunt,
2079 1936 2289 1992 incom-

734 2026 896 2081 moda
945 2026 1387 2095 calamitatesque
1430 2026 1668 2096 depellit,
1704 2025 1861 2097 quasi
1896 2027 2027 2080 dum
2062 2026 2131 2080 ab
2164 2035 2290 2082 ortu

732 2118 789 2170 in
841 2131 1097 2171 occasum
1142 2116 1505 2185 progreditur,
1540 2116 1769 2171 κλᾶσθαι
1804 2117 1941 2188 πρὸς
1978 2117 2137 2187 ἀέρα,
2185 2118 2291 2174 hoc

730 2216 815 2262 cst
843 2207 909 2261 ad
945 2220 1124 2260 aerem
1162 2204 1339 2275 frangi
1386 2205 1657 2270 videatur,
1701 2205 1970 2278 Ἡρακλέα
2004 2205 2288 2263 Herculem

728 2296 1112 2366 appellarunt;
1159 2310 1322 2366 quem
1374 2297 1534 2350 etiam
1594 2297 1881 2352 duodecim
1927 2297 2289 2353 certaminum

731 2388 919 2442 labore
961 2384 1271 2441 defunctum
1307 2400 1429 2441 esse
1481 2385 1815 2454 fabulantur,
1866 2387 2104 2444 caelestis
2138 2388 2289 2443 orbis

731 2477 785 2529 in
820 2475 1100 2530 duodecim
1134 2475 1287 2546 signa
1329 2475 1651 2532 divisionem
1699 2468 1803 2532 hoc
1835 2476 2079 2547 symbolo
2109 2476 2290 2532 decla~

730 2581 853 2620 rare
898 2565 1195 2635 cupientes.
1234 2564 1455 2620 Flavam
1502 2566 1605 2634 ipsi
1652 2566 1933 2635 leonisque
1969 2566 2164 2635 pellem
2206 2575 2289 2621 at-

727 2657 997 2721 tribuunt,
1028 2663 1089 2708 ut
1113 2656 1281 2709 altera
1308 2663 1492 2709 motus
1520 2654 1962 2724 inaequalitatem,
1986 2657 2155 2712 altera
2178 2657 2285 2711 vim

727 2741 861 2795 solis
907 2741 963 2795 in
1004 2740 1178 2796 leonis
1223 2740 1381 2811 signo
1436 2743 1671 2798 maxime
1706 2743 2075 2806 dominantem
2127 2747 2291 2802 exbio

726 2831 911 2886 beant.
946 2828 1066 2885 Jam
1100 2831 1539 2889 virtutem'illius
1566 2833 1859 2889 salutarem
1892 2850 1988 2904 per
2033 2833 2289 2890 Escula-

726 2924 877 2992 pium
929 2937 1247 2992 expressam
1284 2923 1524 2990 voluere,
1572 2924 1734 2993 eique
1777 2924 2032 2979 baculum
2066 2925 2121 2980 in
2170 2926 2289 2982 ma-

728 3027 860 3066 num
886 3011 1171 3075 dederunt,
1206 3010 1413 3067 scilicet
1442 3025 1551 3079 quo
1582 3010 1893 3066 laborantes
1916 3011 2001 3066 sui
2028 3025 2153 3065 cum
2186 3026 2282 3066 su-

728 3100 1018 3164 stentaudi,
1041 3108 1154 3154 tum
1172 3100 1334 3155 etiam
1362 3100 1602 3171 erigendi
1630 3101 1802 3170 gratia
1828 3108 2130 3156 uterentur.
2157 3101 2285 3158 Ser-

2397 654 2506 719 λον,
2539 656 2601 708 τὸ
2626 656 2682 709 δὲ
2714 657 3228 729 ὴκρωτηριασμένον
3251 659 3533 730 σκῆπτρον
3553 659 3653 729 τῆς
3692 660 3827 712 κάτω
3850 661 3921 714 δν-

2394 747 2607 817 νάμεως
2629 748 2716 815 ,τό
2747 766 2806 801 τε
2838 749 3021 819 σχῆμα
3047 752 3143 821 τῆς
3178 749 3359 821 χειρὸς
3386 749 3480 803 τοῦ
3517 754 3833 822 μεταχωρεῖν
3863 754 3923 813 είς

2391 836 2453 889 τὸ
2479 838 2698 907 ἀφανές.
2735 840 2792 893 '0
2823 840 2880 891 δὲ
2907 841 3179 912 Κέρϐερος
3204 841 3527 914 τρικέφαλος
3554 841 3673 912 μὲν,
3705 842 3783 893 ὅτι
3806 845 3925 912 τρεῖς

2393 930 2447 982 αἱ
2476 930 2588 983 ἄνω
2611 930 2782 1001 χῶραι
2808 931 2983 1001 ἡλίου,
3009 932 3261 1005 ἀνατολὴ,
3292 926 3623 1002 μεσημϐρία,
3655 931 3814 994 δύσις.
3838 933 3925 1001 Τὴν

2393 1020 2452 1073 δὲ
2488 1020 2736 1091 σελήνην,
2785 1021 2934 1092 παρὰ
2966 1022 3025 1074 τὸ
3073 1022 3235 1085 σέϐας
3267 1022 3649 1084 ὑπολαϐόντες,
3698 1023 3927 1094 Ἄρτεμιν

2394 1110 2858 1181 προσηγόρευσαν,
2904 1106 3014 1163 οἷον
3048 1112 3353 1183 ἀερότομιν.
3390 1113 3556 1183 Λοχία
3586 1129 3649 1165 τε
3696 1115 3729 1183 ή
3761 1114 3927 1184 Ἀρτε-

2398 1218 2509 1271 μις,
2528 1202 2731 1272 καίπερ
2752 1198 2886 1255 οὖσα
2909 1202 3194 1273 παρθένος,
3216 1204 3296 1256 ὅτι
3321 1205 3355 1273 ἡ
3385 1204 3481 1274 τῆς
3504 1202 3790 1274 νουμηνίας
3802 1202 3931 1255 δύνα-

2395 1308 2486 1359 μις
2525 1291 2851 1373 προσθετικὴ
2871 1294 2950 1355 είς
2974 1292 3035 1345 τὸ
3062 1292 3283 1346 τίκτειν.
3317 1293 3490 1364 Ὅπερ
3512 1292 3567 1345 δὲ
3596 1292 3854 1345 Ἀπόλλων
3884 1293 3931 1342 ὲν

2391 1383 2547 1454 ἡλίῳ,
2571 1382 2727 1436 τοῦτο
2763 1383 2962 1455 Ἀθηνᾶ
2995 1385 3053 1437 ἐν
3095 1384 3306 1457 σελήνῃ⁶
3340 1378 3469 1437 ἐστι’
3492 1384 3603 1456 γὰρ
3629 1385 3730 1456 τῆς
3758 1386 3927 1455 φρονήο

2392 1492 2530 1537 σεως
2553 1472 2834 1545 σύμϐολον,
2875 1475 3073 1546 Ἀθηνᾶ
3096 1494 3181 1541 τις
3198 1474 3353 1531 οὖσα.
3388 1477 3588 1548 Ἑκάτη
3606 1476 3665 1530 δὲ
3697 1479 3732 1548 ἡ
3764 1477 3927 1547 σελήνη

2391 1566 2573 1630 πάλιν,
2605 1567 2704 1636 τῆς
2740 1568 2867 1638 περὶ
2896 1567 3063 1638 αὐτὴν
3107 1569 3644 1639 μετασχηματίσεως,
3688 1569 3781 1622 καὶ
3817 1569 3931 1621 κατά

2389 1657 2516 1721 τοὺς
2544 1658 2952 1728 σχηματισμοὺς
2976 1654 3276 1729 δυνάμεως.
3300 1658 3390 1711 Διὸ
3412 1659 3717 1731 τρίμορφος
3740 1661 3774 1729 η
3797 1658 3928 1711 δύνα-

2395 1765 2504 1818 μις,
2525 1749 2624 1819 τῆς
2652 1749 2749 1818 μὲν
2788 1749 3079 1821 νουμηνίας
3108 1750 3346 1820 φέρουσα
3371 1748 3469 1818 τὴν
3514 1749 3831 1818 λευχείμονα
3856 1748 3931 1801 καὶ

2389 1839 2835 1913 χρυσοσάνδαλον,
2864 1842 2958 1894 καὶ
2998 1839 3097 1903 τὰς
3130 1839 3417 1910 λαμπάδας
3438 1838 3708 1916 ἡμμένας·
3734 1840 3763 1892 ὸ
3781 1837 3833 1890 δὲ
3854 1838 3931 1891 κά-

2390 1934 2569 1999 λαθος,
2599 1932 2657 1985 δν
2686 1931 2779 1985 ἐπὶ
2805 1935 2916 1996 τοῖς
2949 1930 3241 2003 μετεώροις
3262 1930 3437 2002 φέρεις
3465 1930 3565 2000 τῆς
3582 1929 3696 1983 τῶν
3729 1928 3931 1999 καρπῶν

2390 2024 2775 2097 κατεργασίας,
2830 2023 2923 2087 οὓς
2968 2024 3257 2097 ἀνατρέφει
3314 2023 3455 2077 κατά
3508 2021 3608 2095 τὴν
3648 2020 3746 2076 τοῦ
3782 2020 3931 2091 φωτὸς

2391 2115 2730 2189 παραύξησιν
2748 2134 2761 2147 ·
2788 2116 2887 2187 τῆς
2910 2116 2953 2168 δ’
3000 2111 3066 2171 αὖ
3104 2116 3436 2187 πανσελήνου
3462 2117 3497 2186 ὴ
3526 2114 3928 2186 χαλκοσάνδαλος

2391 2208 2677 2280 σύμϐολον.
2706 2208 2781 2271 ΔἮ
2809 2208 2904 2261 καὶ
2940 2208 3005 2261 ὲκ
3031 2209 3128 2279 μὲν
3157 2206 3252 2261 τοῦ
3277 2206 3472 2262 κλάδου
3501 2207 3601 2277 τῆς
3624 2207 3827 2276 δάφνης
3852 2206 3931 2259 λά-

2390 2301 2472 2355 ϐοι
2500 2300 2564 2355 ἀν
2595 2318 2679 2364 τις
2709 2301 2890 2363 αὐτοῖς
2923 2312 2950 2341 ι
2988 2299 3052 2353 τὸ
3076 2299 3340 2371 ἔμπυρον,
3374 2300 3439 2352 ὲκ
3470 2298 3529 2351 δὲ
3564 2298 3665 2352 τοῦ
3711 2302 3931 2371 μήκωνος

2387 2394 2449 2448 τὸ
2498 2393 2740 2463 γόνιμον,
2799 2392 2891 2446 καὶ
2917 2391 2977 2446 τὸ
3006 2392 3209 2462 πλῆθος
3241 2392 3347 2445 τῶν
3389 2390 3829 2460 είσοικιζομένων
3870 2391 3931 2452 εἰς

2387 2485 2557 2557 αὐτὴν
2573 2474 2780 2555 ψυχῶν,
2817 2481 3003 2555 ὥσπερ
3023 2485 3104 2547 εἰς
3129 2481 3306 2546 πόλιν,
3333 2483 3418 2536 ὅτι
3472 2480 3686 2545 πόλεως
3717 2482 3747 2534 δ
3773 2483 3931 2551 μήκων

2389 2573 2675 2646 σύμϐολον.
2715 2573 2880 2639 Τόξον
2929 2573 2988 2626 δὲ
3019 2572 3175 2643 φέρει
3217 2571 3467 2642 καθάπερ
3500 2573 3535 2642 ἡ
3569 2572 3834 2641 ¹Ἄρτεμις
3862 2568 3931 2621 διὰ

2386 2664 2484 2737 τὴν
2502 2664 2609 2719 τῶν
2646 2664 2848 2719 ὠδίνων
2892 2663 3143 2734 ὀξύτητα.
3192 2661 3360 2715 Πάλιν
3386 2662 3429 2713 δ’
3463 2657 3529 2715 αὖ
3558 2663 3616 2715 αί
3642 2650 3835 2731 Μοῖραι
3858 2660 3931 2712 ἐπὶ

2386 2756 2486 2821 τάς
2514 2756 2769 2827 δυνάμεις
2798 2755 2969 2826 αὐτῆς
2996 2752 3357 2824 ἀναφέρονται
3378 2769 3391 2783 ο
3420 2754 3454 2822 ἡ
3483 2752 3582 2824 μὲν
3616 2753 3822 2808 Κλωθὼ
3860 2751 3931 2804 ἐπὶ

2386 2848 2485 2920 τὴν
2528 2847 2868 2920 γεννητικὴν,
2898 2846 3161 2917 ·Λάχεσις
3203 2845 3260 2898 δὲ
3304 2844 3445 2899 κατά
3485 2845 3585 2916 τὴν
3638 2846 3931 2917 θρεπτικὴν.

2389 2942 2658 3013 ’Δτροπος
2680 2941 2737 2995 δὲ
2760 2943 2793 3012 ή
2820 2938 2960 2994 κατά
2989 2940 3051 2993 τὺ
3072 2939 3443 3010 ἀπαραίτητον
3470 2936 3563 2991 τοῦ
3605 2937 3756 2992 Θεοῦ.
3785 2938 3931 2990 Συνω

2386 3030 2597 3096 κίζουσι
2618 3031 2677 3084 δὲ
2725 3030 2861 3101 αὐτῇ
2889 3029 2981 3083 καὶ
3018 3028 3116 3100 τὴν
3142 3028 3250 3082 τῶν
3274 3026 3501 3099 καρπῶν
3528 3029 3844 3098 γεννητικὴν
3862 3027 3931 3078 δύ-

2386 3138 2570 3192 ναμιν,
2615 3121 2763 3191 ἥπερ
2826 3119 2944 3172 ἐστὶ
2996 3120 3294 3190 Δημήτηρ,
3347 3117 3576 3189 δύναμιν
3627 3119 3931 3189 ἐμποιοῦσαν

726 3207 859 3260 pens
888 3184 1067 3245 autem
1097 3191 1270 3247 eidem
1312 3191 1737 3246 circumvolutus
1767 3192 2013 3262 corporis
2047 3193 2281 3249 salutem

2387 3184 2544 3284 αὐτῇ.
2616 3184 2745 3265 Καὶ·
2776 3210 2892 3265 ἔστι
2949 3184 3243 3279 συνεκτικῆ
3288 3208 3386 3279 τῆς
3409 3184 3623 3281 Ἲςόρης
3740 3212 3926 3280 σελήνη.

726 3283 992 3353 Signiﬁcat
1036 3283 1217 3353 (enim
1249 3296 1379 3337 vero
1401 3281 1614 3353 physici
1646 3281 1748 3347 illi,
1781 3282 1875 3352 qui
1910 3283 2069 3338 nobis
2094 3284 2283 3338 mundi

725 3377 889 3446 hujus
923 3375 1256 3431 molitionem
1294 3371 1654 3439 tradiderunt,
1701 3373 1848 3442 quod
1888 3372 2035 3428 circa
2082 3382 2283 3429 terram

724 3469 919 3536 aliqua:
951 3481 1072 3522 sese
1096 3464 1363 3520 volvendo
1391 3464 1611 3517 trahant
1658 3465 1985 3529 animantes,
2029 3464 2086 3519 in
2133 3480 2287 3520 cras-

726 3557 925 3610 siorem
980 3555 1196 3608 illarum
1244 3562 1667 3622 terrestremque
1722 3561 1974 3608 naturam
2028 3553 2148 3622 ejus
2206 3554 2286 3609 rei

724 3660 945 3700 causam
977 3643 1362 3713 contulerunt),
1395 3643 1539 3712 quod
1577 3643 1680 3701 hoc
1718 3640 2008 3699 animantis
2034 3658 2205 3714 genus
2230 3653 2285 3699 et

722 3736 913 3805 spiritu
926 3749 1036 3804 pra:
1049 3734 1255 3788 caeteris
1274 3733 1525 3799 abundet,
1544 3742 1597 3787 et
1607 3734 1848 3802 corporis
1867 3734 2285 3789 imbecillitatem

719 3836 901 3881 exuat.
933 3824 1073 3892 Quin
1106 3826 1269 3880 etiam
1295 3825 1564 3894 prmcipuo
1591 3825 1823 3893 quodam
1845 3835 1897 3881 et
1923 3825 2184 3896 singulari
2216 3825 2286 3880 ad

720 3918 1043 3972 medicinam
1095 3914 1355 3969 instinctu
1399 3913 1528 3968 ferri
1554 3914 1784 3979 videtur,
1819 3914 2017 3984 quippe
2046 3916 2140 3984 qui
2173 3929 2284 3968 non

721 4017 930 4064 tantum
950 4008 1193 4062 acuendo
1211 4008 1264 4063 vi
1294 4007 1379 4062 sui
1398 4005 1851 4060 medicamentum
1876 4006 2158 4074 repererit,
2188 4005 2284 4067 sed

719 4100 882 4152 etiam
902 4098 1121 4152 herbam
1146 4099 1405 4167 aliquam,
1419 4106 1479 4150 ut
1500 4096 1695 4151 fabulae
1707 4096 2010 4165 perhibent,
2027 4112 2287 4153 revocan-

720 4189 802 4243 da:
824 4189 942 4242 vitae
960 4191 1240 4258 perutilem
1266 4190 1496 4244 noverit.
1511 4189 1580 4242 At
1611 4204 1736 4242 vero
1757 4195 1977 4257 propter
1992 4189 2283 4260 motionem

718 4281 861 4335 illam
877 4280 1192 4335 circularem
1209 4295 1273 4333 ac
1285 4278 1557 4333 saltationi
1568 4270 2121 4349 persimilem,quavis
2132 4279 2283 4349 ignea

717 4365 981 4423 fructibus
992 4367 1351 4421 maturitatem
1364 4364 1535 4431 aﬂ'ert,
1545 4366 1588 4434 ι
1598 4364 1699 4435 13
1715 4365 1999 4438 Dionysius
2012 4368 2169 4437 longe
2180 4368 2297 4423 alia

718 4457 929 4511 ratione
943 4472 1103 4525 quam
1118 4456 1388 4510 fructuum
1404 4455 1767 4509 humidiorum
1794 4457 1896 4523 vis,
1918 4466 2283 4527 nuncupatur,

2385 3299 2797 3371 Προσοικίζουσι
2841 3298 2899 3351 δὲ
2945 3300 3042 3352 καὶ
3094 3299 3186 3352 τὸν
3216 3301 3467 3353 Διόνυσον
3506 3298 3598 3351 διά
3630 3317 3693 3353 τε
3721 3301 3813 3371 τὴν
3840 3299 3927 3350 τῶν

2387 3392 2631 3463 κεράτων
2681 3390 2907 3461 ἔκφυσιν
2952 3391 3048 3443 καὶ
3089 3390 3179 3444 διά
3207 3391 3298 3444 τὸν
3331 3390 3439 3445 τῶν
3459 3390 3639 3460 νεφῶν
3673 3393 3831 3444 τόπον
3855 3392 3927 3441 τὸν

2387 3482 2738 3553 ὕποκείμενον
2757 3483 2869 3544 τοῖς
2900 3480 3052 3535 κάτω
3106 3481 3316 3552 μέρεσι.
3377 3481 3487 3552 Τὴν
3506 3482 3562 3534 δὲ
3594 3481 3694 3536 τοῦ
3745 3482 3927 3553 Κρόνου

2362 3576 2613 3648 δύναμιν
2639 3558 2845 3645 νωχελῆ
2897 3573 2993 3626 καὶ
3023 3571 3276 3644 βραδεῖαν
3320 3573 3413 3625 καὶ⁵
3443 3572 3660 3642 ψυχρὰν
3691 3573 3926 3632 κατεῖδον.

2383 3666 2466 3721 διὸ
2514 3666 2613 3737 τὴν
2660 3664 2752 3719 τοῦ
2798 3664 2986 3735 χρόνου
3034 3663 3263 3733 δύναμιν
3315 3661 3465 3732 αὺτῷ
3513 3661 3925 3735 προσανέθεσανο

2385 3755 2723 3812 ἀπατυποῦσί
2772 3773 2826 3808 τε
2877 3754 3038 3808 αὐτὸν
3068 3754 3307 3816 ἑστῶτα,
3344 3752 3524 3805 πολιὸν
3552 3752 3694 3822 πρὸς
3722 3751 3926 3822 ἔμφασιν

2384 3846 2815 3918 τοῦκγηράσκειν
2858 3844 2948 3898 τὸν
2994 3844 3184 3917 χρόνον
3203 3861 3217 3873 ·
3250 3841 3359 3895 τῶν
3386 3842 3443 3895 δὲ
3474 3842 3687 3913 καιρῶν
3714 3839 3926 3911 σύμϐολα

2385 3939 2435 3990 oi
2479 3936 2775 4008 Κούρητες,
2806 3935 2899 3989 τὸν
2939 3935 3145 4005 Κρόνον
3167 3932 3561 4017 βουκολοῦντες,
3588 3933 3678 3986 ὅτι
3728 3931 3814 3985 διὰ
3840 3929 3925 3983 τῶν

2386 4026 2593 4099 καιρῶν
2641 4028 2670 4079 ὁ
2702 4025 2890 4096 χρόνος
2930 4022 3233 4095 παροδεύει.
3270 4022 3388 4099 Τῶν
3434 4021 3491 4075 δὲ
3536 4022 3734 4095 Ὡρῶν,
3762 4023 3817 4074 al
3847 4021 3925 4090 μὶν

2385 4109 2710 4188 δλυμπιάδες
2768 4115 2875 4167 εἰσὶ
2924 4113 3018 4167 τοῦ
3053 4112 3225 4183 ἡλίου,
3269 4114 3325 4166 αἳ
3387 4112 3482 4166 καὶ⁵
3524 4114 3803 4183 ἀνοίγουσι
3843 4109 3924 4172 τὰς

2382 4209 2525 4263 κατά
2551 4209 2643 4261 τὸν
2666 4207 2802 4277 ἀέρα
2829 4196 3023 4269 πύλας,
3040 4204 3097 4257 αἱ
3115 4204 3172 4257 δὲ
3196 4204 3597 4277 ἐπιχθόνιοιτῆς
3624 4208 3920 4276 Δήμητρος·

2384 4300 2477 4352 καὶ
2502 4297 2734 4353 κάλαθον
2767 4294 2995 4367 -ἔχουσι,
3040 4296 3277 4366 τὸνμὲν
3317 4295 3425 4349 τῶν
3464 4296 3643 4351 ἀνθῶν
3684 4295 3924 4367 σύμϐολον

2383 4392 2476 4445 τοῦ
2509 4390 2690 4462 ἔαρος,
2739 4388 2831 4441 τὸν
2873 4388 2929 4441 δὲ
2960 4387 3068 4441 τῶν
3109 4387 3354 4457 σταχύων
3391 4388 3486 4441 τοῦ
3516 4387 3729 4458 θέρους.
3760 4387 3856 4441 Τοῦ
3878 4386 3921 4437 δὲ

2387 4482 2581 4553 ’Δρεος
2610 4477 2953 4549 τὴνδύναμιν
2980 4477 3373 4541 καταλαϐόντες
3391 4478 3672 4549 διάπυρον,
3698 4479 3923 4549 πολέμων

717 4547 845 4618 quia
874 4547 957 4600 sol
984 4555 1078 4600 aut
1108 4542 1386 4614 περιδινεῖ,
1408 4545 1512 4600 hoc
1533 4554 1616 4601 est
1640 4546 1694 4598 in
1726 4544 1909 4601 orbem
1943 4547 2280 4617 circumagit,

2387 4542 2678 4644 accincta:th
2695 4569 2791 4624 καὶ
2818 4542 3045 4640 αίματου
3055 4572 3202 4641 ργὺν,
3230 4568 3482 4639 βλάπτειν
3512 4542 3571 4623 τέ
3602 4542 3700 4624 καὶ⁵
3721 4542 3922 4639 ὠφελεῖν

717 4647 815 4692 aut
867 4636 1142 4691 cmlestem
1183 4637 1588 4691 conversionem
1618 4635 2081 4700 ﬁtavuemonﬁcit.
2112 4635 2275 4705 Idem,

717 4740 983 4801 quatenus
1025 4744 1119 4799 per
1169 4728 1407 4802 singulas
1433 4726 1706 4781 inferioris
1738 4728 1925 4783 mundi
1969 4726 2139 4800 ὥρας,
2172 4730 2280 4786 hoc

2380 4662 2686 4733 δυναμένην
2738 4661 3019 4730 ἐποίησαν.
3051 4660 3153 4713 Τὸν
3172 4660 3229 4713 δὲ
3262 4658 3363 4729 τῆς
3408 4661 3727 4733 Ἀφροδίτης
3746 4662 3922 4731 ἀστέρα

2382 4755 2755 4826 θεωρήσαντες
2804 4752 3200 4821 γενεσιουργὸν,
3245 4752 3534 4823 ἐπιθυμίας
3562 4770 3625 4806 τε
3662 4756 3758 4808 καὶ
3785 4754 3923 4822 γονῆς

718 4830 822 4888 est,
853 4830 1202 4891 tempestates
1232 4833 1332 4873 suo
1360 4830 1505 4872 motu
1548 4816 1928 4873 circumfertur
1952 4859 1966 4882 ,
1996 4828 2277 4891 statasque

2387 4816 2573 4906 αἴτιον,
2630 4816 2861 4910 γυναῖκα
2910 4841 3005 4909 μὲν
3052 4816 3361 4895 ἀνέπλασαν
3401 4816 3490 4897 διά
3542 4842 3643 4897 τὼν
3692 4816 3917 4912 γένεσιν,

719 4906 846 4964 anni
879 4910 1303 4975 vicissitudines,
1342 4906 1520 4972 eliicit,
1550 4907 1726 4963 Herus
1768 4920 2052 4979 propterea
2092 4915 2272 4967 nomi-

2387 4935 2584 5007 ὡραίαν
2608 4906 2687 4995 δέ,
2718 4932 2800 4983 ὅτι
2829 4906 2923 4983 καί
2952 4930 3240 5007 Ἕσπεροᾶ

719 5035 899 5079 natur.
954 5023 1043 5079 Vis
1068 5033 1246 5077 autem
1280 5023 1420 5092 ejus,
1467 5037 1628 5090 quam
1666 5022 1719 5075 in
1766 5035 2017 5092 agrorum
2069 5025 2283 5081 cultura
2320 5028 2542 5098 promit,
2607 5038 2822 5093 quaque
2882 5021 3107 5077 πλοῦτον
3137 5007 3352 5079 divitias
3384 5039 3623 5095 opesque
3664 5027 3917 5084 conciliat.

718 5119 876 5172 Pluto
907 5116 1205 5187 symbolum
1250 5125 1351 5170 est.
1397 5114 1501 5167 Sed
1542 5115 1795 5181 quoniam
1850 5115 1967 5183 ipse
2018 5117 2128 5170 vim
2184 5119 2347 5173 etiam
2399 5114 2778 5185 corrumpendi
2828 5115 3009 5175 habet.
3057 5113 3274 5169 Plutoni
3321 5112 3632 5185 Serapidem
3682 5119 3918 5188 adjunc-

706 5220 883 5271 runt:
913 5222 976 5261 ac
1016 5206 1235 5260 luminis
1260 5207 1475 5274 quidem
1527 5206 1628 5259 sub
1685 5214 1885 5259 terram
1942 5208 2239 5263 subeuntes
2290 5219 2493 5265 vestem
2552 5220 2913 5279 purpuream;
2944 5204 3219 5261 inferioris
3241 5217 3420 5260 autem
3448 5206 3503 5260 in
3524 5204 3916 5285 Manesprinci-

718 5313 897 5371 patus,
964 5309 1235 5369 sceptrum
1269 5314 1481 5353 summa
1517 5308 1669 5368 parte
1726 5300 1974 5353 mutilum
2004 5319 2019 5367 ;
2075 5302 2195 5370 ejus
2258 5303 2487 5373 denique
2523 5303 2580 5356 in
2609 5301 2873 5355 occultam
2897 5302 3257 5369 latentemque
3320 5300 3529 5371 plagam
3561 5313 3806 5358 secessus
3833 5316 3915 5371 pe-

719 5395 976 5447 culiarem
1016 5406 1209 5445 manus
1270 5392 1709 5461 compositionem
1769 5390 2072 5457 symbolum
2110 5406 2229 5446 esse
2266 5394 2574 5448 voluerunt.
2607 5391 2675 5443 At
2711 5390 2947 5446 Cerbero
2996 5391 3101 5444 tria
3154 5390 3333 5459 capita
3366 5391 3699 5454 tribuuntur,
3738 5392 3914 5467 quibus

722 5496 827 5539 tres
887 5486 1017 5539 solis
1049 5486 1103 5538 in
1133 5482 1278 5538 cm‘lo'
1308 5484 1567 5551 regiones,
1633 5490 1807 5545 ortus,
1871 5482 2143 5545 meridies,
2182 5490 2235 5534 et
2274 5496 2499 5537 occasus
2568 5480 2910 5534 denotentur.
2956 5477 3077 5532 Jam
3118 5493 3245 5531 vero
3287 5478 3472 5533 lunam
3514 5481 3793 5551 Ἄρτεμιν,
3826 5479 3915 5533 hoc

720 5585 827 5629 est.
858 5575 1103 5640 Dianam,
1162 5573 1318 5643 quasi
1373 5572 1681 5641 ἀερότομιν,
1742 5586 1921 5625 aerem
1992 5581 2290 5637 secantem,
2326 5571 2689 5629 venerationis
2722 5571 2890 5640 gratia
2935 5577 3333 5637 nuncuparunt.
3368 5568 3446 5623 Ac
3489 5572 3663 5638 partui
3694 5570 3910 5640 quidem,

722 5670 933 5725 tametsi
996 5674 1168 5740 virgo,
1241 5670 1408 5723 Diana
1459 5675 1670 5734 praeest,
1714 5670 1860 5735 quod
1901 5667 2181 5723 novilunio
2229 5668 2311 5725 vis
2372 5666 2618 5738 quaedam
2672 5667 2825 5734 insit,
2880 5679 3001 5737 quae
3033 5666 3297 5735 pariendi
3348 5664 3657 5722 facultatem
3724 5665 3909 5722 atl‘erat.

792 5848 816 5875 ε
857 5835 921 5887 Ia
967 5835 1150 5904 αὐτῆς.
