4044 6334
135 517 250 575 205
1318 512 1640 570 ΡΒᾸΞΡΔΒ.
1680 510 1706 567 1

1806 509 1937 567 ιΝϐ.
1980 509 2109 567 LIB.
2150 508 2245 565 m.
3272 504 3378 564 206

137 629 301 697 Quod
328 640 512 689 autem
546 633 601 688 in
634 632 750 689 sole
779 632 993 703 Apollo,
1034 632 1141 689 hoc
1184 632 1367 703 ipsum
1392 632 1631 688 Minerva
1659 633 1715 686 in
1766 631 1896 686 luna
1957 639 2064 697 est,
2094 629 2241 700 quod
2282 628 2371 683 illa
2416 627 2715 698 prudentie
2741 628 3047 700 symbolum
3084 628 3256 684 instar
3286 643 3383 682 cu.

131 724 356 795 jusdam
386 725 638 780 Minervae
667 726 755 781 sit.
799 723 1057 779 Eamdem
1088 740 1309 781 rursum
1362 724 1598 780 Hecaten
1666 724 1970 787 nominant,
2037 722 2109 777 ob
2142 720 2354 785 forma,
2414 737 2576 792 quam
2612 721 2668 776 in
2719 736 2783 776 ea
2816 723 3117 789 Cernimus,
3154 722 3385 777 varieta-

138 825 275 881 tem,
299 817 388 871 cui
418 818 502 872 vis
524 818 686 872 etiam
716 816 932 871 diversa
959 816 1302 886 respondeat.
1325 816 1508 887 Itaque
1540 816 1618 870 sic
1640 830 1704 870 ea
1762 817 1845 870 vis
1896 814 2094 885 triplici
2156 812 2331 868 forma
2370 814 2648 885 liguraque
2671 814 3043 885 distinguitur,
3068 823 3131 870 ut
3177 814 3385 869 novilu—

136 904 295 960 nium
339 907 559 977 quidem
621 908 744 962 alba
805 915 974 973 veste,
1038 907 1219 962 aureis
1256 906 1539 970 sandaliis,
1604 904 1925 976 facibusque
1976 900 2261 962 succensis
2309 914 2691 975 repraesentet;
2756 906 3005 962 calathus
3062 908 3242 961 autem
3300 906 3383 971 is,

138 1010 306 1066 quem
336 1000 456 1068 ipsa
488 1007 681 1070 gestat,
715 998 807 1053 ubi
842 998 1093 1054 altiorem
1129 998 1187 1053 in
1230 998 1412 1054 locum
1447 999 1703 1053 subvecta
1749 997 1865 1067 jam
1920 1006 2023 1061 est,
2067 996 2286 1069 frugum
2332 997 2679 1059 maturitatis,
2742 1012 2909 1068 quam
2942 998 3010 1053 iis
3040 998 3185 1053 circa
3217 998 3384 1052 lumi-

139 1092 228 1145 nis
286 1088 677 1148 incrementum
735 1092 945 1148 alendis
998 1091 1193 1159 edicit;
1240 1105 1415 1146 aereus
1472 1091 1708 1160 denique
1774 1089 2143 1145 sandaliornm
2192 1088 2342 1145 color
2392 1088 2672 1159 plenilunii
2732 1090 3039 1162 symbolum
3096 1089 3381 1149 habeatur.

138 1184 277 1241 Nam
310 1188 452 1242 lauri
492 1188 709 1259 quidem
775 1204 1013 1256 ramum,
1065 1188 1313 1259 speciem
1373 1186 1493 1256 ejus
1536 1186 1772 1256 igneam,
1811 1200 2047 1257 papaver
2091 1193 2295 1248 autem,
2358 1200 2483 1240 cum
2529 1184 2775 1254 ejusdem
2818 1184 3227 1255 fecunditatem,
3268 1193 3385 1240 tum

136 1293 271 1334 vero
298 1282 629 1347 animorum,
663 1282 757 1353 qui
808 1298 930 1338 eam
982 1282 1130 1337 velut
1173 1282 1363 1338 urbem
1398 1282 1635 1352 aliquam
1670 1281 1939 1345 incolunt,
1986 1280 2386 1336 multitudinem
2437 1279 2786 1351 interpretari
2834 1281 3121 1337 commode
3166 1270 3385 1351 possis:

137 1374 294 1428 urbis
326 1375 473 1430 enim
518 1375 825 1445 symbolum
872 1389 1107 1445 papaver
1154 1383 1260 1430 est.
1296 1373 1498 1429 Eadem
1534 1388 1723 1429 arcum
1760 1380 1822 1426 ut
1847 1371 2016 1428 Diana
2066 1371 2209 1429 ferre
2253 1373 2411 1437 solet,
2447 1387 2558 1442 quo
2586 1373 2885 1430 acutissimi
2939 1382 3126 1444 partus
3167 1373 3387 1428 dolores

136 1468 555 1523 adumbrantur.
593 1469 900 1534 Quinetiam
944 1467 1129 1523 Parca:
1154 1469 1222 1523 ad
1261 1468 1372 1522 vim
1429 1467 1573 1523 illius
1632 1467 1987 1537 multiplicem
2037 1468 2366 1525 referuntur.
2398 1466 2534 1523 Nam
2590 1467 2785 1524 Clotho
2835 1468 2902 1523 ad
2937 1468 3249 1539 generandi,
3282 1466 3389 1523 La-

134 1562 319 1618 chesis
371 1561 437 1615 ad
480 1562 657 1616 alendi
710 1562 821 1615 vim
872 1561 1125 1631 pertinet,
1180 1559 1416 1631 Atropos
1466 1559 1701 1631 denique
1757 1559 2095 1615 inexorabile
2142 1559 2307 1630 hujus
2342 1559 2458 1615 deae
2508 1575 2712 1615 numen
2766 1560 3058 1631 signiﬁcat.
3117 1559 3386 1614 Praeterea

134 1648 357 1720 frugum
386 1651 785 1707 educendarum
826 1652 936 1706 vim
978 1652 1046 1706 ad
1092 1652 1277 1707 lunam
1325 1652 1647 1722 adjungunt,
1676 1666 1871 1721 nempe
1914 1652 2190 1717 Cererem,
2235 1667 2357 1722 qua:
2395 1652 2553 1708 novis
2592 1653 2765 1722 ipsam
2808 1652 3017 1708 viribus
3046 1660 3273 1723 augeat;
3308 1652 3387 1707 si-

134 1745 361 1814 mulque
415 1743 795 1816 Proserpinam
866 1761 899 1801 a
949 1747 1076 1801 luna
1152 1747 1419 1802 contineri
1476 1746 1687 1802 volunt.
1753 1744 1913 1830 114
1974 1744 2249 1802 Bacchum
2298 1748 2463 1803 etiam
2527 1764 2652 1804 cum
2705 1764 2768 1804 ea
2822 1748 2949 1804 sede
3001 1749 3387 1819 domicilioque

133 1836 495 1906 conjungunt,
552 1837 749 1907 partim
799 1836 871 1891 ob
907 1852 1174 1892 cornuum
1214 1836 1575 1907 eruptionem,
1622 1837 1819 1906 partim
1847 1836 1918 1891 ob
1964 1836 2192 1892 nubium
2254 1838 2532 1909 regionem
2566 1838 2919 1894 inferioribus
2977 1840 3224 1909 partibus
3265 1840 3385 1894 sub-

133 1921 433 1990 iacentem,
468 1922 537 1979 ad
584 1924 639 1980 id
687 1923 994 1979 faciendum
1058 1925 1297 1981 adducti.
1356 1926 1427 1980 At
1451 1940 1577 1980 vero
1622 1923 1920 1981 Saturnum
1987 1926 2219 1983 lentiore
2262 1943 2327 1984 ac
2369 1929 2619 2000 segniore
2658 1929 2712 1983 vi
2756 1931 3056 2000 eademque
3102 1929 3387 2001 frigidiore

134 2017 430 2086 praeditum
500 2029 625 2071 esse
687 2031 815 2072 cum
857 2016 1123 2083 viderent,
1187 2017 1449 2086 temporis
1513 2016 1624 2070 vim
1692 2017 2079 2086 assignandam
2129 2018 2235 2089 ipsi
2283 2029 2338 2076 et
2388 2023 2811 2079 consecrandam
2876 2031 3158 2093 putarunt,
3208 2037 3384 2093 eoque

133 2108 434 2180 imaginem
478 2107 625 2165 illius
671 2117 907 2164 stantem
956 2123 1260 2180 canamque
1305 2107 1601 2177 tinxerunt,
1647 2119 1708 2166 ut
1753 2113 2037 2182 proprium
2105 2112 2366 2183 temporis
2410 2114 2622 2169 senium
2670 2114 2993 2170 indicarent.
3058 2112 3126 2168 Et
3172 2112 3384 2184 καιρῶν

133 2202 380 2271 quidem,
429 2200 537 2258 hoc
575 2209 659 2257 est
706 2200 1059 2256 occasionum
1105 2199 1422 2256 varietatem
1470 2199 1697 2257 Curetes
1759 2200 1981 2256 Saturni
2036 2202 2249 2257 nutritii
2281 2212 2687 2274 repraesentant,
2738 2205 2884 2274 quod
2914 2220 3010 2274 per
3048 2204 3199 2259 illam
3224 2208 3387 2275 quasi

133 2290 492 2348 occasionum
559 2287 997 2346 vicissitudinem
1061 2294 1277 2358 tempus
1336 2289 1588 2345 incedere
1634 2290 1997 2360 progredique
2064 2290 2335 2347 videatur.
2394 2293 2663 2348 Horarum
2727 2304 2906 2349 autem
2948 2295 3067 2350 alize
3106 2295 3384 2352 caelestes.

132 2390 191 2438 et
246 2382 503 2454 quaedam
552 2382 687 2438 solis
736 2379 1072 2438 administrat
1122 2391 1275 2447 sunt,
1327 2383 1528 2459 quippe
1580 2398 1702 2454 quae
1732 2383 1857 2439 coeli
1893 2392 2083 2456 portas
2147 2394 2430 2453 reserent;
2474 2395 2761 2444 terrestres
2834 2389 2973 2455 alia,
3015 2386 3161 2460 quae"
3197 2389 3383 2449 Cereri

131 2480 471 2545 tribuuntur,
522 2478 863 2549 duplicisque
911 2478 1125 2548 generis
1179 2476 1424 2534 calathos
1478 2476 1685 2546 ferunt,
1742 2479 1911 2535 alium
1962 2479 2194 2537 ﬂoribus
2251 2482 2494 2551 plenum,
2524 2481 2619 2552 qui
2656 2481 2820 2548 veris,
2857 2483 3024 2539 alium
3060 2484 3251 2554 spicis,
3279 2487 3374 2556 qui

131 2572 340 2627 astatis
386 2571 695 2651 symbolum
737 2570 826 2625 sit.
877 2568 1034 2636 Quod
1084 2583 1217 2624 vero
1265 2567 1449 2625 Martis
1491 2570 1707 2642 igneam
1736 2586 1860 2628 esse
1882 2572 1991 2627 vim
2024 2572 2407 2645 intelligerent,
2436 2574 2681 2629 eamdem
2727 2574 2830 2645 ipsi
2885 2575 3223 2632 concitandis
3272 2576 3387 2631 bel-

132 2663 201 2719 lis
230 2669 289 2719 et
324 2663 507 2717 cruori
552 2661 876 2717 eil‘undendo
927 2675 1180 2731 praeses.
1232 2657 1515 2732 adeoque,
1559 2661 1858 2731 plurimum
1926 2664 2013 2718 vel
2070 2664 2382 2720 detrimenti
2435 2664 2520 2719 vel
2557 2664 2805 2721 utilitatis
2853 2665 3067 2731 aﬂ'erre,
3099 2666 3376 2722 dixerunt.

134 2751 361 2809 Stellam
401 2762 581 2808 autem
615 2750 842 2807 Veneris
872 2767 995 2807 cum
1026 2749 1331 2806 eﬁicienda‘.
1364 2752 1700 2820 generationi
1733 2760 1937 2822 aptam,
1978 2761 2035 2809 et
2083 2752 2397 2822 cupiditatis
2429 2753 2760 2825 seminisriue
2819 2770 3040 2811 causam
3084 2770 3207 2812 esse
3259 2761 3381 2816 ani-

134 2844 556 2908 madverterent.
582 2858 704 2899 eam
746 2842 991 2897 mulieris
1039 2840 1259 2913 quidem
1321 2840 1504 2911 specie
1568 2843 1935 2913 generationis
1992 2844 2359 2915 exprimenda
2402 2844 2577 2916 gratia
2608 2845 2833 2910 ﬁnxere,
2880 2844 3057 2901 forma
3090 2862 3221 2903 vero
3249 2865 3379 2921 per.

133 2936 390 3008 eleganti,
415 2934 563 3007 quod
591 2935 779 2990 eadem
809 2926 1014 3003 Vesper
1038 2948 1256 3004 quoque
1287 2927 1381 2999 sit,
3241 2930 3244 2933 ’

140 3054 245 3119 ὀς
267 3051 595 3116 κάλλιστος
617 3049 687 3103 ἐν
704 3046 937 3117 οὐρανῷ
956 3033 1189 3101 ἵσταται
1210 3045 1427 3114 ἀστήρ.

1995 3039 2103 3111 Qui
2137 3054 2245 3100 stat
2278 3046 2335 3103 in
2375 3044 2595 3099 ctltm'o
2620 3046 3006 3115 pulcherrimas
3037 3024 3161 3108 urbe
3193 3065 3219 3109 .’

132 3166 241 3222 Καὶ
289 3164 512 3235 Ἔρωτα
568 3162 667 3233 μὲν
709 3159 1058 3231 παρέστησαν
1110 3156 1200 3211 διὰ
1235 3156 1335 3229 τὴν
1365 3156 1660 3226 ἐπιθυμίαν
1681 3168 1701 3187 ⁶

135 3256 357 3310 σκέπειν
383 3254 439 3307 δὲ
471 3253 709 3324 μαστοὺς
763 3252 859 3305 καὶ
884 3250 945 3305 τὺ
971 3250 1185 3321 μόριον,
1230 3248 1315 3302 ὅτι
1353 3247 1517 3319 γονῆς
1559 3244 1707 3300 αἰτία

135 3350 226 3402 καὶ
286 3345 598 3418 ἑκθρέψεως
634 3347 668 3416 ὴ
715 3343 962 3416 δύναμις.
1000 3343 1120 3396 Ἔτι
1174 3342 1233 3395 δὲ
1273 3340 1384 3396 ἀπὸ
1412 3339 1702 3411 θαλάττης,

136 3439 398 3509 στοιχείου
444 3435 665 3508 διύγρου
690 3436 785 3489 καὶ
808 3433 1036 3507 θερμοῦ,
1053 3434 1148 3488 καὶ
1166 3432 1339 3487 πολλὰ
1366 3432 1704 3502 κινουμένου,

136 3532 225 3585 καὶ
255 3529 346 3583 διὰ
386 3528 485 3599 τὴν
537 3527 855 3597 συγκίνησιν
878 3522 1203 3595 ἀφριῶντός,
1232 3524 1296 3577 τὸ
1335 3524 1705 3595 σπερματικὸν

135 3621 509 3692 αἰνιττόμενοι.
534 3616 641 3671 Τοῦ
667 3618 725 3671 δὲ
754 3616 935 3685 λόγου,
956 3613 1053 3677 τοῦ
1086 3615 1304 3669 πάντων
1327 3614 1611 3684 ποιηταοῦ
1642 3632 1705 3667 τε

66 3724 69 3725 ⁷
138 3715 231 3767 καὶ
259 3707 678 3785 ἑρμηνευτικοῢ,
711 3710 740 3761 6
782 3707 990 3779 Ἑρμῆς
1039 3707 1465 3777 παραστατικός.
1543 3706 1603 3760 Ὀ
1646 3707 1704 3761 δὲ

136 3801 483 3873 ἐντεταμένος
515 3798 727 3871 Ἐρμῆς
766 3797 914 3869 δηλοῖ
952 3795 1049 3868 τὴν
1071 3796 1313 3849 εὐτονίαν
1332 3814 1347 3827 ·
1384 3796 1620 3850 δείκνυσι
1646 3796 1705 3849 δὲ

137 3893 228 3944 καὶ
247 3891 341 3944 τδν
372 3889 739 3960 σπερματικὸν
761 3887 915 3956 λόγον
937 3885 1031 3939 τὸν
1061 3884 1317 3957 διήκοντα
1346 3885 1434 3943 διὰ
1466 3886 1700 3941 πάντων.

138 3982 335 4034 Λοιπὸν
389 3979 448 4033 δὲ
501 3978 753 4042 σύνθετος
799 3976 1027 4046 λόγος,ό
1058 3976 1155 4045 μὲν
1200 3977 1259 4029 ὲν
1291 3976 1427 4047 ἡλίῳ
1466 3974 1699 4047 Ἑρμῆς·

150 4071 350 4143 Ἑκάτη
377 4070 434 4124 δὲ
459 4071 490 4122 6
516 4072 577 4123 ὲν
606 4070 803 4141 σελήνῃ
826 4085 841 4099 ⁸
887 4066 1165 4139 Ἐρμόπαν
1186 4066 1249 4119 δὲ
1274 4068 1303 4118 6
1322 4068 1380 4120 ὲν
1401 4065 1481 4137 τῷ
1508 4066 1669 4119 παντί
1685 4083 1698 4095 ·

141 4166 279 4219 κατὰ
336 4163 553 4218 πάνοων
611 4161 707 4233 {dp
757 4162 787 4213 6
836 4156 1208 4230 σπερματικὸς
1261 4158 1357 4210 καὶ
1401 4158 1701 4227 ποιητικός.

142 4255 399 4318 Σύνθετος
427 4253 487 4307 δὲ
530 4253 626 4325 κα),
652 4246 765 4305 οἷον
796 4250 1070 4322 μιξέλλην,
1104 4248 1200 4302 καὶ
1230 4248 1361 4319 παρ’
1388 4249 1703 4317 Αἰγυπτίοις

142 4344 170 4395 6
202 4332 603 4416 Ἐρμάνουθιςξ
643 4340 888 4413 Ἐπειδὴι
917 4353 944 4381 ι
971 4341 1063 4394 καὶ
1094 4339 1191 4410 τῆς
1214 4337 1424 4410 ἐρώσης
1448 4333 1517 4411 ἦν
1547 4339 1706 4394 δυνά-

606 4399 862 4504 ταύτηςύ
891 4434 1071 4504 Ἔρως
1101 4399 1580 4501 ὁπαοαστατιίιός.
1612 4433 1704 4485 Διὸ
1734 4399 1778 4453 Β

140 4531 264 4592 ταῖς
281 4530 383 4600 μὲν
409 4528 500 4583 τοῦ
541 4528 743 4601 Ἑρμοῦ
783 4530 813 4581 6
859 4529 1058 4599 Ἔρως,
1084 4528 1273 4597 νήπιος
1300 4526 1357 4579 δὲ
1376 4524 1466 4578 διὰ
1492 4525 1590 4587 τὰς
1616 4527 1701 4577 al-

145 4622 375 4689 φνιδίους
404 4621 530 4693 περὶ
560 4620 659 4683 τὰς
711 4618 1006 4691 ἐπιθυμίας
1040 4617 1347 4689 ἐμπτώσεις
1377 4616 1563 4670 αὐτοῦ.
1593 4616 1701 4669 Τοῦ

144 4711 194 4765 δὲ
248 4710 451 4774 παντὸς
508 4709 597 4762 τὸν
623 4710 778 4764 Πᾶνα
828 4709 1093 4781 σύμϐολον
1132 4709 1311 4763 ἔθεντο
1332 4725 1344 4738 ’
1379 4707 1450 4760 τὰ
1483 4708 1580 4777 μὲν
1610 4707 1702 4777 κέέ

150 4821 271 4874 ματα
295 4802 478 4865 δόντες
517 4800 758 4871 σύμϐολα
800 4801 954 4871 ἡλίου
1003 4801 1099 4855 καὶ
1128 4800 1377 4870 σελήνης,
1407 4798 1505 4867 τὴν
1531 4797 1588 4849 δὲ
1618 4813 1705 4849 νε-

146 4892 289 4965 ϐρίδα
313 4891 426 4946 τῶν
472 4889 590 4944 κατ’
630 4890 855 4960 οὐρανὸν
900 4890 1165 4961 ἀστέρων,
1195 4889 1229 4960 ἢ
1261 4890 1358 4961 τῆς
1380 4886 1472 4941 τοῦ
1503 4884 1703 4949 παντὸς

149 4983 432 5047 ποικιλίας.
470 5001 491 5035 ι
513 4982 626 5037 Καὶ
653 4979 724 5035 τὰ
747 4980 844 5051 μὲν
884 4978 1173 5046 Ἐλληνιιὰ
1196 4979 1439 5033 τοιαῦτα.

1805 3155 1947 3214 Huic
1970 3158 2229 3215 Amorem
2272 3166 2497 3228 propter
2518 3158 2871 3228 cupiditatem
2908 3162 3227 3233 adjunxere.
3268 3166 3375 3225 Ea-

1807 3248 1935 3303 dem
2000 3250 2168 3305 ubera
2218 3256 2511 3319 partesque
2556 3250 2976 3308 verecundiores
3022 3257 3175 3327 tegit,
3229 3276 3373 3330 quo-

1806 3339 1954 3395 niam
1983 3340 2054 3396 iis
2088 3339 2393 3412 presertim
2420 3339 2549 3396 fons
2595 3341 2821 3397 seminis
2860 3357 2927 3398 ac
2971 3347 3244 3405 nutriendi
3287 3354 3371 3409 vis

1807 3440 1862 3487 et
1900 3430 2135 3488 facultas
2172 3432 2505 3514 continetur.
2557 3429 2693 3486 Eam
2736 3432 2972 3504 denique
3011 3450 3043 3491 e
3084 3441 3223 3495 mari
3273 3458 3374 3499 ex-

1808 3524 2017 3581 stitisse
2065 3530 2312 3591 narrant,
2366 3524 2514 3595 quod
2556 3517 2876 3593 hujusmodi
2925 3527 3256 3589 elementum
3305 3552 3373 3593 ex

1808 3615 2037 3670 humido
2114 3617 2403 3686 calidoque
2476 3624 2836 3685 temperatum
2895 3630 3157 3689 perpetuo
3222 3636 3374 3684 motu

1806 3706 2063 3776 agitetur,
2097 3722 2273 3779 eoque
2319 3724 2569 3778 spumam
2604 3722 2811 3782 egerat,
2845 3729 2953 3784 qua
2982 3717 3094 3773 vim
3134 3722 3375 3777 semina-

1805 3796 1911 3852 lem
1956 3796 2337 3854 adumbratam
2391 3815 2513 3856 esse
2576 3803 2888 3859 voluerunt.
2941 3806 3014 3863 At
3072 3808 3374 3868 Mercurius

1805 3889 2109 3943 cntionem
2144 3890 2391 3957 exhibet,
2425 3907 2549 3961 qua
2581 3893 2716 3948 nihil
2744 3911 2854 3950 non
2883 3895 3066 3963 edicit,
3098 3900 3237 3955 nihil
3262 3918 3374 3959 non

1806 3977 2046 4033 illustrat
2080 3976 2423 4046 explicando.
2460 3981 2636 4050 Atque
2662 3981 2710 4035 is
2738 3991 2921 4039 erecto
2952 3984 3171 4055 quidem
3204 3997 3259 4045 et
3296 3990 3374 4047 in-

1806 4076 1955 4124 tento
1985 4069 2232 4139 corporis
2261 4078 2406 4125 statu
2453 4085 2577 4125 cum
2615 4072 2727 4127 vim
2770 4074 3033 4132 orationis
3069 4082 3372 4137 contentio-

1806 4174 2039 4230 nemque
2098 4169 2473 4230 representat,
2534 4171 2675 4237 tum,
2701 4165 2833 4220 'vero
2866 4166 3185 4224 seminalem
3227 4187 3370 4242 quo-

1805 4267 1913 4322 que
1941 4252 2208 4307 rationem
2251 4253 2490 4309 ostendit
2530 4264 2728 4311 cuncta
2770 4268 3156 4327 permeautem.
3192 4261 3371 4327 Cate-

1806 4359 1930 4399 rum
1982 4344 2129 4415 quod
2171 4358 2236 4399 ea
2282 4346 2405 4401 sive
2447 4348 2626 4404 oratio
2665 4349 2780 4405 sive
2822 4350 2966 4407 ratio
3008 4354 3369 4423 compesitum

1808 4432 2067 4502 quiddam
2098 4433 2189 4501 sit,
2235 4448 2399 4506 quam
2433 4436 2487 4489 in
2534 4436 2652 4493 sole
2685 4438 2978 4504 collocant,
3016 4438 3376 4509 Mercurium,

1808 4537 1975 4592 quam
2024 4522 2080 4577 in
2132 4523 2283 4590 luna,
2338 4523 2598 4594 Hecaten,
2651 4542 2816 4597 quam
2866 4528 2921 4581 in
2970 4528 3092 4599 ipso
3134 4530 3370 4602 denique

1809 4614 2066 4668 universo
2110 4612 2419 4684 Hermopan
2471 4618 2854 4683 nominarunt;
2904 4619 3048 4687 quod
3094 4621 3370 4677 seminalis

1808 4704 1900 4759 illa
1923 4704 2276 4774 eﬂ‘ectrixque
2300 4707 2442 4760 ratio
2471 4706 2725 4761 universa
2755 4709 3032 4776 pervadat.
3058 4708 3366 4775 Quinetiam

1810 4809 1877 4849 ex
1910 4793 2116 4863 duplici
2146 4808 2279 4847 voce
2306 4794 2640 4862 compositus
2668 4803 2770 4860 est,
2806 4805 2861 4851 et
2890 4795 3053 4851 Graio
3084 4799 3245 4853 veluti
3275 4818 3367 4871 ge-

1810 4899 1939 4939 nere
1969 4884 2193 4950 mixtus,
2244 4884 2291 4938 is
2318 4898 2483 4953 quem
2525 4882 2895 4940 Hermanubin
2921 4882 3163 4957 Algyptii'
3184 4891 3367 4955 nomi-

1805 4983 1957 5030 nant.
2002 4972 2070 5028 Et
2110 4974 2370 5043 quoniam
2404 4975 2941 5029 orationi-amatoria
2986 4979 3071 5032 vis
3118 4981 3364 5049 quaedam

150 5078 298 5146 inest,
343 5080 395 5135 ei
437 5073 885 5150 representandze
931 5074 1252 5144 Cupidinem
1300 5073 1683 5129 adhibuerunt.
1722 5066 1912 5139 Itaque
1953 5068 2206 5123 Mercurii
2262 5069 2481 5140 quidem
2529 5070 2672 5124 illius
2723 5070 2931 5139 Cupido
2987 5082 3087 5134 est.
3114 5052 3369 5147 idemque

152 5171 318 5238 pusio,
353 5179 575 5241 propter
604 5169 916 5240 repentinos
954 5166 1077 5221 illos
1129 5166 1385 5237 impetus.
1433 5166 1527 5234 qui
1557 5164 1737 5221 varias
1776 5166 1832 5219 in
1885 5164 2207 5233 cupiditates
2256 5164 2585 5235 pracipitem
2632 5168 2761 5218 eum’
2802 5166 3037 5235 rapiunt.
3074 5168 3143 5223 At
3188 5183 3367 5227 extre-

152 5276 285 5315 mum
365 5261 533 5316 totius
604 5259 909 5328 symbolum
976 5256 1215 5311 universi
1260 5256 1420 5327 115
1476 5253 1626 5309 Pana
1674 5264 1933 5319 statuere,
1986 5254 2075 5309 cui
2141 5258 2403 5311 attributa
2450 5270 2657 5309 cornua
2708 5255 2879 5311 solem
2923 5267 3085 5328 atque
3154 5259 3362 5325 lunam,

159 5354 362 5411 hinnuli
410 5369 541 5410 vero
578 5354 738 5424 pellis
782 5362 879 5410 aut
941 5350 1244 5407 caelestium
1292 5352 1553 5413 siderum,
1599 5358 1717 5404 aut.
1756 5349 2125 5407 universitatis
2172 5350 2335 5421 hujus
2402 5348 2714 5403 varietatem
2788 5359 3189 5421 reprasentent.
3232 5371 3252 5403 ι
3288 5353 3366 5408 Ac

153 5444 210 5499 de
231 5446 541 5502 Grecarum
563 5442 865 5499 fabularum
889 5442 1250 5512 explicatione
1273 5443 1533 5496 hactenus
1559 5437 1915 5511 Porphyrius.

196 5540 284 5621 ’Τὰ
316 5538 379 5591 δὲ
426 5537 533 5590 τῶν
570 5536 878 5605 Αἰγυπτίων
909 5537 1069 5591 πάλιν
1103 5533 1326 5588 τοιαῦτά
1353 5549 1517 5605 φησιν
1560 5532 1701 5601 ἔχειν

154 5630 403 5702 σύμϐολα.
436 5629 539 5681 Τὸν
574 5626 994 5700 δημιουργὸν,ὃν
1017 5628 1174 5696 Κνὴφ
1206 5626 1313 5698 (οι)
1348 5629 1395 5678 oi
1416 5623 1699 5693 Αἰγύπτιοι

216 5779 239 5809 ι
275 5768 369 5821 ισ.
398 5765 521 5819 ἐπεὶ
546 5763 625 5821 δέ.

1879 5534 1997 5589 Jam
2046 5550 2175 5588 vero
2217 5532 2585 5603 Egyptiorum
2635 5531 2958 5599 theologiam
3012 5535 3363 5600 sequentibus

1808 5627 1950 5681 notis
1996 5626 2371 5681 adumbratam
2415 5639 2536 5680 esse
2592 5626 2772 5679 tradit.
2826 5623 3157 5678 Eilectricem
3213 5626 3359 5683 illam

215 5882 325 5947 (Μ)
368 5876 717 5967 ζτῄφῖβοη
986 5888 1277 5967 _ut,ut.est
1335 5878 1771 5967 apudgli’ierium.
1816 5884 2004 5939 Amnis
2055 5880 2294 5954 Hebraea
2325 5895 2429 5937 vox
2460 5889 2579 5967 πμ),
2614 5881 2666 5936 id
2731 5888 2811 5932 est
2840 5876 2962 5941 ala;
3010 5894 3122 5947 qua
3164 5886 3357 5949 praet-

156 5965 304 6021 puum
330 5967 365 6006 a
394 5949 695 6023 Porphyno
722 5948 959 6007 numinis
986 5950 1147 6020 hujus
1174 5951 1385 6021 insigne
1415 5948 1651 6022 ponitur.
