3936 6342
714 446 823 514 201

1365 449 1629 505 EUSEBII
1665 447 2135 504 CAESARIENSIS
2170 446 2317 501 OPP.
2358 445 2541 499 PARS
2579 446 2635 499 II.
2680 475 2748 486 —
2787 443 3278 500 APOLOGE'I‘ICA.

3817 442 3909 499 208

714 573 997 634 rationem,
1029 583 1148 637 quae
1179 570 1246 622 ab
1284 571 1414 638 ip'sis
1468 569 1650 638 Cneph
1685 568 1939 638 appellari
1980 566 2134 645 solet,
2168 566 2262 617 hu-

2368 562 2880 636 προσαγορεύουσιν,
2937 563 3321 634 ἀνθρωποειδῆ,
3365 564 3463 634 τὴν
3512 564 3568 616 δὲ
3614 564 3804 635 χροιὰν
3856 570 3909 620 ἐκ

716 672 876 714 mana
924 660 1102 729 specie
1152 664 1510 729 conligurant,
1550 660 1729 713 colore
1764 658 2034 721 emruleo,
2088 670 2260 723 eoque

715 752 1034 821 nigricante,
1063 751 1335 821 cingulum
1368 766 1431 805 ac
1464 760 1731 819 sceptrum
1766 764 1928 803 manu
1965 756 2255 802 tenentem.

719 841 854 896 Huic
897 843 952 895 in
1002 843 1177 911 capite
1218 842 1397 909 regius
1444 856 1511 895 ex
1559 855 1733 909 penna
1780 840 2102 909 galericulus
2148 844 2258 905 est',

722 934 864 1003 quod
899 930 1166 1001 ejusmodi
1193 930 1334 983 ratio
1358 929 1541 983 abdita
1570 929 1681 983 fere
1711 930 2049 997 obscuraque
2074 929 2259 994 lateat,

718 1037 1040 1091 summoque
1095 1020 1323 1075 inveniri
1367 1020 1554 1074 labore
1597 1019 1685 1072 vix
1729 1021 1920 1088 possit,
1965 1020 2262 1089 eademque

718 1116 843 1169 vita:
873 1114 995 1168 fons
1022 1128 1084 1166 ac
1114 1113 1295 1181 regina
1321 1126 1445 1166 cum
1475 1112 1565 1178 sit,
1600 1121 1713 1166 tum
1756 1127 1884 1166 vero
1928 1112 2258 1182 intelligente

720 1207 951 1277 quodam
982 1221 1045 1260 ac
1085 1204 1316 1275 spiritali
1355 1211 1509 1257 motu
1552 1205 1779 1269 cieatur,
1823 1219 1985 1274 quem
2028 1204 2263 1257 maxime

719 1311 895 1365 penna
927 1295 1015 1349 illa
1040 1295 1094 1349 in
1130 1294 1305 1361 capite
1340 1293 1445 1348 sita
1473 1291 1692 1349 referat.
1729 1293 1883 1349 IIunc
1915 1308 2076 1363 porro
2102 1294 2259 1347 deum

714 1402 781 1440 ex
822 1369 913 1439 ore
963 1400 1123 1439 ovum
1163 1384 1415 1439 effudisse
1460 1394 1703 1450 narrant,
1753 1400 1817 1439 ex
1873 1399 2045 1453 eoque
2086 1394 2262 1439 satum

717 1478 883 1531 alium
931 1490 1051 1530 esse
1096 1475 1286 1539 Deum,
1318 1475 1411 1543 qui
1460 1475 1529 1528 ab
1578 1476 1646 1529 iis
1688 1474 1883 1539 Phtba,
1927 1474 2199 1528 Vulcanus
2231 1489 2262 1528 a

721 1568 924 1622 Grmeis
956 1567 1281 1628 nominetur.
1313 1564 1484 1621 Ovum
1513 1575 1691 1620 autem
1724 1565 1855 1618 illud
1888 1566 2149 1618 mundum
2181 1565 2264 1618 in-

719 1665 1117 1725 terpretantur,
1168 1656 1323 1727 eique
1376 1656 1587 1718 numini
1642 1672 1794 1709 ovem
1837 1664 2262 1731 consecrarunt,

721 1747 865 1816 quod
883 1756 1101 1811 ,veteres
1126 1747 1193 1811 ad
1223 1757 1410 1817 potum
1438 1748 1574 1803 lacte
1606 1756 1903 1802 uterentur.
1934 1745 2110 1815 Ipsius
2134 1763 2263 1801 vero

722 1838 909 1892 mundi
955 1839 1221 1907 ejusmodi
1273 1838 1479 1904 finxere
1536 1839 1907 1893 simulacrum.
1960 1837 2261 1892 Humanam

720 1931 965 1988 similiter
1001 1932 1055 1985 in
1098 1932 1341 1999 speciem
1375 1929 1769 1991 conformatum
1804 1941 1907 1992 est,
1941 1930 2264 1999 conjunctos
2296 1909 2337 1963 Β

724 2021 863 2075 inter
893 2036 951 2075 se
980 2023 1412 2091 commissosque
1440 2021 1601 2090 pedes
1633 2021 1811 2083 habet,
1852 2030 2051 2073 vestem
2085 2020 2265 2074 multi—

721 2110 847 2181 plici
878 2111 1058 2164 colore
1085 2119 1311 2175 textam,
1346 2120 1400 2173 et
1432 2111 1499 2164 ab
1524 2110 1766 2164 humeris
1794 2108 2048 2175 deorsum
2077 2110 2142 2163 ad
2174 2125 2266 2178 pe-

724 2203 820 2256 des
869 2216 1044 2271 usque
1094 2203 1417 2270 promissam
1466 2211 1658 2272 gestat,
1718 2216 2043 2270 summoque
2093 2202 2267 2270 capite

724 2294 990 2363 spbaaram
1034 2310 1253 2347 auream
1294 2295 1561 2347 sustinet:
1604 2294 1801 2364 partim
1842 2294 1985 2364 quod
2012 2293 2265 2351 mundus

724 2385 905 2438 sedem
933 2400 1207 2453 nunquam
1236 2393 1421 2450 mutet,
1450 2387 1643 2454 partim
1677 2386 1820 2454 quod
1847 2386 2133 2441 rotundam
2165 2374 2268 2445 for-

726 2491 868 2530 mam
895 2492 1013 2545 prae
1044 2492 1102 2545 se
1128 2477 1513 2548 ferat,partim
1548 2479 1709 2531 etiam
1745 2486 1804 2530 ut
1842 2478 2047 2531 variam
2092 2485 2268 2530 astro-

722 2581 845 2621 rum
875 2577 1121 2621 naturam
1159 2568 1561 2635 adumbrarent.
1596 2566 1755 2621 Iidem
1785 2568 2072 2637 aliquando
2098 2567 2265 2621 solem

726 2657 966 2715 hominis
1015 2657 1298 2725 cujusdam
1334 2658 1603 2728 navigium
1645 2659 1915 2713 crocodilo
1953 2659 2266 2728 impositum

726 2750 1141 2805 conscendentis
1172 2749 1417 2820 symbolo
1447 2760 1866 2819 reprazsentant:
1902 2750 2267 2817 acnavigium

724 2840 972 2909 quidem,
1020 2841 1326 2895 institutum
1373 2840 1429 2894 in
1482 2840 1700 2894 humida
1755 2841 2009 2909 mollique
2053 2841 2269 2910 regione

726 2942 931 2987 motum
975 2934 1270 3003 significat;
1291 2932 1596 2987 crocodilus
1628 2948 1775 2996 vero,
1803 2948 1996 3001 aquam
2029 2933 2175 2986 illam
2202 2934 2268 2987 ad

723 3024 1019 3077 bibendum
1053 3022 1284 3088 facilem,
1331 3038 1426 3092 per
1469 3039 1631 3093 quam
1672 3024 1752 3077 sol
1804 3022 2048 3076 feratur:
2090 3023 2269 3091 itaque

722 3130 822 3185 per
863 3106 1144 3168 humidum
1181 3130 1244 3169 ac
1292 3132 1509 3170 suavem
1561 3131 1736 3169 acrem
1782 3116 1913 3171 solis
1952 3116 2265 3168 conversio-

2363 654 2560 708 κυανοῦ
2614 656 2837 725 μέλανος
2879 656 3087 727 ἔχοντα,
3116 656 3418 727 κρατοῦντα
3449 655 3623 726 ζώνην
3668 657 3763 709 καὶ
3795 660 3910 728 σκῆ-

2366 764 2561 817 πτρον·
2594 747 2687 799 ἐπὶ
2727 748 2783 800 δὲ
2815 748 2917 817 τῆς
2963 748 3201 817 κεφαλῆς
3238 748 3433 817 πτερὸν
3465 748 3736 816 βασίλειον
3768 767 3910 819 περι-

2362 836 2631 906 κείμενον,
2654 837 2733 889 ὃτι
2765 835 2919 903 λόγος
2935 836 3254 907 δυσεύρετος
3278 838 3372 889 καὶ
3403 837 3806 906 κεκρυμμένος,
3832 841 3916 891 καὶ

2361 930 2420 980 οὐ
2468 929 2649 997 φανὸς,
2699 929 2792 982 καὶ
2830 931 2910 981 ὅτι
2952 928 3230 993 ζωοποιὸς,
3276 931 3370 981 καὶ
3404 930 3485 982 ὅτι
3525 930 3798 998 βασιλεὺς,
3836 934 3919 983 καί

2359 1022 2439 1073 ὃτι
2471 1021 2670 1091 νοερῶς
2713 1024 2972 1073 κινεῖται·
3009 1021 3088 1073 διὸ
3135 1022 3170 1091 ἡ
3211 1021 3303 1073 τοῦ
3352 1022 3551 1091 πτεροῦ
3585 1023 3749 1090 φύσις
3781 1026 3834 1074 ἐν

2361 1111 2565 1181 κεφαλῇ
2604 1114 2795 1164 κεῖται.
2840 1111 2941 1163 Τὸν
2966 1111 3022 1163 δὲ
3054 1110 3172 1163 θεὸν
3202 1112 3386 1164 τοῦτον
3440 1114 3503 1165 ἐκ
3536 1114 3628 1165 τοῦ
3666 1115 3919 1184 στόματος

2360 1201 2646 1271 προῖεσθαί
2679 1218 2839 1269 φασιν
2864 1201 2989 1264 ὠὸν,
3024 1201 3085 1263 ἐξ
3119 1196 3178 1254 οὗ
3212 1202 3496 1269 γεννᾶσθαι
3528 1202 3670 1262 θεὸν,
3694 1206 3755 1256 ὃν
3778 1204 3921 1255 αὐτοὶ

2362 1291 2819 1362 προσαγορεύουσι
2850 1290 2965 1344 ⁴1)θςῖ.
2987 1290 3177 1358 (95),οἱ
3208 1291 3263 1343 δὲ
3298 1291 3557 1361 Ἕλληνες
3600 1294 3917 1359 Ἥφαιστον⁸

2361 1381 2677 1451 ἑρμηνεύειν
2709 1382 2765 1433 δὲ
2796 1380 2855 1432 τὸ
2878 1380 2982 1447 ᾠὸν
3019 1381 3107 1433 τὸν
3146 1382 3367 1451 κόσμον.
3416 1383 3747 1451 Ἀφιέρωται
3771 1383 3826 1434 δὲ
3852 1383 3922 1451 τῷ

2362 1469 2467 1539 θεῷ
2498 1469 2668 1539 τούτῳ
2706 1469 2993 1542 πρόϐατον,
3019 1469 3105 1533 διὰ
3130 1470 3191 1522 τὸ
3220 1473 3345 1545 τοὺς
3375 1472 3636 1532 παλαιοὺς
3660 1471 3919 1538 γαλακτο-

2361 1562 2561 1633 ποτεῖν.
2594 1560 2763 1631 Αὑτοῦ
2792 1560 2847 1613 δὲ
2874 1559 2965 1611 τοῦ
2999 1558 3203 1628 κόσμου
3230 1560 3290 1611 τὸ
3317 1562 3552 1613 δείκελον
3573 1561 3782 1613 τοιόνδε
3816 1562 3924 1613 ἀνέ-

2318 1683 2322 1688 -
2362 1652 2593 1704 πλασαν.
2646 1651 3059 1725 Ἀνθρωποειδές
3093 1653 3238 1703 ἐστιν
3266 1652 3506 1722 ἄγαλμα,
3540 1655 3666 1715 τοὺς
3707 1654 3808 1721 μὲν
3839 1655 3923 1705 πό-

2361 1742 2454 1805 δας
2510 1742 2947 1813 συμϐεϐληκότας
3006 1743 3145 1814 ἔχον,
3189 1743 3391 1796 ἄνωθεν
3435 1745 3490 1796 δὲ
3550 1744 3719 1815 μέχρι
3760 1746 3922 1796 ποδῶν

2363 1836 2599 1889 ποικίλον
2621 1836 2830 1906 ίματίον
2848 1835 3299 1906 περιᾶεὸλημένον
3320 1852 3334 1864 ·
3365 1837 3457 1888 ἐπὶ
3485 1836 3540 1887 δὲ
3566 1838 3667 1905 τῆς
3694 1835 3922 1904 κεφαλῆς

2366 1931 2595 1999 σφαῖραν
2614 1927 2725 1997 ἔχει
2750 1929 2973 2004 χρυσῆν,
3008 1927 3094 1979 διὰ
3127 1926 3185 1979 τὸ
3217 1926 3291 1996 μὴ
3323 1926 3690 1997 μεταϐαίνειν,
3725 1929 3820 1979 καὶ
3848 1927 3923 1977 διὰ

2364 2018 2461 2087 τὴν
2484 2017 2591 2069 τῶν
2619 2017 2831 2087 ἄστρων
2880 2018 3128 2089 ποικίλην
3176 2017 3336 2085 φύσιν
3365 2018 3494 2086 (96),
3531 2020 3626 2071 καὶ
3655 2020 3744 2071 ὅτι
3773 2035 3922 2085 σφαι-

2369 2106 2572 2177 ροειδὴς
2600 2108 2629 2159 6
2658 2107 2882 2175 κόσμος.
2910 2107 3093 2175 Ἥλιον
3111 2108 3165 2159 δὲ
3188 2106 3296 2175 (97)
3320 2108 3641 2177 σημαίνουσι
3668 2108 3803 2161 ποτε
3838 2108 3924 2177 μὲν

2364 2197 2430 2250 δι’
2463 2198 2748 2267 ἀνθρώπου
2786 2198 3170 2269 ὲπιὸεὸηκὸτος
3220 2198 3426 2261 πλοίου,
3448 2199 3542 2251 ἐπὶ
3587 2201 3921 2269 κροκοδείλου

2366 2290 2635 2360 κειμένου.
2670 2290 2828 2362 Δηλοί
2865 2290 2923 2342 δὲ
2955 2289 3014 2342 τὸ
3049 2290 3147 2360 μὲν
3177 2291 3356 2342 πλοῖον
3376 2291 3472 2361 τὴν
3508 2292 3564 2342 ἐν
3589 2291 3747 2361 ὑγρῷ
3779 2293 3921 2361 κίνη·

2330 2432 2333 2435 η
2367 2398 2449 2433 σιν
2470 2398 2483 2410 ·
2512 2384 2539 2435 6
2570 2380 2627 2434 δὲ
2694 2380 3026 2452 κροκόδειλος
3068 2381 3292 2451 πότιμον
3327 2381 3488 2452 ὕδωρ,
3538 2384 3596 2433 ἐν
3636 2375 3682 2448 ᾧ
3713 2383 3923 2453 φέρεται

2365 2472 2579 2541 ὁῆλιος.
2624 2472 2976 2542 Ἐσημαίνετο
3013 2473 3189 2524 τοίνυν
3238 2475 3265 2525 ὁ
3289 2472 3437 2539 ἦλιος
3461 2472 3527 2524 δι’
3570 2473 3735 2543 ἀέρος
3770 2472 3922 2542 ὑγροῦ

2368 2564 2460 2616 καὶ
2494 2562 2717 2632 γλυκέος
2752 2562 2847 2632 τὴν
2895 2563 3247 2633 περιπόλησιν
3295 2563 3577 2616 ποιεῖσθαι.
3623 2564 3738 2633 Τῆς
3770 2564 3824 2615 δὲ
3843 2564 3922 2616 οὐ-

2369 2654 2555 2727 ρανίας
2583 2654 2683 2724 γῆς
2715 2654 2809 2706 καὶ¹
2838 2653 2937 2722 τῆς
2967 2653 3179 2723 χθονίας
3204 2654 3301 2723 τὴν
3328 2654 3552 2723 δύναμιν
3593 2650 3738 2707 Ἶσιν
3773 2673 3923 2725 προσ-

2368 2750 2516 2801 εῖπον
2555 2744 2642 2815 διὰ
2689 2746 2786 2815 τὴν
2824 2746 3060 2814 ἰσότητα,
3090 2747 3181 2815 ἀφ’
3230 2741 3297 2816 ἧς
3326 2747 3386 2797 τὸ
3410 2728 3653 2799 δίκαιον(
3678 2749 3923 2819 οὐρανίαν

2368 2838 2422 2891 δὲ
2455 2838 2549 2907 τὴν
2608 2838 2860 2909 σελήνην,
2895 2837 3105 2907 χθονίαν
3152 2838 3206 2888 δὲ
3234 2837 3328 2890 καὶ
3354 2837 3455 2907 γῆν
3476 2839 3843 2910 καρποφόρον,
3875 2842 3922 2889 ἐν

2368 2925 2401 3002 ᾗ
2435 2928 2806 2999 κατοικοῦμεν,
2839 2914 3072 3001 λέγουσι.
3098 2928 3170 2980 T6
3197 2928 3251 2980 δὲ
3274 2929 3401 2981 αὐτὸ
3424 2928 3645 2981 δύναται
3671 2932 3922 2999 Δημήτηρ

2337 3020 2341 3024 ’
2370 3022 2500 3091 παρῖ
2531 3020 2771 3089 Ἕλλησι,
2811 3022 2902 3072 καὶ
2950 3016 3087 3084 Ἶσις
3121 3022 3248 3091 παρ’
3268 3020 3599 3086 Αἰγυπτίοις.
3635 3021 3749 3073 Καὶ
3779 3021 3921 3071 πάλιν

2367 3110 2516 3184 Κόρη
2548 3114 2674 3182 παρ’
2705 3111 3037 3182 Ἕλλησικαὶ
3103 3112 3328 3175 ιόνυσος,
3354 3104 3454 3164 καὶ
3484 3107 3623 3175 Ἶσις
3657 3114 3754 3165 καὶ
3790 3115 3922 3164 Ὀσι-

718 3216 853 3255 nam
886 3202 998 3255 fieri
1037 3204 1309 3257 declarare
1338 3205 1645 3259 voluerunt.
1673 3203 1904 3258 Telluris
1935 3212 2112 3258 autem
2144 3220 2265 3258 cum

2375 3220 2457 3275 ρις
2524 3202 2653 3272 παρ’
2694 3199 3027 3276 Αἰγυπτίοις.
3081 3200 3226 3271 Αὕτη
3267 3199 3321 3253 δὲ
3378 3203 3650 3271 τρέφουσα
3689 3204 3787 3255 καὶ
3841 3205 3914 3254 αἱ·

734 3290 1000 3358 cmlestis,‘
1038 3302 1152 3346 tum
1201 3295 1362 3347 etiam
1399 3304 1621 3347 terrena:
1663 3296 1791 3358 vim,
1833 3294 1939 3349 Isin
1983 3310 2265 3363 nuncupa-

731 3390 880 3444 runt,
916 3382 1074 3449 idque
1119 3391 1333 3450 propter
1396 3378 1633 3452 ἰσότητα,
1662 3383 1764 3436 IIOC
1795 3392 1877 3437 est
1913 3384 2269 3451 aequalitatem

728 3467 998 3538 aequitatis
1026 3470 1210 3526 ‘omnls
1253 3466 1315 3525 ac
1350 3473 1570 3541 justitia:
1614 3470 1833 3526 fontem.
1879 3473 1955 3525 Ac
1996 3473 2267 3527 cmlestem

732 3563 961 3632 quidem
984 3564 1086 3631 ipsi
1118 3560 1330 3628 lunam,
1363 3564 1667 3617 terrestrem
1698 3562 1850 3629 vero,
1880 3568 2076 3619 terram
2110 3566 2267 3631 hanc,

730 3655 789 3707 in
821 3670 925 3722 qua
953 3654 1221 3723 degimus,
1257 3652 1579 3723 frugumque
1605 3666 1877 3723 parentem
1912 3672 2032 3711 esse
2061 3658 2268 3713 volunt.

732 3745 994 3800 Ceterum
1036 3741 1406 3815 E‘gyptiorum
1438 3745 1535 3801 Isis
1568 3763 1627 3799 ea
1670 3748 1783 3815 ipsa
1824 3758 1925 3811 est,
1966 3766 2125 3818 quam
2166 3750 2272 3803 Ce-

733 3852 907 3891 rerem
939 3837 1109 3891 Graeci
1153 3847 1365 3902 vocant,
1396 3838 1845 3906 quemadmodum
1881 3841 1970 3907 qui
2002 3857 2032 3892 a
2071 3838 2271 3894 Grmcis

733 3927 1052 3996 Proserpina
1102 3925 1451 3997 Baccliusqtle
1495 3922 1879 3991 nominantur,
1931 3930 2089 3983 iidem
2130 3931 2271 3999 apud

736 4017 1015 4087 Egyptios
1049 4019 1147 4073 Isis
1193 4028 1247 4072 et
1272 4012 1441 4073 Osiris
1484 4020 1740 4086 appellari
1773 4021 1964 4073 solent.
2011 4019 2177 4073 Porro
2212 4029 2272 4074 ut

735 4110 922 4163 eadem
953 4106 1054 4161 Isis
1077 4123 1183 4160 non
1213 4109 1373 4163 modo
1400 4101 1663 4163 fruetibus
1690 4110 1777 4173 iis,
1814 4125 1951 4177 quos
1991 4125 2090 4164 suo
2130 4120 2275 4164 terra

738 4198 858 4251 sinu
875 4190 1263 4266 cumpleetitur,
1304 4200 1612 4254 alimentum
1630 4198 1946 4269 suppeditat,
1986 4203 2077 4255 sed
2103 4202 2271 4254 etiam

738 4286 891 4341 novis
948 4303 1041 4341 eos
1102 4280 1706 4358 incrementis'auget,
1756 4291 1836 4343 sic
1901 4288 2071 4344 Osiris
2132 4290 2274 4358 apud

740 4375 1041 4447 Egyptibs,
1075 4380 1181 4431 vim
1209 4378 1275 4431 ad
1306 4376 1511 4431 fructus
1548 4379 1852 4432 educendos
1884 4388 2152 4447 potentem
2188 4394 2275 4432 re-

2378 3294 2542 3366 ροῦσα
2592 3306 2618 3334 ι
2667 3294 2735 3346 τὰ
2783 3293 2878 3346 ἐπὶ
2928 3293 3031 3361 γῆς
3057 3310 3069 3322 ν
3096 3296 3123 3345 6
3158 3293 3213 3343 δὲ
3238 3294 3444 3363 Ὄσιρις
3468 3296 3594 3364 παρ’
3619 3296 3920 3362 Αἰγυπτίοις

2373 3388 2468 3458 τὴν
2501 3385 2774 3454 κάρπιμον
2813 3384 3101 3453 παρίστησι
3157 3382 3399 3453 δύναμιν,
3441 3385 3506 3452 ἢν
3545 3384 3767 3455 θρήνοις
3808 3386 3921 3437 ἀπο-ν

2375 3479 2733 3549 μειλίσσονται
2782 3478 2859 3537 είς
2906 3476 3006 3543 γῆν
3063 3475 3457 3544 ἀφανιζομένην
3498 3477 3555 3525 ἐν
3603 3475 3684 3543 τῷ
3730 3474 3915 3544 σπόρῳ,

2374 3570 2464 3623 καὶ
2512 3570 2599 3637 ὑφ’
2661 3567 2815 3638 ἡμῶν
2871 3566 3400 3636 καταναλισκομένην
3454 3569 3532 3628 εἰς
3575 3567 3679 3627 τὰς
3711 3568 3915 3637 τροφάς.

2374 3660 2720 3731 Λαμϐἀνεται
2736 3660 2790 3711 δὲ
2814 3660 2905 3711 καὶ
2931 3660 3051 3712 ἀντὶ
3075 3659 3171 3726 τῆς
3200 3658 3469 3727 ποταμίας
3495 3656 3587 3709 τοῦ
3620 3658 3815 3709 Νείλου
3842 3658 3919 3707 δυ-

2376 3753 2587 3821 νάμεως
2610 3769 2623 3779 ·
2656 3751 2765 3803 ἀλλ’
2789 3752 2914 3802 ὅταν
2946 3751 3039 3819 μὲν
3066 3750 3161 3819 τὴν
3191 3748 3405 3818 χθονίαν
3436 3748 3538 3817 γῆν
3572 3749 3915 3817 σημαίνωπν.

2381 3844 2641 3912 Ὀσιριςή
2673 3842 2943 3911 κάρπιμος
2968 3839 3531 3910 λαμϐάνεταιδύναμις
3558 3858 3571 3869 ο
3604 3842 3735 3892 ὅταν
3766 3841 3820 3893 δὲ
3838 3842 3919 3907 τὴν

2377 3920 2652 4003 οὐρανίαν,
2688 3932 2894 4002 Ὄσιρίς
2938 3933 3083 3984 ἐστιν
3112 3934 3140 3983 6
3167 3930 3374 3993 Νεῖλος,
3404 3932 3461 3984 ὃν
3498 3932 3555 3997 ἐξ
3576 3932 3808 4003 οὐρανοῦ
3838 3949 3913 3983 κα-

2377 4010 2702 4093 ταφέρεσθαι
2723 4022 2940 4075 οἴονταιο
2972 4016 3311 4075 πενθοῦσιδὲ
3342 4025 3433 4075 καὶ
3458 4023 3669 4086 τοῦτον,
3700 4026 3913 4093 ἀπομει-

2377 4114 2677 4183 λισσόμενοι
2705 4114 2803 4181 τὴν
2833 4112 3054 4183 δύναμιν
3079 4112 3343 4183 λήγουσαν
3372 4115 3464 4166 καὶ
3484 4115 3913 4184 ἀναλισκομένην.

2388 4194 2459 4256 λἮ
2479 4202 2535 4255 δὲ
2558 4207 2613 4256 ὲν
2657 4206 2770 4266 τοῖς
2811 4203 2998 4272 μύθοις
3024 4205 3320 4275 μισγομένη
3354 4204 3430 4274 τῷ
3474 4206 3696 4274 Ὀσίριδι
3736 4201 3913 4267 Ἶσιςή

2378 4295 2644 4362 Αἰγυπτία
2692 4296 2808 4346 ἐστὶ
2855 4294 2958 4363 γῆ·
2988 4294 3173 4365 διόπερ
3233 4295 3459 4356 ἰσοῦται,
3514 4297 3608 4347 καὶ
3658 4298 3797 4355 κυεῖ,
3839 4294 3911 4343 καὶ

2380 4389 2520 4436 ποιεῖ
2565 4384 2691 4447 τοὺς
2743 4387 3004 4455 καρποὺς,
3039 4386 3118 4439 διὸ
3157 4387 3296 4460 ἀνὴρ
3342 4388 3436 4456 τῆς
3471 4386 3666 4449 Ἴσιδος
3702 4387 3911 4455 Ὄσιρις.

738 4475 1045 4535 praesentat,
1083 4468 1243 4534 quam
1290 4463 1407 4535 Ipsi‘
1430 4465 1556 4518 fletu
1590 4465 1758 4519 lenire
1790 4466 2189 4530 quodammodo
2228 4477 2269 4519 el

2384 4472 2476 4522 καὶ
2502 4471 2745 4539 ἀδελφὸς,
2774 4472 2867 4525 καὶ
2888 4474 2998 4535 υἱὸς
3028 4476 3401 4559 παραδέδοται.

744 4558 955 4628 placare
998 4550 1303 4642 "conantur,
1368 4574 1494 4614 cum
1534 4572 1618 4620 ea,
1666 4559 1858 4626 partim
1910 4556 2068 4629 116
2101 4571 2337 4615 semente
2411 4563 2674 4629 facienda,
2715 4575 2870 4645 terra:
2903 4568 3109 4635 sepulta
3141 4550 3437 4622 visceribus
3466 4569 3769 4634 evanescit,
3803 4581 3911 4637 par-

746 4654 841 4705 tim
888 4650 1093 4705 alendis
1157 4650 1467 4718 corporibus
1512 4652 1712 4704 nostris
1770 4652 2120 4703 consumitur.
2160 4649 2475 4719 Quanquam
2518 4654 2565 4707 is
2604 4668 2817 4723 quoque
2853 4655 2957 4710 Nili
3019 4658 3385 4713 eﬂica‘eitatem
3450 4660 3809 4729 virtutemque
3851 4658 3911 4711 si-

747 4738 1015 4811 gnificatf
1056 4739 1159 4794 hoc
1223 4741 1401 4793 tamen
1460 4741 1791 4806 discrimine,
1832 4741 1976 4809 quod
2040 4742 2129 4794 ubi
2194 4752 2458 4798 terrenam
2498 4746 2597 4814 ipsi
2664 4748 2905 4801 tellurem
2954 4750 3209 4816 denotare
3284 4752 3490 4818 volunt,
3538 4760 3654 4805 tum
3707 4750 3909 4806 Osiridis

678 4846 691 4852 δ
746 4832 981 4895 nomine,
1014 4830 1286 4885 fructuum
1346 4845 1539 4900 parens
1583 4829 1751 4884 Terra
1798 4831 2019 4900 intelligi
2062 4830 2253 4884 debeat
2294 4852 2306 4884 :
2349 4835 2438 4888 ubi
2489 4852 2616 4889 vero
2685 4838 2976 4903 caelestem,
3023 4838 3199 4894 Nilum
3250 4841 3390 4897 idem
3432 4842 3603 4897 Osiris
3650 4843 3909 4903 exhibeat.

744 4938 904 4992 quem
968 4914 1226 4991 originem
1290 4936 1322 4977 e
1384 4920 1521 4975 caalo
1562 4920 1759 4975 ducere
1798 4930 2240 4985 commemorant,
2274 4926 2449 4992 eoque
2488 4928 2635 4980 luctu
2702 4928 2946 4982 similiter
3013 4940 3431 5000 prosequuntur,
3473 4930 3631 5000 quasi
3667 4932 3777 4984 vim
3811 4931 3909 4997 ejus

744 5016 908 5073 certis
942 5007 1271 5070 deficientem
1337 5027 1388 5071 et
1428 5011 1745 5069 exhauStam
1791 5014 2085 5069 intervallis
2156 5016 2441 5072 conciliare
2484 5022 2587 5074 sibi
2642 5038 2705 5075 ac
2744 5022 2957 5090 placare
2996 5025 3179 5078 velint.
3221 5025 3323 5079 Isis
3384 5033 3564 5079 autem
3621 5025 3734 5089 illa,
3774 5026 3909 5090 cujus

748 5127 872 5166 cum
925 5109 1137 5164 Osiride
1174 5111 1613 5191 congressionem
1683 5107 1901 5162 fabulas'
1937 5111 2244 5177 celebrant,
2284 5111 2533 5184 Egyptla
2589 5126 2730 5170 terra
2780 5128 2882 5182 est,
2928 5134 2992 5173 ac
3050 5129 3330 5188 propterea
3381 5135 3504 5174 cum
3546 5122 3755 5191 aequari
3816 5122 3907 5187 ipsa

748 5219 1074 5275 uterumque
1118 5212 1347 5274 gestare,
1383 5220 1445 5259 ac
1483 5196 1711 5260 demum'
1742 5204 1953 5260 fructus
1988 5214 2269 5275 procreare
2306 5208 2522 5276 dicitur,
2562 5224 2674 5266 tum
2712 5212 2873 5267 etiam
2914 5213 3068 5269 Isidis
3106 5214 3324 5283 conjux,
3359 5215 3629 5287 simulque
3674 5216 3836 5273 frater
3859 5231 3907 5270 ac

749 5302 891 5358 filius
917 5301 1089 5357 Osiris
1117 5314 1237 5353 esse
1269 5301 1593 5367 perhibetur.

827 5406 853 5433 ι
896 5393 977 5445 ἷσ.
1010 5392 1253 5463 αἴρουσα.

823 5481 933 5548 (95)
972 5478 1111 5535 Φθᾶ.
1153 5477 1315 5547 Ergo,
1349 5478 1440 5548 qui
1486 5475 1832 5533 Phoenicibus
1878 5478 1972 5532 lib.
2002 5494 2040 5541 ι,
2075 5476 2156 5531 tit.
2196 5480 2284 5543 10,

756 5547 991 5620 pag.__$5.
1029 5548 1255 5620 Chrysgr
1275 5547 1573 5620 dicebatur,
1600 5548 1865 5619 Egyptiis
1891 5549 2082 5609 Phtha,
2116 5548 2292 5601 dictus

757 5616 850 5675 ἐς(
868 5616 1155 5672 Vulcanus.
1194 5616 1413 5671 Hebraaa
1468 5631 1568 5669 vox
1596 5616 1755 5683 Γπιεὶξ
1786 5622 1888 5673 hoc
1933 5627 2015 5673 est
2068 5620 2288 5684 aperire,

756 5698 851 5743 aut
894 5687 1105 5745 salvere.
1149 5690 1301 5751 satis,
1334 5688 1545 5754 opinor,
1592 5697 1645 5739 et
1693 5704 1814 5740 cum
1858 5688 2192 5754 Egyptiaca,
2240 5697 2292 5738 et

753 5772 879 5826 Cum
901 5757 1112 5826 ign'tsrvi
1141 5766 1516 5826 atque‘natura
1542 5757 1694 5823 plane
1712 5756 1987 5826 διαλυτικῇ
2018 5756 2285 5809 convenit.

824 5822 946 5894 (96f
973 5825 1178 5876 Φύσιν.
1204 5822 1407 5894 Non)"
1437 5822 1609 5887 θέσιν,
1634 5826 1821 5879 melius
1854 5838 1913 5879 ut
1939 5822 2161 5879 videtur.

823 5892 936 5967 (97)
977 5895 1174 5949 Ἥλιον
1196 5892 1282 5949 δέ.
1320 5893 1577 5951 Geminus
1624 5905 1705 5949 est
1730 5897 1817 5951 ille
1846 5898 2102 5951 Clement.
2136 5896 2287 5948 Alex.

2392 5480 2563 5549 locus.
2589 5475 2852 5549 Strumv,
2871 5478 3047 5549 aliqua
3072 5487 3247 5533 tamen
3269 5496 3335 5534 ex
3362 5490 3512 5549 parte
3530 5482 3821 5537 dissimilis.
3839 5484 3907 5533 Al-

2392 5547 2649 5616 γυπτίων,
2684 5545 2876 5613 inquit,
2906 5550 2952 5599 οί
2988 5548 3083 5620 μὲν
3112 5550 3203 5602 ἐπὶ
3232 5545 3497 5614 πλοίου,οί
3527 5553 3585 5605 δὲ
3612 5554 3703 5605 ἐπὶ
3736 5568 3905 5608 κροκο-

2390 5616 2560 5669 δείλου
2616 5614 2703 5666 τὸν
2748 5616 2903 5673 ἥλιον
2957 5617 3272 5672 δεικνύουσι.
3304 5620 3628 5673 Σημαίνουσι
3672 5622 3749 5673 δὲ.
3794 5622 3905 5672 ("md

2399 5637 2560 5669 Dsutou
2616 5637 2703 5666 τον
2748 5637 2903 5735 12mm-
2957 5637 3272 5672 οεικνυουσι.
3304 5637 3628 5707 ιημαινουσι
3672 5637 3749 5683 οε,
3794 5637 3905 5672 οτιο

2399 5682 2547 5759 ἥλιος
2628 5684 2692 5735 δι’
2722 5685 2756 5736 ἀ
2790 5703 2905 5759 ροςᾼ
2930 5687 3193 5759 γλυκεροῦ
3244 5690 3337 5741 καὶ
3378 5689 3541 5758 υγροῦ
3585 5689 3681 5759 τὴν
3712 5690 3905 5759 πορείαν

2392 5756 2724 5831 ποιούμενος,
2752 5757 3022 5831 γεννᾷῌτρν
3049 5756 3253 5831 χρόνον,
3276 5759 3333 5831 ὃν
3362 5756 3657 5831 αἰνίσσεται
3678 5761 3718 5831 ῥ
3742 5756 3905 5827 κροκό-

2390 5824 2561 5897 δειλος
2602 5825 2703 5897 διά,
2730 5842 2849 5877 τινα
2888 5824 3637 5897 θᾶλληῖίερατικὴνὶστῳίαν,
3668 5824 3905 5880 Cancrum

2390 5896 2450 5945 τὸ
2482 5897 2606 5946 ποτὲ
2643 5896 2760 5964 μέν,
2795 5897 2889 5950 lin.
2916 5908 3159 5965 sequent.
3188 5896 3408 5967 prorsus
3436 5896 3756 5951 ἀναπόδεικτον
3784 5907 3858 5951 εει
