4044 6334
190 293 305 352 209

178 472 188 479 _
734 407 1122 463 ΚΕΦᾹΛΑΙΟΝ
1154 407 1247 460 ίΒ’.

250 502 399 569 Περί
432 502 540 555 τοῦ
569 501 717 555 κατά
747 503 857 568 τὴν
899 502 1321 569 Ἐλεφαντίνην
1351 498 1707 569 ἀγάλματος.

265 592 438 647 Κατά
481 593 536 645 δὲ
580 592 679 662 τὴν
723 591 1098 661 Ἐλεφαντίνην
1149 590 1301 645 πόλιν
1340 590 1449 662 (98)
1487 590 1767 660 τετίμηται

188 682 455 754 ἄγαλμα,
499 682 875 753 πεπλασμένον
919 683 1035 753 μὲν,
1090 683 1202 735 ἀλλ’
1231 696 1257 723 ι
1297 682 1630 754 ἀνδρείκελον
1674 682 1767 735 καὶ

189 774 537 845 καθήμενον,
573 773 802 830 κυανοῦν
821 793 881 828 τε
902 776 1001 847 τὴν
1031 775 1239 848 χροιὰν,
1266 776 1505 845 κεφαλὴν
1532 774 1589 827 δὲ
1613 773 1766 844 κριοῦ

188 869 564 939 κεκτημένον,
622 868 714 922 καὶ
763 867 1060 937 βασίλειον,
1107 869 1312 939 κέρατα
1357 868 1583 938 τράγεια
1623 866 1765 935 ἔχον,

186 951 275 1019 οἷς
296 956 493 1012 ἔπεστι
532 959 727 1023 κύκλος
763 958 1360 1030 δισκοειδής..Κάθηται
1397 957 1472 1020 δὲ,
1506 974 1767 1027 παρακει-

190 1047 368 1117 μένου
394 1050 664 1120 κεραμέου
702 1050 939 1119 ἀγγείου,
970 1052 1055 1121 ἐφ’
1082 1046 1141 1105 οὗ
1182 1052 1462 1122 ἄνθρωπον
1497 1050 1768 1104 ἀναπλάσ-

190 1156 336 1196 σειν.
375 1143 536 1212 Δηλοί
555 1142 611 1195 δὲ
644 1140 751 1195 ἀπὸ
777 1144 872 1212 μὲν
893 1142 986 1195 τοῦ
1015 1141 1165 1215 κριοῦ
1201 1142 1485 1212 πρόσωπον
1510 1142 1650 1211 ἔχειν
1674 1143 1767 1195 καὶ

187 1232 358 1298 αἰγὸς
377 1233 599 1302 κέρατα,
618 1233 716 1305 τὴν
743 1235 799 1287 ὲν
816 1234 970 1305 Κριῷ
991 1233 1201 1287 σύνοδον
1232 1233 1378 1303 ἡλίου
1397 1233 1489 1286 καὶ
1516 1216 1763 1303 σελήνηςο

185 1318 251 1371 τὸ
282 1320 345 1371 δὲ
374 1322 441 1373 ἐκ
496 1320 694 1374 κυανοῦ
744 1323 959 1394 χρῶμα,
1009 1325 1093 1389 ότι
1128 1323 1439 1393 ὑδραγωγὸς
1476 1324 1533 1375 ὲν
1566 1322 1764 1393 συνόδῳ

184 1411 222 1478 ἠ
255 1410 483 1480 σελήνη.
509 1412 581 1463 Τὸ
610 1412 667 1464 δὲ
694 1412 940 1483 δεύτερον
962 1412 1075 1482 φῶς
1103 1413 1200 1482 τῆς
1216 1413 1439 1484 σελήνης
1473 1415 1531 1467 ἐν
1576 1413 1763 1466 Ἀπόλ-

181 1498 365 1563 λωνος
416 1502 568 1555 πόλει
625 1501 981 1573 καθιέρωται·
1031 1503 1144 1555 ἐστι
1191 1503 1247 1555 δὲ
1277 1503 1463 1557 τούτου
1501 1504 1761 1574 σύμϐολον

188 1592 682 1664 ἰερακοπρόσωπος
728 1594 1029 1663 ἄνθρωπος,
1064 1592 1253 1664 ζιϐύνῃ
1285 1595 1629 1666 χειρούμενος
1657 1596 1761 1647 Tu-

184 1683 374 1753 φῶνα,
432 1684 792 1755 ἰπποπατάμῳ
845 1686 953 1756 (99)
1005 1686 1339 1755 εἰκασμένον.
1382 1688 1582 1740 Λευκὸν
1611 1688 1665 1740 δὲ
1692 1690 1757 1757 τῇ

183 1776 331 1845 χρόα
365 1775 427 1827 τὸ
453 1774 692 1845 ἄγαλμα,
725 1778 823 1846 τῆς
870 1776 967 1845 μὲν
996 1776 1313 1847 λευκότητος
1340 1778 1401 1830 τὸ
1437 1779 1758 1847 φωτίζεσθαι

181 1866 288 1937 τὴν
332 1867 559 1938 σελήνην
589 1868 1030 1939 παραστησάσης,
1063 1870 1158 1922 τοῦ
1193 1870 1257 1923 δὲ
1291 1872 1556 1941 ἰερακείου
1590 1888 1757 1943 προσ-

180 1957 369 2023 ώπηου,
415 1961 476 2013 τὸ
506 1960 597 2028 ἀφ’
644 1961 794 2032 ἡλίου
841 1960 1185 2029 φωτίζεσθαι,
1223 1963 1317 2015 καὶ
1355 1963 1568 2035 πνεῦμα
1619 1964 1758 2034 λαμ-

181 2052 379 2104 ϐάνειν
399 2070 412 2081 ·
445 2052 535 2106 τὸν
566 2038 675 2126 γὰρ
704 2054 915 2124 ἰέρακα
965 2052 1101 2123 ἡλίῳ
1143 2055 1460 2126 ἀφιεροῦσι·
1496 2056 1671 2124 φωτὸς
1702 2056 1759 2110 δὲ

184 2144 283 2197 καὶ
340 2145 645 2214 πνεύματος
672 2132 843 2216 ¹ἱέραξ
890 2147 1070 2208 αὐτοῖς
1133 2146 1398 2217 σύμϐολον
1439 2148 1529 2201 διά
1561 2166 1621 2201 τε
1661 2149 1757 2220 τὴν

177 2235 557 2305 ὀξυκινησίαν,
596 2236 688 2288 καὶ
732 2235 794 2287 τὸ
833 2235 967 2306 πρὸς
1008 2234 1137 2304 ὕψος
1175 2236 1505 2307 ἀνατρέχειν,
1541 2237 1665 2291 ἔνθα
1696 2239 1757 2292 τὸ

182 2326 326 2394 φῶς.
375 2328 433 2380 '0
480 2328 539 2381 δὲ
587 2327 956 2398 ἰπτ-..οπόταμος
996 2327 1087 2381 τὸν
1126 2327 1334 2381 δυτικὸν
1378 2328 1527 2397 δηλοῖ
1573 2331 1752 2395 πόλον,

182 2416 342 2487 παρὰ
359 2417 419 2469 τὸ
438 2418 750 2471 καταπίνειν
761 2421 838 2483 εἰς
866 2419 1056 2473 ἑαυτὸν
1074 2421 1197 2483 τοὺς
1213 2439 1277 2474 πε
1288 2423 1635 2491 ριπολοῦντας
1653 2424 1748 2493 (1).

180 2506 322 2570 Θεὸς
380 2508 438 2560 δὲ
494 2511 712 2578 τιμᾶται
744 2512 800 2562 ὲν
828 2512 895 2582 τῇ
920 2500 1069 2565 πόλει
1094 2504 1279 2585 ταύτῃ
1307 2515 1336 2567 ό
1368 2508 1548 2586 Ὧρος.
1593 2516 1659 2568 Ἠ
1696 2516 1753 2568 δὲ

180 2596 285 2665 τῆς
338 2597 627 2668 Εἰληθυίας
686 2601 840 2663 πόλις
886 2600 947 2655 τὸ
977 2601 1157 2675 τρίτον
1196 2602 1310 2671 φῶς
1342 2602 1647 2675 θεραπεύει.
1682 2604 1755 2658 To

179 2686 235 2740 δὲ
262 2688 462 2753 ξόανον
495 2689 793 2744 τετύπωται
827 2693 905 2755 εἰς
936 2692 1085 2759 γῦπα
1114 2674 1423 2764 πετόμενον,
1453 2690 1519 2768 ἧς
1543 2697 1603 2750 τὸ
1634 2698 1756 2751 πτέ-

1383 286 1695 343 PIUEPAR.
1741 284 1988 342 EVANG.
2028 286 2155 343 LIB.
2195 286 2280 341 Ill.

1797 408 1849 466 Δ
2461 402 2685 460 CAPUT
2719 402 2830 459 Xll.

3301 284 3406 340 210

1976 495 2053 549 De
2106 496 2409 559 simulacro,
2441 499 2576 564 quod
2606 495 3063 564 Eleplmntinopoli
3102 496 3301 548 visitur.

1940 585 2095 655 Apud
2142 585 2665 655 Elephantinopolim
2708 585 2979 653 quoddam
3022 584 3287 653 ejusmodi
3338 583 3409 636 si-

1872 676 2175 731 mulacrum
2215 685 2561 743 venerantur,
2607 675 2752 745 quod
2800 676 3013 741 sedens,
3061 690 3126 729 ac
3172 673 3409 730 caeruleo

1867 768 2051 823 colore
2077 768 2366 831 imbutum,
2413 769 2533 838 ipso
2569 769 2785 837 quidem
2826 769 3069 837 corporis
3100 777 3292 823 trunco
3337 769 3410 822 vi-

1866 858 2019 912 rilem
2048 874 2157 927 pra:
2199 874 2256 913 se
2285 858 2388 913 fert
2423 860 2678 927 speciem,
2715 861 2899 915 arietis
2944 876 3075 916 vero
3106 870 3267 930 caput
3311 860 3409 915 ha-

1865 950 1975 1014 bet,
2001 950 2055 1003 in
2079 965 2251 1019 eoque
2277 950 2552 1019 proprium
2577 966 2639 1005 ac
2662 952 2976 1020 primarium
3004 942 3229 1024 insigne,
3271 952 3407 1008 hirci

1867 1057 2094 1109 cornua,
2148 1044 2345 1112 quibus
2393 1044 2632 1099 circulus
2691 1044 2822 1098 disci
2873 1044 3042 1113 ﬁgura
3089 1044 3407 1099 sustinetur.

1868 1133 1998 1201 Ejus
2026 1144 2204 1187 autem
2238 1135 2475 1189 sedentis
2502 1136 2569 1189 ad
2606 1137 2769 1203 pedes
2798 1135 2961 1190 ﬁctile
2988 1140 3102 1190 vas
3142 1135 3308 1204 jacet,
3353 1135 3406 1188 in

1866 1238 1973 1291 quo
2003 1223 2210 1281 scilicet
2246 1224 2408 1276 homo
2441 1224 2692 1295 ﬁngatur.
2723 1225 2788 1278 Et
2831 1226 3053 1281 arietina
3084 1227 3302 1294 quidem
3335 1226 3409 1280 fa-

1863 1312 1996 1378 cies,
2032 1312 2361 1384 caprinaque
2403 1331 2626 1379 cornua,
2658 1317 2952 1371 solemnem
2990 1317 3042 1371 in
3090 1317 3288 1372 Arietis
3332 1316 3408 1372 si-

1863 1415 1969 1469 gno
2016 1401 2147 1457 solis
2183 1418 2248 1455 ac
2281 1404 2422 1458 luna:
2463 1406 2934 1475 congressionem;
2974 1406 3234 1461 caeruleus
3274 1422 3405 1461 vero

1862 1492 2032 1555 color,
2065 1492 2206 1547 luna:
2239 1495 2345 1547 vim
2390 1494 2457 1548 ad
2490 1497 2757 1566 cogendas
2802 1506 2854 1551 ct
2897 1497 3188 1553 eliciendas
3234 1514 3405 1566 aquas

1863 1581 1917 1633 in
1946 1596 2009 1635 ea
2034 1584 2418 1651 congressione
2439 1586 2759 1655 praecipuam
2793 1596 3159 1655 repraesentat.
3189 1584 3304 1641 Jam
3328 1603 3407 1641 se-

1862 1671 2096 1725 cundum
2132 1672 2276 1725 luna:
2320 1657 2602 1728 lumenin
2641 1674 2904 1744 Apollinis
2940 1676 3073 1730 urbe
3120 1690 3403 1731 consecra-

1862 1770 2006 1826 runt,
2054 1761 2210 1832 cujus
2237 1762 2545 1833 symbolum
2582 1766 2741 1821 homo
2777 1776 2860 1821 est
2898 1766 3171 1835 accipitris
3197 1768 3402 1821 vultum

1862 1853 2171 1922 praeferens,
2203 1871 2267 1910 ac
2299 1855 2611 1929 Typhonem
2658 1856 3034 1928 hippopotami
3064 1858 3242 1928 specie
3273 1875 3401 1914 con-

1860 1942 2155 1999 formatum
2195 1945 2379 2014 jaculo
2425 1947 2677 2015 subigens
2744 1948 3009 2003 Cancrum
3056 1948 3163 2002 albi
3205 1949 3401 2003 coloris

1860 2024 2210 2089 simulacrum
2237 2045 2339 2101 est,
2385 2051 2494 2106 quo
2524 2037 2707 2092 lunam
2751 2054 2910 2093 suum
2959 2038 3176 2094 aliunde
3222 2040 3403 2095 lmncn

1858 2126 2199 2180 emendicare
2248 2127 2574 2195 signiﬁcant,
2622 2128 3075 2199 quemadmodu’m
3129 2131 3402 2200 accipitris

1857 2216 2030 2280 vultu,
2081 2217 2264 2270 lumen
2301 2218 2476 2287 ipsum
2515 2234 2622 2272 una
2676 2235 2801 2274 cum
2841 2221 3036 2291 spiritu
3080 2223 3134 2278 in
3175 2239 3291 2279 eam
3337 2226 3403 2279 ab

1857 2311 1971 2365 sole
2013 2310 2267 2365 derivari.
2317 2310 2429 2365 Soli
2487 2312 2630 2366 enim
2693 2314 3001 2383 accipitrem
3038 2307 3399 2385 consecrant,

1855 2423 1964 2478 quo
1994 2416 2250 2478 tanquam
2286 2408 2508 2464 luminis
2553 2409 2754 2479 pariter
2789 2425 2853 2465 ac
2896 2410 3119 2479 spiritus
3156 2411 3402 2480 symbolo

1853 2505 1933 2559 uti
1968 2506 2159 2569 solent,
2198 2506 2392 2574 partim
2426 2505 2569 2574 quod
2605 2505 2983 2561 incitatissimo
3026 2500 3207 2561 volatu
3258 2505 3401 2559 fera-

1855 2608 1964 2665 tur,
1999 2599 2194 2668 partim
2227 2600 2371 2668 quod
2401 2600 2648 2654 altiorem
2680 2601 2732 2653 in
2776 2601 3075 2670 regionem,
3128 2601 3218 2654 ubi
3263 2600 3402 2677 lucis

1853 2693 2173 2763 plurimum,
2222 2694 2450 2747 volando
2492 2695 2702 2777 subeat.
2753 2683 3179 2764 Hippopotamus
3222 2704 3400 2769 autem

182 2794 348 2847 ρωμα
370 2781 432 2833 ὲκ
458 2781 755 2834 σπουδαίων
784 2782 1078 2853 συνέστηκε
1106 2782 1285 2836 λίθων.
1317 2784 1578 2857 Σημαίνει
1606 2786 1662 2839 δὲ
1694 2787 1745 2840 τὸ

1852 2785 2039 2854 polum
2074 2786 2322 2856 alterum,
2352 2785 2417 2839 ad
2455 2800 2615 2854 quem
2645 2784 2724 2839 sol
2756 2785 3009 2841 occidens
3039 2784 3399 2854 progreditur,

186 2870 285 2939 μὲν
320 2874 600 2939 γυποειδὲς
633 2874 802 2943 αὐτῆς
832 2874 927 2944 τὴν
954 2875 1271 2947 γεννητικὴν
1300 2879 1625 2947 πνευμάτων
1667 2896 1745 2931 σε·

1852 2891 1917 2930 eo
1976 2876 2214 2941 denotat,
2281 2875 2425 2942 quod
2482 2875 2546 2928 ad
2615 2890 2734 2929 sese
2814 2876 3037 2944 propius
3086 2876 3401 2929 accedentes

179 2960 351 3031 λήνην
373 2981 385 2991 ·
422 2966 486 3016 ἐκ
518 2966 624 3036 γὰρ
655 2965 746 3018 τοῦ
778 2965 1081 3035 πνεύματος
1119 2966 1318 3021 οἴονται
1360 2968 1745 3041 συλλαμδάνειν

1852 2968 2022 3037 hianti
2076 2983 2170 3023 ore
2216 2968 2521 3021 absorbeat.
2566 2967 2735 3021 Porro
2770 2968 2825 3022 in
2879 2968 2970 3023 illa
3017 2954 3153 3037 ipsa»
3185 2967 3402 3022 civitate

180 3052 272 3104 τὸν
308 3052 480 3119 γῦπα,
517 3056 732 3125 θηλείας
764 3056 940 3118 πάσας
962 3057 1399 3128 ἀποφαινόμενοι.
1436 3059 1523 3112 Ἐν
1553 3060 1609 3113 δὲ
1639 3063 1745 3125 τοῖς

1852 3059 2055 3124 Horum
2102 3074 2200 3128 pro
2247 3059 2348 3111 deo
2400 3059 2601 3111 colunt.
2655 3055 2897 3112 Tertium
2931 3059 3164 3127 denique
3216 3058 3397 3111 lumen

181 3145 301 3197 κατ’
342 3144 615 3197 Ἐλευσῖνα
644 3146 955 3217 μυστηρίοις
996 3149 1024 3200 ό
1067 3150 1163 3219 μὲν
1208 3150 1527 3223 ἱεροφάντης
1567 3154 1643 3217 εἰς
1672 3155 1745 3207 εἰ-

1852 3151 2104 3220 religioso
2160 3150 2305 3203 cultu
2362 3147 2581 3223 Lucinae
2630 3148 2682 3202 in
2734 3149 2931 3219 Oppido
2966 3159 3396 3219 prosequuntur,

180 3237 315 3288 κόνα
348 3236 441 3288 τοῦ
472 3239 805 3308 Δημιουργοῦ
844 3243 1243 3306 ὲνσκευάζεται,
1277 3242 1529 3314 δᾳδοῦχος
1566 3246 1621 3299 δὲ
1669 3249 1745 3312 εἰς

1856 3244 2012 3316 117
2045 3242 2203 3313 cujus
2250 3240 2449 3311 eﬂigies
2502 3240 2700 3294 vulturi
2743 3224 2955 3305 femina:
2993 3255 3055 3295 ac
3081 3240 3281 3293 volanti
3325 3241 3402 3295 si-

180 3327 277 3397 τὴν
302 3328 453 3397 ἡλίου
478 3345 491 3357 ο
529 3329 620 3380 καὶ
659 3331 685 3381 ὀ
721 3330 818 3399 μὲν
864 3332 954 3383 ἐπὶ
993 3333 1161 3403 βωμῷ
1191 3335 1271 3395 εἰς
1300 3336 1400 3404 τὴν
1437 3336 1681 3409 σελήνην,
1718 3340 1745 3391 ό

1855 3338 2000 3391 milis
2042 3345 2144 3401 est,
2190 3335 2274 3390 eui
2318 3334 2417 3388 ala:
2456 3340 2533 3386 ex
2572 3330 2729 3386 lectis
2765 3318 3102 3399 eximiisque
3134 3330 3403 3399 lapidibus

178 3419 235 3472 δὲ
270 3420 559 3490 ἰεροκήρυξ
601 3420 819 3491 Ἑρμοῦ.
857 3424 965 3475 Καὶ
1013 3425 1294 3494 ἄνθρωπος
1331 3426 1387 3479 δὲ
1424 3430 1553 3499 παρ’
1588 3432 1745 3497 Αἰγυ-

1854 3436 2119 3484 contextae
2158 3434 2429 3495 aptantur.
2473 3426 2646 3494 Atque
2685 3423 2785 3478 hac
2814 3422 3042 3477 vulturis
3083 3423 3277 3491 specie,
3323 3422 3402 3475 lu-

178 3512 360 3576 πτίοις
400 3516 457 3566 ἐν
499 3518 609 3578 τοῖς
659 3516 819 3586 ἰεροῖς
851 3509 1232 3587 παρείληπται.
1272 3519 1501 3588 ’Ἃναμις⁹
1533 3520 1609 3587 (2)
1636 3521 1743 3591 γάρ

1854 3535 1979 3573 nam
2008 3519 2117 3571 vim
2148 3517 2397 3587 gignendi
2428 3514 2709 3583 cicndiqne
2747 3518 2936 3567 ventos
2964 3514 3158 3567 habere
3196 3512 3401 3584 signiﬁ-

179 3606 298 3657 ἐστι
329 3605 489 3677 κώμη
531 3608 824 3675 Αἰγύπτου,
861 3610 917 3661 ὲν
1044 3607 1399 3683 θεραπεύεται
1437 3609 1739 3681 ἄνθρωπος,

1852 3619 1991 3675 cant,
2020 3608 2266 3662 vultures
2301 3619 2500 3670 autem,
2531 3623 2671 3676 quas
2696 3622 2884 3660 omnes
2908 3606 3136 3660 feminas
3160 3621 3279 3660 esse
3310 3622 3400 3659 vo-

182 3695 277 3748 καὶ
324 3695 510 3749 θύεται
566 3697 757 3769 τούτῳ,
802 3700 895 3752 καὶ
939 3700 1029 3752 ἐπὶ
1076 3698 1182 3751 τῶν
1229 3697 1424 3769 βωμῶν
1463 3700 1532 3754 τὰ
1576 3702 1743 3773 ἱερεῖα

1852 3701 1985 3764 lunt,
2025 3714 2093 3752 ex
2132 3707 2294 3753 vento
2330 3698 2616 3767 concipere
2659 3697 3008 3771 arbitrantur.
3057 3697 3127 3749 At
3174 3712 3299 3750 vero
3343 3696 3399 3750 in

182 3787 426 3840 καίεται·
472 3790 501 3840 ό
546 3789 600 3840 δὲ
644 3791 759 3859 μετ’
787 3790 962 3861 ὀλίγον
1004 3793 1165 3862 φάγοι
1212 3793 1276 3845 ἂν
1318 3794 1384 3847 τὰ
1426 3794 1501 3855 ὡς
1542 3794 1606 3847 ἂν
1651 3796 1745 3847 ἁν-

1852 3787 2135 3857 Elcusiniis
2189 3788 2461 3857 mjsteriis
2537 3785 2761 3855 ipsemet
2820 3799 3101 3839 sacrorum
3170 3787 3409 3841 antistes

182 3876 386 3949 θρώπῳ
416 3876 566 3947 αύτῷ
604 3884 1109 3953 παρεσκευασμένα.
1140 3885 1259 3937 ’Ότι
1292 3884 1348 3937 δὲ
1393 3884 1511 3937 οὐδὲ
1535 3884 1601 3937 τὰ
1634 3883 1745 3955 ζῷα

1852 3882 2184 3945 Creatorem;
2217 3880 2309 3952 qui
2331 3878 2501 3957 facem
2538 3874 2773 3957 przel‘ert,
2808 3879 3009 3944 solem;
3040 3878 3131 3947 qni
3158 3880 3222 3933 ad
3248 3895 3409 3932 aram.

180 3966 335 4031 θεοὺς
370 3967 646 4039 ἡγοῦνται,
682 3971 890 4034 εἰκόνας
938 3973 994 4025 δὲ
1037 3973 1318 4027 ἐποιοῦντο
1367 3976 1461 4027 καὶ
1509 3974 1745 4052 σύμϐολα

1852 3974 2113 4035 consistit,
2147 3972 2368 4035 lunam;
2409 3956 2709 4045 sacrorum
2737 3969 2971 4052 denique
3018 3986 3213 4039 prxeo,
3261 3970 3399 4025 Mer-

179 4059 354 4115 ταῦτα
380 4060 539 4127 θεῶν,
565 4062 717 4132 δηλοί
733 4061 793 4114 τὸ
816 4063 1079 4134 πολλαχοῦ
1104 4065 1229 4133 βοῦς
1252 4067 1580 4135 ἀναχθέντας
1607 4050 1745 4132 θεοῖς

1852 4066 2059 4121 curium
2088 4063 2273 4117 habitu
2297 4077 2362 4116 ac
2393 4060 2571 4130 specie
2602 4050 2972 4132 reprazsentat.
3003 4060 3268 4117 Praeterea
3302 4060 3398 4116 ΑΞ-

249 4237 276 4267 ι
316 4224 426 4279 del.
462 4224 612 4280 ἀλλά.

246 4385 362 4455 (98)
387 4387 1076 4462 ι’ξθεφᾳντίνξηνμπόλιν.
1123 4390 1319 4447 Urbem
1359 4391 1730 4462 [Egyptiacam

181 4454 427 4528 agnoscit
456 4454 709 4528 Herodot.
752 4454 805 4513 in
848 4458 1085 4528 Euterpe,
1131 4464 1217 4516 ubi
1254 4454 1555 4517 crocodilos
1582 4467 1733 4520 urbis

183 4526 345 4601 hujus
383 4526 576 4581 incolis
626 4543 812 4583 sacros
842 4547 948 4585 non
978 4526 1100 4587 esse
1131 4534 1306 4595 docet,
1335 4550 1560 4601 eamque
1587 4535 1723 4588 Ther

180 4596 283 4675 bis,
320 4613 410 4675 xx.
437 4611 599 4675 supra
645 4612 774 4675 n(:_cc
805 4602 1101 4675 stadiorum
1133 4604 1417 4657 intervallo
1449 4596 1729 4675 disjungit.

180 4667 440 4745 agnoscit
483 4675 537 4720 et
582 4666 633 4745 in
690 4667 900 4729 Thalia.
938 4672 1171 4741 indeque
1199 4666 1733 4745 lehthyophagosvad

178 4736 477 4813 Gambysen
501 4736 1147 4813 ven_isse_commemorat.
1182 4745 1333 4797 Multi
1356 4736 1613 4798 'viiielicet
1644 4760 1734 4813 po-

180 4808 284 4879 puli
320 4808 425 4872 hoc
457 4808 701 4870 nomine,
729 4807 854 4861 licet
881 4812 1177 4879 praecipuos
1202 4816 1418 4877 Strabo,
1439 4817 1527 4869 lib.
1557 4807 1730 4879 xv,'in

178 4875 381 4955 Ariana
405 4879 797 4955 collocet,‘qu_a3
844 4875 1299 4955 ad__(_]armaniam
1356 4875 1524 4955 usque
1566 4875 1730 4953 perti-

179 4956 321 5024 neat.
354 4946 613 5024 _AgnosciLt
638 4946 1015 5024 A‘rrianuslih.
1045 4968 1118 5024 nr
1140 4953 1213 5024 De
1239 4959 1422 5024 exped.
1440 4946 1730 5016 "Aleiand;

180 5006 821 5094 Heliodoru_s__£thiopic.
856 5020 1052 5094 histor.
1107 5022 1199 5094 lib.
1241 5006 1733 5089 viiiinﬁtolemzens

180 5085 410 5164 insulam
586 5085 726 5164 esse
753 5091 933 5156 tradit,
963 5106 1081 5159 qua:
1105 5092 1281 5149 Plinio
1310 5085 1402 5151 lib.
1438 5114 1490 5163 v,
1523 5111 1641 5164 cap.
1676 5095 1731 5161 9,

181 5151 486 5222 Elephantis
512 5156 729 5213 dicitur.

240 5224 358 5305 (99)
393 5226 829 5305 ςΙπςξοποτάμῳ.
852 5230 1083 5305 Equum
1120 5232 1261 5305 hunc
1298 5234 1609 5305 ﬂuviatilem
1636 5232 1712 5288 He

178 5295 354 5375 ro_dot.
392 5294 446 5348 in
481 5293 804 5375 Euterpe;
843 5293 949 5354 13f
970 5305 1097 5357 edit.
1145 5301 1505 5369 Graec-Lat,
1536 5306 1731 5375 Papre—

144 5372 145 5375 ‘
178 5368 393 5444 mitan?
421 5372 629 5444 tantum
656 5369 990 5444 praefectura:
1029 5388 1241 5429 sacrum
1292 5388 1413 5427 esse
1462 5368 1554 5439 ait,
1582 5368 1703 5429 eum

177 5451 272 5516 quc
326 5435 591 5516 describit
616 5440 1039 5516 quadrupedem,
1076 5444 1251 5516 biﬁdis
1302 5435 1549 5516 pedibus,
1580 5446 1703 5499 bovi

178 5506 522 5585 pis‘ungulis‘,
548 5506 770 5585 simum,
790 5506 983 5578 equina
1011 5514 1161 5582 juha,
1190 5506 1377 5585 cauda,
1414 5506 1575 5579 vocer;
1603 5534 1727 5583 χαυ-

177 5573 431 5656 assam,
462 5574 645 5656 idest.
668 5577 805 5630 laxis
838 5573 892 5656 et
927 5573 1164 5656 exsertis
1202 5584 1473 5656 dentibus,
1507 5573 1728 5656 mafimi

176 5648 309 5701 tauri
344 5646 739 5715 magnitudine.
771 5650 926 5714 cujus
958 5667 1021 5705 ex
1051 5655 1289 5709 arefacta
1321 5654 1469 5707 corio
1503 5654 1730 5707 missilia

178 5716 321 5771 ﬁant.
361 5715 633 5773 Diodorus
680 5716 896 5775 Siculus
925 5721 1015 5775 lib.
1051 5740 1063 5777 l
1100 5723 1485 5795 propemodum
1516 5724 1721 5777 eadem.

1837 4398 2156 4453 Cubitorum
2201 4400 2249 4453 ei
2298 4395 3001 4468 quinqueﬂmagnitudinem
3053 4398 3259 4461 tribuit,
3290 4406 3397 4468 tres

1838 4479 2069 4538 utraque
2097 4486 2162 4522 ex
2194 4466 2346 4538 parte
2374 4467 2767 4538 χαυλιόδοντας,
2794 4467 2909 4536 apri
2944 4468 3203 4538 dentibus
3228 4466 3395 4538 majm

1837 4555 1946 4599 res,
1985 4536 2231 4606 equinas
2275 4536 2773 4607 aurcs;radditque
2821 4537 3075 4607 ἀμφίϐιον
3116 4551 3256 4597 esse,
3300 4537 3394 4607 qui

1842 4610 1943 4662 sub
1986 4609 2141 4676 aquis
2172 4607 2399 4661 interdiu
2432 4606 2729 4669 delitescat,
2766 4606 2927 4662 noctu
2962 4615 3191 4673 segetem
3227 4620 3289 4676 ac
3320 4606 3395 4659 fe-

1841 4694 1969 4730 num
2023 4674 2363 4746 depascatnr.
2396 4676 2496 4729 Adi
2530 4678 2591 4730 'et
2620 4677 3199 4746 Pausaniami'Hme.
3235 4674 3301 4734 α’.
3339 4692 3390 4744 p.

1843 4747 1966 4809 159,
2000 4756 2053 4801 et
2080 4748 2131 4799 in
2161 4748 2432 4810 Arcadia,
2456 4762 2509 4813 ι).
2541 4748 2666 4810 275,
2701 4748 2788 4817 ιῲὶ
2823 4746 2915 4807 ait,
2946 4745 3395 4817 Cyzicenos,Mn-

1839 4817 1964 4889 τρδς
1991 4817 2322 4889 Δινδυμήνης
2355 4818 2592 4889 ἄγαλμα,
2634 4833 2695 4870 ex
2730 4815 3071 4889 Proconneso
3118 4815 3392 4889 habuisse,

1840 4886 2234 4953 cujusrvultus.
2267 4891 2385 4941 ἀντὶ
2417 4888 2699 4955 ἐλέφαντος
2744 4887 2925 4939 ἵππων
2968 4886 3073 4937 τῶν
3120 4886 3396 4955 ποταμίων

1838 4956 2043 5022 ὀδόντες
2066 4955 2204 5029 ἦσαν
2230 4959 2591 5029 εἰργασμένοι.
2624 4957 2836 5029 Nummi
2860 4966 3086 5029 veteres,
3115 4967 3167 5011 et
3193 4957 3392 5009 oculati

1838 5036 2003 5081 testes
2061 5026 2377 5082 dissimilem
2426 5026 2543 5093 ejus
2592 5026 2822 5094 speciem
2859 5027 3133 5091 exhibent,
3163 5041 3393 5094 eamque

1840 5096 1959 5167 bovi
2000 5114 2271 5167 porcoquc
2309 5098 2623 5150 similiorem
2648 5112 2809 5165 quam
2839 5113 2999 5165 equo.
3032 5096 3217 5167 Porro,
3242 5096 3391 5167 quod

1840 5165 2151 5237 Typhonem
2186 5165 2565 5235 ’hippopotami
2614 5169 2791 5235 specie
2822 5168 3133 5237 ligurareut,
3163 5165 3235 5226 id,
3268 5166 3387 5233 opi-

1839 5236 1959 5301 nor,
1991 5239 2059 5290 ad
2093 5239 2349 5292 incestam
2386 5237 2678 5291 animantis
2705 5236 3218 5306 hujus’impietatem
3244 5249 3392 5289 retu-

1838 5306 2037 5369 lerunt,
2066 5308 2159 5377 qui
2184 5315 2388 5377 patrem
2420 5307 2691 5377 potiunda:
2711 5303 3152 5377 matriscupidus
3182 5305 3388 5359 interli—

1840 5376 1964 5441 ciat,
2001 5386 2059 5430 ut
2083 5374 2163 5429 ait
2191 5374 2464 5430 Plutarch.
2500 5376 2575 5430 De
2603 5378 2796 5431 Solert.
2822 5376 3044 5439 animal;
3076 5375 3185 5431 imo
3217 5383 3275 5431 et
3296 5377 3389 5428 de-

1840 5449 2066 5499 mOrtuis
2085 5446 2338 5498 carnibus
2356 5456 2625 5509 vescatur,
2666 5456 2721 5499 ut
2748 5446 2944 5499 Elian.
2978 5445 3071 5499 lib.
3104 5462 3198 5510 vn,
3222 5444 3385 5500 c.19.
3442 5460 3445 5461 ⁷

1934 5517 1984 5579 l)
2023 5516 2521 5583 Περιπολοῦντας.
2546 5517 2683 5581 Quid
2714 5517 2758 5568 si
2788 5513 3211 5583 περιπλέονταςὲ

1934 5517 1984 5579 l)
2023 5517 2521 5583 Περιπολοῦντας.
2546 5517 2683 5581 Quid
2714 5517 2758 5568 si
2788 5517 3211 5583 περιπλέονταςὲ

1908 5517 1982 5655 ίὲ)
2027 5587 2289 5651 Ἀναμις.
2336 5585 2528 5653 Supra,
2568 5604 2617 5655 p.
2648 5585 2735 5646 94,
2768 5585 2959 5653 legitur
2985 5586 3229 5648 'Avaﬁtc.
3287 5584 3386 5655 Fia-

1836 5654 1957 5710 cilis
1988 5655 2213 5708 mutatio
2240 5654 2333 5725 τοῦ
2354 5657 2402 5719 β
2431 5658 2483 5709 in
2513 5654 2579 5722 ιι,
2599 5663 2687 5709 ant
2720 5673 2759 5724 μ
2797 5656 2849 5708 in
2879 5656 2945 5725 β,
2974 5656 3243 5711 ouomodo
3270 5670 3299 5709 a
3323 5654 3386 5708 li-

1836 5725 2029 5779 bral'iis
2085 5724 2459 5795 pingeltanlnr.
