3936 6342
593 346 694 403 211
1265 346 1538 406 EUSEBII
1568 348 2049 407 CESARIENSIS
2085 349 2237 406 OPP.
2275 349 2458 407 PARS
2488 348 2551 406 II.
2582 379 2651 391 ——-
2670 303 3168 407 APOLOGIL'TICA.
3722 354 3817 408 212

596 464 762 535 gyptii
792 461 1089 531 hominem,
1129 464 1221 520 cui
1262 480 1419 522 sacra
1469 465 1705 536 faciant,
1756 468 1991 539 deligere
2032 483 2155 524 con-

2270 468 2331 523 ἐν
2359 471 2482 533 ταῖς
2512 468 2869 541 ἱερομηνίαις,
2914 468 3009 524 καὶ
3042 472 3162 534 ταῖς
3188 470 3325 542 πρὸς
3356 470 3478 535 τοὺς
3518 469 3671 533 θεοὺς
3709 469 3827 543 θρη-

596 564 908 612 sueverunt.
970 556 1199 613 Anamis
1242 558 1387 613 enim
1435 558 1655 632 Egypti
1698 577 1869 632 pagus
1912 570 2017 626 est,
2069 561 2155 617 ubi

2274 561 2482 626 σκείαις
2516 561 2813 631 βουθυτεῖν.
3858 562 3865 567 ’

594 647 762 702 homo
800 647 1153 718 religionibus
1185 659 1239 705 ct
1280 651 1565 709 sacriﬁciis
1601 653 1818 718 colitur,
1867 646 2027 723 eique
2068 654 2303 709 victimae
2342 654 2703 709 in-altaribus
2746 662 3085 725 cremantur;
3115 654 3230 724 ipse
3274 664 3454 710 tamen
3499 654 3660 725 paulo
3702 661 3827 722 post.

592 755 716 808 quas
752 739 853 795 sibi
903 749 1164 811 tanquam
1200 740 1410 798 homini
1445 755 1867 815 apponerentur,
1905 746 2134 801 libenter
2178 760 2403 801 omnmo
2434 745 2763 801 comederet.
2809 743 2947 800 Nam
3007 745 3154 816 quod
3197 745 3273 799 illi
3312 746 3502 801 brutas
3539 745 3829 800 animantes

592 834 726 888 deos
770 848 895 889 esse
930 848 1275 906 nequaquam
1310 838 1662 904 arbitrentur,
1711 840 1797 894 vel
1855 855 1922 895 ex
1964 856 2031 896 eo
2059 841 2250 909 liquet,
2297 840 2444 911 quod
2506 840 2563 894 in
2600 840 2872 911 plerisque
2919 840 3056 897 locis
3098 840 3265 899 boves
3308 840 3413 896 diis
3468 849 3820 913 consecratos,

593 923 929 981 solemnibus
972 921 1123 983 feriis
1169 924 1507 1000 deorumque
1544 931 2203 1003 religionibusimmolare
2244 934 2645 989 consueverint.

1187 1022 1417 1079 CAPUT
1478 1023 1619 1080 XIII.
1778 1038 1781 1041 ‘

2799 1025 3193 1081 ΚΕΦΔΛΔΙΟΝ
3232 1026 3333 1081 II".

662 1106 744 1165 De
780 1111 926 1179 bove,
966 1113 1059 1184 qui
1093 1114 1236 1182 apud
1264 1113 1588 1185 Heliopolim
1615 1113 1733 1171 Soli
1769 1116 2096 1171 immolatur.

2273 1115 2414 1186 Περὶ
2451 1114 2641 1169 τοῦέν
2671 1114 2869 1172 Ἠλίου
2890 1117 3378 1188 πόλειθυομένου
3409 1114 3489 1181 τῷ
3513 1114 3832 1182 ἡλίῳβοός.

671 1220 691 1253 ι
740 1201 857 1258 Soli
901 1204 1121 1276 quidem
1157 1214 1324 1278 atque
1351 1204 1519 1263 Luna:
1546 1208 1727 1264 boves-
1749 1218 2155 1265 consecrarunt.

2349 1224 2369 1258 ι
2402 1206 2567 1278 Ἡλίῳ
2585 1204 2683 1277 μὲν
2706 1203 2815 1276 γὰρ
2838 1205 2933 1261 καὶ
2956 1206 3153 1279 σελήνῃ
3177 1206 3300 1277 βοῦς
3322 1205 3625 1277 ἀνιέρωσαν
3640 1221 3655 1235 ·
3674 1204 3785 1258 ἀλλ’
3810 1205 3835 1258 ὃ

594 1289 698 1358 Qui
732 1308 897 1364 porro
940 1296 1042 1353 soli
1074 1298 1219 1367 apud
1260 1295 1584 1369 Heliopolim
1620 1314 1776 1355 sacer
1821 1311 1926 1367 est,
1958 1299 2155 1356 Mnevis

2269 1317 2333 1370 γε
2354 1300 2490 1371 ἡλίῳ
2528 1299 2882 1370 ἀνακείμενος
2940 1303 3000 1355 ὲν
3028 1302 3208 1353 Ἡλίου
3234 1299 3387 1352 πόλει
3418 1298 3492 1371 (3)
3518 1298 3836 1369 καλούμενος

594 1383 846 1451 nomine,
900 1393 1131 1442 cancros
1186 1387 1560 1457 magnitudine
1610 1397 1855 1458 superat,
1906 1388 2155 1461 idemque

2267 1389 2471 1454 Μνεῦις
2506 1389 2643 1463 βοῶν
2672 1392 2792 1444 ἐστι
2827 1389 3101 1463 μέγιστος,
3139 1391 3343 1462 σφόδρα
3388 1390 3573 1462 μέλας,
3609 1388 3836 1461 μάλιστα

592 1472 777 1530 colore
812 1477 1130 1548 nigerrimo,
1174 1478 1328 1549 quod
1370 1479 1792 1535 vehementioris
1841 1480 2155 1552 assiduique

2268 1484 2352 1538 ὅτι
2381 1484 2476 1538 καὶ
2513 1486 2543 1538 6
2581 1482 2731 1555 ἥλιος
2762 1485 2791 1537 6
2823 1482 2990 1547 πολὺς
3022 1482 3264 1555 μελαίνει
3308 1482 3381 1535 τά
3407 1480 3717 1552 ἀνθρώπεια
3744 1479 3836 1533 σώ-

592 1570 728 1625 solis
773 1571 938 1627 ardor
977 1574 1249 1641 nigrorem
1292 1574 1551 1631 humanis
1588 1575 1911 1644 corporibus
1969 1574 2155 1633 afferre

2274 1592 2440 1646 ματα.
2475 1576 2629 1646 Ἔχει
2674 1574 2733 1628 δὲ
2776 1576 2878 1649 τὴν
2922 1575 3090 1647 οὐρὰν
3123 1573 3275 1646 παρὰ
3312 1575 3439 1637 τοὺς
3471 1572 3659 1634 ἀλλους
3697 1570 3835 1642 βοῦς,

592 1661 784 1725 soleat.
838 1663 1107 1722 Prazterea
1157 1668 1346 1723 caudae
1403 1667 1679 1738 totiusque
1723 1668 1970 1739 corporis
2018 1668 2155 1740 pilos

2265 1667 2359 1721 καὶ
2404 1667 2469 1721 τδ
2503 1668 2613 1722 πᾶν
2655 1665 2814 1738 σῶμα
2854 1666 3167 1737 ἀνάτριχον,
3207 1664 3457 1734 καθάπερ
3497 1665 3527 1717 6
3568 1663 3719 1733 ἡλιος
3754 1662 3839 1716 τὸν

515 1765 517 1767 ‘
594 1770 1008 1816 sursumversus
1054 1758 1321 1829 rcjectos,
1360 1770 1556 1832 praeter
1596 1762 1830 1818 aliorum
1867 1761 2034 1818 boum
2066 1777 2155 1817 na-

2262 1758 2504 1816 εναντίον
2674 1758 2822 1829 πόλῳ
2868 1760 3100 1811 ποιεῖται
3138 1758 3364 1830 δρόμον·
3412 1754 3538 1819 τούς
3568 1771 3629 1807 τε
3661 1754 3837 1824 ὄρχεις

590 1856 771 1903 turam
804 1850 989 1915 habet,
1034 1853 1496 1922 quemadmodum
1544 1855 1624 1911 sol
1655 1855 1991 1913 contrarium
2032 1854 2155 1925 polo

2262 1853 2585 1926 μεγίστους,
2652 1849 2944 1924 ἐπειδήπερ
2980 1851 3010 1902 6
3046 1850 3175 1920 περὶ
3216 1848 3286 1902 τὰ
3331 1847 3617 1920 ἀφροδίσια
3659 1845 3838 1916 ἵμερος

590 1956 816 1997 cursum
854 1942 1111 1998 instituit.
1156 1944 1413 2002 Testibns
1463 1955 1549 2002 est
1585 1947 1864 2013 maximis,
1900 1947 2049 2018 quod
2084 1946 2155 2001 rei

2264 1945 2473 2015 γίνεται
2500 1940 2606 1996 ύπδ
2638 1939 2990 2013 θερμότητος,
3037 1941 3126 1993 ὅτε
3175 1942 3205 1995 6
3243 1938 3392 2010 ἣλιος
3439 1949 3467 1978 ι
3492 1934 3838 2008 σπερμαίνειν

587 2042 838 2087 venerea:
866 2032 1136 2102 cupiditas
1154 2034 1210 2088 vi
1239 2034 1439 2089 caloris
1459 2037 1748 2102 excitetur,
1775 2037 2000 2109 ipseque
2028 2037 2155 2092 adeo

2262 2036 2478 2105 λέγεται
2510 2032 2609 2106 τὴν
2650 2030 2832 2101 φύσιν.
2868 2032 3075 2107 Σελήνῃ
3114 2031 3172 2084 δὲ
3220 2028 3419 2101 ταῦρον
3466 2025 3746 2091 ἀνέθεσαν,
3782 2025 3838 2079 δν

587 2121 675 2177 sol
706 2132 959 2178 naturam
991 2122 1285 2181 fecundare
1309 2125 1545 2182 dicatur.
1584 2126 1751 2182 Luna:
1772 2142 1915 2182 vero
1941 2136 2155 2182 taurum

2268 2128 2432 2181 ’Δπιν
2451 2122 2864 2196 ἐπονομάζουσι,
2892 2124 3097 2196 μέλανα
3123 2124 3219 2194 μὲν
3244 2121 3339 2176 καὶ
3363 2118 3524 2174 αὐτὸν
3551 2118 3695 2189 ὑπὲρ
3720 2118 3839 2181 τοὺς

590 2211 869 2279 dicarunt,
926 2228 1091 2284 quem
1139 2213 1300 2287 Apim
1355 2217 1670 2282 nominant,
1718 2217 1933 2288 nigrum
1981 2217 2155 2287 ipsum

2266 2218 2478 2282 ἄλλους,
2507 2217 2738 2289 φέροντα
2766 2214 2822 2269 δὲ
2848 2218 3047 2288 σημεῖα
3075 2214 3224 2286 ἡλίου
3254 2213 3349 2267 καὶ
3373 2212 3617 2283 σελήνης,
3645 2212 3729 2263 ὅτι
3752 2208 3840 2264 καὶ

594 2319 813 2375 quoque
844 2320 955 2375 prae
980 2306 1212 2371 ueteris,
1245 2308 1499 2378 quodque
1527 2308 1656 2363 luna
1690 2323 1852 2363 suum
1882 2323 1913 2361 a
1939 2309 2054 2363 sole
2083 2307 2155 2362 lu-

2266 2311 2367 2382 τῆς
2402 2310 2630 2383 σελήνης
2658 2310 2721 2364 τδ
2751 2308 2869 2381 φῶς
2898 2310 2959 2377 ἐξ
3000 2307 3149 2379 ἡλίου
3169 2325 3183 2337 ·
3216 2306 3367 2377 ἡλίου
3401 2305 3458 2357 δὲ
3510 2305 3757 2376 σημεῖον,
3782 2302 3838 2355 τὸ

593 2405 721 2446 men
749 2392 1001 2463 accipiat,
1029 2394 1160 2449 solis
1186 2404 1448 2465 praeterea
1486 2396 1739 2468 lunaeque
1763 2396 1999 2467 insignia
2024 2412 2155 2467 prte-

2271 2400 2438 2473 μέλαν
2459 2400 2551 2454 τοῦ
2581 2399 2850 2471 σώματος,
2882 2398 2977 2453 καὶ
3019 2400 3049 2451 6
3082 2397 3186 2451 ὑπὸ
3211 2398 3276 2468 τῇ
3306 2394 3516 2468 γλώττῃ
3551 2392 3837 2465 κάνθαρος

592 2481 879 2541 ferentem.
905 2486 985 2542 Ac
1011 2486 1144 2543 solis
1187 2487 1408 2558 quidem
1448 2488 1662 2560 insigne
1689 2498 1794 2555 est,
1830 2505 1956 2545 cum
1992 2489 2155 2560 ipsius

2271 2491 2499 2565 σελήνης
2543 2492 2600 2547 δὲ
2642 2489 2907 2563 σύμϐολον
2929 2490 2990 2550 τό
3016 2506 3078 2542 τε
3114 2487 3396 2560 διχότομον
3432 2488 3525 2540 καὶ
3568 2486 3837 2557 ἀμφίκυρ-

587 2575 838 2644 corporis
862 2575 1070 2648 nigror,
1113 2584 1229 2634 tum
1278 2575 1443 2632 etiam
1475 2578 1542 2646 is,
1573 2579 1668 2649 qui
1699 2578 1802 2636 sub
1833 2579 2020 2646 lingua
2052 2580 2162 2635 haz-
2267 2602 2379 2638 τον.
2423 2604 2443 2637 ι

585 2675 691 2730 ret,
724 2668 1065 2725 scarabazus:
1093 2669 1304 2726 Lunam
1332 2687 1458 2728 vero
1488 2671 1688 2741 partim
1727 2671 1958 2726 orbiculi
1984 2670 2275 2742 dimidiati,
2311 2676 2508 2746 partim
2535 2674 2817 2730 dimidiato
2846 2673 3070 2744 majoris
3098 2674 3265 2744 ﬁgura
3299 2678 3697 2742 repraesentata

658 2758 838 2829 Atque
868 2759 983 2815 haec
1016 2776 1046 2816 a
1070 2762 1230 2818 nobis
1262 2778 1330 2818 ex
1368 2762 1659 2835 Porphyrii
1703 2763 1923 2834 scriptis
1957 2764 2013 2818 in
2039 2765 2155 2835 epi-

2327 2765 2513 2819 Ταῦτά
2545 2783 2637 2837 μοι
2671 2767 2737 2821 ὲκ
2765 2766 2867 2839 τῆς
2896 2765 2989 2820 τοῦ
3038 2765 3434 2838 προειρημένου
3482 2762 3673 2833 ἀνδρὸς
3704 2778 3835 2835 γρα-

586 2859 774 2906 tamen
807 2851 1027 2907 redacta
1054 2852 1346 2920 suﬂiciaut,
1380 2854 1520 2909 nihil
1556 2862 1616 2909 ut
1641 2868 1834 2910 eorum
1867 2840 2155 2927 llsi‘nos

2262 2858 2368 2929 φῆς
2414 2858 2830 2930 ἐπιτετμήσθω,
2880 2858 2957 2922 ώς
3001 2858 3068 2912 ἂν
3122 2857 3288 2929 μηδὲν
3335 2857 3481 2928 ἡμᾶς
3524 2853 3675 2907 λάθοι
3732 2854 3837 2906 τῶν

587 2941 775 3008 lateat,
811 2957 934 3013 quae
959 2946 1239 3001 recondita
1279 2946 1364 3001 vel
1398 2945 1715 3001 Graecorum
1749 2947 1835 3002 vel
1872 2945 2155 3019 Egyptia-

2262 2951 2586 3023 ἀπορρήτων
2630 2950 2734 3022 τῆς
2770 2949 3086 3022 Ἑλληνικῆς
3153 2948 3289 3025 δμοῦ
3331 2933 3437 3001 καί
3465 2946 3835 3016 Αἰγυπτιακῆς

588 3050 711 3089 rum
751 3033 1023 3108 theologia
1062 3037 1643 3110 continentur..Cujus
1680 3036 1925 3109 profecto
1974 3038 2155 3097 deser-

2262 3040 2539 3111 θεολογίας
2557 3058 2572 3073 ο
2600 3036 2671 3115 ἦς
2701 3041 3011 3105 ἀποστάτας
3055 3040 3279 3103 ἑαυτοὺς
3321 3039 3414 3091 καὶ
3441 3038 3683 3107 φυγάδας
3712 3040 3835 3107 ὀμο-

588 3134 738 3182 tores
774 3142 876 3182 nos
920 3142 985 3183 ac
1012 3128 1327 3201 transfugas
1354 3138 1550 3200 sponte
1580 3130 1924 3197 confitemur,
1958 3129 2159 3200 quippe

587 3217 684 3287 qui
726 3218 992 3289 castigato
1036 3221 1197 3291 plane
1246 3228 1572 3291 maturoque
1614 3221 1844 3276 consilio
1893 3236 2000 3276 una
2031 3236 2157 3276 cum

588 3308 800 3363 caeteris
845 3309 951 3364 ista
1001 3324 1220 3379 quoque
1252 3310 1627 3378 rejecerimus.
1676 3308 1863 3379 Neque
1902 3325 2037 3365 vero
2070 3324 2158 3365 me

589 3411 855 3467 arrogans
881 3398 986 3453 ista
1012 3398 1234 3453 terrebit
1256 3400 1454 3466 oratio,

629 3508 739 3563 Fas
769 3512 958 3581 quibus
986 3520 1065 3565 est
1100 3512 1348 3579 narrabo,
1392 3513 1530 3581 [ores
1560 3512 1851 3569 claudunto
1880 3514 2116 3584 profani.

588 3664 812 3724 Profani
854 3668 1043 3740 utique
1094 3684 1204 3726 non
1248 3685 1371 3737 nos,
1416 3671 1512 3727 sed
1556 3671 1651 3741 qui
1697 3680 1885 3743 turpes
1922 3672 2059 3730 adeo
2093 3688 2158 3728 ac

590 3761 807 3831 putidas
849 3760 919 3818 de
955 3762 1271 3828 scarabaeis,
1309 3779 1374 3820 ac
1410 3764 1620 3819 caeteris
1652 3764 1706 3820 id
1735 3781 1908 3836 genus
1945 3766 2157 3822 anima-

588 3854 731 3910 libus
764 3855 833 3923 ab
864 3856 1012 3910 omni
1044 3856 1253 3911 ratione
1286 3858 1476 3914 vacuis
1504 3856 1715 3914 fabulas
1748 3872 1848 3928 pro
1877 3858 2159 3928 sapientia

590 3945 790 4000 divina:
831 3946 1008 4002 sensis
1052 3947 1434 4015 venditarunt;
1480 3948 1597 4019 qui,
1638 3957 1701 4003 ut
1747 3948 1964 4004 divinus
2007 3948 2157 4019 Apo-

2254 3134 2728 3207 λογοῦμιν,κρίσει
2754 3134 2851 3187 καὶ
2881 3129 3126 3202 λογισμῷ
3154 3129 3387 3201 σώφρονι
3420 3130 3512 3182 καὶ
3544 3130 3667 3183 τάδε
3702 3144 3835 3199 παρ-

2256 3226 2629 3299 αιτησάμενοι.
2690 3223 2768 3281 Οὐ
2803 3224 2913 3296 γάρ
2948 3240 3017 3295 με
3047 3225 3082 3295 ἡ
3127 3220 3341 3288 ἀλαζὼν
3375 3222 3632 3295 ἐκπλήξει
3665 3220 3830 3291 φωνὴ,

2330 3508 2659 3584 Φθέγξομαι
2700 3504 2793 3575 οἷς
2840 3507 3006 3579 θέμις
3037 3507 3205 3604 εστι,
3244 3507 3427 3575 θύρας
3464 3500 3832 3644 ῗὲέἓττίὲῗῖθεν

2258 3674 2501 3748 φήσασα.
2551 3672 2777 3745 Βέϐηλοι
2820 3671 2951 3741 γοῦν
2998 3670 3097 3741 οὐχ
3153 3670 3333 3740 ἡμεῖς,
3385 3666 3501 3721 ἀλλ’
3539 3667 3594 3720 οῖ
3632 3683 3699 3736 γε
3738 3667 3833 3733 τάς

2255 3765 2471 3820 τοιάσδε
2502 3765 2735 3836 αίσχράς
2764 3764 2859 3818 καὶ
2893 3763 3159 3833 ἀπρεπεῖς
3191 3758 3516 3831 μυθολογίας
3549 3760 3832 3833 κανθάρων

2258 3854 2386 3927 πέρι
2423 3855 2519 3908 καὶ
2560 3852 2765 3923 θηρίων
2810 3850 3020 3919 ἀλόγων
3059 3851 3252 3919 σοφίας
3296 3848 3545 3918 θεολόγου
3596 3850 3833 3921 νοήματα

2258 3942 2396 4000 εῐναι
2424 3943 2853 4014 ἀποφηνάμενοι⁸
2875 3942 2947 4006 οἳ,
2973 3941 3113 3995 κατά
3131 3941 3222 3995 τὸν
3253 3940 3549 4013 θαυμάσιον
3586 3941 3833 3994 Ἀπόσιτο-

591 4035 765 4089 stolus
814 4034 1086 4103 loquitur,
1121 4036 1363 4092 Dicentes
1412 4054 1464 4091 se
1502 4054 1617 4093 esse
1663 4038 1954 4107 sapientes,
2005 4038 2155 4091 stulti

2262 4038 2373 4101 λον,
2402 4034 2743 4106 φάσκοντες
2764 4031 2918 4090 εἶναι
2947 4034 3148 4103 σοφοὶ,
3174 4033 3632 4112 ἐιιμυροίνςθηονοῑν⁸
3666 4032 3750 4084 ὅτι
3771 4030 3831 4100 δὴ

592 4127 725 4197 facti
758 4134 915 4189 sunt;
959 4134 1147 4197 utpote
1172 4129 1267 4207 qui
1297 4138 1633 4183 mutaverunt
1663 4130 1891 4199 gloriam
1918 4133 2155 4185 incorru-

2262 4126 2540 4196 ἤλλαξαν
2552 4126 2666 4196 τὴν
2686 4126 2872 4192 δόξαν
2898 4127 3005 4181 τοῦ
3030 4125 3333 4196 ἀφθάρτου
3373 4124 3522 4179 Θεοῦ
3554 4118 3833 4191 ὲνόμοιώ-

594 4218 794 4290 ptibilis
832 4219 931 4275 Dei
971 4221 1027 4273 in
1066 4219 1472 4275 similitudinem
1508 4220 1758 4287 imaginis
1793 4220 2155 4290 corruptibilis

592 4314 839 4380 hominis,
874 4324 924 4368 et
954 4315 1243 4379 volucrum,
1293 4325 1342 4368 et
1389 4313 1812 4384 quadrupedum,
1860 4322 1909 4366 et
1946 4328 2159 4381 serpen-

593 4410 727 4464 tium
754 4409 818 4458 ³⁸.
846 4406 915 4460 At
945 4409 1112 4481 enim,
1144 4406 1401 4478 quoniam
1430 4404 1753 4460 fabellarum
1784 4404 2014 4458 istarum
2037 4418 2159 4458 sen-

595 4516 691 4556 sus
721 4510 949 4554 arcanos
976 4497 1183 4551 scilicet
1219 4513 1284 4553 ac
1320 4496 1593 4569 mysteriis
1633 4495 1931 4567 pleniores,
1973 4494 2031 4549 in
2061 4509 2160 4549 na-

594 4602 743 4646 turas
777 4588 1020 4660 corporis
1059 4597 1308 4657 expertes
1349 4590 1634 4645 tralatione
1682 4588 1917 4659 quadam
1966 4597 2159 4641 contu-

595 4680 793 4746 lerunt,
849 4680 1034 4745 utique
1078 4691 1148 4731 ne
1189 4676 1257 4730 ad
1302 4691 1394 4731 eas
1435 4678 1489 4732 in
1523 4687 1825 4748 posterum,
1870 4692 1992 4747 qua:
2036 4691 2159 4731 cer-

598 4781 821 4837 nuntur,
855 4770 1042 4825 mundi
1082 4778 1282 4838 partes,
1322 4767 1414 4821 sed
1461 4771 1644 4837 potius
1676 4770 1743 4823 ad
1793 4778 2016 4823 naturas
2062 4768 2159 4821 ali-

500 4914 508 4923 ,
599 4874 739 4927 quas
768 4874 868 4913 nec
896 4859 1169 4928 subiectas
1199 4857 1395 4923 oculis,
1427 4872 1527 4911 nec
1559 4858 1611 4909 in
1642 4872 1843 4926 corpus
1870 4856 2159 4911 immersas

598 4952 825 5006 deorum
881 4964 1105 5006 suorum
1156 4952 1492 5007 molitionem
1555 4946 1758 5001 referre
1810 4948 2157 5015 viderentur;

599 5050 907 5112 spectemus
957 5041 1089 5095 illud
1135 5044 1320 5107 etiam,
1356 5056 1485 5097 num
1522 5039 1680 5109 longe
1728 5046 1947 5109 praestet
1993 5053 2158 5091 unam

597 5135 780 5202 potius
820 5132 1059 5188 divinam
1091 5132 1267 5186 colere
1301 5148 1366 5186 ac
1407 5131 1654 5187 venerari
1687 5136 1959 5193 naturam,
1994 5143 2158 5197 quam

598 5224 784 5292 plures
832 5240 953 5279 esse
987 5222 1260 5277 arbitrari.
1310 5221 1446 5277 Nam
1493 5224 1539 5278 si
1588 5224 1771 5277 multae
1807 5222 1860 5275 in
1907 5235 2020 5273 uno
2065 5234 2161 5274 eo-

598 5317 844 5396 demque
870 5330 1099 5387 corpore
1152 5314 1357 5383 liguraa,
1391 5325 1573 5382 partes
1609 5315 1796 5380 variae,
1838 5313 2160 5381 diversaque

668 5431 711 5463 ³³
752 5429 910 5484 Rom.
952 5448 993 5493 ι.
1031 5430 1121 5484 22.

662 5536 691 5565 ι
712 5522 819 5577 Ἵσ.
840 5524 929 5576 ὅτε
950 5523 1037 5594 ἦλ.

667 5630 775 5703 (3),
798 5631 1129 5703 ἘνλἩλίου
1152 5632 1342 5687 πόλει.
1384 5629 1519 5687 Vide
1551 5646 1712 5703 supra
1742 5648 1862 5703 pag.
1892 5633 1962 5688 47
1989 5641 2043 5687 et
2066 5632 2154 5687 5!.

599 5696 856 5775 Herodot.
876 5700 966 5763 lib.
987 5717 1045 5766 η,
1068 5718 1097 5756 a
1118 5706 1255 5758 mari
1282 5718 1500 5759 sursum
1523 5702 1589 5775 ad
1606 5696 1926 5775 Heliopdlim
1958 5718 2153 5775 usque,

600 5773 934 5826 intervallum
987 5787 1107 5829 esse
1152 5775 1224 5829 ait
1270 5774 1499 5830 σταδίων
1545 5774 1913 5829 πεντακοσίων
1945 5774 2038 5831 καὶ
2072 5792 2155 5845 χι-

2255 4236 2398 4291 ματι
2413 4223 2645 4287 εἰκόνος
2667 4221 2929 4290 φθαρτοῦ
2948 4218 3284 4288 ἀνθρώπου,
3298 4217 3399 4270 καί
3412 4213 3719 4283 πετεινῶν,
3738 4218 3832 4268 καί

2262 4312 2663 4379 τεκραπόδων,
2692 4313 2788 4367 καί
2839 4310 3120 4379 ἑρπετῶν.
3176 4309 3314 4362 Ἀλλ’
3362 4307 3484 4360 ἐπεὶ
3526 4308 3701 4360 πάντα
3744 4306 3831 4360 τὸν

2263 4408 2391 4478 περὶ
2411 4426 2614 4461 τουτων
2633 4406 2942 4477 ἀπόρρητον
2957 4402 3021 4474 δὴ
3038 4402 3131 4456 καί
3158 4400 3558 4471 μυστικώτερον
3581 4401 3736 4469 λόγον
3756 4401 3833 4458 είς

2260 4500 2584 4572 ἀσωμάτους
2610 4498 2867 4567 δυνάμεις
2910 4493 3288 4565 μεταφορικῶς
3328 4492 3550 4562 ἀνῆγον,
3586 4492 3724 4545 ὥστε
3752 4491 3829 4543 6o—

2261 4597 2376 4647 κεῖν
2408 4592 2596 4664 μηκέτ’
2625 4590 2718 4643 ἐπὶ
2759 4587 2829 4641 τά
2854 4586 3105 4659 ὁρώμενα
3156 4586 3297 4656 μέρη
3339 4585 3433 4638 τοῦ
3480 4586 3685 4656 κόσμου
3734 4583 3828 4653 τὴν

2262 4685 2533 4739 θεοποιῖαν
2559 4679 2737 4735 αὐτῶν
2766 4678 3075 4743 συντείνειν,
3103 4677 3216 4731 ἀλλ’
3256 4677 3347 4730 ἐπί
3388 4695 3543 4740 τινας
3572 4676 3827 4748 ἀοράτους

2261 4779 2356 4830 καὶ
2388 4774 2713 4843 ἀσωμάτους
2738 4770 3024 4841 δυνάμεις·
3074 4770 3399 4842 σκεψώμεθα
3431 4771 3479 4821 εί
3513 4766 3587 4838 μὴ
3619 4766 3714 4820 καὶ
3742 4764 3827 4818 οὖ-

2260 4886 2367 4931 τως
2399 4865 2526 4937 μίαν
2559 4862 2664 4935 χρὴ
2690 4861 2789 4933 τὴν
2818 4861 2966 4917 θείαν
2999 4862 3229 4933 δύναμιν
3260 4856 3688 4928 ἀποθαυμάζειν,
3718 4855 3825 4909 ἀλλ’

2261 4959 2320 5010 ού
2349 4954 2547 5018 πολλὰς
2591 4951 2859 5023 ἡγεῖσθαι.
2892 4953 3027 5006 Οὐδὲ
3069 4952 3178 5023 γὰρ
3222 4950 3341 5003 ἐπεὶ
3374 4945 3545 5000 πολλά
3580 4946 3828 5017 σχήματα

2262 5050 2355 5101 καὶ
2390 5047 2529 5119 μέρη
2563 5046 2657 5118 καὶ
2692 5045 2823 5117 μέλη
2858 5047 2947 5117 ὑφ’
2984 5046 3065 5100 ἑνὶ
3100 5043 3311 5113 σώματι
3353 5038 3822 5111 δεδημιούργηται,

2260 5138 2528 5200 τοσαύτας
2557 5137 2695 5209 χρῆν
2736 5138 2814 5210 (4)
2848 5140 2997 5210 ἡμᾶς
3036 5136 3134 5197 τάς
3162 5132 3339 5204 ψυχὰς
3384 5128 3527 5200 ἔχειν
3561 5130 3821 5202 ἡγεῖσθαι.

2261 5231 2381 5284 οὐδὲ
2405 5229 2690 5294 τοσούτους
2716 5232 2944 5303 ποιητὰς
2962 5230 3057 5283 καὶ
3082 5224 3446 5297 δημιουργοὺς
3466 5224 3559 5277 τοῦ
3583 5224 3823 5295 σώματος

2263 5319 2532 5393 νομίζειν·
2560 5322 2692 5376 ἀλλά
2724 5324 2818 5377 καὶ
2852 5322 3028 5393 ψυχὴν
3056 5318 3185 5389 μίαν
3225 5316 3286 5369 τὺ
3317 5318 3424 5370 πᾶν
3455 5315 3615 5388 σῶμα
3639 5315 3820 5378 κινεῖν,

2262 5642 2410 5784 λὰξ)ἔῇ
2449 5709 2635 5782 Χρῆν.
2678 5707 2827 5765 Alter
2852 5719 2883 5762 e
2910 5718 3211 5771 manuscr.,
3240 5720 3369 5775 χρη,
3397 5716 3456 5759 ιιι
3488 5698 3652 5772 paulo
3679 5706 3845 5754 antea
