4044 6334
102 390 197 445 215

1289 385 1613 443 ΡΒᾸΞΡΑΒ.
1651 384 1899 441 EVANG.
1944 386 2071 440 LIB.
2106 384 2194 441 Ill‘.

3216 390 3327 444 αιι

104 508 187 561 καὶ
214 506 341 579 μίαν
368 507 698 579 δημιουργὸν
726 508 952 579 δύναμιν
998 511 1056 563 τὸ
1103 511 1212 563 πᾶν
1242 507 1379 573 ζῶον
1410 510 1630 588 τεκτήνο

1734 540 1743 565 ι
1771 509 2013 562 membra
2042 508 2313 563 elaborata
2345 518 2491 569 sunt.
2516 524 2621 563 non
2648 513 2828 564 tamen
2859 508 3114 563 continuo
3135 525 3317 561 verum

105 597 235 652 σθαι.
269 598 426 651 Οὕτω
466 599 531 669 δὴ
569 599 641 651 τὰ.
682 600 773 651 καὶ
811 599 903 651 ἐπὶ
947 599 1041 652 τοῦ
1085 598 1397 670 σύμπαντος
1434 600 1659 669 κόσμου,

100 690 207 755 ἐνὸς
239 693 334 763 μὲν
362 693 533 755 ὄντος,
586 695 678 747 καὶ
726 695 791 747 ἐκ
842 695 974 763 μιᾶς
1016 693 1114 764 τῆς
1161 694 1479 764 σωματικῆς
1533 696 1661 765 ὕλης

103 783 439 864 συνεστῶτος,
489 786 569 848 εἰς
620 785 760 856 μέρη
808 784 866 837 δὲ
912 784 1136 837 πλεῖστα
1174 784 1525 861 διῃρημένου,
1567 788 1661 841 καὶ

104 872 220 941 μίαν
264 873 373 925 τῶν
412 873 549 927 ὅλων
594 876 823 947 φυσικὴν
882 874 1219 945 συμπάθειαν
1275 875 1657 945 ὑποφαίνοντος

101 964 279 1035 κρᾶσίν
298 982 356 1018 τε
375 967 468 1019 καὶ
492 966 635 1037 μίξιν
655 966 763 1021 τῶν
788 971 844 1022 ἐν
865 965 1014 1036 αὐτῷ
1033 966 1328 1038 στοιχείων,
1348 966 1658 1031 ἀλλοιώσεις

99 1073 152 1110 τε
178 1057 267 1110 καὶ
300 1057 599 1128 μεταϐολὰς
626 1057 803 1113 αὐτῶν
844 1059 924 1121 εἰς
954 1058 1151 1111 ἐαυτάο
1197 1058 1316 1113 ὅλον
1357 1059 1414 1112 δὲ
1460 1061 1555 1113 καὶ
1596 1060 1658 1113 τὺ

101 1150 217 1213 πᾶν,
245 1150 340 1202 ἕνα
369 1149 571 1221 κόσμον
604 1152 697 1207 καὶ
731 1151 859 1221 μίαν
885 1150 1150 1222 ἁρμονίαν
1182 1152 1651 1222 ἐπιδεικνυμένουο

100 1245 151 1295 ού
179 1242 372 1306 πολλὰς
412 1244 547 1316 χρῆν
588 1242 933 1296 ὑποτίθεσθαι
977 1240 1342 1315 δημιουργοὺς
1381 1242 1654 1314 δυνάμεις,

101 1334 253 1405 μόνην
274 1334 329 1386 δὲ
354 1334 481 1403 μίαν
503 1332 789 1400 θεολογεῖν,
807 1333 905 1409 τὴν
938 1332 1012 1397 ώς
1032 1328 1246 1404 ἀληθῶς
1270 1333 1404 1387 Θεοῦ
1430 1334 1655 1404 δύναμιν

99 1425 182 1476 καὶ
212 1423 342 1476 Θεοῦ
375 1423 586 1492 σοφίαν.
619 1422 677 1476 '0
712 1424 768 1477 δὲ
794 1424 1005 1487 καὶτὰς
1031 1425 1407 1492 Αἰγυπτιακὰς
1428 1426 1653 1497 μυθολο-

96 1512 208 1580 γίας
226 1513 384 1567 πάλιν
404 1514 495 1567 ἐπὶ
516 1514 842 1588 ἀσωμάτους
869 1514 1157 1587 μεταφέρει
1181 1499 1455 1588 δυνάμεις,
1477 1518 1653 1572 λαθὼν

95 1607 122 1658 6
170 1606 471 1675 σοφώτατος
518 1584 678 1673 αύτὺς
730 1584 939 1662 ἑαυτόν.
986 1584 1252 1681 Ἀκήκοας
1290 1584 1398 1682 γὰρ
1444 1613 1500 1666 ἐν
1540 1617 1652 1677 τοῖς

98 1699 337 1769 πρόσθεν,
370 1701 516 1763 ὅπως
562 1701 654 1755 τὸν
691 1702 1011 1773 Χαιρήμονα
1057 1703 1151 1756 καὶ
1194 1702 1410 1766 πλείους
1461 1702 1649 1768 ἄλλους

95 1789 348 1859 ὡμολόγει
390 1789 509 1861 μηδ’
546 1790 674 1844 ἄλλο
718 1808 771 1844 τι
804 1792 910 1862 πρὸ
959 1791 1065 1846 τῶν
1095 1792 1385 1864 ὁρωμένων
1429 1794 1648 1865 κόσμων

1766 600 1856 664 sit,
1904 611 1999 656 aut
2040 616 2140 656 nos
2186 601 2403 656 totidem
2445 600 2731 656 animabus
2779 601 3051 671 praeditos,
3100 610 3191 661 aut
3244 610 3321 654 tot

1762 694 1926 748 unius
1970 692 2213 763 corporis
2243 703 2489 747 auctores
2510 702 2670 762 atque
2706 693 3032 747 architectos
3060 708 3180 746 esse
3207 694 3321 761 Opi-

1762 785 1914 839 nari:
1953 785 2046 840 sed
2094 802 2218 840 cum
2264 786 2480 839 unicam
2515 800 2637 840 esse
2678 785 2939 845 animam,
2982 799 3103 852 qua:
3144 793 3313 837 totum

1760 890 1961 945 corpus
1988 884 2223 941 moveat,
2248 884 2365 931 tum
2397 892 2559 930 unam
2592 890 2809 945 quoque
2838 874 2942 927 vim
2969 874 3313 938 effectricem,

1759 983 1881 1037 qua:
1925 976 2096 1022 totum
2152 969 2481 1025 animantem
2540 968 2725 1021 molita
2775 966 2863 1021 sit.
2912 966 3111 1021 Eodem
3157 967 3315 1035 plane

1758 1058 1920 1114 modo
1964 1057 2032 1113 de
2064 1059 2167 1114 hac
2197 1075 2379 1113 rerum
2408 1059 2758 1113 universitate
2786 1056 3145 1113 sentiendum.
3176 1058 3311 1111 Cum

1756 1164 1903 1204 unus
1929 1150 2000 1205 sit
2038 1150 2294 1215 mundus,
2320 1166 2385 1203 ex
2415 1165 2523 1219 una
2564 1149 2810 1204 similiter
2846 1136 3140 1218 eademque
3200 1164 3313 1203 enr-

1756 1256 1920 1311 porea
1951 1241 2182 1297 materia
2223 1238 2522 1306 conflatus,
2554 1234 2755 1309 quique
2781 1254 2903 1293 cum
2951 1239 3213 1307 plurimas
3257 1241 3309 1292 in

1755 1345 1937 1403 partes
1966 1333 2258 1399 dividatur,
2294 1342 2407 1387 tum
2452 1347 2580 1387 vero
2616 1347 2777 1385 unam
2814 1324 3101 1401 quamdam
3150 1341 3309 1399 atque

1754 1422 2063 1476 naturalem
2104 1422 2482 1475 universarum
2534 1420 2945 1475 consensionem
2996 1434 3105 1488 pra:
3144 1434 3201 1472 se
3234 1418 3309 1472 fc—

1753 1518 1858 1577 rat,
1898 1526 1963 1565 ac
2002 1520 2195 1575 praeter
2237 1524 2426 1563 eorum
2474 1508 2896 1571 elementorum,
2942 1520 3061 1575 quze
3104 1503 3303 1557 ambitu

1752 1616 1854 1657 suo
1883 1601 2251 1666 continentur,
2276 1600 2473 1669 partim
2502 1599 2944 1668 temperationem
2981 1604 3143 1665 atque
3175 1595 3307 1647 mix—

1751 1696 1977 1760 tionem,
2025 1694 2219 1764 partim
2252 1693 2430 1747 varias
2464 1692 2693 1746 aliorum
2731 1691 2783 1743 in
2814 1690 2919 1744 alia
2956 1688 3303 1751 mutationes,

1751 1788 2066 1841 universum
2099 1786 2276 1855 ipsum
2322 1793 2603 1854 praeterea,
2638 1782 2899 1836 mundum
2929 1796 3095 1834 unum
3144 1789 3303 1849 atque

92 1858 352 1950 ἡγεῖσθαι,
382 1858 640 1954 ἐν-ἀρχῆς
654 1901 713 1937 τε
731 1858 869 1955 λόγω
895 1858 1271 1949 τίθεσθαι-τούς
1300 1858 1622 1955 Αἰγυπτίους

1752 1896 1855 1933 una
1900 1893 2081 1932 rerum
2136 1877 2376 1931 omnium
2420 1873 2783 1929 concinnitate
2824 1872 3165 1941 aptissimum
3210 1885 3304 1923 ex-

95 1972 300 2037 τούτους
329 1976 435 2047 γὰρ
473 1978 649 2031 πάντα
674 1980 752 2042 εἰς
774 1978 841 2029 τὰ
864 1979 1086 2047 φυσικὰ,
1112 1980 1204 2034 καὶ
1235 1980 1387 2034 οὐδὲν
1410 1984 1487 2045 εἰς
1504 1982 1644 2035 ἀσω-

95 2066 283 2132 μάτους
317 2068 407 2120 καὶ
466 2068 645 2133 ζώσας
701 2070 887 2135 οὐσίας
934 2073 1275 2147 ἑρμηνεύειν.
1305 2064 1394 2128 Ἐἰ
1431 2076 1493 2147 δὴ
1527 2071 1640 2141 οὖν,

90 2156 219 2209 κατὰ
245 2159 339 2229 τὴν
359 2160 535 2213 αὐτῶν
586 2162 889 2231 ὁμολογίαν,
922 2163 1229 2231 Αἰγυπτίων
1257 2161 1323 2237 ἦν
1385 2165 1445 2218 τὸ
1477 2168 1642 2239 μηδὲν

87 2250 297 2318 ίωάγειν
317 2255 394 2316 εἰς
422 2253 741 2324 ἀσωμάτους
788 2257 882 2308 καὶ
908 2256 1089 2322 ζώσας
1136 2260 1341 2323 οὐσίας,
1378 2260 1554 2313 πάντα
1584 2262 1639 2314 δὲ

87 2344 150 2395 τὰ
168 2346 290 2415 περὶ
320 2345 454 2399 θεῶν
480 2348 660 2410 αὐτοῖς
719 2347 1157 2421 μυθολογούμενα
1206 2352 1297 2404 ἐπὶ
1328 2351 1397 2404 τὰ
1436 2354 1638 2420 φυσικά

87 2434 170 2486 τοῦ
197 2435 394 2505 κόσμου
428 2438 569 2507 μέρη
603 2440 946 2511 μεταφέρειν,
978 2442 1028 2494 τί
1052 2440 1114 2512 δὴ
1157 2440 1215 2505 ἐξ
1269 2442 1519 2513 ὑπαρχῆς
1544 2444 1635 2496 εὑ-

90 2524 494 2594 ρεσιλογοῦντες,
525 2529 839 2595 Αἰγυπτίοις
870 2530 937 2584 τὰ
968 2531 1229 2603 μηδαμῶς
1252 2533 1430 2587 αὐτῶν
1462 2536 1636 2588 οἰκεῖα

88 2617 471 2686 προσγράφετε,
536 2620 629 2672 ἐπὶ
671 2620 926 2693 δυνάμεις
969 2624 1287 2694 ἀσωμάτους
1334 2626 1633 2694 φάσκοντες

84 2706 265 2768 αὐτοὺς
282 2709 378 2779 τὴν
408 2710 685 2782 ἀναφορὰν
711 2712 812 2783 τῆς
842 2713 1115 2783 θεολογίας
1137 2716 1314 2770 αὐτῶν
1341 2718 1629 2785 ποιεῖσθαι;

85 2795 310 2851 Καθόλου
352 2800 448 2870 μὲν
479 2798 571 2855 οὖν
599 2801 768 2857 ταῦτα
794 2806 1079 2862 αἰτιατέον.
1104 2809 1214 2862 Καὶ
1243 2810 1335 2863 ἐπὶ
1365 2810 1471 2865 τῶν
1492 2811 1631 2865 κατά

87 2883 238 2955 μέρος
268 2888 323 2941 δὲ
354 2889 487 2960 ήγοῦ
496 2908 593 2959 μαι
621 2891 710 2944 τὸν
731 2893 949 2963 ἔλεγχον
975 2896 1073 2965 τῆς
1107 2900 1631 2973 κατηναγκασμένης

82 2978 372 3045 ἀποδόσεως
393 2981 572 3035 αὐτῶν
603 2982 663 3035 ού
701 2986 914 3055 μακρᾶς
933 2985 1237 3057 ἀνασκευῆς
1262 2988 1487 3045 δεῖσθαι.
1514 2992 1629 3046 Ἵνα

82 3068 178 3137 γὰρ
196 3070 284 3123 τὸν
314 3074 681 3142 Αἰγυπτιακὸν
708 3075 990 3147 παρελθών
1033 3095 1115 3142 τις
1170 3078 1352 3151 λῆρον,
1408 3082 1501 3135 καὶ
1531 3082 1629 3155 τὴν

82 3160 263 3264 πολλὴν
287 3166 462 3264 αύτῶν
494 3168 588 3222 καὶ
617 3170 899 3241 ἀδόλεσχον
954 3171 1237 3244 φλυαρίαν,
1275 3174 1367 3227 ἐπὶ
1396 3174 1495 3239 τάς
1519 3176 1626 3229 τῶν
1655 3206 1697 3264 C

81 3252 244 3321 σοφῶν
297 3252 561 3328 Ἐλλήνων
617 3263 859 3332 μετέλθοι
919 3264 1278 3333 φυσιολογίαςο
1306 3267 1390 3330 τίς
1416 3268 1515 3321 οὐκ
1558 3266 1626 3321 ἂν

76 3343 175 3396 τῶν
202 3342 260 3398 εὖ
288 3348 622 3418 φρονούντων
676 3352 899 3407 αὐτόθεν
952 3356 1370 3427 καταμέμψαιτο
1418 3360 1527 3422 τοῖς
1555 3356 1624 3411 τά

76 3436 283 3490 τοιαῦτα
310 3440 733 3511 παρεξηγεωθαι
784 3447 1177 3517 πειρωμένοις;
1236 3451 1414 3504 Ἔστω
1452 3451 1559 3521 γὰρ
1595 3452 1626 3504 6

78 3526 197 3590 Ζεὺς
226 3530 413 3599 μηκέθ’
451 3532 483 3601 ή
514 3529 769 3603 πυρώδης
796 3535 890 3587 καὶ
934 3536 1170 3607 αἰθέριος
1217 3538 1393 3602 ούσία,
1436 3540 1623 3611 ὥσπερ

76 3612 159 3670 οὖν
184 3624 290 3683 τοῖς
326 3622 569 3685 παλαιοῖς
623 3623 900 3693 ἐνομίζετο
956 3626 1095 3680 κατά
1136 3628 1227 3680 τὸν
1257 3629 1619 3699 Πλούταρχον,

77 3708 177 3761 ἀλλ’
205 3710 362 3775 αὐτὸς
384 3713 413 3765 6
445 3712 703 3766 ἀνωτάτω
732 3714 875 3778 νοῦς,
925 3718 953 3768 6
980 3715 1086 3769 τῶν
1116 3718 1250 3771 ὅλων
1273 3718 1618 3789 δημιουργὸς,

74 3798 99 3849 6
124 3799 186 3853 τά
210 3802 384 3857 πάντα
414 3802 712 3872 ζωογονιῖω·
750 3805 865 3868 πῶς
916 3801 1008 3859 οὖν
1050 3806 1199 3859 ἔσται
1230 3808 1415 3861 τούτου
1441 3810 1621 3881 πατὴρ

78 3891 164 3960 μὲν
188 3894 214 3945 6
240 3894 463 3965 Κρόνος,
503 3896 561 3949 ὃν
594 3914 755 3967 φασιν
783 3892 920 3949 εἶναι
949 3898 1037 3950 τὸν
1058 3899 1267 3969 χρόνον,
1296 3900 1419 3953 Ῥέα
1439 3900 1494 3954 δὲ
1524 3904 1621 3973 μή·

75 3998 185 4053 τηρ,
220 3984 284 4056 ῆν
314 3987 342 4039 6
368 3988 639 4058 ἑρμηνεὺς
692 3989 889 4060 ἔφησεν
945 3985 1082 4042 εἶναι
1116 3990 1213 4062 τὴν
1246 3992 1490 4064 πετρώδη
1528 3996 1619 4047 καὶ

74 4070 231 4142 δρειον
250 4074 511 4147 δύναμιν;
565 4077 677 4151 Τὴν
704 4078 811 4150 γὰρ
837 4080 1012 4150 ’Ἦραν
1044 4079 1141 4131 οὐκ
1191 4075 1283 4132 οἷδ’
1327 4082 1473 4145 ὅπως
1527 4083 1618 4137 τὸν

76 4163 215 4234 ἀέρα,
247 4170 337 4223 τὸν
366 4171 459 4224 καὶ
478 4168 671 4241 αἰθέρα
693 4170 1019 4243 προσειπὼν,
1061 4171 1293 4243 ἀδελφὴν
1344 4173 1480 4244 ὁμοῦ
1524 4177 1618 4236 καὶ.

76 4260 286 4319 γυναῖκά
316 4278 479 4333 φησιν
529 4256 665 4315 εῖναι
706 4261 801 4315 τοῦ
851 4262 1180 4333 κοσμοποιοῦ
1233 4265 1326 4316 καὶ
1356 4263 1615 4328 ζωοποιοῦ

78 4345 272 4403 πάντων
292 4351 403 4404 νοῦ.
443 4352 601 4405 Ἀλλά
631 4352 777 4424 καὶή
814 4351 972 4424 Λητὼ
1019 4352 1179 4405 πάλιν
1229 4352 1377 4424 ληθώ
1405 4370 1489 4417 τις
1514 4373 1616 4409 κα-

75 4434 247 4491 λείσθω
267 4441 352 4494 διά
378 4442 475 4515 τὴν
507 4442 647 4496 κατὰ
664 4443 755 4495 τὸν
786 4442 970 4511 ὕπνον,
1016 4444 1090 4507 ὥς
1124 4460 1305 4513 φασιν,
1361 4444 1615 4516 ἀναισθη-

1751 1971 1969 2036 hibeat;
2027 1984 2134 2023 non
2177 1968 2285 2038 jam
2336 1967 2517 2037 plures
2551 1964 2833 2019 facultates
2882 1963 3027 2018 illius
3065 1951 3300 2018 etfectri-

1749 2080 1840 2120 ces
1885 2058 2117 2134 ponere,
2167 2062 2259 2117 sed
2306 2075 2471 2116 uuam
2513 2068 2722 2114 tantum
2766 2071 2996 2125 eamque
3036 2071 3161 2111 vere
3206 2055 3297 2110 Dei

1746 2159 1880 2223 vim,
1913 2156 2118 2236 Deique
2147 2153 2467 2225 sapientiam
2496 2151 2679 2205 divino
2705 2164 2919 2220 quoque
2959 2149 3176 2202 nomine
3212 2164 3301 2202 ce-

1745 2248 1955 2302 lebrare
2006 2246 2265 2316 oportuit.
2308 2246 2380 2297 At
2416 2255 2599 2298 noster
2624 2242 2712 2296 ille
2748 2240 3101 2311 philosophus
3131 2238 3297 2310 Egy-

1743 2339 1950 2409 ptiacas
1997 2338 2159 2392 etiam
2206 2335 2417 2389 fabulas
2465 2336 2531 2388 ad
2555 2335 2772 2390 easdem
2820 2344 3040 2387 naturas
3070 2347 3298 2401 corpore

1743 2447 1949 2487 vacuas
1979 2432 2268 2486 traducere
2294 2435 2544 2483 conatur.
2572 2427 2629 2479 In
2664 2441 2774 2495 quo
2807 2426 3177 2495 suimetipsius
3201 2426 3295 2478 ho-

1741 2539 1832 2579 mo
1858 2522 2297 2578 consultissimus
2326 2520 2526 2575 oblitus
2548 2526 2648 2571 est.
2670 2516 2877 2587 Quippe
2906 2517 3124 2571 audiisti
3149 2516 3293 2569 enim

1740 2615 2015 2684 superius,
2052 2628 2175 2667 cum
2206 2622 2259 2666 et
2289 2611 2695 2666 Chzeremonem
2722 2618 2775 2664 et
2819 2608 2956 2662 alios
3004 2607 3293 2676 plerosque

1744 2705 1903 2777 119
1936 2704 2213 2771 fateretur,
2248 2704 2380 2758 nihil
2404 2703 2625 2758 omnino
2651 2708 2844 2773 praeter
2891 2698 3123 2753 mundos
3149 2698 3292 2762 illos,

1737 2814 1876 2868 quos
1892 2812 2087 2853 sensus
2108 2795 2424 2866 perciperet,
2450 2794 2750 2866 agnovisse,
2773 2791 3015 2861 adeoque
3032 2798 3289 2858 tanquam

1736 2892 1981 2946 omnium
2008 2890 2279 2961 principes
2310 2887 2593 2958 Egyptios
2622 2885 2887 2957 posuisse,
2933 2882 3077 2952 quod
3102 2882 3166 2936 ad
3202 2898 3290 2935 re-

1734 3000 1858 3039 rum
1884 2983 2212 3039 naturalium
2264 2982 2497 3036 rationes
2535 2982 2735 3044 omnia,
2784 2979 2917 3035 nihil
2948 2977 3014 3032 ad
3040 2986 3286 3045 expertes

1733 3076 1978 3147 corporis
1999 3077 2596 3144 viventesque-naturas
2617 3070 2933 3143 explicando
2950 3077 3285 3134 revocarent;

1732 3167 1782 3222 si
1808 3183 1958 3239 ergo,
1973 3167 2056 3222 vel
2095 3168 2324 3221 istorum
2351 3166 2714 3229 confessione,
2744 3164 3019 3233 proprium
3044 3161 3096 3217 id
3120 3159 3288 3231 IEgy-

1728 3257 1965 3327 ptiorum
1998 3255 2119 3320 fuit,
2155 3256 2288 3309 nihil
2330 3266 2389 3310 ut
2418 3256 2483 3310 ad
2518 3263 2763 3324 expertes
2804 3255 3049 3323 corporis
3094 3256 3285 3325 viven-

1730 3356 1918 3419 tesque
1950 3358 2174 3404 naturas
2196 3349 2560 3413 traducerent,
2601 3347 2693 3402 sed
2722 3361 3058 3417 quaecunque
3082 3346 3149 3401 de
3177 3346 3284 3402 diis

1729 3437 2130 3505 fabulabantur,
2163 3455 2223 3495 ea
2254 3439 2320 3493 ad
2360 3449 2541 3509 partes
2577 3438 2761 3492 mundi
2792 3438 3069 3493 naturales
3102 3438 3285 3493 omnia

1728 3545 2086 3599 revocarent;
2109 3549 2368 3603 quorsum
2403 3534 2617 3587 tandem
2645 3548 2781 3587 nova
2799 3549 2874 3588 ex
2901 3533 3108 3603 integro
3138 3548 3283 3587 com-

1728 3633 1908 3678 menta
1932 3626 2294 3691 ‘somniantes,
2346 3624 2611 3696 Egyptiis
2658 3626 2833 3680 aliena
2883 3640 3113 3695 quaeque
3144 3625 3283 3679 assi—

1727 3714 1926 3784 gnatis,
1954 3729 2169 3784 eosque
2188 3716 2511 3786 theologiam
2532 3732 2684 3771 suam
2722 3716 2774 3769 in
2791 3726 3015 3771 naturas
3039 3716 3107 3770 ab
3133 3715 3280 3769 omni

1725 3806 1998 3875 sejunctas
2032 3808 2258 3861 materia
2288 3808 2583 3862 contulisse
2608 3808 2907 3861 dictitatis?
2948 3808 3122 3874 Atque
3180 3806 3282 3859 hoc

1723 3899 1886 3953 modo
1934 3900 2196 3970 quidquid
2226 3899 2295 3953 ab
2334 3899 2454 3953 istis
2476 3899 2838 3967 excogitatum
2868 3908 2973 3961 cst,
3004 3896 3275 3951 confutari

1723 3992 2037 4047 universum
2061 4001 2254 4062 potest.
2288 3990 2407 4046 Jam
2425 4007 2554 4047 vero
2581 4000 2640 4045 ut
2672 3992 3008 4061 singularum
3039 3992 3273 4059 partium

1722 4093 1965 4139 coactam
2013 4084 2147 4139 adeo
2199 4091 2361 4153 atque
2397 4083 2687 4137 violentam
2722 4082 3275 4138 accommodationem

1723 4176 2053 4243 refellamus,
2089 4191 2195 4230 non
2226 4176 2386 4245 longa
2419 4176 2573 4230 nobis
2608 4175 2853 4230 oratione
2877 4190 3015 4244 opus
3046 4191 3166 4231 esse
3191 4194 3278 4230 ar-

1722 4269 1911 4325 bitror.
1952 4269 2108 4323 Enim
2138 4284 2286 4336 vero,
2320 4279 2378 4323 ut
2400 4267 2775 4341 Egyptiorum
2802 4268 3190 4337 deliramentis,
3215 4285 3278 4328 ac

1722 4364 1917 4419 stolida
1941 4380 2206 4435 nugarum
2232 4364 2457 4418 anilium
2488 4364 2739 4434 congerie
2771 4366 3162 4433 praetermissa,
3209 4365 3277 4418 ad

1721 4455 2017 4524 politorum
2067 4453 2376 4510 Graecorum
2436 4455 2829 4525 physiologiam
2885 4464 3271 4509 transeamus:

77 4528 199 4592 σίαν,
231 4533 320 4583 καὶ
340 4533 419 4585 ὅτι
449 4533 587 4604 λήθη
619 4534 941 4607 ξυνομαρτεῖ
968 4538 1086 4599 ταῖς
1136 4536 1239 4589 ὑπὸ
1265 4536 1489 4606 σελήνην
1526 4554 1617 4605 γε-

1734 4547 1867 4615 quis,
1901 4547 2152 4611 obsecro,
2213 4562 2361 4601 sana:
2394 4548 2592 4600 mentis
2618 4561 2733 4611 eos,
2767 4548 2859 4617 qui
2895 4555 3005 4600 tam
3038 4546 3276 4599 alienum

76 4624 301 4696 νομέναις
335 4624 552 4696 ψυχαῖςο
611 4626 730 4689 πῶς
764 4624 856 4681 οὖν
886 4630 918 4700 ή
954 4628 1094 4701 λήθη
1130 4629 1325 4697 γένοιτ’
1368 4628 1433 4681 ἂν
1459 4629 1610 4698 ἡλίου

76 4720 156 4771 καὶ
182 4719 398 4790 σελήνης
442 4719 647 4791 μήτηρ,
688 4721 1017 4784 Ἀπόλλωνος
1042 4723 1136 4775 καὶ
1176 4722 1485 4793 ’Δρτέμιδος
1504 4722 1612 4775 τῶν

76 4810 259 4881 Λητοῦς
292 4812 492 4867 παίδων
545 4814 624 4875 εἰς
654 4813 801 4882 ἥλιον
830 4815 923 4866 καὶ
954 4815 1177 4886 σελήνην
1214 4816 1610 4885 μετενηνεγμέ-

76 4916 193 4969 νωνς
226 4904 365 4959 Τίδέ
390 4903 492 4978 χρὴ
527 4904 803 4968 σέϐεινώς
835 4905 954 4958 θεὸν
984 4907 1081 4978 τὴν
1112 4908 1279 4983 ΔῬέαν
1314 4906 1344 4977 ἦ
1371 4906 1467 4977 τὴν
1503 4910 1609 4980 Δή-

77 5008 283 5066 μητραν,
312 5000 360 5053 ει
387 5000 420 5070 ἡ
450 4998 547 5069 μὲν
575 4997 673 5069 τῆς
722 4996 1024 5068 πετρώδους
1057 5002 1148 5053 καὶ
1196 4999 1373 5071 ὀρείου
1417 5000 1536 5067 γῆς,
1576 5004 1608 5071 ἡ

74 5081 121 5135 δὲ
144 5086 232 5155 τῆς
260 5088 503 5151 πεδιάδος
523 5087 594 5141 τὰ
628 5085 869 5157 σύμϐολα
897 5087 1079 5157 φέρειν
1104 5089 1317 5157 ἐλέγετο
1340 5104 1354 5154 ;
1407 5089 1517 5159 Τήν
1549 5108 1607 5143 τε

74 5170 232 5244 Κόρην
259 5177 350 5230 τὸν
377 5178 537 5248 κόρον
562 5175 1001 5247 ἀλληγοροῦντες,
1042 5179 1146 5231 τίνι
1189 5180 1329 5249 λόγῳ
1366 5177 1458 5230 καὶ
1480 5180 1607 5231 ταύ-

75 5280 155 5336 την
181 5267 374 5323 οἴονται
403 5270 513 5323 δεῖν
534 5272 599 5343 τῇ
632 5270 911 5341 σεϐασμίῳ
942 5273 1279 5343 προσηγορίᾳ
1307 5272 1507 5342 τιμᾷν;
1542 5272 1605 5324 Τί

74 5358 121 5412 δὲ
149 5361 331 5431 μᾶλλον
352 5361 453 5433 τήν
484 5361 893 5434 σπερμτοῦχον
926 5360 1171 5431 δύναμιν,
1218 5364 1309 5416 καὶ
1360 5362 1456 5432 τὴν
1499 5364 1605 5419 τῶν

76 5450 356 5523 ἀκροδρύων
385 5454 597 5522 γένεσιν
628 5456 791 5527 ἢτῶν
834 5452 971 5508 κατά
996 5452 1058 5505 τὸ
1112 5453 1211 5523 ἔαρ
1246 5457 1607 5525 προφαινομέ-

74 5557 168 5596 κυνῆ
184 5544 349 5598 ἀνθῶν
371 5546 465 5597 καὶ
494 5546 623 5616 πρὶν
674 5546 1106 5616 τελεσιογονῆσαι
1148 5546 1526 5618 διαρρεόντων.
1570 5548 1602 5618 ἢ

74 5632 157 5703 τῆς
179 5636 277 5689 τῶν
297 5636 513 5691 τελείων
553 5638 777 5707 καρπῶν
803 5639 1038 5708 ἐκτομῆς
1071 5637 1138 5690 τὰ
1196 5637 1456 5707 σύμϐολα,
1490 5640 1604 5696 Διό-

79 5741 205 5779 νυσον
239 5730 327 5783 καὶ
365 5730 553 5782 Ἀττιν
603 5730 695 5781 καὶ
744 5730 971 5782 ’Ἄδωνιν
1016 5729 1475 5800 ἐπονομάζοντες,
1528 5730 1604 5793 ώς

74 5814 200 5884 θεοὺς
226 5822 417 5891 χρῆναι
457 5819 634 5875 σέϐειν
655 5839 667 5854 ⁸
698 5822 815 5891 οὐχὶ
836 5823 890 5875 δέ
923 5823 1124 5876 τούτων
1154 5823 1401 5878 ἁπάντων
1432 5823 1489 5875 τὸ
1518 5824 1604 5879 ἀν-

1720 4639 1774 4693 in
1804 4652 2021 4693 sensum
2057 4637 2325 4706 ejusmodi
2381 4638 2592 4692 fabulas
2633 4638 2951 4707 detorquere
2978 4644 3271 4698 conantur,

1718 4744 1825 4783 non
1853 4727 2273 4797 suopteingenio
2301 4728 2601 4789 confutare,
2626 4736 2785 4795 atque
2805 4742 2868 4779 ex
2897 4727 3273 4796 ﬁgmentorum

1718 4820 1959 4889 ipsorum
2004 4819 2214 4873 ratione
2254 4820 2461 4888 possit?
2494 4817 2626 4870 Nam
2676 4828 2794 4871 esto
2828 4832 2959 4871 sane
3020 4815 3231 4886 Jupiter
3256 4859 3270 4882 ,

1717 4925 1823 4963 non
1847 4910 1957 4979 jam
1989 4908 2142 4978 ignea
2182 4909 2511 4977 aztheriaque
2556 4916 2785 4969 natura,
2822 4918 2877 4961 ut
2926 4917 3132 4962 veteres
3170 4924 3269 4961 an-

1715 5010 1861 5055 ctore
1886 4998 2175 5052 Plutarcho
2207 4999 2534 5063 statuebant,
2566 4998 2660 5052 sed
2678 4998 2853 5065 potius
2877 5013 3029 5053 mens
3058 4998 3145 5052 illa
3182 5014 3273 5053 su-

1717 5108 1897 5163 prema
1930 5106 2109 5145 rerum
2140 5089 2375 5143 molitrix
2405 5090 2804 5155 universarum,
2842 5104 2977 5157 quas
3022 5091 3073 5140 vi
3106 5090 3267 5141 etiam

1714 5184 1861 5239 vitali
1888 5183 2099 5236 foveat:
2122 5182 2397 5250 quomodo
2422 5182 2587 5250 igitur
2618 5181 2909 5245 Saturnus,
2941 5194 3098 5249 quem
3128 5189 3267 5231 tem-

1713 5294 1815 5347 pus
1839 5291 1958 5331 esse
1984 5275 2154 5341 aiunt,
2180 5281 2331 5344 pater
2348 5273 2464 5343 ejus
2480 5274 2601 5338 erit,
2620 5274 2728 5344 Ops
2742 5289 2867 5327 vero
2891 5280 3081 5335 mater,
3106 5288 3268 5339 quam

1712 5370 1981 5437 interpres
2012 5375 2195 5419 noster
2240 5366 2540 5435 lapidosam
2573 5381 2636 5420 ac
2664 5372 2977 5419 montanam
3008 5361 3116 5414 vim
3150 5377 3269 5416 esse

1713 5458 2039 5515 conﬁrmat?
2074 5455 2207 5510 Nam
2242 5456 2508 5513 Junonem
2539 5474 2686 5523 sane,
2717 5471 2877 5525 quam
2908 5455 3021 5509 sive
3048 5471 3225 5509 aerem
3246 5492 3263 5519 ,

1712 5551 1824 5607 sive
1852 5551 2051 5604 aethera
2080 5564 2297 5617 quoque
2323 5550 2644 5613 nominavit,
2677 5546 2947 5615 quomodo
2972 5546 3168 5599 utentis
3202 5546 3265 5598 il-

1711 5642 1817 5696 lius
1850 5639 2035 5694 mundi
2057 5640 2367 5704 cﬂ'ectrieis,
2394 5642 2661 5707 rebusque
2686 5637 2939 5692 omnibus
2967 5637 3263 5690 vitam'lar-

1712 5735 1907 5803 gientis
1939 5747 2180 5786 sororem
2217 5732 2379 5785 simul
2412 5740 2465 5783 et
2517 5744 2734 5781 uxorem
2782 5744 2901 5783 esse
2930 5728 3076 5789 velit,
3107 5725 3226 5793 equi
3256 5756 3259 5757 ν

1712 5824 1833 5879 dem
1856 5839 1962 5878 non
1996 5811 2253 5894 intelligo.
2310 5823 2571 5878 Practena
2622 5819 2822 5875 Latona
2880 5836 2971 5889 per
2999 5835 3082 5871 me
3116 5811 3257 5881 ληθώ
