4044 6334
711 414 821 475 215

1374 422 1640 477 ausam:
1680 423 2158 482 cazsamsusm
2194 425 2341 481 opp.
2377 424 2556 480 rans
2593 422 2741 479 n.—
2770 392 3261 479 APOLOCETICA.

3826 421 3923 478 216

714 534 983 602 quaedam,
1009 534 1059 588 id
1094 545 1178 590 est
1223 538 1456 607 oblivio,
1508 553 1869 612 nuncupetur,
1901 541 2098 614 partim
2126 544 2266 613 quod

2372 541 2637 627 θρῴπειον
2664 541 2817 611 γένος
2844 543 3132 612 προτιμᾷν,
3162 533 3208 609 ᾧ
3228 539 3401 594 ταῦτα
3434 540 3568 611 πρὸς
3601 539 3801 612 χρῆσιν
3837 542 3923 595 καὶ

718 626 989 680 sentiendi
1024 626 1128 693 vis,
1165 637 1224 682 ut
1250 630 1424 695 aiunt,
1460 634 1638 687 somni
1683 641 1927 703 tempore
1977 636 2125 689 nulla
2159 636 2269 701 sit,

670 728 673 731 λ
717 716 911 786 partim
938 719 1081 788 quod
1117 722 1314 775 animis
1347 723 1453 777 illis
1478 763 1492 787 ,
1542 740 1681 793 quos
1722 726 1859 781 infra
1905 727 2089 781 lunam
2142 743 2269 797 pro-

716 809 887 861 creari
913 810 1199 880 contingit,
1232 813 1434 869 oblivio
1464 818 1756 871 comitetur
1787 836 1799 871 :
1841 820 1935 887 qui
1987 834 2117 889 ergo
2156 819 2271 874 ﬁeri

716 906 911 965 potest,
939 907 996 953 ut
1044 901 1178 958 solis
1210 916 1273 957 ac
1295 905 1436 959 luna:
1468 916 1640 960 mater
1667 906 1869 961 oblivio
1902 907 1992 971 sit,
2023 909 2272 977 Apolline

717 1005 781 1044 ac
817 989 987 1047 Diana
1032 992 1251 1048 Latonae
1276 995 1462 1051 liberis
1512 1000 1564 1051 in
1602 998 1767 1054 solem
1819 1000 2113 1070 lunamque
2158 1009 2270 1055 tra—

715 1082 937 1137 ductis?
966 1082 1083 1137 Jam
1123 1101 1221 1139 cur
1247 1095 1503 1156 tanquam
1542 1088 1708 1142 Deum
1737 1098 1829 1144 aut
1859 1092 2021 1158 Opem
2054 1100 2147 1145 aut
2171 1090 2259 1145 Ge

715 1186 888 1226 rerem
920 1174 1166 1227 venerari
1196 1185 1463 1243 oporteat,
1494 1178 1539 1230 si
1574 1178 1742 1233 altera
1773 1180 1992 1248 quidem
2037 1179 2267 1246 lapidosi

714 1275 779 1313 ac
806 1263 1265 1332 montani,pltera
1290 1280 1421 1317 vero
1460 1265 1604 1332 plani
1638 1268 1978 1337 patentisque
2006 1269 2104 1321 soli
2131 1284 2269 1339 sym-

717 1352 902 1406 bolum
937 1356 1206 1422 quoddam
1249 1370 1370 1411 csse
1390 1356 1641 1411 dicatur?
1673 1340 2033 1423 Qua'ratione
2059 1360 2266 1431 Κόρην,

2370 633 2574 705 τροφὴν
2604 635 2634 686 6
2659 633 2765 686 τῶν
2790 633 2927 686 ὅλων
2980 633 3308 704 δημιουργὸς
3355 632 3488 695 Θεὸς
3544 635 3922 702 ὑπεστήσατος

2369 727 2623 790 Μεταδὰς
2646 728 2702 780 δὲ
2730 727 2794 781 ὲκ
2813 727 3033 792 τούτων,
3055 726 3150 781 καὶ
3177 727 3246 780 τὰ
3264 725 3427 780 λοιπὰ
3452 723 3595 778 κατὰ
3622 724 3714 777 τὸν
3747 725 3925 793 ὅμοιον

2369 818 2568 888 τρόπον
2597 819 2697 888 τῆς
2723 817 2975 885 γενναίας
3014 817 3330 886 ἀπελέγξεις
3385 816 3753 886 φυσιολογίας,
3781 814 3924 867 £616-

2369 925 2482 976 γως
2507 908 2604 978 τῆς
2636 909 3016 978 ἀναισχυντίας
3044 907 3492 978 ἐπιμεμψάμενος
3513 908 3646 969 τοῖς,
3678 906 3815 973 φέρε
3832 904 3921 973 (5),

2368 999 2460 1051 τὸν
2482 998 2631 1068 ἥλιον
2653 998 2814 1051 αὑτὸν
2863 995 3001 1052 εἶναι
3047 999 3139 1051 τὸν
3182 997 3437 1061 Ἀπόλλω,
3472 996 3567 1049 καὶ
3616 996 3787 1048 πάλιν
3842 996 3924 1046 ὢν

2381 1090 2669 1161 Ἡρακλέα,
2700 1090 2793 1143 καὶ
2824 1086 2978 1153 αὖθις
3006 1090 3098 1143 τὸν
3142 1089 3413 1150 Διόνυσον,
3444 1088 3537 1141 καὶ
3580 1088 3674 1139 τὸν
3702 1086 3926 1155 Ἀσκλη-

2370 1182 2492 1234 πιὸν
2517 1183 2716 1251 ὁμοίως
2744 1181 3201 1251 ἀποφηναμένοις.
3225 1178 3351 1241 Πῶς
3373 1162 3481 1249 γὰρ
3506 1180 3536 1231 6
3559 1177 3723 1240 αὐτὸς
3749 1177 3927 1247 πατὴρ

2368 1271 2437 1323 ἂν
2463 1270 2670 1338 γένοιτο
2695 1271 2787 1323 καὶ
2811 1270 2943 1338 υἱὸς,
2986 1267 3305 1337 Ἀσκληπιὸς
3328 1266 3463 1337 ὁμοῦ
3492 1268 3585 1319 καὶ
3624 1266 3925 1329 ’Δπόλλων;

2366 1331 2492 1425 Πῶς
2522 1362 2577 1414 δὲ
2601 1360 2759 1414 πάλιν
2810 1331 3202 1431 είςίἮρακλέα
3255 1331 3616 1428 μετενεχθείη,
3672 1359 3723 1410 ει
3774 1358 3839 1427 δὴ
3868 1359 3927 1409 ἐκ

712 1442 815 1496 hoc
836 1454 916 1498 est
940 1443 1321 1515 Proserpinam
1351 1487 1366 1512 ,
1397 1463 1589 1517 quam-
1612 1449 1714 1517 ipsi
1758 1450 1936 1521 κόρον,
1967 1451 2266 1505 satietatem

2368 1452 2566 1523 θνητῆς
2598 1451 2852 1520 γυναικὸς
2882 1450 2983 1520 τῆς
3039 1450 3345 1520 Ἀλκμήνης
3373 1451 3403 1503 6
3444 1448 3713 1520 Ἡρακλῆς
3746 1448 3925 1509 αὐτοῖς

712 1532 1150 1601 interpretantur,
1186 1539 1491 1593 venerando
1522 1538 1612 1593 illo
1647 1540 1865 1594 nomine
1892 1541 2266 1609 appellandam

2368 1544 2739 1615 όμολογεῖται;
2766 1543 2887 1606 Πῶς
2911 1543 2956 1595 δ’
2980 1542 3045 1597 ἂν
3074 1542 3325 1613 ἐμμανὴς
3383 1540 3609 1609 γένοιτο,
3645 1541 3744 1592 καὶ
3795 1540 3927 1606 σφά-

710 1635 831 1675 esse
859 1625 1194 1692 opinentur?
1222 1626 1333 1680 Cur
1362 1628 1487 1681 item
1545 1628 1842 1691 Bacchum,
1880 1628 2039 1697 120
2086 1628 2266 1682 'Attin

2368 1632 2477 1697 ξειε
2503 1634 2627 1695 τοὺς
2649 1631 2839 1685 ἑαυτοῦ
2870 1631 3062 1694 παῖδας
3085 1632 3114 1682 6
3140 1629 3361 1694 Ἥλιοςς
3393 1630 3475 1681 ὅτι
3507 1628 3571 1699 δὴ
3617 1630 3713 1680 καὶ
3758 1626 3926 1679 ταῦτα

718 1722 770 1765 et
803 1713 1015 1769 Adonin
1050 1718 1236 1771 divino
1266 1718 1415 1773 cultu
1454 1722 1858 1791 prosequendos
1892 1735 2012 1775 esse
2051 1729 2266 1775 conten-

2368 1720 3007 1793 προσαναγέγραπταιτῷ
3050 1720 3322 1791 Ἡρακλεῖ.
3374 1719 3533 1773 Ἀλλὰ
3580 1721 3706 1782 τοὺς
3733 1718 3925 1780 ἄθλους

710 1803 868 1871 dunt,
909 1821 1044 1874 quos
1076 1810 1237 1863 modo
1263 1811 1370 1864 vim
1403 1811 1741 1875 seminalem,
1767 1826 1832 1865 ac
1861 1810 2135 1866 fructuum
2169 1826 2265 1866 eo-

2368 1813 2712 1867 ὲπιτελοῦντα
2744 1814 2867 1874 τοὺς
2890 1811 3092 1864 δώδεκα
3118 1811 3209 1862 τὸν
3254 1808 3524 1881 Ἡρακλέα
3547 1809 3647 1878 τῆς
3674 1812 3798 1862 κατ’
3841 1811 3925 1862 06-

707 1909 854 1960 rum,
882 1898 1083 1967 quibus
1112 1900 1239 1970 ligni
1294 1903 1470 1957 simile
1507 1911 1765 1971 putamen
1793 1912 1875 1958 est
1898 1943 1913 1968 ,
1968 1903 2131 1958 modo
2180 1904 2265 1955 vel

2370 1906 2527 1976 ρανὸν
2558 1904 2868 1975 διαιρέσεως
2887 1903 2980 1956 τοῦ
3014 1900 3273 1965 ζωδιακοῦ
3304 1874 3523 1965 κύκλου,
3555 1874 3615 1951 ὃν
3676 1915 3815 1967 φασι
3837 1899 3926 1950 τὸν

706 1985 924 2054 ﬂorum,
958 1992 1049 2059 qui
1082 1993 1257 2060 primo
1276 2009 1404 2050 vere
1430 2011 1552 2048 cum
1581 1994 1959 2059 excludantur,
2032 1994 2263 2049 necdum

707 2078 918 2148 integro
945 2092 1266 2152 maturoque
1294 2084 1469 2140 fructu
1502 2086 1793 2150 decidunt,
1818 2086 1904 2140 vel
1939 2086 2135 2140 messis
2156 2083 2268 2139 fru-

706 2178 895 2222 ctuum
922 2180 1262 2226 maturorum
1297 2175 1537 2244 symbola
1564 2184 1917 2245 nuncupant;
1967 2190 2089 2239 nec,
2118 2175 2265 2245 quod

705 2259 865 2329 longe
890 2264 1071 2317 verius
1094 2275 1230 2331 erat,
1265 2265 1559 2319 humanum
1586 2267 1762 2336 ipsum
1787 2282 1957 2338 genus
1980 2268 2142 2322 rebus
2174 2267 2263 2333 iis,

706 2365 846 2419 quas
877 2354 1118 2409 universi
1142 2355 1389 2412 conditor
1418 2356 1559 2412 Deus
1580 2373 1645 2413 eo
1671 2367 1880 2413 tantum
1912 2374 2033 2414 esse
2066 2359 2261 2422 voluit,

707 2453 768 2496 ut
797 2443 845 2497 ei
870 2446 935 2497 ad
977 2462 1133 2501 usum
1192 2458 1246 2502 et
1292 2449 1608 2503 alimentum
1644 2452 1698 2504 in
1739 2460 1990 2519 promptu
2046 2433 2282 2516 essent,

706 2536 1066 2593 aestimatione
1100 2543 1473 2610 anteponunt?
1503 2540 1582 2595 Ex
1624 2542 1729 2606 bis,
1760 2543 1807 2597 si
1842 2542 1908 2595 ad
1942 2541 2148 2610 reliqua
2180 2543 2267 2595 de-

707 2629 965 2685 scendere
993 2630 1195 2697 lubeat,
1242 2633 1503 2702 quidquid
1532 2649 1599 2688 ex
1641 2634 1898 2701 praeclara
1927 2633 2264 2705 physiOIOgia

708 2730 972 2788 superest,
997 2722 1227 2776 similem
1262 2726 1313 2777 iu
1342 2724 1560 2779 modum
1598 2724 1755 2778 facile
1793 2739 2078 2793 coargues,
2104 2725 2266 2778 adeo-

704 2827 811 2881 que
844 2814 1095 2866 homines
1136 2814 1267 2867 istus
1299 2813 1647 2882 impudentiae
1670 2813 1789 2882 jure
1820 2812 2145 2881 postulabis,
2172 2814 2264 2882 qui

708 2919 873 2956 unum
898 2904 1147 2958 eumdem
1184 2903 1386 2969 Solem,
1439 2913 1499 2957 ut
1552 2905 1654 2959 hoc
1700 2905 1970 2974 praecipue
2000 2904 2220 2973 seligam
2246 2944 2262 2968 ,

707 3008 813 3046 non
848 2993 1147 3062 Apollinem
1180 2994 1365 3055 modo,
1391 2994 1482 3049 sed
1512 2995 1675 3048 etiam
1723 2992 2032 3058 Herculem,
2064 3004 2118 3048 et
2138 2992 2268 3048 Bac-

704 3080 891 3143 chum,
940 3089 990 3133 et
1041 3079 1414 3149 Esculapium
1459 3097 1578 3137 esse
1614 3074 1937 3138 statuerunt.
1968 3081 2103 3137 Nam
2129 3098 2267 3153 quo-

705 3172 867 3227 modo
892 3182 1043 3240 pater
1066 3174 1203 3226 idem
1232 3172 1394 3227 fuerit
1423 3162 1699 3243 simulque
1725 3174 1890 3237 ﬁlius,
1935 3176 2149 3245 Apollo,
2181 3180 2264 3229 in—

704 3278 891 3331 quam,
928 3271 982 3318 et
1020 3260 1406 3333 Esculapius?
1436 3266 1720 3331 Quomodo
1780 3268 1897 3335 ipse
1954 3267 2022 3321 ad
2056 3265 2255 3321 Hercu-

705 3354 811 3407 lem
843 3356 1160 3411 traducatur
1180 3398 1197 3421 ,
1247 3372 1372 3411 cum
1404 3358 1663 3413 Alcmena
1690 3367 1866 3415 matre
1905 3359 2123 3413 mortali
2158 3360 2252 3412 uti-

704 3462 811 3514 que
839 3448 1063 3503 muliere
1091 3458 1278 3503 natum
1314 3450 1531 3519 ipsimet
1577 3448 1866 3504 Herculem
1902 3465 2023 3504 esse
2050 3448 2263 3504 fatean-

705 3536 1141 3602 tur?Quomodo
1167 3540 1260 3595 Sol
1303 3542 1357 3594 in
1405 3541 1649 3596 furorem
1702 3548 1857 3595 actus
1889 3540 2090 3595 liberos
2136 3554 2264 3595 suos

702 3631 1005 3700 jugularit?
1037 3648 1162 3685 nam
1212 3642 1504 3704 utrumque
1530 3648 1661 3687 sane
1678 3631 1895 3689 Herculi
1921 3632 2257 3688 attribuitur.

705 3723 775 3776 At
800 3719 1082 3778 Herculem
1112 3724 1390 3788 nimirum,
1417 3724 1510 3792 qui
1536 3724 1821 3779 duodecim
1852 3722 1944 3778 illa
1964 3725 2261 3779 certamina

707 3814 1025 3880 confecerit,
1060 3814 1277 3872 Zodiaci
1326 3817 1535 3883 circuli,
1571 3831 1733 3888 quem
1768 3816 1938 3873 solem
1986 3818 2139 3873 aiunt
2164 3833 2261 3871 sua

706 3907 1065 3964 conversione
1124 3907 1379 3975 lustrare,
1424 3910 1478 3963 in
1515 3908 1800 3964 duodecim
1851 3902 2147 3965 atiimantia
2178 3908 2263 3962 di-

2316 2066 2319 2067 7
2363 1997 2512 2067 ἥλιον
2537 1995 2863 2068 περιπολεῖν,
2904 1994 2966 2046 τὺ
3008 1992 3270 2063 σύμὸολον
3303 1992 3505 2062 φέρειν.
3555 1991 3652 2055 Τίς
3704 1986 3802 2043 οὖν
3849 1988 3925 2042 ἔτι

2363 2087 2554 2156 γένοιτ’
2588 2086 2654 2139 ἂν
2710 2083 3033 2155 Εὐρυσθεὺς,
3096 2085 3126 2136 6
3173 2082 3251 2153 τῷ
3316 2082 3474 2152 Ἡλίῳ
3502 2079 3689 2151 ὥσπερ
3729 2075 3925 2147 οὖντῷ

2376 2179 2649 2252 Ἠρακλεῖ,
2680 2177 2805 2239 τοὺς
2830 2176 3023 2237 ἄθλους
3051 2175 3289 2228 ἐκτελεῖν
3334 2174 3669 2237 ὲπιτάττων;
3697 2171 3826 2234 Πῶς
3869 2169 3923 2222 δὲ

2362 2272 2455 2324 ἐπὶ
2480 2270 2569 2323 τὸν
2603 2270 2790 2322 Ἥλιον
2813 2267 3094 2336 ἀναχθεῖεν
3121 2268 3179 2320 αι
3213 2267 3545 2335 πεντήκοντα
3575 2264 3799 2316 Θεστίου
3834 2261 3926 2314 Θυ-

2363 2361 2611 2432 γατέρες,
2640 2361 2732 2414 καὶ
2762 2360 2825 2413 τδ
2856 2359 2965 2411 τῶν
2989 2358 3190 2411 λοιπῶν
3237 2342 3646 2427 αἰχμαλωτίδων
3697 2353 3919 2425 πλῆθος,

2363 2447 2451 2515 αἷς
2478 2453 2570 2505 τὸν
2594 2451 2860 2522 Ἠρακλέα
2886 2450 3041 2517 λόγος
3067 2449 3177 2517 ἔχει
3207 2448 3428 2518 μιγῆναι
3449 2463 3463 2512 ;
3488 2445 3548 2510 ἐξ
3571 2440 3647 2499 ὧν
3675 2444 3769 2498 καὶ
3798 2443 3921 2513 θνη-

2361 2546 2444 2597 τοὶ
2469 2544 2653 2607 παῖδες
2680 2542 2828 2612 αὑτῷ
2848 2539 3125 2610 γενόμενοι
3176 2540 3528 2609 ὲπιμήκιστον
3555 2536 3654 2605 τὴν
3677 2535 3787 2587 τῶν
3833 2551 3921 2601 γεο

2362 2636 2470 2691 νῶν
2494 2637 2817 2706 παρέτειναν
2844 2632 3108 2702 διαδοχήν.
3137 2629 3230 2693 Τίς
3268 2630 3311 2683 δ’
3337 2630 3403 2684 ἂν
3432 2631 3516 2698 εἴη
3540 2631 3570 2683 6
3603 2629 3917 2699 κένταυρος.

2362 2722 2423 2783 οὗ
2450 2728 2527 2797 τῷ
2552 2729 2744 2796 αἵματι
2772 2726 2859 2778 τὸν
2888 2725 3088 2795 χιτῶνα
3116 2722 3387 2795 μολύνασα
3420 2722 3461 2792 ἡ
3489 2721 3802 2790 Δηϊάνειρα,
3831 2719 3919 2772 τὸν

2365 2822 2570 2883 Ἥλιον,
2601 2819 2787 2891 ὥσπερ
2845 2815 2937 2871 οὖν
2991 2816 3081 2870 τὸν
3122 2813 3410 2886 Ἡρακλέα,
3459 2812 3524 2883 τῇ
3576 2812 3915 2881 δεδηλωμένῃ

2362 2913 2673 2983 περιϐάλλοι
2720 2925 2747 2953 ι
2782 2911 2847 2965 ἃν
2904 2910 3188 2981 συμφορᾷς
3232 2906 3388 2960 Ἀλλὰ
3417 2904 3745 2976 γὰρμηκέτΐ
3783 2903 3918 2954 ἔστω

2361 3009 2392 3061 6
2440 3004 2624 3066 Ἤλιος
2705 3003 2888 3065 αὐτοῖς
2956 3000 3246 3070 Ἠρακλῆς-
3316 2997 3453 3050 ἔστω
3512 2994 3570 3047 δὲ
3642 2994 3913 3054 Διόνυσοςο

2362 3097 2457 3151 καὶ
2506 3095 2674 3148 ταῦτα
2734 3094 2868 3164 πρὸς
2922 3092 3011 3144 τὸν
3064 3090 3312 3141 Διόνυσον
3376 3085 3507 3155 φαίη
3576 3102 3655 3147 τις
3712 3085 3780 3137 ἂν
3843 3084 3915 3136 εί-

2365 3187 2555 3249 κότως·
2581 3186 2666 3250 τίς
2692 3185 2800 3254 γὰρ
2831 3186 2864 3253 ἡ
2896 3182 3082 3235 τοῦτον
3102 3179 3431 3248 γεννήσασα;
3460 3174 3569 3228 εἴτε
3606 3174 3809 3245 Σελήνη
3838 3189 3914 3233 τις

2367 3279 2593 3346 λέγοιτο,
2624 3277 2733 3328 εἴτε
2761 3271 3092 3341 Περσεφόνη.
3150 3266 3279 3330 ,Πῶς
3325 3267 3369 3319 δ’
3400 3266 3464 3319 ἂν
3504 3267 3585 3335 εἴη
3616 3267 3646 3319 6
3672 3265 3915 3322 Διόνυσος

2368 3367 2503 3439 ὁμοῦ
2540 3367 2633 3419 καὶ
2665 3364 2871 3426 Ἥλιος,
2895 3362 2989 3415 καὶ
3013 3363 3047 3429 ἡ
3089 3360 3226 3412 κατὰ
3271 3359 3394 3421 τοὺς
3425 3358 3624 3426 ὑγροὺς
3654 3353 3912 3424 καρποὺς,

2363 3457 2458 3511 καὶ
2476 3457 2543 3510 τὰ
2564 3455 2836 3528 ἀκρόδρυα
2855 3450 3135 3522 βλαστῶσα
3156 3448 3379 3517 δύναμις
3405 3463 3420 3511 ;
3473 3446 3536 3498 Τί
3558 3446 3603 3498 δ’
3623 3445 3689 3497 ἂν
3713 3442 3917 3528 γένοιτο

2363 3546 2472 3600 τῶν
2500 3526 3050 3613 συστρατευσαμένων
3093 3535 3240 3607 αὺτῷ
3289 3532 3561 3604 γυναικῶν
3598 3530 3659 3582 τὸ
3686 3526 3913 3596 πλῆθοςς

2367 3635 2463 3697 Τίς
2490 3634 2547 3689 δὲ
2614 3632 2705 3685 καὶ
2764 3634 2797 3700 ἡ
2854 3628 2947 3682 τοῦ
3009 3626 3207 3688 Ἡλίου,
3237 3621 3512 3692 ὠσπεροῦν
3541 3621 3576 3688 ἡ
3609 3615 3701 3670 τοῦ
3737 3613 3912 3668 Διονύ-

2368 3745 2460 3780 σου
2482 3766 2495 3789 ,
2556 3724 2832 3795 Ἀριάδνη;
2872 3721 2935 3774 Τί
2965 3720 3022 3774 δὲ
3072 3717 3269 3788 μᾶλλον
3318 3714 3483 3773 οἴνου,
3534 3708 3654 3799 ορχὶ
3686 3709 3740 3760 δὲ
3776 3708 3913 3758 σίτου

2368 3818 2460 3872 καὶ
2483 3818 2741 3887 ὀσπρίων,
2765 3814 2858 3867 καὶ
2888 3811 2995 3865 τῶν
3021 3810 3127 3864 ἀπὸ
3165 3808 3269 3875 γῆς
3305 3798 3569 3857 ἁπάντων
3589 3802 3817 3871 καρπὼν
3833 3798 3915 3864 γέ-

2370 3909 2495 3981 νοιτ’
2542 3906 2608 3958 ἂν
2630 3903 2859 3975 χορηγὸς
2891 3905 2920 3954 6
2953 3900 3197 3960 Διόνυσος
3228 3896 3318 3948 ἐπὶ
3356 3894 3446 3947 τὸν
3480 3894 3665 3947 Ἥλιον
3698 3889 3918 3981 μεταγῷ

623 4317 631 4326 .
704 4272 935 4341 jubeat?
965 4272 1253 4337 Quomodo
1298 4284 1477 4327 autem
1514 4276 1907 4343 quinquaginta
1932 4273 2168 4330 Thestize
2211 4274 2273 4326 ii-

704 4000 971 4054 visionem
1000 4010 1386 4071 reprteseutare
1424 4000 1700 4057 dictitant.
1734 4001 1907 4067 Quem
1939 4014 2069 4072 ergo
2109 4001 2266 4055 nobis

2372 3979 2568 4066 μενοςς
2614 3995 2677 4047 Εἰ
2718 3993 2775 4045 δὲ
2822 3991 2917 4042 καὶ
2960 3987 3280 4056 Ἀσκληπιὸς
3322 3987 3501 4049 αὐτοῖς
3553 3983 3713 4037 πάλιν
3755 3981 3844 4051 εἰη
3892 3979 3917 4031 6

679 4087 1073 4159 Eurystheum
1113 4090 1492 4161 assignabunt,
1528 4092 1623 4159 qui
1648 4090 1862 4156 Solem,
1911 4090 2266 4161 quemadmo-

2370 4076 2577 4148 Ἤλιος,
2598 4082 2715 4145 πῶς
2746 4074 2899 4143 οὗτος
2930 4079 3035 4131 ὑπὸ
3082 4077 3175 4130 τοῦ
3207 4076 3326 4138 Διὸς
3360 4072 3713 4146 κεραυνοῦται
3746 4073 3916 4139 ῥυπα-

708 4180 839 4235 dum
871 4192 925 4236 et
964 4181 1252 4239 Herculem
1282 4222 1299 4247 ,
1343 4183 1613 4252 ejusmodi
1666 4184 1965 4237 certamina
2001 4181 2266 4237 conﬁcere

2371 4176 2470 4247 ρᾶς
2493 4175 2677 4228 ἕνεκεν
2710 4171 3169 4243 αἰσχροκερδείας,
3197 4168 3338 4223 κατὰ
3374 4167 3464 4224 τὸν
3495 4163 3743 4219 Βοιώτιον
3775 4160 3918 4231 μελο-

2372 4268 2522 4322 ποιὸν
2553 4264 2815 4337 Πίνδαρον
2840 4257 2943 4318 ὧδέ
2970 4280 3086 4326 πως
3121 4262 3372 4329 λέγονται⁶

708 4365 815 4426 lite,
866 4379 930 4419 ac
967 4365 1231 4431 reliquum
1254 4365 1590 4433 captivarum
1639 4364 1830 4434 vulgus
1858 4404 1872 4425 .
1904 4364 2229 4434 quibuscum
2268 4377 2380 4416 rem
2403 4359 2662 4415 habuisse
2696 4355 2974 4414 Herculem
3005 4354 3148 4409 fama
3184 4364 3285 4417 est,
3318 4351 3385 4404 ad
3418 4348 3599 4403 Solem
3640 4347 3817 4407 ipsum
3842 4358 3918 4398 re-

709 4456 994 4513 ferentur?
1022 4454 1233 4520 Quibus
1251 4469 1317 4510 ex
1338 4453 1594 4510 omnibus
1626 4456 1860 4524 suscepti
1903 4454 1973 4509 ab
2000 4469 2067 4508 eo
2101 4453 2253 4508 liberi
2288 4454 2462 4523 gentis
2493 4467 2605 4505 sua:
2662 4449 2855 4505 seriem
2917 4446 3234 4514 longissimo
3276 4452 3515 4510 tempore
3555 4441 3914 4511 propagariut.

710 4553 883 4618 Quem
942 4564 1107 4620 porro
1164 4548 1323 4603 nobis
1350 4557 1668 4604 centaurum
1722 4549 1966 4618 ﬁngent,
2014 4548 2173 4616 cujus
2226 4547 2486 4616 sanguine
2527 4544 2782 4600 infectum
2832 4556 2863 4593 a
2896 4538 3145 4607 Dejanira
3204 4534 3475 4587 indusium
3517 4530 3717 4596 Solem,
3759 4528 3919 4585 veluti

710 4646 995 4705 Herculem
1025 4646 1078 4700 in
1105 4654 1444 4701 oecantatam
1475 4644 1621 4699 illam
1664 4646 2023 4699 calamitatem
2064 4643 2436 4699 induerit?At
2479 4641 2672 4695 demus
2730 4636 2874 4690 enim
2929 4634 3070 4697 istis,
3104 4628 3283 4683 Solem
3350 4644 3459 4682 non
3524 4628 3757 4691 amplius
3805 4638 3921 4680 esse

714 4740 1021 4806 Herculem,
1046 4738 1320 4793 Bacchum
1348 4750 1489 4792 esse.
1535 4735 1651 4791 Non
1702 4737 1969 4793 absimilia
2019 4738 2262 4808 profecto
2330 4736 2470 4789 circa
2538 4731 2804 4786 Bacchum
2840 4727 3073 4794 objicere
3107 4724 3288 4792 quivis
3354 4723 3547 4777 merito
3586 4722 3771 4791 possit.
3822 4717 3919 4771 Pri-

716 4845 865 4884 mum
922 4838 1087 4894 enim,
1132 4846 1239 4901 qua
1292 4839 1463 4883 matre
1514 4830 1751 4897 genitum
1817 4830 2087 4887 Bacchum
2124 4848 2247 4887 esse
2306 4828 2529 4884 dicent?
2570 4822 2742 4887 Luna,
2790 4836 2859 4873 an
2898 4817 3255 4886 Proserpina,
3302 4830 3506 4885 susque
3557 4815 3749 4881 deque.
3792 4809 3921 4865 Nam

784 4933 810 4960 ι
855 4938 945 4988 γρ.
978 4920 1277 4989 περιϐάλοι.

781 5038 856 5108 (5)
888 5038 1059 5111 φέρε.
1102 5039 1252 5095 Hanc
1297 5055 1480 5094 vocem
1526 5040 1736 5093 duabus
1793 5040 1985 5111 inclusi
2023 5041 2266 5111 virgulis,
2300 5046 2344 5099 ι)
2371 5035 2581 5093 etiamsi
2607 5034 2668 5085 τὸ
2693 5030 2837 5111 φέρε
2858 5046 2953 5106 pro
2980 5038 3209 5111 utroque
3240 5026 3530 5111 coniuncto
3555 5022 3922 5111 :QTLPf'ESAib

710 5125 776 5163 ac
809 5108 1038 5168 reddidi,
1067 5119 1124 5159 ut
1155 5111 1249 5161 hoc
1273 5112 1531 5177 praecipue
1562 5112 1799 5179 seligant.
1834 5109 1923 5163 Sic
1954 5108 2268 5163 enim—haud

710 5180 874 5233 dubie
903 5179 1159 5239 sumitur,
1196 5194 1292 5246 pro
1314 5181 1444 5248 φέρε
1469 5183 1663 5244 εἰπεῖν,
1697 5183 1799 5234 hoc
1839 5188 1942 5244 est,
1972 5182 2110 5233 verbi
2141 5198 2268 5248 gra—

715 5252 810 5321 tia,
845 5248 1301 5321 quemadmodum
1358 5250 1553 5318 μικροῦ
1606 5260 1657 5305 et
1710 5249 1911 5317 ὀλίγου,
1940 5265 2038 5321 pro
2070 5250 2263 5321 μικροῦ

710 5320 841 5383 δεῖν,
875 5319 1053 5388 ὀλίγου
1084 5318 1213 5382 δεῖν,
1243 5321 1444 5389 passim
1476 5332 1829 5389 usurpantur,
1859 5329 1917 5373 ut
1943 5318 2082 5373 alios
2110 5318 2271 5373 ornit-

713 5401 821 5442 tam
851 5390 1217 5451 ὲλλειπτικοὺς
1245 5388 1448 5453 λόγους.
1475 5388 1649 5442 Rarus
1675 5400 1851 5443 tamen
1880 5391 1979 5443 iste
2001 5400 2084 5445 est
2110 5392 2272 5458 hujus

714 5461 864 5513 vocis
898 5476 1050 5525 usus,
1080 5471 1134 5515 et
1166 5459 1498 5515 subobscure
1545 5469 1751 5513 tantum
1802 5477 1831 5514 a
1869 5460 2034 5513 Suida
2064 5463 2271 5516 indica-

711 5539 821 5599 tus,
848 5528 975 5582 dum
1028 5534 1099 5585 ita
1150 5530 1334 5585 scribit
1367 5547 1378 5581 :
1412 5526 1556 5599 Φέρε
1579 5546 1591 5556 ·
1624 5525 1733 5581 οἷον
1773 5530 1994 5593 ὑπόθου,
2026 5531 2127 5599 ἆγε
2156 5526 2268 5583 οὖν.

715 5598 1183 5664 Distinguendum,
1219 5602 1429 5668 opinor,
1465 5595 1572 5650 οἷον
1622 5601 1689 5651 ab
1739 5602 1962 5652 ὑπόθου·
2008 5595 2277 5668 distincta:

714 5670 881 5731 enim,
917 5670 1039 5721 licet
1085 5665 1290 5732 amnes,
1322 5671 1442 5722 duae
1488 5670 1590 5721 illae
1639 5672 1978 5736 acceptiones
2011 5688 2022 5722 :
2056 5665 2167 5721 οἷον
2196 5676 2278 5720 est

712 5738 934 5806 (exempli
968 5742 1176 5807 gratia;
1209 5740 1428 5801 ὑπόθου,
1452 5754 1598 5805 pone,
1624 5737 1759 5806 ﬁnge
1786 5740 1879 5790 hoc
1904 5756 2012 5792 esse
2042 5740 2116 5807 uel
2144 5736 2282 5807 did.‘

716 5811 825 5864 ΜΩ
856 5810 1036 5862 minus
1073 5810 1512 5878 distinguendum
1559 5808 1769 5862 videtur
1796 5807 1894 5874 ἄγε
1927 5809 1995 5862 ab
2029 5806 2271 5876 o’quuia

2376 5090 2993 5177 petesbtamen'et'p'ro
3017 5090 3247 5177 utroque
3274 5090 3521 5177 seorsin}.
3553 5090 3737 5145 Obiter
3769 5098 3923 5177 etiam

2377 5163 2648 5229 notandus
2674 5181 2755 5226 est
2784 5163 2913 5225 usus
2943 5173 3030 5225 ille
3055 5172 3146 5223 τοῦ
3159 5163 3313 5236 “ςρέρε
3339 5163 3548 5236 εἰπεῖν,
3577 5178 3736 5236 quem
3772 5163 3927 5215 habet

2377 5244 2647 5299 interdum
2700 5242 2853 5297 initio
2897 5243 3123 5311 periodi,
3169 5233 3367 5311 pro_ql
3404 5234 3574 5311 ξτιίηι,
3604 5233 3847 5311 at__fo_i_'te,
3882 5240 3925 5283 at

2376 5331 2514 5378 vero,
2550 5329 2616 5365 an
2651 5314 2810 5367 vero?
2838 5301 3035 5367 ac-fere
3060 5301 3367 5378 cumﬁnd.
3401 5301 3625 5378 D_iOH_)_’S.
3655 5302 3921 5378 Halicarn.

2377 5386 2471 5438 lib.
2500 5370 2574 5443 iv,
2620 5384 2698 5437 sic
2746 5392 2993 5451 usurpat,
3029 5375 3393 5452 ubi__S_erv_i_us
3424 5370 3929 5452 Tullius,‘rei'utatis

2377 5453 2699 5509 criminibus
2755 5442 2897 5505 aliis'
2928 5442 3049 5519 qua:
3099 5447 3200 5519 sibi
3234 5460 3265 5519 a
3298 5442 3610 5519 Tarquinio
3633 5442 3791 5519 objici
3840 5456 3926 5519 po-

2379 5528 2627 5586 tuissent,
2672 5525 2742 5576 ita
2792 5509 2963 5592 pergit
2994 5539 3007 5572 :
3040 5517 3177 5592 Φέρε
3222 5509 3557 5592 είτιεῖνεςὰλξ
3590 5509 3927 5592 ὑπερήφανός

2383 5598 2518 5664 εἰμι,
2563 5583 2656 5646 καὶ
2691 5594 2776 5646 διὰ
2794 5583 3085 5662 ’βαρύτητα
3109 5583 3369 5654 ἐπαχθής.
3514 5584 3757 5653 fortassis
3784 5595 3930 5664 erro:

2383 5655 2512 5733 gens
2541 5682 2675 5726 sum,
2704 5674 2751 5717 et
2797 5655 3012 5731 propter
3047 5671 3250 5733 rnatum
3293 5655 3631 5733 acerbitatem
3670 5655 3840 5733 gravis
3876 5661 3929 5699 ac

2380 5720 2674 5799 ἷιιοιεδιιιεί
2713 5720 2831 5796 vel',
2879 5720 3002 5784 cum
3048 5725 3462 5793 interrogatione
3490 5741 3505 5778 :
3532 5725 3615 5777 An
3665 5720 3823 5778 vero?
3869 5733 3927 5773 an

2380 5806 2552 5873 forte?
