3936 6342
607 352 713 408 219

1279 351 1554 411 EUSEBll
1587 351 2071 408 CESARIENSIS
2108 340 2260 409 OPP.
2302 352 2482 409 PARS
2511 352 2577 431 Il.
2615 384 2683 394 —
2716 352 3217 411 APOLOGETICA.

3751 359 3861 415 220

608 469 741 525 illud
772 468 867 523 Dei
906 483 1104 524 nomen
1166 469 1233 524 ad
1266 479 1474 541 turpes,
1552 470 1871 542 ﬂagitiosas,
1924 470 2182 541 dictuque

2294 487 2367 523 σιν
2408 472 2599 541 ἀτμοῖς
2637 471 2903 541 αἱμάτων,
2932 474 3025 525 καὶ
3068 472 3287 545 λύθρου,
3316 474 3417 527 καὶ¹
3451 476 3659 548 νεκρῶν
3702 476 3861 541 ζώων

610 564 911 618 horrendas
944 561 1157 617 fabulas
1206 562 1442 633 ahjicere
1475 582 1487 617 :
1522 564 1654 629 imo,
1686 578 1786 618 nec
1824 563 1879 617 in
1923 564 2156 634 tuguriis

610 656 918 725 abditisque
942 655 1285 709 tenebrarum
1316 656 1575 721 latibulis,
1604 665 1699 711 aut
1724 655 1976 711 excitatis
2004 656 2181 711 homi-

610 764 741 802 num
775 756 890 802 arte
934 747 1281 804 domunculis
1307 748 1630 816 semetipsos
1660 748 1960 811 includere,
2018 748 2180 817 quasi

612 840 780 893 Deum
814 840 962 894 intus
990 840 1254 909 reperturi
1280 848 1505 905 essent;
1543 854 1643 894 nec
1668 840 1724 893 in
1764 838 2075 895 simulacris
2111 854 2182 894 ex

612 932 852 988 inanima
883 930 1126 985 conflatis
1153 930 1398 995 materia,
1423 930 1636 986 divinas
1665 930 1893 985 virtutes
1928 929 2181 987 colendas

613 1043 757 1092 esse,
813 1026 1011 1080 nedum
1066 1026 1300 1080 terrenis
1352 1024 1678 1095 quibusdam
1726 1022 1854 1079 foedi
1900 1024 2181 1094 sanguinis

612 1119 930 1191 vaporibus,
965 1132 1029 1173 ac
1080 1132 1342 1185 caesarum
1370 1116 1730 1172 animantium
1773 1131 1990 1183 cruore,
2014 1116 2183 1172 veluti

611 1211 857 1283 jucundo
895 1210 1133 1281 quodam
1166 1208 1342 1265 olIicio
1369 1203 1793 1277 (conciliandum
1851 1208 1955 1264 sibi
2010 1207 2182 1263 Deum

560 1370 564 1374 _
615 1303 889 1359 arbitrari.
924 1300 1126 1357 Verum
1176 1310 1294 1355 erat
1316 1300 1506 1370 utique
1537 1301 1812 1369 sapientes
1833 1299 1990 1367 istos,
2021 1299 2184 1353 nihil-

616 1413 723 1468 que
750 1396 856 1449 nisi
885 1393 1111 1448 arduum
1139 1407 1203 1448 ac
1224 1393 1444 1449 caeleste
1470 1392 1779 1462 loquentes,
1816 1392 1966 1446 hisce
2005 1391 2185 1447 omni-

616 1489 720 1544 bus
749 1488 905 1557 quasi
931 1500 1180 1541 errorum
1233 1484 1467 1539 vinculis
1503 1484 1834 1554 expeditos,-
1873 1484 2180 1539 humanum

615 1596 787 1651 genus
817 1579 1022 1647 absque
1050 1576 1257 1631 invidia
1304 1575 1468 1645 hujus
1502 1576 1555 1630 in
1602 1575 1867 1630 naturalis
1934 1576 2185 1643 specula-

614 1670 779 1723 tionis
807 1677 1009 1737 partem
1039 1681 1104 1721 ac
1136 1666 1448 1721 societatem
1478 1679 1705 1731 vocare;
1735 1663 1991 1735 nudoque
2052 1679 2182 1735 pro-

618 1778 683 1833 pe
714 1761 941 1816 dixerim
983 1746 1175 1831 capite
1234 1759 1491 1813 omnibus
1552 1756 1872 1827 praedicare,
1921 1772 2033 1810 non
2068 1756 2183 1825 jam

2281 562 2498 631 αἵμασι,
2526 564 2892 633 κεχαρισμένα
2914 564 2991 634 τῷ
3019 564 3137 634 Θεῷ
3161 565 3419 636 πράττειν
3444 569 3706 638 νομίζειν.
3732 569 3865 621 Τού-

2280 668 2387 704 των
2417 652 2472 705 δὲ
2500 654 2773 717 ἁπάντων,
2798 654 2875 717 ὼς
2907 653 2973 707 ἂν
3003 654 3209 731 πλάνης
3234 656 3446 727 δεσμῶν
3465 657 3859 726 ἀπολυθέντας,

2281 741 2420 813 χρῆν
2451 742 2620 814 δήπου
2666 744 2792 807 τοὺς
2836 745 3031 813 σοφοὺς
3075 746 3169 799 καὶ
3219 748 3658 819 μετεωρολέσχας
3696 752 3864 803 πᾶσιν

2282 832 2592 905 ἀνθρώποις
2618 836 2718 905 τῆς
2747 838 2981 907 φυσικῆς
3013 837 3245 908 θεωρίας
3277 840 3521 908 ἀφθόνως
3558 844 3860 906 κοινωνεῖν,

2286 928 2564 998 μονονουχὶ
2592 929 2812 1000 γυμνῶς
2839 930 3311 1002 προκηρύττοντας
3332 933 3503 986 ἅπασι
3535 934 3609 1004 μὴ
3640 934 3715 987 τά
3738 951 3866 1004 φαι-

2284 1021 2504 1090 νόμενα,
2546 1020 2635 1073 τὸν
2675 1021 2719 1074 δ’
2766 1022 2947 1092 ἀφανῆ
2994 1023 3321 1095 δημιουργὸν
3366 1026 3473 1077 τῶν
3516 1027 3865 1097 φαινομένων

2285 1111 2445 1182 μόνον
2487 1111 2915 1186 ἀποθαυμάζειν,
2956 1114 3051 1167 καὶ
3094 1114 3193 1179 τάς
3234 1116 3496 1186 ἀοράτους
3541 1118 3714 1171 αὑτοῦ
3769 1120 3868 1171 καὶ

2282 1176 2605 1273 ἀσωμάτους
2649 1176 2909 1275 δυνάμίεις
2946 1176 3191 1278 ἀοράτως
3232 1176 3329 1261 καλ
3368 1176 3680 1279 ἀσωμάτως
3726 1209 3865 1281 θρηα

2284 1294 2519 1359 σκεύειν,
2550 1294 2612 1347 οὐ
2641 1295 2754 1366 πῦρ
2796 1297 3059 1366 ἂψαντας,
3092 1299 3213 1352 ούδέ
3245 1318 3309 1368 γε
3338 1300 3488 1370 κριὸν
3538 1301 3631 1354 καὶ
3656 1300 3867 1372 ταῦρον

2283 1388 2637 1459 θυσαμένους,
2688 1388 2801 1442 ἀλλ’
2852 1391 2972 1443 οὐδὲ
3022 1392 3304 1459 στεφάνοις
3354 1393 3449 1445 καὶ
3499 1392 3736 1457 ξοάνοις,
3773 1393 3866 1445 καὶ

2283 1480 2424 1534 ναῶν
2452 1481 2757 1551 οἰκοδομαῖς
2785 1480 2846 1534 τὸ
2872 1482 3024 1535 Θεῖον
3051 1484 3215 1554 τιμᾷν
3237 1483 3541 1555 οἰομένους·
3573 1485 3868 1554 λογισμοῖς

2282 1568 2340 1621 δὲ
2381 1569 2807 1642 κεκαθαρμένοις
2834 1572 2928 1625 καὶ
2965 1572 3228 1644 δόγμασιν
3276 1575 3456 1646 ὀρθοῖς
3500 1579 3594 1631 καὶ
3632 1577 3867 1648 ἀληθέσι

2283 1661 2442 1715 τοῦτο
2477 1664 2834 1735 πράττοντας,
2871 1668 2930 1718 ὲν
2975 1667 3211 1739 ἀπαθείᾳ
3256 1668 3431 1739 ψυχῆς
3472 1670 3564 1722 καὶ
3604 1674 3674 1742 τῇ
3731 1672 3871 1740 πρὸς

2284 1753 2444 1807 αὑτὸν
2482 1754 2624 1808 κατά
2654 1756 2713 1808 τὸ
2758 1756 2979 1810 δυνατὸν
3019 1757 3121 1827 τῆς
3164 1758 3365 1829 ἀρετῆς
3403 1758 3682 1828 ὁμοιώσει,
3728 1758 3871 1811 Ἀλλ’

616 1856 716 1909 ista
752 1869 829 1918 se,
880 1866 1000 1922 quae
1046 1858 1341 1905 cernuntur
1398 1849 1593 1917 oculis,
1652 1848 1746 1903 sed
1792 1863 1919 1902 eum
1981 1848 2180 1915 solum,

2294 1845 2459 1908 οὐδείς
2488 1863 2553 1914 γε
2601 1846 2839 1914 πώποτε,
2882 1850 2940 1902 ού
2981 1849 3275 1922 βάρϐαρος,
3306 1851 3405 1921 οὐχ
3437 1852 3658 1923 Ἕλλην,
3698 1853 3870 1903 πᾶσιν

613 1959 775 2014 quem
807 1957 967 1996 nemo
999 1940 1197 2005 videat,
1248 1940 1476 1994 istorum
1540 1938 1782 1991 omnium
1828 1938 2181 1993 architectum

617 2033 912 2102 suspicere,
939 2044 1004 2084 ac
1024 2029 1188 2084 simul
1216 2025 1504 2082 facultates
1532 2025 1653 2095 ejus
1698 2026 2049 2094 incorporeas
2088 2041 2182 2081 as-

616 2132 942 2194 pectumque
972 2120 1259 2190 fugientes,
1294 2117 1442 2173 cultu
1473 2117 1677 2186 pariter
1707 2130 1881 2186 neque
1898 2131 2181 2186 corporeo,

618 2229 795 2284 neque
832 2214 1077 2269 sensibus
1116 2216 1276 2270 obvio
1312 2198 1602 2266 venerari:
1678 2223 1857 2277 neque
1905 2208 2017 2277 jam
2059 2206 2184 2275 igne

617 2322 902 2371 succenso,
949 2320 1127 2377 neque
1182 2303 1441 2359 arietibus
1476 2302 1711 2357 taurisve
1756 2299 2029 2365 mactatis,
2075 2302 2185 2351 imo

619 2413 798 2468 neque
823 2397 1078 2460 coronis,
1132 2410 1307 2464 neque
1341 2394 1531 2463 signis,
1600 2406 1776 2461 neque
1859 2390 2183 2459 templorum

615 2489 1114 2546 substructionibus
1173 2486 1416 2540 divinum
1446 2483 1657 2538 Numen
1704 2482 1992 2537 colendum
2036 2490 2191 2551 puta-

617 2596 700 2646 re,
734 2585 827 2635 sed
858 2585 1082 2649 purgata
1104 2585 1286 2631 mente
1312 2590 1445 2630 sana
1468 2589 1703 2644 veraque
1728 2574 2186 2638 doctrina,vacuo

615 2671 1119 2746 perturbationibus
1148 2670 1349 2734 animo,
1378 2669 1485 2723 vita
1513 2667 1744 2737 denique
1771 2682 1889 2733 sua,
1917 2674 2184 2736 quantum

617 2767 828 2823 homini
862 2765 942 2822 fas
971 2774 1075 2829 est,
1099 2764 1165 2820 ad
1190 2764 1427 2819 divinam
1465 2763 1610 2818 illius
1633 2762 1925 2832 imaginem
1963 2760 2181 2813 virtutis

616 2872 721 2929 ope
736 2857 1308 2922 conformanda,suum
1326 2857 1373 2909 ei
1400 2855 1603 2911 cultum
1627 2855 1903 2910 exhibere.
1926 2852 1996 2906 At
2024 2866 2182 2905 nemo

617 2965 773 3015 sane,
809 2950 922 3005 sive
957 2949 1241 3011 barbarus,
1267 2948 1382 3002 sive
1416 2946 1657 3010 Graecus,
1678 2947 1918 2999 humano
1939 2959 2180 3013 unquam

618 3042 801 3113 generi
826 3042 1040 3112 signum
1073 3042 1141 3097 ad
1168 3040 1414 3095 veritatis
1445 3038 1605 3108 hujus
1642 3037 1891 3091 notitiam
1916 3036 2138 3091 sustulit
2164 3054 2177 3091 :

2289 1936 2594 2019 ἀνθρώποις
2624 1939 2828 2011 ταύτης
2857 1941 3093 2012 κατῆρξε
3125 1942 3225 2011 τῆς
3247 1938 3529 2013 ἃληθείας,
3566 1944 3598 2015 ἦ
3637 1944 3806 2014 μόνος
3845 1945 3873 1996 ό

2288 2028 2556 2098 ἡμέτερος
2588 2030 2805 2101 Σωτήρ·
2837 2030 2897 2094 ὃς
2938 2031 3023 2102 δὴ,
3052 2033 3152 2102 τῆς
3203 2033 3439 2098 παλαιᾶς
3470 2034 3682 2102 πλάνης
3736 2035 3873 2085 πᾶσι

2287 2122 2401 2181 τοῖς
2425 2118 2629 2173 ἔθνεσιν
2654 2121 2937 2193 ἀποφυγὴν
2966 2125 3333 2196 προκηρύξας,
3359 2129 3472 2189 τοῖς
3499 2128 3669 2179 πᾶσιν
3701 2126 3873 2194 ἀφθό-

2288 2208 2610 2287 νωςεῦρατο
2638 2212 2734 2284 τὴν
2763 2214 2900 2283 πρὸς
2926 2214 3015 2267 τὸν
3046 2216 3221 2287 ἀληθῆ
3247 2218 3341 2269 καὶ
3363 2217 3521 2287 μόνον
3551 2217 3661 2269 τῶν
3696 2218 3873 2269 ἀπάν-

2288 2319 2398 2355 των
2428 2303 2558 2355 Θεὸν
2591 2306 2924 2377 ἐπιστροφήν
2953 2325 3013 2362 τε
3036 2308 3130 2361 καὶ
3151 2309 3448 2362 εὐσέϐειαν.
3485 2312 3546 2362 Οἱ
3573 2310 3629 2363 δέ
3658 2327 3749 2361 τοι
3781 2310 3874 2362 ἄλ-

2289 2391 2371 2446 λοι
2402 2393 2553 2461 σοφοὶ
2593 2394 2687 2447 τοῦ
2727 2394 2841 2465 βίου
2875 2396 2973 2467 τὴν
3044 2398 3304 2452 ἀνωτάτω
3325 2399 3640 2469 φιλοσοφίαν
3692 2402 3871 2471 αὐχή-

2292 2501 2500 2553 σαντες,
2592 2505 2755 2557 φησιν
2782 2489 2809 2540 ὁ
2836 2488 2977 2553 θεῖος
2998 2490 3342 2557 Ἀπόστολος,
3392 2495 3644 2562 γνόντες
3691 2494 3866 2554 θεὸν,

2288 2579 2401 2647 οὺχ
2429 2580 2509 2647 ὡς
2552 2580 2699 2633 Θεὸν
2736 2580 3062 2647 ἐδόξασαν,
3098 2584 3136 2653 ἣ
3183 2586 3678 2655 ηὐχαρίστησαν·
3730 2588 3872 2642 ἀλλ’

2287 2668 2737 2737 ἐματαιώθησαν
2762 2672 2830 2724 ἐν
2852 2673 2976 2740 τοῖς
2990 2677 3305 2744 λογισμοῖς
3325 2676 3542 2741 αὐτῶν,
3566 2679 3666 2731 καί
3694 2681 3874 2735 ἐσκο-

2289 2761 2462 2827 τίσθη
2488 2762 2526 2829 ἡ
2558 2761 2853 2831 ἀσύνετος
2887 2766 3086 2820 αὐτῶν
3112 2770 3339 2836 καρδία.
3375 2769 3691 2837 Φήσαντες
3724 2774 3873 2842 γοῦν

2287 2848 2441 2907 εἶναι
2463 2855 2662 2923 σοφοὶ,
2686 2856 3136 2927 ἐμωράνθησαν,
3166 2863 3265 2915 καὶ
3292 2863 3745 2930 ἐσεϐάσθησαν,
3775 2863 3877 2917 καὶ

2288 2944 2661 3014 ἐλάτρευσαν
2702 2948 2780 3018 τῇ
2821 2950 3016 3005 κτίσει
3053 2954 3215 3021 παρὰ
3263 2955 3371 3008 τὸν
3418 2957 3756 3023 κτίσαντα,
3809 2957 3874 3025 ὃς

2288 3036 2459 3090 ἐστιν
2484 3039 2809 3109 εὐλογητὸς
2834 3044 2921 3108 είς
2942 3043 3083 3109 τοὺς
3106 3044 3343 3111 αἰῶνας.

618 3136 714 3190 uni
743 3136 855 3191 haec
890 3133 1163 3191 Servatori
1212 3144 1401 3189 nostro
1432 3134 1603 3205 gratia
1634 3132 1875 3198 debetur,
1923 3131 2016 3201 qui
2043 3147 2167 3185 cum
2203 3133 2406 3187 erroris
2466 3135 2676 3204 antiqui
2708 3135 2892 3207 fugam
2952 3138 3222 3195 universis
3248 3142 3495 3210 gentibus
3529 3142 3877 3213 praedicavit,

617 3240 732 3285 tum
768 3232 928 3285 etiam
957 3231 1163 3302 absque
1190 3230 1389 3285 invidia
1410 3237 1610 3283 rectam
1642 3228 1898 3282 omnibus
1940 3225 2007 3280 ad
2057 3240 2247 3280 verum
2287 3226 2554 3302 omnium,
2600 3230 2887 3299 solumque
2906 3231 3073 3286 Deum
3096 3233 3234 3286 viam
3258 3246 3419 3303 atque
3445 3236 3703 3303 pietatem
3734 3234 3869 3286 indi-

618 3324 784 3379 cavit.
818 3323 1016 3378 Contra
1064 3336 1204 3378 vero‘
1245 3321 1516 3391 sapientes
1582 3319 1695 3383 isti,
1742 3318 1835 3388 qui
1870 3326 2021 3370 tanto
2053 3314 2197 3370 fastu
2237 3317 2510 3370 cmlestem
2571 3321 2861 3387 quamdam
2893 3321 2947 3375 in
3006 3324 3336 3379 moderanda
3378 3326 3485 3379 vita
3528 3326 3872 3395 prudentiam

616 3413 962 3483 iactitabant,
1013 3429 1131 3466 cum
1165 3411 1333 3465 Deum
1395 3409 1752 3479 cognovissent
1785 3408 1804 3475 (
1833 3416 1893 3460 ιιι
1918 3405 2135 3459 divinus
2192 3404 2431 3473 loquitur
2486 3407 2827 3481 Apostolus)
2866 3429 2969 3466 non
3011 3414 3148 3467 sicut
3208 3415 3377 3471 Deum
3420 3417 3873 3486 gloriﬁcaverunt.

620 3514 715 3559 aut
762 3506 963 3572 gratias
1013 3502 1359 3573 egerunt,sed
1404 3508 1725 3553 evanuerunt
1784 3498 1839 3551 in
1864 3495 2271 3567 cogitationibus
2309 3498 2442 3565 suis,
2478 3508 2529 3552 et
2567 3500 2913 3570 obscuratum.
2943 3514 3022 3559 est
3074 3506 3326 3577 insipiens
3373 3524 3467 3560 tor
3515 3523 3724 3561 eorum.
3787 3507 3875 3560 Dr}

620 3606 792 3652 centes
848 3597 987 3648 enim
1036 3612 1089 3649 se
1126 3611 1234 3648 esse
1290 3595 1567 3663 sapientes,
1628 3589 1780 3645 stulti
1833 3591 1963 3661 facti
2036 3600 2205 3655 sunt;
2272 3602 2320 3646 et
2383 3592 2678 3663 coluerunt,
2715 3604 2766 3650 et
2818 3599 3107 3655 servierunt
3175 3611 3433 3655 creatum
3476 3602 3652 3671 potius
3717 3617 3873 3671 quam

621 3691 882 3759 Creatori,
911 3690 1001 3761 qui
1038 3700 1118 3745 est
1156 3690 1453 3744 benedictus
1479 3690 1535 3742 in
1562 3687 1755 3745 scutula
1780 3689 1845 3743 ”.

1112 3782 1267 3853 123
1313 3780 1538 3837 CAPUT
1570 3780 1709 3837 xw.

622 3854 921 3932 Fabulosas
954 3875 1019 3930 de
1048 3875 1151 3929 diis
1184 3876 1513 3929 narrationes
1553 3874 1616 3927 ab
1646 3874 1768 3931 alits
1792 3874 1924 3942 ipsis
1954 3873 2193 3945 coargui,

1106 3946 1196 4016 qui
1219 3946 1492 4000 contraria
1518 3945 1741 4014 faciant.

695 4036 988 4092 Enimvero
1016 4046 1140 4107 post
1165 4038 1382 4107 longam
1427 4037 1577 4090 illam
1604 4045 1659 4089 et
1691 4036 1925 4104 spissam
1957 4036 2198 4106 philoso-

624 4130 767 4203 phiae
814 4129 1364 4195 commentationem,
1414 4138 1539 4197 post
1595 4129 1873 4197 speciosas
1926 4128 1993 4182 de
2035 4128 2200 4183 rebus

626 4223 744 4278 sive
793 4221 1106 4278 caelestibus
1136 4262 1152 4289 ,
1215 4220 1329 4275 sive
1377 4219 1719 4273 naturalibus
1780 4218 2196 4287 disputationes,

625 4329 693 4369 ex
721 4313 812 4365 illo
839 4313 1076 4367 culmine
1098 4351 1115 4378 ,
1156 4312 1235 4367 sic
1285 4321 1539 4382 tanquam
1569 4326 1635 4366 ex
1665 4310 1932 4365 altissimo
1963 4311 2198 4381 quodam

627 4404 832 4460 montis
874 4404 1074 4458 vertice
1111 4404 1383 4474 prolapsi,
1425 4404 1578 4458 humi
1622 4404 1879 4473 deinceps
1914 4419 2037 4458 cum
2081 4402 2199 4471 ipsa

627 4494 905 4570 plebecula
939 4494 1208 4559 volutari,
1252 4497 1561 4564 promiscue
1604 4496 1675 4550 ad
1708 4505 1951 4550 veterum
1983 4494 2050 4549 de
2080 4495 2201 4565 plu-

626 4590 781 4647 ribus
821 4586 927 4642 diis
968 4599 1209 4640 errorem
1236 4600 1353 4640 sese
1392 4600 1683 4655 aggregare
1703 4628 1717 4651 ,
1748 4586 1983 4654 denique
2012 4587 2199 4639 eadem

628 4694 689 4736 se
729 4693 853 4748 qua:
896 4675 1091 4746 vulgus
1138 4673 1316 4743 ipsum
1356 4672 1603 4739 opinari,
1649 4672 1844 4742 partim
1894 4670 2198 4735 sacrificiis,

628 4771 824 4840 partim
884 4768 1305 4824 simulacrorum
1355 4764 1503 4817 cultu
1556 4763 1853 4830 simulare;
1904 4777 2013 4833 quo
2076 4762 2199 4829 qui-

629 4862 751 4916 dem
812 4861 1058 4930 exemplo
1121 4858 1401 4929 vulgarem
1472 4855 1752 4908 hominum
1812 4856 1879 4909 de
1938 4850 2202 4907 fabulosis

630 4953 855 5009 deorum
921 4953 1325 5006 narrationibus
1382 4963 1601 5003 sensum
1651 4957 1704 5001 et
1748 4947 2199 5003 existimationem

630 5045 902 5115 augebant
939 5044 1142 5107 simul,
1194 5059 1258 5097 ac
1302 5044 1474 5114 magis
1522 5039 1803 5109 magisque
1850 5037 2199 5093 roborabant.

2810 3785 3203 3839 ΚΕΦΑΛΑΙΟΝ
3249 3788 3348 3839 ΙΔ’.

2302 3873 2420 3927 ’Ὁτι
2460 3872 2567 3941 τὰς
2588 3876 2845 3943 μυθικὰς
2888 3880 3025 3951 ,περὶ
3072 3875 3234 3951 ,θεῶν
3264 3879 3583 3951 ,διηγήσεις
3614 3880 3870 3951 ἁπελέγι

2618 3964 2837 4015 χουσιν
2875 3948 3118 4001 ἐναντία
3158 3948 3533 4017 πράττοιτες.

2368 4036 2524 4090 Μετά
2548 4038 2679 4107 γοῦν
2710 4040 2809 4110 τὴν
2840 4040 3054 4112 μακρὰν
3076 4042 3169 4093 καὶ
3197 4041 3395 4113 πολλὴν
3417 4042 3759 4113 φιλοσοφίαν,
3786 4043 3872 4097 καὶ

2303 4128 2439 4199 μετά
2480 4128 2581 4193 τὰς
2636 4132 2838 4201 σεμνὰς
2886 4133 3315 4203 μετεωρολογίας
3358 4136 3452 4189 καὶ
3504 4137 3872 4208 φυσιολογίας,

2299 4225 2503 4279 ἄνωθέν
2537 4225 2719 4294 ποθεν,
2756 4226 2831 4290 ὡς
2855 4227 2949 4295 ἀφ’
2977 4225 3316 4298 ύψηλοτάτης
3346 4228 3672 4299 ἀκρωρείας,
3712 4246 3871 4283 κατα-

2301 4318 2607 4383 πίπτοντες,
2637 4322 2733 4373 σὺν
2760 4322 2875 4380 τοῖς
2905 4316 3127 4387 πλήθεσι
3151 4316 3530 4389 κατεσύροντο,
3559 4321 3650 4372 καὶ
3674 4324 3744 4391 τῇ
3770 4321 3873 4373 τῶν

2302 4410 2546 4464 παλαιῶν
2578 4409 2822 4477 πολυθέῳ
2866 4406 3040 4477 πλάνῃ
3092 4407 3471 4479 συνεφύροντο,
3512 4410 3578 4464 τὰ
3602 4414 3724 4475 τοῖς
3754 4412 3871 4464 πολ-

2300 4502 2409 4566 λοῖς
2428 4504 2608 4573 ὅμοια,
2628 4501 2715 4553 διὰ
2735 4501 2828 4553 τοῦ
2848 4501 2994 4555 θύειν
3022 4501 3112 4554 καὶ
3129 4505 3237 4565 τοῖς
3254 4502 3461 4569 ξοάνοις
3485 4506 3866 4576 προσπίπτειν,

2301 4592 2542 4657 δοξάζειν
2580 4591 3019 4661 ὑποκρινόμενοι,
3051 4590 3302 4657 αὔξοντες
3335 4611 3393 4647 τε
3427 4596 3518 4649 καὶ
3555 4594 3632 4647 ἔτι
3680 4595 3869 4664 μᾶλλον

2303 4684 2657 4754 κρατύναντες
2698 4685 2796 4755 τὴν
2840 4684 3059 4757 δημώδη
3096 4686 3204 4740 τῶν
3246 4688 3488 4758 μυθικῶν
3523 4687 3867 4757 διηγημάτων

2303 4776 2431 4846 περὶ
2458 4775 2593 4829 θεῶν
2627 4776 2911 4847 ὑπόληψιν.
2952 4778 3077 4843 Πῶς
3112 4775 3204 4834 οὖν
3241 4781 3341 4832 οὐκ
3369 4778 3435 4832 ἂν
3460 4776 3567 4831 εἷεν
3593 4782 3708 4843 τοῖς
3744 4782 3863 4833 πᾶσι

2302 4866 2573 4937 πρόδηλοι,
2601 4867 2920 4938 σεμνολογού
2930 4886 3079 4939 μενοι
3107 4869 3204 4939 μὲν
3228 4871 3347 4931 ταῖς
3372 4868 3756 4938 φυσιολογίαις,
3781 4872 3865 4923 καὶ

2306 4956 2463 5027 μέχρι
2486 4957 2657 5026 λόγων
2682 4959 2749 5012 τά
2772 4960 2971 5031 αἰσχρά
2997 4957 3425 5023 καλλωπίζοντες
3450 4963 3514 5030 τῇ
3546 4963 3860 5037 παρατροπῇ

2302 5051 2399 5121 τῆς
2439 5051 2711 5123 ἀληθείας,
2763 5053 2942 5125 ἔργοις
2984 5053 3030 5105 δ’
3069 5054 3251 5113 αὐτοῖς
3302 5052 3402 5123 τὴν
3448 5054 3681 5127 μυθικὴν
3730 5073 3862 5109 συνι-

632 5136 833 5206 Ειηυίε
864 5135 1027 5205 igitur
1068 5148 1176 5187 non
1219 5135 1379 5203 plane
1420 5133 1637 5197 videat,
1672 5128 1905 5198 speciem
1958 5143 2052 5183 eos
2103 5126 2188 5178 ali-

2306 5142 2535 5208 στῶντες
2576 5144 2785 5214 πλάνην
2837 5146 2931 5198 καὶ
2976 5143 3073 5215 τὴν
3112 5143 3393 5216 πάνδημον
3422 5126 3860 5220 δεισιδαιμονίανς

632 5244 795 5298 quam
822 5225 1100 5297 gravitatis
1136 5239 1235 5277 sua
1266 5224 1369 5279 ista
1394 5220 1733 5295 physiologia
1757 5219 2199 5295 quasiissener-

634 5320 825 5387 hisque
851 5327 1009 5371 tenus
1033 5314 1356 5385 ﬂagitiorum
1388 5314 1800 5385 turpitudinem,
1833 5308 2197 5379 detorquenda

634 5425 816 5463 rerum
847 5410 1076 5464 veritate
1104 5406 1397 5471 colorasse,
1431 5410 1523 5477 qui
1557 5422 1719 5477 opere
1748 5406 1864 5476 ipso
1892 5403 2197 5457 fabulosum

634 5515 873 5554 errorem
903 5541 917 5564 ,
965 5512 1422 5567 communemque
1472 5500 1714 5553 omnium
1761 5494 2198 5565 superstitionem

536 5609 541 5614 '
636 5591 1065 5649 confirmarent?
1130 5590 1452 5659 Quanquam
1503 5592 1700 5646 mirum
1748 5590 1802 5646 id
1853 5601 1986 5646 sane
2031 5585 2200 5641 videri

706 5780 754 5814 ⁸·
782 5776 938 5832 Rom.
973 5790 1011 5841 ι,
1046 5774 1131 5840 12,
1166 5774 1255 5842 22,
1290 5774 1381 5829 25.

2306 5234 2415 5286 Καὶ
2447 5236 2655 5287 οὐδέπω
2687 5234 2845 5287 τοῦτο
2877 5234 3220 5304 θαυμαστὸν,
3262 5236 3350 5289 ὅτε
3392 5239 3488 5292 καὶ
3520 5239 3718 5303 αὐτοὺς
3745 5240 3863 5291 ἀνα-

2305 5325 2573 5396 γράφουσι
2597 5329 2721 5388 τοὺς
2740 5326 2952 5379 ἑαυτῶν
2982 5325 3137 5390 θεοὺς
3163 5329 3286 5391 ταῖς
3312 5330 3442 5402 περὶ
3460 5330 3641 5383 αὐτῶν
3672 5345 3865 5400 συμφε-

2308 5414 2567 5485 ρομένους
2607 5415 2967 5485 μυθολογίαις.
3015 5416 3213 5470 Ἀκουε
3250 5419 3401 5488 γοῦν,
3434 5422 3583 5485 ὅπως
3614 5424 3644 5474 ὁ
3688 5420 3861 5472 Ἀπόλ-

2306 5506 2411 5561 λων
2435 5509 2595 5571 αὑτὸς
2625 5510 2751 5579 περὶ
2784 5506 2976 5560 ἑαυτοῦ
3008 5508 3244 5565 διδάσκει
3280 5513 3467 5584 ὕμνον,
3494 5512 3553 5567 ὃν
3581 5514 3661 5575 εἰς
3687 5510 3860 5564 ἑαυτὸν

2304 5600 2581 5668 ἐξέδωκεν,
2605 5600 2878 5672 ὁμολογῶν
2904 5603 2961 5655 ἐν
2988 5602 3139 5676 Δήλῳ
3162 5608 3229 5677 τῇ
3250 5607 3399 5679 νήσῳ
3423 5605 3529 5660 ὑπὸ
3549 5604 3756 5675 Λητοῦς
3780 5621 3860 5673 γι·
