4044 6334
114 478 204 532 229

628 619 1019 672 ΚΕΦᾹΆΑΙΟΝ
1047 619 1105 670 A'
1118 658 1129 671 .

114 729 379 796 Περιτῶν
412 732 563 786 κατὰ
581 735 787 798 πόεὶεις
818 732 1216 801 χρηστηρίων,
1254 730 1350 785 καὶ
1378 724 1466 784 ὧν
1492 730 1669 801 adilt—

174 803 351 855 λισξα
375 798 867 870 διατεθρύλλητὰῖ
910 798 981 856 τὰ
1011 798 1259 871 μαντεῖα
1298 802 1366 854 ὲν
1408 798 1667 871 παραδότ

175 872 298 936 ξοις
321 869 618 940 δαιμόνων
662 869 1064 940 ἐπιφανείαιρο
1105 873 1221 925 τίνι
1258 888 1322 924 τε
1364 871 1523 940 λόγῳ
1569 869 1666 922 καὶ

176 943 399 995 τούτων
428 942 974 1011 κατεφρονήσαμεν.

676 1056 1104 1112 ΠΡΟΟΙΜΙΟΝ.

175 1160 243 1213 Τὸ
272 1162 453 1233 τρίτον
481 1159 619 1229 εἶδος
650 1166 749 1237 τῆς
771 1164 1027 1219 πολυθέου
1050 1162 1276 1235 πλάνης,
1302 1164 1393 1233 ἀφ’
1424 1157 1493 1235 ἧς
1511 1160 1670 1215 δυνά-

116 1268 195 1321 μει
215 1251 308 1306 καὶ
332 1254 623 1327 εὐεργεσίᾳ
647 1254 740 1309 τοῦ
766 1254 1053 1327 Λυτρωτοῧ
1096 1256 1192 1309 xei.
1228 1255 1479 1326 Σωτῆρος
1511 1254 1670 1326 ἡμῶν

124 1343 283 1415 Ἰησοῦ
308 1346 545 1416 Χριστοῦ
575 1348 1043 1420 ἠλευθερώθημεν,
1060 1349 1117 1399 ὲν
1131 1347 1210 1417 τῷ
1234 1349 1478 1418 τετάρτῳ
1498 1346 1671 1417 τούτῳ

116 1437 594 1508 συγγράμματιτῆς
622 1439 1037 1510 Εὐατγελικῆς
1051 1439 1554 1507 προπαρασκευῆς
1565 1457 1677 1493 και-

116 1528 198 1597 ρὸς
226 1530 517 1598 ἁπελέγξαι
546 1530 723 1583 καλεῖ.
768 1530 985 1601 Ἐπειδὴ
1009 1530 1119 1601 γὰρ
1142 1529 1204 1582 τὸ
1226 1531 1335 1583 πᾶν
1363 1530 1467 1600 τῆς
1494 1529 1671 1583 θεολο-

114 1618 224 1686 γίας
255 1620 433 1673 αὐτῶν
478 1617 619 1685 εἶδος
652 1623 735 1686 είς
774 1622 903 1694 τρία
945 1622 1303 1694 γενικώτερον
1338 1620 1667 1692 διαιροῦσινο

113 1706 184 1770 εἷς
216 1725 275 1761 τε
303 1709 365 1761 τὸ
395 1709 643 1780 μυθικὸν,
690 1711 797 1764 ὑπὸ
824 1711 934 1764 τῶν
976 1710 1216 1782 ποιητῶν
1249 1710 1671 1783 τετραγῳδημέ-

112 1815 211 1866 νον,
246 1799 341 1853 xei.
379 1802 458 1863 εἰς
491 1799 553 1855 τὸ
585 1801 843 1871 φυσικὸν,
871 1800 933 1854 τὸ
959 1802 1024 1873 δὴ
1054 1800 1191 1870 πρὸς
1221 1799 1333 1853 τῶν
1360 1800 1673 1869 ,φιλοσόφων

113 1887 468 1960 ἐφευρημένον
490 1930 505 1955 ,
545 1889 628 1954 εἷς
675 1891 822 1945 τετὸ
866 1891 1002 1962 πρὸς
1028 1891 1134 1943 τῶν
1162 1890 1341 1960 νόμων
1377 1889 1671 1944 διεκδικού-

1264 449 1589 537 ΡιιΑερΑιι.
1631 479 1887 535 avsus.
1929 479 2054 535 LIB.
2087 479 2173 536 IV.

1690 598 1740 656 Α

3224 474 3328 530 250

2387 591 2617 648 CAPUT
2655 592 2693 646 Ι.

1769 707 1845 762 De
1873 710 2202 761 diversarum
2224 708 2436 761 urbium
2462 707 2712 769 oraculis,
2738 707 2907 775 iisque
2932 705 3181 767 maxime,
3200 721 3329 775 quo-

1838 796 1954 831 rum
1978 795 2086 846 pra:
2115 780 2315 831 ca’teris
2366 794 2611 846 responsa
2667 776 3030 846 celebrantur,
3074 775 3331 829 damoni-
3404 794 3406 797 ·

1838 850 1933 901 bus
1959 844 2312 916 inexspectata
2336 844 2455 901 sese
2482 849 2652 915 [arma
2672 844 3061 900 ostendentibus
3086 860 3103 897 :
3128 862 3332 915 quaque

1840 920 2041 971 ratione
2073 920 2318 986 permoti,
2342 935 2404 971 ea
2430 933 2629 986 quoque
2654 917 3017 985 spreverimus.

2327 1029 2781 1087 ρηοοειηωι.

1842 1145 2119 1214 Susceptze
2137 1145 2520 1214 disputationis
2542 1146 2677 1200 ordo
2698 1144 2955 1213 postulat,
3001 1152 3062 1198 ut
3112 1143 3332 1199 tertiam

1771 1234 1918 1291 illius
1949 1237 2152 1291 erroris
2174 1244 2379 1306 partem
2411 1220 2505 1305 qui
2545 1236 2768 1289 deorum
2791 1224 3202 1288 multitudinem
3243 1235 3332 1288 in-

1770 1329 1938 1390 vexit,
1964 1326 2120 1396 130
2134 1340 2350 1395 quoque
2370 1325 2579 1378 liberati
2608 1314 2979 1394 Redemptoris
3005 1322 3337 1378 Servatoris-

1770 1432 1879 1487 que
1908 1416 2081 1472 nostri
2110 1415 2238 1470 Jesu
2276 1415 2479 1470 Christi
2504 1415 2701 1469 virtute
2723 1415 3095 1485 beneﬁcioque
3124 1431 3335 1480 sumus,

1771 1520 1969 1581 quarto
1992 1510 2099 1566 hoc
2125 1508 2543 1579 Prazparationis
2568 1508 2895 1578 Evangelia:
2920 1509 3058 1563 libro
3086 1508 3339 1563 confutc~

1771 1617 1915 1657 mus.
1945 1600 2083 1655 Cum
2112 1602 2257 1657 enim
2285 1601 2595 1654 universam
2622 1600 2900 1670 theol0giae
2930 1616 3042 1656 suae
3068 1600 3335 1654 rationem

1773 1693 1829 1746 in
1852 1692 1957 1746 tria
1981 1692 2149 1747 veluti
2181 1691 2560 1747 communiora
2584 1705 2783 1761 genera
2812 1691 3138 1761 partiantur,
3186 1690 3337 1744 fabu-

1773 1782 1974 1847 losum,
2003 1781 2149 1851 quod
2193 1790 2476 1852 poetarum
2507 1782 2755 1838 versibus
2788 1797 2959 1851 usque
2993 1782 3129 1837 adeo
3158 1781 3336 1851 jacta-
3438 1822 3441 1825 γ

1774 1885 1889 1931 tum
1913 1884 1996 1932 est
2020 1892 2035 1940 ;
2071 1874 2337 1941 naturale,
2362 1874 2507 1944 quod
2545 1890 2575 1929 a
2604 1874 2944 1945 philosophis
2965 1872 3336 1943 excogitatum

116 1930 388 2050 p305]?
434 1930 642 2056 hides?“
687 1982 842 2036 πόλει
874 1930 999 2036 1:?
1016 1980 1169 2053 χώρᾳ
1220 1930 1669 2053 ἔφυλαγμένονο

1776 1968 1914 2035 fuit;
1947 1977 2001 2023 et
2036 1967 2190 2031 illud,
2217 1930 2581 2038 quod-legum
2604 1930 2940 2021 auctori-tate
2976 1930 3225 2019 sancium
3254 1971 3338 2018 at-

110 2070 302 2124 τούτων
321 2071 380 2123 δὲ
408 2070 551 2142 μέρη
572 2071 665 2125 δύο
689 2070 791 2145 ἥδη
823 2072 1085 2143 πρότερον
1109 2069 1200 2123 διὰ
1221 2070 1331 2124 τῶν
1352 2070 1457 2141 πρὸ
1480 2070 1669 2124 τούτου

114 2163 549 2234 συγγραμμάτων
596 2167 730 2235 ἡμῖν
772 2162 1103 2235 ὲξήπλωται,
1134 2162 1196 2215 τό
1227 2178 1287 2215 τε
1314 2162 1604 2234 ἱστορικὸν,
1642 2163 1672 2217 ὃ

110 2254 167 2323 δὴ
198 2254 421 2325 μυθικὸν
463 2254 575 2328 (19)
624 2254 990 2321 ἀποκαλοῦσι,
1024 2258 1119 2312 καὶ
1161 2259 1225 2313 τὸ
1265 2254 1673 2327 ὲπαναϐεϐηκὸς

110 2346 225 2407 τοὺς
267 2345 502 2416 μύθους,
535 2345 565 2399 ὸ
594 2346 659 2419 δὴ
690 2346 950 2416 φυσικῆν,
990 2348 1025 2419 ἦ
1075 2333 1444 2421 θεωρητικὸν,
1496 2348 1531 2418 ἢ
1564 2348 1672 2418 ὅπη

111 2435 235 2508 ἄλλῃ
280 2437 557 2508 χαίρουσιν
591 2438 1120 2515 προσαγορεύοντες
1176 2439 1367 2510 καιρὸς
1405 2428 1471 2494 ἂν
1496 2438 1581 2509 εἴη
1610 2438 1673 2490 τὸ

111 2529 280 2598 τρίτον
309 2532 403 2583 ἐπὶ
430 2530 524 2583 τοῦ
555 2530 821 2602 παρόντος
861 2531 1121 2597 διελθεῖν,
1160 2531 1317 2597 τοῦτο
1360 2522 1427 2585 δέ
1458 2534 1573 2585 ἐστι
1610 2530 1672 2583 τὸ

113 2620 243 2674 κατὰ
278 2616 460 2683 πόλεις
506 2622 601 2674 καὶ
646 2621 831 2693 χώρας
874 2616 1166 2687 συνεστδςθ
1188 2622 1462 2677 πολιτικὸν
1490 2621 1671 2683 αὐτοῖς

114 2712 640 2784 προσαγορευόμενον
662 2729 677 2744 ·
726 2713 755 2766 ὃ
782 2713 877 2767 καὶ
910 2713 1142 2785 μάλιστα
1183 2714 1319 2785 πρὸς
1355 2712 1461 2766 τῶν
1492 2712 1672 2781 νόμων

113 2800 465 2865 διεκδικεῖται,
501 2800 579 2865 ὡς
618 2800 686 2855 ἂν
726 2801 953 2856 παλαιὸν
999 2801 1135 2873 ὁμοῦ
1168 2804 1263 2855 καὶ
1289 2802 1545 2870 ιπάτριον,
1577 2800 1673 2854 καὶ

116 2892 204 2962 τῆς
232 2891 342 2945 τῶν
369 2891 801 2964 θεολογουμένων
825 2894 1105 2963 δυνάμεως
1141 2893 1368 2947 αὐτόθεν
1408 2891 1508 2965 τὴν
1547 2893 1676 2964 ἀρε-

114 2983 202 3053 τὴν
230 2983 543 3051 ὑποφαῖνον.
566 2972 1025 3055 λιατεθρύλληται
1052 2983 1183 3052 γοῦν
1212 2984 1397 3046 αὐτοῖς
1442 2986 1675 3051 μαντεῖα

115 3075 197 3126 καὶ
216 3075 469 3145 χρησμοὶ,
505 3073 866 3147 θεραπεῖαίτε
897 3075 991 3125 καὶ
1016 3071 1231 3136 axem;
1273 3072 1537 3126 παντοίων
1569 3089 1677 3127 πα·

117 3166 233 3229 θῶν,
267 3166 590 3238 ἐπισκήψεις
611 3183 670 3219 τε
696 3166 836 3219 κατὰ
861 3166 1071 3219 ἀσεϐῶν
1092 3183 1105 3195 ·
1135 3159 1208 3219 ὧν
1323 3166 1416 3217 καὶ
1436 3163 1524 3217 διὰ
1550 3163 1673 3216 πεί-

1770 2074 1879 2129 que
1899 2063 2193 2123 munitum,
2217 2059 2273 2111 in
2289 2057 2518 2125 singulis
2538 2056 2765 2111 urbibus
2797 2070 2861 2111 ac
2887 2054 3197 2125 regionibus
3223 2069 3339 2109 ser—

1770 2151 1885 2203 vari
1913 2138 2230 2205 consuevit:
2263 2164 2330 2205 ex
2361 2150 2428 2204 iis
2454 2157 2635 2203 autem
2664 2149 2774 2202 duo
2807 2147 2921 2217 jam
2964 2147 3339 2216 superioribus

1772 2242 1926 2297 libris
1960 2242 2013 2296 in
2040 2243 2286 2317 omnium
2331 2240 2505 2295 oculis
2537 2238 2907 2310 posuerimus.
2943 2246 3067 2292 cum
3119 2236 3341 2291 histori-

1772 2349 1917 2399 cum,
1935 2333 2079 2402 quod
2109 2332 2412 2386 fabulosum
2436 2332 2742 2395 nominant,
2769 2339 2883 2384 tum
2905 2330 3065 2384 etiam
3088 2329 3338 2391 alterum,

1772 2425 1917 2493 quod
1950 2423 2161 2477 fabulas
2198 2436 2390 2475 omnes
2417 2431 2731 2490 exsuperat,
2787 2422 2904 2476 sive
2962 2421 3017 2475 id
3073 2420 3338 2483 naturale,

1771 2516 1886 2569 sive
1911 2512 2350 2583 contemplationi
2393 2513 2691 2577 addictum,
2726 2514 2841 2565 sive
2872 2524 3197 2581 quocunque
3229 2510 3340 2564 alio

1771 2606 1994 2661 nomine
2016 2605 2286 2675 appellare
2310 2603 2502 2657 malint
2535 2623 2548 2657 :
2587 2603 2836 2672 sequitur
2866 2602 3116 2667 omnino,
3146 2610 3207 2655 ut
3228 2612 3343 2656 ter-

1771 2697 1910 2751 tium
1967 2695 2070 2750 hoc
2101 2695 2360 2763 deinceps
2431 2693 2708 2747 volumine
2738 2706 3153 2761 persequamur.
3204 2690 3343 2744 Illud

1775 2798 1956 2842 autem
1994 2794 2116 2853 est,
2136 2786 2283 2855 quod
2335 2783 2463 2853 quia
2491 2799 2586 2853 per
2610 2782 2855 2854 singulas
2885 2782 3136 2837 civitates
3166 2797 3230 2836 ac
3262 2798 3347 2836 re-

1776 2877 1962 2948 giones
1993 2875 2353 2931 constitutum
2382 2873 2506 2940 fuit,
2538 2873 2694 2927 civile
2720 2872 2789 2926 ab
2832 2873 2899 2927 iis
2947 2880 3295 2941 nuncupatur
3324 2888 3343 2936 ;

1776 2984 1952 3039 eoque
1980 2968 2282 3039 praesertim
2305 2966 2485 3036 legum
2514 2971 2567 3020 vi
2610 2964 2973 3036 praesidioque
2997 2963 3303 3023 defenditur
3325 3003 3345 3029 ,

1742 3100 1745 3101 ν
1776 3061 1921 3130 quod
1957 3076 2067 3113 non
2114 3059 2399 3129 antiquum
2448 3057 2611 3111 modo
2639 3056 2985 3126 patriumque
3033 3055 3126 3121 sit,
3156 3070 3345 3111 verum

1775 3153 1937 3207 etiam
1963 3166 2179 3216 eorum,
2206 3164 2342 3221 quos
2367 3148 2471 3218 ipsi
2517 3149 2746 3203 deorum
2772 3147 2827 3201 in
2862 3148 2982 3201 loco
3008 3160 3347 3215 numeroque

120 3272 210 3325 ρας
238 3256 407 3310 ἐλθεῖν
431 3236 751 3325 φάσκοντες,
783 3252 842 3309 εὖ
873 3256 1018 3327 μάλα
1051 3236 1377 3308 πεπείκασιν
1423 3256 1670 3318 ἑαυτοὺς,

1776 3252 2007 3312 ponunt,
2029 3242 2207 3296 virtus
2236 3249 2399 3309 atque
2419 3239 2680 3308 potentia,
2718 3236 2821 3291 hoc
2850 3246 3108 3307 tanquam
3143 3237 3222 3291 rei
3249 3250 3347 3305 per

116 3348 177 3400 τὰ
200 3328 316 3400 θεῖα
339 3349 629 3418 τιμῶντας,
659 3350 731 3402 τὰ
763 3349 947 3403 δίκαια
989 3349 1249 3423 πράττειν
1269 3364 1281 3377 ·
1324 3348 1473 3418 ἡμᾶς
1509 3346 1566 3400 δὲ
1605 3347 1674 3400 τὰ

121 3438 341 3508 μέγιστα
364 3438 600 3503 ἀσεϐεῖν,
617 3439 717 3501 τὰς
739 3438 910 3501 οὕτως
929 3440 1190 3509 ἐμφανεῖς
1208 3437 1302 3490 καὶ
1322 3433 1675 3508 εύεργετικὰς

118 3528 368 3599 δυνάμεις
396 3529 452 3581 ἐν
472 3529 645 3581 οὐδενὶ
675 3529 817 3599 λόγῳ
843 3530 1179 3599 τιθεμένους,
1201 3528 1458 3598 ἄντικρυς
1480 3527 1537 3580 δὲ
1566 3541 1675 3580 πα-

124 3620 475 3690 ρανομοῦντας
493 3636 509 3651 ο
532 3619 650 3673 δέον
686 3620 862 3672 σέϐειν
889 3612 1118 3697 ἓκαρτον
1149 3618 1219 3671 τὰ
1249 3620 1455 3689 πάτρια
1473 3658 1488 3683 ,
1540 3617 1675 3688 μηδὲ

123 3713 280 3763 κινεῖν
307 3710 372 3764 τὰ
392 3709 645 3781 ἀκίνητα,
685 3713 914 3779 στοιχεῖν
941 3707 998 3759 δὲ
1019 3708 1113 3760 καὶ
1139 3706 1436 3775 ἐφέπεσθαι
1471 3708 1537 3776 τῇ
1566 3706 1676 3757 τῶν

82 3795 472 3877 ’προπατόρων
526 3801 809 3872 εὐσεϐείᾳ,
866 3798 1003 3868 ἀλλὰ
1066 3798 1141 3869 μὴ
1201 3796 1674 3867 πολυπραγμονεῖν

124 3895 275 3967 ἔρωτι
307 3896 670 3967 καινοτομίας.
706 3891 892 3963 Ταύτῃ
926 3887 1055 3958 γοῦν
1099 3904 1259 3958 φασιν
1298 3887 1534 3953 ἐπαξίως
1580 3884 1676 3938 καὶ

126 3990 338 4043 θάνατον
369 3989 473 4042 ὑπὸ
516 3988 623 4041 τῶν
650 3987 829 4056 νόμων
858 3981 1089 4054 ὡρίσθαι
1134 3984 1248 4044 τοῖς
1295 3975 1677 4050 πλημμελοῦσι

124 4080 217 4148 τὴν
242 4079 461 4150 ζημίαν.
496 4077 569 4131 Τὸ
600 4077 697 4147 μὲν
719 4070 813 4128 οὖν
837 4071 1051 4145 πρῶτον
1085 4071 1356 4143 ἱστορικόν
1386 4087 1447 4122 τε
1491 4068 1549 4122 ὃν
1583 4067 1677 4120 καὶ

124 4164 334 4233 μυθικδν
366 4165 468 4233 τῆς
500 4163 775 4231 θεολογίας
797 4160 935 4225 εἶδος
952 4202 969 4227 ,
994 4164 1102 4233 ὅπη
1130 4160 1213 4222 τις
1243 4160 1485 4230 βούλεται
1510 4174 1675 4239 ποιηο,

124 4251 221 4310 τῶν
244 4252 500 4307 τιθέσθω’
528 4251 716 4323 ῶσπερ
742 4246 835 4305 οὖν
863 4253 957 4304 καὶ
985 4250 1283 4320 φιλοσόφων
1304 4250 1365 4301 τὸ
1396 4247 1666 4319 δεύτερον,

126 4340 205 4394 διὰ
228 4343 326 4412 τῆς
349 4344 456 4397 τῶν
502 4342 684 4414 μύθων
726 4343 1103 4414 φυσικωτέρας
1132 4340 1452 4411 ἀλληγορίας
1490 4339 1700 4407 ἀπηγ·’

129 4433 391 4505 γελμένον·
418 4437 480 4489 τὸ
504 4436 561 4489 δὲ
590 4435 801 4507 τρίτον,
830 4435 858 4488 ὃ
884 4435 977 4488 καὶ
1007 4435 1139 4505 πρὸς
1164 4432 1271 4484 τῶν
1304 4430 1575 4501 ἀρχόντων
1596 4429 1673 4491 ὡς

135 4526 194 4578 ἂν
218 4528 437 4582 παλαιὸν
459 4530 593 4598 ὁμοῦ
612 4530 707 4583 καὶ
726 4527 1015 4588 πολιτικὸν,
1038 4526 1293 4595 τιμητέον
1312 4540 1371 4575 τε
1393 4522 1487 4574 καὶ
1514 4520 1677 4587 φυλα-

1774 3348 1834 3389 se
1860 3335 2032 3402 ipsam
2048 3330 2322 3401 loquentis
2348 3328 2664 3382 testimonio
2680 3326 3005 3380 declaretur.
3035 3324 3345 3389 Enimvero,

1775 3427 1983 3496 pridem
2016 3424 2159 3494 apud
2177 3424 2311 3477 istos
2343 3420 2561 3475 oracula
2587 3418 2834 3488 quaedam
2865 3426 3028 3487 atque
3060 3432 3345 3487 responsa,

1776 3519 2090 3573 morborum
2125 3515 2305 3569 omnis
2336 3516 2550 3584 generis
2581 3511 2917 3576 curationes,
2942 3510 3212 3579 illatasque
3234 3523 3349 3563 ca:—

1776 3611 1907 3665 litus
1936 3610 1989 3663 in
2012 3607 2210 3678 impios
2244 3605 2580 3676 gravissimae
2599 3603 2936 3658 calamitates
2972 3601 3353 3677 celebrantur;

1778 3718 1899 3773 qua:
1920 3702 2050 3756 dum
2075 3716 2133 3753 se
2160 3700 2310 3769 ipsos
2335 3699 2499 3753 etiam
2538 3695 2873 3766 experientia
2896 3708 3060 3749 nosse
3091 3687 3351 3763 proﬁten-

1778 3800 1888 3855 tur,
1914 3800 2028 3843 tum
2057 3803 2187 3841 vero
2208 3788 2333 3856 jure
2361 3788 2465 3841 sibi
2496 3785 2752 3839 nimirum
2772 3783 3119 3853 persuadent,
3143 3796 3201 3836 se
3221 3780 3343 3850 qui-

1778 3881 1924 3943 dem,
1953 3879 2100 3949 quod
2130 3881 2262 3931 deos
2288 3879 2494 3943 colant,
2541 3876 2691 3945 juste
2728 3874 2953 3928 omnino
2977 3872 3194 3926 facere:
3244 3886 3346 3924 nos

1779 3978 1959 4023 autem
1982 3966 2274 4021 admodum
2306 3965 2491 4033 impie,
2522 3955 2616 4033 qui
2648 3972 2758 4016 tam
2790 3968 3102 4031 perspectas
3146 3959 3348 4014 beneﬁ-

1778 4072 1980 4127 casque
2006 4056 2235 4109 virtutes
2262 4052 2417 4107 nihili
2456 4051 2763 4115 faciamus;
2794 4049 3037 4117 adeoque
3068 4048 3211 4119 leges
3246 4064 3346 4117 pa-

1776 4151 1886 4216 lam
1911 4164 1942 4202 a
1974 4148 2132 4201 nobis
2158 4153 2450 4215 aperteque
2477 4142 2707 4205 violari,
2740 4156 2864 4196 cum
2896 4138 3106 4210 patrios
3150 4154 3345 4208 quem-

1779 4257 1885 4313 que
1912 4239 2050 4294 ritus
2074 4236 2326 4306 religiose
2353 4234 2534 4289 colere
2570 4240 2793 4301 oportea
2828 4262 2843 4286 υ
2903 4238 3077 4291 neque
3144 4227 3347 4285 intacta

1779 4334 1985 4389 dudum
2020 4329 2263 4384 instituta
2290 4325 2613 4391 convellere,
2638 4323 2733 4377 sed
2762 4322 2968 4393 pressis
2997 4322 3156 4391 quasi
3178 4322 3349 4377 vesti-
3404 4384 3415 4393 ‘

1781 4426 1884 4497 giis
1917 4422 2185 4493 majorum
2219 4420 2472 4489 pietatem
2512 4416 2585 4472 ita
2598 4414 2939 4486 consectari,
2967 4413 3105 4468 nihil
3130 4421 3192 4467 ut
3217 4428 3351 4482 prte-

1780 4528 1928 4573 terea
1980 4528 2163 4570 rerum
2197 4525 2461 4567 novarum
2517 4509 2701 4565 studio
2750 4505 3022 4561 curiosius
3066 4504 3346 4558 moliatur.

128 4617 271 4671 κτέον
307 4616 443 4673 εἶναι
489 4596 921 4690 νενομοθέτηται,
951 4618 1088 4688 μήτε
1111 4632 1197 4677 τις
1219 4610 1478 4684 ποιητῶν,
1522 4610 1674 4679 φασὶ,

1781 4609 1961 4677 Quare
1988 4620 2206 4677 pugnam
2234 4605 2397 4659 etiam
2431 4602 2623 4672 capitis
2651 4601 2705 4655 in
2740 4600 2905 4677 bujus
2940 4596 3190 4654 maleﬁcii
3212 4610 3347 4690 reos

132 4712 257 4781 μήτε
285 4709 584 4781 φιλοσόφων
612 4710 831 4762 κιιείτω
851 4726 868 4740 σ
901 4711 1013 4770 τοῖς
1038 4708 1086 4760 δ’
1116 4709 1180 4759 ὲκ
1210 4703 1439 4759 παλαιοῦ
1470 4704 1677 4775 κρατή-

130 4819 242 4855 σασι
287 4803 502 4873 θεσμοῖς
542 4802 599 4855 ἔν
636 4818 697 4853 τε
738 4801 925 4871 ἀγροῖς
963 4801 1057 4854 καὶ
1088 4800 1272 4852 πόλεσι
1319 4798 1522 4868 μενέτω
1569 4798 1679 4859 πᾶς
1710 4828 1715 4834 -

131 4895 359 4965 στοιχῶν,
394 4894 580 4965 νόμοις
624 4892 873 4961 πατρίοις
900 4890 1237 4961 πειθόμενος.
1288 4890 1431 4965 Πρὸς
1479 4887 1544 4957 δὴ
1584 4885 1679 4941 οὖν

130 4964 283 5040 ταῦτα
312 4964 499 5058 καιρὸς
530 4982 817 5038 ἀποδοῦναι
840 4982 931 5035 τὸν
957 4984 1085 5052 παρ’
1112 4984 1245 5052 ἡμῖν
1272 4964 1448 5049 λόγον,
1479 4979 1676 5033 ἀπολοα

131 5078 308 5146 γισμόν
332 5095 392 5130 τε
413 5079 668 5146 ὑποσχεῖν
698 5076 798 5145 τῆς
820 5065 915 5126 τοῦ
963 5073 1212 5143 Σωτῆρος
1252 5073 1411 5143 ἡμῶν
1443 5073 1674 5138 εὐαγγε-

132 5168 270 5237 λικῆς
293 5169 670 5240 πραγματείας
694 5164 1187 5238 ἀντικηρυττούσης
1210 5168 1321 5227 τοῖς
1343 5161 1670 5236 εἰρημένοις,

132 5259 213 5310 καὶ
248 5263 353 5322 τοῖς
388 5260 495 5313 τῶν
531 5259 698 5314 ἐθνῶν
726 5260 979 5314 ἁπάντων
1016 5256 1203 5327 νόμοις
1235 5251 1671 5324 ἀντινομοθετού-

133 5365 235 5419 σης.

1779 4703 1927 4772 juste
1970 4698 2181 4769 legibus
2237 4695 2592 4750 constitutam
2635 4707 2756 4750 esse
2804 4690 3175 4761 pronuntiant.
3209 4683 3345 4740 Nam

1783 4793 2021 4863 primum
2048 4803 2179 4844 sane
2212 4786 2497 4864 theologia:
2523 4784 2842 4841 historicum
2863 4780 3243 4843 fabulosumve
3266 4790 3352 4846 ge.-

1782 4897 1908 4946 nus,
1941 4896 2041 4937 suo
2092 4887 2250 4948 poeta
2302 4878 2531 4948 quilibet
2589 4876 2757 4943 ﬁngat
2799 4871 3069 4925 arbitrio:
3117 4868 3349 4924 alterum

1784 4976 1912 5031 item
1937 4974 2089 5034 illud,
2122 4972 2348 5041 propius
2388 4970 2457 5023 ad
2506 4976 2759 5022 naturam
2819 4963 3108 5033 allegorica
3136 4956 3366 5017 fabula-'

1781 5081 1903 5120 rum
1936 5062 2292 5132 explicatione
2324 5058 2656 5121 traductum,
2691 5052 3141 5123 philosophorum
3168 5052 3351 5107 disce-

1782 5157 2114 5228 ptationibus
2141 5153 2505 5221 permittatur.
2538 5147 2607 5199 At
2637 5160 2765 5200 vero
2804 5144 3021 5199 tertium
3052 5143 3177 5207 hoc,
3203 5140 3348 5210 quod

1781 5257 1967 5317 utpote
2002 5242 2445 5313 antiquissimum
2470 5253 2534 5293 ac
2553 5237 2713 5292 civile
2738 5236 2983 5306 ipsorum
3010 5233 3173 5289 etiam
3200 5231 3349 5298 prin-

1781 5344 1961 5410 cipum
1987 5336 2195 5407 legibus
2227 5332 2463 5387 retinere
2498 5336 2553 5386 et
2584 5329 2874 5384 observare
2918 5327 3173 5396 iubemur
3196 5362 3212 5389 ,
3247 5337 3350 5377 nec

134 5413 411 5513 poetarum,
446 5443 719 5513 inquiunt,
754 5459 857 5499 nec
903 5418 1353 5514 philosophorum
1414 5437 1561 5512 ullus.
1611 5438 1839 5507 attingat
1868 5453 1880 5487 :
1918 5432 2011 5487 sed
2055 5429 2149 5497 qui
2178 5426 2291 5494 jam
2323 5424 2452 5479 olim
2483 5433 2593 5477 tam
2629 5423 2693 5475 in.
2716 5422 2883 5514 agris,
2918 5429 3081 5514 quam
3200 5413 3351 5513 urbi-

132 5502 221 5591 bus
239 5537 369 5590 ritus
395 5502 654 5597 obtibuit,
677 5502 745 5589 ad
765 5502 1228 5591 eum-constanter
1251 5542 1464 5593 omnes,
1517 5504 1711 5594 patriis
1749 5502 1949 5578 addicti
1987 5520 2216 5590 legibus,
2286 5515 2680 5570 adhaerescant.
2716 5510 2841 5565 Haec
2874 5511 3033 5568 sunt,
3066 5502 3275 5597 quibus
3294 5504 3348 5555 in

133 5628 397 5695 praesentia
438 5626 518 5681 sic
569 5595 720 5695 131
754 5625 911 5680 nobis
956 5621 1392 5694 respondendum
1452 5627 1558 5684 est,
1616 5625 1678 5670 ut
1714 5614 2010 5687 evangelici
2074 5610 2331 5676 instituti,
2370 5608 2518 5679 quod
2560 5624 2590 5662 a
2623 5607 2910 5662 Servatore
2958 5606 3149 5652 nostro
3210 5595 3347 5649 alla-

194 5784 294 5855 (19)
340 5784 401 5833 ’Ὁ
455 5779 531 5847 δὴ
577 5782 853 5855 ﬂuenter.
898 5789 1003 5834 etc.
1042 5776 1279 5834 Paucula
1332 5772 1525 5837 verba,
1577 5771 1674 5829 sed
1708 5774 1864 5830 valde
1912 5769 2238 5833 necessaria,
2286 5766 2655 5838 supplevimus
2705 5776 2769 5817 ex
2823 5762 2992 5815 altero
3044 5767 3347 5817 uzanuscr.,

135 5849 239 5917 quia
265 5849 427 5910 etiam
462 5852 699 5921 agnoscit
732 5849 901 5905 Mont.
