  <div class='ocr_page' id='page_1' title='image "/cluster/home/n/w/nwhite01/storage/ocr_20150623/21/pst.000004029076/123.png"; bbox 0 0 4044 6334; ppageno 0'>
   <div class='ocr_carea' id='block_1_1' title="bbox 748 475 849 533">
    <p class='ocr_par' dir='ltr' id='par_1_1' title="bbox 748 475 849 533">
     <span class='ocr_line' id='line_1_1' title="bbox 748 475 849 533; baseline 0 0"><span class='ocrx_word' id='word_1_1' title='bbox 748 475 849 533; x_wconf 69' lang='grc'><strong>251</strong></span> 
     </span>
    </p>
   </div>
   <div class='ocr_carea' id='block_1_2' title="bbox 1364 427 2293 552">
    <p class='ocr_par' dir='ltr' id='par_1_2' title="bbox 1364 463 2293 552">
     <span class='ocr_line' id='line_1_2' title="bbox 1364 463 2293 552; baseline -0.013 -23"><span class='ocrx_word' id='word_1_2' title='bbox 1364 541 1369 552; x_wconf 31' lang='grc' dir='ltr'><strong><em>ο</em></strong></span> <span class='ocrx_word' id='word_1_3' title='bbox 1412 474 1679 531; x_wconf 79' lang='lat' dir='ltr'><strong>EUSEBII</strong></span> <span class='ocrx_word' id='word_1_4' title='bbox 1711 466 2183 545; x_wconf 75' lang='lat' dir='ltr'><strong>C/ESARIENSIS</strong></span> <span class='ocrx_word' id='word_1_5' title='bbox 2220 463 2293 519; x_wconf 75' lang='lat' dir='ltr'><strong>or</strong></span> 
     </span>
    </p>
   </div>
   <div class='ocr_carea' id='block_1_3' title="bbox 2392 427 3304 552">
    <p class='ocr_par' dir='ltr' id='par_1_3' title="bbox 2410 427 3304 534">
     <span class='ocr_line' id='line_1_3' title="bbox 2410 427 3304 534; baseline -0.003 -19"><span class='ocrx_word' id='word_1_6' title='bbox 2410 458 2584 516; x_wconf 76' lang='lat' dir='ltr'><strong>PARS</strong></span> <span class='ocrx_word' id='word_1_7' title='bbox 2629 456 2691 513; x_wconf 85' lang='grc' dir='ltr'><strong>ιι.</strong></span> <span class='ocrx_word' id='word_1_8' title='bbox 2717 490 2785 501; x_wconf 96' lang='grc'><strong><em>-</em></strong></span> <span class='ocrx_word' id='word_1_9' title='bbox 2809 427 3304 534; x_wconf 71' lang='grc' dir='ltr'><strong>ΑροιοᾳετιοΑ.</strong></span> 
     </span>
    </p>
   </div>
   <div class='ocr_carea' id='block_1_4' title="bbox 3848 450 3939 505">
    <p class='ocr_par' dir='ltr' id='par_1_4' title="bbox 3848 450 3939 505">
     <span class='ocr_line' id='line_1_4' title="bbox 3848 450 3939 505; baseline 0 -2"><span class='ocrx_word' id='word_1_10' title='bbox 3848 450 3939 505; x_wconf 69' lang='grc'><strong>232</strong></span> 
     </span>
    </p>
   </div>
   <div class='ocr_carea' id='block_1_5' title="bbox 740 564 3938 656">
    <p class='ocr_par' dir='ltr' id='par_1_5' title="bbox 740 564 3938 656">
     <span class='ocr_line' id='line_1_5' title="bbox 740 564 3938 656; baseline -0.009 -13"><span class='ocrx_word' id='word_1_11' title='bbox 740 600 853 643; x_wconf 82' lang='lat' dir='ltr'><strong>tum</strong></span> <span class='ocrx_word' id='word_1_12' title='bbox 879 596 984 656; x_wconf 89' lang='lat' dir='ltr'><strong>est,</strong></span> <span class='ocrx_word' id='word_1_13' title='bbox 1013 588 1415 645; x_wconf 77' lang='lat' dir='ltr'><strong>rationemcum</strong></span> <span class='ocrx_word' id='word_1_14' title='bbox 1439 587 1617 656; x_wconf 89' lang='lat' dir='ltr'><strong>aliqua</strong></span> <span class='ocrx_word' id='word_1_15' title='bbox 1633 587 1945 640; x_wconf 75' lang='lat' dir='ltr'><strong>defensrone</strong></span> <span class='ocrx_word' id='word_1_16' title='bbox 1987 581 2293 639; x_wconf 90' lang='lat' dir='ltr'><strong>reddamus,</strong></span> <span class='ocrx_word' id='word_1_17' title='bbox 2334 574 2391 628; x_wconf 92' lang='lat' dir='ltr'><strong>iu</strong></span> <span class='ocrx_word' id='word_1_18' title='bbox 2429 588 2537 643; x_wconf 94' lang='lat' dir='ltr'><strong>quo</strong></span> <span class='ocrx_word' id='word_1_19' title='bbox 2564 573 2708 644; x_wconf 78' lang='lat' dir='ltr'><strong>leges</strong></span> <span class='ocrx_word' id='word_1_20' title='bbox 2736 575 2857 629; x_wconf 80' lang='lat' dir='ltr'><strong>istis</strong></span> <span class='ocrx_word' id='word_1_21' title='bbox 2881 574 3132 628; x_wconf 82' lang='lat' dir='ltr'><strong>omnibus</strong></span> <span class='ocrx_word' id='word_1_22' title='bbox 3184 587 3250 627; x_wconf 91' lang='lat' dir='ltr'><strong>ac</strong></span> <span class='ocrx_word' id='word_1_23' title='bbox 3306 570 3546 641; x_wconf 73' lang='lat' dir='ltr'><strong>gentium</strong></span> <span class='ocrx_word' id='word_1_24' title='bbox 3577 564 3938 620; x_wconf 77' lang='lat' dir='ltr'><strong>universarum</strong></span> 
     </span>
    </p>
   </div>
   <div class='ocr_carea' id='block_1_6' title="bbox 736 672 2178 748">
    <p class='ocr_par' dir='ltr' id='par_1_6' title="bbox 736 672 2178 748">
     <span class='ocr_line' id='line_1_6' title="bbox 736 672 2178 748; baseline -0.008 -16"><span class='ocrx_word' id='word_1_25' title='bbox 736 676 952 748; x_wconf 66' lang='lat' dir='ltr'><strong>legibus</strong></span> <span class='ocrx_word' id='word_1_26' title='bbox 970 676 1253 732; x_wconf 68' lang='lat' dir='ltr'><strong>contraria:</strong></span> <span class='ocrx_word' id='word_1_27' title='bbox 1289 676 1535 730; x_wconf 82' lang='lat' dir='ltr'><strong>feruntur</strong></span> <span class='ocrx_word' id='word_1_28' title='bbox 1565 684 1729 745; x_wconf 80' lang='lat' dir='ltr'><strong>atque</strong></span> <span class='ocrx_word' id='word_1_29' title='bbox 1751 672 2178 743; x_wconf 75' lang='lat' dir='ltr'><strong>promulgantur.</strong></span> 
     </span>
    </p>
   </div>
   <div class='ocr_carea' id='block_1_7' title="bbox 808 743 2293 837">
    <p class='ocr_par' dir='ltr' id='par_1_7' title="bbox 808 743 2279 837">
     <span class='ocr_line' id='line_1_7' title="bbox 808 743 2279 837; baseline -0.008 -14"><span class='ocrx_word' id='word_1_30' title='bbox 808 743 1047 823; x_wconf 64' lang='lat' dir='ltr'><strong>l’rimum</strong></span> <span class='ocrx_word' id='word_1_31' title='bbox 1112 769 1293 837; x_wconf 79' lang='lat' dir='ltr'><strong>itaque</strong></span> <span class='ocrx_word' id='word_1_32' title='bbox 1320 806 1335 830; x_wconf 92' lang='lat'><strong>,</strong></span> <span class='ocrx_word' id='word_1_33' title='bbox 1376 743 1670 822; x_wconf 79' lang='lat' dir='ltr'><strong>simulacra</strong></span> <span class='ocrx_word' id='word_1_34' title='bbox 1738 766 1976 819; x_wconf 90' lang='lat' dir='ltr'><strong>inanima</strong></span> <span class='ocrx_word' id='word_1_35' title='bbox 2008 763 2139 817; x_wconf 89' lang='lat' dir='ltr'><strong>deos</strong></span> <span class='ocrx_word' id='word_1_36' title='bbox 2168 772 2279 813; x_wconf 92' lang='lat' dir='ltr'><strong>non</strong></span> 
     </span>
    </p>
   </div>
   <div class='ocr_carea' id='block_1_8' title="bbox 2392 743 3934 837">
    <p class='ocr_par' dir='ltr' id='par_1_8' title="bbox 2458 743 3934 821">
     <span class='ocr_line' id='line_1_8' title="bbox 2458 743 3934 821; baseline -0.008 -14"><span class='ocrx_word' id='word_1_37' title='bbox 2458 753 2577 807; x_wconf 84' lang='grc' dir='ltr'><strong>Ὅτι</strong></span> <span class='ocrx_word' id='word_1_38' title='bbox 2607 752 2705 821; x_wconf 83' lang='grc' dir='ltr'><strong>μὲν</strong></span> <span class='ocrx_word' id='word_1_39' title='bbox 2732 746 2823 803; x_wconf 75' lang='grc' dir='ltr'><strong>οὖν</strong></span> <span class='ocrx_word' id='word_1_40' title='bbox 2864 749 2925 802; x_wconf 86' lang='grc' dir='ltr'><strong>οὑ</strong></span> <span class='ocrx_word' id='word_1_41' title='bbox 2959 748 3074 802; x_wconf 79' lang='grc' dir='ltr'><strong>θεοὶ</strong></span> <span class='ocrx_word' id='word_1_42' title='bbox 3109 748 3178 801; x_wconf 92' lang='grc' dir='ltr'><strong>τά</strong></span> <span class='ocrx_word' id='word_1_43' title='bbox 3215 746 3397 817; x_wconf 75' lang='grc' dir='ltr'><strong>ἀψυχα</strong></span> <span class='ocrx_word' id='word_1_44' title='bbox 3435 747 3634 813; x_wconf 80' lang='grc' dir='ltr'><strong>ξόανα,</strong></span> <span class='ocrx_word' id='word_1_45' title='bbox 3682 743 3934 815; x_wconf 73' lang='grc' dir='ltr'><strong>προφανές</strong></span> 
     </span>
    </p>
   </div>
   <div class='ocr_carea' id='block_1_9' title="bbox 742 856 2286 933">
    <p class='ocr_par' dir='ltr' id='par_1_9' title="bbox 742 856 2286 933">
     <span class='ocr_line' id='line_1_9' title="bbox 742 856 2286 933; baseline -0.006 -15"><span class='ocrx_word' id='word_1_46' title='bbox 742 876 884 925; x_wconf 87' lang='lat' dir='ltr'><strong>esse,</strong></span> <span class='ocrx_word' id='word_1_47' title='bbox 917 862 1015 931; x_wconf 85' lang='lat' dir='ltr'><strong>ipsi</strong></span> <span class='ocrx_word' id='word_1_48' title='bbox 1034 878 1253 931; x_wconf 85' lang='lat' dir='ltr'><strong>quoque</strong></span> <span class='ocrx_word' id='word_1_49' title='bbox 1284 860 1441 917; x_wconf 80' lang='lat' dir='ltr'><strong>facile</strong></span> <span class='ocrx_word' id='word_1_50' title='bbox 1480 861 1831 933; x_wconf 75' lang='lat' dir='ltr'><strong>agnoverint:</strong></span> <span class='ocrx_word' id='word_1_51' title='bbox 1881 860 2090 923; x_wconf 92' lang='lat' dir='ltr'><strong>deinde,</strong></span> <span class='ocrx_word' id='word_1_52' title='bbox 2149 856 2286 910; x_wconf 83' lang='lat' dir='ltr'><strong>nihil</strong></span> 
     </span>
    </p>
   </div>
   <div class='ocr_carea' id='block_1_10' title="bbox 743 948 2283 1027">
    <p class='ocr_par' dir='ltr' id='par_1_10' title="bbox 743 948 2283 1027">
     <span class='ocr_line' id='line_1_10' title="bbox 743 948 2283 1027; baseline -0.005 -20"><span class='ocrx_word' id='word_1_53' title='bbox 743 969 985 1027; x_wconf 86' lang='lat' dir='ltr'><strong>prorsus,</strong></span> <span class='ocrx_word' id='word_1_54' title='bbox 1014 954 1155 1021; x_wconf 92' lang='lat' dir='ltr'><strong>quod</strong></span> <span class='ocrx_word' id='word_1_55' title='bbox 1178 955 1409 1021; x_wconf 84' lang='lat' dir='ltr'><strong>speciem</strong></span> <span class='ocrx_word' id='word_1_56' title='bbox 1442 953 1676 1021; x_wconf 84' lang='lat' dir='ltr'><strong>aliquam</strong></span> <span class='ocrx_word' id='word_1_57' title='bbox 1701 952 1811 1006; x_wconf 87' lang='lat' dir='ltr'><strong>Deo</strong></span> <span class='ocrx_word' id='word_1_58' title='bbox 1830 952 2046 1019; x_wconf 73' lang='lat' dir='ltr'><strong>dignam</strong></span> <span class='ocrx_word' id='word_1_59' title='bbox 2072 948 2283 1009; x_wconf 87' lang='lat' dir='ltr'><strong>habeat,</strong></span> 
     </span>
    </p>
   </div>
   <div class='ocr_carea' id='block_1_11' title="bbox 742 1038 2285 1112">
    <p class='ocr_par' dir='ltr' id='par_1_11' title="bbox 742 1038 2285 1112">
     <span class='ocr_line' id='line_1_11' title="bbox 742 1038 2285 1112; baseline -0.005 -15"><span class='ocrx_word' id='word_1_60' title='bbox 742 1043 983 1099; x_wconf 84' lang='lat' dir='ltr'><strong>fabulosa</strong></span> <span class='ocrx_word' id='word_1_61' title='bbox 1014 1059 1199 1097; x_wconf 88' lang='lat' dir='ltr'><strong>eorum</strong></span> <span class='ocrx_word' id='word_1_62' title='bbox 1260 1044 1526 1112; x_wconf 73' lang='lat' dir='ltr'><strong>theologia</strong></span> <span class='ocrx_word' id='word_1_63' title='bbox 1582 1042 1865 1106; x_wconf 89' lang='lat' dir='ltr'><strong>contineri,</strong></span> <span class='ocrx_word' id='word_1_64' title='bbox 1923 1041 2099 1110; x_wconf 91' lang='lat' dir='ltr'><strong>primo</strong></span> <span class='ocrx_word' id='word_1_65' title='bbox 2147 1038 2285 1091; x_wconf 89' lang='lat' dir='ltr'><strong>libro</strong></span> 
     </span>
    </p>
   </div>
   <div class='ocr_carea' id='block_1_12' title="bbox 743 1127 2284 1201">
    <p class='ocr_par' dir='ltr' id='par_1_12' title="bbox 743 1127 2284 1201">
     <span class='ocr_line' id='line_1_12' title="bbox 743 1127 2284 1201; baseline -0.006 -14"><span class='ocrx_word' id='word_1_66' title='bbox 743 1134 875 1187; x_wconf 77' lang='lat' dir='ltr'><strong>satis</strong></span> <span class='ocrx_word' id='word_1_67' title='bbox 910 1134 1277 1197; x_wconf 85' lang='lat' dir='ltr'><strong>ostendimus;</strong></span> <span class='ocrx_word' id='word_1_68' title='bbox 1347 1141 1660 1201; x_wconf 88' lang='lat' dir='ltr'><strong>postremo,</strong></span> <span class='ocrx_word' id='word_1_69' title='bbox 1715 1146 1783 1186; x_wconf 85' lang='lat' dir='ltr'><strong>ne</strong></span> <span class='ocrx_word' id='word_1_70' title='bbox 1842 1132 2015 1200; x_wconf 87' lang='lat' dir='ltr'><strong>ipsam</strong></span> <span class='ocrx_word' id='word_1_71' title='bbox 2069 1127 2284 1196; x_wconf 86' lang='lat' dir='ltr'><strong>quidem</strong></span> 
     </span>
    </p>
   </div>
   <div class='ocr_carea' id='block_1_13' title="bbox 744 1221 2285 1293">
    <p class='ocr_par' dir='ltr' id='par_1_13' title="bbox 744 1221 2285 1293">
     <span class='ocr_line' id='line_1_13' title="bbox 744 1221 2285 1293; baseline -0.003 -17"><span class='ocrx_word' id='word_1_72' title='bbox 744 1232 950 1277; x_wconf 67' lang='lat' dir='ltr'><strong>natura:</strong></span> <span class='ocrx_word' id='word_1_73' title='bbox 975 1224 1278 1291; x_wconf 84' lang='lat' dir='ltr'><strong>propiorem</strong></span> <span class='ocrx_word' id='word_1_74' title='bbox 1319 1238 1381 1277; x_wconf 89' lang='lat' dir='ltr'><strong>ac</strong></span> <span class='ocrx_word' id='word_1_75' title='bbox 1410 1224 1837 1293; x_wconf 88' lang='lat' dir='ltr'><strong>philosophicam</strong></span> <span class='ocrx_word' id='word_1_76' title='bbox 1868 1223 2170 1276; x_wconf 85' lang='lat' dir='ltr'><strong>fabularum</strong></span> <span class='ocrx_word' id='word_1_77' title='bbox 2199 1221 2285 1273; x_wconf 90' lang='lat' dir='ltr'><strong>in-</strong></span> 
     </span>
    </p>
   </div>
   <div class='ocr_carea' id='block_1_14' title="bbox 744 1311 2285 1381">
    <p class='ocr_par' dir='ltr' id='par_1_14' title="bbox 744 1311 2285 1381">
     <span class='ocr_line' id='line_1_14' title="bbox 744 1311 2285 1381; baseline -0.003 -16"><span class='ocrx_word' id='word_1_78' title='bbox 744 1312 1202 1379; x_wconf 85' lang='lat' dir='ltr'><strong>terpretationem,</strong></span> <span class='ocrx_word' id='word_1_79' title='bbox 1255 1327 1363 1365; x_wconf 88' lang='lat' dir='ltr'><strong>non</strong></span> <span class='ocrx_word' id='word_1_80' title='bbox 1392 1322 1605 1367; x_wconf 87' lang='lat' dir='ltr'><strong>coactas</strong></span> <span class='ocrx_word' id='word_1_81' title='bbox 1631 1313 1830 1367; x_wconf 90' lang='lat' dir='ltr'><strong>habere</strong></span> <span class='ocrx_word' id='word_1_82' title='bbox 1853 1311 2151 1381; x_wconf 78' lang='lat' dir='ltr'><strong>explicandi</strong></span> <span class='ocrx_word' id='word_1_83' title='bbox 2201 1324 2285 1362; x_wconf 89' lang='lat' dir='ltr'><strong>ra-</strong></span> 
     </span>
    </p>
   </div>
   <div class='ocr_carea' id='block_1_15' title="bbox 745 1400 2287 1477">
    <p class='ocr_par' dir='ltr' id='par_1_15' title="bbox 745 1400 2287 1477">
     <span class='ocr_line' id='line_1_15' title="bbox 745 1400 2287 1477; baseline -0.003 -22"><span class='ocrx_word' id='word_1_84' title='bbox 745 1404 939 1465; x_wconf 86' lang='lat' dir='ltr'><strong>tiones,</strong></span> <span class='ocrx_word' id='word_1_85' title='bbox 968 1403 1020 1455; x_wconf 91' lang='lat' dir='ltr'><strong>in</strong></span> <span class='ocrx_word' id='word_1_86' title='bbox 1055 1403 1289 1477; x_wconf 66' lang='lat' dir='ltr'><strong>secundo</strong></span> <span class='ocrx_word' id='word_1_87' title='bbox 1324 1404 1588 1474; x_wconf 89' lang='lat' dir='ltr'><strong>tertioque</strong></span> <span class='ocrx_word' id='word_1_88' title='bbox 1620 1404 1987 1473; x_wconf 83' lang='lat' dir='ltr'><strong>probavimus.</strong></span> <span class='ocrx_word' id='word_1_89' title='bbox 2018 1400 2287 1471; x_wconf 68' lang='lat' dir='ltr'><strong>Nuncigi-</strong></span> 
     </span>
    </p>
   </div>
   <div class='ocr_carea' id='block_1_16' title="bbox 746 1492 2284 1563">
    <p class='ocr_par' dir='ltr' id='par_1_16' title="bbox 746 1492 2284 1563">
     <span class='ocr_line' id='line_1_16' title="bbox 746 1492 2284 1563; baseline -0.003 -16"><span class='ocrx_word' id='word_1_90' title='bbox 746 1502 856 1557; x_wconf 90' lang='lat' dir='ltr'><strong>tur,</strong></span> <span class='ocrx_word' id='word_1_91' title='bbox 887 1494 961 1557; x_wconf 92' lang='lat' dir='ltr'><strong>id,</strong></span> <span class='ocrx_word' id='word_1_92' title='bbox 992 1494 1136 1563; x_wconf 92' lang='lat' dir='ltr'><strong>quod</strong></span> <span class='ocrx_word' id='word_1_93' title='bbox 1161 1495 1378 1548; x_wconf 83' lang='lat' dir='ltr'><strong>tertium</strong></span> <span class='ocrx_word' id='word_1_94' title='bbox 1406 1503 1508 1559; x_wconf 89' lang='lat' dir='ltr'><strong>est,</strong></span> <span class='ocrx_word' id='word_1_95' title='bbox 1534 1495 1833 1561; x_wconf 77' lang='lat' dir='ltr'><strong>videamus,</strong></span> <span class='ocrx_word' id='word_1_96' title='bbox 1856 1492 1987 1562; x_wconf 92' lang='lat' dir='ltr'><strong>quid</strong></span> <span class='ocrx_word' id='word_1_97' title='bbox 2016 1492 2084 1547; x_wconf 84' lang='lat' dir='ltr'><strong>de</strong></span> <span class='ocrx_word' id='word_1_98' title='bbox 2111 1494 2284 1544; x_wconf 89' lang='lat' dir='ltr'><strong>virtu-</strong></span> 
     </span>
    </p>
   </div>
   <div class='ocr_carea' id='block_1_17' title="bbox 743 1583 2288 1652">
    <p class='ocr_par' dir='ltr' id='par_1_17' title="bbox 743 1583 2288 1652">
     <span class='ocr_line' id='line_1_17' title="bbox 743 1583 2288 1652; baseline -0.003 -12"><span class='ocrx_word' id='word_1_99' title='bbox 743 1585 889 1640; x_wconf 81' lang='lat' dir='ltr'><strong>tibus</strong></span> <span class='ocrx_word' id='word_1_100' title='bbox 911 1585 964 1638; x_wconf 91' lang='lat' dir='ltr'><strong>in</strong></span> <span class='ocrx_word' id='word_1_101' title='bbox 988 1587 1293 1640; x_wconf 86' lang='lat' dir='ltr'><strong>simulacris</strong></span> <span class='ocrx_word' id='word_1_102' title='bbox 1316 1586 1753 1642; x_wconf 83' lang='lat' dir='ltr'><strong>delitescentibus</strong></span> <span class='ocrx_word' id='word_1_103' title='bbox 1773 1583 2087 1640; x_wconf 85' lang='lat' dir='ltr'><strong>existimare</strong></span> <span class='ocrx_word' id='word_1_104' title='bbox 2126 1597 2288 1652; x_wconf 82' lang='lat' dir='ltr'><strong>Opor-</strong></span> 
     </span>
    </p>
   </div>
   <div class='ocr_carea' id='block_1_18' title="bbox 744 1676 2289 1745">
    <p class='ocr_par' dir='ltr' id='par_1_18' title="bbox 744 1676 2289 1745">
     <span class='ocr_line' id='line_1_18' title="bbox 744 1676 2289 1745; baseline -0.003 -14"><span class='ocrx_word' id='word_1_105' title='bbox 744 1685 888 1742; x_wconf 88' lang='lat' dir='ltr'><strong>teat;</strong></span> <span class='ocrx_word' id='word_1_106' title='bbox 931 1692 1093 1731; x_wconf 87' lang='lat' dir='ltr'><strong>easne</strong></span> <span class='ocrx_word' id='word_1_107' title='bbox 1145 1678 1386 1731; x_wconf 88' lang='lat' dir='ltr'><strong>moribus</strong></span> <span class='ocrx_word' id='word_1_108' title='bbox 1442 1676 1691 1732; x_wconf 85' lang='lat' dir='ltr'><strong>liberales</strong></span> <span class='ocrx_word' id='word_1_109' title='bbox 1722 1715 1737 1741; x_wconf 94' lang='lat'><strong>,</strong></span> <span class='ocrx_word' id='word_1_110' title='bbox 1805 1676 2021 1745; x_wconf 89' lang='lat' dir='ltr'><strong>probas,</strong></span> <span class='ocrx_word' id='word_1_111' title='bbox 2054 1687 2289 1743; x_wconf 76' lang='lat' dir='ltr'><strong>vereque</strong></span> 
     </span>
    </p>
   </div>
   <div class='ocr_carea' id='block_1_19' title="bbox 745 1766 2287 1837">
    <p class='ocr_par' dir='ltr' id='par_1_19' title="bbox 745 1766 2287 1837">
     <span class='ocr_line' id='line_1_19' title="bbox 745 1766 2287 1837; baseline -0.004 -12"><span class='ocrx_word' id='word_1_112' title='bbox 745 1772 955 1825; x_wconf 87' lang='lat' dir='ltr'><strong>divinas</strong></span> <span class='ocrx_word' id='word_1_113' title='bbox 986 1784 1126 1833; x_wconf 90' lang='lat' dir='ltr'><strong>esse,</strong></span> <span class='ocrx_word' id='word_1_114' title='bbox 1155 1785 1221 1823; x_wconf 90' lang='lat' dir='ltr'><strong>an</strong></span> <span class='ocrx_word' id='word_1_115' title='bbox 1254 1771 1475 1824; x_wconf 87' lang='lat' dir='ltr'><strong>omnino</strong></span> <span class='ocrx_word' id='word_1_116' title='bbox 1519 1781 1723 1824; x_wconf 90' lang='lat' dir='ltr'><strong>contra.</strong></span> <span class='ocrx_word' id='word_1_117' title='bbox 1773 1768 2091 1837; x_wconf 86' lang='lat' dir='ltr'><strong>Quanquam</strong></span> <span class='ocrx_word' id='word_1_118' title='bbox 2146 1766 2287 1820; x_wconf 85' lang='lat' dir='ltr'><strong>alius</strong></span> 
     </span>
    </p>
   </div>
   <div class='ocr_carea' id='block_1_20' title="bbox 748 1855 2287 1929">
    <p class='ocr_par' dir='ltr' id='par_1_20' title="bbox 748 1855 2287 1929">
     <span class='ocr_line' id='line_1_20' title="bbox 748 1855 2287 1929; baseline -0.004 -13"><span class='ocrx_word' id='word_1_119' title='bbox 748 1861 905 1922; x_wconf 75' lang='lat' dir='ltr'><strong>forte,</strong></span> <span class='ocrx_word' id='word_1_120' title='bbox 919 1861 1011 1929; x_wconf 90' lang='lat' dir='ltr'><strong>qui</strong></span> <span class='ocrx_word' id='word_1_121' title='bbox 1031 1860 1166 1914; x_wconf 88' lang='lat' dir='ltr'><strong>hanc</strong></span> <span class='ocrx_word' id='word_1_122' title='bbox 1184 1860 1599 1929; x_wconf 88' lang='lat' dir='ltr'><strong>disputationem</strong></span> <span class='ocrx_word' id='word_1_123' title='bbox 1622 1861 1911 1922; x_wconf 87' lang='lat' dir='ltr'><strong>insisteret,</strong></span> <span class='ocrx_word' id='word_1_124' title='bbox 1923 1857 2181 1928; x_wconf 87' lang='lat' dir='ltr'><strong>quidquid</strong></span> <span class='ocrx_word' id='word_1_125' title='bbox 2196 1855 2287 1911; x_wconf 83' lang='lat' dir='ltr'><strong>isti</strong></span> 
     </span>
    </p>
   </div>
   <div class='ocr_carea' id='block_1_21' title="bbox 747 1941 2285 2015">
    <p class='ocr_par' dir='ltr' id='par_1_21' title="bbox 747 1941 2285 2015">
     <span class='ocr_line' id='line_1_21' title="bbox 747 1941 2285 2015; baseline -0.003 -11"><span class='ocrx_word' id='word_1_126' title='bbox 747 1941 988 2013; x_wconf 79' lang='lat' dir='ltr'><strong>narrant,</strong></span> <span class='ocrx_word' id='word_1_127' title='bbox 1017 1950 1261 2004; x_wconf 78' lang='lat' dir='ltr'><strong>fraudem</strong></span> <span class='ocrx_word' id='word_1_128' title='bbox 1297 1958 1351 2003; x_wconf 88' lang='lat' dir='ltr'><strong>et</strong></span> <span class='ocrx_word' id='word_1_129' title='bbox 1384 1965 1619 2004; x_wconf 89' lang='lat' dir='ltr'><strong>errorem</strong></span> <span class='ocrx_word' id='word_1_130' title='bbox 1660 1964 1802 2015; x_wconf 90' lang='lat' dir='ltr'><strong>esse,</strong></span> <span class='ocrx_word' id='word_1_131' title='bbox 1826 1964 1894 2003; x_wconf 83' lang='lat' dir='ltr'><strong>ac</strong></span> <span class='ocrx_word' id='word_1_132' title='bbox 1923 1947 2285 2001; x_wconf 78' lang='lat' dir='ltr'><strong>veneﬁcorum</strong></span> 
     </span>
    </p>
   </div>
   <div class='ocr_carea' id='block_1_22' title="bbox 747 2038 2283 2110">
    <p class='ocr_par' dir='ltr' id='par_1_22' title="bbox 747 2038 2283 2110">
     <span class='ocr_line' id='line_1_22' title="bbox 747 2038 2283 2110; baseline -0.004 -15"><span class='ocrx_word' id='word_1_133' title='bbox 747 2052 911 2102; x_wconf 87' lang='lat' dir='ltr'><strong>artes,</strong></span> <span class='ocrx_word' id='word_1_134' title='bbox 941 2041 1348 2110; x_wconf 71' lang='lat' dir='ltr'><strong>pmsugiasque</strong></span> <span class='ocrx_word' id='word_1_135' title='bbox 1378 2040 1751 2106; x_wconf 85' lang='lat' dir='ltr'><strong>contenderet,</strong></span> <span class='ocrx_word' id='word_1_136' title='bbox 1801 2041 1984 2108; x_wconf 85' lang='lat' dir='ltr'><strong>itaque</strong></span> <span class='ocrx_word' id='word_1_137' title='bbox 2011 2038 2283 2107; x_wconf 77' lang='lat' dir='ltr'><strong>vulgarem</strong></span> 
     </span>
    </p>
   </div>
   <div class='ocr_carea' id='block_1_23' title="bbox 2386 835 3934 909">
    <p class='ocr_par' dir='ltr' id='par_1_23' title="bbox 2386 835 3934 909">
     <span class='ocr_line' id='line_1_23' title="bbox 2386 835 3934 909; baseline -0.005 -13"><span class='ocrx_word' id='word_1_138' title='bbox 2386 844 2478 896; x_wconf 73' lang='grc' dir='ltr'><strong>κάὶ</strong></span> <span class='ocrx_word' id='word_1_139' title='bbox 2515 844 2696 904; x_wconf 83' lang='grc' dir='ltr'><strong>αὐτοῖς</strong></span> <span class='ocrx_word' id='word_1_140' title='bbox 2718 858 2731 871; x_wconf 91' lang='grc'><strong>·</strong></span> <span class='ocrx_word' id='word_1_141' title='bbox 2766 842 2848 893; x_wconf 81' lang='grc' dir='ltr'><strong>ὅτι</strong></span> <span class='ocrx_word' id='word_1_142' title='bbox 2888 839 2933 893; x_wconf 84' lang='grc' dir='ltr'><strong>δ’</strong></span> <span class='ocrx_word' id='word_1_143' title='bbox 2969 840 3091 892; x_wconf 73' lang='grc' dir='ltr'><strong>οὐδὲ</strong></span> <span class='ocrx_word' id='word_1_144' title='bbox 3120 838 3189 891; x_wconf 86' lang='grc' dir='ltr'><strong>τά</strong></span> <span class='ocrx_word' id='word_1_145' title='bbox 3231 839 3329 909; x_wconf 84' lang='grc' dir='ltr'><strong>τῆς</strong></span> <span class='ocrx_word' id='word_1_146' title='bbox 3364 836 3601 908; x_wconf 83' lang='grc' dir='ltr'><strong>μυθικῆς</strong></span> <span class='ocrx_word' id='word_1_147' title='bbox 3629 836 3813 890; x_wconf 85' lang='grc' dir='ltr'><strong>αὑτῶν</strong></span> <span class='ocrx_word' id='word_1_148' title='bbox 3836 835 3934 889; x_wconf 74' lang='grc' dir='ltr'><strong>θω-</strong></span> 
     </span>
    </p>
   </div>
   <div class='ocr_carea' id='block_1_24' title="bbox 2384 925 3937 1003">
    <p class='ocr_par' dir='ltr' id='par_1_24' title="bbox 2384 925 3937 1003">
     <span class='ocr_line' id='line_1_24' title="bbox 2384 925 3937 1003; baseline -0.006 -16"><span class='ocrx_word' id='word_1_149' title='bbox 2384 934 2569 1002; x_wconf 88' lang='grc' dir='ltr'><strong>λογίας</strong></span> <span class='ocrx_word' id='word_1_150' title='bbox 2599 933 2753 1003; x_wconf 83' lang='grc' dir='ltr'>φέροι</span> <span class='ocrx_word' id='word_1_151' title='bbox 2784 930 2904 984; x_wconf 88' lang='grc' dir='ltr'><strong>τινά</strong></span> <span class='ocrx_word' id='word_1_152' title='bbox 2934 929 3128 1000; x_wconf 86' lang='grc' dir='ltr'><strong>σεμνὸν</strong></span> <span class='ocrx_word' id='word_1_153' title='bbox 3161 928 3254 981; x_wconf 72' lang='lat' dir='ltr'><strong>xui.</strong></span> <span class='ocrx_word' id='word_1_154' title='bbox 3278 928 3551 997; x_wconf 87' lang='grc' dir='ltr'><strong>θεοπρεπῆ</strong></span> <span class='ocrx_word' id='word_1_155' title='bbox 3584 927 3763 995; x_wconf 88' lang='grc' dir='ltr'><strong>λόγον,</strong></span> <span class='ocrx_word' id='word_1_156' title='bbox 3792 929 3849 979; x_wconf 87' lang='grc' dir='ltr'><strong>ἐν</strong></span> <span class='ocrx_word' id='word_1_157' title='bbox 3871 925 3937 994; x_wconf 79' lang='grc' dir='ltr'><strong>τῷ</strong></span> 
     </span>
    </p>
   </div>
   <div class='ocr_carea' id='block_1_25' title="bbox 2383 1015 3936 1095">
    <p class='ocr_par' dir='ltr' id='par_1_25' title="bbox 2383 1015 3936 1095">
     <span class='ocr_line' id='line_1_25' title="bbox 2383 1015 3936 1095; baseline -0.005 -18"><span class='ocrx_word' id='word_1_158' title='bbox 2383 1027 2582 1095; x_wconf 84' lang='grc' dir='ltr'>πρώτῳ</span> <span class='ocrx_word' id='word_1_159' title='bbox 2612 1024 2873 1076; x_wconf 82' lang='grc' dir='ltr'><strong>δέδεικται</strong></span> <span class='ocrx_word' id='word_1_160' title='bbox 2896 1022 3284 1091; x_wconf 85' lang='grc' dir='ltr'><strong>συγγράμματι</strong></span> <span class='ocrx_word' id='word_1_161' title='bbox 3302 1037 3315 1050; x_wconf 86' lang='grc'><strong>·</strong></span> <span class='ocrx_word' id='word_1_162' title='bbox 3339 1018 3527 1089; x_wconf 88' lang='grc' dir='ltr'><strong>ῶσπερ</strong></span> <span class='ocrx_word' id='word_1_163' title='bbox 3549 1015 3641 1072; x_wconf 82' lang='grc' dir='ltr'><strong>οὖν</strong></span> <span class='ocrx_word' id='word_1_164' title='bbox 3666 1020 3762 1071; x_wconf 76' lang='grc' dir='ltr'><strong>καὶ</strong></span> <span class='ocrx_word' id='word_1_165' title='bbox 3792 1019 3849 1071; x_wconf 88' lang='grc' dir='ltr'><strong>ἐν</strong></span> <span class='ocrx_word' id='word_1_166' title='bbox 3869 1018 3936 1088; x_wconf 74' lang='grc' dir='ltr'><strong>τῷ</strong></span> 
     </span>
    </p>
   </div>
   <div class='ocr_carea' id='block_1_26' title="bbox 2381 1107 3935 1186">
    <p class='ocr_par' dir='ltr' id='par_1_26' title="bbox 2381 1107 3935 1186">
     <span class='ocr_line' id='line_1_26' title="bbox 2381 1107 3935 1186; baseline -0.005 -18"><span class='ocrx_word' id='word_1_167' title='bbox 2381 1115 2651 1186; x_wconf 83' lang='grc' dir='ltr'><strong>δευτέρῳ,</strong></span> <span class='ocrx_word' id='word_1_168' title='bbox 2685 1115 2780 1178; x_wconf 76' lang='grc' dir='ltr'><strong>καὶ</strong></span> <span class='ocrx_word' id='word_1_169' title='bbox 2820 1112 3022 1183; x_wconf 81' lang='grc' dir='ltr'><strong>τρίτῳ,</strong></span> <span class='ocrx_word' id='word_1_170' title='bbox 3049 1113 3129 1163; x_wconf 84' lang='grc' dir='ltr'><strong>ὅτι</strong></span> <span class='ocrx_word' id='word_1_171' title='bbox 3161 1110 3295 1182; x_wconf 83' lang='grc' dir='ltr'><strong>μηδὲ</strong></span> <span class='ocrx_word' id='word_1_172' title='bbox 3325 1111 3393 1163; x_wconf 85' lang='grc' dir='ltr'><strong>τά</strong></span> <span class='ocrx_word' id='word_1_173' title='bbox 3429 1112 3529 1181; x_wconf 82' lang='grc' dir='ltr'><strong>τῆς</strong></span> <span class='ocrx_word' id='word_1_174' title='bbox 3571 1107 3935 1179; x_wconf 68' lang='grc' dir='ltr'><strong>φυσικωτέρας</strong></span> 
     </span>
    </p>
   </div>
   <div class='ocr_carea' id='block_1_27' title="bbox 2384 1188 3937 1273">
    <p class='ocr_par' dir='ltr' id='par_1_27' title="bbox 2384 1188 3937 1273">
     <span class='ocr_line' id='line_1_27' title="bbox 2384 1188 3937 1273; baseline -0.005 -14"><span class='ocrx_word' id='word_1_175' title='bbox 2384 1207 2477 1259; x_wconf 77' lang='grc' dir='ltr'><strong>καὶ</strong></span> <span class='ocrx_word' id='word_1_176' title='bbox 2507 1188 2799 1273; x_wconf 72' lang='grc' dir='ltr'><strong>φιλοσόφου¹</strong></span> <span class='ocrx_word' id='word_1_177' title='bbox 2818 1202 2925 1253; x_wconf 88' lang='grc' dir='ltr'><strong>τῶν</strong></span> <span class='ocrx_word' id='word_1_178' title='bbox 2955 1199 3137 1271; x_wconf 85' lang='grc' dir='ltr'><strong>μύθων</strong></span> <span class='ocrx_word' id='word_1_179' title='bbox 3166 1200 3456 1271; x_wconf 80' lang='grc' dir='ltr'><strong>ἑρμηνείας</strong></span> <span class='ocrx_word' id='word_1_180' title='bbox 3483 1199 3744 1252; x_wconf 73' lang='grc' dir='ltr'><strong>ἀϐίαστον</strong></span> <span class='ocrx_word' id='word_1_181' title='bbox 3768 1198 3937 1261; x_wconf 79' lang='grc' dir='ltr'><strong>αὐτοῖς</strong></span> 
     </span>
    </p>
   </div>
   <div class='ocr_carea' id='block_1_28' title="bbox 2384 1287 3935 1367">
    <p class='ocr_par' dir='ltr' id='par_1_28' title="bbox 2384 1287 3935 1367">
     <span class='ocr_line' id='line_1_28' title="bbox 2384 1287 3935 1367; baseline -0.005 -19"><span class='ocrx_word' id='word_1_182' title='bbox 2384 1297 2625 1367; x_wconf 75' lang='grc' dir='ltr'><strong>περιέχει</strong></span> <span class='ocrx_word' id='word_1_183' title='bbox 2650 1294 2745 1365; x_wconf 86' lang='grc' dir='ltr'><strong>τὴν</strong></span> <span class='ocrx_word' id='word_1_184' title='bbox 2764 1292 3039 1363; x_wconf 79' lang='grc' dir='ltr'><strong>ἐξήγησιν.</strong></span> <span class='ocrx_word' id='word_1_185' title='bbox 3057 1292 3129 1343; x_wconf 85' lang='grc' dir='ltr'><strong>Τὸ</strong></span> <span class='ocrx_word' id='word_1_186' title='bbox 3149 1291 3212 1361; x_wconf 78' lang='grc' dir='ltr'><strong>δὴ</strong></span> <span class='ocrx_word' id='word_1_187' title='bbox 3235 1290 3415 1363; x_wconf 89' lang='grc' dir='ltr'><strong>τρίτον</strong></span> <span class='ocrx_word' id='word_1_188' title='bbox 3434 1291 3569 1362; x_wconf 86' lang='grc' dir='ltr'><strong>φέρε</strong></span> <span class='ocrx_word' id='word_1_189' title='bbox 3594 1287 3935 1359; x_wconf 48' lang='grc' dir='ltr'><strong>σκεψώμεθα,</strong></span> 
     </span>
    </p>
   </div>
   <div class='ocr_carea' id='block_1_29' title="bbox 2382 1381 3938 1457">
    <p class='ocr_par' dir='ltr' id='par_1_29' title="bbox 2382 1381 3938 1457">
     <span class='ocr_line' id='line_1_29' title="bbox 2382 1381 3938 1457; baseline -0.004 -18"><span class='ocrx_word' id='word_1_190' title='bbox 2382 1387 2433 1439; x_wconf 87' lang='grc' dir='ltr'><strong>τί</strong></span> <span class='ocrx_word' id='word_1_191' title='bbox 2464 1404 2592 1440; x_wconf 89' lang='grc' dir='ltr'><strong>ποτε</strong></span> <span class='ocrx_word' id='word_1_192' title='bbox 2623 1386 2729 1457; x_wconf 84' lang='grc' dir='ltr'><strong>χρὴ</strong></span> <span class='ocrx_word' id='word_1_193' title='bbox 2773 1383 3007 1455; x_wconf 87' lang='grc' dir='ltr'><strong>νομίζειν</strong></span> <span class='ocrx_word' id='word_1_194' title='bbox 3034 1383 3133 1447; x_wconf 80' lang='grc' dir='ltr'><strong>τὰς</strong></span> <span class='ocrx_word' id='word_1_195' title='bbox 3162 1385 3217 1435; x_wconf 90' lang='grc' dir='ltr'><strong>ἐν</strong></span> <span class='ocrx_word' id='word_1_196' title='bbox 3243 1386 3355 1445; x_wconf 90' lang='grc' dir='ltr'><strong>τοῖς</strong></span> <span class='ocrx_word' id='word_1_197' title='bbox 3386 1381 3589 1447; x_wconf 81' lang='grc' dir='ltr'><strong>ξοάνοις</strong></span> <span class='ocrx_word' id='word_1_198' title='bbox 3614 1381 3938 1452; x_wconf 77' lang='grc' dir='ltr'><strong>ἐμφωλευοὺ-</strong></span> 
     </span>
    </p>
   </div>
   <div class='ocr_carea' id='block_1_30' title="bbox 2383 1472 3935 1547">
    <p class='ocr_par' dir='ltr' id='par_1_30' title="bbox 2383 1472 3935 1547">
     <span class='ocr_line' id='line_1_30' title="bbox 2383 1472 3935 1547; baseline -0.002 -17"><span class='ocrx_word' id='word_1_199' title='bbox 2383 1493 2482 1540; x_wconf 77' lang='grc' dir='ltr'><strong>σας</strong></span> <span class='ocrx_word' id='word_1_200' title='bbox 2511 1476 2799 1547; x_wconf 84' lang='grc' dir='ltr'><strong>δυνάμεις·</strong></span> <span class='ocrx_word' id='word_1_201' title='bbox 2832 1474 3042 1546; x_wconf 87' lang='grc' dir='ltr'><strong>πότερα</strong></span> <span class='ocrx_word' id='word_1_202' title='bbox 3072 1472 3165 1526; x_wconf 80' lang='grc' dir='ltr'><strong>τὸν</strong></span> <span class='ocrx_word' id='word_1_203' title='bbox 3192 1472 3389 1542; x_wconf 79' lang='grc' dir='ltr'><strong>τρόπον</strong></span> <span class='ocrx_word' id='word_1_204' title='bbox 3419 1472 3636 1536; x_wconf 83' lang='grc' dir='ltr'><strong>ἀστείας</strong></span> <span class='ocrx_word' id='word_1_205' title='bbox 3680 1473 3776 1525; x_wconf 74' lang='grc' dir='ltr'><strong>καὶ</strong></span> <span class='ocrx_word' id='word_1_206' title='bbox 3807 1474 3935 1539; x_wconf 69' lang='grc' dir='ltr'><strong>ἀγαρ</strong></span> 
     </span>
    </p>
   </div>
   <div class='ocr_carea' id='block_1_31' title="bbox 2382 1560 3937 1635">
    <p class='ocr_par' dir='ltr' id='par_1_31' title="bbox 2382 1560 3937 1635">
     <span class='ocr_line' id='line_1_31' title="bbox 2382 1560 3937 1635; baseline -0.003 -15"><span class='ocrx_word' id='word_1_207' title='bbox 2382 1567 2510 1631; x_wconf 80' lang='grc' dir='ltr'><strong>θὰς,</strong></span> <span class='ocrx_word' id='word_1_208' title='bbox 2562 1567 2655 1621; x_wconf 77' lang='grc' dir='ltr'><strong>καὶ</strong></span> <span class='ocrx_word' id='word_1_209' title='bbox 2685 1566 2759 1629; x_wconf 87' lang='grc' dir='ltr'><strong>ὡς</strong></span> <span class='ocrx_word' id='word_1_210' title='bbox 2801 1564 3018 1635; x_wconf 85' lang='grc' dir='ltr'><strong>ἀληθῶς</strong></span> <span class='ocrx_word' id='word_1_211' title='bbox 3062 1562 3209 1626; x_wconf 80' lang='grc' dir='ltr'><strong>θείας</strong></span> <span class='ocrx_word' id='word_1_212' title='bbox 3230 1603 3246 1627; x_wconf 90' lang='grc'><strong>,</strong></span> <span class='ocrx_word' id='word_1_213' title='bbox 3293 1564 3326 1632; x_wconf 78' lang='grc' dir='ltr'>ἢ</span> <span class='ocrx_word' id='word_1_214' title='bbox 3361 1563 3561 1617; x_wconf 85' lang='grc' dir='ltr'><strong>τούτων</strong></span> <span class='ocrx_word' id='word_1_215' title='bbox 3593 1563 3849 1617; x_wconf 83' lang='grc' dir='ltr'><strong>ἀπάντων</strong></span> <span class='ocrx_word' id='word_1_216' title='bbox 3877 1560 3937 1615; x_wconf 80' lang='grc' dir='ltr'><strong>τὰ</strong></span> 
     </span>
    </p>
   </div>
   <div class='ocr_carea' id='block_1_32' title="bbox 2354 1652 3937 1729">
    <p class='ocr_par' dir='ltr' id='par_1_32' title="bbox 2354 1652 3937 1729">
     <span class='ocr_line' id='line_1_32' title="bbox 2354 1652 3937 1729; baseline -0.006 -16"><span class='ocrx_word' id='word_1_217' title='bbox 2354 1652 2617 1713; x_wconf 83' lang='grc' dir='ltr'><strong>ἐναντία.</strong></span> <span class='ocrx_word' id='word_1_218' title='bbox 2677 1659 2865 1721; x_wconf 80' lang='grc' dir='ltr'><strong>Ἀλλος</strong></span> <span class='ocrx_word' id='word_1_219' title='bbox 2915 1658 3012 1729; x_wconf 86' lang='grc' dir='ltr'><strong>μέν</strong></span> <span class='ocrx_word' id='word_1_220' title='bbox 3044 1654 3136 1711; x_wconf 78' lang='grc' dir='ltr'><strong>οὖν</strong></span> <span class='ocrx_word' id='word_1_221' title='bbox 3180 1658 3318 1727; x_wconf 84' lang='grc' dir='ltr'><strong>τάχα</strong></span> <span class='ocrx_word' id='word_1_222' title='bbox 3362 1658 3429 1712; x_wconf 84' lang='grc' dir='ltr'><strong>ἂν</strong></span> <span class='ocrx_word' id='word_1_223' title='bbox 3478 1658 3607 1721; x_wconf 85' lang='grc' dir='ltr'><strong>ίσως</strong></span> <span class='ocrx_word' id='word_1_224' title='bbox 3628 1698 3644 1721; x_wconf 92' lang='grc'><strong>,</strong></span> <span class='ocrx_word' id='word_1_225' title='bbox 3692 1658 3787 1709; x_wconf 79' lang='grc' dir='ltr'><strong>τὸν</strong></span> <span class='ocrx_word' id='word_1_226' title='bbox 3819 1654 3937 1727; x_wconf 72' lang='grc' dir='ltr'><strong>περὶ</strong></span> 
     </span>
    </p>
   </div>
   <div class='ocr_carea' id='block_1_33' title="bbox 2382 1742 3937 1818">
    <p class='ocr_par' dir='ltr' id='par_1_33' title="bbox 2382 1742 3937 1818">
     <span class='ocr_line' id='line_1_33' title="bbox 2382 1742 3937 1818; baseline -0.007 -12"><span class='ocrx_word' id='word_1_227' title='bbox 2382 1752 2585 1806; x_wconf 85' lang='grc' dir='ltr'><strong>τούτων</strong></span> <span class='ocrx_word' id='word_1_228' title='bbox 2624 1750 2891 1818; x_wconf 78' lang='grc' dir='ltr'><strong>ἐφοδεύων</strong></span> <span class='ocrx_word' id='word_1_229' title='bbox 2930 1747 3087 1816; x_wconf 84' lang='grc' dir='ltr'><strong>λόγον</strong></span> <span class='ocrx_word' id='word_1_230' title='bbox 3106 1787 3121 1811; x_wconf 90' lang='grc'><strong>,</strong></span> <span class='ocrx_word' id='word_1_231' title='bbox 3153 1748 3357 1817; x_wconf 78' lang='grc' dir='ltr'>πλάνην</span> <span class='ocrx_word' id='word_1_232' title='bbox 3390 1742 3528 1799; x_wconf 85' lang='grc' dir='ltr'><strong>εἶναι</strong></span> <span class='ocrx_word' id='word_1_233' title='bbox 3567 1745 3628 1799; x_wconf 81' lang='grc' dir='ltr'><strong>τὸ</strong></span> <span class='ocrx_word' id='word_1_234' title='bbox 3660 1747 3803 1807; x_wconf 81' lang='grc' dir='ltr'><strong>πᾶν,</strong></span> <span class='ocrx_word' id='word_1_235' title='bbox 3852 1744 3937 1796; x_wconf 83' lang='grc' dir='ltr'><strong>καί</strong></span> 
     </span>
    </p>
   </div>
   <div class='ocr_carea' id='block_1_34' title="bbox 2382 1828 3937 1915">
    <p class='ocr_par' dir='ltr' id='par_1_34' title="bbox 2382 1828 3937 1915">
     <span class='ocr_line' id='line_1_34' title="bbox 2382 1828 3937 1915; baseline -0.006 -18"><span class='ocrx_word' id='word_1_236' title='bbox 2382 1846 2588 1915; x_wconf 83' lang='grc' dir='ltr'><strong>γοήτων</strong></span> <span class='ocrx_word' id='word_1_237' title='bbox 2616 1842 2821 1912; x_wconf 89' lang='grc' dir='ltr'><strong>ἀνδρῶν</strong></span> <span class='ocrx_word' id='word_1_238' title='bbox 2848 1838 3196 1909; x_wconf 85' lang='grc' dir='ltr'><strong>τεχνάσματά</strong></span> <span class='ocrx_word' id='word_1_239' title='bbox 3227 1828 3299 1889; x_wconf 67' lang='grc' dir='ltr'><strong>τέ</strong></span> <span class='ocrx_word' id='word_1_240' title='bbox 3326 1838 3418 1890; x_wconf 74' lang='grc' dir='ltr'><strong>καὶ</strong></span> <span class='ocrx_word' id='word_1_241' title='bbox 3461 1836 3812 1907; x_wconf 75' lang='grc' dir='ltr'><strong>ῥᾳδιουργίας</strong></span> <span class='ocrx_word' id='word_1_242' title='bbox 3847 1836 3937 1887; x_wconf 72' lang='grc' dir='ltr'><strong>ὑπο</strong></span> 
     </span>
    </p>
   </div>
   <div class='ocr_carea' id='block_1_35' title="bbox 2382 1924 3937 2006">
    <p class='ocr_par' dir='ltr' id='par_1_35' title="bbox 2382 1924 3937 2006">
     <span class='ocr_line' id='line_1_35' title="bbox 2382 1924 3937 2006; baseline -0.009 -15"><span class='ocrx_word' id='word_1_243' title='bbox 2382 1940 2676 2006; x_wconf 84' lang='grc' dir='ltr'><strong>εστήσατο,</strong></span> <span class='ocrx_word' id='word_1_244' title='bbox 2723 1934 2951 1987; x_wconf 78' lang='grc' dir='ltr'>καθόλου</span> <span class='ocrx_word' id='word_1_245' title='bbox 2980 1930 3335 2003; x_wconf 80' lang='grc' dir='ltr'><strong>περιγράφων</strong></span> <span class='ocrx_word' id='word_1_246' title='bbox 3376 1929 3476 1999; x_wconf 82' lang='grc' dir='ltr'><strong>τὴν</strong></span> <span class='ocrx_word' id='word_1_247' title='bbox 3527 1928 3715 1993; x_wconf 82' lang='grc' dir='ltr'><strong>δόξαν,</strong></span> <span class='ocrx_word' id='word_1_248' title='bbox 3762 1927 3838 1989; x_wconf 86' lang='grc' dir='ltr'><strong>ὼς</strong></span> <span class='ocrx_word' id='word_1_249' title='bbox 3871 1924 3937 1996; x_wconf 82' lang='grc' dir='ltr'><strong>μὴ</strong></span> 
     </span>
    </p>
   </div>
   <div class='ocr_carea' id='block_1_36' title="bbox 2382 2016 3939 2095">
    <p class='ocr_par' dir='ltr' id='par_1_36' title="bbox 2382 2016 3939 2095">
     <span class='ocr_line' id='line_1_36' title="bbox 2382 2016 3939 2095; baseline -0.008 -14"><span class='ocrx_word' id='word_1_250' title='bbox 2382 2030 2463 2081; x_wconf 81' lang='grc' dir='ltr'><strong>ὅτι</strong></span> <span class='ocrx_word' id='word_1_251' title='bbox 2482 2028 2617 2081; x_wconf 79' lang='grc' dir='ltr'><strong>Θεοῦ</strong></span> <span class='ocrx_word' id='word_1_252' title='bbox 2634 2068 2651 2092; x_wconf 91' lang='grc'><strong>,</strong></span> <span class='ocrx_word' id='word_1_253' title='bbox 2677 2025 2812 2079; x_wconf 84' lang='grc' dir='ltr'><strong>άλλά</strong></span> <span class='ocrx_word' id='word_1_254' title='bbox 2843 2025 2976 2095; x_wconf 83' lang='grc' dir='ltr'><strong>μηδὲ</strong></span> <span class='ocrx_word' id='word_1_255' title='bbox 3002 2022 3239 2094; x_wconf 76' lang='grc' dir='ltr'><strong>πονηροῦ</strong></span> <span class='ocrx_word' id='word_1_256' title='bbox 3265 2022 3515 2091; x_wconf 84' lang='grc' dir='ltr'><strong>δαίμονος</strong></span> <span class='ocrx_word' id='word_1_257' title='bbox 3544 2016 3683 2073; x_wconf 79' lang='grc' dir='ltr'><strong>εἶναι</strong></span> <span class='ocrx_word' id='word_1_258' title='bbox 3709 2018 3939 2089; x_wconf 81' lang='grc' dir='ltr'><strong>νομίζειν</strong></span> 
     </span>
    </p>
   </div>
   <div class='ocr_carea' id='block_1_37' title="bbox 747 2105 2293 2197">
    <p class='ocr_par' dir='ltr' id='par_1_37' title="bbox 747 2105 2284 2197">
     <span class='ocr_line' id='line_1_37' title="bbox 747 2105 2284 2197; baseline -0.003 -13"><span class='ocrx_word' id='word_1_259' title='bbox 747 2105 991 2184; x_wconf 73' lang='lat' dir='ltr'><strong>funditus</strong></span> <span class='ocrx_word' id='word_1_260' title='bbox 1012 2105 1314 2197; x_wconf 70' lang='lat' dir='ltr'><strong>Opinionem</strong></span> <span class='ocrx_word' id='word_1_261' title='bbox 1335 2128 1605 2193; x_wconf 82' lang='lat' dir='ltr'><strong>evelleret,</strong></span> <span class='ocrx_word' id='word_1_262' title='bbox 1636 2138 1829 2182; x_wconf 90' lang='lat' dir='ltr'><strong>utnon</strong></span> <span class='ocrx_word' id='word_1_263' title='bbox 1853 2105 2025 2182; x_wconf 77' lang='lat' dir='ltr'><strong>solum</strong></span> <span class='ocrx_word' id='word_1_264' title='bbox 2048 2105 2175 2191; x_wconf 78' lang='lat' dir='ltr'><strong>Deo,</strong></span> <span class='ocrx_word' id='word_1_265' title='bbox 2190 2126 2284 2180; x_wconf 87' lang='lat' dir='ltr'><strong>sed</strong></span> 
     </span>
    </p>
   </div>
   <div class='ocr_carea' id='block_1_38' title="bbox 2392 2105 3939 2197">
    <p class='ocr_par' dir='ltr' id='par_1_38' title="bbox 2392 2111 3939 2189">
     <span class='ocr_line' id='line_1_38' title="bbox 2392 2111 3939 2189; baseline -0.006 -18"><span class='ocrx_word' id='word_1_266' title='bbox 2392 2119 2454 2171; x_wconf 79' lang='grc' dir='ltr'><strong>τὰ</strong></span> <span class='ocrx_word' id='word_1_267' title='bbox 2485 2120 2609 2189; x_wconf 78' lang='grc' dir='ltr'><strong>περὶ</strong></span> <span class='ocrx_word' id='word_1_268' title='bbox 2641 2114 2804 2169; x_wconf 78' lang='grc' dir='ltr'><strong>αὑτοῦ</strong></span> <span class='ocrx_word' id='word_1_269' title='bbox 2834 2114 3222 2186; x_wconf 50' lang='grc' dir='ltr'><strong>θρυλλούμεναν.</strong></span> <span class='ocrx_word' id='word_1_270' title='bbox 3256 2112 3338 2164; x_wconf 87' lang='grc' dir='ltr'><strong>Τά</strong></span> <span class='ocrx_word' id='word_1_271' title='bbox 3384 2111 3483 2182; x_wconf 80' lang='grc' dir='ltr'><strong>μὲν</strong></span> <span class='ocrx_word' id='word_1_272' title='bbox 3525 2112 3633 2182; x_wconf 83' lang='grc' dir='ltr'><strong>γάρ</strong></span> <span class='ocrx_word' id='word_1_273' title='bbox 3664 2111 3939 2180; x_wconf 72' lang='grc' dir='ltr'><strong>ποιήματα</strong></span> 
     </span>
    </p>
   </div>
   <div class='ocr_carea' id='block_1_39' title="bbox 748 2217 2286 2289">
    <p class='ocr_par' dir='ltr' id='par_1_39' title="bbox 748 2217 2286 2289">
     <span class='ocr_line' id='line_1_39' title="bbox 748 2217 2286 2289; baseline -0.004 -13"><span class='ocrx_word' id='word_1_274' title='bbox 748 2238 817 2276; x_wconf 89' lang='lat' dir='ltr'><strong>ne</strong></span> <span class='ocrx_word' id='word_1_275' title='bbox 843 2220 985 2275; x_wconf 76' lang='lat' dir='ltr'><strong>malo</strong></span> <span class='ocrx_word' id='word_1_276' title='bbox 1014 2220 1229 2289; x_wconf 90' lang='lat' dir='ltr'><strong>quidem</strong></span> <span class='ocrx_word' id='word_1_277' title='bbox 1288 2219 1521 2274; x_wconf 74' lang='lat' dir='ltr'><strong>daemoni</strong></span> <span class='ocrx_word' id='word_1_278' title='bbox 1550 2259 1566 2285; x_wconf 95' lang='lat'><strong>,</strong></span> <span class='ocrx_word' id='word_1_279' title='bbox 1600 2234 1721 2288; x_wconf 67' lang='lat' dir='ltr'><strong>quae</strong></span> <span class='ocrx_word' id='word_1_280' title='bbox 1758 2219 1957 2287; x_wconf 90' lang='lat' dir='ltr'><strong>passim</strong></span> <span class='ocrx_word' id='word_1_281' title='bbox 1986 2217 2051 2272; x_wconf 91' lang='lat' dir='ltr'><strong>de</strong></span> <span class='ocrx_word' id='word_1_282' title='bbox 2088 2218 2178 2271; x_wconf 86' lang='lat' dir='ltr'><strong>illo</strong></span> <span class='ocrx_word' id='word_1_283' title='bbox 2202 2217 2286 2285; x_wconf 87' lang='lat' dir='ltr'><strong>ja-</strong></span> 
     </span>
    </p>
   </div>
   <div class='ocr_carea' id='block_1_40' title="bbox 748 2308 2287 2379">
    <p class='ocr_par' dir='ltr' id='par_1_40' title="bbox 748 2308 2287 2379">
     <span class='ocr_line' id='line_1_40' title="bbox 748 2308 2287 2379; baseline -0.004 -12"><span class='ocrx_word' id='word_1_284' title='bbox 748 2320 982 2375; x_wconf 70' lang='lat' dir='ltr'><strong>ctanlur,</strong></span> <span class='ocrx_word' id='word_1_285' title='bbox 1004 2310 1327 2379; x_wconf 76' lang='lat' dir='ltr'><strong>assignanda</strong></span> <span class='ocrx_word' id='word_1_286' title='bbox 1348 2324 1468 2363; x_wconf 88' lang='lat' dir='ltr'><strong>esse</strong></span> <span class='ocrx_word' id='word_1_287' title='bbox 1491 2318 1768 2364; x_wconf 88' lang='lat' dir='ltr'><strong>statueret.</strong></span> <span class='ocrx_word' id='word_1_288' title='bbox 1794 2308 1998 2377; x_wconf 86' lang='lat' dir='ltr'><strong>Quippe</strong></span> <span class='ocrx_word' id='word_1_289' title='bbox 2029 2322 2287 2377; x_wconf 87' lang='lat' dir='ltr'><strong>responsa</strong></span> 
     </span>
    </p>
   </div>
   <div class='ocr_carea' id='block_1_41' title="bbox 748 2399 2285 2468">
    <p class='ocr_par' dir='ltr' id='par_1_41' title="bbox 748 2399 2285 2468">
     <span class='ocr_line' id='line_1_41' title="bbox 748 2399 2285 2468; baseline -0.002 -13"><span class='ocrx_word' id='word_1_290' title='bbox 748 2402 892 2455; x_wconf 90' lang='lat' dir='ltr'><strong>enim</strong></span> <span class='ocrx_word' id='word_1_291' title='bbox 923 2401 1145 2454; x_wconf 87' lang='lat' dir='ltr'><strong>deorum</strong></span> <span class='ocrx_word' id='word_1_292' title='bbox 1167 2400 1472 2454; x_wconf 77' lang='lat' dir='ltr'><strong>artiﬁciosis</strong></span> <span class='ocrx_word' id='word_1_293' title='bbox 1497 2400 1742 2454; x_wconf 86' lang='lat' dir='ltr'><strong>versibus</strong></span> <span class='ocrx_word' id='word_1_294' title='bbox 1764 2399 1983 2468; x_wconf 78' lang='lat' dir='ltr'><strong>illigata,</strong></span> <span class='ocrx_word' id='word_1_295' title='bbox 2007 2399 2285 2453; x_wconf 86' lang='lat' dir='ltr'><strong>hominum</strong></span> 
     </span>
    </p>
   </div>
   <div class='ocr_carea' id='block_1_42' title="bbox 730 2480 2290 2559">
    <p class='ocr_par' dir='ltr' id='par_1_42' title="bbox 730 2480 2290 2559">
     <span class='ocr_line' id='line_1_42' title="bbox 730 2480 2290 2559; baseline -0.001 -15"><span class='ocrx_word' id='word_1_296' title='bbox 730 2480 935 2559; x_wconf 87' lang='lat' dir='ltr'><strong>utique</strong></span> <span class='ocrx_word' id='word_1_297' title='bbox 958 2506 1064 2544; x_wconf 92' lang='lat' dir='ltr'><strong>non</strong></span> <span class='ocrx_word' id='word_1_298' title='bbox 1086 2490 1377 2545; x_wconf 84' lang='lat' dir='ltr'><strong>bardorum</strong></span> <span class='ocrx_word' id='word_1_299' title='bbox 1406 2499 1567 2559; x_wconf 88' lang='lat' dir='ltr'><strong>atque</strong></span> <span class='ocrx_word' id='word_1_300' title='bbox 1589 2492 1899 2553; x_wconf 81' lang='lat' dir='ltr'><strong>stultorum,</strong></span> <span class='ocrx_word' id='word_1_301' title='bbox 1924 2490 2027 2545; x_wconf 82' lang='lat' dir='ltr'><strong>sed</strong></span> <span class='ocrx_word' id='word_1_302' title='bbox 2075 2490 2140 2543; x_wconf 87' lang='lat' dir='ltr'><strong>ad</strong></span> <span class='ocrx_word' id='word_1_303' title='bbox 2191 2490 2290 2544; x_wconf 79' lang='lat' dir='ltr'><strong>fal-</strong></span> 
     </span>
    </p>
   </div>
   <div class='ocr_carea' id='block_1_43' title="bbox 748 2579 2287 2651">
    <p class='ocr_par' dir='ltr' id='par_1_43' title="bbox 748 2579 2287 2651">
     <span class='ocr_line' id='line_1_43' title="bbox 748 2579 2287 2651; baseline -0.001 -16"><span class='ocrx_word' id='word_1_304' title='bbox 748 2583 913 2637; x_wconf 88' lang='lat' dir='ltr'><strong>lacias</strong></span> <span class='ocrx_word' id='word_1_305' title='bbox 939 2581 1199 2651; x_wconf 85' lang='lat' dir='ltr'><strong>dolosque</strong></span> <span class='ocrx_word' id='word_1_306' title='bbox 1227 2581 1525 2636; x_wconf 82' lang='lat' dir='ltr'><strong>moliendos</strong></span> <span class='ocrx_word' id='word_1_307' title='bbox 1572 2581 1815 2649; x_wconf 87' lang='lat' dir='ltr'><strong>apprime</strong></span> <span class='ocrx_word' id='word_1_308' title='bbox 1840 2579 2104 2634; x_wconf 76' lang='lat' dir='ltr'><strong>factorum</strong></span> <span class='ocrx_word' id='word_1_309' title='bbox 2134 2595 2253 2633; x_wconf 90' lang='lat' dir='ltr'><strong>com</strong></span> <span class='ocrx_word' id='word_1_310' title='bbox 2270 2609 2287 2620; x_wconf 90' lang='lat'><strong>-</strong></span> 
     </span>
    </p>
   </div>
   <div class='ocr_carea' id='block_1_44' title="bbox 698 2672 2289 2741">
    <p class='ocr_par' dir='ltr' id='par_1_44' title="bbox 698 2672 2289 2741">
     <span class='ocr_line' id='line_1_44' title="bbox 698 2672 2289 2741; baseline -0.001 -14"><span class='ocrx_word' id='word_1_311' title='bbox 698 2694 701 2697; x_wconf 93' lang='grc'><strong>·</strong></span> <span class='ocrx_word' id='word_1_312' title='bbox 747 2682 928 2728; x_wconf 86' lang='lat' dir='ltr'><strong>menta</strong></span> <span class='ocrx_word' id='word_1_313' title='bbox 951 2689 1113 2738; x_wconf 86' lang='lat' dir='ltr'><strong>esse;</strong></span> <span class='ocrx_word' id='word_1_314' title='bbox 1146 2687 1265 2741; x_wconf 65' lang='lat' dir='ltr'><strong>quae</strong></span> <span class='ocrx_word' id='word_1_315' title='bbox 1290 2673 1505 2740; x_wconf 84' lang='lat' dir='ltr'><strong>ancipiti</strong></span> <span class='ocrx_word' id='word_1_316' title='bbox 1538 2681 1592 2725; x_wconf 92' lang='lat' dir='ltr'><strong>et</strong></span> <span class='ocrx_word' id='word_1_317' title='bbox 1616 2672 1867 2741; x_wconf 82' lang='lat' dir='ltr'><strong>ambiguo</strong></span> <span class='ocrx_word' id='word_1_318' title='bbox 1893 2686 2138 2726; x_wconf 87' lang='lat' dir='ltr'><strong>sermone</strong></span> <span class='ocrx_word' id='word_1_319' title='bbox 2167 2680 2289 2726; x_wconf 78' lang='lat' dir='ltr'><strong>eon-</strong></span> 
     </span>
    </p>
   </div>
   <div class='ocr_carea' id='block_1_45' title="bbox 747 2762 2290 2831">
    <p class='ocr_par' dir='ltr' id='par_1_45' title="bbox 747 2762 2290 2831">
     <span class='ocr_line' id='line_1_45' title="bbox 747 2762 2290 2831; baseline -0.004 -13"><span class='ocrx_word' id='word_1_320' title='bbox 747 2772 915 2829; x_wconf 86' lang='lat' dir='ltr'><strong>texta,</strong></span> <span class='ocrx_word' id='word_1_321' title='bbox 944 2763 1001 2815; x_wconf 86' lang='lat' dir='ltr'><strong>in</strong></span> <span class='ocrx_word' id='word_1_322' title='bbox 1055 2770 1332 2830; x_wconf 84' lang='lat' dir='ltr'><strong>utramque</strong></span> <span class='ocrx_word' id='word_1_323' title='bbox 1368 2762 1660 2831; x_wconf 77' lang='lat' dir='ltr'><strong>exspectati</strong></span> <span class='ocrx_word' id='word_1_324' title='bbox 1690 2776 1869 2814; x_wconf 89' lang='lat' dir='ltr'><strong>rerum</strong></span> <span class='ocrx_word' id='word_1_325' title='bbox 1915 2769 2137 2814; x_wconf 88' lang='lat' dir='ltr'><strong>eventus</strong></span> <span class='ocrx_word' id='word_1_326' title='bbox 2168 2775 2290 2829; x_wconf 86' lang='lat' dir='ltr'><strong>par-</strong></span> 
     </span>
    </p>
   </div>
   <div class='ocr_carea' id='block_1_46' title="bbox 746 2845 2313 2918">
    <p class='ocr_par' dir='ltr' id='par_1_46' title="bbox 746 2845 2313 2918">
     <span class='ocr_line' id='line_1_46' title="bbox 746 2845 2313 2918; baseline -0.006 -12"><span class='ocrx_word' id='word_1_327' title='bbox 746 2860 857 2906; x_wconf 84' lang='lat' dir='ltr'><strong>tem</strong></span> <span class='ocrx_word' id='word_1_328' title='bbox 882 2866 986 2905; x_wconf 91' lang='lat' dir='ltr'><strong>non</strong></span> <span class='ocrx_word' id='word_1_329' title='bbox 1009 2852 1183 2918; x_wconf 88' lang='lat' dir='ltr'><strong>inepte</strong></span> <span class='ocrx_word' id='word_1_330' title='bbox 1210 2851 1411 2904; x_wconf 81' lang='lat' dir='ltr'><strong>cadere</strong></span> <span class='ocrx_word' id='word_1_331' title='bbox 1426 2858 1479 2903; x_wconf 91' lang='lat' dir='ltr'><strong>et</strong></span> <span class='ocrx_word' id='word_1_332' title='bbox 1503 2848 1768 2918; x_wconf 89' lang='lat' dir='ltr'><strong>quadrare</strong></span> <span class='ocrx_word' id='word_1_333' title='bbox 1790 2848 2020 2917; x_wconf 86' lang='lat' dir='ltr'><strong>possint.</strong></span> <span class='ocrx_word' id='word_1_334' title='bbox 2040 2845 2115 2898; x_wconf 87' lang='lat' dir='ltr'><strong>Ea</strong></span> <span class='ocrx_word' id='word_1_335' title='bbox 2141 2860 2287 2909; x_wconf 86' lang='lat' dir='ltr'><strong>vero,</strong></span> <span class='ocrx_word' id='word_1_336' title='bbox 2310 2886 2313 2887; x_wconf 43' lang='grc' dir='ltr'><em>ν</em></span> 
     </span>
    </p>
   </div>
   <div class='ocr_carea' id='block_1_47' title="bbox 750 2937 2290 3010">
    <p class='ocr_par' dir='ltr' id='par_1_47' title="bbox 750 2937 2290 3010">
     <span class='ocr_line' id='line_1_47' title="bbox 750 2937 2290 3010; baseline -0.005 -14"><span class='ocrx_word' id='word_1_337' title='bbox 750 2941 946 3010; x_wconf 82' lang='lat' dir='ltr'><strong>quibus</strong></span> <span class='ocrx_word' id='word_1_338' title='bbox 968 2941 1088 3007; x_wconf 86' lang='lat' dir='ltr'><strong>rudi</strong></span> <span class='ocrx_word' id='word_1_339' title='bbox 1113 2941 1398 3010; x_wconf 70' lang='lat' dir='ltr'><strong>plebecula:</strong></span> <span class='ocrx_word' id='word_1_340' title='bbox 1430 2939 1741 3009; x_wconf 84' lang='lat' dir='ltr'><strong>imponitur,</strong></span> <span class='ocrx_word' id='word_1_341' title='bbox 1772 2937 2150 2991; x_wconf 88' lang='lat' dir='ltr'><strong>circulatorum</strong></span> <span class='ocrx_word' id='word_1_342' title='bbox 2163 2950 2290 3004; x_wconf 91' lang='lat' dir='ltr'><strong>pro-</strong></span> 
     </span>
    </p>
   </div>
   <div class='ocr_carea' id='block_1_48' title="bbox 751 3026 2291 3101">
    <p class='ocr_par' dir='ltr' id='par_1_48' title="bbox 751 3026 2291 3101">
     <span class='ocr_line' id='line_1_48' title="bbox 751 3026 2291 3101; baseline -0.004 -15"><span class='ocrx_word' id='word_1_343' title='bbox 751 3033 915 3101; x_wconf 72' lang='lat' dir='ltr'><strong>digia,</strong></span> <span class='ocrx_word' id='word_1_344' title='bbox 943 3038 1068 3086; x_wconf 84' lang='lat' dir='ltr'><strong>cu‘m</strong></span> <span class='ocrx_word' id='word_1_345' title='bbox 1096 3032 1438 3084; x_wconf 85' lang='lat' dir='ltr'><strong>naturalibus</strong></span> <span class='ocrx_word' id='word_1_346' title='bbox 1465 3029 1648 3084; x_wconf 86' lang='lat' dir='ltr'><strong>causis</strong></span> <span class='ocrx_word' id='word_1_347' title='bbox 1674 3044 1794 3083; x_wconf 88' lang='lat' dir='ltr'><strong>esse</strong></span> <span class='ocrx_word' id='word_1_348' title='bbox 1827 3028 2137 3097; x_wconf 79' lang='lat' dir='ltr'><strong>conjuncta.</strong></span> <span class='ocrx_word' id='word_1_349' title='bbox 2163 3026 2291 3081; x_wconf 89' lang='lat' dir='ltr'><strong>Plu-</strong></span> 
     </span>
    </p>
   </div>
   <div class='ocr_carea' id='block_1_49' title="bbox 753 3116 2291 3182">
    <p class='ocr_par' dir='ltr' id='par_1_49' title="bbox 753 3116 2291 3182">
     <span class='ocr_line' id='line_1_49' title="bbox 753 3116 2291 3182; baseline -0.003 -9"><span class='ocrx_word' id='word_1_350' title='bbox 753 3121 890 3173; x_wconf 89' lang='lat' dir='ltr'><strong>rima</strong></span> <span class='ocrx_word' id='word_1_351' title='bbox 911 3119 1056 3172; x_wconf 88' lang='lat' dir='ltr'><strong>enim</strong></span> <span class='ocrx_word' id='word_1_352' title='bbox 1085 3118 1335 3173; x_wconf 88' lang='lat' dir='ltr'><strong>universa</strong></span> <span class='ocrx_word' id='word_1_353' title='bbox 1360 3118 1412 3170; x_wconf 93' lang='lat' dir='ltr'><strong>in</strong></span> <span class='ocrx_word' id='word_1_354' title='bbox 1443 3126 1633 3171; x_wconf 89' lang='lat' dir='ltr'><strong>natura</strong></span> <span class='ocrx_word' id='word_1_355' title='bbox 1663 3118 1921 3171; x_wconf 81' lang='lat' dir='ltr'><strong>exsistere</strong></span> <span class='ocrx_word' id='word_1_356' title='bbox 1948 3156 1965 3182; x_wconf 96' lang='lat'><strong>,</strong></span> <span class='ocrx_word' id='word_1_357' title='bbox 2006 3116 2244 3169; x_wconf 76' lang='lat' dir='ltr'><strong>radicum</strong></span> <span class='ocrx_word' id='word_1_358' title='bbox 2271 3152 2291 3178; x_wconf 83' lang='lat'><strong><em>.</em></strong></span> 
     </span>
    </p>
   </div>
   <div class='ocr_carea' id='block_1_50' title="bbox 754 3204 2291 3275">
    <p class='ocr_par' dir='ltr' id='par_1_50' title="bbox 754 3204 2291 3275">
     <span class='ocr_line' id='line_1_50' title="bbox 754 3204 2291 3275; baseline 0 -14"><span class='ocrx_word' id='word_1_359' title='bbox 754 3208 1061 3273; x_wconf 86' lang='lat' dir='ltr'><strong>herbarum,</strong></span> <span class='ocrx_word' id='word_1_360' title='bbox 1093 3208 1427 3275; x_wconf 86' lang='lat' dir='ltr'><strong>plantarum,</strong></span> <span class='ocrx_word' id='word_1_361' title='bbox 1444 3204 1737 3270; x_wconf 79' lang='lat' dir='ltr'><strong>fructuum,</strong></span> <span class='ocrx_word' id='word_1_362' title='bbox 1766 3205 2025 3273; x_wconf 89' lang='lat' dir='ltr'><strong>lapidum,</strong></span> <span class='ocrx_word' id='word_1_363' title='bbox 2054 3206 2291 3275; x_wconf 88' lang='lat' dir='ltr'><strong>itemque</strong></span> 
     </span>
    </p>
   </div>
   <div class='ocr_carea' id='block_1_51' title="bbox 753 3294 2289 3359">
    <p class='ocr_par' dir='ltr' id='par_1_51' title="bbox 753 3294 2289 3359">
     <span class='ocr_line' id='line_1_51' title="bbox 753 3294 2289 3359; baseline 0.001 -10"><span class='ocrx_word' id='word_1_364' title='bbox 753 3296 980 3349; x_wconf 87' lang='lat' dir='ltr'><strong>aliarum</strong></span> <span class='ocrx_word' id='word_1_365' title='bbox 1020 3310 1083 3348; x_wconf 85' lang='lat' dir='ltr'><strong>ex</strong></span> <span class='ocrx_word' id='word_1_366' title='bbox 1113 3295 1259 3347; x_wconf 90' lang='lat' dir='ltr'><strong>omni</strong></span> <span class='ocrx_word' id='word_1_367' title='bbox 1312 3294 1556 3356; x_wconf 89' lang='lat' dir='ltr'><strong>materia,</strong></span> <span class='ocrx_word' id='word_1_368' title='bbox 1583 3296 1695 3347; x_wconf 90' lang='lat' dir='ltr'><strong>sive</strong></span> <span class='ocrx_word' id='word_1_369' title='bbox 1720 3294 2007 3359; x_wconf 85' lang='lat' dir='ltr'><strong>siccarum,</strong></span> <span class='ocrx_word' id='word_1_370' title='bbox 2038 3295 2152 3349; x_wconf 88' lang='lat' dir='ltr'><strong>sive</strong></span> <span class='ocrx_word' id='word_1_371' title='bbox 2183 3296 2289 3350; x_wconf 90' lang='lat' dir='ltr'><strong>bu-</strong></span> 
     </span>
    </p>
   </div>
   <div class='ocr_carea' id='block_1_52' title="bbox 2387 2200 3936 2278">
    <p class='ocr_par' dir='ltr' id='par_1_52' title="bbox 2387 2200 3936 2278">
     <span class='ocr_line' id='line_1_52' title="bbox 2387 2200 3936 2278; baseline -0.005 -16"><span class='ocrx_word' id='word_1_372' title='bbox 2387 2211 2481 2263; x_wconf 54' lang='grc' dir='ltr'><strong>καὶ⁸</strong></span> <span class='ocrx_word' id='word_1_373' title='bbox 2511 2211 2609 2271; x_wconf 75' lang='grc' dir='ltr'><strong>τὰς</strong></span> <span class='ocrx_word' id='word_1_374' title='bbox 2638 2208 2745 2259; x_wconf 89' lang='grc' dir='ltr'><strong>τῶν</strong></span> <span class='ocrx_word' id='word_1_375' title='bbox 2765 2206 3027 2278; x_wconf 81' lang='grc' dir='ltr'><strong>χρησμῶν</strong></span> <span class='ocrx_word' id='word_1_376' title='bbox 3059 2204 3355 2267; x_wconf 79' lang='grc' dir='ltr'><strong>συνθέσεις,</strong></span> <span class='ocrx_word' id='word_1_377' title='bbox 3379 2204 3479 2255; x_wconf 79' lang='grc' dir='ltr'><strong>οὐκ</strong></span> <span class='ocrx_word' id='word_1_378' title='bbox 3500 2202 3685 2270; x_wconf 85' lang='grc' dir='ltr'><strong>ἀφυῶν</strong></span> <span class='ocrx_word' id='word_1_379' title='bbox 3717 2200 3936 2275; x_wconf 83' lang='grc' dir='ltr'><strong>ἀνδρῶν,</strong></span> 
     </span>
    </p>
   </div>
   <div class='ocr_carea' id='block_1_53' title="bbox 2387 2289 3939 2373">
    <p class='ocr_par' dir='ltr' id='par_1_53' title="bbox 2387 2289 3939 2373">
     <span class='ocr_line' id='line_1_53' title="bbox 2387 2289 3939 2373; baseline -0.006 -17"><span class='ocrx_word' id='word_1_380' title='bbox 2387 2300 2446 2356; x_wconf 80' lang='grc' dir='ltr'><strong>εὖ</strong></span> <span class='ocrx_word' id='word_1_381' title='bbox 2482 2303 2625 2373; x_wconf 89' lang='grc' dir='ltr'><strong>μάλα</strong></span> <span class='ocrx_word' id='word_1_382' title='bbox 2665 2289 2721 2354; x_wconf 85' lang='grc' dir='ltr'><strong>δὲ</strong></span> <span class='ocrx_word' id='word_1_383' title='bbox 2757 2301 2892 2372; x_wconf 85' lang='grc' dir='ltr'><strong>πρὸς</strong></span> <span class='ocrx_word' id='word_1_384' title='bbox 2923 2300 3136 2370; x_wconf 82' lang='grc' dir='ltr'><strong>ἀπάτην</strong></span> <span class='ocrx_word' id='word_1_385' title='bbox 3164 2297 3625 2368; x_wconf 85' lang='grc' dir='ltr'><strong>ἐσκευωρημένων</strong></span> <span class='ocrx_word' id='word_1_386' title='bbox 3657 2296 3939 2365; x_wconf 86' lang='grc' dir='ltr'><strong>πλάσματα</strong></span> 
     </span>
    </p>
   </div>
   <div class='ocr_carea' id='block_1_54' title="bbox 2387 2386 3936 2461">
    <p class='ocr_par' dir='ltr' id='par_1_54' title="bbox 2387 2386 3936 2461">
     <span class='ocr_line' id='line_1_54' title="bbox 2387 2386 3936 2461; baseline -0.006 -17"><span class='ocrx_word' id='word_1_387' title='bbox 2387 2391 2669 2461; x_wconf 77' lang='grc' dir='ltr'><strong>τυγχάνειν</strong></span> <span class='ocrx_word' id='word_1_388' title='bbox 2690 2430 2703 2452; x_wconf 90' lang='grc'><strong>,</strong></span> <span class='ocrx_word' id='word_1_389' title='bbox 2748 2389 2896 2459; x_wconf 82' lang='grc' dir='ltr'><strong>μέσῳ</strong></span> <span class='ocrx_word' id='word_1_390' title='bbox 2918 2389 3022 2447; x_wconf 72' lang='grc' dir='ltr'><strong>,καὶ</strong></span> <span class='ocrx_word' id='word_1_391' title='bbox 3050 2388 3332 2458; x_wconf 77' lang='grc' dir='ltr'><strong>ἀμφιϐόλῳ</strong></span> <span class='ocrx_word' id='word_1_392' title='bbox 3364 2386 3699 2457; x_wconf 75' lang='grc' dir='ltr'><strong>συγκείμενα</strong></span> <span class='ocrx_word' id='word_1_393' title='bbox 3725 2386 3936 2456; x_wconf 78' lang='grc' dir='ltr'><strong>τρόπῳ,</strong></span> 
     </span>
    </p>
   </div>
   <div class='ocr_carea' id='block_1_55' title="bbox 2389 2472 3937 2553">
    <p class='ocr_par' dir='ltr' id='par_1_55' title="bbox 2389 2472 3937 2553">
     <span class='ocr_line' id='line_1_55' title="bbox 2389 2472 3937 2553; baseline -0.003 -17"><span class='ocrx_word' id='word_1_394' title='bbox 2389 2472 2521 2553; x_wconf 80' lang='grc' dir='ltr'><strong>πρὸς</strong></span> <span class='ocrx_word' id='word_1_395' title='bbox 2565 2482 2797 2552; x_wconf 78' lang='grc' dir='ltr'><strong>ἑκάτερά</strong></span> <span class='ocrx_word' id='word_1_396' title='bbox 2823 2498 2882 2533; x_wconf 91' lang='grc' dir='ltr'><strong>τε</strong></span> <span class='ocrx_word' id='word_1_397' title='bbox 2912 2480 3019 2533; x_wconf 91' lang='grc' dir='ltr'><strong>τῶν</strong></span> <span class='ocrx_word' id='word_1_398' title='bbox 3046 2481 3155 2533; x_wconf 79' lang='grc' dir='ltr'><strong>ἀπὸ</strong></span> <span class='ocrx_word' id='word_1_399' title='bbox 3194 2480 3293 2549; x_wconf 81' lang='grc' dir='ltr'><strong>τῆς</strong></span> <span class='ocrx_word' id='word_1_400' title='bbox 3332 2478 3608 2541; x_wconf 73' lang='grc' dir='ltr'><strong>ἐκϐάσεως</strong></span> <span class='ocrx_word' id='word_1_401' title='bbox 3640 2478 3937 2547; x_wconf 77' lang='grc' dir='ltr'><strong>προσδοκω-</strong></span> 
     </span>
    </p>
   </div>
   <div class='ocr_carea' id='block_1_56' title="bbox 2391 2568 3937 2645">
    <p class='ocr_par' dir='ltr' id='par_1_56' title="bbox 2391 2568 3937 2645">
     <span class='ocr_line' id='line_1_56' title="bbox 2391 2568 3937 2645; baseline -0.005 -18"><span class='ocrx_word' id='word_1_402' title='bbox 2391 2575 2564 2645; x_wconf 83' lang='grc' dir='ltr'><strong>μένων</strong></span> <span class='ocrx_word' id='word_1_403' title='bbox 2593 2573 2692 2625; x_wconf 84' lang='grc' dir='ltr'><strong>οὑκ</strong></span> <span class='ocrx_word' id='word_1_404' title='bbox 2718 2572 2903 2640; x_wconf 79' lang='grc' dir='ltr'><strong>ἀφυῶς</strong></span> <span class='ocrx_word' id='word_1_405' title='bbox 2933 2568 3262 2644; x_wconf 78' lang='grc' dir='ltr'><strong>ἐφαρμόζειν</strong></span> <span class='ocrx_word' id='word_1_406' title='bbox 3280 2588 3291 2600; x_wconf 90' lang='grc'>·</span> <span class='ocrx_word' id='word_1_407' title='bbox 3321 2569 3389 2622; x_wconf 79' lang='grc' dir='ltr'><strong>τά</strong></span> <span class='ocrx_word' id='word_1_408' title='bbox 3416 2570 3471 2622; x_wconf 85' lang='grc' dir='ltr'><strong>δὲ</strong></span> <span class='ocrx_word' id='word_1_409' title='bbox 3499 2570 3589 2621; x_wconf 79' lang='grc' dir='ltr'><strong>τὸν</strong></span> <span class='ocrx_word' id='word_1_410' title='bbox 3621 2568 3785 2621; x_wconf 80' lang='grc' dir='ltr'><strong>πολὺν</strong></span> <span class='ocrx_word' id='word_1_411' title='bbox 3806 2572 3937 2621; x_wconf 85' lang='grc' dir='ltr'><strong>ἀπα-</strong></span> 
     </span>
    </p>
   </div>
   <div class='ocr_carea' id='block_1_57' title="bbox 2387 2662 3938 2735">
    <p class='ocr_par' dir='ltr' id='par_1_57' title="bbox 2387 2662 3938 2735">
     <span class='ocr_line' id='line_1_57' title="bbox 2387 2662 3938 2735; baseline -0.005 -16"><span class='ocrx_word' id='word_1_412' title='bbox 2387 2667 2560 2719; x_wconf 89' lang='grc' dir='ltr'><strong>τῶντα</strong></span> <span class='ocrx_word' id='word_1_413' title='bbox 2582 2666 2668 2719; x_wconf 91' lang='grc' dir='ltr'><strong>διά</strong></span> <span class='ocrx_word' id='word_1_414' title='bbox 2690 2682 2849 2718; x_wconf 88' lang='grc' dir='ltr'><strong>τινων</strong></span> <span class='ocrx_word' id='word_1_415' title='bbox 2868 2662 3157 2735; x_wconf 84' lang='grc' dir='ltr'><strong>τερατειῶν</strong></span> <span class='ocrx_word' id='word_1_416' title='bbox 3181 2662 3432 2731; x_wconf 77' lang='grc' dir='ltr'><strong>θαύματα</strong></span> <span class='ocrx_word' id='word_1_417' title='bbox 3464 2666 3719 2731; x_wconf 79' lang='grc' dir='ltr'><strong>φυσικαῖς</strong></span> <span class='ocrx_word' id='word_1_418' title='bbox 3748 2662 3938 2727; x_wconf 73' lang='grc' dir='ltr'><strong>αἰτίαις</strong></span> 
     </span>
    </p>
   </div>
   <div class='ocr_carea' id='block_1_58' title="bbox 2387 2748 3935 2826">
    <p class='ocr_par' dir='ltr' id='par_1_58' title="bbox 2387 2748 3935 2826">
     <span class='ocr_line' id='line_1_58' title="bbox 2387 2748 3935 2826; baseline -0.001 -17"><span class='ocrx_word' id='word_1_419' title='bbox 2387 2757 2640 2826; x_wconf 85' lang='grc' dir='ltr'><strong>ἀνῆφθαι.</strong></span> <span class='ocrx_word' id='word_1_420' title='bbox 2669 2754 2845 2807; x_wconf 83' lang='grc' dir='ltr'>Πολλὰ</span> <span class='ocrx_word' id='word_1_421' title='bbox 2868 2754 2976 2825; x_wconf 87' lang='grc' dir='ltr'><strong>γὰρ</strong></span> <span class='ocrx_word' id='word_1_422' title='bbox 3004 2748 3140 2805; x_wconf 74' lang='grc' dir='ltr'><strong>εἶναι</strong></span> <span class='ocrx_word' id='word_1_423' title='bbox 3171 2752 3287 2821; x_wconf 74' lang='grc' dir='ltr'><strong>εἴδη</strong></span> <span class='ocrx_word' id='word_1_424' title='bbox 3318 2752 3519 2823; x_wconf 79' lang='grc' dir='ltr'><strong>ῥιζῶν,</strong></span> <span class='ocrx_word' id='word_1_425' title='bbox 3559 2755 3654 2806; x_wconf 72' lang='grc' dir='ltr'><strong>καὶ</strong></span> <span class='ocrx_word' id='word_1_426' title='bbox 3687 2752 3935 2824; x_wconf 81' lang='grc' dir='ltr'><strong>βοτανῶν.</strong></span> 
     </span>
    </p>
   </div>
   <div class='ocr_carea' id='block_1_59' title="bbox 2389 2834 3939 2914">
    <p class='ocr_par' dir='ltr' id='par_1_59' title="bbox 2389 2834 3939 2914">
     <span class='ocr_line' id='line_1_59' title="bbox 2389 2834 3939 2914; baseline 0 -16"><span class='ocrx_word' id='word_1_427' title='bbox 2389 2846 2484 2899; x_wconf 72' lang='grc' dir='ltr'><strong>καὶ</strong></span> <span class='ocrx_word' id='word_1_428' title='bbox 2510 2845 2722 2913; x_wconf 82' lang='grc' dir='ltr'><strong>φυτῶν,</strong></span> <span class='ocrx_word' id='word_1_429' title='bbox 2751 2844 2843 2896; x_wconf 76' lang='grc' dir='ltr'><strong>καὶ</strong></span> <span class='ocrx_word' id='word_1_430' title='bbox 2866 2842 3111 2912; x_wconf 85' lang='grc' dir='ltr'><strong>καρπῶν,</strong></span> <span class='ocrx_word' id='word_1_431' title='bbox 3142 2842 3234 2896; x_wconf 76' lang='grc' dir='ltr'><strong>καὶ</strong></span> <span class='ocrx_word' id='word_1_432' title='bbox 3264 2840 3447 2909; x_wconf 89' lang='grc' dir='ltr'><strong>λίθων,</strong></span> <span class='ocrx_word' id='word_1_433' title='bbox 3475 2842 3653 2914; x_wconf 82' lang='grc' dir='ltr'><strong>ξηρῶν</strong></span> <span class='ocrx_word' id='word_1_434' title='bbox 3676 2834 3751 2897; x_wconf 80' lang='grc' dir='ltr'><strong>τε</strong></span> <span class='ocrx_word' id='word_1_435' title='bbox 3776 2842 3939 2898; x_wconf 79' lang='grc' dir='ltr'><strong>ἀλλων</strong></span> 
     </span>
    </p>
   </div>
   <div class='ocr_carea' id='block_1_60' title="bbox 2392 2918 3939 3011">
    <p class='ocr_par' dir='ltr' id='par_1_60' title="bbox 2392 2918 3939 3011">
     <span class='ocr_line' id='line_1_60' title="bbox 2392 2918 3939 3011; baseline -0.003 -23"><span class='ocrx_word' id='word_1_436' title='bbox 2392 2935 2484 2988; x_wconf 72' lang='grc' dir='ltr'><strong>καὶ</strong></span> <span class='ocrx_word' id='word_1_437' title='bbox 2525 2934 2706 3011; x_wconf 79' lang='grc' dir='ltr'><strong>ὑγρῶν</strong></span> <span class='ocrx_word' id='word_1_438' title='bbox 2741 2933 2999 2995; x_wconf 84' lang='grc' dir='ltr'><strong>παντοίας</strong></span> <span class='ocrx_word' id='word_1_439' title='bbox 3032 2930 3164 3002; x_wconf 77' lang='grc' dir='ltr'><strong>ὕλης</strong></span> <span class='ocrx_word' id='word_1_440' title='bbox 3191 2918 3470 3002; x_wconf 83' lang='grc' dir='ltr'><strong>δυνάμεων</strong></span> <span class='ocrx_word' id='word_1_441' title='bbox 3497 2933 3558 2984; x_wconf 87' lang='grc' dir='ltr'><strong>ἐν</strong></span> <span class='ocrx_word' id='word_1_442' title='bbox 3582 2935 3648 3002; x_wconf 80' lang='grc' dir='ltr'><strong>τῇ</strong></span> <span class='ocrx_word' id='word_1_443' title='bbox 3677 2932 3783 2985; x_wconf 90' lang='grc' dir='ltr'><strong>τῶν</strong></span> <span class='ocrx_word' id='word_1_444' title='bbox 3814 2932 3939 2984; x_wconf 76' lang='grc' dir='ltr'><strong>’ὅλων</strong></span> 
     </span>
    </p>
   </div>
   <div class='ocr_carea' id='block_1_61' title="bbox 2392 3020 3936 3093">
    <p class='ocr_par' dir='ltr' id='par_1_61' title="bbox 2392 3020 3936 3093">
     <span class='ocr_line' id='line_1_61' title="bbox 2392 3020 3936 3093; baseline -0.002 -15"><span class='ocrx_word' id='word_1_445' title='bbox 2392 3024 2549 3093; x_wconf 74' lang='grc' dir='ltr'><strong>φύσει</strong></span> <span class='ocrx_word' id='word_1_446' title='bbox 2568 3042 2581 3054; x_wconf 86' lang='grc'><strong>·</strong></span> <span class='ocrx_word' id='word_1_447' title='bbox 2610 3025 2677 3077; x_wconf 85' lang='grc' dir='ltr'><strong>τά</strong></span> <span class='ocrx_word' id='word_1_448' title='bbox 2710 3023 2807 3093; x_wconf 83' lang='grc' dir='ltr'><strong>μὲν</strong></span> <span class='ocrx_word' id='word_1_449' title='bbox 2838 3022 3262 3092; x_wconf 74' lang='grc' dir='ltr'><strong>ἀποκρουπικά,</strong></span> <span class='ocrx_word' id='word_1_450' title='bbox 3284 3020 3563 3075; x_wconf 61' lang='grc' dir='ltr'><strong>καίτινων</strong></span> <span class='ocrx_word' id='word_1_451' title='bbox 3593 3022 3936 3082; x_wconf 76' lang='grc' dir='ltr'><strong>ἀπελαστικὰ,</strong></span> 
     </span>
    </p>
   </div>
   <div class='ocr_carea' id='block_1_62' title="bbox 2391 3110 3937 3185">
    <p class='ocr_par' dir='ltr' id='par_1_62' title="bbox 2391 3110 3937 3185">
     <span class='ocr_line' id='line_1_62' title="bbox 2391 3110 3937 3185; baseline -0.003 -14"><span class='ocrx_word' id='word_1_452' title='bbox 2391 3118 2459 3171; x_wconf 83' lang='grc' dir='ltr'><strong>τὰ</strong></span> <span class='ocrx_word' id='word_1_453' title='bbox 2486 3117 2543 3170; x_wconf 81' lang='grc' dir='ltr'><strong>δὲ</strong></span> <span class='ocrx_word' id='word_1_454' title='bbox 2567 3118 2815 3185; x_wconf 87' lang='grc' dir='ltr'><strong>συνάγειν</strong></span> <span class='ocrx_word' id='word_1_455' title='bbox 2842 3116 3118 3185; x_wconf 83' lang='grc' dir='ltr'><strong>πεφυκότα</strong></span> <span class='ocrx_word' id='word_1_456' title='bbox 3140 3116 3234 3168; x_wconf 76' lang='grc' dir='ltr'><strong>καὶ</strong></span> <span class='ocrx_word' id='word_1_457' title='bbox 3264 3110 3627 3185; x_wconf 80' lang='grc' dir='ltr'><strong>ἐφέλκεσθαι,’</strong></span> <span class='ocrx_word' id='word_1_458' title='bbox 3652 3114 3723 3167; x_wconf 86' lang='grc' dir='ltr'><strong>τὰ</strong></span> <span class='ocrx_word' id='word_1_459' title='bbox 3752 3116 3809 3168; x_wconf 85' lang='grc' dir='ltr'><strong>δέ</strong></span> <span class='ocrx_word' id='word_1_460' title='bbox 3834 3115 3937 3167; x_wconf 81' lang='grc' dir='ltr'><strong>δια-</strong></span> 
     </span>
    </p>
   </div>
   <div class='ocr_carea' id='block_1_63' title="bbox 2392 3205 3938 3279">
    <p class='ocr_par' dir='ltr' id='par_1_63' title="bbox 2392 3205 3938 3279">
     <span class='ocr_line' id='line_1_63' title="bbox 2392 3205 3938 3279; baseline -0.003 -17"><span class='ocrx_word' id='word_1_461' title='bbox 2392 3209 2594 3279; x_wconf 83' lang='grc' dir='ltr'><strong>κρίνειν</strong></span> <span class='ocrx_word' id='word_1_462' title='bbox 2642 3208 2733 3260; x_wconf 73' lang='grc' dir='ltr'><strong>καὶ</strong></span> <span class='ocrx_word' id='word_1_463' title='bbox 2786 3206 3163 3269; x_wconf 83' lang='grc' dir='ltr'><strong>σκεδαννύναι,</strong></span> <span class='ocrx_word' id='word_1_464' title='bbox 3194 3205 3430 3258; x_wconf 78' lang='grc' dir='ltr'><strong>πυκνοῦν</strong></span> <span class='ocrx_word' id='word_1_465' title='bbox 3474 3222 3532 3258; x_wconf 89' lang='grc' dir='ltr'><strong>τε</strong></span> <span class='ocrx_word' id='word_1_466' title='bbox 3584 3205 3677 3257; x_wconf 75' lang='grc' dir='ltr'><strong>καὶ</strong></span> <span class='ocrx_word' id='word_1_467' title='bbox 3718 3206 3938 3258; x_wconf 66' lang='grc' dir='ltr'><strong>στέλλειν</strong></span> 
     </span>
    </p>
   </div>
   <div class='ocr_carea' id='block_1_64' title="bbox 2391 3295 3936 3369">
    <p class='ocr_par' dir='ltr' id='par_1_64' title="bbox 2391 3295 3936 3369">
     <span class='ocr_line' id='line_1_64' title="bbox 2391 3295 3936 3369; baseline -0.001 -19"><span class='ocrx_word' id='word_1_468' title='bbox 2391 3299 2657 3368; x_wconf 85' lang='grc' dir='ltr'><strong>δυνάμενα</strong></span> <span class='ocrx_word' id='word_1_469' title='bbox 2677 3315 2691 3328; x_wconf 88' lang='grc'><strong>·</strong></span> <span class='ocrx_word' id='word_1_470' title='bbox 2719 3299 2806 3351; x_wconf 81' lang='grc' dir='ltr'><strong>ἐτε</strong></span> <span class='ocrx_word' id='word_1_471' title='bbox 2816 3315 2882 3369; x_wconf 91' lang='grc' dir='ltr'><strong>ρα</strong></span> <span class='ocrx_word' id='word_1_472' title='bbox 2906 3298 2962 3350; x_wconf 85' lang='grc' dir='ltr'><strong>δέ</strong></span> <span class='ocrx_word' id='word_1_473' title='bbox 2981 3297 3150 3367; x_wconf 78' lang='grc' dir='ltr'><strong>χαλᾷν</strong></span> <span class='ocrx_word' id='word_1_474' title='bbox 3173 3298 3265 3351; x_wconf 78' lang='grc' dir='ltr'><strong>καὶ</strong></span> <span class='ocrx_word' id='word_1_475' title='bbox 3292 3297 3569 3368; x_wconf 86' lang='grc' dir='ltr'><strong>ὑγραίνειν</strong></span> <span class='ocrx_word' id='word_1_476' title='bbox 3594 3298 3685 3350; x_wconf 78' lang='grc' dir='ltr'><strong>καὶ</strong></span> <span class='ocrx_word' id='word_1_477' title='bbox 3708 3295 3936 3368; x_wconf 73' lang='grc' dir='ltr'><strong>ἀραιοῦν,</strong></span> 
     </span>
    </p>
   </div>
   <div class='ocr_carea' id='block_1_65' title="bbox 756 3384 2293 3478">
    <p class='ocr_par' dir='ltr' id='par_1_65' title="bbox 756 3384 2290 3454">
     <span class='ocr_line' id='line_1_65' title="bbox 756 3384 2290 3454; baseline 0.001 -16"><span class='ocrx_word' id='word_1_478' title='bbox 756 3386 1020 3439; x_wconf 88' lang='lat' dir='ltr'><strong>midarum</strong></span> <span class='ocrx_word' id='word_1_479' title='bbox 1044 3384 1301 3437; x_wconf 86' lang='lat' dir='ltr'><strong>virtutum</strong></span> <span class='ocrx_word' id='word_1_480' title='bbox 1330 3399 1547 3453; x_wconf 78' lang='lat' dir='ltr'><strong>genera,</strong></span> <span class='ocrx_word' id='word_1_481' title='bbox 1573 3398 1803 3451; x_wconf 89' lang='lat' dir='ltr'><strong>quarum</strong></span> <span class='ocrx_word' id='word_1_482' title='bbox 1824 3384 1941 3438; x_wconf 69' lang='lat' dir='ltr'><strong>alia:</strong></span> <span class='ocrx_word' id='word_1_483' title='bbox 1964 3386 2290 3454; x_wconf 91' lang='lat' dir='ltr'><strong>propellendi</strong></span> 
     </span>
    </p>
   </div>
   <div class='ocr_carea' id='block_1_66' title="bbox 2392 3384 3936 3478">
    <p class='ocr_par' dir='ltr' id='par_1_66' title="bbox 2396 3384 3936 3459">
     <span class='ocr_line' id='line_1_66' title="bbox 2396 3384 3936 3459; baseline 0.001 -20"><span class='ocrx_word' id='word_1_484' title='bbox 2396 3387 2585 3452; x_wconf 85' lang='grc' dir='ltr'><strong>σώζειν</strong></span> <span class='ocrx_word' id='word_1_485' title='bbox 2618 3406 2676 3441; x_wconf 90' lang='grc' dir='ltr'><strong>τε</strong></span> <span class='ocrx_word' id='word_1_486' title='bbox 2706 3384 2771 3442; x_wconf 81' lang='grc' dir='ltr'><strong>αὖ</strong></span> <span class='ocrx_word' id='word_1_487' title='bbox 2806 3388 2966 3441; x_wconf 84' lang='grc' dir='ltr'><strong>πάλιν</strong></span> <span class='ocrx_word' id='word_1_488' title='bbox 3008 3388 3140 3441; x_wconf 84' lang='grc' dir='ltr'><strong>ἀλλα</strong></span> <span class='ocrx_word' id='word_1_489' title='bbox 3163 3428 3178 3452; x_wconf 92' lang='grc'><strong>,</strong></span> <span class='ocrx_word' id='word_1_490' title='bbox 3222 3388 3315 3441; x_wconf 76' lang='grc' dir='ltr'><strong>καὶ</strong></span> <span class='ocrx_word' id='word_1_491' title='bbox 3348 3388 3507 3459; x_wconf 69' lang='grc' dir='ltr'><strong>ἕτερα</strong></span> <span class='ocrx_word' id='word_1_492' title='bbox 3533 3389 3796 3452; x_wconf 82' lang='grc' dir='ltr'><strong>κτείνειν,</strong></span> <span class='ocrx_word' id='word_1_493' title='bbox 3828 3386 3936 3459; x_wconf 68' lang='grc' dir='ltr'><strong>τρι·</strong></span> 
     </span>
    </p>
   </div>
   <div class='ocr_carea' id='block_1_67' title="bbox 753 3470 2294 3542">
    <p class='ocr_par' dir='ltr' id='par_1_67' title="bbox 753 3470 2294 3542">
     <span class='ocr_line' id='line_1_67' title="bbox 753 3470 2294 3542; baseline 0.001 -15"><span class='ocrx_word' id='word_1_494' title='bbox 753 3482 809 3527; x_wconf 90' lang='lat' dir='ltr'><strong>et</strong></span> <span class='ocrx_word' id='word_1_495' title='bbox 835 3474 1079 3542; x_wconf 83' lang='lat' dir='ltr'><strong>ejiciendi</strong></span> <span class='ocrx_word' id='word_1_496' title='bbox 1113 3472 1220 3525; x_wconf 90' lang='lat' dir='ltr'><strong>vim</strong></span> <span class='ocrx_word' id='word_1_497' title='bbox 1245 3472 1497 3536; x_wconf 86' lang='lat' dir='ltr'><strong>habeant,</strong></span> <span class='ocrx_word' id='word_1_498' title='bbox 1522 3470 1643 3525; x_wconf 63' lang='lat' dir='ltr'><strong>aliae</strong></span> <span class='ocrx_word' id='word_1_499' title='bbox 1668 3474 1979 3537; x_wconf 71' lang='lat' dir='ltr'><strong>secernendi</strong></span> <span class='ocrx_word' id='word_1_500' title='bbox 2022 3490 2084 3529; x_wconf 91' lang='lat' dir='ltr'><strong>ac</strong></span> <span class='ocrx_word' id='word_1_501' title='bbox 2132 3476 2294 3531; x_wconf 83' lang='lat' dir='ltr'><strong>dissi-</strong></span> 
     </span>
    </p>
   </div>
   <div class='ocr_carea' id='block_1_68' title="bbox 756 3562 2290 3635">
    <p class='ocr_par' dir='ltr' id='par_1_68' title="bbox 756 3562 2290 3635">
     <span class='ocr_line' id='line_1_68' title="bbox 756 3562 2290 3635; baseline 0.003 -18"><span class='ocrx_word' id='word_1_502' title='bbox 756 3564 937 3635; x_wconf 85' lang='lat' dir='ltr'><strong>pandi,</strong></span> <span class='ocrx_word' id='word_1_503' title='bbox 987 3564 1106 3617; x_wconf 70' lang='lat' dir='ltr'><strong>aliaa</strong></span> <span class='ocrx_word' id='word_1_504' title='bbox 1160 3571 1345 3617; x_wconf 88' lang='lat' dir='ltr'><strong>contra</strong></span> <span class='ocrx_word' id='word_1_505' title='bbox 1388 3562 1472 3615; x_wconf 87' lang='lat' dir='ltr'><strong>vel</strong></span> <span class='ocrx_word' id='word_1_506' title='bbox 1528 3562 1867 3632; x_wconf 88' lang='lat' dir='ltr'><strong>constipandi</strong></span> <span class='ocrx_word' id='word_1_507' title='bbox 1920 3566 2003 3619; x_wconf 87' lang='lat' dir='ltr'><strong>vel</strong></span> <span class='ocrx_word' id='word_1_508' title='bbox 2032 3566 2290 3633; x_wconf 86' lang='lat' dir='ltr'><strong>sistendi,</strong></span> 
     </span>
    </p>
   </div>
   <div class='ocr_carea' id='block_1_69' title="bbox 758 3646 2290 3721">
    <p class='ocr_par' dir='ltr' id='par_1_69' title="bbox 758 3646 2290 3721">
     <span class='ocr_line' id='line_1_69' title="bbox 758 3646 2290 3721; baseline 0.001 -13"><span class='ocrx_word' id='word_1_509' title='bbox 758 3654 991 3721; x_wconf 87' lang='lat' dir='ltr'><strong>itemque</strong></span> <span class='ocrx_word' id='word_1_510' title='bbox 1018 3650 1253 3717; x_wconf 85' lang='lat' dir='ltr'><strong>laxandi,</strong></span> <span class='ocrx_word' id='word_1_511' title='bbox 1294 3651 1635 3705; x_wconf 86' lang='lat' dir='ltr'><strong>bumectandi</strong></span> <span class='ocrx_word' id='word_1_512' title='bbox 1663 3646 1709 3717; x_wconf 67' lang='grc'><strong>,“</strong></span> <span class='ocrx_word' id='word_1_513' title='bbox 1735 3652 2085 3708; x_wconf 82' lang='lat' dir='ltr'><strong>rarefaciendi</strong></span> <span class='ocrx_word' id='word_1_514' title='bbox 2118 3674 2129 3707; x_wconf 89' lang='lat'><strong>:</strong></span> <span class='ocrx_word' id='word_1_515' title='bbox 2166 3672 2290 3709; x_wconf 90' lang='lat' dir='ltr'><strong>rur—</strong></span> 
     </span>
    </p>
   </div>
   <div class='ocr_carea' id='block_1_70' title="bbox 759 3741 2297 3815">
    <p class='ocr_par' dir='ltr' id='par_1_70' title="bbox 759 3741 2297 3815">
     <span class='ocr_line' id='line_1_70' title="bbox 759 3741 2297 3815; baseline 0 -16"><span class='ocrx_word' id='word_1_516' title='bbox 759 3759 984 3812; x_wconf 88' lang='lat' dir='ltr'><strong>sumque</strong></span> <span class='ocrx_word' id='word_1_517' title='bbox 1006 3742 1252 3798; x_wconf 88' lang='lat' dir='ltr'><strong>servandi</strong></span> <span class='ocrx_word' id='word_1_518' title='bbox 1288 3742 1428 3805; x_wconf 70' lang='lat' dir='ltr'><strong>aliae,</strong></span> <span class='ocrx_word' id='word_1_519' title='bbox 1484 3741 1602 3795; x_wconf 67' lang='lat' dir='ltr'><strong>alia:</strong></span> <span class='ocrx_word' id='word_1_520' title='bbox 1634 3742 1947 3811; x_wconf 84' lang='lat' dir='ltr'><strong>perimendi,</strong></span> <span class='ocrx_word' id='word_1_521' title='bbox 1979 3761 2042 3799; x_wconf 88' lang='lat' dir='ltr'><strong>ac</strong></span> <span class='ocrx_word' id='word_1_522' title='bbox 2068 3762 2297 3815; x_wconf 68' lang='lat' dir='ltr'><strong>praesen-</strong></span> 
     </span>
    </p>
   </div>
   <div class='ocr_carea' id='block_1_71' title="bbox 759 3833 2293 3905">
    <p class='ocr_par' dir='ltr' id='par_1_71' title="bbox 759 3833 2293 3905">
     <span class='ocr_line' id='line_1_71' title="bbox 759 3833 2293 3905; baseline -0.001 -13"><span class='ocrx_word' id='word_1_523' title='bbox 759 3847 865 3892; x_wconf 87' lang='lat' dir='ltr'><strong>tem</strong></span> <span class='ocrx_word' id='word_1_524' title='bbox 904 3835 1143 3905; x_wconf 89' lang='lat' dir='ltr'><strong>corporis</strong></span> <span class='ocrx_word' id='word_1_525' title='bbox 1176 3843 1373 3888; x_wconf 89' lang='lat' dir='ltr'><strong>statum</strong></span> <span class='ocrx_word' id='word_1_526' title='bbox 1409 3834 1569 3887; x_wconf 90' lang='lat' dir='ltr'><strong>modo</strong></span> <span class='ocrx_word' id='word_1_527' title='bbox 1599 3833 1653 3887; x_wconf 91' lang='lat' dir='ltr'><strong>in</strong></span> <span class='ocrx_word' id='word_1_528' title='bbox 1686 3834 1849 3897; x_wconf 88' lang='lat' dir='ltr'><strong>hunc,</strong></span> <span class='ocrx_word' id='word_1_529' title='bbox 1886 3837 2044 3890; x_wconf 88' lang='lat' dir='ltr'><strong>modo</strong></span> <span class='ocrx_word' id='word_1_530' title='bbox 2076 3847 2293 3891; x_wconf 86' lang='lat' dir='ltr'><strong>contra-</strong></span> 
     </span>
    </p>
   </div>
   <div class='ocr_carea' id='block_1_72' title="bbox 759 3928 2294 3997">
    <p class='ocr_par' dir='ltr' id='par_1_72' title="bbox 759 3928 2294 3997">
     <span class='ocr_line' id='line_1_72' title="bbox 759 3928 2294 3997; baseline 0.001 -15"><span class='ocrx_word' id='word_1_531' title='bbox 759 3932 899 3983; x_wconf 89' lang='lat' dir='ltr'><strong>rium</strong></span> <span class='ocrx_word' id='word_1_532' title='bbox 930 3930 1139 3997; x_wconf 87' lang='lat' dir='ltr'><strong>penitus</strong></span> <span class='ocrx_word' id='word_1_533' title='bbox 1170 3928 1486 3981; x_wconf 86' lang='lat' dir='ltr'><strong>immutandi</strong></span> <span class='ocrx_word' id='word_1_534' title='bbox 1513 3946 1525 3979; x_wconf 87' lang='lat'><strong>:</strong></span> <span class='ocrx_word' id='word_1_535' title='bbox 1569 3936 1731 3996; x_wconf 80' lang='lat' dir='ltr'><strong>atque</strong></span> <span class='ocrx_word' id='word_1_536' title='bbox 1754 3929 1980 3983; x_wconf 90' lang='lat' dir='ltr'><strong>aliarum</strong></span> <span class='ocrx_word' id='word_1_537' title='bbox 2008 3929 2294 3984; x_wconf 86' lang='lat' dir='ltr'><strong>eﬂicacita-</strong></span> 
     </span>
    </p>
   </div>
   <div class='ocr_carea' id='block_1_73' title="bbox 760 4018 2292 4090">
    <p class='ocr_par' dir='ltr' id='par_1_73' title="bbox 760 4018 2292 4090">
     <span class='ocr_line' id='line_1_73' title="bbox 760 4018 2292 4090; baseline 0.001 -17"><span class='ocrx_word' id='word_1_538' title='bbox 760 4029 865 4073; x_wconf 90' lang='lat' dir='ltr'><strong>tem</strong></span> <span class='ocrx_word' id='word_1_539' title='bbox 885 4019 1134 4090; x_wconf 67' lang='lat' dir='ltr'><strong>longiori,</strong></span> <span class='ocrx_word' id='word_1_540' title='bbox 1154 4018 1379 4071; x_wconf 81' lang='lat' dir='ltr'><strong>aliarum</strong></span> <span class='ocrx_word' id='word_1_541' title='bbox 1399 4018 1629 4072; x_wconf 88' lang='lat' dir='ltr'><strong>breviori</strong></span> <span class='ocrx_word' id='word_1_542' title='bbox 1642 4030 1877 4088; x_wconf 86' lang='lat' dir='ltr'><strong>tempore</strong></span> <span class='ocrx_word' id='word_1_543' title='bbox 1893 4021 2292 4088; x_wconf 82' lang='lat' dir='ltr'><strong>circumscribi;</strong></span> 
     </span>
    </p>
   </div>
   <div class='ocr_carea' id='block_1_74' title="bbox 762 4106 2297 4177">
    <p class='ocr_par' dir='ltr' id='par_1_74' title="bbox 762 4106 2297 4177">
     <span class='ocr_line' id='line_1_74' title="bbox 762 4106 2297 4177; baseline 0.004 -16"><span class='ocrx_word' id='word_1_544' title='bbox 762 4107 1110 4177; x_wconf 84' lang='lat' dir='ltr'><strong>similiterque</strong></span> <span class='ocrx_word' id='word_1_545' title='bbox 1141 4106 1367 4159; x_wconf 86' lang='lat' dir='ltr'><strong>aliarum</strong></span> <span class='ocrx_word' id='word_1_546' title='bbox 1398 4106 1465 4161; x_wconf 89' lang='lat' dir='ltr'><strong>ad</strong></span> <span class='ocrx_word' id='word_1_547' title='bbox 1498 4106 1699 4174; x_wconf 89' lang='lat' dir='ltr'><strong>plures,</strong></span> <span class='ocrx_word' id='word_1_548' title='bbox 1748 4108 1815 4161; x_wconf 88' lang='lat' dir='ltr'><strong>ad</strong></span> <span class='ocrx_word' id='word_1_549' title='bbox 1856 4111 2139 4177; x_wconf 87' lang='lat' dir='ltr'><strong>pauciores</strong></span> <span class='ocrx_word' id='word_1_550' title='bbox 2164 4113 2297 4167; x_wconf 87' lang='lat' dir='ltr'><strong>alia-</strong></span> 
     </span>
    </p>
   </div>
   <div class='ocr_carea' id='block_1_75' title="bbox 761 4197 2297 4271">
    <p class='ocr_par' dir='ltr' id='par_1_75' title="bbox 761 4197 2297 4271">
     <span class='ocr_line' id='line_1_75' title="bbox 761 4197 2297 4271; baseline 0.001 -17"><span class='ocrx_word' id='word_1_551' title='bbox 761 4212 882 4254; x_wconf 85' lang='lat' dir='ltr'><strong>rum</strong></span> <span class='ocrx_word' id='word_1_552' title='bbox 912 4211 1028 4251; x_wconf 86' lang='lat' dir='ltr'><strong>sese</strong></span> <span class='ocrx_word' id='word_1_553' title='bbox 1056 4197 1382 4263; x_wconf 75' lang='lat' dir='ltr'><strong>diffundere;</strong></span> <span class='ocrx_word' id='word_1_554' title='bbox 1415 4207 1671 4265; x_wconf 62' lang='lat' dir='ltr'><strong>praeterea</strong></span> <span class='ocrx_word' id='word_1_555' title='bbox 1703 4197 1835 4251; x_wconf 87' lang='lat' dir='ltr'><strong>alias</strong></span> <span class='ocrx_word' id='word_1_556' title='bbox 1883 4200 2105 4267; x_wconf 64' lang='lat' dir='ltr'><strong>praeire,</strong></span> <span class='ocrx_word' id='word_1_557' title='bbox 2144 4203 2297 4271; x_wconf 86' lang='lat' dir='ltr'><strong>sequi</strong></span> 
     </span>
    </p>
   </div>
   <div class='ocr_carea' id='block_1_76' title="bbox 758 4287 2299 4357">
    <p class='ocr_par' dir='ltr' id='par_1_76' title="bbox 758 4287 2299 4357">
     <span class='ocr_line' id='line_1_76' title="bbox 758 4287 2299 4357; baseline 0.005 -16"><span class='ocrx_word' id='word_1_558' title='bbox 758 4290 916 4355; x_wconf 78' lang='lat' dir='ltr'><strong>alias,</strong></span> <span class='ocrx_word' id='word_1_559' title='bbox 946 4288 1081 4342; x_wconf 82' lang='lat' dir='ltr'><strong>alias</strong></span> <span class='ocrx_word' id='word_1_560' title='bbox 1098 4287 1327 4357; x_wconf 87' lang='lat' dir='ltr'><strong>denique</strong></span> <span class='ocrx_word' id='word_1_561' title='bbox 1348 4303 1667 4344; x_wconf 81' lang='lat' dir='ltr'><strong>concurrere</strong></span> <span class='ocrx_word' id='word_1_562' title='bbox 1693 4304 1816 4343; x_wconf 88' lang='lat' dir='ltr'><strong>cum</strong></span> <span class='ocrx_word' id='word_1_563' title='bbox 1839 4291 1978 4357; x_wconf 87' lang='lat' dir='ltr'><strong>aliis,</strong></span> <span class='ocrx_word' id='word_1_564' title='bbox 2013 4303 2206 4348; x_wconf 86' lang='lat' dir='ltr'><strong>etcum</strong></span> <span class='ocrx_word' id='word_1_565' title='bbox 2233 4296 2299 4349; x_wconf 90' lang='lat' dir='ltr'><strong>iis</strong></span> 
     </span>
    </p>
   </div>
   <div class='ocr_carea' id='block_1_77' title="bbox 762 4381 2299 4458">
    <p class='ocr_par' dir='ltr' id='par_1_77' title="bbox 762 4381 2299 4458">
     <span class='ocr_line' id='line_1_77' title="bbox 762 4381 2299 4458; baseline 0.002 -19"><span class='ocrx_word' id='word_1_566' title='bbox 762 4382 942 4453; x_wconf 72' lang='lat' dir='ltr'><strong>augeri</strong></span> <span class='ocrx_word' id='word_1_567' title='bbox 962 4382 1182 4451; x_wconf 88' lang='lat' dir='ltr'><strong>pariter,</strong></span> <span class='ocrx_word' id='word_1_568' title='bbox 1199 4381 1502 4452; x_wconf 88' lang='lat' dir='ltr'><strong>pariterque</strong></span> <span class='ocrx_word' id='word_1_569' title='bbox 1524 4385 1815 4451; x_wconf 90' lang='lat' dir='ltr'><strong>corrumpi.</strong></span> <span class='ocrx_word' id='word_1_570' title='bbox 1840 4384 2131 4456; x_wconf 87' lang='lat' dir='ltr'><strong>thuidem</strong></span> <span class='ocrx_word' id='word_1_571' title='bbox 2153 4388 2299 4458; x_wconf 90' lang='lat' dir='ltr'><strong>quod</strong></span> 
     </span>
    </p>
   </div>
   <div class='ocr_carea' id='block_1_78' title="bbox 760 4472 2299 4547">
    <p class='ocr_par' dir='ltr' id='par_1_78' title="bbox 760 4472 2299 4547">
     <span class='ocr_line' id='line_1_78' title="bbox 760 4472 2299 4547; baseline 0 -16"><span class='ocrx_word' id='word_1_572' title='bbox 760 4472 987 4531; x_wconf 87' lang='lat' dir='ltr'><strong>sanandi</strong></span> <span class='ocrx_word' id='word_1_573' title='bbox 1019 4472 1102 4527; x_wconf 88' lang='lat' dir='ltr'><strong>vis</strong></span> <span class='ocrx_word' id='word_1_574' title='bbox 1132 4472 1407 4526; x_wconf 85' lang='lat' dir='ltr'><strong>nonnullis</strong></span> <span class='ocrx_word' id='word_1_575' title='bbox 1429 4473 1579 4539; x_wconf 84' lang='lat' dir='ltr'><strong>insit,</strong></span> <span class='ocrx_word' id='word_1_576' title='bbox 1609 4475 1729 4530; x_wconf 89' lang='lat' dir='ltr'><strong>aliis</strong></span> <span class='ocrx_word' id='word_1_577' title='bbox 1759 4485 1937 4531; x_wconf 87' lang='lat' dir='ltr'><strong>autem</strong></span> <span class='ocrx_word' id='word_1_578' title='bbox 1969 4478 2125 4547; x_wconf 71' lang='lat'><strong>132</strong></span> <span class='ocrx_word' id='word_1_579' title='bbox 2156 4494 2299 4533; x_wconf 90' lang='lat' dir='ltr'><strong>mor-</strong></span> 
     </span>
    </p>
   </div>
   <div class='ocr_carea' id='block_1_79' title="bbox 763 4558 2301 4628">
    <p class='ocr_par' dir='ltr' id='par_1_79' title="bbox 763 4558 2301 4628">
     <span class='ocr_line' id='line_1_79' title="bbox 763 4558 2301 4628; baseline 0.007 -17"><span class='ocrx_word' id='word_1_580' title='bbox 763 4560 865 4617; x_wconf 86' lang='lat' dir='ltr'><strong>bos</strong></span> <span class='ocrx_word' id='word_1_581' title='bbox 893 4568 1050 4628; x_wconf 88' lang='lat' dir='ltr'><strong>atque</strong></span> <span class='ocrx_word' id='word_1_582' title='bbox 1072 4558 1295 4613; x_wconf 82' lang='lat' dir='ltr'><strong>exitium</strong></span> <span class='ocrx_word' id='word_1_583' title='bbox 1316 4561 1555 4627; x_wconf 86' lang='lat' dir='ltr'><strong>creandi,</strong></span> <span class='ocrx_word' id='word_1_584' title='bbox 1589 4563 1725 4617; x_wconf 89' lang='lat' dir='ltr'><strong>nihil</strong></span> <span class='ocrx_word' id='word_1_585' title='bbox 1755 4565 1953 4621; x_wconf 86' lang='lat' dir='ltr'><strong>habere</strong></span> <span class='ocrx_word' id='word_1_586' title='bbox 1983 4582 2014 4619; x_wconf 90' lang='lat' dir='ltr'><strong>a</strong></span> <span class='ocrx_word' id='word_1_587' title='bbox 2055 4568 2301 4622; x_wconf 87' lang='lat' dir='ltr'><strong>medendi</strong></span> 
     </span>
    </p>
   </div>
   <div class='ocr_carea' id='block_1_80' title="bbox 764 4646 2298 4725">
    <p class='ocr_par' dir='ltr' id='par_1_80' title="bbox 764 4646 2298 4725">
     <span class='ocr_line' id='line_1_80' title="bbox 764 4646 2298 4725; baseline 0.005 -22"><span class='ocrx_word' id='word_1_588' title='bbox 764 4662 878 4705; x_wconf 89' lang='lat' dir='ltr'><strong>arte</strong></span> <span class='ocrx_word' id='word_1_589' title='bbox 901 4649 1158 4704; x_wconf 86' lang='lat' dir='ltr'><strong>alienum.</strong></span> <span class='ocrx_word' id='word_1_590' title='bbox 1191 4646 1311 4721; x_wconf 81' lang='lat' dir='ltr'><strong>Jam</strong></span> <span class='ocrx_word' id='word_1_591' title='bbox 1356 4664 1483 4704; x_wconf 84' lang='lat' dir='ltr'><strong>vero</strong></span> <span class='ocrx_word' id='word_1_592' title='bbox 1516 4650 1772 4721; x_wconf 89' lang='lat' dir='ltr'><strong>pleraque</strong></span> <span class='ocrx_word' id='word_1_593' title='bbox 1800 4656 2033 4710; x_wconf 86' lang='lat' dir='ltr'><strong>naturali</strong></span> <span class='ocrx_word' id='word_1_594' title='bbox 2066 4657 2298 4725; x_wconf 87' lang='lat' dir='ltr'><strong>quadam</strong></span> 
     </span>
    </p>
   </div>
   <div class='ocr_carea' id='block_1_81' title="bbox 2394 3476 3938 3550">
    <p class='ocr_par' dir='ltr' id='par_1_81' title="bbox 2394 3476 3938 3550">
     <span class='ocr_line' id='line_1_81' title="bbox 2394 3476 3938 3550; baseline 0 -20"><span class='ocrx_word' id='word_1_595' title='bbox 2394 3495 2515 3533; x_wconf 85' lang='grc' dir='ltr'><strong>πειν</strong></span> <span class='ocrx_word' id='word_1_596' title='bbox 2543 3493 2601 3531; x_wconf 88' lang='grc' dir='ltr'><strong>τε</strong></span> <span class='ocrx_word' id='word_1_597' title='bbox 2640 3479 2810 3531; x_wconf 84' lang='grc' dir='ltr'><strong>διόλου</strong></span> <span class='ocrx_word' id='word_1_598' title='bbox 2832 3519 2846 3542; x_wconf 93' lang='grc'><strong>,</strong></span> <span class='ocrx_word' id='word_1_599' title='bbox 2888 3477 2984 3531; x_wconf 58' lang='grc' dir='ltr'><strong>καὶ⁵</strong></span> <span class='ocrx_word' id='word_1_600' title='bbox 3009 3479 3070 3531; x_wconf 83' lang='grc' dir='ltr'><strong>τὸ</strong></span> <span class='ocrx_word' id='word_1_601' title='bbox 3098 3479 3268 3550; x_wconf 78' lang='grc' dir='ltr'><strong>παρὸν</strong></span> <span class='ocrx_word' id='word_1_602' title='bbox 3307 3478 3647 3533; x_wconf 80' lang='grc' dir='ltr'><strong>ἐναλλάττειν</strong></span> <span class='ocrx_word' id='word_1_603' title='bbox 3664 3521 3679 3543; x_wconf 90' lang='grc'><strong>,</strong></span> <span class='ocrx_word' id='word_1_604' title='bbox 3714 3479 3805 3531; x_wconf 66' lang='grc' dir='ltr'><strong>καὶ</strong></span> <span class='ocrx_word' id='word_1_605' title='bbox 3830 3476 3938 3530; x_wconf 68' lang='grc' dir='ltr'><strong>τοτὶ</strong></span> 
     </span>
    </p>
   </div>
   <div class='ocr_carea' id='block_1_82' title="bbox 2396 3569 3937 3642">
    <p class='ocr_par' dir='ltr' id='par_1_82' title="bbox 2396 3569 3937 3642">
     <span class='ocr_line' id='line_1_82' title="bbox 2396 3569 3937 3642; baseline -0.001 -19"><span class='ocrx_word' id='word_1_606' title='bbox 2396 3572 2491 3642; x_wconf 81' lang='grc' dir='ltr'><strong>μὲν</strong></span> <span class='ocrx_word' id='word_1_607' title='bbox 2516 3570 2641 3641; x_wconf 80' lang='grc' dir='ltr'><strong>τῇδε</strong></span> <span class='ocrx_word' id='word_1_608' title='bbox 2668 3572 2978 3640; x_wconf 86' lang='grc' dir='ltr'><strong>μεταποιεῖν</strong></span> <span class='ocrx_word' id='word_1_609' title='bbox 2998 3610 3012 3635; x_wconf 90' lang='grc'><strong>,</strong></span> <span class='ocrx_word' id='word_1_610' title='bbox 3055 3570 3177 3623; x_wconf 87' lang='grc' dir='ltr'><strong>τοτέ</strong></span> <span class='ocrx_word' id='word_1_611' title='bbox 3206 3570 3262 3623; x_wconf 84' lang='grc' dir='ltr'><strong>δέ</strong></span> <span class='ocrx_word' id='word_1_612' title='bbox 3293 3569 3445 3640; x_wconf 75' lang='grc' dir='ltr'><strong>τῇδεο</strong></span> <span class='ocrx_word' id='word_1_613' title='bbox 3471 3570 3564 3624; x_wconf 68' lang='grc' dir='ltr'><strong>καὶ</strong></span> <span class='ocrx_word' id='word_1_614' title='bbox 3591 3570 3662 3623; x_wconf 85' lang='grc' dir='ltr'><strong>τὰ</strong></span> <span class='ocrx_word' id='word_1_615' title='bbox 3691 3571 3784 3641; x_wconf 83' lang='grc' dir='ltr'><strong>μὲν</strong></span> <span class='ocrx_word' id='word_1_616' title='bbox 3816 3569 3937 3641; x_wconf 70' lang='grc' dir='ltr'><strong>πρὸς</strong></span> 
     </span>
    </p>
   </div>
   <div class='ocr_carea' id='block_1_83' title="bbox 2394 3660 3935 3734">
    <p class='ocr_par' dir='ltr' id='par_1_83' title="bbox 2394 3660 3935 3734">
     <span class='ocr_line' id='line_1_83' title="bbox 2394 3660 3935 3734; baseline -0.003 -19"><span class='ocrx_word' id='word_1_617' title='bbox 2394 3664 2561 3717; x_wconf 86' lang='grc' dir='ltr'><strong>πλείω</strong></span> <span class='ocrx_word' id='word_1_618' title='bbox 2586 3664 2771 3734; x_wconf 84' lang='grc' dir='ltr'><strong>χρόνον</strong></span> <span class='ocrx_word' id='word_1_619' title='bbox 2792 3703 2806 3727; x_wconf 93' lang='grc'><strong>,</strong></span> <span class='ocrx_word' id='word_1_620' title='bbox 2843 3662 2912 3716; x_wconf 85' lang='grc' dir='ltr'><strong>τὰ</strong></span> <span class='ocrx_word' id='word_1_621' title='bbox 2936 3662 2991 3715; x_wconf 89' lang='grc' dir='ltr'><strong>δέ</strong></span> <span class='ocrx_word' id='word_1_622' title='bbox 3025 3662 3159 3734; x_wconf 78' lang='grc' dir='ltr'><strong>πρὸς</strong></span> <span class='ocrx_word' id='word_1_623' title='bbox 3191 3662 3394 3732; x_wconf 82' lang='grc' dir='ltr'><strong>βραχὺν</strong></span> <span class='ocrx_word' id='word_1_624' title='bbox 3420 3661 3577 3715; x_wconf 75' lang='grc' dir='ltr'><strong>τοῦτο</strong></span> <span class='ocrx_word' id='word_1_625' title='bbox 3616 3666 3815 3715; x_wconf 77' lang='grc' dir='ltr'><strong>ποιεῖν·</strong></span> <span class='ocrx_word' id='word_1_626' title='bbox 3854 3660 3935 3712; x_wconf 78' lang='grc' dir='ltr'><strong>καὶ</strong></span> 
     </span>
    </p>
   </div>
   <div class='ocr_carea' id='block_1_84' title="bbox 2394 3751 3935 3823">
    <p class='ocr_par' dir='ltr' id='par_1_84' title="bbox 2394 3751 3935 3823">
     <span class='ocr_line' id='line_1_84' title="bbox 2394 3751 3935 3823; baseline -0.003 -17"><span class='ocrx_word' id='word_1_627' title='bbox 2394 3755 2551 3807; x_wconf 83' lang='grc' dir='ltr'><strong>πάλιν</strong></span> <span class='ocrx_word' id='word_1_628' title='bbox 2576 3753 2643 3805; x_wconf 85' lang='grc' dir='ltr'><strong>τὰ</strong></span> <span class='ocrx_word' id='word_1_629' title='bbox 2666 3754 2759 3823; x_wconf 90' lang='grc' dir='ltr'><strong>μέν</strong></span> <span class='ocrx_word' id='word_1_630' title='bbox 2790 3754 2867 3815; x_wconf 82' lang='grc' dir='ltr'><strong>είς</strong></span> <span class='ocrx_word' id='word_1_631' title='bbox 2903 3752 3120 3822; x_wconf 81' lang='grc' dir='ltr'><strong>πλῆθος,</strong></span> <span class='ocrx_word' id='word_1_632' title='bbox 3150 3752 3215 3804; x_wconf 83' lang='grc' dir='ltr'><strong>τὰ</strong></span> <span class='ocrx_word' id='word_1_633' title='bbox 3244 3752 3302 3805; x_wconf 78' lang='grc' dir='ltr'><strong>δὲ</strong></span> <span class='ocrx_word' id='word_1_634' title='bbox 3332 3751 3523 3822; x_wconf 79' lang='grc' dir='ltr'><strong>μέχρις</strong></span> <span class='ocrx_word' id='word_1_635' title='bbox 3546 3751 3722 3820; x_wconf 82' lang='grc' dir='ltr'><strong>ὀλίγον</strong></span> <span class='ocrx_word' id='word_1_636' title='bbox 3741 3763 3767 3791; x_wconf 84' lang='grc' dir='ltr'>ι</span> <span class='ocrx_word' id='word_1_637' title='bbox 3791 3751 3935 3822; x_wconf 83' lang='grc' dir='ltr'><strong>μόνον</strong></span> 
     </span>
    </p>
   </div>
   <div class='ocr_carea' id='block_1_85' title="bbox 2398 3834 3937 3913">
    <p class='ocr_par' dir='ltr' id='par_1_85' title="bbox 2398 3834 3937 3913">
     <span class='ocr_line' id='line_1_85' title="bbox 2398 3834 3937 3913; baseline -0.002 -17"><span class='ocrx_word' id='word_1_638' title='bbox 2398 3844 2629 3913; x_wconf 74' lang='grc' dir='ltr'><strong>ἰσχύεινο</strong></span> <span class='ocrx_word' id='word_1_639' title='bbox 2673 3843 2766 3897; x_wconf 78' lang='grc' dir='ltr'><strong>καὶ</strong></span> <span class='ocrx_word' id='word_1_640' title='bbox 2798 3841 2906 3895; x_wconf 84' lang='grc' dir='ltr'><strong>τῶν</strong></span> <span class='ocrx_word' id='word_1_641' title='bbox 2942 3841 3041 3912; x_wconf 80' lang='grc' dir='ltr'><strong>μὲν</strong></span> <span class='ocrx_word' id='word_1_642' title='bbox 3071 3842 3197 3894; x_wconf 85' lang='grc' dir='ltr'><strong>τάδε</strong></span> <span class='ocrx_word' id='word_1_643' title='bbox 3240 3834 3517 3912; x_wconf 81' lang='grc' dir='ltr'><strong>ήγεῖσθάι,</strong></span> <span class='ocrx_word' id='word_1_644' title='bbox 3560 3843 3672 3895; x_wconf 71' lang='grc' dir='ltr'><strong>τισὶ</strong></span> <span class='ocrx_word' id='word_1_645' title='bbox 3711 3843 3765 3896; x_wconf 87' lang='grc' dir='ltr'><strong>δέ</strong></span> <span class='ocrx_word' id='word_1_646' title='bbox 3791 3842 3937 3912; x_wconf 71' lang='grc' dir='ltr'><strong>ἔτερα</strong></span> 
     </span>
    </p>
   </div>
   <div class='ocr_carea' id='block_1_86' title="bbox 2396 3930 3935 4001">
    <p class='ocr_par' dir='ltr' id='par_1_86' title="bbox 2396 3930 3935 4001">
     <span class='ocr_line' id='line_1_86' title="bbox 2396 3930 3935 4001; baseline -0.001 -16"><span class='ocrx_word' id='word_1_647' title='bbox 2396 3932 2790 3995; x_wconf 81' lang='grc' dir='ltr'><strong>ἐπακολουθεῖν,</strong></span> <span class='ocrx_word' id='word_1_648' title='bbox 2819 3931 3127 4001; x_wconf 83' lang='grc' dir='ltr'><strong>συντρέχειν</strong></span> <span class='ocrx_word' id='word_1_649' title='bbox 3159 3948 3217 3984; x_wconf 89' lang='grc' dir='ltr'><strong>τε</strong></span> <span class='ocrx_word' id='word_1_650' title='bbox 3244 3931 3376 3984; x_wconf 70' lang='grc' dir='ltr'><strong>ἄλλα</strong></span> <span class='ocrx_word' id='word_1_651' title='bbox 3401 3930 3607 3995; x_wconf 78' lang='grc' dir='ltr'><strong>ἄλλοις,</strong></span> <span class='ocrx_word' id='word_1_652' title='bbox 3636 3934 3727 3985; x_wconf 68' lang='grc' dir='ltr'><strong>καὶ</strong></span> <span class='ocrx_word' id='word_1_653' title='bbox 3761 3932 3935 3986; x_wconf 82' lang='grc' dir='ltr'><strong>συναύ-</strong></span> 
     </span>
    </p>
   </div>
   <div class='ocr_carea' id='block_1_87' title="bbox 2397 4020 3939 4093">
    <p class='ocr_par' dir='ltr' id='par_1_87' title="bbox 2397 4020 3939 4093">
     <span class='ocr_line' id='line_1_87' title="bbox 2397 4020 3939 4093; baseline -0.003 -17"><span class='ocrx_word' id='word_1_654' title='bbox 2397 4023 2506 4090; x_wconf 80' lang='grc' dir='ltr'><strong>ξειν</strong></span> <span class='ocrx_word' id='word_1_655' title='bbox 2536 4024 2627 4078; x_wconf 64' lang='grc' dir='ltr'><strong>καὶ⁹</strong></span> <span class='ocrx_word' id='word_1_656' title='bbox 2660 4022 3100 4093; x_wconf 73' lang='grc' dir='ltr'><strong>συμφθείρισθαι.</strong></span> <span class='ocrx_word' id='word_1_657' title='bbox 3148 4023 3256 4075; x_wconf 69' lang='grc' dir='ltr'><strong>Ναὶ</strong></span> <span class='ocrx_word' id='word_1_658' title='bbox 3311 4022 3414 4092; x_wconf 77' lang='grc' dir='ltr'><strong>μὴν</strong></span> <span class='ocrx_word' id='word_1_659' title='bbox 3449 4023 3544 4075; x_wconf 74' lang='grc' dir='ltr'><strong>καὶ</strong></span> <span class='ocrx_word' id='word_1_660' title='bbox 3583 4025 3786 4091; x_wconf 75' lang='grc' dir='ltr'><strong>ὑγιείας</strong></span> <span class='ocrx_word' id='word_1_661' title='bbox 3816 4020 3939 4076; x_wconf 78' lang='grc' dir='ltr'><strong>εἷναί</strong></span> 
     </span>
    </p>
   </div>
   <div class='ocr_carea' id='block_1_88' title="bbox 2396 4110 3936 4185">
    <p class='ocr_par' dir='ltr' id='par_1_88' title="bbox 2396 4110 3936 4185">
     <span class='ocr_line' id='line_1_88' title="bbox 2396 4110 3936 4185; baseline -0.003 -17"><span class='ocrx_word' id='word_1_662' title='bbox 2396 4133 2516 4169; x_wconf 88' lang='grc' dir='ltr'><strong>τινα</strong></span> <span class='ocrx_word' id='word_1_663' title='bbox 2541 4114 2793 4184; x_wconf 84' lang='grc' dir='ltr'><strong>ποιητικά</strong></span> <span class='ocrx_word' id='word_1_664' title='bbox 2812 4153 2826 4177; x_wconf 94' lang='grc'><strong>,</strong></span> <span class='ocrx_word' id='word_1_665' title='bbox 2853 4112 3100 4185; x_wconf 72' lang='grc' dir='ltr'><strong>ἰατρικῆς</strong></span> <span class='ocrx_word' id='word_1_666' title='bbox 3130 4113 3229 4165; x_wconf 86' lang='grc' dir='ltr'><strong>οὐκ</strong></span> <span class='ocrx_word' id='word_1_667' title='bbox 3272 4112 3489 4167; x_wconf 76' lang='grc' dir='ltr'><strong>ἄπωθεν</strong></span> <span class='ocrx_word' id='word_1_668' title='bbox 3515 4116 3845 4185; x_wconf 81' lang='grc' dir='ltr'><strong>ἐπιστήμης·</strong></span> <span class='ocrx_word' id='word_1_669' title='bbox 3877 4110 3936 4164; x_wconf 77' lang='grc' dir='ltr'><strong>τά</strong></span> 
     </span>
    </p>
   </div>
   <div class='ocr_carea' id='block_1_89' title="bbox 2397 4203 3934 4277">
    <p class='ocr_par' dir='ltr' id='par_1_89' title="bbox 2397 4203 3934 4277">
     <span class='ocr_line' id='line_1_89' title="bbox 2397 4203 3934 4277; baseline -0.002 -20"><span class='ocrx_word' id='word_1_670' title='bbox 2397 4207 2453 4259; x_wconf 88' lang='grc' dir='ltr'><strong>δέ</strong></span> <span class='ocrx_word' id='word_1_671' title='bbox 2497 4206 2747 4259; x_wconf 78' lang='grc' dir='ltr'><strong>νοσοποιά</strong></span> <span class='ocrx_word' id='word_1_672' title='bbox 2776 4204 3058 4275; x_wconf 75' lang='grc' dir='ltr'><strong>τυγχάνειν</strong></span> <span class='ocrx_word' id='word_1_673' title='bbox 3103 4205 3197 4257; x_wconf 75' lang='grc' dir='ltr'><strong>καὶ</strong></span> <span class='ocrx_word' id='word_1_674' title='bbox 3240 4203 3557 4277; x_wconf 84' lang='grc' dir='ltr'><strong>δηλητήρια.</strong></span> <span class='ocrx_word' id='word_1_675' title='bbox 3592 4205 3732 4273; x_wconf 84' lang='grc' dir='ltr'><strong>Ἤδη</strong></span> <span class='ocrx_word' id='word_1_676' title='bbox 3763 4205 3815 4257; x_wconf 75' lang='grc' dir='ltr'><strong>δὲ</strong></span> <span class='ocrx_word' id='word_1_677' title='bbox 3842 4203 3934 4255; x_wconf 71' lang='grc' dir='ltr'><strong>,καὶ</strong></span> 
     </span>
    </p>
   </div>
   <div class='ocr_carea' id='block_1_90' title="bbox 2399 4284 3933 4369">
    <p class='ocr_par' dir='ltr' id='par_1_90' title="bbox 2399 4284 3933 4369">
     <span class='ocr_line' id='line_1_90' title="bbox 2399 4284 3933 4369; baseline -0.002 -20"><span class='ocrx_word' id='word_1_678' title='bbox 2399 4294 2651 4365; x_wconf 75' lang='grc' dir='ltr'><strong>φυσικαῖς</strong></span> <span class='ocrx_word' id='word_1_679' title='bbox 2671 4296 2959 4362; x_wconf 76' lang='grc' dir='ltr'><strong>,ἀνάγκαις</strong></span> <span class='ocrx_word' id='word_1_680' title='bbox 2986 4293 3296 4369; x_wconf 69' lang='grc' dir='ltr'><strong>συμβαίνειν</strong></span> <span class='ocrx_word' id='word_1_681' title='bbox 3323 4284 3447 4347; x_wconf 76' lang='grc' dir='ltr'><strong>τινά</strong></span> <span class='ocrx_word' id='word_1_682' title='bbox 3465 4334 3482 4359; x_wconf 89' lang='grc'><strong>,</strong></span> <span class='ocrx_word' id='word_1_683' title='bbox 3525 4295 3620 4348; x_wconf 79' lang='grc' dir='ltr'><strong>καὶ</strong></span> <span class='ocrx_word' id='word_1_684' title='bbox 3658 4299 3726 4365; x_wconf 78' lang='grc' dir='ltr'><strong>τῇ</strong></span> <span class='ocrx_word' id='word_1_685' title='bbox 3762 4293 3933 4364; x_wconf 72' lang='grc' dir='ltr'><strong>σελήνη</strong></span> 
     </span>
    </p>
   </div>
   <div class='ocr_carea' id='block_1_91' title="bbox 2402 4381 3930 4456">
    <p class='ocr_par' dir='ltr' id='par_1_91' title="bbox 2402 4381 3930 4456">
     <span class='ocr_line' id='line_1_91' title="bbox 2402 4381 3930 4456; baseline -0.004 -15"><span class='ocrx_word' id='word_1_686' title='bbox 2402 4382 2794 4453; x_wconf 71' lang='grc' dir='ltr'><strong>συναύξεινκαὶ</strong></span> <span class='ocrx_word' id='word_1_687' title='bbox 2817 4384 3132 4456; x_wconf 85' lang='grc' dir='ltr'><strong>συμφθίνειν</strong></span> <span class='ocrx_word' id='word_1_688' title='bbox 3150 4402 3162 4415; x_wconf 90' lang='grc'><strong>·</strong></span> <span class='ocrx_word' id='word_1_689' title='bbox 3197 4384 3349 4449; x_wconf 83' lang='grc' dir='ltr'><strong>ζώων</strong></span> <span class='ocrx_word' id='word_1_690' title='bbox 3372 4402 3430 4437; x_wconf 87' lang='grc' dir='ltr'><strong>τε</strong></span> <span class='ocrx_word' id='word_1_691' title='bbox 3456 4381 3613 4447; x_wconf 71' lang='grc' dir='ltr'><strong>εἶναι,</strong></span> <span class='ocrx_word' id='word_1_692' title='bbox 3633 4387 3726 4437; x_wconf 71' lang='grc' dir='ltr'><strong>καὶ</strong></span> <span class='ocrx_word' id='word_1_693' title='bbox 3754 4384 3930 4453; x_wconf 81' lang='grc' dir='ltr'><strong>φυτῶν.</strong></span> 
     </span>
    </p>
   </div>
   <div class='ocr_carea' id='block_1_92' title="bbox 2401 4474 3933 4551">
    <p class='ocr_par' dir='ltr' id='par_1_92' title="bbox 2401 4474 3933 4551">
     <span class='ocr_line' id='line_1_92' title="bbox 2401 4474 3933 4551; baseline -0.003 -20"><span class='ocrx_word' id='word_1_694' title='bbox 2401 4482 2492 4548; x_wconf 56' lang='grc' dir='ltr'><strong>καῖι</strong></span> <span class='ocrx_word' id='word_1_695' title='bbox 2520 4479 2681 4551; x_wconf 74' lang='grc' dir='ltr'><strong>ῥιζῶν</strong></span> <span class='ocrx_word' id='word_1_696' title='bbox 2710 4476 3056 4539; x_wconf 82' lang='grc' dir='ltr'><strong>ἀντιπαθείας</strong></span> <span class='ocrx_word' id='word_1_697' title='bbox 3088 4476 3285 4547; x_wconf 89' lang='grc' dir='ltr'><strong>μυρίας</strong></span> <span class='ocrx_word' id='word_1_698' title='bbox 3306 4518 3319 4541; x_wconf 88' lang='grc'><strong>,</strong></span> <span class='ocrx_word' id='word_1_699' title='bbox 3350 4476 3448 4528; x_wconf 70' lang='grc' dir='ltr'><strong>καὶ</strong></span> <span class='ocrx_word' id='word_1_700' title='bbox 3485 4474 3653 4528; x_wconf 89' lang='grc' dir='ltr'><strong>πολλά</strong></span> <span class='ocrx_word' id='word_1_701' title='bbox 3682 4474 3933 4545; x_wconf 74' lang='grc' dir='ltr'><strong>θυμιαμά-</strong></span> 
     </span>
    </p>
   </div>
   <div class='ocr_carea' id='block_1_93' title="bbox 2400 4563 3934 4639">
    <p class='ocr_par' dir='ltr' id='par_1_93' title="bbox 2400 4563 3934 4639">
     <span class='ocr_line' id='line_1_93' title="bbox 2400 4563 3934 4639; baseline -0.003 -16"><span class='ocrx_word' id='word_1_702' title='bbox 2400 4588 2505 4623; x_wconf 86' lang='grc' dir='ltr'><strong>των</strong></span> <span class='ocrx_word' id='word_1_703' title='bbox 2528 4567 2845 4639; x_wconf 84' lang='grc' dir='ltr'><strong>καρωτικῶν</strong></span> <span class='ocrx_word' id='word_1_704' title='bbox 2871 4583 2929 4618; x_wconf 85' lang='grc' dir='ltr'><strong>τε</strong></span> <span class='ocrx_word' id='word_1_705' title='bbox 2963 4567 3055 4619; x_wconf 79' lang='grc' dir='ltr'><strong>καὶ</strong></span> <span class='ocrx_word' id='word_1_706' title='bbox 3082 4563 3421 4627; x_wconf 83' lang='grc' dir='ltr'><strong>ὑπνωτικῶν,</strong></span> <span class='ocrx_word' id='word_1_707' title='bbox 3444 4564 3645 4635; x_wconf 82' lang='grc' dir='ltr'><strong>ἐτέρων</strong></span> <span class='ocrx_word' id='word_1_708' title='bbox 3670 4566 3724 4619; x_wconf 89' lang='grc' dir='ltr'><strong>δέ</strong></span> <span class='ocrx_word' id='word_1_709' title='bbox 3755 4580 3934 4635; x_wconf 78' lang='grc' dir='ltr'><strong>φαντα-</strong></span> 
     </span>
    </p>
   </div>
   <div class='ocr_carea' id='block_1_94' title="bbox 2406 4653 3935 4729">
    <p class='ocr_par' dir='ltr' id='par_1_94' title="bbox 2406 4653 3935 4729">
     <span class='ocr_line' id='line_1_94' title="bbox 2406 4653 3935 4729; baseline -0.005 -15"><span class='ocrx_word' id='word_1_710' title='bbox 2406 4662 2523 4724; x_wconf 87' lang='grc' dir='ltr'><strong>σίας</strong></span> <span class='ocrx_word' id='word_1_711' title='bbox 2562 4658 2876 4729; x_wconf 82' lang='grc' dir='ltr'><strong>ποιητικῶν.</strong></span> <span class='ocrx_word' id='word_1_712' title='bbox 2912 4656 3263 4726; x_wconf 87' lang='grc' dir='ltr'><strong>Συναίρεσθαι</strong></span> <span class='ocrx_word' id='word_1_713' title='bbox 3309 4656 3365 4709; x_wconf 79' lang='grc' dir='ltr'><strong>δὲ</strong></span> <span class='ocrx_word' id='word_1_714' title='bbox 3408 4656 3507 4727; x_wconf 75' lang='grc' dir='ltr'><strong>οὐχ</strong></span> <span class='ocrx_word' id='word_1_715' title='bbox 3532 4658 3733 4727; x_wconf 69' lang='grc' dir='ltr'><strong>ἥκιστα</strong></span> <span class='ocrx_word' id='word_1_716' title='bbox 3762 4656 3850 4709; x_wconf 76' lang='grc' dir='ltr'><strong>καὶ</strong></span> <span class='ocrx_word' id='word_1_717' title='bbox 3875 4653 3935 4706; x_wconf 83' lang='grc' dir='ltr'><strong>τά</strong></span> 
     </span>
    </p>
   </div>
   <div class='ocr_carea' id='block_1_95' title="bbox 765 4740 2293 4825">
    <p class='ocr_par' dir='ltr' id='par_1_95' title="bbox 765 4741 2293 4815">
     <span class='ocr_line' id='line_1_95' title="bbox 765 4741 2293 4815; baseline 0.005 -19"><span class='ocrx_word' id='word_1_718' title='bbox 765 4741 1435 4810; x_wconf 57' lang='grc' dir='ltr'><strong>ιιθοωείωιθηυοιιιὶοεοτε,</strong></span> <span class='ocrx_word' id='word_1_719' title='bbox 1463 4758 1697 4815; x_wconf 87' lang='lat' dir='ltr'><strong>cumque</strong></span> <span class='ocrx_word' id='word_1_720' title='bbox 1731 4746 1848 4815; x_wconf 90' lang='lat' dir='ltr'><strong>ipsa</strong></span> <span class='ocrx_word' id='word_1_721' title='bbox 1892 4749 2020 4803; x_wconf 89' lang='lat' dir='ltr'><strong>luna</strong></span> <span class='ocrx_word' id='word_1_722' title='bbox 2062 4765 2293 4805; x_wconf 78' lang='lat' dir='ltr'><strong>crescere</strong></span> 
     </span>
    </p>
   </div>
   <div class='ocr_carea' id='block_1_96' title="bbox 2392 4740 3932 4825">
    <p class='ocr_par' dir='ltr' id='par_1_96' title="bbox 2406 4742 3932 4825">
     <span class='ocr_line' id='line_1_96' title="bbox 2406 4742 3932 4825; baseline -0.005 -18"><span class='ocrx_word' id='word_1_723' title='bbox 2406 4753 2611 4825; x_wconf 85' lang='grc' dir='ltr'><strong>χωρία,</strong></span> <span class='ocrx_word' id='word_1_724' title='bbox 2642 4750 2734 4804; x_wconf 75' lang='grc' dir='ltr'><strong>καὶ</strong></span> <span class='ocrx_word' id='word_1_725' title='bbox 2759 4749 2885 4812; x_wconf 76' lang='grc' dir='ltr'><strong>τοὺς</strong></span> <span class='ocrx_word' id='word_1_726' title='bbox 2928 4748 3124 4810; x_wconf 73' lang='grc' dir='ltr'><strong>τόπους</strong></span> <span class='ocrx_word' id='word_1_727' title='bbox 3164 4748 3221 4800; x_wconf 85' lang='grc' dir='ltr'><strong>ἐν</strong></span> <span class='ocrx_word' id='word_1_728' title='bbox 3248 4742 3328 4810; x_wconf 72' lang='grc' dir='ltr'><strong>οἷς</strong></span> <span class='ocrx_word' id='word_1_729' title='bbox 3360 4748 3664 4801; x_wconf 83' lang='grc' dir='ltr'><strong>τελίσκεται</strong></span> <span class='ocrx_word' id='word_1_730' title='bbox 3706 4748 3773 4801; x_wconf 83' lang='grc' dir='ltr'><strong>τὰ</strong></span> <span class='ocrx_word' id='word_1_731' title='bbox 3804 4746 3932 4814; x_wconf 85' lang='grc' dir='ltr'><strong>γινό·</strong></span> 
     </span>
    </p>
   </div>
   <div class='ocr_carea' id='block_1_97' title="bbox 764 4831 2299 4905">
    <p class='ocr_par' dir='ltr' id='par_1_97' title="bbox 764 4831 2299 4905">
     <span class='ocr_line' id='line_1_97' title="bbox 764 4831 2299 4905; baseline 0.003 -17"><span class='ocrx_word' id='word_1_732' title='bbox 764 4832 928 4888; x_wconf 84' lang='lat' dir='ltr'><strong>simul</strong></span> <span class='ocrx_word' id='word_1_733' title='bbox 947 4832 1215 4902; x_wconf 74' lang='lat' dir='ltr'><strong>simulque</strong></span> <span class='ocrx_word' id='word_1_734' title='bbox 1242 4831 1551 4889; x_wconf 79' lang='lat' dir='ltr'><strong>decrescere</strong></span> <span class='ocrx_word' id='word_1_735' title='bbox 1580 4853 1593 4890; x_wconf 86' lang='lat'>:</span> <span class='ocrx_word' id='word_1_736' title='bbox 1631 4840 1902 4905; x_wconf 88' lang='lat' dir='ltr'><strong>oppositas</strong></span> <span class='ocrx_word' id='word_1_737' title='bbox 1925 4840 2299 4904; x_wconf 86' lang='lat' dir='ltr'><strong>animantium,</strong></span> 
     </span>
    </p>
   </div>
   <div class='ocr_carea' id='block_1_98' title="bbox 766 4922 2300 4995">
    <p class='ocr_par' dir='ltr' id='par_1_98' title="bbox 766 4922 2300 4995">
     <span class='ocr_line' id='line_1_98' title="bbox 766 4922 2300 4995; baseline 0.01 -21"><span class='ocrx_word' id='word_1_738' title='bbox 766 4922 1089 4992; x_wconf 87' lang='lat' dir='ltr'><strong>plantarum,</strong></span> <span class='ocrx_word' id='word_1_739' title='bbox 1110 4932 1273 4995; x_wconf 76' lang='lat' dir='ltr'><strong>atque</strong></span> <span class='ocrx_word' id='word_1_740' title='bbox 1304 4924 1545 4980; x_wconf 89' lang='lat' dir='ltr'><strong>radicum</strong></span> <span class='ocrx_word' id='word_1_741' title='bbox 1566 4927 1873 4985; x_wconf 73' lang='lat' dir='ltr'><strong>affectiones</strong></span> <span class='ocrx_word' id='word_1_742' title='bbox 1892 4932 2129 4988; x_wconf 81' lang='lat' dir='ltr'><strong>inﬁnitas</strong></span> <span class='ocrx_word' id='word_1_743' title='bbox 2150 4948 2300 4989; x_wconf 86' lang='lat' dir='ltr'><strong>esse:</strong></span> 
     </span>
    </p>
   </div>
   <div class='ocr_carea' id='block_1_99' title="bbox 767 5013 2303 5090">
    <p class='ocr_par' dir='ltr' id='par_1_99' title="bbox 767 5013 2303 5090">
     <span class='ocr_line' id='line_1_99' title="bbox 767 5013 2303 5090; baseline 0.007 -23"><span class='ocrx_word' id='word_1_744' title='bbox 767 5027 1021 5080; x_wconf 85' lang='lat' dir='ltr'><strong>vaporum</strong></span> <span class='ocrx_word' id='word_1_745' title='bbox 1049 5013 1216 5067; x_wconf 88' lang='lat' dir='ltr'><strong>multa</strong></span> <span class='ocrx_word' id='word_1_746' title='bbox 1264 5028 1380 5067; x_wconf 84' lang='lat' dir='ltr'><strong>esse</strong></span> <span class='ocrx_word' id='word_1_747' title='bbox 1408 5028 1602 5083; x_wconf 83' lang='lat' dir='ltr'><strong>genera</strong></span> <span class='ocrx_word' id='word_1_748' title='bbox 1622 5054 1636 5078; x_wconf 92' lang='lat'><strong>,</strong></span> <span class='ocrx_word' id='word_1_749' title='bbox 1666 5031 1791 5073; x_wconf 87' lang='lat' dir='ltr'><strong>cum</strong></span> <span class='ocrx_word' id='word_1_750' title='bbox 1827 5033 2015 5074; x_wconf 89' lang='lat' dir='ltr'><strong>eorum</strong></span> <span class='ocrx_word' id='word_1_751' title='bbox 2040 5062 2057 5087; x_wconf 93' lang='lat'><strong>,</strong></span> <span class='ocrx_word' id='word_1_752' title='bbox 2106 5022 2303 5090; x_wconf 88' lang='lat' dir='ltr'><strong>quibus</strong></span> 
     </span>
    </p>
   </div>
   <div class='ocr_carea' id='block_1_100' title="bbox 768 5100 2301 5175">
    <p class='ocr_par' dir='ltr' id='par_1_100' title="bbox 768 5100 2301 5175">
     <span class='ocr_line' id='line_1_100' title="bbox 768 5100 2301 5175; baseline 0.008 -22"><span class='ocrx_word' id='word_1_753' title='bbox 768 5100 1021 5172; x_wconf 73' lang='lat' dir='ltr'><strong>gravedo,</strong></span> <span class='ocrx_word' id='word_1_754' title='bbox 1060 5114 1124 5155; x_wconf 86' lang='lat' dir='ltr'><strong>ac</strong></span> <span class='ocrx_word' id='word_1_755' title='bbox 1174 5116 1336 5172; x_wconf 72' lang='lat' dir='ltr'><strong>mpor</strong></span> <span class='ocrx_word' id='word_1_756' title='bbox 1382 5102 1677 5171; x_wconf 84' lang='lat' dir='ltr'><strong>inducitur,</strong></span> <span class='ocrx_word' id='word_1_757' title='bbox 1713 5116 1840 5173; x_wconf 33' lang='lat' dir='ltr'><strong>tum,</strong></span> <span class='ocrx_word' id='word_1_758' title='bbox 1875 5110 2037 5171; x_wconf 79' lang='lat' dir='ltr'><strong>etiam</strong></span> <span class='ocrx_word' id='word_1_759' title='bbox 2069 5126 2257 5165; x_wconf 88' lang='lat' dir='ltr'><strong>eorum</strong></span> <span class='ocrx_word' id='word_1_760' title='bbox 2286 5150 2301 5175; x_wconf 87' lang='lat'><strong>,</strong></span> 
     </span>
    </p>
   </div>
   <div class='ocr_carea' id='block_1_101' title="bbox 766 5189 2305 5272">
    <p class='ocr_par' dir='ltr' id='par_1_101' title="bbox 766 5189 2305 5272">
     <span class='ocr_line' id='line_1_101' title="bbox 766 5189 2305 5272; baseline 0.009 -29"><span class='ocrx_word' id='word_1_761' title='bbox 766 5191 964 5260; x_wconf 82' lang='lat' dir='ltr'><strong>quibus</strong></span> <span class='ocrx_word' id='word_1_762' title='bbox 983 5189 1234 5259; x_wconf 74' lang='lat' dir='ltr'><strong>cogitatio</strong></span> <span class='ocrx_word' id='word_1_763' title='bbox 1268 5194 1649 5261; x_wconf 88' lang='lat' dir='ltr'><strong>perturbatur:</strong></span> <span class='ocrx_word' id='word_1_764' title='bbox 1702 5196 1821 5251; x_wconf 84' lang='lat' dir='ltr'><strong>loca</strong></span> <span class='ocrx_word' id='word_1_765' title='bbox 1856 5198 1977 5253; x_wconf 88' lang='lat' dir='ltr'><strong>item</strong></span> <span class='ocrx_word' id='word_1_766' title='bbox 2006 5212 2168 5272; x_wconf 91' lang='lat' dir='ltr'><strong>atque</strong></span> <span class='ocrx_word' id='word_1_767' title='bbox 2213 5216 2305 5255; x_wconf 85' lang='lat' dir='ltr'><strong>re-</strong></span> 
     </span>
    </p>
   </div>
   <div class='ocr_carea' id='block_1_102' title="bbox 770 5285 2307 5364">
    <p class='ocr_par' dir='ltr' id='par_1_102' title="bbox 770 5285 2307 5364">
     <span class='ocr_line' id='line_1_102' title="bbox 770 5285 2307 5364; baseline 0.007 -26"><span class='ocrx_word' id='word_1_768' title='bbox 770 5287 977 5353; x_wconf 67' lang='lat' dir='ltr'><strong>giones,</strong></span> <span class='ocrx_word' id='word_1_769' title='bbox 996 5285 1053 5340; x_wconf 89' lang='lat' dir='ltr'><strong>in</strong></span> <span class='ocrx_word' id='word_1_770' title='bbox 1079 5285 1278 5354; x_wconf 90' lang='lat' dir='ltr'><strong>quibus</strong></span> <span class='ocrx_word' id='word_1_771' title='bbox 1303 5285 1513 5356; x_wconf 76' lang='lat' dir='ltr'><strong>singula</strong></span> <span class='ocrx_word' id='word_1_772' title='bbox 1531 5288 1897 5357; x_wconf 81' lang='lat' dir='ltr'><strong>perﬁciantur,</strong></span> <span class='ocrx_word' id='word_1_773' title='bbox 1922 5293 2167 5349; x_wconf 80' lang='lat' dir='ltr'><strong>conferre</strong></span> <span class='ocrx_word' id='word_1_774' title='bbox 2188 5296 2307 5364; x_wconf 92' lang='lat' dir='ltr'><strong>plu-</strong></span> 
     </span>
    </p>
   </div>
   <div class='ocr_carea' id='block_1_103' title="bbox 772 5375 2310 5449">
    <p class='ocr_par' dir='ltr' id='par_1_103' title="bbox 772 5375 2310 5449">
     <span class='ocr_line' id='line_1_103' title="bbox 772 5375 2310 5449; baseline 0.008 -22"><span class='ocrx_word' id='word_1_775' title='bbox 772 5375 969 5430; x_wconf 86' lang='lat' dir='ltr'><strong>rimum</strong></span> <span class='ocrx_word' id='word_1_776' title='bbox 998 5395 1016 5430; x_wconf 70' lang='grc' dir='ltr'>ς</span> <span class='ocrx_word' id='word_1_777' title='bbox 1054 5375 1301 5431; x_wconf 84' lang='lat' dir='ltr'><strong>homines</strong></span> <span class='ocrx_word' id='word_1_778' title='bbox 1340 5377 1473 5437; x_wconf 59' lang='lat' dir='ltr'><strong>imos</strong></span> <span class='ocrx_word' id='word_1_779' title='bbox 1523 5387 1781 5449; x_wconf 54' lang='lat' dir='ltr'><strong>praeterea</strong></span> <span class='ocrx_word' id='word_1_780' title='bbox 1831 5380 2310 5440; x_wconf 88' lang='lat' dir='ltr'><strong>instrumentorum</strong></span> 
     </span>
    </p>
   </div>
   <div class='ocr_carea' id='block_1_104' title="bbox 772 5464 2313 5540">
    <p class='ocr_par' dir='ltr' id='par_1_104' title="bbox 772 5464 2313 5540">
     <span class='ocr_line' id='line_1_104' title="bbox 772 5464 2313 5540; baseline 0.009 -23"><span class='ocrx_word' id='word_1_781' title='bbox 772 5478 925 5517; x_wconf 75' lang='lat' dir='ltr'><strong>suam</strong></span> <span class='ocrx_word' id='word_1_782' title='bbox 960 5464 1025 5519; x_wconf 90' lang='lat' dir='ltr'><strong>ad</strong></span> <span class='ocrx_word' id='word_1_783' title='bbox 1044 5476 1213 5520; x_wconf 84' lang='lat' dir='ltr'><strong>artem</strong></span> <span class='ocrx_word' id='word_1_784' title='bbox 1244 5464 1441 5521; x_wconf 71' lang='lat' dir='ltr'><strong>aﬂabre</strong></span> <span class='ocrx_word' id='word_1_785' title='bbox 1454 5467 1857 5523; x_wconf 87' lang='lat' dir='ltr'><strong>elaboratorum</strong></span> <span class='ocrx_word' id='word_1_786' title='bbox 1882 5474 2087 5540; x_wconf 89' lang='lat' dir='ltr'><strong>copiam</strong></span> <span class='ocrx_word' id='word_1_787' title='bbox 2114 5476 2313 5531; x_wconf 88' lang='lat' dir='ltr'><strong>habere</strong></span> 
     </span>
    </p>
   </div>
   <div class='ocr_carea' id='block_1_105' title="bbox 774 5552 2312 5636">
    <p class='ocr_par' dir='ltr' id='par_1_105' title="bbox 774 5552 2312 5636">
     <span class='ocr_line' id='line_1_105' title="bbox 774 5552 2312 5636; baseline 0.01 -29"><span class='ocrx_word' id='word_1_788' title='bbox 774 5552 933 5622; x_wconf 68' lang='lat' dir='ltr'><strong>longe</strong></span> <span class='ocrx_word' id='word_1_789' title='bbox 964 5566 1087 5610; x_wconf 81' lang='lat' dir='ltr'><strong>ante</strong></span> <span class='ocrx_word' id='word_1_790' title='bbox 1112 5557 1418 5626; x_wconf 83' lang='lat' dir='ltr'><strong>provisam;</strong></span> <span class='ocrx_word' id='word_1_791' title='bbox 1449 5559 1648 5614; x_wconf 77' lang='lat' dir='ltr'><strong>multos</strong></span> <span class='ocrx_word' id='word_1_792' title='bbox 1679 5562 1839 5615; x_wconf 91' lang='lat' dir='ltr'><strong>etiam</strong></span> <span class='ocrx_word' id='word_1_793' title='bbox 1861 5562 2083 5621; x_wconf 88' lang='lat' dir='ltr'><strong>diversis</strong></span> <span class='ocrx_word' id='word_1_794' title='bbox 2103 5582 2167 5622; x_wconf 85' lang='lat' dir='ltr'><strong>ex</strong></span> <span class='ocrx_word' id='word_1_795' title='bbox 2190 5582 2312 5636; x_wconf 86' lang='lat' dir='ltr'><strong>par-</strong></span> 
     </span>
    </p>
   </div>
   <div class='ocr_carea' id='block_1_106' title="bbox 776 5644 2316 5729">
    <p class='ocr_par' dir='ltr' id='par_1_106' title="bbox 776 5644 2316 5729">
     <span class='ocr_line' id='line_1_106' title="bbox 776 5644 2316 5729; baseline 0.012 -33"><span class='ocrx_word' id='word_1_796' title='bbox 776 5644 921 5698; x_wconf 88' lang='lat' dir='ltr'><strong>tibus</strong></span> <span class='ocrx_word' id='word_1_797' title='bbox 948 5645 1049 5700; x_wconf 88' lang='lat' dir='ltr'><strong>sibi</strong></span> <span class='ocrx_word' id='word_1_798' title='bbox 1084 5663 1398 5717; x_wconf 83' lang='lat' dir='ltr'><strong>compararc</strong></span> <span class='ocrx_word' id='word_1_799' title='bbox 1422 5652 1819 5721; x_wconf 62' lang='lat' dir='ltr'><strong>praestigiarum</strong></span> <span class='ocrx_word' id='word_1_800' title='bbox 1856 5670 2077 5713; x_wconf 87' lang='lat' dir='ltr'><strong>suarum</strong></span> <span class='ocrx_word' id='word_1_801' title='bbox 2102 5659 2316 5729; x_wconf 80' lang='lat' dir='ltr'><strong>adjuto-</strong></span> 
     </span>
    </p>
   </div>
   <div class='ocr_carea' id='block_1_107' title="bbox 848 5795 1238 5866">
    <p class='ocr_par' dir='ltr' id='par_1_107' title="bbox 848 5795 1238 5866">
     <span class='ocr_line' id='line_1_107' title="bbox 848 5795 1238 5866; baseline 0.005 -15"><span class='ocrx_word' id='word_1_802' title='bbox 848 5808 876 5834; x_wconf 76' lang='grc' dir='ltr'>ι</span> <span class='ocrx_word' id='word_1_803' title='bbox 914 5812 1003 5866; x_wconf 62' lang='grc' dir='ltr'><strong>γρ.</strong></span> <span class='ocrx_word' id='word_1_804' title='bbox 1030 5795 1238 5865; x_wconf 77' lang='grc' dir='ltr'><strong>ὀλίγων.</strong></span> 
     </span>
    </p>
   </div>
   <div class='ocr_carea' id='block_1_108' title="bbox 2402 4836 3932 4917">
    <p class='ocr_par' dir='ltr' id='par_1_108' title="bbox 2402 4836 3932 4917">
     <span class='ocr_line' id='line_1_108' title="bbox 2402 4836 3932 4917; baseline -0.005 -19"><span class='ocrx_word' id='word_1_805' title='bbox 2402 4863 2568 4917; x_wconf 66' lang='grc' dir='ltr'><strong>μεναθ</strong></span> <span class='ocrx_word' id='word_1_806' title='bbox 2603 4841 2808 4913; x_wconf 74' lang='grc' dir='ltr'><strong>ὄργανά</strong></span> <span class='ocrx_word' id='word_1_807' title='bbox 2850 4858 2911 4893; x_wconf 89' lang='grc' dir='ltr'><strong>τε</strong></span> <span class='ocrx_word' id='word_1_808' title='bbox 2949 4836 3085 4894; x_wconf 72' lang='grc' dir='ltr'><strong>εἶναι</strong></span> <span class='ocrx_word' id='word_1_809' title='bbox 3116 4842 3211 4915; x_wconf 62' lang='grc' dir='ltr'><strong>καξι</strong></span> <span class='ocrx_word' id='word_1_810' title='bbox 3242 4841 3437 4912; x_wconf 83' lang='grc' dir='ltr'><strong>σκεύη,</strong></span> <span class='ocrx_word' id='word_1_811' title='bbox 3466 4841 3748 4911; x_wconf 78' lang='grc' dir='ltr'><strong>πόρρωθεν</strong></span> <span class='ocrx_word' id='word_1_812' title='bbox 3774 4838 3932 4897; x_wconf 73' lang='grc' dir='ltr'><strong>αὐτοῖς</strong></span> 
     </span>
    </p>
   </div>
   <div class='ocr_carea' id='block_1_109' title="bbox 2404 4928 3932 5006">
    <p class='ocr_par' dir='ltr' id='par_1_109' title="bbox 2404 4928 3932 5006">
     <span class='ocr_line' id='line_1_109' title="bbox 2404 4928 3932 5006; baseline -0.006 -17"><span class='ocrx_word' id='word_1_813' title='bbox 2404 4935 2718 5006; x_wconf 83' lang='grc' dir='ltr'><strong>ἐπιτηδείως</strong></span> <span class='ocrx_word' id='word_1_814' title='bbox 2744 4936 2811 5003; x_wconf 76' lang='grc' dir='ltr'><strong>τῇ</strong></span> <span class='ocrx_word' id='word_1_815' title='bbox 2842 4932 3001 5003; x_wconf 78' lang='grc' dir='ltr'><strong>τέχνῃ</strong></span> <span class='ocrx_word' id='word_1_816' title='bbox 3047 4933 3581 5006; x_wconf 77' lang='grc' dir='ltr'><strong>προηυτρεπισμένα.</strong></span> <span class='ocrx_word' id='word_1_817' title='bbox 3624 4931 3852 4992; x_wconf 77' lang='grc' dir='ltr'><strong>Πολλοὺς</strong></span> <span class='ocrx_word' id='word_1_818' title='bbox 3886 4928 3932 4980; x_wconf 70' lang='grc' dir='ltr'><strong>δὲ</strong></span> 
     </span>
    </p>
   </div>
   <div class='ocr_carea' id='block_1_110' title="bbox 2408 5004 3931 5096">
    <p class='ocr_par' dir='ltr' id='par_1_110' title="bbox 2408 5004 3931 5096">
     <span class='ocr_line' id='line_1_110' title="bbox 2408 5004 3931 5096; baseline -0.005 -15"><span class='ocrx_word' id='word_1_819' title='bbox 2408 5029 2499 5081; x_wconf 79' lang='grc' dir='ltr'><strong>καὶ</strong></span> <span class='ocrx_word' id='word_1_820' title='bbox 2518 5004 2802 5096; x_wconf 73' lang='grc' dir='ltr'><strong>συνεργοὺς</strong></span> <span class='ocrx_word' id='word_1_821' title='bbox 2817 5027 2913 5094; x_wconf 82' lang='grc' dir='ltr'><strong>τῆς</strong></span> <span class='ocrx_word' id='word_1_822' title='bbox 2939 5024 3269 5094; x_wconf 83' lang='grc' dir='ltr'><strong>μαγγανείας</strong></span> <span class='ocrx_word' id='word_1_823' title='bbox 3291 5004 3803 5096; x_wconf 66' lang='grc' dir='ltr'><strong>παραλαμϐάνεσθαι</strong></span> <span class='ocrx_word' id='word_1_824' title='bbox 3821 5019 3931 5085; x_wconf 77' lang='grc' dir='ltr'><strong>ἐξω-</strong></span> 
     </span>
    </p>
   </div>
   <div class='ocr_carea' id='block_1_111' title="bbox 2410 5110 3934 5187">
    <p class='ocr_par' dir='ltr' id='par_1_111' title="bbox 2410 5110 3934 5187">
     <span class='ocr_line' id='line_1_111' title="bbox 2410 5110 3934 5187; baseline -0.004 -16"><span class='ocrx_word' id='word_1_825' title='bbox 2410 5119 2521 5181; x_wconf 89' lang='grc' dir='ltr'><strong>θεν,</strong></span> <span class='ocrx_word' id='word_1_826' title='bbox 2542 5112 3115 5186; x_wconf 79' lang='grc' dir='ltr'><strong>τωλυπραγμονοῦντας</strong></span> <span class='ocrx_word' id='word_1_827' title='bbox 3138 5115 3263 5176; x_wconf 80' lang='grc' dir='ltr'><strong>τοὺς</strong></span> <span class='ocrx_word' id='word_1_828' title='bbox 3285 5112 3729 5187; x_wconf 68' lang='grc' dir='ltr'><strong>ἀφικνουμένους,</strong></span> <span class='ocrx_word' id='word_1_829' title='bbox 3744 5113 3832 5166; x_wconf 79' lang='grc' dir='ltr'><strong>καὶ</strong></span> <span class='ocrx_word' id='word_1_830' title='bbox 3850 5110 3934 5172; x_wconf 78' lang='grc' dir='ltr'><strong>τὰς</strong></span> 
     </span>
    </p>
   </div>
   <div class='ocr_carea' id='block_1_112' title="bbox 2411 5196 3933 5276">
    <p class='ocr_par' dir='ltr' id='par_1_112' title="bbox 2411 5196 3933 5276">
     <span class='ocr_line' id='line_1_112' title="bbox 2411 5196 3933 5276; baseline -0.007 -15"><span class='ocrx_word' id='word_1_831' title='bbox 2411 5210 2636 5262; x_wconf 83' lang='grc' dir='ltr'><strong>ἐκάστου</strong></span> <span class='ocrx_word' id='word_1_832' title='bbox 2663 5206 2867 5275; x_wconf 80' lang='grc' dir='ltr'><strong>χρείας,</strong></span> <span class='ocrx_word' id='word_1_833' title='bbox 2890 5198 2963 5258; x_wconf 81' lang='grc' dir='ltr'><strong>ὧν</strong></span> <span class='ocrx_word' id='word_1_834' title='bbox 2991 5199 3092 5275; x_wconf 76' lang='grc' dir='ltr'><strong>ἧκέ</strong></span> <span class='ocrx_word' id='word_1_835' title='bbox 3118 5220 3200 5265; x_wconf 87' lang='grc' dir='ltr'><strong>τις</strong></span> <span class='ocrx_word' id='word_1_836' title='bbox 3224 5201 3544 5271; x_wconf 82' lang='grc' dir='ltr'><strong>δεησόμενος</strong></span> <span class='ocrx_word' id='word_1_837' title='bbox 3562 5218 3575 5229; x_wconf 92' lang='grc'><strong>·</strong></span> <span class='ocrx_word' id='word_1_838' title='bbox 3788 5200 3840 5257; x_wconf 72' lang='grc' dir='ltr'><strong>δέ</strong></span> <span class='ocrx_word' id='word_1_839' title='bbox 3856 5196 3933 5251; x_wconf 75' lang='grc' dir='ltr'><strong>καὶ</strong></span> 
     </span>
    </p>
   </div>
   <div class='ocr_carea' id='block_1_113' title="bbox 2409 5282 3931 5365">
    <p class='ocr_par' dir='ltr' id='par_1_113' title="bbox 2409 5282 3931 5365">
     <span class='ocr_line' id='line_1_113' title="bbox 2409 5282 3931 5365; baseline -0.005 -16"><span class='ocrx_word' id='word_1_840' title='bbox 2409 5297 2477 5349; x_wconf 84' lang='grc' dir='ltr'><strong>τά</strong></span> <span class='ocrx_word' id='word_1_841' title='bbox 2510 5296 2693 5358; x_wconf 81' lang='grc' dir='ltr'><strong>ἀδυτα,</strong></span> <span class='ocrx_word' id='word_1_842' title='bbox 2728 5294 2818 5347; x_wconf 80' lang='grc' dir='ltr'><strong>καὶ</strong></span> <span class='ocrx_word' id='word_1_843' title='bbox 2838 5296 2962 5356; x_wconf 81' lang='grc' dir='ltr'><strong>τοὺς</strong></span> <span class='ocrx_word' id='word_1_844' title='bbox 2991 5296 3104 5355; x_wconf 78' lang='grc' dir='ltr'><strong>τοῖς</strong></span> <span class='ocrx_word' id='word_1_845' title='bbox 3128 5291 3339 5354; x_wconf 86' lang='grc' dir='ltr'><strong>πολλοῖς</strong></span> <span class='ocrx_word' id='word_1_846' title='bbox 3364 5290 3595 5353; x_wconf 76' lang='grc' dir='ltr'><strong>ἀϐάτους</strong></span> <span class='ocrx_word' id='word_1_847' title='bbox 3619 5282 3813 5361; x_wconf 74' lang='grc' dir='ltr'><strong>μυχοὺς</strong></span> 
     </span>
    </p>
   </div>
   <div class='ocr_carea' id='block_1_114' title="bbox 2408 5374 3934 5461">
    <p class='ocr_par' dir='ltr' id='par_1_114' title="bbox 2408 5374 3934 5461">
     <span class='ocr_line' id='line_1_114' title="bbox 2408 5374 3934 5461; baseline -0.005 -20"><span class='ocrx_word' id='word_1_848' title='bbox 2408 5388 2567 5461; x_wconf 89' lang='grc' dir='ltr'><strong>ἱερῶν</strong></span> <span class='ocrx_word' id='word_1_849' title='bbox 2588 5386 2736 5447; x_wconf 78' lang='grc' dir='ltr'><strong>ἐντὸς</strong></span> <span class='ocrx_word' id='word_1_850' title='bbox 2768 5385 3156 5455; x_wconf 85' lang='grc' dir='ltr'><strong>ἀποκρύπτειν.</strong></span> <span class='ocrx_word' id='word_1_851' title='bbox 3178 5382 3288 5435; x_wconf 77' lang='grc' dir='ltr'><strong>Καὶ</strong></span> <span class='ocrx_word' id='word_1_852' title='bbox 3312 5382 3372 5434; x_wconf 86' lang='grc' dir='ltr'><strong>τὸ</strong></span> <span class='ocrx_word' id='word_1_853' title='bbox 3616 5382 3675 5435; x_wconf 78' lang='grc' dir='ltr'><strong>δὲ</strong></span> <span class='ocrx_word' id='word_1_854' title='bbox 3702 5382 3760 5435; x_wconf 86' lang='grc' dir='ltr'><strong>οὐ</strong></span> <span class='ocrx_word' id='word_1_855' title='bbox 3790 5374 3934 5451; x_wconf 75' lang='grc' dir='ltr'><strong>μικρὰ</strong></span> 
     </span>
    </p>
   </div>
   <div class='ocr_carea' id='block_1_115' title="bbox 2410 5464 3933 5551">
    <p class='ocr_par' dir='ltr' id='par_1_115' title="bbox 2410 5464 3933 5551">
     <span class='ocr_line' id='line_1_115' title="bbox 2410 5464 3933 5551; baseline -0.007 -20"><span class='ocrx_word' id='word_1_856' title='bbox 2410 5478 2684 5547; x_wconf 85' lang='grc' dir='ltr'><strong>συνεργεῖν</strong></span> <span class='ocrx_word' id='word_1_857' title='bbox 2714 5477 2781 5545; x_wconf 75' lang='grc' dir='ltr'><strong>τῇ</strong></span> <span class='ocrx_word' id='word_1_858' title='bbox 2820 5476 2945 5551; x_wconf 11' lang='grc' dir='ltr'><strong>καθ’.</strong></span> <span class='ocrx_word' id='word_1_859' title='bbox 2984 5473 3208 5537; x_wconf 61' lang='grc' dir='ltr'><strong>ἑαυτοὺς</strong></span> <span class='ocrx_word' id='word_1_860' title='bbox 3250 5472 3522 5525; x_wconf 82' lang='grc' dir='ltr'><strong>ὑποθέσει.</strong></span> <span class='ocrx_word' id='word_1_861' title='bbox 3557 5472 3669 5525; x_wconf 75' lang='grc' dir='ltr'><strong>Καὶ</strong></span> <span class='ocrx_word' id='word_1_862' title='bbox 3698 5470 3855 5542; x_wconf 70' lang='grc' dir='ltr'><strong>αὐτὴν</strong></span> <span class='ocrx_word' id='word_1_863' title='bbox 3884 5464 3933 5519; x_wconf 73' lang='grc' dir='ltr'><strong>δι</strong></span> 
     </span>
    </p>
   </div>
   <div class='ocr_carea' id='block_1_116' title="bbox 2408 5550 3934 5641">
    <p class='ocr_par' dir='ltr' id='par_1_116' title="bbox 2408 5550 3934 5641">
     <span class='ocr_line' id='line_1_116' title="bbox 2408 5550 3934 5641; baseline -0.009 -18"><span class='ocrx_word' id='word_1_864' title='bbox 2408 5571 2504 5641; x_wconf 81' lang='grc' dir='ltr'><strong>οὐχ</strong></span> <span class='ocrx_word' id='word_1_865' title='bbox 2532 5570 2726 5636; x_wconf 78' lang='grc' dir='ltr'><strong>ἥκιστα</strong></span> <span class='ocrx_word' id='word_1_866' title='bbox 2758 5565 2853 5635; x_wconf 81' lang='grc' dir='ltr'><strong>τὴν</strong></span> <span class='ocrx_word' id='word_1_867' title='bbox 2882 5550 3249 5635; x_wconf 61' lang='grc' dir='ltr'><strong>προλαϐοῦσαν</strong></span> <span class='ocrx_word' id='word_1_868' title='bbox 3282 5562 3578 5630; x_wconf 79' lang='grc' dir='ltr'><strong>ὑπόληψιν,</strong></span> <span class='ocrx_word' id='word_1_869' title='bbox 3609 5564 3701 5615; x_wconf 77' lang='grc' dir='ltr'><strong>καὶ</strong></span> <span class='ocrx_word' id='word_1_870' title='bbox 3724 5561 3819 5631; x_wconf 81' lang='grc' dir='ltr'><strong>τὴν</strong></span> <span class='ocrx_word' id='word_1_871' title='bbox 3845 5554 3934 5609; x_wconf 74' lang='grc' dir='ltr'><strong>τῶν</strong></span> 
     </span>
    </p>
   </div>
   <div class='ocr_carea' id='block_1_117' title="bbox 2409 5647 3935 5733">
    <p class='ocr_par' dir='ltr' id='par_1_117' title="bbox 2409 5647 3935 5733">
     <span class='ocr_line' id='line_1_117' title="bbox 2409 5647 3935 5733; baseline -0.009 -19"><span class='ocrx_word' id='word_1_872' title='bbox 2409 5662 2483 5723; x_wconf 81' lang='grc' dir='ltr'><strong>ὡς</strong></span> <span class='ocrx_word' id='word_1_873' title='bbox 2516 5659 2653 5721; x_wconf 82' lang='grc' dir='ltr'><strong>θεοῖς</strong></span> <span class='ocrx_word' id='word_1_874' title='bbox 2679 5657 3004 5729; x_wconf 88' lang='grc' dir='ltr'><strong>προσιόντων</strong></span> <span class='ocrx_word' id='word_1_875' title='bbox 3015 5656 3207 5725; x_wconf 66' lang='grc' dir='ltr'><strong>αὐτοῖς</strong></span> <span class='ocrx_word' id='word_1_876' title='bbox 3231 5654 3667 5733; x_wconf 77' lang='grc' dir='ltr'><strong>δεισιδαιμονίαν,</strong></span> <span class='ocrx_word' id='word_1_877' title='bbox 3687 5654 3787 5723; x_wconf 72' lang='grc' dir='ltr'><strong>τήν</strong></span> <span class='ocrx_word' id='word_1_878' title='bbox 3808 5665 3861 5704; x_wconf 72' lang='grc' dir='ltr'><strong>τε</strong></span> <span class='ocrx_word' id='word_1_879' title='bbox 3882 5647 3935 5700; x_wconf 68' lang='lat' dir='ltr'><strong>tu:</strong></span> 
     </span>
    </p>
   </div>
  </div>
