4044 6334
96 505 190 558 235

1235 506 1548 561 PREPAR.
1595 508 1843 563 EVANG.
1877 507 2001 562 LIB.
2046 507 2132 565 ιν.

3207 520 3314 572 254

99 626 359 698 προγόνων
393 627 870 698 προκατασχοῦσαν
894 631 949 680 ἐν
977 629 1156 691 αὐτοῖς
1187 630 1360 693 δόξαν.
1387 632 1634 698 Προσκεί-

1751 645 1839 685 res
1865 645 1929 684 ac
1963 633 2166 695 socios,
2206 633 2297 701 qui
2335 647 2452 687 sese
2484 634 2896 690 advenientibus
2935 636 3309 699 obtrudentes,

97 721 194 773 σθω
222 722 314 772 καὶ
338 721 397 773 τὺ
421 721 528 774 τῶν
559 721 763 774 πολλῶν
789 721 992 791 ἠλίθιον
1033 723 1128 790 τῆς
1167 723 1406 785 διανοίας
1427 763 1440 783 ,
1484 724 1545 776 τό
1589 741 1646 774 τε

95 812 304 882 ἀδρανὲς
336 811 428 863 τοῦ
462 811 719 881 λογισμοῦ
748 815 839 865 καὶ
871 813 1231 864 ἀϐασάνιστον
1262 812 1353 864 τοῦ
1389 813 1643 883 πλήθους

96 907 175 955 καὶ
203 903 435 973 ἔμπαλιν
465 905 526 956 τὸ
551 904 720 956 δεινὸν
751 905 845 957 καί
878 907 1239 976 κακεντρεχές
1265 906 1369 958 τῶν
1403 905 1528 977 περὶ
1551 905 1648 976 τὴν

97 993 401 1062 κακότεχνον
422 992 625 1063 ταύτην
655 993 934 1064 διατριϐὴν
956 996 1317 1058 τευταζόντων
1338 1014 1349 1023 δ
1379 995 1440 1046 τό
1464 1012 1520 1046 τε
1542 995 1648 1046 τῶν

95 1087 287 1153 γοήτων
321 1085 598 1154 ἀπατηλὸν
642 1085 732 1136 καὶ
777 1084 1084 1155 πανοῦργον
1126 1086 1216 1137 τοῦ
1255 1086 1482 1158 τρόπου·
1527 1088 1648 1138 τοτὲ

98 1177 182 1244 μὲν
210 1176 276 1228 τα
310 1178 447 1249 πρὸς
487 1176 678 1247 ἡδονὴν
709 1175 922 1245 ἑκάστῳ
954 1177 1522 1248 προῦπισχνουμένων,
1553 1179 1647 1229 καὶ

94 1268 143 1318 τὸ
164 1270 329 1340 παρὸν
358 1271 449 1322 ἐπὶ
486 1272 746 1340 χρησταῖς
771 1268 945 1320 ἐλπίσι
983 1269 1418 1341 θεραπευόντων,
1444 1269 1563 1321 τοτὲ
1587 1270 1646 1321 δὲ

91 1358 171 1409 τοῦ
221 1360 500 1428 μέλλοντος
551 1360 1136 1429 καταστοχαζομένων,
1185 1362 1278 1413 καὶ
1325 1363 1404 1423 είς
1455 1361 1646 1429 ἄδηλον

92 1453 666 1522 καταμαντευομένων,
708 1453 804 1521 τήν
846 1469 903 1503 τε
946 1451 1181 1504 διάνοιαν
1228 1451 1333 1503 τῶν
1383 1451 1645 1522 χρησμῶν

91 1542 424 1610 ἀμφιϐολίαις
453 1544 712 1614 ῥημάτων
742 1545 834 1597 καὶ
876 1545 1160 1614 ἀσαφείαις
1197 1543 1640 1604 ἐπισκοτούντων,

89 1635 153 1695 ὡς
178 1636 246 1704 μή
268 1653 386 1686 τινα
414 1637 650 1689 συνιέναι
672 1637 732 1688 τὸ
763 1638 996 1707 χρησθὲν
1019 1679 1032 1700 ,
1061 1640 1125 1707 τῇ
1159 1636 1216 1688 δὲ
1249 1637 1340 1687 τοῦ
1366 1635 1644 1705 λεχθέντος

91 1725 263 1794 ἁδηλία
305 1726 397 1779 τὸν
427 1725 643 1796 ἔλεγχον
683 1728 986 1794 ἐκφεύγειν.
1041 1726 1215 1778 Πολλά
1243 1727 1298 1778 δὲ
1329 1726 1642 1794 συμϐαίνειν

91 1818 169 1868 καὶ
194 1817 373 1879 ἄλλαις
403 1819 542 1872 τισὶν
573 1819 808 1881 ἀπάταις
843 1821 934 1870 καὶ
973 1819 1277 1887 τερατείαις
1298 1859 1312 1880 ,
1349 1835 1638 1886 συμπαρασ

90 1908 488 1979 λαμϐανομένων
536 1914 645 1973 τοῖς
698 1911 999 1981 γινομένοις
1049 1909 1273 1978 ἐπῳδῶν
1322 1910 1384 1978 δή
1441 1927 1634 1972 τινων,

93 1999 216 2066 μετά
235 2017 376 2063 τινος
400 2001 610 2070 ἀσήμου
648 2003 738 2053 καὶ
769 2000 1107 2072 βαρϐαρικῆς
1141 2001 1514 2071 ἐπιρῤήσεως,
1551 2001 1636 2052 ἵνα

90 2091 145 2159 δὴ
179 2093 275 2144 ὑπὸ
316 2094 514 2146 τούτων
564 2094 955 2156 σπουδάζεσθαι
983 2094 1158 2145 δοκεῖν
1200 2093 1265 2145 τά
1313 2093 1430 2163 μηδ’
1460 2092 1634 2145 ὁτιοῦν

91 2183 212 2252 πρὸς
232 2186 405 2238 αὐτῶν
427 2188 683 2256 γινόμενα
705 2204 718 2216 ο
757 2187 990 2256 μάλιστα
1020 2187 1076 2238 δὲ
1109 2187 1233 2248 τοὺς
1264 2183 1508 2248 πολλοὺς,
1542 2185 1632 2238 καὶ

88 2275 183 2327 τῶν
229 2279 336 2330 ἀπὸ
380 2279 623 2341 παιδείας
658 2279 927 2348 ὁρμᾶσθαι
983 2279 1353 2348 νομιζομένων
1398 2278 1631 2350 ἐκπλήτ-

87 2384 186 2419 τειν
216 2369 322 2440 (20)
351 2371 530 2424 αὑτῶν
577 2367 643 2438 δὴ
673 2372 780 2424 τῶν
827 2371 1089 2442 χρησμῶν
1131 2371 1196 2422 τὰ
1230 2372 1506 2439 ποιήματα
1529 2412 1541 2432 ,
1573 2367 1632 2422 εὖ

91 2459 177 2525 μὲν
300 2461 538 2513 συνθέσει
568 2459 676 2512 τῶν
707 2460 964 2529 ῥημάτων
1015 2458 1529 2526 κεκαλλωπισμένα,
1572 2452 1632 2509 εὖ

86 2548 135 2601 δὲ
167 2550 240 2621 τῷ
263 2553 359 2621 τῆς
404 2552 815 2622 μεγαλοφωνίας
859 2550 1006 2620 ὄγκῳ
1035 2549 1388 2618 τετυφωμένα
1410 2589 1423 2612 ,
1458 2548 1634 2618 πολλῷ

87 2639 135 2690 δὲ
157 2643 244 2696 καὶ
272 2641 346 2711 τῷ
367 2643 464 2711 τῆς
500 2642 809 2704 ἀνατάσεως
840 2639 1154 2710 κόμπῳ,,τῷ
1184 2656 1242 2691 τε
1269 2638 1634 2708 πεπλασμένῳ

88 2730 225 2799 τύπῳ
259 2732 354 2801 τῆς
402 2733 688 2803 θεοφορίας
734 2732 1220 2802 ἐσχηματισμένοι,
1268 2730 1360 2781 καὶ
1407 2729 1496 2781 διὰ
1534 2731 1633 2800 τῆς

90 2821 367 2889 ἀμφιϐόλου
394 2825 578 2894 φωνῆς
602 2825 692 2878 τὸν
723 2825 900 2877 πάντα
938 2822 1122 2894 σχεδὸν
1157 2820 1450 2875 ἀπατῶντα
1475 2821 1629 2873 λεών.

1750 739 1858 791 quo
1884 725 2114 793 quisque
2147 726 2400 794 indigeat,
2431 725 2647 779 curiose
2695 742 2758 779 ac
2796 726 3084 797 diligenter
3133 729 3312 796 inqui-

1751 826 1891 868 rant.
1941 815 2246 882 Quinetiam
2299 809 2561 887 pleraque
2605 821 2827 874 secretis
2880 821 2933 873 in
2989 821 3310 889 templorum

1750 908 1944 977 adytis,
1975 918 2028 961 et
2058 909 2150 975 iis,
2189 924 2420 977 quorum
2445 911 2513 962 ab
2534 926 2756 965 accessu
2788 912 3102 979 prohibetur
3127 913 3311 966 multi-

1749 999 1900 1062 tudo,
1960 1001 2326 1068 penetralibus
2375 1003 2670 1066 occultari;
2724 1018 3021 1072 eorumque
3079 1006 3305 1057 consilia

1746 1093 1942 1158 partim
1977 1092 2079 1145 loci
2107 1092 2366 1156 tenebris,
2406 1094 2601 1160 partim
2627 1094 2934 1159 hominum,
2957 1094 3047 1162 qui
3087 1111 3145 1148 sc
3177 1095 3308 1148 deo.-

1749 1181 1894 1249 ipsos
1920 1179 2070 1232 adire
2097 1180 2340 1243 credant,
2386 1183 2792 1249 Superstitione,
2827 1185 3022 1250 partim
3073 1183 3308 1250 denique

1746 1273 1986 1327 derivata
2005 1274 2209 1342 pridem
2239 1291 2267 1328 a
2296 1275 2596 1342 majoribus
2624 1276 2898 1342 Opinione,
2921 1291 3042 1344 quae
3060 1277 3307 1329 omnium

1746 1365 1959 1418 animos
1998 1365 2292 1433 occuparit,
2324 1380 2431 1417 non
2466 1365 2806 1418 mediocriter
2845 1367 3169 1433 permoveri.
3212 1367 3312 1420 Ac-

1745 1455 1901 1509 cedat
1928 1471 2091 1524 porro
2124 1472 2245 1510 cum
2271 1456 2604 1524 plebeiorum
2657 1457 2995 1525 ingeniorum
3039 1459 3263 1511 stultitia
3290 1499 3306 1522 ,

1746 1548 2005 1617 rudisque
2051 1549 2416 1602 multitudinis
2449 1549 2799 1616 imbecillum,
2826 1567 2890 1604 ac
2919 1550 3064 1604 nulla
3115 1551 3309 1618 proha—

1746 1651 1856 1693 tum
1880 1643 2210 1709 experientia
2248 1643 2550 1710 judicium;
2591 1651 2703 1696 tum
2734 1659 2861 1697 vero
2890 1644 3082 1698 callida
3117 1661 3304 1698 versu-

1745 1743 1905 1800 taque
1925 1747 2138 1794 eorum,
2171 1733 2264 1801 qui
2298 1733 2598 1786 maleficam
2626 1745 2794 1787 artem
2823 1735 3042 1789 assidue
3071 1745 3304 1789 tractant

1737 1833 2070 1891 versantque
2124 1823 2392 1885 solertia,
2458 1824 2925 1894 impostorumque
2985 1840 3162 1878 mores
3235 1825 3300 1878 ad

1744 1928 1960 1968 omnem
1982 1913 2251 1967 fallaciam
2280 1915 2647 1982 astutiamque
2672 1916 2952 1982 compositi
2981 1934 2996 1981 ;
3025 1918 3116 1985 qui
3142 1917 3304 1970 modo

1674 1979 1714 2031 Β
1743 2006 1863 2059 laeta
1897 2006 2094 2074 cuique
2123 2014 2245 2059 ante
2289 2021 2353 2059 ac
2398 1979 2636 2074 jucunda
2693 1979 3302 2075 poll-icentu-rppraasen-

1749 2106 1966 2165 temque
1999 2094 2272 2150 fortunam
2324 2097 2533 2149 meliori
2593 2111 2686 2164 spe
2741 2098 3111 2164 consolantur,
3142 2100 3302 2151 modo

1739 2189 1899 2243 etiam
1923 2189 1988 2242 de
2010 2188 2192 2242 futuro
2220 2189 2595 2257 conjicientes,
2621 2190 2826 2243 incerto
2841 2190 3114 2259 dubioque
3138 2205 3302 2245 sensu

1739 2280 1998 2334 vaticinia
2039 2278 2291 2344 fundunt,
2355 2283 2709 2350 responsique
2741 2291 2974 2336 mentem
3012 2283 3300 2336 verborum

1739 2370 2087 2436 amphiboliis
2121 2385 2184 2424 ac
2213 2369 2452 2424 tenebris
2484 2371 2784 2435 involvunt,
2817 2372 2894 2426 uti
2919 2388 2986 2426 ne
3024 2373 3146 2440 quis
3181 2387 3304 2425 ora-

1737 2460 1918 2512 culum
1947 2460 2227 2528 intelligat,
2255 2459 2355 2527 ipsi
2386 2473 2511 2512 vero
2541 2459 2892 2530 ambiguitate
2913 2460 3180 2514 dictorum
3204 2477 3300 2514 au-

1737 2566 1853 2603 sam
1882 2551 2324 2620 reprehensionis
2351 2549 2630 2620 eﬁ'ugiant.
2672 2550 2951 2604 Addiderit
2975 2551 3137 2604 etiam
3184 2552 3297 2620 ple-

1734 2656 1904 2710 raque
1937 2642 2059 2695 aliis
2087 2641 2370 2696 fraudibus
2402 2642 2800 2712 prmstigiisque
2821 2641 3136 2710 contingere
3162 2681 3176 2702 ,
3244 2651 3304 2694 ιιι

1735 2733 1880 2800 quod
1915 2734 2004 2798 iis,
2037 2749 2159 2802 qua:
2203 2744 2313 2786 tum
2368 2734 2527 2797 ﬁunt,
2561 2734 2859 2798 cautiones,
2906 2733 3088 2787 nescio
3115 2747 3253 2801 quas
3282 2774 3299 2798 ,

1736 2823 2050 2886 adhibeant,
2073 2839 2197 2877 cum
2224 2825 2404 2892 ignota
2439 2823 2672 2892 quadam
2721 2834 2776 2878 et
2815 2825 3045 2879 barbara
3085 2825 3305 2879 invoca-

90 2918 218 2973 tione
241 2921 580 2988 conjunctas,
610 2928 671 2972 ut
693 2921 963 2989 praecipuo
995 2918 1176 2972 studio
1207 2917 1260 2970 in
1302 2932 1385 2981 ca,
1417 2932 1538 2986 quze
1595 2915 1729 2970 nihil
1761 2932 1988 2986 prorsus
2051 2918 2118 2972 ad
2170 2918 2290 2971 illos
2327 2917 2649 2985 pertineant,
2710 2918 3020 2973 incumbere
3085 2922 3304 2976 videan-

89 3012 363 3066 turznihil
389 3023 568 3066 tamen
593 3027 746 3080 atque
776 3009 1141 3064 multitudinis
1192 3011 1408 3064 animos
1441 3009 1758 3078 percellere,
1793 3019 1954 3079 atque
2017 3011 2340 3064 concinnata
2389 3010 2767 3074 oraculorum,
2821 3027 2941 3079 quae
2997 3027 3120 3065 cum
3176 3012 3304 3066 libe-

92 3105 244 3158 berali
267 3106 567 3160 eruditione
598 3103 750 3158 fundi
803 3111 1062 3172 putantur
1111 3103 1355 3156 carmina
1387 3119 1401 3165 ;
1458 3109 1646 3169 utpote
1682 3118 1804 3171 qua
1852 3120 1975 3158 cum
2043 3113 2315 3160 structura
2359 3104 2646 3158 verborum
2669 3112 2880 3168 ornata,
2917 3115 3029 3157 tum
3065 3120 3190 3158 vero
3218 3115 3303 3158 tu-

90 3212 225 3250 more
251 3208 305 3250 ct
325 3197 624 3267 granditate
653 3194 917 3248 orationis
947 3193 1128 3247 iuﬁata
1165 3193 1272 3247 sint
1295 3233 1310 3256 ,
1340 3193 1621 3260 multoque
1661 3193 1810 3248 vocis
1839 3210 1904 3248 ac
1938 3196 2160 3266 reliquae
2197 3195 2578 3250 ostentationis
2635 3193 2781 3258 fuco,
2843 3196 3069 3265 ipsaque
3122 3200 3304 3266 specie

90 3291 348 3358 praesentis
406 3291 641 3344 adlatum
706 3289 946 3343 numinis
1009 3289 1355 3355 mentiantur,
1411 3293 1574 3358 atque
1613 3287 1926 3343 universum
1977 3290 2089 3345 fere
2119 3292 2377 3361 populum
2447 3291 2609 3345 dubia
2668 3305 2861 3345 vocum
2909 3291 3303 3360 signiﬁcatione

89 3385 357 3453 decipiant.

591 3479 985 3530 ΚΕΦΑΛΑῘΟΝ
1026 3480 1100 3530 B'.

94 3590 198 3659 Ὀτι
247 3589 364 3655 τοῖς
409 3589 695 3643 θέλουσιν
741 3576 988 3659 εὐχερὲς
1039 3589 1342 3659 ἀποφῆναι
1390 3591 1630 3658 πλάνην

147 3656 291 3712 εἶναι
339 3659 448 3730 τὴν
499 3660 626 3730 περὶ
687 3656 1228 3730 τῶνηχρηστηρίων
1269 3656 1630 3730 ἐπαγγελίαν

148 3730 237 3781 καὶ
271 3729 495 3797 γοήτων
521 3728 753 3796 ἀνδρῶν
773 3729 1173 3799 ῥᾳδιουργίαν.

153 3843 283 3894 Ὅσα
305 3841 431 3910 γοῦν
461 3843 642 3905 αὐτοῖς
689 3842 783 3912 τὴν
828 3841 1153 3911 ἀμφιϐολίαν
1187 3842 1492 3910 ἐκπέφευγε
1522 3842 1626 3894 τῶν

90 3935 350 4003 χρησμῶν,
381 3936 439 3988 οὐ
486 3935 625 3988 κατά
669 3935 972 4005 πρόγνωσιν
1017 3933 1109 3985 τοῦ
1155 3933 1454 4004 μέλλοντος,
1488 3934 1624 3987 κατὰ

89 4024 136 4078 δέ
165 4043 276 4078 τινα
313 4027 612 4097 στοχασμὸν
640 4027 998 4098 ἐξηνέγμένα·
1031 4026 1232 4078 τούτων
1266 4027 1452 4098 μυρία,
1489 4026 1624 4094 μᾶλ-

90 4119 166 4172 λον
194 4121 246 4174 δὲ
277 4121 342 4174 τὰ
385 4124 558 4176 πάντα
600 4122 778 4192 σχεδὸν
809 4122 921 4193 ἥλω
965 4120 1217 4184 πολλάκις
1257 4121 1354 4191 τῆς
1385 4122 1627 4191 προρῤή-

94 4227 211 4276 σεως
251 4215 700 4275 ἀποπεπτωκὸτα,
747 4213 997 4275 ἐναντίως
1039 4213 1070 4282 ἢ
1115 4211 1252 4264 κατὰ
1305 4225 1365 4262 το
1395 4211 1629 4282 χρησθὲν

91 4300 169 4353 τοῦ
189 4303 290 4355 τῶν
319 4304 654 4376 πραγμάτων
678 4303 862 4366 τέλους
892 4306 988 4373 τὴν
1010 4301 1228 4354 ἔκϐασιν
1253 4300 1628 4370 ἀπειληφότος,

94 4395 133 4443 εἰ
177 4397 244 4466 μή
278 4399 390 4449 ποτ’
408 4397 515 4468 ἄρα
565 4396 804 4459 σπανίως
832 4396 889 4447 ἓν
928 4413 1057 4447 ποτε
1099 4397 1160 4445 ἐκ
1185 4395 1390 4464 μυρίων
1422 4379 1632 4463 συμϐὰν

95 4487 216 4539 κατά
238 4505 350 4540 τινα
377 4487 548 4559 φορὰν
584 4488 923 4557 συντυχικὴν,
960 4489 992 4558 ἢ
1028 4485 1165 4539 κατά
1188 4485 1286 4555 τὴν
1320 4484 1631 4555 στοχασθεῖ-

97 4592 178 4627 σαν
207 4578 294 4630 τοῦ
343 4579 619 4648 μέλλοντος
664 4579 1004 4650 προσδοκίαν,
1031 4578 1120 4630 τὸν
1157 4576 1400 4647 χρησμὸν
1433 4575 1632 4646 ἐπαλη-

95 4664 248 4718 θεύειν
292 4666 544 4740 ἐνομίσθη
596 4671 784 4722 ποιεῖν.
827 4670 891 4719 '0
934 4666 997 4736 δὴ
1052 4667 1146 4719 καὶ
1194 4667 1424 4736 μάλιστα
1472 4660 1633 4736 ¹θρυλ-

97 4757 293 4823 λοῦντας
337 4759 401 4813 ἂν
447 4757 604 4822 ἴδοις,
644 4760 734 4812 καὶ
774 4759 995 4828 στήλαις
1042 4759 1503 4829 ἐγχαράττοντας,
1539 4759 1638 4809 καὶ-

2261 3470 2417 3540 133
2448 3469 2677 3525 CAPUT
2705 3471 2771 3523 ιι.

1739 3589 2047 3655 Promptum
2100 3601 2209 3638 esse
2250 3586 2410 3638 cuivis
2443 3585 2746 3649 ostendere,
2781 3584 3031 3653 quidquid
3083 3593 3300 3639 oracula

1806 3659 2122 3727 pollicentur
2147 3697 2163 3721 ,
2216 3666 2262 3708 et
2297 3655 2639 3723 veneﬁcarum
2681 3657 2950 3708 hominum
3004 3659 3298 3726 praestigias

1810 3745 2008 3781 meram
2038 3729 2384 3794 imposturam
2406 3742 2535 3779 esse.

1809 3838 2100 3892 Enimvero
2133 3852 2473 3908 quascunque
2519 3837 2588 3891 ab
2619 3837 2738 3891 istis
2769 3836 2887 3892 sine
2911 3836 3018 3891 ulla
3053 3819 3297 3907 responsi

1739 3931 2093 3999 ambiguitate
2129 3930 2387 3997 praedicta
2442 3929 2594 3990 sint,
2641 3942 2749 3980 non
2811 3943 2878 3982 ex
2933 3931 3299 3996 pmsensione

1739 4022 1973 4092 quadam
2001 4036 2066 4075 ac
2088 4020 2311 4074 scientia
2348 4018 2654 4070 futurorum
2675 4057 2691 4080 ,
2719 4017 2812 4070 sed
2847 4031 2913 4070 ex
2957 4017 3136 4085 aliqua
3179 4028 3298 4072 tan-

1739 4121 1852 4165 tum
1902 4108 2226 4179 conjiciendi
2283 4107 2334 4159 vi
2392 4105 2788 4176 pronuntiata;
2837 4121 2904 4159 ex
2976 4107 3042 4161 iis
3088 4108 3295 4162 inﬁnita

1739 4202 1895 4271 plane
1930 4201 2328 4268 deprehensum
2350 4213 2493 4263 esse,
2521 4197 2630 4250 imo
2646 4213 2815 4266 prope
2841 4199 3071 4254 dixerim
3092 4203 3297 4268 omnia,

1735 4291 2101 4361 praedictionis
2134 4292 2332 4358 saepius
2362 4293 2588 4345 veritate
2613 4290 2877 4355 caruisse,
2907 4307 3033 4344 cum
3059 4308 3144 4348 res
3167 4307 3299 4348 con-

1734 4385 1959 4439 trarium
1991 4385 2216 4439 oraculo
2249 4384 2412 4437 ﬁnem
2447 4392 2503 4436 et
2549 4384 2752 4438 exitum
2805 4385 3161 4440 habuissent:
3193 4389 3298 4442 nisi

1736 4496 1884 4544 vero,
1919 4481 2064 4550 quod
2086 4495 2210 4533 raro
2244 4478 2560 4542 admodum,
2590 4488 2752 4548 atque
2784 4494 2952 4532 unum
2975 4495 3039 4534 ex
3073 4479 3298 4532 inﬁnitis

1735 4573 1958 4640 aliquid,
1991 4582 2086 4625 aut
2120 4588 2249 4626 casu
2274 4571 2516 4636 fortuito,
2564 4580 2659 4624 aut
2689 4585 2785 4638 spe
2839 4570 3021 4639 aliqua
3056 4569 3294 4623 futurum

1736 4675 1999 4734 augurata
2020 4664 2329 4732 contigerit,
2371 4663 2423 4716 id
2468 4661 2711 4717 veritatis
2738 4662 3052 4732 opinionem
3077 4661 3297 4714 oI-aculo

1737 4757 2008 4811 conciliet.
2043 4739 2178 4808 Nam
2213 4757 2342 4810 illud
2389 4757 2606 4810 demum
2637 4770 2776 4819 esse,
2819 4755 2963 4824 quod
2988 4753 3056 4806 ab
3085 4753 3203 4805 istis
3220 4751 3298 4821 ja-

98 4851 371 4920 πανταχόσε
403 4850 504 4918 γῆς
551 4847 804 4917 βοῶνταςο
839 4849 920 4901 ὅτι
971 4848 1088 4918 μὲν,
1137 4850 1185 4900 εί
1232 4847 1402 4917 τύχοι,
1429 4846 1630 4898 τοσοίδε

1740 4849 1873 4902 ctari
1908 4848 2164 4908 maxime,
2195 4859 2462 4900 terrarum
2495 4846 2697 4914 ubique
2723 4861 2916 4914 magna
2941 4860 3071 4897 voce
3099 4845 3295 4910 praadi-

98 4941 172 4991 τὸν
199 4942 416 5013 ἀριθμὸν
446 4940 856 5011 ἀπεσφάλησαν,
907 4941 1127 5012 μηδαμῆ
1173 4941 1398 5012 μηδενὸς
1429 4938 1632 4991 ἐθέλον-

99 5045 173 5090 τες
203 5031 303 5099 (21)
333 5029 706 5101 μνημονεύειψ
737 5029 818 5081 ὅτι
861 5028 915 5079 δὲ
947 5028 1082 5097 τῷδε
1111 5029 1218 5082 ἀπὸ
1249 5030 1456 5100 μυρίων
1493 5041 1629 5080 συν-

102 5117 234 5186 έτυχέ
261 5138 308 5172 τι
354 5119 459 5174 τῶν
499 5120 872 5192 χρησθέντων,
921 5119 1031 5173 ἂνω
1074 5120 1166 5172 καὶ
1214 5121 1362 5174 κάτω
1408 5119 1630 5188 περιφέ-

102 5223 284 5275 ροντας·
311 5212 384 5275 ὡς
423 5215 475 5266 εί
513 5231 595 5275 τις
633 5212 727 5264 καὶ
766 5212 856 5264 ἐπὶ
886 5209 977 5263 δύο
1020 5210 1373 5280 λαγχάνουσιν
1399 5212 1504 5263 ἀπὸ
1532 5229 1628 5280 μυ-

105 5300 231 5367 ρίων,
256 5305 301 5355 εἰ
341 5303 447 5373 ἄρα
487 5305 623 5355 ’ποτέ
652 5296 884 5366 εἰσάπαξ
925 5302 1118 5364 αὐτοὺς
1156 5303 1296 5356 κατά
1318 5303 1426 5355 τῶν
1453 5301 1630 5373 αὐτῶν

103 5397 366 5461 συμπεσεῖν
410 5394 584 5463 ἔτυχε,
634 5393 931 5465 θαυμάζοι,
956 5394 1036 5454 ’ὼς
1079 5393 1217 5464 κατά
1249 5394 1505 5464 μαντείαν
1537 5394 1633 5445 καὶ

105 5485 375 5553 πρόγνωσιν
425 5484 521 5537 ἕνα
570 5485 662 5538 καὶ
708 5485 798 5538 τὸν
854 5487 1013 5545 αὑτὸν
1069 5475 1392 5556 ἀμφοτέροις
1436 5485 1627 5555 συνέϐη

160 5640 255 5711 (20)
305 5638 702 5711 ’Enxlﬁrrstr.
745 5641 1013 5694 lllustrior
1036 5637 1280 5692 fortassis
1296 5638 1473 5691 oratio
1491 5640 1631 5711 vide-

107 5709 247 5776 retur,
268 5713 309 5766 si
336 5710 398 5764 τὺ
416 5709 796 5778 ἐκπλήττειν,
822 5711 1153 5778 praecedente
1173 5722 1335 5778 versu
1361 5716 1484 5778 post
1503 5709 1629 5778 τοὺς

107 5778 300 5845 πολλούς
325 5781 672 5835 scriberetur.
710 5777 866 5833 Levis
899 5792 1076 5834 tamen
1111 5781 1210 5832 ista
1241 5777 1485 5845 traiectio
1514 5777 1629 5832 fue-

109 5848 180 5905 rit.
204 5852 242 5904 si
273 5866 396 5904 cum
431 5850 623 5903 Atticis
650 5848 978 5902 conferatur.

165 5916 258 5987 (9.1)
296 5916 548 5987 undam";
594 5917 851 5986 μηδενὸς
907 5919 1235 5982 ἐθέλοντες.
1277 5917 1350 5970 Ita
1416 5931 1624 5971 omnes.

312 6015 584 6074 ΡΑτιιοι..
631 6015 747 6074 Gn.
797 6015 966 6077 XXI.

1741 4941 1876 5001 cari,
1905 4939 1958 4990 in
1990 4940 2176 5005 cippos
2206 4949 2260 4992 et
2288 4938 2571 4991 columnas
2599 4937 2764 4990 incidi
2784 4936 2968 4990 Videas
2993 4956 3006 4999 ;
3034 4935 3294 5004 quicum,

1742 5033 1786 5085 si
1813 5030 2029 5100 quando
2049 5017 2236 5082 rep'ita
2275 5028 2476 5087 tulerit,
2515 5029 2658 5096 quod
2695 5038 2803 5081 tam
2837 5028 2990 5081 multi
3015 5039 3300 5098 exspecta-

1739 5127 1886 5180 tione
1905 5137 2002 5178 sua
2033 5121 2240 5188 decepti
2269 5119 2486 5180 fuerint,
2514 5121 2735 5175 verbum
2764 5121 2920 5189 plane
2944 5122 3150 5176 nullum
3185 5124 3298 5178 ﬁeri

1737 5215 1942 5276 velint;
1980 5221 2094 5265 tum
2120 5225 2267 5273 vero,
2301 5211 2443 5279 quod
2470 5211 2564 5262 uni
2589 5226 2655 5264 ex
2693 5210 2918 5268 inﬁnitis
2946 5213 3108 5267 alicui
3139 5229 3301 5282 prout

1738 5312 1806 5363 ab
1843 5306 2063 5360 oraculo
2115 5318 2433 5372 responsum
2487 5303 2695 5366 fuerat,
2751 5307 3030 5381 acciderit,
3066 5307 3117 5358 id
3150 5305 3298 5358 nullo

1740 5418 1846 5454 non
1880 5401 1999 5452 loco
2025 5395 2428 5452 circumferant.
2464 5394 2580 5460 Qua
2599 5397 2650 5448 in
2685 5412 2742 5449 re
2767 5397 2989 5465 perinde
3007 5410 3063 5448 se
3089 5408 3298 5461 gerant,

1739 5508 1802 5545 ac
1834 5492 1876 5543 si
1917 5490 2060 5557 quis,
2095 5503 2216 5541 cum
2247 5503 2314 5541 ex
2361 5486 2572 5540 inﬁnita
2602 5489 2883 5540 hominum
2936 5485 3253 5543 micantium
3283 5529 3298 5552 ,

1740 5645 1845 5700 Sed
1877 5644 2140 5713 profecto,
2175 5647 2364 5698 saltem
2414 5643 2694 5704 ἐθέλοντας
2721 5640 3112 5709 ‘reponendum
3147 5642 3298 5694 vide-

1737 5726 1843 5776 tur,
1869 5727 2063 5768 utcum
2094 5715 2519 5782 praecedentibus
2547 5721 2786 5767 accusat.
2817 5721 2870 5762 et
2895 5721 3174 5782 sequente,
3205 5727 3300 5782 πε-

1775 5779 2412 5854 ιφέροντας,’ροηνειιίειι.
2457 5784 2649 5854 νὶᾳηὶη
2701 5796 2872 5854 marg.
2905 5780 2990 5830 τσ.
3024 5779 3299 5849 Μηδαμῶς

1775 5801 2074 5854 ιφεροντας,
2108 5801 2412 5838 conveniat.
2458 5801 2565 5849 για.
2599 5801 2649 5834 ιιι
2701 5801 2818 5831 mar
2861 5819 2872 5830 .
2905 5801 2982 5830 ισ.

1739 5801 2036 5916 ἕθέλοντας.
2071 5854 2198 5919 Alii,
2235 5854 2468 5923 Μηδενὸς
2501 5852 2791 5909 ἐθέλοντος.
2818 5801 2982 5903 Enn.

2858 6012 2895 6066 8
