4044 6334
756 441 858 496 255
1421 440 1688 498 EUSEBII
1728 438 2206 503 C/ESARIENSIS
2245 437 2392 492 OPP.
2432 436 2612 491 PARS
2646 436 2706 491 ll.
2736 408 2804 477 -έ-
2833 435 3340 493 APOLOGETICA.
3879 436 3972 488 236

758 567 930 619 aliove
962 565 1121 620 sortis
1145 579 1336 635 genere
1356 612 1360 623 .
1383 566 1647 620 utentium
1689 568 2052 631 multitudine,
2078 567 2186 620 duo
2211 564 2310 618 aii-
2347 603 2355 622 λ

2374 581 2387 621 t
2420 563 2717 634 περιελθεῖν
2749 561 2994 633 ἀριθμόν.
3031 562 3186 614 Οὕτω
3217 561 3323 630 γὰρ
3356 560 3497 630 ἔχειν
3540 561 3598 611 τὸ
3642 559 3748 611 ἀπὸ
3775 559 3971 628 μυρίων

759 657 849 725 qui
877 657 956 710 vel
1002 657 1165 710 semel
1205 664 1412 710 tantum
1467 659 1519 710 in
1548 660 1733 712 eadem
1767 675 1894 714 casu
1928 659 2265 712 incurrerent
2297 696 2312 719 ,

2418 655 2508 706 ἐπὶ
2558 655 2768 724 μυρίοις
2809 653 3171 724 χρησθέντων,
3221 652 3364 716 ἅπαξ
3407 651 3536 704 ποτε
3594 650 3807 719 συμϐὰν
3849 650 3971 701 κατὰ

761 745 957 798 factum
988 744 1296 811 miraretur,
1325 746 1481 814 quasi
1501 761 1563 799 ex
1590 746 1921 802 divinatione
1939 747 2176 817 quadam
2204 761 2317 802 sor-

2416 744 2600 815 τύχην·
2641 745 2670 797 δ
2702 744 2797 798 xui
2833 743 3104 796 συνιδόντα
3141 744 3226 796 τὸν
3263 744 3426 814 μηδὲν
3475 742 3701 814 στερρὸν
3749 743 3805 792 ἐν
3836 740 3969 809 βάθει

761 837 935 905 lisque
986 834 1179 890 futurae
1212 837 1458 895 scientia.
1513 853 1657 892 unus
1695 848 1858 907 atque
1903 839 2041 891 idem
2099 838 2316 908 utrique

2415 833 2589 903 ψυχῆς
2613 834 2946 903 κεκτημένον
2978 833 3510 904 ὑπερεκπλήττεσθαι
3544 834 3607 885 τὸ
3640 833 3968 903 χρηστήριον.

759 943 1015 982 numerus
1047 927 1347 998 obtigisset.
1371 928 1627 983 Eamdem
1661 931 1806 984 enim
1847 929 1967 999 ejus
1996 945 2118 984 esse
2149 931 2318 983 ratio-

2417 918 2460 992 ᾧ
2493 925 2625 978 πολὺ
2652 928 2900 996 κρεῖττον
2927 921 2994 995 ἦν
3016 926 3076 979 τὸ
3111 926 3186 996 μὴ
3207 927 3513 996 ἀερραίνειν,
3549 925 3972 993 συλλογισαμένῳ

758 1033 900 1081 nem,
936 1020 1079 1084 quod
1113 1033 1280 1071 unum
1313 1033 1377 1072 ex
1415 1018 1642 1074 inﬁnitis
1671 1028 1852 1074 vatum
1883 1021 2198 1089 responsis,
2252 1035 2317 1073 ac

2415 1019 2557 1082 ὅσοις
2591 1017 2769 1082 ἄλλοις
2811 1018 3043 1070 Θανάτου
3087 1018 3370 1086 γεγόνασιν
3413 1019 3594 1079 αἴτιοι,
3649 1015 3890 1077 στάσεώς
3923 1033 3971 1068 τε

756 1108 897 1162 circa
927 1123 1012 1163 res
1051 1125 1276 1164 numero
1317 1111 1558 1166 infinitas
1590 1112 1773 1178 editis,
1809 1112 1949 1168 forte
1982 1113 2195 1168 fortuna
2230 1128 2315 1167 se-

2416 1110 2508 1162 xui.
2543 1110 2790 1180 πολέμων
2833 1111 2880 1163 oi
2912 1109 3282 1181 δεδηλωμένοι·
3315 1109 3616 1178 σκέψασθαί
3647 1126 3704 1161 τε
3743 1109 3851 1160 τῶν
3885 1125 3971 1160 πα-

756 1201 859 1253 mel
880 1201 1114 1255 evenerit
1144 1218 1158 1254 :
1191 1201 1242 1255 id
1275 1202 1420 1269 quod
1457 1201 1547 1255 ubi
1581 1203 1706 1271 quis
1732 1204 2064 1259 intellexerit
2088 1246 2102 1268 ,
2159 1205 2316 1274 cujus

2415 1202 2581 1256 λαιῶν
2612 1203 2710 1266 τὰς
2745 1201 3001 1271 ἱστορίας,
3053 1204 3146 1255 καὶ
3197 1203 3425 1255 συνιδεῖν
3466 1202 3540 1265 ὡς
3586 1201 3706 1253 οὐδὲ
3749 1200 3810 1253 τὸ
3839 1218 3973 1270 τηνι-

754 1291 967 1346 animus
991 1292 1123 1345 nihil
1143 1292 1290 1345 intus
1320 1293 1499 1356 solidi,
1561 1295 1695 1349 nihil
1724 1299 2028 1353 constantis
2078 1299 2271 1352 habeat
2298 1341 2312 1365 ,

2415 1292 2544 1346 κάδε
2595 1293 2795 1363 ἀρετῆς
2839 1309 2891 1344 τι
2939 1291 3088 1356 Θείας
3133 1293 3290 1365 ἔργον
3334 1293 3702 1358 ἀπεδείξαντο,
3751 1293 3972 1362 ὁπηνίκα

754 1393 864 1436 tum
897 1399 1024 1438 vero
1056 1386 1328 1438 hominem
1361 1387 1564 1440 oraculi
1617 1389 1996 1444 certitudiuem
2053 1391 2311 1461 obstupe-

2413 1383 2562 1452 ἤνθει
2618 1383 2714 1452 μὲν
2765 1383 2833 1435 τά
2887 1383 3204 1454 Ἑλληνικὰ,
3259 1387 3594 1454 συνειστήκει
3645 1384 3701 1436 δὲ
3743 1382 3812 1435 τὰ
3857 1384 3971 1452 πρὶν

752 1490 902 1529 scere
925 1493 940 1540 ;
967 1490 1127 1545 quem
1156 1490 1286 1529 sane
1320 1478 1476 1548 longe
1507 1489 1808 1547 prastaret,
1833 1483 2083 1536 vecordia
2111 1484 2311 1552 posita,

2406 1471 2690 1543 ’βοώμενα,
2747 1473 2839 1525 νῦν
2900 1473 2954 1526 δὲ
3009 1476 3199 1544 μηκέτ’
3244 1476 3370 1528 ὄντα
3424 1477 3749 1546 χρηστήρια,
3805 1477 3971 1544 πάσης

753 1578 933 1616 secum
962 1563 1273 1632 diligentius
1307 1576 1591 1634 reputare,
1644 1583 1806 1636 quam
1845 1571 2031 1626 multis
2060 1573 2183 1627 aliis
2229 1576 2311 1629 vel

2416 1566 2669 1634 προνοίας
2704 1569 2795 1618 xui.
2850 1567 3083 1637 σπουδῆς
3129 1561 3404 1636 ἠξιωμένα
3452 1568 3585 1638 πρὸς
3627 1569 3732 1620 τῶν
3781 1570 3969 1636 ἐπιχω-

752 1656 1047 1718 interitum,
1074 1657 1154 1709 vel
1184 1657 1553 1712 dissensiones
1581 1669 1634 1712 et
1671 1660 1809 1714 bella
1853 1676 2021 1730 genus
2053 1663 2104 1716 id
2137 1665 2316 1717 homi-

2413 1657 2576 1728 ρίων,
2611 1658 2719 1709 τῶν
2768 1658 2830 1729 δὴ
2866 1664 3138 1729 πατρῴοις
3184 1656 3367 1730 νόμοις
3419 1678 3476 1712 τε
3525 1660 3619 1713 xui.
3667 1661 3972 1731 μυστηρίοις

753 1762 879 1798 num
903 1746 1243 1813 consciverit,
1268 1763 1330 1802 ac
1362 1758 1601 1803 veterum
1622 1750 1973 1805 historiarum
1994 1754 2310 1808 memoriam

2417 1749 2675 1803 σεϐόντων
2719 1769 2777 1803 τε
2821 1752 2957 1803 αὐτά
2995 1751 3087 1805 xui.
3119 1751 3546 1822 θεραπευόντων,
3580 1752 3672 1804 xui
3703 1753 3823 1804 τότε
3856 1752 3972 1819 γοῦν

750 1836 1075 1905 cogitatione
1099 1840 1408 1908 repetendo,
1443 1841 1903 1908 animadvertere,
1952 1859 2019 1898 ne
2050 1855 2160 1898 tum
2191 1849 2311 1914 qui-
2342 1907 2347 1919 η

2375 1911 2380 1919 _
2419 1841 2648 1919 μάλιστα
2690 1843 2750 1895 τὸ
2801 1843 2965 1913 μηδὲν
3002 1842 3258 1897 δύνασθαι
3307 1843 3725 1914 ἀπηλέγχθησαν
3761 1847 3818 1898 ἐν
3865 1846 3972 1904 ταῖς

751 1930 867 1980 dem
901 1930 1067 1984 ullum
1097 1906 1249 1985 abiis
1276 1930 1473 1986 divina:
1493 1935 1710 1988 virtutis
1726 1951 1862 2005 opus
1887 1937 2090 1991 editum
2117 1937 2308 2004 fuisse,
2342 1907 2348 1960 1

2374 1911 2383 1958 ί
2412 1931 2520 1984 τῶν
2547 1931 2791 2002 πολέμων
2816 1950 2878 1984 συ
2888 1936 3137 2003 μφοραῖςο
3161 1935 3217 1986 ὲν
3243 1931 3328 1997 αἷς
3359 1934 3569 2004 βοηθεῖν
3599 1934 3971 1995 ἀδυνατοῦντες

749 2035 870 2073 cum
907 2031 959 2074 ct
1008 2037 1094 2075 res
1127 2021 1346 2078 Graecus
1395 2026 1630 2081 maxime
1682 2027 1958 2090 florerent,
2007 2036 2061 2083 et
2109 2030 2310 2100 jactata

2413 2023 2462 2074 οί
2492 2027 2725 2091 γενναῖοι
2759 2023 3072 2093 θεσπιῳδοὶ,
3107 2025 3171 2076 δι’
3200 2024 3526 2094 ἀμφιϐολίας
3575 2025 3680 2077 τῶν
3720 2025 3972 2096 χρησμῶν

748 2111 1020 2179 quondam
1051 2115 1290 2174 oracula.
1346 2131 1468 2182 quae
1524 2117 1626 2171 hoc
1665 2127 1908 2187 tempore
1939 2120 2088 2175 nulla
2137 2131 2308 2188 sunt,

2412 2116 2626 2184 ἥλωσαν
2693 2117 3042 2186 σοφισάμενοι
3090 2118 3215 2180 τοὺς
3270 2117 3613 2186 πρόσφυγαςσ
3658 2116 3846 2185 ῶσπερ
3890 2111 3971 2167 οὖν

751 2209 971 2273 integra:
1027 2207 1368 2260 auctoritatis
1397 2218 1577 2261 essent
1604 2249 1619 2272 ,
1666 2221 1717 2262 et
1758 2211 1826 2263 ab
1859 2210 2128 2281 indigenis
2161 2217 2310 2268 omni

2413 2207 2553 2260 κατὰ
2599 2208 2690 2259 τὸν
2728 2208 2916 2260 δέοντα
2971 2208 3157 2276 καιρὸν
3205 2207 3574 2274 ἐπιδείξομεν,
3615 2207 3970 2277 παριστῶντες

748 2295 928 2348 studio
954 2309 1194 2365 curaque
1220 2296 1424 2360 habita,
1450 2300 1640 2368 patriis
1693 2301 1886 2356 ritibus
1912 2313 2073 2371 atque
2105 2317 2309 2376 myste-

2411 2298 2557 2361 ὅπως
2598 2297 2693 2350 xui.
2735 2299 2814 2360 είς
2857 2296 2948 2350 τὸν
2994 2296 3112 2349 κατ’
3147 2296 3385 2368 ἀλλήλων
3419 2297 3652 2367 πόλεμον
3679 2299 3805 2359 τοὺς
3837 2313 3967 2366 χρω-

753 2387 848 2439 riis
884 2388 1131 2455 religiose
1165 2389 1452 2444 admodum
1478 2391 1804 2449 colerentur.
1832 2394 1896 2449 Et
1922 2411 2053 2452 sane
2077 2398 2182 2451 vim
2213 2415 2308 2454 eo-

2415 2388 2609 2456 μένους
2656 2386 3004 2457 παρώξυνον,
3059 2387 3153 2440 καὶ
3200 2387 3273 2450 ὡς
3324 2389 3442 2442 οὐδὲ
3493 2389 3623 2459 περὶ
3679 2388 3967 2440 σπουδαίων

747 2492 866 2530 rum
899 2479 1099 2532 nullam
1142 2495 1261 2534 esse
1295 2490 1406 2535 tum
1445 2484 1712 2552 praecipue
1767 2487 2010 2541 constitit
2051 2504 2114 2542 ex
2143 2491 2310 2544 bello-

2414 2478 2752 2547 πραγμάτων
2778 2479 2874 2541 τὰς
2905 2478 3223 2549 ἀποκρίσεις
3263 2479 3560 2539 ἐποιοῦντο,
3591 2479 3685 2531 xui.
3712 2478 3787 2540 ὡς
3818 2476 3967 2528 ἐπλά-

746 2585 864 2622 rum
921 2570 1357 2625 calamitatibus:
1405 2573 1562 2644 134
1618 2575 1670 2627 in
1725 2576 1945 2644 quibus,
1993 2579 2136 2646 quod
2174 2581 2310 2632 nihil

2414 2586 2518 2619 νων
2569 2568 2654 2620 διὰ
2695 2567 2807 2620 τῶν
2842 2569 3103 2639 χρησμῶν
3145 2566 3428 2630 παίζοντες
3473 2570 3599 2631 τοὺς
3640 2569 3963 2640 ἐρωτῶντας,

751 2658 870 2725 opis
898 2667 952 2710 et
972 2658 1157 2710 auxilii
1187 2657 1433 2712 conferre
1461 2669 1681 2727 possent
1717 2662 1916 2732 egregii
1965 2662 2200 2718 fatorum
2227 2666 2310 2718 in-

2412 2661 2503 2712 καὶ
2544 2659 2617 2722 ὡς
2663 2659 2739 2730 τῷ
2772 2661 2868 2730 τῆς
2915 2661 3179 2728 ἀσαφείας
3228 2659 3402 2729 σκότῳ
3441 2660 3538 2728 τὴν
3580 2659 3724 2727 σερῶν
3757 2660 3964 2726 ἄγνοιαν

745 2758 1026 2816 tcrpretes,
1075 2763 1458 2818 responsorum
1502 2751 1854 2822 ambiguitate
1910 2754 2132 2810 clientes
2179 2771 2309 2811 suos

2412 2751 2844 2822 ἀπεκρύπτοντο.
2893 2751 3094 2819 Σκέψαι
3142 2751 3198 2803 δὲ
3237 2752 3328 2803 xui
3357 2751 3514 2813 αὐτὸς
3546 2750 3862 2820 πυθόμενος,
3900 2749 3963 2809 ὡς

744 2837 997 2895 fefellisse
1017 2841 1246 2896 convicti
1272 2851 1419 2907 sunt,
1449 2845 1908 2912 quemadmodum
1942 2863 2041 2902 suo
2071 2848 2192 2902 loco
2224 2849 2310 2903 de-

2411 2843 2504 2894 καὶ
2543 2843 2844 2913 ἀρρώστοις
2873 2843 3128 2905 πολλάκις
3177 2841 3341 2912 ρῶσιν
3373 2843 3462 2895 xui.
3492 2843 3634 2912 ζωὴν
3679 2844 3769 2895 καί
3803 2858 3962 2908 σωτη-

747 2933 1167 2986 monstrabimus
1192 2969 1206 2993 ,
1249 2948 1371 2986 cum
1435 2936 1677 2987 omnium
1711 2937 2062 3004 subjiciemus
2091 2938 2264 2993 oculis
2293 2981 2306 3003 ,

2414 2931 2534 3000 ρίαν
2564 2932 2944 3002 ὑποσχόμενοι,
2973 2933 3204 2986 κᾶπειτα
3240 2932 3613 2994 πιστευθέντες
3640 2934 3713 2996 ὡς
3745 2934 3810 3004 δὴ
3838 2933 3958 2991 θεοὶ,

746 3038 853 3092 quo
881 3033 1039 3091 pacto
1069 3039 1186 3089 eos,
1222 3026 1314 3094 qui
1347 3026 1629 3078 oraculum
1655 3028 2032 3093 consulebant,
2058 3011 2306 3082 mutuum

2412 3024 2502 3075 καὶ
2534 3025 2629 3094 τῆς
2655 3024 2838 3077 ἐνθέου
2873 3025 3074 3095 ταύτης
3115 3023 3382 3094 ἐμπορίας
3426 3024 3689 3093 μεγάλους
3721 3027 3844 3087 τοὺς
3889 3041 3961 3093 μι-

748 3114 801 3165 in
831 3113 1029 3166 bellum
1057 3116 1336 3179 aeuerint;
1367 3129 1463 3168 nec
1493 3115 1559 3168 de
1586 3116 1743 3169 seriis
1767 3131 1984 3186 quoque
2014 3119 2178 3173 rebus
2223 3137 2309 3176 ne-

2413 3115 2570 3178 σθυὺς
2606 3115 3048 3187 εἰσπραξάμενοι,
3071 3116 3130 3167 οὐ
3165 3116 3302 3186 μετά
3336 3114 3581 3168 πλεῖστον
3619 3116 3812 3178 οἵτινες
3837 3112 3963 3185 ἦσαν

747 3205 1014 3274 gotiisque
1035 3207 1274 3269 consulti
1306 3207 1702 3274 responderint,
1734 3209 1825 3262 sed
1861 3211 2039 3276 potius
2072 3191 2308 3269 oraculis
2335 3249 2344 3296 ε

2362 3242 2380 3302 Ξ
2411 3207 2791 3278 ἐφωράθησαν,
2822 3209 3014 3277 γόητες
3052 3207 3260 3278 ἄνδρες,
3285 3207 3397 3259 ἀλλ’
3421 3208 3480 3259 οὐ
3517 3208 3628 3259 θεοὶ
3648 3208 3959 3278 διελεγχθέν-

748 3292 862 3344 suis
895 3294 1304 3348 consulentibus
1337 3295 1634 3358 illuserint,
1671 3299 1749 3350 sic
1787 3305 2002 3365 tamen,
2040 3309 2098 3354 ut
2129 3302 2307 3357 dubiae
2341 3292 2345 3296 ’

2361 3292 2380 3302 ’
2407 3315 2522 3362 τες,
2547 3299 2645 3350 οὐκ
2673 3298 2851 3360 αἱσίας
2877 3298 3254 3369 καταστροφῆς
3293 3299 3417 3360 τοὺς
3445 3299 3830 3368 ἠπατημένους
3861 3298 3958 3350 δια-

747 3382 1155 3449 signifteationis
1193 3385 1520 3438 obscuritate
1563 3402 1716 3440 suam
1767 3389 2006 3457 ipsorum
2053 3391 2309 3462 ignoran-

2409 3384 2694 3454 λαϐούσης.
2725 3386 2787 3436 Τί
2833 3385 2895 3456 δὴ
2923 3385 3097 3455 λέγειν
3116 3425 3130 3446 ,
3163 3387 3236 3448 ὡς
3278 3386 3400 3439 οὐδὲ
3431 3389 3541 3449 τοῖς
3572 3389 3777 3440 ἑαυτῶν
3807 3387 3958 3440 συνοέ-

745 3472 872 3525 tiam
897 3475 1248 3528 occultarent.
1299 3475 1487 3545 Cogita
1531 3494 1658 3533 vero
1691 3481 1806 3548 ipse
1841 3491 2017 3535 tecum
2060 3487 2305 3554 exempla

2410 3492 2544 3537 κοις,
2570 3478 2680 3538 τοῖς
2703 3475 2764 3546 δὴ
2811 3478 2948 3528 κατά
2979 3478 3076 3548 τὴν
3121 3477 3287 3548 αὐτὴν
3317 3477 3467 3530 πόλιν
3504 3478 3886 3548 διατρίϐουσιν,
3919 3479 3957 3528 ei

746 3573 925 3618 vetera
954 3569 1260 3634 repetendo,
1294 3585 1455 3636 quam
1495 3571 1582 3624 isti
1611 3587 1772 3640 smpe,
1801 3589 1925 3627 cum
1969 3573 2174 3630 affecta:
2213 3594 2307 3631 va-

2410 3565 2699 3636 θαυμάσιοι
2739 3567 2968 3638 μάντεις
3001 3569 3096 3631 τὰς
3135 3568 3194 3632 ἐξ
3234 3568 3412 3622 αὐτῶν
3456 3569 3727 3640 παρέσχον
3756 3571 3955 3622 ἐπικου-

747 3655 996 3708 tetudinis
1020 3647 1329 3709 hominibus
1359 3659 1542 3720 robur,
1585 3661 1747 3713 vitam
1768 3704 1782 3726 ,
1817 3664 2158 3736 salutemque
2185 3685 2306 3737 pro-

2411 3661 2550 3731 ρίας,
2598 3661 2734 3713 ἀλλὰ
2772 3661 2865 3713 xui.
2907 3661 3193 3724 νοσοῦντας
3228 3661 3292 3713 ἂν
3334 3661 3461 3723 ἴδοις
3497 3662 3690 3713 αὐτόσε
3722 3662 3815 3713 καὶ
3847 3662 3957 3712 ἀνα-

747 3745 1042 3810 misissent,
1069 3745 1244 3814 iisque
1273 3757 1456 3815 postea
1494 3765 1598 3802 non
1629 3767 1786 3806 secus
1810 3770 1873 3808 ac
1901 3756 2005 3812 diis
2046 3758 2178 3816 fides
2210 3765 2306 3815 ha-

2410 3751 2637 3819 πήρους,
2681 3751 2774 3802 xui
2817 3751 2923 3801 πᾶν
2963 3749 3019 3801 τὸ
3063 3750 3218 3818 σῶμα
3261 3749 3670 3818 λελωϐημένους
3721 3751 3954 3821 μυρίουςς

747 3839 979 3899 lii-retur,
1034 3837 1194 3905 paulo
1261 3847 1381 3906 post
1437 3840 1637 3910 ingenti
1697 3846 1940 3912 pecuniae
1989 3850 2040 3903 vi
2081 3866 2148 3905 ex
2204 3853 2306 3908 hoc

2409 3838 2473 3889 Τί
2505 3838 2567 3908 δή
2605 3855 2733 3890 ποτε
2761 3833 2852 3890 οὖν
2878 3839 2992 3900 τοῖς
3024 3839 3120 3908 μὲν
3153 3838 3256 3903 ἐξω
3299 3838 3391 3890 xui
3431 3839 3712 3910 πόρρωθεν
3737 3839 3794 3904 ἐξ
3826 3839 3957 3891 ἀλλο-

746 3927 934 3980 aﬂlataz
955 3927 1216 3982 divinitus
1246 3941 1563 3985 mercaturae
1590 3949 1784 4003 genere
1824 3949 2140 4010 eorrogata,
2172 3959 2308 4011 qua-

2407 3926 2584 3997 δαπῆς
2622 3928 3035 3997 ἀφικνουμένοις
3076 3927 3173 3990 τὰς
3203 3917 3458 3998 χρηστὰς
3486 3929 3797 4001 ὑπέγραφον
3827 3928 3956 3981 ἐλπί-

748 4019 822 4069 les
860 4020 1070 4077 tandem
1119 4031 1320 4082 essent,
1360 4024 1644 4078 manifeste
1681 4030 2068 4096 reprehensum
2120 4033 2304 4097 fuerit,

2407 4017 2522 4080 δας,
2548 4019 2646 4070 οὐκ
2672 4019 2829 4071 ἔτιδὲ
2860 4020 2952 4072 xui
2979 4023 3088 4081 τοῖς
3119 4020 3255 4072 κατὰ
3298 4021 3358 4074 τὸ
3402 4023 3530 4074 αὐτὸ
3576 4024 3856 4088 συνοίκοις,
3891 4017 3955 4083 οἷς

747 4108 1066 4176 impostores
1093 4114 1297 4166 scilicet
1329 4130 1391 4168 ac
1416 4118 1789 4183 circulatores,
1834 4137 1940 4176 non
1983 4134 2162 4179 autem
2206 4128 2305 4191 dii,

2407 4108 2472 4179 δὴ
2501 4111 2592 4162 xui
2626 4111 2731 4180 πρὸ
2770 4112 2983 4164 πάντων
3022 4113 3206 4182 ἐχρῆν,
3231 4113 3305 4175 ὡς
3336 4113 3401 4166 ἂν
3429 4114 3651 4177 οἰκείοις
3681 4115 3850 4184 φίλοις
3879 4115 3954 4166 καὶ

747 4216 868 4254 cunt
900 4202 1107 4272 decepti
1147 4205 1214 4258 ab
1245 4205 1309 4259 iis
1347 4206 1593 4261 homines
1638 4209 1933 4265 infaustum
1973 4215 2175 4270 exitum
2208 4218 2306 4272 ha-

2412 4202 2787 4271 συμπολίταις,
2813 4204 2874 4256 τὸ
2920 4206 2984 4256 ἐκ
3009 4205 3108 4274 τῆς
3140 4204 3245 4257 τῶν
3279 4205 3414 4259 θεῶν
3449 4207 3748 4276 παρουσίας
3776 4207 3953 4274 ἀγαθὸν

746 4297 1007 4350 buissent.
1042 4296 1178 4362 Quid
1210 4313 1371 4366 porro
1402 4300 1590 4354 attinet
1620 4301 1816 4365 dicere,
1857 4321 1922 4358 ne
1952 4308 2306 4375 popularibus

2411 4293 2686 4364 παρέχειν·
2717 4293 2828 4346 ἀλλ’
2855 4293 2937 4345 ὅτι
2982 4295 3108 4356 τοὺς
3152 4294 3249 4363 μὲν
3301 4295 3511 4360 ξένους,
3541 4296 3788 4364 ἀγνῶτας
3822 4297 3953 4357 ὄντας

747 4389 960 4455 quidem
995 4391 1128 4452 suis,
1159 4399 1211 4443 et
1243 4391 1484 4458 ejusdem
1531 4408 1714 4446 secum
1755 4396 1990 4452 civitatis
2037 4400 2304 4470 indigenis

2408 4385 2506 4455 τῆς
2541 4385 2929 4465 ῥᾳδιουργίας,
2973 4387 3099 4456 ῥᾷον
3133 4385 3197 4439 ἂν
3244 4386 3338 4439 xui
3386 4387 3740 4457 ἀπατήσαιεν,
3795 4389 3951 4441 οὐκέτι

748 4490 895 4533 vates
925 4484 1168 4549 egregios
1205 4483 1499 4552 quidquam
1541 4487 1776 4552 prmsidii
1807 4490 1889 4542 vel
1925 4492 2043 4560 opis
2085 4493 2296 4560 afferre,

2412 4475 2470 4527 δὲ
2512 4476 2638 4538 τοὺς
2669 4472 2934 4545 συνήθεις,
2969 4475 3045 4537 ὡς
3081 4475 3147 4528 ἂν
3193 4476 3292 4545 τῆς
3336 4477 3527 4546 τέχνης
3568 4479 3667 4530 οὐκ
3700 4480 3950 4549 ἀπείρους,
3982 4514 3985 4517 -

746 4586 868 4623 cum
929 4570 1168 4623 inﬁnitos
1214 4572 1409 4625 ibidem
1455 4575 1639 4628 videas
1700 4580 1906 4635 morbis
1956 4575 2343 4650 laborantes,‘

2354 4572 2386 4625 D
2414 4566 2726 4636 συνίστορας
2747 4566 2802 4618 δέ
2820 4566 2981 4627 ὂντας
3002 4566 3099 4636 τῆς
3120 4567 3538 4638 ἐπιτελουμένης
3563 4569 3797 4635 παιδιᾶς;
3823 4570 3951 4621 Οὕτω

747 4661 989 4724 claudos,
1044 4676 1217 4714 caecos
1265 4677 1327 4714 ac
1371 4671 1484 4715 toto
1535 4680 1673 4732 saepe
1720 4683 1949 4738 corpore
1989 4674 2308 4729 mutilatos?

2411 4657 2467 4710 δὲ
2497 4658 2556 4709 τὸ
2592 4659 2696 4709 πᾶν
2722 4657 2782 4708 οὐ
2816 4656 2977 4720 θεῖον,
3006 4657 3125 4709 οὐδὲ
3155 4655 3498 4728 ἀνθρωπίνης
3532 4660 3774 4721 ἐπινοίας
3807 4662 3951 4728 x953:-

748 4750 886 4814 ρυίά
919 4766 1044 4803 vero
1085 4751 1136 4804 in
1166 4766 1328 4803 causa
1374 4751 1570 4817 fuerit,
1607 4771 1702 4808 cur
1749 4763 2048 4830 peregrinis
2085 4766 2305 4833 quidem

2409 4765 2499 4799 τον
2530 4742 2631 4816 ἦν·
2677 4745 2814 4799 ὥστε
2853 4747 2959 4799 κάν
3006 4749 3127 4810 ταῖς
3177 4749 3458 4816 μεγίσταις
3502 4755 3823 4822 συμφοραῖς,
3855 4752 3948 4807 ταῖς

751 4840 1186 4927 Ιιοηιὶιιίὺυεκθι
1232 4858 1294 4896 ex
1345 4843 1637 4912 longinqua
1703 4850 1922 4918 regione
1965 4857 2307 4913 venientibus

2408 4837 2472 4907 δὴ
2526 4837 2729 4889 ἀνωθεν
2787 4837 2852 4887 ἐκ
2895 4836 2989 4890 τοῦ
3054 4838 3435 4907 παμϐασιλέως
3489 4839 3626 4892 Θεοῦ
3683 4841 3820 4892 κατά
3864 4839 3948 4890 τῶν

751 4944 928 4982 rerum
975 4926 1258 4985 meliorum
1293 4949 1415 5002 spes
1460 4935 1724 5002 quasdam
1769 4942 2083 4999 uutbratiles
2118 4962 2181 5000 ac
2222 4947 2307 5001 fu-

2407 4926 2618 4980 ἀσεϐῶν
2668 4929 3170 4998 ἐπαιωρουμέναις,
3223 4929 3400 4991 αὐτοῖς
3461 4928 3809 5000 ἀφιερὼμασι
3877 4929 3947 4980 καὶ

751 5032 899 5075 catas
945 5026 1318 5090 ostenderent,
1357 5028 1567 5082 civibus
1614 5039 1792 5082 autem
1849 5037 2307 5107 popularibusque

2411 5018 2614 5082 ξοάνοις
2668 5018 2870 5089 φθορὰν
2904 5021 3137 5090 ἐσχάτην
3186 5023 3279 5074 xui.
3328 5019 3566 5083 πτώσεις
3600 5021 3802 5092 ἀθρόας
3847 5022 3945 5081 τώς

751 5114 861 5166 suis
890 5129 994 5166 non
1044 5115 1187 5176 item,
1222 5119 1546 5184 quibuscum
1573 5130 1753 5174 tamen
1780 5138 1873 5176 eos
1899 5135 2082 5194 utpote
2120 5131 2306 5185 dome-

2407 5111 2542 5174 νεὼς
2587 5111 2764 5162 αὐτῶν
2798 5112 3104 5182 ὑπομεῖναι.
3137 5111 3246 5163 Ποῦ
3289 5112 3397 5182 γάρ
3439 5128 3521 5163 σοι
3552 5111 3614 5164 τὺ
3659 5115 3714 5165 ἐν
3759 5115 3944 5182 Δελφοῖς

750 5203 901 5256 sticis
941 5203 1162 5265 anucis,
1195 5220 1260 5257 ac
1299 5207 1507 5260 civibus
1562 5211 1863 5263 derivatum
1908 5227 1973 5265 ex
2020 5221 2304 5273 numinum

2411 5203 2552 5273 ἱερὸν
2601 5203 2748 5271 παρά
2799 5204 2962 5256 πᾶσιν
2991 5201 3244 5271 Ἕλλησιν
3276 5201 3335 5264 ἐξ
3375 5202 3569 5266 αἰῶνος
3615 5203 3941 5275 βεδοημένον;

751 5299 1028 5364 praesentia
1061 5299 1257 5351 bonum
1280 5303 1682 5355 communicare
1706 5315 2008 5372 Oporteret;
2035 5311 2137 5362 nisi
2160 5314 2305 5379 quod

2409 5294 2509 5345 ποῦ
2550 5295 2578 5344 ὁ
2624 5293 2855 5358 Πύθιοςς
2907 5295 2936 5345 ὁ
2978 5293 3254 5363 Κλάριος;
3303 5293 3420 5345 ποῦ·
3453 5296 3546 5347 xui.
3595 5297 3623 5348 ὁ
3673 5297 3941 5352 Δωδωναῖος

751 5400 1030 5442 extraneos
1079 5392 1321 5444 homines
1354 5397 1689 5448 veteratorim
1737 5398 2046 5452 calliditatis
2092 5402 2307 5470 ignaros

2411 5383 2556 5452 (22);
2598 5383 2656 5432 τὸ
2704 5382 2800 5452 μέν
2838 5399 2901 5451 γε
2946 5383 3203 5451 Δελφικὸν
3250 5386 3612 5456 χρηστήριον,
3655 5388 3832 5458 τρίτον

823 5563 927 5651 (22]
971 5564 1320 5651 Δρμδὶρναῗος.
1472 5582 1779 5651 omnes,rt_ec
1815 5582 2024 5651 mutare
2045 5589 2171 5651 sum
2206 5590 2305 5626 au—
2410 5575 2544 5638 sius,
2586 5586 2634 5651 et
2684 5577 3034 5637 Branchides.
3063 5588 3125 5633 ut
3162 5580 3508 5634 notissimum
3537 5593 3642 5637 est.
3676 5583 3739 5635 Et
3771 5597 3942 5651 cogno-

753 5633 973 5718 Sits.'lAti
1006 5633 1329 5710 [indomitum
1354 5633 1536 5718 Jovem
1557 5639 1804 5718 pluribus
1828 5643 2088 5718 Apollinis
2111 5659 2332 5718 cogito.
2411 5633 2588 5718 menta
2624 5649 2721 5701 ista
2752 5651 2910 5716 vulgo
2949 5633 3439 5718 coniungebantur.
3474 5653 3644 5705 Clem.
3683 5633 3937 5706 Alexacndr.

754 5703 985 5752 minibus
1033 5704 1267 5792 inserere
1313 5705 1621 5792 voltti£?'An
1656 5709 1841 5774 Apollo
1876 5703 2137 5779 quispiam
2181 5703 2304 5792 fuit,

2412 5715 2463 5764 in
2498 5714 2783 5792 Protrfp-tq
2895 5719 2923 5767 7
2949 5737 2959 5770 :
2988 5703 3253 5792 Διῆγησαι
3274 5721 3407 5792 ,ημῖν
3429 5703 3641 5791 ⁷κσὶι⁷

753 5782 1106 5839 ('oguomcnto
1155 5771 1486 5826 Dodonams?
1519 5771 1715 5841 Legcre
1766 5797 1846 5830 lllt‘
1892 5771 2009 5832 noti
2061 5771 2303 5834 memini.

757 5841 786 5861 ι’
834 5856 891 5861 μ..
948 5840 1033 5861 ι.ἓ.
1066 5840 1188 5861 ..-ΙΑ
1223 5859 1246 5861 __
1295 5848 1323 5861 .-
1426 5845 1437 5861 I
1605 5857 1611 5861 _
1742 5850 1784 5861 ιι
1999 5853 2008 5860 -
2158 5851 2240 5861 ...ι

2410 5785 2582 5861 τικῆς,
2606 5771 2875 5852 μᾶλλονῈέ
2907 5771 3157 5861 μανικῆςξ
3174 5789 3238 5839 τὰ
3258 5771 3509 5861 ᾲᾶἓρηστα
3535 5771 3858 5861 χρηστήρίωῖ
3877 5792 3940 5840 τὸν

755 5806 1106 5839 ιὶνῡιιῑηηιιηυιν
1157 5806 1479 5826 ιιυυυιισᾷιιδι
1519 5806 1715 5841 ιλῐῐμιῗιυ
1767 5806 1846 5830 IIH'
1902 5806 2004 5832 HUII
2061 5806 2303 5834 ΙΙΙΙΊΙΙΙΙΙΙ.

755 5841 894 5893 Sane
935 5840 1191 5908 Διδ·ομεύς
1222 5848 1396 5909 potius
1426 5845 1707 5914 legeretur,
1741 5850 1873 5902 idem
1921 5853 2011 5919 qui
2058 5862 2111 5905 et
2158 5851 2304 5904 Mile-

2410 5806 2582 5851 τιχης,
2606 5806 2798 5852 μαλλον
2823 5806 2875 5838 0:
2948 5806 3152 5857 ανικης,
3174 5806 3238 5839 τα
3265 5806 3509 5859 αχρηστα
3535 5806 3855 5861 χρηστηρω·
3877 5807 3938 5840 τον

2414 5854 2665 5924 Κλάριον,
2698 5858 2784 5908 τὸν
2821 5806 3044 5923 Ηὺδέον,
3078 5860 3164 5910 τὸν
3192 5859 3444 5926 Διδυμέα.
3471 5861 3643 5924 Quem
3677 5862 3848 5915 IOt'UIIi
3877 5877 3938 5914 su-
