4044 6334
103 462 197 519 257

1240 468 1558 525 PREPAR.
1604 467 1849 524 EVANG.
1885 469 2015 525 LIB.
2057 468 2144 526 ιν.

3208 472 3318 527 2‘58

106 580 322 649 ἢρᾳκῶν
382 580 764 652 ἐμπρησθῆναι
822 581 1039 652 κατέχει
1102 582 1255 651 λόγος
1288 624 1303 643 ,
1362 583 1513 634 οὐδὲν
1562 584 1652 634 τοῦ

1760 580 1974 637 facilius
2004 582 2073 636 -in
2116 595 2379 647 errorem,
2411 568 2581 651 quam
2610 581 2745 636 alios
2779 582 2882 637 sibi
2930 582 3225 640 familiares
3254 601 3319 641 ac

108 671 346 739 μαντείου
375 674 452 734 εἰς
483 674 581 743 τὴν
606 672 699 725 τοῦ
729 672 1010 743 μέλλοντος
1033 674 1253 741 γνῶσιν,
1285 675 1395 727 ἀλλ’
1420 675 1538 728 οὐδὲ
1566 673 1656 726 τοῦ

108 761 294 814 Πυθίου
328 762 397 814 τὰ
428 764 602 816 οἰκεῖα
632 764 1072 836 προφυλάξασθαι
1106 766 1481 835 δεδυνημένου.
1514 765 1658 819 Ταυ-

104 853 185 903 τὺν
213 852 404 906 παθεῖν
445 856 538 908 καὶ
569 856 630 908 τὸ
670 858 727 908 ὲν
770 856 959 929 Ῥώμῃ
986 856 1327 910 Καπιτώλιον
1371 860 1658 928 ἱστορεῖται

105 944 231 996 κατὰ
258 946 382 1007 τοὺς
405 947 513 999 τῶν
539 948 887 1019 Πτολεμαίων
913 951 1156 1020 χρόνους,
1180 950 1299 1003 καθ’
1323 950 1415 1013 οὓς
1440 949 1658 1019 λέγεται

107 1036 189 1086 καὶ
227 1035 289 1089 τδ
328 1037 421 1108 τῆς
468 1038 684 1103 Ἑστίας
728 1040 870 1110 ἱερὸν
920 1041 1011 1093 ἐπὶ
1061 1041 1277 1112 Ῥώμης
1330 1043 1658 1114 ἐμπρησμὸν

107 1129 401 1197 ὑπομείναι.
441 1129 607 1201 Ἀμφὶ
650 1130 706 1183 δὲ
747 1132 957 1200 Ἰούλιον
994 1135 1085 1186 τὸν
1123 1135 1374 1205 Καίσαρα
1414 1135 1473 1187 τὸ
1518 1135 1660 1205 μέγα

112 1220 203 1272 τῶν
236 1219 498 1291 Ἑλλήνων
527 1222 618 1275 καὶ
655 1222 1019 1293 Ὀλυμπιακὸν
1050 1224 1291 1295 ἄγαλμα,
1309 1226 1368 1278 τὸ
1390 1229 1447 1279 ὲν
1469 1226 1659 1289 αὑταῖς

116 1309 448 1379 Ὀλυμπιάσι,
482 1312 730 1382 κεραυνῷ
758 1314 893 1385 πρὸς
923 1314 1016 1367 τοῦ
1037 1315 1170 1368 Θεοῦ
1202 1314 1393 1385 βληθὲν
1422 1318 1659 1388 ἀναγρά-

104 1416 273 1465 φουσι.
308 1402 413 1454 Καὶ
464 1402 589 1455 ἄλλο
615 1418 640 1444 ιι
670 1406 730 1457 τέ
759 1406 787 1444 δ
820 1424 950 1475 φασι
980 1407 1069 1459 τὸν
1112 1405 1246 1458 νεὼν
1278 1406 1370 1461 τοῦ
1399 1411 1657 1462 Καπιτω-

105 1487 207 1542 λίου
246 1491 362 1554 Διὸς
392 1494 776 1565 ἐμπρησθῆναι
794 1513 807 1525 ·
842 1496 937 1549 καὶ
964 1497 1023 1549 τό
1051 1514 1112 1564 γε
1148 1497 1385 1550 Πάνθεον
1414 1498 1525 1569 (95)
1554 1500 1659 1551 ὑπὸ

105 1582 354 1652 κεραυνοῦ
387 1582 773 1656 διαφθαρῆναι·
804 1588 865 1639 τό
895 1604 956 1640 τε
985 1590 1041 1640 ὲν
1081 1587 1451 1659 Ἀλεξανδρείᾳ
1481 1589 1656 1660 Σαρα-

106 1674 242 1722 πείον
270 1672 464 1740 ὁμοίως
494 1675 954 1745 καταφλεχθῆναι.
973 1676 1079 1729 Καὶ
1098 1677 1298 1730 τούτων
1329 1681 1455 1749 παρ’
1477 1681 1657 1742 αὐτοῖς

107 1762 343 1833 Ἕλλησιν
392 1765 728 1836 ἀνάγραπτοι
768 1768 1019 1838 φέρονται
1070 1772 1382 1841 μαρτυρίαι.
1434 1773 1657 1843 Μακρὸς

102 1852 141 1903 δ’
174 1853 236 1905 ἂν
260 1853 343 1925 εἴη
375 1855 551 1924 λόγος,
581 1858 631 1909 εί
666 1858 844 1927 μέλλοι
876 1875 957 1921 τίς
980 1860 1047 1912 τὰ
1087 1860 1207 1913 καθ’
1238 1862 1442 1914 ἕκαστα
1478 1862 1657 1933 ἐξαρι-

102 1944 376 2014 θμεῖσθαι,
432 1952 762 2021 παριστάναι
809 1951 1177 2023 πειρώμενος,
1221 1956 1303 2007 ὅτι
1360 1956 1494 2024 μηδὲ
1547 1958 1658 2019 τοῖς

102 2037 306 2100 οἰκείοις
340 2038 501 2108 ίεροίς
555 2040 827 2111 ἐπαμῦναι
860 2045 906 2093 oi
950 2044 1248 2113 θαυμαστοὶ
1296 2045 1659 2115 χρησμοδόται

99 2128 299 2181 δυνατοὶ
331 2129 707 2201 πεφώρανται·
745 2134 794 2184 οἱ
839 2134 894 2185 δὲ
943 2134 1075 2205 μηδὲ
1113 2134 1223 2205 (24)
1255 2135 1435 2203 σφίσιν
1479 2136 1658 2201 αὐτοῖς

101 2226 154 2274 ὲν
178 2226 473 2293 συμφοραῖς
516 2225 797 2294 γενόμενοι
828 2228 1089 2297 χρήσιμοι
1131 2227 1291 2297 σχολῇ
1334 2230 1383 2295 γ’
1414 2227 1479 2280 ἄν
1526 2244 1656 2280 ποτε

100 2314 193 2366 κᾶν
247 2314 421 2377 ἄλλοις
466 2316 845 2386 ἐπαρκέσειαν.
897 2317 991 2368 Ἑν
1038 2318 1095 2370 δέ
1149 2336 1199 2371 τι
1249 2319 1503 2390 προσθεὶς
1547 2321 1655 2382 τοῖς

100 2406 411 2475 εἰρημένοις,
453 2408 701 2476 μέγιστον
733 2406 797 2459 ἂν
828 2407 912 2477 εἴη
955 2406 1319 2477 καθεωρακὼς
1345 2408 1653 2475 κεφάλαιον,

100 2495 165 2556 ὡς
188 2495 285 2565 ἠδη
319 2498 409 2548 καὶ
451 2497 556 2547 τῶν
595 2496 732 2564 ἄγαν
774 2496 1067 2568 θεοφόρων,
1100 2497 1275 2549 αὐτῶν
1315 2497 1378 2567 δὴ
1414 2497 1519 2549 τῶν
1557 2497 1658 2566 μά-

100 2586 243 2639 λιστα
278 2588 621 2659 ἱεροφαντῶν,
655 2589 917 2657 θεολόγων
949 2607 1007 2642 τε
1040 2590 1220 2654 αὐτοῖς
1251 2590 1345 2643 καὶ
1366 2589 1655 2661 προφητῶν

102 2676 304 2740 πλείους
332 2678 389 2729 οὐ
425 2678 584 2747 μόνον
610 2678 796 2740 πάλαι,
822 2678 959 2731 ἀλλὰ
988 2678 1081 2731 καὶ
1114 2678 1340 2747 ἔναγχος
1362 2676 1483 2729 καθ’
1509 2678 1655 2747 ἡμᾶς

104 2768 318 2830 αὐτοὺς,
348 2770 438 2820 ἐπὶ
483 2772 548 2840 τῇ
584 2768 841 2840 θεοσοφίᾳ
871 2769 1043 2839 ταύτῃ
1080 2768 1389 2838 βοηθέντες,
1436 2766 1524 2820 διὰ
1558 2767 1654 2837 βα-

104 2860 267 2911 πάνων
314 2861 492 2923 αἰκίας
525 2862 615 2913 ὲπὶ
661 2862 764 2913 τῶν
796 2861 1120 2929 Ῥωμαῖκῶν
1161 2860 1521 2929 δικαστηρίων
1556 2859 1655 2930 τὴν

102 2954 271 3005 πᾶσαν
314 2952 655 3024 ἐξεφώνησαν
681 2964 703 2991 ο
743 2952 949 3021 πλάνην
995 2952 1198 3021 ἀνδρῶν
1242 2951 1475 3014 ἀπάταις
1517 2952 1658 3019 γίνε-

102 3041 245 3103 σθαι,
291 3043 379 3094 καὶ
404 3041 430 3080 ἀ
486 3042 737 3111 γοητείαν
789 3042 1214 3110 τετεχνασμένην
1260 3040 1319 3093 τὸ
1362 3043 1469 3093 πᾶν
1518 3037 1656 3094 εἶναι

99 3131 513 3203 ὁμολογήσαντες
532 3150 545 3161 ·
577 3133 629 3184 οἴ
645 3155 703 3201 γε
724 3132 818 3184 καὶ
844 3132 934 3185 τὸν
969 3132 1145 3184 πάντα
1186 3130 1384 3200 τρόπον
1411 3130 1508 3200 τῆς
1557 3148 1655 3185 κα-

1764 683 1920 729 notos
1948 673 2306 743 impellerent,
2341 675 2541 743 quippe
2580 675 2673 744 qui
2722 676 2855 728 artis
2888 675 3050 745 hujus
3085 676 3321 747 imperiti

1761 779 1869 817 non
1897 774 2101 831 essent,
2148 767 2241 821 sed
2283 768 2493 821 usitata:
2547 768 2931 823 ludificationis
2960 769 3163 837 optime
3194 785 3292 824 con

1761 855 1859 909 scii
1880 856 1905 907 ’ἰ
1927 854 2107 921 Quare
2134 863 2309 910 totum
2342 856 2487 909 istud
2526 855 2764 925 profecto
2794 872 2890 911 nec
2934 858 3101 911 divini
3159 859 3320 927 quid-

1759 961 1947 1015 quam,
1976 961 2075 999 nec
2102 946 2337 1000 humana
2373 945 2636 1001 industria
2669 948 2843 1017 majus
2890 942 3081 1005 habuit
3107 970 3120 1005 :
3151 953 3319 1006 adeo-

1760 1052 1865 1105 que
1898 1037 2082 1092 videas
2119 1039 2453 1109 gravissimis
2480 1038 2638 1093 etiam
2686 1040 3106 1107 calamitatibus,
3132 1044 3321 1112 quales

1761 1128 1947 1197 utique
1988 1123 2203 1184 caelitus
2238 1144 2266 1180 a
2313 1145 2531 1184 summo
2581 1146 2760 1184 rerum
2793 1132 3037 1186 omnium
3074 1134 3320 1203 principe

1761 1218 1870 1274 Deo
1899 1220 2186 1289 impiorum
2209 1221 2515 1276 cervicibus
2542 1222 2845 1286 imminent,
2867 1210 3179 1293 supremum
3208 1228 3320 1280 exi-

1754 1313 2218 1382 tium,ruinasque
2238 1311 2549 1382 frequentes
2574 1328 2637 1369 ac
2664 1316 2989 1384 repentinas,
3006 1317 3166 1371 simul
3193 1334 3316 1373 cum

1759 1402 1891 1471 ipsis
1919 1403 2160 1459 donariis
2185 1412 2347 1474 atque
2381 1404 2705 1468 simulacris,
2741 1421 2928 1461 eorum
2965 1410 3159 1478 templa
3190 1412 3319 1464 sub-

1768 1493 1920 1549 iisse.
1983 1494 2086 1550 Ubi
2124 1497 2267 1550 enim
2331 1497 2641 1565 Delphicum
2679 1497 2808 1552 illud
2858 1501 3116 1569 templum
3187 1512 3267 1556 est
3297 1544 3313 1568 ,

1759 1582 1900 1650 apud
1946 1581 2165 1637 Graecos
2228 1599 2416 1638 omnes
2469 1585 2728 1654 omnique
2780 1591 3036 1641 memoria
3079 1590 3317 1643 celebra-

1758 1672 1923 1727 tum?
1956 1675 2045 1727 ubi
2077 1673 2346 1744 Pythius?
2395 1675 2486 1728 ubi
2520 1674 2775 1729 Clarius?
2836 1678 2927 1732 uli
2980 1668 3317 1730 Dodetmus?

1756 1761 1892 1816 Nam
1949 1762 2263 1833 Delphicum
2316 1779 2446 1819 sane
2503 1765 2784 1819 oraculum
2840 1766 2950 1834 jam
3012 1768 3231 1819 tertium

1762 1854 2072 1911 Thracibus
2128 1856 2409 1913 incensum
2465 1856 2633 1929 fuisse
2715 1866 2968 1911 constans
3019 1856 3163 1911 fama
3193 1866 3297 1921 est,

1765 1949 1923 2018 135
1947 1964 2069 2003 cum
2106 1964 2281 2018 neque
2311 1948 2659 2004 divinationis
2700 1949 3031 2003 domicilium
3058 1950 3123 2003 ad
3155 1948 3322 2005 futuri

1762 2041 2176 2109 praesensionem
2200 2079 2215 2101 ,
2264 2056 2436 2110 neque
2468 2026 2692 2111 Pythius
2723 2041 2836 2109 ipse
2879 2040 2946 2095 ad
2988 2057 3168 2096 rerum
3194 2059 3319 2097 sua-

1759 2147 1879 2184 rum
1912 2132 2379 2187 conservationem
2423 2132 2717 2202 quidquam
2752 2134 2974 2188 omnino
3004 2144 3205 2204 posset,
3266 2133 3323 2187 ιιι

1760 2222 1935 2290 ipsum
1980 2220 2227 2277 Romano
2261 2224 2384 2276 item
2433 2222 2699 2293 Capitolio
2734 2225 2877 2279 circa
2911 2224 3321 2281 Ptolematorum

1760 2322 2003 2381 tempora
2038 2314 2335 2384 contigisse
2370 2315 2551 2383 prodit
2601 2314 2821 2369 historia
2847 2358 2861 2381 ,
2912 2318 3113 2387 quibus
3157 2318 3323 2372 etiam

1759 2401 2092 2467 temporibus
2134 2400 2311 2456 Vestae
2382 2402 2666 2457 delubrum
2716 2406 2911 2459 ibidem
2961 2406 3325 2477 conﬂagrasse

1758 2488 1958 2545 ferunt.
1999 2490 2263 2548 Praeterea
2310 2492 2439 2547 Julii
2481 2494 2711 2549 Caesaris
2758 2508 2916 2553 :etate
2956 2500 3159 2569 grande
3192 2500 3323 2553 illud

1756 2592 1809 2637 et
1833 2582 2206 2654 Olympiacum
2232 2583 2453 2641 Graecia:
2483 2586 2857 2653 simulacrum,
2892 2591 3037 2659 quod
3067 2590 3323 2661 Olympia-

1758 2675 2036 2730 visebatur
2060 2716 2076 2741 ,
2125 2676 2353 2731 fulmine
2396 2680 2657 2736 divinitus
2698 2683 2861 2736 ictum
2890 2698 3010 2737 esse
3033 2723 3047 2746 ,
3074 2683 3323 2751 aliudque

1758 2768 1921 2822 simul
1946 2768 2100 2825 lovis
2125 2770 2413 2839 Capitolini
2436 2774 2694 2843 templum
2723 2774 2993 2837 incendio,
3027 2773 3323 2829 Pantheum

1759 2859 1879 2928 igne
1914 2859 2178 2923 fulminis,
2216 2861 2498 2932 Serapium
2549 2865 2887 2920 Alexandria:
2936 2882 3042 2920 non
3089 2867 3323 2922 absimili

1757 2951 2177 3023 conﬂagratione
2224 2956 2475 3011 haustum
2529 2958 2754 3027 periisse
2805 2958 3041 3012 tradunt.
3082 2958 3324 3024 Quorum

1757 3045 1975 3113 quidem
2023 3046 2266 3100 omnium
2316 3049 2613 3118 perscripta
2660 3060 2875 3105 exstant
2925 3050 3080 3120 apud'
3110 3052 3324 3106 Graecos

1759 3137 1908 3206 ipsos
1954 3138 2285 3193 testimonia.
2344 3141 2422 3193 Ac
2472 3141 2691 3210 longum
2746 3141 2987 3211 profecto
3020 3158 3322 3197 sermonem
3424 3165 3429 3172 ε

99 3224 374 3292 τασκευῆς,
412 3226 504 3276 καὶ
542 3224 641 3286 τὰς
676 3222 928 3293 μεθόδους
963 3224 1063 3292 τῆς
1112 3221 1495 3291 κακοτεχνίας,
1537 3225 1652 3286 ταῖς

1759 3228 2032 3283 ordiretur
2053 3269 2070 3297 ,
2104 3231 2198 3299 qui
2232 3230 2442 3299 singula
2471 3246 2751 3289 recensere
2773 3235 3113 3288 numerando
3144 3235 3321 3299 vellet,

100 3314 224 3383 πρὸς
256 3316 428 3368 αὐτῶν
464 3318 523 3368 ἐν
555 3316 937 3387 ὑπομνήμασιν
972 3315 1281 3384 ἁφεθείσαις
1309 3317 1508 3383 φωναῖς
1539 3316 1650 3367 ἐνε-

98 3404 376 3474 γράψαντο-
411 3406 502 3458 Διὸ
522 3406 587 3477 δὴ
619 3407 713 3458 καὶ
740 3406 838 3475 τὴν
861 3405 1017 3471 ἀξίαν
1044 3406 1140 3475 τῆς
1171 3404 1410 3475 ὀλεθρίου
1446 3404 1650 3475 πλάνης

98 3496 239 3565 δίκην
271 3496 610 3559 ἐκτίσαντες,
651 3497 826 3549 πάντα
865 3496 1021 3564 λόγον
1059 3496 1432 3564 ἀνεκάλυψαν,
1468 3497 1650 3560 αὐτοῖς

100 3588 265 3657 ἔργοις
288 3589 384 3657 τὴν
408 3587 514 3640 τῶν
552 3586 890 3657 δηλουμένων
922 3586 1193 3650 ἀπόδειξιν
1231 3588 1647 3656 πιστωσάμενοι.

110 3679 299 3733 Ὁποῖοι
331 3679 384 3731 δὲ
422 3674 561 3749 ἦσαν
589 3671 770 3741 οὗτοι;
817 3677 893 3747 μὴ
912 3697 916 3701 ’
938 3678 1001 3748 δὴ
1034 3678 1218 3748 νόμιζε
1246 3682 1354 3731 τῶν
1385 3681 1653 3751 άπερριμ-

104 3770 265 3837 μένων
302 3772 392 3823 καὶ
423 3769 643 3839 ἀφανῶν
673 3785 840 3831 τινας.
872 3770 935 3821 Οἱ
972 3768 1068 3837 μέν
1100 3785 1163 3835 γε
1195 3770 1377 3832 αὐτοῖς
1408 3770 1515 3823 ἀπὸ
1553 3772 1651 3840 τῆς

100 3859 400 3930 θαυμαστῆς
420 3860 624 3931 ταύτης
654 3861 745 3913 καὶ
769 3859 1018 3928 γενναίας
1042 3859 1352 3927 φιλοσοφίας
1370 3859 1653 3932 ὡρμῶντο,

99 3949 197 4003 τῶν
219 3952 358 4022 ἀμφὶ
385 3952 474 4004 τὸν
497 3951 755 4022 τρίϐωνα,
785 3951 878 4003 καὶ
898 3951 995 4021 τὴν
1028 3949 1191 4019 ἄλλην
1226 3948 1395 4020 ὀφρῦν
1414 3952 1651 4003 ἀνεσπα-

99 4041 291 4095 κότων*
325 4045 370 4096 oi
400 4042 456 4096 δὲ
502 4044 611 4096 ἀπὸ
643 4043 750 4095 τῶν
778 4045 841 4095 ἐν
871 4041 1013 4094 τέλει
1053 4041 1150 4110 τῆς
1190 4041 1501 4110 Ἀντιοχέων
1534 4041 1651 4112 ὴλί-

102 4148 277 4186 σκοντο
308 4134 537 4198 πόλεως,
582 4136 630 4186 οἱ
662 4134 726 4205 δὴ
773 4133 1005 4204 μάλιστα
1055 4134 1147 4184 καὶ,
1179 4135 1297 4194 ταῖς
1340 4132 1460 4184 καθ’
1497 4133 1652 4202 ἡμῶν

100 4223 304 4295 ὕϐρεσιν
352 4229 408 4279 ὲν
455 4226 534 4295 τῷ
567 4225 687 4278 καθ’
728 4227 875 4295 ἡμᾶς
918 4222 1142 4293 διωγμῷ
1189 4223 1649 4295 λαμπρυνόμενοι.

104 4317 274 4385 Ἱσμεν
304 4317 357 4370 δὲ
387 4317 480 4371 καὶ
516 4317 606 4369 τὸν
639 4318 925 4386 φιλόσοφον
966 4314 1099 4385 ὁμοῦ
1134 4316 1225 4367 καὶ
1266 4317 1549 4385 προφήτην
1585 4318 1651 4370 τὰ

98 4408 244 4475 ὃμοια
263 4413 368 4471 τοῖς
397 4410 704 4479 εἰρημένοις
732 4411 871 4462 κατὰ
893 4409 988 4479 τὴν
1010 4407 1244 4477 Μίλητον
1267 4407 1647 4476 ὑπομείναντα.

100 4497 267 4551 Ταῦτα
300 4501 361 4570 δή
390 4518 475 4563 τις
505 4502 598 4553 καὶ
630 4501 797 4553 πλείω
833 4502 1036 4552 τούτων
1065 4497 1144 4550 ἔτι
1198 4496 1440 4564 συνάγων
1460 4539 1475 4562 ,
1508 4499 1649 4551 εἴποι

1753 3330 1813 3373 ut
1838 3322 2084 3375 omnium
2118 3322 2417 3391 subjiceret
2443 3324 2638 3385 oculis,
2672 3325 2790 3377 luce
2812 3325 2987 3393 palam
3019 3325 3318 3393 deprehen—
3412 3321 3417 3327 ’

1752 3428 1870 3465 sum
1915 3428 2073 3475 esse,
2120 3427 2188 3468 ne
2230 3428 2260 3466 a
2310 3414 2542 3484 propriis
2594 3414 2814 3483 quidem
2872 3414 3084 3482 templis
3117 3416 3327 3484 pestem

1753 3513 1995 3557 avertere
2042 3502 2336 3572 fatiloquos
2364 3504 2609 3574 egregios
2638 3518 2876 3571 unquam
2912 3503 3152 3570 potuisse
3182 3522 3197 3557 :
3230 3506 3321 3573 qui

1752 3596 1797 3649 si
1852 3610 1918 3648 ne.
1970 3596 2069 3650 sibi
2106 3596 2323 3664 quidem
2372 3597 2536 3650 tantis
2572 3598 2623 3649 in
2680 3595 2924 3650 cladibus
2984 3595 3103 3651 usui
3153 3595 3321 3659 fuere,

1752 3685 1889 3738 alios
1914 3687 2109 3753 Opinor
2136 3702 2276 3756 aegre
2303 3687 2594 3741 admodum
2622 3688 2813 3756 juvare
2846 3688 3137 3757 potuerint.
3181 3686 3319 3742 Idem

1753 3785 1930 3829 tamen
1960 3778 2124 3833 totius
2154 3780 2229 3833 rei
2263 3794 2531 3833 summam
2557 3790 2824 3849 caputque
2856 3779 3014 3834 facile
3038 3794 3307 3848 perspeer

1752 3870 1842 3929 rit,
1880 3868 1925 3920 si
1954 3869 2020 3921 ad
2049 3872 2329 3937 superiora
2368 3870 2471 3923 hoc
2497 3885 2662 3923 unum
2700 3871 2984 3932 addiderit,
3008 3871 3121 3937 jam
3151 3871 3328 3923 homi-

1755 3970 1852 4012 nes
1885 3958 1936 4011 id
1966 3973 2135 4028 genus
2165 3960 2619 4029 quamplurimos,
2655 3960 2745 4028 qui
2777 3960 3104 4030 singularem
3142 3960 3316 4012 numio

1754 4047 1839 4101 nis
1872 4047 2108 4102 amatum
2154 4063 2263 4117 prae
2292 4063 2349 4102 se
2381 4047 2603 4108 ferrent,
2652 4063 2788 4116 quos
2815 4047 2902 4103 isti
2939 4050 3239 4117 praecipuos
3266 4058 3315 4100 et

1754 4154 2035 4193 sacrorum
2066 4138 2407 4207 interpretes,
2432 4147 2486 4190 et
2512 4138 2793 4208 theologos
2825 4147 2876 4191 et
2908 4134 3197 4207 prophetas
3225 4139 3315 4192 har

1752 4231 1960 4292 berent,
1991 4243 2095 4284 non
2127 4230 2303 4283 solum
2336 4229 2583 4291 antehac,
2604 4230 2697 4282 sed
2730 4243 2899 4297 nuper
2924 4230 3084 4282 etiam
3108 4239 3307 4285 nostra-

1755 4336 1863 4389 que.
1908 4320 2171 4373 memoria
2220 4320 2413 4373 divina
2457 4319 2620 4387 hujus
2652 4319 2927 4387 sapientia:
2960 4319 3316 4389 nominecla-

1752 4412 2000 4465 rissimos
2026 4453 2040 4474 ,
2088 4426 2213 4465 cum
2251 4412 2316 4465 ad
2347 4410 2588 4465 Romana
2625 4411 2910 4465 tribunalia
2943 4412 3080 4480 rapti
3115 4423 3315 4474 essent.

1753 4502 2113 4571 quaestionum
2142 4505 2194 4555 vi
2223 4504 2444 4557 adactos
2470 4544 2484 4566 ,
2515 4502 2829 4557 universum
2858 4502 2958 4557 hoc
2982 4501 3189 4557 fraudis
3223 4521 3314 4571 ge-

100 4590 157 4641 ἂν
185 4591 255 4661 μὴ
296 4591 446 4655 θεοὺς
498 4588 658 4656 εἶναι,
696 4593 829 4663 μηδὲ
886 4592 990 4662 μὴν
1034 4592 1329 4661 δαίμονας,
1377 4590 1501 4651 τοὺς
1542 4591 1649 4641 τῶν

1756 4608 1859 4647 nus
1908 4592 1972 4646 ad
2024 4592 2271 4647 homines
2312 4594 2661 4663 decipiendos
2708 4602 3079 4663 comparatum
3133 4594 3311 4647 decla-

101 4680 227 4736 κατὲ
268 4682 445 4745 πόλεις
500 4682 848 4751 χρηστηρίων
902 4682 1138 4743 αίτίουςο
1194 4679 1399 4749 πλάνην
1446 4679 1501 4731 δὲ
1555 4680 1648 4731 καὶ

101 4772 296 4843 ἀπάτην
326 4773 537 4843 ἀνδρῶν
578 4774 827 4843 γοήτων
853 4775 961 4825 Καὶ
1003 4769 1142 4843 ἦσάν
1185 4788 1247 4839 γε
1292 4772 1421 4843 παρ’
1468 4770 1647 4834 αὐτοῖς

102 4863 333 4936 Ἕλλησιν
376 4865 495 4917 ὅλαι
540 4864 628 4917 διὰ
662 4863 977 4931 φιλοσοφίας
1024 4864 1343 4932 διαπρεπεῖς
1382 4860 1655 4931 αἱρέσεις,

1756 4700 1942 4747 rasse,
2008 4682 2287 4753 totumque
2356 4688 2628 4755 negotium
2688 4685 2986 4755 pmtigias
3037 4698 3156 4738 esse
3190 4678 3314 4736 'arte

1751 4774 2081 4843 compositas
2113 4772 2289 4828 lassos
2318 4774 2505 4829 fuisse.
2548 4778 2721 4844 Atque
2752 4773 2805 4828 hi
2832 4788 3045 4827 omnem
3081 4773 3305 4830 molitio-

1750 4866 1836 4919 nis
1858 4864 2082 4917 occulta:
2133 4864 2419 4928 rationem,
2466 4873 2741 4934 totamque
2770 4866 3026 4918 maleficae
3070 4865 3203 4920 artis
3231 4867 3313 4923 lu-

100 4956 279 5027 ταύτης
328 4957 726 5029 προῖστάμεναι
777 4955 874 5024 τῆς
930 4954 1118 5024 δόξης
1169 4956 1244 5015 ὡς
1299 4954 1347 5005 οί
1391 4952 1497 5003 ἀπὸ
1552 4952 1643 5003 τοῦ

1756 4957 2108 5010 diticationem
2140 4957 2319 5010 verbis
2352 4956 2641 5025 ipsissimis
2661 4994 2676 5018 ,
2708 4954 2907 5023 quibus
2933 4970 3045 5008 rem
3070 4950 3194 5011 ante
3218 4976 3314 5028 pa.

109 5050 486 5118 Ἀριστοτέλους
516 5049 608 5101 καὶ
637 5047 835 5108 πάντες
861 5047 909 5097 οἱ
936 5046 1167 5114 καθεξῆς
1199 5045 1290 5098 τοῦ
1317 5043 1643 5113 Περιπάτου,

100 5138 302 5194 Κυνικοί
325 5161 384 5196 τε
415 5146 508 5197 καὶ
550 5134 929 5211 Ἐπικούρειοι,
961 5139 1051 5201 οὒς
1083 5142 1174 5192 καὶ
1204 5139 1432 5209 μάλιστα
1473 5138 1643 5205 ἔγωγε

158 5314 181 5342 ι
217 5305 297 5358 τσ.
328 5305 506 5360 ἄλλον.
578 5306 608 5346 δ
647 5306 734 5360 ῑσ.
772 5304 848 5358 δέ.

98 5459 178 5511 pra
222 5446 460 5500 laudavit
500 5442 731 5507 Euseb.,
758 5460 812 5513 p.
848 5443 947 5508 61;
974 5441 1190 5513 A’r_nob.
1224 5438 1320 5513 lib.
1358 5454 1372 5492 ι
1397 5458 1427 5513 _:
1460 5437 1640 5513 Delius

98 5508 283 5577 Apollo,
310 5515 387 5570 uel
419 5515 653 5576 Clarius,
686 5508 990 5582 Didymeum
1042 5509 1345 5582 Phliasius,
1374 5508 1639 5582 Pythius,

97 5594 187 5637 etc.
213 5576 322 5638 lmo
368 5592 423 5637 et
471 5576 1405 5653 Didymzus'lupiter'potjus.dici_
1444 5576 1639 5653 potuit,

100 5668 239 5723 quam
270 5654 463 5723 Apollo
486 5647 811 5723 Dodonaus.
847 5647 919 5704 Ita
942 5647 1095 5723 enim
1122 5647 1447 5723 gallimacb.
1479 5647 1639 5723 :nfbei-

99 5715 146 5772 δέ
178 5741 249 5785 τε,
284 5715 380 5777 καὶ
411 5722 512 5774 Ζεῦ
560 5719 802 5791 Διδύμων
829 5721 1086 5790 γενάρχα.
1118 5718 1183 5791 Et
1216 5726 1443 5791 uterque
1477 5715 1640 5791 Didyf

100 5795 198 5845 ηιιεί
237 5808 437 5862 przeses
479 5786 705 5845 oraculi}
736 5786 1508 5862 διρβὴοιὶζὲΑΔΔίδυμα,Δ-τύπος
1548 5788 1640 5837 καὶ

103 5854 329 5928 μαντεῖον
360 5861 621 5934 Μιλήτου,
648 5854 1017 5930 ἀφιερωμένον
1042 5856 1124 5909 Διῒ
1153 5854 1245 5909 καὶ
1292 5854 1601 5909 Ἀπόλλωνι.

1744 5518 1845 5569 est.

1747 5046 2059 5109 tefecerant,
2095 5046 2147 5097 in
2171 5052 2287 5099 acta
2315 5045 2528 5113 publica
2552 5043 2855 5097 retulerunt
2886 5063 2897 5097 :
2927 5044 3115 5114 sicque
3138 5047 3315 5115 justas

1746 5136 1980 5189 exitialis
2011 5134 2215 5187 fraudis
2250 5147 2437 5201 pmnas
2465 5132 2708 5196 luentes,
2770 5128 3043 5203 quidquid
3089 5135 3313 5202 latebat,

926 5315 946 5342 ο
988 5319 1077 5371 γρ.
1119 5300 1403 5371 ἐξέφηναν.
1477 5300 1503 5337 ἀ
1546 5302 1649 5356 del.
1682 5303 1793 5354 καί.

1818 5438 1929 5507 (25)
1971 5434 2259 5507 Πάνθεον.
2300 5432 2656 5507 communior
2685 5446 2767 5499 1ac
2821 5428 3014 5485 melior
3040 5427 3307 5497 scriptura

1925 5505 2154 5564 άνθειον.
2190 5506 2392 5573 penult.
2424 5498 2747 5573 diphthong.

1819 5576 1926 5647 (‘24)
1970 5576 2032 5647 οι
2072 5573 2149 5647 ,δέ
2186 5569 2359 5642 μηδέ,
2406 5569 2875 5647 etclhl'seve'satis
2901 5576 3304 5647 argumentum,

1743 5636 1867 5702 cum
1902 5636 1955 5698 et
1986 5636 2293 5697 Judaeorum
2324 5642 2826 5696 etChriStianorum
2862 5636 3059 5707 templa
3089 5652 3197 5689 non
3223 5653 3307 5691 se-

1747 5716 1851 5775 mel
1881 5716 2040 5769 etiam
2058 5712 2478 5782 conﬂagrarint:
2510 5712 2614 5765 nisi
2648 5707 3104 5782 oddideris,quod
3123 5708 3227 5782 lib.
3254 5722 3304 5760 vt

1748 5786 2018 5854 pluribus.
2054 5776 2328 5837 daemones
2390 5783 2484 5836 fati
2542 5779 2865 5854 necessitate
2898 5777 3087 5842 victos,
3122 5776 3305 5830 inceno

1750 5848 1897 5911 dium
1934 5855 2001 5908 ab
2031 5854 2095 5908 iis
2126 5854 2391 5923 depellere
2424 5866 2528 5906 non
2559 5848 2820 5919 potuisse.
