3936 6342
667 449 675 455 ’
755 450 858 506 259

1375 446 1661 527 [EUSEBII
1700 442 2174 502 CASSARIENSIS
2213 442 2361 500 OPP.
2400 439 2578 497 PARS
2616 439 2678 493 ll.
2722 471 2788 479 —
2817 436 3313 494 APOLOGETlCA.
3853 440 3909 492 ει

754 571 1069 635 cvulgaruut
1094 609 1107 629 .
1138 582 1364 637 quaeque
1389 578 1572 623 nostra
1603 555 1847 627 oratione
1873 566 2171 639 produntur
2194 602 2211 628 ,
2243 577 2284 617 e:

2410 560 2712 630 ἐθαύμασα,
2743 560 2888 619 ὅπως
2921 559 2977 610 ὲν
3006 559 3117 619 τοῖς
3151 551 3427 625 ἸΕλλήνων
3477 553 3631 624 ήθεσι
3678 558 3911 625 τραφέντε

755 660 915 713 rebus
963 660 1095 729 ipsis
1141 661 1193 712 in
1239 659 1480 713 omnium
1531 659 1650 712 luce
1693 656 2133 725 comprobarunt.
2177 654 2304 719 Sed,

753 751 939 818 quales
968 750 1112 802 enim
1150 750 1236 803 isti
1286 750 1474 803 erant?
1509 748 1651 803 Cave
1694 758 1748 802 tu
1782 748 1912 800 mihi
1947 746 2186 814 abjectos
2216 760 2309 797 ne-

754 841 867 893 scio
894 856 1032 909 quos
1057 850 1109 895 et
1133 843 1397 896 obscuros
1428 840 1653 910 cogites.
1711 839 1814 891 Alii
1848 837 2043 907 quippe
2071 851 2136 889 ex
2172 852 2309 904 pra:-

754 933 895 987 clara
929 934 1015 985 illa
1047 933 1325 1002 nobilique
1370 931 1707 1001 philosophia
1748 929 2091 998 prodierant,
2136 928 2309 981 110ιηὶ-

749 1042 876 1078 num
906 1041 1093 1079 eorum
1142 1042 1208 1081 ex
1248 1040 1435 1095 grege,
1475 1024 1569 1093 qui
1597 1024 1816 1092 pallium
1844 1021 2059 1075 assidue
2104 1027 2303 1081 terunt,

748 1132 811 1171 ac
837 1118 1049 1171 sublato
1072 1118 1361 1187 supercilio
1403 1126 1703 1186 caeteroque
1728 1130 1849 1169 cum
1885 1112 2027 1168 fastu
2057 1110 2305 1165 inambu-
2342 1144 2343 1147 η

748 1208 871 1261 lant
892 1217 913 1261 z‘
936 1210 1025 1262 alii
1050 1225 1114 1263 ex
1141 1209 1271 1278 ipsis
1296 1207 1646 1262 Antiochense
1691 1205 1924 1260 civitatis
1973 1201 2298 1271 magistrati-

746 1304 850 1357 hus
884 1317 946 1355 ac
975 1299 1302 1369 primoribus
1330 1307 1504 1360 erant,
1538 1297 1631 1364 qui
1660 1295 1929 1351 saevientis
1964 1294 2018 1347 in
2051 1308 2148 1346 nos
2177 1306 2301 1361 per-

750 1392 1042 1448 secutionis
1087 1401 1325 1461 tempore
1365 1388 1569 1445 nostris
1612 1403 1677 1442 ex
1719 1386 1932 1456 injuriis
1967 1383 2303 1439 auctoritatis

746 1488 1034 1558 plurimum
1065 1501 1127 1539 ac
1157 1483 1457 1554 splendoris
1484 1481 1827 1551 quaesieram.
1858 1477 2017 1547 136
2049 1474 2301 1530 Philoso-

745 1580 908 1648 phum
976 1584 1233 1645 praetcrea
1314 1574 1600 1643 quemdam
1670 1570 1964 1633 novimus,
2035 1568 2303 1637 simulque

745 1668 1082 1736 prophetam,
1110 1666 1195 1729 iis,
1221 1679 1342 1733 quae
1362 1663 1619 1725 diximus,
1643 1660 1838 1715 similia
1864 1656 2028 1711 Mileti
2049 1658 2298 1711 subiisse.

744 1757 836 1811 llis
872 1758 1031 1827 igitur
1056 1756 1293 1811 collectis
1323 1754 1555 1823 aliisque
1581 1751 1829 1822 pluribus
1851 1790 1866 1816 ,
1908 1748 2098 1800 merito
2146 1758 2301 1815 neget

2411 650 2548 715 ἐξέτι
2580 651 2685 704 τῶν
2718 650 3065 721 σπαργάνων,
3098 651 3225 712 παῖς
3253 646 3401 719 παρά
3430 647 3635 717 πατρὸς
3663 645 3810 708 θεοὺς
3830 644 3911 699 sivi

2409 746 2529 807 τοὺς
2580 744 2932 814 δηλουμένους
2980 741 3401 811 παρειληφότες,
3468 740 3583 793 οὗθ’
3624 740 3784 811 ἔτερα
3828 743 3911 809 (ἰῧ

2408 834 2598 905 ληπτοὶ
2626 834 2908 903 γεγόνασιν
2926 850 2939 863 ⁸
2970 834 3105 886 ἀλλὰ
3127 834 3264 886 κατά
3295 834 3499 903 κράτος
3516 832 3611 886 καὶ
3631 832 3701 885 τά
3728 831 3911 901 βοώμλν

2407 928 2730 998 χρηστήρια,
2766 927 2860 979 καὶ
2892 926 2959 979 τά
2990 926 3139 996 παρὰ
3176 928 3305 977 πᾶσι
3352 925 3791 995 μεταδιωκόμενα
3836 943 3911 994 μω

2411 1002 2521 1070 τέῖα
2558 1017 2707 1069 οὐδὲν
2754 1016 2937 1087 φέρειν
2990 1016 3185 1087 ἀληθὲς
3228 1016 3574 1086 ἀπήλεγξαν,
3620 1015 3858 1085 ἀνωφελῆ
3898 1031 3911 1067 1

2406 1105 2542 1161 εἶναι
2576 1108 2954 1178 ἀπεφήναντο,
2990 1108 3082 1160 καὶ
3120 1106 3316 1177 μᾶλλον
3360 1108 3625 1177 ὲπιόλαόἧ
3661 1109 3911 1178 τυγχάνιιε

2404 1198 2625 1269 Μυρίων
2648 1199 2703 1251 δὲ
2732 1199 2918 1263 ὄντων,
2940 1200 3033 1252 καλ⁵
3062 1199 3151 1259 ,διὰ
3175 1198 3429 1252 πλειόνων
3454 1200 3555 1271 τήν
3578 1199 3686 1253 τῶν
3710 1201 3913 1269 μαντεία

2406 1287 2710 1359 ἀνατροπὴν
2744 1288 3141 1358 πεποιημένων,
3174 1288 3423 1359 ἐξαρκεῖν
3450 1288 3636 1358 ἔμοιγε
3671 1289 3913 1358 μαρτυρία

2406 1377 2561 1448 χάριν
2590 1377 2698 1429 τῶν
2722 1378 3027 1448 εἰρημένων
3057 1378 3148 1430 ἐπὶ
3178 1378 3269 1431 τοῦ
3302 1378 3566 1448 παρόντος
3606 1377 3842 1448 ἡγοῦμαι
3872 1394 3913 1429 κε

2365 1496 2372 1501 -
2408 1465 2536 1533 μίαν
2576 1467 2693 1530 ἐνὸς
2748 1466 2951 1519 τούτων
3000 1466 3299 1538 παράθεσιν
3346 1467 3675 1522 ἀπαντῶσαν
3727 1469 3855 1539 πρὸς
3891 1484 3913 1519 τ

2403 1557 2725 1628 Χρυσίππῳ·
2760 1558 2883 1628 περὶ
2923 1558 3256 1629 εἱμαρμένης
3288 1558 3395 1611 ἀπὸ
3433 1559 3531 1628 τῆς
3565 1558 3673 1610 τῶν
3708 1558 3913 1627 μαντεία

2403 1651 2760 1720 προρρήσεως
2814 1649 3341 1703 κατασκευασθέντα.
3390 1649 3592 1720 Γράφει
3635 1650 3681 1702 δ’
3712 1644 3805 1703 οὖν
3834 1648 3913 1717 πρὶ

2401 1739 2561 1793 αὑτὸν
2593 1741 2621 1791 ό
2649 1742 3014 1810 συγγραφεὺς,
3048 1740 3385 1811 ἀπελέγχων,
3414 1741 3510 1793 ’δτι
3545 1739 3733 1803 κακῶς
3770 1742 3829 1792 ὲκ
3858 1740 3913 1790 τᾶ

743 1849 1011 1917 quispiam
1062 1857 1169 1900 tam
1213 1846 1481 1899 dmmones
1516 1858 1676 1912 quam
1707 1841 1837 1894 deos
1864 1851 2175 1907 sparsorum
2207 1851 2284 1903 pel

2404 1830 2668 1900 μαντείων
2699 1830 3014 1901 σημειοῦται
3046 1831 3142 1902 τὴν
3167 1833 3525 1903 εἱμαρμένην,
3552 1832 3647 1885 καὶ
3670 1832 3754 1884 ὅτι
3773 1832 3828 1885 ὲν
3857 1836 3915 1883 τοὶ

742 1942 901 1994 urbes
942 1940 1292 1993 oraculorum
1338 1945 1587 1993 auctores
1618 1934 1821 1995 fuisse,
1875 1944 2098 1999 remque
2127 1939 2284 1981 totam

2400 1922 2667 1985 πλείστοις
2696 1924 2763 1975 τὰ
2790 1923 2899 1976 τῶν
2930 1924 3192 1995 Ἑλλήνων
3216 1928 3439 1995 μαντεῖα
3460 1924 3849 1995 διαψεύδονται,
3872 1942 3915 1976 κε

741 2035 793 2085 in
817 2046 1054 2085 errorem
1084 2030 1227 2099 vulgi
1264 2044 1327 2082 ac
1350 2027 1734 2081 circulatorum
1779 2022 2048 2079 fallaciam
2079 2018 2289 2089 prmstie

740 2122 958 2190 giasque
981 2118 1241 2174 conferat.
1284 2116 1345 2170 Et
1385 2132 1513 2170 vero
1535 2116 1754 2182 integra:
1782 2126 2031 2182 quoque,
2061 2125 2125 2163 ac
2150 2123 2289 2177 pra:-

740 2213 882 2279 cipui
913 2210 1146 2264 nominis
1171 2208 1556 2277 phil050plioru
1568 2221 1625 2279 ιη,
1656 2214 1816 2259 secta:
1838 2203 2002 2272 hujus
2023 2199 2293 2269 Opinionis

2393 2014 2473 2065 ὅτι
2497 2006 2733 2077 σπανίως
2754 2014 2934 2078 αὐτοῖς
2960 2017 3024 2068 ὲκ
3047 2018 3332 2087 συντυχίας
3355 2018 3482 2070 ποτέ
3509 2035 3631 2071 τινα
3660 2017 3910 2088 συμϐαίνε

2393 2106 2473 2157 ὅτι
2501 2123 2561 2157 τε
2591 2106 2854 2177 ἄχρηστος
2890 2107 3069 2160 αὐτῶν
3102 2109 3194 2161 καὶ
3235 2109 3529 2181 ὲπισλαϐὴς
3572 2113 3604 2181 ή
3636 2112 3915 2181 πρόρρησις

2402 2200 2601 2252 ’Δκουε
2634 2199 2678 2251 δ’
2714 2194 2827 2263 οὖν,
2854 2199 2888 2253 ά
2915 2217 3045 2270 φησι
3076 2201 3215 2254 κατά
3244 2201 3408 2267 λέξιν.

738 2305 903 2359 duces
932 2319 994 2358 ac
1022 2303 1263 2356 vindices
1309 2301 1586 2362 exstitere,
1618 2309 1746 2368 puta
1790 2298 1881 2367 qui
1915 2313 1978 2351 ex
2032 2294 2338 2349 Aristotelis
2389 2294 2667 2363 disciplina
2699 2296 3045 2363 prodierant,
3078 2307 3132 2351 et
3161 2306 3430 2367 quotquot
3456 2297 3714 2367 deinceps
3754 2296 3915 2363 Perip:

739 2395 881 2449 tetici
926 2394 1185 2448 nominati
1228 2401 1389 2456 sunt,
1454 2406 1552 2445 nec
1590 2404 1698 2445 non
1738 2388 1928 2461 Cynici
1951 2396 2005 2443 et
2040 2386 2310 2457 Epicurei,
2365 2402 2504 2455 quos
2544 2387 2791 2455 equidem
2826 2381 3035 2463 mirari
3074 2402 3139 2442 eo
3176 2392 3395 2445 nomine
3436 2390 3737 2460 plurimum
3794 2390 3915 2444 solet

738 2488 877 2558 quod
906 2501 1030 2542 cum
1063 2485 1375 2541 Graecorum
1408 2486 1460 2538 in
1494 2484 1738 2538 moribus
1760 2484 1829 2537 ab
1880 2483 2010 2551 ipsis
2052 2482 2393 2537 incunabulis
2461 2484 2671 2538 educati
2732 2484 2997 2549 fuissent,
3031 2498 3095 2537 ac
3119 2484 3249 2539 deos
3274 2499 3431 2548 esse,
3475 2475 3613 2554 quos
3667 2494 3798 2539 ante
3828 2484 3917 2536 dixi

740 2592 880 2640 mus,
916 2577 1065 2645 pueri
1112 2592 1143 2630 a
1185 2576 1298 2631 suis
1330 2576 1531 2644 quique
1595 2571 1907 2643 parentibus
1952 2570 2300 2640 accepissent,
2358 2587 2633 2641 nunquam
2679 2582 2855 2625 tamen
2895 2572 3175 2627 erroribus
3212 2572 3330 2627 istis
3386 2573 3583 2627 irretiri
3623 2573 3744 2628 ullo
3801 2574 3917 2627 mod

736 2669 1031 2736 potuerint,
1067 2668 1159 2722 sed
1189 2666 1387 2735 potius,
1419 2680 1537 2735 qua:
1557 2662 2140 2734 passimjactabantur,
2184 2664 2423 2730 oracula,
2485 2680 2713 2734 quaeque
2764 2664 3007 2717 omnium
3050 2678 3319 2719 concursu
3379 2649 3707 2734 populorum
3772 2667 3917 2723 vatici

739 2764 825 2816 nia
862 2760 1288 2827 celebrabantur,
1338 2775 1397 2812 ea
1451 2775 1557 2812 non
1587 2758 1745 2813 modo
1770 2755 2022 2811 vanitatis
2048 2770 2112 2809 ac
2137 2756 2402 2809 mendacii
2428 2756 2789 2826 coarguerint,
2832 2754 2925 2809 sed
2957 2755 3121 2808 etiam
3175 2756 3325 2811 exitii
3376 2759 3558 2827 potius
3627 2773 3798 2829 quam
3849 2761 3917 2813 uti

736 2853 899 2907 litatis
928 2853 1090 2906 ullius
1145 2866 1337 2906 causas
1382 2865 1503 2905 esse
1532 2849 1970 2905 demonstrarint.
2012 2849 2277 2902 Caeterum
2309 2863 2432 2901 cum
2482 2849 2722 2903 sexcenti
2762 2848 3141 2901 vaticiniorum
3191 2847 3418 2903 istorum
3488 2852 3788 2911 vanitatem
3846 2853 3917 2921 plu

735 2945 885 2999 ribus
928 2942 1277 3007 confutarint,
1322 2941 1455 2995 mihi
1482 2950 1661 2996 tamen
1714 2940 1779 2993 ad
1825 2939 2043 3009 aliquod
2072 2954 2408 3009 eorum,quae
2460 2939 2608 3005 dixi,
2680 2940 3046 2995 testimonium
3113 2937 3249 2995 satis
3289 2939 3406 2996 fore
3468 2942 3917 3011 impraesentiarum

735 3032 953 3104 putavi,
990 3032 1035 3085 si
1078 3032 1240 3085 unius
1275 3028 1481 3086 tantum
1515 3032 1675 3085 exiis
1701 3031 2158 3100 disputationem,
2191 3030 2449 3086 adversus
2468 3046 2553 3095 ea,
2613 3047 2734 3100 quae
2778 3046 2876 3101 pro
2936 3029 3046 3086 fato
3099 3029 3433 3103 Chrysippus
3495 3048 3560 3087 ex
3613 3038 3917 3090 oraculum:

736 3125 1078 3197 praedictione
1123 3122 1449 3189 confecerat,
1480 3133 1793 3194 argumenta
1837 3131 2167 3192 susceptam,
2208 3121 2313 3177 hoc
2358 3123 2480 3177 loco
2505 3122 2849 3191 subjicerem.
2914 3120 3005 3178 Sic
3050 3122 3194 3176 enim
3255 3124 3515 3201 adversus
3553 3123 3710 3179 illqu
3779 3136 3919 3181 aucta

737 3216 839 3270 iste
874 3215 1097 3280 scribit,
1147 3224 1204 3269 ut
1249 3231 1372 3269 eum
1423 3232 1488 3269 ex
1533 3216 1768 3270 oraculis
1807 3231 2087 3286 perperam
2116 3214 2286 3269 fatum
2347 3216 2633 3270 observare
2654 3230 2718 3269 ac
2740 3215 2970 3283 probare
3008 3224 3291 3285 coarguat,
3362 3214 3601 3286 adeoque
3644 3218 3919 3275 Graecum

732 3310 953 3365 oracula
989 3310 1041 3362 in
1074 3308 1344 3377 plerisque
1372 3310 1622 3363 omnibus
1645 3310 1776 3363 falsa
1808 3310 2170 3378 respondisse,
2202 3326 2433 3378 raroque
2468 3309 2782 3377 admodum,
2818 3309 2981 3377 idque
3025 3325 3133 3362 non
3189 3309 3295 3363 nisi
3358 3324 3486 3364 casu
3510 3351 3526 3375 ,
3584 3323 3840 3367 eventum
3892 3314 3919 3367 ii

733 3403 1093 3472 respondisse,
1119 3411 1393 3470 postremo
1416 3418 1521 3455 non
1545 3404 1718 3457 solum
1744 3404 1982 3470 inutiles,
2021 3403 2115 3458 sed
2177 3403 2339 3458 etiam
2406 3403 2742 3471 perniciosas
2785 3415 2973 3456 eorum
3040 3401 3415 3471 praedictiones
3459 3417 3579 3457 esse
3648 3405 3919 3461 contendat

732 3496 869 3549 Audi
919 3507 1085 3561 ergo,
1134 3493 1586 3560 quemadmodum
1636 3495 1753 3563 ipse
1796 3493 1869 3547 ad
1918 3494 2142 3549 verbum
2197 3493 2472 3562 loquatur.

1324 3629 1548 3685 CAPUT
1599 3629 1691 3685 111.

2910 3631 3304 3687 ΚΕΟΔΔΔῘΟΝ
3351 3630 3426 3684 P'.

737 3725 818 3776 Ex
856 3724 1159 3794 Diogeniani
1190 3725 1425 3792 scriptis,
1448 3724 1713 3776 divinandi
1748 3733 1910 3776 artem
1950 3727 2159 3778 minime
2181 3724 2280 3777 sibi

2396 3725 2491 3776 Ἐκ
2522 3722 2639 3775 τῶν
3076 3682 3341 3791 (Ξϐᾖότι
3758 3726 3919 3781 αὐτῶ]

804 3805 1039 3847 constare
1058 3835 1071 3856 ,
1106 3798 1160 3847 in
1190 3794 1445 3862 plerisque
1475 3796 1713 3857 mentiri;
1744 3795 2078 3863 inutilemque
2105 3806 2279 3847 vatum

804 3881 863 3916 ac
892 3866 1235 3933 perniciosam
1265 3880 1372 3916 esse
1403 3865 1811 3932 praedictionem.

807 4017 1050 4081 (Aliud,
1096 4017 1304 4086 inquit,
1347 4026 1601 4086 praeterea
1642 4018 1806 4071 citato
1846 4017 1983 4070 libro
2012 4016 2277 4086 ejusmodi

734 4118 1101 4177 argumentum
1148 4108 1480 4178 Chrysippus
1522 4108 1693 4162 affert.
1751 4106 1917 4177 Negat
1946 4109 2087 4160 enim
2124 4122 2277 4161 veras

732 4200 1035 4253 divinorum
1084 4198 1236 4267 137
1281 4208 1464 4251 vatum
1516 4199 1887 4265 prtedictiones
1935 4197 2165 4264 futuras,
2200 4197 2278 4251 ni-

734 4292 780 4343 si
808 4290 985 4343 omnia
1027 4288 1117 4341 fati
1174 4289 1489 4341 necessitate
1542 4297 1870 4341 tenerentur.
1912 4286 1965 4339 Id
1991 4289 2133 4356 quod
2169 4304 2273 4340 non

735 4380 956 4433 minoris
995 4379 1233 4447 profecto
1274 4379 1510 4432 stultitiae
1556 4388 1637 4431 est
1662 4418 1676 4443 ,
1724 4393 1882 4445 quam
1918 4390 2128 4432 cartera.
2164 4377 2275 4431 Hoc

732 4470 872 4522 enim
914 4468 1131 4535 perinde
1155 4468 1341 4534 sumit,
1379 4484 1441 4521 ac
1469 4470 1512 4521 si
1550 4468 1630 4521 vel
1674 4469 1921 4533 istorum,
1965 4485 2103 4537 quos
2127 4479 2273 4521 vates

732 4559 1035 4621 nominant,
1081 4560 1330 4625 praedicta
1378 4560 1559 4611 omnia
1604 4558 1818 4612 evenire
1860 4567 2150 4623 constaret,
2186 4560 2269 4611 vel

729 4652 910 4720 pctius
940 4648 1052 4701 fato
1088 4657 1287 4707 cuncta,
1315 4649 1427 4701 ﬁeri
1455 4664 1768 4704 concessum
1806 4666 1833 4701 a
1857 4651 2111 4719 quopiam
2138 4648 2274 4703 fuis-

728 4749 807 4792 set
842 4759 855 4791 :
892 4755 955 4793 ac
986 4752 1095 4791 non
1128 4739 1175 4791 id
1197 4738 1455 4791 .similitcr
1478 4737 1611 4791 falso
1636 4738 1919 4803 diceretur,
1943 4756 2065 4793 cum
2094 4752 2272 4793 tamen

725 4831 1057 4883 contrarium
1083 4870 1095 4893 ,
1128 4830 1229 4883 hoc
1262 4839 1344 4883 est
1372 4845 1476 4882 non
1521 4830 1733 4895 omnia,
1767 4846 1885 4897 quze
1919 4832 1987 4885 ab
2028 4831 2097 4885 iis
2133 4846 2275 4899 pm-

806 5001 911 5069 (233)
957 5002 1085 5053 οὔθ’
1114 5002 1298 5069 ἕτερα.
1340 5003 1645 5073 Legendum
1678 5004 1965 5071 videretur,
1994 5005 2267 5077 οὐδετέρᾳ.

806 5087 861 5109 ιφ
911 5086 1009 5109 νοτ
1090 5073 1296 5109 Inniolci
1367 5082 1550 5109 nunlro
1616 5082 1764 5109 annm
1815 5076 1989 5109 nnliuc
2066 5091 2224 5109 ηησηη

2388 5022 2557 5109 “fill!
2583 5014 3346 5109 Ἷῖ¹ἐ¹ΕΞ¹ἓὶῖἰ¹ὲθοθΡῐθἮς,99

735 5072 861 5143 Quae
911 5086 1035 5131 vox,
1090 5073 1320 5136 tametsi,
1366 5082 1575 5133 neutra,
1616 5082 1768 5127 sonet
1815 5076 2011 5139 potius,
2066 5072 2267 5143 quam,

736 5142 879 5192 nulla
918 5156 1055 5210 :per
1081 5156 1197 5193 sese
1226 5153 1397 5193 tamen
1423 5146 1569 5197 reddi
1598 5147 1876 5195 commode
1904 5142 2100 5210 potest,
2126 5146 2271 5198 nullo

735 5211 913 5283 modo_.
941 5210 1199 5283 Themist.
1232 5220 1369 5283 orat.
1400 5213 1485 5283 10,
1521 5228 1571 5279 p.
1599 5212 1724 5276 236,
1764 5212 2001 5283 καίτοιγε
2040 5216 2272 5283 προήγο-

737 5295 824 5343 ρον
857 5278 994 5347 εἶχον
1023 5278 1698 5350 οὐδετέρᾳ-ληπτόνίηυθεὶ
1728 5282 1884 5350 omni
1904 5297 1968 5333 ex
2002 5278 2270 5350 parte'te-

735 5358 877 5399 ctum
930 5347 1215 5416 patronum
1255 5347 1413 5401 illum
1459 5347 1627 5402 fuisse
1653 5350 1814 5403 dicat.
1848 5347 2042 5401 Verum
2075 5351 2166 5403 alt.
2207 5368 2271 5403 ex

736 5415 1002 5487 manuscr.
1020 5419 1142 5485 legit
1170 5418 1226 5468 οὺ
1252 5415 1467 5487 θάτερα.
1483 5418 1759 5483 Quomodo
1777 5428 1957 5470 noster
1973 5417 2267 5472 Demonstr.

736 5486 827 5566 l_i‘b.
863 5500 937 5566 Iv,
966 5503 1081 5566 cap.
1113 5488 1171 5566 ‘9‘,
1197 5502 1324 5566 pagg
1344 5486 1461 5566 illi,
1494 5490 1559 5539 de
1589 5489 1829 5566 dmmone
1854 5488 2099 5566 loquens,
2127 5488 2271 5566 ξεινά

734 5554 789 5607 δὲ
815 5554 952 5607 κατά
978 5554 1080 5607 τῶν
1110 5555 1272 5607 ἐθνῶν
1304 5555 1550 5607 ἁπάντων
1580 5557 1889 5625 ἀπειλήσας,
1914 5554 2114 5625 θάτερα
2144 5558 2270 5609 λεπ-

732 5625 865 5695 τοὺς
896 5626 1003 5683 τοῖς
1036 5625 1383 5695 ,προδουλίοις
1406 5624 1734 5695 ἀνθρώπους
1760 5624 1993 5695 εὕρατο,
2044 5624 2132 5678 ubi
2189 5630 2262 5681 le-

733 5693 961 5763 gendum
1000 5694 1203 5763 videtur
1236 5694 1554 5763 προῦολίοις.
1584 5695 1635 5745 ld
1664 5705 1781 5748 est:
1814 5693 1881 5745 ᾸΙ
1902 5695 2133 5763 gentibus
2156 5712 2263 5747 om-

733 5762 879 5813 nibus
912 5762 1089 5828 gravia
1136 5762 1359 5813 minatns
1408 5780 1523 5815 cum
1566 5773 1715 5825 esset,
1760 5767 1865 5815 alia
1914 5765 2115 5815 ratione
2153 5766 2261 5817 suis

732 5833 835 5883 inse
858 5830 1115 5883 venabulis
1144 5842 1294 5899 captu
1317 5834 1495 5900 faciles
1522 5835 1748 5885 homines
1782 5836 1985 5900 reperit.
2016 5832 2263 5903 lntelligit

2513 3790 2783 3860 μαντικὴ
2813 3792 2908 3845 καὶ
2934 3790 3020 3843 τὰ
3063 3790 3262 3846 πολλὰ
3301 3793 3641 3861 ψευδομένην
3664 3790 3812 3860 ,καὶ
3861 3798 3916 3850 ὅτ

2449 3794 2769 3914 gnat-mei;
2813 3794 2908 3845 καὶ
2934 3794 3020 3843 τὰ
3063 3795 3262 3846 πολλὰ
3301 3794 3641 3881 vsebam
3664 3801 3812 3881 ,ικαὶ
3861 3798 3915 3879 ὃς

2444 3877 2746 3997 ρἧτέἔτος
2778 3862 2883 3914 *καὶ
2920 3860 3242 3929 ἐπιϐλαϐὴς
3288 3862 3327 3929 ἠ
3364 3878 3471 3915 κατ
3517 3880 3749 3932 αυτους
3780 3870 3915 3935 πρόρ

2486 3947 2646 3997 ησις.

2452 4040 2470 4071 ί
2500 4022 2654 4092 Φέρει
2680 4020 2737 4072 δὲ
2764 4020 2857 4072 καὶ
2881 4018 3045 4089 άλλην
3070 4018 3348 4086 ’ἀπόδειξιν
3375 4023 3431 4074 ἐν
3464 4023 3540 4093 τῷ
3564 4029 3919 4098 προειρημένη

2380 4108 2566 4183 βιϐλίῳ
2603 4110 2856 4181 τοιαύτην
2879 4112 3022 4164 τινὰ.
3056 4111 3147 4191 Μή
3179 4112 3284 4184 γὰρ
3325 4113 3391 4167 ἂν
3423 4110 3527 4179 τὰς’
3552 4111 3673 4172 τῶν
3706 4116 3919 4189 μάντεως

2378 4202 2702 4272 προρρήσεις
2724 4201 2940 4271 ἀληθεῖς
2982 4196 3119 4253 εἶναι
3169 4218 3365 4273 φησιν,
3398 4207 3447 4256 εί
3507 4208 3579 4277 μὴ
3612 4209 3796 4261 πάντα
3843 4210 3919 4261 ὑππὲ

2378 4293 2473 4362 τῆς
2496 4292 2835 4363 εἱμαρμένης
2862 4292 3212 4365 περιείχοντο·
3250 4293 3278 4345 δ
3306 4295 3398 4347 καὶ
3432 4297 3560 4349 αὐτὸ
3593 4298 3803 4369 πολλῆς
3828 4300 3919 4369 εὑη-

2380 4383 2526 4446 θείας
2558 4369 2750 4453 μεστόν
2778 4382 2943 4435 ἐστιν.
2996 4384 3083 4446 Ὠς
3110 4382 3219 4455 γὰρ
3244 4386 3505 4457 ἐναργοῦς
3530 4388 3687 4452 ὄντος
3714 4392 3807 4445 τοῦ
3836 4395 3919 4445 πά.

2380 4491 2479 4537 σας
2506 4475 2817 4527 ἀποϐαίνειν
2848 4473 2946 4537 τὰς
2978 4475 3083 4527 τῶν
3117 4476 3458 4546 χαλωμένων
3495 4479 3744 4548 μάντεων
3778 4488 3919 4556 προρ-

2380 4567 2583 4635 ῥήσεις,
2618 4564 2653 4634 ἢ
2681 4564 2755 4627 ὡς
2786 4561 2983 4645 μᾶλλον
3010 4564 3081 4645 ἂν
3107 4566 3213 4617 ὑπό
3239 4582 3382 4630 τινος
3412 4569 3597 4624 τούτου
3655 4590 3919 4646 συγχωρη.

2374 4652 2575 4718 θέντος,
2619 4654 2725 4707 τοῦ¹
2756 4656 2931 4709 πάντα
2971 4652 3215 4723 γίνεσθαι
3265 4658 3385 4711 καθ’
3434 4663 3801 4736 εἱμαρμένην,
3846 4668 3919 4719 καὶ

2372 4746 2490 4815 οὐχὶ
2524 4746 2720 4821 ὁμοίως
2766 4746 2830 4799 ἂν
2857 4744 3083 4819 ψευδοῦς
3127 4746 3379 4818 ῥηθέντος
3410 4752 3503 4805 καὶ
3530 4752 3724 4820 αὐτοῦ,
3750 4752 3919 4823 ἐπειδὴ

2374 4839 2465 4889 καὶ
2486 4837 2546 4889 τὸ
2576 4837 2836 4902 ἐναντίον,
2871 4838 3011 4905 λέγω
3043 4828 3101 4890 δέ
3122 4839 3181 4893 τὸ
3214 4840 3285 4911 μὴ
3320 4830 3495 4895 πάντα
3523 4841 3839 4899 ἀποϐαίνειν
3866 4848 3919 4899 τὰ

3451 5034 3479 5072 a
3509 5020 3644 5076 ibid.

2450 5035 2553 5066 tem
2583 5035 2874 5083 vmuptaus
2903 5035 3238 5080 meceoram,
3278 5035 3346 5074 ae
3374 5035 3479 5089 qua
3509 5035 3644 5076 Imu.

2446 5082 2558 5163 (alii)
2596 5087 2988 5163 Διογενιανοῦ.
3049 5088 3675 5163 An_'_lliog_enianus_ille
3702 5135 3718 5157 ,
3769 5107 3914 5163 quem

2378 5151 2572 5230 _Suidas
2608 5168 2700 5220 per
2735 5171 2781 5204 ει
2809 5157 3013 5222 scribit,
3043 5168 3095 5236 et
3136 5151 3501 5236 Heracleotem
3547 5151 3720 5217 fuisse
3745 5151 3914 5236 tr'adit,

2378 5224 2750 5291 insignemque
2780 5226 3239 5292 grammaticum?
3272 5224 3457 5294 Hujus
3490 5240 3715 5287 exstant
3734 5224 3914 5290 Graecae

2380 5289 2678 5369 Parmmize.
2718 5291 2985 5369 Medicum
3010 5294 3250 5369 ejusdem
3280 5299 3514 5369 nominis
3564 5299 3909 5354 clarissimum

2378 5360 2516 5439 idem
2550 5360 2741 5439 Suidas
2764 5363 2941 5427 habet,
2972 5360 3153 5439 itidem
3182 5362 3583 5439 Heracleotem,
3600 5372 3701 5439 sed
3729 5387 3793 5424 ex
3818 5372 3910 5424 Hec

2378 5430 2551 5503 raclea
2582 5430 2771 5503 Cariae,
2796 5447 2919 5485 cum
2944 5432 3183 5500 plerique
3205 5430 3619 5503 grammaticum
3646 5439 3801 5497 illum
3819 5441 3908 5494 lle-

2377 5498 2744 5577 racleml’outi
2783 5511 2968 5577 natum
3002 5498 3711 5577 crederentflutarchusin
3735 5524 3904 5577 opusc.

2378 5565 2453 5642 ρε
2480 5566 2686 5635 Pythia
2714 5570 2914 5642 oracut.
2964 5580 3019 5642 et
3058 5571 3151 5623 l'ib.
3189 5571 3261 5627 De
3293 5575 3488 5626 cannis.
3525 5565 3785 5642 alterum:
3827 5580 3905 5632 sed

2378 5633 2787 5707 Pergamenum,
2836 5640 2888 5690 in
2921 5640 3251 5707 colloquium
3282 5642 3517 5699 adhibet.
3549 5633 3905 5703 Theodoretus

2371 5703 2525 5827 2:16.“?-
2563 5707 2637 5828 ξε
2664 5707 2959 5761 ϐηεεοηιηι
2981 5703 3177 5775 alea,
3225 5726 3346 5782 pag.
3378 5712 3502 5781 138,
3538 5718 3710 5771 nostri
3762 5718 3905 5784 hujus

2515 5792 2587 5827 Im
2617 5818 2630 5828 .

2515 5792 2630 5829 ιηιι.
