3936 6342
52 517 112 575 ΞΜ
1095 515 1412 576 ΡΒΕΡΑΒ.
1453 516 1654 572 ΕνΑΝ(

1593 517 1700 572 NG.
1742 517 1867 572 LIB.
1908 517 1991 572 IV.

3062 515 3164 569 242

51 628 447 701 πραγορευθὲντα,
470 631 677 700 μᾶλλον
700 631 757 685 δὲ
779 631 847 685 τά
875 613 1095 686 πλεῖστα
1122 632 1295 686 αὐτῶν
1325 635 1358 703 ἡ
1383 633 1532 705 ἐνέρ-
1561 637 1602 690 Λ
1631 652 1654 687 ι)

1592 635 1876 689 ιιιιιηιὶοιει
1923 642 2070 701 sunt,
2122 633 2356 698 evenire,
2401 631 2510 686 imo
2555 647 2710 687 secus
2736 632 2948 686 evenire
2978 647 3167 701 quam-

51 742 125 789 τεια
145 723 230 790 (τι)
247 722 518 774 δείκνυσιν.
538 721 706 776 Οὕτω
720 723 817 794 τήν
839 721 1107 786 ἀπόδειξιν
1138 725 1266 794 ἡμῖν
1283 723 1524 794 Χρύσιπ-

46 832 108 877 πος
139 813 374 882 πεκόμικε,
412 813 485 864 ’δι’
519 813 770 885 ἀλλήλων
803 815 1217 878 κατασκευάζων
1265 797 1518 887 ἑκάτερα.

44 909 89 958 Τὸ
111 906 182 974 μὲν
203 905 294 974 γὰρ
315 904 488 958 πάντα
521 905 776 973 γίνεσθαι
818 905 942 960 καθ’
972 905 1306 976 εἱμαρμένην
1334 907 1398 959 ἐκ
1428 906 1521 960 τοῦ

45 996 232 1067 μαντικήν
253 993 380 1050 εῖναι
401 996 684 1050 δεικνύναι
716 998 994 1068 βούλεται·
1025 998 1085 1051 τὺ
1113 998 1169 1051 δὲ
1214 993 1349 1050 εἶναι
1385 1014 1519 1067 μαν-

41 1088 142 1155 erit;
164 1089 244 1140 οὐκ
267 1086 327 1140 ἂν
356 1088 534 1151 άλλως
562 1089 843 1155 ἀποδεῖξαι
869 1090 1101 1155 δύναιτο,
1131 1091 1176 1142 εί
1217 1088 1291 1160 μὴ
1320 1090 1518 1160 προλά-
1577 1156 1580 1160 ,

41 1179 92 1229 ἔοι
121 1179 165 1230 τὸ
201 1179 354 1232 πάντα
385 1179 713 1250 συμϐαίνειν
745 1181 866 1234 καθ’
908 1182 1264 1252 εἱμαρμένην.
1296 1183 1450 1247 Ποῖος
1476 1183 1518 1234 δ’

40 1271 81 1320 ἓν
102 1268 442 1340 μορηρότερος
480 1269 689 1342 τρόπος
712 1269 1036 1334 ἀποδείξεως
1061 1269 1248 1322 τούτου
1274 1270 1480 1338 γένοιτο
1502 1287 1516 1336 ;

39 1361 84 1411 Ti
103 1361 181 1432 γὰρ
199 1360 491 1413 άποῦαίνειν
524 1361 651 1415 τινὰ
683 1361 822 1416 κατὰ
849 1363 945 1434 τὴν
978 1362 1251 1433 ἐνέργειαν
1288 1355 1362 1416 ὧν
1388 1379 1518 1433 προ-

36 1450 204 1515 λέγουσιν
223 1453 264 1503 oi
288 1451 528 1520 μάντεις,
549 1452 616 1505 οὐ
637 1451 730 1505 τοῦ
762 1451 1024 1523 μαντικὴν
1049 1452 1356 1522 ἐπιστήμην
1378 1445 1515 1504 εἶναι

39 1546 187 1610 τημείον
225 1540 280 1594 ἂν
323 1543 429 1614 εἴη,
465 1543 612 1598 ἀλλὰ
655 1544 749 1598 τοῦ
779 1536 1010 1614 τυχικῶς
1040 1544 1367 1616 συμπίπτειν
1397 1547 1515 1607 ταῖς

35 1633 370 1703 προαγορεύσεσι
406 1634 739 1705 συμφώνους
766 1635 863 1698 τὰς
893 1634 1143 1698 ἐκϐάσεις
1161 1651 1175 1666 ο
1210 1636 1344 1708 ὅπερ
1374 1636 1514 1688 οὐδε-

36 1727 116 1792 μίαν
139 1727 242 1796 ἡμῖν
277 1727 597 1799 ἐπιστήμην
625 1728 1015 1782 ὑποδείκνυσιν.
1051 1729 1185 1782 Οὐδὲ
1229 1729 1336 1800 γὰρ
1365 1727 1512 1793 τοξό-

33 1835 92 1884 την
113 1818 160 1870 ἂν
181 1820 404 1890 εἴποιμεν
434 1821 781 1892 ἐπιστήμονα
810 1821 898 1874 τὸν
937 1820 1083 1885 ἅπαξ
1115 1822 1243 1874 ποτὲ
1283 1822 1508 1892 τυχόντα

33 1906 88 1957 :55
114 1908 295 1974 σκοποῦ,
341 1911 611 1976 πολλάκις
657 1912 715 1967 δὲ
749 1913 1200 1984 ,ἀποτυγχάνοντα
1224 1928 1238 1942 ·
1270 1912 1386 1965 οὐδὲ
1421 1913 1503 1964 ία-

1625 726 1856 795 plurima
1899 726 2070 782 oculis
2109 725 2240 796 ipsis
2282 725 2517 793 quotidie
2560 723 2853 778 videamus.
2912 722 2999 778 Sic
3038 740 3166 795 ergo

1624 818 1780 872 nobis
1807 832 1964 872 suum
1992 815 2120 869 illud
2147 814 2475 886 Chrysippus
2513 823 2882 884 argumentum
2905 814 3164 880 obtrudit,

1625 918 1682 964 ut
1706 907 1935 962 alterum
1978 905 2214 961 vicissim
2245 921 2307 960 ex
2335 905 2502 959 altero
2533 904 2767 974 colligat.
2822 902 2954 957 Nam
2978 913 3032 957 et
3058 906 3168 959 fato

1623 1012 1814 1057 cuncta
1845 1001 1957 1055 fieri
1984 1014 2048 1054 ex
2077 1013 2162 1063 eo,
2205 997 2346 1066 quod
2379 996 2635 1050 divinatio
2675 997 2763 1058 sit,
2813 996 3044 1064 probare
3072 1012 3165 1051 co-

1623 1103 1799 1157 natur,
1833 1107 1931 1146 nec
1957 1100 2131 1145 tamen
2160 1089 2541 1144 divinationem
2586 1102 2707 1142 esse
2743 1087 2897 1141 aliter
2925 1103 3162 1157 unquam

1621 1186 1849 1254 probare
1878 1183 2067 1253 possit,
2098 1181 2203 1236 nisi
2228 1182 2377 1249 prius
2401 1180 2552 1243 illud,
2587 1179 2762 1234 omnia
2791 1179 2899 1233 fato
2924 1181 3160 1244 evenire,

1619 1285 1816 1333 sumat.
1847 1273 1976 1342 Quae
2004 1283 2179 1328 autem
2225 1272 2632 1342 argumentandi
2659 1273 2797 1326 ratio
2818 1271 2901 1325 vel
2928 1271 3164 1341 iniquior

1617 1367 1699 1420 vel
1723 1368 1949 1437 ineptior
1993 1379 2113 1420 esse
2141 1363 2340 1432 queat?
2370 1361 2505 1416 Nam
2539 1363 2680 1430 quod
2717 1376 2784 1416 ex
2809 1362 2896 1428 iis,
2940 1378 3060 1432 quae
3082 1362 3164 1416 di-

1617 1460 1724 1514 vini
1759 1458 2137 1530 prainuntiant,
2171 1455 2425 1510 nonnulla
2453 1454 2775 1524 quandoque
2803 1468 2861 1507 re
2891 1453 3004 1522 ipsa
3032 1469 3163 1508 con-
3273 1484 3278 1488 -

1616 1553 1842 1622 tingant,
1861 1553 1914 1608 id
1935 1566 2041 1606 non
2067 1550 2177 1621 jam
2209 1547 2553 1603 divinationis
2586 1554 2754 1600 artem
2784 1546 3017 1616 aliquam
3041 1562 3162 1603 esse

1614 1657 1930 1718 argumento
1959 1654 2040 1702 est
2062 1686 2076 1711 ,
2126 1644 2216 1700 sed
2243 1642 2422 1713 potius
2458 1656 2585 1696 casu
2616 1638 2726 1694 ﬁeri
2748 1679 2763 1703 ,
2799 1639 2843 1694 si
2875 1640 2996 1709 quis
3025 1657 3160 1695 non-

1614 1755 1887 1809 nunquam
1923 1729 2146 1795 eventus
2181 1752 2300 1792 cum
2325 1750 2510 1790 eorum
2551 1732 2894 1803 praedictione
2926 1746 3159 1786 consen-

1613 1830 1728 1884 tiat.
1768 1828 1824 1883 id
1853 1828 1994 1898 quod
2023 1829 2222 1882 nullam
2268 1841 2399 1881 sane
2446 1823 2723 1879 scientiam
2751 1837 2872 1877 esse
2900 1822 3152 1889 declarat.

1609 1921 1716 1978 Nec
1737 1921 1878 1977 enim
1903 1961 1918 1986 ,
1970 1923 2159 1990 opinor
2180 1960 2194 1984 ,
2238 1919 2491 1974 scientem
2523 1917 2669 1979 illum
2702 1915 3036 1984 peritumquc
3064 1930 3155 1970 sa-

28 2000 110 2067 τεὼ
133 2000 201 2052 τὸν
239 2001 561 2072 ἀναιροῦντα
603 2005 728 2067 τοὺς
760 2004 975 2068 πλείους
1002 2003 1108 2058 τῶν
1143 2003 1510 2075 θεραπευομέ-
1541 2007 1584 2062 Β
1608 2015 1654 2084 3i

1608 2013 1881 2084 gittarium
1916 2011 2230 2074 dixerimus,
2267 2009 2359 2078 qui
2388 2023 2510 2063 cum
2539 2006 2702 2062 semel
2725 2004 3013 2075 aliquando
3039 2005 3154 2058 col-

29 2106 94 2140 νων
111 2089 177 2140 ὑπ’
197 2089 365 2148 αὐτοῦ.
387 2092 488 2146 ἕνα
514 2095 572 2148 δέ
605 2113 734 2149 ποτε
755 2095 1014 2148 διασῶσαι
1040 2095 1360 2167 δυνηθέντα·
1389 2094 1506 2148 οὐδὲ

27 2179 112 2243 Eu;
151 2183 425 2254 ἐπιστήμην
475 2186 710 2258 λέγομεν
752 2186 850 2258 τὴν
901 2189 975 2259 μὴ
1020 2187 1278 2258 πάντα,ή
1331 2188 1398 2241 τά
1441 2203 1504 2255 γε

29 2271 180 2326 πλεῖστα
217 2275 314 2328 τῶν
354 2277 580 2332 οἰκείων
625 2279 798 2349 ἔργων
843 2278 1229 2351 κατορθοῦσαν.
1283 2279 1401 2331 Ὅτι
1448 2278 1504 2331 δὲ

28 2363 364 2436 exarmaverat
397 2369 468 2422 τά
497 2369 668 2423 πολλὰ
699 2373 810 2433 τοῖς
843 2369 1006 2424 καλου
1015 2370 1194 2441 μένοις
1229 2369 1500 2442 μάντεσιν,

27 2457 132 2519 ὀπᾶς
152 2458 242 2510 τῶν
264 2460 564 2532 ἀνθράκων
597 2461 708 2531 βίος
747 2462 951 2533 μάρτυς
1005 2461 1070 2515 ἂν
1097 2460 1204 2531 εἴη,
1241 2463 1333 2516 καὶ
1361 2455 1502 2515 οῦτοί

27 2565 60 2600 τε
92 2552 220 2615 αὐτοὶ,
247 2552 294 2604 οῑ
336 2553 434 2623 τὴν
490 2545 754 2624 μαντικὴν
805 2553 1255 2624 ἐπαγγελλόμενοι
1287 2553 1498 2623 τέχνην,

25 2639 98 2706 vili
118 2639 182 2692 διὰ
199 2641 382 2719 ταύτης
411 2644 630 2707 ἑαυτοῖς
665 2642 980 2714 βοηθοῦντες
1010 2646 1068 2698 ἐν
1096 2649 1213 2708 ταῖς
1244 2644 1383 2698 κατὰ
1410 2642 1500 2696 τὸν

28 2731 94 2795 ,εἰσί
117 2732 306 2801 χρείαις,
330 2734 467 2788 ἀλλὰ
490 2733 684 2809 γνώμῃ
716 2752 774 2788 τε
806 2735 912 2808 ἰδίᾳ
935 2737 1067 2790 ποτέ
1099 2734 1384 2808 χρώμενοι,
1409 2736 1500 2788 καὶ

28 2820 215 2895 πμὸουλῇ
236 2825 321 2878 καὶ
358 2827 648 2898 συνεργείᾳ
673 2827 779 2882 τῶν
811 2831 869 2882 ἐν
899 2828 1146 2892 ἑκάστοις
1197 2828 1304 2881 τῶν
1359 2846 1473 2899 πρα

25 2913 175 2979 nim
205 2916 489 2990 ἐμπειρίαν
536 2919 832 2989 κεκτῆσθαι
861 2920 1280 2991 νενομισμένων.
1343 2918 1499 2972 Ἀλλά

23 3002 101 3070 περὶ
122 3004 196 3071 μὲν
225 3007 308 3061 τοῦ
355 3009 430 3080 μὴ
466 3010 785 3063 συνεστάναι
812 3008 989 3075 τοῦτο,
1021 3008 1049 3061 δ
1092 3008 1496 3079 προειλήφαμεν

25 3095 204 3164 μαντικήν
227 3098 417 3164 καλεῖν,
444 3100 503 3153 ἐν
526 3099 705 3164 ἄλλοις
728 3097 1078 3170 ἀποδώσομεν
1108 3098 1492 3171 πληρέστερον,

24 3188 344 3261 παρατιθέμενοι
391 3194 463 3248 τά
520 3191 827 3264 Ἐπικούρῳ
870 3192 964 3245 καὶ
1006 3189 1134 3262 περὶ
1175 3189 1364 3242 τούτου
1410 3188 1495 3241 δο-

25 3279 172 3333 πῦντα·
201 3285 308 3339 νυνὶ
331 3286 392 3341 δὲ
419 3285 675 3340 τοσοῦτον
713 3288 823 3349 τοῖς
855 3284 1162 3356 εἰρημένοις
1195 3280 1496 3354 προσθήσὼ

1608 2103 1822 2159 linearit
1867 2102 1920 2156 in
1964 2110 2224 2172 scopum,
2264 2097 2335 2154 ab
2371 2097 2557 2152 eodem
2609 2094 2804 2165 saepius
2856 2093 3150 2157 aberrarit;

1606 2207 1700 2252 aut
1725 2196 1990 2252 medicum
2024 2211 2169 2259 eum,
2197 2194 2289 2263 qui
2314 2207 2450 2262 quos
2481 2192 2593 2260 ipse
2621 2196 2793 2252 curet,
2812 2196 3017 2258 partem
3039 2202 3152 2242 ma-

1606 2292 1803 2344 ximam
1844 2304 1965 2342 cum
2011 2286 2313 2349 interimat,
2364 2299 2530 2338 unum
2587 2280 2816 2336 fortasse
2846 2279 3150 2350 quempiam

1605 2397 1819 2437 servare
1862 2379 2096 2459 potuerit
2145 2398 2156 2431 :
2209 2392 2308 2432 nec
2349 2376 2570 2431 omnino
2601 2374 2879 2430 scientiam
2906 2373 3154 2426 nomina-

1603 2487 1725 2527 mus
1748 2472 1908 2525 ullam
1929 2512 1944 2538 ,
1979 2469 2082 2524 nisi
2111 2485 2228 2540 qua:
2248 2509 2264 2533 ,
2290 2467 2335 2522 si
2366 2481 2474 2521 non
2510 2466 2689 2520 omnia
2713 2507 2727 2530 ,
2775 2479 2895 2535 quae
2915 2464 2996 2519 sui
3025 2471 3152 2519 sunt

1602 2562 1880 2625 muneris,
1938 2568 1992 2615 at
2039 2560 2288 2630 pleraque
2330 2557 2462 2612 scite
2503 2555 2835 2625 feliciterque
2888 2555 3146 2625 perficiat.

1599 2653 1717 2710 Jam
1759 2668 1888 2710 vero
1920 2667 2017 2709 sua
2059 2660 2206 2706 vates
2244 2651 2377 2705 istos
2421 2649 2474 2702 in
2523 2647 2771 2718 plurimis
2818 2646 3149 2702 divinatione

1601 2745 1749 2812 falli,
1787 2759 1897 2816 non
1927 2741 2089 2799 modo
2129 2743 2236 2796 vita
2279 2739 2583 2794 mortalium
2615 2737 2896 2804 universa,
2937 2737 3028 2792 sed
3071 2735 3144 2790 illi

1597 2839 1757 2893 etiam
1787 2835 1926 2906 ipsi,
1962 2833 2055 2904 qui
2087 2831 2360 2887 divinandi
2390 2836 2556 2883 artem
2587 2827 2935 2899 profitentur,
2983 2834 3146 2880 testes

1599 2943 1720 2984 esse
1744 2926 1988 2997 possint,
2023 2923 2221 2994 quippe
2265 2921 2356 2991 qui
2389 2919 2455 2974 ab
2481 2933 2542 2972 ea
2585 2916 2717 2970 nihil
2761 2916 2875 2984 opis
2908 2914 2972 2968 ad
3013 2929 3146 2969 usus

1595 3020 1719 3073 vitae
1745 3017 2092 3088 quotidianos
2130 3013 2427 3083 accipiant,
2459 3010 2550 3067 sed
2583 3017 2801 3064 utantur
2834 3007 3026 3078 partim
3057 3007 3144 3076 ju-

1595 3110 1738 3165 dicio
1781 3123 1915 3174 suo,
1951 3106 2148 3177 partim
2193 3104 2420 3159 aliorum
2468 3102 2695 3158 consilio
2740 3101 2939 3171 pariter
2984 3109 3144 3171 atque

1594 3201 1834 3268 auxilio,
1870 3201 1962 3271 qui
2004 3213 2184 3253 rerum
2238 3197 2570 3266 singularum
2612 3194 2946 3262 experientes
2990 3207 3141 3248 com-

1594 3292 1744 3346 muni
1769 3291 2024 3360 opinione
2045 3289 2365 3344 habeantur.
2405 3285 2603 3340 Verum
2637 3284 2770 3337 nihil
2797 3283 2952 3370 plane
2975 3281 3142 3337 flrrni-

26 3373 178 3436 βεν,ὄτι
219 3376 439 3446 μάλιστα
485 3378 601 3450 (28)
654 3377 750 3450 μὲν
778 3377 838 3431 τὸ
884 3375 1164 3448 ἀληθεύειν
1196 3374 1326 3428 ποτέ
1366 3373 1488 3436 τοὺς
1514 3369 1556 3426 C
1591 3391 1654 3436 tat

1592 3381 1714 3438 tatis
1756 3381 1990 3445 habere,
2035 3385 2198 3449 qnam
2245 3377 2403 3445 vulgo
2452 3374 2832 3428 divinationem
2874 3369 3142 3443 appellare

24 3464 290 3534 καλουμένους
341 3468 561 3539 μάντεις
582 3471 640 3523 ἐν
683 3473 803 3533 ταῖς
852 3466 1332 3540 προαγορεύσεσιν,
1388 3463 1486 3516 οὐκ

23 3556 256 3632 ἐπιστήμης,
298 3561 430 3615 ἀλλὰ
466 3561 692 3632 πχικῆς
736 3561 913 3626 αἰτίας
963 3560 1119 3632 ἔργον
1149 3558 1214 3614 ἂν
1261 3557 1367 3628 εἴη.
1411 3557 1484 3609 Οὐ

22 3645 86 3713 ’τὰρ
111 3648 153 3700 a
199 3649 317 3721 μηδὲ
369 3649 587 3704 πώποτε
634 3649 728 3704 τοῦ
769 3651 1130 3721 προκειμένου
1177 3648 1482 3721 τυγχάνειν,

134 3740 180 3793 τὸ
219 3743 286 3814 μή
339 3745 569 3799 πάντοτε
637 3741 759 3814 μηδ’
812 3743 888 3806 ὡς
938 3743 1031 3797 ἐπὶ
1083 3741 1142 3795 τὸ
1196 3740 1480 3801 πλεῖστον,

25 3827 96 3894 μηδ’
134 3830 181 3897 ιξ
221 3835 544 3909 ἐπιστήμης,
599 3836 728 3890 ὅταν
757 3852 841 3899 τις
883 3835 976 3889 καί
1034 3850 1161 3888 ποτε
1215 3831 1476 3903 τυγχάνῃ,

24 3915 126 3984 vim
151 3921 281 3992 ἔργον
299 3927 476 3982 καλεῖν
509 3926 936 4000 προειλήφαμεν,
958 3924 1005 3976 οἱ
1037 3920 1366 3990 διειληφότες
1385 3920 1482 3982 τὰς

25 4006 267 4073 “Nam
291 4017 458 4089 ὄνομα
483 4019 820 4090 τεταγμένας
853 4017 1100 4088 ἐναργεῖς
1129 4014 1334 4077 ἐννοίας
1365 4013 1484 4066 ἐαυ-

132 4107 320 4164 Ἔπειτα
346 4113 393 4165 εί
429 4115 524 4167 καὶ
551 4113 672 4166 καθ’
699 4110 949 4166 ὑπόθεσιν
988 4105 1056 4182 ἦν
1087 4107 1302 4179 ἀληθὲς,
1328 4103 1388 4158 τδ
1417 4104 1480 4176 δὴ

25 4195 78 4262 τὴν
101 4205 311 4276 μαντικήν
340 4206 448 4260 τῶν
491 4207 791 4278 μελλόντων
818 4204 1070 4259 ἁπάντων
1102 4199 1241 4255 εἶναι
1275 4200 1480 4270 θεωρη-

25 4289 116 4356 τικήν
146 4308 190 4344 τε
213 4298 294 4350 καὶ
327 4300 824 4372 προαγορευτικήνο
874 4296 934 4349 τὺ
995 4294 1092 4368 μὲν
1133 4293 1307 4346 πάντα
1357 4288 1478 4343 καθ’

25 4373 257 4454 εἱμαρμένην
301 4384 438 4444 εἶναι
499 4391 760 4462 συνήγετο
812 4388 877 4444 ἂν
923 4386 1125 4450 οὕτως·
1177 4385 1236 4438 τὸ
1297 4381 1479 4453 μέντοι

26 4471 186 4553 Χρεαῖνδις
201 4478 350 4548 αὐτῆς
381 4482 478 4536 καὶ
509 4481 769 4553 βιωφελὲς
800 4483 898 4535 οὐκ
919 4481 986 4535 ἄν
1020 4498 1150 4533 ποτε
1179 4477 1470 4540 ἐδείκνυτο,

25 4552 70 4654 ait
95 4562 159 4654 κξὶ
182 4567 386 4634 μάλιστα
408 4562 748 4654 ,Χρύσιππος
780 4575 926 4627 δοκεῖ
949 4576 1133 4645 ὑμνεῖν
1163 4572 1258 4643 τὴν
1292 4583 1477 4642 μαντι-

28 4647 251 4728 ’τήνοτίτὰρ
483 4665 616 4735 ἡμῖν
646 4661 712 4737 ἦν
737 4667 1134 4737 προμανθάνειν
1163 4664 1230 4716 τὰ
1262 4663 1474 4721 πάντως

26 4737 167 4809 ἑπόμενα
189 4749 414 4825 δυσχερῆ,
443 4755 480 4811 ἃ
513 4757 636 4811 οὐδὲ
679 4759 1119 4828 προφυλάξασθαι
1151 4757 1372 4814 δυνατὸν
1405 4757 1470 4810 ἂν

178 4843 262 4914 γάρ
286 4847 402 4900 καθ’
432 4848 765 4919 εἱμαρμένην
799 4861 825 4888 ι
854 4850 1124 4917 γενέσθαι,
1160 4850 1274 4912 πῶς
1300 4851 1363 4903 ἄν
1389 4865 1471 4911 τις

28 4928 250 4994 ﬁliai-sudat
286 4938 533 5005 δύναιτο;
584 4939 731 4993 Ὦστ’
771 4941 920 4994 οὐδὲν
960 4941 1148 5009 ὄφελος
1195 4941 1324 5010 ἡμῖν
1370 4940 1469 5008 τῆς

32 5024 433 5103 ξυστικῆςμμᾶλλον
474 5031 532 5085 δὲ
566 5032 660 5086 καὶ
693 5031 826 5103 πρὸς
873 5032 1040 5090 κακοῦ
1082 5050 1223 5096 τινος
1266 5032 1468 5099 ἐγίνετο

27 5101 284 5198 “vim
335 5101 749 5198 npolmio‘ﬂav
778 5125 952 5198 μάτην
1004 5125 1318 5196 παρέχουσα
1348 5127 1463 5186 τοῖς

30 5193 338 5302 ῗῆῥπκτίπδ
535 5193 933 5290 προλαϐοῦσαις
979 5193 1314 5290 δυσγερείαις
1348 5219 1463 5271 κατ’

29 5299 177 5365 “Tm
195 5303 472 5374 ἐσομέναις.
514 5309 588 5362 Οὐ
614 5309 722 5384 γὰρ
752 5311 851 5382 τὴν
877 5311 998 5383 ἴσην
1033 5311 1197 5365 πάλιν
1212 5308 1466 5381 εὐφροσύ-

33 5393 83 5445 "3'
111 5392 302 5462 παρέχειν
329 5414 424 5471 τις,
458 5403 620 5472 φήσει
658 5403 754 5475 τὴν
796 5404 902 5460 τῶν
934 5405 1208 5478 ἐσομένων
1247 5388 1464 5468 ἀγαθῶν

28 5478 315 5551 animm?
341 5491 640 5565 ἐπειδήπερ
665 5495 963 5565 οὐχ-οὕτως
999 5497 1241 5566 πέφυκεν
1265 5493 1467 5568 ἅνθρω-

69 5613 82 5639 ¹
106 5610 188 5664 add.
219 5616 472 5685 μέλλοντα.

29 5737 322 5838 HTE”
427 5756 714 5838 ἐνδίεδοῖειαἔ
755 5757 955 5838 Pendet
983 5762 1267 5838 sententia.
1285 5747 1461 5838 Quare

294 5819 411 5922 adii
447 5819 622 5898 ριιέδῖι
650 5828 723 5901 μὴ
768 5830 1054 5901 ἀποὸῆναι,
1104 5835 1188 5888 vel
1231 5819 1458 5888 ἀτξοδαί-

78 5887 284 5970 ζῖὲθιε
307 5887 578 5970 Merm-

71 5945 136 6018 (2³)
165 5945 724 6043 μέν.
769 5973 926 6032 Forte
980 5976 1192 6044 melius,
1230 5976 1464 6046 μάλιστα

1585 3472 1964 3530 consuevimus
1988 3511 2002 3536 ,
2054 3469 2177 3524 alibi
2228 3466 2399 3521 fusius
2444 3467 2786 3521 ostendemus
2809 3505 2823 3529 ,
2857 3464 2944 3517 ubi
2977 3466 3139 3519 etiam

1585 3564 1801 3636 Epicuri
1846 3564 1945 3617 hac
1993 3561 2058 3616 de
2096 3575 2156 3614 re
2206 3557 2527 3614 sententiam
2572 3555 2922 3626 proferemus.
2987 3553 3141 3610 Nunc

1538 3642 1541 3644 ’
1585 3666 1762 3711 autem
1798 3671 1964 3710 unum
1995 3655 2168 3710 solum
2200 3660 2294 3707 aut
2325 3651 2551 3706 alterum
2599 3649 2664 3703 ad
2695 3664 2756 3703 ea
2781 3689 2795 3712 ,
2847 3663 2967 3719 quae
2998 3649 3138 3703 dicta

1584 3757 1741 3812 sunt,
1792 3747 2184 3818 adjungemus;
2226 3757 2389 3816 atque
2435 3745 2535 3800 hoc
2576 3744 2628 3797 in
2674 3742 2895 3812 primis,
2925 3743 3066 3811 quod
3099 3741 3134 3792 il

1583 3854 1972 3909 nonnunquam
1996 3855 2121 3894 vera
2147 3837 2535 3909 praenuntient,
2563 3835 2655 3907 qui
2683 3843 2830 3889 vates
2860 3821 3141 3888 nominans

1583 3945 1671 3988 tur
1696 3973 1710 3997 ,
1742 3933 1793 3987 id
1826 3948 1932 3988 non
1967 3933 2204 3989 scientiae
2227 3973 2242 3997 ,
2278 3932 2370 3987 sed
2399 3931 2548 3986 casui
2588 3927 3130 3998 assignandumessc.

1581 4023 1688 4080 Nec
1711 4025 1852 4079 enim
1883 4023 2002 4094 eius
2024 4024 2124 4089 rei,
2151 4039 2309 4094 quam
2335 4020 2661 4091 propositam
2687 4018 2955 4081 habueris,
2986 4032 3136 4070 com-

1580 4124 1756 4186 potem
1792 4114 1905 4169 fieri
1933 4129 2232 4183 nunquam,
2268 4112 2426 4182 138
2448 4110 2544 4166 sed
2575 4125 2746 4180 neque
2780 4123 3011 4179 semper,
3039 4123 3134 4162 ηομ

1580 4223 1686 4277 que
1719 4216 1775 4260 ut
1806 4205 2098 4275 plurimum
2123 4246 2138 4272 ,
2166 4219 2340 4274 neque
2364 4244 2379 4270 ,
2416 4204 2461 4258 si
2495 4203 2720 4273 ‘quando
2756 4214 2977 4272 compos
3013 4203 3130 4264 tias,

1580 4298 1802 4357 scientia
1833 4297 1985 4363 fieri;
2016 4297 2122 4353 hoc
2147 4297 2361 4352 demum
2390 4308 2506 4361 est,
2543 4298 2685 4367 quod
2708 4295 2936 4353 fortuna)
2961 4297 3129 4351 trihu~

1579 4395 1776 4448 endum
1801 4394 1995 4449 merito
2023 4401 2282 4460 censent,
2329 4392 2425 4464 qui
2466 4403 2678 4463 apertas
2714 4391 3131 4462 significationes

1579 4486 1694 4542 suis
1723 4501 1966 4557 quasque
1991 4486 2214 4542 vocibus
2246 4485 2532 4541 attributas
2563 4485 2890 4554 distinguere
2915 4485 3014 4537 rite
3041 4497 3132 4535 no-

1578 4587 1722 4630 runt.
1782 4574 1983 4630 Deinde
2009 4575 2171 4632 etiam
2207 4576 2334 4630 illud
2362 4617 2376 4641 ,
2413 4576 2624 4630 tametsi
2652 4574 2900 4628 daremus
2942 4587 3126 4638 verum

1576 4682 1718 4734 esse,
1745 4668 1888 4737 quod
1919 4683 1949 4721 a
1971 4667 2271 4739 Chrysippo
2294 4666 2527 4743 sumitur
2545 4707 2560 4730 ,
2611 4665 2922 4720 divinationi
2950 4660 3126 4717 futura

1579 4764 1759 4818 omnia
1795 4762 2170 4831 praesentiendi
2220 4777 2282 4816 ac
2328 4761 2645 4832 praedii-cudi
2681 4757 2793 4812 vim
2822 4759 3028 4822 inesse;
3061 4770 3125 4813 ex

1571 4871 1636 4910 eo
1661 4855 1881 4924 quidem
1922 4854 2046 4925 jure
2094 4853 2341 4908 concludi
2387 4867 2576 4922 posse,
2621 4850 2732 4904 fato
2759 4857 2948 4904 cuncta
2975 4849 3124 4922 fieri;

1572 4933 1685 4999 non.
1714 4954 1890 5000 tamen
1933 4945 2094 5016 hujus
2127 4945 2258 4999 artis
2299 4942 2730 4998 commoditatem
2754 4941 2818 4995 ad
2846 4941 2964 4995 vita:
2996 4952 3128 4998 usus

1571 5038 1806 5107 aliquam
1826 5038 1935 5093 ullo
1959 5036 2121 5092 modo
2140 5035 2522 5100 demonstrari,
2540 5033 2695 5103 cujus
2716 5032 2947 5087 maxime
2963 5049 3125 5089 causa

1568 5128 1955 5185 divinationem
2004 5129 2296 5201 praedicare
2343 5119 2678 5199 Chrysippus
2712 5126 2939 5181 videtur.
2992 5126 3124 5179 Nam

1567 5220 1696 5289 quid
1747 5221 1904 5275 nobis
1954 5220 2164 5275 tandem
2217 5236 2283 5275 ex
2325 5235 2390 5276 eo
2438 5218 2782 5290 compendii,
2836 5208 2980 5288 Quod
3033 5234 3127 5273 eas

1567 5312 1789 5367 omnino
1822 5313 2156 5370 calamitates
2183 5311 2390 5367 futuras
2422 5311 2871 5382 praesehtiremus,
2895 5325 3032 5381 quas
3058 5327 3125 5365 ne

1567 5422 1758 5463 cavere
1798 5407 2015 5477 quidem
2050 5405 2157 5462 ulla
2205 5408 2413 5462 ratione
2463 5406 2788 5476 possemus?
2833 5418 2953 5472 quae
2979 5401 3138 5477 enim

1565 5498 1678 5554 fato
1700 5499 1968 5567 eveniant,
2002 5499 2126 5570 quis
2156 5499 2461 5554 mortalium
2494 5513 2684 5554 cavere
2705 5496 2920 5568 possit?
2945 5494 3126 5562 Quare

1566 5773 1663 5841 μὲν
1699 5779 1796 5824 οτι.
1833 5770 2033 5840 Estque
2082 5773 2135 5826 ili
2162 5771 2210 5824 td
2243 5772 2491 5843 μάλιστα,
2518 5767 2681 5843 quod
2740 5768 2916 5824 Latini
2962 5771 3121 5838 vulgo

1563 5843 1769 5904 dicunt,
1837 5843 2114 5910 principio,
2164 5853 2221 5897 ut
2247 5841 2457 5905 pridem
2516 5841 2740 5894 Budaeus
2794 5843 3116 5895 observavit.

1565 5910 1816 5982 Sequitur
1847 5914 1990 5967 enim
2023 5917 2104 5970 sul
2158 5930 2278 5984 pag.
2315 5923 2556 5982 sequent.
2591 5910 3079 5978 initium,’Emn:a.
