3936 6342
731 487 842 545 245

1364 484 1639 544 EUSEBII
1679 484 2161 543 CESARIENSIS
2200 483 2347 540 OPP.
2388 484 2563 541 PARS
2598 485 2660 541 ll.
2704 517 2773 527 --
2805 483 3307 544 APOLOGETICA.

3840 492 3936 553 ιιι

718 615 927 661 tantum
970 604 1121 659 abest
1172 612 1231 658 ut
1275 603 1432 659 nobis
1472 604 1732 659 divinatio
1764 602 2011 659 utilitatis
2063 601 2268 657 aﬂerret

2381 620 2478 666 πος
2508 603 2720 675 χαίρειν
2751 605 2843 656 ἐπὶ
2865 605 2977 667 τοῖς
3001 604 3464 675 προσδοκωμένοις
3493 606 3729 675 ἀγαθοῖς,
3765 608 3836 672 ὡς
3858 612 3936 663 ἐπὶ

718 697 954 767 aliquid,
1000 707 1058 752 ut
1098 699 1277 766 potius
1319 697 1422 751 boc
1446 697 1562 767 ipso
1589 698 1746 753 nobis
1775 698 1989 753 cederet
2017 698 2070 752 in
2093 694 2275 766 perni-

717 790 877 853 ciem,
907 787 1051 858 quod
1078 788 1244 842 animi
1269 788 1640 858 atgritudinem
1674 803 1739 842 ac
1770 788 2071 842 molestiam
2095 802 2159 840 ex
2195 786 2278 855 ip.

716 892 891 949 samet
903 882 1271 937 calamitatum
1295 881 1605 937 necessario
1625 880 1931 935 futurarum
1955 880 2278 952 praesensio-

716 992 804 1037 ne,
835 976 997 1031 etiam
1023 986 1315 1045 antequam
1344 973 1673 1038 acciderent,
1699 973 2013 1029 hominibus
2042 982 2269 1028 crearet.

714 1067 824 1125 Nec
849 1070 992 1124 enim
1022 1069 1283 1138 :equalem
1300 1076 1485 1123 contra
1503 1067 1740 1123 lctitiam
1764 1064 2068 1121 futurorum
2086 1066 2279 1137 praedi-

716 1162 1176 1216 ctionebonorum
1196 1161 1487 1216 excitatum
1508 1160 1573 1213 iri
1594 1159 1718 1229 quis
1735 1158 2095 1225 dixerit;cum
2116 1157 2279 1212 homo

714 1270 822 1309 non
844 1263 1056 1309 tantum
1081 1253 1344 1308 bonorum
1370 1250 1768 1323 exspectatione
1804 1251 2040 1321 gaudere
2058 1292 2073 1317 ,
2100 1266 2279 1321 quan-

714 1357 827 1400 tum
851 1355 993 1401 metu
1020 1347 1284 1400 malorum
1313 1345 1492 1399 dolere
1513 1344 1873 1399 consueverit.
1900 1342 2101 1397 Deinde
2121 1359 2279 1399 nemo

714 1438 825 1493 [ere
850 1447 953 1504 est,
980 1438 1074 1508 qui
1104 1439 1174 1493 ab
1198 1454 1318 1494 sese
1348 1438 1487 1491 mala
1515 1437 1737 1506 propius
1760 1436 1970 1500 abesse,
1990 1444 2277 1504 antequam

711 1530 975 1596 audierit,
1006 1530 1295 1585 admodum
1328 1538 1535 1599 speret;
1570 1529 1708 1583 bona
1747 1542 1903 1593 vero,
1940 1526 2085 1597 quod
2118 1526 2173 1581 in
2214 1540 2279 1579 ea

712 1629 903 1690 sponte
934 1636 1033 1675 sua
1058 1628 1249 1675 natura
1281 1621 1629 1690 propendeat,
1679 1635 1891 1684 omnes,
1921 1628 1979 1673 ut
2006 1619 2172 1673 verbo
2195 1617 2279 1673 di-

712 1728 852 1775 eam,
872 1713 1057 1783 potius
1086 1723 1488 1783 exspectamus.
1541 1710 1676 1767 Nam
1702 1720 1757 1766 et
1780 1712 2022 1781 plerique
2045 1710 2280 1780 majores

712 1820 851 1871 sese,
886 1820 1049 1873 quam
1075 1804 1188 1863 ﬁeri
1224 1806 1456 1875 possint,
1483 1804 1697 1860 futuros
1724 1818 1941 1874 sperare
1962 1803 2157 1858 solent.
2198 1801 2276 1855 Ex

710 1913 821 1967 quo
869 1899 1000 1953 illud
1034 1899 1263 1965 accidit,
1318 1908 1383 1971 ut.
1422 1899 1689 1953 bonorum
1739 1897 1958 1967 quidem
2002 1894 2277 1965 praedictio

710 1990 950 2044 lwtitiam
976 1991 1060 2045 vel
1084 1991 1375 2046 admodum
1406 2007 1513 2046 non
1540 1999 1753 2061 augeat,
1777 1989 1925 2060 quod
1952 1990 2113 2043 etiam
2142 1988 2275 2041 citra

709 2081 1111 2149 praedictionem
1133 2082 1360 2151 quilibet
1388 2082 1611 2136 meliora
1631 2096 1860 2151 quasque
1889 2094 1984 2150 per
2012 2094 2071 2133 se
2099 2080 2274 2148 ipsum

709 2181 1017 2242 exspectet;
1055 2175 1134 2228 vel
1162 2191 1286 2229 raro
1321 2175 1510 2230 saltem
1544 2190 1627 2239 ea,
1662 2190 1768 2245 qua
1797 2173 1922 2245 quis
1946 2172 2085 2227 forte
2104 2180 2275 2243 putet,

708 2282 833 2320 cum
886 2266 1139 2323 ﬁrmitate
1186 2279 1416 2338 augeat;
1452 2271 1561 2323 imo
1606 2282 1747 2337 saepe
1792 2281 2009 2337 quoque
2044 2265 2272 2329 minuat,

708 2360 961 2429 dum'spe
988 2361 1168 2415 minus
1202 2361 1405 2431 aliquid
1440 2360 1794 2429 respondetur
1827 2378 1840 2413 :
1878 2358 2147 2412 malorum
2178 2372 2276 2410 au-

706 2464 814 2506 tem
852 2451 1162 2521 pmdictio,
1207 2453 1401 2521 partim
1452 2453 1592 2522 quod
1636 2452 1704 2506 ab
1737 2452 1801 2506 iis
1846 2458 2053 2504 naturae
2081 2462 2274 2503 sensus

708 2541 1018 2608 abhorreat,
1067 2544 1263 2613 partim
1296 2544 1439 2615 quod
1470 2560 1531 2599 ea
1560 2552 1753 2614 praeter
1800 2557 1949 2613 spem
1983 2540 2275 2611 aliquando

708 2618 1088 2699 praedicantur,
1117 2649 1333 2705 gravem
1372 2634 1538 2689 animi
1573 2632 2031 2703 perturbationem
2064 2630 2270 2685 aﬂ'erat.

707 2721 1051 2791 Quanquam,
1083 2723 1128 2777 si
1155 2724 1423 2794 ejusmodi
1454 2724 1587 2778 nihil
1614 2725 1901 2789 accideret,
1936 2724 2152 2778 inanem
2188 2732 2271 2776 ta—

708 2825 829 2865 men
864 2812 1265 2880 praedictionem
1300 2812 1449 2878 fore,
1497 2814 1701 2879 cuivis,
1752 2814 1980 2882 Opinor,
2021 2822 2273 2867 constare

706 2912 854 2962 certo
884 2906 1070 2972 pos‘sit.
1112 2902 1246 2959 Nam
1277 2906 1323 2959 si
1356 2906 1480 2975 quis
1509 2905 1794 2959 utilitatem
1821 2904 2141 2959 divinationi
2169 2904 2270 2958 ali-

705 3012 868 3065 quam
905 2996 1006 3051 hoc
1036 2998 1154 3067 ipso
1180 3008 1445 3053 assereret
1476 3010 1638 3068 atque
1668 2996 2000 3063 defenderet,
2020 2997 2162 3066 quod
2196 3012 2273 3051 ea‘.

704 3088 1040 3143 calamitates
1062 3087 1442 3157 pradicantur,
1469 3104 1589 3158 quae
1613 3088 1837 3143 omnino
1855 3129 1870 3151 ,
1904 3087 2008 3141 nisi
2039 3088 2272 3155 caveris,

704 3188 974 3234 eventura
998 3181 1135 3248 sint;
1171 3180 1215 3237 is
1252 3179 1494 3251 profecto
1544 3196 1653 3233 non
1698 3179 1879 3234 omnia
1913 3178 2023 3233 lato
2054 3178 2270 3235 evenire

704 3273 1125 3339 demonstraret,
1148 3288 1269 3327 cum
1298 3274 1350 3326 in
1384 3282 1567 3327 nOstra
1594 3280 1856 3342 potestate
1884 3279 2027 3326 esset
2061 3281 2155 3324 aut
2177 3285 2270 3324 ca-

705 3380 848 3427 vere,
885 3365 1043 3437 139
1064 3376 1156 3420 aut
1191 3381 1296 3420 non
1330 3381 1537 3419 cavere.
1596 3365 1690 3419 Sin
1721 3376 1900 3420 autem
1936 3363 2039 3419 boc
2087 3364 2264 3433 ipsum

703 3455 891 3509 eadem
922 3456 1243 3511 necessitate
1262 3457 1527 3511 contineri
1557 3457 1773 3523 dixerit,
1794 3466 1852 3510 ut
1872 3455 1938 3509 ad
1969 3472 2056 3510 res
2078 3469 2268 3509 omnes

703 3545 785 3599 vis
822 3544 915 3598 fati
949 3547 1230 3614 pertineat,
1251 3563 1466 3601 rursum
1487 3546 1837 3602 divinationis
1863 3548 2066 3601 utilitas
2090 3544 2269 3599 omnis

705 3639 929 3701 tollitur;
968 3650 1115 3693 certo
1149 3640 1315 3703 enim,
1344 3639 1391 3694 si
1434 3638 1602 3693 fatum
1648 3638 1803 3693 nobis
1840 3654 2031 3693 cavere
2061 3638 2151 3701 sit,
2179 3654 2269 3691 ca-

616 3774 617 3777 η
704 3732 985 3797 vebimus;
1036 3733 1118 3786 sin
1150 3740 1329 3785 autem
1360 3730 1530 3785 fatum
1571 3746 1677 3785 non
1721 3729 1919 3795 fuerit,
1956 3730 2268 3784 nullomodo

704 3823 1036 3885 cavebimus,
1088 3821 1299 3877 tametsi
1337 3822 1482 3875 vates
1511 3836 1731 3881 omnes.
1785 3821 1914 3889 quid
1947 3829 2264 3875 eventurum

704 3916 862 3972 nobis
895 3916 984 3982 sit,
1020 3916 1449 3985 praenuntiarint.
1510 3914 1834 3979 Enimvero,
1866 3930 1992 3969 cum
2048 3915 2263 3983 (Edipi,

704 4020 819 4064 tum
847 4010 1134 4065 Alexandri
1153 4008 1353 4062 Priami
1380 4008 1472 4061 lilii
1503 4008 1699 4061 caedem
1730 4006 1879 4061 omni
1906 4014 2021 4059 arte
2048 4006 2265 4059 molitos

704 4104 989 4171 utriusque
1020 4110 1273 4172 parentes
1302 4099 1469 4154 fuisse
1490 4140 1504 4164 ,
1548 4109 1607 4152 ut
1631 4098 1775 4169 quod
1807 4098 2121 4167 pmdictum
2150 4104 2265 4151 erat

702 4194 771 4245 ab
819 4193 886 4246 iis
927 4192 1030 4246 sibi
1062 4192 1284 4245 exitium
1319 4191 1633 4255 imminere,
1660 4190 2028 4251 declinarent,
2057 4202 2155 4241 nec
2182 4197 2264 4239 ta-

702 4299 825 4336 men
852 4298 947 4337 eos
976 4282 1085 4335 voti
1113 4290 1389 4349 compotes
1430 4296 1552 4335 esse
1582 4296 1817 4350 unquam
1850 4279 2094 4349 potuisse
2118 4320 2133 4344 ,
2182 4278 2263 4331 vel

699 4374 1034 4446 Chrysippus
1073 4375 1185 4444 ipse
1218 4373 1504 4427 conﬁtetur
1533 4391 1545 4425 :
1583 4372 1823 4439 adeoque
1852 4371 2097 4439 agnoscit
2132 4369 2265 4423 nihil

699 4468 861 4521 etiam
892 4467 1024 4537 ipsis
1054 4467 1319 4520 malorum
1348 4480 1571 4520 suorum
1615 4464 2016 4533 praedictionem
2048 4468 2265 4532 propter

698 4559 794 4614 fati
826 4562 930 4613 vim
962 4574 1026 4614 ac
1058 4558 1429 4612 necessitatem
1460 4556 1747 4626 profuisse.
1776 4555 1949 4623 Atque
1978 4555 2091 4609 haec
2113 4570 2143 4606 a
2168 4570 2265 4605 no-

2380 698 2489 759 τοίς
2534 699 2723 759 κακοῖς
2760 696 3030 750 ἀνιᾶσθαι.
3072 695 3277 760 Ἄλλως
3315 713 3373 749 τε
3419 699 3511 751 καὶ
3542 698 3713 751 ταῦτα
3748 701 3844 771 μὲν
3882 704 3936 753 οὑ

2380 789 2519 841 πάνυ
2563 806 2615 841 τι
2662 789 2792 861 περὶ
2826 790 3050 852 ἑαυτοὺς
3081 789 3297 843 ἔσεσθαι
3329 792 3461 862 πρὶν
3494 791 3723 845 ἀκοῦσαι
3756 795 3936 845 κατε).⁴

2380 880 2637 951 πίζομεν*
2688 881 2755 935 τὰ
2798 881 2841 933 δ’
2880 880 3062 950 ἀγαθά
3102 882 3300 952 μᾶλλον
3343 882 3600 948 ἅπαντες,
3636 883 3711 948 ὡς
3756 887 3936 948 εἰπεῖν,

2378 972 2763 1044 προσδοκῶμεν
2795 972 2885 1025 διὰ
2912 972 3010 1044 τὴν
3035 974 3269 1045 φυσικὴν
3301 975 3572 1028 οίκείωσιν
3605 976 3739 1047 πρὸς
3774 978 3933 1030 αὐτὰ·

2376 1067 2423 1118 οἱ
2456 1066 2552 1135 μὲν
2581 1066 2689 1137 γάρ
2710 1065 2893 1118 πολλοὶ
2919 1067 3014 1119 καὶ
3045 1066 3260 1137 μείζους
3286 1067 3392 1121 τῶν
3423 1068 3663 1121 δυνατῶν
3699 1068 3936 1137 γενέσθα-

2380 1158 2777 1228 κατηλπίκασιν
2795 1177 2808 1190 ⁸
2849 1160 2908 1225 ἐξ
2931 1152 2991 1213 οὗ
3020 1160 3304 1231 σνδμὸαίνει
3340 1162 3399 1215 τὸ
3433 1163 3531 1233 μὲν
3562 1162 3659 1233 τὴν
3682 1162 3789 1215 τῶν
3816 1164 3936 1228 ἀγα-

2379 1250 2486 1303 θῶν
2522 1252 2918 1323 προαγόρευσιν
2944 1253 3018 1327 μὴ
3051 1254 3341 1307 ἐπιτείνειν
3376 1256 3516 1327 πάνυ
3549 1272 3601 1306 τι
3624 1254 3719 1324 τὴν
3750 1255 3936 1323 χαρὰν.

2376 1341 2464 1396 διὰ
2495 1343 2554 1395 τὸ
2593 1345 2685 1397 καὶ
2712 1346 2879 1416 χωρὶς
2908 1341 3008 1415 τῆς
3033 1346 3481 1417 προαγορεύσεως
3503 1346 3729 1401 ἕκαστον
3752 1344 3814 1409 ἐξ
3837 1349 3924 1398 ὲαυ

2377 1434 2469 1487 τοῦ
2495 1435 2563 1487 τά
2606 1437 2838 1507 κρείττω
2872 1438 3195 1510 προσδοκᾷν,
3228 1440 3266 1510 ἦ
3313 1442 3400 1493 ἐπ’
3431 1441 3609 1511 ὀλίγον
3655 1442 3936 1495 ἐπιτείνειν

2378 1530 2443 1597 τῇ
2467 1526 2695 1599 δοκούσῃ
2728 1528 3065 1601 βεϐαιότητιο
3108 1531 3363 1596 πολλάκις
3394 1533 3453 1587 δὲ
3493 1534 3587 1587 καὶ
3620 1533 3809 1604 μειοῦν
3850 1535 3936 1603 τὴν

2378 1622 2571 1694 χαρὰν,
2610 1624 2735 1676 ὅταν
2768 1623 2972 1678 ἐλάττω
3013 1623 3121 1677 τῶν
3152 1624 3509 1678 ἐλπισθέντων
3535 1627 3779 1695 ἀκουσθῇ
3802 1643 3818 1655 ·
3852 1627 3936 1697 τὴν

2377 1715 2432 1768 δὲ
2459 1715 2566 1768 τῶν
2593 1716 2778 1769 κακῶν
2806 1717 3223 1788 προαγόρευσιν,
3258 1717 3350 1770 καὶ
3378 1717 3464 1770 διὰ
3476 1718 3535 1769 τὸ
3567 1717 3936 1788 ἀπόστρετετον

2378 1808 2555 1862 αὐτῶν
2590 1808 2767 1878 φύσει,
2802 1809 2895 1862 καὶ
2928 1809 3015 1863 διὰ
3040 1809 3101 1862 τὸ
3130 1810 3258 1879 παρ’
3286 1807 3507 1872 ἐλπίδας
3540 1810 3709 1861 ἐνίοτε
3752 1810 3936 1880 προλέ-

2379 1900 2570 1969 γεσθαι
2615 1900 2861 1971 μεγάλως
2902 1901 3205 1972 ταράττειν.
3256 1900 3391 1953 Ἀλλ’
3434 1902 3601 1970 ὅμως,
3634 1903 3681 1953 εί
3727 1902 3823 1955 καὶ
3873 1904 3936 1971 μὴ

2378 1992 2534 2045 τοῦτο
2564 1992 2862 2056 συνέϐαινε,
2891 1992 2951 2045 τό
2978 2010 3041 2061 γε
3071 1994 3289 2064 ἀχρεῖον
3317 1992 3533 2045 ἔσεσθαι
3578 1994 3679 2065 τὴν
3710 1994 3936 2063 προαγὸ-

2380 2104 2558 2158 ρευσιν
2593 2084 2755 2139 παντί
2799 2102 2900 2137 που
2947 2084 3208 2155 δῆλονᾶν
3251 2085 3354 2155 εἴη.
3393 2085 3453 2136 Εἰ
3501 2086 3607 2155 γὰρ
3655 2088 3818 2155 φήσει
3866 2102 3936 2145 τις

2380 2176 2715 2248 σωθήσεσθαι
2748 2176 2809 2229 τὸ
2846 2176 3111 2247 χρήσιμον
3144 2178 3241 2247 τῆς
3288 2178 3569 2247 μαντικῆς,
3598 2177 3687 2230 διὰ
3710 2176 3777 2229 τὸ
3820 2193 3936 2247 προ-

2377 2267 2629 2335 λέγεσθαι
2690 2266 2750 2319 τὸ
2806 2266 3023 2329 πάντως
3081 2266 3337 2336 ἐσόμενον
3395 2265 3695 2337 δυσχερὲς,
3754 2268 3805 2318 εί
3874 2266 3936 2336 μὶν

2377 2358 2769 2429 φυλαξαίμεθα,
2826 2359 2926 2411 οὐκ
2991 2358 3069 2410 ἐτι
3132 2358 3311 2412 πάντα
3340 2357 3501 2422 δείξει
3558 2358 3936 2429 συμϐησόμενα

2377 2449 2498 2503 καθ’
2550 2450 2919 2521 εἱμαρμένην,
2963 2449 3048 2517 ἐφ’
3097 2451 3227 2521 ἡμῖν
3278 2451 3427 2513 ὄντος
3471 2448 3565 2502 τοῦ
3608 2449 3936 2518 φυλάξασθαὲ

2374 2560 2431 2595 τε
2458 2544 2549 2595 καὶ
2586 2542 2659 2613 μὴ
2684 2541 3037 2611 φυλάξασθαι.
3067 2544 3128 2595 Ei
3156 2542 3263 2615 γὰρ
3296 2542 3389 2596 καὶ
3417 2542 3572 2595 τοῦτο
3596 2544 3936 2614 κατηναγκά-

2378 2634 2497 2687 σθαι
2539 2637 2699 2706 φήσει
2730 2652 2833 2698 τις,
2866 2634 2947 2697 ὡς
2969 2637 3048 2697 είς
3074 2634 3248 2687 πάντα
3275 2636 3343 2689 τὰ
3374 2634 3501 2687 ὄντα
3526 2635 3817 2689 διατείνειν
3852 2637 3936 2705 τὴν

2377 2726 2734 2797 εἱμαρμένην,
2766 2725 2927 2777 πάλιν
2957 2723 3018 2781 τὸ
3057 2724 3155 2794 τῆς
3191 2723 3453 2792 μαντικῆς
3482 2724 3761 2793 χρήσιμον
3794 2724 3936 2775 άναιο

2377 2820 2544 2889 ρεῖται
2569 2832 2583 2845 ο
2626 2816 2969 2886 φυλαξόμεθα
3004 2816 3111 2887 γάρ
3140 2817 3189 2867 εί
3225 2814 3602 2884 καθείμαρται,
3634 2815 3731 2866 καὶ
3758 2816 3818 2867 οὐ
3849 2832 3936 2884 φυ-

2372 2907 2643 2978 λαξόμεθα
2675 2908 2831 2977 δῆλον
2861 2909 2955 2971 ὠς,
2994 2910 3042 2961 εἰ
3073 2907 3148 2978 μὴ
3194 2904 3557 2976 καθείμαρται
3587 2904 3936 2972 φυλάξασθαι,

2372 2999 2474 3052 κᾶν
2509 3000 2708 3062 πάντες
2743 3003 2789 3052 οἱ
2837 3000 3057 3070 μάντεις
3095 2998 3158 3052 τὸ
3202 2998 3456 3069 ἐσόμενον
3500 2997 3936 3068 προαγορεύωσιν

2373 3094 2519 3166 ἡμῖν.
2570 3092 2673 3144 Τὸν
2708 3091 2836 3160 γοῦν
2878 3091 3154 3153 Οἰδίποδα,
3204 3091 3296 3142 καῖ
3334 3089 3424 3141 τὸν
3467 3087 3817 3158 Ἀλέξανδρον
3854 3087 3936 3138 τδν

2369 3185 2465 3239 τοῦ
2490 3186 2759 3258 Πριάμου,
2786 3185 2879 3240 καὶ
2906 3184 3067 3246 αὐτὸς
3094 3184 3123 3234 ό
3143 3182 3461 3253 Χρύσιππός
3485 3198 3616 3252 φησι
3652 3181 3822 3235 πολλά
3851 3197 3933 3250 μη-

2370 3280 2760 3349 χανησαμένων
2788 3278 2895 3331 τῶν
2936 3278 3157 3345 γονέων,
3200 3276 3340 3329 ὥστε
3381 3277 3717 3339 ἀποκτεῖναι,
3763 3276 3848 3327 ἴνα
3882 3275 3931 3324 τὲι

2368 3371 2468 3423 ἀπ’
2497 3370 2675 3422 αὐτῶν
2710 3368 3017 3441 προρρηθὲν
3048 3369 3227 3431 αὐτοῖς
3273 3368 3436 3420 κακὸν
3466 3366 3833 3435 φυλάξωνται,
3867 3366 3929 3433 μὴ

2368 3462 2679 3532 δυνηθῆναι.
2724 3461 2905 3523 υῦτως
2940 3459 3092 3513 οὐδὲν
3118 3459 3306 3529 ὄφελος
3343 3458 3462 3512 οὐδὲ
3497 3460 3680 3522 αὐτοῖς
3708 3458 3809 3528 τῆς
3838 3456 3929 3509 τῶν

2370 3551 2552 3605 κακῶν
2583 3548 3028 3623 προαγορεύσεώς
3055 3567 3216 3621 φησιν
3247 3545 3492 3603 εἶναιδιά
3518 3551 3615 3619 τὴν
3645 3552 3712 3603 ὲκ
3744 3549 3843 3617 τῆς
3870 3549 3927 3598 εἰει

2373 3646 2656 3716 μαρμένης
2700 3644 2897 3697 αίτίαν.
2935 3644 3105 3697 Τοῦτο
3138 3645 3235 3715 μὲν
3274 3638 3367 3697 οὖν
3411 3646 3475 3695 ὲκ
3509 3642 3829 3712 περιουσίας
3862 3643 3917 3691 εἰς

2370 3738 2551 3808 ρήσθω
2623 3738 2756 3808 πρὸς
2797 3738 2858 3791 τὸ
2902 3738 2976 3813 μὴ
3025 3738 3182 3808 μόνον
3230 3736 3617 3795 ἀνυπόστατον,
3670 3733 3809 3785 ἀλλὰ
3853 3732 3915 3784 xa‘

2370 3829 2584 3898 ἀχρεῖον
2610 3828 2710 3898 τῆς
2748 3830 3032 3899 μαντικῆς.
3071 3848 3087 3878 ι
3126 3826 3309 3880 Ταῦτα
3340 3826 3436 3895 μὲν
3464 3827 3492 3877 ὁ
3520 3823 3841 3894 φιλόσοφος’
3874 3842 3913 3876 σι

2368 3937 2429 3988 γε
2467 3921 2573 3991 μὴν
2614 3920 2765 3992 παρά
2805 3919 2985 3989 σαυτῷ
3031 3919 3246 3988 σκέψαι,
3282 3916 3418 3980 πῶς,
3459 3915 3721 3985 Ἓλληνες
3771 3916 3911 3979 ὄντες

2368 4013 2461 4064 καὶ
2484 4012 2581 4082 τὴν
2628 4012 2891 4082 Ἐλλήνων
2918 4011 3214 4078 σύντροφον
3244 4011 3306 4061 ὲκ
3332 4008 3457 4071 νέας
3486 4008 3703 4077 ἡλικίας
3740 4007 3909 4077 κτησά

2370 4122 2517 4174 μενοι
2547 4104 2809 4167 παιδείαν,
2839 4104 2907 4157 τά
2929 4120 2988 4155 τε
3021 4102 3219 4171 πάτρια
3244 4099 3373 4171 περὶ
3397 4098 3530 4152 θεῶν
3562 4099 3781 4151 πάντων
3806 4097 3907 4168 μᾶλι

2366 4197 2454 4250 λον
2484 4196 2853 4265 διεγνωκότες,
2896 4193 3310 4266 Ἀριστοτελικοὶ
3346 4192 3564 4255 πάντες,
3596 4190 3823 4243 Κυνικοί
3876 4204 3905 4241 τι

2367 4287 2460 4339 καί
2497 4286 2875 4356 Ἐπικούρειοι,
2906 4285 2998 4337 καί
3029 4284 3141 4336 ὅσοι
3163 4282 3367 4345 τούτοις
3401 4281 3709 4352 ἐφρόνησαν
3741 4280 3808 4333 τὰ
3834 4296 3903 4330 πα

2370 4377 2663 4447 ραπλήσια,
2705 4376 2808 4429 τῶν
2842 4378 2971 4448 παρ’
3000 4376 3180 4437 αὐτοῖς
3212 4374 3435 4445 Ἕλλησι
3466 4372 3757 4443 βοωμένων
3800 4389 3901 4443 μαν

2366 4468 2525 4521 τείων
2572 4467 2961 4535 κατεγέλασαν.
3017 4454 3124 4518 κᾱι
3177 4465 3280 4535 μὴν
3328 4466 3463 4537 εἷπο-
3523 4459 3590 4534 ἦν
3640 4464 3816 4535 ἀληθῆ
3864 4461 3901 4515 τί

2368 4560 2734 4633 θρυλλούμενα
2783 4560 2910 4632 περὶ
2957 4559 3051 4629 τῆς
3084 4558 3192 4611 τῶν
3240 4557 3586 4630 χρηστηρίων
3634 4557 3899 4629 παράδοξοι

698 4653 782 4706 bis
811 4662 996 4707 contra
1025 4650 1370 4704 divinationis
1394 4649 1588 4719 partim
1622 4647 2059 4702 incertitudinem
2081 4688 2094 4709 ,
2130 4661 2259 4714 par-

2372 4652 2563 4716 ποιίας,
2599 4653 2745 4714 εἰκὸς
2770 4647 2835 4721 ἦν
2870 4652 2960 4703 καὶ
3000 4650 3189 4704 τούσδε
3220 4649 3636 4720 καταπλαγῆναι
3668 4650 3897 4719 Ἕλληνα

698 4748 793 4799 tim
826 4746 1201 4810 inutilitatem,
1249 4742 1525 4798 liberalius
1567 4742 1822 4811 quidem,
1851 4758 2015 4811 quam
2050 4758 2133 4797 res
2164 4758 2261 4811 po-

700 4837 936 4890 stulabat
960 4879 973 4900 ,
1007 4837 1149 4893 dicta
1186 4844 1365 4891 sunto.
1402 4854 1420 4885 ι
1465 4832 1738 4887 Hactenus
1766 4834 1854 4887 ille
1882 4834 2258 4903 philosophus.

700 4926 779 4979 Tu
809 4943 933 4981 vero
968 4936 1145 4983 tecum
1175 4930 1289 4999 ipse
1339 4924 1515 4997 cogita
1540 4968 1555 4992 ,
1603 4928 2061 4995 quemadmodum
2092 4928 2261 4981 (ἐι-ςιξοὶ

701 5022 966 5084 homines,
1016 5022 1108 5091 qui
1154 5038 1261 5079 non
1300 5024 1461 5077 modo
1494 5023 1806 5080 Graecorum
1838 5023 2179 5092 disciplinam
2210 5030 2259 5076 et

697 5114 939 5168 instituta
971 5114 1039 5168 ab
1064 5115 1280 5171 ineunte
1310 5126 1465 5173 aetate
1494 5132 1619 5171 cum
1652 5117 1769 5186 ipso
1799 5132 1964 5185 pr0pc
1994 5118 2131 5169 lacte
2155 5132 2260 5169 nu-

698 5208 847 5262 tricis
883 5207 1239 5272 imbiberant,
1286 5210 1379 5264 sed
1426 5212 1587 5265 etiam
1636 5211 1840 5279 patrias
1871 5210 2098 5263 deorum
2133 5207 2259 5261 reli-

695 5300 882 5369 giones
910 5300 1154 5354 omnium
1186 5302 1593 5355 accuratissime
1627 5302 2005 5372 perviderant,
2044 5299 2257 5352 Aristo-

694 5390 834 5444 telici
868 5406 1057 5444 omnes
1078 5430 1091 5455 ,
1145 5406 1333 5443 omnes
1358 5406 1479 5444 cum
1506 5388 1729 5462 Cynici,
1763 5397 1876 5442 tum
1904 5385 2173 5457 Epicurei,
2206 5391 2255 5439 ct

691 5492 953 5551 quotquot
981 5484 1045 5538 ad
1068 5498 1255 5537 eorum
1284 5496 1404 5537 sese
1432 5483 1741 5551 opinionem
1770 5487 2150 5550 aggregarant,
2174 5475 2248 5544 ja.

690 5582 832 5626 ctata
857 5577 997 5643 apud
1025 5576 1241 5631 Grmcos
1272 5576 1419 5645 ipsos
1448 5583 1631 5628 vatum
1660 5588 1920 5643 responsa
1947 5571 2251 5625 deriserint.

690 5668 841 5731 Quos
872 5678 1074 5734 tamen,
1113 5672 1157 5723 si
1182 5686 1303 5740 quae
1332 5670 1397 5723 de
1422 5670 1771 5724 Oraculorum
1804 5668 2032 5721 istorum
2071 5666 2253 5734 prodi—

2362 4746 2538 4810 ὄντας,
2566 4746 2658 4799 καὶ
2677 4744 2744 4798 τὰ
2771 4746 2973 4818 πάτρια
3002 4744 3242 4817 ἀκριϐῶς
3267 4742 3743 4814 ἐξεπισταμένους,
3771 4739 3895 4811 μηδέ

2361 4857 2417 4891 τε
2466 4839 2572 4891 τῶν
2616 4837 2921 4909 γνωσθῆναι
2976 4838 3142 4902 ἀξίων
3190 4838 3248 4889 ὲν
3293 4836 3529 4905 δευτέρῳ
3563 4833 3893 4902 τεθειμένους

2362 4934 2543 4987 Ταῦτα
2584 4934 2679 5004 μὲν
2727 4928 2818 4985 οὖν
2864 4933 2959 4985 καὶ
3008 4933 3107 4985 ὅσα
3142 4931 3367 4984 τοιαῦτα
3408 4927 3663 4995 συνάγειν
3688 4928 3768 4989 είς
3804 4928 3891 4979 ἀνα

2364 5028 2559 5094 σκευὴν
2581 5027 2677 5095 τῆς
2713 5026 2840 5095 mp1
2867 5024 2974 5077 τῶν
3000 5022 3344 5093 χρηστηρίων
3369 5018 3679 5082 ὑποθέσεως
3706 5018 3889 5071 πλείσττ

2357 5137 2441 5181 τις
2485 5115 2551 5188 ἦν
2582 5119 2897 5187 περιουσίαο
2935 5115 3047 5168 ἀλλ’
3084 5114 3146 5166 ού
3184 5112 3354 5185 ταύτῃ
3399 5130 3485 5182 μοι
3523 5112 3673 5166 δοκεῖ
3703 5114 3791 5167 τὸν
3826 5128 3887 5164 πα

2368 5206 2528 5277 ρόντα
2559 5204 2873 5275 μεθοδεύσαι
2894 5203 3069 5270 λόγον,
3098 5201 3213 5254 ἀλλ’
3246 5196 3388 5273 ᾗπερ
3409 5202 3749 5274 ὡρμήθημεν
3770 5202 3887 5273 ἀρξά

2369 5313 2537 5366 μενοι,
2565 5295 2738 5365 ἀληθῆ
2766 5294 2940 5364 λέγειν
2966 5295 3146 5357 δόντες
3172 5296 3297 5357 τοὺς
3322 5294 3458 5365 ὑπὲρ
3480 5278 3663 5348 αὐτῶν
3689 5292 3885 5367 προϊστσ

2369 5389 2581 5459 μένους,
2628 5390 2701 5450 ὡς
2732 5388 2795 5441 ἂν
2838 5389 2902 5439 ὲκ
2947 5386 3055 5439 τῶν
3086 5382 3215 5457 παρ’
3246 5387 3428 5450 αὐτοῖς
3466 5386 3883 5458 ὁμολογουμένων

2368 5482 2594 5550 μαντεῖα
2625 5496 2681 5533 τε
2716 5477 2852 5534 εἶναι
2884 5479 3057 5551 ἀληθῆ
3102 5482 3195 5533 καὶ
3240 5480 3586 5552 πυθόχρηστα
3632 5480 3881 5548 θεοπρόπυ

2364 5575 2431 5627 τὰ
2462 5574 2775 5645 δηλούμενα
2805 5575 3137 5643 φασκόντων,
3168 5572 3263 5645 τὴν
3291 5573 3491 5644 ἀκριὸῆ
3518 5572 3626 5625 τῶν
3667 5563 3879 5640 δηλουμὲ

2360 5685 2465 5720 νων
2502 5669 2760 5736 ἐκφανσιν
2793 5667 3221 5737 καταμάθοιμεν.

690 5759 791 5827 giis
840 5763 1079 5815 omnium
1134 5778 1226 5819 ore
1272 5764 1651 5825 celebrantur,
1715 5778 1838 5814 vera
1894 5760 2247 5831 putavissent,
2290 5762 2571 5829 oportebat
2598 5778 2726 5816 sane
2754 5777 2860 5814 non
2892 5762 3073 5813 minus
3093 5776 3256 5828 quam
3316 5768 3539 5812 cancros
3585 5769 3773 5806 eorum
3818 5750 3875 5800 vil

689 5854 1089 5919 obstupescere,
1127 5856 1320 5923 quippe
1355 5856 1445 5923 qui
1479 5864 1530 5907 et
1558 5853 1733 5909 Grieci
1759 5862 1975 5916 essent,
2011 5854 2253 5921 ritusque
2294 5854 2496 5919 patrios
2524 5855 2745 5907 omnino
2774 5854 3052 5915 callerem,
3078 5866 3140 5904 ac
3166 5851 3299 5903 nihil
3346 5862 3556 5910 eorum,
3612 5861 3733 5912 qua:
3789 5842 3873 5895 scit

688 5946 844 6016 digna
880 5945 1071 6008 forent,
1108 5948 1213 5999 ullo
1246 5963 1478 6017 unquam
1520 5950 1679 6003 modo
1712 5948 2091 6017 neglexissent.
2154 5946 2253 5999 Ista
2296 5946 2511 6014 quidem
2546 5945 2757 6014 aliaque
2814 5944 3031 6009 similia,
3085 5942 3175 6011 qui
3221 5943 3321 5997 hoc
3379 5940 3432 5994 iii
3488 5948 3789 6010 argumenti
3830 5949 3871 6005 gr
