4044 6334
79 457 177 512 ets
1244 412 1565 504 rampart.
1605 444 1856 501 eum.
1897 443 2023 498 LlB.
2070 442 2158 497 tv.
3204 433 3310 487 ets

91 584 201 623 nete
247 568 318 624 ad
367 566 715 624 refellendam
761 566 1106 621 oraculorum
1154 560 1649 632 l‘arnamcolligere
1680 558 1859 623 vellet,
1903 571 1986 611 me
2020 567 2268 624 magnam
2312 550 2358 605 is
2421 549 2631 618 copiam
2680 546 2961 600 habiturus
3015 553 3175 600 esset.
3212 543 3314 597 Vr-

90 680 195 717 rum
231 674 551 734 susceptam
586 680 617 717 a
645 662 799 717 nobis
834 660 1253 731 disputationem
1293 658 1394 712 hac
1423 656 1506 709 via
1560 653 1736 708 moliri
1799 666 1906 704 non
1933 650 2140 718 placet,
2184 647 2277 703 sed
2305 661 2367 699 ea
2390 643 2603 713 potius,
2648 656 2752 710 qua
2817 641 2870 693 in
2900 654 3020 695 eam
3077 640 3145 695 ab
3200 638 3315 707 ipso

91 756 265 809 statim
318 738 749 825 initi0\ingressi
782 769 993 809 sumus.
1034 751 1292 805 Dabimus
1321 748 1490 813 enim,
1534 760 1651 808 eos,
1681 743 1775 814 qui
1801 742 2178 797 vaticiniorum
2208 742 2365 795 ﬁdem
2403 746 2673 801 asserunt,
2702 751 2827 790 vera
2880 735 3091 799 dicere,
3150 743 3208 785 ut
3252 746 3315 784 ει

88 849 299 900 illorum
351 848 598 916 ipsorum
649 844 1025 909 confessione,
1072 842 1164 915 qui
1191 853 1245 896 et
1270 853 1658 910 responsorum
1700 837 1926 890 istorum
1955 834 2236 889 veritatem
2268 831 2593 896 defendunt,
2658 843 2885 900 quaeque
2951 836 3317 882 memorantur

87 942 299 995 oracula
344 942 633 995 numinum
694 956 915 997 suorum
965 940 1188 994 vocibus
1256 935 1399 991 edita
1439 948 1561 989 esse
1582 930 1934 997 contendunt,
1984 930 2245 1000 integram
2290 937 2345 983 et
2383 935 2692 983 accuratam
2744 939 2956 987 eorum,
3017 936 3138 992 quae
3194 934 3319 990 pro-

89 1034 375 1101 teruntur,
439 1035 854 1105 explicationem
914 1043 1077 1104 atque
1128 1030 1374 1087 notitiam
1433 1026 1771 1081 hauriamus.

639 1126 1031 1181 ΚΕΦΔΛΑΙΟΝ
1063 1127 1137 1178 Δ¹.

92 1225 203 1275 Ὀτι
232 1221 541 1289 μεγίστων
579 1218 734 1288 ἡμᾶς
766 1217 965 1273 κακῶν
1004 1200 1452 1289 τούτων-αὑτῶν·
1474 1213 1655 1289 τιμερ-

156 1282 421 1356 υὲῥωὰεν
461 1292 497 1358 ἡ
541 1282 647 1344 τοῦ
688 1282 961 1359 Σωτῆρος
991 1287 1159 1358 ήμῶν
1185 1282 1540 1355 εὐαγγελικὴ
1571 1282 1658 1334 διι-

156 1358 484 1417 brumalia.

157 1449 322 1521 Οἶμαι
362 1452 418 1504 δὲ
462 1452 620 1505 παντί
650 1470 729 1521 τῳ
759 1448 895 1506 εἶναι
925 1451 1111 1519 σαφὲς,
1145 1450 1221 1513 ὠς
1250 1451 1278 1503 ὁ
1304 1446 1413 1500 τῶν
1446 1460 1663 1517 προκει-

99 1544 262 1614 μένων
297 1542 521 1615 ἔλεγχος
561 1546 622 1597 οὐ
672 1544 885 1615 μικρὸν,
931 1542 1064 1595 ἀλλὰ
1113 1543 1203 1596 καὶ
1248 1542 1498 1612 μέγιστον
1528 1537 1662 1609 ὁμοῦ

98 1637 179 1688 καὶ
216 1637 652 1703 ἀναγκαιότατον
684 1636 921 1707 περιέξει
955 1636 1118 1705 μέρος
1160 1634 1260 1703 τῆς
1306 1631 1664 1701 εὐαγγελικῆς

96 1730 416 1794 ὑποθέσεως.
452 1731 514 1783 ΕΞ
555 1730 661 1801 γὰρ
698 1732 748 1783 οἱ
787 1728 893 1798 πρὸ
934 1728 1032 1799 τῆς
1076 1725 1171 1779 τοῦ
1214 1726 1467 1796 Σωτῆρος
1507 1721 1665 1794 ἡμῶν

108 1822 271 1891 Ἰησοῦ
306 1822 546 1894 Χριστοῦ
578 1822 881 1893 παρουσίας
903 1820 1150 1890 πανταχῆ
1182 1819 1384 1881 πάντες
1408 1816 1666 1886 Ἕλληνες

97 1916 181 1966 καὶ
222 1913 493 1987 βάριδαρω
530 1916 790 1987 δειχθείεν
826 1914 899 1986 μὴ
932 1914 1021 1967 τὸν
1052 1912 1223 1983 ἀληθῆ
1260 1912 1391 1965 Θεὸν
1424 1912 1665 1977 ἐπεγνω-

99 2004 263 2069 κότες,
302 2006 417 2059 ἀλλ’
459 2008 578 2077 ἤτοι
623 2006 691 2059 τὰ
736 2008 809 2077 μὴ
839 2006 966 2059 ὄντα
997 2006 1070 2068 ὡς
1100 2004 1227 2058 ὄντα
1270 1999 1663 2069 δοξάζοντες,ἢ

99 2097 193 2150 ὑπό
220 2116 385 2152 τινων
415 2098 701 2170 μοχθηρῶν
733 2099 826 2152 καὶ
850 2099 1128 2168 θεομάχων
1172 2095 1514 2165 πνευμάτων,
1554 2092 1668 2144 δαι-

102 2190 267 2259 μόνων
288 2208 351 2243 τε
379 2190 628 2261 πονηρῶν
660 2191 753 2243 καὶ
777 2191 1121 2259 ἀκαθάρτων,
1152 2186 1364 2257 τυφλῷν
1393 2184 1545 2254 δίκην
1564 2176 1664 2237 ὧδε

102 2282 314 2334 κάκεῖσε
350 2281 728 2353 περιηγμένοι,
769 2282 862 2334 καὶ
910 2279 1054 2350 βυθῷ
1104 2278 1298 2341 κακίας
1332 2277 1467 2349 πρὸς
1494 2273 1667 2327 αὐτῶν

101 2373 541 2443 καθειλκυσμὲνοι
567 2390 578 2402 ·
626 2372 740 2441 (καὶ
785 2374 837 2425 τί
872 2372 980 2441 γὰρ
1023 2370 1133 2423 ἄλλ’
1174 2369 1207 2439 ἦ
1248 2366 1606 2437 δαιμονῶντες
1628 2366 1666 2434 ἱ)

2289 1113 2449 1186 ιω
2498 1110 2726 1167 CAPUT
2781 1109 2869 1164 tv.

1765 1209 1877 1264 Nos
1907 1205 2152 1264 maximis
2196 1208 2342 1261 hisce
2375 1207 2529 1261 malis
2573 1204 2880 1273 evangelica:
2915 1198 3201 1255 Servalort's
3232 1210 3304 1249 n0-

1998 1280 2097 1333 ειτὶ
2122 1279 2377 1332 doctrina:
2409 1276 2655 1345 beneﬁcio
2679 1274 2925 1328 liberatos
2951 1287 3079 1324 esse.

1838 1456 2099 1527 Equidem
2125 1457 2203 1511 sic
2226 1456 2480 1510 existimo
2504 1454 2772 1508 neminem
2801 1466 2941 1515 esse,
2975 1450 3068 1518 qui
3100 1462 3204 1501 non
3243 1446 3321 1499 in-

1764 1550 1986 1619 telligat,
2012 1559 2220 1620 partem
2243 1548 2539 1619 evangelici
2568 1547 2731 1615 hujus
2756 1542 3055 1613 argumenti
3080 1556 3184 1595 non
3210 1539 3323 1593 exi-

1764 1658 1947 1713 guam,
1983 1642 2074 1696 sed
2100 1657 2228 1696 vero
2258 1641 2549 1694 maximam
2599 1636 2938 1704 maximeque
2966 1630 3322 1687 necessariam

1764 1750 1953 1788 eorum
1974 1774 1988 1799 ,
2025 1748 2146 1800 quae
2173 1730 2447 1801 proposita
2474 1728 2605 1783 mihi
2639 1738 2768 1783 sunt
2789 1769 2804 1793 ,
2851 1725 3167 1796 probatione
3199 1738 3324 1777 con-

1768 1824 1949 1881 tineri.
2009 1821 2143 1876 Nam
2176 1822 2221 1875 si
2253 1819 2538 1874 ostendere
2586 1819 2751 1873 semel
2780 1816 3081 1887 poterimus
3104 1857 3120 1881 ,
3168 1822 3327 1883 quot-

1768 1924 1902 1986 quot
1926 1931 2019 1969 seu
2048 1912 2217 1968 Graeci
2265 1926 2358 1967 seu
2394 1909 2609 1964 barbari
2658 1916 2785 1963 ante
2813 1906 3115 1961 Servatur-is
3157 1905 3325 1959 nostri

1765 2007 1895 2063 Iesu
1925 2007 2126 2062 Christi
2157 2006 2444 2060 adventum
2491 2011 2603 2056 toto
2636 2000 2839 2071 passim
2882 1999 3011 2052 orbe
3055 1996 3325 2057 vixerunt,

1768 2117 1967 2157 verum.
1984 2114 2174 2158 omnes
2203 2096 2372 2151 Deum
2408 2097 2707 2165 ignorasse,
2726 2092 2966 2158 adeoque
2992 2088 3073 2142 vel
3103 2087 3191 2149 iis,
3210 2102 3329 2154 quae

1768 2192 1913 2245 nulla
1944 2197 2128 2252 erant,
2176 2178 2396 2256 perinde
2437 2200 2499 2237 ac
2547 2183 2593 2236 si
2631 2188 2834 2242 essent,
2868 2178 3126 2230 honorem
3161 2173 3329 2227 tribu-

1769 2284 1895 2348 isse,
1931 2282 2013 2335 vel
2047 2278 2390 2348 a/pessimis,
2424 2275 2625 2343 quique
2663 2286 2787 2326 cum
2824 2268 2930 2322 Deo
2954 2270 3069 2337 ipso
3094 2272 3330 2337 pugnant

1771 2374 2093 2446 Spit-itibus.
2144 2386 2208 2425 ac
2271 2366 2547 2424 sceleratis
2607 2363 2941 2434 impurisque
3000 2357 3333 2415 daemonibus

104 2462 208 2525 πῶς
230 2465 289 2516 οὐ
327 2464 587 2534 μειζόνως
613 2464 678 2516 ἂν
706 2462 894 2533 ὀφθείη
919 2463 979 2514 τὸ
1015 2463 1154 2531 μέγα
1178 2460 1278 2529 τῆς
1308 2458 1668 2528 εὐαγγελικῆς

1777 2481 2040 2523 caecorum
2067 2465 2237 2518 instar
2265 2462 2368 2515 huc
2398 2459 2631 2526 illucque
2663 2462 2923 2524 raptatos,
2948 2461 3110 2519 atque
3140 2450 3191 2502 in
3223 2448 3328 2500 im-

101 2556 403 2626 οἰκονομίας
452 2557 769 2627 μυστήριον,
818 2555 1025 2618 πάντας
1074 2550 1407 2621 πανταχόθεν
1460 2553 1522 2601 ἐκ
1569 2550 1667 2617 τῆς

104 2647 575 2717 πατροπαραδότου
616 2646 821 2716 πλάνης
861 2646 961 2713 τῆς
996 2646 1100 2699 τῶν
1128 2644 1395 2714 δαιμόνων
1441 2640 1667 2694 καταδυ-

106 2738 349 2801 ναστείας
388 2739 475 2792 διὰ
507 2740 606 2810 τῆς
646 2739 738 2792 τοῦ
780 2740 1027 2809 Σωτῆρος
1059 2736 1217 2808 ἡμῶν
1258 2734 1439 2804 φωνῆς
1476 2734 1671 2786 ἀνακε-

107 2828 419 2899 κλημένους,
458 2833 552 2884 καὶ
588 2833 713 2895 τοὺς
744 2831 934 2902 μέχρις
969 2829 1233 2899 ἐσχατιῶν
1260 2830 1362 2898 γῆς
1387 2826 1669 2888 οἰκοῦντας

104 2920 415 2990 ἀνθρώπους
456 2924 554 2993 τῆς
600 2923 657 2988 ἐξ
700 2922 891 2984 αἰῶνος
938 2919 1314 2990 κατασχούσης
1359 2920 1450 2973 τὸν
1496 2918 1671 2969 πάντα

106 3011 207 3079 βίον
242 3016 458 3084 ἀπάτης
484 3014 951 3085 λελυτρωμένους;
980 3010 1119 3064 ὥστε
1148 3010 1205 3075 ἐξ
1234 3010 1442 3063 ἐκείνου
1470 3010 1561 3060 καὶ
1592 3010 1671 3069 εἰς

106 3104 251 3175 δεῦρο
280 3105 533 3159 λελύσθαι
566 3106 662 3176 μὲν
686 3105 780 3158 καὶ
813 3102 1158 3175 καθῃρῆσθαι
1191 3102 1371 3163 αὐτοῖς
1399 3103 1545 3163 ναοῖς
1576 3101 1669 3152 καὶ

108 3199 303 3263 ξοάνοις
336 3200 401 3251 τὰ
441 3197 864 3267 πεπαλαιωμένα
913 3196 1010 3265 τῆς
1052 3193 1157 3246 τῶν
1208 3191 1375 3246 ἐθνῶν
1419 3193 1671 3245 ἁπάντων

109 3290 304 3360 πλάνης
336 3290 624 3360 ἱδρύματα,
654 3288 770 3360 ἱερὰ
797 3288 852 3339 δὲ
874 3287 1041 3349 ὅντως
1071 3286 1245 3355 σεμνὰ
1269 3285 1360 3337 καὶ
1393 3283 1671 3342 εὐσεϐείας

109 3380 441 3435 διδασκαλεῖα
468 3381 544 3451 τῷ
573 3381 903 3452 παμϐασιλεί
932 3382 1022 3433 καὶ
1067 3378 1381 3450 δημιουργῷ
1406 3378 1510 3430 τῶν
1538 3378 1671 3430 ὅλων

111 3476 161 3525 ἐν
196 3475 385 3543 μέσαις
416 3473 607 3527 ’πόλεσί
643 3491 700 3525 τε
732 3475 825 3527 καί¹
864 3473 1076 3542 κώμαις
1108 3472 1334 3541 δυνάμει
1369 3472 1463 3523 καὶ
1505 3472 1670 3541 ἀρετῇ

113 3570 194 3621 τοῦ
218 3570 462 3643 Σωτῆρος
494 3566 650 3639 ἡμῶν
680 3568 781 3620 ἀνὰ
806 3568 896 3619 τὸν
924 3567 1211 3636 σύμπαντα
1246 3566 1447 3634 κόσμον
1477 3567 1674 3636 ἀνεγη-

114 3661 317 3731 γέρθαι,
350 3661 537 3723 θυσίας
564 3676 621 3711 τε
652 3659 749 3722 τὰς
778 3658 1098 3728 θεοπρεπεῖς
1137 3657 1321 3724 εὐχαῖς
1364 3656 1525 3706 ὁσίων
1566 3656 1675 3707 δια-

116 3752 441 3824 κεκαθάρθαι
468 3752 663 3814 κακίας
691 3750 927 3818 ἁπάσης,
954 3748 1009 3800 ἓν
1036 3766 1091 3800 τε
1122 3744 1356 3814 ἀπαθείᾳ
1382 3744 1559 3815 ψυχῆς
1580 3747 1672 3797 καὶ

1772 2557 2057 2628 probitatis
2108 2553 2421 2609 barathrum
2468 2546 2768 2619 prmcipites
2801 2552 2951 2598 actos
2991 2542 3141 2611 (quid
3188 2539 3328 2594 enim

1769 2647 1915 2701 aliud
1942 2661 2038 2700 eos
2057 2684 2072 2708 ,
2102 2658 2265 2713 quam
2298 2640 2630 2696 daemoniaco
2661 2637 2840 2692 furore
2864 2642 3140 2700 correptos
3166 2630 3333 2684 fuisse

1767 2735 2043 2805 dixeris?)
2077 2754 2089 2787 :
2126 2734 2214 2789 cui
2246 2732 2459 2787 tandem
2505 2743 2757 2800 magnum
2789 2728 2890 2779 hoc
2916 2719 3333 2793 dispensationis

1770 2827 2092 2899 evangelica:
2137 2822 2456 2895 mysterium
2490 2835 2597 2872 non
2646 2817 2847 2872 clarius
2872 2826 2924 2870 et
2954 2812 3215 2867 illustrius
3242 2824 3334 2877 ap-

1772 2930 1989 2993 pareat,
2036 2917 2182 2989 quod
2220 2929 2410 2971 omnes
2439 2911 2687 2980 undique
2715 2910 2784 2963 ab
2813 2907 2957 2961 avito
2985 2920 3195 2969 errore,
3228 2902 3333 2956 daa-

1774 3028 2106 3082 monumque
2148 3007 2432 3081 tyrannide
2466 3002 2768 3059 Servatoris
2818 2996 2989 3053 nostri
3017 3010 3146 3050 voce
3183 3010 3333 3047 revo-

1773 3107 1929 3169 carit,
1955 3105 2157 3175 quique
2183 3102 2237 3156 in
2267 3098 2524 3154 extremis
2560 3104 2825 3150 terrarum
2858 3089 3055 3145 ﬁnibus
3083 3087 3336 3157 degerent

1772 3198 2044 3259 homines,
2082 3194 2149 3248 ab
2170 3207 2233 3247 ea
2253 3234 2269 3257 ,
2293 3206 2413 3261 qua:
2444 3187 2594 3243 omni
2622 3202 2688 3241 ex
2714 3182 2975 3239 memoria
3004 3181 3163 3233 vitam
3195 3194 3338 3231 mor-

1772 3290 1959 3343 talium
1992 3286 2297 3339 universam
2330 3289 2609 3341 tenuerat,
2646 3274 2833 3330 fraude
2857 3271 3131 3326 liberarit?
3175 3278 3336 3337 atque

1775 3381 1846 3433 ita
1871 3375 2132 3439 liberarit,
2168 3384 2225 3428 ut
2258 3379 2408 3426 tanto
2440 3367 2720 3423 intervallo
2746 3374 2799 3420 et
2823 3361 3180 3418 vetustissima
3208 3376 3337 3427 gen-

1774 3472 1907 3526 tium
1939 3468 2182 3522 omnium
2236 3464 2441 3518 erroris
2487 3457 2759 3513 domicilia
2790 3468 2911 3509 cum
2942 3451 3153 3519 templis
3178 3460 3337 3518 atque

1775 3561 2082 3618 simulacris
2111 3559 2371 3625 dissipata
2399 3552 2746 3620 funditusque
2789 3548 2999 3602 sublata
3033 3542 3255 3602 fuerint,
3287 3549 3339 3593 et

1775 3654 2000 3709 delubra
2052 3649 2176 3707 ve‘re
2225 3657 2455 3718 augusta
2477 3687 2490 3708 ,
2523 3656 2753 3710 vereque
2796 3638 3007 3709 pietatis
3043 3634 3255 3689 scholas
3285 3632 3338 3683 in

1780 3744 1977 3799 summi
2010 3743 2153 3813 regis
2183 3756 2246 3795 ac
2269 3753 2448 3793 rerum
2479 3736 2853 3789 universarum
2882 3728 3144 3783 molitoris
3170 3726 3337 3777 hono~

117 3843 283 3912 πάσης
315 3812 512 3914 ἀρετῆς
540 3812 820 3913 ἀναλήψει,
850 3812 991 3893 κατὰ
1012 3837 1079 3890 τὰ
1107 3837 1221 3889 θεῖα
1249 3812 1341 3888 καί
1365 3812 1672 3905 σωτηριώδη

1782 3849 1892 3888 rem
1916 3874 1928 3893 ,
1980 3832 2171 3885 mediis
2201 3831 2254 3883 in
2286 3828 2511 3883 urbibus
2542 3834 2700 3892 atquc
2730 3821 2879 3889 pagis
2900 3860 2913 3877 .
2946 3816 3185 3889 eiusdem
3215 3812 3339 3864 Ser-

120 3934 469 4002 παιδεὺματα,
526 3935 585 3999 ἐξ
631 3933 883 3988 ἁπάντων
934 3930 1205 4001 ὁσημέραι
1258 3926 1519 4001 διηνεκῶς
1570 3926 1676 3978 τῶν

120 4026 276 4081 ὲθνῶν
308 4017 667 4080 ἐπιτελεῖσθαι
692 4044 704 4057 ·
743 4027 839 4089 τὰς
873 4024 935 4095 δὴ
982 4024 1075 4077 καὶ
1105 4026 1271 4094 μόνας
1302 4024 1500 4094 ἀρετὰς
1534 4038 1553 4059 ι
1586 4021 1675 4074 οὔ-

125 4133 233 4182 σας,
284 4119 372 4171 καὶ
425 4121 716 4191 προσηνεῖς
764 4115 953 4179 θυσίας
998 4114 1076 4186 τῷ
1131 4116 1223 4168 ἐπὶ
1282 4116 1495 4167 πάντων
1536 4112 1676 4183 Θεῷ.

123 4209 327 4267 Τούτων
370 4211 425 4263 δὲ
472 4210 643 4273 οὕτως
688 4211 938 4281 ἐχόντων,
988 4206 1103 4272 πῶς
1150 4208 1249 4259 οὐκ
1282 4207 1349 4260 ἂν
1400 4208 1588 4276 εἴημεν
1622 4208 1680 4258 ἐν

125 4304 290 4375 ταυτῴ
328 4304 755 4375 δεδειχότες,καὶ
792 4305 873 4357 ὅτι
908 4301 1043 4372 μετὰ
1087 4298 1357 4369 σώφρονος
1395 4298 1675 4369 λογισμοῦ,

125 4397 317 4471 capas
366 4398 557 4469 ἀλογία
612 4397 835 4459 ἑαυτοὺς
880 4396 1172 4458 ἐπιδόντες,
1224 4391 1527 4444 ἀποστάται
1579 4393 1677 4461 τῆς

129 4492 596 4560 πατροπαραδότου
652 4491 951 4561 γεγόναμεν
1002 4485 1443 4555 δεισιδαιμονίας·
1505 4484 1682 4554 κρίσει

128 4580 176 4632 δὲ
202 4580 398 4650 δικαία,
435 4584 528 4634 καὶ
567 4582 758 4652 ἀληθεί
786 4582 845 4635 τὸ
878 4584 1121 4652 κρεῖττον
1151 4578 1558 4647 ἀγαπήσαντες,
1589 4578 1682 4629 καὶ

130 4673 217 4742 τῆς
243 4673 418 4726 ἐνθέου
459 4672 552 4725 καὶ
579 4673 811 4743 ἀληθοῦς
837 4674 1117 4737 εὐσεϐείας
1144 4670 1370 4742 ἐρασταὶ
1395 4671 1683 4739 γεγενημὲ-

132 4781 200 4817 νοι
225 4782 239 4829 ;
274 4763 430 4817 Ἀλλὰ
459 4762 663 4815 τούτων
692 4763 790 4831 μὲν
838 4765 976 4828 ἃλις,
1013 4764 1211 4817 ἁπτέον
1238 4762 1294 4815 δὲ
1341 4760 1523 4812 λοιπὸν
1551 4777 1681 4831 προ-

133 4872 401 4928 κειμένων.
818 4872 821 4885 ‘

1780 3926 1982 3979 vatoris
2003 3922 2171 3977 nostri
2198 3923 2391 3975 virtute
2421 3928 2589 3971 totum
2619 3931 2710 3983 per
2736 3913 2919 3965 orbem
2943 3908 3169 3961 excitata
3200 3909 3335 3966 sint;

1778 4030 1833 4075 et
1874 4016 2140 4072 sacriﬁcia
2192 4013 2300 4067 Deo
2338 4009 2654 4079 dignissima
2705 4002 2984 4057 hominum
3031 4008 3336 4051 sanctorum

1781 4112 2034 4185 precibus
2058 4151 2071 4175 ,
2106 4122 2268 4163 sensu
2306 4103 2373 4158 ab
2405 4102 2551 4156 omni
2583 4097 2925 4168 improbitate
2953 4106 3086 4161 puro
3111 4133 3125 4156 ,
3164 4098 3341 4142 mente

1781 4211 1848 4265 ab
1874 4206 2020 4261 omni
2048 4199 2449 4274 perturbatione
2486 4210 2654 4248 vacua
2678 4233 2693 4258 ,
2725 4200 2780 4246 et
2810 4190 3049 4244 omnium
3083 4186 3337 4238 virtutum

1785 4299 2080 4359 exercitio,
2142 4292 2414 4365 quomodo
2470 4289 2663 4342 divinae
2719 4284 3089 4351 salutaresque
3157 4279 3342 4330 litterae

1786 4390 2122 4462 praecipiunt,
2144 4388 2211 4441 ab
2227 4384 2479 4439 omnibus
2505 4378 2741 4450 quotidie
2762 4376 3009 4447 gentibus
3027 4371 3343 4437 assidueque

1785 4489 1919 4539 ﬁant
1951 4502 1963 4536 :
1994 4479 2299 4549 Cujusmodi
2348 4475 2531 4541 utique
2576 4471 2837 4527 sacriﬁcia
2886 4474 3030 4530 sunt,
3068 4479 3186 4533 quze
3230 4462 3341 4514 sola

1790 4570 2101 4643 praepotenti
2139 4567 2248 4620 Deo
2272 4566 2500 4635 placere,
2528 4571 2687 4630 atque
2722 4568 2938 4628 accepta
2963 4570 3080 4609 esse
3118 4549 3337 4620 possint.

1788 4667 1910 4721 llaec
1926 4675 2086 4733 porro
2107 4674 2228 4713 cum
2255 4662 2324 4711 ita
2349 4672 2469 4711 sese
2494 4655 2742 4715 habeant,
2768 4664 2944 4704 nonne
2960 4644 3119 4700 simul
3137 4642 3345 4695 eadem-

1787 4775 1890 4828 que
1918 4755 1999 4807 via
2031 4750 2453 4814 ostenderimus,
2474 4761 2573 4799 nos
2593 4742 2837 4813 prudenti
2872 4747 3189 4803 matureque
3211 4750 3339 4787 con-

1787 4868 1813 4905 s
1838 4850 1907 4902 lio
1934 4845 2228 4907 adductos,
2267 4858 2373 4897 non
2420 4838 2723 4892 inconsulta
2766 4834 2979 4886 levitate
3009 4830 3281 4897 abreptus,
3315 4844 3343 4878 ει

136 4955 289 5020 patria
308 4954 693 5025 superstitione
709 4949 1026 5012 deseivisse,
1047 4966 1111 5004 ac
1134 4958 1279 5005 recto
1314 4960 1549 5014 veroque
1595 4945 1804 5013 judicio
1842 4939 1991 5010 ιῖιι
2030 4936 2249 4990 meliora
2295 4933 2607 5000 complexos
2637 4942 2777 4989 esse,
2805 4924 3153 4985 divinumque
3183 4919 3344 4975 simul

135 5060 187 5099 ac
212 5062 387 5103 veram
418 5050 666 5118 pietatem
700 5046 1003 5099 adamasse.
1045 5042 1149 5096 Sed
1186 5044 1252 5098 de
1281 5043 1364 5095 his
1393 5041 1694 5101 hactenus;
1727 5037 1869 5108 quod
1901 5039 2163 5102 superest,
2197 5029 2260 5082 ad
2287 5042 2399 5080 rem
2433 5026 2605 5095 ipsam
2639 5021 2941 5077 veniamus.

648 5157 1051 5215 ΚΕΦΑΛΑΙΟΝ.
1067 5157 1148 5208 Ε’.

166 5250 251 5316 Τίς
286 5251 321 5317 ἡ
353 5244 643 5316 διαίρεσις
682 5249 791 5315 τῆς
818 5246 942 5300 καθ’
976 5246 1285 5312 Ἕλληνας
1306 5244 1634 5312 θεολογίας.

192 5362 246 5413 Οἱ
285 5360 384 5430 μὲν
404 5360 467 5430 δὴ
488 5360 583 5429 τὴν
628 5360 937 5430 Ἑλληνικὴν
967 5356 1237 5424 θεολογίαν
1260 5356 1687 5428 ὲξηκριῦωκότες

94 5533 99 5541 ,
135 5451 234 5503 καθ’
262 5451 450 5521 ἕτερον
475 5451 621 5520 παρὰ
648 5452 771 5512 τοὺς
801 5448 1223 5520 προειρημένους
1269 5450 1398 5517 ἡμῖν
1434 5448 1684 5517 τρόπους,

134 5543 201 5603 εἰς
230 5544 360 5612 γένη
389 5543 621 5611 τέτταρα
642 5542 815 5594 πάντα
854 5544 943 5595 τὸν
970 5544 1123 5609 λόγον
1152 5540 1501 5610 διαιροῦντες,
1537 5539 1686 5609 πρώ-

140 5651 275 5689 τιστα
308 5634 525 5687 πάντων
562 5632 649 5683 τὸν
676 5631 893 5701 πρῶτον
914 5634 1269 5703 ἀφορίσαντες
1302 5630 1451 5692 Θεὸν,
1491 5629 1683 5680 εἰδέναι

144 5729 256 5794 φασὶ
283 5728 475 5781 τοῦτον
504 5720 638 5777 εἶναι
671 5725 758 5775 τὸν
794 5726 881 5775 ἐπὶ
918 5728 1048 5777 πᾶσι
1086 5724 1295 5793 πρῶτόν
1332 5742 1387 5775 τε
1422 5722 1545 5773 ὄντα
1594 5724 1684 5773 καὶ

146 5822 339 5875 πάντων
368 5820 519 5879 Θεὸν,
553 5819 752 5887 πατέρα
800 5835 847 5868 :2
884 5820 970 5869 καὶ
1005 5819 1243 5885 βασιλέας
1284 5816 1397 5889 μεθ’
1441 5817 1493 5867 ὃν
1533 5816 1684 5880 τίνος

204 5932 220 5951 ι
256 5921 343 5968 γε.
384 5914 629 5984 ipson;

2408 5136 2632 5193 CAPUT
2667 5134 2729 5189 V.

2038 5236 2221 5302 Qualis
2247 5232 2546 5287 ercorum
2567 5228 2836 5298 theologiw
2857 5226 3091 5296 partitio.

1866 5357 2001 5423 Ergo
2034 5351 2125 5418 qui
2153 5349 2460 5402 Graecorum
2498 5344 2820 5413 theologiam
2866 5338 3192 5394 atlamussim
3222 5353 3345 5393 eve;

1792 5455 2003 5519 gerunt,
2030 5442 2190 5494 aliam
2224 5438 2515 5506 quamdam
2547 5438 2614 5490 ab
2645 5437 2730 5499 iis,
2759 5449 2893 5501 quas
2927 5439 3048 5483 ante
3074 5433 3342 5484 recensui-

1794 5556 1934 5596 mus,
1967 5533 2229 5587 rationem
2264 5530 2530 5593 ineuntes,
2575 5544 2685 5581 rem
2726 5534 2888 5577 totam
2918 5523 2968 5574 in
3008 5534 3235 5589 quatuor
3266 5542 3344 5591 ge-

1797 5647 1923 5685 nera
1950 5625 2125 5695 partiti
2162 5630 2306 5676 sunt.
2334 5622 2558 5690 Quippe,
2592 5620 2641 5671 in
2672 5616 2858 5685 primis
2882 5615 3024 5667 enim
3052 5616 3342 5683 principem

1799 5723 1960 5773 Deum
2020 5732 2046 5767 a
2103 5714 2260 5781 vulgo
2324 5721 2683 5781 segregantes,
2735 5706 2985 5759 omnibus
3035 5721 3155 5757 cum
3192 5706 3347 5753 rrhus

1796 5811 2100 5882 pt‘xsidetw,
2162 5816 2281 5859 ante
2340 5820 2527 5861 omnes
2586 5815 2725 5867 esse,
2780 5798 3128 5865 omniumque
3158 5795 3342 5855 Deum,
