4044 6334
715 399 821 452 237

1383 398 1647 453 EUSEDH
1679 397 2154 453 CAESARIENSIS
2192 397 2339 452 OPP.
2380 397 2555 450 PARS
2583 395 2645 449 ll.
2685 426 2753 435 —
2779 393 3277 449 APOLOGETICA.
3809 388 3900 442 2‘8

718 520 1016 584 parentem.
1069 529 1131 567 ac
1185 526 1364 582 regem
1409 528 1528 568 sese
1572 527 1869 583 agnoscere
1897 515 2220 582 proﬁtentur
2256 532 2266 565 :

2377 512 2435 562 τὺ
2462 511 2598 562 θεῶν
2642 511 2906 580 ὑπάρχειν
2949 507 3220 577 δεύτερον,
3260 507 3520 576 ἑπόμενον
3561 505 3617 557 δὲ
3661 502 3720 556 τὸ
3755 505 3917 572 δαιμό-

717 606 1014 660 secundum
1063 620 1245 674 quem,
1292 604 1517 658 alterum
1560 604 1785 656 deorum
1836 621 2024 673 genus,
2055 606 2271 659 tertium

716 700 1057 758 ulzcmonum,
1109 706 1364 765 quartum
1412 697 1645 764 denique
1695 697 1920 750 heroum
1970 699 2270 766 assignant.

716 788 916 841 Deinde
943 803 1092 846 vero,
1121 803 1458 857 quzecunque
1486 789 1538 841 in
1569 797 1772 856 partem
1800 789 1940 858 ejus,
1971 790 2112 858 quod
2136 790 2276 857 opti-

717 893 860 930 nntm
906 887 1010 941 est,
1043 879 1174 931 ideze
1225 879 1490 941 venerint,
1533 893 1595 932 ea
1626 879 1820 946 partim
1854 895 2034 946 agere,
2077 881 2272 947 partim

714 970 820 1036 agi,
854 978 907 1022 et
934 968 1190 1037 quicquid
1214 969 1478 1037 ejusmodi
1507 978 1609 1032 est,
1640 971 1780 1038 quod
1809 970 2027 1024 luminis
2057 971 2125 1025 sit
2153 987 2273 1040 par-

715 1061 903 1128 ticeps,
943 1060 1122 1113 lumen
1173 1059 1431 1129 appellari
1458 1068 1704 1114 statuunt
1748 1079 1760 1113 :
1793 1060 2046 1114 deteriori
2085 1071 2273 1115 contra

715 1158 920 1202 natura:
953 1151 1154 1202 malum
1191 1151 1368 1218 ipsum
1417 1151 1704 1221 imperare,
1739 1153 1881 1220 quod
1912 1153 2127 1221 quidem
2166 1169 2273 1208 non

711 1239 856 1292 aliud
884 1255 1044 1307 quam
1079 1241 1447 1308 improborum
1489 1241 1796 1295 daemonum
1823 1258 1994 1310 genus
2035 1258 2154 1296 esse
2181 1259 2274 1296 vo-

714 1331 850 1395 lunt,
881 1332 1026 1399 quod
1064 1346 1188 1385 cum
1228 1347 1313 1397 eo,
1355 1333 1498 1401 quod
1539 1333 1740 1386 bonum
1771 1343 1871 1396 est,
1908 1333 2084 1388 amico
2133 1351 2273 1387 nun-

711 1436 872 1489 quam
903 1430 1104 1487 utatur,
1136 1431 1247 1475 tum
1273 1425 1380 1476 vim
1409 1425 1459 1476 in
1487 1424 1742 1477 universa
1766 1440 1976 1490 eorum,
1997 1442 2116 1494 qua:
2135 1427 2275 1479 bono

711 1513 982 1566 contraria
1022 1521 1150 1567 sunt
1182 1524 1398 1577 natura,
1433 1515 1653 1584 perinde
1686 1531 1747 1568 ac
1777 1514 1917 1570 Deus
1950 1517 2002 1569 in
2031 1528 2144 1571 toto
2175 1521 2273 1572 bo-

715 1619 906 1656 norum
937 1616 1151 1672 genere,
1191 1605 1487 1673 principem
1529 1606 1801 1672 obtineat;
1844 1609 2102 1678 quidquid
2148 1625 2274 1663 vero

712 1696 817 1747 tale
863 1704 965 1759 est,
1012 1696 1064 1748 id
1111 1711 1270 1750 omne
1300 1698 1549 1752 tenebras
1591 1701 1771 1753 vocari
1803 1702 2038 1754 tradunt.
2068 1701 2274 1766 Quibus

711 1784 782 1837 ita
813 1786 1121 1840 constitutis
1151 1797 1316 1856 alque
1342 1787 1633 1850 distinctis,
1663 1791 1858 1842 C(elum
1898 1789 2115 1858 quidem
2148 1805 2270 1843 cum

2379 619 2502 664 νων,
2535 603 2595 654 τὸ
2615 603 2671 654 δὲ
2705 601 2899 671 ἡρώων
2930 601 3201 672 τέταρτον·
3256 599 3488 660 ἅπαντα,
3522 597 3616 666 τῆς
3639 596 3728 650 τοῦ
3760 596 3915 666 κρείτ-

2373 711 2522 756 τονος
2559 693 2705 756 ἰδέας
2753 692 3107 762 μετασχόντα.
3147 692 3221 760 τιὴ
3267 692 3364 760 μὲν
3399 690 3574 757 ἄγειν,
3618 689 3690 756 πῆ
3718 686 3770 738 δὲ
3813 688 3917 752 ἀγε-

2377 784 2520 846 σθαι,
2547 785 2642 836 καὶ
2667 783 2778 852 φῶς
2801 783 2945 835 ἅπαν
2983 779 3476 852 προσαγορεύεσθαι
3508 779 3570 831 τὸ
3599 778 3798 836 τοιόνδε
3820 794 3914 843 eci-

2372 875 2462 938 τὸς
2491 878 2708 946 μετοχῇ.
2747 873 2903 926 Ἀλλά
2923 853 3127 942 καὶτῆς
3140 872 3229 925 τοῦ
3243 873 3479 942 χείρονος
3501 870 3684 933 οὐσίας
3700 869 3756 920 τὸ
3775 869 3917 920 κακὸν

2374 967 2620 1036 ἡγεῖσθαί
2670 983 2821 1035 φασι.
2860 965 3028 1018 Τοῦτο
3065 966 3121 1018 δὲ
3160 961 3298 1018 εἶναι
3351 961 3634 1034 μοχθηρῶν
3677 959 3916 1028 δαιμόνων

2373 1060 2545 1126 γένος,
2575 1058 2715 1134 ψιλῷ
2759 1059 2857 1128 μὲν
2897 1056 3144 1127 οὐδαμῶς
3177 1054 3454 1127 χρώμενον
3494 1049 3735 1119 τάγαθῷ,
3775 1049 3916 1101 δύνα-

2378 1151 2466 1220 μίν
2495 1168 2557 1217 γε
2595 1149 2700 1220 μὴν
2751 1153 2807 1201 ἐν
2850 1152 2914 1219 τῇ
2935 1148 3042 1200 τῶν
3111 1147 3363 1200 ἐναντίων
3409 1144 3566 1214 φύσει
3612 1139 3918 1208 κεκτημένον

2376 1243 2619 1315 πρώτην,
2651 1242 2900 1311 καθάπερ
2924 1243 2994 1316 ρέν
3027 1242 3140 1303 τοῖς
3174 1240 3476 1310 κρείττοσιν
3506 1239 3534 1288 ὁ
3567 1233 3714 1294 Θεόςο
3754 1234 3852 1284 πᾶν

2374 1336 2433 1388 τὸ
2473 1335 2671 1388 τοιόνδε
2713 1335 2901 1397 σκότος
2924 1319 3453 1403 προσαγορεύεσθαι.
3513 1326 3695 1382 Ταῦτα
3751 1326 3918 1380 τοῦτον

2373 1426 2800 1496 διαστειλάμενοι
2843 1423 2932 1476 τὸν
2977 1424 3195 1495 τρόπον,
3249 1421 3387 1485 θεοῖς
3444 1421 3539 1491 μὲν
3582 1421 3797 1492 οὐρανὸν
3839 1419 3918 1470 καὶ

2373 1520 2463 1570 τὸν
2513 1517 2640 1586 ἄχρι
2686 1518 2911 1586 σελήνης
2955 1515 3146 1589 αἰθέρα
3191 1516 3352 1583 φασιν
3394 1512 3770 1582 ὑποτετάχθαι·
3822 1511 3918 1562 δαί-

2369 1627 2500 1679 μοσι
2523 1609 2578 1660 δὲ
2598 1608 2666 1660 τά
2688 1609 2814 1682 περὶ
2843 1607 3067 1677 σελήνην
3097 1606 3188 1658 καὶ
3215 1606 3368 1675 ἀέρα·
3405 1605 3602 1674 ψυχαῖς
3627 1604 3684 1656 δὲ
3715 1603 3777 1655 τὰ
3807 1602 3914 1670 περὶ

2374 1701 2475 1770 γῆν
2499 1702 2591 1753 καὶ
2620 1701 2861 1769 ὑπόγεια.
2902 1699 3138 1769 Τοιούτῳ
3165 1698 3207 1750 δ’
3255 1695 3542 1768 ἀφορισμῷ
3594 1695 3913 1766 κεχρημένοι,

2374 1796 2586 1862 πρῶτον
2614 1791 2864 1844 ἁπάντων
2899 1793 3028 1861 φασὶ
3054 1791 3179 1854 τοὺς
3202 1789 3482 1860 οὐρανίους
3520 1788 3629 1840 δεῖν
3672 1788 3759 1840 καὶ
3790 1788 3918 1839 αἰθε-

711 1891 774 1929 eo
813 1877 906 1945 qui
932 1877 994 1930 ad
1023 1876 1206 1930 lunam
1235 1879 1405 1947 ipsam
1453 1879 1704 1948 pertinet,
1754 1879 1951 1933 aethere
1995 1879 2120 1941 diis,
2152 1895 2266 1948 qua!

2375 1886 2521 1957 ρίους
2550 1884 2702 1945 θεοὺς
2737 1879 3076 1952 θεραπεύειν,
3113 1880 3382 1952 δεύτερον,
3413 1881 3537 1942 τοὺς
3561 1879 3786 1948 ἀγαθοὺς
3821 1882 3919 1933 54-3-

710 1967 850 2021 circa
895 1968 1077 2021 lunam
1104 1984 1392 2037 acremque
1420 1981 1729 2034 versantur,
1757 1971 2113 2035 daemonibus,
2153 1988 2272 2040 quae

712 2059 854 2111 circa
897 2074 1126 2128 quaque
1176 2060 1280 2114 sub
1326 2068 1562 2122 terram,
1617 2061 1902 2114 animabus
1953 2062 2269 2116 attribuunt.

712 2150 822 2206 llac
869 2153 1154 2221 partitione
1185 2156 1487 2224 assignata,
1519 2156 1768 2210 caelestes
1803 2157 1932 2211 deos
1978 2160 2028 2211 in
2063 2159 2269 2227 primis,

710 2242 900 2297 deinde
942 2244 1115 2298 bonos
1147 2243 1441 2307 daemones,
1479 2245 1636 2298 tertio
1681 2246 1904 2300 heroum
1940 2248 2148 2301 animas
2181 2265 2271 2302 co-

707 2335 836 2400 lere,
881 2344 1160 2403 postremo
1193 2336 1364 2390 malos
1390 2337 1553 2390 etiam
1585 2339 1973 2407 improbosqne
2001 2340 2272 2393 daemones

708 2431 919 2500 placare
941 2447 1004 2486 ac
1031 2431 1257 2487 delinire
1281 2444 1530 2501 oportere
1550 2436 1763 2488 docent.
1789 2432 1987 2486 Verum
2012 2433 2126 2486 hzec
2147 2449 2268 2486 cum

707 2518 778 2574 it'a
804 2521 968 2576 verbo
992 2531 1148 2576 tenus
1164 2524 1342 2578 omnia
1373 2525 1725 2594 distinguant,
1767 2531 1878 2575 tum
1911 2538 1967 2574 re
1997 2521 2109 2590 ipsa
2145 2538 2271 2575 cun-

705 2618 790 2662 cta
833 2610 1193 2676 confundunt,
1230 2611 1504 2679 improbas
1539 2621 1750 2664 tantum
1783 2613 2007 2664 virtutes
2037 2611 2265 2664 aliorum

703 2702 946 2755 omnium
992 2703 1111 2757 loco
1137 2703 1461 2770 venerando,
1493 2719 1721 2772 seseque
1774 2712 1915 2757 totos
1951 2703 2018 2757 iis
2067 2703 2270 2755 manci-

704 2793 900 2860 pando,
932 2795 1388 2862 quemadmodum
1422 2795 1584 2864 hujus
1627 2795 1679 2847 in
1707 2810 1995 2864 progressu
2031 2795 2268 2862 disputa-

703 2884 865 2937 tionis
898 2885 1266 2940 ostendemus.
1306 2886 1480 2940 Tuum
1513 2899 1691 2941 autem
1721 2888 1844 2948 erit,
1875 2901 1942 2938 ex
1966 2885 2051 2947 iis,
2089 2901 2209 2953 quae
2237 2902 2265 2937 a

703 2973 860 3026 nobis
889 2973 943 3025 in
969 2974 1204 3027 medium
1230 2975 1540 3040 aﬂerentur,
1568 2977 1767 3040 videre,
1793 2975 1980 3044 quales
2009 2989 2122 3037 eas,
2148 2990 2268 3043 qua:

702 3079 856 3116 suam
894 3078 988 3132 per
1033 3065 1324 3118 simulacra
1359 3066 1463 3118 vim
1511 3076 1757 3131 exerunt,
1801 3068 2027 3120 virtutes
2069 3067 2266 3120 habere

703 3157 970 3225 oporteat,
1023 3155 1241 3221 deosne,
1295 3172 1363 3210 an
1413 3157 1717 3223 daemones;
1768 3167 1822 3211 et
1872 3159 1916 3212 si
1969 3159 2262 3224 daemones,

705 3251 969 3313 malnsne,
1001 3267 1066 3303 an
1102 3266 1231 3304 vero
1261 3251 1448 3304 bonos.
1477 3249 1608 3302 Nam
1652 3251 1848 3303 divina:
1875 3249 2090 3318 quidem
2126 3249 2266 3317 apud

701 3357 800 3397 nos
829 3341 1041 3395 Littera:
1073 3351 1340 3410 nusquam
1363 3343 1586 3396 omnino
1612 3341 1908 3395 daemonem
1947 3342 2143 3395 bonum
2173 3356 2268 3393 vo-

702 3449 826 3485 care
863 3433 1059 3496 solent,
1098 3435 1295 3502 quippe
1324 3449 1446 3502 quae
1477 3434 1680 3500 optime
1706 3433 1908 3494 norint,
1938 3432 2264 3499 quibuscum

704 3524 754 3574 id
785 3524 1032 3576 vocabuli
1069 3525 1410 3591 nominisque
1440 3522 1594 3593 142
1627 3538 1914 3575 commune
1946 3522 2034 3586 sit,
2067 3521 2268 3589 impro-

703 3614 801 3666 bos
838 3628 958 3666 esse
1005 3627 1230 3674 attines;
1277 3613 1728 3680 quemadmodum
1779 3627 1882 3663 non
1915 3610 2098 3662 ~alium
2138 3610 2266 3677 ipsa:

703 3703 872 3757 Deum
911 3719 1034 3757 vere
1078 3703 1403 3772 proprieque
1453 3703 1754 3764 nominant,
1793 3711 1984 3770 prwter
2012 3717 2179 3754 unum
2210 3700 2265 3751 il-

698 3800 832 3861 lum,
858 3799 946 3869 qni
970 3815 1148 3853 rerum
1177 3799 1420 3852 omnium
1438 3808 1625 3852 auctor
1652 3808 1754 3852 est.
1788 3799 2060 3854 Liberales
2081 3808 2262 3852 autem

702 3893 822 3946 illas
846 3894 1127 3963 bonasque
1154 3893 1402 3959 virtutes,
1426 3895 1569 3964 quod
1601 3902 1792 3946 natura
1818 3909 1914 3946 sua
1934 3892 2262 3961 principium

701 3992 854 4038 ortus
881 3985 1132 4050 habeant,
1166 3993 1326 4053 atque
1353 3994 1410 4037 ut
1434 3986 1592 4052 longo
1632 3984 1797 4038 Deum
1841 3986 1988 4038 illum
2029 3995 2080 4038 et
2110 3994 2263 4038 ortus

695 4083 964 4140 expertem
1016 4085 1068 4128 et
1128 4077 1210 4130 sui
1257 4077 1589 4130 conditorem
1635 4074 2259 4144 sequunturintervallo,

697 4164 777 4217 sic
801 4173 852 4216 et
884 4166 952 4218 ab
987 4167 1231 4233 improbo
1261 4168 1564 4221 daemonum
1589 4183 1782 4237 genere
1815 4177 2107 4236 segregata:
2131 4166 2259 4229 sint,

699 4271 872 4323 neque
902 4256 1031 4310 deos
1088 4273 1261 4326 neque
1315 4259 1897 4326 daemonesappellare
1945 4258 2258 4320 voluerunt;

696 4346 809 4407 sed,
841 4348 983 4414 quod
1012 4349 1249 4402 medium
1298 4350 1586 4418 quemdam
1639 4350 1741 4402 illae
1773 4350 1879 4402 sint
1924 4348 2086 4401 Deum
2123 4350 2262 4401 inter

693 4454 759 4488 ac
803 4436 1084 4492 daemones
1113 4441 1318 4493 sortita:
1364 4441 1628 4508 gradum,
1685 4441 1856 4493 media
1891 4441 2124 4509 quadam
2168 4455 2260 4494 eas

2377 1995 2562 2046 μονας,
2587 1975 2787 2046 τρίτον,
2820 1973 2917 2036 τάς
2954 1973 3060 2026 τῶν
3085 1971 3278 2042 ἡρώων
3305 1972 3499 2042 ψυχάς,
3533 1973 3781 2045 τέταρτον
3810 1975 3917 2034 τοὺς

2373 2068 2602 2136 φαύλους
2662 2067 2754 2119 καὶ
2806 2066 3072 2135 πονηροὺς
3143 2062 3619 2132 ἀπομειλίσσεσθαι
3667 2063 3916 2132 δαίμονας.

2373 2159 2556 2212 Ταῦτα
2603 2157 2658 2208 δὲ
2708 2156 2854 2225 λόγῳ
2902 2154 3267 2224 διαιροῦντες,
3324 2155 3468 2224 ἔργῳ
3537 2155 3810 2223 συγχέουσι
3861 2155 3918 2206 τὰ

2372 2249 2566 2307 πάντα,
2605 2247 2770 2316 μόνας
2805 2247 2926 2298 ἀντὶ
2963 2245 3072 2297 τῶν
3111 2245 3413 2315 εἰρημένων
3454 2245 3668 2296 πάντων
3705 2243 3793 2305 τὰς
3837 2261 3916 2296 πο-

2370 2359 2431 2410 νη
2441 2339 2538 2410 pit;
2561 2339 2813 2409 δυνάμεις
2845 2337 3255 2406 θεραπεύοντες,
3281 2338 3371 2389 καὶ
3397 2335 3506 2387 ὅλοι
3528 2335 3746 2397 ταύταις
3773 2353 3919 2388 κατα-

2369 2429 2734 2498 δουλούμενοι,
2760 2429 2834 2490 ὼς
2867 2431 2894 2480 ὁ
2927 2429 3082 2494 λόγος
3115 2426 3316 2497 προῖὼν
3356 2426 3658 2494 ἀπελέγξει.
3707 2426 3915 2494 Πάρεστι

2367 2520 2497 2586 γοῦν
2534 2539 2613 2573 σοι
2639 2521 2738 2584 τὰς
2774 2521 2862 2572 διὰ
2890 2520 2997 2574 τῶν
3044 2519 3245 2582 ξοάνων
3289 2518 3611 2589 ἐνεργούσας
3662 2518 3912 2587 δυνάμεις.

2367 2615 2556 2677 ὁποίας
2585 2615 2720 2685 χρῆν
2750 2614 3161 2680 ἀποφαίνεσθαι,
3205 2615 3446 2674 σκοπεῖν,
3488 2613 3688 2682 πότερα
3724 2609 3912 2679 θεοὺςῆ

2367 2707 2642 2775 δαίμονας,
2701 2708 2793 2757 καὶ
2838 2707 2946 2756 εἴτε
2985 2704 3239 2773 φαύλους,
3294 2705 3402 2756 εἴτε
3452 2703 3707 2771 ἀγαθοὺς,
3737 2703 3792 2755 ὲκ
3821 2702 3915 2754 τῶν

2369 2797 2913 2866 παρατεθησομένων.
2951 2797 3028 2848 Τά
3062 2798 3158 2866 μὲν
3201 2795 3309 2866 γὰρ
3355 2797 3481 2864 παρ’
3520 2796 3652 2862 ἡμῖν
3682 2793 3790 2846 θεῖα
3827 2793 3913 2846 Λό-

2367 2905 2459 2954 για
2487 2887 2592 2939 οὐδ’
2625 2888 2758 2950 ὅλως
2781 2888 2979 2954 ἀγαθὸν
3001 2884 3137 2940 οἶδεν
3165 2886 3448 2956 ὀνομάζειν
3467 2885 3712 2952 δαίμονα,
3733 2885 3912 2944 πάντας

2367 2979 2421 3030 δὲ
2457 2980 2720 3050 πονηροὺς
2755 2975 2888 3030 εἶναι
2929 2979 3052 3042 τοὺς
3090 2979 3187 3046 τῆς
3223 2977 3418 3040 λέξεως
3451 2976 3671 3045 ταύτης,
3723 2977 3804 3027 καὶ
3857 2974 3910 3042 δὴ

2367 3071 2586 3140 καὶτῆς
2623 3070 2988 3141 προσηγορίας
3039 3068 3446 3138 μετειληχόταςν
3479 3067 3553 3130 ὡς
3596 3067 3703 3119 οὐδ’
3749 3067 3910 3136 ἕτερον

2369 3161 2498 3215 Θεὸν
2526 3161 2738 3230 ἀληθῶς
2772 3163 2864 3213 καὶ
2903 3160 3125 3229 κυρίως,
3171 3159 3306 3228 πλὴν
3341 3159 3439 3211 ’ἐνα
3471 3158 3579 3210 τῶν
3610 3161 3809 3211 πάντων
3838 3154 3907 3208 αἴ-

2369 3267 2501 3304 τιον·
2540 3254 2638 3314 τάς
2671 3252 2726 3303 δὲ
2759 3251 2979 3314 ἀστείας
3027 3252 3121 3302 καὶ
3157 3250 3365 3318 ἀγαθὰς
3403 3251 3678 3320 δυνάμεις,
3725 3265 3794 3298 τε
3826 3246 3910 3312 τὴν

2370 3341 2529 3409 φύσιν
2556 3343 2788 3412 γενητὰς
2821 3341 3004 3407 οὔσας,
3057 3344 3148 3395 καὶ
3185 3340 3362 3411 πολλῷ
3411 3341 3500 3393 τὸν
3521 3341 3804 3409 ἀγέννητον
3831 3335 3907 3388 καὶ

2371 3433 2520 3502 σφῶν
2558 3434 2732 3486 αὐτῶν
2781 3435 3009 3506 ποιητὴν
3052 3433 3182 3485 Θεὸν
3225 3433 3654 3503 άφυστερούσας,
3705 3431 3760 3482 οὑ
3816 3425 3907 3495 μὴν

2369 3525 2502 3579 ἀλλά
2538 3528 2631 3579 καὶ
2669 3526 2760 3579 τοῦ
2795 3523 2906 3579 τῶν
2945 3524 3210 3595 δαιμόνων
3247 3525 3518 3597 μοχθηροῦ
3555 3525 3741 3591 γένους
3782 3521 3905 3586 ἀφω-

2370 3617 2651 3689 ρισμένας,
2685 3616 2807 3670 οὔτε
2826 3617 2998 3679 θεοὺς,
3013 3613 3128 3667 οὔτ’
3162 3616 3418 3686 δαίμονας
3449 3614 3737 3668 ἀποκαλεῖν
3763 3610 3903 3674 ἀξιοῖ·

2370 3713 2537 3781 μέσας
2577 3711 2634 3763 δὲ
2673 3709 2837 3770 οὔσας
2865 3708 2998 3761 Θεοῦ
3051 3711 3143 3762 καὶ
3184 3710 3470 3780 δαιμόνων,
3523 3706 3785 3775 εὐθυὸόλῳ
3825 3704 3903 3755 καὶ

2369 3805 2508 3874 μέσῃ
2555 3802 2930 3872 προσηγορίᾳ,
2980 3803 3242 3870 ἀγγέλους
3295 3800 3429 3854 Θεοῦ
3490 3799 3584 3852 καὶ
3649 3797 3905 3866 πνεύματα

2365 3894 2728 3963 λειτουργικὰ,
2760 3893 3013 3964 δυνάμεις
3038 3912 3095 3946 τε
3124 3895 3272 3956 Θείας
3301 3893 3392 3944 καλ⁵
3417 3891 3791 3963 ἀρχαγγέλους,
3823 3886 3901 3938 καί

2365 4001 2503 4036 τισιν
2544 3983 2730 4046 ἄλλαις
2768 3986 3102 4055 ἐπωνυμίαις
3146 3981 3477 4059 φερωνύμως
3514 3985 3626 4044 τοῖς
3651 3976 3889 4044 ἐπιτηδεύ-

2367 4093 2525 4146 μασιν
2550 4077 2728 4129 αὐτῶν
2751 4079 3030 4148 ὀνομάζειν
3055 4076 3232 4130 εἴωθε·
3267 4077 3390 4136 τοὺς
3419 4075 3474 4127 δὲ
3501 4073 3750 4142 δαίμονας
3767 4072 3826 4139 (εἰ
3847 4068 3898 4135 δὴ

2364 4170 2456 4220 καὶ
2486 4170 2688 4222 τούτων
2705 4171 2848 4240 ἡμᾶς
2868 4171 3128 4240 προσήκει
3154 4168 3252 4236 τὴν
3281 4166 3630 4235 ἐτυμολογίαν
3651 4161 3896 4230 ἐξειπεῖν’)

2363 4266 2457 4334 οὐχ
2489 4261 2628 4337 ᾗπερ
2663 4266 2886 4336 Ἕλλησι
2914 4267 3078 4327 δοκεῖ,
3107 4263 3257 4339 παρά
3288 4263 3348 4314 τὸ
3367 4263 3639 4332 δαήμονας
3667 4257 3793 4314 εἷναι
3821 4261 3896 4311 καὶ

2363 4357 2750 4426 ἐπιστήμονας,
2787 4357 2900 4411 ἀλλ’
2945 4357 2976 4425 ἢ
3014 4355 3164 4425 παρά
3201 4355 3261 4406 τὸ
3301 4354 3616 4422 δειμαίνειν,
3654 4356 3781 4423 ὅπερ
3801 4350 3896 4403 ἐστὶ

2365 4449 2642 4517 φοϐεῖσθαι
2675 4450 2769 4502 καὶ
2814 4447 3081 4516 ἐκφοϐεῖν,
3131 4445 3385 4515 δαίμονάς
3438 4463 3590 4509 τινας
3635 4442 3895 4516 προσφυῶς

693 4529 1084 4599 aptissimaque
1107 4533 1480 4601 appellatione,
1505 4534 1664 4586 modo
1695 4535 1913 4603 angelos
1942 4533 2032 4588 Dei
2060 4551 2122 4589 ac
2151 4538 2260 4604 spi-

2369 4541 2737 4611 ὀνομάζεσθαισ
2769 4542 2866 4601 τάς
2886 4538 2948 4606 γέ
2989 4556 3071 4590 τοι
3102 4537 3251 4600 θείας
3283 4537 3374 4590 καὶ
3403 4537 3610 4604 ἀγαθὰς
3647 4537 3890 4604 δυνάμεις.

693 4624 828 4675 litus
861 4624 1233 4684 administros,
1286 4628 1448 4679 modo
1493 4635 1717 4679 virtutes
1750 4627 1960 4681 divinas
1985 4642 2144 4696 atque
2172 4643 2258 4680 ar-

689 4715 998 4783 ebangelos,
1031 4719 1191 4771 modo
1218 4718 1338 4771 aliis
1367 4719 1631 4786 ejusmodi
1674 4719 1980 4773 nominibus
2011 4735 2132 4772 cum
2163 4735 2252 4771 va-

691 4804 785 4855 riis
805 4820 991 4860 earum
1012 4808 1203 4863 olliciis
1227 4827 1355 4866 voce
1382 4813 1493 4881 ipsa
1521 4813 1912 4867 cohaerentibus
1942 4827 2252 4880 nuncupare

696 4909 1111 4954 consueverunt.
1146 4901 1424 4959 Daemones
1479 4921 1607 4958 vero
1640 4906 1781 4974 quod
1818 4907 2030 4967 attinet,
2061 4906 2125 4974 (si
2168 4916 2250 4958 ta-

690 5001 808 5038 men
839 4987 1033 5042 horum
1067 4992 1225 5046 etiam
1262 4995 1494 5050 nominis
1522 5007 1763 5063 Oporteat
1805 4997 2131 5050 notationem
2155 5012 2250 5050 ex-

2359 4632 2545 4704 ὥσπρ
2574 4632 2667 4686 οὖν
2699 4631 2793 4684 τοῦ
2824 4630 3048 4702 τρόπου,
3077 4631 3273 4682 οὑτωσὶ
3309 4630 3364 4682 δὲ
3399 4632 3488 4683 καὶ
3513 4631 3612 4699 τῆς
3651 4640 3892 4697 προσηγοσ

2360 4727 2481 4796 ρίας
2516 4728 2614 4798 τῆς
2653 4723 2970 4794 δαιμονικῆς
3017 4723 3295 4794 ἀλλοτρίας
3337 4724 3640 4793 τυγχάνειν·
3676 4719 3786 4772 ἐπεὶ
3816 4713 3890 4766 καὶ

2359 4819 2571 4871 πάντων
2599 4818 2662 4871 ἂν
2688 4817 2772 4884 εἴη
2802 4814 3274 4885 παραλογώτατον,
3317 4817 3412 4879 τὰς
3443 4817 3578 4885 μήτε
3600 4813 3692 4880 τὴν
3723 4807 3888 4878 προαί·

2357 4926 2523 4977 ρεσιν,
2563 4910 2696 4978 μήτε
2728 4907 2826 4976 τὴν
2875 4910 2938 4958 ἐκ
2980 4907 3069 4960 τοῦ
3102 4909 3300 4979 τρόπου
3338 4907 3494 4976 φύσιν
3541 4902 3744 4974 ὁμοίας,
3783 4898 3888 4969 μιᾶς

2356 5002 2449 5053 καὶ
2478 5001 2578 5068 τῆς
2609 4999 2778 5067 αὐτῆς
2817 5001 3129 5072 ἐπωνυμίας
3156 4999 3360 5068 ἀξιοῦν.

687 5078 1048 5146 plicare,)non
1070 5082 1204 5148 jam,
1236 5093 1295 5137 ut
1321 5085 1521 5142 Graecis
1552 5090 1744 5156 placet,
1778 5087 1926 5156 παρά
1955 5088 2013 5139 τὸ
2032 5089 2266 5157 δαήμονα

2369 5088 2491 5155 ἱναι,
2526 5093 2668 5160 quod
2696 5092 3018 5148 scientesilli
3045 5096 3173 5154 sint,
3196 5093 3288 5148 sed
3317 5090 3464 5159 παρὰ
3504 5087 3566 5140 τὸ
3602 5083 3888 5158 δειμαίνειν,

686 5170 784 5224 hoc
820 5183 924 5232 est.
955 5175 1096 5242 quod
1126 5174 1350 5229 timeant
1379 5179 1546 5231 simul
1567 5194 1630 5232 ac
1660 5190 1914 5245 terreant,
1947 5182 2252 5234 daemonum
2281 5183 2378 5250 ipsi
2421 5196 2640 5250 nomen,
2663 5187 2806 5252 quod
2845 5203 2999 5244 suam
3032 5188 3085 5240 in
3138 5193 3384 5238 naturam
3429 5184 3562 5238 belle
3584 5180 3892 5237 conveniret.

683 5263 1005 5320 habuerunt.
1042 5265 1174 5320 Nam
1210 5269 1421 5325 divinas
1454 5271 1638 5339 utique
1672 5274 1946 5341 bonasque
1993 5275 2237 5334 virtutes,
2281 5276 2625 5341 utmoribus,
2666 5278 2746 5333 sic
2790 5281 2950 5335 etiam
2981 5279 3211 5332 nomine‘
3249 5277 3522 5346 sejunctas
3574 5293 3603 5332 a
3656 5269 3886 5329 daemoni-

679 5355 781 5408 bus
827 5369 944 5414 esse
983 5361 1191 5426 decuit;
1240 5361 1534 5422 absurdum
1567 5367 1710 5418 enim
1748 5383 1909 5436 supra
1948 5365 2166 5420 modum
2197 5365 2247 5418 id
2291 5364 2508 5430 fuisset,
2542 5383 2662 5436 qua:
2700 5370 2845 5424 nulla
2898 5383 3020 5424 cum
3073 5367 3138 5420 iis
3201 5381 3372 5434 neque
3417 5366 3672 5431 instituti,
3733 5373 3883 5428 neque

681 5463 892 5503 morum
934 5454 1286 5509 similitudine
1328 5455 1629 5523 conjuncta:
1660 5468 1859 5523 essent,
1899 5458 2020 5513 illas
2060 5464 2240 5510 tamen
2283 5457 2441 5511 unius
2476 5459 2830 5530 ejusdemque
2861 5473 2983 5522 cum
3014 5456 3146 5524 ipsis
3181 5457 3413 5511 nominis
3466 5456 3721 5513 societate
3773 5461 3881 5504 con-

679 5555 850 5610 jungt.
