4044 6334
167 397 263 451 εις)

683 508 1075 562 ΚΕΦΑΔΔΙΟΝ
1101 506 1188 570 q'.

172 622 281 672 Ὀτι
307 617 390 685 μὴ
413 620 512 687 ἀφ’
532 619 762 672 ἑαυτῶν
778 622 913 674 ἀλλ’
932 622 1000 674 ἐκ
1026 620 1130 673 τῶν
1165 601 1526 687 Ἑλληνικῶν
1542 638 1722 688 παρα-

231 689 449 744 θέσεων
493 692 600 754 τὰς
641 688 757 742 τῶν
799 691 1061 760 ἐλέγχων
1104 693 1430 760 μαρτυρίας
1476 693 1720 745 πιστού-

230 763 394 828 μεθα.

231 869 360 940 Φέρε
390 865 502 934 οὖν,
536 869 980 941 ἐπισκεψώμεθα,
1010 872 1093 934 τίς
1145 874 1174 923 ὁ
1226 874 1341 924 κατ’
1382 874 1574 935 αὐτοὺς
1611 873 1720 927 τῶν

174 960 497 1031 χρηστηρίων
526 961 746 1031 τρόπος,
775 962 851 1025 ὼς
887 962 950 1016 ἂν
985 963 1247 1032 μάθοιμεν
1290 965 1445 1028 ποίας
1493 965 1596 1036 χρὴ
1627 966 1717 1016 δυ-

173 1053 369 1119 νάμεως
407 1054 602 1116 αὐτοὺς
639 1054 1039 1125 ἀποφήνασθαι,
1081 1057 1173 1108 καὶ
1200 1055 1310 1108 εἴτε
1344 1057 1515 1128 ὀρθῶς
1543 1057 1719 1109 αὐτῶν

172 1148 600 1217 ἀνεχωρήσαμεν,
651 1148 761 1201 εἴτε
793 1149 885 1202 καὶ
937 1151 1035 1220 μή.
1092 1151 1153 1202 Et
1205 1151 1263 1203 δὲ
1300 1151 1544 1219 μέλλοιμι
1591 1149 1718 1219 παρ’

170 1237 390 1308 ἐμαυτοῦ
427 1241 552 1301 τοὺς
589 1239 841 1308 ἐλέγχους
884 1239 992 1291 τῶν
1031 1240 1374 1310 δηλουμένων
1405 1240 1714 1310 προφέρειν,

167 1327 226 1382 εὖ
252 1327 334 1382 οἷδ’
365 1331 444 1382 ὅτι
475 1331 597 1400 μηδ’
629 1330 986 1399 ἀνεπίληπτον
1024 1331 1244 1401 παρέξω
1272 1334 1381 1393 τοῖς
1432 1330 1718 1400 φιλεγκλή-

171 1439 286 1490 post
308 1421 392 1474 τὸν
422 1422 599 1488 λόγον.
643 1423 843 1493 Διόπερ
860 1423 1048 1484 ..αὐτὸς
1087 1422 1235 1474 οὐδὲν
1267 1421 1474 1475 οἴκοθεν
1525 1422 1713 1485 εἰπὼν,

163 1510 310 1577 αὖθις
333 1517 445 1576 ταῖς
472 1513 577 1566 τῶν
605 1513 801 1580 ἔξωθεν
826 1515 1205 1585 ἀποχρήσομαι
1231 1513 1573 1584 μαρτυρίαις.
1606 1515 1716 1566 Μυ-

168 1603 287 1671 ρὶων
310 1603 361 1655 δὲ
385 1603 551 1655 ὄντων
586 1606 710 1674 παρ’
743 1604 966 1674 Ἕλλησι
994 1603 1342 1672 λογογράφων
1365 1621 1424 1655 τε
1452 1606 1541 1656 καὶ
1566 1604 1713 1671 φιλο-

163 1695 349 1762 σόφων,
382 1695 481 1766 πρὸ
510 1696 728 1748 πάντων
747 1697 1046 1766 ἐπιτήδειον
1066 1698 1144 1757 εἰς
1170 1695 1238 1747 τὰ
1262 1695 1590 1764 προκείμενα
1626 1698 1715 1763 ἐγ-

161 1786 322 1857 κρίνω
331 1788 411 1838 τὸν
422 1788 688 1858 δαιμόνων
705 1789 852 1856 φίλον
864 1789 1023 1856 αὑτὸν
1043 1790 1267 1849 ἐκεῖνον,
1282 1787 1338 1852 ὃς
1354 1787 1416 1857 δὴ
1435 1786 1552 1839 καθ’
1567 1775 1723 1857 ἡμᾶς’

1291 398 1606 452 ΡΒᾹΞΡΑΒ.
1651 398 1900 454 ΕνΑΝϐ.
1941 395 2068 451 ΜΒ.
2102 396 2190 451 ιν.
2752 429 2754 431 -

1726 477 1731 486 ’
1751 521 1798 572 Α
2363 547 2366 549 .
2423 503 2648 557 CAPUT
2691 502 2773 556 v1.

3265 390 3372 444 250

1825 624 2253 689 Argumentorum
2277 618 2789 689 confutationumque
2813 623 3108 689 nostrarum
3140 613 3373 689 testiino-

1892 682 1980 742 nia
2014 706 2112 741 non
2170 682 2385 753 nostris,
2441 688 2529 740 sed
2581 682 2880 739 Grecorum
2914 683 3140 751 scriptis.
3181 682 3374 749 conﬁn-

1888 778 1973 813 ma
1981 776 2023 810 r1
2033 799 2045 810 .
2869 823 2876 829 _

1893 868 2005 936 Age
2036 867 2237 943 itaque,
2288 865 2565 919 videamus
2589 851 2898 933 aliquando,
2933 877 3177 932 quaenam
3230 860 3369 930 apud

1819 960 1952 1015 istos
1981 959 2321 1014 oraculorum
2354 958 2491 1010 ratio
2517 956 2698 1020 fuerit,
2729 965 2786 1010 ut
2814 956 2977 1010 simul
3009 955 3368 1023 intelligamus

1817 1051 2122 1121 cuiusmodi
2172 1052 2276 1103 vim
2311 1050 2379 1103 iis
2423 1048 2714 1102 attribuere
2747 1061 2845 1100 nos
2881 1054 3146 1114 oporteat,
3179 1060 3368 1115 quam-

1818 1159 1922 1212 que
1960 1144 2086 1211 jure
2113 1143 2194 1196 vel
2223 1158 2380 1196 secus
2412 1142 2478 1195 ab
2508 1141 2698 1194 iisdem
2730 1139 3130 1193 recesserimus.
3159 1136 3224 1190 Et
3249 1137 3369 1204 qui-

1816 1235 1936 1288 dem
1969 1236 2014 1288 si
2055 1233 2386 1303 argumentis
2421 1233 2534 1301 ipse
2566 1232 2700 1285 meis
2725 1230 2798 1295 id,
2830 1230 2973 1298 quod
3003 1244 3143 1283 nunc
3170 1229 3366 1298 agitur,

1816 1327 2077 1381 coniicere
2101 1328 2309 1389 vellem,
2341 1341 2444 1378 non
2476 1324 2606 1379 satis
2636 1324 2929 1376 immunem
2961 1331 3257 1389 tutamquv,
3284 1331 3367 1372 sat

1815 1417 1956 1476 scio,
2010 1415 2424 1484 disputationem
2476 1429 2650 1466 meam
2689 1413 2756 1465 ab
2808 1412 2956 1465 omni
3011 1411 3366 1477 litigiosorum

1758 1518 1764 1528 '
1815 1507 2094 1559 hominum
2143 1507 2561 1574 reprehensione
2604 1504 2982 1571 calumniaque
3035 1510 3364 1571 praestarem.

1814 1597 1988 1663 Quare
2026 1599 2157 1651 nihil
2186 1599 2347 1651 domo
2392 1605 2694 1666 promptum
2725 1596 2963 1659 aderam,
2992 1593 3083 1648 sed
3123 1594 3366 1648 testimo-

1814 1689 2137 1758 niis,.quod
2189 1689 2366 1743 adhuc
2416 1687 2547 1751 feci,
2582 1687 2772 1741 alienis
2800 1693 2966 1740 'utar.
3003 1684 3075 1738 Ex
3117 1685 3368 1739 omnibus

1814 1791 1990 1834 tamen
2031 1778 2232 1833 Graecis
2266 1793 2388 1832 cum
2438 1777 2729 1840 historicis,
2761 1784 2872 1829 tum
2920 1775 3083 1828 etiam
3131 1774 3366 1843 philoso-

160 1877 400 1943 γεγονὼς,
433 1882 551 1942 ταῖς
582 1879 702 1932 καθ’
756 1879 910 1949 ἡμῶν
977 1879 1405 1950 ἐλλαμπρύνεται
1448 1878 1703 1948 ψευδηγο-

1808 1869 1948 1938 phis,
1979 1869 2070 1938 qui
2115 1884 2242 1922 sane
2287 1866 2480 1920 inﬁniti
2506 1873 2652 1929 sunt,
2695 1880 2858 1918 unum
2887 1879 2995 1933 prae
3023 1864 3228 1918 ueteris
3260 1863 3368 1916 ido-

164 1967 317 2036 ρίαις.
351 1968 596 2022 Μάλιστα
628 1968 735 2039 γὰρ
772 1970 1072 2038 φιλοσόφων
1101 1964 1253 2032 οὗτος
1287 1969 1391 2022 τῶν
1421 1969 1540 2021 καθ’
1567 1971 1709 2039 ἡμᾶς

157 2057 298 2111 δοκεῖ
327 2061 413 2112 καὶ
443 2059 683 2130 δαίμοσι,
719 2063 811 2113 καὶ
841 2055 923 2123 οἷς
981 2077 1114 2130 φησι
1162 2062 1302 2123 θεοῖς
1354 2061 1708 2134 ᾡμιληκέναι,

157 2146 298 2216 ὑπέρ
326 2166 378 2200 τε
409 2149 612 2202 τούτων
665 2149 1020 2218 πρεσϐεῦσαι,
1059 2150 1151 2201 καὶ
1208 2149 1386 2218 πολλῷ
1423 2150 1617 2218 μᾶλλον
1647 2151 1712 2204 τὰ

156 2239 284 2308 παρ’
315 2240 510 2291 ἑαυτῶν
546 2251 569 2279 θ
619 2240 1007 2312 ἀκριϐέστερον
1052 2240 1482 2316 διηρευνηκέναιἶ
1547 2235 1710 2304 Οὗτος

157 2331 425 2401 τοιγαροῦν
449 2333 504 2382 έν
538 2326 620 2392 οἷς
646 2331 922 2401 ἐπέγραψε
958 2333 1085 2402 περὶ
1113 2333 1209 2401 τῆς
1242 2333 1304 2383 ὲκ
1343 2331 1532 2398 λογίων
1567 2333 1712 2399 φιλο-

156 2419 370 2486 σοφίας,
425 2421 744 2489 συναγωγὴν
818 2423 1109 2490 ἐποιήσατο
1180 2425 1439 2491 χρησμῶν
1498 2421 1588 2474 τοῦ
1652 2441 1707 2474 τε

165 2510 479 2574 ’Λπόλλωνος
533 2513 628 2564 καὶ
670 2511 774 2563 τῶν
809 2501 1009 2564 λοιπῶν
1053 2511 1191 2564 θεῶν
1231 2529 1290 2563 τε
1345 2515 1439 2564 καὶ
1491 2513 1708 2580 ἀγαθῶν

153 2601 425 2672 δαιμόνων·
454 2604 547 2667 οὓς
584 2605 678 2656 ml.
735 2604 964 2675 μάλιστα
994 2603 1348 2674 ἐκλεξάμενος
1379 2603 1552 2676 αὐτῷ’
1575 2606 1710 2676 ἡγή-

152 2710 283 2746 σατο
312 2695 516 2758 ἱκανοὺς
543 2692 678 2749 εἶναι
707 2695 786 2758 εἷς
832 2714 889 2748 τε
940 2696 1213 2760 ἀπόδειξιν
1262 2697 1358 2766 τῆς
1399 2695 1503 2748 τῶν
1535 2695 1708 2748 θεολο-

160 2785 415 2853 γουμένων
437 2785 656 2856 ἀρετῆς,
693 2786 771 2849 εἷς
830 2804 887 2838 τε
921 2785 1232 2856 προτροπὴν
1277 2787 1398 2851 τῆς,
1456 2787 1528 2849 ὡς
1564 2786 1708 2856 αὑτῷ

151 2877 295 2945 φίλον
316 2870 613 2944 ὀνομάζειν,
650 2880 950 2948 θεοσοφίας.
1000 2880 1092 2931 Ἐκ
1138 2879 1201 2949 δὴ
1254 2880 1455 2932 τούτων
1489 2898 1706 2951 τοιγαρ-

152 2966 239 3018 οῦν
267 2965 364 3016 τῶν
397 2968 754 3039 ἐκκριθέντων
802 2969 895 3020 καὶ
921 2970 1138 3039 μνήμης
1159 2969 1492 3034 ἀξιωθέντων
1513 2970 1705 3038 λογίων

151 3057 590 3127 διακρῖναικαλὺν
622 3059 746 3122 τοὺς
788 3060 1216 3129 χρησμολόγους,
1265 3061 1358 3111 καὶ
1407 3059 1703 3128 σκέψασθαι

1812 1976 1971 2014 neum
2006 1963 2146 2014 hanc
2181 1961 2236 2014 in
2285 1974 2396 2013 rem
2433 1957 2673 2012 futurum
2727 1956 2878 2009 illum
2909 1955 3115 2024 putavi,
3176 1954 3267 2024 qui
3313 1945 3367 2006 et

1810 2056 2114 2128 daemonum
2171 2053 2536 2118 amicus'l'uit,
2569 2061 2622 2109 et
2677 2061 2856 2106 nostra
2909 2060 3065 2104 aetate
3121 2050 3269 2110 vixit,
3313 2058 3366 2102 et

1811 2145 2133 2214 prmcipuum
2153 2147 2252 2200 sibi
2271 2147 2435 2200 decus
2469 2145 2712 2199 instituto
2748 2153 2929 2198 nostro
2957 2141 3108 2214 143
3144 2140 3364 2194 menda-

1810 2238 2024 2292 cissime
2056 2239 2386 2313 traducendo
2409 2238 2675 2306 quaesivit.
2703 2236 2989 2290 Enimvero
3017 2233 3364 2304 philosophos

1810 2334 1971 2393 inter,
2003 2333 2093 2402 qui
2132 2341 2309 2385 nostra
2354 2330 2612 2385 memoria
2647 2329 2970 2391 ﬂoruerunt,
3007 2326 3219 2380 videtur
3269 2325 3365 2379 iste

1813 2426 2100 2478 maximam
2130 2439 2250 2477 cum
2295 2423 2649 2487 daamonihus,
2693 2437 2832 2490 quos
2867 2421 2979 2489 ipse
3006 2421 3136 2473 deos
3187 2419 3363 2471 nomi-

1810 2525 1920 2578 nat,
1966 2514 2410 2569 consuetudinem
2447 2513 2651 2578 iniisse,
2685 2519 2903 2566 causam
2938 2503 3123 2564 eorum
3157 2510 3362 2563 studio-

1808 2606 2020 2659 sissime
2041 2606 2366 2672 defendisse,
2391 2613 2444 2660 et
2467 2605 2725 2675 quidquid
2747 2604 2812 2658 ad
2840 2605 3078 2673 ipsorum
3111 2611 3359 2656 naturam

1807 2713 1870 2750 ac
1899 2697 2183 2766 religiones
2209 2698 2526 2767 pertinebat,
2555 2698 2713 2767 longe
2748 2697 2990 2750 omnium
3018 2695 3363 2749 accuratissi-

1811 2806 1892 2842 me
1924 2789 2145 2842 rimatus
2185 2805 2326 2844 esse.
2371 2787 2468 2842 ilic
2493 2789 2654 2858 igitur
2680 2790 2733 2842 in
2763 2789 2849 2850 iis,
2881 2803 3000 2857 quae
3031 2787 3096 2842 de
3123 2788 3363 2856 philoso-
3405 2807 3408 2810 ·

1807 2881 1927 2948 phia
1979 2897 2042 2933 ex
2081 2873 2316 2935 oraculis
2346 2880 2538 2934 hausta
2568 2880 2910 2948 conscripsit,
2957 2878 3210 2948 pleraque
3246 2889 3356 2931 tum

1804 2972 2084 3039 Apollinis,
2119 2980 2229 3026 tum
2261 2981 2576 3026 cazterorum
2601 2987 2817 3040 quoque
2845 2970 3065 3025 deorum
3101 2986 3163 3024 ac
3197 2970 3361 3024 bono-

1807 3079 1922 3116 rnm
1951 3065 2254 3118 daemonum
2294 3080 2550 3133 responsa
2585 3065 2820 3135 collegit,
2848 3078 3079 3134 quorum
3116 3063 3219 3117 tide
3253 3079 3357 3115 non

153 3149 300 3211 ποίας
327 3151 449 3202 ποτὲ
479 3149 636 3214 ὄντες
669 3153 985 3221 τυγχάνουσι
1026 3153 1322 3221 δ’ρνάμεως.
1382 3150 1599 3222 Πρῶτον
1647 3153 1701 3204 δὲ

1803 3169 1990 3208 eorum
2044 3170 2163 3210 sese
2223 3158 2404 3222 modo,
2448 3157 2644 3226 quibus
2678 3157 3008 3211 divinitatem
3041 3156 3356 3216 attribuunt,

151 3237 475 3308 θεασώμεθα,
512 3211 659 3303 ὅπως
821 3243 1036 3313 γραφῆς
1064 3211 1101 3296 ’ό
1151 3211 1406 3313 δηλωθεὶς
1429 3211 1566 3314 ἀνὴρ
1600 3244 1700 3314 ἀρ-

1806 3246 1908 3298 vim
1943 3261 2007 3300 ac
2041 3254 2372 3316 potestatem
2417 3249 2720 3310 ostendere,
2772 3248 2862 3303 sed
2906 3248 3066 3300 etiam
3111 3247 3358 3299 homines

152 3330 363 3399 χόμενος
409 3326 443 3400 ἦ
505 3332 612 3401 μὴν
666 3331 946 3401 ἀληθεύειν
1010 3335 1329 3406 ἐπόμνυται,
1390 3334 1562 3405 λέγων
1611 3335 1699 3389 οὖ-

1804 3338 1869 3390 ad
1908 3336 2119 3400 divinae,
2152 3339 2226 3392 uti
2259 3354 2452 3393 vocare
2476 3350 2640 3401 amat,
2692 3340 2968 3408 sapientiae
2996 3339 3232 3393 studium
3264 3353 3355 3393 ex-

151 3437 267 3481 τως-
1803 3429 1968 3483 citare
2012 3444 2171 3499 posse
2222 3430 2530 3485 conﬁderet.
2581 3429 2817 3500 Equum
2863 3431 3042 3500 itaque
3084 3429 3262 3495 fuerit,
3291 3444 3354 3482 ex

152 3513 231 3577 iis,
260 3531 372 3583 qua:
406 3525 658 3585 tanquam
687 3520 945 3573 memoria
978 3521 1294 3589 dignissima
1337 3521 1544 3590 selegit,
1604 3522 1836 3576 oraculis
1902 3522 1968 3576 de
2009 3537 2194 3577 eorum
2249 3524 2559 3579 auctoribus
2611 3523 2899 3594 prudenter
2960 3522 3234 3592 judicare,
3282 3531 3355 3587 et,

150 3608 440 3678 cujusmodi
488 3620 749 3680 potestate
777 3615 884 3667 sint
929 3616 1156 3682 priediti,
1213 3616 1523 3685 diligentius
1591 3617 1881 3686 inquirere.
1935 3615 2040 3672 Sed
2092 3620 2581 3676 animadvertamus
2629 3621 2681 3674 in
2728 3620 2937 3690 primis,
2991 3620 3364 3690 {quemadmo-

151 3700 267 3752 dum
316 3702 427 3770 ipso
455 3703 634 3757 statim
665 3704 840 3774 cperis
869 3703 1022 3758 initio
1055 3721 1181 3759 vera
1225 3722 1282 3760 se
1316 3706 1582 3760 dicturum
1637 3706 1882 3761 laudatus
1927 3709 2158 3778 scriptor
2197 3710 2550 3783 jurejurando
2592 3713 2892 3780 conﬁrmet,
2956 3713 3038 3767 his
3100 3721 3352 3781 concepto
3414 3752 3415 3755 η

151 3797 330 3853 verbis.

660 3897 1053 3951 ΚΕΦΑΛΑῙΟΝ
1087 3899 1159 3949 Z'.

153 4006 276 4072 Περὶ
308 4009 423 4060 τῶν
450 4009 600 4063 κατὰ
625 4009 935 4079 χρησμοὺς
964 4006 1314 4079 ἀπορῤῄτων
1341 4008 1407 4058 ἐκ
1435 4005 1540 4079 τῆς
1575 4009 1695 4063 Ἐλ-

211 4078 453 4145 ληνικῆς
510 4077 921 4148 παραθέσεως,
981 4079 1075 4131 καὶ
1133 4077 1309 4145 ὅρκος
1383 4077 1513 4144 περὶ
1576 4079 1692 4131 τῶν

214 4149 508 4216 χρησμῶν,
532 4151 600 4202 ἐκ
630 4149 747 4203 τῶν
777 4149 1132 4219 Πορφυρίου.

221 4274 237 4306 ι
261 4257 474 4322 Βὲϐαιος
511 4259 623 4329 (29)
655 4259 710 4314 δὲ
742 4261 838 4313 καὶ
873 4261 1095 4332 μόνιμος
1146 4260 1174 4310 ὁ
1234 4258 1496 4322 ἐντεῦθεν,
1522 4259 1597 4323 ὡς
1627 4259 1692 4313 ἂν

155 4345 208 4396 ἐκ
234 4346 383 4416 μόνου
419 4348 634 4417 βεϐαίου
671 4351 768 4415 τὰς
806 4352 1022 4415 ἐλπίδας
1077 4350 1168 4403 τοῦ
1233 4349 1463 4419 σωθῆναι
1502 4351 1692 4419 ἀρυτό-

158 4451 316 4502 μενος,
346 4432 422 4502 ο’ς
476 4440 538 4510 δὴ
579 4443 673 4494 καὶ
726 4442 1047 4512 μεταδώσεις
1082 4443 1243 4513 μηδὲν
1279 4441 1686 4511 ὑφαιρούμενος.

2393 3897 2619 3953 CAPUT
2653 3897 2761 3954 Vll.

1799 4006 1874 4060 De
1911 4006 2102 4059 abditis
2156 4006 2489 4059 oraculorum
2534 4010 2742 4074 arcanis
2787 4022 2852 4059 ea:
2882 4007 3007 4074 ipsis
3052 4003 3349 4059 Graecorum

1869 4078 2223 4139 monimentis,
2275 4093 2390 4129 cum
2446 4071 2791 4140 jurejurando
2873 4071 2927 4130 in
2973 4092 3145 4129 eorum
3196 4077 3348 4145 ﬁdem

1871 4156 2173 4216 nuncupata
2201 4164 2218 4200 :
2245 4163 2308 4201 ea:
2337 4147 2617 4217 Porphyrii
2639 4149 2866 4216 scriptis.

1875 4279 1894 4312 ι
1936 4259 2245 4316 Constantis
2259 4261 2441 4329 utique
2465 4268 2547 4314 est
2570 4258 2858 4329 solidaeque
2885 4257 3169 4320 ﬁrmitatis,
3194 4257 3346 4326 quis-

1797 4355 1920 4423 quis
1979 4355 2102 4407 inde
2150 4363 2403 4423 tanquam
2449 4369 2512 4406 ex
2551 4368 2635 4419 eo,
2692 4352 2833 4422 quod
2900 4350 3130 4405 solidum
3181 4365 3345 4403 unum

1797 4455 1899 4510 est,
1950 4462 2095 4516 spem
2128 4460 2238 4500 suae
2283 4445 2471 4499 salutis
2505 4444 2684 4497 haurit
2723 4460 2735 4495 :
2763 4442 3064 4512 cujusmodi
3095 4457 3220 4497 cum
3251 4443 3346 4495 ho--

168 4531 299 4584 Ἐπεὶ
324 4531 472 4598 κάγώ
495 4549 546 4584 τι
571 4533 724 4596 θεοὺς
741 4535 1106 4606 μαρτύρομαι,
1124 4536 1196 4597 ὡς
1223 4534 1366 4587 οὐδὲν
1382 4532 1502 4585 οὒτε
1529 4550 1692 4603 προσ-

1802 4538 2033 4591 minibus
2055 4526 2644 4589 oraculorum'iStorum
2669 4535 2986 4602 sapientiam
3005 4532 3342 4588 communica

157 4623 369 4688 τέθεικα,
428 4622 551 4676 οὔτε
603 4625 818 4694 ἀφεῖλον
877 4626 987 4679 τῶν
1026 4626 1363 4698 χρησθέντων
1389 4625 1690 4693 νοημάτωνσ

159 4716 197 4766 εί
231 4718 294 4788 μή
325 4735 421 4769 που
444 4716 585 4780 λέξιν
607 4717 999 4787 ἡμαρτημένην
1038 4716 1339 4787 διώρθωσα,
1376 4717 1406 4786 ἣ
1441 4715 1575 4784 πρὸς
1634 4715 1693 4780 τὸ

159 4808 463 4878 σαφέστερον
490 4806 886 4878 μεταϐέϐληκα,
915 4804 948 4874 η
977 4806 1036 4858 τὸ
1072 4807 1266 4876 μέτρον
1307 4806 1544 4859 ἐλλεῖπον
1574 4806 1691 4857 ἀνε-

160 4894 414 4968 πλήρωσα,
443 4899 476 4969 ἡ
501 4915 553 4951 τι
575 4899 682 4952 τῶν
717 4897 788 4969 μὴ
822 4897 965 4968 πρὸς.
987 4896 1084 4966 τὴν
1114 4898 1369 4967 πρόθεσιν
1403 4898 1692 4950 συντεινόν-

158 5002 248 5037 των
276 4988 550 5061 διέγραψα.
595 4992 680 5053 Ὠς
711 4991 799 5043 τόν
827 5006 884 5042 τε
915 4989 1036 5042 νοῦν
1069 4989 1338 5062 ἀκραιφνῆ
1369 4991 1474 5045 τῶν
1502 4989 1689 5059 ρηθέν-

220 5128 242 5155 ι
277 5118 355 5172 ῖσ.
386 5120 584 5190 αὐτῶν.

223 5250 315 5321 (29)
353 5252 611 5335 Βέξῡίιιος·ἶ
642 5254 955 5338 ,Μοηιξιοιιιπ
984 5257 1369 5380 ᾼιςεποφγωιη
1402 5259 1682 5328 quemdam

223 5323 448 5380 Idai.(]lll
494 5332 685 5380 eamus
732 5325 894 5380 huius
942 5339 1153 5380 mutum
1216 5340 1413 5380 egerat.
1453 5329 1682 5380 ϐεϐαίοις

158 5320 333 5400 laudat,
357 5324 448 5391 qui
477 5324 691 5400 ‘eapitis
732 5325 894 5400 huius
942 5320 1153 5400 initium
1189 5320 1429 5400 legerat;
1452 5329 1686 5400 βεϐαίοις

157 5391 337 5469 eam
369 5391 632 5469 μονίμοις,
662 5394 737 5469 ῶς
766 5391 832 5448 ἂν
856 5395 921 5450 ἐκ
943 5397 1042 5469 τῇς
1069 5398 1176 5452 τῶν
1204 5391 1339 5452 θέῶν
1359 5391 1685 5469 ἀγάθότητος

160 5441 347 5543 εἶέέἓξ
369 5441 430 5543 ἓῖ
447 5441 1054 5543 ’ἕρξὸμὶὖοῐέζὶὶτῐάὲἶο
1080 5441 1682 5543 ⁷3⁷ςὲᾳῖἓὲὶέὢὲξῖὶῖτὲἔέ

160 5534 459 5605 μεταδιδοὺς,
491 5533 1107 5605 ταῦτα-παραθήσομαι,
1151 5533 1276 5603 ’ριίο
1334 5533 1386 5593 in
1434 5533 1680 5600 lectione,

161 5601 342 5676 saltem,
377 5602 706 5674 μεταδιδούῖ
727 5601 1042 5658 mutandum
1093 5601 1304 5661 videtur
1359 5611 1411 5661 in
1466 5626 1682 5676 προστι-

163 5665 270 5749 θείς.
309 5665 698 5749 ιιιόρροηειιιι·
753 5676 1065 5749 praecedenti
1095 5665 1678 5749 ὑφαιρούμενος-Λίβυ-

161 5744 235 5801 (illi
284 5744 752 5816 pugnabuntlpista,
795 5744 1017 5816 μηδενὸς
1067 5744 1400 5815 μεταδιδόναι
1428 5758 1478 5800 et
1507 5747 1672 5799 ταῦτα

166 5812 540 5878 παρατίθεσθαι.
575 5812 866 5886 Vulgatath
891 5812 1169 5872 lectionem
1205 5819 1432 5874 retinere
1465 5818 1669 5882 malim,

1796 4632 1940 4684 nulla
1971 4629 2051 4683 sui
2082 4635 2231 4696 parte
2254 4627 2605 4679 decurtatam.
2639 4623 2846 4679 Etenim
2873 4627 3000 4680 deos
3022 4627 3133 4694 ipse
3153 4632 3341 4686 testor,

1795 4723 1926 4778 nihil
1963 4722 2058 4776 abs
2100 4734 2183 4772 me
2227 4719 2308 4772 vel
2344 4732 2724 4787 responsorum
2758 4718 2824 4771 ad
2863 4725 3093 4771 mentem
3125 4731 3187 4769 ac
3219 4732 3342 4770 sen-

1793 4816 2010 4869 tentiam
2048 4810 2309 4874 additum,
2352 4810 2430 4863 vel
2474 4824 2539 4864 ex
2579 4825 2641 4863 ea
2668 4809 2963 4862 detractum
2999 4806 3194 4872 fuisse;
3238 4809 3340 4863 nisi

1792 4907 1932 4961 forte
1951 4905 2118 4960 sicubi
2160 4913 2250 4956 aut
2277 4903 2520 4957 voculam
2552 4914 2737 4954 errore
2763 4900 3004 4952 vitiatam
3035 4902 3336 4962 emendavi,

1791 5009 1882 5054 aut
1907 4996 2126 5068 majoris
2142 4993 2536 5066 perspicuitatis
2556 4983 2751 5061 gr‘a'tria
2779 4991 3069 5048 illustriore
3098 5009 3338 5048 cominu-

1787 5270 1945 5337 cujus
1981 5267 2238 5322 sententia
2270 5267 2347 5320 sic
2375 5282 2402 5319 a
2431 5265 2821 5334 superioribus,
2846 5266 2952 5320 hoc
2974 5266 3090 5318 loco
3121 5273 3338 5332 prater-

1790 5341 1990 5403 missis,
2045 5337 2254 5406 pendet,
2285 5345 2347 5391 ut
2397 5345 2575 5392 tamen
2622 5337 2851 5406 alterum
2903 5351 3114 5404 ιιυυιιιιθ
3170 5351 3337 5389 mem-

1785 5409 1941 5464 brum
1975 5405 2053 5464 ex'
2076 5408 2173 5461 hoc
2206 5421 2313 5477 uno
2339 5406 2559 5477 intelligi
2588 5405 2841 5477 perfacile
2872 5407 3070 5477 possit;
3123 5408 3333 5477 tametsi

1787 5479 2126 5538 reddiderim,
2175 5474 2396 5545 perinde
2431 5471 2556 5531 utsi
2588 5471 2807 5545 βέὸαιος
2842 5471 2926 5545 δῆ,
2977 5491 3081 5528 non
3124 5475 3334 5544 βὲὅαιος
3403 5471 3427 5490 ⁶

1783 5550 1860 5612 δέ,
1898 5543 2188 5617 legeretur;
2211 5546 2362 5611 Quod
2418 5543 2791 5617 εειιυίιὶιι·,οἷς
2829 5543 2912 5615 δή,
2974 5543 3332 5617 ιιίὶιὶίοῠδιτιι
3369 5601 3379 5610 _

1782 5620 2070 5687 quominus
2100 5616 2309 5685 βέϐαιος
2336 5615 2559 5685 legatur.
2604 5617 2880 5687 Eleganter
2904 5615 3046 5668 enim
3074 5626 3126 5669 et
3157 5618 3329 5685 gravi-

1783 5686 1859 5742 ter
1906 5691 1990 5742 bic
2037 5689 2346 5755 singularis,
2377 5703 2729 5756 quoscunque
2771 5686 2820 5739 id
2865 5701 3032 5755 genus
3084 5687 3325 5740 homines

1779 5759 2166 5829 complectitur.
3245 5760 3247 5762 ’
