4044 6334
148 450 249 505 257

1268 450 1588 507 ΡΒΑΞΡΑἎ.
1631 449 1877 505 ΕνΑΝο.
1918 448 2043 504 LIB.
2081 447 2169 503 IV.

3249 453 3354 509 258

148 572 285 631 θεοῖς
336 571 649 641 προσφιλές.
695 571 875 624 Ταῦτα
914 571 1105 639 λέγων,
1155 570 1309 640 δῆλος
1360 569 1424 621 ἂν
1476 568 1558 639 εἴη
1618 568 1695 620 τδη

1810 566 1967 631 sima,
1994 582 2265 636 quamque
2300 576 2359 621 ut
2406 568 2695 637 impietatis
2740 580 2793 623 et
2839 570 2986 624 exitii
3018 570 3226 640 plenam
3262 571 3357 624 de-

148 662 343 715 ἑαυτοῦ
389 663 519 717 Θεὸν
558 662 898 734 ἀπελέγχων·
946 660 1297 733 προστάττειν
1340 658 1447 729 γὰρ
1504 657 1695 729 ἀρτίως

1806 659 1988 711 testari
2037 673 2228 712 omnes
2287 661 2662 728 exsecrarique
2708 660 2971 728 debeant;
3028 664 3184 730 longe
3232 677 3357 731 pro-

148 757 313 824 ἔφησε
370 757 466 808 τὸν
529 756 771 826 χρησμὸν
830 756 901 825 μὴ
963 755 1119 823 μόνον
1193 756 1303 815 τοῖς
1378 752 1705 821 ὑποχθονίοις

149 846 309 909 θεοῖς,
337 845 480 898 ἀλλὰ
517 848 611 899 καί
646 850 757 908 τοῖς
798 846 1017 917 ἀερίοις,
1046 844 1313 916 οὐρανίοις
1344 860 1403 895 τε
1430 845 1521 895 καὶ
1559 843 1705 895 αίθε-

150 937 281 1004 ρίοις
311 934 432 1000 ζῶα
457 935 623 989 θύειν.
657 937 763 989 Καὶ
784 937 812 988 ὁ
840 936 937 1006 μὲν
989 934 1253 987 Ἀπόλλων
1289 932 1437 985 τοια⁷
1444 950 1511 984 τα
1531 948 1544 961 ο
1582 932 1611 983 ὁ
1647 930 1702 983 δὲ

152 1026 235 1079 τὸν
277 1024 627 1096 Θεόφραστον
677 1026 1099 1095 μαρτυρόμενος,
1144 1024 1283 1086 θεοῖς
1317 1024 1411 1093 μὲν
1440 1021 1500 1074 οὐ
1540 1038 1701 1090 φησιν

147 1115 409 1185 ἁρμόζειν
448 1115 544 1187 τὴν
570 1114 658 1169 διὰ
706 1115 856 1178 ζώων
888 1114 1097 1176 θυσίαν,
1143 1114 1360 1184 δαίμοσι
1397 1112 1454 1165 δὲ
1498 1114 1695 1181 μόνοις·

147 1203 281 1256 ὥστε
312 1204 462 1258 κατὰ
491 1204 580 1257 τὸν
609 1202 772 1256 αὐτοῦ
806 1204 899 1256 καὶ
928 1203 1269 1273 Θεοφράστου
1298 1202 1451 1270 λόγον
1476 1201 1699 1270 δαίμονα

147 1291 301 1359 εἶναι,
334 1295 453 1349 ἀλλ’
479 1296 541 1349 οὐ
579 1295 699 1348 θεὸν
730 1296 820 1347 τὸν
858 1295 1161 1347 Ἀπόλλωνα
1183 1312 1196 1324 ·
1225 1295 1285 1346 οὐ
1312 1295 1417 1365 μὴν
1445 1293 1579 1346 ἀλλὰ
1608 1295 1700 1347 καὶ

146 1388 353 1449 πάντας
400 1388 527 1449 τοὺς
569 1384 719 1458 παρὰ
751 1387 880 1439 πᾶσι
914 1389 1026 1449 τοῖς
1069 1385 1243 1438 ἔθνεσι
1286 1385 1699 1454 νενομισμένους

146 1478 316 1541 θεοὺς,
342 1475 427 1540 οἷς
449 1478 547 1540 τὰς
568 1478 655 1531 διὰ
686 1476 837 1541 ζώων
870 1476 1058 1539 θυσίας
1086 1477 1350 1547 πανδημεὶ
1382 1478 1578 1538 πάντες
1600 1477 1697 1547 ἄρ-

144 1568 325 1636 χοντές
357 1584 420 1620 τε
454 1568 548 1621 καὶ
581 1567 869 1637 ἀρχόμενοι
899 1567 1039 1620 κατά
1069 1583 1128 1619 τε
1162 1565 1341 1628 πόλεις
1381 1566 1471 1618 καὶ
1516 1565 1697 1636 χώρας
1736 1640 1741 1645 λ

143 1658 452 1711 ἐκτελοῦσι·
488 1659 709 1722 τούτους
729 1659 835 1729 γὰρ
864 1658 969 1711 οὐδ’
995 1657 1120 1712 ἄλλο
1144 1673 1194 1709 τι
1232 1657 1515 1726 τυγχάνειν
1544 1658 1694 1726 ἠγεῖ-

143 1744 261 1798 σθαι
301 1747 411 1816 χρὴ
444 1746 584 1800 κατὰ
623 1746 749 1809 τοὺς
778 1747 1095 1818 εἰρημένους
1135 1746 1168 1816 ἢ
1217 1745 1489 1817 δαίμονας.
1536 1746 1596 1797 Ei
1637 1745 1694 1798 δὲ

142 1835 375 1902 ἀγαθοὺς
406 1831 539 1888 εἶναι
569 1852 728 1904 φασιν
757 1837 973 1898 αὐτοὺς,
1005 1834 1099 1889 καὶ
1125 1834 1261 1898 πῶς,
1296 1835 1451 1904 εἴπερ
1485 1834 1693 1896 ἀνόσιος

230 1928 325 1979 καὶ
354 1894 592 1998 -μυσαρᾶ
634 1928 727 1980 καὶ
754 1894 1046 1997 ἐπιϐλαϐὴς
1085 1927 1118 1995 ἡ
1152 1894 1481 1995 δι’ναίμάτων
1502 1894 1687 1987 θυσία,
1724 1894 1765 1951 Β

142 2016 330 2083 ἀγαθοὶ
363 2017 429 2071 ἂν
460 2013 567 2070 εἷεν
596 2018 645 2069 οί
674 2020 785 2081 τοῖς
816 2016 1036 2070 τοιοῖσδε
1068 2016 1384 2087 χαίροντες;
1419 2016 1481 2068 El
1515 2015 1571 2067 δὲ
1601 2016 1693 2067 καὶ

144 2110 213 2178 μὴ
258 2110 453 2178 μόναις
484 2111 604 2172 ταῖς
635 2107 903 2170 τοιαύταις
931 2106 994 2177 δὴ
1025 2106 1255 2172 θυσίαις,
1299 2105 1419 2159 καθ’
1463 2105 1693 2177 ὑπερϐο-

140 2200 230 2269 λὴν
268 2199 326 2252 δὲ
353 2199 633 2269 ὠμότητος
662 2199 755 2252 καὶ
779 2198 1165 2267 ἀπανθρωπίας
1197 2200 1380 2266 φανεῖν
1401 2196 1693 2265 ἀνδροκτα-

143 2286 277 2349 σίαις
310 2288 408 2340 καὶ
450 2286 915 2359 ὰνθρωποθυσίαις
951 2286 1219 2355 ἡδόμενοι,
1267 2285 1382 2349 πῶς
1415 2286 1512 2336 οὐκ
1550 2285 1693 2338 άντι-

139 2392 267 2443 κρυς
320 2372 432 2430 εἷεν
475 2375 541 2430 ἂν
592 2374 880 2447 μιαιφόνοι,
929 2374 1019 2425 καὶ
1066 2375 1242 2445 πάσης
1279 2372 1556 2443 ὠμότητος
1598 2371 1691 2424 καὶ

138 2468 526 2540 ἀπανθρωπίας
552 2469 759 2530 οίκεῖοι,
788 2468 879 2520 καὶ
909 2464 1057 2519 οὐδὲν
1091 2464 1217 2519 ἄλλο
1243 2464 1276 2535 ἢ
1318 2466 1541 2535 πονηροὶ
1573 2465 1690 2517 δαί-

145 2576 332 2632 μονοεςς
384 2558 600 2612 Τούτων
650 2558 708 2611 δὲ
750 2561 879 2629 ἡμῖν
923 2557 1020 2628 τὴν
1066 2554 1340 2623 ἀπόδειξιν
1379 2554 1687 2625 εἰληχότων,

141 2645 285 2720 οἶμαι
305 2651 406 2722 τῆς
430 2650 701 2721 ἡμετέρας
724 2652 787 2703 ἐκ
808 2648 913 2701 τῶν
935 2648 1273 2720 δηλουμένων
1297 2647 1691 2719 ἀναχωρήσεως

140 2742 197 2793 τὸ
239 2741 466 2811 εὔλογον
502 2741 869 2797 ἀποδεδόσθαι.
903 2742 994 2814 Μὴ
1032 2742 1140 2811 γὰρ
1190 2735 1328 2792 εἶναι
1360 2739 1525 2801 ὅσιον,
1568 2736 1689 2807 μηδ’

142 2834 378 2898 εὐσεϐὲς,
400 2832 474 2905 μὴ
493 2834 575 2887 ὃτι
598 2834 696 2906 τὴν
720 2834 812 2888 τοῦ
834 2833 965 2887 Θεοῦ
990 2832 1279 2902 σεϐάσμιον
1299 2829 1687 2902 προσηγορίαν,

143 2922 232 2974 καὶ
267 2924 371 2995 τὴν
415 2922 673 2977 ἀνωτάτω
713 2922 876 2993 τιμὴν
916 2924 1007 2975 ἐπὶ
1041 2921 1112 2975 τὰ
1151 2920 1363 2992 πονηρὰ
1405 2919 1687 2988 πνεύματα

144 3012 516 3077 καταϐάλλειν,
564 3012 698 3065 ἀλλὰ
743 3011 877 3083 μηδὲ
928 3010 1021 3063 τοῦ
1062 3010 1192 3079 παρ’
1241 3006 1545 3080 ἀνθρώποις
1589 3010 1688 3079 τὴν

144 3102 407 3172 βασίλειον
437 3104 742 3175 ἐπιειμένον
768 3101 920 3167 ἀξίαν
942 3101 1164 3175 λῃσταῖς
1198 3100 1289 3152 καὶ
1311 3097 1687 3169 τυμϐωρύχοις

145 3192 497 3261 περιτιθέναι.
546 3191 705 3246 Ὅθεν
741 3193 899 3265 ἡμεῖς
930 3190 1085 3261 μόνον
1106 3187 1197 3239 τὸν
1230 3185 1321 3237 ἐπὶ
1355 3186 1570 3280 πάντων
1596 3184 1686 3236 σέ)-
1715 3224 1756 3280 C

143 3282 252 3336 σειν
279 3283 650 3354 δεδιδαγμένοι
684 3282 836 3347 Θεὸν,
872 3282 1034 3352 τιμᾷν
1073 3297 1129 3333 τε
1165 3279 1304 3332 κατὰ
1327 3275 1387 3329 τὸ
1418 3278 1689 3347 προσῆκον

146 3377 232 3429 καὶ
260 3376 360 3438 τὰς
389 3374 525 3444 ἄμφ’
546 3374 706 3428 αὐτὸν
742 3373 1005 3441 θεοφιλεῖς
1027 3387 1086 3423 τε
1118 3370 1210 3424 καὶ
1238 3368 1510 3439 μακαρίας
1534 3368 1691 3423 δυνά-

149 3482 282 3535 μεις,
311 3466 465 3519 οὐδὲν
495 3464 593 3535 μὲν
622 3463 821 3532 γεῶδες
843 3464 936 3516 καὶ
961 3463 1169 3531 νεκρὸν,
1198 3460 1320 3513 οὐδὲ
1344 3459 1571 3529 λύθρους
1598 3462 1684 3512 καὶ

144 3558 361 3628 αἵματα,
401 3555 519 3610 οὐδέ
539 3572 591 3608 τι
614 3555 713 3625 τῆς
737 3550 977 3626 φθαρτῆς
1008 3555 1102 3607 καὶ
1128 3553 1317 3623 ὑλικῆς
1340 3553 1525 3631 οὐσίας
1558 3557 1691 3606 ἑπα-

144 3649 362 3718 γόμεθα’
396 3648 475 3719 νῷ
506 3648 563 3700 δὲ
592 3647 770 3717 πάσης
803 3641 1192 3715 κεκαθαρμένῳ
1228 3642 1425 3706 κακίας
1462 3644 1555 3695 καὶ
1582 3642 1687 3694 σώ-

147 3758 271 3808 ματι
299 3742 394 3793 τὸν
420 3739 477 3806 εξ
501 3739 717 3807 ἁγνείας
746 3738 838 3793 καὶ
875 3734 1223 3805 σωφροσύνης
1252 3734 1476 3805 κόσμον,
1510 3736 1688 3803 πάσης

144 3830 516 3902 λαμπρότερον
556 3831 682 3882 ὅντα
725 3828 911 3898 στολῆς
954 3824 1417 3907 περιϐεϐλημένῳ,
1459 3823 1687 3893 δόγμασί

144 3940 199 3975 τε
226 3924 406 3993 ὀρθοῖς
436 3923 530 3975 καὶ
554 3920 872 3992 θεοπρεπέσι
908 3919 1002 3973 καὶ
1040 3917 1147 3983 ἰπὶ¹
1166 3920 1301 3971 πᾶσι
1329 3918 1537 3979 τούτοις
1576 3916 1689 3969 δια-

145 4012 283 4065 θέσει
319 4012 520 4083 γνησίᾳ.
555 4011 654 4081 τὴν
698 4010 801 4063 ὑπὸ
835 4009 928 4061 τοῦ
962 4008 1211 4079 Σωτῆρος
1253 4006 1410 4077 ἡμῶν
1450 4005 1686 4077 παραδο-

144 4103 319 4158 θεῖσαν
344 4100 622 4156 εὐσέϐειαν
654 4099 813 4173 μέχρι
852 4102 945 4155 καὶ
966 4099 1201 4154 θανάτου
1230 4097 1516 4167 φυλάττειν
1536 4094 1688 4163 εὐχό-

148 4194 317 4262 μεθα.
372 4194 531 4247 ’Δλλὰ
571 4194 679 4264 γὰρ
726 4192 928 4260 τούτων
966 4192 1097 4271 mihi
1144 4184 1683 4259 προδιηρθρωμένων,

144 4284 255 4354 ὥρα
294 4285 436 4359 πρὸς
473 4284 572 4348 τὰς
622 4283 917 4346 ἀποδείξεις
962 4280 1069 4335 τῶν
1112 4278 1416 4349 εἰρημένων
1470 4280 1682 4347 χωρεῖν.

148 4376 337 4445 Πρῶτά
373 4376 429 4431 δὲ
457 4375 671 4430 πάντων
708 4374 933 4429 διελθεῖν
955 4371 1189 4439 εὖλογσν,
1226 4370 1294 4421 δι’
1334 4359 1408 4420 ὧν
1437 4370 1465 4421 ό
1502 4384 1688 4438 προει-

150 4469 375 4538 ρημένος
412 4469 776 4538 συγγραφεὺς,
803 4467 860 4520 ὲν
884 4457 964 4530 οἷς
991 4458 1267 4535 ἐπέγραψε
1291 4459 1421 4528 Περὶ
1444 4456 1551 4526 τῆς
1570 4456 1687 4510 τῶν

1804 748 1942 802 fecto
1986 748 2193 811 abesse,
2234 749 2337 803 diis
2371 759 2429 803 ut
2460 750 2668 819 placere
2720 737 2900 821 queat.
2950 752 3081 818 Qum
3111 754 3237 807 dum
3269 755 3357 806 ille

1803 840 2135 911 pronuntiat,
2165 857 2324 895 suum
2378 842 2447 894 ah
2471 844 2585 910 ipso
2619 842 2783 896 Deum
2821 844 3137 912 reprehendi
3172 860 3233 898 ac
3270 861 3357 898 re-

1800 932 1987 1003 dargui
2010 947 2168 986 nemo
2191 948 2297 987 non
2332 933 2509 999 videt;
2546 949 2667 988 eum
2729 936 2949 989 oraculo
2988 935 3163 1004 juberi
3191 936 3354 1004 paulo

1801 1032 1923 1074 ante
1946 1021 2163 1084 dixerit,
2219 1023 2293 1075 uti
2323 1038 2428 1076 non
2473 1023 2841 1078 subterraneis
2888 1026 3047 1079 modo
3084 1026 3354 1079 terrestri-

1800 1110 2008 1181 busque
2058 1112 2183 1173 diis.
2216 1114 2307 1167 sed
2359 1115 2520 1168 etiam
2573 1115 2754 1182 aeriis,
2798 1116 3127 1178 caelestibus,
3185 1117 3351 1171 aethe-

1800 1197 2005 1267 riisque
2034 1200 2344 1255 numinibus
2370 1202 2667 1261 animantes
2687 1203 3044 1259 immolentur.
3079 1203 3145 1257 Et
3164 1204 3351 1273 Apollo

1798 1288 2017 1359 quidem
2041 1287 2143 1346 ista
2168 1292 2407 1361 praecipit
2440 1310 2452 1343 :
2480 1300 2665 1347 contra
2705 1308 2832 1349 vero
2853 1294 3205 1364 philosnphus
3228 1297 3349 1347 lau-

1796 1380 1923 1443 dato
1989 1382 2150 1455 etiam
2192 1381 2547 1453 Theophrasti
2604 1387 2930 1444 testimonio.
2981 1388 3085 1443 diis
3142 1393 3349 1441 anima-

1796 1467 1926 1521 lium
1955 1470 2233 1527 sacriﬁcia
2252 1471 2535 1543 convenire
2577 1484 2754 1544 negat,
2783 1475 2876 1529 sed
2911 1485 3116 1530 tantum
3146 1477 3347 1531 daemo-

1794 1560 1983 1626 nibus;
2017 1577 2082 1615 ex
2128 1578 2235 1631 quo
2261 1564 2445 1633 utique
2471 1564 2714 1634 sequitur
2739 1564 3037 1635 Apollinem
3070 1568 3347 1638 utriusque

1794 1654 2058 1705 sententia
2117 1669 2222 1707 non
2290 1654 2448 1708 deum
2492 1669 2648 1719 esse,
2702 1655 2796 1709 sed
2856 1654 3193 1724 daemonem;
3246 1673 3345 1712 nec

1791 1740 2093 1812 Apollinem
2146 1745 2328 1811 modo,
2354 1745 2446 1797 sed
2470 1744 2631 1798 etiam
2662 1752 2926 1814 quotquot
2973 1746 3114 1816 apud
3158 1756 3344 1817 gentes

1793 1834 2075 1887 universas
2121 1831 2383 1904 putantur
2410 1834 2504 1899 dii,
2536 1834 2734 1905 quibus
2775 1835 2977 1904 passim
3018 1852 3205 1890 omnes
3232 1846 3341 1889 tam

1793 1926 2065 1997 principes
2086 1941 2248 1996 quam
2291 1926 2471 1997 populi
2534 1942 2630 1994 per
2654 1926 2817 1981 urbes
2845 1942 3048 1997 perque
3077 1943 3243 1997 pagos
3274 1942 3341 1980 ex

1790 2014 2120 2069 animalibus
2177 2015 2443 2071 sacrificia
2469 2013 2697 2070 faciunt.
2754 2014 2886 2069 Nam
2932 2015 3066 2070 istos
3100 2030 3339 2086 quoque,

1792 2106 1835 2161 si
1876 2114 2164 2173 utrumque
2226 2107 2603 2178 philosophum
2666 2108 2975 2171 audiamus,
3028 2108 3173 2161 aliud
3223 2124 3343 2163 esse
3458 2144 3461 2145 ν

1792 2196 1923 2251 nihil
1954 2197 2265 2252 existimare
2287 2214 2386 2251 nos
2410 2206 2639 2267 oportet,
2670 2212 2830 2265 quam
2853 2197 3143 2253 daemones.
3161 2198 3343 2251 Enim-

1791 2303 1920 2340 vero
1951 2288 1996 2342 si
2025 2287 2196 2341 bonos
2224 2288 2441 2342 eosdem
2471 2304 2591 2343 esse
2628 2289 2883 2353 dixerint,
2907 2288 3338 2358 quandoquidem

1790 2375 1987 2430 infecta
2010 2378 2270 2446 sanguine
2298 2378 2587 2441 sacriﬁcia,
2634 2380 2949 2449 impietatis,
2986 2379 3250 2444 horroris,
3280 2390 3333 2430 et

1789 2468 1938 2521 exitii
2007 2468 2162 2537 plena
2193 2478 2339 2535 sunt,
2369 2470 2566 2537 quibus
2616 2470 2716 2524 ista
2768 2472 3032 2546 placeant,
3068 2469 3192 2524 boni
3220 2484 3339 2524 esse

1789 2558 1881 2625 qui
1914 2558 2160 2626 possint?
2198 2557 2354 2623 Quod
2386 2560 2431 2613 si
2467 2575 2573 2613 non
2606 2562 2874 2630 ejusmodi
2908 2570 3115 2615 tantum
3170 2563 3341 2618 sacri-

1789 2649 1948 2713 ficiis,
1975 2664 2160 2704 verum
2192 2653 2353 2705 etiam
2382 2652 2448 2705 ad
2480 2652 2816 2706 crudelitatis
2859 2653 3037 2707 omnis
3065 2661 3119 2707 et
3148 2653 3341 2709 imma-

1791 2741 1983 2800 nitatis
2039 2747 2336 2809 cumulum,
2390 2745 2627 2799 virorum
2682 2744 2884 2814 pariter
2944 2760 3008 2799 ac
3053 2745 3339 2799 mulierum

1784 2831 2026 2886 aedibus
2050 2832 2343 2887 delectatos
2386 2847 2481 2888 eos
2510 2847 2629 2887 esse
2677 2833 3062 2898 ostendemus;
3092 2833 3220 2902 quid
3247 2848 3341 2887 su-

1793 2930 1987 2989 perest,
2017 2921 2118 2974 nisi
2153 2930 2211 2974 ut
2235 2921 2395 2975 iidem
2424 2930 2476 2975 et
2500 2921 2805 2989 parricidiis
2834 2920 3083 2985 infames,
3108 2911 3167 2975 et~
3187 2924 3332 2975 omni

1790 3011 2003 3066 diritate
2031 3010 2311 3075 teterrimi,
2345 3010 2573 3080 denique
2601 3011 2735 3063 nihil
2778 3011 2924 3065 aliud
2971 3010 3079 3064 nisi
3109 3009 3329 3079 pessimi

1789 3104 2061 3158 daemones
2089 3103 2207 3157 luce
2226 3103 2400 3171 palam
2447 3102 2784 3157 habeantur?
2808 3100 2926 3155 Jam
2951 3115 3079 3156 vero
3105 3114 3228 3155 cum
3259 3100 3338 3153 ita

1791 3207 1849 3247 se
1886 3208 1998 3247 rem
2036 3193 2232 3246 habere
2253 3191 2542 3261 probatum
2571 3205 2601 3243 a
2630 3191 2788 3245 nobis
2826 3207 2890 3243 ac
2912 3192 3337 3244 demonstratum
3402 3214 3405 3217 -

1790 3282 1973 3349 fuerit,
2005 3282 2165 3335 simul
2200 3284 2362 3335 etiam
2407 3284 2659 3337 omnibus
2688 3290 2941 3336 constare
2970 3281 3161 3334 debere
3189 3281 3330 3334 arbi-

1787 3385 1903 3428 tror
1930 3383 2128 3429 nostra:
2156 3374 2223 3425 ab
2258 3374 2361 3428 isto
2416 3373 2561 3427 cultu
2612 3372 2962 3427 discessionis
3004 3372 3330 3440 equitatem.

1789 3464 1950 3520 Nefas
1990 3466 2133 3518 enim
2172 3465 2501 3533 impiumque
2554 3462 2687 3517 foret
2717 3480 2823 3517 non
2863 3464 3038 3517 dicam
3072 3478 3334 3517 veneran-

1788 3554 1914 3608 dum
1934 3556 2061 3609 illud
2089 3555 2179 3609 Dei
2196 3570 2412 3618 nomen,
2450 3552 2816 3624 honoremque
2832 3570 3105 3611 summum
3138 3556 3204 3609 ad
3232 3555 3335 3609 im-

1786 3648 1985 3719 probos
2041 3650 2259 3715 spiritus
2303 3647 2563 3715 abjicere:
2592 3648 2684 3701 sed
2728 3650 2809 3702 vel
2855 3664 2977 3702 eum
3016 3649 3214 3717 ipsum,
3241 3647 3331 3715 qui

1788 3740 1993 3792 homini
2024 3739 2185 3809 regia
2227 3738 2488 3807 dignitate
2539 3739 2812 3806 praestanti
2860 3738 3139 3797 debeatur,
3163 3736 3331 3788 latro-

1786 3829 1945 3881 nibus
2002 3843 2065 3881 ac
2111 3828 2481 3897 sepulcrorum
2523 3827 2878 3902 eﬂ‘ossoribus
2918 3827 3170 3881 tribuere.
3222 3821 3329 3876 Nos

1786 3919 1967 3988 igitur,
1996 3919 2087 3989 qui
2120 3934 2287 3972 unum
2319 3920 2467 3973 illum
2495 3918 2655 3987 hujus
2674 3916 2917 3971 universi
2941 3913 3219 3982 praesidem
3268 3925 3333 3964 ac

1785 4007 2177 4060 moderatorem
2232 4006 2399 4061 Deum
2454 4006 2669 4071 colere,
2724 4016 2776 4059 et
2824 4002 3163 4059 convenienti
3202 4001 3330 4066 ritu,

1785 4095 2026 4162 adeoque
2053 4094 2153 4164 ipsi
2175 4095 2621 4149 charissimarum
2657 4095 3046 4163 beatarumque
3069 4095 3332 4158 virtutum

1783 4185 2027 4253 exemplo
2052 4186 2294 4238 venerari
2321 4184 2629 4249 didicimus,
2661 4200 2761 4239 nec
2789 4186 2988 4239 terreni
3033 4184 3329 4254 quidquam

1783 4285 1877 4328 aut
1906 4275 2125 4340 mortui,
2160 4290 2258 4329 nec
2284 4274 2487 4329 saniem
2517 4283 2610 4329 aut
2632 4290 2901 4337 cruorem,
2958 4291 3058 4330 nec
3085 4274 3138 4329 id
3164 4290 3333 4345 genus

1784 4364 1887 4417 alia
1926 4364 2262 4431 eorruptioni
2288 4363 2545 4425 obnoxia,
2582 4362 2715 4417 etin
2762 4361 3041 4416 materiam
3072 4362 3331 4416 immersa

1785 4454 2161 4520 obtrudimus;
2222 4456 2313 4509 sed
2366 4455 2547 4525 potius
2604 4455 2709 4509 hoc
2762 4454 2817 4507 in
2874 4454 3016 4507 votis
3073 4452 3334 4505 habemus

146 4553 687 4627 ἐμωχωάποχῆς,
705 4554 1137 4626 μήυχρῆναιφησι
1157 4553 1293 4621 μήτε
1332 4548 1410 4618 τῷ
1432 4549 1521 4601 ἐπὶ
1547 4549 1681 4601 πάνθ

1791 4562 1977 4610 unum,
2006 4556 2065 4601 ut
2084 4554 2263 4602 mente
2286 4547 2353 4601 ab
2378 4548 2528 4603 omni
2564 4546 2905 4617 improbitate
2953 4542 3185 4611 sincera,
3212 4554 3333 4595 cor-

148 4662 248 4701 ςων
299 4646 441 4716 Θεῷ,
491 4651 625 4719 μήτε
668 4644 788 4723 ταῖς
836 4646 952 4716 μετ’
1000 4643 1160 4697 αὐτὸν
1207 4639 1378 4725 θείαις
1414 4637 1685 4711 ’δυνάμεσι

148 4738 338 4806 γεῶδες
378 4736 559 4809 μηδὲν,
611 4737 747 4807 μήτε
792 4734 1010 4805 θυμιᾷν,
1034 4726 1178 4807 μήτέ
1209 4726 1382 4784 θύειν*
1410 4727 1685 4798 ’ἀλλότρια

148 4829 249 4903 γὰρ
272 4831 343 4885 τὰ
372 4828 593 4884 τοιαῦτα
620 4828 654 4898 ἢ
684 4825 826 4882 κατὰ
851 4826 951 4879 τὴν
1015 4825 1327 4893 πρέπουσαν
1384 4817 1679 4875 εὐσέϐειαν.

1788 4653 1919 4707 pore
1959 4637 2225 4692 castitatis
2280 4653 2344 4691 ac
2396 4641 2765 4708 temperantiae
2819 4638 2991 4701 cultu,
3029 4634 3121 4705 qui
3176 4632 3334 4700 longe

1788 4742 2001 4780 omnem
2032 4728 2260 4780 vestium
2301 4740 2549 4783 ornatum
2609 4740 2845 4798 superat,
2876 4729 3157 4785 decorata,
3201 4726 3333 4776 sau‘a
3447 4779 3451 4783 ,

1791 4817 2005 4886 Deoque
2052 4817 2209 4886 digna
2250 4818 2512 4883 doctrina,
2575 4820 2825 4889 quodque
2870 4817 3109 4871 omnium
3147 4814 3337 4883 praeci-

152 4942 305 4995 puum
328 4937 435 4991 est,
461 4940 596 4997 puro
629 4918 941 4993 integroque
993 4918 1159 4972 animi
1206 4927 1389 4976 sensu,
1424 4912 1676 4967 traditam
1716 4927 1745 4965 a
1778 4909 2061 4965 Servatnre
2086 4920 2271 4965 nostro
2298 4913 2545 4979 pietatem
2610 4912 2769 4981 15.9
2818 4912 2884 4964 ad
2914 4922 3139 4966 mortem
3165 4925 3335 4980 usque

154 5002 413 5077 tueamur.
446 5014 550 5075 Sed
579 5011 723 5068 enim
754 5009 840 5063 his
882 5007 955 5061 ita
986 5004 1218 5058 breviter
1252 4998 1523 5065 indicatis,
1588 5006 1801 5066 tempus
1836 5008 1937 5063 est,
1996 5006 2055 5051 ut
2106 5000 2171 5051 ad
2213 5014 2400 5053 eorum
2460 5000 2923 5054 conﬁrmationem
2992 5005 3333 5058 accedamus.

155 5107 485 5178 Acprimusn
536 5102 751 5173 quidem
800 5115 865 5155 ea
925 5092 1172 5166 persequi
1224 5105 1401 5161 opere
1452 5086 1681 5158 pretium
1722 5088 1901 5154 fuerit,
1961 5091 2157 5159 quibus
2190 5088 2329 5143 idem
2376 5088 2726 5158 Porphyrius,
2778 5089 2832 5141 in
2868 5090 2933 5144 iis
2968 5108 3087 5160 quae
3132 5092 3197 5147 de
3246 5104 3337 5146 re-

156 5214 265 5253 rutn
292 5199 656 5253 animatarum
676 5192 992 5249 abstinentia
1016 5188 1249 5256 scripsit,
1278 5199 1451 5255 neque
1473 5196 1686 5237 summo
1720 5180 1961 5248 Numini,
1994 5199 2166 5253 neque
2187 5182 2439 5238 secundis
2466 5182 2561 5241 ab,
2591 5195 2658 5236 eo
2683 5181 2990 5253 divinisque
3048 5183 3334 5238 virtutibus

158 5295 418 5361 terrestris
450 5290 881 5365 quidquamaut
944 5286 1287 5351 adolendum,
1349 5289 1445 5337 aut
1490 5277 1877 5335 immolandum
1926 5296 2048 5337 esse
2076 5280 2329 5344 defendit,
2365 5278 2507 5349 quod
2555 5277 2823 5347 ejusmodi
2879 5285 3056 5335 cultas
3112 5294 3335 5332 omnmo

159 5391 217 5440 sit
244 5405 270 5443 s
294 5388 584 5443 sanctitate
617 5383 888 5451 religionis
916 5383 1142 5439 alienus.
