4044 6334
89 408 184 463 265
1242 407 1561 463 ΡΒᾹῼΡΑΚ.
1602 408 1655 461 Ε¹

1759 407 1852 461 ιο.
1898 406 2023 459 LIB.
2060 406 2144 461 IV.
3220 412 3324 466 266

88 518 284 573 τούτων
352 522 500 583 τινὸς
546 519 659 592 (70)
709 521 888 585 ἕνεκα,
941 519 1151 581 οὐδενὸς
1184 520 1238 571 δὲ
1269 522 1472 572 τούτων
1506 520 1655 590 χάριν

1768 520 2043 574 beneficiis
2071 518 2346 573 referenda
2374 522 2543 591 gratia
2568 538 2664 591 par
2691 536 2813 577 esse
2837 523 2984 589 velit,
3009 523 3055 577 is
3086 523 3328 592 profecto

90 612 207 663 αὖτὸ
242 614 547 683 πρακτέον,
587 612 743 682 δῆλον
796 612 869 674 ὡς
905 612 963 663 οὐ
996 612 1179 663 θυτέον
1215 612 1329 663 ἐστὶ
1370 612 1436 663 τὰ
1466 610 1577 673 ζῶα
1602 611 1655 662 τὸ

1772 628 1863 681 per
1890 612 2119 665 alienam
2142 611 2394 681 injuriam
2426 615 2527 669 hoc
2555 614 2729 668 facere
2764 632 2871 669 non
2900 615 3093 669 debeat
3119 634 3130 669 :
3170 630 3328 669 secus

92 704 349 771 παράπαν
380 706 491 765 τοῖς
524 703 682 765 θεοῖς.
718 703 826 754 Καὶ
858 702 1018 755 πάλιν
1049 703 1306 769 ἐπιλέγειο
1347 722 1362 752 ι
1404 702 1528 764 Τοῖς
1566 702 1655 771 μὲν

1769 704 1935 767 enim,
1994 702 2212 770 perinde
2268 705 2491 772 gratiam
2546 720 2805 775 reponere
2852 706 3117 771 videatur,
3180 715 3239 759 ut
3287 708 3330 761 si

90 796 185 862 γὰρ
212 793 331 863 (ῗὶ)
394 797 427 865 ἡ
475 796 633 865 φύσις
678 797 771 848 καὶ
826 794 973 847 πᾶσα
1022 794 1128 847 τῶν
1166 794 1467 865 ἀνθρώπων
1496 796 1529 863 ἡ
1561 793 1655 863 τῆς

1773 796 1893 863 quis
1914 795 2071 847 rebus
2100 795 2184 858 iis,
2214 796 2415 864 quibus
2436 812 2465 850 e
2492 797 2681 851 vicinis
2699 799 2934 867 aliquem
2952 812 3047 868 per
3074 798 3179 851 vim
3203 812 3330 866 spo-

92 888 255 956 ψυχῆς
290 888 550 959 αἴσθησις
580 888 871 957 δρωμένοις
908 887 1300 957 συνηρέσκοντο
1324 886 1456 955 (72).

1771 884 1975 946 liasset,
2029 883 2255 937 alterum
2309 886 2502 939 deinde
2568 887 2648 939 vel
2694 888 2937 941 beneﬁcii
2973 888 3056 943 vel
3109 887 3330 943 honoris

96 993 242 1031 causa
312 979 566 1035 donaret.
599 978 898 1044 Postremo,
935 994 1034 1032 nec
1074 978 1256 1032 animo
1301 994 1517 1048 quoque
1566 976 1693 1031 boni
1734 976 1801 1029 ab
1856 976 1973 1045 ipso
2006 975 2299 1044 quidquam
2336 976 2675 1046 impetrandi.
2726 978 2984 1047 Quisquis
3032 979 3174 1033 enim
3222 994 3306 1031 ma

99 1070 255 1125 lelicio
275 1072 609 1127 beneﬁcium
662 1082 982 1142 aucupatur,
1014 1088 1139 1127 eum
1190 1088 1257 1127 ne
1308 1082 1526 1142 accepto
1590 1071 1810 1141 quidem
1876 1071 2134 1125 beneﬁcio
2170 1072 2399 1140 gratiam
2436 1073 2745 1127 habiturum
2810 1074 3000 1129 merito
3029 1074 3327 1143 suspicere.

109 1162 257 1227 Quare
272 1176 383 1215 nec
411 1176 505 1231 spe
531 1162 775 1217 beneficii
816 1163 1112 1216 animantia
1166 1163 1269 1217 diis
1303 1162 1655 1216 sacriﬁcanda
1695 1171 1872 1215 erunt.
1906 1161 2040 1215 Nam
2105 1172 2162 1216 ut
2223 1163 2507 1216 hominum
2537 1162 2673 1217 forte
2700 1165 3009 1234 quempiam
3044 1166 3328 1219 mactanda

108 1256 366 1308 animante
405 1254 573 1309 latere
606 1256 803 1325 possis,
873 1255 1042 1310 Deum
1082 1266 1228 1311 certe
1275 1258 1499 1327 quidem
1566 1258 1733 1311 latere
1774 1274 2052 1327 nunquam
2077 1258 2297 1329 poteris.
2329 1257 2385 1311 Si
2425 1273 2552 1329 ergo
2590 1260 2916 1314 sacriﬁcium
2948 1275 3106 1313 omne
3136 1276 3329 1314 causa-

102 1362 207 1399 rum
229 1346 464 1399 istarum
490 1361 553 1400 ex
578 1346 755 1415 aliqua
792 1346 903 1401 ﬁeri
928 1347 1105 1412 debet,
1167 1363 1267 1401 nec
1313 1358 1494 1403 tamen
1526 1364 1591 1401 ex
1634 1349 1699 1403 iis
1741 1348 1845 1403 ulla
1880 1348 2012 1403 caedi
2076 1349 2392 1403 animalium
2422 1348 2769 1419 suffragatur,
2798 1351 3042 1420 sequitur
3089 1350 3329 1419 profecto

100 1441 292 1493 nullum
326 1456 569 1510 unquam
597 1442 795 1496 animal
840 1441 943 1496 diis
995 1442 1279 1495 immolare
1336 1441 1419 1496 fas
1446 1458 1584 1498 esse.
1622 1442 1699 1496 Ac
1734 1458 1927 1496 rursus
1987 1442 2194 1512 aliquot
2240 1442 2572 1512 interiectis:
2611 1461 2628 1492 ι
2653 1442 2759 1497 Isto
2814 1445 2981 1509 enim,
3014 1443 3207 1512 inquit,
3240 1458 3327 1496 sa-

99 1533 420 1587 criﬁciorum
450 1550 645 1605 genere
672 1551 796 1591 eum
840 1544 1033 1590 natura
1104 1537 1379 1605 universa,
1436 1548 1550 1593 tum
1601 1539 1911 1593 communis
1962 1538 2078 1608 ipse
2138 1539 2417 1594 hominum
2450 1539 2693 1593 omnium
2726 1538 2891 1593 animi
2939 1555 3132 1594 sensus
3176 1538 3326 1613 delc-

100 1630 364 1683 ctabatur.
3052 1632 3055 1635 ἰ

108 1725 336 1798 Ταύρων
356 1724 461 1798 (75)
481 1725 533 1778 δ’
548 1726 1072 1798 ἀίκράτοισιςρόνοις
1099 1731 1169 1783 οὺ
1185 1730 1388 1785 δεύετο
1421 1731 1647 1798 βωμὸς,

292 1793 491 1870 μρσος
505 1793 658 1870 τοῦτ’
676 1800 857 1851 ἔσκεν
869 1793 945 1851 ’ἐν
963 1793 1322 1870 ἀνθρώποισι
1338 1793 1647 1870 “sparsi,

106 1863 296 1931 Θυμὸν
340 1863 797 1933 ἀπορῤήσαντιις
832 1870 941 1938 (74)
979 1863 1248 1938 ὲέῧμεναι
1290 1863 1392 1938 ﬁla
1426 1863 1588 1939 ἶγυῖα.
1632 1863 1650 1922 ι

100 1976 202 2029 Καὶ
238 1978 360 2047 μεθ’
407 1978 590 2050 ἔτεραο
623 1999 640 2030 ι
674 1982 837 2034 Ὅταν
869 1983 923 2035 δὲ
970 1984 1088 2047 νέος
1120 1984 1229 2055 (75)
1263 1984 1417 2048 θεοὺς
1451 1986 1660 2057 χαίρειν

102 2066 459 2132 πολυτελείαις
514 2069 648 2139 γνῷ,
682 2071 794 2133 καὶ,
828 2072 901 2134 ὥς
930 2089 1080 2139 φασι,
1114 2077 1233 2136 ταῖς
1258 2072 1365 2125 τῶν
1406 2072 1541 2143 βοῶν
1569 2075 1659 2128 καὶ

110 2158 273 2211 ἄλλων
304 2157 451 2222 ζώων
478 2160 699 2227 θοίναις,
725 2164 838 2215 πότ’
863 2163 927 2217 ἂν
955 2163 1093 2216 ἑκὼν
1123 2164 1230 2235 (76)
1256 2168 1620 2236 σωφρονήσειε
1643 2184 1656 2231 ;

109 2249 220 2313 πῶς
261 2251 337 2315 δὲ,
386 2254 756 2323 κεχαρισμένα
820 2253 965 2305 θύειν
1009 2254 1308 2324 ἡγούμενος
1348 2258 1459 2320 τοῖς
1519 2257 1658 2320 Θεοῖς

112 2343 291 2406 ταῦτα,
323 2346 413 2397 οὐκ
442 2346 639 2409 ἐξεῖναι
662 2345 861 2397 ἀδικεῖν
900 2347 1136 2417 οἰήσεται
1171 2348 1346 2401 αὐτῶν
1373 2348 1502 2420 (77),
1536 2350 1662 2419 μέλ-

120 2436 242 2488 λοντι
267 2437 347 2489 διὰ
372 2438 475 2490 τῶν
496 2435 695 2489 θυσιῶν
722 2436 1029 2502 ἐξωνεῖσθαι
1058 2438 1151 2509 τὴν
1183 2440 1455 2511 ἁμαρτίαν
1481 2457 1494 2504 ;
1536 2441 1661 2492 Πει-

116 2528 245 2591 σθεὶς
273 2529 328 2581 δὲ
346 2530 423 2581 ὅτι
450 2529 655 2584 τούτων
680 2530 865 2599 χρείαν
896 2529 993 2582 οὐκ
1022 2530 1233 2600 ἔχουσιν
1256 2532 1303 2583 οί
1327 2530 1456 2595 θεοὶ,
1492 2533 1569 2595 είς
1601 2533 1657 2584 δὲ

106 2622 160 2670 τὸ
180 2617 307 2688 ἦθος
332 2622 803 2703 ἀπῴλέπουσιτῶν
827 2624 1172 2694 προσιόντων,
1191 2625 1447 2695 μεγίστην
1470 2624 1657 2678 Θυσίαν

104 2712 457 2783 λαμϐάνοντες
481 2716 574 2785 τὴν
604 2716 767 2787 ὀρθὴν
810 2718 937 2787 περὶ
970 2716 1144 2769 αὐτῶν
1171 2734 1229 2769 τε
1266 2717 1356 2770 καὶ
1386 2718 1491 2770 τῶν
1521 2736 1652 2788 πρα-

102 2806 327 2873 γμάτων
346 2806 597 2877 διάληψιν,
613 2808 728 2871 πῶς
742 2808 805 2860 οὐ
820 2806 1045 2878 σώφρων
1058 2811 1150 2861 καὶ
1162 2808 1385 2875 δίκαιος,
1402 2812 1493 2862 καὶ
1509 2812 1650 2874 ὅσιος

102 2896 304 2960 ἔσεταις
326 2898 457 2959 θεοῖς
483 2899 535 2951 δὲ
550 2900 743 2968 ἀρίστη
769 2899 863 2968 μὲν
881 2900 1120 2969 ἀπαρχὴ,
1154 2900 1274 2963 νοῦς
1296 2901 1550 2967 καθαρὸς,
1566 2904 1655 2955 καὶ

104 2988 243 3058 ψυχὴ
274 2989 480 3061 ἀπαθής
499 3008 511 3020 ’
546 2992 738 3044 οἰκεῖον
764 2992 819 3044 δὲ
850 2991 1013 3042 καὶτὸ
1034 2991 1262 3061 μετρίων
1288 2994 1385 3060 μὲν
1414 2994 1657 3064 ἀπάρχε-

108 3078 223 3133 σθαι
244 3080 349 3131 τῶν
370 3081 559 3145 ἀλλων,
580 3084 652 3153 μὴ
673 3084 959 3154 παρέργως
985 3083 1061 3146 δὲ,
1085 3082 1219 3135 ἁλλά
1237 3084 1331 3135 σὺν
1356 3086 1500 3156 πάσῃ
1530 3102 1660 3157 προ-

1760 1727 2156 1793 Taurorumque
2186 1739 2464 1777 cruoruon
2492 1723 2661 1775 ullum
2684 1723 2854 1777 altare
2878 1722 3105 1792 rigabat,

1756 1798 2072 1866 lnfaudique
2108 1810 2282 1866 omnes
2309 1805 2419 1866 tu_m_
2446 1794 2680 1866 criminis
2711 1794 2884 1866 instar
2902 1794 3182 1855 habebant,

1689 1855 1729 1910 Β
1759 1855 1894 1922 Aule
1917 1855 2100 1919 avulsa
2129 1865 2308 1916 anima
2337 1863 2457 1915 dein
2483 1863 2699 1932 pinguia
2732 1863 2962 1915 membra
2985 1878 3187 1916 vorare.
3223 1879 3243 1913 ι

1763 1984 2070 2056 lterumque
2123 1988 2244 2051 post
2298 1977 2402 2032 alia
2452 1976 2737 2047 qumdam:
2772 1995 2789 2026 ι
2826 1974 2923 2029 Ubi
2956 1986 3132 2030 autem
3164 1976 3318 2029 intel-

1762 2073 1953 2128 texerit
2007 2071 2360 2134 adolescens,
2417 2068 2628 2138 magnis
2682 2065 3017 2135 sumptibus,
3079 2066 3321 2136 adeoque

1760 2165 1946 2232 bnum,
1982 2171 2041 2219 ut
2063 2164 2358 2233 loquuntur
2384 2161 2492 2228 isti,
2530 2176 2594 2214 ac
2618 2169 2936 2215 caeterorum
2966 2161 3321 2219 animantium

1760 2256 1934 2325 epulis
1967 2255 2099 2309 deos
2123 2254 2269 2322 ipsos
2303 2252 2579 2313 delectari,
2608 2257 2705 2322 qui
2749 2252 2861 2305 ﬁeri
2892 2262 3071 2321 queat,
3100 2260 3157 2305 ut
3180 2250 3318 2322 frugi

1761 2362 1826 2403 ac
1848 2357 2158 2414 temperans
2191 2354 2313 2398 esse
2353 2342 2523 2404 velit?
2566 2342 2815 2412 Idemque
2853 2343 2897 2396 si
2926 2352 3181 2411 acceptas
3202 2358 3321 2397 esse

1761 2442 1866 2495 diis
1920 2438 2232 2508 hujusmodi
2290 2438 2543 2492 victimas
2594 2438 2881 2506 putaverit,
2939 2438 3211 2507 quomodo
3264 2438 3317 2489 in

1762 2532 2001 2586 animum
2030 2529 2271 2591 inducat,
2323 2526 2581 2581 scelerate
2630 2525 2806 2580 facere
2836 2528 2936 2581 sibi
2973 2541 3077 2581 non
3137 2522 3319 2588 licere,

1762 2624 1854 2693 qui
1888 2621 2170 2677 sacriﬁciis
2220 2621 2484 2674 maleﬁcra
2544 2620 2808 2674 redimere
2836 2634 2893 2673 se
2928 2633 3085 2688 posse
3110 2618 3321 2673 videat?

1763 2714 1964 2770 Contra
1990 2728 2139 2779 vero,
2188 2710 2230 2766 si
2275 2711 2404 2765 deos
2454 2710 2587 2763 nihil
2645 2710 2766 2764 istis
2796 2710 3047 2767 omnibus
3082 2709 3320 2778 indigere

1762 2806 1868 2862 sibi
1901 2804 2261 2875 persuaserit,
2318 2802 2410 2857 sed
2452 2803 2505 2857 in
2558 2818 2744 2856 eorum
2791 2802 2991 2871 potius,
3044 2816 3073 2853 a
3123 2801 3323 2870 quibus

1762 2900 2051 2965 adeuntur,
2079 2911 2257 2950 mores
2290 2894 2509 2957 intueri,
2584 2895 2873 2965 magnique
2926 2892 3174 2948 sacriﬁcii
3226 2910 3322 2947 na-

1762 2993 1887 3046 bere
1918 2992 2037 3046 loco
2067 2999 2269 3044 rectam
2307 2987 2373 3042 de
2426 3002 2484 3043 se
2515 2988 2645 3057 ipsis
2684 2987 2857 3056 deque
2890 3001 3069 3041 rerum
3097 2987 3319 3040 veritate

1761 3084 2082 3153 sententiam
2115 3123 2135 3153 ,⁸
2159 3081 2348 3135 ﬁerine
2386 3082 2602 3149 poterit,
2633 3080 2763 3148 quin
2819 3087 2870 3132 et
2917 3088 3243 3147 temperans,
3267 3090 3321 3133 et

108 3170 267 3241 θυμία
284 3189 296 3201 °
325 3176 553 3227 ἐοικέναι
569 3176 674 3243 γὰρ
693 3175 755 3247 δὴ
770 3176 868 3239 τὰς
884 3176 1047 3245 τιμὰς
1060 3177 1177 3238 ταῖς
1194 3176 1283 3227 ἐπὶ
1305 3175 1411 3228 τῶν
1440 3176 1655 3245 ἀγαθῶν

1759 3174 1959 3246 justus,
2007 3183 2061 3228 et
2094 3183 2316 3228 sanctus
2360 3173 2597 3228 evadat?
2651 3170 2938 3224 Enimvero
2961 3184 3083 3225 cum
3110 3171 3325 3225 sincera

109 3264 419 3333 προεδρίαις,
455 3267 854 3322 ὑπαναστάσεσί
891 3268 1001 3337 (78)
1038 3286 1096 3320 τε
1128 3268 1655 3331 καὶκατακλίτιεσιν,

110 3358 160 3407 οὐ
202 3358 497 3421 συντάξεων
538 3359 734 3411 δόσεσι.
775 3379 793 3410 ι
832 3360 1025 3428 Σαφῶς
1066 3360 1129 3431 δὴ
1156 3360 1243 3413 διὰ
1281 3361 1479 3413 τούτων
1518 3360 1659 3413 κα.τά

108 3448 220 3510 τοὺς
263 3448 520 3519 Ἕλληνας
567 3451 660 3501 καὶ
699 3452 821 3513 τοὺς
862 3450 1063 3521 τούτων
1105 3451 1423 3521 φιλοσόφους
1454 3451 1658 3521 ὡμολο-

113 3539 259 3609 γήθη,
297 3540 375 3593 ὅτι
419 3540 569 3593 οὐδὲν
619 3540 857 3611 ἔμψυχον
911 3540 1095 3611 ⁸τυθείη
1150 3542 1215 3594 ἂν
1262 3544 1497 3611 εὐλόγως
1550 3547 1659 3607 τοῖς

116 3628 258 3692 θεοῖς·
284 3632 493 3683 ἀνόσιον
522 3630 629 3701 γὰρ
662 3632 752 3682 καὶ
781 3624 962 3683 ἄδικον
995 3633 1089 3683 καὶ
1116 3632 1402 3695 ὲπιϐλαϐὲς
1428 3629 1565 3687 εἷναι
1598 3634 1659 3687 τὸ

116 3722 341 3789 πρὶγμα,
370 3723 469 3775 οὐκ
498 3722 771 3793 ἀλλότριόν
797 3714 1106 3793 τείμύσους.
1136 3725 1247 3776 Οὐκ
1274 3721 1342 3794 ἦν
1372 3726 1477 3796 ἄρα
1520 3726 1655 3792 θεὸς,

109 3812 218 3864 οὐδὲ
249 3830 326 3876 τις
355 3814 594 3883 ἀψευδὴς
625 3816 717 3867 καὶ
751 3814 953 3882 ἀγαθὸς
990 3814 1197 3884 δαίμων
1223 3818 1250 3868 ὁ
1279 3817 1377 3879 τάς
1403 3817 1468 3868 δι’
1497 3817 1659 3887 αἱμά-

109 3919 205 3955 των
236 3904 411 3967 λοιὸάς
435 3922 493 3957 τε
524 3907 618 3958 καὶ
646 3906 867 3970 κνίσσας
912 3904 1091 3975 μικρῷ
1131 3905 1361 3977 πρόσθεν
1402 3909 1661 3979 εἰσπρατ-

106 3994 315 4063 τόμενος
356 3998 689 4067 χρησμῳδός
739 3998 844 4051 οὐδ’
870 4000 1064 4050 ἐκεῖνοι
1097 3999 1317 4061 πάντες,
1353 3994 1433 4062 οἷς
1460 4002 1488 4053 ὁ
1525 4018 1659 4071 χρη-

108 4086 239 4153 σμὸς
267 4086 406 4140 θύειν
434 4088 550 4151 ζῶα
578 4090 1028 4162 αιιεαρεκελι-ιιῦσατο⁵
1058 4090 1253 4143 πλάνον
1278 4090 1381 4160 ἄρα
1405 4093 1497 4145 καὶ
1519 4093 1659 4146 ἀπα-

108 4179 287 4245 τεῶνα,
320 4182 407 4234 καὶ
437 4182 669 4253 πονηρὸν
708 4184 962 4255 ἄντικρυς
997 4181 1224 4251 δαίμονα
1248 4182 1351 4255 χρὴ
1378 4182 1539 4251 φάναι
1567 4186 1658 4240 τὸν

113 4275 586 4345 καταψευσάμενον,
613 4275 706 4327 καὶ
728 4275 881 4338 θεοὺς
908 4277 1033 4338 τοὺς
1066 4273 1139 4345 μὴ
1164 4274 1319 4336 ὄντας
1347 4276 1653 4344 ἀνειπόντα,

114 4364 195 4415 καὶ
223 4366 595 4436 προστάξαντα
640 4366 713 4437 μὴ
755 4367 910 4436 μόνον
949 4370 1060 4429 τοῖς
1099 4365 1348 4436 χθονίοις,
1388 4367 1522 4420 ἀλλὰ
1562 4371 1657 4422 καὶ

106 4459 206 4519 τοῖς
226 4459 492 4529 οὐρανίοις
526 4460 621 4512 xit
645 4460 923 4530 ἀστραίως
952 4458 1257 4522 ζωοθυτεῖν.
1283 4458 1445 4522 Τίνας
1482 4455 1575 4514 οὖν
1607 4464 1654 4513 εί

1761 3283 1934 3331 meus,
1964 3276 2017 3320 et
2038 3266 2252 3319 animus
2279 3266 2347 3319 ab
2374 3263 2837 3332 omnicupiditate
2873 3277 3079 3316 vacuus
3109 3264 3327 3331 optimm

1758 3358 1981 3411 deorum
2008 3354 2257 3423 primitiae
2282 3353 2409 3417 sint,
2444 3368 2549 3406 non
2576 3352 2810 3405 alienum
2842 3359 3022 3404 tamen
3049 3349 3322 3405 abiisdein

1760 3450 1939 3513 fuerit,
1970 3446 2073 3500 alia
2110 3444 2354 3515 quazdam
2382 3446 2513 3515 ipsis
2536 3444 2758 3497 modica:
2780 3458 2841 3498 ac
2870 3442 3043 3497 facilis
3070 3442 3326 3512 impensa:

1760 3545 1952 3605 libare,
1979 3542 2022 3596 si
2056 3549 2235 3593 tamen
2266 3539 2319 3592 id
2356 3554 2464 3593 non
2492 3538 2630 3592 dicis
2660 3552 2845 3602 causa,
2895 3535 2992 3590 sed
3036 3537 3185 3592 omni
3215 3545 3329 3589 stu-

1758 3637 1848 3691 dio
1871 3644 1924 3689 et
1953 3632 2158 3704 prolixa
2182 3633 2460 3686 voluntate
2484 3631 2577 3684 ﬁat
2610 3650 2622 3684 :
2659 3630 2925 3700 siquidem
2968 3630 3055 3685 isti
3103 3630 3324 3685 deorum

1760 3728 2019 3791 honores,
2052 3726 2388 3782 solemnibus
2419 3722 2563 3792 apud
2596 3723 2743 3776 viros
2787 3720 2942 3791 153
2987 3720 3161 3775 bonos
3187 3734 3326 3789 pra:-

1761 3817 1993 3883 sidendi,
2025 3815 2369 3886 assurgendi,
2406 3830 2471 3869 ac
2494 3812 2871 3869 discumbendi
2902 3811 3203 3865 rationibus
3252 3810 3327 3863 si-

1760 3909 1914 3962 miles
1948 3906 2343 3977 putandi'sunt,
2371 3922 2477 3960 non
2503 3904 2847 3973 vectigalium
2888 3901 3261 3971 pensionibus.
3299 3921 3318 3953 ι

1759 3997 1836 4052 Ex
1868 3998 1954 4053 his
1978 3996 2217 4068 profecto
2272 3994 2557 4050 manifeste
2594 3995 2781 4063 liquet,
2833 3991 2915 4046 vel
2963 3991 3081 4061 ipso
3110 3989 3326 4047 Graeco-

1759 4105 1880 4145 rum
1919 4088 2223 4152 hominum,
2256 4086 2458 4156 quique
2490 4085 2631 4153 apud
2677 4084 2827 4154 ipsos
2863 4082 3119 4137 exstitere
3148 4082 3329 4152 philo:

1761 4181 2056 4252 sophorum
2092 4193 2274 4242 sensu,
2302 4178 2437 4231 nihil
2460 4174 2687 4229 animati
2719 4174 2825 4229 diis
2864 4162 3161 4229 sacriﬁcari
3206 4173 3328 4243 jure

1759 4259 2102 4345 posse:r‘em
2132 4272 2330 4342 quippe
2393 4267 2681 4331 nefariam,
2730 4267 2976 4336 inquam,
3025 4280 3089 4319 ac
3148 4266 3331 4335 perni-

1760 4369 1963 4422 ciosam
2011 4379 2153 4429 esse,
2204 4373 2366 4432 atque
2388 4359 2751 4415 exsecrationi
2803 4359 3127 4429 proximam.
3186 4356 3329 4412 Dens

1758 4460 1922 4531 igitur
1960 4456 2213 4512 fatidicus
2250 4456 2351 4509 iste
2398 4469 2507 4508 non
2551 4460 2689 4517 erat,
2740 4451 2851 4505 imo
2882 4465 2982 4505 nec
3036 4464 3199 4503 verax
3231 4449 3327 4501 bo-

107 4550 173 4619 μὴ
204 4550 355 4612 θεοὺς
376 4550 501 4612 τοὺς
522 4550 839 4620 εἰρημένους
867 4550 1111 4613 ἃπαντας
1136 4550 1400 4620 προσήκει
1425 4548 1491 4601 ἂν
1518 4550 1651 4601 ὑπο-

1760 4567 1969 4622 nusque
1990 4549 2221 4605 daemon.
2245 4547 2337 4616 qui
2374 4554 2628 4601 cruentas
2658 4542 2821 4613 paulo
2879 4551 3005 4600 ante
3043 4540 3325 4598 libationes

128 4698 279 4775 f(70)
320 4706 550 4759 Τούτων
596 4705 775 4770 τινός.
821 4705 1021 4775 Porph.
1067 4706 1281 4775 τούτων
1326 4719 1434 4757 non
1470 4704 1649 4759 habet;

105 4772 222 4840 Quae
243 4785 425 4829 tamen
454 4791 557 4828 vox
597 4778 899 4833 necessaria
929 4772 1045 4839 est,
1076 4778 1205 4844 quia
1242 4774 1651 4843 Theophrastus

105 4847 279 4915 aliqua
314 4848 577 4900 duntaxat
599 4858 661 4897 ex
689 4844 791 4900 illis
819 4847 990 4900 tribus
1019 4848 1199 4901 causis
1236 4844 1651 4899 sacriﬁcandum

106 4930 214 4971 esse
253 4916 533 4969 docuerat.

104 5028 108 5043 ,
167 4985 281 5057 (71)
316 4983 720 5057 Τοῖςμὲντάρᾼ.
749 4984 1014 5057 Porphyr.
1037 4999 1088 5053 p.
1124 4984 1247 5048 172,
1280 4984 1459 5057 Ιὶηίί.
1509 4982 1640 5057 Fru-

106 5054 282 5126 ctuom
318 5065 499 5109 autem
540 5055 805 5126 sacriﬁcia
844 5054 1119 5126 intelligit,
1160 5070 1282 5126 quae
1317 5056 1430 5111 sola
1464 5054 1654 5123 primis

107 5124 202 5178 illis
267 5126 599 5193 temporibus
624 5125 681 5180 in
708 5143 808 5181 usu
837 5123 1068 5178 fuerant.

172 5193 284 5267 (72)
321 5192 1021 5267 Ροτριιγτη-συνηρέσιιετο.

171 5261 587 5334 (7⁵)-Τσύρώνσ
614 5261 953 5334 Empedoclis
975 5264 1273 5318 versusisti
1302 5272 1449 5328 sunt,
1482 5270 1541 5317 ut
1573 5261 1654 5334 di-

106 5332 645 5402 serte—Porphyrius.
706 5332 813 5390 Sed
863 5348 961 5404 pro
1018 5334 1273 5404 ἀκράτοις
1331 5336 1456 5404 legit
1500 5332 1655 5404 ἀκρίέ

104 5420 231 5469 τοις,
266 5404 373 5457 hoc
399 5412 501 5473 est,
542 5404 625 5457 vel
682 5403 1029 5473 ιιι-οιιιίεουὶε,
1053 5403 1137 5456 vel
1193 5403 1449 5471 injustis:
1496 5403 1654 5473 quasi

108 5475 316 5529 misera:
338 5472 662 5533 animantes,
684 5472 907 5532 findicta
957 5488 1120 5527 causa
1153 5472 1656 5541 damnataejugula-

105 5556 307 5599 rentur.
345 5543 597 5611 Ἀκριτος
620 5558 834 5664 (Ἠιοᾳιιθ
862 5546 1086 5613 rigidum
1111 5543 1264 5594 nimis
1289 5551 1653 5609 austerumun

105 5614 391 5664 significat.
424 5610 638 5664 Plutarc
684 5614 953 5664 ..Pomn..
1012 5613 1136 5664 674.
1178 5611 1240 5664 Β.
1278 5611 1311 5664 ἦ
1358 5628 1416 5662 τε
1459 5611 1653 5664 σεμνό-

105 5610 953 5684 είειιιίὶοεῑ.*ΡιιιιαιόἰιηγΡοηιρζ
1012 5613 1136 5684 674,
1178 5611 1240 5675 Β,
1278 5611 1653 5684 ἠ-τεᾼσεμνό-

107 5678 223 5755 τῆς,
252 5684 359 5755 οὐκ
388 5681 630 5755 ἄκριτον,
662 5683 775 5735 ἀλλ’
801 5678 1032 5755 εὔχαριν
1070 5682 1265 5755 ἔχουσα
1292 5678 1388 5755 τῂν
1416 5678 1650 5755 ὁμιλίαν.

169 5754 285 5876 (74)
334 5750 972 5833 Ἀπορῤήᾳανταᾳβιᾴ.
1004 5750 1291 5836 Porphyr.,
1322 5750 1657 5819 ἀπορρέσαν-

169 5841 196 5876 c
225 5824 251 5873 ὲ
285 5822 500 5876 iuvat.
536 5831 716 5876 utique
767 5832 1036 5876 VlliOSlllS.
1088 5820 1453 5876 LonnCtebam
1488 5820 1656 5876 ἀποῤ-

106 5820 196 5885 τας
225 5820 500 5893 ἐέλμεναι,
536 5822 716 5889 utique
767 5824 1036 5877 vitiosius.
1088 5820 1453 5891 Conﬁciebam
1488 5820 1656 5890 ἀποῤ-

425 5917 615 5979 Ρλτιι.
646 5916 761 5978 Gn.
804 5916 975 5977 XXI.

1796 4704 2090 4763 αίσαντας,
2142 4697 2287 4768 quod
2338 4706 2521 4767 postea
2582 4711 2635 4750 in
2678 4696 2925 4768 alterae
2976 4706 3224 4768 manusc.
3268 4702 3324 4768 et

1796 4706 2090 4763 αίσαντας,
2142 4706 2287 4768 quod
2338 4706 2521 4767 postea
2582 4711 2635 4750 in
2692 4706 2862 4749 altero
2895 4708 2925 4748 e
2976 4706 3224 4745 manusc.
3268 4706 3324 4746 et

1760 4706 1927 4827 Eiont.
1986 4772 2185 4843 reperi.
2214 4768 2404 4821 Posset
2444 4768 2605 4843 etiam
2666 4761 3327 4843 ἀπορρήξανταςηὸειιυὶ-

1762 4854 1849 4898 ιιιι·
1874 4846 1965 4913 ﬂia.
2019 4830 2168 4907 γύἶα,
2231 4836 2505 4907 quomodo
2546 4836 2648 4904 leg.
2708 4830 2917 4887 on'n'te's.
2988 4830 3084 4885 Vix
3120 4830 3321 4893 tamen,

1761 4915 1944 4975 credo,
1974 4911 2213 4979 reperias
2262 4909 2380 4977 ῆῐα,
2404 4906 2548 4974 quod
2613 4903 2860 4979 adjectivi
2888 4904 3014 4979 loco
3036 4912 3321 4979 sumatur;

1761 4992 1889 5038 sunt
1915 4972 2057 5036 enim
2086 4978 2151 5031 τά
2189 4972 2548 5048 ἧῖᾱρωρςῦε,
2605 4973 2673 5025 τὰ
2722 4972 2927 5048 ἐφόδια,
2960 4972 3027 5048 τά
3063 4972 3183 5048 καθ’
3207 4974 3324 5048 eam

1762 5052 2044 5123 βρώματα.
2072 5042 2423 5103 Crediderim
2448 5044 2551 5123 legi
2593 5056 2765 5123 posse
2806 5042 2927 5111 ὴέα,
2966 5044 3040 5123 ab
3069 5044 3190 5113 ὴῦς,
3221 5043 3324 5096 hoc

1757 5114 1843 5177 est
1881 5114 2038 5185 bona,
2064 5134 2187 5186 qua;
2214 5126 2394 5169 tamen
2421 5114 2849 5186 pinguiadicere
2876 5114 3062 5186 malui.

1834 5192 1946 5262 (75)
1972 5181 2047 5244 ω.
2082 5181 2145 5262 C.
2198 5186 2283 5240 10.
2308 5186 2473 5236 Ὅταν
2516 5181 2573 5235 δὲ
2601 5182 2739 5247 νέος.
2797 5181 3062 5253 Porphyr.
3107 5197 3161 5252 p.
3194 5182 3322 5248 252,

1761 5259 1864 5318 sub
1885 5259 2001 5315 libri
2038 5275 2074 5312 ιι
2119 5259 2301 5310 ﬁnem.

1834 5331 1946 5401 (76)
1968 5330 2101 5401 Πότ*
2124 5326 2199 5401 ἂν
2222 5325 2393 5401 emitr.
2423 5322 2635 5401 Melius,
2661 5338 2823 5401 quam
2846 5320 3135 5401 Porphyr.,
3164 5321 3322 5374 πάντ’

1762 5392 2007 5457 ἃνὶκῶν.
2036 5398 2163 5468 Legi
2192 5397 2384 5468 possit,
2433 5393 2548 5456 πῶς
2581 5394 2665 5449 ἄν.
2714 5392 2915 5468 vereor
2955 5401 3011 5468 ut
3062 5392 3326 5468 interpres

1762 5474 1896 5526 satis
1927 5472 1992 5525 ad
2020 5462 2305 5536 Porphyrii
2360 5473 2619 5529 mentem,
2666 5465 2782 5536 quis
2844 5462 3030 5536 modus
3083 5462 3320 5514 animum

1760 5543 1948 5595 volenti
1975 5540 2042 5591 ad
2095 5534 2271 5590 omnia
2300 5536 2561 5603 sapienter
2586 5534 2827 5587 adhibere
2851 5534 2876 5587 2

1834 5612 1924 5685 (77
1982 5610 2119 5677 Lege
2148 5604 2314 5674 αὐτῷ,
2343 5615 2403 5658 ιιι
2426 5604 2689 5674 Porphyr.

1834 5622 1946 5751 (78)
2004 5674 2510 5751 ’Υπαναστιίσεσῃ
2569 5686 2687 5751 etc-

1867 5702 1880 5731 Ι

1834 5680 1943 5751 (78)
2004 5680 2510 5739 ’Υπαναστάσεσι,
2569 5686 2687 5727 etc-
2738 5680 2877 5725 Itale
2937 5680 3082 5725 enim
3133 5686 3306 5727 excus.

1761 5750 2045 5819 Porphyr.,
2079 5746 2499 5819 ἐπαναστάσεσι,
2532 5744 2625 5796 καὶ
2671 5741 3072 5819 κατακλῄσεσι,
3090 5750 3143 5795 et
3168 5758 3219 5796 v.
3265 5742 3306 5799 2

1759 5809 1961 5873 δείσὶτί
1986 5809 2085 5889 pro
2116 5817 2311 5873 δόσεσι.
2355 5815 2487 5883 Quae
2527 5821 2827 5882 sequuntur
2857 5809 3077 5868 Eusebii
3103 5821 3245 5869 sum.

2936 5907 3017 5971 9.

2004 5662 2687 5739 'Y‘Eraraa'r'dawi,'et'e-
2730 5662 2877 5725 Male
2937 5671 3082 5725 enim
3133 5686 3319 5727 excus.
