4044 6334
84 546 166 602 269

1199 547 1515 603 summa.
1548 548 1796 605 EVANG.
1818 548 1963 629 LIB.
1998 549 2085 604 Iv.

3172 552 3277 611 270

83 653 456 724 Εειοιδαίμιπας
477 655 618 725 τέρα
632 652 729 707 καὶ
750 654 859 707 τῶν
879 655 977 724 τῆς
1008 655 1220 732 φύσεως
1238 657 1378 727 ὅρων
1400 661 1596 728 χωρεῖν

1723 672 1873 714 retur
1896 662 2211 717 idololatria:
2237 660 2424 730 pestis.
2446 658 2555 716 Nec
2585 663 2728 717 enim
2751 674 2874 721 ante
2900 648 3124 723 Adriani
3149 681 3279 727 tem-

84 740 167 793 ὑπὸ
202 740 308 791 τῶν
348 740 608 812 ὀλεθρίων
655 743 977 812 πνευμάτων
1019 743 1489 815 ὲξοιστρουμένους
1527 749 1618 800 καὶ

84 832 423 903 δαιμονῶντας
449 834 724 903 ἄντικρυς
754 834 830 895 ὼς
865 835 958 885 καὶ
984 837 1094 897 τοῖς
1118 834 1226 887 τῶν
1248 837 1514 904 φιλτάτων
1536 839 1621 891 αῖ-

86 940 211 993 μασι,
234 924 329 975 καὶ
359 924 554 987 άλλαις
596 924 814 995 μυρίαις
849 923 1312 995 ἀνθρωποθυσίαις
1348 928 1618 982 ίλεοῦσθαι

87 1016 285 1086 νομίζειν
306 1015 410 1079 τάς
441 1018 755 1086 μιαιφόνους
782 1017 1055 1086 δυνάμεις.
1080 1017 1187 1069 Καί
1216 1034 1299 1081 τις
1326 1017 1503 1089 πατὴρ
1528 1020 1619 1072 τὸν

94 1107 311 1175 μονογενῆ
343 1098 535 1171 παῖδα,
566 1108 658 1161 καὶ
682 1108 863 1179 μήτηρ
894 1106 991 1177 τὴν
1017 1107 1303 1178 ἀγαπητὴν
1343 1108 1614 1180 θυγατέρα

98 1198 348 1268 προσέθυον
378 1198 462 1269 τῷ
488 1199 724 1268 δαίμονι*
756 1199 853 1271 καὶ,
879 1199 1246 1269 κατέσφαττον
1277 1202 1327 1252 οί
1352 1200 1615 1267 φίλτατοι,

96 1290 149 1352 ὣς
172 1289 351 1342 τιτῶν
389 1289 600 1357 ἀλόγων
641 1290 735 1341 καὶ
779 1287 1071 1359 ἀλλοτρίων
1113 1288 1459 1359 θρεμμάτων,
1492 1290 1619 1352 τοὺς

92 1380 450 1450 προσήκοντας,
482 1378 634 1432 ἔθυόν
660 1396 721 1431 τε
747 1384 861 1444 τοίς
886 1380 952 1451 δή
978 1380 1118 1441 θεοῖς
1151 1378 1291 1431 κατά
1320 1377 1501 1440 πόλεις
1526 1380 1618 1432 καὶ

86 1469 235 1541 χώρας
255 1472 381 1533 τοὺς
413 1470 691 1533 συνοίκους
722 1472 816 1524 καὶ
840 1471 1081 1534 πολίτας,
1108 1469 1207 1540 τὴν
1239 1469 1616 1543 φιλάνθρωπον

84 1562 157 1613 καὶ
181 1560 433 1630 συμπαθῆ
462 1560 622 1629 φύσιν
655 1562 747 1615 ἐπὶ
779 1562 841 1615 τὸ
875 1561 1094 1631 ἀνηλεὲς
1124 1563 1220 1613 καὶ
1251 1558 1616 1631 ἀπάνθρωπον

82 1654 435 1723 ἀκονήσαντες,
477 1654 572 1707 καὶ
608 1654 700 1708 τὸν
741 1654 982 1725 μανιώδη
1027 1655 1121 1708 καὶ
1159 1653 1502 1723 δαιμονιακὺν
1539 1653 1615 1716 ὡς

82 1744 269 1815 ἀληθῶς
304 1745 735 1817 ἐπιδεικνύμενοι
768 1747 986 1819 τρόπον.
1020 1746 1215 1817 Εὖροις
1239 1746 1284 1798 δ’
1317 1741 1408 1799 οὖν
1436 1747 1615 1799 πᾶσαν

79 1836 316 1901 ἐξετάζων
350 1837 664 1909 Ἑλληνικήν
683 1856 742 1891 τε
765 1841 858 1892 καὶ
887 1837 1157 1910 βάρϐαρον
1185 1838 1445 1909 ἱστορίαν,
1469 1839 1615 1899 ὅπως

78 1930 117 1980 οι
137 1926 224 1997 μὲν
242 1930 394 1993 υίεῖς,
420 1924 473 1982 oi
495 1930 553 1982 δὲ
575 1929 897 2003 θυγατέρας,
923 1932 973 1982 oi
1004 1931 1097 1982 καὶ
1121 1930 1261 1998 σφᾶς
1284 1929 1479 1992 αὐτοὺς
1504 1926 1613 1981 τῶν

1718 769 1849 821 pora
1896 752 2152 822 dissipari
2202 753 2529 823 purgarique
2575 756 2770 823 potuit,
2796 772 2918 811 eum
2963 758 3073 828 iam
3139 761 3276 820 lucis

1719 844 1890 897 instar
1926 843 2063 898 locis
2110 844 2164 897 in
2212 842 2465 897 omnibus
2506 844 2710 900 Christi
2742 848 2983 903 doctrina
3031 851 3277 920 splende-

1718 940 1911 986 sceret.
1944 934 2120 1001 Atque
2149 932 2226 997 id,
2257 935 2710 1002 quemadmodum
2747 948 2801 992 et
2829 941 3132 1009 superiora,
3169 962 3273 1000 nou

1717 1022 1939 1084 nostris.
1993 1023 2087 1078 sed
2136 1022 2354 1078 illorum
2395 1024 2659 1094 ipsorum,
2708 1030 2801 1097 qui
2836 1045 2867 1083 a
2898 1031 3055 1086 uobis
3098 1042 3276 1091 tauto-

1717 1130 1843 1183 pere
1865 1114 2215 1181 dissentiunt,
2266 1118 2593 1172 testimoniis
2622 1120 2998 1186 OSIendemus,
3024 1140 3145 1193 quae
3179 1143 3274 1195 pa-

1716 1204 1823 1258 lam
1871 1220 1936 1259 ac
1959 1206 2159 1260 diserte
2187 1221 2254 1260 eo
2285 1222 2624 1277 progressam
2657 1225 2778 1265 esse
2800 1225 3097 1283 coarguunt
3131 1219 3274 1287 prio-

1716 1311 1837 1350 rum
1892 1304 2192 1365 temporum
2245 1298 2598 1368 impietatem,
2648 1309 2707 1354 ut
2746 1302 2859 1372 jam
2914 1296 3273 1375 superstitiosi

1717 1387 1965 1441 homines
1982 1387 2281 1444 exitialium
2317 1391 2606 1459 spirituum
2641 1403 2809 1448 (nstro
2843 1397 3059 1464 perciti,"
3086 1400 3273 1469 plane-

1715 1489 1822 1542 que
1848 1474 2170 1530 diabolicam
2212 1477 2263 1530 in
2295 1478 2499 1534 rabiem
2533 1481 2660 1542 acti,
2686 1482 2832 1551 ipsos
2860 1488 3020 1540 etiam
3065 1501 3271 1547 natura

1716 1563 1851 1619 ﬁnes
1872 1580 1937 1620 ac
1965 1566 2165 1622 limites
2194 1570 2546 1635 transilirent,
2596 1574 2914 1645 cruorisque
2965 1579 3152 1636 avidas
3173 1597 3271 1652 po-
3341 1576 3349 1589 ’

1715 1665 1934 1711 testantes
1978 1658 2405 1713 necessariorum
2462 1677 2682 1716 suorum
2727 1672 3007 1736 sanguine,
3042 1672 3270 1743 aliisque

1714 1744 1994 1800 hominum
2049 1746 2287 1803 caedibus
2346 1746 2569 1804 inﬁnitis
2626 1754 2902 1809 conciliari
2952 1757 3262 1830 placarique
3352 1773 3355 1776 '

1673 1836 1679 1843 ’
1713 1846 2013 1891 censerent.
2045 1835 2231 1907 Itaque
2251 1849 2402 1908 pater
2431 1841 2715 1911 unigenam
2748 1844 2940 1913 ﬁlium,
2981 1859 3260 1922 materque

1714 1926 1933 1982 ﬁliolam
1986 1929 2362 1984 charissimam
2416 1923 2749 1989 daemonibus
2791 1937 3175 2008 immolabant;
3208 1953 3265 1997 et

79 2021 321 2093 δαιμόνων
351 2021 637 2092 καθιὲρουν
667 2022 895 2086 θυσίαις.
943 2020 1083 2090 Ἐγὼ
1112 2021 1169 2074 δὲ
1191 2020 1504 2075 καὶτούτων
1524 2018 1598 2074 τδι

1714 2017 2011 2075 familiares
2034 2021 2477 2092 propinquosque
2508 2040 2658 2091 suos,
2689 2028 2910 2096 perinde
2963 2045 3029 2085 ac
3074 2032 3262 2089 brutas

78 2113 433 2184 καὶπρότερον
468 2114 772 2185 παρίστημι
803 2114 1052 2184 μάρτυρα
1085 2114 1144 2165 ὲν
1174 2115 1287 2175 τοῖς
1320 2113 1524 2175 αὐτοῖς,
1550 2113 1610 2164 ὲν

76 2200 145 2267 οἷς
170 2204 259 2275 τὴν
284 2206 389 2258 τῶν
429 2192 636 2273 ἀλόγων
674 2204 1003 2276 θρεμμάτων
1036 2205 1247 2269 θυσίαν,
1287 2204 1363 2267 ὡς
1393 2203 1609 2257 ἀνοσίαν

80 2297 164 2348 καὶ
190 2296 527 2369 ἀδικωτάτην,
565 2298 928 2367 ἀπηγόρευσε,
964 2294 1139 2350 ταῦτα
1164 2295 1441 2365 φάσκοντα
1471 2293 1607 2364 πρὸς

89 2390 234 2458 ῥῆμα-

1715 2110 2031 2181 alienasque
2081 2112 2335 2182 pecudes,
2388 2114 2635 2171 homines
2687 2118 2997 2176 amicissimi
3044 2123 3262 2195 jugula-

1713 2201 1882 2269 bant;
1914 2204 2157 2273 adeoque
2196 2219 2290 2273 per
2323 2204 2483 2259 urbes
2514 2207 2715 2275 passim
2755 2217 2915 2279 atque
2941 2227 3131 2283 pagos,
3153 2216 3261 2271 diis

1712 2291 1961 2351 videlicet
1992 2294 2225 2363 egregiis
2267 2293 2590 2351 domesticos
2628 2298 2829 2369 quique
2867 2316 2997 2358 suos
3037 2306 3259 2374 populad

1709 2392 1906 2451 resque
1949 2383 2277 2449 mactabam,
2309 2384 2598 2441 humanam
2654 2403 2924 2463 sensuque
2978 2406 3259 2466 cognatam

88 2491 299 2537 naturam
328 2525 347 2548 ,
400 2482 468 2537 ad
522 2492 729 2537 trucem
781 2482 1183 2550 immanemque
1228 2479 1601 2536 crudelitatem
1641 2484 1923 2541 acuentes,
1957 2492 2023 2531 ac
2085 2475 2292 2532 furioso
2345 2494 2575 2551 vereque
2602 2498 2631 2537 a
2658 2483 2993 2545 damenibus
3050 2491 3260 2549 invecto

82 2587 208 2627 more
229 2575 525 2629 savientes.
558 2576 866 2641 Enimvero,
928 2591 1024 2631 seu
1066 2574 1339 2641 Graecam,
1410 2590 1506 2630 seu
1540 2572 1837 2627 Barbaram
1899 2570 2181 2626 historiam
2237 2574 2502 2642 excutias,
2552 2589 2801 2635 occurret
2845 2582 2941 2637 tibi
2975 2590 3256 2654 continue,

73 2666 502 2742 quemadmodum
564 2669 658 2722 alii
706 2669 872 2733 ﬁlios,
929 2668 1069 2723 ﬁiias
1106 2668 1222 2733 alii,
1254 2668 1345 2723 alii
1393 2667 1628 2737 denique
1664 2664 1983 2733 semetipsos
2020 2664 2325 2719 damonum
2378 2667 2660 2724 sacriﬁciis
2708 2669 3051 2729 devoverent.
3097 2676 3249 2742 Quo-

70 2736 174 2811 rum
205 2772 309 2828 ego
337 2754 520 2813 testem
568 2759 624 2812 in
680 2760 836 2830 155
889 2760 1079 2830 primis
1121 2761 1368 2815 eumdem
1416 2736 1596 2830 ipsum
1673 2756 1918 2828 produco
1947 2754 2330 2828 Porphyrium,
2383 2759 2476 2829 qui
2504 2761 2693 2817 eodem
2733 2778 2915 2833 opere,
2940 2781 3049 2836 quo
3066 2736 3254 2838 (εἶβεν.

67 2847 187 2903 tiam
210 2850 436 2907 rationis
462 2852 771 2907 animalium
800 2854 1066 2908 sacriﬁcia
1107 2861 1363 2925 tanquam
1389 2852 1596 2910 nefaria
1633 2858 1688 2906 et
1709 2849 2050 2920 iniquissima
2070 2850 2338 2920 prohibet,
2356 2852 2435 2906 sic
2463 2852 2531 2907 ad
2562 2854 2783 2911 verbum
2815 2856 3074 2929 loquitur.

553 2948 945 3002 ΚΕΦΑΛΑΙΟΝ
982 2951 1076 3017 [CT
1090 2988 1105 3003 .

65 3033 187 3100 Περὶ
215 3031 323 3101 τῆς
352 3037 607 3109 παλαιᾶς
644 3038 1152 3109 ἀνθρωποθυσίας,
1196 3038 1266 3093 ἐκ
1307 3039 1413 3094 τοῦ
1455 3043 1606 3109 Πορ-

462 3108 677 3174 ςουΡΙΟυ
704 3108 801 3161 καὶ
824 3108 943 3161 τῶν
960 3108 1186 3163 ἄλλων.
1458 3120 1463 3125 ’

130 3214 148 3247 ι
178 3197 287 3250 Καὶ
331 3198 411 3251 ὅτι
450 3198 622 3251 ταῦτα
664 3200 773 3271 (84)
804 3201 901 3271 οὐχ
947 3200 1151 3265 ἁπλῶς,
1191 3201 1325 3255 άλλά
1366 3202 1605 3273 πλήρους

70 3287 208 3356 diem;
258 3289 356 3359 τῆς
404 3291 641 3362 ἱστορίας
690 3291 945 3361 λέγομεν,
994 3292 1237 3364 αὐτάρκη
1294 3292 1386 3346 καὶ
1433 3293 1606 3348 ταῦτα

70 3380 407 3450 παραστῆσαι.
449 3382 666 3441 Ἕθύετο
708 3382 815 3451 γάρ
852 3384 945 3451 καὶ
976 3384 1034 3436 ὲν
1070 3382 1230 3452 Ῥόδῳ
1260 3384 1388 3452 μηνὶ
1422 3383 1603 3436 Μετα-

62 3468 309 3534 γειτνιῶνι
360 3471 495 3543 ἕκτῃ
554 3473 838 3541 ἱσταμένου
878 3472 1159 3542 ἅνθρωπος
1200 3472 1279 3542 τῷ
1320 3473 1541 3545 Κρόνῳ·
1574 3475 1602 3528 ὃ

65 3559 124 3631 δὴ
158 3562 370 3615 ἐπιπολὺ
407 3564 683 3633 κρατῆσαν
720 3564 838 3626 ἔθος
856 3563 1172 3637 ,μετεϐλήθη
1193 3581 1207 3593 ο
1236 3564 1332 3618 ἕνα
1359 3566 1468 3637 γάρ
1492 3565 1601 3621 τῶν

67 3613 150 3703 ἰπὶ
182 3613 378 3723 θανάτιρ
409 3613 1129 3729 δῆ
1146 3613 1303 3728 μέχρι
1326 3613 1599 3729 τὲινΓΚρο-

64 3741 177 3795 νίων
200 3715 432 3815 amab-(av
450 3715 756 3816 ’Πὲνο-τάσης
881 3749 999 3818 τῆς·
1022 3715 1599 3822 ἐορτξιςῗπροαγαγόν-

58 3845 141 3890 ¹ιεες
166 3832 250 3884 τὸν
273 3832 552 3905 ἄνθρωπον
598 3834 699 3898 ἔξω
735 3828 945 3903 πυλῶν,
982 3838 1207 3910 ἀντικρὺ
1234 3840 1327 3893 τοῦ
1360 3842 1601 3912 Ἀριστο-

57 3918 239 3991 ϐούλης
262 3924 430 3988 ἕδους,
467 3924 610 3978 οῐνου
654 3928 965 3991 πτίσαντες
999 3928 1274 3998 ἔσφαττον.
1312 3933 1399 3985 Ἑν
1434 3931 1490 3985 δὲ
1528 3936 1595 4003 τῇ

55 4009 138 4115 νύν
180 4012 463 4115 minim,
500 4017 773 4115 πρότερον-
802 4019 855 4071 δὲ
893 4021 1595 4115 Κορωνεία(85)όνομαζο-

56 4100 202 4174 μένῃ,
259 4105 383 4173 μηνὶ
413 4107 555 4160 κατά
591 4100 867 4181 Κυπρίους
915 4112 1231 4184 ’Δφροδισίῳ
1279 4112 1466 4167 ὲθύετο
1503 4112 1596 4169 ἀν-

53 4194 266 4264 Θρωποξ
301 4199 366 4268 τῇ
425 4199 705 4271 Ἀγραύλῳ
760 4205 827 4273 τῇ
886 4204 1170 4273 Κέκροπος
1230 4205 1325 4256 καὶ
1380 4203 1594 4274 νύμφης

66 4286 402 4358 ’Δγραυλίδος
438 4291 547 4343 Καὶ
565 4291 773 4361 διέμενε
801 4294 862 4345 τὸ
885 4285 1002 4356 ἔθος
1023 4294 1148 4365 ἄχρι
1176 4294 1281 4346 τῶν
1305 4296 1592 4364 Διομήδους

52 4377 271 4445 χρόνων·
308 4374 431 4433 εἷτα
450 4380 774 4450 (μετέϐαλεν,
807 4382 945 4435 ὥστε
986 4382 1064 4452 τῷ
1088 4383 1334 4453 Διομήδει
1368 4383 1458 4436 τὸν
1494 4383 1589 4460 άν-

20 4464 248 4535 νθρωπον
290 4470 535 4525 θύεσθαι.
580 4472 697 4541 Ὑφ’
746 4472 842 4527 ἕνα
886 4472 943 4524 δὲ
993 4471 1271 4542 περίϐολον
1320 4472 1349 4524 ὅ
1392 4488 1451 4524 τε
1491 4473 1591 4543 τῆς

56 4555 270 4627 Ἀθηνᾶς
294 4544 459 4623 νεὼς,
496 4561 590 4615 καὶ
623 4563 652 4613 ό
683 4562 780 4633 τῆς
828 4560 1121 4633 ’Δγραύλου
1159 4561 1251 4615 καὶ
1275 4562 1586 4630 Διομήδους.

52 4648 104 4699 'O
152 4648 205 4701 δὲ
253 4652 697 4721 σφαγιαζόμενος,
744 4652 847 4705 ὑπὸ
891 4653 996 4704 τῶν
1044 4650 1257 4723 ἐφήϐων
1303 4652 1585 4722 ἀγόμενος,

2271 2944 2498 3001 CAPUT
2534 2946 2677 3004 XVI.

1700 3034 1781 3091 De
1816 3036 2033 3107 antiqua
2078 3036 2342 3115 hominum
2377 3038 2818 3115 immolandorum
2858 3049 3250 3115 consuetudine,

2146 3122 2211 3160 ea:
2240 3105 2531 3179 Porphyrio
2565 3121 2614 3166 et
2643 3112 2787 3168 aliis.

1774 3210 1801 3272 ι
1824 3217 2000 3288 Atque
2046 3219 2099 3275 id
2151 3235 2184 3276 a
2231 3222 2410 3288 nobis,
2469 3223 2662 3295 inquit,
2711 3243 2818 3282 non
2874 3237 3096 3299 temere,
3153 3237 3248 3291 sed

1628 3354 1671 3411 ε
1706 3314 1862 3383 plena
1904 3316 2276 3411 exemplorum
2320 3318 2647 3390 suﬂ'i-agaute
2685 3322 2907 3378 historia
2936 3331 3247 3396 memorari,
3290 3370 3298 3401 γ

1702 3404 1870 3469 satis,
1927 3420 2050 3474 qua:
2100 3406 2360 3476 subjieio,
2414 3412 2859 3481 comprobabunt.
2919 3414 3055 3471 Nam
3107 3422 3249 3490 apud

1701 3503 1942 3560 Rhodios
1972 3505 2148 3575 primo
2183 3508 2398 3578 quidem
2426 3512 2491 3565 ad
2529 3512 2671 3567 diem
2702 3513 2833 3580 Julii
2873 3528 3105 3585 sextum,
3147 3522 3247 3578 ho-

1698 3599 1898 3655 minem
1947 3598 2182 3655 Saturno
2226 3603 2608 3671 immolabant;
2638 3606 2831 3664 deinde
2876 3626 3003 3667 vero
3040 3620 3245 3672 morem

1700 3690 2137 3758 antiquissimum
2172 3691 2243 3745 ita
2294 3702 2591 3761 mutarunt,
2632 3706 2692 3751 ut
2733 3714 2797 3753 ex
2830 3695 2897 3754 iis
2928 3717 3117 3769 unum,
3148 3707 3245 3778 qui

1697 3790 1870 3837 morte
1913 3782 2152 3838 damnati
2186 3784 2396 3850 publice
2443 3785 2642 3857 forent,
2693 3791 2933 3847 vinctum
2977 3811 3149 3892 usque
3174 3799 3243 3854 ad

1698 3883 2003 3941 Saturnalia
2049 3888 2401 3956 custodirent,
2444 3908 2676 3963 eumque
2706 3895 2773 3950 ad
2813 3897 3072 3953 solemnis
3116 3883 3241 3956 iesti
3324 3928 3331 3935 -

1694 3979 1836 4033 diem
1877 3988 2028 4035 extra
2067 3990 2254 4051 portas
2298 3984 2573 4052 eductum,
2606 3988 2837 4057 vinoque
2884 3988 3177 4057 madidum,
3209 4008 3242 4049 e

1693 4070 1912 4140 regione
1934 4072 2064 4127 tedis
2085 4072 2283 4157 Optimi
2318 4075 2544 4131 Consilii
2572 4078 2896 4149 jugularent.
2942 4082 3236 4150 Salamine,

1692 4177 1752 4221 ut
1789 4169 2003 4238 quidem
2040 4169 2196 4226 hodie
2222 4184 2436 4239 vocant,
2485 4192 2605 4247 qua:
2636 4180 2785 4247 prius
2812 4181 3048 4239 Coronea
3090 4186 3239 4242 dice-

1689 4258 1869 4324 batur,
1921 4276 2107 4317 mense
2157 4262 2371 4330 Martio,
2417 4282 2577 4335 quem
2626 4270 3003 4339 Aphrodisium
3053 4274 3236 4349 Cyprii

1690 4351 1991 4417 nominant,
2030 4352 2265 4424 Agraqu
2305 4357 2563 4428 CecrOpis
2590 4366 2943 4435 nymphaque
2987 4365 3237 4438 Agrauli-

1688 4441 1773 4495 dis
1830 4443 1953 4498 ﬁlia:
2003 4444 2276 4501 hominem
2324 4464 2539 4520 quoque
2589 4455 2916 4512 mactabam.
2965 4456 3069 4524 Qui
3115 4476 3234 4517 mos

1688 4564 1810 4604 cum
1849 4550 1913 4604 ad
1946 4548 2216 4608 Diomedis
2246 4570 2419 4624 usque
2446 4566 2689 4625 tempora
2713 4570 3038 4631 propagatus
3061 4577 3233 4626 esset,

1689 4638 1761 4693 ita
1802 4640 2055 4711 deinceps
2096 4652 2334 4701 mutatus
2361 4655 2461 4711 est,
2496 4657 2555 4702 ut
2583 4646 2824 4705 Diomedi
2853 4651 3126 4727 hominem
3183 4656 3238 4707 ilo

38 4739 147 4808 τρὶς
189 4709 431 4811 impleo;
467 4709 579 4795 *τόν
627 4709 830 4814 βωμόν·
882 4709 1156 4797 επειτα’ό
1202 4709 1377 4815 ἱερεὺς
1408 4709 1583 4798 ἀὐτόν

1694 4727 1801 4783 lum
1838 4709 2198 4795 immolarent,
2229 4749 2350 4788 cum
2377 4709 2629 4801 Palladis,
2659 4709 2897 4809 Agrauli,
2930 4755 2995 4794 ae
3016 4738 3238 4796 Diome—

37 4826 191 4900 λόγχῃ
225 4829 384 4882 ἔπαιε
433 4832 573 4884 κατά
611 4832 706 4884 τοῦ
742 4833 1033 4903 στομάχου,
1067 4834 1161 4886 καί
1208 4832 1379 4897 οὕτως
1410 4832 1576 4887 αὐτὸν

36 4919 117 4970 ἐπὶ
142 4920 240 4991 τήν
269 4920 520 4992 νηθεῖσαν
557 4921 733 4992 πυρὰν
768 4923 1137 4988 ὼλοκαύτιζον.
1186 4924 1383 4978 Τοῦτον
1410 4922 1466 4976 δὲ
1491 4926 1579 4977 τὸν

34 5011 220 5084 θεσμὸν
250 5015 487 5083 Διίφιλος
517 5014 624 5085 (86)
651 5017 680 5066 ό
712 5015 810 5084 τῆς
856 5016 1079 5087 Κύπρου
1124 5016 1369 5086 βασιλεὺς
1417 5016 1579 5069 κατέ-

33 5102 170 5167 λυσε,
197 5106 343 5159 κατά
368 5107 494 5170 τοὺς
517 5106 772 5193 Σελεύκου
807 5107 1027 5175 χρόνους
1066 5107 1160 5159 τού
1193 5107 1439 5174 θεολόγου
1467 5108 1577 5177 (87)

94 5279 200 5350 (84)
234 5282 353 5335 Καὶ
377 5281 465 5336 ὅτι
488 5284 688 5338 ταῦτα.
738 5283 811 5337 Ex
842 5284 960 5338 eod.
1018 5283 1053 5334 1.
1091 5299 1148 5345 ιι,
1185 5284 1321 5349 Περὶ
1370 5284 1571 5351 ἀποχ.,

27 5351 203 5421 ρηὲεί
238 5366 395 5405 nova-
426 5354 553 5421 edit.
583 5353 841 5409 Eumdem
878 5353 1058 5406 laudat
1085 5352 1315 5421 Cyrillus
1340 5353 1572 5406 Alexan-

28 5420 159 5475 driu.
200 5432 356 5474 torno
401 5420 487 5482 Ill,
540 5423 631 5476 lib.
690 5440 725 5476 ιι
778 5432 915 5476 cont.
960 5420 1164 5474 Julian.
1220 5438 1270 5482 p.
1333 5421 1401 5477 75
1447 5422 1566 5475 cod.

28 5438 159 5475 anu.
200 5438 356 5474 torno
401 5438 487 5482 Ill,
540 5438 631 5476 ιιι).
690 5440 725 5476 ιι
778 5438 915 5476 com.
960 5438 1164 5474 Julian.
1259 5463 1270 5475 .
1342 5438 1401 5477 ID
1447 5438 1566 5475 eoa.

28 5487 230 5561 Graeci;
257 5488 461 5561 Latini,
487 5505 537 5543 a.
563 5491 600 5544 ι.
636 5493 687 5546 4.
719 5508 772 5561 p.
824 5493 948 5557 598,
983 5493 1179 5547 colum.
1211 5438 1264 5559 ἕ,
1294 5491 1385 5545 sed
1419 5496 1570 5561 qua:-

24 5559 139 5611 dam
168 5560 403 5615 subinde
429 5570 651 5614 resecat.

92 5629 201 5700 (85)
232 5630 545 5701 Kogwrsia.
603 5630 783 5701 Cyrill.
835 5641 885 5684 et
928 5629 1223 5701 Porphyr.,
1284 5630 1563 5699 Κορωνίδι.

24 5696 281 5779 Stephani
311 5698 566 5779 E’pitom..
589 5696 846 5770 Κορώνην
878 5696 1428 5779 salaminisuparterm
1448 5714 1567 5779 esse

20 5770 120 5833 ait,
164 5767 482 5840 Κορωνείας
505 5782 629 5821 vero
658 5767 851 5840 nomen
880 5769 1024 5840 _aliis
1071 5768 1312 5840 urbibus.
1343 5768 1564 5840 tribuit;

20 5830 318 5958 esxlquibus
347 5846 522 5890 tamen
557 5852 713 5890 unam
776 5839 828 5890 in
869 5838 1044 5907 Cypro
1090 5830 1332 5903 collocat,
1377 5837 1465 5889 ubi
1514 5830 1569 5892 et

56 5924 83 5958 ο
109 5924 273 5958 amis.

109 5924 273 5962 amis.

56 5924 536 6046 ³ξίέἓωίόιίςοιλος.
585 5975 729 6031 Alter
768 5990 832 6030 ex
885 5976 1237 6044 manuscrip.,
1290 5975 1557 6047 Διάφιλος.

1684 4831 1773 4886 dis
1817 4833 2074 4903 templum
2104 4851 2214 4890 uno
2242 4839 2540 4910 eodemque
2576 4842 2777 4897 ambitu
2809 4852 3105 4900 teneretur.
3136 4848 3231 4901 At-

1680 4939 1786 4992 que
1831 4925 1900 4988 is,
1930 4939 2091 4993 quem
2129 4928 2195 4981 ad
2237 4929 2562 4985 sacriﬁcium
2595 4930 2945 4997 destinarant,
2968 4935 3223 5003 primum

1680 5016 1894 5093 quidem
1946 5018 2361 5075 adolescentium
2410 5020 2658 5075 manibus
2691 5030 2769 5075 ter
2805 5023 3008 5079 circum
3051 5028 3221 5081 altare

1678 5109 1878 5162 cursim
1910 5109 2171 5178 agebant;
2204 5109 2397 5163 deinde
2420 5126 2448 5163 a
2480 5112 2758 5167 sacerdote
2783 5114 2848 5168 ad
2878 5119 3215 5174 stomachum

1676 5263 1960 5337 Porphyrq
1988 5265 2219 5337 Δίφιλος.
2260 5264 2517 5337 Cyrinus
2541 5265 2641 5321 ista
2690 5270 2944 5337 praeterit.
2974 5270 3090 5327 Non
3114 5272 3221 5326 du-

1676 5332 1804 5395 bito,
1834 5332 1962 5403 quin
1987 5332 2265 5406 legendum
2289 5332 2360 5388 sit
2382 5332 2613 5399 Δίφιλος,
2639 5332 2783 5406 quod
2806 5340 3214 5396 usitatissimum

1674 5418 1866 5475 nomen
1891 5412 1972 5475 est
2004 5420 2018 5475 ς
2046 5403 2279 5475 Διίφιλος
2306 5417 2507 5475 rarum,
2540 5403 2791 5475 Διάιριλος
2818 5410 2905 5471 vix
2943 5408 3213 5467 auditum.

1748 5472 1855 5542 (87)
1903 5472 2204 5546 [eleuatae
2226 5471 2333 5546 τοῦ
2382 5471 2683 5546 θεολόγοι).
2724 5475 2816 5531 Ille
2861 5477 2995 5546 ipse,
3027 5482 3211 5544 credo,

1672 5539 2154 5610 estquemSuidas
2180 5539 2599 5597 Alexandrinum
2654 5539 3063 5610 grammaticum
3110 5539 3209 5602 vol

1672 5608 1887 5673 cat,'ad
1919 5608 2317 5663 distinctionem
2368 5612 2589 5667 alterius
2640 5608 2897 5668 Emiseni.
2948 5614 3209 5673 Eumdem

1670 5680 1932 5755 Homerici
1962 5689 2374 5747 cognomentum
2434 5682 2686 5755 habuisse
2736 5684 2917 5755 tradit,
2965 5695 3127 5755 atque
3156 5689 3210 5744 in

1668 5764 1857 5824 omnes
1890 5748 2001 5824 fere
2035 5756 2218 5815 poetas
2248 5752 2662 5824 commentarios
2689 5750 2944 5824 edidisse,
2984 5748 3052 5819 ac
3072 5772 3210 5824 pree—

1670 5827 1751 5889 ter
1777 5820 1911 5873 alios
1939 5818 2238 5889 plerosque,
2256 5828 2467 5874 centum
2499 5819 2582 5889 de_
2584 5819 2687 5872 diis
2708 5817 2991 5889 scripsisse
3006 5817 3204 5881 libros.

1669 5885 1823 5961 Unde
1864 5885 2153 5943 verisimile
2199 5898 2303 5956 est,
2368 5904 2488 5945 eum
2541 5885 2835 5961 Tbeologb
2865 5908 3061 5949 nomen
3112 5909 3203 5951 ac-

1663 5959 1776 6027 cepi
1785 5972 1888 6013 sse.
