4044 6334
3202 426 3306 484 εὶτᾶ

60 442 161 499 2:3
989 443 993 445 λ
1213 437 1529 494 PREPAR.
1570 436 1823 494 EVANG.
1860 409 2111 492 matv.

60 576 140 631 ρι-
184 560 456 632 μνήμης,
494 559 751 632 ἐμφύλιον
791 562 876 615 ἀει
914 555 1049 632 αἷμα
1095 561 1335 633 ῥαίνουσι
1368 561 1503 632 πρὸς
1535 562 1637 614 τοὺ‹

1764 562 2002 615 humano
2033 554 2294 621 sanguine
2317 552 2575 619 litavisse,
2612 552 2895 608 Philarcho
2927 552 3188 607 referente
3217 568 3307 607 ac-

57 648 300 720 βωμούς.
333 671 355 703 ι
391 652 579 707 Ταῦτα
614 653 709 722 μὲν
739 648 829 705 οὖν
862 654 924 705 ὲκ
950 653 1051 723 τῆς
1079 645 1511 724 προδηλωθείσης
1538 650 1637 703 κεί-

1758 652 2021 721 cepimus.
2078 646 2348 711 Thracas,
2407 644 2737 715 Scythasque
2796 654 3073 715 praetereo,
3115 661 3304 714 qucrn-

59 742 162 794 σθω
192 744 440 813 γραφῆς
462 761 474 773 ·
501 745 565 797 ἑκ
594 744 650 796 δὲ
690 743 782 797 τοῦ
823 743 1037 815 πρώτου
1086 744 1507 815 συγγράμματος
1552 743 1637 814 τῆς

1758 742 2045 809 admodum
2079 737 2429 793 Athenienses
2473 735 2773 802 Erechthei,
2810 734 3212 806 Praxitltezeqne
3251 736 3306 789 d-

56 833 290 898 Φίλωνος
340 835 665 906 Φοινικικῖκ
720 837 957 908 ἱστορίας
1016 836 1403 908 παραθήσομαι
1459 832 1637 887 ταῦτα.

1760 833 1885 887 liam
1914 832 2223 903 ceciderint,
2258 835 2390 889 nihil
2422 830 2561 885 dico.
2587 828 2719 883 lllud
2758 841 2934 884 autem
2965 828 3087 899 quis
3110 829 3301 890 nescit,

62 928 245 999 Magna
286 931 352 984 in
409 929 580 997 Urbe,
660 930 936 986 hominem
1004 932 1147 987 circa
1193 930 1341 985 Iovis
1387 928 1618 982 Latiaris
1692 926 1855 983 ferias
1907 928 2170 999 hodieque
2223 928 2486 983 mactari?
2517 945 2535 978 ι
2588 928 2650 981 lit
2694 940 2894 982 rursus;
2933 943 2945 979 :
2978 943 2996 975 ι
3047 922 3121 977 Ex
3168 936 3297 992 quo,

60 1026 251 1096 inquit,
291 1027 370 1081 ad
422 1036 633 1082 atatem
666 1043 838 1098 usque
870 1035 1133 1095 nostram,
1169 1044 1275 1082 non
1308 1036 1514 1081 tantum
1549 1024 1631 1079 vel
1672 1025 1724 1078 in
1760 1026 1990 1081 Arcadia
2055 1027 2283 1081 solemni
2316 1025 2687 1096 Lupercalium
2756 1023 2912 1088 festo,
2945 1022 3025 1077 vel
3059 1021 3285 1077 Cartha-

73 1122 182 1191 giae
214 1119 482 1177 Saturno
547 1122 779 1192 populus
812 1122 1102 1178 universus
1135 1122 1381 1177 homines
1450 1118 1717 1183 immolat,
1758 1120 1850 1173 sed
1888 1120 2048 1175 etiam
2100 1129 2247 1174 certo
2298 1129 2546 1189 statoque
2595 1118 2866 1173 redeuntis
2900 1106 3033 1170 annil
3078 1114 3298 1180 circulo,

76 1213 134 1267 ad
163 1214 587 1283 usurpationem
626 1213 821 1269 veteris
850 1213 1075 1285 fixaeque
1137 1214 1341 1283 legibus
1408 1213 1699 1276 memorim,
1739 1228 1859 1268 aras
1920 1213 2067 1268 civili
2123 1227 2334 1283 semper
2384 1229 2447 1267 ac
2500 1210 2797 1266 domestico
2848 1224 3039 1264 cruore
3077 1206 3301 1280 perfun-

73 1306 212 1361 dunt.
252 1325 273 1359 ι
351 1305 634 1362 Hactenus
672 1322 739 1363 ex
783 1292 1100 1379 Porphyrio.
1128 1294 1255 1362 'Jam
1310 1322 1376 1363 ex
1428 1306 1603 1377 primo
1654 1304 1897 1361 Philonis
1942 1307 2008 1362 de
2044 1305 2359 1361 Phoenicum
2405 1304 2629 1358 historia
2670 1302 2939 1356 volumine
2976 1306 3089 1357 haec
3131 1315 3301 1369 pauca
3344 1338 3351 1344 .
3465 1307 3468 1310 ’

67 1400 389 1467 subjiciam.

129 1510 149 1543 ς
186 1491 363 1556 Ἐθος
413 1486 482 1563 ἦν
509 1494 621 1556 τοῖς
647 1491 889 1557 παλαιοῖς
920 1492 978 1547 ὲν
1013 1495 1131 1556 ταῖς
1163 1492 1422 1562 μεγάλαις
1449 1509 1655 1564 συμφα-

66 1588 178 1655 ραίς
206 1583 327 1637 τῶν
371 1583 633 1638 κινδύνων
660 1586 778 1639 ἀντὶ
811 1586 909 1657 τῆς
940 1586 1154 1639 πάντων
1184 1584 1387 1658 φθορᾶς
1429 1586 1489 1638 τὸ
1512 1588 1645 1655 ἠγα-

66 1676 310 1746 πημένον
347 1675 461 1730 τῶν
519 1677 721 1731 τέκνων
759 1679 882 1742 τοὺς
921 1677 1250 1749 κρατοῦντας
1285 1679 1318 1748 ἢ
1364 1678 1566 1743 πόλεως
1609 1678 1639 1748 ἢ

64 1768 245 1833 ἔθνους
288 1772 376 1833 είς
418 1771 629 1842 σφαγὴν
666 1770 953 1824 ἐπιδιδόναι
1000 1770 1191 1842 λύτρον
1230 1774 1340 1835 τοῖς
1384 1772 1641 1842 τιμωροῖς

62 1858 305 1928 δαίμοσι.
341 1859 791 1929 Κατεσφάττοντο
846 1859 901 1917 δὲ
946 1860 995 1912 oi
1038 1859 1297 1930 διδόμενοι
1349 1858 1637 1931 μυστικῶς.

66 1950 275 2023 Κρόνος
312 1951 517 2015 τοίνυν,
543 1950 603 2003 δν
642 1952 691 2004 oi
742 1952 983 2015 Φοίνικες
1018 1952 1231 2024 Ἰσραὴλ
1279 1951 1642 2025 προσαγορεύ.
1678 1938 1715 1993 Β

64 2060 203 2106 ουσι,
226 2042 532 2113 βασιλεύων
549 2043 649 2113 τῆς
673 2039 873 2115 χώρας,
898 2046 988 2098 καὶ
1012 2044 1233 2116 ὕστερον
1261 2044 1395 2116 μετὰ
1417 2045 1513 2117 τὴν
1548 2044 1641 2098 τοῦ

68 2136 184 2205 βίου
212 2136 473 2208 τελευτὴν
487 2137 566 2200 είς
587 2137 676 2189 τὸν
708 2136 799 2190 τοῦ
832 2138 1034 2209 Κρόνου
1054 2140 1253 2208 ἀστέρα
1271 2138 1639 2211 καθιερωθεὶς,

69 2230 128 2296 ἐξ
161 2227 457 2300 ἐπιχωρίας
501 2227 715 2299 νύμφης
745 2228 1010 2303 Ἀνωὸρὲτ
1042 2230 1333 2301 λεγομένης
1364 2231 1475 2283 υίὸν
1508 2230 1643 2301 ἔχων

75 2319 353 2389 μονογενῆ,
375 2318 435 2371 δν
462 2316 553 2371 διὰ
575 2318 730 2370 τοῦτο
758 2319 921 2372 Ἰεοὺδ
941 2319 1186 2383 ἐκάλουν,
1208 2320 1301 2373 τοῦ
1328 2322 1643 2391 μονογενοῦς

80 2405 250 2471 οὕτως
270 2407 340 2461 ἔτι
365 2408 460 2461 καὶ
490 2406 584 2460 νῦν
611 2406 941 2478 καλουμένου
974 2408 1123 2479 παρὰ
1150 2411 1263 2473 τοῖς
1289 2406 1505 2474 Φοίνιξι,
1530 2425 1641 2460 κιν-

79 2500 243 2554 δύνων
270 2505 332 2555 ἐκ
350 2502 587 2573 πολέμου
612 2500 882 2572 μεγίστων
905 2501 1301 2573 κατειληφότων
1325 2501 1420 2572 τὴν
1440 2502 1638 2573 χώραν,

78 2592 337 2663 βασιλικῷ
363 2594 644 2665 κοσμήσας
674 2594 909 2664 σχήματι
935 2592 1025 2645 τὸν
1059 2592 1171 2645 υίδν
1190 2632 1204 2656 ,
1247 2591 1430 2663 βωμόν
1460 2609 1518 2645 τε
1544 2608 1643 2645 κα-

70 2682 546 2752 τασκευασάμενος
591 2682 877 2736 κατέθυσε.
931 2703 948 2734 ι
988 2682 1172 2736 Ταῦτα
1206 2683 1302 2753 μὲν
1339 2678 1430 2735 οὖν
1458 2683 1643 2736 τοῦτον

70 2768 182 2844 εἶχε
208 2774 305 2826 τὸν
323 2774 539 2846 τρόπον.
564 2776 803 2837 Εἰκότως
824 2773 930 2846 ἄρα
958 2777 986 2828 ὁ
1012 2774 1307 2845 θαυμάσιος
1337 2776 1560 2846 Κλήμης
1584 2778 1640 2828 ὲν

66 2868 143 2937 τῷ
177 2869 322 2939 πρὸς
348 2866 601 2939 Ἕλληνας
629 2868 1061 2936 Προτρεπτικῷ,
1080 2869 1216 2922 αὐτὰ
1244 2867 1305 2938 δὴ
1334 2868 1501 2921 ταῦτα
1530 2870 1643 2922 ἐπι-

71 2958 446 3031 μεμφόμενος,
482 2960 654 3013 τοιάδε
684 2961 775 3012 καὶ
806 2959 967 3023 αὐτὸς
1002 2959 1098 3031 τὴν
1146 2959 1352 3031 πλάνην
1397 2960 1502 3013 τῶν
1550 2962 1640 3014 ἀν·

70 3051 304 3124 θρώπων
360 3052 754 3123 ἀπολοφύρεται
801 3051 1002 3120 λέγων·
1061 3070 1079 3105 ι
1132 3052 1254 3123 Φέρ³
1288 3048 1378 3107 οὖν
1406 3054 1498 3124 δὴ,
1547 3053 1641 3107 καὶ

70 3142 224 3196 τοῦτο
260 3144 609 3216 προσθῶμεν,
642 3144 717 3208 ὡς
752 3144 1106 3215 ἀπάνθρωποι
1132 3146 1224 3197 καὶ
1272 3144 1639 3217 μισάνθρωποι

1834 1507 1852 1539 ι
1883 1486 2036 1557 Apud
2070 1495 2294 1550 veteres,
2323 1482 2517 1552 inquit,
2544 1482 2596 1536 in
2634 1495 2780 1536 more
2806 1479 3034 1550 positum
3072 1489 3207 1547 erat,
3241 1488 3301 1536 ut

1759 1598 1812 1635 tn
1866 1579 2096 1635 summis
2135 1576 2444 1647 reipublicae
2493 1572 2910 1635 calamitatibus,
2960 1586 3122 1643 penes
3164 1588 3300 1643 quos

1750 1686 1844 1728 aut
1876 1671 2115 1728 civitatis
2148 1678 2243 1725 aut
2288 1666 2461 1739 gentis
2495 1666 2775 1737 imperium
2819 1674 2982 1733 esset,
3014 1667 3047 1721 ii
3099 1665 3298 1720 libero-

1748 1780 1865 1819 rum
1901 1777 2126 1819 suorum
2162 1758 2493 1826 charissimi,
2535 1757 2803 1813 ultor-ibus
2847 1757 3182 1812 damonibns
3213 1758 3301 1825 ju-

1750 1856 1937 1927 gulati,
1981 1852 2242 1925 sanguine
2290 1852 2445 1924 quasi
2498 1850 2704 1921 pretio,
2755 1847 3025 1920 publicum
3074 1848 3296 1904 exitium

1748 1949 2133 2018 interitumque
2173 1947 2514 2001 redimerent.
2557 1941 2659 2008 Qui
2688 1957 2817 1997 vero
2844 1951 2954 1996 tum
2995 1940 3061 1994 ad
3090 1940 3297 1996 sacriti-

1746 2042 1888 2099 cium
1933 2040 2354 2103 devovebantur,
2405 2052 2498 2093 cos
2524 2035 2767 2107 mysticis
2796 2033 3115 2105 quibusdam
3156 2036 3295 2088 ceri-

1746 2132 1944 2187 moniis
1968 2130 2309 2202 jngulahant.
2342 2128 2630 2182 Enimvero
2654 2124 2942 2191 Saturnus,
2966 2141 3122 2195 quem
3145 2124 3299 2181 Ριιω-

1746 2224 1891 2279 nices
1919 2222 2171 2279 lsraelem
2208 2204 2513 2282 nominant,
2549 2234 2820 2290 quemque
2852 2226 2974 2289 post
3000 2218 3204 2272 obitum
3242 2217 3295 2271 in

1744 2324 1950 2369 astrum
2005 2313 2247 2383 ejusdem
2302 2309 2551 2379 nominis
2585 2318 2999 2375 consecrarunt,
3059 2324 3180 2364 cum
3232 2309 3296 2363 iis

1744 2408 1797 2462 in
1856 2407 1988 2461 locis
2052 2413 2329 2477 regnaret,
2388 2420 2452 2459 ac
2507 2404 2674 2459 ﬁlium
2736 2404 2953 2457 unicum
3015 2416 3080 2457 ex
3138 2416 3295 2473 nym-

1742 2499 1847 2569 pha
1898 2498 2130 2570 quadam
2191 2497 2478 2568 indigena,
2535 2511 2697 2567 quam
2756 2496 3083 2550 Anobretten
3140 2508 3297 2548 voca-

1742 2589 1890 2653 bant,
1934 2587 2295 2657 suscepisset,
2336 2601 2568 2656 eumque
2611 2593 2890 2661 propterea
2931 2581 3144 2638 leudem
3193 2598 3291 2652 ap-

1742 2680 2023 2749 pellatum,
2066 2677 2209 2748 quod
2236 2692 2297 2731 ea
2342 2691 2447 2730 vox
2493 2676 2633 2747 apud
2681 2674 2963 2732 Phoenices
3001 2665 3289 2745 un'igenam

1748 2771 1901 2842 157
1937 2769 2231 2825 etiamnum
2261 2767 2562 2838 significet;
2592 2782 2825 2837 cumque
2865 2765 3133 2820 teterrima
3171 2765 3290 2819 belli

1742 2864 1922 2919 clades
1950 2862 2258 2917 universam
2309 2861 2363 2914 in
2397 2860 2667 2930 regionem
2719 2858 3073 2924 incubuisset,
3136 2856 3295 2910 illum

1742 2956 1920 3028 ipsum
1960 2954 2108 3025 regio
2133 2954 2277 3008 cultu
2308 2961 2555 3009 ornatum
2586 2953 2653 3007 ad
2683 2968 2830 3007 aram
2879 2952 2973 3006 abs
2999 2966 3117 3006 sese
3140 2950 3293 3022 prius

1739 3056 1977 3105 erectam
2013 3058 2067 3103 et
2099 3046 2419 3103 instructam
2455 3045 2771 3101 immolavit.
2826 3032 2857 3097 ι
2895 3043 3025 3110 Quae
3049 3058 3169 3099 cum
3218 3041 3288 3097 ita

1740 3157 1801 3199 se
1817 3142 2099 3203 haberent,
2124 3141 2245 3211 jure
2274 3154 2405 3195 sane
2426 3153 2489 3193 ac
2518 3138 2710 3192 merito
2734 3136 2998 3201 Clemens,
3030 3135 3109 3189 vir
3134 3133 3301 3204 plane-

74 3234 319 3305 δαίμονες
341 3230 449 3289 εἷεν
485 3237 613 3307 ὑμῖν
644 3238 691 3290 οἱ
718 3235 849 3299 θεοὶ,
886 3236 980 3289 καὶ
1004 3236 1124 3306 οὐχὶ
1152 3237 1309 3306 μόνον
1337 3236 1637 3309 ἐπιχαίρον-

1743 3233 2055 3304 singularis,
2089 3233 2142 3286 in
2160 3248 2243 3299 ea,
2264 3247 2425 3302 quam
2456 3230 2745 3302 gentilibus
2772 3228 3067 3298 inscripsit,
3090 3225 3292 3283 Cohor-

77 3294 255 3397 τεςτῇ
290 3294 676 3399 ιρρενοόλαὸείᾳ
707 3330 813 3383 τῶν
837 3294 1163 3399 ἀνθρώπων,
1196 3330 1329 3407 πρὸς
1356 3330 1412 3383 δὲ
1430 3294 1535 3384 καὶ.
1556 3332 1637 3384 ἅν-

1744 3326 1962 3391 tatione,
1996 3324 2185 3379 eadem
2218 3323 2320 3377 ista
2352 3336 2602 3391 carpens,
2645 3320 2925 3375 hominum
2951 3319 3164 3373 illorum
3188 3332 3291 3372 ca-

76 3414 475 3486 θρώποκτονίας
501 3417 865 3483 ἀπολαύοντες
885 3438 896 3450 ·
926 3421 1041 3473 νυνὶ
1071 3422 1167 3491 μὲν
1190 3421 1287 3485 τὰς
1319 3423 1376 3474 ὲν
1408 3424 1638 3487 σταδίοις

76 3506 321 3571 ἐνόπλους
356 3507 706 3577 φιλονεικίας,
730 3512 845 3563 νυνὶ
876 3502 931 3563 δὲ
968 3513 1067 3575 τας
1090 3514 1145 3565 ὲν
1170 3513 1427 3584 πολέμοις
1446 3515 1637 3587 ἀναρί-

80 3598 242 3669 θμους
267 3600 602 3671 φιλοτιμίας,
631 3601 883 3672 ἀφορμὰς
928 3602 1109 3669 σφίσιν
1133 3602 1323 3673 ἡδονῆς
1347 3602 1636 3676 ποριζόμε-

79 3707 174 3754 νοι,
220 3692 365 3756 ὅπως
422 3694 503 3747 ὅτι
548 3693 777 3765 μάλιστα
817 3693 989 3764 ἔχοιεν
1025 3691 1375 3765 ἀνθρωπείων
1417 3696 1635 3767 ἀναίδην

76 3769 423 3856 ἐμφορεῖσθαι
467 3785 661 3854 φόνων.
701 3784 837 3856 Ἤδη
883 3785 939 3839 δὲ
988 3785 1125 3838 κατὰ
1176 3786 1357 3848 πόλεις
1384 3787 1476 3839 καὶ
1509 3788 1635 3860 ἔθνη

72 3876 227 3928 οίονιὶ
243 3876 421 3947 λοιμοὶ
448 3876 869 3948 ἐπισκήψαντες,
902 3878 1130 3941 σπονδὰς
1179 3878 1463 3950 ἀπῄτησαν
1504 3880 1635 3951 ἀνη-

76 3965 290 4039 μέρους.
353 3968 740 4041 ’Δριστομένης
786 3968 915 4039 γοῦν
955 3971 983 4021 ὁ
1026 3971 1329 4042 Μεσσήνιος
1368 3972 1448 4043 τῷ
1490 3972 1635 4026 Ἰθω-

76 4058 203 4132 μίτῃ
244 4057 352 4128 (96)
382 4060 464 4111 Διὶ
486 4059 826 4131 τριακοσίους
852 4058 1159 4128 ἀπέσφαξεο
1199 4050 1462 4127 τοσαύτας
1500 4063 1632 4135 ὁμοῦ

72 4147 161 4202 καὶ
194 4150 449 4214 τοιαύτας
476 4150 773 4221 καλλιερεῖν
806 4152 1046 4220 οἰόμενος
1081 4152 1384 4224 ἑκατόμϐας
1404 4173 1417 4184 ο
1463 4156 1520 4208 ὲν
1552 4149 1632 4220 οἷς

77 4239 164 4293 καὶ
187 4240 507 4312 Θεόπομπος
526 4238 594 4313 ἦν
621 4245 651 4295 δ
672 4241 1107 4312 Λακεδαιμονίων
1138 4243 1403 4314 βασιλεὺς,
1442 4246 1632 4314 ἱερεῖον

83 4331 312 4398 εὐγενές,
337 4333 539 4406 Ταῦροι
580 4334 635 4387 δὲ
675 4333 735 4387 τὺ
758 4333 934 4397 ἔθνος,
960 4334 1012 4386 oi
1049 4336 1177 4405 περὶ
1226 4335 1321 4406 τὴν
1358 4336 1631 4408 Ταυρικὴν

78 4422 415 4494 Χερρόνησον
438 4426 835 4491 κατοικοῦντες,
871 4424 963 4491 οὒς
988 4425 1052 4480 ἃν
1080 4425 1186 4481 τῶν
1206 4424 1368 4494 ξένων
1388 4429 1514 4499 παρ’
1538 4428 1632 4480 αὑ-

71 4517 179 4579 τοῖς
213 4514 395 4579 Ξλωσι,
426 4516 629 4572 τούτων
670 4519 732 4591 δὴ
758 4520 865 4573 τῶν
898 4520 1035 4574 κατὰ
1076 4518 1339 4578 θάλατταν
1382 4520 1633 4574 ἐπταικό-

1742 3415 1957 3471 citatem
1993 3414 2077 3469 his
2110 3413 2292 3468 verbis
2350 3413 2741 3466 lamentatur”
2782 3409 2933 3466 Nunc
2978 3418 3178 3475 autem,
3205 3407 3289 3463 in-

1704 3548 1707 3549 ν
1739 3509 1881 3578 quit,
1918 3506 2296 3577 superioribus
2327 3504 2459 3559 illud
2508 3505 2666 3559 etiam
2720 3503 3098 3573 adjungamus,
3124 3517 3289 3572 quam

1738 3599 2004 3654 immanes
2034 3598 2110 3653 dii
2138 3597 2303 3654 vestri
2331 3597 2605 3653 daemones
2645 3595 2865 3663 fuerint,
2897 3610 3169 3668 quamque
3196 3611 3288 3649 ca-

1737 3691 1885 3762 pitali
1925 3690 2205 3745 hominum
2252 3690 2376 3745 odio
2405 3690 2767 3762 ﬂagraverint,
2820 3689 2913 3759 qui
2955 3672 3143 3745 eorum
3178 3703 3283 3742 non

1734 3782 1988 3839 vecordia
2022 3784 2183 3839 modo
2209 3784 2530 3855 insaniaque
2555 3782 2972 3848 delectarentur,
3006 3781 3097 3837 sed
3121 3780 3282 3835 etiam

1734 3876 2049 3933 carnificina
2104 3875 2451 3946 aedibusque
2504 3872 2829 3929 fruerentur.
2872 3871 3079 3941 Quippe
3122 3870 3284 3925 modo

1733 3971 1878 4026 enim
1916 3977 2153 4024 armatas
2181 3970 2237 4022 in
2267 3968 2443 4023 stadio
2488 3976 2542 4021 et
2586 3964 2897 4021 ambitiosas
2952 3963 3286 4021 commissio-

1735 4076 1853 4125 nes,
1884 4059 2046 4115 modo
2078 4057 2315 4113 infinitas
2344 4056 2465 4113 belli
2484 4059 2854 4113 contentiones
2877 4057 3099 4113 honoris
3120 4073 3282 4115 causa

1733 4151 2023 4223 gloriaeque
2074 4158 2374 4219 susceptas,
2424 4150 2714 4219 voluptatis
2762 4147 2864 4204 sibi
2911 4151 3191 4206 materiam
3221 4167 3284 4207 ac

1732 4251 1965 4313 segetem
1999 4241 2367 4302 accersebant,
2409 4249 2469 4295 ut
2518 4241 2597 4295 sic
2626 4241 2904 4314 indignum
2951 4243 3006 4298 in
3062 4244 3280 4299 modum

1733 4334 1972 4389 humano
2001 4348 2195 4389 cruore
2224 4334 2406 4388 satiari
2434 4346 2673 4405 possent.
2706 4333 2824 4389 Jam
2850 4351 2976 4391 vero
3000 4351 3093 4406 per
3120 4336 3283 4391 urbes

1732 4424 1935 4494 passim
1962 4438 2024 4478 ac
2045 4421 2271 4493 populos
2296 4431 2550 4493 tanquam
2582 4424 2871 4478 teterrimae
2913 4433 3091 4495 pestes
3133 4440 3284 4494 gras-

1735 4514 1861 4579 sati,
1892 4513 2139 4569 crudeles
2165 4514 2420 4583 dirasque
2450 4512 2736 4570 libationes
2765 4515 3103 4584 expetebant.
3142 4513 3282 4569 Sane

67 4620 195 4670 των,
240 4604 435 4660 αὐτίκα
479 4606 623 4677 μάλα
666 4612 733 4680 τῇ
769 4610 1012 4681 Ταυρικῇ
1048 4608 1401 4664 καταθύουσιν
1452 4609 1631 4681 Ἀρτέ-

1737 4604 2103 4659 Aristomenes
2132 4602 2220 4657 ille
2244 4602 2541 4659 Messenius
2570 4600 2835 4659 lthomitae
2865 4602 2982 4657 Jovi
3014 4613 3280 4658 trecentos

70 4698 203 4768 μιδι.
229 4696 441 4761 Ταύτας
469 4713 559 4749 σου
585 4709 612 4737 ι
640 4699 738 4761 τὰς
766 4700 954 4765 θυσίας
1001 4703 1090 4755 ἐπὶ
1133 4703 1333 4774 σκηνῆς
1370 4701 1633 4773 τραγῳδεῖ

66 4792 95 4844 ὁ
130 4788 446 4862 Εὐριπίδης.
472 4788 713 4860 Μόνιμος
738 4790 848 4861 (97)
870 4792 927 4844 δὲ
954 4794 1152 4864 ἱστορεῖ
1174 4796 1229 4846 ὲν
1258 4796 1323 4864 τῇ
1354 4793 1471 4846 Τῶν
1490 4796 1630 4846 θαυο

61 4880 305 4950 paviun-
326 4877 642 4948 συναγωγῇ
666 4880 723 4930 ὲν
756 4879 932 4950 Πέλλῃ
963 4880 1063 4949 τῆς
1082 4882 1373 4946 Θετταλίας
1419 4882 1629 4952 Ἀχαιὸν

68 4970 356 5044 ἄνθρωπον
380 4973 545 5042 Πηλεί
569 4972 661 5024 καὶ
692 4970 921 5043 Χείρωνι
956 4973 1339 5029 καταθύεσθαι.
1369 4972 1629 5035 Λυκτίους

68 5061 181 5134 (98)
212 5062 341 5134 γὰρ,
370 5064 598 5135 Κρητῶν
627 5064 683 5117 δὲ
720 5062 869 5127 ἔθνος
899 5064 1033 5117 εἰσιν
1058 5056 1222 5129 οὗτοι,
1275 5064 1629 5134 Ἀντικλείδης

68 5155 127 5205 ιν
154 5153 409 5219 Νόστοις
437 5154 544 5224 (99)
559 5152 1025 5222 ἀποφαίνεταιὼθ
1034 5151 1244 5224 ρώπους
1268 5154 1627 5223 ἀποσφάττειν

68 5246 150 5316 τῷ
180 5243 282 5298 Διί.
309 5244 417 5298 Καὶ
445 5247 701 5312 Λεσϐίους
737 5246 969 5319 Διονύσῳ
1002 5247 1096 5319 τὴν
1124 5246 1314 5318 ὁμοίαν
1336 5246 1625 5319 προσάγειν

144 5369 170 5400 ι
212 5358 297 5411 ισ.
330 5373 431 5411 σοι.

147 5464 257 5537 (96)
294 5466 735 5540 ’Ἀριστομένης
796 5469 876 5536 τῷ
931 5469 1219 5540 Ἰθωμίτῃ.
1274 5464 1483 5540 Melius,
1540 5466 1625 5540 vel

84 5536 1622 5630 ΪίΡΪίξῆἷίῖἠῗῗίηἸβξῗμἮν,Ρξέιέὲίηέἓδτ,ἒξὲἔίίιμὶθί

72 5596 256 5681 etiam,
276 5596 340 5661 ut
360 5596 1012 5681 Ῥξιυεοηίοδζ--Ἱθωμᾴτῃ,
1037 5596 1128 5664 εἴη
1166 5596 1451 5681 Ἰθωμάτα,
1478 5596 1622 5676 quod

74 5622 340 5672 etrant,ut
372 5622 685 5670 Pausanias,
732 5622 1012 5681 ·ιυωματη,
1037 5622 1128 5664 aut
1169 5622 1390 5679 ἰυωματ
1435 5646 1450 5670 ,
1480 5622 1622 5676 quoa

74 5677 352 5758 ρος-ἰωῇ),
378 5678 643 5758 planeque
677 5668 1040 5758 Messen-ich
1072 5690 1155 5758 est
1202 5698 1226 5758 :_
1279 5681 1346 5733 ab
1392 5622 1622 5758 fthqma,

76 5748 354 5803 Messenia:
385 5755 586 5808 monte,
638 5748 725 5820 ubi
768 5750 1029 5820 Aoppidum
1077 5750 1315 5820 ejusdem
1364 5747 1621 5815 nominis,

71 5822 484 5890 sittLopercque
513 5817 953 5890 munitissimum.

142 5885 228 5959 (97
233 5884 264 5958 )’
298 5884 582 5959 Udi-mag.
614 5884 688 5945 De
713 5888 813 5946 hoc
836 5890 1111 5961 scriptore,
1134 5889 1358 5961 ejusque
1382 5891 1621 5958 Ἀνθρω-

1728 4696 2019 4767 jugulavit,
2048 4703 2200 4749 ratus
2230 4696 2441 4766 egregie
2471 4710 2589 4751 sese
2614 4701 2694 4749 tot
2740 4703 2957 4763 tamque
2988 4692 3139 4747 lectis
3182 4694 3277 4746 he-

1732 4790 1996 4845 catombis
2029 4788 2231 4853 litasse,
2262 4803 2491 4857 quorum
2547 4801 2577 4840 e
2626 4800 2850 4840 numero
2898 4783 3279 4855 Theopompus

1732 4892 1868 4948 erat,
1897 4880 2427 4936 Lacedaemoniorum
2460 4892 2573 4941 rex,
2611 4875 2834 4931 illustris
2882 4875 3069 4944 utique
3122 4876 3279 4930 nobi-

1730 4975 1905 5045 lisque
1933 4973 2167 5027 victima.
2213 4969 2375 5025 Tauri
2407 4984 2531 5023 vero
2581 4963 2785 5037 populi,
2837 4969 2929 5038 qui
2960 4971 3101 5024 circa
3136 4966 3278 5024 Tau-

1730 5068 1896 5122 ricam
1923 5066 2314 5121 Chersonesum
2347 5062 2610 5129 habitant,
2635 5072 2902 5132 quotquot
2938 5065 3077 5133 apud
3105 5080 3164 5119 se
3188 5080 3276 5133 pe—

1728 5159 1975 5228 regrinos
2004 5171 2069 5210 eo
2105 5164 2216 5208 tum
2244 5170 2447 5219 errore,
2484 5162 2595 5207 tum
2627 5153 2675 5206 vi
2713 5157 3047 5224 tempestatis
3082 5156 3272 5224 appul-

1728 5263 1819 5303 sos
1847 5247 2244 5317 interciperent,
2276 5262 2305 5301 e
2325 5247 2546 5315 vestigio
2582 5244 2827 5303 Taurica:
2857 5246 3037 5303 Diana!
3071 5247 3271 5299 immn-

1725 5467 1987 5533 ποθυσίᾳ
2012 5463 2142 5519 nihil
2166 5463 2287 5534 legi.
2320 5462 2479 5517 Forte
2508 5463 2560 5518 in
2603 5465 2824 5521 Achillis
2848 5466 3134 5518 immaturo
3164 5463 3271 5519 fato

1726 5538 1862 5606 rapti
1896 5533 2235 5606 memoriam,
2252 5533 2409 5587 Peleo
2439 5534 2555 5604 ejus
2578 5536 2803 5605 parenti,
2835 5544 2887 5588 et
2912 5534 3135 5589 Chironi
3171 5552 3271 5589 nu-

1724 5609 1872 5661 tritio
1904 5607 2079 5661 scelus
2103 5605 2203 5658 hoc
2236 5606 2539 5658 institutum
2589 5608 2765 5659 fuerit.

1802 5678 1913 5747 (98)
1942 5675 2253 5739 Λυκτίους.
2287 5673 2479 5747 Recte;
2514 5689 2787 5747 perperam
2818 5672 2959 5727 enim
2987 5676 3126 5744 apud
3150 5674 3269 5729 Cleo

1726 5745 1888 5801 ment.
1902 5791 1915 5813 ,
1945 5746 2167 5799 habetur
2222 5747 2257 5795 A
2271 5745 2470 5809 υκίους.

1800 5812 1909 5887 (99)
1945 5814 2342 5887 Ἀντικλείδης
2366 5817 2433 5887 ἐι·
2478 5817 2745 5887 Νόστοις)
2805 5812 3023 5887 Suidas,

1727 5880 1957 5959 κλίίδης,
1986 5886 2178 5955 inquit,
2214 5880 2362 5951 οὗτος
2390 5886 2590 5957 ἔγραψε
2626 5884 2747 5958 περὶ
2775 5884 2993 5941 νόστων.

3102 5814 3267 5869 Ἀντι-
