4044 6334
723 474 825 529 279

1356 475 1624 533 EUSEBII
1661 476 2144 534 CZESARIENSI'S
2187 478 2314 533 OPP
2381 478 2559 533 PARS
2597 478 2658 533 ll.
2694 511 2760 518 —
2792 474 3291 534 APOLOGETICA.

681 603 812 646 -tea
859 607 1040 648 rerum
1073 592 1318 647 omnium
1355 595 1637 648 sterilitate
1689 605 2083 664 premerentur,
2138 594 2272 660 Jovi,

2381 597 2442 647 οὺ
2481 596 2788 662 Πελασγοὺς
2827 595 2983 648 καλεῖ
3027 595 3151 657 τοὺς
3192 590 3526 663 ἀνθρώπους,
3568 588 3707 643 ἀλλά
3742 589 3972 658 Τυρρή-

720 683 976 752 Apollini,
1016 681 1069 737 et
1095 681 1307 736 Cabiris
1340 699 1552 747 eorum,
1585 699 1704 753 quae
1751 685 1851 738 sibi
1903 696 2277 751 nascerentur,

721 778 958 830 omnium
1001 777 1243 831 decimas
1279 784 1569 841 voverant;
1615 776 1841 845 ideoque
1900 778 1977 830 rei
2029 786 2277 830 votorum

720 867 914 932 effecti,
944 867 1173 921 eximias
1204 865 1475 919 fructuum
1505 881 1568 920 ac
1615 882 1870 936 pecorum
1903 866 2278 920 universorum

721 959 960 1013 decimas
990 958 1095 1013 diis
1122 967 1530 1022 consecrarunt,
1565 959 1720 1026 quasi
1755 959 1868 1013 suis
1911 975 2003 1012 eas
2048 967 2277 1023 tantum,

725 1051 964 1119 nihilque
1009 1059 1267 1119 praeterea
1325 1050 1468 1103 votis
1523 1049 1893 1105 inclusissent.
1955 1051 2129 1121 Atque
2168 1051 2282 1106 haec

724 1140 943 1194 totidem
977 1156 1112 1209 pene
1134 1140 1315 1194 verbis
1369 1153 1400 1192 a
1458 1138 1676 1210 Myrsilo
1723 1141 1916 1196 Lesbio
1950 1157 2281 1196 commemo-

721 1241 933 1296 rantur,
985 1232 1090 1287 nisi
1121 1233 1268 1302 quod
1314 1231 1626 1305 Tyrrhenos
1681 1234 1793 1303 ipse
1842 1234 2070 1305 populos
2123 1235 2279 1298 istos,

723 1339 832 1378 non
867 1323 1121 1394 Pelasgos
1157 1325 1410 1394 appellat.
1440 1325 1597 1395 cujus
1630 1325 1706 1379 rei
1740 1333 1904 1380 cansa
1935 1325 2287 1394 postmodum

720 1432 747 1469 a
776 1416 931 1471 nobis
963 1415 1236 1470 afferetur.
1271 1415 1537 1471 Caeterum
1572 1432 1694 1471 cum
1757 1417 1823 1471 de
1881 1417 2034 1470 relati
2075 1418 2278 1471 oraculi

719 1516 897 1562 mente
932 1507 1081 1561 nullo
1113 1507 1277 1561 modo
1301 1507 1571 1577 conjicere
1621 1516 1863 1577 possent,
1917 1507 2096 1561 dubiis
2162 1509 2280 1560 ani-

721 1596 904 1664 mique
932 1597 1311 1665 pendentibus,
1363 1612 1392 1650 e
1437 1597 1744 1651 senioribus
1771 1611 1914 1650 unus
1935 1596 2126 1665 aliquis
2159 1612 2278 1650 cam

721 1686 947 1741 solerter
977 1697 1282 1754 assecutus,
1322 1702 1418 1740 eos
1466 1688 1783 1757 gravissime
1835 1686 1946 1741 falli
1995 1689 2280 1742 denuntia-

719 1779 815 1840 vit,
875 1780 918 1832 si
976 1778 1249 1832 immerito
1298 1779 1400 1832 sibi
1455 1795 1775 1835 succensere
1819 1780 1947 1834 deos
1978 1789 2274 1849 putarent:

719 1886 844 1924 nam
877 1887 1056 1926 rerum
1087 1874 1304 1941 quidem
1333 1888 1396 1926 ac
1422 1870 1759 1928 fortunarum
1779 1872 2045 1941 primitias
2078 1873 2177 1926 rite
2200 1883 2280 1926 at-

2387 686 2510 750 νοῦς
2533 703 2544 715 ·
2578 687 2675 756 τὴν
2702 687 2744 738 δ’
2780 686 2957 739 αἰτίαν
2989 685 3096 754 (15)
3130 685 3304 754 ὀλίγον
3347 683 3572 756 ὕστερον
3609 679 3740 750 ἐρῶ.
3793 681 3890 744 Ὡς
3919 681 3970 733 δὲ

2386 777 2748 847 ἀπενεχθέντα
2787 776 2876 828 τὸν
2915 773 3164 847 χρησμὸν
3201 773 3417 844 ἔμαθον,
3451 774 3552 826 οὐκ
3589 767 3736 842 εἶχον
3771 772 3848 824 τὰ
3889 771 3971 822 λε-

2387 870 2590 940 γόμενα
2649 868 2961 941 συμϐαλεῖν.
3033 867 3391 939 Ἀμηχανοῦσι
3462 866 3518 918 δὲ
3595 865 3787 927 αὐτοῖς
3861 863 3968 914 τῶν

2387 961 2719 1032 γεραιτέρων
2750 979 2831 1025 τις
2866 961 3032 1029 λέγει,
3072 958 3357 1029 συμϐαλὼν
3395 957 3456 1010 τὺ
3500 959 3706 1028 λόγιον,
3751 956 3840 1008 ὅτι
3875 954 3964 1006 τοῦ

2387 1051 2585 1113 παντὸς
2623 1052 3024 1122 ἡμαρτήκασιν,
3068 1051 3115 1102 εί
3151 1049 3354 1102 οἴονται
3396 1047 3518 1109 τοὺς
3559 1046 3719 1108 θεοὺς
3762 1043 3962 1104 ἀδίκως

2387 1143 2568 1205 αὐτοῖς
2596 1144 2861 1211 έγκαλεῖνο
2894 1143 3187 1213 χρημάτων
3224 1140 3320 1209 μὲν
3350 1138 3454 1211 γὰρ
3487 1135 3854 1191 ἀποδεδόσθαι
3873 1135 3959 1196 13L;

2387 1235 2638 1305 ἀπαρχὰς
2671 1235 2851 1297 αὐτοῖς
2883 1233 3097 1294 ἁπάσας
3129 1230 3302 1300 ὀρθῶς
3327 1247 3385 1282 τε
3420 1229 3512 1282 καὶ
3544 1230 3642 1281 σὺν
3675 1226 3811 1297 δίκῃ
3836 1243 3847 1254 ·
3877 1227 3953 1278 ἀν-

2387 1327 2618 1398 θρώπων
2657 1327 2712 1380 δὲ
2754 1327 2915 1397 γονῆς
2944 1327 3004 1382 τὸ
3048 1325 3228 1395 λάχος,
3263 1325 3450 1396 χρῆμα
3493 1321 3696 1383 παντὸς
3729 1319 3939 1390 μάλιστα

2387 1419 2526 1482 θεοῖς
2559 1417 2910 1489 τιμιώτατον,
2958 1415 3294 1487 ὀφείλεσθαι⁸
3343 1417 3391 1466 εί
3430 1414 3484 1465 δὲ
3531 1412 3595 1483 δὴ
3631 1412 3728 1464 xui.
3759 1409 3936 1461 τούτιεν

2385 1511 2599 1564 λάϐοιεν
2635 1511 2734 1581 τὴν
2760 1509 2973 1562 δικαίαν
3001 1511 3213 1580 μοῖραν,
3247 1506 3395 1568 τέλος
3431 1504 3572 1570 ἕξειν
3600 1503 3758 1572 σφίσι
3790 1501 3853 1553 τὸ
3879 1502 3942 1552 iv}

2385 1619 2521 1670 γιον.
2561 1592 2684 1664 Τοῖς
2720 1601 2817 1670 μὲν
2843 1601 2907 1671 δὴ
2939 1598 3112 1672 ὀρθῶς
3141 1597 3309 1650 ἐδόκει
3339 1594 3588 1664 λέγεσθαι
3614 1593 3795 1646 ταῦτα
3817 1610 3830 1622 ο
3856 1595 3948 1653 sai;

2385 1694 2429 1746 δ’
2463 1693 2520 1759 ἐξ
2568 1691 2853 1761 ὲπιῦουλῆς
2889 1689 3200 1761 συγκεῖσθαι
3235 1690 3262 1742 ὀ
3291 1689 3462 1756 λόγος.
3500 1685 3948 1756 Είσηγησαμένσν

2384 1785 2438 1837 δέ
2464 1802 2604 1847 τινος
2635 1784 2732 1855 τὴν
2765 1781 2988 1855 γνώμην
3010 1783 3100 1835 τὸν
3124 1781 3241 1835 θεὸν
3291 1778 3603 1850 ὲπέρεσθαι,
3631 1778 3684 1829 εί
3708 1775 3862 1845 αὺτῷ
3887 1776 3954 1843 αἱ·

2384 1874 2472 1928 λον
2513 1874 2816 1945 ἀνθρώπων
2851 1875 3079 1938 δεκάτας
3113 1871 3536 1942 ἀπολαμϐάνειν,
3576 1869 3866 1938 πέμπουσι
3900 1867 3950 1918 τὸ

720 1978 827 2030 que
861 1964 936 2018 uti
963 1980 1176 2033 aequum
1206 1974 1323 2020 erat
1353 1963 1655 2035 persolutas
1685 1978 1875 2018 omnes
1922 1965 2026 2019 diis
2076 1964 2272 2027 fuisse:

2380 1969 2628 2040 δεύτερον
2654 1968 3013 2040 θεοπρόπουςο
3042 1967 3136 2021 καὶ
3161 1967 3188 2018 ὀ
3213 1965 3333 2028 θεὸς
3359 1963 3564 2018 ἀνεῖλεν
3588 1962 3734 2014 οὕτω
3763 1963 3950 2013 ποιεῖν.

720 2063 774 2107 at
815 2063 1065 2110 natorum
1119 2072 1214 2125 per
1254 2057 1306 2111 id
1347 2067 1560 2124 tempus
1595 2056 1872 2110 hominum
1904 2066 2127 2122 sortem,
2159 2073 2298 2126 qum.

721 2147 938 2201 maximi
968 2148 1211 2202 omnium
1255 2149 1322 2202 ab
1374 2148 1440 2202 iis
1471 2148 1640 2211 ﬁeret,
1685 2148 1846 2203 etiam
1908 2157 2020 2202 tum
2074 2149 2274 2206 deberi.

718 2239 896 2301 Quare
929 2239 973 2291 si
1005 2253 1194 2292 eorum
1223 2249 1479 2308 praeterea
1507 2239 1709 2306 justam
1761 2240 1835 2292 dii
1886 2254 2101 2309 quoque
2153 2257 2276 2310 par-

718 2342 822 2383 tem
858 2331 1181 2399 acciperent,
1222 2341 1334 2385 tum
1366 2332 1583 2386 demum
1618 2331 1896 2386 oraculum
1926 2333 2136 2387 felicem
2162 2333 2279 2386 exi-

717 2435 829 2476 tum
859 2425 1192 2478 habiturum.
1223 2422 1373 2479 llanc
1403 2425 1551 2478 senis
1583 2424 1880 2478 orationem
1913 2425 2142 2492 probare
2163 2424 2274 2489 alii,

715 2517 806 2570 alii
837 2525 1025 2571 contra
1055 2527 1363 2586 suspectam
1395 2515 1612 2579 habere,
1641 2517 1796 2584 quasi
1831 2513 2020 2569 fraude
2044 2516 2277 2586 doloque

714 2609 1090 2678 compositam.
1126 2607 1248 2661 Mox
1297 2617 1475 2661 tamen
1532 2616 1805 2661 auctorem
1841 2622 1870 2662 e
1903 2607 2059 2661 turba
2086 2622 2277 2677 quem-

715 2701 859 2767 piam
890 2700 1111 2765 secutis,
1151 2701 1354 2768 placuit
1382 2701 1583 2768 denuo,
1637 2702 1991 2755 hominumne
2035 2699 2276 2755 decimas

710 2802 1006 2860 expeteret,
1040 2808 1240 2846 numen
1269 2793 1555 2847 consulere
1599 2812 1611 2847 :
1645 2793 1789 2864 quod
1830 2794 1923 2847 ubi
1957 2794 2036 2848 sic
2066 2792 2272 2847 facien-

710 2889 838 2939 dum
895 2887 1080 2942 missis
1117 2888 1521 2943 consultoribus
1573 2887 1961 2957 respondisset,
2011 2887 2273 2944 continuo

710 2979 904 3032 seditio
929 2980 1193 3046 exoritur,
1230 2979 1373 3048 quod
1414 2980 1554 3035 inter
1584 2994 1678 3033 eos
1712 2979 1778 3032 de
1832 2979 2136 3033 decimandi
2187 2989 2274 3033 ra-

711 3072 859 3122 tione
891 3071 1182 3124 convenire
1217 3086 1324 3124 non
1373 3080 1575 3140 posset.
1613 3069 1691 3123 Ae
1720 3070 1896 3138 primo
1928 3071 2148 3139 quidem
2184 3069 2264 3124 in-

710 3173 790 3214 ter
821 3161 967 3230 ipsos
991 3163 1272 3216 civitatum
1304 3163 1577 3232 principes
1603 3163 1810 3216 turbari
1843 3172 2103 3232 emptum,
2145 3179 2267 3218 mox

709 3263 899 3308 caetera
924 3269 1142 3324 quoque
1171 3255 1460 3309 multitudo
1504 3255 1569 3308 de
1616 3255 1952 3324 principibus
2002 3257 2141 3311 male
2179 3273 2271 3312 su-

712 3346 974 3413 spicatur.
1011 3345 1151 3416 Ergo
1205 3346 1355 3400 nullo
1391 3346 1578 3400 ordine
1615 3346 1953 3412 tumultuari,
2006 3349 2269 3418 sedesque

711 3445 940 3502 mutare,
979 3437 1073 3491 sed
1107 3437 1184 3489 uti
1216 3452 1312 3506 par
1342 3446 1458 3489 erat
1491 3436 1736 3490 homines
1773 3436 1995 3490 deorum
2037 3437 2272 3492 stimulis

707 3543 772 3580 ac
802 3529 976 3596 poenis
1021 3528 1270 3599 agitatus.
1321 3526 1441 3591 Quo
1493 3526 1718 3592 factum,
1771 3537 1830 3581 ut
1865 3529 2008 3582 aedes
2053 3529 2273 3598 integrae

711 3617 954 3670 turtditus
984 3617 1313 3680 delerentur,
1353 3624 1503 3684 parte
1535 3632 1722 3670 eorum
1751 3618 1857 3671 alio
1903 3619 2269 3689 commigrau-

711 3719 781 3772 te,
812 3721 936 3761 cum
975 3709 1261 3777 propinqui
1294 3708 1687 3764 discedentium
1718 3706 1871 3763 nefas
1899 3719 2170 3778 putarent,
2219 3720 2272 3765 et

713 3801 894 3856 divelli
931 3817 960 3856 a
987 3802 1331 3867 necessariis,
1360 3810 1412 3855 et
1436 3817 1558 3855 cum
1589 3800 1983 3855 inimicissimis
2010 3803 2267 3857 residere.

711 3890 949 3946 Primum
978 3891 1143 3961 igitur
1175 3891 1263 3946 isti
1306 3906 1517 3955 omnes,
1552 3890 1738 3944 relicta
1774 3890 1947 3957 Italia,
1983 3893 2180 3963 partim
2213 3895 2269 3948 in

708 3984 993 4049 Graeciam,
1027 3983 1220 4052 partim
1253 3983 1306 4037 in
1357 3983 1512 4054 160
1561 3983 1822 4039 barbaras
1869 3986 2156 4056 plerasque
2184 4002 2269 4040 re-

708 4073 897 4140 giones
921 4073 1166 4143 dissipati
1197 4086 1323 4131 sunt
1350 4094 1362 4128 :
1392 4076 1688 4130 secundum
1717 4092 1852 4145 quos
1893 4079 1982 4132 alii
2017 4079 2271 4149 deinceps

708 4164 950 4219 eamdem
983 4165 1196 4220 subiere
1223 4164 1513 4232 fortunam,
1539 4183 1662 4222 cum
1701 4169 1754 4222 id
1775 4169 1949 4238 ipsum
1979 4172 2272 4240 quotannis

709 4254 968 4308 eveniret.
1009 4253 1119 4310 Nec
1148 4256 1291 4310 enim
1348 4258 1666 4313 desinebant
1697 4260 1976 4315 civitatum
2025 4264 2271 4316 modera-

710 4357 856 4402 tores
885 4347 1050 4402 lectas
1091 4347 1320 4402 subinde
1363 4349 1787 4404 adolescentium
1840 4352 2108 4420 primitias
2155 4355 2272 4407 exi-

707 4454 877 4504 mere,
913 4441 1107 4508 partim
1133 4450 1190 4492 ut
1224 4454 1343 4493 sese
1374 4441 1657 4494 numinum
1691 4441 1948 4511 religione
1972 4445 2267 4512 solverent,

708 4534 900 4602 partim
929 4532 1072 4602 quod
1107 4533 1173 4585 ab
1207 4533 1294 4598 iis,
1339 4535 1432 4601 qui
1472 4533 1804 4604 effugissent,
1842 4550 2008 4590 n0vas
2041 4538 2266 4593 seditio—

2297 3302 2338 3357 C

2393 2061 2486 2113 Ἐκ
2519 2059 2575 2114 δὲ
2601 2059 2790 2112 τούτου
2826 2057 3011 2121 στάσις
3043 2057 3236 2119 αὐτοὺς
3265 2053 3672 2124 καταλαμϐάνει
3709 2052 3840 2122 περὶ
3865 2051 3948 2102 τοῦ

2376 2152 2576 2220 τρόπου
2610 2150 2706 2220 τῆς
2749 2147 3098 2211 δεκατὼσεως
3131 2161 3179 2200 ει.
3211 2146 3319 2200 Καὶ
3360 2149 3415 2198 ὲν
3453 2143 3706 2214 ἀλλήλοις
3737 2144 3786 2195 οἱ
3823 2158 3948 2213 προ-

2378 2239 2666 2313 εστηκότες
2721 2239 2827 2293 τῶν
2871 2239 3076 2292 πόλεων
3116 2239 3236 2292 τότε
3279 2237 3494 2309 πρῶτον
3539 2235 3943 2306 ἐταράχθησαν·

2378 2334 2565 2385 ἔπειτα
2609 2332 2702 2385 καὶ
2726 2330 2788 2385 τὸ
2825 2329 3007 2384 λοιπὸν
3033 2329 3231 2400 πλῆθος
3260 2329 3326 2381 δι’
3361 2326 3596 2395 ὑποψίας
3628 2326 3758 2388 τοὺς
3787 2327 3844 2376 ὲν
3873 2323 3947 2374 τέ-

2376 2423 2456 2475 λει
2481 2423 2801 2494 έλάμὸανεν.
2851 2423 3118 2492 Ἐγένοντο
3151 2421 3205 2473 δὲ
3233 2420 3404 2472 οὐδενὶ
3436 2419 3628 2488 κόσμῳ
3659 2417 3718 2469 αἱ
3765 2417 3946 2466 ἐπανα-

2381 2517 2593 2579 στάσεις
2614 2517 2757 2587 (ιδ-ι
2773 2516 2821 2585 7)
2845 2533 2858 2545 ·
2887 2514 2998 2567 ἀλλ’
3016 2513 3164 2566 ὥσπε
3171 2532 3202 2585 ρ
3218 2512 3378 2576 εἰκὸς,
3400 2512 3600 2580 οἴστρῳ
3615 2509 3711 2561 καὶ
3738 2506 3946 2561 θεοϐλα-

2377 2608 2494 2679 ϐείᾳ
2520 2607 2968 2677 ἀπελαυνομένων
2992 2605 3122 2676 (l8),
3150 2605 3243 2659 καὶ
3267 2604 3433 2658 πολλά
3459 2604 3683 2673 ἐφέστια
3713 2602 3805 2654 ὅλα
3833 2600 3944 2669 ἐξη-

2375 2701 2588 2771 λείφθη,
2645 2701 2844 2770 μέρους
2892 2697 3069 2751 αὺτῶν
3109 2696 3536 2767 μεθισταμένου’
3591 2695 3649 2746 οὐ
3696 2693 3805 2764 γάρ
3851 2692 3943 2745 ὲδι-

2374 2793 2559 2847 καίουν
2608 2795 2656 2846 οἱ
2707 2794 3070 2863 προσήκοντες
3118 2793 3227 2853 τοῖς
3276 2788 3506 2853 ἐξιοῦσιν
3558 2785 3936 2840 ἀπολείπεσθαι

2374 2887 2478 2940 τῶν
2507 2887 2796 2955 φιλτάτων,
2827 2885 2918 2938 καὶ
2945 2886 3000 2938 ἐν
3032 2886 3141 2946 τοῖς
3170 2881 3432 2952 ἐχθίστοις
3455 2880 3772 2949 ὑπομένειν.
3801 2879 3934 2949 Πρῶ-

2373 2999 2462 3034 τον
2505 2979 2600 3049 μὲν
2635 2978 2697 3048 δὴ
2731 2970 2876 3030 οὗτοι
2921 2977 3140 3038 πάντες,
3181 2974 3541 3044 μεταστάντες
3589 2970 3652 3036 ἐξ
3702 2972 3920 3036 Ἰταλίας,

2373 3070 2452 3132 εἷς
2476 3087 2533 3121 τε
2575 3069 2672 3139 τὴν
2724 3067 2948 3120 Ἐλλάδα
2978 3067 3072 3119 καὶ
3097 3066 3193 3137 τὴν
3228 3064 3497 3136 βάρϐαρον
3546 3063 3755 3132 πολλὴν
3785 3063 3914 3114 {:31-

2372 3163 2610 3235 νήθησαν
2632 3179 2643 3192 ⁸
2682 3162 2820 3231 μετὰ
2850 3161 2906 3214 δὲ
2935 3162 3058 3224 τοὺς
3091 3158 3336 3229 πρώτους
3369 3158 3544 3229 ἕτεροι
3573 3156 3636 3209 τὸ
3665 3158 3797 3210 αὐτὸ
3819 3157 3915 3208 ἐττ-

2373 3256 2483 3322 θον,
2534 3253 2810 3309 καὶτοῦτο
2849 3253 3070 3304 διετέλει
3114 3250 3391 3319 γινόμενον
3432 3249 3524 3302 ἐπὶ
3569 3248 3690 3321 ἔτη.
3734 3252 3807 3302 Οὐ
3841 3248 3922 3316 γὰρ

2371 3347 2589 3404 ἀνίεσαν
2612 3348 2660 3398 οἱ
2688 3344 3096 3406 δυναστεύοντες
3125 3344 3179 3395 ὲν
3207 3345 3323 3405 ταῖς
3358 3341 3560 3404 πόλεσι,
3598 3343 3698 3412 τῆς
3729 3342 3930 3410 ἀνδρου-

2374 3441 2537 3510 μένης
2571 3440 2678 3492 αίεὶ
2719 3438 2966 3508 νεότητος
3002 3434 3374 3505 ἐξαιρούμενοι
3401 3434 3498 3497 τάς
3526 3432 3805 3504 ἀπαρχάς,
3837 3433 3930 3492 τοῖς

2368 3551 2427 3587 τε
2457 3533 2596 3597 θεοῖς
2631 3532 2698 3585 τά
2740 3531 2921 3584 δίκαια
2955 3530 3244 3602 ὑπουργεῖν
3286 3528 3559 3594 ἀξιοῦντες
3591 3529 3684 3580 καὶ
3728 3542 3930 3578 στασια-

2373 3628 2539 3696 σμοὺς
2573 3627 2636 3678 ὲκ
2666 3623 2772 3677 τῶν
2806 3622 3161 3676 διαλαθόντων
3186 3617 3571 3684 δεδιότεςντΗν
3601 3621 3658 3672 δὲ
3689 3620 3825 3672 πολὺ
3851 3617 3929 3669 καὶ

2368 3716 2429 3770 τὸ
2455 3717 2588 3788 πρὸς
2612 3715 2826 3787 ἔχθραν,
2862 3715 2957 3768 σὺν
2991 3715 3254 3787 προφάσει
3272 3715 3538 3783 εὐπρεπεῖ
3573 3709 3927 3778 ἀπελαυνόμε-

2369 3830 2449 3865 νοι
2478 3813 2504 3851 b
2530 3809 2635 3863 ὑπὸ
2661 3809 2768 3861 τῶν
2796 3808 3086 3880 διαφόρων.
3120 3808 3280 3859 Ὥστε
3314 3804 3505 3857 πολλαὶ
3540 3804 3595 3854 αἱ
3636 3801 3927 3855 ἐπαναστά-

2373 3922 2485 3969 σεις
2504 3915 2534 3944 -ε
2565 3903 2822 3971 ἐγίνοντο,
2858 3904 2950 3957 καὶ
2981 3901 3073 3953 ἐπὶ
3101 3900 3346 3952 πλεῖστον
3384 3896 3486 3966 γῆς
3514 3895 3573 3948 τὸ
3609 3893 3925 3961 Πελασγικὺν

2371 3999 2524 4066 γένος
2546 3996 2857 4068 διεφορήθη.
2885 4014 2904 4047 ι
2932 3994 3040 4048 Καὶ
3068 3989 3203 4064 μετά
3230 3987 3435 4059 βραχέα
3461 3987 3591 4057 φησί
3613 4003 3627 4016 ·
3658 4004 3677 4036 ε
3714 3987 3924 4055 Λέγουσι

2370 4089 2426 4141 δὲ
2457 4088 2566 4157 (19)
2598 4087 2691 4141 καὶ
2723 4086 2820 4149 τὰς
2847 4085 3033 4147 θυσίας
3068 4077 3331 4136 ἐπιτελεῖν
3364 4077 3439 4147 τῷ
3471 4078 3666 4150 Κρόνῳ
3699 4078 3796 4130 καὶ
3819 4079 3926 4139 70;);

2372 4181 2654 4243 παλαιοὺς,
2701 4178 2886 4248 ὥσπερ
2927 4178 2984 4229 ὲν
3030 4170 3334 4243 Καρχηδόνι
3378 4170 3514 4231 τέως
3558 4168 3668 4239 (20)
3705 4171 3742 4239 ἡ
3792 4167 3922 4228 πόλις

2371 4275 2627 4344 διέμεινε,
2659 4270 2751 4323 καὶ
2787 4268 2932 4339 παρά
2972 4266 3193 4326 Κελτοῖς
3219 4265 3298 4326 εἰς
3335 4262 3453 4315 τόδε
3488 4261 3682 4332 χρόνου
3710 4261 3920 4329 γίνεται,

2371 4363 2463 4415 καὶ
2498 4364 2554 4414 ὲν
2587 4359 2763 4421 ἄλλοις
2795 4356 2904 4410 τισὶ
2931 4354 3038 4407 τῶν
3068 4352 3203 4423 πρὸς
3250 4351 3546 4422 Ἑσπερίων
3569 4350 3740 4404 ἐθνῶν
3763 4350 3928 4422 ἀνδρο-

2372 4454 2639 4523 φονοῦσιν.
2672 4449 2940 4522 Ἠρακλέα
2965 4464 3023 4500 τε
3055 4446 3258 4499 παῦσαι
3285 4445 3374 4498 τὸν
3402 4444 3563 4516 νόμον
3596 4443 3698 4514 τῆς
3727 4444 3927 4508 θυσίας,

2374 4547 2700 4619 βουληθέντα
2733 4546 2821 4598 τόν
2853 4560 2912 4595 τε
2947 4539 3126 4611 βωμὸν
3161 4536 3472 4610 ἱδρύσασθαι
3495 4537 3586 4590 τὸν
3621 4537 3710 4589 ἐπὶ
3847 4536 3930 4587 Ea-

707 4644 802 4686 ues
833 4635 1154 4682 metuerent.
1185 4624 1336 4680 Multi
1364 4641 1579 4696 quoque
1600 4627 1724 4681 odio
1761 4643 1824 4682 ac
1856 4629 2136 4684 simultate
2175 4646 2269 4700 per

2376 4642 2564 4714 τορνίῳ
2609 4639 2740 4710 (21),
2784 4637 2878 4690 καὶ
2922 4630 3290 4702 κατάρξασθαι
3337 4629 3589 4700 θυμάτων
3633 4629 3820 4698 ἁγνῶν
3851 4627 3928 4682 in!

799 4808 823 4836 ι
870 4795 955 4859 D.,
1003 4793 1390 4855 δεκατεύσεως.
1517 4794 1543 4832 b
1606 4793 1762 4847 Dion.
1817 4795 2265 4866 ἀπελαυνόμενον.

779 4949 888 5018 (ιβ)
938 4949 1054 5016 Τὴν
1088 4949 1356 5001 δἀῑτίαν.
1387 4947 1460 5002 De
1482 4963 1646 5002 causa
1675 4948 1762 5001 illa
1799 4949 2044 5018 pluribus
2090 4947 2269 5016 dispu—

707 5014 794 5090 tati
826 5014 1215 5090 Dionys.,pa\,;.
1244 5019 1334 5080 20,
1379 5020 1468 5083 21,
1519 5020 1609 5082 22,
1660 5020 1748 5072 25.
1799 5014 2108 5082 Concludit,
2145 5014 2267 5071 meo

699 5089 927 5159 judicio,
959 5089 1259 5144 verissime.
1288 5099 1475 5156 gentes
1524 5090 1692 5143 fuisse
1716 5092 1870 5152 duas,
1906 5090 2266 5159 Pelasgosiat-

706 5157 809 5227 que
851 5157 1183 5229 Tyrrhenos,
1217 5160 1294 5212 sic
1328 5169 1505 5229 tamen
1531 5171 1588 5213 ut
1616 5176 1736 5213 cum
1777 5159 2008 5229 Pelasgi,
2046 5161 2113 5212 ah
2143 5158 2267 5212 Hel-

706 5231 916 5283 lenibus
968 5228 1141 5298 patria
1176 5229 1341 5295 pulsi,
1391 5228 1794 5298 Tyrrhenorum
1841 5231 1892 5283 in
1936 5228 2053 5283 Solo
2075 5245 2267 5284 conse-

701 5303 930 5363 dissent,
984 5315 1091 5353 non
1131 5306 1337 5350 tantum
1369 5302 1578 5366 generis
1628 5303 1908 5368 utriusque
1962 5300 2101 5352 facta
2145 5314 2266 5366 per-

704 5373 884 5425 mistio
920 5372 1010 5434 sit,
1049 5383 1234 5439 verum
1293 5369 1454 5421 etiam
1511 5372 1747 5424 nominis
1806 5371 2047 5439 ejusdem
2079 5379 2262 5423 secuta

701 5442 1035 5503 communio,
1068 5448 1127 5493 ut
1153 5437 1416 5508 Tyrrheni
1466 5454 1655 5495 omnes
1687 5442 1753 5494 ab
1824 5437 1964 5504 aliis,
2025 5439 2092 5492 ab
2145 5441 2264 5495 aliis

703 5512 906 5580 Pelasgi
938 5513 1244 5579 promiscue
1279 5510 1600 5580 dicerentur.
1651 5513 1742 5565 Sic
1790 5522 1935 5573 ante,
1966 5510 2260 5579 Phrygum,

703 5579 1055 5637 Teucrorum.
1085 5596 1246 5650 atque
1281 5579 1639 5650 Trojanorum
1696 5582 1902 5645 fuerat;
1961 5582 2039 5634 sic
2072 5582 2264 5633 etiam-

702 5667 828 5704 num
854 5650 995 5721 viget
1033 5649 1369 5706 Francorum
1408 5649 1798 5722 Gallorumque
1837 5667 2126 5706 commune
2167 5668 2263 5703 no-

700 5737 845 5776 men.

771 5791 975 5861 (lli-l7)
1009 5791 1498 5857 Ἐπαναστάσεις.
1525 5789 1891 5861 Conjiciebam
1923 5791 2260 5863 μεταναστά-

700 5880 832 5926 σεις.
871 5863 937 5916 At
965 5873 1188 5931 uterque
1216 5879 1489 5918 manuscr.
1521 5863 1920 5929 ἀπαναστάσεις
1945 5865 2123 5924 habet,
2152 5879 2258 5915 non

702 5937 858 5990 modo
891 5934 998 5999 hic,
1057 5936 1148 5989 sed
1198 5938 1357 5990 etiam
1397 5950 1515 6006 pag.
1551 5943 1826 6004 sequente.
1885 5935 2015 6002 Quae
2066 5950 2168 5990 vox
2208 5945 2259 5990 et

2373 4806 2394 4832 ο
2441 4797 2526 4848 ἵσ.
2565 4789 3004 4865 μεταναστάσεις.

2370 4950 2507 5005 idem
2534 4950 2818 5019 signiﬁcat.
2852 4957 2905 5002 et
2926 4946 3111 5001 leviori
3148 4947 3444 5019 mutatione
3470 4944 3759 5019 sufficitur.

2439 5023 2550 5091 (Its)
2585 5014 2955 5091 ’Θεοϐλιιϐείᾳν
2988 5017 3509 5091 ἁπελαυνομέγων.
3555 5015 3708 5091 Dion.
3736 5055 3756 5078 ,
3805 5014 3925 5091 ἀπι-

2367 5085 2712 5160 λαυνὸμεναι,
2733 5090 3300 5160 quodAdiuriusculum
3340 5088 3594 5160 videtur._
3613 5086 3806 5141 Genus
3833 5085 3922 5136 hoc

2368 5157 2647 5216 hominum
2674 5159 2833 5211 iidem
2865 5158 3035 5214 Graeci
3063 5160 3377 5231 ποινήλατον
3423 5157 3806 5227 significanter
3841 5169 3923 5207 vo-

2368 5249 2490 5286 care
2528 5231 2719 5283 solent.

2437 5302 2546 5372 (l9)
2571 5299 2935 5372 Λέγουσςιδέ.
2967 5299 3110 5355 ldem
3143 5299 3360 5372 Dionys.
3392 5300 3511 5354 eod.
3558 5302 3676 5368 lib.,
3710 5317 3771 5372 p.
3809 5304 3894 5359 50.

2458 5371 2526 5423 20
2585 5369 2750 5435 Τέως.
2786 5370 2977 5425 Melius
3000 5369 3291 5441 quadraret
3321 5370 3444 5433 ἕως,

2437 5371 2548 5512 ί21ἔ
2586 5441 2708 5495 Ἐπὶ
2738 5440 2815 5512 τῷ
2840 5444 3153 5512 Europa-(cp.
3186 5441 3390 5495 Collem
3435 5449 3444 5491 t

2365 5511 2574 5579 telligit,
2601 5527 2758 5580 quem
2790 5511 3104 5568 Saturnium
3133 5512 3428 5580 antiquitus
3457 5515 3746 5565 vocabant.
3792 5513 3922 5568 Idem

3865 470 3979 527 880

2586 5441 2708 5495 Ἐπὶ
2738 5440 2815 5512 τῷ
2840 5437 3153 5512 Σατορνίῳ.
3186 5441 3390 5495 Collem
3435 5437 3811 5510 Capitolinum
3853 5447 3926 5498 in-
4011 5467 4019 5512 j-

4011 5493 4019 5538 ί

2364 5581 2574 5656 pagg?
2610 5585 2808 5656 diserte
2834 5600 2846 5634 :
2886 5584 3061 5656 7Aé<pov
3086 5583 3387 5656 ἐπιτῄδειον
3411 5582 3682 5656 ευρόντες,
3712 5599 3926 5656 τριπα-

2363 5651 2459 5723 δίῳ
2489 5653 2543 5705 δὲ
2571 5654 2798 5723 μάλιστα
2831 5651 2990 5725 μήκει
3018 5653 3111 5705 τοῦ
3129 5651 3925 5725 Παλαντίουδιειργόμενον,ίός

2365 5721 2457 5777 νῦν
2491 5721 2586 5793 μὲν
2622 5721 2997 5788 Καπιτωλῖνος
3038 5724 3397 5795 ὀνομάζεται,
3425 5721 3528 5773 ὑπὸ
3670 5722 3784 5795 τῶν
3816 5724 3921 5777 τότε

4007 5733 4012 5784 l

4007 5789 4012 5804 ε

2717 5797 3000 5882 ξατόρνιος
3047 5791 3276 5863 ἐλέγετο,
3331 5791 3516 5862 ὦτπερ
3571 5793 3636 5846 ἂν
3679 5793 3922 5860 efﬂatur,
4007 5791 4010 5834 ἶ

2376 5868 2579 5922 Ἐλλάδι
2611 5871 2779 5936 φωνῇ.
2821 5869 3092 5936 Κρόνιος.

4003 5925 4010 5984 l
