4044 6334
83 471 187 527 281
1285 466 1606 526 ΡΒᾹΞΡΑΒ.
1638 464 1707 520 Ei

1808 463 1863 519 iG
1875 504 1888 519 .
1928 462 2055 517 LIB.
2097 463 2183 518 IV.
3236 457 3343 513 282

86 584 336 658 καθαρῷ
378 591 522 660 πυρὶ
550 587 943 658 ἁγιαζομένων.
979 586 1092 637 Ἰνα
1124 583 1179 636 δὲ
1218 582 1381 653 μηδὲν
1413 580 1582 654 ᾖτοίς
1610 580 1695 632 ἁν-

1808 578 2080 633 honestam
2107 591 2329 632 causam
2366 590 2430 628 ac
2464 574 2696 644 speciem
2729 573 2797 628 ab
2829 573 3053 628 adversa
3114 571 3346 629 factione

85 677 349 747 θρώποις
396 679 558 741 δέους
589 677 860 748 ἐνθύμιον,
900 676 974 738 ὡς
1013 673 1254 743 πατρίων
1287 671 1542 741 ἡλογήκει
1581 669 1690 740 (22)

1808 670 1962 740 pulsi,
1993 669 2283 739 multaeque
2326 675 2609 737 propterea
2656 665 3029 735 migrationes,
3081 680 3202 734 quae
3251 665 3350 719 Pe-

89 769 302 822 θυσιῶν
348 771 574 838 διδάξαι
619 770 742 832 τοὺς
780 769 1104 838 ἐπιχωρίους
1147 763 1692 835 ἀπομειλισσομένους

1808 763 2003 832 lasgam
2038 772 2248 830 gentem
2278 760 2454 812 varias
2483 759 2537 813 in
2585 768 2755 812 terras
2786 759 2940 826 longe
2991 757 3205 825 lateque
3251 755 3347 810 de-

89 860 186 928 τὴν
221 857 329 911 τοῦ
372 861 509 914 θεοῦ
541 860 717 932 μῆνιν,
753 859 872 912 ἀντὶ
897 856 1002 910 τῶν
1029 853 1346 925 ἀνθρώπων,
1372 853 1463 916 οὓς
1495 867 1694 920 συμπο-

1808 858 2106 922 portarunt.
2147 868 2165 901 i
2205 852 2280 902 Ac
2309 849 2496 917 paucis
2529 847 2846 916 interiectis,
2883 864 2901 896 ‹
2937 844 3136 900 Ferunt
3160 845 3346 909 etiam,

88 949 368 1015 δίζοντες,
414 954 513 1005 καὶ
544 951 652 1004 τῶν
691 950 887 1022 χειρῶν
922 950 1178 1018 ἀκρατεῖς
1214 945 1511 1008 ποιοῦντες,
1545 943 1693 1013 ἔρρι-

1808 940 1996 1011 inquit,
2033 937 2268 992 Saturno
2295 947 2502 991 veteres
2528 936 3004 1007 (quemadmodum
3030 945 3081 989 ct
3124 933 3351 987 Cartha-

261 1044 357 1105 είς
395 1045 465 1096 τὸ
499 1043 590 1097 τοῦ
620 1043 893 1114 Τιὸέρεως
934 1041 1165 1112 ῥεῖθρον,
1198 1039 1389 1092 εἴδωλα
1418 1037 1695 1096 ποιοῦντες

1808 1033 1922 1103 gine
1942 1031 2068 1084 dum
2099 1037 2372 1098 superstes
2391 1036 2555 1092 esset,
2582 1037 2634 1080 et
2656 1027 2795 1095 apud
2822 1025 3003 1079 Gallos
3031 1025 3347 1085 etiamnum,

105 1135 468 1205 ἀνδρείκελα,
496 1137 880 1206 κεκοσμημένα
912 1132 1004 1185 τὸν
1032 1133 1190 1186 αὐτὸν
1220 1131 1442 1192 ἐκείνοις
1474 1129 1690 1198 τρόπον,

1808 1126 2050 1192 aliosque
2102 1122 2395 1176 nonnullos
2431 1119 2737 1175 Occidentis
2783 1117 3011 1188 populos
3042 1115 3154 1169 ﬁeri
3191 1114 3349 1183 solet)

108 1225 418 1295 ἑμὸάλλειν
459 1230 538 1291 είς
575 1227 666 1280 τὸν
695 1205 952 1298 ποταμὸν,
983 1227 1069 1280 ἵνα
1109 1225 1169 1281 τὸ
1210 1218 1307 1293 τῆς
1340 1221 1549 1282 ὀττείας
1587 1220 1614 1272 ὃ
1643 1235 1695 1270 τι

1808 1219 2048 1273 homines
2091 1217 2401 1270 immolasse
2435 1233 2449 1269 :
2478 1214 2570 1283 qui
2608 1228 2725 1266 mos
2747 1211 2991 1266 sublatus
3025 1208 3090 1260 ab
3125 1205 3352 1260 Hercule

102 1319 158 1388 δή
194 1337 338 1372 ποτε
369 1316 450 1392 ἧν
474 1323 531 1373 ὲν
562 1323 680 1382 ταῖς
707 1321 959 1374 ἁπάντων
982 1319 1180 1388 ψυχαῖς
1218 1313 1527 1385 παραμένον
1554 1309 1696 1374 ἐξαι-

1808 1311 1982 1377 fuerit,
2007 1325 2129 1364 cum
2164 1310 2276 1376 ipse
2305 1308 2554 1377 princeps
2584 1313 2636 1358 et
2673 1319 2819 1357 aram
2852 1301 2904 1354 in
2939 1300 3073 1354 colle
3099 1297 3352 1352 Saturnio
3400 1319 3403 1322 ·

102 1410 260 1482 ρεθῇ,
300 1411 430 1464 τῶν
476 1412 696 1464 εἰκόνων
728 1411 818 1463 τοῦ
855 1408 1078 1464 παλαιοῦ
1109 1406 1312 1468 πάθους
1358 1405 1436 1456 ἔτι
1465 1401 1698 1470 σωζομέ-

1808 1404 2031 1472 erigere,
2066 1409 2118 1455 et
2145 1412 2401 1470 purarum
2434 1396 2735 1448 hostiarum
2768 1389 3035 1461 primitias
3063 1402 3196 1456 puro
3241 1386 3351 1454 igni

263 1501 460 1554 Τοῦτο
501 1501 558 1554 δὲ
609 1504 699 1554 καὶ
735 1487 924 1573 μέχρις
954 1485 1101 1570 ίὲ-μοῦ
1147 1499 1226 1551 ἔτι
1271 1495 1532 1549 διετέλουν
1576 1493 1698 1544 Ῥω-

1808 1509 2124 1549 consecrare
2160 1491 2440 1544 voluisset.
2473 1487 2646 1553 Atque
2667 1485 2734 1548 is,
2767 1491 2826 1535 ut
2857 1484 3003 1551 ipsos
3025 1480 3171 1533 omni
3207 1487 3350 1530 metu

105 1595 259 1662 μαῖοι
301 1592 575 1658 δρῶντες,
619 1593 698 1644 ἔτι
739 1605 765 1632 ι
799 1593 989 1664 μικρὸν
1019 1591 1240 1662 ὕστερον
1270 1587 1485 1657 ἐαρινῆς
1520 1588 1700 1656 ἰσημε-

1808 1601 1869 1640 ac
1900 1583 2158 1652 religione
2191 1581 2439 1644 solveret,
2480 1578 2522 1631 si
2579 1590 2684 1642 qua
2737 1573 2877 1627 forte
2931 1587 3066 1635 sese,
3098 1579 3351 1638 tanquam

106 1684 250 1754 ρίας,
277 1687 344 1737 ὲν
384 1685 516 1755 μηνὶ
544 1685 703 1754 Μαΐῳ
731 1686 850 1746 ταῖς
881 1683 1241 1750 καλουμέναις
1267 1681 1449 1742 εἰδοῖς,
1486 1677 1700 1748 διχομή-

1808 1677 1994 1746 patriis
2025 1675 2195 1730 sacris
2249 1671 2524 1742 neglectis,
2583 1668 2850 1737 obligatos
2897 1671 3170 1734 putarent,
3217 1663 3356 1715 hanc

105 1775 223 1828 νιδα
252 1775 583 1847 βουλόμενοι
609 1775 810 1844 ταύτην
837 1770 974 1827 εἶναι
999 1774 1096 1844 τὴν
1130 1772 1338 1843 ἡμέραν
1362 1789 1373 1800 ’
1407 1773 1464 1822 ὲν
1563 1786 1696 1839 προ-

1808 1785 1898 1824 eos
1928 1765 2173 1837 placandi
2205 1765 2444 1818 numinis
2475 1763 2735 1814 rationem
2764 1759 2967 1820 docuit,
3000 1765 3058 1809 ut
3089 1758 3141 1808 in
3178 1757 3354 1808 locum

106 1863 391 1930 θύσαντες
444 1867 611 1937 ἱερεῖα
645 1864 718 1918 τὰ
740 1865 876 1916 κατὰ
914 1865 1037 1926 τοὺς
1068 1863 1260 1932 νόμους
1302 1863 1349 1912 οἱ
1381 1859 1698 1928 καλούμενοι

1808 1861 2110 1921 hominum,
2167 1872 2304 1925 quos
2357 1855 2607 1908 manibus
2661 1860 2784 1906 ante
2815 1849 3147 1919 pedibus-que
3180 1846 3328 1899 revin

109 1954 478 2025 Ποντίφικες,
514 1957 700 2026 ἱερέων
743 1958 790 2008 οἱ
834 1955 1258 2024 διαφανέστατοι,
1286 1953 1376 2005 καὶ
1398 1953 1492 2004 σὺν
1526 1953 1704 2013 αὐτοῖς

1809 1955 1910 2009 clis
1937 1955 1988 2006 in
2023 1951 2258 2005 Tiberim
2300 1947 2675 2017 projiciebant,
2734 1942 3012 1998 hominum
3068 1938 3357 2011 simulacra

111 2053 171 2105 αἱ
203 2052 269 2104 τὸ
305 2050 577 2104 ἀθάνατον
607 2050 717 2118 πῦρ
748 2049 1194 2118 διαφυλάττουσαι
1233 2046 1509 2116 παρθένοι,
1542 2061 1705 2114 στρα-

1808 2047 1994 2102 eodem
2027 2053 2220 2098 ornata
2250 2042 2416 2105 cultu,
2443 2040 2740 2106 eodemque
2768 2035 2875 2088 ritu
2907 2038 2957 2086 in
2984 2032 3201 2085 [luvium
3236 2029 3356 2081 mit-

115 2143 278 2212 τηγοί
316 2159 376 2194 τε
439 2140 663 2193 καὶτῶν
688 2138 860 2192 ἄλλων
893 2136 1145 2199 πολιτῶν,
1181 2136 1272 2198 οὓς
1310 2137 1563 2205 παρεῖναι
1587 2127 1704 2194 ταῖς

1808 2135 2328 2197 tenda-suﬂicerent;
2386 2132 2461 2188 uti
2521 2132 2566 2184 si
2613 2127 2741 2197 quid
2795 2125 2970 2179 adhuc
2996 2119 3269 2190 religionis
3301 2119 3355 2170 in

122 2211 466 2306 ἱερουργίαις
496 2233 673 2304 θέμις,
718 2230 911 2283 εἴδωλα
941 2232 1020 2292 εἰς
1060 2228 1271 2301 μορφὴν
1309 2225 1610 2299 ἀνθρώπων
1640 2227 1707 2277 εἰ·

1808 2229 2124 2298 cujusquam
2157 2226 2339 2278 animo
2368 2222 2647 2283 resideret,
2680 2229 2849 2272 totum
2881 2215 2932 2268 id
2974 2211 3238 2276 funditus,
3272 2223 3359 2262 re-

131 2305 378 2397 καομένα
413 2324 706 2396 τ’ριάκοντα
738 2322 826 2374 τὸν
852 2321 1079 2392 ἀριθμὸν
1110 2321 1215 2372 ἀπὸ
1242 2319 1340 2386 τῆς
1372 2319 1520 2388 ίερᾶς
1545 2316 1707 2386 γεφύ-

1808 2330 1949 2376 tenta
1983 2321 2064 2374 vel
2094 2318 2271 2388 s’pecie
2299 2325 2454 2370 tenus
2479 2312 2729 2369 sacriﬁcii
2756 2309 2953 2363 veteris
2987 2305 3357 2374 usurpatione,

144 2393 546 2488 ρας-βάλλουσιν
584 2417 664 2476 εἰς
697 2413 756 2464 τὸ
786 2411 960 2481 ῥεῦμα
984 2410 1078 2463 τοῦ
1109 2409 1397 2480 Τιϐέρεως,
1434 2407 1706 2478 Ἀργείους

1808 2415 2105 2468 tolleretur.
2140 2410 2314 2478 Atque
2346 2408 2490 2460 hunc
2518 2417 2726 2458 morem
2771 2393 3069 2454 etiamnum
3127 2393 3358 2472 Romani

135 2467 606 2568 αύτὰΓκαλοῦντες.
643 2523 661 2555 ›
700 2467 946 2556 Τοσαῦτα
982 2503 1080 2572 μὲν
1113 2501 1174 2572 δὴ
1191 2467 1508 2555 ταῦταινΚαί
1540 2467 1707 2549 eam;

1808 2515 2046 2570 servant,
2078 2503 2236 2573 paulo
2265 2509 2386 2570 post
2436 2512 2660 2552 vernum
2720 2490 3126 2561 aequinoctium,
3180 2484 3358 2544 Maiis.

129 2599 304 2669 δωρος
329 2600 384 2652 δὲ
410 2599 474 2651 τὰ
499 2600 658 2668 ὅμοια
681 2596 888 2660 τούτοις
918 2600 975 2648 ὲν
1001 2597 1215 2664 εἰκοστῇ
1248 2593 1411 2662 βίϐλῳ
1429 2592 1522 2662 τῆς
1539 2592 1707 2644 Ἰστο-

1808 2613 1943 2665 quas
1976 2595 2262 2665 appellant,
2291 2591 2495 2655 Idibus,
2526 2589 2604 2644 sic
2645 2586 2901 2641 nimirum
2948 2590 3006 2634 ut
3051 2594 3114 2633 eo
3152 2577 3238 2631 die
3279 2575 3363 2628 di-

119 2666 310 2758 ρωιῆς
335 2666 724 2756 Βιϐλιοθήκης
746 2690 963 2759 ἱστορεῖ.
989 2688 1123 2757 μετὰ
1144 2688 1240 2755 τὴν
1259 2684 1598 2755 Ἀλεξάνδρου
1615 2682 1706 2735 τοῦ

1808 2687 2065 2740 midiatus
2100 2686 2240 2737 lunae
2263 2682 2412 2735 orbis
2442 2686 2715 2749 appareat.
2769 2675 2904 2728 Tum
2949 2686 3079 2726 vero
3108 2666 3363 2723 solemni—

125 2781 450 2843 Μακεδόνος
490 2780 760 2851 τελευτὴν,
812 2781 905 2832 ἐπὶ
939 2779 1031 2831 τοῦ
1073 2778 1290 2849 πρώτου
1343 2777 1701 2845 Πτολεμαίου,

1808 2777 1910 2831 bus
1944 2775 2137 2829 hostiis
2179 2774 2283 2826 rite
2332 2771 2602 2832 mactatis,
2657 2767 2939 2837 pontiliccs
2994 2760 3159 2831 (quod
3209 2773 3362 2813 sum-

125 2890 203 2925 πε
209 2875 274 2945 ρὶ
300 2873 670 2943 Καρχηδονίων
695 2847 798 2924 im?)
816 2847 1200 2939 Ἀγαθοκλέους
1228 2870 1336 2939 (23)
1356 2869 1446 2922 τοῦ
1463 2855 1707 2931 Σικελίας

1809 2883 1956 2923 mum
1986 2864 2126 2935 apud
2157 2880 2250 2918 eos
2279 2859 2638 2916 sacerdotium
2683 2857 2785 2914 est)
2832 2852 3102 2920 simulque
3135 2847 3365 2902 vestales

128 2965 406 3037 τυράννου
436 2965 916 3036 πολιορκουμένων,
943 2963 1110 3014 ταῦτα
1142 2961 1276 3031 πρὸς
1297 2961 1437 3024 λέξιν
1462 2962 1705 3031 γράφωνο

1808 2962 2066 3031 virgines,
2094 2957 2294 3028 quibus
2325 2951 2643 3008 immortalis
2695 2947 2834 3018 ignis
2885 2944 3089 2999 credita
3118 2939 3365 2995 custodia

135 3079 154 3109 ι
201 3059 467 3130 ᾘτιῶντο
494 3035 602 3128 (‘25)
636 3058 691 3110 δὲ
728 3058 820 3110 καὶ
849 3057 938 3108 τὸν
983 3055 1186 3125 Κρόνον
1216 3055 1395 3116 αὐτοῖς
1441 3051 1707 3105 ἐναντιοῦ-

1808 3062 1889 3108 est
1924 3067 2030 3104 una
2081 3064 2204 3104 cum
2231 3045 2550 3116 praetoribus
2578 3042 2892 3109 ueterisque
2944 3035 3171 3097 civibus,
3230 3048 3365 3102 quos

132 3153 292 3215 σθαι,
350 3152 578 3204 καθόσον
631 3154 688 3204 ὲν
737 3153 847 3213 τοῖς
893 3147 1196 3219 ἔμπροσθεν
1254 3145 1461 3217 χρόνοις
1495 3143 1707 3208 θύοντες

1808 3142 2026 3211 quidem
2074 3139 2244 3193 sacris
2290 3138 2551 3190 interesse
2609 3132 2688 3187 fas
2727 3141 2830 3195 est,
2864 3127 3081 3196 triginta
3112 3126 3161 3178 id
3196 3138 3366 3192 genus

130 3245 310 3314 τούτῳ
355 3242 436 3312 τῷ
478 3242 583 3313 θεῷ
615 3241 721 3294 τῶν
765 3241 894 3293 υἱῶν
939 3240 1062 3302 τοὺς
1098 3238 1416 3308 κρατίστους
1439 3275 1452 3298 ,
1487 3235 1707 3308 ὕστερον

1810 3233 2091 3287 hominum
2148 3232 2201 3284 in
2263 3229 2497 3298 speciem
2546 3225 2911 3279 conformatus
2945 3219 3209 3288 imagines
3240 3217 3366 3280 (Ar-

2003 3327 2011 3332 .
2088 3323 2099 3332 .
2334 3325 2363 3332 Α.
2418 3322 2427 3330 -
2519 3317 2597 3332 ην.
2684 3318 2694 3328 ο
2802 3314 2831 3332 η
2878 3314 3016 3332 “tu---
3087 3310 3145 3332 ,1-
3200 3308 3364 3332 ΩΑΑ..-

1811 3341 1941 3399 geos
2000 3323 2100 3393 ipsi
2154 3325 2368 3388 vocant)
2415 3322 2468 3373 in
2519 3317 2754 3371 Tiberim
2801 3314 3020 3367 [luvium
3083 3310 3149 3364 de
3199 3308 3367 3362 Sacro

1811 3398 1972 3487 ponte
2007 3413 2288 3483 dejiciunt.
2332 3429 2349 3462 ι
2387 3409 2657 3464 Hactenus
2704 3405 3010 3474 Dionysius.
3068 3399 3174 3453 Nec
3220 3398 3366 3485 ab'si-

1811 3510 1956 3564 milia
1995 3517 2140 3570 sunt,
2171 3520 2291 3575 quae
2321 3519 2349 3557 a
2383 3501 2617 3556 Diodoro
2651 3497 2833 3552 Siculo
2863 3501 3172 3555 narrantur,
3225 3475 3365 3544 libro

1803 3603 2092 3656 Historiae
2118 3598 2452 3653 Bibliotheca:
2477 3593 2754 3654 vicesimo,
2793 3590 2881 3643 ubi
2922 3595 3041 3657 post
3067 3585 3356 3651 Alexandri

131 3337 434 3407 ὠνούμενοι
461 3333 632 3406 λάθρα
661 3335 873 3396 παῖδας,
904 3332 994 3385 καὶ
1021 3331 1312 3403 θρέψαντες
1341 3330 1582 3399 ἔπεμπον
1618 3329 1708 3382 ἐπὶ

134 3428 234 3499 τὴν
256 3428 469 3489 θυσίαν,
495 3428 588 3478 καὶ
611 3424 886 3495 ζητήσεως
909 3423 1224 3494 γενομένης,
1252 3423 1547 3494 εὑρέθησάν
1569 3440 1709 3485 τινες

141 3520 246 3573 τῶν
270 3517 815 3589 καθιερουργημένων
848 3515 1220 3585 ὑποϐολιμαῖοι
1242 3515 1539 3583 γεγονότες.
1571 3512 1708 3567 Τού-

147 3628 249 3665 των
279 3613 332 3666 δὲ
373 3611 630 3672 λαϐόντες
664 3609 898 3671 ἔννοιαν,
949 3607 1040 3659 καὶ
1089 3607 1214 3670 τοὺς
1258 3608 1544 3678 πολεμίους
1575 3607 1710 3678 πρὸς

147 3704 252 3765 τοίς
287 3703 528 3772 τείχεσιν
562 3697 795 3770 ὁρῶντες
845 3696 1398 3766 στρατοπεδεύοντας,
1434 3698 1710 3750 ἐδεισιδαισ

145 3794 334 3864 μόνουν
383 3793 459 3856 ὡς
511 3788 929 3850 καταλελυκότες
979 3787 1077 3849 τὰς
1115 3789 1376 3858 πατρίους
1415 3789 1523 3841 τῶν
1574 3789 1710 3841 θεῶν

140 3887 321 3956 τιμάς.
374 3881 780 3954 Διορθώσασθαι
829 3879 885 3932 δὲ
934 3878 1029 3940 τὰς
1079 3878 1297 3946 ἀγνοίας
1346 3879 1663 3942 σπεύδοντες
1692 3919 1706 3944 ,

137 3977 446 4040 διακοσίους
485 3976 580 4047 μὲν
615 3975 720 4028 τῶν
765 3970 1204 4041 ἐπιφανεστάτων
1246 3972 1450 4024 παίδων
1479 3973 1706 4044 προκρί-

138 4084 351 4134 ναντες,
388 4068 582 4121 ἔθυσαν
606 4065 866 4138 δημοσίᾳ·
899 4064 1044 4122 ἄλλοι
1075 4062 1139 4124 δ’,
1165 4062 1220 4114 ὲν
1241 4059 1511 4126 διαϐολαῖς
1537 4062 1706 4125 ὄντες,

140 4159 404 4224 ικουσίως
444 4157 668 4221 ἑαυτοὺς
698 4157 910 4217 ἔδοσαν,
941 4155 1037 4206 οὐκ
1080 4151 1332 4214 ἐλάττους
1370 4152 1516 4215 ὄντες
1554 4170 1708 4224 τρια-

143 4251 359 4306 κοσίων.
387 4248 497 4304 Ἦν
518 4251 574 4303 δὲ
605 4239 944 4321 παρ”αύτοῖς
976 4243 1194 4315 ἀνδριὰς
1219 4243 1425 4313 Κρόνου
1456 4245 1706 4313 χαλκοῦς,

146 4341 454 4404 ἐκτετακὼς
499 4340 598 4403 τὰς
643 4343 828 4411 χεῖρας
868 4337 1061 4400 ὑπτίας
1103 4334 1465 4404 ὲκτεταμένας
1499 4337 1588 4387 ἐπὶ
1613 4336 1710 4404 τῆς

143 4435 280 4504 τῆς,
310 4432 452 4484 ὥστε
501 4432 592 4484 τὸν
639 4429 948 4483 συντιθέντα
991 4427 1098 4479 τῶν
1144 4425 1344 4478 παίδων
1398 4425 1705 4479 ἀποκωλύε-

142 4525 268 4581 σθαι
310 4522 460 4592 (25),
508 4521 601 4574 καὶ
650 4521 866 4573 πίπτειν
919 4521 996 4582 είς
1027 4536 1076 4571 τι
1123 4518 1302 4587 χάσμα
1353 4516 1553 4587 πλῆρες
1607 4536 1708 4570 πυ-

138 4617 257 4690 ρός.
298 4633 316 4665 ι

1814 3693 2126 3747 Macedonis
2154 3691 2383 3752 obitum,
2414 3688 2556 3741 circa
2610 3682 2882 3737 Ptolemaei
2913 3679 3070 3750 primi
3101 3687 3364 3746 tempora,

1810 3787 1876 3840 de
1931 3782 2453 3853 Carthaginensibus
2501 3779 2568 3833 ab
2620 3776 2912 3846 Agathocle
2964 3771 3160 3826 Siciliae
3211 3767 3362 3836 16],

1811 3889 2037 3942 tyranno
2077 3877 2317 3931 obsessis
2369 3864 2437 3928 ad
2487 3873 2709 3927 verbum
2747 3872 2816 3924 ita
2847 3868 3061 3923 scribit:
3086 3884 3103 3915 ι
3139 3863 3364 3923 Iratum,

1813 3972 2003 4039 inquit,
2036 3969 2134 4022 sibi
2165 3977 2422 4036 praeterea
2459 3964 2752 4018 Saturnum
2783 3975 2904 4014 esse
2957 3961 3058 4010 hac
3089 3955 3155 4010 de
3202 3967 3366 4007 causa

1810 4061 2148 4122 dictitabant,
2183 4058 2326 4127 quod
2349 4072 2470 4109 cum
2510 4056 2607 4123 ipsi
2634 4065 2787 4106 antea
2815 4052 3108 4105 liberorum
3138 4060 3363 4099 suorum

1811 4156 1994 4210 ﬂorem
2025 4151 2386 4213 immolarent,
2420 4149 2669 4215 deinceps
2701 4161 2804 4198 non
2838 4142 2938 4196 nisi
2969 4155 3165 4210 pueros
3202 4152 3367 4207 quos-

1811 4249 1932 4302 dam
1987 4245 2170 4299 furtim
2218 4251 2492 4311 coemptos
2541 4249 2700 4318 atque
2732 4237 2827 4290 abs
2863 4250 2980 4289 sese
3018 4232 3274 4286 educatos
3301 4228 3368 4281 ad

1812 4337 2134 4393 sacriﬁcium
2189 4334 2582 4390 submitterent.
2637 4329 2818 4397 Itaque
2870 4327 2972 4381 hac
3010 4324 3076 4378 de
3133 4337 3190 4375 re
3220 4334 3366 4388 quae-

1814 4433 1992 4486 stione
2021 4428 2226 4490 habita,
2255 4424 2544 4479 nonnullos
2573 4439 2638 4475 ex
2689 4421 2776 4483 iis,
2815 4419 2906 4487 qui
2955 4429 3110 4470 sacro
3166 4428 3229 4465 ac
3282 4425 3368 4474 se-

1813 4523 1976 4577 lemni
2013 4522 2117 4574 ritu
2141 4519 2262 4573 caesi
2292 4529 2467 4580 erant,
2517 4511 2892 4584 supposititios
2941 4508 3110 4562 fuisse
3158 4519 3370 4572 repere-

1742 4609 1785 4664 D
1819 4622 1963 4667 runt.
1999 4612 2129 4677 Qua:
2156 4624 2276 4663 cum
2313 4621 2495 4660 secum
2524 4605 2624 4673 ipsi
2659 4607 2988 4672 reputarent,
3028 4594 3371 4659 hostiumque

134 4722 322 4770 castra
373 4707 644 4764 manibus
679 4707 793 4762 suis
840 4708 1124 4761 imminere
1166 4712 1467 4766 cernerent,
1519 4721 1708 4775 magna
1753 4713 1856 4766 illis
1887 4711 2080 4779 injecta
2146 4705 2332 4773 religio
2366 4713 2468 4766 est,
2499 4702 2652 4771 quasi
2683 4699 2883 4768 patrios
2915 4697 3138 4750 deorum
3195 4691 3369 4743 hono-

133 4822 230 4862 res
304 4803 672 4862 sustulissent.
711 4802 885 4869 Atque
936 4801 1081 4855 hunc
1133 4816 1372 4855 errorem
1434 4807 1492 4853 ut
1541 4812 1707 4856 matur

1808 4812 2178 4876 procurarent,
2231 4802 2465 4871 primum
2520 4797 2737 4866 quidem
2782 4793 3012 4847 eximios
3067 4785 3372 4841 communi-

134 4901 357 4968 busque
427 4899 596 4954 lectos
643 4892 914 4976 suﬁragiis
949 4896 1318 4950 adolescentes
1378 4896 1598 4951 omnino
1656 4901 1919 4955 ducentos
1983 4899 2192 4968 publice
2255 4887 2863 4949 immolarunt:deinde
2911 4898 3036 4938 vero
3083 4881 3173 4934 alii
3236 4892 3373 4949 prae-

137 5005 315 5059 terea,
355 4993 449 5062 qui
476 4990 690 5046 violatae
761 4977 1045 5057 religionis
1095 4989 1330 5057 suspecti
1364 4989 1521 5058 vulgo
1585 5004 1786 5059 essent,
1829 4967 1989 5048 uitro
2031 5006 2148 5046 sese
2197 5004 2260 5043 ac
2319 4995 2511 5056 sponte
2563 4982 2892 5043 obtulerunt,
2937 4975 3190 5030 trecentis
3227 4967 3372 5024 haud

135 5084 455 5154 pauciores.
511 5083 642 5137 Erat
703 5092 881 5135 autem
965 5081 1106 5149 apud
1163 5098 1258 5136 eos
1314 5085 1665 5138 simulacrum
1724 5086 1940 5143 Saturni
1991 5101 2211 5160 :ercum,
2269 5081 2477 5151 supinis
2529 5094 2590 5132 ac
2647 5073 3005 5146 pendentibus
3058 5071 3111 5123 in
3174 5077 3371 5122 terram

139 5177 422 5242 manibus,
472 5186 533 5231 ut
573 5178 857 5247 impositus
889 5176 1018 5244 ipsis
1052 5176 1364 5235 adolescens
1409 5181 1702 5249 subjectam
1741 5185 1793 5239 in
1864 5186 2074 5240 foveam
2103 5182 2320 5251 ignique
2381 5177 2589 5247 plenam
2649 5173 2953 5226 volveretur
2993 5184 3056 5223 ac
3085 5171 3286 5220 rueret.
3346 5183 3362 5211 ι

213 5266 451 5322 Τοιαῦτα
480 5267 543 5338 δὴ
585 5262 861 5330 καὶ-οὖτος
894 5266 978 5319 διὰ
1029 5267 1122 5337 τῆς
1175 5271 1379 5333 οἰκείας
1430 5273 1709 5340 Ἱστορίας

142 5359 482 5435 παρέδωκεν.
521 5361 755 5424 Εἰκότως
785 5363 888 5434 ἄρα
923 5362 1066 5429 καὶή
1109 5362 1234 5430 παρ’
1271 5363 1539 5431 Ἑϐραίοις
1573 5367 1610 5417 Γ
1618 5383 1711 5437 ρα-

144 5458 222 5527 φὴ
253 5452 670 5520 καταμέμφεται
699 5457 810 5516 τοῖς
839 5454 906 5507 τὰ
940 5453 1160 5506 τοιαῦτα
1199 5453 1471 5524 ζηλώσασι
1506 5458 1614 5512 τῶν
1647 5461 1710 5514 ἐκ

222 5561 250 5590 ι
290 5547 412 5600 ὅσον
445 5561 495 5595 τι
525 5542 586 5595 D.

219 5638 333 5711 (22)
369 5637 735 5711 Ἠλογξηκόονι.
767 5634 947 5711 Dio_n.,
969 5639 1057 5711 qui
1084 5638 1240 5708 paulo
1263 5646 1383 5711 ante
1402 5653 1513 5711 om.
1536 5638 1705 5703 δέους.

151 5783 164 5792 _
384 5704 812 5792 Ἁνζῖᾳθοκλέους.
847 5704 1232 5764 Ευεοοίοόωκ
1269 5706 1433 5761 Sicul.
1461 5709 1493 5786 l.
1524 5725 1611 5762 xu
1642 5712 1708 5764 ab

151 5778 327 5843 initio,
358 5792 411 5833 et
448 5778 540 5832 lib.
585 5792 675 5831 xx.
1477 5779 1480 5786 ‘

221 5849 335 5920 (24)
359 5848 679 5920 ⁸ᾘτιῶι-ιήο,
707 5857 806 5920 etc.
837 5847 1052 5904 Diodor.
1083 5852 1119 5903 l.
1154 5868 1243 5913 xx,
1280 5865 1331 5918 p.
1367 5849 1468 5902 756
1496 5848 1556 5902 ι).
1578 5850 1704 5903 edit.

151 5917 338 5978 Greco
358 5917 444 5988 LI,
467 5928 584 5990 post
623 5918 945 5975 luculentam
967 5921 1111 5977 illam
1143 5917 1454 5994 Agathochs
1479 5922 1542 5977 de
1574 5920 1704 5975 Car-

1888 5279 2011 5333 llmc
2038 5275 2151 5332 suis
2183 5274 2237 5327 in
2268 5269 2520 5324 Historiis
2553 5265 2840 5319 Diodorus.
2866 5261 3226 5327 Quamobrem
3256 5257 3379 5325 jure.

1814 5387 1946 5428 sane
2000 5385 2068 5424 aci
2099 5366 2290 5419 merito
2329 5362 2675 5416 Hebraeorum
2715 5358 2907 5409 litteris
2953 5359 3249 5418 carpuntur
3301 5348 3376 5399 illi

1813 5474 1974 5534 atque
1997 5457 2477 5529 reprehenduntur,
2497 5454 2584 5522 qui
2601 5468 2664 5505 ex
2684 5446 3126 5505 circumeisorum
3146 5456 3379 5496 numero

1816 5632 2577 5710 thagiuiensihugvictoriam.

1889 5689 2386 5780 ἅδίΣω-τιθέντα
2437 5720 2601 5780 τηπ.
2652 5695 3120 5780 ἀποκωλύερςοαι.
3172 5689 3369 5780 [facilis

1815 5763 1939 5839 erat
1956 5763 2301 5845 conjectura,
2339 5775 2618 5846 legendum
2638 5786 2777 5833 esse,
2805 5765 3136 5846 ἐπιτεθέντα,
3167 5771 3218 5816 et
3239 5763 3370 5838 ἀπο-

1817 5830 2112 5915 Ξὺῐκιεᾶθαῖ,
2144 5830 2604 5917 quod'utr’umque
2638 5830 2825 5912 postea
2850 5840 2904 5894 in
2925 5837 3156 5892 Diodoro
3177 5830 3368 5903 reperi.
