4044 6334
68 376 186 432 285

1279 391 1600 447 ΡΚ.ΕΡΛΒ.
1643 388 1894 445 EVANG.
1929 386 2053 440 LIB.
2086 383 2174 439 Ν.

3211 357 3313 411 286

57 496 354 567 δαίμονα,
399 494 447 567 ᾧ
478 500 547 553 τὰ
577 504 723 571 ωμὰ,
759 497 852 555 καὶ
868 501 1223 572 ἀπάνθρωπα,
1249 503 1341 553 καὶ
1370 497 1675 566 παράνομα.

1778 502 1901 542 nere
1932 486 2111 539 omnia
2168 481 2445 540 fatebitur,
2484 477 2575 532 sed
2633 482 2811 528 tamen
2870 472 3005 524 alios
3060 477 3315 535 przeterea

66 575 169 624 καὶ
204 577 453 649 αἰσχρὰ
493 579 624 647 φίλα
664 583 947 649 ﬂuctvat;
985 582 1092 632 Καὶ
1137 583 1245 631 εἴτε
1291 597 1370 641 τις
1404 578 1470 649 ἦν
1514 580 1677 631 πάλαι

71 660 388 735 πρότερον
414 668 470 719 ὲν
498 667 662 737 Ῥόδῳ
687 668 1063 737 νενομισμένος
1086 667 1222 731 θεὸς,
1240 668 1441 738 χαίρων
1472 666 1678 737 ἀνθρω-

72 752 432 820 ποθυσίαις,
454 758 641 811 τοῦτον
674 760 702 811 6
731 757 936 828 ἀληθὴς
979 758 1111 821 Θεὸς
1130 797 1144 821 ,
1164 756 1308 821 εῐτις
1353 752 1421 827 ἦν
1448 756 1680 827 ἄρα,τὴν

74 840 295 911 πρᾶξιν
334 843 612 915 ἐπισχὼν,
637 847 696 898 οὑ
728 845 866 908 θεὸν,
889 846 1023 899 ἀλλὰ
1062 845 1259 914 φαῦλον
1292 844 1538 915 ἡγεῖσθαι
1568 844 1681 897 δαί-

82 950 223 1001 μονα
248 939 390 999 τοῖς
438 938 570 990 πᾶσι
615 935 1014 1008 προεκήρυξεν;
1065 938 1188 989 Είτε
1235 937 1292 989 ὲν
1325 936 1677 1006 Σαλαμῖνι

84 1025 379 1096 πρότερον
419 1028 697 1099 Κορωνείᾳ
719 1026 1108 1099 ὀνομαζομένῃ,
1145 1020 1258 1099 ὲνῇ
1289 1028 1346 1078 ὲν
1379 1027 1509 1097 μηνὶ
1540 1025 1682 1079 κατὰ

88 1112 392 1183 Κυπρίους
464 1116 783 1188 Ἀφροδισίῳ
817 1116 1000 1169 ἐθύετο
1030 1116 1305 1187 ἄνθρωπος
1328 1133 1341 1145 ·
1376 1117 1470 1169 καὶ
1493 1116 1679 1169 τοῦτον

94 1203 192 1255 Evt
233 1207 265 1257 6
321 1205 545 1277 ἀληθὴς
582 1207 713 1271 Θεὸς
767 1204 1338 1278 ἀπέφηνενςάλιτήριον
1387 1204 1524 1260 εἶναι
1566 1206 1672 1260 δαί-

93 1308 249 1355 μονα,
300 1294 539 1358 παύσας
570 1296 644 1359 ὡς
674 1296 864 1357 ἀσεϐὲς
904 1298 994 1350 καί
1029 1296 1238 1349 ἀνόσιον
1271 1298 1329 1349 τὸ
1364 1298 1676 1367 γινόμενον;

91 1378 146 1428 Εἰ
171 1379 234 1431 δὲ
275 1383 391 1433 καὶ
430 1384 485 1434 ὲν
524 1383 701 1437 Ἡλίου
732 1383 887 1437 πόλει
909 1383 1005 1453 τῆς
1035 1384 1306 1453 Αἰγύπτου
1340 1386 1430 1437 τὸν
1462 1385 1561 1454 τῆς
1583 1387 1679 1438 ἁν-

92 1470 525 1537 θρωτοοκτονίις
560 1475 719 1543 νόμον
748 1474 987 1545 ’Δμωσις
1015 1475 1169 1528 ἔλυσε
1188 1518 1203 1541 ,
1234 1476 1366 1529 πολὺ
1397 1477 1680 1547 κρείττονα

88 1561 179 1611 τοῦ
213 1562 367 1614 Θεοῦ
410 1564 499 1616 τὸν
543 1566 822 1635 ἄνθρωπον
853 1568 881 1618 6
922 1565 1126 1636 ἀληθὴς
1160 1567 1293 1629 Θεὸς
1334 1566 1568 1631 ἐδίδαξεν
1611 1567 1679 1620 ἂν

92 1655 433 1720 γεγονέναι·
468 1656 529 1707 οὐ
583 1657 688 1729 γὰρ
716 1655 845 1720 Θεὸς
864 1698 877 1721 ,
906 1656 1110 1725 δαίμων
1140 1657 1197 1708 δὲ
1232 1657 1391 1709 πάλιν
1432 1659 1681 1721 κάκεῖνος

93 1740 158 1815 ἧν
183 1748 213 1797 6
237 1745 546 1815 κατάρχων
572 1748 668 1817 τῆς
696 1745 1179 1817 ἀνθρωποκτονίας.
1204 1748 1315 1798 Οὐκ
1338 1747 1401 1799 ἂν
1420 1746 1476 1798 δὲ
1504 1749 1531 1799 6
1552 1746 1680 1817 ἀλη-

102 1835 204 1905 θὴς
252 1836 401 1899 Θεὸς
448 1840 545 1891 καὶ
580 1840 671 1890 τὸν
701 1838 799 1907 τῆς
841 1824 1016 1908 ’Ἥρας
1045 1837 1273 1906 δαίμονα
1324 1837 1443 1906 οὐχὶ⁸
1491 1838 1681 1907 μιαρὸν
1715 1839 1753 1895 Β

98 1927 363 1994 ἡγεῖσθαι
392 1928 502 1979 δεῖν
534 1929 953 1999 ἐνομοθέτησεν,
996 1922 1040 1994 ᾧ
1081 1927 1180 1997 τῆς
1212 1928 1422 1999 ἡμέρας
1449 1928 1682 1997 ἑκάστης

104 2021 255 2087 τρεῖς
289 2017 620 2089 ἀνθρώπους
649 2019 868 2073 θύεσθαι
896 2020 1235 2090 παρέστησεν
1270 2022 1302 2090 ἡ
1343 2020 1574 2089 ἱστορία.
1617 2021 1681 2072 Τί

103 2109 147 2161 δ’
183 2109 251 2161 ἂν
280 2110 502 2176 γένοιτο
538 2109 989 2180 δαιμονικώτερον
1031 2111 1242 2181 ἀληθῶς
1279 2111 1372 2163 τοῦ
1415 2112 1675 2181 καλουμέ-

111 2218 204 2252 νου
241 2197 503 2269 Ὦμαδίου
536 2201 785 2254 Διονύσου
810 2238 825 2261 ,
859 2194 903 2267 ᾦ
934 2216 1096 2269 φασιν
1140 2203 1197 2252 ὲν
1255 2201 1370 2269 Χίῳ
1401 2201 1680 2270 ἄνθρωπον

126 2289 331 2357 μελιστὶ
386 2290 723 2351 διασπῶντας
755 2288 900 2341 θύειν
919 2306 932 2319 δ
976 2291 1008 2358 ἢ
1040 2289 1132 2341 τοῦ
1176 2291 1234 2342 ὲν
1265 2289 1471 2359 Τενέδῳ
1500 2290 1678 2343 ὡσαύ-

123 2397 244 2441 τως.
273 2381 328 2432 6v
359 2384 455 2433 καὶ
484 2380 643 2433 αὐτὸν
670 2380 756 2433 διὰ
783 2381 880 2449 τῆς
903 2379 1349 2449 ἀνθρωποθυσίας
1380 2381 1677 2442 ἱλάσκοντο;

134 2472 496 2542 Ἀπηγὸρευσε
528 2471 573 2524 δ’
604 2473 669 2525 ἂν
701 2474 730 2525 6
755 2472 958 2544 ἀληθὴς
1001 2473 1131 2536 Θεὸς
1178 2473 1271 2525 καὶ
1300 2471 1378 2542 τῷ
1415 2473 1570 2543 Ἄρει
1602 2472 1680 2542 τῷ

122 2562 448 2633 βροτολοιγῷ
476 2564 570 2617 καὶ
592 2563 934 2635 φιλοπολέμῳ
962 2565 1172 2635 δαίμονι
1197 2563 1345 2617 θύειν
1374 2562 1674 2634 ἄνθρωπον·

116 2653 483 2725 ἐνομοθέτησε
513 2655 557 2708 δ’
585 2655 681 2721 ἂν,
736 2657 871 2726 μήτε
919 2658 1026 2709 τῶν
1062 2655 1303 2719 οἰκείων,
1361 2656 1495 2725 μήτε
1527 2654 1679 2708 ἀλλο-

106 2743 283 2814 τρίων
319 2746 390 2797 τὰ
431 2746 651 2814 φίλτατα
680 2749 1074 2816 κατασφάττειν
1104 2747 1271 2816 αὐτῷ.
1306 2748 1368 2799 Et
1397 2747 1453 2798 δὲ
1480 2748 1571 2799 καὶ
1610 2750 1676 2819 τῇ

124 2834 342 2905 Ἀθηνᾷ
368 2840 478 2890 κατ’
500 2838 613 2901 ἔτος
634 2838 917 2908 παρθένος,
944 2838 1018 2901 ὣς
1051 2855 1231 2907 φασιν,
1249 2837 1434 2891 ἐθύετο
1457 2839 1512 2890 ὲν
1538 2839 1678 2891 Λαο-

109 2924 306 2995 δικείᾳ
356 2930 418 2997 τῇ
461 2928 591 2981 κατὰ
633 2927 851 2998 Συρίαν,
897 2926 991 2979 καὶ
1018 2926 1219 2995 ταύτην
1245 2929 1415 2980 είπείν
1447 2926 1678 2997 πονηρὸν

114 3014 350 3085 δαίμονα
390 3019 486 3071 οὐκ
516 3018 582 3071 ἂν
628 3016 924 3088 ἐφυλάξατο
971 3019 998 3070 6
1043 3016 1247 3089 ἀληθὴς
1289 3016 1449 3079 Θεός·
1477 3015 1552 3079 ὼς
1585 3016 1677 3071 καὶ

114 3107 203 3159 τὸν
236 3108 297 3161 ὲν
328 3107 496 3180 Λιϐύη
530 3112 640 3173 τοῖς
672 3110 877 3178 ὁμοίοις
905 3108 1181 3179 χαίροντα,
1218 3108 1310 3160 καὶ
1340 3109 1429 3161 τὸν
1456 3109 1548 3160 ἐπὶ
1578 3107 1677 3179 τῆς

1785 576 1955 627 bonos
1981 587 2101 625 esse
2128 573 2294 635 dicet,
2346 585 2483 638 quos
2535 577 2791 635 tanquam
2844 562 3057 632 generis
3106 557 3328 612 humani

1785 664 2026 717 vindices
2060 662 2329 732 praecipuo
2378 660 2528 714 cultu
2579 654 2829 711 venerari
2862 659 3148 721 oporteat:
3181 663 3329 717 qua:-

1786 753 2014 807 rendum
2049 767 2115 805 ex
2155 765 2223 805 eo
2253 750 2437 813 fuerit,
2471 748 2563 802 ubi
2601 751 2821 801 tandem
2849 748 3028 796 essent
3054 739 3179 793 boni
3207 739 3326 791 vin-

1783 845 1953 906 dices,
1989 857 2128 911 quos
2172 856 2236 895 ea
2286 840 2545 909 religione
2578 844 2993 905 venerarentur,
3038 848 3159 887 cum
3211 842 3329 885 tan-

1784 942 1891 985 tam
1963 931 2336 999 improborum
2400 929 2628 983 istorum
2686 924 2961 979 vesaniam
3016 936 3239 999 suorum
3296 936 3326 973 a

1783 994 2057 1076 clientum-
2086 1019 2406 1089 corporibus
2476 1016 2699 1070 minime
2748 994 3145 1084 propulsarent.
3201 1008 3324 1071 Ubi,

1784 1113 2031 1181 inquam,
2067 1110 2196 1163 boni
2227 1110 2524 1172 daemones,
2577 1106 2669 1174 Qui
2722 1118 2821 1158 nec
2870 1103 3156 1176 carniﬁces
3206 1100 3329 1153 illos

1784 1210 2047 1266 arcerent,
2108 1215 2208 1255 nec
2238 1198 2536 1253 cultoribus
2591 1198 2707 1252 suis
2752 1212 2909 1266 opem
2958 1193 3328 1261 auxiliumque

1784 1291 2011 1347 ferrent?
2038 1293 2147 1346 Cur
2172 1291 2316 1345 enim
2349 1289 2631 1342 hominum
2662 1304 2853 1357 genus,
2884 1286 3026 1356 quod
3049 1292 3102 1338 et
3123 1284 3329 1337 ratione
3390 1268 3394 1274 ’

1784 1384 2088 1452 praeditum,
2142 1391 2195 1436 et
2243 1378 2461 1433 Numini
2533 1379 2755 1432 charum
2801 1386 2901 1442 est,
2960 1374 3325 1444 improborum

1783 1475 2085 1527 daemonum
2126 1471 2441 1526 crudelitate
2470 1469 2660 1523 conlici
2694 1468 3022 1537 negligenter
3070 1466 3204 1519 adeo
3233 1480 3328 1534 pa-

1785 1564 2091 1617 tiebantur?
2124 1563 2257 1630 lino,
2285 1564 2474 1633 quidni
2509 1561 2762 1615 omnibus
2820 1559 2997 1628 palam
3046 1568 3099 1611 et
3149 1566 3329 1625 aperte

1782 1659 2191 1721 denuntiabant,
2250 1660 2331 1712 uti
2386 1658 2693 1724 cuicunque
2729 1670 2794 1707 ex
2853 1654 2940 1717 iis,
2992 1667 3130 1721 quos
3173 1651 3330 1719 vulgo

1783 1750 1915 1803 deos
1949 1749 2319 1813 nominabant,
2352 1748 2435 1802 vel
2470 1747 2796 1807 immanitas,
2826 1744 2905 1797 vel
2937 1745 3115 1798 scelus
3147 1760 3210 1797 ac
3237 1742 3332 1796 ila-

1782 1843 1969 1911 gitium
2019 1842 2270 1909 placeret,
2299 1854 2423 1893 eum
2488 1846 2673 1906 utpote
2714 1852 2820 1890 non
2870 1836 3028 1889 deum
3072 1835 3326 1903 aliquem,

1785 1935 1876 1988 sed
1934 1932 2238 2001 improbum
2284 1929 2584 1984 daemonem
2627 1927 2891 1982 exsecrati
2925 1934 3236 1979 constanter
3267 1940 3331 1978 ac

1783 2033 2042 2093 perpetuo
2077 2022 2360 2092 fugerent?
2390 2020 2609 2086 Quidni,
2646 2019 2887 2087 inquam,
2916 2033 3009 2071 seu
3041 2016 3162 2084 quis
3199 2016 3327 2068 olim

1783 2114 1876 2167 Dei
1944 2115 2064 2169 loco
2118 2129 2145 2166 a
2206 2111 2432 2165 Rhodiis
2489 2110 2708 2163 habitus
2760 2108 3024 2161 humanas
3084 2106 3331 2159 victimas

1780 2204 2082 2273 expetebat,
2118 2218 2280 2256 verus
2309 2216 2432 2255 eum
2468 2199 2631 2262 Deus,
2680 2200 2726 2252 si
2774 2215 2934 2268 quem
2986 2197 3087 2265 ipsi
3142 2210 3327 2249 verum

1781 2296 2073 2359 habebant,
2133 2308 2386 2364 represso
2447 2292 2751 2355 maleﬁcio,
2824 2306 2933 2343 non
2989 2288 3179 2350 Deum,
3234 2286 3329 2341 sed

1780 2388 1982 2442 malum
2068 2387 2366 2441 damonem
2438 2382 2861 2437 existimandum
2933 2380 3001 2434 ab
3076 2379 3330 2445 omnibus

1776 2493 1898 2533 esse
1955 2478 2310 2534 declarabat?
2362 2476 2469 2529 Seu
2530 2476 2654 2544 quis
2711 2474 2849 2528 idem
2902 2471 3166 2542 ejusmodi
3227 2468 3329 2523 Sa-

1778 2569 1977 2623 lamine
2034 2568 2137 2622 fuit
2184 2569 2370 2637 (quam
2424 2577 2631 2622 veteres
2674 2566 2973 2621 Coroneam
3023 2564 3328 2632 vocabant),

1778 2657 1868 2710 ubi
1929 2669 2117 2710 mense
2176 2656 2270 2724 qui
2330 2656 2471 2723 apud
2524 2653 2751 2724 Cyprios
2814 2654 3173 2723 Aphrodisins
3229 2664 3327 2716 est,

1780 2747 2053 2801 hominem
2113 2746 2505 2811 immolabant;
2564 2760 2687 2799 eum
2744 2759 2961 2813 quoque
3020 2760 3183 2798 verus
3252 2744 3330 2797 is-

1778 2846 1955 2892 torum
2015 2837 2158 2893 Deus
2200 2877 2214 2901 ,
2286 2846 2345 2891 ut
2403 2837 2626 2905 impium
2705 2852 2907 2889 morem
2993 2835 3328 2903 abrogaret,

1778 2927 2092 2997 pestifequ
2181 2931 2481 2983 daemonem
2569 2943 2687 2983 esse
2762 2926 3099 2982 statuebat?
3176 2926 3328 2995 163

1775 3019 1954 3083 Nam,
2008 3020 2052 3075 si
2121 3020 2262 3090 apud
2321 3019 2639 3089 Heliopolim
2710 3019 2925 3089 Egypti
2959 3059 2974 3082 ,
3037 3018 3328 3072 solemnem

1780 3109 2017 3165 hominis
2060 3098 2375 3167 immolandi
2424 3110 2867 3165 consuetudinem
2905 3109 3120 3163 Amosis
3186 3108 3329 3160 anti-

130 3192 388 3264 Ἀραὸίας
406 3212 419 3225 ο
435 3190 479 3261 ᾧ
499 3197 593 3251 καὶ
619 3196 763 3268 αὐτῷ
782 3200 899 3251 κατ’
922 3198 1037 3261 ἔτος
1062 3197 1287 3251 ἕκαστον
1314 3197 1468 3252 ἔθυον
1490 3199 1672 3264 παῖδα,

1779 3201 1989 3268 quavit,
2030 3200 2315 3255 hominem‘
2341 3202 2526 3269 utique
2549 3199 2657 3254 Deo
2686 3201 2841 3274 longe
2874 3199 3148 3254 meliorem
3174 3213 3327 3259 esse,

118 3284 174 3336 ὃν
196 3286 293 3340 καὶ
318 3287 423 3341 ὑπὸ
451 3287 630 3358 βωμὸν
660 3288 909 3342 ἔθαπτον.

1781 3305 1946 3345 verus
1993 3306 2181 3345 eorum
2236 3290 2380 3346 Deus
2426 3293 2620 3348 docere
2665 3291 2940 3345 debuisset
2981 3308 2997 3343 ι
3054 3303 3149 3343 nec
3181 3289 3327 3341 enim

124 3375 262 3434 Deus
286 3378 390 3435 iste
422 3396 663 3450 quoque,
742 3384 834 3437 sed
870 3384 1078 3437 daemon
1151 3383 1390 3453 profecto
1424 3383 1543 3450 fuit,
1595 3389 1846 3458 quisquis
1907 3388 2069 3458 hujus
2137 3387 2417 3442 hominum
2452 3386 2613 3441 raedis
2649 3395 2837 3440 auctor
2886 3382 3006 3438 fuit.
3032 3381 3141 3438 Nec
3172 3398 3337 3438 verus

126 3468 247 3524 item
279 3470 449 3539 Deus,
480 3472 631 3527 illum
658 3471 887 3528 lunonis
915 3475 1234 3541 daemonem,
1258 3476 1345 3530 cui
1388 3486 1497 3532 tres
1532 3480 1659 3533 olim
1701 3481 1928 3550 Singulis
1965 3482 2155 3535 diebus
2182 3481 2429 3535 homines
2463 3478 2688 3535 mactari
2751 3478 2940 3532 solitos
2971 3491 3036 3530 ex
3098 3475 3329 3532 historia

132 3569 521 3633 cognoscimus,
573 3566 896 3638 ﬂagitiosum
939 3584 1177 3637 unquam
1217 3580 1377 3641 atque
1406 3574 1724 3628 sceleratum
1765 3576 1948 3629 haberi
1987 3578 2262 3632 vetuisset.
2298 3575 2451 3642 Quod
2480 3591 2641 3645 porro
2702 3574 2876 3643 magis
2908 3573 3200 3627 damenem
3239 3587 3330 3626 sa—

134 3658 254 3723 piat,
283 3674 448 3728 quam
483 3660 575 3714 illa
606 3659 688 3716 vel
734 3658 940 3714 Omadii
981 3658 1175 3715 Bacchi
1214 3662 1526 3729 crudelitas,
1573 3666 1660 3718 cui
1697 3666 2039 3721 membratim
2067 3668 2313 3723 homines
2342 3683 2370 3721 a
2399 3668 2547 3722 Chiis
2599 3666 2896 3734 discerptos
2950 3678 3071 3718 esse
3100 3662 3325 3727 ferunt;
3438 3692 3441 3697 ι

133 3747 207 3799 vel
238 3748 465 3804 alterius
507 3750 649 3819 apud
688 3748 969 3812 Tenedios,
1008 3763 1169 3817 quem
1203 3749 1453 3805 similiter
1522 3756 1801 3809 hominum
1858 3758 2003 3812 caade
2056 3758 2381 3827 placebant?
2415 3757 2683 3811 Edixisset
2718 3765 2975 3825 praeterea
2999 3768 3158 3806 verus
3216 3753 3315 3808 istc

130 3835 281 3905 Deus,
312 3841 390 3894 uti
424 3848 493 3895 n‘e
535 3842 677 3911 quis,
703 3839 856 3893 larti
902 3840 977 3893 illi
1014 3840 1276 3921 bellorum
1352 3843 1681 3914 humanique
1716 3850 1926 3903 cruoris
1985 3850 2357 3906 sitientissimo
2408 3850 2677 3904 hominem
2718 3846 3043 3909 immolaret,
3074 3846 3329 3914 adeoque

130 3942 220 3983 nec
249 3934 350 3987 sibi
382 3934 613 4004 aliisque
642 3935 957 3989 charissima
988 3949 1215 4003 quasque
1239 3935 1529 4007 jugularet.
1564 3937 1772 3995 Palladi
1803 3954 2053 4010 quoque,
2114 3943 2162 3996 si
2217 3943 2359 4013 quod
2393 3941 2553 4009 vulgo
2614 3939 2871 4008 iactatur,
2902 3937 3050 4007 virgo
3094 3946 3335 4007 quotan~

130 4022 207 4074 nis
229 4021 508 4081 Laodicea:
534 4026 699 4099 Syria:
724 4029 986 4083 immolari
1021 4024 1247 4096 solebat,
1281 4046 1343 4085 ea
1377 4047 1443 4086 ne
1483 4034 1659 4088 malus
1718 4035 1928 4090 daemon
1986 4036 2297 4100 haberetur,
2356 4016 2517 4090 verus
2550 4035 2789 4106 profecto
2831 4033 2975 4087 Deus
3014 4046 3121 4086 non
3154 4032 3327 4085 cavis-

131 4124 206 4170 set
234 4137 249 4171 :
279 4120 521 4191 itemque
568 4139 635 4178 ne
685 4124 841 4190 alter,
869 4124 958 4192 qui
1003 4123 1105 4178 hoc
1148 4140 1426 4180 sacrorum
1465 4143 1658 4196 genere
1693 4129 2062 4186 delectabatur
2106 4132 2161 4186 in
2214 4129 2402 4201 Libya,
2466 4130 2708 4200 alterque
2747 4137 3023 4200 praeterea,
3068 4126 3156 4181 cui
3213 4141 3329 4182 mae

130 4218 319 4269 cntum
352 4218 907 4287 quotannisinArabia
938 4234 1160 4288 puerum
1190 4220 1291 4299 sub
1324 4236 1473 4275 aram
1519 4223 1745 4292 sepelire
1776 4242 1894 4283 mos
1927 4237 2066 4282 erat.

638 4315 1025 4369 ΚΕΦΑΛΔΙΟΝ
1062 4317 1158 4367 lZ'.

141 4397 243 4451 Ὀτι
276 4401 429 4470 μετὰ
464 4402 578 4475 τὴν
603 4406 999 4474 εὐαγγελικὴν
1025 4405 1449 4471 διδασκαλίαν,
1487 4408 1525 4475 ἠ
1567 4420 1670 4461 πα-

409 4474 551 4525 λαιά
576 4475 1025 4541 ἀνθρωποθυσία
1051 4478 1363 4544 κατελύθη.

2337 4320 2570 4377 CAPUT
2608 4317 2769 4373 XVII.

1775 4413 1906 4469 Post
1955 4416 2262 4485 euangelica:
2301 4415 2553 4468 doctrina
2577 4402 3325 4485 ριξφάὶεαιὶοηεπιηίιοωὶηιιηι

1894 4477 2332 4540 ἰπιιηοίᾶηάοηιηι
2355 4477 2777 4538 consuetudinem
2798 4496 2906 4533 esse
2925 4477 3204 4530 sublatam.

192 4561 417 4626 Τούτους
451 4562 694 4627 ἅπαντας
713 4603 728 4627 ,
762 4566 856 4619 καὶ
884 4568 1009 4628 τούς
1039 4584 1101 4634 γε
1142 4570 1669 4639 αίσχροῤῥημονοῦν-

1842 4578 1998 4642 Istos,
2023 4578 2265 4647 inquam,
2286 4592 2471 4631 omnes
2493 4589 2694 4643 eosque
2710 4571 2975 4634 similiter,
2996 4568 3087 4637 qui
3106 4575 3211 4619 tam
3228 4564 3326 4619 ob-

127 4668 252 4717 τας,
295 4656 389 4707 καὶ
431 4654 701 4723 γυναικῶν
749 4659 1081 4728 παρανόμοις
1110 4661 1457 4732 διαφθοραῖς,
1505 4665 1567 4733 τῇ
1613 4683 1672 4719 τε

129 4745 250 4819 ἄλλῃ
278 4752 341 4818 τῇ
374 4746 869 4829 προκατειλεγμένῂ
900 4752 1065 4823 μανίᾳ
1086 4755 1391 4825 χαίροντας,
1422 4755 1672 4825 προεφὼ-

130 4852 278 4907 νησιν
303 4842 369 4895 ἂν
390 4844 419 4895 6
465 4839 669 4912 ἀληθὴς
708 4840 800 4893 καὶ
820 4838 1020 4909 ἀγαθὸς
1043 4845 1151 4897 εἴτε
1179 4846 1310 4910 Θεὸς
1335 4846 1443 4899 εἴτε
1464 4847 1674 4917 δαίμων

135 4932 384 5004 μηδαμῶς
412 4934 662 5005 ἡγεῖσθαι
695 4933 865 4998 θεούς.
897 4937 1066 4989 Τοῦτο
1096 4936 1152 4991 δὲ
1194 4942 1371 5005 οὐδεὶς
1411 4941 1518 4994 τῶν
1557 4941 1671 4994 πώ-

130 5037 247 5075 ποτε
270 5059 285 5088 ,
319 5025 352 5095 ἢ
384 5026 544 5096 μόνος
584 5030 613 5081 6
671 5029 798 5099 παρ’
836 5027 1102 5097 Ἐὅραίοις
1128 5030 1459 5101 τιμώμενος,
1499 5031 1573 5094 ὼς
1607 5032 1672 5085 ἂν

136 5109 281 5179 μόνος
334 5114 428 5167 καὶ
474 5115 675 5187 ἀληθὴς
719 5119 849 5181 Θεὸς
896 5118 1204 5187 πεποιηκὼς
1260 5120 1668 5192 μνημονεύεται,

132 5199 294 5265 Μόνος
334 5204 441 5273 γὰρ
490 5196 642 5267 οὗτος
688 5204 773 5257 διὰ
820 5204 911 5258 τοῦ
960 5207 1231 5277 προφήτου
1280 5210 1373 5261 καὶ
1422 5206 1668 5276 θεολόγου

135 5290 394 5356 Μωῦσέως
424 5294 761 5366 προεκήρυξε
793 5300 903 5359 τοῖς
932 5299 1063 5351 πᾶσι
1102 5297 1176 5369 μὴ
1209 5298 1387 5351 σέϐειν
1430 5299 1503 5362 ὼς
1530 5299 1667 5366 ἀγα-

136 5380 249 5446 θοὺς
270 5385 528 5456 δαίμονας
563 5386 687 5449 τοὺς
720 5385 983 5455 φαύλους·
1016 5388 1246 5458 ἔμπαλιν
1270 5390 1328 5443 δὲ
1366 5390 1668 5461 ἀποτρέπε-

137 5473 254 5530 σθαι
292 5476 385 5531 καὶ
428 5475 746 5532 ἀπελαύνειν
769 5516 784 5541 ,
820 5477 896 5541 ὡς
941 5478 1007 5532 ἂν
1055 5483 1270 5553 πονηρὰ
1313 5482 1668 5551 τυγχάνοντας

134 5565 432 5636 πνεύματω
468 5565 559 5619 καὶ
592 5566 697 5637 μην
732 5566 826 5621 καὶ
869 5566 1145 5639 καθαίρειν
1184 5570 1295 5643 (28)
1338 5569 1512 5624 αὐτῶν
1543 5569 1667 5633 τούς

200 5665 465 5731 ιπφζᾶν.
1494 5720 1495 5723 η

200 5750 302 5824 (εδ)
327 5753 653 5824 Καθαίρειτ.
686 5750 862 5824 Malim
916 5754 1133 5824 omnino
1183 5751 1457 5822 καθαιρεῖν
1478 5791 1494 5824 ,
1525 5769 1665 5807 ever-

140 5828 252 5889 tere,
286 5821 534 5879 diruere.
594 5821 761 5879 Jussit
783 5823 925 5880 enim
958 5822 1165 5895 Moyses
1198 5821 1392 5895 templa
1442 5823 1530 5879 illa
1556 5840 1660 5880 non

1777 4684 1960 4726 semita
2011 4669 2393 4739 loquebantur,
2420 4668 2623 4737 quique
2669 4663 2945 4734 ﬂagitiosis
2998 4676 3061 4714 ac
3106 4658 3327 4713 nefariis

1777 4763 2065 4818 mulierum
2093 4760 2415 4829 corruptelis
2453 4774 2516 4812 ac
2545 4756 2768 4823 stupris,
2803 4763 3017 4821 totoque
3042 4751 3143 4803 hoc
3176 4766 3327 4803 com-

1776 4860 2087 4908 memoratas
2131 4850 2383 4919 superius
2444 4845 2685 4900 libidinis
2739 4843 2921 4896 l'urorc
2981 4842 3327 4904 tenebantur,

1773 4959 1934 4999 verus
1972 4949 2116 4995 certe
2161 4939 2379 5009 quidem
2413 4937 2696 5004 bonusque
2727 4934 2840 4987 sive
2873 4930 3039 4995 Deus,
3068 4932 3181 4986 sive
3214 4932 3323 4984 da:-

1774 5049 1925 5100 mon,
1957 5048 1986 5086 a
2011 5044 2285 5101 quoquam
2314 5029 2538 5083 deorum
2572 5027 2625 5079 in
2658 5038 2884 5078 numero
2931 5022 3138 5077 censeri
3172 5021 3321 5073 omni

1772 5126 1979 5179 ratione
2020 5122 2294 5177 vetuisset.
2340 5117 2524 5187 Atqui,
2560 5126 2751 5185 przeter
2798 5132 2943 5176 eum,
2977 5113 3065 5183 qui
3120 5112 3187 5164 ab
3218 5109 3295 5165 lle

1771 5217 1930 5271 bracis
1980 5215 2271 5273 colebatur,
2306 5218 2491 5279 utpote
2532 5208 2624 5277 qui
2686 5223 2824 5261 unus
2860 5213 3002 5259 esset
3050 5218 3319 5272 verosque

1772 5310 1934 5375 Deus,
1964 5324 1994 5361 a
2020 5306 2169 5360 nullo
2194 5320 2417 5374 prorsus
2447 5302 2554 5358 alio
2584 5301 2783 5357 factum
2805 5300 2857 5353 id
2882 5310 3117 5365 unquam
3149 5295 3317 5350 fuisse

1769 5398 2015 5469 legimus.
2040 5392 2198 5450 Solus
2227 5394 2317 5449 ille
2342 5392 2491 5449 solus
2516 5392 2789 5463 prophetae
2817 5402 2880 5442 ac
2904 5386 3139 5455 theologi
3162 5385 3312 5457 Moy-

1769 5491 1845 5545 sis
1872 5503 1965 5543 ore
1997 5484 2336 5540 denuntiavit
2362 5484 2651 5545 universis,
2684 5495 2787 5534 non
2815 5478 2974 5532 modo
3020 5493 3088 5532 ne
3115 5478 3312 5546 impro-

1767 5581 1867 5637 bos
1917 5580 2189 5636 daemones
2220 5584 2476 5646 tanquam
2510 5574 2683 5630 bonos
2714 5570 2974 5636 colerent,
3010 5570 3105 5626 sed
3134 5568 3314 5639 potius

1767 5758 2004 5831 purgari,
2033 5755 2125 5813 sed
2154 5754 2337 5811 exerti.
2368 5755 2541 5826 Atque
2571 5751 2643 5809 ita
2668 5751 2769 5821 leg.
2818 5750 2910 5806 alt.
2942 5764 3006 5806 ex
3035 5760 3304 5804 manusct,
