4044 6334
726 412 825 467 28Ἱ

722 537 981 603 tanquam
1036 533 1329 590 sceleratos
1360 536 1583 605 spiritus
1636 538 1933 594 abominati
1975 539 2277 610 ejicerent:
2307 541 2353 599 Α

722 622 988 695 jussitque
1011 635 1269 696 preterea
1297 643 1484 683 eorum
1511 630 1709 700 templa
1741 632 1971 700 expiari,
1994 648 2284 687 exsecran-

721 716 822 771 das
852 717 1217 790 profanasque
1256 720 1573 790 religiones,
1605 724 1924 776 memoriam
1957 724 2113 793 quasi
2153 723 2285 778 deo-

724 822 845 862 rum
880 810 1212 875 universam,
1243 808 1400 880 184
1430 810 1772 882 honoresque
1802 814 2071 869 solemnes
2096 829 2161 868 ex
2185 814 2283 866 ho-

724 888 932 955 minum
962 900 1208 958 funditus
1237 903 1497 958 societate
1538 906 1725 960 deleri.
1774 905 1966 961 Merito
1998 922 2150 973 sane,
2183 922 2283 961 nec

726 996 873 1050 enim
908 997 1185 1066 improbos
1220 1000 1288 1053 ab
1316 1001 1510 1071 iis,qui
1549 1001 1816 1055 bonorum
1845 1017 1976 1056 cura
2001 1002 2284 1069 providen-

723 1084 910 1156 tiaquc
958 1088 1303 1158 regebantur,
1349 1092 1631 1146 conciliari
1679 1092 1993 1163 placarique
2028 1090 2110 1145 fas
2143 1102 2278 1150 erat.

724 1174 846 1232 Tibi
880 1193 1031 1242 vero,
1060 1195 1154 1235 seu
1184 1179 1507 1237 Pbilarchus
1552 1184 1641 1239 ille
1686 1193 1790 1250 est,
1826 1200 1923 1239 seu
1969 1185 2282 1257 quicunque

724 1268 886 1334 alius,
917 1272 1009 1340 qui
1034 1270 1250 1327 Graecos
1286 1275 1486 1343 passim
1524 1277 1826 1341 universos,
1854 1277 2191 1349 ,priusquam
2227 1280 2280 1332 in

724 1359 931 1415 hostem
979 1375 1280 1431 moverem,
1310 1366 1557 1421 homines
1613 1368 1898 1423 immolare
1940 1369 2133 1425 solitos
2162 1382 2309 1427 esse'

724 1452 938 1517 scribit,
966 1469 1070 1523 qua
1104 1456 1366 1512 daemonis
1394 1460 1681 1529 tyrannide
1723 1462 1970 1530 oppressi
2005 1462 2096 1517 ille
2129 1472 2282 1518 tene-

726 1553 933 1606 rentur,
970 1545 1134 1615 hujus
1165 1546 1329 1601 etiam
1376 1551 1481 1606 nde
1525 1552 1943 1621 testimoniaque
1990 1555 2279 1608 constabit.

720 1633 865 1699 Quin
915 1638 1077 1691 etiam
1118 1641 1280 1697 Afros
1336 1644 1478 1707 illos,
1506 1652 1560 1697 et
1606 1642 1866 1709 Thraces,
1920 1654 1975 1700 et
2026 1645 2279 1715 Scythas,

723 1735 989 1795 quotquot
1018 1730 1287 1787 similibus
1317 1733 1509 1788 ritibus
1540 1744 1841 1802 uterentur,
1877 1736 2041 1791 simili
2074 1737 2278 1792 daemo-

723 1831 851 1871 num
890 1818 1072 1877 furore
1120 1835 1270 1879 actos
1316 1827 1672 1896 pronuntiare
1717 1843 1782 1883 ac
1831 1830 2067 1897 probare
2098 1831 2277 1885 liceat.

723 1906 931 1973 Quibus
988 1914 1366 1979 Athenienses,
1401 1917 1657 1987 ipsosque
1710 1920 1845 1973 adeo
1894 1921 2039 1975 cives
2078 1919 2282 1992 Magna:

729 1997 892 2057 Urbis
918 2004 1173 2077 adjunge,
1205 2022 1327 2061 cum
1362 2009 1503 2062 circa
1536 2008 1713 2078 Magni
1738 2008 1888 2065 Jovis
1916 2009 2080 2065 ferias
2108 2011 2282 2065 homi-

2314 1883 2356 1937 Β

725 2108 823 2149 nes
851 2095 952 2165 ipsi
977 2114 1199 2168 quoque
1224 2099 1557 2169 jugularent.
1586 2102 1698 2158 lino
1724 2117 1874 2168 vero,
1900 2104 1948 2159 si
1976 2106 2281 2160 universam

722 2201 934 2255 eorum,
970 2206 1092 2261 quae
1116 2193 1279 2261 paulo
1318 2204 1445 2249 ante
1483 2199 2049 2267 commemoravimus,
2086 2201 2281 2254 seriem

723 2279 825 2335 sub
876 2292 1155 2351 aspectum
1206 2301 1375 2340 unum
1430 2290 1749 2359 subjeceris,
1806 2291 2049 2347 invenies
2108 2300 2278 2346 totam

680 2449 682 2451 γ
720 2386 889 2443 prope
914 2374 1473 2449 ﬁctorumagentibus
1501 2384 1785 2437 numinum
1818 2384 2153 2438 molitionem
2175 2384 2281 2438 illis

721 2464 855 2533 ipsis
898 2468 1179 2535 spiritibus
1223 2471 1505 2526 hominum
1548 2474 1930 2538 carniﬁcibus,
1974 2474 2283 2529 sceleratis-

720 2571 827 2624 que
858 2557 1195 2621 da’monihus
1219 2577 1341 2619 esse
1372 2563 1734 2619 tribuendam.
1758 2563 1964 2619 Etenim
1990 2566 2035 2620 si
2062 2566 2282 2621 eviden-

721 2648 866 2702 tibus
899 2650 1171 2721 certisque
1200 2656 1550 2720 testimoniis,
1580 2657 1722 2726 apud
1757 2655 2021 2723 Rhodios,
2049 2655 2281 2712 Salami-

718 2756 840 2808 nos,
880 2758 943 2798 ac
967 2754 1190 2800 caeteros
1218 2748 1506 2815 insulares,
1542 2751 1782 2822 itemque
1831 2750 1973 2820 apud
2022 2748 2279 2819 Heliopo-

718 2832 916 2888 litanos
968 2832 1206 2905 Egypti,
1251 2839 1437 2904 Chios,
1483 2838 1771 2905 Tenedios,
1808 2841 2277 2908 Lacedmmonios,

717 2926 977 2993 Arcadas,
1002 2926 1308 2995 Plicnnices,
1340 2930 1542 3003 Libyae,
1572 2931 1743 3005 Syria
1780 2942 1834 2988 et
1858 2933 2073 2988 Arabiae
2102 2948 2277 3003 popu-

718 3018 820 3081 los,
854 3019 1098 3088 adeoque
1152 3024 1294 3092 apud
1340 3024 1697 3081 Athenienses
1748 3026 1918 3096 ipsos,
1947 3027 2038 3097 qui
2064 3026 2280 3081 Graeco—

718 3128 834 3164 rum
867 3113 1111 3167 omnium
1144 3116 1417 3185 principes
1440 3133 1501 3172 ac
1528 3119 1692 3173 veluti
1743 3120 1919 3187 capita
1974 3121 2276 3175 etiamnum

718 3206 900 3261 haberi
930 3204 1126 3271 solent,
1154 3222 1251 3261 nec
1268 3222 1374 3261 non
1404 3209 1546 3277 apud
1576 3189 2075 3280 Carthaginienses,
2094 3210 2274 3279 Afros,
2304 3219 2345 3277 C

718 3296 954 3352 Thraces
1010 3308 1170 3369 atque
1204 3298 1456 3372 Scythas,
1494 3303 1775 3358 hominum
1829 3305 1957 3358 olim
2010 3306 2277 3361 sacriﬁcia

718 3384 1197 3447 diabolicoturore
1228 3406 1487 3463 usurpata
1511 3410 1633 3450 esse
1664 3395 2021 3460 ostendimus,
2055 3399 2279 3468 impios-

718 3482 986 3559 que_ritus
1016 3485 1080 3537 ad
1102 3483 1407 3541 Servatoris
1441 3502 1615 3555 usque
1647 3489 1822 3541 nostri
1859 3500 2103 3560 tempora
2153 3504 2279 3558 pro—

718 3584 940 3639 pagatos
978 3592 990 3626 :
1023 3573 1210 3643 quidni
1237 3576 1452 3629 tandem
1481 3576 1603 3646 jure
1634 3577 1934 3647 meritoque
1960 3580 2275 3645 concludas,

720 3663 844 3717 illos
877 3672 987 3717 tum
1010 3665 1237 3734 populos
1270 3667 1530 3736 improbis
1548 3683 1737 3722 omnes
1765 3669 2102 3726 daemonibus
2123 3688 2278 3725 man-

716 3756 926 3825 cipatos
955 3755 1143 3821 fuisse,
1179 3772 1275 3813 nec
1304 3769 1426 3814 ante
1464 3776 1631 3830 genus
1666 3762 1965 3818 humanum
2001 3772 2275 3818 tantorum

717 3848 1007 3901 acerbitate
1040 3848 1307 3903 malorum
1338 3852 1521 3905 vexari
1548 3852 1799 3917 desiisse,
1828 3870 1992 3923 quam
2023 3853 2277 3910 Servato-

716 3936 792 3991 ris
820 3940 988 3992 nostri
1024 3939 1269 3994 doctrina
1304 3942 1507 4013 passim
1532 3942 1836 3998 illuxisset?
1863 3942 1994 3998 Nam
2027 3945 2116 3999 illa
2151 3947 2274 4016 qui-

714 4029 835 4082 dem
855 4028 921 4081 ad
954 4030 1240 4099 imperium
1272 4032 1495 4087 Adriani
1518 4033 1779 4103 viguisse,
1806 4049 1867 4090 ac
1886 4034 2099 4089 sublata
2123 4037 2277 4090 dein-

715 4134 842 4189 ceps
874 4120 1040 4177 fuisse
1079 4132 1292 4180 constat
1319 4140 1385 4179 ex
1422 4120 1671 4192 historia,
1697 4144 1807 4197 quo
1843 4130 2104 4183 nimirum
2135 4137 2275 4184 tem-

714 4226 847 4279 pore
875 4214 1127 4268 salutaris
1164 4214 1327 4283 hujus
1358 4216 1629 4272 doctrinae
1656 4220 1740 4274 vis
1771 4221 1913 4288 apud
1932 4235 2123 4276 omnes
2158 4222 2272 4290 jam

628 4354 629 4357 η
715 4303 821 4355 late
874 4304 1101 4371 populos
1146 4317 1437 4375 gentesque
1459 4320 1733 4377 regnaret.
1770 4309 1956 4381 Neque
1986 4327 2117 4367 vero
2172 4314 2273 4368 hoc

716 4393 839 4449 istis
900 4394 1155 4465 effugium
1215 4406 1480 4467 superest,
1524 4408 1611 4454 ut'
1646 4415 1754 4454 non
1800 4403 1905 4457 nisi
1966 4405 2127 4459 malis
2164 4404 2275 4459 dae-

715 4492 969 4548 monibus
1032 4493 1243 4547 litatum
1299 4494 1553 4550 humanis
1603 4496 1862 4552 victimis
1895 4514 2017 4555 esse
2065 4500 2269 4571 dicant,

713 4602 835 4641 cum
864 4587 1115 4642 maximis
1144 4590 1438 4655 praesertim
1452 4590 1756 4660 quibusque
1773 4591 1879 4646 diis
1898 4601 2161 4647 mactatos
2180 4594 2275 4647 ho—

2380 4583 2535 4630 στους
2559 4585 2617 4620 τε
2645 4561 2737 4621 καὶ
2766 4567 3000 4636 ἀγαθοὺς
3030 4568 3278 4639 σωτῆρας
3305 4568 3458 4634 θεοὺς
3492 4573 3901 4643 ἀναγορεύουσιν.

713 4680 888 4734 mines
916 4678 1083 4734 fuisse
1115 4694 1181 4734 ex
1210 4680 1428 4735 illorum
1454 4682 1696 4737 historiis
1725 4684 2048 4742 habeamus.
2085 4676 2273 4743 Testes

711 4774 857 4824 enim
885 4787 963 4826 eae
996 4779 1143 4835 sunt,
1178 4768 1378 4825 Junoni
1407 4788 1468 4826 ac
1495 4771 1766 4841 Minervae,
1821 4775 2078 4843 Saturno,
2116 4777 2271 4834 Marti

713 4868 875 4929 atque
927 4860 1165 4929 Baccho,
1204 4860 1433 4931 Jovique
1486 4864 1621 4917 adeo
1666 4872 1986 4920 caeterorum
2030 4868 2270 4945 omnium

715 4952 974 5021 principi,
1007 4969 1107 5008 nec
1157 4969 1265 5008 non
1318 4955 1418 5023 ipsi
1475 4955 1699 5020 Phoebo,
1725 4955 1990 5025 Apollini,
2026 4960 2269 5029 inquam,

731 5042 811 5108 lli,
843 5044 938 5113 qui
962 5051 1171 5098 tantum
1200 5048 1466 5113 gravitate
1503 5048 1725 5118 reliquis
1760 5064 1822 5103 ac
1868 5050 2129 5118 sapientia
2171 5066 2269 5105 an—

706 5134 897 5197 teibat,
923 5148 1091 5203 genus
1124 5134 1176 5187 id
1208 5136 1508 5191 hostiarum
1542 5139 1833 5207 placuisse,
1868 5154 2009 5208 quos
2050 5140 2257 5209 utique,

780 5282 807 5313 δ
850 5270 932 5323 Ia.
963 5287 1042 5322 τε.

781 5428 891 5501 (‘29)
914 5428 1299 5501 Πανέλλησιν
1335 5430 1669 5500 Ἀθηναίοις.
1700 5434 1775 5489 lla
1807 5435 2136 5501 tnss.,amb0,
2162 5436 2265 5490 nisi

711 5498 854 5577 quod
906 5500 1215 5577 liabentjrt
1248 5517 1344 5577 pro
1375 5498 1681 5577 ini,_recte.
1736 5507 1887 5559 Alter
1929 5522 2055 5559 vero
2080 5548 2094 5571 ,
2125 5498 2266 5577 παρ’

712 5568 984 5647 ξΕλλησιν,
1005 5587 1099 5647 pro
1116 5568 1465 5647 Πανέλλησιν.
1492 5573 1741 5639 Montac.,
1760 5580 1887 5647 παρ’
1913 5568 2153 5647 Ἕλλησι,
2179 5568 2267 5629 καὶ

710 5638 926 5718 ἔτι-τοϊς
964 5642 1166 5693 τούτων
1214 5638 1657 5718 κορυφαιοτάτοις
1698 5638 2019 5718 Ἀθηναίοις.
2055 5638 2215 5701 Recte
2250 5667 2261 5701 :

712 5709 892 5790 malim
929 5714 1258 5790 tamenggl
1288 5709 1440 5790 ’παρά
1461 5730 1523 5790 γε
1544 5718 1675 5790 ’τοῖς
1703 5709 2017 5790 Πανέλλησι,
2063 5720 2153 5771 καὶ.
2186 5718 2263 5772 ἔτι

710 5779 911 5860 τούτων
929 5797 991 5860 ¹τ.
1015 5798 1067 5834 κ.
1116 5779 1432 5860 Ἀθηναίοις.
1466 5779 1647 5860 lsthuc
1668 5789 1810 5840 enim
1842 5779 2172 5860 Πανέλληνες
2196 5792 2262 5843 ad

710 5849 1051 5905 Philarchttm
1097 5849 1357 5919 pertinet,
1392 5857 1481 5925 qui
1522 5855 1679 5926 paulo
1729 5867 1851 5914 ante
1906 5849 2111 5925 πάντας
2139 5849 2259 5925 τοὺς

1350 413 1622 473 EUSEBH
1666 418 2138 478 CESARIENSIS
2168 419 2318 478 OPP.
2354 417 2535 474 PARS
2567 415 2631 472 ll.
2651 449 2722 460 —
2753 414 3248 472 APOLOGETICA.

2352 4382 2580 4454 Φοίϐῳ,
2627 4383 2705 4454 τῷ
2747 4384 2810 4456 δὴ
2854 4386 3163 4457 σεμνοτάτῳ
3216 4384 3430 4439 πάντων
3489 4386 3580 4439 καὶ
3649 4386 3907 4458 σοφωτάτῳ

3865 410 3965 467 ea

2380 553 2438 589 τε
2454 535 2612 599 νεὼς,
2628 534 2721 588 καὶ
2744 533 2844 599 τὰς
2867 536 3117 603 ἀνιέρους
3145 533 3239 586 καὶ
3269 531 3589 595 ἀτελέστους
3617 530 3960 602 θρησκείας,
4006 586 4007 591 η

2386 628 2479 681 καὶ
2523 628 2755 698 πάμπαν
2800 628 2860 692 ἐξ
2897 627 3198 699 ἀνθρώπων
3238 623 3520 693 ἀφανίζειν
3563 623 3660 695 τὴν
3703 623 3792 686 ὡς
3841 626 3957 691 περὶ
4006 632 4007 699 γ

2385 718 2522 773 θεῶν
2561 720 2741 773 αὐτῶν
2774 720 3023 791 μνήμην,
3059 718 3153 771 καὶ
3184 718 3282 788 τὴν
3312 716 3739 788 άπονεμομένην
3782 714 3954 776 αὐτοῖς

2382 812 2546 883 τιμὴν
2574 811 2980 881 ἐνομοθέτησεν.
3006 808 3137 862 Οὐδὲ
3162 810 3269 879 γὰρ
3300 808 3424 870 τοὺς
3451 806 3688 875 φαύλους
3725 803 3953 873 ἀπομει-

2384 902 2658 956 λίσσεσθαι
2691 904 2837 958 ὅσιον
2868 898 2935 975 ἦν
2955 903 3079 966 τοὺς
3110 905 3219 965 τοῖς
3253 899 3475 971 ἀγαθοῖς
3514 898 3949 971 μεμελημὲνους.

2383 995 2508 1049 Εῐτε
2535 995 2590 1048 δέ
2623 995 2719 1048 καὶ
2749 995 3011 1066 Φίλαρχος
3033 1035 3047 1059 ,
3078 995 3187 1048 εῐτε
3230 994 3475 1049 ὁστισοῦν
3504 993 3715 1063 ἱστορεῖ
3751 991 3952 1052 πάντας

2381 1086 2506 1149 τοὺς
2539 1083 2802 1156 Ἕλληνας
2822 1124 2836 1150 ,
2869 1086 2997 1156 πρὶν
3022 1086 3114 1138 ἐπὶ
3140 1088 3273 1149 τοὺς.
3294 1084 3559 1155 πολέμους
3588 1083 3842 1147 ἐξιέναι,
3869 1082 3947 1135 ἁν-

2384 1176 2805 1249 θρωποκτονεῖν,
2866 1178 2957 1230 καὶ
3005 1176 3190 1233 τοῦτον
3245 1178 3489 1249 μάρτυρα
3534 1175 3639 1244 τῆς
3689 1174 3945 1243 Ἑλλήνων
4006 1174 4007 1195 ι

2382 1269 2701 1339 δαιμονικῆς
2750 1269 3038 1342 ἐπιληψίας
3075 1270 3149 1341 μὴ
3178 1269 3324 1325 όκνει
3354 1266 3822 1339 παραλαμσάνειν
3840 1283 3853 1296 ·
3875 1268 3932 1336 μὴ

2383 1363 2615 1434 παρίδῃς
2646 1360 2779 1433 μηδέ
2812 1364 2936 1425 τοὺς
2966 1362 3103 1415 κατὰ
3134 1362 3229 1430 τὴν
3266 1359 3547 1431 Ἀφρικὴν,
3578 1358 3710 1423 τούς
3734 1374 3801 1410 τε
3819 1357 3921 1428 Θρᾷο

2384 1470 2484 1516 κας
2529 1454 2767 1516 καὶτοὺς
2796 1451 3005 1515 Σκύθας
3031 1451 3099 1505 τὰ
3129 1452 3290 1523 ὅμοια
3321 1452 3683 1522 πράττοντας,
3713 1452 3840 1512 ταῖς
3860 1451 3919 1502 αἱμ-

2382 1545 2503 1606 ταῖς
2519 1542 2633 1595 ’τῶν
2658 1542 2924 1612 δαιμόνων
2948 1541 3183 1612 ὑπῆχθαι
3204 1542 3420 1613 μανίαις
3452 1538 3928 1609 ἀποφαίνεσθαιίὼς

2384 1635 2476 1689 καὶ
2513 1633 2857 1705 ’Δθηναίους,
2892 1634 2985 1687 καὶ
3015 1636 3140 1697 τοὺς
3167 1634 3307 1687 κατὰ
3344 1634 3442 1704 τὴν
3474 1632 3742 1702 Μεγάλην
3778 1632 3929 1693 πόλιν,
4006 1680 4007 1707 ξ

2383 1731 2432 1783 εί
2451 1728 2514 1799 δὴ
2542 1730 2635 1783 καὶ
2658 1722 2799 1783 οὗτοι
2822 1728 2960 1782 κατὰ
2988 1726 3080 1780 τοῦ
3109 1727 3357 1795 Μεγάλου
3378 1726 3497 1789 Διὸς
3526 1725 3726 1797 ἑορτὰς
3746 1723 3932 1794 ἀνθρώ·
4006 1784 4007 1791 η

2384 1838 2517 1884 πους
2550 1817 2803 1889 ἔσφαζον.
2848 1820 3006 1872 Ἀλλὰ
3038 1820 3145 1892 γὰρ
3180 1817 3499 1887 συναγαγὼν
3525 1816 3665 1886 ὁμοῦ
3695 1817 3792 1869 τὸν
3821 1814 3929 1868 πάν-

2381 1930 2489 1966 των
2518 1913 2624 1966 τῶν
2651 1914 3061 1985 προειρημένων
3094 1912 3405 1979 κατάλογον,
3443 1910 3622 1980 εὕροις
3653 1909 3743 1974 ἂν,
3771 1909 3932 1979 σχεδὸν

2382 2006 2555 2058 εἰπεῖν
2575 2045 2588 2069 ,
2630 2008 2809 2058 πᾶσαν
2839 2006 2938 2075 τὴν
2975 2005 3083 2058 τῶν
3115 2004 3279 2058 ἐθνῶν
3310 2005 3582 2059 θεοποιίαν
3608 2004 3827 2067 τούτοις
3850 2004 3930 2055 αὸ-
4006 1992 4007 2079 ί

2381 2101 2491 2161 τοῖς
2508 2100 2618 2161 τοῖς
2637 2096 3098 2167 ἀνθρωποκτόνοις
3126 2097 3398 2168 πνεύμασι
3431 2099 3526 2151 καὶ
3556 2100 3671 2160 τοῖς
3698 2097 3930 2165 πονηράς
4006 2100 4007 2119 ‘

2380 2184 2672 2258 δαιμονίοις
2714 2188 3096 2261 ἀνακειμένην.
3146 2192 3209 2244 Ei
3254 2190 3362 2262 γὰρ
3404 2190 3463 2244 ἐν
3519 2191 3723 2261 Ῥόδῳ,
3761 2189 3850 2243 καὶ
3885 2192 3929 2240 ἐν

2383 2279 2673 2350 Σαλαμῖνι.
2706 2281 2800 2334 καὶ⁵
2835 2284 2956 2345 ταῖς
2987 2281 3171 2347 ἄλλαις
3203 2284 3385 2353 νήσοις
3408 2325 3423 2348 ,
3460 2284 3515 2337 ἐν
3541 2301 3600 2337 τε
3644 2283 3824 2336 Ἡλίου
3846 2282 3924 2333 ποι

2382 2372 2459 2424 λει
2508 2374 2572 2442 τῇ
2627 2373 2747 2425 κατ’
2777 2374 3045 2441 Αἴγυπτον
3064 2414 3077 2437 ,
3109 2374 3164 2427 ἐν
3194 2392 3254 2427 τε
3282 2374 3398 2445 Χίῳ
3417 2415 3430 2438 ,
3460 2376 3552 2428 καὶ⁵
3581 2373 3821 2443 Τενέδῳ,
3854 2372 3923 2425 καὶ

2381 2461 2737 2533 Λακεδαίμονι
2759 2502 2772 2527 ,
2804 2464 2895 2516 καὶ
2933 2464 3218 2537 Ἀρκαδίᾳ,
3253 2464 3472 2536 Φοινίκῃ
3503 2481 3564 2517 τε
3612 2465 3709 2516 καὶ
3752 2461 3917 2533 Διύύη,

2381 2555 2474 2607 καὶ
2499 2555 2633 2627 πρὸς
2667 2555 2876 2618 τούτοις
2908 2556 3109 2610 ἅπασιν
3138 2559 3195 2610 ἐν
3231 2558 3402 2628 Συρίᾳ
3433 2558 3527 2610 καὶ
3568 2555 3827 2628 ’Δραϐίιμ
3851 2557 3920 2609 καὶ

2382 2649 2533 2719 παρά
2559 2666 2620 2718 γε
2649 2652 2760 2712 τοῖς
2787 2650 3118 2720 Πανέλλησιν
3175 2648 3478 2719 Ἀθηναίοις
3519 2649 3631 2720 (29)
3655 2690 3669 2714 ,
3719 2651 3808 2703 καὶ
3847 2648 3915 2700 ἐπὶ

2379 2740 2580 2795 τούτων
2606 2744 2717 2805 τοῖς
2748 2742 3187 2813 κορυφαιοτάτοις
3205 2782 3220 2807 ,
3262 2742 3403 2796 κατά
3458 2755 3561 2810 γειΙ
3591 2743 3911 2817 Καρχηδόνα.

2380 2832 2475 2885 καὶ
2498 2833 2597 2903 τὴν
2627 2834 2909 2905 Ἀφρικὴν,
2936 2836 3029 2888 καὶ
3052 2836 3201 2907 παρά
3226 2834 3398 2908 Θρᾳξὶ
3426 2835 3521 2888 καὶ
3547 2836 3782 2899 Σκύθαις
3806 2836 3907 2888 ἀπιτ-

2378 2921 2643 2978 δέδεικται
2687 2925 2754 2978 τὰ
2796 2926 2896 2996 τῆς
2945 2926 3259 2997 δαιμονικῆς
3304 2925 3772 2997 ἀνθρωποκτονίας
3800 2924 3901 2979 κατὰ

2380 3016 2502 3079 τοὺς
2542 3017 2802 3081 παλαιοὺς
2830 3020 3053 3089 χρόνους
3086 3018 3495 3089 ἐπιτελούμενα,
3530 3020 3627 3071 καὶ
3663 3019 3799 3089 μέχρι
3818 3014 3885 3067 τοῦ

2380 3104 2629 3179 Σωτῆρος
2652 3107 2809 3177 ἡμῶν
2834 3108 3233 3179 παρατείναντα
3253 3124 3265 3136 ·
3297 3106 3413 3170 πῶς
3436 3107 3536 3160 οὐκ
3566 3108 3789 3174 εὐλόγως
3800 3108 3884 3164 τεὺς

2380 3196 2583 3262 πάντας
2621 3198 2795 3262 εἴποις
2834 3200 2899 3253 ἂν
2935 3202 3054 3253 τότε
3087 3203 3196 3263 τοῖς
3234 3200 3489 3270 πονηροῖς
3524 3198 3745 3270 δαίμοσι
3771 3196 3885 3252 δοξον

2380 3287 2581 3343 λῶσθαι
2601 3329 2615 3353 ,
2655 3292 2715 3343 ού
2744 3291 3003 3363 πρότερόν
3030 3307 3090 3343 τε
3122 3289 3331 3343 παῦλαν
3362 3290 3468 3343 τῶν
3497 3292 3767 3345 τοσούτων
3793 3288 3900 3357 τεῆ-

2381 3379 2501 3433 σθαι
2525 3381 2603 3452 τῷ
2633 3381 2731 3452 βίῳ
2755 3381 2937 3435 κακῶν
2958 3422 2972 3446 ,
3001 3381 3034 3453 ἢ
3066 3382 3161 3452 τὴν
3189 3383 3282 3437 τοῦ
3321 3383 3568 3455 Σωτῆρος
3597 3387 3629 3455 ὴ
3640 3383 3756 3455 μῶν
3781 3395 3903 3435 κατα-

2379 3466 2586 3539 λάμψαι
2618 3467 3000 3534 διδασκαλίαν;
3044 3470 3163 3522 Ὀτι
3204 3470 3267 3543 δὴ
3312 3471 3471 3543 μέχρι
3508 3472 3621 3524 τῶν
3672 3464 3905 3541 Ἀδριανοῦ

2378 3560 2582 3630 χρόνων
2609 3560 2875 3631 διαμεῖναι
2905 3561 3076 3615 ταῦτα
3095 3562 3374 3617 ’λελύσθαι
3401 3563 3444 3617 δ’
3474 3562 3535 3629 ἐξ
3565 3564 3774 3617 ἐκείνου
3801 3577 3906 3631 περ·

2386 3652 2609 3721 έστησεν
2667 3652 2694 3704 ὁ
2722 3653 2818 3722 τῆς
2851 3654 3089 3727 ἱστορίας
3114 3655 3285 3725 λόγος.
3318 3650 3483 3719 Οὗτος
3527 3655 3593 3727 δὴ
3626 3655 3844 3726 μάλιστα
3860 3647 3909 3722 ἦν

2379 3743 2407 3794 ὁ
2432 3741 2647 3812 χρόνος,
2676 3742 2795 3796 καθ’
2827 3744 2886 3798 ὃν
2912 3748 2943 3816 ὴ
2977 3748 3238 3818 σωτήριος
3266 3746 3347 3808 είς
3378 3745 3585 3807 πάντας
3628 3742 3911 3817 ἀνθρώπους

2378 3834 2591 3903 ἤκμασε
2623 3833 2953 3891 διδασκαλία.
2982 3839 3091 3892 Καὶ
3126 3838 3230 3909 μὴν
3250 3836 3370 3889 ούδέ
3391 3836 3615 3889 δυνατὸν
3654 3837 3828 3899 αὐτοῖς
3854 3836 3911 3887 ti»

2377 3888 2525 3989 πείν,
2564 3925 2639 3990 ὡς
2675 3888 3075 4000 τοῖςπονηροίς
3117 3888 3361 3998 ἑαίμοσιν
3402 3925 3588 3981 εθυοψ
3619 3927 3800 3990 αὐτοῖς
3828 3923 3907 3995 γὰρ

2380 4016 2614 4087 μάλιστα
2647 4022 2757 4082 τοῖς
2798 4020 3073 4090 μεγίστοις
3102 4018 3240 4082 θεοῖς
3275 4020 3308 4091 ἡ
3357 4019 3564 4089 ίστορία
3594 4018 3694 4081 τὰς
3738 4017 3909 4089 ἀνθρω-
4006 4066 4007 4073 η

2378 4108 2636 4173 ποθυσίας
2664 4110 2931 4181 ἐδήλωσεν
2961 4109 3338 4164 ἐπιτελεῖσθαι.
3388 4108 3621 4163 Θύεσθαι
3645 4110 3757 4183 γὰρ
3776 4110 3907 4181 tonat

2376 4204 2441 4271 τῇ
2479 4201 2624 4271 Ἤρᾳ
2660 4203 2751 4256 καὶ
2791 4205 2858 4273 τῇ
2903 4202 3117 4273 Ἀθηνᾷ,
3152 4202 3344 4273 Κρόνῳ
3388 4219 3447 4255 τε
3486 4204 3577 4256 καὶ
3610 4204 3801 4275 Ἄρει,
3839 4204 3908 4257 καὶ

2375 4288 2611 4360 Διονύσῳ
2631 4331 2645 4356 ,
2692 4292 2786 4345 καὶ
2824 4290 2971 4363 αύτῷ
3002 4309 3063 4359 γε
3107 4291 3185 4362 τῷ
3211 4292 3303 4344 ἐπὶ
3336 4292 3549 4347 πάντων
3581 4294 3695 4361 Διὶ,
3742 4296 3827 4351 καὶ

2390 4472 2715 4528 Ἀπόλλωνι·
2731 4476 2951 4539 τούτους
2968 4476 3023 4528 δὲ
3047 4476 3155 4546 (50)
3178 4477 3270 4529 καὶ
3293 4475 3410 4529 οὐδὲ
3431 4475 3623 4543 ἄλλους
3645 4482 3771 4545 τοὺς
3792 4476 3907 4551 μετίο

2374 4658 2536 4711 Αὐτοὶ
2627 4658 2734 4730 άρα
2768 4656 2876 4713 εἷεν
2920 4658 2986 4711 ἂν
3032 4660 3079 4711 οί
3136 4661 3359 4732 πονηροὶ
3417 4661 3684 4733 δαίμονες.
3736 4664 3799 4717 Εί
3824 4661 3905 4729 γὰρ

2373 4748 2480 4801 οἵδε
2521 4727 2794 4811 τοιαύταις
2824 4727 3289 4817 ἀνθρωποθυσίαις
3328 4752 3420 4804 καὶ
3443 4727 3901 4824 ἀνθρωποκτονίσις

2372 4838 2604 4910 ἔχαιρον,
2638 4840 2751 4902 πῶς
2781 4839 2878 4892 οὐκ
2926 4840 2991 4894 ἂν
3043 4841 3235 4905 αὐτοὺς
3263 4844 3482 4907 εἰκότως
3520 4847 3587 4914 τῇ
3634 4842 3742 4896 τῶν
3775 4856 3901 4908 mw:-

2377 4933 2482 5001 ρῶν
2517 4932 2838 5002 πνευμάτων
2866 4934 3145 5005 μιαιφονίᾳ
3173 4933 3673 5006 καταριθμήσειας;
3700 4936 3810 4989 εἴτε
3833 4936 3902 4994 σὺ·

2369 5026 2451 5077 τοὶ
2482 5025 2691 5095 χαίρειν
2724 5022 2960 5091 λέγοιντο
2984 5027 3095 5087 τοῖς
3128 5024 3404 5088 τοιούτοις,
3457 5024 3567 5078 εἴτε
3609 5030 3901 5101 συγχωρεῖν.

2372 5118 2745 5188 καὶπεριορᾷν
2785 5117 2989 5189 ἑτέροις
3038 5120 3312 5188 γινόμενα.
3355 5118 3418 5169 Τί
3478 5119 3585 5191 γὰρ
3630 5122 3770 5193 χρῆν
3803 5122 3903 5179 ὅλως

2366 5519 2681 5592 vertendum
2716 5519 2840 5592 erit,
2871 5518 2986 5573 lmo
3012 5529 3058 5573 et
3089 5524 3226 5589 apud
3252 5520 3459 5577 ercos
3500 5528 3779 5580 universos
3798 5568 3811 5591 ,
3839 5518 3898 5592 ip-

2365 5604 2550 5663 sosque
2570 5588 2697 5663 adeo
2718 5588 3076 5663 Athenienses,
3113 5588 3200 5661 qui
3229 5608 3409 5646 eorum
3431 5595 3723 5663 principes,
3759 5588 3851 5650 etc.

2437 5661 2549 5734 (50)
2590 5661 2841 5734 Τούτους
2872 5661 2955 5714 δέ.
2992 5662 3100 5715 Alt.
3133 5679 3162 5716 e
3192 5661 3465 5734 manuscr.
3507 5661 3654 5734 legit,
3697 5666 3899 5726 Τούτους

2364 5729 2445 5807 δὲ,
2471 5730 2563 5782 καὶ
2593 5730 2695 5807 οὐκ
2728 5732 2937 5807 ἄλλους,
2962 5736 3083 5807 τοὺς
3114 5733 3397 5807 μεγίστους
3422 5729 3584 5798 θεοὺς
3597 5774 3613 5798 ,
3641 5729 3645 5731 ’
3671 5736 3898 5807 ἀγαθοὺς,

2365 5802 2457 5855 καὶ
2482 5801 2729 5875 σωτῆρας
2755 5801 3188 5876 ἀναγορεύουσιν.
3225 5801 3407 5859 Recte.

2372 5448 2633 5518 Ἕλληνας
2662 5446 2763 5502 hac
2794 5446 3064 5517 impietate
3106 5450 3377 5506 laborasse
3424 5454 3697 5509 narrabat.
3747 5455 3900 5522 Itaque

2372 5519 2681 5572 vertendum
2716 5519 2840 5581 erit,
2871 5518 2986 5573 lmo
3012 5529 3058 5573 et
3089 5524 3226 5589 apud
3252 5520 3459 5577 ercos
3500 5528 3779 5580 universos
3798 5568 3811 5591 ,
3839 5528 3898 5592 ip-

2372 5604 2550 5657 sosque
2570 5588 2697 5640 adeo
2718 5588 3076 5655 Athenienses,
3113 5593 3200 5661 qui
3229 5608 3409 5646 eorum
3431 5595 3723 5663 principes,
3759 5607 3851 5650 etc.

2437 5661 2547 5729 (30)
2590 5661 2841 5725 Τούτους
2872 5661 2955 5714 δέ.
2992 5662 3100 5715 Alt.
3133 5679 3162 5716 e
3192 5678 3465 5718 manuscr.
3507 5665 3654 5734 legit,
3697 5666 3899 5726 Τούτους

2372 5729 2439 5785 5ἐ.
2471 5730 2563 5782 καὶ
2599 5730 2695 5783 ούκ
2728 5732 2937 5785 ἄλλους.
2962 5736 3083 5785 τοὺς
3116 5733 3397 5785 μεγίστους
3422 5733 3613 5785 θεοὺς.
3671 5736 3897 5785 ἀγαθοὺς.
