4044 6334
53 392 181 449 289

1298 395 1613 452 PREPAR.
1652 396 1900 453 EVANG.
1944 396 2073 451 L‘B.
2108 395 2197 450 IV.

3264 398 3368 452 290

50 516 453 588 ἐπιτρέπειν
481 518 781 591 ἀνθρώποις
816 518 1126 574 ἱλάσκεσθαι
1175 518 1245 575 τὰ
1295 519 1509 591 πονηρὰ
1545 520 1693 572 πνεύ-

1808 535 1913 573 non
1946 520 2102 580 alios,
2138 518 2235 589 ipsi
2278 534 2399 573 cum
2432 517 2699 573 maximos
2744 517 3030 589 bonosque
3060 518 3208 583 deos,
3248 528 3360 573 tum

58 624 233 677 ματα
259 624 280 674 ;
315 609 407 662 Τί
432 612 488 664 δὲ
540 611 789 664 τοσοῦτον
822 610 1137 676 πλανᾶσθαι,
1172 610 1247 675 ὼς
1268 610 1587 681 θεραπεύειν
1615 612 1707 663 καὶ

53 700 455 756 κολακεύειν
486 703 611 766 τοὺς
637 702 904 772 φαύλουςς
941 703 1004 755 Τί
1034 703 1091 757 δὲ
1110 706 1224 768 τοῖς
1253 706 1505 775 πονηροῖς
1536 719 1704 756 κατα-

56 790 486 857 δουλοῦσθαι;
526 794 643 847 δέον
676 794 909 863 ἀγαθοὺς
940 795 1098 858 ὄντας
1148 795 1243 848 καὶ
1288 794 1463 859 θεοὺς,
1485 797 1705 866 ’πορρω-

72 884 229 935 ιάτω
271 884 413 955 τῆς
446 885 746 958 ἀνθρώπων
801 886 1102 957 διατριϐῆς,
1161 888 1268 939 πᾶν
1321 887 1349 939 ὅ
1398 904 1449 938 τι
1502 886 1704 954 φαῦλον

70 975 168 1027 καὶ
209 978 500 1047 πονηρὸν
521 978 743 1047 δυνάμει
770 977 1033 1048 κρείττονι
1072 979 1165 1030 καὶ
1194 977 1439 1049 θειοτέρα
1470 976 1704 1031 ἀπελαύ-

77 1084 211 1119 νειν.
243 1063 350 1120 Ἠ
394 1070 581 1140 πατὴρ
608 1070 704 1139 μὲν
736 1068 934 1137 ἀγαθὸς
972 1069 1071 1121 οὐκ
1127 1069 1192 1123 ἂν
1225 1069 1328 1122 ὑπὸ
1369 1069 1595 1137 φαύλοις
1614 1071 1705 1124 ἀν-

83 1158 245 1228 δράσι
290 1158 679 1232 φθειρόμενον
712 1159 937 1232 περιίδοι
965 1158 1028 1213 ἂν
1059 1161 1149 1213 τὸν
1182 1160 1345 1215 αὑτοῦ
1378 1162 1559 1215 παῖδα·
1584 1162 1703 1216 οὐδὲ

80 1248 168 1301 τὸν
204 1250 474 1320 οἰκέτην
505 1251 733 1321 σώφρων
755 1249 1021 1321 δεσπότης
1048 1250 1152 1304 ὑπὸ
1198 1254 1309 1311 τοῖς
1340 1250 1551 1322 ἐχθροῖς
1576 1252 1705 1319 ἀγό-

81 1358 257 1411 μενον
292 1343 659 1415 περιόψεται·
692 1342 813 1397 οὐδέ
854 1361 917 1411 γε
956 1342 1259 1413 στρατηγὸς
1286 1344 1415 1415 (51),
1467 1344 1702 1415 πολέμου

80 1434 400 1503 παρόντος
435 1434 559 1496 τοὺς
578 1433 809 1496 οἰκείους
863 1432 1247 1497 διασώσασθαι,
1276 1436 1389 1497 τοῖς
1429 1433 1704 1505 πολεμίοις

80 1524 518 1594 αἰχμαλώτους
542 1525 751 1595 ἀνήσειο
788 1525 908 1579 οὐδὲ
944 1524 1143 1595 ποιμὴν
1173 1524 1242 1578 τὰ
1278 1525 1568 1598 θρέμματα
1591 1529 1704 1590 τοῖς

83 1616 315 1679 λύκοις·
365 1615 486 1669 θεοὶ
540 1615 597 1668 δὲ
645 1615 755 1685 ἄρα
807 1616 899 1670 καὶ
931 1614 1123 1685 ἀγαθοὶ
1151 1614 1400 1687 δαίμονες
1441 1616 1546 1669 ὑπὸ
1591 1619 1702 1681 τοῖς

90 1709 428 1779 μοχθηροῖς
462 1710 556 1763 καὶ
591 1708 811 1779 φαύλοις
861 1710 1116 1781 ἀνήσουσι
1148 1709 1208 1763 τὸ
1251 1708 1359 1762 τῶν
1403 1708 1703 1780 ἀνθρώπων

91 1798 308 1865 γένοςς

1812 623 2117 665 servatores
2146 611 2308 664 etiam
2343 625 2407 663 ac
2429 610 2667 664 vindices
2706 611 2977 679 appellare
2998 611 3190 665 solent.
3216 610 3371 683 165

1813 700 1915 756 Sed
1946 701 2205 755 nimirum
2233 702 2471 770 improbi
2505 703 2778 756 daemones
2811 710 2968 756 erant
3009 702 3096 756 isti
3128 718 3367 771 quoque.

1811 791 1943 845 Nam
1980 793 2025 846 si
2062 793 2300 848 humano
2350 794 2512 848 etiam
2568 808 2761 848 cruore
2802 801 3084 862 tantOpere
3134 795 3373 849 delecta-

1809 883 2026 948 bantur,
2074 883 2264 953 quidni
2308 884 2559 938 similiter
2590 898 2778 937 verum
2817 884 2887 937 sit
2907 898 3001 938 eos
3035 883 3088 937 in
3122 883 3368 939 eamdem

1808 990 1931 1029 cum
1991 974 2269 1030 sceleratis
2322 991 2387 1029 ac
2448 976 2634 1030 tinctis
2697 976 2960 1045 sanguine
3032 976 3371 1031 dazmonibus

1810 1067 2038 1121 classem
2074 1064 2514 1133 conjicere?Nec
2542 1082 2675 1121 sane
2720 1068 2965 1131 interest,
3003 1068 3372 1137 gauderentne

1812 1159 1914 1227 ipsi
1954 1158 2058 1213 hoc
2090 1159 2479 1213 sacriﬁciorum
2514 1173 2731 1228 genere,
2755 1174 2824 1212 an
2851 1159 2972 1213 aliis
3004 1160 3111 1213 isto
3146 1161 3251 1212 ritu
3282 1160 3373 1215 lie-

1810 1250 1854 1304 ri
1880 1260 2208 1320 paterentur.
2254 1249 2562 1316 Enimvero,
2601 1250 2852 1305 decuitne
2902 1251 3245 1317 mortalibus,
3292 1254 3369 1304 uti

1808 1340 2045 1398 nefarios
2073 1343 2297 1413 spiritus
2330 1343 2635 1413 placarent,
2673 1341 2783 1396 ullo
2818 1343 2979 1396 modo
3011 1342 3321 1410 permittere
3348 1348 3368 1396 ἰ

1809 1433 2068 1489 Decuitne
2099 1444 2307 1490 tantum
2338 1436 2392 1488 in
2416 1434 2482 1489 iis
2510 1448 2747 1488 errorem
2772 1433 3137 1495 dissimulare,
3168 1443 3226 1488 ut
3252 1435 3367 1489 cul-

1806 1534 1865 1579 tu
1889 1536 1940 1580 et
1967 1525 2229 1595 obsequio
2259 1527 2538 1595 improbos
2564 1524 2888 1580 delinirent?
2920 1523 3200 1589 Decuitne,
3240 1541 3365 1581 cum

1810 1616 2098 1687 impiorum
2128 1632 2249 1672 sese
2276 1616 2549 1689 tyrannidi
2583 1617 2933 1687 subjicereut,
2962 1614 3105 1671 ferre
3128 1617 3315 1672 leviter
3339 1617 3367 1673 ἳ

1809 1722 1933 1761 cum
1987 1708 2108 1781 illos
2157 1707 2356 1778 potius,
2403 1708 2449 1763 si
2500 1708 2719 1779 quidem
2749 1715 2802 1760 et
2826 1707 2955 1762 boni
2976 1718 3029 1763 et
3053 1708 3129 1763 dii
3160 1708 3364 1773 forent,

1740 1792 1780 1846 Β
1810 1799 2127 1869 longissime
2171 1809 2443 1871 oporteret
2488 1802 2557 1857 ab
2612 1803 2852 1858 humana
2906 1802 3180 1866 societate,
3210 1803 3369 1872 quid-

88 1888 235 1957 quid
275 1889 449 1960 pravi
481 1890 718 1960 malique
764 1896 945 1955 esset,
973 1887 1259 1959 potentiori
1306 1901 1371 1943 ac
1422 1887 1675 1943 diviniori
1715 1887 1948 1947 Numine
1982 1892 2504 1962 propulsare?Quid
2534 1896 2720 1950 enim?
2761 1894 2937 1963 Pater,
2961 1897 3009 1951 si
3065 1896 3226 1951 modo
3267 1897 3368 1952 bo-

101 1997 216 2036 nus
270 1980 475 2047 fuerit,
521 1997 798 2053 nunquam
829 1998 861 2037 a
885 1974 1107 2053 perditis
1150 1982 1461 2038 hominibus
1495 1984 1636 2039 male
1703 1986 1871 2040 lilium
1942 1974 2130 2042 haberi
2194 1989 2430 2059 patiatur
2462 2008 2474 2045 :
2507 2006 2695 2060 aequus
2734 1990 3079 2061 prudeusque
3109 1990 3366 2047 dominus

106 2092 355 2131 servum
401 2077 470 2132 ab
516 2078 753 2134 inimicis
783 2078 965 2133 vexari
1002 2079 1263 2135 abducive
1301 2096 1581 2150 nunquam
1651 2080 1789 2137 ferat
1821 2101 1833 2137 :
1868 2084 2159 2154 imperator
2202 2100 2428 2140 suorum
2488 2086 2545 2140 in
2603 2084 2744 2140 bello
2789 2086 3020 2140 salutem
3067 2083 3357 2140 defendere

108 2188 176 2224 ae
218 2172 379 2226 tueri
444 2172 491 2228 si
530 2173 746 2243 poterit,
787 2172 842 2225 in
890 2172 1125 2228 hostium
1183 2189 1277 2230 eos
1343 2184 1663 2244 potestatem
1702 2180 1887 2233 venire
1932 2194 2039 2234 non
2084 2180 2228 2234 sinat
2260 2199 2272 2235 :
2303 2192 2490 2252 pastor
2531 2197 2600 2236 ne
2639 2197 2767 2238 oves
2818 2180 3035 2252 quidem
3063 2197 3190 2237 suas
3222 2182 3363 2252 lupis

112 2267 351 2335 obiiciat
379 2286 395 2324 :
423 2268 575 2324 etdii
602 2281 779 2322 tamen
807 2268 1041 2338 bonique
1082 2268 1355 2325 daemones
1379 2271 1675 2326 humanum
1713 2288 1882 2343 genus
1947 2276 2269 2345 gravissimo
2334 2276 2737 2331 teterrimorum
2788 2277 3093 2331 dmmonum
3122 2278 3254 2351 jugo
3274 2293 3365 2349 op-

126 2374 356 2428 pressos
382 2360 568 2430 jacere
594 2362 904 2431 patientur?
937 2361 1001 2417 Et
1020 2365 1264 2419 sexcenti

121 2457 231 2511 Kal
278 2461 338 2511 οι
392 2458 725 2528 τρισμύριοι
784 2460 1050 2528 φύλακες

288 2610 291 2615 ,
834 2531 1095 2598 θρώπων,

111 2641 161 2691 οί
196 2639 272 2712 δὴ
296 2642 554 2713 ποιμένες
592 2644 688 2697 καὶ
718 2644 980 2715 σωτῆρες,
1030 2645 1267 2715 βασιλεῖς
1298 2664 1356 2700 τε
1386 2648 1479 2701 καὶ
1529 2649 1697 2702 πατέ-

118 2748 245 2799 ρες,
282 2734 385 2787 καὶ
418 2735 627 2807 κύριοι,
668 2740 778 2801 τοῖς
838 2736 1049 2810 ἐχθροῖς
1106 2740 1199 2793 καὶ¹
1250 2739 1547 2811 πολεμίοις,
1610 2741 1701 2794 καὶ

113 2821 361 2891 ἀγρίοις
396 2822 577 2896 θηρσὶν
604 2826 844 2892 ἀνηλεῶς
864 2826 1034 2891 οὕτως
1081 2830 1174 2883 καὶ
1220 2829 1385 2899 ὠμῶς
1431 2830 1583 2899 ἄγειν
1608 2831 1700 2885 καὶ

118 2912 329 2985 φέρειν
358 2916 421 2969 τὰ
449 2917 670 2986 φίλτατα
696 2901 1108 2989 παραδώσουσις
1165 2921 1299 2991 Οὐχὶ
1328 2922 1386 2975 δὲ
1431 2923 1698 2994 προπολε-

121 3008 398 3078 μήσουσιν
431 3009 887 3081 ὑπερασπίζοντες
916 3009 1023 3063 τῶν
1073 3010 1420 3081 προσφύγων,
1456 3014 1549 3066 καὶ
1573 3016 1698 3079 τοὺς

122 3099 225 3166 μὲν
259 3098 489 3171 ἐχθροὺς
514 3102 609 3155 καὶ
638 3103 902 3173 πονηροὺς
940 3101 1196 3172 δαίμονας
1255 3103 1354 3174 τῆς
1394 3103 1695 3175 ἀνθρώπων

119 3188 356 3259 ἀγέλης,
382 3190 599 3263 μακρὰν
618 3191 806 3261 ῶσπερ
828 3188 977 3255 τινὰς
1006 3191 1317 3264 ὡμοδὸρους
1348 3194 1439 3246 καὶ
1472 3194 1693 3265 ἀγρίους

1800 3191 2088 3246 sceleratos
2121 3191 2395 3245 dmmones
2416 3188 2605 3259 procul
2629 3189 2696 3243 ab
2727 3188 3009 3243 hominum
3034 3204 3211 3259 grege,
3241 3198 3361 3242 tan-
3458 3219 3464 3226 ι

120 3278 302 3348 θῆρας
334 3281 710 3347 ἀποδιὼξουσι,
769 3283 1035 3349 διδάξουσι
1086 3284 1143 3337 δὲ
1180 3284 1355 3339 πάντα
1410 3285 1694 3358 ἄνθρωπον

128 3371 341 3442 μυρίων
366 3371 503 3427 θεῶν
529 3375 624 3427 καὶ
654 3374 918 3445 δαιμόνων
976 3377 1193 3445 ἀγαθῶν
1220 3378 1433 3449 πλήθει
1485 3397 1695 3452 προσῳ-

127 3465 446 3536 κειωμένον,
474 3464 869 3538 ὲπιθαρσοῦντα
899 3470 1010 3532 τοῖς
1048 3470 1109 3523 οὐ
1171 3470 1328 3540 μόνον
1371 3472 1694 3543 κρείττοσιν,

135 3555 259 3610 ἀλλὰ
291 3556 388 3611 καὶ
407 3556 646 3611 πλείοσιν
668 3557 761 3611 καὶ
792 3556 1064 3629 μεγίστοις
1084 3561 1224 3625 θεοῖς
1258 3562 1692 3634 καθωσιωμένον,

137 3649 357 3722 σμικρὰ,
396 3649 594 3722 μᾶλλον
624 3649 679 3702 δὲ
702 3648 763 3702 τὸ
794 3649 961 3721 μηθὲν
1013 3653 1431 3723 ἐπιστρέφεσθαι
1457 3656 1558 3727 τῆς
1585 3656 1694 3711 τῶν

134 3740 381 3813 πονηρῶν
433 3740 701 3812 δαιμόνων
759 3741 1070 3809 ἀσθενείας;
1108 3744 1235 3798 Ὅτι
1292 3744 1349 3799 δὲ
1410 3746 1569 3800 τοῦτο
1617 3747 1693 3819 μὴ

130 3828 413 3902 ἔπραττον,
445 3836 742 3906 συνήργουν
765 3832 808 3887 δ’
840 3832 1071 3905 ἔμπαλιν
1089 3837 1199 3897 τοῖς
1230 3839 1485 3909 πονηροῖς
1517 3839 1690 3904 αὐτοὶ,

132 3921 213 3976 διὰ
243 3924 353 3978 τῶν
376 3924 642 3997 χρησμῶν
667 3926 763 3992 τὰς
785 3925 1109 4000 δηλωθείσας
1148 3927 1384 3993 ἀνιέντες
1409 3929 1691 4002 ἀνθρωπο-

132 4009 338 4079 θυσίας,
361 4014 640 4087 χαιροντές
670 4034 730 4071 τε
759 4015 1315 4087 αίσχρορῤημοσύναις
1341 4018 1579 4082 ἀπάσαις
1598 4020 1692 4073 καὶ

134 4106 245 4169 ταῖς
275 4106 480 4161 τούτων
506 4106 818 4172 ἀκολούθοις
854 4108 1132 4179 πράξεσιν,
1182 4106 1348 4179 ἔργῳ,
1394 4110 1547 4177 φασὶ,
1596 4109 1685 4179 δῆ-

133 4194 237 4259 λον,
269 4197 348 4263 ῶς
373 4198 525 4252 οὐδέν
548 4215 601 4251 τι
620 4199 719 4263 Δκαὶ
752 4198 902 4251 αὐτοὶ
935 4196 1150 4267 φαύλων
1174 4196 1439 4267 δαιμόνων
1463 4197 1558 4269 τὴν
1591 4198 1690 4269 φύ-

143 4297 214 4335 σιν
241 4285 483 4342 διέλαθον
499 4300 546 4330 ι·
570 4272 765 4358 μᾶλλον
788 4286 844 4340 δὲ
872 4288 999 4358 μιᾶς
1026 4286 1117 4339 καὶ
1144 4286 1243 4356 τῆς
1260 4287 1426 4357 αὐτῆς
1447 4286 1689 4359 ὑπῆρχον

141 4380 497 4448 προαιρέσεως
520 4380 615 4435 καὶ
640 4379 879 4453 γνώμηςο
906 4382 1000 4433 καὶ
1032 4379 1110 4434 ἔτι
1148 4380 1342 4450 μᾶλλον
1391 4383 1584 4442 εἰπεῖν,
1613 4382 1688 4446 ὡς

137 4466 245 4521 οὺδδ
270 4470 409 4535 ὅλως
433 4471 551 4536 θεός
598 4490 680 4536 τις
735 4468 823 4543 ἦν,
859 4471 979 4525 οὐδέ
1022 4490 1104 4535 τις
1144 4470 1345 4540 ἀγαθὸς
1380 4471 1611 4543 δαίμων,
1652 4474 1681 4525 ὁ

1103 2460 1214 2532 ('52)
1285 2464 1563 2531 μερόπων
1600 2463 1703 2518 dr-

2001 2453 2253 2513 Custodes
2269 2459 2559 2527 hominum,
2591 2476 2719 2531 quos
2751 2461 2935 2533 lingua
2961 2449 3195 2530 diremit,

1810 2637 2078 2709 pastores,
2108 2637 2353 2707 inquam,
2382 2636 2480 2699 illi,
2512 2634 2774 2698 vindices,
2806 2645 2978 2707 reges,
3010 2643 3281 2705 parentes,
3297 2648 3363 2691 ac

1804 2728 2028 2794 domini,
2060 2744 2196 2797 quos
2218 2729 2373 2797 longe
2394 2727 2748 2781 cbarissimos
2780 2726 3033 2791 habeant,
3060 2741 3156 2780 eos
3185 2724 3364 2781 infen-

1807 2823 2040 2879 sissimis
2075 2822 2345 2887 hostibus,
2372 2838 2435 2876 ac
2466 2821 2788 2894 truculentis
2820 2820 3015 2874 belluis
3038 2820 3186 2875 omni
3230 2836 3361 2874 cru-

1803 2916 2020 2971 delitate
2046 2931 2110 2970 ac
2135 2915 2350 2969 diritate
2378 2914 2652 2969 vexandos
2670 2913 3099 2983 cruciandosque
3117 2913 3363 2968 tradent?

1801 3007 1939 3070 Iino,
1970 3020 2078 3060 non
2101 3006 2416 3077 pugnabant
2444 3005 2546 3073 ipsi
2587 3018 2685 3075 pro
2716 3005 3037 3060 clientibus!
3090 3019 3197 3059 non
3244 3005 3363 3061 suis

1798 3114 1895 3154 eos
1932 3100 2099 3153 armis
2155 3113 2220 3152 ac
2272 3096 2591 3153 defensione
2642 3099 2852 3167 tegent!
2899 3112 3009 3152 non
3036 3096 3263 3153 infestos
3296 3113 3362 3153 ac

1800 3294 1962 3347 quam
2002 3279 2267 3334 immanes
2298 3289 2352 3333 et
2394 3278 2713 3334 crudivoras
2758 3281 3020 3335 arcebunt
3049 3280 3218 3335 ferasl
3253 3278 3361 3335 De-

1798 3372 1960 3441 nique
2002 3386 2111 3425 non
2153 3378 2381 3427 cunctos
2438 3371 2686 3426 homines
2737 3372 3058 3438 edocebunt,
3094 3372 3187 3442 qui
3234 3387 3359 3428 cum

1798 3464 2068 3518 sexcentis
2094 3463 2200 3517 diis
2228 3462 2497 3532 bonisque
2522 3463 2864 3520 daemonibus
2898 3479 3086 3519 amore
3125 3464 3360 3519 benevo-

1798 3556 2070 3625 lentiaque
2090 3554 2371 3624 conjuncti
2408 3555 2535 3622 sint,
2595 3556 2663 3611 iis
2722 3555 2873 3626 parvi
2906 3555 3221 3623 admodum,
3248 3556 3359 3612 imo

1797 3648 1951 3702 nihili
1994 3648 2153 3717 plane
2184 3647 2557 3717 improborum
2594 3648 2902 3703 daemonum
2932 3648 3357 3704 imbecillitatem

1795 3738 2099 3794 faciendam
2123 3754 2264 3805 esse,
2298 3740 2497 3810 quippe
2527 3754 2667 3810 quos
2700 3754 2809 3793 non
2832 3741 2997 3796 modo
3029 3740 3356 3811 potentiori-

1794 3829 1918 3896 bus,
1942 3844 2132 3885 verum
2153 3834 2315 3890 etiam
2348 3832 2595 3904 pluribus
2626 3833 2802 3903 iisque
2831 3832 3085 3887 maximis
3113 3834 3356 3887 numini-

1794 3920 1895 3975 bus
1912 3932 2284 3990 consecratos,
2308 3939 2647 3993 eorum'ope
2687 3939 2750 3978 ac
2782 3922 3034 3993 praesidio
3085 3923 3355 3983 conlidere

1793 4016 2001 4086 nitique
2051 4018 2327 4086 oporteat!
2352 4015 2472 4070 Jam
2516 4031 2644 4072 vero
2669 4031 2795 4071 cum
2824 4016 2893 4071 ab
2922 4029 2991 4071 eo
3018 4023 3227 4071 tantum
3255 4015 3353 4071 ab—

1792 4107 2013 4175 fuerint,
2048 4117 2109 4161 ut
2140 4123 2295 4163 suam
2326 4109 2427 4179 ipsi
2455 4122 2676 4179 quoque
2706 4108 2985 4164 sceleratis
3006 4121 3227 4178 operam
3256 4122 3353 4162 nae

1791 4209 2001 4266 varent,
2039 4201 2236 4271 partim
2280 4201 2562 4271 responsis
2605 4201 2887 4255 hominum
2932 4199 3200 4256 sacriﬁcia
3228 4215 3352 4271 per-

1792 4293 2092 4357 mittendo,
2134 4292 2333 4363 partim
2366 4292 2724 4349 obscoenitate
2770 4292 3077 4359 verborum,
3116 4285 3354 4363 quaeque

1791 4387 1894 4456 ipsi
1924 4386 2252 4442 comitantur
2274 4385 2587 4441 libidinibus
2608 4400 2672 4441 ac
2694 4386 2897 4455 stupris
2924 4385 2990 4441 ad
3020 4386 3349 4455 voluptatein

1790 4477 2057 4546 fruendo;
2081 4494 2169 4533 res
2203 4479 2363 4548 plane
2406 4480 2522 4548 ipsa
2556 4477 2818 4547 loquitur,
2856 4476 2995 4531 nihil
3024 4490 3249 4549 prorsus
3279 4477 3350 4531 ab

136 4560 292 4615 πάλαι
322 4562 463 4636 πρὸς
485 4561 593 4617 τῶν
620 4563 788 4619 ἐθνῶν
844 4565 1093 4630 ἁπάντων
1124 4563 1264 4618 κατὰ
1304 4562 1485 4627 πόλεις
1511 4580 1569 4616 τε
1592 4565 1685 4618 καλ⁵

1796 4570 2157 4641 improborum
2179 4571 2485 4625 diemonum
2514 4568 2799 4625 deﬂexisse
2823 4579 3040 4637 natura,
3057 4568 3149 4624 sed
3165 4549 3346 4621 .unam

134 4650 308 4724 χώρας
334 4652 822 4727 προσκυνούμενος.
856 4654 981 4718 Πῶς
1042 4655 1151 4727 γὰρ
1197 4653 1265 4709 ἂν
1298 4653 1505 4724 γένοιτό
1550 4670 1711 4709 ποτε.

137 4742 207 4813 τῷ
237 4744 506 4817 ἀγαθῷτὺ
555 4745 753 4815 φαῦλον
797 4744 983 4815 φίλον;
1029 4748 1079 4800 εί
1125 4746 1200 4818 μὴ
1230 4746 1323 4799 καὶ
1347 4744 1540 4815 φωτὸς,
1583 4748 1687 4803 καὶ

139 4835 355 4901 σκύτους
373 4837 568 4909 κρᾶσιν
594 4834 849 4888 δύνασθαι
885 4832 1013 4905 μίαν
1039 4836 1173 4905 φαίη
1203 4851 1286 4897 τις
1314 4833 1381 4889 ἂν
1412 4833 1680 4901 γενέσθαι.

136 4922 642 4999 Πόσψδὶκριίττων
685 4927 715 4979 ὁ
764 4926 897 4995 παρ’
941 4923 1242 4996 ἀνθρώποις
1274 4924 1527 4995 λογισμὸς
1575 4926 1686 4980 τῶν

134 5015 526 5087 νενομισμένων
579 5014 736 5080 θεῶν,
796 5013 932 5086 μηδὲ
983 5013 1206 5083 φαύλοις
1246 5013 1462 5085 δαίμοσι
1490 5014 1684 5085 χρῆναι

197 5133 226 5165 ι
251 5142 341 5194 rp.
372 5125 703 5197 διήλλαττον.

201 5212 308 5285 (3i)
344 5218 694 5287 Στρατητός,
742 5226 845 5273 etc.
906 5214 1175 5287 Manuscr.
1229 5215 1407 5287 alter,
1448 5214 1682 5287 πολέμου

142 5286 450 5366 στρατηγὸς.
473 5285 597 5349 τοὺς
635 5288 865 5351 οἰκείους
900 5288 1093 5368 παρὼν
1150 5285 1499 5341 διασώσαθαι.
1540 5285 1677 5342 Vera

141 5351 310 5411 lectio.
338 5356 385 5410 si
425 5356 613 5411 παρών
638 5365 876 5411 mutetur
897 5373 952 5411 tn
982 5356 1177 5411 παρόν.

205 5356 310 5416 :tio,
338 5356 385 5410 si
425 5356 613 5425 παρών
638 5365 876 5445 mutetur
897 5358 952 5411 in
982 5356 1177 5479 πῗρόν.

205 5416 309 5495 (32)
341 5424 677 5497 Τριετμύριοι
714 5430 997 5497 Nam.
1085 5424 1675 5497 οηιο-,φρισμακάριομ

146 5488 409 5548 suumn
443 5488 671 5563 legatur,
714 5488 1034 5551 crediderim
1076 5496 1199 5549 illos
1244 5488 1464 5549 Hesiodi
1488 5488 1680 5551 versus

142 5564 344 5633 respici,
399 5577 541 5633 quos
590 5564 748 5633 vulgo
775 5563 1066 5620 Christiani
1088 5567 1251 5620 etiam
1287 5566 1565 5629 doctores,
1625 5576 1683 5621 ut

143 5626 711 5704 Lactantiuslmtitst'.
743 5648 803 5699 tt,
833 5633 922 5699 15,
950 5636 1016 5690 ad
1048 5634 1479 5704 persuadendum
1512 5626 1679 5704 ange-

141 5696 580 5827 mmiaqtelam,
607 5696 797 5759 adure
818 5696 1012 5760 solent.
1043 5696 1269 5761 Exstant
1304 5703 1359 5775 in
1398 5703 1552 5771 Ἔρτ.
1587 5696 1637 5759 Ἀ
1660 5745 1678 5771 ,

147 5838 232 5893 'l‘ol
248 5842 361 5910 μὲν
379 5840 659 5913 δαίμονές
683 5844 819 5912 εισι,
851 5841 982 5930 Aab;
1003 5842 1268 5915 μεγάλου
1301 5842 1397 5905 διὰ
1418 5841 1676 5924 gaude.

1787 4664 1985 4733 potius,
2016 4670 2070 4717 et
2094 4664 2339 4717 eamdem
2368 4671 2531 4733 atque
2558 4662 2706 4731 ipsos
2735 4662 3065 4716 voluntatem
3105 4672 3168 4713 ac
3196 4672 3349 4712 men-

1785 4762 1897 4808 tem
1924 4752 2224 4808 habuisse:
2271 4753 2436 4824 166
2482 4753 2816 4823 proindeque
2873 4752 3083 4805 nullum
3122 4750 3349 4805 omnino

1786 4846 1901 4900 sive
1928 4844 2113 4909 deum,
2142 4844 2257 4898 sive
2290 4846 2491 4899 bonum
2524 4844 2825 4899 daemonem
2866 4841 3055 4907 fuisse,
3094 4834 3345 4913 quisquis

1784 4932 1913 4987 olim
1948 4930 2017 4986 ab
2044 4932 2317 4986 universis
2351 4933 2601 5002 gentibus
2627 4947 2723 5000 per
2760 4933 2923 4988 urbes
2949 4934 3151 5003 passim
3184 4942 3347 5004 atque

1784 5039 1957 5097 pagos
1990 5024 2093 5080 hoc
2123 5024 2342 5081 nomine
2366 5026 2658 5083 coleretur.
2680 5022 2816 5081 Nam
2838 5021 2909 5092 ei,
2929 5027 3024 5096 qui
3051 5026 3229 5081 bonus
3251 5026 3344 5092 sit,

1794 5224 2050 5288 Ἐσθλοὶ,
2080 5193 2425 5291 ἐπιχθόνιοι,
2460 5222 2730 5292 φύλακες

1784 5296 1852 5347 ΟΖ
1874 5296 1949 5363 ῥα
1974 5293 2367 5362 φυλάσσουσί
2390 5310 2452 5346 τε
2474 5293 2664 5361 δίκας,
2688 5296 2784 5350 καὶ
2808 5293 3058 5365 σχέτλια
3085 5294 3248 5362 ἔργα.

1783 5385 2043 5459 Synesius
2065 5385 2104 5459 1,
2138 5384 2212 5459 De
2245 5382 2570 5459 Progident,,
2608 5402 2660 5459 p.
2687 5387 2755 5442 99
2794 5386 2835 5443 ι)
2856 5386 3069 5459 ελῗΕστι
3092 5385 3200 5459 μὲν
3234 5386 3343 5459 γὰρ

1780 5454 1903 5529 τῇδε
1947 5456 2041 5529 καὶ
2084 5455 2278 5529 ἡρῴων
2321 5454 2688 5529 φῦλονλίερδν,
2718 5454 3341 5529 ἐπιμελὲς-ἀνθρώπων,

1780 5524 1873 5579 καὶ
1905 5526 1971 5599 τὰ
2002 5524 2207 5599 σμικρά
2231 5525 2460 5599 ὠφελεζν
2482 5524 2795 5599 δυναμενον,
2816 5524 2916 5578 ’καὶ
2951 5524 3013 5577 τὸ
3046 5524 3343 5599 πρεσϐύτε-

1781 5611 1872 5666 ρον
1898 5595 2115 5666 ἀγαθον.
2148 5596 2385 5650 Consule
2411 5595 2471 5649 P.
2507 5595 2713 5653 Petavii
2748 5605 2953 5659 notam,
2981 5598 3073 5666 qui
3093 5595 3176 5652 'ex
3220 5595 3342 5652 Pla-

1779 5664 1922 5719 tonis
1949 5676 2000 5718 et
2029 5664 2303 5719 Plutarchi
2326 5667 2505 5722 verbis
2537 5668 2731 5722 merito
2764 5664 3011 5733 οοηῇὶοἰι,
3028 5667 3183 5722 aliter
3211 5671 3341 5725 olim

1778 5751 1968 5860 minus
2004 5735 2139 5792 istos
2183 5735 2350 5792 lectos
2383 5752 2505 5794 esse
2552 5751 2715 5807 quam
2755 5736 2916 5807 vulgo
2951 5737 3197 5810 concepti
3247 5741 3341 5794 ha-

1848 5816 2026 5859 antur.

1848 5816 2026 5859 antur.

2748 5222 2980 5294 θνητῶν
2997 5222 3340 5291 ἀνθρώπων,
