3936 6342
561 641 567 647 “
665 622 846 677 nebris
861 621 1109 688 conjungi
1138 635 1202 673 ac
1231 620 1444 673 misceri
1466 610 1625 693 posse
1645 618 1768 687 quis
1784 616 1999 671 dixerit.
2023 615 2208 679 Quan-

659 399 760 469 ειη
1322 413 1408 489 Eu
1421 411 1589 468 sssu
1616 407 2092 467 CESARIENSIS
2128 405 2210 462 or

2320 401 2498 458 rans
2519 401 2582 455 ιι.
2608 375 2677 442 _;
2701 397 3199 478 APOLOGETICA.
3743 397 3825 452 ειη

666 532 867 586 malum
891 519 1163 601 quomodo
1187 529 1432 598 placeat?
1457 529 1561 582 nisi
1600 527 1741 583 forte
1774 528 1949 581 lucem
1983 540 2106 580 cum
2127 532 2206 596 te-

2307 521 2452 573 θύειν
2481 515 2985 587 παρακελευόμενος
3011 517 3026 579 ‘,
3073 515 3231 582 Λέγει
3262 514 3305 565 δ’
3332 509 3422 566 οὖν
3441 516 3469 566 ὁ
3507 512 3727 584 πρόσθεν
3764 518 3823 567 ει-

2311 611 2541 682 ρημὲνος
2587 607 2949 677 συγγραφεὺς,
2991 608 3053 658 ὲν
3102 602 3183 669 οἷς
3224 605 3386 674 ἔφυσε
3421 605 3496 676 μὴ
3528 604 3635 657 δεῖν
3665 605 3824 680 ζωοθν-
3889 668 3891 674 γ

664 723 778 766 tum
809 726 935 766 vero
966 711 1166 764 ﬁctitiis
1195 710 1509 763 numinibus
1545 711 1780 762 humana
1822 710 1965 760 ratio
1993 704 2205 775 prassti-

2309 704 2437 765 τεῖν,
2496 700 2576 752 ὅτι
2621 697 2754 769 μηδὲ
2808 696 3030 765 φαύλοις
3061 697 3273 767 δαίμοσι
3306 697 3514 758 θυτέον,
3565 695 3823 751 τοῦτοντὸν

664 802 750 866 tit,
779 817 898 870 quae
955 817 1022 854 ne
1068 800 1338 868 improbis.
1381 800 1599 869 quidem
1625 797 1963 866 daemonibus
1998 792 2205 849 sacriﬁ-
2309 794 2524 864 τρόπον.
2789 868 2791 870 ι
3890 873 3891 876 η

663 895 805 945 cium
846 892 1013 944 ullum
1070 891 1184 943 Iicri
1208 889 1411 943 voluit?
1452 887 1584 941 Nam
1616 889 1666 942 id
1700 902 1829 941 sane
1875 893 2020 940 vetat
2083 883 2224 936 idem
2265 882 2380 951 ipse
2406 882 2739 956 Porphyrius
2769 902 2836 943 eo
2899 887 3058 951 Iibro,
3118 884 3174 938 in
3200 898 3308 954 quo
3335 883 3404 936 ab
3431 880 3739 937 animalium
3758 897 3822 936 ελ.

663 983 879 1037 criliciis
926 981 1301 1035 abstinendum
1334 996 1454 1042 esse
1489 980 1666 1044 docet,
1696 978 1784 1032 ubi
1813 977 1954 1031 hunc
1982 977 2036 1029 in
2075 963 2295 1030 modum
2338 974 2594 1043 loquitur.

1200 1071 1426 1127 CAPUT
1466 1072 1654 1126 XVIII.

661 1163 883 1221 Nullum
928 1166 1168 1230 improbis
1204 1165 1521 1217 dwmouibus
1569 1163 1888 1230 sacriﬁcium
1921 1161 2216 1222 faciendum

1376 1250 1506 1286 βεδε.

734 1343 753 1375 ‹
778 1297 1159 1390 Quamobrem,
1180 1325 1373 1392 inquit,
1393 1325 1472 1376 vir
1492 1340 1679 1393 mquus
1695 1340 1756 1378 ac
1771 1324 2009 1395 prudens
2021 1323 2122 1378 sibi
2146 1322 2215 1376 ab

2818 1070 3205 1126 ΚΕΦΑΛΑῙΟΝ
3247 1069 3352 1123 IH'.

2445 1163 2570 1217 ὀτι
2588 1164 2675 1234 μὴ
2703 1163 2799 1218 δεῖ
2836 1164 2958 1230 τοῖς
2990 1160 3267 1230 πονηροῖς
3291 1159 3531 1228 δαίμοσι
3555 1161 3726 1214 θύειν.

2393 1357 2411 1389 ι
2451 1340 2540 1392 Διὸ
2563 1340 2776 1404 συνετὸς
2811 1328 2921 1410 (35)
2954 1338 3092 1410 ἀνὴρ
3122 1338 3212 1391 καὶ
3245 1336 3472 1407 σώφρων
3503 1335 3808 1407 εὐλαὸηθήτεσ

679 1415 783 1468 isto
830 1415 1215 1468 sacriﬁciorum
1251 1430 1444 1484 genere
1486 1416 1783 1469 cavendum
1835 1416 2205 1484 putabit,quo

2308 1448 2397 1483 ται
2417 1431 2687 1495 τοιαύταις
2727 1432 2959 1503 χρῆσθαι
2992 1431 3218 1494 θυσίαις,
3268 1431 3335 1483 δι’
3379 1423 3454 1482 ὧν
3504 1430 3814 1481 ἐπισπάσεται

650 1520 946 1573 pravorum
995 1492 1295 1557 daemonum
1328 1505 1551 1573 gratiam
1594 1516 1910 1574 aucupetur.
1946 1506 2201 1560 Animum

2311 1522 2444 1592 πρὸς
2473 1523 2662 1574 ἑαυτὸν
2685 1523 2808 1585 τοὺς
2839 1520 3126 1582 τοιούτους·
3159 1520 3442 1573 σπουδάσει
3478 1518 3537 1571 δὲ
3585 1511 3818 1588 καθαίρειν

659 1594 774 1664 ipse
807 1595 986 1662 potius
1012 1595 1160 1648 omni
1187 1597 1391 1649 ratione
1423 1611 1485 1649 ac
1516 1597 1695 1652 studio
1723 1613 1955 1666 purgare
1981 1598 2203 1652 conabi-

2307 1610 2403 1682 τὴν
2429 1611 2602 1682 ψυχὴν
2633 1613 2914 1675 παντοίως⁸
2944 1611 3154 1682 καθαρᾷ
3175 1611 3280 1682 γὰρ
3310 1610 3451 1681 ψυχῇ
3479 1611 3581 1662 οὐκ
3604 1605 3818 1663 tmte“;

661 1692 769 1749 tur,
809 1696 987 1739 certus
1021 1703 1115 1742 eos
1150 1705 1421 1757 nunquam
1457 1706 1600 1759 pura:
1627 1705 1692 1744 ac
1738 1692 1961 1745 sincerae
1995 1694 2204 1763 .mentis

2305 1718 2393 1754 ται
2423 1701 2508 1755 διὰ
2539 1702 2599 1754 τὸ
2626 1703 2803 1765 αὐτοῖς
2834 1702 3097 1772 ἀνόμοιον.
3132 1701 3192 1753 Εἰ
3221 1701 3276 1752 δὲ
3296 1703 3414 1762 ταῖς
3444 1699 3659 1753 πόλεσιν
3686 1700 3816 1767 ἀναγ·
3890 1697 3891 1766 ί

661 1774 932 1829 hominem
963 1779 1198 1848 aggredi,
1227 1788 1447 1848 propter
1480 1795 1690 1834 morum
1725 1797 1786 1834 ac
1811 1790 2016 1835 naturae
2041 1781 2205 1836 dissi-

2305 1795 2454 1844 καῖον
2485 1794 2578 1845 καὶ
2602 1794 2819 1855 τούτους
2843 1790 3331 1862 ἀπομειλίττεσθαι,
3357 1791 3510 1846 οὐδὲν
3537 1789 3667 1860 πρὸς
3683 1791 3817 1860 ἡμᾶς.

660 1867 1039 1923 militudinem.
1069 1868 1221 1935 Quod
1253 1871 1298 1925 si
1321 1870 1459 1925 forte
1486 1887 1517 1926 a
1545 1871 1853 1926 civitatibus
1879 1874 2013 1927 istos
2043 1874 2202 1926 etiam

2306 1884 2540 1949 Ταύταις
2566 1887 2675 1956 γὰρ
2696 1887 2788 1940 καὶ
2814 1886 3057 1949 πλοῦτος,
3083 1887 3176 1938 καὶ
3213 1886 3280 1939 τὰ
3321 1884 3498 1948 ἐκτὸς,
3533 1884 3627 1936 καὶ
3650 1883 3710 1935 τὰ
3739 1898 3820 1960 σοι·

661 1957 871 2011 deliniri
917 1961 1221 2030 placat-ique
1254 1978 1473 2018 necesse
1521 1963 1612 2038 sit,
1657 1965 1792 2018 nihil
1815 1965 1880 2017 ad
1915 1979 2035 2018 nos.
2070 1963 2203 2018 Nam

2309 1976 2530 2043 ματικὰ,
2581 1977 2758 2045 ἀγαθὰ
2807 1974 2943 2031 εἶναι
2994 1977 3318 2046 νενόμισται,
3368 1977 3462 2028 καὶ
3519 1974 3588 2028 τὰ
3622 1957 3817 2036 ἐναντία,

666 2049 773 2104 illis
810 2052 1027 2120 quidem
1061 2067 1209 2121 opes,
1244 2069 1471 2122 quaeque
1519 2053 1650 2108 foris
1688 2061 1835 2118 sunt,
1873 2069 2098 2124 quaeque
2136 2057 2204 2108 ad

2307 2063 2471 2116 κακά’
2495 2065 2673 2132 ὀλίγον
2700 2065 2756 2118 δὲ
2783 2068 2840 2120 ὲν
2867 2066 3052 2128 αὑταῖς
3084 2065 3143 2117 τὸ
3172 2065 3269 2134 τῆς
3299 2065 3477 2136 ψυχῆς
3501 2064 3817 2136 emptam-

664 2155 865 2208 corpus
907 2143 1128 2196 omnino
1174 2143 1462 2210 pertinent,
1511 2142 1652 2196 bona
1694 2143 1864 2197 videri
1921 2145 2115 2210 solent,
2143 2154 2206 2214 ut

2307 2170 2450 2206 νον.»
2481 2155 2702 2221 Τούτοις
2739 2157 2864 2226 ἑξῆς
2888 2157 3078 2225 ἐπάγει
3105 2156 3295 2220 λέγων.

665 2235 829 2295 mala,
850 2247 970 2301 quae
999 2233 1268 2286 contraria
1295 2249 1310 2284 :
1346 2232 1439 2300 qui
1464 2247 1592 2286 vero
1614 2232 1779 2287 animi
1809 2249 1992 2289 curam
2020 2251 2084 2290 ac
2107 2238 2367 2296 rationem
2403 2244 2652 2307 habeant.
2677 2246 2876 2316 oppido
2894 2246 3073 2315 pauci.
3114 2264 3136 2298 ι
3160 2244 3242 2299 Ac
3266 2243 3542 2314 deinceps.

1223 2359 1450 2434 CAPUT
1492 2360 1628 2416 xxx.

2812 2366 3032 2419 ΚΕΦΔΛ
3040 2367 3202 2419 ΔΙΟΝ
3234 2366 3333 2418 ιθι.

2411 2453 2607 2520 Ὅπως
2631 2454 2977 2510 ἀνακεῖσθαι
3001 2455 3096 2509 δεῖ
3114 2455 3192 2520 τῷ
3221 2455 3317 2510 ἐπὶ
3347 2454 3588 2508 πάντων
3620 2451 3738 2519 Θεῷ.

2379 2561 2400 2594 σ
2450 2543 2640 2614 Ἡμεῖς
2669 2544 2726 2597 δὲ
2754 2544 2891 2596 κατὰ
2926 2544 3152 2615 δύναμιν
3187 2545 3248 2597 οὐ
3279 2545 3584 2616 δεησόμεθα
3614 2540 3680 2598 ὧν
3701 2538 3810 2599 οὗτοι

2305 2633 2649 2705 παρέχουσιν·
2677 2633 2790 2685 ἀλλ’
2811 2633 2874 2684 ἐκ
2896 2649 2955 2684 τε
2988 2632 3162 2704 ψυχῆς
3183 2633 3246 2686 ἔκ
3265 2651 3321 2686 τε
3353 2635 3458 2694 τῶν
3487 2635 3655 2690 ἄλλων
3673 2637 3809 2688 πᾶσαν

2306 2723 2539 2793 σπουδὴν
2567 2722 2861 2792 ποιούμεθα
2889 2734 2938 2786 ι,
2969 2722 3085 2792 Θεῷ
3125 2724 3220 2791 μὲν
3252 2725 3474 2787 καὶτοῖς
3514 2727 3645 2796 ἀμφ’
3684 2725 3807 2783 αὑτὸν

769 2453 1085 2522 Ρνιεροιεηεί
1117 2455 1209 2507 imi
1255 2454 1362 2508 Deo
1403 2456 1672 2509 addictum
1711 2472 1821 2510 esse
1851 2465 2103 2524 oportere.

730 2560 749 2593 ι
773 2541 937 2598 Nobis
950 2552 1149 2621 autem,
1161 2545 1352 2614 inquit,
1369 2546 1620 2600 omnibus
1635 2546 1737 2600 hoc
1748 2547 1950 2601 viribus
1965 2547 2212 2601 laboran-

663 2634 792 2687 dum
814 2633 937 2698 erit,
968 2633 1104 2688 nihil
1129 2643 1190 2688 ut
1215 2635 1380 2689 rebus
1399 2635 1540 2702 istis,
1567 2651 1702 2705 quas
1735 2637 1811 2690 illi
1839 2638 2206 2706 suppeditant,

664 2738 920 2794 egeamus
952 2740 968 2777 :
999 2724 1292 2793 sed‘potius
1324 2734 1383 2778 ut
1405 2726 1588 2780 animo
1605 2726 1766 2780 simul
1798 2742 1862 2781 ac
1884 2728 2112 2793 caeteris,
2136 2729 2202 2782 ad

667 2814 761 2868 Dei
785 2814 1020 2884 quidem,
1052 2824 1335 2882 eteorum,
1359 2817 1452 2886 qui
1486 2817 1594 2872 Deo
1624 2819 2036 2888 propinquiores
2056 2814 2202 2884 sunt,

2305 2812 2636 2884 ὁμοιοῦσθαι·
2689 2813 2768 2883 (ὃ
2799 2813 2862 2884 δὴ
2920 2813 3124 2882 γίνεται
3183 2815 3250 2868 δι’
3290 2816 3556 2879 ἀπαθείας
3604 2817 3691 2870 καὶ
3735 2818 3805 2884 τῆς

665 2904 1018 2958 imitationem
1053 2921 1118 2960 ac
1161 2907 1594 2974 similitudinem,
1637 2921 1899 2977 quantum
1944 2909 1999 2963 in
2047 2909 2205 2964 nobis

2305 2904 2431 2976 περὶ
2474 2904 2582 2958 τῶν
2642 2902 2807 2968 ὅντως
2848 2905 3013 2959 ὄντων
3065 2904 3472 2978 διηρθρωμένης
3527 2906 3794 2977 suam.

665 2994 789 3060 erit,
819 2995 1116 3064 aspiremus
1149 2996 1225 3067 (id
1254 2998 1395 3066 quod
1421 2999 1614 3067 partim
1643 2999 1992 3068 cupiditatum
2018 3001 2204 3055 vacui-

2305 2994 2394 3047 ιιαὶ
2417 2994 2550 3065 πρὸς
2567 2994 2704 3047 αὐτὰ
2718 2996 2807 3047 καὶ
2850 2997 2969 3048 κατ’
2996 2996 3132 3049 αὐτὰ
3152 2996 3294 3067 ζωῆς
3319 2997 3501 3067 (55')°)
3525 3000 3741 3068 πονηροῖς
3755 2995 3793 3048 ἃ

671 3093 799 3148 tate,
823 3086 1015 3152 partim
1063 3087 1271 3139 sincera
1324 3095 1379 3140 et
1424 3087 1702 3142 enucleata
1730 3089 1797 3143 de
1821 3088 1907 3154 iis,
1942 3106 2062 3160 qua
2086 3105 2207 3150 vere

2305 3083 2602 3157 ἀνθρώποις
2672 3085 2764 3137 καὶ
2837 3086 3086 3156 δαίμοσι,
3159 3088 3281 3139 καὶ“
3329 3087 3467 3152 ὅλως
3542 3088 3695 3141 παντὶ
3744 3085 3795 3154 τῷ

668 3183 815 3238 sunt,
855 3175 1272 3241 existimatione,
1311 3179 1506 3246 partim
1559 3181 1680 3235 vitae
1711 3183 1883 3251 ipsius
1914 3183 1982 3237 ad
2019 3198 2205 3238 eorum

2305 3177 2539 3247 χαίροντι
2596 3173 2674 3244 τῷ
2733 3175 2909 3246 θνητῷ
2974 3177 3066 3229 καὶ
3115 3175 3281 3245 ὑλικῷ
3305 3176 3707 3256 ¹ἀνομοιοῦσθαι.
3736 3176 3801 3228 Ὃν

667 3265 938 3333 exemplar
959 3264 1382 3322 conformatione
1403 3274 1810 3341 assequemur);
1837 3273 2206 3344 improborum

2305 3267 2356 3321 δὲ
2414 3267 2574 3343 ἡμεῖς
2627 3265 2734 3335 (54)
2788 3265 3170 3337 ὑπογράφομεν
3228 3266 3510 3335 φιλόσοφον
3554 3266 3805 3336 ἀφιστάμε-

670 3365 844 3410 autem
867 3357 978 3411 sive
1010 3357 1308 3421 hominum,
1342 3359 1453 3414 sive
1479 3361 1801 3424 daemonum,
1831 3374 1992 3434 atque
2031 3367 2208 3420 omni-

2305 3374 2389 3410 νον
2425 3356 2531 3408 τῶν
2590 3355 2747 3418 me;
2766 3397 2781 3420 ,
2816 3357 3036 3419 εἰκότως
3067 3356 3243 3426 φαμὲν
3281 3355 3355 3428 μὴ
3399 3357 3694 3429 ἐνοχλήσειν
3719 3353 3806 3408 δαί-

669 3462 740 3500 no
768 3447 1013 3516 quisquis
1035 3449 1261 3502 mortale
1288 3450 1580 3522 quidquam
1601 3463 1656 3509 et
1680 3469 1802 3509 eum
1832 3457 2056 3529 materia
2085 3473 2208 3511 con-

2305 3464 2447 3518 μοσι,
2507 3447 2638 3517 μηδὲ
2700 3449 2939 3517 μάντεων
2987 3447 3302 3518 δεήσεσθαι,
3354 3448 3487 3518 μηδὲ
3538 3448 3808 3517 σπλάγχνων

665 3538 909 3606 junctum
961 3549 1142 3606 amet,
1184 3542 1303 3610 ejus
1357 3542 1648 3599 dissimiles
1696 3561 1818 3601 esse
1872 3545 2204 3602 Studeamus.

2305 3534 2472 3599 ζώων.
2507 3530 2605 3588 Ὧν
2636 3534 2741 3606 γὰρ
2765 3536 2924 3589 ἕνεκα
2953 3537 3008 3588 αἱ
3043 3539 3316 3606 μαντεῖαι,
3345 3536 3549 3590 τούτων
3572 3532 3708 3597 οὗτος
3733 3550 3808 3603 μι-

676 3625 829 3700 167
874 3631 941 3684 At
988 3647 1116 3687 vero
1146 3633 1240 3704 qui
1290 3649 1321 3686 a
1359 3637 1515 3691 nobis
1543 3638 1644 3691 hoc
1672 3639 1793 3692 loco
1823 3638 2176 3708 philosophus

2312 3625 2541 3697 μέληκεν
2568 3625 2909 3694 ἀφίστασθαι.
2933 3623 3077 3702 ,Οὔτε
3107 3625 3215 3697 γὰρ
3254 3628 3333 3688 είς
3373 3625 3550 3696 γάμον
3580 3624 3806 3695 καθίησιν,

671 3721 987 3785 υεΙιηεοιιπ,
1019 3738 1048 3776 a
1084 3739 1261 3778 rerum
1302 3728 1633 3781 exteriorum
1669 3731 1997 3784 commercio
2026 3741 2079 3785 et
2113 3747 2199 3786 so-

2311 3715 2395 3767 τνα
2428 3714 2553 3784 περὶ
2590 3713 2764 3783 γάμου
2796 3712 2872 3783 τῷ
2903 3714 3088 3782 μάντει
3114 3713 3371 3785 ὲνοχλήσῃ
3390 3730 3404 3743 ο
3431 3714 3540 3766 οὐκ
3571 3716 3645 3776 είς
3668 3713 3808 3781 ἐμπο-

671 3811 862 3865 cietate
885 3807 1178 3883 sejunctus,
1210 3817 1278 3868 ab
1298 3830 1364 3876 eo
1396 3832 1493 3871 nec
1523 3818 1794 3873 datmones
1829 3821 2197 3887 sollicitatum,

671 3918 771 3957 nec
815 3914 963 3981 vates
1013 3915 1107 3959 aut
1141 3908 1453 3962 animalium
1486 3921 1608 3964 exta
1643 3913 1950 3967 consultum
1979 3913 2064 3977 iri,
2086 3899 2208 3981 jure

672 4008 736 4046 ac
757 3995 949 4048 merito
983 4001 1412 4064 pronuntiamus.
1431 3996 1672 4064 Quorum
1700 4003 1843 4056 enim
1866 4018 2028 4058 causa
2051 4004 2208 4058 insti-

671 4095 787 4140 tuta
812 4087 1070 4142 divinatio
1090 4097 1193 4152 est,
1222 4089 1287 4143 iis
1317 4089 1460 4144 ultro
1482 4092 1583 4146 sibi
1605 4095 1898 4149 carendum
1936 4097 2206 4150 statuerit.

671 4175 781 4231 Nec
813 4180 955 4232 enim
988 4182 1043 4234 in
1072 4180 1401 4236 matrimonii
1436 4197 1556 4238 sese
1603 4184 1818 4238 vincula
1845 4187 2118 4255 conjiciet,
2153 4199 2210 4244 ut

674 4267 740 4320 de
764 4268 880 4336 ejus
906 4285 1156 4324 successu
1190 4272 1428 4342 divinum
1457 4273 1790 4343 interpellet;
1818 4291 1917 4331 nec
1938 4287 2230 4332 mercatu--

2303 3807 2441 3877 ρίαν,
2473 3807 2534 3858 ού
2569 3806 2694 3877 περὶ
2721 3806 2948 3868 οἰκέτου,
2979 3806 3038 3858 ού
3065 3807 3188 3876 περὶ
3214 3805 3486 3877 κλοπῆς),
3517 3807 3608 3859 καὶ
3629 3804 3715 3874 τῆς
3737 3801 3810 3856 ἀλ·

2299 3861 2394 3965 λης
2427 3861 2586 3966 ’παρὰ
2617 3861 2916 3966 άνθρὼποις
2935 3861 3280 3960 ’δοξοκοπίας
3473 3861 3556 3949 ’ὧν
3590 3894 3643 3947 δὲ
3667 3861 3807 3963 ξητεῖι

2304 3989 2492 4055 μάντις
2532 3987 2630 4056 μὲν
2657 3986 2848 4056 οὐδεὶς,
2882 3985 2999 4038 οὐδὲ
3045 3984 3319 4055 σπλάγχνα
3347 3983 3497 4048 ζώων
3530 3984 3735 4056 μηνύσει
3761 3980 3809 4033 τὸ

2303 4077 2500 4146 σαφές·
2535 4076 2693 4139 αὐτὸς
2729 4075 2784 4128 δὲ
2815 4076 2880 4127 δι’
2924 4074 3135 4143 ἑαυτοῦ,
3177 4075 3251 4139 ὡς·
3280 4076 3566 4149 ἐλέγομεν,
3607 4071 3807 4147 προσιὼν

2301 4168 2375 4238 τῷ
2403 4160 2538 4239 Θεῷ,
2559 4168 2615 4231 ὃς
2647 4169 2704 4221 ὲν
2729 4172 2838 4231 τοῖς
2863 4167 3129 4238 ἀληθινοῖς
3155 4168 3316 4233 αὐτοῦ
3349 4169 3664 4240 σπλάγχνοις
3685 4164 3804 4234 ἰδρυ-

2302 4277 2421 4329 ται,
2458 4257 2702 4329 περὶτοῦ
2746 4259 2960 4311 αίωνίου
2995 4244 3108 4328 βίου
3137 4259 3360 4330 λήψεται
3404 4260 3501 4323 τὰς
3546 4255 3803 4324 ὑποθήκας.

674 4371 789 4410 ram
816 4355 1113 4426 factitabit;
1138 4376 1236 4416 nec
1262 4363 1329 4417 de
1347 4365 1588 4430 servitio,
1617 4381 1717 4420 nec
1737 4367 1803 4420 de
1828 4382 1989 4437 opum
2015 4369 2207 4437 ampli-

2305 4350 2436 4403 ὅλως
2467 4349 2724 4421 (55)χὲκεῖ
2757 4350 3077 4424 suppetit“.
3111 4368 3131 4402 ι

675 4448 943 4513 Ileatione,
978 4464 1077 4503 nec
1100 4451 1165 4503 de
1195 4452 1402 4521 reliquo
1430 4454 1678 4510 humanae
1698 4459 1818 4512 vitae
1840 4458 1979 4513 fastu
2011 4475 2209 4515 consu-

674 4541 764 4622 let.
797 4539 1003 4606 Quibus
1031 4550 1208 4594 autem
1232 4541 1297 4596 de
1317 4542 1477 4598 rebus
1500 4545 1615 4614 ipse
1636 4549 1963 4616 quasiturus
2016 4561 2118 4617 est,
2176 4570 2275 4609 nec
2313 4564 2461 4610 vates
2501 4524 2665 4621 ultus,
2694 4569 2792 4610 nec
2819 4553 3175 4607 animantium
3210 4560 3333 4606 exta
3373 4551 3504 4607 certi
3551 4547 3806 4622 quidquam

674 4619 931 4704 aperient.
969 4633 1118 4689 Unus
1163 4635 1251 4689 ille
1300 4651 1392 4705 per
1435 4639 1691 4708 seipsum,
1743 4651 1802 4697 ut
1841 4645 2103 4712 diximus,
2132 4649 2198 4701 ad
2239 4648 2426 4715 Deum,
2492 4649 2583 4718 qui
2618 4619 2798 4702 sedem
2855 4646 2998 4700 veris
3026 4645 3080 4699 in
3137 4644 3433 4700 visceribus
3460 4619 3715 4703 suis—ﬁxit,
3742 4634 3808 4690 ul-

679 4737 760 4781 tro
783 4728 1019 4793 accedet,
1046 4743 1220 4798 eoque
1246 4738 1388 4784 totus
1420 4730 1714 4798 continens,
1746 4735 1983 4791 indidem
2007 4749 2218 4795 aeterna:
2254 4743 2374 4796 vitae
2404 4740 2787 4809 praeceptiones
2814 4737 3046 4790 hauriet.

746 4816 856 4871 Hac
889 4819 1049 4886 igitur
1078 4834 1144 4872 ex
1168 4818 1447 4888 Porphyrii
1473 4819 1831 4889 disputatione
1855 4827 2058 4895 liquido
2081 4845 2199 4883 con-

677 4915 801 4968 stat.
827 4910 1023 4975 quibus
1054 4910 1269 4963 tandem
1315 4920 1368 4964 et
1408 4911 1815 4967 vaticinationes
1839 4955 1854 4979 ,
1901 4925 1956 4970 et
1993 4921 2208 4987 aruspi—

677 4995 875 5062 cinam,
907 5007 958 5050 et
996 4999 1114 5053 illas
1145 5014 1354 5068 omnes,
1392 5017 1529 5068 quas
1558 5003 1750 5072 vulgus
1781 5004 2078 5061 admiratur
2123 5025 2210 5061 re-

679 5102 797 5139 rum
839 5089 1189 5141 obscurarum
1239 5092 1609 5157 praedictiones
1635 5094 1910 5161 assignare
1946 5107 2205 5164 Oporteat.

681 5175 800 5230 Ilaec
843 5178 928 5231 ille
975 5179 1153 5230 omnia
1178 5177 1372 5233 fastum
1403 5183 1723 5252 inanemque
1755 5201 2003 5254 pompam
2035 5186 2233 5239 nomi--

681 5280 830 5330 nans.
869 5278 1123 5336 tanquam
1150 5268 1512 5336 improborum
1547 5275 1846 5329 daemonum
1875 5285 1989 5330 arte
2019 5291 2081 5330 ac
2124 5277 2207 5328 vi-

749 5437 776 5465 ι
815 5428 898 5480 ἷσ.
928 5429 1275 5498 ποιησόμεθα.
1350 5432 1376 5471 δ
1415 5431 1535 5487 Por.
1567 5438 1858 5506 προκοπῆς.

753 5564 864 5634 (55)
888 5565 981 5617 Διό
1007 5570 1273 5639 (ξυνετός.
1297 5567 1577 5639 Porphyrii
1619 5572 1770 5625 locus
1797 5580 1896 5635 est,
1930 5585 1966 5623 ιι
2016 5568 2086 5621 De
2123 5570 2213 5620 ab-

681 5642 913 5697 stment.,
946 5650 996 5704 p.
1027 5636 1149 5694 204.
1409 5636 1412 5637 ⁷
1479 5636 1490 5639 ’

753 5704 884 5777 (55])
909 5706 1014 5777 Kal.
1037 5709 1180 5775 πρὸς
1201 5707 1368 5771 αὐτὰ,
1388 5707 1618 5777 καὶκαε
1641 5710 1787 5766 αὐτὰ
1810 5707 1972 5777 ζωῆς.
1992 5707 2210 5777 Porph.,

689 5775 781 5824 καὶ
807 5774 902 5843 τῆς
928 5775 1057 5844 πρὸς
1083 5774 1212 5831 αὐτὰ
1241 5777 1408 5832 ταῦτα
1438 5776 1601 5847 ζωῆς.

2380 4830 2692 4898 Σαφέστατα
2732 4827 2796 4897 δὴ
2832 4826 2919 4880 διὰ
2946 4825 3147 4902 ,τούτων
3171 4826 3200 4878 ό
3229 4823 3381 4894 λόγος
3420 4825 3654 4897 ἐξέφηνε,
3680 4819 3807 4872 τίνων

2285 4915 2552 4990 ’ἡγεῖσθαι
2596 4918 2700 4988 χρὴ
2728 4917 2793 4968 τὰ
2826 4919 3068 4985 μαντεῖα,
3097 4917 3191 4969 καὶ
3231 4917 3328 4979 τὰς
3367 4914 3455 4969 διὰ
3494 4907 3588 4985 τῆς
3622 4907 3808 4974 θυτικῆς

2306 5012 2618 5081 ἐρωτήσεις,
2655 5008 2752 5068 τάς
2781 5023 2842 5058 τε
2880 5007 3027 5074 παρὰ
3058 5009 3166 5068 τοῖς
3198 5006 3408 5068 πολλοῖς
3438 4999 3807 5074 θαυμαζομένιις

2315 5099 2439 5166 περὶ
2469 5095 2575 5147 τῶν
2607 5094 2810 5162 ἀδήλων
2841 5092 3186 5163 προγνώσεις.
3213 5092 3392 5144 Ταῦτα
3422 5090 3528 5162 γὰρ
3738 5084 3806 5135 δο⁴

2313 5186 2568 5254 ξοκοπίας
2598 5183 2833 5254 ὀνόματα
2865 5193 2915 5247 ο,
2958 5183 3031 5248 ὡς
3071 5182 3135 5238 ἂν
3171 5182 3274 5234 ὑπὸ
3303 5182 3562 5252 δαιμόνων
3600 5172 3806 5244 πονηρῶν

2312 5277 2698 5348 ὲνεργουμένας
2719 5274 2745 5314 δ
2780 5273 3088 5327 ἀποϐάλλει.
3138 5271 3240 5327 Τὸν
3286 5273 3415 5343 γοῦν
3466 5267 3589 5346 περὶ
3630 5267 3806 5340 φαύλων

1938 5445 1958 5473 ⁸
2003 5452 2090 5505 πο.
2121 5435 2405 5506 ὀνομάσας.
2481 5433 2506 5472 δ
2547 5435 2629 5487 τσ.
2657 5432 3035 5504 ἐνεργούμενα.

2385 5570 2493 5638 (54)
2537 5571 2641 5622 ὀν
2665 5569 2732 5622 δὲ
2755 5568 3135 5638 ἡμεῖς-Μυκη
3169 5572 3522 5641 praetermittit
3550 5563 3802 5624 Eusebius;

2317 5656 2435 5706 qua:
2463 5650 2766 5708 sequuntur
2795 5643 2935 5706 leges
2957 5657 3010 5708 p.
3056 5643 3176 5695 2l8.

2315 5708 2493 5830 lim€35)
2522 5711 2721 5775 Ὄλως.
2754 5707 2934 5764 Malim
2963 5710 3080 5774 ὅλος
3104 5727 3228 5766 cum
3269 5709 3528 5782 Porphyr.
3564 5716 3613 5765 el
3643 5711 3793 5758 111⁸1³⁸·
