4044 6334
62 453 167 509 291

1258 451 1575 506 PREPAR.
1608 449 1859 505 EVANG.
1901 449 2030 503 LIB.
2068 450 2158 507 IV.

3209 456 3314 513 298

63 572 317 641 νόμενοι,
360 573 455 626 καὶ
488 572 701 626 πάντων
749 571 1017 644 ἐλεύθεροι
1063 570 1268 635 κακῶν,
1324 571 1445 624 οὒτε
1506 571 1656 624 θύσο-

1762 568 1990 624 feliciter
2033 570 2459 635 annuntiabant,
2497 580 2557 623 ut
2596 586 2748 624 caecae
2791 574 3060 641 quondam
3112 588 3315 631 mentes

70 679 199 732 μεν,
225 662 365 716 οὔτε
394 664 745 733 δουλεύσομεν
774 666 885 727 τοῖς
917 663 1023 715 τῶν
1057 663 1223 714 έθνῶν
1258 666 1658 733 νενομισμένοις

67 754 234 817 θεοῖς,
263 757 321 807 οἶ
351 755 415 826 δὴ
445 757 539 808 καὶ
558 755 714 826 ἡμῶν
743 757 805 808 τὸ
836 758 964 826 πρὶν
990 756 1431 825 κατετυράννουν·
1468 755 1657 825 ὰχθένο

69 866 159 911 τες
192 848 251 901 δὲ
288 851 388 901 καὶ
412 848 829 920 προσαχθέντες,
858 848 962 901 ὑπὸ
983 849 1081 917 τῆς
1104 848 1194 900 τοῦ
1225 849 1470 918 Σωτῆρος
1501 851 1531 918 ή
1542 848 1660 918 μῶν

72 938 449 1002 διδασκαλίας,
504 938 584 1008 τῷ
634 939 777 1009 μόνῳ
826 940 919 992 καὶ
957 940 1142 1009 ἀληθεῖ
1174 938 1310 1007 Θεῷ,
1357 940 1435 1007 τῷ
1466 940 1530 1010 δὴ
1565 940 1659 993 καὶ

76 1028 314 1098 δεσπότῃ
365 1030 461 1080 καὶ
505 1030 715 1097 τροφεῖ,
768 1028 972 1097 σωτῆρί
1012 1044 1071 1079 τε
1111 1028 1204 1079 καὶ
1253 1028 1531 1100 εὐεργέτῃ,
1566 1030 1659 1080 καὶ

85 1120 153 1171 ἑτι
184 1122 398 1190 ποιητῇ
428 1121 521 1173 καὶ
538 1119 867 1191 δημιουργῷ,
891 1122 982 1173 καὶ
1006 1120 1338 1190 παμϐασιλεῖ
1368 1121 1473 1174 τῶν
1500 1122 1654 1186 ὅλων,

96 1213 236 1282 μόνον
288 1212 486 1267 τοῦτον
528 1212 698 1283 ἀληθῆ
745 1212 876 1267 Θεὸν
927 1214 1262 1285 ἡγησόμεθα,
1298 1215 1391 1268 καὶ
1431 1214 1575 1285 μόνῳ
1600 1216 1659 1269 τὸ

95 1304 364 1373 προσῆκον
394 1303 771 1375 ἀπονεμοῢμεν
796 1304 973 1367 σέϐας,
995 1306 1151 1374 μόνον
1180 1308 1542 1375 γεραίροντες,
1564 1307 1659 1359 καὶ

91 1396 239 1466 μόνον
294 1396 464 1449 αὑτὸν
503 1396 867 1461 εὐσεὸοὖντες,
917 1398 1014 1467 οὐχ
1063 1393 1097 1471 ᾖ
1142 1398 1255 1469 (40),
1298 1403 1406 1462 τοῖς
1446 1400 1659 1469 δαίμοσι

89 1494 254 1561 φίλον,
294 1494 415 1546 ἀλλ’
615 1495 749 1565 πρὸς
781 1495 943 1548 αὑτοῦ
972 1496 1410 1569 καταπεμφθέντι
1443 1500 1659 1553 πάντων

87 1581 393 1652 ἀνθρώπων
433 1581 646 1652 Σωτῆρι
687 1583 773 1636 διὰ
811 1585 909 1653 τῆς
942 1586 1295 1656 εὐαγγελικῆς
1327 1588 1489 1641 αὑτοῦ
1518 1591 1660 1643 διδαο

92 1670 314 1733 ααλίας
346 1673 718 1741 παραδέδοται.
765 1673 947 1744 Ταύτῃ
979 1674 1035 1725 δὲ
1070 1674 1437 1739 θεοσεϐοὖντες
1472 1676 1657 1741 διώξο-

92 1778 182 1829 μεν
217 1763 317 1814 καὶ
350 1763 693 1833 ἀπελάσομεν
726 1764 951 1827 ἑαυτῶν,
998 1765 1190 1818 πολλοῦ
1223 1768 1305 1820 δεῖ
1356 1769 1658 1840 φοϐηθησό-

94 1853 245 1922 μεθα,
283 1856 414 1918 τοὺς
448 1857 711 1926 πονηροὺς
744 1856 1016 1927 δαίμονας,
1058 1857 1123 1910 δι’
1156 1859 1375 1927 ἁγνείας
1409 1859 1517 1929 (41)
1567 1862 1659 1912 καὶ

91 1944 327 2017 καθαροῦ
355 1948 576 2018 τρόπου,
628 1948 741 2017 βίου
786 1960 843 2000 τε
886 1949 1157 2019 σώφρονος
1202 1951 1294 2002 καὶ
1334 1951 1655 2020 παναρέτου,

92 2036 179 2088 τοῦ
204 2037 269 2107 δὴ
293 2038 427 2109 πρὸς
450 2037 544 2090 τοῦ
573 2024 821 2109 Σωτῆρος
852 2040 1005 2109 ἡμῶν
1031 2041 1403 2111 διωρισμένου.
1430 2041 1659 2112 Καθαρᾷ

94 2128 198 2196 γὰρ
234 2128 310 2198 μὴ
354 2126 607 2181 δύνασθαι
650 2129 791 2198 ψυχῇ
834 2129 1147 2197 πλησιάζειν
1184 2130 1270 2183 διὰ
1297 2130 1357 2183 τὸ
1391 2130 1659 2200 ἀνόμοιον,

96 2218 451 2291 ὡμολόγηται.
495 2221 637 2273 Ἀλλ’
668 2220 787 2273 οὐδὲ
821 2221 1077 2289 μαντείας
1108 2218 1201 2274 καὶ
1230 2223 1494 2292 χρησμῶν
1534 2222 1659 2292 δεη-

108 2310 319 2379 σόμεθα,
350 2313 468 2364 οὐδὲ
504 2314 781 2381 σπλάγχνα
816 2311 967 2375 ζώων
997 2314 1437 2386 διερευνήσομεν,
1463 2314 1579 2367 οὐδέ
1606 2334 1659 2368 τι

112 2397 213 2450 τῶν
252 2401 329 2453 διὰ
380 2403 695 2471 δαιμονικῆς
746 2406 1009 2473 κινήσεως
1060 2406 1462 2474 ἐνεργουμένων
1498 2406 1658 2458 πολυ-

117 2496 573 2563 πραγμονήσομεν.
622 2486 721 2544 Ὧν
768 2494 874 2564 γὰρ
908 2496 1067 2549 ἕνεκα
1098 2494 1269 2547 ταῦτα
1296 2497 1407 2557 τοῖς
1451 2496 1661 2559 πολλοῖς

111 2583 473 2646 σπουδάζεται,
493 2583 695 2637 τούτων
730 2586 857 2655 ἡμῖν
895 2586 1220 2655 ἀφίστασθαι
1258 2586 1482 2656 μελετᾷν
1516 2590 1543 2640 6
1567 2587 1658 2639 τοῦ

103 2674 337 2743 Χριστοῦ
366 2674 514 2741 λόγος
564 2675 907 2729 διεστείλατο·
958 2679 1129 2747 μόνων
1180 2678 1236 2730 δὲ
1266 2679 1487 2731 ἐκείνων
1518 2680 1662 2747 ὲςρίε-

102 2762 225 2815 σθαι
260 2764 573 2833 προῦτρεψε,
609 2768 737 2837 περὶ
769 2762 842 2821 ὧν
868 2768 1079 2839 ἀληθῶς
1122 2770 1310 2839 μάντις
1364 2771 1460 2839 μὲν
1489 2770 1662 2833 οὐδεὶς

98 2854 222 2905 οὐδὲ
251 2853 518 2923 σπλάγχνα
548 2856 701 2919 ζώων
730 2856 954 2928 μηνύσει
980 2859 1039 2911 τὸ
1070 2860 1257 2927 σαφές·
1296 2863 1457 2924 αὐτὸς
1484 2862 1540 2913 δέ
1575 2863 1662 2932 μό-

100 2957 187 3006 νας
236 2947 267 2996 ὁ
311 2945 400 2997 τοῦ
442 2946 563 2999 Θεοῦ
600 2948 789 3014 Λόγος,
828 2950 855 3000 6
899 2952 956 3001 ὲν
1000 2954 1109 3013 τοῖς
1143 2952 1409 3022 ἀληθινοῖς
1442 2955 1661 3007 ένοικῶν

108 3034 448 3103 σπλάγχνοις,
470 3036 576 3087 τῶν
595 3037 721 3089 οἴων
740 3055 798 3090 τε
821 3039 999 3101 αὐτὸν,
1024 3038 1091 3090 δι’
1112 3039 1285 3110 ἄκραν
1304 3042 1478 3111 ψυχῆς
1500 3043 1663 3095 καθα-

104 3126 324 3194 ρότητα,
350 3127 488 3179 ἔνδον
508 3130 564 3181 ἐν
594 3131 801 3192 ἑαυτοῖς
823 3131 1036 3200 χωρεῖν.
1063 3131 1197 3203 Περὶ
1220 3127 1292 3183 ὦν
1317 3132 1446 3203 φησί
1475 3150 1573 3184 που
1604 3136 1659 3185 έν

105 3216 210 3277 τοῖς
242 3219 405 3285 ἱεροῖς
446 3220 786 3290 γράμμασιν·
832 3222 1149 3289 Ἐνοικήσω
1188 3221 1295 3291 (42)
1330 3224 1398 3273 ὲν
1434 3222 1658 3288 αὐτοῖς,
1688 3235 1729 3290 (3

108 3305 195 3358 ml
213 3306 689 3375 2,1:zsptrranﬁo‘w,
709 3310 803 3362 καὶ
823 3311 1031 3379 ἔσομαι
1049 3310 1244 3365 αὐτῶν
1264 3312 1424 3376 Θεὸς,
1445 3312 1538 3363 καὶ
1552 3315 1628 3364 αὑ
1646 3343 1660 3352 -

110 3398 190 3448 τοί
209 3397 449 3450 ἔσονται
479 3417 580 3467 μοι
598 3400 762 3463 λαός.
783 3401 968 3454 Ταῦτα
987 3404 1081 3471 μὲν
1097 3399 1185 3473 οὖν
1202 3402 1269 3455 τὰ
1290 3404 1395 3455 ἀπὸ
1416 3403 1509 3455 τοῦ
1536 3404 1661 3473 περὶ

110 3485 299 3539 θυσιῶν
329 3488 490 3540 τόπου
519 3489 883 3557 ἀπελεγκτικὰ
904 3492 999 3560 τῆς
1026 3472 1424 3563 τῶνδωμόνων
1462 3472 1661 3564 μοχθη-

116 3578 241 3646 plac.
267 3579 463 3631 Ἀκουε
489 3580 531 3630 δ’
555 3572 642 3631 οἶα
671 3581 798 3650 περὶ
820 3579 927 3632 τῶν
948 3581 1126 3633 αὐτῶν
1153 3578 1306 3645 αὖθις
1333 3586 1361 3634 6
1390 3580 1499 3651 τῆς
1520 3586 1656 3652 περὶ

119 3666 224 3719 τῶν
243 3672 525 3739 ἐμιίθύχων
547 3670 783 3738 ἀποχῆς
810 3673 1154 3741 συγγραφεὺς
1192 3675 1411 3745 ἱστορεῖ,
1434 3675 1659 3748 διαρρή-

112 3756 198 3827 δην
230 3759 500 3829 ὁμολογῶν
542 3762 669 3823 τοὺς
710 3763 975 3831 πονηροὺς
1022 3762 1277 3831 δαίμονας
1317 3767 1373 3817 ἐν
1417 3768 1655 3837 σχήμασι

110 3848 329 3904 πλείοσιν
355 3854 801 3923 ὲντυπουμένους,
830 3855 921 3906 καὶ
943 3856 1218 3914 παντοίαις
1244 3862 1473 3927 μορφαῖς
1498 3878 1659 3931 χαρα·

114 3937 609 4009 κτηρίξονταςμὸ),
645 3938 918 3993 λανθάνειν
953 3942 1044 3993 καὶ
1078 3942 1348 4013 ὲξαπατᾷν
1378 3947 1500 4005 τοὺς
1528 3947 1655 3997 πολ-

113 4022 228 4087 λοὺς
261 4026 369 4079 τῶν
398 4028 733 4099 ἠνθρώπων.
782 4050 800 4081 ι
862 4030 1101 4098 Ἀγαθῶν
1142 4034 1266 4102 γὰρ.
1302 4036 1482 4102 φησὶν,
1523 4037 1655 4089 ὑπο-

111 4114 347 4186 δυόμενοι
373 4121 655 4190 πρόσωπα,
685 4120 779 4173 καὶ
802 4108 1339 4193 ’προσεταιριζόμενοι
1361 4124 1428 4176 τὰ
1454 4125 1651 4197 πλήθη,

116 4204 193 4259 διὰ
213 4207 302 4262 τοῦ
326 4210 423 4273 τὰς
448 4211 739 4280 ἐπιθυμίας
762 4212 869 4264 τῶν
904 4212 1201 4284 ἀνθρώπων
1229 4214 1487 4275 ἐκκαίειν,
1532 4218 1655 4280 τοὺς

120 4296 359 4355 ἀνωτάτω
401 4302 553 4366 θεοὺς
598 4306 821 4369 ἑαυτοὺς
860 4304 1259 4375 ὲπινομίζεσθαι
1297 4305 1587 4371 βούλονται.
1630 4326 1647 4357 ι

125 4386 363 4445 Τοσοῦτόν
388 4394 449 4446 τέ
472 4413 631 4465 φησιν
659 4398 853 4460 αὐτοὺς
894 4396 1127 4467 ἰσχῦσαι,
1159 4397 1232 4459 ὡς
1260 4399 1530 4468 ἀπατῆσαι
1563 4400 1654 4451 καὶ

118 4480 228 4540 τοὺς
252 4483 588 4548 σοφωτάτους
616 4486 720 4539 τῶν
765 4488 1025 4557 Ἑλλήνων
1065 4488 1287 4558 ποιητὰς
1321 4488 1412 4539 καὶ
1446 4488 1653 4555 φιλοσό-

119 4582 255 4633 φους,
284 4570 376 4633 οὓς
419 4574 511 4626 καὶ
542 4576 790 4643 ὁμολογεῖ
839 4577 935 4646 τῆς
978 4576 1069 4629 τοῦ
1105 4576 1337 4646 πλήθους
1372 4578 1649 4644 γεγονέναι

1763 672 1990 726 nostrae,
2045 672 2207 733 atque
2257 664 2521 717 intricatis
2569 665 2957 719 sceleratorum
3004 667 3310 722 daemonum

1761 752 1989 806 vinculis
2012 754 2281 821 impeditae
2314 754 2729 823 constrictaeque
2759 757 3112 813 solverentur.
3137 758 3314 823 Quare

1762 859 1892 907 nos,
1955 854 2143 914 utpote
2189 846 2282 913 qui
2322 855 2373 899 et
2427 847 2623 900 mentis
2670 848 2857 901 oculos
2904 848 3014 915 jam
3063 850 3315 904 salutaris

1760 935 2018 989 doctrinae
2051 937 2217 991 radiis
2247 939 2590 991 collustratos
2617 936 2931 1002 habeamus,
2958 950 3011 994 et
3041 941 3105 993 ad
3136 957 3313 995 veram

1762 1027 2050 1096 aliquando
2066 1031 2496 1098 temperantiam,
2528 1030 2861 1102 religionem,
2888 1031 3317 1102 sapientiamque

1764 1119 2014 1183 traducti,
2066 1121 2418 1189 omniumque
2472 1122 2738 1177 malorum
2781 1123 3072 1177 acerbitate
3104 1124 3313 1177 liberati

1762 1209 1960 1272 simus,
2013 1211 2132 1264 istis
2174 1226 2474 1280 nunquam,
2515 1212 2713 1281 quibus
2761 1212 3093 1266 divinitatem
3130 1225 3315 1280 gentes

1762 1300 2036 1363 aﬂinxere,
2086 1303 2287 1371 quique
2344 1318 2442 1357 nos
2479 1305 2639 1357 etiam
2692 1314 2847 1357 antea
2894 1306 3175 1373 tyrannide
3218 1324 3313 1359 sua

1763 1406 2056 1459 oppressos
2086 1394 2362 1458 tenebant,
2416 1410 2590 1461 neque
2617 1393 2942 1447 sacriﬁcium
2976 1393 3235 1448 faciemus
3262 1398 3312 1446 in

1764 1492 2059 1551 posterum,
2109 1500 2282 1554 neque
2322 1486 2617 1539 serviemus
2653 1503 2663 1538 :
2698 1487 2789 1538 sed
2824 1487 3040 1554 propius
3100 1489 3314 1539 tandem

1764 1575 1830 1628 ad
1867 1577 2042 1630 solum
2072 1593 2367 1647 verumque
2399 1576 2565 1629 Deum
2586 1617 2599 1639 ,
2640 1574 2943 1631 Servatoris
2976 1579 3145 1632 nostri
3181 1594 3317 1647 pra:-

1762 1670 1950 1737 ceptis,
1983 1670 2062 1723 sic
2091 1650 2346 1739 tanquam
2379 1684 2540 1721 manu
2579 1669 2811 1728 deducti,
2850 1667 3034 1728 Deum,
3072 1670 3315 1738 inquam,

1762 1758 1934 1824 illum,
1988 1759 2150 1828 hujus
2201 1762 2569 1815 universitatis
2618 1758 2900 1813 Dominum
2947 1760 3105 1813 simul
3155 1770 3317 1828 atque

1762 1848 2066 1913 nutritium,
2104 1848 2259 1915 cujus
2298 1848 2630 1916 providentia
2666 1864 2730 1900 ac
2770 1847 3094 1917 benignitate
3134 1863 3314 1900 rerum

1764 1936 1911 1989 salus
1954 1938 2194 1989 omnium
2238 1936 2575 1997 continetur,
2620 1936 2821 2005 quique
2861 1951 2953 1990 cas
2996 1945 3053 1988 ut
3096 1936 3315 1989 molitus

1764 2040 1905 2078 unus
1953 2034 2114 2094 atque
2160 2025 2543 2080 architectatus
2586 2034 2687 2090 est,
2735 2027 2814 2079 sic
2854 2026 3068 2079 easdem
3102 2043 3315 2080 summo

1763 2114 2017 2183 deinceps
2052 2116 2187 2185 regit
2216 2117 2444 2185 imperio
2467 2158 2480 2180 ,
2508 2132 2671 2168 unum
2701 2131 2824 2169 eum
2858 2131 3073 2185 quoque
3101 2132 3317 2170 veruin—

1763 2220 1870 2274 que
1916 2206 2080 2259 Deum
2114 2222 2235 2261 esse
2260 2208 2563 2263 credemus.
2596 2206 2686 2260 uni
2718 2205 2897 2274 justos
2942 2207 3174 2260 honores
3222 2210 3317 2259 tri-

1763 2296 2012 2361 buemus,
2032 2312 2197 2349 unum
2220 2312 2375 2349 sacro
2396 2298 2541 2350 cultu
2566 2298 2819 2365 omnique
2845 2297 3118 2366 religionis
3144 2298 3317 2351 olTicio

1762 2399 2177 2452 prosequemur,
2203 2386 2363 2452 idque
2388 2400 2492 2437 non
2510 2385 2622 2453 jam
2655 2386 2957 2439 daemonum
2983 2387 3111 2449 ritu,
3139 2387 3229 2440 sed
3253 2402 3317 2439 co

1760 2482 1992 2538 tantum,
2011 2490 2169 2544 quem
2206 2492 2303 2530 nos
2320 2476 2623 2544 evangelica
2644 2492 2775 2530 voce
2802 2477 3000 2531 missus
3028 2478 3095 2531 ab
3128 2480 3316 2531 eodem

1763 2564 1983 2617 humani
2011 2566 2222 2634 generis
2246 2574 2483 2618 assertor
2516 2566 2748 2620 edocuit.
2776 2570 2949 2637 Atque
2988 2570 3091 2625 hoc
3121 2587 3318 2641 genere

1763 2656 1981 2724 pietatis
1997 2658 2217 2721 exculti,
2247 2668 2452 2710 tantum
2484 2658 2673 2722 aberit,
2713 2669 2770 2713 ut
2809 2661 3172 2729 improborum
3208 2663 3318 2716 die-

1765 2765 1982 2801 monum
2016 2761 2159 2801 metu
2193 2758 2524 2811 terreamur,
2566 2760 2621 2801 ut
2661 2766 2753 2804 eos
2786 2754 2964 2820 potius
3014 2754 3317 2824 integritate

1764 2837 1979 2898 mentis,
2026 2853 2234 2890 morum
2271 2839 2607 2899 innocentia,
2653 2842 2755 2893 vita
2790 2842 3021 2911 denique
3063 2846 3314 2907 castiore.

1763 2940 1925 2997 atque
1960 2930 2025 2982 ad
2062 2945 2277 2982 omnem
2312 2930 2560 2982 virtutem
2600 2928 2902 2986 Servatoris
2957 2935 3127 2987 nostri
3174 2950 3314 3004 prie-

1763 3021 1933 3088 Ceptis
1956 3022 2200 3075 instituta
2234 3022 2419 3090 procul
2460 3022 2738 3092 abiganins
2769 3034 2929 3094 atque
2960 3028 3310 3095 expellamus.

1763 3111 1871 3166 Illis
1918 3114 2062 3166 enim
2100 3108 2171 3167 ad
2214 3128 2380 3181 puros
2424 3115 2774 3185 sincerosque
2821 3118 3056 3181 animos,
3103 3131 3317 3187 propter

1764 3202 2257 3257 dissimilitudinem
2314 3203 2515 3256 aditum
2582 3214 2762 3272 patere
2820 3207 3056 3271 nullum,
3110 3210 3317 3277 profani

1763 3293 1924 3346 etiam
1951 3294 2185 3346 hominis
2212 3294 2553 3349 confessione
2591 3295 2776 3362 liquet.
2812 3296 2954 3351 Nihil
2986 3299 3145 3352 etiam
3175 3301 3316 3353 divi-

1763 3383 2001 3445 natione,
2032 3384 2323 3439 dearumve
2356 3386 2629 3453 responsis
2660 3385 3038 3455 indigebimus,
3070 3405 3165 3441 nec
3199 3393 3315 3443 ani-

1764 3474 2027 3531 mantium
2078 3485 2199 3529 exta
2246 3476 2585 3541 rimabimur,
2630 3492 2727 3530 nec
2762 3476 2830 3530 ad
2865 3491 3053 3531 eorum
3095 3483 3315 3534 omnino

1762 3567 2081 3636 quidquam,
2115 3583 2235 3635 quae
2281 3569 2531 3622 sensibus
2565 3568 2869 3623 daemonum
2901 3582 3015 3625 arte
3045 3572 3217 3626 solent
3254 3592 3316 3628 ac

1760 3659 2047 3727 prastigiis
2072 3658 2313 3722 illudere,
2341 3662 2612 3715 curiosius
2630 3662 2987 3716 attendemus.
3015 3661 3146 3717 Nam
3174 3682 3317 3739 quo-

1760 3764 1880 3802 rum
1910 3764 2072 3804 causa
2106 3764 2273 3819 genus
2299 3752 2400 3805 hoc
2424 3767 2603 3805 rerum
2631 3753 2824 3821 vulgus
2860 3754 3141 3809 hominum
3167 3767 3315 3810 tanto

1760 3840 1938 3893 studio
1959 3849 2325 3904 consectatur,
2356 3843 2423 3895 ab
2452 3842 2517 3897 iis
2552 3844 2698 3895 omni
2732 3859 2863 3897 cura
2900 3853 2954 3898 et
2995 3846 3159 3901 animi
3185 3863 3312 3917 pro-

1757 3928 1967 3982 visione
2021 3929 2399 3984 abstinenduin
2444 3933 2598 3985 nobis
2641 3948 2705 3986 ac
2749 3933 3059 4003 fugiendum
3110 3935 3311 3991 Christi

1758 4020 2004 4075 doctrina
2034 4022 2301 4091 praecipit;
2356 4023 2436 4077 sic
2482 4024 2547 4077 ad
2574 4040 2634 4076 ea
2665 4033 2869 4077 tantum
2901 4028 3190 4094 expetenda
3220 4045 3311 4083 en-

1759 4112 2027 4177 hortatur,
2072 4128 2305 4181 quorum
2360 4114 2493 4168 certi
2551 4115 2707 4183 plane
2756 4117 2975 4185 verique
3037 4119 3169 4172 nihil
3212 4137 3311 4176 nec

1759 4204 2064 4257 divinorum
2104 4206 2267 4268 natio,
2294 4219 2393 4258 nec
2424 4206 2735 4259 animalium
2770 4217 2891 4260 exta
2918 4209 3153 4264 indicare
3187 4227 3315 4281 pos-

1760 4298 1865 4352 sint
1901 4316 1912 4349 :
1947 4300 2037 4353 sed
2078 4315 2243 4353 unum
2279 4300 2407 4354 illud
2451 4299 2541 4353 Dei
2578 4298 2832 4365 Verbum,
2871 4303 3016 4371 quod
3066 4305 3119 4357 in
3171 4308 3312 4359 veris

1758 4404 1969 4458 eorum,
1998 4392 2089 4461 qui
2110 4403 2323 4461 propter
2348 4408 2615 4446 summam
2640 4395 2803 4447 animi
2826 4396 3107 4462 puritatem
3136 4397 3306 4466 ipsum

1760 4498 1951 4552 capere
1982 4484 2208 4538 interius
2231 4486 2620 4554 complectique
2646 4494 2887 4555 possunt,
2923 4488 3219 4541 visceribus
3249 4505 3310 4541 ac

1764 4576 2072 4643 praecordiis
2105 4576 2327 4629 habitat.
2360 4575 2433 4629 De
2464 4578 2661 4645 quibus
2697 4578 2749 4629 in
2796 4580 2965 4631 sacris
3008 4580 3197 4631 litteris
3233 4582 3309 4631 sic

115 4655 429 4731 διαστροφῆς
456 4640 685 4727 αἰτίους·
717 4640 800 4719 δτι
826 4640 1034 4737 vel“)
1066 4669 1121 4733 ἐξ
1147 4640 1321 4720 αότῶν
1356 4640 1501 4721 πᾶσα
1534 4685 1655 4739 γοηρ

1759 4640 1951 4718 alicubi
1978 4663 2237 4731 loquitur,
2260 4684 2278 4713 ι
2300 4640 2616 4719 1ιιιιοὺί-ιοὺο
2651 4665 2701 4717 in
2724 4667 2845 4724 illis,
2875 4674 2927 4717 et
2963 4666 3307 4719 inanibnlaho

116 4748 223 4801 τεία
249 4752 495 4823 συνέστη,
526 4755 621 4807 καὶ
651 4755 718 4807 τὰ
745 4757 878 4827 πρὸς
906 4758 1093 4828 ἡδονὴν
1135 4758 1439 4829 ἀνθρώποις
1460 4759 1527 4810 δι’
1552 4761 1650 4811 αὑ-

178 4884 284 4964 μθ)
314 4878 650 4964 Οὑχμῇε-Ιιο
693 4892 1035 4958 reposuimus
1079 4911 1143 4947 ex
1176 4894 1344 4948 altero
1384 4910 1650 4959 manusc.,

118 4956 768 5074 cgilconsentit'MontacJ
791 4976 911 5013 cum
939 4972 1061 5015 ante
1091 4979 1365 5033 perperam
1390 4956 1653 5035 legeretur

118 5035 143 5071 ο
175 5039 202 5074 γ
230 5062 241 5074 .
1282 5042 1283 5045 “

118 5035 284 5163 οοῖῗς)
324 5099 604 5175 ’ᾼπνείαᾳ
640 5097 1307 5175 Faciliserateinendatio,
1339 5118 1435 5172 pro
1472 5105 1651 5175 ἀγνοί-

118 5174 177 5223 ας
202 5200 217 5226 ,
242 5170 379 5231 quod
411 5168 569 5221 habet
597 5177 748 5222 vetus
771 5169 953 5222 editio.

178 5248 281 5329 (4;)
339 5258 666 5329 Ενςοικηονω.
728 5258 925 5310 Locum
966 5256 1107 5329 hunc
1140 5259 1303 5313 sumit
1335 5261 1644 5329 Apostolus,

118 5323 296 5439 partim
320 5339 382 5377 ex
410 5322 666 5385 Leviticn,
700 5329 891 5393 partim
932 5343 996 5379 ex
1046 5327 1317 5382 Ezechiele
1365 5322 1643 5398 propheta.

163 5403 239 5439 3m
269 5391 433 5439 Lavit-
462 5409 610 5439 τινι-
736 5410 748 5439 2
781 5394 978 5439 Pnnnm
1030 5397 1201 5439 innuit
1255 5399 1642 5439 lnhprnnrnlnnn

163 5403 239 5442 am
268 5391 433 5446 Levit.
462 5409 611 5454 xxvi,
645 5391 748 5445 if:
778 5394 999 5457 Portam,
1030 5397 1220 5464 inquit,
1255 5391 1645 5452 tabernaculum

119 5471 275 5539 Ineunt
300 5464 354 5514 in
379 5464 547 5539 medio
576 5464 748 5515 vestri.
794 5464 1067 5539 septuag,
1116 5468 1297 5539 87'};in
1318 5468 1413 5537 τὴν
1446 5473 1645 5539 σκηνήν

125 5542 213 5608 μου
261 5531 319 5608 ἐν
370 5534 517 5608 ὑμῖν,
574 5546 671 5608 pro
702 5548 809 5608 quo
846 5531 1067 5608 brevins
1106 5546 1157 5608 et.
1182 5531 1643 5608 ’Ἑλληνικώτερον

120 5595 322 5661 Λνοςιοι
350 5629 365 5654 ν
398 5602 688 5669 Ἐνοικήσω
712 5595 772 5653 ἓν
799 5604 995 5667 αὐτοῖς,
1028 5606 1315 5657 Ambulabo
1344 5595 1488 5658 inter
1532 5595 1639 5669 υόε,

121 5670 425 5743 ιίσνορεαι
452 5680 634 5731 vester,
659 5685 841 5743 uosque
879 5676 1025 5727 eritis
1056 5675 1272 5743 populus
1310 5692 1470 5727 meus.
1512 5676 1641 5741 Quae

124 5745 230 5810 quin
276 5739 614 5810 litteratenus
640 5740 721 5810 _d_e
772 5739 1129 5798 tabernaculo
1172 5744 1385 5797 fmderis
1424 5761 1487 5799 eo
1525 5739 1640 5799 loco

122 5798 429 5878 dicerentur,
459 5804 721 5878 Ezechiel.
752 5826 953 5871 xxxv",
984 5812 1072 5876 27,
1108 5814 1173 5867 ad
1217 5813 1412 5867 Christi
1462 5798 1639 5868 Eccle-

125 5875 250 5929 siam
270 5878 553 5946 allegorice
586 5875 847 5935 referens.
882 5881 970 5931 ubi
1014 5882 1078 5935 de
1114 5896 1221 5936 uno
1257 5898 1380 5952 rege
1422 5882 1638 5941 Christo

388 5969 661 6031 ΡΑτιοι..
717 5969 835 6033 Gn.
869 5972 1034 6033 XXI.

1757 4758 1895 4811 inter
1930 4770 2024 4809 eos
2056 4770 2070 4806 :
2107 4764 2161 4809 et
2188 4770 2281 4809 ero
2308 4756 2522 4811 illorum
2558 4755 2717 4819 Deus,
2754 4766 2807 4807 et
2846 4755 2944 4822 ipsi
2989 4764 3145 4806 erunt
3176 4758 3303 4806 mihi

1753 4892 1921 4945 multa
1970 4888 2273 4958 premisit:
2332 4887 2401 4941 Et
2451 4888 2589 4958 erit,
2644 4887 2857 4958 inquit,
2911 4886 3303 4939 tabernaculum

1752 4977 1922 5014 meum
1951 4956 2003 5009 in
2033 4960 2140 5020 eis;
2163 4968 2211 5009 et
2244 4974 2331 5009 ero
2363 4959 2435 5009 eis
2468 4956 2623 5017 Deus,
2657 4966 2705 5006 et
2739 4956 2838 5021 ipsi
2864 4965 3015 5006 erunt
3049 4960 3175 5009 mihi
3215 4976 3305 5023 pn-

1750 5032 1926 5099 pulus.
1961 5027 2057 5081 Ubi
2092 5026 2777 5099 notandumobiter,‘qnod
2806 5028 2857 5099 in
2882 5023 3066 5099 iacvit.
3098 5029 3301 5079 dictum

1752 5094 1883 5159 erat.
1911 5108 2149 5162 0331111,
2182 5098 2237 5148 in
2274 5097 2441 5150 medio
2474 5096 2657 5157 vestri;
2701 5094 2841 5161 apud
2880 5095 3145 5149 Ezechiel.
3197 5100 3300 5147 (llt‘l

1748 5175 1952 5253 εἶβεν,
1983 5186 2133 5255 quod.
2160 5187 2372 5255 proprie
2399 5194 2499 5248 est,
2535 5201 2689 5249 super
2716 5184 2837 5237 illos
2868 5202 2885 5236 :
2912 5187 3065 5248 quasi
3105 5201 3297 5236 novum

1749 5261 2017 5328 quoddam
2044 5266 2095 5309 et
2139 5258 2414 5328 singulare
2462 5258 2665 5328 tegendi
2697 5256 2859 5308 simul
2914 5266 2966 5306 et
3017 5256 3298 5328 habitandi

1783 5345 1917 5383 enus
1942 5323 2440 5390 signiticare‘ve'let.
2481 5325 2553 5378 Ita
2590 5326 2789 5378 Paulus
2835 5329 2975 5377 hunc
3016 5323 3188 5374 locum
3234 5334 3299 5375 ah

1783 5347 1917 5383 enus
1942 5347 2245 5390 SIRIIIIICJFC
2269 5347 2440 5378 VC‘ICI.
2482 5347 2553 5378 Ita
2590 5347 2789 5378 ramus
2835 5347 2975 5377 IIUUC
3016 5347 3152 5374 IUCIII

1747 5347 1969 5451 ﬁistoria
2002 5392 2159 5446 simul
2187 5403 2239 5447 et
2268 5397 2519 5463 allegoria
2558 5396 2832 5448 transtulit
2856 5394 2919 5444 ad
2958 5407 3154 5463 mores.

1820 5468 1927 5535 (45)
1958 5461 2505 5535 Χαρακτᾚρίζογτας.
2544 5466 2762 5518 Videtur
2792 5461 3017 5513 a-ldend.
3053 5462 3295 5535 ἑαυτούς.

1745 5532 1875 5589 Nam
1922 5534 2057 5587 infra
2102 5536 2352 5603 dicuntur
2393 5550 2419 5586 a
2458 5536 2773 5603 Porphyrii),
2807 5532 3301 5602 χαρακτηρίζουσαι

1742 5608 1803 5658 τὸ
1834 5606 2045 5673 πνεῦμα
2065 5602 2243 5654 αὐτῶν
2267 5602 2575 5674 αι’μορφαίζ
2622 5602 2778 5657 Forle
2815 5606 2974 5674 etiam
3008 5616 3116 5674 pro
3149 5604 3289 5674 ὲντυο

1747 5672 2040 5745 πουμένους
2068 5675 2164 5745 legi
2200 5676 2390 5729 debeat
2410 5672 2859 5743 ἐκτυπουμένους,
2888 5673 3011 5735 quia
3040 5672 3176 5723 infra
3205 5673 3303 5722 lia-

1743 5743 1897 5798 bettir
1922 5748 2047 5797 ὲκτυ
2058 5743 2339 5810 πούμεναι.

1814 5815 1926 5883 (ιι)
1957 5816 2071 5867 Ὅτι
2096 5829 2176 5878 γε.
2219 5810 2407 5867 Scribe
2440 5815 2519 5866 δτι
2552 5830 2609 5865 τε
2656 5811 2871 5873 melius,
2894 5822 2949 5862 ut
2978 5812 3137 5879 paulo
3158 5816 3302 5878 poet,

1742 5885 1885 5945 ὅπως
1910 5901 1990 5938 τε.

2882 5978 2954 6036 10
