4044 6334
805 489 916 553 303

1465 490 1726 548 EUSEBII
1764 489 2235 547 cassamwsrs
2266 491 2414 546 OPP.
2459 492 2634 548 PARS
2668 491 2731 547 11.
2772 515 2837 532 --—
2879 492 3350 549 APOLOGETICA

3887 495 3960 548 30$

809 611 1026 682 quidem
1051 617 1209 666 esset.
1248 603 1425 675 Quare
1454 608 1559 662 vim
1605 606 1784 670 istam,
1812 618 1970 676 atque
1997 611 2094 662 has
2125 606 2352 662 nocendi

2383 615 2424 670 Α
2452 608 2776 677 δυναμοῦται
2822 612 2941 671 ταῖς
2976 611 3039 661 ὲκ
3088 607 3195 660 τῶν
3237 607 3479 677 αἱμάτων
3522 607 3620 661 καὶ
3656 606 3858 676 σαρκῶν
3893 609 3958 665 θυ-

811 710 1040 772 partesa
1067 699 1308 770 benignis
1336 714 1398 754 ac
1427 697 1680 753 beneficis
1712 698 2047 752 daemonibus
2082 713 2353 752 removere

2456 702 2593 763 σίαις
2628 701 2756 769 (60).
2800 720 2817 751 ι
2851 701 2948 752 Διὰ
2987 701 3048 771 δὴ
3088 700 3287 752 τούτων
3329 699 3649 770 ἀκηκόαμεν
3691 699 3956 768 ὁμολογούν-

811 789 1033 846 om'nino
1061 791 1232 845 decet.
1265 789 1418 855 Quod
1451 789 1597 844 enim
1635 788 1699 842 ad
1727 787 2027 841 nocendum
2064 795 2171 841 tam
2205 804 2232 840 a
2260 803 2354 841 na-

813 893 952 946 tura,
998 897 1159 951 quam
1201 896 1229 933 a
1267 880 1544 935 voluntate
1574 886 1942 947 comparatum
1992 879 2089 940 sit,
2132 879 2183 931 id
2227 893 2350 931 cum

813 972 1050 1025 beneﬁce
1104 984 1341 1040 pugnare
1402 982 1621 1022 necesse
1669 973 1752 1020 est
1785 983 1798 1016 :
1828 967 2116 1020 contrariis
2169 975 2350 1020 autem

812 1061 1279 1133 pugnantibusque
1307 1060 1469 1115 rebus
1491 1059 1635 1113 nulla
1665 1073 1785 1114 esse
1813 1066 1986 1128 potest
2011 1060 2152 1113 circa
2184 1075 2351 1114 unum

812 1154 1057 1221 idemque
1094 1150 1401 1208 consensio.
1439 1168 1456 1200 ι
1501 1147 1566 1202 Et
1591 1164 1801 1204 rursus.
1839 1168 1855 1199 ι
1897 1149 2240 1213 lnfestorum,
2270 1150 2353 1202 in-

811 1246 946 1312 quit,
997 1243 1298 1298 damonum
1321 1242 1528 1296 artibus
1568 1256 1735 1311 genus
1777 1257 1933 1294 omne
1961 1242 2350 1311 praestigiarum

811 1333 1074 1387 efﬁcitur:
1113 1331 1341 1398 illosque
1370 1340 1670 1400 propterea,
1706 1331 2025 1400 illorumque
2055 1332 2350 1401 principem

816 1423 1042 1477 malefici
1080 1423 1325 1476 homines
1344 1422 1572 1475 maxime
1595 1432 1932 1476 venerantur.
1955 1422 2160 1491 Quippe
2188 1423 2353 1477 abun-

808 1516 938 1568 dant
967 1515 1108 1569 enim
1162 1513 1251 1568 isti
1299 1513 1454 1567 vanis
1490 1512 1735 1581 ﬁctisque
1769 1529 1947 1566 rerum
2010 1515 2349 1584 imaginibus,

808 1608 1090 1676 eoque'ad
1136 1605 1538 1660 eoncinnandas
1569 1606 1918 1661 insolentibus
1947 1609 2212 1661 machinis
2255 1608 2354 1661 fal-

810 1701 976 1754 lacias
1016 1699 1277 1767 aptissimi
1311 1705 1458 1752 sunt.
1491 1696 1693 1752 Horum
1725 1698 1886 1767 igitur
1911 1713 2095 1766 opera,
2145 1708 2354 1752 amato-

808 1794 922 1847 rias
962 1791 1243 1845 illecebras
1272 1787 1462 1842 nefarii
1502 1787 1774 1842 da'mones
1801 1789 2095 1843 moliuntur
2122 1807 2134 1842 :
2169 1806 2196 1842 a
2229 1791 2346 1857 qui-

810 1885 911 1938 bus
957 1883 1162 1935 scilicet
1194 1895 1315 1935 cum
1352 1880 1664 1948 impotentia
1721 1879 2073 1948 voluptatum,
2124 1895 2353 1949 spesque

807 1974 1112 2027 divitiarum
1152 1983 1205 2027 et
1247 1972 1431 2042 gloria:
1472 1970 1850 2040 proficiscitur,
1900 1977 2012 2024 tum
2061 1971 2114 2024 in
2163 1972 2353 2040 primis

807 2063 914 2115 doli
939 2061 1250 2129 fraudisque
1281 2058 1457 2114 omnis
1483 2057 1792 2112 artiﬁcium.
1828 2057 2028 2112 Horum
2053 2059 2194 2113 enim
2224 2075 2351 2129 pro-

2452 807 2576 851 των,
2602 791 2680 841 ὅτι
2717 789 2789 860 μὴ
2835 789 2991 859 μόνον
3017 790 3064 840 οἱ
3097 789 3221 859 παρ’
3248 787 3465 857 Ἕλλησι
3497 787 3724 856 ποιηταὶΙ
3758 789 3958 857 πριοσεξέ.

2452 899 2655 935 καυσαν
2680 881 2777 944 τὰς
2810 881 3100 951 ὑπολήψεις
3147 880 3252 933 τῶν
3281 879 3597 949 ἀνθρώπων,
3627 879 3728 941 τὰς
3754 881 3862 950 περὶ
3884 884 3954 933 τῶν

2452 968 2666 1037 φαύλων
2689 968 2954 1036 δαιμόνων
2983 965 3055 1031 ὠς
3081 969 3207 1039 περὶ
3224 968 3356 1020 Θεῶν
3386 969 3476 1020 καὶ
3505 966 3874 1035 ἀγαθῶν,ὰλλὰ
3895 973 3953 1022 καὶ

2452 1059 2556 1111 τῶν
2584 1062 2640 1110 ὲν
2668 1059 2947 1130 φιλοσοφίᾳ
2968 1059 3342 1130 διατριϐόντων
3356 1058 3405 1110 ot
3421 1075 3484 1110 πε
3493 1055 3544 1128 pl
3561 1058 3722 1122 θεοὺς
3736 1058 3951 1125 δοκοῦντες

2453 1151 2746 1213 σπουδαίως
2791 1152 2951 1221 ἔχειν.
2984 1152 3030 1202 οἳ
3077 1153 3170 1204 καὶ
3200 1152 3349 1202 αὐτοὶ
3375 1151 3436 1201 οὐ
3471 1150 3650 1212 θεοὺς,
3684 1149 3811 1203 ἀλλὰ
3842 1169 3949 1220 ποίη.

2454 1241 2578 1310 pob;
2617 1239 2873 1309 δαίμονας
2915 1241 3278 1310 περιέποντες,
3320 1239 3386 1292 τὰ
3433 1238 3616 1309 πλήθη
3652 1235 3746 1292 καὶ
3771 1243 3871 1303 τοὺς
3887 1241 3942 1308 δή·

2454 1350 2585 1402 μους
2611 1335 2689 1395 είς
2717 1333 2814 1402 τὴν
2844 1331 3042 1384 οἰκείαν
3086 1333 3286 1401 πλάνην
3313 1331 3756 1403 ὲξετραχήλισαν.
3795 1333 3936 1403 Ὠμῡὶόα

2451 1441 2583 1494 γησε
2615 1424 2740 1492 γοῦν
2770 1423 2952 1492 σαφῶς
2983 1425 3010 1476 ὁ
3038 1423 3210 1490 λόγος,
3240 1425 3312 1486 ὼς
3343 1423 3448 1494 ἄρα
3482 1423 3638 1493 παρὰ
3664 1422 3770 1476 τῶν
3796 1422 3925 1476 domis

2450 1531 2555 1567 των
2596 1513 2772 1580 σοφῶν
2809 1513 3068 1566 ἀκούοντα
3107 1513 3233 1584 περὶ
3272 1512 3407 1566 θεῶν
3437 1512 3506 1565 τὰ
3534 1513 3716 1583 πλήθη
3751 1512 3934 1580 dducam

2450 1610 2569 1668 ταῖς
2601 1605 2776 1657 αὐτῶν
2809 1603 3005 1668 δόξαις,
3043 1604 3361 1676 ἐπερρώσθη
3405 1607 3624 1675 φρονεῖν
3669 1606 3747 1656 ἔτι
3788 1606 3938 1675 (didm.

2453 1698 2527 1759 ὡς
2565 1697 2692 1767 περὶ
2725 1697 2880 1759 θεῶν,
2920 1698 3045 1766 περὶ
3094 1698 3198 1750 τῶν
3237 1697 3523 1769 μοχθηρῶν
3567 1697 3840 1767 δαιμόνων.
3875 1700 3941 1749 Καὶ

2452 1788 2620 1840 ταῦτα
2644 1789 2740 1840 οὐκ
2769 1788 2827 1852 ἐξ
2854 1789 3005 1859 ἡμῶν
3033 1793 3433 1860 κατηγορεῖται,
3462 1789 3573 1841 ἀλλ’
3603 1790 3694 1842 ὑπ’
3712 1791 3942 1843 αὐτῶντῶν

2454 1878 2813 1949 ἀκριῦέστατα
2835 1877 2902 1930 τὰ
2923 1881 3093 1931 οίκεῐα
3120 1879 3312 1950 μᾶλλον
3345 1879 3376 1948 ἦ
3410 1882 3570 1949 ἡμεῖς
3597 1879 3816 1931 εἰδότων.
3839 1884 3885 1932 '0
3905 1879 3942 1947 γέ

2383 1952 2427 2010 Β
2454 1985 2533 2021 τοι
2579 1970 2738 2032 αὐτὸς
2784 1973 3144 2040 συγγραφεὺς,
3191 1972 3250 2023 οὐ
3298 1971 3590 2040 παρέργως
3639 1971 3868 2041 ὁμιλήσας
3903 1973 3941 2042 τῇ

2455 2062 2578 2123 τοὺς
2595 2060 2816 2123 πολλοὺς
2836 2060 3164 2132 λανθανούσῃ
3192 2061 3602 2132 δεισιδαιμονίᾳ,
3621 2063 3748 2132 φησὶ
3764 2063 3863 2126 τοὺς
3884 2077 3942 2113 τι·

809 2155 982 2222 prium
1008 2153 1348 2207 mendacium
1381 2159 1486 2216 est,
1520 2165 1645 2204 curn
1679 2158 1734 2204 et
1763 2165 1954 2205 omnes
2008 2152 2082 2204 dii
2110 2167 2232 2206 esse
2263 2168 2353 2206 ve-

2457 2153 2652 2223 νηροὺς
2675 2151 2926 2222 δαίμονας
2957 2150 3232 2220 βούλεσθαι
3274 2147 3409 2204 εἶναι
3447 2150 3629 2216 Θεοὺς,
3671 2152 3756 2204 καὶ
3790 2150 3942 2217 ἀγαθῶν

808 2246 928 2306 lint,
943 2252 995 2298 et
1019 2245 1264 2313 princeps
1284 2256 1469 2296 eorum
1493 2240 1665 2294 virtus
1680 2243 1874 2296 summi
1897 2241 2144 2298 Numinis
2164 2243 2350 2298 existi-

2455 2242 2611 2306 δόξαν
2661 2242 2798 2312 ἔχειν
2830 2241 2977 2310 παρὰ
3040 2241 3359 2313 ἀνθρώποις,
3405 2243 3439 2312 ἡ
3466 2259 3528 2295 τε
3559 2239 3939 2314 προεστῶσσαΗ

808 2335 1099 2388 mationem
1133 2332 1359 2388 aﬂ‘ectet.
1391 2329 1467 2384 llli
1504 2330 1779 2386 enimvero
1810 2339 1958 2395 sunt,
1994 2333 2087 2402 qui
2117 2339 2170 2386 ct
2213 2332 2350 2386 liba-

2455 2332 2633 2384 αὐτῶν
2657 2333 2880 2402 δύναμις
2913 2334 3084 2386 δοκεῖν
3119 2333 3252 2398 Θεὸς
3279 2331 3418 2387 εἶναι
3448 2339 3476 2389 ὁ
3507 2335 3775 2406 μέγιστος.

807 2425 1044 2479 tionibus
1074 2432 1129 2480 et
1165 2424 1353 2480 nidore
1396 2426 1634 2480 carnium
1681 2425 2034 2489 delectantur,
2067 2439 2176 2493 quo
2204 2431 2433 2494 utroque
2469 2424 2755 2492 spirituum
2813 2441 3208 2496 corporumque
3267 2443 3435 2496 genus
3495 2428 3786 2496 saginatur.
3820 2422 3936 2475 Vitam

807 2523 950 2576 enim
1004 2530 1063 2575 ut
1117 2523 1406 2590 vaporibus
1453 2521 1997 2589 exhalationihusque
2048 2526 2351 2583 sustentat,
2413 2519 2574 2589 idque
2614 2521 2774 2574 modo
2803 2535 2903 2590 pro
2927 2537 3112 2575 eorum
3143 2521 3452 2576 diversitate
3477 2523 3716 2583 diverso,
3746 2522 3807 2574 ita
3844 2519 3936 2569 vires

807 2615 1084 2685 sanguinis
1119 2615 1470 2686 carniumque
1513 2615 1699 2670 nidore
1739 2615 2040 2669 confirmat.
2067 2635 2085 2666 ι
2124 2613 2213 2669 Sic
2233 2613 2395 2684 igitur
2432 2614 2564 2669 istos
2596 2615 2826 2684 ingenue
2853 2616 3169 2671 confitentes
3220 2617 3559 2683 audivimus,
3589 2626 3854 2686 praeceptas
3878 2613 3934 2665 ho-

807 2705 1011 2758 minum
1037 2704 1104 2758 de
1141 2706 1397 2775 improbis
1440 2705 1796 2768 daemonibus,
1835 2704 2054 2773 perinde
2104 2719 2167 2757 ac
2197 2704 2243 2757 si
2275 2705 2350 2758 dii
2388 2704 2621 2773 bonique
2646 2704 2840 2768 forent,
2863 2706 3145 2776 opiniones
3176 2707 3551 2762 vehementius
3580 2723 3688 2761 non
3737 2721 3762 2759 a
3796 2703 3933 2759 Grecis

809 2795 970 2849 modo
1011 2798 1186 2864 poetis
1224 2811 1479 2851 accensas
1520 2795 1706 2860 fuisse,
1741 2812 1926 2850 verum
1985 2797 2145 2849 etiam
2194 2796 2261 2849 ab
2290 2797 2358 2851 iis
2394 2799 2487 2865 qui
2532 2797 2880 2866 philosophia:
2906 2800 3078 2853 studia
3108 2799 3358 2869 professi,
3400 2802 3645 2870 aequiore
3679 2815 3747 2864 .ac
3771 2811 3928 2868 pmpcn-

807 2885 949 2938 siore
968 2888 1235 2955 ergadeos
1252 2890 1430 2942 anima
1460 2888 1786 2952 viderentur,
1837 2896 2019 2958 utpote
2066 2889 2157 2956 qui
2201 2905 2307 2942 non
2346 2889 2449 2942 diis
2484 2891 2614 2960 ipsis
2642 2893 2875 2960 quoque,
2927 2893 3018 2947 sed
3048 2892 3306 2963 improbis
3360 2895 3700 2949 daemonibus
3747 2891 3923 2948 colendis,

808 2976 1135 3044 praecipitem
1167 2978 1220 3030 in
1252 2992 1489 3032 errorem
1521 2993 1678 3033 suum
1728 2980 2124 3033 multitudinem
2153 2982 2376 3049 egerint.
2415 2981 2568 3035 Enim
2602 2998 2730 3036 vero
2755 2984 2970 3039 disertis
3016 2983 3194 3041 verbis
3224 2985 3559 3057 Porphyrius
3595 2986 3794 3052 fatetur,
3829 2983 3916 3036 illam

807 3083 928 3122 cum
961 3069 1136 3134 exiis,
1173 3071 1262 3139 qui
1312 3071 1577 3140 sapientes
1609 3073 1962 3139 habebantur,
2007 3075 2423 3144 cogitationibus
2457 3078 2572 3132 suis
2610 3088 3001 3134 consentaneas
3022 3081 3415 3152 disputationes
3463 3080 3700 3147 audiret,
3733 3077 3911 3145 insaniit

810 3157 1032 3213 nefariis
1069 3161 1402 3217 damonibus
1440 3163 1519 3217 sic
1574 3172 1829 3234 tanquam
1864 3167 1930 3220 de
1962 3169 2065 3222 diis
2092 3171 2344 3238 opinione
2375 3173 2545 3242 magis
2571 3174 2624 3226 in
2657 3174 2776 3227 dies
2810 3174 3481 3244 magisqneoconﬁrmatam
3515 3190 3660 3232 esse.
3695 3177 3823 3242 Atque
3841 3169 3907 3222 hac

808 3264 914 3303 non
939 3253 1257 3307 auctoritate
1287 3270 1416 3308 sane
1441 3257 1850 3324 testimonioquc
1868 3267 2173 3313 nostrorum
2201 3272 2514 3331 arguuntur,
2539 3264 2630 3318 sed
2656 3266 2894 3333 ipsorum
2926 3267 3016 3335 qui
3036 3281 3122 3320 res
3148 3281 3276 3321 suas
3298 3268 3531 3335 penitus,
3557 3283 3623 3321 ac
3664 3267 3796 3334 longe
3815 3274 3912 3332 quam

810 3357 908 3397 nos
934 3345 1134 3400 certius
1164 3346 1602 3417 enucleatiusque
1635 3351 1993 3418 perviderant.
2040 3351 2316 3422 Siquidem
2348 3357 2436 3409 ille
2468 3357 2581 3425 ipse
2611 3359 2861 3428 scriptor,
2885 3359 2976 3427 qui
3004 3373 3110 3412 non
3145 3357 3505 3428 perfunctorie
3526 3376 3596 3415 ac
3621 3361 3788 3415 leviter
3814 3357 3921 3410 fuerat

808 3433 862 3486 in
889 3449 973 3494 ea.
1014 3450 1132 3503 qua
1166 3437 1355 3504 vulgus
1417 3437 1636 3502 latebat,
1698 3441 2077 3507 superstitione
2123 3453 2391 3508 versatus,
2426 3445 2701 3514 improbos
2737 3447 3007 3502 damones
3050 3450 3245 3503 asserit
3295 3450 3424 3506 deos
3471 3465 3596 3506 esse
3641 3452 3779 3512 velle,
3815 3448 3921 3501 bono-

809 3540 1038 3594 rumque
1061 3527 1199 3594 apnd
1232 3527 1476 3582 homines
1499 3529 1955 3585 existimationem
1987 3544 2272 3602 expetere;
2331 3549 2393 3590 ac
2426 3537 2676 3590 virtutem
2712 3551 2899 3591 eorum
2932 3540 3229 3608 principem
3257 3541 3477 3596 'summi
3509 3524 3756 3598 Numinis
3793 3540 3922 3593 [auita

811 3624 864 3672 et
897 3631 1089 3671 nomen
1123 3620 1345 3674 ambire.

886 3707 1043 3779 175
1080 3709 1334 3774 Quaenam
1395 3724 1555 3780 porro
1590 3711 1658 3764 sit
1712 3711 1878 3765 virtus
1939 3712 2025 3766 illa
2089 3715 2353 3786 princeps,

2387 3724 2430 3779 C
2531 3719 2625 3781 Τίς
2648 3736 2739 3772 ουν
2767 3721 2872 3792 ἄρα
2897 3723 2928 3792 ἡ
2953 3724 3267 3795 προεστῶσα
3290 3725 3466 3781 αὐτῶν
3488 3729 3738 3798 τυγχάνει
3755 3726 3925 3792 δύναμις,

813 3801 948 3856 idem
984 3803 1097 3870 ipse
1133 3802 1388 3863 declarat,
1425 3802 1787 3871 improborum
1811 3803 2113 3858 daemonum
2156 3808 2356 3875 princi-

811 3909 906 3961 pes
937 3893 1158 3962 Serapin
1203 3903 1358 3961 atque
1401 3892 1632 3947 Hecaten
1667 3909 1787 3948 esse
1824 3895 2024 3960 dicens,
2057 3912 2178 3950 cum
2205 3898 2355 3953 Beel-

815 3985 983 4037 zebud
1019 3984 1083 4038 iis
1108 3985 1356 4039 omnibus
1382 4000 1611 4054 praesse
1665 3983 1937 4055 Scriptura
1971 3988 2148 4041 divina
2192 3999 2354 4044 teste-

815 4078 922 4123 tur.
967 4073 1104 4124 Audi
1131 4087 1255 4126 vero
1286 4067 1561 4141 praterea,
1593 4075 2037 4142 quemadmodum
2069 4076 2169 4131 hac
2194 4079 2259 4131 de
2298 4095 2358 4132 rc

818 4160 872 4212 in
933 4162 1046 4214 suis
1101 4162 1166 4214 de
1221 4163 1408 4217 hausta
1433 4180 1498 4219 ex
1528 4165 1765 4219 oraculis
1813 4167 2146 4236 philosophia
2201 4170 2353 4224 libris

816 4252 1062 4306 disserat.

1369 4342 1591 4398 CAPUT
1613 4345 1798 4398 XXIII.

818 4431 894 4485 De
921 4432 1164 4499 improbis
1179 4435 1521 4495 dwmom’bus.
1543 4445 1592 4487 et
1612 4436 1820 4502 quinam
1839 4437 1944 4488 sint
1959 4452 2134 4488 eorum
2161 4440 2357 4504 princi-

890 4517 971 4571 pes
989 4519 1010 4580 :_
1023 4505 1254 4580 quodque
1272 4507 1501 4558 omnium
1524 4507 1830 4558 animalium
1851 4506 2014 4574 specie
2028 4509 2254 4563 homines
2275 4527 2364 4580 ag-

889 4573 1212 4640 grediautur.

894 4763 913 4794 ι
958 4743 1235 4812 improbos
1288 4741 1575 4806 dzamnnes,
1628 4742 1822 4814 inquit,
1869 4744 2056 4813 Sarapi
2112 4746 2356 4803 subditos

821 4849 938 4888 esse
969 4836 1107 4888 haud
1140 4844 1337 4887 temere
1363 4834 1698 4901 suspicamur
1721 4854 1732 4887 :
1755 4837 1950 4906 quippe
1988 4838 2124 4890 hanc
2152 4830 2221 4890 ad
2239 4839 2356 4906 Opi—

2463 3811 2491 3862 ό
2519 3813 2677 3876 αὐτὸς
2708 3815 2867 3867 πάλιν
2899 3815 3236 3889 διασαφήσει,
3267 3819 3390 3883 τοὺς
3419 3820 3683 3890 ἄρχοντας
3712 3820 3798 3873 τῶν
3823 3831 3930 3881 παθη·

2466 3902 2570 3974 ρῶν
2600 3904 2866 3974 δαιμόνων
2887 3907 3056 3976 λέγων
3077 3905 3217 3962 εἶναι
3244 3911 3332 3964 τδν
3353 3911 3598 3982 Σάραπιν
3621 3913 3708 3967 καὶ
3727 3913 3806 3983 τὴν
3831 3906 3931 3960 Ἐκά-

2460 4007 2557 4062 την
2585 3994 2714 4064 (62).
2758 3996 2821 4048 Ἠ
2851 3997 2906 4049 δὲ
2931 3997 3047 4051 θεία
3074 3998 3284 4072 Γραφὴ,
3315 4002 3404 4055 τὸν
3437 4003 3764 4069 Βεελζεὸούλ.
3795 4002 3926 4052 Ἀκυυε

2457 4081 2520 4145 δ’,
2565 4084 2709 4148 ὅπως
2741 4087 2832 4139 καὶ
2865 4089 2989 4158 περὶ
3024 4089 3210 4143 τούτου
3243 4093 3440 4163 γράφει
3463 4095 3520 4148 ὲν
3548 4095 3784 4166 τοῖςπερὶ
3807 4090 3926 4160 nisi!

2456 4176 2646 4244 λογίων
2671 4179 2997 4250 φιλοσοφίας.

2966 4362 3352 4417 ΚΕΜᾹΛΙΟΝ
3392 4365 3516 4418 ΚΡ.
3575 4427 3578 4429 λ

2462 4447 2599 4524 Περὶ
2646 4446 2763 4524 25n-
2787 4451 3064 4524 πονηρῶν
3092 4453 3400 4524 δαιμόνων.
3431 4457 3525 4509 καὶ
3557 4458 3706 4522 τινες
3730 4452 3852 4508 εἰσιν
3868 4448 3925 4524 ab

2530 4517 2646 4569 τῶν
2676 4523 2729 4571 οι
2771 4521 3090 4592 ἄρχοντες·
3126 4517 3233 4592 Ῠκὶιὶ
3271 4523 3358 4575 ὅτι
3395 4524 3541 4581 πᾶσι
3583 4517 3731 4591 ζώοις
3766 4517 3923 4592 δίλοίώ

2522 4602 2690 4709 seum
2731 4592 2783 4641 οἱ
2821 4591 3065 4657 πονηροί
3112 4591 3386 4660 δαίμονες
3426 4588 3835 4663 amatam—ro}?
3857 4588 3922 4639 ἀν’

2555 4673 2796 4723 ρωποις.

2543 4745 2705 4810 «Τοὺς
2718 4748 2780 4818 δὴ
2804 4753 3063 4823 πονηροὺς
3083 4752 3337 4822 δαίμονας
3351 4753 3448 4808 οὒκ
3481 4757 3602 4826 είκῆ
3650 4756 3741 4808 ὑπὸ
3771 4752 3839 4802 τὸν
3861 4747 3922 4797 Σά-

2467 4850 2625 4904 ραπιν
2667 4838 3069 4910 ὑποπτεύομενο
3119 4842 3225 4895 οὐδ’
3271 4845 3336 4898 ἐκ
3379 4846 3487 4898 τῶν
3529 4846 3784 4918 συμϐόλων
3822 4840 3923 4908 μύκον

824 4923 1034 4975 nionem
1081 4939 1185 4975 non
1237 4924 1354 4990 ejus
1395 4932 1603 4977 tantum
1655 4927 1911 4993 symbolis
1955 4936 2008 4980 et
2056 4930 2353 4999 insignibus

2392 4996 2427 5007 _
2463 4928 2892 4993 ἀναπεισθέντες,
2925 4932 3033 4982 ἀλλ’
3059 4934 3136 4984 ὅτι
3167 4935 3232 4987 τὰ
3259 4936 3585 5007 μειλίγματα
3610 4938 3692 4989 καὶ
3714 4933 3770 4985 τὰ
3785 4928 3921 4981 τούτων

824 5013 1057 5077 adducti,
1093 5014 1184 5066 sed
1218 5016 1379 5068 etiam
1415 5015 1557 5083 quod
1598 5030 1929 5085 quacunque
1979 5019 2085 5071 vim
2134 4996 2226 5074 eos
2275 5020 2353 5072 vel

2391 4996 2433 5048 θ
2461 5019 2791 5088 ἀποτρόπαια
2811 5021 2941 5090 πρὸς
2962 5023 3050 5074 τὸν
3064 4996 3344 5079 Πλούτωνα
3359 4996 3582 5093 γίνεται,
3597 5027 3667 5090 ὡς
3690 5029 3737 5078 ἐν
3757 5014 3922 5090 τῷ

824 5101 1143 5156 conciliandi
1169 5102 1365 5155 habent
1395 5103 1910 5168 vclaverruncandi,
1962 5106 2026 5159 ad
2074 5106 2353 5161 Plutonem

2454 5125 2530 5178 τῳ
2556 5109 2884 5179 ἐδείκνυμεν.
2924 5113 2978 5165 '0
3013 5114 3170 5176 αὐτὸς
3198 5114 3255 5168 δὲ
3283 5111 3360 5185 τῷ
3383 5117 3652 5173 Πλούτωνι
3679 5120 3704 5170 ὁ
3730 5114 3838 5174 θεὸς.
3863 5119 3919 5159 και

825 5194 1004 5246 omnia
1026 5191 1350 5255 referuntur,
1370 5195 1818 5261 quemadmodum
1837 5196 1970 5248 libro
1989 5199 2162 5265 primo
2181 5208 2362 5252 osten-

826 5283 1020 5338 dimus.
1058 5284 1217 5352 Atqui
1247 5284 1383 5336 idem
1419 5300 1635 5351 prorsus
1672 5288 1764 5356 qui
1797 5285 1948 5341 Pluto
1969 5289 2099 5342 deus
2133 5290 2232 5343 iste
2257 5299 2356 5353 est,

826 5389 994 5442 eoque
1024 5376 1257 5428 maxime
1299 5373 1631 5430 daemonibus
1659 5379 1906 5446 imperat,
1936 5388 2186 5450 certaque
2214 5394 2359 5449 sym-

1038 5608 1294 5684 g'ym'atc.
1323 5607 2062 5684 Ροτριιγνηικνίσσαις,αυοά
2107 5612 2289 5665 malui.

901 5671 1010 5752 (61)
1039 5677 1105 5724 "II
1133 5671 1572 5752 t£_:r£cs({rlbc;a.
1591 5678 1803 5752 primit,
1829 5671 2036 5752 Opino],
2067 5684 2162 5749 τήν
2183 5699 2240 5732 τε
2272 5700 2359 5734 πε-

831 5747 1119 5812 ριεστῶσαν
1144 5747 1314 5820 αὑτων
1336 5747 1556 5814 δύναμιν
1586 5747 1754 5800 δοκεῖν
1783 5750 1908 5800 Θεὸν
1951 5747 2084 5802 εἶναι
2121 5747 2217 5803 τὸν
2267 5753 2358 5820 μέ-

828 5828 1008 5880 γιστον
1030 5828 1041 5837 ·
1069 5814 1315 5879 praecidit
1339 5817 1499 5878 enim,
1539 5818 1666 5885 φησι
1696 5819 1815 5877 τοὺς
1841 5822 2117 5888 πονηροὺς,
2147 5832 2247 5874 etc.

2459 5197 2545 5249 διὰ
2561 5199 2715 5252 τοῦτο
2743 5200 2972 5268 μάλιστα
2989 5203 3251 5272 δαιμόνων
3267 5205 3466 5274 ἄρχων,
3481 5211 3573 5261 καὶ
3589 5211 3646 5262 σύ
3655 5207 3797 5279 μΰολα
3808 5200 3921 5253 διδοὺς

2467 5290 2600 5360 πρὸς
2628 5290 2725 5358 τὴν
2751 5292 2946 5344 τούτων
2979 5293 3175 5346 έλασιν.
3213 5291 3372 5359 Οὗτος
3403 5301 3531 5366 γοῦν
3554 5303 3757 5360 καὶτοῖς
3782 5293 3921 5347 ἱκέταις

2465 5379 2746 5450 ὲδήλωσεν,
2777 5381 2851 5445 ὡς
2896 5386 3026 5437 πᾶσι
3053 5384 3208 5448 ζώοις
3243 5388 3581 5463 ὁμοιούμενοι
3610 5391 3824 5464 προσίασι
3851 5381 3922 5437 τοῖς

2538 5610 2645 5731 362)
2676 5612 2936 5679 Σάραπιν
2967 5619 3060 5666 καὶ
3092 5622 3204 5681 την
3236 5618 3517 5697 ’Ἑκάτητκ
3571 5622 3726 5691 supra
3829 5607 3919 5662 ηδ.

2575 5683 2622 5738 l.
2655 5684 2820 5736 solius
2846 5682 3065 5738 Hecales
3093 5699 3349 5738 tncmtmt.
3379 5690 3451 5738 De
3481 5693 3717 5738 Seranide
3783 5682 3920 5738 orth'
3959 5699 3965 5738 1

2464 5697 2510 5758 c.
2539 5682 2624 5759 Η,
2655 5682 3065 5762 εοίιυδΙῌςρθῐθδ
3093 5687 3349 5762 memini}.
3379 5682 3455 5762 De
3481 5682 3717 5762 Serapide
3747 5682 3920 5762 Pori”)?

2464 5755 2576 5803 rius
2616 5755 2767 5805 initio
2800 5755 2936 5806 tituli
2974 5757 3267 5822 sequentis.
3295 5756 3368 5814 De
3410 5755 3750 5818 Hecate-vero
3783 5761 3916 5822 ιιιιπιιε

2379 5881 2382 5884 _
2462 5822 2724 5888 sequenti.
2743 5876 2747 5880 ,
