4044 6334
151 437 292 490 513

1353 435 1673 493 ΡΒᾸΣΡΑΒ.
1716 435 1966 491 EVANG.
2010 434 2134 488 LIB.
2177 433 2237 486 V.

3261 429 3416 486 -3M

156 557 562 625 ραφαίνεσθαι,
588 559 722 630 μηδὲ
759 559 999 629 συνήθως
1033 562 1150 623 ταῖς
1190 560 1404 612 πόλεσιν
1451 561 1724 629 ἐπιδημεῖν

1855 569 1961 612 tem
1997 573 2059 611 ac
2092 570 2288 609 numen
2318 550 2544 608 evertit?
2565 549 2871 612 Enimvero,
2901 551 2945 604 si
2988 550 3151 605 homo
3178 547 3270 604 ille
3291 557 3409 604 ton-

144 647 249 699 δτι
283 648 364 718 μὴ
387 646 520 711 θεοὶ,
567 650 814 720 δαίμονες
838 649 881 701 δ’
917 645 1055 721 ἦσαν
1091 651 1346 721 πονηροί·
1385 650 1543 720 μόνου
1566 650 1619 703 δὲ
1652 653 1748 702 αὺ-

145 738 292 804 τοῦ,
334 744 428 796 καὶ
461 743 555 795 τοῦ
583 743 1035 814 καταπέμψαντος
1084 745 1245 798 αὑτὸν
1291 745 1423 798 Θεοῦ
1473 744 1578 797 τῶν
1612 744 1746 796 ὅλων

151 831 364 899 αὖξειν
389 834 656 905 ὁσημέραι
688 835 788 899 τὰς
820 834 1003 905 τιμὰς,
1054 839 1146 890 καὶ
1194 839 1271 900 είς
1315 837 1495 907 μεῖζον
1530 838 1745 907 ἀρεταῖς

152 924 298 976 καθ’
331 925 460 995 ὅλης
482 926 580 993 τῆς
617 927 1028 1000 ἀνθρωπότητος
1058 929 1346 986 ἐπιδιδόναι
1366 946 1378 958 ’
1413 928 1528 980 δέον
1571 927 1744 997 ἐμπα-

155 1013 248 1066 λιν
278 1018 410 1079 τοὺς
443 1017 539 1086 μὲν
566 1019 737 1082 θεοὺς,
781 1022 826 1072 εἰ
854 1019 916 1091 δή
951 1037 1091 1084 τινες
1128 1021 1294 1082 ὅπως
1335 1017 1467 1090 ἦσαν
1507 1017 1614 1072 τῶν
1655 1019 1744 1069 ἐπὶ

162 1103 279 1174 τῆς
312 1106 630 1176 κηδεμόνες,
675 1107 768 1160 τοῦ
817 1109 914 1178 μὲν
957 1109 1123 1180 ἄρδην
1167 1107 1600 1180 μεταστήσασθαι
1646 1108 1743 1177 τὴν

169 1195 406 1264 πλάνην,
441 1198 487 1247 εξ
514 1196 618 1267 ἄρα
646 1213 728 1258 τις
752 1193 848 1266 ἦν·
879 1198 1072 1260 αὐτοὺς
1101 1199 1158 1250 δὲ
1185 1197 1368 1265 τὰςλὲξ
1399 1195 1572 1249 αὐτῶν
1591 1195 1744 1265 θερει⁴

166 1284 335 1348 πείας
368 1303 429 1337 τε
459 1288 551 1339 καὶ
578 1287 841 1355 ὠφελείας
876 1289 1116 1358 ἀφθόνως
1157 1293 1270 1353 τοῖς
1304 1293 1464 1343 πᾶσιν
1503 1288 1741 1359 ἐμπαρέ-

158 1393 307 1448 χειν-
345 1378 483 1431 Νυνὶ
525 1380 581 1432 δὲ
641 1381 809 1444 τοίςδε
879 1384 971 1435 καὶ
1012 1382 1153 1434 τοῦτ’
1201 1384 1603 1452 ἐπικεχείρηται
1645 1383 1740 1451 μὲν

157 1467 434 1532 πολλάκις
463 1470 549 1522 διὰ
594 1469 701 1524 τῶν
741 1473 881 1526 κατά
922 1475 1141 1544 χρόνους
1182 1475 1472 1546 ἀρχόντων,
1502 1473 1598 1543 τὴν
1646 1471 1738 1524 τοῦ

157 1560 428 1631 Σωτῆρος
452 1563 606 1633 ἡμῶν
639 1554 1006 1635 κραταιότᾶτα
1028 1567 1456 1637 ’πολεμησάντων
1493 1566 1740 1617 διδασκα-

155 1648 318 1702 λίαν·
356 1652 633 1723 ἄπρακτον
658 1654 701 1706 δ’
726 1655 874 1724 ὅμως
911 1656 1135 1725 εὕραντο
1166 1658 1264 1726 τῆς
1291 1655 1652 1724 ἐγχειρήσεως
1679 1653 1740 1706 τὸ

153 1740 356 1804 τέλος,
404 1741 774 1815 ὗπερνικὼσης
821 1748 942 1809 τοὺς
987 1748 1191 1810 πάντας
1246 1747 1330 1800 ἀεὶ
1372 1747 1467 1815 τῆς
1502 1745 1594 1798 τοῦ
1623 1746 1736 1796 Σω-

151 1829 335 1902 τῆρος
362 1834 517 1903 ήμῶν
546 1836 727 1888 ἐνθέου
761 1836 1057 1907 δυνάμεως,
1094 1841 1184 1891 καὶ
1233 1839 1409 1900 πάσας
1454 1838 1553 1900 τὰς
1597 1836 1737 1889 κατά

1851 658 1964 702 tum
1995 655 2094 709 est,
2137 655 2196 700 ut
2224 645 2326 714 ipsi
2360 645 2640 714 garriunt,
2696 642 2856 697 morti
2911 642 3181 696 obnoxius
3211 641 3407 710 (impo-

1852 748 2052 794 storem
2089 737 2226 791 forte
2253 753 2314 791 ac
2342 738 2711 792 circulatorem
2742 735 2901 790 etiam
2947 733 3312 808 addiderint),
3354 732 3406 784 hi

1851 839 2038 884 contra
2067 840 2368 884 servatores
2399 845 2461 884 ac
2505 829 2601 892 dii,
2623 829 2716 898 qui
2745 829 2859 883 ﬁeri
2887 827 3079 896 potuit,
3109 825 3185 879 uti
3220 823 3403 894 fugam

1853 921 2013 976 simul
2066 936 2252 975 omnes
2285 935 2408 974 cum
2445 918 2762 988 Esculapio
2797 924 3168 987 capesserent,
3202 923 3395 968 moria.

1849 1011 1994 1080 lique
2022 1011 2245 1075 homini,
2269 1011 2469 1080 quique
2500 1011 2700 1074 nullus,
2727 1018 2779 1064 ut
2826 1010 3122 1072 blaterant,
3177 1006 3400 1059 omnino

1846 1103 1956 1172 jam
1995 1103 2084 1165 sit,
2119 1118 2222 1154 non
2257 1111 2402 1170 terga
2425 1101 2614 1156 darent
2645 1101 2744 1170 ipsi
2777 1101 2958 1165 modo,
3000 1099 3278 1164 sedetiam
3303 1099 3402 1151 hu-

1849 1209 2067 1248 manum
2104 1209 2272 1262 genus
2303 1196 2456 1264 quasi
2479 1195 2714 1249 vinctum
2742 1195 2993 1261 deinceps
3019 1175 3402 1247 constrictum-

1847 1302 1952 1356 que
1983 1287 2258 1340 traderent
2285 1286 2636 1340 universum?
2666 1285 2736 1340 At
2755 1299 2881 1338 vero
2899 1282 3053 1337 Jesus
3075 1283 3162 1336 ille
3197 1291 3399 1346 noster,

1846 1378 1947 1433 hoc
1971 1378 2087 1446 ipso
2113 1393 2262 1440 sane,
2299 1377 2441 1446 quod
2473 1378 2635 1432 etiam
2660 1386 2780 1447 post
2806 1377 3010 1431 obitum
3043 1376 3182 1430 inter
3209 1372 3399 1430 omnes

1844 1471 2069 1539 pepulos
2132 1469 2364 1522 nominis
2416 1469 2499 1522 sui
2549 1469 2750 1523 cultum
2811 1471 3052 1538 quotidie
3103 1481 3398 1538 propagare

1843 1560 2035 1628 pergit,
2067 1558 2426 1612 clarissimum
2462 1573 2692 1628 vereque
2720 1559 2961 1614 divinum
2997 1561 3087 1623 iis,
3122 1561 3211 1628 qui
3239 1560 3398 1613 modo

1844 1650 2036 1703 intueri
2079 1646 2326 1718 possunt,
2353 1650 2474 1702 vita:
2508 1657 2631 1718 post
2664 1662 2886 1704 mortem
2944 1667 3055 1705 sua:
3093 1651 3277 1719 objicit
3307 1665 3394 1702 ar-

1843 1749 2169 1810 gumentum.
2205 1740 2294 1794 ille
2323 1741 2505 1811 igitur,
2541 1758 2681 1796 unus
2712 1743 2822 1811 ipse
2865 1757 2986 1797 cum
3021 1744 3110 1808 sit,
3145 1753 3306 1812 atque
3337 1751 3396 1795 ut

1843 1833 2104 1902 suspicari
2138 1833 2260 1902 quis
2292 1831 2430 1888 forte
2466 1842 2648 1903 queat,
2683 1834 2836 1902 plane
2869 1834 3034 1895 solus,
3071 1835 3391 1888 immensam

150 1922 269 1990 τῆς
298 1922 638 1987 διδασκαλίας
668 1926 832 1979 αὐτοῦ
877 1927 983 1979 τῶν
1022 1927 1268 1998 πονηρῶν
1302 1926 1564 1994 δαιμόνων
1600 1928 1724 1976 ὲπα-

1833 1923 1976 1977 illam
2012 1933 2090 1978 tot
2113 1924 2336 1978 deorum
2383 1932 2497 1978 toto
2527 1925 2799 1993 quondam
2831 1925 2960 1979 orbe
2989 1925 3388 1979 dominantium

153 2013 458 2077 ναπάσεις
487 2014 870 2088 καθαιρούσης,
897 2017 1088 2079 αὐτούς
1133 2035 1190 2069 τε
1237 2017 1584 2086 ὲλαυνούσηςο
1621 2015 1733 2067 δαί-

161 2122 345 2175 μονας
371 2107 463 2177 μὲν
489 2107 703 2180 ἀληθῶς
741 2110 971 2178 φαύλους
999 2111 1174 2175 ὄντας,
1204 2110 1408 2179 ψευδῶς
1435 2110 1488 2161 δὲ
1526 2125 1733 2178 νενομι-

156 2197 404 2266 σμένους
425 2195 560 2252 εἶναι
592 2199 765 2264 θεοὺς,
790 2201 822 2270 ἢ
858 2201 950 2254 καὶ
980 2202 1215 2268 ἀγαθοὺς
1244 2201 1517 2270 δαίμονας.

1839 2014 2235 2071 multitudinem
2268 2017 2611 2081 exterminat,
2639 2031 2809 2087 eaque
2854 2026 3118 2087 potestate
3149 2019 3387 2086 ipsorum

1837 2107 2097 2161 honorem
2122 2115 2176 2161 et
2200 2105 2401 2162 cultum
2432 2109 2760 2178 contemptui
2793 2109 3128 2178 ludibrioque
3150 2109 3387 2177 subjici',

1836 2207 1895 2250 ut
1921 2211 2020 2251 nec
2052 2197 2146 2249 ulii
2177 2199 2409 2268 amplius
2435 2199 2507 2252 dii
2538 2199 2675 2260 sint,
2723 2214 2821 2254 nec
2849 2201 3042 2253 virium
3094 2200 3387 2268 quidquam

157 2285 425 2353 habeant,
462 2307 563 2346 nec
606 2293 815 2362 uspiam
858 2291 941 2344 vel
976 2291 1159 2344 leviter
1203 2298 1512 2358 appareant,
1569 2302 1669 2341 nec
1702 2289 1764 2341 -in
1806 2287 2081 2340 civitatum
2119 2297 2436 2349 conventus.
2480 2300 2536 2342 ut
2570 2289 2737 2356 olim,
2798 2304 2916 2345 sese
2972 2290 3202 2360 amplius
3249 2289 3384 2343 infe-

160 2392 306 2448 rant,
347 2392 534 2453 utpote
559 2387 651 2455 qui
680 2401 784 2439 non
813 2385 907 2448 dii,
940 2385 1032 2440 sed
1060 2385 1183 2438 mali
1208 2386 1477 2439 daemones
1506 2393 1685 2437 essent
1712 2401 1722 2435 :
1766 2391 1950 2435 contra
2000 2389 2126 2436 vero
2149 2382 2349 2436 Christi
2381 2386 2540 2440 unius
2565 2384 2846 2448 duntaxat,
2882 2385 3129 2454 ejusque,
3193 2402 3222 2440 a
3277 2401 3394 2454 quo

163 2473 370 2528 missus
425 2485 529 2540 est,
583 2476 674 2532 Dei
731 2491 910 2529 rerum
964 2475 1203 2529 omnium
1246 2474 1586 2542 praepotentis
1612 2475 1887 2527 veneratio
1937 2473 2108 2543 magis
2140 2473 2191 2526 in
2223 2473 2336 2529 dies
2367 2489 2428 2527 ac
2456 2476 2626 2544 magis
2657 2485 2947 2543 augeatur.
2987 2491 3232 2545 novaque
3259 2491 3382 2530 cum

157 2566 474 2621 accessione
498 2568 797 2636 dignitatis,
824 2569 1031 2624 radices
1059 2571 1111 2623 in
1164 2568 1484 2637 populorum
1539 2566 1781 2620 omnium
1823 2567 2095 2621 mentibus
2127 2577 2248 2638 agat
2273 2568 2515 2624 altiores.
2557 2567 2848 2639 Oportebat
2879 2570 3065 2639 utique
3093 2566 3226 2624 deos
3260 2569 3385 2630 illo;

158 2657 369 2722 potius,
430 2657 475 2712 si
536 2659 629 2728 qui
659 2676 836 2715 rerum
883 2662 1240 2715 humanarum
1271 2676 1394 2714 vere
1439 2676 1623 2714 curam
1659 2659 1952 2722 haberent,
2000 2671 2309 2715 nascentem
2362 2661 2505 2718 illius
2549 2679 2816 2728 errorem,
2862 2663 2905 2717 si
2933 2663 3055 2732 quis
3082 2662 3381 2718 existebat.

157 2748 406 2808 funditus
439 2756 755 2825 exstirpare,
787 2759 904 2826 opis
960 2772 1088 2811 vero
1119 2757 1414 2826 auxiliique
1455 2757 1537 2811 sui
1578 2755 1852 2809 liberalem
1895 2770 1958 2809 ae
1998 2757 2262 2824 prolixam
2311 2758 2564 2810 Omnibus
2606 2761 2816 2826 c0piam
2877 2757 3074 2813 facere.
3110 2757 3272 2826 Atqui
3329 2755 3382 2811 td

154 2849 338 2902 conati
379 2853 596 2918 quidem
637 2855 933 2922 saepissime
975 2855 1050 2907 illi
1081 2865 1227 2918 sunt,
1267 2870 1390 2909 cum
1416 2855 1595 2909 varios
1622 2854 1788 2908 variis
1825 2853 2160 2921 temporibus
2212 2853 2565 2917 imperatores
2624 2853 2688 2907 ad
2731 2852 3035 2907 Servatoris
3084 2852 3252 2906 nostri
3286 2849 3384 2904 do-

157 2953 394 2998 ctrinam
431 2948 639 3002 viribus
677 2950 927 3004 omnibus
980 2951 1390 3019 oppugnandam
1444 2949 1856 3004 inﬂammarent.
1919 2949 2025 3003 Sed
2069 2949 2212 3002 inani
2261 2949 2417 3017 plane
2459 2949 2717 3016 irritoque
2778 2956 3004 3010 conatu,
3049 2945 3189 3014 quod
3247 2943 3386 2996 divi-

153 3053 287 3091 num
321 3040 453 3094 illud
480 3042 784 3098 Assertoris
825 3044 994 3099 nostri
1035 3060 1232 3098 numen
1286 3045 1545 3099 illustrem
1576 3059 1787 3112 semper
1825 3059 1889 3097 ex
1935 3045 2187 3098 omnibus
2218 3045 2496 3099 victoriam
2527 3042 2831 3113 reportarit,
2861 3050 3190 3109 cunctosque
3213 3039 3383 3108 pessi~

146 3149 374 3190 morum
422 3136 724 3193 dremonum
769 3140 1027 3195 adversus
1068 3142 1366 3194 doctrinam
1409 3156 1561 3195 suam
1609 3141 1841 3209 impetus
1871 3141 2186 3211 dissiparit,
2215 3142 2343 3209 [imo
2388 3140 2659 3196 demones
2720 3141 2880 3195 etiam
2921 3139 3088 3208 ipsos,
3121 3137 3212 3206 qui
3261 3147 3386 3190 vere

147 3224 394 3293 improbi
415 3226 687 3284 daemones
714 3245 836 3284 cum
884 3241 1084 3290 essent,
1118 3230 1254 3284 falso
1285 3240 1463 3284 tamen
1495 3246 1589 3299 pro
1616 3229 1718 3284 diis
1757 3229 2024 3299 bonisque
2047 3231 2381 3285 daemonibus
2410 3231 2762 3290 habebantur,
2786 3229 3066 3299 expulerit.

318 3359 325 3364 .
683 3319 1075 3383 ΚΕΦΑΛΑΙΟΝ
1125 3319 1197 3378 B',

307 3406 402 3470 Tt'c
432 3408 464 3461 ὁ
490 3408 706 3474 τρόπος
739 3407 846 3476 τῆς
881 3410 1227 3480 δαιμονικῆς
1253 3413 1570 3482 ἐνεργείας.

221 3494 346 3548 Οἵδε
381 3493 511 3563 γοῦν
549 3497 811 3566 περίγειοί
863 3516 1005 3562 τινες
1046 3503 1196 3564 ὀντες
1223 3504 1313 3554 καὶ
1361 3503 1718 3571 καταχθόνιοι,

149 3590 241 3641 τόν
268 3606 330 3641 τε
363 3591 458 3641 ἐπὶ
481 3591 581 3659 γῆς
610 3589 774 3662 βαρὺν
816 3591 910 3643 καὶ
957 3590 1184 3663 ζοφερὸν
1213 3595 1350 3664 ἀέρα
1379 3578 1724 3664 περιπολοῦνο

147 3698 262 3746 τες,
297 3683 394 3735 καὶ
439 3683 496 3735 τὸ
540 3684 765 3746 σκότιον,
825 3683 918 3736 καὶ
963 3683 1164 3752 γεῶδες
1219 3689 1531 3757 οἰκητήριον
1579 3686 1720 3757 ἔχειν

146 3776 632 3846 κατακεκριμένοι,
657 3776 721 3828 δι’
752 3776 816 3839 ἃς
847 3775 1069 3847 ὕστερον
1124 3777 1472 3848 ἀποδώσομεν
1520 3780 1715 3841 αίτίαςα

141 3859 346 3936 τᾲφοις
375 3863 585 3932 νεκρῶν
637 3865 728 3916 καὶ
765 3865 1026 3934 μνήμασι,
1085 3865 1178 3917 καὶ
1227 3866 1375 3937 πάσῃ
1401 3870 1466 3938 τῇ
1505 3869 1720 3940 μυσαρᾷ

145 3951 247 4002 καὶ
268 3951 563 4022 ἀκαθάρτῳ
591 3953 688 4027 ὕλῃ
714 3955 1129 4026 φιλοχωροῦντες
1161 3955 1292 4025 (67),
1318 3958 1508 4028 αἵμασι
1534 3976 1590 4012 τε
1626 3962 1720 4016 καὶ

143 4041 394 4111 λύθροις,
421 4045 513 4096 καὶ
541 4046 805 4104 παντοὶων
834 4048 986 4110 ζώων
1022 4046 1256 4118 σώμασι,
1296 4052 1360 4119 τῇ
1391 4066 1449 4118 τε
1502 4051 1566 4103 ἐκ
1611 4051 1717 4103 τῶν

142 4135 639 4207 ἀναθυμιωμένων,
703 4141 797 4192 καὶ
843 4141 950 4193 ἀπὸ
999 4141 1095 4210 τῆς
1137 4141 1240 4211 γῆς
1284 4141 1718 4212 ὲξατμιζομένων

142 4226 400 4279 ἀναδόσει
450 4229 750 4300 χαίροντες·
805 4233 858 4284 οἵ
908 4249 966 4285 τε
1011 4230 1213 4283 τούτων
1260 4232 1514 4302 ἄρχοντες
1545 4231 1717 4304 ἀέριοί

148 4336 296 4381 τινες
333 4321 683 4390 ὑπάρχοντες,
721 4323 756 4376 ’Β
795 4323 889 4376 καὶ
927 4323 1266 4392 καταχθόνιοι
1296 4324 1570 4394 δυνάμεις,
1594 4326 1716 4378 ἐπεὶ

143 4411 460 4481 κατέμαθον
491 4415 550 4465 τὸ
577 4414 915 4486 ἀνθρώπινον
940 4417 1094 4485 γένος
1140 4417 1288 4478 κάτω
1333 4433 1435 4468 που
1473 4418 1598 4487 περὶ
1629 4433 1715 4470 νε-

142 4504 298 4576 κρῶν
328 4504 535 4576 ἀνδρῶν
586 4505 855 4566 θεοποιίαν
882 4508 1268 4578 ἰλυσπώμενον,
1300 4507 1506 4570 θυσίαις
1532 4525 1588 4560 τε
1623 4510 1715 4561 καὶ

143 4599 419 4662 κνίσσαις,
447 4601 567 4662 ταῖς
598 4599 658 4669 δὴ
683 4603 916 4668 μάλιστα
960 4605 1141 4667 αὐτοῖς
1183 4602 1598 4673 κεχαρισμέναις
1626 4602 1713 4656 διὰ

2330 3320 2484 3389 131
2529 3317 2755 3374 CAPUT
2796 3317 2856 3372 ll.

1949 3411 2204 3475 Quisnam
2232 3413 2526 3464 daemonum
2563 3412 2864 3479 impostura:
2901 3413 3036 3463 ratio
3069 3410 3250 3478 fuerit.

1893 3501 2180 3556 Enimvero
2210 3518 2332 3556 cum
2359 3503 2498 3556 circa
2524 3503 2822 3571 graviorem
2854 3500 3017 3566 hunc,
3045 3500 3136 3569 qui
3175 3514 3206 3552 a
3235 3508 3378 3554 terra

1821 3595 2068 3662 proxime
2087 3594 2260 3656 abest,
2286 3603 2339 3647 et
2369 3592 2724 3664 caliginosum
2778 3607 2956 3646 aerem
2984 3631 2999 3655 ,
3035 3599 3219 3660 utpote
3256 3605 3376 3644 om-

1821 3690 1950 3742 nino
2000 3690 2193 3742 terreni
2223 3690 2624 3754 volutarentur,
2673 3696 2834 3757 atque
2866 3687 2931 3741 ad
2979 3687 3378 3741 tenebricosum

1820 3781 1922 3834 hoc
1949 3789 1999 3834 et
2031 3791 2284 3836 terrestre
2305 3781 2661 3845 domicilium,
2692 3782 2763 3836 ob
2785 3797 2900 3846 eas,
2923 3795 3043 3849 qua
3071 3779 3232 3849 paulo
3254 3788 3374 3846 post

1819 3885 1848 3923 a
1883 3869 2039 3924 nobis
2066 3869 2393 3936 aﬂerentur,
2427 3887 2622 3926 causas
2658 3871 2894 3926 damnatl
2941 3877 3156 3931 essent;
3210 3867 3371 3920 adeo-

1817 3975 1921 4028 que
1948 3959 2014 4013 ad
2041 3959 2301 4023 tumulos,
2329 3959 2509 4023 busta,
2536 3976 2601 4014 ac
2650 3961 2910 4029 reliquam
2962 3957 3014 4011 id
3068 3972 3236 4025 genus
3285 3957 3372 4025 fu-

1818 4059 2023 4102 nestam
2074 4049 2448 4118 impuramque
2479 4050 2758 4103 materiam
2801 4048 3266 4110 adhaerescerent,
3319 4058 3372 4101 et

1817 4140 2076 4208 sanguine
2129 4154 2192 4193 ac
2225 4141 2396 4203 sanie,
2429 4141 2714 4209 omnisque
2759 4139 2972 4208 generis
3017 4137 3369 4192 animantium

1815 4233 2154 4302 corporibus,
2179 4246 2276 4286 nec
2329 4247 2435 4285 non
2482 4246 2662 4286 rerum
2700 4231 3046 4285 odoratarum
3097 4227 3276 4282 sullitu
3309 4246 3373 4283 ac

1816 4341 2012 4394 vapore
2043 4326 2471 4392 delectarentur;
2534 4324 2805 4391 simulque
2845 4338 3030 4377 eorum
3060 4321 3329 4390 principes
3353 4362 3369 4387 ,

1816 4419 1926 4472 sive
1953 4419 2139 4473 aerias
2156 4417 2417 4486 quasdam
2441 4454 2456 4479 ,
2507 4415 2622 4470 sive
2654 4423 2896 4469 terrenas
2949 4419 3239 4482 potestates
3272 4429 3370 4465 vo-

1814 4525 1937 4564 care
1973 4511 2148 4573 malis,
2174 4524 2296 4564 cum
2324 4522 2497 4578 genus
2537 4508 2833 4560 humanum
2875 4505 3247 4574 indignissima
3275 4504 3372 4557 bo-

1816 4607 2020 4659 minum
2057 4611 2394 4658 mortuorum
2441 4599 2854 4655 consecratione
2880 4609 3200 4669 occupatum
3227 4637 3242 4661 ,
3286 4611 3368 4651 sa-

145 4694 332 4764 πάσης
363 4693 593 4761 σπουδῆς
623 4694 1033 4765 ἐκπονούμενον,
1067 4671 1292 4766 ἐγγύθεν
1325 4671 1560 4766 νέφενδροι,
1619 4696 1714 4749 καὶ

1827 4695 2033 4751 criticiis
2058 4709 2122 4748 ac
2148 4693 2337 4748 nidore
2363 4691 2629 4753 carnium,
2653 4691 2852 4760 quibus
2886 4690 2974 4744 isti
3001 4689 3162 4744 rebus
3196 4696 3369 4741 tauto-

142 4790 402 4860 συνεργοὶ
431 4788 532 4857 τῆς
582 4787 785 4858 πλάνης
814 4789 1086 4859 παρῆσαν,
1136 4793 1248 4853 τοῖς
1273 4790 1380 4844 τῶν
1418 4788 1716 4862 ἀνθρώπων

136 4883 339 4944 κακοῖς
394 4881 958 4953 έπεντρίδοντες,(68),
1013 4884 1105 4936 καὶ
1149 4887 1273 4948 τοὺς
1304 4884 1585 4953 ·ὴλιθίους,
1622 4885 1714 4937 καὶ

133 4971 244 5033 τὰς
281 4972 457 5041 ψυχὰς
505 4975 744 5045 εὐχερεῖς
797 4972 1110 5037 ἀπατῶντες
1160 4977 1403 5048 κινήσεσί
1455 4994 1565 5028 τισι
1606 4976 1713 5030 τῶν

132 5062 370 5128 ξοάνων,
408 5065 446 5117 ἃ.
495 5066 558 5135 δὴ
605 5068 696 5119 ἐπὶ
749 5069 876 5137 τιμῇ
922 5065 1028 5118 τῶν
1081 5070 1477 5139 κατοιχομένων
1505 5068 1712 5140 ἀνδρῶν

129 5155 284 5227 πρὸς
311 5155 419 5208 τῶν
439 5157 682 5219 παλαιῶν
712 5159 1027 5229 ἀφιέρωται,
1056 5159 1149 5210 καὶ
1193 5163 1311 5222 ταῖς
1341 5160 1427 5213 διὰ
1446 5161 1708 5232 χρησμῶν

129 5247 487 5318 φαντασίαις,
526 5247 840 5321 θεραπείαις
875 5268 935 5307 τε
988 5251 1271 5320 σωμάτων,
1304 5250 1339 5304 ἃ.
1392 5252 1477 5305 διὰ
1509 5254 1605 5322 τῆς
1635 5255 1708 5307 ol-

126 5338 299 5402 κείας
345 5338 525 5392 αὐτῶν
583 5338 896 5412 δαιμονικῆς
960 5341 1233 5412 ἐνεργείας
1290 5343 1506 5410 ἀφανῶς
1554 5345 1707 5397 αὐτοὶ

127 5429 546 5503 λυμαινόμενοι,
576 5431 734 5484 πάλιν
770 5435 818 5488 οἱ
845 5437 996 5488 αὐτοὶ
1044 5436 1130 5488 διὰ
1162 5437 1256 5505 τῆς
1290 5435 1348 5498 ἐξ
1380 5435 1555 5488 αὐτῶν
1581 5438 1703 5488 ἀνέ-

130 5539 282 5585 σιως
333 5520 645 5592 ἐλευθέρους
690 5522 798 5576 τῶν
839 5525 1026 5577 παθῶν
1080 5527 1321 5592 ἠφίεσαν.
1386 5526 1461 5576 Δι’
1507 5519 1582 5579 ὧν
1625 5527 1703 5579 ἔτι

135 5614 344 5686 μᾶλλον
377 5612 515 5665 κατὰ
547 5613 805 5683 κρημνῶν
828 5614 1019 5684 ἔφερον
1053 5620 1177 5680 τοὺς
1205 5616 1612 5684 δεισιδαίμονας,
1627 5617 1701 5681 ὡς

128 5708 338 5770 αὐτοὺς
371 5703 510 5759 εἶναι
534 5705 766 5776 νομίζειν
798 5708 925 5759 ποτὲ
959 5711 1055 5777 μὲν
1112 5711 1388 5781 οὐρανίους
1412 5711 1695 5779 δυνάμεις,

357 5820 848 5908 φέλοχῳοιῦντες.
878 5822 1072 5908 Monk
1101 5826 1617 5908 ‘épptioxuipoﬁwec:

1812 4804 1936 4859 pere
1963 4787 2316 4852 delectantur,
2363 4783 2509 4840 omni
2541 4785 2721 4841 studio
2753 4798 2945 4839 vacare
2973 4781 3369 4835 animadverte-

1811 4887 1963 4934 rent:
2001 4878 2142 4931 illico
2174 4887 2371 4946 prasto
2401 4878 2621 4941 adesse,
2680 4873 2908 4929 fovendo
2939 4873 3108 4926 errori
3148 4887 3369 4942 operam

1811 4986 2006 5025 navare
2042 4985 2219 5032 suam,
2251 4970 2533 5026 hominum
2563 4968 2717 5024 malis
2745 4965 3124 5028 incumbendo,
3160 4981 3221 5020 ac
3256 4975 3370 5020 sto-.

1809 5065 1946 5120 lidos
1978 5062 2268 5132 facilesque
2319 5063 2529 5118 animos
2582 5058 2766 5114 nescio
2809 5058 3006 5128 quibus
3048 5059 3369 5113 simulacro-

1812 5173 1953 5219 rum,
1990 5137 2110 5222 quae
2137 5165 2346 5212 veteres
2377 5157 2429 5211 in
2460 5152 2836 5208 defunctorum
2885 5151 3144 5205 honorem
3174 5163 3368 5204 consc-

1810 5256 2046 5312 crarant,
2069 5249 2309 5303 motibus
2344 5249 2396 5301 in
2431 5244 2674 5300 fraudem
2705 5243 3029 5298 inducendo.
3061 5240 3270 5307 Quibus
3313 5249 3367 5295 et

1808 5340 2148 5396 oraculorum
2179 5342 2430 5411 speciem,
2461 5348 2513 5392 et
2544 5337 2885 5392 curationum
2915 5334 3124 5388 inanem
3175 5328 3357 5385 fucum

1809 5434 2097 5495 addebant,
2129 5447 2250 5486 eum
2301 5432 2391 5484 illa
2434 5429 2550 5498 ipsa
2601 5442 2852 5498 corpora,
2882 5438 3001 5493 qua:
3049 5420 3257 5475 occulta
3307 5422 3360 5474 vi

1810 5527 1948 5582 male
1993 5526 2346 5593 torquebant,
2397 5523 2554 5577 iidem
2613 5520 2835 5577 remotis
2884 5514 3163 5569 maleﬁciis
3213 5512 3361 5566 omni

1807 5617 2148 5689 postmodum
2184 5617 2465 5671 vexatione
2494 5615 2800 5671 liberarent.
2832 5611 3006 5679 Atque
3039 5608 3152 5662 haec
3197 5613 3356 5667 sunt.

1805 5714 2001 5783 quibus
2036 5712 2285 5769 homines
2322 5710 2456 5770 adeo
2512 5706 2813 5781 pmcipiles
2845 5700 3108 5771 agebant,
3170 5704 3228 5755 ut
3264 5709 3358 5751 eo:-

208 5891 323 5964 (68)
374 5893 850 5960 Ἐπενζρίϐοντες.
878 5892 1068 5959 Manu,
1096 5891 1560 5968 ἐπεπρύὶρῶντες,
1603 5897 1937 5951 insultantes.
