4044 6334
690 395 800 451 315
1329 392 1597 450 EUSEBII
1628 389 2103 447 CESARIENSIS
2134 390 2283 447 OPI'.
2319 390 2503 445 PARS
2535 389 2599 443 ll.
2639 416 2713 431 -—
2737 382 3235 444 APOLOGE'I'ICA.
3847 369 3973 427 3m

680 515 845 570 modo
870 512 1118 570 celestes
1153 513 1415 583 quasdam
1459 528 1580 567 esse
1612 512 1839 566 virtutes
1864 552 1879 573 ,
1925 511 2088 565 modo
2117 525 2240 562 vera

2350 508 2438 561 καί
2462 525 2613 570 τινας
2636 506 2849 577 άληθῶς
2873 506 3048 565 θεοὺς.
3077 501 3206 556 ποτὲ
3233 500 3289 553 δὲ
3314 498 3414 562 τὰς
3454 496 3564 550 τῶν
3618 495 3965 563 callem“)-

682 607 927 672 numina,
970 605 1239 660 interdum
1283 605 1447 658 etiam
1495 604 1718 658 heroum
1770 604 1987 657 illorum
2031 601 2247 655 animos

2353 600 2527 670 μένων
2553 598 2747 670 ἡρώων
2777 594 3266 669 ψυχάς.Ἐντεῦθεν
3288 590 3415 659 γοῦν
3450 590 3549 661 ἤδη
3606 586 3837 657 μείζων
3873 600 3965 649 τις

681 705 951 765 putarent,
982 710 1121 765 quos
1151 694 1381 748 deorum
1433 695 1486 747 in
1522 696 1643 748 loco
1670 707 2007 762 numeroque
2038 692 2250 761 posuis-

2350 690 2445 743 καὶ
2473 689 2770 760 σεμνοτέρα
2797 692 2906 751 τοῖς
2931 687 3140 749 πολλοῖς
3170 680 3309 737 εἶναι
3334 681 3613 750 ἐνομίζετο
3641 680 3681 748 ἡ
3708 676 3827 745 τῆς
3855 690 3961 726 τεο-

681 764 819 841 sent.
852 764 1011 840 Nam
1038 788 1110 840 ita
1141 787 1358 841 demum
1411 786 1683 855 plerisque
1710 801 1842 840 sane
1891 785 2052 855 paulo
2083 786 2250 839 hone-

2350 781 2538 834 λυθέου
2570 781 2775 849 πλάνης
2802 778 3093 848 ὑπόληψις,
3116 772 3539 847 μεταϐαινούσης
3561 768 3666 839 τῆς
3688 764 3961 828 διανοίας

681 880 818 933 stior
850 889 903 932 et
935 878 1197 933 illustrior
1248 878 1452 932 erroris
1488 878 1651 945 hujus
1676 919 1692 943 ,
1745 877 1973 931 deorum
2010 877 2250 931 multitu-

2350 873 2457 926 άπὸ
2476 874 2584 926 τῶν
2606 874 2895 944 ὁρωμένων
2928 871 3019 923 ἐπὶ
3041 870 3102 922 τὸ
3134 868 3336 935 ἀφανὲς
3382 866 3490 918 τῶν
3540 857 3951 931 ὲγκρυπτομέ-

678 973 859 1026 dinem
891 971 1211 1035 invehentis,
1245 970 1452 1038 species
1481 970 1593 1023 fore
1622 964 1923 1034 videbatur,
1949 982 2071 1022 cum
2107 981 2138 1020 a
2162 982 2250 1022 re-

2350 981 2455 1016 vmv
2478 966 2590 1027 τοῖς
2624 960 2854 1027 ξοάνοις,
2887 961 2979 1017 κα)⁹
3003 961 3103 1027 τὴν
3152 957 3360 1027 πλάνην
3390 952 3795 1027 κραταιότερον
3818 949 3951 1000 ἐπι-

678 1064 780 1119 bus
808 1064 946 1126 istis,
976 1078 1098 1132 quae
1126 1062 1229 1116 sub
1251 1069 1530 1129 aspectum
1563 1060 1785 1123 cadunt,
1819 1059 1887 1111 ad
1918 1059 2159 1125 ignotam
2196 1065 2252 1111 et

677 1156 969 1210 obscuram
990 1169 1179 1208 eorum
1202 1154 1294 1222 qui
1320 1152 1374 1205 in
1399 1151 1707 1206 simulacris
1730 1150 2134 1211 delitescebant,
2155 1164 2252 1201 ua-

680 1255 859 1300 turam
895 1245 1149 1315 cogitatio
1193 1244 1585 1308 traduceretur,
1614 1242 1804 1311 sicque
1821 1256 2025 1295 novum
2060 1255 2253 1309 supcr-

679 1337 886 1394 atitioui
913 1337 1079 1391 robur
1102 1336 1437 1406 adjungeret.
1471 1334 1584 1389 Hac
1609 1336 1696 1389 via
1726 1334 1927 1389 terreni
1954 1339 2249 1399 daemones,

676 1431 882 1502 quique
921 1430 1065 1484 hunc
1090 1444 1267 1484 aerem
1291 1428 1600 1484 insidebant
1634 1428 1822 1483 mundi
1858 1427 2152 1496 principes,
2186 1442 2251 1481 ac

676 1523 941 1594 spiritalia
969 1522 1241 1591 nequitiae,
1266 1523 1469 1592 quique
1502 1522 1713 1577 caeteris
1746 1521 1814 1575 ad
1850 1520 2249 1589 improbitatem

678 1629 744 1669 ac
765 1614 1025 1668 malitiam
1054 1630 1269 1669 omnem
1304 1616 1587 1684 praeibam,
1631 1629 1975 1669 summorum
2016 1612 2118 1667 sibi
2145 1628 2249 1666 nu-

680 1706 887 1761 minum
932 1707 1242 1776 opinionem
1273 1707 1416 1776 apud
1459 1722 1648 1762 omnes
1681 1715 2090 1775 compararunt.
2130 1704 2250 1769 Quo

677 1798 881 1854 factum
908 1836 923 1862 ,
973 1807 1032 1851 ut
1061 1799 1346 1852 hominum
1381 1815 1545 1854 sensu
1572 1798 1779 1868 pridem
1814 1799 2035 1866 vitaque
2064 1811 2250 1851 caren-

2349 1056 2642 1128 κυρούσης.
2674 1054 2830 1108 Οὕτω
2862 1053 2999 1123 δῆτα
3025 1052 3212 1105 λοιπὸν
3262 1050 3309 1101 οί
3335 1046 3602 1117 περίγειοι
3630 1041 3910 1111 δαίμονες
3930 1080 3948 1104 ,

2348 1150 2404 1201 οἵ
2426 1165 2487 1200 τε
2513 1148 2657 1217 ἀμφὶ
2683 1146 2773 1199 τὸν
2797 1145 2934 1215 ἀέρα
2974 1140 3434 1212 κοσμοκράτορες,
3462 1134 3554 1188 καὶ
3579 1133 3653 1185 τὰ
3683 1147 3946 1201 πνευμα-

2349 1238 2475 1291 τικὰ
2494 1238 2593 1305 τῆς
2624 1235 2906 1323 πονηρίαςγ
2936 1235 2991 1286 οῖ
3016 1251 3079 1285 τε
3108 1232 3201 1284 ἐπὶ
3259 1230 3421 1283 πᾶσιν
3468 1226 3657 1288 αὐτοῖς
3684 1225 3795 1293 τῆς
3838 1238 3936 1275 κα-

2270 1329 2277 1335 ’
2349 1327 2473 1389 κίας
2507 1325 2751 1398 ὲξέρχων
2785 1314 2922 1378 θεῶν
2962 1322 3144 1394 (69)οί
3182 1320 3421 1391 μέγιστοι
3456 1316 3607 1387 παρὰ
3623 1318 3747 1377 τοῖς
3776 1314 3928 1365 πᾶσιν

2350 1418 2677 1488 ἐνομίζοντο·
2713 1417 2747 1487 ἦ
2775 1433 2835 1469 τε
2860 1415 2971 1468 τῶν
3003 1414 3166 1467 πάλαι
3200 1408 3407 1483 νεκρῶν
3436 1409 3625 1479 μνήμη
3658 1405 3768 1475 τῆς
3818 1403 3918 1473 μεί-

2351 1508 2501 1573 ζονος
2546 1507 2763 1577 ἠξιοῦτο
2797 1504 3115 1579 θεραπείας·
3145 1497 3218 1556 ὧν
3246 1502 3344 1565 τὰς
3376 1501 3472 1570 μὲν
3503 1497 3612 1550 τῶν
3660 1494 3923 1564 σωμάτων

2353 1602 2493 1664 ίδέας
2520 1604 2567 1653 ot
2599 1600 2707 1654 τῶν
2741 1598 2881 1652 κατὰ
2934 1598 3117 1661 πόλεις
3160 1592 3546 1667 ἀφιερωμένων
3591 1588 3828 1641 εἰκόνων
3851 1586 3932 1656 φέ-

2352 1714 2465 1767 ρειν
2494 1696 2710 1749 ἐδόκουν
2733 1692 2911 1745 τύποι·
2940 1691 3038 1755 τὰς
3067 1690 3124 1743 δὲ
3148 1688 3322 1759 ψυχὰς
3350 1687 3444 1740 καὶ
3468 1684 3566 1747 τὰς
3592 1681 3821 1743 ἐνθέους
3842 1678 3931 1732 καὶ

2350 1786 2672 1856 ἀσωμάτους
2702 1784 2959 1853 δυνάμεις
2982 1782 3030 1834 οί
3062 1780 3254 1850 φαῦλοι
3301 1778 3551 1847 δαίμονες
3591 1770 3930 1842 καθυπκρίι

676 1890 814 1944 tium
844 1890 1105 1945 memoria
1148 1890 1538 1960 prolixioribus
1582 1888 1774 1944 ciliciis
1803 1890 2095 1950 coleretur,
2121 1902 2247 1942 cum

2350 1890 2497 1926 νοντο
2520 1872 2606 1925 διὰ
2633 1871 2831 1940 πολλῆς
2880 1871 2980 1941 τῆς
3031 1868 3427 1941 τεράτοποιίας
3470 1864 3562 1919 καὶ
3619 1861 3805 1915 αὐτῶν
3832 1859 3929 1932 ﬁt]

676 1996 866 2035 eorum
893 1990 944 2036 et
970 1983 1213 2051 corporis
1247 1982 1404 2051 182
1436 1982 1669 2050 speciem
1703 1980 2001 2049 imaginum
2026 1993 2121 2046 per
2135 1994 2242 2030 'ur-

680 2071 777 2127 bes
809 2083 1249 2127 consecratarum
1278 2073 1463 2142 ﬁgura:
1503 2084 1890 2142 representare
1918 2070 2246 2134 viderentur,

678 2175 733 2219 et
760 2167 973 2221 animos
1001 2183 1065 2222 ac
1098 2167 1308 2222 divinas
1335 2171 1794 2238 incorporeasque
1821 2166 2052 2221 virtutes
2081 2165 2247 2218 multa

681 2259 1075 2329 praastigiarum
1133 2260 1186 2314 vi
1238 2261 1459 2330 pessimi
1530 2260 1805 2315 daemones
1864 2258 2244 2312 mentirentur.

676 2346 830 2401 Adde
863 2363 1047 2416 porro,
1079 2350 1173 2419 qui
1212 2365 1402 2405 eorum
1442 2364 1562 2404 sese
1590 2347 1943 2419 religionibus
1967 2346 2249 2413 sacrisque

677 2436 1026 2502 devoverant,
1059 2450 1258 2494 novam‘
1284 2440 1337 2493 in
1369 2439 1485 2494 dies
1526 2448 1688 2507 atque
1728 2436 2048 2505 ampliorem
2097 2449 2248 2487 vana:

679 2532 1080 2599 superstitionis
1104 2547 1313 2601 pompm
1341 2532 1575 2599 speciem
1624 2529 1919 2592 addidisse,
1950 2542 2015 2581 ac
2036 2534 2246 2580 vetera-

678 2616 831 2671 toriis
859 2608 1228 2689 maleﬁci’sque
1250 2621 1460 2674 artibus
1490 2618 1673 2674 fucum
1699 2619 1902 2688 passim
1933 2617 2246 2673 hominibus

2350 1965 2459 2018 τῶν
2485 1963 2892 2036 θεραπευόντων
2950 1962 3044 2015 καὶ
3106 1960 3419 2032 ἱερωμένων
3460 1959 3669 2019 αὐτοῖς,
3722 1955 3825 2007 ἐπὶ
3871 1952 3929 2007 τὸ

2355 2058 2538 2129 μεῖζον
2564 2058 2649 2109 ἀεὶ
2680 2057 2770 2109 τὸν
2804 2058 2868 2108 ὲκ
2896 2055 2996 2124 τῆς
3042 2053 3338 2123 φαντασίας
3370 2051 3538 2119 τῦφον
3580 2047 3924 2115 ἀπαγόντων,

2354 2149 2447 2203 καὶ
2472 2150 2535 2219 δὴ
2565 2149 2657 2200 καὶ
2686 2149 2967 2219 γοητικαῖς
2996 2144 3368 2215 κακοτεχνίαις
3390 2141 3457 2194 τὰ
3480 2138 3645 2192 πολλὰ
3668 2152 3926 2189 cum»

2354 2241 2614 2311 ξομὲνων,
2648 2241 2747 2311 τῆς
2785 2239 3105 2294 καὶτούτων
3134 2234 3476 2296 διδασκαλίας
3520 2229 3698 2285 αὐτῶν
3762 2228 3923 2281 πάλιν

2353 2336 2459 2388 τῶν
2482 2335 2695 2403 φαύλων
2720 2334 2985 2404 δαιμόνων
3044 2333 3156 2394 τοῖς
3200 2326 3561 2400 θεραπεύουσι
3588 2337 3919 2395 ’προκαταρέ

2354 2426 2576 2493 ξάντων·
2604 2428 2654 2479 οἵ
2678 2444 2741 2493 γε
2768 2439 2792 2467 ι
2828 2422 2981 2494 γοῦν
3012 2424 3106 2477 καὶ
3166 2423 3265 2494 τῆς
3317 2416 3621 2493 ἀρχεκάκου
3669 2416 3919 2487 γοητείας

2354 2520 2517 2572 παντὶ
2535 2519 2613 2589 τῷ
2637 2520 2745 2571 τῶν
2768 2516 3068 2588 ἀνθρώπων
3102 2514 3198 2585 βίῳ
3226 2514 3568 2584 κατέστησαν
3600 2508 3781 2572 αἴτιοι,
3815 2506 3916 2560 ὠσ-

2352 2612 2552 2685 περοῦν
2576 2615 2604 2665 ό
2638 2612 2745 2683 πρὸ
2768 2610 2955 2663 τούτου
2985 2607 3226 2679 διήλεγξε
3260 2606 3430 2674 λόγος.

676 2704 1034 2779 fraudemque
1098 2710 1314 2767 fecisse.
1361 2711 1507 2779 Quas
1534 2714 1694 2769 etiam
1750 2712 1816 2767 ad
1870 2726 1958 2767 res
2019 2710 2321 2766 cultoribus
2358 2708 2754 2775 clientibusque
2787 2705 2902 2759 suis
2943 2703 3114 2757 facem
3167 2699 3397 2770 improbi
3429 2698 3704 2753 daemones
3728 2691 3919 2765 prafe-

675 2806 891 2870 i'ebant,
928 2822 1068 2877 quos
1131 2810 1319 2879 utique
1362 2810 1743 2866 fascinationis
1797 2810 1983 2875 illius,
2032 2821 2153 2875 qua!
2184 2805 2451 2859 malorum
2491 2804 2735 2858 omnium
2767 2811 2928 2871 caput
2971 2800 3093 2866 fuit,
3148 2812 3376 2869 quaeque
3408 2796 3705 2850 humanum
3748 2805 3909 2865 genus

677 2898 917 2966 pervasit
960 2901 1273 2956 universum
1300 2942 1315 2967 ,
1371 2902 1610 2956 artiﬁces
1662 2901 1936 2957 exstitisse
1986 2895 2257 2968 s‘uperiori
2296 2894 2664 2965 disputatione
2694 2892 3053 2948 ostendimus.

1275 2992 1501 3049 CAPUT
1554 2993 1645 3049 lll.

2882 2983 3277 3039 ΚΕΦΑΛΑΙΟΝ
3317 2982 3392 3035 Γ’.

690 3097 876 3153 Varias
907 3117 969 3156 ac
1009 3100 1325 3170 multiplices
1352 3102 1654 3157 ercorum
1696 3106 1943 3159 adversus
1991 3105 2114 3159 deos
2161 3122 2250 3159 su-

2353 3104 2482 3157 Ὄτι
2510 3100 2889 3169 πολυσχιδὴς
2931 3099 3028 3153 καί
3087 3091 3491 3170 πολυπώμωζ·
3535 3091 3574 3158 ἠ
3617 3083 3886 3170 aspidm?

1081 3174 1405 3240 perstitionis
1436 3184 1603 3228 sectas
1652 3176 1836 3245 fuisse.

724 3258 887 3333 4Ergo
921 3274 1030 3318 tam
1063 3265 1311 3320 scelerati
1354 3266 1441 3321 isti
1484 3283 1549 3323 ac
1596 3276 1860 3323 terrarum
1914 3270 2111 3325 accola:
2141 3270 2252 3326 dx-

679 3369 889 3422 mones,
922 3372 1086 3426 quam
1119 3358 1203 3413 vel
1250 3358 1385 3412 aerii
1421 3360 1503 3413 vel
1547 3363 1746 3415 terreni
1803 3362 2061 3432 spiritus,
2111 3379 2251 3433 quos

679 3446 866 3500 mundi
896 3457 1132 3503 rectores
1154 3490 1167 3512 ,
1203 3456 1271 3505 ‘ac
1297 3452 1567 3520 spiritales
1605 3454 1861 3523 nequitia:
1908 3456 2251 3525 principatus

680 3547 844 3606 atque
886 3546 1181 3606 potestates
1224 3541 1420 3595 divinae
1476 3542 1670 3597 litterae
1724 3554 2072 3613 nuncupant,
2126 3562 2249 3601 cum

682 3626 843 3682 modo
879 3623 1145 3682 bonorum
1174 3631 1455 3697 geniorum
1488 3647 1776 3702 personam
1827 3635 2149 3706 vultumque
2174 3636 2251 3691 si-

682 3721 967 3787 mularent,
997 3723 1161 3777 modo
1192 3724 1495 3778 caalestium
1549 3726 1711 3779 etiam
1754 3728 2005 3795 deorum,
2029 3740 2124 3784 aut
2154 3735 2253 3786 he-

682 3823 838 3869 roum
879 3816 1112 3884 speciem
1150 3831 1213 3870 ac
1242 3816 1469 3871 formam
1506 3819 1831 3886 induerent,
1880 3827 2124 3892 adeoque
2163 3841 2252 3879 re-

682 3907 784 3962 bus
810 3908 941 3976 ipsis
970 3909 1225 3976 nequitiae
1266 3925 1377 3963 sua:
1410 3911 1684 3979 specimen
1720 3913 1895 3982 palam
1953 3914 2057 3983 ipsi
2108 3932 2252 3969 non.

682 4013 960 4066 nunquam
993 4008 1155 4068 atque
1183 4011 1365 4068 aperte
1415 4004 1761 4058 ostenderent
1789 4024 1801 4059 :
1832 4006 1965 4060 nihil
2006 4006 2251 4076 profecto

684 4088 903 4154 mirum,
926 4090 972 4142 si
1006 4090 1282 4159 multiplex
1312 4094 1595 4148 hominum
1629 4112 1749 4151 sese
1785 4098 1982 4152 animis
2009 4099 2171 4153 altius
2196 4099 2251 4152 in

682 4180 799 4233 dies
831 4196 985 4235 error
1025 4182 1285 4238 insereret
1310 4204 1323 4239 :
1358 4201 1482 4240 cum
1508 4202 1604 4241 eos
1630 4189 1723 4242 alii
1746 4190 1898 4253 deos,
1929 4191 2125 4245 heroas
2155 4206 2262 4243 seu-

682 4272 959 4327 daemouas
1001 4274 1115 4335 alii,
1148 4276 1277 4330 deos
1322 4291 1453 4330 vero
1480 4294 1826 4348 nequaquam
1864 4296 1986 4335 esse
2015 4280 2251 4335 fateren-

606 4438 609 4439 ν
684 4374 793 4430 tur,
826 4380 889 4419 ac
940 4366 1243 4421 daemonum
1294 4368 1535 4438 ipsorum
1584 4371 1721 4427 alios
1774 4372 1946 4426 bonos
2004 4374 2261 4441 specioso

2527 3176 2653 3240 τοῖς
2694 3161 2955 3237 ’Ἑλλήσι
2989 3161 3265 3231 συνέστη
3291 3161 3739 3231 δεισιδαιμονία.

2423 3288 2639 3339 Τούτων
2688 3280 2975 3353 τοιγαροῦν
3029 3281 3136 3334 τῶν
3186 3276 3471 3350 μοχθηρῶν
3512 3276 3605 3329 καὶ
3632 3271 3895 3344 περιγείων

2350 3379 2640 3448 δαιμόνων,
2671 3375 2780 3429 τῶν
2831 3392 2890 3427 τε
2927 3372 3125 3444 ἀερίων
3153 3371 3247 3424 καὶ
3281 3368 3647 3440 καταχθονίων
3676 3362 3897 3433 πνευμά-

2350 3485 2478 3530 των,
2504 3466 2596 3529 οὒς
2620 3463 3087 3535 κοσμοκράτορας,
3119 3463 3211 3516 καὶ
3247 3457 3620 3531 πνευματικὰς
3651 3452 3895 3523 πονηρίας

2352 3560 2522 3633 ἀρχάς
2547 3576 2606 3610 τε
2636 3556 2728 3609 καὶ
2756 3555 3003 3619 ἐξουσίας
3030 3557 3079 3607 οἱ
3108 3553 3240 3607 θεῖοι
3266 3552 3413 3619 λόγοι
3436 3544 3899 3621 προσαγορεύωσι,

2351 3632 2470 3703 τοτὲ
2508 3650 2604 3719 μὲν
2634 3650 2713 3710 εἰς
2748 3646 2987 3714 ἀγαθοὺς
3007 3645 3264 3716 δαίμονας
3290 3638 3749 3710 ὑποκρινομένων,
3796 3632 3903 3685 τοτὲ

2351 3742 2407 3795 δὲ
2438 3743 2517 3803 είς
2560 3738 2841 3809 οὐρανίους
2872 3736 3027 3798 θεοὺς
3081 3729 3587 3805 σχηματιζομένων,
3639 3726 3732 3778 καὶ
3758 3722 3903 3776 πάλιν

2352 3832 2536 3887 ἄλλοτε
2569 3831 2647 3892 είς
2673 3819 3437 3899 ἧρωαςμεταμορφουμὲνων,
3474 3816 3588 3868 ἔστι
3625 3814 3667 3866 δ’
3695 3815 3795 3881 ὅπη
3824 3813 3906 3865 άν-

2350 3940 2542 3993 τικρυς
2580 3920 2665 3974 διὰ
2690 3920 2797 3971 τῶν
2823 3916 3114 3990 δρωμένων
3141 3912 3237 3981 τῆς
3274 3907 3574 3980 μοχθηρίας
3620 3903 3700 3993 τὸῗ
3721 3902 3903 3993 δεῖγμα

2353 3991 2819 4086 παραφαινόντωψ
2853 4007 3077 4067 είκὸτως
3124 4000 3290 4062 πολὺς
3395 3996 3595 4086 πλάνος
3616 3991 3903 4086 ἀνθρώποις

2352 4083 2654 4174 ἔτι-μᾶλλον
2682 4100 2837 4171 ἐπῄει
2863 4097 2970 4151 τῶν
2998 4095 3096 4166 μὲν
3130 4090 3285 4153 θεοὺς
3308 4084 3468 4152 εῖναι,
3520 4084 3631 4138 τῶν
3654 4084 3710 4137 δὲ
3732 4083 3903 4153 ἥρωας

2319 4191 2328 4201 ’
2354 4201 2446 4252 καὶ
2463 4173 2756 4267 δαίμονας,
2781 4192 2895 4246 ἀλλ’
2924 4190 2983 4243 οὐ
3015 4173 3170 4248 θεοὺς
3193 4182 3456 4251 ὑπάρχειν
3484 4178 3898 4250 ὁμολογούντων·

2355 4292 2447 4345 καὶ
2472 4290 2580 4341 τῶν
2598 4286 2866 4356 δαιμόνων
2890 4281 3014 4342 τοὺς
3051 4276 3148 4347 μὲν
3188 4271 3425 4341 ἀγαθοὺς
3461 4269 3900 4356 ἐπιφημιζόντων,

2353 4380 2459 4433 τῶν
2486 4379 2513 4418 b
2544 4378 2600 4429 δὲ
2640 4355 2946 4445 φαυλότατα
2988 4364 3098 4437 (7o)
3155 4360 3572 4424 ἐπικαλούντων,
3617 4360 3755 4429 πλὴν
3784 4355 3903 4410 ἀλλὰ

684 4457 922 4519 nomine,
950 4457 1083 4510 alios
1110 4468 1295 4511 contra
1320 4460 1552 4529 pessime
1573 4462 1923 4531 appellarent,
1953 4464 2033 4518 sic
2062 4476 2241 4520 tamen

2350 4472 2454 4525 δεῖν
2477 4468 2791 4540 φασκόντων
2824 4463 2918 4516 καὶ
2958 4460 3086 4520 τοὺς
3142 4453 3380 4525 φαύλους
3422 4451 3775 4517 ὲξιλεοῦσθαι,
3817 4447 3905 4540 διὰ

682 4563 743 4608 ut
774 4552 1011 4608 nefarios
1042 4555 1200 4608 etiam
1235 4556 1387 4623 illos,
1437 4559 1505 4612 ad
1554 4561 1912 4616 amoliendam
1947 4570 2133 4617 eorum
2160 4580 2251 4618 ve-

682 4648 975 4710 xationem,
1009 4647 1286 4702 conciliari
1338 4649 1651 4720 placarique
1700 4654 1913 4709 vellent.
1954 4654 2139 4725 Itaque
2181 4656 2249 4710 li-

682 4745 822 4789 ctam
858 4738 1005 4792 illam
1037 4740 1321 4793 numimun
1354 4742 1687 4795 molitionem
1730 4745 1912 4813 plures
1950 4748 2003 4800 in
2046 4748 2249 4802 classes

685 4829 911 4882 divisam
942 4846 1004 4885 ac
1035 4842 1236 4886 sectam
1290 4833 1546 4887 habuere.
1598 4833 1778 4890 Prima
1829 4840 2069 4893 siderum
2130 4840 2251 4893 illo-

685 4936 804 4973 rum
832 4930 932 4980 est,
963 4939 1082 4990 qua:
1111 4934 1410 4980 cernuntur
1438 4926 1490 4979 in
1518 4928 1676 4991 coelo,
1697 4944 1833 4994 quos
1860 4933 2023 4985 etiam
2050 4931 2259 5000 princi-'

684 5026 778 5080 pes
808 5014 1047 5064 omnium
1083 5012 1255 5077 θεούς,
1282 5018 1433 5078 deos,
1465 5018 1660 5086 partim
1691 5033 1719 5071 a
1766 5022 1928 5075 verbo
1952 5021 2115 5087 θέειν,
2145 5023 2250 5076 hoc

686 5114 768 5158 est
796 5120 1035 5168 currere,
1069 5108 1261 5173 partim
1302 5109 1369 5162 ab
1397 5111 1567 5165 altero
1607 5111 1852 5182 θεωρεῖν.
1880 5117 2022 5182 quod
2054 5124 2244 5179 estea,

687 5214 805 5266 qua:
833 5200 935 5253 sub
968 5209 1244 5268 aspectum
1273 5201 1492 5269 cadunt,
1520 5206 1896 5274 contemplari,
1930 5209 2087 5278 cujus
2114 5218 2247 5262 con-‘

761 5348 785 5374 ι
826 5334 930 5389 del.
970 5334 1054 5404 γέ.
1129 5333 1160 5375 1³
1202 5332 1285 5387 τσ.
1326 5332 1473 5398 τούς.

761 5471 870 5539 (69)
906 5471 1204 5543 Ἐξάρχων
1248 5471 1419 5529 θεῶν.
1472 5473 1706 5529 Omnino
1758 5473 1971 5542 legend.
2016 5473 2250 5543 videtur.

691 5542 947 5617 ἐξῆρχον,
968 5541 1113 5612 quod
1143 5546 1280 5600 idem
1307 5553 1572 5617 est_atque
1597 5541 1858 5617 ὑπῆρχον,
1880 5545 2114 5617 itemque
2140 5541 2253 5617 dis-

694 5614 1045 5682 tinguendum
1095 5625 1215 5684 post
1253 5615 1496 5669 eamdem
1528 5614 1957 5671 'vocei‘uI‘Porro
2005 5614 2256 5684 Theodo-

694 5696 841 5738 retus
886 5685 974 5756 lib.
1024 5700 1055 5756 κ
1096 5683 1171 5739 De
1206 5685 1440 5741 ercor.
1485 5685 1871 5756 aﬂ'ectionibua,
1914 5687 2035 5756 ipso
2070 5683 2253 5739 statim

695 5756 869 5827 initio,
898 5755 1170 5827 si_n_iillima
1202 5757 1457 5827 disputat.
1654 5780 1655 5783 η
1691 5746 1695 5808 l

767 5825 877 5899 (το)
921 5823 1043 5878 Τῶν
1073 5824 1140 5879 δὲ
1167 5823 1527 5895 garrulorum.
1562 5824 1791 5883 Montac.
1815 5868 1830 5897 ,
1862 5828 1988 5889 τοὺς
2034 5826 2087 5880 δὲ
2123 5841 2259 5895 φαυ-

2354 4564 2454 4627 τὰς
2487 4538 2545 4626 ἐξ
2571 4558 2747 4613 αὐτῶν
2769 4553 2995 4625 βλάϐαςκ
3048 4548 3187 4601 ὥστε
3227 4549 3323 4618 τὴν
3368 4547 3546 4599 πᾶσαν
3580 4544 3763 4603 αὐτοῖς
3809 4538 3907 4591 θεο-

2355 4656 2537 4710 ποιίαν
2564 4655 2643 4714 είς
2671 4649 2784 4716 εἴδη
2832 4644 3052 4697 πλείονα
3083 4641 3461 4694 καταπίπτειν
3490 4636 3703 4708 πρῶτον
3738 4633 3828 4702 μὲν
3853 4630 3904 4683 τὸ

2355 4750 2419 4800 ἐκ
2445 4746 2552 4798 τῶν
2592 4738 2941 4811 φαινομένων·
2957 4734 3076 4789 κατ’
3101 4733 3324 4805 οὐρανὸν
3353 4731 3675 4802 φωστήρων,
3702 4723 3795 4787 οὓς
3822 4721 3903 4776 καί

2354 4856 2485 4908 φασι
2505 4837 2593 4890 διὰ
2615 4834 2675 4886 τὸ
2703 4831 3029 4901 θέειν,οὸπερ
3052 4827 3169 4881 ἐστὶ
3192 4826 3422 4897 τρέχειν,
3445 4820 3534 4874 διά
3549 4836 3607 4871 τε
3628 4818 3689 4870 τὸ
3720 4816 3905 4879 αίτίους

2357 4926 2495 4981 εἶναι
2514 4925 2607 4978 τοῦ
2634 4924 2857 4991 θεωρεῖν
2899 4919 2967 4973 τά
3007 4917 3279 4991 ὁρώμενα,
3336 4909 3583 4982 πρώτους
3612 4908 3766 4972 θεοὺς
3794 4909 3906 4976 dva—

2354 5015 2662 5089 γορεῦσθαιο
2692 5013 2939 5083 δεύτερον
2968 5010 3025 5063 τὸ
3064 5007 3153 5061 διὰ
3209 5004 3318 5074 (Ἡ)
3352 4999 3449 5062 τὰς
3492 5000 3574 5062 εἰς
3620 5000 3711 5052 τὸν
3746 4996 3907 5051 κοινὸν

2356 5111 2488 5181 βίον,
2512 5108 2587 5172 ὣς
2614 5116 2794 5178 φασιν,
2818 5102 3137 5176 εὐεργεσίας
3159 5090 3625 5163 ἐκτετιμημὲνων,
3642 5091 3748 5163 ὃδὴ
3762 5090 3907 5154 seav-

2353 5202 2583 5276 θρώπων
2597 5199 2949 5272 γεγεννῆσθαι
2967 5188 3226 5253 καὶ-αὑτοὶ
3240 5183 3582 5258 ὁμολογοῦσι,
3598 5186 3724 5248 τοὺς
3738 5182 3907 5238 καλου·

2356 5471 2627 5526 λστάτους.

2428 5490 2640 5614 ἱζῖῗυῖό
2668 5538 3059 5614 διάχιεεθοᾶ.
3092 5537 3255 5614 credo
3281 5537 3365 5614 v_el
3396 5537 3457 5589 τὸ
3570 5533 3682 5614 τῶν
3710 5527 3824 5614 διᾴ,
3848 5538 3909 5614 9t

2357 5601 2533 5681 paulo,
2552 5623 2675 5667 ante
2707 5601 2928 5682 πρῶτον
2946 5610 3041 5678 μὲν
3074 5610 3135 5682 το
3167 5612 3229 5663 ὲκ
3257 5608 3385 5682 τίῆν,
3414 5601 3908 5682 νει-εαιιοηιτὸτῶν

2358 5674 2462 5737 διὰ.
2514 5684 2668 5751 Quod
2694 5683 2738 5736 si
2752 5674 2830 5734 "ne
2858 5674 2964 5733 τῶν
2993 5681 3210 5749 quidem
3240 5678 3439 5732 addere
3466 5674 3755 5751 placuerit,
3781 5688 3907 5751 τετι-

2363 5742 2619 5825 μημέἶων
2649 5752 2791 5824 quod
2816 5742 3079 5824 sequitur,
3133 5752 3187 5808 in
3214 5742 3570 5819 τετιμημένον
3603 5742 3903 5799 mutandum

2359 5837 2483 5882 erit.
