4044 6334
186 416 316 472 317

1377 415 1695 473 ΡΒΕΡΑΒ.
1736 416 1984 473 EVANG.
2022 418 2147 473 LIB.
2186 418 2246 472 ν.

3314 426 3415 483 518

190 532 405 604 μένως
430 537 614 607 ἥρωας
642 538 1059 610 παραφέροντες,
1090 535 1356 607 Ἠρακλέα
1387 535 1480 589 καὶ
1505 534 1749 589 Διοσκούη

1858 536 2221 604 templationis
2259 546 2509 590 auctores
2540 536 2577 589 ii
2617 537 2746 601 sint,
2770 538 3079 593 nominatos
3108 555 3229 595 esse
3262 542 3419 596 dicti-

190 641 355 695 ρως,
368 629 612 681 Διόνυσόν
624 647 683 682 τε
699 631 926 692 καὶτοὺς
940 630 1085 700 παρά
1100 631 1205 690 τοῖς
1220 626 1505 697 βαρϐάροις
1518 627 1755 695 ὁμοίους·

190 714 269 780 ἐξ
294 709 372 768 ὧν
401 719 756 790 ἀφορίσαντες
787 721 878 772 καὶ
908 718 1329 788 διαστειλάμενοι
1370 714 1439 769 τὰ
1486 719 1611 785 περὶ
1650 715 1759 766 τῶν

193 806 387 861 αὐτῶν
416 811 738 881 αἰσχρότερα
772 810 1233 882 μνημονευόμενα,
1268 808 1446 879 τρίτον
1474 803 1610 869 εἶδος
1643 805 1760 858 θεο-

194 898 386 962 totius;
413 900 692 966 ὑπέθεντο,
728 901 947 972 μυθικὸν
984 902 1112 953 αὐτὸ
1153 899 1569 960 ἐπικαλέσαντες
1593 914 1606 926 ο
1639 897 1666 947 ὃ
1695 897 1757 967 δὴ

199 990 671 1059 ὲπαισχυνθέντες,
742 991 943 1062 καίπερ
1004 990 1197 1060 ἀληθὲς
1264 992 1357 1042 καὶ
1408 987 1757 1040 παλαιότατον

204 1079 486 1149 τυγχάνον,
523 1082 615 1133 ὲπὶ
642 1082 700 1134 τὸ
732 1081 1115 1152 φυσικώτερον,
1144 1080 1217 1143 ῶς
1244 1097 1394 1148 φασι,
1424 1077 1755 1148 μεταϐεϐλή-

213 1189 327 1225 κασι
356 1174 786 1245 τροπικωτέραις
828 1174 1193 1245 ἀλληγορίαις,
1239 1172 1466 1242 θεωρίας
1501 1172 1561 1243 δή
1606 1189 1757 1233 τινας

207 1265 729 1335 εὐρεσιλογήσαντες.
770 1265 908 1318 Ἀλλ’
927 1266 1035 1320 οὐδ’
1062 1268 1139 1325 είς
1166 1264 1321 1316 τοῦτο
1355 1263 1557 1333 πλάνης
1578 1264 1757 1323 αὐτοῖς

202 1357 446 1424 ἀπήρκει
485 1357 740 1427 μετιέναι.
775 1356 909 1428 Ἤδη
956 1354 1011 1409 δὲ
1057 1358 1147 1408 καὶ
1190 1354 1346 1426 μέχρι
1389 1355 1497 1406 τῶν
1542 1354 1755 1406 οἰκείων

198 1447 388 1499 παθῶν
442 1448 503 1499 τὸ
566 1447 855 1517 σεϐάσμιον
897 1444 1405 1516 καϊςηπροσκυνητὸν
1451 1444 1620 1513 ὄνομα
1663 1441 1755 1493 τοῦ

199 1536 339 1590 Θεοῦ
366 1536 778 1602 καταϐαλόντες,
811 1537 1062 1608 τέταρτον
1099 1536 1367 1599 θεοποιίας
1393 1536 1758 1605 προσεπενόη-

195 1646 297 1681 σαν
330 1629 563 1699 τρόπον,
592 1630 700 1683 οὐδ’
737 1631 1101 1700 ἀντιρρήσεως
1133 1628 1299 1695 ἄξιον,
1343 1628 1418 1698 τῷ
1458 1628 1551 1679 καὶ
1595 1627 1755 1679 αὐτὸν

197 1725 472 1793 προφανὲς
514 1723 809 1791 ἐπάγεσθαι
850 1723 909 1775 τὸ
938 1718 1155 1792 αἶσχος
1193 1724 1240 1773 εἰ
1278 1721 1340 1791 δή
1374 1737 1493 1772 τινα
1540 1720 1756 1789 Ἔρωτα

188 1813 288 1865 καὶ
344 1813 660 1885 Ἀφροδίτην
702 1813 793 1865 καὶ
840 1812 1028 1876 Πόθον,
1082 1811 1179 1873 τὰς
1223 1811 1450 1881 αἰσχρὰς
1488 1794 1579 1861 καὶ
1629 1810 1755 1860 ἁκο-

187 1899 427 1965 ὶάστους
467 1902 643 1957 αὐτῶν
669 1900 958 1971 ἐπιθυμίας
987 1900 1139 1964 θεοὺς
1171 1901 1509 1962 ἀνειπόντες·
1543 1899 1636 1951 καὶ
1664 1897 1753 1947 τὸν

192 1992 297 2064 μὲν
323 1992 481 2061 λόγον
520 1991 742 2063 Ἑρμῆν,
782 1990 871 2044 τὸν
912 1991 969 2044 δὲ
1001 1991 1255 2061 λογισμὸν
1300 1990 1528 2061 Ἀθηνᾶν
1562 1992 1747 2041 ἐπονο-

193 2086 499 2153 μάσαντες
537 2084 630 2137 καὶ
665 2082 837 2138 ταῦτα
867 2085 933 2155 τῇ
976 2083 1149 2152 οἰκεία
1178 2082 1544 2152 παρειλήφασι
1577 2080 1752 2133 θεολο-

184 2175 306 2246 Tia,
342 2174 422 2238 ὡς
453 2176 545 2227 καὶ
576 2174 635 2227 τὸ
678 2175 921 2246 πέμπτον
949 2176 1013 2226 ἐκ
1039 2173 1143 2225 τῶν
1171 2174 1230 2225 ἐν
1266 2172 1570 2243 ἀνθρώποις
1602 2187 1749 2239 γινοοο

194 2267 369 2337 μένων
394 2268 729 2338 πραγμάτων
752 2266 1204 2335 ἀναπλασάμενοι.
1229 2266 1339 2327 Τὰς
1350 2266 1457 2335 γὰρ
1474 2264 1751 2335 ἐνεργείας

192 2361 287 2423 τάς
313 2377 375 2412 τε
422 2359 738 2429 πολεμικὰς,
785 2360 877 2412 καὶ⁴
920 2359 1017 2420 τὰς
1048 2358 1297 2428 τεχνικάς
1346 2358 1752 2429 ἀνειδωλοποιή-

194 2467 405 2515 σαντες,
436 2450 577 2512 θεοῖς
614 2451 908 2520 ἀπένειμαν
928 2468 939 2478 ·
974 2450 1127 2520 "Aper.
1159 2450 1254 2519 μὲν
1285 2450 1376 2500 καὶ
1417 2447 1612 2517 Ἀθηνᾷ
1654 2446 1751 2510 τάς

187 2539 505 2611 πολεμικὰς,
542 2540 817 2611 Ἡφαίστῳ
844 2541 899 2593 δὲ
926 2543 1015 2593 καί
1052 2558 1189 2593 τισιν
1224 2540 1425 2609 ἑτέροις
1452 2538 1547 2600 τὰς
1576 2555 1749 2607 τεχνι-

184 2633 315 2694 id;
365 2634 483 2684 Ἐπὶ
520 2634 654 2685 πᾶσι
684 2631 892 2695 τούτοις
919 2632 1073 2685 ἕκτον
1100 2634 1192 2684 καὶ
1236 2630 1459 2699 ἕϐδομον
1486 2626 1622 2692 εἶδος
1653 2631 1747 2682 αὑ-

187 2726 309 2786 τοῖς
337 2724 400 2777 τὺ
432 2724 730 2793 δαιμονικὸν
774 2724 1133 2796 παρεισήχθη,
1172 2722 1501 2792 πολύτροπον
1531 2721 1741 2790 ἀληθῶς

188 2815 458 2884 τυγχάνον
492 2817 587 2869 καὶ
623 2816 989 2887 πολύμορφον,
1028 2816 1145 2867 τοτὲ
1188 2815 1284 2884 μὲν
1329 2813 1481 2877 θεοὺς
1524 2816 1749 2882 ὑποκρι-

183 2910 434 2978 νόμενον,
467 2912 587 2962 τοτὲ
629 2910 683 2962 δὲ
716 2909 889 2978 ψυχὰς
913 2908 1267 2978 τεθνηκότων,
1300 2907 1393 2959 καὶ
1439 2907 1602 2977 μηδὲν
1651 2906 1747 2974 μὲν

182 3004 272 3062 είς
294 3001 495 3070 ἀρετὴν
520 3001 694 3070 ψυχῆς
724 2998 1174 3070 συμϐαλλόμενον,
1209 2995 1537 3059 ὲπιτωθάζον
1558 2995 1613 3045 δὲ
1638 2996 1744 3059 ἀεὶ,

176 3095 282 3157 καὶ
320 3092 465 3145 κατὰ
495 3091 754 3164 κρημνῶν
785 3090 945 3160 φέρον
972 3089 1058 3153 διὰ
1100 3089 1200 3158 τῆς
1231 3087 1507 3158 ἀπατηλοῦ
1540 3085 1745 3154 πλάνης

1862 635 1993 680 tant.
2026 627 2106 679 Ad
2140 628 2431 681 secundam
2453 631 2739 697 pertinent,
2774 631 2864 699 qui
2898 631 3010 683 suis
3036 671 3050 693 ,
3100 641 3159 684 ut
3198 634 3415 700 quidem

1859 718 2029 782 aiunt,
2065 719 2118 770 in
2151 718 2445 772 humanum
2474 736 2641 789 genus
2689 722 2893 775 meritis
2943 722 2993 773 id
3034 731 3157 775 sunt
3194 723 3417 777 honoris

1866 810 2180 876 consecuti,
2228 826 2367 879 quos
2414 811 2651 864 humano
2701 813 2959 882 sanguine
2997 827 3142 867 satos
3176 813 3413 868 fatentur
3470 794 3476 799 ⁸

1859 898 1960 966 ipsi
1998 914 2213 967 quoque
2237 940 2251 963 ,
2288 900 2415 952 dum
2469 915 2599 955 suos
2643 899 2762 954 illos
2806 904 3018 962 heroas,
3054 904 3130 955 uti
3176 914 3369 957 vocant
3396 946 3413 965 ,

1858 989 2178 1056 llerculem,
2208 990 2578 1061 Tyndaridas,
2622 991 2920 1057 Bacchum,
2972 1004 3025 1047 et
3079 996 3311 1064 reliquos
3359 997 3413 1050 id

1858 1100 2027 1153 genus
2059 1084 2385 1154 producunt,
2419 1085 2771 1139 barbarorum
2825 1102 2917 1140 ore
2967 1089 3221 1155 cultuque
3271 1089 3415 1145 cele-

1858 1175 2060 1228 bratos.
2100 1173 2254 1242 183
2283 1172 2522 1238 Quorum
2548 1190 2611 1228 ex
2644 1192 2803 1245 grege
2832 1178 3079 1245 sepositis
3104 1193 3164 1230 ac
3188 1178 3413 1232 seclusis

1858 1266 1944 1330 iis,
1978 1282 2097 1335 quae
2152 1268 2356 1335 majore
2412 1274 2475 1319 de
2527 1268 2631 1323 illis
2670 1284 2789 1322 cum
2850 1268 3071 1322 infamia
3106 1270 3411 1338 probroque

1856 1356 2203 1424 ferebantur,
2263 1362 2478 1411 tertium
2520 1360 2677 1413 nobis
2721 1360 3015 1413 divinitatis
3056 1376 3223 1427 genus
3260 1361 3409 1414 inve-

1856 1465 2003 1514 xere,
2029 1450 2169 1518 quod
2221 1451 2520 1504 fabulosum
2562 1452 2663 1519 ipsi
2707 1462 3103 1520 nuncuparunt.
3158 1450 3298 1505 ldem
3330 1461 3412 1505 ta-

1856 1557 1999 1602 men,
2029 1544 2173 1609 quod
2204 1543 2430 1596 nimium
2476 1544 2576 1597 sibi
2608 1545 2827 1609 pudoris
2870 1544 3103 1605 aﬂerret,
3129 1560 3312 1597 verum
3343 1545 3406 1597 li-

1856 1642 1939 1687 cet
1962 1648 2025 1687 ac
2052 1634 2504 1697 vetustissimum,
2542 1636 2607 1689 ad
2647 1651 2827 1688 rerum
2873 1636 3198 1689 naturalium
3244 1637 3410 1689 ratio-

1856 1738 1972 1789 nes,
2004 1732 2063 1777 ut
2091 1724 2404 1792 loquuntur,
2434 1724 2703 1793 ailegoriis
2739 1740 2947 1777 morum
2983 1724 3240 1777 doctrina:
3273 1740 3407 1779 con-

1850 1814 2231 1882 junctioribus,
2262 1816 2539 1867 etartibus
2565 1814 2974 1883 philosophandi
3022 1815 3174 1868 novis
3222 1816 3408 1869 tradu-

1852 1920 1975 1960 cere
2008 1916 2133 1959 sunt
2164 1921 2225 1958 ac
2263 1904 2581 1973 detorquere
2611 1904 2809 1959 conati.
2844 1902 3157 1976 Quanquam
3206 1918 3272 1955 ne
3303 1903 3406 1955 hoc

1852 1998 2064 2066 quidem
2093 1997 2293 2050 erroris
2314 1996 2366 2048 iu
2384 1996 2547 2065 gradu
2576 1994 2764 2048 sistere
2791 2004 3097 2064 potuerunt.
3117 1993 3237 2047 Jam
3263 1994 3405 2046 enim

1850 2088 1917 2141 ad
1969 2089 2214 2156 proprias
2257 2088 2418 2141 etiam
2470 2088 2791 2155 cupiditates
2840 2088 3202 2140 venerandum
3275 2086 3404 2138 illud

1850 2176 2107 2245 omnique
2157 2178 2377 2245 dignum
2406 2178 2625 2229 .honore
2666 2177 2758 2230 Dei
2807 2193 2999 2230 nomen
3052 2177 3403 2245 ahjecerunt:

1851 2277 2040 2339 quarta
2076 2270 2294 2337 insuper
2326 2269 2618 2324 divinitatis
2650 2268 2876 2323 conficta
2910 2270 3107 2338 specie,
3132 2284 3294 2338 quam
3338 2284 3406 2321 ne

1850 2341 2216 2418 confutatione
2245 2362 2457 2429 quidem
2502 2361 2715 2429 dignam
2747 2362 3017 2426 existimo,
3049 2362 3193 2431 quod
3237 2378 3392 2415 suam

1850 2456 2078 2523 ipsamet
2106 2453 2487 2522 turpitudinem
2528 2469 2637 2522 prae
2662 2468 2718 2507 se
2751 2452 2921 2517 ferre,
2967 2463 3127 2522 atque
3160 2455 3399 2505 omnium

1850 2551 1903 2603 in
1936 2548 2107 2603 oculis
2138 2547 2369 2612 defigere
2398 2546 2661 2596 videatur.
2718 2545 2925 2613 Quippe
2953 2584 2966 2607 ,
3011 2544 3291 2613 ﬂagitiosis
3325 2542 3400 2596 illi

1849 2639 1962 2694 suis
2009 2636 2414 2705 prolligatisque
2443 2632 2785 2695 libidinibus,
2819 2634 3032 2685 Amoris
3070 2632 3251 2685 nescio
3305 2647 3401 2687 cu-

1843 2730 1953 2800 jus,
1986 2726 2226 2787 Veneris,
2273 2733 2325 2777 et
2348 2721 2629 2791 Cupidinis
2677 2723 2829 2790 quasi
2878 2722 3100 2775 deorum
3136 2738 3401 2790 quorum-

1848 2823 1969 2877 dam
2004 2834 2197 2873 nomen
2225 2816 2482 2870 indidere.
2530 2815 2606 2869 Ae
2634 2815 2739 2866 vim
2766 2814 2972 2867 dicendi
2997 2814 3233 2882 quidem,
3254 2813 3394 2867 Mer-

1847 2908 2078 2972 curium,
2107 2904 2405 2959 disserendi
2460 2920 2624 2968 vero,
2676 2902 2965 2956 Minervam
3022 2904 3396 2971 appellarunt.

1847 2999 2115 3067 simulque
2148 3012 2302 3051 suam
2350 2994 2615 3063 ejusmodi
2661 3010 2876 3063 quoque
2926 2994 3089 3047 rebus
3121 2994 3399 3062 theologia:

1846 3089 2108 3142 rationem
2138 3087 2477 3153 assignantes
2504 3122 2518 3145 ,
2565 3083 2808 3152 quintum
2859 3098 2922 3135 ex
2954 3083 3039 3147 iis,
3074 3096 3191 3150 qua:
3224 3082 3401 3135 homi-

178 3184 367 3239 πάντα
389 3184 478 3235 τὸν
514 3184 907 3254 δεισιδαίμονα·
939 3183 988 3249 ὃ,
1026 3182 1119 3235 καλ¹
1164 3181 1292 3233 αὐτὸ
1337 3180 1509 3231 διόλου
1547 3178 1745 3245 φαῦλον

1849 3194 1976 3232 nttm
2005 3176 2061 3230 in
2087 3169 2251 3229 vitam
2281 3175 2557 3227 incurrere
2585 3172 2777 3235 solent,
2809 3187 2977 3240 genus
3007 3170 3396 3225 conflaverant.

175 3277 266 3339 ὃν,
300 3277 383 3338 εἰς
410 3274 503 3327 δύο
528 3275 807 3339 διελόντες,
837 3273 917 3335 εἷς
939 3290 997 3325 τε
1023 3272 1084 3324 τὸ
1114 3269 1420 3339 βλαπτικὸν,
1456 3268 1547 3321 καὶ
1572 3269 1649 3328 εἰς
1681 3268 1739 3319 τὸ

1849 3272 1951 3326 Res
1977 3270 2118 3323 enim
2146 3282 2249 3320 non
2273 3265 2433 3318 modo
2463 3264 2698 3328 bellicas,
2717 3263 2807 3317 sed
2833 3264 2993 3315 etiam
3024 3264 3394 3318 communium

175 3366 451 3437 ὠφελοῦν,
478 3365 696 3433 ἀγαθῶν
725 3367 815 3418 καὶ
841 3364 1055 3432 φαύλων
1082 3363 1265 3423 αὐτοῖς
1287 3360 1557 3413 τεθείκασι
1584 3375 1741 3429 προσ-

175 3456 435 3527 ηγορίας.
469 3448 565 3507 Ὧν
597 3454 762 3514 οὕτως
786 3452 1032 3521 ἑχόντων,
1059 3451 1351 3517 ἀναγκαῖον
1378 3443 1514 3501 εἷναί
1543 3466 1629 3518 μοι
1657 3448 1741 3500 δο-

178 3550 287 3613 κεῖ,
335 3546 405 3600 τά
438 3545 559 3616 μηδ’
607 3545 969 3615 ἀντιρρήσεως
1011 3541 1237 3611 δεόμενα
1284 3540 1739 3613 παρεκθεμένους,

175 3638 274 3689 τὸν
310 3637 442 3707 περὶ
483 3635 582 3705 τῆς
612 3632 921 3704 δαιμονικῆς
953 3630 1229 3701 ἐνεργείας
1268 3630 1552 3683 ἀκόλουθον
1594 3646 1739 3680 συνι-

170 3732 292 3783 δεῖν
320 3729 478 3796 λόγον
496 3745 509 3757 ·
545 3727 603 3780 ὃν
631 3729 695 3778 ὲκ
722 3726 916 3796 μέρους
938 3722 1413 3794 προθεωρήσαντες
1438 3724 1495 3773 ὲν
1529 3720 1606 3790 τῷ
1638 3722 1741 3792 πρὸ

168 3822 371 3873 τούτου
404 3819 814 3888 συγγράμματι,
841 3816 907 3868 τὰ
931 3816 1185 3867 λείποντα
1212 3813 1306 3866 νῦν
1342 3811 1737 3882 ἀποπληρώσο-

176 3922 309 3977 μεν.
335 3904 455 3974 Φέρ’
482 3898 595 3966 οὖν,
622 3903 721 3974 ἤδη
758 3904 941 3956 λοιπὸν
968 3903 1052 3953 ἐπ’
1079 3901 1244 3962 αὑτὰς
1282 3901 1614 3970 χωρήσωμεν
1641 3901 1737 3964 τὰς

175 3996 496 4062 ἀποδείξεις.
528 3996 689 4066 Θήσω
714 3996 769 4047 δὲ
804 3995 1021 4066 πρώτας
1057 3994 1154 4055 τὰς
1184 3994 1290 4045 ἀπὸ
1332 3993 1429 4063 τῆς
1464 3994 1737 4069 Πλουτάρ-

1844 3381 1907 3421 ac
1939 3362 2236 3432 vulgarium
2267 3358 2463 3411 artium
2490 3357 2735 3426 proprias
2760 3356 2863 3410 diis
2890 3357 3209 3424 quibusdam
3245 3360 3397 3411 attri-

1843 3456 2049 3518 buunt,
2090 3451 2243 3505 Marti
2282 3449 2496 3519 quidem
2551 3448 2668 3501 illas
2721 3463 2784 3501 ac
2816 3447 3063 3503 Minerva:
3090 3490 3102 3511 ,
3158 3448 3397 3504 Vulcano

1836 3559 2014 3603 autem
2046 3554 2206 3611 atque
2232 3542 2354 3595 aliis
2380 3540 2701 3609 quibusdam
2743 3548 2983 3594 caeteras.
3022 3540 3228 3606 Quibus
3269 3555 3386 3593 om—

1836 3638 1995 3691 nibus
2025 3641 2234 3690 sextum
2278 3634 2355 3686 illi
2399 3633 2794 3701 septimumque
2821 3648 2987 3701 genus
3029 3632 3391 3698 addiderunt,

1834 3726 1975 3797 quod
2029 3732 2200 3777 totum
2257 3723 2559 3776 dmmonum
2614 3731 2729 3787 est,
2790 3724 2994 3776 varium
3040 3721 3278 3790 profecto
3332 3740 3395 3778 ac

1834 3815 2130 3885 multiplex,
2157 3820 2317 3881 atque.
2342 3810 2643 3880 ejusmodi,
2691 3812 2835 3881 quod
2866 3826 2986 3863 eum
3022 3812 3181 3864 modo
3215 3816 3393 3865 numi-

1836 3925 1987 3971 num,
2014 3907 2175 3960 modo
2223 3904 2463 3957 manium
2496 3904 2723 3971 speciem
2760 3902 2965 3963 induat,
3003 3912 3114 3955 tum
3148 3920 3271 3957 vero
3308 3906 3391 3957 ni-

1833 4001 1907 4055 hil
1939 4001 2005 4054 ad
2042 3999 2292 4049 virtutem
2327 3994 2491 4047 animi
2526 3992 2785 4056 conferat,
2812 3992 2903 4046 sed
2945 3995 3124 4062 potius
3179 3996 3383 4047 homini

174 4107 283 4169 χου
318 4088 548 4160 γραφῆς,
587 4086 655 4158 ἢν
698 4087 986 4155 πεποίηται
1031 4086 1157 4155 περὶ
1201 4082 1307 4137 τῶν
1352 4085 1737 4140 ἐκλελοιπότων

1849 4088 2208 4159 superstitione
2245 4084 2409 4138 semel
2438 4084 2673 4151 obligato
2704 4098 2978 4151 nunquam
3026 4100 3131 4137 non
3176 4084 3383 4146 illudat,

170 4182 551 4252 χρηστηρίων·
583 4178 710 4233 ἔνθα
734 4177 861 4249 περὶ
897 4176 990 4231 τοῦ
1017 4176 1267 4248 πονηρῶν
1306 4177 1570 4247 δαιμόνων
1598 4175 1733 4232 εἶναι

1849 4192 1881 4236 :t
1938 4178 2210 4234 continuis
2243 4190 2365 4229 eum
2410 4174 2549 4227 dolis
2607 4189 2670 4227 ac
2724 4174 2999 4228 fraudibus
3048 4175 3099 4226 in
3153 4190 3393 4244 przeeeps

168 4274 244 4329 τὰ
446 4276 554 4335 τοῖς
581 4271 755 4325 ἔθνεσι
791 4269 1013 4342 μαντεῖα
1037 4286 1094 4321 τε
1124 4270 1215 4322 καὶ
1240 4272 1561 4341 χρηστήρια,
1583 4271 1730 4322 τόνδε

1849 4281 1975 4341 agat.
2007 4270 2148 4323 ldem
2186 4284 2367 4338 porro,
2399 4268 2521 4319 licet
2569 4267 2717 4318 omni
2752 4282 2814 4318 ex
2863 4274 3011 4333 parte
3044 4265 3385 4331 sceleratum,

168 4366 378 4437 γράφει
400 4364 489 4417 τὸν
513 4365 729 4434 τρόπον.

1849 4362 1970 4413 luas
2012 4359 2066 4411 in
2100 4357 2304 4426 species
2329 4398 2342 4422 ,
2400 4354 2823 4424 perniciosorum
2858 4354 3080 4406 alteram
3108 4396 3121 4415 ,
3164 4357 3386 4409 alteram

170 4459 550 4528 benigniorum
578 4458 839 4523 divisere;
875 4473 940 4513 ac
984 4457 1255 4526 prioribus
1315 4456 1602 4517 malorum,
1644 4455 1909 4509 bonorum
1959 4470 2087 4510 vero
2150 4453 2537 4523 posterioribus
2572 4465 2764 4503 nomen
2814 4448 3072 4506 indidere.
3102 4450 3231 4516 Qua.-
3266 4468 3385 4505 eum

166 4554 440 4622 ejusmodi
473 4554 615 4616 sint,
660 4553 711 4605 id
746 4553 878 4606 mihi
930 4569 1073 4608 nunc
1105 4552 1368 4621 agendum
1420 4549 1613 4618 video,
1665 4561 1723 4606 ut
1761 4552 2132 4621 praetermissis
2170 4550 2259 4612 iis,
2305 4563 2424 4615 qua:
2456 4561 2552 4599 sua
2598 4554 2788 4612 sponte
2822 4547 3132 4611 concidunt,
3174 4548 3385 4599 institu-

167 4658 286 4715 tam
326 4646 392 4700 de
429 4645 483 4699 vi
522 4645 833 4713 artibusque
864 4644 1167 4698 daemonum
1215 4641 1633 4709 disputationem
1681 4658 1975 4712 persequar
1999 4682 2014 4704 ,
2070 4653 2340 4709 quamque
2374 4638 2512 4690 libro
2566 4637 2847 4703 superiore
2901 4638 3009 4705 jam
3066 4637 3249 4699 atl‘eei,
3284 4638 3383 4692 hoc

166 4742 407 4812 denique
460 4750 755 4811 pertexam.
809 4739 920 4808 Age
984 4739 1163 4806 itaque
1210 4746 1370 4805 atque
1428 4737 1493 4791 ad
1545 4750 1719 4793 certas
1757 4737 1921 4808 (quod
1974 4750 2138 4788 unum
2186 4732 2453 4802 superest)
2505 4732 2762 4786 vanitatis
2826 4732 2986 4799 hujus
3036 4734 3383 4799 coarguenda:

170 4838 411 4891 rationes
440 4836 739 4891 veniamus.
777 4830 903 4887 Mihi
934 4849 1089 4893 vero,
1149 4831 1423 4885 Plutarchi
1467 4842 1590 4887 ante
1623 4844 1845 4888 caeteros
1885 4828 2260 4884 auctoritatem
2316 4841 2509 4895 urgere
2536 4826 2710 4877 visum
2744 4833 2846 4885 est,
2886 4840 2947 4876 ex
2981 4839 3063 4886 eo,
3100 4839 3257 4891 quem
3316 4826 3384 4879 de

163 4925 431 4982 exhausta
475 4926 813 4996 oraculorum
843 4922 893 4976 vi
933 4921 1165 4989 scripsit,
1206 4920 1383 4975 libello
1426 4926 1727 4992 repetitam.
1772 4920 1870 4974 Ubi
1926 4917 2185 4987 quidquid
2221 4932 2450 4985 usquam
2484 4915 2861 4969 vaticiniorum
2914 4919 3053 4983 apud
3085 4926 3268 4985 gentes
3302 4928 3382 4972 at-

166 5034 283 5091 que
299 5020 641 5074 oraculorum
659 5019 777 5083 fuit,
807 5017 1065 5085 improbis
1093 5017 1427 5074 daemonibus
1452 5021 1707 5090 assignat,
1748 5019 1803 5071 in
1835 5032 1979 5081 eum,
2016 5014 2107 5085 qui
2149 5016 2414 5086 sequitur,
2442 5012 2679 5066 modum.

687 5132 1077 5185 ΚΕΦΑΛΑΙΟΝ
1127 5132 1199 5186 A'.

2332 5127 2489 5197 135
2522 5123 2750 5201 CAPUT
2792 5124 2879 5181 ιν.

164 5222 313 5295 Περὶ
336 5220 458 5295 ,ι’ρῦ
488 5222 765 5289 πονηρῶν
798 5222 1097 5295 δαιμόνων,
1122 5220 1270 5275 εἶναι
1298 5225 1367 5277 τὰ
1412 5224 1568 5292 παρὰ
1599 5222 1718 5287 τοῖς

1849 5224 2094 5293 2uidquid
2140 5223 2504 5295 vaticiniorum
2531 5228 2683 5295 atque
2715 5220 3045 5271 oraculorum
3073 5220 3219 5295 apud
3251 5237 3366 5286 gen-

393 5292 594 5345 ἕθνεστ
623 5292 869 5359 yarter
892 5289 969 5346 ’τε
1011 5294 1106 5347 καὶ
1136 5289 1503 5363 χρηστήρια(

1851 5289 1858 5290 ί
1927 5289 1999 5348 tes
2033 5296 2155 5362 fuit,
2190 5290 2538 5360 improborum
2570 5289 2863 5341 dwmonum
2901 5306 3025 5356 opus
3060 5290 3239 5355 fuisse.

268 5397 368 5455 οΕὗ
396 5405 491 5473 μὲν
517 5396 608 5453 οὖν
630 5399 757 5468 (τιο)
773 5398 984 5467 λέγουσι
1000 5404 1091 5453 καὶ
1108 5405 1152 5453 οἱ
1175 5404 1434 5471 λέγοντες.
1464 5406 1545 5456 ὅτι
1576 5402 1713 5456 Πλά-

1894 5427 1912 5457 ι
1946 5407 2201 5476 Equidem
2243 5417 2427 5455 eorum
2475 5418 2691 5469 quoque
2732 5401 3100 5469 probandam,
3153 5402 3325 5470 inquit
3353 5445 3369 5464 ,

158 5510 299 5555 ων,
355 5489 416 5543 τὸ
454 5491 572 5551 ταῖς
626 5488 984 5557 γεννωμέναις
1030 5493 1303 5562 ποιότησιν
1360 5490 1712 5559 ὑποκείμενον

1849 5498 2115 5551 rationem
2141 5494 2409 5553 existimo,
2434 5494 2524 5561 qui
2569 5493 3009 5561 philosophorum
3042 5491 3308 5545 nationem
3338 5510 3367 5546 a

161 5585 427 5654 στοιχεῖον
475 5577 724 5650 ἐξευρὼν,
774 5578 840 5648 ἢν
886 5578 1013 5649 ὕλην
1058 5581 1167 5651 (72)
1220 5582 1457 5644 καλοῦσι,
1502 5581 1711 5634 πολλῶν

1849 5590 2056 5649 Ἰτιιοηο,
2086 5585 2228 5655 quod
2270 5585 2594 5638 elementum
2642 5585 2809 5646 illud,
2870 5597 3030 5649 quam
3090 5585 3364 5637 materiam

158 5674 439 5748 ἀπήλλαξε
486 5673 578 5726 καί
626 5670 866 5743 μεγάλων
920 5673 1157 5744 ἀποριῶν
1194 5675 1317 5736 τοὺς
1362 5672 1705 5743 φιλοσόφους·

1849 5680 1916 5748 psi
1952 5686 2161 5743 vocant,
2198 5677 2515 5744 qualitatum
2568 5691 2773 5738 earum,
2806 5690 2923 5742 qua:
2956 5674 3183 5727 subinde
3213 5692 3365 5743 gene-

238 5789 371 5859 {71‘)
403 5789 491 5844 Εὖ
505 5789 620 5855 μὲν
654 5783 789 5851 οὖν,
809 5786 1080 5846 Plutarch.
1100 5788 1175 5844 De
1202 5790 1532 5847 oraculorum
1570 5794 1711 5863 defe—

238 5877 276 5913 ι.
308 5876 426 5913 οη.
463 5859 566 5913 414
597 5857 654 5913 F.
676 5858 729 5911 2.

1878 5791 1987 5913 (172)
2021 5793 2123 5846 Ἦν
2169 5790 2343 5858 ὕλην.
2382 5788 2684 5855 Plutarch,
2720 5788 2747 5839 δ
2776 5786 2867 5841 νῦν
2910 5786 3040 5858 ὕλην
3074 5788 3160 5840 καλ
3199 5786 3359 5855 φύσιν

1849 5880 1877 5913 α
1913 5901 1926 5913 .

226 5877 276 5927 ι,
308 5876 426 5931 pag.
463 5876 566 5913 an
597 5876 654 5915 ι’.
676 5876 729 5911 ι.
1810 5876 1926 5916 γαλ.
