4044 6334
39 469 142 523 32!

1275 467 1589 528 PPEPAR.
1624 468 1874 525 EVANG.
1918 465 2044 523 [ΑΒ.
2077 464 2140 520 γ.

3206 453 3309 505 3‘22

40 583 477 661 ϐαρικὼτερον.
514 608 533 641 ι
563 589 673 643 Καὶ
696 590 855 644 πάλιν
882 590 1199 665 προστίθησι
1221 590 1331 661 (81)
1364 592 1474 653 τοῖς
1500 590 1649 660 εἰρη-

1774 601 1881 641 'ero
1926 585 2127 640 sentire
2162 580 2294 636 mihi
2321 595 2426 635 non
2454 578 2571 634 sine
2595 576 2801 630 ratione
2824 574 3044 637 videor,
3088 586 3313 640 respon-

44 678 248 745 μένοις
300 679 508 734 ταῦτα·
562 702 579 735 ι
612 682 732 736 Είσὶ
782 684 889 754 γὰρ
931 683 1004 745 ὡς
1055 684 1113 735 ὲν
1158 682 1503 753 ἀνθρώποις,
1560 681 1653 732 καὶ

42 765 323 835 δαίμοσιν
363 770 581 840 Δἀρετῆς
624 771 875 843 διαφοραὶ
925 773 1017 825 καὶ
1064 771 1158 825 τοῦ
1208 771 1504 842 παθητικοῦ
1560 770 1656 821 καὶ

50 857 290 925 ἀλόγου.
330 860 462 924 Τοῖς
494 862 591 931 μὲν
622 862 841 923 ἀσθενὲς
862 864 953 915 καὶ
975 863 1215 934 ἀμαυρόν
1250 864 1363 914 ἐστι
1384 862 1652 929 λείψανον,

51 947 130 1010 ὡς
187 951 537 1022 περίττωμα
560 993 575 1017 ,
619 956 727 1016 τοῖς
777 954 831 1005 δὲ
882 955 1012 1007 πολὺ
1057 954 1149 1007 κα).
1196 953 1656 1008 δυσκατάσϐεστον

57 1036 320 1093 ἓνεστιν·
372 1034 447 1093 ὦν
490 1042 607 1113 ῐχνη
641 1044 734 1095 καὶ
779 1043 1019 1114 σύμὸολα
1067 1043 1330 1113 πολλαχοῦ
1373 1043 1553 1096 θυσίαι
1599 1060 1657 1095 τε

64 1127 158 1181 καὶ
200 1129 445 1182 τελεταὶ
487 1131 581 1184 καὶ
618 1131 927 1201 μυθολογίαι
970 1132 1198 1195 σώζουσι
1234 1135 1327 1186 καὶ
1371 1134 1661 1203 διαφυλάτ-

74 1237 220 1275 τουσι
255 1221 670 1295 διεσπαρμέναι
701 1224 830 1294 (82).
869 1226 976 1278 Kal.
1017 1226 1143 1297 περὶ
1186 1226 1281 1296 μὲν
1318 1226 1426 1292 τῶν
1472 1244 1659 1296 μυστι-

71 1312 198 1377 κῶν,
240 1314 310 1365 ὲν
352 1309 437 1378 οἷς
489 1314 585 1377 τὰς
638 1316 895 1385 μεγίστας
937 1319 1196 1387 ἐμφάσεις
1240 1317 1332 1370 καὶ
1380 1317 1661 1385 διαφάσεις

66 1402 259 1457 λαδεῖν
305 1406 430 1460 ἔστι
468 1405 568 1473 τῆς
612 1406 739 1476 περὶ
784 1406 1047 1475 δαιμόνων
1092 1407 1377 1477 ἀληθείας,
1424 1407 1661 1479 εῠστομά

69 1512 158 1563 μοι
194 1495 423 1549 κείσθω
455 1497 565 1564 (85)
605 1496 723 1550 καθ’
762 1498 1066 1567 Ἡρόδοτον·
1114 1501 1304 1571 ἑορτὰς
1332 1499 1401 1561 δὲ,
1437 1498 1529 1551 καὶ
1570 1498 1663 1551 θυ-

1754 682 1829 733 sis
1880 687 1930 731 et
1963 674 2198 730 oraculis
2254 689 2360 727 non
2413 672 2523 741 jam
2567 668 2697 724 deos
2734 683 2998 737 pneesse,
3051 681 3188 735 quos
3242 664 3313 717 ab

1758 769 1913 840 185
1940 769 2084 822 omni
2118 778 2329 820 terrena
2358 761 2736 818 communione
2758 770 2992 814 secretos
3016 774 3136 813 esse
3158 771 3316 825 opor-

1755 870 1882 923 teat,
1942 861 2034 913 sed
2089 859 2359 911 daemones
2416 864 2620 907 tantum
2671 853 2895 905 deorum
2944 850 3311 904 administros.

1756 951 1894 1004 Huic
1939 958 2117 1003 autem
2164 950 2468 1002 daemonum
2521 944 2722 1015 generi,
2779 954 2992 1013 sumpta
3041 942 3195 1011 quasi
3249 955 3316 994 ex

1757 1038 2476 1111 Empedocliscarminibus.
2557 1074 2571 1087 .
2648 1071 2666 1088 .
2744 1073 2757 1087 .
2837 1074 2851 1087 .
2904 1033 3128 1094 scelera,
3166 1031 3318 1084 cala-

1757 1133 1973 1186 mitates
2026 1145 2345 1199 erroresque
2377 1127 2639 1183 divinitus
2689 1124 2963 1181 immissos
3004 1124 3319 1185 attribuere,

1759 1207 2033 1292 postremo
2086 1237 2273 1276 eorum
2320 1221 2483 1275 etiam
2528 1220 2683 1287 quasi
2744 1220 3023 1272 hominum
3070 1216 3320 1271 interitus

1758 1315 2086 1377 describere,
2125 1314 2175 1366 id
2209 1328 2333 1367 vero
2366 1312 2545 1366 nimize
2578 1311 2898 1365 temeritatis
2945 1324 3009 1363 ac
3054 1308 3318 1362 barbariae

1759 1402 2001 1457 futurum
2031 1412 2231 1470 putem.
2267 1418 2283 1449 ι
2324 1398 2532 1464 Quibus
2550 1409 2825 1468 praeterea,
2854 1413 2975 1466 quze
2999 1404 3319 1465 sequuntur,

1769 1494 1978 1549 attexit.
2042 1510 2060 1543 ι
2102 1491 2240 1545 Sunt
2272 1493 2416 1545 enim
2465 1506 2595 1545 vero
2648 1498 2705 1542 ut
2745 1489 2991 1542 homines
3034 1490 3193 1554 inter,
3244 1490 3325 1544 sic

68 1586 191 1648 σίας
213 1626 232 1650 ,
273 1586 474 1658 ὥσπερ
508 1587 719 1658 ἡμέρας
756 1589 1067 1660 ἀποφράδας
1098 1591 1192 1643 καὶ
1228 1590 1572 1663 σκυθρωπάς,
1605 1594 1663 1644 ὲν

1774 1596 1909 1658 φεοῦ
1946 1586 2089 1638 inter
2115 1584 2385 1639 dmmoncs
2416 1584 2631 1636 virtutis
2663 1580 3082 1650 cupiditatisque
3120 1581 3319 1635 discri-

68 1671 154 1738 αἴς
189 1676 527 1747 ὠμοφαγίαι
562 1677 655 1729 καὶ
699 1676 1049 1747 διασπασμοὶ,
1076 1680 1318 1749 νηστεῖαί
1353 1697 1411 1732 τε
1448 1680 1542 1733 καὶ
1577 1698 1666 1734 κο-

1774 1678 1932 1730 mina.
1961 1675 2016 1729 In
2047 1676 2168 1731 aliis
2198 1674 2341 1729 enim
2375 1682 2565 1729 tenues
2598 1676 2774 1729 solum
2811 1674 3167 1742 obscuraque
3201 1674 3327 1727 reli-

68 1764 274 1829 πετοὶ,
314 1765 578 1835 πολλαχοῦ
618 1765 673 1818 δὲ
715 1766 871 1818 πάλιν
904 1768 1270 1838 αἰσχρολογίαι
1309 1768 1445 1839 πρὸς
1480 1770 1661 1840 ἱεροῖς,

1774 1771 1906 1839 quiae
1950 1778 2205 1835 tanquam
2252 1766 2584 1835 superﬂuum
2641 1767 2897 1835 quiddam
2947 1767 3219 1832 resident,
3272 1766 3324 1821 in

70 1859 288 1925 μανίαι
349 1875 405 1911 τε
461 1860 612 1912 ἄλλαι
661 1860 967 1931 ὀρινόμεναι
1024 1842 1332 1932 ῥιψαύχενοι
1380 1860 1512 1931 (84)
1568 1863 1663 1914 σὺν

1774 1860 1888 1913 aliis
1919 1869 2096 1911 autem
2141 1858 2220 1911 vis
2253 1858 2406 1926 longe
2431 1857 2602 1924 major
2635 1867 2883 1925 superest
2918 1859 3213 1924 eademque
3239 1871 3324 1911 ve-

70 1950 291 2021 κλόνῳ,
338 1950 473 2003 θεῶν
522 1951 619 2021 μὲν
651 1952 843 2025 ούδενὶ,
877 1952 1141 2023 δαιμόνων
1179 1954 1236 2005 δὲ
1275 1953 1490 2021 φαύλων
1534 1955 1664 2006 ἀπο-

1774 1952 1957 2021 getior.
1984 1949 2156 2016 Cujus
2189 1950 2472 2017 utriusque
2502 1948 2725 2019 vestigia
2758 1958 3020 2018 notasque
3038 1950 3329 2004 nonnullas

72 2042 309 2113 τροπῆς
344 2042 499 2093 ἓνεκα
536 2044 761 2113 φήσαιμ’
796 2043 860 2095 ἂν
891 2044 1156 2097 τελεῖσθαι
1181 2044 1315 2112 (85),
1348 2044 1664 2113 παραμύθια

1774 2043 1968 2111 passim
2036 2041 2090 2094 in
2142 2041 2460 2105 sacriﬁciis,
2514 2041 2711 2094 ritibus
2767 2040 3071 2111 fabulisque
3124 2043 3329 2109 sparsis

78 2133 189 2202 τῆς
228 2132 397 2187 πάλαι
426 2133 750 2205 ποιουμένης
772 2134 1214 2205 ἀνθρωποθυσίας
1236 2153 1248 2166 ’
1275 2136 1339 2201 ἅς
1371 2136 1492 2191 οὔτε
1515 2138 1667 2201 θεοὺς

82 2224 373 2289 ἀπαιτεῖν,
401 2224 439 2294 ἦ
461 2222 869 2293 προσδέχεσθαι,
897 2224 1115 2279 πιθανόν
1149 2228 1316 2291 ἐστιν,
1348 2228 1471 2281 οὔτε
1495 2230 1668 2299 μάτην

82 2311 150 2364 ἂν
196 2313 451 2383 ἐδέχοντο
501 2314 609 2384 (86)
652 2313 886 2392 βασιλεῖς
940 2316 1031 2369 καὶ
1094 2318 1427 2389 στρατηγοὶ,
1474 2320 1668 2383 παῖδας

93 2403 277 2457 αὐτῶν
302 2406 647 2470 ἐπιδιδόντες,
668 2407 761 2460 καὶ
787 2409 1175 2479 καταρχόμενοι
1198 2411 1291 2462 καὶ
1312 2412 1633 2479 σφάττοντες
1651 2430 1663 2442 ·

95 2494 229 2547 ἀλλά
260 2496 518 2566 χαλεπῶν
548 2495 640 2550 καὶ
666 2498 977 2570 δυστρόπων
1002 2500 1187 2571 ὀργὰς,
1210 2502 1302 2555 καὶ
1336 2501 1669 2572 βαρυθυμίας

94 2574 487 2667 ἀφοσιούμενοι
538 2590 648 2659 (87)
695 2612 699 2615 '
741 2591 836 2643 καὶ
874 2592 1319 2662 ἀποπιμπλάντες
1360 2595 1669 2665 ἀλαστόρων

95 2679 152 2729 ὲν
191 2680 376 2732 τοῖσδε
419 2682 677 2750 μανικοὺς
706 2680 932 2752 ἔρωτας,
966 2682 1026 2735 ού
1057 2683 1368 2754 δυναμένων
1398 2685 1517 2738 οὐδὲ
1548 2686 1669 2756 βουο

99 2767 348 2839 λομένων
402 2771 614 2842 σώμασι
674 2775 768 2827 κα)⁵
814 2774 905 2827 διά,
952 2776 1217 2844 σωμάτων
1272 2776 1510 2847 ὁμιλεῖν·
1559 2780 1669 2831 ἀλλ’

99 2857 299 2933 ὥσπερ
340 2863 611 2934 Ἡρακλῆς
643 2864 895 2937 Οἰχαλίαν
933 2865 1237 2937 ἐπολίορκει
1265 2866 1352 2921 διά
1385 2869 1669 2939 παρθένον,

84 2949 252 3007 Δοὓτω
278 2954 537 3018 πολλάκις
569 2957 774 3025 ἰσχυροὶ
806 2957 899 3009 καὶ
928 2955 1088 3026 βίαιοι
1126 2957 1402 3027 δαίμονες,
1436 2960 1676 3025 ἐξαιτού-

104 3060 265 3113 μενοι
294 3046 468 3117 ψυχὴν
504 3046 848 3120 ἀνθρωπίνην
872 3050 1263 3121 περιεχομένην
1294 3050 1525 3119 σώματι,
1562 3051 1673 3103 λοι-ι

107 3136 248 3206 μούς
294 3154 355 3190 τε
401 3140 615 3203 πόλεσι,
664 3139 756 3192 καὶ
807 3139 907 3209 γῆς
962 3137 1189 3211 ἀφορίας
1240 3141 1539 3208 ἐπάγουσι,
1582 3143 1675 3195 καὶ

103 3230 385 3300 πολέμους
410 3234 503 3285 καὶ
527 3232 742 3295 στάσεις
766 3232 1136 3303 ταράττουσιν,
1160 3233 1315 3304 ἄχρις
1336 3229 1396 3287 οὗ
1422 3234 1673 3304 τύχωσιν,

1768 2134 1982 2187 inustas
2032 2134 2330 2186 etiamnum
2379 2142 2543 2202 atque
2584 2149 2875 2203 expressas
2928 2135 3196 2188 videmus.
3254 2136 3330 2187 Ac

1770 2228 1993 2295 mystica
2044 2224 2261 2294 quidem
2290 2225 2432 2292 quod
2459 2226 2687 2291 attinet,
2732 2241 2798 2279 ex
2849 2228 3049 2294 quibus
3095 2228 3332 2280 illustres

1770 2320 2056 2373 admodum
2092 2333 2154 2372 ac
2185 2318 2397 2371 veritati
2447 2319 2725 2388 proximas
2770 2326 2977 2373 natnrre
3024 2319 3328 2373 daemonum

1771 2407 2194 2475 signiﬁcationes
2222 2414 2273 2458 et
2303 2418 2621 2474 argumenta
2654 2422 2871 2461 sumere
2912 2408 3092 2474 liceat,
3129 2410 3328 2479 linguis

1771 2496 2081 2562 favendum,
2114 2506 2173 2550 ιιι
2200 2494 2503 2550 Herodotus
2532 2498 2793 2566 loquitur.
2832 2499 2902 2552 At
2932 2515 3059 2555 vero
3084 2500 3246 2555 ferias
3281 2510 3335 2555 et

1771 2587 2056 2651 sacriﬁcia,
2119 2604 2223 2641 non
2270 2603 2427 2642 secus
2491 2602 2555 2642 ac
2615 2587 2857 2643 nefastos
2890 2600 3146 2655 atrosqne
3193 2592 3331 2650 dies.

1771 2682 1862 2750 qui
1898 2680 2190 2734 crudarum
2241 2680 2488 2732 carnium
2523 2695 2641 2745 esu,
2688 2680 3055 2734 membrorum
3110 2684 3333 2736 convul-

1773 2770 2038 2834 sionibus,
2059 2767 2285 2838 jejuniis
2314 2774 2368 2821 et
2390 2767 2628 2835 planctu.
2662 2768 2906 2836 adeoque
2941 2770 3188 2838 turpibus
3220 2773 3303 2839 plu

1775 2863 1957 2929 risque
1997 2862 2048 2913 in
2090 2859 2223 2914 locis
2255 2857 2608 2924 carminibus,
2646 2875 2708 2913 ac
2740 2862 2947 2915 cmteris
2980 2862 3028 2914 id
3058 2878 3226 2931 genus
3257 2864 3338 2917 in-

1776 2954 2047 3024 temperiis
2074 2970 2196 3008 cum
2245 2952 2473 3007 cervicis
2508 2951 2804 3020 jactatione
2843 2971 2903 3009 ac
2935 2956 3167 3013 tumultu
3205 2974 3338 3013 con-

1771 3048 1975 3117 junctis
2019 3046 2280 3101 celebrari
2331 3044 2529 3108 solent,
2563 3047 2695 3100 nulli
2735 3048 2893 3116 plane
2939 3048 3068 3112 Deo,
3107 3051 3198 3105 sed
3230 3052 3338 3105 dae-

1776 3153 1995 3191 monum
2032 3138 2216 3202 alicui,
2248 3138 2673 3193 averruncandae
2724 3140 3070 3203 caiamitntis,
3102 3151 3158 3196 et
3189 3153 3339 3196 vetu-

1778 3222 2028 3277 SIissimaa
2084 3224 2329 3279 homines
2372 3225 2687 3279 immolandi
2732 3231 3146 3285 consuetudinis
3194 3232 3340 3284 miti-

100 3314 165 3373 οὗ
196 3292 394 3392 ἐρῶσι.
430 3341 447 3373 ι
489 3324 681 3393 Σαφῶς
710 3292 797 3378 διὰ
829 3292 1028 3377 τούτων
1059 3327 1086 3377 ὁ
1125 3292 1674 3403 προδηλωθεδ.ς“φιλόέ

1783 3316 1964 3384 grands:
2000 3329 2063 3368 ac
2106 3316 2405 3371 mollienda
2444 3318 2635 3386 gratia,
2693 3320 3035 3387 postmodum
3094 3324 3338 3377 instituta

110 3430 316 3481 σοφος,
355 3413 434 3465 ὃτι
478 3413 692 3484 δαίμοσι
737 3417 989 3486 πονηροῖς
1034 3416 1101 3469 τά
1146 3414 1512 3485 προειρημένα
1542 3416 1679 3468 κατά

112 3506 296 3569 πάσας
327 3505 422 3567 τὰς
456 3504 634 3567 πόλεις
668 3505 988 3602 ἐπετελεῖτρ,
1015 3507 1374 3589 παρέστησεν.
1404 3508 1467 3560 Ei
1496 3508 1554 3561 δὲ
1589 3509 1679 3562 καί

116 3615 256 3663 τινες
286 3594 429 3668 ἦσαν
460 3600 516 3649 ὲν
563 3597 795 3661 τούτοις,
828 3594 901 3659 ὥς
923 3586 1117 3675 κέρασιν,
1146 3586 1357 3665 ἀγα.θοὶ
1388 3599 1484 3671 τὴν
1524 3599 1679 3667 φύσιν

118 3691 208 3743 καὶ
239 3690 386 3751 θεοὶ,
424 3689 475 3740 τί
517 3688 649 3758 χρῆν
700 3687 1016 3771 θεραπεύειν
1065 3689 1189 3749 τοὺς
1236 3688 1498 3756 φαύλους,
1548 3689 1681 3761 πρὸς

112 3780 222 3835 τῶν
273 3779 493 3849 ἀγαθῶν
535 3777 929 3833 ἀπελαύνεσθαι
966 3778 1081 3831 δέον
1115 3777 1341 3842 αύτούς;
1377 3779 1439 3831 El
1471 3780 1576 3851 γάρ
1618 3780 1707 3850 δήν

116 3889 262 3937 τινες
311 3868 448 3943 ἦσαν
481 3874 661 3937 αὐτοῖς
705 3872 896 3941 ἀγαθοὶ
946 3871 1276 3942 προστάται,
1322 3869 1524 3933 τούτοις
1560 3872 1681 3923 ἐπι-

119 3962 452 4033 θαρσοῦντας
476 3964 534 4015 τὸ
562 3963 723 4034 μηδὲν
754 3962 858 4019 τῶν
882 3963 1142 4033 χειρόνων
1164 3961 1298 4033 χρῆν
1325 3962 1491 4033 δήπου
1523 3980 1683 4033 φρον-

118 4053 313 4119 τίζειν,
344 4056 433 4108 καὶ
464 4055 549 4109 διά
585 4056 871 4128 σωφρόνων
912 4055 1083 4122 λόγων
1119 4066 1176 4107 τε
1205 4054 1298 4107 καὶ
1331 4053 1521 4123 εὐχῶν,
1551 4054 1711 4107 ἀλλά

124 4146 198 4217 μὴ
241 4147 312 4201 δι’
355 4144 898 4217 αίσχρορῤημοσυνῶν
941 4148 1037 4209 τὰς
1090 4144 1333 4208 ἐναντίας
1383 4146 1685 4217 ἀποτρέπε-

123 4236 246 4293 σθαι
280 4236 557 4307 δυνάμεις.
592 4237 722 4289 Ὅτε
757 4236 810 4289 δὲ
838 4236 1038 4290 τούτων
1080 4234 1176 4305 μὲν
1216 4234 1367 4286 οὐδὲν
1396 4233 1711 4304 ἔπραττον,

127 4326 221 4397 βίῳ
245 4328 293 4380 δ’
326 4328 530 4399 αίσχρῷ
562 4328 654 4381 καὶ
675 4328 979 4399 ἀκολάστῳ,
1014 4330 1108 4379 καὶ
1142 4328 1375 4397 ῥήμασιν
1403 4326 1679 4396 ἀσέμνοις,

126 4415 470 4486 ὠμοφαγίαις
500 4435 555 4470 τε
590 4417 683 4473 καὶ
704 4418 1063 4488 διασπασμοῖς
1098 4417 1190 4470 καὶ
1219 4416 1686 4487 ἀνθρωποθυσίαις

124 4508 231 4570 τοῖς
258 4510 515 4575 πονηροῖς
545 4508 791 4578 δαίμοσιν
822 4506 1193 4561 ὲκαθικέτευον
1215 4523 1227 4535 ·
1254 4506 1370 4568 πῶς
1403 4506 1496 4557 καὶ
1528 4506 1685 4557 δυνα-

1784 3423 1902 3463 esse
1929 3408 2175 3461 dixerim.
2206 3406 2338 3461 Nam
2378 3409 2481 3462 ista
2534 3410 2751 3477 quidem
2802 3427 2903 3465 nec
2946 3429 2975 3465 a
3025 3414 3131 3468 diis
3162 3419 3338 3486 expeti

1781 3514 1878 3552 nec
1908 3498 2123 3567 probari
2174 3499 2515 3552 simillimum
2562 3500 2676 3553 veri
2731 3510 2813 3555 est
2841 3519 2853 3555 :
2881 3519 2979 3557 nec
3008 3507 3194 3561 eadem
3239 3510 3340 3580 ipsi

1780 3606 1995 3660 quoque
2027 3606 2178 3657 reges
2209 3590 2673 3659 imperatoresque
2717 3589 2872 3646 facile
2900 3595 3034 3649 adeo
3068 3601 3336 3667 suscepis-

1782 3692 1920 3744 sent,
1954 3683 2031 3735 uti
2086 3682 2285 3736 liberos
2334 3682 2436 3750 ipsi
2470 3698 2598 3736 suos
2636 3684 2715 3736 vel
2748 3687 3061 3741 mactandos
3089 3688 3208 3743 aliis
3234 3698 3344 3757 tra-

1779 3773 1987 3833 derent,
2034 3772 2118 3826 vel
2157 3774 2272 3828 suis
2316 3773 2587 3827 interdum
2637 3775 2889 3831 manibus
2940 3779 3051 3833 aris
3091 3781 3340 3837 admotos

1774 3861 2085 3929 jngulareut
2111 3878 2124 3913 :
2148 3864 2239 3916 sed
2265 3863 2518 3915 nimirum
2543 3864 2895 3933 deprecanda:
2918 3870 3341 3940 atnolicndzeque

1781 3952 2146 4019 improborum
2210 3967 2275 4007 ac
2337 3954 2582 4024 dirorum
2658 3968 2971 4012 exactorum
3046 3960 3342 4019 iracundia.

1782 4054 1966 4105 causa,
1996 4039 2218 4115 furiosis
2240 4040 2540 4097 exitialium
2573 4034 2902 4112 daemonum,
2927 4049 3019 4117 qui
3044 4065 3337 4121 corporum

1782 4130 2051 4199 amplexu,
2102 4130 2185 4185 vel
2246 4130 2581 4188 intermediis
2627 4136 2787 4189 etiam
2844 4142 3184 4208 corporibus,
3234 4145 3339 4201 frui

1782 4236 1957 4289 neque
1991 4221 2205 4288 vellent,
2232 4237 2408 4291 neque
2434 4234 2675 4293 possent,
2726 4230 3005 4285 amoribus
3038 4233 3141 4289 hoc
3182 4232 3344 4293 modo

1782 4314 2247 4368 lenocinabuntur.
2281 4313 2346 4369 Et
2384 4318 2839 4386 quemadmodum
2870 4322 3181 4382 (Echaliam
3214 4329 3343 4386 Her-

1784 4406 1931 4460 cules
1980 4406 2202 4475 virginis
2250 4421 2435 4462 atnore
2488 4418 2799 4467 commotus
2835 4413 3066 4481 obsedit,
3111 4420 3183 4474 ita
3214 4425 3341 4476 saevi

1786 4499 2101 4568 plerumque
2130 4514 2195 4554 ac
2222 4500 2510 4554 truculenti
2547 4502 2844 4571 daemones,
2870 4506 3119 4565 humanae
3149 4502 3343 4569 animae

127 4598 211 4652 τδν
242 4595 311 4669 ἦν
339 4598 534 4661 αὐτοὺς
562 4599 628 4651 τά
661 4598 885 4652 τοιαῦτα
917 4598 1175 4669 δρῶντας,
1207 4597 1299 4649 καὶ¹
1329 4600 1440 4659 τοῖς
1464 4596 1674 4664 φαύλοις

1788 4590 2065 4658 corporeis
2106 4589 2281 4644 adhuc
2311 4590 2540 4645 vinculis
2588 4592 2857 4661 impeditae
2890 4600 3217 4654 consortium
3247 4615 3343 4655 ex-

128 4690 496 4763 κεχαρισμένα
527 4689 1034 4759 διαπραττομένους,
1077 4690 1150 4761 τῷ
1175 4690 1265 4741 ἐπὶ
1297 4687 1511 4739 πάντων
1543 4684 1677 4755 Θεῷ,

129 4784 306 4855 ἢταῖς
338 4783 425 4833 ὑπ’
460 4779 619 4833 αὑτὸν
659 4779 828 4841 θείαις
867 4778 1171 4850 δυνάμεσιν,
1218 4781 1249 4851 ἢ
1283 4780 1416 4842 ὅλως
1464 4778 1684 4845 ἀγαθοῖς

129 4892 233 4929 τισι
262 4871 743 4945 προσῳκειῶσθαι;
778 4870 934 4923 ’Λλλά
960 4872 1066 4943 γὰρ
1100 4874 1210 4935 τοῖς
1244 4873 1376 4925 πᾶσι
1401 4869 1681 4940 πρόδηλον,

132 4965 202 5029 ὡς
220 4968 253 5019 δ
285 4965 352 5018 τά
384 4965 509 5033 φίλα
532 4966 642 5024 τοῖς
668 4960 885 5031 φαύλοις
911 4960 1184 5023 ἐπιτελῶν,
1207 4962 1304 5014 οὐκ
1327 4961 1391 5015 ἀν
1421 4976 1549 5013 ποτε
1580 4960 1683 5012 τῶν

131 5054 351 5123 ἀγαθῶν
378 5055 587 5122 γένοιτο
608 5051 921 5124 προσφιλής.
959 5051 1071 5101 Ούκ
1099 5052 1210 5121 ἀρα
1241 5052 1402 5115 θεοῖς,
1425 5052 1531 5103 οὐδ’
1556 5053 1685 5119 ἀγα-

202 5187 317 5259 (81)
376 5187 484 5259 Kal
535 5188 721 5241 πάλιν
766 5187 1137 5255 προστίθησι.
1190 5184 1301 5241 lmo
1346 5188 1487 5257 apud
1538 5185 1681 5241 Plut.

138 5257 250 5314 hzec
282 5257 607 5323 praecedunt,
638 5273 689 5325 p.
727 5259 830 5310 H7
854 5259 911 5317 Β,
942 5259 994 5309 4.

202 5326 317 5396 (82)
371 5325 813 5392 Διεσπαρμέναι.
868 5327 1176 5391 Plutarch.,
1220 5326 1680 5396 ὲνδιεσπαρμένα.

137 5397 245 5453 hoc
274 5394 354 5451 est
386 5406 540 5449 notas
574 5397 849 5450 saCI-iliciis
872 5435 886 5459 ,
936 5398 1122 5450 ritibus
1174 5405 1227 5448 et
1256 5394 1451 5449 fabulis
1479 5394 1684 5463 passim

138 5464 583 5538 aspersasLQuod
619 5466 821 5538 rectius
852 5467 1080 5538 videtur.

207 5528 323 5607 (85)
356 5528 637 5607 Εὐστομᾴ
668 5550 801 5607 μοιμ
823 5536 1077 5607 κείσθωίή
1101 5528 1316 5591 Suidas,
1339 5530 1681 5607 εὐστομεῖκ,

138 5606 192 5659 τὸ
216 5602 521 5674 εὐφημεῖν,
559 5604 651 5654 καὶ
682 5605 727 5655 οἱ
758 5604 971 5667 Ἴωνες,
1014 5602 1489 5671 Εζστομανκείσθω
1531 5606 1681 5671 φασί.

140 5675 392 5729 Herodot.
430 5691 534 5727 non
572 5674 753 5725 semel.

205 5744 317 5815 (84)
358 5745 743 5811 Ῥιψαύχενοι.
796 5740 1010 5815 Repone
1052 5742 1326 5815 ῥιψαύχενι
1376 5742 1468 5815 σὺν
1517 5742 1684 5811 κλόνῳ

142 5828 204 5870 ex
218 5813 539 5873 Plutarcho,
572 5828 687 5863 cum
718 5813 1009 5865 turbulenta
1034 5816 1238 5863 cervicis
1265 5814 1575 5878 jactatione.

203 5880 315 5955 (85)
354 5881 610 5951 Φήσαιμι
646 5879 721 5934 ἂν
746 5881 1059 5945 τελεῖσθαι,
1086 5892 1184 5934 etc.
1219 5880 1493 5935 Plutarch.
1529 5882 1684 5952 longe

1788 4688 2050 4748 petentes,
2078 4679 2455 4748 pestilentiam,
2482 4697 2820 4754 annonaque
2849 4688 3128 4755 penuriam
3153 4690 3341 4751 civita—

1783 4772 1927 4824 tibus
1960 4771 2274 4836 immittunt,
2319 4785 2520 4840 easque
2554 4774 2708 4831 bellis
2730 4791 2793 4830 ac
2824 4778 3175 4833 seditionibus
3206 4782 3341 4837 infc-
3416 4766 3419 4767 ν

1784 4874 1896 4918 stas
1930 4864 2146 4924 habent,
2198 4860 2369 4915 donec
2415 4865 2610 4932 optatis
2658 4863 2935 4919 amoribus
2976 4868 3272 4937 potiantur.
3310 4893 3332 4927 ›

1785 4956 1879 5011 His
1902 4957 2056 5025 plane
2080 4954 2326 5009 versibus
2344 4956 2597 5010 laudatus
2624 4957 2979 5026 philosophus
3002 4975 3334 5020 commemo-

1784 5056 1931 5103 ratos
1967 5045 2354 5101 sacriﬁciorum
2386 5045 2543 5113 ritus,
2577 5062 2672 5117 per
2700 5063 2889 5103 omnes
2917 5050 3118 5123 ubique
3148 5056 3335 5113 civita-

1785 5182 1956 5256 aliter,
1990 5160 2223 5256 φήσαιμι
2252 5178 2316 5231 ἂν
2361 5178 2533 5256 τελεῖν
2569 5180 2803 5256 μειλίχια
2835 5186 2937 5256 *καὶ
2978 5187 3333 5256 παραμύθια,

1784 5254 1875 5305 καὶ
1903 5252 1997 5311 τὰς
2028 5248 2189 5323 πάλαι
2226 5250 2548 5323 ποιουμένας
2571 5248 3016 5323 ἀνθρωποθυσίας
3036 5248 3155 5307 οὔτε
3184 5248 3335 5323 θεοὺς

1784 5323 2047 5373 ἀπαιτεῖν.
2075 5318 2127 5370 ln
2155 5320 2351 5387 quibus
2380 5319 2569 5373 saltem
2595 5320 2655 5372 τὸ
2670 5318 2842 5376 τελεῖν
2867 5326 2919 5377 in
2936 5318 3337 5381 τελεῖσθαιηὶυξ

1784 5393 2002 5445 tandum
2034 5389 2260 5441 videtur.

1857 5462 1966 5530 (86)
2011 5460 2116 5512 Ἂν
2152 5457 2450 5527 ἐδέχοντο.
2497 5456 2639 5515 Plut.
2664 5502 2678 5527 ,
2718 5463 3010 5533 ἀνέχονται.
3049 5461 3107 5516 F.
3132 5505 3146 5529 ,
3194 5466 3338 5520 ἀνιί..

1818 5546 1951 5582 οντο.

1784 5549 1965 5671 χοξὲῗ)
2006 5598 2377 5671 Βαρυθυμίας
2417 5598 2867 5670 ἀφοσιούμενοι,
2908 5608 3011 5654 ete.
3060 5599 3334 5659 Plutarch.

1785 5670 1872 5724 ita
1918 5671 2041 5739 legit
2072 5684 2133 5720 ac
2185 5670 2884 5742 distinguit:Bapudupfai
2922 5672 3333 5742 ἀποσειόμενοι,

1785 5744 1875 5795 καὶ
1933 5737 2377 5811 ἀποπιμπλάντες
2442 5737 2775 5811 ἀλαστόρων.
2832 5740 3014 5792 Ἐνῐων
3079 5737 3337 5811 δὲ’μανιιὲ

1784 5813 1911 5873 κοὺς
1941 5808 2032 5862 καὶ
2062 5810 2409 5876 τυραννικοὺς
2440 5808 2663 5877 ἐρωταςζ
2699 5810 2752 5860 In
2785 5824 2971 5863 ttOStro
3014 5808 3209 5866 melius
3259 5818 3337 5867 vt-

1784 5883 1958 5943 detur,
1993 5877 2393 5945 ἀφοσιούμενοι,
2425 5889 2614 5933 caetera
2643 5894 2843 5947 susque
2869 5880 3060 5951 deque.
