3936 6342
658 393 766 450 325
1307 382 1573 476 EUSEBII
1599 378 2072 436 CESARIENSIS
2097 375 2212 432 0P!

2335 372 2481 427 atus
2518 373 2581 427 ιι.
2611 401 2681 443 έ-
2703 338 3190 425 Αροιοοετιολ.
3778 364 3889 418 524

660 516 743 564 tes
770 505 1100 561 daemonibus
1144 504 1427 558 attributos
1472 501 1820 568 addictosque
1848 496 2018 551 fuisse
2041 510 2191 551 com-

2328 494 2402 556 οῖς
2451 492 2687 561 δαίμοσι,
2743 490 2920 560 μόνοις
2956 489 3012 540 δὲ
3051 489 3160 550 τοῖς
3210 483 3430 555 φαύλοις
3477 483 3798 552 ὲλάτρευον
3837 487 3882 535 oi

660 599 924 668 probavit.
959 595 1013 649 Si
1045 595 1135 663 qui
1168 593 1462 648 rero.inter
1506 592 1637 645 istos
1690 591 1765 643 dii
1816 589 2195 646 censebantur,

2334 583 2664 654 Ξδηλωμένοι.
2675 583 2792 634 Ἔτι
2807 582 2864 634 δὲ
2881 579 3072 650 μᾶλλον
3084 576 3237 630 τοῦτο
3249 575 3526 630 πιστοῦται
3541 577 3574 628 ὁ
3586 574 3718 626 Πλο
3727 572 3825 624 ὄτα
3831 590 3888 642 ρ-

663 665 723 742 ιιι
751 687 918 752 aiunt,
972 695 1162 738 natura
1189 684 1314 737 boni
1351 682 1511 751 186
1567 681 1825 735 scelestos
1863 678 2040 731 colere
2070 675 2199 743 quid

2329 689 2410 740 pg,
2445 676 2500 725 ὲν
2528 667 2605 736 οἷς
2623 689 2751 741 φησι
2780 671 2872 735 τὰς
2901 669 3128 739 μυθικὰς
3157 670 3231 730 ὡς
3267 668 3392 740 περὶ
3423 666 3559 719 θεῶν
3581 665 3883 735 διηγήσεις

665 778 944 838 attinebat,
987 791 1106 830 cum
1139 775 1322 841 utique
1369 756 1399 825 τί
1450 771 1606 824 bonis
1640 769 1808 823 arceri
1856 783 1952 822 eos
1982 765 2200 833 expelli-

2327 762 2486 828 ,dyoug
2534 757 2669 812 εἷναί
2717 775 2864 820 τινας
2914 758 3037 823 περὶ
3085 757 3364 827 δαιμόνων,
3394 756 3462 809 τά
3491 773 3550 808 τε
3575 755 3725 824 παρ’
3752 754 3881 804 ’Ἑλο

667 883 769 936 que
795 866 1103 936 oporteret?
1130 862 1260 916 Nam
1296 862 1340 916 si
1371 877 1508 930 quos
1536 861 1789 929 praesides
1811 859 1907 928 ipsi
1949 859 2120 911 honos
2139 870 2203 908 ac

2325 870 2452 924 ,ησιν
2469 853 2701 923 ᾀδόμενα
2729 849 3014 918 γιγαντικά
3034 866 3150 901 τινα
3178 850 3268 900 καὶ
3297 847 3542 901 τιτανικὰ
3573 846 3879 915 δαιμονικὰ

665 935 919 1010 ῐίυιθιεπεε
966 955 1299 1016 habuissent,
1343 966 1522 1004 causa:
1575 948 1818 1018 proiecto
1878 947 2016 1001 nihil
2063 955 2199 1011 eral,

2319 939 2439 996 εἶναι
2464 942 2791 1012 διηγήματα,
2814 940 2888 1001 ὡς
2914 937 3222 1008 καινοτέραν
3251 937 3571 991 ὑποϐάλλειν
3601 935 3873 988 διάνοιαν.

667 1044 1013 1113 quamobrem
1039 1055 1224 1093 eorum
1255 1039 1472 1091 numine
1500 1037 1856 1106 praesidioque
1881 1034 2004 1089 freti
2049 1033 2202 1088 dcte-

2317 1035 2525 1104 Μήποτε
2550 1034 2655 1102 ἄρα
2689 1030 2908 1084 τοιαῦτα
2939 1026 3006 1101 ἦν
3034 1030 3100 1083 τὰ
3131 1031 3254 1100 περὶ
3286 1030 3390 1082 τῶν
3421 1029 3524 1101 πρὸ
3549 1028 3663 1081 τοῦ
3707 1045 3871 1081 κατα-

668 1135 841 1187 riores
874 1133 1008 1185 alios
1041 1132 1122 1183 vel
1157 1129 1312 1182 nauci
1343 1128 1600 1191 facerent,
1628 1137 1721 1179 aut
1742 1140 1869 1178 vero
1895 1123 2062 1178 castis
2091 1137 2204 1192 pre-

2318 1124 2542 1195 κλυσμοῦ
2584 1123 2849 1193 γιγάντων
2885 1125 2942 1175 ὲν
2978 1125 3042 1192 τῇ
3075 1121 3194 1192 θείᾳ
3224 1121 3410 1194 Γραφῇ
3451 1121 3784 1190 λεγόμενα;
3812 1120 3872 1172 τά

669 1225 822 1279 cibus
856 1233 1014 1291 atque
1041 1223 1175 1275 votis
1211 1220 1432 1273 infestas
1479 1221 1775 1287 noxiasque
1802 1217 2048 1280 virtutes,
2097 1228 2202 1267 non

2305 1234 2362 1269 τε
2397 1217 2524 1287 περὶ
2545 1215 2650 1268 τῶν
2671 1214 2886 1276 τούτους
2910 1214 3326 1282 γεγεννηκότων,
3351 1213 3476 1282 περὶ¹
3505 1207 3585 1265 ὧν
3619 1212 3859 1283 εἴρηται·

664 1318 775 1386 jam
810 1312 1494 1386 obscoenisﬂagitiosisque
1530 1310 1859 1364 carminibus
1884 1315 2200 1362 averterent.

2310 1327 2329 1358 ‹
2367 1309 2582 1368 Ἰδόντες
2606 1306 2661 1358 δὲ
2686 1308 2733 1358 οἱ
2771 1306 2985 1372 ἄγγελοι
3006 1305 3097 1357 τοῦ
3134 1304 3264 1359 θεοῦ
3284 1307 3380 1367 τὰς
3418 1306 3745 1376 θυγατέρας
3773 1306 3856 1357 τῶν

670 1403 787 1458 Jam
818 1421 945 1457 vero
973 1386 1353 1457 cum\istorum
1386 1401 1519 1454 nihil
1563 1415 1786 1470 prorsus
1833 1408 2075 1468 agerent,
2114 1397 2207 1451 sed

2305 1396 2621 1467 ἀνθρώπων,
2644 1397 2725 1448 ὃτι
2750 1396 2908 1448 καλαί
2949 1397 3102 1459 εἰσιν,
3143 1395 3326 1450 ἔλαϐον
3357 1399 3567 1459 ἑαυτοῖς
3599 1398 3853 1464 γυναῖκες

670 1496 792 1547 vitae
821 1493 1145 1561 turpitudine
1172 1507 1234 1545 ac
1271 1491 1584 1559 petulantia,
1625 1491 1908 1544 verborum
1939 1486 2206 1541 obscwni-

2310 1490 2374 1540 ὲκ
2417 1488 2601 1541 πασῶν
2631 1479 2704 1541 ὧν
2761 1486 3096 1550 ἐξελέξαντο·
3145 1484 3238 1554 ἀφ’
3277 1481 3351 1542 ὧν
3407 1485 3788 1557 ἐγεννήθησαν
3823 1489 3859 1538 ci

675 1593 802 1643 tate,
831 1584 1118 1636 crudarum
1144 1581 1385 1635 carnium
1419 1596 1538 1644 esu,
1573 1579 1941 1648 discerpendis
1967 1588 2202 1631 maciam

2309 1581 2558 1648 γίγαντες
2584 1581 2629 1631 οἱ
2662 1580 2944 1650 ὀνομαστοὶ
2963 1578 3022 1644 ἐξ
3043 1579 3250 1644 αίῶνος.
3276 1598 3294 1630 ι
3335 1579 3488 1632 Εἴποι
3516 1579 3638 1651 γὰρ
3675 1578 3744 1631 ἄν
3769 1594 3857 1639 τις,

674 1673 864 1742 disque
893 1672 1219 1736 hominibus,
1272 1672 1560 1726 sceleratos
1604 1672 1874 1725 daemones
1914 1671 2207 1740 placarent,

2309 1667 2526 1731 τούτους
2558 1669 2793 1731 ἐκείνους
2844 1666 3021 1735 εἶναι,
3061 1672 3152 1724 καὶ
3197 1670 3264 1724 τὰ
3311 1670 3528 1724 ἐκείνων
3574 1669 3862 1739 πνεύματα

677 1765 772 1832 qui
798 1764 909 1817 ﬁeri
944 1772 1169 1833 poterat,
1201 1772 1260 1816 ut
1284 1762 1373 1832 qui
1404 1762 1668 1830 ejusmodi
1712 1762 1872 1816 rebus
1919 1763 2208 1816 scelerato-

2314 1759 2460 1829 παρὰ
2482 1761 2592 1823 τοῖς
2624 1759 2757 1829 μετὰ
2788 1759 2959 1814 ταῦτα
2987 1761 3286 1832 ἀνθρώποις
3317 1761 3750 1832 τεθεοποιημένα
3780 1760 3861 1813 καὶ

677 1871 796 1909 rum
828 1856 1050 1925 gratiam
1085 1855 1336 1923 aucupari
1365 1863 1712 1918 conarentur,
1745 1853 1904 1907 iidem
1938 1868 2060 1907 cum
2095 1853 2210 1920 ipso

2311 1850 2405 1913 τὰς
2441 1851 2660 1903 ἐκείνων
2697 1852 2905 1921 μάχας,
2937 1852 3034 1916 τάς
3084 1871 3142 1906 τε
3174 1849 3307 1925 πρὸς
3337 1852 3599 1923 ἀλλήλους
3653 1853 3865 1906 διαστά-

675 1962 891 2015 quoque
939 1962 1118 2000 rerum
1171 1949 1411 2024 omnium
1447 1953 1771 2013 praepotente
1815 1941 1944 2006 Deo,
1971 1951 2064 1995 aut
2091 1957 2213 2010 quae

2314 1958 2444 2004 σεις,
2480 1941 2572 1994 καὶ
2621 1942 2743 2003 τοὺς
2775 1942 3069 2012 πολέμους,
3115 1943 3261 1996 ταῦτ’
3310 1939 3445 1996 εἶναι
3490 1943 3560 1996 τὰ
3615 1942 3698 2006 ὡς
3743 1941 3863 2012 περὶ

679 2053 944 2105 nusquam
995 2039 1064 2090 ab
1107 2038 1222 2105 ejus
1265 2046 1397 2089 nutu
1439 2036 1742 2095 discedunt,
1773 2034 2080 2094 virtutibus,
2119 2042 2212 2086 aut

2315 2029 2448 2082 θεῶν
2483 2029 2833 2100 μυθευόμενα.
2879 2032 3038 2100 Λέγει
3075 2033 3119 2086 δ’
3146 2028 3237 2086 οὖν
3275 2035 3305 2085 ὁ
3342 2032 3695 2105 Πλούταρχος
3736 2035 3791 2085 ὲν

679 2128 897 2178 omnino
923 2141 1043 2180 cum
1072 2125 1228 2178 bonis
1251 2125 1373 2177 ullis
1403 2124 1707 2177 societatem
1730 2119 1963 2173 inirent?
1984 2119 2207 2187 Quippe,

2317 2117 2565 2184 συνέταξε
2607 2118 2745 2188 λόγῳ
2792 2120 2917 2189 περὶ
2952 2120 3055 2172 τῶν
3095 2121 3252 2174 Κατὰ
3281 2119 3392 2186 τὴν
3427 2121 3589 2174 Ἶσιν
3615 2117 3716 2172 καὶ
3745 2119 3859 2182 τοὺς

682 2223 890 2269 constat
923 2215 1064 2268 enim
1089 2215 1228 2281 apud
1256 2226 1463 2277 omnes,
1499 2214 1590 2280 qui
1619 2213 1672 2266 in
1706 2227 1769 2266 eo
1792 2226 1969 2264 rerum
1998 2223 2210 2279 genere,

2195 2249 2210 2272 ,
2314 2208 2616 2276 Αἰγυπτίων
2650 2208 2820 2273 θεοὺς,
2848 2211 3026 2274 αὐτοῖς
3049 2213 3250 2282 ῥήμασι
3286 2211 3473 2264 ταῦτα.
3741 2246 3745 2256 ι

681 2320 801 2372 qua
832 2305 1086 2372 improbis
1114 2304 1373 2372 placeant,
1402 2318 1617 2374 operam
1661 2302 2003 2377 studiumque
2029 2307 2212 2369 ponat,
2266 2300 2511 2353 eumdem
2564 2300 2720 2355 bonis
2767 2301 2998 2356 amicum
3027 2318 3146 2358 esse
3170 2302 3317 2356 nullo
3345 2303 3502 2357 modo
3524 2316 3718 2370 posse.
3754 2299 3858 2353 Ma-

682 2406 805 2451 neat
829 2399 1010 2467 igitur,
1043 2414 1148 2452 non
1183 2398 1283 2453 diis
1327 2399 1456 2452 olim
1501 2397 1725 2451 bouisve
1754 2395 2107 2458 daemonibus,
2148 2393 2240 2448 sed
2289 2394 2546 2462 improbis
2594 2395 2856 2448 duntaxat
2902 2397 3125 2465 pOpulos
3169 2396 3304 2451 istos
3329 2397 3530 2450 cultum
3575 2396 3857 2448 honorem-

682 2506 786 2558 que
816 2491 1085 2545 tribuisse.
1143 2490 1314 2559 Atque
1355 2491 1404 2544 id
1441 2491 1614 2559 ipsum
1669 2487 1986 2542 Plutarchus
2039 2486 2236 2541 certius
2283 2487 2458 2540 etiam'
2493 2489 2814 2558 graviusque
2856 2491 3157 2557 conﬁrmat,
3211 2491 3338 2545 dum
3374 2491 3526 2546 ﬁctas
3580 2490 3710 2542 illas
3755 2502 3852 2540 non

683 2599 838 2638 secus
874 2599 935 2637 ac
981 2582 1044 2636 de
1100 2581 1203 2635 diis
1250 2583 1604 2645 narrationes,
1635 2581 1782 2636 aliud
1836 2581 1966 2634 nihil
2010 2593 2169 2650 quam
2217 2593 2381 2646 puros
2433 2588 2589 2647 putos
2628 2578 2694 2633 de
2741 2580 2985 2648 ipsismet
3029 2581 3361 2636 daemonibus
3407 2597 3694 2636 sermones
3739 2594 3848 2635 esse

685 2683 928 2739 testatur,
983 2675 1220 2742 adeoque
1253 2675 1413 2742 hujus
1460 2675 1616 2742 plane
1648 2674 1855 2743 generis
1911 2688 2047 2733 esse,
2087 2669 2346 2740 quidquid
2408 2671 2474 2726 de
2539 2672 2863 2742 gigantibus,
2919 2675 3030 2728 sive
3095 2675 3351 2730 titanibus
3396 2674 3712 2730 Graecorum
3769 2687 3851 2726 ore

685 2771 1002 2838 scriptisque
1035 2769 1303 2837 iactatur:
1332 2770 1527 2838 quibus
1569 2769 1623 2822 in
1657 2769 1908 2822 omnibus
1941 2768 2107 2820 secuti
2149 2766 2280 2818 nihil
2321 2765 2409 2819 isti
2463 2764 2679 2828 fuerint,
2727 2778 2920 2835 praeter
2975 2768 3208 2838 aliquam
3268 2783 3521 2824 sensuum
3571 2767 3845 2838 cogitatio-

688 2879 922 2932 numque
953 2865 1262 2918 novitatem.
1285 2863 1421 2928 Quid
1451 2866 1495 2918 si
1528 2873 1703 2917 autem
1734 2863 1799 2916 ad
1832 2877 1892 2914 ea
1923 2863 2205 2930 pertinent,
2271 2876 2388 2928 quae
2419 2860 2485 2914 de
2538 2861 2841 2930 gigantibus
2883 2877 3171 2933 eorumque
3215 2862 3522 2933 parentibus
3569 2874 3698 2916 ante
3724 2861 3848 2915 dilu-

689 2958 830 3010 vium
857 2973 1019 3012 sacra:
1052 2958 1240 3011 littera:
1269 2958 1411 3013 hunc
1443 2960 1496 3011 in
1537 2958 1753 3012 modum
1783 2957 2244 3010 commemorant?
2288 2955 2526 3010 Videntea
2563 2967 2732 3010 autem
2763 2958 2863 3026 ﬁlii
2893 2958 2989 3011 Dei
3026 2959 3167 3027 ﬁlias
3215 2960 3498 3022 hominum,
3532 2957 3675 3026 quod
3698 2961 3843 3009 essent

689 3052 935 3113 vale/me,
996 3062 1294 3120 acceperunt
1345 3053 1442 3105 sibi
1492 3061 1674 3105 uxores
1715 3066 1776 3103 ea:
1821 3049 2076 3112 omnibus,
2111 3066 2238 3119 quas
2289 3050 2544 3119 elegerant
2580 3066 2600 3104 :
2625 3053 2890 3119 exquibus
2937 3054 3046 3104 nati
3071 3061 3192 3105 sunt
3221 3053 3450 3122 gigantes
3480 3051 3579 3103 viri
3620 3049 3840 3117 fantasia

689 3145 877 3198 mculo
905 3144 966 3197 ".
1001 3144 1176 3199 Facile
1227 3146 1366 3198 enim
1401 3146 1520 3214 quis
1561 3144 1775 3207 dixerit,
1832 3144 1949 3198 illos
1992 3143 2134 3212 ipsos
2176 3143 2516 3212 profanorum
2575 3145 2853 3199 hominum
2908 3147 3152 3215 gigantas
3192 3160 3311 3200 esse
3365 3160 3600 3215 quorum
3652 3143 3840 3196 animos

689 3239 886 3305 posteri
918 3240 1136 3292 deorum
1191 3240 1242 3292 in
1292 3255 1571 3292 numerum
1622 3239 1953 3307 classemque
1979 3239 2288 3303 retulerint;
2331 3240 2566 3309 adeoque
2602 3251 2817 3295 mutuas
2863 3241 3084 3294 istorum
3119 3257 3344 3311 pugnas,
3396 3242 3764 3295 dimicationes
3797 3243 3841 3286 et

691 3329 824 3382 bella
881 3330 1075 3386 fabulis
1118 3332 1183 3387 iis
1229 3330 1540 3386 adumbrata
1574 3347 1713 3399 esse,
1747 3349 1881 3402 quas
1930 3342 2184 3404 tanquam
2215 3332 2280 3385 de
2317 3333 2419 3387 diis
2469 3333 2874 3388 circumferunt.
2925 3337 2994 3388 At
3034 3335 3403 3402 Plutarchum,
3447 3337 3500 3388 in
3555 3351 3650 3401 eo,
3699 3346 3830 3402 quem

693 3425 768 3480 De
819 3425 1075 3485 Isidezac
1134 3427 1336 3480 caeteris
1389 3425 1756 3496 Egyptiorum
1801 3426 1915 3481 'diis
1956 3427 2187 3496 scripsit,
2241 3425 2439 3494 libello,
2470 3429 2755 3499 ipsissimis
2777 3430 2949 3483 verbis
2974 3429 3277 3497 loquentem
3311 3431 3618 3484 audiamus.

1196 3535 1349 3604 ιε’]
1396 3533 1618 3587 CAPUT
1672 3533 1735 3586 v.
2250 3540 2290 3596 α
2735 3528 2738 3530 ‘

2250 3540 2290 3596 C
2735 3528 2738 3530 ⁷
2832 3538 3217 3590 ΚΕΦΑΛΑΙΟΝ
3263 3537 3334 3590 Ε’.

705 3650 938 3705 {ﬁentes
964 3647 1253 3725 memoriam
1282 3645 1524 3725 historias
1550 3645 1799 3713 fabulosis
1832 3661 1928 3697 non
1973 3663 2117 3700 secus
2162 3662 2223 3698 ac

2321 3628 2588 3725 "spiam-2
2621 3650 3036 3725 Γλιιινθιινοιίιο-ᾳς
3071 3648 3362 3725 δαιμώςωῖ
3384 3645 3673 3725 περιέχειν
3696 3650 3834 3700 ἱστο-

1002 3721 1063 3768 de
1092 3717 1192 3766 diis
1216 3716 1600 3766 narrationibus
1645 3717 1915 3767 contineri.
2413 3718 2550 3784 ρίας

2413 3718 2550 3784 plac
2575 3719 2677 3782 τὰς
2697 3721 2946 3787 μυθικὰς
2971 3721 3048 3782 ὼς
3081 3719 3212 3784 περὶ
3239 3716 3387 3770 θεῶν
3426 3716 3741 3783 διηγήσεις.

745 3851 790 3911 κ(
823 3830 1059 3893 Rectius,
1097 3828 1288 3896 inquit,
1344 3827 1670 3896 existimant,
1704 3829 1792 3895 qui
1822 3843 1940 3898 qute
1998 3827 2225 3895 vulgatis

2397 3844 2414 3876 ς
2451 3827 2660 3879 Βέλτιον
2699 3824 2790 3881 οὖν
2831 3828 2939 3898 (88)
2974 3831 3020 3881 οἰ
3054 3828 3176 3898 περὶ
3221 3827 3469 3895 Τυφῶνα,
3507 3829 3602 3881 καὶ
3649 3831 3836 3898 Ὄσιριν

699 3924 764 3977 de
807 3921 1079 3991 Typhone.
1111 3917 1317 3971 Osiride
1349 3928 1402 3969 et
1437 3915 1573 3970 Iside
1605 3917 1842 3971 historiis
1872 3918 2227 3981 celebrantur,

2323 3916 2413 3967 xui.
2444 3918 2574 3970 Ἶσιν
2601 3919 2945 3988 ἱστορούμενα
2981 3921 3114 3988 μήτε
3146 3918 3278 3970 θεῶν
3311 3919 3451 3989 πάθη
3486 3923 3619 3989 μήτε
3652 3917 3836 3988 ἀνθρώ·

701 4029 759 4065 ea
789 4028 888 4063 non
923 4011 1080 4063 debm
1114 4015 1206 4060 aut
1244 4007 1541 4068 hominum,
1576 4006 1665 4057 sed
1695 4020 2005 4073 magnorum
2032 4005 2227 4057 daemo.

2326 4024 2457 4069 πων,
2489 4009 2618 4060 ἀλλὰ
2648 4009 2909 4078 δαιμόνων
2945 4011 3186 4078 μεγάλων
3227 4006 3360 4063 εἶναι
3402 4008 3720 4078 νομίζοντες,
3759 4004 3835 4066 οὓς

705 4117 830 4174 num
885 4099 1188 4152 affectiones
1232 4106 1284 4148 et
1333 4111 1489 4149 casus
1530 4093 1695 4147 fuisse
1730 4095 1932 4158 volunt,
1958 4110 2095 4162 quos
2124 4093 2225 4162 ipsi

2327 4101 2418 4152 καὶ
2461 4100 2677 4153 Πλάτων
2727 4103 2817 4153 καὶ
2854 4103 3184 4172 Πυθαγόρας,
3227 4102 3318 4154 καὶ
3350 4100 3710 4171 Ξενοκράτης,
3758 4099 3833 4150 καὶ

705 4202 915 4256 quoque
939 4186 1109 4248 Plato,
1141 4185 1485 4254 Pythagoras,
1520 4181 1845 4236 Xenocrates
1879 4193 1932 4236 et
1972 4181 2228 4252 Chrysip-

2326 4190 2655 4261 Χρύσιππος,
2684 4193 2932 4263 ἑπόμενοι
2957 4197 3064 4254 τοῖς
3097 4193 3256 4246 πάλαι
3293 4193 3572 4262 θεολόγοις,
3619 4191 3834 4261 ὲῤῥωμι-

705 4293 804 4346 pus
835 4283 1035 4328 veteres
1059 4275 1224 4326 secuti
1261 4274 1552 4340 theologos,
1606 4273 1908 4326 hominibus
1937 4273 2091 4344 longe
2135 4288 2227 4325 va-

2326 4281 2600 4351 νεστέρους
2616 4283 2906 4351 ἀνθρώπων
2925 4285 3131 4350 λέγουσι
3159 4284 3450 4352 γεγονέναι,
3483 4286 3573 4335 καὶ
3601 4280 3754 4347 πολλῇ
3775 4279 3829 4346 τῇ

708 4366 955 4418 lentiores
989 4363 1172 4425 fuisse,
1213 4361 1499 4430 multisque
1527 4363 1767 4431 partibus
1798 4372 2000 4416 natura:
2032 4373 2226 4416 nostrae

2326 4369 2544 4441 δυνάμει
2584 4370 2678 4440 τὴν
2709 4372 2862 4438 φύσιν
2910 4373 3304 4444 ὑπερφέροντας
3331 4372 3481 4442 ἡμῶν
3503 4385 3516 4399 ⁸
3549 4373 3606 4424 τὸ
3635 4372 3685 4423 δὲ
3713 4369 3830 4419 Gaio-1

706 4457 845 4508 vires
878 4466 1158 4521 superasse
1193 4459 1475 4503 testantur.
1520 4451 1780 4504 Caeterum
1839 4468 2006 4522 genus
2057 4452 2226 4520 quod-

2327 4459 2424 4509 οὐκ
2469 4460 2661 4528 ἀμιγὲς
2693 4461 2810 4512 οὐδὲ
2848 4461 3076 4530 ἄκρατον
3099 4463 3342 4530 ¹ἔχοντας,
3382 4461 3514 4514 ἀλλὰ
3559 4463 3649 4514 καὶ
3675 4457 3826 4526 ψυχῆς

707 4546 827 4598 dam
863 4544 928 4596 iis
952 4539 1246 4595 divinitatis
1271 4540 1588 4604 attribuunt,
1621 4555 1726 4593 non
1777 4541 2045 4595 sincerum
2101 4542 2228 4595 illud

2329 4549 2501 4616 φύσει,
2533 4553 2624 4603 καὶ
2652 4550 2892 4620 σώματος
2933 4551 3173 4621 αἰσθήσει
3204 4552 3522 4623 συνειληχὸς,
3557 4549 3732 4622 ἡδονὴν
3759 4547 3831 4597 δε-

709 4645 762 4688 et
791 4635 856 4687 ab
885 4629 1030 4686 omni
1064 4631 1315 4683 mistione
1346 4639 1633 4692 secretum,
1681 4632 1770 4685 sed
1812 4648 1877 4685 ex
1914 4633 2105 4685 animae
2137 4648 2231 4685 na-

2328 4641 2524 4710 χομένῃ
2552 4641 2644 4693 καὶ
2673 4642 2769 4692 ὅσα
2805 4641 3021 4703 ταύταις
3054 4641 3303 4710 γινόμενα
3328 4654 3364 4681 ἰ
3396 4643 3513 4703 ταῖς
3546 4633 3829 4709 μεταϐολαῖς

710 4737 826 4779 tura
854 4723 1204 4791 corporisque
1223 4735 1381 4774 sensu
1408 4721 1726 4789 voluptatem
1753 4725 1948 4790 pariter
1967 4724 2229 4776 laborem-

2332 4728 2494 4799 πάθη,
2524 4731 2646 4791 τοὺς
2678 4729 2772 4798 μὲν
2801 4731 3013 4800 μᾶλλον,
3047 4732 3167 4792 τοὺς
3198 4731 3242 4782 δ’
3269 4727 3427 4801 ἦττον
3465 4727 3826 4796 ἐπιταράττειν-

712 4828 815 4881 que
849 4814 1102 4865 subeunte
1129 4819 1474 4877 temperatum
1497 4827 1508 4860 :
1533 4826 1597 4862 ex
1623 4826 1727 4878 quo
1756 4813 1862 4874 ﬁat,
1889 4821 1946 4866 ut
1975 4813 2230 4881 quidquid

2335 4817 2568 4871 Γίνονται
2596 4820 2699 4889 γὰρ
2737 4820 2810 4882 ὡς
2848 4822 2904 4872 ὲν
2950 4820 3245 4889 ἀνθρώποις
3277 4821 3368 4872 καὶ
3396 4818 3635 4887 δαίμοσιν
3660 4810 3828 4886 ἀρετῆς

711 4905 910 4956 alterna
944 4903 1218 4970 utriusque
1247 4899 1610 4953 vicissitudine
1639 4904 2053 4969 perturbationis
2086 4902 2232 4957 exci-

2333 4907 2576 4979 διαφοραὶ
2601 4911 2691 4963 καὶ
2722 4911 2929 4973 κακίας.
2959 4911 3037 4962 Τὰ
3065 4913 3169 4981 γὰρ
3199 4907 3480 4977 γιγαντικὰ
3504 4908 3593 4960 καὶ
3617 4899 3828 4958 τιτανικὰ

714 5000 873 5052 ta:ur,
916 4990 966 5041 id
995 4991 1125 5042 alios
1165 4989 1378 5057 quidem
1410 4990 1796 5054 vehementius,
1845 4993 2011 5045 levius
2054 5001 2229 5046 autem
2263 5004 2268 5060 ἶ

2271 5004 2310 5062 D
2338 5001 2462 5068 παρ’
2495 4999 2740 5067 ’Ἓλλησιν
2780 5000 3026 5068 ᾀδόμενα,
3059 5000 3151 5049 καὶ
3191 4996 3375 5049 πολλαί
3417 5013 3555 5058 τινες
3586 4994 3685 5064 (89)
3723 4989 3825 5042 ἄθε-

715 5084 845 5137 alios
890 5079 1094 5133 allicere
1125 5081 1475 5135 consueverit.
1512 5078 1783 5147 Siquidem
1817 5093 1874 5134 ut
1905 5083 1958 5135 in
2007 5084 2233 5136 homini-

2277 5151 2280 5154 ,
2335 5105 2454 5156 σμοι
2484 5090 2722 5160 πράξεις,
2760 5091 2851 5141 καὶ
2889 5087 3133 5149 Πυθῶνος
3173 5086 3464 5150 ἀντιτάξεις
3496 5086 3625 5156 πρὸς
3663 5076 3825 5133 Ἀπόλ-

716 5174 834 5235 bus,
868 5173 945 5225 sic
969 5171 1126 5223 etiam
1160 5169 1211 5219 in
1241 5168 1565 5223 daemonibus
1598 5185 1694 5224 sua
1734 5181 1856 5224 sunt
1903 5173 2112 5227 virtutis
2143 5173 2237 5225 im-

2333 5180 2494 5242 λωνα,
2524 5180 2686 5246 φυγαί
2715 5197 2770 5231 τε
2805 5180 3072 5242 Διονύσου,
3111 5179 3199 5230 καὶ
3228 5177 3419 5230 πλάναι
3455 5178 3716 5246 Δήμητρος
3753 5166 3824 5218 οὒ-

716 5263 1092 5332 probitatisque
1141 5259 1467 5312 discrimina.
1521 5260 1660 5314 Nihil
1707 5263 1848 5315 enim
1903 5265 2184 5318 admodum
2215 5305 2229 5326 ,

2334 5272 2416 5324 δὲν
2447 5271 2786 5324 ἀπολείπουσι
2815 5273 2916 5324 τῶν
2945 5272 3258 5342 Ὀσιριακῶν
3271 5270 3362 5322 καὶ
3378 5264 3738 5338 Τυφωνιακῶνν
3766 5251 3824 5308 ὧν

719 5369 834 5421 quae
859 5369 887 5405 a
921 5353 1117 5405 Graecis
1149 5350 1212 5402 de
1252 5349 1552 5418 gigantibus
1591 5369 1651 5406 ac
1681 5355 1932 5408 titanibus
1957 5357 2066 5423 jam
2106 5357 2231 5410 olim

2335 5365 2482 5433 παρὰ
2532 5365 2692 5416 πᾶσιν
2741 5363 2847 5433 (90)
2906 5363 3119 5430 ἀναίδην
3170 5363 3339 5428 ἔξεστι
3402 5352 3821 5430 μυθολογουμένων

716 5445 989 5496 decantata
1027 5453 1168 5503 sunt,
1212 5456 1308 5493 nec
1339 5455 1442 5493 non
1480 5445 1738 5512 pleneque
1784 5461 1866 5499 res
1917 5448 2117 5500 nefarie
2143 5465 2234 5516 ge—

2340 5455 2567 5517 ἀκούειν,
2622 5457 2718 5506 ὅσα
2769 5471 2846 5515 τε,
2911 5456 3175 5522 μυστικοῖς
3235 5455 3393 5517 ἱεροῖς
3448 5436 3821 5520 παρακαλυπτό-

786 5535 833 5566 ⁸³
868 5531 997 5586 Gen.
1028 5549 1101 5596 vt,
1130 5533 1183 5584 τὶ.

789 5634 815 5662 n
854 5621 934 5672 ίσ.
970 5619 1224 5686 γίγνεται.

1606 5669 1664 5676 ,Α

927 5711 1174 5795 ,βέᾼτιον
1209 5708 1335 5765 οὖν.
1385 5708 1655 5765 Plutarch.
1705 5711 1778 5767 De
1818 5714 1957 5771 Iside
1989 5726 2036 5771 et
2074 5716 2234 5787 00in,

2408 5719 2515 5795 (ξθ)
2552 5718 2660 5795 lia}
2692 5717 2908 5795 στολθῶ
2937 5733 3105 5795 arce.
3142 5716 3304 5795 Plu_t.,
3347 5716 3438 5769 καὶ
3463 5714 3661 5795 ,Κρόνου
3685 5718 3816 5767 τιννῦο

719 5799 776 5854 p.
797 5779 897 5834 560
925 5779 985 5844 D,
1010 5781 1059 5832 ι.
2221 5779 2233 5787 ’

2221 5779 2233 5787 ν
2413 5779 2522 5860 ἰθύ)
2560 5789 2721 5856 Παρὰ
2751 5787 2950 5843 πᾶσιν.
2983 5779 3144 5857 Plut,
3174 5789 3332 5840 πᾶσιν
3362 5779 3583 5841 tantum.
