3936 6342
681 420 790 477 317

1334 421 1598 478 EUSEBII
1637 421 2112 477 CESARIENSIS
2140 421 2289 476 OPP.
2333 420 2512 475 PARS
2542 419 2603 473 ll.
2636 450 2706 460 ——-
2734 419 3236 475 APOLOGI‘EICA.
3769 423 3858 478 3‘38

686 541 774 604 rit,
803 549 964 608 atque
983 538 1285 601 oraculum,
1331 539 1473 606 quod
1519 547 1743 592 eatenus
1771 536 2100 593 custoditum
2130 536 2219 591 abs

2328 535 2471 598 νικά,
2514 535 2606 588 καὶ
2648 533 2716 587 τὰ
2760 535 3036 598 Τιτανικὰ,
3071 534 3337 604 δαιμόνων
3385 533 3558 604 μάχας
3605 535 3854 601 γεγονέναι

685 630 944 685 Themide
970 630 1164 695 fuerat,
1190 630 1366 684 denuo
1392 630 1672 698 receperit.
1705 629 1906 699 Neque.
1926 630 2228 685 absimilem

685 739 893 789 eorum,
938 739 1058 793 quae
1103 724 1168 777 de
1197 722 1454 793 Typhone
1505 720 1894 792 Titanibusque
1932 723 2226 791 iactantur,

685 829 799 868 esse
836 815 1138 869 rationem:
1173 817 1391 884 quippe,
1433 815 1532 867 has
1573 814 1878 869 daemonum
1933 815 2070 868 inter
2110 829 2230 870 sese
2276 874 2283 880 _

686 921 890 976 pugnas
916 917 971 961 et
1003 908 1376 961 contentiones
1405 908 1696 969 exstitisse,
1745 922 1879 974 quas
1911 907 2103 975 partim
2132 923 2228 961 eo-

687 1013 802 1050 rum
837 999 928 1066 qui
959 999 1086 1052 victi
1117 996 1353 1062 fuerant,
1383 998 1593 1060 exsilia,
1627 997 1819 1066 partim
1860 997 1946 1061 iis,
1978 998 2071 1065 qui
2110 1012 2228 1052 sese

688 1088 865 1156 aliquo
891 1088 1093 1142 scelere
1121 1087 1557 1154 obstrinxissent,
1588 1089 1833 1157 irrogata:
1859 1103 1888 1141 a
1916 1087 2024 1141 Deo
2057 1103 2228 1157 paenae

687 1187 988 1231 consecutae.
1019 1184 1199 1230 essent
1234 1193 1246 1228 :
1287 1177 1586 1242 cujusntodi
1623 1178 1809 1246 utique
1836 1178 1916 1231 vel
1949 1176 2226 1248 Typhonis

685 1267 941 1320 adversus
974 1264 1262 1326 Osiridem,
1296 1267 1377 1320 vel
1406 1265 1624 1321 Saturni
1659 1284 1786 1338 erga
1814 1267 2024 1324 Caelum
2063 1270 2227 1340 male-

639 1424 642 1425 7
682 1354 801 1409 ficia
833 1355 1049 1421 fuerint,
1082 1370 1315 1425 quorum
1359 1355 1479 1410 ideo
1526 1372 1630 1412 non
1662 1358 1767 1412 nisi
1815 1358 2222 1425 obscurissima,

685 1448 766 1500 vel
796 1447 939 1500 nulla
967 1448 1146 1515 potius
1173 1447 1312 1514 apud
1356 1463 1454 1502 nos
1481 1450 1800 1518 religionum
1832 1451 2114 1521 cultusque
2143 1468 2224 1507 νος

684 1539 836 1605 stigia
862 1537 1158 1606 supersint,
1189 1536 1333 1606 quod
1375 1538 1478 1605 ipsi
1521 1538 1687 1592 alium
1745 1540 1796 1593 in
1850 1540 2034 1594 orbem
2062 1540 2221 1595 aufu-

681 1629 902 1696 gissent.
938 1625 1144 1680 Etenim
1176 1626 1424 1694 Solymos
1454 1628 1617 1681 audio
1659 1627 1944 1698 Lyciorum
1988 1631 2218 1694 vicinos,

683 1717 938 1782 Saturno,
968 1718 1012 1771 si
1035 1719 1126 1787 qui
1156 1719 1267 1784 alii,
1309 1719 1542 1773 honores
1586 1719 1714 1772 olim
1753 1720 2008 1776 tribuisse
2044 1721 2220 1774 maxi-

682 1826 821 1876 mos,
854 1810 942 1879 qui
977 1821 1149 1862 tamen
1180 1819 1460 1878 postquam
1487 1809 1697 1875 Arsalo,
1724 1813 1909 1882 Aryto,
1939 1827 2002 1866 ac
2023 1809 2219 1866 Tosibe

2331 627 2464 697 πρὸς
2491 626 2746 695 δαίμονας
2770 643 2782 654 ·
2812 624 2927 679 εἶτα
2961 626 3135 694 φυγὰς
3163 627 3267 678 τῶν
3296 625 3687 698 κρατηθέντων,
3728 625 3756 695 ἢ
3787 627 3849 677 δί-

2329 735 2428 781 κας
2453 717 2562 787 (99)
2597 717 2698 769 ὑπὸ
2735 716 2866 768 Θεοῦ
2903 717 3008 769 τῶν
3033 719 3464 788 ἐξαμαρτόντων,
3494 710 3577 768 οἷα
3602 715 3781 783 Τυφών
3807 733 3852 767 τε

2327 809 2540 876 λέγεται
2581 809 2705 879 περὶ
2741 810 2950 877 Ὄσιριν
2998 806 3339 878 ἐξαμαρτεῖν,
3374 808 3468 860 καὶ
3509 805 3707 875 Κρόνος
3750 806 3852 875 περὶ

2328 900 2591 971 Οὐρανόν·
2638 895 2710 953 ὧν
2755 899 3117 970 ἀμαυρότεραι
3157 899 3438 967 γεγόνασιν
3471 899 3526 950 αί
3570 899 3720 968 τιμαὶ
3746 900 3850 967 παρ’

2326 993 2475 1062 ἡμῖν,
2517 992 2548 1063 ἦ
2600 993 2938 1045 παντάπασιν
2979 989 3339 1053 ἐκλελοίπασι,
3393 989 3760 1060 μεταστάντων
3787 991 3849 1050 είς

2326 1083 2507 1152 ἕτερον
2551 1083 2767 1152 κόσμον.
2819 1081 2970 1133 Ἐπεὶ
3014 1082 3106 1134 καὶ
3139 1079 3408 1151 Σολύμους
3439 1079 3513 1150 (Ι)
3551 1078 3850 1148 πυνθάνομαι

2325 1175 2450 1237 τοὺς
2481 1175 2692 1228 Λυκίων
2727 1173 3053 1244 ’προσοίκους
3083 1175 3138 1224 ὲν
3167 1176 3277 1236 τοῖς
3324 1172 3553 1243 μάλιστα
3591 1171 3746 1240 τιμᾷν
3781 1172 3848 1221 τὸν

2324 1262 2530 1336 Κρόνον
2557 1279 2570 1295 δ
2597 1266 2717 1317 ἐπεὶ
2755 1265 2811 1317 δὲ
2838 1265 3161 1328 ἀποκτείνας
3199 1264 3324 1327 τοὺς
3352 1245 3661 1334 ἀρχηγέτας
3703 1260 3845 1313 αὐτῶν

2329 1355 2591 1427 Ἄρσαλον
2630 1355 2726 1426 (Ξ),
2768 1355 2859 1409 καὶ
2886 1358 3135 1427 Ἀρυτον,
3165 1358 3256 1408 καὶ
3297 1354 3529 1419 Τόσιϐιν,
3572 1354 3751 1422 ἔφυγε,
3776 1354 3837 1404 καὶ

2327 1446 2698 1520 μετεχώρησεν
2722 1446 3034 1519 ὁποιδήποτε
3053 1466 3065 1479 ’
3102 1447 3277 1517 (τοῦτο
3304 1447 3410 1518 γὰρ
3436 1449 3534 1501 οὐκ
3564 1446 3763 1516 ἔχουσιν
3786 1447 3835 1496 εἰσ

2324 1542 2441 1592 πεῖν
2458 1540 2496 1610 ’)
2525 1543 2728 1593 ἐκεῖνον
2753 1540 2846 1610 μὲν
2872 1539 3226 1609 ἀμεληθῆναι,
3252 1539 3374 1610 τοὺς
3404 1539 3458 1591 δὲ
3485 1532 3610 1607 περὶ
3637 1536 3723 1590 τὸν
3748 1535 3841 1604 ’Ᾱρ-

2325 1632 2479 1685 σαλον
2512 1634 2734 1703 Σκιροὺς
2771 1632 2923 1695 θεοὺς
2965 1609 3478 1702 προσαγορεύεσθαι,
3508 1629 3602 1682 καὶ
3641 1629 3734 1691 τὰς
3765 1644 3835 1680 κσ-

2322 1722 2487 1794 τάρας
2512 1725 2602 1774 ἐπὶ
2629 1723 2828 1775 τούτων
2846 1721 3110 1774 ποιεῖσθαι
3129 1721 3189 1791 δη
3199 1720 3358 1792 μοσία
3379 1720 3470 1774 καὶ
3497 1719 3605 1789 ἰδίᾳ
3627 1719 3839 1779 Λυκίους.

2322 1813 2537 1876 Τούτοις
2555 1812 2651 1883 μὲν
2671 1810 2761 1866 οὖν
2775 1815 2933 1882 ὃμοια
2955 1812 3120 1865 πολλὰ
3145 1812 3322 1865 λαϐεῖν
3343 1812 3487 1865 ἐστιν
3509 1812 3573 1863 ἐκ
3593 1811 3695 1863 τῶν
3714 1809 3844 1879 μυεοδ

680 1902 893 1954 illorum
923 1901 1148 1954 ducibus
1179 1900 1495 1968 interfectis,
1519 1917 1842 1971 quocunque
1860 1903 2072 1956 tandem
2101 1919 2219 1974 gen-

2322 1904 2652 1973 λογουμένων
2667 1921 2680 1933 ο
2708 1905 2754 1956 εί
2785 1903 2839 1955 δὲ
2864 1905 2970 1968 τοῖς
2994 1903 3392 1973 νενομισμένοις
3406 1902 3512 1954 τῶν
3534 1901 3666 1953 θεῶν
3689 1902 3845 1970 ὀνόμα-

682 1994 812 2046 tium
870 1993 1062 2063 (neque
1095 1994 1238 2047 enim
1269 1993 1604 2060 exploratum
1650 1993 1753 2062 ipsi
1791 1995 1967 2048 locum
1998 1984 2219 2066 habent)

680 2085 857 2153 fugam
887 2086 1223 2152 arripuisset,
1250 2084 1521 2153 neglectus
1558 2085 1625 2137 ab
1655 2085 1844 2140 iisdem
1886 2086 2046 2139 fuerit
2073 2104 2086 2141 :
2119 2087 2220 2140 Ar-

679 2176 825 2228 salus
855 2186 1034 2228 autem
1082 2175 1284 2243 aliique
1325 2174 1433 2227 d—uo
1464 2172 1740 2228 Scirorum
1762 2175 1986 2230 deorum
2024 2193 2219 2231 nomen

679 2251 1000 2334 acceperint,
1030 2282 1260 2335 quorum
1293 2266 1452 2320 etiam
1481 2281 1573 2335 per
1597 2267 1814 2320 nomina
1837 2276 1945 2322 tam
1969 2269 2217 2337 privatim

678 2357 824 2429 Lycii
861 2373 1022 2426 quam
1054 2357 1262 2426 publice
1288 2357 1552 2413 solemnes
1583 2373 1647 2413 ac
1675 2367 1842 2414 statas
1870 2359 2220 2428 imprecatio-

681 2464 776 2502 nes
805 2449 1129 2518 concipiant.
1159 2452 1333 2518 Atque
1378 2449 1483 2502 alia
1523 2458 1799 2518 poetarum
1830 2465 1896 2503 ex
1939 2449 2133 2504 fabulis
2167 2451 2218 2504 id

677 2555 845 2609 genus
873 2537 1087 2592 auferre
1119 2540 1376 2609 pleraque
1417 2537 1596 2590 liceat.
1644 2535 1764 2591 lam
1791 2553 1919 2592 vero
1956 2539 2098 2607 quod
2126 2553 2217 2593 so-

676 2631 943 2685 lemnibus
971 2645 1033 2684 ac
1073 2629 1301 2698 propriis
1334 2627 1556 2681 deorum
1605 2629 1913 2684 nominibus
1939 2631 2157 2699 quidam
2186 2646 2218 2684 a

679 2722 832 2775 nobis
862 2722 1134 2775 daemones
1160 2723 1511 2790 appellentur,
1543 2735 1651 2775 non
1675 2731 1776 2787 est,
1832 2721 2106 2790 inquiebat
2127 2738 2218 2791 pe-

675 2815 922 2882 regrinus
956 2813 1061 2874 ille,
1099 2814 1450 2880 quamobrem
1481 2813 1679 2866 mirum
1715 2811 1766 2864 id
1798 2811 1963 2866 videri
2007 2813 2214 2866 debeat.

677 2902 810 2958 Nam
858 2920 966 2971 qtto
1013 2906 1240 2971 quisque
1267 2902 1390 2969 deo,
1422 2904 1506 2958 vel
1548 2903 1753 2957 ordinis
1778 2911 1939 2972 atque
1977 2903 2101 2967 loci,
2136 2904 2217 2959 vel

680 2995 956 3064 petestatis
984 2994 1242 3046 societate
1272 2992 1593 3060 coniunctus
1626 3000 1729 3051 est,
1761 2990 1878 3058 ejus
1915 2991 2077 3044 etiam
2118 3007 2218 3045 no-

678 3099 797 3136 men
832 3083 1011 3136 sortiri
1056 3090 1200 3134 amat
1233 3097 1247 3146 ;
1292 3081 1741 3149 quemadmodum
1768 3098 1833 3136 ex
1869 3081 2029 3152 189
2063 3082 2217 3138 nobis

677 3176 839 3226 alium
869 3171 1105 3237 Jovium,
1133 3173 1295 3225 alium
1323 3171 1663 3239 Minervium,
1701 3175 1863 3227 alium
1901 3190 2026 3228 vero
2051 3173 2216 3244 Apol-

2326 2012 2376 2047 σι
2409 1995 2661 2063 δαίμονάς
2698 2011 2849 2056 τινας
2873 1993 3162 2064 καλοῦμεν,
3188 1994 3249 2046 ού
3284 1991 3641 2062 θαυμαστέον,
3672 1988 3844 2045 εἶπενὸ

2325 2084 2488 2148 ξένος.
2521 2079 2588 2154 ᾮ
2615 2085 2721 2154 γὰρ
2761 2083 2985 2146 ἕκαστος
3013 2083 3117 2153 θεῷ
3163 2083 3530 2147 συντέτακται,
3565 2083 3655 2136 καὶ
3685 2077 3740 2136 οὗ
3768 2083 3843 2150 τῆς

2321 2172 2596 2241 δυνάμεως
2638 2172 2980 2243 μετείληχεν,
3032 2174 3138 2226 ἀπὸ
3174 2173 3360 2226 τούτου
3379 2166 3531 2242 φιλεῖ
3563 2173 3840 2226 καλεῖσθαι·

2323 2263 2546 2332 καὶγὰρ
2579 2264 2728 2333 ἡμῶν
2754 2264 2782 2314 6
2817 2265 2913 2332 μέν
2947 2265 3028 2327 τίς
3068 2260 3358 2328 ἐστιΔῖος,
3407 2266 3434 2316 ό
3466 2265 3524 2316 δὲ
3572 2264 3839 2334 Ἀθηναῖος.

2322 2357 2349 2407 ό
2387 2355 2443 2407 δὲ
2499 2354 2864 2419 Ἀπολλώνιος,
2899 2356 2932 2426 ἢ
2976 2354 3266 2419 Διονύσιος,
3303 2355 3335 2425 ἢ
3395 2355 3673 2426 Ἑρμαῖος.
3731 2353 3840 2405 Ἀλλ’

2323 2445 2448 2498 ἔνιοι
2495 2448 2589 2516 μὲν
2629 2448 2722 2500 καὶ
2760 2447 2932 2518 ὀρθῶς
2965 2449 3104 2503 κατὰ
3140 2449 3308 2520 τύχην
3354 2449 3686 2520 ἐκλήθησαν·
3730 2451 3770 2500 oi
3797 2448 3840 2498 ιι

2322 2539 2500 2592 πολλοὶ
2529 2539 2689 2610 μηδὲν
2710 2540 3108 2612 προσηκούσας,
3137 2525 3248 2594 ἀλλ’
3280 2540 3681 2612 ἐνηλλαγμένας
3709 2541 3840 2606 ὲκτή·

2324 2647 2481 2685 σαντο
2508 2631 2642 2684 θεῶν
2666 2631 3040 2700 παρωνυμίας.
3075 2650 3094 2682 ι
3124 2629 3345 2684 Τοσαῦθ⁹
3369 2633 3396 2682 6
3417 2632 3766 2702 Πλούταρχος·
3796 2633 3839 2680 ἐν

2320 2718 2400 2786 οἷς
2442 2723 2734 2777 ἐσπούδασε
2774 2723 2903 2793 περὶ
2943 2722 3048 2775 τῶν
3093 2721 3475 2776 ἐκλελοιπότων
3503 2723 3837 2794 χρηστηρίων.

2322 2814 2455 2886 πρὸς
2481 2817 2591 2877 τοῖς
2628 2814 2802 2878 ἄλλοις
2837 2815 2928 2867 καὶ
2956 2813 3203 2895 θνήσκειν
3235 2812 3498 2882 παριστὰς
3523 2815 3650 2875 τοὺς
3681 2811 3837 2880 δαίμο-

2320 2923 2434 2969 νας,
2452 2906 2482 2958 ὃ
2504 2906 2595 2960 καὶ
2618 2907 2742 2958 αὐτὸ
2765 2907 2903 2960 κατὰ
2928 2902 3015 2958 τὸν
3042 2905 3224 2959 δέοντα
3249 2905 3431 2975 καιρὸν
3461 2904 3834 2973 παραθήσομεν.

2321 2995 2466 3058 Τέως
2503 2996 2558 3048 δὲ
2592 2995 2722 3066 φέρε
2758 2993 3136 3066 συλλεξώμεθα
3174 2996 3273 3047 ὃσα
3311 2993 3444 3048 ἄλλα
3480 2995 3610 3064 περὶ
3643 2993 3732 3062 τῆς
3753 2993 3834 3042 τὼν

2319 3085 2554 3153 ἀγαθῶν,
2584 3085 2656 3148 ῶς
2687 3104 2835 3155 φησι,
2869 3085 3133 3156 δαιμόνων
3165 3083 3446 3154 δυνάμεώς
3492 3101 3550 3135 τε
3592 3084 3685 3136 καὶ
3712 3085 3825 3150 ἔνερ-

2319 3174 2467 3242 γείας
2499 3169 2648 3235 αὖθις
2670 3175 2698 3224 ό
2721 3173 2818 3242 τὴν
2849 3172 2965 3226 καθ’
2997 3172 3148 3242 ἡμῶν
3175 3173 3439 3243 συσκευὴν
3481 3171 3824 3243 πεποιημένος.

674 3268 865 3320 linium
915 3265 1345 3330 autBaccltium,
1404 3276 1496 3320 aut
1542 3265 1907 3322 Mercurialem
1961 3235 2213 3339 appeflari

2320 3235 2373 3317 έν
2419 3259 2500 3346 οἷς
2544 3235 2816 3334 ὲπέγραιῖλε
2861 3264 2984 3334 περὶ
3018 3235 3130 3334 ’τῆς
3179 3266 3241 3316 ὲκ
3288 3235 3480 3330 λογίων
3533 3235 3830 3332 φιλοσοφίας.

671 3361 935 3412 videmus.
967 3360 1043 3412 Ac
1068 3358 1311 3412 nonnulli
1342 3359 1556 3428 quidem
1585 3374 1707 3414 vere
1728 3375 1790 3414 ac
1817 3361 2006 3416 merito
2038 3362 2088 3417 id
2116 3377 2215 3416 no.
2253 3399 2255 3401 -

674 3453 835 3506 minis
869 3467 995 3504 casu
1031 3452 1264 3520 quodam
1292 3451 1550 3516 habuere,
1576 3452 1847 3523 plerisque
1877 3461 2054 3509 tamen
2085 3455 2216 3509 alie-

675 3559 800 3595 num
835 3558 1081 3611 prorsus,
1131 3542 1463 3611 minimeque
1509 3553 1692 3611 aptum
1721 3553 1773 3597 et
1810 3547 2086 3599 cohwrens
2120 3543 2212 3598 Dei

674 3642 1084 3703 cognomentum
1135 3633 1375 3686 adluesit.
1414 3651 1432 3683 ι
1487 3630 1611 3685 Haec
1665 3631 2003 3699 Plutarchus,
2049 3636 2103 3688 in
2147 3635 2212 3690 iis

673 3725 826 3794 ipsis,
857 3739 977 3794 quae
1009 3725 1072 3778 de
1102 3724 1361 3778 exhausta
1387 3724 1727 3777 oraculorum
1757 3726 1827 3787 vi,
1864 3741 2058 3795 magno
2099 3735 2214 3781 stu-

673 3819 763 3871 dio
788 3816 1172 3886 diligentiaque
1194 3815 1537 3884 conscripsit,
1556 3816 1700 3887 ipsos
1733 3819 1890 3870 etiam
1923 3820 2209 3884 daemones,

671 3919 863 3978 praeter
896 3909 1019 3971 alia,
1051 3908 1214 3972 morti
1255 3907 1566 3975 subjiciens,
1597 3908 1646 3959 id
1672 3909 1822 3976 ‘quod
1853 3925 1881 3962 a
1925 3911 2077 3963 nobis
2113 3925 2213 3963 suo

658 4016 885 4072 quoque
914 4010 1150 4067 tempore
1172 3998 1492 4066 proferetur.
1527 4001 1733 4052 Interea
1772 4014 1918 4064 vero,
1951 4001 2239 4069 quidquid_

672 4100 925 4160 praeterea
958 4090 1023 4143 de
1056 4091 1317 4143 bonorum
1348 4089 1429 4160 (ut
1460 4091 1573 4160 ipse
1597 4091 1773 4160 vocat)
1801 4092 2103 4144 daemonum
2132 4091 2212 4143 vi-

672 4181 822 4234 ribus
848 4193 910 4233 ac
941 4177 1190 4232 facultate
1213 4180 1375 4233 tradit
1406 4180 1753 4250 Porphyrius,
1782 4181 2086 4234 concinnati
2113 4180 2211 4233 ad-

669 4286 857 4325 versus
900 4278 1113 4331 nostros
1144 4272 1320 4339 operis
1346 4269 1562 4336 artifex,
1589 4271 1640 4324 in
1669 4272 1754 4337 iis,
1784 4287 1903 4340 qua
1956 4272 2210 4339 deprom-

672 4371 761 4432 pta
787 4376 851 4414 ει
875 4361 1109 4425 oraculis
1139 4361 1474 4430 philosophia
1502 4362 1776 4415 memoria:
1798 4361 2048 4430 prodidit,
2077 4376 2210 4415 con-

673 4465 943 4523 geramus.
971 4451 1106 4505 lllucl
1141 4454 1282 4505 enim
1323 4453 1689 4521 potissimum,
1726 4453 1801 4505 uti
1837 4452 1948 4520 jam
1990 4453 2209 4520 saepius,

672 4547 745 4599 ita
773 4558 915 4596 nunc
940 4556 1154 4611 quoque
1185 4552 1372 4596 testem
1416 4544 1731 4612 producere,
1763 4545 1989 4613 ejusque
2035 4545 2211 4600 verbis
2242 4583 2285 4634 Ι)

673 4635 944 4704 vulgatum
969 4633 1034 4687 de
1065 4633 1148 4686 bis
1170 4648 1305 4701 quos
1330 4636 1418 4688 isti
1448 4651 1547 4703 pro
1574 4635 1678 4691 diis
1722 4636 1940 4702 habent,
1971 4651 2208 4691 errorem

743 4805 851 4877 (99)
889 4806 1083 4871 Δίκας.
1114 4805 1410 4877 Plutarch,
1441 4808 1759 4873 δικαιώσεις.

747 4877 820 4951 (ί)
859 4878 1182 4951 Σολύμους.
1240 4876 1565 4951 διεβίω-ιιηῖ
1594 4882 1654 4931 Ol
1706 4881 1946 4951 ῌισίδαι,
2009 4883 2209 4951 inquit,

678 4943 929 5018 πρότερον
973 4947 1226 5018 Σόλυμοι·
1269 4943 1381 4998 ἔστι
1425 4947 1480 4999 δὲ
1518 4948 1665 5018 ἔθνος
1705 4943 1998 5018 βάρϐαρον,
2029 4943 2211 5004 κᾶτοιὲ

676 5012 801 5088 κοῦν
850 5012 1451 5088 νπαρά-τὴν-Ἃσπένδον,
1473 5018 1565 5088 καὶ
1592 5016 1687 5088 τὴν
1705 5012 2212 5076 ΚίλικίανξΡΙίηἱῑιε

678 5084 768 5134 lib.
806 5097 859 5145 v,
890 5100 937 5136 c.
971 5083 1056 5144 “27,
1079 5083 1226 5138 idem
1275 5088 1475 5139 scribit.
1512 5083 1705 5142 Strabo
1736 5101 1908 5142 tamen
1934 5107 2026 5145 eos
2055 5093 2213 5144 modo

680 5153 730 5203 in
766 5150 985 5223 Pisidia,
1015 5154 1171 5205 modo
1199 5153 1414 5223 Lyciam
1449 5157 1587 5210 inter
1619 5174 1680 5210 ac
1708 5155 1955 5211 Pisidiam
1981 5161 2207 5223 medios,

677 5231 836 5294 atque
884 5222 1205 5294 insomniis
1238 5222 1396 5277 Tauri
1422 5227 1566 5294 jugis
1601 5229 1893 5282 cattstituit.
1931 5228 2031 5282 Sed
2065 5222 2212 5283 tanta

678 5291 922 5364 vicinitas
947 5288 1104 5364 facit_._
1125 5301 1182 5344 ιιι
1215 5295 1371 5364 modo
1394 5288 1697 5364 Lyciorum,
1728 5296 1887 5349 modo
1911 5296 2210 5352 Pisidarum

681 5361 893 5433 nomine
934 5361 1286 5433 appellentur.
1339 5361 1479 5416 Sane
1536 5366 1695 5433 paulo
1741 5376 1861 5433 post
1898 5366 2213 5422 Plutarchus

681 5425 1038 5502 Solymoruiti
1066 5432 1284 5502 numina
1313 5446 1430 5502 cum
1476 5425 1648 5502 Lyciis
1697 5425 1944 5488 omnibus
1975 5452 2214 5489 commu-

682 5498 1043 5614 llitspud
1079 5501 1274 5554 Homer
1318 5501 1410 5553 ‘IJ.
1439 5500 1491 5552 Z'
1519 5498 1868 5566 BellerOpbon
1906 5506 1958 5557 in
1993 5505 2212 5576 Lyciam

681 5577 976 5631 prOIectus,

679 5634 957 5700 Δεύτερον
983 5633 1055 5689 αὖ
1079 5640 1390 5707 Σολύμοισι
1411 5640 1757 5708 μαχέσσατο
1788 5643 2177 5712 κυδαλίμοισι.

679 5724 1084 5864 Ε’,
1114 5747 1280 5786 novos
1306 5734 1567 5801 quosdam
1605 5733 1852 5795 Solvmos
1883 5737 2017 5792 ultra
2048 5733 2214 5790 Orea-

904 5814 913 5844 l
1023 5812 1037 5847 ἱ
2188 5839 2190 5841 ’

904 5812 993 5847 ιειι
1023 5812 1037 5847 ἱ
2188 5839 2190 5841 .

2317 3353 2602 3410 ἐκτίθεται.
2650 3356 2894 3409 Μάλιστα
2929 3355 3035 3426 γὰρ
3068 3354 3212 3426 αὑτῷ
3245 3356 3336 3408 καὶ
3370 3356 3463 3409 νῦν
3495 3355 3832 3420 ’ὡςοπολλάκις

2320 3446 2550 3517 μάρτυρι
2573 3448 2839 3517 χρήσομαι
2866 3447 2956 3499 καί¹
2985 3445 3187 3518 ἐλέγχῳ
3221 3434 3474 3519 τῆςπερὶ
3499 3446 3597 3513 οὓς
3624 3447 3825 3513 timido.-

2318 3536 2535 3589 6ἀνουσι
2569 3537 2721 3600 θεοὺς
2773 3537 3041 3607 altivqu
3092 3536 3169 3598 ὼς
3223 3537 3287 3592 ἂν
3337 3538 3401 3595 ὲκ
3458 3539 3570 3592 τῶν
3655 3542 3829 3593 οἰκείων

2319 3624 2484 3696 βελῶν
2527 3630 2617 3679 καὶ
2658 3627 2996 3699 τοξευμάτων
3045 3628 3355 3700 βαλλόμενοι
3401 3630 3829 3700 καταισχύνοιντο.

2316 3718 2498 3782 Οὕτως
2529 3720 2634 3789 γὰρ
2661 3707 2766 3772 ’καὶ
2794 3718 2985 3787 γένοιτ’
3015 3719 3081 3773 ἂν
3118 3720 3247 3790 ἡμῖν
3285 3715 3344 3784 ἐξ
3384 3717 3562 3771 αὐτῶν
3612 3720 3712 3772 τῶν
3747 3722 3833 3781 τοῖς

2315 3810 2454 3872 θεοῖς
2487 3809 2812 3880 προσφιλῶν,
2843 3811 2934 3862 καὶ
2959 3808 3022 3879 δὴ
3053 3809 3143 3861 καὶ
3172 3805 3406 3861 εὐσεϐῶν
3441 3810 3834 3880 νενομισμένων,

2317 3897 2554 3968 ἀκριϐῶς
2580 3916 2638 3950 τε
2676 3899 2763 3951 τὸν
2795 3899 2919 3968 περὶ
2952 3898 3058 3950 τῶν
3090 3896 3299 3950 οἰκείων
3329 3897 3480 3966 λόγον
3514 3898 3835 3972 διηρευνηκὸ-

2314 4005 2440 4053 των,
2473 3989 2757 4059 ἀνελλιπὴς
2789 3991 2881 4041 καὶ
2905 3988 3268 4059 ἀπαραίτητος
3295 3990 3327 4059 ἡ
3357 3989 3466 4042 τῶν
3496 3992 3835 4062 προκειμένων

2316 4078 2603 4144 ἀπόδειξις.
2652 4080 2853 4151 Γράφει
2895 4080 2949 4132 δὲ
2976 4078 3146 4132 ταῦτα
3177 4081 3204 4132 6
3247 4079 3636 4152 δεδηλωμένος,
3678 4083 3732 4135 ὲν
3768 4074 3832 4139 εἷς

2316 4173 2589 4242 ἐπέγραψε
2625 4173 2751 4243 περὶ
2781 4172 2876 4242 τῆς
2901 4174 2964 4224 ὲκ
2995 4172 3185 4239 λογίων
3209 4171 3543 4243 φιλοσοφίας,
3573 4172 3697 4228 ἔνθα
3721 4188 3836 4243 μαρ-

2316 4263 2531 4333 τύρεται
2567 4265 2639 4334 μὴ
2679 4263 2746 4316 τά
2775 4263 3060 4334 ἀπόρρητα
3089 4261 3196 4315 τῶν
3237 4263 3371 4316 θεῶν
3397 4264 3692 4332 ικφαίνειν,
3734 4266 3835 4317 ἑπο-

2320 4353 2582 4424 μνύμενός
2609 4345 2665 4406 τε
2705 4353 2864 4417 αὐτὸς
2895 4354 2988 4408 καὶ
3017 4355 3407 4426 παραγγέλλων
3447 4338 3724 4427 κρύπτειν,
3761 4354 3835 4407 καὶ

2321 4445 2392 4514 μὴ
2432 4447 2510 4507 είς
2550 4444 2772 4508 πολλοὺς
2817 4445 3069 4514 ἐκφέρειν
3099 4445 3168 4496 τὰ
3207 4444 3600 4516 λεχθησόμενα.
3641 4446 3763 4499 Τίνα
3790 4444 3834 4495 δὲ

2316 4529 2381 4603 ἦν
2414 4536 2481 4587 τα
2511 4534 2758 4599 τοιαῦτας
2795 4535 2896 4586 Τον
2937 4535 3086 4587 Πᾶνα
3121 4535 3368 4587 Διονύσου
3398 4538 3530 4607 φησὶ
3558 4537 3838 4608 θεράποντα

2314 4622 2477 4680 εἶναι·
2529 4625 2713 4676 τοῦτον
2759 4624 2814 4676 δὲ
2847 4625 2951 4677 τῶν
2993 4624 3208 4694 ἀγαθῶν
3255 4626 3381 4680 ὅντα
3412 4629 3697 4700 δαιμόνων,
3735 4630 3835 4680 ἔπι-

2380 4823 2495 4899 [ὀν
2586 4824 2653 4888 ἐξ
2679 4826 2966 4899 ᾼὶθιόπῳν
2989 4827 3177 4899 ἀνιὼν
3200 4830 3411 4897 κρείων
3447 4830 3806 4899 Ἐνοσίχθων,

2384 4895 2643 4962 Τηλόθεν
2669 4896 2736 4946 ἐκ
2770 4897 3050 4963 Σολύμων
3082 4895 3267 4965 operui-
3293 4899 3439 4952 Ζδεέν.

2312 4981 2766 5076 Queg1in_locqm
2809 4983 3138 5076 Stravbo'lib.
3177 5002 3192 5039 ι
3215 5007 3233 5076 Ξ
3257 4989 3408 5076 ’Ἴσον
3453 4987 3563 5076 τῷ,
3615 4990 3718 5076 ἀπο
3757 5006 3836 5076 ps:

2314 5051 2827 5129 Eqpfiptvmvsomov
2849 5071 2860 5080 '
2907 5055 3175 5129 Σολύμους
3215 5057 3385 5129 λέγων
3406 5096 3421 5120 ,
3462 5051 3522 5111 ού
3552 5051 3676 5123 τοὺς
3703 5051 3833 5129 ἐν’τῇ

2313 5121 2541 5197 metata,
2569 5122 2702 5174 ἀλλά
2729 5121 2931 5197 πλάσας
2961 5121 3107 5197 me;
3135 5121 3450 5197 ὁμωνύμους
3469 5169 3482 5191 ,
3512 5121 3836 5191 τοὺς-ἀναλοῖ

2312 5208 2421 5258 γως
2452 5191 2667 5260 ἔχοντας
2698 5193 2829 5261 πρός
2872 5211 2928 5246 τε
2983 5194 3068 5245 τὸν
3128 5191 3374 5258 πλέοντα,
3441 5198 3534 5251 καὶ
3579 5200 3698 5261 τοὺς
3737 5197 3841 5251 ἐκεῖ

2317 5261 2741 5330 μεσημϐρινοὺς,
2788 5263 2861 5324 ὡς
2919 5263 2984 5315 ἂν
3032 5263 3319 5328 Αἰθίοπας·
3363 5267 3437 5330 ὡς
3482 5271 3531 5321 οἱ
3595 5267 3837 5323 Πισιδικοὶ

2314 5328 2448 5449 ’ὁτρός
2481 5328 2547 5380 τε
2571 5329 2659 5381 τὸν
2689 5331 2904 5395 πόντον,
2936 5333 3027 5384 καὶ
3051 5335 3174 5396 τοὺς
3204 5335 3338 5408 ὑπὲρ
3363 5328 3458 5408 τῆς
3474 5337 3746 5406 Αίγύπτσυ
3763 5338 3836 5390 Δί-

2352 5415 2521 5449 ιοπαε.

2352 5415 2521 5458 ιοπας.

2388 5469 2460 5546 (ἓ)
2498 5470 2807 5546 Ἄρσαλον,
2840 5480 2945 5546 etc.
2981 5465 3063 5546 lla
3117 5475 3258 5546 enim
3303 5473 3581 5530 Plutarch.
3621 5479 3686 5529 At
3731 5473 3836 5544 eius

2315 5541 2799 5617 Eicios,“'Apo~.ov
2981 5541 3231 5617 Τόσιϐιν,
3279 5553 3447 5599 mutat
3480 5547 3536 5598 in
3582 5541 3834 5617 Δρύονέι

2316 5605 2864 5679 Τροισωϐόν,’8υ1ιιεε
2897 5607 3107 5665 Tosibis
3145 5615 3301 5667 unius
3332 5616 3592 5679 meminit,
3621 5605 3706 5669 his
3733 5626 3836 5668 νοτε

2315 5676 2418 5795 iis,
2441 5678 2680 5753 Ἰόπᾶς,
2713 5678 2827 5741 θεὸς
2853 5678 2978 5742 τῶν,
3015 5683 3180 5748 deest,
3214 5685 3423 5750 Opinor,
3456 5676 3723 5754 Σολύμων,
3755 5691 3836 5737 aut

2365 5759 2546 5795 uxttnv.

2365 5759 2546 5797 uxttov.
