3936 6342
696 474 800 530 559

703 591 860 661 ιθθ
877 590 1015 644 ldem
1034 592 1160 645 alibi
1188 592 1462 649 missionis
1486 594 1625 649 hanc
1644 595 1753 651 edit
1782 597 2068 668 ration-em,

700 698 932 782 {uindex
975 718 1004 753 ο
1038 700 1284 782 Phintiam
1324 720 1442 782 cum
1468 704 1635 782 μαιεε
1681 708 1864 782 soluite
1888 708 2164 782 Nympha,

696 771 994 826 Arcitenens
1022 773 1159 825 vobis
1183 781 1338 826 cantu
1360 774 1643 829 celebretur
1657 778 1865 846 Apollo.

696 860 1039 933 Rursumque
1060 864 1208 931 alibi,

699 950 884 1006 Tollite
906 953 1021 1021 jam
1048 964 1209 1020 serta,
1234 974 1295 1009 ac
1319 957 1461 1010 niveo
1490 959 1707 1029 vestigia
1733 977 1848 1015 rore

694 1087 933 1159 Spargite
956 1106 976 1144 :
998 1109 1118 1146 mox
1139 1094 1350 1148 inducta
1376 1093 1506 1150 leves
1532 1096 1656 1149 mihi
1683 1096 1822 1151 linea
1842 1114 2047 1167 gressus

697 1224 969 1297 [ἐκμάξαι.
1013 1226 1223 1283 Dextra
1284 1231 1535 1283 incertam
1576 1231 1846 1297 subducite
1912 1234 2169 1295 laurum;

696 1294 824 1349 Cum
848 1297 1065 1365 geminis
1091 1299 1323 1367 geminas
1348 1300 1517 1354 oculis
1542 1294 1817 1371 abstargiie
1845 1318 2019 1364 nares,

695 1425 857 1495 Atque
870 1427 1356 1500 hominem,osocii,
1388 1447 1525 1487 nunc
1547 1433 1755 1487 tandem
1782 1435 1999 1488 mittite
2033 1437 2236 1490 terris.»

692 1536 899 1604 Quibus
943 1541 1122 1597 allatis
1159 1543 1299 1597 idem
1338 1554 1547 1613 auctor,
1596 1563 1616 1597 ι
1642 1546 1822 1601 Linea:
1849 1546 2128 1612 nimirum,
2156 1549 2241 1602 in-

1318 478 1591 538 EUSEBII
1625 481 2098 537 CESARIENSIS
2131 481 2279 539 OPP.
2322 482 2499 538 PARS
2535 481 2596 536 ll.
2633 512 2702 522 —
2740 479 3231 541 APOLOGETICA.
3783 476 3871 533 M0

2273 600 2317 655 Α
2345 596 2451 648 Καὶ
2469 577 2641 647 πάλιν
2669 592 2850 647 ἄλλοτε
2875 594 3131 646 ἀπόλυσιν
3156 592 3320 645 ἔδωκε
3352 590 3601 660 τοιαύτην
3620 604 3635 619 ·

2343 704 2591 770 Ναῖάδες
2617 705 2859 772 νύμφαι,
2889 706 3152 769 Μούσαις
3173 704 3324 771 μέγα
3342 715 3365 744 ι
3389 702 3565 755 λύετε
3592 699 3813 764 Φοῖϐον,

2347 776 2652 844 ’ᾼδουσαι,
2675 774 2841 835 θειαὶ,
2874 774 3235 841 ἑκατηϐόλον
3282 773 3639 826 Ἀπόλλωνα.

2342 866 2451 919 Καὶ
2480 865 2639 945 πάλιν
2668 863 2853 943 ἄλλοτέ
2877 880 3006 934 φησι

2340 953 2574 1013 Λύσατέ
2608 970 2709 1020 μοι
2745 952 3081 1022 στεφάνους
3106 994 3120 1017 ,
3157 953 3258 1007 καί
3307 970 3422 1022 μευ
3494 948 3873 1091 adciti-ev?“

2351 1094 2605 1152 Ῥάνατε,
2640 1109 2737 1146 και
2804 1092 3068 1162 γραμμὰς
3132 1091 3522 1159 ἀπαλείψατε,
3562 1091 3875 1229 dard-

2341 1233 2543 1309 Jgeipdc
2573 1232 2877 1309 δεξιτερῆς
2928 1230 3165 1309 δάῆνῃς
3194 1228 3427 1309 κλάδον
3476 1227 3656 1309 ᾅραίε
3680 1227 3858 1295 χερσὶ,

2346 1298 2577 1372 Vri—xeat
2647 1298 2989 1371 ὀφθαλμοὺς
3014 1298 3325 1370 διδύμους,
3358 1298 3532 1367 ῥῖνάς
3579 1312 3871 1437 τῗὼπῖᾓοσ-

2343 1442 2544 1508 Ἄρατε
2571 1440 2735 1512 φῶτα
2762 1441 3003 1512 γαιηθεν
3027 1437 3497 1507 ἀναστήσαντες,
3524 1436 3763 1502 ἐτάῷοε.
3798 1454 3816 1485 ι

2344 1546 2438 1615 Οἷς
2471 1552 2706 1621 ἐπιλέγει
2744 1554 2774 1605 ὁ
2817 1550 3193 1621 συγγραφεύςο
3230 1569 3248 1602 ι
3283 1550 3391 1612 Τὰς
3422 1546 3685 1620 γραμμὰς
3722 1547 3879 1599 τοίνυν

693 1629 826 1703 quit,
851 1645 959 1699 quo
992 1632 1141 1687 abire
1168 1634 1359 1703 possit,
1389 1643 1449 1689 ut
1476 1636 1815 1702 inducantur,
1845 1636 2069 1708 ﬂagitat,
2097 1638 2237 1706 quod

2342 1626 2766 1715 παρακελεύεται
2798 1643 3135 1711 ἀπαλείφειν,
3165 1640 3251 1694 ἵνα
3273 1638 3506 1709 ἀπέλθῃ·
3543 1639 3747 1699 ταύτας
3783 1635 3876 1703 γὰρ

694 1721 759 1790 iis
802 1723 1126 1778 constrictus
1166 1734 1477 1780 teneretur:
1505 1743 1606 1783 uec
1648 1728 1715 1783 iis
1742 1730 1924 1796 modo,
1951 1731 2043 1785 sed
2077 1730 2237 1785 etiam

2341 1736 2578 1806 κρατεῖν,
2609 1734 2702 1795 καὶ
2729 1733 2907 1803 μέντοι
2942 1733 3034 1787 καὶ
3063 1731 3123 1784 τὸ
3146 1728 3269 1784 ἄλλο
3299 1729 3479 1799 σχῆμα
3499 1728 3597 1796 τῆς
3612 1724 3874 1787 ἐνδύσεως,

693 1809 898 1879 reliqua
935 1813 1174 1869 vestitus.
1204 1815 1659 1887 conﬁguratione,
1703 1820 1847 1887 quod
1892 1828 2236 1876 evocatorum

2340 1824 2427 1877 διὰ
2454 1824 2515 1877 τὸ
2555 1824 2739 1895 φέρειν
2776 1823 3125 1893 εικονίσματα
3153 1819 3261 1874 τῶν
3288 1818 3634 1888 κεκλημένων
3674 1816 3825 1869 θεῶν.
3858 1832 3873 1865 ι

693 1902 976 1958 numinum
1004 1907 1238 1976 speciem
1268 1916 1428 1977 atque
1463 1910 1749 1980 imaginem
1776 1926 1886 1980 pra:
1916 1927 1975 1967 se
1999 1911 2179 1966 ferret.
2214 1932 2232 1965 ι

2339 1913 2610 1983 Δεδεϊχθαι
2653 1914 2835 1987 σαφῷς
2866 1913 3100 1985 ἡγοῦμαι
3128 1911 3213 1965 διὰ
3240 1909 3463 1973 τούτων,
3492 1910 3573 1962 ὅτι
3613 1908 3775 1979 μηδὲν
3830 1906 3883 1956 τὸ

694 1990 949 2062 Equidem
988 1995 1073 2051 his
1106 1999 1383 2053 omnibus
1410 1999 1565 2067 plane
1623 2001 1925 2056 confectum
1968 2002 2237 2066 existimo,

2340 2003 2565 2057 καθόλου
2591 2003 2908 2074 θεοπρεπὲς,
2973 2005 3109 2075 μήτε
3139 2002 3298 2073 μέγα,
3337 2003 3473 2072 μήτε
3514 1999 3727 2071 ἀληθῶς
3758 1997 3881 2050 θεῖον

693 2084 825 2139 nihil
862 2099 1087 2154 prorsus
1129 2097 1223 2142 aut
1257 2089 1368 2144 Deo
1407 2090 1660 2159 dignum,
1700 2101 1793 2147 aut
1830 2094 2117 2159 excellens,
2150 2104 2237 2149 aut

2341 2094 2511 2147 ἔνεστι
2554 2098 2666 2158 τοῖς
2717 2098 2795 2159 είς
2826 2095 3075 2149 τοσοῦτον
3118 2093 3493 2163 ταπεινότητος
3542 2106 3882 2144 καταπεπτω-

693 2191 817 2233 vere
848 2178 1087 2256 divinum
1122 2180 1178 2234 in
1218 2181 1496 2251 spiritibus
1529 2184 1634 2239 illis
1680 2185 1933 2253 residere,
1962 2201 2097 2256 quos
2129 2196 2241 2240 tan-

692 2273 804 2319 tam
850 2254 921 2321 ad
948 2267 1303 2325 humilitatem
1334 2272 1574 2340 abjectos
1615 2273 1820 2341 videas,
1859 2284 1919 2329 ut
1957 2254 1993 2329 a
2018 2276 2239 2346 plebeiis

691 2355 853 2409 etiam
894 2372 957 2411 ac
1000 2359 1231 2415 sordidis
1268 2361 1577 2419 hominibus
1618 2364 1970 2421 detrahantur
2016 2382 2047 2421 e
2078 2368 2236 2433 coelo,

693 2444 853 2513 idque
903 2446 971 2501 ab
1019 2448 1124 2502 illis
1168 2449 1289 2513 ﬁat,
1337 2466 1443 2505 non
1494 2454 1637 2522 quod
1682 2456 1864 2525 aliquo
1896 2458 2110 2512 virtutis
2148 2468 2240 2512 aut

691 2535 966 2603 sapientiae
991 2538 1170 2593 studio
1194 2548 1469 2608 praestent,
1494 2542 1585 2595 sed
1610 2546 2021 2611 supervacaneis
2045 2548 2239 2603 dunta—

695 2636 790 2680 xat
820 2629 1179 2699 inanibusque
1220 2630 1506 2701 praestigiis
1537 2642 1589 2685 et
1619 2634 1960 2691 cantionibus
2006 2638 2236 2693 abutan-

694 2729 803 2771 tur.
851 2715 1030 2783 Quare
1074 2735 1249 2789 neque
1274 2719 1603 2791 Pythagoras
1644 2724 1732 2778 ille
1764 2722 2029 2793 Rhodius,
2064 2743 2240 2797 neque

694 2810 742 2864 is
774 2810 957 2875 etiam,
987 2810 1079 2879 qui
1123 2810 1214 2866 tali
1254 2827 1375 2870 eum
1423 2815 1728 2869 testimonio
1769 2816 2104 2882 cohonestat,
2138 2835 2237 2873 ne-

690 2916 796 2970 que
822 2900 959 2957 alius
990 2902 1209 2957 omnino
1234 2906 1519 2974 quisquam
1549 2922 1745 2962 nomen
1779 2907 1845 2962 iis
1868 2908 2088 2964 deorum
2117 2910 2239 2979 jure

691 2994 991 3062 meritoque
1036 2995 1311 3062 tribuerit,
1358 2997 1467 3050 imo
1506 3013 1604 3052 nec
1637 3000 1902 3054 bonorum
1934 3002 2235 3057 daemonum

694 3092 839 3145 certe
864 3085 1102 3153 quidem,
1131 3087 1223 3155 qui
1260 3087 1329 3140 ab
1352 3086 1663 3143 hominibus
1694 3098 1747 3144 et
1778 3092 1935 3145 morti
1965 3093 2235 3159 obnoxiis,

690 3181 745 3227 et
781 3176 1262 3246 praestigiatoribus
1303 3191 1367 3235 ac
1400 3178 1674 3244 maleﬁcis,
1717 3196 1826 3235 non
1854 3192 1969 3236 sua
1998 3184 2103 3252 ipsi
2136 3200 2235 3239 vo-

2340 2185 2458 2238 κόσι
2480 2184 2801 2255 πνεύμασιν,
2830 2186 2904 2249 ὡς
2933 2189 3043 2248 τοῖς
3073 2183 3330 2254 τυχοῦσιν
3354 2181 3657 2254 ἀνθρώποις
3698 2180 3883 2233 6mm}-

2344 2275 2548 2345 ρεσθαι,
2580 2274 2931 2328 καθέλκεσθαί
2957 2293 3014 2328 τε
3035 2277 3096 2328 οὐ
3128 2276 3194 2328 δι’
3212 2273 3412 2345 ἀρετῆς
3432 2274 3524 2325 καὶ⁸
3555 2272 3741 2339 σοφίας
3768 2270 3882 2322 άνά·

2338 2364 2514 2436 ληψιν,
2548 2365 2658 2418 ἀλλ’
2689 2368 2737 2418 εἰ
2793 2366 2947 2436 μόνον
3010 2366 3077 2419 τὰ
3137 2366 3234 2436 τῆς
3293 2364 3577 2435 περιέργου
3649 2362 3881 2432 γοητείας

2342 2456 2645 2524 μετέλθοιεν
2704 2473 2761 2509 τε
2808 2456 2900 2508 καὶ
2939 2456 3339 2535 διαπράξοιντοζ
3362 2452 3484 2507 οῦτ’
3522 2448 3614 2506 οὖν
3654 2452 3822 2522 ὀρθῶς
3859 2452 3881 2501 ὁ

2351 2547 2546 2609 Ῥόδιος
2566 2546 2905 2619 Πυθαγόρας,
2939 2546 3051 2600 οὔθ’
3074 2549 3102 2600 ὁ
3140 2548 3312 2618 τούτῳ
3353 2546 3554 2615 ταύτην
3603 2542 3880 2615 παρασχὼν

2336 2641 2435 2710 τὴν
2466 2640 2785 2710 μαρτυρίαν,
2812 2639 2921 2692 οὗθ’
2949 2640 3193 2693 ὁστισοῦν
3227 2639 3529 2710 ἀνθρώπων
3556 2637 3708 2699 θεοὺς
3730 2652 3881 2705 προσ-

2338 2727 2478 2791 είποι
2526 2727 2590 2780 ἂν
2621 2728 2873 2796 εὐλόγωςο
2906 2728 3019 2782 ἀλλ’
3044 2728 3164 2782 οὐδὲ
3192 2729 3423 2796 ἀγαθοὺς
3449 2727 3723 2796 δαίμονας,
3770 2725 3881 2785 τοὺς

2340 2818 2444 2871 ὑπὸ
2469 2818 2676 2889 θνητῶν
2704 2820 3022 2890 ἀνθρώπιον,
3053 2819 3146 2873 καὶ
3174 2817 3347 2872 ταῦτα
3372 2820 3581 2887 γοήτων
3608 2856 3623 2880 ,
3657 2817 3715 2869 ού
3758 2813 3879 2869 κατὰ

2298 2966 2303 2972 ,
2338 2905 2557 2977 γνώμην
2585 2908 2807 2973 οίκείαν,
2836 2908 2927 2980 βίᾳ
2952 2909 3007 2963 δὲ
3035 2910 3127 2965 καὶ
3154 2907 3363 2978 ἀνάγκη
3400 2907 3733 2983 συρομένους
3755 2944 3771 2968 ,
3798 2904 3879 2956 καὶ

2340 2998 2475 3068 μηδὲ
2510 2999 2607 3075 τῆς
2649 3002 2755 3055 τῶν
2791 3001 3003 3071 δεσμῶν
3052 2998 3365 3062 ἀπολύσεως
3390 2998 3488 3069 τὴν
3530 2997 3774 3062 ἐξουσίαν
3805 2998 3877 3059 ἐφ’

2340 3092 2547 3153 ἑαυτοῖς
2569 3087 2803 3162 ἔχοντας.
2844 3093 2907 3145 Et
2940 3091 3046 3161 γὰρ
3078 3090 3140 3161 δὴ
3164 3090 3417 3145 ἀϐίαστον
3445 3090 3536 3145 καὶ
3584 3089 3877 3155 ἀκατανάγ-

2339 3198 2554 3247 καστον,
2579 3184 2672 3238 καὶ
2703 3182 2917 3235 πάντων
2946 3184 3215 3253 κρεῖττον,
3262 3182 3359 3249 τὴν
3408 3181 3567 3251 φύσιν
3609 3181 3808 3243 ἀπαθὲς
3827 3178 3878 3231 δν

691 3268 915 3333 luntate,
948 3269 1041 3323 sed
1070 3269 1121 3323 vi
1144 3269 1373 3339 quadam
1404 3278 1459 3325 et
1482 3272 1800 3327 necessitate
1838 3275 2237 3345 pertrahantur,

2342 3271 2435 3323 καὶ
2464 3270 2740 3343 ἐλεύθερον
2762 3272 2822 3325 τὸ
2850 3271 3000 3335 Θεῖον
3022 3288 3035 3300 ο
3063 3264 3178 3335 πῶς
3211 3270 3276 3324 ἂν
3306 3262 3419 3322 εἷεν
3442 3271 3574 3337 θεοὶ,
3606 3266 3878 3342 μαγγανεί-

693 3376 757 3416 ac
787 3378 853 3416 ne
882 3362 1139 3417 redeundi
1167 3363 1382 3432 quidem
1423 3364 1513 3433 jus
1550 3379 1615 3419 ex
1646 3380 1704 3420 se
1732 3366 1863 3435 ipsis
1895 3379 1988 3422 aut
2016 3367 2241 3425 faculta-

2343 3381 2428 3427 αις
2496 3366 2615 3429 ταῖς
2649 3364 2735 3420 διὰ
2766 3365 2979 3419 τοιῶνδε
3024 3366 3313 3436 σχημάτων
3351 3366 3445 3419 καὶ
3484 3364 3758 3437 γραμμῶν
3794 3360 3877 3414 καὶ

697 3468 799 3515 gem
839 3455 1089 3509 habeant.
1140 3454 1456 3520 Enimvero,
1492 3456 1537 3510 si
1570 3456 1834 3525 ejusmodi
1877 3474 2075 3513 numen
2121 3474 2237 3515 esse

2340 3455 2541 3521 τύπων,
2561 3458 2838 3527 στεφάνοις
2858 3475 2917 3510 τε
2939 3458 3157 3521 καὶτοῖς
3177 3458 3284 3511 ἀπὸ
3302 3458 3405 3528 γῆς
3419 3456 3623 3520 ἄνθεσι,
3641 3455 3733 3510 καί
3754 3467 3878 3505 τισιν

691 3544 884 3610 debet,
922 3546 1011 3599 cui
1052 3560 1152 3601 nec
1189 3546 1272 3602 vis
1321 3546 1521 3611 aﬂ‘erri,
1563 3564 1662 3604 nec
1703 3551 1905 3620 imponi
1945 3554 2240 3610 necessitas

693 3634 802 3701 ulla
860 3634 1064 3703 possit,
1122 3637 1375 3706 quodque
1424 3637 1586 3691 rebus
1642 3639 1910 3697 universis
1973 3643 2133 3699 altius
2186 3653 2240 3699 et

693 3728 1001 3799 augustius,
1052 3734 1299 3782 naturam
1345 3735 1399 3782 et
1440 3727 1507 3781 ab
1548 3729 1695 3783 omni
1736 3732 1970 3799 patiendi
2004 3735 2238 3791 solutam

692 3818 967 3887 periculo,
1010 3826 1063 3871 et
1099 3817 1346 3873 libertate
1400 3818 1675 3886 praeditam
1734 3820 1971 3875 habeat:
2017 3834 2076 3877 tu
2108 3825 2238 3879 deos

691 3909 923 3977 appelles
982 3909 1153 3976 istos,
1207 3910 1300 3978 qui
1343 3909 1427 3965 vel
1471 3908 1737 3979 ejusmodi
1791 3912 2123 3980 ﬁgurarum,
2173 3914 2239 3968 li-

692 4016 949 4067 nearum,
1006 4001 1409 4072 imaginumque
1453 4002 1717 4060 machinis
1758 4004 1982 4071 deduci,
2021 4005 2103 4060 vel
2146 4020 2239 4060 co-

692 4106 983 4156 ronarum,
1032 4100 1087 4145 et
1124 4090 1315 4154 norum
1356 4108 1421 4147 ex
1448 4103 1603 4148 terra:
1628 4096 1929 4152 visceribus
1975 4098 2236 4155 exsisten-

690 4182 826 4236 tium
877 4181 1177 4246 illecebris,
1224 4182 1307 4237 vel
1346 4183 1591 4239 barbaris
1624 4187 1945 4255 quibusdam
1984 4191 2238 4260 omnique

691 4269 1080 4339 significatione
1150 4270 1456 4325 carentibus
1514 4273 1661 4327 sonis
1723 4290 1787 4329 ac
1844 4278 2069 4334 vocibus
2126 4280 2238 4335 ine—

691 4363 861 4426 scari,
924 4362 1162 4432 adeoque
1223 4362 1709 4430 abjectissimorum
1752 4369 1915 4422 etiam
1958 4371 2236 4429 hominum

690 4453 975 4509 arbitrium
1034 4455 1185 4523 sequi
1251 4464 1549 4524 nutumque
1612 4456 1846 4523 soleant,
1906 4468 1966 4513 ut
2012 4462 2238 4529 quibus-

691 4547 815 4599 dam
868 4545 1024 4615 quasi
1076 4546 1304 4602 vinculis
1372 4562 1649 4602 servorum
1718 4549 1889 4603 instar
1938 4553 2236 4621 mancipio-

2340 3546 2513 3611 ἄλλοις
2527 3548 2753 3619 ἀσήμοις
2768 3549 2861 3602 καὶ
2896 3548 3186 3622 βαρδάροις
3210 3549 3362 3619 ἠχοις
3379 3565 3439 3600 τε
3462 3548 3556 3603 καὶ
3577 3549 3774 3615 φωναῖς
3792 3560 3877 3611 κη-

2340 3638 2603 3710 λούμενοι,
2616 3640 2709 3693 κα).
2720 3642 2829 3703 τοῖς
2836 3639 3086 3711 τυχοῦσιν
3098 3638 3193 3693 ἀνθ
3202 3637 3401 3709 ρώποις
3410 3634 3742 3715 χειρούμενοι
3755 3633 3873 3705 (20),

2340 3728 2434 3781 καὶ
2463 3729 2697 3800 ὡσπερεὶ
2744 3730 2959 3800 δεσμοῖς
3006 3727 3519 3797 καταδουλούμενοι,
3561 3726 3702 3781 ὥστε
3756 3723 3874 3794 μηδι

2337 3818 2436 3889 τὴν
2478 3820 2816 3885 αὐτεξούσιον
2858 3823 2949 3875 καὶ
2982 3820 3367 3892 προαιρετικὴν
3420 3816 3612 3882 σώζειν
3649 3818 3730 3885 ἐφ’
3759 3818 3872 3868 ἑαν-

2338 3912 2445 3973 τοζς
2460 3910 2709 3979 δύναμιν;
2737 3911 2862 3974 Πῶς
2878 3912 2921 3963 δ’
2943 3911 3007 3965 ἂν
3030 3911 3132 3964 κᾶν
3158 3909 3349 3979 ᾁγαθοὶ
3367 3908 3617 3978 δαίμονες
3636 3904 3875 3979 λεχθεῖεν,

2341 3999 2432 4069 βίᾳ
2475 4000 2568 4054 καὶ
2607 4000 2815 4074 ἀνάγκη
2868 3989 3310 4071 κατασπώμενοι;
3352 4000 3416 4051 Τί
3463 3998 3574 4075 γὰρ
3624 3996 3685 4050 τὸ
3720 3994 3877 4055 αἴτιον

2337 4092 2461 4155 τοὺς
2489 4093 2517 4137 h
2560 4093 2806 4156 ἄκοντας,
2850 4092 2968 4163 οὐχὶ
2998 4092 3055 4151 δὲ
3094 4089 3465 4156 αὑτεξουσίους
3510 4090 3651 4164 σφᾶς
3698 4086 3875 4146 αὐτοὺς

2337 4187 2447 4249 τοῖς
2481 4184 2722 4255 βοηθείας
2750 4184 3017 4254 δεομένοις
3048 4183 3369 4248 ὲπιδιδόναι;
3402 4182 3464 4234 Et
3496 4183 3604 4252 γὰρ
3636 4182 3719 4233 ἐπ’
3757 4180 3875 4246 ἀγα·

2338 4275 2414 4346 eq)
2459 4276 2845 4348 ποιοῦνταιτὴν
2878 4275 3105 4344 πάροδον
3150 4273 3340 4343 ἀγαθοὶ
3386 4272 3556 4336 ὄντες,
3602 4272 3695 4326 καὶ
3736 4272 3875 4338 είπρ

2336 4387 2417 4433 τις
2446 4364 2512 4437 ἦν
2554 4368 2613 4433 ἐξ
2637 4368 2812 4421 αὐτῶν
2843 4366 3015 4437 ψυχῆς
3042 4366 3295 4435 ὠφέλεια,
3326 4365 3462 4438 χρῆν
3505 4365 3674 4434 δήπου
3705 4378 3873 4436 προαι-

2339 4460 2481 4532 ρέσει
2498 4461 2560 4513 τὸ
2584 4460 2780 4529 ἀγαθὸν
2804 4458 3155 4523 ἀσπάζεσθαι,
3182 4457 3470 4525 φθάνοντας
3497 4456 3614 4518 ταῖς
3635 4452 3874 4510 εὑποιίαις

2338 4550 2461 4611 τοὺς
2506 4549 2805 4617 δεομένους,
2858 4549 2991 4601 ἀλλὰ
3038 4548 3111 4620 μὴ
3156 4546 3461 4618 περιμένειν
3520 4545 3773 4614 ἀνάγκην.
3818 4539 3871 4591 El

690 4652 922 4707 rumque
950 4636 1251 4699 constricti,
1288 4653 1356 4691 ne
1389 4640 1654 4709 integram
1682 4641 1899 4710 quidem
1926 4656 1988 4697 ac
2014 4643 2235 4699 liberam

2339 4638 2383 4689 δ’
2414 4640 2475 4690 οὐ
2522 4638 2681 4692 καλὸν
2724 4635 2812 4709 ἧν,
2858 4639 2968 4692 οὐδ’
3018 4637 3253 4707 ὠφελοῦν
3293 4636 3353 4690 τὸ
3394 4636 3774 4707 πραττόμενον,
3805 4628 3873 4681 διὸ

691 4730 929 4785 solvendi
978 4727 1400 4799 expediendique
1448 4732 1533 4784 sui
1574 4740 1893 4801 potestatem
1934 4735 2239 4791 retineant?

698 4820 854 4889 197
886 4818 967 4873 Tu
992 4820 1165 4876 bonos
1192 4820 1352 4880 etiam
1394 4819 1662 4879 daemones
1696 4822 1973 4883 arbitreris
2003 4842 2117 4894 eos,
2144 4828 2237 4897 qui

693 4911 745 4961 vi
773 4920 981 4965 tantum
1012 4927 1075 4967 ac
1098 4911 1419 4969 necessitate
1446 4910 1745 4966 ducantur?
1771 4912 1909 4979 Quid
1944 4917 2087 4971 enim
2109 4932 2239 4971 cau-

696 5015 768 5055 sae
793 5009 895 5064 est,
929 5004 1277 5071 quamobrem
1312 5002 1463 5058 inviti
1494 5018 1557 5057 ac
1591 5015 1967 5074 repugnantes,
1997 5024 2104 5063 non
2140 5024 2235 5067 sua

692 5088 796 5159 ipsi
857 5098 1048 5158 sponte
1106 5094 1413 5149 hominibus
1467 5093 1668 5148 auxilio
1722 5108 1822 5153 suo
1874 5099 2236 5168 indigentibus

692 5198 850 5252 opem
892 5181 1097 5237 ferant?
1142 5182 1275 5243 Nam
1322 5188 1369 5242 si
1421 5188 1667 5243 beneﬁcii
1716 5187 2023 5243 conferendi
2063 5194 2235 5259 gratia

692 5284 953 5346 tanquam
984 5276 1111 5331 boni
1148 5278 1478 5347 adven’irent,
1523 5293 1617 5335 aut
1642 5281 1687 5336 si
1716 5280 1785 5334 ab
1813 5279 1879 5337 iis
1907 5279 1960 5333 in
1992 5281 2231 5337 animum

693 5367 939 5424 utilitatis
968 5368 1171 5437 aliquid
1213 5369 1644 5437 proﬁcisceretur
1691 5386 1785 5427 eos
1816 5372 2003 5440 utique
2032 5370 2233 5427 bonum

762 5578 787 5605 ι
822 5584 906 5633 πρ.
952 5568 1101 5634 μίγα.
1176 5565 1202 5603 b
1244 5564 1325 5614 ισ.
1355 5563 1465 5613 τοῦ.
1544 5576 1564 5600 ε
1610 5566 1690 5616 Ισ.
1718 5566 1940 5631 γίνεται.

2017 5562 2042 5600 ἀ
2084 5566 2162 5613 Ir“.
2200 5567 2269 5618 οἱ.

2342 4731 2474 4802 μηδὲ
2524 4733 2660 4783 κατὰ
2701 4730 2922 4801 γνώμην
2970 4732 3148 4793 αὐτοῖς
3186 4729 3423 4798 γίνεσθαι
3455 4738 3503 4802 ε,
3550 4727 3646 4779 καὶ
3684 4722 3791 4785 πῶς
3817 4720 3871 4774 ἂν

2338 4821 2527 4889 ἀγαθοὶ
2559 4816 2684 4883 εἷεν,
2710 4820 2770 4873 τὸ
2804 4821 2876 4891 μὴ
2907 4820 3066 4875 καλὸν
3096 4820 3227 4892 μηδὲ
3259 4818 3528 4890 συμφέρον
3550 4815 3871 4886 πράττοντεςὶ

2338 4913 2455 4975 πῶς
2493 4913 2550 4965 δὲ
2582 4912 2947 4982 θαυμάζεσθαι
2990 4913 3146 4976 ἄξιοι,
3180 4913 3275 4967 καὶ
3304 4910 3618 4983 θεραπείαις
3645 4909 3772 4964 θεῶν
3805 4925 3872 4961 τι·

2344 5006 2572 5077 μᾶσθαι,
2637 5007 2683 5056 εί
2715 5004 2740 5043 ἀ
2774 5006 2865 5058 καὶ
2911 5007 3020 5067 τοῖς
3074 5003 3294 5075 τυχοῦσι
3344 5002 3501 5073 γόησι
3561 5004 3653 5057 τὸν
3697 5000 3871 5074 τρόπον

2347 5095 2766 5159 πανωλεστάτοις
2813 5094 3323 5164 καταδουλούμενοι,
3376 5095 3469 5147 καὶ
3518 5094 3580 5147 τὸ
3628 5095 3700 5165 μὴ
3730 5090 3868 5147 καλὸν

2344 5189 2475 5260 μηδὲ
2507 5188 2776 5257 συμφέρον
2806 5187 2956 5256 παρὰ
2984 5185 3203 5257 γνώμην
3234 5185 3486 5257 πράττειν
3524 5182 3869 5255 ἀναγκαζόμε-

2340 5293 2437 5340 νοι,
2476 5276 2725 5346 ἁγόμενοί
2754 5290 2812 5325 τε
2852 5275 2946 5327 καὶ
2992 5272 3390 5346 καθελκόμενοι,
3424 5276 3484 5327 οὐ
3518 5270 3585 5333 δι’
3614 5269 3805 5343 ἁποχὴν
3846 5275 3866 5303 ⁶

2342 5370 2687 5444 σωφροσύνης
2724 5370 3040 5443 ἀνθρώπων,
3087 5370 3205 5424 οὐδὲ
3244 5371 3439 5441 ἀρετῆς
3476 5369 3652 5439 χάριν,
3684 5365 3717 5437 ἧ
3744 5374 3866 5421 τινος

2350 5578 2370 5605 ε
2415 5569 2496 5619 Ic:
2531 5568 2813 5638 ἀποδοχήν.

763 5719 875 5789 (ΞΟ)
921 5725 1213 5794 Τυχοῦσιν
1228 5723 1550 5794 ἀνθρώποις
1574 5718 2240 5794 χελιρορμενοικίῖῖίθηὶερε
2348 5723 2540 5794 αὐτους
2564 5724 2777 5794 ’ἑαυτοῖς
2802 5726 3265 5794 καταγραψαντες,
3296 5715 3862 5794 τοὺςκατηναγκασμέ-

695 5786 979 5848 Alexandr.
997 5786 1060 5847 'i'n
1097 5786 1358 5862 Protrcpt'.
1382 5811 1396 5846 .·
1422 5786 1599 5855 Μάγοι
1627 5786 1677 5841 δὲ
1713 5786 1832 5861 ἤδη,
1861 5787 2107 5862 ᾁσεθείας
2133 5786 2235 5862 τῆς

699 5862 843 5932 σφῶν
896 5864 1067 5916 αὐτῶν
1119 5857 1377 5931 ὑπηρέται
1429 5864 1685 5930 δαίμονας
1722 5857 1997 5943 αὐχοῦσιν,
2034 5857 2242 5927 οἰκέτας

2344 5808 2462 5855 νους
2490 5792 2702 5856 δούλους
2726 5795 2840 5856 ταῖς
2876 5788 3147 5853 ἐπαοιδαῖς
3173 5788 3542 5859 πεποιτπκότις.
