4044 6334
88 432 182 485 3-H
1258 430 1577 485 PREPAR.
1620 430 1865 486 EVANG.
1907 431 2031 484 LIB.
2068 432 2130 487 V.
3214 436 3318 493 542

95 548 291 618 μέρους
322 550 662 618 φιλοσοφίας,
689 550 924 621 μεθόδοις
944 550 1000 603 δὲ
1022 552 1229 622 γοήτων
1256 551 1455 619 ἀπειρη
1465 549 1672 619 μέναις;

1721 552 1749 608 ι
1777 548 1906 601 illud
1944 550 2086 604 ultro
2128 553 2433 620 complecti,
2480 554 2865 624 beneliciisque
2912 557 3028 610 suis
3076 556 3318 624 indigen-

87 638 150 700 ἃς
178 640 207 690 ὁ
236 640 411 703 αὐτὸς
453 637 608 702 αὖθις
654 641 997 710 συγγραφεὺς
1032 642 1089 692 ὲν
1119 642 1185 709 τῇ
1219 638 1353 708 πρὸς
1401 637 1491 689 τὸν
1524 638 1672 707 εἰρη-

1776 639 1908 690 tium
1958 654 2219 709 occupare
2265 650 2425 706 vota,
2489 658 2593 696 non
2645 659 2770 697 vero
2820 645 2950 697 dum
3001 652 3321 713 cogerentur

92 726 251 795 μένοι
283 731 587 797 Αίγύπτιον
618 730 895 800 ἐπιστολῇ,
938 732 1013 792 ὡς
1063 731 1129 783 ἂν
1177 731 1424 800 προφήτῃ
1469 728 1672 798 τάληθῆ

1776 737 2087 797 exspectare
2115 739 2404 799 oporteret.
2438 730 2532 785 Sin
2568 742 2748 786 autem
2786 734 2920 787 nihil
2944 734 3166 787 omnino
3192 731 3320 786 boni

88 819 183 872 καὶ
235 822 531 891 ἀπόρρητα
580 822 917 891 κινούμενος,
968 821 1234 874 τέθειται·
1288 821 1413 881 τοὺς
1463 818 1671 885 λόγους,

1777 828 1871 873 aut
1900 821 2050 875 utilis
2081 830 2253 875 totum
2294 823 2436 877 istuc
2463 824 2642 889 habet,
2673 840 2845 894 eoque
2877 835 3067 894 prmter
3104 824 3319 877 illorum

90 909 212 962 καθ’
246 910 350 973 οὓς
394 912 569 965 ταῦτα
611 912 966 975 συντελοῦσιν,
998 911 1091 974 οὓς
1122 910 1268 975 ἀξιον
1296 923 1321 950 ι
1351 910 1476 981 παρ’
1510 907 1673 961 αὐτοῦ

1776 909 2106 963 voluntatem
2130 925 2461 979 sensumque
2480 913 2771 982 contingit;
2791 913 2915 982 quis
2940 913 3070 967 deos
3093 911 3321 981 appellet

88 999 429 1072 διδαχθῆναι.
481 1003 809 1058 Πυνθάνεται
849 1004 979 1071 γοῦν
1023 997 1124 1057 ὧδέ
1160 1020 1275 1065 πως
1320 999 1538 1070 ἀπορῶν
1582 998 1675 1051 καὶ

1775 1014 1892 1063 eos,
1917 1000 2011 1068 qui
2044 1003 2188 1070 quod
2220 1017 2320 1057 nec
2349 1002 2636 1057 honestum
2665 1017 2764 1059 nec
2801 1004 2930 1058 utile
2957 1004 3029 1057 sit
3056 1001 3322 1056 alliciant?

88 1088 289 1159 λέγων.
1780 1098 1875 1143 aut
1902 1091 2027 1160 quis
2057 1092 2275 1146 eosdem
2309 1094 2444 1147 tanti
2490 1080 2984 1164 putetfdeorumve
3026 1097 3171 1150 cultu
3205 1107 3324 1162 pro-

90 1185 433 1251 sequendos,
478 1186 573 1256 qui
616 1197 672 1240 et
701 1184 896 1239 vilibus
940 1192 996 1238 et
1050 1180 1501 1254 proﬂigatissimaa
1546 1181 1669 1235 vita:
1708 1181 1965 1237 maleﬁeis
1996 1183 2243 1237 servilem
2269 1182 2323 1237 in
2350 1185 2574 1239 modum
2626 1185 2863 1251 obedire,
2899 1186 3150 1256 quodque
3216 1197 3313 1237 nec

92 1274 313 1341 deceat,
367 1293 470 1351 nec
498 1293 827 1348 quemquam
853 1279 1003 1347 juvct
1046 1286 1235 1331 contra
1278 1283 1511 1330 mentem
1562 1273 1665 1343 ipsi
1704 1287 1857 1326 suam
1922 1282 2175 1341 praestare
2231 1283 2535 1344 cogantur:
2562 1286 2859 1345 postremo,
2890 1293 2997 1331 non
3032 1278 3100 1330 ob
3132 1276 3315 1329 mode-

94 1369 262 1423 stiam
321 1372 406 1426 vel
470 1372 880 1440 temperantiam
942 1370 1221 1423 hominum
1275 1368 1554 1436 aliquam,
1597 1380 1704 1420 non
1773 1366 1987 1421 virtutis
2029 1377 2122 1421 aut
2164 1369 2331 1436 partis
2378 1368 2541 1423 ullius
2585 1370 2939 1439 phi1050phiae
2990 1370 3180 1440 gratia,
3230 1367 3321 1421 sed

96 1462 347 1521 infandis
372 1448 828 1535 praestigiatorum
857 1462 1063 1520 artibus
1094 1472 1148 1518 et
1186 1461 1454 1522 machinis
1520 1459 1891 1515 deducantur?
1920 1460 2093 1530 Atque
2132 1462 2252 1517 illas
2306 1464 2468 1518 etiam
2506 1463 2867 1532 Porphyrius,
2943 1464 2996 1515 in
3024 1478 3085 1517 ea
3149 1476 3313 1529 quam

96 1556 167 1613 ad
187 1556 483 1615 laudatum
514 1556 829 1628 Egyptium
868 1557 1079 1624 scribit,
1121 1554 1373 1623 epistola,
1409 1567 1568 1608 veras
1627 1552 1838 1607 scilicet
1878 1561 2043 1620 atque
2093 1569 2324 1609 arcanas
2386 1556 2529 1625 apud
2591 1565 2764 1609 vatem
2812 1570 3033 1627 movens
3064 1555 3321 1621 qumstio-

97 1665 219 1714 nes,
287 1648 596 1718 proposuit,
634 1648 905 1703 hominem
953 1647 1277 1708 obtestatus,
1348 1644 1430 1698 uti
1484 1658 1625 1709 sese,
1687 1644 1885 1712 quibus
1928 1645 2031 1699 ista
2070 1647 2370 1714 perﬁciant,
2416 1648 2657 1702 rationes
2704 1648 2910 1701 doceat.
2962 1648 3114 1701 Illum
3165 1648 3325 1718 igitur

96 1745 251 1799 hunc
291 1744 349 1797 in
380 1743 604 1797 modum
636 1756 833 1810 anceps
866 1741 1144 1811 animique
1170 1738 1371 1795 dubius
1404 1738 1661 1794 consulit.

669 1836 1057 1889 ΚΕΦΑΛΑΙΟΝ
1093 1837 1149 1887 l'.

1116 1842 1149 1887 '.
2374 1828 2604 1883 CAPUT
2648 1828 2712 1881 Χ.

103 1925 383 2014 Ὅθέοίαις
417 1947 693 2017 μεθόδοις
723 1952 774 2001 οὶ
819 1945 1130 2017 θαυμάσιοι
1159 1948 1354 2001 αὐτῶν
1394 1946 1512 2000 θεοὶ
1532 1928 1674 2012 ’τοῖς

1725 1912 1981 2011 3Quibus
2050 1944 2252 1998 artibus
2313 1960 2786 2017 egregtdnumma
2856 1943 3322 2012 prwstigiatorihus

568 2019 783 2087 γόησιν
810 2014 1255 2072 ὑποτάττονται.

1137 2033 1255 2070 ται.
2366 2014 2734 2081 subjiciuntur.

174 2146 196 2179 r
240 2127 396 2181 Πάνυ
436 2128 494 2181 δέ
543 2145 610 2199 με
656 2127 891 2201 θράττει,
940 2126 1084 2190 πῶς,
1135 2128 1210 2189 ὡς
1255 2128 1531 2197 κρείττους
1568 2142 1674 2177 πα-

1851 2148 1869 2179 ι
1900 2124 1981 2181 ne
2014 2128 2227 2196 quidem
2271 2137 2383 2182 tum
2407 2128 2776 2192 vehementer,
2808 2138 3003 2195 inquit,
3039 2142 3160 2196 angi
3193 2141 3319 2181 sen-

99 2218 533 2289 ρακαλούμενοι,
598 2218 975 2270 ὲπιτάττονται
1027 2217 1102 2279 ὡς
1165 2217 1395 2287 χείρους·
1456 2219 1549 2269 καὶ
1599 2216 1677 2269 δί-

1776 2220 1870 2279 tio,
1915 2218 2005 2271 ubi
2053 2218 2263 2289 meeum
2318 2218 2431 2286 ipse
2472 2227 2685 2286 reputo,
2736 2217 2827 2285 qui
2878 2216 2991 2268 fieri
3026 2217 3214 2283 possit,
3267 2224 3326 2270 ut

84 2285 257 2369 έιαιον
290 2285 431 2363 εἶναι
462 2307 736 2372 ἀξιοῦντες
766 2309 855 2361 τὸν
888 2285 1208 2379 Θεράποντα,
1238 2285 1309 2359 τὰ
1337 2307 1493 2361 ἄδικα
1526 2308 1676 2359 αὐτοὶ

1775 2322 2004 2377 quorum
2046 2285 2209 2360 veluti
2262 2306 2637 2376 augustiorum
2687 2322 2749 2361 ac
2797 2306 3122 2361 diviniorum
3168 2321 3328 2375 opem

98 2399 507 2463 κελευσθέντες,
542 2399 669 2470 δρᾷν
699 2399 1042 2469 ὑπομένουσι·
1090 2400 1181 2451 καὶ
1214 2398 1434 2468 καθαρῴ
1469 2398 1567 2468 μὲν
1602 2397 1676 2467 μὴ

1776 2398 2149 2467 imploremus,
2180 2397 2217 2450 ii
2244 2405 2423 2450 tamen
2457 2398 2682 2465 perinde
2710 2406 2769 2450 ut
2794 2396 3111 2453 humiliores
3141 2412 3204 2451 ac
3235 2397 3325 2449 de-

97 2490 211 2541 δντι
259 2489 325 2554 ἐξ
372 2490 699 2562 ἀφροδισίων
744 2489 845 2543 οὐκ
890 2490 954 2544 ἂν
999 2487 1246 2543 καλοῦντι
1290 2486 1672 2550 ὑπακούσαιεν,

1775 2487 2006 2541 teriores
2035 2486 2286 2541 obediant
2314 2503 2326 2538 :
2354 2482 2554 2555 quique
2576 2487 2800 2540 clientes
2827 2487 2926 2556 ipsi
2950 2502 3079 2542 suos
3102 2488 3326 2557 aequita-

98 2580 255 2631 αὐτοὶ
301 2581 358 2633 δὲ
398 2583 549 2650 ἄγειν
580 2583 658 2644 εἰς
692 2581 980 2653 παράνομα
1012 2580 1295 2652 ἀφροδίσια
1338 2580 1461 2641 τοὺς
1491 2579 1676 2649 τυχόν-

1776 2587 1884 2633 tem
1932 2578 2111 2632 colere
2147 2577 2335 2644 velint,
2374 2578 2592 2633 eosdem
2634 2579 2850 2647 injustis
2890 2577 3130 2647 imperiis
3162 2579 3324 2633 obse-

98 2688 197 2734 τας
230 2672 336 2724 οὐκ
366 2674 601 2727 ὀκνοῦσι.
632 2673 739 2725 Καὶ
771 2673 877 2725 ἀπὸ
909 2671 1163 2742 ἐμψύχων
1210 2672 1307 2742 μὲν
1339 2671 1545 2741 ἀποχῆς
1584 2688 1677 2723 κε-

1777 2670 1869 2740 qui
1894 2685 1999 2725 non
2032 2668 2231 2738 pudeat
2261 2688 2273 2721 :
2309 2668 2549 2737 adeoque
2576 2683 2700 2722 cum
2736 2682 2926 2721 eorum
2960 2677 3080 2722 vota
3114 2684 3327 2738 preces-

100 2760 321 2813 λεύουσι
350 2761 456 2813 δεῖν
496 2742 633 2815 εἶναι
665 2763 789 2825 τοὺς
840 2763 1140 2829 ὑποφήτας,
1188 2763 1274 2814 ἵνα
1311 2760 1385 2832 μὴ
1426 2763 1537 2823 τοῖς
1571 2760 1677 2813 ἀπὸ

1778 2774 1883 2828 que
1925 2757 2228 2827 repudient,
2258 2756 2349 2826 qui
2394 2756 2461 2810 ad
2495 2772 2615 2811 sese
2658 2757 2840 2811 minus
2875 2758 2969 2812 alis
3001 2773 3058 2811 re
3094 2774 3324 2813 venerea

96 2849 209 2904 τῶν
243 2850 514 2919 σωμάτων
564 2852 751 2921 ἀτμοῖς
795 2848 1149 2921 χραίνωνται·
1201 2851 1353 2903 αὐτοὶ
1401 2850 1458 2902 δὲ
1487 2849 1675 2919 ἀτμοῖς

1778 2850 1898 2919 puri
1939 2848 2286 2914 accesserint,
2316 2847 2503 2902 obvios
2529 2863 2773 2917 quosque
2807 2858 2984 2901 tamen
3030 2850 3314 2903 nefandam

102 2938 307 2992 Θυσιῶν
350 2942 463 3003 τοῖς
492 2940 599 2994 ἀπὸ
631 2939 782 3003 ζώων
814 2939 1043 3010 μάλιστα
1073 2925 1429 3002 δελεάζονται,
1478 2939 1571 2990 καὶ
1593 2955 1679 2990 νε·-

1779 2940 1835 2995 in
1866 2956 2115 2996 venerem
2158 2954 2316 3010 agere
2358 2954 2467 2993 non
2493 2940 2827 2994 erubescant
2861 2938 3031 2993 Porro
3062 2952 3209 2997 vates
3250 2942 3324 2996 illi

100 3029 236 3100 κροῦ
274 3030 374 3100 μὲν
405 3031 570 3101 ἀθιγῆ
613 3031 719 3083 δεῖν
759 3026 1018 3087 εἶναιτὸν
1049 3029 1308 3099 ὲπόπτην,
1342 3028 1427 3081 διὰ
1470 3027 1677 3099 νεκρῶν

1779 3032 1997 3103 quidem
2041 3032 2468 3100 interpretesque
2514 3045 2645 3085 suos
2684 3031 2848 3085 rebus
2876 3032 3130 3087 animatis
3160 3035 3327 3089 absti-

99 3119 157 3172 δὲ
189 3119 261 3173 τὰ
291 3121 460 3174 πολλά
492 3121 643 3185 ζώων
673 3123 729 3175 at
770 3120 1060 3189 θεαγωγίαι
1101 3118 1452 3172 ὲκτελοῦνται.
1493 3116 1677 3187 Πολλῷ

1778 3138 1909 3176 nere
1940 3122 2155 3191 jubent,
2184 3136 2252 3176 ne
2294 3121 2572 3190 corporeis
2617 3120 3048 3175 exhalationibus
3080 3123 3326 3177 inﬁcianw

99 3213 157 3264 δὲ
201 3212 408 3266 τούτων
453 3194 786 3283 ἀλογώτερον
825 3212 886 3265 τὸ
922 3212 993 3282 μὴ
1042 3212 1273 3281 δαίμονι,
1330 3211 1377 3262 εἰ
1413 3209 1583 3280 τύχοι,
1636 3209 1669 3278 ἢ

1734 3234 1743 3287 ς
1780 3222 1867 3266 tur
1896 3232 1909 3266 :
1933 3213 2325 3267 sacriliciorum
2356 3221 2560 3274 tamen,
2588 3228 2707 3278 qua:
2730 3228 2791 3266 ex
2819 3214 3189 3267 animantibus
3212 3216 3331 3269 ﬁeri

100 3303 247 3374 ψυχῇ
295 3302 633 3374 τεθνηκότος,
666 3303 812 3373 αὐτῷ
860 3303 915 3356 δὲ
951 3302 1029 3372 τῷ
1063 3302 1268 3372 βασιλεῖ
1306 3300 1467 3372 Ἡλίῳ
1497 3302 1530 3372 ἢ
1585 3301 1678 3352 Σε-

1778 3303 1971 3367 solent,
2008 3303 2302 3372 vaporibus
2340 3301 2575 3354 maxime
2612 3303 2921 3369 capiuntur,
2950 3317 3014 3355 ac
3055 3312 3324 3357 mortuum

102 3394 261 3469 λήνῃ,
305 3395 338 3465 ἦ
381 3411 489 3449 τινι
513 3393 622 3447 τῶν
663 3397 779 3448 κατ’
831 3396 1056 3468 οὐρανὸν
1087 3393 1384 3465 ἀνθρώπων
1418 3403 1448 3443 b
1482 3391 1558 3463 τῷ
1589 3410 1681 3445 τυ-

1782 3394 1941 3464 198
1963 3393 2179 3463 quidem
2227 3394 2295 3447 ab
2326 3394 2618 3447 sacrorum
2663 3406 2884 3445 suorum
2931 3392 3326 3460 inspectoribus

102 3487 258 3556 χόντι
306 3486 643 3557 ὑποχείριον,
688 3485 916 3549 ἀπειλὰς
981 3486 1355 3559 προσφέροντα
1404 3484 1693 3553 ἐκφοϐεῖν,

1779 3484 1925 3553 tangi
1975 3482 2129 3539 nel'as
2175 3496 2295 3537 esse
2339 3478 2619 3547 statuunt;
2655 3482 2806 3535 caesis
2862 3491 3040 3535 tamen
3094 3483 3328 3536 victimis

102 3577 433 3649 ψευδόμενον
484 3577 548 3630 ῖνέ
596 3578 789 3629 ἐκεῖνοι
839 3576 1193 3647 ἀληθεύσωσι.
1244 3576 1314 3627 Τὸ
1359 3577 1467 3646 γὰρ
1498 3576 1675 3643 λέγειν

1778 3573 2004 3627 deorum
2030 3573 2379 3629 evocationes
2407 3581 2612 3642 partem
2661 3574 2950 3626 maximam
2982 3585 3326 3643 peraguntur.

103 3664 238 3738 (31),
290 3668 374 3721 ὅτι
415 3667 504 3719 τὸν
552 3665 775 3738 οὐρανὸν
830 3665 1183 3737 προσαράξει,
1226 3667 1319 3720 καὶ
1361 3666 1431 3719 τὰ
1463 3665 1679 3736 κρυπτὰ

1830 3662 2043 3732 uodque
2065 3664 2309 3717 omnium
2335 3662 2785 3718 absurdissimum
2816 3674 2918 3728 est,
2946 3679 3053 3717 non
3072 3668 3181 3733 jam
3214 3664 3329 3716 vul—
3422 3720 3424 3722 ,

102 3756 201 3827 τῆς
249 3760 445 3823 Ἴσιδος
487 3760 729 3827 ἐκφανεῖ,
762 3758 853 3809 καὶ
880 3757 943 3809 τὸ
969 3758 1025 3809 ὲν
1067 3756 1270 3826 Ἀϐύδῳ
1297 3757 1407 3827 (9.9.)
1436 3757 1681 3829 ἀπόρρη-

1780 3755 1894 3824 gari
1944 3753 2181 3822 cuipiam
2229 3754 2492 3819 dsemoni,
2539 3765 2629 3809 aut
2673 3754 2912 3809 defuncti
2955 3754 3179 3818 animae,
3234 3754 3326 3807 sed

102 3862 195 3901 τον
233 3849 420 3914 δείξει,
456 3851 552 3903 καὶ
594 3851 691 3922 τὴν
727 3848 882 3919 βάριν
926 3847 1111 3917 στήσει
1145 3846 1275 3917 (’25),
1308 3849 1401 3901 καὶ
1445 3848 1512 3901 τὰ
1549 3848 1680 3920 μέλη

1780 3845 1996 3915 ipsimet
2042 3847 2142 3901 soli
2196 3848 2433 3902 siderum
2478 3847 2729 3916 principi,
2772 3847 2943 3910 lunae,
2996 3847 3324 3915 reliquisque

106 3935 199 4010 τοῦ
267 3938 526 4010 Ὀσίριδος
570 3939 910 3992 διασκεδάσει
976 3934 1052 4004 τῷ
1113 3935 1365 4003 Τυφῶνι,
1420 3938 1538 3989 τίνα
1586 3939 1683 4008 οὐχ

1780 3936 1885 3991 diis
1928 3933 2259 3999 ccelestibus‘,
2310 3938 2475 3991 homo
2526 3937 2696 3991 cuivis
2751 3951 2781 3991 e
2827 3937 3011 4005 populi
3065 3937 3191 3990 nece
3230 3940 3325 3989 0b-

109 4008 219 4099 (ει)
254 4008 555 4100 ὑπερϐολὴν
592 4012 882 4097 ἐκπληξίας
951 4026 1047 4095 μὲν
1104 4023 1181 4094 τῷ
1241 4025 1582 4090 ἀπειλοῦντι,
1640 4026 1677 4079 ἃ.

1782 4029 1977 4083 noxius
1999 4028 2175 4081 minas
2202 4027 2449 4092 intentat,
2476 4035 2637 4095 atque
2662 4036 2721 4080 ut
2739 4040 2833 4081 eos
2854 4026 2919 4082 ad
2950 4041 3074 4080 vera
3101 4027 3325 4081 dicenda

111 4122 249 4192 μήτε
295 4118 421 4185 εἶδε,
459 4123 593 4191 μήτε
632 4119 872 4195 δύναται,
920 4117 1252 4179 καταλείπει,
1302 4118 1682 4190 ταπεινότητος

1783 4119 2103 4189 compellat,
2155 4116 2351 4173 falsum
2402 4133 2708 4189 vanumque
2750 4127 3012 4173 terrorem
3072 4121 3323 4176 ostendit.

106 4209 162 4264 δὲ
189 4214 306 4273 τοῖς
343 4210 629 4263 δεδοικόσιν
669 4210 809 4263 οὕτω
841 4208 991 4263 κενὸν
1026 4206 1185 4275 φόϐον
1230 4208 1321 4258 καὶ
1368 4206 1679 4277 πλάσματα,

1781 4211 1914 4269 Nam
1956 4212 2199 4267 futurum
2244 4212 2599 4278 denuntiare,
2655 4214 2731 4267 uti
2784 4213 2865 4267 vel
2915 4212 3110 4266 erelum
3153 4214 3324 4280 ipsum

107 4297 180 4362 ὡς
214 4301 410 4372 κομιδῇ
452 4302 636 4364 παῖδες
673 4300 917 4371 ἀνόητοι;
951 4298 1140 4350 Καίτοι
1172 4297 1266 4350 καὶ
1306 4298 1606 4367 Χαιρήμων
1656 4300 1683 4351 ὁ

1783 4306 2011 4376 quatiat,
2040 4306 2124 4360 vel
2145 4304 2300 4361 Isidis
2326 4320 2523 4361 arcana
2548 4304 2855 4374 pate-faciat,
2886 4305 2968 4357 vel
2991 4303 3133 4372 quod
3158 4304 3323 4373 Abydi

107 4391 579 4460 ἱερογραμματεὺς
612 4390 910 4461 ἀναγράφει
944 4388 1129 4451 ταῦτα,
1172 4387 1246 4450 ὡς
1294 4387 1388 4441 καὶ
1432 4389 1561 4457 παρ’
1590 4389 1683 4445 Δί·-

1784 4398 2054 4453 occultum
2088 4397 2237 4463 latet,
2269 4396 2530 4466 dictuque
2561 4394 2715 4449 nefas
2752 4404 2853 4456 est,
2895 4394 2948 4447 in
2992 4395 3162 4447 lucem
3204 4408 3326 4461 pro-

109 4480 359 4547 γυπτίοις
408 4478 793 4552 θρυλλούμενα·
847 4480 938 4534 καὶ
991 4479 1161 4534 ταῦτά
1188 4495 1347 4547 φασιν
1396 4473 1531 4532 εἶναι
1578 4478 1674 4531 καὶ

1786 4487 1944 4553 ferat,
1972 4488 2054 4543 vel
2078 4487 2419 4559 'IEgyptiaca:
2441 4487 2595 4541 navis
2628 4502 2845 4542 cursum
2876 4487 3132 4547 inhibeat,
3168 4486 3249 4537 vel
3274 4485 3326 4538 in

108 4569 176 4624 τὰ
222 4568 450 4625 τοιαῦτα
493 4568 906 4638 βιαστικώτατα,
959 4570 1129 4623 Αὑταὶ
1166 4568 1225 4621 δὲ
1253 4569 1308 4621 αἱ
1339 4567 1512 4637 εὐχαὶ,
1559 4567 1682 4627 τινα

1729 4560 1755 4615 ⁵
1782 4575 2060 4647 Typhonis
2091 4577 2317 4646 gratiam
2349 4568 2581 4633 Osiridis
2602 4577 2844 4631 membra
2874 4575 3101 4645 disjiciat
3130 4592 3141 4627 :
3170 4574 3326 4643 quid~

112 4658 292 4729 Exaudi.
324 4658 496 4725 λόγον,
529 4658 620 4711 τὸν
647 4658 705 4722 ἐξ
740 4659 879 4723 ἰλύος
920 4658 1259 4728 ἀναφανέντα
1288 4657 1556 4724 λέγουσαι,
1588 4658 1680 4711 καὶ

1784 4681 1907 4721 nam
1942 4667 2189 4731 obsecro,
2222 4666 2304 4720 vel
2336 4682 2608 4723 summum
2647 4666 2713 4721 ad
2746 4674 3017 4732 stuporem
3042 4673 3204 4732 atque
3236 4679 3326 4718 ve-

110 4754 201 4809 ἰπὶ
226 4752 304 4824 τῷ
344 4751 500 4821 λωτῷ
540 4751 864 4822 καθήμενον,
892 4753 983 4803 καὶ
1009 4752 1101 4804 ἐπὶ
1136 4751 1314 4804 πλοῖον
1343 4748 1682 4819 ναυτιλλόμε-

1780 4757 2018 4813 cordiam
2076 4756 2216 4823 ista,
2271 4770 2393 4826 quae
2440 4773 2613 4827 neque
2658 4756 2840 4820 novit,
2896 4770 3069 4824 neque
3121 4756 3327 4812 eliieere

112 4862 222 4910 νον,
261 4845 355 4897 καὶ
378 4844 497 4898 καθ’
524 4844 671 4916 ὤραν
704 4834 816 4905 τὰς
834 4841 1045 4912 μορφὰς
1072 4841 1387 4911 ἀμείὸοντα,
1422 4841 1510 4892 καὶ
1540 4840 1679 4899 κατὰ

1780 4856 1973 4917 potest,
2008 4847 2381 4914 comminanti,
2423 4849 2504 4902 vel
2533 4848 2844 4901 numinibus
2879 4860 2999 4914 quae
3026 4846 3242 4900 lietitius
3278 4857 3328 4901 et

115 4935 303 4998 ζωδιον
335 4933 963 5006 μετασχηματιζόμενον;
995 4930 1149 4984 Οῦτω
1188 4933 1295 4999 γάρ
1326 4946 1483 4999 φασιν
1525 4926 1684 4985 abte?

1732 4952 1735 4956 '
1780 4938 1956 4998 inanis
1989 4939 2088 4991 iste
2116 4945 2288 4994 terror
2315 4938 2665 4993 leviculorum
2701 4936 2990 4990 ousionum
3026 4953 3177 4992 utere
3206 4954 3324 5007 pcr-

181 5079 215 5114 ι
254 5087 344 5140 1p.
389 5069 573 5134 ἀξιῶν,
602 5070 712 5123 sine
735 5068 845 5131 οῦς.
919 5065 948 5106 δ
984 5082 1072 5134 πο.
1105 5064 1402 5135 ἄνθρωπον.

143 5272 153 5283 0
191 5202 311 5325 (29
354 5202 422 5255 Τὸ
451 5201 808 5283 λγνὰρλιέγεειν·ζ
845 5201 969 5255 Haec
1014 5200 1129 5269 ipsa
1179 5200 1357 5254 laudat
1388 5198 1671 5252 Jamblich.

145 5274 216 5325 Ib.
307 5288 334 5325 ο
359 5283 639 5325 musterm.
674 5272 811 5325 Audi
862 5273 964 5324 hoc
1013 5270 1195 5324 furore
1225 5268 1508 5325 furentem.
1537 5270 1676 5325 apud

1555 5198 1671 5251 [ἱρὴ.
1778 5205 1982 5257 Scimus
2013 5202 2169 5261 enim,
2192 5212 2243 5254 et
2269 5199 2515 5270 quidquid
2541 5200 2647 5253 dici
2676 5202 2915 5270 noscique
2942 5202 3152 5262 timetis,

1555 5270 1676 5325 ιυωι
1778 5273 1846 5325 Et
1876 5271 2083 5325 turbare
2114 5269 2363 5325 Hecaten.
2390 5280 2493 5323 etc.

122 5268 216 5328 lib.
259 5268 334 5326 De
359 5268 639 5337 mysteriis.
667 5268 811 5325 'Audi
862 5273 964 5324 hoc
1013 5268 1195 5324 furore
1225 5268 1508 5334 furentem,
1537 5270 1676 5337 apud

898 5286 964 5324 oc
1013 5268 1195 5324 furore
1225 5268 1508 5334 furentem,
1537 5270 1676 5337 apud
1778 5273 1846 5328 Et
1876 5271 2083 5326 turbare
2114 5268 2363 5331 Hecaten,
2390 5280 2492 5323 etc.

121 5341 351 5398 Statium
388 5338 637 5411 Thebaid.
672 5356 753 5411 tv,
772 5340 1077 5411 Tiresiam:
1232 5410 1235 5411 ν
1387 5408 1397 5411 _
1850 5340 1959 5411 (22)
2004 5341 2071 5411 To
2105 5340 2173 5393 ἐν
2197 5338 2424 5405 Ἀϐύδῳ.
2463 5339 2777 5409 Abydenum
2808 5340 2908 5393 hoc
2941 5352 3202 5393 secretum
3230 5340 3327 5394 at!»

124 5411 326 5474 Testor,
356 5411 452 5473 ait,
482 5409 647 5473 divos,
670 5410 853 5476 quibus
879 5410 1014 5461 hunc
1038 5410 1365 5461 sacravimus»
1380 5408 1568 5475 ignem.
1780 5408 1884 5469 huc
1920 5426 2002 5463 me
2034 5410 2183 5466 latet.
3423 5420 3427 5425 '

122 5484 375 5548 Lavaque
404 5478 663 5550 convulsae
690 5477 925 5532 dedimus
954 5478 1217 5550 carchesia
1241 5489 1391 5531 terra:
1414 5490 1432 5527 .'
1471 5544 1481 5550 Δ
1850 5481 1959 5550 (25)
2004 5478 2119 5543 Τὴν
2141 5476 2323 5550 ,βάριν
2342 5477 2575 5544 στήσει.
2620 5479 2770 5531 Baris
2804 5478 3130 5547 Egyptiacre
3175 5493 3327 5531 naws

117 5551 244 5606 1am
280 5544 472 5619 nequeo
513 5548 733 5619 tolerare
755 5562 991 5619 _m_oram._
1017 5546 1275 5619 Qassusrte
1301 5544 1540 5601 sacerdos
1780 5544 1949 5619 genus
1998 5558 2101 5611 est,
2131 5548 2536 5619 ’quod_tametsi
2586 5550 2745 5601 latius
2789 5544 3009 5619 pateret,
3065 5551 3327 5616 praecipue

123 5623 321 5677 Audior
351 5613 375 5673 2"
402 5622 502 5678 An,
537 5616 717 5668 rabido
737 5616 919 5683 jubeat
949 5615 993 5665 si
1026 5613 1273 5687 Thessala
1303 5626 1486 5687 cantu,
1781 5613 2062 5687 Tamentet
2109 5613 2229 5687 mf
2254 5615 2468 5687 ἐξοχὴν,
2512 5634 2631 5670 eam
2664 5617 3018 5685 signiﬁcabat,
3050 5613 3166 5685 «μιν
3196 5634 3326 5687 qne-

124 5690 295 5756 Ibitis,
324 5700 375 5743 et
406 5687 666 5756 Scythicis
690 5702 882 5756 quoque
909 5686 1163 5756 medicata
1196 5684 1395 5749 pruinis
1485 5755 1491 5756 γ
1781 5690 1957 5741 tannis
1990 5686 2112 5740 Isidi
2142 5684 2357 5756 publice
2376 5684 2673 5756 dicabatur.

123 5751 327 5813 Colchis
359 5751 499 5828 aget,
530 5751 728 5821 trepido
764 5751 1025 5828 pallebunt
1058 5751 1283 5828 Tartara
1316 5755 1498 5828 motu?
1849 5757 1960 5826 (24)
2003 5757 2119 5810 οὐκ
2144 5751 2437 5812 delendum
2462 5765 2637 5809 monet
2669 5754 2918 5823 Vigerus.

124 5830 357 5899 Spernite
384 5822 468 5896 ne,
497 5841 673 5881 monec
700 5842 715 5878 :
738 5837 783 5879 ct
810 5825 952 5878 nobis
982 5824 1159 5879 swvire
1185 5822 1437 5893 facultas.
