3936 6342
660 424 766 483 545

1299 431 1569 489 EUSEBll
1609 431 2086 487 CAESARIENSIS
2124 433 2277 488 OPP.
2321 432 2500 487 PARS
2539 431 2600 486 ll.
2641 464 2709 473 ——
2751 429 3244 488 APOLOGETICA.

3767 429 3860 483 54!.

658 542 838 606 cellat,
871 545 1137 597 summam
1161 543 1228 598 ad
1262 545 1617 601 humilitatem
1655 547 1920 617 reliquum
1957 547 2118 603 fecit?
2143 547 2193 600 EI

2311 549 2558 601 πτείσθαι
2595 547 2909 616 ἀγνοοῦντες
2955 549 3034 601 ὅτι
3086 549 3146 600 rb
3192 548 3318 600 ῐδιον
3357 548 3522 609 πάθος
3565 547 3660 615 τῆς
3703 549 3860 599 αὐτῶν

658 640 836 685 tamen
895 637 1006 688 haec
1045 635 1226 689 omnia
1279 633 1593 690 Chaeremon
1651 651 1802 692 sacer
1854 638 1943 690 ille
1993 639 2205 704 scriba,

655 731 913 793 tanquam
958 725 1332 797 Egyptiorum
1375 729 1580 797 pridem
1621 731 1802 782 omnia
1849 744 1940 783 ore
1984 728 2206 798 jactata,

652 819 999 887 conscripsit,
1025 835 1144 884 quae
1173 819 1390 887 quidem
1421 819 1497 872 uti
1524 819 1766 886 ejusdem
1800 835 2016 889 quoque
2047 835 2207 887 gene-

649 908 731 963 ris
753 918 967 972 caetera,
993 909 1058 962 ad
1078 909 1184 962 vim
1210 909 1315 964 diis
1338 909 1667 964 aﬁ'erendam
1692 912 2065 980 potentissima
2089 927 2208 966 esse

651 996 918 1051 dictitant.
967 997 1082 1052 Jam
1128 1014 1256 1053 vero
1297 1014 1482 1070 preces
1527 1009 1690 1067 atque
1728 1009 1873 1065 vota,
1907 1001 2036 1068 quid
2089 1011 2207 1054 tan-

650 1087 770 1140 dem
819 1089 1045 1143 rationis
1091 1089 1308 1152 habent,
1353 1088 1552 1158 quibus
1600 1091 1847 1143 eumdem
1895 1091 2064 1144 solem
2113 1098 2205 1143 aut

651 1178 846 1234 limosa
879 1195 944 1234 ex
998 1181 1195 1249 palude
1227 1196 1523 1249 emergere,
1562 1191 1655 1235 aut
1683 1182 1793 1234 loto
1825 1181 2080 1244 insidere,
2113 1190 2206 1235 aut

647 1271 865 1342 navigio
894 1273 1138 1341 provehi,
1162 1282 1254 1326 aut
1280 1273 1506 1343 singulis
1530 1273 1679 1328 horis
1701 1273 1932 1329 formam
1960 1289 2206 1328 commu—

647 1372 787 1427 tare,
820 1380 882 1418 ac
915 1365 1093 1419 varios
1135 1379 1228 1434 per
1257 1364 1470 1432 singula
1503 1364 1707 1419 zodiaci
1737 1365 1889 1434 signa
1913 1365 2093 1419 vultus
2127 1365 2207 1418 in-

645 1456 812 1508 duere
855 1454 1319 1509 commemorant?
1364 1453 1575 1524 Quippe
1609 1455 1769 1508 talem
1803 1469 1833 1507 a
1879 1455 2036 1509 nobis
2077 1469 2203 1509 eum

645 1544 813 1599 videri
848 1547 1221 1614 pronuntiant,
1250 1562 1426 1616 neque
1448 1547 1752 1615 intelligunt
1773 1546 2054 1615 proprium
2081 1562 2203 1602 sese

647 1636 722 1687 illi
767 1637 1108 1705 cOgitationis
1155 1654 1267 1692 sua:
1311 1639 1497 1692 vitium
1536 1647 1591 1693 et
1633 1653 1875 1692 errorem
1925 1638 2197 1710 attingere.

2310 641 2603 709 φαντασίας
2647 640 2836 710 ἐκείνῳ
2890 639 3308 710 προσάπτουσιν.
3350 639 3410 690 Εἰ
3449 639 3503 690 δὲ
3547 637 3862 705 συμϐολικῶς

2309 732 2519 799 λέγεται
2550 731 2740 797 ταῦτα,
2769 731 2876 783 τῶν
2911 730 3115 782 ἐκείνου
3144 729 3419 798 δυνάμεων
3446 729 3572 780 ὄντα
3607 727 3670 780 σύ
3681 728 3859 797 μὸολα,

2305 824 2404 892 τὴν
2427 821 2718 892 ἑρμηνείαν
2739 821 2845 873 τῶν
2871 819 3150 889 συμϐόλων
3185 818 3509 871 εἰπάτωσαν·
3553 817 3708 887 δῆλον
3748 818 3862 886 γὰρ,

2306 915 2400 976 ὡς,
2433 916 2480 966 εἰ
2501 913 2594 965 τοῦ
2621 912 2772 982 ἡλίου
2795 908 2865 981 ἦν
2886 912 2945 963 τὸ
2971 910 3158 975 πάθος,
3197 910 3440 979 καθάπερ
3468 912 3523 961 ὲν
3560 911 3680 972 ταῖς
3707 907 3863 961 ἐκλει-

2305 1003 2447 1071 ψεσι,
2477 1004 2638 1055 πᾶσιν
2663 1001 2726 1054 ἂν
2752 1000 2904 1070 ῶφθη
2935 999 3124 1052 ταυτὸν
3150 1002 3260 1061 τοῖς
3276 1001 3353 1061 εἰς
3377 999 3534 1051 αὐτὸν
3557 997 3863 1060 άτενίζουσιυ

2305 1097 2369 1147 Τί
2403 1095 2457 1146 δὲ
2488 1095 2580 1146 καὶ
2610 1093 2679 1146 τά
2707 1092 2892 1162 ἄσημα
2924 1090 3167 1161 βούλεται
3192 1091 3451 1160 ὀνόματα,
3481 1091 3571 1142 καί
3605 1089 3714 1142 τῶν
3741 1089 3861 1160 ἀσή-

2307 1203 2422 1255 μων
2453 1186 2520 1238 τὰ
2555 1185 2800 1256 βάρϐαρα
2836 1185 2942 1255 πρὸ
2982 1185 3088 1237 τῶν
3123 1183 3334 1252 ἑκάστῳ
3371 1183 3618 1246 οἰκείωνς
3664 1182 3726 1234 Εἰ
3767 1181 3866 1251 γὰρ

2303 1279 2439 1349 πρὸς
2476 1278 2535 1330 τὸ
2567 1276 2957 1356 σημαινόμενον
2984 1276 3161 1345 ἀφορᾷ
3186 1273 3246 1326 τὸ
3281 1272 3496 1336 ἀκοῦον,
3540 1274 3862 1343 αὑτάρκηςή

2303 1369 2439 1440 αὑτὴ
2469 1370 2697 1440 μένουσα
2729 1368 2902 1420 ἔννοια
2924 1367 3177 1438 δηλῶσαι,
3209 1364 3309 1418 κᾶν
3337 1365 3609 1418 ὁποιονοῦν
3633 1364 3862 1434 ὑπάρχῃ,

2300 1461 2555 1530 τοῠνομα.
2593 1461 2665 1512 Ού
2692 1461 2797 1529 γάρ
2835 1476 2934 1510 που
2962 1459 3055 1510 καὶ
3081 1458 3110 1508 δ
3142 1456 3468 1526 καλούμενος
3499 1456 3785 1524 Αἰγύπτιος
3805 1450 3862 1523 ἦν

2299 1553 2376 1623 τῷ
2420 1553 2582 1620 γένει·
2629 1551 2752 1605 εἰδὲ
2774 1551 2866 1602 καὶ
2896 1550 3211 1616 Αἰγύπτιος,
3243 1546 3488 1600 ἀλλὀύτι
3514 1564 3575 1615 γε
3603 1546 3864 1616 Αἰγυπτίᾳ

2301 1644 2577 1715 χρώμενος
2613 1645 2784 1713 φωνῇ,
2828 1641 2936 1693 οὐδ’
2968 1639 3278 1710 ἀνθρωπεία
3303 1639 3437 1701 ὅλως
3471 1637 3765 1708 χρώμενος.
3799 1636 3862 1689 Ἦ

643 1728 744 1790 Qui
780 1729 824 1779 si
854 1730 920 1781 ad
947 1731 1300 1799 symbolicam
1325 1731 1625 1785 orationem
1655 1729 2015 1800 confugerint,
2044 1732 2193 1799 quasi

2299 1735 2405 1806 γάρ
2449 1736 2655 1804 γοήτων
2686 1728 2753 1803 ἦν
2792 1732 2966 1784 πάντα
3005 1732 3349 1800 τεχνάσματα
3385 1729 3574 1791 ταῦτα,
3607 1731 3706 1781 καὶ
3743 1741 3862 1797 προ-

641 1816 909 1882 ejusmodi
965 1819 1107 1872 notis
1150 1819 1314 1874 variae
1362 1819 1492 1874 solis
1535 1818 1818 1873 facultates
1866 1820 2193 1873 adumbratm

2298 1826 2626 1896 καλύμματα
2649 1824 2736 1877 διὰ
2754 1822 2859 1875 τῶν
2883 1825 3046 1893 ἐπιφη
3057 1821 3356 1891 μιζομένων
3377 1820 3455 1888 τῷ
3467 1820 3604 1889 Θείῳ
3618 1819 3729 1871 τῶν
3745 1817 3863 1889 περὶ

642 1903 977 1972 habeantur;
1011 1915 1260 1961 notarum
1305 1922 1432 1977 ergo
1461 1921 1684 1962 suarum
1714 1905 1820 1958 vim
1850 1905 1924 1958 illi
1961 1905 2116 1960 nobis
2141 1915 2193 1958 et

2297 1916 2440 1985 ήμᾶς
2476 1915 2774 1983 γινομένων
2794 1911 2999 1974 παθῶν,
3021 1913 3054 1981 ἢ
3078 1912 3376 1981 λελήθαμεν
3398 1911 3642 1971 ἐναντίας
3669 1911 3863 1972 ἑννοίας

640 1995 1088 2064 signiﬁcationem
1120 1999 1383 2067 aperiant.
1415 1997 1728 2063 Enimvero,
1761 1997 1808 2051 si
1838 1995 2193 2066 quemadmo-

2298 1997 2508 2066 ἔχοντες
2539 1997 2666 2066 περὶ
2693 1994 2784 2046 τοῦ
2812 1993 2987 2059 Θείου,
3040 1995 3074 2065 ἢ
3100 1993 3228 2046 αὐτὸ
3271 1993 3346 2063 τῷ
3380 1994 3490 2046 ὄντι
3533 1992 3814 2045 διάκειται.
3840 2011 3858 2042 ι

650 2090 780 2142 dum
831 2088 883 2140 in
928 2089 1323 2144 defectionibus
1367 2091 1650 2160 contingit,
1697 2089 1933 2158 aliquam
2004 2088 2086 2143 sol
2130 2089 2244 2156 ipse
2312 2089 2669 2141 mutationum
2727 2089 2952 2140 istarum
2997 2084 3232 2145 subiret,
3275 2085 3412 2137 idem
3465 2085 3533 2138 ab
3584 2083 3862 2138 omnibus.

638 2181 731 2247 qui
771 2181 955 2234 oculos
1000 2181 1052 2234 in
1082 2197 1204 2234 eum
1255 2182 1613 2245 intenderent,
1646 2181 1872 2237 omnino
1920 2180 2217 2236 videretur.
2256 2178 2398 2241 Jam,
2432 2193 2692 2246 quorsum
2760 2186 2838 2231 tot
2881 2175 3274 2246 signiﬁcatione
3335 2174 3573 2229 carentia
3611 2173 3864 2228 nomina?

645 2287 903 2337 quorsum
927 2287 990 2325 ex
1024 2273 1212 2326 iisdem
1240 2274 1468 2328 barbara
1497 2275 1753 2344 pleraque
1776 2272 2198 2343 congruentibus
2238 2286 2300 2324 ac
2323 2271 2657 2340 singulorum
2684 2268 2917 2338 prepriis
2948 2265 3315 2336 anteponunt?
3366 2264 3501 2318 Nam
3539 2265 3584 2319 si
3653 2279 3848 2318 numen

639 2362 768 2414 dum
805 2379 990 2417 vocem
1062 2365 1300 2427 exaudit,
1352 2365 1471 2434 ejus
1533 2365 1599 2418 ad
1665 2364 2114 2434 signiﬁcationem
2172 2363 2413 2432 respicit,
2459 2361 2697 2431 profecto
2755 2359 3081 2414 cuicuimodi
3127 2374 3323 2413 nomen
3374 2357 3555 2421 fuerit,
3601 2358 3644 2410 si
3695 2356 3851 2410 modo

637 2455 824 2507 eadem
873 2456 1134 2509 sententia
1181 2459 1458 2520 manserit,
1497 2460 1630 2512 satis
1669 2474 1764 2526 per
1799 2472 1918 2511 sese
1951 2473 2064 2511 rem
2100 2457 2190 2510 illa
2228 2465 2394 2510 totam
2428 2457 2649 2524 aperiet.
2686 2453 2795 2507 Nec
2820 2453 2964 2508 enim
2999 2453 3067 2518 is,
3133 2454 3346 2521 opinor,
3398 2465 3559 2522 quem
3611 2455 3854 2512 evocant,

639 2541 927 2615 Egyptius
990 2557 1106 2600 erat
1163 2562 1390 2617 genere;
1431 2563 1548 2611 nec,
1593 2550 1636 2603 si
1683 2560 1821 2614 erat,
1882 2551 2062 2621 lingua
2104 2559 2285 2603 tamen
2327 2547 2666 2618 Egyptiaca,
2715 2547 2800 2599 vel
2847 2545 3069 2599 omnino
3123 2545 3359 2597 humana
3415 2557 3545 2596 voce
3591 2543 3853 2596 utebatur.

634 2637 867 2708 Quippe,
889 2651 981 2696 aut
1003 2641 1146 2694 enim
1171 2643 1623 2712 prazstigiatorum
1646 2652 1789 2697 artes
1814 2645 1929 2699 istae
1959 2652 2105 2709 sunt,
2128 2653 2183 2698 et
2219 2642 2468 2713 quaedam
2517 2655 2725 2703 earum,
2747 2654 2882 2709 quas
2935 2638 3037 2707 ipsi
3088 2637 3342 2707 patimur,
3362 2644 3776 2702 qumquetamen
3795 2635 3856 2688 ab

637 2731 704 2785 iis
717 2730 825 2784 Deo
851 2732 1178 2796 tribuuntur,
1202 2737 1558 2788 mutationum
1583 2736 1892 2803 involucra;
1919 2747 2012 2790 aut
2034 2738 2188 2791 aliter
2224 2736 2402 2806 plane,
2427 2749 2590 2803 quam
2612 2749 2671 2789 re
2693 2735 2808 2803 ipsa
2826 2733 3037 2798 habeat,
3057 2734 3122 2787 de
3142 2731 3427 2785 Divinitate
3449 2731 3736 2786 sentimus.
3762 2749 3780 2781 ι

644 2826 803 2896 199
835 2827 955 2880 Haec
987 2827 1091 2894 ille,
1127 2826 1323 2900 quibus
1351 2832 1566 2895 iterum,
1595 2846 1714 2899 qua:
1740 2812 2040 2902 sequuntur
2065 2866 2081 2897 ,-
2130 2831 2198 2885 ad

636 2915 946 2985 Algyptium
977 2917 1161 2972 eadem
1187 2935 1306 2973 cum
1333 2921 1497 2975 animi
1524 2922 1867 2978 ﬂuctuatione
1889 2924 2192 2993 perscribit.

641 3024 659 3054 ί
701 3005 794 3059 Sin
837 3017 1013 3061 autem
1040 3049 1055 3072 ,
1088 3010 1261 3078 inquit
1289 3053 1302 3074 ,
1333 3027 1398 3067 ex
1429 3013 1530 3068 diis
1559 3015 1648 3068 alii
1679 3016 1813 3069 nihil
1843 3018 2065 3070 omnino
2096 3031 2194 3085 pa-

634 3095 845 3148 tiuntur
873 3135 887 3158 ,
923 3097 1012 3149 alii
1050 3099 1158 3165 pati
1206 3099 1406 3169 aliquid
1442 3103 1732 3173 aliquando
1776 3117 2039 3174 possunt;
2068 3106 2192 3174 qui-

632 3187 734 3239 bus
761 3186 925 3238 etiam
956 3195 1162 3242 veretra
1189 3203 1246 3243 se
1272 3205 1366 3258 per
1397 3191 1529 3246 istos
1571 3193 1807 3264 erigere,
1852 3194 2192 3264 obscenaque

634 3278 875 3330 carmina
909 3279 1136 3333 solemni
1164 3282 1269 3335 ritu
1301 3298 1495 3338 canere
1521 3285 1769 3341 dictitant
1800 3305 1812 3341 :
1842 3286 2030 3342 inanes
2076 3287 2187 3341 uti-

632 3382 738 3437 que
797 3369 1019 3424 deorum
1066 3373 1409 3430 evocationes
1456 3377 1697 3445 iuerint,
1749 3379 1947 3448 quibus
1993 3393 2051 3434 se
2097 3387 2190 3432 aut

630 3471 819 3511 eorum
852 3476 1007 3528 opem
1051 3462 1339 3532 implorare
1365 3509 1380 3534 ,
1411 3480 1504 3525 aut
1549 3472 1884 3526 iracundiam
1931 3471 2146 3540 placare
2171 3511 2186 3537 9

631 3559 727 3601 aut
773 3551 1104 3618 expiationes
1157 3554 1442 3613 instituere
1501 3561 1860 3628 proﬁtentur,
1914 3562 2188 3632 multoque

631 3641 856 3708 proinde
886 3645 1054 3712 magis
1076 3661 1159 3711 ea,
1187 3649 1388 3716 quibus
1419 3651 1549 3719 ipsis
1580 3654 1951 3708 necessitatem
1984 3655 2187 3723 imponi

627 3735 834 3786 volunt.
867 3733 1019 3799 Quod
1050 3737 1192 3792 enim
1228 3739 1336 3808 pati
1364 3755 1472 3795 non
1523 3752 1738 3811 potest,
1773 3743 1911 3798 idem
1944 3760 2042 3799 nec
2088 3745 2185 3799 de-

628 3827 855 3882 mulceri
892 3844 1127 3899 quoque,
1168 3847 1266 3886 nec
1301 3833 1416 3902 cogi
1447 3841 1638 3902 potest.
1697 3855 1717 3887 ›
1750 3835 2007 3906 Idemque
2036 3837 2186 3890 dein-

624 3934 752 3988 «aps
783 3937 799 3975 :
836 3940 854 3971 ι
897 3919 1209 3991 Perperam,
1241 3927 1438 3996 inquit,
1473 3925 1542 3981 ab
1571 3927 1639 3984 iis
1677 3929 1940 3998 sapientia
1969 3929 2182 3994 colitur,

624 4013 718 4081 qui
744 4021 835 4066 aut
874 4014 1178 4069 inveniendi
1208 4016 1417 4087 fugitivi
1461 4019 1621 4085 servi,
1654 4029 1746 4074 aut
1783 4021 1995 4075 emendi
2028 4020 2181 4089 agri,

625 4111 720 4155 aut
747 4105 1056 4172 nuptiarum
1091 4107 1359 4164 interdum
1391 4149 1407 4175 ,
1452 4120 1544 4165 aut
1604 4121 1922 4167 mercaturae
1967 4113 2138 4183 gratia
2163 4152 2180 4175 ,

624 4193 862 4247 divinam
894 4204 1129 4250 mentem
1178 4200 1464 4255 sollicitare
1507 4217 1571 4257 ac
1610 4203 1835 4274 fatigare
1861 4205 2053 4258 solent.
2087 4203 2181 4258 Sin

624 4294 829 4351 autem,
859 4301 979 4340 cum
1009 4287 1180 4341 eidem
1212 4290 1486 4358 sapientia:
1518 4309 1624 4346 non
1649 4295 1875 4348 remisse
1905 4295 2181 4363 negligen-

621 4386 810 4444 terque
843 4377 1121 4431 studeatur
1147 4420 1161 4444 ,
1195 4380 1286 4448 qui
1316 4390 1493 4435 tamen
1542 4383 1643 4449 ipsi
1671 4384 1804 4436 dant
1849 4399 2067 4451 operam
2095 4423 2109 4447 ,
2143 4383 2181 4436 ii

619 4469 834 4524 ueteris
863 4469 1079 4538 quidem
1130 4471 1183 4524 in
1215 4472 1379 4526 rebus
1410 4472 1691 4527 verissima
1726 4475 1927 4537 omnia,
1957 4475 2023 4528 de
2058 4474 2181 4527 fcli-

2373 2828 2537 2880 Ταῦτ’
2579 2826 2767 2892 εἰπὼν,
2814 2827 2975 2881 πάλιν
3018 2827 3215 2898 ἀπορεῖ
3258 2825 3392 2896 πρὸς
3433 2825 3524 2877 τὸν
3570 2825 3856 2893 Αἰγύπτιον

2304 2919 2495 2988 λέγων’
2529 2936 2547 2968 ι
2585 2919 2649 2970 Εἰ
2687 2918 2742 2970 δὲ
2783 2918 2832 2970 οἱ
2879 2918 2975 2987 μὲν
3014 2917 3259 2979 ἀπαθεῖς,
3297 2917 3349 2968 οἰ
3377 2914 3434 2968 δὲ
3470 2915 3754 2985 ἐμπαθεῖς,
3781 2907 3854 2977 οἷς

2300 3009 2385 3062 διὰ
2413 3009 2615 3063 τούτων
2649 3009 2781 3078 φασὶ
2824 3008 3052 3078 φαλλοὺς
3096 3009 3327 3069 ἱστάναι,
3363 3008 3456 3059 καὶ
3484 3006 3748 3060 ποιεῖσθαι
3775 3006 3851 3058 αἰ-

2269 3101 2803 3174 .σχρορῤημοσύνας,
2863 3101 3076 3171 μάταιοι
3117 3102 3171 3152 αἰ
3211 3099 3344 3151 θεῶν
3379 3098 3595 3168 κλήσεις
3620 3098 3845 3159 ἔσονται,

2302 3193 2662 3263 προσκλήσεις
2713 3191 2889 3246 αὐτῶν
2947 3189 3424 3260 ὲπαγγελλόμεναι,
3490 3191 3580 3243 καὶ
3637 3190 3847 3263 μήνιδος

2217 3250 2258 3306 C
2291 3250 2576 3349 salacem},
2597 3250 2691 3338 καὶ
2718 3283 2987 3347 ἐκθύσεις,
3147 3280 3226 3334 ἔτι
3249 3250 3458 3352 ’μᾶλλον
3489 3283 3544 3334 αἰ
3569 3250 3858 3353 λεγόμεναι-

2288 3379 2519 3446 ἀνάγκαι
2543 3376 2697 3431 θεῶν.
2715 3376 3009 3446 ’Δκήλητον
3037 3373 3144 3444 γὰρ
3170 3375 3262 3428 καὶ
3286 3374 3560 3440 ἀϐίαστον,
3582 3377 3677 3428 καὶ
3699 3376 3847 3428 ἀκατ-

2288 3470 2624 3536 ανάγκαστον
2651 3468 2710 3520 τὸ
2750 3465 2976 3529 ἀπαθές.
3019 3484 3038 3518 ι
3066 3466 3173 3520 Καὶ
3223 3465 3381 3520 πάλιν
3425 3467 3550 3537 ἑξῆς
3593 3465 3843 3532 ὲπιλέγει’

2295 3579 2312 3610 ι
2348 3559 2537 3628 Μάτην
2583 3559 2764 3620 αὐτοῖς
2801 3560 2833 3628 ή
2877 3559 3037 3626 σοφία
3065 3557 3378 3629 ὲξήσκηται,
3421 3558 3549 3627 περὶ
3584 3556 3843 3626 δραπέτου

2287 3651 2572 3720 εὑρέσεως,
2598 3649 2632 3720 ἢ
2660 3649 2858 3721 χωρίου
2905 3649 3115 3721 ὠνῆς,ή
3147 3650 3346 3720 γάμου,
3376 3651 3424 3701 εἰ
3464 3646 3633 3716 τύχοι,
3675 3646 3709 3718 ἢ
3756 3648 3844 3716 ὲμ-

2288 3742 2496 3813 πορίας,
2521 3741 2610 3795 τὸν
2636 3743 2772 3796 θεῖον
2803 3742 2926 3797 νοῦν
2958 3742 3332 3812 ὲνοχλήσασιν.
3348 3741 3411 3792 Εἰ
3433 3739 3477 3791 δ’
3499 3740 3559 3791 οὐ
3601 3741 3840 3809 παρεῖται

2289 3833 2406 3902 μὲν,
2435 3836 2482 3886 οἱ
2505 3833 2560 3886 δὲ
2584 3835 2830 3899 συνόντες
2866 3835 2992 3906 περὶ
3028 3833 3124 3903 μὲν
3151 3833 3257 3885 τῶν
3282 3832 3454 3885 ἄλλων
3481 3831 3840 3901 τάληθέστατα

2286 3923 2521 3990 λέγουσι,
2569 3926 2696 3996 περὶ
2744 3926 2801 3978 δὲ
2854 3923 3196 3994 εὐδαιμονίας
3247 3922 3398 3975 οὐδὲν
3437 3922 3695 3990 ἀσφαλὲς,
3739 3921 3838 3973 οὐδ’

2285 4015 2563 4084 ἐχέγγυον
2599 4016 2698 4069 οὐκ
2725 4011 2863 4086 ἦσαν
2901 4017 3007 4088 ἄρα
3036 4012 3158 4066 οὔτε
3195 4012 3324 4074 θεοὶ,
3368 4013 3476 4065 οὔτ’
3506 4013 3702 4081 ἀγαθοί
3728 4011 3837 4066 δαί-

2287 4123 2464 4176 μονες,
2513 4106 2626 4160 ἄλλ’
2665 4107 2698 4178 ἢ
2732 4109 2938 4170 ἐκεῖνος
2971 4109 2999 4160 ὀ
3039 4106 3323 4176 λεγόμενος
3357 4103 3575 4168 πλάνος.
3612 4124 3632 4157 ι
3664 4103 3836 4159 Ταῦτα

2286 4197 2384 4267 μὲν
2415 4193 2508 4253 οὖν
2537 4199 2628 4251 ἐπὶ
2654 4198 2903 4252 τοσοῦτον
2935 4198 3029 4251 καὶ
3057 4197 3164 4250 ἀπὸ
3188 4196 3388 4266 ταύτης
3415 4195 3720 4267 προκείσθω
3746 4197 3834 4266 τῆς

2282 4293 2588 4364 Πορφυρίου
2622 4294 2856 4363 γραφῆς.
2892 4290 3001 4345 Καὶ
3040 4291 3144 4361 μὴν
3167 4291 3259 4343 καὶ
3288 4289 3596 4344 διδάσκαλοι
3620 4292 3718 4362 τῆς
3743 4307 3834 4344 κα-

2281 4383 2531 4452 κοτέχνου
2573 4384 2824 4454 γοητείας
2857 4382 3006 4435 αὐτοί
3038 4398 3102 4449 γε
3140 4381 3345 4451 πρῶτοι
3383 4383 3430 4435 οἰ
3468 4385 3702 4451 γενναῖοι
3734 4381 3834 4436 θεοὶ

2280 4475 2640 4546 κατέστησαν.
2670 4474 2838 4528 Πόθεν
2868 4472 2974 4544 γὰρ
3003 4471 3309 4543 ἀνθρώποις
3349 4473 3520 4528 ταῦτα
3558 4472 3740 4543 παρῆν
3761 4474 3831 4525 εἰ-

617 4557 780 4612 citate
813 4573 940 4613 vero
977 4559 1152 4613 securi
1183 4560 1336 4625 nihil,
1371 4560 1582 4630 ﬁdeque
1611 4561 1754 4631 digni
1780 4564 2176 4630 respondeant:

2297 4566 2446 4631 ἴέναι,
2481 4566 2515 4635 ἢ
2547 4565 2654 4618 τῶν
2681 4564 2948 4635 δαιμόνων
2988 4563 3165 4617 αὐτῶν
3202 4563 3270 4618 τὰ
3299 4565 3429 4636 περί
3466 4563 3671 4619 ἑαυτῶν
3705 4562 3832 4629 ἰξευ-

620 4649 866 4716 sequitur
908 4649 1131 4703 omnino
1180 4666 1354 4720 neque
1398 4650 1527 4705 deos
1574 4653 1735 4718 illos,
1782 4665 1957 4722 neque
2006 4655 2177 4709 bonos

2297 4657 2508 4719 πιόντων,
2543 4657 2633 4708 καὶ
2662 4656 2787 4716 τοὺς
2817 4653 3184 4724 καταδέσμους
3216 4658 3334 4709 κατ’
3367 4654 3608 4727 ἀλλήλων
3649 4652 3831 4726 ἐξηγο-

619 4738 779 4791 etiam
815 4738 1111 4805 daemones,
1141 4742 1232 4796 sed
1275 4757 1398 4796 eum
1430 4745 1610 4811 potius
1643 4743 1843 4810 fuisse,
1874 4760 2034 4814 quem
2076 4744 2175 4797 im-

2297 4748 2581 4814 οευκότωνς
2626 4743 2776 4815 Μηδὲ
2813 4745 2998 4800 τοῦτον
3027 4745 3083 4800 δὲ
3113 4747 3376 4819 ἡμέτερον
3403 4741 3542 4802 εἶναι
3571 4744 3664 4800 τὸν
3689 4745 3829 4815 λόγον

619 4838 888 4895 pastorem
921 4847 1202 4888 vocamus.
1243 4854 1261 4886 ι
1305 4836 1476 4905 Atque
1511 4836 1622 4891 hrec
1652 4853 1718 4891 ex
1742 4839 1902 4892 citata
1928 4835 2170 4905 Porphy-

2297 4838 2433 4909 ᾓγοῦ·
2468 4837 2619 4890 οὐδὲν
2645 4836 2750 4908 γὰρ
2774 4837 2973 4890 τούτων
3005 4841 3164 4910 ἡμεῖς
3189 4837 3552 4910 ὁμολογοῦμεν
3572 4836 3694 4891 οὔτε
3725 4837 3829 4891 επί-

619 4922 683 4974 rii
712 4923 938 4990 epistola
964 4930 1220 4994 producta
1256 4930 1538 4986 suﬁiciant.
1571 4929 1687 4985 Jatn
1718 4946 1848 4986 vero
1889 4945 1996 4984 non
2040 4929 2175 4982 alios

2297 4929 2530 4992 πασθαι,
2565 4926 2683 4980 οὔτε
2730 4926 2925 4993 θέλειν,
2965 4929 3101 4998 πλὴν
3140 4930 3219 4991 εἰς
3263 4927 3480 4996 ἔλεγχον
3524 4927 3624 4997 τῆς
3663 4927 3826 4981 αὐτῶν

618 5014 684 5069 ab
729 5015 881 5071 initio
929 5021 1183 5076 maleﬁca:
1214 5026 1348 5081 artis
1393 5029 1681 5096 magistros
1708 5068 1722 5089 ,
1755 5042 1916 5096 quam
1948 5028 2175 5094 ipsamet

2297 5020 2525 5082 ἰτοπίας,
2565 5017 2658 5070 καὶ
2696 5020 2967 5090 ἡμετέραν
3000 5017 3134 5088 ὁμοῦ
3179 5018 3277 5086 τῆς
3315 5016 3516 5070 τούτων
3559 5019 3826 5089 ἀναχωρή-

617 5107 828 5178 t-‘gregia
876 5111 1097 5165 numina
1145 5115 1310 5171 fuisse
1356 5128 1585 5174 constat.
1637 5118 1740 5184 Qui
1793 5111 1935 5172 enim
1985 5117 2170 5171 isthmc

2297 5130 2413 5175 πεως
2455 5109 2769 5177 ἀπολογίαν,
2810 5112 2838 5162 ὁ
2873 5110 3074 5162 τούτων
3119 5110 3248 5178 ἡμῖν
3296 5109 3559 5180 παρήχθω
3607 5110 3822 5190 μάρτυς,

622 5202 869 5254 homines
905 5202 1060 5256 aliter
1088 5219 1248 5261 nosse
1281 5210 1584 5275 potuissent
1607 5248 1622 5273 ,
1652 5210 1758 5265 nisi
1787 5209 2059 5265 damones
2103 5210 2170 5264 iis

2297 5207 2437 5274 ιοφὸς
2461 5203 2536 5257 ὢν
2573 5204 2631 5256 ιν
2659 5206 2770 5266 τοῖς
2806 5203 3119 5274 γνωρίμοις,
3156 5204 3247 5254 καὶ
3282 5202 3458 5256 πάντα
3492 5202 3733 5273 ἀκρισῶς
3763 5198 3823 5251 τὰ

619 5303 703 5340 res
733 5291 831 5357 ipsi
867 5307 994 5346 suas
1023 5295 1380 5362 aperuissent,
1408 5308 1460 5353 et
1484 5301 1682 5369 quibus
1707 5301 1909 5371 quique
1943 5298 2168 5354 vinculis

2297 5296 2444 5347 ιίκεῖα
2481 5291 2632 5356 εἰδώς
2672 5308 2729 5344 τε
2765 5293 2858 5343 καὶ
2897 5291 3297 5361 ὑποτιθέμενος.
3332 5292 3502 5355 Αὐτὸς
3538 5288 3631 5344 οὖν
3665 5293 3724 5345 ὲν
3760 5289 3820 5358 τῇ

613 5383 1077 5452 constringantur,
1120 5385 1489 5444 indicassent?
1519 5389 1702 5462 Neque
1748 5407 1876 5446 vero
1923 5399 2164 5445 nostram

2297 5385 2571 5458 ηλωθείσῃ
2609 5382 2716 5437 τῶν
2757 5381 2946 5450 λογίων
2989 5386 3270 5455 συναγωγῇ
3309 5385 3477 5438 ταῦτα
3517 5383 3663 5449 λέγει
3700 5376 3821 5450 πρὶς

618 5466 755 5520 hanc
781 5473 1078 5530 orationem
1109 5489 1230 5530 esse
1255 5485 1417 5546 putes
1443 5496 1457 5540 ;
1484 5482 1682 5550 quippe
1720 5481 1815 5551 qui
1868 5480 2002 5535 nihil
2032 5479 2164 5534 isto-
2272 5480 2435 5546 λέξιν.

614 5575 732 5614 rum
763 5579 792 5616 a
822 5567 978 5623 nobis
1007 5580 1100 5625 aut
1129 5570 1347 5642 intelligi
1374 5581 1468 5627 aut
1491 5575 1669 5644 expeti
1697 5573 1984 5631 fateamur.
2051 5572 2284 5628 Tantum
2339 5589 2466 5644 ergo
2496 5573 2691 5643 partim
2760 5589 2827 5630 aa
2888 5588 3291 5645 coarguendam
3335 5572 3569 5628 istorum
3623 5578 3809 5621 vecor-

613 5653 757 5708 diam
788 5697 801 5717 .
846 5662 1040 5727 partim
1109 5665 1176 5719 ad
1242 5664 1518 5730 nostram',
1567 5667 1662 5737 qul
1710 5683 1812 5726 nos
1867 5681 2058 5725 eorum
2127 5665 2493 5721 communioni
2541 5681 2603 5721 ac
2652 5663 2894 5722 societati
2965 5665 3361 5731 subduximus,
3417 5659 3812 5717 defensionem.

618 5751 757 5805 idem
793 5765 822 5803 a
858 5751 1014 5806 nobis
1065 5755 1216 5811 testis
1243 5755 1575 5827 producatur
1601 5797 1615 5822 ,
1663 5760 1757 5830 qui
1802 5768 1856 5816 et
1883 5759 2100 5830 sapiens
2144 5772 2175 5811 a
2211 5757 2324 5811 suis
2351 5756 2581 5811 habetur
2607 5796 2621 5820 ,
2691 5765 2744 5811 et
2808 5771 2999 5812 omnes
3035 5746 3311 5826 religionis
3354 5753 3542 5823 patrie
3590 5755 3813 5804 rationes

618 5850 866 5899 accurate
883 5857 986 5896 non
1014 5845 1174 5901 modo
1199 5848 1368 5918 novit,
1391 5849 1484 5910 sed
1505 5849 1667 5911 etiam
1698 5853 1964 5925 exposuit.
1991 5850 2082 5910 llle
2104 5851 2263 5922 igitur
2285 5851 2337 5906 in
2360 5847 2574 5906 laudata
2591 5848 2936 5905 oraculorum
2959 5847 3290 5914 collectione,
3318 5843 3384 5900 ad
3406 5841 3630 5899 verbum
3645 5841 3810 5906 habet,

614 5951 735 6009 quae
762 5945 1078 6008 sequuntur.
