4044 6334
93 454 196 510 337
1072 477 1076 482 ·
1262 456 1580 512 PREPAR.
1624 456 1692 514 E‘

1793 456 1868 514 [ϐ.
1907 458 2033 515 LIB.
2078 460 2142 514 V.
3226 453 3329 508 358

95 583 180 618 σιν
199 568 312 620 οὐκ
336 569 522 624 ἄλλοτε
549 570 582 642 ἢ
606 571 741 641 μετὰ
769 571 827 622 τὸ
859 571 1114 641 προελθὸν
1132 573 1209 634 είς
1235 574 1440 637 πάντας
1468 574 1677 646 ἀνθρώ-

1793 575 2015 631 ramulos
2094 576 2550 647 administrosque
2619 578 2889 632 da‘mones
2943 585 3140 646 prmsto
3208 584 3330 626 esse

93 673 231 719 παυς
267 659 535 728 κήρυγμα
566 660 664 730 τῆς
693 661 1046 730 εὐαγγελικῆς
1076 661 1417 724 διδασκαλίας
1445 679 1671 734 γεγενη-

1793 682 1939 736 luam
1964 667 2252 737 plurimos.
2290 688 2307 720 ι
2369 667 2642 724 Hactenus
2677 667 3022 724 Plutarchus.
3060 665 3164 720 Sed
3195 680 3327 734 ope-

97 747 296 818 μὲνην.
331 750 516 803 Ταῦτα
542 751 640 821 μὲν
669 747 761 805 οὖν
788 753 917 822 ἡμῖν
947 751 1053 805 ἀπὸ
1100 753 1198 823 τῆς
1243 753 1509 826 νεωτέρας
1536 753 1676 808 ἱστο-

1793 771 1854 809 rze
1882 757 2112 826 pretium
2145 756 2328 824 fuerit,
2357 767 2567 827 tempus
2600 759 2908 821 observare,
2934 771 3043 825 quo
3070 752 3330 809 daemonis

95 837 224 907 ρίας
252 840 594 912 ἐληλέγχθω.

1793 847 1943 904 istius
1976 848 2252 904 interitum
2282 849 2573 920 contigisse
2621 859 2826 904 narrat.
2856 846 2914 904 Id
2966 848 3113 902 enim
3161 846 3332 915 imps-

89 938 259 984 rante
298 929 522 987 Tiberio
558 932 723 1003 208
753 930 954 989 factum
1009 940 1126 999 est,
1161 947 1272 1003 quo
1314 940 1554 1003 tempore
1621 934 1947 992 demonesa
1991 937 2276 1008 Servatore
2315 949 2507 994 nostro
2533 939 2673 993 inter
2715 937 2963 992 homines
3002 945 3191 1006 agente
3216 934 3332 1004 jam

92 1029 214 1075 tum
290 1037 364 1077 ex
429 1024 666 1077 humana
697 1024 815 1078 vita
840 1023 964 1093 pelli
1006 1025 1237 1096 ejicique
1271 1027 1502 1096 cmpisse
1541 1026 1725 1083 divina
1775 1031 1964 1086 scribit
1988 1031 2213 1087 historia
2241 1053 2252 1087 :
2284 1043 2409 1089 cum
2438 1030 2601 1086 etiam
2629 1044 2764 1098 genu
2795 1028 2934 1082 ﬂexo
2954 1026 3196 1081 nonnulli
3218 1026 3332 1096 jam

91 1129 224 1166 eum
300 1116 676 1183 obsecrarent,
715 1117 793 1170 uti
823 1132 892 1171 ne
921 1118 1357 1186 exspectantibus
1382 1133 1502 1174 sese
1546 1117 1734 1176 inferis
1772 1123 2062 1179 addiceret.
2089 1121 2230 1194 Ergo
2257 1129 2461 1177 eertum
2483 1133 2700 1192 quoque
2731 1134 2793 1173 ac
2815 1117 3092 1172 deﬁnitum
3122 1130 3334 1186 tempus

95 1204 276 1260 habes
312 1207 793 1264 exterminatorum
852 1209 1176 1274 daemonum,
1214 1223 1354 1280 quos
1385 1219 1512 1266 ante
1561 1211 1693 1268 illud
1735 1229 2016 1286 nunquam
2055 1230 2121 1271 ex
2171 1213 2321 1271 omni
2359 1196 2620 1268 memoria
2668 1208 2880 1281 fugatos
2906 1223 3024 1264 esse
3057 1207 3286 1278 legimus
3317 1225 3332 1262 :

80 1296 575 1378 quemadmodum
632 1314 733 1353 nec
789 1310 914 1354 ante
973 1300 1240 1355 sublatam
1293 1299 1464 1358 fuisse
1518 1304 1853 1363 ostendimus
1909 1321 2252 1364 communem
2313 1305 2456 1377 apud
2501 1304 2727 1373 gentiles
2786 1301 3190 1356 mactandorum
3236 1300 3337 1355 ho-

95 1382 327 1436 minum
387 1384 858 1450 consuetudinem,
891 1402 1053 1456 quam
1101 1389 1419 1459 evangelica:
1458 1390 1717 1447 doctrina:
1751 1394 2064 1464 pradicatio
2121 1396 2434 1452 universum
2477 1393 2662 1448 orbem
2718 1390 3113 1460 complevisset.
3161 1390 3337 1461 Atque
3384 1441 3387 1444 .

95 1475 220 1531 haec
257 1479 628 1548 coarguenda
685 1480 989 1535 daemonum
1029 1481 1204 1538 fraudi
1237 1499 1304 1538 ex
1333 1485 1696 1542 recentiorum
1733 1489 1976 1548 historiis
2000 1492 2314 1563 deprompta
2351 1489 2636 1546 sufﬁciant.

653 1595 1048 1650 ΚΕΦΑΛΑΙΟΝ
1079 1599 1188 1652 lﬂ'.

2338 1597 2567 1660 CAPUT
2603 1599 2790 1654 XVIII.

99 1703 248 1769 Περὶ
280 1701 400 1756 τῶν
437 1702 597 1771 παρὰ
649 1705 772 1796 τοῖς
826 1707 1098 1773 παλαιοῖς
1148 1709 1406 1796 "Fundi
1444 1726 1680 1783 μνημο-

1878 1719 1953 1773 De
1980 1719 2211 1782 oraculis
2238 1719 2536 1796 priscorum
2557 1713 2857 1796 Grmcorum
2881 1708 3257 1796 pradicatione

519 1774 854 1842 γευομένων
888 1774 1337 1844 χρηστηρίων.’
1445 1774 1463 1781 ⁷
1554 1774 1586 1783 ’⁷

2157 1777 2160 1782 ’
2238 1774 2249 1788 ’
2411 1786 2706 1840 celebratis.

189 1882 338 1935 Ἀλλ’
365 1884 484 1936 ἐπεὶ
506 1884 582 1954 μὴ
612 1889 724 1948 τοῖς
754 1889 887 1939 nam
923 1887 1174 1958 γνώριμα
1208 1891 1462 1959 τυγχάνει
1491 1891 1558 1946 τὰ
1605 1895 1683 1946 εί-

1857 1898 2012 1955 Νιιηε
2029 1914 2178 1956 vero.
2201 1898 2459 1966 quoniam
2481 1895 2582 1950 ista
2603 1909 2708 1949 non
2726 1889 2978 1947 omnibus
3000 1902 3175 1959 usque
3202 1886 3339 1942 adeo

105 1975 352 2045 ρημένα,
382 1973 440 2029 εὖ
470 1995 558 2047 μοι
599 1979 746 2032 δοκεῖ
770 1980 1016 2032 ἐντεῦθεν
1057 1983 1148 2034 ἐπὶ
1181 1982 1248 2035 τὰ
1278 1985 1413 2037 πᾶσι
1447 1985 1685 2055 πρόδηλα

1793 1999 1913 2044 nota
1942 1997 2087 2051 sunt,
2123 1989 2253 2042 libet
2285 1985 2410 2040 inde
2458 1983 2525 2038 ad
2559 1997 2623 2037 ea
2649 1980 2918 2052 pr0gredi,
2949 1993 3067 2048 qua:
3102 1975 3339 2045 antiqui-

101 2068 224 2128 τοῖς
257 2066 556 2135 φιλολόγοις
592 2069 906 2139 μεταϐῆναι,
951 2071 1044 2122 καὶ
1072 2072 1196 2135 τοὺς
1224 2074 1582 2138 παλαιτάτους
1610 2073 1688 2145 τῷ

1793 2081 1913 2135 tatis
1943 2079 2248 2134 studiosum
2280 2076 2487 2146 fugiant
2539 2073 2832 2134 neminem,
2874 2084 2939 2123 ac
2983 2080 3338 2122 vetustissimi

105 2156 298 2226 χρόνῳ
327 2159 605 2228 χρησμοὺς
637 2159 904 2223 ἐξετάσαι,
934 2162 1037 2215 ἀνὰ
1088 2163 1265 2232 στόμα
1319 2166 1536 2218 πάντων
1573 2166 1689 2218 Ἐλ-

1793 2171 1883 2226 nvi
1922 2168 2141 2224 oracula
2200 2168 2482 2238 diligenter
2526 2175 2777 2219 excutere
2805 2201 2819 2227 ,
2880 2175 3000 2231 qua
3026 2158 3336 2213 Graecorum

104 2247 645 2321 lﬁvwvﬁdottévouc,
697 2253 798 2303 κάν
844 2254 963 2315 ταῖς
1009 2254 1149 2306 κατὰ
1199 2255 1352 2310 πόλιν
1387 2256 1688 2326 διατριϐαῖς

1793 2260 1986 2329 passim
2018 2258 2260 2313 omnium
2291 2270 2386 2310 ore
2407 2255 2629 2324 iactata,
2663 2252 2728 2307 iis
2753 2252 2937 2313 etiam,
2969 2249 3063 2318 qui
3091 2245 3340 2315 discipli-

105 2349 226 2409 τοῖς
259 2347 354 2398 ἐπ)⁸
385 2347 602 2418 παιδείᾳ
650 2348 872 2414 φοιτῶσι
925 2351 1412 2420 παραδιδομένους..
1450 2352 1688 2404 Ἀνωθεν

1793 2366 1868 2405 na:
1897 2364 2059 2405 causa
2122 2347 2330 2403 cunctis
2359 2345 2415 2400 in
2448 2345 2674 2399 urbibus
2701 2341 3046 2405 conveniunt,
3077 2335 3340 2393 inculcari

103 2438 297 2490 τοίνυν
327 2437 604 2490 ἀναλαϐὼν
623 2439 720 2501 τὰς
745 2440 974 2503 παλαιὰς
999 2441 1253 2512 ἱστορίας,
1284 2443 1573 2511 ἐπίσκεψαι
1601 2439 1690 2497 οἷα

1793 2443 1984 2498 solent.
2020 2438 2100 2494 Tu
2131 2455 2260 2509 ergo
2305 2446 2516 2492 veteres
2545 2435 2614 2490 ab
2645 2435 2850 2490 ultimis
2887 2447 3058 2502 usque
3087 2431 3339 2499 tempori-

103 2530 135 2580 ὁ
166 2528 374 2591 Πύθιος
410 2528 709 2599 Ἀθηναίοις
731 2531 835 2598 χρᾷ
861 2531 1030 2601 λοιμῷ
1052 2533 1315 2584 πιεσθεῖσι
1339 2533 1426 2585 διὰ
1454 2534 1552 2602 τὴν
1578 2535 1690 2586 ’Λνδ

1793 2533 1938 2586 ribus
1993 2529 2252 2583 historias
2301 2535 2570 2596 repetens,
2614 2524 2851 2592 expende
2903 2522 2980 2576 sis
3035 2516 3340 2589 cuiusmodi

104 2610 330 2688 δρόγεώ
381 2619 654 2689 τελευτήν.
696 2621 1020 2690 Ἐλοίμωξαν
1067 2623 1122 2676 δὲ
1185 2625 1381 2686 πάντες
1422 2625 1688 2694 Ἀθηναῖοι

1793 2621 2226 2687 Atheniensibus,
2263 2617 2407 2689 gravi
2437 2617 2504 2670 ab
2533 2615 2816 2683 Androgeo
2839 2611 3058 2665 interitu
3084 2609 3340 2691 pestilen-

105 2711 174 2761 δι’
210 2709 336 2772 ἐνὸς
359 2711 548 2781 ἀνδρὸς
575 2710 825 2772 θάνατον,
860 2713 960 2780 τῆς
982 2713 1025 2764 δ’
1079 2715 1141 2766 ἐκ
1170 2714 1276 2767 τῶν
1305 2713 1442 2766 θεῶν
1468 2717 1689 2767 ἐπικου-

1793 2712 1861 2766 tia
1891 2710 2259 2765 laborantibus
2300 2721 2617 2777 responsum
2651 2705 2779 2757 olim
2829 2701 3056 2771 Pythius
3087 2699 3338 2754 ediderit.

111 2799 240 2868 ρίας
264 2803 444 2868 τυχεῖν
472 2802 672 2869 ἠξίουν·
713 2803 764 2855 τί
795 2805 912 2855 ποτ’
933 2799 1024 2856 οὖν
1065 2805 1093 2857 ό
1122 2785 1326 2876 ’σωτὴρ
1365 2807 1544 2869 αὐτοῖς
1599 2807 1690 2858 καὶ

1793 2802 1998 2872 Quippe
2033 2803 2408 2865 Athenienses,
2430 2797 2664 2852 hominis
2688 2797 2756 2850 ob
2781 2794 2941 2847 unius
2959 2801 3206 2854 mortem,
3227 2791 3339 2844 uni;

110 2887 240 2949 θεὸς
268 2893 556 2958 παραινεϊ;
603 2891 754 2959 Τάχα
781 2907 881 2944 που
927 2890 1012 2951 τὶς
1063 2891 1303 2960 οἰήσεται
1351 2892 1689 2960 δικαιοσύνης

1793 2894 1930 2948 versi
1959 2895 2058 2946 hac
2095 2893 2183 2946 lue
2235 2890 2446 2952 vexati,
2498 2888 2718 2943 deorum
2760 2901 2915 2956 opem
2959 2884 3097 2938 votis
3125 2898 3188 2937 ac
3216 2897 3340 2952 pre-

109 2976 210 3028 τοῦ
249 2977 436 3030 λοιτωῦ
471 2979 563 3032 καὶ
588 2979 990 3050 φιλανθρωπίας
1028 2979 1412 3048 ἐπιμέλεσθαι,
1450 2985 1540 3035 καὶ
1595 2983 1691 3051 τῆς

1793 2983 1945 3038 cibus
1976 2981 2352 3052 implorabant.
2387 2978 2526 3044 Quid
2557 2979 2717 3049 igitur
2753 2977 2821 3030 iis
2870 2975 3082 3030 consilii
3111 2983 3164 3028 et
3213 2973 3339 3028 Serv

110 3069 290 3136 ᾱλλης
324 3070 595 3139 άρετῆς,ἢ
626 3073 902 3140 μετανοεῖν
957 3071 1048 3122 ἐπὶ
1107 3070 1183 3140 τῷ
1241 3072 1689 3141 πλημμελήματι,

1793 3082 1943 3126 vator
1979 3082 2031 3125 et
2058 3071 2234 3137 Deus?
2260 3070 2336 3124 uti
2367 3069 2673 3139 aequitatem
2698 3068 2944 3124 videlicet
2969 3075 3129 3134 atque
3159 3065 3340 3118 huma-

110 3160 209 3212 καί
237 3177 296 3211 τι
320 3159 423 3210 τῶν
451 3161 610 3214 ὁσίων
658 3162 749 3214 καὶ¹
805 3161 1040 3214 εὐσεϐῶν
1095 3161 1349 3227 ἐκτελεῖν,
1396 3163 1469 3224 ὼς
1493 3163 1557 3214 ἂν
1587 3163 1691 3214 τῶν

1793 3161 2037 3223 nitatem,
2071 3170 2399 3228 caeterasque
2423 3161 2645 3211 \it‘lulcs
2679 3159 2731 3210 in
2764 3168 3037 3226 posterum
3070 3155 3340 3220 coletcrt,

114 3250 264 3302 θεῶν
288 3248 491 3311 τούτοις
522 3251 900 3319 ἱλασκομένων.
959 3251 1112 3305 ’Λλλὰ
1147 3253 1348 3305 τούτων
1375 3255 1468 3322 μὲν
1506 3249 1571 3321 ἦν
1598 3254 1688 3305 οὐ-

1793 3259 1886 3304 aut
1907 3251 2151 3305 criminis
2178 3250 2392 3304 adducti
2426 3247 2740 3317 pri-nitentia
2775 3248 2913 3300 sacri
2938 3245 3138 3315 aliquid
3169 3260 3229 3296 ne
3260 3259 3338 3295 re-

110 3340 226 3392 δέν.
266 3340 333 3390 Τί
359 3339 460 3409 γὰρ
489 3340 552 3409 δὴ
577 3343 670 3392 καὶ
701 3341 860 3409 μέλον
901 3337 966 3411 ἦν
995 3341 1194 3395 τούτων
1240 3347 1350 3405 τοῖς
1375 3343 1691 3412 Θαυμασίοις

1794 3341 1968 3411 ligiosi
1996 3340 2227 3397 obirent.
2252 3339 2448 3407 quibus
2479 3337 2636 3390 rebus
2663 3337 2884 3390 deorum
2912 3336 3137 3389 oﬂensio
3151 3351 3339 3404 procu-

113 3435 291 3494 θεοῖς,
326 3433 517 3500 μᾶλλον
542 3431 596 3483 δέ
652 3435 761 3492 τοῖς
816 3435 1197 3504 παμπονήροις
1221 3435 1440 3504 δαίμοσι
1462 3452 1483 3497 ;·
1524 3436 1690 3488 Πάλιν

1793 3433 1897 3485 rari
1927 3432 2080 3485 solet.
2109 3429 2250 3482 Nihil
2282 3429 2480 3482 minus.
2517 3427 2782 3493 Quorsum
2811 3429 2953 3480 enim
2989 3428 3090 3482 ista
3117 3430 3339 3496 pra-cla-

112 3523 212 3577 οὖν
241 3524 316 3575 τὰ
372 3523 548 3584 αὐτοῖς
597 3521 828 3589 συγγενῆ
887 3524 978 3575 καὶ
1016 3527 1214 3585 οἰκεῖα,
1246 3525 1312 3577 τὰ
1352 3527 1551 3595 ἀνηλεῆ
1603 3530 1692 3579 καὶ

1793 3524 1868 3577 ris
1898 3522 2228 3581 numinibus,
2258 3520 2336 3573 vel
2371 3519 2551 3588 potius
2583 3519 2963 3573 consceleratis
2996 3518 3342 3573 daemonibus

113 3617 254 3686 ὠμὰ
301 3616 392 3667 καὶ
420 3613 789 3683 ἀπάνθρωπα,
843 3599 1025 3683 λοιμδν
1075 3615 1166 3667 ἐπὶ
1208 3616 1379 3686 λοιμῷ
1404 3635 1556 3685 φασι,
1603 3621 1692 3670 καὶ

1793 3627 1936 3666 curae
1963 3612 2114 3666 sint?
2145 3611 2274 3664 Rem
2299 3611 2461 3680 igitur
2491 3608 2698 3663 afﬁnem
2725 3610 2826 3663 sibi
2855 3625 3044 3664 rursus
3067 3620 3118 3663 et
3141 3624 3339 3678 c0gna~

116 3705 394 3767 θανάτους
440 3704 531 3757 ἐπὶ
586 3703 815 3772 θανάτῳ.
880 3703 1102 3757 κελεύει
1162 3705 1290 3772 γοῦν
1338 3708 1366 3758 ὁ
1426 3707 1692 3760 Ἀπόλλων

1796 3713 1925 3768 tam,
1953 3703 2056 3756 hoc
2086 3711 2167 3756 est
2205 3703 2272 3756 ab
2303 3701 2451 3755 omni
2479 3701 2864 3755 misericordia:
2895 3716 3057 3756 sensu
3085 3701 3339 3763 alienam,

116 3797 288 3855 ἐτους
357 3794 581 3846 ἑκάστου
645 3793 876 3861 πέμπειν
934 3794 1128 3854 αὐτοὺς
1190 3793 1297 3846 τῶν
1357 3793 1500 3846 ἰδίων
1564 3796 1692 3848 παί-

1793 3804 1847 3847 ει
1879 3794 2210 3847 immanitate
2239 3792 2588 3859 teterrimam,
2623 3803 2823 3862 pestem
2877 3802 3045 3860 peste,
3078 3791 3341 3844 mortibus

116 3886 236 3939 δων
296 3885 523 3954 ᾶῤῥενας
591 3883 822 3954 ἐφήϐους
874 3880 1010 3936 ἑπτὰ
1043 3924 1056 3945 ,
1138 3881 1230 3936 καὶ
1285 3885 1509 3954 θηλειῶν
1575 3889 1690 3939 ίσα-

1795 3891 2018 3937 mortem
2055 3882 2319 3934 cumulari
2350 3881 2552 3933 volunt.
2587 3876 2746 3933 Iubet
2791 3878 3046 3932 nimirum
3105 3876 3294 3943 Apollo
3323 3915 3338 3939 ,

121 3973 361 4044 ρίθμους
431 3971 764 4040 παρθένους,
816 3970 928 4022 ἀνθ’
974 3970 1090 4030 ἐνὸς
1156 3971 1283 4022 δέκα
1342 3972 1434 4023 καὶ
1500 3972 1690 4024 τέσσα-

1795 3971 1909 4024 suis
1937 3986 1965 4022 e
1988 3970 2170 4023 liberis
2203 3983 2374 4020 mares
2408 3968 2476 4019 ab
2499 3968 2564 4020 iis
2594 3976 2794 4034 septem
2826 3965 3121 4033 quotannis
3155 3966 3337 4033 impu-

123 4082 234 4135 ρας
290 4062 554 4123 ἀναιτίους
598 4062 691 4113 καὶ
737 4063 1109 4132 ἀπράγμονας,
1136 4062 1232 4114 οὐκ
1262 4063 1508 4126 εἰσάπαξ,
1562 4065 1693 4116 ἀλλὰ

123 4155 228 4203 καὶ
264 4152 401 4203 κατὰ
429 4152 534 4202 πᾶν
561 4149 680 4212 ἔτος
719 4150 1116 4220 τυθησομένους
1145 4151 1201 4202 ἐν
1231 4152 1417 4221 Κρήτῃ
1440 4152 1586 4220 παρὰ
1619 4152 1695 4220 τῷ

125 4243 333 4296 Μίνωϊ.
375 4242 536 4292 Ὥστε
570 4240 665 4292 καὶ
694 4240 851 4310 μέχρι
884 4240 992 4294 τῶν
1018 4240 1111 4292 τοῦ
1148 4242 1462 4310 Σωκράτους
1493 4242 1693 4310 χρόνων

127 4333 300 4395 πλόον
329 4332 362 4399 ἦ
396 4331 763 4394 πεντακοσίοις
809 4329 1029 4401 ὕστερον
1067 4332 1238 4384 ἐτεσιν
1270 4334 1296 4382 ό
1328 4332 1496 4394 δεινὸς
1542 4325 1694 4395 οὗτος

128 4425 228 4478 καὶ
260 4421 747 4490 ἁπανθρωπότατος
761 4422 963 4492 δασμὸς
982 4425 1200 4492 μνήμην
1231 4425 1360 4493 παρ’
1400 4424 1695 4491 Ἀθηναίοις

126 4513 468 4583 διεφύλαττε.
527 4509 696 4562 Τοῦτο
735 4513 790 4564 δὲ
826 4509 892 4582 ἦν
935 4514 1040 4584 ἄρα
1079 4514 1140 4565 τὸ
1171 4514 1261 4565 καὶ
1296 4514 1568 4582 Σωκράτει
1598 4515 1693 4583 τὴν

1794 4063 1946 4117 beres
1980 4061 2155 4123 mitti,
2187 4059 2519 4128 feminasque
2545 4059 2774 4126 virgines
2798 4059 3016 4111 totidem
3045 4075 3057 4121 ;
3092 4074 3189 4126 pro
3235 4075 3342 4115 uno

1794 4152 2222 4223 quatuordeeim,
2258 4151 2503 4205 insontes
2527 4167 2716 4206 omnes
2743 4151 3054 4220 nulliusque
3083 4150 3341 4208 facinoris

1795 4246 2063 4308 conscios,
2095 4243 2256 4311 idque
2289 4258 2396 4296 non
2426 4242 2590 4296 semel
2624 4252 2862 4308 tantum,
2915 4242 3007 4297 sed
3061 4243 3225 4312 209
3255 4257 3347 4297 an-

1795 4338 1879 4388 nis
1914 4334 2137 4403 singulis
2172 4332 2311 4401 apud
2338 4331 2566 4385 Minoem
2598 4331 2973 4385 immolandos.
3006 4332 3178 4400 Atque
3205 4332 3342 4401 apud

1795 4425 2146 4478 Athenienses
2171 4421 2501 4476 acerbissimi
2539 4435 2599 4474 ac
2628 4421 2886 4474 dirissimi
2917 4420 3100 4474 tributi
3134 4435 3340 4473 memo-

1796 4518 1896 4579 ria,
1921 4517 1984 4569 ad
2019 4523 2225 4568 aetatem
2266 4528 2437 4580 usque
2471 4511 2710 4565 Socratis
2750 4527 2921 4566 annos
2946 4509 3198 4579 deinceps
3228 4525 3340 4562 am-

129 4603 402 4673 ἀναϐολὴν
443 4603 535 4655 τοῦ
598 4602 823 4653 θανάτου
873 4604 1253 4671 πεποιημένον.
1320 4602 1510 4672 Τίθησι
1566 4603 1692 4666 γοῦν

1796 4609 1936 4675 plius
1968 4608 2286 4675 quingentos
2319 4605 2650 4656 servabatur.
2685 4602 2813 4655 Nam
2851 4597 3087 4657 id'etiam
3110 4603 3159 4653 in
3178 4616 3341 4654 causa

128 4693 292 4764 ὁμοῦ,
345 4695 435 4745 καὶ
463 4693 747 4759 άπελέγχει
794 4692 884 4743 τὸν
922 4694 1162 4763 χρησμὸν
1191 4690 1248 4745 εὖ
1285 4693 1424 4761 μάλα
1458 4710 1537 4753 τις
1588 4692 1720 4743 τῶν

132 4791 274 4840 νέων
307 4787 412 4856 (45)
453 4785 685 4854 ἀνδρικῷ
714 4783 975 4853 λογισμῷ,
1028 4786 1235 4853 γοήτων
1287 4785 1453 4855 φορὰν
1489 4785 1594 4852 (44)
1636 4787 1691 4835 ἐν

131 4878 320 4947 οἰκείῳ
356 4878 739 4946 συγγράμματι
771 4874 1144 4942 πεποιημένος.
1179 4868 1251 4925 Οὗ
1285 4877 1375 4926 καὶ
1406 4874 1566 4925 αὑτοῦ
1589 4873 1692 4924 τῶν

135 4971 351 5038 φωνῶν,
387 4969 520 5021 ἀλλὰ
557 4966 632 5038 μὴ
650 4967 756 5019 τῶν
785 4967 929 5036 ἐμῶν
959 4967 1138 5019 ἄκουε.
1167 4967 1300 5034 πρὸς
1327 4968 1415 5019 τὸν
1439 4984 1539 5036 χρη
1550 4984 1692 5035 σμῳ-

136 5064 226 5114 ὂδν
262 5056 360 5113 ὧδέ
387 5078 500 5121 πως
530 5059 962 5128 ἀποτεινομένου.

212 5235 322 5305 (45)
369 5236 460 5305 Τις
489 5234 605 5286 τῶν
623 5235 791 5305 νέων.
832 5237 1141 5290 (Enomaus
1168 5237 1254 5289 ille
1286 5245 1386 5300 est,
1421 5251 1576 5304 quem
1612 5237 1690 5287 in-

141 5303 246 5370 ira,
281 5321 333 5373 p.
366 5303 492 5364 ΞΠ),
526 5304 727 5374 capri.
763 5307 1078 5362 nominatim
1109 5308 1356 5374 appellat,
1383 5303 1542 5359 homo
1570 5321 1690 5358 acer

141 5391 205 5427 ac
232 5371 541 5433 vehemens,
571 5371 663 5442 qui
691 5388 810 5428 eum
842 5376 892 5426 in
923 5371 1160 5429 fraudein
1182 5371 1191 5374 ’
1212 5378 1277 5427 ab
1312 5377 1528 5429 oraculo
1557 5388 1689 5441 quo-

142 5446 268 5496 dam
300 5442 551 5494 inductus
574 5451 735 5506 esset,
767 5445 1107 5497 oraculorum
1144 5446 1367 5499 istorum
1399 5445 1686 5498 vanitatem

144 5512 389 5564 omnium
422 5511 477 5578 in
506 5509 679 5563 oculis
703 5511 931 5578 deligere
961 5515 1162 5566 statuit.

217 5581 328 5648 (44)
360 5577 600 5641 Γοήτων
627 5577 833 5653 φοράν.
860 5581 1273 5653 lta_omnes.._At
1292 5597 1407 5653 pag.
1426 5581 1546 5642 2ίῦ,
1567 5595 1612 5633 c.
1633 5580 1687 5645 2,

145 5646 280 5701 alter
309 5646 386 5700 ex
430 5655 678 5716 rman‘usc.
711 5648 869 5700 habet
908 5647 1127 5714 φθορᾶς.
1170 5646 1469 5716 Utrumque
1513 5657 1686 5701 tamen

144 5715 537 5786 repudiandum
571 5716 777 5768 videtur
806 5728 858 5770 et
887 5719 1198 5769 mutandum
1230 5720 1283 5771 in
1316 5721 1516 5786 φωρᾶς.
1561 5718 1689 5782 Qum

142 5785 746 5854 vox,pra:stigiatorum_
796 5786 1258 5854 investigationem
1310 5798 1354 5837 et
1406 5785 1560 5854 quasi
1596 5790 1687 5840 ἀε-

142 5855 559 5922 prehensionem
583 5852 862 5922 signiﬁcat.
899 5853 1178 5919 Quomodo
1210 5856 1337 5926 legit
1364 5852 1681 5910 'I‘lieodoret.

1796 4698 1916 4761 fuit,
1954 4695 2303 4765 quamobrem
2349 4694 2412 4746 ad
2455 4693 2660 4761 aliquot
2691 4693 2806 4746 dies
2855 4700 3079 4745 mortem
3132 4689 3340 4744 Socrati

1795 4789 2116 4843 distulerint.
2149 4785 2429 4853 Ejusmodi
2461 4799 2774 4852 responsum
2807 4799 2833 4834 a
2870 4782 3166 4835 recentiore
3201 4799 3340 4850 quo-

1792 4881 1936 4943 dam,
1977 4879 2065 4946 qui
2097 4877 2308 4944 longam
2340 4876 2701 4927 maleﬁcorum
2735 4874 2927 4925 seriem
2961 4874 3222 4943 singulari
3276 4875 3340 4926 li-

1793 4973 1892 5024 bro
1922 4970 2108 5030 texuit,
2136 4981 2242 5019 non
2283 4966 2595 5032 producitur
2625 4963 2803 5026 modo,
2835 4965 2924 5016 sed
2993 4966 3151 5017 etiam
3183 4980 3336 5033 pera—

1793 5066 1866 5115 cri
1925 5078 1984 5114 ac
2033 5059 2254 5111 robusta
2304 5055 2669 5122 disputatione
2723 5055 2986 5108 luculente
3048 5057 3332 5110 admodum

1794 5244 1883 5296 lib.
1916 5258 1967 5294 γι
2001 5243 2070 5293 De
2094 5239 2300 5292 (ἔτινεον
2331 5241 2615 5306 (ιηἐειίοηη
2645 5255 2694 5304 ρ.
2721 5238 2800 5290 86.
2835 5238 2923 5296 22,
2954 5239 3040 5290 ubi
3066 5239 3129 5306 de
3155 5236 3334 5289 (Iino-

1792 5328 1914 5365 mao
1949 5331 1958 5364 :
1993 5311 2099 5362 Kal.
2138 5309 2197 5360 τὸ
2235 5310 2329 5377 μὲν
2374 5305 2724 5377 ξυγγραμμα,
2762 5309 2953 5376 inquit,
2989 5305 3176 5377 Φωρὰν
3204 5309 3331 5377 γοή-

1791 5399 1896 5432 των
1923 5380 2188 5446 ὠνόμασε,
2219 5373 2267 5429 id
2299 5373 2398 5440 est,
2432 5373 2494 5428 de
2515 5373 2671 5428 suam
2704 5373 3002 5446 illud—opus,
3030 5373 3335 5446 Ριγεειίρὶαι

1793 5464 1961 5503 torum
1986 5444 2430 5514 deprehensionem
2458 5448 2741 5510 inscripsit.
2765 5445 2872 5496 Erit
2897 5445 3057 5508 igitur
3081 5444 3187 5503 hic,
3206 5447 3334 5514 γοήέ

1789 5537 1894 5572 των
1918 5513 2100 5586 φωρὰν
2121 5518 2176 5566 ἐν
2202 5518 2380 5582 οἰκείῳ
2438 5518 2820 5584 συγγράμματι
2847 5514 3220 5586 πεποιημένος,
3239 5513 3332 5586 qui

1789 5581 2043 5657 peculiari
2066 5581 2664 5661 lihrqprmstigiatorum
2684 5581 3156 5661 deprehensionem
3176 5584 3329 5661 i_nst_i—

1790 5653 1922 5718 iuit;
1951 5667 2004 5720 et
2028 5671 2143 5724 pag.
2180 5655 2302 5718 913,
2335 5656 2399 5705 τὰ
2419 5656 2558 5706 κατὰ
2585 5655 2681 5720 τῆς
2702 5653 2804 5724 τῶν
2826 5653 3030 5724 γοήτων
3054 5654 3254 5719 εωρᾶς,
3275 5654 3329 5705 in

1791 5745 1886 5782 sua
1922 5729 2007 5779 illa
2031 5721 2493 5792 'Prwstigiatorum
2543 5721 2934 5792 deprehensione
2972 5725 3333 5787 persequitur,

1791 5745 1886 5782 sua
1922 5739 2007 5779 tlla
2039 5739 2493 5792 t'nrsttgtator'tm
2543 5739 2602 5774 ae
2645 5739 2934 5770 renenstane
2972 5739 2976 5785 π

1789 5810 1838 5852 ει
1869 5814 1918 5865 ρ.
1952 5796 2077 5860 9.54,
2112 5795 2199 5847 ubi
2234 5796 2416 5848 eadem
2444 5807 2562 5862 quae
2591 5739 2976 5843 ἣρωσι-ειυς.
