4044 6334
58 333 164 390 359
733 348 746 367 ι·
794 387 814 404 .
887 369 894 378 -
1330 352 1644 407 PREPAR.
1686 348 1930 404 EVANG.
1958 349 2079 403 LIB.
2114 349 2174 401 ν.
3181 344 3284 403 370

59 451 351 519 ἀσάφειαν
403 458 512 530 γὰρ
539 459 650 531 ἔχει
690 464 886 535 πολλὴν
916 466 983 518 τὰ
1007 464 1312 535 ἀνθρώπεια
1347 467 1448 537 ἤθη
1468 485 1483 497 υ
1520 470 1616 520 ὂπο

1752 467 1820 520 ob
1857 465 2076 518 nimiam
2113 477 2322 516 morum
2364 463 2719 514 humanorum
2759 463 3134 518 obscuritatem
3176 483 3278 519 non

58 543 114 597 δέ
145 562 244 614 μοι
287 550 366 601 ὲκ
417 553 736 620 Κολοφῶνος
784 554 1006 624 ἄμεινον
1053 541 1394 624 πορεύεσθαι,
1445 559 1544 609 οὐκ
1572 558 1620 610 ἔθ

1749 564 2000 624 poteras:
2050 567 2160 620 quo
2195 566 2278 603 me
2310 550 2525 619 quidem
2557 550 2866 618 Colophone
2892 553 3156 620 proﬁcisci
3197 570 3284 608 sa:-

53 632 238 697 οὖτως
304 637 521 705 ἀφανὲς
566 639 643 707 τῷ
697 638 834 708 Θεῷ·
890 641 983 693 Ἐκ
1023 644 1453 712 τανυστρόφοιο
1495 645 1620 698 λάα.

1747 647 1856 700 tius
1890 653 2054 708 esset,
2090 645 2142 696 in
2171 645 2274 696 hoc
2308 657 2413 695 non
2443 657 2613 710 usque
2641 642 2770 696 adeo
2797 645 3101 698 czecuticbat
3128 647 3279 701 deus.

52 724 432 794 U;£r6‘drnr;
473 729 582 794 ἱεὶς
607 728 790 797 ἀνὴρ,
820 730 1010 799 χῆνας
1045 732 1264 801 ἐνάριζε
1297 735 1620 797 ,βουλαῖσιν

1748 736 2043 806 Gyrocaga,
2087 735 2284 802 inquit,
2324 733 2518 800 lapides
2553 733 2715 801 funda
2754 736 3030 798 excutiens,
3080 753 3282 791 anseres

50 817 412 891 ἀσπέτους,
439 823 811 890 ποιηὸόρους.
854 823 990 886 Τοὺς
1021 824 1074 876 δὲ
1107 827 1390 890 ἀσπέτους,
1436 828 1619 898 ποιηϐὀ

1746 827 2028 894 prudenter
2070 825 2323 892 interﬁce,
2363 824 2655 888 immensos,
2702 825 3007 878 lierbiuoros.
3056 825 3278 880 Immen-

54 924 185 979 ρους
219 911 415 978 χῆνας
442 912 523 974 τίς
556 929 644 980 μοι
674 911 911 982 μηνύσεε
930 915 958 965 ὃ
979 915 1030 964 τί
1058 932 1185 966 ποτε
1212 916 1458 983 λέγουσι;
1488 918 1568 980 τίς
1595 920 1620 970 δ

1749 930 1840 972 sos
1899 925 2078 968 autem
2136 915 2278 978 illos,
2334 923 2492 983 atque
2527 913 2838 969 lierbivoros
2877 931 3111 978 anseres,
3146 933 3282 985 quos

51 1002 152 1070 τὴν
189 1004 586 1075 τανύστροφον
612 1005 904 1074 σφενδόνην
929 1022 944 1070 ;
983 1008 1041 1059 '0
1063 1008 1402 1078 Ἀμφίλοχος,
1433 1009 1465 1078 ἢ
1488 1011 1515 1060 6
1537 1011 1620 1062 Δω

1746 1004 1833 1059 isti
1868 1005 2094 1059 tandem
2120 1005 2574 1075 intelligant;quis
2605 1005 2884 1059 edisseret?
2899 1007 3034 1080 \quis
3063 1007 3281 1060 fundam

51 1091 324 1158 εωναῖος,
359 1095 394 1164 ἢ
428 1096 492 1148 σὺ
527 1098 587 1148 ὲν
613 1095 853 1164 Δελφεῖς,
886 1100 935 1150 εὶ
966 1100 1253 1171 γενοίμηνς
1281 1103 1390 1156 Οὐκ
1430 1102 1620 1170 ἀπάγξ

1743 1113 1908 1166 porro
1939 1098 2138 1167 ingenti
2179 1113 2308 1167 gyro
2337 1098 2749 1151 circumactam?
2783 1096 2970 1150 Utrum
3008 1100 3279 1166 Amphilo-

55 1189 163 1226 που
192 1177 467 1231 απελθὼν
492 1181 556 1249 τῇ
581 1186 931 1252 τανυστρόφῳ
959 1183 1210 1254 σφενδόνῃ
1234 1185 1370 1252 μετὰ
1389 1185 1482 1237 τοῦ
1499 1185 1619 1238 ἀδια

1745 1188 1899 1251 cbus,
1937 1203 2004 1242 an
2038 1187 2340 1242 Dodonaeus
2374 1189 2592 1259 aliquis?
2639 1206 2703 1244 an
2741 1199 2797 1244 tu
2827 1192 2940 1260 ipse
2967 1189 3200 1260 Delphis,
3233 1192 3279 1245 si

52 1268 257 1336 νοήτου
299 1270 638 1339 ποιήματος’;
682 1290 702 1323 ι
747 1273 906 1326 Ἀλλὰ
947 1274 1055 1346 γὰρ
1099 1277 1300 1329 τούτων
1330 1269 1430 1331 ὦδε
1466 1276 1617 1345 ὲληλε

1744 1292 1828 1329 me
1855 1277 1963 1330 illic
1994 1276 2266 1331 sisterent?
2287 1276 2426 1342 Quin
2459 1288 2515 1332 tu
2549 1279 2747 1332 malum
2777 1280 2876 1332 hac
2901 1288 2990 1332 tua
3019 1294 3278 1349 gyrovaga

51 1360 314 1429 γμένων,
349 1362 465 1434 ὥρα
499 1364 724 1417 συνιδεῖν
758 1361 912 1428 αὖθις
949 1365 1180 1428 ἄνωθεν,
1215 1368 1360 1430 ὅπως
1385 1368 1509 1429 τοὺς
1543 1384 1619 1421 πα

1745 1366 1911 1421 funda
1944 1367 2122 1437 gulam
2157 1367 2250 1420 tibi
2301 1366 2525 1437 frangis,
2562 1384 2684 1422 cum
2727 1378 2819 1422 tuo
2855 1372 2957 1424 isto
2995 1370 3278 1439 inexplica-

52 1450 366 1516 λαιτάτους
411 1457 687 1524 χρησμοὺς
731 1458 852 1518 τοὺς
892 1460 949 1513 ὲν
990 1458 1210 1525 Δελφοῖς
1256 1459 1283 1509 6
1327 1459 1486 1521 αὐτὸς
1537 1461 1620 1511 ἀπ

1743 1458 1835 1511 bili
1868 1458 2144 1511 carmine?
2191 1476 2210 1508 ι
2254 1457 2357 1511 Sed
2403 1474 2498 1528 age
2527 1459 2638 1526 jam
2681 1457 2871 1530 horum
2920 1459 3281 1514 confutationc

54 1543 309 1613 ελέγχει,
326 1548 450 1607 τοὺς
470 1546 532 1617 δὴ
570 1548 796 1617 μάλιστα
823 1551 878 1599 ὲν
903 1549 1364 1618 ταῖςἘλληνικαῖς
1386 1550 1620 1619 ἱστορίαις

1743 1550 2042 1618 praemissa,
2077 1551 2443 1604 vetustissima
2488 1549 2806 1618 Delphorum
2856 1554 3094 1615 oracula,
3136 1568 3280 1621 qua:-

53 1634 540 1707 θαυμαζομένους.
580 1639 748 1701 Πολὺς
771 1636 836 1709 ἦν
883 1642 910 1692 6
953 1639 1174 1708 Περσῶν
1216 1639 1442 1711 στρατὸς
1477 1639 1620 1690 ὠπλιη

1741 1654 1845 1709 que
1894 1639 2093 1694 Graecis
2124 1642 2419 1708 prtesertim
2467 1642 2704 1696 historiis
2736 1643 2800 1696 ad
2833 1643 3149 1697 miraculum
3191 1661 3279 1698 us-

56 1726 266 1797 σμὲνος
312 1730 453 1782 κατᾶ
510 1731 800 1800 Ἀθηναίων
827 1748 838 1760 ·
883 1732 988 1783 οὐδ’
1042 1728 1108 1802 ἦν
1141 1748 1224 1795 τις
1290 1733 1471 1793 αὐτοῖς
1507 1731 1620 1783 ἆλλτ

1740 1747 1845 1798 que
1881 1732 2239 1797 celebrantur,
2281 1748 2310 1786 e
2342 1734 2617 1800 superiore
2663 1736 2917 1789 memoria
2953 1746 3274 1804 repetamus,

56 1819 350 1888 σωτηρίας
379 1820 551 1886 ἐλπὶς,
583 1821 612 1890 ἢ
651 1824 806 1892 μόνος
841 1825 868 1874 6
899 1822 1035 1887 θεός.
1074 1824 1134 1875 Οἳ
1166 1824 1248 1893 δὴ,
1284 1823 1467 1875 τοῦτον
1501 1825 1620 1876 ὅστι

1745 1834 1911 1888 eaque
1937 1820 2004 1874 ab
2046 1822 2229 1874 eodem
2271 1821 2722 1889 quemadmodum
2761 1825 3167 1893 redarguantur,
3200 1826 3280 1878 vi-

48 1902 119 1976 ἦν
138 1921 165 1947 ι
204 1910 438 1974 εἰδότες,
473 1913 561 1964 τὸν
593 1913 815 1984 πάτριον
843 1915 1054 1984 ἀρωγὸν
1077 1915 1452 1968 ἐπεκαλοῦντο.
1495 1915 1550 1966 Ὀ
1581 1916 1620 1965 ἐπ

1738 1913 1980 1966 deamus.
2039 1909 2325 1967 Persarum
2371 1913 2556 1982 ingens
2608 1915 2864 1970 adversus
2924 1916 3276 1976 Athenienses

51 2000 290 2068 Δελφοῖς
336 2003 604 2058 Ἀπόλλων
635 2001 701 2076 ἦν
735 2002 900 2068 οὗτος.
936 2007 999 2058 Tt'
1045 2003 1134 2059 οὖν
1160 2009 1187 2058 6
1215 2006 1520 2076 θαυμαστὸς
1548 1999 1636 2059 οὗ-

51 2089 364 2165 τος;⁷Δρά
394 2113 454 2163 γε
482 2096 588 2149 τῶν
616 2097 824 2150 οἰκείων
863 2098 1230 2167 ὑπερεμάχει;
1275 2093 1421 2168 ’(Αρο.
1458 2097 1638 2166 λοιϐῆς

52 2186 145 2237 καὶ
169 2188 411 2258 κνῖσσης
434 2191 456 2240 ὲ
466 2190 532 2259 μέ
542 2207 726 2258 μνητο,
758 2191 850 2243 καὶ
875 2184 950 2244 ὧν
968 2189 1116 2259 αὐτῴ
1140 2189 1381 2258 συνήθως
1423 2189 1636 2242 ἐτέλουν

48 2278 148 2340 τὰς
169 2279 492 2350 ἑκατόμϐας
519 2280 830 2343 ἐπιθύοντες
857 2298 870 2346 ;
911 2281 1201 2351 Οὺμενοῦν.
1250 2280 1406 2332 Ἀλλὰ
1437 2281 1487 2331 τί
1528 2296 1634 2349 φη-

53 2385 173 2433 σιν;
209 2371 440 2439 φεύγειν
473 2413 486 2434 ,
519 2373 610 2424 καὶ
643 2370 858 2440 φεύγειν
877 2373 1082 2438 ξύλινον
1109 2376 1281 2443 τεῖγος
1297 2389 1636 2442 παρασκευα-

51 2460 333 2529 σαμένους
390 2461 408 2531 (
428 2461 567 2516 οὕτω
605 2463 665 2515 τὸ
696 2465 942 2520 ναυτικὸν
975 2463 1145 2534 δηλῶν
1180 2467 1233 2535 ),
1274 2465 1338 2516 δι’
1373 2458 1431 2518 οὗ
1473 2464 1631 2534 μόνου

51 2552 220 2620 φησὶν
250 2554 451 2617 αὐτοὺς
491 2555 868 2622 σωθήσεσθαι,
904 2557 1002 2626 τῆς
1061 2557 1263 2619 πόλεως
1303 2555 1633 2626 ἐμπρησθεί-

51 2658 172 2710 σης.
202 2644 270 2694 Ὤ
308 2644 546 2716 μεγάλης
577 2645 698 2699 θεοῦ
739 2646 1005 2717 βοηθείας.
1038 2644 1168 2700 Εἶτα
1216 2648 1525 2718 πολιορκίαν
1570 2645 1628 2698 οὐ

56 2735 216 2806 μόνον
237 2737 350 2790 τῶν
371 2738 543 2792 ἄλλων
561 2739 700 2792 κατὰ
722 2739 872 2790 πόλιν
895 2739 1359 2809 οἰκοδομημάτων,
1383 2739 1516 2792 ἀλλὰ
1539 2741 1631 2792 καὶ

56 2824 236 2878 ,ιὺτῶν
282 2828 390 2880 τῶν
429 2833 540 2891 τοῖς
567 2828 706 2892 θεοῖς
727 2830 1111 2900 ἀφιερωμένων
1155 2831 1439 2901 προλέγειν
1472 2830 1629 2899 δῆθεν

60 2921 458 2986 προσποιεῖται.
493 2919 658 2971 Τοῦτο
683 2919 737 2970 δὲ
763 2920 854 2971 καὶ
883 2918 1005 2989 δίχα.
1033 2920 1280 2991 χρησμοῦ
1321 2923 1429 2981 τοῖς
1464 2921 1628 2973 πᾶσιν

53 3007 115 3061 ἐκ
147 3005 250 3075 τῆς
288 3008 394 3060 τῶν
433 3008 700 3078 πολεμίων
746 3008 933 3076 ἐφόδου
990 3009 1287 3078 προσδοκᾷν
1309 3006 1394 3078 ἦν.
1428 3009 1626 3063 Εἱκότα

58 3096 186 3165 δῆτα
224 3099 392 3150 ποιῶν
423 3103 450 3152 ὁ
484 3100 844 3170 συγγραφεὺς,
885 3098 1155 3162 διαπαίζει
1186 3099 1342 3152 πάλιν
1374 3098 1469 3168 τὴν
1506 3098 1620 3151 Ἐλ-

1726 3099 1934 3154 diendze
1976 3101 2236 3156 rationem
2289 3116 2409 3155 esse
2457 3102 2682 3156 dicebat.
2740 3101 3056 3157 Praeclarum
3098 3103 3268 3156 enim-

58 3189 287 3260 ληνικὴν
321 3192 532 3260 ἀπάτην
561 3192 855 3266 ἐξελέγχων
886 3193 942 3246 ἐν
969 3190 1195 3253 τούτοις,

1728 3207 1853 3244 vero
1894 3193 2133 3246 numinis
2179 3193 2460 3246 auxilium.
2498 3191 2696 3246 Deinde
2748 3209 2852 3247 non
2894 3194 3122 3247 aliorum
3154 3203 3269 3248 tan—

59 3288 169 3332 tum
224 3282 377 3335 urbis
419 3284 790 3345 rediticiorum,
829 3284 922 3338 sed
970 3297 1155 3336 eorum
1209 3295 1425 3350 quoque
1470 3280 1692 3344 scilicet,
1763 3295 1882 3348 quze
1951 3297 2104 3334 sacra
2163 3281 2266 3334 diis
2335 3291 2507 3345 erant,
2566 3291 2765 3349 pcstcm
2814 3299 2868 3336 se
2923 3283 3072 3353 fingit
3119 3283 3263 3338 exei-

58 3372 319 3442 diumque
352 3374 658 3442 praedicere.
704 3375 866 3444 Atqui
895 3376 1027 3430 satis
1060 3375 1111 3429 id
1154 3375 1236 3429 vel
1296 3389 1362 3428 ex
1431 3375 1545 3441 ipsa
1613 3373 1846 3426 hostium
1898 3372 2268 3444 impressione,
2321 3373 2452 3427 eitra
2498 3373 2664 3428 ullum
2727 3375 3023 3436 oraculum,
3076 3389 3267 3445 exspe—

60 3466 190 3521 ctari
222 3468 416 3534 potuit.
460 3465 642 3534 Itaque
673 3466 794 3533 jure
835 3467 1076 3537 profecto
1140 3475 1324 3522 noster
1363 3465 1451 3520 ille
1490 3467 1721 3535 scriptor
1765 3468 1906 3520 hunc
1948 3481 2134 3519 rursus
2198 3464 2508 3524 Graecorum
2574 3481 2810 3520 errorem
2868 3466 3035 3535 lepide
3091 3483 3151 3520 ac
3190 3467 3267 3522 fa-

59 3573 177 3616 cete
214 3562 304 3617 bis
345 3561 526 3617 verbis
559 3561 732 3637 illudit
766 3580 778 3614 :

558 3655 945 3709 ΚΕΦΑΛΛΙΟΝ
990 3656 1112 3715 KA'.

67 3745 177 3798 ’Ὁτι
204 3745 400 3813 μηδὲν
426 3745 742 3813 δυνάμενοι
764 3745 1011 3812 ,ϐοηθεῖν
1031 3747 1098 3798 ἐν
1126 3746 1250 3811 ταῖς
1278 3746 1394 3798 τῶν
1439 3747 1619 3799 πολέ-

124 3833 253 3883 μων
281 3816 650 3882 συμφοραῖς,
683 3815 754 3868 δι’
790 3818 1129 3884 ἀμφιϐόλων
1164 3816 1449 3885 χρησμῶν
1485 3818 1620 3870 ἐσο-

1736 2005 2008 2081 exercitus
2039 2005 2092 2058 in
2124 2005 2288 2059 armis
2329 2014 2461 2059 crat.
2499 2004 2563 2059 Hi
2603 2022 2725 2060 cum
2761 2008 2954 2062 nullam
2982 2009 3084 2063 sibi
3126 2024 3274 2077 spem

1735 2097 1925 2151 salutis
1959 2097 2063 2151 nisi
2111 2097 2164 2149 in
2209 2113 2318 2152 uno
2357 2096 2456 2151 deo
2508 2097 2768 2168 reliquam
2816 2100 3075 2168 viderent,
3116 2116 3275 2170 quem

1736 2187 1836 2255 ipsi
1877 2201 1982 2240 non
2029 2187 2158 2257 satis
2217 2197 2492 2253 noverant,
2539 2190 2817 2245 tutelarem
2858 2200 3033 2246 tamen
3074 2207 3137 2246 ac
3178 2208 3273 2261 pa-

1735 2276 1897 2328 trium
1930 2274 2268 2329 defensorem
2314 2276 2651 2333 invocabant.
2692 2279 2954 2336 Nimirum
3001 2283 3046 2336 is
3087 2282 3274 2351 Apollo

1736 2369 2022 2439 Delphicus
2075 2379 2209 2425 erat.
2259 2368 2397 2435 Quid
2443 2385 2571 2440 ergo
2615 2371 2700 2424 hic
2747 2387 2943 2426 numen
2981 2372 3276 2440 egregium?

1732 2461 1812 2516 An
1848 2477 1946 2532 pro
1990 2477 2212 2516 suorum
2255 2463 2428 2516 salute
2472 2461 2769 2516 dimicavit?
2804 2463 2883 2515 An
2933 2463 3270 2526 libaminum,

1732 2557 1826 2602 aut
1865 2549 2090 2615 nidoris,
2129 2564 2195 2602 an
2236 2559 2549 2606 cmterorum
2587 2552 2845 2616 meminit,
2882 2567 2997 2620 qum
3030 2568 3184 2606 suum
3217 2553 3272 2606 in

1732 2645 2012 2708 honorem,
2052 2642 2394 2696 immolandis
2439 2658 2586 2696 more
2621 2643 2966 2713 institutoque
3006 2644 3272 2714 majorum

1732 2731 2092 2799 hecatombis,
2130 2733 2198 2787 ab
2228 2733 2292 2786 iis
2321 2733 2542 2787 fiebant?
2570 2732 2711 2787 Nihil
2751 2736 2946 2790 minus.
2980 2734 3116 2800 Quid
3147 2751 3272 2806 ergo

1717 2824 1906 2893 jubet?
1936 2823 2119 2893 fugere
2151 2840 2164 2875 :
2199 2825 2290 2879 sed
2317 2826 2387 2879 ita
2419 2825 2629 2894 fugere,
2665 2827 2741 2880 uti
2772 2827 2947 2895 ligneo
2979 2842 3133 2881 muro
3169 2828 3270 2895 (ita

1729 2930 1920 2984 nempe
1942 2916 2171 2969 classem
2206 2917 2459 2987 vocabat)
2487 2917 2552 2971 ad
2583 2917 2760 2987 fugam
2789 2927 3079 2972 uterentur:
3110 2928 3268 2990 atque

1727 3006 1867 3061 lianc
1917 3023 2102 3074 unam,
2149 3007 2475 3063 inflammata
2521 3009 2632 3079 jam
2677 3011 2850 3076 urbe,-
2879 3011 3068 3066 salutis
3111 3027 3268 3080 expe-

2171 3655 2331 3724 216
2371 3651 2595 3706 CAPUT
2641 3649 2824 3704 xxxv.

1727 3748 1858 3803 Cum
1899 3747 2030 3800 nihil
2070 3745 2191 3797 belli
2227 3745 2542 3813 temporibus
2579 3744 2689 3810 opis
2736 3743 2870 3809 ferre
2893 3747 3116 3813 possent,
3146 3756 3266 3813 suos

1796 3822 1859 3874 ab
1896 3820 1959 3870 iis
1988 3817 2197 3870 clientes
2232 3809 2390 3883 fuisse
2426 3809 2787 3880 responsorum
2817 3809 3152 3878 ambiguitate
3185 3809 3264 3861 de-

129 3886 362 3952 ;t'Coreo
387 3887 482 3937 καὶ
505 3886 747 3952 ἠπάτων
770 3888 901 3951 τοὺς
930 3889 1300 3954 πρόσφυγας.

136 3994 152 4024 ι
203 3975 360 4027 Ἀλλὰ
410 3974 480 4027 τὰ
512 3976 610 4044 μὲν
659 3977 876 4029 τοιαῦτα.
928 3977 1054 4038 ῖσως
1108 3975 1426 4030 ὲθελοκάκου
1474 3979 1615 4039 τινός

67 4065 231 4119 ἐστιν·
256 4069 438 4119 ἐκεῖνα
464 4067 760 4138 δεῖ-μᾶλλον
786 4072 863 4131 εἰς
894 4069 988 4138 τὴν
1016 4068 1193 4138 κρίσιν
1234 4071 1511 4139 προάγειν,
1547 4071 1613 4122 τὰ

69 4159 194 4226 πρὸς
250 4158 582 4230 Ἀθηναίους.
634 4158 740 4210 Καὶ
795 4158 857 4229 δὴ
901 4158 1134 4224 λεγέσθω
1174 4158 1242 4211 τὰ
1286 4160 1420 4229 πρὸς
1455 4159 1613 4229 Ἀθη-

69 4248 261 4312 ναίους.

65 4422 125 4480 Ὦ
148 4430 348 4497 μέλεοι
374 4429 504 4500 (58),
529 4431 587 4483 τί
617 4429 909 4497 κάθησθε;
939 4431 1116 4484 πόλιν
1161 4429 1358 4571 Semele
1370 4431 1613 4551 ίὶὲξῖγχατα

1334 4519 1369 4568 7'
1436 4518 1534 4564 ης·

1334 4517 1504 4568 γαίης
1522 4518 1534 4529 ο

1792 3891 1951 3940 lusos.

1801 3996 1820 4029 ι
1862 3978 1929 4031 At
1962 3979 2062 4031 ista
2102 3976 2261 4039 forte,
2319 3975 2512 4044 inquit,
2545 3973 2798 4029 malitiosi
2842 3973 3262 4043 praevaricatoris

1722 4069 1945 4131 fuerint,
1979 4069 2220 4138 adeoque
2256 4067 2583 4137 praestiterit,
2618 4065 2747 4135 quid
2780 4065 2848 4119 ab
2885 4066 3069 4119 eodem
3105 4065 3264 4118 Athe-

1724 4164 1940 4217 nienses
1967 4162 2212 4231 responsi
2244 4162 2481 4226 tulerint,
2516 4160 2569 4213 in
2609 4158 2954 4228 quaastioncm
2999 4173 3061 4212 ac
3091 4157 3262 4212 disce-

1719 4239 2011 4324 ptationem
2047 4268 2261 4308 vocare.
2296 4252 2404 4321 Age
2446 4267 2592 4322 ergo,
2625 4250 2924 4320 cuiusmodi
2953 4249 3166 4304 tandem
3200 4249 3260 4302 il-

1720 4346 1810 4399 lud
1838 4345 1926 4409 sit,
1978 4344 2273 4397 videamus.

1722 4435 1881 4504 Quid,
1903 4435 2327 4498 stolidi,ha:retis
2353 4437 2376 4488 ?
2418 4434 2608 4489 misera
2652 4434 2774 4503 quin
2808 4433 2988 4487 ceditis
3009 4431 3160 4484 urbe?

72 4570 202 4648 the
223 4569 344 4648 ,γὰρ
368 4571 406 4638 ἡ
435 4569 675 4648 αεξσαλῂ
688 4569 852 4648 μένει
873 4571 1143 4648 ἔμπεδος,
1174 4547 1312 4648 οὔτε
1341 4547 1612 4648 Gisgo,

1725 4572 1792 4626 Ut
1838 4574 1921 4625 cui
1953 4589 2052 4624 non
2085 4572 2309 4624 solidum
2345 4580 2493 4639 caput
2524 4585 2659 4637 (egro
2695 4571 2745 4648 in
2779 4584 2988 4648 corpore
3020 4575 3220 4648 surgat,

75 4643 144 4693 Ci)
169 4641 360 4710 χέρες,
395 4639 536 4693 οὐδὲ
564 4639 744 4704 πόδες
781 4639 992 4696 νέατοι.
1024 4646 1182 4696 Κατὰ
1228 4642 1333 4748 γάρ
1365 4657 1470 4738 μιγ
1518 4641 1614 4748 ξρ-

1372 4714 1381 4723 -
1410 4713 1444 4748 ιι
1518 4711 1544 4748 b

70 4778 183 4848 Πῦρ
201 4799 267 4835 τε
287 4779 386 4846 καὶ
418 4779 562 4846 ὀξὺς
596 4781 796 4846 Ἄρης,
827 4782 1140 4849 Συριγενὲς
1164 4711 1574 4849 ὁὶρμιμιί
1598 4798 1607 4808 ·

104 4903 124 4929 ⁸
146 4909 228 4961 γρ.
253 4893 378 4946 add.
396 4894 496 4947 οὐκ
569 4893 695 4947 δῖσ.
728 4874 950 4963 ἐρείψει.

128 4981 231 5054 (58)
271 4979 339 5036 Ὦ
371 4985 594 5053 μέλεοι.
637 4985 770 5041 Vide
799 4984 1124 5039 Theodoret.
1157 4986 1249 5040 lib.
1279 5002 1314 5039 ι
1355 4982 1432 5036 De
1465 4981 1612 5036 Grie-

70 5065 162 5129 cor.
184 5054 504 5129 aﬂ'ectiqnib.
535 5055 738 5128 Pythiae
783 5071 1097 5129 responsum
1130 5059 1244 5129 _h_oc
1274 5064 1374 5120 est,
1407 5055 1612 5129 ΑΓίὲμῖ

73 5124 200 5179 uices
246 5124 484 5188 nomine,
516 5124 594 5179 αι’
615 5129 803 5182 scribit
832 5125 1088 5180 llerodot.
1129 5127 1223 5184 lib.
1258 5139 1349 5188 vn,
1396 5139 1447 5190 p.
1484 5124 1609 5189 487,

72 5192 146 5265 ubi
186 5193 545 5265 Athenienses
590 5195 811 5253 Gracia
862 5197 1108 5265 σωτῆρας
1155 5196 1403 5264 θρβειιεῑ.
1429 5196 1608 5265 quod.

73 5257 429 5333 frementibus.
458 5262 582 5318 licet
626 5268 968 5321 oraculorum
993 5257 1159 5319 initiis
1187 5257 1348 5333 atque
1388 5257 1610 5316 terrori-

73 5329 173 5403 bus,
192 5333 537 5403 invadentem
565 5333 771 5403 hostem
798 5337 1007 5391 fortiter
1033 5329 1387 5403 excepissent.
1417 5333 1607 5403 Magna

73 5399 117 5452 in
167 5402 392 5475 oraculo
441 5399 744 5475 diversitas.
775 5407 833 5459 ln
863 5409 1039 5475 primo
1067 5399 1221 5475 versu
1249 5401 1420 5455 λιπὼν
1453 5399 1606 5475 φεθῇ

73 5482 152 5538 pro
196 5472 348 5525 πόλιν
386 5469 594 5539 φύγετ’.
647 5469 926 5531 Secundus
977 5479 1116 5548 apud
1169 5474 1420 5529 Herodot.
1455 5469 1607 5526 addi-

74 5552 176 5596 tur:
943 5596 945 5598 .

103 5613 355 5686 ῥώματα,
387 5610 488 5686 real
520 5612 727 5686 πόλιος
749 5615 1113 5683 τροχοειδέος
1140 5617 1292 5686 ἄκρα
1319 5615 1565 5682 κάρηνα.

77 5675 285 5754 ’[(ξτίὶυδ.
317 5685 412 5752 qui
445 5675 719 5754 Herodoto
742 5675 1005 5754 quartus:

77 5750 203 5806 Οὔτε
224 5750 406 5821 πόδες
427 5753 654 5823 νέατος,
676 5750 794 5810 οὔτ’
809 5753 893 5817 ὧν
905 5756 1092 5825 χέρες,
1117 5759 1250 5813 οὔτε
1277 5777 1325 5812 τι
1349 5757 1597 5824 μέσσης.

1721 4643 1841 4696 Non
1870 4645 2095 4711 palntes,
2128 4644 2317 4693 imosve
2344 4643 2493 4708 pedes
2527 4656 2622 4691 sua
2655 4639 2840 4690 robora
2867 4639 3091 4704 ﬁrment.

1719 4780 1956 4848 Namque
1987 4777 2138 4830 illam
2172 4776 2400 4842 ﬂamma:
2434 4772 2709 4842 Syriosque
2734 4773 2787 4824 in
2826 4773 3009 4842 praelia
3040 4787 3222 4827 currus

1714 4980 1850 5033 Hinc
1880 4975 2101 5044 quintus
2131 4974 2375 5044 sequitur
2405 4993 2416 5028 :

1715 5041 2006 5108 Λείπεται,
2028 5046 2162 5098 ἀλλ’
2190 5043 2377 5111 ἄζηλα
2401 5042 2586 5104 πέλει,
2604 5041 2751 5094 κατὰ
2772 5041 2880 5111 γάρ
2895 5058 3001 5111 μιν
3021 5041 3257 5108 ἐρείπει,

1712 5130 1875 5182 recte,
1903 5133 2007 5171 non
2037 5115 2245 5237 έρριῒε,
2265 5125 2322 5168 ut
2349 5114 2455 5166 hic.
2480 5111 2737 5177 Quartus,
2758 5111 3025 5166 Herodoto
3051 5119 3254 5188 sextus,

1712 5191 1872 5237 habet
1901 5202 2156 5237 συοιτιγεν
2189 5203 2236 5237 c.
2266 5183 2457 5237 melius
2484 5197 2646 5237 uuam
2676 5181 2970 5237 συοιγενές.
3005 5177 3254 5237 Quintus.

1712 5177 1873 5243 habet
1901 5177 2238 5256 ωριηῆκὲνές,
2266 5183 2457 5238 melius
2484 5197 2646 5251 quam
2676 5181 2970 5253 συριγενές.
3005 5177 3255 5245 Quintus,

1711 5258 1979 5314 Herodoto
2000 5257 2275 5326 septimus
2299 5271 2310 5305 :

1710 5328 1912 5383 Πολλὰ
1948 5325 2015 5378 δὲ
2054 5317 2224 5380 ἑάλω
2247 5320 2463 5378 ἀπολεῖ
2483 5323 2852 5392 πυργώματα,
2880 5320 2989 5372 κού
3014 5317 3099 5459 [τό
3144 5318 3256 5370 σύν

3037 5406 3067 5440 ο
3095 5406 3181 5442 ον.

3037 5406 3181 5442 οιον.

1708 5468 1837 5524 Post
1870 5467 2082 5536 δείματι
2111 5463 2454 5536 παλλόμενοι,
2486 5463 2672 5536 addit:

1713 5581 1726 5595 .
1772 5579 1784 5591 .
1824 5575 1842 5592 .
1878 5533 2036 5591 κατὰ
2066 5536 2118 5587 δ’
2139 5533 2480 5603 ἀκροτάτοις
2510 5533 2755 5599 ὀρόφοισ
2758 5548 2776 5582 ι
2850 5601 2856 5603 λ
3093 5548 3115 5603 ᾖ

1707 5605 1860 5677 Αᾷια
1902 5606 2096 5678 μέλαν
2145 5600 2388 5674 κέχυται
2431 5604 2670 5672 προϊδὸν
2711 5601 3032 5668 κακότητος
3062 5600 3250 5741 [ἀνάγ-

3087 5688 3216 5734 acac.

3087 5688 3216 5734 xaq.

1721 5751 1877 5805 Ἀλλ’
1897 5748 2021 5802 ἴτον
2037 5746 2102 5813 ἐξ
2113 5745 2382 5820 εὰδύτοιο,
2407 5742 2606 5810 κακοῖς
2629 5741 3030 5814 δίὲπικίδιοτε
3046 5744 3247 5804 θυμόν.
