  <div class='ocr_page' id='page_1' title='image "/cluster/home/n/w/nwhite01/storage/ocr_20150623/21/pst.000004029076/195.png"; bbox 0 0 3976 6340; ppageno 0'>
   <div class='ocr_carea' id='block_1_1' title="bbox 703 421 805 475">
    <p class='ocr_par' dir='ltr' id='par_1_1' title="bbox 703 421 805 475">
     <span class='ocr_line' id='line_1_1' title="bbox 703 421 805 475; baseline 0.01 -1"><span class='ocrx_word' id='word_1_1' title='bbox 703 421 805 475; x_wconf 74' lang='lat'><strong>375</strong></span> 
     </span>
    </p>
   </div>
   <div class='ocr_carea' id='block_1_2' title="bbox 702 535 2161 613">
    <p class='ocr_par' dir='ltr' id='par_1_2' title="bbox 702 535 2161 613">
     <span class='ocr_line' id='line_1_2' title="bbox 702 535 2161 613; baseline 0.002 -28"><span class='ocrx_word' id='word_1_2' title='bbox 702 535 980 613; x_wconf 42' lang='lat' dir='ltr'><strong>Adversum</strong></span> <span class='ocrx_word' id='word_1_3' title='bbox 1010 535 1131 588; x_wconf 80' lang='lat' dir='ltr'><strong>huic</strong></span> <span class='ocrx_word' id='word_1_4' title='bbox 1158 539 1313 613; x_wconf 71' lang='lat' dir='ltr'><strong>etiam</strong></span> <span class='ocrx_word' id='word_1_5' title='bbox 1350 554 1457 590; x_wconf 77' lang='lat' dir='ltr'><strong>sese</strong></span> <span class='ocrx_word' id='word_1_6' title='bbox 1491 538 1680 613; x_wconf 51' lang='lat' dir='ltr'><strong>inferat</strong></span> <span class='ocrx_word' id='word_1_7' title='bbox 1707 539 1890 613; x_wconf 69' lang='lat' dir='ltr'><strong>hostis,</strong></span> <span class='ocrx_word' id='word_1_8' title='bbox 2016 611 2025 613; x_wconf 84' lang='lat'><em>_</em></span> <span class='ocrx_word' id='word_1_9' title='bbox 2156 607 2161 613; x_wconf 20' lang='grc' dir='ltr'><em>ι</em></span> 
     </span>
    </p>
   </div>
   <div class='ocr_carea' id='block_1_3' title="bbox 701 602 2069 676">
    <p class='ocr_par' dir='ltr' id='par_1_3' title="bbox 701 602 2069 676">
     <span class='ocr_line' id='line_1_3' title="bbox 701 602 2069 676; baseline 0.004 -20"><span class='ocrx_word' id='word_1_10' title='bbox 701 602 901 673; x_wconf 80' lang='lat' dir='ltr'><strong>Quippe</strong></span> <span class='ocrx_word' id='word_1_11' title='bbox 929 607 1106 674; x_wconf 82' lang='lat' dir='ltr'><strong>iugem</strong></span> <span class='ocrx_word' id='word_1_12' title='bbox 1132 609 1456 676; x_wconf 61' lang='lat' dir='ltr'><strong>equitum-ac</strong></span> <span class='ocrx_word' id='word_1_13' title='bbox 1489 609 1726 676; x_wconf 73' lang='lat' dir='ltr'><strong>peditum</strong></span> <span class='ocrx_word' id='word_1_14' title='bbox 1750 609 1824 662; x_wconf 84' lang='lat' dir='ltr'><strong>vis</strong></span> <span class='ocrx_word' id='word_1_15' title='bbox 1855 611 2069 676; x_wconf 75' lang='lat' dir='ltr'><strong>ingruit.</strong></span> 
     </span>
    </p>
   </div>
   <div class='ocr_carea' id='block_1_4' title="bbox 660 718 2258 794">
    <p class='ocr_par' dir='ltr' id='par_1_4' title="bbox 660 718 2258 794">
     <span class='ocr_line' id='line_1_4' title="bbox 660 718 2258 794; baseline 0.004 -23"><span class='ocrx_word' id='word_1_16' title='bbox 660 761 665 767; x_wconf 92' lang='lat'><strong>.</strong></span> <span class='ocrx_word' id='word_1_17' title='bbox 702 720 834 773; x_wconf 84' lang='lat' dir='ltr'><strong>Mari</strong></span> <span class='ocrx_word' id='word_1_18' title='bbox 880 735 1010 774; x_wconf 90' lang='lat' dir='ltr'><strong>vero</strong></span> <span class='ocrx_word' id='word_1_19' title='bbox 1035 718 1148 774; x_wconf 89' lang='lat' dir='ltr'><strong>non</strong></span> <span class='ocrx_word' id='word_1_20' title='bbox 1199 731 1342 776; x_wconf 88' lang='lat' dir='ltr'><strong>terra</strong></span> <span class='ocrx_word' id='word_1_21' title='bbox 1387 721 1565 794; x_wconf 82' lang='lat' dir='ltr'><strong>fugam</strong></span> <span class='ocrx_word' id='word_1_22' title='bbox 1614 726 1919 780; x_wconf 75' lang='lat' dir='ltr'><strong>suaderem.</strong></span> <span class='ocrx_word' id='word_1_23' title='bbox 1951 725 2258 779; x_wconf 81' lang='lat' dir='ltr'><strong>Ridiculum</strong></span> 
     </span>
    </p>
   </div>
   <div class='ocr_carea' id='block_1_5' title="bbox 700 810 2259 881">
    <p class='ocr_par' dir='ltr' id='par_1_5' title="bbox 700 810 2259 881">
     <span class='ocr_line' id='line_1_5' title="bbox 700 810 2259 881; baseline 0.003 -18"><span class='ocrx_word' id='word_1_24' title='bbox 700 813 844 864; x_wconf 87' lang='lat' dir='ltr'><strong>enim</strong></span> <span class='ocrx_word' id='word_1_25' title='bbox 897 810 1056 874; x_wconf 83' lang='lat' dir='ltr'><strong>foret,</strong></span> <span class='ocrx_word' id='word_1_26' title='bbox 1105 813 1351 868; x_wconf 83' lang='lat' dir='ltr'><strong>homines</strong></span> <span class='ocrx_word' id='word_1_27' title='bbox 1381 825 1433 867; x_wconf 89' lang='lat' dir='ltr'><strong>et</strong></span> <span class='ocrx_word' id='word_1_28' title='bbox 1476 817 1648 870; x_wconf 64' lang='grc' dir='ltr'><strong>(τίειςεο</strong></span> <span class='ocrx_word' id='word_1_29' title='bbox 1693 817 2011 881; x_wconf 79' lang='lat' dir='ltr'><strong>instructos,</strong></span> <span class='ocrx_word' id='word_1_30' title='bbox 2040 825 2092 869; x_wconf 86' lang='lat' dir='ltr'><strong>et</strong></span> <span class='ocrx_word' id='word_1_31' title='bbox 2124 817 2259 868; x_wconf 89' lang='lat' dir='ltr'><strong>mari</strong></span> 
     </span>
    </p>
   </div>
   <div class='ocr_carea' id='block_1_6' title="bbox 700 903 2259 976">
    <p class='ocr_par' dir='ltr' id='par_1_6' title="bbox 700 903 2259 976">
     <span class='ocr_line' id='line_1_6' title="bbox 700 903 2259 976; baseline 0.004 -22"><span class='ocrx_word' id='word_1_32' title='bbox 700 903 999 969; x_wconf 74' lang='lat' dir='ltr'><strong>proximos,</strong></span> <span class='ocrx_word' id='word_1_33' title='bbox 1027 919 1133 956; x_wconf 89' lang='lat' dir='ltr'><strong>non</strong></span> <span class='ocrx_word' id='word_1_34' title='bbox 1157 904 1395 960; x_wconf 75' lang='lat' dir='ltr'><strong>collectis</strong></span> <span class='ocrx_word' id='word_1_35' title='bbox 1425 907 1782 976; x_wconf 81' lang='lat' dir='ltr'><strong>undequaque</strong></span> <span class='ocrx_word' id='word_1_36' title='bbox 1806 910 1970 973; x_wconf 92' lang='lat' dir='ltr'><strong>vasis,</strong></span> <span class='ocrx_word' id='word_1_37' title='bbox 2021 919 2073 962; x_wconf 89' lang='lat' dir='ltr'><strong>et</strong></span> <span class='ocrx_word' id='word_1_38' title='bbox 2104 909 2259 976; x_wconf 89' lang='lat' dir='ltr'><strong>quic-</strong></span> 
     </span>
    </p>
   </div>
   <div class='ocr_carea' id='block_1_7' title="bbox 697 995 2258 1067">
    <p class='ocr_par' dir='ltr' id='par_1_7' title="bbox 697 995 2258 1067">
     <span class='ocr_line' id='line_1_7' title="bbox 697 995 2258 1067; baseline 0.002 -19"><span class='ocrx_word' id='word_1_39' title='bbox 697 995 826 1064; x_wconf 85' lang='lat' dir='ltr'><strong>quid</strong></span> <span class='ocrx_word' id='word_1_40' title='bbox 841 995 904 1047; x_wconf 89' lang='lat' dir='ltr'><strong>ad</strong></span> <span class='ocrx_word' id='word_1_41' title='bbox 926 1012 1141 1049; x_wconf 88' lang='lat' dir='ltr'><strong>manum</strong></span> <span class='ocrx_word' id='word_1_42' title='bbox 1161 1009 1490 1053; x_wconf 83' lang='lat' dir='ltr'><strong>commeatus</strong></span> <span class='ocrx_word' id='word_1_43' title='bbox 1503 1001 1886 1053; x_wconf 71' lang='lat' dir='ltr'><strong>essetinnavcs</strong></span> <span class='ocrx_word' id='word_1_44' title='bbox 1906 1007 2258 1067; x_wconf 82' lang='lat' dir='ltr'><strong>eomportato,</strong></span> 
     </span>
    </p>
   </div>
   <div class='ocr_carea' id='block_1_8' title="bbox 701 1087 2261 1160">
    <p class='ocr_par' dir='ltr' id='par_1_8' title="bbox 701 1087 2261 1160">
     <span class='ocr_line' id='line_1_8' title="bbox 701 1087 2261 1160; baseline 0.001 -20"><span class='ocrx_word' id='word_1_45' title='bbox 701 1087 932 1140; x_wconf 87' lang='lat' dir='ltr'><strong>salutem</strong></span> <span class='ocrx_word' id='word_1_46' title='bbox 964 1090 1240 1156; x_wconf 76' lang='lat' dir='ltr'><strong>expedire,</strong></span> <span class='ocrx_word' id='word_1_47' title='bbox 1266 1099 1427 1151; x_wconf 89' lang='lat' dir='ltr'><strong>terra,</strong></span> <span class='ocrx_word' id='word_1_48' title='bbox 1465 1092 1663 1159; x_wconf 65' lang='lat' dir='ltr'><strong>quitum</strong></span> <span class='ocrx_word' id='word_1_49' title='bbox 1696 1107 1758 1144; x_wconf 87' lang='lat' dir='ltr'><strong>ea</strong></span> <span class='ocrx_word' id='word_1_50' title='bbox 1795 1092 2027 1160; x_wconf 88' lang='lat' dir='ltr'><strong>placeret</strong></span> <span class='ocrx_word' id='word_1_51' title='bbox 2049 1132 2062 1151; x_wconf 90' lang='lat'><strong>,</strong></span> <span class='ocrx_word' id='word_1_52' title='bbox 2091 1091 2261 1142; x_wconf 87' lang='lat' dir='ltr'><strong>liben-</strong></span> 
     </span>
    </p>
   </div>
   <div class='ocr_carea' id='block_1_9' title="bbox 700 1178 2260 1250">
    <p class='ocr_par' dir='ltr' id='par_1_9' title="bbox 700 1178 2260 1250">
     <span class='ocr_line' id='line_1_9' title="bbox 700 1178 2260 1250; baseline 0.003 -21"><span class='ocrx_word' id='word_1_53' title='bbox 700 1186 784 1230; x_wconf 85' lang='lat' dir='ltr'><strong>ter</strong></span> <span class='ocrx_word' id='word_1_54' title='bbox 804 1178 1004 1231; x_wconf 85' lang='lat' dir='ltr'><strong>relicta.</strong></span> <span class='ocrx_word' id='word_1_55' title='bbox 1037 1199 1054 1230; x_wconf 74' lang='grc' dir='ltr'><strong>ι</strong></span> <span class='ocrx_word' id='word_1_56' title='bbox 1075 1179 1352 1248; x_wconf 85' lang='lat' dir='ltr'><strong>Ejusmodi</strong></span> <span class='ocrx_word' id='word_1_57' title='bbox 1375 1196 1503 1250; x_wconf 84' lang='lat' dir='ltr'><strong>ergo</strong></span> <span class='ocrx_word' id='word_1_58' title='bbox 1523 1193 1668 1248; x_wconf 86' lang='lat' dir='ltr'><strong>sunt,</strong></span> <span class='ocrx_word' id='word_1_59' title='bbox 1692 1197 1811 1250; x_wconf 71' lang='lat' dir='ltr'><strong>qua)</strong></span> <span class='ocrx_word' id='word_1_60' title='bbox 1841 1181 2260 1233; x_wconf 66' lang='lat' dir='ltr'><strong>Atheniensibus</strong></span> 
     </span>
    </p>
   </div>
   <div class='ocr_carea' id='block_1_10' title="bbox 701 1266 2261 1340">
    <p class='ocr_par' dir='ltr' id='par_1_10' title="bbox 701 1266 2261 1340">
     <span class='ocr_line' id='line_1_10' title="bbox 701 1266 2261 1340; baseline 0.003 -20"><span class='ocrx_word' id='word_1_61' title='bbox 701 1266 894 1337; x_wconf 85' lang='lat' dir='ltr'><strong>Apollo</strong></span> <span class='ocrx_word' id='word_1_62' title='bbox 920 1271 1198 1337; x_wconf 89' lang='lat' dir='ltr'><strong>respondit</strong></span> <span class='ocrx_word' id='word_1_63' title='bbox 1230 1287 1243 1323; x_wconf 90' lang='lat'><strong>:</strong></span> <span class='ocrx_word' id='word_1_64' title='bbox 1272 1287 1392 1340; x_wconf 61' lang='lat' dir='ltr'><strong>quze</strong></span> <span class='ocrx_word' id='word_1_65' title='bbox 1427 1288 1554 1326; x_wconf 88' lang='lat' dir='ltr'><strong>vero</strong></span> <span class='ocrx_word' id='word_1_66' title='bbox 1581 1272 2025 1331; x_wconf 85' lang='lat' dir='ltr'><strong>Lacedaemoniis,</strong></span> <span class='ocrx_word' id='word_1_67' title='bbox 2067 1270 2261 1324; x_wconf 85' lang='lat' dir='ltr'><strong>frivola</strong></span> 
     </span>
    </p>
   </div>
   <div class='ocr_carea' id='block_1_11' title="bbox 699 1360 2263 1434">
    <p class='ocr_par' dir='ltr' id='par_1_11' title="bbox 699 1360 2263 1434">
     <span class='ocr_line' id='line_1_11' title="bbox 699 1360 2263 1434; baseline 0.003 -22"><span class='ocrx_word' id='word_1_68' title='bbox 699 1360 859 1428; x_wconf 86' lang='lat' dir='ltr'><strong>plane</strong></span> <span class='ocrx_word' id='word_1_69' title='bbox 885 1361 1106 1429; x_wconf 89' lang='lat' dir='ltr'><strong>risuque</strong></span> <span class='ocrx_word' id='word_1_70' title='bbox 1136 1363 1318 1432; x_wconf 86' lang='lat' dir='ltr'><strong>digna.</strong></span> <span class='ocrx_word' id='word_1_71' title='bbox 1352 1364 1559 1434; x_wconf 84' lang='lat' dir='ltr'><strong>Quippe</strong></span> <span class='ocrx_word' id='word_1_72' title='bbox 1580 1407 1592 1429; x_wconf 89' lang='lat'><strong>,</strong></span> <span class='ocrx_word' id='word_1_73' title='bbox 1644 1366 1848 1418; x_wconf 82' lang='lat' dir='ltr'><strong>civitati</strong></span> <span class='ocrx_word' id='word_1_74' title='bbox 1879 1365 2143 1418; x_wconf 78' lang='lat' dir='ltr'><strong>universae</strong></span> <span class='ocrx_word' id='word_1_75' title='bbox 2169 1371 2263 1416; x_wconf 89' lang='lat' dir='ltr'><strong>aut</strong></span> 
     </span>
    </p>
   </div>
   <div class='ocr_carea' id='block_1_12' title="bbox 702 1449 2262 1524">
    <p class='ocr_par' dir='ltr' id='par_1_12' title="bbox 702 1449 2262 1524">
     <span class='ocr_line' id='line_1_12' title="bbox 702 1449 2262 1524; baseline 0.003 -22"><span class='ocrx_word' id='word_1_76' title='bbox 702 1449 1063 1513; x_wconf 87' lang='lat' dir='ltr'><strong>obsidionem,</strong></span> <span class='ocrx_word' id='word_1_77' title='bbox 1107 1459 1200 1504; x_wconf 88' lang='lat' dir='ltr'><strong>aut</strong></span> <span class='ocrx_word' id='word_1_78' title='bbox 1238 1455 1491 1507; x_wconf 78' lang='lat' dir='ltr'><strong>exstincti</strong></span> <span class='ocrx_word' id='word_1_79' title='bbox 1534 1454 1676 1524; x_wconf 87' lang='lat' dir='ltr'><strong>regis</strong></span> <span class='ocrx_word' id='word_1_80' title='bbox 1724 1455 1930 1507; x_wconf 90' lang='lat' dir='ltr'><strong>luctum</strong></span> <span class='ocrx_word' id='word_1_81' title='bbox 1978 1453 2262 1506; x_wconf 85' lang='lat' dir='ltr'><strong>imminere</strong></span> 
     </span>
    </p>
   </div>
   <div class='ocr_carea' id='block_1_13' title="bbox 702 1541 2265 1615">
    <p class='ocr_par' dir='ltr' id='par_1_13' title="bbox 702 1541 2265 1615">
     <span class='ocr_line' id='line_1_13' title="bbox 702 1541 2265 1615; baseline 0.002 -20"><span class='ocrx_word' id='word_1_82' title='bbox 702 1541 1001 1599; x_wconf 86' lang='lat' dir='ltr'><strong>denuntiat.</strong></span> <span class='ocrx_word' id='word_1_83' title='bbox 1034 1543 1200 1613; x_wconf 86' lang='lat' dir='ltr'><strong>Atqui</strong></span> <span class='ocrx_word' id='word_1_84' title='bbox 1231 1560 1458 1613; x_wconf 90' lang='lat' dir='ltr'><strong>pronum</strong></span> <span class='ocrx_word' id='word_1_85' title='bbox 1490 1546 1540 1598; x_wconf 91' lang='lat' dir='ltr'><strong>id</strong></span> <span class='ocrx_word' id='word_1_86' title='bbox 1587 1562 1648 1598; x_wconf 90' lang='lat' dir='ltr'><strong>ac</strong></span> <span class='ocrx_word' id='word_1_87' title='bbox 1683 1546 1920 1615; x_wconf 88' lang='lat' dir='ltr'><strong>proclive</strong></span> <span class='ocrx_word' id='word_1_88' title='bbox 1947 1544 2119 1598; x_wconf 86' lang='lat' dir='ltr'><strong>cuivis</strong></span> <span class='ocrx_word' id='word_1_89' title='bbox 2150 1553 2265 1598; x_wconf 90' lang='lat' dir='ltr'><strong>erat</strong></span> 
     </span>
    </p>
   </div>
   <div class='ocr_carea' id='block_1_14' title="bbox 703 1634 2266 1706">
    <p class='ocr_par' dir='ltr' id='par_1_14' title="bbox 703 1634 2266 1706">
     <span class='ocr_line' id='line_1_14' title="bbox 703 1634 2266 1706; baseline 0 -18"><span class='ocrx_word' id='word_1_90' title='bbox 703 1637 996 1704; x_wconf 85' lang='lat' dir='ltr'><strong>conjicere,</strong></span> <span class='ocrx_word' id='word_1_91' title='bbox 1041 1641 1360 1692; x_wconf 87' lang='lat' dir='ltr'><strong>alterutrum</strong></span> <span class='ocrx_word' id='word_1_92' title='bbox 1398 1653 1622 1706; x_wconf 88' lang='lat' dir='ltr'><strong>prorsus</strong></span> <span class='ocrx_word' id='word_1_93' title='bbox 1667 1645 1986 1689; x_wconf 88' lang='lat' dir='ltr'><strong>eventurum</strong></span> <span class='ocrx_word' id='word_1_94' title='bbox 2022 1655 2033 1688; x_wconf 92' lang='lat'>:</span> <span class='ocrx_word' id='word_1_95' title='bbox 2067 1651 2166 1688; x_wconf 90' lang='lat' dir='ltr'><strong>nec</strong></span> <span class='ocrx_word' id='word_1_96' title='bbox 2195 1634 2266 1688; x_wconf 90' lang='lat' dir='ltr'><strong>ob</strong></span> 
     </span>
    </p>
   </div>
   <div class='ocr_carea' id='block_1_15' title="bbox 699 1725 2266 1800">
    <p class='ocr_par' dir='ltr' id='par_1_15' title="bbox 699 1725 2266 1800">
     <span class='ocr_line' id='line_1_15' title="bbox 699 1725 2266 1800; baseline -0.003 -19"><span class='ocrx_word' id='word_1_97' title='bbox 699 1725 871 1782; x_wconf 83' lang='lat' dir='ltr'><strong>futuri</strong></span> <span class='ocrx_word' id='word_1_98' title='bbox 898 1739 1119 1784; x_wconf 87' lang='lat' dir='ltr'><strong>eventus</strong></span> <span class='ocrx_word' id='word_1_99' title='bbox 1166 1730 1546 1800; x_wconf 80' lang='lat' dir='ltr'><strong>ignorantiam,</strong></span> <span class='ocrx_word' id='word_1_100' title='bbox 1601 1730 1702 1783; x_wconf 89' lang='lat' dir='ltr'><strong>hac</strong></span> <span class='ocrx_word' id='word_1_101' title='bbox 1748 1729 2096 1799; x_wconf 81' lang='lat' dir='ltr'><strong>ambiguitate</strong></span> <span class='ocrx_word' id='word_1_102' title='bbox 2145 1740 2266 1778; x_wconf 90' lang='lat' dir='ltr'><strong>vcr-</strong></span> 
     </span>
    </p>
   </div>
   <div class='ocr_carea' id='block_1_16' title="bbox 702 1813 2266 1889">
    <p class='ocr_par' dir='ltr' id='par_1_16' title="bbox 702 1813 2266 1889">
     <span class='ocr_line' id='line_1_16' title="bbox 702 1813 2266 1889; baseline -0.004 -17"><span class='ocrx_word' id='word_1_103' title='bbox 702 1819 894 1872; x_wconf 84' lang='lat' dir='ltr'><strong>borum</strong></span> <span class='ocrx_word' id='word_1_104' title='bbox 924 1820 1165 1884; x_wconf 84' lang='lat' dir='ltr'><strong>ilindere,</strong></span> <span class='ocrx_word' id='word_1_105' title='bbox 1190 1821 1349 1889; x_wconf 86' lang='lat' dir='ltr'><strong>digna</strong></span> <span class='ocrx_word' id='word_1_106' title='bbox 1384 1828 1501 1873; x_wconf 88' lang='lat' dir='ltr'><strong>erat</strong></span> <span class='ocrx_word' id='word_1_107' title='bbox 1532 1817 1762 1872; x_wconf 78' lang='lat' dir='ltr'><strong>Numine</strong></span> <span class='ocrx_word' id='word_1_108' title='bbox 1788 1819 2069 1872; x_wconf 87' lang='lat' dir='ltr'><strong>divinatio.</strong></span> <span class='ocrx_word' id='word_1_109' title='bbox 2097 1813 2266 1868; x_wconf 79' lang='lat' dir='ltr'><strong>Auxi-</strong></span> 
     </span>
    </p>
   </div>
   <div class='ocr_carea' id='block_1_17' title="bbox 1357 419 2311 477">
    <p class='ocr_par' dir='ltr' id='par_1_17' title="bbox 1357 419 2311 477">
     <span class='ocr_line' id='line_1_17' title="bbox 1357 419 2311 477; baseline 0 -3"><span class='ocrx_word' id='word_1_110' title='bbox 1357 419 2128 477; x_wconf 67' lang='grc' dir='ltr'><strong>ΕΠΞΕΒΙΓΕτῈΞΑῘίὶΕΝΞΙΞ</strong></span> <span class='ocrx_word' id='word_1_111' title='bbox 2164 421 2311 476; x_wconf 78' lang='grc' dir='ltr'><strong>ΟΡΡ.</strong></span> 
     </span>
    </p>
   </div>
   <div class='ocr_carea' id='block_1_18' title="bbox 2355 416 3888 476">
    <p class='ocr_par' dir='ltr' id='par_1_18' title="bbox 2355 416 3888 476">
     <span class='ocr_line' id='line_1_18' title="bbox 2355 416 3888 476; baseline -0.003 -1"><span class='ocrx_word' id='word_1_112' title='bbox 2355 421 2532 476; x_wconf 77' lang='lat' dir='ltr'><strong>PARS</strong></span> <span class='ocrx_word' id='word_1_113' title='bbox 2570 420 2629 476; x_wconf 79' lang='grc' dir='ltr'>ιι.</span> <span class='ocrx_word' id='word_1_114' title='bbox 2657 453 2728 462; x_wconf 91' lang='lat'><strong>——</strong></span> <span class='ocrx_word' id='word_1_115' title='bbox 2749 419 3240 476; x_wconf 68' lang='lat' dir='ltr'><strong>APOLOGETlCA.</strong></span> <span class='ocrx_word' id='word_1_116' title='bbox 3795 416 3888 471; x_wconf 73' lang='lat'><strong>376</strong></span> 
     </span>
    </p>
   </div>
   <div class='ocr_carea' id='block_1_19' title="bbox 2359 534 3809 605">
    <p class='ocr_par' dir='ltr' id='par_1_19' title="bbox 2359 534 3809 605">
     <span class='ocr_line' id='line_1_19' title="bbox 2359 534 3809 605; baseline 0.001 -14"><span class='ocrx_word' id='word_1_117' title='bbox 2359 539 2487 592; x_wconf 65' lang='grc' dir='ltr'>Ἕῗι</span> <span class='ocrx_word' id='word_1_118' title='bbox 2521 539 2630 605; x_wconf 71' lang='grc' dir='ltr'><strong>γάρ</strong></span> <span class='ocrx_word' id='word_1_119' title='bbox 2662 555 2814 595; x_wconf 80' lang='grc' dir='ltr'>ποτε</span> <span class='ocrx_word' id='word_1_120' title='bbox 2835 540 3076 604; x_wconf 71' lang='grc' dir='ltr'>κάντίος</span> <span class='ocrx_word' id='word_1_121' title='bbox 3102 538 3271 591; x_wconf 79' lang='grc' dir='ltr'>ἔσται</span> <span class='ocrx_word' id='word_1_122' title='bbox 3291 534 3323 568; x_wconf 86' lang='grc'>·“</span> <span class='ocrx_word' id='word_1_123' title='bbox 3804 599 3809 603; x_wconf 53' lang='grc'><strong>,</strong></span> 
     </span>
    </p>
   </div>
   <div class='ocr_carea' id='block_1_20' title="bbox 2360 604 3722 680">
    <p class='ocr_par' dir='ltr' id='par_1_20' title="bbox 2360 604 3722 680">
     <span class='ocr_line' id='line_1_20' title="bbox 2360 604 3722 680; baseline -0.004 -18"><span class='ocrx_word' id='word_1_124' title='bbox 2360 604 2701 680; x_wconf 47' lang='grc' dir='ltr'><strong>Πολλὴἳχεέφ</strong></span> <span class='ocrx_word' id='word_1_125' title='bbox 2727 612 3048 676; x_wconf 71' lang='grc' dir='ltr'>ἱπποσύνῃ,</span> <span class='ocrx_word' id='word_1_126' title='bbox 3079 608 3175 659; x_wconf 78' lang='grc' dir='ltr'>καὶ</span> <span class='ocrx_word' id='word_1_127' title='bbox 3204 607 3372 672; x_wconf 67' lang='grc' dir='ltr'>πεζῦς</span> <span class='ocrx_word' id='word_1_128' title='bbox 3397 605 3722 675; x_wconf 77' lang='grc' dir='ltr'>ἐπέρχεται.</span> 
     </span>
    </p>
   </div>
   <div class='ocr_carea' id='block_1_21' title="bbox 2365 724 3897 800">
    <p class='ocr_par' dir='ltr' id='par_1_21' title="bbox 2365 724 3897 800">
     <span class='ocr_line' id='line_1_21' title="bbox 2365 724 3897 800; baseline 0.001 -19"><span class='ocrx_word' id='word_1_129' title='bbox 2365 730 2485 782; x_wconf 85' lang='grc' dir='ltr'>’Ότι</span> <span class='ocrx_word' id='word_1_130' title='bbox 2515 729 2572 782; x_wconf 74' lang='grc' dir='ltr'>δὲ</span> <span class='ocrx_word' id='word_1_131' title='bbox 2613 729 2824 791; x_wconf 75' lang='grc' dir='ltr'>ναυσὶν,</span> <span class='ocrx_word' id='word_1_132' title='bbox 2872 727 2986 780; x_wconf 81' lang='grc' dir='ltr'>ἀλλ’</span> <span class='ocrx_word' id='word_1_133' title='bbox 3019 728 3081 779; x_wconf 83' lang='grc' dir='ltr'><strong>οὐ</strong></span> <span class='ocrx_word' id='word_1_134' title='bbox 3116 729 3234 780; x_wconf 84' lang='grc' dir='ltr'>κατ’</span> <span class='ocrx_word' id='word_1_135' title='bbox 3277 730 3520 799; x_wconf 68' lang='grc' dir='ltr'>ἤπειρον·</span> <span class='ocrx_word' id='word_1_136' title='bbox 3575 730 3671 782; x_wconf 79' lang='grc' dir='ltr'>καὶ</span> <span class='ocrx_word' id='word_1_137' title='bbox 3717 729 3816 799; x_wconf 82' lang='grc' dir='ltr'><strong>γὰρ</strong></span> <span class='ocrx_word' id='word_1_138' title='bbox 3842 724 3897 800; x_wconf 74' lang='grc' dir='ltr'>ἦν</span> 
     </span>
    </p>
   </div>
   <div class='ocr_carea' id='block_1_22' title="bbox 2357 819 3897 890">
    <p class='ocr_par' dir='ltr' id='par_1_22' title="bbox 2357 819 3897 890">
     <span class='ocr_line' id='line_1_22' title="bbox 2357 819 3897 890; baseline 0.001 -20"><span class='ocrx_word' id='word_1_139' title='bbox 2357 821 2562 887; x_wconf 78' lang='grc' dir='ltr'>γελοῖον</span> <span class='ocrx_word' id='word_1_140' title='bbox 2597 820 2815 888; x_wconf 49' lang='grc' dir='ltr'>ἕρντας</span> <span class='ocrx_word' id='word_1_141' title='bbox 2864 820 3132 882; x_wconf 83' lang='grc' dir='ltr'>ναυτικὸν,</span> <span class='ocrx_word' id='word_1_142' title='bbox 3168 821 3261 871; x_wconf 74' lang='grc' dir='ltr'><strong>καὶ</strong></span> <span class='ocrx_word' id='word_1_143' title='bbox 3299 821 3390 872; x_wconf 76' lang='grc' dir='ltr'>ἐπὶ</span> <span class='ocrx_word' id='word_1_144' title='bbox 3429 819 3700 890; x_wconf 78' lang='grc' dir='ltr'><strong>Θαλάσσης</strong></span> <span class='ocrx_word' id='word_1_145' title='bbox 3739 837 3897 872; x_wconf 83' lang='grc' dir='ltr'>κατοι-</span> 
     </span>
    </p>
   </div>
   <div class='ocr_carea' id='block_1_23' title="bbox 2363 908 3900 980">
    <p class='ocr_par' dir='ltr' id='par_1_23' title="bbox 2363 908 3900 980">
     <span class='ocr_line' id='line_1_23' title="bbox 2363 908 3900 980; baseline 0 -19"><span class='ocrx_word' id='word_1_146' title='bbox 2363 909 2611 971; x_wconf 69' lang='grc' dir='ltr'>κοῦντας,</span> <span class='ocrx_word' id='word_1_147' title='bbox 2649 909 2721 977; x_wconf 83' lang='grc' dir='ltr'>μὴ</span> <span class='ocrx_word' id='word_1_148' title='bbox 2752 908 2817 964; x_wconf 64' lang='grc' dir='ltr'><strong>ου,</strong></span> <span class='ocrx_word' id='word_1_149' title='bbox 2845 909 3074 960; x_wconf 70' lang='grc' dir='ltr'>πασσυδὶ</span> <span class='ocrx_word' id='word_1_150' title='bbox 3105 910 3642 980; x_wconf 78' lang='grc' dir='ltr'>σκευωρησαμὲνους,</span> <span class='ocrx_word' id='word_1_151' title='bbox 3676 912 3771 962; x_wconf 71' lang='grc' dir='ltr'>καὶ</span> <span class='ocrx_word' id='word_1_152' title='bbox 3796 928 3900 979; x_wconf 85' lang='grc' dir='ltr'>τρο-</span> 
     </span>
    </p>
   </div>
   <div class='ocr_carea' id='block_1_24' title="bbox 2364 996 3900 1072">
    <p class='ocr_par' dir='ltr' id='par_1_24' title="bbox 2364 996 3900 1072">
     <span class='ocr_line' id='line_1_24' title="bbox 2364 996 3900 1072; baseline 0.001 -20"><span class='ocrx_word' id='word_1_153' title='bbox 2364 1001 2465 1068; x_wconf 75' lang='grc' dir='ltr'><strong>φὰς</strong></span> <span class='ocrx_word' id='word_1_154' title='bbox 2501 1001 2629 1061; x_wconf 80' lang='grc' dir='ltr'>ὅσας</span> <span class='ocrx_word' id='word_1_155' title='bbox 2663 996 2808 1068; x_wconf 79' lang='grc' dir='ltr'>εἶχον</span> <span class='ocrx_word' id='word_1_156' title='bbox 2850 998 3384 1072; x_wconf 75' lang='grc' dir='ltr'>συνεμϐαλλομένους</span> <span class='ocrx_word' id='word_1_157' title='bbox 3415 999 3695 1064; x_wconf 76' lang='grc' dir='ltr'>σώζεσθαι,</span> <span class='ocrx_word' id='word_1_158' title='bbox 3747 1019 3900 1070; x_wconf 83' lang='grc' dir='ltr'>παρα-</span> 
     </span>
    </p>
   </div>
   <div class='ocr_carea' id='block_1_25' title="bbox 2361 1087 3899 1160">
    <p class='ocr_par' dir='ltr' id='par_1_25' title="bbox 2361 1087 3899 1160">
     <span class='ocr_line' id='line_1_25' title="bbox 2361 1087 3899 1160; baseline 0 -18"><span class='ocrx_word' id='word_1_159' title='bbox 2361 1091 2544 1153; x_wconf 75' lang='grc' dir='ltr'>δόντας</span> <span class='ocrx_word' id='word_1_160' title='bbox 2575 1093 2684 1152; x_wconf 85' lang='grc' dir='ltr'>τοῖς</span> <span class='ocrx_word' id='word_1_161' title='bbox 2713 1089 3048 1159; x_wconf 73' lang='grc' dir='ltr'><strong>βουλομένοις</strong></span> <span class='ocrx_word' id='word_1_162' title='bbox 3079 1090 3176 1158; x_wconf 80' lang='grc' dir='ltr'><strong>τὴν</strong></span> <span class='ocrx_word' id='word_1_163' title='bbox 3203 1090 3324 1158; x_wconf 76' lang='grc' dir='ltr'><strong>γῆν.</strong></span> <span class='ocrx_word' id='word_1_164' title='bbox 3354 1108 3371 1140; x_wconf 74' lang='grc' dir='ltr'><strong>ι</strong></span> <span class='ocrx_word' id='word_1_165' title='bbox 3393 1089 3578 1142; x_wconf 82' lang='grc' dir='ltr'>Ταῦτα</span> <span class='ocrx_word' id='word_1_166' title='bbox 3606 1091 3698 1160; x_wconf 79' lang='grc' dir='ltr'><strong>μὲν</strong></span> <span class='ocrx_word' id='word_1_167' title='bbox 3736 1087 3818 1142; x_wconf 76' lang='grc' dir='ltr'>οὖν</span> <span class='ocrx_word' id='word_1_168' title='bbox 3844 1092 3899 1143; x_wconf 75' lang='grc' dir='ltr'><strong>τὰ</strong></span> 
     </span>
    </p>
   </div>
   <div class='ocr_carea' id='block_1_26' title="bbox 2363 1179 3899 1252">
    <p class='ocr_par' dir='ltr' id='par_1_26' title="bbox 2363 1179 3899 1252">
     <span class='ocr_line' id='line_1_26' title="bbox 2363 1179 3899 1252; baseline 0.001 -18"><span class='ocrx_word' id='word_1_169' title='bbox 2363 1183 2498 1252; x_wconf 74' lang='grc' dir='ltr'>πρὸς</span> <span class='ocrx_word' id='word_1_170' title='bbox 2539 1182 2869 1250; x_wconf 77' lang='grc' dir='ltr'>Ἀθηναίους·</span> <span class='ocrx_word' id='word_1_171' title='bbox 2901 1179 3099 1250; x_wconf 86' lang='grc' dir='ltr'>ἀσθενῆ</span> <span class='ocrx_word' id='word_1_172' title='bbox 3121 1181 3173 1233; x_wconf 82' lang='grc' dir='ltr'><strong>δὲ</strong></span> <span class='ocrx_word' id='word_1_173' title='bbox 3202 1181 3400 1251; x_wconf 73' lang='grc' dir='ltr'>σφόδρα</span> <span class='ocrx_word' id='word_1_174' title='bbox 3432 1183 3522 1234; x_wconf 74' lang='grc' dir='ltr'><strong>καὶ</strong></span> <span class='ocrx_word' id='word_1_175' title='bbox 3544 1183 3899 1250; x_wconf 72' lang='grc' dir='ltr'><strong>καταγέλαστα</strong></span> 
     </span>
    </p>
   </div>
   <div class='ocr_carea' id='block_1_27' title="bbox 2361 1268 3899 1344">
    <p class='ocr_par' dir='ltr' id='par_1_27' title="bbox 2361 1268 3899 1344">
     <span class='ocr_line' id='line_1_27' title="bbox 2361 1268 3899 1344; baseline 0.001 -19"><span class='ocrx_word' id='word_1_176' title='bbox 2361 1275 2428 1326; x_wconf 77' lang='grc' dir='ltr'>τὰ</span> <span class='ocrx_word' id='word_1_177' title='bbox 2457 1268 2588 1342; x_wconf 75' lang='grc' dir='ltr'>πρὸς</span> <span class='ocrx_word' id='word_1_178' title='bbox 2631 1272 3102 1341; x_wconf 85' lang='grc' dir='ltr'>Λακεδαιμονίους.</span> <span class='ocrx_word' id='word_1_179' title='bbox 3141 1274 3296 1324; x_wconf 86' lang='grc' dir='ltr'>Ἤτοι</span> <span class='ocrx_word' id='word_1_180' title='bbox 3330 1271 3458 1344; x_wconf 86' lang='grc' dir='ltr'>γὰρ,</span> <span class='ocrx_word' id='word_1_181' title='bbox 3497 1275 3677 1342; x_wconf 78' lang='grc' dir='ltr'>φησὶν,</span> <span class='ocrx_word' id='word_1_182' title='bbox 3712 1276 3899 1344; x_wconf 79' lang='grc' dir='ltr'>πᾶσαὴ</span> 
     </span>
    </p>
   </div>
   <div class='ocr_carea' id='block_1_28' title="bbox 2364 1362 3901 1439">
    <p class='ocr_par' dir='ltr' id='par_1_28' title="bbox 2364 1362 3901 1439">
     <span class='ocr_line' id='line_1_28' title="bbox 2364 1362 3901 1439; baseline 0 -22"><span class='ocrx_word' id='word_1_183' title='bbox 2364 1366 2516 1428; x_wconf 69' lang='grc' dir='ltr'>πόλις</span> <span class='ocrx_word' id='word_1_184' title='bbox 2568 1364 3079 1434; x_wconf 46' lang='grc' dir='ltr'>πολιορκηθιήσεται,</span> <span class='ocrx_word' id='word_1_185' title='bbox 3125 1363 3157 1434; x_wconf 82' lang='grc' dir='ltr'>ἦ</span> <span class='ocrx_word' id='word_1_186' title='bbox 3211 1362 3522 1439; x_wconf 75' lang='grc' dir='ltr'><strong>ἀπολωλότα</strong></span> <span class='ocrx_word' id='word_1_187' title='bbox 3569 1365 3655 1417; x_wconf 84' lang='grc' dir='ltr'><strong>τὸν</strong></span> <span class='ocrx_word' id='word_1_188' title='bbox 3697 1367 3901 1435; x_wconf 77' lang='grc' dir='ltr'>βασιλέα</span> 
     </span>
    </p>
   </div>
   <div class='ocr_carea' id='block_1_29' title="bbox 2363 1451 3901 1527">
    <p class='ocr_par' dir='ltr' id='par_1_29' title="bbox 2363 1451 3901 1527">
     <span class='ocr_line' id='line_1_29' title="bbox 2363 1451 3901 1527; baseline 0.001 -19"><span class='ocrx_word' id='word_1_189' title='bbox 2363 1456 2636 1524; x_wconf 80' lang='grc' dir='ltr'>πενθήσει.</span> <span class='ocrx_word' id='word_1_190' title='bbox 2687 1454 2854 1506; x_wconf 78' lang='grc' dir='ltr'>Τοῦτο</span> <span class='ocrx_word' id='word_1_191' title='bbox 2896 1455 2939 1508; x_wconf 85' lang='grc' dir='ltr'>δ’</span> <span class='ocrx_word' id='word_1_192' title='bbox 2985 1455 3042 1519; x_wconf 82' lang='grc' dir='ltr'>ἐξ</span> <span class='ocrx_word' id='word_1_193' title='bbox 3077 1454 3312 1516; x_wconf 77' lang='grc' dir='ltr'>ἅπαντος</span> <span class='ocrx_word' id='word_1_194' title='bbox 3354 1455 3499 1516; x_wconf 80' lang='grc' dir='ltr'>εἰκὸς</span> <span class='ocrx_word' id='word_1_195' title='bbox 3538 1451 3605 1525; x_wconf 84' lang='grc' dir='ltr'>ἦν</span> <span class='ocrx_word' id='word_1_196' title='bbox 3645 1457 3800 1509; x_wconf 82' lang='grc' dir='ltr'>παντί</span> <span class='ocrx_word' id='word_1_197' title='bbox 3837 1475 3901 1527; x_wconf 75' lang='grc' dir='ltr'>τῳ</span> 
     </span>
    </p>
   </div>
   <div class='ocr_carea' id='block_1_30' title="bbox 2367 1543 3902 1613">
    <p class='ocr_par' dir='ltr' id='par_1_30' title="bbox 2367 1543 3902 1613">
     <span class='ocr_line' id='line_1_30' title="bbox 2367 1543 3902 1613; baseline 0.002 -17"><span class='ocrx_word' id='word_1_198' title='bbox 2367 1543 2820 1613; x_wconf 74' lang='grc' dir='ltr'>στοχάζεσθαι,τὸ</span> <span class='ocrx_word' id='word_1_199' title='bbox 2852 1544 2967 1613; x_wconf 75' lang='grc' dir='ltr'>ἢτοι</span> <span class='ocrx_word' id='word_1_200' title='bbox 2999 1543 3137 1603; x_wconf 83' lang='grc' dir='ltr'>τόδε,</span> <span class='ocrx_word' id='word_1_201' title='bbox 3172 1543 3203 1613; x_wconf 85' lang='grc' dir='ltr'>ἢ</span> <span class='ocrx_word' id='word_1_202' title='bbox 3237 1544 3354 1595; x_wconf 81' lang='grc' dir='ltr'>τόδε</span> <span class='ocrx_word' id='word_1_203' title='bbox 3389 1545 3776 1613; x_wconf 70' lang='grc' dir='ltr'>συμϐήσεσθαι·</span> <span class='ocrx_word' id='word_1_204' title='bbox 3805 1548 3902 1600; x_wconf 68' lang='grc' dir='ltr'>ἀλλ’</span> 
     </span>
    </p>
   </div>
   <div class='ocr_carea' id='block_1_31' title="bbox 2362 1627 3904 1707">
    <p class='ocr_par' dir='ltr' id='par_1_31' title="bbox 2362 1627 3904 1707">
     <span class='ocr_line' id='line_1_31' title="bbox 2362 1627 3904 1707; baseline 0.003 -20"><span class='ocrx_word' id='word_1_205' title='bbox 2362 1637 2422 1687; x_wconf 84' lang='grc' dir='ltr'>οὑ</span> <span class='ocrx_word' id='word_1_206' title='bbox 2458 1636 2626 1704; x_wconf 75' lang='grc' dir='ltr'>δήπου</span> <span class='ocrx_word' id='word_1_207' title='bbox 2667 1634 2788 1686; x_wconf 81' lang='grc' dir='ltr'>θεοῦ</span> <span class='ocrx_word' id='word_1_208' title='bbox 2815 1630 2880 1704; x_wconf 79' lang='grc' dir='ltr'>ἦν</span> <span class='ocrx_word' id='word_1_209' title='bbox 2923 1635 3204 1704; x_wconf 84' lang='grc' dir='ltr'>μάντευμα</span> <span class='ocrx_word' id='word_1_210' title='bbox 3258 1627 3360 1687; x_wconf 80' lang='grc' dir='ltr'><strong>ὧδέ</strong></span> <span class='ocrx_word' id='word_1_211' title='bbox 3413 1653 3526 1698; x_wconf 85' lang='grc' dir='ltr'><strong>πως</strong></span> <span class='ocrx_word' id='word_1_212' title='bbox 3569 1638 3904 1707; x_wconf 70' lang='grc' dir='ltr'>ἀμφιϐάλλειν</span> 
     </span>
    </p>
   </div>
   <div class='ocr_carea' id='block_1_32' title="bbox 2364 1725 3906 1800">
    <p class='ocr_par' dir='ltr' id='par_1_32' title="bbox 2364 1725 3906 1800">
     <span class='ocr_line' id='line_1_32' title="bbox 2364 1725 3906 1800; baseline 0.001 -20"><span class='ocrx_word' id='word_1_213' title='bbox 2364 1727 2553 1796; x_wconf 78' lang='grc' dir='ltr'>ἀγνοίᾳ</span> <span class='ocrx_word' id='word_1_214' title='bbox 2577 1725 2669 1778; x_wconf 64' lang='grc' dir='ltr'>τοῦ</span> <span class='ocrx_word' id='word_1_215' title='bbox 2702 1725 3001 1796; x_wconf 78' lang='grc' dir='ltr'>μέλλοντος,</span> <span class='ocrx_word' id='word_1_216' title='bbox 3052 1725 3260 1796; x_wconf 76' lang='grc' dir='ltr'>βοηθεῖν</span> <span class='ocrx_word' id='word_1_217' title='bbox 3297 1726 3431 1790; x_wconf 88' lang='grc' dir='ltr'>δέον,</span> <span class='ocrx_word' id='word_1_218' title='bbox 3455 1729 3546 1779; x_wconf 71' lang='grc' dir='ltr'><strong>καὶ</strong></span> <span class='ocrx_word' id='word_1_219' title='bbox 3576 1730 3786 1800; x_wconf 78' lang='grc' dir='ltr'>σωτῆρα</span> <span class='ocrx_word' id='word_1_220' title='bbox 3813 1730 3906 1781; x_wconf 74' lang='grc' dir='ltr'><strong>τῶν</strong></span> 
     </span>
    </p>
   </div>
   <div class='ocr_carea' id='block_1_33' title="bbox 2376 1818 3906 1891">
    <p class='ocr_par' dir='ltr' id='par_1_33' title="bbox 2376 1818 3906 1891">
     <span class='ocr_line' id='line_1_33' title="bbox 2376 1818 3906 1891; baseline -0.001 -18"><span class='ocrx_word' id='word_1_221' title='bbox 2376 1821 2635 1891; x_wconf 79' lang='grc' dir='ltr'>Ἑλλήνων</span> <span class='ocrx_word' id='word_1_222' title='bbox 2667 1820 2724 1870; x_wconf 80' lang='grc' dir='ltr'>ὲν</span> <span class='ocrx_word' id='word_1_223' title='bbox 2763 1818 2938 1889; x_wconf 88' lang='grc' dir='ltr'>καιρῷ</span> <span class='ocrx_word' id='word_1_224' title='bbox 2983 1818 3439 1889; x_wconf 78' lang='grc' dir='ltr'>παραφαίνεσθαι,</span> <span class='ocrx_word' id='word_1_225' title='bbox 3474 1820 3565 1872; x_wconf 75' lang='grc' dir='ltr'><strong>καὶ</strong></span> <span class='ocrx_word' id='word_1_226' title='bbox 3603 1821 3793 1890; x_wconf 73' lang='grc' dir='ltr'>μᾶλλον</span> <span class='ocrx_word' id='word_1_227' title='bbox 3821 1822 3906 1891; x_wconf 77' lang='grc' dir='ltr'><strong>τὴν</strong></span> 
     </span>
    </p>
   </div>
   <div class='ocr_carea' id='block_1_34' title="bbox 702 1907 2252 1982">
    <p class='ocr_par' dir='ltr' id='par_1_34' title="bbox 702 1907 2252 1981">
     <span class='ocr_line' id='line_1_34' title="bbox 702 1907 2252 1981; baseline -0.002 -18"><span class='ocrx_word' id='word_1_228' title='bbox 702 1911 834 1964; x_wconf 88' lang='lat' dir='ltr'><strong>lium</strong></span> <span class='ocrx_word' id='word_1_229' title='bbox 863 1911 1004 1965; x_wconf 86' lang='lat' dir='ltr'><strong>ferre</strong></span> <span class='ocrx_word' id='word_1_230' title='bbox 1033 1912 1277 1967; x_wconf 82' lang='lat' dir='ltr'><strong>videlicet</strong></span> <span class='ocrx_word' id='word_1_231' title='bbox 1305 1912 1560 1981; x_wconf 86' lang='lat' dir='ltr'><strong>oportuit,</strong></span> <span class='ocrx_word' id='word_1_232' title='bbox 1596 1927 1659 1966; x_wconf 87' lang='lat' dir='ltr'><strong>ac</strong></span> <span class='ocrx_word' id='word_1_233' title='bbox 1691 1927 1808 1966; x_wconf 88' lang='lat' dir='ltr'><strong>sese</strong></span> <span class='ocrx_word' id='word_1_234' title='bbox 1845 1909 2072 1979; x_wconf 83' lang='lat' dir='ltr'><strong>tempori</strong></span> <span class='ocrx_word' id='word_1_235' title='bbox 2117 1907 2252 1961; x_wconf 64' lang='lat' dir='ltr'><strong>Grat-</strong></span> 
     </span>
    </p>
   </div>
   <div class='ocr_carea' id='block_1_35' title="bbox 2354 1907 3904 1982">
    <p class='ocr_par' dir='ltr' id='par_1_35' title="bbox 2365 1909 3904 1982">
     <span class='ocr_line' id='line_1_35' title="bbox 2365 1909 3904 1982; baseline -0.001 -18"><span class='ocrx_word' id='word_1_236' title='bbox 2365 1910 2502 1964; x_wconf 80' lang='grc' dir='ltr'>κατὰ</span> <span class='ocrx_word' id='word_1_237' title='bbox 2530 1910 2636 1963; x_wconf 87' lang='grc' dir='ltr'><strong>τῶν</strong></span> <span class='ocrx_word' id='word_1_238' title='bbox 2666 1909 2872 1980; x_wconf 75' lang='grc' dir='ltr'>ἐχθρῶν</span> <span class='ocrx_word' id='word_1_239' title='bbox 2899 1909 2991 1962; x_wconf 68' lang='grc' dir='ltr'><strong>καὶ</strong></span> <span class='ocrx_word' id='word_1_240' title='bbox 3026 1909 3312 1979; x_wconf 75' lang='grc' dir='ltr'>βαρϐάρων</span> <span class='ocrx_word' id='word_1_241' title='bbox 3339 1912 3491 1981; x_wconf 82' lang='grc' dir='ltr'>νίκην</span> <span class='ocrx_word' id='word_1_242' title='bbox 3514 1915 3622 1974; x_wconf 83' lang='grc' dir='ltr'>τοῖς</span> <span class='ocrx_word' id='word_1_243' title='bbox 3649 1913 3804 1982; x_wconf 73' lang='grc' dir='ltr'>Ἕλλη</span> <span class='ocrx_word' id='word_1_244' title='bbox 3814 1931 3904 1974; x_wconf 80' lang='grc' dir='ltr'>σιν,</span> 
     </span>
    </p>
   </div>
   <div class='ocr_carea' id='block_1_36' title="bbox 701 2001 2254 2076">
    <p class='ocr_par' dir='ltr' id='par_1_36' title="bbox 701 2001 2254 2076">
     <span class='ocr_line' id='line_1_36' title="bbox 701 2001 2254 2076; baseline -0.001 -20"><span class='ocrx_word' id='word_1_245' title='bbox 701 2019 889 2057; x_wconf 78' lang='lat' dir='ltr'><strong>eorum</strong></span> <span class='ocrx_word' id='word_1_246' title='bbox 922 2001 1257 2061; x_wconf 81' lang='lat' dir='ltr'><strong>assertorem</strong></span> <span class='ocrx_word' id='word_1_247' title='bbox 1284 2008 1534 2076; x_wconf 87' lang='lat' dir='ltr'><strong>probare,</strong></span> <span class='ocrx_word' id='word_1_248' title='bbox 1572 2006 1882 2074; x_wconf 78' lang='lat' dir='ltr'><strong>Graecisque</strong></span> <span class='ocrx_word' id='word_1_249' title='bbox 1921 2006 2102 2075; x_wconf 90' lang='lat' dir='ltr'><strong>potius</strong></span> <span class='ocrx_word' id='word_1_250' title='bbox 2133 2013 2254 2055; x_wconf 89' lang='lat' dir='ltr'><strong>tan-</strong></span> 
     </span>
    </p>
   </div>
   <div class='ocr_carea' id='block_1_37' title="bbox 701 2095 2254 2165">
    <p class='ocr_par' dir='ltr' id='par_1_37' title="bbox 701 2095 2254 2165">
     <span class='ocr_line' id='line_1_37' title="bbox 701 2095 2254 2165; baseline 0 -18"><span class='ocrx_word' id='word_1_251' title='bbox 701 2111 862 2165; x_wconf 87' lang='lat' dir='ltr'><strong>quam</strong></span> <span class='ocrx_word' id='word_1_252' title='bbox 910 2098 1221 2153; x_wconf 89' lang='lat' dir='ltr'><strong>domesticis</strong></span> <span class='ocrx_word' id='word_1_253' title='bbox 1269 2100 1459 2152; x_wconf 85' lang='lat' dir='ltr'><strong>amicis</strong></span> <span class='ocrx_word' id='word_1_254' title='bbox 1490 2099 1555 2152; x_wconf 91' lang='lat' dir='ltr'><strong>de</strong></span> <span class='ocrx_word' id='word_1_255' title='bbox 1605 2099 1854 2152; x_wconf 89' lang='lat' dir='ltr'><strong>hostibus</strong></span> <span class='ocrx_word' id='word_1_256' title='bbox 1901 2114 1963 2152; x_wconf 90' lang='lat' dir='ltr'><strong>ac</strong></span> <span class='ocrx_word' id='word_1_257' title='bbox 2012 2095 2254 2149; x_wconf 89' lang='lat' dir='ltr'><strong>barbaris</strong></span> 
     </span>
    </p>
   </div>
   <div class='ocr_carea' id='block_1_38' title="bbox 700 2185 2257 2258">
    <p class='ocr_par' dir='ltr' id='par_1_38' title="bbox 700 2185 2257 2258">
     <span class='ocr_line' id='line_1_38' title="bbox 700 2185 2257 2258; baseline -0.001 -20"><span class='ocrx_word' id='word_1_258' title='bbox 700 2187 980 2240; x_wconf 79' lang='lat' dir='ltr'><strong>victoriam</strong></span> <span class='ocrx_word' id='word_1_259' title='bbox 1016 2204 1353 2258; x_wconf 88' lang='lat' dir='ltr'><strong>comparare.</strong></span> <span class='ocrx_word' id='word_1_260' title='bbox 1414 2188 1508 2242; x_wconf 91' lang='lat' dir='ltr'><strong>Sin</strong></span> <span class='ocrx_word' id='word_1_261' title='bbox 1564 2189 1746 2243; x_wconf 89' lang='lat' dir='ltr'><strong>minus</strong></span> <span class='ocrx_word' id='word_1_262' title='bbox 1783 2190 1832 2243; x_wconf 91' lang='lat' dir='ltr'><strong>id</strong></span> <span class='ocrx_word' id='word_1_263' title='bbox 1891 2195 2121 2257; x_wconf 86' lang='lat' dir='ltr'><strong>poterat,</strong></span> <span class='ocrx_word' id='word_1_264' title='bbox 2179 2185 2257 2238; x_wconf 89' lang='lat' dir='ltr'><strong>uti</strong></span> 
     </span>
    </p>
   </div>
   <div class='ocr_carea' id='block_1_39' title="bbox 699 2275 2257 2347">
    <p class='ocr_par' dir='ltr' id='par_1_39' title="bbox 699 2275 2257 2347">
     <span class='ocr_line' id='line_1_39' title="bbox 699 2275 2257 2347; baseline -0.001 -19"><span class='ocrx_word' id='word_1_265' title='bbox 699 2275 912 2341; x_wconf 81' lang='lat' dir='ltr'><strong>saltem,</strong></span> <span class='ocrx_word' id='word_1_266' title='bbox 935 2291 998 2329; x_wconf 89' lang='lat' dir='ltr'><strong>ne</strong></span> <span class='ocrx_word' id='word_1_267' title='bbox 1020 2279 1146 2345; x_wconf 88' lang='lat' dir='ltr'><strong>quid</strong></span> <span class='ocrx_word' id='word_1_268' title='bbox 1176 2279 1275 2346; x_wconf 91' lang='lat' dir='ltr'><strong>ipsi</strong></span> <span class='ocrx_word' id='word_1_269' title='bbox 1299 2287 1632 2347; x_wconf 88' lang='lat' dir='ltr'><strong>paterentur,</strong></span> <span class='ocrx_word' id='word_1_270' title='bbox 1658 2295 1792 2334; x_wconf 83' lang='lat' dir='ltr'><strong>neve</strong></span> <span class='ocrx_word' id='word_1_271' title='bbox 1819 2279 2054 2332; x_wconf 91' lang='lat' dir='ltr'><strong>hostium</strong></span> <span class='ocrx_word' id='word_1_272' title='bbox 2083 2277 2135 2328; x_wconf 93' lang='lat' dir='ltr'><strong>in</strong></span> <span class='ocrx_word' id='word_1_273' title='bbox 2164 2288 2257 2342; x_wconf 87' lang='lat' dir='ltr'><strong>po-</strong></span> 
     </span>
    </p>
   </div>
   <div class='ocr_carea' id='block_1_40' title="bbox 700 2368 2260 2438">
    <p class='ocr_par' dir='ltr' id='par_1_40' title="bbox 700 2368 2260 2438">
     <span class='ocr_line' id='line_1_40' title="bbox 700 2368 2260 2438; baseline 0.001 -21"><span class='ocrx_word' id='word_1_274' title='bbox 700 2375 947 2419; x_wconf 88' lang='lat' dir='ltr'><strong>testatem</strong></span> <span class='ocrx_word' id='word_1_275' title='bbox 997 2368 1260 2436; x_wconf 81' lang='lat' dir='ltr'><strong>venirent,</strong></span> <span class='ocrx_word' id='word_1_276' title='bbox 1304 2370 1530 2426; x_wconf 83' lang='lat' dir='ltr'><strong>ellicere.</strong></span> <span class='ocrx_word' id='word_1_277' title='bbox 1571 2371 1640 2426; x_wconf 89' lang='lat' dir='ltr'><strong>At</strong></span> <span class='ocrx_word' id='word_1_278' title='bbox 1685 2371 1731 2426; x_wconf 91' lang='lat' dir='ltr'><strong>is</strong></span> <span class='ocrx_word' id='word_1_279' title='bbox 1770 2387 1838 2425; x_wconf 89' lang='lat' dir='ltr'><strong>ne</strong></span> <span class='ocrx_word' id='word_1_280' title='bbox 1869 2371 1972 2424; x_wconf 85' lang='lat' dir='ltr'><strong>hoc</strong></span> <span class='ocrx_word' id='word_1_281' title='bbox 1999 2369 2214 2438; x_wconf 87' lang='lat' dir='ltr'><strong>quidem</strong></span> <span class='ocrx_word' id='word_1_282' title='bbox 2246 2380 2260 2428; x_wconf 94' lang='lat'><strong>;</strong></span> 
     </span>
    </p>
   </div>
   <div class='ocr_carea' id='block_1_41' title="bbox 699 2458 2262 2531">
    <p class='ocr_par' dir='ltr' id='par_1_41' title="bbox 699 2458 2262 2531">
     <span class='ocr_line' id='line_1_41' title="bbox 699 2458 2262 2531; baseline 0.001 -21"><span class='ocrx_word' id='word_1_283' title='bbox 699 2458 808 2512; x_wconf 92' lang='lat' dir='ltr'><strong>imo</strong></span> <span class='ocrx_word' id='word_1_284' title='bbox 847 2475 944 2514; x_wconf 88' lang='lat' dir='ltr'><strong>nec</strong></span> <span class='ocrx_word' id='word_1_285' title='bbox 987 2461 1289 2531; x_wconf 87' lang='lat' dir='ltr'><strong>cujusmodi</strong></span> <span class='ocrx_word' id='word_1_286' title='bbox 1333 2465 1403 2518; x_wconf 86' lang='lat' dir='ltr'><strong>sit</strong></span> <span class='ocrx_word' id='word_1_287' title='bbox 1444 2467 1510 2520; x_wconf 89' lang='lat' dir='ltr'><strong>iis</strong></span> <span class='ocrx_word' id='word_1_288' title='bbox 1559 2464 1773 2519; x_wconf 83' lang='lat' dir='ltr'><strong>futurus</strong></span> <span class='ocrx_word' id='word_1_289' title='bbox 1821 2464 2032 2517; x_wconf 87' lang='lat' dir='ltr'><strong>adversi</strong></span> <span class='ocrx_word' id='word_1_290' title='bbox 2077 2459 2262 2514; x_wconf 84' lang='lat' dir='ltr'><strong>Martis</strong></span> 
     </span>
    </p>
   </div>
   <div class='ocr_carea' id='block_1_42' title="bbox 2361 2000 3909 2074">
    <p class='ocr_par' dir='ltr' id='par_1_42' title="bbox 2361 2000 3909 2074">
     <span class='ocr_line' id='line_1_42' title="bbox 2361 2000 3909 2074; baseline 0.003 -20"><span class='ocrx_word' id='word_1_291' title='bbox 2361 2003 2436 2065; x_wconf 71' lang='lat' dir='ltr'><strong>LL;</strong></span> <span class='ocrx_word' id='word_1_292' title='bbox 2482 2003 2548 2055; x_wconf 84' lang='grc' dir='ltr'><strong>ἂν</strong></span> <span class='ocrx_word' id='word_1_293' title='bbox 2597 2001 2815 2064; x_wconf 75' lang='grc' dir='ltr'>οἰκείοις</span> <span class='ocrx_word' id='word_1_294' title='bbox 2865 2000 3036 2069; x_wconf 79' lang='grc' dir='ltr'>φίλοις</span> <span class='ocrx_word' id='word_1_295' title='bbox 3080 2002 3388 2073; x_wconf 82' lang='grc' dir='ltr'>προξενεῖν·</span> <span class='ocrx_word' id='word_1_296' title='bbox 3442 2005 3487 2055; x_wconf 88' lang='grc' dir='ltr'>εἰ</span> <span class='ocrx_word' id='word_1_297' title='bbox 3536 2005 3590 2057; x_wconf 82' lang='grc' dir='ltr'>δὲ</span> <span class='ocrx_word' id='word_1_298' title='bbox 3655 2006 3723 2074; x_wconf 77' lang='grc' dir='ltr'>μὴ</span> <span class='ocrx_word' id='word_1_299' title='bbox 3764 2005 3909 2058; x_wconf 73' lang='grc' dir='ltr'>τοῦτο</span> 
     </span>
    </p>
   </div>
   <div class='ocr_carea' id='block_1_43' title="bbox 2361 2087 3906 2165">
    <p class='ocr_par' dir='ltr' id='par_1_43' title="bbox 2361 2087 3906 2165">
     <span class='ocr_line' id='line_1_43' title="bbox 2361 2087 3906 2165; baseline 0.002 -20"><span class='ocrx_word' id='word_1_300' title='bbox 2361 2092 2583 2153; x_wconf 73' lang='grc' dir='ltr'>δυνατὸς</span> <span class='ocrx_word' id='word_1_301' title='bbox 2609 2087 2696 2160; x_wconf 78' lang='grc' dir='ltr'>ἦν,</span> <span class='ocrx_word' id='word_1_302' title='bbox 2737 2089 2836 2143; x_wconf 80' lang='grc' dir='ltr'><strong>κᾶν</strong></span> <span class='ocrx_word' id='word_1_303' title='bbox 2873 2090 2933 2142; x_wconf 78' lang='grc' dir='ltr'><strong>τὸ</strong></span> <span class='ocrx_word' id='word_1_304' title='bbox 2969 2092 3041 2162; x_wconf 88' lang='grc' dir='ltr'><strong>μὴ</strong></span> <span class='ocrx_word' id='word_1_305' title='bbox 3091 2092 3279 2145; x_wconf 83' lang='grc' dir='ltr'>παθεῖν</span> <span class='ocrx_word' id='word_1_306' title='bbox 3313 2094 3526 2157; x_wconf 74' lang='grc' dir='ltr'>αὐτοὺς,</span> <span class='ocrx_word' id='word_1_307' title='bbox 3567 2095 3686 2165; x_wconf 77' lang='grc' dir='ltr'>μηδ’</span> <span class='ocrx_word' id='word_1_308' title='bbox 3722 2095 3906 2148; x_wconf 81' lang='grc' dir='ltr'>ἁλῶναι</span> 
     </span>
    </p>
   </div>
   <div class='ocr_carea' id='block_1_44' title="bbox 2366 2181 3907 2252">
    <p class='ocr_par' dir='ltr' id='par_1_44' title="bbox 2366 2181 3907 2252">
     <span class='ocr_line' id='line_1_44' title="bbox 2366 2181 3907 2252; baseline 0.001 -18"><span class='ocrx_word' id='word_1_309' title='bbox 2366 2182 2649 2252; x_wconf 81' lang='grc' dir='ltr'>παρέχειν.</span> <span class='ocrx_word' id='word_1_310' title='bbox 2691 2181 2748 2233; x_wconf 85' lang='grc' dir='ltr'>Ὁ</span> <span class='ocrx_word' id='word_1_311' title='bbox 2780 2181 2856 2246; x_wconf 78' lang='grc' dir='ltr'><strong>δὲ,</strong></span> <span class='ocrx_word' id='word_1_312' title='bbox 2898 2182 3016 2234; x_wconf 81' lang='grc' dir='ltr'>οὐδὲ</span> <span class='ocrx_word' id='word_1_313' title='bbox 3051 2183 3226 2246; x_wconf 75' lang='grc' dir='ltr'>τοῦτο,</span> <span class='ocrx_word' id='word_1_314' title='bbox 3262 2184 3372 2235; x_wconf 83' lang='grc' dir='ltr'>ἀλλ’</span> <span class='ocrx_word' id='word_1_315' title='bbox 3419 2185 3524 2236; x_wconf 80' lang='grc' dir='ltr'>οὐδ’</span> <span class='ocrx_word' id='word_1_316' title='bbox 3561 2187 3703 2246; x_wconf 82' lang='grc' dir='ltr'>ὅπως</span> <span class='ocrx_word' id='word_1_317' title='bbox 3741 2188 3907 2249; x_wconf 78' lang='grc' dir='ltr'>αὺτοῖς</span> 
     </span>
    </p>
   </div>
   <div class='ocr_carea' id='block_1_45' title="bbox 2362 2273 3907 2346">
    <p class='ocr_par' dir='ltr' id='par_1_45' title="bbox 2362 2273 3907 2346">
     <span class='ocr_line' id='line_1_45' title="bbox 2362 2273 3907 2346; baseline 0.003 -21"><span class='ocrx_word' id='word_1_318' title='bbox 2362 2273 2432 2325; x_wconf 75' lang='grc' dir='ltr'>τὰ</span> <span class='ocrx_word' id='word_1_319' title='bbox 2458 2273 2553 2342; x_wconf 82' lang='grc' dir='ltr'>τῆς</span> <span class='ocrx_word' id='word_1_320' title='bbox 2583 2273 2748 2342; x_wconf 77' lang='grc' dir='ltr'>ἥττης</span> <span class='ocrx_word' id='word_1_321' title='bbox 2771 2275 3151 2344; x_wconf 83' lang='grc' dir='ltr'>περιστήσεται</span> <span class='ocrx_word' id='word_1_322' title='bbox 3181 2275 3461 2343; x_wconf 82' lang='grc' dir='ltr'>γινώσκειν</span> <span class='ocrx_word' id='word_1_323' title='bbox 3488 2288 3534 2329; x_wconf 76' lang='grc' dir='ltr'><strong>ι.</strong></span> <span class='ocrx_word' id='word_1_324' title='bbox 3564 2277 3651 2329; x_wconf 79' lang='grc' dir='ltr'>Διὸ</span> <span class='ocrx_word' id='word_1_325' title='bbox 3678 2278 3769 2330; x_wconf 81' lang='grc' dir='ltr'>καὶ</span> <span class='ocrx_word' id='word_1_326' title='bbox 3788 2280 3907 2346; x_wconf 78' lang='grc' dir='ltr'>πρὸς</span> 
     </span>
    </p>
   </div>
   <div class='ocr_carea' id='block_1_46' title="bbox 2368 2356 3443 2432">
    <p class='ocr_par' dir='ltr' id='par_1_46' title="bbox 2368 2356 3443 2432">
     <span class='ocr_line' id='line_1_46' title="bbox 2368 2356 3443 2432; baseline 0.005 -19"><span class='ocrx_word' id='word_1_327' title='bbox 2368 2361 2537 2415; x_wconf 77' lang='grc' dir='ltr'>ταῦτα</span> <span class='ocrx_word' id='word_1_328' title='bbox 2565 2356 2652 2415; x_wconf 83' lang='grc' dir='ltr'><strong>οἷά</strong></span> <span class='ocrx_word' id='word_1_329' title='bbox 2677 2379 2839 2432; x_wconf 81' lang='grc' dir='ltr'>φησιν</span> <span class='ocrx_word' id='word_1_330' title='bbox 2863 2364 2891 2416; x_wconf 87' lang='grc' dir='ltr'>ὁ</span> <span class='ocrx_word' id='word_1_331' title='bbox 2920 2362 3159 2432; x_wconf 78' lang='grc' dir='ltr'>ἐλεγχος,</span> <span class='ocrx_word' id='word_1_332' title='bbox 3186 2365 3368 2418; x_wconf 83' lang='grc' dir='ltr'>ἄκουε.</span> <span class='ocrx_word' id='word_1_333' title='bbox 3437 2399 3443 2404; x_wconf 90' lang='lat'><strong><em>-</em></strong></span> 
     </span>
    </p>
   </div>
   <div class='ocr_carea' id='block_1_47' title="bbox 698 2551 3478 2631">
    <p class='ocr_par' dir='ltr' id='par_1_47' title="bbox 698 2551 3478 2631">
     <span class='ocr_line' id='line_1_47' title="bbox 698 2551 3478 2631; baseline 0.001 -23"><span class='ocrx_word' id='word_1_334' title='bbox 698 2558 874 2612; x_wconf 81' lang='lat' dir='ltr'><strong>exitus</strong></span> <span class='ocrx_word' id='word_1_335' title='bbox 905 2559 1167 2627; x_wconf 82' lang='lat' dir='ltr'><strong>intelligit.</strong></span> <span class='ocrx_word' id='word_1_336' title='bbox 1200 2560 1341 2630; x_wconf 84' lang='lat' dir='ltr'><strong>Ergo</strong></span> <span class='ocrx_word' id='word_1_337' title='bbox 1374 2566 1826 2631; x_wconf 85' lang='lat' dir='ltr'><strong>quemadmodum</strong></span> <span class='ocrx_word' id='word_1_338' title='bbox 1867 2567 1970 2619; x_wconf 90' lang='lat' dir='ltr'><strong>hoc</strong></span> <span class='ocrx_word' id='word_1_339' title='bbox 2002 2564 2164 2618; x_wconf 89' lang='lat' dir='ltr'><strong>etiam</strong></span> <span class='ocrx_word' id='word_1_340' title='bbox 2195 2560 2248 2613; x_wconf 89' lang='lat' dir='ltr'><strong>in</strong></span> <span class='ocrx_word' id='word_1_341' title='bbox 2287 2553 2565 2610; x_wconf 86' lang='lat' dir='ltr'><strong>oraculum</strong></span> <span class='ocrx_word' id='word_1_342' title='bbox 2595 2551 2910 2607; x_wconf 72' lang='lat' dir='ltr'><strong>(Enomaus</strong></span> <span class='ocrx_word' id='word_1_343' title='bbox 2936 2554 3241 2619; x_wconf 80' lang='lat' dir='ltr'><strong>invehatur,</strong></span> <span class='ocrx_word' id='word_1_344' title='bbox 3275 2557 3478 2627; x_wconf 81' lang='lat' dir='ltr'><strong>accipe.</strong></span> 
     </span>
    </p>
   </div>
   <div class='ocr_carea' id='block_1_48' title="bbox 1140 2654 1796 2723">
    <p class='ocr_par' dir='ltr' id='par_1_48' title="bbox 1140 2654 1796 2723">
     <span class='ocr_line' id='line_1_48' title="bbox 1140 2654 1796 2723; baseline 0.006 -15"><span class='ocrx_word' id='word_1_345' title='bbox 1140 2654 1312 2723; x_wconf 80' lang='lat'><strong>219</strong></span> <span class='ocrx_word' id='word_1_346' title='bbox 1353 2655 1582 2710; x_wconf 82' lang='lat' dir='ltr'><strong>CAPUT</strong></span> <span class='ocrx_word' id='word_1_347' title='bbox 1633 2657 1796 2712; x_wconf 75' lang='lat' dir='ltr'><strong>xxv.</strong></span> 
     </span>
    </p>
   </div>
   <div class='ocr_carea' id='block_1_49' title="bbox 975 2742 1970 2807">
    <p class='ocr_par' dir='ltr' id='par_1_49' title="bbox 975 2742 1970 2807">
     <span class='ocr_line' id='line_1_49' title="bbox 975 2742 1970 2807; baseline 0.004 -11"><span class='ocrx_word' id='word_1_348' title='bbox 975 2742 1293 2807; x_wconf 82' lang='lat' dir='ltr'><strong>Responsum</strong></span> <span class='ocrx_word' id='word_1_349' title='bbox 1318 2746 1728 2801; x_wconf 78' lang='lat' dir='ltr'><strong>Lacedwmoniis</strong></span> <span class='ocrx_word' id='word_1_350' title='bbox 1753 2750 1970 2802; x_wconf 80' lang='lat' dir='ltr'><strong>editum.</strong></span> 
     </span>
    </p>
   </div>
   <div class='ocr_carea' id='block_1_50' title="bbox 772 2826 2251 2905">
    <p class='ocr_par' dir='ltr' id='par_1_50' title="bbox 772 2826 2251 2905">
     <span class='ocr_line' id='line_1_50' title="bbox 772 2826 2251 2905; baseline 0.007 -24"><span class='ocrx_word' id='word_1_351' title='bbox 772 2849 791 2881; x_wconf 71' lang='grc' dir='ltr'><strong>ι</strong></span> <span class='ocrx_word' id='word_1_352' title='bbox 819 2826 1165 2902; x_wconf 87' lang='lat' dir='ltr'><strong>Atejusdem,</strong></span> <span class='ocrx_word' id='word_1_353' title='bbox 1192 2837 1424 2905; x_wconf 75' lang='lat' dir='ltr'><strong>inquies,</strong></span> <span class='ocrx_word' id='word_1_354' title='bbox 1454 2840 1662 2892; x_wconf 86' lang='lat' dir='ltr'><strong>consilii</strong></span> <span class='ocrx_word' id='word_1_355' title='bbox 1699 2839 2121 2893; x_wconf 71' lang='lat' dir='ltr'><strong>Lacedazmoniis</strong></span> <span class='ocrx_word' id='word_1_356' title='bbox 2155 2854 2251 2892; x_wconf 90' lang='lat' dir='ltr'><strong>au-</strong></span> 
     </span>
    </p>
   </div>
   <div class='ocr_carea' id='block_1_51' title="bbox 693 2928 2248 2998">
    <p class='ocr_par' dir='ltr' id='par_1_51' title="bbox 693 2928 2248 2998">
     <span class='ocr_line' id='line_1_51' title="bbox 693 2928 2248 2998; baseline 0.005 -20"><span class='ocrx_word' id='word_1_357' title='bbox 693 2931 897 2978; x_wconf 84' lang='lat' dir='ltr'><strong>ctorem</strong></span> <span class='ocrx_word' id='word_1_358' title='bbox 936 2941 1055 2978; x_wconf 91' lang='lat' dir='ltr'><strong>esse</strong></span> <span class='ocrx_word' id='word_1_359' title='bbox 1083 2941 1192 2979; x_wconf 91' lang='lat' dir='ltr'><strong>non</strong></span> <span class='ocrx_word' id='word_1_360' title='bbox 1219 2928 1418 2983; x_wconf 87' lang='lat' dir='ltr'><strong>decuit.</strong></span> <span class='ocrx_word' id='word_1_361' title='bbox 1455 2929 1637 2984; x_wconf 82' lang='lat' dir='ltr'><strong>Recte.</strong></span> <span class='ocrx_word' id='word_1_362' title='bbox 1668 2930 1776 2984; x_wconf 82' lang='lat' dir='ltr'><strong>Nec</strong></span> <span class='ocrx_word' id='word_1_363' title='bbox 1809 2932 1976 2992; x_wconf 89' lang='lat' dir='ltr'><strong>enim,</strong></span> <span class='ocrx_word' id='word_1_364' title='bbox 2005 2930 2248 2998; x_wconf 87' lang='lat' dir='ltr'><strong>improbe</strong></span> 
     </span>
    </p>
   </div>
   <div class='ocr_carea' id='block_1_52' title="bbox 695 3011 2257 3088">
    <p class='ocr_par' dir='ltr' id='par_1_52' title="bbox 695 3011 2257 3088">
     <span class='ocr_line' id='line_1_52' title="bbox 695 3011 2257 3088; baseline 0.005 -25"><span class='ocrx_word' id='word_1_365' title='bbox 695 3011 960 3077; x_wconf 79' lang='lat' dir='ltr'><strong>sophista,</strong></span> <span class='ocrx_word' id='word_1_366' title='bbox 994 3029 1177 3078; x_wconf 90' lang='lat' dir='ltr'><strong>noras,</strong></span> <span class='ocrx_word' id='word_1_367' title='bbox 1217 3016 1430 3069; x_wconf 89' lang='lat' dir='ltr'><strong>idemne</strong></span> <span class='ocrx_word' id='word_1_368' title='bbox 1463 3017 1668 3086; x_wconf 78' lang='lat' dir='ltr'><strong>Sparta:</strong></span> <span class='ocrx_word' id='word_1_369' title='bbox 1721 3020 1862 3088; x_wconf 90' lang='lat' dir='ltr'><strong>quod</strong></span> <span class='ocrx_word' id='word_1_370' title='bbox 1893 3019 2082 3071; x_wconf 83' lang='lat' dir='ltr'><strong>Atticae</strong></span> <span class='ocrx_word' id='word_1_371' title='bbox 2115 3019 2257 3088; x_wconf 88' lang='lat' dir='ltr'><strong>peri-</strong></span> 
     </span>
    </p>
   </div>
   <div class='ocr_carea' id='block_1_53' title="bbox 695 3103 2256 3178">
    <p class='ocr_par' dir='ltr' id='par_1_53' title="bbox 695 3103 2256 3178">
     <span class='ocr_line' id='line_1_53' title="bbox 695 3103 2256 3178; baseline 0.005 -21"><span class='ocrx_word' id='word_1_372' title='bbox 695 3104 877 3158; x_wconf 90' lang='lat' dir='ltr'><strong>culum</strong></span> <span class='ocrx_word' id='word_1_373' title='bbox 928 3105 1253 3160; x_wconf 88' lang='lat' dir='ltr'><strong>immineret.</strong></span> <span class='ocrx_word' id='word_1_374' title='bbox 1313 3107 1495 3178; x_wconf 82' lang='lat' dir='ltr'><strong>Itaque</strong></span> <span class='ocrx_word' id='word_1_375' title='bbox 1562 3113 1837 3165; x_wconf 86' lang='lat' dir='ltr'><strong>metuebas</strong></span> <span class='ocrx_word' id='word_1_376' title='bbox 1889 3128 1978 3174; x_wconf 88' lang='lat' dir='ltr'><strong>ne,</strong></span> <span class='ocrx_word' id='word_1_377' title='bbox 2025 3103 2146 3165; x_wconf 81' lang='lat' dir='ltr'><strong>cum</strong></span> <span class='ocrx_word' id='word_1_378' title='bbox 2189 3112 2256 3166; x_wconf 86' lang='lat' dir='ltr'><strong>iis</strong></span> 
     </span>
    </p>
   </div>
   <div class='ocr_carea' id='block_1_54' title="bbox 2865 2645 3417 2700">
    <p class='ocr_par' dir='ltr' id='par_1_54' title="bbox 2865 2645 3417 2700">
     <span class='ocr_line' id='line_1_54' title="bbox 2865 2645 3417 2700; baseline 0.005 -3"><span class='ocrx_word' id='word_1_379' title='bbox 2865 2645 3259 2700; x_wconf 80' lang='grc' dir='ltr'><strong>ΚΕΦΑΛΑΙΟΝ</strong></span> <span class='ocrx_word' id='word_1_380' title='bbox 3293 2649 3417 2700; x_wconf 84' lang='lat' dir='ltr'><strong>KE&#39;.</strong></span> 
     </span>
    </p>
   </div>
   <div class='ocr_carea' id='block_1_55' title="bbox 2748 2735 3533 2806">
    <p class='ocr_par' dir='ltr' id='par_1_55' title="bbox 2748 2735 3533 2806">
     <span class='ocr_line' id='line_1_55' title="bbox 2748 2735 3533 2806; baseline 0.004 -18"><span class='ocrx_word' id='word_1_381' title='bbox 2748 2736 2824 2788; x_wconf 85' lang='grc' dir='ltr'><em>Τὰ</em></span> <span class='ocrx_word' id='word_1_382' title='bbox 2852 2735 2999 2803; x_wconf 80' lang='grc' dir='ltr'>πρὸς</span> <span class='ocrx_word' id='word_1_383' title='bbox 3021 2737 3533 2806; x_wconf 77' lang='grc' dir='ltr'>Λακεδαιμονίους.</span> 
     </span>
    </p>
   </div>
   <div class='ocr_carea' id='block_1_56' title="bbox 2430 2829 3905 2901">
    <p class='ocr_par' dir='ltr' id='par_1_56' title="bbox 2430 2829 3905 2901">
     <span class='ocr_line' id='line_1_56' title="bbox 2430 2829 3905 2901; baseline 0.001 -20"><span class='ocrx_word' id='word_1_384' title='bbox 2430 2848 2448 2880; x_wconf 74' lang='grc' dir='ltr'><strong>ι</strong></span> <span class='ocrx_word' id='word_1_385' title='bbox 2501 2829 2637 2881; x_wconf 85' lang='grc' dir='ltr'>Ἀλλ’</span> <span class='ocrx_word' id='word_1_386' title='bbox 2669 2829 2730 2881; x_wconf 83' lang='grc' dir='ltr'><strong>οὐ</strong></span> <span class='ocrx_word' id='word_1_387' title='bbox 2758 2829 2835 2880; x_wconf 89' lang='grc' dir='ltr'><strong>δεῖ</strong></span> <span class='ocrx_word' id='word_1_388' title='bbox 2854 2829 3309 2899; x_wconf 72' lang='grc' dir='ltr'>Λακεδαιμονίοις,</span> <span class='ocrx_word' id='word_1_389' title='bbox 3339 2832 3546 2901; x_wconf 76' lang='grc' dir='ltr'>φήσεις,</span> <span class='ocrx_word' id='word_1_390' title='bbox 3569 2829 3755 2881; x_wconf 71' lang='grc' dir='ltr'>ταύτὸν</span> <span class='ocrx_word' id='word_1_391' title='bbox 3781 2845 3905 2900; x_wconf 86' lang='grc' dir='ltr'>παρ-</span> 
     </span>
    </p>
   </div>
   <div class='ocr_carea' id='block_1_57' title="bbox 2354 2916 3900 2993">
    <p class='ocr_par' dir='ltr' id='par_1_57' title="bbox 2354 2916 3900 2993">
     <span class='ocr_line' id='line_1_57' title="bbox 2354 2916 3900 2993; baseline -0.003 -18"><span class='ocrx_word' id='word_1_392' title='bbox 2354 2924 2540 2976; x_wconf 75' lang='grc' dir='ltr'>αινεῖν.</span> <span class='ocrx_word' id='word_1_393' title='bbox 2583 2921 2778 2992; x_wconf 82' lang='grc' dir='ltr'>Ἀληθῆ</span> <span class='ocrx_word' id='word_1_394' title='bbox 2821 2922 3012 2989; x_wconf 81' lang='grc' dir='ltr'>λέγεις.</span> <span class='ocrx_word' id='word_1_395' title='bbox 3047 2924 3119 2975; x_wconf 77' lang='grc' dir='ltr'><strong>Οὐ</strong></span> <span class='ocrx_word' id='word_1_396' title='bbox 3144 2923 3252 2993; x_wconf 77' lang='grc' dir='ltr'><strong>γὰρ</strong></span> <span class='ocrx_word' id='word_1_397' title='bbox 3283 2923 3567 2991; x_wconf 68' lang='grc' dir='ltr'>ἠπίστασο,</span> <span class='ocrx_word' id='word_1_398' title='bbox 3602 2916 3644 2974; x_wconf 76' lang='grc' dir='ltr'>ὦ</span> <span class='ocrx_word' id='word_1_399' title='bbox 3673 2921 3900 2990; x_wconf 72' lang='grc' dir='ltr'>σοφιστὰ,</span> 
     </span>
    </p>
   </div>
   <div class='ocr_carea' id='block_1_58' title="bbox 2362 3011 3900 3082">
    <p class='ocr_par' dir='ltr' id='par_1_58' title="bbox 2362 3011 3900 3082">
     <span class='ocr_line' id='line_1_58' title="bbox 2362 3011 3900 3082; baseline -0.001 -19"><span class='ocrx_word' id='word_1_400' title='bbox 2362 3013 2409 3063; x_wconf 76' lang='grc' dir='ltr'>εἰ</span> <span class='ocrx_word' id='word_1_401' title='bbox 2438 3013 2675 3082; x_wconf 82' lang='grc' dir='ltr'>χωρήσει</span> <span class='ocrx_word' id='word_1_402' title='bbox 2711 3012 2776 3065; x_wconf 71' lang='grc' dir='ltr'>τὰ</span> <span class='ocrx_word' id='word_1_403' title='bbox 2807 3012 2906 3081; x_wconf 84' lang='grc' dir='ltr'>τῆς</span> <span class='ocrx_word' id='word_1_404' title='bbox 2936 3012 3192 3082; x_wconf 78' lang='grc' dir='ltr'>Σπάρτης</span> <span class='ocrx_word' id='word_1_405' title='bbox 3216 3012 3401 3081; x_wconf 80' lang='grc' dir='ltr'>ὥσπερ</span> <span class='ocrx_word' id='word_1_406' title='bbox 3426 3011 3492 3063; x_wconf 83' lang='grc' dir='ltr'>τὰ</span> <span class='ocrx_word' id='word_1_407' title='bbox 3517 3012 3612 3081; x_wconf 78' lang='grc' dir='ltr'>τῆς</span> <span class='ocrx_word' id='word_1_408' title='bbox 3653 3012 3900 3079; x_wconf 74' lang='grc' dir='ltr'>Ἀττικῆς.</span> 
     </span>
    </p>
   </div>
   <div class='ocr_carea' id='block_1_59' title="bbox 2372 3097 3900 3172">
    <p class='ocr_par' dir='ltr' id='par_1_59' title="bbox 2372 3097 3900 3172">
     <span class='ocr_line' id='line_1_59' title="bbox 2372 3097 3900 3172; baseline 0 -18"><span class='ocrx_word' id='word_1_409' title='bbox 2372 3100 2688 3164; x_wconf 84' lang='grc' dir='ltr'>Ἐδεδοίκεις</span> <span class='ocrx_word' id='word_1_410' title='bbox 2717 3097 2808 3154; x_wconf 76' lang='grc' dir='ltr'><strong>οὖν</strong></span> <span class='ocrx_word' id='word_1_411' title='bbox 2843 3102 2916 3172; x_wconf 85' lang='grc' dir='ltr'><strong>μὴ</strong></span> <span class='ocrx_word' id='word_1_412' title='bbox 2953 3102 3014 3154; x_wconf 76' lang='grc' dir='ltr'><strong>σὺ</strong></span> <span class='ocrx_word' id='word_1_413' title='bbox 3054 3102 3152 3170; x_wconf 86' lang='grc' dir='ltr'><strong>μὲν</strong></span> <span class='ocrx_word' id='word_1_414' title='bbox 3182 3101 3441 3172; x_wconf 77' lang='grc' dir='ltr'>κελεύσῃς</span> <span class='ocrx_word' id='word_1_415' title='bbox 3468 3104 3658 3166; x_wconf 76' lang='grc' dir='ltr'>αὐτοὺς</span> <span class='ocrx_word' id='word_1_416' title='bbox 3682 3103 3900 3172; x_wconf 74' lang='grc' dir='ltr'>φεύγειν,</span> 
     </span>
    </p>
   </div>
   <div class='ocr_carea' id='block_1_60' title="bbox 693 3191 2252 3273">
    <p class='ocr_par' dir='ltr' id='par_1_60' title="bbox 693 3192 2247 3270">
     <span class='ocr_line' id='line_1_60' title="bbox 693 3192 2247 3270; baseline 0.007 -25"><span class='ocrx_word' id='word_1_417' title='bbox 693 3192 875 3262; x_wconf 80' lang='lat' dir='ltr'><strong>fugam</strong></span> <span class='ocrx_word' id='word_1_418' title='bbox 898 3196 1176 3260; x_wconf 89' lang='lat' dir='ltr'><strong>suasisset,</strong></span> <span class='ocrx_word' id='word_1_419' title='bbox 1209 3197 1453 3268; x_wconf 89' lang='lat' dir='ltr'><strong>fugerent</strong></span> <span class='ocrx_word' id='word_1_420' title='bbox 1475 3201 1548 3253; x_wconf 89' lang='lat' dir='ltr'><strong>illi</strong></span> <span class='ocrx_word' id='word_1_421' title='bbox 1573 3203 1810 3270; x_wconf 90' lang='lat' dir='ltr'><strong>quidem,</strong></span> <span class='ocrx_word' id='word_1_422' title='bbox 1826 3201 2002 3256; x_wconf 82' lang='lat' dir='ltr'><strong>Persae</strong></span> <span class='ocrx_word' id='word_1_423' title='bbox 2019 3218 2146 3256; x_wconf 89' lang='lat' dir='ltr'><strong>vero</strong></span> <span class='ocrx_word' id='word_1_424' title='bbox 2162 3218 2247 3256; x_wconf 88' lang='lat' dir='ltr'><strong>ne-</strong></span> 
     </span>
    </p>
   </div>
   <div class='ocr_carea' id='block_1_61' title="bbox 2354 3191 3902 3273">
    <p class='ocr_par' dir='ltr' id='par_1_61' title="bbox 2362 3191 3902 3272">
     <span class='ocr_line' id='line_1_61' title="bbox 2362 3191 3902 3272; baseline -0.003 -26"><span class='ocrx_word' id='word_1_425' title='bbox 2362 3194 2595 3246; x_wconf 78' lang='grc' dir='ltr'>κᾶπειτα</span> <span class='ocrx_word' id='word_1_426' title='bbox 2636 3195 2681 3245; x_wconf 86' lang='grc' dir='ltr'>οἱ</span> <span class='ocrx_word' id='word_1_427' title='bbox 2730 3194 2826 3263; x_wconf 85' lang='grc' dir='ltr'><strong>μὲν</strong></span> <span class='ocrx_word' id='word_1_428' title='bbox 2859 3192 3138 3260; x_wconf 75' lang='grc' dir='ltr'>φεύγοιεν,</span> <span class='ocrx_word' id='word_1_429' title='bbox 3168 3194 3214 3243; x_wconf 81' lang='lat' dir='ltr'><strong>oi</strong></span> <span class='ocrx_word' id='word_1_430' title='bbox 3248 3191 3301 3242; x_wconf 80' lang='grc' dir='ltr'><strong>δὲ</strong></span> <span class='ocrx_word' id='word_1_431' title='bbox 3335 3193 3405 3263; x_wconf 80' lang='grc' dir='ltr'><strong>μὴ</strong></span> <span class='ocrx_word' id='word_1_432' title='bbox 3440 3192 3728 3272; x_wconf 71' lang='grc' dir='ltr'>ἐπέλθοιεν.</span> <span class='ocrx_word' id='word_1_433' title='bbox 3767 3191 3902 3245; x_wconf 71' lang='grc' dir='ltr'>Ἐπεὶ</span> 
     </span>
    </p>
   </div>
   <div class='ocr_carea' id='block_1_62' title="bbox 694 3279 2252 3362">
    <p class='ocr_par' dir='ltr' id='par_1_62' title="bbox 694 3279 2252 3362">
     <span class='ocr_line' id='line_1_62' title="bbox 694 3279 2252 3362; baseline 0.007 -26"><span class='ocrx_word' id='word_1_434' title='bbox 694 3300 965 3353; x_wconf 85' lang='lat' dir='ltr'><strong>quaquam</strong></span> <span class='ocrx_word' id='word_1_435' title='bbox 984 3287 1315 3357; x_wconf 82' lang='lat' dir='ltr'><strong>ingruerent.</strong></span> <span class='ocrx_word' id='word_1_436' title='bbox 1342 3279 1403 3343; x_wconf 80' lang='lat' dir='ltr'><strong>Et</strong></span> <span class='ocrx_word' id='word_1_437' title='bbox 1422 3291 1676 3360; x_wconf 91' lang='lat' dir='ltr'><strong>quoniam</strong></span> <span class='ocrx_word' id='word_1_438' title='bbox 1701 3294 2130 3362; x_wconf 85' lang='lat' dir='ltr'><strong>respondendum</strong></span> <span class='ocrx_word' id='word_1_439' title='bbox 2156 3295 2252 3347; x_wconf 79' lang='lat' dir='ltr'><strong>ali-</strong></span> 
     </span>
    </p>
   </div>
   <div class='ocr_carea' id='block_1_63' title="bbox 693 3376 2241 3450">
    <p class='ocr_par' dir='ltr' id='par_1_63' title="bbox 693 3376 2241 3450">
     <span class='ocr_line' id='line_1_63' title="bbox 693 3376 2241 3450; baseline 0.006 -22"><span class='ocrx_word' id='word_1_440' title='bbox 693 3376 823 3445; x_wconf 91' lang='lat' dir='ltr'><strong>quid</strong></span> <span class='ocrx_word' id='word_1_441' title='bbox 840 3388 974 3444; x_wconf 89' lang='lat' dir='ltr'><strong>erat,</strong></span> <span class='ocrx_word' id='word_1_442' title='bbox 995 3379 1096 3434; x_wconf 92' lang='lat' dir='ltr'><strong>hoc</strong></span> <span class='ocrx_word' id='word_1_443' title='bbox 1122 3383 1366 3450; x_wconf 79' lang='lat' dir='ltr'><strong>responsi</strong></span> <span class='ocrx_word' id='word_1_444' title='bbox 1389 3394 1562 3437; x_wconf 90' lang='lat' dir='ltr'><strong>tamen</strong></span> <span class='ocrx_word' id='word_1_445' title='bbox 1580 3383 2002 3439; x_wconf 69' lang='lat' dir='ltr'><strong>Lacedaemoniis</strong></span> <span class='ocrx_word' id='word_1_446' title='bbox 2025 3386 2241 3440; x_wconf 89' lang='lat' dir='ltr'><strong>dedisti:</strong></span> 
     </span>
    </p>
   </div>
   <div class='ocr_carea' id='block_1_64' title="bbox 695 3485 1882 3563">
    <p class='ocr_par' dir='ltr' id='par_1_64' title="bbox 695 3485 1882 3563">
     <span class='ocr_line' id='line_1_64' title="bbox 695 3485 1882 3563; baseline 0.009 -26"><span class='ocrx_word' id='word_1_447' title='bbox 695 3485 905 3563; x_wconf 36' lang='lat' dir='ltr'><strong>ﬂabilis</strong></span> <span class='ocrx_word' id='word_1_448' title='bbox 944 3506 973 3541; x_wconf 91' lang='grc' dir='ltr'><strong>ο</strong></span> <span class='ocrx_word' id='word_1_449' title='bbox 1006 3489 1210 3557; x_wconf 73' lang='lat' dir='ltr'><strong>Sparta:</strong></span> <span class='ocrx_word' id='word_1_450' title='bbox 1233 3494 1384 3559; x_wconf 77' lang='lat' dir='ltr'><strong>cives,</strong></span> <span class='ocrx_word' id='word_1_451' title='bbox 1409 3505 1496 3545; x_wconf 86' lang='lat' dir='ltr'><strong>aut</strong></span> <span class='ocrx_word' id='word_1_452' title='bbox 1525 3496 1717 3563; x_wconf 81' lang='lat' dir='ltr'><strong>inclyta</strong></span> <span class='ocrx_word' id='word_1_453' title='bbox 1742 3498 1882 3549; x_wconf 85' lang='lat' dir='ltr'><strong>vobis</strong></span> 
     </span>
    </p>
   </div>
   <div class='ocr_carea' id='block_1_65' title="bbox 698 3554 2112 3632">
    <p class='ocr_par' dir='ltr' id='par_1_65' title="bbox 698 3554 2112 3632">
     <span class='ocr_line' id='line_1_65' title="bbox 698 3554 2112 3632; baseline 0.008 -24"><span class='ocrx_word' id='word_1_454' title='bbox 698 3554 834 3632; x_wconf 55' lang='lat' dir='ltr'><strong>(Iros</strong></span> <span class='ocrx_word' id='word_1_455' title='bbox 861 3554 1146 3632; x_wconf 66' lang='lat' dir='ltr'><strong>Persarum</strong></span> <span class='ocrx_word' id='word_1_456' title='bbox 1170 3564 1330 3632; x_wconf 80' lang='lat' dir='ltr'><strong>armis</strong></span> <span class='ocrx_word' id='word_1_457' title='bbox 1366 3554 1566 3628; x_wconf 73' lang='lat' dir='ltr'><strong>penitus</strong></span> <span class='ocrx_word' id='word_1_458' title='bbox 1607 3554 1851 3617; x_wconf 58' lang='lat' dir='ltr'><strong>subversa</strong></span> <span class='ocrx_word' id='word_1_459' title='bbox 1877 3566 2070 3632; x_wconf 84' lang='lat' dir='ltr'><strong>jacebit</strong></span> <span class='ocrx_word' id='word_1_460' title='bbox 2095 3583 2112 3618; x_wconf 91' lang='lat'><strong><em>:</em></strong></span> 
     </span>
    </p>
   </div>
   <div class='ocr_carea' id='block_1_66' title="bbox 693 3625 2183 3702">
    <p class='ocr_par' dir='ltr' id='par_1_66' title="bbox 693 3625 2183 3702">
     <span class='ocr_line' id='line_1_66' title="bbox 693 3625 2183 3702; baseline 0.008 -24"><span class='ocrx_word' id='word_1_461' title='bbox 693 3625 801 3678; x_wconf 78' lang='lat' dir='ltr'><strong>Aut</strong></span> <span class='ocrx_word' id='word_1_462' title='bbox 827 3628 871 3678; x_wconf 79' lang='lat' dir='ltr'><strong>si</strong></span> <span class='ocrx_word' id='word_1_463' title='bbox 894 3629 1071 3679; x_wconf 84' lang='lat' dir='ltr'><strong>eadem</strong></span> <span class='ocrx_word' id='word_1_464' title='bbox 1087 3631 1306 3697; x_wconf 82' lang='lat' dir='ltr'><strong>steterit,</strong></span> <span class='ocrx_word' id='word_1_465' title='bbox 1337 3625 1523 3700; x_wconf 74' lang='lat' dir='ltr'><strong>ntagno</strong></span> <span class='ocrx_word' id='word_1_466' title='bbox 1553 3650 1721 3702; x_wconf 88' lang='lat' dir='ltr'><strong>regem</strong></span> <span class='ocrx_word' id='word_1_467' title='bbox 1749 3625 1973 3688; x_wconf 64' lang='lat' dir='ltr'><strong>Hereule</strong></span> <span class='ocrx_word' id='word_1_468' title='bbox 2001 3646 2183 3689; x_wconf 86' lang='lat' dir='ltr'><strong>natum</strong></span> 
     </span>
    </p>
   </div>
   <div class='ocr_carea' id='block_1_67' title="bbox 704 3760 2115 3841">
    <p class='ocr_par' dir='ltr' id='par_1_67' title="bbox 704 3760 2115 3841">
     <span class='ocr_line' id='line_1_67' title="bbox 704 3760 2115 3841; baseline 0.011 -28"><span class='ocrx_word' id='word_1_469' title='bbox 704 3760 903 3815; x_wconf 85' lang='lat' dir='ltr'><strong>Tristia</strong></span> <span class='ocrx_word' id='word_1_470' title='bbox 941 3766 1231 3834; x_wconf 77' lang='lat' dir='ltr'><strong>confectum</strong></span> <span class='ocrx_word' id='word_1_471' title='bbox 1260 3767 1506 3841; x_wconf 78' lang='lat' dir='ltr'><strong>plangent</strong></span> <span class='ocrx_word' id='word_1_472' title='bbox 1534 3769 1925 3827; x_wconf 69' lang='lat' dir='ltr'><strong>Lacedazmonis</strong></span> <span class='ocrx_word' id='word_1_473' title='bbox 1967 3791 2115 3830; x_wconf 78' lang='lat' dir='ltr'><strong>arva.</strong></span> 
     </span>
    </p>
   </div>
   <div class='ocr_carea' id='block_1_68' title="bbox 696 3909 2255 3986">
    <p class='ocr_par' dir='ltr' id='par_1_68' title="bbox 696 3909 2255 3986">
     <span class='ocr_line' id='line_1_68' title="bbox 696 3909 2255 3986; baseline 0.012 -18"><span class='ocrx_word' id='word_1_474' title='bbox 696 3909 775 3969; x_wconf 87' lang='lat' dir='ltr'><strong>En</strong></span> <span class='ocrx_word' id='word_1_475' title='bbox 815 3917 1010 3971; x_wconf 91' lang='lat' dir='ltr'><strong>iterum</strong></span> <span class='ocrx_word' id='word_1_476' title='bbox 1035 3921 1101 3974; x_wconf 88' lang='lat' dir='ltr'><strong>ab</strong></span> <span class='ocrx_word' id='word_1_477' title='bbox 1127 3922 1274 3975; x_wconf 91' lang='lat' dir='ltr'><strong>omni</strong></span> <span class='ocrx_word' id='word_1_478' title='bbox 1305 3923 1514 3980; x_wconf 87' lang='lat' dir='ltr'><strong>ratione</strong></span> <span class='ocrx_word' id='word_1_479' title='bbox 1546 3925 2099 3986; x_wconf 20' lang='lat' dir='ltr'><strong>divinationisialiena</strong></span> <span class='ocrx_word' id='word_1_480' title='bbox 2131 3948 2255 3986; x_wconf 85' lang='lat' dir='ltr'><strong>con-</strong></span> 
     </span>
    </p>
   </div>
   <div class='ocr_carea' id='block_1_69' title="bbox 694 4006 2247 4085">
    <p class='ocr_par' dir='ltr' id='par_1_69' title="bbox 694 4006 2247 4085">
     <span class='ocr_line' id='line_1_69' title="bbox 694 4006 2247 4085; baseline 0.013 -27"><span class='ocrx_word' id='word_1_481' title='bbox 694 4006 934 4075; x_wconf 64' lang='lat' dir='ltr'><strong>iunctio;</strong></span> <span class='ocrx_word' id='word_1_482' title='bbox 960 4026 1120 4076; x_wconf 87' lang='lat' dir='ltr'><strong>quam</strong></span> <span class='ocrx_word' id='word_1_483' title='bbox 1152 4022 1328 4068; x_wconf 90' lang='lat' dir='ltr'><strong>tamen</strong></span> <span class='ocrx_word' id='word_1_484' title='bbox 1361 4017 1677 4072; x_wconf 89' lang='lat' dir='ltr'><strong>omittamus</strong></span> <span class='ocrx_word' id='word_1_485' title='bbox 1708 4021 1852 4085; x_wconf 90' lang='lat' dir='ltr'><strong>licet,</strong></span> <span class='ocrx_word' id='word_1_486' title='bbox 1893 4039 1959 4076; x_wconf 92' lang='lat' dir='ltr'><strong>ne</strong></span> <span class='ocrx_word' id='word_1_487' title='bbox 1987 4024 2032 4077; x_wconf 91' lang='lat' dir='ltr'><strong>si</strong></span> <span class='ocrx_word' id='word_1_488' title='bbox 2064 4025 2247 4078; x_wconf 88' lang='lat' dir='ltr'><strong>eadem</strong></span> 
     </span>
    </p>
   </div>
   <div class='ocr_carea' id='block_1_70' title="bbox 693 4099 2248 4182">
    <p class='ocr_par' dir='ltr' id='par_1_70' title="bbox 693 4099 2248 4182">
     <span class='ocr_line' id='line_1_70' title="bbox 693 4099 2248 4182; baseline 0.012 -33"><span class='ocrx_word' id='word_1_489' title='bbox 693 4099 790 4150; x_wconf 71' lang='lat' dir='ltr'><strong>tibi</strong></span> <span class='ocrx_word' id='word_1_490' title='bbox 822 4101 885 4153; x_wconf 91' lang='lat' dir='ltr'><strong>de</strong></span> <span class='ocrx_word' id='word_1_491' title='bbox 923 4117 979 4155; x_wconf 87' lang='lat' dir='ltr'><strong>re</strong></span> <span class='ocrx_word' id='word_1_492' title='bbox 1004 4103 1318 4158; x_wconf 89' lang='lat' dir='ltr'><strong>insultatum</strong></span> <span class='ocrx_word' id='word_1_493' title='bbox 1354 4123 1380 4160; x_wconf 88' lang='lat' dir='ltr'><strong>a</strong></span> <span class='ocrx_word' id='word_1_494' title='bbox 1401 4109 1554 4163; x_wconf 86' lang='lat' dir='ltr'><strong>nobis</strong></span> <span class='ocrx_word' id='word_1_495' title='bbox 1584 4109 1766 4175; x_wconf 89' lang='lat' dir='ltr'><strong>fuerit,</strong></span> <span class='ocrx_word' id='word_1_496' title='bbox 1795 4127 1899 4165; x_wconf 90' lang='lat' dir='ltr'><strong>non</strong></span> <span class='ocrx_word' id='word_1_497' title='bbox 1935 4129 2124 4182; x_wconf 79' lang='lat' dir='ltr'><strong>graves</strong></span> <span class='ocrx_word' id='word_1_498' title='bbox 2155 4115 2248 4168; x_wconf 90' lang='lat' dir='ltr'><strong>tibi</strong></span> 
     </span>
    </p>
   </div>
   <div class='ocr_carea' id='block_1_71' title="bbox 695 4190 2249 4273">
    <p class='ocr_par' dir='ltr' id='par_1_71' title="bbox 695 4190 2249 4273">
     <span class='ocr_line' id='line_1_71' title="bbox 695 4190 2249 4273; baseline 0.012 -34"><span class='ocrx_word' id='word_1_499' title='bbox 695 4190 871 4242; x_wconf 91' lang='lat' dir='ltr'><strong>solum</strong></span> <span class='ocrx_word' id='word_1_500' title='bbox 903 4207 965 4245; x_wconf 93' lang='lat' dir='ltr'><strong>ac</strong></span> <span class='ocrx_word' id='word_1_501' title='bbox 992 4195 1222 4259; x_wconf 87' lang='lat' dir='ltr'><strong>molesti,</strong></span> <span class='ocrx_word' id='word_1_502' title='bbox 1257 4196 1350 4250; x_wconf 91' lang='lat' dir='ltr'><strong>sed</strong></span> <span class='ocrx_word' id='word_1_503' title='bbox 1377 4200 1536 4251; x_wconf 86' lang='lat' dir='ltr'><strong>etiam</strong></span> <span class='ocrx_word' id='word_1_504' title='bbox 1569 4202 1780 4269; x_wconf 75' lang='lat' dir='ltr'><strong>angusti</strong></span> <span class='ocrx_word' id='word_1_505' title='bbox 1809 4213 2133 4273; x_wconf 82' lang='lat' dir='ltr'><strong>egentesque</strong></span> <span class='ocrx_word' id='word_1_506' title='bbox 2169 4207 2249 4257; x_wconf 89' lang='lat' dir='ltr'><strong>vi-</strong></span> 
     </span>
    </p>
   </div>
   <div class='ocr_carea' id='block_1_72' title="bbox 693 4279 2249 4360">
    <p class='ocr_par' dir='ltr' id='par_1_72' title="bbox 693 4279 2249 4360">
     <span class='ocr_line' id='line_1_72' title="bbox 693 4279 2249 4360; baseline 0.01 -28"><span class='ocrx_word' id='word_1_507' title='bbox 693 4279 936 4335; x_wconf 85' lang='lat' dir='ltr'><strong>deamur.</strong></span> <span class='ocrx_word' id='word_1_508' title='bbox 955 4283 1331 4352; x_wconf 76' lang='lat' dir='ltr'><strong>Expendamus</strong></span> <span class='ocrx_word' id='word_1_509' title='bbox 1360 4304 1487 4358; x_wconf 88' lang='lat' dir='ltr'><strong>ergo</strong></span> <span class='ocrx_word' id='word_1_510' title='bbox 1515 4291 1739 4360; x_wconf 90' lang='lat' dir='ltr'><strong>reliqua.</strong></span> <span class='ocrx_word' id='word_1_511' title='bbox 1768 4291 1842 4346; x_wconf 83' lang='lat' dir='ltr'><strong>Te</strong></span> <span class='ocrx_word' id='word_1_512' title='bbox 1872 4309 2060 4347; x_wconf 90' lang='lat' dir='ltr'><strong>omnes</strong></span> <span class='ocrx_word' id='word_1_513' title='bbox 2083 4312 2249 4348; x_wconf 89' lang='lat' dir='ltr'><strong>unum</strong></span> 
     </span>
    </p>
   </div>
   <div class='ocr_carea' id='block_1_73' title="bbox 693 4373 2248 4445">
    <p class='ocr_par' dir='ltr' id='par_1_73' title="bbox 693 4373 2248 4445">
     <span class='ocr_line' id='line_1_73' title="bbox 693 4373 2248 4445; baseline 0.01 -21"><span class='ocrx_word' id='word_1_514' title='bbox 693 4379 846 4424; x_wconf 87' lang='lat' dir='ltr'><strong>tanto</strong></span> <span class='ocrx_word' id='word_1_515' title='bbox 883 4373 934 4424; x_wconf 89' lang='lat' dir='ltr'><strong>in</strong></span> <span class='ocrx_word' id='word_1_516' title='bbox 967 4376 1205 4440; x_wconf 81' lang='lat' dir='ltr'><strong>periculo</strong></span> <span class='ocrx_word' id='word_1_517' title='bbox 1234 4382 1582 4445; x_wconf 88' lang='lat' dir='ltr'><strong>aspectabant</strong></span> <span class='ocrx_word' id='word_1_518' title='bbox 1609 4400 1622 4433; x_wconf 94' lang='lat'>:</span> <span class='ocrx_word' id='word_1_519' title='bbox 1654 4399 1819 4436; x_wconf 93' lang='lat' dir='ltr'><strong>unum</strong></span> <span class='ocrx_word' id='word_1_520' title='bbox 1866 4396 1918 4438; x_wconf 90' lang='lat' dir='ltr'><strong>et</strong></span> <span class='ocrx_word' id='word_1_521' title='bbox 1942 4386 2248 4441; x_wconf 87' lang='lat' dir='ltr'><strong>futurorum</strong></span> 
     </span>
    </p>
   </div>
   <div class='ocr_carea' id='block_1_74' title="bbox 691 4462 2251 4537">
    <p class='ocr_par' dir='ltr' id='par_1_74' title="bbox 691 4462 2251 4537">
     <span class='ocr_line' id='line_1_74' title="bbox 691 4462 2251 4537; baseline 0.01 -22"><span class='ocrx_word' id='word_1_522' title='bbox 691 4462 1059 4531; x_wconf 84' lang='lat' dir='ltr'><strong>interpretem,</strong></span> <span class='ocrx_word' id='word_1_523' title='bbox 1117 4474 1169 4519; x_wconf 89' lang='lat' dir='ltr'><strong>et</strong></span> <span class='ocrx_word' id='word_1_524' title='bbox 1197 4482 1376 4520; x_wconf 89' lang='lat' dir='ltr'><strong>rerum</strong></span> <span class='ocrx_word' id='word_1_525' title='bbox 1415 4471 1771 4537; x_wconf 84' lang='lat' dir='ltr'><strong>gerendarum</strong></span> <span class='ocrx_word' id='word_1_526' title='bbox 1808 4485 2084 4529; x_wconf 88' lang='lat' dir='ltr'><strong>auctorem</strong></span> <span class='ocrx_word' id='word_1_527' title='bbox 2119 4492 2251 4532; x_wconf 90' lang='lat' dir='ltr'><strong>con-</strong></span> 
     </span>
    </p>
   </div>
   <div class='ocr_carea' id='block_1_75' title="bbox 2356 3277 3897 3354">
    <p class='ocr_par' dir='ltr' id='par_1_75' title="bbox 2356 3277 3897 3354">
     <span class='ocr_line' id='line_1_75' title="bbox 2356 3277 3897 3354; baseline -0.003 -18"><span class='ocrx_word' id='word_1_528' title='bbox 2356 3279 2446 3337; x_wconf 78' lang='grc' dir='ltr'>οὖν</span> <span class='ocrx_word' id='word_1_529' title='bbox 2476 3284 2581 3335; x_wconf 79' lang='grc' dir='ltr'>ἔδει</span> <span class='ocrx_word' id='word_1_530' title='bbox 2609 3301 2659 3335; x_wconf 89' lang='grc' dir='ltr'><strong>τι</strong></span> <span class='ocrx_word' id='word_1_531' title='bbox 2687 3283 2883 3350; x_wconf 81' lang='grc' dir='ltr'>λέγειν,</span> <span class='ocrx_word' id='word_1_532' title='bbox 2916 3281 3085 3344; x_wconf 78' lang='grc' dir='ltr'>οὕτως</span> <span class='ocrx_word' id='word_1_533' title='bbox 3114 3277 3270 3343; x_wconf 80' lang='grc' dir='ltr'>εἶπας</span> <span class='ocrx_word' id='word_1_534' title='bbox 3303 3285 3411 3347; x_wconf 88' lang='grc' dir='ltr'>τοῖς</span> <span class='ocrx_word' id='word_1_535' title='bbox 3443 3283 3897 3354; x_wconf 83' lang='grc' dir='ltr'>Λακεδαιμονίοις·</span> 
     </span>
    </p>
   </div>
   <div class='ocr_carea' id='block_1_76' title="bbox 2366 3475 3770 3592">
    <p class='ocr_par' dir='ltr' id='par_1_76' title="bbox 2366 3475 3770 3592">
     <span class='ocr_line' id='line_1_76' title="bbox 2366 3475 3770 3592; baseline -0.021 -19"><span class='ocrx_word' id='word_1_536' title='bbox 2366 3505 2543 3592; x_wconf 47' lang='lat' dir='ltr'><strong>mil-71:,</strong></span> <span class='ocrx_word' id='word_1_537' title='bbox 2575 3499 2620 3557; x_wconf 83' lang='grc' dir='ltr'>ὦ</span> <span class='ocrx_word' id='word_1_538' title='bbox 2649 3504 2924 3592; x_wconf 54' lang='grc' dir='ltr'><strong>ξπάρξης</strong></span> <span class='ocrx_word' id='word_1_539' title='bbox 2947 3503 3056 3592; x_wconf 56' lang='lat' dir='ltr'><strong>(6f)</strong></span> <span class='ocrx_word' id='word_1_540' title='bbox 3086 3475 3387 3592; x_wconf 47' lang='grc' dir='ltr'>οζέίγξτορξς</span> <span class='ocrx_word' id='word_1_541' title='bbox 3411 3508 3770 3592; x_wconf 44' lang='grc' dir='ltr'><strong>ςὺρτὶίόροφζ</strong></span> 
     </span>
    </p>
   </div>
   <div class='ocr_carea' id='block_1_77' title="bbox 2359 3573 3867 3644">
    <p class='ocr_par' dir='ltr' id='par_1_77' title="bbox 2359 3573 3867 3644">
     <span class='ocr_line' id='line_1_77' title="bbox 2359 3573 3867 3644; baseline -0.002 -18"><span class='ocrx_word' id='word_1_542' title='bbox 2359 3576 2434 3644; x_wconf 87' lang='grc' dir='ltr'><em>Ἢ</em></span> <span class='ocrx_word' id='word_1_543' title='bbox 2453 3575 2604 3642; x_wconf 76' lang='grc' dir='ltr'>μέγα</span> <span class='ocrx_word' id='word_1_544' title='bbox 2633 3575 2786 3626; x_wconf 83' lang='grc' dir='ltr'><strong>ἄστυ</strong></span> <span class='ocrx_word' id='word_1_545' title='bbox 2819 3573 3088 3644; x_wconf 78' lang='grc' dir='ltr'><strong>ἐρικυδὲς</strong></span> <span class='ocrx_word' id='word_1_546' title='bbox 3115 3577 3212 3627; x_wconf 77' lang='grc' dir='ltr'><strong>ὑπ’</strong></span> <span class='ocrx_word' id='word_1_547' title='bbox 3243 3573 3493 3644; x_wconf 52' lang='grc' dir='ltr'>ἀνδράσι</span> <span class='ocrx_word' id='word_1_548' title='bbox 3525 3573 3867 3644; x_wconf 76' lang='grc' dir='ltr'>Περσείδῃσι</span> 
     </span>
    </p>
   </div>
   <div class='ocr_carea' id='block_1_78' title="bbox 2271 3643 3897 3717">
    <p class='ocr_par' dir='ltr' id='par_1_78' title="bbox 2271 3643 3897 3717">
     <span class='ocr_line' id='line_1_78' title="bbox 2271 3643 3897 3717; baseline -0.002 -21"><span class='ocrx_word' id='word_1_549' title='bbox 2271 3711 2278 3717; x_wconf 86' lang='lat'><strong>_</strong></span> <span class='ocrx_word' id='word_1_550' title='bbox 2355 3643 2674 3710; x_wconf 72' lang='grc' dir='ltr'>Πέρσεται·</span> <span class='ocrx_word' id='word_1_551' title='bbox 2707 3645 2743 3711; x_wconf 77' lang='grc' dir='ltr'><em>ἢ</em></span> <span class='ocrx_word' id='word_1_552' title='bbox 2775 3643 2837 3695; x_wconf 80' lang='grc' dir='ltr'>τὸ</span> <span class='ocrx_word' id='word_1_553' title='bbox 2860 3643 2977 3711; x_wconf 77' lang='grc' dir='ltr'><strong>μὲν</strong></span> <span class='ocrx_word' id='word_1_554' title='bbox 3008 3644 3162 3712; x_wconf 80' lang='grc' dir='ltr'>οὐχὶ,</span> <span class='ocrx_word' id='word_1_555' title='bbox 3196 3643 3642 3715; x_wconf 58' lang='grc' dir='ltr'>ἀφ’.Ἠρακλέος</span> <span class='ocrx_word' id='word_1_556' title='bbox 3755 3643 3897 3711; x_wconf 76' lang='grc' dir='ltr'><strong>γεγέ-</strong></span> 
     </span>
    </p>
   </div>
   <div class='ocr_carea' id='block_1_79' title="bbox 2355 3713 3895 3857">
    <p class='ocr_par' dir='ltr' id='par_1_79' title="bbox 2355 3713 3895 3857">
     <span class='ocr_line' id='line_1_79' title="bbox 2355 3713 3895 3857; baseline -0.001 -22"><span class='ocrx_word' id='word_1_557' title='bbox 2355 3780 2647 3848; x_wconf 76' lang='grc' dir='ltr'>Πενθήσει</span> <span class='ocrx_word' id='word_1_558' title='bbox 2674 3781 2964 3851; x_wconf 78' lang='grc' dir='ltr'>’,ϐασιλῆα</span> <span class='ocrx_word' id='word_1_559' title='bbox 3000 3784 3108 3857; x_wconf 85' lang='grc'><strong>(69)</strong></span> <span class='ocrx_word' id='word_1_560' title='bbox 3144 3786 3430 3854; x_wconf 73' lang='grc' dir='ltr'>φθίμενον</span> <span class='ocrx_word' id='word_1_561' title='bbox 3474 3713 3895 3857; x_wconf 44' lang='grc' dir='ltr'>Λακεδὲἵὶιῖἓὲος</span> 
     </span>
    </p>
   </div>
   <div class='ocr_carea' id='block_1_80' title="bbox 3619 3850 3826 3924">
    <p class='ocr_par' dir='ltr' id='par_1_80' title="bbox 3619 3850 3826 3924">
     <span class='ocr_line' id='line_1_80' title="bbox 3619 3850 3826 3924; baseline -0.014 -18"><span class='ocrx_word' id='word_1_562' title='bbox 3619 3850 3826 3924; x_wconf 61' lang='grc' dir='ltr'>[οὖρος.</span> 
     </span>
    </p>
   </div>
   <div class='ocr_carea' id='block_1_81' title="bbox 2356 3940 3892 4012">
    <p class='ocr_par' dir='ltr' id='par_1_81' title="bbox 2356 3940 3892 4012">
     <span class='ocr_line' id='line_1_81' title="bbox 2356 3940 3892 4012; baseline -0.003 -18"><span class='ocrx_word' id='word_1_563' title='bbox 2356 3941 2523 3994; x_wconf 82' lang='grc' dir='ltr'>Πάλιν</span> <span class='ocrx_word' id='word_1_564' title='bbox 2576 3943 2604 3994; x_wconf 84' lang='grc' dir='ltr'>ὁ</span> <span class='ocrx_word' id='word_1_565' title='bbox 2674 3941 3134 4012; x_wconf 76' lang='grc' dir='ltr'>ἀμαντευτότατος</span> <span class='ocrx_word' id='word_1_566' title='bbox 3197 3941 3520 4010; x_wconf 81' lang='grc' dir='ltr'>σύνδεσμος·</span> <span class='ocrx_word' id='word_1_567' title='bbox 3583 3942 3695 3994; x_wconf 81' lang='grc' dir='ltr'>ἀλλ’</span> <span class='ocrx_word' id='word_1_568' title='bbox 3731 3940 3892 4010; x_wconf 78' lang='grc' dir='ltr'>ἐῶμεν</span> 
     </span>
    </p>
   </div>
   <div class='ocr_carea' id='block_1_82' title="bbox 2355 4031 3890 4105">
    <p class='ocr_par' dir='ltr' id='par_1_82' title="bbox 2355 4031 3890 4105">
     <span class='ocr_line' id='line_1_82' title="bbox 2355 4031 3890 4105; baseline -0.004 -18"><span class='ocrx_word' id='word_1_569' title='bbox 2355 4033 2542 4095; x_wconf 80' lang='grc' dir='ltr'>αὑτὸν,</span> <span class='ocrx_word' id='word_1_570' title='bbox 2573 4033 2750 4105; x_wconf 78' lang='grc' dir='ltr'>ὼςμὴ</span> <span class='ocrx_word' id='word_1_571' title='bbox 2772 4077 2785 4101; x_wconf 97' lang='grc'><strong>,</strong></span> <span class='ocrx_word' id='word_1_572' title='bbox 2813 4035 2891 4096; x_wconf 76' lang='grc' dir='ltr'><strong>δὶς</strong></span> <span class='ocrx_word' id='word_1_573' title='bbox 2919 4035 3044 4104; x_wconf 77' lang='grc' dir='ltr'>περὶ</span> <span class='ocrx_word' id='word_1_574' title='bbox 3071 4031 3163 4085; x_wconf 82' lang='grc' dir='ltr'>τοῦ</span> <span class='ocrx_word' id='word_1_575' title='bbox 3207 4031 3368 4084; x_wconf 83' lang='grc' dir='ltr'>αὑτοῦ</span> <span class='ocrx_word' id='word_1_576' title='bbox 3396 4049 3477 4085; x_wconf 92' lang='grc' dir='ltr'><strong>σοι</strong></span> <span class='ocrx_word' id='word_1_577' title='bbox 3513 4032 3890 4103; x_wconf 75' lang='grc' dir='ltr'>ἐπιπηδῶντες,</span> 
     </span>
    </p>
   </div>
   <div class='ocr_carea' id='block_1_83' title="bbox 2354 4120 3889 4195">
    <p class='ocr_par' dir='ltr' id='par_1_83' title="bbox 2354 4120 3889 4195">
     <span class='ocr_line' id='line_1_83' title="bbox 2354 4120 3889 4195; baseline -0.001 -19"><span class='ocrx_word' id='word_1_578' title='bbox 2354 4123 2606 4194; x_wconf 77' lang='grc' dir='ltr'>ἐπαχθεῖς</span> <span class='ocrx_word' id='word_1_579' title='bbox 2634 4125 2747 4194; x_wconf 76' lang='grc' dir='ltr'><strong>ἅμα</strong></span> <span class='ocrx_word' id='word_1_580' title='bbox 2779 4126 2868 4178; x_wconf 74' lang='grc' dir='ltr'>καὶ</span> <span class='ocrx_word' id='word_1_581' title='bbox 2901 4125 3091 4195; x_wconf 79' lang='grc' dir='ltr'>ἄποροι</span> <span class='ocrx_word' id='word_1_582' title='bbox 3119 4123 3362 4192; x_wconf 80' lang='grc' dir='ltr'>δοκῶμεν</span> <span class='ocrx_word' id='word_1_583' title='bbox 3392 4120 3548 4176; x_wconf 85' lang='grc' dir='ltr'>εἶναι.</span> <span class='ocrx_word' id='word_1_584' title='bbox 3572 4124 3650 4176; x_wconf 77' lang='grc' dir='ltr'><strong>Τὰ</strong></span> <span class='ocrx_word' id='word_1_585' title='bbox 3676 4124 3728 4175; x_wconf 82' lang='grc' dir='ltr'><strong>δὲ</strong></span> <span class='ocrx_word' id='word_1_586' title='bbox 3748 4123 3889 4175; x_wconf 76' lang='grc' dir='ltr'>λοιπά</span> 
     </span>
    </p>
   </div>
   <div class='ocr_carea' id='block_1_84' title="bbox 2352 4213 3888 4285">
    <p class='ocr_par' dir='ltr' id='par_1_84' title="bbox 2352 4213 3888 4285">
     <span class='ocr_line' id='line_1_84' title="bbox 2352 4213 3888 4285; baseline -0.001 -19"><span class='ocrx_word' id='word_1_587' title='bbox 2352 4215 2726 4285; x_wconf 83' lang='grc' dir='ltr'>ὲκσκοπῶμεν.</span> <span class='ocrx_word' id='word_1_588' title='bbox 2767 4216 2858 4278; x_wconf 70' lang='lat' dir='ltr'><strong>Ei;</strong></span> <span class='ocrx_word' id='word_1_589' title='bbox 2908 4218 2963 4268; x_wconf 85' lang='grc' dir='ltr'>σὲ</span> <span class='ocrx_word' id='word_1_590' title='bbox 3001 4216 3099 4284; x_wconf 84' lang='grc' dir='ltr'><strong>μὲν</strong></span> <span class='ocrx_word' id='word_1_591' title='bbox 3133 4213 3436 4266; x_wconf 81' lang='grc' dir='ltr'>ἀπέϐλεπον</span> <span class='ocrx_word' id='word_1_592' title='bbox 3464 4214 3696 4277; x_wconf 77' lang='grc' dir='ltr'>ἅπαντες</span> <span class='ocrx_word' id='word_1_593' title='bbox 3723 4216 3773 4265; x_wconf 85' lang='grc' dir='ltr'><strong>ἐν</strong></span> <span class='ocrx_word' id='word_1_594' title='bbox 3804 4231 3888 4282; x_wconf 80' lang='grc' dir='ltr'><strong>τη-</strong></span> 
     </span>
    </p>
   </div>
   <div class='ocr_carea' id='block_1_85' title="bbox 2352 4308 3888 4381">
    <p class='ocr_par' dir='ltr' id='par_1_85' title="bbox 2352 4308 3888 4381">
     <span class='ocr_line' id='line_1_85' title="bbox 2352 4308 3888 4381; baseline -0.001 -21"><span class='ocrx_word' id='word_1_595' title='bbox 2352 4308 2582 4379; x_wconf 80' lang='grc' dir='ltr'>λικούτῳ</span> <span class='ocrx_word' id='word_1_596' title='bbox 2614 4310 2873 4379; x_wconf 81' lang='grc' dir='ltr'>κινδύνῳ·</span> <span class='ocrx_word' id='word_1_597' title='bbox 2917 4311 2978 4362; x_wconf 85' lang='grc' dir='ltr'><strong>σὺ</strong></span> <span class='ocrx_word' id='word_1_598' title='bbox 3021 4309 3063 4360; x_wconf 82' lang='grc' dir='ltr'>δ’</span> <span class='ocrx_word' id='word_1_599' title='bbox 3107 4309 3286 4372; x_wconf 81' lang='grc' dir='ltr'>αὐτοῖς</span> <span class='ocrx_word' id='word_1_600' title='bbox 3331 4311 3425 4362; x_wconf 77' lang='grc' dir='ltr'><strong>καὶ</strong></span> <span class='ocrx_word' id='word_1_601' title='bbox 3470 4309 3576 4362; x_wconf 86' lang='grc' dir='ltr'><strong>τῶν</strong></span> <span class='ocrx_word' id='word_1_602' title='bbox 3617 4310 3888 4381; x_wconf 82' lang='grc' dir='ltr'>μελλόντων</span> 
     </span>
    </p>
   </div>
   <div class='ocr_carea' id='block_1_86' title="bbox 2356 4395 3887 4473">
    <p class='ocr_par' dir='ltr' id='par_1_86' title="bbox 2356 4395 3887 4473">
     <span class='ocr_line' id='line_1_86' title="bbox 2356 4395 3887 4473; baseline -0.001 -19"><span class='ocrx_word' id='word_1_603' title='bbox 2356 4403 2622 4473; x_wconf 83' lang='grc' dir='ltr'>μηνυτὴς,</span> <span class='ocrx_word' id='word_1_604' title='bbox 2649 4404 2742 4455; x_wconf 77' lang='grc' dir='ltr'><strong>καὶ</strong></span> <span class='ocrx_word' id='word_1_605' title='bbox 2768 4403 2874 4453; x_wconf 89' lang='grc' dir='ltr'><strong>τῶν</strong></span> <span class='ocrx_word' id='word_1_606' title='bbox 2903 4401 3165 4471; x_wconf 79' lang='grc' dir='ltr'>ποιητέων</span> <span class='ocrx_word' id='word_1_607' title='bbox 3193 4395 3331 4471; x_wconf 82' lang='grc' dir='ltr'>ἦσθα</span> <span class='ocrx_word' id='word_1_608' title='bbox 3366 4400 3679 4472; x_wconf 73' lang='grc' dir='ltr'>σύμϐουλος.</span> <span class='ocrx_word' id='word_1_609' title='bbox 3707 4403 3806 4455; x_wconf 77' lang='grc' dir='ltr'><strong>Καὶ</strong></span> <span class='ocrx_word' id='word_1_610' title='bbox 3838 4401 3887 4453; x_wconf 77' lang='grc' dir='ltr'>σὲ</span> 
     </span>
    </p>
   </div>
   <div class='ocr_carea' id='block_1_87' title="bbox 2358 4492 3884 4563">
    <p class='ocr_par' dir='ltr' id='par_1_87' title="bbox 2358 4492 3884 4563">
     <span class='ocr_line' id='line_1_87' title="bbox 2358 4492 3884 4563; baseline -0.001 -19"><span class='ocrx_word' id='word_1_611' title='bbox 2358 4493 2454 4563; x_wconf 84' lang='grc' dir='ltr'>μὲν</span> <span class='ocrx_word' id='word_1_612' title='bbox 2483 4495 2677 4548; x_wconf 78' lang='grc' dir='ltr'>ἐκεῖνοι</span> <span class='ocrx_word' id='word_1_613' title='bbox 2723 4493 2939 4557; x_wconf 83' lang='grc' dir='ltr'>πιστὸν,</span> <span class='ocrx_word' id='word_1_614' title='bbox 2991 4493 3054 4544; x_wconf 83' lang='grc' dir='ltr'><strong>σὺ</strong></span> <span class='ocrx_word' id='word_1_615' title='bbox 3091 4492 3134 4545; x_wconf 86' lang='grc' dir='ltr'>δ’</span> <span class='ocrx_word' id='word_1_616' title='bbox 3171 4493 3365 4555; x_wconf 81' lang='grc' dir='ltr'>αὐτοὺς</span> <span class='ocrx_word' id='word_1_617' title='bbox 3392 4493 3645 4548; x_wconf 79' lang='grc' dir='ltr'>ὲπέπεισο</span> <span class='ocrx_word' id='word_1_618' title='bbox 3673 4493 3884 4563; x_wconf 76' lang='grc' dir='ltr'>ἠλιθίους</span> 
     </span>
    </p>
   </div>
   <div class='ocr_carea' id='block_1_88' title="bbox 690 4551 2252 4650">
    <p class='ocr_par' dir='ltr' id='par_1_88' title="bbox 690 4557 2247 4624">
     <span class='ocr_line' id='line_1_88' title="bbox 690 4557 2247 4624; baseline 0.008 -15"><span class='ocrx_word' id='word_1_619' title='bbox 690 4557 960 4610; x_wconf 82' lang='lat' dir='ltr'><strong>sulebant.</strong></span> <span class='ocrx_word' id='word_1_620' title='bbox 999 4557 1064 4609; x_wconf 86' lang='lat' dir='ltr'><strong>At</strong></span> <span class='ocrx_word' id='word_1_621' title='bbox 1096 4559 1374 4624; x_wconf 88' lang='lat' dir='ltr'><strong>nimirum,</strong></span> <span class='ocrx_word' id='word_1_622' title='bbox 1423 4576 1543 4613; x_wconf 79' lang='lat' dir='ltr'><strong>cum</strong></span> <span class='ocrx_word' id='word_1_623' title='bbox 1574 4564 1645 4614; x_wconf 92' lang='lat' dir='ltr'><strong>illi</strong></span> <span class='ocrx_word' id='word_1_624' title='bbox 1687 4574 1738 4618; x_wconf 88' lang='lat' dir='ltr'><strong>te</strong></span> <span class='ocrx_word' id='word_1_625' title='bbox 1763 4566 1867 4619; x_wconf 81' lang='lat' dir='ltr'><strong>[ide</strong></span> <span class='ocrx_word' id='word_1_626' title='bbox 1905 4570 2138 4621; x_wconf 82' lang='lat' dir='ltr'><strong>maxime</strong></span> <span class='ocrx_word' id='word_1_627' title='bbox 2166 4569 2247 4621; x_wconf 90' lang='lat' dir='ltr'><strong>di-</strong></span> 
     </span>
    </p>
   </div>
   <div class='ocr_carea' id='block_1_89' title="bbox 2354 4551 3881 4650">
    <p class='ocr_par' dir='ltr' id='par_1_89' title="bbox 2354 4551 3881 4650">
     <span class='ocr_line' id='line_1_89' title="bbox 2354 4551 3881 4650; baseline -0.004 -17"><span class='ocrx_word' id='word_1_628' title='bbox 2354 4551 2519 4634; x_wconf 73' lang='grc' dir='ltr'>εῐναι·</span> <span class='ocrx_word' id='word_1_629' title='bbox 2556 4583 2650 4635; x_wconf 71' lang='grc' dir='ltr'><strong>καὶ</strong></span> <span class='ocrx_word' id='word_1_630' title='bbox 2695 4583 2722 4634; x_wconf 84' lang='grc' dir='ltr'>ὁ</span> <span class='ocrx_word' id='word_1_631' title='bbox 2761 4551 3037 4641; x_wconf 74' lang='grc' dir='ltr'>καθεστὼς</span> <span class='ocrx_word' id='word_1_632' title='bbox 3081 4579 3270 4646; x_wconf 85' lang='grc' dir='ltr'>καιρὸς</span> <span class='ocrx_word' id='word_1_633' title='bbox 3298 4581 3378 4633; x_wconf 84' lang='grc' dir='ltr'>ὅτι</span> <span class='ocrx_word' id='word_1_634' title='bbox 3425 4581 3604 4645; x_wconf 81' lang='grc' dir='ltr'>ἱκανὸς</span> <span class='ocrx_word' id='word_1_635' title='bbox 3635 4551 3706 4650; x_wconf 47' lang='grc' dir='ltr'><strong>ἦν.</strong></span> <span class='ocrx_word' id='word_1_636' title='bbox 3729 4581 3881 4646; x_wconf 72' lang='grc' dir='ltr'>ἄγειν,</span> 
     </span>
    </p>
   </div>
   <div class='ocr_carea' id='block_1_90' title="bbox 690 4654 2250 4717">
    <p class='ocr_par' dir='ltr' id='par_1_90' title="bbox 690 4654 2250 4717">
     <span class='ocr_line' id='line_1_90' title="bbox 690 4654 2250 4717; baseline 0.011 -20"><span class='ocrx_word' id='word_1_637' title='bbox 690 4663 853 4714; x_wconf 69' lang='lat' dir='ltr'><strong>gntum</strong></span> <span class='ocrx_word' id='word_1_638' title='bbox 892 4659 1168 4717; x_wconf 85' lang='lat' dir='ltr'><strong>putarent,</strong></span> <span class='ocrx_word' id='word_1_639' title='bbox 1204 4660 1315 4704; x_wconf 93' lang='lat' dir='ltr'><strong>tum</strong></span> <span class='ocrx_word' id='word_1_640' title='bbox 1351 4668 1443 4705; x_wconf 87' lang='lat' dir='ltr'><strong>eos</strong></span> <span class='ocrx_word' id='word_1_641' title='bbox 1480 4663 1535 4706; x_wconf 89' lang='lat' dir='ltr'><strong>tu</strong></span> <span class='ocrx_word' id='word_1_642' title='bbox 1561 4654 1756 4709; x_wconf 88' lang='lat' dir='ltr'><strong>bardos</strong></span> <span class='ocrx_word' id='word_1_643' title='bbox 1795 4674 1984 4713; x_wconf 79' lang='lat' dir='ltr'><strong>omnes</strong></span> <span class='ocrx_word' id='word_1_644' title='bbox 2005 4675 2067 4714; x_wconf 90' lang='lat' dir='ltr'><strong>ac</strong></span> <span class='ocrx_word' id='word_1_645' title='bbox 2100 4661 2250 4714; x_wconf 86' lang='lat' dir='ltr'><strong>stoli-</strong></span> 
     </span>
    </p>
   </div>
   <div class='ocr_carea' id='block_1_91' title="bbox 690 4736 2246 4817">
    <p class='ocr_par' dir='ltr' id='par_1_91' title="bbox 690 4736 2246 4817">
     <span class='ocr_line' id='line_1_91' title="bbox 690 4736 2246 4817; baseline 0.01 -29"><span class='ocrx_word' id='word_1_646' title='bbox 690 4736 790 4790; x_wconf 89' lang='lat' dir='ltr'><strong>dos</strong></span> <span class='ocrx_word' id='word_1_647' title='bbox 831 4752 950 4792; x_wconf 84' lang='lat' dir='ltr'><strong>esse</strong></span> <span class='ocrx_word' id='word_1_648' title='bbox 999 4740 1381 4809; x_wconf 88' lang='lat' dir='ltr'><strong>intelligebas;</strong></span> <span class='ocrx_word' id='word_1_649' title='bbox 1434 4743 1673 4811; x_wconf 73' lang='lat' dir='ltr'><strong>adeoque</strong></span> <span class='ocrx_word' id='word_1_650' title='bbox 1725 4755 1920 4800; x_wconf 86' lang='lat' dir='ltr'><strong>statum</strong></span> <span class='ocrx_word' id='word_1_651' title='bbox 1980 4749 2246 4817; x_wconf 74' lang='lat' dir='ltr'><strong>ejusmodi</strong></span> 
     </span>
    </p>
   </div>
   <div class='ocr_carea' id='block_1_92' title="bbox 690 4831 2247 4906">
    <p class='ocr_par' dir='ltr' id='par_1_92' title="bbox 690 4831 2247 4906">
     <span class='ocr_line' id='line_1_92' title="bbox 690 4831 2247 4906; baseline 0.012 -30"><span class='ocrx_word' id='word_1_652' title='bbox 690 4839 872 4878; x_wconf 85' lang='lat' dir='ltr'><strong>rerum</strong></span> <span class='ocrx_word' id='word_1_653' title='bbox 924 4843 1065 4895; x_wconf 81' lang='lat' dir='ltr'><strong>esse,</strong></span> <span class='ocrx_word' id='word_1_654' title='bbox 1103 4846 1209 4899; x_wconf 90' lang='lat' dir='ltr'><strong>quo</strong></span> <span class='ocrx_word' id='word_1_655' title='bbox 1249 4831 1504 4900; x_wconf 80' lang='lat' dir='ltr'><strong>perfacile</strong></span> <span class='ocrx_word' id='word_1_656' title='bbox 1534 4853 1638 4889; x_wconf 85' lang='lat' dir='ltr'><strong>non</strong></span> <span class='ocrx_word' id='word_1_657' title='bbox 1676 4836 1726 4889; x_wconf 90' lang='lat' dir='ltr'><strong>in</strong></span> <span class='ocrx_word' id='word_1_658' title='bbox 1770 4837 2052 4906; x_wconf 85' lang='lat' dir='ltr'><strong>Delphicas</strong></span> <span class='ocrx_word' id='word_1_659' title='bbox 2088 4841 2247 4894; x_wconf 82' lang='lat' dir='ltr'><strong>modo</strong></span> 
     </span>
    </p>
   </div>
   <div class='ocr_carea' id='block_1_93' title="bbox 690 4915 2242 4996">
    <p class='ocr_par' dir='ltr' id='par_1_93' title="bbox 690 4915 2242 4996">
     <span class='ocr_line' id='line_1_93' title="bbox 690 4915 2242 4996; baseline 0.015 -31"><span class='ocrx_word' id='word_1_660' title='bbox 690 4916 771 4966; x_wconf 82' lang='lat' dir='ltr'><strong>vel</strong></span> <span class='ocrx_word' id='word_1_661' title='bbox 803 4915 1096 4973; x_wconf 65' lang='lat' dir='ltr'><strong>Dodonmas</strong></span> <span class='ocrx_word' id='word_1_662' title='bbox 1147 4925 1478 4991; x_wconf 83' lang='lat' dir='ltr'><strong>argutiarum</strong></span> <span class='ocrx_word' id='word_1_663' title='bbox 1524 4938 1576 4980; x_wconf 91' lang='lat' dir='ltr'><strong>et</strong></span> <span class='ocrx_word' id='word_1_664' title='bbox 1616 4929 1926 4996; x_wconf 86' lang='lat' dir='ltr'><strong>captionum</strong></span> <span class='ocrx_word' id='word_1_665' title='bbox 1981 4932 2242 4996; x_wconf 73' lang='lat' dir='ltr'><strong>ofﬁcinas,</strong></span> 
     </span>
    </p>
   </div>
   <div class='ocr_carea' id='block_1_94' title="bbox 689 5009 2245 5089">
    <p class='ocr_par' dir='ltr' id='par_1_94' title="bbox 689 5009 2245 5089">
     <span class='ocr_line' id='line_1_94' title="bbox 689 5009 2245 5089; baseline 0.012 -33"><span class='ocrx_word' id='word_1_666' title='bbox 689 5020 875 5058; x_wconf 85' lang='lat' dir='ltr'><strong>verum</strong></span> <span class='ocrx_word' id='word_1_667' title='bbox 913 5009 1070 5060; x_wconf 87' lang='lat' dir='ltr'><strong>etiam</strong></span> <span class='ocrx_word' id='word_1_668' title='bbox 1126 5011 1176 5064; x_wconf 90' lang='lat' dir='ltr'><strong>in</strong></span> <span class='ocrx_word' id='word_1_669' title='bbox 1209 5015 1456 5082; x_wconf 89' lang='lat' dir='ltr'><strong>auguria,</strong></span> <span class='ocrx_word' id='word_1_670' title='bbox 1493 5017 1545 5068; x_wconf 91' lang='lat' dir='ltr'><strong>in</strong></span> <span class='ocrx_word' id='word_1_671' title='bbox 1579 5017 1939 5073; x_wconf 88' lang='lat' dir='ltr'><strong>divinationes</strong></span> <span class='ocrx_word' id='word_1_672' title='bbox 1970 5037 2064 5089; x_wconf 89' lang='lat' dir='ltr'><strong>per</strong></span> <span class='ocrx_word' id='word_1_673' title='bbox 2111 5021 2245 5075; x_wconf 85' lang='lat' dir='ltr'><strong>fari-</strong></span> 
     </span>
    </p>
   </div>
   <div class='ocr_carea' id='block_1_95' title="bbox 691 5103 2244 5176">
    <p class='ocr_par' dir='ltr' id='par_1_95' title="bbox 691 5103 2244 5176">
     <span class='ocr_line' id='line_1_95' title="bbox 691 5103 2244 5176; baseline 0.009 -29"><span class='ocrx_word' id='word_1_674' title='bbox 691 5111 814 5148; x_wconf 88' lang='lat' dir='ltr'><strong>nam</strong></span> <span class='ocrx_word' id='word_1_675' title='bbox 835 5111 1140 5164; x_wconf 81' lang='lat' dir='ltr'><strong>expressas,</strong></span> <span class='ocrx_word' id='word_1_676' title='bbox 1178 5110 1230 5152; x_wconf 90' lang='lat' dir='ltr'><strong>et</strong></span> <span class='ocrx_word' id='word_1_677' title='bbox 1261 5103 1313 5155; x_wconf 92' lang='lat' dir='ltr'><strong>in</strong></span> <span class='ocrx_word' id='word_1_678' title='bbox 1338 5119 1547 5166; x_wconf 92' lang='lat' dir='ltr'><strong>eorum,</strong></span> <span class='ocrx_word' id='word_1_679' title='bbox 1584 5106 1674 5172; x_wconf 90' lang='lat' dir='ltr'><strong>qui</strong></span> <span class='ocrx_word' id='word_1_680' title='bbox 1705 5108 2025 5176; x_wconf 84' lang='lat' dir='ltr'><strong>ventriloqui</strong></span> <span class='ocrx_word' id='word_1_681' title='bbox 2067 5108 2244 5162; x_wconf 84' lang='lat' dir='ltr'><strong>nomi-</strong></span> 
     </span>
    </p>
   </div>
   <div class='ocr_carea' id='block_1_96' title="bbox 691 5186 2242 5268">
    <p class='ocr_par' dir='ltr' id='par_1_96' title="bbox 691 5186 2242 5268">
     <span class='ocr_line' id='line_1_96' title="bbox 691 5186 2242 5268; baseline 0.01 -33"><span class='ocrx_word' id='word_1_682' title='bbox 691 5195 892 5238; x_wconf 89' lang='lat' dir='ltr'><strong>nantur</strong></span> <span class='ocrx_word' id='word_1_683' title='bbox 929 5186 1181 5254; x_wconf 86' lang='lat' dir='ltr'><strong>ineptias,</strong></span> <span class='ocrx_word' id='word_1_684' title='bbox 1213 5192 1514 5260; x_wconf 66' lang='lat' dir='ltr'><strong>prmcipites</strong></span> <span class='ocrx_word' id='word_1_685' title='bbox 1548 5195 1632 5262; x_wconf 89' lang='lat' dir='ltr'><strong>agi</strong></span> <span class='ocrx_word' id='word_1_686' title='bbox 1674 5195 1921 5251; x_wconf 91' lang='lat' dir='ltr'><strong>homines</strong></span> <span class='ocrx_word' id='word_1_687' title='bbox 1956 5198 2242 5268; x_wconf 88' lang='lat' dir='ltr'><strong>improvidi</strong></span> 
     </span>
    </p>
   </div>
   <div class='ocr_carea' id='block_1_97' title="bbox 688 5274 2244 5355">
    <p class='ocr_par' dir='ltr' id='par_1_97' title="bbox 688 5274 2244 5355">
     <span class='ocr_line' id='line_1_97' title="bbox 688 5274 2244 5355; baseline 0.01 -30"><span class='ocrx_word' id='word_1_688' title='bbox 688 5274 944 5344; x_wconf 83' lang='lat' dir='ltr'><strong>stultique</strong></span> <span class='ocrx_word' id='word_1_689' title='bbox 977 5284 1216 5344; x_wconf 89' lang='lat' dir='ltr'><strong>possent.</strong></span> <span class='ocrx_word' id='word_1_690' title='bbox 1251 5275 1455 5346; x_wconf 88' lang='lat' dir='ltr'><strong>Quippe</strong></span> <span class='ocrx_word' id='word_1_691' title='bbox 1484 5299 1589 5336; x_wconf 90' lang='lat' dir='ltr'><strong>non</strong></span> <span class='ocrx_word' id='word_1_692' title='bbox 1613 5283 1684 5336; x_wconf 91' lang='lat' dir='ltr'><strong>dii</strong></span> <span class='ocrx_word' id='word_1_693' title='bbox 1717 5286 1876 5338; x_wconf 89' lang='lat' dir='ltr'><strong>modo</strong></span> <span class='ocrx_word' id='word_1_694' title='bbox 1901 5303 1994 5355; x_wconf 88' lang='lat' dir='ltr'><strong>per</strong></span> <span class='ocrx_word' id='word_1_695' title='bbox 2029 5289 2081 5342; x_wconf 91' lang='lat' dir='ltr'><strong>id</strong></span> <span class='ocrx_word' id='word_1_696' title='bbox 2113 5297 2244 5341; x_wconf 60' lang='lat' dir='ltr'><strong>tem»</strong></span> 
     </span>
    </p>
   </div>
   <div class='ocr_carea' id='block_1_98' title="bbox 685 5366 2242 5443">
    <p class='ocr_par' dir='ltr' id='par_1_98' title="bbox 685 5366 2242 5443">
     <span class='ocr_line' id='line_1_98' title="bbox 685 5366 2242 5443; baseline 0.011 -27"><span class='ocrx_word' id='word_1_697' title='bbox 685 5381 807 5433; x_wconf 87' lang='lat' dir='ltr'><strong>pus,</strong></span> <span class='ocrx_word' id='word_1_698' title='bbox 841 5368 934 5422; x_wconf 89' lang='lat' dir='ltr'><strong>sed</strong></span> <span class='ocrx_word' id='word_1_699' title='bbox 960 5369 1119 5422; x_wconf 87' lang='lat' dir='ltr'><strong>etiam</strong></span> <span class='ocrx_word' id='word_1_700' title='bbox 1145 5366 1296 5430; x_wconf 87' lang='lat' dir='ltr'><strong>feles,</strong></span> <span class='ocrx_word' id='word_1_701' title='bbox 1319 5371 1581 5438; x_wconf 88' lang='lat' dir='ltr'><strong>cornices,</strong></span> <span class='ocrx_word' id='word_1_702' title='bbox 1601 5390 1860 5443; x_wconf 75' lang='lat' dir='ltr'><strong>vanzeque</strong></span> <span class='ocrx_word' id='word_1_703' title='bbox 1881 5379 2014 5432; x_wconf 82' lang='lat' dir='ltr'><strong>adeo</strong></span> <span class='ocrx_word' id='word_1_704' title='bbox 2040 5380 2242 5435; x_wconf 87' lang='lat' dir='ltr'><strong>insom-</strong></span> 
     </span>
    </p>
   </div>
   <div class='ocr_carea' id='block_1_99' title="bbox 686 5456 2240 5536">
    <p class='ocr_par' dir='ltr' id='par_1_99' title="bbox 686 5456 2240 5536">
     <span class='ocr_line' id='line_1_99' title="bbox 686 5456 2240 5536; baseline 0.011 -28"><span class='ocrx_word' id='word_1_705' title='bbox 686 5456 900 5510; x_wconf 91' lang='lat' dir='ltr'><strong>niorum</strong></span> <span class='ocrx_word' id='word_1_706' title='bbox 929 5459 1193 5529; x_wconf 81' lang='lat' dir='ltr'><strong>imagines</strong></span> <span class='ocrx_word' id='word_1_707' title='bbox 1228 5458 1385 5512; x_wconf 80' lang='lat' dir='ltr'><strong>[idem</strong></span> <span class='ocrx_word' id='word_1_708' title='bbox 1429 5460 1736 5529; x_wconf 89' lang='lat' dir='ltr'><strong>impetrant.</strong></span> <span class='ocrx_word' id='word_1_709' title='bbox 1764 5464 1946 5536; x_wconf 86' lang='lat' dir='ltr'><strong>Neque</strong></span> <span class='ocrx_word' id='word_1_710' title='bbox 1981 5484 2109 5524; x_wconf 90' lang='lat' dir='ltr'><strong>vero</strong></span> <span class='ocrx_word' id='word_1_711' title='bbox 2143 5471 2240 5524; x_wconf 82' lang='lat' dir='ltr'><strong>oh-</strong></span> 
     </span>
    </p>
   </div>
   <div class='ocr_carea' id='block_1_100' title="bbox 757 5569 1192 5636">
    <p class='ocr_par' dir='ltr' id='par_1_100' title="bbox 757 5569 1192 5636">
     <span class='ocr_line' id='line_1_100' title="bbox 757 5569 1192 5636; baseline 0.009 -16"><span class='ocrx_word' id='word_1_712' title='bbox 757 5578 780 5606; x_wconf 77' lang='grc' dir='ltr'><strong>ο</strong></span> <span class='ocrx_word' id='word_1_713' title='bbox 802 5586 891 5636; x_wconf 79' lang='grc' dir='ltr'><strong>γρ.</strong></span> <span class='ocrx_word' id='word_1_714' title='bbox 921 5569 1192 5636; x_wconf 80' lang='grc' dir='ltr'>γινώσκει.</span> 
     </span>
    </p>
   </div>
   <div class='ocr_carea' id='block_1_101' title="bbox 754 5657 2233 5741">
    <p class='ocr_par' dir='ltr' id='par_1_101' title="bbox 754 5657 2233 5741">
     <span class='ocr_line' id='line_1_101' title="bbox 754 5657 2233 5741; baseline 0.015 -35"><span class='ocrx_word' id='word_1_715' title='bbox 754 5657 864 5741; x_wconf 59' lang='grc' dir='ltr'><strong>(βξ)</strong></span> <span class='ocrx_word' id='word_1_716' title='bbox 915 5660 1089 5728; x_wconf 82' lang='grc' dir='ltr'>Ὑμῖν,</span> <span class='ocrx_word' id='word_1_717' title='bbox 1124 5660 1169 5717; x_wconf 82' lang='grc' dir='ltr'>ὦ</span> <span class='ocrx_word' id='word_1_718' title='bbox 1205 5664 1495 5741; x_wconf 66' lang='grc' dir='ltr'>ξπᾴρτης.</span> <span class='ocrx_word' id='word_1_719' title='bbox 1522 5663 1774 5741; x_wconf 76' lang='lat' dir='ltr'><strong>Herodot.</strong></span> <span class='ocrx_word' id='word_1_720' title='bbox 1799 5670 1891 5724; x_wconf 88' lang='lat' dir='ltr'><strong>lib.</strong></span> <span class='ocrx_word' id='word_1_721' title='bbox 1915 5687 2008 5737; x_wconf 87' lang='lat' dir='ltr'><strong>vn,</strong></span> <span class='ocrx_word' id='word_1_722' title='bbox 2036 5689 2088 5741; x_wconf 92' lang='lat' dir='ltr'><strong>p.</strong></span> <span class='ocrx_word' id='word_1_723' title='bbox 2113 5674 2233 5727; x_wconf 72' lang='lat'><strong>520.</strong></span> 
     </span>
    </p>
   </div>
   <div class='ocr_carea' id='block_1_102' title="bbox 683 5724 2235 5812">
    <p class='ocr_par' dir='ltr' id='par_1_102' title="bbox 683 5724 2235 5812">
     <span class='ocr_line' id='line_1_102' title="bbox 683 5724 2235 5812; baseline 0.013 -34"><span class='ocrx_word' id='word_1_724' title='bbox 683 5724 930 5812; x_wconf 61' lang='lat' dir='ltr'><strong>Spartam</strong></span> <span class='ocrx_word' id='word_1_725' title='bbox 966 5724 1140 5812; x_wconf 61' lang='lat' dir='ltr'><strong>vocat</strong></span> <span class='ocrx_word' id='word_1_726' title='bbox 1179 5724 1502 5812; x_wconf 50' lang='grc' dir='ltr'>εὑρέῇορον,</span> <span class='ocrx_word' id='word_1_727' title='bbox 1532 5750 1560 5788; x_wconf 89' lang='lat' dir='ltr'><strong>a</strong></span> <span class='ocrx_word' id='word_1_728' title='bbox 1601 5739 1841 5812; x_wconf 65' lang='lat' dir='ltr'><strong>regionis</strong></span> <span class='ocrx_word' id='word_1_729' title='bbox 1868 5724 2235 5812; x_wconf 60' lang='lat' dir='ltr'><strong>potiusrquain</strong></span> 
     </span>
    </p>
   </div>
   <div class='ocr_carea' id='block_1_103' title="bbox 682 5797 2234 5870">
    <p class='ocr_par' dir='ltr' id='par_1_103' title="bbox 682 5797 2234 5870">
     <span class='ocr_line' id='line_1_103' title="bbox 682 5797 2234 5870; baseline 0.014 -20"><span class='ocrx_word' id='word_1_730' title='bbox 682 5797 830 5853; x_wconf 86' lang='lat' dir='ltr'><strong>urbis</strong></span> <span class='ocrx_word' id='word_1_731' title='bbox 864 5797 1391 5869; x_wconf 47' lang='lat' dir='ltr'><strong>amplitudineCFuit&#39;</strong></span> <span class='ocrx_word' id='word_1_732' title='bbox 1419 5805 1560 5862; x_wconf 87' lang='lat' dir='ltr'><strong>enim</strong></span> <span class='ocrx_word' id='word_1_733' title='bbox 1597 5797 2055 5868; x_wconf 61' lang='lat' dir='ltr'><strong>Laconica&#39;totius</strong></span> <span class='ocrx_word' id='word_1_734' title='bbox 2081 5797 2234 5870; x_wconf 64' lang='grc' dir='ltr'>ρειοὲ</span> 
     </span>
    </p>
   </div>
   <div class='ocr_carea' id='block_1_104' title="bbox 2347 4667 3883 4743">
    <p class='ocr_par' dir='ltr' id='par_1_104' title="bbox 2347 4667 3883 4743">
     <span class='ocr_line' id='line_1_104' title="bbox 2347 4667 3883 4743; baseline -0.004 -19"><span class='ocrx_word' id='word_1_735' title='bbox 2347 4673 2440 4724; x_wconf 71' lang='grc' dir='ltr'><strong>καὶ</strong></span> <span class='ocrx_word' id='word_1_736' title='bbox 2461 4671 2802 4743; x_wconf 80' lang='grc' dir='ltr'>τραχηλίζειν</span> <span class='ocrx_word' id='word_1_737' title='bbox 2823 4670 2945 4733; x_wconf 86' lang='grc' dir='ltr'>τοὺς</span> <span class='ocrx_word' id='word_1_738' title='bbox 2967 4670 3286 4742; x_wconf 77' lang='grc' dir='ltr'>ἀϐελτέρους</span> <span class='ocrx_word' id='word_1_739' title='bbox 3311 4673 3369 4725; x_wconf 80' lang='grc' dir='ltr'><strong>οὐ</strong></span> <span class='ocrx_word' id='word_1_740' title='bbox 3399 4673 3554 4743; x_wconf 89' lang='grc' dir='ltr'>μόνον</span> <span class='ocrx_word' id='word_1_741' title='bbox 3575 4675 3652 4734; x_wconf 85' lang='grc' dir='ltr'><strong>είς</strong></span> <span class='ocrx_word' id='word_1_742' title='bbox 3671 4667 3883 4738; x_wconf 70' lang='grc' dir='ltr'>Δελφικά</span> 
     </span>
    </p>
   </div>
   <div class='ocr_carea' id='block_1_105' title="bbox 2349 4754 3882 4839">
    <p class='ocr_par' dir='ltr' id='par_1_105' title="bbox 2349 4754 3882 4839">
     <span class='ocr_line' id='line_1_105' title="bbox 2349 4754 3882 4839; baseline -0.001 -26"><span class='ocrx_word' id='word_1_743' title='bbox 2349 4762 2440 4813; x_wconf 75' lang='grc' dir='ltr'>καὶ</span> <span class='ocrx_word' id='word_1_744' title='bbox 2471 4763 2755 4815; x_wconf 85' lang='grc' dir='ltr'>Δωδωναῖα</span> <span class='ocrx_word' id='word_1_745' title='bbox 2788 4763 3127 4839; x_wconf 78' lang='grc' dir='ltr'>σοφιστήρια,</span> <span class='ocrx_word' id='word_1_746' title='bbox 3160 4754 3273 4816; x_wconf 76' lang='grc' dir='ltr'>ἀλλ’</span> <span class='ocrx_word' id='word_1_747' title='bbox 3302 4765 3401 4836; x_wconf 68' lang='grc' dir='ltr'><strong>ἤδη</strong></span> <span class='ocrx_word' id='word_1_748' title='bbox 3436 4766 3528 4821; x_wconf 73' lang='grc' dir='ltr'>καὶ</span> <span class='ocrx_word' id='word_1_749' title='bbox 3555 4766 3644 4817; x_wconf 79' lang='grc' dir='ltr'>ἐπὶ</span> <span class='ocrx_word' id='word_1_750' title='bbox 3671 4764 3735 4815; x_wconf 80' lang='grc' dir='ltr'>τὰ</span> <span class='ocrx_word' id='word_1_751' title='bbox 3761 4762 3882 4830; x_wconf 79' lang='grc' dir='ltr'>ὀρνι-</span> 
     </span>
    </p>
   </div>
   <div class='ocr_carea' id='block_1_106' title="bbox 2348 4850 3878 4923">
    <p class='ocr_par' dir='ltr' id='par_1_106' title="bbox 2348 4850 3878 4923">
     <span class='ocr_line' id='line_1_106' title="bbox 2348 4850 3878 4923; baseline 0.001 -20"><span class='ocrx_word' id='word_1_752' title='bbox 2348 4851 2634 4922; x_wconf 85' lang='grc' dir='ltr'>θομαντεία</span> <span class='ocrx_word' id='word_1_753' title='bbox 2655 4891 2668 4913; x_wconf 92' lang='grc'><strong>,</strong></span> <span class='ocrx_word' id='word_1_754' title='bbox 2709 4851 2801 4903; x_wconf 74' lang='grc' dir='ltr'><strong>καὶ</strong></span> <span class='ocrx_word' id='word_1_755' title='bbox 2846 4850 3295 4923; x_wconf 83' lang='grc' dir='ltr'>ἀλευρομαντεῖα,</span> <span class='ocrx_word' id='word_1_756' title='bbox 3330 4857 3424 4909; x_wconf 79' lang='grc' dir='ltr'><strong>καὶ</strong></span> <span class='ocrx_word' id='word_1_757' title='bbox 3455 4855 3579 4916; x_wconf 78' lang='grc' dir='ltr'>τοὺς</span> <span class='ocrx_word' id='word_1_758' title='bbox 3607 4854 3878 4921; x_wconf 78' lang='grc' dir='ltr'>ἐγγαστρι-</span> 
     </span>
    </p>
   </div>
   <div class='ocr_carea' id='block_1_107' title="bbox 2350 4942 3874 5015">
    <p class='ocr_par' dir='ltr' id='par_1_107' title="bbox 2350 4942 3874 5015">
     <span class='ocr_line' id='line_1_107' title="bbox 2350 4942 3874 5015; baseline 0 -22"><span class='ocrx_word' id='word_1_759' title='bbox 2350 4942 2565 5012; x_wconf 82' lang='grc' dir='ltr'>μύθους.</span> <span class='ocrx_word' id='word_1_760' title='bbox 2609 4942 2795 4994; x_wconf 78' lang='grc' dir='ltr'>Πιστοὶ</span> <span class='ocrx_word' id='word_1_761' title='bbox 2827 4943 2882 4994; x_wconf 74' lang='grc' dir='ltr'>δὲ</span> <span class='ocrx_word' id='word_1_762' title='bbox 2910 4945 2969 4996; x_wconf 82' lang='grc' dir='ltr'><strong>οὐ</strong></span> <span class='ocrx_word' id='word_1_763' title='bbox 3002 4947 3158 5015; x_wconf 87' lang='grc' dir='ltr'>μόνον</span> <span class='ocrx_word' id='word_1_764' title='bbox 3188 4949 3235 4998; x_wconf 82' lang='lat' dir='ltr'><strong>ol</strong></span> <span class='ocrx_word' id='word_1_765' title='bbox 3269 4945 3379 4998; x_wconf 82' lang='grc' dir='ltr'>θεοὶ</span> <span class='ocrx_word' id='word_1_766' title='bbox 3424 4943 3744 5014; x_wconf 75' lang='grc' dir='ltr'>τηνικαῦτα,</span> <span class='ocrx_word' id='word_1_767' title='bbox 3776 4942 3874 4995; x_wconf 84' lang='grc' dir='ltr'>ἀλλ’</span> 
     </span>
    </p>
   </div>
   <div class='ocr_carea' id='block_1_108' title="bbox 2345 5031 3874 5106">
    <p class='ocr_par' dir='ltr' id='par_1_108' title="bbox 2345 5031 3874 5106">
     <span class='ocr_line' id='line_1_108' title="bbox 2345 5031 3874 5106; baseline 0 -22"><span class='ocrx_word' id='word_1_768' title='bbox 2345 5033 2443 5104; x_wconf 66' lang='grc' dir='ltr'><strong>ἤδη</strong></span> <span class='ocrx_word' id='word_1_769' title='bbox 2474 5034 2566 5085; x_wconf 80' lang='grc' dir='ltr'><strong>καὶ</strong></span> <span class='ocrx_word' id='word_1_770' title='bbox 2597 5035 2651 5085; x_wconf 79' lang='grc' dir='ltr'>αἱ</span> <span class='ocrx_word' id='word_1_771' title='bbox 2689 5033 2869 5100; x_wconf 87' lang='grc' dir='ltr'>γαλαῖ,</span> <span class='ocrx_word' id='word_1_772' title='bbox 2906 5036 2998 5087; x_wconf 78' lang='grc' dir='ltr'><strong>καὶ</strong></span> <span class='ocrx_word' id='word_1_773' title='bbox 3027 5037 3082 5087; x_wconf 85' lang='grc' dir='ltr'>αἱ</span> <span class='ocrx_word' id='word_1_774' title='bbox 3113 5035 3373 5106; x_wconf 85' lang='grc' dir='ltr'>κορῶναι,</span> <span class='ocrx_word' id='word_1_775' title='bbox 3408 5033 3502 5085; x_wconf 75' lang='grc' dir='ltr'>καὶ</span> <span class='ocrx_word' id='word_1_776' title='bbox 3534 5032 3600 5084; x_wconf 83' lang='grc' dir='ltr'>τὰ</span> <span class='ocrx_word' id='word_1_777' title='bbox 3630 5031 3874 5085; x_wconf 82' lang='grc' dir='ltr'>καθύπνια</span> 
     </span>
    </p>
   </div>
   <div class='ocr_carea' id='block_1_109' title="bbox 2345 5121 3876 5192">
    <p class='ocr_par' dir='ltr' id='par_1_109' title="bbox 2345 5121 3876 5192">
     <span class='ocr_line' id='line_1_109' title="bbox 2345 5121 3876 5192; baseline -0.005 -14"><span class='ocrx_word' id='word_1_778' title='bbox 2345 5123 2829 5192; x_wconf 83' lang='grc' dir='ltr'>παραπταίσματα.</span> <span class='ocrx_word' id='word_1_779' title='bbox 2871 5124 3074 5176; x_wconf 80' lang='grc' dir='ltr'>Οὗκουν</span> <span class='ocrx_word' id='word_1_780' title='bbox 3103 5123 3325 5192; x_wconf 82' lang='grc' dir='ltr'>ἄδηλον,</span> <span class='ocrx_word' id='word_1_781' title='bbox 3372 5121 3454 5172; x_wconf 83' lang='grc' dir='ltr'>ὅτι</span> <span class='ocrx_word' id='word_1_782' title='bbox 3493 5121 3602 5173; x_wconf 76' lang='grc' dir='ltr'>οὔτ’</span> <span class='ocrx_word' id='word_1_783' title='bbox 3627 5122 3686 5175; x_wconf 82' lang='grc' dir='ltr'><strong>ἂν</strong></span> <span class='ocrx_word' id='word_1_784' title='bbox 3718 5122 3876 5192; x_wconf 72' lang='grc' dir='ltr'><strong>ἀμφό-</strong></span> 
     </span>
    </p>
   </div>
   <div class='ocr_carea' id='block_1_110' title="bbox 2342 5211 3872 5286">
    <p class='ocr_par' dir='ltr' id='par_1_110' title="bbox 2342 5211 3872 5286">
     <span class='ocr_line' id='line_1_110' title="bbox 2342 5211 3872 5286; baseline -0.001 -20"><span class='ocrx_word' id='word_1_785' title='bbox 2342 5232 2475 5285; x_wconf 87' lang='grc' dir='ltr'>τερα</span> <span class='ocrx_word' id='word_1_786' title='bbox 2506 5213 2700 5284; x_wconf 79' lang='grc' dir='ltr'>μᾶλλον</span> <span class='ocrx_word' id='word_1_787' title='bbox 2732 5215 2994 5280; x_wconf 75' lang='grc' dir='ltr'>ἐδέξαντο,</span> <span class='ocrx_word' id='word_1_788' title='bbox 3023 5216 3056 5286; x_wconf 79' lang='grc' dir='ltr'>ἢ</span> <span class='ocrx_word' id='word_1_789' title='bbox 3085 5215 3146 5268; x_wconf 85' lang='grc' dir='ltr'>τὸ</span> <span class='ocrx_word' id='word_1_790' title='bbox 3173 5214 3374 5283; x_wconf 73' lang='grc' dir='ltr'>ἕτερον,</span> <span class='ocrx_word' id='word_1_791' title='bbox 3404 5211 3511 5265; x_wconf 75' lang='grc' dir='ltr'>οὔτ’</span> <span class='ocrx_word' id='word_1_792' title='bbox 3537 5214 3602 5268; x_wconf 84' lang='grc' dir='ltr'><strong>ἂν</strong></span> <span class='ocrx_word' id='word_1_793' title='bbox 3631 5215 3685 5268; x_wconf 86' lang='grc' dir='ltr'><strong>τὸ</strong></span> <span class='ocrx_word' id='word_1_794' title='bbox 3713 5214 3872 5284; x_wconf 76' lang='grc' dir='ltr'>μεῖζον</span> 
     </span>
    </p>
   </div>
   <div class='ocr_carea' id='block_1_111' title="bbox 2341 5299 3872 5390">
    <p class='ocr_par' dir='ltr' id='par_1_111' title="bbox 2341 5299 3872 5390">
     <span class='ocr_line' id='line_1_111' title="bbox 2341 5299 3872 5390; baseline -0.003 -30"><span class='ocrx_word' id='word_1_795' title='bbox 2341 5309 2461 5360; x_wconf 79' lang='grc' dir='ltr'>ἀντὶ</span> <span class='ocrx_word' id='word_1_796' title='bbox 2505 5305 2596 5359; x_wconf 80' lang='grc' dir='ltr'>τοῦ</span> <span class='ocrx_word' id='word_1_797' title='bbox 2632 5308 2838 5376; x_wconf 85' lang='grc' dir='ltr'>μείονος</span> <span class='ocrx_word' id='word_1_798' title='bbox 2860 5326 2871 5338; x_wconf 91' lang='grc'><strong>·</strong></span> <span class='ocrx_word' id='word_1_799' title='bbox 2912 5311 3060 5378; x_wconf 87' lang='grc' dir='ltr'>μεῖον</span> <span class='ocrx_word' id='word_1_800' title='bbox 3105 5305 3161 5357; x_wconf 81' lang='grc' dir='ltr'>δὲ</span> <span class='ocrx_word' id='word_1_801' title='bbox 3210 5299 3348 5390; x_wconf 59' lang='grc' dir='ltr'>εἶναι</span> <span class='ocrx_word' id='word_1_802' title='bbox 3388 5305 3482 5359; x_wconf 74' lang='grc' dir='ltr'>ἕνα</span> <span class='ocrx_word' id='word_1_803' title='bbox 3518 5307 3639 5362; x_wconf 73' lang='grc' dir='ltr'>ἀντὶ</span> <span class='ocrx_word' id='word_1_804' title='bbox 3681 5308 3872 5359; x_wconf 83' lang='grc' dir='ltr'>πάντων</span> 
     </span>
    </p>
   </div>
   <div class='ocr_carea' id='block_1_112' title="bbox 2343 5396 3872 5472">
    <p class='ocr_par' dir='ltr' id='par_1_112' title="bbox 2343 5396 3872 5472">
     <span class='ocr_line' id='line_1_112' title="bbox 2343 5396 3872 5472; baseline -0.003 -19"><span class='ocrx_word' id='word_1_805' title='bbox 2343 5404 2525 5455; x_wconf 88' lang='grc' dir='ltr'>πεσεῖν</span> <span class='ocrx_word' id='word_1_806' title='bbox 2550 5403 2637 5456; x_wconf 82' lang='grc' dir='ltr'><strong>τὸν</strong></span> <span class='ocrx_word' id='word_1_807' title='bbox 2665 5402 2901 5472; x_wconf 80' lang='grc' dir='ltr'>βασιλέα.</span> <span class='ocrx_word' id='word_1_808' title='bbox 2930 5397 3085 5454; x_wconf 86' lang='grc' dir='ltr'>Μετὰ</span> <span class='ocrx_word' id='word_1_809' title='bbox 3107 5398 3204 5468; x_wconf 84' lang='grc' dir='ltr'>μὲν</span> <span class='ocrx_word' id='word_1_810' title='bbox 3230 5396 3294 5469; x_wconf 84' lang='grc' dir='ltr'>δὴ</span> <span class='ocrx_word' id='word_1_811' title='bbox 3316 5397 3414 5469; x_wconf 81' lang='grc' dir='ltr'>τῆς</span> <span class='ocrx_word' id='word_1_812' title='bbox 3443 5400 3645 5464; x_wconf 86' lang='grc' dir='ltr'>πόλεως</span> <span class='ocrx_word' id='word_1_813' title='bbox 3670 5397 3872 5453; x_wconf 80' lang='grc' dir='ltr'>πιπτού-</span> 
     </span>
    </p>
   </div>
   <div class='ocr_carea' id='block_1_113' title="bbox 2343 5486 3907 5563">
    <p class='ocr_par' dir='ltr' id='par_1_113' title="bbox 2343 5486 3907 5563">
     <span class='ocr_line' id='line_1_113' title="bbox 2343 5486 3907 5563; baseline 0.001 -22"><span class='ocrx_word' id='word_1_814' title='bbox 2343 5506 2461 5560; x_wconf 87' lang='grc' dir='ltr'>σης,</span> <span class='ocrx_word' id='word_1_815' title='bbox 2494 5491 2716 5563; x_wconf 81' lang='grc' dir='ltr'>οὐδεμία</span> <span class='ocrx_word' id='word_1_816' title='bbox 2743 5492 2873 5558; x_wconf 44' lang='grc' dir='ltr'>,οὐδ’</span> <span class='ocrx_word' id='word_1_817' title='bbox 2912 5486 3060 5557; x_wconf 84' lang='grc' dir='ltr'>αὐτῷ</span> <span class='ocrx_word' id='word_1_818' title='bbox 3087 5487 3338 5559; x_wconf 75' lang='grc' dir='ltr'>ἀτωφυγή</span> <span class='ocrx_word' id='word_1_819' title='bbox 3360 5507 3373 5520; x_wconf 91' lang='grc'><strong>·</strong></span> <span class='ocrx_word' id='word_1_820' title='bbox 3406 5493 3456 5544; x_wconf 78' lang='grc' dir='ltr'>εἰ</span> <span class='ocrx_word' id='word_1_821' title='bbox 3495 5490 3542 5544; x_wconf 85' lang='grc' dir='ltr'>δ’</span> <span class='ocrx_word' id='word_1_822' title='bbox 3574 5492 3725 5552; x_wconf 79' lang='grc' dir='ltr'>αὐτὸς</span> <span class='ocrx_word' id='word_1_823' title='bbox 3753 5486 3907 5558; x_wconf 49' lang='lat' dir='ltr'><strong>mw</strong></span> 
     </span>
    </p>
   </div>
   <div class='ocr_carea' id='block_1_114' title="bbox 2337 5685 3655 5760">
    <p class='ocr_par' dir='ltr' id='par_1_114' title="bbox 2337 5685 3655 5760">
     <span class='ocr_line' id='line_1_114' title="bbox 2337 5685 3655 5760; baseline 0.003 -19"><span class='ocrx_word' id='word_1_824' title='bbox 2337 5688 2564 5760; x_wconf 81' lang='lat' dir='ltr'><strong>ponnesi</strong></span> <span class='ocrx_word' id='word_1_825' title='bbox 2595 5685 2964 5760; x_wconf 63' lang='lat' dir='ltr'><strong>magnitudine</strong></span> <span class='ocrx_word' id='word_1_826' title='bbox 2993 5699 3056 5760; x_wconf 79' lang='lat' dir='ltr'><strong>ac</strong></span> <span class='ocrx_word' id='word_1_827' title='bbox 3080 5687 3655 5760; x_wconf 54' lang='lat' dir='ltr'><strong>nobilitateprinceps.</strong></span> 
     </span>
    </p>
   </div>
   <div class='ocr_carea' id='block_1_115' title="bbox 2412 5753 3336 5828">
    <p class='ocr_par' dir='ltr' id='par_1_115' title="bbox 2412 5753 3336 5828">
     <span class='ocr_line' id='line_1_115' title="bbox 2412 5753 3336 5828; baseline 0.004 -17"><span class='ocrx_word' id='word_1_828' title='bbox 2412 5759 2522 5828; x_wconf 80' lang='lat'><strong>(69)</strong></span> <span class='ocrx_word' id='word_1_829' title='bbox 2558 5753 2851 5824; x_wconf 71' lang='grc' dir='ltr'>Βασιλῆα.</span> <span class='ocrx_word' id='word_1_830' title='bbox 2893 5753 3207 5816; x_wconf 84' lang='lat' dir='ltr'><strong>Leonidam.</strong></span> <span class='ocrx_word' id='word_1_831' title='bbox 3323 5760 3336 5767; x_wconf 85' lang='grc'><em>’</em></span> 
     </span>
    </p>
   </div>
  </div>
