4020 6342
126 434 224 488 377

1321 445 1646 504 PREPAR.
1681 445 1944 505 EVANG-
1986 449 2110 504 LlB.
2153 449 2217 507 ν.

3227 453 3330 509 578

125 567 196 621 πη
231 551 502 619 τάττοιτο,
532 556 668 626 τάχα
700 556 763 611 ἀν
792 575 844 610 τι
877 559 970 612 καὶ
1001 559 1296 632 παράδοξον
1325 563 1548 628 γένοιτο.
1567 562 1687 613 Λεί-

1790 578 2002 617 scurum
2033 573 2169 626 erat,
2200 579 2292 619 eos
2321 578 2417 618 nec
2456 574 2738 634 utrumque
2771 564 2956 632 potius
2977 579 3138 633 quam
3173 566 3334 619 alter-

123 657 284 694 πεται
313 642 381 714 δὴ
416 646 540 709 τοὺς
571 646 741 699 ταῦτα
770 647 1168 718 λογιζομένους,
1191 650 1280 702 τὸν
1327 651 1439 719 μὲν⁵
1471 650 1691 720 βασιλέα

125 731 344 802 πέμψαι
379 739 914 807 προσπολεμήσοντα,
945 740 1138 802 αὐτοὺς
1164 739 1239 803 δὲ,
1265 739 1401 792 οἴκοι
1437 740 1692 810 μένοντας

123 823 227 890 ἔξω
271 826 422 878 κινδύ
437 845 563 890 νων,
596 828 932 898 καραδοκεῖν.
987 831 1075 900 Τῷ
1115 831 1210 900 μὲν
1240 827 1337 884 οὖν
1367 834 1483 901 μετ’
1517 833 1696 900 ὀλίγον

122 915 356 986 ἐναντίῳ
389 919 662 987 ἱσταμένῳ
703 919 836 990 πρὸς
887 920 976 972 τὸν
1021 921 1256 992 ἄπειρον
1285 922 1435 990 ὄχλον
1479 923 1697 993 ὄλεθρος

124 1010 413 1077 προφανής
434 1025 445 1037 ·
486 1011 517 1079 ἡ
544 1009 600 1060 δὲ
631 1010 849 1079 Σπάρτη
886 1011 1080 1080 ἀνοχὰς
1107 1009 1216 1082 εἶχε
1255 1011 1347 1063 τοῦ
1377 1013 1539 1080 φόϐου
1560 1057 1574 1078 ,
1607 1016 1698 1067 καὶ

125 1099 464 1167 παραδόξους
492 1101 728 1163 ἐλπίδας.
761 1101 938 1172 Μηδὲν
968 1103 1025 1154 δὲ
1057 1100 1214 1176 ἦττον
1247 1103 1530 1174 ἀφώρατον
1559 1101 1695 1158 εἶναι

122 1189 180 1240 τὸ
211 1190 458 1261 σόφισμα
478 1233 493 1253 ,
541 1194 634 1245 καὶ
680 1194 1039 1265 διαφυγούσης
1061 1235 1075 1258 ,
1107 1198 1200 1248 καὶ
1233 1179 1485 1267 ἀλούσης.
1513 1198 1574 1248 Τί
1601 1198 1695 1268 δή-

123 1297 250 1332 ποτε
274 1297 289 1342 ;
318 1283 437 1334 Ὅτι
458 1285 556 1335 οὐκ
583 1285 786 1355 εἴρητο,
815 1286 890 1355 μά
911 1289 1027 1350 Δία,
1048 1290 1094 1340 εί
1110 1290 1137 1340 ὁ
1152 1288 1407 1358 βασιλεὺς
1429 1291 1691 1363 ἀποθάνῃ,

123 1373 155 1440 ἡ
188 1373 348 1436 πόλις
371 1373 692 1443 σωθήσεται,
727 1376 839 1429 ἀλλ’
870 1379 970 1442 ὅτι,
1004 1378 1036 1449 ἦ
1073 1379 1234 1449 μόνος
1270 1380 1565 1444 ἀπολεῖται,
1595 1382 1626 1450 ἢ
1659 1383 1692 1452 ἡ

129 1464 397 1534 σύμπασα
427 1466 579 1529 πόλις
603 1484 616 1496 ·
652 1468 808 1521 τοῦτο
835 1469 891 1521 δὲ
923 1471 1248 1542 ὲνέκατέρῳ
1280 1472 1582 1536 ἀνεύθυνον,
1601 1473 1694 1526 καὶ

129 1553 290 1622 μόνου
345 1555 508 1608 αὑτοῦ
540 1548 928 1627 ἀπολουμένοῦ,
961 1551 1056 1612 καὶ
1099 1561 1171 1630 μὴ
1217 1560 1398 1629 μόνου,
1438 1557 1601 1624 Οὗτος
1627 1561 1683 1612 δὲ

126 1645 295 1712 τύφου
348 1647 441 1699 καὶ
487 1647 795 1718 ἀφροσύνης
847 1650 1072 1719 καρπός.
1107 1671 1125 1702 ι
1164 1650 1322 1702 Ἀλλά
1380 1649 1550 1703 ταῦτα
1593 1652 1690 1719 μὲν

123 1738 345 1789 ταυτίι.
383 1738 495 1790 Οὐκ
527 1739 672 1802 ἀξιον
706 1740 759 1793 δὲ
795 1740 1078 1811 παρελθεῖν
1123 1742 1214 1793 καὶ
1268 1742 1408 1811 imp
1452 1741 1684 1802 Κνιδίοις

126 1829 325 1899 ἔχρησε
360 1830 519 1883 πάλιν
567 1832 907 1901 εὐχομένοις,
959 1832 1052 1885 καὶ
1093 1833 1190 1902 τὴν
1235 1832 1386 1903 παρά
1431 1832 1523 1884 τοῦ
1571 1831 1692 1883 θεοῦ

126 1926 446 1992 συμμαχίαν
472 1923 731 1977 αἰτοῦσιν.
923 1934 927 1940 ’

1795 663 1995 717 utrum,
2044 670 2143 708 nec
2183 671 2279 723 pro
2341 657 2522 710 leviori
2579 656 2794 723 gravius
2842 656 3115 710 subituros
3165 671 3333 723 esse;

1792 745 2062 814 simulque
2097 745 2268 799 levius
2296 746 2398 800 hoc
2419 748 2631 800 demum
2663 746 2797 811 fore,
2830 747 2875 800 si
2907 761 2998 798 rex
3035 761 3131 814 pro
3161 747 3339 800 omni-

1793 837 1896 889 bus
1939 852 2077 890 unus
2106 837 2366 891 interiret.
2397 836 2512 891 Jam
2539 828 2738 890 veroid
2771 838 2930 889 etiam
2961 835 3112 890 facile
3142 854 3337 892 occur-

1794 927 1984 988 rebat;
2022 927 2074 978 in
2115 930 2388 980 communi
2436 929 2598 981 totius
2641 928 2784 979 urbis
2813 929 3044 991 excidio,
3083 928 3336 998 effugium

1795 1016 1906 1085 regi
1954 1026 2136 1084 patere
2165 1017 2404 1083 nullum;
2442 1018 2577 1070 idem
2629 1027 2804 1071 autem
2859 1019 2902 1070 si
2950 1019 3055 1070 alio
3084 1019 3336 1091 quopiam
3433 1042 3436 1044 η

1795 1109 2195 1171 amandaretur,
2225 1109 2422 1176 aliquid
2454 1108 2590 1162 forte
2623 1121 2813 1178 przeter
2843 1110 3151 1178 opinionem
3176 1124 3338 1174 even-r

1791 1208 1994 1251 turum.
2039 1197 2321 1266 Reliquum
2356 1199 2516 1267 igitur
2545 1209 2647 1262 est,
2684 1210 2742 1253 ut
2782 1216 2980 1267 regem,
3022 1195 3134 1253 haec
3161 1213 3340 1252 secum

1790 1288 1890 1356 ipsi
1925 1296 2252 1357 reputantes,
2280 1289 2342 1340 ad
2373 1288 2570 1342 bellum
2601 1289 2890 1358 gerendum
2909 1288 3172 1352 emittant,
3197 1289 3343 1344 domi

1791 1394 1918 1432 vero
1941 1379 2142 1432 interea
2175 1381 2488 1446 residentes,
2527 1382 2712 1450 procul
2738 1398 2766 1434 a
2789 1382 3117 1443 discrimine,
3144 1381 3218 1433 rei
3262 1389 3344 1432 to-

1791 1471 1898 1525 tius
1931 1472 2133 1524 exitum
2180 1475 2508 1540 operiantur.
2547 1471 2675 1542 Regi
2720 1488 2883 1541 porro
2931 1472 3189 1526 infinitam
3242 1472 3342 1524 ho-

1791 1563 1952 1614 stium
1987 1562 2384 1615 multitudinem
2432 1563 2591 1630 paulo
2629 1574 2749 1631 post
2791 1563 3100 1631 excipienti,
3139 1570 3344 1615 certum

1793 1650 2070 1708 interitum
2105 1652 2409 1716 imminere,
2441 1668 2598 1706 nemo
2630 1668 2734 1705 non
2759 1653 2996 1718 videbat,
3029 1669 3150 1706 cum
3187 1653 3343 1705 indu-

1797 1742 1895 1795 ciis
1922 1742 2246 1809 quibusdam
2273 1743 2486 1796 interim
2515 1744 2582 1796 ab
2600 1745 2746 1796 omni
2773 1753 2914 1796 metu
2938 1745 3122 1796 vacuis
3154 1741 3343 1810 Sparta

1794 1830 2083 1894 frueretur,
2120 1847 2343 1899 seseque
2393 1834 2654 1902 inopinati
2696 1835 2974 1903 cujusdam
3003 1842 3223 1887 eventus
3255 1848 3348 1901 spe

1720 1919 1762 1972 Β
1793 1931 2134 1976 sustentaret.
2162 1923 2322 1994 220
2355 1923 2645 1977 Enimvero
2676 1939 2768 1977 seu
2813 1925 2997 1977 eadem
3044 1932 3328 1992 caperetur

129 2027 222 2065 seu
301 2030 497 2069 manus
555 2015 788 2068 hostium
846 2015 1132 2083 effugeret,
1186 2023 1378 2069 tectam
1425 2029 1641 2068 manere
1696 2013 2054 2067 cavillationis
2099 2013 2359 2066 fraudem.
2415 2015 2520 2068 Cur
2569 2016 2787 2068 autem?
2829 2015 2936 2070 Nec
2959 2017 3351 2078 eniinsalvam,

127 2100 378 2166 Hercule.
405 2106 450 2158 si
488 2121 579 2158 rex
616 2107 832 2173 periret,
866 2107 1134 2160 civitatem
1176 2105 1412 2160 futuram
1478 2106 1706 2164 dixerat,
1778 2105 1869 2158 sed
1940 2115 2168 2170 tantum,
2204 2118 2293 2159 aut
2336 2104 2531 2176 [legem
2574 2124 2770 2173 unum,
2812 2119 2900 2162 aut
2933 2111 3196 2162 civitatem
3231 2110 3348 2162 uni-

126 2212 338 2250 versant
369 2213 488 2251 esse
521 2199 836 2266 perituram.
868 2195 1020 2262 Quod
1053 2212 1182 2250 sane
1209 2197 1432 2258 dictum,
1471 2196 1675 2250 utrovis
1707 2195 1872 2258 exitu,
1903 2197 2014 2248 sive
2049 2197 2196 2250 solus
2259 2199 2383 2265 ipse.
2423 2201 2637 2265 periret,
2673 2201 2783 2254 sive
2829 2217 2955 2262 non,
3011 2201 3108 2253 sibi
3142 2215 3352 2266 semper

127 2298 422 2344 coostaret.
453 2289 629 2356 Atque
655 2289 743 2342 hic
800 2290 1016 2341 demum
1079 2295 1175 2341 est
1217 2287 1473 2340 vanitatis
1535 2285 1879 2351 stultitiaaque
1942 2285 2168 2340 fructus.
2209 2304 2227 2336 ι
2271 2292 2338 2339 At
2369 2289 2435 2341 de
2463 2287 2882 2344 Lacedaemoniis
2924 2292 3199 2345 hactenus.
3231 2290 3349 2345 Jam

127 2380 253 2447 quid
307 2379 522 2433 tandem
566 2379 680 2448 ipse
722 2376 929 2431 Cnidiis
959 2391 1116 2444 opem
1146 2390 1361 2445 quoque
1426 2390 1577 2428 suam
1639 2375 2050 2444 implorantibus
2084 2373 2354 2445 ’responsi
2416 2377 2652 2450 dederit,
2709 2396 2816 2434 non
2847 2381 2942 2436 abs
2979 2398 3033 2434 re
3065 2379 3226 2436 fuerit
3265 2391 3348 2435 at—

129 2480 330 2526 texere.

620 2562 1012 2615 ΚΕΦΑΛΔΙΟΝ
1050 2565 1193 2630 κεῖν.

640 2653 708 2705 Τὸ
738 2655 880 2706 αὐτὸ
916 2654 1190 2720 Κνιδίοις.
1511 2705 1514 2708 .

202 2764 222 2797 ι
253 2740 494 2798 Ἔπαθον
517 2743 572 2796 δὲ
605 2745 694 2796 καὶ
715 2745 761 2796 οἱ
788 2745 988 2796 Κνίδιοι
1017 2744 1127 2812 (70)
1145 2744 1315 2815 τούτῳ
1347 2743 1684 2816 προσεοικὸς,

140 2833 418 2906 ’Δρπάγου
455 2834 564 2905 (71)
609 2836 696 2887 ἐπ’
729 2835 923 2896 αὐτοὺς
969 2835 1410 2906 στρατεύσαντος.
1453 2835 1552 2886 Τὸν
1585 2834 1693 2905 γὰρ

139 2921 353 2996 Ἰσθμὸν
403 2926 494 2979 τὸν
535 2926 719 2979 αὐτόθι
767 2927 1073 2979 διακόπτειν
1129 2926 1562 2997 ἐπιχειροῦντες,
1606 2927 1699 2978 καὶ

127 3016 222 3086 τὴν
249 3017 403 3070 πόλιν
425 3019 749 3087 νησοποιεῖν,
771 3017 838 3068 τὰ
871 3017 970 3086 μὲν
1001 3017 1188 3088 πρῶτα
1211 3018 1306 3069 τοῦ
1341 3017 1499 3087 έργου
1527 3017 1695 3087 εἴχον-

125 3124 217 3172 το,
245 3109 370 3160 ἐπεὶ
390 3107 446 3160 δὲ
474 3111 654 3171 αὐτοῖς
672 3108 698 3146 δ
728 3109 940 3177 ἀπήντα
982 3111 1014 3177 ὴ
1050 3110 1297 3179 ἐργασία,
1334 3106 1696 3175 ἀπαγορεύον-

2338 2559 2564 2614 CAPUT
2613 2560 2796 2614 XXVI.

2116 2636 2460 2720 'Responsum
2519 2653 2721 2707 Cnidiis
2767 2654 2981 2706 editum.

1865 2761 1881 2793 ι
1922 2741 2026 2797 Nec
2044 2759 2170 2797 sane
2189 2746 2468 2800 dissimilis
2488 2746 2682 2815 (inquit
2703 2747 2809 2812 ille)
2833 2745 3164 2808 Cnidiorum,
3198 2744 3328 2796 [lar-

1797 2847 1937 2901 pago
1971 2833 2230 2886 adversus
2286 2849 2379 2888 eos
2435 2847 2705 2899 movente,
2743 2833 2958 2887 fortuna
3007 2826 3350 2900 conditioque

1801 2923 1922 2978 fuit.
1945 2924 2200 2979 Isthmum
2233 2925 2378 2976 enim
2417 2925 2590 2985 illum,
2627 2925 2720 2992 qui
2757 2933 2866 2975 tum
2902 2923 3031 2975 inibi
3064 2931 3210 2986 erat,
3258 2923 3351 2974 tol-

1795 3014 1904 3068 lere
1935 3031 1997 3069 ac
2038 3015 2365 3078 rescindere,
2419 3023 2580 3083 atque
2635 3017 2822 3068 urbem
2873 3014 3102 3066 insulam
3143 3012 3349 3066 eﬂieere

1795 3105 2056 3174 aggressi,
2095 3105 2181 3158 ubi
2218 3122 2327 3158 rem
2361 3104 2540 3159 fausto
2571 3105 2692 3159 licet
2728 3105 2910 3165 initio,
2941 3105 3118 3156 minus
3165 3113 3350 3172 postea

125 3215 216 3263 τες
241 3200 340 3270 ἠδη
364 3199 619 3270 ἐχρῶντο,
642 3201 711 3252 Σὺ
735 3199 790 3252 δὲ
817 3200 996 3261 αὐτοῖς
1019 3195 1175 3262 εἴπας
1195 3215 1211 3228 ·
1231 3199 1458 3268 Ἰσθμὸν
1469 3197 1552 3267 μὴ
1578 3199 1688 3268 (72)

1793 3197 2143 3250 vidissentcx
2176 3207 2301 3250 voto
2335 3198 2543 3260 cedere,
2596 3196 2823 3264 abjectis
2872 3196 3084 3248 demum
3134 3195 3348 3260 annuis,

128 3292 447 3360 πυργοῦτε.
467 3290 603 3360 μηδ’
633 3293 920 3360 ὀρύσσετε
940 3311 951 3322 ·
988 3292 1136 3356 Ζεὺς
1154 3290 1262 3359 γάρ
1291 3291 1340 3343 κ’
1372 3290 1546 3356 ἔθηκε
1585 3287 1691 3357 νῆ-

129 3395 263 3443 σον,
294 3381 361 3433 αι
383 3381 435 3432 κ’
461 3381 758 3434 ἐϐούλετοο
788 3382 882 3434 κα)⁸
911 3383 960 3433 οἱ
985 3381 1182 3451 βλάκες
1219 3379 1565 3450 ἐπείσθησαν,
1601 3378 1692 3430 καὶ

129 3473 569 3544 ἀποτραπόμενοι
595 3472 914 3542 παρέδωκαν
955 3474 1176 3535 ἑαυτοὺς
1202 3471 1275 3541 τῷ
1318 3473 1591 3542 Ἀρπάγίρ.
1621 3470 1692 3523 Τὸ

129 3565 185 3620 δὲ
215 3565 624 3636 ρᾳδιούργημαί
654 3564 803 3615 Ἐπεὶ
833 3565 940 3634 γὰρ
965 3566 1063 3616 ούκ
1093 3560 1160 3634 ἦν
1197 3564 1407 3633 βέϐαιος
1441 3563 1692 3633 ἀποφυγὴ

131 3656 377 3727 ὸρύξασι,
409 3654 593 3708 τούτου
626 3654 721 3724 μὲν
745 3653 1013 3715 ἔπαυσας·
1045 3655 1118 3716 ὼς
1142 3655 1197 3706 δὲ
1229 3656 1303 3725 μὴ
1346 3655 1575 3707 κελεύων
1607 3655 1696 3724 ἐρ-

131 3763 225 3816 γου
254 3746 510 3817 ἔχεσθαι,
539 3743 842 3813 ἐπαγγέλλῃ
887 3743 984 3812 τὴν
1014 3743 1320 3812 ἀποφυγήν,
1347 3743 1519 3811 τούτῳ
1549 3743 1602 3793 δὲ
1631 3743 1691 3793 ού

132 3837 188 3890 τὺ
231 3837 393 3890 λώῖον
420 3833 556 3889 εἶναι
607 3836 678 3907 μὴ
719 3835 941 3905 ὀρύξασι
976 3834 1341 3905 προσετίθεις·
1371 3835 1482 3886 ἀλλ’
1515 3836 1594 3886 ὅτι
1630 3836 1690 3886 ού

132 3927 275 3981 δοκεῖ
305 3927 385 3997 τῷ
415 3929 497 3979 Διὶ
523 3927 682 3996 νῆσον
713 3926 877 3996 αὐτὴν
910 3920 1064 3976 εἶναι.
1106 3923 1190 3975 Ἐν
1226 3925 1321 3992 μὲν
1351 3919 1442 3976 οὖν
1465 3927 1529 3993 τῇ
1559 3925 1696 3975 ἁπο-

132 4021 302 4088 τροπῇ
340 4017 622 4087 ἀμφότερα
671 4016 962 4086 ίσόῤῥοπα,
1011 4016 1068 4066 ὲν
1099 4013 1154 4064 δὲ
1199 4016 1263 4082 τῇ
1312 4016 1588 4083 προτροπῇ
1633 4015 1692 4066 τὸ

132 4107 514 4186 διαφ-εύξασθαι
551 4110 816 4179 προεῖχεν.
849 4101 922 4159 Οὗ
958 4106 1019 4176 δὴ
1062 4105 1299 4172 ἀσφαλὲς
1337 4101 1403 4174 ἧν
1435 4104 1511 4173 τῷ
1545 4123 1692 4172 σοφι-

134 4202 227 4270 στῇ
263 4200 328 4252 τὸ
358 4196 699 4269 ἀνατρέπειν.
733 4194 918 4256 Οὕτως
945 4211 1002 4246 τε
1033 4194 1183 4246 οὐδὲν
1212 4194 1398 4256 εἰπὼν,
1427 4187 1500 4245 ὧν
1529 4193 1691 4246 ἕνεκα

129 4285 264 4361 ἦσαν
298 4289 610 4359 ἀφιγμένοι,
628 4287 950 4356 ἀπέπεμψας
973 4284 1245 4353 οἰομένους
1266 4283 1554 4354 ἀκηκοέναι
1578 4300 1648 4334 τι.
1665 4303 1683 4334 ι

133 4383 315 4437 Ταῦτα
347 4383 402 4434 δὲ
433 4381 670 4452 ἡγοῦμαι
699 4381 760 4433 τὸ
802 4379 1029 4451 ἀδρανὲς
1070 4377 1176 4430 τῶν
1219 4394 1277 4429 τε
1310 4375 1561 4447 χρώντων
1597 4377 1689 4429 καὶ

133 4477 236 4530 τῶν
261 4461 557 4547 χρωμένων
587 4475 906 4543 ἀπελέγχειν
941 4471 1250 4541 αὐτάρκως,
1287 4471 1379 4521 καὶ
1411 4470 1490 4521 ὅτι
1526 4469 1688 4539 μηδὲν

1791 3287 2068 3339 oraculum
2100 3288 2435 3340 consuluere.
2471 3285 2549 3338 Tu
2581 3302 2705 3338 vero
2729 3287 2792 3338 ad
2813 3300 2938 3339 eos:
2973 3283 3227 3336 [st/imum
3255 3302 3352 3337 neu

1793 3379 2003 3439 munite,
2033 3395 2127 3430 neu
2152 3379 2396 3445 stt/fodite
2420 3394 2438 3431 :
2461 3377 2670 3445 Jupiter
2701 3379 2856 3440 enim,
2884 3377 2927 3428 si
2958 3377 3197 3428 voluisset
3218 3417 3230 3438 ,
3267 3377 3351 3428 in-

1773 3470 1962 3524 sulam
2009 3469 2229 3536 fecisset.
2278 3469 2398 3522 Tibi
2431 3482 2594 3537 porro
2631 3469 2888 3520 vecordes
2936 3483 2998 3520 ac
3040 3468 3218 3519 stolidi
3261 3467 3354 3519 ho-

1803 3563 1976 3615 mines
2000 3561 2155 3614 fidem
2186 3561 2439 3624 habuere,
2473 3576 2699 3628 seseque
2739 3559 3006 3629 llarpago,
3041 3574 3068 3610 a
3095 3567 3345 3625 suscepto

1792 3651 2036 3705 deterriti
2065 3651 2314 3714 consilio,
2347 3651 2617 3704 dedidere.
2643 3649 2784 3704 Istuc
2807 3660 2986 3704 autem
3021 3667 3180 3720 quam
3215 3661 3354 3705 vetc-

1791 3741 2034 3795 ratorie!
2074 3739 2205 3794 Nam
2245 3742 2410 3810 quod,
2466 3757 2534 3795 nc
2581 3741 2812 3797 suffosso
2857 3743 3071 3811 quidem
3128 3741 3350 3808 Isthmo,

1793 3843 1997 3888 certum
2035 3829 2144 3888 'eos
2191 3842 2463 3902 receptum
2503 3833 2786 3889 habituros
2840 3834 3053 3893 videas,
3103 3831 3350 3885 allectum

1793 3940 1928 3994 Opus
1956 3925 2203 3978 inhibes:
2256 3925 2506 3992 idemque
2542 3924 2725 3988 simul,
2778 3931 2960 3991 utpote
2998 3938 3340 3991 nequaquam

1792 4015 1908 4082 ejus
1955 4015 2268 4068 instituendi
2314 4025 2521 4080 auctor,
2576 4013 2861 4083 effugiendi
2910 4029 3059 4081 spem
3111 4015 3350 4069 ostendis

1791 4108 2047 4174 aliquam.
2085 4105 2270 4174 Neque
2301 4115 2511 4168 tamen,
2560 4107 2606 4160 si
2642 4121 2670 4159 a
2704 4105 3041 4159 suffodiendo
3069 4105 3346 4158 abstinue-

1790 4192 1919 4259 rint,
1952 4197 2206 4250 laetiorem
2232 4198 2433 4250 exitum
2467 4198 2737 4266 polliceris
2771 4214 2783 4248 :
2824 4198 2925 4252 hoc
2953 4212 3119 4252 unum
3168 4197 3347 4262 all‘ers,

1788 4287 1902 4341 .Iovi
1931 4289 2114 4342 urbem
2172 4290 2402 4343 insulam
2445 4289 2557 4342 lieri
2599 4304 2705 4342 non
2741 4289 2972 4358 placere.
3015 4287 3344 4343 Occurrebat

1788 4380 2063 4445 nimirum,
2095 4380 2139 4434 si
2158 4380 2522 4444 debortarere,
2547 4395 2728 4447 parem
2753 4381 2805 4432 in
2835 4390 3119 4449 utramque
3150 4388 3350 4448 partem

1788 4472 2035 4541 responsi
2070 4473 2208 4537 vim;
2258 4472 2340 4526 sin
2376 4480 2554 4526 autem
2597 4472 2891 4535 hortarere,
2923 4487 3232 4540 expressam
3270 4472 3352 4522 ni-

133 4567 326 4638 ἀληθὲς
349 4575 370 4603 ο
404 4563 582 4619 ἔνθεον
634 4563 776 4616 ἔστιν
811 4565 987 4634 εύρεῖν
1017 4566 1072 4615 ἐν
1106 4565 1214 4624 τοῖς
1242 4560 1599 4630 δηλουμένοις.
1621 4560 1691 4613 Τὸ

1797 4564 1964 4618 mium
2026 4571 2398 4620 consecutura:
2444 4563 2637 4618 salutis
2703 4562 3153 4632 significationem
3199 4561 3350 4612 futu-

131 4656 185 4711 δὲ
204 4655 539 4725 κακότροπον
556 4651 648 4705 τοῦ
675 4651 834 4722 ἤθους
868 4652 977 4707 εἴτε
1001 4652 1105 4705 τῶν
1131 4652 1377 4722 πονηρῶν
1401 4650 1685 4720 δαιμόνων,

136 4749 238 4802 εἴτε
265 4746 373 4802 τῶν
401 4745 467 4798 τά
501 4745 722 4823 μαντεῖα
752 4743 1295 4814 καθυποκρινομένων
1318 4741 1542 4812 ἀνδρῶν,
1563 4741 1690 4805 ἴδοις

135 4838 230 4901 ἂν,
260 4841 311 4892 εί
357 4837 544 4908 μάθοις
585 4835 659 4898 ὠς
686 4834 778 4885 καὶ
811 4835 888 4894 είς
920 4833 1009 4884 τὸν
1041 4837 1157 4886 κατ’
1191 4833 1432 4904 ἀλλήλων
1461 4831 1690 4900 πόλεμον

133 4932 253 4995 τοὺς
281 4929 594 5001 χρωμένους
622 4927 801 4988 αὐτοῖς
828 4923 1110 4994 ἠρέθιζον,
1141 4928 1363 4997 εἰρήνης
1396 4925 1486 4976 καὶ
1513 4917 1690 4990 φιλίας

134 5019 246 5074 δέον
263 5020 458 5081 αὐτοὺς
476 5015 610 5072 εἶναι
627 5015 944 5088 βραϐευτὰς.
966 5013 1098 5064 Τοτὲ
1122 5015 1217 5083 μὲν
1239 5010 1330 5067 οὖν
1361 5013 1690 5083 Λακεδαιμο-

135 5106 359 5174 νίουςώς
373 5107 437 5159 ἂν
449 5106 678 5169 οἰκείους
696 5107 788 5166 καὶ
806 5103 1005 5173 φίλους,
1023 5104 1049 5153 ὁ
1069 5104 1125 5154 ἐν
1139 5102 1359 5170 Δελφοῖς
1378 5100 1535 5157 πάλιν
1552 5101 1688 5156 κατά

134 5197 450 5269 Μεσσηνίων
479 5196 786 5266 παροξύνει,
805 5196 922 5247 τοτὲ
940 5194 982 5246 δ’
1003 5188 1066 5245 αὖ
1091 5193 1408 5260 Μεσσηνίοις
1430 5193 1569 5246 κατά
1593 5196 1692 5246 Λα-

137 5287 483 5360 κεδαιμονίων
498 5287 623 5357 χρᾷ,
641 5289 687 5338 εί
704 5285 864 5339 πάλιν
880 5280 1021 5337 οὗτοι
1045 5283 1107 5336 δι’
1125 5282 1568 5352 ἀνθρωποθυσίας
1585 5284 1690 5337 ἱλά-

138 5399 310 5438 σοιντο
333 5381 458 5441 τοὺς
486 5377 760 5447 δαίμονας.
791 5379 984 5430 Ἀκουε
1012 5376 1066 5428 δὲ
1098 5374 1188 5428 καὶ
1218 5373 1284 5424 τὰ
1307 5375 1432 5444 περὶ
1462 5375 1683 5428 τούτων.

198 5526 227 5557 ι
393 5507 584 5579 ταύτῃ.
659 5505 689 5547 ι’
722 5506 846 5573 add.
880 5508 1000 5560 οὐκ.
1080 5517 1101 5545 ε
1146 5506 1229 5584 ζσ.
1264 5494 1499 5564 ἀληθῶς.

201 5643 318 5715 (70)
362 5643 427 5696 οι
457 5638 700 5715 Κνίδιοι.
741 5637 890 5715 F_use_
935 5635 1203 5715 ᾔει-θόοις.
1234 5635 1326 5688 lib.
1362 5649 1398 5696 ι,
1443 5649 1560 5715 pag.
1593 5631 1678 5688 80.

138 5704 666 5773 hMamoniorum
720 5707 893 5762 coloni
951 5705 1118 5769 fuere,
1152 5705 1404 5773 illamque
1428 5704 1570 5758 Asiae
1599 5720 1683 5758 re-

138 5786 344 5855 gionem
367 5792 619 5855 _tenue_re,
649 5792 766 5855 qua}
801 5775 1074 5855 :I‘ruiopium
1105 5775 1171 5854 ad
1206 5791 1352 5827 mare
1376 5774 1644 5855 vergebat.

199 5854 314 5922 (71)
367 5843 682 5920 Ἀρπάγουῖ
723 5846 844 5901 Fuit
871 5847 915 5900 is
946 5854 998 5898 et
1036 5844 1157 5911 Cyri
1193 5858 1434 5901 servator
1465 5843 1686 5900 infantis

1792 4672 1927 4710 ram.
1951 4655 2147 4720 Quare,
2183 4655 2454 4709 dehortari
2500 4655 2683 4716 modo.
2731 4663 2904 4713 tutum
2957 4653 3008 4704 in
3052 4653 3240 4720 primis
3286 4666 3350 4703 ac

1791 4762 2040 4801 securum
2071 4746 2324 4813 sophista!
2356 4747 2532 4799 visum
2564 4752 2665 4807 est,
2721 4745 2897 4811 Atque
2940 4743 3080 4795 hunc
3131 4742 3182 4793 in
3226 4757 3345 4794 mo-

1789 4839 1938 4902 dum,
1970 4836 2103 4889 nihil
2148 4849 2373 4902 prorsus
2419 4834 2483 4887 ad
2537 4848 2597 4886 ea
2641 4833 3006 4902 respondens,
3039 4847 3266 4900 quorum
3297 4841 3347 4884 te

1791 4930 1891 4999 ipsi
1921 4943 2082 4982 causa
2115 4935 2503 4989 convenerant,
2546 4928 2773 4982 miseros
2800 4927 3075 4993 dimisisti,
3111 4927 3201 4995 qui
3231 4943 3350 4982 sese

1790 5029 1968 5074 tamen
2001 5017 2290 5072 abstulisse
2321 5017 2523 5088 aliquid
2571 5019 2848 5087 putabant.
2893 5037 2909 5066 ι
2943 5015 3038 5071 His
3092 5019 3343 5086 equidem

1789 5110 2060 5171 existimo,
2111 5117 2218 5162 tam
2254 5111 2719 5179 respondentium,
2755 5124 2918 5177 quam
2947 5108 3344 5164 consitlentium

1790 5201 2235 5264 imbecillitatem,
2267 5217 2540 5272 quamque
2569 5201 2787 5255 oracula
2839 5201 3024 5254 istliaac
3049 5199 3227 5254 omnia
3269 5198 3349 5250 di-

1788 5293 1926 5346 vinae
1972 5292 2248 5346 facultatis
2279 5309 2450 5348 vacua
2495 5293 2630 5357 sint,
2670 5293 2884 5346 abunde
2936 5292 3174 5358 coargui.
3223 5288 3342 5344 Jam

1788 5382 2055 5437 maleficas
2079 5391 2130 5436 et
2152 5381 2527 5458 fraudulentas
2542 5391 2706 5449 artes,
2730 5399 2825 5438 seu
2856 5383 3122 5436 malorum
3147 5381 3346 5437 daemo—

1785 5659 1838 5702 et
1876 5648 2202 5702 fortissimus
2237 5648 2552 5717 imperator.

1819 5720 1966 5843 ..(32)
2018 5718 2244 5784 Ἰσθμὸν
2265 5713 2370 5786 μῆ.
2417 5716 2917 5785 Ηοι“οόοί.’1αθμὸν
2945 5715 3013 5770 δὲ
3029 5715 3133 5786 μή,
3172 5713 3335 5770 Sena-

1786 5806 1849 5842 rtt
1916 5806 1982 5843 uo
2014 5799 2156 5842 sunt.
