4020 6342
28 320 153 379 ιοι
1287 342 1605 398 PRA-ZPAR.
1641 343 1894 403 nunc.
1934 345 2057 398 LIB.
2102 345 2164 398 γ.
3229 339 3339 397 tos

36 444 197 532 ἡμῖν
242 447 351 502 τὰ
384 452 630 523 περὶτοῦ
655 454 882 509 θανάτου
916 457 1121 523 ἔδειξας
1150 461 1369 531 καὶτῆς
1400 462 1578 532 ζωῆς,
1612 465 1693 517 ὅτι
1724 472 1769 525 Α
1799 466 1989 519 mortis
2040 467 2416 519 decreverunt.

1799 466 1989 519 mortis
2040 467 2429 527 decreverunt,
2482 464 2624 532 quod
2666 465 2839 518 lenius
2892 464 3233 518 Charitonem
3287 476 3337 517 et

36 531 415 623 ww”
460 542 517 593 τί
562 544 707 597 ἔστιν
747 546 781 614 ἠ
827 548 1132 617 ζωὴ.ιΈπὶ
1165 549 1370 614 τούτοις
1400 531 1569 607 ἅπασι
1601 555 1695 607 καὶ
1802 553 2159 622 Melanippum
2190 554 2408 607 habueri

1802 553 2159 622 Melanippum
2190 554 2454 607 habuerit.
2498 531 2565 606 Ᾱι
2606 563 2662 607 ιιι
2696 554 2817 607 vitae
2848 555 3144 623 mortisque
3174 556 3338 608 ratio.

28 622 177 676 τόδε
216 632 634 699 προσκείσθω.
1795 661 1913 710 nes,
1946 648 2033 698 vix
2064 646 2211 709 licet,
2246 646 2416 714 prazcl:

1795 661 1913 710 nes,
1946 648 2033 698 vix
2064 646 2211 709 licet,
2246 646 2497 714 prazclare
2526 655 2703 699 tamen
2729 645 3062 713 expressisti,
3088 646 3214 698 dum
3240 646 3339 699 hoc

1790 732 1935 788 facto
1979 736 2141 788 vitam
2185 736 2443 790 eximium
2496 735 2749 804 quiddam
2779 750 2897 789 esse
2918 735 3325 806 comprobasti.»

1508 909 1510 912 ν
1782 827 1991 894 Quibus
2016 830 2267 884 omnibus
2292 830 2395 883 hoc
2423 840 2750 898 postremum
2780 828 3151 898 adiungamus.

627 915 1019 971 ιιΕοΑΑΑιοΝ
1070 920 1207 984 Atr.
2321 924 2416 978 CAJ

2321 922 2546 978 CAPUT
2583 922 2819 978 XXXVI.

46 1018 210 1074 Ὅτι
268 1024 400 1078 καὶ
436 997 817 1094 τὴνὶἇψυχον
844 1026 1005 1094 ὓλην
1033 1027 1232 1082 σέϐειν
1268 1029 1686 1098 προσέταττον.
1826 1036 1958 1089 Illos
1984 1036 2143 1087 etiam
2161 1034 2407 1102 jnssisse,

1826 1036 1958 1089 Illos
1984 1036 2143 1087 etiam
2161 1034 2407 1102 jnssisse,
2436 1043 2492 1086 ut
2522 1034 2739 1086 materia
2769 1032 3005 1085 inanima
3034 1032 3308 1086 coleretur.

57 1150 82 1183 α
140 1134 393 1191 Ἀλλὰ
418 1137 514 1190 καὶ
564 1138 886 1206 Μηθύμνης
913 1138 1024 1209 (42)
1053 1139 1289 1208 ναέταις
1316 1142 1491 1283 1:11;;-
1493 1144 1692 1266 τῗρῖον
1800 1167 1819 1201 ι
1858 1147 1953 1201 Res
1978 1148 2071 1200 tibi
2109 1145 2416 1215 Methymna:

1800 1167 1819 1201 ι
1858 1147 1953 1201 Res
1978 1148 2071 1200 tibi
2109 1145 2420 1215 Methymna
2446 1146 2650 1216 felicius
2681 1144 2849 1198 incola
2877 1145 3039 1211 cedet,

50 1277 456 1345 Φαλληνύγ
482 1275 691 1345 τιμῶσι
709 1280 1018 1332 Διονύσοιο
1045 1278 1330 1348 κὰρηνον.
1381 1275 1401 1283 ’
1606 1275 1614 1279 ν
1798 1288 1855 1343 Si
1881 1288 2076 1341 Bacrhi
2101 1295 2256 1356 caput
2279 1301 2343 1339 ea:
2376 1295 2416 1338 te

1798 1288 1855 1343 Si
1881 1288 2076 1341 Bacchi
2101 1295 2256 1356 caput
2279 1301 2343 1339 ea;
2376 1287 2524 1338 tereti
2554 1285 2853 1341 venerabere
2880 1284 3043 1354 ligno.

57 1390 326 1445 Θύουσι
358 1392 469 1463 γὰρ
498 1392 556 1445 αἱ
586 1392 771 1456 πόλεις
798 1395 903 1448 καὶ
922 1392 1139 1457 τελετὰς
1175 1394 1416 1463 ἄγουσιν,
1451 1398 1510 1448 οὐ
1537 1397 1694 1467 μόνον
1792 1400 2001 1455 Passim
2048 1402 2245 1471 quippe
2288 1400 2414 1453 civit

1792 1400 2001 1455 Passim
2048 1402 2245 1471 quippe
2288 1400 2531 1453 civitates
2557 1437 2574 1461 ,
2618 1413 2725 1451 non
2776 1398 2954 1467 lignea
2998 1394 3194 1459 modo,
3248 1393 3339 1446 sed

67 1484 417 1556 φαλληνοῖς
437 1483 709 1537 Διονύσοιο
739 1487 1013 1558 καρήνοις,
1036 1476 1180 1539 ἀλλὰ
1207 1490 1300 1540 καὶ
1333 1487 1571 1552 λιθίνοις,
1601 1491 1695 1543 καὶ
1793 1494 1956 1547 etiam
1986 1493 2215 1561 lapidea,
2245 1506 2406 1557 airea,

1793 1494 1956 1547 etiam
1986 1493 2215 1561 lapidea,
2245 1506 2406 1557 aarea,
2430 1504 2594 1544 aurea
2626 1488 2817 1542 Bacchi
2841 1489 3038 1557 capita,
3066 1484 3342 1541 sacrificiis

77 1577 412 1648 χαλκέοις,
465 1582 559 1634 καὶ
608 1580 877 1652 χρυσέοις.
918 1580 1029 1650 (45)
1060 1580 1134 1632 Οὐ
1183 1580 1341 1651 μόνον
1387 1582 1692 1652 φαλληνοῖς,
1795 1598 1859 1636 ac
1892 1583 2047 1638 statis
2077 1582 2416 1652 religionibus

1795 1598 1859 1636 ac
1892 1583 2047 1638 statis
2077 1582 2427 1652 religionibus
2458 1590 2822 1635 venerantur:
2856 1579 2967 1633 into
3002 1592 3108 1629 non
3148 1575 3339 1630 Bacchi

94 1669 270 1724 ἀλλὰ
302 1671 598 1735 καὶαύτοίς
621 1673 734 1734 τοῖς
770 1670 1083 1734 Διονυσίοις,
1110 1671 1203 1723 καὶ
1231 1670 1410 1733 ἄλλοις
1440 1673 1693 1742 παμπόλ-
1797 1682 2004 1726 tantum
2036 1673 2212 1740 capita
2232 1712 2246 1735 ,
2278 1671 2371 1725 sed
2401 1686 2416 1725 ε

1797 1682 2004 1726 tantum
2036 1673 2212 1740 capita
2232 1712 2246 1735 ,
2278 1671 2371 1725 sed
2401 1671 2538 1725 alios
2565 1670 2726 1724 etiam
2755 1670 3040 1738 plerosque
3061 1668 3222 1732 deos,
3249 1667 3342 1735 qui

92 1763 237 1826 λοις
284 1762 595 1827 Ἧσιοδείοις
640 1762 801 1826 θεοῖς.
860 1762 993 1833 Τρὶς
1018 1759 1127 1831 γὰρ
1169 1760 1246 1824 ὡς
1274 1761 1488 1833 ἀληθῶς
1519 1762 1698 1833 μύριοί
1729 1757 1769 1810 Β
1798 1765 2013 1821 Hesiodi
2086 1767 2282 1821 fabulis
2346 1766 2416 1819 cel

1798 1765 2013 1821 Hesiodi
2086 1767 2282 1821 fabulis
2346 1765 2704 1819 celebrantur.
2766 1761 3052 1817 Enimvero
3123 1760 3340 1830 triginta

86 1858 262 1911 εἰσιν
299 1858 389 1911 ἐπὶ
418 1856 569 1927 χθονὶ
599 1854 1010 1926 πουλυϐοτείρῃ,
1034 1853 1133 1905 οὐκ
1161 1852 1434 1918 ἀθάνατοι,
1466 1853 1604 1907 ἀλλὰ
1626 1853 1696 1905 λί-
1794 1858 1973 1928 plano,
2020 1873 2128 1911 non
2173 1857 2287 1926 jam
2316 1859 2416 1912 imi}

1794 1858 1973 1928 plane,
2020 1873 2128 1911 non
2173 1857 2287 1926 jam
2316 1857 2734 1920 immortalium,
2780 1855 2872 1910 sed
2904 1853 3257 1924 lapideorum,
3290 1861 3342 1906 et

89 1945 264 2001 Otvor.
295 1949 387 2001 καὶ
416 1944 612 2012 ξύλινοι
639 1946 889 2001 δεσπόται
921 1943 1251 2015 ἀνθρώπων·
1288 1945 1361 2010 οἳ,
1404 1947 1451 1997 εί
1484 1942 1693 2016 ἀνθρὼ-
1793 1949 2091 2020 ligneorum
2113 1949 2334 2002 humani
2356 1964 2415 2017 ge

1793 1949 2091 2020 ligneorum
2113 1949 2334 2002 humani
2356 1948 2567 2017 generis
2590 1946 2931 2001 dominorum
2958 1944 3144 2008 millia,
3161 1944 3342 1997 nutrix

91 2055 244 2092 πων
272 2038 427 2109 ὓϐριν
454 2056 515 2092 τε
536 2039 630 2093 καὶ
656 2037 911 2108 εὐνομίην
940 2035 1214 2107 ἐφεώρων,
1252 2038 1369 2103 οὐκ¹
1398 2035 1466 2090 ἂν
1508 2033 1698 2088 τοσοῦ-
1794 2039 2146 2102 animantium
2179 2048 2319 2094 terra
2345 2055 2412 2093 co

1794 2039 2146 2102 animantium
2179 2048 2319 2094 terra
2345 2038 2739 2109 complectitur,
2767 2041 2857 2106 qui
2888 2036 3147 2107 profecto,
3179 2035 3224 2088 si
3250 2050 3341 2087 co~

96 2144 213 2191 τος
241 2128 385 2200 ἤρθη
424 2128 609 2200 λῆρος,
646 2127 785 2181 ὥστε
809 2127 900 2179 καὶ
922 2126 1019 2197 ἤδη
1046 2126 1139 2180 καὶ
1187 2127 1378 2197 μέχρις
1419 2125 1573 2196 ὑμῶν
1602 2142 1696 2178 κε·
1794 2132 2101 2203 gnoscendo
2148 2131 2416 2195 hominum

1794 2132 2101 2203 gnoscendo
2148 2131 2427 2195 hominum
2476 2130 2705 2190 sceleri,
2752 2129 2968 2198 jurique
3014 2136 3341 2197 praeessent,

104 2218 439 2289 χωρηκὲναι
467 2218 531 2271 τὸ
552 2219 738 2281 κακὸν,
759 2217 1041 2272 ὲπιδιαϐὰν
1066 2220 1157 2273 καὶ
1185 2220 1263 2281 είς
1286 2217 1377 2271 τὸν
1398 2218 1693 2287 Ὄλυμπον,
1795 2238 2071 2293 nunquam
2096 2238 2163 2277 eo
2190 2238 2416 2292 nugatur

1795 2238 2071 2293 nunquam
2096 2238 2163 2277 eo
2190 2238 2450 2292 nugarum
2474 2224 2688 2277 vanitas
2709 2222 3052 2285 excrevisset,
3076 2220 3152 2274 uti
3185 2217 3347 2289 235

111 2310 233 2375 ὅθι,
254 2311 405 2380 φασὶ,
432 2310 582 2365 θεῶν
602 2310 739 2377 ἕδος
756 2311 1031 2380 ἀσφαλὲς
1060 2312 1189 2364 αἰεί.
1227 2310 1417 2363 Καίτοι
1446 2312 1493 2363 εί
1523 2312 1696 2378 ἀσφα-
1794 2317 1861 2371 ad
1884 2331 1982 2371 vos
2018 2300 2197 2384 usque
2236 2315 2416 2368 malun

1794 2317 1861 2371 ad
1884 2331 1982 2371 vos
2018 2300 2197 2384 usque
2236 2315 2437 2368 malum
2482 2315 2824 2384 perveniret,
2870 2312 3095 2383 Olympo
3130 2326 3343 2379 queque

100 2400 210 2465 λὲς
226 2397 320 2472 ἦν,
346 2404 448 2455 οὐκ
470 2396 539 2473 ἦν
570 2400 824 2454 ἐπιϐατὸν
850 2401 1017 2474 λήρῳ,
1050 2401 1158 2454 οὐδ’
1181 2401 1247 2454 ἂν
1278 2395 1357 2465 εἷς
1388 2418 1472 2464 τις
1509 2401 1697 2472 Ὀλυμν
1794 2417 2067 2479 superato,
2091 2407 2185 2462 ubi
2215 2406 2416 2473 ᾶιγιιηι,

1794 2417 2067 2479 superato,
2091 2407 2185 2462 ubi
2215 2406 2424 2473 divum,
2447 2406 2624 2460 aiunt:
2650 2404 2808 2459 Sedes
2828 2421 3012 2458 secura
3040 2420 3130 2471 per
3154 2419 3337 2457 munt.

99 2494 267 2546 πίων
294 2496 376 2557 εἰς
406 2492 561 2546 τοῦτο
585 2488 716 2563 ἦλθε
745 2493 1062 2566 παρανοίας,
1102 2492 1229 2545 ὥστ’
1252 2492 1457 2545 ὲλάϊνον
1491 2494 1695 2565 κορμὸν
1794 2498 1924 2565 Quae
1956 2498 2220 2554 securitas
2250 2498 2294 2550 si
2329 2512 2416 2550 ver

1794 2498 1924 2565 Quae
1956 2498 2220 2554 securitas
2250 2498 2294 2550 si
2329 2512 2451 2550 vere
2476 2497 2790 2565 iactaretur,
2821 2508 2990 2562 nugas
3022 2507 3210 2547 omnes
3248 2507 3345 2545 ex-

96 2583 366 2638 οεῶσαι·
402 2583 461 2637 ὃν
497 2585 544 2636 οἱ
572 2583 915 2655 Μηθυμναῖοι
940 2583 1182 2653 σαγήνης
1216 2582 1560 2654 ἐμπλακέντα
1582 2585 1695 2645 τοῖς
1792 2592 2066 2655 cluderet,
2118 2604 2217 2643 nec
2258 2588 2416 2659 ()1ij

1792 2592 2066 2655 cluderet,
2118 2604 2217 2643 nec
2258 2588 2625 2659 Olympiorum
2671 2586 2956 2657 quisquam
3004 2599 3068 2637 eo
3112 2584 3343 2638 vesania:

91 2675 297 2738 λίνοις
350 2675 690 2739 ἀνείλκυσαν,
737 2676 830 2729 καλ⁵
856 2676 956 2741 δὶς,
997 2678 1046 2729 εἰ
1069 2676 1268 2746 βούλει,
1296 2676 1389 2729 καὶ
1420 2677 1558 2747 τρὶς,
1600 2675 1694 2727 καὶ
1793 2683 2128 2743 devertisset,
2166 2688 2224 2731 ut
2269 2678 2416 2747 oleag

1793 2683 2128 2743 devenisset,
2166 2688 2224 2731 ut
2269 2676 2549 2747 oleagineo
2576 2675 2788 2730 caudici
2822 2674 3155 2728 divinitatem
3201 2674 3344 2727 inse-

98 2767 422 2830 πλεονάκις
464 2769 520 2820 ὲν
553 2767 628 2838 τῷ
654 2766 802 2838 αὑτῷ
830 2765 1214 2837 σαγηνεύοντες
1258 2766 1567 2838 ἄνθρωποι,
1603 2767 1696 2820 καὶ
1794 2782 1955 2826 reret.
2024 2770 2177 2825 Illum
2245 2768 2416 2823 ctenin

1794 2782 1955 2826 reret.
2024 2770 2177 2825 Illum
2245 2768 2441 2823 etenim
2510 2781 2719 2837 sagente
2779 2766 3008 2836 plagulis
3076 2766 3342 2818 irretitum

99 2858 178 2922 ἒξ
211 2858 429 2910 ἐκείνου
461 2860 539 2922 είς
566 2859 628 2910 τὸ
656 2857 888 2911 Διϐυκὸν
916 2856 1301 2921 ἐξοκείλαντες,
1341 2857 1447 2911 οὐδ’
1494 2860 1572 2919 είς
1597 2856 1697 2927 τὴν
1794 2863 2227 2933 Methymnenses
2251 2871 2416 2915 extra:

1794 2863 2227 2933 Methymnenses
2251 2870 2616 2921 extraxerant,
2644 2859 2805 2927 idque
2828 2857 2994 2911 semel
3018 2857 3341 2925 iterumque,

100 2943 228 3014 γῆν
262 2943 369 3009 ἔξω
383 2944 697 3008 ἐκϐαλόντες
728 2944 887 2997 αὐτόν
907 2961 919 2974 ·
956 2945 1078 2996 ἐπεὶ
1100 2947 1199 2998 οὐκ
1227 2945 1318 3003 ἂν,
1342 2945 1415 3015 μὰ
1457 2944 1548 2997 τὸν
1575 2946 1695 2997 Διὸ-
1794 2954 1841 3009 εἰ
1874 2954 2046 3021 placet
2071 2992 2087 3017 ,
2133 2953 2243 3005 imo
2275 2952 2416 3005 etian

1794 2954 1841 3009 si
1874 2954 2087 3021 placet,
2133 2953 2243 3005 imo
2275 2952 2436 3005 etiam
2490 2950 2646 3003 tertio
2670 2990 2685 3015 ,
2736 2948 2820 3001 vel
2853 2947 3047 3016 saepius
3094 2946 3344 3001 demissis

104 3050 307 3098 νυσον,
338 3034 415 3087 ἔτι
438 3038 619 3100 αὐτοῖς
640 3036 907 3106 ὲνεπλάκη
935 3038 1045 3098 τοῖς
1065 3035 1248 3099 λίνοις.
1280 3036 1418 3089 Ἀλλ’
1444 3037 1502 3103 ἐξ
1524 3036 1693 3111 ἄκρου
1726 3104 1759 3111 _
1792 3042 2041 3096 eumdem
2079 3041 2131 3095 in
2155 3043 2332 3095 locum
2364 3056 2416 3094 re

1792 3042 2041 3096 eumdem
2079 3041 2131 3095 in
2155 3043 2332 3095 locum
2364 3042 2568 3094 retibus
2608 3036 2887 3094 iecerant:
2935 3038 3059 3092 inde
3091 3052 3218 3091 vero
3255 3036 3344 3089 Li-

110 3126 481 3197 κεφαλοειδὴς
530 3130 559 3181 ὁ
592 3128 792 3200 κορμὸς
833 3104 1118 3198 (Ἄπολλον
1142 3166 1157 3190 ,
1187 3126 1333 3192 ξένου
1369 3127 1481 3199 (44)
1524 3104 1689 3180 κατα·
1719 3104 1761 3159 C
1794 3133 1989 3205 bycum
2033 3131 2087 3187 in
2136 3148 2284 3187 mare
2311 3132 2416 3185 d‘ela

1794 3133 1989 3205 bycum
2033 3131 2087 3187 in
2136 3148 2284 3187 mare
2311 3132 2493 3195 delati,
2534 3145 2874 3200 nequaquam
2906 3144 3029 3182 eum
3062 3130 3113 3181 in
3146 3137 3341 3182 terram

113 3219 571 3290 σκευάσματοςῐ)
592 3222 643 3273 τί
676 3224 790 3275 ποτ’
815 3216 906 3275 οὖν
932 3221 1195 3291 ἔπραττεν
1229 3223 1287 3273 ἐν
1308 3220 1385 3292 τῷ
1435 3222 1687 3289 πελάγει,
1792 3233 2157 3279 excusserant.
2197 3224 2254 3278 ld
2286 3224 2416 3277 enitr

1792 3233 2157 3279 excusserant.
2197 3224 2254 3278 ld
2286 3224 2429 3277 enim
2472 3224 2515 3277 si
2563 3223 2855 3285 fecissent,
2909 3236 3016 3274 non
3057 3222 3171 3290 jam
3197 3260 3213 3283 ,
3249 3236 3343 3289 per

116 3313 457 3384 ἀπορήσειεν
502 3312 566 3366 ἄν
602 3331 705 3376 τις.
752 3314 816 3366 Τί
856 3314 966 3384 γὰρ
1012 3314 1139 3368 ἄλλο
1162 3314 1194 3384 ἦ
1219 3314 1481 3386 ὲκάθητο;
1513 3314 1577 3383 νὴ
1598 3313 1688 3366 τὸν
1792 3314 2081 3381 Bacchum,
2112 3316 2328 3371 easdem
2362 3315 2416 3368 ac

1792 3314 2081 3381 Bacchum,
2112 3316 2328 3371 easdem
2362 3315 2429 3368 ad
2452 3313 2695 3383 plagulas
2731 3313 3061 3367 adhaesisset.
3098 3312 3167 3365 At
3193 3313 3339 3366 enim

121 3402 245 3465 Δία,
280 3402 567 3473 ἀναμένων
615 3403 720 3466 ἓως
763 3403 1035 3475 ἄνθρωποι
1081 3405 1391 3475 μαινόμενοι
1448 3405 1543 3475 (οὐ
1580 3405 1687 3474 γὰρ
1793 3408 1997 3461 caudex
2025 3407 2079 3459 in
2108 3406 2416 3476 capitisspe

1793 3408 1997 3461 caudex
2025 3407 2079 3459 in
2108 3405 2563 3476 capitisspeciem
2602 3420 2631 3457 a
2662 3420 2880 3458 summo
2915 3404 3095 3473 stipite
3121 3404 3339 3458 confor-

130 3499 287 3569 φήσω
304 3500 391 3553 ὅτι
419 3497 514 3552 καὶ
542 3497 684 3562 θεοὶ)
722 3499 1125 3569 ἐγκυρήσαντες
1143 3496 1309 3566 αὐτῷ,
1337 3496 1396 3548 ού
1414 3496 1683 3558 Διοπετὲς,
1793 3511 1971 3554 matus
2006 3498 2149 3569 (rem
2175 3540 2190 3567 ,
2226 3515 2259 3554 ο
2299 3500 2414 3569 Apo

1793 3511 1971 3554 matus
2006 3498 2149 3569 (rem
2175 3540 2190 3567 ,
2226 3515 2259 3554 ο
2299 3499 2518 3569 Apollo,
2559 3498 2845 3553 admodum
2883 3495 3247 3567 prodigiosam
3278 3498 3289 3548 !
3321 3498 3339 3565 )

128 3589 263 3643 ἀλλὰ
303 3589 762 3653 Ποσειδωνοπετὲς
804 3590 1133 3659 ἡγήσωνται,
1171 3587 1403 3641 κᾶπειτα
1452 3589 1529 3650 εἰς
1555 3587 1687 3640 ἂστυ
1793 3588 1923 3659 quid
1966 3604 2148 3643 rarum
2196 3589 2248 3642 in
2299 3605 2413 3643 mar

1793 3588 1923 3659 quid
1966 3604 2148 3643 rarum
2196 3589 2248 3642 in
2299 3588 2484 3643 mari?
2526 3597 2730 3658 quazrat
2780 3588 3010 3643 fortasse
3048 3587 3335 3657 quispiam.

124 3680 508 3748 ἀπαγάγωσιν,
541 3680 725 3753 ὥσπερ
744 3680 865 3733 τινὰ
888 3678 1093 3751 ἀγαθὴν
1114 3678 1301 3749 τύχην,
1327 3679 1500 3749 κακὴν
1526 3675 1687 3732 οὖσαν
1796 3680 1937 3747 Quid
1981 3696 2107 3736 vero
2151 3681 2297 3735 aliud
2318 3722 2333 3746 ,
2376 3699 2407 3734 ιι

1796 3680 1937 3747 Quid
1981 3696 2107 3736 vero
2151 3681 2333 3746 aliud,
2376 3682 2479 3736 nisi
2526 3691 2589 3735 ut
2627 3682 2821 3736 ibidem
2866 3680 3120 3749 jaceret?
3164 3677 3355 3753 Donec,

124 3771 199 3834 ὡς
232 3771 449 3842 ἀληθῶς
472 3814 488 3839 ,
517 3772 579 3825 οὐ
620 3771 808 3843 τύχην,
845 3771 977 3825 ἀλλὰ
1003 3771 1283 3840 τυφεδὸνα.
1316 3772 1385 3822 Ἥ
1408 3770 1506 3822 οὐκ
1531 3770 1687 3839 ἢρκει
1795 3771 2069 3826 enimvero
2089 3770 2276 3826 furiosi
2300 3772 2416 3826 hom

1795 3771 2069 3826 enimvero
2089 3770 2276 3826 furiosi
2300 3772 2565 3837 homines,
2588 3772 2767 3842 (piget
2790 3772 2931 3825 enim
2963 3772 3091 3824 deos
3116 3769 3339 3836 dicere.)

133 3861 238 3931 ιρα
257 3862 439 3924 αὐτοῖς
464 3861 670 3914 οἴκοθεν
694 3860 1019 3925 διολλύουσα,
1049 3860 1161 3913 ἀλλ’
1194 3860 1360 3930 αὐτὴν
1388 3859 1632 3929 ἐπέρωσὲ
1661 3872 1686 3899 ι
1794 3860 1847 3913 in
1875 3875 1998 3913 eum
2031 3860 2349 3925 incidentes,
2385 3878 2416 3913 ιι

1794 3860 1847 3913 in
1875 3875 1998 3913 eum
2031 3860 2349 3925 incidentes,
2385 3875 2489 3913 non
2530 3875 2560 3913 a
2588 3859 2719 3915 Jove
2753 3859 3048 3915 demissum
3083 3859 3337 3929 quidem,

131 3967 193 4007 τε
223 3954 313 4007 καὶ
338 3954 719 4024 προσεπέτεινε
747 3954 1087 4025 θεοπληξίας,
1119 3951 1194 4013 ὡς
1226 3952 1290 4003 ἄν
1319 3968 1401 4014 τις
1427 3950 1599 4013 εἴποι,
1625 3952 1688 4002 ἐκ
1794 3949 1886 4006 sed
1936 3965 1966 4003 a
2029 3949 2272 4019 Neptuno
2329 3966 2411 4005 em

1794 3949 1886 4006 sed
1936 3965 1966 4003 a
2029 3949 2272 4019 Neptuno
2329 3951 2587 4005 emissum
2635 3951 3340 4020 crederent,eumdemque

125 4045 351 4117 Δελφῶν
378 4046 755 4116 μετάπεμπτος
775 4044 1030 4115 ἐπιθήκη.
1066 4062 1084 4093 ι
1115 4041 1348 4094 Τοιαῦτα
1376 4041 1471 4092 καὶ
1498 4043 1525 4092 ὁ
1546 4040 1689 4092 Οίνό-
1793 4043 2135 4113 postmodum
2163 4043 2216 4096 in
2247 4042 2416 4097 urben

1793 4043 2135 4113 postmodum
2163 4043 2216 4096 in
2247 4042 2455 4107 urbem,
2488 4043 2757 4112 quoddam
2784 4043 2949 4099 veluti
2982 4043 3211 4097 fortuna:
3250 4044 3339 4097 lae-

135 4152 291 4205 μαος.
331 4134 491 4188 Ἀλλὰ
514 4134 620 4205 γὰρ
652 4133 787 4205 μετὰ
824 4133 891 4186 τὰ
925 4131 1208 4203 εἰρημένα,
1258 4128 1494 4201 μεταϐὰς
1534 4125 1686 4191 αὖθις
1794 4134 1947 4188 tioris
1986 4149 2143 4188 omen
2170 4175 2185 4199 ,
2236 4133 2416 4188 invene

1794 4134 1947 4188 tioris
1986 4149 2143 4188 omen
2170 4175 2185 4199 ,
2236 4133 2576 4199 inveherent,
2627 4133 2892 4190 funestam
2944 4150 3001 4190 re
3040 4136 3187 4204 ipsa,
3233 4152 3338 4189 non

135 4229 234 4296 ἔπι
247 4231 343 4301 τὴν
373 4232 435 4285 ὲκ
468 4229 661 4299 λογίων
692 4227 1003 4297 φιλοσοφίαν
1030 4224 1122 4279 τοῦ
1150 4224 1245 4296 τὴν
1267 4224 1383 4278 καθ’
1401 4224 1555 4295 ἡμῶν
1581 4224 1688 4276 δια·
1794 4222 2089 4290 fortunam,
2114 4225 2205 4280 sed
2235 4224 2404 4279 facem

1794 4222 2089 4290 fortunam,
2114 4225 2205 4280 sed
2235 4224 2404 4279 facem
2434 4226 2585 4280 urbis
2612 4226 2869 4281 futuram.
2898 4225 3006 4282 Nec
3033 4228 3179 4281 enim
3208 4228 3339 4282 satis

136 4317 300 4391 ϐολήν
334 4322 694 4392 πεποιημένου
723 4362 738 4387 ,
772 4318 1037 4389 ἀνάγνωθι
1070 4320 1134 4370 ὲκ
1174 4317 1281 4368 τῶν
1316 4316 1445 4385 περὶ
1496 4318 1688 4385 είμσρ-
1792 4316 2043 4369 videlicet
2075 4316 2139 4370 ad
2182 4316 2404 4372 exitium

1792 4316 2043 4369 videlicet
2075 4316 2139 4370 ad
2182 4316 2404 4372 exitium
2455 4316 2521 4371 iis
2553 4328 2668 4372 erat
2699 4318 2949 4372 intestina
2988 4319 3186 4387 pestis,
3214 4318 3335 4371 ’nisi

133 4412 311 4484 μένης
330 4411 422 4465 τοῦ
446 4412 647 4466 Πυθίου
681 4411 943 4483 χρησμῶν
962 4428 975 4440 ⁸
1007 4412 1054 4463 εί
1078 4409 1151 4480 μὴ
1175 4407 1270 4461 καὶ
1296 4407 1378 4459 σοὶ
1402 4406 1550 4468 θείας
1591 4405 1685 4457 ἀλ·
1717 4454 1762 4509 D
1794 4408 1947 4462 novis
1973 4424 2091 4461 eam
2122 4410 2416 4463 increment

1794 4408 1947 4462 novis
1973 4424 2091 4461 eam
2122 4409 2468 4463 incrementis
2497 4425 2560 4463 ac
2592 4410 2792 4464 viribus
2823 4411 3052 4464 incussae
3076 4410 3333 4465 divinitus

127 4504 343 4576 λότριος
374 4502 447 4556 ὣν
473 4504 752 4574 δυνάμεως
786 4504 866 4557 ἐτι
904 4503 1119 4575 μᾶλλον,
1154 4501 1182 4553 ὁ
1222 4501 1347 4572 περὶ
1386 4497 1493 4552 τῶν
1529 4498 1687 4570 θρυλ-
1717 4497 1757 4509 ν
1790 4501 1959 4571 plagze
1981 4501 2221 4555 accessio
2251 4500 2413 4570 Delph

1790 4501 1959 4571 plagze
1981 4501 2221 4555 accessio
2251 4500 2487 4570 Delphis,
2519 4511 2577 4555 ut
2606 4502 2678 4555 ita
2714 4502 2924 4571 loquar,
2958 4500 3214 4555 arcessita
3241 4514 3333 4551 cu—

126 4597 407 4669 λουμένων
442 4596 786 4668 χρηστηρίων
847 4598 1191 4649 ὑποπεσεῖται
1224 4594 1397 4662 λόγος.
1789 4593 2035 4645 mularet.
2071 4610 2087 4641 ι
2121 4588 2390 4645 Hactenus

1790 4593 2035 4645 mularet.
2071 4610 2087 4641 ι
2121 4588 2390 4645 Hactenus
2416 4591 2742 4646 (Enomaus.
2782 4591 2934 4646 Nunc
2961 4606 3085 4646 vero
3117 4590 3183 4645 ad
3214 4605 3331 4643 eam

126 4708 325 4751 rursus
361 4693 700 4748 oraculorum
734 4691 1123 4761 philosophiarum
1163 4691 1342 4746 animo
1381 4699 1433 4744 et
1476 4688 1799 4759 cogitatione
1843 4684 2137 4747 conversis,
2183 4700 2343 4752 quam
2395 4685 2689 4740 maledicus
2746 4686 2834 4740 ille
2887 4701 3067 4740 rerum
3123 4695 3334 4740 nostra-

127 4805 257 4845 rum
295 4805 486 4847 censor
526 4788 865 4863 conscripsit,
903 4788 1097 4860 legesis
1146 4806 1211 4845 ex
1259 4790 1325 4844 iis
1366 4787 1637 4857 responsis
1674 4786 1873 4855 aliqua,
1916 4797 2042 4851 quae
2082 4782 2148 4836 de
2205 4780 2315 4834 fato
2366 4778 2614 4849 Pythium
2653 4777 2885 4833 edidisse
2924 4789 3329 4833 commemorat.

128 4883 213 4940 Ac
239 4884 361 4940 vide
386 4899 516 4940 num
543 4882 803 4956 ejusmodi
854 4897 1070 4953 quoque
1097 4885 1191 4938 tibi
1220 4884 1427 4939 accidat
1453 4890 1562 4937 tota
1608 4883 1721 4936 haec
1742 4872 1822 4934 de
1848 4876 2063 4949 iactatis
2106 4875 2308 4946 pridem
2353 4875 2587 4930 oraculis
2638 4873 2951 4943 disputatio,
2988 4882 3046 4926 ut
3072 4888 3189 4929 eam
3214 4889 3328 4926 mu-

139 4980 225 5049 gis
257 4979 421 5035 etiam
446 4996 611 5050 quam
645 4977 949 5050 superiores
991 4977 1059 5033 ab
1091 4980 1249 5032 omni
1260 4980 1438 5033 divina
1469 4978 1663 5032 virtute
1700 4990 1919 5030 vacuam
1947 4972 2127 5026 haberi
2157 4982 2310 5041 putes
2331 4982 2594 5042 oportere.

205 5145 235 5176 ι
265 5134 350 5189 ῑσ.
384 5135 681 5207 ἐπέρρωσε.

210 5291 322 5367 (Β)
372 5293 555 5348 Ἀλλὰ
606 5294 705 5347 καὶ
747 5295 1089 5363 Μηθύμνης.
1147 5288 1380 5342 Consule
1427 5289 1683 5343 observa-
1785 5288 1995 5367 E_rroris
2040 5302 2220 5354 causa,
2256 5288 2314 5341 τὸ
2344 5287 2403 5339 ού

1790 5288 1995 5367 Erroris
2040 5302 2220 5354 causa,
2256 5288 2314 5341 τὸ
2344 5287 2403 5339 ού
2436 5286 2613 5353 μόνον,
2644 5284 2807 5339 semel
2841 5285 3140 5349 iterumque
3174 5294 3299 5348 repu

137 5377 487 5525 "_o(n‘?).Post
526 5433 813 5525 χρυσείοιςζ
857 5449 963 5525 non
994 5432 1177 5525 du‘bito
1404 5428 1683 5525 legepdum
1782 5369 1964 5509 milia).
2015 5428 2336 5525 "Anau'or,
2367 5427 2416 5490 ξε

1790 5369 1964 5413 suum.

1855 5429 1963 5509 (iui)
2015 5428 2336 5525 Ἀπολνξον,
2367 5426 2581 5525 ιίξιςνοιζ.λι
2612 5426 2808 5525 F
2847 5420 3311 5525 eratncgujec'tura.

143 5494 231 5563 sit‘
259 5494 599 5631 οὲὄλίιινοῖὓ
632 5501 697 5557 αὖ
731 5494 841 5567 τοῖς
865 5503 1153 5563 Διονυσίοις
1176 5541 1190 5564 ,
1225 5494 1358 5551 ἀλλὰ
1388 5494 1480 5549 καὶ
1509 5496 1683 5559 ἄλλοις
1782 5514 1901 5553 cum
1934 5494 1984 5550 in
2009 5513 2206 5552 excuso
2237 5497 2416 5566 legem

143 5595 281 5631 παυ..
400 5618 414 5629 .
436 5617 451 5631 .
479 5584 583 5629 etc.
613 5574 746 5628 Nam
789 5572 1055 5631 posterius
1084 5572 1186 5624 hoc
1214 5571 1333 5623 loco
1365 5567 1645 5631 φαλληνοῖς
1666 5607 1679 5627 ,
1783 5570 1989 5624 vitiose,

1790 5514 1901 5579 cum
1934 5494 1984 5550 in
2009 5513 2206 5552 excuso
2237 5497 2501 5566 legeretur
2535 5494 2903 5560 ’Δπολλοξένου
2923 5536 2935 5559 ,
2970 5505 3133 5559 sane,
3164 5506 3325 5561 quan.

1790 5580 1989 5624 vitiose.

143 5567 414 5648 παμπόλλ.
436 5617 451 5641 ,
479 5584 583 5629 etc.
613 5574 746 5628 Nam
789 5572 1055 5649 posterius
1084 5571 1333 5649 boc_loco
1365 5567 1679 5649 φαλληνοῖς,
1783 5570 1989 5624 vitiose.

1790 5570 1989 5624 vitiose.

144 5641 597 5718 supervacaneum
649 5641 930 5710 esu—cum
967 5642 1118 5711 prius
1162 5641 1387 5695 alterum
1436 5641 1682 5694 sulliciat.
