4020 6342
16 343 118 397 ~13
1232 351 1551 406 rumpas.
1591 348 1634 402 ε

1733 347 1842 405 NG.
1886 348 2010 404 LIB.
2056 348 2142 404 Vl.
3180 340 3283 400 ιιι

16 463 377 537 πέει-λαθὸν
400 462 560 535 αῖμιν
595 468 817 537 πρόσθε
847 468 957 537 ﬁt)
980 466 1132 521 κάτω
1153 470 1325 537 γαίης

16 534 271 607 ἔασον
545 536 619 607 γῆ
646 534 927 607 ,ἀνειὸθί
943 538 1007 603 ἐς
1028 534 1303 606 οὐρανὸν,

16 603 190 671 πρὶν
224 606 322 671 ἐξ
349 603 496 677 ἐμοῦ
524 603 729 679 eam)
754 606 894 662 θῶπ’
921 603 1271 689 ἀπαντῆσαζ
1288 610 1491 678 λόγον.

1663 471 1711 525 Δ
1802 464 2080 535 Rutingue
2100 475 2278 517 nostra
2302 480 2319 517 :
2340 464 2516 517 sidera
2554 464 2627 535 iit
2655 470 2848 535 terram
2874 459 3022 529 prius

1806 531 2093 598 Laoeniur,
2121 545 2241 587 ante
2272 535 2502 587 siderum
2536 532 2688 585 tellus
2728 531 2939 599 plagam

1805 604 2041 664 Invadet,
2068 621 2156 657 ore
2191 619 2349 673 quam
2378 604 2473 656 tibi
2503 613 2682 657 nostra
2711 602 2919 656 excidat

1821 674 1926 728 Vox
1952 673 2063 727 ulla
2101 674 2348 727 mendax.

1734 762 1802 841 At
1826 787 2061 858 gentium
2093 789 2303 850 illusor,
2329 794 2384 840 et
2406 782 2678 839 fraudium
2707 783 2900 860 artife;
2923 784 3155 848 daemon,
3180 782 3283 835 hoc

1736 882 1991 936 nimirum
2025 878 2217 935 callide
2269 878 2447 942 tinxit,
2485 892 2597 948 quo
2624 875 2842 931 facilius
2868 874 3078 930 insanis
3110 874 3284 928 homi-

16 778 84 831 Γδ
122 777 208 833 δέ
235 796 319 847 γε
341 778 639 833 λαοπλάνον
666 779 760 832 καὶ
786 770 1057 849 ἀπατηλὸν
1090 780 1360 848 δαιμόνιον
1398 782 1635 851 σκήπτει

16 885 139 935 ιι,
176 875 343 935 τοὺς
366 872 604 942 ἄφρονας
630 870 1001 942 σοφιζόμενον,
1042 872 1108 926 ἵν’
1129 874 1187 925 έν
1213 867 1292 935 οἷς
1328 872 1395 925 ἂν
1420 872 1519 942 τῆς
1539 870 1635 925 τοῦ

16 962 367 1033 μέλλοντος
399 965 750 1036 προρρήσεως
779 964 1093 1027 ἀποπίπτοι,
1139 964 1456 1035 καταφυγὴν
1486 963 1638 1034 αὑτῷ

16 1058 128 1127 τῆς
160 1056 423 1127 ἀλογίας
444 1058 546 1129 τὴν
574 1055 908 1128 εἱμαρμένην
939 1055 1230 1127 πορίζοιτο.
1259 1056 1443 1109 Πάντα
1494 1054 1538 1106 δ’
1560 1056 1638 1107 εἱο

16 1147 368 1219 μιρμένης
387 1146 474 1200 διά
499 1146 606 1200 τῶν
633 1144 893 1218 χρησμῶν
918 1145 1231 1214 ἀναρτήσας
1254 1146 1283 1197 ὁ
1300 1144 1526 1213 δαίμων,
1544 1143 1639 1195 καὶ

16 1238 89 1292 τὸ
123 1239 233 1308 ἐφ’
268 1241 410 1311 ἡμῖν
441 1238 504 1291 ἐκ
523 1238 625 1309 τῆς
655 1237 1111 1308 αὐτοπροαιρέτου
1133 1236 1395 1306 κινήσεως
1414 1232 1634 1295 ἀνελὼν,

16 1330 288 1401 ἀνάγκῃ
313 1330 374 1385 δὲ
398 1331 492 1384 καὶ
537 1329 696 1383 τοῦτο
718 1325 1143 1391 καταδουλώσας,
1166 1326 1262 1379 θέα
1282 1329 1361 1389 είς
1404 1320 1515 1378 οἷον
1540 1342 1639 1378 κα-

26 1422 160 1478 κῶν
196 1420 501 1493 δογμάτων
522 1422 736 1493 ὄλεθρον
758 1423 883 1485 τοὺς
922 1421 1074 1491 αὐτῷ
1102 1420 1449 1491 πειθομένους
1472 1435 1638 1473 κατα-

27 1513 359 1584 εέῦληκεν.
386 1514 449 1565 El
478 1513 585 1585 γὰρ
605 1514 820 1585 ἄστροις
862 1514 953 1566 καὶ
976 1512 1277 1585 εἱμαρμένῃ
1307 1514 1368 1565 οὐ
1413 1513 1545 1582 μόνα
1572 1511 1641 1564 τὰ

36 1602 255 1665 trabe,
289 1601 429 1654 ἀλλά
461 1604 555 1655 καί
580 1601 677 1665 τὰς
702 1601 843 1655 κατά
879 1602 1134 1672 λογισμὸν
1177 1602 1483 1672 προθυμίας
1510 1604 1635 1656 ἀνα-

1738 1612 1793 1665 in
1839 1610 2113 1664 exitialem
2153 1609 2464 1677 dogmatum
2510 1615 2715 1675 pestem
2768 1619 2893 1659 suos
2934 1601 3024 1656 ille
3057 1609 3281 1655 sectato-

49 1692 291 1755 Θετέον,
318 1692 411 1744 καί
439 1708 520 1755 τις
550 1691 917 1763 ἀπαραίτητος
943 1692 1153 1762 ἀνάγκη
1179 1692 1275 1755 τὰς
1300 1692 1635 1764 ἀνθρωπίνας

1740 1718 1827 1757 res
1864 1702 2174 1771 conjecerit.
2214 1698 2351 1753 Nam
2399 1699 2445 1753 si
2477 1698 2646 1752 astris
2690 1705 2854 1765 atque
2891 1693 3027 1760 fato,
3062 1708 3167 1747 non
3193 1707 3285 1747 ex-

53 1780 393 1845 ικσιάζεται
412 1782 654 1851 γνώμας,
688 1781 959 1857 οἰχήσεταί
985 1798 1066 1833 σοι
1100 1781 1401 1849 φιλοσοφία,
1426 1784 1635 1854 οἰχήσε-

1741 1802 2015 1849 ternarum
2066 1792 2229 1847 modo
2269 1805 2475 1852 rerum,
2522 1788 2614 1843 sed
2654 1802 2843 1842 earum
2880 1786 3043 1840 etiam
3081 1781 3285 1852 cupidi-

56 1887 151 1923 ται
178 1871 286 1923 καὶ
310 1870 578 1924 εὐσέϐεια’
610 1871 729 1923 οὐδέ
767 1888 849 1934 τις
872 1866 939 1941 ἦν
955 1874 1064 1934 τοῖς
1092 1871 1394 1935 σπουδαίοις
1419 1872 1634 1937 ἔπαινος

1741 1894 1932 1947 tatum,
1964 1898 2085 1952 qua}
2114 1881 2310 1937 mentis
2337 1889 2391 1934 et
2416 1877 2785 1946 intelligentia
2811 1876 3032 1930 ductum
3059 1874 3282 1943 sequun

52 1963 299 2037 ἀρετῆς,
334 1963 455 2016 οὐδέ
475 1981 558 2026 τις
577 1963 834 2033 θεοφιλία,
860 1965 979 2016 οὐδὲ
1025 1964 1131 2017 τῶν
1191 1967 1248 2019 ὲν
1280 1966 1506 2035 ἀσκήσει
1537 1966 1635 2018 πό-

1740 1984 1847 2038 tur,
1892 1973 2173 2044 alliganda:
2213 1973 2451 2027 rationes
2495 1978 2674 2033 erunt,
2726 1968 2773 2023 si
2807 1968 3056 2022 humana:
3084 1964 3284 2034 cogita-

54 2074 172 2109 νων
193 2055 418 2126 καρπὸς
462 2053 699 2121 έπάξιος,
745 2056 987 2127 ἀνάγκης
1039 2058 1132 2109 καὶ
1159 2055 1493 2131 εἱμαρμένης
1538 2055 1635 2127 τὴν

1739 2069 2103 2135 tionesatque
2131 2063 2412 2120 sententia:
2451 2061 2502 2114 vi
2538 2061 2771 2130 quadam
2813 2055 3157 2112 inexorabilis
3193 2070 3284 2111 Ie-

51 2146 251 2205 leav
280 2146 500 2200 πάντων
530 2145 969 2216 ἀναδεδεγμένης.
1006 2148 1080 2199 Οὐ
1130 2148 1193 2218 δὴ
1252 2145 1343 2201 οὖν
1372 2149 1635 2219 προσήκει

1739 2158 2011 2213 cessitatis
2045 2165 2306 2226 agentur;
2347 2154 2495 2209 nulla
2534 2154 2648 2223 jam
2681 2152 2924 2222 profecto
2950 2147 3285 2221 philosophia

62 2237 533 2308 καταμέμφεσθαι
578 2240 690 2299 τοῖς
732 2237 859 2307 περὶ
912 2237 1001 2290 τὸν
1048 2236 1160 2307 βίον
1207 2237 1633 2307 πλημμελοῦσιν,

1739 2260 1840 2315 est,
1887 2250 2033 2303 nulla
2088 2248 2311 2317 religio;
2362 2246 2549 2315 probis
2596 2246 2715 2299 laus
2764 2260 2830 2298 ex
2876 2243 3073 2296 virtute
3108 2240 3287 2308 nulla;

66 2329 192 2390 οὐδέ
219 2347 290 2399 γε
321 2332 437 2393 τοῖς
464 2328 681 2382 ἀσεϐέσι
712 2328 807 2381 καὶ
838 2328 1304 2398 ἑπιρῤητοτάτοιςο
1363 2330 1475 2382 ἀλλ’
1516 2329 1635 2382 οὐδὲ

1740 2342 1888 2396 nulla
1920 2319 2015 2393 Dei
2058 2337 2452 2401 benevolentia,
2486 2335 2668 2390 nullus
2698 2335 2929 2403 denique
2963 2331 3278 2386 fructussu-

70 2422 198 2486 τοὺς
222 2421 551 2483 σπουδαίους
600 2419 913 2491 θαυμάζειν·
947 2418 1117 2490 ταύτῃ
1145 2419 1219 2483 δὲ,
1250 2420 1325 2483 ὡς
1364 2419 1521 2491 ἔφην,
1553 2422 1633 2474 ol-

1740 2446 2044 2503 sceptorum
2081 2432 2329 2485 laborum
2372 2427 2715 2495 contentione
2764 2426 2983 2495 dignus,
3035 2438 3159 2477 cum
3204 2436 3277 2476 ne

59 2514 303 2585 χήσεται
331 2512 393 2563 τὸ
422 2511 561 2581 μέγα
605 2511 703 2581 τῆς
740 2511 1049 2580 φιλοσοφίας
1106 2510 1277 2573 κλέος,
1325 2511 1423 2563 οὑκ
1475 2512 1632 2563 αὐτο-

1739 2526 1977 2581 ccssitati
2009 2533 2170 2593 atque
2183 2522 2305 2588 Iato
2333 2537 2512 2576 rerum
2541 2534 2721 2575 causa:
2743 2516 2986 2571 omnium
3015 2513 3291 2583 assignen-
3315 2559 3318 2564 .

60 2604 403 2676 προαιρέτου
436 2602 663 2675 μελέτης
694 2604 787 2657 καὶ
820 2605 1120 2674 ἀσκήσεως,
1167 2602 1281 2655 ἀλλ’
1311 2603 1373 2655 ὲκ
1405 2603 1508 2673 τῆς
1526 2602 1633 2656 τῶν

56 2698 299 2769 ἄστρων
319 2696 554 2766 ἀνάγκης
580 2695 811 2767 ἀπῃωρη
821 2695 999 2766 μένον.
1027 2696 1162 2766 Ὅρα
1189 2690 1281 2749 οὖν
1307 2697 1385 2759 είς
1404 2690 1513 2749 οἷον
1536 2714 1635 2750 κα-

58 2791 189 2845 κῶν
208 2788 493 2859 δογμάτων
519 2787 674 2857 βυθὸν
704 2787 814 2859 (51)
854 2790 901 2839 οἱ
938 2786 1224 2856 θαυμάσιοι
1263 2787 1374 2840 θεοὶ
1402 2788 1633 2841 καταδε-

58 2878 319 2951 ϐλήκασι
343 2879 471 2951 (52),
511 2880 605 2933 καὶ
631 2878 824 2947 σκέψαι
872 2877 946 2941 ὡς
988 2880 1065 2940 είς
1099 2878 1333 2932 ἀσωτίαν
1386 2880 1478 2932 καὶ
1524 2878 1636 2933 ἀδι-

64 2966 227 3031 κίαν,
265 2970 357 3021 καὶ
380 2968 515 3066 ἀλλα
540 2968 705 3039 μυρία
730 2965 873 3020 κακά
904 2968 1160 3037 παρορμᾷ
1203 2966 1297 3020 καὶ
1339 2969 1632 3040 προτρέπει

1740 2981 1820 3035 Ex
1853 2997 1961 3050 quo
2001 2978 2242 3049 profecto
2275 2978 2540 3047 sequitur,
2577 2976 2721 3045 quod
2754 2982 2877 3028 ante
2913 2972 3179 3036 dicebam,
3204 2968 3285 3023 in-

60 3059 226 3121 τουτὶ
263 3057 325 3112 τὺ
348 3057 540 3130 δόγμα,
563 3058 871 3130 ἀνατροπὴν
904 3057 997 3111 τοῦ
1041 3057 1252 3122 ’παντὸς
1282 3058 1394 3128 βίου
1426 3059 1634 3131 ἀθρόως

1740 3090 1872 3144 gens
1900 3072 2032 3127 illud
2063 3070 2421 3151 pltilosOpbiae
2462 3068 2627 3124 decus
2667 3069 2986 3137 periturum,
3027 3065 3073 3119 si
3116 3071 3280 3118 am

67 3149 568 3221 κατεργαζόμενον.
603 3151 666 3203 Εί
690 3148 818 3218 γοῦν
848 3166 929 3211 τις
961 3148 1184 3201 αὐτόθεν
1224 3150 1501 3202 πιστεύσοι
1530 3152 1635 3214 τοῖς

1744 3179 1862 3217 rum
1892 3177 1959 3216 ex
1988 3148 2335 3225 necessitate,
2371 3176 2479 3214 non
2516 3175 2581 3213 ex
2613 3158 2915 3213 voluntaria
2944 3154 3284 3208 meditatione

69 3239 411 3312 θαυμαστοῖς
427 3240 534 3293 τῶν
557 3240 694 3293 θεῶν
723 3244 1005 3312 χρησμοῖς,
1031 3243 1112 3295 ὅτι
1150 3243 1210 3295 τὸ
1242 3240 1519 3313 ἀληθεύειν
1542 3241 1635 3296 καὶ

1741 3253 2025 3322 studioque
2068 3234 2339 3322 pendebit.
2376 3249 2511 3305 Vide
2549 3265 2677 3321 ergo
2706 3262 2866 3318 quam
2902 3247 2959 3300 in
2991 3244 3284 3301 exitialium

69 3333 134 3387 «οδ
165 3331 487 3404 ψεύδεσθαι,
520 3333 613 3386 καὶ
641 3333 750 3403 (55)
778 3334 873 3403 οὐχ
914 3335 1175 3405 ἡμέτερον
1210 3334 1367 3405 ἔργον
1388 3330 1478 3405 ἦν,
1504 3334 1635 3387 ἀλλά

1740 3343 2051 3412 dogmatum
2082 3341 2394 3412 voraginem
2437 3340 2661 3394 clientes
2705 3353 2835 3393 suos
2865 3337 3078 3408 egregia
3112 3335 3283 3390 numi-

74 3428 173 3497 τῆς
190 3427 569 3497 ἀπαραιτήτου
602 3428 954 3497 εἱμαρμένης,
972 3428 1143 3481 καὶτὸ
1166 3428 1337 3482 θέλειν
1361 3429 1453 3482 ἐπὶ
1478 3446 1635 3500 στρα-

1739 3452 1809 3491 na
1833 3435 2199 3504 coniecerim:
2238 3441 2399 3502 atque
2438 3441 2499 3486 ut
2530 3431 2795 3502 ejusmodi
2833 3428 3121 3492 sententia,
3158 3427 3283 3482 dum

80 3517 246 3583 velut,
277 3518 313 3589 ἢ
347 3519 433 3570 ἐπ’
465 3516 590 3571 ἀλλο
611 3534 663 3569 τι
691 3516 799 3569 τῶν
830 3517 1110 3587 πρακτέων
1132 3520 1325 3589 ὁρμᾷν,
1360 3519 1451 3572 καὶ
1479 3519 1539 3572 τὸ
1564 3520 1635 3590 μὴ

1741 3529 1809 3582 ad
1857 3526 2186 3596 nequitiam,
2241 3510 2561 3594 iniuriarum
2612 3522 2908 3589 licentiam,
2952 3521 3290 3587 aliorumque

92 3604 257 3662 θέλειν
282 3608 354 3661 τά
379 3606 577 3660 τοιάδε·
603 3606 716 3669 πῶς
739 3607 837 3660 οὐκ
872 3605 936 3659 ἂν
960 3606 1262 3677 ἐθελήσειεν
1304 3610 1524 3678 ἀμελεῖν
1546 3610 1635 3664 καὶ

1739 3617 2005 3674 malorum
2022 3617 2128 3670 vim
2154 3632 2216 3671 ac
2237 3608 2634 3680 multitudinem
2663 3612 2926 3665 inﬁnitam
2954 3607 3293 3671 exstimulat.

90 3697 527 3771 ηταρῤᾳθυμεῖν
548 3700 605 3752 έν
629 3698 797 3751 ἅπασι
812 3700 924 3760 τοῖς
960 3697 1032 3769 μὴ
1081 3698 1206 3751 ἄνευ
1257 3699 1514 3769 καμάτων
1546 3701 1635 3755 καὶ

1739 3709 1865 3762 vitae
1893 3707 2055 3761 simul
2086 3707 2354 3760 universae
2391 3704 2687 3774 perniciem
2732 3703 2975 3755 ultimam
3014 3698 3291 3753 moliatur.

87 3788 276 3855 πόνων,
298 3792 514 3861 καὶτῆς
542 3794 574 3861 ἡ
584 3790 697 3861 μῶν
722 3790 895 3845 αὐτῶν
929 3789 1229 3861 προθυμίας
1251 3791 1635 3863 κατορθοῦσθαι

1737 3798 1883 3853 Nam
1917 3799 2009 3852 ubi
2050 3797 2174 3867 quis
2220 3796 2389 3851 semel
2442 3796 2714 3866 praeclaris
2747 3795 2968 3849 deorum
3014 3799 3281 3861 permotus

87 3877 429 3951 θυναμένοις;
467 3881 530 3933 Ei
558 3881 666 3952 γὰρ
693 3881 751 3947 ἐξ
784 3880 1117 3952 εἱμαρμένης
1172 3880 1288 3933 τόδε
1328 3899 1378 3933 τι
1418 3883 1641 3952 γενήσε-

96 3969 207 4025 σθαι
254 3971 486 4042 νομίζοι,
529 3972 638 4023 είτε
683 3973 974 4043 πονοίημεν
1022 3972 1181 4042 ἡμεῖς
1217 3974 1346 4043 περὶ
1390 3973 1520 4026 αὐτὸ
1546 3974 1639 4027 καὶ

1736 973 1897 1026 nibus
1924 971 2256 1041 imponeret;
2300 978 2484 1039 atque,
2524 968 2633 1023 ubi
2652 984 2738 1024 res
2771 968 2928 1024 aliter
2955 981 3118 1038 quam
3149 981 3285 1036 pra:-

1735 1063 1938 1119 dictum
1985 1063 2052 1117 ab
2090 1076 2155 1117 eo
2188 1047 2349 1127 teret,
2376 1059 2636 1125 eveniret,
2679 1058 2756 1137 “ad
2785 1058 2955 1113 fatum
2996 1057 3284 1129 cpntinuo,

1736 1152 2042 1224 perfugium
2068 1153 2172 1209 sibi
2194 1169 2260 1208 ac
2289 1159 2565 1222 receptum
2588 1158 2823 1221 pararet.
2842 1147 2963 1204 Jam
2986 1161 3141 1212 vero,
3157 1162 3284 1203 cum

1737 1247 1854 1315 ipse
1890 1246 2071 1300 omnia
2102 1246 2216 1300 suis
2271 1243 2379 1298 illis
2431 1243 2670 1299 oraculis
2720 1256 2789 1298 ex
2826 1240 2923 1296 fati
2967 1238 3285 1295 necessitate

1737 1338 2037 1408 suspendit,
2072 1347 2234 1407 atque
2280 1336 2334 1391 id
2366 1337 2554 1399 etiam,
2588 1334 2731 1403 quod
2764 1349 2863 1404 pro
2894 1333 3159 1388 libertatis
3190 1345 3285 1385 no‘

1738 1438 1861 1482 stne
1885 1434 2035 1481 motu
2069 1442 2132 1481 ac
2178 1432 2449 1495 potestate
2481 1424 2677 1491 agitur,
2714 1419 2959 1476 funditus
2990 1418 3286 1482 sublatum,

1737 1519 1923 1574 eadem
1953 1518 2207 1573 servitute
2230 1514 2585 1579 constrinxit;
2616 1512 2833 1575 videsis,
2855 1511 3102 1573 obsecro,
3124 1524 3285 1579 quam

1739 2622 1847 2669 tur.
1900 2613 2188 2667 Enimvero
2226 2627 2327 2666 nec
2366 2609 2628 2679 improbis
2660 2607 2819 2677 243
2864 2606 3157 2673 deinceps,
3195 2611 3285 2657 aut

1738 2706 1938 2777 impiis,
1984 2705 2333 2773 omniumque
2367 2702 2502 2756 adeo
2550 2701 2811 2755 scelerum
2846 2696 3178 2766 turpitudine
3208 2694 3283 2749 la-

1740 2798 2055 2854 borantibus
2103 2794 2531 2850 succensendum
2566 2792 2697 2857 erit;
2745 2805 2845 2845 nec
2892 2786 3107 2841 virtutis
3142 2800 3277 2839 ama-

1719 2891 1949 2946 .toribus
1992 2889 2168 2942 laudis
2211 2886 2505 2957 quidquam
2545 2882 2874 2951 honorisque
2919 2878 3283 2935 tribuendum.

1737 3891 1997 3955 oraculis,
2038 3890 2090 3943 in
2129 3889 2371 3943 animum
2404 3886 2679 3942 induxerit
2720 3899 2904 3950 suum,
2934 3896 3062 3937 vera
3088 3879 3281 3950 pariter

1739 3983 1983 4053 falsaque
2012 3981 2182 4051 loqui,
2211 3981 2547 4035 voluntatem
2590 3978 2658 4031 ad
2696 3975 2946 4031 militiam
2971 3970 3283 4041 adjungere,

96 4063 495 4133 σπουδάζοιμεν,
526 4062 633 4115 εἴτε
658 4052 755 4116 καί
776 4061 869 4131 μὴ,
891 4063 1006 4125 πῶς
1028 4063 1126 4115 οὐκ
1158 4063 1222 4116 άν
1257 4080 1338 4126 τις
1366 4062 1637 4134 ἐθελήσειε

91 4152 149 4206 τὸ
184 4155 312 4226 ῥᾷον
345 4152 632 4225 αἱρεῖσθαι,
661 4155 853 4224 παρεὶς
892 4151 1082 4205 ἑαυτὸν
1129 4153 1223 4205 καὶ
1272 4152 1507 4223 ἀμελῶν,
1563 4154 1637 4219 ὡς

96 4242 498 4316 θεειμαρμένης
534 4244 626 4305 καὶ
670 4244 907 4315 ἀνάγκης
942 4243 1299 4314 γενησομένου
1353 4244 1447 4297 τοῦ
1496 4262 1637 4316 πρα-

99 4333 447 4407 χθησομένους
486 4337 645 4395 Ὅθεν
671 4338 763 4392 καὶ
780 4335 1041 4404 λεγόντων
1081 4336 1226 4388 ἐστὶν
1265 4333 1492 4389 ἀκοῦσαι
1529 4336 1633 4389 τῶν

1739 4085 1833 4129 aut
1858 4090 1975 4129 rem
2011 4072 2279 4143 ejusmodi
2305 4072 2540 4140 aliquam
2566 4067 2840 4139 persequi,
2873 4064 2958 4119 vel
2984 4070 3175 4118 contra
3203 4059 3279 4116 Iu-

1737 4183 1882 4236 gere,
1934 4165 2284 4220 inexorabilis
2330 4164 2423 4218 fati
2458 4178 2599 4226 esse,
2662 4176 2771 4215 non
2814 4166 3013 4215 nostrae
3048 4166 3272 4229 potestao

1736 4261 1840 4313 tis:
1872 4259 1995 4327 quis
2022 4273 2131 4311 non
2154 4272 2276 4315 eum
2298 4257 2558 4310 continuo
2584 4253 2781 4320 videat,
2813 4265 3148 4323 quaecunque
3170 4249 3283 4305 sine

1738 4350 2002 4405 molestiis
2036 4360 2197 4419 atque
2253 4349 2549 4412 laboribus,
2581 4356 2878 4416 nostraque
2909 4344 3043 4398 adeo
3066 4350 3283 4397 centeno

94 4425 317 4495 πολλῶν,
371 4428 453 4481 ὅτι
497 4429 625 4499 ἄρα,
673 4430 1047 4501 Πραχθήσεται
1076 4426 1251 4491 τοῦτο,
1302 4427 1634 4504 εἱγεηεῖμαρ-

1739 4445 1882 4498 tione
1913 4442 2095 4513 perﬁci
2128 4458 2235 4496 non
2277 4450 2554 4513 poterunt,
2595 4439 2647 4493 in
2680 4438 2749 4494 iis
2786 4438 3040 4492 omnibus
3078 4433 3282 4503 langui<

93 4517 179 4571 ταί
203 4536 312 4590 μοιε
330 4519 523 4582 καὶ,Τί
546 4536 611 4589 με
641 4522 743 4592 χρὴ
773 4522 1026 4592 παρέχειν
1055 4518 1271 4591 ἐμαυτῷ
1304 4520 1635 4592 πράγματα;

1740 4536 1866 4589 dum
1916 4512 1971 4589 et
2012 4534 2235 4597 inertem
2282 4512 2551 4585 iuturum?
2590 4529 2796 4583 Etenim
2840 4527 2933 4597 qui
2968 4535 3115 4580 certo
3148 4538 3280 4592 quo-

92 4607 273 4684 είγάρ
325 4612 353 4664 ὁ
386 4611 479 4665 ἐπὶ
503 4611 786 4683 στρατείαν
813 4612 994 4682 ὁρμῶν
1032 4613 1129 4665 οὐκ
1167 4615 1230 4665 ὲκ
1264 4612 1637 4682 προαιρέσεως

92 4701 284 4769 eluta;
309 4702 449 4756 τοῦτ’
470 4702 755 4776 ἔπραττεν,
777 4703 1125 4775 ἐλαυνόμενος
1166 4705 1221 4757 δὲ
1248 4704 1350 4758 ὑπὸ
1378 4705 1475 4776 τῆς
1506 4704 1636 4769 ἔξω·

90 4790 178 4849 θεν
229 4796 494 4868 ἀνάγκης,
546 4795 783 4868 δηλονότι
826 4796 919 4849 καὶ
967 4798 1058 4848 ἐπὶ
1110 4797 1361 4869 λῃστείαν
1398 4797 1509 4866 (54)
1547 4798 1639 4850 καὶ

90 4884 484 4976 τυμϐωρυχίας,
522 4888 617 4943 καὶ
643 4870 733 4976 ἐὴ).
768 4884 866 4948 τάς
916 4884 1077 4949 ἄλλας
1108 4889 1223 4958 ἦτοι
1267 4889 1637 4959 ἀνοσιουργίας

92 4973 178 5031 καὶ
203 4976 519 5043 ἀκολασίας.
539 4978 573 5050 ἢ
597 4973 851 5049 κοσμίους
882 4976 975 5030 καὶ
1026 4976 1307 5049 σώφρονας
1351 4979 1634 5049 ἐπιτηδεύ-

94 5078 216 5131 οιις³
235 5066 397 5121 τοῦτο
416 5067 523 5139 γάρ
555 5069 620 5123 ἀν
653 5070 736 5139 είη
795 5068 1078 5125 ἀκόλουθον
1112 5069 1191 5139 τῷ
1221 5070 1348 5141 περὶ
1371 5068 1636 5140 εἱμαρμέ-

94 5168 181 5223 νης
209 5154 371 5227 λόγῳ.
403 5157 524 5221 Πῶς
544 5153 637 5213 οὖν
668 5162 697 5213 ὁ
720 5159 889 5215 ταῦτα
920 5159 992 5229 μὴ
1028 5158 1085 5223 ἐξ
1116 5158 1279 5211 αὑτοῦ
1336 5157 1634 5229 ἡγούμενος

97 5239 368 5317 ἒγχιιρεῖν,
402 5244 512 5297 ἀλλ’
541 5246 753 5316 ὑπὸτῆς
769 5247 963 5315 ῑξωθεν
1000 5248 1262 5317 ἀνάγκης,
1296 5247 1631 5318 προσέξοιάν

94 5346 216 5389 m
238 5334 320 5409 τῷ
344 5335 695 5401 νουθετοῦντι,
723 5338 817 5394 καὶ
861 5338 1157 5397 διδάσκοντι
1189 5335 1261 5408 μὴ
1295 5337 1484 5389 ἑαυτὸν
1514 5339 1630 5390 ἐπι-

127 5580 139 5593 .
160 5506 269 5583 (50)
314 5510 482 5582 Ἐμοῦ
505 5524 597 5567 σε.
632 5509 1051 5571 Βααῶοηὰιιω
1074 5512 1283 5568 videtur
1310 5508 1415 5576 σοί,
1441 5509 1631 5566 οιατὶες

98 5594 230 5641 ωηο
257 5598 443 5643 sensu.
586 5638 592 5645 ,

164 5650 267 5721 (5t)
294 5653 508 5710 Βυθόν.
534 5650 787 5715 lentam,
812 5649 1095 5721 βάραθρον.
1130 5648 1296 5720 Elige.

184 5718 268 5787 δε)
298 5724 429 5779 Θεοί
472 5718 1001 5787 καταϐεϐλήκασιν-ζ
1038 5718 1255 5774 Videtur
1286 5718 1625 5774 accusativus

102 5787 281 5861 inquis
324 5793 644 5858 desiderari,
690 5804 815 5864 puta
861 5794 1001 5863 ἡμᾶς
1050 5792 1170 5854 τοὺς
1209 5787 1628 5862 θεραπεύοντας,

1738 4626 1861 4681 dam
1890 4626 1999 4680 fato
2027 4626 2128 4679 hoc
2151 4625 2347 4679 illudve
2376 4625 2618 4677 futurum
2649 4622 2752 4675 sibi
2784 4618 3135 4688 persuaserit,
3170 4616 3282 4670 sive

1740 4716 1940 4786 aliquid
1975 4716 2078 4784 ipsi
2113 4730 2328 4784 quoque
2364 4712 2563 4766 laboris
2594 4720 2648 4765 et
2676 4708 2954 4763 industria:
2986 4704 3279 4760 contuleri-

1736 4823 1880 4870 mus,
1914 4806 2028 4859 sive
2055 4818 2194 4869 non;
2228 4818 2351 4856 eum
2392 4812 2444 4856 tu
2476 4800 2811 4856 facilioribus
2839 4796 3281 4864 mollioribusque

1693 4891 1973 4958 delectis,
2024 4908 2131 4948 non
2178 4894 2435 4948 dissolute
2501 4908 2565 4947 ac
2616 4888 2945 4960 negligenter
3014 4887 3281 4941 victurum

1732 4998 1916 5059 putas,
1976 4985 2131 5055 quasi
2173 4985 2477 5040 necessario
2520 4982 2758 5035 futurum
2804 4978 2935 5033 illud
2990 4978 3092 5051 sit,
3136 4972 3281 5045 quod

1732 5077 1998 5149 agendum
2032 5076 2231 5131 fuerit?
2263 5075 2329 5130 Et
2374 5090 2500 5130 vero
2549 5073 2836 5142 plerosque
2884 5080 3163 5141 propterea
3202 5068 3283 5123 sic

1732 5171 1880 5241 loqui
1910 5169 2123 5233 audias,
2148 5168 2267 5223 Fiet
2292 5166 2420 5221 illud
2454 5165 2695 5229 omnino,
2727 5165 2771 5218 si
2804 5163 2972 5217 fatum
3004 5163 3073 5213 ita
3099 5174 3279 5212 meum

1730 5262 1928 5316 tulerit.
1958 5258 2228 5326 Quorsum
2262 5268 2439 5312 autem
2476 5256 2677 5311 frustra
2711 5256 2969 5309 molestus
2997 5252 3110 5321 ipse
3146 5249 3278 5305 mihi

1730 5354 1857 5408 sim?
1902 5350 2037 5405 Nam
2069 5352 2162 5422 qui
2194 5351 2438 5405 militiam
2475 5359 2712 5404 sectatus
2756 5354 2858 5411 est,
2901 5343 2949 5399 is
2995 5342 3039 5398 si
3080 5357 3187 5397 non
3212 5359 3280 5399 eo

1729 5519 1821 5592 aut
1858 5509 1928 5563 al.
1963 5508 2169 5575 simile;
2200 5507 2321 5562 sive
2354 5507 2535 5577 potius
2567 5505 2811 5561 absolute
2848 5500 3083 5572 positum
3126 5501 3275 5557 intel-

1729 5583 1906 5720 “8:53)
1932 5646 2040 5720 Καὶ
2072 5650 2205 5720 οὐχ.
2234 5648 2328 5720 Γρ.
2359 5647 2497 5720 tellit
2524 5639 2661 5701 istud
2688 5643 2799 5707 καί,
2835 5652 2995 5720 recte.

1942 5719 2045 5773 Καὶ
2084 5708 2182 5771 edi
2215 5708 2393 5788 λῂστ.
2437 5718 2584 5774 Alter
2614 5735 2644 5772 e
2678 5729 2947 5773 manuscr.
2991 5714 3092 5784 leg.
3127 5708 3220 5768 καὶ
3248 5709 3277 5761 ὁ

1730 5790 1825 5850 iul.
1838 5790 2028 5861 λῃστη
2064 5799 2228 5845 recte.
