  <div class='ocr_page' id='page_1' title='image "/cluster/home/n/w/nwhite01/storage/ocr_20150623/21/pst.000004029076/215.png"; bbox 0 0 4020 6342; ppageno 0'>
   <div class='ocr_carea' id='block_1_1' title="bbox 686 452 790 508">
    <p class='ocr_par' dir='ltr' id='par_1_1' title="bbox 686 452 790 508">
     <span class='ocr_line' id='line_1_1' title="bbox 686 452 790 508; baseline 0.048 -5"><span class='ocrx_word' id='word_1_1' title='bbox 686 452 790 508; x_wconf 73' lang='lat'><strong>“5</strong></span> 
     </span>
    </p>
   </div>
   <div class='ocr_carea' id='block_1_2' title="bbox 1318 436 3273 511">
    <p class='ocr_par' dir='ltr' id='par_1_2' title="bbox 1318 436 3273 511">
     <span class='ocr_line' id='line_1_2' title="bbox 1318 436 3273 511; baseline -0.005 -3"><span class='ocrx_word' id='word_1_2' title='bbox 1318 453 1587 508; x_wconf 77' lang='lat' dir='ltr'><strong>EUSFBII</strong></span> <span class='ocrx_word' id='word_1_3' title='bbox 1624 454 2103 511; x_wconf 64' lang='lat' dir='ltr'><strong>CESARIENSIS</strong></span> <span class='ocrx_word' id='word_1_4' title='bbox 2145 454 2294 511; x_wconf 80' lang='lat' dir='ltr'><strong>OPP.</strong></span> <span class='ocrx_word' id='word_1_5' title='bbox 2340 436 2516 505; x_wconf 77' lang='lat' dir='ltr'><strong>PARS</strong></span> <span class='ocrx_word' id='word_1_6' title='bbox 2563 450 2625 505; x_wconf 86' lang='lat' dir='ltr'><strong>ll.</strong></span> <span class='ocrx_word' id='word_1_7' title='bbox 2672 475 2740 487; x_wconf 89' lang='lat'><strong>-—</strong></span> <span class='ocrx_word' id='word_1_8' title='bbox 2778 444 3273 501; x_wconf 69' lang='lat' dir='ltr'><strong>APOLOGETICA.</strong></span> 
     </span>
    </p>
   </div>
   <div class='ocr_carea' id='block_1_3' title="bbox 3818 440 3933 492">
    <p class='ocr_par' dir='ltr' id='par_1_3' title="bbox 3818 440 3933 492">
     <span class='ocr_line' id='line_1_3' title="bbox 3818 440 3933 492; baseline -0.017 0"><span class='ocrx_word' id='word_1_9' title='bbox 3818 440 3933 492; x_wconf 68' lang='lat'><strong>“6</strong></span> 
     </span>
    </p>
   </div>
   <div class='ocr_carea' id='block_1_4' title="bbox 681 555 2233 638">
    <p class='ocr_par' dir='ltr' id='par_1_4' title="bbox 681 568 2233 638">
     <span class='ocr_line' id='line_1_4' title="bbox 681 568 2233 638; baseline 0.001 -17"><span class='ocrx_word' id='word_1_10' title='bbox 681 568 868 622; x_wconf 68' lang='lat' dir='ltr'><strong>videns</strong></span> <span class='ocrx_word' id='word_1_11' title='bbox 902 582 965 621; x_wconf 88' lang='lat' dir='ltr'><strong>ac</strong></span> <span class='ocrx_word' id='word_1_12' title='bbox 1002 582 1097 620; x_wconf 80' lang='lat' dir='ltr'><strong>sua</strong></span> <span class='ocrx_word' id='word_1_13' title='bbox 1136 583 1195 622; x_wconf 86' lang='lat' dir='ltr'><strong>se</strong></span> <span class='ocrx_word' id='word_1_14' title='bbox 1227 578 1420 637; x_wconf 89' lang='lat' dir='ltr'><strong>sponte</strong></span> <span class='ocrx_word' id='word_1_15' title='bbox 1450 571 1701 635; x_wconf 88' lang='lat' dir='ltr'><strong>contulit,</strong></span> <span class='ocrx_word' id='word_1_16' title='bbox 1738 572 1830 624; x_wconf 89' lang='lat' dir='ltr'><strong>sed</strong></span> <span class='ocrx_word' id='word_1_17' title='bbox 1871 582 2093 625; x_wconf 82' lang='lat' dir='ltr'><strong>externa</strong></span> <span class='ocrx_word' id='word_1_18' title='bbox 2121 588 2233 638; x_wconf 86' lang='lat' dir='ltr'><strong>qna-</strong></span> 
     </span>
    </p>
   </div>
   <div class='ocr_carea' id='block_1_5' title="bbox 2334 555 3932 638">
    <p class='ocr_par' dir='ltr' id='par_1_5' title="bbox 2349 555 3932 631">
     <span class='ocr_line' id='line_1_5' title="bbox 2349 555 3932 631; baseline -0.009 -11"><span class='ocrx_word' id='word_1_19' title='bbox 2349 567 2544 620; x_wconf 75' lang='grc' dir='ltr'>διδόναι</span> <span class='ocrx_word' id='word_1_20' title='bbox 2595 564 2804 617; x_wconf 78' lang='grc' dir='ltr'><strong>ἔκδοτον</strong></span> <span class='ocrx_word' id='word_1_21' title='bbox 2849 566 2958 625; x_wconf 81' lang='grc' dir='ltr'>τοῖς</span> <span class='ocrx_word' id='word_1_22' title='bbox 3008 558 3454 631; x_wconf 79' lang='grc' dir='ltr'>προειρημένοις;</span> <span class='ocrx_word' id='word_1_23' title='bbox 3504 556 3662 611; x_wconf 69' lang='grc' dir='ltr'>Εἴποι</span> <span class='ocrx_word' id='word_1_24' title='bbox 3709 555 3826 627; x_wconf 66' lang='grc' dir='ltr'>γὰρ</span> <span class='ocrx_word' id='word_1_25' title='bbox 3863 558 3932 608; x_wconf 67' lang='grc' dir='ltr'>ἂν</span> 
     </span>
    </p>
   </div>
   <div class='ocr_carea' id='block_1_6' title="bbox 679 656 2243 730">
    <p class='ocr_par' dir='ltr' id='par_1_6' title="bbox 679 656 2243 730">
     <span class='ocr_line' id='line_1_6' title="bbox 679 656 2243 730; baseline 0.005 -23"><span class='ocrx_word' id='word_1_26' title='bbox 679 656 805 707; x_wconf 84' lang='lat' dir='ltr'><strong>dam</strong></span> <span class='ocrx_word' id='word_1_27' title='bbox 840 658 1163 711; x_wconf 89' lang='lat' dir='ltr'><strong>necessitate</strong></span> <span class='ocrx_word' id='word_1_28' title='bbox 1188 660 1507 726; x_wconf 82' lang='lat' dir='ltr'><strong>compulsus</strong></span> <span class='ocrx_word' id='word_1_29' title='bbox 1533 679 1547 727; x_wconf 91' lang='lat'><strong>;</strong></span> <span class='ocrx_word' id='word_1_30' title='bbox 1579 662 1748 730; x_wconf 86' lang='lat' dir='ltr'><strong>liquet</strong></span> <span class='ocrx_word' id='word_1_31' title='bbox 1779 666 2021 729; x_wconf 81' lang='lat' dir='ltr'><strong>profecto</strong></span> <span class='ocrx_word' id='word_1_32' title='bbox 2049 662 2114 716; x_wconf 91' lang='lat' dir='ltr'><strong>de</strong></span> <span class='ocrx_word' id='word_1_33' title='bbox 2140 679 2243 715; x_wconf 64' lang='lat' dir='ltr'><strong>car-</strong></span> 
     </span>
    </p>
   </div>
   <div class='ocr_carea' id='block_1_7' title="bbox 681 745 2244 821">
    <p class='ocr_par' dir='ltr' id='par_1_7' title="bbox 681 745 2244 821">
     <span class='ocr_line' id='line_1_7' title="bbox 681 745 2244 821; baseline 0.004 -22"><span class='ocrx_word' id='word_1_34' title='bbox 681 745 810 799; x_wconf 86' lang='lat' dir='ltr'><strong>teris</strong></span> <span class='ocrx_word' id='word_1_35' title='bbox 838 747 980 800; x_wconf 91' lang='lat' dir='ltr'><strong>idem</strong></span> <span class='ocrx_word' id='word_1_36' title='bbox 1006 748 1347 802; x_wconf 85' lang='lat' dir='ltr'><strong>sentiendum</strong></span> <span class='ocrx_word' id='word_1_37' title='bbox 1386 765 1530 815; x_wconf 85' lang='lat' dir='ltr'><strong>esse,</strong></span> <span class='ocrx_word' id='word_1_38' title='bbox 1568 753 1660 821; x_wconf 89' lang='lat' dir='ltr'><strong>qui</strong></span> <span class='ocrx_word' id='word_1_39' title='bbox 1700 753 1784 807; x_wconf 87' lang='lat' dir='ltr'><strong>vel</strong></span> <span class='ocrx_word' id='word_1_40' title='bbox 1816 753 2135 814; x_wconf 91' lang='lat' dir='ltr'><strong>latrociniis,</strong></span> <span class='ocrx_word' id='word_1_41' title='bbox 2162 753 2244 805; x_wconf 79' lang='lat' dir='ltr'><strong>vel</strong></span> 
     </span>
    </p>
   </div>
   <div class='ocr_carea' id='block_1_8' title="bbox 683 838 2240 912">
    <p class='ocr_par' dir='ltr' id='par_1_8' title="bbox 683 838 2240 912">
     <span class='ocr_line' id='line_1_8' title="bbox 683 838 2240 912; baseline 0.004 -22"><span class='ocrx_word' id='word_1_42' title='bbox 683 838 950 906; x_wconf 75' lang='lat' dir='ltr'><strong>sepulcris</strong></span> <span class='ocrx_word' id='word_1_43' title='bbox 993 838 1333 901; x_wconf 71' lang='lat' dir='ltr'><strong>cllodiendis,</strong></span> <span class='ocrx_word' id='word_1_44' title='bbox 1372 843 1452 895; x_wconf 83' lang='lat' dir='ltr'><strong>vel</strong></span> <span class='ocrx_word' id='word_1_45' title='bbox 1485 841 1605 896; x_wconf 78' lang='lat' dir='ltr'><strong>aliis</strong></span> <span class='ocrx_word' id='word_1_46' title='bbox 1642 842 1935 911; x_wconf 76' lang='lat' dir='ltr'><strong>impietatis</strong></span> <span class='ocrx_word' id='word_1_47' title='bbox 1962 851 2124 912; x_wconf 91' lang='lat' dir='ltr'><strong>atque</strong></span> <span class='ocrx_word' id='word_1_48' title='bbox 2156 843 2240 896; x_wconf 91' lang='lat' dir='ltr'><strong>in-</strong></span> 
     </span>
    </p>
   </div>
   <div class='ocr_carea' id='block_1_9' title="bbox 684 933 2245 1000">
    <p class='ocr_par' dir='ltr' id='par_1_9' title="bbox 684 933 2245 1000">
     <span class='ocr_line' id='line_1_9' title="bbox 684 933 2245 1000; baseline 0.004 -17"><span class='ocrx_word' id='word_1_49' title='bbox 684 933 1055 1000; x_wconf 69' lang='lat' dir='ltr'><strong>temperantiae</strong></span> <span class='ocrx_word' id='word_1_50' title='bbox 1090 934 1401 1000; x_wconf 77' lang='lat' dir='ltr'><strong>generibus,</strong></span> <span class='ocrx_word' id='word_1_51' title='bbox 1429 947 1522 989; x_wconf 92' lang='lat' dir='ltr'><strong>aut</strong></span> <span class='ocrx_word' id='word_1_52' title='bbox 1555 936 1717 990; x_wconf 89' lang='lat' dir='ltr'><strong>etiam</strong></span> <span class='ocrx_word' id='word_1_53' title='bbox 1753 938 2155 993; x_wconf 87' lang='lat' dir='ltr'><strong>bonestioribus</strong></span> <span class='ocrx_word' id='word_1_54' title='bbox 2182 955 2245 993; x_wconf 86' lang='lat' dir='ltr'><strong>ac</strong></span> 
     </span>
    </p>
   </div>
   <div class='ocr_carea' id='block_1_10' title="bbox 684 1022 2242 1084">
    <p class='ocr_par' dir='ltr' id='par_1_10' title="bbox 684 1022 2242 1084">
     <span class='ocr_line' id='line_1_10' title="bbox 684 1022 2242 1084; baseline 0.006 -11"><span class='ocrx_word' id='word_1_55' title='bbox 684 1022 997 1078; x_wconf 83' lang='lat' dir='ltr'><strong>sanioribus</strong></span> <span class='ocrx_word' id='word_1_56' title='bbox 1042 1024 1302 1079; x_wconf 83' lang='lat' dir='ltr'><strong>institutis</strong></span> <span class='ocrx_word' id='word_1_57' title='bbox 1347 1041 1405 1080; x_wconf 89' lang='lat' dir='ltr'><strong>se</strong></span> <span class='ocrx_word' id='word_1_58' title='bbox 1439 1026 1765 1081; x_wconf 87' lang='lat' dir='ltr'><strong>dediderint.</strong></span> <span class='ocrx_word' id='word_1_59' title='bbox 1821 1027 1933 1081; x_wconf 86' lang='lat' dir='ltr'><strong>Hoc</strong></span> <span class='ocrx_word' id='word_1_60' title='bbox 1982 1030 2125 1083; x_wconf 88' lang='lat' dir='ltr'><strong>enim</strong></span> <span class='ocrx_word' id='word_1_61' title='bbox 2176 1046 2242 1084; x_wconf 82' lang='lat' dir='ltr'><strong>ex</strong></span> 
     </span>
    </p>
   </div>
   <div class='ocr_carea' id='block_1_11' title="bbox 684 1108 2245 1188">
    <p class='ocr_par' dir='ltr' id='par_1_11' title="bbox 684 1108 2245 1188">
     <span class='ocr_line' id='line_1_11' title="bbox 684 1108 2245 1188; baseline 0.006 -25"><span class='ocrx_word' id='word_1_62' title='bbox 684 1108 787 1163; x_wconf 88' lang='lat' dir='ltr'><strong>ista</strong></span> <span class='ocrx_word' id='word_1_63' title='bbox 839 1110 932 1163; x_wconf 91' lang='lat' dir='ltr'><strong>fati</strong></span> <span class='ocrx_word' id='word_1_64' title='bbox 986 1115 1195 1168; x_wconf 84' lang='lat' dir='ltr'><strong>ratione</strong></span> <span class='ocrx_word' id='word_1_65' title='bbox 1240 1130 1582 1184; x_wconf 83' lang='lat' dir='ltr'><strong>consequens</strong></span> <span class='ocrx_word' id='word_1_66' title='bbox 1619 1118 1775 1185; x_wconf 81' lang='lat' dir='ltr'><strong>plane</strong></span> <span class='ocrx_word' id='word_1_67' title='bbox 1817 1130 1918 1172; x_wconf 89' lang='lat' dir='ltr'><strong>est.</strong></span> <span class='ocrx_word' id='word_1_68' title='bbox 1966 1119 2068 1184; x_wconf 92' lang='lat' dir='ltr'><strong>Qui</strong></span> <span class='ocrx_word' id='word_1_69' title='bbox 2116 1135 2245 1188; x_wconf 82' lang='lat' dir='ltr'><strong>ergo</strong></span> 
     </span>
    </p>
   </div>
   <div class='ocr_carea' id='block_1_12' title="bbox 684 1199 2244 1274">
    <p class='ocr_par' dir='ltr' id='par_1_12' title="bbox 684 1199 2244 1274">
     <span class='ocr_line' id='line_1_12' title="bbox 684 1199 2244 1274; baseline 0.006 -22"><span class='ocrx_word' id='word_1_70' title='bbox 684 1199 853 1253; x_wconf 82' lang='lat' dir='ltr'><strong>semel</strong></span> <span class='ocrx_word' id='word_1_71' title='bbox 912 1200 965 1253; x_wconf 91' lang='lat' dir='ltr'><strong>in</strong></span> <span class='ocrx_word' id='word_1_72' title='bbox 1018 1216 1136 1255; x_wconf 91' lang='lat' dir='ltr'><strong>eam</strong></span> <span class='ocrx_word' id='word_1_73' title='bbox 1190 1204 1445 1259; x_wconf 87' lang='lat' dir='ltr'><strong>inductus</strong></span> <span class='ocrx_word' id='word_1_74' title='bbox 1496 1207 1807 1274; x_wconf 87' lang='lat' dir='ltr'><strong>opinionem</strong></span> <span class='ocrx_word' id='word_1_75' title='bbox 1860 1208 2055 1274; x_wconf 91' lang='lat' dir='ltr'><strong>fuerit,</strong></span> <span class='ocrx_word' id='word_1_76' title='bbox 2112 1210 2244 1261; x_wconf 88' lang='lat' dir='ltr'><strong>nihil</strong></span> 
     </span>
    </p>
   </div>
   <div class='ocr_carea' id='block_1_13' title="bbox 685 1291 2246 1371">
    <p class='ocr_par' dir='ltr' id='par_1_13' title="bbox 685 1291 2246 1371">
     <span class='ocr_line' id='line_1_13' title="bbox 685 1291 2246 1371; baseline 0.008 -29"><span class='ocrx_word' id='word_1_77' title='bbox 685 1291 915 1343; x_wconf 88' lang='lat' dir='ltr'><strong>istorum</strong></span> <span class='ocrx_word' id='word_1_78' title='bbox 944 1307 1043 1345; x_wconf 91' lang='lat' dir='ltr'><strong>sua</strong></span> <span class='ocrx_word' id='word_1_79' title='bbox 1073 1308 1131 1346; x_wconf 89' lang='lat' dir='ltr'><strong>se</strong></span> <span class='ocrx_word' id='word_1_80' title='bbox 1164 1295 1441 1349; x_wconf 82' lang='lat' dir='ltr'><strong>voluntate</strong></span> <span class='ocrx_word' id='word_1_81' title='bbox 1481 1301 1755 1367; x_wconf 86' lang='lat' dir='ltr'><strong>persequi,</strong></span> <span class='ocrx_word' id='word_1_82' title='bbox 1792 1309 2035 1371; x_wconf 67' lang='lat' dir='ltr'><strong>externae</strong></span> <span class='ocrx_word' id='word_1_83' title='bbox 2059 1317 2246 1355; x_wconf 82' lang='lat' dir='ltr'><strong>ncces-</strong></span> 
     </span>
    </p>
   </div>
   <div class='ocr_carea' id='block_1_14' title="bbox 682 1381 2246 1462">
    <p class='ocr_par' dir='ltr' id='par_1_14' title="bbox 682 1381 2246 1462">
     <span class='ocr_line' id='line_1_14' title="bbox 682 1381 2246 1462; baseline 0.008 -28"><span class='ocrx_word' id='word_1_84' title='bbox 682 1381 828 1435; x_wconf 85' lang='lat' dir='ltr'><strong>sitati</strong></span> <span class='ocrx_word' id='word_1_85' title='bbox 856 1384 1137 1439; x_wconf 88' lang='lat' dir='ltr'><strong>tribuenda</strong></span> <span class='ocrx_word' id='word_1_86' title='bbox 1168 1402 1286 1441; x_wconf 83' lang='lat' dir='ltr'><strong>esse</strong></span> <span class='ocrx_word' id='word_1_87' title='bbox 1318 1390 1535 1442; x_wconf 90' lang='lat' dir='ltr'><strong>omnia:</strong></span> <span class='ocrx_word' id='word_1_88' title='bbox 1572 1392 1663 1459; x_wconf 87' lang='lat' dir='ltr'><strong>qui</strong></span> <span class='ocrx_word' id='word_1_89' title='bbox 1694 1392 1806 1444; x_wconf 83' lang='lat' dir='ltr'><strong>ﬁeri</strong></span> <span class='ocrx_word' id='word_1_90' title='bbox 1836 1394 2050 1462; x_wconf 89' lang='lat' dir='ltr'><strong>poterit,</strong></span> <span class='ocrx_word' id='word_1_91' title='bbox 2081 1402 2138 1447; x_wconf 88' lang='lat' dir='ltr'><strong>ut</strong></span> <span class='ocrx_word' id='word_1_92' title='bbox 2164 1410 2246 1447; x_wconf 57' lang='lat' dir='ltr'><strong>ses</strong></span> 
     </span>
    </p>
   </div>
   <div class='ocr_carea' id='block_1_15' title="bbox 682 1476 2244 1555">
    <p class='ocr_par' dir='ltr' id='par_1_15' title="bbox 682 1476 2244 1555">
     <span class='ocr_line' id='line_1_15' title="bbox 682 1476 2244 1555; baseline 0.008 -28"><span class='ocrx_word' id='word_1_93' title='bbox 682 1488 759 1537; x_wconf 85' lang='lat' dir='ltr'><strong>se,</strong></span> <span class='ocrx_word' id='word_1_94' title='bbox 799 1476 866 1529; x_wconf 89' lang='lat' dir='ltr'><strong>ab</strong></span> <span class='ocrx_word' id='word_1_95' title='bbox 898 1476 965 1530; x_wconf 89' lang='lat' dir='ltr'><strong>iis</strong></span> <span class='ocrx_word' id='word_1_96' title='bbox 1001 1477 1378 1531; x_wconf 83' lang='lat' dir='ltr'><strong>abstinendum</strong></span> <span class='ocrx_word' id='word_1_97' title='bbox 1417 1484 1655 1535; x_wconf 88' lang='lat' dir='ltr'><strong>monenti</strong></span> <span class='ocrx_word' id='word_1_98' title='bbox 1688 1500 1751 1536; x_wconf 90' lang='lat' dir='ltr'><strong>ac</strong></span> <span class='ocrx_word' id='word_1_99' title='bbox 1786 1486 2135 1555; x_wconf 62' lang='lat' dir='ltr'><strong>prmeipienti,</strong></span> <span class='ocrx_word' id='word_1_100' title='bbox 2162 1487 2244 1539; x_wconf 89' lang='lat' dir='ltr'><strong>di-</strong></span> 
     </span>
    </p>
   </div>
   <div class='ocr_carea' id='block_1_16' title="bbox 680 1568 2242 1644">
    <p class='ocr_par' dir='ltr' id='par_1_16' title="bbox 680 1568 2242 1644">
     <span class='ocr_line' id='line_1_16' title="bbox 680 1568 2242 1644; baseline 0.007 -25"><span class='ocrx_word' id='word_1_101' title='bbox 680 1574 768 1621; x_wconf 91' lang='lat' dir='ltr'><strong>cto</strong></span> <span class='ocrx_word' id='word_1_102' title='bbox 810 1568 1115 1621; x_wconf 84' lang='lat' dir='ltr'><strong>audientem</strong></span> <span class='ocrx_word' id='word_1_103' title='bbox 1175 1571 1450 1638; x_wconf 65' lang='lat' dir='ltr'><strong>prs-beat?</strong></span> <span class='ocrx_word' id='word_1_104' title='bbox 1508 1572 1722 1628; x_wconf 72' lang='lat' dir='ltr'><strong>Bt-fcret</strong></span> <span class='ocrx_word' id='word_1_105' title='bbox 1766 1578 1952 1644; x_wconf 89' lang='lat' dir='ltr'><strong>utique</strong></span> <span class='ocrx_word' id='word_1_106' title='bbox 1990 1577 2242 1630; x_wconf 45' lang='lat' dir='ltr'><strong>monitm&#39;i</strong></span> 
     </span>
    </p>
   </div>
   <div class='ocr_carea' id='block_1_17' title="bbox 680 1661 2245 1736">
    <p class='ocr_par' dir='ltr' id='par_1_17' title="bbox 680 1661 2245 1736">
     <span class='ocr_line' id='line_1_17' title="bbox 680 1661 2245 1736; baseline 0.007 -24"><span class='ocrx_word' id='word_1_107' title='bbox 680 1673 803 1721; x_wconf 85' lang='lat' dir='ltr'><strong>suo,</strong></span> <span class='ocrx_word' id='word_1_108' title='bbox 834 1661 1295 1727; x_wconf 83' lang='lat' dir='ltr'><strong>quemadmodum</strong></span> <span class='ocrx_word' id='word_1_109' title='bbox 1340 1666 1648 1730; x_wconf 89' lang='lat' dir='ltr'><strong>nonnullis,</strong></span> <span class='ocrx_word' id='word_1_110' title='bbox 1682 1668 1776 1735; x_wconf 91' lang='lat' dir='ltr'><strong>qui</strong></span> <span class='ocrx_word' id='word_1_111' title='bbox 1814 1668 2080 1736; x_wconf 88' lang='lat' dir='ltr'><strong>superiori</strong></span> <span class='ocrx_word' id='word_1_112' title='bbox 2127 1686 2245 1723; x_wconf 79' lang='lat' dir='ltr'><strong>me-</strong></span> 
     </span>
    </p>
   </div>
   <div class='ocr_carea' id='block_1_18' title="bbox 682 1749 2241 1823">
    <p class='ocr_par' dir='ltr' id='par_1_18' title="bbox 682 1749 2241 1823">
     <span class='ocr_line' id='line_1_18' title="bbox 682 1749 2241 1823; baseline 0.007 -21"><span class='ocrx_word' id='word_1_113' title='bbox 682 1749 855 1802; x_wconf 83' lang='lat' dir='ltr'><strong>moria</strong></span> <span class='ocrx_word' id='word_1_114' title='bbox 899 1749 1106 1814; x_wconf 78' lang='lat' dir='ltr'><strong>vixere,</strong></span> <span class='ocrx_word' id='word_1_115' title='bbox 1146 1752 1391 1822; x_wconf 80' lang='lat' dir='ltr'><strong>contigit,</strong></span> <span class='ocrx_word' id='word_1_116' title='bbox 1435 1756 1513 1809; x_wconf 78' lang='lat' dir='ltr'><strong>Ad</strong></span> <span class='ocrx_word' id='word_1_117' title='bbox 1549 1757 1679 1823; x_wconf 93' lang='lat' dir='ltr'><strong>quid</strong></span> <span class='ocrx_word' id='word_1_118' title='bbox 1713 1757 1825 1811; x_wconf 64' lang='lat' dir='ltr'><strong>haec</strong></span> <span class='ocrx_word' id='word_1_119' title='bbox 1866 1767 1919 1811; x_wconf 90' lang='lat' dir='ltr'><strong>tu</strong></span> <span class='ocrx_word' id='word_1_120' title='bbox 1957 1760 2089 1813; x_wconf 86' lang='lat' dir='ltr'><strong>mihi</strong></span> <span class='ocrx_word' id='word_1_121' title='bbox 2121 1776 2241 1813; x_wconf 89' lang='lat' dir='ltr'><strong>mo-</strong></span> 
     </span>
    </p>
   </div>
   <div class='ocr_carea' id='block_1_19' title="bbox 676 1832 2243 1917">
    <p class='ocr_par' dir='ltr' id='par_1_19' title="bbox 676 1832 2243 1917">
     <span class='ocr_line' id='line_1_19' title="bbox 676 1832 2243 1917; baseline 0.009 -25"><span class='ocrx_word' id='word_1_122' title='bbox 676 1838 818 1915; x_wconf 78' lang='lat' dir='ltr'><strong>nita,</strong></span> <span class='ocrx_word' id='word_1_123' title='bbox 852 1840 993 1894; x_wconf 86' lang='lat' dir='ltr'><strong>bone</strong></span> <span class='ocrx_word' id='word_1_124' title='bbox 1034 1842 1144 1894; x_wconf 86' lang='lat' dir='ltr'><strong>vir?</strong></span> <span class='ocrx_word' id='word_1_125' title='bbox 1183 1841 1292 1897; x_wconf 83' lang='lat' dir='ltr'><strong>Nec</strong></span> <span class='ocrx_word' id='word_1_126' title='bbox 1330 1846 1472 1899; x_wconf 89' lang='lat' dir='ltr'><strong>enim</strong></span> <span class='ocrx_word' id='word_1_127' title='bbox 1515 1848 1784 1917; x_wconf 83' lang='lat' dir='ltr'><strong>integrum</strong></span> <span class='ocrx_word' id='word_1_128' title='bbox 1825 1850 1959 1904; x_wconf 91' lang='lat' dir='ltr'><strong>mihi</strong></span> <span class='ocrx_word' id='word_1_129' title='bbox 1992 1832 2075 1906; x_wconf 76' lang='lat' dir='ltr'><strong>est</strong></span> <span class='ocrx_word' id='word_1_130' title='bbox 2104 1852 2243 1906; x_wconf 91' lang='lat' dir='ltr'><strong>hanc</strong></span> 
     </span>
    </p>
   </div>
   <div class='ocr_carea' id='block_1_20' title="bbox 2348 647 3930 729">
    <p class='ocr_par' dir='ltr' id='par_1_20' title="bbox 2348 647 3930 729">
     <span class='ocr_line' id='line_1_20' title="bbox 2348 647 3930 729; baseline -0.008 -18"><span class='ocrx_word' id='word_1_131' title='bbox 2348 659 2482 729; x_wconf 80' lang='grc' dir='ltr'>πρὸς</span> <span class='ocrx_word' id='word_1_132' title='bbox 2506 656 2596 710; x_wconf 83' lang='grc' dir='ltr'><strong>τὸν</strong></span> <span class='ocrx_word' id='word_1_133' title='bbox 2632 654 3002 715; x_wconf 74' lang='grc' dir='ltr'><strong>νουθετοῦντα,</strong></span> <span class='ocrx_word' id='word_1_134' title='bbox 3053 651 3126 714; x_wconf 84' lang='grc' dir='ltr'><strong>ὡς</strong></span> <span class='ocrx_word' id='word_1_135' title='bbox 3165 652 3257 703; x_wconf 65' lang='grc' dir='ltr'><strong>κα)⁵</strong></span> <span class='ocrx_word' id='word_1_136' title='bbox 3308 651 3414 703; x_wconf 82' lang='grc' dir='ltr'>τῶν</span> <span class='ocrx_word' id='word_1_137' title='bbox 3444 648 3549 720; x_wconf 80' lang='grc' dir='ltr'><strong>πρὸ</strong></span> <span class='ocrx_word' id='word_1_138' title='bbox 3582 647 3748 718; x_wconf 83' lang='grc' dir='ltr'>ήμῶν</span> <span class='ocrx_word' id='word_1_139' title='bbox 3781 663 3930 700; x_wconf 83' lang='grc' dir='ltr'>τισιν</span> 
     </span>
    </p>
   </div>
   <div class='ocr_carea' id='block_1_21' title="bbox 2343 739 3927 821">
    <p class='ocr_par' dir='ltr' id='par_1_21' title="bbox 2343 739 3927 821">
     <span class='ocr_line' id='line_1_21' title="bbox 2343 739 3927 821; baseline -0.008 -17"><span class='ocrx_word' id='word_1_140' title='bbox 2343 754 2573 821; x_wconf 80' lang='grc' dir='ltr'>εἷρηται’</span> <span class='ocrx_word' id='word_1_141' title='bbox 2596 748 2659 800; x_wconf 85' lang='grc' dir='ltr'>Τί</span> <span class='ocrx_word' id='word_1_142' title='bbox 2694 765 2782 816; x_wconf 88' lang='grc' dir='ltr'><strong>με,</strong></span> <span class='ocrx_word' id='word_1_143' title='bbox 2808 741 2852 799; x_wconf 81' lang='grc' dir='ltr'><strong>ὦ</strong></span> <span class='ocrx_word' id='word_1_144' title='bbox 2874 746 3142 817; x_wconf 78' lang='grc' dir='ltr'><strong>ἄνθρωπε,</strong></span> <span class='ocrx_word' id='word_1_145' title='bbox 3160 742 3655 806; x_wconf 74' lang='grc' dir='ltr'>νουθετεῖςςταῦτα</span> <span class='ocrx_word' id='word_1_146' title='bbox 3671 739 3791 811; x_wconf 74' lang='grc' dir='ltr'>γὰρ</span> <span class='ocrx_word' id='word_1_147' title='bbox 3809 739 3927 808; x_wconf 74' lang='lat'><strong>(55)</strong></span> 
     </span>
    </p>
   </div>
   <div class='ocr_carea' id='block_1_22' title="bbox 2344 833 3929 914">
    <p class='ocr_par' dir='ltr' id='par_1_22' title="bbox 2344 833 3929 914">
     <span class='ocr_line' id='line_1_22' title="bbox 2344 833 3929 914; baseline -0.009 -18"><span class='ocrx_word' id='word_1_148' title='bbox 2344 844 2404 896; x_wconf 90' lang='grc' dir='ltr'><strong>οὐ</strong></span> <span class='ocrx_word' id='word_1_149' title='bbox 2429 843 2600 914; x_wconf 85' lang='grc' dir='ltr'>δήπου</span> <span class='ocrx_word' id='word_1_150' title='bbox 2639 840 2784 891; x_wconf 75' lang='grc' dir='ltr'>ἐστὶν</span> <span class='ocrx_word' id='word_1_151' title='bbox 2814 839 2896 890; x_wconf 82' lang='grc' dir='ltr'>ἐπ’</span> <span class='ocrx_word' id='word_1_152' title='bbox 2922 838 3066 908; x_wconf 76' lang='grc' dir='ltr'>ἐμοὶ,</span> <span class='ocrx_word' id='word_1_153' title='bbox 3092 836 3153 888; x_wconf 80' lang='grc' dir='ltr'><strong>τὸ</strong></span> <span class='ocrx_word' id='word_1_154' title='bbox 3181 834 3532 906; x_wconf 86' lang='grc' dir='ltr'>μεταϐάλλειν</span> <span class='ocrx_word' id='word_1_155' title='bbox 3575 833 3677 903; x_wconf 78' lang='grc' dir='ltr'>τὴν</span> <span class='ocrx_word' id='word_1_156' title='bbox 3720 833 3929 903; x_wconf 82' lang='grc' dir='ltr'>προαί-</span> 
     </span>
    </p>
   </div>
   <div class='ocr_carea' id='block_1_23' title="bbox 2349 920 3931 1006">
    <p class='ocr_par' dir='ltr' id='par_1_23' title="bbox 2349 920 3931 1006">
     <span class='ocr_line' id='line_1_23' title="bbox 2349 920 3931 1006; baseline -0.008 -19"><span class='ocrx_word' id='word_1_157' title='bbox 2349 951 2515 1006; x_wconf 71' lang='grc' dir='ltr'>ρεσινο</span> <span class='ocrx_word' id='word_1_158' title='bbox 2572 932 2747 1003; x_wconf 80' lang='grc' dir='ltr'>ἡγὰρ</span> <span class='ocrx_word' id='word_1_159' title='bbox 2774 930 3077 1000; x_wconf 84' lang='grc' dir='ltr'><strong>εἱμαρμένη</strong></span> <span class='ocrx_word' id='word_1_160' title='bbox 3123 927 3542 999; x_wconf 79' lang='grc' dir='ltr'>προκατείληφε.</span> <span class='ocrx_word' id='word_1_161' title='bbox 3582 925 3649 977; x_wconf 87' lang='grc' dir='ltr'>Τί</span> <span class='ocrx_word' id='word_1_162' title='bbox 3693 920 3799 977; x_wconf 76' lang='grc' dir='ltr'>οὖν</span> <span class='ocrx_word' id='word_1_163' title='bbox 3845 923 3931 975; x_wconf 80' lang='grc' dir='ltr'><strong>δεῖ</strong></span> 
     </span>
    </p>
   </div>
   <div class='ocr_carea' id='block_1_24' title="bbox 2347 1018 3924 1093">
    <p class='ocr_par' dir='ltr' id='par_1_24' title="bbox 2347 1018 3924 1093">
     <span class='ocr_line' id='line_1_24' title="bbox 2347 1018 3924 1093; baseline -0.007 -15"><span class='ocrx_word' id='word_1_164' title='bbox 2347 1024 2694 1078; x_wconf 75' lang='grc' dir='ltr'><strong>συντετάσθαι</strong></span> <span class='ocrx_word' id='word_1_165' title='bbox 2723 1021 2859 1093; x_wconf 74' lang='grc' dir='ltr'>πρὸς</span> <span class='ocrx_word' id='word_1_166' title='bbox 2888 1021 2924 1074; x_wconf 79' lang='grc' dir='ltr'><strong>ἃ.</strong></span> <span class='ocrx_word' id='word_1_167' title='bbox 2944 1019 3064 1073; x_wconf 84' lang='grc' dir='ltr'>οὐδὲ</span> <span class='ocrx_word' id='word_1_168' title='bbox 3096 1018 3484 1090; x_wconf 81' lang='grc' dir='ltr'>προθυμεῖσθαι</span> <span class='ocrx_word' id='word_1_169' title='bbox 3510 1018 3843 1089; x_wconf 79' lang='grc' dir='ltr'>δυνήσομαι,</span> <span class='ocrx_word' id='word_1_170' title='bbox 3876 1018 3924 1067; x_wconf 83' lang='grc' dir='ltr'><strong>εἰ</strong></span> 
     </span>
    </p>
   </div>
   <div class='ocr_carea' id='block_1_25' title="bbox 2348 1108 3921 1187">
    <p class='ocr_par' dir='ltr' id='par_1_25' title="bbox 2348 1108 3921 1187">
     <span class='ocr_line' id='line_1_25' title="bbox 2348 1108 3921 1187; baseline -0.006 -17"><span class='ocrx_word' id='word_1_171' title='bbox 2348 1118 2423 1187; x_wconf 85' lang='grc' dir='ltr'>μὴ</span> <span class='ocrx_word' id='word_1_172' title='bbox 2458 1114 2729 1169; x_wconf 78' lang='grc' dir='ltr'>καὶτοῦτο</span> <span class='ocrx_word' id='word_1_173' title='bbox 2763 1112 3122 1183; x_wconf 84' lang='grc' dir='ltr'>καθείμαρταί</span> <span class='ocrx_word' id='word_1_174' title='bbox 3171 1128 3291 1181; x_wconf 87' lang='grc' dir='ltr'>μοι;</span> <span class='ocrx_word' id='word_1_175' title='bbox 3349 1110 3785 1180; x_wconf 80' lang='grc' dir='ltr'>Προθυμήσομαι</span> <span class='ocrx_word' id='word_1_176' title='bbox 3842 1108 3921 1168; x_wconf 66' lang='grc' dir='ltr'>δὲ,</span> 
     </span>
    </p>
   </div>
   <div class='ocr_carea' id='block_1_26' title="bbox 2344 1199 3924 1277">
    <p class='ocr_par' dir='ltr' id='par_1_26' title="bbox 2344 1199 3924 1277">
     <span class='ocr_line' id='line_1_26' title="bbox 2344 1199 3924 1277; baseline -0.007 -18"><span class='ocrx_word' id='word_1_177' title='bbox 2344 1209 2393 1259; x_wconf 86' lang='grc' dir='ltr'><strong>εἰ</strong></span> <span class='ocrx_word' id='word_1_178' title='bbox 2424 1208 2806 1277; x_wconf 78' lang='grc' dir='ltr'>καθείμαρται,</span> <span class='ocrx_word' id='word_1_179' title='bbox 2852 1204 2944 1256; x_wconf 80' lang='grc' dir='ltr'><strong>καὶ</strong></span> <span class='ocrx_word' id='word_1_180' title='bbox 2994 1202 3120 1256; x_wconf 77' lang='grc' dir='ltr'>ἄνευ</span> <span class='ocrx_word' id='word_1_181' title='bbox 3169 1204 3265 1271; x_wconf 79' lang='grc' dir='ltr'>τῆς</span> <span class='ocrx_word' id='word_1_182' title='bbox 3297 1202 3395 1269; x_wconf 77' lang='grc' dir='ltr'>σῆς</span> <span class='ocrx_word' id='word_1_183' title='bbox 3434 1200 3797 1260; x_wconf 77' lang='grc' dir='ltr'><strong>διδασκαλίας</strong></span> <span class='ocrx_word' id='word_1_184' title='bbox 3817 1199 3924 1249; x_wconf 75' lang='grc' dir='ltr'><strong>ὐπὸ</strong></span> 
     </span>
    </p>
   </div>
   <div class='ocr_carea' id='block_1_27' title="bbox 2343 1289 3920 1369">
    <p class='ocr_par' dir='ltr' id='par_1_27' title="bbox 2343 1289 3920 1369">
     <span class='ocr_line' id='line_1_27' title="bbox 2343 1289 3920 1369; baseline -0.006 -18"><span class='ocrx_word' id='word_1_185' title='bbox 2343 1299 2445 1367; x_wconf 79' lang='grc' dir='ltr'>τῆς</span> <span class='ocrx_word' id='word_1_186' title='bbox 2498 1297 2831 1369; x_wconf 79' lang='grc' dir='ltr'><strong>εἱμαρμένης</strong></span> <span class='ocrx_word' id='word_1_187' title='bbox 2882 1296 3164 1365; x_wconf 85' lang='grc' dir='ltr'>ἀγόμενος.</span> <span class='ocrx_word' id='word_1_188' title='bbox 3195 1293 3260 1346; x_wconf 85' lang='grc' dir='ltr'>Τί</span> <span class='ocrx_word' id='word_1_189' title='bbox 3308 1289 3403 1346; x_wconf 81' lang='grc' dir='ltr'><strong>οὖν</strong></span> <span class='ocrx_word' id='word_1_190' title='bbox 3461 1293 3637 1361; x_wconf 80' lang='grc' dir='ltr'>μάτην</span> <span class='ocrx_word' id='word_1_191' title='bbox 3684 1290 3920 1343; x_wconf 77' lang='grc' dir='ltr'>σεαυτὸν</span> 
     </span>
    </p>
   </div>
   <div class='ocr_carea' id='block_1_28' title="bbox 2345 1380 3916 1461">
    <p class='ocr_par' dir='ltr' id='par_1_28' title="bbox 2345 1380 3916 1461">
     <span class='ocr_line' id='line_1_28' title="bbox 2345 1380 3916 1461; baseline -0.007 -18"><span class='ocrx_word' id='word_1_192' title='bbox 2345 1392 2615 1461; x_wconf 76' lang='grc' dir='ltr'>ἐνοχλεῖςς</span> <span class='ocrx_word' id='word_1_193' title='bbox 2655 1388 2794 1440; x_wconf 79' lang='grc' dir='ltr'>Ἀλλ’</span> <span class='ocrx_word' id='word_1_194' title='bbox 2823 1390 2874 1459; x_wconf 63' lang='grc' dir='ltr'><strong>εἰ</strong></span> <span class='ocrx_word' id='word_1_195' title='bbox 2907 1387 2998 1439; x_wconf 79' lang='grc' dir='ltr'>καὶ</span> <span class='ocrx_word' id='word_1_196' title='bbox 3027 1387 3087 1442; x_wconf 79' lang='grc' dir='ltr'>τό</span> <span class='ocrx_word' id='word_1_197' title='bbox 3125 1403 3182 1437; x_wconf 88' lang='grc' dir='ltr'><strong>σε</strong></span> <span class='ocrx_word' id='word_1_198' title='bbox 3216 1386 3498 1455; x_wconf 77' lang='grc' dir='ltr'>παραινεῖν</span> <span class='ocrx_word' id='word_1_199' title='bbox 3698 1380 3803 1434; x_wconf 69' lang='grc' dir='ltr'>καὶ</span> <span class='ocrx_word' id='word_1_200' title='bbox 3838 1381 3916 1433; x_wconf 84' lang='grc' dir='ltr'>δι-</span> 
     </span>
    </p>
   </div>
   <div class='ocr_carea' id='block_1_29' title="bbox 2343 1472 3915 1549">
    <p class='ocr_par' dir='ltr' id='par_1_29' title="bbox 2343 1472 3915 1549">
     <span class='ocr_line' id='line_1_29' title="bbox 2343 1472 3915 1549; baseline -0.006 -16"><span class='ocrx_word' id='word_1_201' title='bbox 2343 1481 2559 1534; x_wconf 87' lang='grc' dir='ltr'>δάσκειν</span> <span class='ocrx_word' id='word_1_202' title='bbox 2589 1483 2779 1549; x_wconf 80' lang='grc' dir='ltr'>φήσεις</span> <span class='ocrx_word' id='word_1_203' title='bbox 2811 1480 2952 1533; x_wconf 84' lang='grc' dir='ltr'>κατὰ</span> <span class='ocrx_word' id='word_1_204' title='bbox 3010 1478 3252 1547; x_wconf 82' lang='grc' dir='ltr'>ἀνάγκην</span> <span class='ocrx_word' id='word_1_205' title='bbox 3316 1474 3675 1528; x_wconf 79' lang='grc' dir='ltr'><strong>ἐπιτελεῖσθαι</strong></span> <span class='ocrx_word' id='word_1_206' title='bbox 3732 1474 3818 1533; x_wconf 77' lang='grc' dir='ltr'><strong>εἰς</strong></span> <span class='ocrx_word' id='word_1_207' title='bbox 3856 1472 3915 1524; x_wconf 69' lang='grc' dir='ltr'><strong>τὸ</strong></span> 
     </span>
    </p>
   </div>
   <div class='ocr_carea' id='block_1_30' title="bbox 2346 1564 3913 1645">
    <p class='ocr_par' dir='ltr' id='par_1_30' title="bbox 2346 1564 3913 1645">
     <span class='ocr_line' id='line_1_30' title="bbox 2346 1564 3913 1645; baseline -0.008 -19"><span class='ocrx_word' id='word_1_208' title='bbox 2346 1576 2624 1645; x_wconf 84' lang='grc' dir='ltr'>παραινεῖν</span> <span class='ocrx_word' id='word_1_209' title='bbox 2658 1572 2751 1624; x_wconf 74' lang='grc' dir='ltr'>καὶ</span> <span class='ocrx_word' id='word_1_210' title='bbox 2795 1572 2998 1624; x_wconf 77' lang='grc' dir='ltr'>πείθειν</span> <span class='ocrx_word' id='word_1_211' title='bbox 3025 1571 3123 1640; x_wconf 81' lang='grc' dir='ltr'><strong>ἐμὲ</strong></span> <span class='ocrx_word' id='word_1_212' title='bbox 3147 1567 3386 1621; x_wconf 79' lang='grc' dir='ltr'>τοιαῦτα⁶</span> <span class='ocrx_word' id='word_1_213' title='bbox 3419 1565 3554 1618; x_wconf 72' lang='grc' dir='ltr'>ἀλλὰ</span> <span class='ocrx_word' id='word_1_214' title='bbox 3602 1566 3709 1617; x_wconf 79' lang='grc' dir='ltr'><strong>κάν</strong></span> 
     </span>
    </p>
   </div>
   <div class='ocr_carea' id='block_1_31' title="bbox 2342 1656 3907 1736">
    <p class='ocr_par' dir='ltr' id='par_1_31' title="bbox 2342 1656 3907 1736">
     <span class='ocr_line' id='line_1_31' title="bbox 2342 1656 3907 1736; baseline -0.005 -21"><span class='ocrx_word' id='word_1_215' title='bbox 2342 1665 2395 1715; x_wconf 86' lang='grc' dir='ltr'><strong>τί</strong></span> <span class='ocrx_word' id='word_1_216' title='bbox 2420 1665 2525 1736; x_wconf 81' lang='grc' dir='ltr'>χρὴ</span> <span class='ocrx_word' id='word_1_217' title='bbox 2552 1662 2901 1727; x_wconf 78' lang='grc' dir='ltr'>σπουδάζειν;</span> <span class='ocrx_word' id='word_1_218' title='bbox 2928 1662 3068 1733; x_wconf 80' lang='grc' dir='ltr'>ἀργὴ</span> <span class='ocrx_word' id='word_1_219' title='bbox 3096 1660 3202 1731; x_wconf 86' lang='grc' dir='ltr'><strong>γὰρ</strong></span> <span class='ocrx_word' id='word_1_220' title='bbox 3230 1661 3322 1712; x_wconf 74' lang='grc' dir='ltr'><strong>καὶ</strong></span> <span class='ocrx_word' id='word_1_221' title='bbox 3343 1658 3627 1728; x_wconf 79' lang='grc' dir='ltr'>ἀνωφελὴς</span> <span class='ocrx_word' id='word_1_222' title='bbox 3656 1659 3692 1726; x_wconf 86' lang='grc' dir='ltr'><strong>ἡ</strong></span> <span class='ocrx_word' id='word_1_223' title='bbox 3722 1656 3907 1726; x_wconf 78' lang='grc' dir='ltr'>παραί-</span> 
     </span>
    </p>
   </div>
   <div class='ocr_carea' id='block_1_32' title="bbox 2344 1746 3899 1825">
    <p class='ocr_par' dir='ltr' id='par_1_32' title="bbox 2344 1746 3899 1825">
     <span class='ocr_line' id='line_1_32' title="bbox 2344 1746 3899 1825; baseline 0.005 -18"><span class='ocrx_word' id='word_1_224' title='bbox 2344 1772 2512 1818; x_wconf 85' lang='grc' dir='ltr'>νεσις.</span> <span class='ocrx_word' id='word_1_225' title='bbox 2544 1756 2605 1807; x_wconf 83' lang='grc' dir='ltr'>Εἰ</span> <span class='ocrx_word' id='word_1_226' title='bbox 2632 1756 2739 1825; x_wconf 73' lang='grc' dir='ltr'><strong>γὰρ</strong></span> <span class='ocrx_word' id='word_1_227' title='bbox 2760 1753 3013 1823; x_wconf 83' lang='grc' dir='ltr'>εἴμαρταί</span> <span class='ocrx_word' id='word_1_228' title='bbox 3069 1767 3179 1820; x_wconf 78' lang='grc' dir='ltr'>μοι,</span> <span class='ocrx_word' id='word_1_229' title='bbox 3221 1749 3577 1818; x_wconf 62' lang='grc' dir='ltr'>φάοτωνῇω·</span> <span class='ocrx_word' id='word_1_230' title='bbox 3616 1748 3667 1798; x_wconf 67' lang='grc' dir='ltr'>εί</span> <span class='ocrx_word' id='word_1_231' title='bbox 3730 1746 3789 1798; x_wconf 67' lang='grc' dir='ltr'><strong>δὲ</strong></span> <span class='ocrx_word' id='word_1_232' title='bbox 3832 1747 3899 1815; x_wconf 52' lang='grc' dir='ltr'><strong>μή</strong></span> 
     </span>
    </p>
   </div>
   <div class='ocr_carea' id='block_1_33' title="bbox 2342 1835 3892 1915">
    <p class='ocr_par' dir='ltr' id='par_1_33' title="bbox 2342 1835 3892 1915">
     <span class='ocr_line' id='line_1_33' title="bbox 2342 1835 3892 1915; baseline -0.006 -18"><span class='ocrx_word' id='word_1_233' title='bbox 2342 1845 2617 1915; x_wconf 77' lang='grc' dir='ltr'>εἵμαρται,</span> <span class='ocrx_word' id='word_1_234' title='bbox 2644 1844 2875 1915; x_wconf 85' lang='grc' dir='ltr'>ματαίαν</span> <span class='ocrx_word' id='word_1_235' title='bbox 2897 1840 3160 1894; x_wconf 85' lang='grc' dir='ltr'>ποιεῖσθαι</span> <span class='ocrx_word' id='word_1_236' title='bbox 3185 1841 3282 1911; x_wconf 82' lang='grc' dir='ltr'><strong>τὴν</strong></span> <span class='ocrx_word' id='word_1_237' title='bbox 3306 1838 3536 1907; x_wconf 81' lang='grc' dir='ltr'>σπουδὴν</span> <span class='ocrx_word' id='word_1_238' title='bbox 3555 1835 3892 1907; x_wconf 67' lang='grc' dir='ltr'>ἀμφ’πέρους</span> 
     </span>
    </p>
   </div>
   <div class='ocr_carea' id='block_1_34' title="bbox 681 1925 2233 2007">
    <p class='ocr_par' dir='ltr' id='par_1_34' title="bbox 681 1931 2233 2007">
     <span class='ocr_line' id='line_1_34' title="bbox 681 1931 2233 2007; baseline 0.008 -26"><span class='ocrx_word' id='word_1_239' title='bbox 681 1936 915 1983; x_wconf 86' lang='lat' dir='ltr'><strong>mentem</strong></span> <span class='ocrx_word' id='word_1_240' title='bbox 951 1931 1345 2001; x_wconf 90' lang='lat' dir='ltr'><strong>consiliumque</strong></span> <span class='ocrx_word' id='word_1_241' title='bbox 1390 1943 1622 1999; x_wconf 88' lang='lat' dir='ltr'><strong>mutare,</strong></span> <span class='ocrx_word' id='word_1_242' title='bbox 1671 1940 1889 2007; x_wconf 90' lang='lat' dir='ltr'><strong>quando</strong></span> <span class='ocrx_word' id='word_1_243' title='bbox 1914 1940 2027 2005; x_wconf 88' lang='lat' dir='ltr'><strong>jam</strong></span> <span class='ocrx_word' id='word_1_244' title='bbox 2069 1940 2233 1993; x_wconf 89' lang='lat' dir='ltr'><strong>fatum</strong></span> 
     </span>
    </p>
   </div>
   <div class='ocr_carea' id='block_1_35' title="bbox 2334 1925 3879 2007">
    <p class='ocr_par' dir='ltr' id='par_1_35' title="bbox 2344 1925 3879 2006">
     <span class='ocr_line' id='line_1_35' title="bbox 2344 1925 3879 2006; baseline -0.007 -18"><span class='ocrx_word' id='word_1_245' title='bbox 2344 1935 2695 2006; x_wconf 83' lang='grc' dir='ltr'>συμϐήσεται.</span> <span class='ocrx_word' id='word_1_246' title='bbox 2725 1934 2847 1997; x_wconf 85' lang='grc' dir='ltr'><strong>Πῶς</strong></span> <span class='ocrx_word' id='word_1_247' title='bbox 2872 1935 2928 1987; x_wconf 80' lang='grc' dir='ltr'><strong>δὲ</strong></span> <span class='ocrx_word' id='word_1_248' title='bbox 2960 1934 3042 1996; x_wconf 90' lang='grc' dir='ltr'><strong>οὐ,</strong></span> <span class='ocrx_word' id='word_1_249' title='bbox 3072 1932 3267 2003; x_wconf 81' lang='grc' dir='ltr'>μᾶλλον</span> <span class='ocrx_word' id='word_1_250' title='bbox 3305 1925 3738 2000; x_wconf 72' lang='grc' dir='ltr'>ἀπορραθυμῶν,</span> <span class='ocrx_word' id='word_1_251' title='bbox 3761 1926 3879 1978; x_wconf 65' lang='grc' dir='ltr'>εἴποι</span> 
     </span>
    </p>
   </div>
   <div class='ocr_carea' id='block_1_36' title="bbox 680 2022 2242 2095">
    <p class='ocr_par' dir='ltr' id='par_1_36' title="bbox 680 2022 2242 2095">
     <span class='ocr_line' id='line_1_36' title="bbox 680 2022 2242 2095; baseline 0.008 -20"><span class='ocrx_word' id='word_1_252' title='bbox 680 2023 985 2091; x_wconf 79' lang='lat' dir='ltr'><strong>occupavit.</strong></span> <span class='ocrx_word' id='word_1_253' title='bbox 1014 2022 1153 2088; x_wconf 86' lang='lat' dir='ltr'><strong>Quid</strong></span> <span class='ocrx_word' id='word_1_254' title='bbox 1180 2041 1266 2079; x_wconf 89' lang='lat' dir='ltr'><strong>me</strong></span> <span class='ocrx_word' id='word_1_255' title='bbox 1295 2041 1457 2094; x_wconf 89' lang='lat' dir='ltr'><strong>porro</strong></span> <span class='ocrx_word' id='word_1_256' title='bbox 1486 2026 1639 2095; x_wconf 85' lang='lat' dir='ltr'><strong>juvet</strong></span> <span class='ocrx_word' id='word_1_257' title='bbox 1665 2031 2013 2095; x_wconf 89' lang='lat' dir='ltr'><strong>contendere,</strong></span> <span class='ocrx_word' id='word_1_258' title='bbox 2050 2031 2141 2086; x_wconf 89' lang='lat' dir='ltr'><strong>ubi</strong></span> <span class='ocrx_word' id='word_1_259' title='bbox 2174 2049 2242 2088; x_wconf 87' lang='lat' dir='ltr'><strong>ne</strong></span> 
     </span>
    </p>
   </div>
   <div class='ocr_carea' id='block_1_37' title="bbox 679 2112 2238 2191">
    <p class='ocr_par' dir='ltr' id='par_1_37' title="bbox 679 2112 2238 2191">
     <span class='ocr_line' id='line_1_37' title="bbox 679 2112 2238 2191; baseline 0.007 -25"><span class='ocrx_word' id='word_1_260' title='bbox 679 2112 903 2182; x_wconf 81' lang='lat' dir='ltr'><strong>optandi</strong></span> <span class='ocrx_word' id='word_1_261' title='bbox 932 2115 1152 2182; x_wconf 84' lang='lat' dir='ltr'><strong>quidem</strong></span> <span class='ocrx_word' id='word_1_262' title='bbox 1187 2115 1420 2171; x_wconf 78' lang='lat' dir='ltr'><strong>facultas</strong></span> <span class='ocrx_word' id='word_1_263' title='bbox 1455 2120 1849 2189; x_wconf 85' lang='lat' dir='ltr'><strong>arbitriumque</strong></span> <span class='ocrx_word' id='word_1_264' title='bbox 1882 2123 2238 2191; x_wconf 88' lang='lat' dir='ltr'><strong>relinquatur,</strong></span> 
     </span>
    </p>
   </div>
   <div class='ocr_carea' id='block_1_38' title="bbox 680 2202 2238 2279">
    <p class='ocr_par' dir='ltr' id='par_1_38' title="bbox 680 2202 2238 2279">
     <span class='ocr_line' id='line_1_38' title="bbox 680 2202 2238 2279; baseline 0.007 -24"><span class='ocrx_word' id='word_1_265' title='bbox 680 2202 787 2256; x_wconf 89' lang='lat' dir='ltr'><strong>nisi</strong></span> <span class='ocrx_word' id='word_1_266' title='bbox 821 2213 1011 2271; x_wconf 88' lang='lat' dir='ltr'><strong>optare</strong></span> <span class='ocrx_word' id='word_1_267' title='bbox 1041 2202 1214 2257; x_wconf 89' lang='lat' dir='ltr'><strong>fatum</strong></span> <span class='ocrx_word' id='word_1_268' title='bbox 1248 2221 1466 2275; x_wconf 91' lang='lat' dir='ltr'><strong>quoque</strong></span> <span class='ocrx_word' id='word_1_269' title='bbox 1492 2209 1627 2261; x_wconf 85' lang='lat' dir='ltr'><strong>mihi</strong></span> <span class='ocrx_word' id='word_1_270' title='bbox 1659 2209 1754 2263; x_wconf 88' lang='lat' dir='ltr'><strong>sit?</strong></span> <span class='ocrx_word' id='word_1_271' title='bbox 1784 2209 1995 2279; x_wconf 87' lang='lat' dir='ltr'><strong>Optaho</strong></span> <span class='ocrx_word' id='word_1_272' title='bbox 2024 2228 2153 2266; x_wconf 79' lang='lat' dir='ltr'><strong>vero</strong></span> <span class='ocrx_word' id='word_1_273' title='bbox 2191 2214 2238 2268; x_wconf 82' lang='lat' dir='ltr'><strong>si</strong></span> 
     </span>
    </p>
   </div>
   <div class='ocr_carea' id='block_1_39' title="bbox 677 2290 2239 2373">
    <p class='ocr_par' dir='ltr' id='par_1_39' title="bbox 677 2290 2239 2373">
     <span class='ocr_line' id='line_1_39' title="bbox 677 2290 2239 2373; baseline 0.009 -28"><span class='ocrx_word' id='word_1_274' title='bbox 677 2290 846 2346; x_wconf 91' lang='lat' dir='ltr'><strong>fatum</strong></span> <span class='ocrx_word' id='word_1_275' title='bbox 892 2294 1015 2358; x_wconf 86' lang='lat' dir='ltr'><strong>erit,</strong></span> <span class='ocrx_word' id='word_1_276' title='bbox 1058 2304 1118 2348; x_wconf 90' lang='lat' dir='ltr'><strong>ut</strong></span> <span class='ocrx_word' id='word_1_277' title='bbox 1163 2296 1298 2349; x_wconf 83' lang='lat' dir='ltr'><strong>nihil</strong></span> <span class='ocrx_word' id='word_1_278' title='bbox 1339 2298 1640 2368; x_wconf 66' lang='lat' dir='ltr'><strong>prmeipias,</strong></span> <span class='ocrx_word' id='word_1_279' title='bbox 1681 2300 1843 2373; x_wconf 63' lang='grc'><strong>244</strong></span> <span class='ocrx_word' id='word_1_280' title='bbox 1886 2302 2114 2370; x_wconf 85' lang='lat' dir='ltr'><strong>ip‘samet</strong></span> <span class='ocrx_word' id='word_1_281' title='bbox 2145 2304 2239 2359; x_wconf 91' lang='lat' dir='ltr'><strong>fati</strong></span> 
     </span>
    </p>
   </div>
   <div class='ocr_carea' id='block_1_40' title="bbox 678 2384 2240 2463">
    <p class='ocr_par' dir='ltr' id='par_1_40' title="bbox 678 2384 2240 2463">
     <span class='ocr_line' id='line_1_40' title="bbox 678 2384 2240 2463; baseline 0.01 -29"><span class='ocrx_word' id='word_1_282' title='bbox 678 2384 1001 2439; x_wconf 76' lang='lat' dir='ltr'><strong>necessitate</strong></span> <span class='ocrx_word' id='word_1_283' title='bbox 1029 2385 1275 2440; x_wconf 80' lang='lat' dir='ltr'><strong>adactus.</strong></span> <span class='ocrx_word' id='word_1_284' title='bbox 1312 2387 1420 2441; x_wconf 73' lang='lat' dir='ltr'><strong>(Zur</strong></span> <span class='ocrx_word' id='word_1_285' title='bbox 1448 2404 1578 2458; x_wconf 87' lang='lat' dir='ltr'><strong>ergo</strong></span> <span class='ocrx_word' id='word_1_286' title='bbox 1605 2389 1809 2445; x_wconf 82' lang='lat' dir='ltr'><strong>frustra</strong></span> <span class='ocrx_word' id='word_1_287' title='bbox 1842 2395 2103 2448; x_wconf 90' lang='lat' dir='ltr'><strong>molestus</strong></span> <span class='ocrx_word' id='word_1_288' title='bbox 2126 2395 2240 2463; x_wconf 88' lang='lat' dir='ltr'><strong>ipse</strong></span> 
     </span>
    </p>
   </div>
   <div class='ocr_carea' id='block_1_41' title="bbox 678 2472 2239 2552">
    <p class='ocr_par' dir='ltr' id='par_1_41' title="bbox 678 2472 2239 2552">
     <span class='ocr_line' id='line_1_41' title="bbox 678 2472 2239 2552; baseline 0.008 -27"><span class='ocrx_word' id='word_1_289' title='bbox 678 2472 772 2527; x_wconf 85' lang='lat' dir='ltr'><strong>tibi</strong></span> <span class='ocrx_word' id='word_1_290' title='bbox 801 2475 902 2529; x_wconf 73' lang='lat' dir='ltr'><strong>es?</strong></span> <span class='ocrx_word' id='word_1_291' title='bbox 930 2473 1094 2544; x_wconf 87' lang='lat' dir='ltr'><strong>Urget</strong></span> <span class='ocrx_word' id='word_1_292' title='bbox 1116 2477 1373 2531; x_wconf 90' lang='lat' dir='ltr'><strong>nimirum</strong></span> <span class='ocrx_word' id='word_1_293' title='bbox 1407 2481 1596 2533; x_wconf 88' lang='lat' dir='ltr'><strong>eadem</strong></span> <span class='ocrx_word' id='word_1_294' title='bbox 1633 2490 1685 2534; x_wconf 90' lang='lat' dir='ltr'><strong>te</strong></span> <span class='ocrx_word' id='word_1_295' title='bbox 1716 2483 2034 2547; x_wconf 88' lang='lat' dir='ltr'><strong>necessitas,</strong></span> <span class='ocrx_word' id='word_1_296' title='bbox 2077 2494 2239 2552; x_wconf 91' lang='lat' dir='ltr'><strong>atque</strong></span> 
     </span>
    </p>
   </div>
   <div class='ocr_carea' id='block_1_42' title="bbox 678 2564 2236 2642">
    <p class='ocr_par' dir='ltr' id='par_1_42' title="bbox 678 2564 2236 2642">
     <span class='ocr_line' id='line_1_42' title="bbox 678 2564 2236 2642; baseline 0.007 -25"><span class='ocrx_word' id='word_1_297' title='bbox 678 2571 737 2617; x_wconf 89' lang='lat' dir='ltr'><strong>ut</strong></span> <span class='ocrx_word' id='word_1_298' title='bbox 784 2564 889 2619; x_wconf 82' lang='lat' dir='ltr'><strong>ista</strong></span> <span class='ocrx_word' id='word_1_299' title='bbox 925 2566 1059 2623; x_wconf 87' lang='lat' dir='ltr'><strong>mihi</strong></span> <span class='ocrx_word' id='word_1_300' title='bbox 1109 2568 1362 2631; x_wconf 83' lang='lat' dir='ltr'><strong>suadeas,</strong></span> <span class='ocrx_word' id='word_1_301' title='bbox 1414 2571 1638 2624; x_wconf 89' lang='lat' dir='ltr'><strong>omnino</strong></span> <span class='ocrx_word' id='word_1_302' title='bbox 1680 2572 1843 2640; x_wconf 79' lang='lat' dir='ltr'><strong>cogit.</strong></span> <span class='ocrx_word' id='word_1_303' title='bbox 1876 2573 1947 2625; x_wconf 84' lang='lat' dir='ltr'><strong>At</strong></span> <span class='ocrx_word' id='word_1_304' title='bbox 1975 2589 2236 2642; x_wconf 90' lang='lat' dir='ltr'><strong>quorsum</strong></span> 
     </span>
    </p>
   </div>
   <div class='ocr_carea' id='block_1_43' title="bbox 676 2654 2238 2733">
    <p class='ocr_par' dir='ltr' id='par_1_43' title="bbox 676 2654 2238 2733">
     <span class='ocr_line' id='line_1_43' title="bbox 676 2654 2238 2733; baseline 0.008 -25"><span class='ocrx_word' id='word_1_305' title='bbox 676 2654 779 2709; x_wconf 88' lang='lat' dir='ltr'><strong>hac</strong></span> <span class='ocrx_word' id='word_1_306' title='bbox 819 2657 874 2710; x_wconf 92' lang='lat' dir='ltr'><strong>in</strong></span> <span class='ocrx_word' id='word_1_307' title='bbox 926 2672 986 2711; x_wconf 89' lang='lat' dir='ltr'><strong>re</strong></span> <span class='ocrx_word' id='word_1_308' title='bbox 1023 2665 1233 2711; x_wconf 89' lang='lat' dir='ltr'><strong>tantum</strong></span> <span class='ocrx_word' id='word_1_309' title='bbox 1274 2661 1475 2713; x_wconf 90' lang='lat' dir='ltr'><strong>studii?</strong></span> <span class='ocrx_word' id='word_1_310' title='bbox 1506 2660 1674 2716; x_wconf 87' lang='lat' dir='ltr'><strong>Cassa</strong></span> <span class='ocrx_word' id='word_1_311' title='bbox 1706 2665 1906 2733; x_wconf 89' lang='lat' dir='ltr'><strong>quippe</strong></span> <span class='ocrx_word' id='word_1_312' title='bbox 1943 2673 1997 2718; x_wconf 90' lang='lat' dir='ltr'><strong>et</strong></span> <span class='ocrx_word' id='word_1_313' title='bbox 2028 2665 2238 2721; x_wconf 89' lang='lat' dir='ltr'><strong>inutilis</strong></span> 
     </span>
    </p>
   </div>
   <div class='ocr_carea' id='block_1_44' title="bbox 673 2749 2237 2824">
    <p class='ocr_par' dir='ltr' id='par_1_44' title="bbox 673 2749 2237 2824">
     <span class='ocr_line' id='line_1_44' title="bbox 673 2749 2237 2824; baseline 0.006 -22"><span class='ocrx_word' id='word_1_314' title='bbox 673 2749 981 2804; x_wconf 82' lang='lat' dir='ltr'><strong>cohortatio</strong></span> <span class='ocrx_word' id='word_1_315' title='bbox 1010 2760 1099 2804; x_wconf 89' lang='lat' dir='ltr'><strong>tua</strong></span> <span class='ocrx_word' id='word_1_316' title='bbox 1131 2758 1233 2804; x_wconf 90' lang='lat' dir='ltr'><strong>est.</strong></span> <span class='ocrx_word' id='word_1_317' title='bbox 1268 2750 1403 2806; x_wconf 87' lang='lat' dir='ltr'><strong>Nam</strong></span> <span class='ocrx_word' id='word_1_318' title='bbox 1434 2754 1487 2807; x_wconf 91' lang='lat' dir='ltr'><strong>in</strong></span> <span class='ocrx_word' id='word_1_319' title='bbox 1524 2770 1639 2808; x_wconf 86' lang='lat' dir='ltr'><strong>rem</strong></span> <span class='ocrx_word' id='word_1_320' title='bbox 1677 2755 1905 2824; x_wconf 88' lang='lat' dir='ltr'><strong>ipsemet</strong></span> <span class='ocrx_word' id='word_1_321' title='bbox 1929 2756 2237 2812; x_wconf 88' lang='lat' dir='ltr'><strong>incumbam</strong></span> 
     </span>
    </p>
   </div>
   <div class='ocr_carea' id='block_1_45' title="bbox 672 2839 2239 2912">
    <p class='ocr_par' dir='ltr' id='par_1_45' title="bbox 672 2839 2239 2912">
     <span class='ocr_line' id='line_1_45' title="bbox 672 2839 2239 2912; baseline 0.008 -20"><span class='ocrx_word' id='word_1_322' title='bbox 672 2839 837 2903; x_wconf 89' lang='lat' dir='ltr'><strong>ultro,</strong></span> <span class='ocrx_word' id='word_1_323' title='bbox 866 2842 912 2896; x_wconf 92' lang='lat' dir='ltr'><strong>si</strong></span> <span class='ocrx_word' id='word_1_324' title='bbox 959 2841 1131 2898; x_wconf 86' lang='lat' dir='ltr'><strong>fatum</strong></span> <span class='ocrx_word' id='word_1_325' title='bbox 1167 2846 1300 2912; x_wconf 87' lang='lat' dir='ltr'><strong>erit;</strong></span> <span class='ocrx_word' id='word_1_326' title='bbox 1349 2847 1433 2899; x_wconf 90' lang='lat' dir='ltr'><strong>sin</strong></span> <span class='ocrx_word' id='word_1_327' title='bbox 1462 2856 1663 2912; x_wconf 89' lang='lat' dir='ltr'><strong>autem,</strong></span> <span class='ocrx_word' id='word_1_328' title='bbox 1707 2849 1884 2903; x_wconf 86' lang='lat' dir='ltr'><strong>inanis</strong></span> <span class='ocrx_word' id='word_1_329' title='bbox 1914 2860 1999 2903; x_wconf 90' lang='lat' dir='ltr'><strong>est</strong></span> <span class='ocrx_word' id='word_1_330' title='bbox 2041 2851 2239 2904; x_wconf 58' lang='lat' dir='ltr'><strong>utrius.</strong></span> 
     </span>
    </p>
   </div>
   <div class='ocr_carea' id='block_1_46' title="bbox 669 2935 2237 3007">
    <p class='ocr_par' dir='ltr' id='par_1_46' title="bbox 669 2935 2237 3007">
     <span class='ocr_line' id='line_1_46' title="bbox 669 2935 2237 3007; baseline 0.004 -22"><span class='ocrx_word' id='word_1_331' title='bbox 669 2946 780 2999; x_wconf 87' lang='lat' dir='ltr'><strong>que</strong></span> <span class='ocrx_word' id='word_1_332' title='bbox 810 2936 1108 2988; x_wconf 86' lang='lat' dir='ltr'><strong>contentio.</strong></span> <span class='ocrx_word' id='word_1_333' title='bbox 1142 2935 1341 3001; x_wconf 87' lang='lat' dir='ltr'><strong>Quidni</strong></span> <span class='ocrx_word' id='word_1_334' title='bbox 1372 2944 1575 3000; x_wconf 86' lang='lat' dir='ltr'><strong>autem,</strong></span> <span class='ocrx_word' id='word_1_335' title='bbox 1608 2936 1878 2991; x_wconf 83' lang='lat' dir='ltr'><strong>dissoluto</strong></span> <span class='ocrx_word' id='word_1_336' title='bbox 1911 2940 2092 3007; x_wconf 92' lang='lat' dir='ltr'><strong>potius</strong></span> <span class='ocrx_word' id='word_1_337' title='bbox 2118 2940 2237 2991; x_wconf 88' lang='lat' dir='ltr'><strong>ani-</strong></span> 
     </span>
    </p>
   </div>
   <div class='ocr_carea' id='block_1_47' title="bbox 671 3023 2235 3097">
    <p class='ocr_par' dir='ltr' id='par_1_47' title="bbox 671 3023 2235 3097">
     <span class='ocr_line' id='line_1_47' title="bbox 671 3023 2235 3097; baseline 0.006 -22"><span class='ocrx_word' id='word_1_338' title='bbox 671 3037 783 3087; x_wconf 84' lang='lat' dir='ltr'><strong>mo,</strong></span> <span class='ocrx_word' id='word_1_339' title='bbox 816 3023 911 3092; x_wconf 90' lang='lat' dir='ltr'><strong>qui</strong></span> <span class='ocrx_word' id='word_1_340' title='bbox 955 3024 1057 3079; x_wconf 92' lang='lat' dir='ltr'><strong>hac</strong></span> <span class='ocrx_word' id='word_1_341' title='bbox 1088 3028 1252 3081; x_wconf 86' lang='lat' dir='ltr'><strong>semel</strong></span> <span class='ocrx_word' id='word_1_342' title='bbox 1294 3028 1533 3082; x_wconf 90' lang='lat' dir='ltr'><strong>imbutus</strong></span> <span class='ocrx_word' id='word_1_343' title='bbox 1562 3030 1819 3097; x_wconf 90' lang='lat' dir='ltr'><strong>opinione</strong></span> <span class='ocrx_word' id='word_1_344' title='bbox 1867 3031 1957 3094; x_wconf 86' lang='lat' dir='ltr'><strong>sit,</strong></span> <span class='ocrx_word' id='word_1_345' title='bbox 2000 3032 2144 3086; x_wconf 88' lang='lat' dir='ltr'><strong>hunc</strong></span> <span class='ocrx_word' id='word_1_346' title='bbox 2178 3031 2235 3085; x_wconf 90' lang='lat' dir='ltr'><strong>in</strong></span> 
     </span>
    </p>
   </div>
   <div class='ocr_carea' id='block_1_48' title="bbox 672 3114 2235 3188">
    <p class='ocr_par' dir='ltr' id='par_1_48' title="bbox 672 3114 2235 3188">
     <span class='ocr_line' id='line_1_48' title="bbox 672 3114 2235 3188; baseline 0.007 -21"><span class='ocrx_word' id='word_1_347' title='bbox 672 3114 891 3170; x_wconf 87' lang='lat' dir='ltr'><strong>modum</strong></span> <span class='ocrx_word' id='word_1_348' title='bbox 924 3117 1177 3187; x_wconf 87' lang='lat' dir='ltr'><strong>loquatur</strong></span> <span class='ocrx_word' id='word_1_349' title='bbox 1204 3122 1316 3188; x_wconf 86' lang='lat' dir='ltr'><strong>ipse</strong></span> <span class='ocrx_word' id='word_1_350' title='bbox 1347 3136 1529 3175; x_wconf 89' lang='lat' dir='ltr'><strong>secum</strong></span> <span class='ocrx_word' id='word_1_351' title='bbox 1556 3142 1567 3175; x_wconf 89' lang='lat'><strong>:</strong></span> <span class='ocrx_word' id='word_1_352' title='bbox 1594 3121 1723 3175; x_wconf 81' lang='lat' dir='ltr'><strong>Mihi</strong></span> <span class='ocrx_word' id='word_1_353' title='bbox 1750 3138 1881 3176; x_wconf 88' lang='lat' dir='ltr'><strong>vero</strong></span> <span class='ocrx_word' id='word_1_354' title='bbox 1914 3134 2120 3178; x_wconf 91' lang='lat' dir='ltr'><strong>certum</strong></span> <span class='ocrx_word' id='word_1_355' title='bbox 2151 3133 2235 3179; x_wconf 89' lang='lat' dir='ltr'><strong>est</strong></span> 
     </span>
    </p>
   </div>
   <div class='ocr_carea' id='block_1_49' title="bbox 670 3208 2229 3282">
    <p class='ocr_par' dir='ltr' id='par_1_49' title="bbox 670 3208 2229 3282">
     <span class='ocr_line' id='line_1_49' title="bbox 670 3208 2229 3282; baseline 0.008 -22"><span class='ocrx_word' id='word_1_356' title='bbox 670 3208 843 3262; x_wconf 88' lang='lat' dir='ltr'><strong>labori</strong></span> <span class='ocrx_word' id='word_1_357' title='bbox 875 3225 1117 3278; x_wconf 87' lang='lat' dir='ltr'><strong>parcere,</strong></span> <span class='ocrx_word' id='word_1_358' title='bbox 1152 3214 1469 3282; x_wconf 90' lang='lat' dir='ltr'><strong>nullamque</strong></span> <span class='ocrx_word' id='word_1_359' title='bbox 1496 3215 1631 3268; x_wconf 90' lang='lat' dir='ltr'><strong>mihi</strong></span> <span class='ocrx_word' id='word_1_360' title='bbox 1684 3213 1885 3269; x_wconf 84' lang='lat' dir='ltr'><strong>frustra</strong></span> <span class='ocrx_word' id='word_1_361' title='bbox 1928 3218 2229 3272; x_wconf 88' lang='lat' dir='ltr'><strong>molestiam</strong></span> 
     </span>
    </p>
   </div>
   <div class='ocr_carea' id='block_1_50' title="bbox 670 3300 2228 3375">
    <p class='ocr_par' dir='ltr' id='par_1_50' title="bbox 670 3300 2228 3375">
     <span class='ocr_line' id='line_1_50' title="bbox 670 3300 2228 3375; baseline 0.007 -23"><span class='ocrx_word' id='word_1_362' title='bbox 670 3300 968 3368; x_wconf 86' lang='lat' dir='ltr'><strong>facessere;</strong></span> <span class='ocrx_word' id='word_1_363' title='bbox 1003 3305 1309 3358; x_wconf 85' lang='lat' dir='ltr'><strong>necessario</strong></span> <span class='ocrx_word' id='word_1_364' title='bbox 1348 3306 1516 3370; x_wconf 89' lang='lat' dir='ltr'><strong>enim,</strong></span> <span class='ocrx_word' id='word_1_365' title='bbox 1553 3305 1815 3375; x_wconf 88' lang='lat' dir='ltr'><strong>quidquid</strong></span> <span class='ocrx_word' id='word_1_366' title='bbox 1854 3308 1910 3362; x_wconf 91' lang='lat' dir='ltr'><strong>in</strong></span> <span class='ocrx_word' id='word_1_367' title='bbox 1952 3308 2076 3366; x_wconf 88' lang='lat' dir='ltr'><strong>fatis</strong></span> <span class='ocrx_word' id='word_1_368' title='bbox 2107 3312 2228 3374; x_wconf 84' lang='lat' dir='ltr'><strong>erit,</strong></span> 
     </span>
    </p>
   </div>
   <div class='ocr_carea' id='block_1_51' title="bbox 668 3394 2230 3469">
    <p class='ocr_par' dir='ltr' id='par_1_51' title="bbox 668 3394 2230 3469">
     <span class='ocr_line' id='line_1_51' title="bbox 668 3394 2230 3469; baseline 0.008 -22"><span class='ocrx_word' id='word_1_369' title='bbox 668 3394 900 3447; x_wconf 81' lang='lat' dir='ltr'><strong>eveniet.</strong></span> <span class='ocrx_word' id='word_1_370' title='bbox 932 3395 1001 3448; x_wconf 86' lang='lat' dir='ltr'><strong>At</strong></span> <span class='ocrx_word' id='word_1_371' title='bbox 1033 3411 1162 3450; x_wconf 89' lang='lat' dir='ltr'><strong>vero</strong></span> <span class='ocrx_word' id='word_1_372' title='bbox 1192 3399 1285 3466; x_wconf 90' lang='lat' dir='ltr'><strong>qui</strong></span> <span class='ocrx_word' id='word_1_373' title='bbox 1318 3398 1395 3451; x_wconf 89' lang='lat' dir='ltr'><strong>rei</strong></span> <span class='ocrx_word' id='word_1_374' title='bbox 1438 3399 1812 3469; x_wconf 91' lang='lat' dir='ltr'><strong>cujuscunque</strong></span> <span class='ocrx_word' id='word_1_375' title='bbox 1863 3403 1945 3457; x_wconf 86' lang='lat' dir='ltr'><strong>vel</strong></span> <span class='ocrx_word' id='word_1_376' title='bbox 1992 3405 2230 3460; x_wconf 88' lang='lat' dir='ltr'><strong>studium</strong></span> 
     </span>
    </p>
   </div>
   <div class='ocr_carea' id='block_1_52' title="bbox 670 3486 2233 3563">
    <p class='ocr_par' dir='ltr' id='par_1_52' title="bbox 670 3486 2233 3563">
     <span class='ocr_line' id='line_1_52' title="bbox 670 3486 2233 3563; baseline 0.008 -26"><span class='ocrx_word' id='word_1_377' title='bbox 670 3486 1034 3553; x_wconf 87' lang='lat' dir='ltr'><strong>persequitur,</strong></span> <span class='ocrx_word' id='word_1_378' title='bbox 1064 3489 1143 3541; x_wconf 87' lang='lat' dir='ltr'><strong>vel</strong></span> <span class='ocrx_word' id='word_1_379' title='bbox 1171 3498 1438 3557; x_wconf 68' lang='lat' dir='ltr'><strong>praecepta</strong></span> <span class='ocrx_word' id='word_1_380' title='bbox 1473 3491 1670 3556; x_wconf 82' lang='lat' dir='ltr'><strong>tradit;</strong></span> <span class='ocrx_word' id='word_1_381' title='bbox 1714 3494 1807 3561; x_wconf 90' lang='lat' dir='ltr'><strong>qui</strong></span> <span class='ocrx_word' id='word_1_382' title='bbox 1842 3494 2080 3563; x_wconf 89' lang='lat' dir='ltr'><strong>seipsum</strong></span> <span class='ocrx_word' id='word_1_383' title='bbox 2138 3506 2233 3549; x_wconf 84' lang='lat' dir='ltr'><strong>aut</strong></span> 
     </span>
    </p>
   </div>
   <div class='ocr_carea' id='block_1_53' title="bbox 672 3576 2234 3655">
    <p class='ocr_par' dir='ltr' id='par_1_53' title="bbox 672 3576 2234 3655">
     <span class='ocr_line' id='line_1_53' title="bbox 672 3576 2234 3655; baseline 0.008 -28"><span class='ocrx_word' id='word_1_384' title='bbox 672 3576 837 3628; x_wconf 79' lang='lat' dir='ltr'><strong>alium</strong></span> <span class='ocrx_word' id='word_1_385' title='bbox 877 3579 1182 3645; x_wconf 88' lang='lat' dir='ltr'><strong>quemlibet</strong></span> <span class='ocrx_word' id='word_1_386' title='bbox 1222 3580 1561 3644; x_wconf 85' lang='lat' dir='ltr'><strong>adhortatur,</strong></span> <span class='ocrx_word' id='word_1_387' title='bbox 1598 3583 1676 3634; x_wconf 91' lang='lat' dir='ltr'><strong>uti</strong></span> <span class='ocrx_word' id='word_1_388' title='bbox 1704 3583 1787 3635; x_wconf 89' lang='lat' dir='ltr'><strong>vel</strong></span> <span class='ocrx_word' id='word_1_389' title='bbox 1830 3600 2037 3638; x_wconf 87' lang='lat' dir='ltr'><strong>morem</strong></span> <span class='ocrx_word' id='word_1_390' title='bbox 2083 3597 2234 3655; x_wconf 87' lang='lat' dir='ltr'><strong>gerat</strong></span> 
     </span>
    </p>
   </div>
   <div class='ocr_carea' id='block_1_54' title="bbox 669 3666 2233 3737">
    <p class='ocr_par' dir='ltr' id='par_1_54' title="bbox 669 3666 2233 3737">
     <span class='ocr_line' id='line_1_54' title="bbox 669 3666 2233 3737; baseline 0.009 -19"><span class='ocrx_word' id='word_1_391' title='bbox 669 3666 754 3719; x_wconf 84' lang='lat' dir='ltr'><strong>vel</strong></span> <span class='ocrx_word' id='word_1_392' title='bbox 781 3666 933 3734; x_wconf 82' lang='lat' dir='ltr'><strong>jussa</strong></span> <span class='ocrx_word' id='word_1_393' title='bbox 968 3668 1235 3736; x_wconf 82' lang='lat' dir='ltr'><strong>negligat;</strong></span> <span class='ocrx_word' id='word_1_394' title='bbox 1276 3678 1553 3737; x_wconf 89' lang='lat' dir='ltr'><strong>peccatum</strong></span> <span class='ocrx_word' id='word_1_395' title='bbox 1585 3682 1679 3725; x_wconf 89' lang='lat' dir='ltr'><strong>aut</strong></span> <span class='ocrx_word' id='word_1_396' title='bbox 1716 3673 1965 3729; x_wconf 86' lang='lat' dir='ltr'><strong>admittat</strong></span> <span class='ocrx_word' id='word_1_397' title='bbox 2010 3686 2103 3730; x_wconf 90' lang='lat' dir='ltr'><strong>aut</strong></span> <span class='ocrx_word' id='word_1_398' title='bbox 2145 3677 2233 3733; x_wconf 81' lang='lat' dir='ltr'><strong>fu-</strong></span> 
     </span>
    </p>
   </div>
   <div class='ocr_carea' id='block_1_55' title="bbox 670 3758 2231 3834">
    <p class='ocr_par' dir='ltr' id='par_1_55' title="bbox 670 3758 2231 3834">
     <span class='ocr_line' id='line_1_55' title="bbox 670 3758 2231 3834; baseline 0.011 -24"><span class='ocrx_word' id='word_1_399' title='bbox 670 3758 810 3827; x_wconf 83' lang='lat' dir='ltr'><strong>giat;</strong></span> <span class='ocrx_word' id='word_1_400' title='bbox 857 3758 939 3811; x_wconf 90' lang='lat' dir='ltr'><strong>vel</strong></span> <span class='ocrx_word' id='word_1_401' title='bbox 981 3769 1173 3829; x_wconf 78' lang='lat' dir='ltr'><strong>arguat</strong></span> <span class='ocrx_word' id='word_1_402' title='bbox 1209 3760 1505 3829; x_wconf 79' lang='lat' dir='ltr'><strong>improbos,</strong></span> <span class='ocrx_word' id='word_1_403' title='bbox 1553 3765 1633 3818; x_wconf 81' lang='lat' dir='ltr'><strong>vel</strong></span> <span class='ocrx_word' id='word_1_404' title='bbox 1678 3767 1879 3834; x_wconf 88' lang='lat' dir='ltr'><strong>probos</strong></span> <span class='ocrx_word' id='word_1_405' title='bbox 1918 3768 2075 3825; x_wconf 91' lang='lat' dir='ltr'><strong>laude</strong></span> <span class='ocrx_word' id='word_1_406' title='bbox 2119 3772 2231 3826; x_wconf 86' lang='lat' dir='ltr'><strong>alli-</strong></span> 
     </span>
    </p>
   </div>
   <div class='ocr_carea' id='block_1_56' title="bbox 668 3851 2231 3933">
    <p class='ocr_par' dir='ltr' id='par_1_56' title="bbox 668 3851 2231 3933">
     <span class='ocr_line' id='line_1_56' title="bbox 668 3851 2231 3933; baseline 0.01 -30"><span class='ocrx_word' id='word_1_407' title='bbox 668 3852 811 3903; x_wconf 87' lang='lat' dir='ltr'><strong>ciat:</strong></span> <span class='ocrx_word' id='word_1_408' title='bbox 858 3851 925 3914; x_wconf 90' lang='lat' dir='ltr'><strong>is,</strong></span> <span class='ocrx_word' id='word_1_409' title='bbox 958 3866 1065 3903; x_wconf 91' lang='lat' dir='ltr'><strong>non</strong></span> <span class='ocrx_word' id='word_1_410' title='bbox 1092 3853 1269 3920; x_wconf 82' lang='lat' dir='ltr'><strong>palam</strong></span> <span class='ocrx_word' id='word_1_411' title='bbox 1300 3863 1353 3907; x_wconf 86' lang='lat' dir='ltr'><strong>et</strong></span> <span class='ocrx_word' id='word_1_412' title='bbox 1380 3866 1561 3923; x_wconf 89' lang='lat' dir='ltr'><strong>aperte</strong></span> <span class='ocrx_word' id='word_1_413' title='bbox 1604 3858 1868 3913; x_wconf 85' lang='lat' dir='ltr'><strong>libertatis</strong></span> <span class='ocrx_word' id='word_1_414' title='bbox 1912 3863 2231 3933; x_wconf 89' lang='lat' dir='ltr'><strong>arbitriique</strong></span> 
     </span>
    </p>
   </div>
   <div class='ocr_carea' id='block_1_57' title="bbox 671 3944 2234 4019">
    <p class='ocr_par' dir='ltr' id='par_1_57' title="bbox 671 3944 2234 4019">
     <span class='ocr_line' id='line_1_57' title="bbox 671 3944 2234 4019; baseline 0.008 -22"><span class='ocrx_word' id='word_1_415' title='bbox 671 3946 841 3999; x_wconf 90' lang='lat' dir='ltr'><strong>nostri</strong></span> <span class='ocrx_word' id='word_1_416' title='bbox 882 3944 1193 3999; x_wconf 87' lang='lat' dir='ltr'><strong>facultatem</strong></span> <span class='ocrx_word' id='word_1_417' title='bbox 1229 3961 1291 3999; x_wconf 91' lang='lat' dir='ltr'><strong>ac</strong></span> <span class='ocrx_word' id='word_1_418' title='bbox 1338 3956 1657 4016; x_wconf 88' lang='lat' dir='ltr'><strong>potestatem</strong></span> <span class='ocrx_word' id='word_1_419' title='bbox 1692 3953 1969 4019; x_wconf 88' lang='lat' dir='ltr'><strong>relinquit,</strong></span> <span class='ocrx_word' id='word_1_420' title='bbox 2009 3955 2103 4017; x_wconf 86' lang='lat' dir='ltr'><strong>fati</strong></span> <span class='ocrx_word' id='word_1_421' title='bbox 2138 3972 2234 4009; x_wconf 86' lang='lat' dir='ltr'><strong>no-</strong></span> 
     </span>
    </p>
   </div>
   <div class='ocr_carea' id='block_1_58' title="bbox 672 4037 2228 4109">
    <p class='ocr_par' dir='ltr' id='par_1_58' title="bbox 672 4037 2228 4109">
     <span class='ocr_line' id='line_1_58' title="bbox 672 4037 2228 4109; baseline 0.006 -20"><span class='ocrx_word' id='word_1_422' title='bbox 672 4052 793 4091; x_wconf 86' lang='lat' dir='ltr'><strong>men</strong></span> <span class='ocrx_word' id='word_1_423' title='bbox 820 4038 868 4090; x_wconf 92' lang='lat' dir='ltr'><strong>ei</strong></span> <span class='ocrx_word' id='word_1_424' title='bbox 896 4037 1073 4092; x_wconf 93' lang='lat' dir='ltr'><strong>solum</strong></span> <span class='ocrx_word' id='word_1_425' title='bbox 1118 4053 1181 4091; x_wconf 90' lang='lat' dir='ltr'><strong>ac</strong></span> <span class='ocrx_word' id='word_1_426' title='bbox 1205 4052 1389 4091; x_wconf 85' lang='lat' dir='ltr'><strong>vocem</strong></span> <span class='ocrx_word' id='word_1_427' title='bbox 1422 4038 1693 4109; x_wconf 82' lang='lat' dir='ltr'><strong>adjungit?</strong></span> <span class='ocrx_word' id='word_1_428' title='bbox 1728 4040 1957 4096; x_wconf 87' lang='lat' dir='ltr'><strong>Perinde</strong></span> <span class='ocrx_word' id='word_1_429' title='bbox 1984 4044 2228 4109; x_wconf 91' lang='lat' dir='ltr'><strong>omnino,</strong></span> 
     </span>
    </p>
   </div>
   <div class='ocr_carea' id='block_1_59' title="bbox 671 4130 2235 4201">
    <p class='ocr_par' dir='ltr' id='par_1_59' title="bbox 671 4130 2235 4201">
     <span class='ocr_line' id='line_1_59' title="bbox 671 4130 2235 4201; baseline 0.004 -18"><span class='ocrx_word' id='word_1_430' title='bbox 671 4139 731 4183; x_wconf 88' lang='lat' dir='ltr'><strong>ut</strong></span> <span class='ocrx_word' id='word_1_431' title='bbox 763 4132 808 4184; x_wconf 92' lang='lat' dir='ltr'><strong>si</strong></span> <span class='ocrx_word' id='word_1_432' title='bbox 851 4132 977 4200; x_wconf 88' lang='lat' dir='ltr'><strong>quis</strong></span> <span class='ocrx_word' id='word_1_433' title='bbox 1009 4130 1155 4184; x_wconf 84' lang='lat' dir='ltr'><strong>illam</strong></span> <span class='ocrx_word' id='word_1_434' title='bbox 1189 4130 1318 4184; x_wconf 92' lang='lat' dir='ltr'><strong>boni</strong></span> <span class='ocrx_word' id='word_1_435' title='bbox 1358 4139 1629 4195; x_wconf 86' lang='lat' dir='ltr'><strong>naturam,</strong></span> <span class='ocrx_word' id='word_1_436' title='bbox 1656 4148 1784 4201; x_wconf 90' lang='lat' dir='ltr'><strong>qua,</strong></span> <span class='ocrx_word' id='word_1_437' title='bbox 1823 4134 1927 4188; x_wconf 91' lang='lat' dir='ltr'><strong>hoc</strong></span> <span class='ocrx_word' id='word_1_438' title='bbox 1970 4142 2111 4188; x_wconf 90' lang='lat' dir='ltr'><strong>statu</strong></span> <span class='ocrx_word' id='word_1_439' title='bbox 2152 4150 2235 4190; x_wconf 89' lang='lat' dir='ltr'><strong>re-</strong></span> 
     </span>
    </p>
   </div>
   <div class='ocr_carea' id='block_1_60' title="bbox 674 4224 2231 4295">
    <p class='ocr_par' dir='ltr' id='par_1_60' title="bbox 674 4224 2231 4295">
     <span class='ocr_line' id='line_1_60' title="bbox 674 4224 2231 4295; baseline 0.006 -21"><span class='ocrx_word' id='word_1_440' title='bbox 674 4236 813 4285; x_wconf 89' lang='lat' dir='ltr'><strong>rum,</strong></span> <span class='ocrx_word' id='word_1_441' title='bbox 866 4224 1069 4293; x_wconf 90' lang='lat' dir='ltr'><strong>optime</strong></span> <span class='ocrx_word' id='word_1_442' title='bbox 1114 4224 1420 4279; x_wconf 89' lang='lat' dir='ltr'><strong>animantes</strong></span> <span class='ocrx_word' id='word_1_443' title='bbox 1476 4236 1769 4295; x_wconf 82' lang='lat' dir='ltr'><strong>reguntur,</strong></span> <span class='ocrx_word' id='word_1_444' title='bbox 1827 4226 1955 4281; x_wconf 92' lang='lat' dir='ltr'><strong>mali</strong></span> <span class='ocrx_word' id='word_1_445' title='bbox 2011 4228 2231 4283; x_wconf 91' lang='lat' dir='ltr'><strong>nomine</strong></span> 
     </span>
    </p>
   </div>
   <div class='ocr_carea' id='block_1_61' title="bbox 671 4313 2231 4387">
    <p class='ocr_par' dir='ltr' id='par_1_61' title="bbox 671 4313 2231 4387">
     <span class='ocr_line' id='line_1_61' title="bbox 671 4313 2231 4387; baseline 0.004 -19"><span class='ocrx_word' id='word_1_446' title='bbox 671 4314 984 4383; x_wconf 83' lang='lat' dir='ltr'><strong>appellaret.</strong></span> <span class='ocrx_word' id='word_1_447' title='bbox 1022 4313 1117 4370; x_wconf 85' lang='lat' dir='ltr'><strong>Sic</strong></span> <span class='ocrx_word' id='word_1_448' title='bbox 1144 4316 1314 4379; x_wconf 92' lang='lat' dir='ltr'><strong>enim,</strong></span> <span class='ocrx_word' id='word_1_449' title='bbox 1342 4332 1466 4371; x_wconf 91' lang='lat' dir='ltr'><strong>cum</strong></span> <span class='ocrx_word' id='word_1_450' title='bbox 1498 4318 1656 4387; x_wconf 88' lang='lat' dir='ltr'><strong>plane</strong></span> <span class='ocrx_word' id='word_1_451' title='bbox 1691 4319 2011 4386; x_wconf 90' lang='lat' dir='ltr'><strong>sentiamus,</strong></span> <span class='ocrx_word' id='word_1_452' title='bbox 2046 4321 2131 4375; x_wconf 86' lang='lat' dir='ltr'><strong>vel</strong></span> <span class='ocrx_word' id='word_1_453' title='bbox 2162 4322 2231 4375; x_wconf 90' lang='lat' dir='ltr'><strong>ad</strong></span> 
     </span>
    </p>
   </div>
   <div class='ocr_carea' id='block_1_62' title="bbox 668 4405 2232 4481">
    <p class='ocr_par' dir='ltr' id='par_1_62' title="bbox 668 4405 2232 4481">
     <span class='ocr_line' id='line_1_62' title="bbox 668 4405 2232 4481; baseline 0.004 -21"><span class='ocrx_word' id='word_1_454' title='bbox 668 4405 997 4461; x_wconf 81' lang='lat' dir='ltr'><strong>erudiendos</strong></span> <span class='ocrx_word' id='word_1_455' title='bbox 1036 4407 1259 4473; x_wconf 87' lang='lat' dir='ltr'><strong>liberos,</strong></span> <span class='ocrx_word' id='word_1_456' title='bbox 1297 4409 1381 4463; x_wconf 89' lang='lat' dir='ltr'><strong>vel</strong></span> <span class='ocrx_word' id='word_1_457' title='bbox 1444 4410 1509 4463; x_wconf 90' lang='lat' dir='ltr'><strong>ad</strong></span> <span class='ocrx_word' id='word_1_458' title='bbox 1548 4411 1734 4481; x_wconf 88' lang='lat' dir='ltr'><strong>plagas</strong></span> <span class='ocrx_word' id='word_1_459' title='bbox 1783 4412 2049 4481; x_wconf 89' lang='lat' dir='ltr'><strong>improbis</strong></span> <span class='ocrx_word' id='word_1_460' title='bbox 2086 4429 2232 4467; x_wconf 89' lang='lat' dir='ltr'><strong>man-</strong></span> 
     </span>
    </p>
   </div>
   <div class='ocr_carea' id='block_1_63' title="bbox 670 4497 2231 4573">
    <p class='ocr_par' dir='ltr' id='par_1_63' title="bbox 670 4497 2231 4573">
     <span class='ocr_line' id='line_1_63' title="bbox 670 4497 2231 4573; baseline 0.006 -21"><span class='ocrx_word' id='word_1_461' title='bbox 670 4497 830 4567; x_wconf 89' lang='lat' dir='ltr'><strong>cipiis</strong></span> <span class='ocrx_word' id='word_1_462' title='bbox 856 4497 1195 4568; x_wconf 80' lang='lat' dir='ltr'><strong>infligeudas,</strong></span> <span class='ocrx_word' id='word_1_463' title='bbox 1231 4502 1315 4555; x_wconf 90' lang='lat' dir='ltr'><strong>vel</strong></span> <span class='ocrx_word' id='word_1_464' title='bbox 1343 4502 1409 4555; x_wconf 89' lang='lat' dir='ltr'><strong>ad</strong></span> <span class='ocrx_word' id='word_1_465' title='bbox 1442 4503 1706 4571; x_wconf 84' lang='lat' dir='ltr'><strong>quidlibet</strong></span> <span class='ocrx_word' id='word_1_466' title='bbox 1752 4504 1869 4557; x_wconf 86' lang='lat' dir='ltr'><strong>slve</strong></span> <span class='ocrx_word' id='word_1_467' title='bbox 1909 4505 2231 4573; x_wconf 90' lang='lat' dir='ltr'><strong>amplecten-</strong></span> 
     </span>
    </p>
   </div>
   <div class='ocr_carea' id='block_1_64' title="bbox 2340 2020 3880 2097">
    <p class='ocr_par' dir='ltr' id='par_1_64' title="bbox 2340 2020 3880 2097">
     <span class='ocr_line' id='line_1_64' title="bbox 2340 2020 3880 2097; baseline -0.007 -17"><span class='ocrx_word' id='word_1_468' title='bbox 2340 2027 2406 2080; x_wconf 79' lang='grc' dir='ltr'>ἂν</span> <span class='ocrx_word' id='word_1_469' title='bbox 2434 2028 2566 2097; x_wconf 81' lang='grc' dir='ltr'>πρὸς</span> <span class='ocrx_word' id='word_1_470' title='bbox 2597 2026 2785 2079; x_wconf 80' lang='grc' dir='ltr'>ἑαυτὸν</span> <span class='ocrx_word' id='word_1_471' title='bbox 2817 2028 2846 2079; x_wconf 84' lang='grc' dir='ltr'>ὁ</span> <span class='ocrx_word' id='word_1_472' title='bbox 2872 2024 3074 2094; x_wconf 87' lang='grc' dir='ltr'>ταύτην</span> <span class='ocrx_word' id='word_1_473' title='bbox 3114 2024 3249 2094; x_wconf 78' lang='grc' dir='ltr'>ἔχων</span> <span class='ocrx_word' id='word_1_474' title='bbox 3276 2024 3373 2093; x_wconf 82' lang='grc' dir='ltr'><strong>τὴν</strong></span> <span class='ocrx_word' id='word_1_475' title='bbox 3403 2020 3580 2085; x_wconf 77' lang='grc' dir='ltr'>δόξαν,</span> <span class='ocrx_word' id='word_1_476' title='bbox 3616 2020 3758 2087; x_wconf 78' lang='grc' dir='ltr'>’Δγε</span> <span class='ocrx_word' id='word_1_477' title='bbox 3798 2035 3880 2087; x_wconf 75' lang='grc' dir='ltr'>μη-</span> 
     </span>
    </p>
   </div>
   <div class='ocr_carea' id='block_1_65' title="bbox 2336 2109 3888 2189">
    <p class='ocr_par' dir='ltr' id='par_1_65' title="bbox 2336 2109 3888 2189">
     <span class='ocr_line' id='line_1_65' title="bbox 2336 2109 3888 2189; baseline -0.005 -20"><span class='ocrx_word' id='word_1_478' title='bbox 2336 2119 2521 2189; x_wconf 83' lang='grc' dir='ltr'>δαμῶς</span> <span class='ocrx_word' id='word_1_479' title='bbox 2549 2117 2908 2186; x_wconf 76' lang='grc' dir='ltr'>φιλοπονήσω,</span> <span class='ocrx_word' id='word_1_480' title='bbox 2947 2113 3078 2186; x_wconf 81' lang='grc' dir='ltr'>μηδὲ</span> <span class='ocrx_word' id='word_1_481' title='bbox 3126 2115 3298 2185; x_wconf 81' lang='grc' dir='ltr'>μάτην</span> <span class='ocrx_word' id='word_1_482' title='bbox 3350 2112 3625 2182; x_wconf 79' lang='grc' dir='ltr'><strong>ἐνοχλήσω</strong></span> <span class='ocrx_word' id='word_1_483' title='bbox 3659 2109 3888 2179; x_wconf 50' lang='lat' dir='ltr'><strong>endure};</strong></span> 
     </span>
    </p>
   </div>
   <div class='ocr_carea' id='block_1_66' title="bbox 2335 2200 3895 2279">
    <p class='ocr_par' dir='ltr' id='par_1_66' title="bbox 2335 2200 3895 2279">
     <span class='ocr_line' id='line_1_66' title="bbox 2335 2200 3895 2279; baseline -0.008 -16"><span class='ocrx_word' id='word_1_484' title='bbox 2335 2212 2622 2279; x_wconf 85' lang='grc' dir='ltr'>γενήσεται</span> <span class='ocrx_word' id='word_1_485' title='bbox 2651 2208 2760 2279; x_wconf 85' lang='grc' dir='ltr'>γὰρ</span> <span class='ocrx_word' id='word_1_486' title='bbox 2785 2208 2844 2259; x_wconf 83' lang='grc' dir='ltr'><strong>τὸ</strong></span> <span class='ocrx_word' id='word_1_487' title='bbox 2873 2207 3129 2276; x_wconf 79' lang='grc' dir='ltr'>εἱμαρτὺν</span> <span class='ocrx_word' id='word_1_488' title='bbox 3179 2204 3239 2269; x_wconf 81' lang='grc' dir='ltr'><strong>ἐξ</strong></span> <span class='ocrx_word' id='word_1_489' title='bbox 3290 2205 3551 2273; x_wconf 90' lang='grc' dir='ltr'>ἀνάγκης.</span> <span class='ocrx_word' id='word_1_490' title='bbox 3596 2204 3659 2255; x_wconf 84' lang='lat'><strong>&#39;0</strong></span> <span class='ocrx_word' id='word_1_491' title='bbox 3687 2202 3746 2254; x_wconf 81' lang='grc' dir='ltr'><strong>δέ</strong></span> <span class='ocrx_word' id='word_1_492' title='bbox 3778 2200 3895 2270; x_wconf 82' lang='grc' dir='ltr'><strong>περί</strong></span> 
     </span>
    </p>
   </div>
   <div class='ocr_carea' id='block_1_67' title="bbox 2335 2292 3899 2369">
    <p class='ocr_par' dir='ltr' id='par_1_67' title="bbox 2335 2292 3899 2369">
     <span class='ocr_line' id='line_1_67' title="bbox 2335 2292 3899 2369; baseline -0.006 -15"><span class='ocrx_word' id='word_1_493' title='bbox 2335 2320 2387 2354; x_wconf 89' lang='grc' dir='ltr'><strong>τι</strong></span> <span class='ocrx_word' id='word_1_494' title='bbox 2410 2301 2721 2364; x_wconf 76' lang='grc' dir='ltr'>σπουδάζων</span> <span class='ocrx_word' id='word_1_495' title='bbox 2746 2299 2780 2369; x_wconf 85' lang='grc' dir='ltr'>ἢ</span> <span class='ocrx_word' id='word_1_496' title='bbox 2811 2301 2905 2353; x_wconf 72' lang='grc' dir='ltr'><strong>καὶ</strong></span> <span class='ocrx_word' id='word_1_497' title='bbox 2936 2299 3216 2363; x_wconf 78' lang='grc' dir='ltr'>διδάσκων,</span> <span class='ocrx_word' id='word_1_498' title='bbox 3252 2298 3285 2368; x_wconf 83' lang='grc' dir='ltr'>ἢ</span> <span class='ocrx_word' id='word_1_499' title='bbox 3337 2296 3665 2368; x_wconf 81' lang='grc' dir='ltr'>προτρέπων</span> <span class='ocrx_word' id='word_1_500' title='bbox 3710 2292 3899 2347; x_wconf 72' lang='grc' dir='ltr'>ἑαυτὸν</span> 
     </span>
    </p>
   </div>
   <div class='ocr_carea' id='block_1_68' title="bbox 2335 2386 3896 2465">
    <p class='ocr_par' dir='ltr' id='par_1_68' title="bbox 2335 2386 3896 2465">
     <span class='ocr_line' id='line_1_68' title="bbox 2335 2386 3896 2465; baseline -0.008 -18"><span class='ocrx_word' id='word_1_501' title='bbox 2335 2395 2368 2465; x_wconf 84' lang='grc' dir='ltr'>ἢ</span> <span class='ocrx_word' id='word_1_502' title='bbox 2393 2394 2571 2456; x_wconf 84' lang='grc' dir='ltr'>ἄλλον,</span> <span class='ocrx_word' id='word_1_503' title='bbox 2597 2394 2691 2446; x_wconf 75' lang='grc' dir='ltr'>καὶ</span> <span class='ocrx_word' id='word_1_504' title='bbox 2717 2391 2778 2444; x_wconf 85' lang='grc' dir='ltr'><strong>τὸ</strong></span> <span class='ocrx_word' id='word_1_505' title='bbox 2810 2390 3089 2445; x_wconf 85' lang='grc' dir='ltr'>πείθεσθαι</span> <span class='ocrx_word' id='word_1_506' title='bbox 3119 2390 3213 2443; x_wconf 70' lang='grc' dir='ltr'><strong>καὶ</strong></span> <span class='ocrx_word' id='word_1_507' title='bbox 3235 2389 3296 2442; x_wconf 82' lang='grc' dir='ltr'>τὸ</span> <span class='ocrx_word' id='word_1_508' title='bbox 3344 2388 3418 2459; x_wconf 82' lang='grc' dir='ltr'>μὴ</span> <span class='ocrx_word' id='word_1_509' title='bbox 3453 2386 3764 2448; x_wconf 81' lang='grc' dir='ltr'>πείθεσθαι,</span> <span class='ocrx_word' id='word_1_510' title='bbox 3807 2386 3896 2435; x_wconf 74' lang='grc' dir='ltr'><strong>καὶ</strong></span> 
     </span>
    </p>
   </div>
   <div class='ocr_carea' id='block_1_69' title="bbox 2334 2477 3897 2556">
    <p class='ocr_par' dir='ltr' id='par_1_69' title="bbox 2334 2477 3897 2556">
     <span class='ocr_line' id='line_1_69' title="bbox 2334 2477 3897 2556; baseline -0.006 -18"><span class='ocrx_word' id='word_1_511' title='bbox 2334 2486 2395 2538; x_wconf 84' lang='grc' dir='ltr'><strong>τὸ</strong></span> <span class='ocrx_word' id='word_1_512' title='bbox 2418 2486 2745 2556; x_wconf 84' lang='grc' dir='ltr'>ἁμαρτάνειν</span> <span class='ocrx_word' id='word_1_513' title='bbox 2794 2483 2829 2555; x_wconf 80' lang='grc' dir='ltr'>ἢ</span> <span class='ocrx_word' id='word_1_514' title='bbox 2887 2483 2980 2554; x_wconf 84' lang='grc' dir='ltr'>μὴ,</span> <span class='ocrx_word' id='word_1_515' title='bbox 3005 2483 3065 2535; x_wconf 91' lang='grc' dir='ltr'>τό</span> <span class='ocrx_word' id='word_1_516' title='bbox 3113 2498 3173 2534; x_wconf 91' lang='grc' dir='ltr'><strong>τε</strong></span> <span class='ocrx_word' id='word_1_517' title='bbox 3220 2481 3473 2550; x_wconf 80' lang='grc' dir='ltr'>ἐπιτιμᾷν</span> <span class='ocrx_word' id='word_1_518' title='bbox 3505 2482 3624 2542; x_wconf 87' lang='grc' dir='ltr'>τοῖς</span> <span class='ocrx_word' id='word_1_519' title='bbox 3652 2477 3897 2547; x_wconf 79' lang='grc' dir='ltr'>ἁμαρτά-</span> 
     </span>
    </p>
   </div>
   <div class='ocr_carea' id='block_1_70' title="bbox 2334 2569 3895 2644">
    <p class='ocr_par' dir='ltr' id='par_1_70' title="bbox 2334 2569 3895 2644">
     <span class='ocr_line' id='line_1_70' title="bbox 2334 2569 3895 2644; baseline -0.004 -14"><span class='ocrx_word' id='word_1_520' title='bbox 2334 2594 2500 2642; x_wconf 83' lang='grc' dir='ltr'>νουσι,</span> <span class='ocrx_word' id='word_1_521' title='bbox 2525 2577 2619 2630; x_wconf 80' lang='grc' dir='ltr'>καὶ</span> <span class='ocrx_word' id='word_1_522' title='bbox 2641 2576 2702 2628; x_wconf 79' lang='grc' dir='ltr'><strong>τὸ</strong></span> <span class='ocrx_word' id='word_1_523' title='bbox 2729 2576 2970 2627; x_wconf 75' lang='grc' dir='ltr'>ἐπαινεῖν</span> <span class='ocrx_word' id='word_1_524' title='bbox 2996 2575 3122 2636; x_wconf 80' lang='grc' dir='ltr'>τοὺς</span> <span class='ocrx_word' id='word_1_525' title='bbox 3172 2572 3586 2644; x_wconf 79' lang='grc' dir='ltr'>κατορθοῦντας,</span> <span class='ocrx_word' id='word_1_526' title='bbox 3634 2569 3755 2632; x_wconf 76' lang='grc' dir='ltr'>πῶς</span> <span class='ocrx_word' id='word_1_527' title='bbox 3801 2570 3895 2623; x_wconf 82' lang='grc' dir='ltr'><strong>οὐκ</strong></span> 
     </span>
    </p>
   </div>
   <div class='ocr_carea' id='block_1_71' title="bbox 2334 2661 3893 2740">
    <p class='ocr_par' dir='ltr' id='par_1_71' title="bbox 2334 2661 3893 2740">
     <span class='ocr_line' id='line_1_71' title="bbox 2334 2661 3893 2740; baseline -0.005 -19"><span class='ocrx_word' id='word_1_528' title='bbox 2334 2668 2576 2740; x_wconf 77' lang='grc' dir='ltr'>ἐναργῶς</span> <span class='ocrx_word' id='word_1_529' title='bbox 2602 2667 2883 2737; x_wconf 74' lang='grc' dir='ltr'>ἐλέγχεται</span> <span class='ocrx_word' id='word_1_530' title='bbox 2906 2665 2965 2718; x_wconf 78' lang='grc' dir='ltr'><strong>τὸ</strong></span> <span class='ocrx_word' id='word_1_531' title='bbox 2991 2664 3085 2735; x_wconf 76' lang='grc' dir='ltr'>μὲν</span> <span class='ocrx_word' id='word_1_532' title='bbox 3118 2663 3276 2736; x_wconf 81' lang='grc' dir='ltr'>ἔργον</span> <span class='ocrx_word' id='word_1_533' title='bbox 3304 2662 3623 2717; x_wconf 69' lang='grc' dir='ltr'>καταλιπὼν</span> <span class='ocrx_word' id='word_1_534' title='bbox 3648 2661 3743 2714; x_wconf 79' lang='grc' dir='ltr'><strong>τοῦ</strong></span> <span class='ocrx_word' id='word_1_535' title='bbox 3772 2665 3893 2731; x_wconf 75' lang='grc' dir='ltr'>παρ’</span> 
     </span>
    </p>
   </div>
   <div class='ocr_carea' id='block_1_72' title="bbox 2334 2752 3892 2830">
    <p class='ocr_par' dir='ltr' id='par_1_72' title="bbox 2334 2752 3892 2830">
     <span class='ocr_line' id='line_1_72' title="bbox 2334 2752 3892 2830; baseline -0.003 -19"><span class='ocrx_word' id='word_1_536' title='bbox 2334 2763 2462 2830; x_wconf 81' lang='grc' dir='ltr'>ἡμῖν</span> <span class='ocrx_word' id='word_1_537' title='bbox 2518 2760 2609 2811; x_wconf 77' lang='grc' dir='ltr'>καὶ</span> <span class='ocrx_word' id='word_1_538' title='bbox 2649 2757 2741 2811; x_wconf 87' lang='grc' dir='ltr'><strong>τοῦ</strong></span> <span class='ocrx_word' id='word_1_539' title='bbox 2776 2756 3139 2821; x_wconf 79' lang='grc' dir='ltr'>αὐτεξουσίου,</span> <span class='ocrx_word' id='word_1_540' title='bbox 3190 2759 3250 2809; x_wconf 79' lang='grc' dir='ltr'><strong>τὸ</strong></span> <span class='ocrx_word' id='word_1_541' title='bbox 3308 2755 3365 2808; x_wconf 84' lang='grc' dir='ltr'>δὲ</span> <span class='ocrx_word' id='word_1_542' title='bbox 3411 2754 3513 2824; x_wconf 85' lang='grc' dir='ltr'>τῆς</span> <span class='ocrx_word' id='word_1_543' title='bbox 3556 2752 3892 2825; x_wconf 70' lang='grc' dir='ltr'>εἱμαρμένης</span> 
     </span>
    </p>
   </div>
   <div class='ocr_carea' id='block_1_73' title="bbox 2332 2844 3887 2921">
    <p class='ocr_par' dir='ltr' id='par_1_73' title="bbox 2332 2844 3887 2921">
     <span class='ocr_line' id='line_1_73' title="bbox 2332 2844 3887 2921; baseline -0.005 -18"><span class='ocrx_word' id='word_1_544' title='bbox 2332 2852 2502 2921; x_wconf 76' lang='grc' dir='ltr'>ὄνομα</span> <span class='ocrx_word' id='word_1_545' title='bbox 2533 2849 2677 2919; x_wconf 86' lang='grc' dir='ltr'>αὐτῷ</span> <span class='ocrx_word' id='word_1_546' title='bbox 2707 2851 2990 2903; x_wconf 86' lang='grc' dir='ltr'>συνάπτων</span> <span class='ocrx_word' id='word_1_547' title='bbox 3026 2850 3219 2919; x_wconf 86' lang='grc' dir='ltr'>μόνον;</span> <span class='ocrx_word' id='word_1_548' title='bbox 3258 2849 3464 2919; x_wconf 83' lang='grc' dir='ltr'>Ὠσπερ</span> <span class='ocrx_word' id='word_1_549' title='bbox 3486 2848 3539 2900; x_wconf 74' lang='lat' dir='ltr'><strong>et</strong></span> <span class='ocrx_word' id='word_1_550' title='bbox 3572 2864 3661 2909; x_wconf 87' lang='grc' dir='ltr'><strong>τις</strong></span> <span class='ocrx_word' id='word_1_551' title='bbox 3682 2845 3782 2914; x_wconf 76' lang='grc' dir='ltr'>τὴν</span> <span class='ocrx_word' id='word_1_552' title='bbox 3806 2844 3887 2901; x_wconf 79' lang='grc' dir='ltr'><strong>τοῦ</strong></span> 
     </span>
    </p>
   </div>
   <div class='ocr_carea' id='block_1_74' title="bbox 2332 2933 3887 3009">
    <p class='ocr_par' dir='ltr' id='par_1_74' title="bbox 2332 2933 3887 3009">
     <span class='ocr_line' id='line_1_74' title="bbox 2332 2933 3887 3009; baseline -0.001 -16"><span class='ocrx_word' id='word_1_553' title='bbox 2332 2937 2537 3007; x_wconf 80' lang='grc' dir='ltr'>ἀγαθοῦ</span> <span class='ocrx_word' id='word_1_554' title='bbox 2568 2938 2745 3009; x_wconf 74' lang='grc' dir='ltr'>φύσιν,</span> <span class='ocrx_word' id='word_1_555' title='bbox 2771 2933 2839 3009; x_wconf 75' lang='grc' dir='ltr'>ἧς</span> <span class='ocrx_word' id='word_1_556' title='bbox 2867 2938 3006 2992; x_wconf 84' lang='grc' dir='ltr'>κατὰ</span> <span class='ocrx_word' id='word_1_557' title='bbox 3038 2938 3135 3009; x_wconf 84' lang='grc' dir='ltr'>τὴν</span> <span class='ocrx_word' id='word_1_558' title='bbox 3176 2937 3472 3009; x_wconf 80' lang='grc' dir='ltr'>παρουσίαν</span> <span class='ocrx_word' id='word_1_559' title='bbox 3524 2936 3736 3009; x_wconf 69' lang='grc' dir='ltr'>ἄριστα.</span> <span class='ocrx_word' id='word_1_560' title='bbox 3776 2939 3887 2991; x_wconf 77' lang='grc' dir='ltr'>διοι-</span> 
     </span>
    </p>
   </div>
   <div class='ocr_carea' id='block_1_75' title="bbox 2332 3027 3875 3100">
    <p class='ocr_par' dir='ltr' id='par_1_75' title="bbox 2332 3027 3875 3100">
     <span class='ocr_line' id='line_1_75' title="bbox 2332 3027 3875 3100; baseline 0.001 -19"><span class='ocrx_word' id='word_1_561' title='bbox 2332 3032 2505 3082; x_wconf 85' lang='grc' dir='ltr'>κεῖται</span> <span class='ocrx_word' id='word_1_562' title='bbox 2532 3030 2593 3083; x_wconf 83' lang='grc' dir='ltr'><strong>τδ</strong></span> <span class='ocrx_word' id='word_1_563' title='bbox 2626 3029 2782 3093; x_wconf 78' lang='grc' dir='ltr'>ζῶον,</span> <span class='ocrx_word' id='word_1_564' title='bbox 2818 3029 2897 3100; x_wconf 81' lang='grc' dir='ltr'><strong>τῷ</strong></span> <span class='ocrx_word' id='word_1_565' title='bbox 2925 3029 3016 3083; x_wconf 87' lang='grc' dir='ltr'><strong>τοῦ</strong></span> <span class='ocrx_word' id='word_1_566' title='bbox 3042 3029 3210 3082; x_wconf 84' lang='grc' dir='ltr'>κακοῦ</span> <span class='ocrx_word' id='word_1_567' title='bbox 3234 3027 3632 3100; x_wconf 73' lang='grc' dir='ltr'>προσαγορεύει</span> <span class='ocrx_word' id='word_1_568' title='bbox 3659 3030 3875 3100; x_wconf 73' lang='grc' dir='ltr'>ὀνόματι,</span> 
     </span>
    </p>
   </div>
   <div class='ocr_carea' id='block_1_76' title="bbox 2332 3118 3872 3193">
    <p class='ocr_par' dir='ltr' id='par_1_76' title="bbox 2332 3118 3872 3193">
     <span class='ocr_line' id='line_1_76' title="bbox 2332 3118 3872 3193; baseline -0.002 -18"><span class='ocrx_word' id='word_1_569' title='bbox 2332 3120 2487 3175; x_wconf 79' lang='grc' dir='ltr'>Οῦτω</span> <span class='ocrx_word' id='word_1_570' title='bbox 2513 3121 2621 3193; x_wconf 84' lang='grc' dir='ltr'>γὰρ</span> <span class='ocrx_word' id='word_1_571' title='bbox 2664 3122 2785 3174; x_wconf 78' lang='grc' dir='ltr'>ἐπεὶ</span> <span class='ocrx_word' id='word_1_572' title='bbox 2829 3120 3073 3191; x_wconf 80' lang='grc' dir='ltr'>ἐναργῶς</span> <span class='ocrx_word' id='word_1_573' title='bbox 3136 3118 3339 3171; x_wconf 84' lang='grc' dir='ltr'>ἐαυτῶν</span> <span class='ocrx_word' id='word_1_574' title='bbox 3383 3118 3785 3188; x_wconf 79' lang='grc' dir='ltr'>αἰσθανόμεθα,</span> <span class='ocrx_word' id='word_1_575' title='bbox 3821 3123 3872 3188; x_wconf 63' lang='grc' dir='ltr'><strong>μή</strong></span> 
     </span>
    </p>
   </div>
   <div class='ocr_carea' id='block_1_77' title="bbox 2336 3211 3880 3286">
    <p class='ocr_par' dir='ltr' id='par_1_77' title="bbox 2336 3211 3880 3286">
     <span class='ocr_line' id='line_1_77' title="bbox 2336 3211 3880 3286; baseline -0.003 -19"><span class='ocrx_word' id='word_1_576' title='bbox 2336 3213 2666 3286; x_wconf 79' lang='grc' dir='ltr'>βιαζομένων</span> <span class='ocrx_word' id='word_1_577' title='bbox 2696 3214 2785 3267; x_wconf 83' lang='grc' dir='ltr'>ὐπ’</span> <span class='ocrx_word' id='word_1_578' title='bbox 2810 3214 2973 3284; x_wconf 79' lang='grc' dir='ltr'>ἄλλης</span> <span class='ocrx_word' id='word_1_579' title='bbox 2999 3212 3139 3276; x_wconf 81' lang='grc' dir='ltr'>τινὸς</span> <span class='ocrx_word' id='word_1_580' title='bbox 3176 3212 3354 3273; x_wconf 77' lang='grc' dir='ltr'>αἰτίας</span> <span class='ocrx_word' id='word_1_581' title='bbox 3406 3211 3465 3265; x_wconf 86' lang='grc' dir='ltr'><strong>ἐν</strong></span> <span class='ocrx_word' id='word_1_582' title='bbox 3508 3212 3586 3281; x_wconf 84' lang='grc' dir='ltr'><strong>τῷ</strong></span> <span class='ocrx_word' id='word_1_583' title='bbox 3628 3214 3880 3267; x_wconf 68' lang='grc' dir='ltr'>παιδεύειν</span> 
     </span>
    </p>
   </div>
   <div class='ocr_carea' id='block_1_78' title="bbox 2332 3303 3886 3378">
    <p class='ocr_par' dir='ltr' id='par_1_78' title="bbox 2332 3303 3886 3378">
     <span class='ocr_line' id='line_1_78' title="bbox 2332 3303 3886 3378; baseline -0.003 -15"><span class='ocrx_word' id='word_1_584' title='bbox 2332 3310 2457 3372; x_wconf 78' lang='grc' dir='ltr'>τοὺς</span> <span class='ocrx_word' id='word_1_585' title='bbox 2479 3310 2631 3371; x_wconf 79' lang='grc' dir='ltr'>υἱεῖς,</span> <span class='ocrx_word' id='word_1_586' title='bbox 2664 3308 2755 3361; x_wconf 71' lang='grc' dir='ltr'><strong>καὶ</strong></span> <span class='ocrx_word' id='word_1_587' title='bbox 2781 3306 3057 3378; x_wconf 78' lang='grc' dir='ltr'>μαστίζειν</span> <span class='ocrx_word' id='word_1_588' title='bbox 3082 3307 3206 3368; x_wconf 81' lang='grc' dir='ltr'>τοὺς</span> <span class='ocrx_word' id='word_1_589' title='bbox 3227 3303 3440 3367; x_wconf 81' lang='grc' dir='ltr'>οἰκέτας</span> <span class='ocrx_word' id='word_1_590' title='bbox 3462 3305 3886 3375; x_wconf 79' lang='grc' dir='ltr'>ἁμαρτάνοντας,</span> 
     </span>
    </p>
   </div>
   <div class='ocr_carea' id='block_1_79' title="bbox 2332 3395 3888 3469">
    <p class='ocr_par' dir='ltr' id='par_1_79' title="bbox 2332 3395 3888 3469">
     <span class='ocr_line' id='line_1_79' title="bbox 2332 3395 3888 3469; baseline -0.002 -16"><span class='ocrx_word' id='word_1_591' title='bbox 2332 3402 2426 3453; x_wconf 76' lang='grc' dir='ltr'><strong>καὶ</strong></span> <span class='ocrx_word' id='word_1_592' title='bbox 2459 3403 2517 3453; x_wconf 80' lang='grc' dir='ltr'><strong>ἐν</strong></span> <span class='ocrx_word' id='word_1_593' title='bbox 2544 3399 2622 3469; x_wconf 82' lang='grc' dir='ltr'><strong>τῷ</strong></span> <span class='ocrx_word' id='word_1_594' title='bbox 2652 3399 2767 3450; x_wconf 84' lang='grc' dir='ltr'>τόδε</span> <span class='ocrx_word' id='word_1_595' title='bbox 2797 3416 2849 3449; x_wconf 90' lang='grc' dir='ltr'><strong>τι</strong></span> <span class='ocrx_word' id='word_1_596' title='bbox 2877 3395 3178 3466; x_wconf 86' lang='grc' dir='ltr'>βούλεσθαι,</span> <span class='ocrx_word' id='word_1_597' title='bbox 3210 3395 3303 3448; x_wconf 69' lang='grc' dir='ltr'><strong>καὶ</strong></span> <span class='ocrx_word' id='word_1_598' title='bbox 3332 3398 3405 3467; x_wconf 81' lang='grc' dir='ltr'>μὴ</span> <span class='ocrx_word' id='word_1_599' title='bbox 3437 3396 3750 3466; x_wconf 87' lang='grc' dir='ltr'>βούλεσθαι,</span> <span class='ocrx_word' id='word_1_600' title='bbox 3786 3396 3888 3450; x_wconf 76' lang='grc' dir='ltr'>ἀλλ’</span> 
     </span>
    </p>
   </div>
   <div class='ocr_carea' id='block_1_80' title="bbox 2332 3484 3891 3559">
    <p class='ocr_par' dir='ltr' id='par_1_80' title="bbox 2332 3484 3891 3559">
     <span class='ocr_line' id='line_1_80' title="bbox 2332 3484 3891 3559; baseline -0.002 -17"><span class='ocrx_word' id='word_1_601' title='bbox 2332 3490 2631 3553; x_wconf 82' lang='grc' dir='ltr'>αὐτοτελῶς</span> <span class='ocrx_word' id='word_1_602' title='bbox 2657 3493 2719 3542; x_wconf 76' lang='grc' dir='ltr'><strong>ἐκ</strong></span> <span class='ocrx_word' id='word_1_603' title='bbox 2742 3490 2840 3559; x_wconf 85' lang='grc' dir='ltr'>τῆς</span> <span class='ocrx_word' id='word_1_604' title='bbox 2868 3484 3269 3552; x_wconf 63' lang='grc' dir='ltr'>ἰδίαςδέξουσίας</span> <span class='ocrx_word' id='word_1_605' title='bbox 3297 3490 3375 3551; x_wconf 87' lang='grc' dir='ltr'><strong>εἰς</strong></span> <span class='ocrx_word' id='word_1_606' title='bbox 3398 3487 3499 3551; x_wconf 85' lang='grc' dir='ltr'>τὰς</span> <span class='ocrx_word' id='word_1_607' title='bbox 3524 3488 3786 3551; x_wconf 78' lang='grc' dir='ltr'>τοιαύτας</span> <span class='ocrx_word' id='word_1_608' title='bbox 3814 3505 3891 3540; x_wconf 79' lang='grc' dir='ltr'>κι-</span> 
     </span>
    </p>
   </div>
   <div class='ocr_carea' id='block_1_81' title="bbox 2330 3580 3888 3653">
    <p class='ocr_par' dir='ltr' id='par_1_81' title="bbox 2330 3580 3888 3653">
     <span class='ocr_line' id='line_1_81' title="bbox 2330 3580 3888 3653; baseline -0.002 -17"><span class='ocrx_word' id='word_1_609' title='bbox 2330 3585 2515 3653; x_wconf 87' lang='grc' dir='ltr'>νήσεις</span> <span class='ocrx_word' id='word_1_610' title='bbox 2542 3582 2971 3651; x_wconf 84' lang='grc' dir='ltr'>ἀφικνουμένων,</span> <span class='ocrx_word' id='word_1_611' title='bbox 3002 3580 3303 3653; x_wconf 84' lang='grc' dir='ltr'>ἁμαρτάνοι</span> <span class='ocrx_word' id='word_1_612' title='bbox 3332 3581 3397 3634; x_wconf 83' lang='grc' dir='ltr'><strong>ἂν</strong></span> <span class='ocrx_word' id='word_1_613' title='bbox 3448 3584 3477 3634; x_wconf 84' lang='grc' dir='ltr'>ὁ</span> <span class='ocrx_word' id='word_1_614' title='bbox 3522 3581 3709 3634; x_wconf 88' lang='grc' dir='ltr'>ταῦτα</span> <span class='ocrx_word' id='word_1_615' title='bbox 3730 3582 3888 3649; x_wconf 79' lang='grc' dir='ltr'>λέγων</span> 
     </span>
    </p>
   </div>
   <div class='ocr_carea' id='block_1_82' title="bbox 2331 3672 3889 3744">
    <p class='ocr_par' dir='ltr' id='par_1_82' title="bbox 2331 3672 3889 3744">
     <span class='ocr_line' id='line_1_82' title="bbox 2331 3672 3889 3744; baseline 0 -17"><span class='ocrx_word' id='word_1_616' title='bbox 2331 3674 2573 3744; x_wconf 87' lang='grc' dir='ltr'>γίνεσθαι</span> <span class='ocrx_word' id='word_1_617' title='bbox 2631 3673 2751 3727; x_wconf 89' lang='grc' dir='ltr'>καθ’</span> <span class='ocrx_word' id='word_1_618' title='bbox 2789 3674 3144 3744; x_wconf 75' lang='grc' dir='ltr'>εἱμαρμένην,</span> <span class='ocrx_word' id='word_1_619' title='bbox 3181 3672 3315 3744; x_wconf 81' lang='grc' dir='ltr'>πρὸς</span> <span class='ocrx_word' id='word_1_620' title='bbox 3344 3672 3420 3741; x_wconf 83' lang='grc' dir='ltr'>τῷ</span> <span class='ocrx_word' id='word_1_621' title='bbox 3459 3673 3767 3743; x_wconf 86' lang='grc' dir='ltr'>παραλύειν</span> <span class='ocrx_word' id='word_1_622' title='bbox 3789 3672 3889 3741; x_wconf 79' lang='grc'><strong>(57)</strong></span> 
     </span>
    </p>
   </div>
   <div class='ocr_carea' id='block_1_83' title="bbox 2330 3764 3884 3841">
    <p class='ocr_par' dir='ltr' id='par_1_83' title="bbox 2330 3764 3884 3841">
     <span class='ocr_line' id='line_1_83' title="bbox 2330 3764 3884 3841; baseline -0.001 -18"><span class='ocrx_word' id='word_1_623' title='bbox 2330 3770 2427 3833; x_wconf 89' lang='grc' dir='ltr'><strong>τάς</strong></span> <span class='ocrx_word' id='word_1_624' title='bbox 2454 3788 2511 3823; x_wconf 89' lang='grc' dir='ltr'><strong>τε</strong></span> <span class='ocrx_word' id='word_1_625' title='bbox 2539 3768 2693 3841; x_wconf 83' lang='grc' dir='ltr'>ἡμῶν</span> <span class='ocrx_word' id='word_1_626' title='bbox 2720 3767 2897 3821; x_wconf 86' lang='grc' dir='ltr'>αὐτῶν</span> <span class='ocrx_word' id='word_1_627' title='bbox 2937 3767 3261 3841; x_wconf 88' lang='grc' dir='ltr'>προθυμίας,</span> <span class='ocrx_word' id='word_1_628' title='bbox 3313 3765 3407 3818; x_wconf 74' lang='grc' dir='ltr'>καὶ</span> <span class='ocrx_word' id='word_1_629' title='bbox 3456 3764 3559 3828; x_wconf 80' lang='grc' dir='ltr'>τὰς</span> <span class='ocrx_word' id='word_1_630' title='bbox 3591 3768 3677 3828; x_wconf 83' lang='grc' dir='ltr'><strong>εἰς</strong></span> <span class='ocrx_word' id='word_1_631' title='bbox 3717 3766 3884 3827; x_wconf 77' lang='grc' dir='ltr'>ἄλλους</span> 
     </span>
    </p>
   </div>
   <div class='ocr_carea' id='block_1_84' title="bbox 2330 3850 3879 3933">
    <p class='ocr_par' dir='ltr' id='par_1_84' title="bbox 2330 3850 3879 3933">
     <span class='ocr_line' id='line_1_84' title="bbox 2330 3850 3879 3933; baseline -0.001 -19"><span class='ocrx_word' id='word_1_632' title='bbox 2330 3862 2617 3931; x_wconf 84' lang='grc' dir='ltr'>γινομένας</span> <span class='ocrx_word' id='word_1_633' title='bbox 2645 3860 3013 3933; x_wconf 85' lang='grc' dir='ltr'>παρακλήσεις</span> <span class='ocrx_word' id='word_1_634' title='bbox 3044 3859 3139 3911; x_wconf 77' lang='grc' dir='ltr'><strong>καὶ</strong></span> <span class='ocrx_word' id='word_1_635' title='bbox 3164 3856 3528 3926; x_wconf 79' lang='grc' dir='ltr'>νουθετήσεις,</span> <span class='ocrx_word' id='word_1_636' title='bbox 3552 3857 3613 3922; x_wconf 83' lang='grc' dir='ltr'><strong>ἐξ</strong></span> <span class='ocrx_word' id='word_1_637' title='bbox 3664 3850 3743 3911; x_wconf 80' lang='grc' dir='ltr'>ὧν</span> <span class='ocrx_word' id='word_1_638' title='bbox 3766 3858 3879 3929; x_wconf 75' lang='grc' dir='ltr'><strong>ὀρῶ-</strong></span> 
     </span>
    </p>
   </div>
   <div class='ocr_carea' id='block_1_85' title="bbox 2334 3947 3885 4025">
    <p class='ocr_par' dir='ltr' id='par_1_85' title="bbox 2334 3947 3885 4025">
     <span class='ocr_line' id='line_1_85' title="bbox 2334 3947 3885 4025; baseline -0.01 -18"><span class='ocrx_word' id='word_1_639' title='bbox 2334 3973 2430 4025; x_wconf 90' lang='grc' dir='ltr'><strong>μεν</strong></span> <span class='ocrx_word' id='word_1_640' title='bbox 2460 3954 2690 4024; x_wconf 84' lang='grc' dir='ltr'>μάλιστα</span> <span class='ocrx_word' id='word_1_641' title='bbox 2716 3951 3119 4022; x_wconf 87' lang='grc' dir='ltr'>κατορθούμενα</span> <span class='ocrx_word' id='word_1_642' title='bbox 3150 3950 3218 4000; x_wconf 86' lang='grc' dir='ltr'>τὰ</span> <span class='ocrx_word' id='word_1_643' title='bbox 3260 3947 3366 4000; x_wconf 83' lang='grc' dir='ltr'><strong>τῶν</strong></span> <span class='ocrx_word' id='word_1_644' title='bbox 3412 3948 3727 4019; x_wconf 73' lang='grc' dir='ltr'>ἀνθρώπων</span> <span class='ocrx_word' id='word_1_645' title='bbox 3765 3953 3885 4021; x_wconf 67' lang='grc' dir='ltr'><strong>πρά.</strong></span> 
     </span>
    </p>
   </div>
   <div class='ocr_carea' id='block_1_86' title="bbox 2331 4038 3883 4116">
    <p class='ocr_par' dir='ltr' id='par_1_86' title="bbox 2331 4038 3883 4116">
     <span class='ocr_line' id='line_1_86' title="bbox 2331 4038 3883 4116; baseline -0.001 -19"><span class='ocrx_word' id='word_1_646' title='bbox 2331 4062 2533 4116; x_wconf 85' lang='grc' dir='ltr'>γματα.</span> <span class='ocrx_word' id='word_1_647' title='bbox 2565 4045 2673 4097; x_wconf 78' lang='grc' dir='ltr'>Καὶ</span> <span class='ocrx_word' id='word_1_648' title='bbox 2700 4044 2803 4114; x_wconf 79' lang='grc' dir='ltr'><strong>μὴν</strong></span> <span class='ocrx_word' id='word_1_649' title='bbox 2836 4044 2929 4095; x_wconf 76' lang='grc' dir='ltr'>καὶ</span> <span class='ocrx_word' id='word_1_650' title='bbox 2976 4042 3172 4112; x_wconf 83' lang='grc' dir='ltr'>νόμους</span> <span class='ocrx_word' id='word_1_651' title='bbox 3218 4040 3509 4112; x_wconf 83' lang='grc' dir='ltr'>ἀνατρέποι</span> <span class='ocrx_word' id='word_1_652' title='bbox 3560 4042 3630 4095; x_wconf 81' lang='grc' dir='ltr'><strong>ἂν</strong></span> <span class='ocrx_word' id='word_1_653' title='bbox 3680 4038 3824 4104; x_wconf 77' lang='grc' dir='ltr'>οὗτος</span> <span class='ocrx_word' id='word_1_654' title='bbox 3857 4045 3883 4095; x_wconf 81' lang='grc' dir='ltr'>ὁ</span> 
     </span>
    </p>
   </div>
   <div class='ocr_carea' id='block_1_87' title="bbox 2330 4132 3875 4204">
    <p class='ocr_par' dir='ltr' id='par_1_87' title="bbox 2330 4132 3875 4204">
     <span class='ocr_line' id='line_1_87' title="bbox 2330 4132 3875 4204; baseline -0.004 -15"><span class='ocrx_word' id='word_1_655' title='bbox 2330 4136 2503 4204; x_wconf 88' lang='grc' dir='ltr'>λόγος,</span> <span class='ocrx_word' id='word_1_656' title='bbox 2530 4137 2652 4197; x_wconf 74' lang='grc' dir='ltr'>τοὺς</span> <span class='ocrx_word' id='word_1_657' title='bbox 2692 4134 2785 4187; x_wconf 87' lang='grc' dir='ltr'><strong>τοῦ</strong></span> <span class='ocrx_word' id='word_1_658' title='bbox 2808 4132 3173 4204; x_wconf 79' lang='grc' dir='ltr'>συμφέροντος</span> <span class='ocrx_word' id='word_1_659' title='bbox 3224 4132 3406 4185; x_wconf 77' lang='grc' dir='ltr'>ἕνεκεν</span> <span class='ocrx_word' id='word_1_660' title='bbox 3442 4133 3756 4204; x_wconf 78' lang='grc' dir='ltr'>ἀνθρώποις</span> <span class='ocrx_word' id='word_1_661' title='bbox 3779 4149 3875 4184; x_wconf 77' lang='grc' dir='ltr'>κει-</span> 
     </span>
    </p>
   </div>
   <div class='ocr_carea' id='block_1_88' title="bbox 2334 4223 3874 4299">
    <p class='ocr_par' dir='ltr' id='par_1_88' title="bbox 2334 4223 3874 4299">
     <span class='ocr_line' id='line_1_88' title="bbox 2334 4223 3874 4299; baseline -0.006 -16"><span class='ocrx_word' id='word_1_662' title='bbox 2334 4228 2542 4299; x_wconf 79' lang='grc' dir='ltr'>μένους.</span> <span class='ocrx_word' id='word_1_663' title='bbox 2578 4228 2641 4279; x_wconf 89' lang='grc' dir='ltr'>Τί</span> <span class='ocrx_word' id='word_1_664' title='bbox 2668 4227 2774 4296; x_wconf 86' lang='grc' dir='ltr'><strong>γὰρ</strong></span> <span class='ocrx_word' id='word_1_665' title='bbox 2795 4224 2873 4277; x_wconf 86' lang='grc' dir='ltr'><strong>δεῖ</strong></span> <span class='ocrx_word' id='word_1_666' title='bbox 2904 4224 3253 4297; x_wconf 86' lang='grc' dir='ltr'>προστάττειν</span> <span class='ocrx_word' id='word_1_667' title='bbox 3282 4223 3313 4294; x_wconf 81' lang='grc' dir='ltr'>ἢ</span> <span class='ocrx_word' id='word_1_668' title='bbox 3370 4223 3734 4293; x_wconf 74' lang='grc' dir='ltr'>ἀπαγορεύειν</span> <span class='ocrx_word' id='word_1_669' title='bbox 3773 4224 3874 4283; x_wconf 76' lang='grc' dir='ltr'>τοῖς</span> 
     </span>
    </p>
   </div>
   <div class='ocr_carea' id='block_1_89' title="bbox 2331 4314 3880 4390">
    <p class='ocr_par' dir='ltr' id='par_1_89' title="bbox 2331 4314 3880 4390">
     <span class='ocr_line' id='line_1_89' title="bbox 2331 4314 3880 4390; baseline -0.003 -18"><span class='ocrx_word' id='word_1_670' title='bbox 2331 4320 2419 4389; x_wconf 79' lang='grc' dir='ltr'><strong>ὑφ’</strong></span> <span class='ocrx_word' id='word_1_671' title='bbox 2454 4320 2642 4390; x_wconf 84' lang='grc' dir='ltr'>ἐτέρας</span> <span class='ocrx_word' id='word_1_672' title='bbox 2677 4320 2919 4389; x_wconf 81' lang='grc' dir='ltr'>ἀνάγκης</span> <span class='ocrx_word' id='word_1_673' title='bbox 2949 4317 3403 4387; x_wconf 75' lang='grc' dir='ltr'>κατεσχημένοιςς</span> <span class='ocrx_word' id='word_1_674' title='bbox 3435 4314 3556 4367; x_wconf 79' lang='grc' dir='ltr'>ἀλλ’</span> <span class='ocrx_word' id='word_1_675' title='bbox 3607 4315 3727 4367; x_wconf 73' lang='grc' dir='ltr'>οὐδὲ</span> <span class='ocrx_word' id='word_1_676' title='bbox 3765 4315 3880 4376; x_wconf 70' lang='grc' dir='ltr'>τοὺς</span> 
     </span>
    </p>
   </div>
   <div class='ocr_carea' id='block_1_90' title="bbox 2332 4404 3884 4483">
    <p class='ocr_par' dir='ltr' id='par_1_90' title="bbox 2332 4404 3884 4483">
     <span class='ocr_line' id='line_1_90' title="bbox 2332 4404 3884 4483; baseline -0.005 -18"><span class='ocrx_word' id='word_1_677' title='bbox 2332 4413 2737 4483; x_wconf 83' lang='grc' dir='ltr'>ἁμαρτάνοντας</span> <span class='ocrx_word' id='word_1_678' title='bbox 2776 4410 2953 4480; x_wconf 81' lang='grc' dir='ltr'>δεήσει</span> <span class='ocrx_word' id='word_1_679' title='bbox 2978 4408 3241 4471; x_wconf 77' lang='grc' dir='ltr'>κολάζειν.</span> <span class='ocrx_word' id='word_1_680' title='bbox 3272 4406 3344 4475; x_wconf 85' lang='grc' dir='ltr'>μὴ</span> <span class='ocrx_word' id='word_1_681' title='bbox 3384 4404 3539 4475; x_wconf 82' lang='grc' dir='ltr'><strong>παρά</strong></span> <span class='ocrx_word' id='word_1_682' title='bbox 3587 4406 3691 4477; x_wconf 73' lang='grc' dir='ltr'>τὴν</span> <span class='ocrx_word' id='word_1_683' title='bbox 3732 4404 3884 4476; x_wconf 72' lang='grc' dir='ltr'>αὐτὴν</span> 
     </span>
    </p>
   </div>
   <div class='ocr_carea' id='block_1_91' title="bbox 2331 4495 3890 4573">
    <p class='ocr_par' dir='ltr' id='par_1_91' title="bbox 2331 4495 3890 4573">
     <span class='ocr_line' id='line_1_91' title="bbox 2331 4495 3890 4573; baseline -0.004 -17"><span class='ocrx_word' id='word_1_684' title='bbox 2331 4504 2510 4557; x_wconf 77' lang='grc' dir='ltr'>αἰτίαν</span> <span class='ocrx_word' id='word_1_685' title='bbox 2553 4502 2963 4573; x_wconf 82' lang='grc' dir='ltr'>ἡμαρτηκότας,</span> <span class='ocrx_word' id='word_1_686' title='bbox 3013 4498 3133 4550; x_wconf 81' lang='grc' dir='ltr'>οὐδὲ</span> <span class='ocrx_word' id='word_1_687' title='bbox 3166 4498 3277 4559; x_wconf 82' lang='grc' dir='ltr'>τοῖς</span> <span class='ocrx_word' id='word_1_688' title='bbox 3302 4496 3371 4549; x_wconf 86' lang='grc' dir='ltr'>τὰ</span> <span class='ocrx_word' id='word_1_689' title='bbox 3428 4495 3700 4551; x_wconf 83' lang='grc' dir='ltr'>κάλλιστα</span> <span class='ocrx_word' id='word_1_690' title='bbox 3728 4497 3890 4570; x_wconf 71' lang='grc' dir='ltr'>πράτ-</span> 
     </span>
    </p>
   </div>
   <div class='ocr_carea' id='block_1_92' title="bbox 668 4581 2233 4665">
    <p class='ocr_par' dir='ltr' id='par_1_92' title="bbox 668 4590 2229 4660">
     <span class='ocr_line' id='line_1_92' title="bbox 668 4590 2229 4660; baseline 0.004 -16"><span class='ocrx_word' id='word_1_691' title='bbox 668 4590 822 4655; x_wconf 89' lang='lat' dir='ltr'><strong>dum,</strong></span> <span class='ocrx_word' id='word_1_692' title='bbox 855 4590 970 4645; x_wconf 87' lang='lat' dir='ltr'><strong>sive</strong></span> <span class='ocrx_word' id='word_1_693' title='bbox 996 4591 1373 4660; x_wconf 84' lang='lat' dir='ltr'><strong>rejiciendum,</strong></span> <span class='ocrx_word' id='word_1_694' title='bbox 1404 4608 1514 4647; x_wconf 92' lang='lat' dir='ltr'><strong>non</strong></span> <span class='ocrx_word' id='word_1_695' title='bbox 1546 4594 1769 4647; x_wconf 89' lang='lat' dir='ltr'><strong>alterius</strong></span> <span class='ocrx_word' id='word_1_696' title='bbox 1805 4609 1905 4647; x_wconf 93' lang='lat' dir='ltr'><strong>nos</strong></span> <span class='ocrx_word' id='word_1_697' title='bbox 1930 4610 2108 4650; x_wconf 63' lang='lat' dir='ltr'><strong>causa:</strong></span> <span class='ocrx_word' id='word_1_698' title='bbox 2143 4613 2229 4651; x_wconf 88' lang='lat' dir='ltr'><strong>ne-</strong></span> 
     </span>
    </p>
   </div>
   <div class='ocr_carea' id='block_1_93' title="bbox 2334 4581 3891 4665">
    <p class='ocr_par' dir='ltr' id='par_1_93' title="bbox 2334 4581 3891 4665">
     <span class='ocr_line' id='line_1_93' title="bbox 2334 4581 3891 4665; baseline -0.007 -18"><span class='ocrx_word' id='word_1_699' title='bbox 2334 4613 2477 4648; x_wconf 88' lang='grc' dir='ltr'>τουσι</span> <span class='ocrx_word' id='word_1_700' title='bbox 2509 4596 2671 4665; x_wconf 87' lang='grc' dir='ltr'>τιμὰς</span> <span class='ocrx_word' id='word_1_701' title='bbox 2713 4590 3022 4660; x_wconf 84' lang='grc' dir='ltr'>ἀπονέμειν,</span> <span class='ocrx_word' id='word_1_702' title='bbox 3061 4581 3134 4640; x_wconf 84' lang='grc' dir='ltr'>ὧν</span> <span class='ocrx_word' id='word_1_703' title='bbox 3187 4585 3447 4658; x_wconf 80' lang='grc' dir='ltr'>ἑκάτερον</span> <span class='ocrx_word' id='word_1_704' title='bbox 3476 4586 3681 4658; x_wconf 78' lang='grc' dir='ltr'>πολλὴν</span> <span class='ocrx_word' id='word_1_705' title='bbox 3721 4586 3891 4641; x_wconf 78' lang='grc' dir='ltr'>αἰτίαν</span> 
     </span>
    </p>
   </div>
   <div class='ocr_carea' id='block_1_94' title="bbox 668 4682 2227 4754">
    <p class='ocr_par' dir='ltr' id='par_1_94' title="bbox 668 4682 2227 4754">
     <span class='ocr_line' id='line_1_94' title="bbox 668 4682 2227 4754; baseline 0.002 -18"><span class='ocrx_word' id='word_1_706' title='bbox 668 4682 921 4737; x_wconf 84' lang='lat' dir='ltr'><strong>cessitate</strong></span> <span class='ocrx_word' id='word_1_707' title='bbox 963 4683 1107 4753; x_wconf 84' lang='lat' dir='ltr'><strong>cogi,</strong></span> <span class='ocrx_word' id='word_1_708' title='bbox 1159 4684 1253 4738; x_wconf 89' lang='lat' dir='ltr'><strong>sed</strong></span> <span class='ocrx_word' id='word_1_709' title='bbox 1299 4700 1526 4754; x_wconf 90' lang='lat' dir='ltr'><strong>prorsus</strong></span> <span class='ocrx_word' id='word_1_710' title='bbox 1572 4685 1880 4739; x_wconf 87' lang='lat' dir='ltr'><strong>voluntario</strong></span> <span class='ocrx_word' id='word_1_711' title='bbox 1926 4694 2126 4741; x_wconf 65' lang='lat' dir='ltr'><strong>nostra:</strong></span> <span class='ocrx_word' id='word_1_712' title='bbox 2167 4688 2227 4739; x_wconf 89' lang='lat' dir='ltr'><strong>li-</strong></span> 
     </span>
    </p>
   </div>
   <div class='ocr_carea' id='block_1_95' title="bbox 669 4772 2222 4846">
    <p class='ocr_par' dir='ltr' id='par_1_95' title="bbox 669 4772 2222 4846">
     <span class='ocr_line' id='line_1_95' title="bbox 669 4772 2222 4846; baseline 0.003 -20"><span class='ocrx_word' id='word_1_713' title='bbox 669 4772 890 4829; x_wconf 87' lang='lat' dir='ltr'><strong>bertatis</strong></span> <span class='ocrx_word' id='word_1_714' title='bbox 939 4775 1141 4846; x_wconf 89' lang='lat' dir='ltr'><strong>impetu</strong></span> <span class='ocrx_word' id='word_1_715' title='bbox 1190 4777 1255 4831; x_wconf 91' lang='lat' dir='ltr'><strong>ad</strong></span> <span class='ocrx_word' id='word_1_716' title='bbox 1296 4777 1409 4830; x_wconf 63' lang='lat' dir='ltr'><strong>haec</strong></span> <span class='ocrx_word' id='word_1_717' title='bbox 1454 4775 1721 4829; x_wconf 83' lang='lat' dir='ltr'><strong>similiave</strong></span> <span class='ocrx_word' id='word_1_718' title='bbox 1772 4777 1999 4831; x_wconf 89' lang='lat' dir='ltr'><strong>consilia</strong></span> <span class='ocrx_word' id='word_1_719' title='bbox 2055 4776 2222 4831; x_wconf 89' lang='lat' dir='ltr'><strong>ferri:</strong></span> 
     </span>
    </p>
   </div>
   <div class='ocr_carea' id='block_1_96' title="bbox 667 4867 2225 4939">
    <p class='ocr_par' dir='ltr' id='par_1_96' title="bbox 667 4867 2225 4939">
     <span class='ocr_line' id='line_1_96' title="bbox 667 4867 2225 4939; baseline 0.006 -23"><span class='ocrx_word' id='word_1_720' title='bbox 667 4875 851 4919; x_wconf 83' lang='lat' dir='ltr'><strong>errare</strong></span> <span class='ocrx_word' id='word_1_721' title='bbox 925 4867 973 4921; x_wconf 92' lang='lat' dir='ltr'><strong>is</strong></span> <span class='ocrx_word' id='word_1_722' title='bbox 1033 4868 1226 4923; x_wconf 88' lang='lat' dir='ltr'><strong>merito</strong></span> <span class='ocrx_word' id='word_1_723' title='bbox 1307 4868 1529 4939; x_wconf 88' lang='lat' dir='ltr'><strong>fallique</strong></span> <span class='ocrx_word' id='word_1_724' title='bbox 1594 4878 1902 4936; x_wconf 89' lang='lat' dir='ltr'><strong>censeatur,</strong></span> <span class='ocrx_word' id='word_1_725' title='bbox 1956 4870 2044 4939; x_wconf 92' lang='lat' dir='ltr'><strong>qui</strong></span> <span class='ocrx_word' id='word_1_726' title='bbox 2111 4871 2225 4925; x_wconf 66' lang='lat' dir='ltr'><strong>haec</strong></span> 
     </span>
    </p>
   </div>
   <div class='ocr_carea' id='block_1_97' title="bbox 666 4953 2227 5033">
    <p class='ocr_par' dir='ltr' id='par_1_97' title="bbox 666 4953 2227 5033">
     <span class='ocr_line' id='line_1_97' title="bbox 666 4953 2227 5033; baseline 0.006 -27"><span class='ocrx_word' id='word_1_727' title='bbox 666 4953 849 5009; x_wconf 81' lang='lat' dir='ltr'><strong>omnia</strong></span> <span class='ocrx_word' id='word_1_728' title='bbox 883 4955 995 5012; x_wconf 81' lang='lat' dir='ltr'><strong>fato</strong></span> <span class='ocrx_word' id='word_1_729' title='bbox 1025 4962 1262 5029; x_wconf 89' lang='lat' dir='ltr'><strong>quodam</strong></span> <span class='ocrx_word' id='word_1_730' title='bbox 1289 4961 1403 5016; x_wconf 81' lang='lat' dir='ltr'><strong>ﬁeri</strong></span> <span class='ocrx_word' id='word_1_731' title='bbox 1440 4962 1668 5017; x_wconf 84' lang='lat' dir='ltr'><strong>dixerit:</strong></span> <span class='ocrx_word' id='word_1_732' title='bbox 1715 4978 1824 5033; x_wconf 86' lang='lat' dir='ltr'><strong>quo</strong></span> <span class='ocrx_word' id='word_1_733' title='bbox 1867 4978 1976 5017; x_wconf 89' lang='lat' dir='ltr'><strong>non</strong></span> <span class='ocrx_word' id='word_1_734' title='bbox 2010 4971 2227 5017; x_wconf 88' lang='lat' dir='ltr'><strong>conten-</strong></span> 
     </span>
    </p>
   </div>
   <div class='ocr_carea' id='block_1_98' title="bbox 668 5042 2221 5121">
    <p class='ocr_par' dir='ltr' id='par_1_98' title="bbox 668 5042 2221 5121">
     <span class='ocr_line' id='line_1_98' title="bbox 668 5042 2221 5121; baseline 0.006 -26"><span class='ocrx_word' id='word_1_735' title='bbox 668 5042 869 5098; x_wconf 87' lang='lat' dir='ltr'><strong>tionem</strong></span> <span class='ocrx_word' id='word_1_736' title='bbox 894 5046 1059 5101; x_wconf 89' lang='lat' dir='ltr'><strong>modo</strong></span> <span class='ocrx_word' id='word_1_737' title='bbox 1083 5051 1434 5121; x_wconf 89' lang='lat' dir='ltr'><strong>studiumque</strong></span> <span class='ocrx_word' id='word_1_738' title='bbox 1460 5061 1729 5117; x_wconf 87' lang='lat' dir='ltr'><strong>nostrum,</strong></span> <span class='ocrx_word' id='word_1_739' title='bbox 1763 5053 1856 5108; x_wconf 85' lang='lat' dir='ltr'><strong>sed</strong></span> <span class='ocrx_word' id='word_1_740' title='bbox 1884 5054 2020 5109; x_wconf 90' lang='lat' dir='ltr'><strong>alios</strong></span> <span class='ocrx_word' id='word_1_741' title='bbox 2057 5052 2221 5107; x_wconf 90' lang='lat' dir='ltr'><strong>etiam</strong></span> 
     </span>
    </p>
   </div>
   <div class='ocr_carea' id='block_1_99' title="bbox 667 5135 2221 5201">
    <p class='ocr_par' dir='ltr' id='par_1_99' title="bbox 667 5135 2221 5201">
     <span class='ocr_line' id='line_1_99' title="bbox 667 5135 2221 5201; baseline 0.006 -12"><span class='ocrx_word' id='word_1_742' title='bbox 667 5135 749 5190; x_wconf 88' lang='lat' dir='ltr'><strong>vel</strong></span> <span class='ocrx_word' id='word_1_743' title='bbox 770 5136 1090 5192; x_wconf 77' lang='lat' dir='ltr'><strong>cohortandi</strong></span> <span class='ocrx_word' id='word_1_744' title='bbox 1118 5142 1205 5194; x_wconf 87' lang='lat' dir='ltr'><strong>vel</strong></span> <span class='ocrx_word' id='word_1_745' title='bbox 1232 5144 1617 5198; x_wconf 88' lang='lat' dir='ltr'><strong>commonendi</strong></span> <span class='ocrx_word' id='word_1_746' title='bbox 1640 5145 1749 5197; x_wconf 91' lang='lat' dir='ltr'><strong>vim</strong></span> <span class='ocrx_word' id='word_1_747' title='bbox 1784 5161 1847 5199; x_wconf 83' lang='lat' dir='ltr'><strong>ac</strong></span> <span class='ocrx_word' id='word_1_748' title='bbox 1888 5146 2221 5201; x_wconf 89' lang='lat' dir='ltr'><strong>voluntatem</strong></span> 
     </span>
    </p>
   </div>
   <div class='ocr_carea' id='block_1_100' title="bbox 665 5227 2228 5305">
    <p class='ocr_par' dir='ltr' id='par_1_100' title="bbox 665 5227 2228 5305">
     <span class='ocr_line' id='line_1_100' title="bbox 665 5227 2228 5305; baseline 0.005 -24"><span class='ocrx_word' id='word_1_749' title='bbox 665 5227 943 5298; x_wconf 82' lang='lat' dir='ltr'><strong>infringat,</strong></span> <span class='ocrx_word' id='word_1_750' title='bbox 991 5241 1098 5299; x_wconf 89' lang='lat' dir='ltr'><strong>qua</strong></span> <span class='ocrx_word' id='word_1_751' title='bbox 1145 5240 1321 5287; x_wconf 87' lang='lat' dir='ltr'><strong>tamen</strong></span> <span class='ocrx_word' id='word_1_752' title='bbox 1373 5234 1583 5289; x_wconf 88' lang='lat' dir='ltr'><strong>ratione</strong></span> <span class='ocrx_word' id='word_1_753' title='bbox 1619 5236 1963 5305; x_wconf 83' lang='lat' dir='ltr'><strong>potissimum</strong></span> <span class='ocrx_word' id='word_1_754' title='bbox 2007 5252 2093 5293; x_wconf 91' lang='lat' dir='ltr'><strong>res</strong></span> <span class='ocrx_word' id='word_1_755' title='bbox 2132 5237 2228 5290; x_wconf 90' lang='lat' dir='ltr'><strong>ho-</strong></span> 
     </span>
    </p>
   </div>
   <div class='ocr_carea' id='block_1_101' title="bbox 665 5320 2219 5397">
    <p class='ocr_par' dir='ltr' id='par_1_101' title="bbox 665 5320 2219 5397">
     <span class='ocr_line' id='line_1_101' title="bbox 665 5320 2219 5397; baseline 0.005 -23"><span class='ocrx_word' id='word_1_756' title='bbox 665 5321 871 5376; x_wconf 86' lang='lat' dir='ltr'><strong>minum</strong></span> <span class='ocrx_word' id='word_1_757' title='bbox 903 5320 1153 5377; x_wconf 87' lang='lat' dir='ltr'><strong>videmus</strong></span> <span class='ocrx_word' id='word_1_758' title='bbox 1197 5323 1332 5378; x_wconf 87' lang='lat' dir='ltr'><strong>bene</strong></span> <span class='ocrx_word' id='word_1_759' title='bbox 1376 5326 1715 5397; x_wconf 82' lang='lat' dir='ltr'><strong>feliciterque</strong></span> <span class='ocrx_word' id='word_1_760' title='bbox 1760 5328 2068 5383; x_wconf 86' lang='lat' dir='ltr'><strong>succedere.</strong></span> <span class='ocrx_word' id='word_1_761' title='bbox 2100 5326 2219 5381; x_wconf 89' lang='lat' dir='ltr'><strong>Jam</strong></span> 
     </span>
    </p>
   </div>
   <div class='ocr_carea' id='block_1_102' title="bbox 733 5455 2221 5533">
    <p class='ocr_par' dir='ltr' id='par_1_102' title="bbox 733 5455 2221 5533">
     <span class='ocr_line' id='line_1_102' title="bbox 733 5455 2221 5533; baseline 0.003 -25"><span class='ocrx_word' id='word_1_762' title='bbox 733 5455 842 5526; x_wconf 81' lang='lat'><strong>(55)</strong></span> <span class='ocrx_word' id='word_1_763' title='bbox 881 5458 1069 5533; x_wconf 57' lang='grc' dir='ltr'>Ἰξαᾷςτα</span> <span class='ocrx_word' id='word_1_764' title='bbox 1093 5455 1221 5527; x_wconf 76' lang='grc' dir='ltr'>γάρ.</span> <span class='ocrx_word' id='word_1_765' title='bbox 1248 5456 1449 5524; x_wconf 79' lang='lat' dir='ltr'><strong>Malim,</strong></span> <span class='ocrx_word' id='word_1_766' title='bbox 1474 5462 1630 5515; x_wconf 85' lang='grc' dir='ltr'>τοῦτο</span> <span class='ocrx_word' id='word_1_767' title='bbox 1659 5461 1785 5531; x_wconf 77' lang='grc' dir='ltr'>γάρ,</span> <span class='ocrx_word' id='word_1_768' title='bbox 1817 5461 2059 5533; x_wconf 86' lang='lat' dir='ltr'><strong>sequitur</strong></span> <span class='ocrx_word' id='word_1_769' title='bbox 2076 5460 2221 5515; x_wconf 85' lang='lat' dir='ltr'><strong>enim</strong></span> 
     </span>
    </p>
   </div>
   <div class='ocr_carea' id='block_1_103' title="bbox 662 5526 1124 5581">
    <p class='ocr_par' dir='ltr' id='par_1_103' title="bbox 662 5526 1124 5581">
     <span class='ocr_line' id='line_1_103' title="bbox 662 5526 1124 5581; baseline 0.006 -4"><span class='ocrx_word' id='word_1_770' title='bbox 662 5526 721 5577; x_wconf 80' lang='grc' dir='ltr'><strong>τὸ</strong></span> <span class='ocrx_word' id='word_1_771' title='bbox 756 5526 1124 5581; x_wconf 79' lang='grc' dir='ltr'>μεταϐάλλειν.</span> 
     </span>
    </p>
   </div>
   <div class='ocr_carea' id='block_1_104' title="bbox 734 5544 2223 5665">
    <p class='ocr_par' dir='ltr' id='par_1_104' title="bbox 734 5544 2223 5665">
     <span class='ocr_line' id='line_1_104' title="bbox 756 5544 1124 5647; baseline 0.008 -70"><span class='ocrx_word' id='word_1_772' title='bbox 756 5544 1124 5647; x_wconf 58' lang='grc' dir='ltr'>ἕὲταοαλλειν.</span> 
     </span>
     <span class='ocr_line' id='line_1_105' title="bbox 734 5597 2223 5665; baseline 0.003 -17"><span class='ocrx_word' id='word_1_773' title='bbox 734 5598 747 5657; x_wconf 92' lang='grc'>(</span> <span class='ocrx_word' id='word_1_774' title='bbox 825 5597 1007 5665; x_wconf 74' lang='grc' dir='ltr'><strong>)Ἀλλ’</strong></span> <span class='ocrx_word' id='word_1_775' title='bbox 1029 5602 1081 5651; x_wconf 85' lang='grc' dir='ltr'><strong>εἰ</strong></span> <span class='ocrx_word' id='word_1_776' title='bbox 1100 5599 1198 5653; x_wconf 80' lang='grc' dir='ltr'><strong>καί</strong></span> <span class='ocrx_word' id='word_1_777' title='bbox 1214 5598 1279 5650; x_wconf 85' lang='grc' dir='ltr'>τό</span> <span class='ocrx_word' id='word_1_778' title='bbox 1294 5614 1366 5651; x_wconf 86' lang='grc' dir='ltr'><strong>σε</strong></span> <span class='ocrx_word' id='word_1_779' title='bbox 1389 5601 1714 5665; x_wconf 75' lang='grc' dir='ltr'>παραινεῖν.</span> <span class='ocrx_word' id='word_1_780' title='bbox 1736 5602 1927 5655; x_wconf 86' lang='lat' dir='ltr'><strong>Totum</strong></span> <span class='ocrx_word' id='word_1_781' title='bbox 1944 5601 2045 5654; x_wconf 88' lang='lat' dir='ltr'><strong>hoc</strong></span> <span class='ocrx_word' id='word_1_782' title='bbox 2060 5616 2223 5653; x_wconf 87' lang='lat' dir='ltr'><strong>mem-</strong></span> 
     </span>
    </p>
   </div>
   <div class='ocr_carea' id='block_1_105' title="bbox 663 5665 2220 5742">
    <p class='ocr_par' dir='ltr' id='par_1_105' title="bbox 663 5665 2220 5742">
     <span class='ocr_line' id='line_1_106' title="bbox 663 5665 2220 5742; baseline 0.004 -28"><span class='ocrx_word' id='word_1_783' title='bbox 663 5665 818 5742; x_wconf 65' lang='lat' dir='ltr'><strong>brum</strong></span> <span class='ocrx_word' id='word_1_784' title='bbox 855 5666 1041 5742; x_wconf 69' lang='lat' dir='ltr'><strong>abesse</strong></span> <span class='ocrx_word' id='word_1_785' title='bbox 1070 5680 1271 5742; x_wconf 59' lang='lat' dir='ltr'><strong>posset,</strong></span> <span class='ocrx_word' id='word_1_786' title='bbox 1300 5684 1423 5723; x_wconf 90' lang='lat' dir='ltr'><strong>cum</strong></span> <span class='ocrx_word' id='word_1_787' title='bbox 1456 5674 1786 5742; x_wconf 65' lang='lat' dir='ltr'><strong>praecesserit</strong></span> <span class='ocrx_word' id='word_1_788' title='bbox 1810 5670 2220 5742; x_wconf 40' lang='grc' dir='ltr'>παραινεῖν-καὶ</span> 
     </span>
    </p>
   </div>
   <div class='ocr_carea' id='block_1_106' title="bbox 662 5734 2211 5809">
    <p class='ocr_par' dir='ltr' id='par_1_106' title="bbox 662 5734 2211 5809">
     <span class='ocr_line' id='line_1_107' title="bbox 662 5734 2211 5809; baseline 0.004 -22"><span class='ocrx_word' id='word_1_789' title='bbox 662 5734 953 5809; x_wconf 81' lang='grc' dir='ltr'>διδάσκειν.</span> <span class='ocrx_word' id='word_1_790' title='bbox 992 5734 1094 5791; x_wconf 83' lang='lat' dir='ltr'><strong>Sed</strong></span> <span class='ocrx_word' id='word_1_791' title='bbox 1148 5734 1472 5793; x_wconf 43' lang='lat' dir='ltr'><strong>Grmcorum—</strong></span> <span class='ocrx_word' id='word_1_792' title='bbox 1525 5740 1637 5792; x_wconf 64' lang='lat' dir='ltr'><strong>haec</strong></span> <span class='ocrx_word' id='word_1_793' title='bbox 1678 5734 2053 5809; x_wconf 71' lang='grc' dir='ltr'>περισσολογία</span> <span class='ocrx_word' id='word_1_794' title='bbox 2092 5740 2211 5805; x_wconf 89' lang='lat' dir='ltr'><strong>fuit,</strong></span> 
     </span>
    </p>
   </div>
   <div class='ocr_carea' id='block_1_107' title="bbox 661 5807 2215 5881">
    <p class='ocr_par' dir='ltr' id='par_1_107' title="bbox 661 5807 2215 5881">
     <span class='ocr_line' id='line_1_108' title="bbox 661 5807 2215 5881; baseline 0.002 -23"><span class='ocrx_word' id='word_1_795' title='bbox 661 5807 819 5881; x_wconf 82' lang='lat' dir='ltr'><strong>etiam</strong></span> <span class='ocrx_word' id='word_1_796' title='bbox 856 5809 1198 5881; x_wconf 68' lang='grc' dir='ltr'>σοφωτάτων.</span> <span class='ocrx_word' id='word_1_797' title='bbox 1227 5810 1545 5881; x_wconf 78' lang='lat' dir='ltr'><strong>Cujusmodi</strong></span> <span class='ocrx_word' id='word_1_798' title='bbox 1573 5812 1710 5879; x_wconf 87' lang='lat' dir='ltr'><strong>apud</strong></span> <span class='ocrx_word' id='word_1_799' title='bbox 1738 5807 2007 5865; x_wconf 70' lang='lat' dir='ltr'><strong>Platonem</strong></span> <span class='ocrx_word' id='word_1_800' title='bbox 2039 5814 2215 5881; x_wconf 88' lang='lat' dir='ltr'><strong>ipsum</strong></span> 
     </span>
    </p>
   </div>
   <div class='ocr_carea' id='block_1_108' title="bbox 659 5876 2218 5952">
    <p class='ocr_par' dir='ltr' id='par_1_108' title="bbox 659 5876 2218 5952">
     <span class='ocr_line' id='line_1_109' title="bbox 659 5876 2218 5952; baseline 0.001 -19"><span class='ocrx_word' id='word_1_801' title='bbox 659 5876 933 5946; x_wconf 80' lang='lat' dir='ltr'><strong>pleraque,</strong></span> <span class='ocrx_word' id='word_1_802' title='bbox 968 5877 1194 5949; x_wconf 86' lang='lat' dir='ltr'><strong>singulis</strong></span> <span class='ocrx_word' id='word_1_803' title='bbox 1250 5876 1321 5933; x_wconf 13' lang='lat' dir='ltr'><strong>in,</strong></span> <span class='ocrx_word' id='word_1_804' title='bbox 1350 5880 1558 5950; x_wconf 80' lang='lat' dir='ltr'><strong>paginis</strong></span> <span class='ocrx_word' id='word_1_805' title='bbox 1579 5876 1697 5947; x_wconf 46' lang='grc' dir='ltr'>[ἐκ</span> <span class='ocrx_word' id='word_1_806' title='bbox 1730 5882 2041 5952; x_wconf 84' lang='grc' dir='ltr'>περιουσίας</span> <span class='ocrx_word' id='word_1_807' title='bbox 2061 5876 2218 5936; x_wconf 72' lang='grc' dir='ltr'>’ἀίειει</span> 
     </span>
    </p>
   </div>
   <div class='ocr_carea' id='block_1_109' title="bbox 2328 4678 3887 4757">
    <p class='ocr_par' dir='ltr' id='par_1_109' title="bbox 2328 4678 3887 4757">
     <span class='ocr_line' id='line_1_110' title="bbox 2328 4678 3887 4757; baseline -0.005 -20"><span class='ocrx_word' id='word_1_808' title='bbox 2328 4686 2673 4757; x_wconf 78' lang='grc' dir='ltr'>παρέσχηκεν</span> <span class='ocrx_word' id='word_1_809' title='bbox 2698 4685 2778 4746; x_wconf 85' lang='grc' dir='ltr'><strong>εἰς</strong></span> <span class='ocrx_word' id='word_1_810' title='bbox 2808 4678 3102 4749; x_wconf 84' lang='grc' dir='ltr'>ἀναστολὴν</span> <span class='ocrx_word' id='word_1_811' title='bbox 3120 4678 3334 4742; x_wconf 85' lang='grc' dir='ltr'>ἀδικίας</span> <span class='ocrx_word' id='word_1_812' title='bbox 3380 4679 3474 4731; x_wconf 76' lang='grc' dir='ltr'><strong>καὶ</strong></span> <span class='ocrx_word' id='word_1_813' title='bbox 3522 4681 3606 4744; x_wconf 88' lang='grc' dir='ltr'><strong>εἰς</strong></span> <span class='ocrx_word' id='word_1_814' title='bbox 3641 4678 3887 4738; x_wconf 72' lang='grc' dir='ltr'>εὐποιίας</span> 
     </span>
    </p>
   </div>
   <div class='ocr_carea' id='block_1_110' title="bbox 2329 4770 3890 4847">
    <p class='ocr_par' dir='ltr' id='par_1_110' title="bbox 2329 4770 3890 4847">
     <span class='ocr_line' id='line_1_111' title="bbox 2329 4770 3890 4847; baseline -0.006 -19"><span class='ocrx_word' id='word_1_815' title='bbox 2329 4777 2666 4847; x_wconf 83' lang='grc' dir='ltr'>ἑτοιμότητα.</span> <span class='ocrx_word' id='word_1_816' title='bbox 2702 4774 2862 4827; x_wconf 83' lang='grc' dir='ltr'><strong>Ἀλλά</strong></span> <span class='ocrx_word' id='word_1_817' title='bbox 2896 4773 2987 4825; x_wconf 73' lang='grc' dir='ltr'><strong>καὶ</strong></span> <span class='ocrx_word' id='word_1_818' title='bbox 3011 4771 3106 4842; x_wconf 81' lang='grc' dir='ltr'>τὴν</span> <span class='ocrx_word' id='word_1_819' title='bbox 3136 4771 3269 4843; x_wconf 79' lang='grc' dir='ltr'>πρὸς</span> <span class='ocrx_word' id='word_1_820' title='bbox 3315 4770 3377 4824; x_wconf 79' lang='grc' dir='ltr'><strong>τὸ</strong></span> <span class='ocrx_word' id='word_1_821' title='bbox 3407 4770 3563 4824; x_wconf 85' lang='grc' dir='ltr'>Θεῖον</span> <span class='ocrx_word' id='word_1_822' title='bbox 3607 4770 3890 4823; x_wconf 80' lang='grc' dir='ltr'>εὐσέϐειαν</span> 
     </span>
    </p>
   </div>
   <div class='ocr_carea' id='block_1_111' title="bbox 2327 4863 3888 4937">
    <p class='ocr_par' dir='ltr' id='par_1_111' title="bbox 2327 4863 3888 4937">
     <span class='ocr_line' id='line_1_112' title="bbox 2327 4863 3888 4937; baseline -0.004 -18"><span class='ocrx_word' id='word_1_823' title='bbox 2327 4867 2615 4937; x_wconf 81' lang='grc' dir='ltr'>ἀνατρέποι</span> <span class='ocrx_word' id='word_1_824' title='bbox 2642 4865 2823 4934; x_wconf 54' lang='lat' dir='ltr'><strong>amas</strong></span> <span class='ocrx_word' id='word_1_825' title='bbox 2856 4867 2889 4934; x_wconf 78' lang='grc' dir='ltr'>ἡ</span> <span class='ocrx_word' id='word_1_826' title='bbox 2913 4863 3058 4929; x_wconf 81' lang='grc' dir='ltr'>δόξα,</span> <span class='ocrx_word' id='word_1_827' title='bbox 3122 4865 3236 4932; x_wconf 81' lang='grc' dir='ltr'>εἴγε</span> <span class='ocrx_word' id='word_1_828' title='bbox 3293 4864 3460 4935; x_wconf 78' lang='grc' dir='ltr'>μηδὲν</span> <span class='ocrx_word' id='word_1_829' title='bbox 3504 4865 3638 4933; x_wconf 78' lang='grc' dir='ltr'>ἡμῖν</span> <span class='ocrx_word' id='word_1_830' title='bbox 3664 4864 3695 4913; x_wconf 81' lang='grc' dir='ltr'>ὀ</span> <span class='ocrx_word' id='word_1_831' title='bbox 3720 4863 3854 4925; x_wconf 80' lang='grc' dir='ltr'>Θεὸς</span> <span class='ocrx_word' id='word_1_832' title='bbox 3876 4902 3888 4922; x_wconf 83' lang='grc'><strong>,</strong></span> 
     </span>
    </p>
   </div>
   <div class='ocr_carea' id='block_1_112' title="bbox 2330 4953 3889 5028">
    <p class='ocr_par' dir='ltr' id='par_1_112' title="bbox 2330 4953 3889 5028">
     <span class='ocr_line' id='line_1_113' title="bbox 2330 4953 3889 5028; baseline -0.003 -19"><span class='ocrx_word' id='word_1_833' title='bbox 2330 4958 2461 5027; x_wconf 85' lang='grc' dir='ltr'>μηδὲ</span> <span class='ocrx_word' id='word_1_834' title='bbox 2492 4959 2596 5028; x_wconf 84' lang='grc' dir='ltr'>μὴν</span> <span class='ocrx_word' id='word_1_835' title='bbox 2622 4956 2773 5008; x_wconf 80' lang='grc' dir='ltr'><strong>αὐτοί⁵</strong></span> <span class='ocrx_word' id='word_1_836' title='bbox 2825 4956 2873 5007; x_wconf 85' lang='grc' dir='ltr'><strong>οἰ</strong></span> <span class='ocrx_word' id='word_1_837' title='bbox 2907 4954 3070 5007; x_wconf 84' lang='grc' dir='ltr'>τῶνδε</span> <span class='ocrx_word' id='word_1_838' title='bbox 3102 4954 3435 5026; x_wconf 78' lang='grc' dir='ltr'>χρησμῳδοὶ,</span> <span class='ocrx_word' id='word_1_839' title='bbox 3487 4954 3609 5023; x_wconf 77' lang='grc' dir='ltr'>μήτ’</span> <span class='ocrx_word' id='word_1_840' title='bbox 3653 4953 3889 5023; x_wconf 81' lang='grc' dir='ltr'>εὐχομέ-</span> 
     </span>
    </p>
   </div>
   <div class='ocr_carea' id='block_1_113' title="bbox 2324 5043 3892 5118">
    <p class='ocr_par' dir='ltr' id='par_1_113' title="bbox 2324 5043 3892 5118">
     <span class='ocr_line' id='line_1_114' title="bbox 2324 5043 3892 5118; baseline -0.004 -19"><span class='ocrx_word' id='word_1_841' title='bbox 2324 5065 2460 5111; x_wconf 86' lang='grc' dir='ltr'>νοις,</span> <span class='ocrx_word' id='word_1_842' title='bbox 2529 5048 2649 5118; x_wconf 82' lang='grc' dir='ltr'>μήτ’</span> <span class='ocrx_word' id='word_1_843' title='bbox 2701 5043 2981 5099; x_wconf 87' lang='grc' dir='ltr'>εὐσεϐοῦσι</span> <span class='ocrx_word' id='word_1_844' title='bbox 3044 5047 3433 5117; x_wconf 85' lang='grc' dir='ltr'>συμϐάλλονται</span> <span class='ocrx_word' id='word_1_845' title='bbox 3540 5043 3892 5116; x_wconf 77' lang='grc' dir='ltr'>εἱμαρμένης</span> 
     </span>
    </p>
   </div>
   <div class='ocr_carea' id='block_1_114' title="bbox 2325 5134 3889 5209">
    <p class='ocr_par' dir='ltr' id='par_1_114' title="bbox 2325 5134 3889 5209">
     <span class='ocr_line' id='line_1_115' title="bbox 2325 5134 3889 5209; baseline -0.006 -15"><span class='ocrx_word' id='word_1_846' title='bbox 2325 5142 2586 5209; x_wconf 85' lang='grc' dir='ltr'>ἀνάγκαις</span> <span class='ocrx_word' id='word_1_847' title='bbox 2617 5140 3031 5209; x_wconf 86' lang='grc' dir='ltr'>πεπεδημένοις.</span> <span class='ocrx_word' id='word_1_848' title='bbox 3057 5140 3129 5192; x_wconf 83' lang='grc' dir='ltr'><strong>Τὸ</strong></span> <span class='ocrx_word' id='word_1_849' title='bbox 3177 5139 3234 5191; x_wconf 84' lang='grc' dir='ltr'>δὲ</span> <span class='ocrx_word' id='word_1_850' title='bbox 3253 5137 3405 5203; x_wconf 88' lang='grc' dir='ltr'>δίκην</span> <span class='ocrx_word' id='word_1_851' title='bbox 3431 5134 3658 5206; x_wconf 81' lang='grc' dir='ltr'>ἀψύχων</span> <span class='ocrx_word' id='word_1_852' title='bbox 3706 5136 3889 5203; x_wconf 83' lang='grc' dir='ltr'>λέγειν</span> 
     </span>
    </p>
   </div>
   <div class='ocr_carea' id='block_1_115' title="bbox 2325 5226 3894 5303">
    <p class='ocr_par' dir='ltr' id='par_1_115' title="bbox 2325 5226 3894 5303">
     <span class='ocr_line' id='line_1_116' title="bbox 2325 5226 3894 5303; baseline -0.003 -18"><span class='ocrx_word' id='word_1_853' title='bbox 2325 5232 2585 5285; x_wconf 84' lang='grc' dir='ltr'>κινεῖσθαι</span> <span class='ocrx_word' id='word_1_854' title='bbox 2615 5233 2779 5301; x_wconf 79' lang='grc' dir='ltr'>ἡμᾶς,</span> <span class='ocrx_word' id='word_1_855' title='bbox 2806 5232 2926 5303; x_wconf 78' lang='grc' dir='ltr'>τῇδε</span> <span class='ocrx_word' id='word_1_856' title='bbox 2964 5233 3057 5285; x_wconf 79' lang='grc' dir='ltr'>καὶ</span> <span class='ocrx_word' id='word_1_857' title='bbox 3084 5230 3210 5300; x_wconf 79' lang='grc' dir='ltr'>τῇδε</span> <span class='ocrx_word' id='word_1_858' title='bbox 3255 5226 3360 5279; x_wconf 81' lang='grc' dir='ltr'>ὑπό</span> <span class='ocrx_word' id='word_1_859' title='bbox 3391 5244 3533 5291; x_wconf 84' lang='grc' dir='ltr'>τινος</span> <span class='ocrx_word' id='word_1_860' title='bbox 3569 5226 3771 5291; x_wconf 77' lang='grc' dir='ltr'>ἔξωθεν</span> <span class='ocrx_word' id='word_1_861' title='bbox 3804 5229 3894 5280; x_wconf 71' lang='grc' dir='ltr'>δυο</span> 
     </span>
    </p>
   </div>
   <div class='ocr_carea' id='block_1_116' title="bbox 2323 5320 3890 5394">
    <p class='ocr_par' dir='ltr' id='par_1_116' title="bbox 2323 5320 3890 5394">
     <span class='ocr_line' id='line_1_117' title="bbox 2323 5320 3890 5394; baseline -0.003 -17"><span class='ocrx_word' id='word_1_862' title='bbox 2323 5325 2535 5394; x_wconf 88' lang='grc' dir='ltr'>νάμεως</span> <span class='ocrx_word' id='word_1_863' title='bbox 2585 5322 3201 5394; x_wconf 86' lang='grc' dir='ltr'>νευροσπαστουμένους,</span> <span class='ocrx_word' id='word_1_864' title='bbox 3256 5322 3335 5383; x_wconf 83' lang='grc' dir='ltr'><strong>εἰς</strong></span> <span class='ocrx_word' id='word_1_865' title='bbox 3386 5320 3446 5373; x_wconf 78' lang='grc' dir='ltr'><strong>τὸ</strong></span> <span class='ocrx_word' id='word_1_866' title='bbox 3494 5322 3579 5373; x_wconf 83' lang='grc' dir='ltr'>ἐπ’</span> <span class='ocrx_word' id='word_1_867' title='bbox 3613 5320 3890 5385; x_wconf 78' lang='grc' dir='ltr'>ἀνάγκαις</span> 
     </span>
    </p>
   </div>
   <div class='ocr_carea' id='block_1_117' title="bbox 2323 5474 3891 5602">
    <p class='ocr_par' dir='ltr' id='par_1_117' title="bbox 2323 5474 3891 5602">
     <span class='ocr_line' id='line_1_118' title="bbox 2323 5474 3369 5538; baseline -0.009 -25"><span class='ocrx_word' id='word_1_868' title='bbox 2323 5474 2581 5528; x_wconf 76' lang='lat' dir='ltr'><strong>reperias.</strong></span> <span class='ocrx_word' id='word_1_869' title='bbox 3201 5528 3212 5538; x_wconf 75' lang='lat'><em>_</em></span> <span class='ocrx_word' id='word_1_870' title='bbox 3357 5526 3369 5536; x_wconf 32' lang='grc' dir='ltr'>δ</span> 
     </span>
     <span class='ocr_line' id='line_1_119' title="bbox 2392 5520 3891 5602; baseline -0.007 -20"><span class='ocrx_word' id='word_1_871' title='bbox 2392 5529 2502 5600; x_wconf 83' lang='grc'><strong>(57)</strong></span> <span class='ocrx_word' id='word_1_872' title='bbox 2538 5530 2688 5597; x_wconf 81' lang='grc' dir='ltr'>Πρὸς</span> <span class='ocrx_word' id='word_1_873' title='bbox 2718 5547 2795 5602; x_wconf 83' lang='grc' dir='ltr'>τῳ</span> <span class='ocrx_word' id='word_1_874' title='bbox 2822 5531 3036 5602; x_wconf 59' lang='lat' dir='ltr'><strong>nugax.</strong></span> <span class='ocrx_word' id='word_1_875' title='bbox 3063 5525 3615 5602; x_wconf 56' lang='lat' dir='ltr'><strong>Rectiusytderetur,</strong></span> <span class='ocrx_word' id='word_1_876' title='bbox 3643 5520 3802 5602; x_wconf 41' lang='grc' dir='ltr'>πρὸς,</span> <span class='ocrx_word' id='word_1_877' title='bbox 3833 5520 3891 5572; x_wconf 75' lang='grc' dir='ltr'><strong>τὸ</strong></span> 
     </span>
    </p>
   </div>
   <div class='ocr_carea' id='block_1_118' title="bbox 2321 5593 3890 5675">
    <p class='ocr_par' dir='ltr' id='par_1_118' title="bbox 2321 5593 3890 5675">
     <span class='ocr_line' id='line_1_120' title="bbox 2321 5593 3890 5675; baseline -0.005 -23"><span class='ocrx_word' id='word_1_878' title='bbox 2321 5593 2452 5669; x_wconf 84' lang='grc' dir='ltr'>παρ.</span> <span class='ocrx_word' id='word_1_879' title='bbox 2484 5593 2675 5675; x_wconf 50' lang='grc' dir='ltr'>λιιι-εἶ</span> <span class='ocrx_word' id='word_1_880' title='bbox 2700 5601 2835 5670; x_wconf 84' lang='grc' dir='ltr'>πρὸς</span> <span class='ocrx_word' id='word_1_881' title='bbox 2862 5598 2957 5675; x_wconf 38' lang='grc' dir='ltr'>τῷ·</span> <span class='ocrx_word' id='word_1_882' title='bbox 2980 5600 3271 5675; x_wconf 68' lang='lat' dir='ltr'><strong>retinetur,</strong></span> <span class='ocrx_word' id='word_1_883' title='bbox 3299 5593 3583 5675; x_wconf 75' lang='lat' dir='ltr'><strong>legendum</strong></span> <span class='ocrx_word' id='word_1_884' title='bbox 3618 5593 3890 5675; x_wconf 72' lang='lat' dir='ltr'><strong>putarim,</strong></span> 
     </span>
    </p>
   </div>
   <div class='ocr_carea' id='block_1_119' title="bbox 2322 5667 3895 5741">
    <p class='ocr_par' dir='ltr' id='par_1_119' title="bbox 2322 5667 3895 5741">
     <span class='ocr_line' id='line_1_121' title="bbox 2322 5667 3895 5741; baseline -0.004 -19"><span class='ocrx_word' id='word_1_885' title='bbox 2322 5667 2454 5740; x_wconf 70' lang='grc' dir='ltr'>πρὸς</span> <span class='ocrx_word' id='word_1_886' title='bbox 2478 5672 2532 5723; x_wconf 84' lang='grc' dir='ltr'>δὲ</span> <span class='ocrx_word' id='word_1_887' title='bbox 2564 5671 2659 5741; x_wconf 80' lang='grc' dir='ltr'><strong>τῷ,</strong></span> <span class='ocrx_word' id='word_1_888' title='bbox 2691 5667 2755 5741; x_wconf 74' lang='grc' dir='ltr'><strong>υι</strong></span> <span class='ocrx_word' id='word_1_889' title='bbox 2780 5667 2920 5723; x_wconf 86' lang='lat' dir='ltr'><strong>nona</strong></span> <span class='ocrx_word' id='word_1_890' title='bbox 2942 5669 3066 5741; x_wconf 83' lang='lat' dir='ltr'><strong>inde</strong></span> <span class='ocrx_word' id='word_1_891' title='bbox 3088 5667 3340 5741; x_wconf 75' lang='lat' dir='ltr'><strong>periodus</strong></span> <span class='ocrx_word' id='word_1_892' title='bbox 3368 5667 3618 5741; x_wconf 72' lang='lat' dir='ltr'><strong>ineatur;</strong></span> <span class='ocrx_word' id='word_1_893' title='bbox 3641 5669 3895 5741; x_wconf 73' lang='lat' dir='ltr'><strong>turtch</strong></span> 
     </span>
    </p>
   </div>
   <div class='ocr_carea' id='block_1_120' title="bbox 2320 5729 3888 5811">
    <p class='ocr_par' dir='ltr' id='par_1_120' title="bbox 2320 5729 3888 5811">
     <span class='ocr_line' id='line_1_122' title="bbox 2320 5729 3888 5811; baseline -0.003 -19"><span class='ocrx_word' id='word_1_894' title='bbox 2320 5729 2459 5795; x_wconf 58' lang='lat' dir='ltr'><strong>nitu-5</strong></span> <span class='ocrx_word' id='word_1_895' title='bbox 2494 5729 2623 5809; x_wconf 44' lang='lat' dir='ltr'><strong>post.</strong></span> <span class='ocrx_word' id='word_1_896' title='bbox 2641 5729 2960 5811; x_wconf 68' lang='grc' dir='ltr'>πράγματα,</span> <span class='ocrx_word' id='word_1_897' title='bbox 2993 5729 3185 5792; x_wconf 78' lang='lat' dir='ltr'><strong>minori</strong></span> <span class='ocrx_word' id='word_1_898' title='bbox 3213 5730 3559 5811; x_wconf 72' lang='lat' dir='ltr'><strong>distinctione</strong></span> <span class='ocrx_word' id='word_1_899' title='bbox 3589 5745 3733 5800; x_wconf 83' lang='lat' dir='ltr'><strong>opus</strong></span> <span class='ocrx_word' id='word_1_900' title='bbox 3766 5729 3888 5787; x_wconf 85' lang='lat' dir='ltr'><strong>fue-</strong></span> 
     </span>
    </p>
   </div>
   <div class='ocr_carea' id='block_1_121' title="bbox 2322 5800 3550 5880">
    <p class='ocr_par' dir='ltr' id='par_1_121' title="bbox 2322 5800 3550 5880">
     <span class='ocr_line' id='line_1_123' title="bbox 2322 5800 3550 5880; baseline -0.007 -15"><span class='ocrx_word' id='word_1_901' title='bbox 2322 5812 2409 5866; x_wconf 92' lang='lat' dir='ltr'><strong>rit.</strong></span> <span class='ocrx_word' id='word_1_902' title='bbox 2442 5800 2594 5867; x_wconf 80' lang='lat' dir='ltr'><strong>Prior</strong></span> <span class='ocrx_word' id='word_1_903' title='bbox 2623 5800 2804 5867; x_wconf 71' lang='lat' dir='ltr'><strong>tameii</strong></span> <span class='ocrx_word' id='word_1_904' title='bbox 2830 5810 3141 5880; x_wconf 82' lang='lat' dir='ltr'><strong>conjectura</strong></span> <span class='ocrx_word' id='word_1_905' title='bbox 3168 5807 3337 5875; x_wconf 83' lang='lat' dir='ltr'><strong>magis</strong></span> <span class='ocrx_word' id='word_1_906' title='bbox 3357 5800 3550 5872; x_wconf 86' lang='lat' dir='ltr'><strong>placet.</strong></span> 
     </span>
    </p>
   </div>
  </div>
