4020 6342
120 380 235 435 4Ιῖ

1292 383 1612 437 PR/EPAR.
1651 382 1904 439 EVANG.
1940 383 2068 439 LIB.
2110 385 2197 440 Vl.

3248 388 3359 445 ΗΒ

120 498 397 569 ἐθελῆσαι
422 500 546 553 τάδε
577 500 792 570 πρᾶξαι,
827 501 916 553 καὶ
950 500 1161 553 ἑλέσθαι
1188 501 1336 569 παρά
1386 496 1704 585 προαίρεσιν.

1803 500 1950 569 ipsas
1977 516 2194 571 quoque
2218 501 2363 571 leges
2386 501 2455 556 ad
2486 501 2771 556 hominum
2816 500 3101 556 utilitatem
3134 509 3183 555 et
3214 516 3359 555 com-

121 588 327 659 ιτερα,
353 588 469 652 πῶς
495 592 593 641 οὐκ
625 590 687 643 ἂν
710 590 795 659 εἴη
824 589 1027 653 ἀναιδὲς
1053 590 1147 642 καὶ
1182 578 1662 660 ἀναισχυντότατον
1682 578 1708 655 ;’

128 679 375 752 ἐπείπερ
397 681 638 754 ἐναργῶς
665 681 1026 753 αἰσθανόμεθα
1047 683 1254 737 ἑαυτῶν
1276 684 1518 753 ἡμετέρᾳ
1556 685 1698 753 ὁρμῇ

1799 592 2019 646 modum
2047 594 2325 648 institutas
2356 595 2470 648 haec
2507 594 2695 663 opinio
2742 593 3051 649 labefactat.
3082 591 3219 649 Nam
3267 595 3357 649 cui

1799 692 1857 736 tu
1892 684 2058 750 bono,
2088 695 2186 739 aut
2224 685 2458 753 imperes
2503 684 2573 739 iis
2601 684 2903 755 quidpiam,
2933 694 3028 742 aut
3060 692 3231 751 vetes,
3262 684 3356 755 qui

130 774 237 826 καὶ
272 774 482 844 κινήσει
504 774 631 827 τάδε
661 773 783 827 τινὰ
808 774 1284 846 προθυμουμένων,
1314 776 1409 828 καὶ
1434 773 1699 844 ἀμελούν-

1803 776 1907 845 iam
1936 776 2041 830 alia
2080 775 2363 831 constricti
2408 775 2735 829 necessitate
2773 777 3096 831 teneantur?
3120 764 3231 831 lino
3259 791 3360 830 nec

132 879 249 917 των
273 866 434 919 πάλιν
458 865 664 918 ἑαυτῶν
690 864 1212 935 ἀντιλαμϐανόμεθα,
1252 866 1345 917 καὶ
1392 865 1540 935 παρὰ
1573 864 1702 918 ταύ-

136 972 243 1027 την
270 956 372 1027 τὴν
398 958 573 1010 αἰτίαν
625 955 1046 1027 κατορθούντων,
1090 955 1124 1026 ἢ
1160 955 1235 1025 μὴ
1275 955 1699 1026 κατορθούντων,

140 1050 239 1101 καὶ
271 1048 330 1113 ἐξ
348 1048 557 1110 οὐδενὸς
584 1046 769 1119 ἑτέρου
796 1047 1142 1118 βιαζομένων·
1168 1046 1300 1101 ἀλλά
1318 1046 1387 1100 τὰ
1424 1048 1521 1117 μὲν
1545 1049 1700 1099 ἑκου-

143 1141 247 1210 σίῳ
276 1139 467 1213 γνώμῃ
485 1138 837 1211 αἱρουμένων,
859 1136 927 1192 τὰ
949 1137 1006 1190 δὲ
1029 1139 1350 1206 φευγόντων,
1389 1140 1481 1192 καὶ
1508 1156 1703 1209 παραι-

139 1232 422 1303 τουμένων
445 1234 512 1285 ὲκ
533 1231 635 1301 τῆς
660 1233 694 1301 ὴ
703 1229 816 1301 μῶν
840 1229 1014 1283 αὐτῶν
1043 1231 1430 1303 προαιρέσεως.
1468 1230 1625 1284 Οὕτω
1645 1232 1702 1284 δὲ

145 1326 254 1394 ἄρα
277 1324 509 1396 ἐναργὴς
532 1319 600 1393 ἦν
618 1324 647 1375 ὁ
674 1321 767 1375 τοῦ
788 1323 1133 1376 αύθεκουσίου
1152 1323 1325 1391 λόγος,
1341 1324 1479 1377 ὥστε
1506 1324 1702 1395 ὁμοίως

146 1415 226 1484 τῷ
254 1416 435 1483 ἀλγεῖν
464 1416 558 1469 καὶ
579 1414 655 1485 τῷ
680 1414 920 1484 ἥδεσθαι,
958 1416 1050 1471 καὶ
1071 1416 1149 1486 τῷ
1191 1417 1309 1469 τόδε
1332 1435 1383 1469 τι
1431 1419 1584 1489 ὁρᾷν,
1608 1416 1704 1469 καὶ

149 1507 255 1560 τόδ’
279 1506 512 1571 ἀκούειν,
536 1508 598 1560 ού
624 1508 981 1579 συλλογισμῷ,
1006 1508 1118 1562 ἀλλ’
1156 1509 1403 1578 ἐνεργείᾳ
1427 1509 1705 1576 καταλαμ-

155 1598 454 1670 ϐανομένων
488 1598 619 1669 (58)·
672 1599 1050 1654 συναισθέσθαι
1079 1598 1285 1652 ἑαυτῶν
1318 1597 1377 1663 ἐξ
1422 1599 1578 1669 ἡμῶν
1606 1600 1705 1651 αύ-

161 1690 265 1743 τῶν
284 1691 370 1744 καὶ
403 1690 506 1760 τῆς
535 1690 804 1762 ἡμετέρας
856 1691 1046 1763 βουλῆς
1106 1691 1416 1762 ὁρμώντων,
1454 1691 1551 1742 καὶ
1576 1691 1703 1743 τάδε

160 1779 271 1831 τινὰ
292 1780 642 1850 αἱρουμένων,
669 1781 790 1834 τινὰ
830 1779 887 1833 δὲ
934 1780 1441 1851 ἀποστρεφομένων·
1474 1779 1614 1832 ὥστε
1642 1780 1702 1843 ἐξ

156 1872 381 1934 ἅπαντος
398 1872 459 1923 τὸ
477 1871 776 1942 ἐλεύθερον,
799 1872 891 1925 και
916 1872 975 1924 τὸ
1004 1872 1343 1936 αὐτεξούσιον
1362 1872 1459 1941 τῆς
1490 1873 1547 1923 ὲν
1568 1872 1698 1942 ἡμῖν
1732 1851 1773 1904 Β

156 1963 366 2034 λογικῆς
385 1966 478 2017 καὶ
510 1966 696 2036 νοερᾶς
715 1964 926 2033 φύσεως
965 1964 1185 2027 ἐνδίκως
1216 1962 1609 2034 ὁμολογεῖσθαι.
1634 1963 1699 2014 Ei

151 2056 206 2108 δὲ
242 2058 335 2110 καὶ
375 2058 527 2126 παρά
576 2056 888 2128 προαίρεσιν
938 2056 1103 2128 μυρία
1156 2056 1518 2125 συμϐαίνοντα
1568 2055 1699 2124 ἡμῖν

156 2148 271 2210 τοὺς
322 2148 547 2211 πολλοὺς
581 2149 687 2201 τῶν
738 2147 1037 2219 ἀνθρώπων
1079 2147 1354 2219 ταράττει,
1407 2146 1698 2217 διαιρετέον

163 2239 377 2294 ἐνταῦθα
404 2240 503 2310 τὴν
542 2240 647 2293 τῶν
673 2240 729 2291 ἐν
760 2234 840 2302 οἷς
870 2241 1033 2309 ἐσμεν
1060 2237 1239 2306 φύσιν,
1278 2237 1369 2290 καὶ
1398 2236 1487 2288 τὸν
1523 2236 1696 2303 λόγον,

164 2331 264 2383 καθ’
293 2331 352 2384 ὃν
376 2330 450 2399 τὰ
477 2332 576 2383 οὐκ
596 2333 681 2399 ἐφ’
698 2332 826 2400 ἡμῖν
857 2331 1083 2397 γίνεται,
1120 2327 1530 2398 ἐπιθεωρητέον.
1548 2327 1699 2380 Οὓτω

156 2422 255 2490 γὰρ
283 2422 377 2474 καὶ
422 2422 627 2475 τούτων
672 2421 733 2474 τὸ
760 2422 929 2474 αῐτιον
957 2420 1102 2484 οὕτις
1148 2420 1338 2488 ἄλογος
1388 2418 1698 2481 ἀναδέξεται

150 2512 471 2583 είμαρμέονη,
502 2513 656 2581 λόγος
684 2512 740 2566 δὲ
772 2513 930 2567 πάλιν
957 2512 1111 2574 ἄλλος
1151 2511 1249 2581 τῆς
1278 2510 1383 2563 τῶν
1410 2510 1544 2562 ὅλων
1568 2528 1699 2580 προ-

146 2602 298 2665 νοίας
320 2604 721 2675 ἀπηρτημένος.
765 2604 886 2675 Φέρ⁹
912 2599 1004 2657 οὖν
1033 2601 1303 2672 ἐπιμελῶς
1326 2600 1386 2653 τὸ
1413 2599 1698 2670 πρόϐλημα

148 2694 587 2765 ἐπισκεψώμεθα.

1800 869 2083 924 hominum
2111 869 2316 924 scelera
2348 870 2543 940 punire
2569 877 2841 938 oporteat,
2872 870 3072 941 quippe
3109 870 3203 940 qui
3238 884 3359 939 pro-

1800 969 1917 1029 pter
1937 962 2179 1015 eamdcm
2207 976 2428 1016 causam
2452 962 2728 1031 peccarint
2758 960 2932 1014 nihil:
2971 975 3071 1015 nec
3105 975 3201 1015 eos
3234 976 3359 1016 con-

1803 1063 1909 1120 tra,
1948 1054 2039 1124 qui
2073 1055 2329 1124 prteclare
2354 1070 2414 1108 se
2445 1054 2733 1121 gesserint,
2764 1053 3066 1108 honoribus
3102 1053 3358 1123 praemiis-

1801 1147 2185 1215 que'donare;
2232 1144 2379 1215 quod
2424 1154 2714 1215 utrumque
2749 1155 2927 1201 tamen
2965 1160 3088 1199 cum
3138 1145 3206 1199 ad
3252 1144 3357 1198 imp-

1801 1236 2125 1303 probitatem
2166 1236 2544 1299 coercendam,
2596 1246 2710 1291 tum
2757 1236 2825 1292 ad
2863 1235 3212 1291 excitandum
3248 1236 3357 1289 vir-

1804 1328 1933 1383 tutis
1954 1328 2214 1395 studium,
2238 1328 2497 1382 momenti
2519 1342 2730 1397 semper
2752 1343 2816 1382 ac
2841 1327 3038 1382 virium
3061 1327 3355 1397 plurimum

1803 1418 2011 1473 habuit.
2046 1417 2197 1472 Adde
2234 1417 2549 1486 religionem
2592 1433 2657 1473 ac
2688 1417 2939 1487 pietatem
2974 1417 3028 1470 in
3068 1414 3243 1471 Deum
3272 1431 3360 1471 ea-

1802 1510 1925 1564 dem
1966 1510 2229 1565 sententia
2272 1524 2451 1573 ruere,
2496 1509 2541 1564 si
2590 1524 2693 1563 nec
2731 1507 2873 1563 Deus
2913 1508 3047 1576 ipse.
3083 1522 3184 1563 nec
3226 1507 3359 1560 vati-

1802 1604 2069 1658 ciniorum
2103 1603 2330 1655 istorum
2366 1608 2638 1665 auctores,
2671 1599 2831 1671 255
2859 1601 3016 1655 nobis
3049 1600 3151 1654 hac
3189 1599 3360 1654 semel

1805 1684 1902 1749 fati
1928 1695 2248 1751 necessitate
2273 1692 2545 1761 obligatis,
2580 1693 2831 1759 precibus
2859 1693 2983 1747 licet
3012 1708 3076 1747 ac
3109 1691 3359 1762 religioni

1803 1800 2023 1855 cperam
2053 1789 2263 1849 demus,
2299 1788 2532 1855 praesidii
2564 1785 2857 1854 quidquam
2886 1791 2980 1837 aut
3005 1783 3358 1838 emolumenti
3430 1833 3435 1835 _

1801 1875 2049 1929 conferre
2081 1876 2306 1946 possint.
2355 1876 2464 1931 Nos
2512 1892 2674 1946 porro
2723 1890 2872 1929 more
2918 1875 3198 1929 brutorum
3237 1874 3358 1929 ani-

1803 1968 2088 2031 mantium,
2134 1968 2241 2022 huc
2272 1969 2505 2037 illucque
2541 1968 2702 2032 trahi,
2742 1977 2961 2021 externa
3010 1967 3082 2031 vi,
3134 1966 3359 2036 quibus-

1801 2059 1926 2113 dam
1958 2060 2112 2128 quasi
2138 2058 2359 2115 funibus
2391 2061 2769 2119 circumactos.
2816 2066 2875 2111 ut
2902 2059 3006 2111 alia
3051 2058 3363 2113 necessario

1805 2150 1983 2204 facere
2011 2150 2262 2214 velimus,
2294 2151 2396 2204 alia
2427 2160 2614 2205 contra
2646 2165 2862 2205 sensum
2894 2159 3237 2219 mentemque
3260 2164 3359 2204 no-

1807 2250 1976 2295 stram
2001 2241 2283 2309 eligamus.
2319 2242 2405 2294 cui
2448 2257 2554 2295 non
2589 2242 3026 2311 indignissimum
3061 2256 3122 2295 ac
3157 2241 3359 2309 turpis-

1806 2331 2003 2385 simum
2056 2330 2181 2398 jure
2217 2331 2497 2385 videatur?
2544 2334 2777 2386 maxime
2816 2349 2939 2388 cum
2979 2349 3077 2389 nos
3131 2334 3198 2388 ad
3253 2332 3360 2387 alia

1804 2428 1997 2488 sponte
2026 2421 2259 2487 quadam
2302 2421 2607 2490 impetuque
2633 2431 2820 2477 nostro
2861 2422 2988 2476 ferri
3020 2424 3320 2477 sentiamus
3342 2463 3360 2487 ,

1804 2508 1908 2560 alia
1942 2522 2133 2562 rursus
2164 2524 2286 2562 eum
2334 2510 2678 2581 negligimus,
2722 2511 2892 2567 nostri
2929 2520 3041 2565 tum
3084 2511 3184 2581 ipsi
3222 2527 3360 2580 quo-

1804 2615 1909 2667 que
1939 2600 2141 2653 domini
2190 2612 2574 2673 compotesque
2620 2618 2967 2668 maneamus;
3014 2604 3256 2672 adeoque
3302 2604 3357 2657 in

1804 2706 1967 2745 causa
2006 2691 2196 2757 simus,
2233 2696 2586 2761 quamobrem
2620 2694 2851 2749 feliciter
2875 2695 3029 2764 quid,
3076 2704 3172 2749 aut
3199 2710 3360 2749 secus

148 2786 387 2853 eveniat,
408 2802 525 2841 cum
550 2788 633 2841 vis
652 2787 867 2841 aliunde
890 2787 1035 2841 nulla
1058 2786 1215 2841 nobis
1268 2784 1543 2848 aﬂ'eratur,
1591 2792 1753 2852 atque
1794 2785 1903 2838 haec
1949 2785 2027 2837 uti
2081 2796 2330 2855 optamus
2377 2788 2541 2854 ultro,
2601 2789 2681 2843 sic
2729 2788 2817 2842 illa
2877 2788 3116 2843 vicissim
3174 2788 3361 2842 eadem

147 2882 313 2949 plane
364 2883 622 2949 libertate,
676 2892 770 2937 aut
809 2881 1146 2951 deiugiamus
1192 2881 1432 2946 omnino,
1480 2888 1574 2934 aut
1618 2896 1684 2933 ex
1748 2888 1897 2949 parte
1948 2880 2326 2937 detrectemus.
2364 2884 2430 2937 Et
2462 2900 2589 2939 vero
2620 2893 2730 2938 tam
2767 2894 2914 2939 certa
2968 2883 3130 2939 nobis
3173 2883 3358 2951 exploo

147 2984 374 3042 rataque
408 2984 492 3029 est
522 2976 634 3030 haec
670 2974 878 3029 arbitrii
909 2973 1077 3028 nostri
1111 2973 1272 3037 ratio,
1325 2982 1386 3026 ut
1418 2973 1638 3042 perinde
1680 2988 1747 3026 ac
1784 2974 1913 3026 dum
1965 2981 2060 3027 aut
2100 2975 2346 3030 dolemus
2375 2976 2499 3045 ipsi,
2533 2986 2626 3031 aut
2670 2975 2940 3041 laetamur,
2979 2984 3071 3032 aut
3113 2976 3360 3031 videmus

145 3068 449 3137 quidpiam,
485 3079 578 3123 aut
620 3069 889 3134 audimus,
921 3068 975 3123 id
1017 3083 1049 3122 a
1094 3068 1252 3122 nobis
1290 3083 1348 3122 re
1392 3068 1529 3136 ipsa,
1582 3081 1688 3122 non
1744 3068 2152 3124 ratiocinatione
2185 3070 2291 3125 ulla
2348 3072 2551 3142 percipi
2604 3072 2887 3137 sentimus,
2919 3072 2992 3126 ita
3043 3087 3143 3126 nos
3170 3078 3359 3139 sponte

144 3160 483 3229 consilioque
522 3171 708 3216 nostro
750 3162 895 3229 duci,
925 3176 989 3217 ac
1029 3161 1251 3216 delectis
1290 3162 1590 3226 nonnullis,
1632 3161 1703 3215 ab
1755 3162 1877 3216 aliis
1935 3162 2227 3219 abhorrere
2291 3167 2608 3221 sentiamus.
2648 3166 2897 3231 Prorsus,
2930 3174 2988 3219 ut
3024 3165 3169 3219 illam
3215 3163 3361 3219 arbi-

116 3255 239 3341 .trii
302 3240 645 3324 potestatem,
714 3273 879 3327 penes
932 3264 1181 3312 naturam
1227 3256 1369 3311 hanc
1432 3264 1673 3310 nostram
1715 3256 1926 3311 ratione
1977 3266 2032 3312 et
2072 3258 2424 3327 intelligentia
2467 3261 2744 3328 praeditam
2784 3274 2927 3323 esse,
2992 3256 3150 3312 fateri
3198 3270 3360 3311 nemo

146 3366 258 3406 non
305 3351 517 3405 debeat.
552 3350 645 3405 Sin
680 3363 861 3407 autem
916 3354 1058 3423 quod
1113 3352 1324 3407 inﬁnita
1362 3367 1576 3423 quoque
1608 3351 1765 3406 nobis
1825 3360 2017 3421 preter
2059 3353 2353 3408 voluntatis
2400 3353 2721 3424 consiliique
2756 3354 3019 3408 rationem
3075 3351 3357 3413 eveniant,

149 3440 206 3495 id
237 3441 527 3496 hominum
573 3443 766 3513 vulgus
830 3440 1139 3513 perturbat;
1198 3453 1313 3499 tum
1374 3460 1504 3500 vero
1542 3453 1596 3498 et
1640 3443 2018 3515 distinguenda
2070 3446 2505 3516 secernendaque
2557 3461 2736 3500 rerum
2784 3446 3022 3513 illarum,
3060 3444 3114 3498 in
3163 3444 3359 3514 quibus

154 3550 465 3600 versamur,
508 3542 698 3587 natura
739 3534 863 3599 erit,
909 3520 965 3588 et
1001 3518 1099 3589 illa
1135 3535 1296 3589 simul
1337 3535 1479 3590 ratio
1543 3534 1955 3598 consideranda,
2019 3550 2115 3605 per
2169 3551 2332 3605 quam
2386 3551 2449 3589 ea
2493 3536 2643 3601 liant,
2698 3551 2820 3605 quae
2857 3536 3107 3605 potestati
3162 3542 3362 3586 nostra:

153 3625 417 3680 subducta
446 3626 573 3679 sint.
613 3624 704 3679 Sic
743 3625 887 3679 enim
938 3624 1205 3692 eiusmodi
1246 3640 1463 3694 quoque
1508 3639 1689 3678 rerum
1765 3639 1987 3679 causam
2053 3642 2160 3679 non
2207 3628 2445 3681 absurdo
2490 3625 2620 3690 fato,
2668 3626 2761 3679 sed
2810 3625 2965 3679 alteri
3016 3624 3244 3679 consilio
3294 3635 3380 3677 er

150 3719 327 3773 divina
363 3733 450 3773 res
490 3720 543 3773 in
569 3733 756 3774 omnes
778 3717 1115 3773 Providentia
1162 3735 1448 3788 suspenso,
1487 3718 1826 3771 tribuendam
1872 3728 1927 3772 et
1978 3721 2359 3797 assignandam
2420 3736 2543 3775 esse
2592 3721 2879 3775 constabit.
2904 3722 3017 3789 Age
3041 3734 3190 3793 ergo,
3221 3733 3362 3788 qua-

151 3815 385 3867 stionem
419 3814 576 3867 istam
617 3812 899 3881 diligenter
928 3813 1284 3867 excutiamus.

222 3908 408 3961 Πάντα
454 3908 549 3977 μὲν
594 3906 802 3977 ἀθρόως
867 3886 933 3962 tae
960 3909 1102 3970 ,Θεοῦ
1147 3908 1400 3979 προνοίας
1456 3902 1591 3961 εἷναί
1642 3922 1701 3957 τε

1872 3903 2113 3958 Primum
2148 3904 2365 3973 quidem
2400 3904 2595 3957 divina:
2619 3901 2980 3957 Providentia:
3026 3910 3193 3967 nutu,
3233 3915 3354 3957 cum

154 4000 243 4052 καὶ
268 3997 614 4060 διοικεῖσθαι,
663 4000 713 4049 oi
764 3997 861 4067 τῆς
912 3998 1140 4070 ἀληθοῦς
1197 4000 1474 4062 εὐσεϐείας
1516 3997 1703 4068 θεσμοὶ

1803 4013 1945 4063 esse,
1981 4008 2093 4049 tum
2127 3996 2237 4064 regi
2275 3996 2436 4048 simul
2478 3996 2753 4058 universa,
2786 4010 2925 4048 verre
2962 3995 3241 4064 religionis
3273 3995 3357 4049 de

152 4090 572 4161 διαγορεύουσιν·
734 4090 789 4143 δὲ
824 4093 942 4144 κατ’
985 4088 1121 4153 εἶδος
1162 4092 1306 4154 ἰδίως
1348 4092 1553 4143 ἕκαστα
1596 4089 1703 4140 τῶν

1803 4098 1947 4143 creta
1989 4088 2259 4141 sanciunt.
2302 4086 2424 4141 Jam
2467 4103 2615 4152 vero,
2656 4103 2778 4155 qua:
2811 4087 2946 4140 iiunt
2993 4086 3225 4156 singula,
3262 4102 3360 4155 pro

155 4183 525 4253 γιγνομένων,
580 4182 649 4234 τὰ
698 4183 797 4253 μὲν
839 4182 948 4247 ἕξει
1003 4182 1135 4249 (59),
1186 4183 1253 4234 τά
1297 4181 1354 4234 δὲ
1406 4182 1583 4249 φύσει,
1637 4180 1705 4232 τὰ

158 4274 217 4324 δὲ
247 4276 384 4345 ὁρμῇ
415 4276 509 4327 καὶ
559 4275 849 4345 φαντασίᾳ,
896 4274 965 4327 τὰ
1014 4274 1071 4325 δὲ
1115 4273 1357 4343 λογισμῷ
1383 4274 1477 4325 καὶ
1528 4272 1701 4343 οἰκείᾳ

160 4346 331 4435 κρίσει
358 4381 420 4417 τε
459 4366 552 4417 καλ⁵
602 4368 910 4437 προαιρέσει
952 4365 1258 4434 κινούμενα·
1290 4366 1386 4417 rei.
1444 4363 1577 4417 ἄλλα
1608 4364 1704 4433 μὲν

156 4454 294 4508 κατά
325 4454 726 4525 προηγούμενον
758 4456 911 4525 λόγον
950 4456 1258 4525 γιγνόμενα,
1288 4455 1450 4525 ἔτερα
1476 4455 1532 4507 δὲ
1584 4455 1701 4506 κατ’

152 4545 629 4617 ὲπισυμϐεϐηκότα
661 4550 773 4611 τοῖς
795 4549 1211 4619 προηγουμένως
1244 4548 1507 4615 γεγονόσι,
1535 4548 1706 4599 ποικί-

149 4638 250 4709 λην
283 4638 380 4692 καὶ
401 4636 726 4707 πολύτροπον
744 4636 841 4707 τὴν
870 4638 960 4690 τοῦ
992 4639 1186 4701 παντὸς
1215 4640 1574 4708 συνεστήσατο
1598 4637 1707 4689 δια-

150 4732 446 4801 κόσμησιν,
500 4728 712 4798 ὲκάστῳ
737 4730 883 4798 γένει
916 4729 1025 4781 τῶν
1056 4731 1224 4782 ὄντων
1269 4730 1401 4782 ἰδίαν
1436 4730 1529 4782 καὶ
1553 4730 1706 4795 ἀφω-

152 4820 419 4892 ρισμένην
441 4820 561 4875 τινὰ
593 4820 802 4890 φύσεως
836 4822 1177 4892 κατασκευὴν
1209 4821 1303 4873 τοῦ
1325 4820 1432 4873 τῶν
1466 4820 1599 4873 ὅλων
1622 4822 1702 4872 ai-

149 4914 265 4966 τίου
293 4912 681 4984 διανείμαντος.
734 4912 900 4983 Σχολῇ
938 4912 1033 4981 μὲν
1082 4909 1174 4965 οὖν
1210 4930 1292 4977 τις
1320 4913 1411 4964 τὸν
1452 4911 1703 4982 περὶτῶν

150 5008 335 5061 ἄλλων
360 4999 612 5073 διεξέλθοι
661 5008 837 5073 λόγον’
884 5007 973 5059 τὸν
1002 5006 1058 5057 δὲ
1089 5006 1214 5073 περὶ
1244 5005 1339 5059 τοῦ
1363 5004 1702 5069 αύτεξουσίου

156 5102 290 5170 ῥᾷον
310 5098 604 5168 καταμάθοι
626 5098 691 5151 ἀν
714 5093 831 5152 ὧδε.
876 5098 1023 5149 Ἐπεὶ
1071 5096 1143 5167 μὴ
1183 5094 1461 5167 μονογενὲς
1493 5114 1544 5149 τι
1572 5097 1704 5165 χρῆ-

1802 4198 1899 4238 sua
1933 4194 2159 4250 quasque
2192 4194 2255 4233 ac
2284 4180 2540 4249 peculiari
2589 4180 2785 4242 forma,
2819 4180 2945 4232 dum
2991 4180 3096 4232 alia
3141 4178 3359 4249 quidem

1803 4275 2009 4338 habitu,
2049 4273 2150 4325 alia
2200 4283 2423 4337 natura,
2461 4287 2760 4341 rursusque
2814 4271 2916 4325 alia
2951 4272 3151 4341 impetu
3197 4280 3360 4340 atque

1805 4382 1987 4430 sensu,
2018 4368 2121 4420 alia
2156 4382 2286 4420 vero
2332 4362 2762 4427 ratiocinatione,
2793 4378 2857 4417 ac
2896 4362 3120 4432 judicio,
3154 4377 3360 4430 suaque

1805 4459 1938 4510 adeo
1973 4468 2161 4527 sponte
2191 4457 2522 4524 arbitrioque
2556 4463 2871 4508 moventur:
2914 4453 3150 4521 dumque
3202 4452 3357 4507 simi-

1802 4551 2064 4618 liter;alia
2100 4550 2365 4617 superiori
2392 4547 2622 4617 quadam
2652 4555 2705 4599 et
2733 4546 2929 4614 praevia
2961 4545 3166 4598 ratione
3199 4544 3354 4605 ﬁunt,

1784 4630 1906 4693 alia
1935 4640 2093 4693 modo
2115 4639 2450 4706 superiorum
2487 4637 2591 4688 vim
2628 4650 2692 4688 ac
2717 4636 2935 4686 ductum
2968 4642 3354 4700 consequente,

1806 4735 2009 4786 variam
2049 4747 2111 4784 ac
2147 4730 2495 4797 multiplicem
2544 4728 2705 4794 hujus
2737 4726 2973 4779 universi
3007 4725 3241 4793 speciem
3270 4740 3359 4779 or-

1806 4836 2101 4890 natumque
2143 4819 2475 4883 conflarunt;
2524 4832 2646 4870 cum
2692 4825 2879 4868 auctor
2922 4814 3164 4868 omnium
3203 4816 3360 4868 moli-

1806 4924 1994 4983 torque
2035 4910 2175 4963 Deus
2211 4925 2366 4964 suam
2409 4907 2629 4961 cuilibet
2675 4919 2854 4958 rerum
2902 4905 3084 4972 generi
3127 4906 3362 4977 singula-

1804 5022 2026 5074 remque
2091 5014 2296 5056 naturae
2362 4998 2723 5054 conditionem
2762 4995 3086 5049 attribuerit.
3130 4998 3209 5051 Ae
3253 5011 3360 5051 ea»

1805 5109 2041 5151 terarum
2078 5094 2291 5163 quidem
2315 5093 2420 5145 vim
2455 5099 2617 5157 atque
2649 5085 2912 5140 rationem
2950 5086 3173 5154 exsequi
3200 5099 3353 5140 com-

156 5209 254 5260 μα,
296 5189 418 5260 μηδ’
441 5190 504 5239 ὲκ
535 5190 661 5258 μιᾶς
714 5188 979 5251 συνεστὼς
1010 5187 1220 5254 φύσεως
1273 5189 1526 5257 τυγχάνει
1574 5186 1649 5237 ὢν
1675 5186 1703 5236 ὁ

1810 5191 2075 5258 plectique
2126 5184 2339 5239 dimcile
2390 5183 2581 5249 fuerit;
2622 5181 2829 5235 arbitrii
2881 5194 3011 5234 vero
3052 5178 3354 5230 libertatem

490 5250 555 5332 ἐξ
580 5250 792 5331 δυοϊνδὲ
817 5250 1066 5332 ἐναντίων
1108 5276 1286 5348 εἴληχε
1461 5277 1701 5337 σύνοδον,

1810 5284 1955 5333 hunc
1999 5278 2053 5330 in
2098 5276 2316 5329 modum
2355 5272 2657 5333 ostendere,
2700 5271 2856 5338 longe
2907 5266 3143 5322 facilius.
3193 5262 3358 5333 πῖνε

158 5369 411 5440 σώματος
435 5367 526 5420 καὶ
778 5369 870 5419 τοῦ
908 5370 1003 5438 μὲν
1052 5368 1190 5420 κατὰ
1244 5366 1581 5435 συμϐεϐηκὸς
1609 5366 1701 5433 ὀρ-

228 5541 345 5611 (58)
370 5540 999 5609 Καταλαμὸανομένων.
1032 5542 1189 5596 Forte
1215 5540 1417 5611 legend.
1444 5540 1516 5593 sit
1540 5557 1705 5611 κατατ-

157 5609 616 5681 λαμσανομένοις,
644 5620 704 5665 ut
729 5612 1009 5665 conveniat
1055 5628 1178 5666 cum
1222 5609 1593 5681 praecedentib.
1630 5610 1706 5678 τῷ

160 5680 594 5820 fligi:th
616 5747 755 5812 ἔξει.
798 5748 967 5820 Ἕξις,
999 5758 1055 5803 ιιι
1087 5748 1394 5820 τοολύσημόν
1434 5765 1520 5820 τι,
1538 5750 1625 5820 _sic
1655 5762 1708 5803 et

160 5817 434 5890 διαφόροις
478 5819 863 5889 ἀντικείμενον.
908 5818 1018 5875 Hoc
1074 5817 1307 5885 quidem"
1344 5822 1464 5873 loco
1499 5818 1609 5882 ἕξις
1651 5832 1704 5873 et

1806 5372 1942 5425 Cum
1971 5371 2131 5423 homo
2158 5381 2263 5418 non
2300 5381 2387 5418 res
2416 5378 2519 5416 una
2549 5363 2792 5431 qutedam
2821 5362 2891 5416 sit
2916 5367 3075 5425 atque
3102 5354 3355 5422 simplex,

1809 5546 1967 5616 φύσις
2007 5552 2400 5616 opponuntur":
2441 5556 2558 5616 meo
2588 5541 2811 5616 judicio,
2843 5536 2981 5616 quod
3021 5533 3209 5616 τολμὲν
3246 5531 3355 5584 ἕξει

1806 5604 2094 5669 έινεῖἐώαῖ
2116 5614 2184 5667 sit
2221 5615 2279 5663 ὲν
2304 5615 2414 5675 τοῖς
2442 5604 2673 5679 ἀλόγοις,
2704 5609 2762 5661 τὸ
2790 5610 2927 5659 κατὰ
2959 5604 3257 5679 συνήθειαν,
3302 5621 3359 5653 τε

1805 5704 1929 5739 vero
1970 5684 2160 5752 φύσει,
2209 5682 2315 5737 ἀπὸ
2357 5674 2732 5752 ταύτομάτου,
2764 5679 2855 5731 καὶ
2906 5674 3085 5737 καθὼς
3129 5675 3359 5728 ἕκαστον

1803 5760 2060 5807 πέφυκεν.
