3976 6340
708 386 808 440 ηδ
1290 378 1553 453 EUSEBII
1585 376 2053 434 casanteivsrs
2090 352 2240 432 opp.

2348 375 2465 431 \RS
2496 374 2557 430 ll.
2598 406 2664 415 —-
2709 330 3203 433 APOLOGETICA.
3801 381 3896 433 ιεδ

706 500 992 571 permistas
1020 512 1140 553 esse
1170 496 1432 551 voluerit:
1463 511 1587 551 cum
1622 496 1764 549 inter
1797 496 1993 565 ignem,
2027 510 2245 564 aquam,

2348 492 2591 558 ἐξουσίας
2619 493 2998 564 ἀποφέρονται,
3055 494 3313 566 ἐλευθέρᾳ
3336 498 3399 566 τῇ
3438 494 3587 564 σφῶν
3632 492 3893 567 χρώμενοι

707 600 761 645 et
793 588 1180 646 circumfusum
1230 601 1445 649 aerem,
1495 586 1724 653 illasque
1764 596 1989 638 naturas
2037 600 2247 647 omnes,

2348 582 2662 656 προαιρέσει
2686 584 2854 656 ταύτῃ
2872 585 3033 638 πάλιν
3057 586 3277 648 είκότως
3293 588 3387 639 καὶ
3402 590 3522 649 ταῖς
3545 588 3745 657 ἑτέρων
3768 589 3895 655 γνὼ-

710 692 817 735 tam
864 681 1040 735 varias
1081 688 1297 745 tamque
1339 676 1683 745 multiplices,
1723 692 1846 745 qum
1894 676 2083 731 iisdem
2142 676 2247 729 ele-

2352 692 2479 743 μαις
2521 673 2937 744 ὑποκεισόμεθα,
2983 673 3080 726 τοῦ
3117 674 3293 729 αὐτῶν
3318 676 3536 729 ἐκείνων
3557 676 3891 741 αὐτεξουσίου

707 773 898 826 mentis
929 770 1291 834 continentur,
1321 767 1502 821 sedem
1542 767 1643 836 ipsi
1671 766 2113 865 domicilium/que
2140 775 2247 820 sta-

2349 760 2448 818 ὧδέ
2478 784 2595 829 πως
2617 768 2748 837 ἡμῖν
2780 768 2920 820 κατὰ
2966 766 3060 821 τοῦ
3100 766 3348 838 σώματος
3376 767 3410 837 ἢ
3441 768 3570 839 περὶ
3602 769 3699 839 τήν
3724 768 3893 840 ψυχήν

707 860 864 915 tuerit
888 876 903 911 :
933 860 1131 912 mirum
1159 856 1396 925 profecto
1424 870 1532 910 non
1558 866 1660 922 est,
1702 857 1749 910 si
1792 871 1899 910 non
1938 856 2099 909 modo
2123 871 2246 909 cum

704 951 922 1022 propria
947 949 1341 1018 conjunctaque
1364 962 1551 1001 secum
1580 948 1822 1015 ejusdem
1864 946 2108 1016 corporis
2144 962 2244 999 na-

705 1057 847 1109 tura,
900 1058 1019 1113 qum
1061 1040 1174 1095 suis
1226 1040 1435 1109 legibus
1472 1038 1589 1106 ipsa
1624 1037 1777 1102 vivit,
1817 1050 1980 1104 grave
2016 1050 2080 1088 ac
2114 1034 2250 1089 dim-

702 1137 805 1191 cile
831 1145 1098 1189 certamen
1143 1133 1341 1194 instet,
1380 1144 1568 1183 verum
1608 1128 1769 1181 etiam
1815 1142 1937 1181 cum
1979 1128 2247 1181 sexcentis

709 1224 829 1277 aliis
856 1222 1193 1277 extrinsecus
1239 1217 1632 1287 ingruentibus,
1669 1216 1809 1269 inter
1843 1231 1964 1284 qua:
2001 1216 2245 1269 mortalis

706 1317 870 1368 homo
935 1314 1153 1380 vivere,
1202 1307 1855 1379 summaquejjtolerantia
1898 1306 2009 1359 vim
2054 1321 2245 1360 eorum

705 1404 970 1457 sustinere
996 1408 1237 1470 cogatur.
1267 1399 1555 1453 Enimvero
1592 1407 1741 1453 certa
1772 1411 1989 1466 quoque
2027 1406 2138 1450 tum
2167 1398 2247 1451 ci-

703 1480 892 1547 borum
930 1490 1283 1560 quorumdam
1311 1497 1539 1552 natura,
1586 1495 1698 1540 tum
1738 1485 1860 1539 εωὶὶ
1902 1485 2240 1553 temperatio;

701 1585 783 1637 vis
808 1583 935 1636 item
960 1582 1218 1650 frigorum
1242 1591 1514 1648 astusque
1535 1577 1866 1647 ﬂagrantior,
1893 1575 2103 1643 aliaque
2125 1590 2237 1643 per-

703 1674 890 1738 multa,
922 1681 977 1725 ut
1003 1672 1302 1741 peculiares
1334 1669 1594 1738 quasdam
1628 1678 1941 1736 naturaeque
1974 1681 2085 1719 sua:
2113 1681 2240 1735 pro-

2348 858 2643 927 χρωμένου.
2686 858 2892 929 Ὠσπερ
2939 857 3047 928 γὰρ
3101 855 3135 923 ή
3191 857 3284 910 τοῦ
3340 857 3587 928 mitti-610‘
3611 858 3767 929 ἡμῶν
3798 859 3889 927 φύε·

2349 965 2431 1010 σις
2459 950 2671 1000 νικᾶται
2717 948 2973 1010 πολλάκις
3006 947 3144 1018 πρὸς
3184 947 3290 999 τῶν
3334 946 3529 1013 ἔξωθεν
3569 948 3889 1000 ὑποπιπτόν-

2345 1054 2483 1101 των,
2545 1038 2714 1101 οὖτως
2775 1034 2925 1091 ἐστὶν
2985 1038 3076 1089 ὅτε
3124 1038 3216 1091 καὶ
3273 1038 3607 1110 προαίρεσις,
3651 1038 3756 1091 ὑπὸ
3794 1057 3887 1109 μυ-

2348 1130 2476 1199 ρίων
2497 1127 3087 1199 ἐξωθεν’ὲνοχλουμένη
3130 1130 3515 1199 προαιρέσεων,
3572 1129 3886 1200 αὐτεξουσίῳ

2343 1222 2533 1293 γνώμῃ
2567 1222 2869 1285 πεισθεῖσα,
2904 1220 3101 1290 ἑαυτὴν
3123 1223 3236 1283 τοῖς
3264 1220 3459 1286 ἔξωθεν
3482 1221 3787 1274 ὲπιδίδωσι’
3804 1224 3885 1275 καὶ

2342 1314 2463 1365 τοτὲ
2494 1315 2592 1383 μὲν
2622 1313 2875 1383 βελτίων,
2916 1314 3039 1365 τοτὲ
3074 1312 3132 1365 δὲ
3166 1312 3361 1382 χείρων
3400 1313 3767 1367 ἀποτελεῖταν
3791 1309 3880 1367 οἶδε

2344 1406 2453 1475 γὰρ
2473 1403 2725 1455 συνουσία
2752 1402 2925 1473 φαύλη
2951 1396 3227 1466 κακόνειν,
3252 1403 3440 1475 ὥσπερ
3470 1400 3536 1458 αὖ
3578 1404 3744 1456 πάλιν
3774 1408 3875 1457 τού-

2343 1492 2549 1546 ναντίον
2564 1493 2733 1543 ποιεῖν
2750 1491 3000 1560 ἀμείνους
3013 1490 3118 1544 τῶν
3150 1490 3325 1545 καλῶν
3344 1493 3547 1562 ὁμιλία.
3585 1494 3871 1562 Φθείρουσι

2343 1584 2451 1653 τὰρ
2476 1583 2588 1652 ἢθη
2612 1583 2843 1651 χρηστὰ
2894 1582 3117 1649 ὁμιλίαι
3159 1584 3340 1638 κακαί
3377 1582 3522 1653 (63)°
3570 1583 3760 1655 ὥσπερ
3800 1583 3873 1638 οὖν

2342 1678 2433 1729 καὶ
2463 1676 2688 1740 σώζουσι
2715 1674 3015 1744 βελτιοῦσαι
3031 1674 3140 1727 τῶν
3159 1674 3378 1741 ἀγαθῶν
3396 1677 3452 1728 αί
3477 1676 3772 1728 συνουσίαι.
3788 1679 3879 1729 Καὶ

705 1766 848 1834 prias
875 1764 1105 1817 habeant
1133 1771 1311 1815 motus
1336 1761 1415 1814 sui
1448 1762 1705 1823 rationes,
1733 1760 1859 1813 dum
1906 1768 2081 1812 tamen
2109 1773 2237 1812 casu

2348 1769 2513 1836 λόγοις
2549 1769 2643 1838 μὲν
2677 1770 2709 1838 ή
2742 1768 2931 1838 λογικὴ
2952 1768 3053 1836 τῆς
3081 1767 3257 1837 ψυχῆς
3282 1766 3507 1837 δύναμις
3550 1768 3660 1822 τῶν
3706 1768 3881 1834 ἔξωθεν

703 1833 803 1910 nos
838 1856 1117 1919 invadunt,
1153 1852 1607 1923 perturbationem
1642 1851 1875 1904 libertati
1909 1859 2109 1903 nostra:
2133 1864 2238 1902 non

2348 1833 2836 1927 ἐπισυμδαινόντων
2864 1833 2969 1908 ὧδέ
3276 1833 3659 1926 τῇδε-φέρεται
3679 1871 3691 1882 ·
3730 1833 3884 1923 ίσχύει

702 1947 973 2015 vulgarem
1015 1943 1206 1997 aﬂ'erre
1240 1943 1435 2005 solent,
1485 1931 1712 2010 propter
1735 1941 1925 1993 initam
1970 1941 2073 1994 sibi
2116 1956 2239 1995 cum

702 2050 929 2104 corpore
974 2037 1308 2097 societatem,
1343 2033 1500 2102 cujus
1546 2042 1733 2085 natura
1772 2046 1954 2085 rerum
1994 2042 2243 2084 externa-

704 2142 823 2180 rum
848 2128 1079 2195 impetus
1100 2124 1240 2179 ferre
1262 2139 1366 2177 non
1388 2130 1583 2192 potest,
1611 2121 1703 2175 sed
1729 2122 1796 2176 ab
1821 2122 1888 2175 iis
1914 2137 2072 2190 saepe,
2102 2130 2242 2173 tam—

704 2217 807 2273 etsi
834 2228 1041 2272 natura:
1067 2234 1179 2272 sua:
1210 2218 1263 2269 vi
1302 2217 1450 2279 ﬁant,
1489 2217 1709 2270 omnino
1761 2228 2064 2284 superatur.
2099 2213 2242 2267 Praa-

706 2320 871 2377 terea,
904 2310 1159 2380 quoniam
1200 2308 1391 2375 degere
1414 2322 1514 2361 nos
1538 2315 1753 2375 oportet
1776 2308 2091 2375 versarique
2117 2323 2239 2360 cum

706 2400 990 2470 plurimis,
1036 2398 1181 2468 iique
1223 2398 1451 2453 similem
1500 2404 1701 2449 nostra
1736 2397 1912 2450 sortiti
1958 2404 2239 2463 naturam,

703 2492 848 2561 quod
900 2500 1101 2545 nostra:
1133 2489 1403 2543 facultatis
1443 2495 1554 2551 est,
1596 2486 1829 2554 suaipsi
1868 2485 2119 2539 auferunt
2143 2501 2241 2556 po-

706 2590 917 2647 testate,
948 2579 1157 2634 arbitrii
1189 2579 1273 2633 sui
1301 2579 1545 2632 libertate
1576 2577 1661 2631 usi
1686 2592 1700 2629 :
1730 2577 1789 2630 lit
1817 2577 2001 2639 etiam,
2034 2586 2092 2630 ut
2117 2578 2245 2630 alie-

708 2688 789 2726 na:
820 2671 983 2727 simul
1011 2670 1271 2724 voluntati
1303 2670 1741 2731 succumbamus,
1771 2667 1899 2721 dum
1932 2668 2045 2735 ipsa
2086 2669 2243 2722 nobis

708 2767 853 2821 hunc
897 2765 951 2818 in
991 2748 1211 2819 modum
1237 2764 1321 2819 vel
1358 2778 1581 2832 c0rpore
1624 2762 1711 2818 vel
1757 2762 2100 2816 animotenus
2145 2761 2242 2814 ab-

706 2859 892 2913 utitur.
924 2855 1379 2923 Quemadmodum
1405 2857 1547 2909 enim
1573 2855 1642 2907 ab
1677 2855 1744 2907 iis
1766 2868 1887 2922 qua:
1912 2854 2245 2907 extrinsecus

705 2950 978 3013 eveniunt,
1031 2946 1272 3015 corporis
1319 2961 1460 3014 saepe
1501 2945 1671 2998 nostri
1735 2954 1928 2997 natura
1982 2944 2242 3011 vincitur,

708 3039 783 3091 ita
827 3038 1076 3090 voluntas
1123 3035 1238 3105 ipsa
1282 3050 1669 3103 nonnunquam
1722 3035 1984 3089 sexcentis
2017 3036 2243 3087 aliorum

709 3127 1053 3196 opinionibus
1114 3125 1507 3193 sententiisque
1573 3124 1801 3194 iactata,
1880 3136 2069 3193 sponte
2122 3126 2245 3179 licet

710 3216 871 3287 249
894 3216 1223 3284 arbitrioque
1248 3229 1380 3277 suo,
1412 3214 1673 3265 voluntati
1702 3222 1877 3266 tamen
1917 3212 2246 3266 obseeundat

710 3308 913 3361 alienae.
952 3306 1027 3358 Ita
1062 3307 1252 3358 melior
1293 3305 1406 3373 ipsa
1435 3304 1614 3367 modo,
1645 3303 1805 3356 modo
1833 3304 2061 3356 deterior
2080 3303 2246 3356 cilici-

710 3408 815 3451 tur.
854 3394 1222 3464 lmproborum
1250 3394 1391 3446 enim
1413 3393 1798 3447 consuetudine
1825 3394 2011 3461 vitium
2040 3402 2250 3447 contra-

712 3487 891 3541 himus
911 3525 925 3549 ,
971 3482 1420 3554 quemadmodum
1443 3481 1703 3537 eﬂicimur
1729 3482 2019 3549 proborum
2052 3498 2151 3536 usu
2185 3498 2250 3537 ac

713 3578 967 3631 societate
1010 3575 1277 3627 meliores.
1345 3572 1691 3640 Corrumpunt
1724 3574 1861 3625 enim
1899 3588 2063 3625 mores
2092 3573 2247 3625 bonos

711 3667 968 3735 colloquia
1000 3663 1137 3716 mala
1151 3664 1193 3694 ³ο
1219 3681 1234 3716 :
1264 3662 1480 3731 perinde
1502 3663 1774 3725 nimirum,
1793 3663 1869 3715 uti
1894 3661 2126 3714 virorum
2155 3662 2250 3715 bo-

714 3772 904 3812 norum
936 3768 1254 3824 congressus
1297 3752 1544 3804 virtutem
1585 3753 1741 3804 nobis
1768 3752 1968 3819 pariter
1993 3752 2249 3803 salutem-

714 3859 822 3915 que
849 3843 1117 3898 conciliat.
1176 3839 1390 3901 Verum,
1422 3847 1482 3891 ut
1523 3839 1685 3891 animi
1716 3838 1942 3893 facultas
1970 3839 2059 3890 illa
2086 3840 2251 3891 ratio-

720 3937 803 3992 nis
836 3948 1057 4003 compos
1077 3973 1092 3999 ,
1144 3929 1328 4009 alienis
1373 3945 1512 3998 saepe
1561 3931 1737 3983 verbis
1766 3940 1927 3999 atque
1952 3930 2250 3982 rationibus

720 4026 825 4075 hnc
867 4010 1100 4088 illucrjue
1141 4026 1376 4072 versetur
1421 4037 1435 4073 :
1472 4021 1639 4076 vincit
1688 4030 1867 4073 tamen
1916 4036 2014 4074 sua
2058 4020 2252 4071 virtute

747 4117 1155 4182 nonnunquam,
1222 4125 1427 4196 vimque
1471 4123 1628 4188 plane
1683 4115 1918 4166 divinam
1976 4109 2249 4172 ostendit;

743 4197 953 4261 quoties
994 4205 1242 4263 adversus
1290 4224 1522 4271 externos
1567 4204 1799 4260 assuitns
1849 4215 2036 4253 omnes
2084 4199 2250 4252 obﬁr-

742 4292 882 4333 mata
912 4322 927 4346 ,
986 4300 1391 4367 cunctarumque
1437 4296 1596 4346 libera
1632 4292 1863 4360 quadam
1918 4290 2253 4357 ingentiaque

736 4378 1034 4430 constantia
1070 4382 1273 4447 victrix,
1314 4382 1443 4439 nihil
1474 4398 1692 4450 usquam
1739 4381 1933 4433 virium
1976 4381 2252 4434 remittens

2344 1949 2400 2000 δὲ
2432 1949 2589 2001 πάλιν
2613 1947 2787 2000 οἰκεία
2812 1947 2904 1998 καὶ
2934 1946 3155 2015 λογικῆς
3174 1946 3363 2007 οὐσίας
3381 1945 3577 2015 ἀρετὴ,
3621 1945 3721 1998 καὶ
3754 1944 3884 1995 θείαν

2345 2038 2420 2100 ὡς
2469 2037 2682 2108 άληθῶς
2717 2036 2811 2089 καὶ⁵
2859 2036 3066 2105 θεοειδῆ
3093 2033 3192 2105 τὴν
3232 2034 3458 2102 δύναμιν
3503 2034 3882 2087 ἐπιδείκνυται·

2345 2131 2425 2181 ὅτι
2451 2139 2477 2166 α
2508 2127 2642 2199 πρὸς
2675 2128 2847 2180 πάντα
2867 2127 2934 2180 τὰ
2962 2127 3116 2191 ἐκτὸς
3142 2127 3458 2197 ἀπέχουσα,
3482 2127 3576 2179 καὶ
3617 2127 3689 2180 τὰ
3726 2127 3885 2179 πάντα

2346 2220 2610 2292 ἐλευθέρῳ
2642 2222 2945 2291 φρονήματι
2970 2218 3335 2290 ὐπερνικῶσα,
3360 2216 3493 2288 πρὸς
3520 2216 3668 2270 οὐδὲν
3687 2218 3786 2287 τῆς
3822 2220 3886 2269 οἰ-

2346 2313 2496 2375 κείας
2529 2312 2727 2383 ἀρετῆς
2768 2311 3031 2380 ὑφιεμένη
3051 2351 3066 2373 ,
3100 2310 3405 2377 φιλοσοφεῖν
3437 2308 3881 2379 παρεσκεύασται.

2349 2403 2486 2455 Ὅσα
2506 2418 2570 2469 γε
2596 2401 2699 2471 μὴν
2733 2400 2842 2471 (64)
2874 2400 3144 2470 ὀλιγωρεῖ,
3170 2398 3275 2452 ὑπὸ
3294 2399 3402 2452 τῶν
3422 2399 3681 2469 χειρόνων
3704 2397 3770 2450 τά
3790 2398 3883 2468 χεί-

2351 2508 2504 2563 ριστα
2534 2490 2844 2555 διατίθεται,
2866 2488 3053 2559 ὥσπερ
3078 2484 3169 2542 οὖν
3195 2488 3287 2541 καὶ
3316 2486 3612 2557 βελτιοῦται
3643 2488 3748 2557 τῆς
3768 2486 3883 2539 ἔσω-

2347 2584 2438 2637 θεν
2471 2583 2809 2652 τυγχάνουσα
2853 2574 3185 2649 ἐίπιμελείας.
3215 2580 3281 2632 Τί
3320 2579 3424 2651 χρὴ
3445 2580 3621 2649 λέγειν
3654 2582 3753 2633 ἐπὶ
3777 2578 3880 2632 τού-

2345 2692 2478 2736 τοις,
2497 2673 2572 2735 ὠς
2605 2673 2698 2725 καὶ
2730 2662 2892 2741 φοραὶ
2934 2670 3031 2722 καὶ
3078 2668 3295 2739 ἀφορίαι
3342 2669 3555 2722 τοιῶνδε
3598 2669 3785 2739 ψυχῶν
3804 2670 3880 2721 καὶ

2350 2764 2633 2833 σωμάτων,
2657 2761 2797 2813 κατά
2819 2778 2939 2814 τινα
2960 2761 3289 2832 περίπτωσιν
3309 2760 3521 2822 οίκείως
3544 2763 3611 2831 τῇ
3641 2760 3743 2814 τοῦ
3762 2778 3878 2812 παν-

2348 2854 2437 2916 τὸς
2464 2852 2723 2921 διοικήσει
2755 2849 3183 2920 συντελούμεναι,
3206 2843 3289 2919 ⁸εὖ
3316 2864 3378 2900 τε
3410 2848 3504 2900 καὶ
3542 2847 3724 2920 ὀρθῶς
3748 2848 3876 2918 ἔχου·

2352 2960 2439 2996 σαι
2472 2942 2551 3012 τῷ
2575 2944 2754 3005 παντὶ,
2778 2942 3030 3012 πλείστην
3049 2941 3179 3012 ὅσην
3205 2943 3315 3003 τοῖς
3328 2941 3479 2994 κατὰ
3511 2940 3701 3011 μέρος,
3724 2940 3807 2993 καὶ
3825 2939 3871 3008 δή

2350 3036 2562 3096 καὶτοῖς
2582 3034 2665 3101 ἐφ’
2684 3038 2812 3105 ἡμῖν
2831 3034 3081 3095 παντοίας
3095 3033 3357 3102 κινήσεως
3381 3031 3704 3102 περιουσίαν
3717 3033 3867 3097 ἀτειρ-

2349 3126 2612 3193 γάσαντο;
2641 3125 2781 3177 Πᾶσι
2828 3123 2885 3176 δὲ
2938 3122 3164 3177 καθόλου
3214 3123 3328 3185 τοῖς
3352 3117 3468 3175 οὖσι
3492 3160 3509 3185 ,
3540 3123 3657 3183 τοῖς
3682 3138 3743 3173 τε
3765 3128 3862 3188 παρ’

2345 3218 2491 3287 ἡμᾶς
2518 3214 2836 3284 γινομένοις,
2866 3214 2959 3267 καὶ
2983 3214 3131 3283 παρὰ
3152 3213 3247 3284 τὴν
3280 3213 3552 3287 ἡμετέραν
3577 3211 3773 3277 αἰτίαν,
3798 3209 3869 3264 καὶ

2345 3310 2458 3369 τοῖς
2487 3305 2681 3371 ἔξωθεν
2705 3304 2846 3356 κατὰ
2873 3303 3212 3374 συμϐεϐηκὸς
3225 3302 3458 3366 ἐπιοῦσι,
3490 3306 3605 3365 τοῖς
3637 3320 3706 3357 τε
3745 3314 3875 3372 (post:

2346 3397 2457 3459 κῶς
2485 3395 2907 3465 ἑνεργουμένοις,
2944 3393 3042 3462 μία
3072 3391 3349 3461 παναλκὴς
3373 3394 3467 3445 καὶ
3498 3392 3878 3463 παντοδύναμος

2347 3490 2622 3541 ἐπιστατεί
2650 3489 2682 3556 ή
2709 3485 2797 3537 διὰ
2812 3486 3024 3537 πάντων
3050 3484 3480 3555 ὲπιπορευομένη
3493 3484 3586 3538 τοῦ
3610 3483 3748 3538 Θεοῦ
3770 3482 3881 3554 πρό-

2348 3595 2485 3641 νοια,
2515 3578 2551 3647 ἢ
2580 3577 2674 3629 καὶ
2703 3576 2772 3629 τὰ
2803 3562 3028 3629 πλεῖστα
3060 3574 3351 3646 θειοτέροις
3382 3577 3511 3646 ἡμῖν
3549 3592 3607 3628 τε
3644 3576 3883 3644 ἀρρήτοις

2348 3669 2617 3736 οἰκονομεῖ
2662 3665 2859 3733 λόγοις,
2914 3666 3144 3735 εὐηνίως
3199 3666 3259 3718 τὸ
3312 3667 3422 3736 πᾶν
3468 3662 3881 3732 διακυϐερνῶσα,

2350 3759 2517 3811 πολλά
2531 3734 2602 3810 -τε
2653 3756 2873 3809 καὶτῶν
2901 3734 3222 3825 κατὰφύσιν
3263 3757 3355 3809 ἐπὶ
3467 3756 3745 3827 προσῆκον
3788 3758 3883 3817 τοῖς

2348 3854 2557 3922 καιροῖς
2588 3849 3090 3920 μετασκευάζουσα,
3145 3850 3475 3921 συνεργοῦσά
3510 3868 3585 3905 τεκ
3622 3852 3720 3903 καὶ
3763 3867 3881 3919 συμ-

2350 3942 2657 4012 πράττουσα
2683 3942 2797 4004 τοῖς
2824 3942 2907 4011 ἐφ’
2938 3942 3087 4011 ἡμῖν,
3113 3942 3206 3994 καὶ
3245 3945 3356 4004 τοῖς
3382 3943 3537 4005 ἐκτὸς
3562 3942 3727 3995 πάλιν
3760 3958 3883 4011 συμ-

2349 4035 2587 4087 ϐαίνουσι
2609 4035 2706 4105 τὴν
2738 4034 2958 4087 δέουσαν
2992 4034 3144 4101 τάξιν
3164 4035 3530 4105 ἀπονέμουσα.
3570 4035 3785 4089 Τούτων
3813 4036 3883 4094 είς

2349 4126 2471 4195 τρία
2512 4124 2695 4178 τοῦτον
2731 4125 3068 4195 διῃρημένων
3088 4126 3178 4178 τὸν
3226 4126 3449 4195 τρόπον,
3500 4125 3583 4187 εἷς
3628 4142 3689 4177 τε
3716 4125 3780 4178 τὰ
3802 4122 3877 4192 ἐφ’

2346 4218 2499 4285 ἡμῖν,
2533 4215 2739 4283 καὶ-,τὰ
2785 4215 2925 4268 κατὰ
2963 4216 3125 4283 φύσιν
3181 4217 3463 4286 γινόμενα,
3520 4216 3590 4268 τά
3650 4232 3710 4268 τε
3753 4214 3877 4267 κατὰ

2350 4305 2690 4376 συμϐεϐηκὸς
2712 4346 2727 4370 ,
2762 4306 2975 4360 πάντων
3016 4325 3076 4360 τε
3123 4310 3205 4375 ἐφ’
3225 4308 3325 4361 ἕνα
3352 4306 3507 4373 λόγον
3544 4307 3637 4359 τὸν
3675 4309 3738 4360 ὲκ
3758 4302 3880 4360 Θεοῦ

2352 4397 2542 4467 βουλῆς
2572 4398 3147 4470 ἀνακεφαλαιουμένων
3166 4416 3180 4429 ο
3216 4398 3445 4468 οὐδαμοῦ
3476 4398 3575 4469 μὲν
3599 4401 3629 4451 ὁ
3664 4400 3791 4470 περὶ
3826 4400 3886 4449 εί-

736 4474 954 4568 suarulr‘n
978 4504 991 4526 ,
1027 4469 1091 4521 ad
1119 4478 1321 4527 strenue
1351 4471 1827 4539 philosophandum
1879 4484 1997 4525 sese
2030 4486 2247 4539 compa-

2357 4489 2634 4557 μαρμένης
2649 4488 2827 4560 χώραν
2847 4487 2956 4552 ἕξει
2978 4469 3157 4555 λόγος.
3182 4488 3393 4546 Γένοιτο
3418 4488 3463 4540 δ’
3485 4488 3552 4542 ἂν
3572 4490 3706 4559 ἡμῖν
3735 4469 3885 4559 εὑρη-

736 4556 834 4600 rat.
888 4550 1040 4615 Quod
1072 4560 1299 4615 studium
1329 4561 1456 4631 (dum
1496 4562 1608 4628 ipsa
1640 4561 1873 4631 negligit,
1905 4577 1935 4614 a
1973 4561 2251 4615 deteriori-

735 4637 834 4692 bus
860 4646 1083 4709 pessime
1128 4649 1304 4703 haberi
1326 4649 1327 4652 “
1346 4650 1585 4719 aﬂicique
1605 4653 1769 4716 solet;
1804 4653 2251 4721 quemadmodum

732 4733 993 4787 exteriore
1022 4737 1163 4789 cultu
1196 4740 1447 4807 perpolita
1471 4777 1488 4801 ,
1539 4743 1759 4810 majoris
1792 4744 1844 4795 in
1876 4743 1987 4797 dies
2020 4745 2254 4812 probita-

734 4818 801 4871 tis
828 4824 1129 4878 accessione
1157 4827 1472 4883 cuinulalur.
1489 4827 1626 4893 Quid
1649 4847 1808 4898 porro
1838 4849 2255 4887 commemorare

732 4911 950 4973 attinet,
987 4922 1046 4965 ut
1083 4925 1346 4971 certorum
1388 4921 1738 4987 quorumdam
1783 4932 1836 4977 et
1874 4925 2172 4977 animorum
2205 4933 2258 4975 et

728 5015 1012 5067 corporum
1044 5014 1135 5056 aut
1156 5019 1471 5073 proventus,
1501 5018 1593 5063 aut
1616 5014 1854 5078 penuria,
1883 5016 2092 5067 tametsi
2125 5030 2257 5067 casu

729 5090 959 5151 quodam
990 5096 1055 5142 ad
1084 5095 1315 5148 universi
1352 5098 1784 5163 gubernationem
1833 5106 2044 5171 proprie
2074 5104 2255 5157 confe-

728 5186 827 5237 rat,
863 5180 1087 5249 ejusque
1122 5183 1293 5236 ordini
1324 5190 1569 5253 praeclare
1596 5192 1817 5245 omnino
1841 5196 2139 5259 conveniat,
2168 5190 2255 5248 ta-

795 5268 837 5297 “
864 5268 883 5319 I
908 5270 1028 5325 Cor.
1058 5288 1147 5338 xv,
1174 5274 1261 5327 35.
2226 5280 2233 5299 ι

797 5371 822 5397 ι
861 5354 946 5407 ισ.
974 5355 1081 5410 ὅτε.

773 5446 901 5530 ’(65)
944 5452 1179 5530 Qualia:
1226 5462 1418 5515 κακαί.
1481 5461 1591 5517 Hoc
1634 5464 1908 5519 Menandri
1958 5468 2255 5528 versiculo,

725 5525 1528 5613 ἷῖλ.ε..ξῖὲλϊῖϊῖἔεςτ,ρτρρτὶθν,καὶ
1560 5533 1654 5595 τὰς
1687 5525 2256 5613 ςυμπεριφοράςηλνρέ

725 5590 891 5673 status
932 5590 1592 5673 intelligit;Rectet‘anien
1632 5590 1824 5671 vulgat.
1868 5590 2116 5673 inierpr:
2150 5590 2256 5656 ἐοί-

721 5654 931 5742 ίοφιίρ;
963 5654 1262 5742 ῆιιιιιῖεηίῐη
1307 5669 1391 5719 διὰ
1433 5668 1602 5742 λόγων
1642 5654 2257 5742 ροῖῖδεὶηιυιιιῖαίπρὸς

720 5731 976 5808 asinino;
998 5731 1199 5808 ὁμιλίαι
1225 5753 1239 5786 :
1275 5753 1369 5789 nrt,
1399 5731 1515 5789 alio
1542 5731 1657 5789 iere
1691 5742 1796 5791 telo
1822 5731 2034 5808 gravius
2063 5731 2258 5794 tenente

720 5797 891 5849 adhuc
930 5810 979 5851 ct
1026 5797 1236 5855 illibata:
1286 5816 1507 5871 mentes,
1558 5824 1715 5876 quam
1760 5797 1967 5877 procaci
2012 5811 2255 5864 oratione

2354 4578 2487 4648 μένη
2520 4580 2613 4630 καὶ
2639 4580 2671 4646 ή
2701 4578 2851 4648 παρὰ
2890 4580 2999 4641 τοις
3044 4577 3254 4641 πολλοῖς
3278 4577 3623 4649 ἀπορουμένη
3653 4579 3760 4647 τῆς
3799 4594 3877 4631 xa-

2352 4668 2472 4729 κίας
2492 4666 2659 4737 πηγὴ,
2686 4670 2742 4719 ὲν
2767 4667 2939 4719 οὐδενὶ¹
2970 4668 3066 4737 μὲν
3086 4667 3267 4740 χώραν
3290 4668 3485 4739 ἔχουσα
3503 4668 3615 4721 τῶν
3640 4667 3781 4721 κατὰ
3802 4666 3877 4735 φιλ

2355 4774 2457 4819 σιν,
2486 4756 2596 4809 οὐτ’
2640 4756 2989 4826 ἐν’σώμασιν,
3016 4756 3127 4811 οὐτ’
3160 4761 3220 4812 ὲν
3236 4758 3446 4821 οὐσίαις
3483 4760 3887 4826 πνευματικαῖς,

2353 4850 2542 4903 πολλοῦ
2564 4850 2643 4901 δεῖ
2666 4848 2775 4917 (65)
2813 4850 2871 4901 ὲν
2893 4852 3003 4913 τοῖς
3029 4848 3169 4903 κατὰ
3196 4848 3537 4919 ωμὸεὸηκδς
3561 4846 3759 4911 ἔξωθεν
3783 4850 3886 4900 ὲπι-

2351 4943 2681 5012 γινομένοις’
2733 4938 2977 5009 εὑρεθείη
3011 4940 3056 4992 δ’
3095 4940 3159 4993 ἂν
3192 4941 3251 4992 ὲν
3288 4937 3425 5008 μόνῃ
3465 4940 3532 5007 τῇ
3578 4937 3677 5006 τῆς
3724 4938 3889 5007 ψυχῆς

2352 5013 2785 5101 αὐτοπροαιρέτῳ
2842 5034 3048 5101 κινήσει
3096 5030 3193 5083 καὶ
3229 5030 3287 5081 ὲν
3318 5026 3489 5097 ταύτῃ
3512 5027 3721 5097 οὐχόαε
3763 5027 3893 5079 κατὰ

2355 5120 2511 5188 φύσιν
2544 5118 2825 5188 βαδίζουσα
2843 5118 2941 5188 τὴν
2969 5117 3181 5170 εὐθεῖαν
3210 5114 3403 5179 ὁδεύει,
3430 5115 3545 5168 ἀλλ’
3572 5116 3662 5173 ὅτε
3681 5116 3782 5185 τῆς
3804 5116 3892 5185 βα-

2357 5210 2565 5277 σιλικῆς
2601 5211 2837 5264 ὲκστᾶσα
2857 5208 3035 5278 οἰκείᾳ
3060 5206 3249 5277 γνώμῃ
3270 5204 3369 5276 τὴν
3398 5204 3547 5279 παρὰ
3583 5206 3746 5276 φύσιν
3774 5205 3892 5276 τρέ-

2358 5474 2726 5526 vulnerantur.
2757 5471 2873 5536 Qua
2899 5469 2963 5522 de
2988 5467 3049 5523 re
3079 5467 3218 5526 infra
3244 5469 3514 5538 pluribus.
3547 5466 3639 5523 ubi
3677 5481 3749 5538 ex
3780 5462 3893 5519 Plz.

2358 5552 2499 5599 lone,
2527 5543 2591 5593 de
2618 5542 2864 5594 habendo
2895 5538 3197 5594 fabularum
3228 5536 3640 5605 carminumque
3662 5536 3887 5589 delectu.

2426 5611 2535 5674 (64)
2567 5612 2711 5661 Ὅσα
2744 5626 2807 5677 γε
2839 5606 2982 5677 μήν.
3013 5608 3071 5661 Si
3092 5609 3251 5677 locus
3283 5607 3486 5677 integer
3532 5614 3636 5667 est,
3667 5605 3774 5658 ὃσα
3801 5615 3893 5673 po-

2356 5680 2482 5737 suit,
2510 5695 2611 5745 pro
2635 5675 2759 5729 καθ’
2781 5680 2879 5729 ὅσα
2902 5676 2981 5729 vel
3009 5676 3130 5729 καθ’
3158 5678 3298 5739 ὅσον,
3328 5675 3381 5729 id
3402 5685 3486 5729 est
3512 5682 3790 5745 quatenus.

2424 5747 2533 5814 (ὃὸ)
2560 5747 2795 5799 Πολλοῦ
2819 5745 2925 5799 δεῖ.
2950 5747 3030 5798 ita
3055 5745 3391 5813 reposuimus
3412 5759 3476 5800 ex
3500 5745 3592 5797 alt.
3623 5753 3892 5801 manusc.,

2356 5831 2473 5868 cum
2510 5826 2630 5869 ante
2661 5816 2722 5883 δή
2754 5830 3027 5883 perperam
3054 5814 3338 5883 legeretur.
