4020 6342
22 418 126 472 123

1217 420 1537 474 ΡῐὶᾸΕῐδᾹῐῖ.
1584 420 1836 473 ΕΥΑΝΟ.
1875 420 2001 474 LIB.
2048 420 2130 473 Vl.

3187 421 3284 506 ιζϐ

22 548 239 596 σεται,
303 533 440 604 αὐτὴ
484 534 683 603 ἑαυτῆς
741 534 1057 587 καθεστῶσα
1120 538 1301 607 κυρία.
1380 538 1610 589 Ἐπειῖάε

1731 553 1850 590 men
1881 551 2002 590 cum
2024 521 2267 607 Singulis
2292 536 2556 605 partibus,
2611 544 2722 589 tum
2756 536 2820 589 iis
2848 553 3061 606 quoque
3106 540 3266 596 rebus

22 624 183 678 τοῦτο
215 628 407 698 γέρας
436 625 704 696 ἐξαίρετον
727 627 872 696 παρὰ
904 627 1038 681 Θεοῦ
1068 627 1323 692 λαϐοῦσα,
1367 629 1620 701 ἐλευθέρα

22 715 112 768 καὶ
152 717 540 788 αὐτοκράτωρ
567 719 840 786 τυγχάνει,
866 718 965 786 τῆς
989 720 1195 782 οἰκείας
1214 722 1388 790 ὁρμῆς
1418 721 1479 773 τὸ
1505 739 1623 790 κρι-

22 807 222 875 τήριον
258 809 353 868 εἰς
385 805 579 876 ἑαυτὴν
599 806 1012 878 άναδεδειγμένη
1033 808 1142 878 (66)
1165 825 1178 838 ·
1211 811 1367 879 νόμος
1392 810 1461 862 δὲ·
1482 809 1621 873 θεῖος

22 899 162 967 αὐτῇ
205 897 652 968 συνεζευγμένος
681 899 820 951 κατὰ
853 899 1011 967 φύσιν
1032 901 1346 973 λαμπτῆρος
1390 903 1483 954 καὶ
1512 921 1621 971 φω-

22 992 238 1064 στῆρος
270 992 434 1063 δίκην
455 993 726 1062 ,ἐπιφωνεί
746 988 953 1045 ἔνδοθεν
979 993 1202 1063 ὑπηχῶν
1239 995 1373 1064 αὐτῇ
1417 997 1511 1048 καὶ
1543 996 1623 1047 λέ-

22 1098 136 1148 γων
157 1099 172 1111 ·
219 1082 374 1152 Ὁδῷ
402 1081 649 1152 βασιλικῇ
696 1083 968 1154 πορεύσῃ,
999 1084 1098 1135 οὐκ
1146 1086 1410 1148 ἐκκλινείς
1449 1087 1618 1152 δεξιά,

22 1175 147 1227 οὐδὲ
191 1176 477 1246 ἀριστερά
498 1193 512 1205 ο
548 1174 830 1246 βασιλικὴν
861 1175 958 1246 τὴν
993 1176 1131 1229 κατά
1163 1177 1252 1230 τὸν
1285 1178 1440 1247 ὀρθὸν
1466 1179 1620 1246 λόγον

23 1267 265 1338 πορείαν
291 1261 435 1320 εἶναι
464 1267 747 1320 διδάσκων.
779 1266 978 1319 Τοῦτον
1006 1269 1114 1339 γάρ
1143 1269 1332 1341 ἁπάσῃ
1359 1270 1502 1340 ψυχῇ
1529 1289 1621 1338 φυ-

23 1357 183 1411 σικὸν
212 1359 392 1427 νόμον
423 1357 613 1427 βοηθὸν
637 1359 772 1428 αὐτῇ
799 1358 889 1410 καὶ⁸
913 1358 1195 1428 σύμμαχον
1219 1361 1311 1414 ἐπὶ
1343 1360 1451 1412 τῶν
1474 1379 1616 1432 πρα-

27 1449 210 1501 κτέων
244 1450 277 1499 ὁ
304 1447 415 1499 τῶν
445 1449 582 1499 ὅλων
615 1449 946 1518 Δημιουργὸς
987 1451 1323 1520 ὑπεστήσατο
1345 1469 1357 1480 ·
1394 1450 1480 1504 διὰ
1522 1453 1618 1521 μὲν

27 1537 125 1590 τοῦ
157 1539 359 1607 νόμου,
381 1538 481 1609 τὴν
508 1538 720 1590 εὐθεῖαν
737 1539 869 1610 αὐτῇ
906 1540 1236 1610 παραδείξας
1267 1543 1411 1603 ὁδὸν,
1444 1543 1531 1595 διά
1563 1543 1617 1594 δὲ

34 1628 136 1697 τῆς
162 1628 308 1698 αὐτῇ
360 1628 740 1698 δεδωρημένης
780 1629 1120 1692 αὐτεξουσίου
1157 1631 1464 1703 ἐλευθερίας
1518 1633 1618 1704 τὴν

39 1719 153 1770 τῶν
176 1722 502 1790 κρειττόνων
529 1721 741 1790 αἵρεσιν
774 1723 994 1775 ἐπαίνου
1022 1725 1114 1776 καὶ
1157 1725 1429 1794 ἀποδοχῆς
1463 1726 1618 1792 ἀξίαν

46 1811 228 1881 ἀποφὴ
239 1828 354 1874 νας,
382 1811 556 1880 γερῶν
591 1829 648 1864 τε
670 1815 762 1865 καὶ
788 1813 1046 1882 μειζόνων
1075 1815 1341 1876 ἐπάθλων,
1364 1816 1471 1868 τῶν
1525 1817 1616 1869 ἐπὶ

40 1903 154 1962 τοῖς
192 1904 668 1974 κατορθουμένοις,
697 1906 774 1957 ὅτι
808 1905 881 1974 μὴ
905 1905 1272 1974 βεϐιασμένως
1291 1947 1304 1969 ,
1337 1905 1528 1978 γνώμῃ
1559 1906 1615 1957 δὲ

38 1991 377 2063 αὖτεξουσίῳ
415 1995 713 2066 κατώρθου,
745 1997 915 2064 παρὸν
947 1997 1040 2049 καὶ
1085 1997 1179 2066 τὴν
1215 1997 1461 2050 ἐναντίαν
1499 1997 1612 2048 ἐλέ-

43 2085 162 2137 σθαι
185 2103 199 2113 ο
225 2086 308 2149 ὼς
335 2085 566 2155 ἔμπαλιν
588 2087 685 2157 τὴν
705 2091 770 2140 τά
794 2089 1038 2157 χείριστα
1057 2087 1315 2158 ἑλομένην
1331 2087 1497 2156 ψόγου
1520 2088 1612 2140 καὶ

50 2175 325 2245 nymph;
373 2172 506 2227 εἶναι
548 2176 734 2242 ἀξίαν,
783 2176 876 2229 ἇτε
907 2179 1080 2247 οἰκείᾳ
1131 2180 1338 2248 κινήσει
1378 2179 1470 2231 τοῦ
1514 2181 1610 2248 μὲν

48 2266 184 2317 κατὰ
229 2265 394 2333 φύσιν
432 2267 595 2336 νόμου
621 2267 1102 2337 παραμελῆσασαν,
1133 2269 1327 2330 κακίας
1349 2269 1406 2321 δὲ
1439 2270 1610 2340 ἀρχὴν

52 2358 141 2409 καὶ
168 2357 352 2427 πηγὴν
377 2347 840 2428 ἀπογεννήσασαν,
877 2357 1088 2424 φαύλως
1126 2376 1183 2410 τε
1211 2360 1373 2429 ἑαυτῇ
1409 2377 1608 2430 κεχρη-

54 2449 230 2519 μένην,
256 2451 360 2502 οὐκ
393 2450 470 2501 ἔτι
494 2452 636 2512 τινος
675 2450 871 2515 ἔξωθεν
908 2451 1179 2522 ἀνάγκης,
1216 2451 1326 2503 ἀλλ’
1373 2451 1432 2514 ἐξ
1464 2452 1609 2503 ἐλευ-

47 2538 204 2609 θέρας
228 2539 455 2610 γνώμης
482 2557 541 2592 τε
565 2541 656 2593 καὶ
681 2542 931 2611 κρίσεως.
957 2541 1111 2594 Αἰτία
1136 2541 1199 2612 δὴ
1219 2541 1312 2593 τοῦ
1335 2541 1604 2611 ἑλομένου,

42 2626 171 2690 Geo;
200 2629 457 2690 ἀναίτιος.
485 2626 620 2681 Οὔτε
655 2629 762 2699 γὰρ
791 2630 947 2698 φύσιν
972 2630 1179 2700 φαύλην
1199 2633 1226 2682 ὁ
1262 2630 1392 2692 Θεὸς
1423 2630 1607 2700 εἰργά-

41 2733 196 2777 σατο,
221 2717 347 2770 οὐδὲ
367 2735 428 2785 γε
447 2718 621 2788 ψυχῆς
649 2720 855 2773 οὐσίαν.
894 2720 1105 2790 Ἀγαθῷ
1147 2721 1254 2790 γάρ
1285 2720 1434 2772 οὐδὲν
1471 2720 1607 2789 πλὴν

38 2809 230 2876 ἀγαθά
251 2810 589 2879 δημιουργεῖν
619 2809 798 2880 θέμις.
840 2811 1061 2879 Ἀγαθὸν
1093 2811 1150 2863 δὲ
1185 2814 1288 2863 πᾶν
1317 2812 1345 2863 ὃ
1376 2829 1427 2864 τι
1470 2810 1609 2863 κατὰ

41 2901 238 2968 φύσιν·
287 2902 423 2971 ψυχῇ
445 2902 500 2955 δὲ
531 2902 680 2972 πάσῃ
706 2903 895 2972 λογικῇ
933 2902 1072 2955 κατὰ
1104 2905 1262 2970 φύσιν
1289 2905 1517 2976 πάρεστι
1548 2905 1608 2956 τὸ

42 2992 391 3057 αὐτεξούσιον
417 2992 615 3060 ἀγαθὸν
639 3033 654 3056 ,
689 2994 781 3045 καὶ
810 2993 966 3046 τοῦτο
1010 2995 1096 3045 ἐπ’
1135 2993 1352 3061 ἀγαθῶν
1401 2997 1608 3066 αἱρέσει

42 3083 424 3152 γεγενημένον.
465 3083 682 3145 Φαύλως
716 3083 771 3135 δὲ
803 3083 890 3135 ὅτε
921 3084 1179 3154 πράττει,
1216 3087 1274 3137 οὐ
1311 3087 1409 3154 τὴν
1447 3086 1605 3153 φύσιν

47 3174 316 3227 αἰτιατέον
335 3192 348 3202 ·
393 3176 452 3227 οὐ
491 3176 598 3246 γάρ
629 3175 768 3228 κατὰ
788 3174 950 3242 φύσιν
969 3215 983 3237 ,
1019 3177 1169 3245 παρά
1196 3176 1355 3244 φύσιν
1385 3177 1443 3229 δὲ
1469 3178 1603 3247 αὐτῇ

49 3266 251 3331 γίνεται
272 3266 334 3318 τὸ
362 3267 580 3334 φαῦλον,
617 3267 984 3337 προαιρέσεως
1009 3268 1087 3331 ὃν,
1118 3269 1231 3320 ἀλλ’
1254 3268 1373 3337 οὐχὶ
1395 3267 1604 3336 φύσεως
1633 3263 1674 3317 C

53 3353 218 3423 ἔργον.
255 3347 327 3423 ’ᾯ
355 3355 463 3426 γάρ
490 3357 664 3426 παρῆν
694 3356 920 3427 δύναμις
943 3360 1038 3428 τῆς
1063 3359 1299 3427 τάγαθοῦ
1324 3359 1603 3428 αἱρέσεως,

53 3448 130 3498 ὅτε
160 3445 232 3516 μὴ
254 3445 414 3498 τοῦτο
436 3446 626 3511 εἵλετο,
676 3449 816 3501 ἑκὼν
838 3451 893 3503 δὲ
914 3452 973 3503 τὸ
990 3455 1230 3522 κρεῖττον
1261 3451 1603 3523 ἀπεστράφη,

58 3537 138 3590 τοῦ
165 3539 406 3608 χείρονος
436 3541 837 3609 μεταποιηθεὶς,
870 3543 968 3620 πίςκ
987 3543 1052 3596 ἂν
1077 3543 1250 3613 τούτῳ
1281 3544 1443 3608 τόπος
1475 3545 1624 3605 ἀπο-τ

67 3630 216 3699 φυγῆς
244 3631 484 3682 λείποιτο
509 3631 609 3698 τῆς
639 3631 842 3693 οἰκείας
873 3623 1028 3703 αἰτίῳ
1069 3633 1394 3688 καταστάντι
1430 3635 1604 3696 νόσου,

65 3720 143 3770 τοῦ
161 3736 216 3771 τε
241 3719 526 3791 συμφύτου
551 3720 735 3789 νόμου,
768 3715 1009 3796 σωτῆρος
1041 3718 1130 3776 οἷα
1158 3724 1253 3776 καὶ
1294 3723 1476 3794 ἰατροῦ
1507 3742 1606 3776 πα-

63 3813 446 3882 ραμελῆσαντι;
495 3813 552 3864 '0
579 3810 642 3881 δὴ
677 3797 878 3864 τούτων
915 3814 1164 3868 ἁπάντων
1211 3817 1410 3885 μηδένα
1453 3816 1606 3884 λόγον

64 3901 384 3971 ποιούμενος,
413 3902 655 3972 ἀνάγκης
688 3920 746 3955 τε
772 3904 865 3956 καὶ
893 3903 1107 3974 ἄστρων
1145 3908 1316 3975 φορᾶς
1359 3907 1605 3977 ἀναρτῶν

69 3989 125 4041 τά
160 3993 366 4054 πάντα,
398 3993 494 4063 τῆς
523 4009 582 4044 τε
621 3993 729 4047 τῶν
756 3995 1252 4065 πλημμελουμένων
1303 3996 1606 4066 ἀνθρώποις

67 4081 288 4147 ἀτοπίας,
319 4084 391 4154 μὴ
424 4085 482 4150 ἐξ
507 4085 663 4155 ἡμῶν
691 4080 827 4138 εἶναι
862 4085 1082 4154 φάσκων
1100 4085 1168 4138 1i
1193 4085 1360 4150 αἴτια,
1397 4086 1510 4140 ἀλλ’
1542 4090 1605 4140 ἐκ

63 4171 151 4240 τῆς
175 4174 237 4226 τά
276 4175 457 4229 πάντα
496 4176 747 4247 κινούσης
771 4177 1068 4246 δυνάμεως,
1120 4175 1235 4237 πῶς
1265 4176 1364 4229 οὐκ
1396 4179 1604 4234 ἀνόσιον

68 4263 150 4313 καὶ
173 4263 676 4336 δυσσεϐἧγλογισμὸν
701 4267 940 4335 εἰσφέροι
962 4265 1025 4317 ἄν
1046 4281 1059 4328 ;
1091 4263 1214 4316 Εἴτε
1235 4263 1340 4334 γὰρ
1365 4265 1603 4334 αὐτόμα-

71 4365 152 4402 τον
172 4354 255 4404 καὶ
269 4355 598 4425 ἀπρονόητον
621 4355 738 4424 θείη
771 4357 867 4426 τὴν
898 4355 990 4408 τοῦ
1008 4354 1204 4416 παντὸς
1237 4353 1426 4424 φορὰν,
1457 4356 1604 4421 ἐλέγ-

66 4444 189 4508 χοιτ’
226 4442 286 4495 ἂν
333 4445 408 4508 ὡς
435 4445 657 4498 αὐτόθεν
701 4445 876 4510 ἄθεος,
907 4446 1042 4515 πρὸς
1073 4444 1149 4514 τῷ
1187 4444 1277 4496 καὶ
1319 4444 1604 4498 ἀϐλεπτεῖν

65 4533 181 4602 περί
202 4535 292 4605 τὴν
315 4534 585 4603 πάνσοφον
600 4537 859 4606 ἁρμονίαν
884 4538 975 4588 καὶ
1004 4537 1100 4606 τὴν
1120 4535 1225 4587 τῶν
1254 4534 1388 4586 ὅλων
1421 4534 1601 4588 διάτα-

63 4621 161 4696 ξιν,
181 4619 237 4679 εὖ
263 4625 358 4678 καὶ
385 4627 442 4676 ἐν
471 4625 658 4695 κόσμῳ
685 4627 782 4695 τὴν
826 4627 892 4679 δι’
926 4626 1115 4687 αἰῶνος
1153 4626 1360 4694 κίνησιν
1401 4626 1601 4678 ἀνακυ-

59 4714 346 4786 κλουμένην
371 4733 382 4744 ·
416 4714 523 4768 εἴτε
542 4714 678 4766 Θεοῦ
702 4716 952 4783 πρόνοιαν
976 4717 1128 4782 ἄγειν
1148 4716 1245 4767 καὶ
1261 4728 1465 4784 φερειν,
1484 4716 1606 4768 ἑπι-

65 4811 259 4860 στατείν
281 4825 344 4860 τε
379 4809 531 4871 πᾶσι,
570 4806 664 4858 καὶ
686 4794 941 4874 πανσόφῳ
977 4807 1118 4876 λόγῳ
1146 4807 1365 4858 διοικεῖν
1413 4805 1605 4874 ὁμολο-

62 4898 222 4963 γήσει,
261 4897 370 4950 οὐδ’
411 4896 551 4948 οὕτω
573 4893 666 4946 τοῦ
700 4894 990 4957 δυσσεϐοῦς
1019 4896 1325 4964 ἐκπέφευγε
1351 4895 1448 4964 τὴν
1481 4895 1608 4947 ἀτο-

63 4983 177 5037 πίαν
219 4999 276 5026 ι’
325 4986 506 5056 ἐπειδὴ
543 4985 650 5038 τῶν
693 4986 749 5037 ὲν
790 4984 1090 5052 ἀνθρώποις
1150 4983 1608 5055 ἁμαρτανομένων

63 5073 172 5136 τοὺς
195 5077 289 5145 μὲν
323 5074 769 5147 πλημμελοῦντας
789 5073 1026 5138 ἀπολύει,
1051 5077 1125 5138 ὼς
1157 5076 1317 5145 μηδὲν
1349 5073 1454 5125 τῶν
1481 5075 1599 5125 ciu-0'.

66 5180 167 5216 πων
198 5164 258 5229 ἐξ
283 5165 487 5228 οἰκείας
504 5164 727 5236 γνώμης
750 5165 1255 5234 διαπεπραγμένους
1279 5206 1293 5228 ,
1334 5166 1520 5231 ἀνάγει
1545 5165 1602 5216 δὲ

64 5259 150 5327 τὴν
184 5260 359 5312 αἰτίαν
394 5258 502 5312 τῶν
554 5258 736 5312 κακῶν
782 5258 872 5310 ἐπὶ
922 5255 1019 5326 τὴν
1061 5258 1283 5309 καθόλου
1327 5258 1598 5325 πρόνοιαν,

70 5348 295 5417 ἀνάγκην
319 5348 489 5418 αὐτὴν
509 5349 601 5400 καὶ
618 5346 949 5419 εἱμαρμένην
977 5347 1279 5410 ἀποκαλῶν,
1301 5348 1393 5398 καὶ
1426 5347 1608 5414 πάσης

68 5438 152 5508 τῆς
187 5441 242 5490 ὲν
280 5438 586 5509 ἀνθρώποις
644 5436 1022 5508 αἰσχρουργίας
1073 5437 1162 5488 καὶ
1195 5437 1599 5505 ἀρρητοποιίας,

71 5524 332 5598 omnes;
358 5543 417 5578 τε
449 5526 543 5578 καὶ
575 5527 878 5594 μιαιφονίας
898 5524 1071 5577 αἰτίαν
1091 5519 1225 5575 εἶναι
1260 5523 1451 5590 λέγων.
1493 5525 1602 5579 Καὶ

130 5651 156 5680 ι
179 5641 261 5694 ισ.
291 5640 488 5694 αἰτίαν.

133 5751 235 5821 (66)
270 5750 756 5818 Ἁναδεδειγμένη.
798 5749 873 5802 Ita
926 5760 1134 5800 omnes.
1206 5743 1408 5799 Sensus
1447 5753 1628 5798 tamen

74 5823 372 5890 παραλαϐοῦ
380 5839 464 5873 σα.

370 5916 640 5974 Ριτιιοι..
683 5916 799 5976 Gn.
843 5911 1007 5971 XXI.

1721 641 1841 694 quae
1874 626 2146 680 facultatis
2172 642 2234 679 ac
2262 627 2543 695 potestatis
2576 639 2771 679 nostrae
2798 639 2952 692 sunt,
2997 629 3282 683 incredibi-

1722 716 1825 768 lem
1859 731 2000 784 saepe
2024 715 2177 769 affert
2202 715 2518 768 mutationis
2550 727 2761 768 aestum.
2782 716 3048 770 Caeterum
3074 721 3282 774 cunctis

1720 809 1941 862 omnino
1967 809 2147 871 rebus,
2167 824 2260 863 seu
2293 810 2519 862 consilio
2553 810 2679 862 liant
2707 811 3046 880 impulsuque
3073 813 3279 878 nostro,

1721 916 1815 954 seu
1851 900 2072 954 fortuito
2108 901 2336 973 aliunde
2362 904 2698 971 contingant,
2733 919 2826 957 seu
2857 886 3087 973 denique
3119 914 3278 958 natu-

1723 993 1886 1045 ralem
1923 993 2156 1046 habeant
2183 1003 2334 1047 ortus
2363 995 2444 1048 sui
2474 994 2756 1058 rationem,
2777 1011 2986 1050 summa
3012 1013 3116 1050 una
3145 1012 3279 1066 prte-

1721 1094 2020 1153 potensque
2073 1083 2165 1138 Dei
2215 1086 2545 1156 providentia
2601 1088 2943 1150 moderatur,
2990 1105 3109 1157 qure
3157 1104 3277 1144 cum

1721 1175 1906 1228 omnia
1939 1184 2213 1244 permeet,
2249 1184 2362 1227 tum
2400 1175 2627 1243 plurima
2669 1176 3024 1229 divinioribus
3055 1177 3279 1244 quibus-

1720 1268 1843 1322 dam
1897 1268 2232 1329 rationibus,
2287 1279 2612 1336 captumque
2655 1280 2896 1322 nostrum
2948 1267 3276 1338 fugientibus

1719 1358 2080 1422 administrat,
2120 1373 2351 1426 eumque
2399 1360 2512 1412 suis
2544 1359 2705 1412 veluti
2750 1359 2970 1413 habenis
3009 1361 3272 1414 obsecun-

1715 1448 1851 1503 dans
1893 1451 1994 1505 hoc
2028 1454 2336 1506 universum
2377 1469 2438 1506 ac
2485 1455 2715 1507 ﬂexibile
2765 1455 2994 1520 habeat,
3037 1468 3146 1508 tum
3188 1471 3272 1509 res

1713 1546 1875 1600 etiam
1908 1549 2192 1620 plerasque
2227 1553 2497 1606 naturales
2528 1554 2592 1605 ad
2628 1553 2804 1606 varias
2852 1563 3150 1621 temporum
3183 1573 3276 1610 oc-

1713 1645 1958 1701 casiones
1995 1650 2144 1718 lingit
2171 1666 2234 1703 ac
2279 1660 2484 1716 mutat,
2515 1652 2690 1720 itaque
2731 1653 2978 1718 potestati
3024 1654 3276 1706 arbitrio—

1718 1752 1824 1806 que
1863 1745 2052 1789 nostro
2097 1737 2339 1790 subditas
2374 1737 2574 1789 auxilio
2615 1743 2886 1802 promovet
2916 1750 3050 1799 suo,
3086 1747 3142 1788 ut
3180 1737 3263 1798 is.

1652 1877 1691 1929 Β
1717 1844 1837 1897 qua:
1880 1828 2216 1881 extrinsecus
2261 1827 2535 1888 eveniunt,
2576 1842 2729 1878 suum
2767 1841 2981 1894 quoque
3016 1827 3190 1879 locmn
3216 1837 3268 1880 et

1717 1930 2137 1974 consentaneum
2176 1919 2416 1984 ordinem
2467 1919 2740 1970 attribuat.
2814 1918 2946 1971 Cum
2989 1932 3115 1986 ergo
3164 1919 3264 1971 tria

1719 2010 1831 2064 hzec
1860 2025 2038 2063 rerum
2069 2024 2264 2077 genera
2299 2017 2622 2071 statuantur,
2651 2017 2707 2060 ut
2733 2008 2852 2061 alia!
2872 2017 3053 2084 nostra
3086 1999 3266 2060 cx'vo-

1717 2103 1921 2157 luntate
1951 2105 2218 2174 pendeant
2241 2143 2254 2163 ,
2293 2103 2407 2156 alite
2438 2111 2594 2170 prout
2623 2112 2812 2155 natura
2852 2102 3116 2170 postulat,
3154 2103 3268 2154 ali:e

1715 2193 1948 2262 denique
1975 2193 2199 2248 fortuito
2233 2195 2502 2256 eveniant,
2522 2195 2812 2261 eademque
2829 2193 2987 2246 simul
3017 2194 3080 2247 ad
3105 2210 3265 2246 unum

1715 2295 1883 2349 divini
1923 2296 2135 2349 consilii
2182 2296 2445 2348 rationem
2498 2295 2758 2348 universa:
2801 2305 3148 2359 revocentur;
3192 2296 3269 2348 lo-

1715 2402 1813 2440 cus
1842 2386 1999 2454 plane
2018 2387 2196 2438 nullus
2215 2383 2322 2437 fato
2350 2385 2684 2453 relinquatur
2710 2400 2929 2439 necesse
2955 2396 3058 2439 est.
3100 2386 3236 2450 Quir.
3254 2416 3269 2424 -

1714 2479 1874 2532 etiam
1909 2479 2110 2532 fontem
2159 2478 2271 2546 jam
2307 2477 2454 2528 illum
2485 2477 2840 2544 improbitatis
2868 2478 3195 2538 noverimus,
3237 2494 3265 2530 a

1714 2570 1982 2638 plerisque
2008 2567 2260 2621 omnibus
2287 2567 2586 2635 ignoratum
2607 2605 2621 2627 ,
2657 2566 2749 2634 qui
2787 2581 2909 2618 cum
2934 2581 3030 2620 nec
3060 2567 3112 2618 in
3145 2583 3266 2620 cor-

1714 2674 1939 2727 porum,
1978 2674 2076 2712 nec
2121 2659 2175 2711 in
2222 2659 2543 2726 spiritalium
2588 2658 3009 2710 substantiarum
3047 2668 3259 2720 natura,

1713 2750 1883 2804 multo
1913 2749 2094 2803 minus
2121 2751 2174 2802 in
2211 2751 2296 2817 iis,
2343 2767 2463 2819 quae
2489 2751 2829 2804 extrinsecus
2861 2747 3132 2805 accidunt.
3163 2763 3263 2815 po-

1714 2851 1849 2906 situs
1879 2852 1980 2914 sit;
2018 2850 2282 2919 reliquum
2328 2860 2428 2913 est,
2481 2857 2539 2900 ut
2587 2848 2637 2899 in
2665 2847 2833 2900 libero
2858 2854 3062 2900 tantum
3095 2848 3260 2901 animi

1713 2958 1874 2998 sensu
1907 2941 2067 3011 250
2110 2950 2363 3009 motuque
2388 2942 2725 3032 reperiam:
2759 2957 2855 2995 nec
2887 2953 3061 2994 tamen
3085 2982 3100 3003 ,
3133 2941 3258 2992 dum

1714 3046 1961 3088 naturam
1992 3046 2242 3099 secutus,
2296 3045 2493 3088 rectam
2527 3021 2741 3087 [insistit
2795 3034 2972 3096 viam,
3019 3035 3109 3086 sed
3150 3043 3260 3085 tum

1711 3128 2008 3189 duntaxat,
2053 3143 2176 3180 cum
2211 3143 2240 3179 a
2272 3128 2418 3196 regio
2460 3125 2746 3180 deﬂectens
2792 3125 3016 3190 itinere,
3072 3135 3261 3192 suopte

1712 3218 1995 3283 arbitratu,
2032 3219 2106 3271 uti
2130 3218 2269 3286 juris
2300 3220 2387 3271 ille
2424 3219 2507 3270 sui
2538 3233 2754 3285 suaeque
2777 3216 3051 3285 potestatis
3078 3226 3176 3279 est,
3206 3216 3258 3267 in

1706 3308 1933 3361 alienam
1965 3324 1994 3360 a
2022 3318 2212 3361 natura
2245 3309 2487 3362 semitam
2518 3308 2748 3360 deerrat.
2789 3306 3091 3366 Enimvero,
3133 3320 3256 3357 cum

1705 3397 1963 3449 eximium
2009 3398 2112 3451 hoc
2147 3413 2176 3449 a
2207 3397 2315 3450 Deo
2353 3407 2407 3450 et
2440 3397 2711 3464 singulare
2739 3412 2934 3449 munus
2972 3398 3254 3464 acceperit,

1706 3501 1765 3541 ut
1796 3487 2095 3541 libertatem
2134 3503 2198 3541 ac
2247 3502 2519 3541 summum
2568 3488 2623 3540 in
2669 3503 2726 3540 se
2772 3487 2941 3556 ipsam
2972 3488 3253 3554 imperium

1706 3581 2008 3641 obtineret;
2050 3588 2296 3633 motuum
2346 3579 2562 3648 quidem
2591 3593 2809 3632 suorum
2840 3579 3074 3632 rationes
3101 3579 3256 3632 habet

1706 3684 1805 3721 suo
1834 3685 1897 3722 ex
1922 3670 2145 3723 arbitrio
2188 3671 2501 3739 judicioque
2545 3671 2837 3738 pendentes
2887 3688 2900 3722 :
2949 3670 3039 3724 sed
3079 3679 3256 3724 tamen

1705 3759 1884 3812 divina
1916 3759 2000 3812 lex
2039 3774 2163 3812 cum
2195 3759 2407 3824 eodem,
2442 3761 2671 3814 naturali
2715 3759 2946 3830 quadam
2978 3761 3254 3823 societate,

1696 3863 1956 3931 lampadis
1993 3863 2164 3916 instar
2198 3861 2438 3929 facisque
2476 3861 2780 3927 conjuncta,
2821 3860 3072 3912 inclamat
3113 3862 3240 3913 sub-

1691 3957 1813 4014 inde
1850 3975 1913 4014 ac
1951 3969 2132 4013 monet
2167 3959 2412 4022 interius,
2455 3960 2528 4010 uti
2568 3959 2709 4025 regia
2748 3959 2958 4011 incedat
2999 3959 3101 4020 via,
3142 3975 3238 4013 nec

1690 4061 1755 4113 ad
1787 4059 2060 4112 sinistram
2105 4066 2197 4110 aut
2222 4059 2492 4110 dexteram
2522 4057 2784 4110 ullatenus
2817 4053 3064 4119 declinet,
3097 4058 3235 4109 viam

1689 4149 1830 4202 hanc
1865 4148 2087 4217 regiam,
2127 4158 2506 4217 congruentem
2549 4158 2600 4200 et
2632 4157 3039 4200 consentaneam
3083 4156 3240 4198 rectae

1689 4239 1885 4292 rationi
1913 4239 2052 4291 viam
2083 4253 2203 4292 esse
2230 4239 2447 4291 docens.
2484 4235 2686 4304 Quippe
2721 4237 3014 4290 naturalem
3041 4237 3239 4287 hancce

1689 4331 1882 4398 legem,
1912 4345 2015 4398 qua
2047 4331 2159 4383 suis
2191 4330 2242 4382 in
2272 4330 2571 4381 actionibus
2603 4338 2858 4390 uteretur,
2891 4329 3082 4379 anima:
3117 4328 3234 4379 cni-

1691 4421 1821 4473 libet
1859 4429 2110 4488 tanquam
2157 4419 2565 4479 auxiliatricem,
2612 4419 2842 4470 universi
2893 4417 3109 4469 molitor
3143 4416 3242 4466 itu-

1691 4511 1886 4577 pressit
1921 4525 1934 4560 :
1979 4519 2136 4577 atque
2169 4510 2264 4572 ita,
2298 4509 2745 4575 quemadmodum
2799 4509 2958 4577 hujus
2993 4508 3041 4558 vi
3086 4507 3236 4572 legis.

1633 4596 1892 4652 Drectam
1935 4600 2035 4667 ipsi
2085 4599 2222 4650 viam
2268 4601 2740 4664 commonstravit,
2789 4603 2867 4653 sic
2914 4599 3066 4665 plena
3117 4597 3241 4655 illa,

1698 4704 1857 4757 quam
1898 4687 2068 4740 eidem
2108 4688 2410 4752 concessit,
2451 4689 2762 4755 integraque
2797 4689 3043 4739 libertate
3077 4685 3244 4749 porro-

1618 4770 1651 4799 ’”
1694 4787 1788 4850 cit,
1812 4786 1890 4841 uti
1917 4796 2095 4838 rerum
2118 4779 2399 4832 meliorum
2429 4775 2668 4828 delectus
2697 4784 2802 4822 non
2843 4766 2998 4818 laude
3031 4769 3236 4812 tantum

1692 4890 1745 4935 et
1793 4872 2214 4947 approbatione,
2263 4868 2357 4922 sed
2407 4861 2761 4932 amplioribus
2797 4857 2990 4920 etiam,
3034 4853 3120 4947 ubi
3145 4868 3242 4947 res

1695 4945 1948 5041 praeclare
1976 4962 2248 5025 cessisset,
2263 4958 2498 5029 praemiis
2521 4955 2712 5022 dignus
2740 4946 3083 5015 esset;‘quod
3110 4945 3240 4999 citra

1698 5074 1802 5125 vim
1827 5069 2122 5132 ullam,pro
2144 5063 2404 5116 arbitratu
2433 5054 2764 5120 consilioque
2792 5064 2890 5104 suo
2919 5059 3061 5102 recte
3090 5060 3242 5115 agere

1700 5160 1996 5220 statuisset,
2027 5171 2148 5209 cum
2179 5165 2358 5206 tamen
2385 5145 2712 5201 contrarium
2733 5151 2921 5210 optare
2944 5140 3201 5208 potuisset
3228 5152 3240 5186 :

1700 5258 1996 5315 contraque
2031 5243 2357 5298 deteriorum
2403 5233 2649 5289 electioni
2691 5230 3008 5298 vituperatio
3038 5224 3239 5291 suppli-

1701 5341 1950 5404 ciumque
1975 5333 2278 5390 deberetur,
2299 5325 2440 5395 quod
2466 5325 2518 5376 in
2548 5339 2664 5380 eam
2692 5333 2880 5389 suopte
2907 5326 3036 5369 nutu
3067 5324 3240 5380 spreta

1700 5440 1906 5483 natura:
1954 5428 2066 5495 lege
2124 5423 2389 5482 ferretur,
2436 5431 2501 5469 ac
2565 5429 2684 5469 sese
2727 5421 3002 5480 perperam
3053 5405 3240 5464 abusa,

1703 5521 1846 5575 nulla
1885 5519 2218 5572 extrinsecus
2276 5510 2597 5565 necessitate
2640 5514 2857 5574 cogente
2883 5538 2896 5561 ,
2943 5498 3032 5550 sed
3079 5497 3241 5547 libero

1701 5739 1970 5810 postulare
2020 5736 2250 5798 videtur,
2283 5728 2710 5803 ρναδεδεγμένη,
2762 5725 2864 5778 hoc
2916 5730 3031 5783 est,
3064 5717 3241 5772 θεόθεν

2945 5875 3024 5939 18
