4020 6342
704 410 832 502 ’427

733 639 1050 719 fontemque
1071 653 1316 708 aperiret.
1357 651 1491 703 Tota
1515 667 1640 720 ergo
1667 652 1820 718 culpa
1850 650 2132 719 deligentis
2173 660 2275 712 est,

734 745 876 796 nulla
905 744 1015 795 Dei.
1055 740 1236 810 Neque
1265 742 1408 794 enim
1439 756 1658 809 pravam
1692 740 1852 805 Deus,
1884 750 1978 794 aut
2004 749 2276 802 naturam,

735 844 827 887 aut
860 835 1024 906 animi
1054 833 1410 888 substantiam
1437 835 1758 902 procreavit.
1815 832 1947 886 Nam
1969 833 2144 886 bonus
2167 833 2280 900 ipse

737 941 856 979 cum
881 927 986 990 sit,
1023 925 1186 978 ullius
1225 939 1345 977 eum
1373 925 1448 976 rei
1476 964 1489 986 ,
1523 924 1625 977 nisi
1671 925 1808 977 bona
1841 939 2055 993 quoque
2096 922 2278 982 fuerit,

739 1027 1008 1072 auctorem
1040 1032 1158 1071 esse
1185 1015 1332 1069 nefas
1352 1025 1450 1069 est.
1471 1015 1676 1068 Bonum
1711 1017 1762 1068 id
1793 1030 1954 1069 omne
1990 1028 2151 1082 porro
2177 1021 2279 1077 est,

739 1104 994 1177 quidquid
1024 1123 1054 1160 a
1092 1115 1280 1159 natura
1318 1117 1400 1159 est
1450 1124 1463 1159 :
1515 1105 1731 1160 cuilibet
1773 1111 1952 1157 autem
1991 1102 2172 1156 animo
2196 1118 2284 1155 ra-

745 1203 888 1253 tione
919 1199 1140 1268 praedito
1182 1197 1441 1251 libertatis
1476 1207 1528 1249 et
1556 1196 1761 1249 arbitrii
1803 1197 2003 1249 bonum
2037 1209 2066 1247 a
2095 1204 2282 1247 natura

745 1294 899 1355 inest,
931 1307 1028 1345 nec
1054 1290 1217 1342 alium
1245 1290 1308 1342 ad
1339 1289 1695 1357 finem,quam
1725 1288 1791 1342 ad
1821 1287 1945 1341 boni
1972 1286 2283 1343 electionem

745 1382 994 1434 inditum.
1036 1378 1217 1447 Neque
1249 1393 1374 1430 vero
1395 1417 1408 1439 ,
1439 1393 1598 1445 prava
1623 1392 1742 1431 cum
1775 1376 2016 1444 sequitur
2040 1415 2053 1440 ,
2081 1384 2286 1428 natura}.

745 1471 1207 1543 assignandum._id
1236 1481 1341 1533 cst;
1364 1486 1482 1523 cum
1513 1470 1613 1539 ipsi
1635 1483 1857 1538 pravum
1889 1482 1992 1521 non
2014 1481 2042 1519 a
2075 1473 2284 1543 natura,

684 1591 697 1604 -η
744 1564 837 1615 sed
869 1573 1058 1630 praeter
1096 1540 1338 1613 naturam
1366 1559 1657 1629 contingat,
1689 1567 1875 1626 utpote
1909 1555 2050 1624 quod
2101 1540 2288 1607 volun-

667 1681 670 1686 -
701 1654 876 1707 -"tatis
907 1668 1041 1720 opus
1070 1652 1157 1714 sit,
1188 1666 1293 1705 non
1328 1659 1548 1704 naturae.
1612 1647 1879 1712 Cuienim
1914 1644 2132 1713 eptandi
2161 1641 2295 1696 boni'

637 1739 653 1759 "
722 1743 831 1795 vis
858 1751 906 1794 ct
936 1741 1158 1795 facultas
1193 1741 1340 1802 insit,
1373 1741 1417 1793 is
1447 1740 1490 1792 si
1519 1738 1736 1790 minime
1759 1735 2039 1805 optaverit,
2065 1733 2108 1787 si
2133 1748 2291 1800 repu-

751 1831 908 1883 diatis
951 1840 1140 1899 sponte
1184 1830 1514 1894 melioribus,
1560 1828 1823 1882 deteriora
1846 1833 2081 1881 sectatus
2105 1823 2286 1888 fuerit,

1315 444 1578 501 EUSEBH
1613 443 2080 500 CJESARIENSIS
2107 441 2254 498 OPP.
2296 443 2474 497 PARS
2513 443 2576 497 ll.
2617 472 2686 484 —-
2727 436 3218 496 APOLOGETiCA.
3863 418 3948 472 ‘33

735 564 887 628 plane
923 541 1081 614 sensu
1118 569 1276 627 atque
1299 560 1536 628 judicio,
1572 539 1928 628 improbitatis
1976 562 2089 628 ipsa
2123 567 2283 626 caput

2395 559 2464 620 τίς
2487 559 2550 612 ἂν
2576 558 2659 627 εἴη
2692 558 2877 610 τούτου
2899 552 3158 623 δυσσεϐὴς
3185 549 3339 609 ἄλλος
3373 544 3483 613 (67)
3501 581 3516 604 ,
3547 541 3647 593 τὸν
3687 536 3807 628 τῷν
3834 534 3950 628 aut:

2384 649 2532 710 Θεὸν,
2567 623 2724 701 abs?»
2747 649 2809 718 δὴ
2837 648 2926 700 τὸν
2949 643 3170 714 ποιητὴν
3197 641 3290 694 καὶ
3315 633 3650 708 δημιουργὸν
3687 627 3853 680 τοῦδε
3874 623 3946 718 εείό

2385 741 2581 801 παντὸς
2605 740 2857 806 εἰσάγων,
2889 738 3192 803 ἐπάναγκες
3221 728 3604 796 ἐκϐιαζόμενον
3639 719 3812 773 τόνδε
3848 717 3944 784 μὲν·

2385 832 2483 882 οὐκ
2511 829 2754 882 ἐθέλοντα
2776 828 3007 892 ἀσεϐεῖν,
3028 825 3182 877 τοῦτο
3209 823 3482 893 πράττειν,
3506 818 3603 870 καὶ
3627 812 3810 867 ἄθεον
3835 806 3948 862 εἴη.

2387 922 2504 970 κάτ’
2548 921 2788 988 ἀνάγκην
2811 959 2825 980 ,
2860 918 2952 969 καὶ
2986 918 3063 977 εἰς
3084 912 3268 967 ἑαυτὸν
3299 910 3618 980 βλάσφημον
3637 921 3654 933 ο
3701 901 3863 953 τόνδε

2387 1007 2443 1057 ὃν
2473 1008 2632 1070 αὐτὸς
2676 1007 2771 1076 τὴν
2826 1006 2982 1074 φύσιν
3037 1003 3237 1073 ἄρρενα
3286 999 3704 1067 συνεστήσατο,
3738 990 3948 1057 πάσχειν

2390 1098 2538 1165 παρὰ
2562 1097 2716 1165 φύσιν
2739 1097 2804 1148 τά
2852 1093 3100 1166 θηλειῶν,
3143 1094 3199 1145 οὐ
3234 1091 3372 1145 κατὰ
3404 1087 3771 1158 προαίρεσιν,
3843 1099 3946 1133 κατ-

2387 1189 2790 1259 ηναγκασμένον
2822 1188 2876 1239 δὲ
2908 1187 3040 1255 πρὸς
3075 1183 3262 1237 αὑτοῦ·
3291 1184 3382 1235 καὶ
3425 1181 3583 1234 ἄλλον
3632 1174 3943 1244 ἁνδροφόνθῖ
3982 1174 3983 1232 ξ

2389 1277 2646 1344 γίνεσθαι,
2676 1271 2756 1347 μὴ’
2781 1275 2926 1346 παρὰ
2949 1277 3045 1344 τὴν
3068 1274 3267 1325 οἰκείαν
3297 1269 3545 1338 γνώμην,
3582 1266 3684 1318 ὑπ’
3722 1263 3942 1326 ἁνάτπῖς
3982 1263 3983 1286 ³

2389 1369 2445 1420 δὲ
2479 1370 2827 1438 ἐλαυνόμενον
2850 1367 2941 1418 τοῦ
2967 1365 3130 1429 Θεοῦ;
3166 1366 3239 1426 ὡς
3273 1363 3390 1434 μηδ’
3430 1361 3678 1428 εὐλόγως
3982 1387 3983 1394 ‘

2392 1461 2580 1528 φεσθαι
2602 1464 2714 1523 τοῖς
2741 1458 3142 1529 πλημμελοῦσιν
3163 1474 3174 1485 ·
3204 1456 3313 1532 ἀλλ’
3343 1456 3456 1525 ἤτοι
3501 1453 3644 1523 μηδὲ
3709 1452 3936 1520 ἁμαρτη·
3982 1447 3983 1468 ³

2397 1568 2538 1620 ματα
2572 1551 2722 1602 ταῦτ’
2750 1548 2884 1603 εἶναι
2931 1549 3210 1620 ἡγεῖσθαι,
3256 1549 3288 1617 ἢ
3330 1547 3436 1598 τῶν
3461 1545 3656 1598 κακῶν
3711 1545 3937 1595 ἁπάντων

2395 1640 2622 1711 ποιητὴν
2644 1637 2778 1693 εἶναι
2800 1641 2886 1693 τὸν
2917 1640 3046 1692 Θεὸν
3070 1636 3476 1706 ἀποφαίνεσθαι.
3508 1636 3648 1687 Εἴτεν
3669 1636 3792 1701 γὰρ
3813 1633 3934 1692 me;

2394 1735 2504 1794 τοῖς
2527 1733 2687 1783 πᾶσιν
2719 1727 3018 1799 ὲπιπαρὼν,
3046 1729 3137 1782 καὶ
3173 1728 3239 1779 τὰ
3280 1728 3453 1778 πάντα
3483 1726 3632 1798 ὁρῶν
3655 1766 3675 1790 ,
3714 1726 3811 1776 καὶ
3834 1727 3934 1775 κάει-

2395 1841 2499 1875 των
2539 1821 2767 1886 ἀκούων,
2798 1821 2966 1874 ταῦτα
2990 1821 3243 1892 πράττειν
3265 1818 3578 1885 ἀναγκάζοι,
3606 1818 3735 1869 εἴτε
3767 1818 3851 1883 τὴν
3866 1817 3924 1867 ’.εὖ

750 1940 908 1994 quem
956 1925 1070 1992 ipse
1094 1919 1310 1976 tandem
1353 1921 1617 1989 reliquum
1657 1919 1850 1973 haheat
1897 1916 2178 1986 effugiendi
2211 1917 2288 1970 lo-

2395 1914 2583 1976 πειντὸς
2612 1913 2779 1984 φορὰν
2799 1956 2814 1978 ,
2845 1913 2936 1965 καὶ
2972 1912 3071 1980 τὴν
3093 1911 3297 1962 τοιάνδε
3338 1909 3444 1961 τῶν
3493 1909 3728 1979 ἄστρων
3764 1909 3912 1976 utier.-

753 2029 896 2075 cum,
931 2013 1023 2081 qui
1054 2022 1106 2066 et
1130 2013 1436 2065 intestinum
1482 2011 1584 2064 sibi
1608 2010 1857 2062 morbum
1887 2006 2103 2072 crearit,
2135 2015 2188 2060 et
2220 2007 2293 2059 in-

753 2111 928 2154 natam
954 2101 1053 2155 sibi
1087 2100 1278 2170 legem,
1313 2099 1531 2167 perinde
1561 2113 1624 2151 ac
1653 2105 1979 2150 servatorem
2009 2097 2290 2164 quemdam

753 2192 1130 2260 medicumque
1165 2190 1496 2260 neglexerit?
1544 2187 1801 2258 Quisquis
1830 2203 1958 2257 ergo
1978 2229 1992 2252 ,
2027 2189 2171 2241 nulla
2199 2189 2295 2241 ho-

756 2299 874 2337 rum
904 2283 1143 2335 omnium
1178 2282 1356 2335 haliita
1404 2281 1638 2345 ratione,
1685 2296 1748 2334 ex
1781 2281 2095 2334 necessitate
2117 2279 2294 2349 potius

757 2387 819 2423 ac
863 2373 1099 2424 siderum
1143 2372 1490 2423 conversione
1535 2379 1726 2423 cuncta
1760 2369 2059 2437 suspendit,
2097 2370 2297 2437 quique

757 2477 940 2513 eorum
961 2502 974 2525 ,
1019 2476 1136 2529 quae
1165 2461 1232 2514 ab
1258 2461 1566 2514 hominibus
1597 2470 1914 2528 peccantur,
1959 2460 2299 2527 pravitatem,

759 2551 913 2619 251
954 2566 1058 2604 non
1087 2552 1196 2619 jam
1228 2552 1415 2617 nobis,
1451 2551 1540 2606 sed
1574 2551 1624 2604 vi
1663 2551 1875 2604 cuidam
1926 2564 1989 2602 ac
2033 2550 2301 2618 potestati,

758 2660 860 2711 qua
889 2654 1172 2697 moventur
1197 2644 1407 2707 omnia,
1443 2643 1778 2696 tribuendam
1825 2657 1944 2696 esse
1971 2643 2155 2706 docet;
2183 2642 2305 2710 quis

760 2749 866 2787 non
892 2734 1204 2804 flagitiosam
1233 2734 1300 2787 ab
1326 2749 1390 2787 eo
1418 2733 1743 2801 impiamque
1783 2732 2097 2786 sententiam
2127 2732 2302 2784 invehi

761 2825 1226 2879 arbitretur?Nam
1250 2826 1360 2878 sive
1387 2841 1513 2877 casu
1545 2840 1605 2876 ac
1635 2833 1832 2877 temere
1862 2824 1966 2877 hoc
1997 2822 2303 2874 universum

767 2917 964 2968 moveri
1002 2925 1216 2980 statuet,
1247 2926 1597 2983 praeterquam
1629 2914 1772 2981 quod
1804 2915 1854 2966 in
1887 2913 2308 2981 exquisitissimo

2393 2004 2551 2066 αὐτὸς
2600 2003 2800 2056 τούτων
2829 2002 3111 2071 ποιητικὴν
3152 2003 3244 2054 καὶ
3274 2001 3688 2069 ἀναγκαστικὴν
3737 2001 3912 2064 ὑπεξή-

2397 2109 2524 2145 σατο
2543 2109 2555 2121 ⁸
2587 2096 2613 2146 6
2641 2093 2701 2146 τὸ
2731 2093 2927 2145 τοιόνδε
2960 2093 3227 2162 συστήσας
3270 2091 3496 2162 ὄργανον
3517 2132 3530 2155 ,
3572 2093 3679 2143 καὶ
3722 2091 3822 2158 τὴν
3854 2089 3920 2138 τιὶςο

2397 2185 2726 2257 θηρωμένων
2755 2185 2955 2252 παγίδα
3001 2183 3475 2255 μηχανησάμενος,
3509 2181 3594 2251 εἴη
3644 2182 3717 2234 ἂν
3757 2181 3924 2239 auehi

2397 2282 2489 2330 καὶ
2520 2277 2624 2330 τῶν
2646 2277 3008 2344 ἁλισκομένων
3029 2275 3214 2337 αἴτιος.
3244 2274 3352 2326 Εἶτ’
3374 2269 3464 2326 οὖν
3498 2273 3670 2334 αὐτὸς
3701 2271 3820 2324 καθ’

2396 2370 2503 2433 τὸν,
2536 2369 2630 2420 εἴτ’
2657 2364 2748 2420 οὖν
2771 2368 2927 2420 πάλιν
2954 2367 3110 2430 αὐτὸς
3137 2365 3224 2419 διά
3247 2382 3388 2427 τινος
3416 2363 3580 2433 ἄλλης
3601 2353 3762 2432 ’πρὸς
3801 2360 3924 2414 sitsi

2400 2458 2850 2529 μεμηχανημένης
2879 2457 3139 2527 ἀνάγκης,
3162 2457 3286 2519 τοὺς
3328 2456 3426 2508 οὑκ
3466 2454 3757 2513 ἐθέλοντας
3793 2452 3925 2503 τοῖπᾶ

2397 2554 2505 2612 τοῖς
2528 2552 2711 2609 κακοῖς
2737 2547 3068 2619 περιϐάλλοι,
3105 2547 3264 2608 αὐτὸς
3294 2546 3357 2598 ἂν
3383 2547 3489 2614 εἴη,
3527 2545 3625 2597 καὶ
3657 2546 3759 2595 οὐκ
3784 2543 3921 2603 illa;

2398 2645 2426 2695 6
2465 2642 2675 2694 πάντων
2728 2638 2909 2693 κακῶν
2963 2638 3267 2709 ποιητικός·
3297 2639 3387 2690 καὶ
3425 2639 3524 2689 οὐκ
3556 2637 3635 2689 ἐτ’
3665 2637 3733 2690 ἂν
3759 2639 3809 2688 ἐν
3830 2635 3922 2704 δίκῃ

2408 2731 2736 2802 ἡμαρτηκὼς
2786 2731 2978 2797 λέγοιτ’
3019 2730 3082 2782 ἂν
3119 2732 3147 2781 6
3194 2728 3503 2798 ἄνθρωπος,
3538 2728 3656 2780 ἀλλ’
3707 2730 3736 2780 6
3778 2725 3920 2777 τούτου

2411 2824 2636 2891 ποιητὴς
2680 2821 2832 2884 Θεὸς.
2862 2822 2968 2873 Καὶ
2993 2821 3076 2883 τίς
3106 2820 3170 2872 ἂν
3197 2817 3380 2872 τούτου
3425 2819 3619 2887 γένοιτ’
3681 2819 3746 2871 ἂν
3782 2820 3919 2885 ἔτερος

2413 2911 2585 2978 λόγων
2627 2912 2982 2972 ἀσεϐέστατος
3007 2928 3021 2975 ;

763 3009 853 3062 illo
882 3017 1179 3073 concentu,
1232 3024 1294 3062 ac
1321 3024 1499 3060 rerum
1543 3009 1914 3061 universarum
1955 3005 2169 3067 ordine,
2207 3005 2298 3072 qui
2337 3014 2537 3058 motum
2569 3006 2678 3074 ipse
2708 3021 2862 3058 suum
2893 3021 2958 3058 ex
2989 3006 3136 3058 omni
3191 3021 3304 3060 aevo
3340 3019 3553 3060 summa
3614 3019 3745 3058 cum
3773 3016 3897 3069 aina-

765 3099 965 3150 bilitate
1008 3099 1302 3160 convertit,
1340 3097 1561 3149 omnino
1605 3098 1873 3161 caecutiet;
1908 3095 2138 3148 divinam
2191 3095 2291 3147 hoc
2330 3095 2444 3164 ipso
2511 3105 2754 3147 naturam
2797 3096 2953 3163 plane
3017 3096 3309 3150 sustulerit.
3362 3095 3486 3148 Sive
3532 3095 3726 3148 divina
3763 3092 3890 3146 Prori-

765 3188 941 3240 dentia
990 3186 1127 3240 flecti
1174 3187 1389 3255 regique
1431 3187 1649 3249 orbem,
1685 3201 1910 3253 eamque
1951 3202 2056 3237 non
2098 3187 2303 3239 cunctis
2344 3185 2500 3238 modo
2526 3200 2754 3254 praeesse
2780 3187 2956 3240 rebus.
2978 3185 3067 3239 sed
3120 3186 3264 3255 ipsas
3304 3199 3518 3253 quoque
3559 3183 3900 3252 sapientisdmo

767 3280 991 3332 consilio
1047 3280 1308 3332 moderari
1337 3278 1590 3331 fatebitur
1634 3297 1648 3331 :
1688 3295 1753 3331 ne
1782 3280 1859 3331 sic
1898 3280 2109 3346 quidem
2139 3279 2426 3346 impietatis
2473 3280 2676 3332 crimen
2737 3279 2998 3348 effugerit,
3039 3294 3161 3332 cum
3207 3288 3260 3332 et
3296 3279 3363 3332 ab
3396 3279 3462 3332 iis
3492 3276 3807 3341 sceleribus,
3829 3288 3912 3344 qua!

768 3368 904 3420 inter
931 3369 1171 3422 homines
1195 3370 1352 3437 vulgo
1379 3370 1788 3422 committuntur
1810 3409 1824 3432 ,
1858 3379 2102 3423 auctores
2137 3372 2301 3437 ipsos,
2340 3369 2494 3436 quasi
2523 3371 2654 3423 nihil
2700 3370 2766 3422 ab
2805 3371 2870 3422 iis
2910 3378 3094 3438 suapte
3143 3370 3412 3424 voluntate
3444 3382 3732 3439 peccetur,
3764 3371 3914 3422 immu-

769 3473 864 3511 nes
894 3474 956 3512 ac
998 3460 1191 3514 liberos
1231 3475 1351 3514 esse
1399 3461 1552 3525 velit;
1605 3470 1659 3513 et
1697 3461 1957 3513 malorum
1989 3475 2204 3514 causam
2248 3460 2299 3511 in
2337 3475 2675 3513 communem
2721 3461 2865 3513 illam
2909 3462 3365 3530 universalemque
3393 3460 3787 3515 Providentiam
3821 3473 3916 3512 con-

770 3548 924 3612 ferat,
956 3550 1285 3603 necessitatis
1309 3564 1426 3602 eam
1458 3550 1656 3618 fatique
1705 3550 1954 3614 nomine,
1994 3551 2338 3604 obscenitatis
2377 3551 2551 3603 omnis
2591 3563 2750 3620 atque
2778 3553 2997 3622 ﬂagitii,
3039 3554 3176 3622 quod
3212 3553 3278 3606 ab
3315 3553 3632 3607 hominibus
3691 3553 3909 3619 suscipia-

772 3649 878 3703 tur,
920 3637 1245 3693 crudelitatis
1304 3641 1442 3694 idem
1483 3655 1546 3693 ac
1591 3642 1862 3709 parricidii
1913 3641 2109 3694 fontem
2177 3657 2296 3696 esse
2352 3643 2659 3698 defendens.
2717 3645 2882 3713 Cujus
2924 3661 3048 3700 vero
3093 3647 3265 3714 major
3308 3647 3553 3714 impietas
3609 3662 3729 3700 esse
3770 3644 3913 3714 possit.

773 3744 932 3796 quant
969 3729 1111 3795 ejus,
1141 3730 1233 3798 qui
1259 3745 1436 3783 rerum
1467 3731 1704 3784 omnium
1730 3741 2101 3799 praepotentem
2126 3730 2312 3798 Deum,
2337 3734 2531 3800 ipsum,
2560 3735 2799 3801 inquam,
2829 3736 3059 3790 universi
3101 3737 3431 3789 conditorem
3490 3746 3542 3788 et
3605 3737 3901 3790 architectum

773 3819 1010 3882 inducat,
1041 3821 1190 3873 alteri
1247 3821 1460 3888 quidem
1501 3821 1822 3889 impietatem
1870 3825 2156 3888 aversanti,
2191 3833 2247 3876 ut
2309 3825 2539 3890 impius,
2584 3834 2743 3892 atque
2780 3826 2831 3879 in
2896 3843 2953 3881 se
2985 3829 3190 3894 ipsum,
3240 3826 3384 3880 omni
3418 3826 3682 3895 religione
3725 3826 3903 3884 sublata.

774 3913 1192 3967 contumeliosus
1235 3914 1332 3976 sit,
1379 3914 1749 3966 necessitatem
1796 3911 2131 3977 afl‘erentem;
2181 3913 2441 3974 alterum,
2482 3929 2638 3981 quem
2703 3915 2814 3981 ipse
2857 3928 3045 3969 natura
3094 3931 3292 3970 marem
3344 3916 3667 3984 procrearit,
3727 3916 3786 3971 ad
3823 3928 3910 3966 mu.

773 4003 961 4054 iiebria
991 4011 1176 4068 praeter
1204 4010 1482 4064 naturam,
1527 4017 1632 4054 non
1665 4002 1996 4065 voluntarie,
2047 4001 2139 4055 sed
2193 4003 2337 4055 illata
2377 4003 2450 4066 vi,
2492 4004 2765 4058 subeunda
2806 4016 3079 4074 cogentem
3125 4024 3138 4058 :
3195 4006 3416 4059 alterum
3454 4007 3727 4076 denique,
3764 4007 3815 4060 ad
3841 4005 3914 4055 ho-

776 4099 980 4147 minum
1005 4093 1196 4158 credes,
1228 4093 1451 4145 invitum
1477 4093 1618 4155 licet,
1645 4093 1899 4147 divinitus
1922 4095 2313 4162 impellentem?
2351 4095 2428 4148 Ex
2469 4112 2532 4150 eo
2567 4099 2763 4167 quippe
2793 4115 3130 4167 consequens
3166 4101 3384 4153 omnino
3446 4099 3646 4166 fuerit,
3691 4115 3818 4155 nemo
3862 4105 3905 4149 ut

777 4184 914 4247 illos,
944 4183 1034 4251 qui
1058 4181 1320 4250 ejusmodi
1344 4196 1462 4234 sese
1485 4182 1760 4236 maleticiis
1820 4183 2226 4248 obstrinxerim,
2293 4199 2548 4239 accusare
2585 4190 2774 4240 merito
2821 4189 3023 4255 possit;
3072 4189 3163 4243 sed
3207 4189 3413 4258 potius,
3465 4201 3525 4243 ut
3554 4195 3643 4246 vel
3696 4192 3778 4244 ista
3823 4201 3908 4241 non

772 4278 880 4345 jam
916 4286 1249 4344 peccatorum
1293 4274 1346 4326 in
1390 4273 1507 4327 loco
1537 4275 1862 4339 habeantur,
1904 4277 1987 4327 vel
2023 4275 2160 4330 Deus
2189 4279 2304 4345 ipse
2339 4280 2600 4347 malorum
2624 4281 2865 4333 omnium
2900 4294 3087 4335 auctor
3110 4294 3409 4338 censeatur.
3450 4283 3587 4338 Nam
3656 4287 3758 4340 sive
3799 4298 3908 4353 pne-

776 4383 899 4422 sens
933 4369 1041 4435 ipse
1075 4369 1231 4421 rebus
1258 4369 1464 4422 intersit
1487 4369 1758 4434 omnibus,
1785 4369 1962 4421 omnia
1987 4370 2184 4433 videat,
2247 4372 2432 4424 audiat
2483 4376 2683 4438 omnia,
2745 4377 3017 4446 simulque
3066 4377 3131 4432 ad
3175 4394 3240 4432 ea
3281 4380 3480 4433 scclera
3533 4382 3785 4435 mortales
3835 4374 3921 4430 adi-

776 4468 904 4526 gat:
939 4460 1050 4512 sive
1076 4458 1473 4511 conversionem
1504 4459 1759 4520 universi,
1792 4468 2170 4527 astrorumque
2206 4469 2428 4518 motum,
2469 4463 2691 4530 ipsemet
2755 4465 3020 4532 ejusmodi
3063 4470 3429 4532 constituerit,
3482 4471 3571 4522 cui
3617 4481 3697 4524 tot
3759 4470 3918 4524 malati-

777 4556 980 4608 eiornm
1030 4548 1318 4603 necessitas
1355 4549 1608 4602 debeatur
1655 4568 1669 4603 :
1721 4551 1811 4619 qui
1861 4551 1962 4604 tale
2004 4550 2312 4604 conflaverit
2351 4553 2788 4618 instrumentum,
2853 4570 2904 4613 et
2959 4563 3233 4631 capiendis
3299 4564 3693 4636 induendisque
3735 4565 3919 4623 homini.

778 4650 876 4703 bus
911 4649 1156 4714 laqueum
1187 4644 1522 4697 machinatus
1551 4645 1640 4704 sit,
1673 4646 1719 4699 is
1749 4645 1987 4714 profecto
2017 4661 2114 4698 cur
2173 4646 2332 4700 iidem
2371 4649 2705 4716 irretiantur,
2734 4667 2896 4707 causa
2956 4657 3043 4718 sit,
3079 4672 3298 4710 necesse
3328 4666 3426 4712 est.
3488 4661 3676 4729 Itaque
3737 4677 3819 4717 seu
3844 4673 3911 4728 per

779 4755 895 4793 sese
919 4738 1077 4802 Deus,
1111 4752 1204 4790 seu
1230 4736 1332 4789 alia
1361 4736 1567 4804 quavis,
1591 4751 1749 4803 quam
1808 4739 2020 4790 molitus
2053 4737 2166 4805 ipse
2195 4737 2376 4801 fuerit,
2414 4744 2751 4809 necessitate,
2804 4747 2887 4800 bis
2963 4748 3118 4799 malis
3160 4748 3351 4802 invitos
3405 4752 3770 4819 constringat;
3820 4763 3919 4802 unus

781 4832 893 4897 ipse
918 4831 1092 4898 plane,
1127 4829 1264 4882 alius
1321 4841 1498 4899 nemo,
1558 4839 1870 4881 cunctorum
1915 4831 2180 4883 malorum
2231 4831 2554 4888 architectus
2609 4838 2870 4892 habeatur
2910 4858 2921 4891 :
2981 4854 3081 4893 nec
3119 4839 3228 4907 jam
3278 4843 3567 4898 sceleratus
3617 4844 3783 4898 homo
3816 4844 3917 4911 jam

781 4925 870 4975 sed
899 4924 1014 4990 ejus
1038 4932 1342 4991 procreator
1359 4923 1566 4976 dicatur
1585 4921 1744 4976 Deus.
1768 4922 1926 4991 252
1956 4922 2072 4988 Quo
2097 4924 2309 4992 quidem
2348 4929 2608 4983 orationis
2635 4947 2827 5000 genere
2855 4933 3124 5001 quodnam
3163 4935 3307 4988 aliud
3337 4937 3560 5004 impium
3628 4941 3800 5008 magis
3835 4949 3922 4991 esse

780 5029 940 5082 queat
958 5019 982 5068 ‘?

850 5111 1056 5164 Maneat
1087 5112 1243 5178 igitur
1263 5152 1279 5175 ,
1307 5113 1397 5179 qui
1427 5111 1589 5166 fatum
1616 5113 1914 5174 invexerit,
1951 5114 2017 5166 ab
2049 5130 2111 5168 eo
2143 5113 2308 5168 Deum
2340 5126 2383 5187 ο

781 5205 1035 5256 continuo
1091 5202 1286 5269 Deique
1331 5204 1715 5268 providentiam
1776 5204 2016 5260 funditus
2063 5210 2314 5261 extermi-

782 5295 895 5345 nari
926 5313 937 5346 :
978 5292 1219 5361 perinde,
1254 5300 1310 5343 ut
1345 5295 1432 5360 qui
1463 5292 1627 5347 Deum
1662 5298 1823 5350 rebus
1852 5297 2073 5364 praeficit
2100 5300 2317 5350 univer-

783 5385 879 5444 sis,
907 5399 1121 5437 omnem
1146 5385 1190 5437 is
1223 5400 1324 5436 una
1354 5387 1489 5437 tollit
1520 5388 1610 5440 fati
1665 5390 1944 5441 rationem.
2005 5388 2316 5453 Enimvero,

783 5482 875 5524 aut
905 5471 1043 5527 Deus
1064 5483 1116 5526 et
1136 5473 1299 5527 fatum
1330 5474 1466 5526 idem
1498 5485 1671 5538 erunt,
1702 5487 1794 5529 aut
1816 5479 2039 5530 alterum
2062 5480 2126 5530 ab
2154 5480 2321 5532 altero

2495 5119 2550 5171 Ὀ
2605 5117 2667 5185 δὴ
2713 5113 2804 5169 οὖν
2855 5117 3188 5187 εἱμαρμένην
3242 5118 3471 5184 εἰσάγων
3528 5117 3788 5189 ἄντικρυς
3829 5115 3921 5169 Θεὸν

2413 5212 2503 5261 καὶ
2543 5209 2675 5261 Θεοῦ
2717 5209 2964 5278 πρόνοιαν
3015 5208 3223 5273 ἐξωθεῖ·
3269 5209 3452 5278 ὥσπερ
3495 5211 3521 5262 6
3561 5210 3652 5263 τὸν
3695 5211 3822 5264 Θεὸν
3861 5209 3927 5272 ἐφ·

2415 5299 2561 5360 ιστάς
2622 5301 2731 5359 τοῖς
2773 5299 2932 5350 πᾶσιν
2981 5299 3151 5350 ἀνέλοι
3205 5298 3267 5350 ἂν
3310 5299 3399 5350 τὸν
3451 5300 3579 5372 περὶ
3633 5303 3924 5375 εἱμαρμένης

2412 5387 2582 5453 λόγον.
2639 5386 2708 5436 Ἣ
2764 5385 2867 5454 γὰρ
2908 5385 3101 5438 ταύτὸν
3161 5384 3224 5437 ἂν
3283 5385 3364 5454 εἰη
3400 5387 3427 5437 6
3471 5386 3603 5450 Θεὸς
3640 5389 3737 5441 καὶ
3785 5390 3926 5454 εἰμι-ιβ’

2421 5479 2571 5547 μένη,
2604 5477 2635 5547 ἣ
2663 5476 2883 5545 Θάτερον
2913 5476 3135 5537 διεστὼς
3163 5476 3346 5546 ἑτέρου
3390 5477 3596 5529 Ταὺτὸν
3623 5479 3725 5547 μὲν
3753 5476 3834 5532 οὖν
3855 5474 3924 5526 οὐκ

783 5561 1155 5628 distinguetur.
1181 5562 1296 5615 Jam
1330 5573 1387 5616 ut
1411 5563 1546 5616 idem
1575 5567 1700 5627 sint,
1729 5568 1839 5619 fieri
1874 5570 2020 5621 nullo
2047 5569 2204 5621 modo
2227 5584 2295 5636 po

2424 5569 2487 5621 ἂν
2508 5571 2730 5635 γένοιτο.
2760 5569 2820 5620 Εἰ
2838 5568 2944 5636 γὰρ
2968 5566 3410 5638 τὴνείμαρμένην
3434 5569 3622 5638 εἱρμόν
3641 5587 3766 5624 τινα
3787 5563 3928 5623 αἰτιῶν

851 5711 958 5786 (67)
1007 5714 1308 5786 ᾼρσσεόξὴς
1353 5713 1579 5786 ἄλλος,
1607 5725 1707 5768 etc.
1758 5716 1988 5786 Omnino
2033 5720 2314 5786 legendum

823 5711 958 5792 ,(67)
1007 5714 1308 5792 ᾼςσσείξὴς
1353 5713 1584 5792 ἄλλος).
1607 5725 1707 5768 etc.
1758 5716 2297 5792 ῼΙηῃὶιιοωιεςεῐῃίυη

2423 5729 2523 5771 etc.
2556 5720 2612 5769 ln
2667 5717 2769 5792 fine
2819 5725 2996 5792 autem
3050 5717 3294 5779 membri,
3341 5717 3671 5784 εἰσάγοντος,
3705 5711 3926 5786 quamle-

783 5783 1024 5847 v'ulctur,
1051 5783 1454 5853 δυσσεϐέστερος
1504 5784 1677 5847 ἄλλος,
1703 5785 1793 5836 τοῦ
1827 5785 1932 5838 τῶν
1980 5783 2114 5840 ὅλων
2162 5788 2312 5852 Θεόν,

2426 5792 2652 5841 ctionem
2683 5789 2736 5838 in
2773 5785 3028 5840 vertendo
3058 5796 3275 5840 secutus
3305 5801 3443 5840 sum.
