4020 6342
1262 465 1579 522 ΡΒᾹΞΡΑΒ.
1626 469 1668 522 Ε

1771 468 1875 525 NG.
1918 467 2044 525 LIB.
2089 469 2178 526 Ἦν.
2231 522 2233 524 .
3221 473 3328 528 442

36 581 126 684 pd}
163 583 276 684 ei}
339 585 574 655 Ἄργος,
620 585 736 638 ἀλλ’
766 587 848 650 είς
906 586 1152 658 Λιϐύην,
1190 588 1224 660 ἦ
1271 589 1661 659 Πεῤῥαιὸαίους

1771 602 1858 646 aut
1887 593 2074 647 oculos
2104 590 2207 647 sibi
2237 592 2489 655 eruisset,
2525 601 2617 644 aut
2645 589 2762 644 illas
2789 587 3059 657 Euripidis
3098 597 3326 656 tuasque

34 673 354 728 ἀπελθεῖν
375 694 388 705 ·
441 676 473 746 ﬁ
513 677 767 729 εἰσελθὼν
790 679 881 744 επὶ
923 680 984 732 τὸ
1020 681 1242 750 Ἄργος,
1277 681 1416 748 ἔγνω
1445 699 1663 752 ταριχο-

1771 685 1914 738 diras
1959 685 2074 738 suis
2110 685 2238 753 ipse
2279 683 2463 736 liberis
2504 683 2828 751 imprecatus
2872 679 3094 734 fuisset?
3136 692 3327 735 uetera

38 763 319 831 ⁸πωλεῖν,
348 770 442 820 καὶ
476 768 550 838 μὴ
583 767 839 824 πλουσίαν
864 771 1046 823 λαϐεῖν
1075 775 1306 838 γυναῖκα
1324 813 1339 835 ,
1377 773 1510 826 ἀλλὰ
1531 791 1664 845 χερ-

1771 766 1931 844 259
1957 776 2222 844 denique,
2286 774 2375 828 ubi
2419 775 2627 842 priores
2667 775 2914 828 deessent
2953 786 3160 834 causm,
3219 785 3327 837 qua

1767 869 1983 922 tandem
2011 872 2221 924 ratione
2251 870 2364 922 lieri
2395 867 2738 939 potuissent?
2766 866 2895 935 quid
2927 875 2983 917 tu
3013 865 3146 930 ipse,
3181 861 3329 930 quod

1769 957 1839 1010 de
1889 958 2068 1010 futuro
2114 959 2524 1027 pronuntiat-es,
2587 956 2905 1011 habuisses?
2953 953 3247 1014 Praeterea,
3280 952 3328 1005 si

1771 1048 1960 1116 (Eilipi
1981 1048 2193 1112 liberis,
2225 1058 2318 1102 aut
2343 1048 2503 1100 simul
2534 1047 2836 1116 conjunctis
2858 1046 3056 1099 animis
3084 1059 3326 1112 regnare,

1773 1151 1866 1194 aut
1893 1143 2024 1194 inito
2051 1141 2117 1194 de
2143 1151 2328 1194 mutua
2366 1141 2602 1196 vicissim
2645 1140 2697 1192 in
2729 1154 2950 1208 regnum
2980 1138 3328 1191 successione

1775 1244 1968 1300 pacto,
2019 1243 2163 1288 stare
2211 1234 2503 1302 placuisset
2536 1252 2549 1286 :
2586 1233 2820 1300 itemque
2868 1230 2913 1284 si
2953 1230 3140 1297 pulsus
3172 1228 3326 1288 alter,

1774 1340 1879 1378 non
1909 1325 2020 1393 jam
2047 1329 2218 1395 Argos
2240 1366 2256 1387 ,
2289 1325 2381 1378 sed
2411 1325 2490 1376 vel
2518 1325 2569 1375 in
2597 1322 2816 1392 Libyam
2840 1361 2854 1385 ,
2887 1322 2970 1373 vel
3002 1322 3066 1372 ad
3091 1319 3328 1373 Peri-hai-

1774 1417 1919 1472 baeos
1949 1416 2178 1486 migrare
2200 1416 2512 1480 statuisset;
2549 1425 2642 1469 aut
2666 1416 2714 1469 si
2741 1417 2912 1484 Argos
2929 1414 3204 1483 appulsus,
3223 1413 3329 1465 sal-

1772 1510 2160 1563 samentarinm
2193 1524 2350 1578 agere
2377 1509 2733 1573 decrevisset,
2777 1510 3015 1576 adeoque
3046 1524 3149 1560 non
3180 1507 3329 1560 locu-

34 461 157 516 441

45 854 161 921 νῆτ
173 855 235 907 ίν
270 873 421 922 τινα,
448 857 480 927 ἢ
501 859 734 930 κάπηλιν
753 877 766 889 ·
790 861 823 929 ἢ
846 863 893 913 εἰ
918 863 946 912 6
974 862 1267 932 Ἀδραστος
1290 864 1364 933 μὴ
1385 863 1549 917 ἔδωκε
1569 863 1667 933 τὴν

36 943 377 1017 βυγατέρα
421 951 570 1020 αὐτῷ
590 968 602 980 ·
631 951 664 1020 ἢ
692 955 738 1005 εἰ
766 954 795 1005 6
819 953 918 1022 μὲν
959 953 1156 1006 ἔδωκεν
1174 995 1189 1016 ,
1211 957 1239 1006 6
1265 954 1310 1006 δ’
1343 955 1444 1006 οὐκ
1473 954 1668 1006 ἐπεθύ-

56 1055 227 1108 μησε
271 1040 392 1112 (78)
423 1045 522 1112 τῆς
550 1043 727 1096 οἴκαδε
751 1044 869 1097 ὁδοῦ
887 1063 899 1074 ·
933 1046 967 1117 ἢ
992 1047 1040 1098 εί
1069 1046 1406 1118 ἐπιθυμήσας
1435 1047 1666 1117 ἐκράτη-

53 1146 158 1180 σεν
200 1130 416 1184 ἑαυτοῦ
436 1150 449 1163 ⁸
490 1133 524 1203 ῆ
555 1135 605 1185 εί
633 1135 706 1204 μὴ
736 1137 1033 1206 προσέσχεν
1073 1137 1220 1207 αύτῷ
1254 1136 1491 1207 δεομένῳ
1532 1156 1668 1208 συμ-

59 1221 297 1291 μαχίας
331 1225 361 1276 6
393 1224 721 1296 Ἄδραστος*
752 1227 855 1298 ῆεί
881 1229 959 1297 τῷ
995 1229 1268 1300 Ἀδράστῳ
1305 1235 1442 1300 μήτε
1468 1233 1496 1283 6
1536 1233 1665 1300 Ἀμ-

56 1316 348 1388 φιάραος,
387 1321 524 1389 μήτε
554 1322 583 1373 6
606 1323 824 1387 Τυδεὺς,
858 1324 989 1395 μηδὲ
1020 1326 1130 1379 τῶν
1161 1326 1333 1379 ἄλλων
1363 1328 1665 1398 ταξιάρχων

56 1407 326 1474 ἕκαστος
352 1412 677 1480 ἠκολούθουν
693 1433 716 1465 ·.
741 1415 775 1487 ἢ
803 1418 852 1468 εί
883 1419 931 1469 οἱ
957 1418 1051 1486 μὲν
1073 1420 1491 1491 συνηκολούθουν
1511 1459 1526 1482 ,
1553 1421 1580 1471 ὁ
1607 1419 1664 1472 δὲ

61 1501 256 1555 ἐλθὼν
291 1505 396 1556 οὐκ
421 1505 656 1576 ἐμάχετο
692 1508 768 1579 τῷ
793 1494 1024 1579 ἀδελφῷ,
1061 1513 1176 1564 ἀλλ’
1212 1513 1245 1583 ἢ
1282 1513 1498 1583 συμϐὰς
1534 1513 1664 1565 ἐϐα-

69 1593 341 1648 σίλευσεν
390 1597 509 1668 ἅμα
550 1599 795 1671 αὐτῷ,ῆ
853 1602 927 1673 μὴ
979 1602 1287 1675 βουλομένῳ
1333 1605 1663 1676 ἀνῃώρησε,

1773 1602 1966 1671 pletem
1997 1601 2232 1670 aliquam
2261 1611 2314 1654 et
2341 1600 2648 1670 opulentam
2683 1617 2929 1663 uxorem,
2979 1601 3069 1655 sed
3103 1612 3332 1667 pauper-

73 1685 340 1751 πεισθεὶς
371 1689 634 1762 Εὐριπίδῃ
657 1691 864 1760 λέγοντι
888 1711 902 1723 °

1773 1695 1951 1749 calam
1981 1693 2290 1768 quamdam,
2324 1703 2377 1746 et
2405 1693 2604 1746 victum
2633 1708 2888 1746 manuum
2920 1693 3105 1746 labore
3135 1688 3332 1759 quarri-

79 1785 326 1841 tantem,
353 1781 436 1834 vel
466 1781 740 1836 addictam
773 1785 1116 1853 cauponariae
1136 1786 1333 1841 ducere
1356 1787 1655 1866 voluisset:
1693 1797 1786 1838 aut
1816 1784 1861 1838 si
1891 1783 2054 1837 filiam
2084 1783 2350 1838 Adrastus
2387 1801 2542 1839 suam
2597 1784 2648 1838 ei
2708 1793 2972 1854 negasset,
3003 1794 3098 1838 aut
3140 1788 3186 1839 si
3233 1785 3330 1841 de-

80 1869 262 1925 disset
299 1872 391 1927 ille
433 1875 691 1944 quidem,
737 1877 878 1932 alius
935 1889 1113 1934 tamen
1173 1883 1254 1935 vel
1287 1882 1476 1950 patria:
1536 1881 1865 1938 desiderium
1912 1879 2234 1948 abjecisset,
2267 1881 2351 1933 vel
2389 1896 2454 1934 eo
2501 1891 2806 1935 commotus
2850 1882 3000 1947 licet,
3049 1897 3107 1934 se
3151 1882 3328 1950 ipsum

75 1965 450 2035 animumque
479 1968 698 2023 vicisset
731 1987 746 2023 :
782 1978 877 2024 aut
938 1972 984 2026 si
1046 1974 1130 2027 vel
1173 1974 1435 2027 auxilium
1470 1974 1845 2044 implorantem
1909 1972 2172 2026 Adrastus
2202 1973 2507 2040 repulisset,
2539 1974 2619 2026 vel
2645 1964 2876 2028 Adrasto
2905 1990 2963 2028 se
2996 1975 3243 2027 comitem
3267 1987 3335 2030 ac

79 2057 348 2115 socium.
379 2068 558 2126 neque
588 2059 982 2128 Amphiaraus,
1012 2079 1188 2133 neque
1224 2063 1474 2136 Tydeus,
1499 2081 1674 2134 neque
1711 2067 1908 2118 ducum
1941 2067 2168 2118 aliorum
2225 2065 2512 2134 quisquam
2544 2066 2835 2136 adjungcre
2879 2067 3132 2120 voluisset
3163 2085 3174 2118 :
3239 2069 3334 2119 aut

81 2150 135 2203 si
159 2164 362 2205 eorum
409 2152 668 2208 societate
710 2154 1017 2224 impetrata,
1053 2173 1304 2216 reversus
1344 2162 1407 2214 -in
1446 2162 1697 2230 patriam,
1735 2177 1930 2214 manus
1948 2177 2082 2214 cum
2116 2161 2283 2215 fratre
2309 2177 2420 2214 non
2480 2161 2863 2223 conseruisset,
2913 2162 3000 2213 sed
3035 2162 3212 2228 potius
3247 2159 3332 2213 vel

83 2245 238 2301 facta
263 2263 394 2316 pace
417 2247 473 2303 in
500 2249 652 2318 regni
691 2265 814 2304 cum
841 2267 906 2306 eo
937 2255 1250 2309 societatem
1283 2257 1557 2324 venisset,
1607 2257 1691 2311 vel
1728 2255 1903 2310 eidem
1947 2257 2267 2340 repugnanti
2322 2256 2462 2309 ultro
2498 2257 2790 2321 cessisset,
2833 2253 3071 2323 Euripidi
3107 2256 3335 2308 obseeu-

87 2349 182 2394 tns
218 2341 370 2397 hunc
396 2342 449 2396 in
487 2343 708 2396 modum
741 2345 1112 2414 praecipienti:

106 2455 435 2520 ’.αισύνετος
459 2453 512 2506 δ’
542 2451 727 2524 ἦλθες
757 2457 857 2510 καὶ
884 2458 988 2522 σὺ,
1021 2458 1340 2526 πορθήσων
1372 2461 1602 2530 πάτραν
1620 2479 1636 2492 ·

1851 2437 2084 2493 Vesanus
2109 2437 2272 2490 etiam
2297 2437 2487 2505 patria:
2514 2451 2786 2505 oppressor
2814 2435 2989 2501 venis;

88 2567 122 2634 ἦ
161 2570 214 2620 εἰ
241 2561 395 2631 οὗτος
418 2569 515 2638 μὲν
545 2569 642 2640 μὴ,
667 2571 696 2622 6
716 2571 762 2622 δ’
785 2571 1111 2645 ἓτερος,τῶν
1132 2573 1482 2645 Εὐριπιδείων
1500 2575 1667 2629 ἀκού·-

89 2677 196 2722 σεις
224 2663 670 2732 σοφιστευμάτων
696 2663 920 2718 ἐκείνων
951 2665 1059 2718 τῶν
1088 2665 1281 2719 ἄλλων·

87 2840 420 2914 Εἶθ’γῆλιος
433 2844 548 2913 μὲν·
571 2846 688 2910 νύξ
711 2863 776 2899 τε
802 2845 1113 2899 δουλεύειν
1129 2848 1390 2914 βροτοῖς,

92 2914 188 2969 Σὺ
211 2913 272 2966 δ’
291 2915 401 2967 οὐκ
427 2915 610 2985 ἀνέξῃ
647 2916 926 2984 δωμάτων
943 2916 1108 2985 ἔχειν
1139 2913 1312 2981 feror;

93 3023 230 3087 Πῶς
280 3023 346 3076 ἄν
393 3015 686 3090 συστάντες
716 3028 1002 3098 ἐμάχοντο,
1046 3029 1139 3081 καὶ
1164 3031 1331 3082 Λαΐου
1377 3034 1485 3086 πᾶν
1515 3032 1672 3103 δῶμα

94 3116 196 3188 ἔϐη
232 3118 304 3170 δι’
326 3120 590 3190 afuat-oc;
637 3120 796 3174 Ἀλλὰ
832 3121 973 3192 μὴν,
1015 3122 1229 3191 φήσεις,
1257 3123 1446 3190 γέγονε
1475 3124 1668 3178 ταῦτα.

95 3209 349 3278 Γέγονεν.
386 3205 546 3266 Ἀλλὰ
577 3214 641 3266 σὺ
673 3214 802 3285 ποίᾳ
830 3214 933 3286 ὁδῷ
956 3217 1201 3286 εἰσῆλθες
1224 3221 1302 3282 εἰς
1331 3218 1427 3290 τὴν
1468 3219 1669 3272 τούτων

95 3299 340 3368 sianum;
374 3301 444 3353 Ἦ
469 3303 568 3373 οὐχ
595 3305 747 3374 ὁρᾷς,
777 3305 854 3367 ὡς
897 3307 1077 3360 πυκνὰ
1116 3307 1402 3377 διακέκοφε
1443 3310 1504 3362 τὸ
1534 3310 1670 3363 ὅλων

98 3390 284 3460 δρᾶμα
308 3394 342 3463 ἡ
370 3394 428 3445 ὲν
453 3397 583 3462 ἡμῖν
617 3395 733 3460 τοῖς
753 3406 774 3431 ﬂ
807 3397 868 3449 τὸ
893 3397 1074 3469 δρᾶμα
1095 3401 1486 3472 συμπληροῦσαι
1514 3402 1670 3455 δύνα-

105 3500 230 3551 μις;
265 3484 428 3543 Οὕτω
472 3486 536 3556 δὴ
570 3488 664 3540 καὶ
708 3490 774 3558 ἢν
806 3489 983 3567 βούλει
1020 3492 1273 3546 ὑπόθεσιν
1302 3493 1475 3546 λαϐὼν
1496 3537 1509 3557 ,
1552 3496 1670 3549 δια-

106 3575 248 3645 τεμῶ
274 3577 371 3629 τὸν
405 3577 592 3648 εἱρμὸν
619 3579 788 3650 ὑμῶν,
832 3581 1095 3650 ἀποφανῶ
1128 3601 1187 3635 τε
1233 3584 1491 3637 ἀδύνατον
1520 3585 1665 3638 ὅντα.

119 3666 274 3722 Ἀλλὰ
302 3669 369 3722 σὺ
404 3668 472 3722 τὰ
493 3673 591 3741 τῆς
611 3671 913 3735 ὑποθέσεως
943 3673 1148 3743 ἔσχατα
1181 3676 1378 3729 εἰδέναι
1402 3676 1606 3745 λέγεις’
1635 3679 1668 3746 ἡ

102 3756 160 3810 δὲ
181 3758 440 3823 ὑπόθεσις
461 3762 524 3812 ἐκ
550 3759 808 3831 διακοπῆς
828 3761 1019 3830 είρμοῦ
1045 3764 1323 3833 δυνάμεως
1351 3765 1451 3835 ὅλη
1488 3766 1671 3820 συντέ-

105 3864 318 3904 τακται.
346 3852 417 3905 Ἦ
438 3852 466 3905 ὃ
488 3854 628 3921 λέγω
649 3854 708 3906 οὐ
737 3854 933 3918 συνιείς
961 3855 1022 3920 b;
1068 3856 1226 3909 Ἀλλὰ
1271 3859 1391 3911 καθ’
1435 3860 1669 3934 ἑκάστην
1696 3837 1737 3858 u

115 3938 377 4005 ὑπόθεσιν,
408 3937 453 3998 ὧ
479 3944 658 4010 μάντι,
683 3944 750 3998 τὰ
782 3944 915 4009 ζῶα,
944 3947 978 4016 ἢ
1005 3945 1188 4015 ὀλίγας
1216 3948 1474 4013 πολλάκις
1495 3952 1670 4023 ἀρχὰς

114 4034 401 4102 ποιούμενα
425 4035 558 4104 (79),
590 4035 622 4104 ἢ
653 4037 850 4101 πολλὰς
882 4041 942 4092 ὲν
967 4039 1126 4108 αὐτῇ.
1154 4039 1220 4089 Αἱ
1255 4039 1310 4090 δὲ
1358 4041 1524 4110 ἀρχαὶ
1559 4043 1696 4117 ἀεὶη

108 4122 178 4176 τὰ
209 4125 396 4197 μέχρις
419 4126 599 4179 αὐτῶν
658 4127 1000 4198 διακόψασαι,
1049 4130 1188 4183 αὐτὰ
1223 4131 1357 4184 ἄλλα
1386 4131 1494 4202 (80)
1537 4153 1673 4206 προ-

107 4214 297 4282 άγουσι
326 4219 642 4289 πράγματα·
678 4219 748 4270 τὰ
777 4219 822 4272 δ’
848 4224 941 4274 ἐπὶ
967 4222 1216 4276 τοσοῦτον
1253 4228 1551 4294 προχωρεῖν
1582 4227 1670 4279 δύ-

105 4322 278 4375 ναται,
295 4312 383 4377 ἐφ’
401 4312 523 4364 ὅσον
548 4309 642 4363 ἐὰν
666 4310 740 4381 μὴ
760 4311 868 4381 (81)
885 4313 1014 4385 ἄλλη
1032 4314 1192 4366 ποθὲν
1219 4317 1487 4370 ἐπιστᾶσα
1508 4319 1671 4389 ἀρχὴ,

104 4398 170 4451 τὰ
207 4403 335 4470 μετν
359 4403 527 4474 αὐτὴν
551 4405 625 4475 μὴ
663 4407 776 4466 τοῖς
814 4404 1122 4476 ἔμπροσθεν
1166 4408 1508 4474 ἀκολουθεῖν,
1558 4410 1672 4463 ἀλλ’

105 4491 267 4562 ἑαυτῇ
299 4492 549 4567 κελεύσῃ.
586 4497 684 4567 Εῖη
709 4498 754 4550 δ’
787 4498 852 4552 ἃν
880 4498 1042 4568 ἀρχὴ,
1069 4502 1163 4552 καὶ
1190 4500 1328 4566 ὄνος,
1368 4502 1458 4554 καὶ
1499 4501 1665 4567 κύων,

105 4583 194 4636 καὶ
212 4582 389 4652 φύλλα
408 4602 420 4614 ⁸
457 4587 518 4638 οὐ
544 4587 652 4660 γὰρ
677 4591 1006 4662 παραιρήσει
1045 4591 1166 4644 οὐδὲ
1195 4594 1290 4663 τῆς
1314 4593 1548 4664 ψύλλης,
1595 4597 1670 4666 μὰ

100 4676 189 4731 τὸν
229 4678 491 4743 Ἀπόλλω,
523 4681 623 4750 τὴν
645 4682 889 4751 ἐξουσίαν
909 4702 922 4713 ·
959 4685 1073 4738 ἀλλ’
1113 4687 1344 4757 ὁρμήσει
1382 4688 1503 4740 τινὰ
1533 4689 1669 4742 ἰδίαν

101 4773 275 4844 ὁρμὴν
302 4773 336 4842 ἡ
364 4770 557 4841 ψύλλα,
588 4772 644 4842 ἢ,
671 4775 767 4838 καὶ
793 4779 907 4838 τοῖς
951 4777 1305 4849 ἀνθρωπίνοις
1356 4781 1671 4851 πράγμασιν

104 4861 270 4915 ἐνίοτε
299 4861 697 4931 συμπλακεῖσα,
725 4865 900 4936 ᾀρχὴν
942 4868 1138 4939 ἑαυτὴν
1188 4868 1483 4940 παρέξεταί
1529 4888 1671 4937 τινος

102 4951 235 5008 ὁδοῦ.
274 4953 348 5009 Σὺ
374 4954 431 5007 δὲ
455 4954 731 5026 χρώμενος
759 4944 863 5007 ὀὐκ
890 4957 1052 5029 αἴσθῃ
1087 4957 1166 5028 τῷ
1191 4961 1338 5028 γένει
1371 4959 1562 5030 τούτῳ.

1767 2563 1865 2609 aut
1902 2537 1949 2610 si
1979 2553 2086 2607 non
2122 2553 2209 2607 ille
2253 2551 2500 2622 quidem,
2532 2550 2625 2604 sed
2668 2549 2835 2602 frater
2875 2549 3054 2617 potius
3085 2562 3250 2617 regno
3276 2563 3335 2602 se

1769 2648 2097 2710 abdicasset,
2131 2646 2254 2701 aliis
2284 2646 2432 2701 hisce
2467 2643 2707 2713 ejusdem
2743 2651 2912 2710 poetae
2937 2640 3222 2710 praestigiis
3249 2640 3332 2694 fa-

1770 2749 2037 2802 seruatus,

1842 2852 2153 2905 Hominibus
2179 2867 2302 2918 ergo
2333 2849 2509 2918 solque
2537 2864 2739 2915 noxque
2769 2846 3016 2918 serviant,

1841 2925 2032 2976 Parem
2067 2923 2172 2989 ipse
2200 2913 2509 2990 quemquam
2544 2913 2680 2985 ferre
2712 2933 2813 2968 nou
2836 2915 3001 2984 possis
3032 2913 3197 2965 domi.

1769 3030 2055 3098 Quomodo
2082 3027 2298 3083 tandem
2333 3035 2428 3079 aut
2457 3025 2699 3094 praelium
2724 3025 2863 3077 inter
2898 3037 2956 3076 se
2989 3021 3147 3073 ambo
3179 3037 3336 3075 corn--

1771 3122 2082 3183 misissent,
2106 3129 2198 3173 ant
2219 3117 2485 3186 sanguine
2515 3115 2705 3169 obruta
2723 3113 2839 3168 Laii
2866 3114 3060 3167 donius
3088 3113 3334 3166 universa

1770 3198 2055 3284 periisset?
2090 3211 2472 3266 Verumtamen
2540 3208 2676 3269 hzec,
2705 3206 2906 3275 inquis,
2940 3204 3122 3257 omnia
3161 3203 3336 3273 reipsa

1771 3306 2061 3374 contigere.
2119 3302 2375 3356 Omnino.
2439 3299 2543 3353 Sed
2595 3314 2780 3367 qnmro
2831 3313 3006 3358 nunc,
3050 3311 3155 3363 qua
3182 3304 3235 3347 tu
3268 3295 3336 3348 ad

1772 3412 1951 3450 rerum
1979 3397 2205 3449 istarum
2237 3391 2659 3461 prmseusiouem
2690 3390 2930 3457 aspirare
2961 3389 3042 3440 via
3072 3387 3332 3456 potueris.

1769 3486 1887 3541 Non
1938 3486 2087 3538 vides
2133 3500 2294 3553 quam
2333 3498 2472 3551 sa'pe
2515 3490 2682 3534 totam
2725 3480 2960 3534 fabulam
3000 3478 3340 3547 interceperit

1770 3597 1854 3646 ea,
1889 3594 2009 3650 quae
2038 3591 2160 3631 vere
2183 3575 2420 3630 fabulam
2451 3577 2504 3629 in
2534 3576 2694 3628 nobis
2720 3583 2956 3642 potestas
2983 3572 3206 3641 implet?
3232 3570 3340 3640 Ego

1769 3689 1919 3736 vero,
1951 3671 2315 3740 quodcunque
2345 3677 2402 3722 tu
2431 3677 2808 3739 argumentum
2843 3662 3123 3734 delegeris,
3152 3664 3338 3718 eadem

1775 3763 2031 3816 facilitate
2091 3775 2288 3814 nexum
2339 3759 2483 3812 hunc
2521 3766 2756 3810 vestrum
2787 3754 3054 3820 incidam,
3099 3769 3196 3807 nec
3231 3753 3368 3806 ullo‘

1771 3857 1932 3911 modo
1961 3865 2105 3910 stare
2131 3869 2291 3922 posse
2316 3851 2657 3906 convincam.
2726 3848 2878 3902 Dices
2904 3846 3206 3916 argumenti
3235 3862 3336 3900 no-

1768 3948 1991 4002 vissima
2022 3946 2298 4014 explorata
2333 3944 2426 3996 tibi
2475 3957 2537 3994 ac
2567 3947 2844 4010 perspecta
2885 3953 3004 3990 esse
3044 3956 3056 3990 :
3093 3937 3238 4005 atqui
3270 3951 3339 3991 ex

1775 4039 1936 4108 hujus
1960 4051 2177 4106 quoque
2205 4049 2376 4087 nexus
2407 4033 2706 4098 interrupta
2733 4028 2780 4081 vi
2805 4030 3182 4108 argumentum
3206 4028 3336 4081 illttd

1776 4134 2087 4187 universum
2113 4140 2296 4198 aptum
2332 4137 2434 4182 est.
2475 4127 2556 4178 An
2591 4125 2762 4186 forte,
2799 4123 2926 4191 quid
2962 4121 3137 4174 dicam
3159 4102 3182 4183 ,”
3229 4133 3338 4172 ιιοη

1775 4225 2068 4295 intelligis?
2104 4224 2383 4277 Exsistunt
2421 4222 2709 4282 nimirum,
2743 4218 2880 4270 bone
2905 4223 3085 4276 vates,
3115 4212 3183 4266 ab
3207 4212 3344 4280 ipsis

1774 4317 2140 4373 animantibus
2187 4316 2242 4368 in
2290 4312 2484 4383 quovis
2529 4316 2851 4380 argumento
2887 4306 3039 4359 initia
3068 4305 3337 4374 qumdam,

1775 4410 2029 4480 pauciora
2057 4421 2467 4476 nonnunquam,
2497 4402 2872 4469 interdumque
2897 4400 3072 4468 plura.
3113 4393 3223 4453 Ubi,
3243 4409 3340 4448 ου·-

1776 4516 1881 4559 tem
1914 4519 1976 4557 ea
2008 4516 2185 4555 rerum
2214 4499 2279 4553 ad
2303 4513 2424 4553 sese
2444 4495 2828 4567 pertinentium
2858 4490 3246 4545 connexionem
3274 4502 3339 4541 ac

1775 4598 1968 4651 seriem
1998 4593 2394 4654 interciderint,
2448 4591 2686 4659 ipsarum
2718 4600 2933 4657 quoque
2966 4583 3204 4637 rationes
3242 4595 3338 4633 na-

1778 4698 2065 4756 turamque
2101 4693 2333 4739 mutant.
2373 4682 2585 4736 Eaedem
2620 4696 2781 4748 porro
2805 4689 3029 4732 eatenus
3076 4675 3338 4728 duntaxat

1740 4779 2024 4850 progredi
2075 4783 2356 4846 poterunt,
2403 4774 2530 4827 dum
2581 4771 2903 4840 principium
2949 4767 3092 4821 aliud
3122 4765 3338 4820 aliunde

1758 4872 1981 4924 nullum
2013 4870 2247 4938 iugruet,
2282 4863 2430 4934 quod
2469 4879 2676 4929 secum,
2725 4879 2830 4916 non
2876 4872 3053 4915 autem
3089 4876 3208 4916 cum
3246 4877 3339 4914 ευ-

1776 4959 2078 5032 perioribus
2106 4957 2386 5026 sequentia
2411 4955 2681 5010 cohaerere
2705 4954 2911 5023 jnbeat.
2946 4953 3108 5023 260
3139 4951 3340 5022 Finga-

102 5060 367 5116 musergo
394 5048 612 5117 aliquod
639 5045 905 5117 ejusmodi
933 5049 1258 5120 principium
1280 5067 1402 5107 esse
1425 5051 1660 5120 asinum,
1701 5067 1912 5114 canem,
1947 5049 2212 5119 pulicem;
2251 5061 2425 5117 neque
2460 5047 2627 5104 enim.
2674 5059 2767 5112 per
2816 5044 3142 5113 Apollinem,
3183 5060 3338 5099 suam

106 5140 182 5192 vel
233 5143 400 5210 pulici
443 5143 751 5199 facultatem
799 5152 854 5196 et
895 5143 1213 5200 instinctum
1260 5149 1458 5218 eripias

1507 5166 1522 5202 :
1561 5165 1662 5203 suo
1699 5149 1812 5218 ipse
1845 5160 2060 5215 quoque
2109 5161 2172 5199 ac
2210 5143 2431 5214 proprio
2460 5141 2662 5195 feretur
2711 5139 2938 5210 impetu,
2980 5138 3222 5206 adeoque
3253 5154 3338 5191 re-

104 5235 199 5289 bus
219 5252 610 5308 nonnunquam
632 5239 884 5294 humanis
906 5239 1218 5308 implicitus.
1243 5245 1524 5313 cujusdam
1550 5261 1669 5299 sese
1709 5246 1806 5297 viae
1832 5243 2025 5296 ducem
2061 5240 2496 5310 principiumque
2536 5235 2849 5291 constituet.
2894 5233 2972 5288 Tu
3016 5242 3194 5286 autem
3238 5233 3340 5288 hoc

75 5330 275 5385 'abste
307 5345 523 5400 quoque
555 5333 883 5388 animalium
930 5348 1126 5402 genere
1171 5337 1383 5390 consuli
1429 5353 1536 5391 non
1585 5337 1855 5406 intelligis.

173 5481 198 5510 ιι
222 5471 314 5523 ἷσ.
356 5471 555 5534 αὐτοῖς.
591 5473 653 5539 ,ιι
687 5473 771 5528 fa’.
810 5473 1013 5543 συνίης.

172 5610 285 5682 (78)
329 5587 888 5689 Ὀιδρ-ῠκ-,ἐπεθύμ
928 5615 1002 5689 De
1050 5614 1302 5685 Polynice
1333 5614 1434 5689 ista
1473 5616 1670 5670 dicun-

112 5689 210 5744 tur,
243 5679 353 5763 non
384 5681 451 5735 de
483 5679 711 5763 (Edipo,
736 5679 1035 5753 quinescio
1061 5679 1169 5755 quo
1196 5695 1350 5755 pacto
1384 5687 1436 5738 in
1463 5689 1670 5740 versio-

112 5765 221 5805 nem
263 5761 558 5820 irrepserit.
1294 5778 1301 5788 σ

174 5823 286 5890 (79)
308 5823 658 5889 Ποιούμενα.
689 5823 1021 5878 Subauditur
1050 5826 1217 5891 ἐστίν,
1245 5834 1334 5879 aut
1361 5825 1430 5878 al.
1465 5825 1660 5880 simile.

177 5892 289 5962 (80)
320 5895 480 5948 Αὺτὰ
521 5892 697 5947 ἄλλα.
729 5893 1045 5964 Legebatur,
1082 5898 1273 5965 opinor
1317 5898 1372 5952 in
1401 5895 1493 5950 alt.
1534 5913 1662 5960 ms.,

1777 5615 1935 5669 αὑταὶ
1979 5615 2144 5676 ἄλλα,
2191 5614 2282 5668 sed
2327 5623 2658 5682 postremum
2707 5622 3031 5668 elementum
3079 5611 3333 5666 abrasum

1775 5697 1874 5740 est.
1929 5684 2249 5756 Utrumque,
2304 5701 2428 5739 meo
2469 5687 2674 5756 judicio
2718 5694 2959 5751 rectum;
3012 5682 3107 5739 sed
3156 5691 3352 5741 tamen

1774 5757 1911 5814 aii-id
1934 5755 2103 5820 magis
2129 5757 2407 5821 probatur.

1842 5825 1950 5897 (8|)
1991 5823 2255 5893 Ἐὰνμή.
2291 5825 2587 5895 Μοιὶῐῐι,,ἂν
2622 5827 2716 5899 μή.
