4020 6342
107 450 244 507 M9
729 469 734 473 ”
1301 441 1624 496 ΡΠᾹΞΡΑΒ.
1666 438 1728 493 E‘

1830 437 1916 494 EG.
1961 437 2089 492 LIB.
2129 436 2217 492 Vl.
3283 432 3389 486 450

109 565 452 638 θαυμάζειν
481 563 707 625 ἔπεισιν,
735 563 782 614 εί
834 560 1058 614 τοιαῦτα
1096 559 1266 626 λέγων
1314 559 1413 611 οὒκ
1456 558 1720 629 ᾐσθάνετο

1830 552 2259 621 συγκεκλῶσθαι,
2308 549 2452 620 quod
2491 565 2599 603 uno
2645 549 2808 601 veluti
2854 561 3238 615 communique
3283 558 3393 600 sta.

104 662 239 732 τῆς
279 655 658 731 ματαιολογίας
709 654 810 724 τῆς
856 653 1070 706 ἑαυτοῦ.
1111 654 1290 704 Ἔστω
1349 652 1456 723 γὰρ
1488 649 1712 713 ταύταις

1830 647 1964 699 mine
1987 646 2146 698 ducta
2166 658 2519 710 connexaque
2536 642 2718 695 omnia
2744 641 2872 702 sint,
2892 649 2943 691 et
2969 654 3136 692 unum
3161 639 3393 708 aliquem

105 756 260 816 ταῖς
292 752 522 812 ἐννοίαις
549 746 918 817 κεχρημένους
940 745 1065 807 τοὺς
1104 742 1439 814 ἀνθρώπους,
1468 743 1588 794 καθ’
1621 741 1714 805 οὓς

1830 740 2100 808 proprium
2127 754 2192 790 ac
2213 737 2545 805 singularem
2580 749 2801 789 cursum.
2831 743 2885 786 et
2907 733 3110 785 exitum
3139 731 3390 785 habeam.

111 846 306 908 auch;
345 841 673 912 ἐτυμολογεῖ,
700 839 768 890 τὰ
814 837 1048 907 ὀνόματα
1105 834 1374 887 τεθεῖσθαι
1427 833 1493 886 τὰ
1538 833 1716 885 ἐκκεί-

1830 831 1995 898 Atque
2027 830 2109 883 his
2134 828 2511 895 similibusque
2537 827 2694 894 nugis
2714 864 2728 885 .
2753 841 2871 878 eam
2898 839 2954 878 se
2983 823 3075 876 fati
3101 823 3396 896 necessita-

120 953 307 1007 μενα,
345 933 658 998 δοξάζοντας
687 929 756 981 τὰ
802 928 976 980 πάντα
1021 926 1397 994 κατειληφέναι
1443 923 1714 993 εἱμαρμέ-

1830 931 1952 984 lem,
1979 936 2100 988 qua:
2127 921 2286 973 rebus
2310 919 2568 971 omnibus
2592 918 2922 975 dominetur.
2969 915 3268 970 confecisse
3294 931 3396 982 pu-

114 1045 264 1098 νην,
303 1027 399 1079 καὶ
421 1022 784 1094 ἀμεταθέτους
823 1016 958 1071 εἶναι
985 1018 1080 1080 τὰς
1106 1017 1166 1081 ὲξ
1207 1016 1397 1078 αἰῶνος
1426 1032 1717 1085 προκατει-

1830 1020 1912 1064 Lat.
1963 1011 2088 1064 Mihi
2117 1027 2242 1064 vero
2266 1012 2424 1079 plane
2451 1011 2636 1063 mirari
2664 1009 2827 1080 265'
2849 1009 3014 1072 subit,
3043 1008 3397 1078 quemadmo—

116 1118 432 1190 λημμένας
464 1115 574 1184 (90)
628 1115 684 1164 ἐν
719 1112 848 1163 πᾶσι
879 1112 988 1172 τοῖς
1042 1104 1158 1162 οὖσί
1190 1123 1249 1158 τε
1293 1107 1385 1158 καὶ
1416 1104 1717 1174 γινομένοις

123 1210 363 1270 αἰτίοις.
392 1206 457 1258 Τί
489 1200 580 1257 οὖν
615 1201 941 1262 ἀκολουθεῖς,
972 1193 1017 1251 ὦ
1039 1197 1347 1268 Χρύσιππε,
1369 1194 1568 1257 πάσαις
1599 1196 1719 1256 ταῖς

125 1301 256 1352 τῶν
288 1298 586 1371 ἀνθρώπων
615 1296 822 1358 δόξαις;
853 1295 946 1346 καὶ
977 1290 1199 1360 οὐδεμία
1221 1307 1300 1342 σοι
1329 1288 1458 1359 περὶ
1509 1287 1721 1349 οὐδενὸς

126 1393 403 1460 φαίνεται
428 1387 782 1456 διεψευσμένη
805 1402 818 1449 ;
886 1382 1043 1435 Ἀλλὰ
1081 1382 1277 1443 πάντες
1333 1382 1432 1450 τῆς
1464 1377 1720 1446 ἀληθείας

126 1477 256 1530 εἰσὶ
326 1475 673 1545 θεωρητικοίς
709 1474 830 1535 Πῶς
880 1467 969 1523 οὖν
1019 1469 1207 1523 οὐδένα
1257 1469 1361 1539 φῂς
1415 1467 1716 1537 ἄνθρωπον,

127 1568 200 1631 ὃς
228 1567 361 1636 οὐχὶ
398 1565 679 1636 μαίνεσθαί
713 1582 793 1617 σοι
815 1565 959 1615 δοκεῖ
982 1562 1099 1615 κατ’
1136 1561 1244 1612 ἴσον
1288 1559 1515 1630 Ὀρέστῃ
1544 1575 1603 1609 τε
1629 1557 1719 1610 καὶ

148 1659 518 1729 Ἀλκμαίωνι,
543 1656 682 1727 πλὴν
719 1655 812 1709 τού
843 1654 1040 1722 σοφού;
1088 1653 1183 1704 ’ἐνα
1244 1650 1300 1703 δὲ
1331 1651 1363 1720 ἢ
1405 1649 1497 1702 δύο
1530 1649 1722 1719 μόνους

140 1757 257 1824 φῂς
295 1755 492 1822 σοφοὺς
509 1752 805 1821 γεγονέναι,
847 1753 971 1813 τοὺς
1021 1749 1076 1801 δὲ
1107 1749 1298 1811 ἄλλους
1317 1747 1382 1798 δι’
1413 1745 1722 1816 ἀφροσύνην

145 1848 356 1916 ἐπίσης
385 1849 494 1907 τοῖς
525 1844 938 1917 προειρημένοις
975 1842 1304 1913 μεμηνέναι;
1339 1839 1463 1902 Πῶς
1489 1841 1545 1892 δὲ
1591 1841 1721 1892 ἀνα-

1818 1102 1946 1156 dum
1977 1104 2113 1172 ipse,
2166 1103 2295 1156 dum
2323 1103 2422 1155 ista
2448 1101 2671 1164 diceret,
2717 1116 2879 1168 quam
2919 1100 3100 1153 inania
3124 1115 3397 1169 quamque

1820 1193 2013 1249 frivola
2037 1195 2262 1260 diceret,
2294 1209 2401 1248 non
2427 1195 2677 1248 senserit.
2725 1192 2851 1247 Esto
2877 1193 3019 1246 enim
3044 1233 3058 1256 ,
3087 1193 3276 1247 demus
3302 1208 3398 1246 eos

1820 1294 1957 1350 tum,
2004 1301 2144 1355 quos
2175 1287 2228 1338 in
2254 1285 2930 1339 eruendis'notationibus
2974 1286 3082 1339 illis
3125 1285 3396 1353 sequitur,

1821 1376 2104 1429 hominum
2154 1392 2349 1431 sensus
2391 1387 2445 1430 et
2489 1376 2844 1445 cogitationes
2870 1375 3057 1441 fuisse,
3102 1392 3225 1431 cum
3252 1377 3397 1444 ejus—

1820 1468 1967 1522 modi
1994 1467 2309 1539 nominibus
2334 1477 2614 1520 uterentur
2633 1508 2647 1530 ,
2695 1468 2835 1534 quod
2864 1465 2974 1520 fato
2999 1468 3166 1520 teneri
3191 1469 3395 1532 omnia,

1820 1569 1873 1613 et
1896 1558 2264 1612 immutabiles
2289 1573 2354 1612 ex
2380 1557 2527 1610 omni
2553 1572 2666 1610 arvo
2693 1572 2869 1610 rerum
2895 1573 3083 1610 earum
3109 1599 3123 1622 ,
3170 1573 3400 1627 quaeque

1822 1660 1968 1716 sunt,
2013 1665 2254 1719 quaeque
2288 1648 2444 1714 ﬁunt,
2491 1649 2699 1718 positas
2744 1657 2869 1700 ante
2909 1663 2972 1702 ac
2994 1648 3245 1704 definitus
3279 1664 3399 1703 esse

1822 1757 2017 1796 causas
2067 1751 2338 1810 putarent.
2388 1739 2660 1807 Quorsum
2687 1755 2836 1809 ergo,
2860 1739 3181 1811 Chrysippe,
3207 1756 3396 1796 omnes

1829 1833 1921 1885 tibi
1951 1833 2231 1886 hominum
2257 1833 2544 1901 Opiniones
2569 1833 2867 1901 probantur
2886 1832 2909 1883 τ
2931 1847 3028 1886 cur
3050 1832 3182 1886 falsa
3209 1835 3317 1886 ullo
3343 1837 3394 1887 in

141 1937 444 2003 σκευάζεις
471 1936 649 1990 αὐτῶν
680 1937 778 1998 τὰς
800 1936 953 2001 δόξας
974 1933 1186 1996 ὲκείνας
1221 1931 1296 1996 ὡς
1344 1929 1723 2001 διημαρτημέ-

1830 1940 2019 1992 genere
2063 1924 2276 1978 videtur
2321 1925 2516 1978 nulla?
2558 1922 2694 1977 Num
2743 1937 2928 1975 verum
2968 1923 3248 1977 arbitraris
3287 1940 3392 1977 non

143 2048 277 2094 νας,
311 2025 422 2082 οἷον
452 2029 551 2092 τὰς
575 2027 703 2098 περὶ
731 2027 980 2089 πλούτου,
1015 2028 1106 2080 καὶ
1159 2025 1336 2096 δόξης,
1372 2025 1465 2078 καὶ
1522 2039 1720 2095 τυραν-

147 2121 326 2184 νίδος,
354 2121 579 2174 καθόλου
611 2139 672 2173 τε
716 2119 930 2190 ἡδονῆς,
968 2121 1107 2188 ἅπερ
1141 2117 1320 2187 ἀγαθά
1378 2116 1724 2187 νενομίκασιν

151 2213 210 2266 οἱ
235 2213 468 2264 πλεῖστοι
491 2229 504 2276 ;
529 2211 654 2273 Πῶς
681 2211 736 2263 δὲ
758 2212 884 2272 τοὺς
934 2211 1216 2279 κειμένους
1260 2209 1456 2279 νόμους
1485 2209 1727 2279 ἡμαρτῆ-

150 2303 287 2355 σθαι
304 2304 408 2374 φῂς
441 2304 702 2365 ἅπαντας,
727 2303 818 2353 καὶ
846 2302 944 2363 τὰς
990 2299 1255 2362 πολιτείας
1277 2317 1290 2364 ;
1342 2299 1375 2370 ἣ
1399 2300 1487 2352 διὰ
1507 2300 1558 2351 τί
1584 2299 1724 2369 πλῆ-

153 2393 254 2456 θος
276 2394 548 2446 τοσούτων
602 2391 819 2461 βιῦλίων
873 2390 1231 2460 συνέγραψας,
1261 2393 1307 2442 εί
1342 2391 1467 2459 περὶ
1503 2389 1726 2459 μηδενὸς

154 2483 310 2560 εἶχον
337 2491 385 2541 οἱ
419 2487 690 2559 ἄνθρωποι
722 2485 877 2552 δόξας
929 2486 1410 2557 διημαρτημέναςς
1466 2487 1540 2538 Ob
1592 2486 1722 2557 γὰρ,

152 2581 292 2633 ὅταν
320 2581 416 2650 μὲν
449 2580 618 2632 ταύτά
651 2597 732 2631 σοι
763 2578 1274 2649 δοξάζωσιν,ξόρθῶς
1297 2581 1509 2650 φρονεῖν
1530 2579 1727 2640 αὐτοὺς

156 2671 581 2741 φήσομεν,ὃταν
631 2669 688 2722 δὲ
719 2669 972 2742 διάφορα,
1012 2669 1313 2740 μαίνεσθαι.
1360 2669 1580 2739 Πρῶτον
1628 2669 1728 2738 μὲν

109 2828 112 2832 ,
155 2761 274 2832 γὰρ
299 2761 417 2815 οὐδὲ
452 2763 513 2815 σὺ
542 2763 646 2833 φῂς
679 2763 841 2831 σοφὸν
875 2756 1008 2816 εἶναι
1040 2762 1280 2823 σεαυτὸν,
1326 2762 1520 2831 μήτιγε
1545 2763 1722 2830 ἡμεῖς,

159 2853 260 2908 ἵνα
285 2856 565 2927 κριτήριον
610 2854 890 2925 ποιώμεθα
921 2854 1014 2908 τοῦ
1040 2853 1219 2917 καλῶς
1271 2870 1399 2906 ποτε
1447 2853 1556 2919 (9i)
1591 2852 1728 2904 ὲκεί-

159 2962 294 3008 νους
325 2950 554 3017 φρονεῖν,
584 2945 663 3016 τῷ
692 2948 764 3017 μὴ
795 2949 861 3016 τῇ
888 2949 951 3017 σῇ
976 2946 1101 3017 δόξῃ
1122 2946 1466 3015 συνδραμεῖνν
1493 2944 1658 2996 ἔπειτ’
1679 2946 1726 2995 εί

163 3035 266 3088 καὶ
292 3036 442 3088 τοῦτο
464 3033 530 3107 ἦν
556 3038 772 3107 ἀληθὲς,
807 3038 858 3090 τί
897 3037 1072 3106 λέγειν
1100 3039 1266 3108 ἐχρῆν
1293 3035 1575 3106 μαίνεσθαι
1597 3036 1729 3088 πάν-

158 3143 268 3188 τας
300 3129 512 3198 ἐπίσης,
549 3131 643 3182 καὶ
670 3130 809 3200 οὐχὶ,
847 3129 982 3183 καθὸ
1025 3131 1121 3200 μὲν
1148 3131 1425 3198 ἐφαίνοντο
1449 3129 1618 3180 ταύτά
1651 3145 1729 3180 σοι

159 3219 503 3283 δοξάζοντες,
529 3221 668 3274 κατὰ
696 3221 853 3275 τούτο
900 3222 1094 3284 αὐτοὺς
1146 3222 1406 3283 ἐπαινεῖν,
1439 3221 1513 3283 ὡς
1555 3219 1728 3290 ’ὀρθοῦ

1825 2017 2103 2084 pervidere
2133 2016 2439 2071 neminem?
2459 2015 2570 2070 Cur
2594 2031 2743 2084 ergo,
2769 2021 2961 2085 prwter
2985 2031 3151 2070 unum
3178 2017 3394 2084 sapien—

1826 2117 1956 2175 tem,
2005 2110 2315 2162 mortalium
2361 2109 2636 2162 neminem
2683 2123 2792 2162 non
2828 2109 3048 2178 perinde
3071 2117 3128 2161 ut
3152 2106 3398 2161 Orestem

1828 2211 1918 2254 aut
1942 2202 2302 2255 Alcm-amnem
2353 2200 2532 2254 furere
2577 2201 2891 2254 existimas?
2933 2200 3230 2267 sapientem
3269 2215 3398 2253 vero

1825 2305 1933 2344 non
1961 2291 2061 2344 nisi
2082 2301 2246 2344 unum
2265 2306 2356 2342 aut
2373 2291 2603 2343 alterum
2622 2290 3161 2358 exstilisse,reliquos
3184 2304 3396 2353 omnes,

1825 2397 1934 2435 non
1960 2383 2165 2435 minore
2187 2393 2350 2448 qnam
2373 2380 2563 2434 ambos
2590 2380 2713 2433 illos
2737 2380 2948 2434 insania
2975 2362 3155 2434 teneri.
3173 2396 3236 2434 ac
3259 2381 3400 2434 labo-

1827 2488 1947 2527 rare
1988 2471 2107 2526 vis?
2158 2469 2390 2534 Deinde,
2442 2470 2901 2538 quemadmodum
2948 2470 3233 2539 Opiniones
3279 2471 3402 2524 illas

1827 2560 2082 2633 tanquam
2129 2563 2293 2617 falsas
2338 2561 2558 2624 evertis,
2603 2575 2742 2629 quas
2765 2560 2830 2614 de
2854 2561 3070 2629 Opibus,
3104 2562 3170 2614 de
3208 2561 3398 2630 gloria,

1826 2658 1892 2711 de
1917 2656 2166 2725 imperio,
2214 2655 2390 2724 deque
2433 2653 2582 2706 omni
2617 2653 2909 2720 voluptatis
2940 2668 3136 2722 gegere
3171 2654 3400 2706 imbibe-

1828 2758 1973 2810 runt,
2017 2763 2154 2817 quas
2191 2762 2280 2800 res
2320 2746 2375 2798 in
2413 2743 2570 2798 bouis
2607 2744 2850 2813 plerique
2873 2742 3400 2812 ducunt?quorsum

1828 2841 1972 2909 leges
2013 2853 2224 2904 onmes,
2267 2839 2559 2907 omniaque
2627 2836 3154 2904 rerumpublicarum
3200 2851 3402 2904 genera

1829 2946 2108 3001 perperam
2154 2929 2399 2984 instituta
2427 2944 2550 2984 esse
2572 2927 2851 2983 defendis?
2904 2938 2999 2982 aut
3024 2929 3068 2982 si
3096 2929 3241 2981 nulla
3265 2928 3318 2981 in
3344 2943 3402 2982 re

1829 3037 1984 3075 secus
2010 3020 2254 3074 homines
2279 3019 2354 3073 illi
2379 3018 2709 3083 sentiebant,
2737 3031 2998 3086 quorsum
3025 3023 3103 3069 tot
3125 3015 3402 3068 volumina

1831 3111 2243 3181 conscripsisti?
2284 3109 2470 3180 Neque
2491 3111 2634 3164 enim
2659 3151 2674 3175 ,
2699 3110 2894 3178 opinor
2913 3149 2929 3174 ,
2956 3123 3146 3177 sapere
3171 3117 3284 3160 tum
3310 3107 3404 3160 de-

1833 3221 1978 3258 mum
2007 3220 2101 3258 eos
2122 3203 2441 3269 dixerimus,
2489 3217 2612 3257 cum
2637 3203 2703 3256 ad
2729 3202 3040 3270 Opinionem
3089 3215 3207 3253 sese
3252 3208 3400 3252 tuam

159 3324 319 3370 τινος
349 3307 793 3381 ἐπειλημμένους⁸
827 3311 960 3364 καθὸ
1016 3311 1072 3363 δὲ
1124 3310 1437 3379 διεφώνουν,
1481 3307 1728 3382 ἁμαρτα-

1833 3296 2197 3363 adjunxerint,
2248 3295 2339 3349 ubi
2387 3307 2566 3349 autem
2609 3295 2678 3347 ab
2699 3309 2760 3347 ea
2802 3288 3397 3355 discesserint,furere.

161 3416 285 3452 νειν
310 3400 502 3462 αὐτοὺς
560 3402 992 3471 ὑπολαμϐάνειν;
1047 3401 1357 3472 Μαρτύριον
1415 3401 1594 3471 μέντοι
1633 3404 1730 3468 τῆς

162 3489 426 3560 ἀληθείας
460 3491 638 3545 ἱκανὸν
667 3494 911 3561 ἡγεῖσθαι
935 3493 994 3544 τὸ
1014 3493 1200 3567 δοκοῦν
1221 3492 1466 3554 ἐκείνοις·
1499 3491 1615 3543 οὐδὲ
1645 3491 1732 3541 οὓ-

164 3597 276 3643 τως
297 3583 464 3651 ἐχρῆν
490 3581 643 3648 φύσει
665 3582 794 3652 (92),
833 3584 925 3635 καὶ
967 3580 1374 3653 μὴείμαίνεσθαι,
1392 3580 1638 3651 καθάπερ
1667 3582 1730 3632 σὺ

129 3735 134 3738 _
167 3670 295 3734 οἴει,
323 3670 463 3724 ἀλλὰ
493 3671 622 3724 πολύ
647 3689 706 3739 γε
752 3658 1115 3742 ἀφεστηκέναι
1163 3672 1351 3740 σοφίας
1396 3673 1500 3735 πᾶς
1555 3673 1618 3725 ἄν
1651 3690 1732 3734 τις

165 3762 544 3833 ὁμολογήσειε.
604 3765 644 3827 Γ
645 3763 826 3828 ελοίως
857 3761 949 3817 οὖν
986 3762 1102 3817 νίκαὶ
1141 3767 1205 3817 σὺ
1268 3766 1445 3835 χρήσῃ
1498 3765 1731 3833 μάρτυσι

168 3853 380 3916 τούτοις
403 3854 490 3907 διὰ
519 3858 614 3925 τῆς
642 3855 839 3919 θέσεως
890 3855 994 3906 τῶν
1019 3855 1316 3923 ὀνομάτων,
1354 3853 1448 3916 οὓς
1497 3853 1645 3905 οὐδὲν
1667 3853 1733 3906 ἂν

174 3945 400 4012 mare
431 3946 660 3999 ’σύνεσιν
711 3948 934 4002 σεαυτοῦ
983 3949 1183 4018 φήσαις
1224 3945 1516 4017 διαφέρειν·
1559 3946 1606 3996 εί
1659 3946 1732 4017 μὴ

180 4033 292 4102 ἄρα
313 4034 430 4097 τοὺς
459 4035 519 4098 ἐξ
571 4037 746 4106 ἀρχῆς
776 4036 1030 4107 θεμένους
1082 4037 1253 4090 ταῦτα
1279 4036 1348 4088 τὰ
1373 4038 1611 4110 ὀνόματα
1650 4052 1737 4089 σο-

175 4126 315 4194 φοὺς
335 4121 470 4180 εἶναι
499 4128 861 4199 συμϐέϐηκεν,
888 4131 983 4182 δπε
992 4147 1024 4200 ρ
1044 4130 1290 4198 οὐδαμῶς
1314 4129 1481 4194 δεῖξαι
1507 4128 1730 4198 δυνήσῃ.

186 4214 349 4269 Ἀλλὰ
372 4219 477 4290 γὰρ
502 4218 731 4272 δεδόσθω
754 4236 832 4271 σοι
850 4219 992 4272 τοῦθ’
1013 4221 1181 4282 οὕτως
1210 4220 1370 4289 ἔχειν,
1392 4221 1485 4272 καὶ
1527 4217 1595 4270 τὰ
1619 4218 1736 4271 ὀνό-

177 4325 323 4377 ματα
347 4313 526 4363 ἐκεῖνα
549 4310 790 4363 τίθεσθαι
816 4352 830 4374 ,
879 4313 954 4375 ὡς
979 4315 1042 4366 σὺ
1107 4312 1304 4382 βούλει,
1334 4311 1433 4373 τὰς
1461 4309 1735 4380 σημασίας

175 4401 387 4470 ἔχοντα,
416 4404 510 4453 καὶ
537 4403 610 4472 μὴ
632 4403 772 4456 κατὰ
803 4404 957 4470 δόξας
983 4405 1196 4473 ψευδεῖς
1227 4405 1290 4457 τὸ
1313 4403 1548 4457 τοιοῦτον
1573 4416 1733 4469 γεγο-

175 4492 343 4546 νέναι.
376 4493 484 4545 Ποῦ
507 4484 705 4547 ἓοίνυν
753 4495 817 4548 δι’
846 4495 1022 4548 αὐτῶν
1070 4496 1388 4564 σημαίνεται
1443 4493 1512 4546 τὰ
1557 4493 1735 4546 πάντα

1831 3382 2072 3436 Primum
2116 3384 2283 3446 enim,
2329 3385 2628 3452 sapientem
2676 3398 2744 3436 ne
2786 3391 2844 3435 tu
2889 3380 3107 3450 quidem
3139 3380 3314 3449 ipsum
3348 3389 3402 3434 te

1831 3473 2156 3541 pronuntias
2177 3513 2192 3535 ,
2234 3473 2430 3526 nedum
2474 3472 2887 3542 pronuntiemus
2910 3471 3033 3540 ipsi,
3063 3478 3122 3524 ut
3142 3486 3207 3524 ex
3229 3484 3294 3524 eo
3318 3485 3401 3522 re-

1831 3577 1917 3620 cte
1941 3566 2059 3619 illos
2085 3565 2355 3619 interdum
2384 3566 2582 3619 sentire
2601 3566 2912 3634 judieemus
2932 3607 2945 3630 ,
2991 3564 3136 3634 quod
3160 3577 3278 3618 sese
3303 3564 3402 3616 ali-

1832 3658 2049 3725 quando
2075 3657 2141 3709 ad
2166 3667 2314 3709 tuam
2358 3657 2680 3711 sententiam
2725 3667 3033 3727 aggregent.
3075 3655 3306 3718 Deinde,
3344 3662 3402 3707 ut

1833 3748 1886 3801 id
1911 3764 2128 3818 quoque
2155 3764 2342 3802 verum
2370 3750 2460 3812 sit,
2487 3750 2618 3818 quid
2644 3764 2864 3806 necesse
2890 3751 2990 3803 fuit
3016 3751 3234 3803 insanos
3257 3748 3402 3815 pari-

1833 3848 1914 3894 ter
1938 3855 2001 3894 ac
2026 3840 2346 3908 simpliciter
2385 3856 2576 3895 omnes
2600 3843 2906 3912 appellare?
2947 3842 3077 3910 quin
3107 3849 3162 3892 tu
3187 3855 3280 3892 eos
3304 3854 3402 3907 po.

1834 3932 1962 3994 tius,
2005 3940 2274 3999 quatenus
2319 3933 2375 3986 in
2421 3935 2630 3998 eadem,
2678 3951 2782 4002 qua
2808 3943 2886 3999 tu,
2928 3933 3190 3987 sententia
3219 3946 3400 3984 versa-

1833 4023 2048 4085 bantur,
2099 4023 2362 4076 laudabas
2408 4033 2666 4093 tanquam
2697 4025 2827 4078 recti
2851 4041 2915 4078 ac
2936 4025 3047 4078 veri
3085 4024 3287 4093 aliquid
3312 4038 3398 4078 se-

1833 4123 1988 4168 cutos
2034 4131 2048 4167 :
2096 4120 2366 4180 quatenus
2394 4130 2522 4168 vero
2545 4115 2613 4168 ab
2634 4130 2698 4168 ea
2740 4115 3151 4183 discrepahant,
3197 4115 3400 4169 erroris

1832 4221 1927 4261 eos
1949 4221 2012 4258 ac
2035 4205 2298 4269 stultitiae,
2345 4206 2388 4258 si
2431 4206 2502 4260 ita
2527 4207 2834 4271 videbatur,
2881 4207 3178 4275 arguebas?
3226 4205 3400 4260 Testi~

1834 4299 2076 4350 monium
2100 4297 2317 4366 quidem
2344 4298 2590 4354 veritatis
2627 4299 2881 4353 idoneum
2907 4311 2960 4354 ct
2985 4301 3319 4369 exploratum
3346 4299 3398 4352 id

1833 4390 2054 4454 habere,
2103 4389 2245 4459 quod
2272 4390 2344 4444 ita
2369 4391 2650 4453 sentirent,
2701 4392 2752 4445 id
2779 4407 2906 4446 vero
2933 4393 2976 4447 si
3004 4408 3108 4447 non
3138 4393 3394 4454 insanire,

1835 4480 1978 4548 quod
2009 4489 2062 4534 tu
2088 4480 2155 4534 de
2182 4481 2290 4534 illis
2312 4481 2615 4546 existimas,
2644 4483 2834 4536 saltem
2861 4483 2929 4536 ab
2953 4483 3099 4536 omni
3133 4483 3397 4552 sapientia

171 4583 508 4650 ἁπαξαπλῶς
559 4585 678 4638 καθ’
705 4587 1043 4657 εἱμαρμένην
1074 4584 1228 4652 εἶναι,
1271 4589 1363 4641 καὶ
1394 4588 1465 4656 μὴ
1502 4588 1573 4654 (εἰ
1603 4585 1728 4657 ἄρα)

1835 4585 2062 4638 prorsus
2091 4571 2327 4624 alienum
2355 4587 2476 4627 esse
2500 4588 2659 4628 nemo
2684 4589 2788 4627 non
2808 4575 2931 4643 jure
2954 4574 3199 4629 fateatur.
3249 4574 3401 4628 [lidi—

168 4677 346 4730 ταῦτα
376 4677 510 4747 μόνα
557 4673 630 4732 ὧν
689 4681 834 4733 ἐστιν
887 4681 1226 4750 εἱμαρμένη;
1261 4681 1326 4732 Ὄ
1370 4697 1428 4730 τε
1488 4679 1596 4749 γὰρ
1624 4677 1732 4730 τῶν

171 4769 396 4840 Μοιρῶν
423 4770 671 4842 ἀριθμὸς,
705 4773 895 4826 καὶττὰ
940 4773 1176 4844 ὀνόματα
1220 4773 1417 4836 αὐτῶν,
1456 4775 1547 4826 καὶ
1577 4776 1604 4825 ὁ
1638 4771 1735 4840 τῆς
1766 4763 1771 4768 ’

171 4859 428 4923 Κλωθοῦς
452 4862 736 4933 ἄτρακτος,
770 4865 865 4916 καὶ
899 4865 959 4919 τὸ
978 4865 1371 4936 ἐπειλημμένον
1393 4867 1539 4936 αὐτῷ
1563 4873 1732 4940 νῆμα,

171 4950 270 5002 καὶ
294 4949 354 5001 τὸ
376 4950 695 5022 ὲπίκλωσμα
730 4953 938 5019 τούτου,
968 4956 1061 5008 καὶ
1085 4957 1182 5008 ὅσα
1236 4955 1459 5010 τοιαῦτα
1487 4958 1618 5011 ἄλλα
1650 4960 1736 5012 λέ-

243 5098 362 5169 (90)
384 5104 987 5214 Προκπειλημέιένᾳς,
1008 5117 1110 5161 etc.
1129 5111 1231 5172 An,
1251 5119 1310 5164 ut
1331 5112 1465 5164 alter
1485 5129 1549 5165 ex
1579 5128 1733 5178 mss.,

243 5170 797 5223 μοκαταῦὤλῇιιένας-
836 5177 980 5223 Elige
1005 5221 1016 5223 _
1048 5179 1175 5223 dum
1225 5196 1455 5223 rpnnnac
1500 5197 1560 5223 ιη
1609 5185 1732 5223 βοή-

174 5173 804 5244 προωταῦιδλημέναςῖ
835 5177 1017 5246 Elige,
1048 5179 1175 5256 dum
1225 5196 1455 5246 reponas
1500 5197 1562 5234 ex
1609 5173 1733 5235 eod.

174 5238 359 5321 αἰτίας
404 5254 500 5321 pro
543 5245 751 5321 αἰτίοις.
797 5248 1338 5321 Προκαταὸαλλεσθαι
1383 5250 1481 5321 τὴν
1531 5252 1731 5315 αἰτίαν,

175 5317 263 5362 est
295 5312 765 5391 προϋποτεθεσθαι,
801 5312 1221 5391 προϋποσίςῆναι,
1263 5312 1652 5391 προϋπάρχειν·
1682 5312 1735 5373 at

176 5379 814 5460 προκαταλαμϐάνεσθαι,
839 5379 921 5460 est
942 5379 1392 5460 προδιορίςεσθάι,
1420 5379 1634 5458 ρτέιίὲίρὶ
1671 5407 1734 5444 ac

176 5449 436 5527 praliniri
467 5460 809 5527 antrumque
841 5449 1148 5527 Stoicorum
1193 5449 1388 5527 dogma
1408 5449 1436 5520 ,’
1459 5449 1608 5527 prius
1653 5469 1730 5513 ta-

180 5533 305 5573 men
345 5517 448 5572 hoc
495 5519 614 5574 loco
638 5517 841 5576 malim.
875 5524 1081 5579 Causas
1113 5527 1231 5578 illas
1267 5517 1480 5581 Tulli-us
1520 5540 1732 5581 anteet--

179 5593 404 5652 dentes,
437 5598 796 5664 antegressas,
831 5597 1164 5663 praepositas,
1197 5599 1527 5664 antepositas
1554 5601 1730 5650 uomi-

179 5667 304 5737 κιαι,
320 5672 443 5737 είηὲ
468 5658 889 5737 προηχοΞΞμεναι,
915 5658 1005 5737 aut
1029 5658 1623 5737 προκαταὸέόλημέναι.

251 5726 365 5806 (9.1)
396 5726 740 5793 Τοῦααλῶς
765 5746 926 5806 amre.
968 5726 1084 5806 Aut'
1109 5734 1293 5806 miti);
1313 5726 1626 5789 mutandum
1676 5738 1731 5791 in

182 5799 506 5874 κακῷς,ξυι
548 5799 798 5874 sequenti
842 5803 1083 5874 mem_hr0
1127 5805 1336 5869 negatio
1392 5808 1464 5874 μή
1521 5821 1730 5873 expun-

183 5865 371 5934 gcnda.
401 5862 727 5921 Utrumlibet
768 5869 892 5932 liat,
927 5870 1000 5938 τῷ
1028 5873 1170 5940 quod
1195 5862 1552 5943 'negatiotiem
1582 5862 1729 5930 illam

1837 4661 1991 4714 culus
2017 4677 2144 4730 ergo
2164 4676 2244 4725 es,
2281 4662 2409 4715 dum
2433 4671 2600 4717 testes
2622 4679 2717 4718 eos
2741 4665 2809 4719 ab
2831 4665 3094 4735 ejusmodi
3119 4665 3400 4717 nominum

1837 4750 2184 4818 impositione
2207 4751 2416 4816 laudas,
2449 4752 2647 4820 quibus
2671 4762 2850 4809 tamen
2891 4755 3022 4808 nihil
3049 4769 3284 4822 unquam
3305 4755 3399 4821 ju-

1837 4843 1979 4897 dicio
2005 4842 2193 4895 saltem
2221 4843 2615 4912 prudentiaque
2654 4850 2920 4900 concedas
2947 4864 2958 4898 :
2991 4846 3093 4900 nisi
3119 4858 3246 4899 vero
3265 4889 3279 4911 ,
3304 4847 3400 4915 qui

1837 4936 1905 4988 ab
1929 4935 2083 4987 initio
2133 4950 2304 5004 genus
2330 4937 2433 4991 hoc
2454 4938 2734 4992 nominum
2780 4938 2940 4991 rebus
2979 4938 3096 4992 istis
3138 4939 3399 5003 indidere.

1835 5112 2110 5190 praecedit,
2139 5116 2461 5190 mendosum
2493 5125 2595 5181 est,
2627 5117 2856 5185 ejusque
2882 5118 3001 5172 loco
3032 5121 3396 5190 reponendum

1834 5183 1914 5245 τό,
1951 5197 2073 5236 cum
2103 5185 2272 5238 altero
2299 5202 2569 5239 manuscr.

1907 5252 2013 5322 (92)
2071 5254 2206 5307 οὐδ’
2257 5255 2441 5318 οὕτως
2492 5254 2681 5322 ἐχρῆν
2733 5258 2930 5323 φύσει.
2993 5258 3239 5312 Mendum
3305 5260 3393 5313 hic

1836 5338 2128 5392 agnoscere
2150 5324 2320 5392 facile
2333 5333 2444 5385 est;
2471 5327 2654 5378 tollere
2677 5326 2907 5381 dillicile.
2940 5327 3047 5380 Nec
3069 5333 3395 5383 liteutbrauee

1837 5391 2004 5470 hilum
2035 5395 2245 5470 juvant.
2278 5391 2399 5470 Una
2431 5393 2723 5470 alontacut.
2759 5413 2869 5470 pro‘
2889 5397 3205 5470 (pugnis-gi
3238 5399 3393 5470 φησί,

1840 5468 1942 5516 hoc
2002 5461 2294 5535 uigfallor,
2352 5463 2538 5535 \jtium
2605 5461 2779 5535 auget.
2835 5461 2970 5530 Quid
3027 5465 3071 5517 si
3127 5461 3398 5521 rese-liba?-

1836 5542 1952 5606 tur,
1975 5533 2095 5585 οὐδέ
2124 5535 2201 5584 vel
2227 5533 2327 5606 ούκ
2366 5531 2507 5600 ἔχειν
2537 5531 2702 5606 τοῦτο
2723 5535 2881 5604 φύσιν
2901 5574 2914 5596 ,
2940 5535 3038 5606 καὶ
3079 5535 3125 5584 εί
3165 5537 3239 5605 μὴ
3275 5538 3401 5606 μαί-

1836 5601 2048 5674 νεοθαι,
2079 5611 2185 5674 etc:
2233 5600 2424 5654 Notum
2449 5611 2559 5674 est,
2607 5600 2766 5674 φύσιν
2797 5606 2896 5657 οὐκ
2934 5603 3097 5673 ἔχειν,
3141 5600 3397 5660 ἀντὶ’τοῦ

1836 5671 2061 5742 ﬁrmior
2121 5667 2313 5742 εἶναι,
2376 5667 2832 5742 καὶιάπὲοικός.
2906 5667 2994 5728 Ιιὲ
3045 5674 3393 5731 Demostheu.

1839 5741 2054 5814 Olynth.
2086 5755 2170 5814 η,-
2188 5740 2323 5814 Ἀλλ’
2352 5741 2462 5814 οὔτ’
2497 5740 2736 5811 εὔλογον,
2779 5742 2888 5796 οὔτ’
2922 5745 3040 5814 ἕχον
3068 5745 3194 5814 κέστὶ
3240 5746 3401 5813 φύσιν

1837 5809 1991 5862 τοῦτό
2018 5826 2100 5876 γε.
2128 5809 2382 5881 ῌετοάοῑ.
2416 5813 2507 5866 lib.
2537 5829 2600 5876 tt,
2628 5809 2763 5866 Ἕνα
2794 5814 2920 5866 ὅντα
2950 5809 3036 5881 (ile
3067 5809 3291 5868 Hercule
3321 5816 3397 5867 lo-

1836 5881 2061 5948 quitur),
2091 5880 2206 5942 πῶς
2237 5882 2396 5950 φύσιν
2425 5883 2537 5952 ἔχει
2570 5882 2768 5946 πολλὰς
2813 5880 3076 5956 μυριάδας
3112 5884 3397 5952 φονεῦσαι;
