3976 6340
583 447 695 504 851-

583 676 746 730 quam
776 660 1097 715 ostenderis.
1163 656 1362 713 Verum
1410 659 1568 712 detur
1597 658 1759 712 etiam
1797 659 1920 725 hoc,
1954 674 2147 726 quam-

583 768 690 823 que
714 750 979 817 defendis,
1013 767 1075 805 ea
1105 752 1419 805 nominibus
1461 749 1621 820 265
1668 751 1773 804 illis
1823 750 2180 821 signiﬁcatio

586 845 872 909 tribuatur,
902 859 999 897 nec
1027 858 1211 896 errore
1233 842 1504 911 opinionis
1530 842 1638 894 ullo
1664 840 1866 895 factum
1894 843 2033 895 istud
2065 841 2151 894 fu-

585 936 706 990 erit.
742 935 1027 1001 Quomodo
1050 944 1226 987 tamen
1252 934 1432 988 omnia
1457 928 1678 1002 prorsus
1704 933 1814 987 fato
1841 934 1954 987 fieri
1989 934 2150 1003 signi-

587 1029 778 1093 ficant,
820 1044 884 1083 ac
935 1044 1039 1082 non
1078 1029 1257 1096 potius
1298 1028 1379 1096 (si
1436 1043 1542 1097 qua
1595 1028 1875 1081 nominum
1920 1028 2148 1081 istorum

587 1120 669 1173 vis
724 1119 843 1188 est)
898 1134 959 1172 ea
1017 1119 1390 1172 tantummodo
1446 1133 1567 1186 qua:
1621 1117 1716 1171 fati
1765 1119 1881 1187 lege
1936 1126 2152 1172 tenean-

586 1212 710 1265 tur?
755 1210 888 1265 Nam
916 1222 967 1266 et
1000 1211 1295 1265 Parcarum
1334 1226 1616 1273 numerus,
1661 1210 2010 1278 ipsarumque
2048 1224 2148 1262 no-

586 1306 754 1365 mina,
786 1304 1142 1358 etClothonis
1166 1302 1341 1364 fusus,
1370 1310 1421 1355 et
1446 1302 1799 1369 glomeratum
1856 1302 1909 1353 in
1971 1316 2037 1354 eo
2091 1300 2152 1353 fi-

587 1396 719 1461 lum,
752 1397 1004 1464 ductique
1046 1411 1109 1449 ex
1152 1411 1214 1447 eo
1258 1396 1503 1449 staminis
1544 1394 1858 1457 necessitas,
1908 1402 1960 1448 et
2000 1409 2151 1463 quaa—

585 1504 800 1555 cuuque
848 1488 1119 1541 adduntur
1142 1497 1420 1556 pneterea,
1467 1496 1671 1541 certum
1699 1486 1835 1541 forte
1860 1487 2147 1556 quemdam

588 1589 748 1646 atque
771 1593 833 1631 ex
860 1579 1007 1632 omni
1032 1579 1328 1632 asternitate
1372 1586 1557 1646 aptum
1611 1594 1899 1632 causarum
1928 1579 2065 1632 inter
2093 1593 2150 1632 sc

587 1685 783 1723 nexum
810 1670 953 1723 iisin
982 1669 1144 1723 rebus
1169 1669 1473 1732 ostendant,
1500 1684 1620 1737 quae
1642 1669 1948 1723 necessario
1971 1669 2053 1722 vel
2078 1670 2149 1721 ita

588 1761 740 1824 ﬁant,
784 1761 867 1814 vel
914 1761 1068 1813 aliter
1097 1761 1293 1813 habere
1339 1776 1446 1814 non
1472 1761 1699 1829 possint.
1756 1761 2067 1829 Cujusmodi
2094 1770 2151 1814 ut

587 1868 707 1907 esse
750 1852 1032 1919 plerasque
1074 1850 1377 1915 fateamur;
1427 1868 1762 1921 quaecunque
1805 1860 1982 1906 tamen
2032 1853 2150 1921 ejus

587 1942 909 1998 conditionis
935 1960 1041 1998 non
1068 1951 1213 2007 sunt,
1259 1944 1325 1998 iis
1350 1944 1597 1999 homines
1622 1945 1813 2016 partim
1842 1943 2147 1998 moderato-

588 2051 678 2089 res
691 2045 1044 2105 auctoresque
1066 2037 1195 2090 deos
1218 2037 1600 2100 attribuerunt,
1633 2041 1826 2107 partim
1855 2055 1953 2095 nos
1976 2040 2143 2110 ipsos,

588 2127 782 2196 partim
832 2138 1104 2190 naturam,
1175 2138 1337 2197 atque
1394 2128 1665 2182 fortunam
1720 2144 1914 2184 causas
1957 2147 2142 2184 earum

588 2219 835 2287 proprias
874 2234 994 2271 esse
1035 2220 1341 2274 voluerunt.
1380 2218 1458 2272 Ac
1481 2217 1712 2272 fortunae
1733 2219 1950 2288 quidem
1981 2231 2038 2273 ut
2063 2220 2145 2272 in-

589 2309 833 2364 stabilem
867 2309 1267 2377 volubilemque
1312 2317 1543 2370 motum,
1571 2320 1825 2379 perpetua
1850 2313 2145 2364 mutatione

590 2398 938 2467 conjunctum
964 2398 1328 2462 ostenderent,
1360 2413 1589 2467 eamque
1630 2414 1809 2453 rerum
1838 2399 2147 2453 inconstan-

588 2489 718 2543 tiam
753 2488 1043 2542 simulacro
1078 2489 1312 2557 quodam
1360 2487 1779 2552 adumbrarent,
1828 2487 2144 2543 insidentem

590 2578 748 2649 globo
793 2580 1061 2632 fortunam
1092 2594 1425 2647 cxprcssere.
1479 2562 1617 2645 Quid
1643 2581 1685 2634 si
1712 2596 1779 2634 ne
1802 2580 1907 2634 ista
1928 2582 2143 2651 quidem

589 2671 730 2739 apud
774 2671 1020 2724 homines
1069 2670 1173 2723 ﬁxa
1219 2672 1441 2723 omnino
1466 2684 1690 2740 rataque
1714 2672 1960 2726 videntur
1986 2674 2148 2727 esse?

590 2770 654 2815 ut
671 2761 815 2815 enim
846 2776 1041 2815 causas
1092 2762 1363 2816 interdum
1388 2762 1763 2830 principiaque
1804 2765 2145 2829 conturbent,

589 2869 819 2925 quaque
860 2854 943 2907 vel
988 2853 1119 2918 fato,
1146 2854 1227 2907 vel
1250 2870 1378 2907 casu
1423 2854 1579 2917 fiunt,
1627 2869 1690 2907 ea
1717 2854 1898 2907 divino
1918 2853 2148 2909 Numine

591 2943 705 2998 ﬁeri
741 2944 1104 3009 arbitrentur;
1131 2960 1251 3012 qua:
1296 2959 1425 2997 vero
1469 2943 1677 2997 arbitrii
1727 2946 1898 3013 nostri
1945 2945 2148 2999 viribus

588 3035 909 3100 efﬁciuntur,
955 3036 1138 3089 eadem
1193 3035 1303 3089 fato
1348 3034 1674 3105 assignanda
1718 3043 1904 3103 putent
1953 3055 1965 3088 :
2018 3038 2148 3106 quin

590 3127 851 3196 principia
877 3137 1053 3180 tamen
1080 3129 1260 3181 omnia
1288 3128 1449 3181 rebus
1480 3127 1611 3196 ipsis
1634 3128 1809 3181 inesse
1841 3129 2145 3205 opinemur,

1212 446 1480 502 EUSEBII
1515 445 1994 503 CIESARIENSIS
2028 436 2180 502 OPP.
2219 444 2399 501 PARS
2439 442 2503 500 Il.
2543 477 2611 488 —-
2647 444 3156 504 APOLOGETlC-A.

584 568 851 635 sapientes
873 565 1031 620 iidem
1060 580 1188 619 casu
1213 565 1397 634 aliquo
1422 565 1655 631 fuerint;
1686 566 1738 619 id
1761 567 1905 635 quod
1925 575 1982 620 tu
2009 582 2143 641 nun.-

2248 583 2395 635 γεται
2427 569 2483 618 ἐν
2510 566 2768 629 ἐκείνοις,
2815 566 3144 619 ἐνδείκνυται
3210 567 3271 620 τὸ
3314 568 3671 639 ἀπαράϐατον
3725 572 3820 625 καὶ

2182 1911 2221 1963 Β

3702 451 3816 507 $52

2248 658 2307 720 ἐξ
2353 658 2543 719 αἰῶνος
2599 656 2836 726 καθῆκον
2886 659 2994 709 τῶν
3047 657 3256 720 αἰτιῶν,
3306 660 3406 713 ὅσα
3435 662 3639 715 οὑτωσὶ
3687 679 3824 715 κατ-

2246 753 2584 821 ηνάγκασται
2614 750 2885 818 γενέσθαι,
2919 751 3010 803 καὶ
3055 752 3153 804 ὅσα
3185 752 3358 815 ἄλλως
3383 752 3527 823 ἔχειν
3566 754 3823 808 κεκώλυ-

2247 860 2354 895 ται.
2386 842 2561 893 Πολλὰ
2581 842 2622 893 δ’
2653 841 2718 893 ἂν
2743 842 2826 911 εἴη
2857 842 2924 894 τὰ
2950 841 3188 894 τοιαῦταο
3216 843 3321 896 ὅσα
3348 844 3404 895 δὲ
3434 844 3532 914 οὐχ
3564 843 3718 897 οὕτω
3744 844 3802 913 γί

2248 949 2415 993 νεται,
2442 930 2644 983 τούτων
2681 931 2788 983 τισὶ
2817 929 2914 999 μὲν
2942 932 2989 982 οἱ
3030 930 3301 1001 ἄνθρωποι
3352 932 3503 996 θεοὺς
3531 934 3812 1004 διοικητὰς

2249 1024 2340 1075 καὶ
2368 1022 2725 1093 δημιουργοὺς
2752 1024 2922 1093 ὲπεφή
2934 1040 3113 1091 μισαν·
3158 1024 3317 1077 τινῶν
3346 1025 3403 1077 δὲ
3435 1027 3582 1096 ἡμᾶς
3609 1027 3813 1090 αὐτοὺς

2248 1115 2449 1176 αἰτίους
2488 1114 2769 1166 ὑπέλαϐον*
2801 1114 2973 1166 ἄλλων
2998 1114 3053 1165 δὲ
3077 1110 3142 1167 αὖ
3179 1115 3337 1168 πάλιν
3364 1117 3461 1187 τὴν
3482 1117 3675 1186 φύσιν,
3728 1118 3792 1171 ἀλ

2248 1206 2352 1259 λων
2379 1206 2474 1277 τὴν
2504 1205 2691 1276 τύχην·
2722 1202 2789 1277 ἦς
2817 1206 2875 1257 τὸ
2914 1207 3271 1276 εὐμετάϐολον
3313 1210 3404 1262 καὶ
3435 1210 3695 1274 ἄστατον,
3724 1214 3809 1265 καί

2248 1296 2342 1350 νῦν
2375 1297 2471 1365 μὲν
2509 1296 2668 1359 οὓτω,
2699 1296 2791 1349 νῦν
2831 1297 2886 1349 δὲ
2925 1299 3091 1362 οὓτως
3150 1299 3270 1370 ἔχον
3321 1301 3659 1367 ἐνδείξασθαι
3697 1302 3803 1372 βου-

2248 1388 2479 1457 λόμενοι,
2515 1390 3022 1461 είδωλοποιήσαντες
3051 1392 3110 1445 τὸ
3138 1394 3286 1445 ποιὸν
3309 1393 3463 1447 τοῦτο
3495 1396 3812 1467 σύμπτωμα

2247 1480 2353 1533 τῶν
2387 1481 2743 1553 πραγμάτων,
2773 1482 2863 1533 ἐπὶ
2895 1484 3124 1554 σφαίρας
3171 1484 3461 1555 βεϐηκυῖαν
3497 1487 3595 1557 τὴν
3644 1487 3837 1558 τύχην,

2248 1574 2471 1641 ἔδειξαν.
2508 1578 2575 1628 Ἦ
2603 1576 2721 1645 οὐχὶ
2744 1575 2798 1627 δὲ
2843 1574 3149 1642 δεδόξασται
3183 1576 3332 1647 παρὰ
3360 1580 3470 1641 τοῖς
3497 1577 3809 1649 ἀνθρώποις

2249 1670 2341 1721 καὶ
2372 1669 2575 1734 ταῦτα;
2603 1670 2709 1721 Καὶ
2734 1668 2840 1738 γὰρ
2861 1667 2946 1720 ἀεί
2980 1684 3108 1720 ποτε
3137 1668 3243 1738 (95)
3290 1670 3721 1740 συνταράττουσι
3747 1671 3811 1724 τὰ

2249 1760 2416 1823 αἴτια,
2442 1761 2535 1812 καὶ
2567 1762 2666 1813 ὅσα
2697 1760 2794 1829 μὲν
2819 1758 2936 1811 καθ’
2961 1760 3317 1831 εἱμαρμένην,
3374 1762 3407 1831 ἢ
3465 1758 3605 1815 κατά
3638 1762 3810 1834 τύχην

2250 1848 2472 1916 γίνεται,
2496 1849 2663 1901 ταῦτα
2690 1852 2752 1902 ὲκ
2784 1849 2930 1912 θείας
2961 1850 3236 1920 δυνάμεως
3275 1850 3517 1918 γίνεσθαι
3556 1853 3811 1922 νομίζου-

2250 1956 2350 1991 σιν·
2375 1940 2474 1991 ὅσα
2492 1939 2547 1990 δὲ
2576 1940 2701 2007 παρ’
2736 1938 2898 2007 ἡμᾶς,
2927 1939 3097 1992 ταῦτα
3126 1939 3245 1991 καθ’
3267 1940 3625 2011 εἱμαρμένην.
3672 1940 3809 1993 Ἀλλ’

2245 2031 2323 2082 ὅτι
2352 2046 2414 2097 γε
2440 2029 2613 2081 πάντα
2633 2029 2698 2081 τὰ
2722 2031 2865 2082 αἴτια
2887 2029 3058 2082 ταῦτα
3086 2030 3141 2081 ὲν
3173 2032 3283 2092 τοῖς
3322 2025 3439 2083 οὖσι
3479 2042 3505 2070 ι
3548 2028 3805 2093 δοξάζου-

2248 2138 2318 2183 σι,
2345 2119 2503 2173 παντί
2528 2137 2627 2172 που
2654 2121 2828 2191 δῆλον.
2873 2122 3030 2173 Ὥστε
3078 2119 3195 2172 οὐδὲ
3238 2119 3334 2183 τὰς
3357 2120 3463 2173 τῶν
3501 2122 3807 2190 ἀνθρώπων

2246 2214 2557 2285 ὑπολήψεις,
2582 2213 2701 2266 οὐδὲ
2751 2213 2849 2277 τὰς
2878 2213 3051 2277 Θέσεις
3081 2213 3187 2266 τῶν
3234 2215 3486 2265 τοιούτων
3525 2215 3802 2283 ὀνομάτων

2249 2309 2650 2377 συμμαρτυρεῖν
2710 2309 2775 2377 τῇ
2846 2307 3165 2376 Χρυσίππου
3236 2304 3361 2378 δόξῃ
3423 2304 3792 2376 συμϐέϐηκε.»

2247 2400 2465 2462 Τούτοις
2497 2399 2621 2470 ἑξῆς
2677 2399 2939 2466 ἐπιλέγει·
3000 2417 3018 2448 ι
3052 2398 3137 2450 Ἑν
3193 2397 3290 2466 μὲν
3337 2392 3428 2450 οὖν
3476 2396 3555 2467 τῷ
3606 2396 3792 2465 πρώτῳ

2248 2492 2381 2559 Περὶ
2414 2490 2767 2560 εἱμαρμένης
2806 2489 3011 2560 βιϐλίῳ,
3044 2490 3313 2547 τοιαύταις
3358 2489 3497 2541 τισὶν
3528 2486 3788 2553 ἀποδείξε-

2249 2600 2330 2636 σιν
2360 2582 2646 2653 κέχρηταιο
2681 2584 2736 2634 ὲν
2760 2581 2814 2633 δὲ
2864 2581 2941 2650 τῷ
2970 2580 3199 2652 δευτέρῳ
3253 2580 3396 2633 λύειν
3452 2582 3703 2652 πειρᾶται
3726 2577 3789 2631 ti

2248 2674 2551 2726 ἀκολουθεῖν
2584 2673 2840 2725 δοκοῦντα
2866 2673 3037 2725 ἄτοπα
3066 2670 3140 2741 τῷ
3165 2672 3306 2742 λόγῳ
3336 2672 3512 2725 πάντα
3538 2688 3795 2743 κατηναγο

2246 2764 2445 2817 κάσθαι
2476 2764 2703 2833 λέγοντι,
2752 2763 2892 2834 ἅπερ
2918 2764 3008 2815 καὶ
3042 2764 3199 2833 ἡμεῖς
3248 2765 3367 2816 κατ’
3399 2763 3572 2834 ἀρχὰς
3632 2762 3797 2816 ἐτίθε-

2252 2873 2365 2926 μεν’
2396 2850 2505 2907 οἷον
2551 2856 2611 2908 τὸ
2648 2854 2981 2925 ἀναιρεῖσθαι
3002 2854 3065 2906 δι’
3095 2855 3257 2907 αὑτοῦ
3285 2854 3380 2925 τὴν
3414 2854 3473 2919 ὲξ
3502 2854 3659 2925 ἡμῶν
3703 2854 3796 2908 αὑ-

2247 2946 2352 3000 τῶν
2402 2946 2703 3016 προθυμίαν
2763 2944 3101 3015 περὶψόγους
3158 2962 3215 2997 τε
3249 2946 3341 2998 καὶ
3382 2945 3660 3011 ἐπαίνους,
3707 2948 3795 3000 καὶ

2249 3044 2578 3115 προτροπὰς,
2611 3045 2704 3097 καὶ
2756 3044 2913 3096 πάνθ’
2952 3046 3051 3096 ὅσα
3097 3044 3246 3115 παρὰ
3281 3044 3379 3113 τὴν
3406 3043 3687 3113 ἡμετέραν
3714 3040 3796 3094 al-

2249 3135 2366 3190 τίαν
2397 3137 2653 3207 γινόμενα
2705 3136 2971 3205 φαίνεται.
3003 3128 3165 3205 Φησὶν
3196 3131 3313 3201 οὖν,
3343 3138 3398 3187 ὲν
3441 3134 3518 3204 τῷ
3568 3134 3799 3205 δευτέρῳ

592 3232 752 3271 nemo
794 3234 900 3271 non
935 3218 1096 3271 videt.
1158 3218 1337 3283 Quare
1374 3234 1441 3272 ne
1482 3219 1787 3272 communis
1811 3219 1899 3272 illa
1933 3221 2146 3289 quidem

2253 3226 2438 3296 βιϐλίῳ
2458 3226 2518 3277 τὸ
2544 3226 2637 3295 μὲν
2672 3224 2728 3291 ἐξ
2774 3224 2931 3295 ἡμῶν
2984 3224 3151 3277 πολλά
3179 3224 3418 3291 γίνεσθαι
3443 3223 3599 3293 δῆλον
3640 3219 3795 3285 εἶναι,

593 3307 870 3362 hominum
904 3309 1249 3373 existimatio,
1272 3310 1353 3362 vel
1378 3309 1640 3377 ejusmodi
1665 3311 1944 3365 nominum
1976 3313 2147 3381 impo-

591 3400 716 3454 sitio
746 3398 1027 3469 Chrysippi
1059 3400 1337 3454 sententia:
1366 3400 1703 3471 suffragatur.
1740 3421 1759 3453 ι
1818 3402 2023 3469 Quibus
2052 3406 2147 3457 de-

593 3492 779 3562 inceps
824 3493 896 3546 ita
936 3493 1116 3546 subdit
1159 3512 1170 3545 :
1204 3511 1221 3542 ι
1253 3493 1329 3545 Ac
1357 3494 1528 3561 primo
1558 3494 1802 3562 quidem,
1836 3497 2030 3565 inquit,
2071 3496 2147 3549 De

582 3570 695 3636 l‘ati
746 3584 1046 3637 necessitate
1084 3584 1241 3648 libro,
1291 3585 1343 3638 id
1384 3600 1555 3653 genus
1603 3585 2151 3641 demonstrationibus

595 3676 763 3728 utitur
808 3692 820 3726 :
868 3674 1105 3728 secundo
1132 3683 1306 3727 autem
1340 3676 1573 3729 absurda
1620 3676 1709 3728 illa
1743 3666 1950 3730 diluere
1983 3694 2149 3732 cona-

596 3773 684 3817 tur
704 3774 742 3828 ,‘
772 3779 891 3832 quae
918 3778 987 3836 es
1028 3778 1092 3816 ea
1134 3763 1381 3831 opinione
1405 3802 1421 3827 ,
1472 3780 1590 3833 quae
1620 3766 1799 3818 omnia
1834 3767 2151 3820 necessitate

595 3856 936 3924 constringit,
986 3856 1370 3923 consequentia
1401 3856 1710 3921 videantur,
1746 3872 1863 3925 quae
1889 3872 1986 3909 nos
2018 3873 2152 3925 quo—

597 3962 702 4016 que
742 3948 844 4001 sub
896 3947 1277 4015 disputationis
1326 3945 1486 4014 hujus
1533 3947 1744 3999 initium
1804 3950 2085 4016 posuimus
2136 3968 2153 4009 ι

597 4037 821 4105 exempli
853 4051 1016 4089 causa
1069 4036 1182 4089 tolli
1206 4033 1449 4088 funditus
1473 4049 1618 4098 eum,
1652 4035 1747 4102 qui
1778 4050 1807 4088 e
1838 4036 1994 4089 nobis
2020 4038 2154 4105 ipsis

596 4125 827 4189 exsistit,
854 4126 1108 4192 impetum
1130 4164 1145 4187 ,
1174 4139 1268 4178 seu
1293 4124 1557 4192 vituperet
1580 4123 1845 4193 quispiam
1868 4165 1882 4187 ,
1917 4140 2011 4178 seu
2038 4116 2157 4179 lau-

597 4217 707 4281 det,
733 4231 826 4270 seu
860 4216 1191 4281 cohortetur,
1223 4230 1317 4270 seu
1349 4215 1478 4283 quid
1502 4215 1646 4269 aliud
1675 4231 1861 4269 eorum
1886 4215 1994 4281 ﬁat,
2029 4232 2135 4285 quo

598 4320 719 4359 rum
744 4320 905 4358 causa
936 4320 1055 4358 esse
1080 4306 1477 4359 consuevimus.
1513 4306 1696 4375 Itaque
1728 4308 1864 4361 libro
1897 4309 2157 4379 secundo,

600 4394 767 4448 multa
809 4394 1021 4462 quidem
1050 4394 1202 4447 nobis
1233 4396 1544 4449 auctoribus
1574 4396 1685 4449 fieri
1709 4435 1725 4461 ,
1760 4406 1921 4464 atque
1964 4399 2012 4451 id
2037 4414 2157 4465 per-

2246 3317 2365 3370 οὐδὲ
2392 3318 2447 3369 δὲ
2474 3313 2631 3387 ἦττον
2660 3314 3120 3385 συγκαθειμάρθαι
3145 3314 3253 3385 (94)
3279 3315 3369 3366 καὶ
3411 3313 3585 3366 ταῦτα
3609 3316 3674 3383 τῇ
3697 3311 3797 3365 τῶν

2247 3411 2379 3463 ὅλων
2409 3410 2686 3479 διοικήσει·
2722 3409 2979 3481 κέχρηταί
3018 3426 3077 3461 τε
3100 3407 3497 3478 παραδείγμασι
3543 3402 3796 3465 τοιούτοις

2246 3500 2373 3551 τισί.
2404 3500 2476 3551 Τὸ
2517 3499 2624 3570 γὰρ
2677 3498 2750 3570 μὴ
2794 3497 3124 3562 ἀπολεῖσθαι,
3175 3496 3324 3566 φησι,
3369 3494 3666 3564 θοιμάτιον,
3704 3491 3795 3562 οὐχ

2247 3590 2431 3653 ἁπλῶς
2466 3591 2817 3661 καθείμαρτο,
2843 3591 2975 3644 ἀλλά
3006 3590 3143 3659 μετὰ
3171 3588 3262 3641 τοῦ
3296 3587 3675 3657 φυλάττεσθαι·
3710 3585 3797 3637 καὶ

2250 3682 2309 3734 τὸ
2339 3684 2402 3734 ἐκ
2439 3682 2543 3733 τῶν
2597 3683 2867 3752 πολεμίων
2918 3680 3252 3752 σωθήσεσθαι
3279 3679 3453 3731 τόνδε¹
3478 3678 3623 3741 τινὰ,
3667 3675 3793 3748 μετά

2249 3772 2341 3825 τοῦ
2367 3772 2475 3843 (95)
2511 3772 2726 3840 φεύγειν
2770 3773 2928 3827 αὑτὸν
2954 3773 3079 3835 τοὺς
3106 3771 3409 3841 πολεμίους·
3441 3770 3534 3822 καὶ
3565 3770 3630 3822 τὸ
3655 3767 3797 3837 γενέ-

2254 3863 2373 3915 σθαι
2406 3863 2615 3925 παῖδας,
2661 3862 2795 3932 μετὰ
2836 3863 2927 3915 τοῦ
2953 3860 3229 3931 βούλεσθαι
3262 3862 3532 3913 κοινωνεῖν
3560 3857 3790 3926 γυναικί.

2255 3955 2459 4023 Ὥσπερ
2484 3954 2608 4023 γὰρ,
2631 3954 2811 4022 φησὶν,
2849 3952 2939 4005 alb
2958 3998 2971 4015 ,
3005 3949 3244 4017 λέγοντός
3274 3966 3411 4011 τινος
3461 3948 3792 4018 Ἡγήσαρχον

2252 4046 2339 4098 τὸν
2369 4046 2577 4116 πύκτην
2596 4043 2970 4111 ἐξελεύσεσθαι
3012 4042 3104 4095 τοῦ
3151 4042 3353 4109 ἀγῶνος
3387 4041 3603 4103 πάντως
3633 4039 3787 4106 ἀπλη-

2254 4149 2397 4196 κτον,
2426 4135 2636 4195 ἀτόπως
2662 4133 2725 4186 ἅν
2760 4151 2841 4195 τις
2867 4133 3016 4201 ἠξίου
3046 4131 3299 4184 καθιέντα
3348 4131 3445 4193 τὰς
3479 4133 3669 4201 χεῖρας
3703 4125 3781 4178 τὸν

2267 4226 2603 4300 Ἥγησαρχον
2649 4224 2756 4294 (96)
2824 4224 3107 4293 μάχεσθαι,
3163 4225 3282 4276 ἐπεὶ
3341 4222 3613 4291 ἄπληκτον
3643 4216 3783 4273 αὺτδν

2255 4316 2501 4369 ἀπελθεῖν
2528 4316 2872 4385 καθείμαρτο,
2892 4315 2984 4368 τοῦ
3006 4315 3101 4385 τὴν
3122 4316 3387 4383 ἀπόφασιν
3415 4311 3789 4383 ποιησαμένου,

2256 4408 2341 4461 διὰ
2370 4408 2467 4478 τὴν
2492 4408 2875 4483 περιττοτέραν
2932 4405 3245 4477 τάνθρώπου
3285 4405 3416 4475 πρὸς
3442 4404 3502 4455 τὸ
3530 4403 3604 4473 μὴ
3636 4402 3793 4471 πλήτ-

601 4484 845 4551 spicuum
865 4497 1001 4546 esse,
1029 4483 1168 4536 ultro
1189 4482 1386 4536 fatetur
1415 4502 1426 4536 :
1462 4484 1645 4537 eadem
1675 4493 1852 4539 tamen
1881 4489 2147 4541 communi

2257 4498 2438 4551 τεσθαι
2466 4482 2727 4568 φυλακὴν,
2760 4497 2915 4550 τοῦτο
2956 4497 3215 4559 εἰπόντος’
3249 4495 3390 4551 οὕτω
3436 4495 3531 4548 καὶ
3577 4490 3793 4546 ἐπὶτῶν

668 4629 693 4657 ⁸
716 4619 797 4673 Ia’.
832 4614 953 4668 add.
982 4611 1137 4668 εἶναι.
1213 4618 1241 4656 δ
1260 4618 1342 4671 Ia.
1372 4618 1472 4672 del.
1495 4620 1563 4671 εί.

670 4744 779 4817 (95)
818 4744 926 4796 Ἀεί
950 4758 1122 4817 arare.
1138 4745 1368 4817 Omnino
1400 4746 1601 4800 εἴποτε
1634 4763 1841 4803 sensus-
1873 4751 2142 4817 postulat;

601 4816 841 4887 sequitur
888 4816 1029 4867 enim
1077 4814 1187 4865 ἀλλ’
1217 4816 1293 4866 ὃτι
1316 4833 1398 4882 γε,
1441 4827 1543 4870 etc.
1573 4819 1716 4886 quod
1762 4814 1942 4873 minus
1976 4814 2147 4887 possit

600 4898 724 4937 cum
749 4884 855 4945 ἀεί,
889 4887 1195 4937 convenire.

672 4951 1327 5024 (94)_Z§vrxa02cpdp0at,
1359 4964 1462 5006 etc.
1507 4956 1863 5024 Sophisticam
1902 4958 2059 5019 hanc,
2092 4968 2145 5013 et

606 5021 949 5093 ματαιολόγον
1000 5024 1280 5093 Chrysippi
1341 5021 1597 5077 rationem
1664 5028 1859 5082 diserte
1937 5027 2147 5083 Tullius

602 5091 827 5158 explicat
878 5092 971 5143 lib.
1008 5092 1075 5142 De
1111 5091 1252 5159 fato,
1286 5094 1375 5145 ubi
1426 5095 1537 5147 lizec
1588 5097 1723 5148 inter
1753 5106 1981 5151 caztera:
2021 5098 2145 5151 Ηιεσ

605 5160 763 5235 ratio,
796 5160 969 5235 inquit
1005 5160 1189 5228 (ἀργός
1217 5164 1300 5215 ille
1317 5163 1505 5235 λόγος,
1546 5174 1604 5215 ut
1629 5165 1957 5235 Chrysippus
1990 5183 2147 5221 voca-

604 5229 723 5304 bat;
761 5229 862 5304 sed
887 5237 1000 5304 erat
1040 5244 1162 5304 vere
1207 5235 1269 5283 ad
1316 5232 1563 5304 l’roteum
1595 5229 2146 5304 hunc'constringeu-

604 5298 915 5375 «lungitdita
938 5298 1149 5375 ἐνεργός
1176 5316 1273 5375 τις,
1302 5302 1392 5351 καὶ¹
1412 5302 1838 5375 *ἐνεργητικός),α
1860 5298 2144 5375 Chrysippo

607 5369 1009 5439 reprehenditur.
1045 5368 1473 5439 Quaedam-enim
1510 5368 1659 5427 sntit.
1686 5368 1880 5439 inquit,
1911 5368 2142 5430 iuvre-bus

606 5437 881 5509 simplicia,
916 5439 1154 5509 quaedam
1191 5438 1449 5509 copulata.
1495 5439 1726 5509 Simplex
1752 5437 1863 5493 est:
1896 5463 1912 5494 ι
1957 5444 2139 5499 Morie-

608 5514 693 5554 tur
721 5522 777 5579 ρο
805 5507 887 5579 die
933 5506 1192 5579 Socrates.
1241 5526 1258 5556 ›
1294 5506 1465 5573 Huic,
1505 5506 1617 5563 sive
1639 5512 1762 5579 quid
1810 5512 2007 5579 fecerit,
2041 5517 2144 5569 sive

608 5589 709 5650 nan
740 5574 935 5650 fecerit,
968 5578 1249 5650 ﬁnitigest
1274 5580 1525 5650 moriendi
1549 5574 1676 5633 dies.
1710 5582 1772 5631 At
1799 5574 1841 5633 si
1870 5582 1947 5633 ita
1976 5574 2142 5650 fatum

608 5644 748 5718 sint
784 5642 1040 5718 Nascetur
1058 5645 1291 5718 (Edfptts
1325 5645 1453 5699 Laio
1487 5666 1504 5698 ι
1531 5666 1634 5702 non
1662 5653 1849 5718 poterit
1882 5642 2006 5717 dici,
2040 5656 2143 5705 sive

610 5712 764 5789 fuerit
796 5711 953 5764 Laius
986 5730 1101 5766 cum
1130 5716 1366 5790 muliere,
1402 5720 1505 5790 sive
1531 5734 1630 5773 non
1662 5711 1854 5789 fuerit;
1900 5711 2144 5790 copulata

607 5786 744 5859 enim
783 5797 858 5832 res
898 5793 991 5845 est,
1028 5786 1415 5860 et_confatalis.
1459 5788 1533 5860 sic
1568 5786 1705 5841 enim
1751 5786 1977 5860 appellat
2017 5794 2143 5852 (hoc

608 5850 783 5916 ipsum
830 5859 912 5904 est
968 5854 1105 5920 quod
1159 5850 1241 5907 hic
1298 5854 1654 5925 Diogenianus
1710 5850 2144 5933 aitua’vrxaﬂst-

2120 4643 2121 4646 η
2181 4569 2225 4622 D

2239 4749 2493 4819 μάρθαι).
2558 4749 2738 4819 Pergit
2776 4769 2788 4802 :
2834 4749 2891 4804 Si
2944 4760 3073 4804 esset
3117 4750 3315 4802 dictum
3357 4764 3425 4801 τι
3492 4747 3794 4819 Luctabitur

2247 4820 2501 4888 Olympiis
2548 4817 2692 4880 Milo,
2731 4839 2747 4867 ι
2791 4830 2838 4871 et
2885 4821 3094 4887 referret
3142 4820 3332 4887 aliquis
3383 4820 3497 4875 (hoc
3541 4830 3649 4880 est,
3681 4817 3794 4870 κατ’

2245 4889 2615 4959 ἀνθυποφορὰν
2650 4888 3046 4956 συλλογίζοιτο),
3076 4907 3094 4938 ι
3134 4888 3270 4957 Ergo
3297 4890 3401 4959 sive
3428 4888 3665 4941 habuerit
3704 4888 3794 4940 od-

2244 4960 2551 5022 versarium,
2582 4960 2686 5011 sive
2718 4976 2818 5012 non
2861 4960 3124 5023 habuerit,
3172 4958 3477 5022 luctabitur,
3510 4978 3527 5007 ι
3560 4967 3791 5019 erraret;

2245 5038 2318 5079 est
2345 5030 2482 5081 enim
2510 5029 2827 5098 copulatum,
2860 5028 3167 5091 luctabitur,
3193 5036 3317 5098 quia
3357 5031 3468 5082 sine
3497 5026 3791 5080 adversario

2247 5098 2392 5149 nulla
2428 5100 2642 5150 luctatio
2666 5107 2759 5151 est.
2794 5097 2980 5152 Omnes
3006 5100 3165 5167 igitur
3191 5097 3343 5167 istius
3368 5099 3564 5166 generis
3596 5098 3792 5165 captio-

2246 5184 2331 5219 nes
2374 5169 2550 5222 eodem
2598 5167 2748 5219 modo
2797 5166 3145 5229 refelluntur:
3181 5186 3199 5216 ι
3254 5166 3370 5221 Sive
3412 5179 3466 5219 tu
3497 5166 3791 5229 adhibueris

2246 5238 2523 5302 medicum,
2556 5236 2659 5309 sive
2687 5253 2787 5289 non
2812 5238 3128 5309 adhibueris,
3164 5236 3505 5309 convalesces,
3538 5255 3556 5287 ι
3593 5238 3791 5309 captio-

2245 5322 2393 5369 sum;
2434 5316 2536 5358 tam
2572 5307 2706 5375 enim
2744 5315 2817 5359 est
2847 5307 3027 5374 fatale,
3059 5306 3313 5359 medicum
3350 5307 3611 5365 adhibere.
3637 5306 3790 5375 quam

2245 5375 2611 5428 convalescere.
2646 5374 2794 5439 Haec,
2829 5387 2885 5429 ut
2916 5377 3049 5437 dixi,
3083 5376 3373 5444 confatalia
3418 5375 3510 5428 ille
3540 5374 3785 5443 appellat.

2315 5446 2421 5515 (95)
2454 5446 2611 5498 Μετά
2639 5445 2763 5499 τοῦ.
2805 5444 2883 5499 Ita
2914 5454 3055 5500 recte
3100 5461 3203 5499 ms.
3232 5447 3413 5500 Altera
3453 5446 3640 5511 editio,
3671 5459 3789 5513 per»

2240 5528 2447 5586 peram.
2485 5514 2621 5586 μετᾲ
2652 5515 2730 5568 τά.

2316 5582 2423 5653 (96)
2480 5582 2863 5653 Ἠγήσαρχον.
2907 5582 3112 5654 Pugilis
3166 5585 3330 5653 hujus
3376 5588 3790 5654 iiilermczeteros

2244 5650 2855 5709 Pausanias'honOriﬁce
2881 5650 3142 5715 meminit.
3183 5650 3398 5711 Ἠζιιακ.
3431 5655 3505 5707 Β’.
3540 5653 3790 5707 Tritzeen-

2245 5736 2355 5794 sem
2378 5724 2532 5794 illum
2567 5720 2715 5787 facit,
2747 5723 3083 5779 Haamostrati
3118 5724 3310 5787 ﬁlium,
3334 5740 3495 5794 quem
3529 5724 3680 5778 testis
3710 5730 3787 5775 est

2245 5792 2471 5864 publicis
2497 5802 2728 5864 quatuor
2772 5795 3153 5849 certaminibus
3197 5792 3403 5851 nobiles
3444 5793 3788 5864 insignesque

2244 5862 2452 5929 palmas
2484 5862 2749 5917 retulisse.
