4020 6342
34 506 125 561 ιῶ

1194 501 1513 556 ΡΒᾸΞΡΑΒ.
1556 499 1808 556 EVANG.
1850 499 1978 555 LIB.
2030 501 2118 557 Vl.

3179 500 3283 556 454

34 627 207 680 ἱλλων
239 626 383 697 ἔχει.
419 624 595 680 Πολλά
622 625 728 696 γὰρ
756 624 1010 680 δύνασθαι
1067 638 1093 666 α
1139 626 1389 694 γενέσθαι
1453 624 1618 696 χωρὶς

1722 623 1834 679 fato
1860 641 1925 679 ex
1956 624 2193 679 universi
2235 623 2703 679 administratione
2735 634 2856 695 apta
2888 640 3009 681 esse
3038 641 3287 695 nexaque

34 718 120 771 τοῦ
152 720 258 772 καί
289 720 441 790 ἡμᾶς
472 717 771 787 βούλεσθαι,
822 718 919 772 καὶ
958 717 1341 786 ὲκτενεστάτην
1395 734 1459 785 γε
1484 718 1611 787 περί⁵

34 810 168 862 ιύτὰ
199 809 521 882 προθυμίαν
541 826 601 861 τε
632 811 725 861 καὶ
754 808 987 879 σπουδὴν
1039 808 1384 881 ἐκφέρεσθαι,
1425 808 1609 877 ἐπειδὴ

34 902 173 971 μετὰ
194 902 420 964 τούτου,
454 901 635 971 φησιν,
686 900 825 953 αὐτὰ
849 900 1095 969 γενέσθαι
1116 900 1465 970 καθείμαρτο.
1498 899 1611 951 Πά-

34 992 111 1043 λιν
138 988 237 1045 οὖν
262 992 545 1046 κάνταῦθα
569 991 871 1063 θαυμάσειὲ
894 1010 975 1054 τις
1007 990 1323 1069 τάνθρῴπου
1354 991 1412 1043 τὸ
1439 990 1611 1043 ἀθεώ-

34 1102 200 1153 ρητον
242 1085 346 1137 καὶ
383 1083 805 1152 άνεπιλόγιστον,
858 1086 953 1137 καὶ
1000 1084 1123 1157 τῶν,
1145 1083 1436 1155 ὲναργειῶν
1477 1082 1607 1151 (97),

34 1174 129 1224 mi.
161 1174 268 1243 τῆς
308 1173 418 1226 τῶν
446 1174 591 1226 ἰδίων
620 1174 791 1242 λόγων
844 1175 1248 1237 άνακολουθίας.
1287 1172 1451 1245 Οἶμαι
1478 1176 1606 1245 γὰρ,

35 1264 142 1327 ὅτι,
178 1266 439 1336 καθάπερ
476 1266 537 1318 τὸ
562 1266 889 1337 καλούμενον
927 1267 1096 1335 γλυκὺ
1117 1309 1132 1332 ,
1171 1267 1247 1338 τῷ
1298 1267 1609 1337 καλουμένῳ

254 1358 602 1429 συμϐἐόηκεν
632 1358 1013 1413 ἐναντιώτατον
1047 1355 1204 1423 εἶναι,
1240 1358 1318 1429 τῷ
1345 1377 1402 1411 τε
1433 1359 1609 1429 λευκῷ

38 1450 98 1503 τὸ
130 1451 324 1520 μέλαν,
357 1453 447 1505 καὶ
472 1451 548 1522 τῷ
575 1452 767 1523 ψυχρῴ
798 1452 857 1504 τὸ
880 1451 1095 1522 θερμόψ
1122 1452 1320 1503 οὑτωσὶ
1348 1452 1404 1503 δὲ
1437 1453 1529 1504 καὶ
1550 1451 1610 1504 τὸ

40 1544 339 1614 παρ“ἡμᾶς
355 1543 433 1613 τῷ
465 1544 585 1597 καθ’
612 1544 970 1614 εἱμαρμένηνο
1028 1545 1083 1596 εἴ
1104 1561 1166 1611 γε
1198 1544 1317 1597 καθ’
1340 1545 1609 1615 εἱμαρμέ-

42 1650 139 1703 νην
164 1635 259 1703 μὲν
285 1636 469 1687 ἐκεῖνα
500 1635 682 1687 καλεῖν
719 1635 1059 1706 προείληφεν,
1088 1636 1187 1687 ὅσα
1229 1635 1323 1689 καὶ
1380 1636 1610 1687 ἑκόντων

45 1724 196 1795 ήμῶν
221 1725 323 1777 καὶ
348 1726 588 1779 ἀκόντων
635 1726 847 1790 πάντως
908 1727 1131 1795 γίνεταιο
1190 1726 1317 1796 παρ’
1376 1728 1521 1796 ἡμᾶς
1553 1726 1610 1779 δὲ

45 1814 139 1869 ’ὀσα
162 1818 227 1869 ὲκ
258 1816 357 1870 τοῦ
391 1816 707 1880 σπουδάζειν
740 1818 884 1887 ἡμᾶς
912 1819 1005 1870 καὶ
1031 1820 1272 1888 ἐνεργεῖν
1328 1818 1419 1868 ἐπὶ
1458 1816 1609 1879 τέλος

51 1906 284 1975 ἔρχεται,
315 1907 349 1977 ἢ
374 1907 521 1979 παρὰ
547 1910 607 1962 τὸ
630 1909 847 1979 ἀμελεῖν
878 1910 969 1961 καὶ
995 1910 1255 1981 ῥᾳθυμεῖν
1301 1910 1399 1961 οὐκ
1430 1911 1607 1960 ἐπιτε-

47 1996 233 2051 λεῖται.
281 1999 407 2052 Ἐάν
438 1999 619 2052 τοίνυν
641 2001 705 2052 ὲκ
732 1998 825 2051 τοῦ
855 1999 1174 2063 σπουδάζειν
1215 2000 1313 2070 ἐμὲ
1337 1999 1611 2069 θοιμάτιον

50 2089 335 2156 φυλάττειν
366 2092 541 2145 ἐκεῖνο
570 2090 827 2162 σώζηται,
856 2092 946 2143 καὶ
1001 2094 1065 2144 ὲκ
1090 2091 1183 2145 τοῦ
1232 2090 1512 2161 βούλεσθαι
1544 2094 1609 2163 τῇ

48 2181 269 2245 γυναικὶ
294 2180 610 2252 πλησιάζειν
634 2182 702 2239 τὰ
728 2184 891 2236 τέκνα
918 2182 1155 2251 γίνηται,
1179 2184 1273 2235 καὶ
1295 2185 1358 2235 ἐκ
1379 2182 1471 2234 τοῦ
1500 2181 1617 2252 βού-

52 2264 233 2318 λεσθαι
259 2267 477 2336 φεύγειν
508 2271 633 2332 τοὺς
689 2270 977 2340 πολεμίους
1013 2270 1072 2322 τὸ
1137 2269 1211 2342 μὴ
1258 2271 1614 2341 ἀποθνήσκειν

55 2355 139 2407 ὑπ’
171 2357 379 2424 αὐτῶν,
406 2360 497 2412 καὶ
526 2362 587 2413 ἐκ
627 2360 719 2413 τοῦ
769 2361 1125 2432 διαμάχεσθαι
1156 2362 1290 2431 πρὸς
1324 2363 1411 2413 τὸν
1450 2363 1614 2414 ἀντα-

63 2449 319 2518 γωνιστὴν
370 2449 643 2520 ἀνδρείως,
690 2451 1045 2517 φυλάττεσθαί
1096 2470 1154 2505 τε
1186 2452 1347 2505 αὑτοῦ
1388 2452 1486 2515 τὰς
1508 2452 1615 2503 τῶν

60 2536 246 2606 χειρῶν
281 2539 557 2604 ἐπιϐολάς,
585 2541 644 2594 τὸ
678 2541 953 2612 ἄπληκτον
987 2545 1050 2595 ὲκ
1074 2544 1165 2596 τοῦ
1208 2543 1415 2611 ἀγῶνος
1442 2541 1615 2595 ἀπαλ-

60 2627 362 2709 λάσσεσθαι·
404 2634 600 2697 πῶςτδ
648 2637 766 2689 καθ’
796 2638 1131 2709 εἱμαρμένην
1187 2638 1417 2691 ἐνταῦθα
1447 2638 1617 2709 σωθή-

66 2707 331 2788 σεταιςἘί
366 2727 465 2795 μὲν
508 2728 613 2800 γὰρ
678 2732 793 2783 κατ’
827 2707 1041 2801 ἐκείνην
1084 2707 1253 2782 ταῦτα
1308 2707 1612 2801 συμϐαίνει,

68 2816 192 2884 παρ’
223 2818 365 2887 ἡμᾶς
415 2812 514 2872 οὐκ
559 2818 625 2873 ἂν
682 2820 889 2889 λέγοιτο
943 2820 1278 2892 συμϐαίνειν·
1324 2823 1371 2874 εί
1399 2822 1455 2875 δὲ
1486 2822 1615 2893 παρ’

64 2904 225 2974 ἡμᾶς,
250 2908 345 2961 οὐκ
376 2909 440 2964 ἂν
477 2913 599 2963 κατ’
623 2912 831 2983 ἐκείνην
861 2912 1080 2984 δηλαδὴ,
1106 2912 1192 2965 διὰ
1242 2914 1304 2966 τὸ
1360 2915 1432 2984 μὴ
1461 2913 1618 2966 δύνα-

70 2993 185 3048 σθαι
210 3001 526 3071 συνδραμεῖν
554 3000 724 3054 ταῦτα
782 3004 1045 3074 ἀλλήλοις.
1098 3004 1255 3058 Ἀλλὰ
1316 3008 1443 3077 παρ’
1470 3007 1618 3076 ἡμᾶς

68 3084 165 3159 μὲν
194 3088 357 3152 ἔσται,
401 3092 555 3161 φησὶ,
623 3092 1080 3163 περιειλημμένον
1135 3076 1314 3164 μέντοι
1363 3076 1455 3148 τοῦ
1487 3098 1616 3168 παρ’

68 3178 205 3248 ἡμᾶς
229 3180 445 3251 ὑπὸτῆς
474 3182 831 3253 εἱμαρμένης.
865 3182 972 3235 Καί
1004 3183 1140 3247 πῶς,
1174 3183 1376 3252 εἴποιμ’
1407 3184 1492 3248 ἂν,
1522 3202 1618 3237 πε-

1712 717 2012 771 contendit.
2054 716 2231 785 Atque
2264 716 2310 769 is
2337 716 2441 769 hoc
2466 717 2521 769 in
2554 732 2783 786 genere,
2817 717 3126 784 huiusmodi
3159 718 3281 788 qui-

1710 808 1936 862 busdam
1980 809 2239 878 exemplis
2266 809 2457 862 utitur.
2502 806 2635 862 Nam
2679 818 2739 863 ut
2781 810 2905 878 quis
2940 819 3143 863 vestem
3172 825 3279 863 non

1711 899 1943 963 amittat,
1985 900 2369 971 inquit,266
2411 901 2726 970 simpliciter
2769 902 2822 954 in
2878 892 3149 955 fatovnon
3177 910 3281 966 est,

1712 991 1803 1045 sed
1828 1006 1889 1044 ea
1916 990 2133 1044 demum
2179 994 2509 1054 conditione,
2541 993 2583 1047 si
2609 993 2889 1061 diligenter
2917 1008 3036 1045 eam
3065 1008 3284 1046 conser-

1711 1092 1837 1137 vet:
1874 1083 1972 1148 sic,
2026 1094 2083 1137 ut
2109 1100 2249 1137 unus
2280 1086 2477 1154 aliquis
2504 1101 2570 1139 ex
2602 1086 2840 1139 hostium
2874 1086 3125 1140 manibus
3147 1086 3284 1140 libe-

1709 1185 1886 1241 retur,
1937 1177 1981 1228 si
2013 1177 2174 1229 modo
2197 1178 2266 1230 ab
2292 1178 2360 1231 iis
2385 1178 2486 1231 sibi
2512 1186 2737 1231 caveat:
2770 1178 2881 1241 sic,
2924 1186 2983 1231 ut
3005 1178 3127 1245 quis
3153 1179 3284 1232 libe-

1710 1281 1802 1320 ros
1840 1269 2134 1336 suscipiat,
2181 1270 2226 1323 si
2252 1271 2452 1322 versari
2481 1279 2657 1323 tamen
2686 1286 2808 1323 cum
2838 1286 3004 1324 uxore
3030 1272 3280 1326 voluerit.

1711 1356 2177 1422 Quemadmodum
2223 1362 2403 1424 enim,
2448 1362 2658 1430 inquit,
2696 1347 3284 1433 absurde'l‘acerctqui

1711 1447 2111 1517 llegesarclium
2158 1453 2414 1521 pugilem,
2470 1454 2614 1521 quod
2643 1468 2766 1507 eum
2803 1469 3026 1522 prorsus
3058 1454 3281 1507 illmsum

1710 1558 1740 1597 e
1766 1546 2061 1599 certamine
2102 1546 2471 1599 discessurum
2522 1546 2805 1606 audiisset.
2859 1546 3110 1599 demissis
3136 1546 3285 1614 abje-

1710 1634 1918 1704 etisque
1946 1636 2199 1689 manibus
2230 1652 2471 1704 pugnare
2496 1637 2686 1699 vellet,
2737 1636 3174 1706 quandoquidem
3204 1637 3285 1689 fa-

1712 1735 1823 1780 tum
1850 1727 1918 1780 ab
1951 1726 2097 1779 omni
2130 1741 2250 1779 eum
2282 1722 2431 1795 plaga
2478 1741 2729 1780 securum
2763 1735 3043 1794 przestaret
3092 1744 3104 1778 :
3158 1741 3282 1779 eum

1712 1817 1781 1883 is,
1811 1817 1967 1885 cujus
1994 1833 2058 1871 ea
2086 1832 2187 1870 vox
2217 1826 2382 1879 esset,
2426 1818 2474 1870 id
2502 1826 2705 1870 tantum
2732 1817 2800 1869 ob
2828 1817 3092 1885 insignem
3122 1826 3284 1884 atque

1713 1908 2035 1976 singularem
2093 1907 2328 1960 hominis
2379 1908 2431 1959 in
2477 1906 2809 1960 declinandis
2844 1906 3037 1959 ictibus
3075 1906 3285 1959 cautio-

1712 2007 1834 2050 nem
1856 2038 1871 2060 ,
1910 1996 2149 2051 futurum
2194 1998 2439 2050 dixisset.
2502 1996 2577 2050 Ita
2603 1998 2811 2051 caneris
2834 1997 2885 2049 in
2911 1997 3071 2051 rebus
3094 1996 3283 2050 eodem

1713 2087 1871 2156 plane
1918 2088 2080 2141 modo
2126 2087 2617 2155 philosophandum
2645 2103 2783 2140 esse.
2843 2086 3086 2156 Quippe,
3114 2087 3283 2140 multa

1714 2179 1891 2247 plane,
1942 2178 2045 2232 nisi
2071 2188 2125 2231 et
2155 2195 2215 2231 ea
2246 2180 2495 2243 velimus,
2524 2188 2577 2231 et
2604 2179 2657 2231 in
2681 2180 2868 2232 eadem
2909 2180 3171 2232 acerrima
3202 2180 3282 2232 si-

1714 2272 1827 2324 mul
1860 2272 2202 2325 contentione
2233 2288 2296 2326 ac
2327 2273 2804 2327 vehementissimo
2846 2274 3025 2328 studio
3074 2275 3287 2326 incum-

1714 2361 1942 2424 bamus,
1982 2361 2097 2414 fieri
2131 2362 2277 2414 nullo
2311 2362 2470 2416 modo
2514 2378 2708 2431 posse,
2762 2372 2949 2432 utpote
2975 2380 3094 2432 quae
3117 2364 3283 2417 fatum

1716 2454 1786 2506 sit
1826 2468 1948 2506 cum
1994 2468 2057 2507 ea
2108 2461 2318 2506 tantum
2354 2455 2666 2509 conditione
2710 2455 2847 2509 ﬁeri.
2889 2454 2987 2509 Hic
3016 2471 3142 2509 vero
3163 2456 3288 2524 quis

1715 2560 1820 2597 non
1857 2545 2052 2597 iterum
2103 2544 2462 2599 inconsultam
2495 2555 2548 2599 et
2571 2545 2806 2614 ineptam
2846 2547 3082 2599 hominis
3114 2547 3290 2615 phite—

1716 2628 1984 2704 SOphiam,
2017 2637 2101 2690 vel
2142 2638 2214 2691 ob
2256 2637 2549 2690 novitatem
2597 2636 2968 2705 probationum
2995 2638 3079 2691 vel
3107 2637 3174 2691 ob
3197 2653 3287 2691 ar-

1714 2734 2090 2793 gumentorum
2136 2725 2422 2780 discidium
2462 2726 2586 2794 jure
2612 2726 2872 2781 miretur?
2916 2725 3175 2795 Equidem
3207 2727 3288 2780 sic

1716 2817 1986 2882 existimo,
2008 2816 2174 2869 nihilo
2200 2816 2371 2885 magis
2397 2816 2558 2870 rebus
2586 2817 2811 2885 iis,qua3
2833 2815 2946 2869 fato
2981 2818 3137 2882 ﬁunt,
3156 2832 3281 2870 cum

1717 2906 1806 2973 iis,
1851 2923 1972 2977 quae
2017 2917 2202 2962 nostra
2246 2922 2311 2960 ex
2356 2908 2631 2961 voluntate
2662 2909 2912 2975 pendent,
2943 2923 3102 2974 quam
3143 2908 3286 2962 dulci

1718 3016 1839 3056 cum
1870 2999 2088 3062 acerbo,
2122 2999 2201 3051 vel
2229 2998 2382 3067 nigro
2413 3014 2534 3051 cum
2569 2999 2711 3061 albo,
2735 2999 2814 3052 vel
2842 2998 3019 3052 calido
3042 3016 3166 3053 eum
3195 2999 3289 3053 iri-

1718 3093 1843 3163 gido
1875 3094 2181 3157 convenire.
2242 3090 2378 3144 Nam
2430 3101 2487 3144 ut
2520 3106 2581 3144 ea
2628 3091 2738 3144 fato
2780 3091 3045 3159 assignari
3074 3092 3287 3161 vulgata

1719 3193 1942 3245 notione
1983 3190 2191 3255 solent,
2236 3205 2358 3258 quae
2400 3190 2631 3243 velimus
2679 3189 2976 3242 nolimusve
3013 3189 3173 3252 ﬁant;
3209 3190 3289 3244 sic

74 3269 441 3340 ριειλημμένου
461 3288 475 3335 ;
499 3272 552 3323 εῐ
576 3289 640 3340 γε
667 3273 760 3325 καὶ
791 3273 852 3325 τὸ
882 3274 1167 3341 φυλάττειν
1204 3274 1497 3343 θοιμάτιον,
1523 3276 1614 3327 καὶ

1719 3285 2000 3352 potestatis
2033 3300 2093 3337 ea
2131 3295 2330 3336 nostrae
2372 3291 2680 3346 censentur,
2734 3274 2854 3348 qua:
2880 3283 2961 3336 vel
2994 3283 3171 3336 studio
3204 3284 3288 3337 la-

71 3361 124 3414 τὺ
158 3362 231 3431 μὴ
293 3362 605 3430 φυλάττειν,
665 3364 771 3417 ἀπὸ
817 3368 911 3436 τῆς
967 3365 1212 3429 ἐξουσίας
1266 3367 1472 3433 ἐγίνετο
1517 3365 1615 3434 τῆς

77 3452 220 3521 ὶμῆς·
254 3453 394 3506 οὕτω
442 3454 552 3524 γὰρ
597 3457 691 3508 καὶ
733 3456 827 3509 τοῦ
863 3453 1128 3520 σώζεσθαι
1172 3458 1332 3510 τοῦτο
1382 3458 1619 3527 δηλονότι

80 3545 244 3615 κύριος
284 3546 349 3599 ἂν
375 3545 492 3616 εἴην
523 3546 648 3615 ἐγώ.
680 3549 787 3601 Καὶ
817 3547 875 3612 ἐξ
900 3550 1067 3617 αὐτῆς
1099 3550 1153 3603 δὲ
1194 3553 1290 3620 τῆς
1318 3551 1617 3620 διαστολῆς,

86 3636 140 3705 ην
170 3640 395 3690 ποιεῖται
441 3636 775 3708 Χρύσιππος,
806 3638 961 3707 δῆλον
1012 3641 1217 3707 γίνεται
1264 3642 1619 3694 ἀπολελύσθαι

85 3727 167 3794 τῆς
187 3729 525 3800 εἱμαρμένης
558 3729 651 3800 τὴν
679 3732 809 3799 παρ’
834 3732 981 3798 ἡμᾶς
1012 3733 1206 3785 αἰτίαν.
1241 3733 1620 3803 Καθείμαρται

84 3817 195 3888 γὰρ,
250 3822 400 3891 φησὶ,
458 3818 709 3889 σωθῆναιμ
726 3806 1020 3888 θοιμάτιον,
1055 3823 1102 3872 εί
1133 3823 1416 3889 φυλάττοις
1442 3822 1617 3874 τοῦτο·

84 3910 171 3960 καὶ
192 3913 374 3975 παῖδας
404 3911 643 3975 ἔσεσθαι,
683 3912 729 3963 εί
762 3910 856 3963 καὶ
888 3912 949 3963 σὺ
980 3910 1313 3982 βουληθείηςο
1339 3915 1509 3976 ἄλλως
1543 3914 1618 3978 δὲ,

89 4000 158 4070 μὴ
189 4002 249 4055 ἂν
275 4004 482 4058 ἔσεσθαί
506 4023 560 4059 τι
585 4006 815 4062 τούτων,
863 4006 983 4058 Ἐπὶ
1026 4006 1081 4057 δὲ
1132 4006 1238 4057 τῶν
1273 4006 1376 4057 ὑπὸ
1424 4007 1519 4076 τῆς
1548 4007 1623 4058 εἱ-

91 4098 353 4169 μαρμένης
376 4100 930 4171 προκατειλημμένων
962 4101 1060 4152 οὐκ
1092 4098 1155 4151 ἄν
1190 4115 1319 4151 ποτε
1365 4100 1624 4168 ὑποτιμή-

92 4201 193 4238 σεσι
210 4193 474 4255 τοιαύταις
494 4192 853 4262 χρησαίμεθα.
881 4188 1085 4246 Οὐκοῦν
1110 4192 1138 4230 b
1171 4208 1348 4260 φαμεν
1372 4192 1621 4260 τεθνήξε-

97 4274 199 4329 σθαι
220 4281 387 4335 πάντα
411 4283 715 4355 ἄνθρωπον,
749 4286 796 4335 εί
816 4284 934 4336 τόδε
970 4299 1023 4335 τι
1075 4282 1297 4349 γένοιτο·
1338 4282 1409 4350 μὴ
1447 4282 1624 4353 τεθνή-

102 4362 254 4426 ξεσθαι
280 4373 353 4437 δὲ,
389 4375 436 4426 εί
480 4374 556 4445 μὴ
587 4375 815 4443 γένοιτου
869 4374 981 4428 ἀλλ’
1027 4373 1210 4435 ἁπλῶς
1251 4371 1618 4441 τεθνήξεσθαι,

100 4456 187 4509 κᾶν
207 4462 371 4517 ὁτιοῦν
393 4465 529 4535 πρὸς
555 4468 616 4519 τὸ
644 4467 715 4537 μὴ
742 4466 1099 4536 ἀποθνήσκειν
1144 4464 1366 4517 καθόλου
1400 4465 1619 4532 γίνοιτο.

98 4547 242 4622 Ἥμὴ
280 4556 568 4626 ἀλγηδόνος
614 4558 828 4612 ἔσεσθαι
885 4559 1127 4612 δεκτικὸν
1171 4558 1447 4628 ἄνθρωπόν
1479 4575 1618 4623 τινα,

1721 3376 1958 3443 boreque
1990 3383 2177 3427 nostro
2210 3374 2577 3443 perducantur
2608 3373 2672 3425 ad
2704 3372 2885 3437 finem,
2916 3372 2998 3425 vel
3027 3374 3291 3440 negligen-

1721 3464 1793 3517 tia
1828 3472 2011 3517 nostra
2046 3460 2357 3531 imperfecta
2407 3471 2739 3516 remaneant.
2806 3460 2861 3514 Si
2895 3476 3023 3529 ergo
3060 3470 3286 3528 vestem,

1721 3558 1865 3625 quod
1891 3555 2118 3623 diligens
2153 3554 2205 3606 in
2237 3568 2301 3607 ea
2323 3554 2688 3610 conservanda
2718 3552 2930 3617 fuerim,
2956 3568 3061 3605 non
3087 3553 3243 3608 amisi
3272 3574 3283 3607 :

1722 3649 1764 3702 si
1797 3649 1893 3700 abs
1923 3662 2006 3700 me
2030 3646 2182 3700 liberi
2209 3646 2601 3714 suscipiuntur,
2631 3644 2773 3714 quod
2807 3661 2917 3697 rem
2946 3645 3141 3699 habere
3165 3662 3287 3699 eum

1722 3758 1889 3796 uxore
1914 3742 2172 3794 voluerim
2202 3740 2282 3793 :si
2315 3740 2456 3808 quod
2490 3739 2620 3791 mihi
2651 3739 2717 3791 ab
2743 3738 2990 3792 hostibus
3030 3739 3286 3807 caverim,

1720 3848 1907 3885 eorum
1937 3831 2185 3884 manibus
2212 3845 2317 3883 non
2350 3830 2529 3883 interii
2557 3846 2569 3881 :
2604 3828 2649 3882 si
2669 3830 2811 3896 quod
2840 3828 3048 3882 fortiter
3070 3845 3131 3904 ae
3157 3839 3291 3883 stre»

1722 3938 1827 3975 uue
1859 3936 1981 3975 cum
2008 3920 2321 3972 adversario
2354 3918 2691 3980 certaverim,
2744 3918 2968 3985 ejusque
3002 3918 3289 3986 petitiones

1722 4027 1909 4066 omnes
1939 4009 2444 4079 diligenticautione
2468 4008 2743 4070 eluserim,
2773 4006 2959 4061 eodem
2987 4010 3289 4063 certamine

1722 4105 1837 4157 sine
1867 4103 2021 4171 plaga
2064 4100 2352 4153 defunctus
2399 4114 2517 4152 sum
2552 4098 2687 4166 :qui
2714 4097 2865 4151 locus
2896 4098 2951 4149 in
2998 4098 3081 4151 bis
3125 4100 3287 4155 rebus

1723 4194 1830 4248 fato
1863 4190 2225 4260 relinquitur?
2278 4189 2567 4243 Enimvero
2594 4189 2636 4242 si
2674 4187 2785 4241 fato
2813 4188 2925 4241 haec
2951 4189 3131 4241 omnia
3160 4205 3288 4242 con-

1722 4287 1953 4354 tingunt,
1988 4283 2172 4336 eadem
2218 4282 2266 4334 vi
2304 4289 2487 4334 nostra
2534 4279 2826 4348 contigisse
2861 4294 3019 4331 nemo
3050 4280 3172 4347 jure
3206 4280 3289 4333 di-

1721 4379 1859 4430 xerit
1905 4375 2036 4428 :sin
2080 4383 2259 4427 autem
2310 4373 2361 4426 vi
2406 4381 2611 4436 nostra,
2658 4370 2825 4424 fatum
2858 4370 3099 4439 profecto
3125 4358 3287 4425 simul

1720 4467 2059 4532 excludatur,
2103 4465 2245 4534 quod
2292 4464 2498 4517 nullum
2545 4464 2683 4517 inter
2719 4479 2836 4517 sese
2859 4463 2969 4515 duo
3012 4464 3111 4516 ista
3139 4478 3289 4517 com-

1723 4559 1982 4615 mercium
2011 4558 2210 4611 habere
2248 4556 2479 4625 possint.
2521 4555 2653 4619 lmo,
2690 4556 2885 4624 inquit,
2932 4555 2979 4609 vi
3010 4554 3169 4608 simul
3194 4570 3286 4608 vo-

94 4640 183 4693 κᾶν
204 4647 313 4699 ταδὶ
359 4648 613 4718 πράσσοι·
660 4650 794 4705 ἀλλά
843 4652 995 4704 πάντ’
1027 4652 1307 4722 ἄνθρωπον
1339 4649 1618 4720 ἀλγηδόνος

1726 4651 1948 4705 luntatis
1991 4659 2191 4703 nostrae
2227 4649 2388 4713 ﬁent,
2420 4648 2563 4717 quod
2590 4664 2652 4701 ea
2698 4648 2777 4700 vis
2816 4646 3151 4715 facultasque
3184 4659 3284 4698 no-

96 4728 215 4787 εἶναι
234 4738 492 4802 δεκτικὸν,
525 4738 619 4791 ὲάν
644 4758 702 4793 τε
749 4742 1020 4814 βούληται,
1052 4744 1145 4795 ὲάν
1175 4760 1232 4794 τε
1264 4744 1356 4812 μή.
1390 4742 1498 4793 Καὶ
1526 4742 1623 4793 ὅσα
1669 4786 1675 4791 .

98 4821 215 4876 ἄλλα
263 4831 475 4894 οὑτωσὶ,
540 4831 633 4885 καὶ
683 4822 756 4901 μὴ
808 4832 996 4895 ἄλλως,
1059 4834 1198 4902 ἔχειν
1245 4831 1620 4903 καθείμαρται.

101 4915 244 4971 Ὥστε
273 4924 363 4975 καὶ
391 4936 414 4963 ο
447 4924 508 4977 τὸ
534 4923 783 4993 γενέσθαι
808 4924 924 4976 τόδε
960 4943 1014 4977 τι
1041 4926 1329 4993 ἀναγκαῖόν
1361 4928 1524 4981 ἐστιν.
1577 4925 1625 4975 εἰ

103 5003 462 5085 βουληθείημεν
484 5019 663 5087 ἡμεῖς,
686 5015 858 5077 ἄλλως
885 5016 963 5081 δὲ,
1005 5019 1145 5089 οὐχί·
1178 5018 1425 5088 φανερὸν,
1455 5019 1535 5069 ὅτι
1567 5016 1625 5067 τὸ

101 5098 227 5165 ἡμᾶς
258 5103 573 5177 βουληθῆναί
604 5125 657 5159 τι
688 5108 781 5162 καὶ
811 5107 883 5177 μὴ
917 5106 1234 5179 βουληθῆναι
1262 5111 1347 5161 ὑπ’
1379 5108 1628 5176 οὐδεμιᾶς

105 5188 269 5259 ἐτέρας
298 5196 471 5258 αἰτίας
496 5198 903 5267 προκατείχετο,
936 5197 1046 5249 ἀλλ’
1068 5194 1133 5267 ἦν
1176 5198 1538 5263 αὐτεξούσιον.
1566 5197 1627 5249 Et

104 5277 151 5329 δὲ
171 5282 310 5338 τοῦτο
330 5286 806 5355 ἀκατανάγκαστον
831 5286 918 5359 ἦν,
946 5288 1039 5341 καὶ
1059 5290 1117 5342 τὸ
1138 5292 1383 5356 γενέσθαι
1404 5289 1517 5341 τόδε
1556 5305 1631 5349 τι,

106 5366 256 5441 δῆλον,
285 5376 359 5439 ὼς
396 5377 490 5430 ἀπ’
523 5378 715 5441 αἰῶνος
742 5381 801 5432 οὑ
838 5379 1240 5450 προκατείχετο·
1272 5382 1319 5431 εἰ
1354 5382 1425 5449 μή
1458 5397 1510 5430 τι
1541 5378 1633 5433 καὶ

105 5463 217 5517 αὐτὸ
244 5468 299 5521 τὸ
330 5468 608 5537 βούλεσθαι
638 5463 923 5538 φυλάττειν
944 5471 1235 5540 θοιμάτιον,
1263 5472 1295 5541 ἢ
1336 5453 1415 5540 μὴ’
1452 5471 1632 5539 βούλε-

166 5585 187 5613 ¹
214 5597 293 5647 γρ.
332 5579 405 5650 μὴ
431 5579 545 5633 δύν.
621 5580 651 5620 1)
683 5597 770 5648 π).
801 5580 1011 5635 οὔκουν.
1087 5590 1108 5618 ο
1141 5580 1223 5633 ῖσ.
1259 5581 1324 5632 εί.

168 5702 263 5783 (97)
303 5716 414 5769 Καὶ
464 5711 583 5783 τῶν
621 5713 951 5781 ἐναρνειῶν.
997 5714 1216 5777 Vereor,
1272 5724 1328 5767 ut
1379 5713 1623 5783 istzevel

113 5776 518 5856 glirys’ippi_,_vel
555 5776 862 5856 Diqgeriiani
896 5786 1168 5856 evdpyetat
1200 5776 1621 5856 Sint_ad_modum

112 5847 347 5919 ἐναργεῖς.
376 5853 501 5907 libi
524 5847 739 5922 quidém
768 5847 1113 5908 subobscure
1140 5860 1282 5907 sunt.
1312 5850 1625 5907 Existimavi

117 5923 265 5975 tamen
310 5938 479 5983 novas
519 5921 1025 5983 hominisvrationes
1059 5923 1138 5978 sic
1180 5921 1455 5992 appellari,
1490 5936 1624 5989 quas

1727 4752 1836 4797 stra
1864 4743 1980 4810 ipso
2007 4753 2220 4809 quoque
2248 4737 2357 4791 fato
2379 4738 2564 4791 clausa
2602 4746 2863 4789 teneatur.
2907 4736 3007 4786 Ain
3026 4774 3040 4799 ,
3082 4734 3173 4786 tu?
3207 4742 3287 4786 te-

1727 4832 1954 4885 neatur!
2007 4828 2110 4894 Qui
2159 4827 2273 4880 ﬁeri
2324 4827 2536 4896 possit?
2580 4842 2705 4879 nam
2748 4826 2793 4879 si
2830 4834 3033 4877 vestem
3077 4833 3131 4878 et
3158 4839 3286 4877 con-

1729 4938 1981 4984 servare,
2032 4928 2087 4973 et
2136 4933 2241 4972 non
2306 4932 2667 4983 conservare,
2726 4916 2991 4970 libertatis
3046 4917 3284 4970 arbitrii-

1730 5031 1833 5082 que
1872 5012 1973 5065 mei
2014 5020 2095 5063 est
2139 5028 2151 5063 :
2191 5021 2335 5063 certe
2372 5017 2431 5061 ut
2468 5010 2649 5062 eadem
2714 5019 3081 5073 conservetur,
3126 5010 3284 5080 267

1731 5106 1784 5158 in
1842 5119 1958 5157 mea
2027 5117 2241 5170 quoque
2296 5108 2557 5169 potestate
2608 5098 2769 5151 situm
2827 5107 2927 5152 est.
2986 5097 3086 5152 Sed
3140 5101 3284 5153 enim

1731 5194 2012 5247 manifeste
2068 5191 2149 5243 vel
2198 5206 2261 5244 ex
2325 5190 2440 5257 ipsa
2480 5187 2761 5256 Chrysippi
2821 5188 3163 5242 distinctione
3200 5202 3285 5239 se-

1732 5286 1945 5354 quitur,
2003 5283 2401 5336 antecedentem
2453 5279 2506 5330 in
2568 5278 2724 5330 nobis
2768 5292 2988 5331 causam
3036 5277 3103 5328 ab
3137 5275 3283 5328 omni

1733 5375 1843 5429 fato
1873 5376 2092 5427 liberam
2118 5389 2181 5425 ac
2212 5372 2445 5427 solutam
2470 5384 2607 5423 esse.
2634 5367 2864 5437 Quippe,
2888 5375 3089 5419 vestem
3115 5365 3281 5429 enim,

1735 5468 1929 5537 inquit,
1967 5464 2277 5519 conservari
2327 5462 2495 5514 fatum
2543 5472 2655 5524 est,
2698 5460 2743 5513 si
2788 5473 2903 5513 eam
2947 5456 3281 5521 servaveris;

1729 5716 1843 5781 ipse
1888 5724 2222 5781 perspicuas!
2249 5710 2511 5770 crederet,
2560 5716 2810 5781 tanquam
2848 5719 2917 5781 ex
2971 5702 3280 5781 quotidiana

1730 5774 1911 5836 rerum
1940 5791 1993 5836 et
2012 5774 2388 5849 exemplorum
2436 5793 2537 5837 usu
2569 5774 3003 5845 experientiatu
3036 5774 3280 5844 iepromo

1730 5862 1869 5921 ptas.
