3976 6340
691 412 799 469 δῖ’ιὸ

1316 413 1581 470 EUSEBII
1618 416 2094 476 CESARIENSIS
2134 421 2282 476 OPP.
2325 422 2511 478 PARS
2549 423 2612 479 ll.
2652 454 2723 466 —
2758 423 3254 483 APOLOGETICA.

3810 433 3910 486 ιεσ

697 528 901 596 suscipi
936 528 1033 582 abs
1067 538 1120 582 te
1154 529 1375 593 liberos.
1408 532 1454 586 si
1484 534 1746 590 volueris:
1784 551 1965 601 secus,
1994 547 2244 593 neutrum

2356 541 2494 606 σθαι,
2523 542 2674 612 παρά
2698 559 2818 595 τινα
2865 542 3222 614 εἱμαρμένην,
3255 545 3349 597 καί⁷
3396 562 3538 598 κατα
3567 546 3750 598 αἰτίαν
3785 546 3907 609 ἐξώ-

697 622 832 676 ﬁcri.
868 623 933 676 At
955 623 1007 675 in
1039 623 1124 688 iis,
1147 639 1268 692 qua:
1291 616 1386 678 fati
1416 628 1714 683 necessitas
1743 639 2083 698 occupasset,
2121 647 2249 685 cun-

697 714 990 767 ditienibus
1018 716 1134 768 istis
1164 731 1442 786 nunquam
1479 728 1775 773 uteremur.
1804 719 1914 775 Nec
1953 723 2095 775 enim
2137 738 2252 776 mo-

699 803 926 858 riturum
960 805 1254 873 quemlibet
1285 808 1557 862 hominem
1613 810 1867 878 dicimus,
1907 813 1953 866 si
1979 808 2125 883 quid
2166 814 2252 868 fa-

699 906 845 949 ctum
877 899 1012 962 erit;
1045 914 1151 950 non
1178 900 1524 965 moriturum,
1552 901 1597 955 si
1622 900 1822 956 factum
1855 919 1961 957 non
1987 907 2123 959 erit:
2159 905 2254 961 sed

697 990 855 1058 plane
886 1006 949 1043 ac
981 991 1299 1059 simpliciter
1337 994 1682 1060 moriturum,
1724 996 1988 1065 quidquid
2035 998 2253 1052 demum

697 1080 762 1133 ad
799 1091 1022 1135 mortem
1072 1083 1414 1137 devitandam
1471 1086 1672 1140 factum
1721 1089 1844 1142 erit.
1887 1087 1998 1142 Nec
2048 1100 2254 1143 certum

699 1172 951 1240 aliquem,
984 1173 1027 1226 si
1064 1174 1167 1226 hoc
1191 1175 1390 1227 illudve
1423 1174 1634 1238 fecerit,
1665 1179 1732 1230 ab
1759 1178 1905 1230 omni
1935 1178 2121 1234 dolore
2149 1180 2254 1233 im-

699 1279 916 1316 munem
974 1264 1248 1328 futurum;
1288 1274 1341 1318 at
1378 1266 1714 1335 simpliciter,
1750 1268 2022 1322 hominem
2070 1285 2257 1338 quem-

700 1355 850 1418 libet,
880 1356 1008 1412 velit
1055 1357 1209 1419 nolit,
1247 1357 1416 1410 dolori
1448 1373 1567 1412 esse
1607 1359 1924 1413 obnoxium.
1973 1359 2148 1430 Atque
2184 1361 2256 1414 ita

698 1447 765 1498 de
809 1446 1019 1500 caeteris
1064 1447 1334 1509 omnibus,
1376 1463 1495 1515 qure
1536 1449 1639 1503 hoc
1680 1438 1870 1513 modo,
1909 1466 2016 1503 non
2075 1450 2253 1514 aliter,

701 1537 899 1590 habere
934 1553 1049 1591 sese
1098 1536 1266 1590 fatum
1298 1552 1397 1592 εει.
1441 1538 1620 1605 Quare
1655 1541 1701 1593 si
1754 1541 1962 1610 aliquid
2013 1542 2128 1596 ﬁeri
2165 1558 2259 1595 ne-

701 1642 851 1680 cesse
881 1639 988 1691 est,
1025 1629 1182 1682 modo
1220 1629 1270 1682 id
1316 1630 1588 1696 velimus;
1643 1646 1803 1686 secus
1851 1641 2054 1698 autem,
2095 1634 2256 1686 mini-

702 1734 817 1772 me:
856 1721 1021 1789 liquet
1051 1722 1293 1784 omnino,
1348 1735 1405 1776 ut
1455 1725 1585 1778 illud
1636 1725 1813 1793 ipsum
1856 1733 1952 1778 aut
1997 1724 2256 1778 vellemus

703 1819 797 1864 aut
827 1815 1113 1877 nollemus,
1161 1831 1380 1869 causam
1425 1817 1586 1870 aliam
1646 1819 2049 1888 antecedentem
2091 1817 2257 1872 fuisse

2351 631 2443 684 θεν
2476 633 2782 700 ἀναγκαίαν
2828 634 3051 700 ἐγίνετο.
3112 635 3248 687 ‘ADL’
3293 636 3435 689 οὓτω
3466 637 3647 688 τέλεον
3701 638 3736 706 ή
3793 641 3909 708 παρ’

2351 727 2494 795 ἡμᾶς
2521 724 2894 795 ὲξουσιαστικὴ
2916 726 3139 796 δύναμις
3177 728 3474 798 ἀναιρεῖται
3495 769 3511 790 ,
3569 731 3663 782 καὶ
3711 732 3812 782 οὐκ
3841 730 3908 782 ἔτι

2355 815 2575 878 σώζοιτο
2606 815 2671 868 ἂν
2703 816 2977 886 θοιμάτιον
3012 819 3159 890 παρὰ
3207 820 3304 888 τὴν
3359 820 3535 874 αἰτίαν
3561 821 3662 892 τὴν
3691 821 3851 891 ὲμὴν,
3878 822 3905 892 ἢ

2356 907 2692 961 ἀπολλύοιτο·
2723 907 2801 959 διὸ
2834 910 2926 961 καὶ
2974 910 3091 979 εἵην
3146 910 3211 963 ἂν
3257 911 3368 980 ἐγὼ
3415 913 3511 965 καὶ
3545 913 3906 982 ἀπολλυμένου

2354 998 2560 1060 τούτου,
2592 999 2731 1050 κατά
2756 999 2910 1065 λόγον
2931 998 2993 1052 ἂν
3016 1002 3331 1071 ἐπιτίμητος
3351 1015 3377 1042 ι
3411 1003 3564 1074 (άλλη
3598 1004 3713 1073 γὰρ
3737 1005 3856 1056 ἄλλο
3885 1006 3907 1044 δ

2355 1105 2437 1150 τις
2473 1088 2750 1140 ἀπώλλυεν
2778 1089 2993 1155 αἰτία.),
3025 1091 3115 1142 καὶ
3153 1090 3456 1161 σωζομένου
3483 1094 3642 1146 πάλιν
3673 1094 3907 1162 οὐδαμῶς

2355 1179 2756 1248 ἐπαινούμενος,
2783 1180 2864 1231 ὃτι
2899 1180 3028 1249 μηδὲ
3052 1180 3208 1233 τοῦτο
3235 1181 3561 1253 εἰργαζόμην
3588 1183 3722 1251 ἐγώ.
3754 1185 3823 1236 Σὺ
3841 1185 3903 1244 δὲ.

2355 1271 2428 1334 ὼς
2453 1271 2622 1325 σῶσαι
2651 1273 2824 1325 πάντα
2854 1272 3164 1343 δυνάμενος,
3198 1275 3367 1339 οὕτως
3418 1277 3695 1328 ἀνετείνου
3733 1276 3808 1344 τῷ
3835 1277 3902 1328 λό-

2357 1378 2490 1430 γῳ.»
2525 1361 2710 1413 Ταῦτα
2741 1362 2839 1431 μὲν
2870 1365 2897 1414 δ
2951 1363 3312 1433 προδηλωοεὶς
3348 1364 3501 1435 ἀνήρ.
3560 1365 3823 1434 Συνήιρθω
3857 1367 3902 1417 δὲ

2357 1453 2564 1515 τούτοις
2594 1454 2684 1506 καὶ
2722 1453 2789 1505 τὰ
2818 1455 2925 1506 ἀπὸ
2981 1455 3086 1508 τῶν
3125 1456 3466 1528 Ἀλεξάνδρου
3512 1456 3605 1509 τοῦ
3676 1458 3900 1528 Ἀφροδι-

2361 1543 2536 1606 σιέως,
2569 1543 2756 1612 ἀνδρδς
2783 1540 2839 1596 εὖ
2899 1545 3055 1614 μάλα.
3073 1541 3360 1615 διαφανοῦς
3383 1549 3439 1600 ὲν
3465 1551 3577 1609 τοῖς
3605 1549 3750 1600 κατὰ
3777 1548 3898 1615 ctio-

2361 1633 2547 1700 σοφίαν
2577 1632 2771 1699 λόγοις,
2803 1633 2860 1694 ὃς
2891 1634 2985 1686 καὶ
3016 1635 3176 1697 αὐτὸς
3197 1636 3374 1697 ἐντοῖς
3402 1636 3534 1702 Περὶ
3567 1638 3896 1703 εἱμαρμένης

2359 1723 2574 1776 τοιαῖσδ’
2602 1725 2868 1793 ἐχρήσατο
2896 1726 3098 1791 φωναῖς
3130 1728 3207 1788 εἰς
3243 1726 3544 1795 ἀνασκευὴν
3595 1725 3692 1778 τοῦ
3725 1726 3894 1795 δόγμα-

2358 1833 2468 1878 τος.

701 1904 937 1968 nullam;
974 1908 1068 1960 sed
1105 1917 1391 1976 utrumque
1431 1926 1652 1978 prorsus
1684 1912 1738 1964 in
1771 1921 1952 1965 nostra
2002 1921 2268 1980 potestate
2303 1912 2487 1964 situm.
2527 1910 2680 1974 Quod
2729 1909 2776 1963 si
2802 1908 2946 1961 nulla
2979 1909 3030 1962 id
3059 1909 3375 1963 necessitate
3429 1911 3783 1963 constrictum
3804 1920 3884 1980 est,

704 2007 761 2049 ut
800 2000 928 2051 certi
971 2004 1131 2052 etiam
1167 2001 1367 2069 aliquid
1415 2002 1526 2064 ﬁat,
1579 2013 1946 2073 antegressam
2004 2020 2071 2058 ex
2108 2004 2404 2057 aeternitate
2461 2017 2678 2055 causam
2737 2002 2938 2054 nullam
2992 2016 3112 2054 esse
3145 2009 3387 2054 constat:
3444 2002 3549 2055 nisi
3583 2001 3742 2065 forte,
3778 2001 3879 2069 quc-J

700 2096 900 2140 vestem
947 2105 1266 2143 conservare
1301 2100 1394 2144 aut
1429 2092 1758 2147 voluerimus
1791 2103 1887 2147 aut
1928 2093 2284 2156 uoluerimus,
2327 2093 2429 2146 hoc
2476 2095 2650 2160 ipsum
2689 2091 2798 2146 fato
2825 2093 3080 2160 quodam,
3131 2103 3184 2145 et
3225 2106 3403 2146 causa:
3452 2092 3682 2160 alicujus
3719 2094 3880 2146 extrin-

701 2199 858 2238 secus
887 2194 1212 2254 antegrcssa:
1238 2189 1556 2242 necessitate
1587 2188 1787 2243 faetum
1821 2191 2050 2244 dicatur.
2085 2189 2268 2258 Atqui,
2311 2187 2553 2243 funditus
2608 2189 2710 2242 hoc
2754 2190 2914 2243 modo
2946 2187 3217 2241 facultatis
3244 2197 3299 2241 et
3345 2188 3551 2241 arbitrii
3583 2188 3750 2242 nostri
3781 2189 3887 2240 ratio

703 2280 1019 2333 tolleretur:
1053 2296 1152 2335 ncc
1181 2283 1291 2349 jam
1328 2283 1381 2334 in
1416 2298 1500 2336 me
1525 2285 1691 2339 vestis
1721 2295 1814 2338 aut
1842 2288 2239 2350 conservandae,
2282 2293 2375 2338 aut
2411 2285 2715 2343 amittendae
2734 2299 2901 2339 causa
2947 2285 3319 2338 antecederet:
3367 2283 3611 2351 adeoque
3661 2292 3718 2336 ut
3745 2284 3884 2342 omni,

708 2372 786 2424 vel
822 2389 885 2424 ea
935 2373 1164 2441 perdita,
1233 2377 1647 2444 reprehensione
1685 2382 1879 2434 merito
1925 2395 2163 2434 carerem
2214 2379 2336 2448 (alia
2387 2381 2529 2433 enim
2580 2381 2915 2434 extrinsecus
2953 2380 3175 2448 jactura:
3217 2393 3380 2433 causa
3422 2378 3781 2448 praefuisset):
3822 2379 3886 2430 sic

703 2467 890 2520 eadem
925 2474 1261 2532 conservata;
1293 2470 1449 2524 laude
1485 2473 1629 2525 nulla
1659 2473 1856 2542 dignus
1889 2489 2086 2534 essem,
2118 2473 2261 2543 quod
2297 2487 2393 2541 per
2445 2488 2529 2527 me
2553 2482 2870 2527 conservata
2922 2489 3026 2527 non
3059 2473 3270 2527 fuisset.
3317 2472 3397 2527 Tu
3431 2489 3580 2538 vero,
3617 2473 3810 2541 perinde
3836 2483 3882 2525 ut

713 2559 759 2613 si
801 2560 914 2613 haec
958 2561 1138 2614 omnia
1183 2563 1469 2616 defendere
1527 2581 1632 2616 una
1680 2581 1890 2633 posses,
1931 2567 2002 2619 ita
2047 2566 2290 2619 oratione
2325 2566 2668 2620 contendisti.
2701 2585 2719 2616 ι
2751 2564 2874 2620 Haec
2902 2565 3283 2636 Diogenianus.
3337 2562 3455 2618 Jam
3493 2580 3624 2618 vero
3671 2563 3877 2632 superio-

701 2638 853 2710 ribus
890 2656 995 2710 illis
1042 2655 1401 2710 Alexandrum
1439 2658 1827 2726 Aphrodiscum
1867 2662 2243 2731 adjungamus,
2281 2659 2372 2729 qui
2405 2669 2458 2714 et
2512 2661 2625 2730 ipse
2679 2661 2830 2716 libris
2881 2661 2970 2727 iis,
3000 2676 3136 2728 quos
3193 2661 3266 2713 De
3300 2659 3410 2727 fato
3449 2659 3635 2726 edidit,
3675 2660 3802 2712 hunc
3829 2657 3877 2711 in

717 2750 938 2802 modum
981 2752 1302 2804 sententiam
1338 2753 1492 2805 istam
1525 2754 1842 2809 confutavit.

1209 2844 1371 2913 πε
1399 2845 1625 2901 CAPUT
1655 2848 1746 2903 ix.

821 2931 896 2985 De
925 2935 1123 3000 eodem,
1163 2953 1226 2990 ca:
1258 2938 1546 2990 Alexandri
1585 2940 1895 3007 Aphrodisei
1926 2942 2149 3009 scriptis.

784 3110 798 3140 :
845 3091 1068 3159 Eozum,
1107 3095 1302 3162 inquit,
1337 3096 1602 3160 omnium,
1631 3110 1752 3162 qua:
1781 3095 1947 3160 ﬁunt,
2002 3092 2258 3162 principia

709 3183 763 3236 in
790 3195 1043 3251 quatuor,
1072 3195 1128 3237 ut
1159 3186 1375 3238 divinus
1407 3186 1716 3240 Aristoteles
1735 3186 1938 3251 docuit,
1971 3201 2256 3241 causarum

707 3287 900 3338 genera
931 3273 1261 3327 dividuntur.
1302 3274 1698 3344 Principiorum
1727 3279 1870 3331 enim
1903 3277 2005 3330 alia
2043 3279 2148 3331 vim
2179 3277 2258 3332 ef-

706 3359 940 3424 ﬁciendi,
981 3362 1084 3413 alia
1115 3363 1355 3416 materia:
1382 3365 1646 3417 rationem
1683 3366 1900 3418 habent.
1933 3365 2026 3418 His
2053 3367 2260 3419 accedit

707 3467 872 3504 causa
911 3451 1173 3514 formulis,
1211 3468 1276 3506 ac
1309 3463 1502 3521 przeter
1531 3455 1650 3508 illas
1678 3467 1807 3518 tres,
1843 3466 2095 3522 quartum
2120 3469 2259 3523 quo-

709 3559 814 3610 que
843 3544 1182 3611 principium,
1207 3545 1346 3607 ﬁnis,
1377 3545 1621 3613 inquam,
1644 3546 1801 3614 cujus
1826 3548 1994 3615 gratia
2011 3546 2090 3607 ﬁt,
2109 3546 2252 3614 quod

709 3633 954 3698 efﬁcitur,
1006 3637 1276 3689 numerari
1305 3636 1480 3690 debet.
1513 3638 1588 3689 Ac
1618 3645 1695 3689 tot
1716 3638 1931 3705 quidem
1969 3638 2257 3706 principio—

713 3737 832 3773 rum
885 3726 1196 3778 discrimina
1247 3735 1389 3780 recte
1438 3735 1769 3780 statuuntur.
1816 3724 2084 3794 Quidquid
2114 3728 2256 3780 enim

713 3822 790 3875 rei
821 3822 1193 3887 cujuscunque
1219 3817 1539 3886 principium
1572 3827 1673 3877 est,
1707 3818 1845 3869 idem
1877 3822 1942 3871 ad
1968 3833 2256 3872 causarum

715 3911 937 3964 istarum
977 3911 1209 3978 aliquam
1243 3909 1508 3975 pertinere
1535 3908 1791 3976 reperies.
1833 3906 1991 3973 Nam,
2038 3918 2096 3963 ut
2137 3923 2258 3977 quae

714 4003 867 4063 ﬁunt,
900 4009 977 4053 tot
1005 4001 1184 4053 causis
1221 4016 1325 4050 nun
1358 4000 1630 4066 indigeant
1671 3999 1889 4063 omnia;
1925 4014 2044 4067 qute
2080 4010 2255 4054 tamen

714 4093 957 4162 pluribus
986 4091 1243 4157 indigent,
1281 4103 1340 4140 ea
1369 4103 1645 4156 nunquam
1688 4088 2018 4156 assignatum
2066 4105 2254 4155 nume-

2888 2841 3278 2895 ΚΕΦΑΛΔΙΟΝ
3325 2841 3400 2895 Θ’.

2366 2938 2498 2990 Ἔτι
2529 2931 2788 3001 περὶτοῦ
2817 2932 2998 2985 αὑτοῦ
3035 2933 3150 2984 ἀπὸ
3211 2930 3330 2983 τῶν
3371 2930 3753 2998 Ἀλεξάνδρου
3797 2927 3877 2983 τοῦ

2929 3001 3358 3070 Ἀφροδισιέωᾳ

2435 3114 2454 3146 ι
2486 3095 2778 3164 Διαιρεῖται
2813 3093 2868 3144 δὲ
2899 3092 2966 3144 τά
3001 3091 3109 3145 τῶν
3136 3092 3429 3162 γινομένων
3480 3092 3628 3145 αῐτια
3679 3094 3757 3156 εἰς
3781 3090 3867 3160 τρό-

2359 3203 2492 3250 πους
2519 3179 2706 3240 αἰτιῶν
2738 3185 3024 3254 τέσσαρας,
3059 3183 3242 3246 καθὼς
3303 3187 3332 3238 ὁ
3363 3185 3502 3247 θεῖος
3544 3183 3870 3255 Ἀριστοτέλης

2354 3278 2577 3347 δέδειχε.
2615 3275 2734 3327 Τῶν
2771 3276 2878 3344 γὰρ
2915 3275 3098 3326 αἰτίων
3125 3273 3193 3325 τὰ
3238 3274 3336 3343 μὲν
3359 3273 3472 3325 ἐστι
3512 3273 3728 3343 ποιητὰ,
3756 3269 3875 3324 seu

2358 3369 2486 3439 ὕλης
2519 3367 2780 3436 ἐπέχοντα
2807 3366 2980 3433 λόγον.
3013 3367 3167 3418 Ἔστι
3218 3364 3277 3418 δέ
3307 3383 3389 3428 τις
3432 3369 3488 3418 ἐν
3535 3367 3712 3425 αὐτοῖς
3749 3360 3874 3427 καἰή

2358 3461 2498 3513 κατά
2527 3456 2662 3522 εἶδος
2688 3459 2851 3511 αἰτία·
2893 3459 3039 3529 παρά
3089 3459 3146 3510 δὲ
3171 3458 3266 3522 τὰς
3315 3460 3460 3529 τρεῖς
3490 3457 3686 3521 ταύτας
3711 3454 3873 3514 αἰτίας,

2357 3552 2503 3604 ἔστιν
2537 3553 2591 3603 ὲν
2631 3551 2810 3612 αὐτοῖς
2853 3551 3020 3603 αἴτιον
3043 3550 3136 3602 καὶ
3163 3550 3332 3613 τέλος,
3371 3543 3430 3601 οὗ
3486 3549 3643 3619 χάριν
3675 3549 3732 3600 τὸ
3758 3543 3872 3614 γινόο

2362 3659 2516 3711 μενον
2543 3641 2764 3708 γίνεται.
2803 3641 2911 3693 Καὶ
2943 3638 3196 3692 τοσαῦται
3232 3640 3327 3709 μὲν
3355 3641 3410 3692 αἱ
3449 3639 3556 3692 τῶν
3593 3639 3770 3692 αἰτίων
3792 3636 3874 3686 διας

2357 3733 2536 3802 φοραί.
2562 3734 2628 3785 Ὄ
2656 3749 2706 3784 τι
2741 3733 2845 3801 γάρ
2879 3731 2944 3782 ἂν
2975 3729 3143 3783 αἴτιον
3260 3747 3421 3792 τινος,
3458 3731 3563 3782 ὑπό
3613 3747 3665 3781 τι
3704 3728 3872 3781 τούτων

2355 3822 2460 3874 τῶν
2486 3822 2670 3875 αἰτιῶν
2691 3838 2752 3889 γε
2781 3821 3145 3891 εὑρεθήσεται.
3169 3819 3278 3872 Καὶ
3313 3820 3420 3890 γάρ
3446 3822 3494 3871 εἰ
3530 3819 3605 3890 μὴ
3642 3819 3801 3871 πάντα
3823 3816 3869 3865 τὰ

2357 3912 2612 3980 γινόμενα
2640 3911 2904 3964 τοσούτων
2933 3911 3120 3963 αἰτιῶν
3146 3911 3335 3972 δεῖται,
3369 3909 3502 3962 ἀλλά
3551 3911 3621 3962 τά
3667 3926 3725 3977 γε
3752 3905 3869 3960 πλεί-

2359 4016 2492 4051 στων
2525 4000 2753 4069 δεόμενα
2779 4001 2878 4068 οὺχ
2899 3998 3211 4065 ὑπερϐαίνει
3239 3997 3327 4050 τὸν
3353 3999 3636 4069 εἰρημένον
3659 3995 3868 4068 ἀριθμόν.

2358 4089 2755 4159 Γνωριμωτέρα
2775 4089 2817 4140 δ’
2848 4089 2913 4141 ἂν
2945 4088 3120 4139 αὐτῶν
3158 4090 3190 4158 ἡ
3235 4088 3461 4159 διαιρορά
3492 4088 3716 4153 γένοιτο,
3739 4087 3778 4137 εἰ
3796 4081 3866 4135 ἐπὶ

716 4199 834 4236 rum
866 4189 1143 4250 superant.
1183 4177 1378 4231 Verum
1424 4178 1684 4231 illustrior
1713 4180 1892 4231 futura
1938 4189 2020 4231 est
2068 4196 2250 4233 earum

2358 4182 2792 4252 παραδείγμτός
2821 4199 2960 4244 τινος
2985 4182 3090 4235 τῶν
3113 4183 3408 4250 γινομένων
3460 4179 3698 4250 ὁραθείη.
3726 4177 3861 4228 Ἔστω

715 4272 1039 4324 divcrsitatis
1081 4272 1237 4334 ratio,
1277 4272 1320 4324 si
1353 4271 1405 4322 in
1444 4280 1591 4322 certo
1618 4267 1850 4334 quodam
1885 4283 2096 4332 eorum,
2137 4283 2256 4336 qua:

718 4361 871 4423 ﬁunt,
916 4363 1157 4429 exemplo
1197 4370 1464 4414 cernctur.
1491 4357 1726 4413 Exsislat
1757 4374 1882 4427 ergo
1922 4374 1952 4410 a
2000 4360 2157 4411 nobis
2201 4358 2255 4410 in

718 4461 915 4512 statua,
956 4451 1335 4518 principiorum
1376 4451 1533 4502 allata
1579 4451 1871 4504 distinctio.
1909 4449 2112 4502 Statua:
2156 4449 2254 4518 ἱεὶ-

717 4553 805 4598 tur
841 4543 1075 4597 elﬁciens
1113 4541 1431 4610 principium
1459 4540 1650 4593 artifex
1686 4543 1797 4610 ipse
1821 4550 1923 4603 cst,
1953 4555 2110 4609 quem
2140 4555 2257 4608 pro-

716 4651 894 4705 pterea
944 4634 1264 4688 statuarium
1317 4632 1679 4700 appellamus:
1724 4633 1961 4700 ejusdem
2011 4632 2251 4694 materia,

717 4743 809 4789 tes,
835 4727 976 4794 quod
1013 4726 1111 4779 arti
1144 4723 1446 4792 subjicitur,
1477 4733 1571 4775 aut
1599 4723 1753 4788 lapis,
1785 4732 1880 4775 aut
1927 4723 2070 4775 aliud
2108 4722 2256 4789 ejus-

719 4816 861 4870 modi
891 4816 1112 4885 aliquid,
1139 4815 1280 4883 quod
1306 4814 1437 4867 artis
1475 4828 1539 4866 ex
1568 4814 2012 4882 praeceptionibus
2039 4811 2257 4864 confor-

719 4914 892 4955 metur
918 4923 929 4956 :
959 4919 1078 4956 nam
1105 4903 1154 4954 id
1179 4916 1390 4970 quoque
1415 4911 1602 4954 statua:
1627 4901 1912 4955 cxsistendi
1938 4900 2254 4969 principium

719 5001 820 5044 est.
857 4991 1071 5044 Accedit
1111 4991 1322 5059 utrique
1363 4989 1556 5050 forma,
1591 5005 1709 5057 quae
1737 4990 1803 5042 ab
1843 4989 2046 5042 artiﬁce
2079 4988 2260 5054 subjeo

720 5090 858 5133 ctam
894 5079 944 5129 in
971 5080 1243 5131 materiam
1275 5079 1564 5139 inducitur,
1597 5094 1819 5145 qumque
1846 5080 2047 5146 pariter
2068 5088 2256 5131 stature

717 5170 1040 5238 principium
1070 5179 1169 5221 est.
1210 5167 1386 5233 Quare
1416 5169 1501 5222 vel
1531 5169 1737 5222 discum
1769 5169 2038 5235 jacientis,
2063 5169 2140 5222 vel
2166 5170 2255 5234 ja-

719 5258 950 5310 culantis
981 5258 1033 5308 in
1059 5271 1280 5318 morem,
1312 5257 1353 5307 si
1384 5255 1610 5308 formam
1645 5265 1870 5322 spectes,
1896 5257 1976 5308 vel
1995 5256 2097 5309 alia
2124 5271 2256 5324 qua-

722 5331 850 5400 libet
880 5347 1133 5415 peculiari
1175 5345 1538 5414 singularique
1575 5345 1743 5415 ﬁgura
1778 5346 2122 5400 simulacrum
2161 5361 2254 5399 ex-

721 5451 963 5503 pressum
995 5447 1092 5490 est.
1115 5435 1222 5488 Nec
1255 5436 1354 5488 ista
1387 5437 1556 5488 solum
1583 5435 1872 5489 conﬂandze
1895 5447 2084 5491 statua:
2105 5439 2256 5504 prin.

721 5525 858 5590 cipia
889 5535 1044 5590 sunt;
1088 5525 1215 5577 nulli
1251 5524 1514 5591 siquidem
1553 5539 1758 5582 eorum,
1797 5523 1899 5576 hoc
1945 5525 1996 5577 in
2038 5540 2250 5593 genere,

720 5613 844 5667 ﬁnis
872 5615 956 5667 ille
986 5617 1143 5675 cedit.
1175 5616 1328 5683 cujus
1363 5616 1530 5682 gratia
1564 5616 1901 5679 elaboratur;
1946 5617 2251 5686 cujusmodi

719 5703 800 5756 vel
829 5705 1102 5765 cujusdam
1135 5705 1325 5768 honor,
1346 5705 1422 5757 vel
1445 5719 1566 5771 erga
1599 5703 1762 5758 Deum
1790 5706 1972 5776 religio
2002 5716 2101 5763 est.
2129 5707 2250 5763 υεεο

787 5806 812 5834 ι
849 5795 933 5850 Ia.
959 5797 1351 5869 ἁνεπιτίμητος.
1425 5798 1452 5836 δ
1487 5798 1570 5851 ἵσ.
1607 5797 1806 5852 ἄλλοτε.

2354 4272 2418 4342 δὴ
2448 4272 2531 4323 ἐπ’
2571 4271 2880 4341 ἀνδριάντος
2923 4273 3053 4341 ἡμῖν
3109 4274 3142 4340 ὴ
3183 4271 3289 4324 τῶν
3349 4269 3535 4324 αἰτίων
3590 4266 3864 4336 δεικνυμένη
3908 4306 3916 4316 .

2353 4362 2629 4433 διαίρεσις.
2658 4361 2764 4429 Τοῦ
2797 4362 2850 4412 δὲ
2883 4362 3188 4433 ἀνδριάντος
3211 4361 3286 4423 ὡς
3314 4360 3410 4429 μὲν
3434 4359 3708 4428 ποιητικὸν
3736 4357 3868 4410 αἴτιον

2354 4454 2383 4502 ὁ
2417 4454 2647 4522 ποιήσας
2678 4452 2939 4522 τεχνίτης,
2968 4453 3025 4505 ὂν
3047 4449 3476 4521 ἀνδριαντοποιὸν
3503 4450 3784 4521 καλοῦμεν·
3815 4445 3870 4503 ὼς

2354 4541 2408 4592 δὲ
2440 4541 2535 4608 ὓλη
2574 4542 2602 4590 ὁ
2629 4540 2977 4608 ὑποκείμενος
3009 4539 3225 4610 χαλκὸς,
3255 4538 3288 4609 ἢ
3315 4537 3534 4610 λίθος,ἢ
3564 4540 3593 4593 ὃ
3624 4542 3675 4593 τί
3701 4539 3745 4590 τ’
3779 4526 3870 4605 ἂνῇ

2354 4632 2414 4683 τὸ
2440 4631 2541 4682 ὑπὸ
2563 4629 2654 4682 τοῦ
2677 4631 2915 4699 τεχνίτου
2946 4629 3400 4699 σχηματιζόμενον
3416 4629 3556 4682 κατά
3579 4629 3676 4697 τὴν
3691 4628 3868 4696 τέχνηνο

2357 4720 2525 4772 αἴτιον
2555 4718 2661 4789 γὰρ
2691 4721 2783 4771 καὶ
2815 4719 2970 4770 τοῦτο
3000 4718 3091 4770 τοῦ
3134 4719 3410 4786 γεγονέναι
3432 4736 3493 4771 τε
3528 4719 3622 4771 καὶ
3641 4702 3779 4770 εἶναι
3804 4714 3870 4765 τὸν

2357 4809 2660 4880 ἀνδριάντα.
2694 4812 2848 4861 Ἔστι
2887 4809 2942 4861 δὲ
2965 4809 3058 4861 καὶ
3087 4809 3148 4861 τὺ
3176 4808 3340 4873 εἶδος,
3393 4809 3452 4862 τὸ
3483 4811 3542 4861 ὲν
3587 4809 3664 4879 τῷ
3694 4809 3869 4861 ὑποκει-

2360 4900 2503 4968 μένῳ
2534 4898 2703 4968 τούτῳ
2730 4899 3017 4968 γενόμενον
3057 4899 3159 4952 ὑπὸ
3211 4899 3304 4951 τοῦ
3333 4898 3599 4968 τεχνίτου,
3651 4898 3740 4949 καὶ
3766 4891 3871 4948 αὐτὸ
3909 4899 3914 4909 ’

2354 4988 2446 5039 τοῦ
2475 4987 2780 5058 ἀνδριάντος
2806 4988 2991 5039 αἴτιον.
3009 4987 3098 5039 Διδ
3118 4983 3253 5050 εἶδός
3274 4989 3388 5039 ἐστι
3418 4985 3730 5055 δισκεῦον,ἢ
3747 4985 3864 5036 dator

2353 5078 2518 5142 τίζον,
2552 5079 2584 5148 ἦ
2622 5080 2705 5130 ἐπ’
2761 5079 2916 5131 ἄλλου
2973 5079 3115 5141 τινὸς
3149 5078 3448 5148 ὡρισμένου
3481 5078 3762 5147 σχήματος.
3811 5072 3867 5124 θῦ

2359 5171 2512 5239 μόνον
2542 5170 2598 5220 δὲ
2626 5169 2797 5220 ταῦτα
2826 5170 2920 5238 τῆς
2948 5169 3039 5222 τοῦ
3092 5169 3400 5238 ἀνδριάντος
3426 5167 3687 5234 γενέσεως
3727 5162 3866 5214 αἴτια

2351 5260 2466 5312 ἀλλ’
2495 5259 2637 5311 ἔστιν
2675 5259 2879 5321 οὐδενὸς
2907 5259 3013 5312 τῶν
3061 5259 3244 5311 αἰτίων
3273 5261 3371 5330 τῆς
3422 5259 3684 5325 γενέσεως
3731 5251 3866 5308 αὑτοῦ

2354 5350 2597 5421 δεύτερον
2617 5351 2676 5403 τὸ
2712 5351 2879 5414 τέλος,
2903 5346 2962 5403 οὗ
2989 5351 3145 5420 χάριν
3173 5351 3381 5418 γέγονε,
3407 5350 3677 5401 τουτέστιν
3702 5349 3732 5418 ἢ
3757 5345 3865 5414 τιμή

2356 5459 2517 5502 τινος.
2546 5441 2578 5509 ἢ
2621 5442 2696 5501 εἰς
2727 5440 2855 5492 Θεὸν
2885 5441 3130 5495 εὐσέϐειά
3151 5459 3252 5503 τις.
3281 5443 3440 5494 ’Δνευ
3478 5440 3586 5512 γὰρ
3616 5441 3709 5510 τῆς
3722 5434 3864 5491 τοιαύ-

2355 5547 2452 5598 της
2479 5530 2652 5590 αἰτίας
2669 5531 2775 5581 οὺδ⁹
2799 5530 2863 5582 ἂν
2893 5532 2989 5600 τὴν
3017 5532 3188 5601 ἀρχὴν
3205 5532 3234 5581 ὁ
3259 5529 3478 5600 ἀνδριὰς
3504 5531 3738 5598 γέγονεν.
3770 5528 3864 5576 Ὀ*

2355 5636 2458 5671 των
2479 5621 2650 5673 τοίνυν
2688 5622 2950 5674 τοσούτων
2981 5622 3086 5672 τῶν
3135 5621 3340 5685 αἰτίων,
3380 5621 3472 5672 καὶ
3515 5623 3610 5691 τὴν
3648 5619 3769 5690 πρὸς
3796 5616 3869 5669 ἀλ·

2355 5709 2488 5781 ληλα
2519 5713 2773 5783 διαφορὰν
2825 5714 3051 5782 ἐχόντων
3092 5712 3382 5784 γνώριμον,
3415 5713 3510 5784 τὴν
3563 5709 3865 5782 εἱμαρμένην
