4020 6342
19 356 154 412 457

1221 368 1540 424 ΡΒιΕΡΑΒ.
1586 369 1832 427 EVANG.
1879 370 2000 426 LIB.
2045 369 2131 425 Vl.

3215 376 3317 428 458

20 472 94 522 ὲν
139 479 295 540 τοῖς
338 480 640 548 ποιητικοῖς
688 479 880 541 αἰτίοις
926 478 1148 542 δικαίως
1192 480 1257 534 ἂν
1311 480 1641 550 καταριθμοί·

1763 483 1908 535 enim
1958 498 2123 536 causa
2174 482 2218 537 si
2257 477 2488 548 deesset,
2534 497 2601 537 ne
2657 480 2846 536 affecta
2880 483 3095 551 quidem
3141 495 3193 538 et
3238 486 3324 538 in—

23 581 184 632 μεν,
237 569 542 636 ἀναλογίαν
571 568 846 634 σώζουσαν
879 572 1012 641 πρὸς
1052 573 1117 625 τά
1136 573 1392 642 γινόμενα
1419 575 1538 624 κατ’
1565 573 1659 624 αὑ-

15 655 146 722 τὴν
189 660 284 728 τῇ
307 657 402 709 τοῦ
445 659 755 729 ἀνδριάντος
787 660 1098 732 δημιουργῷ
1156 662 1342 734 τέχνῃ.
1376 663 1575 714 Τούτου
1602 662 1658 713 δὲ

15 745 252 810 circa;
295 750 530 820 ἔχοντος,
559 751 846 805 ἀκόλουθον
872 753 935 805 ἂν
967 752 1050 822 εἰη
1084 754 1210 824 περί
1238 754 1344 805 τῶν
1366 753 1658 823 ποιητικῶν

17 838 276 891 αἰτίων
309 840 637 910 ποιήσασθαι
666 843 756 894 τὸν
780 842 954 910 λόγον·
981 841 1121 895 οὕτω
1151 843 1254 911 γάρ
1285 843 1431 896 ἔσται
1459 843 1655 913 γνώρι-

22 943 151 996 μον
189 931 326 983 εἴτε
363 932 579 984 πάντων
611 932 716 984 τῶν
775 934 1070 1002 γινομένων
1105 934 1207 1004 χρὴ
1237 933 1336 1004 τὴν
1383 935 1655 1004 εἱμαρμέ-

19 1036 146 1086 νην
183 1022 506 1085 αἰτιᾶσθαι,
548 1022 659 1075 εἴτε
689 1024 750 1094 δὴ
790 1025 883 1076 καὶ
940 1023 1120 1086 ἄλλοις
1153 1025 1262 1075 τισὶ
1307 1025 1454 1093 παρά
1499 1024 1655 1095 τήνδε

22 1117 413 1183 συγχωρεῖν,
441 1114 514 1177 ὡς
543 1110 662 1166 οὖσι
697 1117 995 1184 ποιητικοῖς
1018 1132 1178 1167 τινων
1211 1116 1418 1176 αἰτίοις.
1471 1116 1657 1168 Ἀπάν-

17 1209 158 1253 των
196 1204 282 1274 δὴ
309 1203 416 1256 τῶν
449 1205 746 1274 γινομένων
804 1205 1175 1276 Ἀριστοτέλης
1219 1205 1535 1274 ποιούμενος
1560 1207 1654 1275 τὴν

18 1296 370 1366 διαίρεσιν,
397 1298 465 1350 τὰ
502 1300 598 1368 μὲν
645 1297 820 1350 αὐτῶν
848 1316 988 1362 τινος
1031 1301 1187 1370 χάριν
1213 1300 1453 1367 γίνεσθαι
1485 1301 1650 1368 λέγει,

27 1389 284 1440 σκοπήν
312 1407 435 1442 τινα
470 1391 562 1441 καὶ
595 1391 743 1452 τέλος
796 1390 901 1442 τῶν
949 1391 1245 1459 γινομένων
1299 1391 1652 1461 προκείμενον

23 1476 298 1545 ἔχοντος
352 1479 443 1532 τοῦ
490 1480 764 1543 ποιοῦντος
792 1481 950 1533 αὐτὼ
994 1484 1060 1534 τὰ
1106 1481 1162 1532 δὲ
1203 1482 1433 1544 οὐδενὸς,
1469 1483 1564 1534 ὅσα
1591 1485 1650 1534 οὐ

27 1573 212 1623 κατὰ
247 1573 508 1642 πρόθεσιν
543 1590 662 1625 τινα
695 1573 795 1628 ⁴τοῦ
836 1573 1112 1635 ποιοῦντος
1157 1573 1384 1640 γίνεται,
1413 1574 1536 1634 οὐδ’,
1561 1575 1650 1626 ὲπί

25 1664 221 1727 τέλος
260 1665 562 1735 ὡρισμένον
582 1665 691 1734 ἔχει
716 1667 813 1734 τὴν
857 1665 1148 1736 ἀναφοράν·
1203 1665 1443 1722 τοιαῦτα,
1476 1660 1584 1717 οἷόν
1623 1678 1648 1705 ι

29 1758 174 1808 ἐστι
212 1758 452 1828 καρφῶν
475 1758 532 1809 τέ
554 1775 712 1809 τινων
733 1745 1128 1827 διακρατήσεις,
1149 1757 1241 1808 καὶ
1271 1756 1644 1825 περιστροφαὶ,

30 1851 147 1900 καὶ
179 1849 402 1919 τριχῶν
426 1850 628 1917 ἐπειφαί
668 1866 724 1900 τε
758 1849 849 1900 καὶ
880 1848 1153 1910 ἐκτάσεις,
1185 1847 1279 1900 καὶ
1314 1848 1413 1899 ὅσα
1441 1847 1648 1909 τούτοις

31 1939 276 2008 ὁμοίως
302 1941 528 2007 γίνεται.
575 1942 696 1992 Ὅτι
732 1942 826 2010 μὲν
851 1939 958 2008 γὰρ
978 1940 1184 2007 γίνεται
1216 1941 1305 1991 καὶ
1328 1938 1484 2000 αὐτὰ,
1519 1937 1649 2004 γνώ-

35 2048 256 2100 ριμον·
291 2033 351 2083 ού
378 2033 479 2102 μὴν
504 2031 614 2102 ἔχει
647 2031 741 2102 τὴν
773 2033 910 2083 κατά
932 2031 990 2082 τὸ
1022 2031 1170 2093 τέλος
1215 2034 1308 2084 καὶ
1340 2031 1436 2101 τὴν
1465 2025 1523 2084 οὗ
1549 2031 1646 2099 χά-

37 2137 136 2190 ριν
172 2122 392 2174 αἰτίαν.
419 2123 499 2173 Τά
533 2123 628 2191 μὲν
651 2118 741 2174 οὖν
778 2121 918 2173 οὕτω
960 2121 1238 2190 γινόμενα,
1277 2122 1531 2184 ἀσκόπως
1557 2123 1649 2174 καὶ

37 2213 262 2276 ἁπλῶς
314 2213 590 2282 γινόμενα,
647 2212 900 2281 οὐδεμίαν
949 2212 1168 2278 εὔλογον
1224 2211 1333 2280 ἔχει
1365 2212 1642 2283 διαίρεσιν

33 2303 161 2354 τῶν
195 2303 264 2354 δὲ
285 2303 377 2353 ὲπί
404 2319 453 2352 τι
482 2301 578 2371 τὴν
606 2302 880 2371 ἀναφορὰν
906 2302 1156 2370 ἐχόντων,
1203 2301 1295 2353 καί
1335 2319 1474 2363 τινος
1506 2320 1648 2369 γινο-

43 2395 254 2461 μένων
284 2395 463 2463 χάριν,
496 2394 564 2444 τά
597 2393 694 2463 μὲν
719 2393 857 2444 κατά
889 2393 1068 2460 φύσιν,
1103 2393 1168 2443 τὰ
1219 2392 1274 2442 δὲ
1324 2393 1460 2446 κοιτά
1493 2393 1646 2460 λόγον

38 2485 309 2566 γίνεται.
337 2484 416 2534 Τά
442 2500 499 2534 τε
528 2484 635 2551 γὰρ
688 2483 847 2550 φύσιν
883 2483 1058 2535 αἰτίαν
1113 2483 1302 2551 ἔχοντα
1352 2485 1447 2552 τῆς
1498 2485 1645 2549 γενέ-

43 2593 203 2638 σεως
236 2579 381 2630 κατά
402 2595 549 2640 τινας
588 2577 850 2648 ἀριθμοὺς
885 2577 975 2626 καὶ
1009 2573 1158 2638 τάξιν
1185 2574 1489 2644 ὡρισμὲνην
1521 2574 1642 2644 πρό-

39 2684 203 2720 εισιν
230 2669 326 2721 έςτέ
352 2688 400 2720 τι
431 2669 600 2731 τέλος,
622 2672 678 2722 ἐν
780 2670 1035 2736 γινόμενα
1060 2666 1152 2718 τοῦ
1180 2665 1420 2733 γίνεσθαι
1454 2667 1643 2718 παύον-

40 2777 168 2820 ται,
210 2762 262 2811 εἰ
291 2762 362 2830 μή
393 2779 440 2811 τι
469 2762 648 2821 αὐτοῖς
678 2759 867 2811 ὲνστάν
900 2757 1146 2827 ἐμποδὼν
1179 2758 1377 2824 γίνοιτο
1406 2760 1470 2827 τῇ
1504 2758 1642 2811 κατὰ

41 2850 232 2916 φύσιν
271 2851 446 2902 αὐτῶν
479 2852 570 2902 ἐπὶ
595 2851 653 2901 τὸ
678 2850 1031 2917 προκείμενον
1073 2849 1194 2917 ὁδῷ.
1264 2848 1420 2899 Ἀλλά
1447 2849 1539 2899 καὶ
1574 2848 1640 2900 τὰ

45 2941 206 2992 κατὰ
257 2942 414 3009 λόγον
461 2943 721 3009 γινόμενα
757 2941 866 3009 ἔχει
897 2957 947 2991 τι
977 2940 1147 3001 τέλος.
1209 2940 1373 2990 Οὐδὲν
1435 2939 1541 3008 γὰρ
1566 2939 1641 3001 ὡς

45 3032 227 3101 ἔτυχε
268 3032 377 3083 τῶν
411 3031 551 3084 κατά
577 3031 732 3097 λόγον
784 3030 1078 3100 γινομένων
1133 3028 1355 3097 γίνεται,
1398 3028 1510 3079 ἀλλ’
1550 3029 1640 3080 ἐπί

47 3139 188 3174 τινα
224 3123 425 3174 σκοπὸν
460 3126 491 3192 ἡ
527 3123 773 3193 ἀναφορά
805 3123 966 3174 πᾶσιν
995 3120 1192 3181 αὐτοῖς.
1227 3121 1379 3170 Ἔστι
1412 3119 1466 3170 δὲ
1498 3119 1639 3171 κατά

47 3213 226 3279 λόγον
252 3212 650 3281 γινόμενα,ὃσα
679 3211 782 3264 ὑπὸ
824 3210 929 3262 τῶν
975 3209 1267 3262 ποιούντων
1315 3206 1452 3258 αὐτὰ
1494 3207 1636 3272 γίνε-

53 3319 172 3364 ται,
205 3301 575 3370 λογιζομένων
625 3301 680 3351 δὲ
715 3301 841 3371 περὶ
898 3299 1096 3360 αὐτῶν,
1139 3299 1232 3350 καὶ
1264 3296 1634 3360 συντιθέντων,

53 3393 186 3444 καθ’
222 3392 284 3444 ὃν
310 3392 374 3445 ἂν
408 3393 606 3460 τρόπον
635 3392 865 3457 γένοιτο,
888 3391 1030 3458 οὕτω
1053 3391 1279 3457 γίνεται·
1316 3389 1384 3441 τά
1403 3405 1461 3439 τε
1497 3387 1636 3439 κατά

54 3484 160 3545 τὰς
188 3483 388 3552 τέχνας
439 3483 696 3550 γινόμενα
741 3471 1067 3542 πάνταγίκαί
1103 3481 1240 3532 κατά
1287 3479 1630 3548 προαίρεσιν·

56 3577 94 3628 ἃ.
122 3578 382 3647 διαφέρει
411 3576 517 3627 τῶν
545 3573 839 3642 γινομένων
886 3569 1064 3639 φύσει,
1105 3570 1179 3638 τῷ
1221 3569 1288 3622 τὰ
1336 3571 1433 3639 μὲν
1480 3568 1635 3636 φύσει

56 3667 332 3735 γινόμενα
363 3666 418 3716 ἐν
445 3664 622 3723 αὐτοῖς
646 3660 786 3728 ἔχειν
806 3654 910 3727 τὴν
932 3660 1104 3728 ἀρχήν
1131 3676 1189 3710 τε
1213 3660 1304 3711 καὶ
1342 3659 1438 3719 τὰς
1462 3656 1636 3718 αἰτίας

55 3754 164 3821 τῆς
186 3753 447 3823 τοιαύτης
473 3752 733 3820 γενέσεως
763 3748 1034 3819 (τοιοῦτον
1078 3748 1183 3817 γὰρ
1227 3748 1258 3815 ἡ
1310 3747 1510 3815 φύσις)·
1544 3747 1635 3797 καὶ

59 3842 318 3909 γίνεσθαι
354 3843 452 3911 μὲν
491 3841 629 3894 κατά
656 3839 806 3904 τάξιν
834 3839 977 3904 τινὰ,
1006 3839 1066 3890 οὐ
1115 3837 1219 3906 μὴν
1246 3837 1344 3905 τῆς
1383 3838 1636 3905 ποιούσης

61 3935 212 3988 αὐτὰ
241 3933 455 4001 φύσεως
481 3934 678 4001 ὁμοίως
708 3935 825 3994 ταῖς
853 3931 1067 4000 τέχναις
1108 3927 1349 3996 λογισμῷ
1377 3928 1502 3996 περὶ
1541 3927 1637 3979 αύ-

61 4025 177 4078 τῶν
209 4025 517 4096 χρωμένης·
545 4025 613 4076 τά
641 4024 696 4075 δὲ
721 4024 979 4092 γινόμενα
1034 4019 1173 4071 κατά
1203 4018 1394 4087 τέχνην
1449 4035 1506 4069 τε
1541 4018 1634 4068 καὶ

68 4117 416 4187 προαίρεσιν,
446 4114 642 4178 ἔξωθεν
666 4115 776 4183 ἔχει
801 4115 899 4183 τὴν
917 4112 1091 4182 ἀρχὴν
1116 4113 1212 4177 τῆς
1236 4110 1515 4177 κινήσεως,
1543 4109 1635 4159 καὶ

63 4208 167 4277 τὴν
196 4208 379 4260 αἰτίαν
408 4207 503 4277 τὴν
529 4206 802 4260 ποιοῦσαψ
839 4205 950 4257 ἀλλ’
982 4204 1081 4254 οὐκ
1103 4204 1158 4252 ὲν
1192 4200 1371 4260 αὐτοῖς
1397 4199 1488 4249 καὶ
1534 4198 1633 4275 τῆς

70 4297 344 4363 γενέσεως
366 4297 542 4348 αὐτῶν
569 4298 598 4347 ὁ
629 4295 718 4349 τοῦ
739 4295 1014 4354 ποιοῦντος
1048 4293 1259 4360 ἡγεῖται
1299 4289 1424 4356 περὶ
1457 4287 1632 4337 αὐτῶν

70 4386 355 4456 λογισμός.
390 4387 582 4459 Τρίτον
614 4387 671 4438 δέ
702 4388 845 4438 ἐστιν
880 4388 936 4438 ὲν
971 4387 1081 4445 τοῖς
1114 4382 1271 4434 ἓνεκά
1294 4397 1382 4430 του
1416 4377 1632 4446 γινομέ-

74 4496 181 4541 νοις
207 4478 308 4529 καὶ
333 4475 402 4528 τὰ
429 4477 534 4528 ἀπὸ
559 4477 724 4545 τύχης
744 4494 801 4528 τε
826 4478 919 4528 καὶ
950 4475 1042 4527 τοῦ
1061 4473 1360 4541 αὐτομάτου
1392 4469 1633 4536 γίνεσθαι

74 4568 502 4638 πεπιστευμένα·
534 4566 704 4637 ταύτῃ
743 4568 850 4620 τῶν
884 4564 1303 4634 προηγουμένως
1336 4561 1494 4613 ἕνεκά
1539 4577 1630 4611 του
1675 4634 1680 4640 .

76 4660 376 4730 γινομένων
403 4658 740 4726 διαφέροντά,
844 4659 930 4708 ἐπ’
953 4658 1170 4708 ἐκείνων
1195 4655 1291 4724 μὲν
1318 4651 1384 4704 τὰ
1414 4650 1518 4719 πρὸ
1539 4649 1630 4701 τοῦ

76 4752 285 4815 τέλους,
322 4749 415 4804 τοῦ
443 4751 622 4810 τέλους
670 4749 826 4818 χάριν
859 4749 1082 4814 γίνεται·
1114 4747 1205 4797 ἐπὶ
1248 4745 1303 4795 δὲ
1335 4741 1534 4793 τούτων
1569 4740 1635 4792 τὰ

83 4844 176 4895 ιιὲν
207 4843 466 4912 γινόμενα
511 4841 614 4912 πρὸ
654 4838 745 4890 τοῦ
797 4839 976 4897 τέλους
1002 4838 1159 4889 ἄλλου
1195 4835 1350 4904 χάριν
1407 4831 1631 4897 γίνεται,

82 4934 294 5002 ἀπαντᾷ
313 4933 372 4983 δὲ
399 4934 578 4993 αὐτοῖς
608 4930 764 4982 ἄλλου
798 4928 952 4998 χάριν
995 4928 1314 4995 γινομένοις,
1358 4923 1432 4982 ὡς
1463 4921 1632 4982 τέλος,

81 5024 137 5073 τὸ
167 5023 488 5091 αὐτομάτως
509 5039 567 5073 τε
601 5022 693 5074 καὶ
726 5021 830 5071 ἀπὸ
864 5018 1030 5086 τύχης
1063 5017 1302 5082 γίνεσθαι
1329 5011 1630 5077 λεγόμενον.

84 5114 298 5167 Τούτων
327 5114 383 5164 δὲ
408 5114 573 5175 οὕτως
606 5115 853 5182 ἐχόντων,
894 5110 985 5164 καὶ
1035 5111 1245 5161 πάντων
1277 5106 1381 5157 τῶν
1417 5103 1632 5169 γινομέ-

84 5223 182 5258 νων
215 5205 298 5265 εἰς
316 5203 532 5265 τούτους
551 5207 673 5267 τοὺς
697 5207 946 5274 τρόπους,
972 5199 1364 5268 νενεμημένων,
1414 5194 1635 5246 ἀκόλου-

86 5295 168 5351 θον
200 5297 298 5350 ἐπὶ
329 5312 530 5356 τούτοις
565 5295 709 5354 ἰδεῖν,
742 5299 796 5346 ὲν
829 5294 930 5344 τίνι
955 5292 1060 5344 τῶν
1117 5287 1405 5356 ποιητικῶν
1452 5283 1634 5334 αἰτίων

87 5389 184 5459 χρὴ
216 5386 420 5439 τιθέναι
448 5387 537 5454 τὴν
563 5385 912 5454 εἱμαρμένην.
938 5380 1082 5451 τΑρά
1105 5399 1165 5446 γε
1202 5383 1255 5430 ὲν
1294 5379 1401 5438 τοῖς
1429 5374 1634 5436 οὐδενὸς

89 5479 389 5548 γινομένοις
413 5476 564 5546 χάριν
589 5493 602 5540 ;
632 5475 664 5544 ἢ
694 5474 846 5526 τοῦτο
897 5473 992 5540 μὲν
1040 5464 1374 5522 παντάπασιν
1419 5465 1631 5529 ἄλογονς

90 5570 166 5620 ἀεὶ
219 5567 334 5636 γὰρ
365 5568 451 5619 ἐπὶ
504 5566 685 5627 τέλους
734 5564 871 5625 τινος
897 5563 971 5631 τῷ
1021 5563 1118 5628 τῆς
1167 5558 1496 5629 εἱμαρμένης
1524 5555 1634 5606 ὀνό-

94 5674 215 5728 ματι
246 5655 524 5726 χρώμεθα,
550 5656 667 5709 καθ’
692 5654 1021 5724 εἱμαρμένην
1040 5668 1097 5701 τε
1121 5650 1248 5702 αὐτὸ
1276 5649 1514 5715 λέγοντες
1551 5662 1574 5681 ν
1591 5662 1631 5693 ;-

151 5760 181 5788 ι
222 5745 317 5799 la.
345 5744 449 5800 οὖν.

567 5843 824 5901 Ρλτιιοι.
864 5838 976 5898 Gn.
1010 5835 1152 5895 XXI
1163 5882 1174 5895 .

1761 574 1954 627 clioata
1981 582 2158 629 statua
2189 573 2400 628 fuisset.
2433 573 2534 629 Tot
2569 590 2698 644 ergo
2737 591 2858 629 cum
2895 575 3002 629 sint
3033 577 3322 646 principio-

1761 679 1879 716 rum
1923 680 2140 732 genera,
2191 680 2423 733 quorum
2477 665 2768 718 discrimen
2815 666 3012 719 nemini
3055 682 3162 718 non
3201 682 3319 735 per-

1731 752 2009 820 spicuum
2042 763 2145 815 est,
2191 753 2360 807 fatum
2394 755 2532 807 inter
2570 753 2859 808 efﬁcientia
2907 754 3029 824 jurc
3077 757 3319 810 censebi-

1759 861 1902 907 mus,
1935 861 2056 898 curn
2094 846 2147 898 in
2194 846 2354 899 rebus
2396 846 2482 908 iis,
2522 860 2642 914 quae
2675 844 2788 898 fato
2833 844 2989 908 ﬁunt,
3034 861 3155 899 cum
3202 856 3316 902 arte

1759 938 2007 990 statuarii
2043 938 2393 1006 proportione
2421 945 2786 1004 comparetur.
2830 935 2944 991 Hoc
2983 947 3160 990 autem
3191 953 3314 991 cum

1759 1028 1829 1080 ita
1880 1043 1938 1080 se
1985 1029 2210 1089 habeat,
2261 1037 2680 1080 consentaneum
2731 1025 2893 1080 fuerit
2938 1028 3003 1080 de
3036 1028 3315 1097 principiis

1756 1118 2113 1172 efﬁcientibus
2135 1119 2551 1187 disputationem
2603 1118 2901 1172 instituere.
2934 1116 3024 1172 Sic
3055 1120 3197 1172 enim
3235 1119 3285 1172 fa

1755 1213 1910 1265 cilius
1939 1211 2285 1281 intelligetur,
2330 1213 2666 1276 omniumne,
2701 1227 2819 1280 quae
2842 1211 2995 1274 ﬁunt,
3024 1212 3311 1278 assignan-

1753 1305 1820 1357 da
1861 1303 1971 1357 fato
2003 1320 2165 1358 causa
2200 1305 2290 1365 sit,
2321 1318 2386 1355 an
2412 1302 2531 1356 aliis
2561 1302 2724 1372 269
2741 1311 2996 1371 praetcrea
3029 1303 3310 1354 nonnullis

1753 1397 2175 1458 concedendum,
2202 1403 2259 1448 ut
2280 1393 2565 1448 efﬁcientia
2594 1409 2773 1447 rerum
2798 1394 3149 1460 quarumdam
3170 1395 3312 1461 prin-

1753 1489 1889 1556 cipia
1924 1498 2265 1541 censeantur.
2299 1485 2613 1539 Aristotcles
2654 1485 2837 1552 igitur,
2872 1501 2994 1538 cum
3037 1485 3303 1547 omnium,

1752 1594 1872 1647 quae
1903 1578 2056 1642 ﬁunt,
2082 1578 2423 1646 partitionem
2452 1575 2777 1637 institueret,
2809 1575 3067 1628 nonnulla
3091 1575 3301 1644 quidem

1754 1671 1984 1740 alicujus
2019 1673 2090 1724 rei
2117 1671 2288 1740 gratia
2328 1670 2442 1724 ﬁeri
2477 1670 2678 1729 docuit,
2726 1685 2850 1721 cum
2896 1668 3135 1736 ipsorum
3173 1670 3305 1721 arti—

1752 1763 1834 1815 fici
1865 1777 2061 1830 scopus
2086 1762 2264 1830 operis
2304 1761 2522 1830 quidam
2557 1769 2640 1813 est
2674 1759 2905 1827 ﬁnisque
2949 1760 3301 1826 propositus:

1749 1853 1852 1904 alia
1892 1868 2019 1904 vero
2050 1852 2269 1915 nullius,
2312 1851 2615 1919 cujusmodi
2644 1857 2791 1910 sunt,
2823 1836 3158 1917 quacunque
3203 1863 3303 1900 au-

1745 1953 1866 1997 ctor
1922 1943 2072 1996 nullo
2138 1941 2368 1996 consilio
2406 1937 2649 2002 fecerit,
2706 1940 3021 2006 nullumque
3079 1938 3302 2006 proinde

1748 2042 1954 2088 certum
1993 2033 2057 2086 ad
2107 2033 2266 2086 ﬁnem
2321 2033 2709 2101 propriumque
2754 2029 3017 2082 retulerit.
3062 2027 3300 2096 Exempli

1746 2140 1910 2178 causa
1943 2125 2126 2192 paleas
2161 2123 2321 2176 modo
2366 2123 2620 2187 retinere,
2655 2121 2815 2175 modo
2842 2134 3090 2186 versare;
3131 2122 3301 2190 capil—

1748 2218 1827 2271 los
1872 2218 1949 2270 vel
1999 2226 2284 2270 attrectare
2325 2217 2406 2269 vel
2440 2216 2749 2279 extcndere,
2786 2229 3011 2284 quaeque
3053 2220 3178 2267 sunt
3207 2229 3299 2282 ge-

1747 2307 1891 2360 neris
1921 2306 2182 2375 ejusdem.
2225 2303 2361 2358 Nam
2411 2307 2511 2359 ista
2555 2321 2772 2375 quoque
2801 2306 2915 2358 fieri
2955 2304 3298 2372 perspicuum

1745 2408 1846 2463 est,
1870 2400 2026 2452 ﬁnem
2064 2382 2242 2450 tamen
2276 2412 2359 2456 ea,
2397 2412 2706 2459 causamve,
2745 2397 2903 2460 cujus
2929 2397 3098 2466 gratia
3137 2396 3295 2455 ﬁant,

1743 2489 1944 2541 nullam
1991 2487 2206 2540 habent.
2250 2484 2442 2539 Verum
2479 2487 2579 2538 hoc
2611 2501 2792 2538 rerum
2825 2501 3012 2554 genus,
3047 2486 3186 2552 quod
3216 2487 3299 2538 in-

1742 2581 2084 2637 considerate
2119 2595 2179 2632 ac
2208 2588 2407 2631 temere
2432 2578 2543 2642 ﬁat,
2576 2592 2751 2630 causa:
2790 2577 2921 2628 nihil
2964 2588 3068 2637 est,
3109 2593 3206 2629 cur
3232 2577 3297 2630 de

1741 2671 2022 2726 statuenda
2060 2668 2316 2738 peculiari
2351 2668 2469 2735 ejus
2496 2676 2619 2718 nota
2649 2674 2700 2717 et
2728 2665 2936 2717 ratione
2959 2665 3292 2718 laboremus.

1740 2762 1870 2828 Quae
1900 2776 2026 2814 vero
2049 2760 2114 2811 ad
2149 2759 2277 2812 certi
2312 2757 2587 2826 quidpiam
2619 2754 2950 2814 referuntur,
2985 2763 3036 2805 et
3062 2755 3293 2822 alicujus

1740 2855 1908 2924 gratia
1939 2852 2092 2914 ﬁunt,
2126 2851 2318 2903 borum
2372 2849 2474 2900 alia
2530 2855 2736 2899 naturae
2783 2845 2945 2898 ductu
2985 2844 3143 2906 ﬁunt,
3190 2845 3292 2897 alia

1741 2944 1986 2998 rationis.
2015 2941 2148 2994 Nam
2181 2951 2233 2994 et
2267 2956 2387 3008 qua:
2420 2937 2718 2992 naturalem
2761 2945 2910 2989 ortus
2949 2934 3030 2987 sui
3073 2950 3292 2988 causam

1741 3036 1959 3097 habent,
2005 3048 2067 3088 ea
2095 3034 2258 3086 certis
2300 3029 2624 3098 quibusdam
2661 3030 2920 3089 numeris,
2946 3037 3192 3097 statuque
3233 3043 3295 3081 ac

1666 3151 1709 3205 ο
1738 3127 1962 3181 deﬁnito
2008 3123 2198 3177 ordine
2256 3119 2583 3189 singularem
2626 3119 2690 3171 ad
2737 3119 2897 3172 ﬁnem
2950 3119 3290 3186 perveniunt,

1737 3230 1897 3287 quem
1939 3212 2026 3264 ubi
2070 3218 2332 3269 assecuta
2389 3217 2534 3270 sunt,
2580 3217 2692 3261 tum
2736 3208 2952 3260 demum
2993 3209 3106 3262 ﬁeri
3151 3209 3292 3260 desi—

1737 3314 1907 3366 nunt;
1942 3299 2045 3354 nisi
2073 3299 2201 3367 quid
2227 3298 2292 3350 iis
2329 3309 2600 3362 occurrat,
2640 3297 2785 3364 quod
2814 3296 3114 3348 naturalem
3144 3295 3292 3364 ipso-

1737 3412 1855 3450 rum
1897 3395 1962 3448 ad
2000 3394 2074 3456 id,
2106 3391 2250 3461 quod
2293 3391 2395 3444 sibi
2432 3381 2767 3458 prepositum
2802 3397 2902 3454 est,
2931 3403 3151 3441 cursum
3185 3389 3286 3439 im-

1736 3487 1934 3557 pediat.
1991 3483 2249 3537 Similiter
2302 3495 2421 3549 quae
2471 3480 2678 3532 ratione
2729 3478 2881 3542 ﬁunt,
2930 3477 3164 3534 aliquem
3223 3476 3288 3528 ad

1735 3579 1896 3633 ﬁnem
1946 3582 2208 3643 spectant.
2247 3570 2389 3624 Nihil
2425 3570 2592 3630 enim,
2625 3568 2766 3634 quod
2802 3569 3010 3620 ratione
3057 3567 3168 3631 ﬁat,
3209 3574 3289 3618 te-

1737 3683 1882 3723 mere
1915 3649 2029 3720 ﬁeri
2067 3675 2258 3733 potest.
2306 3662 2578 3730 Quidquid
2609 3660 2873 3724 ejusmodi
2920 3669 3022 3721 est,
3066 3655 3286 3725 seopum

1737 3761 1800 3813 ad
1833 3759 2067 3824 aliquem
2115 3753 2378 3806 referatur
2413 3767 2633 3805 necesse
2675 3761 2777 3804 est.
2812 3749 2929 3801 Jam
2983 3764 3041 3801 ea
3081 3750 3286 3802 ratione

1737 3847 1852 3900 ﬁeri
1890 3844 2165 3905 dicuntur,
2206 3855 2326 3908 qua:
2373 3839 2488 3892 suis
2530 3840 2596 3890 ab
2641 3839 2971 3898 auctoribus,
3022 3838 3284 3902 quemad-

1737 3936 1953 3990 modum
1983 3933 2218 4000 quidque
2249 3929 2361 3981 ﬁeri
2400 3927 2611 3990 debeat,
2662 3934 2915 3980 accurate
2957 3939 3137 3977 secum
3170 3940 3283 3978 ma-

1736 4039 1959 4095 tureque
1987 4018 2718 4093 cogitantibus,efficiuntur.
2762 4017 2935 4083 Atque
2975 4015 3281 4081 hujusmodi

1735 4127 1879 4180 sunt,
1911 4131 2031 4168 cum
2062 4128 2145 4176 ea,
2182 4126 2303 4178 quae
2344 4110 2474 4173 artis
2505 4105 2972 4175 prreceptionibus,
3013 4113 3122 4155 tum
3165 4120 3283 4171 qua:

1734 4208 2007 4261 voluntate
2051 4201 2386 4268 consilioque
2429 4198 2582 4249 ﬁunt.
2617 4195 2883 4248 Caeterum
2921 4195 3033 4246 inec
3069 4196 3203 4246 inter
3234 4205 3283 4245 ct

1735 4314 1794 4350 ca
1823 4312 1941 4364 qua:
1983 4302 2229 4345 naturam
2255 4297 2574 4356 sequuntur,
2605 4285 2707 4337 hoc
2733 4283 2982 4346 interest;
3017 4283 3156 4352 quod
3196 4283 3280 4333 illa

1736 4385 2058 4456 principium
2111 4383 2161 4433 in
2215 4396 2271 4433 se
2320 4380 2451 4448 ipsis
2492 4387 2644 4430 ortus
2692 4377 2772 4428 sui
2808 4390 3109 4441 causasque.
3158 4390 3280 4440 pm-

1666 4477 1708 4528 D
1737 4480 1882 4546 prias
1913 4476 2140 4529 habeant
2167 4474 2307 4543 (talis
2339 4473 2480 4525 enim
2512 4487 2575 4524 ex
2603 4485 2720 4523 sese
2749 4479 2938 4520 natura
2966 4465 3094 4532 est);
3130 4479 3278 4514 cum-

1733 4583 1836 4636 que
1863 4575 2009 4619 certo
2044 4564 2274 4631 quodam
2315 4561 2502 4615 ordine
2546 4560 2659 4612 fieri
2693 4559 2921 4620 soleant,
2967 4568 3152 4606 eorum
3192 4562 3275 4602 ta—

1735 4673 1855 4709 men
1893 4654 2127 4708 effectrix
2174 4661 2386 4715 natura,
2440 4666 2545 4703 non
2595 4649 2704 4713 jam
2747 4642 3179 4702 ratiocinatione,
3222 4653 3278 4693 ut

1735 4747 1794 4800 ﬁt
1832 4748 1882 4798 in
1916 4745 2139 4809 artibus,
2171 4743 2223 4795 in
2260 4742 2448 4794 iisdem
2480 4738 2777 4792 efficiendis
2811 4745 3024 4787 utatur:
3075 4742 3127 4785 at
3161 4749 3278 4801 qua:

1734 4838 1818 4892 vel
1846 4847 1958 4889 arte
1990 4836 2071 4889 vel
2108 4833 2337 4888 consilio
2368 4832 2521 4893 fiunt,
2554 4830 2619 4880 iis
2661 4843 2756 4880 nec
2805 4829 2855 4878 in
2899 4842 2955 4879 se
3002 4825 3151 4894 ipsis,
3186 4825 3276 4878 sed

1735 4930 2070 4982 extrinsecus
2100 4935 2152 4978 et
2181 4931 2357 4975 motus
2393 4919 2736 4988 principium,
2774 4927 2825 4969 et
2854 4932 3015 4970 causa
3041 4916 3279 4967 efficiens

1738 5019 2036 5078 antecedat,
2071 5025 2120 5068 et
2159 5027 2345 5066 eorum
2395 5009 2659 5063 efl'ectioni
2694 5009 2931 5061 auctoris
2966 5005 3278 5058 deliberatio

1736 5117 1951 5175 praeeat.
1999 5103 2113 5156 Jam
2157 5116 2332 5153 rerum
2378 5099 2624 5162 istarum,
2677 5115 2795 5166 quae
2834 5097 3062 5163 alicujus
3107 5094 3276 5160 gratia

1737 5197 1890 5258 fiunt,
1924 5193 2136 5244 tertium
2165 5189 2432 5258 quoddam
2463 5203 2629 5253 genus
2654 5188 2810 5240 exiis
2831 5184 3129 5242 constituit,
3160 5199 3276 5248 quae

1736 5300 1865 5337 casu
1896 5298 1958 5336 ac
2006 5291 2202 5334 temere
2229 5281 2342 5333 ﬁeri
2382 5280 2705 5331 creduntur:
2745 5280 2846 5331 hoc
2892 5286 3067 5327 tamen
3118 5274 3277 5341 270

1736 5378 1804 5431 ab
1834 5377 1939 5428 illis
1974 5373 2302 5436 discrimine,
2336 5388 2475 5438 qum,
2510 5387 2615 5423 non
2652 5371 2753 5422 nisi
2787 5367 2986 5426 causis,
3036 5364 3102 5415 ob
3143 5380 3278 5432 quas

1736 5470 1882 5528 ﬁant,
1927 5464 2272 5533 antegressis,
2317 5463 2604 5525 exsistunt,
2649 5458 2790 5528 quod
2830 5458 2880 5507 in
2918 5454 3021 5507 illis
3055 5469 3174 5520 qum
3218 5453 3269 5505 ﬁ-

1734 5573 1856 5612 nem
1903 5555 2246 5615 antecedunt,
2296 5568 2357 5606 ea
2398 5566 2614 5620 quoque
2643 5549 2762 5601 ﬁnis
2810 5544 2980 5614 gratia
3026 5545 3187 5594 fiant:
3222 5543 3274 5592 in

1735 5646 1872 5708 istis,
1909 5657 2028 5712 qua:
2079 5642 2234 5693 finem
2281 5640 2745 5709 antegrediuntur,
2795 5648 2855 5686 ea
2901 5645 3020 5684 cum
3057 5629 3276 5681 alterius

1682 1821 1720 1873 Β

2929 5815 2965 5870 5

2893 5817 2921 5873 1
