3976 6340
722 450 828 506 459

1357 448 1623 506 EUSEBII
1663 448 2145 507 CASSARIENSIS
2184 452 2333 507 OPP.
2375 451 2557 507 PARS
2589 450 2651 504 Il.
2693 482 2761 492 —
2796 440 3295 507 APOLOGETICA.
3340 424 3343 425 ν

3826 442 3910 498 460

716 579 878 618 causa
918 564 1064 626 ﬁant,
1107 572 1220 617 tum
1271 553 1460 618 iisdem
1516 579 1646 618 vero
1699 564 1829 618 dum
1874 565 1947 620 ita
1988 565 2145 630 ﬁunt,
2191 568 2269 621 sic

2372 568 2601 635 γονέναι·
2633 568 2713 621 διὸ
2734 568 2926 628 ἐντοῖς
2952 562 3115 617 ἕνεκά
3149 577 3242 614 του
3285 557 3587 630 γινομένοις
3642 558 3910 626 ἀναγκαῖον

717 668 969 728 tanquam
994 659 1117 712 linis
1142 657 1440 736 quidamoid
1470 664 1740 719 occurrat,
1769 658 1912 726 quod
1950 666 2148 711 temere
2178 672 2269 710 ca-

719 765 890 817 suque
929 749 1042 802 ﬁeri
1087 749 1301 802 dicitur.
1340 747 1548 811 Quibus
1589 748 1733 800 huuc
1783 748 1833 799 in
1891 748 2108 800 modum
2137 762 2267 801 cou-

719 839 937 899 stitutis,
989 849 1147 908 atque
1177 837 1449 899 omnibus,
1482 851 1599 906 quze
1634 835 1789 900 ﬁunt,
1822 836 1923 889 hos
1957 837 2011 888 iu
2048 835 2269 889 ordines

718 945 782 984 ac
824 946 1021 998 genera
1052 929 1379 994 distributis,
1414 928 1655 997 sequitur
1691 927 1964 995 deinceps,
2004 927 2079 979 uti
2108 943 2267 996 quam

717 1022 783 1075 ad
818 1022 1206 1090 principiorum
1236 1018 1583 1074 efﬁcientium
1628 1018 1856 1073 classem
1898 1019 2140 1072 revocari
2185 1019 2267 1072 fa—

717 1120 830 1166 tum
858 1111 1049 1165 debeat
1078 1111 1378 1166 videamus.
1414 1108 1608 1162 Utrum
1642 1107 1803 1177 igitur
1830 1107 1894 1161 ad
1918 1122 2126 1171 eorum,
2152 1124 2271 1177 qua:

718 1204 921 1259 nullius
960 1206 1031 1258 rei
1068 1219 1229 1257 causa
1272 1203 1443 1257 ﬁunt?
1474 1218 1541 1255 an
1575 1202 1756 1271 potius
1794 1199 1847 1253 id
1894 1203 2054 1270 plane
2081 1202 2270 1255 absur-

717 1298 843 1351 dum
879 1296 1143 1360 videatur,
1189 1310 1313 1349 cum
1361 1302 1415 1348 et
1453 1291 1551 1346 fati
1601 1294 1818 1346 nomine
1868 1292 1935 1345 ad
1980 1291 2139 1345 ﬁnem
2172 1292 2270 1346 ali--

717 1404 875 1455 quem
935 1386 1328 1455 designandum
1377 1391 1688 1439 constanter
1739 1383 1814 1436 uti
1871 1384 2173 1450 soleamus,
2216 1392 2269 1437 et

719 1478 877 1532 ﬁnem
910 1474 1089 1547 ipsum
1123 1476 1233 1530 fato
1281 1476 1574 1545 contigisse
1617 1475 1908 1529 dicamus?
1947 1472 2131 1541 Itaque
2173 1489 2268 1527 su-

719 1578 917 1636 perest,
958 1578 1016 1622 ut
1072 1569 1125 1621 in
1184 1568 1252 1621 iis
1287 1566 1456 1619 fatum
1499 1572 1840 1628 numeretur,
1882 1579 2004 1633 quae
2042 1564 2269 1631 alicujus

720 1659 890 1729 gratia
920 1657 1073 1711 ﬁunt.
1104 1677 1122 1708 ι
1158 1655 1280 1727 Haec
1306 1658 1527 1711 totidem
1548 1655 1726 1711 verbis
1740 1656 2058 1721 Alexander,
2076 1656 2270 1727 quibus

720 1749 1019 1818 explicatis,
1058 1748 1337 1801 conﬁrmat
1370 1747 1563 1801 deinde
1624 1747 1873 1816 pluribus
1916 1745 2085 1800 fatum
2125 1748 2266 1801 aliud

722 1852 845 1893 esse
878 1837 1031 1903 nihil,
1074 1853 1235 1907 quam
1289 1853 1409 1906 qua:
1460 1846 1654 1891 natura
1700 1838 1855 1899 ﬁunt,
1904 1838 2049 1906 quod
2085 1838 2137 1891 in
2177 1838 2263 1903 iis,

722 1945 841 1998 qua:
860 1928 1171 1998 provisione
1195 1938 1380 1982 nostra
1416 1927 1755 1997 consilioque
1783 1928 2114 1998 perﬁcimus,
2137 1943 2268 1982 nus-

725 2036 885 2090 quam
919 2035 1141 2089 ea,qua‘
1172 2018 1264 2073 lati
1296 2021 1514 2088 propria
1540 2029 1642 2080 est,
1676 2020 1968 2073 necessitas
1991 2028 2263 2088 appareat.

722 2110 882 2165 Addit
921 2120 1200 2180 praeterea,
1250 2125 1436 2163 eorum
1491 2110 1909 2178 quamplurima,
1958 2124 2077 2178 qua:
2115 2119 2272 2163 natu—

722 2215 839 2254 ram
873 2207 1202 2268 sequuntur,
1232 2198 1478 2252 obicibus
1522 2198 1845 2267 quibusdam
1876 2198 2129 2264 inhiberi,
2152 2214 2272 2267 qua:

722 2299 919 2359 preter
949 2300 1201 2344 naturam
1242 2291 1425 2344 vocari
1459 2290 1688 2353 soleant,
1724 2290 2176 2360 quemadmodum
2216 2293 2271 2346 in

723 2381 791 2434 iis
834 2395 953 2448 qua:
982 2388 1097 2434 arte
1146 2380 1311 2444 ﬁunt,
1346 2390 1540 2449 praztcr
1588 2391 1754 2435 artem
1790 2383 2042 2452 pleraque
2082 2383 2271 2437 dicun—

725 2480 832 2525 tur.
867 2473 1020 2537 Quod
1056 2473 1099 2526 si
1143 2471 1306 2526 semel
1347 2481 1541 2540 praeter
1572 2481 1823 2525 naturam
1860 2472 1974 2526 ﬁeri
2013 2474 2271 2527 nonnulla

723 2563 957 2628 dabitur,
990 2563 1143 2617 detur
1172 2563 1331 2616 etiam
1373 2578 1567 2632 praeter
1598 2563 1766 2617 fatum
1808 2566 1993 2618 eadem
2027 2565 2139 2619 ﬁeri
2174 2581 2266 2620 ne-

724 2672 871 2711 cesse
893 2664 995 2720 est,
1031 2657 1076 2710 si
1108 2656 1369 2725 quidquid
1394 2667 1606 2709 natura:
1638 2657 1910 2721 tribuitur,
1934 2658 2062 2712 illud
2094 2658 2270 2727 ipsum

727 2751 828 2805 est,
856 2740 997 2809 quod
1027 2740 1137 2795 fato
1176 2744 1289 2795 ﬁeri
1322 2743 1535 2796 dicitur.
1575 2760 1592 2791 ι
1626 2740 1688 2795 Et
1715 2755 1912 2808 corpus
1952 2738 2167 2808 quidem
2198 2736 2273 2787 vi-

724 2833 935 2895 demus,
974 2832 1166 2901 inquit,
1199 2833 1341 2901 quod
1370 2835 1471 2887 hoc
1501 2833 1658 2885 illove
1689 2832 1849 2884 modo
1879 2844 1910 2882 a
1940 2837 2131 2881 natura
2160 2840 2277 2880 sese

725 2924 941 2987 habeat,
976 2924 1180 2977 morbis
1202 2924 1361 2976 etiam
1390 2933 1551 2991 atque
1580 2921 1739 2975 morti
1769 2934 1868 2988 pro
1891 2915 2119 2970 naturali
2150 2924 2275 2969 tem-

725 3016 1001 3084 peratione
1026 3014 1320 3068 obnoxium
1368 3014 1503 3067 ﬁeri.
1533 3012 1854 3079 Quanquam
1887 3024 1955 3062 ne
1983 3007 2035 3060 id
2060 3005 2275 3076 quidem

725 3106 781 3160 in
811 3107 1060 3160 omnibus
1086 3121 1151 3159 ex
1181 3120 1356 3174 aequo,
1395 3104 1476 3157 vel
1521 3101 1829 3156 necessario
1865 3101 2041 3154 locum
2076 3099 2274 3152 habet:

723 3199 869 3268 quod
897 3197 1165 3267 ejusmodi
1198 3196 1415 3250 habitus
1444 3196 1636 3265 partim
1679 3207 1807 3248 cura
1846 3200 1899 3245 et
1928 3190 2124 3255 studio,
2152 3204 2278 3259 par-
2296 3225 2337 3283 ο

722 3291 820 3347 tim
876 3290 1171 3344 mutatione
1209 3290 1417 3355 victus,
1468 3288 1664 3356 partim
1705 3285 2034 3340 medicorum
2079 3297 2277 3352 praece-

719 3383 1024 3454 ptionibus,
1058 3381 1251 3451 partim
1288 3380 1518 3449 denique
1547 3377 1730 3432 divino
1761 3375 1991 3431 consilio
2036 3372 2276 3443 superari

722 3474 1088 3544 queat.,ldem
1128 3472 1289 3526 etiam
1328 3473 1382 3524 in
1422 3472 1604 3525 animo
1638 3485 1739 3523 usu
1783 3466 1966 3521 venire
2011 3466 2180 3533 solet,
2216 3472 2278 3518 ut

722 3572 914 3634 praeter
953 3564 1275 3631 singularem
1303 3568 1509 3613 naturae
1544 3560 1650 3611 vim
1674 3565 1731 3611 et
1763 3555 2147 3618 conditionem,
2177 3566 2275 3607 va-

721 3655 816 3709 riae
833 3653 1172 3723 singulorum
1220 3650 1408 3721 agendi
1442 3649 1762 3717 vivendique
1796 3646 2052 3707 rationes,
2080 3644 2274 3713 partim

719 3743 1295 3811 exercitationeatque
1323 3742 1588 3806 doctrina,
1625 3739 1817 3808 partim
1853 3735 2272 3806 sapientioribus

716 3837 957 3893 consiliis
1007 3836 1254 3890 meliores
1307 3834 1456 3887 ﬁant.
1516 3834 1700 3901 Itaque
1761 3844 1885 3884 cum
1937 3828 2003 3882 de
2055 3828 2277 3881 Socrate

719 3928 1041 3995 philosopho
1076 3924 1315 3993 Zopyrus
1353 3923 1785 3993 Physiognomon
1826 3919 2000 3972 aliena
2026 3916 2270 3986 quaedam

714 4030 770 4073 et
813 4017 1100 4086 plurimum
1158 4031 1186 4067 a
1242 4016 1478 4067 Socratis
1516 4013 1763 4065 instituto
1805 4010 2036 4078 vitaeque
2079 4022 2274 4077 genere

720 4090 1082 4159 discrepantia
1112 4092 1453 4159 conjecisset,
1501 4106 1676 4159 eaque
1722 4094 1788 4145 de
1820 4108 2004 4156 causa,
2048 4097 2161 4147 risu
2202 4095 2270 4148 ab

720 4179 787 4233 iis
820 4180 912 4249 qui
952 4195 1072 4234 cum
1117 4178 1339 4234 Socrate
1384 4188 1557 4245 erant,
1604 4189 1859 4249 exceptus
1898 4193 2071 4247 esset,
2109 4200 2272 4254 nega-

720 4267 797 4319 vit
821 4266 1068 4345 So_crates
1095 4270 1360 4339 Zopyrum
1389 4268 1529 4334 falli;
1566 4268 1721 4321 talem
1748 4270 1890 4322 enim
1920 4286 2039 4324 sese
2065 4281 2272 4326 naturas

722 4357 876 4425 271
916 4359 963 4410 vi
994 4356 1229 4411 futurum
1259 4375 1399 4425 esse,
1436 4360 1537 4413 uisi
1568 4359 1921 4428 philosophiae
1948 4361 2139 4415 studiis
2173 4379 2269 4416 ua-

721 4458 853 4501 turze
894 4448 1022 4501 vitia
1066 4460 1389 4516 superasset.
1435 4468 1453 4499 ι
1479 4449 1651 4517 Atque
1679 4449 1982 4517 liujusmodi
2014 4466 2076 4503 ea
2121 4460 2269 4517 sunt,

2370 658 2572 711 τιθέναι
2602 658 2699 729 τὴν
2731 655 3122 728 εἱμαρμένην.»
3158 649 3339 704 Ταῦτα
3391 650 3574 711 αὐτοῖς
3619 648 3843 719 ῥήμασιν
3890 652 3909 699 ὁ

2373 746 2737 818 προδηλωθεὶς
2766 746 2901 816 ἀνὴρ
2931 742 3138 805 διελὼν,
3189 740 3275 793 διὰ
3315 739 3571 793 πλειόνων
3624 740 3754 811 ἑξῆς
3809 755 3909 791 συν-

2373 840 2579 910 ίστησιν
2617 837 2724 889 οὐδ’
2746 836 2872 891 ἄλλο
2905 853 2957 888 τι
2989 832 3244 903 εἶναιτὴν
3262 818 3603 902 εἱμαρμένην
3631 831 3665 901 ἢ
3700 830 3769 883 τὰ
3796 831 3909 882 κατὰ

2370 930 2526 999 φύσιν
2546 929 2819 998 γινόμενα’
2854 926 2927 997 μὴ
2955 924 3063 996 γάρ
3084 924 3141 976 ἐν
3177 924 3289 985 τοῖς
3335 920 3475 975 κατὰ
3518 920 3777 990 λογισμὸν
3801 920 3909 990 ήμέο

2368 1035 2543 1089 τερον,
2577 1018 2830 1073 καὶκατὰ
2855 1017 3049 1087 τέχνην
3099 1013 3549 1084 ἐπιτελουμένοις,
3584 1011 3686 1082 τὴν
3723 1011 3818 1080 τῆς
3848 1012 3910 1063 εἰ·

2373 1109 2653 1181 μαρμένης
2686 1110 2930 1178 ἀνάγκην
2960 1104 3389 1176 ὲπιθεωρεῖσθαι.
3416 1105 3553 1176 Φησὶ
3580 1104 3639 1156 δὲ
3664 1103 3774 1156 τῶν
3796 1104 3911 1157 κατὰ

2370 1198 2525 1266 φύσιν
2552 1198 2775 1251 πλεῖστα
2807 1195 3186 1267 ἐμποδίζεσθαι
3237 1193 3570 1264 συμϐαίνειν,
3615 1192 3654 1247 ἃ
3697 1192 3789 1245 καὶ
3831 1208 3911 1245 κα-

2369 1288 2571 1341 λεῖσθαι
2606 1288 2758 1359 παρὰ
2809 1287 2985 1357 φύσιν,
3036 1285 3223 1357 ὥσπερ
3276 1284 3370 1337 καὶ
3398 1285 3455 1336 ὲν
3508 1286 3624 1347 τοῖς
3660 1282 3801 1337 κατὰ

2366 1379 2559 1448 τέχνην
2592 1381 2657 1432 τά
2692 1379 2841 1450 παρὰ
2894 1380 2990 1448 τὴν
3020 1377 3214 1447 τέχνην
3264 1375 3532 1443 λέγεσθαι.
3588 1375 3655 1428 Et
3704 1374 3761 1427 δὲ
3798 1372 3910 1435 ὅλως

2369 1470 2517 1541 παρὰ
2548 1470 2607 1522 τὸ
2635 1470 2775 1523 κατά
2827 1470 3002 1538 φύσινΔ
3030 1467 3237 1537 γίνεταί
3294 1486 3433 1531 τινα,
3479 1466 3677 1535 γένοιτ’
3734 1462 3910 1520 ἄνκαὶ

2370 1558 2519 1630 παρά
2540 1560 2637 1630 τὴν
2662 1561 3017 1630 εἱμαρμένην,
3046 1560 3202 1630 εῐπερ
3247 1559 3315 1611 τὰ
3347 1557 3485 1611 κατὰ
3537 1558 3724 1625 φύσιν,
3758 1555 3907 1610 ταῦτά

2370 1649 2483 1701 ἐστι
2543 1648 2612 1702 τὰ
2645 1650 2763 1703 καθ’
2791 1650 3154 1721 εἱμαρμένην,
3189 1668 3208 1700 ‹
3257 1647 3500 1720 Ὀρῶμεν
3548 1647 3703 1715 γοῦν,
3747 1648 3907 1717 φησιν,

2368 1739 2448 1791 ὅτι
2493 1741 2583 1793 καὶ
2603 1741 2662 1793 τὸ
2705 1741 2881 1810 σῶμα,
2918 1740 3011 1811 ’τῴ
3077 1739 3277 1792 τοιόνδε
3330 1738 3363 1809 ἢ
3398 1738 3595 1792 τοιόνδε
3652 1733 3787 1790 εἶναι
3827 1736 3908 1805 τὴν

2370 1829 2549 1899 φύσιν,
2585 1831 2639 1883 ὲν
2692 1831 2857 1894 νόσοις
2903 1830 2997 1883 καὶ
3050 1828 3275 1901 φθοραῖς
3307 1828 3612 1891 ἀκολούθως
3638 1830 3706 1898 τῇ
3732 1830 3906 1897 φυσικῇ

2298 1893 2342 1952 Β
2372 1893 2697 1974 καταστάσει
2725 1921 2951 1989 γίνεται.
2987 1893 3192 1991 Οὺῡμὴν
3218 1921 3416 1992 ὁμοίως
3445 1921 3536 1973 ἐπὶ
3558 1893 3907 1977 πάντωνοὺδξ

2368 2012 2426 2077 ἐξ
2456 2012 2714 2079 ἀνάγκης·
2774 2010 2955 2063 ἱκαναὶ
3011 2011 3118 2082 γάρ
3169 2009 3461 2082 ἐκκροῦσαι
3519 2007 3780 2070 πολλάκις
3828 2006 3908 2077 τὴν

2368 2101 2569 2154 τοιάνδε
2598 2100 2708 2165 ἕξιν
2768 2101 3097 2169 ἐπιμέλειαι,
3158 2102 3251 2154 καὶ
3292 2100 3422 2171 βίων
3479 2098 3805 2167 ὑπαλλαγαὶ,
3833 2098 3908 2150 καὶ

2370 2191 2688 2263 προστάξεις
2723 2194 2937 2263 ἰατρῶν,
2993 2194 3088 2246 καὶ
3120 2193 3440 2265 συμὸουλίαι
3496 2194 3656 2248 θεῶν.
3695 2193 3841 2246 Κατὰ
3862 2191 3906 2244 δὲ

2368 2282 2457 2334 τὸν
2483 2283 2643 2336 αὐτὸν
2688 2283 2883 2355 τρόπον
2921 2285 3013 2336 καὶ
3057 2286 3150 2337 ἐπὶ
3186 2286 3284 2355 τῆς
3330 2284 3506 2355 ψυχῆς
3556 2284 3708 2357 εὖροι
3752 2301 3828 2346 τις
3855 2283 3906 2337 ἂν

2370 2371 2520 2442 παρὰ
2551 2373 2649 2444 τὴν
2676 2373 2906 2444 φυσικὴν
2936 2374 3279 2447 κατασκευὴν
3305 2375 3593 2446 διαφόρους
3644 2377 3701 2428 ὲν
3722 2375 3907 2444 ἑκάστῳ

2371 2464 2715 2534 προαιρέσεις
2763 2466 2855 2517 καὶ
2898 2464 3123 2535 πράξεις
3182 2465 3275 2517 καὶ
3317 2466 3483 2535 βίους,
3536 2464 3595 2529 ἐξ
3651 2466 3906 2537 ἀσκήσεως

2372 2553 2467 2606 καὶ
2499 2554 2604 2606 άπὸ
2633 2554 2984 2625 μαθημάτων,
3020 2556 3113 2607 καὶ
3154 2556 3261 2608 ἀπὸ
3283 2555 3453 2623 λόγων
3476 2556 3794 2627 κρειττόνων
3817 2556 3905 2626 βελο

2367 2645 2681 2715 τιουμένων.
2710 2647 2966 2709 Εἰπόντος
2998 2648 3126 2714 γοῦν
3188 2663 3314 2699 ποτε
3357 2646 3449 2699 τοῦ
3492 2648 3903 2719 Φυσιογνὼμονος

2371 2737 2497 2806 περὶ
2524 2736 2617 2788 τοῦ
2651 2737 2968 2806 Σωκράτους
2992 2737 3083 2791 τοῦ
3110 2737 3395 2813 φιλοσόφου
3442 2738 3618 2792 ἄτοπά
3658 2756 3797 2803 τινα,
3827 2738 3903 2791 καὶ

2370 2826 2615 2878 πλεῖστον
2664 2827 2946 2895 ἀφεστῶτα
3009 2828 3109 2898 τῆς
3179 2828 3550 2899 προαιρέσεως
3605 2828 3767 2882 αὐτοῦ
3823 2830 3901 2897 τῆς

2369 2915 2508 2968 κατὰ
2552 2916 2641 2968 τὸν
2676 2916 2807 2986 βίον,
2859 2918 2952 2971 καὶ
2986 2918 3076 2971 ἐπὶ
3122 2919 3327 2982 τούτοις
3360 2919 3462 2971 ὑπὸ
3491 2919 3595 2983 τῶν
3633 2920 3757 2988 περὶ
3808 2920 3901 2971 Σωο

2370 3004 2575 3074 κράτην
2623 3005 3086 3073 καταγελωμένου,
3147 3005 3295 3057 οὐδὲν
3336 3000 3490 3059 εἶπεν
3545 3007 3574 3057 ό
3635 3002 3900 3075 Σωκράτης

2370 3091 2629 3160 ἐσφάλθαι
2658 3093 2748 3145 τὸν
2777 3091 3051 3164 Ζώπυρον⁹
3081 3088 3148 3163 ἦν
3179 3092 3287 3163 γὰρ
3311 3092 3377 3145 ἃν
3398 3090 3656 3154 τοιοῦτος,
3685 3093 3799 3145 ὅσον
3829 3090 3901 3143 ἐπὶ

2370 3186 2434 3253 τῇ
2460 3182 2637 3251 φύσει,
2671 3185 2718 3237 εί
2749 3185 2824 3255 μὴ
2846 3184 2934 3237 διὰ
2952 3184 3049 3256 τὴν
3081 3185 3143 3236 ὲκ
3166 3183 3476 3253 φιλοσοφίας
3518 3181 3748 3252 ἄσκησιν
3769 3180 3900 3252 ἀμεί-

2370 3290 2473 3327 νων
2505 3274 2603 3344 τῆς
2628 3274 2838 3342 φύσεως
2861 3274 3095 3341 ἐγένετο.
3113 3294 3130 3325 ι
3165 3275 3273 3328 Καὶ
3319 3274 3538 3327 τοιαῦτα
3570 3274 3667 3344 μὲν
3689 3274 3755 3328 τὰ
3784 3271 3899 3327 κατὰ

2370 3364 2549 3434 φύσιν,
2572 3365 2607 3419 ἃ
2634 3365 2727 3419 καὶ
2764 3363 2929 3435 μηδέν
2973 3382 3105 3435 φησι
3156 3366 3429 3435 διαφέρειν
3461 3366 3568 3421 τῶν
3590 3365 3900 3436 καθέἱμαρ-

2372 3456 2536 3527 μένην
2558 3473 2571 3487 ·
2598 3455 2668 3508 τὰ
2694 3455 2750 3508 δὲ
2780 3456 2886 3508 ἀπὸ
2916 3455 3083 3525 τύχης
3127 3456 3368 3521 τοιαῦτα,
3425 3458 3551 3509 ὃταν
3598 3457 3754 3511 ἄλλου
3780 3455 3899 3516 τινὸς

2368 3549 2524 3620 χάριν
2551 3548 2822 3618 γενομένῳ
2853 3548 2960 3600 τινὶ
3015 3548 3089 3619 μὴ
3135 3547 3293 3601 τοῦτο
3346 3549 3656 3621 ἀπαντήσῃ,
3680 3542 3738 3601 οὗ
3765 3547 3898 3617 χάριν

2370 3639 2602 3705 ἐγένετο,
2650 3638 2775 3691 ἄλλο
2802 3638 2859 3691 δέ
2896 3656 2948 3691 τι
2975 3640 3112 3709 ὅπερ
3142 3639 3239 3710 τὴν
3281 3640 3454 3711 ἀρχὴν
3483 3640 3605 3692 οὐδὲ
3648 3636 3895 3707 ἠλπίζετο.

2368 3728 2646 3799 Θησαυρόν
2670 3745 2729 3781 τε
2772 3730 2880 3801 γάρ
2913 3746 3077 3800 φησιν
3107 3730 3213 3783 άπὸ
3253 3730 3419 3800 τύχης
3448 3730 3736 3800 εὑρηκέναι
3776 3725 3895 3790 τινὰ,

2367 3820 2493 3871 ὃταν
2522 3818 2679 3872 άλλου
2711 3819 2868 3891 χάριν
2922 3819 3185 3891 ὀρύσσων,
3220 3820 3354 3873 ἀλλὰ
3391 3819 3467 3891 μὴ
3521 3819 3615 3872 τοῦ
3661 3818 3897 3890 θησαυρὸν

2369 3911 2565 3981 εὑρεῖν,
2597 3910 2852 3982 θησαυρῷ
2876 3911 3165 3982 περιπέσῃ.
3201 3911 3309 3962 Καὶ
3334 3908 3395 3962 τὸ
3420 3910 3678 3981 ἀργύριον
3704 3910 3803 3963 ἀπὸ
3824 3905 3898 3960 τύ-

2370 4018 2469 4069 χης
2499 3999 2814 4070 κεκομίσθαι
2844 4002 2964 4054 τινὰ
2985 4001 3260 4068 λέγουσιν,
3312 4002 3438 4057 ὅταν
3479 4003 3560 4066 είς
3590 4003 3687 4072 τὴν
3722 3998 3895 4071 ἀγορὰν

2370 4090 2642 4161 προελθὼν
2674 4090 2830 4145 άλλου
2850 4092 2995 4155 τινὸς
3044 4092 3222 4163 χάριν,
3246 4093 3506 4164 ἀργύριον
3549 4093 3720 4163 ἔχοντι
3769 4106 3895 4162 περι-

2371 4182 2548 4234 πεσὼν
2595 4184 2670 4253 τῷ
2717 4186 2961 4257 χρεώστῃ
2992 4186 3051 4238 τὸ
3078 4184 3421 4255 ὀφειλόμενον
3477 4184 3717 4254 λήψαιτο.
3754 4182 3894 4237 Καὶὸ

2372 4272 2531 4335 ἵππος
2556 4273 2612 4326 δὲ
2661 4274 2978 4344 αὐτομάτως
3019 4276 3140 4345 ’τισὶ
3183 4275 3395 4343 λέγεται
3452 4274 3738 4337 σεσῶσθαι,
3792 4276 3894 4327 ὅταν

2369 4363 2574 4433 τροφῆς
2603 4352 2699 4433 μὶν
2728 4364 2921 4429 ἐλπίδι,
2974 4364 3006 4436 ἢ
3057 4367 3213 4419 ἄλλου
3262 4366 3406 4429 τινὸς
3452 4365 3632 4436 χάριν,
3670 4364 3893 4435 άποφᾶγῃ

2370 4452 2493 4513 τοὺς
2521 4453 2843 4521 κατέχοντας
2865 4454 3044 4518 αὐτὸν,
3075 4456 3360 4527 ἀπαντήσῃ
3403 4454 3459 4507 δὲ
3491 4455 3655 4510 αὐτοῦ
3687 4460 3749 4529 τῇ
3774 4456 3890 4523 φυγῇ

718 4553 837 4607 qua:
871 4549 1115 4591 naturam
1150 4548 1448 4606 sequuntur
1469 4578 1482 4601 ,
1514 4555 1739 4608 quaeque
1766 4541 1899 4593 nihil
1929 4542 1997 4594 ab
2025 4541 2125 4606 iis,
2150 4558 2267 4610 qua:

2370 4542 2461 4592 καὶ
2488 4542 2565 4612 τῷ
2594 4544 2775 4614 δρόμῳ
2804 4546 2862 4598 τὸ
2888 4549 2996 4609 τοῖς
3026 4547 3309 4609 δεσπόταις
3343 4550 3675 4619 περιπεσεῖν.
3707 4543 3795 4601 Ὧν
3823 4544 3890 4598 οὕ-

718 4626 829 4680 fato
875 4628 1028 4693 tiuut,
1078 4626 1294 4681 diﬁ’erre
1340 4629 1630 4681 contendit.
1670 4628 1799 4693 Quae
1835 4646 1963 4684 vero
1990 4645 2118 4685 casu
2152 4631 2265 4685 ﬁeri

721 4717 1006 4781 dicuntur,
1050 4720 1114 4772 de
1161 4720 1227 4771 iis
1262 4719 1331 4771 ita
1365 4710 1598 4771 statuit:
1630 4728 1685 4770 ut
1709 4721 1782 4781 si,
1826 4736 1943 4774 cum
1975 4723 2102 4790 quid
2133 4721 2266 4775 alte-

722 4808 837 4860 rius
860 4808 935 4859 rei
960 4809 1125 4876 gratia
1160 4808 1326 4871 ﬁeret,
1359 4808 1537 4860 minus
1561 4807 1611 4859 id
1644 4807 1761 4874 ipsi,
1789 4810 1942 4878 cujus
1971 4813 2143 4880 gratia
2172 4812 2265 4864 ﬁe-

722 4896 833 4957 bat,
858 4898 1175 4962 occurrerit,
1229 4899 1322 4951 sed
1364 4896 1508 4950 aliud
1539 4895 1835 4964 quidpiam,
1865 4900 2007 4968 quod
2045 4910 2266 4954 eventu-

718 5000 841 5038 rum
888 4984 1041 5037 initio
1085 5002 1241 5040 nemo
1294 4990 1570 5057 COgitaret.
1632 4987 1723 5042 Sic
1771 4991 1837 5043 ab
1883 5007 1947 5045 eo
1990 4991 2263 5051 inventum

718 5091 847 5130 casu
870 5074 1178 5129 thesaurum
1204 5093 1321 5131 esse
1344 5080 1676 5147 pronuntiat,
1700 5080 1810 5147 qui,
1839 5095 1959 5133 cum
1983 5066 2087 5134 alio
2114 5096 2266 5147 pror-

717 5180 811 5220 sus
840 5181 998 5234 quam
1025 5166 1332 5220 inveniendi
1373 5169 1607 5223 thesauri
1653 5169 1829 5222 animo
1860 5168 2038 5225 fodere
2066 5172 2263 5237 cuspis-

719 5263 818 5318 set,
868 5256 919 5308 iu
964 5256 1275 5310 thesaurum
1330 5256 1593 5311 inciderit.
1636 5258 1893 5310 Similiter
1944 5274 2073 5313 casu
2118 5273 2264 5313 rece-

717 5353 859 5411 ptam
894 5346 962 5399 ab
991 5361 1053 5399 eo
1083 5345 1386 5415 pecuniam,
1411 5348 1499 5414 qui
1534 5364 1653 5401 cum
1680 5348 1782 5401 alia
1806 5356 1981 5400 mente
2006 5350 2058 5401 in
2086 5348 2262 5401 forum

716 5434 982 5498 venisset,
1010 5435 1249 5489 incidens
1282 5435 1332 5486 in
1362 5435 1673 5502 debitorem,
1707 5438 1796 5506 qui
1824 5447 2137 5505 prazsentem
2170 5440 2262 5491 ha-

716 5522 863 5574 beret
889 5525 1190 5589 pecuniam,
1216 5527 1288 5577 ab
1317 5539 1401 5587 eo,
1437 5526 1576 5593 quod
1606 5527 2259 5597 sihideberetur,accepe—

714 5612 800 5662 rit.
842 5609 981 5675 Quin
1005 5622 1058 5665 et
1089 5629 1214 5667 casu
1242 5618 1449 5669 salvum
1477 5632 1503 5667 a
1533 5618 1854 5683 quibusdam
1886 5635 2080 5687 equum
2110 5623 2258 5676 illum

712 5700 815 5752 dici
850 5703 1209 5765 consuevisse,
1244 5706 1329 5759 cui
1358 5721 1478 5758 cum
1509 5713 1602 5757 aut
1646 5707 1823 5773 pabuli
1865 5726 1975 5778 spe,
2008 5721 2099 5765 aut
2126 5714 2259 5765 alte-

713 5807 826 5843 rius
852 5792 1134 5858 cujuslibet
1178 5798 1248 5847 rei
1282 5798 1516 5865 appetitu
1542 5838 1556 5861 ,
1590 5812 1711 5851 cum
1734 5814 1796 5853 ex
1820 5816 2003 5855 eorum
2028 5842 2041 5868 ,
2073 5819 2102 5857 a
2138 5806 2255 5872 qui-

782 5894 804 5919 ι
830 5882 912 5937 ἴθ’.
950 5884 1194 5956 ὁποτέρα.

2371 4648 2475 4693 τως
2505 4636 2753 4702 ἐχόντων,
2784 4638 2897 4689 οὐδὲ
2944 4637 3114 4689 ταῦτα
3158 4638 3230 4691 ἂν
3255 4638 3337 4709 εἴη
3394 4637 3515 4691 καθ’
3568 4638 3889 4710 εἱμαρμένην.

2370 4721 2478 4773 Καὶ
2499 4724 2665 4795 ἄδηλα
2690 4726 2748 4777 δέ
2776 4727 2888 4777 ἐστί
2918 4745 3035 4779 τινα
3075 4731 3222 4784 αἴτια
3260 4729 3579 4801 ἀνθρωπίνῳ
3604 4726 3888 4800 λογισμῷ,ἃ

2371 4812 2510 4863 κατά
2529 4829 2680 4875 τινας
2697 4814 3043 4878 ἀντιπαθείας
3066 4816 3306 4882 γίνεσθαι
3325 4820 3694 4883 πεπίστευται,
3712 4823 3888 4889 άγνοον·

2374 4899 2537 4969 μένης
2567 4903 2662 4971 τῆς
2717 4902 2909 4966 αἰτίας,
2964 4905 3030 4957 δι’
3052 4906 3388 4979 ἣνγίνεταιδ
3441 4910 3887 4982 ὁποῖαίπερίαπτά

2369 5004 2485 5042 τινα
2508 4996 2675 5043 ποιεῖν
2702 4994 3073 5063 προείληπται,
3107 4999 3358 5069 οὐδεμίαν
3396 5000 3613 5070 εὔλογον
3648 5006 3735 5058 καὶ
3756 5002 3886 5058 πιθα·

2369 5080 2462 5151 νὴν
2492 5084 2665 5136 αἰτίαν
2686 5084 2778 5135 τοῦ
2810 5085 2977 5139 ταῦτα
3017 5092 3187 5142 ποιεῖν
3235 5089 3441 5160 ἔχοντα,
3467 5092 3547 5146 ἔτι
3574 5094 3884 5161 δὲτὲπαοιδαὶ.

2370 5173 2461 5223 καὶ
2490 5174 2732 5226 τοιαῦταί
2785 5193 2926 5239 τινες
2960 5184 3303 5247 μαγγανεῖαι.
3340 5182 3555 5236 Τούτων
3587 5180 3694 5259 γάρ
3728 5185 3883 5259 ὁμολοο

2367 5263 2540 5325 γεῖται
2569 5264 2665 5331 μὲν
2696 5264 2798 5317 ὑπὸ
2832 5268 3047 5320 πάντων
3078 5268 3267 5338 ἄδηλος
3290 5265 3426 5324 εἶναι
3468 5276 3501 5343 ἡ
3533 5276 3698 5329 αἰτίαι
3722 5262 3793 5327 διδ
3813 5273 3883 5325 καὶ

2367 5352 2770 5421 ἀναιτιολόγητα
2818 5356 3062 5424 λέγουσιν
3105 5361 3263 5414 αὑτά·
3314 5363 3480 5417 πολλὰ
3513 5366 3558 5418 δ’
3590 5362 3723 5420 εἶναι
3767 5361 3883 5433 παρὰ

2366 5442 2548 5505 ταῦτα,
2563 5446 2651 5497 καὶ
2665 5446 3035 5525 ἐνδεχομένως,
3052 5452 3141 5503 καὶ
3166 5454 3396 5525 ὁπότερα
3412 5468 3438 5496 ι
3461 5456 3617 5527 ἔτυχε
3646 5457 3877 5525 γινόμενα,

2365 5530 2399 5581 ἃ
2427 5533 2541 5585 οὐδὲ
2576 5535 2726 5587 ταῦτ’
2755 5536 2820 5588 ἂν
2851 5539 2934 5607 εἴη
2962 5541 3081 5593 καθ’
3111 5544 3469 5616 εἱμαρμένην.
3500 5543 3724 5616 Λέγεται
3743 5548 3793 5600 δὲ
3820 5548 3881 5597 ἐν·

2365 5620 2662 5713 δεχομένης
2691 5627 2928 5691 γίνεσθαι
2959 5630 3150 5693 ταῦτα,
3204 5634 3288 5701 ἐφ’
3320 5627 3394 5687 ὧν
3440 5638 3533 5689 καὶ
3563 5639 3624 5691 τὸ
3672 5641 3738 5707 μὴ
3764 5635 3879 5703 γενέ·

2367 5712 2485 5763 σθαι
2517 5714 2695 5784 χώραν
2719 5716 2847 5785 ἔχει,
2877 5719 2949 5780 ὡς
2975 5722 3067 5773 καὶ
3088 5722 3217 5774 αὐτὸ
3246 5723 3305 5776 τὸ
3332 5726 3567 5798 ὁπότερα
3592 5728 3739 5796 ἔτυχε
3769 5724 3880 5791 λεγόν

2369 5820 2541 5871 μενον,
2573 5809 2713 5857 ποιεῖ
2730 5808 3018 5878 γνώριμον.
3044 5807 3167 5865 υἷον
3190 5812 3249 5865 τὸ
3282 5815 3494 5884 κινῆσαι
3522 5836 3576 5871 τι
3604 5818 3705 5872 τῶν
3721 5810 3879 5872 ἑαυτοῦ
