4020 6342
40 446 157 505 461
1212 453 1527 511 ΡΒιΕΡΔΒ.
1570 454 1821 512 EVANG.
1858 455 1986 511 LIB.
2021 455 2110 510 Vl.
3197 455 3304 512 46⁸1

41 566 286 640 μερῶν,
314 573 411 627 καὶ
431 571 528 645 τὴν
553 572 818 643 τυχοῦσαν
841 572 934 628 τοῦ
964 574 1230 646 τραχήλου
1261 575 1647 648 περιστροφὴν,

1760 577 1862 631 bus
1884 574 2188 640 tenebatur,
2211 573 2459 629 manibus
2484 571 2797 646 aufugisset,
2823 570 2876 626 in
2901 569 3025 642 fuga
3048 570 3163 640 ipsa
3183 585 3307 626 cur-

38 659 145 712 καὶ
175 660 303 733 τὴν
330 664 426 717 τοῦ
472 664 732 719 δακτύλου
794 664 1032 729 ἔκτασιν,
1076 665 1169 719 καὶ
1228 664 1290 718 τὸ
1339 667 1541 738 ἐπᾶραι
1584 667 1647 721 τά

1752 681 1925 736 suque
1952 665 2304 735 contingeret,
2356 674 2414 719 ut
2447 664 2501 719 in
2538 679 2664 720 suos
2690 665 2803 734 ipse
2827 663 3078 718 dominos
3104 662 3308 718 incide-

38 749 351 824 βλέφαρα,
381 758 476 808 καὶ
501 755 592 810 τὸν
618 755 975 827 καθεζόμενον
1007 755 1221 826 στῆσαι,
1245 755 1452 811 καὶτὸν
1484 756 1647 810 κινού-

1751 766 1850 811 ret.
1903 755 2085 822 Quare
2133 769 2291 810 nemo
2339 756 2440 808 ista
2492 751 2605 808 fato
2644 754 2766 823 jure
2820 752 3088 807 tribuerit.
3136 751 3307 807 Porro

39 856 229 911 μενον
264 845 571 917 ἠρεμῆσαι,
601 847 694 900 καὶ
741 847 833 899 τὸν
864 844 1127 898 λαλοῦντα
1157 845 1400 915 σιγῆσαι,
1436 846 1530 899 καὶ
1561 847 1647 899 ἐπὶ

1750 854 1896 901 certa
1923 859 2103 899 rerum
2129 843 2484 914 quarumdam
2511 841 2771 912 principia
2788 849 2915 897 sunt
2941 842 3190 896 humanae
3218 856 3305 895 ra-

40 933 290 1021 μυρίων
323 935 472 1007 εὖροι
503 954 587 999 τις
612 936 677 990 ἂν
706 936 933 1008 δύναμίν
965 953 1084 991 τινα
1114 936 1522 1007 ἐνυπάρχουσαν
1541 937 1647 992 τῶν

1751 936 1881 991 tioni
1913 950 2135 1007 prorsus
2157 934 2407 996 obscura,
2438 947 2558 1003 qua:
2581 932 2724 1003 quod
2752 948 2938 987 earum
2965 947 3129 987 causa
3151 932 3302 1002 igno-

36 1023 339 1081 ἐναντίων
368 1027 640 1105 δεκτικὴν,
669 1027 706 1081 ἃ
736 1028 836 1081 οὐκ
870 1028 936 1083 ἂν
962 1028 1170 1097 γένοιτο
1206 1028 1266 1093 ἐξ
1291 1027 1647 1099 εἱμαρμένης·

1750 1038 1916 1095 retur,
1948 1026 2243 1098 antipathia
2266 1025 2496 1095 quadam
2526 1024 2739 1080 evenire
2765 1024 3077 1079 creduntur.
3113 1022 3304 1093 Cujus-

36 1114 118 1167 τὰ
145 1115 281 1187 γὰρ
312 1117 373 1185 ἐξ
405 1119 577 1188 αὐτῆς
622 1119 685 1173 ού
708 1120 923 1191 δέχεται
973 1120 1068 1173 τοῦ
1103 1123 1161 1174 ἐν
1192 1112 1236 1188 ᾧ
1258 1123 1373 1174 ἐστι
1408 1120 1468 1173 τὸ
1500 1122 1647 1174 ἐναν-

1749 1118 1893 1173 modi
1926 1133 1989 1173 ea
2012 1128 2138 1173 sunt
2164 1132 2287 1188 qua:
2317 1115 2569 1171 amuletis
2595 1114 2917 1185 quibusdam
2953 1112 3068 1169 ﬁeri
3099 1114 3303 1169 invete—

38 1207 196 1262 τίον.
241 1210 416 1280 Ἀλλὰ
451 1212 544 1263 καὶ
569 1211 629 1264 τὸ
654 1211 999 1282 βουλεύεσθαι
1029 1211 1121 1264 τὸν
1148 1210 1428 1282 ἄνθρωπον
1449 1212 1547 1264 οὐκ
1572 1212 1647 1273 είς

1748 1219 1863 1264 rata
1889 1210 2070 1280 opinio
2103 1217 2225 1279 est,
2251 1224 2375 1264 cum
2422 1207 2615 1262 idonea
2659 1206 2959 1277 similisque
2985 1220 3113 1260 vero
3137 1220 3301 1260 causa

45 1301 258 1373 μάτην
289 1303 439 1374 αὐτῷ
462 1303 716 1374 ὑπάρχει·
743 1299 810 1375 ἦν
834 1304 879 1357 δ’
901 1303 967 1357 ἂν
994 1304 1073 1367 είς
1094 1303 1266 1374 μάτην
1289 1301 1647 1386 βουλευτικὸς,

1746 1302 1829 1355 vis
1858 1301 2071 1355 illorum
2104 1298 2389 1354 eﬂ‘ectricis
2418 1298 2685 1369 assignari
2720 1297 2864 1352 nulla
2889 1295 3079 1367 possit.
3144 1293 3302 1351 Tales

41 1391 97 1442 εί
135 1389 207 1455 ἐξ
245 1393 500 1464 ἀνάγκης
534 1392 768 1465 ἔπραττε
816 1392 885 1447 τά
932 1392 1294 1464 πραττόμενα.
1328 1392 1465 1445 Ἀλλ’
1488 1385 1647 1464 ἐναρ-

1746 1405 1962 1461 quoque
1987 1398 2115 1445 sunt
2144 1388 2443 1453 cautiones,
2477 1395 2789 1457 cmteraeque
2816 1386 2869 1440 id
2895 1399 3063 1455 genus
3088 1385 3300 1454 praesti-

42 1481 173 1549 γῶις
202 1484 468 1551 φαίνεται
518 1483 626 1538 τῶν
667 1483 839 1539 ἄλλων
893 1482 1046 1550 ζώων
1092 1486 1121 1537 ό
1176 1484 1459 1557 ἄνθρωπος
1494 1486 1647 1555 μόνος

1748 1486 1864 1556 giae.
1928 1484 2063 1539 Nam
2122 1485 2352 1540 istorum
2402 1482 2646 1538 omnium
2692 1482 2906 1554 ignotas
2947 1497 3066 1537 esse
3108 1496 3302 1537 causas

44 1572 231 1628 τοῦτο
259 1575 415 1648 παρὰ
438 1576 537 1648 τῆς
584 1578 797 1647 φύσεως
854 1577 990 1647 ἔχων
1018 1576 1198 1641 πλέον,
1236 1577 1299 1629 τὸ
1353 1577 1427 1647 μὴ
1452 1578 1647 1647 ὁμοίως

1748 1588 1907 1628 nemo
1946 1588 2056 1629 non
2095 1572 2326 1638 fatetur,
2382 1571 2677 1643 eademque
2704 1580 2982 1642 propterea
3015 1571 3305 1626 ἀναιτιολό-

48 1666 314 1732 ἐκείνοις
367 1672 487 1732 ταῖς
534 1669 854 1738 φαντασίαις
905 1654 1151 1731 ἔπεσθαι,
1208 1668 1324 1723 ἀλλ’
1353 1668 1496 1738 ἔχειν
1543 1666 1647 1721 τῶν

1746 1678 1920 1733 γητα,
1949 1663 2053 1719 hoc
2083 1673 2198 1729 est,
2247 1662 2515 1733 ejusmodi
2561 1677 2793 1733 quorum
2838 1662 3094 1733 explicari
3138 1677 3301 1717 causa

50 1761 531 1830 προσπιπτόντων
556 1762 747 1834 κριτὴν
766 1761 859 1814 τὸν
888 1760 1060 1830 λόγον·
1093 1754 1137 1829 ᾧ
1160 1760 1457 1833 χρώμενος,
1482 1762 1529 1813 εί
1553 1760 1647 1831 μὲν

1751 1768 1855 1808 non
1902 1754 2105 1821 possit,
2143 1755 2299 1824 vulgo
2333 1755 2605 1809 dicuntur.
2645 1754 2726 1809 Ad
2768 1754 2881 1809 bac
2913 1754 3167 1824 pleraque
3194 1762 3304 1809 sta-

54 1850 447 1923 ἐξεταζόμενα
490 1852 558 1905 τὰ
582 1851 973 1922 φαντασθέντα,
1005 1848 1091 1907 οἶα
1122 1854 1221 1923 τὴν
1248 1838 1423 1925 ἀρχὴν
1454 1853 1647 1925 ἐφάνη,

1750 1846 1854 1899 tuit
1890 1855 2173 1917 utramque
2223 1846 2277 1899 in
2320 1853 2526 1915 partem
2581 1845 2887 1915 promiscue
2916 1844 3301 1914 contingentia,

52 1942 160 1997 καὶ
192 1942 342 2008 ἔστι,
367 1943 812 2011 συγκατατίθεται
838 1947 904 2016 τῇ
929 1942 1216 2015 φαντασίᾳ,
1241 1944 1334 1998 καὶ
1354 1923 1494 1999 οῦτω
1525 1923 1647 2016 μέτ-

1750 1951 1904 2008 quae,
1935 1947 2091 2006 prout
2133 1952 2221 1993 res
2248 1936 2459 2001 tulerit,
2491 1935 2741 1992 eveniant
2762 1975 2778 1997 .
2814 1950 2935 2005 qua:
2959 1933 3054 1989 fati
3086 1948 3303 2004 quoque

56 2046 216 2083 εισιν
283 2030 442 2107 αὑτά·
482 2034 530 2084 εί
553 2032 611 2085 δὲ
635 2032 822 2086 ἀλλοῖα
845 2032 1110 2103 φαίνεται,
1156 2034 1259 2088 ούκ
1307 2033 1389 2087 ἐτι
1438 2034 1647 2106 ἔμεινεν

1747 2025 2056 2081 necessitati
2099 2024 2445 2081 subducenda
2488 2033 2644 2095 putat
2691 2026 2895 2079 omnia.
2947 2022 3023 2078 Ea
3055 2038 3219 2095 porro
3245 2023 3301 2077 in

58 2119 162 2171 ἐπὶ
193 2119 305 2191 τῆς
327 2120 667 2192 προλήψεως,
696 2120 1010 2191 ἐλέγξαντος
1038 2122 1175 2176 αὐτὰ
1215 2116 1310 2175 τοῦ
1344 2122 1521 2192 λόγου,
1562 2123 1651 2177 διὰ

58 2214 129 2268 τδ
165 2216 680 2287 συμϐουλεύσασθαι
712 2217 840 2287 περὶ
879 2208 1077 2271 αὐτῶν.
1123 2216 1494 2288 Βουλευόμεθα
1520 2218 1648 2287 γοῦν

1212 453 1527 511 ΡΒᾹΞΡΔΒ.
1570 454 1821 512 EVANG.
1858 455 1986 511 LIB.
2021 455 2110 510 Vl.

1745 2126 2035 2188 utramque
2075 2126 2282 2189 partem
2312 2116 2677 2188 contingentia
2718 2125 2981 2171 vocantur
3000 2158 3015 2183 ,
3043 2131 3164 2186 qua:
3189 2124 3300 2171 tam

1745 2223 1852 2262 non
1876 2208 1991 2263 fieri
2024 2218 2267 2281 possunt,
2292 2225 2454 2280 quam
2476 2208 2614 2277 fieri,
2633 2205 3087 2279 quemadmodum
3115 2221 3184 2261 ex
3209 2220 3297 2270 eo,

62 2305 208 2376 περὶ
244 2305 445 2375 μόνων,
468 2298 542 2359 ὧν
566 2304 838 2376 δυνάμεθα
892 2307 1169 2377 πράττειν·
1216 2311 1264 2361 εί
1321 2308 1378 2361 δέ
1409 2325 1539 2361 ποτε
1572 2311 1647 2381 μὴ

65 2392 505 2467 βουλευσάμενοι
561 2396 914 2468 πράττοιμεν,
960 2398 1217 2462 πολλάκις
1264 2399 1644 2470 μετανοοῦμεν,

65 2487 171 2540 καὶ
195 2485 529 2558 μεμφόμεθα
557 2489 767 2551 ἑαυτοῖς
785 2488 886 2558 τῆς
919 2489 1195 2552 ἀϐουλίας.
1237 2490 1395 2544 Ἀλλὰ
1426 2490 1531 2545 κᾶν
1555 2490 1648 2543 άλ-

64 2577 203 2642 λθυς
231 2627 239 2641 ,
267 2580 467 2649 ἴδωμεν
511 2579 752 2643 ἀϐούλως
805 2581 1157 2653 πράττοντας,
1200 2580 1537 2653 ἐγκαλοῦμεν
1571 2582 1647 2648 ὡς

64 2667 526 2747 ἁμαρτήσαντας,
548 2669 803 2739 ἀξιοῦμέν
828 2687 887 2724 τε
940 2670 1259 2741 συμϐούλοις
1302 2671 1477 2725 τοῖσδε
1513 2671 1646 2743 χρῆ-

66 2758 226 2823 σθαι,
259 2758 335 2822 ὡς
366 2760 449 2829 ἐφ’
469 2762 598 2831 ἡμῖν
625 2760 792 2815 όντων
822 2760 928 2815 τῶν
959 2761 1232 2816 τοιούτων.
1274 2762 1396 2816 Ὅτι
1426 2760 1483 2814 δέ
1524 2759 1649 2830 ψευ-

67 2847 172 2919 δὴς
207 2845 283 2919 ἦν
304 2850 480 2903 αὐτῶν
508 2854 536 2905 ό
562 2852 690 2923 περὶ
715 2851 1054 2924 εἱμαρμένης
1098 2852 1275 2921 λόγος,
1306 2853 1486 2907 ἱκανὸν
1506 2868 1646 2923 μαρ-

66 2937 275 3008 τύριον
300 2940 365 2994 τδ
391 2941 511 3012 μηδ’
540 2944 738 3008 αὐτοὺς
785 2946 912 3007 τοὺς
936 2978 941 2983 -
968 2943 1280 3017 προστάτας
1304 2944 1464 2999 αὐτοῦ
1493 2943 1650 2999 δύνα-

71 3029 205 3083 σθαι
229 3032 513 3112 πείθεσθαι
535 3036 648 3097 τοῖς
692 3035 783 3087 ὑπ’
812 3035 987 3089 αὐτῶν
1030 3035 1359 3106 λεγομένοις.
1402 3036 1511 3087 Καὶ
1539 3034 1648 3106 γάρ

70 3122 172 3173 καὶ
188 3125 523 3196 προτρέπειν
548 3125 641 3178 καὶ
666 3125 934 3180 διδάσκειν
958 3126 1398 3195 ἐπαγγέλλονται,
1415 3124 1509 3179 καὶ
1524 3140 1651 3193 μαν-

75 3212 295 3315 θάνειν,
311 3216 404 3269 καὶ
421 3216 767 3271 παιδεύεσθαι
795 3216 1267 3289 συμϐουλεύουσιν,
1286 3215 1648 3287 ἐπιτιμῶσίτε
1671 3255 1715 3315 c

71 3304 175 3356 καὶ
202 3306 595 3377 ἐπιπλήττουσι
626 3312 740 3374 τοῖς
760 3308 820 3363 ού
841 3309 911 3363 τά
952 3310 1294 3381 προσήκοντα
1310 3307 1528 3380 δρῶσιν,
1572 3306 1648 3369 ὡς

78 3395 228 3450 κατὰ
257 3403 579 3471 προαίρεσιν
601 3402 736 3456 ἰδίαν
758 3403 1178 3475 ἁμαρτάνουσιν.
1208 3400 1367 3455 Ἀλλὰ
1394 3402 1488 3454 καὶ¹
1516 3416 1649 3469 συγ-

76 3486 391 3558 γράμματα
417 3489 640 3544 πλεῖστα
668 3493 1069 3560 καταλείπουσι,
1104 3493 1172 3547 δι’
1196 3490 1272 3547 ὧν
1294 3490 1502 3560 ἀξιοῦσι
1524 3508 1651 3547 παι-

74 3576 341 3632 δεύεσθαι
365 3582 492 3644 τοὺς
515 3581 687 3647 νέους.
723 3584 1059 3637 Ἐπαύσαντο
1099 3584 1143 3657 δ’
1165 3584 1231 3638 ἂν
1273 3584 1375 3653 τῆς
1430 3586 1489 3637 ἐν
1538 3585 1649 3646 τοῖς

79 3665 276 3737 λόγοις
314 3672 619 3743 φιλοτιμίας
650 3676 707 3727 εί
756 3669 1072 3747 προσέσχον,
1099 3676 1183 3728 ὅτι
1206 3676 1298 3729 καὶ
1325 3674 1650 3747 συγγνώμης

78 3758 298 3825 ἀξιοῦσι
313 3765 438 3826 τοὺς
452 3765 716 3828 ἀκουσίως
731 3766 1163 3837 ἁμαρτάνοντας,
1182 3766 1307 3830 τοὺς
1322 3767 1379 3820 δέ
1392 3766 1647 3829 ἑκουσίως,

84 3851 192 3923 πλη
201 3854 539 3923 μμελοῦντας
552 3855 819 3920 κολάσεως
838 3853 1019 3922 ἀξίους
1032 3852 1169 3911 εἷναί
1186 3857 1443 3924 φασιν,ὼς
1457 3859 1541 3911 ἐπ’
1560 3858 1653 3912 αύ-

81 3946 199 4007 τοίς
219 3944 567 4015 δηλονότιτώ
591 3965 651 4002 τε
675 3949 1007 4019 ἁμαρτάνειν
1032 3948 1123 4001 καὶ
1150 3948 1241 4001 τοῦ
1276 3949 1350 4020 μὴ
1378 3950 1645 4021 κειμένου.

87 4036 254 4090 ὀπε
270 4038 363 4091 καὶ
384 4040 503 4093 κατ’
532 4040 726 4104 αὐτοὺς
748 4042 1086 4113 ἀναιρεῖσθαι
1103 4042 1200 4110 τὴν
1226 4040 1285 4106 ἐξ
1311 4042 1648 4113 εἱμαρμένης

86 4130 356 4203 ἀνάγκην,
375 4131 719 4186 συνίστασθαι
747 4134 804 4187 δὲ
819 4135 959 4187 κατὰ
979 4134 1135 4203 φύσιν
1158 4136 1288 4203 ήμίν
1317 4134 1577 4203 ὑπάρχειν
1587 4132 1648 4185 τὸ

86 4228 453 4296 αὐτεξούσιον·
503 4227 641 4300 μετὰ
668 4228 763 4282 τοῦ
792 4228 1020 4282 πλεῖστα
1048 4224 1186 4280 εἶναι
1234 4229 1327 4281 καὶ
1350 4227 1418 4280 τὰ
1456 4228 1530 4299 μὴ
1558 4229 1645 4299 ἐφ’

86 4318 240 4388 ἡμῖν,
256 4318 406 4371 ῶσπε
409 4336 444 4389 ρ
456 4320 526 4373 τὰ
538 4319 676 4373 κατὰ
693 4318 870 4389 φύσιν,
883 4317 1057 4373 καὶτὰ
1068 4319 1131 4371 ἐκ
1144 4316 1330 4387 τύχης,
1342 4316 1503 4386 ἔτερα
1519 4317 1647 4371 ὄντα

90 4412 182 4464 καὶ
204 4412 346 4465 αὐτὰ
378 4413 528 4483 παρὰ
578 4413 669 4467 τὸν
698 4415 797 4485 τῆς
850 4413 1188 4484 εἱμαρμένης
1244 4410 1419 4478 λόγον,
1466 4409 1645 4474 καθὼς

89 4499 480 4569 προδέδεικται.
502 4500 720 4555 Τούτων
764 4503 893 4573 ἡμῖν
921 4500 1028 4554 ἀπὸ
1058 4490 1322 4552 πλείστων
1356 4500 1647 4572 ἐπιτετμη-

1744 2300 1888 2369 quod
1913 2301 2145 2367 additur,
2178 2312 2341 2371 prout
2368 2316 2454 2356 res
2479 2300 2683 2365 tulerit,
2719 2299 3054 2370 intelligitur.
3109 2296 3305 2351 Exem-

1744 2393 1816 2461 pli
1851 2408 2015 2448 causa
2059 2400 2265 2462 partem
2312 2391 2559 2462 corporis
2586 2390 2824 2460 aliquam
2853 2404 3103 2456 movere,
3132 2389 3305 2443 cervi-

1742 2494 1835 2534 ces
1864 2488 2063 2535 temere
2098 2481 2207 2535 huc
2249 2480 2442 2535 illucve
2484 2486 2818 2544 convertere,
2864 2478 3091 2548 digitum
3117 2486 3304 2531 exten-

1742 2572 1889 2635 dere,
1916 2572 2102 2628 tollere
2131 2572 2438 2642 supercilia,
2470 2579 2613 2627 stare
2634 2583 2759 2624 cum
2788 2578 2909 2623 ante
2934 2568 3148 2623 sederes
3168 2607 3182 2631 ,
3209 2576 3304 2621 aut

1742 2679 1866 2719 cum
1909 2664 2057 2733 prius
2096 2666 2387 2720 movereris
2409 2707 2425 2732 ,
2459 2665 2757 2735 quiescere,
2788 2671 2882 2716 aut
2929 2666 3140 2723 tacere,
3175 2674 3300 2714 cum

1742 2765 1867 2811 ante
1898 2757 2195 2825 loquereris
2219 2774 2233 2810 :
2266 2756 2480 2825 aliaque
2509 2763 2760 2811 sexcenta
2781 2769 2798 2807 :
2819 2753 3018 2823 quibus
3046 2753 3102 2807 in
3127 2751 3305 2806 omni-

1745 2848 1846 2903 bus
1877 2862 1999 2903 cum
2029 2847 2138 2901 vim
2179 2847 2467 2917 quamdam
2502 2860 2765 2915 agnoscas
2802 2843 3085 2899 contrariis
3128 2844 3303 2898 susci-

1742 2939 1952 3010 piendis
1982 2939 2265 3001 idoneam,
2311 2945 2423 2990 tum
2468 2950 2596 2990 vero
2638 2935 2731 2989 fati
2773 2935 2974 2989 nullam
3014 2922 3299 3001 invenias;

1744 3033 1889 3103 quod
1936 3048 2057 3103 quae
2084 3031 2192 3086 fato
2226 3031 2397 3096 ﬁunt,
2445 3030 2497 3084 id
2545 3028 2855 3098 suscipere,
2913 3028 2965 3080 in
2996 3042 3105 3096 quo
3137 3011 3300 3089 Simul

1743 3125 1907 3180 etiam
1939 3122 2207 3179 contrario
2233 3121 2385 3176 locus
2415 3128 2516 3186 est,
2552 3119 2699 3173 nullo
2724 3117 2883 3171 modo
2913 3116 3143 3187 possint.
3179 3113 3300 3169 Jam

1746 3208 1874 3270 vero
1897 3214 2228 3269 deliberandi
2251 3222 2395 3268 certe
2427 3209 2850 3279 consulendique
2883 3207 3137 3262 facultate
3159 3221 3302 3278 prat-

1744 3295 2074 3362 ditusbomo
2091 3304 2293 3359 frustra
2318 3318 2427 3357 non
2444 3311 2546 3369 est,
2573 3308 2820 3369 essetque
2843 3292 3044 3364 tamen,
3073 3298 3120 3352 si
3143 3298 3302 3367 quid-

1745 3398 1875 3471 quid
1914 3397 2054 3470 agit,
2096 3404 2279 3467 ageret
2313 3393 2652 3448 necessitate.
2700 3389 2988 3445 Enimvero
3012 3388 3175 3460 272
3205 3388 3300 3442 uni

1747 3493 1874 3557 hoc,
1900 3489 2045 3561 quod
2078 3488 2251 3544 oculis
2280 3488 2411 3559 ipsis
2439 3491 2673 3549 tenetur,
2725 3481 2928 3537 homini
2954 3495 3065 3551 prae
3093 3480 3301 3537 caeteris

1746 3580 2113 3637 animantibus
2140 3579 2397 3635 eximium
2429 3591 2494 3631 ac
2519 3572 2794 3646 singulare
2833 3579 3029 3627 natura
3058 3570 3299 3639 donavit,

1746 3675 1824 3732 uti
1858 3688 1964 3735 non
1988 3672 2262 3743 quomodo
2306 3671 2413 3725 illis
2458 3685 2559 3724 usu
2600 3668 2780 3733 venit,
2816 3666 3025 3721 oblatas
3052 3665 3302 3720 sensibus

1746 3765 2099 3835 impulsiones
2141 3772 2530 3833 consequatur,
2573 3760 2667 3815 sed
2710 3761 2765 3813 in
2791 3758 2893 3824 iis,
2923 3773 3045 3828 quae
3071 3760 3301 3812 subinde

1745 3862 2081 3925 contingunt,
2112 3852 2340 3907 rationis
2354 3850 2619 3920 judicium
2648 3847 2902 3902 adbibere
2927 3847 3119 3916 possit.
3174 3846 3297 3912 Quo

1744 3948 1873 4002 dum
1901 3948 2015 4016 ipse
2038 3944 2227 4009 utitur,
2257 3942 2302 3997 si
2336 3956 2456 4010 qua
2483 3954 2646 3997 sensu
2673 3946 2727 3993 et
2752 3937 3079 4008 cogitatione
3106 3950 3295 4005 perce-

1743 4037 1862 4108 pit,
1915 4036 2103 4091 eadem
2150 4046 2381 4088 excussa
2420 4029 2767 4101 diligentius,
2824 4027 3130 4098 cujusmodi
3179 4028 3293 4083 visa

1743 4139 1919 4194 erant,
1954 4126 2220 4199 ejusmodi
2256 4140 2313 4179 re
2335 4124 2453 4194 ipsa
2480 4136 2603 4178 esse
2639 4118 2951 4190 comperiat,
2979 4118 3036 4173 in
3064 4118 3292 4189 phanta-

1746 4220 1839 4275 sia:
1858 4217 2063 4290 judicio
2087 4214 2403 4286 acquiescit,
2456 4225 2625 4279 eaque
2658 4209 3020 4280 persequitur.
3074 4206 3172 4263 Sin
3198 4224 3294 4263 ea-

1743 4312 1864 4365 dem
1894 4309 2051 4365 aliter
2089 4322 2149 4361 se
2192 4306 2389 4359 habere
2413 4302 2705 4371 intelligat,
2742 4314 2849 4354 non
2880 4300 3045 4355 haeret
3075 4299 3129 4353 in
3157 4311 3294 4368 pra:-

1744 4410 1895 4473 cepta
1935 4399 2257 4470 cogitatione
2298 4396 2536 4458 diutius,
2586 4393 2729 4464 quod
2772 4408 2959 4446 eorum
3005 4389 3290 4445 falsitatem

1743 4493 1879 4551 ratio
1926 4489 2163 4546 adhibita
2206 4481 3069 4553 consultatiOnedeprehenderit.
3129 4479 3291 4548 Atqui

92 4588 290 4659 μένων,
319 4588 397 4659 τῷ
416 4589 581 4643 πολὺν
605 4586 744 4644 εἶναι
768 4592 859 4643 τὸν
888 4591 1014 4661 περὶ
1057 4588 1152 4643 τοῦ
1195 4587 1533 4657 αύτεξουσίου
1559 4588 1643 4642 λό-

1744 4582 1811 4637 de
1834 4581 1994 4636 rebus
2017 4588 2225 4666 tantum
2256 4578 2343 4644 iis,
2376 4591 2497 4647 quae
2518 4575 2632 4630 fieri
2656 4589 2683 4628 a
2714 4573 2871 4629 nobis
2902 4580 3147 4643 possunt,
3168 4585 3293 4625 con-

90 4694 183 4746 γον
204 4680 264 4733 ἐν
288 4680 400 4741 τοῖς
435 4677 554 4732 καθ’
580 4680 728 4759 ήμᾷς
770 4680 1050 4749 δόγμασιν·
1095 4673 1139 4747 ᾧ
1177 4679 1273 4733 καὶ
1296 4678 1403 4730 τῶν
1434 4677 1652 4746 φιλοσό-.

92 4785 205 4838 φων
250 4769 580 4843 συνέδραμον
631 4770 690 4823 αἱ
736 4771 1124 4841 παρατεθεῖσαι
1168 4770 1361 4840 φωναὶ,
1405 4771 1515 4831 τοίς
1548 4769 1645 4839 μὲν

92 4860 207 4913 καθ’
239 4862 385 4932 ἡμᾶς
406 4861 569 4924 θείοις
598 4859 916 4939 γράμμασιν
951 4861 1433 4938 ἐπιμαρτυροῦσαι,
1466 4860 1565 4924 τὰς
1589 4860 1645 4913 δὲ

96 4953 220 5023 περὶ
250 4953 606 5023 εἱμαρμένης,
642 4951 704 5004 ού
736 4951 892 5021 μόνον
936 4951 1044 5005 τῶν
1081 4952 1287 5006 πολλῶν
1326 4951 1641 5025 ἀνθρώπων,

95 5040 225 5096 ἀλλὰ
244 5043 341 5095 καὶ
366 5043 475 5095 τῶν
493 5043 825 5114 χρησμῳδῶν
874 5040 982 5095 τῶν
1010 5042 1335 5113 θαυμαστῶν
1380 5042 1514 5095 θεῶν
1546 5042 1643 5104 τὰς

97 5130 247 5199 δόξας
268 5120 480 5201 ψευδεῖς
491 5133 656 5198 οῦσας
682 5133 1095 5203 ἀπελέγχουσαι·
1135 5136 1229 5187 καὶ
1265 5125 1370 5189 τῶν
1400 5134 1492 5205 μὲν
1511 5132 1643 5202 πρὸς

95 5223 214 5285 τοὺς
236 5224 511 5289 γενναίους
560 5227 838 5295 χρησμοὺς
867 5222 1222 5294 κυνικώτερον
1252 5223 1639 5288 ἀποτεθέντων,

96 5307 197 5362 τῶν
223 5308 283 5361 δέ
316 5309 448 5380 πρὸς
478 5311 605 5373 τοὺς
633 5298 975 5383 θαυμαστοὺς
1014 5311 1333 5382 φιλοσόφους
1362 5312 1513 5383 παρὰ
1535 5313 1642 5367 τῶν

97 5400 285 5463 αὺτοῖς
321 5400 607 5471 γνωρίμων
652 5402 1071 5477 ἀντειρημένων·
1134 5400 1249 5471 ῶρα
1305 5403 1397 5455 καὶ
1446 5401 1551 5456 τῶν
1583 5403 1641 5476 ἐξ

97 5491 441 5565 ἀστρολογίας
493 5492 628 5562 πρὸς
674 5494 810 5559 τοὺς
840 5490 1233 5555 Χαλδαῖξοντας
1285 5492 1392 5545 τῶν
1422 5492 1517 5563 τὴν
1547 5511 1642 5549 κα-

98 5583 341 5653 κότεχνον
370 5581 566 5654 ταύτην
617 5582 867 5658 γοητείαν
905 5585 979 5647 ὡς
1031 5586 1087 5636 ἐν
1142 5582 1295 5653 μέρει
1325 5583 1640 5654 μαθήματος

97 5672 565 5743 ἐπαγγελλομένων
584 5675 709 5736 τοὺς
725 5673 914 5742 λόγους
945 5673 1360 5741 ἐπισκέψασθαι·
1396 5673 1640 5745 παραθήο

100 5782 256 5839 σομαι
376 5780 461 5818 σοι
484 5767 575 5819 καί
592 5754 764 5825 τῶνδε
784 5766 883 5829 τὰς
909 5756 1208 5829 ἀποδείξεις
1238 5764 1296 5827 ἐξ
1331 5764 1518 5835 ἀνδρὸς
1541 5765 1639 5817 Σύ-

100 5871 181 5924 pou
210 5856 315 5928 μιν
344 5854 405 5907 τὸ
427 5853 592 5922 γένος,
645 5855 729 5909 ἐπ’
754 5851 919 5925 ἄκρον
949 5855 1007 5909 δὲ
1061 5854 1158 5923 τῆς
1187 5851 1491 5921 Χαλδαῐκῆς
1518 5854 1638 5904 ἐπι-

1747 4658 2094 4725 ευιιειῐοοοιιί
2132 4666 2499 4731 instituimus;
2548 4674 2687 4734 quas
2723 4662 2771 4717 si
2800 4660 3016 4730 quando
3053 4658 3292 4730 neglecta

1744 4759 2127 4817 deliberatione
2155 4755 2465 4821 fecerimus,
2500 4754 2811 4826 pacliitentia
2852 4767 2991 4822 saepe
3027 4750 3174 4826 ducti
3214 4764 3293 4807 te—

1744 4849 2006 4907 meritatis
2050 4848 2154 4919 ipsi
2178 4862 2279 4903 nos
2306 4863 2371 4902 ac
2402 4847 2641 4902 stultitia:
2671 4858 3009 4899 accusamus.
3069 4842 3215 4911 lmo,
3246 4846 3293 4899 si

1743 4944 1879 4999 alios
1908 4954 2125 5014 quoque
2145 4938 2293 4993 nullo
2315 4939 2382 4994 ad
2407 4953 2495 4992 res
2526 4934 2761 5005 agendas
2788 4934 3015 4989 consilio
3038 4936 3293 4989 accedere

1740 5035 2042 5093 videamus,
2074 5045 2189 5094 eos,
2219 5028 2379 5099 quasi
2407 5025 2699 5097 peccarint,
2736 5024 3125 5095 reprehendere
3154 5024 3294 5079 sole-

1742 5142 1897 5190 mus,
1943 5123 2151 5191 hosque
2191 5129 2287 5175 aut
2327 5120 2448 5174 illos
2474 5117 2755 5172 consulere
2786 5118 3069 5183 volumus,
3094 5116 3291 5186 quippe

1741 5217 1833 5287 qui
1882 5229 1969 5269 res
2017 5212 2136 5266 illas
2176 5220 2357 5267 nostra
2389 5209 2443 5262 in
2472 5215 2736 5280 potestate
2777 5208 2907 5262 sitas
2936 5220 3054 5261 esse
3088 5205 3290 5261 sentia-

1740 5323 1881 5363 mus.
1938 5304 2205 5359 Czeterum
2250 5314 2411 5372 quam
2461 5314 2597 5352 vana
2628 5298 2698 5353 sit
2723 5290 2999 5353 eorumde
3027 5295 3136 5350 fato
3166 5312 3289 5354 sen-

1740 5403 1923 5465 tentia,
1955 5400 2041 5455 vel
2065 5415 2133 5454 ex
2160 5414 2224 5453 eo
2242 5393 2528 5451 manifeste
2549 5395 2727 5465 quivis
2752 5392 3033 5462 intelligat,
3050 5392 3192 5460 quod
3220 5408 3288 5447 ne

1738 5492 1841 5561 ipsi
1864 5483 2076 5560 quidem
2101 5489 2219 5559 ejus
2248 5495 2541 5541 assertores
2576 5485 2799 5541 decretis
2826 5482 3145 5555 placitisque
3174 5483 3287 5537 suis

1738 5587 2106 5650 obtemperare
2152 5579 2378 5649 possint.
2436 5566 2567 5631 Nam
2612 5584 2665 5632 et
2692 5578 2994 5631 hortatores
3026 5591 3085 5630 sc
3108 5577 3287 5631 docto-

1737 5684 1929 5738 resque
1952 5668 2268 5737 proﬁtentur
2285 5705 2301 5730 ,
2333 5668 2561 5735 aliisque
2588 5673 2836 5726 auctores
2858 5672 3020 5733 sunt,
3044 5678 3103 5720 ut
3126 5667 3285 5722 disca-

1736 5764 1878 5835 plina
1902 5750 2103 5815 erudiri
2134 5776 2254 5816 sese
2280 5760 2668 5829 informarlqne
2693 5758 2999 5827 patiantur,
3045 5760 3283 5825 adeoque

1736 5854 1965 5925 graviter
2015 5867 2107 5909 eos
2142 5868 2205 5910 ac
2234 5852 2577 5910 vehementer
2616 5851 2932 5919 increpant.
2981 5853 3071 5917 qui
3114 5850 3285 5906 otilcio
