3976 6340
757 424 856 477 463

1363 432 1628 490 susse"
1666 435 2135 494 cessaremus
2181 435 2329 495 ore.
2373 440 2552 495 PARS
2587 440 2652 496 ιι.
2690 470 2760 486 -
2799 440 3292 527 APOLOGETIQA.
3839 429 3919 484 464

747 553 914 606 functi
939 570 1037 607 suo
1071 571 1174 608 non
1205 558 1418 623 fuerint,
1456 565 1638 628 utique
1663 567 1803 629 quod
1835 577 1929 613 sua
1957 562 2055 628 ipsi
2099 571 2270 628 διιοιιις

2401 570 2612 639 στήμης
2634 569 2971 639 ἐληλακότος.
3005 570 3334 640 Βαρδισανης
3365 568 3536 639 ὄνομα
3571 568 3650 638 τῷ
3694 571 3853 640 ἀνδρὶ,
3878 573 3918 635 ὃς

747 656 809 695 ac
841 645 1108 699 voluntate
1138 653 1487 715 peccaverint.
1549 652 1685 716 Quid
1726 652 1867 720 quod
1907 654 2173 705 volumina
2205 666 2285 703 re-

747 729 993 798 linquunt
1031 736 1128 805 ipsi
1173 741 1419 807 plurima,
1469 744 1664 810 quibus
1687 745 1931 809 juniores
1959 743 2164 797 institui
2197 758 2278 797 ve-

2397 660 2454 711 ἐν
2487 664 2594 722 τοῖς
2622 661 2754 730 πρὸς
2783 662 2908 724 τοὺς
2937 661 3182 729 ἑταίρους
3209 661 3508 728 Διαλόγοις
3547 659 3674 712 τάδε
3705 677 3779 729 πη
3815 680 3917 731 μνη-

2400 748 2672 819 μονεύεται
2704 750 2879 817 φάναι..

756 838 885 888 lint?
913 853 1072 906 quam
1119 837 1191 889 illi
1240 837 1476 904 profecto
1534 837 1756 888 docendi
1788 837 2134 889 ambitionem
2169 838 2491 900 omitterent,
2542 840 2584 892 si
2636 851 2684 893 et
2747 842 2951 894 veniam
2985 842 3050 896 iis
3072 882 3086 906 ,
3149 842 3238 909 qui
3270 841 3416 895 inviti
3450 852 3613 910 atque
3644 842 3899 910 impruden

756 937 833 982 tes
861 929 1170 989 oﬂ‘endunt,
1210 935 1304 984 abs
1347 945 1461 984 sese
1508 931 1656 993 dari,
1691 936 1744 982 et
1808 929 1898 997 qui
1933 929 2177 982 consullo
2239 941 2477 996 peccant,
2515 946 2610 985 eos
2668 948 2822 1000 poena
2848 935 3037 1001 dignos
3102 935 3433 1002 pronuntiari
3464 935 3779 1002 cogitarent,
3805 932 3919 1000 quod

756 1025 821 1080 iis
842 1038 1061 1094 peccare
1086 1023 1168 1076 vel
1198 1037 1301 1075 non
1332 1037 1551 1092 peccare
1580 1022 1845 1089 integrum
1875 1019 2085 1074 fuisset.
2117 1018 2295 1084 Quare
2351 1030 2402 1072 et
2465 1020 2557 1073 fati
2582 1022 2952 1075 necessitatem
2987 1031 3231 1076 evertunt
3256 1023 3356 1092 ipsi
3386 1038 3620 1092 quoque,
3649 1034 3704 1076 et
3729 1024 3919 1077 liberam

755 1117 960 1173 arbitrii
1019 1123 1332 1186 potestatem
1419 1114 1573 1168 nobis
1620 1128 1648 1166 a
1699 1122 1887 1165 natura
1941 1111 2115 1164 inesse
2160 1109 2477 1164 confirmant
2545 1131 2557 1164 :
2625 1112 3072 1180 quemadmodum
3117 1128 3246 1166 sane
3288 1113 3542 1183 pleraque
3583 1113 3726 1181 juris
3778 1115 3917 1166 nostri

753 1228 856 1267 non
885 1219 1028 1286 sunt,
1059 1219 1114 1263 ut
1141 1225 1259 1278 qua:
1284 1208 1366 1262 vel
1393 1217 1581 1261 natura
1605 1213 1684 1261 vel
1715 1223 1840 1261 casu
1867 1205 2021 1268 ﬁunt,
2049 1206 2142 1260 sed
2171 1223 2290 1275 quae
2327 1207 2495 1259 nihilo
2559 1208 2738 1262 verius
2803 1209 3064 1276 assignari
3097 1206 3204 1262 fato
3234 1209 3459 1277 possint,
3490 1217 3549 1261 ut
3580 1209 3918 1277 superioribus

751 1302 1079 1372 argumentis
1121 1302 1536 1355 demonstratum
1579 1307 1680 1352 est.
1744 1297 1916 1366 Atque
1958 1296 2042 1350 his
2073 1311 2100 1348 a
2139 1296 2294 1349 nobis
2329 1312 2517 1364 magna
2550 1313 2616 1350 ex
2674 1297 3014 1351 multitudine
3075 1297 3129 1350 in
3169 1298 3436 1366 epitomen
3469 1298 3590 1353 ideo
3633 1300 3918 1359 contractis,

749 1395 890 1463 quod
927 1395 1154 1464 plurima
1205 1394 1401 1447 nostris
1448 1393 1498 1445 in
1541 1391 1729 1445 litteris
1778 1392 1844 1444 de
1885 1391 2092 1443 arbitrii
2163 1390 2331 1442 nostri
2372 1389 2620 1444 facultate
2665 1389 2962 1446 habeantur
3008 1374 3241 1461 (quibus
3281 1393 3533 1460 producta
3600 1393 3920 1462 philosopho-

751 1507 869 1546 rum
912 1484 1214 1545 testimonia
1265 1490 1631 1552 consentiunt,
1679 1490 1804 1540 dum
1868 1499 1921 1538 et
1950 1500 2224 1538 sacrarum
2257 1486 2321 1538 ad
2363 1486 2707 1553 paginarum,
2742 1487 2938 1560 quibus
2997 1488 3228 1551 utimur,
3263 1487 3628 1540 auctoritatem
3662 1489 3918 1546 accedunt,

653 1655 656 1658 .
745 1597 802 1641 et
831 1587 959 1641 istas
1000 1588 1064 1640 de
1113 1585 1220 1639 fato
1265 1602 1369 1638 non
1412 1584 1691 1637 tralatitias
1737 1584 1877 1650 vulgi
1908 1589 2115 1633 tantum
2148 1618 2161 1642 ,
2205 1580 2294 1633 sed
2332 1581 2666 1650 egregiorum
2727 1584 2885 1634 etiam
2950 1581 3706 1650 fatidicorumquenuminum
3738 1585 3919 1651 opinio-

749 1693 844 1733 nes
867 1678 985 1734 falsi
1015 1679 1374 1749 coarguunt),
1437 1677 1594 1747 273
1629 1686 1844 1744 totaque
1870 1677 1918 1726 vi
1948 1674 2322 1742 disputationis
2361 1676 2550 1744 partim
2612 1677 2662 1728 in
2714 1677 2967 1744 prazclara
3015 1678 3232 1731 oracula
3263 1677 3627 1731 vehementius
3678 1678 3919 1746 asperius-

747 1789 850 1841 que
891 1771 1101 1836 collata,
1132 1772 1323 1839 partim
1371 1771 1627 1823 adversus
1689 1768 1914 1823 eximios
1953 1766 2318 1834 philosophos,
2354 1782 2458 1819 non
2506 1767 2645 1832 aliis,
2699 1782 2858 1834 quam
2906 1782 3093 1821 eorum
3133 1768 3391 1835 ipsorum,
3423 1781 3560 1835 quos
3587 1782 3757 1835 usque
3810 1769 3918 1819 adeo

749 1873 965 1927 norunt,
991 1863 1270 1918 sententiis
1299 1861 1579 1930 verbisque
1598 1869 1865 1914 contexta.
1918 1857 2078 1911 Juvat
2121 1872 2306 1910 eorum
2347 1858 2618 1927 deinceps,
2663 1874 2797 1927 quos
2827 1859 3120 1928 astrologos
3161 1860 3459 1924 nominant,
3521 1860 3779 1913 adversus
3808 1860 3917 1912 istos

745 1956 1111 2011 Chaldazorum
1157 1965 1464 2020 sectatores,
1507 1955 1597 2023 qui
1638 1955 1715 2008 sic
1761 1955 1891 2008 artis
1950 1953 2163 2006 nefariae
2211 1954 2542 2022 praestigias,
2611 1962 2866 2022 tanquam
2933 1954 3188 2009 doctrina:
3257 1965 3459 2024 partem
3507 1955 3740 2024 aliquam
3789 1961 3919 2023 proli-

745 2060 942 2118 tentur,
993 2053 1228 2106 rationes
1269 2051 1584 2119 expendere.
1643 2049 1789 2114 Quas
1860 2049 2073 2117 quidem
2116 2064 2178 2101 ex
2227 2049 2440 2102 homine
2466 2048 2638 2119 Syro,
2699 2051 2789 2118 qui
2837 2066 3100 2103 summam
3153 2051 3447 2105 Chaldaicaa
3516 2053 3772 2106 doctrinas
3819 2069 3917 2121 per-

746 2149 1033 2202 fectionem
1065 2157 1117 2202 et
1148 2146 1538 2202 absolutionem
1579 2147 1800 2214 adeptus
1837 2155 1986 2210 erat,
2037 2152 2136 2198 hoc
2184 2146 2300 2199 loco
2338 2144 2688 2212 proferemus.
2744 2149 3071 2200 Baruesanes
3130 2161 3175 2200 ts
3217 2145 3334 2210 fuit,
3368 2161 3526 2214 quem
3559 2147 3611 2200 in
3641 2150 3772 2214 suis,
3803 2165 3916 2218 quos

745 2244 810 2297 ad
834 2243 1124 2312 disciplina:
1149 2242 1323 2297 socios
1352 2242 1582 2310 scripsit,
1615 2241 1878 2310 Dialogis,
1923 2241 2063 2295 hunc
2087 2242 2140 2294 in
2165 2241 2380 2294 modum
2410 2241 2779 2310 philosophari
2809 2249 3129 2294 memorant.

1360 2333 1581 2387 CAPUT
1620 2335 1686 2387 X.

747 2429 829 2482 Ea:
875 2429 1250 2481 mathematicis
1302 2428 1459 2480 etiam
1509 2426 1834 2493 disciplinis,
1877 2425 1978 2494 fati
2012 2424 2290 2476 vanitatem

954 2501 1166 2567 coargui
1190 2513 1355 2566 posse.
1395 2495 1476 2549 Ea:
1501 2496 1816 2548 Bardesanis
1849 2497 2078 2561 scriptis.

817 2671 835 2703 ‹
871 2650 1083 2705 Naturae
1106 2652 1331 2720 legibus.
1369 2651 1562 2719 inquit,
1591 2659 1876 2719 generatur
1905 2650 2088 2715 homo,
2111 2648 2289 2713 alitur,

743 2744 966 2806 crescit,
998 2752 1246 2810 generat,
1277 2742 1540 2806 comedit,
1570 2741 1737 2806 bibit,
1778 2741 2012 2803 dormit,
2040 2741 2290 2806 senescit,

745 2835 999 2889 moritur:
1020 2842 1174 2900 atque
1193 2833 1242 2885 id
1266 2831 1408 2884 omni
1427 2847 1530 2884 non
1550 2831 1749 2884 homini
1770 2839 1997 2892 tantum.
2023 2829 2114 2883 sed
2127 2830 2290 2882 etiam

741 2926 945 2993 experti
971 2925 1190 3000 rationis
1217 2923 1474 2977 ani'manti
1505 2937 1790 2976 commune
1811 2929 1912 2974 est.
1945 2919 2144 2972 Verum
2178 2918 2294 2972 aui-

743 3024 947 3068 mantes
976 3022 1198 3074 canem,
1229 3012 1369 3080 quod
1404 3020 1590 3080 pneter
1622 3023 1838 3062 sensum
1869 3007 2004 3060 nihil
2036 3007 2289 3069 habeant,

742 3106 990 3174 quodque
1021 3113 1143 3157 totae
1168 3103 1332 3156 maris
1366 3117 1427 3154 ac
1455 3100 1666 3153 feminae
1722 3099 2100 3167 congressione
2129 3113 2289 3167 gene-

742 3203 963 3254 rentur,
1007 3201 1208 3245 naturaa
1258 3204 1470 3258 quoque
1518 3189 1568 3240 in
1605 3189 1854 3241 omnibus
1907 3187 2287 3257 propemodum

742 3285 941 3351 impetu
974 3283 1273 3350 rapiuntur.
1305 3280 1410 3332 Leo
1441 3294 1602 3331 carne
1637 3279 1897 3343 vescitur;
1935 3278 2095 3342 idem,
2124 3278 2289 3332 silac-

741 3375 844 3438 dis,
882 3373 1200 3428 ulciscitur:
1237 3372 1417 3439 itaque
1464 3370 1645 3423 leones
1687 3385 1875 3423 omnes
1920 3381 1971 3424 et
2016 3386 2176 3424 carne
2205 3384 2290 3423 ve-

744 3477 982 3528 scuntur,
1002 3474 1053 3518 et
1075 3465 1426 3525 ulciscuntur,
1445 3463 1488 3517 si
1520 3462 1684 3516 laedis.
1714 3459 1850 3516 Oves
1877 3462 2038 3515 herba
2065 3477 2290 3516 vescun-

742 3569 845 3621 tur,
895 3573 1082 3611 carnes
1127 3572 1191 3609 ne
1237 3557 1503 3624 attingunt
1531 3555 1768 3622 quidem;
1815 3569 1952 3618 nec,
1987 3555 2030 3606 si
2067 3553 2286 3618 laeseris,

742 3651 1072 3718 ulciscuntur
1119 3669 1131 3700 :

739 3742 1045 3795 communis
1069 3749 1168 3792 est.
1225 3737 1479 3805 Scorpius
1501 3747 1552 3791 et
1580 3747 1776 3791 terram
1803 3738 2054 3800 comedit,
2089 3748 2141 3791 et
2167 3739 2284 3792 illos

739 3835 919 3895 etiam,
970 3847 998 3885 a
1045 3831 1238 3900 quibus
1289 3831 1420 3883 nihil
1462 3830 1573 3898 ipse
1610 3830 1766 3883 lzesus
1796 3828 1974 3892 fuerit,
2026 3839 2285 3882 venenato

742 3924 958 3977 stimulo
1019 3924 1291 3986 vulnerat;
1347 3937 1451 3988 qua
1502 3921 1842 3988 improbitate
1901 3934 2068 3988 genus
2128 3935 2285 3972 omne

739 4013 1069 4082 scorpiorum
1117 4013 1341 4065 laborat.
1376 4013 1618 4065 Formica
1650 4012 1699 4064 id
1729 4027 1756 4064 a
1789 4021 1986 4065 natura.
2016 4012 2191 4075 habet,
2229 4021 2285 4064 ut

741 4107 967 4159 hiemem
993 4104 1270 4156 imminere
1303 4101 1628 4169 praesentiat,
1657 4117 1825 4169 eoque
1857 4111 2019 4154 totam
2043 4110 2281 4154 :eslatetn

740 4195 956 4250 assiduo
983 4194 1164 4247 labore
1193 4201 1397 4257 terens,
1430 4192 1679 4244 alimenta
1712 4200 1933 4258 reponat
1955 4191 2052 4244 sibi
2091 4209 2102 4241 :
2139 4191 2280 4259 quod

739 4287 806 4338 ab
836 4286 1084 4340 omnibus
1129 4284 1367 4338 formicis
1417 4283 1532 4336 fieri
1585 4281 1849 4334 videmus.
1911 4282 2038 4349 Apis
2077 4297 2198 4335 cum
2227 4283 2279 4334 in

737 4377 1064 4432 elaborando
1108 4376 1259 4430 melle
1291 4376 1514 4440 versari,
1552 4384 1658 4427 tum
1688 4374 1847 4427 etiam
1879 4373 2062 4425 eodem
2090 4373 2155 4424 ali
2193 4387 2282 4425 so-

738 4471 808 4524 let
844 4488 856 4523 :
895 4483 1060 4537 quare
1092 4466 1145 4520 id
1173 4466 1405 4519 studium
1438 4465 1685 4518 omnibus
1720 4465 1772 4516 in
1810 4463 1998 4530 apibus
2024 4462 2277 4514 cernitur.

738 4561 950 4615 Possem
1000 4559 1244 4628 equidem
1275 4558 1374 4610 alia
1410 4556 1656 4624 pleraque
1707 4553 2058 4606 animantium
2089 4567 2278 4620 genera

736 4653 1029 4723 producere
1053 4693 1065 4715 ,
1099 4664 1215 4718 qua:
1246 4648 1384 4717 quod
1410 4645 1692 4716 peculiaris
1732 4654 1936 4698 natura:
1959 4643 2066 4695 vim
2093 4650 2145 4696 et
2176 4643 2278 4694 im-

737 4754 913 4811 petum
961 4742 1203 4795 deserere
1246 4745 1532 4806 nequeant,
1574 4751 1636 4788 eo
1663 4735 1777 4802 ipso
1806 4735 1959 4788 nobis
1989 4734 2277 4802 plurimum

738 4832 1160 4886 admirabilitatis
1193 4831 1389 4885 habere
1435 4828 1761 4880 viderentur.
1819 4824 1919 4879 Sed
1951 4824 2188 4878 futurum
2226 4825 2275 4876 id

737 4926 867 4978 satis
919 4924 1238 4984 existimavi,
1302 4923 1345 4975 si
1391 4920 1690 4989 vulgarium
1743 4927 1794 4971 et
1839 4917 2275 4987 quotidianorum

1184 3664 1243 3701 ac
1285 3647 1378 3700 toti
1428 3648 1606 3698 ovium
1644 3647 1824 3715 generi
1868 3646 2154 3700 instinctus
2191 3646 2288 3698 isto
2316 3684 2354 3735 Ο

2915 2332 3306 2384 ΚΕΦΑΛΑῘΟΝ
3329 2333 3382 2383 I’.

2405 2423 2499 2487 Ὡς
2529 2423 2624 2474 καὶ
2652 2423 2766 2476 ἀπὸ
2802 2422 2908 2487 τῆς
2932 2421 3333 2493 μαθηματικῆς
3375 2423 3614 2493 θεωρίας
3637 2428 3670 2477 ὀ
3698 2428 3820 2493 περὶ
3849 2430 3912 2478 εἵ-

2806 2493 3105 2561 ὲλέγχεται
3155 2492 3351 2560 λόγος,
3404 2494 3470 2544 ἐκ
3508 2492 3623 2546 τῶν
3661 2492 3914 2563 Baptizati-

2467 2673 2484 2705 ι
2522 2653 2677 2706 Κατὰ
2709 2653 2864 2721 φύσιν
2917 2655 2943 2706 ό
2991 2652 3270 2724 ἄνθρωπος
3319 2655 3600 2722 γεννᾶται,
3660 2657 3908 2727 τρέφεται,

2391 2746 2643 2814 ἀκμάζει,
2671 2747 2848 2814 γεννᾷ,
2886 2743 3069 2808 ἐσθίει,
3099 2745 3258 2810 πίνει,
3284 2748 3556 2815 κοιμᾶται,
3613 2751 3775 2819 γηρᾷ,
3803 2751 3910 2801 ἀπα

2391 2837 2628 2907 θνήσκει·
2667 2837 2757 2889 xui
2804 2837 2958 2888 τοῦτο
2990 2837 3186 2900 παντὸς
3236 2837 3536 2906 ἀνθρώπου,
3593 2842 3687 2892 καί
3740 2841 3909 2900 παντὸς

2392 2928 2580 2994 ἀλόγου
2607 2928 2762 2991 quo».
2795 2928 2903 2980 Καὶ
2932 2929 2998 2978 τά
3034 2929 3128 2995 μὲν
3154 2929 3285 2981 ἄλλα
3314 2929 3424 2992 ζῶα
3449 2929 3649 2998 ψυχικά
3681 2932 3820 2992 ὄντα,
3838 2934 3908 2983 καὶ

2389 3019 2562 3071 διόλου
2619 3019 2754 3070 κατὰ
2786 3019 3094 3089 συμπλοκὴν
3139 3021 3489 3090 γεγενημένα,
3541 3021 3708 3073 διόλου
3751 3024 3908 3090 σχεδὸν

2391 3110 2527 3162 κατὰ
2555 3109 2711 3178 φύσιν
2741 3111 2978 3180 φέρεται.
3012 3111 3158 3163 Λέων
3207 3116 3554 3181 σαρκοφαγεῖ,
3607 3114 3696 3166 καὶ
3737 3116 3908 3183 ἀμύνε-

2389 3220 2496 3266 ται,
2523 3203 2642 3255 εἴτι
2669 3204 2915 3272 ἀδικηθῇ·
2953 3205 3044 3256 καὶ
3077 3204 3162 3256 διὰ
3209 3205 3362 3255 τοῦτο
3415 3207 3610 3269 πάντες
3636 3209 3682 3258 οἱ
3726 3208 3906 3269 λέοντες

2392 3293 2792 3363 σαρκοφαγοῦσι
2821 3295 2909 3346 καὶ
2933 3294 3238 3363 ἀμύνονται.
3277 3295 3383 3348 Καὶ
3409 3296 3638 3366 ἀμνάδες
3677 3315 3908 3368 χορτοφα-

2390 3383 2563 3448 γοῦσι,
2589 3385 2680 3434 καὶ
2701 3383 2873 3450 κρεῶν
2905 3384 2998 3453 οὐχ
3022 3385 3297 3448 ἆπτονται,
3330 3386 3421 3438 καὶ
3464 3385 3799 3456 ἀδικούμεναι
3827 3390 3906 3442 οὐκ

2389 3469 2700 3538 ἀμύνονται·
2727 3472 2817 3522 καὶ
2845 3473 2871 3523 ό
2900 3472 3056 3532 αὐτὸς
3086 3472 3281 3541 τρόπος
3307 3475 3480 3544 πάσης
3505 3476 3753 3545 ἁμνάδος.
3774 3477 3907 3546 Σκοςμ

2393 3559 2508 3620 atto;
2537 3562 2636 3635 γῆν
2662 3561 2846 3622 ἐσθίει,
2866 3562 2956 3613 καὶ
2982 3564 3104 3624 τοὺς
3128 3566 3199 3634 μὴ
3230 3566 3584 3634 ἀδικήσαντας
3602 3567 3786 3629 ἀδικεῖ,
3805 3568 3904 3619 κένο

2390 3667 2498 3718 τρῳ
2535 3649 2719 3720 ῐοὸὁλῳ
2767 3651 3034 3721 πλήσσων.
3086 3640 3272 3725 Καὶ’ἡ
3328 3655 3462 3724 αὑτὴ
3512 3657 3674 3708 κακία
3718 3658 3903 3709 πάντων

2393 3740 2677 3809 σκορπίων.
2703 3739 2935 3810 Μύρμηξ
2960 3742 3094 3794 κατὰ
3125 3743 3281 3810 φύσιν
3303 3741 3410 3796 οἶδε
3439 3744 3698 3813 χειμῶνος
3730 3762 3904 3812 παρον-

2388 3829 2524 3889 σίαν,
2559 3831 2648 3881 καὶ
2669 3830 2731 3880 δι’
2752 3829 2875 3900 ὅλης
2904 3830 3112 3901 θερείας
3150 3835 3363 3902 κάμνων
3404 3834 3708 3890 ἀποτίθεται
3755 3834 3901 3902 ἑαυτῷ

2383 3922 2602 3990 τροφάς·
2635 3923 2725 3973 καὶ
2759 3922 2956 3990 ὁμοίως
3016 3924 3212 3986 πάντες
3263 3924 3547 3994 μύρμηκες
3589 3928 3898 3996 ἐργάζονται.

2385 4008 2623 4059 Μέλισσα
2655 4008 2772 4076 μέλι
2803 4014 3051 4080 γ-ωργεῐ,
3103 4010 3160 4074 ἐξ
3207 4006 3266 4063 οὗ
3309 4015 3400 4065 καὶ
3452 4015 3720 4084 τρέψεται·
3771 4017 3898 4081 καὶὴ

2384 4100 2516 4167 αὑτὴ
2552 4101 2790 4169 γεωργία
2823 4102 3018 4164 πάσαις
3049 4104 3343 4171 μελίσσαις.
3383 4106 3493 4158 Καὶ
3526 4102 3592 4175 ἦν
3618 4106 3776 4159 πολλὰ
3805 4106 3896 4172 εἴδη

2384 4189 2630 4242 ἐκθέσθαι
2662 4193 2788 4260 ἡμῖν
2811 4193 2916 4243 τῶν
2953 4191 3122 4257 ζώων,
3173 4194 3344 4256 ἅτινα,
3371 4196 3468 4266 τῆς
3502 4195 3710 4264 φύσεως
3737 4196 3802 4266 μὴ
3831 4196 3898 4246 δύο

2382 4281 2580 4347 νάμενα
2605 4281 2878 4349 ἐκστῆναι,
2909 4282 3072 4356 πολὺν
3110 4283 3427 4354 θαυμασμὸν
3470 4289 3761 4356 παρασχεῖν
3790 4286 3892 4355 ὑμῖν

2383 4374 2614 4425 ἐδύνατο·
2640 4367 2750 4426 ἀλλ’
2773 4376 3013 4444 αὐτάρκη
3043 4377 3330 4445 ἡγησάμην
3357 4379 3420 4429 ὲκ
3453 4377 3556 4431 τῶν
3586 4377 3893 4450 παρακειμέο

2381 4480 2482 4514 νων
2504 4464 2600 4531 τὴν
2647 4464 2916 4527 ἀπόδειξιν
2951 4465 3290 4536 ποιήσασθαι,
3319 4469 3397 4520 ὅτι
3429 4468 3496 4521 τὰ
3526 4470 3624 4540 μὲν
3651 4469 3775 4523 ἄλλα
3804 4468 3893 4531 ζῶα

2381 4554 2517 4604 κατὰ
2535 4554 2630 4623 τὴν
2661 4555 2962 4624 κοινότητα,
2998 4556 3090 4606 καὶ
3123 4557 3218 4624 τὴν
3264 4557 3540 4627 διατορὰν,
3583 4560 3719 4612 κατὰ
3758 4558 3893 4627 φύσιν

2379 4643 2615 4696 δοθεῖσαν
2640 4646 2873 4714 ἑκάστῳ,
2930 4645 2987 4707 ἐξ
3008 4647 3254 4716 ἀνάγκης
3300 4647 3464 4718 ἡδέως
3520 4651 3756 4722 φέρεται.
3789 4652 3890 4700 ’Λν-

2381 4737 2581 4809 θρωποι
2613 4737 2688 4800 δὲ,
2723 4737 2869 4806 μόνοι
2921 4738 2978 4789 τὸ
3010 4737 3276 4806 ἐξαίρετον
3306 4739 3533 4806 ἔχοντες,
3586 4739 3676 4791 τόν
3709 4754 3764 4791 τε
3792 4735 3889 4789 νοῦν

2379 4830 2469 4880 καὶ
2499 4830 2589 4880 τὸν
2614 4831 2676 4880 ὲκ
2703 4827 2884 4879 τούτου
2909 4830 3304 4897 προφερόμενον
3335 4827 3506 4896 λόγον,
3536 4828 3674 4882 κατά
3697 4828 3785 4900 μὲν
3811 4829 3888 4896 την

2377 4921 2653 4990 κοινότητα
2678 4920 2892 4971 ἕπονται
2920 4922 2983 4988 τῇ
3026 4919 3178 4987 φύσει
3219 4932 3234 4987 t
3257 4920 3330 4980 ὡς
3361 4921 3614 4988 προεῖπον
3636 4924 3675 4980 ὶ,
3700 4918 3821 4976 κατὰ
3845 4917 3888 4968 δὲ

732 5012 975 5080 exemplo
1006 5012 1268 5070 docerem,
1301 5011 1595 5061 animantes
1619 5007 1831 5075 quidem
1855 5015 2094 5066 caateras,
2119 5013 2277 5073 prout

2384 5013 2437 5062 τὸ
2462 5011 2728 5081 ἐξαίρετον
2760 5012 2818 5062 ού
2854 5011 2987 5061 κατὰ
3019 5011 3175 5078 φύσιν
3221 5008 3602 5062 πολιτεύονται.
3634 5009 3757 5062 Οὐδὲ
3800 5004 3888 5072 γὰρ

803 5124 909 5192 (98)
948 5124 1039 5173 Ἐκ
1058 5121 1170 5172 τῶν
1199 5118 1587 5185 Βίιρδισὰνου.
1621 5118 1763 5192 Alter
1791 5132 1854 5192 ex
1880 5132 2034 5181 mss.,
2069 5115 2274 5192 Βαρδη-

737 5187 914 5256 σάνου,
966 5208 1057 5260 per
1094 5209 1161 5260 η,
1207 5205 1324 5256 quae
1363 5189 1699 5260 connnunlor
1747 5187 2169 5260 scriptura‘est.
2216 5187 2270 5237 S.

734 5256 1058 5330 Epiphanius
1088 5256 1271 5313 haeresi
1291 5273 1448 5310 xxxvr
1470 5274 1605 5330 ,q_ua:
1631 5258 1765 5330 alias
1786 5271 1890 5317 LVI,
1912 5256 2276 5330 βαρῇησιάνην

732 5324 916 5395 vocat,
939 5333 1160 5399 ejusque
1201 5337 1488 5382 sectatores
1516 5325 1995 5399 Bupoqatuvzctug._
2017 5324 2199 5399 Notior
2224 5327 2268 5377 is

732 5412 811 5453 est
846 5395 1004 5469 quam
1037 5395 1094 5453 ut
1131 5401 1246 5453 luce
1280 5399 1528 5469 indigeat.
1578 5395 1948 5469 Fragmentum
1977 5395 2074 5469 _hic_
2103 5395 2266 5447 habes

731 5462 1108 5539 elegantissimi
1138 5481 1188 5521 et
1210 5465 1821 5539 accuratissimiopcris,
1849 5462 1988 5529 quod
2015 5464 2268 5539 adversus

732 5533 952 5592 Abidam
1000 5540 1317 5606 astrologum
1342 5578 1355 5598 ,
1396 5538 1474 5585 vir
1510 5534 1723 5601 Syriaca
1753 5533 2063 5606 (iuncique
2090 5533 2267 5606 lingua

730 5609 1114 5661 disertissimus
1163 5600 1492 5663 elaboravit,
1553 5600 1619 5654 ut
1679 5603 1860 5654 scribit
1915 5600 2264 5667 Epiphanius.

732 5678 948 5729 Librum
1002 5678 1343 5744 inscripserat
1396 5675 1701 5733 Antonino,
1741 5683 1799 5744 _ut
1842 5671 2036 5744 Euseb.
2087 5680 2267 5722 noster

736 5747 934 5799 Histor.
965 5747 1052 5798 lib.
1087 5740 1225 5808 tv,'c.
1263 5747 1358 5807 ult,
1385 5755 1569 5796 auctor
1596 5752 1694 5792 est.
1726 5740 2261 5808 Antoninumporro,

732 5833 833 5868 non
867 5815 1038 5877 Pium,
1069 5807 1160 5866 sed
1199 5814 1386 5866 Verum
1431 5812 1678 5877 intellige,
1726 5819 1782 5859 ut
1827 5819 2005 5861 monet
2031 5807 2261 5875 Epipha—

730 5888 869 5941 nius.
901 5886 1156 5938 Eumdem
1209 5883 1558 5949 Hieronymus
1590 5879 1677 5932 lib.
1725 5877 1798 5929 De
1828 5878 2067 5944 scriptor.
2105 5877 2264 5931 εει-[ευ

2377 5124 2550 5184 siast.,
2584 5123 2662 5175 vir
2697 5121 2946 5174 masculae
2975 5121 3223 5174 dictionis
3258 5120 3419 5186 judex
3461 5119 3770 5181 acerrimus,
3799 5129 3884 5168 non

2380 5194 2628 5258 praedicat
2658 5192 2835 5246 modo.
2865 5193 2954 5243 sed
2985 5193 3142 5243 etiam
3188 5191 3431 5241 miratur.
3459 5189 3526 5241 At
3555 5202 3678 5242 cum
3704 5187 3886 5258 ﬂlere-

2382 5255 2598 5313 hemens
2631 5263 2761 5312 adeo
2791 5261 2947 5312 fuerit
2968 5261 3057 5311 lati
3084 5269 3435 5329 oppugnator,
3462 5255 3881 5329 quemadmodu-

2374 5331 2511 5396 apud
2546 5330 2606 5380 B.
2639 5330 3015 5397 Augustinum,
3050 5326 3248 5382 haeresi
3281 5343 3443 5390 xxxv,
3480 5326 3752 5397 irrepserit
3780 5337 3865 5374 ne-

2377 5395 2509 5463 scio,
2560 5400 2701 5451 hunc
2731 5395 2812 5450 'ad
2849 5397 3113 5463 Valentini
3146 5411 3374 5457 errores,
3410 5397 3678 5448 addidisse
3707 5395 3765 5445 de
3787 5405 3879 5463 suo,

2376 5482 2428 5521 ut
2493 5459 2602 5534 fato
2668 5470 2940 5520 ascriberet
2996 5459 3401 5520 conversationes
3456 5466 3735 5516 hominum.
3797 5459 3877 5513 Sed

2377 5539 2720 5605 tnanuscripti
2779 5539 2952 5590 codd.-
2995 5537 3286 5591 clausulam
3359 5536 3515 5588 istam
3578 5538 3874 5605 expungunt.

2375 5607 2508 5661 Huic
2544 5602 2705 5675 porro
2733 5605 3049 5659 Bardesanis
3071 5605 3415 5675 disputationi
3468 5603 3673 5675 gemina
3705 5602 3783 5675 illa
3817 5605 3879 5674 est

2375 5670 2620 5742 quam-in
2657 5677 2814 5727 simili
2847 5690 3010 5729 causa
3047 5670 3180 5727 bene
3227 5674 3436 5740 longam
3464 5673 3725 5742 Caesarius
3750 5670 3876 5721 insti-

2373 5738 2486 5806 tuit,
2524 5757 2665 5800 torno
2695 5743 3064 5796 [Bibliotheca
3083 5738 3510 5805 Patrum,'novze
3539 5741 3665 5793 edit.
3691 5738 3876 5806 (iratoq-

2369 5803 2484 5870 Lat.
2515 5832 2567 5884 p.
2612 5815 2735 5877 610,
2764 5815 2973 5928 (lialogo
3004 5828 3058 5880 ιι,
3090 5803 3436 5882 responsione
3468 5811 3534 5866 ad
3565 5818 3748 5879 quaest.
3777 5803 3871 5859 {09.
