4020 6342
136 419 266 476 465

1316 425 1638 480 ΡΒίΕΡΑΒ.
1679 427 1928 482 EVANG.
1967 427 2094 481 LIB.
2137 428 2220 481 Vl.

3258 423 3358 476 466

135 541 252 609 μία
280 541 483 612 βρῶσις
521 543 692 612 ἡτῶν
748 543 1014 596 ἀπάντων·
1058 543 1202 595 ἄλλοι
1255 545 1351 614 μὲν
1395 545 1533 599 κατά
1588 547 1695 608 τοὺς

1810 562 1901 600 eas
1926 548 2005 600 vel
2032 547 2168 600 inter
2198 561 2256 600 se
2286 545 2666 600 communione
2694 543 2988 614 conjunxit,
3017 544 3095 596 vel
3127 542 3360 596 dissimi-

129 630 372 695 λέοντας
396 632 698 702 τρένρονται,
727 633 872 685 ἄλλοι
912 633 966 686 δὲ
1018 634 1153 686 κατὰ
1187 634 1283 698 τὰς
1326 636 1582 705 ἀμνάδας·
1619 637 1714 706 οὐχ

131 721 200 772 ἓν
237 735 264 761 ι
297 724 508 791 ἔχοντες
539 723 718 793 σχῆμα
748 727 1094 795 φορημάτων,
1132 728 1230 779 οὐκ
1262 727 1382 790 ἔθος
1408 727 1484 791 ἓν,
1516 729 1612 797 οὐχ
1635 724 1714 791 εἷς

129 811 314 880 νόμος
342 813 608 876 πολιτείας
641 815 914 877 ὲναύτοίς,
961 819 1020 868 οὐ
1061 819 1151 886 μία
1178 819 1385 887 κίνησις
1423 819 1713 889 ἐπιθυμίας

129 908 258 960 τῶν
303 910 654 980 πραγμάτων·
689 909 801 962 ἀλλ’
833 912 1056 974 ἕκαστος
1100 913 1204 965 τῶν
1241 913 1538 984 ἀνθρώπων
1572 916 1712 968 κατά

136 998 246 1067 τὴν
282 999 419 1051 ἰδίαν
452 1000 661 1069 θέλησιν
712 1002 941 1070 αἱρεῖται
985 1002 1159 1070 ἑαυτῷ
1192 1002 1321 1071 βίον,
1359 1005 1447 1055 τὸν
1489 1003 1712 1073 πλησίον

133 1088 226 1156 μὴ
252 1088 604 1157 μιμούμενοῧ
633 1088 769 1158 πλὴν
820 1091 876 1140 έν
930 1086 1010 1152 οἷς
1041 1091 1300 1159 βούλεται.
1330 1092 1400 1143 Τὸ
1429 1091 1535 1162 γὰρ
1564 1093 1711 1144 ἐλεύ-

129 1175 202 1228 θε
215 1194 308 1246 ρον
338 1178 496 1231 αὑτοῦ
525 1179 618 1247 οὐχ
645 1179 922 1232 ὑπόκειται
953 1181 1181 1250 δουλεία·
1220 1183 1310 1233 καὶ
1337 1183 1390 1232 εἴ
1417 1199 1542 1234 ποτε
1569 1183 1708 1235 ἑκὼν

127 1267 442 1331 δουλεύσει,
471 1269 746 1322 καὶτοῦτο
793 1272 892 1339 τῆς
937 1271 1239 1341 ἐλευθερίας
1278 1271 1437 1323 αὑτοῦ
1489 1274 1621 1337 ἐστι,
1649 1273 1709 1326 τὸ

127 1359 408 1413 δύνασθαι
435 1361 702 1413 δουλεύειν
760 1363 970 1416 ἑκόντα.
1029 1364 1186 1414 Πόσοι
1237 1364 1342 1416 τῶν
1387 1363 1706 1435 ἀνθρώπων,

127 1450 238 1502 καὶ
267 1452 499 1520 μάλιστα
520 1452 624 1505 τῶν
677 1454 965 1530 Ἀλαναίων
995 1453 1123 1523 (99),
1146 1455 1220 1516 ὡς
1255 1455 1322 1506 τὰ
1368 1455 1531 1524 ἄγρια
1572 1453 1703 1518 ζῶα,

129 1542 529 1611 κρεοόοροῦσιν
579 1544 738 1615 ἄρτου
767 1545 842 1613 μὴ
873 1545 1157 1612 γευόμενα,
1208 1545 1300 1596 καὶ
1327 1546 1386 1596 ού
1421 1544 1514 1597 διὰ.
1537 1545 1596 1596 τὸ
1630 1545 1703 1615 μὴ

128 1630 312 1700 ἔχειν,
344 1633 476 1685 ἀλλά
497 1633 582 1686 διὰ
624 1635 684 1686 τὸ
715 1636 785 1704 μὴ
823 1634 1031 1698 θέλειν;
1072 1635 1250 1687 Ἀλλοι
1296 1637 1468 1707 κρεῶν
1491 1639 1548 1689 ού
1583 1637 1705 1705 γεύ-

127 1740 319 1786 ονται,
353 1724 426 1786 ὡς
451 1723 518 1775 τὰ
539 1725 718 1795 ἥμερα
765 1724 896 1789 {dir
922 1725 1067 1778 ἄλλοι
1115 1725 1490 1795 ίχθυοφαγοῦσι
1527 1728 1699 1797 μόνον·

126 1813 324 1885 ἓτεροι
355 1815 409 1867 δὲ
436 1814 626 1884 ἰχθύων
669 1818 729 1868 ού
783 1815 1049 1883 γεύονται,
1098 1817 1291 1872 οὐδ’ἆν
1337 1818 1694 1889 λιμώσσωσιν.

1815 634 2037 690 litudiue
2085 645 2274 689 natura
2317 636 2581 698 distinxit,
2635 636 2749 704 ejus
2797 635 3013 688 ductum
3058 633 3358 687 necessario

1813 727 1976 797 274
2003 722 2216 796 quidem
2239 769 2253 792 ,
2288 728 2380 781 sed
2410 737 2584 781 tamen
2613 726 2849 795 jucunde
2888 725 3037 794 sequi
3063 743 3076 778 :
3114 724 3358 777 homines

1813 835 1970 885 vero,
2005 835 2097 888 qui
2143 820 2415 888 proprium
2458 819 2657 887 aliquid
2685 820 2782 872 soli
2820 834 2883 872 ac
2923 818 3219 887 singulare,
3257 819 3358 870 hoc

1812 919 1890 963 est
1916 917 2148 962 mentem
2172 949 2186 973 ,
2223 924 2448 978 quaeque
2491 908 2844 976 proﬁciscitur
2867 924 2929 961 ex
2957 917 3163 974 mente,
3197 908 3362 960 ratio-

1811 1018 1932 1055 uem
1961 1002 2212 1068 habeant,
2267 1014 2322 1055 ut
2355 1003 2408 1054 in
2439 1002 2520 1063 iis,
2547 1017 2664 1071 quae
2692 1001 2757 1054 ad
2781 1002 3208 1054 communionem
3237 1016 3352 1069 per-

1810 1094 1995 1154 tinent,
2028 1093 2266 1147 eamdem
2303 1103 2550 1146 naturam
2575 1101 2883 1161 sequantur,
2909 1092 3353 1160 quemadmodum

1805 1183 1915 1251 jam
1945 1192 2067 1237 ante
2093 1184 2236 1248 dixi;
2283 1186 2332 1236 in
2361 1184 2427 1237 iis
2459 1193 2658 1246 tamen,
2693 1199 2811 1252 qua:
2858 1184 3110 1252 peculiari
3148 1199 3209 1236 ex
3238 1183 3356 1252 jure

1809 1291 1870 1328 ac
1909 1274 2159 1329 facultate
2185 1276 2446 1344 pendent,
2479 1277 2544 1328 ad
2572 1291 2907 1330 communem
2941 1275 3081 1327 illam
3109 1286 3352 1327 naturam

1809 1364 1988 1418 minus
2035 1365 2425 1418 adhmrescunt.
2476 1364 2582 1417 Nec
2608 1364 2748 1417 enim
2774 1365 2956 1418 eodem
2985 1379 3171 1417 omnes
3201 1375 3354 1416 utun-

1808 1460 1894 1504 tur
1924 1453 2063 1516 cibo,
2117 1468 2237 1506 cum
2282 1453 2372 1504 alii
2421 1451 2655 1514 leonum,
2686 1451 2862 1504 ovium
2894 1451 2980 1503 alii
3016 1451 3117 1502 ritu
3141 1464 3353 1503 vescan-

1807 1551 1891 1595 tur
1923 1557 1938 1595 :
1975 1558 2079 1596 non
2115 1544 2289 1596 cultus
2321 1542 2456 1595 idem
2489 1542 2762 1603 omnibus,
2792 1555 2896 1593 non
2932 1556 3068 1604 mos,
3101 1554 3205 1592 non
3234 1539 3352 1592 vitae

1805 1634 1887 1687 lex
1915 1643 1966 1687 et
1992 1635 2130 1687 ratio
2162 1634 2354 1702 placet,
2377 1648 2480 1686 non
2505 1634 2811 1687 earumdem
2838 1647 3026 1685 omnes
3050 1647 3228 1684 rerum
3261 1647 3352 1684 cu-

1805 1724 2028 1792 piditate
2055 1725 2327 1777 ducuntur
2363 1744 2374 1778 :
2410 1739 2509 1778 suo
2554 1725 2780 1793 quisque
2811 1723 2940 1775 vivit
2964 1723 3216 1788 arbitrio,
3255 1738 3352 1776 nec

1804 1816 2040 1870 vicinum
2097 1815 2423 1884 quisquam,
2477 1817 2579 1869 nisi
2629 1826 2890 1885 quatenus
2945 1814 3117 1867 visum
3169 1813 3350 1880 fuerit,

127 1904 204 1955 Οἱ
234 1904 336 1972 μὲν
368 1903 762 1974 ύδροποτοῦσιν,
787 1905 835 1956 οἱ
854 1903 908 1956 δὲ
935 1903 1316 1970 οίνοποτοῦσιν,
1347 1909 1395 1959 οἱ
1424 1907 1478 1960 δὲ
1511 1909 1695 1979 σίκερα

1800 1908 2104 1961 aemulatur.
2147 1907 2242 1961 Est
2273 1907 2416 1960 enim
2446 1922 2508 1960 ea
2540 1884 2781 1960 libertate
2807 1905 3076 1974 prmditus,
3098 1920 3215 1973 qua:
3245 1920 3361 1958 seu

128 1993 379 2046 πίνουσι.
406 1995 512 2047 Καὶ
564 1994 745 2057 ἁπλῶς
794 1993 956 2065 πολλὴ
1003 1995 1228 2066 διαφορὰ
1278 1996 1576 2068 βρωμάτων
1609 2002 1701 2053 καὶ

129 2085 407 2154 πομάτων
456 2087 512 2138 ἐν
567 2089 631 2158 τῇ
681 2085 1073 2157 ἀνθρωπότητι,
1105 2089 1263 2161 μέχρι
1292 2091 1385 2142 καὶ
1410 2092 1467 2144 ὲν
1499 2095 1565 2162 τῇ
1597 2093 1702 2146 τῶν

126 2174 392 2244 λαχάνων
440 2179 530 2230 καὶ
572 2178 800 2248 ὀπωρῶν
851 2179 1045 2250 βρώσει
1095 2181 1486 2252 διαφερόμενοι.
1546 2184 1702 2237 Ἀλλὰ

127 2266 237 2318 καὶ
265 2268 317 2319 οἱ
345 2268 462 2336 μὲν,
485 2270 556 2332 ὼς
589 2269 853 2338 σκορπίοι,
887 2273 978 2323 καὶ
1027 2272 1100 2334 ὡς
1132 2273 1373 2339 ἀσπίδες,
1411 2277 1486 2346 μὴ
1517 2277 1702 2348 ἀδικη-

128 2356 332 2421 Θέντες
362 2360 648 2415 ἀδικοῦσινο
691 2364 740 2414 οἱ
795 2364 869 2430 δὲ,
915 2366 988 2428 ὡς
1019 2365 1087 2419 τά
1116 2367 1282 2435 ἄλογα
1314 2364 1445 2431 ζῶα,
1489 2368 1699 2421 ἀδικού-

131 2464 296 2515 μενοι
330 2449 634 2517 ἀμύνονταιο
653 2451 825 2523 ἕτεροι
842 2453 917 2516 δὲ,
942 2455 1014 2516 ὼς
1034 2455 1211 2521 λύκοι,
1241 2455 1560 2526 ἁρπάζουσι,
1583 2459 1696 2523 καὶ,

127 2536 214 2597 ὡς
238 2535 423 2603 γαλαῖ,
458 2537 789 2593 κλέπτουσιν·
818 2542 961 2595 ἄλλοι
987 2542 1059 2606 δὲ,
1094 2544 1167 2605 ὡς
1198 2542 1427 2612 ἀμνάδες
1479 2544 1570 2596 καὶ
1593 2561 1696 2614 μη-

125 2624 324 2687 κάδες,
369 2627 472 2678 ὑπὸ
523 2627 628 2681 τῶν
661 2631 998 2699 ὁμοιοπαθῶν
1059 2632 1382 2695 ἐλαύνονται,
1439 2635 1528 2686 καὶ
1580 2640 1698 2698 τοὺς

125 2714 461 2780 ἀδικοῦντας
492 2719 588 2771 οὐκ
621 2720 877 2774 ἀδικοῦσι.
914 2723 1018 2774 Καὶ
1068 2725 1115 2775 οἱ
1164 2724 1258 2776 μὲν
1289 2722 1528 2791 λέγονται
1561 2727 1696 2793 ἀγα-

125 2801 241 2868 θοὶ,
276 2806 597 2872 οίδὲκακοὶ,
641 2812 688 2861 οἱ
721 2810 774 2861 δὲ
818 2811 1030 2863 δίκαιοι.
1092 2812 1250 2864 ’Ὅθεν
1307 2813 1417 2864 ἔστι
1458 2817 1590 2866 νοεῖν
1624 2815 1696 2886 μὴ

123 2894 358 2968 πάντως
388 2899 523 2951 κατὰ
556 2899 714 2967 φύσιν
778 2900 1000 2967 ἄγεσθαι
1056 2901 1144 2953 τὸν
1194 2901 1471 2972 ἄνθρωπον
1521 2903 1696 2970 (ποίαν

122 2984 244 3054 γὰρ
307 2987 470 3040 αὑτοῦ
503 2988 728 3058 ἐροῦμεν
757 2987 978 3057 φύσινς)
1031 2990 1165 3043 ἀλλὰ
1211 2990 1288 3060 πὴ
1330 2992 1425 3061 μὲν
1476 2993 1694 3064 φέρεται

121 3073 279 3128 κατά
315 3074 492 3143 φύσιν,
515 3077 591 3146 πῂ
625 3079 681 3131 δὲ
715 3078 852 3131 κατὰ
905 3078 1235 3149 προαίρεσιν.
1284 3079 1373 3132 Διὸ
1419 3081 1506 3133 τὸν
1538 3082 1691 3135 ἐπαιο-

1801 2000 2022 2054 vitutem
2055 2000 2164 2069 pati
2200 2014 2306 2054 non
2337 1999 2522 2068 possit.
2567 1998 2716 2065 Quod
2760 2000 2804 2053 si
2844 2000 3026 2052 volens
3064 1997 3351 2066 aliquando

1801 2089 2077 2158 libensque
2128 2089 2342 2153 serviat,
2400 2088 2500 2142 hoc
2555 2088 2728 2157 ipsum
2782 2088 3038 2142 libertatis
3087 2087 3204 2156 ejus
3245 2096 3345 2151 est,

1799 2178 1942 2248 quod
1992 2178 2193 2232 servire
2239 2177 2405 2231 libere
2450 2177 2636 2246 possit.
2702 2176 2871 2243 Quam
2903 2177 3052 2230 multi
3082 2177 3346 2240 homines,

1798 2269 2137 2352 Alameorum
2186 2270 2481 2338 praesertim
2529 2285 2593 2324 ex
2626 2285 2847 2340 genere,
2904 2270 3080 2324 crudis
3116 2267 3346 2323 ferarum

1799 2375 1948 2414 more
1972 2359 2224 2414 carnibus
2253 2369 2548 2415 vescuntur
2569 2403 2584 2426 ,
2625 2376 2815 2429 panem
2844 2376 2909 2414 ne
2940 2361 3206 2431 attingunt
3234 2359 3348 2428 qui-

1797 2450 1939 2515 dem,
1985 2464 2092 2503 non
2123 2450 2370 2518 penuria.
2415 2451 2507 2505 sed
2538 2451 2844 2504 voluntate?
2903 2450 3004 2504 Alii
3035 2449 3253 2519 perinde
3284 2463 3347 2503 ac

1797 2541 2004 2595 cicures
2052 2542 2350 2598 animantes
2401 2543 2653 2597 carnibus
2710 2542 2994 2595 abstinent.
3052 2541 3155 2594 Alii
3217 2541 3346 2597 solis

1800 2638 2023 2682 utuntur
2073 2630 2310 2698 piscibus
2331 2670 2345 2696 ,
2380 2646 2514 2700 quos
2539 2631 2662 2695 alii,
2713 2640 2769 2682 ut
2798 2630 3029 2683 maxime
3058 2627 3226 2684 fames
3258 2646 3344 2684 ur-

1797 2729 1936 2790 geat,
1969 2730 2184 2789 gustare
2212 2737 2315 2774 non
2341 2734 2582 2791 possunt.
2631 2723 2731 2775 Alii
2764 2738 2979 2791 aquam,
3016 2723 3199 2776 viuum
3231 2713 3341 2788 alii,

1796 2810 1883 2862 alii
1916 2811 2141 2864 siceram
2192 2811 2400 2865 bibunt.
2470 2812 2708 2882 Denique
2753 2829 2943 2884 magna
2975 2823 3056 2867 est
3085 2815 3138 2866 in
3171 2813 3344 2866 homi-

1796 2917 1922 2953 num
1952 2917 2145 2968 genere
2183 2903 2288 2954 cibi
2324 2913 2589 2970 potusque
2615 2889 2930 2967 diversitas,
2964 2919 3122 2972 quam
3155 2903 3207 2956 in
3239 2904 3345 2956 ole-

1793 3005 1912 3042 rum
1937 2992 2098 3044 etiam
2130 3007 2191 3044 ac
2219 3007 2500 3061 pomorum
2535 3009 2634 3045 usu
2669 2993 2847 3046 videre
2881 2995 3018 3047 licet.
3090 2991 3340 3046 Nonnulli

1793 3089 2071 3148 praeterea,
2104 3082 2374 3149 quomodo
2408 3081 2603 3151 scorpii
2640 3081 2955 3149 aspidesque
2988 3081 3178 3146 solent,
3198 3080 3342 3135 nulla

121 3184 246 3230 νον,
276 3168 371 3219 καὶ
399 3169 490 3220 τὸν
528 3168 711 3239 ψόγον,
763 3171 856 3222 καὶ
890 3169 985 3240 τὴν
1018 3171 1310 3242 καταδίκην
1336 3171 1442 3241 έχει
1494 3174 1552 3226 ὲν
1582 3177 1690 3238 τοῖς

1795 3172 1993 3242 injuria
2041 3173 2270 3226 lacessiti
2308 3172 2534 3234 laedunt,
2571 3173 2743 3228 illatas
2793 3174 2883 3226 alii
2928 3174 3203 3228 brutarum
3235 3172 3346 3228 ani-

123 3255 280 3308 κατὰ
333 3257 664 3328 προαίρεσιν·
704 3259 762 3310 ὲν
814 3258 871 3310 δὲ
918 3261 1026 3322 τοῖς
1073 3261 1213 3312 κατὰ
1270 3260 1427 3328 φύσιν
1455 3265 1689 3333 ἐχειτὴν

79 3391 84 3394 .
117 3347 494 3420 ἁνεγκλησίαν
527 3351 586 3403 οὐ
617 3350 756 3405 κατά
802 3350 964 3416 ἔλεος,
993 3351 1132 3404 ἀλλὰ.
1172 3354 1309 3406 κατά
1349 3354 1552 3423 λόγον.»
1584 3357 1692 3408 Καὶ

120 3438 261 3508 ἑξῆς
293 3455 441 3510 φησιο
472 3459 490 3491 ι
517 3440 726 3511 Νόμους
754 3442 933 3495 ἔθεντο
954 3443 1238 3513 διαφόρους
1265 3447 1311 3497 οἱ
1338 3447 1606 3518 ἄνθρωποι
1636 3451 1690 3499 ἐν

121 3530 342 3601 ἑκάστῃ
368 3529 536 3602 χώρᾳ,
558 3531 706 3594 τινάς
758 3537 1190 3604 γεγραμμένους,
1251 3538 1395 3601 τινὰς
1445 3539 1499 3590 δὲ
1525 3538 1692 3608 ἀγρά-

123 3638 290 3691 φους,
323 3621 381 3684 ἐξ
405 3614 476 3674 ὧν
505 3621 848 3692 διηγήσομαι,
881 3624 955 3687 ὡς
980 3622 1116 3689 οἶδα,
1142 3627 1233 3679 καὶ
1281 3621 1356 3680 ὧν
1387 3629 1687 3698 μέμνημαι,

120 3705 437 3781 ἀρξάμενος
464 3713 526 3764 ὲκ
545 3713 641 3782 τῆς
660 3712 749 3765 τοῦ
779 3715 980 3784 κόσμου
1004 3716 1194 3786 ἀρχῆς.
1213 3715 1390 3786 Νόμος
1416 3718 1528 3769 ἐστὶ
1545 3717 1692 3788 παρά

122 3803 339 3873 Σήραις
361 3804 434 3874 (1)
469 3804 669 3874 μηδένα
703 3804 962 3872 φονεύειν,
1014 3807 1149 3876 μήτε
1202 3807 1500 3878 πορνεύειν,
1558 3809 1689 3879 μήτε

120 3891 406 3956 κλέπτειν,
444 3897 577 3964 μήτε
629 3895 786 3959 ξόανα
814 3900 1149 3968 προσκυνεῖν.
1193 3883 1300 3949 Καὶ
1329 3901 1384 3950 ὲν
1416 3899 1596 3969 ἐκείνῃ
1625 3901 1688 3969 τῇ

124 3980 370 4053 μεγίστῃ
407 3983 554 4052 χώρᾳ
575 3985 633 4035 οὐ
657 3989 776 4042 ναόν
811 3989 951 4041 ἔστιν
998 3987 1140 4053 ἰδεῖν,
1169 3989 1228 4040 οὐ
1251 3991 1478 4058 γυναῖκα
1505 4005 1690 4059 πορνι-

123 4073 256 4142 κὴν,
285 4073 344 4124 οὺ
372 4073 648 4142 μοιχαλίδα
699 4076 1120 4150 ὀνομαζομένην,
1172 4081 1231 4132 οὐ
1271 4080 1506 4150 κλέπτην
1539 4081 1690 4134 ἑλκό-

125 4177 299 4229 μενον
337 4162 428 4214 ἐπὶ
477 4161 650 4232 δίκην,
675 4165 772 4215 οὐκ
806 4166 1144 4235 ἀνδροφόνον,
1185 4169 1244 4218 ού
1273 4171 1685 4239 πεφονευμένον.

121 4251 363 4314 Οὐδενὸς
381 4253 486 4324 γὰρ
505 4254 564 4306 τὸ
591 4254 926 4318 αὐτεξούσιον
960 4257 1264 4326 ἠνάγκασεν
1321 4260 1348 4310 ὁ
1387 4259 1477 4310 τοῦ
1534 4277 1689 4330 πυρι-

121 4343 379 4414 λαμππέος
410 4346 600 4415 Ἀρεος
645 4347 816 4418 ἀστὴρ
872 4349 1213 4418 μεσουρανῶν
1261 4349 1424 4418 ἄνδρα
1490 4351 1687 4420 σιδήρῳ

120 4432 363 4485 ἀνελεῖν·
391 4435 451 4485 οὐ
491 4436 706 4507 Κύπρις
735 4439 829 4490 σὺν
864 4439 1017 4509 Ἀρει
1042 4439 1296 4508 τυχοῦσα,
1319 4439 1570 4510 ἀλλοτρίᾳ
1593 4457 1688 4507 γυ-

1791 3264 2052 3316 mantium
2101 3265 2204 3315 ritu
2245 3270 2641 3330 persequuntur
2671 3261 2913 3330 injurias.
2981 3260 3116 3314 Sunt
3138 3261 3225 3330 qui
3255 3276 3340 3313 ra-

1791 3354 2016 3421 pacitate
2055 3352 2233 3421 lupos,
2270 3352 2399 3405 feles
2433 3361 2484 3405 et
2507 3363 2655 3405 catos
2688 3351 2970 3405 furacitate
3016 3351 3291 3404 imitentur
3321 3370 3333 3405 :

1790 3452 1913 3497 sunt
1939 3451 2144 3506 contra,
2182 3443 2274 3511 qui
2321 3453 2574 3510 tanquam
2606 3456 2732 3496 oves
2763 3449 2855 3494 aut
2901 3455 3105 3509 caprea:
3129 3456 3158 3494 a
3189 3442 3335 3496 simi-

1789 3533 1928 3586 libus
1955 3516 2172 3599 impune
2203 3531 2482 3596 vexentur,
2507 3543 2860 3602 acceptasque
2890 3532 3112 3602 injurias
3134 3532 3340 3601 patien-

1789 3632 1869 3676 ter
1895 3622 2086 3679 ferant.
2145 3624 2330 3692 Itaque
2359 3624 2448 3677 alii
2483 3624 2608 3692 boni
2632 3665 2646 3690 ,
2677 3618 2907 3694 improbi
2935 3625 3060 3691 alii,
3089 3625 3176 3678 alii
3207 3624 3338 3694 justi

1790 3723 2066 3768 vocantur.
2101 3715 2275 3784 Atque
2306 3715 2431 3769 hinc
2457 3731 2610 3770 nemo
2634 3732 2740 3770 non
2767 3716 3030 3784 intelligit,
3064 3716 3333 3769 hominem
3391 3785 3394 3790 .

1789 3807 1948 3860 rebus
1986 3806 2038 3859 in
2063 3808 2313 3861 omnibus
2342 3818 2530 3860 natura
2560 3807 2780 3860 minime
2804 3805 2928 3860 ferri
2961 3809 3152 3874 (quam
3191 3807 3334 3859 enim

1790 3909 1882 3953 aut
1923 3899 2226 3968 eujusmodi
2280 3899 2548 3969 propriam
2599 3899 2715 3966 ejus
2751 3905 2994 3951 naturam
3041 3911 3159 3950 esse
3189 3898 3335 3950 dice-

1789 3989 1999 4055 mus?),
2031 3990 2120 4044 sed
2157 3989 2350 4058 partim
2389 3999 2605 4050 natura,
2630 3988 2824 4058 partim
2859 3987 3146 4042 voluntate.
3182 3987 3235 4040 ln
3269 3987 3335 4041 iis

1788 4097 1950 4149 ergo,
1985 4095 2104 4149 quaa
2135 4080 2427 4134 voluntatis
2454 4090 2614 4144 sunt,
2663 4079 2820 4134 modo
2854 4079 3040 4144 laude,
3076 4079 3234 4133 modo
3258 4081 3337 4134 vi-

1788 4167 2018 4236 tuperio,
2053 4167 2212 4220 modo
2242 4181 2396 4235 poma
2428 4167 2621 4236 dignus
2648 4176 2729 4220 est
2755 4185 2768 4232 ;
2805 4177 2859 4220 at
2885 4167 2939 4220 in
2969 4167 3056 4234 iis,
3088 4182 3207 4236 quae
3236 4183 3335 4222 na-

1789 4266 1920 4310 turae
1949 4255 2078 4308 vitio
2106 4256 2260 4317 liunt,
2291 4255 2436 4308 omni
2470 4256 2880 4323 reprehensione
2919 4269 3102 4309 carere
3139 4256 3330 4321 debet;

1788 4356 1946 4416 atque
1976 4347 2026 4398 id
2051 4346 2314 4414 judicium
2366 4361 2470 4399 non
2499 4345 2866 4400 misericordia
2889 4385 2903 4410 ,
2957 4347 3046 4400 sed
3083 4347 3218 4401 ratio
3247 4348 3331 4400 di-

1788 4448 1913 4492 ctat.
1939 4459 1954 4489 ι
1978 4436 2100 4492 Haec
2129 4438 2235 4502 ille,
2265 4437 2461 4507 quibus
2479 4437 2639 4502 idem,
2657 4453 2775 4506 qua:
2801 4446 3116 4506 sequuntur,
3143 4435 3331 4504 adjun-

119 4523 281 4578 ναικὶ
318 4525 536 4595 μιγῆναί
563 4528 681 4581 τινα
707 4531 832 4600 παρ’
852 4531 1073 4594 ἐκείνοις
1099 4532 1310 4594 πάντως
1343 4532 1485 4602 πάσῃ
1510 4532 1687 4603 ἡμέρᾳ

1795 4531 1887 4599 git.
1935 4548 1952 4580 ‹
1994 4528 2198 4590 Varias,
2237 4528 2434 4608 inquit,
2467 4528 2607 4597 leges
2654 4527 2876 4597 singulis
2903 4529 2958 4580 in
3003 4526 3327 4595 regionibus,

122 4616 589 4687 μεσουρανοῦντος
651 4621 744 4674 τοῦ
811 4624 1020 4693 Ἄρεος,
1072 4625 1164 4676 καὶ
1213 4625 1356 4694 πάσῃ
1430 4624 1544 4695 ὥρᾳ
1592 4627 1682 4678 καὶ

118 4705 317 4777 ἡμέρα
338 4707 681 4775 γεννωμένων
705 4711 808 4762 τῶν
842 4713 1048 4782 Σηρῶν.
1073 4714 1229 4784 Παρὰ
1268 4717 1441 4777 Ἰνδοῖς
1467 4717 1558 4768 καὶ
1589 4718 1688 4770 Βά-

118 4812 318 4866 κτροις
346 4797 450 4848 είσὶ
473 4796 702 4867 χιλιάδες
738 4801 922 4854 πολλαὶ
966 4802 1072 4856 τῶν
1114 4804 1410 4875 λεγομένων
1435 4806 1686 4876 Βραχμά-

118 4886 356 4958 νωνβ),
383 4888 572 4951 οἵτινες
601 4894 741 4943 κατά
784 4892 1084 4960 χπαράδοσιν
1129 4895 1237 4946 τῶν
1279 4895 1552 4965 προγόνων
1594 4899 1684 4949 καὶ

191 5030 224 5060 ι
251 5019 340 5073 ισ.
369 5020 470 5074 del.
499 5021 574 5074 ἓν.

195 5131 315 5202 (99)
368 5133 696 5189 Ἀλαναιων.
746 5136 818 5191 De
865 5137 1094 5191 Alanzeis
1141 5141 1274 5194 nihil
1325 5142 1444 5207 legi.
1500 5142 1683 5197 Simile

117 5215 260 5278 vero
295 5207 515 5278 εει-ηομ
546 5207 683 5260 alios
723 5223 842 5261 esse
884 5223 1041 5276 quam
1077 5207 1294 5271 Alanos,
1331 5227 1559 5278 quorum
1591 5212 1682 5266 Jo-

118 5272 358 5346 δεξρίιιυεὲ
390 5268 678 5346 Lucianus,
711 5278 800 5330 alii
831 5268 1067 5346 plerique
1092 5268 1468 5332 meminerunt.

192 5340 276 5408 (1)
305 5343 469 5406 Παρὰ
491 5342 722 5408 Σήραις.
757 5340 844 5400 ΑΠ’
873 5340 1016 5400 Seras
1048 5364 1076 5399 a
1122 5347 1340 5401 Seribus
1371 5351 1499 5403 alii?
1524 5349 1680 5405 Seres

113 5411 346 5536 $iidem
382 5425 411 5461 a
458 5410 694 5489 gaesario
742 5418 1128 5470 nominantur:
1172 5418 1359 5486 Σῆρες,
1395 5420 1587 5486 inquit,
1627 5421 1678 5472 οἱ

223 5482 396 5536 ἄκρον
425 5495 521 5536 της
565 5481 773 5536 Χέοσου
828 5488 1115 5536 οἰκοῦντες.
1154 5489 1313 5536 νόμον
1363 5486 1572 5536 ἔχοντες
1622 5489 1678 5536 τὸ

223 5482 396 5556 ἄπερον
425 5478 521 5556 Si];
565 5481 773 5556 Χέρσου
828 5488 1116 5550 οἰκοῦντες,
1154 5478 1313 5556 νόμον
1349 5478 1584 5555 ἔχοντες
1622 5489 1680 5541 τὸ

116 5550 380 5628 πατρῷον
432 5548 590 5628 ἐθος,-
614 5548 687 5628 μὴ
740 5548 1119 5623 ἀταιρίζεσθαι,
1180 5548 1311 5626 μὴδὲ
1364 5548 1578 5628 a3;x_sv,‘_
1607 5557 1679 5628 μὴ

118 5574 380 5620 πατριιων
432 5574 565 5612 ιυυς,
614 5574 687 5620 μη
740 5574 1119 5623 ιταιριςεσυαι,
1180 5574 1311 5626 μηοε
1364 5574 1556 5624 συΑᾳν,
1647 5574 1676 5628 η

118 5619 439 5694 μοιχᾶσθαι,
464 5618 539 5694 μὴ
565 5618 768 5694 ξοάνοις
800 5629 1186 5694 προσκυνεῖν,ἢ
1221 5626 1533 5678 ποτνιᾶσθαι
1562 5574 1676 5677 6:2-

117 5689 433 5764 jxodz,_pq5’
461 5689 591 5764 ὅλως
612 5690 667 5741 ὲν
692 5689 880 5764 αι’δτοῖίς⁸
903 5689 1426 5764 ύπάρχεινεῖδωλον,
1462 5695 1492 5763 ἢ
1534 5696 1678 5748 ὲταῖ-
1729 5731 1732 5734 ρ

110 5758 241 5884 ἓᾳν,
278 5760 310 5828 ἢ
344 5758 648 5829 μοιχαλίδα,
671 5762 773 5841 ὀύ.
803 5758 1159 5831 συ,λώτην,ὀὺ
1189 5766 1367 5845 φονέα,
1402 5764 1458 5815 ού
1482 5758 1676 5850 ’λωπο-

144 5847 305 5884 υτην.
338 5837 445 5884 etc.
493 5828 806 5884 Eusebiams
855 5847 1078 5884 prorsus
1123 5834 1318 5884 anima.
1354 5834 1583 5884 Eosdem
1615 5835 1669 5884 δ.

144 5831 305 5892 ύτην,
338 5828 445 5885 etc.
493 5828 806 5885 Eusebianis
855 5828 1078 5888 prorsus
1123 5828 1318 5890 aﬂinia.
1354 5834 1583 5890 Eosdem
1615 5835 1669 5888 S.

1786 4622 1979 4691 partim
2039 4623 2303 4690 scriptas,
2357 4622 2549 4690 partim
2613 4633 2718 4672 non
2796 4619 3021 4686 scriptas
3087 4617 3330 4672 homines

1788 4715 2044 4776 tulerunt,
2082 4729 2111 4766 e
2139 4712 2334 4780 quibus
2362 4727 2453 4764 eas
2474 4751 2488 4775 ,
2518 4725 2636 4778 qua:
2666 4719 2805 4762 nota:
2833 4709 2963 4762 mihi
2994 4716 3151 4775 sunt,
3185 4724 3330 4777 quaa-

1785 4816 1887 4870 que
1937 4802 1987 4853 in
2031 4801 2339 4854 memoriam
2372 4800 2439 4852 ab
2471 4800 2618 4852 orbis
2659 4798 2875 4852 conditu
2925 4799 3191 4864 subeunt,
3228 4800 3329 4853 hoc

1785 4898 1903 4948 loco
1938 4891 2225 4961 proferam.
2292 4890 2443 4960 Apud
2498 4889 2655 4944 Seras
2716 4890 2796 4943 lex
2829 4898 2928 4954 est,
2982 4905 3086 4957 qua
3137 4891 3325 4955 caedes,

1784 5140 2133 5210 Epiphanius,
2163 5136 2589 5210 pag.rl09l,ubi
2619 5136 2777 5210 etiam
2807 5136 2886 5210 de
2904 5135 3129 5190 diversis
3153 5134 3325 5188 diver-

1785 5205 1964 5266 sarum
1999 5205 2555 5276 gentiuiniritibusﬁn
2567 5205 2688 5275 ρούς
2719 5206 2966 5274 appellat.

1855 5280 1948 5355 (2)_
1981 5273 2357 5355 Βωχμᾴνωςν.
2416 5273 2682 5355 Caesarius
2734 5273 3323 5355 _I§pa7uavodg_vocat;

1785 5345 1875 5404 sed
1903 5349 1962 5400 τὸ
1996 5367 2048 5416 χ,
2085 5345 2264 5408 credo,
2298 5349 2348 5398 in
2375 5361 2428 5412 γ,
2474 5346 2682 5417 succisa
2710 5345 2853 5417 tibiae
2882 5353 3051 5417 parte,
3082 5345 3327 5417 decurta-

1785 5429 1894 5472 tum
1945 5413 2027 5471 est
2057 5433 2071 5468 :
2103 5418 2298 5486 Νόμος,
2350 5415 2549 5481 inquit,
2594 5416 2740 5485 παρά
2783 5413 3162 5483 Βακτριανοίς,
3208 5413 3323 5534 mro:

1785 5490 2119 5534 Βοαγμανοίς
2155 5485 2323 5534 (ataui
2349 5485 2505 5534 latius
2539 5485 2802 5534 Bactriani
2831 5493 3030 5534 natent.
3063 5498 3161 5534 uec
3193 5497 3221 5534 a
3269 5500 3323 5534 e-

1783 5490 2119 5558 Βραγμανοίς
2155 5485 2323 5554 (atqui
2349 5485 2505 5558 latius
2539 5485 2802 5558 Bactriani
2830 5493 3030 5558 patent,
3063 5498 3161 5536 uec
3193 5485 3324 5558 alte-

1783 5552 1898 5611 rum
1937 5552 2040 5623 pro
2084 5552 2248 5609 altero
2283 5555 2584 5621 promiscue
2612 5552 2930 5623 sumitur),ﬂ
2954 5554 3016 5604 ὲκ
3048 5552 3322 5623 προγόνων

1781 5621 1988 5680 παιδεία
2023 5627 2190 5696 (lege,
2231 5626 2262 5690 ἡ
2306 5625 2378 5696 ⁸ὲκ
2408 5693 2417 5696 _
2444 5621 2928 5696 upoyovl'rta‘toaia)
2973 5623 3044 5696 μὴ
3096 5621 3319 5696 μεθύειν

1783 5689 2065 5773 (interpres
2089 5689 2236 5773 legit,
2253 5689 2332 5763 μὴ
2360 5689 2693 5773 θύειν),νμῃδὲ
2714 5691 2930 5773 ἀψύχων
2953 5689 3318 5773 ’ἀπογεύεσθςξι

1783 5759 1997 5846 (novum
2045 5759 2229 5846 'plaue'
2258 5759 2426 5832 genus
2472 5759 2711 5846 ἀποχῆς,
2757 5759 3193 5846 οιέγιιιρβοιπρξε

1779 5829 2173 5900 ἀντικειμένης.
2208 5829 2344 5904 Lege
2364 5848 2484 5888 cum
2512 5829 2718 5900 nostro,
2753 5831 2872 5901 μηδ’
2895 5829 3196 5902 ἐμψύχων)ο
3222 5829 3317 5880 οὐκ
