4020 6342
107 438 224 493 469

1269 442 1587 499 ΡΒᾹΞΡΑΒ.
1632 442 1885 500 EVANG.
1930 444 2057 499 LIB.
2100 445 2189 498 VI.

3240 444 3343 497 470

100 570 213 618 κας
238 557 519 625 γεωργεῖν,
560 558 647 611 καὶ
685 559 1003 630 οἰκοδομεῖν,
1059 560 1152 612 καὶ
1207 560 1383 615 πάντα
1408 561 1475 615 τὰ
1511 563 1677 634 ὲργα-

1787 564 2007 617 caedium
2040 562 2403 626 immanitate,
2454 558 2535 615 vel
2566 559 2885 630 indignitate
2919 560 3226 630 nuptiarum
3251 562 3343 616 be-

94 646 235 698 τικὰ
266 647 554 717 πράσσειν,
579 650 672 703 καὶ
709 654 983 704 κοινωνεῖν
1038 647 1118 715 οἷς
1155 652 1222 706 ἂν
1252 653 1559 723 βούλωνται·
1585 656 1677 709 καὶ

96 736 181 807 μὴ
217 739 563 807 ἐγκαλεῖσθαι
584 741 687 794 ὑπὸ
710 742 817 795 τῶν
842 742 1070 815 ἀνδρῶν,
1098 746 1233 815 μήτε
1265 745 1541 799 καλεῖσθαί
1558 764 1679 801 τινα

96 830 416 898 μοιχαλίδα,
442 830 517 901 τῷ
549 827 1044 904 πάσαςὲργατικὰς
1076 830 1235 899 εἶναι,
1284 837 1377 889 καὶ
1408 839 1538 891 πᾶσι
1567 856 1679 892 κοι-

95 919 324 983 νωνεῖν,
359 917 592 988 μάλιστα
614 920 803 997 δὲτοῖς
829 922 1019 987 ξένοις.
1053 925 1162 977 Καὶ
1202 924 1325 977 οὔτε
1365 927 1676 997 μυρίζονται

92 1004 364 1077 Γήλισσαι
395 1014 668 1077 γυναῖκες,
701 1015 799 1084 οὐχ
827 1017 1015 1086 ἱμάτια
1058 1018 1238 1087 βαπτὰ
1275 1020 1547 1090 φοροῦσιν,
1581 1025 1675 1076 ἀν-

92 1096 439 1169 υπόδητοιδέ
466 1103 569 1156 είσι
603 1104 789 1158 πᾶσαι·
814 1107 988 1160 καίτοι
1030 1096 1133 1161 τῶν
1162 1110 1347 1181 Γήλων
1371 1111 1574 1182 ἀνδρῶν
1598 1131 1682 1167 κο-

95 1190 432 1260 σμουμένων
466 1194 524 1248 ὲν
556 1197 833 1266 φορήμασι
887 1199 1147 1269 μαλακοῖς
1189 1202 1284 1256 καὶ
1308 1205 1363 1255 ὲν
1407 1203 1678 1276 διαφόροις

92 1280 384 1353 χρώμασι,
439 1287 533 1339 καὶ
576 1292 1072 1360 χρυσοφορούντων,
1137 1294 1229 1350 καὶ
1285 1290 1674 1365 μυριζομένων·

94 1376 200 1428 καὶ
229 1376 295 1429 οὐ
322 1379 461 1432 κατά
489 1396 607 1432 τινα
636 1381 802 1453 ἄλλην
837 1384 1126 1453 μαλακίαν,
1161 1390 1265 1441 εἰσὶ
1291 1390 1397 1461 γάρ
1425 1390 1676 1461 ἀνδρεῖοι,

96 1469 199 1521 καὶ
249 1470 697 1540 πολεμικώτατοι,
756 1474 849 1527 καὶ
909 1479 1422 1549 κυνηγετικὼτατοι.
1454 1483 1563 1535 Καὶ
1616 1485 1676 1536 ού

95 1564 279 1615 πᾶσαι
300 1564 356 1616 αί
388 1564 495 1617 τῶν
524 1566 705 1638 Γήλων
730 1557 985 1647 γυναῖκες
1017 1570 1206 1643 ἔλαχον
1233 1576 1289 1627 ὲν
1324 1555 1676 1647 Ᾱίγοκέρωτι,

98 1650 131 1720 ἦ
160 1652 222 1703 ὲν
263 1652 563 1724 ’Υδρηχόῳ,
591 1658 1086 1728 κακοδαιμονοῦσαν
1114 1662 1211 1733 τὴν
1233 1662 1467 1734 Κύπριν’
1491 1663 1601 1717 οὗθ’
1630 1666 1679 1718 οί

98 1740 303 1812 ἄνδρες
336 1742 513 1798 αὐτῶν
530 1746 729 1810 πάντες
755 1748 965 1817 ἔχουσιν
989 1752 1044 1803 ἐν
1074 1751 1227 1822 Κριῷ
1258 1754 1353 1806 σὺν
1388 1754 1542 1824 ’Ἄρει
1581 1755 1677 1827 τὴν

99 1830 349 1903 Παφίην,
389 1832 517 1887 ἔνθα
537 1836 662 1899 τοὺς
688 1838 963 1908 ἀνδρείους
1010 1843 1102 1894 καὶ
1137 1843 1439 1907 σπατάλους
1459 1846 1508 1897 οἱ
1536 1845 1679 1897 Χαλ-

1784 654 1953 709 neﬁca
2000 654 2176 707 sidera
2212 667 2466 706 revocare
2488 691 2502 716 ,
2539 666 2639 707 nec
2675 660 2741 705 ad
2769 652 2946 707 scelus
2975 654 3341 708 Brachmanas

1784 740 1996 813 adigere
2026 744 2264 798 maleﬁca
2308 751 2614 812 potuerunt.
2664 742 2816 811 Apud
2863 742 3057 798 Persas
3090 744 3174 797 lex
3201 754 3336 810 erat,

1784 834 1885 904 qua
1914 850 2020 889 non
2050 835 2185 889 ﬁlias
2212 842 2419 888 tantum
2448 842 2541 887 aut
2562 848 2800 898 sorores,
2824 834 2915 888 sed
2945 834 3091 902 ipsas
3124 848 3343 903 quoque

1783 938 1985 981 matres
2030 941 2214 980 secum
2245 925 2590 978 matrimonio
2632 924 2860 993 jungere
2888 924 3100 979 licebat.
3155 923 3265 979 Nec
3291 925 3346 981 in

1783 1031 1843 1073 ea
1873 1018 2089 1085 regione
2121 1026 2353 1081 tantum,
2380 1031 2511 1071 eove
2563 1018 2825 1071 duntaxat
2856 1017 2907 1069 in
2940 1017 3174 1079 climate,
3211 1016 3349 1070 ince-

1785 1116 1897 1163 stas
1941 1109 2059 1163 illas
2088 1106 2266 1162 Persae
2300 1109 2515 1177 nuptias
2557 1109 2983 1174 contrahebant;
3045 1109 3137 1161 sed
3183 1108 3343 1161 etiam

1784 1207 2051 1268 quotquOt
2073 1213 2259 1252 eorum
2288 1212 2318 1251 e
2339 1196 2559 1251 Perside
2592 1198 2699 1252 alio
2724 1199 3174 1267 commigrarunt,
3208 1213 3347 1266 quos

1784 1288 2084 1357 Magusasos
2109 1297 2322 1349 vocant,
2352 1287 2541 1342 iisdem
2564 1288 2780 1359 ﬂagitiis
2828 1288 3070 1342 obstricti
3108 1294 3345 1349 manent,

1767 1381 2123 1450 posterisque
2146 1381 2260 1435 suis
2288 1379 2627 1434 haereditario
2650 1381 2805 1448 quasi
2832 1379 2954 1448 jure
2972 1379 3112 1449 leges
3141 1389 3195 1432 et
3220 1392 3349 1432 cou-

1784 1471 2101 1525 suetudiues
2133 1470 2347 1525 easdem
2378 1470 2710 1538 relinquunt.
2777 1469 2954 1538 Atque
2983 1470 3143 1539 hujus
3172 1469 3347 1523 natio-

1784 1561 1869 1613 nis
1901 1560 2118 1630 plurimi
2145 1562 2463 1626 etiamnum,
2499 1561 2551 1613 in
2582 1559 2749 1613 Media
2771 1599 2784 1623 ,
2811 1558 3062 1629 Egypto,
3092 1558 3347 1630 Phrygia,

1784 1648 1992 1705 Galatia
2027 1652 2387 1720 reperiuntur.
2414 1651 2598 1720 Neque
2618 1660 2795 1704 tamen
2828 1648 3111 1714 Venerem,
3136 1652 3348 1720 opinor,

1784 1742 2071 1812 quisquam
2116 1743 2335 1809 dixerit,
2369 1744 2421 1797 in
2456 1744 2695 1797 omnium
2738 1758 2802 1798 ac
2832 1743 3169 1811 singulorum
3208 1753 3349 1805 ortu,

1784 1835 1864 1889 sic
1893 1836 1947 1889 in
1972 1835 2170 1889 ﬁnibus
2190 1838 2503 1906 aedibusque
2526 1836 2744 1891 Saturni
2768 1836 3101 1903 constitisse,
3130 1849 3185 1893 ut
3209 1838 3353 1895 Mars

98 1922 383 1988 δαῖζοντες
414 1926 652 1995 λέγουσι.
695 1930 852 2002 Παρὰ
908 1932 1173 2005 Βάκτροις
1212 1936 1289 2005 (7)
1345 1938 1401 1989 αἱ
1430 1940 1684 2005 γυναῖκες

1787 1942 1905 1980 cum
1936 1928 2139 1981 eodem
2158 1927 2393 1981 Saturno
2421 1932 2794 1988 comitaretur.
2848 1931 3003 2000 Apud
3027 1930 3188 1986 Gelos
3217 1947 3351 1986 cau-

100 2016 271 2068 παντὶ
300 2017 489 2089 κόσμῳ
508 2019 830 2091 διαφέροντι,
869 2025 962 2077 κα)⁸
1006 2028 1166 2079 παντὶ
1213 2027 1370 2099 μύρῳ
1425 2028 1683 2100 χρῶνται,

101 2105 544 2178 ὐπηρετούμεναι
574 2112 679 2164 ὑπὺ
702 2112 1126 2177 παιδίσκων,καὶ
1148 2118 1439 2171 νεανίσκων
1468 2120 1705 2189 μᾶλλον,

101 2195 216 2266 ἢοὶ
254 2196 466 2269 ἄνδρες·
513 2204 909 2273 προερχόμεναι
965 2205 1100 2275 μετὰ
1150 2207 1350 2278 πολλῆς
1390 2209 1687 2277 φαντασίας

100 2288 361 2356 ἔφιπποι,
389 2293 686 2364 κοσμοῦσαι
715 2294 893 2367 πολλῷ
915 2297 1099 2367 χρυσῷ
1127 2298 1218 2350 καὶ
1272 2298 1438 2363 λίθοις
1471 2300 1688 2372 βαρυτί-

104 2398 234 2451 μοις
261 2384 391 2447 τοὺς
417 2386 638 2449 ἵππους.
664 2386 772 2440 Καὶ
801 2388 861 2439 ού
898 2388 1287 2459 σωφρονοῦσιν,
1339 2390 1449 2443 ἀλλ’
1472 2391 1689 2460 ἀδιαφό-

104 2493 221 2546 ρως
260 2479 575 2532 κοινωνοῦσι
597 2483 706 2543 τοῖς
730 2480 935 2544 δούλοις
981 2484 1214 2545 καὶτοῖς
1262 2483 1449 2548 ξένοις·
1506 2486 1685 2539 ἄδειαν

103 2568 334 2639 ἔχουσαι
350 2570 623 2643 τοιαύτην,
650 2574 744 2625 καί
780 2574 884 2627 ὑπὸ
914 2575 1020 2629 τῶν
1073 2575 1282 2647 ἀνδρῶν
1320 2577 1393 2647 μὴ
1427 2577 1687 2644 ἐγκαλούσ-

106 2680 293 2733 μεναι,
328 2664 511 2733 σχεδὸν
546 2666 887 2736 κυριεύουσιν
920 2657 1120 2722 αὐτῶν.
1148 2670 1257 2724 Καὶ
1290 2670 1350 2721 οὐ
1382 2670 1597 2733 πάντως
1629 2672 1685 2722 ὲν

104 2756 263 2829 πάσῃ
286 2758 495 2823 γενέσει
516 2757 623 2810 τῶν
650 2761 705 2812 ἐν
739 2760 981 2832 Βακτρίᾳ
1044 2762 1315 2829 γυναικῶν
1363 2764 1688 2835 μεσουρανεῖ

105 2850 253 2919 μετὰ
287 2851 406 2913 Διὸς
460 2854 554 2905 καὶ
579 2854 771 2924 Ἀρεος
826 2855 882 2906 ὲν
936 2853 1084 2918 ίδίοις
1134 2856 1281 2927 ὅροις
1324 2856 1355 2925 ἡ
1396 2854 1686 2923 φιλόγελως

114 2939 434 3013 Ἀφροδίτη.
496 2944 584 2995 Ἐν
615 2943 668 2996 δὲ
698 2946 763 3013 τῇ
816 2944 1043 3015 Ἀραϐίᾳ
1083 2945 1158 3013 (8)
1188 2945 1279 2998 καὶ
1304 2947 1369 3015 τῇ
1424 2946 1685 3017 Ὀσροηνῇ

106 3030 165 3082 ού
205 3030 367 3102 μῖὁνον
396 3036 452 3085 αί
486 3035 786 3104 μοιχαλίδες
819 3036 1150 3103 φονεύονται,
1176 3037 1311 3089 ἀλλὰ
1352 3039 1444 3090 καὶ
1477 3040 1532 3090 αἱ
1560 3039 1689 3091 ὐπο-

105 3123 444 3193 πτευόμεναι
493 3126 591 3179 ούκ
641 3126 889 3192 ἀφίενται
926 3126 1285 3198 ἀτιμώρητοι.
1329 3128 1485 3199 Παρὰ
1541 3130 1688 3201 Πάρ-

106 3212 222 3277 θοις
252 3214 327 3283 (9)
350 3218 442 3269 καὶ⁸
484 3218 784 3288 Ἀρμενίοις
815 3219 864 3271 οἱ
911 3221 1091 3288 φονεῖς
1150 3220 1513 3292 ἀναιροῦνται,
1556 3224 1685 3275 ποτὲ

110 3306 213 3377 μὲν
238 3308 345 3361 ὑπὸ
376 3308 486 3363 τῶν
516 3311 804 3378 δικαστῶν,
836 3311 967 3365 ποτὲ
1022 3312 1077 3366 δὲ
1116 3313 1220 3366 ὑπὸ
1268 3314 1374 3367 τῶν
1406 3315 1681 3382 συγγενῶν

110 3400 218 3451 τῶν
248 3402 645 3471 φονευομένων.
683 3404 791 3457 Καὶ
824 3406 919 3459 ἐάν
941 3423 1021 3469 τις
1056 3405 1287 3478 φονεύσῃ
1327 3409 1557 3475 γυναῖκα
1587 3408 1683 3460 αύ-

109 3491 227 3555 τοῦ,
256 3492 291 3563 ἢ
320 3493 545 3561 ἀδελφὸν
570 3496 810 3560 ἄτεκνον,
837 3498 868 3568 ἢ
896 3499 1125 3568 ἀδελφὴν
1157 3500 1387 3571 ἄγαμον,
1424 3501 1455 3570 ἢ
1482 3501 1615 3562 υἱὸν,
1650 3500 1681 3570 ἢ

111 3583 412 3657 θυγατέρα,
441 3587 538 3639 οὐκ
576 3589 883 3655 ἐγκαλεῖται
913 3592 1016 3643 ὑπό
1048 3609 1193 3655 τινος
1233 3593 1395 3662 νόμου
1444 3591 1684 3645 τοιούτου

112 3677 455 3749 ὑπάρχοντος
485 3680 541 3730 ὲν
578 3682 695 3741 ταῖς
725 3677 930 3750 χώραις
974 3682 1228 3747 ἐκείναις
1290 3686 1418 3755 παρ’
1464 3684 1685 3754 Ἕλλησι

112 3769 167 3821 δὲ
198 3772 295 3823 καὶ
338 3771 624 3841 Ῥωμαίοις
687 3772 891 3842 μείζονι
940 3774 1176 3845 τιμωρίᾳ
1222 3776 1607 3828 ὑποϐάλλονται
1638 3778 1685 3827 οἱ

113 3862 223 3913 τῶν
256 3863 473 3915 οίκείων
513 3865 603 3916 καὶ
653 3863 925 3933 συγγενῶν
982 3866 1250 3932 φονευταί.
1292 3868 1378 3919 Ἐν
1416 3868 1631 3938 ’Λτροις
1661 3869 1688 3919 ὁ

116 3953 369 4007 κλέπτων
390 3972 440 4005 τι
470 3954 656 4008 ὀόολοῦ
706 3955 853 4020 ἄξιον
884 3954 1184 4019 λιθάζεταιο
1222 3958 1373 4029 παρὰ
1425 3959 1688 4029 Βάκτροις

116 4045 275 4115 ὀλίγα
314 4044 559 4099 κλέπτων
592 4047 908 4117 ὲμπτύεται·
956 4046 1107 4118 παρὰ
1145 4048 1432 4117 Ῥωμαίοις
1458 4050 1689 4120 πληγαῖς

118 4136 391 4201 αἰκίζεται
418 4153 430 4166 °
484 4136 717 4190 τοιοῦτοι
772 4137 881 4209 γὰρ
922 4139 969 4189 oi
1021 4138 1191 4208 νόμοι.
1236 4139 1367 4191 Ἀπὸ
1407 4140 1688 4211 Εὐφράτου

120 4228 394 4301 ποταμοῦ,
430 4229 716 4302 καὶμέχρι
768 4230 861 4283 τοῦ
908 4229 1179 4293 Ὠκεανοῦ,
1218 4231 1293 4294 ὠς
1351 4233 1443 4285 ἐπὶ
1496 4235 1687 4285 ἀνατο-

119 4320 237 4386 λὰς,
264 4323 295 4373 δ
321 4322 720 4395 λοιδορούμενος
750 4323 825 4387 ὼς
876 4324 1087 4392 φονεὺς,
1138 4325 1170 4393 ἢ
1220 4324 1295 4389 ὡς
1341 4326 1597 4395 κλέπτης,
1627 4326 1686 4377 ού

119 4498 456 4572 νοθεύονται,
501 4508 605 4572 etc.
651 4502 715 4572 Οἱ
768 4502 827 4555 δὲ
877 4501 1065 4572 ἄνδρες
1098 4500 1456 4572 ᾲστιὸάξονται
1504 4502 1688 4572 ἐσθῆτι

124 4569 377 4642 μαλακῇ,
430 4569 524 4642 καὶ
576 4571 860 4642 ἀνθοϐάφῳ
908 4569 1196 4641 περιῦολῇ,
1224 4580 1299 4642 ,οι
1349 4580 1559 4626 caetera.

121 4640 402 4695 stellarum
442 4640 496 4693 in
527 4654 715 4695 eorum
745 4640 864 4696 ortu
895 4640 1331 4696 concurrentium
1356 4642 1683 4697 diversitate.

122 4710 464 4781 Epiphanius
494 4709 611 4764 loco
633 4710 743 4781 jam
778 4712 1016 4777 laudato,
1054 4727 1204 4765 num.
1243 4710 1330 4776 10,
1359 4710 1559 4778 Γηλούς
1592 4728 1687 4767 ηο-

124 4780 329 4847 minat,
380 4780 558 4833 itidem
606 4788 664 4832 ut
710 4780 1043 4836 Bardesanes
1081 4791 1134 4835 et
1182 4781 1541 4848 Ptolemaeus;
1594 4785 1687 4838 sed

125 4852 228 4907 hoc
260 4852 329 4906 iis
357 4849 861 4921 singularegtribuit,
896 4860 955 4906 ut
982 4851 1123 4921 apud
1158 4852 1303 4921 ipsos
1340 4854 1386 4903 οἱ
1421 4852 1488 4904 τὰ
1514 4854 1688 4920 φαῦλα

125 4919 551 5043 ἒρῶντεςηπρὸς
578 4918 684 4971 τῶν
716 4920 898 4989 νόμων
915 4918 1102 5000 ⁸αὐτῶν
1132 4918 1498 5003 επαινοῦνται.
1527 4918 1688 5005 Celas

172 4994 340 5043 limus
377 4992 469 5043 lib.
510 5007 581 5043 vr.
628 5006 742 5043 can.
789 4986 875 5043 lﬁ.
913 4999 1055 5043 inter
1086 4993 1221 5043 alios
1257 4991 1485 5043 Hvrcam
1523 5008 1688 5043 maris

172 4993 340 5046 linius
377 4986 473 5045 lib.
510 5007 581 5053 vr,
628 5006 742 5059 cap.
782 4986 875 5062 ⁷16,
913 4990 1221 5062 ἰηιετᾲοιὶοε
1257 4991 1485 5062 Hyrcani
1523 4994 1689 5048 maris

130 5062 346 5131 accolas
374 5059 1007 5131 numerattqunsﬂGraici
1044 5059 1318 5131 Cadusios
1350 5064 1685 5131 appellarint.

130 5129 293 5203 Gelas
325 5142 499 5185 tamen
546 5147 576 5185 a
615 5127 1113 5203 AC§_dusiis_Strabo
1156 5127 1439 5203 distinguit
1468 5132 1558 5185 lib.
1592 5150 1686 5199 x1;

132 5200 325 5271 ambos
352 5209 529 5271 tamen
564 5201 629 5256 ad
669 5199 900 5271 Hyrcani
931 5214 1026 5253 seu
1073 5199 1255 5270 Caspii
1307 5199 1475 5256 maris
1512 5204 1689 5256 orien-

131 5270 336 5341 talem,
377 5279 438 5341 Aet
466 5269 647 5341 _Tauri
712 5269 911 5324 montis
958 5269 1433 5341 septentrionalem
1478 5273 1687 5341 plagam

132 5338 439 5409 constituit.
465 5337 839 5409 Theophanes,
870 5341 960 5409 qui
993 5338 1230 5408 Pompeii
1262 5355 1438 5398 castra
1475 5337 1690 5398 secutus

132 5418 270 5473 erat,
307 5408 448 5477 apud
492 5408 738 5481 eumdem
788 5408 1490 5481 Strabonemyeodemque
1528 5414 1686 5473 libro,

135 5483 443 5533 Amazonas
500 5478 639 5552 inter
684 5490 737 5533 et
794 5481 1062 5552 Albanos__
1084 5480 1310 5552 collocat
1364 5478 1539 5552 Γῆλας
1598 5482 1691 5535 καὶ

135 5551 527 5620 Λήγαςλ-ιιιιοδ
562 5545 802 5620 zonaras
834 5560 982 5603 tomo
1022 5547 1094 5611 ll,
1123 5550 1333 5620 minus,
1374 5545 1438 5603 ut'
1475 5552 1687 5620 opinor,

135 5567 357 5620 Ληγας,
391 5567 527 5617 quos
562 5567 802 5611 uqnaras
834 5567 982 5603 tomo
1024 5567 1094 5611 ιι,
1123 5567 1333 5616 minus,
1374 5567 1431 5603 ut
1475 5568 1506 5605 o
1548 5568 1687 5614 inor,

134 5630 300 5682 recte,
329 5617 882 5688 Fékiag_mi_Alyuac
916 5620 1175 5673 nominat.
1220 5618 1458 5688 Denique
1492 5567 1691 5675 (Eleme-

137 5705 237 5758 nus
290 5704 413 5758 pag.
460 5686 581 5751 127,
623 5684 846 5742 Caesarii
890 5690 1069 5743 locum
1118 5684 1393 5758 συντόμως
1435 5690 1686 5753 aﬂ‘erens,

136 5757 422 5829 Γηλαίους,
471 5771 598 5823 non,
652 5763 710 5808 υι
756 5766 839 5811 est
888 5761 1029 5827 apud
1084 5757 1374 5824 Ortelium,
1433 5758 1688 5823 Gellwos;

139 5831 311 5885 multo
356 5830 669 5898 minus,;_ut
709 5834 791 5880 est
814 5829 973 5898 apud
1019 5830 1393 5898 interpretem,
1434 5830 1686 5896 Agelwos,

140 5909 315 5959 vocat.
340 5898 520 5970 Itaque
543 5894 723 5968 Γῆλοι,
746 5895 849 5966 vel,
872 5905 933 5952 ιιι
960 5897 1049 5954 alii
1073 5900 1111 5953 Γ
1114 5894 1252 5971 ηλοὶ,
1275 5899 1459 5970 Γῆλαι,
1478 5894 1684 5969 rma“,

1784 2025 1899 2071 tum
1926 2017 2041 2089 lege
2063 2028 2164 2082 est,
2185 2019 2260 2072 uti
2293 2020 2547 2076 mulieres
2572 2031 2768 2076 terram
2794 2025 2993 2088 colant,
3011 2024 3203 2077 domos
3228 2023 3355 2078 θεαι-

1784 2109 1977 2173 ﬁceut,
2010 2125 2075 2164 ac
2105 2111 2327 2181 reliquis
2358 2111 2673 2180 hujusmodi
2697 2115 2954 2183 operibus
2978 2124 3209 2179 vacent,
3242 2115 3352 2169 imo

1784 2202 2107 2271 quibuscum
2162 2204 2290 2273 ipsae
2342 2205 2633 2269 voluerint,
2704 2208 2922 2278 impune
2970 2216 3347 2261 consuescant.

1785 2293 1880 2359 Ita,
1912 2310 2012 2348 nec
2056 2297 2376 2364 reprehendi
2411 2313 2442 2352 a
2466 2298 2616 2361 viris,
2653 2314 2751 2354 nec
2778 2299 3035 2353 adultera:
3057 2299 3237 2354 vocari
3263 2313 3351 2353 so-

1784 2383 1913 2447 lent,
1946 2384 2116 2451 quod’
2142 2400 2334 2439 omnes
2365 2387 2567 2454 pariter
2592 2398 2645 2441 et
2671 2388 2721 2441 in
2749 2389 3008 2443 similium
3035 2391 3233 2444 artium
3266 2404 3354 2444 oc-

1786 2473 2069 2541 cupatione
2094 2485 2399 2542 versentur,
2421 2484 2472 2530 et
2502 2493 2625 2531 cum
2653 2481 2907 2536 omnibus
2934 2483 3260 2551 promiscue,
3291 2497 3354 2535 ac

1784 2565 2080 2633 praesertim
2110 2580 2231 2619 cum
2264 2566 2559 2635 peregrinis
2590 2559 3013 2638 coniungantur.
3085 2569 3348 2623 Praeterea

1786 2671 1884 2710 nec
1921 2665 2317 2725 unguentorum
2335 2657 2559 2712 Gclissis
2592 2658 2929 2727 mulieribus,
2949 2662 3351 2715 nectinctarum

1786 2748 2013 2801 vestium
2031 2764 2163 2803 usus
2182 2758 2264 2803 est
2285 2768 2296 2801 :
2324 2750 2432 2804 imo
2455 2750 2613 2804 nudis
2630 2766 2847 2821 quoque
2863 2752 3086 2822 pedibus
3103 2752 3354 2806 incedunt

1788 2838 1953 2909 2'76
1982 2855 2204 2907 omnes;
2242 2857 2364 2895 cum
2413 2842 2613 2895 interea
2654 2842 2753 2895 viri
2788 2858 2895 2897 non
2924 2842 3106 2897 mollia
3136 2851 3346 2898 tantum

1788 2947 1852 2985 ac
1874 2932 2133 2996 delicata,
2163 2933 2253 2986 sed
2282 2932 2443 2986 etiam
2473 2940 2528 2986 et
2554 2933 2735 2987 colore
2758 2932 3008 2989 distincta
3040 2934 3346 3004 multiplici,

1788 3031 1842 3077 et
1866 3038 2002 3076 auro
2036 3023 2361 3078 collucentia
2386 3024 2706 3078 vestimenta
2740 3023 2900 3089 ferre,
2930 3035 3090 3094 atque
3116 3042 3355 3095 unguen-

1788 3110 1859 3165 tis
1891 3109 2140 3180 perfundi
2170 3111 2573 3166 consueverint.
2606 3109 2759 3177 Quod
2794 3113 2894 3182 ipsi
2925 3122 3103 3168 tamen
3130 3129 3227 3183 pro
3259 3129 3355 3170 sua

1790 3204 2021 3271 quadam
2048 3203 2317 3273 insitaque
2347 3204 2652 3259 animorum
2682 3205 2893 3275 ignavia
2929 3221 3036 3260 non
3067 3207 3255 3276 utique
3284 3204 3356 3259 fa-

1789 3293 1951 3359 ciant,
1981 3308 2103 3347 cum
2162 3302 2217 3348 et
2262 3292 2543 3348 fortissimi
2572 3295 2701 3360 sint,
2738 3308 2790 3349 et
2819 3295 3081 3350 bellorum
3116 3296 3355 3351 venatio-

1787 3382 1981 3450 nisque
2009 3380 2344 3451 peritissimi.
2404 3380 2513 3437 Nec
2562 3382 2776 3437 femina:
2813 3384 2955 3453 apud
2984 3386 3103 3439 illos
3127 3425 3139 3449 ,
3171 3394 3266 3438 aut
3299 3386 3352 3439 in

1785 3478 2137 3548 Capricorno,
2170 3487 2262 3531 aut
2291 3478 2343 3531 in
2370 3478 2608 3546 Aquario
2644 3478 2935 3532 infaustam
2971 3492 3161 3533 omnes
3190 3475 3355 3533 Vene-

1786 3588 1899 3627 rem
1939 3571 2299 3643 infestamque
2350 3572 2554 3627 sortita:
2607 3581 2734 3627 sunt
2788 3590 2799 3625 :
2862 3586 2961 3627 nec
3008 3586 3199 3626 rursus
3252 3571 3352 3623 viri

1788 3679 1976 3719 omnes
2022 3664 2265 3718 eamdem
2302 3664 2353 3717 in
2400 3664 2581 3717 Ariete
2632 3680 2753 3717 cum
2790 3662 2956 3717 Marte
3011 3662 3353 3732 conjunctam

1791 3755 2027 3819 habent,
2053 3769 2161 3822 quo
2191 3755 2477 3823 utriusque
2503 3756 2609 3809 situ
2635 3796 2649 3819 ,
2696 3754 2859 3808 fortes
2885 3754 3047 3807 simul
3077 3770 3139 3808 ac
3162 3754 3355 3808 delica-

1790 3852 1874 3898 tos
1909 3845 2057 3898 nasci
2089 3844 2465 3899 Chaldaeorum
2517 3853 2807 3899 sectatores
2843 3852 3143 3899 autumant.
3200 3842 3353 3911 Apud

1790 3937 2035 4002 Bactros,
2070 3938 2325 3991 mulieres
2356 3939 2501 3991 omni
2536 3940 2711 3992 cultus
2745 3953 2808 3991 ac
2854 3935 3037 3989 mundi
3069 3936 3351 4004 elegantia,

1790 4029 2045 4097 omnique
2075 4038 2470 4098 unguentorum
2504 4043 2697 4097 genere
2748 4027 2821 4079 uti
2873 4027 3077 4092 solent,
3114 4026 3354 4095 adeoque

1790 4118 2061 4189 pluribus,
2096 4134 2260 4187 quam
2290 4119 2413 4181 viri,
2447 4120 2766 4173 ancillarum
2794 4134 2854 4172 ac
2880 4133 3168 4187 puerorum
3198 4118 3355 4172 obse-

1790 4210 1936 4280 quiis
1965 4209 2262 4279 oiIiciisque
2293 4210 2417 4264 coli.
2445 4209 2721 4265 Prodeunt
2750 4210 2802 4263 in
2831 4210 3159 4279 equis,quos
3188 4209 3356 4263 multo

1790 4316 1925 4356 auro
1955 4301 2291 4371 gemmisque
2323 4301 2729 4371 pretiosissimis
2780 4300 3085 4371 phaleratos
3137 4300 3353 4367 habent,

1791 4502 2020 4563 Γελαῖοι,
2058 4502 2195 4571 apud
2232 4502 2473 4556 diversos
2512 4513 2759 4558 auctores
2805 4517 3030 4572 prorsus
3066 4504 3249 4567 iidem,
3286 4504 3353 4555 li—

1660 4589 1689 4629 e
1719 4605 1765 4662 υ
1794 4583 1878 4662 get
1925 4573 2111 4662 rem}
2232 4572 2438 4662 Γῇαῖοι
2488 4583 2822 4662 θυῖε-ιεριιιιιιΔ
2846 4573 3351 4662 ηῌοηιεηῄχίίξεαιιιξ,

1792 4644 2029 4699 Feminae
2076 4654 2252 4697 autem
2286 4643 2541 4713 Γήλισσαι
2578 4645 2911 4698 dicebantur.
2944 4643 3010 4695 At
3036 4642 3254 4713 Γελῶοι,
3284 4642 3355 4713 de

1789 4716 1989 4783 quibus
2026 4730 2192 4783 supra
2238 4712 2360 4783 pag.
2395 4714 2521 4775 253,
2556 4714 2646 4783 qui
2689 4712 3136 4783 Felaior_saepius,
3170 4720 3223 4783 et
3250 4712 3351 4764 ali-

1789 4779 2006 4854 quando
2040 4779 2540 4854 Γέλλαῖόι,ἰοιὲιιίξ
2555 4782 2759 4854 Gelani
2796 4790 2849 4833 et
2882 4779 3152 4854 Ce_l_enses_,
3186 4781 3355 4854 inter-

1789 4848 2025 4923 dumque
2054 4853 2365 4923 ιϐείζεηετδ,
2401 4854 2452 4904 in
2511 4851 2692 4923 Sicilia
2728 4859 2881 4923 sunt.
2938 4848 3069 4923 Nam
3115 4850 3354 4923 Γελῴους

1791 4919 1991 4977 frustra
2046 4920 2355 4982 Stephanus
2408 4920 2670 4989 repudiat.
2727 4919 2967 4991 Γελῶνοι
3008 4921 3241 4991 denique
3300 4922 3351 4975 in

1793 4994 2079 5054 Sarmatia,
2115 4994 2309 5059 partim
2344 4991 2623 5058 Europaea,
2654 4992 2846 5058 partim
2882 4990 3139 5044 Asiatica.

1863 5064 1937 5132 (7)
1973 5061 2483 5132 Παρὰ-Βάκτροις,
2506 5059 2827 5132 WCazsarius»
2859 5060 2978 5115 loco
3024 5064 3115 5132 cit.
3157 5062 3222 5115 de
3256 5061 3354 5114 Ba-

1792 5129 2014 5191 ctrianis
2058 5130 2376 5184 mulieribus
2406 5130 2572 5192 nihil;
2611 5140 2665 5183 at
2707 5129 2955 5185 Susianis
2983 5130 3169 5185 eadem
3197 5132 3353 5183 attri-

1792 5205 1907 5259 buit
1952 5220 1964 5255 :
2003 5202 2089 5253 ’Ev
2142 5200 2199 5251 δὲ
2248 5199 2487 5262 Σούσοις,
2525 5201 2728 5268 inquit,
2765 5200 2865 5270 τῆς
2906 5201 3239 5263 Βαϐυλῶνος,
3297 5203 3352 5253 αι

1792 5274 2041 5342 γυναῖκες
2084 5272 2241 5342 παντὶ
2278 5270 2430 5339 μύρῳ
2479 5270 2804 5342 διαφέροντι,
2840 5272 2934 5324 καὶ
2966 5272 3148 5342 κόσμῳ
3174 5270 3350 5339 χρῶν-

1791 5339 1898 5405 ται,
1948 5340 2404 5413 ὑπηρετούμεναι,
2452 5342 2545 5392 καὶ
2584 5339 2829 5413 φαιδρῶς
2885 5339 3195 5411 προϊοῦσαι,
3256 5341 3351 5395 σὺν

1794 5411 2085 5531 βλωσυρὲφ,
2119 5412 2215 5467 καὶ
2232 5410 2480 5489 διαχύσει
2512 5412 2696 5531 πολλῇ⁵2

1864 5482 1936 5531 (Si
2000 5482 2012 5501 ’
2058 5497 2095 5531 ν
2129 5480 2197 5531 δὲ
2245 5500 2316 5531 τη
2360 5483 2603 5531 Ἀραϐία.

1864 5482 1936 5552 (8)
1978 5479 2197 5552 ’Ἐνβὲ
2245 5480 2317 5549 τῇ
2360 5483 2603 5549 Ἀραϐίᾳ.
2650 5479 3232 5552 ιπεΤιτοαυεΙιυω,
3280 5480 3350 5537 ad

1792 5549 1898 5622 leg.
1921 5549 2071 5605 illam
2102 5549 2130 5600 7
2159 5553 2396 5605 connub.
2436 5554 2550 5607 hac
2591 5562 2645 5606 et
2690 5549 2883 5606 similia
2915 5550 3161 5619 pluribus
3194 5567 3348 5606 exse-

1831 5631 2065 5676 uentem.

1793 5639 2126 5761 qufsii‘linaba
2151 5690 2428 5760 Πάρθοις.
2458 5691 2707 5746 Cruenta:
2736 5689 2899 5759 hujus
2926 5698 2977 5743 et
3012 5691 3190 5761 impia
3218 5706 3347 5747 con-

1794 5760 2095 5815 suetudinis
2128 5764 2455 5817 mentionem
2498 5762 2623 5815 alibi
2671 5775 2776 5813 non
2825 5762 3053 5830 reperio.
3084 5760 3246 5815 Multa
3280 5762 3346 5814 de

1793 5831 2119 5885 Parthorum
2192 5833 2436 5886 moribus
2492 5832 2543 5884 iu
2605 5830 2877 5884 historicis
2943 5831 3345 5886 commentariis

1795 5900 1989 5958 Strabo
2020 5904 2329 5973 scripserat,
2364 5910 2423 5957 ut
2446 5902 2537 5957 lib.
2570 5900 2857 5972 Geograph.
2885 5918 2945 5969 ιι,
2976 5903 3256 5974 signiﬁcat.
