3976 6340
741 442 848 496 475
1369 438 1641 497 EUSEBII
1676 436 2159 495 CESARIENSIS
2190 433 2339 490 OPP.
2382 429 2563 487 PARS
2597 430 2658 486 II.
2704 461 2773 473 -—
2809 427 3308 487 APOLOGETICA.
3871 426 3931 479 £76

740 572 847 625 que
878 564 1141 609 terrarum
1165 596 1178 619 ,
1212 564 1373 627 atque
1417 557 1557 627 apud
1586 570 1776 610 omnes
1806 556 2029 609 omnino
2062 552 2256 622 populo

2358 554 2385 609 λ
2420 563 2509 615 ρος
2550 546 2849 617 παρουσίαν
2901 544 3277 614 ἀναμένοντες,
3329 544 3389 596 οὐ
3433 541 3704 613 κλίματος
3757 540 3929 605 {Eoum

739 646 932 699 divites
962 648 1163 715 pariter
1191 656 1243 701 et
1278 648 1487 716 inopes,
1540 648 1833 717 principes,
1867 644 2255 714 principibusqt

2410 638 2798 709 ἐκτρεπόμενοι
2830 636 2966 708 (ιι),
2997 637 3095 707 οὐχ
3134 636 3239 690 ὑπὸ
3265 636 3429 706 νόμου
3472 632 3766 706 ἀλλοτρίας
3810 634 3927 703 χώρας

739 738 977 803 subditi,
1033 740 1302 801 valentes,
1342 740 1660 808 morbisque
1706 738 1881 792 vexati
1940 743 2253 805 repertuntu

2409 730 2694 800 ἀγόμενοι·
2734 729 2849 782 ἀλλ’
2882 728 2992 781 εἴτε
3020 729 3078 781 ὲν
3120 726 3288 799 Συρία
3329 727 3695 797 τυγχάνουσιν
3718 768 3733 791 ,
3776 726 3869 778 εἴτε
3897 728 3928 779 ἐν

736 838 897 898 prout
923 839 1077 882 ortus
1109 831 1373 897 cujusque
1398 844 1519 882 sors
1548 838 1600 883 et
1624 828 1764 881 ratio
1793 825 1992 879 tulerit.
2036 822 2182 889 Hmc,
2217 825 2256 877 ir

2407 821 2625 891 Γαλλίᾳ,
2656 820 2767 874 εἴτε
2794 822 2851 873 ὲν
2895 820 3112 891 Ἰταλίᾳ,
3146 820 3257 871 εἴτε
3287 819 3342 870 ὲν
3390 817 3631 880 Ἑλλάδι,
3666 818 3700 888 ἢ
3748 819 3807 869 ἐν
3841 818 3928 886 Παρ-

733 935 935 988 quam,
967 934 999 971 o
1033 918 1371 983 Bardesane,
1409 917 1572 988 hujus
1619 919 1751 972 mibi
1794 915 2074 971 sententia:
2109 914 2256 968 verit:

2404 912 2513 985 θίᾳ,
2548 914 2581 984 ἡ
2622 915 2752 967 ὅπου
2790 914 2855 967 ἂν
2888 908 3025 977 ὦσι,
3059 913 3218 967 τοῦτο
3241 910 3505 966 ποιοῦσιν.
3540 914 3717 985 Ὅπερ
3739 912 3930 966 οὐκέστι

732 1020 838 1064 tem
870 1012 1084 1065 abunde
1123 1011 1462 1080 persuadent.
1527 1012 1596 1063 At
1638 1012 1781 1065 enim
1830 1009 2125 1065 astronomi
2169 1006 2256 1061 Tet

2402 1007 2539 1060 κατὰ
2570 1006 2782 1074 γένεσιν
2804 1023 2817 1036 ·
2846 1006 2907 1059 οὐ
2933 1006 3039 1077 γάρ
3062 1006 3314 1059 δύνανται
3342 1004 3542 1068 πάντες
3579 1004 3822 1058 Ἰουδαῖοι
3849 1006 3928 1075 μίαν

731 1118 847 1156 rant
892 1103 1043 1156 aiunt
1075 1103 1126 1155 in
1162 1111 1368 1171 septem
1398 1102 1615 1156 climata
1659 1102 1889 1157 divisam
1917 1115 2070 1165 esse,
2098 1099 2256 1169 quibu

2398 1097 2608 1165 γένεσιν
2642 1098 2807 1168 ἔχειν.
2868 1096 3027 1151 Ἀλλά
3068 1098 3161 1150 καὶ
3203 1097 3269 1149 δι’
3301 1096 3522 1168 ἡμερῶν
3562 1096 3702 1149 ἐπ’τά
3752 1097 3929 1161 πάντες,

728 1193 959 1261 singulis
991 1194 1186 1263 singuli
1232 1194 1709 1263 planetaa'przesiut
1742 1212 1754 1247 :
1790 1193 1862 1247 ita
1894 1192 2137 1247 diversas
2175 1190 2256 1245 illa

2396 1188 2527 1241 ὅπου
2565 1189 2631 1242 ἂν
2659 1183 2811 1253 ὦσιν,
2858 1188 3119 1260 ἀργοῦσιν
3155 1190 3218 1240 ὲκ
3257 1188 3455 1251 παντὸς
3498 1186 3658 1257 ἔργου
3682 1202 3695 1215 ·
3734 1189 3829 1240 καὶ
3851 1188 3951 1257 οὔτε⁴

728 1280 798 1336 ab
842 1282 1155 1337 hominibus
1203 1283 1407 1351 positas
1451 1293 1503 1337 et
1542 1284 1863 1337 constitutas
1897 1282 2041 1353 leges
2066 1298 2173 1335 non
2210 1280 2295 1334 fu-

727 1372 856 1437 isse,
884 1375 975 1428 sed
1008 1376 1290 1444 principiis
1319 1376 1584 1446 cujusque
1612 1376 1807 1431 sideris
1834 1376 2165 1429 voluntatem
2192 1391 2290 1429 sua
2350 1439 2357 1445 γ

724 1462 779 1516 in
805 1464 1025 1532 regione
1047 1464 1337 1531 dominari,
1366 1481 1528 1537 quant
1554 1467 1674 1521 Ioco
1701 1466 1834 1536 legis
1861 1465 2167 1529 habuerint,
2195 1465 2287 1534 qui

722 1555 841 1622 ejus
870 1556 1096 1624 imperio
1123 1572 1185 1610 ac
1211 1556 1419 1611 ditionc
1446 1567 1752 1611 teneantur.
1826 1555 2023 1609 Verum
2057 1556 2129 1621 id,
2160 1554 2289 1609 Phi-

720 1643 883 1713 Iippe,
917 1647 1052 1698 t'also
1082 1647 1458 1728 respondetur.
1496 1646 1629 1700 Nam
1666 1658 1724 1700 ut
1752 1647 1940 1701 demus
1966 1648 2151 1701 orbem
2180 1656 2289 1701 ter-

718 1752 903 1791 rarutn
932 1748 1135 1808 septem
1165 1741 1217 1793 iu
1247 1749 1428 1808 partes
1451 1740 1800 1794 distributum
1834 1755 1987 1805 esse;
2028 1754 2283 1809 maguum

715 1826 801 1880 vel
847 1843 953 1880 una
995 1838 1203 1883 tantum
1234 1829 1287 1882 in
1320 1840 1471 1898 parte
1514 1829 1692 1900 legum
1729 1831 2019 1885 discrimen
2044 1830 2286 1901 agnosci-

2393 1277 2687 1335 ὁδεύουσιν,
2718 1276 2839 1330 οὕτε
2862 1277 2993 1349 πυρὶ
3025 1278 3285 1348 χρῶνται.
3322 1276 3457 1329 Οὔτε
3489 1277 3786 1345 ἀναγκάζει
3818 1278 3929 1350 ἡγί-

2393 1386 2537 1433 νεσις
2584 1370 2831 1422 Ἰουδαῖον
2852 1410 2865 1433 ,
2909 1370 2969 1439 οῷ
3002 1369 3183 1421 κτίσαι
3213 1364 3379 1431 οἷκον,
3409 1368 3467 1420 οὐ
3502 1368 3800 1425 καταλῦσαι
3823 1412 3838 1434 ,
3864 1373 3927 1425 οὐκ

2392 1461 2747 1531 ἐργάσασθαι,
2775 1462 2835 1514 οὺ
2872 1460 3138 1531 πωλῆσαι,
3167 1461 3267 1513 οὐκ
3295 1459 3559 1531 ἀγοράσαι
3588 1463 3708 1525 ταῖς
3732 1464 3929 1533 ἡμέραις

2389 1552 2482 1605 τοῦ
2525 1552 2799 1606 Σαδϐάτου
2818 1595 2830 1617 ,
2884 1553 3059 1606 καίτοι
3103 1554 3159 1605 ἐν
3184 1557 3249 1624 τῇ
3277 1555 3410 1624 αὐτῇ
3442 1555 3623 1625 ἡμέρᾳ
3650 1556 3929 1625 γεννώντων

2403 1642 2665 1694 Ἰουδαίων
2692 1643 2785 1695 καὶ
2813 1644 3183 1713 γεννωμένων,
3220 1644 3313 1696 καὶ
3346 1645 3659 1708 νοσούντων,
3704 1648 3797 1699 καὶ
3828 1649 3927 1701 ἀπο-

2389 1735 2728 1805 θνησκόντων
2752 1754 2763 1765 ·
2801 1736 2972 1789 ταῦτα
2992 1735 3099 1807 γὰρ
3120 1736 3219 1788 οῦκ
3237 1736 3314 1788 ἔτι
3338 1738 3452 1789 ἐστὶ
3475 1736 3567 1789 τοῦ
3594 1738 3923 1802 αὑτεξουσίον.

2401 1826 2487 1879 Ἐν
2520 1830 2585 1897 τῇ
2618 1824 2785 1897 Συρίᾳ.
2814 1827 2907 1880 καὶ
2932 1829 2989 1879 ἐν
3010 1832 3075 1899 τῇ
3123 1829 3385 1899 Ὀσροηνῇ
3416 1829 3785 1883 ἀπεκόπτοντο
3835 1833 3926 1884 πιλ-

715 1933 860 1973 mus.
906 1917 1015 1974 Nec
1039 1920 1183 1974 enim
1223 1922 1295 1974 uti
1329 1922 1556 1990 planetae
1587 1932 1811 1992 septem,
1841 1923 2041 1991 septem
2066 1938 2256 1992 quoqui

2386 1917 2465 1969 λοι
2486 1921 2549 1988 τῇ
2590 1918 2717 1989 Ῥέᾳ
2742 1935 2755 1945 ⁸
2791 1919 2880 1971 καὶ
2905 1920 2962 1971 ἐν
2992 1920 3158 1990 τούτῳ
3188 1922 3285 1991 μιᾷ
3315 1923 3453 1992 ῥοπῇ
3481 1921 3508 1971 6
3538 1920 3787 1989 βασιλεὺς
3824 1923 3924 1974 Ἀῦο

711 2008 1046 2075 Ieges;.nec
1103 2025 1201 2079 pro
1248 2011 1528 2081 signorum
1580 2012 1788 2067 zodiaci
1823 2026 2049 2066 numero
2079 2012 2283 2065 duode-

710 2099 816 2154 cim
838 2119 851 2165 ;
876 2116 995 2169 nec,
1021 2113 1155 2171 quot
1181 2104 1279 2171 ipsi
1303 2103 1541 2158 decanos
1573 2114 1801 2173 ponunt,
1848 2120 1939 2158 sex
1993 2113 2203 2161 tantum
2230 2114 2281 2158 et

710 2189 953 2257 triginta,
981 2193 1071 2246 sed
1102 2208 1325 2260 prorsus
1352 2194 1577 2248 intinitm
1607 2207 1983 2249 numerantur.
2046 2194 2275 2264 Quippe,

707 2283 1021 2337 meminisse
1072 2300 1171 2339 vos
1224 2300 1410 2338 eorum
1465 2302 1584 2355 qua:
1633 2303 1794 2355 supra
1826 2286 2094 2350 diximus,
2125 2302 2278 2356 Opor-

706 2372 837 2427 tebit
886 2392 898 2428 :
951 2373 1150 2428 Eodem
1206 2377 1259 2429 in
1316 2378 1560 2444 climate,
1617 2396 1832 2448 unoque
1890 2380 2166 2434 ludiarum
2221 2380 2274 2432 in

701 2473 920 2529 tractu,
978 2464 1136 2523 Indos
1193 2468 1331 2522 alios
1389 2485 1549 2537 esse,
1599 2472 1692 2540 qui
1747 2470 2005 2524 carnibus
2047 2486 2273 2525 vescan-

700 2567 792 2614 tur
858 2559 1153 2628 Immanis,
1210 2562 1384 2627 alios,
1440 2564 1533 2632 qui
1596 2566 1665 2617 ab
1714 2564 1861 2617 omni
1921 2579 2100 2617 rerum
2155 2564 2272 2615 ani-

699 2663 971 2706 matarum
1048 2669 1145 2707 esu
1208 2654 1515 2708 abstineant
1583 2672 1595 2707 :
1672 2654 1971 2721 Magusreos
2034 2670 2141 2707 non
2214 2654 2279 2707 in,

683 2739 863 2809 ’279
889 2740 1111 2795 Perside
1141 2750 1345 2795 tantum
1381 2743 1518 2795 tilias
1542 2758 1737 2797 uxores
1753 2744 1966 2805 ducere,
1997 2746 2088 2797 sed
2106 2746 2264 2797 etiam

696 2833 1005 2902 ubicunque
1039 2834 1253 2901 degant,
1277 2844 1525 2901 acceptas
1554 2848 1583 2886 a
1609 2835 1908 2903 majoribus
1948 2836 2121 2905 leges,
2145 2852 2267 2890 eos-

694 2926 923 2993 demque
960 2925 1339 2995 mysteriorum
1366 2926 1512 2978 ritus
1558 2941 1621 2980 ac
1651 2928 2001 2982 caaremonias
2027 2928 2264 2981 retinen-

695 3025 797 3068 tes.
841 3014 1034 3068 Multas
1065 3033 1277 3085 quoque
1300 3020 1669 3072 recensuimus
1700 3019 1964 3073 barbaras
1992 3014 2258 3085 nationes,

694 3103 760 3157 ad
814 3107 1126 3171 meridiem,
1170 3122 1466 3172 occasum,
1502 3109 1795 3173 orientem,
1837 3110 2259 3177 septentrionem

693 3195 1012 3260 incolentes,
1049 3199 1153 3251 hoc
1172 3209 1261 3253 est
1288 3202 1340 3252 in
1368 3201 1517 3253 varia
1550 3201 1765 3254 climata
1792 3201 2258 3270 dissipatas,apud

691 3301 825 3355 quas
880 3290 1086 3342 nullum
1124 3300 1303 3344 exstet
1335 3290 1693 3345 Mercurianze
1720 3292 1857 3345 artis
1888 3292 2253 3360 doctrinaaque
2286 3271 2327 3327 (ἶ

692 3379 1004 3449 vestigium.
1035 3379 1152 3434 .Iam
1193 3397 1340 3447 vero,
1380 3399 1542 3451 quam
1577 3382 1777 3437 multos
1805 3384 2082 3438 exstitisse
2108 3387 2255 3439 viros

690 3471 961 3537 sapientes
1018 3472 1239 3539 putatis,
1286 3473 1378 3540 qui
1435 3473 1581 3541 leges
1611 3488 1895 3541 perperam
1930 3476 2255 3529 constitutas

688 3559 1023 3612 immutariut
1052 3560 1074 3611 ?
1099 3559 1207 3613 Iino
1250 3577 1410 3629 quam
1446 3562 1625 3614 multae
1660 3563 1825 3629 leges,
1878 3563 1959 3615 vel
1994 3563 2202 3615 consilii
2236 3606 2249 3629 ,

685 3650 771 3703 vel
807 3665 985 3703 rerum
1019 3651 1200 3719 inopia
1248 3653 1596 3705 conciderunt
1625 3654 1647 3705 ?
1674 3670 1832 3722 quam
1870 3655 2020 3706 multi
2074 3670 2251 3723 reges,

685 3742 965 3798 debellatis
996 3744 1257 3813 victisque
1276 3746 1877 3815 nationibusnovasipsi
1902 3748 2252 3817 propriasque

681 3834 848 3904 leges,
903 3838 1199 3902 antiquatis
1259 3838 1549 3905 prioribus,
1599 3839 2015 3906 imposuerunt?
2065 3838 2250 3907 Neque

681 3938 860 3982 tamen
889 3946 990 3983 suo
1014 3931 1228 3984 climate
1246 3931 1577 4000 planetarum
1608 3931 1745 3984 ullus
1767 3931 1987 3985 excidit.
2018 3930 2247 3985 Romani

680 4022 901 4075 subacta
955 4024 1348 4079 nudiustertius
1412 4024 1636 4089 Arabia,
1692 4026 2048 4079 barbarorum
2105 4026 2247 4094 leges

679 4115 1036 4169 sustulerunt.
1067 4114 1352 4183 Imperium
1389 4118 1531 4170 enim
1584 4133 1761 4171 rerqu
1798 4127 2036 4185 potestas
2065 4118 2244 4172 omni-

678 4218 766 4256 um
800 4205 1127 4276 licentiaque
1148 4209 1520 4276 consequitur.
1552 4208 1659 4262 Sed
1682 4210 1834 4277 juvat
1865 4210 1996 4264 illud
2028 4209 2241 4274 afferre,

677 4294 816 4360 quod
843 4296 925 4349 vel
963 4298 1256 4351 incredulis
1281 4298 1439 4352 [idem
1467 4298 1650 4352 faciat.
1678 4298 1851 4352 Judaei
1876 4317 2065 4355 omnes
2088 4301 2178 4370 qui
2211 4316 2242 4355 a

675 4383 1043 4455 Moyselegem
1068 4400 1411 4456 acceperunt,
1442 4388 1676 4445 infantes
1701 4393 1967 4446 masculos
1995 4402 2118 4447 ante
2149 4409 2242 4447 oc-

672 4486 853 4531 tavum
894 4485 959 4533 ab
1008 4488 1129 4533 ortu
1156 4482 1299 4534 diem
1334 4484 1757 4539 circumcisione
1786 4496 2093 4541 cruentant.
2123 4494 2238 4553 Qua

670 4571 884 4639 quidem
922 4574 973 4625 in
1007 4588 1064 4627 re
1091 4591 1188 4628 nec
1218 4575 1410 4630 sideris
1465 4580 1802 4644 prwseutiam
1836 4581 1980 4634 illius
2015 4596 2236 4649 exspec-

670 4673 807 4732 tant,
843 4681 941 4720 uec
972 4668 1100 4719 certi
1134 4667 1366 4721 climatis
1404 4669 1509 4721 vim
1547 4685 1609 4723 ac
1641 4672 1762 4737 jura
1803 4673 2097 4736 declinant,
2136 4689 2236 4726 nec

669 4756 891 4811 alterius
933 4759 1172 4825 regionis
1224 4758 1432 4828 legibus
1476 4761 1560 4829 agi
1601 4777 1658 4815 se
1704 4764 2002 4830 patiuntur.
2051 4763 2236 4832 Itaque

669 4862 763 4901 seu
818 4851 870 4904 in
902 4850 1080 4921 Syria,
1119 4867 1208 4905 seu
1238 4851 1291 4904 in
1332 4850 1526 4916 Gallia,
1574 4870 1664 4907 seu
1721 4856 1773 4907 in
1821 4857 1993 4922 Italia,
2046 4871 2139 4910 seu
2178 4856 2231 4908 in

667 4938 891 5003 Graecia,
929 4959 1021 4997 seu
1060 4946 1108 4997 in
1142 4944 1381 5009 Parthia,
1412 4944 1579 4998 verbo
1604 4947 1910 5018 ubicutique
1930 4956 2229 5013 versentur,

665 5045 867 5083 morem
895 5035 1139 5089 eumdem
1178 5039 1427 5091 retinent.
1470 5034 1525 5090 Id
1578 5047 1756 5091 autem
1804 5042 2058 5093 nascendi
2101 5054 2231 5093 con-

664 5120 921 5173 ditionem
952 5125 1191 5190 prol’ecto
1216 5143 1323 5180 non
1352 5129 1613 5196 sequitur,
1636 5144 1761 5181 cum
1788 5146 1892 5182 una
1924 5129 2093 5183 Judaei
2116 5144 2229 5196 pas.

663 5208 764 5259 sim
816 5223 1003 5262 omnes
1056 5213 1348 5282 eademque
1392 5216 1562 5270 teneri
1618 5232 1723 5269 non
1774 5219 2002 5284 possint.
2034 5219 2225 5279 Iidem,

664 5295 969 5365 ubicunque
1016 5298 1232 5368 degant,
1288 5308 1519 5373 septimo
1574 5322 1790 5376 quoque
1842 5310 1928 5363 die
1978 5310 2048 5362 ab
2076 5308 2223 5361 omni

662 5400 887 5451 prorsns
915 5403 1077 5455 opere
1108 5402 1299 5443 vacant
1332 5412 1518 5450 oumes
1554 5416 1567 5461 ;
1614 5398 1857 5465 adeoque
1893 5415 1959 5453 ne
1981 5400 2082 5453 iter
2106 5402 2224 5467 qui-

662 5475 780 5529 dem
807 5481 1130 5547 suscipiunt,
1164 5492 1253 5535 aut
1283 5484 1390 5551 igni
1420 5496 1664 5542 utuntur.
1702 5487 1777 5541 Ita
1808 5488 2028 5545 Iudaeus
2066 5502 2224 5543 nemo

686 5651 843 5738 ται)
888 5656 1344 5738 Ἐκτρεσόμετςοι.
1390 5658 1647 5738 Maiebam
1692 5666 2090 5738 ἐντρεπόμενοι,
2127 5666 2218 5738 sed

658 5719 780 5773 libri
812 5719 1407 5809 omnesvreclamabattt.
1442 5732 1669 5809 Montac.
1700 5719 1936 5809 suggerit
1962 5719 2217 5809 ὲντρεπά·

654 5808 844 5913 ravos.
868 5805 993 5860 etc.,
1018 5802 1187 5863 veriti,
1218 5800 1455 5869 religiose
1499 5800 1845 5913 absentum};
1894 5808 2003 5863 Nec
2039 5800 2215 5860 tamen

689 5864 1036 5913 κτοεπόιιενοι
1090 5885 1249 5913 solum
1302 5880 1449 5913 parnt
1500 5889 1509 5913 ξ
1560 5878 1712 5913 nimi
1778 5879 1914 5913 Αἱρσιι
2010 5877 2215 5913 Ιιηιαπιι

689 5864 1036 5935 κτρεπόμενοι
1090 5885 1249 5924 sensu
1302 5864 1451 5926 caret
1500 5889 1510 5923 :
1560 5864 1714 5943 quabi
1778 5879 1950 5945 dicat,
2001 5877 2216 5932 Iudaeos

2386 2026 2553 2078 γαρος
2588 2009 2837 2061 ἐκέλευσε
2870 2010 2977 2065 τῶν
3022 2011 3479 2079 ἀποκοπτομένων
3526 2011 3589 2065 τὰ
3625 2013 3794 2065 αἰδοῖα
3828 2014 3926 2066 ἀπο-

2382 2100 2674 2153 κόπτεσθαι
2709 2102 2801 2155 καὶ⁸
2828 2101 2927 2165 τὰς
2960 2106 3146 2174 χεῖρας
3166 2120 3179 2133 ο
3211 2104 3303 2155 καὶ
3334 2102 3516 2155 ἔκτοτε
3542 2104 3719 2168 οὐδεὶς
3758 2107 3925 2158 ἀπεκό-

2379 2190 2514 2259 ψατο
2542 2193 2686 2263 ἐντῇ
2751 2193 3034 2265 Ὀσροηνῇ.
3076 2195 3140 2246 Τί
3182 2195 3237 2247 δὲ
3273 2193 3501 2265 ἐροῦμεν
3548 2197 3673 2266 περὶ
3708 2196 3801 2266 τῆς
3846 2198 3925 2249 τῶν

2378 2283 2717 2353 Χριστιανῶν
2762 2286 3055 2356 αἱρέσεως,
3088 2282 3156 2357 ἦς
3194 2288 3356 2356 ἡμεῖς
3394 2288 3443 2338 oi
3474 2286 3724 2351 δοξασταὶ
3772 2288 3923 2340 πολλοὶ

2376 2373 2525 2436 ὄντες
2551 2376 2641 2425 καὶ
2664 2376 2722 2427 ἐν
2748 2375 3022 2445 διαφόροις
3053 2375 3355 2446 ἀνέστημεν
3377 2376 3653 2447 κλίμασιν,
3694 2380 3752 2431 ὲν
3790 2382 3923 2433 παντὶ

2374 2463 2513 2517 ἔθνει
2546 2468 2637 2518 καὶ
2665 2466 2909 2537 κλίματι,
2941 2468 3137 2531 οἵτινες
3170 2468 3352 2521 πολλοὶ
3384 2469 3535 2531 ὄντες
3555 2510 3568 2532 ,
3604 2471 3684 2522 ἐν).
3729 2473 3923 2541 ὀνόματι

2372 2553 2715 2624 κεκλήμεθα;
2744 2556 2853 2608 Καὶ
2874 2554 2997 2608 οὔτε
3035 2558 3083 2609 οἱ
3117 2558 3172 2610 ὲν
3208 2558 3421 2629 Παρθίᾳ
3448 2560 3763 2629 Χριστιανοὶ
3783 2562 3922 2615 πολύ-

2370 2644 2625 2714 γαμοῦσι,
2652 2647 2856 2716 Πάρθοι
2879 2648 3232 2719 ὑπάρχοντες,
3261 2649 3372 2702 οὗθ’
3406 2652 3454 2702 οἱ
3493 2652 3551 2703 ἐν
3593 2654 3774 2725 Μηδίᾳ
3817 2658 3920 2707 κυσὶ

2368 2740 2776 2809 παραϐάλλουσι
2815 2742 2939 2804 τοὺς
2969 2742 3228 2813 νεκρούςο
3274 2745 3372 2815 οὐχ
3406 2746 3453 2797 οἱ
3491 2745 3547 2796 ὲν
3589 2746 3806 2818 Περσίδι
3851 2765 3922 2815 γα-

2368 2830 2525 2897 μοῦσι
2549 2830 2647 2893 τὰς
2672 2830 2970 2903 θυγατέρας
3006 2836 3208 2897 αὐτῶν,
3234 2836 3441 2906 Πέρσαι
3474 2837 3623 2901 ὄντες
3644 2855 3657 2867 ·
3698 2840 3758 2891 οὐ
3794 2838 3921 2908 παρὰ

2364 2921 2628 2993 Βάκτροις
2658 2924 2750 2975 καὶ
2810 2925 3029 2990 Γάλλοις
3070 2928 3345 2999 φθείρουσι
3395 2932 3516 2993 τοὺς
3559 2932 3805 3001 γάμους·
3842 2934 3919 3000 οὐχ

2362 3014 2411 3064 οἱ
2447 3014 2501 3065 ἐν
2525 3013 2781 3085 Αἰγύπτῳ
2834 3016 3191 3088 θρησκεύουσι
3223 3020 3313 3073 τὸν
3351 3022 3513 3073 Ἀπιν
3538 3062 3553 3085 ,
3586 3024 3617 3093 ἢ
3652 3025 3743 3076 τὸν
3784 3022 3916 3085 κύνα,

2361 3102 2392 3172 ἦ
2423 3102 2509 3155 τὸν
2533 3106 2755 3173 τράγον,
2785 3107 2815 3177 ἢ
2846 3108 3116 3180 αἴλουρον.
3156 3109 3291 3161 Ἀλλ’
3320 3111 3452 3163 ὅπου
3486 3112 3643 3176 είσίν,
3688 3111 3807 3165 οὔτε
3833 3113 3917 3165 ὑπὸ

2360 3189 2466 3243 τῶν
2490 3194 2671 3257 κακῶς
2699 3197 2965 3267 κειμένων
2998 3199 3175 3269 νόμων
3206 3201 3300 3253 καὶ
3351 3200 3489 3253 ἐθῶν
3516 3204 3803 3259 νικῶνται·
3835 3208 3915 3275 οὐχ

2362 3285 2391 3352 ἡ
2418 3284 2526 3352 (15)
2559 3287 2659 3339 ὑπὸ
2682 3288 2787 3342 τῶν
2815 3289 2997 3359 ἀρχῶν
3028 3292 3470 3363 πρυτανευομένη
3495 3295 3705 3363 γένεσις
3747 3297 3916 3359 αὐτοὺς

2360 3374 2656 3443 ἀναγκάζει
2680 3382 2791 3441 τοῖς
2816 3380 3210 3451 ἀπειρημένοις
3231 3387 3421 3447 κακοῖς
3449 3385 3552 3438 ὑπὸ
3574 3386 3666 3440 τοῦ
3692 3388 3913 3440 διδασκά-

2357 3464 2446 3517 λου
2480 3468 2656 3519 αὑτῶν
2686 3470 2935 3539 χρῆσθαι.
2971 3472 3130 3542 Νόσῳ
3160 3473 3234 3540 δὲ,
3268 3477 3359 3528 καὶ
3392 3478 3573 3549 πενίᾳ,
3601 3481 3693 3533 καὶ
3719 3479 3908 3541 πάθεσι,

2355 3558 2449 3608 καὶ
2476 3562 2595 3619 ταῖς
2629 3560 3011 3631 νομιζομέναις
3052 3565 3297 3637 ἀτιμίαις
3340 3569 3673 3626 ὑπόκεινται.
3724 3573 3908 3641 ’Ὥσπερ

2353 3647 2461 3715 γὰρ
2484 3650 2509 3699 ὁ
2534 3649 2814 3721 ἐλεύθερος
2848 3655 3000 3724 ἡμῶν
3027 3655 3312 3728 ἅνθρωπος
3348 3660 3617 3715 δουλεύειν
3644 3663 3741 3715 οὐκ
3763 3663 3909 3729 ἀναγσ

2352 3738 2574 3801 κάζεται
2606 3780 2618 3802 ,
2666 3741 2766 3794 κᾶν
2798 3744 3136 3818 ἀναγκασθῇ,
3190 3750 3509 3803 ἀνθίσταται
3544 3754 3655 3814 τοῖς
3692 3753 3906 3819 ἀναγκά-

2352 3828 2559 3891 ζουσιν·
2592 3832 2760 3896 οὕτως
2781 3835 2898 3889 οὐδὲ
2921 3838 2948 3888 6
2980 3839 3299 3910 φαινόμενος
3320 3841 3474 3913 ἡμῶν
3503 3841 3683 3905 δοῦλος
3714 3842 3904 3912 ἄνθρω-

2354 3934 2451 3979 πος
2481 3920 2579 3987 τῆς
2614 3922 2890 3995 ὑποταγῆς
2919 3927 3204 3996 ἐκφεύγειν
3237 3930 3435 3999 ῥαδίως
3456 3930 3694 3985 δύναται.
3724 3934 3782 3985 Εἰ
3809 3934 3901 4004 γὰρ

2350 4010 2527 4064 πάντα
2556 4014 2854 4085 ἐδυνάμεθα
2875 4059 2887 4081 ,
2926 4020 3085 4087 ἡμεῖς
3120 4019 3184 4072 ἂν
3206 4015 3347 4089 ἦμεν
3388 4022 3448 4074 τὸ
3478 4024 3617 4086 πᾶν,
3648 4025 3719 4087 ὣς
3748 4042 3821 4085 τε,
3858 4027 3898 4076 εξ

2352 4102 2515 4171 μηδὲν
2544 4104 2865 4177 ἐδυνάμεθα,
2896 4106 3248 4180 ἄλλωνῆμεν,
3274 4111 3347 4173 ὠς
3373 4117 3649 4183 προεῖπον,
3693 4116 3895 4187 ὄργανα,

2346 4192 2440 4244 καὶ
2466 4195 2561 4262 οὐχ
2594 4195 2819 4251 ἑαυτῶν.
2864 4199 2995 4251 Θεοῦ
3033 4199 3075 4250 δ’
3100 4199 3478 4275 ἐπινεύσαντος
3512 4206 3686 4259 πάντα
3717 4207 3896 4259 δυνατά

2343 4283 2434 4333 καὶ
2460 4285 2858 4353 ἀνεμπόδιστα⁶
2900 4292 2965 4359 τῇ
3001 4289 3106 4358 γὰρ
3137 4290 3345 4342 ἐκείνου
3372 4292 3622 4366 βουλήσει
3649 4299 3791 4351 οὐδὲν
3813 4300 3893 4351 ἀν·

2338 4376 2582 4436 τιστῆναι
2617 4378 2869 4432 δύναται·
2900 4381 2993 4433 καὶ
3032 4380 3137 4451 γὰρ
3159 4381 3227 4433 τὰ
3257 4382 3515 4438 δοκοῦντα
3543 4390 3887 4453 ἀνθίστασθαι,

2340 4466 2501 4518 αὑτοῦ
2534 4470 2767 4538 χρηστοῦ
2800 4470 2967 4533 ὄντος,
3008 4471 3100 4522 καὶ
3131 4474 3541 4544 συγχωροῦντος
3578 4481 3774 4551 ἑκάστῃ
3806 4480 3889 4548 φύ·

2342 4574 2420 4609 σει
2452 4560 2592 4629 ἔχειν
2618 4561 2711 4631 τὴν
2738 4562 2969 4631 ίδιότητα
2994 4562 3084 4615 καὶ
3106 4564 3166 4615 τὸ
3186 4565 3530 4631 αὐτεξούσιον
3550 4573 3645 4625 τοῦ
3673 4573 3884 4644 θελήμα-

2339 4666 2447 4713 τος,
2474 4651 2807 4705 άνθίσταται.
2845 4670 2862 4704 ι
2892 4654 3138 4708 Τοσαῦτα
3171 4658 3263 4711 καὶ
3288 4660 3316 4710 6
3348 4660 3536 4732 Σύρος.
3580 4665 3723 4729 Ἐνὸς
3756 4666 3801 4718 δὲ
3822 4662 3884 4717 ἔτι

2340 4742 2631 4812 μνησθεὶς,
2677 4746 3001 4815 περιγράψω
3053 4748 3144 4802 τὸν
3189 4750 3363 4819 λόγον.
3414 4755 3665 4809 Ἐπειδὰν
3695 4758 3796 4828 γὰρ
3830 4754 3883 4806 τὰ

2339 4830 2438 4899 μὲν
2476 4833 2581 4884 ἀπὸ
2608 4834 2711 4885 τῶν
2744 4835 2941 4901 ἔξωθεν
2973 4841 3319 4911 γραμμάτων
3345 4846 3637 4917 αὐτάρκως
3668 4846 3881 4919 παρατέ-

2336 4922 2528 4988 Θειται,
2557 4926 2728 4979 λείπει
2755 4929 2809 4980 δὲ
2848 4930 2915 4983 τὰ
2948 4933 3053 4985 ἀπὸ
3075 4934 3180 4988 τῶν
3214 4937 3374 5006 ίερῶν
3408 4940 3778 5011 γραμμάτων,
3821 4932 3880 4994 ὧν

2333 5015 2396 5085 δὴ
2424 5018 2513 5068 καὶ
2547 5018 2782 5086 μάλιστα
2829 5024 2959 5091 ἡμῖν
2997 5025 3078 5077 δεῖ
3107 5029 3187 5089 είς
3218 5028 3317 5099 τὴν
3348 5030 3447 5099 τῆς
3492 5030 3877 5102 Εὐαγγελικῆς

2330 5106 2692 5174 ἀποδείξεως
2726 5115 3256 5185 Προπαρασκευὴν,
3297 5114 3355 5171 εῦ
3379 5118 3444 5172 ἂν
3490 5121 3602 5192 ἔχοι
3641 5125 3728 5177 καὶ
3767 5120 3873 5175 τάδε

2330 5199 2681 5263 ἐποπτεῦσαι,
2717 5204 2790 5267 ὡς
2812 5204 2877 5285 ἂν
2908 5208 3051 5259 κατά
3075 5209 3236 5278 μηδὲν
3260 5211 3287 5261 ό
3319 5210 3474 5277 λόγος
3522 5214 3747 5267 ἐλλείποι
3780 5210 3871 5263 τῶν

2329 5289 2406 5351 είς
2440 5291 2498 5342 τὸ
2524 5293 2727 5363 πρόὸλη
2737 5313 2812 5365 μα
2839 5297 3239 5369 θεωρουμένων,
3277 5302 3436 5357 Ὅθεν
3456 5304 3520 5376 δὴ
3556 5307 3647 5359 καὶ
3665 5305 3779 5357 τάδε
3803 5318 3868 5354 σοι

2330 5382 2473 5451 σαφῆ
2517 5388 2859 5457 καταστήσω.
2891 5391 2962 5442 Οὐ
3011 5391 3117 5461 μὴν
3159 5388 3268 5456 οἷός
3311 5395 3357 5446 τ’
3409 5396 3474 5450 ἂν
3522 5396 3637 5464 εῐης
3676 5392 3868 5464 γυμνῶν

2326 5476 2537 5529 ἐπαΐειν
2563 5477 2671 5531 τῶν
2701 5480 2857 5551 ἱερῶν
2888 5482 3102 5551 λογίων,
3126 5484 3194 5537 τά
3219 5485 3387 5537 πολλά
3418 5485 3865 5557 συνεσκιασμένως

2322 5670 2493 5746 etiam
2522 5689 2599 5746 eo
2626 5674 2755 5746 _sub
2812 5675 3027 5746 climate
3066 5675 3351 5744 degentes,
3381 5678 3524 5746 quod
3560 5679 3626 5734 ab
3651 5678 3734 5734 illo
3763 5678 3856 5732 cir-

2322 5742 2663 5797 cumcidendi
2709 5759 2863 5797 more
2909 5742 3267 5814 alienum'sit,
3320 5742 3497 5814 ips—um
3546 5760 3711 5806 tamen
3740 5762 3853 5804 cono

2322 5822 2529 5866 stanter
2554 5830 2615 5866 ac
2644 5821 2901 5881 perpetuo
2934 5813 3184 5867 retinere.

2394 5883 2503 5953 (15)
2534 5876 2656 5950 Οὐχ
2686 5876 2755 5949 ἠξ
2779 5876 2968 5937 Melius
2992 5883 3103 5935 οὐθ’
3134 5886 3187 5957 ἡ.
