3976 6340
49 446 146 499 877

1195 455 1513 511 ΡΚΑΞΡΑΒ.
1554 455 1802 513 EVANG.
1844 456 1971 513 LIB.
2014 458 2101 514 Vl.

3145 453 3245 511 $78

48 569 520 639 προενηνεγμένων
544 590 557 602 ·
594 574 780 646 διόπερ
812 576 919 644 ὲγώ
958 592 1039 629 σοι
1070 578 1159 631 τὸν
1202 580 1445 650 ἑρμηνέα
1482 579 1592 633 τοῦ·

1706 580 1923 635 Sabbati
1954 582 2141 636 diebus
2166 579 2230 634 ad
2250 579 2467 634 domum
2492 580 2575 635 vel
2600 579 2989 644 aediﬁcandam,
3020 580 3103 635 vel
3150 581 3248 635 de-

46 676 132 710 τσν
159 670 186 699 ι
210 663 646 734 παραστήσομαι.
682 659 753 719 Σῦ
782 667 902 720 δἐἰ
935 668 1007 739 μὴ
1049 672 1159 732 τοῖς
1195 671 1463 740 κρείττοσι
1505 671 1601 741 βα-

46 752 281 807 σκαίνειν
308 753 360 814 δ,
385 752 539 809 οἶσθά
566 775 667 811 που
692 758 781 811 τὸν
808 758 991 830 ἄνδρα,
1018 762 1247 831 Χριστοῦ
1278 765 1373 833 μὲν
1400 763 1604 827 θιάσοις

46 844 207 897 εἰσέτι
240 845 400 916 δεῦρο
432 848 725 918 χορεύοντα
751 851 815 903 δι’
850 844 925 904 ὧν
954 853 1269 905 ἀπολέλοιπε
1301 854 1473 906 πόνων
1497 871 1509 883 ·
1542 856 1601 906 οὐ

48 935 148 1004 μὴν
178 936 301 988 οὐδὲ
330 940 442 1000 τοῖς
468 938 623 1002 me;
649 940 883 1008 ἀγνῶτα,
914 942 981 994 δι’
1008 944 1073 1013 ἢν
1115 943 1466 997 ἐπιδέδεικται
1511 947 1603 998 καὶ

50 1026 175 1098 πρὸς
201 1027 270 1081 τὰ
294 1027 461 1084 τῶνδε
502 1031 794 1102 μαθήματα
830 1033 1152 1105 φιλοτιμίαν.
1193 1035 1395 1102 Σκέψαι
1432 1036 1477 1089 δ’
1508 1031 1598 1089 οὖν

48 1120 138 1172 ὅσα
160 1137 220 1173 τε
249 1121 345 1173 καὶ
372 1122 528 1175 ὁποῖα
549 1124 607 1175 ὲν
638 1125 749 1187 τοῖς
772 1126 856 1189 εἰς
884 1124 997 1191 τὴν
1038 1126 1290 1178 ι’ένεσιν
1324 1124 1595 1194 ἐξηγητι-

51 1211 169 1277 κοῖς
196 1212 226 1264 ὀ
256 1212 558 1284 θαυμάσιος
618 1214 890 1285 Ὠριγένης
930 1217 1058 1287 περὶ
1092 1218 1189 1287 τῆς
1238 1216 1598 1287 προκειμένης

57 1302 357 1369 ὒτωθέσεως
403 1304 660 1379 διείληφε,
684 1308 776 1362 καὶ
799 1309 941 1371 ὅπως
967 1306 1235 1377 ὲφώδευσε
1258 1308 1348 1361 τὸν
1380 1308 1504 1378 περὶ
1525 1309 1601 1360 εί-

1707 672 2051 737 moliendam,
2079 672 2143 726 ad
2167 672 2540 737 laborandum,
2563 671 2919 737 vendendum,
2937 673 3244 736 emendum,

1703 771 1858 819 ortus
1878 764 2206 817 necessitate
2246 762 2479 833 adigitur
2510 781 2522 815 :
2561 778 2682 817 cum
2720 773 2893 817 tamen
2928 778 2991 817 eo
3017 763 3132 832 ipso
3160 764 3247 817 die

1701 853 1900 921 passim
1928 864 2184 923 generent
2218 862 2376 922 atque
2414 866 2735 919 nascantur,
2767 862 3025 923 aegrotent
3048 854 3244 924 passim

1703 947 2107 1015 morianturque
2137 944 2305 999 Judaei
2341 964 2354 998 :
2386 947 2525 1015 quod
2560 948 2659 1001 ista
2692 962 3029 1016 nequaquam
3062 962 3125 1001 ex
3173 947 3243 999 li-

1702 1036 1906 1092 bertate
1947 1038 2229 1106 pendeant.
2277 1036 2332 1089 ln
2384 1038 2537 1109 Syria
2586 1039 2854 1108 quondam
2903 1048 2955 1093 et
3006 1037 3245 1093 Osroene

1698 1128 1983 1198 plerosque
2035 1128 2164 1198 Opis
2192 1129 2244 1182 in
2282 1131 2540 1183 honorem
2590 1131 2830 1184 abscindi
2885 1132 3059 1198 moris,
3087 1142 3241 1186 erat:

1699 1230 1882 1271 verum
1911 1234 2029 1272 cum
2060 1227 2275 1287 repente
2300 1218 2551 1289 ju_ssisset
2593 1236 2684 1274 rex
2726 1219 2992 1289 Abgarus,
3026 1218 3088 1275 dt
3123 1221 3245 1290 qui-

1698 1309 1801 1362 bus
1836 1310 2073 1363 abscissa
2107 1311 2334 1363 verenda
2392 1321 2607 1377 essent,
2640 1313 2706 1367 iis
2731 1313 2890 1367 etiam
2932 1330 3121 1367 manus
3148 1316 3245 1367 ab-

54 1394 328 1467 μιρμένης
349 1397 523 1466 λόγον.

1696 1401 2091 1463 scinderentur,
2124 1416 2279 1455 nemo
2327 1417 2383 1456 se
2430 1402 2677 1472 deinceps
2729 1413 2837 1457 tota
2881 1405 3118 1460 Osroene
3154 1408 3249 1459 ah-

50 1489 217 1542 scitlit.
249 1489 393 1554 Quid
418 1506 577 1559 porro
596 1490 663 1546 de
691 1492 1120 1548 Christianorum
1166 1493 1410 1548 instituto
1468 1494 1729 1558 dicemus,
1778 1494 1931 1562 cujus
1964 1509 2065 1547 nos
2130 1501 2423 1548 sectatores
2489 1504 2543 1548 et
2602 1494 2817 1563 plurimi
2855 1505 2907 1550 et
2933 1497 3160 1551 diversis
3194 1498 3245 1551 iu

52 1592 193 1638 terra
226 1585 478 1653 partibus
500 1588 839 1651 exstitimus,
878 1588 970 1656 qui
1000 1598 1177 1643 tamen
1208 1587 1259 1641 in
1295 1587 1439 1643 omni
1476 1604 1595 1642 cum
1636 1603 1829 1656 genere
1881 1596 1993 1642 tum
2028 1587 2244 1641 climate
2304 1604 2410 1642 uno
2472 1604 2659 1643 omnes
2689 1592 2985 1660 eodemque
3032 1593 3249 1647 nomine

51 1674 283 1741 appellati
328 1678 574 1730 sumus?
620 1678 782 1748 280
837 1678 1123 1734 Enimvero
1166 1695 1264 1733 nec
1317 1680 1368 1731 in
1396 1678 1614 1733 Parthia
1647 1679 1963 1753 Christiani,
2022 1677 2205 1733 Parthi
2241 1678 2381 1741 licet,
2444 1680 2685 1749 pluribus
2720 1691 2941 1736 utuntur
2966 1685 3245 1748 uxoribus,

51 1782 138 1822 nec
166 1769 216 1823 in
251 1768 428 1823 Media
481 1770 853 1828 defunctorum
907 1789 1133 1841 corpora
1177 1774 1402 1828 canibus
1461 1774 1744 1842 objiciunt,
1779 1789 1879 1828 nec
1940 1774 1995 1827 in
2041 1774 2278 1839 Perside,
2321 1772 2663 1835 Persaalicet.
2725 1776 2859 1830 ﬁlias
2924 1791 3117 1831 uxores
3150 1779 3248 1830 du-

53 1869 167 1913 cunt
193 1876 207 1924 ;
265 1876 371 1917 nec
391 1863 532 1932 apud
578 1863 801 1919 Bactros
831 1874 923 1918 aut
952 1862 1136 1919 Gallos
1163 1865 1471 1933 nuptiarum
1526 1863 1858 1916 honestatem
1912 1874 1965 1915 et
2007 1862 2127 1931 jura
2190 1864 2601 1931 contaminant;
2624 1879 2721 1919 nec
2748 1864 2801 1917 in
2831 1863 3061 1936 Egypto
3089 1867 3248 1935 Apin,

51 1970 244 2021 canem,
283 1958 499 2013 hircum
531 1956 755 2013 felemve
796 1960 1000 2015 colunt.
1036 1963 1136 2023 lta,
1196 1952 1500 2028 ubicunque
1560 1958 1775 2026 degant,
1822 1972 1920 2011 nec
1979 1956 2153 2025 legum
2218 1972 2541 2027 morumque
2576 1957 2959 2013 sceleratorum
2989 1959 3249 2026 improbi-

54 2058 146 2104 tate
176 2052 489 2117 vincuntur,
542 2068 641 2108 nec
695 2054 760 2109 ad
814 2054 1076 2125 ﬂagitium
1128 2055 1333 2118 ullum,
1382 2054 1725 2123 praeceptoris
1775 2051 1857 2105 sui
1913 2052 2121 2121 legibus
2166 2052 2546 2117 interdictum,
2608 2054 2859 2108 nascendi
2923 2055 3247 2119 conditionis

52 2161 108 2200 ex
141 2148 444 2218 principum
475 2159 744 2205 astrorum
779 2152 1003 2221 imperio
1061 2159 1304 2221 nutuque
1353 2152 1635 2217 descripta:
1672 2150 1722 2203 vi
1762 2150 2083 2219 adiguntur;
2142 2150 2281 2204 idem
2314 2159 2515 2213 tamen,
2552 2151 2781 2215 morbis,
2824 2152 3066 2218 egestati,
3101 2150 3248 2204 cala—

55 2242 314 2298 mitatibus
340 2255 393 2298 et
424 2247 787 2309 contumeliis,
839 2256 899 2301 ut
950 2248 1109 2317 vulgo
1167 2228 1524 2317 appellantur,
1584 2246 1803 2299 obnoxii
1862 2226 2007 2299 sunt.
2041 2246 2505 2311 Quemadmodum
2558 2247 2700 2299 enim
2741 2246 2904 2299 homo
2935 2245 3021 2297 ille
3045 2253 3247 2309 noster,

54 2352 190 2406 quem
216 2338 451 2394 liberum
479 2356 598 2397 esse
630 2342 897 2409 volumus,
938 2353 1027 2396 aut
1072 2343 1124 2397 in
1182 2344 1496 2397 servitutem
1524 2356 1629 2395 non
1667 2340 1894 2409 cogitur,
1930 2349 2026 2395 aut
2072 2341 2115 2393 si
2166 2349 2384 2409 urgetur
2414 2340 2706 2402 interdum,
2744 2340 2850 2392 vim
2908 2338 3251 2394 aﬁ‘erentibus

56 2432 259 2495 resistit,
288 2434 365 2488 ita
398 2445 591 2519 moster
622 2436 715 2491 hic
751 2437 935 2501 homo,
970 2438 1061 2507 qui
1093 2438 1198 2492 sub
1244 2446 1521 2507 aspectum
1575 2436 1739 2501 cadit,
1786 2451 1976 2489 servus
2030 2435 2145 2503 ipse
2179 2450 2301 2489 cum
2347 2437 2439 2500 sit,
2478 2435 2803 2503 obsequendi
2844 2434 3247 2488 necesssitatem

56 2525 180 2582 haud
224 2526 384 2584 facile
447 2531 719 2587 declinare
760 2542 954 2603 potest.
1012 2534 1255 2602 Quippe.
1302 2534 1344 2587 si
1394 2542 1595 2587 nostrae
1628 2540 1818 2585 cuncta
1877 2530 2157 2599 potestatis
2204 2537 2421 2595 essent,
2454 2528 2584 2581 nihil
2642 2544 2745 2581 non
2774 2542 3247 2598 essemus;quem-

60 2622 326 2677 admodum
370 2622 416 2678 si
481 2624 717 2691 positum
761 2640 823 2678 ac
855 2626 1016 2679 situm
1054 2628 1108 2680 in
1139 2627 1293 2681 nobis
1318 2635 1465 2681 esset
1513 2625 1669 2687 nihil,
1708 2625 1956 2687 aliorum,
1982 2636 2041 2678 ut
2074 2632 2200 2677 ante
2227 2622 2360 2688 dixi,
2403 2621 2705 2676 administri
2743 2635 3008 2683 essemus,
3040 2620 3249 2683 noniu-

56 2711 119 2765 ris
144 2714 331 2767 nostri.
383 2715 453 2769 At
480 2727 751 2773 annuente
775 2719 900 2786 Deo,
930 2719 1048 2775 ﬁeri
1080 2729 1269 2775 cuncta
1302 2728 1548 2789 possunt,
1586 2720 1831 2787 impediri
1859 2718 2013 2787 nihil.
2046 2718 2171 2785 Ejus
2192 2718 2335 2772 enim
2363 2717 2625 2771 voluntati
2675 2731 2762 2770 res
2818 2715 3081 2769 obsistere
3103 2712 3245 2767 nulla

56 2816 225 2875 potest,
254 2824 380 2863 cum
435 2826 498 2865 ea
548 2828 667 2882 qua:
716 2825 1099 2884 nonnunquam
1136 2816 1386 2869 videntur
1438 2814 1719 2878 obsistere,
1755 2812 1805 2865 id
1854 2820 2077 2866 eatenus
2130 2811 2287 2865 modo
2345 2810 2564 2875 faciant,
2610 2820 2878 2881 quatenus
2922 2825 3071 2864 suam
3133 2810 3248 2878 ipse

56 2912 235 2956 natura:
279 2904 509 2960 cuilibet
562 2909 972 2977 praerogativam
1031 2910 1399 2979 integramque
1469 2908 1764 2963 voluntatis
1818 2906 2122 2960 libertatem
2188 2920 2283 2972 pro
2348 2919 2445 2957 sua
2495 2904 2825 2973 benignitate
2878 2902 3163 2957 concessit.
3222 2920 3241 2952 ι

57 2993 207 3060 Atque
257 2996 519 3055 hactenus
574 2999 743 3071 Syrus
786 3002 893 3057 ille.
959 3004 1069 3073 Ego
1102 3019 1250 3070 vero,
1298 3014 1583 3073 postquam
1641 3017 1801 3057 unius
1856 3001 2031 3055 adhuc
2064 3000 2427 3055 testimonium
2492 2999 2815 3067 produxero,
2851 2997 2975 3050 huic
3001 2997 3245 3063 disputa-

57 3084 169 3139 tioni
192 3088 351 3142 linem
385 3092 679 3161 imponam.
729 3092 1178 3165 Quandoquidem
1226 3111 1368 3149 enim
1402 3094 1614 3149 abunde
1651 3092 1893 3162 profanis
1941 3092 2116 3145 adimo
2144 3106 2173 3145 e
2201 3090 2391 3145 litteris
2432 3091 2735 3149 hausimus,
2786 3088 3007 3157 solaque
3036 3086 3246 3141 divina-

60 3194 158 3233 rum
184 3183 475 3239 auctoritas
503 3193 766 3253 superest,
800 3201 917 3255 qua
960 3196 1106 3241 certe
1136 3187 1350 3256 quidem
1383 3184 1449 3239 ad
1495 3185 1633 3239 hanc
1670 3183 1963 3254 praesertim
2016 3182 2341 3251 Evangelica:
2396 3183 2852 3235 demonstrationi:
2897 3180 3249 3251 Prwparatio—

60 3269 528 3341 nemdesideratur,
576 3289 789 3344 aequum
827 3290 957 3331 sane
1004 3287 1475 3347 opportunumque
1530 3275 1715 3342 fuerit,
1757 3274 1810 3328 in
1865 3288 1960 3329 eas
1996 3288 2211 3343 quoque
2252 3273 2534 3343 diligenter
2584 3274 2823 3338 intueri,
2876 3273 3010 3326 nihil
3040 3283 3098 3327 ut
3124 3290 3243 3329 om-

63 3364 169 3417 nino
195 3364 548 3435 desideretur,
580 3371 723 3439 quod
788 3372 853 3426 ad
910 3380 1174 3441 susceptae
1223 3371 1541 3441 quaestionis
1585 3370 2028 3439 disceptationem
2094 3368 2376 3437 pertineat.
2412 3366 2599 3436 itaque
2643 3382 2708 3421 ex
2745 3367 2847 3420 illis
2876 3367 3036 3421 etiam
3085 3366 3243 3437 hujus

63 3452 139 3508 tibi
183 3457 426 3513 veritatis
455 3470 772 3530 argumenta
822 3466 1120 3534 producere
1148 3466 1332 3519 statui.
1368 3462 1475 3518 Séd
1521 3467 1779 3533 quoniam
1838 3476 2115 3517 sacrorum
2158 3460 2532 3525 oraculorum,
2578 3459 2622 3513 si
2685 3459 2828 3512 nude
2887 3470 3241 3527 ponerentur,

63 3564 247 3607 sensum
282 3564 623 3626 mentemque
669 3573 860 3628 capere
902 3578 1007 3616 non
1039 3616 1047 3623 ,
1076 3577 1284 3632 posses,
1319 3561 1460 3631 quod
1512 3560 1623 3616 fere
1660 3558 1863 3612 umbris
1892 3556 2213 3626 quibusdam
2273 3555 2505 3609 involuta
2542 3552 2921 3624 proferantur,
2950 3568 3136 3606 eorum
3162 3553 3245 3607 in-

63 3652 314 3717 terpretem
343 3651 603 3706 adducam
656 3654 711 3706 in
765 3656 1019 3709 medium.
1052 3656 1133 3711 Tu
1188 3672 1316 3711 vero
1338 3698 1352 3721 ,
1388 3656 1491 3711 nisi
1526 3654 1664 3709 forte
1701 3651 2107 3707 sublimioribus
2129 3650 2235 3704 illis
2263 3650 2531 3704 mentibus
2560 3648 2785 3713 invides,
2813 3647 3087 3723 hominem
3116 3664 3244 3716 pro-

63 3744 117 3797 be
162 3751 312 3814 nosti,
365 3748 461 3819 qui
510 3758 570 3803 ut
630 3749 719 3805 hic
764 3752 937 3806 adhuc
972 3753 1113 3807 inter
1160 3752 1364 3809 Christi
1403 3763 1591 3817 coetus,
1631 3764 1875 3822 operum,
1912 3763 2028 3817 qua:
2064 3747 2146 3800 sui
2192 3756 2445 3814 tanquam
2490 3744 2691 3797 vicaria
2745 3743 2982 3810 reliquit,
3035 3757 3138 3796 usu
3191 3750 3244 3795 et

64 3843 356 3898 tractatione
404 3854 685 3910 versatur,
718 3845 789 3899 ita
835 3861 937 3899 nec
967 3844 1282 3899 horninibus
1332 3860 1361 3897 a
1412 3844 1613 3900 nostris
1650 3844 1810 3897 etiam
1867 3839 2062 3909 ritibus
2106 3837 2317 3897 alienis,
2361 3843 2578 3905 pr0pter
2617 3849 2907 3897 summam,
2943 3833 3119 3902 quain
3157 3848 3243 3888 eo-

66 3942 161 3983 rum
187 3947 394 4003 quoque
455 3935 765 4004 disciplinas
812 3936 1106 4001 incubuit,
1150 3937 1574 4000 contentionem,
1635 3935 1852 4004 ignotus
1905 3938 2007 3983 est.
2046 3928 2175 3981 Vide
2216 3927 2396 3995 igitur.
2448 3924 2894 3995 quemadmodum
2943 3924 3243 3994 quibusque

66 4023 217 4080 verbis
239 4024 493 4095 Origenes
526 4029 683 4099 281
716 4030 795 4085 vir
817 4031 904 4085 ille
939 4031 1229 4101 singularis
1257 4029 1361 4083 hac
1388 4039 1500 4085 tota
1541 4029 1608 4083 de
1646 4042 1705 4081 re
1757 4024 1874 4079 suis
1901 4024 1956 4074 in
1994 4018 2215 4074 Genesin
2263 4017 2663 4072 Commentariis
2708 4024 2931 4077 statuat,
2979 4016 3242 4085 istamque

69 4112 122 4167 de
144 4114 240 4171 fato
259 4118 674 4188 disputationem
701 4136 805 4188 qua
838 4122 1047 4175 ratione
1076 4129 1382 4190 pertractet.

536 4210 925 4265 ΚΕΦΑΛΑΙΟΝ
973 4210 1076 4264 lA'.

2280 4194 2505 4249 CAPUT
2554 4194 2646 4249 XI.

79 4312 257 4382 Ὦςκαί
291 4319 408 4393 ἀπὸ
444 4319 550 4389 τῆς
596 4320 714 4375 τῶν
744 4324 915 4377 θείων
956 4323 1208 4393 Γραερῶν
1246 4324 1586 4393 ἐξηγήσεώς

1693 4314 2017 4393 Divinarum_
2064 4328 2264 4393 quoque
2311 4306 3240 4393 _Scripmrarumrauctoritatenqc

209 4405 268 4442 τε
295 4392 389 4444 καί
424 4374 765 4461 μάρτυρίαςξ
908 4374 1029 4447 ab;
1479 4374 1578 4389 ’ἢ

1756 4374 2203 4451 ιρδιίιηοηὶο’[αι’ἰ
2271 4383 2373 4435 vim
2428 4374 2629 4433 omnem
2685 4377 2928 4444 refutari.
2990 4375 3071 4428 Ea:
3118 4374 3240 4431 Ori-

1751 4471 1891 4524 gene.

132 4582 147 4615 ι
175 4566 296 4636 Περὶ
328 4565 417 4620 τοῦ
455 4569 535 4631 είς
562 4572 758 4641 σημεῖα
801 4570 1077 4640 γεγονέναι
1118 4572 1243 4636 τοὺς
1270 4571 1579 4643 φωστῆραςν

1761 4580 1777 4613 ‹
1814 4562 1965 4629 Quod
1988 4562 2075 4616 hic
2110 4560 2355 4621 habetur,
2384 4556 2580 4625 inquit,
2613 4555 2923 4621 luminaria,
2957 4571 3076 4625 qua:
3108 4571 3238 4609 sane

75 4654 150 4715 οὑκ
177 4655 348 4719 ἄλλους
387 4656 535 4728 ἡλίου
572 4660 667 4713 καὶ
695 4660 938 4733 σελήνης,
967 4660 1185 4716 καὶτῶν
1210 4663 1423 4735 ἄστρων
1451 4678 1581 4729 τυγ-

1693 4654 1789 4707 alia
1825 4669 1930 4707 non
1986 4661 2131 4713 sunt,
2164 4665 2325 4720 quam
2360 4649 2465 4711 sol,
2499 4649 2627 4702 luna
2686 4658 2987 4717 cmteraque
3040 4646 3236 4710 sidera,

76 4743 309 4810 κάπτοντας,
333 4745 437 4799 τῶν
464 4746 667 4818 σφόδρα
688 4749 1124 4818 ἀναγκαιοτάτων
1150 4753 1265 4806 ἐστὶ
1293 4750 1579 4805 διαλαϐεῖν·

1693 4754 1937 4814 tanquam
1969 4744 2121 4813 signa
2153 4741 2397 4810 quadam
2418 4756 2551 4803 esse
2584 4740 2873 4804 constituta
2906 4777 2919 4801 ,
2944 4738 2995 4791 id
3022 4752 3147 4790 vero
3183 4745 3239 4827 ut

80 4834 126 4885 οὐ
146 4835 280 4904 μόνον
306 4837 468 4889 ἐθνῶν
489 4836 595 4889 τῶν
628 4836 726 4907 τῆς
753 4839 985 4909 Χριστοῦ
1018 4841 1251 4904 πίστεως
1294 4840 1583 4911 ἀλλοτρίων

1693 4837 1964 4906 diligenter
1985 4834 2301 4903 explicetur,
2320 4834 2370 4888 in
2401 4834 2590 4903 primis
2618 4831 2979 4886 necessarium
3005 4838 3105 4885 est.
3128 4826 3237 4885 Nec

1684 4926 1826 4977 enim
1856 4933 2039 4994 gentes
2084 4925 2187 4979 illae
2220 4926 2413 4987 modo,
2448 4938 2566 4993 qua:
2588 4936 2618 4975 a
2650 4920 2847 4975 Christi
2894 4919 2999 4973 ﬁde
3050 4920 3244 4975 aliena

1685 5025 1832 5081 sunt,
1866 5016 1929 5069 ad
1953 5032 2094 5080 eum,
2127 5018 2214 5087 qui
2240 5017 2304 5070 de
2336 5016 2442 5069 fato
2470 5013 2787 5073 instituitur,
2860 5013 3034 5066 locum
3063 5011 3235 5066 oﬂ‘eno

1685 5105 1839 5168 dunt,
1888 5108 2032 5176 quod
2068 5123 2185 5176 qua:
2219 5107 2270 5160 in
2302 5108 2458 5160 terris
2489 5103 2745 5157 eveniunt
2778 5102 2980 5168 omnia,
3005 5116 3240 5172 quaeque

1689 5196 1928 5267 singulos
1968 5198 2035 5253 ad
2083 5199 2365 5259 homines,
2422 5195 2531 5248 imo
2578 5210 2698 5263 qua:
2752 5194 2817 5247 ad
2862 5196 3047 5248 brutas
3099 5209 3236 5262 quo-

1684 5304 1788 5357 quc
1847 5289 2094 5345 fortassis
2134 5289 2432 5342 animantes
2472 5286 2777 5354 pertinent,
2822 5302 2885 5340 ea
2939 5284 3249 5351 stellarum,

1683 5397 1818 5451 quas
1853 5393 2097 5437 errantes
2121 5388 2507 5455 vocanthcum
2554 5378 2640 5443 iis,
2696 5394 2815 5448 qua:
2842 5377 2909 5431 ad
2955 5375 3233 5429 zodiacum

1685 5476 2099 5538 adhaerescunt,
2158 5470 2427 5524 sideribus
2478 5470 2851 5539 complexione
2900 5468 3131 5533 quadam
3185 5476 3238 5521 et

1685 5565 2084 5635 comparatione
2142 5562 2254 5617 fieri
2307 5562 2684 5616 arbitrentur:
2718 5560 2810 5614 sed
2859 5568 3043 5611 eorum
3073 5558 3237 5611 etiam

83 4924 410 4997 παλλομένων
438 4930 517 4991 εἰς
548 4926 637 4980 τὸν
661 4928 785 5000 περὶ
809 4931 906 5001 τῆς
938 4932 1276 5003 εἱμαρμένης
1302 4932 1482 4995 τόπον,
1519 4933 1580 4999 τῇ

82 5014 165 5066 τῶν
182 5018 505 5091 χαλωμένων
534 5019 893 5090 πλανωμένων
923 5022 1163 5094 ἀστέρων
1208 5022 1426 5092 ὲπιλογῇ
1471 5022 1517 5090 (1
1529 5022 1580 5091 ϋ)

82 5105 187 5173 πρὸς
213 5110 328 5172 τοὺς
358 5113 411 5167 ἐν
452 5110 532 5183 τῷ
571 5109 815 5179 ζωδιακῷ
848 5110 1064 5165 πάντων
1094 5114 1271 5176 αὐτοῖς
1297 5111 1580 5183 νομιζομέ-

85 5212 161 5249 νων
180 5201 467 5269 ωμῦαίνεω
492 5198 603 5259 ’ὧν
630 5204 722 5257 ἐπὶ
744 5202 842 5274 τῆς
870 5201 992 5272 γῆς,
1026 5204 1118 5268 καὶ
1156 5206 1261 5257 τῶν
1294 5204 1420 5274 περὶ
1452 5204 1581 5255 ἕκα-

86 5299 177 5337 στον
194 5288 277 5340 ἀνθ
287 5288 491 5358 ρώπων,
521 5292 659 5364 τάχα
675 5292 733 5347 δὲ
757 5290 849 5343 καὶ
880 5290 1081 5357 ἀλόγων
1115 5291 1265 5356 ζώων
1284 5310 1296 5323 ·
1316 5289 1447 5345 ἀλλὰ
1472 5289 1579 5358 γὰρ

89 5378 155 5428 ut
201 5379 386 5432 πολλῶν
430 5382 539 5435 τῶν
588 5380 1003 5436 πεπιστευκέναι
1058 5382 1579 5454 ὑπολαμϐανομένων

91 5471 480 5540 περιωδευμένων,
510 5476 606 5547 ’μὴ
654 5478 762 5548 ἄρα
800 5480 1135 5550 ἠνάγκασται
1184 5476 1250 5528 τὰ
1282 5473 1579 5545 ἀνθρώπων

91 5560 355 5632 πράγματα,
385 5565 475 5619 καὶ
508 5568 784 5639 ἀμήχανον
830 5570 999 5631 ἄλλως
1027 5564 1274 5635 γενέσθαι
1294 5604 1307 5627 ,
1352 5564 1384 5632 ἢ
1446 5564 1503 5627 ὓς
1530 5564 1578 5615 οί

138 5682 157 5711 ι
212 5674 287 5730 ίσ.
310 5678 523 5733 τούτων.
594 5678 623 5719 δ
649 5680 732 5736 τσ.
765 5680 1087 5752 βασκαίνεις.

144 5771 563 5865 (⁸⁸),Ἔπιλογῇ
594 5792 778 5865 Δγει-ιί,
820 5797 1038 5865 perinde
1088 5811 1151 5850 ac
1202 5794 1246 5849 si
1307 5794 1569 5863 legeretur

1693 5793 1914 5861 .mtoxﬁ,
1955 5805 2071 5859 quae
2117 5804 2218 5844 vox
2268 5767 2493 5843 habetur
2556 5784 2724 5851 infra,
2758 5798 2878 5855 pag.
2922 5782 3047 5849 283,
3084 5781 3231 5852 παρὰ

96 5849 163 5922 τὴν
187 5849 363 5916 τὸὺτων
556 5849 1161 5936 ἀλλήλους’ἔπιπλοκήν.
