3976 6340
777 432 878 486 479

775 552 1047 616 permulti,
1080 553 1170 621 qui
1204 553 1532 611 Christianae
1592 559 1709 612 fidei
1777 571 2069 616 sectatores
2113 580 2175 616 ac
2206 581 2331 633 pro-

769 641 997 696 fessores
1035 645 1317 712 habentur,
1374 664 1648 719 anguntur
1685 654 1911 716 animis,
1964 670 2029 708 ne
2079 655 2330 710 humanae

771 748 855 784 res
886 736 1017 787 adeo
1049 741 1369 793 necessitate
1406 751 1713 806 teneantur,
1747 755 1801 796 nt
1829 747 2003 809 aliter,
2035 763 2196 815 quam
2233 765 2325 801 va-

769 827 880 878 rius
927 842 1196 879 asrroruai
1245 831 1381 883 situs
1432 844 1483 886 et
1531 835 2043 902 collocatiojubeat,
2078 838 2189 890 fieri
2223 855 2326 892 non

767 924 987 988 pos-sint.
1028 925 1141 987 Qua
1177 927 1389 992 quidem
1418 945 1480 980 ex
1515 930 1768 994 opinione
1795 947 2139 1000 consequens
2189 935 2318 986 illud

764 1022 864 1066 est.
898 1025 950 1063 ιιι
987 1013 1229 1069 funditus
1288 1018 1583 1072 voluntatis
1631 1031 1828 1074 nostrae
1860 1023 1940 1076 vis
1992 1022 2326 1092 facultasque

768 1103 1002 1165 tollatur,
1040 1106 1306 1173 simulque
1337 1109 1561 1176 proinde
1591 1110 1708 1163 laus
1747 1114 1926 1166 oumis
1959 1130 2022 1166 ac
2055 1116 2318 1184 vitupera-

765 1194 859 1256 tio,
893 1213 1184 1263 rerumque
1210 1200 1287 1250 vel
1326 1202 1711 1267 approbatione
1735 1205 2016 1272 dignarum
2040 1207 2118 1259 vel
2144 1224 2324 1275 repre-

762 1283 1045 1349 hensione,
1077 1288 1390 1340 discrimen.
1429 1290 1550 1344 lla'c
1591 1308 1750 1360 porro
1800 1295 2008 1346 sublata
2062 1297 2104 1348 si
2159 1299 2322 1349 Semel

761 1384 938 1436 erunt,
969 1390 1255 1432 evanescat
1285 1383 1485 1448 pariter
1547 1399 1769 1437 necesse
1803 1385 1910 1450 est,
1939 1388 2206 1456 quidquid
2257 1389 2322 1441 de
2349 1439 2354 1444 .

756 1467 946 1534 judicii
979 1470 1143 1522 divini
1175 1473 1429 1539 :equitate
1483 1477 1736 1543 jaetatur,
1771 1479 2058 1532 concidant
2109 1482 2188 1533 vel
2240 1482 2321 1533 in-

761 1567 973 1613 tentata:
1002 1564 1274 1617 sceleratis
1301 1582 1579 1632 [)(Bllﬂl‘Ulll
1609 1585 1674 1621 ac
1709 1571 2098 1638 suppliciorum
2136 1574 2314 1637 iniure,

760 1656 839 1706 vel
873 1658 1135 1722 promissa
1188 1661 1428 1712 melioris
1462 1665 1854 1733 sanctior-isque
1885 1667 2004 1721 vit-te
2051 1669 2319 1736 professo-

759 1745 907 1798 ribus
936 1747 1119 1814 gloria:
1151 1765 1211 1802 ac
1240 1750 1507 1806 fclicitatis
1545 1757 1761 1820 przeinia
1793 1774 1803 1815 ;
1840 1755 1970 1809 nihil
2000 1761 2142 1810 enim
2177 1761 2313 1812 isto-

758 1848 874 1886 rum
901 1836 1150 1904 deinceps
1179 1855 1299 1890 cuni
1335 1841 1546 1894 ratione
1580 1846 1685 1896 lict.
1710 1845 1841 1906 lmo,
1873 1847 1915 1899 si
1947 1849 2068 1914 quis
2098 1860 2310 1912 cetera,

753 1943 874 1995 qua:
901 1945 962 1979 ex
995 1930 1234 1995 ejusdem
1291 1935 1574 1986 sententiae
1605 1937 1651 1987 vi
1682 1936 1994 1991 efficiuntur.
2017 1982 2030 2003 ,
2073 1953 2316 2008 spectare

753 2017 914 2080 volet,
953 2033 1060 2070 non
1118 2021 1292 2073 inanis
1322 2028 1564 2088 profecto
1592 2026 1796 2087 solum,
1829 2044 1888 2080 ac
1918 2045 2314 2097 supervacanea

755 2110 884 2162 fides
918 2121 1101 2164 nostra
1133 2110 1313 2164 futura
1342 2115 1431 2177 sit,
1458 2117 1547 2168 sed
1579 2133 1644 2169 ne
1680 2119 1794 2186 ipse
1817 2121 2031 2187 quidem
2052 2122 2314 2176 adventus

752 2200 975 2262 Christi,
1041 2209 1259 2271 totaque
1307 2205 1393 2257 illa
1437 2221 1528 2259 seu
1588 2207 1738 2278 legis,
1802 2227 1894 2263 seu
1932 2213 2312 2280 prophetarum

752 2291 1076 2353 meonomia,
1109 2303 1159 2344 et
1211 2296 1572 2349 apostolorum
1609 2299 1660 2350 in
1691 2300 1990 2353 excitandis
2029 2304 2305 2356 constabi-

750 2382 1050 2451 liendisque
1089 2386 1285 2439 Christi
1323 2387 1410 2440 Dei
1437 2387 1727 2455 'Ecclesiis,
1780 2404 2030 2460 suscepta
2087 2407 2308 2450 conten-

750 2473 846 2535 tio,
882 2476 959 2528 vcl
997 2477 1226 2529 nihilum
1251 2479 1556 2544 profecerit.
1589 2480 1700 2536 Nisi
1733 2493 1934 2547 tamen,
1959 2488 2126 2555 ipsius
2146 2489 2306 2542 etiam

743 2566 948 2620 Christi
978 2585 1083 2622 non
1119 2571 1278 2624 modo
1313 2573 1568 2625 nascendi
1594 2575 1881 2636 rationem,
1916 2579 2006 2631 sed
2043 2579 2304 2649 quidquid

747 2668 1004 2725 prarterea
1059 2662 1140 2714 vel
1171 2663 1358 2730 egerit,
1396 2663 1475 2714 vel
1515 2664 1717 2728 tulerit,
1760 2682 1876 2718 eam
1915 2667 1965 2719 in
2001 2671 2306 2724 conversio-

747 2748 831 2802 nis
864 2759 1134 2802 astrorum
1171 2753 1539 2806 necessitatem
1574 2757 1810 2824 projecta
1849 2758 2126 2813 hominum
2171 2761 2304 2815 isto-

746 2856 862 2892 rum
894 2843 1170 2895 temeritas
1213 2844 1476 2913 illigabit:
1522 2848 1740 2914 perinde
1776 2851 2040 2916 videlicet,
2071 2854 2224 2921 quasi
2261 2855 2304 2907 is

739 2933 810 2986 ab
841 2934 1107 2988 sideribus
1141 2935 1245 2987 vim
1287 2937 1429 2989 illam
1462 2955 1639 2992 rerum
1681 2940 2103 3006 admirabilium,
2140 2959 2245 2996 non
2273 2961 2302 2997 a

745 3022 855 3076 Deo
911 3035 1341 3095 cunctorumque
1405 3028 1631 3086 Parente
1681 3032 1972 3100 acceperit.
2029 3033 2196 3102 Cujus
2236 3051 2300 3087 ex

738 3113 904 3183 282
939 3117 1201 3169 orationis
1237 3119 1506 3187 impietate
1559 3120 1691 3174 illud
1748 3123 2013 3192 sequitur,
2057 3133 2115 3178 ut
2142 3135 2299 3193 quot-

739 3216 872 3273 quot
899 3206 1134 3260 divinam
1174 3208 1330 3262 ﬁdem
1381 3211 1828 3280 amplectunctur,
1870 3213 1936 3267 ad
1973 3215 2116 3266 illam
2160 3215 2296 3270 side.
2325 3237 2366 3292 ο

743 3312 863 3349 rum
894 3312 1082 3352 omnes
1112 3300 1434 3369 impulsione
1479 3305 1774 3373 rapiantur.
1807 3305 1917 3376 Ego
1942 3323 2068 3361 vero
2095 3309 2294 3377 quresi-

741 3392 875 3444 erim
905 3407 966 3445 ex
999 3393 1062 3446 iis
1093 3395 1435 3462 perlibenter,
1465 3396 1591 3464 quid
1628 3397 1844 3450 tandem
1869 3408 2085 3452 secutus
2112 3400 2211 3454 hac
2241 3401 2293 3453 in

741 3481 928 3535 mundi
965 3483 1244 3552 molitione
1311 3484 1449 3538 Deus
1505 3484 1700 3549 fuerit,
1736 3495 1791 3539 ut
1819 3502 1885 3538 ex
1913 3501 1973 3539 ea
2029 3486 2291 3550 virorum,

740 3570 832 3634 qui
870 3570 921 3620 in
952 3584 1016 3621 eo
1047 3569 1268 3638 degunt,
1307 3572 1666 3636 multitudine,
1717 3573 1806 3625 alii
1836 3574 1977 3626 nulla
2013 3589 2108 3626 sua
2141 3576 2292 3642 culpa

742 3655 1020 3708 muliebris
1072 3659 1286 3710 veneris
1362 3659 1744 3726 turpitudinem
1796 3667 2145 3726 paterentur;
2204 3661 2293 3713 alii

739 3745 916 3800 ferino
960 3747 1117 3817 plane
1147 3748 1275 3814 ritu,
1310 3749 1450 3816 quod
1485 3750 1614 3801 tales
1636 3750 1782 3817 ipsos
1799 3749 2293 3805 eﬂiceretuniversi

738 3839 882 3892 hunc
908 3839 960 3892 in
993 3840 1211 3893 modum
1244 3852 1272 3893 a‘
1301 3839 1407 3893 Deo
1425 3842 1704 3893 constituti
1729 3842 1958 3909 impetus
1987 3850 2149 3910 atque
2166 3858 2293 3896 con—

739 3933 936 4002 versiq,
967 3933 1253 3985 teterrimis
1284 3949 1400 3987 sese
1426 3933 1826 4001 dirissimisque
1858 3932 2176 3996 sceleribus,
2233 3942 2292 3987 ut

738 4020 1046 4073 homicidiis
1105 4037 1166 4074 ac
1222 4023 1466 4089 piraticis
1520 4022 1942 4089 praedationibus
1993 4024 2294 4077 dederent?

735 4113 1056 4181 Quanquam
1087 4113 1212 4181 quid
1244 4114 1432 4165 attinet
1461 4114 1599 4166 hanc
1627 4129 1655 4166 a
1690 4115 1864 4177 nobis,
1920 4115 1987 4169 de.
2037 4117 2197 4170 rebus
2227 4117 2292 4170 iis

734 4221 853 4273 qua:
880 4207 956 4258 vel
993 4206 1305 4258 hominibus
1331 4206 1607 4267 eveniunt,
1635 4206 1716 4257 vel
1743 4207 1809 4259 ab
1833 4206 2022 4259 iisdem
2061 4223 2292 4274 peccau-

735 4305 841 4359 tur,
873 4313 1097 4367 qua:un
1134 4314 1353 4366 prorsus
1401 4298 1623 4351 infinita:
1659 4307 1786 4352 sunt
1821 4337 1834 4358 ,
1873 4298 2289 4364 disputationem

734 4386 962 4450 institui,
999 4403 1138 4456 quos
1170 4388 1464 4456 praesertim
1495 4387 1761 4457 dogmatis
1795 4387 1952 4440 istius
1995 4397 2290 4440 assertores

731 4478 951 4546 egregii,
987 4480 1113 4529 dum
1133 4479 1198 4531 ab
1226 4481 1371 4533 omni
1399 4481 1554 4550 culpa
1582 4482 1828 4543 liberant,
1861 4479 2124 4532 malorum
2153 4493 2293 4546 qua:-

1403 437 1669 494 EUSEBll
1710 441 2180 497 Cr-‘ESARIENSIS
2219 443 2364 498 OPP.
2407 444 2584 500 PARS
2624 446 2684 500 ll.
2729 477 2794 485 —
2833 444 3322 500 APOLOGETICA.

3870 442 3936 496 480

2361 573 2402 625 Α
2433 567 2658 636 ἀστέρες
2691 567 2828 619 κατὰ
2863 569 2984 629 τοὺς
3013 567 3294 637 διαφόρους
3325 561 3743 633 σχηματισμοὺς
3778 560 3932 610 ἐπιτέλ-

2431 658 2519 708 λου
2531 675 2629 711 σιν.
2661 660 2888 709 ’Ἐπεται
2918 658 2972 710 δὲ
2998 660 3110 717 τοῖς
3141 656 3308 708 ταῦτα
3332 653 3751 724 δογματίζουσιν
3773 652 3819 714 ἐξ
3844 652 3932 701 ἕλω-ι

2429 746 2488 797 το
2518 748 2598 813 ἐφ’
2631 749 2760 815 ἡμῖν
2794 747 3061 815 ἀναιρεῖν·
3090 743 3274 813 διόπερ
3315 745 3406 795 καὶ
3436 743 3657 794 ἔπαινον
3692 740 3782 790 καὶ
3802 739 3934 806 ψόγον.

2430 839 2518 888 καὶ
2544 839 2766 908 πράξεις
2794 837 3110 898 ἀποδεκτάς,
3149 834 3305 887 πάλιν
3327 852 3384 885 τε
3433 830 3496 887 αὖ
3533 833 3766 900 ψεκτ-ἁς.
3811 832 3935 898 Ἀττερ

2427 932 2472 981 εἰ
2505 929 2672 990 οὕτως
2719 930 2824 997 ἔχει
2848 967 2861 989 ,
2908 929 2973 980 τά
3014 931 3110 997 τῆς
3140 927 3548 996 κεκηρυγμένης
3573 924 3667 976 τοῦ
3704 924 3824 975 Geo-3
3852 926 3936 991 κρὶο

2429 1039 2561 1084 σεως
2585 1022 2808 1090 οἴχεται,
2841 1022 2930 1072 καὶ
2967 1021 3179 1073 ἀπειλαὶ
3223 1021 3353 1090 πρὸς
3411 1022 3532 1080 τοὺς
3574 1017 3936 1087 ἡμαρτηκότας,

2423 1112 2493 1174 ὡς
2546 1112 3065 1180 κολασθησομένους
3109 1112 3259 1180 τιμαί
3307 1128 3362 1164 τε
3405 1107 3469 1162 αὖ
3521 1111 3656 1180 πρὸς
3709 1110 3822 1168 τοὺς
3861 1111 3939 1169 τοῖς

2425 1206 2722 1275 κρείττοσιν
2771 1206 2990 1265 ἑαυτοὺς
3035 1204 3457 1265 ὲπιδεδωκότας,
3505 1202 3594 1254 καὶ
3647 1200 3939 1269 μακαριὸτῃ-

2421 1315 2510 1360 τος
2533 1310 2590 1336 α·
2636 1298 2784 1349 οὐδὲν
2818 1297 2923 1367 γὰρ
2959 1297 3035 1348 ἔτι
3076 1294 3273 1347 τούτων
3298 1295 3526 1360 εὐλόγως
3565 1293 3724 1344 ἔσται
3767 1292 3940 1358 γενόμε-

2422 1404 2528 1448 νον,
2560 1389 2649 1439 καὶ
2689 1389 2735 1439 εἰ
2757 1388 2822 1439 τά
2857 1386 3120 1439 ἁκόλουθά
3146 1403 3227 1447 τις
3253 1384 3443 1452 ἑαυτῷ,
3487 1386 3568 1452 ἐφ’
3607 1379 3691 1445 οἷς
3734 1383 3938 1451 δογματί-

2422 1479 2521 1542 ζει,
2553 1479 2753 1547 βλέποι,
2797 1481 2887 1532 καὶ
2911 1483 2942 1548 ἡ
2972 1479 3150 1540 πίστις
3166 1478 3314 1531 ἔσται
3341 1477 3560 1546 ματαία,
3589 1477 3623 1546 ἦ
3653 1492 3720 1528 τε
3747 1472 3938 1544 Χριστοῦ

2420 1572 2680 1640 ἐπιδημία
2707 1573 2854 1624 οὐδὲν
2878 1571 3133 1636 ἀνύουσα,
3162 1572 3252 1622 καὶ
3283 1573 3429 1623 πᾶσα
3456 1573 3486 1638 ἡ
3541 1569 3628 1620 διά
3674 1571 3834 1637 νόμου
3871 1567 3940 1618 καὶ

2419 1663 2707 1732 προφητῶν
2753 1664 3060 1732 οἰκονομία,
3111 1661 3339 1731 κάματοί
3384 1679 3439 1712 τε
3475 1660 3788 1712 ἀποστόλων
3833 1658 3940 1728 ὑπὲρ

2416 1753 2507 1805 τοῦ
2545 1756 2807 1824 συστῆσαι
2842 1755 2938 1816 τὰς
2964 1755 3048 1806 διὰ
3070 1753 3300 1824 Χριστοῦ
3331 1752 3423 1804 τοῦ
3448 1752 3578 1804 Θεοῦ
3621 1752 3937 1820 Ἐκκλησίας”

2417 1845 2464 1893 εἰ
2497 1843 2568 1913 μὴ
2600 1843 2705 1912 ἄρα
2744 1843 2836 1894 καὶ
2872 1843 3104 1912 Χριστὸς
3134 1841 3270 1894 κατὰ
3307 1842 3433 1902 τοὺς
3471 1841 3609 1892 οὕτω
3639 1839 3939 1909 τολμῶντας,

2418 1932 2519 1983 ὑπὸ
2546 1931 2641 2000 τὴν
2675 1931 2917 2001 ἀνάγκην
2941 1932 3034 2000 τῆς
3067 1931 3173 1982 τῶν
3210 1932 3419 2001 ἄστρων
3459 1934 3722 1998 κινήσεως
3755 1930 3842 1998 τὴν
3874 1930 3941 1994 γέ-

2417 2039 2558 2074 νεσιν
2587 2023 2926 2091 ἀνειληφέναι
2959 2023 3263 2091 γενόμενος,
3283 2022 3453 2074 πάντα
3479 2023 3773 2091 πεποιήκοι
3799 2039 3850 2072 τε
3869 2021 3940 2072 καὶ

2417 2113 2594 2174 πάθοι,
2633 2114 2684 2163 ού
2712 2112 2803 2164 τοῦ
2847 2112 2979 2164 Θεοῦ
3015 2115 3105 2165 καὶ
3131 2114 3339 2182 Πατρός
3373 2113 3476 2164 τῶν
3512 2114 3644 2165 ὅλων
3683 2112 3828 2180 αύτῷ
3865 2113 3940 2172 τὰς

2414 2202 2745 2273 παραδόξους
2777 2205 3028 2273 δυνάμεις
3055 2205 3433 2275 δωρησαμένου
3465 2251 3469 2258 ,
3511 2204 3644 2255 ἀλλά
3668 2203 3778 2254 τῶν
3809 2204 3939 2256 ἀστέ-

2415 2318 2542 2368 ρων.
2589 2293 2682 2361 υἷς
2710 2299 2885 2361 ἀθέοις
2913 2300 3006 2351 καὶ
3038 2299 3252 2351 ἀσεϐέσι
3277 2298 3594 2366 τυγχάνουσι
3634 2295 3810 2363 λόγοις
3834 2296 3938 2345 ἀκο-

2410 2389 2584 2442 λουθεῖ
2613 2391 2704 2442 καὶ
2755 2390 2815 2442 τὸ
2858 2393 2984 2452 τοὺς
3032 2390 3376 2452 πιστεύοντας
3423 2390 3525 2441 ὑπὸ
3568 2388 3672 2440 τῶν
3724 2389 3939 2453 ἀστέρων

2349 1907 2388 1958 Β

2411 2483 2704 2551 ἀγομένους
2730 2484 3002 2535 πιστεύειν
3038 2486 3114 2546 είς
3163 2482 3293 2535 Θεὸν
3334 2483 3602 2549 λέγεσθαι.
3657 2477 3937 2548 Πυθοίμεθα

2408 2572 2450 2624 δ’
2486 2573 2549 2626 ἂν
2576 2575 2770 2636 αὐτῶν,
2794 2575 2844 2626 τί
2865 2577 2891 2626 ό
2920 2575 3051 2637 Θεὸς
3079 2575 3392 2645 βουλόμενος
3412 2572 3644 2626 τοιοῦτον
3673 2571 3839 2623 ἐποίει
3865 2571 3937 2620 κό-

2409 2680 2561 2734 σμον,
2617 2667 2681 2717 ἵν’
2706 2668 2751 2717 oi
2797 2667 2890 2735 μὲν
2932 2669 2986 2719 ὲν
3021 2667 3164 2736 αύτῷ
3208 2665 3391 2736 ἄνδρες
3421 2665 3569 2727 ὄντες
3596 2663 3659 2714 τά
3691 2662 3937 2729 γυναικῶν

2409 2755 2701 2824 πάσχωσιν,
2729 2754 2974 2822 οὐδαμῶς
3003 2756 3208 2817 ἑαυτοῖς
3245 2756 3404 2806 αἴτιοι
3437 2753 3535 2822 τῆς
3566 2752 3841 2819 ἀσελγείας
3867 2769 3938 2818 γε-

2403 2844 2686 2912 γενημένοι
2705 2859 2717 2874 ο
2748 2844 2920 2914 ἕτεροι
2944 2844 3019 2906 δὲ,
3053 2844 3254 2913 ἀγρίων
3281 2842 3430 2905 ζώων
3459 2842 3789 2894 κατάστασιν
3818 2843 3938 2908 εἰλη-

2405 2935 2583 3002 φότες,
2630 2934 2706 3003 τῷ
2740 2935 2834 3004 τὴν
2870 2933 3150 3002 φορὰντοῦ
3202 2934 3398 2996 παντὸς
3447 2931 3716 2992 τοιούτους
3764 2933 3936 2992 αὐτοὺς

2403 3024 2777 3093 πεποιηκέναι,
2805 3025 2891 3077 διὰ
2921 3025 2980 3076 τὸ
3002 3025 3091 3077 τὸν
3113 3024 3243 3078 Θεὸν
3282 3025 3423 3078 οὕτω
3466 3025 3854 3095 κεκοσμηκέναι
3889 3022 3937 3073 τὸ

2401 3115 2526 3180 πᾶν,
2560 3118 2882 3170 ἐπιδιδόασιν
2907 3120 3100 3182 αὐτοὺς
3125 3119 3419 3190 ὡμοτάτοις
3445 3121 3536 3172 καὶ
3561 3120 3762 3191 σφόδρα
3783 3121 3934 3171 ἀπαν-

2401 3205 2634 3278 θρώποις
2685 3209 2998 3278 πράγμασιν
3019 3252 3032 3273 ,
3057 3209 3430 3279 ἀνδροφονίαις
3460 3210 3552 3262 καλ⁸
3587 3211 3932 3281 πειρατείαιςῖ

2401 3299 2507 3350 Καὶ
2548 3300 2599 3350 τί
2640 3299 2720 3350 δεῖ
2746 3299 2919 3366 λέγειν
2963 3303 3106 3371 ἡμᾶς
3148 3301 3270 3370 περὶ
3317 3300 3422 3351 τῶν
3469 3300 3862 3370 συμδαινόντων
3889 3301 3933 3350 ὲν

2397 3390 2718 3460 ἀνθρώποις,
2763 3391 2854 3443 καὶ
2913 3391 3362 3461 ἁμαρτανομένων
3406 3393 3494 3443 ὑπ’
3539 3393 3714 3445 αὐτῶν
3751 3393 3934 3464 μυρίων

2395 3483 2534 3535 ὅσων
2560 3483 2951 3550 τυγχανόντων,
2984 3482 3229 3544 οὕστινας
3263 3485 3310 3535 oi
3352 3484 3457 3536 τῶν
3497 3485 3754 3553 γενναίων
3824 3501 3934 3555 προ-

2395 3571 2672 3640 ϊστάμενοι
2691 3570 2892 3622 τούτων
2921 3571 3090 3636 λόγων
3111 3572 3432 3637 ἀπολύοντες
3462 3574 3658 3636 παντὸς
3681 3573 3936 3642 ἐγκλήμα-

2392 3676 2502 3723 τος,
2544 3658 2765 3731 τῷιΘεῷ
2792 3661 3200 3730 προσγράφουσι
3247 3663 3463 3716 πάντων
3499 3663 3605 3716 τῶν
3635 3663 3813 3715 κακῶν
3856 3661 3932 3714 καὶ

2393 3752 2636 3821 ψευκτῶς
2659 3752 2684 3791 ι)
2705 3753 3082 3822 πραττομένων
3098 3754 3194 3826 τὴν
3210 3755 3385 3808 αἰτίαν
3405 3771 3418 3818 ;
3459 3754 3580 3806 Ἐἀν
3599 3753 3655 3805 δέ
3683 3771 3818 3817 τινες
3837 3754 3931 3823 ll?)

2394 3842 2587 3906 αὐτῶν,
2612 3844 2685 3904 ὼς
2710 3844 3127 3915 ἀπολογούμενοι
3148 3845 3274 3915 περὶ⁵
3304 3844 3458 3910 Θεοῦ,
3489 3844 3674 3915 ἕτερον
3699 3845 3789 3915 μὲν
3813 3840 3931 3896 εἶναι

2393 3933 2589 4000 λέγωσι
2611 3934 2702 3986 τὸν
2733 3935 2952 4002 ἀγαθὸν,
2973 3936 3181 3997 οὐδενὸς
3202 3934 3402 3986 τούτων
3424 3934 3611 4003 ἔχοντα
3635 3936 3729 4002 τὴν
3754 3934 3928 4003 ἀρχὴν,

2391 4025 2466 4096 τῷ
2493 4026 2549 4080 δὲ
2582 4027 2904 4096 Δημιουργῷ
2950 4028 3162 4080 πάντων
3194 4025 3261 4077 τά
3297 4025 3516 4080 τοιαῦτα
3567 4026 3926 4097 προσάπτωσι·

2393 4118 2601 4188 πρῶτον
2636 4121 2750 4188 μὲν,
2781 4120 2886 4172 οὐδ’
2919 4119 2992 4182 ὡς
3031 4118 3328 4187 βούλονται,
3376 4117 3687 4188 δυνήσονται
3733 4118 3928 4170 ἀποδειο

2393 4208 2598 4270 κνύναι,
2624 4209 2702 4260 ὅτι
2732 4210 2847 4260 ἐστὶ
2869 4209 3071 4270 δίκαιος
3090 4224 3103 4237 ·
3135 4207 3248 4271 πῶς
3272 4207 3378 4276 γὰρ
3409 4209 3437 4260 ό
3475 4208 3738 4259 τοσούτων
3762 4207 3928 4260 κακῶν

2393 4299 2508 4349 κατ’
2543 4299 2734 4360 αὐτοὺς
2764 4298 2947 4368 πατὴρ
2974 4296 3203 4362 εὐλόγως
3226 4293 3548 4365 χρηματίζοι
3575 4295 3773 4355 δίκαιος
3790 4311 3803 4358 ;
3821 4293 3927 4346 δεύ-

2391 4406 2543 4459 τερον
2572 4390 2646 4453 δὲ,
2679 4391 2805 4459 περὶ
2832 4389 3007 4440 αὐτῶν
3039 4387 3090 4439 τί
3113 4404 3242 4439 ποτε
3271 4388 3549 4456 φήσουσιν,
3601 4385 3924 4452 ὲξεταπέονς

2395 4481 2622 4552 Πότερον
2676 4482 2981 4534 ὑπόκεινται
3018 4483 3080 4550 τῇ
3115 4481 3254 4551 φορᾷ
3281 4479 3388 4532 τῶν
3417 4480 3679 4552 ἀστέρων,
3719 4480 3749 4551 ἢ
3780 4479 3924 4548 ἠλευ-

728 4588 834 4638 que
868 4570 1120 4624 scelerate
1141 4571 1273 4622 liunt
1297 4573 1535 4625 omnium
1554 4573 1662 4627 Deo
1684 4588 1906 4627 causam
1968 4570 2284 4639 assignant?

2403 4572 2666 4641 iépwwai,
2693 4573 2784 4624 καὶ
2813 4575 2870 4624 ἐν
2902 4573 2976 4642 τῷ
2996 4573 3093 4641 βίῳ
3115 4571 3486 4641 τυγχάνοντες,
3517 4573 3666 4626 οὐδὲν
3697 4568 3922 4641 ἐνεργού-

729 4667 967 4730 Quorum
997 4664 1038 4717 si
1065 4664 1327 4727 nonnulli,
1366 4675 1422 4716 ut
1452 4665 1541 4718 Dei
1573 4682 1792 4720 causam
1825 4665 2286 4726 tuerivideantur,

729 4756 928 4806 bonum
961 4755 1243 4824 quemdam
1279 4754 1503 4806 alterum
1534 4771 1655 4810 esse
1682 4759 1887 4820 dicent,
1918 4771 2151 4825 eumque
2200 4772 2285 4808 re-

728 4859 844 4895 rum
898 4846 1121 4898 istarum
1154 4845 1355 4898 fontem
1388 4862 1508 4900 esse
1542 4863 1603 4899 ac
1635 4850 1959 4916 principium
1991 4849 2282 4919 negabunt,

728 4936 868 5002 quod
900 4939 988 4989 uni
1025 4939 1286 4990 duntaxat
1318 4955 1491 4990 rerum
1527 4950 1829 4992 oreatarum
1868 4941 2104 4996 molitori
2133 4941 2283 4993 simi-

725 5027 799 5082 lia
829 5029 1111 5082 tribuenda
1150 5032 1340 5096 velint;
1372 5033 1625 5099 primum,
1660 5047 1726 5085 ne
1758 5032 1837 5085 sic
1861 5034 2098 5100 quidem,
2134 5033 2278 5102 quod

726 5116 827 5187 ipsi
880 5119 1086 5180 volunt,
1117 5121 1293 5187 justus
1331 5133 1387 5174 ut
1443 5123 1530 5177 ille
1572 5125 1679 5188 sit,
1716 5122 1962 5176 efficient.
1998 5124 2280 5189 Quomodo

723 5211 865 5263 cnim
903 5226 1061 5277 quem
1122 5220 1199 5262 tot
1261 5215 1522 5266 malorum
1563 5225 1837 5283 parentem
1892 5213 2126 5267 fatentur
2179 5217 2278 5283 ipsi

722 5298 1178 5366 quoque,justnni
1199 5302 1440 5353 eumdem
1469 5319 1588 5357 esse
1619 5306 1737 5373 jure
1769 5305 2068 5371 meritoque
2096 5304 2279 5358 defen-

721 5388 849 5439 dant
877 5389 899 5438 ?
944 5388 1143 5441 Deinde
1172 5389 1298 5456 quid
1329 5394 1562 5447 sentiant
1587 5396 1682 5462 ipsi
1719 5398 1782 5448 de
1816 5410 1894 5456 se,
1929 5394 2276 5463 quaerendum

723 5493 787 5527 ex
824 5478 928 5532 illis
957 5489 1056 5532 est.
1095 5478 1283 5532 Utrum
1326 5496 1444 5535 sese
1480 5495 1749 5538 astrorum
1775 5484 2280 5539 conversioneohli-

722 5578 875 5636 gates
924 5585 1063 5633 esse,
1095 5588 1162 5623 an
1197 5572 1414 5637 liberos,
1440 5583 1600 5641 atque
1628 5576 1917 5644 ejusmodi,
1977 5576 2116 5646 apud
2145 5592 2281 5644 quos

795 5691 821 5718 ⁸
851 5698 961 5748 713.,
992 5686 1400 5756 μακαριότητες.
1502 5686 1529 5725 b
1557 5687 1637 5739 ῑσ.
1665 5688 1893 5756 ψεκτὼς.

2393 4679 2548 4729 μενον
2569 4665 2647 4724 εἰς
2667 4663 2890 4724 ἑαυτοὺς
2911 4663 3121 4730 ἔχουσιν
3159 4661 3394 4729 ἐκεῖθεν;
3439 4667 3501 4718 Ei
3554 4665 3651 4735 μὲν
3691 4663 3789 4733 γὰρ
3827 4660 3923 4729 φή-

2391 4767 2568 4802 σουσιν
2593 4753 2906 4804 ὑποκεῖσθαι
2933 4757 3044 4814 τοῖς
3075 4752 3309 4823 ἄστροις,
3334 4755 3517 4826 δῆλον,
3555 4756 3636 4807 ὅτι
3679 4754 3745 4806 τὰ
3765 4752 3922 4820 ἄστρα

2388 4844 2444 4893 τὸ
2477 4845 2660 4911 νοῆσαι
2697 4845 2873 4906 αὐτοῖς
2904 4845 3057 4896 τοῦτο
3095 4847 3397 4916 ἐχαρίσατο,
3434 4848 3527 4899 καὶ
3555 4848 3583 4898 ὁ
3603 4841 3919 4914 Δημιουργὺς

2390 4935 2772 5004 ὑποϐεϐληκὼς
2805 4936 2951 4988 ἔσται
2983 4936 3066 4990 διὰ
3095 4939 3189 5006 τῆς
3220 4937 3311 4991 τοῦ
3341 4937 3536 4998 παντὸς
3557 4938 3809 5006 κινήσεως
3836 4934 3918 4986 τὸν

2387 5027 2540 5094 λόγον
2566 5027 2653 5078 τὸν
2688 5027 2813 5096 περὶ
2846 5027 2938 5079 τοῦ
2980 5030 3230 5098 ἀνωτέρω
3266 5027 3748 5097 ἀναπεπλασμένου
3773 5024 3914 5088 Θεοῦ,

2386 5125 2519 5193 ὅπερ
2541 5124 2601 5175 οὐ
2637 5122 2908 5190 βούλονται
2932 5141 2943 5151 ·
2979 5128 3024 5177 ει
3061 5125 3115 5177 δὲ
3144 5122 3579 5193 ἀποκρινοῦνται,
3603 5123 3682 5175 ὅτι
3705 5120 3798 5186 ἔξω
3818 5120 3915 5170 τῶν

2385 5214 2559 5281 νόμιον
2606 5211 2923 5280 τυγχάνουσι
2973 5213 3064 5266 τοῦ
3109 5210 3439 5282 Δημιουργοῦ
3473 5212 3580 5264 τῶν
3625 5212 3761 5267 κατά
3799 5212 3914 5271 τοὺς

2386 5306 2637 5374 ἀστέρας,
2675 5305 2757 5355 ἵνα
2796 5304 2866 5374 μὴ
2903 5306 3168 5372 ἀπόφασις
3251 5304 3309 5355 τὸ
3335 5303 3618 5374 λεγόμενον
3639 5305 3724 5359 ὑπ’
3753 5301 3914 5356 αὐτῶν

2384 5397 2782 5459 ἀναπόδεικτος,
2813 5398 3219 5468 πειραοήτωσαν
3264 5398 3407 5466 ἡμᾶς
3441 5400 3728 5471 προσάγειν
3761 5397 3910 5458 ἀναγ-

2384 5486 2800 5556 καστικώτερον,
2833 5487 3090 5556 διαφορὰν
3127 5486 3484 5554 παριστάντες
3516 5489 3608 5540 νοῦ
3634 5501 3767 5545 τινος
3789 5484 3908 5534 ὑπο-

2384 5577 2629 5643 κειμένου
2655 5580 2862 5647 γενέσει
2893 5579 2984 5630 καὶ
3017 5578 3320 5649 εἱμαρμένῃ
3347 5580 3438 5632 καὶ
3465 5581 3649 5652 ἑτέρου
3674 5575 3773 5631 ἀπὸ
3798 5571 3908 5624 εού-

793 5795 898 5875 (ΓΙ.)
944 5797 1080 5878 Ἐᾲν
1127 5800 1192 5853 δέ
1224 5781 1397 5866 rarae.
1448 5801 1540 5864 El;
1584 5802 1707 5864 τοὺς
1750 5803 2079 5876 Μανιχαίους
2109 5803 2303 5856 αἱνίττε

2422 5848 2434 5874 ,
2471 5806 2561 5878 qui
2597 5792 2868 5861 mundum'
2895 5805 3038 5859 hunc
3071 5820 3175 5860 non
3198 5806 3349 5874 boni,
3375 5793 3469 5862 sed
3505 5803 3632 5860 mali
3667 5800 3752 5856 Del
3782 5807 3903 5867 opus

716 5881 840 5921 esse
865 5867 1154 5936 iactabant.
