4020 6342
52 408 151 465 ιει

1226 404 1544 459 ΡΒΑΞΡΑΒ.
1582 404 1830 462 ΕΥΑΝΟ.
1873 407 1999 462 LIB.
2045 407 2130 462 Vl.

3178 410 3280 464 483

51 540 153 576 των
178 521 495 593 ἐλευθέρου.
524 522 689 592 Δῆλον
720 522 827 593 γάρ
869 525 982 575 ἐστι
1014 524 1138 585 τοὺς
1173 523 1443 581 τοιούτους
1488 522 1620 592 (l8),

1728 524 1826 580 bac
1874 528 1924 578 in
1962 535 2093 590 vna,
2127 525 2259 578 nihil
2289 525 2511 579 omnino
2541 536 2721 580 motus
2757 524 2845 578 ille
2868 525 3035 594 possit
3072 526 3095 579 ?
3126 525 3275 579 Obli-

52 614 147 676 5-:t,
174 613 340 681 λόγον
362 614 753 683 άπαιτηθέντες
774 615 970 668 διδόναι
1006 617 1213 680 αὐτοῖς,
1259 617 1506 686 οὐδαμῶς
1531 617 1620 669 δυ-

52 707 330 774 νήσονται.
367 704 509 774 Πρὸς
533 705 588 756 δὲ
623 708 733 767 τοῖς
765 706 1067 776 εἰρημένοις
1101 708 1194 757 καὶ
1218 707 1372 775 εὐχαὶ
1416 708 1618 777 παρέλ-

52 813 207 848 κουσι
235 796 419 865 μάτην
449 796 1019 866 παραλαμϐανόμεναι.
1046 798 1107 848 Εἰ
1138 798 1241 867 γάρ
1280 798 1622 866 κατηνάγκα-

52 901 175 937 σται
205 885 337 938 τάδε
366 884 485 937 τινὰ
512 884 779 953 γενέσθαι,
803 886 896 938 καὶ
923 888 971 938 οἱ
1001 886 1227 955 ἀστέρες
1249 885 1514 948 ποιοῦσιν,
1539 887 1623 939 οὑ-

52 975 136 1027 δὲν
184 975 247 1027 δὲ
288 975 442 1045 παρὰ
484 976 582 1047 τὴν
616 976 817 1028 τούτων
846 977 979 1047 πρὸς
1028 976 1286 1047 ἀλλήλους
1322 978 1621 1048 ἐπιπλοκὴν

52 1067 279 1121 δύναται
301 1067 573 1135 γενέσθαι,
602 1068 729 1121 Θεὸν
756 1069 1048 1136 ἀλογίστως
1070 1069 1323 1139 ἀξιοῦμεν
1351 1070 1473 1122 τάδε
1501 1070 1621 1123 τινά

56 1160 187 1226 ἡμῖν
212 1157 583 1229 δωρήσασθαι.
616 1160 723 1211 Καὶ
752 1160 803 1211 τί
841 1160 930 1212 ἐπὶ
958 1159 1135 1211 πλεῖον
1184 1159 1439 1229 μηκύνειν
1467 1158 1621 1225 λόγον

54 1248 149 1311 δεῖ,
186 1251 530 1319 παριστάντα
557 1250 616 1303 τὸ
650 1250 840 1314 ἀσεϐὲς
861 1251 954 1304 τοῦ
973 1252 1449 1323 καθημαξευμένου
1484 1253 1619 1307 ἀϐα-

60 1340 331 1403 σανίστως
349 1341 498 1410 παρὰ
526 1345 636 1404 τοῖς
660 1342 869 1405 πολλοῖς
897 1343 1021 1413 περὶ
1049 1344 1382 1415 εἱμαρμένης
1417 1345 1618 1409 τόπους

56 1430 320 1499 Δύτάρκη
347 1430 455 1501 γὰρ
485 1433 563 1494 εἰς
594 1433 912 1502 ὑπογραφὴν
939 1435 1028 1485 καὶ
1054 1434 1122 1487 τά
1151 1436 1433 1506 εἰρημένα.
1455 1436 1621 1488 Πόθεν

59 1521 110 1574 δὲ
138 1521 485 1586 ἐξετάζοντες
511 1522 590 1586 τὸ,
630 1542 648 1574 ι
678 1525 956 1577 Ἔστωσαν
980 1529 1057 1589 εἰς
1089 1530 1285 1597 σημεῖα
1320 1529 1366 1579 οἱ
1411 1529 1623 1599 φωστῆ-

62 1628 171 1681 ρες,
216 1630 237 1663 ›
273 1613 370 1665 ἐπὶ
416 1614 585 1667 ταῦτα
628 1614 992 1685 ἐληλύθαμεν,
1024 1618 1246 1679 ἑαυτοὺς
1296 1619 1618 1688 ὑπομνήσω.-

67 1720 181 1773 μεν.
200 1705 265 1758 Οἱ
295 1704 648 1774 μανθάνοντες
674 1706 800 1777 περί
820 1724 975 1759 τινων
996 1706 1188 1777 ἀληθῆ,
1209 1709 1324 1777 ἦτοι
1360 1710 1620 1762 αὐτόπται

64 1797 167 1849 τῶν
212 1798 554 1867 πραγμάτων
583 1799 879 1869 γενόμενοι,
924 1799 1305 1866 ἀποφαίνονται
1353 1800 1473 1852 τάδε
1503 1802 1621 1854 τινὰ

1724 624 1877 683 gatos
1899 615 1944 668 si
1975 613 2308 679 fatebuntur,
2341 616 2482 668 hunc
2506 616 2612 669 illis
2632 615 2873 685 profecto
2896 628 3039 671 astra
3060 634 3278 687 quoque

1722 722 1941 761 sensum
1973 708 2348 777 impresserint
2376 726 2388 760 :
2423 706 2664 776 adeoque
2688 723 2880 761 novatn
2906 710 2971 761 de
2999 712 3280 777 superiore

1722 815 1821 852 suo
1882 798 2183 867 ﬁctitioque
2242 796 2351 851 Deo
2400 807 2655 862 mentem,
2694 799 2854 866 hujus
2924 800 3278 852 conversione

1720 890 1928 957 mundi,
1965 905 2096 944 suus
2126 890 2233 955 ille,
2259 888 2403 959 quod
2431 889 2531 958 ipsi
2586 898 2806 958 negant,
2840 890 3168 945 architectus
3203 892 3277 942 in-

1716 980 1925 1049 jecerit.
1955 979 2049 1033 Sin
2078 988 2257 1033 autem
2283 981 2401 1048 ejus
2425 994 2483 1035 se
2505 981 2744 1043 minime,
2789 996 2922 1049 quas
2976 992 3120 1033 astra
3164 983 3278 1034 vol-

1720 1081 1874 1135 vunt,
1921 1072 2131 1140 legibus
2166 1071 2338 1125 teneri
2375 1071 2796 1139 respondebunt,
2842 1072 2893 1124 id
2925 1087 2990 1124 ne
3019 1072 3087 1125 ab
3119 1072 3181 1124 iis
3209 1082 3281 1125 te-

1720 1177 1867 1215 mere
1900 1162 2078 1230 negari
2107 1162 2408 1226 videamur,
2440 1162 2631 1227 majori
2656 1162 2839 1230 utique
2876 1162 2923 1213 vi
2960 1162 3274 1229 suffragium

1724 1252 1797 1304 illi
1823 1264 2066 1306 nostrum
2099 1261 2415 1322 extorquere
2440 1252 2816 1313 tlebent,certo
2842 1252 3153 1305 discrimine
3171 1254 3277 1304 duo

1723 1344 1858 1396 inter
1889 1344 2147 1397 mentium
2174 1358 2373 1410 genera
2394 1344 2955 1410 constituto,quarutn
2987 1344 3104 1394 alue
3127 1352 3278 1394 ortus

1721 1435 1926 1505 fatique
1953 1436 2333 1490 necessitatem
2349 1436 2529 1489 subire
2547 1443 2831 1501 cogantur,
2854 1434 2969 1486 alia:
2985 1432 3275 1502 defugiunt.

1722 1526 1833 1580 Hac
1863 1526 2007 1581 enim
2043 1543 2099 1582 sc
2131 1526 2426 1596 quaestione
2457 1528 2696 1595 profecto
2732 1542 3004 1594 nunquam
3038 1509 3277 1592 explica-

1723 1621 1873 1674 bunt.
1902 1620 1982 1673 Ad
2011 1620 2125 1673 hate
2173 1633 2359 1687 preces
2396 1635 2459 1671 ac
2484 1626 2606 1671 vota
2655 1633 2989 1684 nuncupare,
3032 1633 3285 1684 superva-

1721 1726 1946 1766 Caneunt
1998 1712 2154 1780 plane
2206 1712 2283 1763 iit.
2315 1712 2446 1774 Nam
2479 1711 2521 1763 si
2556 1710 2668 1763 hazc
2698 1710 2853 1762 illave
2902 1709 3014 1763 fieri
3062 1725 3279 1762 necesse

1722 1813 1825 1867 est,
1852 1804 2099 1873 hancque
2120 1812 2263 1857 astra
2291 1805 2666 1857 necessitatem
2704 1804 2953 1868 afferunt,
2988 1804 3147 1873 283
3180 1819 3280 1860 nee

69 1887 283 1954 ὑγειῶς,
310 1889 370 1940 τὸ
402 1887 571 1951 πάθος
600 1890 692 1941 καὶ
720 1889 817 1958 τὴν
848 1888 1120 1958 ἐνέργειαν
1153 1889 1258 1939 τῶν
1280 1889 1617 1941 πεπονθότων

1724 1892 1876 1946 aliter
1930 1910 2086 1961 quam
2116 1908 2301 1947 eorum
2354 1902 2534 1947 mutua
2591 1893 2893 1961 complexio
2923 1893 3126 1961 jubcat,
3161 1894 3275 1946 ﬁeri

69 1979 534 2049 ἣὲνεργησάντων
579 1979 916 2049 θεασάμενοι,
948 1979 979 2049 ἢ
1014 1980 1458 2046 ἀπαγγελλόντων
1510 1980 1616 2033 τῶν

66 2070 311 2140 οὐδαμῶς
336 2072 522 2124 αἰτίων
546 2075 655 2135 τοῖς
672 2072 1054 2141 γεγενημένοις
1096 2072 1449 2139 ἀκούσαντες,
1492 2076 1615 2129 τάδε

66 2161 181 2213 τινὰ
221 2160 578 2230 γινώσκουσιν
607 2162 716 2233 (19)
750 2162 1145 2235 (ὑπεξῃρήσθωη
1181 2164 1235 2215 δὲ
1274 2164 1367 2217 νῦν
1410 2164 1503 2218 τοῦ
1537 2167 1619 2218 λό-

68 2269 160 2321 γου
188 2253 249 2306 τὸ
270 2252 526 2308 δύνασθαι
554 2256 679 2316 τοὺς
697 2254 1023 2324 δεδρακότας
1051 2254 1081 2322 ἦ
1147 2255 1473 2318 πεπονθότας
1496 2295 1509 2317 ,
1542 2256 1618 2309 δι-

68 2344 398 2415 ηγουμένους
428 2344 463 2397 ἃ
490 2344 826 2416 δεδράκασιν,
860 2345 892 2415 ἢ
921 2346 1241 2399 πεπόνθασιν
1260 2388 1275 2414 ,
1307 2347 1515 2414 ἐνάγειν
1541 2350 1616 2411 είς

68 2434 265 2501 γνῶσιν
281 2419 403 2488 ’τῶν
431 2436 829 2506 πεπραγμένων
861 2437 951 2489 τὸν
986 2436 1059 2506 μὴ
1093 2438 1615 2507 παρατετυχηκότα).

84 2526 198 2581 Ἐὰν
217 2521 311 2582 οὖν
334 2528 364 2579 ὀ
381 2525 754 2596 διδασκόμενος
778 2528 880 2580 ὑπὸ
904 2527 994 2580 τοῦ
1028 2528 1283 2599 μηδαμῶς
1316 2529 1485 2581 αἰτίου
1513 2528 1617 2581 τῶν

71 2616 361 2687 γινομένων
380 2616 439 2669 τὸ
466 2618 588 2679 τάδε
612 2618 731 2671 τινὰ
760 2619 933 2670 τοῖσδε
967 2621 1277 2686 γεγονέναι,
1326 2619 1372 2689 ἢ“
1409 2619 1617 2688 συμϐή-

75 2710 278 2773 σεσθαι,
310 2708 385 2780 μὴ
410 2709 694 2780 διακρίνων
720 2708 829 2778 (20)
848 2751 863 2773 ,
884 2711 963 2762 ὅτι
983 2711 1041 2763 οὐ
1072 2711 1283 2773 πάντως
1309 2710 1336 2760 ὁ
1358 2710 1619 2767 διδάσκων

72 2803 193 2873 περί
217 2819 360 2866 τινος
388 2803 463 2866 ὡς
501 2802 839 2871 γενομένουῆ
866 2805 1142 2873 ἐσομένου,
1175 2805 1345 2866 αἱ”τ.ὁς
1379 2807 1492 2856 ἐστι
1526 2804 1617 2857 τοῦ

74 2894 130 2945 τὸ
161 2894 388 2965 πρᾶγμα
413 2893 610 2947 τοιόνδε
635 2911 686 2945 τι
714 2894 994 2962 τυγχάνειν
1016 2912 1028 2923 ⁸
1058 2896 1298 2966 οἰήσεται
1327 2899 1415 2950 τὸν
1440 2916 1618 2967 παρα-

79 2986 336 3056 στήσαντα
361 2985 488 3055 περὶ
519 2984 613 3038 τοῦ
645 2984 767 3038 τάδε
794 2985 912 3037 τινὰ
941 2987 1216 3053 γεγονέναι
1239 3028 1251 3049 ,
1288 2988 1318 3056 ἢ
1346 2989 1468 3041 τάδε
1500 2989 1619 3042 τινὰ

79 3075 316 3140 ἔσεσθαι,
359 3077 745 3147 πεποιηκέναι,
783 3076 813 3145 ἦ
850 3077 1088 3145 ποιήσειν
1117 3078 1183 3130 τὰ
1223 3079 1347 3147 περὶ
1376 3072 1449 3131 ὦν
1479 3078 1621 3131 διδά-

81 3182 209 3231 σκει,
244 3168 482 3237 οἰήσεται
511 3168 567 3218 δὲ
605 3166 839 3237 δηλονότι
883 3167 1245 3235 ὲσφαλμένως.
1292 3168 1377 3230 Ὠς
1420 3168 1473 3220 εἴ
1502 3186 1615 3232 τις,

81 3256 305 3326 ἐντυχὼν
339 3260 641 3328 προφητικῇ
671 3257 832 3327 βίϐλῳ
865 3257 1199 3330 προδηλούσῃ
1230 3258 1295 3309 τά
1324 3260 1448 3329 περὶ
1489 3259 1617 3311 Ἰού-

80 3346 166 3399 δαν
189 3346 280 3400 τὸν
304 3347 583 3417 προδότην,
622 3349 837 3418 νομίσαι
872 3347 1052 3418 μαθὼν
1078 3350 1136 3400 τὸ
1167 3351 1446 3419 ἐσόμενον,
1480 3352 1619 3421 ὀρῶν

83 3439 203 3493 αὐτὸ
224 3438 662 3506 ἀποτελούμενον,
696 3441 794 3509 τὴν
816 3440 990 3517 βίϐλον
1024 3443 1198 3493 αἰτίαν
1234 3440 1368 3495 εἶναι
1414 3444 1528 3496 τόδε
1567 3461 1619 3495 τι

82 3530 343 3598 γεγονέναι
393 3528 614 3605 ὓστερον
634 3570 647 3594 ,
679 3531 798 3582 ἐπεὶ
849 3532 953 3583 άπὸ
982 3532 1079 3599 τῆς
1111 3533 1288 3599 βίϐλου
1339 3534 1619 3605 μεμάθηκε

84 3623 144 3677 τὰ
172 3623 271 3676 ὑπὸ
307 3604 610 3676 τοῦἾούδα
645 3622 1057 3693 πραχθησόμενα
1098 3624 1344 3695 ὕστερον·
1390 3628 1421 3696 ἢ
1463 3628 1620 3680 πάλιν

90 3714 157 3784 μὴ
182 3713 276 3785 τὴν
300 3714 475 3784 βίϐλον
505 3714 757 3767 ὑπολάϐοι
789 3710 922 3766 εἶναι
956 3716 1150 3778 αἰτίαν,
1189 3716 1320 3769 ἀλλὰ
1351 3720 1439 3769 τὸν
1476 3720 1622 3789 πρῶ-

86 3820 166 3857 τον
190 3806 467 3875 γράψαντα
491 3804 676 3875 αὐτὴν,
706 3806 738 3874 ἢ
770 3805 859 3859 τὸν
885 3806 1266 3875 ἐνεργήσαντα,
1290 3807 1419 3878 φέρε
1450 3811 1621 3861 εἰπεῖν

87 3894 168 3949 τὸν
193 3896 339 3949 Θεόν.
377 3896 584 3965 Ὠσπερ
610 3896 666 3949 δὲ
694 3896 789 3948 ἐπὶ
804 3896 906 3950 τῶν
937 3896 1174 3966 περὶτοῦ
1218 3896 1383 3950 Ἰούδα
1415 3916 1623 3969 προφη-

89 3991 371 4062 τευομένων
408 3990 565 4043 αὐταὶ
589 3990 644 4042 αἱ
681 3989 852 4053 λέξεις
901 3990 1273 4060 ὲξεταζόμεναι
1307 3991 1621 4060 ἐμφαίνουσι

92 4086 171 4136 τὸν
204 4083 335 4136 θεὸν
356 4081 579 4152 ποιητὴν
618 4082 687 4153 μὴ
714 4084 987 4150 γεγονέναι
1014 4082 1109 4151 τῆς
1146 4082 1237 4133 τοῦ
1283 4081 1450 4133 Ἰούδα
1488 4099 1620 4152 προ-

92 4174 276 4237 δοσίας,
307 4174 437 4228 ἀλλά
462 4174 620 4243 μόνον
647 4173 994 4245 δεδηλωκέναι
1020 4173 1399 4245 προεγνωκότα
1426 4174 1492 4225 τά
1518 4175 1622 4225 ἀπὸ

94 4266 181 4336 τῆς
204 4266 382 4318 τούτου
430 4266 625 4328 κακίας
668 4265 1082 4337 πραχθησόμενα
1122 4265 1270 4334 παρὰ
1314 4264 1410 4335 τὴν
1459 4264 1620 4318 αὐτοῦ

96 4357 255 4409 αἰτίαν
277 4376 291 4388 ·
318 4356 485 4418 οὕτως
515 4357 567 4408 εἴ
590 4374 670 4419 τις
695 4356 993 4426 ὲμϐαθύναι
1021 4357 1098 4426 τῷ
1147 4357 1284 4425 λόγῳ
1320 4357 1411 4409 τοῦ
1442 4374 1623 4427 προει-

98 4445 227 4499 δέναι
257 4446 321 4499 τά
349 4447 519 4501 πάντα
550 4445 639 4499 τὸν
672 4446 821 4512 Θεὸν,
860 4449 952 4502 καὶ
982 4450 1091 4511 τοῖς
1118 4450 1173 4500 ὲν
1200 4443 1277 4511 οἷς
1307 4444 1413 4500 οἷον
1443 4448 1621 4501 ἐνετύ-

100 4556 232 4592 πωσε
252 4541 349 4611 τῆς
367 4538 554 4613 ἑαυτοῦ
577 4540 928 4612 προγνώσεως
947 4544 1069 4605 τοὺς
1106 4544 1292 4611 λόγους
1311 4582 1324 4603 ,
1361 4543 1623 4612 κατανοή-
1655 4563 1697 4616 υ

104 4645 180 4681 σαι
208 4630 288 4694 ἂν,
321 4632 398 4683 ὅτι
418 4629 536 4684 οὔτε
558 4633 587 4683 ό
614 4633 876 4701 προγνοὺς
904 4633 1116 4697 πάντως
1140 4634 1307 4697 αἴτιος
1342 4634 1447 4685 τῶν
1490 4650 1643 4703 προ--

102 4724 449 4793 εγνωσμένων,
468 4722 589 4775 οὕτε
617 4722 685 4775 τὰ
703 4725 824 4784 τοὺς
842 4723 1040 4788 τύπους
1059 4726 1164 4779 τῶν
1187 4727 1352 4794 λόγων
1372 4727 1466 4795 τῆς
1494 4742 1623 4795 προ-

105 4810 333 4876 γνώσεως
371 4813 459 4865 τοῦ
495 4812 890 4885 προεγνωκότος
922 4812 1201 4882 δεξάμενα.
1246 4817 1364 4868 ’Ότι
1409 4816 1502 4883 μὲν
1523 4810 1621 4866 ὢν

106 4900 307 4955 ἕκαστον
327 4903 430 4956 τῶν
456 4903 849 4974 ἐσομένωνπρὸ
875 4903 1063 4956 πολλοῦ
1092 4896 1235 4959 οἶδεν
1259 4909 1286 4960 ὁ
1317 4907 1444 4967 Θεὸς
1465 4922 1621 4976 γενη-

110 4992 327 5063 σόμενον,
360 4996 451 5048 καὶ
478 4996 643 5065 χωρὶς
678 4996 771 5065 μὲν
800 4995 1017 5065 Γραφῆς
1040 4998 1257 5051 αύτόθεν
1301 4999 1363 5051 ὲκ
1402 4999 1498 5066 τῆς
1538 5000 1621 5049 ἐν·

110 5084 234 5148 νοίας
255 5085 349 5156 τῆς
381 5086 506 5155 περὶ
530 5086 662 5139 Θεοῦ
692 5086 846 5156 δῆλον
870 5085 946 5156 τῷ
970 5088 1195 5139 συνιέντι
1231 5088 1438 5158 ἀξίωμα
1468 5088 1621 5139 δυνά-

172 5333 269 5404 (i8)
298 5332 488 5404 Δῆλον
513 5332 620 5402 γάρ
646 5332 773 5388 ἐστι
812 5336 950 5400 τοὺς
989 5336 1307 5399 τοιούτους.
1342 5336 1500 5390 Forte
1529 5336 1621 5390 de-

118 5401 303 5457 lendum
351 5401 528 5457 fuerit
557 5404 677 5465 τοὺς
720 5406 1005 5467 τοιούτους.
1035 5404 1145 5457 Nisi
1178 5407 1440 5467 dicamus,
1483 5407 1626 5461 hunc

119 5476 452 5541 accusativum
482 5487 579 5541 pro
602 5475 930 5527 nominativo
957 5486 1291 5537 usurpatum,
1328 5486 1385 5528 ut
1414 5476 1467 5527 in
1501 5491 1623 5529 ver-

120 5538 284 5594 borum
331 5538 621 5609 activorum
679 5546 1075 5604 constructione
1114 5542 1227 5595 licri
1280 5543 1456 5609 solet;
1490 5560 1538 5595 v.
1566 5553 1618 5606 ε.

124 5620 224 5679 cum
253 5612 429 5666 dicunt
466 5607 578 5663 οἶδα
618 5612 723 5679 γάρ
752 5628 830 5673 σε,
865 5614 943 5663 ὅτι
972 5612 1123 5663 τοῦτο
1154 5607 1517 5679 Amineae,“
1549 5614 1623 5665 si-

124 5677 265 5753 milia.
292 5679 446 5735 Prius
469 5677 645 5753 tamen
670 5677 821 5753 illud,
854 5682 990 5753 apud
1036 5677 1364 5749 antiquiores
1405 5691 1458 5733 et
1483 5681 1621 5735 clas-

126 5747 261 5816 sicos,
283 5764 489 5812 vereor,
516 5756 571 5800 ut
595 5747 747 5803 facile
774 5747 1023 5816 reperias.

178 5814 272 5884 (l9)
302 5818 443 5873 Τάδε
468 5818 596 5871 τινὰ
620 5814 1030 5887 γινώσκουσιν.
1063 5816 1185 5875 Haec
1226 5819 1449 5875 omnino
1484 5837 1621 5888 παρ-

1721 1984 2009 2053 quidquam
2045 1994 2217 2053 potcSt
2249 2024 2266 2047 ,
2298 1985 2399 2038 hoc
2426 1994 2520 2037 aut
2556 1985 2682 2037 illttd
2716 1986 2813 2038 abs
2857 1984 2965 2037 Deo
2989 1984 3277 2053 impetrare

1721 2075 1837 2127 sine
1877 2076 2081 2129 ratione
2139 2076 2535 2130 contendimus.
2586 2075 2689 2128 Sed
2728 2090 2987 2145 quor-smn
3032 2074 3278 2143 pluribus

1719 2166 2020 2218 communis
2046 2165 2207 2234 hujus
2237 2166 2305 2219 de
2341 2165 2451 2218 fato
2498 2165 2603 2218 loci
2635 2205 2651 2228 ,
2695 2181 2853 2235 quem
2882 2166 3277 2219 inconsiderate

1717 2258 1910 2327 vulgus
1936 2258 2111 2310 adhuc
2134 2259 2410 2310 hominum
2438 2258 2604 2321 trivit,
2637 2258 2969 2326 impietatem
2998 2259 3279 2335 persequig

1721 2351 1880 2401 mur'!
1925 2346 2054 2401 Eam
2108 2349 2304 2415 quippe
2348 2340 2612 2415 superiori
2665 2350 2912 2402 oratione
2960 2334 3280 2403 informasse

1720 2446 1916 2489 satest.
1976 2435 2092 2489 Jatu
2126 2451 2273 2500 vero,
2303 2453 2425 2490 cum
2443 2437 2619 2491 locum
2650 2438 2797 2491 illum
2822 2440 3276 2506 expenderetnus,

1725 2546 1743 2576 ‹
1780 2526 1899 2579 Sint
1928 2527 2165 2601 insigna
2192 2527 2541 2591 luminaria,»
2598 2528 3053 2596 quemadmodum
3077 2528 3268 2580 ineant

1718 2620 2132 2688 diSputationcm
2159 2619 2361 2685 delapsi
2388 2618 2674 2684 fuerimus,
2699 2620 2857 2673 nobis
2877 2620 2926 2671 in
2957 2620 3273 2672 memoriam

1720 2726 2054 2765 revocemus.
2085 2710 2188 2774 Qui
2220 2710 2303 2763 vel
2334 2710 2515 2777 aliqua
2536 2709 2601 2763 de
2628 2726 2685 2763 re
2720 2711 2831 2764 veri
2878 2726 2933 2763 ei
2964 2709 3087 2763 aliis
3119 2710 3276 2777 quid-

1720 2805 1860 2873 piam
1914 2804 2233 2874 iutelligunt,
2266 2804 2346 2857 vel
2382 2804 2595 2871 ipsimet
2630 2804 2706 2855 rei
2755 2810 2916 2870 gesta:
2971 2801 3163 2854 oculati
3198 2811 3276 2853 te-

1721 2904 1830 2949 stes
1871 2891 2105 2959 fuerunt,
2151 2895 2183 2949 ii
2210 2892 2453 2962 profecto
2492 2906 2604 2945 rem
2658 2892 2869 2960 aperire
2900 2892 3107 2945 sincere
3137 2891 3276 2943 inte-

1718 3000 1919 3055 greque
1951 2997 2175 3053 possunt
2206 3004 2218 3038 :
2275 2987 2474 3055 quippe
2495 2983 2609 3053 qui,
2646 2984 2729 3035 vel
2755 2983 2899 3051 quod
2924 2997 3114 3050 passus
3140 2981 3276 3034 alter

1719 3074 1900 3139 fuerit,
1924 3076 2008 3129 vel
2035 3076 2178 3145 quod
2208 3076 2346 3129 idem
2372 3072 2676 3141 periecerit.
2708 3084 2799 3126 aut
2828 3074 2999 3149 oculis
3029 3073 3125 3141 ipsi
3158 3073 3274 3127 suis

1720 3168 2053 3236 usurparint,
2101 3176 2194 3220 aut
2231 3167 2461 3219 aliorum
2490 3166 2579 3235 qui
2621 3176 2796 3219 tamen
2822 3168 2895 3217 rei
2934 3180 3153 3217 causam
3181 3164 3275 3217 de-

1719 3257 1895 3311 derint
1918 3258 2139 3320 nullam,
2192 3258 2700 3310 commemoratione
2736 3258 3059 3322 acceperint.
3089 3257 3107 3321 (
3137 3253 3272 3306 lllud

1719 3350 1860 3403 enim
1892 3364 2022 3403 sane
2054 3352 2368 3402 omittamus
2400 3386 2415 3410 ,
2451 3347 2565 3400 fieri
2611 3326 2768 3416 posse
2792 3356 2902 3409 ,μοι
2941 3346 3034 3413 qui
3069 3345 3274 3413 aliquid

1720 3437 1801 3492 vel
1822 3438 1968 3506 passi
2004 3436 2204 3490 fuerint
2233 3478 2245 3497 ,
2280 3437 2361 3490 vel
2387 3436 2632 3499 fecerint,
2669 3450 2761 3488 eos
2790 3435 2973 3498 etiam,
3011 3433 3100 3501 qui
3137 3448 3272 3501 prae-

1723 3539 1903 3582 sentes
1936 3544 2038 3581 nou
2070 3526 2433 3591 interfuerint,
2472 3528 2783 3581 narratione
2829 3526 2929 3595 ipsi
2973 3540 3069 3578 sua
3111 3525 3278 3580 totius

1725 3619 1774 3671 in
1843 3618 1921 3675 rei
1972 3620 2331 3687 cognitionem
2408 3618 2757 3684 adducant.)
2813 3615 2869 3669 Si
2929 3618 3051 3684 quis
3103 3630 3274 3687 ergo,

1726 3723 2008 3782 postquam
2049 3713 2178 3766 certi
2236 3711 2436 3781 aliquid
2492 3721 2584 3765 aut
2617 3712 2863 3763 evenisse
2916 3690 3272 3776 quibusdamé

1721 3814 1815 3858 aut
1868 3814 2185 3859 eventurum
2229 3817 2348 3856 esse
2380 3841 2394 3865 ,
2440 3803 2508 3855 ab
2564 3803 2656 3854 illo
2703 3802 2791 3868 qui
2829 3799 2943 3865 ejus
2976 3813 3140 3851 causa
3169 3810 3275 3849 non

1722 3900 1840 3960 sit,
1894 3896 2167 3949 auditione
2231 3895 2532 3962 acceperit,
2573 3908 2677 3944 non
2728 3892 2926 3958 cogitet
2996 3889 3136 3958 apud
3193 3902 3273 3953 se,

1723 3987 1970 4057 quisqttis
2020 4001 2133 4040 rem
2194 3986 2495 4053 quamlibet
2558 3992 2651 4035 aut
2691 3992 2895 4052 gestam
2957 3995 3077 4033 esse
3112 4020 3127 4043 ,
3184 3985 3279 4033 aut

1722 4089 1929 4148 gestum
1976 4079 2040 4131 iri
2094 4079 2326 4141 doceat,
2386 4093 2493 4129 non
2550 4092 2672 4129 eum
2729 4075 2985 4129 continuo
3032 4072 3276 4140 ejusdem

1732 4172 1810 4225 rei
1845 4187 2063 4226 causam
2097 4186 2216 4224 esse
2246 4171 2324 4223 :is
2342 4184 2494 4233 sane,
2523 4169 2829 4238 quicunque
2856 4166 2935 4220 vel
2962 4165 3278 4221 faetutuali-

1722 4264 1849 4332 quid
1904 4262 1985 4316 vel
2043 4262 2282 4315 futurum
2335 4275 2453 4315 esse
2501 4262 2757 4329 aperiet,
2815 4260 2881 4312 ab
2943 4262 3131 4314 eodem
3184 4268 3279 4312 aut

1723 4356 2019 4425 profectum
2076 4354 2207 4407 illud
2261 4352 2741 4422 autprofeciurum
2769 4351 3095 4421 opinabitur,
3140 4350 3276 4404 falso

1725 4455 1900 4499 tamen
1933 4445 2260 4514 Opinabitur.
2308 4442 2482 4497 Veluti
2512 4444 2554 4498 si
2579 4444 2723 4513 quis,
2758 4442 2845 4497 ubi
2878 4458 2943 4496 ex
2964 4441 3275 4511 prophetico

1725 4537 2016 4603 volumine,
2060 4537 2201 4606 quod
2232 4535 2380 4589 Juda:
2414 4536 2705 4605 proditoris
2744 4534 2920 4588 scelus
2941 4534 3274 4599 exitiumque

1728 4631 2058 4698 praediceret,
2078 4628 2310 4681 futuram
2361 4629 2525 4681 totius
2554 4628 2628 4680 rei
2654 4628 2850 4681 seriem
2896 4622 3271 4687 intellexisset,

1727 4716 1967 4787 adeoque
1999 4735 2118 4772 cum
2145 4718 2258 4771 suis
2284 4716 2483 4770 factum
2510 4717 2685 4783 ipsum
2740 4715 2914 4768 oculis
2953 4713 3271 4776 intueretur,

1728 4805 1865 4861 idem
1899 4808 1952 4860 in
1976 4808 2221 4861 volumen
2255 4805 2512 4859 facinoris
2541 4819 2762 4858 causam
2792 4818 3007 4857 omnem
3031 4804 3277 4870 Culpam-

1726 4915 1831 4968 que
1855 4898 2125 4953 conferret
2158 4918 2169 4950 :
2199 4906 2310 4959 aut,
2338 4896 2383 4950 si
2410 4897 2592 4949 minus
2637 4895 2886 4947 volumen
2908 4934 2921 4957 ,
2953 4909 3073 4947 eum
3110 4903 3272 4958 certe,

1730 5005 1758 5042 a
1790 5006 1895 5059 quo
1929 4990 2158 5059 primum
2208 4988 2576 5056 conscriptum
2633 4987 2759 5040 illud
2800 4996 2971 5055 esset,
3019 5000 3111 5043 aut
3148 5003 3277 5041 vero

1730 5083 1893 5137 Deum
1920 5083 2113 5151 ipsum,
2141 5080 2296 5149 cujus
2325 5080 2551 5147 impulsu
2601 5094 2663 5133 ac
2704 5081 2922 5134 numine
2968 5080 3273 5149 prodiisset,

1727 5335 1899 5387 έλκειν
1932 5334 2202 5395 existimo,
2238 5350 2358 5387 cum
2387 5336 2499 5402 jam
2553 5337 2712 5404 paulo
2750 5328 2873 5390 ante
2920 5337 3276 5404 praecesserit,

1726 5404 2109 5472 ἀποφαίνονται
2140 5405 2262 5456 τάδε
2296 5404 2415 5458 τινὰ
2445 5406 2638 5473 ὑγειῶς
2658 5424 2670 5435 ·
2706 5418 2794 5459 aut
2844 5407 2887 5459 si
2920 5406 3033 5457 haec
3061 5420 3278 5473 quoque

1726 5475 1945 5592 getiueri
1992 5475 2190 5540 placet,
2228 5476 2567 5529 scribendum
2605 5486 2728 5528 aute
2754 5474 2915 5527 fuerit
2945 5475 3038 5525 καὶ
3069 5474 3131 5527 τὸ
3172 5477 3277 5530 πάο

1759 5560 1834 5592 ος.
1862 5553 1961 5592 etc.

1759 5560 1835 5604 ος,
1862 5553 1961 5595 etc.

1796 5613 1903 5679 (20)
1932 5613 2267 5677 Διακρίνων.
2306 5614 2423 5683 Γρ..
2448 5614 2903 5683 διακρίνομιιυοό
2936 5612 3106 5683 magis
3128 5630 3267 5683 pro-

1728 5695 1796 5752 no
1826 5699 1839 5733 :
1872 5682 2069 5748 alioqui
2101 5698 2225 5735 mox
2259 5682 2379 5752 post
2419 5686 2645 5737 alterum
2672 5682 2932 5752 οἰήσεται,
2968 5693 3059 5734 aut
3084 5682 3139 5734 δέ
3172 5686 3268 5738 tol-
3328 5706 3331 5713 -

1726 5750 1940 5821 tendum
1971 5753 2227 5813 videtur,
2251 5750 2703 5807 autsumendum
2742 5766 2837 5818 pro
2878 5751 2964 5821 δή,
2998 5754 3139 5820 quod
3172 5756 3273 5806 hoc

1726 5820 1843 5873 loco
1870 5820 2049 5873 minus
2071 5821 2321 5886 placeret.
