3976 6340
715 453 821 511 ι85

715 658 929 712 modum
952 658 1093 711 enim
1128 654 1397 721 conceptis
1428 668 1491 705 ac
1515 652 1729 705 disertis
1749 692 1763 715 ,
1796 653 1840 704 si
1863 665 1933 704 'ea
1968 649 2249 718 diligenter

714 750 1001 817 expendas,
1055 747 1214 799 istius
1240 745 1305 799 de
1337 744 1469 798 Juda
1532 742 1824 812 prophetiae
1857 741 2058 802 verbis,
2112 739 2264 793 Deus

716 840 860 893 omni
888 835 1204 907 proditionis
1235 834 1351 902 ejus
1383 834 1537 901 culpa
1564 832 1861 894 liberatur;
1897 831 2055 897 idque
2088 843 2252 881 unum

716 945 777 983 ex
802 930 909 982 illis
937 926 1131 979 auferri
1151 932 1343 994 potest,
1374 924 1539 976 Deum
1564 920 1705 990 quod
1735 920 1879 973 nulla
1911 919 1994 973 sui
2019 918 2253 973 numinis

717 1020 1114 1082 communione,
1164 1017 1279 1071 sola
1334 1014 1570 1068 hominis
1626 1011 1967 1080 improbitate
2013 1009 2251 1063 futurum

718 1112 889 1165 scelus
921 1118 1042 1162 ante
1071 1114 1415 1177 cognoverat,
1443 1102 1857 1172 praenuntiasse:
1892 1102 1964 1155 ita
1987 1100 2254 1169 profecto,

717 1201 962 1272 quisquis
987 1207 1039 1252 et
1062 1214 1180 1252 eam
1232 1198 1285 1249 in
1320 1193 1756 1263 disputationem,
1796 1206 1900 1261 qua
1937 1191 2043 1245 Deo
2074 1205 2256 1244 rerum

717 1294 955 1347 omnium
1009 1299 1314 1358 antegressa
1348 1286 1590 1355 ,cognitio
1629 1286 1904 1348 tributtur,
1956 1291 2010 1335 et
2067 1281 2121 1335 in
2173 1296 2256 1344 ea,

718 1385 912 1454 quibus
949 1397 1059 1437 sua:
1090 1379 1410 1450 c0guitionis
1461 1378 1611 1447 signa
1666 1375 1907 1445 quaedam
1952 1384 2004 1429 et
2054 1372 2258 1427 formas

720 1471 1279 1542 impresserit,“subire
1299 1469 1458 1523 altius
1492 1484 1554 1523 ac
1579 1465 1741 1538 284
1773 1472 2056 1535 penetrare
2076 1464 2259 1519 volue-

1335 448 1602 505 EUSEBII
1640 444 2109 504 CASSABIENSIS
2146 442 2293 499 OPP.
2336 442 2516 498 PARS
2553 441 2616 495 ll.
2657 473 2725 482 -—
2765 439 3258 497 APOLOGETICA.
3789 438 3868 492 £84

712 568 952 637 ejusdem
990 564 1220 636 perﬁdia
1250 566 1520 617 au’ctorem
1566 577 1684 617 esse
1710 562 1951 615 sentiret.
1983 559 2249 625 Quemad-

2372 574 2495 619 ιεως
2524 556 2612 609 νοῦ
2638 554 2770 609 Θεοῦ
2793 573 2807 586 ο
2834 557 2881 608 εί
2903 556 2959 608 δὲ
2979 555 3057 607 δεῖ
3082 556 3176 608 καὶ
3208 553 3316 608 ἀπὸ
3349 552 3456 604 τῶν
3487 548 3717 622 Γραφῶν
3752 551 3872 604 τοῦτο

2353 646 2716 718 παραστῆσαι,
2752 646 2974 717 πλήρεις
3006 644 3103 714 μέν
3128 646 3261 696 εἰσιν
3290 643 3343 695 αἱ
3376 643 3700 713 προφητεῖαι
3737 642 3873 693 toto}
3906 635 3913 713 l

2352 757 2457 791 των
2483 739 2932 809 παραδειγμάτων
2955 755 2967 767 ο
3003 740 3098 789 καὶ
3122 736 3257 806 μετὰ
3274 735 3371 806 τὴν
3406 734 3693 787 Σωσάνναν
3730 732 3779 785 δὲ
3804 734 3873 785 τοῦ

2352 831 2485 885 Θεοῦ
2526 830 2877 899 γινώσκοντος
2920 830 2988 883 τὰ
3016 831 3189 883 πάντα
3238 829 3367 899 πρὶν
3393 826 3659 896 γενέσεως
3711 824 3875 887 αὐτῶν,
3916 824 3917 863 l

2352 923 2489 976 οὕτω
2515 924 2799 992 λέγουσαν·
2838 943 2853 973 ι
2895 924 2951 975 Ὀ
2973 922 3100 985 Θεὸς
3130 920 3239 991 (21)
3266 920 3293 971 δ
3320 918 3555 981 αἰώνιος,
3588 919 3617 969 ὁ
3641 916 3746 969 τῶν
3775 934 3879 987 κρυ-

2354 1013 2503 1067 πτῶν
2524 1014 2785 1083 γνώστης,
2820 1016 2847 1065 δ
2880 1012 3030 1075 είδὼς
3056 1011 3124 1064 τὰ
3145 1011 3318 1063 πάντα
3345 1009 3475 1080 πρὶν
3518 1008 3783 1076 γενέσεως
3806 1007 3884 1059 αὖ·

3911 640 3913 713 l

3914 726 3915 773 l

3921 1070 3923 1156 l

2352 1109 2479 1171 τῶν,
2520 1110 2583 1162 σὺ
2626 1109 2928 1169 ἐπίστασαι,
2971 1108 3050 1160 δτι
3080 1107 3247 1176 ψευδῆ
3282 1124 3381 1176 μου
3416 1105 3884 1177 κατεμαρτύρησαν

2354 1198 2512 1256 οὗτοι.
2551 1220 2569 1252 ι
2608 1201 2919 1269 Σαφέστατα
2951 1200 3007 1253 δὲ
3033 1203 3089 1252 ὲν
3117 1202 3183 1269 τῇ
3201 1199 3355 1268 τρίτῃ
3376 1197 3481 1249 τῶν
3507 1195 3795 1249 Βασιλειῶν
3813 1196 3887 1252 καὶ

2354 1291 2521 1361 ὄνομα
2551 1290 2913 1360 βασιλεύοντος
2952 1302 2975 1329 ιι
3006 1289 3097 1341 καὶ
3123 1286 3343 1357 πράξεις
3363 1287 3774 1357 ἀνεγράφησαν,
3803 1286 3889 1357 πρ)

2356 1381 2610 1434 πλειόνων
2635 1380 2767 1434 ἐτῶν
2792 1380 2885 1432 τοῦ
2914 1379 3184 1447 γενέσθαι,
3210 1377 3660 1448 προφητευόμενα
3702 1375 3885 1439 οὕτως’

2364 1494 2382 1525 ‹
2410 1474 2517 1525 Kal
2545 1474 2794 1541 ἐποίησεν
2838 1471 3112 1541 Ἰεροθοὰμ
3142 1471 3330 1542 ἑορτὴν
3353 1471 3409 1541 ἐν
3432 1469 3507 1539 τῷ
3556 1469 3688 1539 μηνὶ
3720 1468 3793 1539 τῷ
3814 1468 3891 1536 δῖ·
3930 1468 3933 1553 il

720 1566 811 1629 rit,
842 1564 1097 1633 intelliget
1150 1563 1261 1631 ipse
1307 1561 1587 1624 continuo,
1636 1574 1742 1613 non
1790 1558 1864 1611 illi
1907 1557 2115 1626 utique,
2165 1555 2257 1623 qui

720 1654 1056 1724 praenoverit,
1087 1664 1179 1706 aut
1205 1652 1270 1707 iis
1299 1652 1428 1721 ipsis
1452 1650 1632 1714 rebus,
1648 1662 1767 1716 quae
1784 1644 2130 1716 praanOtionis
2145 1645 2261 1715 ejus

724 1745 923 1799 formas
944 1742 1204 1813 quasdam
1240 1752 1502 1810 notasque
1534 1737 1863 1809 susceperint
1924 1750 2262 1805 eorum,qua3

722 1835 1061 1906 praenoverit,
1113 1848 1335 1888 causam
1383 1847 1501 1886 esse
1547 1828 1901 1885 tribuendam.
1941 1825 2059 1881 Jam
2109 1841 2257 1892 vero,

2372 1838 2480 1899 ταῖς
2504 1835 2794 1905 δαμάλεσιν
2825 1833 2958 1903 (26),
2983 1828 3069 1895 αἷς
3091 1832 3359 1902 εποίησεν.
3391 1850 3408 1883 ι
3444 1828 3573 1884 Εἶτα
3592 1835 3712 1902 μετ’
3739 1832 3890 1898 ὀλίγα’
3940 1846 3941 1853 ‘

724 1900 979 1996 quidquid
1033 1923 1318 1992 aliquando
1374 1921 1613 1976 futurum
1647 1930 1763 1983 est,
1802 1918 1853 1972 id
1879 1933 2039 1974 omne
2096 1918 2259 1972 Deum

2372 1944 2389 1977 t
2427 1927 2537 1980 Kal
2574 1900 2681 1977 ίδοὺ
2706 1900 2985 1994 ἄνθρωπος
3012 1922 3104 1975 τοῦ
3132 1900 3263 1975 Θεού
3300 1922 3359 1988 ἐξ
3400 1923 3562 1977 Ἰούδα
3585 1900 3895 1995 παρεγένετο
3942 1932 3943 1971 l

725 2017 895 2073 multo
919 2025 1041 2069 ante
1059 2013 1298 2068 futurum
1328 2025 1619 2081 praenosse,
1662 2019 1718 2062 ut
1744 2007 2034 2076 Scriptum
2053 2006 2267 2061 abesset

2372 2021 2422 2071 ὲν
2443 2017 2583 2087 λόγῳ
2628 2016 2830 2085 Κυρίου
2870 2017 2926 2067 ὲν
2955 2014 3184 2085 Βαιθὴλ,
3235 2016 3329 2067 καὶ
3364 2013 3645 2084 Ὶεροεοὰμ
3678 2015 3896 2083 εἱστήκει
3944 2020 3945 2051 l

2357 1564 2459 1634 δόῳ
2491 1562 2619 1633 (22),
2650 1564 2703 1615 ἒν
2726 1565 2791 1633 τῇ
2828 1564 3049 1633 πέμτπῃ
3073 1562 3165 1614 καὶ
3184 1561 3379 1631 δεκάτῃ
3398 1560 3577 1631 ἡμέρα
3598 1559 3693 1613 τοῦ
3723 1561 3888 1631 μηνὸς,
3934 1588 3935 1613 l

2359 1655 2497 1710 κατὰ
2516 1655 2611 1725 τὴν
2636 1655 2823 1725 ἑορτὴν
2841 1654 2950 1726 (25)
2975 1656 3072 1725 τὴν
3100 1656 3238 1723 ὲνγῇ
3272 1652 3435 1705 Ἰούδα
3453 1652 3583 1720 (24).
3614 1653 3725 1705 Καὶ
3748 1652 3892 1723 ἀνέθη
3936 1674 3937 1705 l

2360 1746 2452 1798 ἐπὶ
2478 1744 2538 1796 τὸ
2562 1745 2938 1815 θυσιαστήριον
2959 1743 3019 1794 τὸ
3048 1744 3103 1794 ὲν
3137 1741 3335 1812 Βαιθὴλ
3364 1741 3496 1811 (25),
3522 1741 3550 1793 ὅ
3579 1742 3826 1811 ἐποίησεν
3847 1744 3892 1794 ὲν
3938 1760 3939 1791 l

726 2108 1022 2163 auctoritas
1047 2146 1062 2171 ,
1096 2105 1178 2158 vel
1208 2105 1433 2173 ipsamet
1463 2118 1529 2155 ex
1565 2100 1654 2154 Dei
1694 2101 1911 2153 notione
1943 2099 1986 2152 is
2026 2096 2270 2167 profecto

727 2198 944 2253 demum
975 2196 1255 2264 intelligat,
1279 2194 1370 2263 qui
1398 2193 1564 2261 probe
1595 2192 1701 2244 vim
1744 2191 1892 2257 illam
1926 2198 1977 2243 et
2004 2189 2270 2244 excellen-

730 2292 858 2345 tiam
912 2288 1105 2343 divina:
1138 2286 1329 2339 mentis
1382 2283 1643 2351 intelligit.
1675 2282 1730 2335 Si
1764 2291 1943 2336 tamen
1990 2295 2265 2335 sacrarum

728 2394 945 2452 quoque
987 2378 1283 2432 litterarum
1340 2374 1669 2429 testimoniis
1725 2388 1842 2427 eam
1876 2372 1928 2448 in
1970 2387 2079 2425 rem
2134 2385 2269 2440 opus

728 2480 832 2537 est,
865 2471 1032 2540 plenae
1057 2476 1182 2523 sunt
1203 2467 1571 2535 exemplorum
1604 2464 1655 2517 id
1685 2478 1852 2533 genus
1891 2463 2269 2531 prophetarum

729 2575 924 2625 voces;
953 2553 1176 2628 ipsaque
1204 2556 1337 2609 adeo
1364 2554 1609 2609 Susanna
1641 2567 1818 2606 rerum
1844 2552 1892 2605 ei
1915 2551 2271 2621 cognitionem

731 2651 972 2706 omnium
1004 2649 1090 2703 his
1117 2647 1297 2701 verbis
1345 2644 1622 2700 asseruit:
1672 2660 1692 2694 ι
1739 2643 1879 2697 Deus
1918 2653 2132 2709 :rterne,
2181 2644 2269 2711 qui

733 2739 1167 2796 absconditorum
1218 2753 1277 2791 es
1334 2736 1576 2806 cognitor
1605 2774 1620 2800 ,
1649 2734 1755 2803 qui-
1792 2732 1932 2786 nosti
1958 2732 2273 2794 omnia,an-

733 2840 948 2901 tequam
1017 2829 1167 2893 ﬁant,
1225 2836 1283 2879 tu
1339 2826 1467 2888 scis,
1502 2824 1759 2894 quoniam
1806 2821 1999 2875 falsum
2038 2820 2275 2875 testimo-

732 2923 881 2977 nium
942 2920 1177 2973 tulerunt
1218 2927 1401 2973 contra
1430 2931 1515 2971 me
1549 2916 1657 2968 υ.»
1710 2913 1782 2969 Ac
1846 2911 2047 2982 Regum
2118 2911 2272 2964 tertio

732 3009 874 3080 regis
903 3010 1072 3079 ipsms
1104 3022 1318 3071 nomen,
1358 3020 1551 3074 resque
1580 3004 1646 3057 ab
1669 3014 1941 3072 eogestas,
1971 2999 2151 3055 multis
2178 3016 2274 3054 an-

733 3109 789 3154 te
815 3098 993 3163 annis,
1046 3113 1207 3167 quam
1238 3097 1409 3150 lucem
1439 3095 1757 3164 aSpicerent,
1802 3094 1945 3146 hunc
1976 3094 2029 3145 itt
2058 3091 2271 3145 modum

736 3176 1036 3244 clarissime
1056 3194 1207 3240 vates
1242 3183 1454 3237 divinus
1486 3181 1750 3250 expressit
1784 3198 1797 3233 :
1834 3198 1853 3230 r
1882 3178 2275 3248 Constituitque

734 3278 1019 3335 Jeroboam
1051 3278 1193 3332 diem
1234 3274 1530 3328 solemnem
1564 3272 1619 3325 in
1649 3286 1836 3325 mense
1870 3282 2079 3338 octavo,
2114 3272 2275 3340 quin-

736 3371 999 3427 tadecima
1050 3369 1137 3423 die
1187 3367 1419 3433 mensis,
1462 3366 1520 3420 in
1567 3363 1971 3419 similitudinem
2025 3362 2281 3419 solemni-

809 3481 855 3514 ἰ
893 3480 1029 3536 Dan.
1061 3494 1185 3545 xm,
1212 3479 1265 3533 4.

809 3605 838 3634 ι
865 3592 949 3646 Ia.
987 3589 1403 3663 βασιλεύσοντος.

812 3704 923 3774 (21)
960 3703 1207 3774 ’0-Θεός,
1257 3701 1356 3774 En
1389 3710 1476 3767 ut,
1512 3700 1757 3774 Origenis
1791 3700 1951 3753 etiam
1985 3707 2172 3774 aetate,
2193 3699 2283 3753 illa

743 3771 1006 3830 Susanna:
1026 3772 1246 3827 historia
1270 3771 1615 3832 θεόπνευστος
1645 3772 1903 3823 habeatur
1928 3788 1940 3822 :
1969 3784 2075 3822 non
2106 3772 2285 3823 minus

742 3853 886 3898 certe
908 3841 1145 3909 quidem,
1176 3856 1335 3909 quam
1381 3842 1501 3895 libri
1542 3848 1962 3909 consequentes,
1993 3840 2285 3909 exquibus

743 3858 886 3898 certe
944 3858 1145 3903 utaem,
1176 3858 1335 3909 quam
1381 3858 1501 3895 ttnrt
1542 3858 1962 3906 consequentes,
1993 3858 2058 3892 ex
2088 3858 2285 3907 qUIDUS

743 3914 884 3967 idem
908 3858 1169 3979 ‘Drigenes
1212 3911 1515 3963 testimonia
1572 3906 1836 3979 producit.
1880 3906 1986 3962 Nec
2015 3907 2164 3979 ullus
2201 3908 2285 3960 hic

745 3977 1050 4036 straminea:
1074 3988 1388 4032 novatorum
1424 3977 1754 4032 distinctioni
1783 3979 1965 4041 locus;
1998 3977 2123 4028 dum
2148 3991 2285 4043 quos

744 4051 849 4119 ipsi
878 4063 1154 4119 sacrorum
1183 4063 1214 4100 e
1242 4061 1466 4100 numero
1490 4049 1663 4119 libros~
1694 4055 2024 4115 expungunt,
2042 4060 2115 4119 ex
2145 4047 2210 4119 iis
2240 4046 2286 4119 si

785 4119 875 4173 uid
906 4133 937 4171 a
969 4115 1215 4170 Patribus
1266 4126 1516 4185 tanquam
1558 4131 1588 4169 e
1630 4112 1905 4183 Scriptura
1939 4112 2285 4185 proferri__vi-

785 4135 875 4173 uta
906 4135 937 4171 a
969 4135 1215 4170 ratrtnus
1266 4135 1516 4185 tanquam
1558 4135 1588 4169 e
1630 4135 1905 4183 Scriptura
1939 4135 2163 4182 pruiern
2205 4135 2285 4164 νι-

746 4135 925 4251 ﬂeant,
957 4186 1285 4255 Scripturam
1336 4186 1514 4239 vocari
1557 4186 1848 4255 excipiunt,
1897 4198 2015 4251 quae
2050 4182 2287 4255 moribus

749 4252 1101 4309 iniormandis
1125 4264 1246 4323 apta
1273 4255 1362 4320 sit,
1404 4270 1509 4307 non
1556 4252 1782 4307 decretis
1829 4255 1950 4306 lidei
1981 4252 2287 4323 sanciendis

750 4325 959 4378 idonea.
991 4322 1232 4377 Ridicule
1268 4326 1320 4377 id
1363 4324 1576 4393 quidem
1610 4339 1623 4373 :
1671 4323 1769 4377 hac
1810 4324 1951 4376 enim
1994 4322 2284 4393 calumnia,

749 4394 881 4446 nulli
912 4406 1020 4446 non
1049 4393 1333 4461 Scripturae
1359 4390 1498 4459 parti
1540 4392 1671 4446 ﬁdes
1696 4392 1940 4461 abrogari
1970 4400 2149 4461 queat.
2169 4390 2287 4461 Sed

749 4471 947 4527 tamen,
978 4462 1065 4516 hic
1106 4459 1267 4515 etiam
1300 4461 1366 4514 ab
1395 4461 1619 4529 Origene
1654 4459 1852 4514 divinae
1877 4460 2113 4514 scientia:
2158 4459 2288 4513 ﬁdes

2364 2109 2459 2160 ἐπὶ
2491 2107 2549 2160 τὸ
2574 2106 2950 2178 θυσιαστήριον
2977 2104 3138 2159 αὐτοῦ
3182 2104 3452 2157 έπιθύσαι.
3508 2104 3614 2158 Καὶ
3653 2104 3898 2157 ἐπεκάλε-
3946 2106 3947 2115 “

2368 2217 2458 2252 σεν
2485 2200 2574 2251 ἐπὶ
2614 2199 2675 2251 τὸ
2708 2197 3081 2267 θυσιαστήριον
3116 2199 3171 2249 ὲν
3210 2196 3353 2265 λόγῳ
3382 2196 3608 2266 Κυρίου,
3638 2197 3734 2249 καὶ
3760 2191 3896 2248 εἵπεθ

2366 2291 2773 2361 Θυσιαστήριον,
2795 2288 3050 2357 θυσιαστή
3061 2304 3190 2357 ριον.
3208 2286 3329 2340 τάδε
3354 2286 3497 2353 λέγει
3515 2286 3721 2358 Κύριος
3739 2304 3752 2315 ·
3784 2287 3898 2339 Ἰδοὺ

2369 2384 2481 2444 υἱὸς
2503 2382 2739 2434 τίκτεται
2772 2378 2847 2449 τῷ
2878 2380 3008 2447 οἴκῳ
3049 2378 3236 2440 Δαϐὶδ,
3276 2378 3479 2442 Ἰωσίας
3524 2379 3691 2450 δνομα
3746 2379 3897 2449 αὐτῷ,

2370 2472 2463 2525 καὶ
2496 2471 2642 2524 θύσει
2680 2470 2773 2524 ἐπὶ
2812 2470 2869 2522 σὲ
2921 2471 3042 2531 τοὺς
3076 2470 3233 2539 ἱερεῖς
3264 2469 3369 2522 τῶν
3416 2470 3633 2539 ὑψηλῶν
3656 2470 3767 2523 τῶν
3796 2471 3899 2522 ἑπι-

2370 2562 2599 2615 θυὸντων
2626 2563 2717 2614 ἐπὶ
2746 2561 2826 2623 σὲ,
2850 2559 2942 2613 καὶ
2968 2560 3099 2611 ὀστᾶ
3127 2558 3422 2630 ἀνθρώπων
3463 2559 3656 2612 καύσει
3694 2560 3787 2613 ἐπὶ
3833 2560 3900 2613 σέ.

2370 2656 2478 2706 Καὶ
2508 2652 2699 2705 ἔδωκεν
2734 2652 2789 2703 ὲν
2818 2654 2883 2721 τῇ
3106 2650 3288 2720 ἐκείνῃ
3310 2651 3491 2720 τέρας,
3515 2650 3687 2719 λέγων
3705 2667 3721 2681 ο
3754 2650 3906 2704 Τοῦτο

2368 2746 2427 2797 τὸ
2453 2746 2613 2815 τέρας
2632 2743 2660 2795 ὅ
2684 2743 2905 2811 ὲλάλησε
2931 2741 3130 2812 Κύριος
3149 2740 3317 2809 λέγων
3334 2759 3347 2771 ·
3383 2742 3508 2794 Ἰδοὺ
3539 2743 3601 2795 τὸ
3625 2742 3905 2814 θυσιαστή·

2372 2852 2485 2904 ριον
2512 2835 2789 2903 ῥήγνυται,
2809 2834 2901 2886 κα)⁵
2916 2832 3269 2903 ἐκχυθήσεται
3295 2833 3581 2903 ἡπιότηςή
3610 2834 3699 2887 ἐπ’
3716 2834 3901 2904 αὐτῷ.»

2371 2926 2480 2977 Καὶ
2528 2927 2639 2995 μετ’
2667 2923 2820 2991 ὀλίγα
2862 2922 3141 2993 δηλοῦται,
3192 2924 3271 2975 ὅτι
3304 2924 3396 2975 καὶ
3434 2924 3495 2975 τὸ
3538 2924 3906 2995 θυσιαστήριον

2372 3015 2607 3087 ὲρρὶηή,
2655 3015 2744 3069 καὶ
2774 3014 2996 3086 ἐξεχύθη
3035 3016 3067 3085 ή
3100 3014 3285 3084 πιότης
3308 3014 3418 3085 (27)
3446 3015 3553 3067 ἀπὸ
3595 3016 3691 3068 τού
3734 3016 3907 3068 θυσια-

2375 3110 2590 3180 στηρίου
2625 3108 2763 3162 κατὰ
2789 3108 2849 3160 τὸ
2869 3107 3051 3177 τέρας,
3074 3107 3101 3159 ὃ
3124 3106 3320 3160 ἔδωκεν
3342 3107 3370 3157 ὁ
3391 3105 3674 3177 ἄνθρωπος
3703 3110 3762 3160 ὲν
3783 3108 3909 3176 λόγῳ

2301 3230 2343 3288 C
2374 3201 2595 3271 Κυρίου.
2623 3200 2729 3252 Καὶ
2761 3201 2817 3252 ὲν
2852 3197 2928 3267 τῷ
2973 3198 3166 3267 Ἡσαΐᾳ
3192 3196 3463 3267 γενομένῳ
3484 3198 3590 3268 πρὸ
3613 3198 3805 3251 πολλοῦ
3822 3197 3911 3264 τῆς

2375 3291 2738 3360 αἰχμαλωσίας
2781 3289 2876 3358 τῆς
2927 3290 3005 3351 είς
3044 3289 3353 3354 Βαϐυλῶνα,
3389 3288 3503 3359 μεθ’
3529 3290 3596 3361 ἦν
3642 3290 3908 3361 αίχμαλω-

2380 3379 2498 3433 σίαν
2526 3379 2744 3449 ὕστερόν
2776 3394 2903 3430 ποτε
2923 3377 3126 3446 γίνεται
3162 3376 3338 3448 Κῦρος
3368 3379 3395 3430 ὁ
3422 3378 3646 3449 Περσῶν
3677 3378 3909 3448 βασιλεὺς

2381 3705 2520 3758 diem
2571 3702 2744 3756 octavi
2780 3702 2994 3757 ‘mensis
3032 3702 3297 3757 decimum
3350 3700 3598 3770 quintum
3648 3698 3911 3770 delegerit.

2382 3773 2514 3826 Nam
2561 3771 3051 3825 Tabernaculorum
3094 3769 3379 3824 celebritas
3418 3785 3485 3839 eo
3528 3769 3751 3823 Levitici
3806 3769 3914 3839 loco

2382 3850 2588 3896 tantum
2628 3842 2946 3905 instituitur,
2991 3850 3049 3893 ut
3100 3842 3303 3893 discant
3354 3837 3545 3906 posteri
3594 3839 3791 3907 (verba
3831 3837 3915 3892 Dei

2384 3910 2538 3978 sunt)
2580 3910 2713 3979 quod
2758 3912 2829 3979 in,
2865 3909 2906 3962 Τ
2909 3911 3230 3964 abernaculis
3278 3908 3763 3979 ΙηιὺὶιαηξῙεεεινὶιηΔ
3778 3907 3915 3979 ﬂio:

2386 3976 2724 4043 Israel,'cum
2757 3978 3031 4043 _educerem
3072 3994 3156 4031 eos
3199 3980 3261 4030 de
3300 3988 3436 4030 terra
3462 3976 3705 4046 £gypti.
3746 3976 3915 4029 Malim

2385 4050 2624 4113 omnino,
2660 4049 2845 4102 altaris
2882 4048 3267 4101 dedicationem
3308 4062 3336 4101 a
3372 4046 3662 4101 Salomone
3687 4046 3915 4101 celebra-

2385 4127 2492 4171 tam
2524 4118 2837 4187 intelligere,
2864 4118 2984 4185 ‘qua:
3013 4126 3199 4171 octavo
3236 4117 3325 4170 die
3365 4116 3575 4187 septimi
3609 4116 3812 4169 mensis
3843 4114 3917 4166 in-

2385 4188 2595 4249 choata,
2632 4186 3037 4239 advicesimum
3069 4187 3361 4239 secundum
3385 4186 3647 4253 perducta
3672 4196 3791 4247 est.
3820 4197 3917 4252 quo

2384 4257 2547 4309 etiam
2572 4256 3057 4309 Tabernaculorum
3081 4255 3363 4308 celebritas
3390 4254 3761 4308 claudebatur.
3789 4253 3918 4322 Lege

2386 4324 2430 4377 ll
2492 4324 2621 4392 Reg.
2674 4339 2803 4388 vm,
2865 4334 2917 4377 et
2961 4324 3282 4392 Paralipom.
3339 4338 3448 4387 vn,
3482 4324 3571 4376 ubi
3620 4339 3763 4377 vers.
3800 4324 3915 4377 9de

2388 4392 2973 4455 Salomone‘habetur,
3008 4394 3227 4461 fecitque
3270 4393 3353 4445 die
3402 4403 3581 4446 octavo
3628 4393 3915 4455 collectam,

2387 4479 2445 4515 eo
2476 4464 2611 4532 quod
2658 4462 2946 4515 dedicasset
2997 4463 3166 4514 altare
3198 4471 3387 4528 septem
3426 4461 3631 4527 diebus,
3668 4472 3717 4515 et
3744 4466 3917 4515 solem—

750 4534 1038 4597 asseritur;
1088 4532 1252 4599 quod,
1303 4528 1512 4597 opinor,
1564 4544 1629 4583 ex
1675 4531 1904 4584 decretis
1958 4528 2064 4582 illis
2116 4543 2284 4582 unum
2318 4577 2359 4599 η
2390 4528 2604 4584 ηξιιὶιεηι
2631 4532 2931 4584 celebrasset
2955 4532 3132 4583 diebus
3163 4540 3372 4599 septem.

748 4577 977 4665 again
1019 4577 1629 4655 autr'a‘dmaaams;
1648 4577 2082 4667 δῖιῖιξὶίιὶῖιίιίιῖιίι
2121 4577 2286 4667 {16337-
2316 4577 2360 4629 Ι)

749 4674 898 4725 bunL

819 4739 928 4809 (22)
958 4738 1111 4806 Μηνὶ
1142 4736 1221 4801 τῷ
1248 4737 1449 4803 ὀγδόῳ.
1494 4736 1662 4801 Quem
1703 4738 1815 4805 ipse
1846 4752 2087 4809 mensem
2118 4736 2288 4809 ﬁnxe-

751 4805 838 4862 rat
868 4805 933 4861 de
959 4805 1118 4861 corde
1151 4821 1278 4870 suo,
1310 4815 1368 4859 ut
1416 4809 1655 4873 sequenti
1706 4823 1861 4860 versu
1900 4806 2099 4859 diserte
2144 4805 2289 4861 Scri-

792 4888 908 4931 tura
951 4877 1184 4944 loquitur
1216 4893 1228 4928 :
1258 4876 1308 4927 id
1346 4884 1447 4937 est,
1480 4890 1637 4942 quem
1667 4875 2002 4945 αὐτομάτως,
2035 4876 2287 4944 nulloque

787 4947 1054 4998 udaaorutn
1096 4946 1369 5013 exemplo,
1404 4959 1496 5011 per
1526 4958 1644 5013 sese
1696 4946 2017 5009 instituerat,
2064 4954 2123 4997 ut
2170 4947 2287 5012 ejus

753 5016 838 5069 die
865 5014 929 5065 15
959 5013 1133 5079 impiae
1164 5012 1579 5067 consecratiOnis
1608 5012 1797 5065 festum
1827 5014 2141 5073 celebratur,

822 5083 928 5153 (23)
953 5082 1111 5153 Κατὰ
1135 5080 1245 5146 τὴν
1268 5081 1495 5153 ἑορτήν)
1517 5080 1666 5153 Quod
1693 5083 1905 5134 tandem
1937 5083 2129 5153 festum
2160 5080 2287 5153 illud

754 5149 866 5217 est,
912 5149 1072 5220 cujus
1116 5153 1415 5217 exemplum
1462 5149 1814 5203 Jeroboamus
1858 5152 2129 5220 sequitur?
2169 5150 2288 5203 Non

754 5219 1238 5291 placetdStdtcpopov
1277 5220 1543 5291 quoddam
1592 5220 1847 5291 intelligi,
1892 5219 2037 5291 quod
2085 5221 2285 5291 nullam

756 5288 878 5344 cum
933 5290 1035 5343 ista
1080 5289 1409 5341 dedicatione
1462 5288 1766 5342 afﬁnitatem
1817 5289 2080 5343 habuerit.
2127 5288 2289 5342 Addit

756 5360 897 5426 enim
931 5357 1222 5426 Scriptura,
1258 5358 1335 5426 ina
1354 5358 1750 5411 similitudinem
1779 5358 2152 5421 salemnitatis,
2177 5368 2281 5412 etc.

759 5425 973 5480 Frustra
1030 5424 1666 5495 quoqueAEucaaniorum
1735 5429 1823 5481 hic
1875 5443 1904 5479 a
1967 5429 2284 5495 quibusdam

760 5498 955 5548 mentio
987 5492 1065 5559 ﬁt,
1100 5492 1217 5563 quae
1255 5492 1626 5565 Jcroboamus,
1660 5507 1809 5549 tanto
1848 5497 1953 5549 illis
1968 5492 2281 5565 iantiquior,

759 5566 996 5633 cOgitare
1018 5562 1123 5617 non
1154 5566 1344 5633 potuit.
1375 5562 1709 5619 Probabilius
1736 5568 1824 5619 alii
1850 5569 1915 5619 de
1943 5562 2285 5619 Tabernacu-

759 5632 933 5686 lorum
980 5632 1112 5686 [esto
1146 5632 1442 5699 accipiunt,
1489 5634 1643 5701 cujus
1690 5636 1898 5687 initium
1957 5637 2023 5687 ab
2073 5636 2284 5702 septimi

762 5702 959 5754 mensis
981 5703 1185 5769 decimo
1218 5703 1406 5769 quinto
1434 5702 1519 5754 die
1545 5705 1855 5767 ducebatur,
1883 5704 2005 5757 Lev.
2039 5720 2192 5765 unt,
2217 5706 2284 5757 54

760 5783 814 5823 et
841 5785 952 5837 seq.
984 5768 1092 5822 Nec
1122 5768 1295 5822 tamen
1323 5771 1453 5825 satis
1484 5772 1655 5837 video,
1693 5787 1853 5837 quam
1896 5774 2039 5825 illius
2088 5775 2282 5826 simili-

761 5841 997 5895 tudinem
1037 5837 1381 5895 Jeroboamus
1420 5842 1773 5908 expresserit,
1810 5842 1911 5897 nisi
1952 5842 2105 5907 forte,
2138 5845 2277 5907 quod

2458 4602 2565 4669 (24)
2621 4602 2712 4652 Ἐν
2753 4599 2828 4668 γῇ
2884 4601 3084 4653 Ἰούδα.
3138 4596 3351 4654 Rectius
3395 4602 3453 4652 ὲν
3499 4599 3576 4668 τῷ
3615 4598 3803 4669 Ἰούδᾳ.
3851 4596 3919 4651 lla

2387 4667 2529 4725 enim
2562 4686 2625 4723 ex
2659 4667 2816 4723 Hebr.
2850 4671 3212 4738 Septuaginta,
3241 4680 3293 4722 et
3322 4667 3616 4738 Vulgatmin
3648 4667 3813 4723 Iuda.

2457 4740 2565 4809 (25)
2614 4737 3064 4809 Θυσιαστήριοκ
3100 4738 3165 4809 τὸ
3216 4739 3285 4791 ἐν
3336 4737 3495 4809 Buta.
3544 4737 3919 4809 Reponendutn

2387 4802 2614 4870 videtur,
2667 4820 2723 4860 ut
2769 4816 2850 4860 est
2910 4802 3048 4876 apud
3099 4806 3376 4875 Septuag.,
3434 4802 3840 4876 θυσιαστήριον,
3895 4802 3919 4855 ὂ

2385 4879 2721 4946 ἐποίησενηὲν
2741 4876 2975 4946 Βαιθὴλ,
3002 4876 3091 4929 τοῦ
3140 4877 3285 4929 θύειν
3318 4878 3435 4939 ταῖς
3479 4876 3791 4944 δαμάλεσιν,
3824 4884 3918 4946 etc.

2386 4944 2542 5001 Certe
2566 4945 2657 4998 τοῦ
2692 4945 2835 4998 θύειν
2864 4944 2959 4999 nec
2981 4947 3153 4999 omitti
3188 4954 3379 5012 potest,
3410 4947 3586 5014 necjn
3614 4944 3920 5014 particulam

2387 5018 2444 5068 ὲν
2473 5018 2588 5067 sine
2621 5015 2820 5083 ﬂagitio
2848 5016 3063 5067 mutari.
3099 5002 3265 5067 Porro
3289 5002 3745 5084 vulgat.gi_nterpr.
3777 5028 3869 5081 pro
3897 5012 3922 5061 δ

2386 5086 2635 5167 εποίησεν
2666 5082 2841 5162 habet,
2871 5086 3115 5167 similiter
3140 5084 3267 5167 fecit
3281 5082 3831 5167 ,.ut"in‘Hebr.:

2387 5154 2439 5206 id
2470 5151 2573 5217 est,
2604 5154 2813 5219 opinor,
2845 5162 2904 5205 ut
2934 5154 3047 5221 fieri
3076 5154 3268 5222 solebat
3299 5154 3353 5204 in
3379 5151 3543 5206 Iuda.
3580 5151 3921 5222 Septuagin'ta

2384 5238 2524 5303 vero
2544 5218 3020 5275 subintellexerunt
3050 5223 3103 5273 in
3142 5218 3300 5274 Hebr.
3337 5230 3489 5289 Ὃκ,
3518 5218 3691 5300 quod}.
3709 5229 3771 5274 ut
3790 5218 3921 5296 'alibi

2420 5307 2606 5345 assrm.

2382 5307 2709 5430 pazggf.’l§r
2737 5359 2864 5422 ταῖς
2902 5359 3249 5430 δαμάλεσιν.
3301 5360 3377 5413 Ita
3417 5358 3670 5430 SBJ‘F‘S'
3719 5357 3917 5430 vulg“:

2386 5424 2561 5483 autem
2616 5431 2667 5482 in
2721 5424 2989 5492 mascul.,
3029 5428 3206 5498 vitglis
3263 5444 3409 5498 quas.
3461 5424 3596 5498 _Vide
3623 5424 3920 5498 Inotasiad

2384 5480 2667 5619 ᾑρέθη,
2690 5480 2889 5553 una;
2923 5480 3345 5574 Air'wﬁgyiptio,
3368 5480 3424 5551 et
3460 5480 3915 5555 nausiantis.

2388 5583 2418 5619 Ι)
2444 5585 2521 5619 UH
2546 5586 2580 5619 ).
3167 5612 3180 5619 -

2444 5585 2580 5620 υΓΙΙ).
3167 5612 3180 5626 ι

2384 5583 2667 5707 Ρηξὲῗ)’Ἡ
2712 5638 2937 5701 πιότης.
2992 5634 3063 5688 Ut
3109 5612 3398 5707 septuag.,
3445 5632 3669 5707 Ygulgat.
3713 5644 3917 5707 autem.

2385 5704 2554 5827 ;’
2596 5706 2753 5762 Hebr.
2790 5714 2922 5771 "mn,
2950 5708 3112 5773 quod
3151 5704 3393 5761 cinerem
3415 5704 3738 5783 adipemque
3768 5704 3919 5772 signi-

2424 5786 2525 5828 cat.
