3976 6340
695 456 798 509 487

1321 450 1590 508 EUSEBH
1627 447 2104 505 CAESARIENSIS
2139 446 2288 501 OPP.
2330 445 2509 499 PARS
2547 442 2607 497 11.
2649 475 2715 483 -
2751 442 3253 498 APOLOGETIC’A.

3784 444 3878 498 488

693 574 877 639 Jacob,
911 572 1147 629 etlsrael
1177 560 1401 627 electum
1437 589 1636 634 meum,
1663 587 1762 640 ego
1819 570 2021 624 vocabo
2046 579 2095 622 te
2150 584 2247 621 no-

2353 565 2500 635 κριοῦ
2535 563 2601 615 τὰ
2625 564 2826 631 κέρατα
2861 561 3088 631 ἔχοντος,
3119 554 3178 613 οὗ
3220 555 3357 612 εἶδον
3404 559 3634 620 ἑστῶτος
3683 557 3886 612 ἐνώπιον

695 667 838 718 mine
870 673 978 730 luo,
1014 676 1064 718 et
1101 665 1388 731 suscipiam
1434 673 1483 716 te
1517 664 1580 715 ³³.
1625 682 1642 714 ›
1689 662 1766 715 Ex
1808 663 1873 714 iis
1925 661 2063 713 enim
2121 660 2245 727 qui-

694 755 773 806 vis
808 771 1028 822 prorsus
1061 755 1337 821 intelligat,
1377 753 1572 822 Cyrum
1619 755 1671 806 in
1722 754 1839 823 ejus
1882 753 2061 822 populi
2119 768 2245 821 gra-

694 846 843 906 tiam,
875 861 1034 913 quem
1073 855 1149 899 tot
1183 846 1456 898 beneﬁciis
1491 845 1761 908 affecerat,
1807 857 1865 898 ut
1898 843 2244 896 Hebraeorum

693 936 944 1003 pietatem
1002 951 1064 987 ac.
1120 936 1430 1003 religionem
1483 934 1782 1000 ignoraret,
1830 949 1857 986 a
1909 933 2018 987 Deo
2067 943 2245 986 tamen

695 1022 930 1089 gentium
964 1023 1314 1090 plurimarum
1353 1023 1636 1090 imperium
1667 1023 1961 1089 accepisse.
1997 1023 2173 1090 Atque
2194 1021 2246 1074 id

696 1112 1001 1166 Graecorum
1036 1115 1218 1186 etiam,
1251 1115 1341 1183 qui
1369 1131 1451 1166 res
1484 1113 1629 1183 Cyri,
1657 1130 1817 1179 quem
1851 1114 2108 1182 propheta
2158 1126 2247 1165 ρος

697 1205 845 1266 cinit,
877 1208 1150 1259 memorize
1183 1207 1555 1274 prodiderunt,
1599 1205 1813 1259 auferre
1858 1205 2057 1272 possis.
2106 1204 2244 1270 Quin

696 1298 857 1349 etiam
905 1296 1043 1364 apud
1093 1297 1383 1354 Danielcm,
1434 1312 1542 1364 quo
1597 1306 1830 1364 tempore
1860 1295 2243 1364 Babylonicum

697 1386 922 1439 ﬂorebat
980 1387 1304 1455 imperium,
1357 1384 1875 1440 Nabuchodonosori
1941 1385 2244 1440 futurorum

697 1476 949 1543 deinceps
986 1477 1329 1544 imperiorum
1356 1476 1534 1529 oblata
1569 1478 1776 1545 species
1798 1486 1898 1530 est.
1929 1477 2074 1530 Auro
2099 1478 2249 1546 quip-

697 1583 762 1636 pe
793 1566 1228 1636 Babyloniorum,
1263 1567 1547 1621 Persarum
1603 1577 1844 1636 argento,
1896 1568 2246 1622 Macedonum

698 1674 823 1722 tere,
852 1656 994 1710 ferro
1023 1660 1254 1726 denique
1305 1657 1674 1712 Romanorum
1709 1660 2114 1728 signiﬁcabatur
2148 1660 2249 1712 im-

700 1750 926 1817 perium.
963 1750 1036 1802 Ac
1068 1766 1258 1803 rursus
1296 1750 1432 1802 idem
1471 1751 1726 1818 propheta
1770 1751 1836 1804 de
1886 1750 2045 1803 Dario
2089 1751 2250 1805 simul

700 1851 752 1893 et
779 1842 1102 1904 Alexandro,
1139 1857 1235 1895 nec
1264 1858 1369 1894 non
1401 1843 1466 1896 de
1497 1853 1731 1911 quatuor
1754 1842 2039 1894 Alexandri
2074 1841 2248 1896 Mace-

2344 656 2435 708 τοῦ
2476 654 2654 706 υύϐἀλ
2683 654 2814 722 (35),
2843 655 2936 704 καὶ
2976 653 3172 723 ἔδραμε
3198 652 3328 722 πρὸς
3355 651 3512 703 αὑτὸν
3554 651 3774 702 ἐνώπιον
3804 652 3886 720 τῆς

2348 747 2526 816 ἰσχύος
2576 746 2759 798 αὑτοῦ.
2820 747 2927 798 Καὶ
2980 741 3114 797 εἶδον
3170 745 3327 796 αὑτὸν
3364 743 3632 813 φθάνοντα
3685 743 3783 805 ἕως
3805 743 3884 795 τοῦ

2344 837 2516 908 κριοῦ,
2555 838 2647 889 καὶ
2702 834 3003 906 ἐξηγριώθη
3033 835 3166 904 πρὸς
3210 835 3390 898 αὑτὸν,
3440 835 3532 886 καὶ
3578 833 3764 886 ἔπαισε
3809 834 3886 886 τὸν

2344 931 2511 999 κριὸν,
2545 931 2636 982 καὶ
2686 928 2999 998 συνέτριψεν
3037 928 3316 998 αμψοτερα
3355 927 3424 979 τὰ
3473 927 3677 996 κέρατα
3720 925 3882 988 αὑτοῦ,

2343 1022 2434 1073 καὶ
2459 1022 2554 1071 οὐκ
2677 1021 2826 1089 ἰσχὺς
2853 1019 2930 1088 τῷ
2950 1019 3087 1088 κριῷ
3111 1019 3296 1088 στῆναι
3324 1018 3550 1071 ἐνώπιον
3589 1018 3767 1079 αὑτοῦ,
3803 1017 3884 1069 καὶ

2344 1109 2559 1179 ἔρριψεν
2582 1110 2738 1160 αὑτὸν
2765 1109 2856 1159 ἐπὶ
2885 1108 2979 1176 τὴν
3007 1108 3130 1175 γῆν,
3161 1109 3252 1159 καὶ
3309 1106 3674 1174 συνεπάτησεν
3714 1105 3880 1156 αὐτόν·

2345 1201 2432 1253 καὶ
2468 1201 2565 1252 οὐκ
2588 1196 2700 1268 ἦνὸ
2730 1197 3104 1268 ἐξαιρούμενος
3135 1198 3221 1249 τὸν
3248 1199 3399 1267 κριὸν
3430 1199 3488 1248 ὲκ
3516 1195 3694 1266 χειῷς
3717 1195 3883 1248 αὑτοῦ.

2343 1291 2451 1342 Καὶ
2499 1293 2526 1342 ὁ
2560 1291 2758 1360 τράγος
2801 1289 2905 1339 τῶν
2957 1289 3124 1356 αἰγῶν
3165 1287 3501 1357 ἐμεγαλύνθη
3537 1289 3638 1348 ἕως
3674 1288 3881 1356 σφόδρα·

2345 1383 2436 1434 καὶ
2487 1385 2541 1433 ὲν
2565 1382 2641 1450 τῷ
2675 1381 2886 1450 ίσχῦσαι
2916 1383 3095 1444 αὐτὸν,
3132 1381 3411 1451 συνετρίϐη
3446 1381 3504 1432 τὸ
3533 1381 3695 1450 κέρας
3739 1378 3883 1430 αὐτοῦ

2343 1473 2403 1525 τὸ
2428 1473 2596 1542 μέγα·
2630 1475 2720 1525 καὶ
2748 1474 2911 1542 ἀνέϐη
2940 1474 3100 1544 ’έτερα
3132 1475 3332 1543 κέρατα
3359 1474 3611 1526 ὑποκάτω
3638 1471 3792 1522 αὑτοῦ
3817 1473 3885 1531 εἰς

2345 1564 2469 1625 τοὺς
2499 1563 2766 1633 τέσσαρας
2796 1565 3025 1633 ἀνέμους
3049 1565 3140 1616 τοῦ
3170 1563 3417 1635 οὐρανοῦ.
3446 1564 3554 1616 Καὶ
3582 1565 3643 1614 ὲκ
3673 1562 3760 1614 τοῦ
3783 1563 3884 1623 ἐνὸς

2350 1653 2566 1722 ἐξῆλθεν
2605 1656 2768 1726 κέρας
2791 1656 2847 1707 ἓν
2879 1656 3112 1725 ἰσχυρὸν,
3149 1657 3240 1708 καὶ
3259 1655 3596 1724 ἐμεγαλύνθη
3635 1653 3882 1724 περισσῶς

2350 1748 2482 1817 πρὸς
2507 1747 2595 1798 τὸν
2625 1747 2773 1798 νότον
2797 1747 2890 1797 καὶ
2926 1747 3021 1816 τὴν
3041 1745 3188 1798 δύσιν
3218 1745 3346 1813 (56).
3392 1763 3410 1794 ›
3443 1745 3507 1795 Τί
3532 1744 3587 1794 δὲ
3618 1745 3694 1794 δεῖ
3727 1743 3884 1809 λέγειν

2347 1840 2444 1903 τὰς
2478 1841 2602 1910 περὶ
2636 1839 2866 1908 Χριστοῦ
2891 1840 3250 1908 προφητείας,
3276 1832 3385 1889 οἷον
3438 1836 3599 1888 τόπον
3643 1835 3884 1903 γενέσεως

3717 1927 3767 1948 ων

700 1932 900 1984 donum
931 1934 1070 2001 regis
1097 1934 1521 1998 successoribus,
1555 1934 1777 2000 ipsoque
1807 1931 2113 1995 Ptolemaeo,
2154 1934 2246 2002 qui

2353 1933 2508 1986 αὑτοῦ
2543 1931 2804 2001 Βηθλεὲμ,
2837 1931 2928 1983 καὶ
2962 1931 3121 1983 τόπον
3147 1929 3447 1999 ἀνατροφῆς
3472 1926 3635 1980 αὑτοῦ
3657 1927 3882 1995 Νάζαρα,

702 2019 915 2089 [Egypti
944 2037 1164 2089 regnum
1197 2023 1384 2082 tenuit,
1423 2022 1618 2088 cuique
1668 2021 1791 2090 Lagi
1830 2032 2246 2090 cognomentum

701 2108 820 2169 fuit,
872 2109 1136 2176 ejusmodi
1184 2109 1398 2176 reliquit
1429 2110 1707 2163 oraculum
1761 2127 1774 2162 :
1831 2129 1848 2160 ι
1891 2109 2026 2164 Ecce
2069 2120 2248 2164 autem

705 2199 888 2252 hircus
952 2214 1235 2267 caprarum
1292 2200 1538 2252 veniebat
1611 2201 1676 2253 ab
1739 2201 2032 2266 occidente,
2089 2217 2250 2269 super

705 2287 894 2343 faciem
966 2291 1131 2343 totius
1199 2300 1381 2354 terrte;
1414 2299 1465 2344 et
1507 2291 1650 2344 venit
1703 2307 1872 2360 usque
1915 2293 1980 2345 ad
2028 2295 2249 2346 arietem

703 2380 853 2432 illum
909 2389 1301 2442 cornutum,et
1356 2381 1536 2434 hircus
1603 2382 1831 2435 habebat
1884 2398 2051 2436 cornu
2110 2384 2248 2436 inter

705 2469 893 2522 oculos
958 2485 1119 2532 suos,
1161 2483 1314 2538 Quem
1353 2471 1589 2523 videram
1659 2481 1889 2526 stantem
1934 2483 2055 2526 ante
2089 2472 2244 2536 Ubal,

703 2569 756 2612 et
803 2564 1041 2615 cucurrit
1110 2563 1174 2614 ad
1222 2577 1346 2615 eum
1395 2562 1448 2613 in
1495 2563 1694 2630 impetu
1753 2563 2082 2617 fortitudinis
2113 2580 2243 2618 suze.

703 2649 770 2703 Et
801 2653 907 2704 vidi
951 2668 1070 2704 cum
1104 2654 1496 2718 pervenientem
1535 2669 1706 2720 usque
1773 2655 1836 2706 ad
1887 2655 2130 2720 arietem,
2194 2665 2248 2710 et

2351 2025 2445 2076 καὶ
2474 2027 2550 2085 εἰς
2580 2023 2846 2089 Αἴγυπτον
2879 2021 3238 2091 ἀναχώρησιν,
3270 2021 3360 2072 καὶ
3391 2020 3670 2089 τεράστια,
3698 2017 3731 2071 ἃ
3756 2019 3886 2069 ἐποί-

2352 2131 2471 2182 ησε,
2505 2115 2598 2165 καὶ
2631 2114 2746 2165 τίνα
2775 2113 2972 2182 τρόπον
3002 2112 3104 2164 ὑπὸ
3146 2111 3311 2164 Ἰούδα
3353 2110 3445 2163 τοῦ
3478 2113 3556 2173 εἰς
3611 2107 3885 2177 ἀποστολὴν

2353 2205 2682 2274 κεκλημένου
2708 2205 2962 2276 προεδόθη
2989 2221 3002 2267 ;
3028 2205 3208 2258 Πάντα
3230 2203 3334 2273 γὰρ
3363 2203 3532 2255 ταῦτα
3566 2201 3759 2270 σημεῖά
3787 2201 3884 2250 ἐστι

2353 2297 2451 2367 τῆς
2475 2297 2564 2348 τοῦ
2594 2297 2724 2349 Θεοῦ
2753 2296 3124 2363 προγνώσεως.
3166 2293 3322 2346 Ἀλλά
3343 2294 3432 2346 καὶ
3461 2293 3623 2355 αὐτὸς
3651 2295 3677 2343 ὁ
3695 2289 3882 2359 Σωτὴρ,

2360 2404 2377 2436 ι
2413 2388 2596 2448 Ὅταν,
2652 2386 2844 2455 φησιν,
2899 2385 3040 2454 ἴδητε
3071 2383 3437 2452 κυκλουμένην
3481 2383 3586 2434 ὑπὸ
3618 2381 3884 2450 στρατοπέ-

2351 2477 2451 2528 δων
2477 2477 2571 2545 τὴν
2611 2475 2976 2545 Ἰερουσαλὴμ,
3009 2474 3126 2524 τότε
3148 2473 3418 2540 γνώσεσθε
3436 2512 3450 2534 ,
3490 2473 3572 2524 ὅτι
3620 2473 3830 2541 ἤγγικεν
3856 2472 3882 2539 ἡ

2351 2568 2624 2637 ἐρήμωσις
2655 2566 2838 2634 αὐτῆς.
2885 2584 2904 2616 ι
2943 2566 3174 2634 Προεῐπε
3214 2565 3319 2633 γὰρ
3381 2565 3444 2616 τὸ
3499 2564 3715 2634 ὕστερον
3761 2579 3883 2644 app.-

2353 2657 2603 2728 6ε6ηκὺς,
2657 2658 2716 2709 τὸ
2772 2657 2920 2718 τέλος
2977 2659 3072 2726 τῆς
3122 2657 3472 2726 κατασκαφῆς
3535 2655 3900 2728 Ἰερουσαλήμ-ν

707 2743 955 2797 efferatus
997 2753 1079 2796 est
1125 2744 1174 2795 in
1216 2758 1359 2808 eum,
1415 2752 1466 2795 ct
1513 2748 1774 2811 percussit
1827 2746 2070 2812 arietem,
2136 2756 2188 2801 et
2255 2751 2574 2802 comminuit
2636 2749 2742 2801 r-luo
2801 2764 2999 2802 cornua
3069 2749 3206 2816 ejus,
3269 2759 3318 2802 et
3365 2761 3470 2800 non
3510 2756 3716 2816 poterat
3757 2746 3882 2800 aries

708 2835 954 2886 resistere
1025 2834 1094 2896 ei,
1146 2848 1375 2902 cumque
1423 2848 1545 2886 cum
1600 2836 1835 2888 misisset
1886 2837 1937 2888 in
2009 2846 2227 2900 terram,
2300 2839 2635 2891 coneulcavit
2698 2857 2711 2891 :
2764 2847 2814 2891 et
2874 2854 3032 2890 nemo
3059 2838 3246 2905 quibat
3286 2837 3512 2889 liberare
3581 2837 3792 2889 arietem
3825 2833 3880 2886 de

707 2940 869 2977 manu
945 2925 1080 2993 ejus.
1157 2925 1349 2979 llircus
1405 2937 1581 2979 autem
1655 2943 1939 2995 caprarum
2016 2944 2242 2997 magnus
2305 2928 2478 2982 factus
2531 2940 2612 2983 est
2665 2930 2825 2983 nimis
2883 2948 2895 2982 :
2944 2944 3175 2996 cumque
3226 2928 3501 2985 crevisset,
3547 2925 3768 2979 fractum
3814 2933 3880 2975 est

706 3033 874 3071 cornu
933 3018 1050 3086 ejus
1098 3033 1349 3086 magnum
1399 3037 1411 3071 :
1458 3028 1511 3071 et
1557 3029 1674 3072 orta
1719 3031 1844 3073 sunt
1907 3020 2011 3073 alia
2081 3037 2282 3076 cornua
2323 3022 2504 3076 subter
2557 3023 2682 3075 illud
2720 3038 2814 3090 per
2869 3031 3100 3090 quatuor
3151 3018 3519 3095 ventoseteli.
3551 3017 3625 3069 De
3678 3030 3777 3069 uno
3799 3029 3877 3066 au-

708 3119 816 3162 tem
880 3125 944 3162 ex
1003 3110 1080 3164 eis
1116 3126 1388 3178 egressum
1441 3122 1524 3165 est
1564 3128 1732 3166 cornu
1787 3131 1953 3168 unum
2007 3114 2160 3180 forte,
2211 3125 2264 3168 et
2311 3117 2638 3171 factum‘est
2692 3117 2891 3186 grande
2926 3115 3075 3168 valde
3108 3123 3294 3169 contra
3351 3112 3650 3175 meridiem,
3676 3120 3723 3163 et
3752 3107 3880 3162 occi-

707 3204 1006 3258 dentem".
1069 3225 1086 3256 ι
1149 3206 1285 3270 Quid
1339 3206 1424 3258 hic
1469 3217 1851 3275 prophetarum
1910 3209 1972 3261 de
2020 3210 2236 3263 Christo
2281 3211 2396 3280 ipso
2445 3227 2604 3265 voces
2659 3219 2711 3263 et
2751 3209 2966 3262 oracula
3005 3206 3454 3261 commemorem?
3500 3203 3574 3258 De
3631 3202 3868 3256 Bethlelie

709 3312 817 3361 mo,
879 3298 964 3350 ubi
999 3310 1178 3363 natus,
1231 3301 1295 3352 de
1343 3303 1662 3361 Nazaretho,
1721 3317 1811 3355 uni
1863 3304 2123 3358 educatus
2169 3313 2278 3369 est;
2322 3307 2776 3374 quemadmodum
2826 3306 2879 3358 in
2929 3303 3215 3373 Egyptum
3264 3302 3566 3363 secesserit,
3603 3314 3717 3367 qua:
3742 3296 3885 3348 mira-

707 3389 824 3441 cula
870 3390 1174 3458 perfecerit,
1215 3393 1482 3457 quomodo
1515 3394 1676 3463 286
1725 3393 1894 3459 Judai,
1958 3413 2116 3463 quem
2184 3399 2550 3464 apostolorum
2598 3393 2668 3451 'in
2722 3412 3007 3450 numerum
3062 3404 3396 3464 aggregarat,
3450 3391 3724 3460 perﬁdiam
3770 3400 3875 3456 pro-

709 3479 1071 3548 ditionemque
1115 3483 1374 3534 subierit?
1417 3482 1624 3546 Quibus
1674 3499 1738 3535 ex
1799 3486 2050 3538 omnibus
2109 3498 2251 3539 certe
2290 3487 2504 3555 quidem
2542 3488 2771 3540 illustria
2826 3487 3019 3540 divinm
3069 3485 3414 3554 prteriotionis
3471 3489 3771 3550 argumenta
3795 3477 3880 3530 dn-

711 3583 926 3626 cuntur.
961 3577 1178 3628 Accedit
1203 3577 1315 3643 ipsa
1349 3582 1562 3645 qquue
1590 3575 1890 3631 Servatoris
1927 3580 2243 3645 auctoritas,
2285 3581 2412 3633 dum
2482 3582 2552 3634 ita
2609 3582 2845 3650 loquitur
2868 3599 2913 3632 :i
2962 3578 3098 3632 Cum
3149 3577 3388 3630 videritis
3416 3574 3788 3628 circumdatam
3820 3567 3874 3622 ab

710 3671 1039 3744 εχειωιὶὺυυ
1117 3670 1465 3734 Hierusalem,
1533 3683 1658 3725 tunc
1729 3674 1935 3741 scietis,
2009 3676 2138 3743 quia
2215 3676 2662 3744 appropinquavit
2729 3675 2992 3728 desolatio
3041 3674 3158 3740 ejus
3189 3672 3252 3724 ³⁸.
3308 3691 3325 3721 ι
3375 3669 3470 3722 His
3530 3669 3671 3721 enim
3723 3661 3875 3717 verbis

712 3765 837 3832 quid
893 3765 1141 3832 deinceps
1192 3764 1429 3817 futurum
1475 3775 1654 3830 esset,
1702 3767 1802 3821 hoc
1869 3779 1949 3822 est
1996 3785 2306 3837 supremum
2364 3768 2835 3840 HierOSolymitani
2901 3769 3096 3823 excidii
3165 3769 3322 3818 ﬁnem
3396 3765 3704 3831 exitumque
3759 3771 3871 3827 prae-

715 3855 870 3908 dixit.

787 3966 805 3997 ι
850 3948 964 4000 Jam
1005 3964 1148 4009 vero,
1181 3950 1430 4018 quoniam
1473 3952 1610 4006 hanc
1640 3953 1692 4018 in
1743 3953 1846 4007 Deo
1875 3956 2243 4023 praanoscendi

2421 3976 2438 4004 ε
2464 3953 2932 4020 Ἀποδεδειγμένου
2956 3951 3128 4001 τοίνυν
3151 3951 3183 4016 ἡ
3196 3951 3280 4016 μῖν
3298 3944 3530 4015 περὶτοῦ
3550 3942 3871 4014 προγνώσεην

714 4038 822 4089 vim
863 4039 1021 4091 certis
1056 4040 1231 4090 adhuc
1273 4034 1603 4107 argumentis
1650 4043 2007 4108 ostendimus,
2053 4045 2251 4112 juverit

716 4127 985 4194 deinceps,
1016 4129 1463 4194 quemadmodum
1509 4141 1650 4183 astra
1684 4131 1959 4200 signorum
2000 4135 2118 4186 loco
2169 4137 2250 4186 in-

719 4217 900 4270 stituta
926 4219 1052 4280 sint,
1078 4220 1361 4286 explicare.
1390 4221 1747 4303 StatiLendum
1791 4224 1950 4293 igitur
1985 4227 2035 4277 in
2066 4226 2253 4293 primis

2359 4043 2492 4099 εἶναι
2514 4048 2600 4098 τὸν
2621 4045 2771 4108 Θεὸν,
2801 4046 2898 4096 οὐκ
2925 4045 3179 4115 ἀκαίρως,
3206 4038 3698 4110 ἴναδιηγησώμεθα,
3722 4035 3821 4094 πῶς
3839 4033 3870 4081 7!

2355 4140 2574 4207 ἀστέρες
2607 4139 2840 4204 γίνονται
2865 4139 2941 4196 εἰς
2983 4138 3195 4204 σημεῖα.
3242 4133 3470 4201 Νοητέον
3504 4132 3628 4190 τοὺς
3672 4125 3869 4192 ἀστέρας

2355 4230 2494 4282 οὕτω
2523 4229 2772 4298 τετάχθαι
2804 4227 3082 4289 κινεῖσθαι,
3116 4223 3626 4291 ἐναντιοφορούντων
3661 4218 3756 4269 τῶν
3793 4230 3868 4264 κα·

716 4321 818 4372 est,
854 4311 1117 4378 ejusmodi
1165 4311 1428 4364 sideribus
1477 4315 1804 4382 assignatum
1860 4333 1921 4370 ac
1973 4318 2249 4370 deﬁnitum

2358 4323 2627 4391 λουμένων
2675 4321 3031 4389 πλανωμένων
3063 4322 3171 4380 τοῖς
3204 4316 3516 4376 ἀπλανέσιν,
3580 4313 3663 4364 ἵνα
3704 4308 3868 4376 σημεῐο

789 4468 832 4500 ³⁸
870 4467 969 4521 lsa.
1011 4483 1130 4531 va,
1157 4468 1177 4518 l
1209 4483 1355 4536 seqq.
1431 4469 1475 4500 ³⁸
1516 4470 1646 4522 Dan.
1674 4471 1844 4532 vm,5
1867 4486 2015 4540 seqq.
2089 4471 2132 4501 ³⁸
2167 4469 2294 4525 Luc.
2333 4489 2405 4537 xi,
2432 4473 2519 4526 ‘20.

790 4628 898 4698 (σε)
944 4608 1209 4678 ’ἐνώπιον
1250 4627 1353 4678 τοῦ
1375 4627 1586 4698 Οὑϐᾴλ.
1617 4626 1712 4680 Hie
1743 4636 1792 4679 ct
1812 4643 1948 4681 vers.
1981 4628 2013 4680 5
2037 4628 2260 4694 Septua-

722 4689 1225 4774 gin‘talllebraicam
1268 4722 1446 4758 vocem
1489 4689 1618 4762 5:13
1678 4707 2064 4772 retinuere,qui
2102 4722 2256 4759 versu

723 4777 954 4828 secundo
983 4783 1266 4836 verterant,
1309 4777 1395 4825 ἐπὶ
1428 4776 1521 4843 τῆς
1557 4775 1722 4841 πύλης
1748 4776 1930 4835 υὺλαῖ,
1961 4791 2067 4842 quo
2099 4778 2257 4829 modo

724 4844 1028 4914 Hieronym.
1081 4857 1505 4914 superiportum,
1552 4846 1649 4906 vel,
1700 4855 1816 4894 ante
1857 4855 2058 4911 portam
2111 4843 2256 4914 liti/ai,

725 4914 814 4979 qui
847 4913 1017 4965 tanien
1052 4930 1187 4965 vers.
1231 4913 1282 4973 5,
1327 4914 1564 4979 paludem
1612 4915 1827 4965 reddere
1885 4914 2089 4966 maluit.
2129 4913 2265 4981 Ergo

728 4994 1012 5048 utrumque
1063 5000 1161 5034 vox
1218 4982 1304 5033 illa
1357 4983 1706 5046 signiﬁcabat.
1754 4983 1997 5048 paludem
2032 4997 2124 5034 seu
2163 4985 2264 5048 ﬂu-

728 5056 883 5109 vium,
913 5053 1048 5102 unde
1081 5054 1318 5103 fortassis
1346 5052 1564 5119 paludes
1596 5051 1658 5101 iis
1687 5053 1736 5101 in
1766 5055 2004 5117 partibus
2033 5054 2262 5104 exsiste-

728 5132 862 5180 rent,
897 5131 947 5170 et
979 5133 1202 5186 portam,
1243 5138 1345 5187 qua
1393 5121 1583 5172 ﬂuvius
1633 5130 1772 5172 recta
1819 5131 2096 5188 peteretur.
2137 5120 2258 5172 Flu-
2366 5140 2429 5176 ex
2484 5124 2793 5175 fortitudine
2845 5121 3131 5185 colligitur,
3174 5120 3726 5188 quainqueiludteist

725 5192 843 5264 vius
891 5183 990 5240 hic
1025 5188 1137 5239 litui
1185 5183 1358 5257 (quem
1416 5191 1594 5241 nescio
1631 5204 1733 5264 cur
1776 5183 2008 5264 (fraecor.
2042 5189 2257 5264 Biblior.
2364 5196 2523 5245 etiam
2555 5194 2746 5243 virtute
2777 5190 2938 5264 septis
2969 5183 3396 5264 attribuii._Qui_d
3434 5187 3478 5238 si
3519 5183 3863 5264 .duonhzee

731 5257 940 5326 Regior.
971 5255 1232 5322 interpres
1259 5275 1392 5310 vers.
1416 5261 1447 5309 2
1473 5259 1726 5308 inatrium
1748 5261 2071 5321 mutaverit),
2091 5259 2261 5312 Plinio
2363 5272 2414 5313 et
2467 5270 2598 5322 Nux,
2631 5276 2732 5310 non
2780 5255 2926 5310 vocis
2956 5259 3134 5319 modo,
3165 5258 3254 5310 sed
3298 5259 3459 5309 etiam
3487 5255 3862 5326 signiﬁcationis

729 5319 917 5387 Iibfvr,
947 5344 1060 5393 cap.
1087 5319 1174 5392 ΞΠ,
1211 5327 1434 5387 iiulwn's,
1469 5328 1605 5378 aﬁini
1632 5343 1756 5379 sane
1784 5319 2068 5381 vocabulo.-
2293 5331 2334 5382 Ι)
2365 5319 2668 5382 afﬁnitatem
2727 5328 2954 5392 aliquant
3004 5336 3054 5377 et
3087 5319 3861 5385 communionem,'Hieronymo

801 5399 1036 5465 (56)-Καὶ
1089 5396 1196 5460 τὴν
1239 5395 1427 5445 deam
1470 5398 1718 5463 Sa‘pluug.
1759 5397 1998 5462 interpr.,
2028 5397 2174 5449 νότον
2208 5406 2259 5449 et
2365 5411 2541 5450 notam
2579 5397 2851 5449 habuere?
2876 5395 3111 5452 Judaeam
3133 5409 3324 5465 porro,
3359 5393 3674 5465 Antiochus,
3705 5398 3758 5440 ut
3784 5397 3860 5465 ηοξ

727 5463 893 5528 δύσιν,
923 5469 1160 5517 inserunt
1192 5466 1280 5514 καὶ
1316 5465 1444 5531 πρὸς
1478 5466 1750 5532 ἀνατολήν.
1797 5465 2098 5534 llieronym.
2135 5469 2249 5516 item

2366 5470 2632 5521 tissimnm
2681 5476 2777 5525 est.
2829 5465 3080 5534 inusitato
3123 5464 3300 5534 furore
3349 5463 3598 5521 vastavit,
3641 5468 3788 5534 atque
3815 5464 3859 5534 in

729 5551 792 5586 ex
825 5534 959 5585 liehr
1007 5547 1116 5601 post
1157 5530 1643 5606 meridiem,addit,
1675 5530 1726 5584 et
1762 5545 1938 5606 contra
1974 5530 2253 5606 Orientem,
2363 5538 2589 5602 ipsoinet
2638 5535 2830 5606 templo
2852 5572 2865 5594 ,
2898 5533 3042 5588 Jovis
3075 5532 3312 5606 Olympii
3358 5534 3568 5606 signum
3599 5530 3858 5606 collocavit-

730 5606 873 5674 qno‘l
903 5594 1081 5670 utique
1117 5594 1430 5674 addendum
1455 5605 1552 5674 hic_
1571 5603 1755 5674 fuerit.
1787 5604 2255 5674 Antiochus_enim
2363 5594 2496 5667 Quid
2534 5594 2872 5672 Septuaginta
2923 5604 3089 5656 seCuti
3140 5594 3290 5674 sint,
3325 5594 3446 5655 cum
3474 5594 3755 5674 ῥύσιν-...ἰὰ
3780 5598 3858 5674 esi.

733 5665 1056 5742 Epiphanes,
1119 5671 1458 5724 Ptolenneum
1490 5671 1929 5742 __Philoinetorem
1954 5715 1966 5736 ,
2043 5671 2256 5739 Egypti
2363 5665 2688 5726 occident-em
2713 5665 3001 5742 verterunt,
3044 5687 3147 5724 non
3195 5672 3326 5742 satis
3363 5671 3620 5742 intelligo.
3648 5665 3839 5742 Ηὶεξᾯδο

735 5731 928 5811 regem,
979 5741 1214 5808 adeoque
1255 5751 1418 5792 totam
1466 5739 1750 5807 {Egyptum
1777 5782 1789 5802 ,
1835 5731 1963 5807 qute
1994 5731 2249 5809 πρὸςνῖέὴν

2362 5743 2498 5811 lynia
2553 5754 2693 5796 certe
2738 5741 2973 5810 quidem,
3005 5741 3136 5808 πρὸς
3174 5757 3236 5807 γε
3266 5741 3362 5811 τὴν
3400 5731 3616 5810 Συρίαν,
3649 5731 3858 5789 occiden-

731 5810 943 5869 Συοίαν,
973 5811 1330 5864 meridionalis
1354 5818 1454 5873 est,
1489 5811 1741 5873 pertinaci
1777 5811 2059 5864 acerbitate
2094 5825 2254 5862 vexa-
2361 5810 2514 5865 talior
2540 5821 2637 5865 est.

2364 4639 2487 4690 vit-z
2518 4648 2627 4691 tum
2654 4635 2919 4688 Orientem
2961 4650 3034 4686 ve-
3057 4650 3166 4695 sus,
3193 4634 3257 4706 in
3288 4631 3574 4706 Persidem
3589 4627 3869 4706 vicinasque

2363 4707 2565 4762 Persidi
2620 4708 2861 4777 regiones
2892 4692 3162 4757 incubuits
3187 4704 3288 4756 Sed
3323 4705 3442 4777 loco
3484 4699 3577 4777 τοῦ
3612 4695 3757 4777 ,πρὸς
3782 4692 3866 4777 διξζ

2365 4794 2498 4838 σιν,
2536 4768 3039 4841 ἱ‹ἰ‹ιιιι”ιιιυι“<)ιι)·ιιι.,
3081 4784 3126 4825 et
3175 4768 3786 4844 contra__[ortitudi_nem_,:
3823 4768 3865 4844 in

2371 4833 2526 4898 Hebr.
2557 4855 2672 4904 ξς.
2710 4859 2826 4911 quae
2857 4833 2978 4904 vo'x,
3011 4833 3131 4896 eum
3165 4845 3323 4909 vulgo
3359 4833 3573 4911 illustre
3604 4833 3788 4900 aliquid
3818 4843 3866 4881 ar

2366 4917 2504 4968 votis
2538 4907 2783 4967 omnibus
2827 4914 3173 4980 expetendum
3205 4907 3503 4978 signiﬁcare
3527 4907 3746 4980 dicatur,
3773 4911 3864 4953 tum

2367 4988 2525 5038 etiam
2575 4974 2916 5054 utplurimuni
2977 4981 3176 5054 Judrese
3224 4974 3494 5054 tribuitur.
3544 4974 3866 5054 Hieronymus

2368 5054 2604 5118 εὐδοξίαν
2637 5040 2795 5104 ἰιιξιιιι
2851 5053 2952 5103 hoc
3004 5053 3119 5103 loco
3167 5049 3442 5109 intellexit,
3486 5061 3607 5120 quae
3638 5040 3863 5120 singulari

2366 5140 2429 5176 ex
2484 5114 2793 5175 fortitudine
2845 5121 3131 5185 colligitur,
3174 5133 3440 5186 quantque
3488 5114 3686 5186 Iudaeis
3714 5114 3863 5186 divina
