4020 6342
3196 433 3300 507 190

21 562 155 613 ἀπὸ
188 563 287 615 τοῦ
312 565 682 635 σχηματισμοῦ
710 565 818 616 τῶν
846 566 1108 634 ἀστέρωνν
1133 566 1347 616 ’πάντων
1374 565 1482 616 τῶν
1506 565 1628 633 περὶ

1734 579 1854 616 esse
1879 573 2108 627 motum,
2143 573 2203 617 ut
2243 579 2364 633 quae
2390 566 2627 618 errantia
2657 567 2816 634 vulgo
2850 568 3125 634 dicuntur,
3159 572 3295 623 viain

21 653 292 705 ἕκαστον
318 656 634 724 γινομένων,
666 659 757 708 καὶ
781 657 887 708 τῶν
908 657 1134 708 καθόλου
1168 657 1529 727 λαμϐάνοντες
1549 673 1628 722 γι-

1734 654 1854 708 ﬁxis
1882 656 1990 708 illis
2020 665 2182 724 alque
2214 657 2595 710 constantibus
2634 660 2793 727 plane
2838 664 3170 716 contrariam
3215 673 3293 715 te-

23 743 384 811 νώσκωσιν,
419 749 540 816 οὐχὶ
581 750 630 800 οἱ
676 750 949 820 ἄνθρωποι
975 753 990 808 ί
1010 749 1186 819 πολλῷ
1227 751 1336 818 γὰρ
1369 748 1550 819 μεῖζον
1599 750 1628 817 ἢ

1734 754 1915 798 neant.
1950 744 2007 799 ld
2033 746 2179 816 quod
2205 762 2270 800 eo
2301 747 2532 801 consilio
2572 747 2773 802 factum
2806 761 2907 812 est,
2938 762 2997 806 ut
3044 768 3109 807 ex
3145 758 3294 808 vario

26 837 204 890 κατὰ
237 837 527 909 ἄνθρωπον
552 839 613 891 τὸ
630 840 886 892 δύνασθαι
913 841 1053 893 κατὰ
1077 841 1330 910 ἀλήθειαν
1359 841 1628 910 ἐκλαμϐά-

1733 844 2002 889 astrorum
2047 837 2176 902 situ,
2220 852 2557 907 eorum,quaa
2589 841 2785 908 partim
2817 843 3063 912 singulis,
3099 847 3292 910 partim

25 945 162 979 νειν
195 929 310 981 ἀπὸ
327 931 425 999 τῆς
452 932 714 1000 κινήσεως
739 931 845 982 τῶν
875 932 1119 1002 ἀστέρων
1149 933 1216 985 τὰ
1246 932 1370 1002 περὶ
1406 932 1628 984 ἑκάστου

1733 925 1785 976 in
1837 925 2151 980 universum
2191 929 2464 993 eveniunt,
2519 929 2671 997 signa
2721 933 2968 1000 quaedam
3019 935 3290 1000 hauriant,

26 1018 160 1070 τῶν
220 1021 505 1073 ὁτιποτοῦν
557 1024 916 1091 ἐνεργούντων
944 1023 975 1093 ἢ
1007 1023 1320 1092 πασχόντων
1355 1027 1393 1090 ),
1429 1023 1542 1075 ἀλλ’
1577 1024 1628 1074 αἱ

1735 1030 1842 1067 non
1877 1015 1990 1085 jam
2023 1016 2274 1071 homines
2313 1028 2458 1071 certe
2493 1019 2708 1086 quidem
2739 1019 2826 1089 (ex
2854 1021 2942 1075 illa
2977 1025 3120 1076 enim
3153 1026 3294 1078 sidc-

28 1109 339 1179 δυνάμεις,
375 1111 440 1174 ἃς
470 1113 759 1178 ἀναγκαῖον
795 1113 880 1164 διὰ
916 1114 1085 1166 πολλὰ
1115 1113 1285 1166 ταῦτα
1323 1113 1628 1180 γινώσκειν,

1731 1121 1852 1158 rum
1884 1109 2262 1174 conversione,
2293 1110 2555 1178 quidquid
2588 1122 2679 1164 aut
2705 1111 2899 1165 facturi
2932 1114 3132 1183 singuli
3158 1117 3288 1181 sint,

31 1201 119 1262 ὼς
153 1202 307 1254 κατὰ
339 1201 565 1271 δύναμιν
591 1203 676 1255 διὰ
700 1204 805 1258 τῶν
832 1205 958 1272 ἑξῆς
990 1204 1251 1273 δείξομεν.
1285 1206 1540 1266 Συνέντες
1573 1205 1628 1256 δὲ

1731 1203 1821 1248 aut
1853 1197 2088 1263 passuri,
2115 1213 2237 1251 vere
2275 1214 2337 1252 ac
2354 1208 2502 1253 certo
2531 1201 2849 1270 intelligere,
2881 1216 3060 1271 operte
3081 1216 3165 1259 est
3188 1207 3291 1259 hn-

31 1295 86 1342 οἱ
129 1292 422 1362 ἄνθρωποι
467 1293 530 1344 ἐκ
577 1311 736 1345 τινων
771 1297 1069 1365 τηρήσεων,
1103 1295 1250 1364 ήκαὶ
1283 1297 1345 1346 ὲκ
1381 1295 1628 1348 διδασκα-

1733 1301 1925 1340 manas
1947 1289 2093 1341 vires
2126 1289 2282 1356 longe
2307 1291 2646 1360 multumque
2677 1293 3028 1361 superantis),
3067 1297 3158 1348 sed
3195 1313 3291 1349 na~

34 1383 182 1445 λίας
233 1383 485 1450 ἀγγέλων
525 1383 621 1454 τὴν
663 1385 793 1436 ίδίαν
826 1385 975 1448 τάξιν
1015 1387 1508 1455 παραϐεϐηκότων,
1540 1388 1628 1439 καὶ

1733 1386 1867 1430 tura:
1894 1377 1998 1430 illae
2023 1380 2354 1446 superiores,
2387 1397 2522 1448 quas
2556 1383 2803 1449 pluribus
2835 1397 2968 1436 sane
2999 1384 3064 1436 de
3109 1389 3293 1440 causis

24 445 155 499 ‘89
1219 448 1535 502 ΡΒᾹΞΡΑΒ.
1579 445 1628 498 Ε

1730 444 1830 498 NG.
1879 446 2004 500 LIB.
2054 446 2137 499 Vl.

35 1471 144 1521 ἐπὶ
172 1475 244 1540 τῇ
276 1471 369 1523 τοῦ
413 1473 601 1538 γένους
650 1474 802 1544 ήμῶν
847 1477 1094 1548 ἐπιτριϐῇ
1131 1476 1452 1541 διδαξάντων
1504 1478 1632 1546 περὶ

35 1561 270 1614 τούτων
311 1564 449 1626 τινὰ,
487 1565 742 1635 ᾠήθησαν
771 1569 894 1630 τοὺς
918 1570 1009 1635 ἀφ’
1043 1563 1116 1619 ὧν
1154 1568 1222 1620 τὰ
1261 1571 1459 1637 σημεῖα
1497 1569 1633 1622 οἴον-

40 1671 140 1703 ται
169 1653 492 1723 λαμϐάνειν,
525 1658 728 1720 αἰτίους
758 1661 1019 1729 ὑπάρχειν
1044 1662 1264 1724 τούτων,
1291 1662 1326 1713 ἃ
1350 1663 1632 1731 σημαίνειν

38 1746 68 1793 ὁ
115 1744 290 1811 λόγος
316 1747 478 1814 φησί·
513 1749 638 1818 περὶ
671 1744 742 1800 ὧν
777 1751 868 1801 καὶ
899 1752 1075 1802 αὐτῶν
1103 1793 1118 1814 ,
1155 1752 1229 1814 ὼς
1276 1756 1332 1803 ἐν
1374 1755 1627 1824 ἐπιτομῇ,

44 1836 202 1886 κατὰ
256 1836 483 1907 δύναμιν
528 1841 943 1910 ἐπιμελέστερον
993 1843 1193 1906 εὐθέως
1240 1844 1625 1914 διαληψόμεθα.

1729 1481 1847 1518 eam
1885 1468 1938 1520 in
1973 1470 2332 1537 cognitionem
2359 1470 2539 1524 venire
2564 1487 2785 1527 necesse
2809 1482 2914 1535 est,
2942 1474 3018 1525 uti
3040 1467 3291 1544 deinceps

1731 1571 1827 1625 pro
1876 1570 2038 1626 captu
2087 1573 2273 1613 nostro
2308 1560 2828 1617 demonstrabimus.
2884 1566 3142 1621 Homines
3196 1582 3292 1620 au-

1731 1657 1859 1711 tem,
1889 1649 2034 1716 quod
2087 1651 2348 1704 nonnulla
2393 1652 2445 1704 id
2473 1668 2661 1721 genus,
2697 1656 2780 1708 vel
2822 1656 3291 1712 observationibus

1730 1741 2078 1810 quibusdam,
2103 1744 2185 1796 vel
2211 1724 2546 1814 angelorum,
2579 1746 2672 1814 qui
2704 1763 2828 1800 cum
2865 1765 2995 1805 suos
3021 1751 3121 1819 ipsi
3154 1751 3288 1805 lines

1732 1830 2108 1896 transilierint,
2151 1841 2262 1886 tum
2296 1836 2512 1903 generis
2560 1837 2612 1888 in
2659 1839 2827 1891 nostri
2856 1841 3149 1907 perniciem
3185 1841 3288 1895 ista

42 1927 90 1975 Π
101 1928 422 1995 ροκείσεται
443 1930 616 1982 τοίνυν
641 1931 810 1983 ταῦτα
830 1931 899 1983 τὰ
922 1934 1124 2005 προϐλή
1133 1951 1277 2005 ματα
1296 1951 1308 1963 ·
1334 1936 1476 1997 Πῶς,
1501 1953 1628 2006 προ-

1731 1922 2038 1988 docuerint,
2079 1923 2462 1979 informatione
2491 1927 2808 1994 didicerint;
2868 1945 3054 1984 eorum
3102 1933 3288 1997 sintut,

45 2015 308 2080 γνώστου
336 2017 483 2080 ὄντος
527 2019 583 2082 ἐξ
615 2021 806 2084 αἰῶνος
837 2021 929 2072 τοῦ
951 2023 1083 2073 Θεοῦ
1113 2023 1364 2093 περὶτῶν
1390 2025 1477 2091 ὑφ’
1507 2024 1630 2077 ἑκό-

49 2123 188 2158 στου
228 2109 559 2177 πράττεσθαι
587 2111 972 2182 νομιζομένων,
1007 2115 1067 2165 τὸ
1101 2116 1184 2182 ἐφ’
1216 2107 1343 2184 ἡμῖν
1369 2115 1626 2178 σώζεται·

48 2200 169 2251 Καὶ
201 2201 326 2251 τίνα
348 2201 543 2271 τρόπον
575 2204 623 2254 οἱ
653 2203 876 2271 ἀστέρες
898 2203 995 2256 οὔκ
1025 2206 1127 2256 εἰσι
1159 2207 1427 2273 ποιητικοὶ
1452 2206 1556 2259 τῶν
1575 2209 1632 2260 ὲν

47 2291 402 2360 ἀνθρώποις,
450 2297 770 2364 σημαντικοὶ
806 2296 861 2347 δὲ
889 2296 1066 2364 μόνον.
1113 2297 1221 2348 Καὶ
1245 2298 1324 2348 ὅτι
1360 2299 1630 2368 ἄνθρωποι

49 2383 155 2450 τὴν
188 2385 318 2454 περὶ
356 2384 557 2437 τούτων
585 2385 781 2461 γνῶσιν
813 2385 1052 2456 ἀκριϐῶς
1086 2386 1226 2454 ἔχειν
1257 2387 1315 2438 οὐ
1359 2388 1628 2452 δύνανται,

47 2471 196 2522 ἀλλὰ
228 2472 515 2541 δυνάμεσιν
545 2473 839 2542 ἀνθρώπων
889 2476 1158 2545 κρείττοσι
1191 2475 1261 2527 τὰ
1303 2480 1501 2545 σημεῖα
1543 2478 1631 2530 ἔκ-

51 2578 262 2614 κειται.
297 2563 390 2624 Τίς
421 2563 529 2631 γὰρ
553 2565 584 2633 ή
610 2565 753 2616 αἰτία
784 2565 876 2616 τοῦ
908 2565 974 2617 τὰ
1002 2569 1202 2637 σημεῖα
1231 2567 1319 2618 τὸν
1366 2568 1495 2620 Θεὸν
1537 2587 1631 2621 πε-

54 2651 350 2717 ποιηκέναι
383 2653 462 2713 εἰς
485 2651 683 2718 γνῶσιν
705 2654 808 2707 τῶν
837 2654 1135 2724 δυνάμεων,
1169 2657 1632 2727 τέταρτονὲξετα-

53 2740 342 2809 σθήσεται.
376 2743 482 2794 Καὶ
508 2743 683 2797 τοίνυν
719 2745 912 2814 ἴδωμεν
939 2745 1000 2798 τὸ
1033 2747 1244 2817 πρῶτον
1265 2788 1277 2809 ,
1320 2749 1454 2818 ὅπερ
1476 2749 1631 2802 εὐλα-

53 2829 324 2893 ϐοθέντες
361 2832 540 2885 πολλοὶ
563 2834 671 2885 τῶν
711 2834 994 2905 Ἑλλήνων,
1027 2838 1257 2906 οίόμενοι
1289 2840 1631 2910 κατηναγκά-

54 2922 187 2975 σθαι
214 2924 288 2976 τὰ
319 2926 638 2996 πράγματα,
674 2929 766 2979 καὶ
799 2929 860 2979 τὸ
886 2929 969 2996 ἐφ’
1005 2931 1135 2999 ἡμῖν
1166 2932 1427 3002 μηδαμῶς
1464 2932 1629 2996 σώζε-

56 3015 210 3080 σθαι,
242 3017 293 3066 εί
323 3019 350 3068 ὁ
373 3018 502 3081 Θεὸς
532 3018 887 3088 προγινώσκει
916 3019 984 3071 τά
1018 3021 1297 3089 μέλλοντα,
1334 3025 1524 3087 ἀσεϐὲς
1549 3026 1633 3077 δό-

54 3122 180 3174 γμα
208 3107 510 3178 ἐτόλμησαν
533 3109 885 3174 ἀναδέξασθαι
918 3110 1132 3179 μᾶλλον,
1162 3112 1193 3181 ἢ
1231 3113 1523 3182 προσέσθαι
1549 3116 1626 3178 τὸ,

57 3196 135 3258 ὣς
162 3214 330 3264 φασιν
358 3201 570 3263 ἐκεῖνοι,
600 3200 802 3266 ἔνδοξον
835 3201 932 3269 μὲν
966 3202 1092 3271 περὶ
1124 3201 1278 3266 Θεοῦ,
1303 3203 1556 3274 ἁναιροῦν
1575 3205 1630 3257 δὲ

56 3289 119 3340 τὸ
149 3290 241 3357 ἐφ’
273 3290 420 3358 ἡμῖν,
447 3293 540 3343 καὶ
563 3291 650 3344 διὰ
677 3292 832 3344 τοῦτο
864 3293 1077 3345 ἔπαινον
1107 3295 1196 3345 καὶ
1225 3293 1408 3361 ψόγον,
1451 3296 1544 3347 καὶ
1572 3297 1632 3348 τὸ

59 3375 172 3428 τῶν
203 3378 415 3446 ἀρετῶν
442 3380 763 3443 ἀπόδεκτον,
797 3382 904 3435 τῶν
935 3400 993 3434 τε
1021 3384 1223 3434 κακιῶν
1253 3383 1469 3452 ψεκτόν.
1524 3386 1632 3438 Καί

63 3483 232 3533 φασιν
253 3507 270 3531 ,
315 3470 362 3519 εἰ
414 3469 471 3532 ἐξ
504 3470 695 3532 αἰῶνος
732 3472 869 3538 ἔγνω
897 3475 924 3524 ὁ
946 3473 1074 3538 Θεὸς
1105 3476 1253 3527 τόνδε
1286 3477 1403 3528 τινὰ
1441 3477 1634 3546 ἀδική-

66 3574 201 3620 σειν,
241 3559 336 3610 καὶ
369 3559 491 3611 τάδε
511 3561 727 3629 ποιῆσαι
755 3563 1082 3633 ἀδικήματα,
1109 3566 1340 3636 ἀψευδὴς
1369 3568 1424 3619 δὲ
1451 3569 1636 3637 ήγνῶ-

65 3665 148 3710 at;
169 3649 268 3701 τοῦ
290 3649 442 3715 Θεοῦ,
473 3652 564 3703 καὶ
587 3653 798 3714 πάντως
819 3654 968 3706 ἔσται
989 3655 1170 3719 ἄδικος
1199 3649 1434 3727 ποιήσων
1457 3671 1480 3698 α
1508 3659 1631 3711 τάδε

17 3786 20 3787 ,
67 3740 132 3791 τὰ
163 3741 508 3812 ἀδικήματα,
548 3745 575 3794 ὁ
610 3744 846 3804 τοιοῦτος
879 3741 1015 3818 εἶναι
1058 3750 1474 3818 προεωραμένικς
1495 3767 1506 3779 ·
1540 3752 1633 3803 καὶ

66 3831 348 3901 ἀμήχανον
381 3833 452 3902 μὴ
501 3833 775 3904 ἀδικήσειν
820 3814 979 3887 αὐτὸν
1003 3875 1017 3898 ,
1048 3814 1487 3906 κατηνάγκασται
1519 3841 1579 3892 τὸ
1605 3841 1632 3879 δ

68 3922 348 3993 ἀδικήσειν
376 3925 567 3989 αὐτὸν,
615 3927 706 3978 καὶ
737 3926 991 4007 ἀδύνατον
1020 3927 1170 3980 ἔσται
1204 3930 1331 3982 ἄλλο
1351 3948 1401 3984 τι
1431 3931 1632 4003 πρᾶξαι

67 4013 229 4065 αὑτὸν
272 4013 304 4083 ἢ
350 4015 485 4085 ὅπερ
516 4016 544 4068 ὁ
595 4017 728 4079 Θεὸς
759 4017 915 4086 ἔγνω.
954 4019 1016 4070 El
1044 4019 1100 4070 δὲ
1130 4018 1387 4074 ἀδύνατον
1413 4023 1558 4090 ,ἄλλο
1579 4041 1632 4076 τι

69 4103 278 4174 πρᾶξαι
311 4104 490 4168 αὐτὸν,
520 4101 693 4169 οὐδεὶς
711 4108 766 4161 δὲ
793 4109 1055 4162 ἀδύνατον
1082 4108 1155 4178 μὴ
1191 4109 1415 4179 ποιήσας
1437 4111 1633 4179 ψεκτός

70 4193 204 4257 ἐστι,
247 4195 418 4265 μάτην
447 4195 746 4267 αἰτιώμεθα
773 4200 898 4261 τοὺς
926 4201 1159 4260 ἀδίκους,
1191 4198 1296 4252 ἀπὸ
1318 4199 1373 4250 δὲ
1399 4201 1491 4253 τοῦ
1516 4203 1630 4256 ἀδί-

70 4297 165 4333 κου
199 4283 298 4334 καὶ
325 4283 431 4335 τῶν
461 4283 805 4354 ἀδικημάτων
831 4285 1148 4355 ἐπέρχονται
1178 4285 1271 4338 καὶ
1298 4287 1387 4336 ἐπὶ
1411 4285 1480 4338 τὰ
1501 4286 1631 4340 ἄλλα

70 4371 457 4443 ἁμαρτήματα.
492 4369 624 4427 Εἶτα
655 4377 717 4426 ὲκ
742 4376 833 4428 τοῦ
862 4378 1100 4429 ἐναντίου
1142 4378 1231 4429 καὶ
1268 4377 1335 4428 τὰ
1368 4387 1388 4413 ο
1419 4377 1630 4445 νομιζό-

76 4478 209 4529 μενα
255 4463 678 4533 κατορθώματα·
725 4466 817 4518 καί
851 4483 1010 4533 φασιν
1059 4464 1364 4519 ἀκολουθεῖν
1396 4464 1456 4514 τὸ
1483 4464 1508 4502 ά
1542 4466 1631 4517 τὸν

1731 2033 1962 2086 quorum
1994 2013 2440 2088 signiﬁcatidnem
2467 2021 2533 2075 iis
2559 2020 2836 2091 Scriptura
2867 2025 3075 2089 tribuit,
3104 2036 3290 2080 aucto-

1732 2121 1818 2159 res
1850 2106 1973 2160 illos
1999 2122 2119 2160 esse
2151 2117 2498 2177 putaverunt,
2547 2125 2576 2162 a
2598 2111 2794 2179 quibus
2825 2127 2887 2165 ea
2922 2128 2982 2167 se
3010 2116 3288 2184 percipere

1732 2196 1882 2263 signa
1917 2197 2226 2251 credebant.
2253 2196 2368 2264 Qua
2395 2198 2461 2252 de
2484 2215 2540 2252 re
2564 2202 2871 2254 summatim
2894 2218 3106 2273 quoque
3129 2207 3288 2274 paulo

1732 2295 1869 2355 post,
1903 2287 1995 2341 sed
2026 2303 2223 2342 tamen.
2267 2305 2365 2358 pro
2415 2300 2600 2344 nostra
2636 2290 2893 2348 facultate
2921 2296 3207 2365 diligenter
3235 2308 3290 2352 et

1732 2387 1983 2432 accurate
2009 2378 2431 2448 disputabimus.
2476 2382 2648 2452 Atque
2679 2386 2792 2439 haec
2837 2396 2997 2440 erunt
3030 2390 3288 2457 quaestio-

1731 2470 1814 2523 nis
1855 2470 2115 2523 instituta:
2147 2472 2352 2539 capita.
2398 2471 2499 2537 Qui
2548 2474 2663 2527 ﬁeri
2714 2479 2907 2544 possit,
2954 2485 3013 2530 ut
3055 2493 3178 2532 cum
3226 2495 3289 2534 ea

1729 2576 1850 2628 qua:
1880 2577 1909 2613 a
1942 2577 2158 2630 quoque
2190 2561 2306 2615 ﬁeri
2336 2573 2625 2617 censentur
2654 2566 2859 2631 omnia,
2883 2581 2947 2620 ex
2971 2569 3120 2621 omni
3145 2569 3286 2622 Deus

1730 2651 2028 2706 aeternitate
2060 2653 2404 2720 praenoverit,
2442 2666 2538 2704 sua
2579 2662 2756 2704 tamen
2803 2653 3064 2707 voluntati
3093 2663 3288 2708 nostra:

1730 2745 2191 2813 vispotestasque
2225 2753 2488 2798 servetur.
2519 2744 2804 2809 Quomodo
2829 2761 3009 2799 rerum
3045 2746 3285 2808 illarum,

1730 2850 1851 2904 qua:
1878 2834 2155 2888 hominum
2191 2835 2372 2904 generi
2396 2836 2669 2901 eveniunt,
2693 2836 2846 2906 signa
2867 2836 3084 2904 quidem
3110 2837 3287 2890 sidera

1732 2925 1875 2994 sint,
1902 2939 2080 2978 causa:
2124 2939 2251 2978 vero
2296 2923 2536 2985 niiiiime.
2589 2923 2952 2988 Quamobrem
2999 2935 3199 2978 certam
3234 2934 3289 2979 rt

1729 3015 2051 3082 exquisitam
2083 3013 2329 3066 homines
2355 3012 2667 3066 earumdem
2707 3028 2887 3066 rerum
2919 3013 3282 3082 cognitionem

1730 3106 1929 3159 habere
1954 3120 2062 3158 non
2084 3104 2318 3172 possint,
2357 3104 2446 3156 sed
2472 3104 2682 3156 naturis
2710 3103 2946 3161 humana
2985 3102 3282 3173 superiori»

1732 3199 1833 3252 bus
1857 3187 2132 3265 proposita
2162 3198 2312 3264 signa
2344 3195 2430 3248 illa
2460 3196 2587 3249 sint.
2626 3193 2758 3248 Nam
2798 3209 3060 3264 quorsum
3097 3196 3285 3250 iisdem

1732 3304 1795 3341 ex
1850 3288 2019 3356 signis
2049 3285 2253 3354 aliquid
2305 3294 2525 3339 naturas
2560 3284 2679 3338 illas
2709 3283 3036 3352 cognitionis
3069 3284 3289 3336 haurire

1730 3375 1981 3437 voluerit,
2011 3383 2203 3442 quarto
2241 3373 2460 3426 demum
2491 3373 2610 3426 loco
2640 3385 2968 3440 quaeremus.
2998 3370 3290 3425 Ordiamur

1732 3483 1759 3520 a
1791 3466 1986 3536 primo,
2014 3466 2070 3518 in
2094 3479 2201 3532 quo
2231 3464 2357 3517 dum
2384 3464 2654 3517 cautiores
2679 3477 2799 3517 esse
2833 3461 3146 3517 Grecorum
3171 3464 3288 3532 ple-

1733 3559 1885 3626 rique
1914 3556 2127 3619 vellent,
2162 3555 2415 3624 quodque
2449 3555 2495 3607 si
2528 3554 2638 3607 Deo
2669 3552 2973 3607 futurorum
3015 3557 3284 3624 praenotio

1732 3650 2079 3718 tribueretur,
2103 3647 2209 3700 vim
2239 3647 2400 3699 rebus
2432 3645 2617 3698 inferri
2649 3653 2919 3712 putarent,
2949 3659 3012 3699 ac
3038 3647 3290 3700 volunta-

1735 3737 1811 3789 tis.
1833 3742 2032 3788 nostra:
2055 3734 2179 3803 jura
2202 3734 2413 3795 violari,
2439 3733 2704 3787 nefarium
2731 3734 3067 3803 impiumque
3093 3735 3288 3803 dogma
3321 3742 3329 3754 "

1732 3824 2006 3891 suscipere
2045 3838 2267 3884 temere,
2303 3823 2462 3893 287
2497 3830 2660 3892 quam
2711 3824 2938 3878 alterum
2995 3823 3124 3877 illud
3160 3838 3287 3892 pro-

1732 3914 1860 3966 bare
1885 3914 2215 3978 maluerunt,
2239 3915 2385 3983 quod
2417 3917 2525 3968 Deo
2562 3914 2804 3983 quidem,
2830 3923 2890 3966 ut
2921 3913 3024 3982 ipsi
3054 3913 3289 3988 loquun-

1732 4015 1838 4066 tur,
1865 4005 2046 4074 gloria:
2065 4004 2301 4068 cederet,
2331 4019 2518 4057 verum
2545 4004 2754 4058 arbitrii
2786 4002 2957 4056 nostri
2987 4000 3098 4055 vim
3132 4011 3186 4056 et
3209 4000 3286 4054 fa-

1731 4095 1981 4148 cultatem
2019 4102 2302 4157 everteret,
2334 4095 2605 4163 simulque
2651 4093 2880 4162 proinde
2913 4107 3132 4147 omnem
3165 4108 3287 4148 cum

1731 4187 1888 4239 laude
1921 4185 2388 4252 vituperationem,
2417 4194 2469 4238 et
2498 4184 2761 4253 quidquid
2793 4193 2886 4237 aut
2929 4177 3010 4238 e‘st
3038 4184 3288 4266 comple-

1731 4277 1980 4330 ctendum
2018 4276 2071 4328 in
2105 4276 2320 4340 virtute,
2352 4285 2444 4329 aut
2494 4276 2546 4327 in
2591 4276 2723 4328 vitio
2762 4257 3286 4343 reprehendendum.

1731 4367 2040 4432 Enimvero,
2069 4368 2114 4421 si
2149 4367 2292 4420 hunc
2321 4376 2413 4420 aut
2441 4367 2591 4419 illum
2624 4366 2766 4420 Deus
2790 4366 3116 4434 injuriosum
3145 4363 3292 4418 futu-

1732 4476 1872 4524 rum,
1901 4461 1944 4514 si
1973 4460 2070 4513 has
2102 4471 2188 4513 aut
2226 4460 2344 4512 illas
2395 4459 2621 4527 injurias
2650 4457 2929 4511 illaturum
2980 4472 3045 4509 ex
3078 4457 3290 4510 aeterni-

74 4553 202 4605 Θεὸν
232 4553 300 4605 τὰ
328 4554 582 4622 μέλλοντα
609 4557 1005 4626 προεγνωκέναι
1029 4557 1107 4626 τῷ
1141 4569 1164 4596 ο
1192 4558 1263 4628 μὴ
1284 4555 1538 4608 δύνασθαι
1565 4556 1628 4609 τὰ

1735 4564 1842 4607 tate
1873 4553 2142 4622 cognovit,
2176 4567 2276 4605 nec
2322 4550 2433 4603 falli
2481 4549 2741 4619 pramotio
2770 4548 2953 4620 divinia
2987 4553 3162 4614 potest
3195 4562 3207 4596 :
3244 4546 3290 4597 is

74 4641 154 4708 ἐφ’
186 4644 318 4711 ήμῖν
351 4639 633 4704 σώζεσθαι.
676 4646 816 4715 Πρὸς
839 4645 929 4708 οὓς
952 4647 1184 4709 λεκτέον,
1224 4647 1302 4697 ὅτι
1331 4643 1627 4697 ἐπιϐάλλων

74 4733 100 4782 ὁ
131 4733 262 4796 Θεὸς
291 4735 357 4803 τῇ
390 4735 529 4803 ἀρχῇ
556 4733 654 4802 τῆς
687 4737 1064 4806 κοσμοποιίας,
1100 4737 1310 4799 οὐδενὸς
1338 4735 1574 4787 ἀναιτίου
1603 4733 1623 4771 ί

74 4825 376 4894 γινομένου,
410 4825 789 4893 ἐπιπορεύεται
819 4826 898 4895 τῷ
934 4826 1009 4895 νῷ
1043 4827 1268 4881 ἕκαστον
1297 4826 1404 4878 τῶν
1433 4826 1624 4892 ἐσομέ-

77 4932 194 4979 νων,
229 4915 370 4988 όρῶν
393 4955 407 4978 ,
436 4917 550 4979 ὅτι,
575 4915 696 4967 ἐπεὶ
741 4915 854 4968 τόδε
888 4916 1094 4984 γέγονε,
1127 4919 1240 4970 τόδε
1272 4918 1458 4969 ἕπεται
1481 4934 1495 4946 ο
1531 4917 1625 4970 ἐὰν

77 5003 128 5053 δὲ
154 5004 380 5074 γένηται
398 5005 515 5057 τόδε
550 5004 610 5056 τὸ
635 5003 916 5073 ἑπόμενον,
947 5005 1062 5058 τόδε
1083 5007 1362 5069 ἀκολουθεῖ
1381 5022 1393 5034 ⁸
1419 5000 1477 5058 οὗ
1495 5005 1624 5058 ὑπο-

82 5090 315 5155 στάντος,
333 5091 450 5144 τόδε
469 5093 619 5146 ἔσται
638 5111 650 5122 ·
676 5095 768 5145 καὶ
783 5092 920 5145 οὕτω
942 5095 1099 5165 μέχρι
1129 5097 1311 5159 τέλους
1349 5095 1456 5147 τῶν
1487 5113 1624 5166 πρα-

79 5183 296 5248 γμάτων
325 5183 723 5252 ὲπιπορευθεὶς,
755 5180 890 5236 οἶδεν
911 5183 945 5236 ἃ
978 5184 1146 5249 ἔσται,
1176 5187 1236 5238 οὐ
1267 5188 1476 5247 πάντως
1499 5186 1624 5238 ἐκά-

83 5284 179 5341 στῳ
219 5270 328 5322 τῶν
355 5275 767 5342 γινωσκομένων
808 5274 977 5335 αἴτιος
1028 5274 1118 5325 τοῦ
1171 5276 1300 5328 αὐτὸ
1361 5274 1623 5345 συμϐῆναι

79 5361 371 5432 τυγχάνων.
427 5362 635 5435 ’Ὠσπερ
677 5364 784 5436 γὰρ
813 5365 866 5417 εί
899 5381 1017 5427 τις,
1063 5363 1200 5433 ὁρῶν
1241 5383 1360 5418 τινα
1408 5365 1492 5417 διὰ
1528 5366 1624 5434 μὲν

83 5451 311 5520 ἀμαθίαν
356 5451 599 5522 προπετῆ
625 5491 639 5516 ,
666 5454 752 5506 διὰ
774 5456 831 5508 δὲ
857 5455 953 5525 τὴν
986 5454 1309 5522 προπέτειαν
1330 5454 1624 5520 ἀλογίστως

85 5536 416 5597 ἐπιϐαίνοντα
440 5542 556 5595 ὁδοῦ
583 5545 886 5617 ὀλισθηρᾶς,
906 5548 998 5599 καὶ
1021 5545 1310 5598 καταλάϐοι
1345 5543 1620 5598 πεσεῖσθαι

82 5632 450 5705 ὀλισθήσαντα,
481 5635 598 5704 οὐχὶ
628 5635 795 5699 αἴτιος
820 5635 914 5690 τοῦ
933 5637 1141 5690 ὀλίσθου
1165 5636 1351 5705 ἐκείνῳ
1377 5635 1618 5702 γίνεται·

1734 4645 1996 4716 profecto,
2028 4659 2188 4713 quem
2227 4641 2496 4711 ejusmodi
2542 4639 2656 4691 fore
2685 4637 3016 4706 praaviderit,
3057 4641 3112 4687 et
3142 4632 3274 4700 inju-

1733 4729 1911 4790 riosus
1950 4735 2173 4788 omnino
2222 4731 2438 4784 futurus
2463 4738 2565 4793 est,
2608 4737 2660 4781 et
2689 4728 2823 4781 tales
2853 4725 3082 4794 injurias
3109 4724 3289 4776 illatu-

1730 4843 1824 4881 rus
1859 4846 1869 4879 :
1903 4825 2145 4891 adeoque
2192 4821 2308 4874 ﬁeri
2358 4821 2506 4873 nullo
2546 4819 2710 4871 modo
2753 4825 2953 4888 potest,
2988 4823 3047 4868 ut
3083 4815 3150 4867 ab
3181 4814 3286 4867 illis

1731 4918 1944 4987 injuriis
1970 4916 2256 4977 abstineat,
2285 4927 2407 4965 cum
2449 4920 2501 4965 et
2549 4911 2614 4964 ad
2642 4925 2734 4964 eas
2762 4907 3071 4963 inferendas
3100 4920 3288 4960 neces-

1731 5011 1888 5064 sitate
1914 5007 2172 5075 rapiatur,
2201 5019 2300 5057 nec
2321 5002 2464 5056 aliud
2494 5002 2561 5055 ab
2587 5017 2650 5054 eo
2685 4998 2982 5068 quidquam
3014 4997 3125 5051 ﬁeri
3156 5011 3283 5065 pos—

1729 5101 1818 5164 sit,
1842 5111 2005 5166 quam
2027 5096 2170 5164 quod
2199 5093 2438 5148 futurum
2476 5091 2617 5144 Deus
2656 5104 2778 5143 esse
2808 5087 3135 5158 cognoverit.
3164 5083 3281 5137 Jatn

1729 5190 1773 5244 si
1807 5189 1950 5243 aliud
1990 5202 2214 5256 prorsus
2243 5200 2398 5254 agere
2430 5183 2566 5236 nihil
2611 5189 2807 5251 potest,
2844 5194 2942 5234 nec
2991 5179 3281 5246 quisquam

1725 5281 1846 5349 jure
1868 5278 2225 5345 vituperatur,
2253 5274 2396 5342 quod
2429 5273 2481 5326 id
2510 5287 2620 5326 non
2654 5271 2860 5337 fecerit,
2885 5267 3028 5340 quod
3062 5265 3177 5318 ﬁeri
3212 5265 3281 5316 ab

1729 5384 1794 5423 eo
1826 5382 1930 5421 non
1970 5366 2164 5434 potuit,
2208 5364 2452 5417 homines
2498 5361 2798 5432 injuriosos
2827 5357 3028 5412 frustra
3070 5352 3279 5406 calum-

1731 5460 1964 5513 niamur.
2005 5454 2204 5508 Deinde
2249 5467 2376 5506 vero
2405 5453 2473 5505 ab
2524 5451 2806 5521 injuriosis
2854 5456 2908 5502 et
2956 5443 3170 5521 injuriis
3215 5443 3279 5495 ad

1729 5554 1920 5600 cretera
1944 5551 2288 5612 peccatorum
2322 5555 2515 5610 genera
2551 5519 2772 5609 gradum
2817 5519 3041 5622 faciunt.
3084 5531 3219 5586 Tum
3251 5547 3278 5583 a

1729 5633 2021 5698 contrario,
2072 5632 2139 5687 de
2164 5631 2231 5684 iis
2261 5645 2474 5698 quoque
2500 5629 2683 5693 rebus,
2713 5640 2834 5696 qua
2853 5619 2860 5624 “’
2875 5624 3130 5694 praeclare
3163 5619 3277 5676 tieri

143 5816 166 5844 ι
190 5803 276 5855 Ισ.
307 5799 406 5853 καὶ
437 5798 610 5869 ποιήσ,
721 5799 748 5837 1³
777 5797 859 5849 Id.
894 5755 995 5870 γάρ
1023 5797 1098 5849 τό.
1177 5811 1196 5833 ο
1223 5769 1306 5847 id.
1344 5792 1498 5848 κάπί.
1573 5795 1600 5834 (ι
1625 5794 1711 5850 ισ.
1913 5800 1939 5830 ⁸
1966 5792 2048 5844 ισ.
2073 5791 2149 5844 τό.
2230 5790 2252 5832 ί
2280 5807 2369 5860 π).
2401 5788 2656 5848 Matri“.

349 5921 546 5979 Pan.
577 5919 689 5980 Gn.
728 5920 901 5980 XXI.

2826 5909 2898 5965 16
