4020 6342
685 434 786 489 491

1309 431 1581 488 EUSEBII
1619 429 2099 487 CJESARIENSIS
2135 430 2285 486 OPP.
2331 430 2513 486 PARS
2549 432 2613 487 Il.
2655 464 2723 475 -—-
2762 432 3263 491 APOLOGETICA.
3825 436 3909 491 ιρε

684 552 1017 621 honesteque
1043 550 1344 613 videantur,
1362 548 1534 605 -simili
1565 549 1775 603 ratione
1797 557 2044 602 statuunt
2072 566 2084 601 :
2114 558 2224 601 tan-

2333 546 2475 599 οὕτω
2521 551 2736 618 νοητέον
2767 551 2858 604 τὸν
2905 550 3077 614 Θεὸν,
3120 552 3511 623 προεωρακὸτα
3546 555 3745 617 ὁποῖος
3789 554 3910 607 ἔσται

683 644 914 708 demque
942 637 1289 698 concludunt,
1316 636 1362 692 si
1392 635 1502 690 Deo
1530 638 1697 692 semel
1733 638 2042 695 futurorum
2090 653 2231 707 pra:-

683 732 833 784 notio
865 727 1213 790 concedatur,
1243 727 1453 781 arbitrii
1482 728 1654 782 nostri
1686 739 2005 797 potestatem
2058 730 2233 783 conti-

680 838 792 875 nuo
822 820 1063 875 funditus
1087 836 1210 875 esse
1233 820 1543 875 tollendam.
1572 820 1785 885 Quibus
1815 821 1917 875 hoc
1941 821 2104 875 modo
2145 838 2234 875 re-

684 911 1055 978 spondendum
1080 908 1182 963 erit
1203 929 1215 963 :
1236 909 1396 974 Deus,
1427 909 1571 978 quod
1598 910 1744 964 nulla
1771 926 1855 964 res
1881 926 2100 964 causam
2124 927 2233 965 non

683 1004 878 1056 habeat
932 1002 1190 1070 aliquam,
1236 1001 1364 1055 dum
1420 1001 1523 1054 sub
1574 1002 1749 1069 ipsum
1796 1002 1943 1079 orbis
1974 1003 2231 1056 moliendi

680 1094 1028 1162 principium.
1061 1091 1241 1145 futura
1284 1092 1559 1162 sigillatim
1590 1093 1774 1146 omnia
1804 1103 1980 1147 mente
2010 1110 2234 1163 percur-

683 1185 773 1243 rit,
808 1184 950 1236 videt
974 1184 1137 1249 illico,
1159 1185 1204 1239 si
1231 1183 1431 1237 factum
1460 1185 1560 1237 hoc
1580 1184 1703 1247 erit,
1741 1184 1869 1238 illud
1903 1186 2127 1253 proinde
2152 1200 2236 1239 sc-

682 1254 963 1339 cuturum;
994 1275 1138 1343 quod
1192 1275 1281 1328 ubi
1315 1274 1603 1336 exstiterit,
1636 1275 1852 1328 tertium
1881 1291 1947 1329 ex
1976 1290 2041 1329 eo
2071 1276 2198 1345 quid
2218 1304 2234 1314 -

679 1362 801 1416 dum
829 1373 1017 1431 aptum
1051 1362 1203 1427 fore;
1234 1361 1336 1415 hoc
1364 1363 1490 1416 item
1518 1364 1562 1418 si
1595 1365 1833 1433 positum
1863 1365 1985 1429 erit,
2018 1373 2070 1417 et
2098 1380 2235 1418 con-

681 1470 913 1521 si'quens
943 1454 1070 1507 illud
1096 1452 1338 1508 futurum
1377 1471 1389 1505 :
1416 1454 1597 1523 itaque
1626 1455 1692 1509 ad
1726 1469 1905 1508 rerum
1933 1454 2091 1509 linem
2119 1471 2236 1511 om-

679 1544 831 1597 nium
861 1543 1167 1611 COgnitione
1216 1542 1494 1610 perducta,
1534 1542 1800 1612 quidquid
1856 1544 2097 1599 luturum
2151 1553 2236 1599 est

679 1632 931 1700 intelligit
977 1652 990 1685 :
1042 1647 1141 1686 nec
1189 1642 1369 1686 tamen
1424 1631 1715 1700 cujuslibet
1741 1633 1965 1687 omnino
1996 1634 2097 1699 rei,
2137 1650 2235 1689 cur

676 1722 783 1775 hoc
814 1724 970 1776 illove
990 1724 1149 1776 modo
1165 1722 1397 1785 eveniat,
1421 1738 1585 1778 causa
1606 1722 1866 1779 dicendus
1892 1730 1995 1779 est.
2028 1723 2233 1791 Quem-

678 1812 968 1865 admodum
1021 1814 1187 1877 enim,
1238 1814 1283 1869 si
1352 1830 1513 1883 quem
1562 1813 1830 1883 imperitia
1885 1815 2233 1878 temerarium

2339 637 2586 702 ἕκαστος,
2621 641 2714 692 καὶ¹
2746 641 2843 705 τὰς
2875 642 3050 704 αἰτίας
3078 643 3171 695 τοῦ
3210 643 3448 697 τοιοῦτον
3486 644 3665 697 αὐτὸν
3714 644 3904 699 ἔσεσθαι

2339 728 2596 799 καθορᾷν,
2628 730 2719 782 καὶ
2760 732 2840 784 ὅτι
2883 732 3255 802 ἁμαρτήσεται
3294 734 3456 797 τάδε,
3506 735 3541 805 ἢ
3587 735 3906 805 κατορθώσει

2337 818 2480 871 τάδε.
2514 821 2622 872 Καὶ
2666 823 2715 873 εί
2753 822 2855 892 χρὴ
2902 822 3111 890 λέγειν,
3148 824 3207 875 οὐ
3232 824 3330 894 τὴν
3376 826 3709 895 πρόγνωσιν
3756 827 3909 878 αἰτίαν

2337 909 2447 962 τῶν
2475 911 2769 981 γινομένων
2797 913 2891 981 (οὐ
2943 913 3053 981 γὰρ
3080 916 3377 991 ὲφᾲπτεται
3410 916 3501 967 τοῦ
3540 919 3910 987 προεγνωσμέ-

2339 1016 2431 1052 νου
2457 1001 2902 1072 ἀμαρτησομένου
2948 1005 2976 1055 ὁ
3003 1004 3155 1067 Θεὸς,
3195 1007 3319 1057 ὅταν
3375 1007 3741 1079 ἁμαρτάνῃ).
3802 1008 3909 1060 ἀλλὰ

2341 1090 2765 1162 παραδοξότερον
2796 1094 2912 1163 μὲν,
2946 1094 3141 1164 ἀληθὲς
3172 1097 3228 1149 δὲ
3254 1098 3483 1168 ἐροῦμεν
3503 1139 3516 1161 ,
3571 1101 3640 1153 τὸ
3678 1102 3909 1170 ἐσόμεκν

2340 1181 2508 1233 αῐτιον
2529 1181 2622 1233 τοῦ
2656 1184 2860 1235 τοιάνδε
2906 1179 3046 1237 εἶναι
3078 1186 3174 1256 τὴν
3215 1190 3339 1258 περὶ
3378 1191 3542 1242 αὑτοῦ
3581 1192 3901 1261 πρόγνωσιν.

2340 1273 2413 1324 Οὐ
2448 1272 2555 1344 γὰρ
2584 1264 3019 1343 ἐπεὶ’ἕγνωστα;,
3059 1281 3300 1346 γίνεται,
3343 1282 3457 1333 ἀλλ’
3505 1284 3633 1335 ἐπεὶ
3684 1284 3910 1351 γίνεσθαι

2338 1360 2584 1430 ἔμελλεν,
2624 1365 2908 1433 ἔγνωσται.
2943 1370 3231 1441 Διαστολῆς
3255 1372 3310 1424 δὲ
3346 1374 3533 1427 δεῖται.
3575 1373 3643 1426 Εἰ
3680 1375 3781 1443 μὲν
3821 1375 3909 1443 γὰρ

2336 1452 2400 1505 τὸ
2418 1471 2439 1505 ι
2468 1454 2685 1517 πάντως
2707 1457 2856 1510 ἔσται
2896 1478 2914 1509 ι
2942 1458 3083 1512 οῦτω
3102 1464 3524 1536 τις-ἑρμηνεύει.
3558 1467 3635 1527 ὡς
3678 1468 3906 1532 ἀνάγκην

2340 1543 2478 1600 εἶναι
2503 1547 2751 1615 γενέσθαι
2781 1550 2840 1603 τὸ
2872 1553 3336 1623 προεγνωσμένον,
3369 1557 3427 1607 οὐ
3458 1557 3724 1627 διδόαμεν
3761 1558 3905 1628 αὐτῷ.

2338 1638 2412 1691 Οὐ
2438 1623 2546 1710 γὰρ
2577 1639 2826 1711 ἐροῦμεν,
2860 1642 2979 1695 ἐπεὶ
3011 1644 3381 1715 προέγνωσται
3422 1623 3627 1701 Ἰούδαν
3658 1623 3909 1721 προδότην

2339 1728 2611 1795 γενέσθαι,
2638 1730 2721 1783 δτι
2747 1732 2895 1785 πᾶσα
2918 1734 3124 1803 ἀνάγκη
3150 1731 3217 1805 ἦν
3250 1736 3445 1789 Ἰούδαν
3478 1739 3755 1810 προδότην
3783 1743 3911 1807 γενέο

2342 1817 2486 1870 σθαι.
2529 1819 2616 1871 Ἑν
2663 1820 2790 1887 γοῦν
2830 1824 2948 1883 ταῖς
2994 1826 3122 1893 περὶ
3167 1824 3260 1877 τοῦ
3333 1825 3501 1879 Ἰούδα
3558 1831 3909 1899 προφητείαις

678 1921 741 1960 ac
762 1906 1087 1975 praecipitem
1121 1922 1239 1960 esse
1269 1908 1475 1969 videas,
1510 1922 1683 1975 eaque
1706 1908 2010 1962 temeritate
2034 1910 2224 1978 impul-

2338 1908 2569 1978 μέμψεις
2596 1911 2690 1963 καὶ
2722 1915 3043 1984 κατηγορίαι
3076 1916 3167 1969 τοῦ
3212 1916 3384 1969 Ἰούδα
3423 1896 3907 1991 ἀναγεγραμμέναι

679 2012 798 2050 sum
830 1996 1036 2050 lubrico
1059 2010 1178 2049 sese
1204 1996 1379 2048 itineri
1404 1997 1765 2061 committere,
1787 2009 1845 2050 ut
1868 2014 1991 2051 eum
2020 1999 2231 2053 labente

679 2088 1004 2155 fallenteque
1037 2087 1263 2155 vestigio
1293 2086 1565 2138 ruiturum
1602 2086 1889 2157 intelligas,
1923 2090 2023 2155 ipsi
2049 2098 2227 2145 tamen

678 2178 1041 2246 prolapsionis
1086 2192 1248 2230 causa
1305 2191 1413 2229 non
1454 2192 1533 2230 es.
1569 2176 1646 2231 Ita
1700 2179 1856 2247 plane
1889 2182 2227 2235 sentiendum

678 2276 781 2329 est,
818 2266 947 2331 Deo,
981 2266 1124 2337 quod
1158 2267 1462 2335 cujusmodi
1490 2267 1721 2337 quisque
1754 2270 1823 2323 sit
1846 2269 2063 2326 futurus
2088 2288 2227 2340 pree-

678 2356 891 2425 viderit,
916 2372 1110 2411 causas
1165 2358 1325 2410 etiam
1360 2358 1712 2424 quamobrem
1746 2360 2011 2428 ejusmodi
2043 2362 2112 2415 sit
2146 2361 2230 2415 fu-

678 2455 853 2511 turus,
886 2462 1113 2515 quaeque
1144 2446 1211 2499 ab
1237 2462 1300 2500 eo
1336 2448 1419 2501 vel
1460 2448 1704 2516 improbe
1737 2450 1819 2502 vel
1848 2451 2103 2518 praeclare
2139 2468 2229 2520 ge-

679 2538 842 2590 renda
882 2537 1009 2602 sint,
1042 2552 1161 2592 esse
1192 2547 1491 2606 perspecta.
1526 2539 1722 2607 Atque,
1773 2549 1833 2593 ut
1861 2540 2046 2605 libere,
2085 2543 2228 2611 quod

678 2644 765 2680 res
794 2638 895 2691 est,
926 2628 1264 2696 eloquamur,
1315 2644 1421 2683 non
1482 2628 1573 2683 Dei
1623 2630 1783 2683 modo
1837 2634 2222 2700 praanolionem

679 2731 857 2769 rerum
896 2732 1115 2769 causam
1149 2733 1253 2769 non
1282 2732 1402 2771 esse
1444 2716 1564 2787 (nec
1611 2721 1755 2773 enim
1783 2736 1942 2790 quem
1974 2735 2227 2792 peccatu-

676 2823 798 2860 rum
829 2806 967 2861 Deus
994 2824 1112 2861 esse
1152 2810 1412 2877 praevidit,
1448 2826 1571 2865 eum
1616 2814 1743 2867 dum
1787 2829 1842 2868 re
1874 2816 1989 2884 ipsa
2020 2827 2224 2886 peccat,

677 2900 741 2952 ad
774 2898 982 2953 facinus
1008 2902 1162 2968 quasi
1196 2917 1358 2955 manu
1389 2903 1651 2974 deducit),
1676 2907 1768 2959 sed
1799 2906 1986 2971 etiam,
2017 2911 2160 2978 quod
2196 2926 2225 2963 a

675 2990 948 3043 communi
993 3005 1151 3044 sensu
1213 2993 1475 3047 remotius
1528 2994 1769 3062 quidem,
1799 2996 1891 3048 sed
1923 3011 2109 3050 verum
2146 3007 2227 3052 ta-

674 3095 797 3133 men
828 3090 932 3145 est,
966 3080 1017 3133 id
1044 3081 1221 3149 ipsum
1245 3084 1390 3151 quod
1420 3080 1663 3136 futurum
1686 3086 1775 3146 sit,
1802 3083 2065 3149 ejusmodi
2090 3105 2225 3157 pra:-

674 3172 910 3225 notionis
934 3186 1155 3225 causam
1183 3188 1319 3226 esse.
1340 3171 1524 3241 Neque
1551 3175 1715 3244 288
1742 3177 1883 3229 enim
1911 3178 2111 3233 idcirco
2142 3182 2219 3242 lit,

674 3263 817 3330 quod
850 3261 1092 3315 futurum
1115 3278 1234 3317 esse
1260 3274 1642 3332 cognoscatur,
1669 3268 1761 3319 sed
1797 3270 1939 3336 quod
1979 3269 2218 3327 futurum

674 3354 765 3417 sit,
794 3353 993 3407 idcirco
1025 3352 1265 3409 futurum
1295 3370 1415 3410 esse
1445 3360 1810 3427 cognoscitur.
1849 3362 1967 3427 Quo
2004 3366 2221 3433 quidem

674 3447 727 3499 in
760 3463 975 3515 genere,
1007 3448 1354 3502 distinctione
1381 3465 1517 3518 opus
1552 3460 1651 3505 est.
1689 3450 1821 3505 Nam
1858 3470 1901 3507 SI
1936 3460 2078 3525 quod
2102 3474 2221 3509 om-

674 3538 803 3589 nino
840 3536 1082 3590 l'uturum
1115 3539 1334 3602 dicitur,
1370 3540 1419 3593 id
1465 3542 1535 3593 ita
1572 3544 1694 3608 quis
1728 3546 1975 3612 accipiat,
2001 3550 2222 3615 perinde

674 3640 735 3677 ac
776 3626 821 3678 si
872 3628 1013 3692 quod
1050 3629 1335 3695 praevisum
1371 3640 1471 3695 est,
1499 3631 1715 3684 evenire
1747 3648 1964 3689 necesse
1993 3639 2081 3701 sit,
2119 3640 2221 3693 hoc

672 3733 800 3770 vero
834 3718 1054 3771 minime
1086 3718 1297 3771 damus.
1335 3718 1440 3774 Nec
1474 3723 1639 3788 enim,
1688 3727 1831 3794 quod
1867 3728 2089 3794 praevisa
2125 3729 2221 3783 Ju-

673 3809 755 3862 dze
812 3810 1042 3879 proditio
1093 3810 1273 3876 fuerit,
1328 3811 1522 3867 Iudam
1579 3827 1859 3886 propterea
1911 3827 2218 3876 necessario

672 3899 997 3967 proditorem
1030 3901 1196 3956 fuisse
1228 3905 1595 3959 concedimus.
1650 3906 1958 3973 Enimvero,
2020 3913 2219 3980 quibus

672 3991 725 4043 in
760 3990 1137 4060 prophetarum
1183 3996 1415 4049 oraculis
1452 3995 1689 4051 futurum
1737 3998 1887 4054 Juda:
1917 4004 2091 4058 scelus
2119 4021 2217 4058 cx-

670 4081 942 4150 primitur,
995 4082 1181 4136 iisdem
1242 4085 1481 4139 hominis
1530 4088 1820 4143 incessitur
1869 4094 2217 4162 carpiturque

672 4171 1007 4237 improbitas,
1040 4182 1197 4241 atque
1231 4178 1472 4229 omnium
1498 4178 1550 4230 in
1577 4180 1748 4233 oculis
1780 4181 2070 4250 indignitas
2100 4176 2218 4253 ejus

672 4263 1039 4331 probrumque
1074 4267 1393 4321 traducitur.
1442 4269 1545 4333 Qui
1583 4272 1628 4323 si
1676 4271 1742 4323 ad
1779 4273 2135 4340 proditionem
2170 4277 2217 4328 vi

670 4367 734 4405 ac
776 4354 1093 4406 necessitate
1125 4367 1426 4423 raperetur,
1460 4376 1556 4414 nec
1590 4360 1811 4433 reﬁcjuis
1841 4369 2098 4433 apostolis
2124 4384 2218 4437 per

670 4456 790 4493 eam
826 4443 1016 4496 similis
1049 4460 1167 4499 esse
1197 4456 1404 4513 posset,
1454 4451 1601 4503 omni
1634 4452 1874 4521 profecto
1900 4457 2127 4511 crimine
2156 4473 2218 4512 ac

2335 2002 2461 2064 εἰσὶ,
2493 2001 2655 2055 παντί
2686 2019 2762 2073 τῳ
2782 2008 3110 2074 παριστᾶσαι
3139 2007 3199 2059 τὸ
3230 2005 3426 2076 ψεκτὸν
3468 2009 3661 2064 αὑτοῦ.
3693 2013 3810 2064 Οὐκ
3854 2014 3908 2065 ἂν

2334 2093 2389 2147 δὲ
2426 2093 2591 2160 ψόγος
2618 2093 2766 2162 αὐτῷ
2814 2095 3172 2166 προσήπτετο,
3214 2099 3261 2150 εἰ
3299 2099 3610 2167 ἐπάναγκες
3653 2104 3907 2173 προδότης

2331 2180 2419 2253 ἦν,
2444 2185 2535 2236 καὶ
2566 2184 2639 2253 μὴ
2664 2184 2939 2253 ἀνεδέχετο
2990 2187 3098 2258 (57)
3144 2187 3303 2240 αὐτὸν
3329 2189 3511 2259 ὅμοιον
3556 2196 3672 2255 τοῖς
3716 2194 3907 2256 λοιποῖς

2333 2272 2643 2333 ἀποστόλοις
2683 2274 2951 2339 γενέσθαι.
2992 2276 3130 2346 Ὅρα
3158 2276 3212 2328 δὲ
3237 2278 3282 2329 εί
3332 2279 3406 2349 μὴ
3446 2280 3621 2332 ταῦτα
3655 2282 3901 2352 δηλοῦται

2329 2363 2393 2415 δι’
2426 2356 2501 2415 ὧν
2536 2365 2968 2435 παραθησόμεθα
3001 2368 3178 2435 ῥητῶν
3206 2369 3373 2433 οὕτως
3411 2373 3652 2442 ἐχόντων
3674 2393 3685 2403 ·
3716 2396 3734 2425 ι
3766 2376 3905 2445 Μηδὲ

2328 2454 2608 2525 γενηθήτω
2650 2457 2949 2526 οἰκτίρμων
3000 2462 3111 2519 τοῖς
3156 2461 3405 2528 ὀρφανοῖς
3451 2466 3617 2517 αὑτοῦ
3642 2507 3655 2529 ,
3698 2468 3814 2519 ἀνθ’
3842 2462 3905 2519 ὧν

2327 2545 2424 2597 οὐκ
2445 2546 2683 2617 ἐμνήσθη
2709 2550 2927 2616 ποιῆσαι
2945 2548 3113 2611 ἕλεος.
3143 2551 3248 2603 Καὶ
3276 2556 3595 2619 κατεδίωξεν
3618 2558 3900 2629 ἄνθρωπον

2328 2637 2532 2707 πένητα
2564 2639 2655 2689 καὶ
2689 2640 2919 2708 πτωχὸν,
2947 2640 3036 2692 καὶ
3082 2647 3544 2714 κατανενυγμένον
3586 2653 3656 2721 τῇ
3695 2653 3906 2721 καρδία,

2326 2728 2419 2780 τοῦ
2442 2729 2747 2782 θανατῶσαι
2791 2732 2930 2797 (58)·
2970 2733 3063 2784 καὶ
3090 2734 3341 2803 ἠγάπησε
3366 2738 3630 2807 κατάραν,
3662 2744 3762 2794 καὶ
3794 2743 3903 2811 ἡξει

2326 2818 2474 2888 αὐτῷ
2496 2836 2507 2848 ·
2546 2820 2638 2871 καὶ
2666 2820 2763 2872 οὐκ
2791 2821 3051 2890 ἠθέλησεν
3082 2826 3348 2892 εὐλογίαν,
3380 2828 3474 2879 καὶ
3524 2833 3904 2903 μακρυνθήσε-

2325 2923 2413 2958 ται
2442 2908 2533 2958 ἀπ’
2565 2908 2747 2959 αὐτοῦ.
2801 2930 2818 2960 ο
2859 2911 2917 2961 ΕΞ
2951 2910 3005 2962 δέ
3047 2930 3128 2974 τις
3161 2914 3476 2986 διηγήσεται
3534 2916 3593 2969 τὸ
3628 2937 3647 2968 ι
3682 2922 3897 2984 πάντως

2327 2997 2476 3050 ἔσται
2513 3018 2529 3049 ι
2558 2999 2693 3051 κατὰ
2722 2999 2783 3051 τὸ
2813 3003 3095 3070 σημαίνειν
3129 3006 3281 3070 αὐτὸ,
3302 3006 3492 3076 λέγων,
3516 3010 3597 3061 ὅτι
3637 3012 3793 3066 ἔσται
3812 3016 3903 3083 μὲν

2324 3088 2448 3139 τάδε
2478 3089 2613 3152 τινὰ,
2644 3091 2911 3159 ἐνεδέχετο
2944 3092 3118 3170 δὲκαὶ
3144 3096 3342 3167 ἑτέρης
3365 3100 3635 3167 γενέσθαι,
3655 3105 3817 3157 τοῦτο
3835 3106 3901 3165 ὡς

2326 3179 2519 3249 ἀληθὲς
2554 3183 2962 3253 συγχωροῦμεν.
3002 3186 3104 3237 Τὸν
3138 3189 3234 3257 μὲν
3271 3191 3380 3261 γὰρ
3412 3191 3545 3245 Θεὸν
3568 3195 3667 3247 οὐκ
3693 3198 3899 3267 ἐνδέχε-

2322 3284 2410 3319 ται
2442 3269 2763 3336 ψεύσασθαι,
2801 3273 3073 3342 ἐνδέχεται
3116 3277 3171 3329 δὲ
3217 3279 3343 3351 περὶ
3380 3280 3487 3332 τῶν
3539 3285 3898 3356 ἐνδεχομένων

2323 3360 2573 3427 γενέσθαι
2605 3363 2695 3414 καὶ
2722 3362 2794 3433 μὴ
2825 3367 3073 3431 γενέσθαι
3100 3370 3359 3438 φρονῆσαι
3390 3374 3449 3424 τὸ
3472 3377 3724 3443 γενέσθαι
3763 3381 3893 3432 αὐτὰ

2324 3452 2417 3502 καὶ
2453 3450 2525 3520 μὴ
2552 3454 2819 3519 γενέσθαι.
2856 3457 3189 3530 Σαφέστερον
3219 3460 3273 3512 δὲ
3320 3463 3475 3517 τοῦτο
3526 3469 3761 3540 ἐροῦμεν
3805 3472 3891 3523 οῦ-

2321 3561 2457 3605 τως·
2505 3546 2565 3597 Εἰ
2612 3548 2880 3617 ἐνδέχεται
2928 3548 3121 3601 Ἰούδαν
3171 3546 3306 3605 εἶναι
3359 3555 3651 3611 ἀπόστολον
3694 3562 3894 3631 ὁμοίως

2321 3635 2544 3705 Πέτρῳ,
2588 3638 2859 3706 ἐνδέχεται
2911 3638 2999 3689 τὸν
3032 3639 3160 3692 Θεὸν
3188 3643 3371 3712 νοῆσαι
3411 3648 3537 3716 περὶ
3562 3649 3655 3701 τοῦ
3704 3651 3888 3717 Ἰούδα,

2320 3725 2398 3775 ὅτι
2430 3727 2581 3793 μενεί
2608 3727 2898 3789 ἀπόστολος
2920 3730 3115 3797 ὁμοίως
3138 3731 3346 3801 Πέτρῳ.
3368 3735 3428 3786 Εἰ
3460 3737 3726 3807 ἐνδέχεται
3768 3744 3885 3796 Ἰού-

2320 3814 2414 3865 δαν
2450 3815 2712 3884 προδότην
2734 3818 3006 3883 γενέσθαι,
3043 3821 3313 3888 ἐνδέχεται
3344 3826 3445 3906 τὸν
3467 3826 3595 3879 Θεὸν
3626 3834 3885 3903 φρονῆσαι

2320 3906 2443 3975 περὶ
2477 3906 2661 3969 αὐτοῦ,
2697 3910 2777 3961 ὅτι
2802 3911 3071 3987 προδότης.
3090 3911 3261 3966 ἔσται.
3282 3915 3342 3965 EE
3373 3916 3428 3969 δὲ
3453 3920 3712 3992 προδότης
3737 3926 3884 3979 ἔσται

2332 3995 2547 4059 Ἰούδας,
2576 4001 2603 4049 ό
2635 3999 2763 4062 Θεὸς
2795 4004 2857 4071 τῇ
2886 4002 3187 4070 προγνώσει
3218 4006 3380 4060 αὑτοῦ
3421 4010 3527 4061 τῶν
3566 4019 3881 4085 προειρημέ-

2317 4103 2420 4138 νων
2471 4089 2829 4159 ἐνδεχομένων
2876 4093 2969 4145 δύο
3007 4097 3329 4163 γεγονότων,
3383 4101 3476 4153 τοῦ
3511 4099 3646 4156 εἶναι
3694 4106 3809 4179 (59)
3832 4113 3885 4160 ὲν

2319 4179 2463 4249 αὐτῷ
2487 4181 2545 4233 τὸ
2571 4182 2765 4254 ἀληθὲς
2797 4186 3202 4255 προγινώσκων,
3228 4194 3598 4263 προγνώσεται
3626 4199 3715 4250 τὸν
3760 4202 3883 4253 Ἰού-

2317 4266 2409 4318 δαν
2441 4270 2701 4341 προδότην
2735 4274 3017 4340 γενέσθαι·
3049 4278 3106 4329 τὸ
3140 4278 3194 4332 δὲ
3224 4282 3349 4351 περὶ
3381 4278 3439 4335 οὗ
3474 4286 3504 4353 ἡ
3536 4286 3763 4353 γνῶσις,
3798 4294 3879 4343 ὲν-

2317 4357 2528 4427 δέχεται
2558 4363 2878 4431 καὶέτέρως
2900 4362 3172 4433 γενέσθαι.
3212 4372 3320 4424 Καὶ
3345 4370 3490 4439 λέγοι
3521 4376 3585 4427 ἂν
3623 4380 3656 4448 ἡ
3687 4381 3879 4447 γνῶσις

2320 4448 2409 4499 τοῦ
2440 4452 2593 4513 Θεοῦ,
2622 4453 2700 4503 ὃτι
2738 4454 3006 4524 ἐνδέχεται
3033 4459 3132 4528 μὲν
3158 4460 3305 4513 τόνδε
3324 4464 3451 4516 τόδε
3476 4469 3727 4539 ποιῆσαι,
3749 4472 3877 4527 ἀλλὰ

668 4531 870 4599 probro
904 4544 1134 4587 vacaret.
1178 4534 1306 4591 Vide
1330 4553 1479 4607 ergo,
1526 4555 1653 4594 num
1703 4543 1754 4595 id
1787 4544 1963 4613 ipsum
2001 4547 2217 4600 disertis

2327 4541 2410 4591 καὶ
2439 4541 2496 4593 τὸ
2521 4542 2771 4597 ἐναντίον,
2823 4547 3213 4619 Ἐνδεχομένων
3257 4552 3311 4604 δὲ
3345 4531 3665 4627 ἀμφοτέρων
3685 4531 3872 4627 (οἶδα,

668 4621 817 4673 hisce
841 4620 1109 4689 Propheta
1154 4629 1536 4696 conceptisque
1560 4630 1738 4685 verbis
1772 4634 1979 4701 aperiat
2008 4653 2020 4686 :
2058 4653 2076 4685 ι
2107 4634 2218 4689 Nec

669 4713 759 4773 sit,
790 4714 879 4781 qui
937 4715 1255 4768 misereatur
1290 4720 1502 4785 pupillis
1542 4721 1685 4789 ejus,
1716 4739 1813 4791 pro
1842 4740 1907 4778 eo
1932 4727 2075 4793 quod
2114 4744 2217 4781 non

667 4810 749 4853 est
816 4806 1123 4859 recordatus
1190 4806 1365 4860 facere
1418 4809 1859 4868 misericordiam.
1924 4816 1990 4870 Et
2042 4834 2223 4886 perse-

669 4900 825 4944 cutus
876 4904 958 4948 est
1017 4897 1288 4951 hominem
1343 4899 1591 4966 inopem,
1654 4912 1705 4957 et
1774 4908 2107 4971 mendicum,
2170 4921 2221 4963 et

668 4994 1050 5050 compunctum
1104 4988 1263 5044 corde
1326 4992 1665 5045 mortiﬁcare.
1718 4994 1782 5049 Et
1812 4997 1998 5051 dilexit
2052 5003 2219 5054 male.

740 5184 847 5253 (37)
879 5184 1897 5269 :AredélxermFacilisemendatioest,
1928 5196 2216 5269 ἐνεδέχετο.

670 5250 779 5305 Hoc
813 5250 955 5306 enim
986 5250 1206 5334 verbum
1233 5256 1298 5310 iis
1329 5262 1559 5337 maxime
1576 5261 1665 5337 _de
1709 5250 2218 5337 rebus'usurpatur,

669 5337 789 5405 quae
822 5334 1109 5405 utramque
1158 5324 1233 5404 in.
1257 5336 1457 5392 partem
1487 5330 1547 5393 ἐξ
1576 5330 1690 5383 ῐσου
1731 5335 1944 5387 evenire
1971 5324 2218 5405 possunt,

669 5397 730 5440 ut
745 5390 925 5471 [paulp
961 5390 1082 5471 post
1109 5390 1324 5471 saepius.

740 5457 849 5539 (58)
883 5453 991 5539 Τοῦ
1022 5453 1371 5539 ᾷαναὲῷσαι.
1402 5463 1597 5539 Supple
1622 5470 1800 5525 ἕνεκα.
1831 5472 1986 5538 Quod
2017 5475 2068 5527 in
2092 5453 2222 5529 νυι-

669 5535 790 5604 gata
821 5530 979 5604 paulo
1009 5531 1327 5596 obscurius,
1359 5544 1406 5604 et
1450 5530 1811 5604 compunctum
1841 5530 2001 5596 corde
2034 5548 2220 5598 morti-

668 5596 845 5675 ﬁcere.
882 5597 1063 5675 Itaque
1089 5612 1209 5675 post
1242 5603 1459 5675 καρδίᾳ,
1488 5615 1541 5659 et
1564 5596 1749 5673 'corde,
1778 5596 2220 5668 adhibendaivir-

669 5666 813 5752 gula.
835 5676 915 5719 est
944 5684 958 5718 :
1000 5666 1338 5752 signiﬁcatur
1370 5666 1546 5752 enim,
1574 5691 1697 5752 eum
1737 5666 1841 5736 hoc
1882 5666 2063 5736 animo
2094 5666 2218 5752 per-

670 5744 912 5819 secutum
952 5751 1072 5815 esse
1120 5740 1389 5819 hominem
1424 5740 1606 5802 dolore
1640 5747 1753 5816 jam
1799 5740 2125 5817 confectum.
2165 5774 2223 5819 ut

671 5817 717 5855 ελ
750 5814 907 5857 Vitam
939 5814 1181 5875 eriperet.

2326 4630 2403 4681 ὅτι
2433 4632 2554 4684 τάδε
2586 4636 2818 4702 ποιήσει.
2861 4639 2937 4689 Οὐ
2965 4640 3072 4709 γὰρ
3100 4640 3285 4710 ὥσπερ
3310 4646 3337 4697 ό
3360 4645 3487 4709 Θεὸς
3511 4650 3652 4703 εἴποι
3680 4652 3763 4714 ἂν,
3784 4656 3877 4707 οὐκ

2323 4720 2586 4789 ἐνδέχεται
2613 4724 2761 4775 τόνδε
2784 4726 2901 4777 τινὰ
2933 4728 3021 4780 τὸν
3046 4728 3325 4801 ἄνθρωπον
3351 4737 3570 4805 πτῆναι,
3594 4737 3734 4791 οὕτω
3750 4760 3878 4813 χρη-

2325 4810 2477 4878 σμὸν,
2515 4813 2647 4881 φέρε
2703 4817 2893 4878 εἰπεῖν,
2930 4819 3055 4888 περί
3086 4837 3226 4885 τινος
3272 4824 3446 4888 διδοὺς
3492 4828 3636 4897 ὲρεῖ,
3668 4831 3745 4882 ὃτι
3783 4810 3876 4887 οὐκ

2322 4900 2587 4969 ἐνδέχεται
2622 4904 2767 4956 τόνδε
2804 4912 3161 4981 σωφρονῆσαι.
3193 4916 3431 4985 Δύναμις
3459 4919 3556 4987 μὲν
3577 4922 3685 4993 γὰρ
3708 4925 3873 4995 πάντη

2320 4989 2419 5042 οὐκ
2447 4992 2560 5045 ἔστι
2589 4994 2682 5045 τοῦ
2710 4996 2906 5065 πτῆναι
2941 5002 3188 5073 οὐδαμῶς
3209 5008 3267 5057 ὲν
3286 5006 3364 5075 τῷ
3387 4989 3678 5082 ἀνθρώπῳ,
3728 4989 3873 5068 eam;

2359 5210 2497 5289 _(Ei9)
2526 5212 2644 5291 Τοῦ
2672 5209 2839 5268 εἶναι.
2872 5216 3252 5291 Subobscnrus
3278 5223 3445 5280 locus.
3484 5209 3573 5283 'An
3620 5213 3865 5290 mutanda

2320 5276 2595 5369 distip'ctio
2620 5292 2746 5369 Jest,
2793 5293 2845 5338 et
2894 5290 3000 5369 τοῦ·
3028 5288 3189 5369 εἶναι.

2321 5350 2760 5435 construendum,
2811 5364 2870 5408 ut
2899 5360 3291 5435 __subintelligas
3337 5366 3496 5434 χάριν
3511 5350 3633 5421 “vel

2320 5417 2399 5513 ἔῃ
2450 5420 2524 5502 ita
2574 5421 2750 5505 potius
2795 5427 3129 5513 _orc‘linan'da~
3167 5417 3471 5513 seinterﬁja?

2320 5488 2621 5565 προγνώσει
2666 5491 2845 5557 αὑτοῦ,
2892 5499 2948 5546 ὲν
2992 5498 3129 5549 αὕτ’
3162 5501 3223 5553 τὸ
3262 5501 3453 5571 ἀληθὲς

2318 5570 2409 5607 του
2452 5554 2586 5611 εἶναι
2631 5559 2735 5610 τῶν
2778 5566 3065 5623 προιιρηιι.
3095 5516 3279 5623 Ἕνδιγ.
3322 5571 3368 5623 δ.
3403 5588 3584 5623 γεγον-
3616 5580 3698 5623 An
3727 5582 3864 5623 dpni-

2319 5574 2409 5607 του
2452 5574 2586 5611 ειναι
2631 5575 2735 5610 των
2778 5578 3065 5635 προειρημ.
3112 5574 3279 5640 ὲνδιχ.
3322 5574 3368 5624 δ.
3403 5574 3584 5640 γεγον.
3610 5574 3698 5632 ίΔυ
3727 5582 3864 5634 deni-

2319 5639 2441 5713 que,
2487 5627 2583 5713 τοῦ
2636 5624 2789 5713 εἶναι
2836 5637 3086 5705 sumitur,
3097 5654 3241 5713 _pro
3282 5639 3384 5694 τοῦ.
3424 5641 3621 5713 ὄντος,
3662 5651 3744 5703 vel
3779 5646 3867 5703 τοῦ

2321 5702 2612 5831 iging
2675 5710 3029 5789 πράγματος,
3071 5702 3303 5781 "Elige;
3367 5702 3721 5781 postremum,
3772 5702 3863 5775 hoc
