3976 6340
80 468 171 524 ιοδ

1213 467 1532 522 Pili-WAR.
1575 468 1824 525 EVANG.
1869 465 1996 524 LIB.
2037 464 2126 524 Vl.

3189 453 3295 510 ιοι

83 606 160 656 μις
195 586 246 641 δέ
295 591 410 642 ἐστι
460 590 554 644 τοῦ
594 592 936 663 σωιρρονῆσαι
970 593 1064 644 καὶ
1105 590 1198 643 τοῦ
1233 591 1621 660 ἀκολαστῆσαι.

1746 590 2038 654 lictiunem,
2099 598 2152 642 et
2190 584 2365 639 veniet
2415 583 2502 637 ei:
2535 589 2589 635 et
2621 576 2794 632 noluit
2841 570 3294 634 benedictionem,

105 682 504 753 Ωνάμφοτέρων
536 685 816 753 δυνάμεων
850 683 1229 753 ὑπαρχουσῶν,
1270 684 1299 735 ό
1347 681 1421 752 μὴ
1465 698 1634 752 προσ-

81 773 201 841 έχων
243 773 419 842 λόγοις
471 777 872 846 ὲπιτρεπτικοῖς
911 778 1004 828 καὶ
1045 775 1406 837 παιδευτικοῖς
1442 773 1632 826 ἑαυτὸν

85 863 334 917 ἐπιδίδωσι
377 869 443 936 τῇ
492 867 769 937 χειρίστη·
804 866 1072 937 κρείττονι
1119 865 1174 917 δὲ
1222 865 1249 916 ὁ
1294 865 1533 935 ζητήσας
1575 861 1636 916 τὸ

83 954 278 1024 ἀληθὲς,
307 958 400 1008 καὶ
432 957 624 1026 βιῶσαι
660 956 1051 1026 βεὸουλημένος
1089 957 1208 1010 κατ’
1246 955 1396 1009 αὑτό.
1433 957 1505 1008 Οὐ
1540 955 1636 1026 ζη-

84 1047 219 1126 τεῖιδὲ
249 1048 332 1100 ὅδε
378 1050 475 1118 μὲν
513 1049 720 1118 τάληθῆ
747 1088 762 1111 ,
793 1051 914 1102 ἐπεὶ
941 1049 1224 1120 ἐπιρρέπει
1257 1049 1348 1099 ἐπὶ
1389 1049 1486 1118 τὴν
1517 1048 1638 1117 ήδο-

85 1141 186 1209 νην,
220 1142 299 1192 6'3:
339 1141 395 1192 δὲ
429 1141 667 1205 ἐξετάζει
712 1143 835 1212 περὶ
867 1141 1075 1205 αὐτῶν,
1111 1141 1346 1212 αἱρεθεὶς
1397 1140 1501 1195 ὑπὸ
1530 1141 1637 1192 τῶν

87 1231 256 1282 κοινῶν
281 1232 516 1293 ἐννοιῶν,
545 1249 639 1282 και
662 1233 819 1299 λόγου
855 1232 1268 1304 προτρεπτικού.
1301 1231 1466 1283 Πάλιν
1499 1230 1542 1282 δ’
1570 1225 1636 1283 αὖ

88 1322 158 1373 ὅδε
187 1323 278 1390 μὲν
303 1326 537 1394 αἱρεῖται
567 1324 663 1393 τὴν
685 1325 898 1394 ἡδονὴν,
921 1326 1039 1394 οὐχὶ
1065 1325 1124 1376 ού
1170 1325 1462 1394 δυνάμενος
1496 1325 1641 1376 ἀντι-

91 1411 284 1464 ϐλέπειν
311 1414 467 1482 αὐτῇ,
499 1413 609 1465 ἀλλ’
637 1416 736 1465 οὐκ
783 1414 1180 1483 ἀγωνιζόμενος
1202 1431 1214 1444 ⁸
1262 1415 1346 1466 ὅδε
1388 1415 1443 1466 δὲ
1475 1431 1641 1466 κατα-

93 1506 257 1570 φρονεῖ
283 1505 472 1573 αὐτῆς,
504 1505 564 1556 τὸ
591 1505 835 1575 ἄσχημον
869 1505 1009 1576 ὀρῶν
1038 1507 1096 1557 τὸ
1130 1507 1205 1566 ὲν,
1228 1507 1363 1576 αὐτῇ
1389 1505 1640 1568 πολλάκις

91 1595 351 1663 τδγχάνον.
391 1597 511 1648 Ὀτι
542 1597 720 1665 μέντοι
744 1616 804 1666 γε
835 1600 866 1667 ή
895 1599 1196 1668 πρόγνωσις
1238 1596 1331 1649 τοῦ
1369 1597 1502 1650 Θεοῦ
1544 1597 1642 1648 οὐκ

95 1683 312 1754 ἀνάγκην
345 1685 615 1754 ἐπιτίθησι
635 1689 744 1748 τοῖς
775 1704 838 1737 πε
851 1688 902 1757 pl.
928 1681 1001 1738 ὧν
1025 1685 1340 1754 κατείληφε,
1370 1685 1501 1754 πρὸς
1531 1688 1642 1746 τοῖς

96 1791 297 1844 προειρη
309 1776 484 1845 μένοις
496 1777 758 1829 καὶτοῦτο
773 1778 1000 1843 λέξεται,
1017 1779 1096 1830 ὅτι
1112 1777 1373 1847 πολλαχοῦ
1386 1777 1490 1828 τῶν
1507 1776 1645 1846 Γρα-

98 1866 192 1932 φῶν
213 1867 337 1930 Θεὸς
359 1867 566 1919 κελεύει
583 1870 706 1932 τοὺς
725 1871 1005 1938 προφήτας
1028 1869 1320 1940 κηρύσσειν
1337 1867 1640 1938 μετάνοιαν,

1731 693 1786 738 et
1826 682 2162 753 elongabitur
2195 679 2264 733 ab
2299 692 2364 730 eo
2387 676 2454 728 ³’.
2511 692 2530 726 ι
2592 669 2686 724 Sin
2741 677 2920 723 autem
2985 663 3116 720 illud
3156 663 3295 716 idem

1732 775 1876 844 quod
1899 773 2125 828 omnino
2157 770 2401 824 futurum
2424 765 2644 830 dicitur,
2670 763 2742 816 ita
2775 761 2921 830 quis,
2955 767 3116 828 prout
3144 769 3298 809 asse-

1737 864 2030 920 verationis
2078 863 2242 933 hujus
2294 857 2619 929 signiﬁcatio
2671 852 2943 924 postulat,
2997 847 3295 916 intelliget,

1736 957 1896 1028 quasi
1953 955 2198 1010 futurum
2250 953 2323 1009 sit
2383 949 2516 1005 illud
2562 949 2803 1018 quidem,
2853 952 3104 998 caeterum
3141 941 3300 995 aliter

1736 1050 1898 1103 etiam
1929 1045 2147 1102 evenire
2193 1042 2462 1114 potuisset
2504 1038 2619 1101 :.id
2643 1047 2900 1106 tanquam
2934 1048 3122 1088 verum
3157 1030 3300 1084 ultro

1739 1141 1994 1196 fatemur.
2027 1137 2163 1191 Nam
2201 1145 2260 1191 ut
2285 1135 2501 1189 mentiri
2532 1133 2674 1188 Deus
2704 1131 2925 1200 fallique
2955 1143 3062 1183 non
3100 1133 3298 1196 potest,

1739 1234 1812 1288 ita
1844 1248 1964 1302 quae
1990 1229 2105 1284 ﬁeri
2135 1242 2288 1297 atque
2323 1242 2386 1281 ac
2411 1243 2519 1280 non
2547 1226 2660 1279 tleri
2689 1230 2940 1293 possunt,
2966 1220 3155 1274 eadem
3185 1220 3300 1287 ipse

1741 1324 1921 1378 futura
1952 1337 2115 1376 nosse
2145 1319 2366 1389 pariter,
2399 1325 2491 1372 aut
2518 1332 2626 1371 non
2662 1315 2841 1369 futura
2870 1320 3065 1382 potest.
3099 1308 3300 1363 Verum

1740 1414 2034 1469 dilucidius
2063 1412 2166 1466 hac
2199 1411 2264 1465 de
2293 1425 2349 1464 re
2394 1409 2540 1462 hunc
2592 1408 2646 1460 in
2699 1406 2918 1460 modum
2975 1412 3303 1476 statuemus.

1744 1504 1800 1560 Si
1833 1504 1993 1558 Petro
2018 1502 2214 1558 similis
2245 1500 2521 1570 apostolus
2543 1497 2709 1552 Judas
2737 1511 2858 1550 esse
2886 1503 3086 1565 potest,
3122 1500 3307 1562 potest

1742 1598 1905 1650 etiam
1935 1594 2078 1650 Deus
2105 1592 2299 1648 Judam
2334 1591 2644 1661 apostolum
2697 1586 2855 1641 Petro
2895 1584 3125 1640 similem
3155 1580 3305 1634 futu-

1743 1705 1864 1742 rum
1901 1701 2251 1757 cognoscere.
2285 1683 2566 1739 Similiter.
2604 1680 2650 1734 si
2697 1679 2938 1748 proditor
2981 1673 3150 1728 Judas
3184 1685 3308 1726 esse

1745 1789 1942 1850 potest,
1976 1765 2150 1848 potest
2181 1791 2398 1847 quoque
2425 1773 2570 1828 Deus
2599 1774 2748 1826 illum
2779 1785 2938 1824 nosse
2971 1767 3306 1838 proditorem

1747 1872 2018 1925 futurum.
2071 1868 2188 1922 1am
2225 1868 2270 1921 si
2304 1881 2362 1920 re
2390 1866 2503 1934 ipsa
2529 1865 2773 1935 proditor
2803 1861 2971 1916 Judas
2999 1861 3121 1926 erit,
3164 1858 3306 1911 Deus

99 1957 146 2006 ού
177 1962 672 2030 προσποιησάμενος
715 1959 826 2027 (40)
871 1959 930 2010 τὸ
983 1959 1296 2026 ἐγνωκέναι,
1344 1959 1567 2028 πότερον
1593 1959 1641 2010 ol

1747 1978 1898 2025 sane,
1928 1961 2020 2030 qui
2058 1969 2350 2028 utrumque
2397 1957 2530 2011 illud
2564 1955 2678 2009 ﬁeri
2710 1967 2870 2024 posse
2915 1949 3202 2021 praenovit,
3244 1955 3306 2002 ut

100 2048 398 2112 ἀκούσαντες
423 2050 862 2119 ἐπιστρέφουσιν,
894 2049 925 2120 ἦ
952 2054 1061 2114 τοῖς
1090 2050 1480 2120 ἁμαρτήμασιν
1523 2049 1646 2101 ἑαυ-

98 2138 188 2190 τῶν
219 2140 558 2208 ἐμμενοῦσιν.
612 2145 819 2211 Ὠσπερ
876 2143 932 2193 ἐν
979 2140 1057 2209 τῷ
1113 2141 1352 2212 Ἱερεμίᾳ⁸
1390 2140 1638 2208 λέγεταιο

107 2231 292 2292 (Ἴσως
340 2233 694 2297 ἀκούσονται,
751 2234 842 2285 καὶ
877 2233 1310 2302 μετανοήσουσιν.
1367 2253 1385 2285 ι
1439 2235 1512 2286 Οὐ
1538 2232 1646 2306 γὰρ

103 2317 285 2383 ἀγνοῶν
314 2323 340 2372 ό
384 2322 549 2385 Θεὸς,
585 2323 808 2394 πότερον
851 2323 1171 2376 ἀκούσουσιν
1219 2323 1251 2394 ἢ
1313 2322 1372 2374 οὗ
1396 2364 1410 2388 ,
1446 2325 1644 2395 φησιν·

107 2410 242 2473 Ἰσως
269 2411 602 2474 ἀκούσονται,
637 2414 728 2464 καὶ
757 2415 1172 2482 μετανοήσουσιν
1190 2430 1202 2441 ·
1244 2413 1357 2465 ἀλλ’
1398 2416 1556 2467 οἱονεὶ
1586 2415 1648 2468 τὸ

108 2500 378 2553 ἰσοστάσιον
425 2502 532 2554 τῶν
563 2503 838 2572 δυνάμεων
870 2505 1119 2571 γενέσθαι
1177 2505 1388 2567 δεικνὺς
1436 2506 1497 2558 ἐκ
1541 2507 1647 2558 τῶν

107 2590 402 2660 λεγομένων,
435 2594 520 2645 ἵνα
567 2596 640 2665 μὴ
663 2637 676 2660 ,
715 2596 1296 2666 προκατηγγελμένηή
1345 2598 1647 2666 πρόγνωσις

109 2681 291 2762 αὐτοῦ’,
345 2694 671 2738 καταπεσεῖν
720 2689 919 2760 ποιήσῃ
947 2690 1069 2751 τοὺς
1126 2688 1436 2752 ἀκούοντας,
1492 2688 1646 2753 δόξαν

109 2772 326 2842 ἀνάγκης
365 2778 710 2845 παριστᾶσα,
755 2778 830 2840 ὡς
859 2779 956 2831 οὐκ
1005 2779 1156 2842 ὄντος
1209 2782 1292 2830 ἐπ’
1335 2781 1516 2842 αὐτοῖς
1554 2778 1646 2831 τοῦ

111 2861 420 2931 ἐπιστρέψαι,
455 2865 548 2916 καὶ
583 2865 720 2935 αὕτη
752 2866 899 2917 αῑτὶα
926 2867 1146 2936 γένηται
1179 2867 1289 2937 (41)
1331 2867 1438 2919 τῶν
1473 2869 1649 2937 ἀμαρ-

110 2953 366 3018 τημὰτων·
407 2955 437 3024 ἢ
470 2956 630 3008 πάλιν
660 2959 769 3018 τοῖς
798 2959 862 3008 ὲκ
887 2957 980 3008 τοῦ
1022 2960 1234 3025 ἀγνοεῖν
1273 2960 1331 3010 τὸ
1369 2975 1648 3029 προεγνω-

114 3044 280 3110 σμένον
309 3047 465 3098 καλὸν
490 3047 800 3117 δυναμένοις
823 3050 880 3098 ἐν
914 3048 990 3117 τῷ
1016 3049 1403 3116 ἀγωνίσασθαι,
1432 3051 1526 3102 καὶ
1558 3052 1651 3103 ἀν·-

110 3136 328 3189 τιτεξνειν
360 3140 493 3209 πρὸς
527 3139 622 3209 τὴν
655 3139 848 3192 κακίαν
873 3141 930 3191 ὲν
963 3142 1129 3210 ἀρετῇ
1157 3138 1367 3208 βιῶσαι,
1401 3141 1547 3193 αἰτία
1568 3141 1651 3209 γέ-

1745 2052 1822 2107 rei
1853 2051 2120 2120 cujusque
2147 2049 2427 2104 veritatem
2457 2047 2512 2101 in
2542 2061 2601 2101 se
2634 2045 2752 2115 ipso
2775 2043 3084 2113 praenoscit,
3115 2042 3190 2096 ita
3209 2037 3307 2094 Ju-

1745 2142 1869 2196 dam
1899 2157 1957 2194 re
1975 2141 2100 2210 ipsa
2132 2137 2466 2208 proditorem
2512 2135 2758 2189 futurum
2819 2138 3144 2202 pramoscet,
3177 2141 3304 2182 cum

1746 2237 1950 2290 interea
2003 2233 2148 2303 quod
2195 2247 2320 2287 eum
2354 2231 2408 2285 in
2445 2229 2666 2283 modum
2703 2223 3000 2294 cognoscit,
3036 2223 3192 2277 aliter
3237 2235 3306 2274 ex

1747 2341 1866 2382 sese
1898 2324 2116 2380 evenire
2146 2331 2346 2392 posset.
2398 2320 2584 2390 Itaque
2628 2332 2736 2372 non
2793 2315 3064 2370 immerito
3109 2313 3308 2367 divinae

1745 2415 2064 2486 praenotioni
2089 2413 2356 2483 ejusmodi
2374 2412 2549 2471 oratio
2575 2410 2844 2464 tribuatur
2867 2425 2881 2462 :
2904 2407 3162 2462 Accidere
3185 2419 3306 2458 om-

1746 2511 1878 2564 nino
1903 2515 2096 2577 potest,
2125 2505 2203 2560 uti
2236 2506 2337 2560 hoc
2372 2503 2439 2557 ab
2469 2503 2573 2557 isto
2599 2501 2724 2567 ﬁat;
2756 2516 2854 2554 nec
2886 2500 3067 2553 minus
3101 2507 3304 2560 tamen,

1746 2598 1822 2651 uti
1852 2595 2184 2650 contrarium
2213 2612 2225 2648 :
2253 2609 2353 2663 ego
2385 2607 2537 2657 vero,
2565 2607 2688 2644 curn
2716 2591 2829 2644 licri
2859 2599 3150 2659 utrumque
3180 2605 3310 2659 pos-

1748 2690 1837 2753 sit,
1868 2689 2094 2742 altcrum
2127 2689 2228 2741 hoc
2255 2685 2500 2739 futurum
2540 2682 2686 2736 novi.
2736 2680 2919 2751 Neque
2960 2683 3105 2736 enim
3142 2679 3306 2742 Deus,

1747 2779 2203 2849 quemadmodum
2231 2787 2286 2831 ut
2315 2787 2500 2832 certus
2531 2776 2618 2830 hic
2663 2777 2827 2829 homo
2858 2774 3018 2836 volet,
3050 2773 3163 2827 lieri
3197 2788 3306 2826 non

1749 2887 1910 2942 posse
1940 2871 2280 2941 pronuntiat,
2311 2869 2381 2922 ita
2410 2867 2634 2938 perinde
2683 2881 2747 2922 ac
2796 2866 2842 2920 si
2894 2865 3074 2935 aliqua
3122 2864 3194 2918 de
3249 2878 3310 2918 re

1747 2965 2027 3020 oraculum
2060 2963 2262 3026 ederet,
2292 2961 2438 3015 hunc
2463 2969 2555 3014 aut
2588 2959 2738 3012 illum
2771 2965 3158 3027 temperantem
3186 2955 3309 3023 ﬁeri

1749 3075 1911 3129 posse
1952 3067 2131 3129 negat.
2161 3056 2294 3110 Nam
2329 3056 2622 3117 cum_nulla
2656 3068 2881 3125 prorsus
2913 3054 2976 3108 ad
3011 3053 3307 3107 volandum

1751 3150 2008 3205 facultate
2038 3151 2333 3203 instructus
2357 3147 2521 3218 289
2547 3148 2709 3201 homo
2740 3147 2828 3209 sit,
2855 3145 3096 3214 ejusdem
3126 3153 3310 3198 tamen

113 3243 248 3296 νηται
290 3231 321 3298 ή
351 3232 652 3300 πρόγνωσις
684 3231 973 3296 ἐκλύσεως,
997 3232 1096 3282 οὑκ
1130 3230 1209 3282 ἔτι
1235 3231 1461 3293 εὐτόνως
1496 3234 1643 3285 ἱστα-

1761 3240 2042 3309 potestatis
2075 3247 2177 3304 est,
2225 3239 2308 3292 vel
2355 3246 2715 3307 temperanter
2761 3237 2846 3290 vel
2890 3236 3311 3304 intemperanter

118 3319 273 3384 μένοις
297 3323 432 3372 κατά
462 3323 559 3390 τῆς
584 3321 874 3391 ἁμαρτίας,
907 3322 981 3384 ὡς
1013 3322 1226 3384 πάντως
1266 3322 1523 3392 ἐσομένου
1551 3323 1644 3376 τοῦ

117 3414 503 3481 προειρημένου.
535 3415 642 3466 Καὶ
667 3414 805 3465 οὕτω
831 3415 935 3482 γάρ
956 3408 1064 3473 οἷον
1083 3413 1334 3482 ἐμπόδιον
1363 3413 1556 3481 γένοιτ’
1580 3414 1648 3466 ἂν

117 3498 144 3565 ἡ
171 3500 451 3568 πρόγνωσις
478 3501 570 3554 τοῦ
599 3503 852 3572 ἐσομένου
883 3500 1066 3554 καλοῦ.
1099 3503 1280 3554 Πάντα
1306 3501 1433 3570 γοῦν
1459 3504 1650 3574 χρησί-

121 3608 215 3657 μως
236 3595 261 3644 ό
285 3594 408 3656 Θεὸς
440 3595 507 3647 τά
537 3596 678 3647 κατὰ
702 3595 791 3647 τὸν
824 3597 1023 3663 κόσμον
1055 3595 1348 3662 οἰκονομῶν
1367 3635 1381 3658 ,
1415 3595 1648 3662 εὐλόγως

119 3681 241 3748 ἡμᾶς
267 3687 356 3738 καὶ
381 3685 516 3757 πρὸς
540 3686 607 3738 τὰ
643 3687 900 3756 μέλλοντα
931 3688 1254 3754 ἐτύφλωσεν.
1291 3689 1354 3739 Ἥ
1373 3686 1479 3759 γὰρ
1511 3687 1650 3755 γνῶ-

122 3785 189 3831 σις
215 3773 379 3826 αὐτῶν
413 3775 584 3844 ἀνῆκε
621 3775 716 3845 μὲν
748 3776 891 3844 ἡμᾶς
917 3776 1024 3828 ἀπὸ
1058 3776 1151 3828 τοῦ
1181 3776 1360 3828 ἀθλεῖν
1393 3777 1530 3829 κατά
1553 3778 1648 3847 τῆς

121 3862 309 3927 κακίας,
344 3865 603 3935 ἐπέτρεψε
637 3866 679 3918 δ’
699 3865 762 3917 ἂν
787 3865 1379 3936 δόξασα-κατειλῆφθαι,
1409 3866 1545 3936 πρὸς
1566 3867 1646 3928 τὸ,

124 3952 184 4021 μὴ
210 3953 679 4019 ἀντιπαλαίσαντας
715 3959 861 4028 ἡμᾶς
891 3959 956 4026 τῇ
990 3957 1259 4027 ἁμαρτίᾳ,
1295 3958 1477 4026 τάχιον
1511 3959 1646 4027 αὐτῇ

122 4040 427 4115 ὑποχειρίους
463 4047 732 4115 γενέσθαι.
777 4049 925 4117 Ἅμα
967 4047 1022 4100 δὲ
1061 4047 1154 4099 καὶ
1178 4041 1500 4116 ’μαχόμενον
1539 4046 1648 4117 (42)

124 4131 402 4206 ἐγίνετο,τῷ
429 4138 590 4190 καλὸν
625 4139 717 4190 καὶ
744 4138 942 4207 ἀγαθὸν
985 4137 1233 4205 γενέσθαι
1280 4137 1402 4190 τινὰ
1449 4138 1507 4190 τὸ
1553 4137 1649 4207 τὴν

125 4225 393 4292 πρόγνωσιν
445 4229 757 4299 ἐληλυθέναι
811 4233 890 4294 εἰς
918 4230 1064 4283 τόνδε
1111 4229 1262 4293 τινὰ,
1308 4230 1388 4282 ὅτι
1435 4230 1648 4290 πάντως

125 4313 251 4368 ἕσται
272 4321 481 4387 ἀγαθός.
513 4322 655 4392 Πρὸς
685 4319 765 4384 οἷς
796 4323 904 4392 γὰρ
924 4321 1112 4392 ἔχομεν
1147 4319 1277 4390 (45),
1309 4319 1402 4372 καὶ
1429 4319 1650 4391 σφοδρό⁸

183 4427 221 4456 ³⁷
249 4427 382 4483 Psal.
418 4448 571 4497 cvm,
599 4433 685 4486 12.

148 4608 156 4617 _
185 4539 284 4610 (40)
313 4547 387 4596 Οὐ
417 4546 993 4617 προσποιησάμενος.
1025 4544 1261 4601 Gallicus
1307 4543 1644 4617 etiamidio—

126 4592 428 4687 ιεξιηιειρει,
454 4592 530 4666 ςιε
561 4592 1648 4687 itania;at.nunquaajnunas
1677 4592 1722 4646 ι)

128 4679 548 4756 minus__patitur;
591 4685 736 4756 aliud
767 4679 909 4738 enim
957 4695 1056 4756 est,
1091 4700 1192 4756 non
1221 4679 1409 4737 stmulo
1440 4699 1519 4736 me
1549 4700 1646 4756 ou-

129 4749 242 4820 dire,
265 4751 419 4815 aliud,
456 4751 645 4804 simulo
677 4768 754 4805 me
801 4771 901 4806 non
936 4755 1139 4820 audire,
1167 4753 1268 4806 hoc
1311 4761 1413 4817 est,
1458 4753 1642 4806 audire

130 4831 194 4867 me
215 4819 495 4874 dissimulo.
535 4823 604 4873 At
639 4821 839 4876 Graacis
866 4822 1141 4891 Gallisque
1171 4822 1390 4890 perinde
1420 4831 1522 4881 est.
1550 4838 1643 4876 seu
1678 4826 1683 4831 ’

131 4891 443 4960 praeminatur
509 4891 916 4960 negatiohseu
974 4899 1385 4960 consequatur,
1432 4894 1642 4945 tametsi

132 4951 261 5023 longe
278 4963 466 5028 saepius
495 4951 744 5028 praemitti
771 4958 954 5013 Graece
979 4951 1338 5014 consueverit.
1375 4959 1642 5013 Interdum

132 5027 752 5097 πῖαρ-προσποιεῖσθαι,
798 5028 1147 5093 ὲλλειπτικῶς
1200 5039 1524 5097 usurpatur,
1587 5040 1646 5083 ut

134 5093 250 5168 tippd
274 5093 608 5168 Demostheni.
655 5097 758 5151 Pro
786 5115 960 5150 coron.
994 5115 1010 5150 :
1045 5101 1182 5168 Ὅρα
1208 5098 1280 5166 μὴ
1315 5093 1527 5168 τούτων.
1549 5099 1644 5167 μὲν

319 5157 398 5238 ᾖς,
432 5169 660 5238 suetas
693 5170 988 5238 προσποιῇ,
1022 5157 1640 5238 sub-intelligitur,sitiat.

134 5219 241 5309 na
267 5219 525 5289 adstas.
545 5219 882 5298 λεἐ-σιιελεέη,
911 5219 1002 5304 ῥὶιῖ
1024 5219 1079 5309 faj
1093 5219 1410 5291 liberalibus
1444 5219 1644 5309 acciri;

137 5303 517 5379 {Iis_i.rnparat_usr
538 5323 661 5379 cum
692 5315 853 5379 esset,
890 5308 1084 5379 eruditi
1127 5313 1409 5379 nomen_et
1441 5303 1639 5379 famam

137 5368 395 5427 ambiebat:
425 5376 550 5445 Τοῖς
603 5376 658 5428 δὲ
721 5376 1087 5445 ἀπολειφθεῖσι
1123 5376 1255 5444 μὲν,
1314 5375 1498 5444 ὥσπερ
1537 5377 1638 5445 σοὶ,

137 5444 568 5524 ’ξροστεοιομμένοις
587 5445 644 5496 δὲ
655 5445 765 5524 ..ὑπ’
795 5444 1164 5524 ἀναισθησίας,
1194 5445 1252 5524 το
1276 5444 1643 5524 τοὺς-ἀκούον-

137 5519 210 5594 ξς
234 5513 393 5594 ἀλγεῖν
424 5516 616 5594 ποιεῖν,
653 5514 778 5566 όταν
814 5513 1039 5584 λέγωσιν
1060 5554 1073 5577 ,
1102 5515 1160 5566 οὐ
1188 5515 1250 5567 τὸ
1273 5515 1444 5565 δοκεῖν
1469 5513 1640 5566 τοιού-

138 5587 233 5651 τοις.
248 5584 370 5651 εἰναι
399 5599 465 5633 πε
475 5584 693 5651 ρίεστιν.

194 5645 285 5717 (41)
315 5645 743 5720 Αὶτίιίτένηται
766 5693 780 5716 ,
814 5661 915 5708 etc.
949 5655 1103 5706 Αιτια
1148 5654 1237 5706 hic
1277 5651 1491 5706 occasio
1535 5662 1638 5716 est,

140 5710 339 5836 ξτφὲρμή.
369 5710 736 5802 Ροττὺηαὶτίαν
761 5710 857 5787 ait,
893 5739 998 5777 non
1026 5723 1268 5777 absolute
1292 5721 1383 5801 τοῦ
1420 5710 1639 5801 μὴεπιξ

245 5805 344 5836 θαι-
377 5791 465 5836 sed
489 5807 598 5836 των
629 5792 1050 5836 ἁμαρτημάτων-
1089 5791 1196 5836 Nec
1227 5805 1368 5836 enim
1399 5793 1509 5836 ﬁeri
1542 5807 1639 5836 nn-

145 5790 344 5861 στρέψαι,
377 5790 598 5861 εεό-τῶν
629 5792 1050 5861 ἁμαρτημάτων.
1075 5791 1196 5861 ίΝθο
1227 5791 1368 5843 enim
1399 5792 1509 5843 ﬁeri
1542 5807 1640 5860 po-

145 5857 243 5920 test,
272 5869 322 5911 ut
346 5859 484 5929 quod
517 5861 650 5915 mihi
670 5857 1024 5916 'Deus'certo
1063 5860 1304 5915 futurum
1334 5857 1559 5930 aperiat,
1587 5861 1637 5914 id

1748 3331 1952 3383 vivere.
1982 3329 2058 3382 Ita
2089 3344 2212 3383 cum
2265 3339 2553 3397 utramque
2599 3327 2908 3382 facultatem
2965 3326 3180 3389 habeat,
3214 3323 3309 3392 qui

1748 3419 2151 3475 cohortationes
2201 3427 2254 3473 et
2299 3418 2560 3473 doctrinae
2585 3426 2853 3486 pnecepta
2883 3416 3126 3484 negligit,
3155 3415 3307 3468 dete-

1747 3510 1878 3564 riori
1916 3524 2036 3565 sese
2071 3509 2364 3578 permittit;
2396 3509 2491 3579 qui
2531 3508 2652 3562 vita:
2683 3509 2748 3563 ad
2792 3505 3034 3561 veritatis
3056 3521 3306 3559 normam

1747 3600 2022 3670 exigendae
2047 3601 2247 3663 studio,
2281 3600 2334 3652 in
2357 3600 2475 3669 ejus
2509 3598 2852 3668 indagatione
2875 3605 3143 3662 versatur,
3166 3595 3211 3650 is
3241 3596 3309 3650 ad

1749 3693 2029 3747 meliorem
2067 3706 2186 3746 sese
2236 3690 2502 3760 adjungit.
2535 3689 2826 3754 Caeterum,
2875 3687 3021 3759 quod
3055 3689 3192 3742 alter
3242 3689 3310 3742 de

1747 3797 1878 3835 vero
1900 3781 2205 3852 indagaudo
2241 3785 2420 3835 minus
2451 3780 2680 3842 laboret,
2714 3778 3005 3848 voluptatis
3059 3778 3110 3831 id
3160 3779 3311 3848 cupi-

1750 3873 1919 3926 ditate
1958 3875 2053 3938 tit;
2090 3873 2224 3926 alter
2251 3886 2402 3937 vero,
2437 3871 2583 3941 quod
2608 3871 2727 3940 ejus
2757 3869 2937 3925 studio
2981 3882 3310 3937 magnOpere

1751 3971 2020 4024 teneatur,
2074 3963 2178 4016 hoc
2230 3971 2379 4016 certo
2417 3962 2650 4031 quodam
2701 3959 3031 4030 proprioque
3077 3959 3308 4013 consilio

1749 4052 1896 4115 facit,
1935 4053 2002 4105 ad
2032 4053 2177 4121 quod
2206 4053 2400 4121 partim
2452 4053 2568 4121 ipsa
2603 4052 2821 4105 notione
2856 4064 3127 4119 sensuque
3157 4063 3308 4103 com-

1751 4140 1924 4206 muni,
1954 4141 2148 4208 partim
2181 4140 2558 4194 cohortatione
2605 4138 2867 4193 adductus
2904 4147 3006 4194 est.
3035 4136 3308 4193 Praeterea

1748 4233 2076 4301 voluptatem
2111 4232 2248 4285 alter
2283 4246 2389 4285 non
2420 4247 2485 4285 eo
2509 4231 2906 4300 complectitur,
2932 4229 3081 4299 quod
3107 4229 3302 4283 adver-

1749 4341 1844 4379 sus
1873 4339 1991 4379 eam
2022 4325 2319 4379 consistere
2344 4333 2595 4392 nequeat,
2621 4323 2712 4377 sed
2739 4321 2882 4392 quod
2909 4336 3151 4392 pugnare
3171 4337 3296 4376 cum

1751 4549 1926 4618 ipsum
1963 4555 2242 4618 propterea
2279 4558 2389 4618 non
2418 4544 2663 4618 eveniat,
2709 4544 2852 4618 quod
2883 4553 3032 4618 certo
3062 4541 3303 4618 futurum

1751 4612 2037 4688 aperuerit.
2064 4612 2186 4667 Haec
2207 4614 2350 4666 enim
2377 4613 2481 4665 τῶν
2510 4612 2955 4735 ἀντιμαχὶηιένων
2988 4612 3152 4665 ἐστίν.

1822 4685 1933 4735 (ΔΩ)
1963 4687 2106 4735 Ἅιια
2134 4682 2201 4735 δὲ
2225 4683 2321 4735 καὶ
2362 4683 2712 4735 ααγόιιενον.
2793 4683 2936 4735 errari
2971 4696 3078 4734 non
3110 4695 3152 4735 υς

1822 4685 1933 4756 (42)
1963 4687 2106 4756 Ἅμα
2134 4682 2201 4756 δὲ
2225 4683 2324 4756 κιιὶἶ
2355 4682 2712 4756 μαχόμενον.
2745 4682 3078 4756 Negarimon
3110 4689 3306 4756 potest,

1751 4746 1881 4823 quin
1915 4746 2420 4823 hochuriusculu’m
2440 4746 2526 4823 "sit
2540 4769 2553 4815 ;
2575 4753 2700 4806 .imo
2719 4790 2734 4813 ,
2754 4746 2983 4823 _si'abslt
3010 4746 3305 4820 ὑπέρὸολή,

1751 4819 1968 4880 falsum.
2005 4821 2234 4875 Tantum
2268 4821 2409 4874 enim
2457 4822 2628 4882 abest,
2662 4829 2720 4873 ut
2752 4821 2864 4873 haec
2900 4819 3008 4872 duo
3046 4819 3303 4888 pugnent,

1751 4906 1811 4948 ut
1837 4891 2119 4948 manifesta
2149 4890 2329 4956 potius
2357 4889 2631 4956 ἀντιλογία
2663 4890 2760 4948 sit,
2793 4888 2989 4956 aperiri
3022 4889 3306 4954 divinitus,

1749 4965 1830 5015 ὃτι
1885 4962 2098 5028 πάντως
2147 4958 2567 5028 ἔσταιᾷἀγαθός,
2604 4968 2657 5011 et
2707 4968 2880 5011 tamen
2929 4958 3079 5011 illum
3127 4960 3305 5028 ipsum

1750 5035 1846 5085 οὐκ
1894 5024 2094 5098 ἀγαθὸν
2149 5024 2416 5094 γενέσθαι.
2473 5029 2576 5082 Sed
2629 5028 2767 5081 ratio
2815 5043 2978 5096 quam
3029 5024 3307 5098 subjhngit

1751 5103 2048 5155 molliorem
2081 5099 2571 5164 interpretationem
2602 5100 2822 5166 patitur,
2851 5113 2975 5152 cum
3006 5113 3069 5152 ea
3093 5108 3302 5152 tantum

1753 5171 1918 5224 futuri
1953 5167 2279 5234 cognitione,
2312 5167 2418 5221 vim
2444 5177 2498 5221 et
2527 5169 2925 5222 contentionem
2959 5168 3125 5220 animi
3155 5167 3304 5220 debi-

1751 5241 1956 5293 litatum
2010 5238 2074 5290 iri
2123 5235 2416 5304 signiﬁcet;
2448 5238 2590 5306 quod
2612 5278 2626 5302 ,
2656 5238 2718 5290 τό
2751 5254 2813 5304 γε
2846 5237 3091 5306 καθόλου,
3126 5245 3180 5290 et
3209 5252 3303 5288 ve-

1751 5311 2026 5363 rissimum
2063 5315 2163 5367 est,
2192 5314 2246 5358 et
2275 5305 2585 5362 sanctorum
2615 5307 2834 5362 Patrum
2858 5322 2951 5362 ore
2978 5305 3304 5374 frequentis-

1750 5393 1967 5434 SHDUHL

1760 5487 1766 5492 -
1819 5447 1927 5516 (45)
1975 5446 2144 5526 Πρὸς,
2173 5439 2261 5510 οἷς
2293 5445 2402 5512 γὰρ
2448 5445 2684 5526 ἔχομεν..
2723 5445 2929 5526 Integer
2981 5445 3133 5524 locus
3178 5453 3299 5526 est;

1748 5513 1950 5570 tantum
1986 5515 2148 5568 dandi
2185 5530 2352 5585 casus_
2378 5513 2674 5585 χρεία,ᾳυί
2703 5513 2965 5585 sequitur,
3001 5513 3054 5566 in
3092 5523 3296 5585 rectum

1747 5586 2034 5638 mutandus
2061 5585 2286 5636 videtur.
2323 5581 2424 5636 Per
2445 5581 2660 5638 ea'vero
2685 5581 2803 5652 quae
2833 5582 3116 5647 habemus,
3149 5584 3302 5636 intel-

1746 5655 1881 5732 ligit.
1917 5655 2130 5722 opinor,
2149 5653 2229 5732 ,τὰ
2262 5655 2389 5732 ήμῖν
2418 5654 2731 5732 ἐμφυτακθι
2765 5653 3099 5732 seminaJilla
3129 5654 3298 5732 hone-

1748 5722 1902 5778 statis
1926 5733 2085 5793 atque
2113 5722 2348 5791 virtutis,
2376 5722 2496 5794 quae
2539 5722 2694 5779 nobis
2732 5736 2856 5777 cum
2898 5722 3108 5779 ratione
3135 5722 3300 5778 insita

1747 5802 1893 5850 SUHL
