3976 6340
687 429 790 485 ιοο
1331 416 1600 494 susum
1638 435 2122 493 cmsammsrs
2158 436 2305 492 opp.
2342 436 2524 493 mas
2561 438 2626 493 ιι.
2673 469 2742 478 -
2782 436 3275 495 APOLOGETICA.
3795 439 3874 492 509

687 558 888 612 tamen,
915 563 1102 605 verum
1129 550 1319 608 abillis
1342 567 1409 607 eo
1430 554 1781 623 praenuntiari
1816 562 2049 617 tantum,
2096 562 2242 624 quod

2302 555 2504 617 ιλοντα
2528 555 2815 626 δηλοῦσθαι
2875 556 2982 609 ἀπὸ
3013 555 3105 608 τοῦ
3150 556 3497 627 ἐνεστηκότος
3540 554 3872 625 σχηματισμοῦ

683 635 814 692 illud
836 648 985 695 astra
1017 641 1258 697 futurum
1293 642 1618 712 signiﬁcent,
1650 660 1760 699 non
1795 645 1939 715 quod
1992 644 2248 700 efﬁciant.

2352 647 2452 717 τῆς
2480 644 2575 698 τοῦ
2608 645 2777 708 δεῖνος
2806 645 3088 712 γενέσεως*
3124 645 3527 716 πραστησάτω
3559 644 3671 715 (52)
3694 643 3779 714 τὴν
3795 644 3872 695 δια-

682 727 839 794 Quod
886 730 933 786 si
970 732 1109 788 alius
1142 734 1409 803 praeterita
1456 748 1565 789 non
1592 734 1706 805 jam
1739 750 1771 790 a
1810 735 2081 790 sideribus
2106 735 2252 792 efﬁci

2354 737 2525 808 φορὰν
2554 737 2649 790 τοῦ
2698 737 2805 790 ἀπὸ
2849 735 2957 788 τῶν
3020 736 3265 808 ἀστέρων
3315 736 3573 789 δύνασθαι
3620 735 3793 800 δεῖξαι,
3811 737 3872 787 ὅτι

682 823 962 889 concedet,
995 825 1088 879 sed
1140 825 1465 894 cognitionis
1513 811 1703 880 eorum
1738 842 1905 882 causa
1937 828 1991 883 in
2040 829 2252 898 priores

2352 828 2478 882 τάδε
2510 828 2608 898 μὲν
2639 826 2883 897 νενόηται
2907 826 3081 897 ἀληθῆ
3113 827 3189 889 ὼς
3220 824 3328 879 ἀπὸ
3361 825 3675 889 ποιούντων,
3700 825 3809 877 τάδε
3831 824 3870 875 δὲ

684 916 816 969 alias
850 916 1148 985 positiones
1168 918 1479 987 ﬁgurasque
1498 919 1779 985 translata,
1794 919 1965 974 solam
1991 920 2251 975 hodierno

2352 916 2429 980 ὠς
2456 900 2562 970 ἀπὸ
2615 916 2985 987 σημαινόντων
3042 916 3220 986 μόνον.
3268 916 3357 987 Μὴ
3409 916 3622 986 ἔχοντες
3648 917 3702 968 δὲ
3729 914 3872 968 δοῦναι

685 1005 811 1059 silui
846 1005 1295 1076 signiﬁcationem
1345 1006 1611 1076 relinquet
1640 1023 1654 1059 :
1687 1008 1768 1062 sic
1794 1018 1993 1074 tamen,
2028 1018 2086 1063 ut
2116 1024 2253 1078 pra:-

2352 1006 2450 1078 τὴν
2474 1007 2755 1079 διαφορὰν,
2786 999 3143 1077 εὐγνωμόνως
3190 1009 3705 1079 συγκαταθήσονται,
3744 1005 3872 1076 μηδὲν

684 1097 822 1151 senti
844 1099 1082 1153 siderum
1108 1100 1400 1153 subortum
1450 1100 1577 1154 certi
1615 1100 1779 1170 hujus
1820 1101 2057 1157 hominis
2081 1101 2254 1157 collo-

2351 1096 2457 1149 τῶν
2483 1096 2622 1150 κατά
2638 1098 2763 1160 τοὺς
2791 1096 3107 1168 ἀνθρώπους
3123 1098 3227 1150 ἀπὸ
3252 1098 3357 1151 τῶν
3383 1096 3624 1167 ἀστέρων
3646 1097 3871 1167 γίνεσθαι,

679 1191 903 1258 cationi,
924 1200 1125 1246 certam
1147 1190 1453 1245 futurorum
1476 1193 1860 1262 praenotionem
1878 1194 2061 1248 deberi
2088 1196 2246 1250 velit:

2350 1187 2467 1241 ἀλλ’
2498 1188 2573 1251 ὡς
2593 1188 3020 1260 προειρήηαμεν,
3043 1191 3089 1241 εξ
3110 1190 3234 1261 ἄρα,
3261 1190 3633 1260 σημαίνεσθαιθ
3655 1189 3724 1251 ὡς
3754 1190 3793 1240 εί

681 1282 869 1337 afferat
893 1283 980 1338 ille
1001 1297 1164 1351 porro
1200 1282 1534 1338 discriminis
1564 1284 1852 1349 rationem,
1890 1264 2246 1355 quamobrem

2350 1277 2444 1328 καὶ
2475 1276 2581 1329 ἀπὸ
2608 1276 2716 1329 τῶν
2755 1277 2998 1348 ἀστέρων
3046 1294 3130 1340 τις
3187 1278 3456 1349 ἐλάμϐανε
3498 1279 3563 1330 τὰ
3608 1277 3872 1348 παρεληλυ-

681 1373 787 1428 alia
812 1384 1062 1445 tanquam
1088 1377 1276 1433 eﬁ'ecta
1300 1378 1350 1432 vi
1371 1379 1633 1443 siderum,
1668 1378 1772 1431 alia
1802 1387 2057 1448 tanquam
2086 1380 2154 1433 ab
2180 1380 2249 1435 iis

2350 1364 2481 1419 θότα
2508 1364 2601 1418 καὶ
2634 1365 2701 1417 τὰ
2739 1366 3017 1435 μέλλοντα,
3056 1366 3168 1418 ἀλλ’
3223 1368 3331 1421 ἀπὸ
3382 1366 3474 1420 τοῦ
3512 1366 3601 1420 νοῦ
3634 1365 3723 1418 τοῦ
3744 1364 3870 1423 Θεοῦ,

684 1465 843 1520 modo
893 1468 1232 1538 signiﬁcata,
1282 1486 1406 1524 vere
1460 1471 1711 1539 cognosci
1758 1486 1918 1540 posse
1970 1470 2243 1527 defendat.

2348 1453 2436 1508 διά
2456 1472 2597 1517 τινος
2625 1455 2782 1523 λόγου
2810 1456 3166 1525 προφητικοῢ.
3208 1458 3414 1528 Ὥσπερ
3455 1455 3564 1528 γὰρ
3587 1455 3872 1527 προαπεδείσ

682 1552 835 1618 Quod
855 1556 932 1609 illi
953 1558 1241 1613 discrimen
1260 1575 1382 1613 cum
1404 1561 1681 1629 assignare
1712 1560 1917 1614 nullum
1936 1563 2096 1632 292
2121 1579 2248 1632 pos—

2347 1545 2537 1617 ξαμεν,
2573 1548 2653 1599 ὅτι
2688 1546 2837 1600 οὐδὲν
2865 1547 3032 1600 λυπεῖ.
3050 1549 3141 1600 τὸν
3175 1549 3301 1619 περὶ
3341 1548 3435 1603 τοῦ
3480 1551 3563 1617 ἐφ’
3592 1552 3719 1619 ἡμῖν
3745 1548 3872 1615 λόγον

680 1645 810 1709 sint,
848 1647 1131 1703 nobiscum
1166 1650 1417 1720 deinceps
1447 1651 1698 1721 ingenue,
1728 1651 1862 1705 nihil
1909 1668 2099 1707 eorum
2124 1668 2245 1723 qua:

2343 1637 2404 1690 τὸ
2428 1638 2517 1691 τὸν
2550 1637 2680 1689 Θεὸν
2704 1637 2897 1690 εἰδέναι
2926 1638 2993 1691 τὰ
3025 1638 3450 1709 πραχθησόμενα
3477 1641 3705 1708 ἑκάστῳ,
3732 1638 3872 1702 οὕτως

680 1739 747 1794 ad
782 1738 1029 1795 homines
1056 1741 1377 1810 pertineant,
1408 1757 1437 1795 a
1470 1740 1738 1796 sideribus
1764 1742 1906 1796 efﬁci
1939 1741 2238 1810 fateantur;

2343 1730 2463 1782 οὐδὲ
2500 1730 2568 1782 τὰ
2599 1731 2820 1799 σημεῖα,
2863 1728 2898 1782 ἀ
2948 1728 3135 1793 ἔταξεν
3162 1732 3189 1781 ὁ
3217 1730 3348 1792 Θεὸς
3384 1732 3463 1792 εἰς
3513 1730 3573 1781 τὸ
3603 1729 3871 1799 σημαίνειν,

679 1830 771 1883 sed
806 1831 1133 1894 tantum,uti
1153 1831 1265 1901 jam
1298 1840 1422 1886 ante
1463 1830 1721 1895 diximus,
1767 1841 2045 1903 utcunque
2075 1834 2242 1903 signi-

2346 1820 2657 1890 ἐμποδίζειν
2686 1818 2794 1889 (55)
2822 1820 2882 1872 τὸ
2906 1821 2989 1889 ἐφ’
3016 1824 3166 1891 ἡμῖν’
3209 1820 3341 1873 ἀ).λά
3393 1820 3774 1891 παραπλησίως
3812 1819 3874 1888 βι-

680 1921 849 1975 ﬁcari.
869 1921 1026 1988 Quod
1056 1924 1275 1992 perinde
1293 1925 1518 1978 omnino
1545 1924 1725 1990 fuerit,
1771 1941 1835 1980 ac
1883 1924 1929 1979 si
1962 1924 2083 1994 quis
2132 1940 2239 1979 non

2303 1914 2312 1962 ι
2341 1912 2474 1982 ϐλίῳ
2501 1911 2805 1982 περιέχοντι
2843 1912 2909 1964 τὰ
2938 1912 3197 1983 μέλλοντα
3238 1912 3589 1983 προφητικῶς
3626 1914 3652 1964 ὁ
3685 1913 3782 1974 πᾶς
3806 1913 3873 1964 οὺ-

678 2012 787 2082 jam
820 2028 886 2067 ex
915 2013 1104 2068 iisdem
1155 2014 1423 2070 sideribus
1443 2055 1458 2078 ,
1490 2017 1583 2071 sed
1616 2032 1709 2086 per
1752 2017 1986 2085 alquam
2014 2017 2242 2086 prophe-

2345 2004 2502 2073 ρανὸς
2526 2002 2767 2066 δύναται,
2811 2003 2973 2055 οἱονεὶ
3003 2002 3182 2073 βίϐλος
3208 2001 3282 2055 ὣν
3338 2002 3491 2065 Θεοῦ,
3540 2002 3796 2073 περιέχειν
3822 2002 3872 2053 τὰ

681 2103 833 2165 tiam,
857 2118 922 2157 ex
954 2104 1180 2172 ipsamet
1218 2104 1312 2160 Dci
1348 2116 1527 2160 mente
1576 2122 1664 2162 res
1710 2116 1803 2161 aut
1829 2108 2123 2177 praeteritas
2149 2119 2242 2163 aut

2345 2094 2624 2164 μέλλοντα.
2656 2095 2855 2165 Διόπερ
2882 2098 2938 2147 ὲν
2964 2096 3029 2164 τῇ
3066 2095 3340 2165 προτευχῇ
3383 2093 3478 2145 τοῦ
3530 2094 3718 2162 Ἰωσὴφ
3749 2092 3874 2145 δύνα-

685 2192 895 2248 futuras
955 2195 1292 2264 intelligeret.
1330 2195 1800 2263 Quemadmodum
1827 2201 1968 2253 enim
1990 2200 2241 2269 superius

2338 2202 2429 2237 ται
2460 2183 2601 2240 οὓτω
2656 2185 2889 2238 νοεῖσθαι
2937 2184 2997 2236 τὸ
3055 2185 3340 2254 λεγόμενον
3399 2184 3502 2236 ὑπὸ
3538 2184 3630 2236 τοῦ
3686 2184 3869 2236 Ἰακώϐ·

682 2294 958 2340 ostensum
1012 2302 1042 2340 a
1084 2287 1239 2341 nobis
1271 2296 1376 2351 est,
1432 2290 1576 2358 quod
1609 2289 1774 2353 Deus,
1812 2306 1933 2361 qua:
1970 2307 2000 2345 a
2025 2307 2242 2361 quoque

2346 2295 2365 2325 ι
2406 2276 2637 2345 Ἀνέγνω
2654 2276 2761 2346 γὰρ
2791 2278 2848 2328 ὲν
2868 2278 2986 2338 ταῖς
3025 2274 3189 2340 πλαξὶ
3228 2275 3321 2328 τοῦ
3360 2273 3609 2346 οὐρανοῦ,
3637 2275 3730 2328 ὅσα
3755 2291 3871 2343 συμ-

683 2377 988 2447 profectura
1016 2379 1146 2445 sint,
1176 2381 1359 2433 omnia
1386 2382 1730 2449 praenoverit,
1760 2383 1810 2436 id
1853 2383 1986 2435 nihil
2017 2398 2241 2451 prorsus

2342 2366 2565 2437 ϐήσεται
2597 2368 2725 2439 ὑμῖν
2758 2368 2985 2431 καὶτοῖς
3008 2368 3142 2430 υίοῖς
3164 2366 3337 2441 ὑμῶν.
3364 2388 3382 2421 ο
3412 2367 3564 2436 Τάχα
3599 2367 3655 2419 δὲ
3692 2368 3775 2419 καὶ
3805 2367 3869 2429 τὸ,

684 2468 977 2523 voluntatis
1005 2476 1203 2524 nostrae
1237 2472 1488 2538 potestati
1521 2470 1734 2526 ofﬁcere
1767 2490 1780 2525 :
1814 2472 1885 2526 ita
1916 2489 2014 2527 nec
2041 2473 2237 2540 eidem,

2343 2458 2717 2531 «Εἱλιγήσεται
2735 2454 2867 2527 (55⁶)
2885 2456 2913 2507 ὸ
2928 2456 3155 2526 οὐρανὸς
3171 2456 3246 2517 ὼς
3281 2458 3501 2527 βιϐλίον,
3516 2477 3534 2509 ι
3566 2460 3686 2521 τοὺς
3711 2457 3870 2525 λόγους

681 2567 803 2628 quae
820 2575 1000 2613 rerum
1047 2560 1200 2630 signa
1233 2560 1373 2616 Deus
1416 2577 1537 2616 esse
1582 2563 1770 2629 voluit,
1816 2564 2237 2619 incommodant.

2340 2549 2465 2611 τοὺς
2496 2548 2927 2618 περιεχομένους,
2953 2550 3311 2618 σημαντικοὺς
3332 2548 3438 2602 τῶν
3459 2551 3722 2621 ἐσομένων
3751 2549 3873 2619 δηλοῖ

684 2650 784 2705 Sed
808 2649 1101 2705 voluminis
1143 2650 1373 2720 alicujus
1416 2652 1604 2718 instar,
1634 2652 1875 2708 futurum
1925 2654 2237 2723 pr0phetica

2340 2638 2927 2711 ἀπαρτισθησομένους,
2961 2641 3053 2692 καὶ
3090 2638 3345 2703 ἴνόὖτως
3369 2640 3526 2705 εἴπω,
3562 2642 3873 2713 πληρωθησο-

681 2743 918 2797 dictione
943 2742 1230 2813 complexi,
1283 2743 1536 2799 universo
1564 2761 1781 2814 quoque
1812 2746 1974 2807 caelo,
2008 2746 2100 2815 qui
2140 2744 2233 2798 Dei

2344 2730 2555 2799 μένους,
2586 2728 2771 2800 ὥσπερ
2802 2729 3046 2796 λέγονται
3075 2732 3131 2781 αἱ
3161 2734 3482 2802 προφητεῖαι
3516 2732 3870 2804 πεπληρῶσθαι

682 2833 819 2887 liber
838 2832 1058 2903 quidam
1091 2843 1173 2888 est
1194 2874 1209 2900 ,
1241 2834 1506 2888 contineri
1558 2835 1736 2890 futura
1775 2846 2022 2905 possunt.
2055 2834 2239 2904 Itaque

2339 2820 2418 2891 τῷ
2459 2821 2837 2891 ἐκϐεϐηκέναι.
2894 2820 3005 2873 Καὶ
3064 2820 3234 2885 οὕτως
3280 2821 3430 2875 ἔσται
3478 2825 3556 2886 είς
3607 2822 3872 2895 σημεῖατὰ

687 2928 829 2979 hunc
858 2925 913 2977 in
946 2924 1165 2978 modum
1215 2924 1436 2995 intelligi
1493 2935 1686 2994 potest,
1751 2902 1894 2996 quod
1929 2927 1981 2980 in
2023 2902 2236 2995 Josepbi

2341 2914 2515 2985 ἄστρα
2547 2902 2824 2981 γεγονότα,
2853 2912 2994 2966 κατά
3023 2912 3120 2984 τὴν
3150 2914 3410 2983 λέγουσαν
3440 2908 3639 2984 φωνῆν,
3664 2934 3680 2966 ι
3704 2916 3878 2967 Ἔστω-

681 3014 991 3086 precatione
1021 2996 1050 3070 5
1081 3014 1285 3070 Jacobo
1335 3016 1555 3079 dicitur,
1587 3034 1606 3067 ι
1640 3015 1769 3086 Legi
1801 3016 1854 3070 in
1886 3017 2085 3071 tabulis
2113 3015 2236 3070 coeli

2343 3022 2439 3057 σαν
2473 3006 2551 3068 είς
2577 3007 2827 3075 σημεῖα.)
2877 3004 2933 3057 Ὀ
2961 3003 3017 3056 δὲ
3054 3006 3339 3076 Ἱερεμίας,
3398 3006 3725 3075 ἐπιστρέφων
3750 3003 3873 3074 ἡμᾶς

681 3121 1016 3177 quaecunque
1047 3107 1289 3161 accident
1329 3106 1484 3160 vobis
1509 3148 1524 3172 ,
1548 3116 1600 3160 et
1640 3106 1767 3161 ﬁliis
1798 3108 2010 3162 vestris.
2051 3126 2068 3159 ι
2096 3105 2236 3172 Quin

2339 3096 2476 3168 πρὸς
2500 3097 2742 3160 ἑαυτοὺς,
2772 3098 2865 3149 καὶ
2898 3097 3197 3168 περιαιρῶν
3244 3096 3405 3165 φόϐον
3433 3097 3522 3148 τὸν
3561 3097 3649 3149 ἐπὶ
3674 3099 3777 3158 τοῖς
3801 3111 3870 3145 νο-

679 3199 842 3254 etiam
874 3197 1025 3265 illud,
1061 3217 1079 3250 ι
1117 3198 1526 3271 complicabitur
1548 3198 1743 3259 cmlnm
1772 3197 1927 3267 quasi
1960 3197 2094 3253 liber
2120 3197 2186 3263 ³⁸,
2212 3218 2231 3250 ι

2295 3252 2307 3270 ‘
2346 3186 2650 3259 μιζομένοις
2674 3187 3051 3258 σημαίνεσθαι,
3084 3186 3225 3256 τάχα
3252 3186 3306 3239 δὲ
3340 3187 3432 3239 καὶ
3464 3183 3865 3258 ὑπολαμϐανομέ-

680 3307 747 3346 eo
779 3291 1025 3346 fortassis
1054 3292 1301 3360 pertinet,
1322 3300 1380 3345 ut
1416 3290 1711 3359 impressas
1750 3291 1847 3361 ipsi
1878 3305 2055 3345 rerum
2091 3288 2239 3343 futu-

2302 3254 2309 3305 ι
2474 3250 2683 3329 έκεῖθεν
2707 3250 2981 3347 ἔρχεσθαι,
3018 3250 3197 3345 φησίν-ο
3263 3296 3279 3327 ι
3320 3277 3451 3330 Ἀπὸ
3501 3279 3608 3331 τῶν
3641 3250 3872 3348 ’σημείων

689 3396 877 3437 rarum
907 3382 1326 3455 signiﬁcationes
1374 3381 1671 3453 perfectum
1716 3383 1979 3451 quasique
2006 3382 2242 3451 comple-

2339 3367 2433 3419 τοῦ
2453 3366 2679 3439 οὐρανοῦ
2707 3367 2781 3437 μὴ
2808 3366 3076 3436 φοϐεῖσθε.
3094 3387 3111 3418 ι
3138 3368 3363 3438 Ἰδωμεν
3386 3368 3477 3421 καὶ
3515 3368 3753 3440 δεύτερον
3776 3369 3872 3419 ἑπι-

685 3481 798 3529 tum
852 3473 919 3527 iri
970 3473 1318 3535 demonstret,
1384 3473 1839 3542 quemadmodum
1890 3473 2007 3542 ipso
2057 3487 2241 3526 rerum

2341 3458 2598 3530 χείρημα,
2632 3459 2747 3522 πῶς
2761 3459 2823 3511 οὐ
2844 3457 3092 3512 δύνανται
3125 3461 3172 3512 oi
3206 3459 3431 3531 ἀστέρες
3453 3455 3589 3513 εἶναι
3614 3457 3869 3527 ποιητικοί,

684 3565 830 3620 exitu
854 3565 1119 3633 completa
1139 3564 1296 3633 vulgo
1320 3565 1698 3634 prophetarum
1726 3564 1980 3618 dicuntur
1998 3564 2237 3619 oracula.

2341 3548 2476 3612 ἀλλ’,
2504 3551 2552 3600 εί
2587 3549 2714 3620 ἄρα,
2749 3550 3090 3621 σημαντικοί.
3138 3550 3267 3603 Ἀπὸ
3317 3550 3424 3602 τῶν
3485 3550 3742 3601 πλείστων
3782 3546 3870 3615 γὰρ

684 3654 950 3723 Atqueita
980 3653 1255 3723 signorum
1294 3663 1351 3705 ut
1381 3654 1495 3707 vice
1530 3652 1898 3720 fungerentur,
1949 3655 2240 3708 constituta

2341 3642 2481 3693 ὅσων
2511 3640 2771 3708 γενέσεων
2794 3640 2909 3693 ἐστι
2938 3642 3123 3694 λαϐεῖν
3156 3642 3223 3693 τά
3272 3642 3399 3711 περὶ
3444 3640 3563 3701 ἑνὸς
3594 3637 3867 3708 ἀνθρώπου·

684 3745 945 3799 divinitus
976 3755 1118 3800 astra
1148 3743 1536 3812 fuerint,juxta
1568 3744 1719 3809 illud,
1765 3764 1782 3795 ι
1806 3744 1926 3799 Sint
1946 3745 1998 3799 in
2022 3746 2192 3815 signa.
2218 3764 2236 3797 ›

2344 3731 2538 3802 (τοῦτο
2582 3732 2635 3784 δὲ
2685 3730 2803 3785 καθ’
2833 3732 3083 3785 ὑπόθεσιν
3118 3733 3364 3801 λέγομεν,
3420 3730 3803 3801 συγχωροῦντες
3824 3726 3870 3778 τὸ

688 3837 1009 3907 Quanquam
1035 3835 1313 3899 Jercmias,
1340 3837 1417 3891 uti
1454 3846 1507 3890 et
1536 3836 1691 3891 nobis
1736 3853 1834 3891 nos
1870 3838 1984 3907 ipse
2032 3838 2240 3903 reddat,

2343 3825 2649 3895 ἐπιστήμην
2707 3825 2884 3879 αὐτῶν
2940 3824 3406 3894 ἀναλαμϐάνεσθαι
3472 3824 3563 3875 ὑπ’
3605 3821 3870 3892 ἀνθρώπων

688 3944 862 3999 coque
887 3938 1032 3982 metu
1066 3928 1272 3993 liberet,
1298 3943 1456 3995 quem
1489 3944 1549 3980 ea
1586 3929 1743 3982 nobis
1771 3927 1962 3982 afl‘erre
1998 3937 2239 3998 possent,

2342 3915 2642 3989 δύνασθαιο)
2674 3916 2805 3987 φέρε
2832 3916 2937 3988 γὰρ
2960 3918 3151 3977 εἰπεῖν,
3178 3913 3303 3985 περὶ
3334 3913 3427 3967 τοῦ
3448 3914 3594 3967 τόνδε
3627 3912 3869 3967 πείσεσθαι

687 4034 808 4087 qua
835 4019 902 4071 ab
924 4017 1086 4071 astris
1115 4016 1199 4069 vel
1222 4015 1534 4085 significari,
1569 4015 1651 4070 vel
1702 4015 1968 4083 proﬁcisci
2000 4016 2244 4084 quando—

2340 4008 2587 4073 τόδε,καὶ
2613 4008 2959 4079 τεθνήξεσθαι
2994 4006 3354 4076 περιπεσόντα
3385 4005 3608 4077 λῃσταῖς
3640 4008 3723 4059 καὶ
3750 4006 3870 4057 ἀναι-

688 4122 795 4175 quc
824 4107 1127 4171 videantur,
1173 4106 1244 4160 ita
1284 4114 1486 4169 monet,
1544 4124 1561 4156 ι
1606 4106 1646 4158 Α
1692 4106 1861 4175 signis
1924 4106 2044 4160 εωιί
2081 4107 2244 4161 nolite

2348 4100 2589 4171 ρεθέντα,
2624 4102 2755 4170 φησὶ
2778 4100 3032 4176 δύνκασθαι
3062 4099 3354 4168 λαμϐάνειν
3398 4100 3505 4151 ἀπό
3541 4116 3600 4152 τε
3640 4099 3727 4168 τῆς
3760 4098 3870 4159 ἰδίας

690 4206 928 4250 metuere
950 4196 1017 4249 ⁸ο.
1040 4216 1057 4246 ›
1088 4195 1202 4250 Jam
1227 4213 1371 4261 vero,
1396 4197 1537 4250 aliud
1556 4206 1809 4265 praeterea
1834 4197 2109 4252 videamus
2159 4212 2245 4249 ar-

2343 4192 2506 4245 αὑτοῦ
2532 4192 2810 4259 γενέσεως,
2848 4178 2947 4243 κᾶν
2978 4189 3115 4259 τύχῃ
3168 4190 3304 4258 ἔχων
3334 4189 3591 4258 ἀδελφοὺς
3637 4190 3866 4249 πλείονας,

691 4300 1026 4359 gumentum,
1070 4288 1212 4356 quod
1269 4289 1536 4342 sideribus
1593 4277 2100 4347 elliciendinullam.
2152 4290 2243 4342 sed

2343 4285 2449 4337 ἀπὸ
2474 4286 2569 4354 τῆς
2588 4270 2823 4335 ’ἑκάστου
2854 4282 3052 4334 αὐτῶν.
3090 4283 3369 4351 Περιέχειν
3404 4282 3509 4354 γὰρ
3563 4286 3747 4336 οἴονται
3794 4280 3870 4348 τὴν

688 4380 924 4446 aliquam
985 4387 1215 4442 tantum,
1248 4378 1293 4431 si
1324 4377 1407 4429 vel
1438 4377 1553 4445 ipsa
1580 4384 1755 4429 tamen
1786 4376 1902 4429 dari
1950 4385 2144 4444 potest,
2170 4378 2245 4430 si-

2342 4375 2568 4428 ἑκάστου
2598 4375 2806 4442 γένεσιν
2837 4374 3057 4442 ἀδελφὸν
3108 4374 3212 4425 ὑπὸ
3258 4374 3465 4447 λῃστῶν
3501 4376 3867 4445 τεθνηξόμενον,

689 4469 974 4542 gnificandi
999 4468 1106 4521 vim
1136 4468 1421 4536 relinquat.
1452 4466 1729 4521 Doccbunt
1756 4466 2029 4531 enimvero
2050 4466 2244 4521 inﬁniti

2342 4467 2539 4535 ὁμοίως
2553 4468 2644 4519 καὶ
2659 4466 2754 4535 τὴν
2774 4465 2867 4517 τοῦ
2882 4465 3103 4536 πατρὸς,
3118 4468 3209 4518 καὶ
3228 4468 3325 4537 τὴν
3350 4470 3446 4539 τῆς
3481 4468 3681 4540 μητρὸς
3698 4466 3779 4518 καὶ
3791 4465 3870 4530 τὴν

690 4578 869 4617 rerum
901 4571 1076 4623 ortus,
1125 4575 1245 4629 quae
1289 4559 1382 4612 uni
1443 4558 1705 4611 duntaxat
1751 4558 1955 4611 homini
1986 4566 2243 4612 eventura

2298 4584 2320 4637 )
2344 4557 2440 4625 τῆς
2450 4557 2711 4626 γαμετῆς,
2727 4556 2819 4609 καὶ
2836 4556 2942 4607 τῶν
2968 4552 3095 4607 υἱῶν
3109 4557 3291 4619 αὐτοῦ,
3316 4561 3408 4612 καὶ
3424 4560 3529 4611 τῶν
3550 4557 3778 4619 οἰκετῶν,
3795 4552 3868 4604 καὶ

690 4653 889 4723 sint(id
925 4653 1068 4722 quod
1099 4665 1275 4705 tamen
1300 4665 1361 4704 ex
1397 4650 1894 4721 bypotbesidictum
1920 4664 2039 4703 esse
2060 4648 2238 4709 velim,

2346 4648 2452 4700 τῶν
2466 4648 2746 4715 φιλτάτωψ
2763 4647 2899 4716 τάχα
2912 4647 2966 4699 δὲ
2982 4648 3073 4700 καὶ
3084 4649 3258 4703 αὐτῶν
3274 4650 3379 4702 τῶν
3392 4642 3866 4719 ἀναιρούντωνᾟιῦς

693 4745 907 4810 perinde
935 4760 996 4798 ac
1030 4743 1075 4798 si
1110 4758 1296 4796 eorum
1327 4742 1379 4795 in
1404 4743 1765 4813 cognitionem
1794 4743 2042 4797 homines
2062 4742 2246 4795 venire

2346 4735 2437 4791 οὖν
2465 4739 2686 4792 δυνατὸν
2715 4737 2803 4789 τὸν
2835 4738 3116 4804 τοσαύταις
3137 4740 3432 4809 γενέσεσιν,
3449 4739 3535 4791 ἵνα
3551 4740 3721 4800 αὐτοῖς
3739 4734 3864 4788 τοῦτο

690 4846 849 4902 posse
882 4829 1283 4897 concedamus).
1330 4829 1483 4895 Quod
1537 4831 1679 4883 enim
1731 4830 1821 4883 hic
1858 4840 1951 4883 aut
1999 4830 2085 4881 ille
2112 4828 2245 4881 certi

2349 4833 2691 4901 συγχωρηθῇ,
2726 4833 3174 4902 έμπεριεχόμενον
3215 4830 3454 4899 γίνεσθαι
3490 4831 3593 4882 ὑπὸ
3635 4829 3717 4883 τοῦ
3760 4844 3866 4898 σχη-

690 4921 966 4991 quidpiam
994 4922 1270 4975 subiturus
1284 4921 1371 4985 sit,
1392 4929 1516 4990 puta
1533 4920 1897 4991 jugulandusa
1919 4919 2241 4980 latronibus,

2351 4923 2620 4993 ματισμοῦ
2648 4923 2755 4975 τῶν
2782 4923 3045 4994 ἀστέρων,
3069 4922 3225 4992 τῆσδε
3254 4919 3448 4990 μᾶλλον
3470 4920 3569 4990 τῆς
3593 4914 3862 4987 γενέσεωςῆ

692 5017 744 5069 in
772 5029 908 5083 quos
934 5012 1215 5077 inciderit;
1244 5014 1345 5067 hoc
1389 5014 1473 5068 isti
1498 5015 1712 5083 quidem
1746 5014 1937 5083 partim
1970 5030 2032 5069 ex
2060 5013 2245 5079 singu-

2348 5015 2545 5079 τῶνδε;
2587 5016 2869 5069 Ἀπίθανον
2921 5017 3027 5087 γὰρ
3061 5016 3155 5068 καὶ
3203 5013 3263 5065 τὸ
3305 5012 3531 5080 φάσκειν
3568 5013 3653 5065 τὸν
3686 5024 3862 5080 σχημα-

692 5106 791 5159 lari
820 5105 937 5173 ejus
954 5114 1094 5164 ortu,
1125 5103 1314 5170 partim
1338 5119 1399 5156 ex
1423 5103 1668 5167 fratrum,
1705 5106 1748 5157 si
1773 5106 1952 5173 plures
1973 5112 2243 5167 nosceret,

2348 5107 2536 5176 τισμὸν
2565 5107 2653 5159 τόν
2680 5111 2737 5162 ὲν
2765 5112 2829 5179 τῇ
2862 5110 2967 5180 ἰδίᾳ
2994 5106 3146 5160 τοῦδέ
3194 5121 3335 5166 τινος
3366 5105 3575 5172 γενέσει
3602 5105 3756 5158 ταῦτα
3786 5116 3862 5151 πε-

692 5194 1024 5264 singulorum
1084 5190 1340 5245 natalitiis
1365 5192 1546 5247 haberi
1578 5210 1739 5263 posse
1776 5194 2091 5249 defendunt.
2112 5190 2245 5245 Fra-

2350 5198 2650 5269 ποιηκέναι,
2671 5200 2760 5255 τόν
2804 5202 2860 5253 δὲ
2898 5202 2955 5252 ὲν
2982 5201 3048 5269 τῇ
3078 5196 3243 5249 τῶνδε
3267 5195 3472 5265 γενέσει
3500 5197 3573 5269 μὴ
3612 5190 3862 5262 πεποιηκέ-

693 5284 792 5339 tris
822 5283 965 5337 enim
998 5282 1195 5338 caedem
1238 5281 1508 5337 latronum
1527 5300 1686 5339 manu
1716 5284 1978 5352 futuram,
2008 5282 2249 5353 singulo-

2348 5308 2455 5354 ναι,
2480 5291 2611 5345 ἀλλά
2644 5288 3047 5363 σεσημαγκέναι
3108 5288 3285 5359 μόνον.
3330 5288 3561 5342 Ἦλίθιον
3606 5288 3707 5358 γὰρ
3731 5284 3782 5336 τὸ
3806 5280 3864 5331 εί·

694 5388 941 5437 rum,ncc
956 5388 1064 5427 non
1080 5371 1317 5442 parentis
1340 5373 1777 5441 utriusque,'imo
1795 5376 2043 5446 conjugis
2060 5374 2244 5437 etiam,

2349 5388 2490 5450 πεῖν,
2532 5386 2670 5455 ὁτιή
2718 5384 2931 5437 πάντων
2976 5379 3186 5448 γένεσις
3248 5383 3485 5451 περιεῖχε
3530 5379 3645 5433 καθ’
3677 5376 3862 5428 ἕκαστον

694 5462 1007 5527 liberorum,
1039 5463 1388 5528 famulorum,
1424 5478 1489 5517 ac
1511 5467 1959 5531 necessariorum,
2007 5466 2249 5534 adeoque

2350 5476 2629 5546 ποιητικὸν
2649 5487 2675 5513 ι
2706 5472 2798 5526 τοῦ
2830 5470 2976 5524 τόνδε
3004 5470 3527 5542 ἀναιρεθῆναιοῶστε
3553 5472 3610 5522 ὲν
3640 5465 3859 5535 γενέσεσι,

660 5552 663 5555 ’
764 5564 793 5593 ι
818 5553 904 5609 Ia.
926 5556 986 5607 τὸ
1016 5572 1193 5625 ποιητ,
1254 5555 1317 5620 ,³⁹
1339 5553 1650 5621 lsmxxxrv,
1682 5556 1735 5611 4.
1809 5558 1856 5590 ⁸⁸
1889 5558 1997 5613 Jer.
2035 5574 2088 5622 ι,
2124 5558 2177 5610 2.

768 5642 1376 5727 (ϐἳγηαραστῃσάξω.
1407 5644 1579 5727 Quam
1619 5660 1991 5727 argumentum
2021 5650 2123 5727 hoc
2160 5664 2249 5701 nr-

2422 5658 2531 5726 (55)
2578 5651 2950 5727 Ἐμποδίζειν.
2988 5652 3165 5727 Malim
3194 5649 3788 5727 épxoS_£C_et._Ne_c_.enim
3820 5641 3860 5697 id

700 5722 840 5779 geat,
883 5729 987 5788 non
1038 5717 1228 5788 sentio.
1283 5715 1647 5788 Responderet
1690 5715 1829 5773 enim
1862 5720 2246 5788 genethliacus,
2352 5715 2476 5781 anie
2509 5715 2916 5787 demonstravit,
2950 5724 3055 5777 nisi
3090 5715 3237 5779 forte'
3256 5722 3373 5777 κατ’
3395 5715 3726 5775 ἀκολουθίαν.-

701 5784 1011 5872 totumhoc
1040 5785 1325 5872 discrimen
1364 5784 1428 5838 ex
1468 5787 1681 5864 diversa
1710 5784 1961 5855 praeteriti
1991 5804 2051 5848 ac
2081 5788 2247 5849 futuri

2097 5788 2247 5847 'uturi
2422 5797 2553 5872 (ὅδ’)
2577 5784 2965 5869 Εἰλιγήσετᾲι.
2995 5793 3144 5865 Vulg.
3172 5792 3496 5867 ὲλιγήσεται.
3524 5793 3667 5847 Enn.

702 5854 1007 5909 conditione
1035 5857 1316 5927 petendum
1344 5855 1483 5917 esse;
