4020 6342
60 449 151 503 501
1209 445 1549 504 PBA'IPA‘B.
1593 446 1635 501 Ε

1737 446 1844 504 NG.
1884 446 2011 503 LIB.
2053 445 2142 499 Vl.

3184 444 3286 500 503

50 570 167 623 καθ’
229 569 487 623 ὑπόθεσιν
530 570 707 639 λέγω,
772 569 1108 641 πεντήκοντα
1166 568 1516 641 περιέχεσθαι
1563 568 1625 621 τὸ

1737 568 2133 623 interfectorum
2180 567 2421 638 ipsorum
2474 564 2721 621 fortassis
2762 572 2882 619 ortu
2924 564 3188 625 inclusam
3212 580 3289 621 te-

51 660 193 715 τόνδε
225 660 350 715 τινὰ
380 660 751 733 ἀναιρεθῆναι.
784 662 899 714 Οὐκ
923 656 1039 714 οἶδα
1068 660 1113 714 δ’
1135 660 1284 724 ὅπως
1311 660 1626 731 δυνήσονται

53 753 221 806 σῶσαι
250 751 317 806 τὸ
343 753 453 806 τῶν
478 753 575 823 μὲν
601 753 660 806 ἐν
698 751 926 822 Ἰουδαίᾳ
956 750 1140 820 σχεδὸν
1186 750 1403 805 πάντων
1428 751 1629 805 τοιόνδε

52 839 184 899 εἶναι
210 844 306 898 τὸν
334 844 714 915 σχηματισμὸν
764 844 858 896 ἐπὶ
886 843 987 913 τῆς
1017 842 1305 912 γενέσεως,
1339 842 1414 907 ὠς
1432 843 1649 915 ὀκταήυ,

56 934 216 1007 μερον
244 934 443 1000 αὐτοὺς
462 935 761 1006 λαμϐάνειν
794 935 1116 1008 περιτομὴν,
1146 935 1629 1007 ἀκρωτηριαζομέ-

56 1044 193 1091 νους,
228 1027 325 1080 καὶ
354 1027 675 1098 ἑλκομένους
706 1026 839 1099 (54),
895 1026 987 1079 καὶ
1017 1027 1292 1098 φλεγμονῇ
1339 1043 1629 1098 περιπεσο-

58 1116 269 1185 μένους,
303 1118 396 1169 καὶ
421 1114 718 1187 τραύμασι,
764 1116 857 1169 καὶ
887 1116 1001 1186 ἅμα
1028 1118 1092 1187 τῇ
1119 1118 1199 1179 είς
1250 1117 1341 1168 τὸν
1381 1117 1495 1187 βίον
1516 1119 1631 1170 είσ-

56 1207 151 1278 ὁδῳ
180 1208 384 1279 ἰατρῶν
425 1208 728 1279 δεομένους·
762 1209 869 1262 τῶν
909 1208 965 1261 δὲ
1017 1210 1082 1281 ὲν,
1120 1207 1487 1279 Ἰσμαηλίταις
1518 1211 1633 1273 τοῖς

58 1299 192 1353 κατά
225 1298 326 1371 τὴν
361 1298 635 1371 Ἀραϐίαν,
693 1299 915 1362 τοιόνδε,
943 1299 1018 1363 ὼς
1076 1300 1283 1363 πάντας
1311 1300 1632 1371 περιτέμνε-

60 1388 177 1442 σθαι
204 1389 720 1461 τρισκαιδεκαετεϊς·
755 1388 915 1442 τοῦτο
942 1388 1049 1460 γάρ
1083 1389 1359 1461 ἱστόρηται
1390 1390 1517 1460 περὶ⁵
1538 1391 1634 1442 αὐ-

61 1479 181 1534 τῶν.
216 1481 330 1534 Καὶ
352 1481 513 1536 πάλιν
567 1482 732 1535 τῶνδέ
779 1478 1090 1536 τινων-τῶν
1130 1484 1188 1535 ὲν
1216 1482 1428 1552 Αἰθίοψι
1460 1485 1632 1537 τοῖσδε

64 1572 155 1636 τάς
179 1573 386 1643 κόγχας
432 1573 540 1627 τῶν
599 1575 841 1643 γονάτων
895 1574 1300 1646 περιαιρεῖσθαι
1319 1616 1334 1639 ,
1385 1576 1477 1628 καὶ
1526 1575 1631 1628 τῶν

76 1660 383 1732 ’Δμαξόνων
434 1664 559 1727 τοὺς
590 1664 811 1737 ἑτέρους
870 1663 978 1719 τῶν
1046 1665 1287 1736 μαστῶν.
1341 1665 1467 1728 Πῶς
1518 1664 1627 1737 γὰρ

65 1755 228 1811 ταῦτα
258 1758 505 1811 ποιοῦσιν
532 1759 582 1811 οἱ
615 1758 842 1831 ἀστέρες
900 1757 1073 1811 τοῖσδε
1120 1759 1232 1821 τοῖς
1261 1756 1499 1821 ἔθνεσινς
1532 1754 1629 1809 Οἷ-

70 1864 197 1918 μαι,
230 1847 314 1900 ὅτι
336 1848 626 1919 ἐπιστῆσαι
664 1848 761 1918 μὲν
800 1846 910 1917 (55)
955 1845 1074 1899 οὐδὲ
1111 1845 1272 1916 μέχρι
1313 1844 1407 1897 τοῦ
1437 1844 1629 1913 στῆσαι

66 1938 402 2010 δυνησόμεθα
428 1957 481 1993 τι
504 1939 700 2010 ἀληθὲς
723 1940 894 1993 εἰπεῖν
941 1940 1070 2010 περὶ
1125 1938 1324 1991 αὐτῶν.
1356 1937 1634 1991 Τοσούτων
1667 1923 1706 1977 Β

69 2025 118 2079 δὲ
169 2028 482 2099 φερομένων
521 2027 655 2081 ὁδῶν
728 2027 1169 2098 προγνωστικῶν,
1219 2029 1319 2081 οὐκ
1364 2023 1458 2080 οἶδ’
1487 2028 1636 2091 ὅπως

71 2116 352 2182 ἐξώκειλαν
388 2122 437 2172 0i.
466 2119 741 2191 ἄνθρωποι
790 2118 879 2173 ἐπὶ
933 2118 995 2170 τὸ
1026 2118 1122 2189 τὴν
1152 2119 1251 2190 μὲν
1293 2119 1638 2189 οίωνιστικὴν

72 2210 156 2263 καὶ
179 2212 281 2283 τὴν
299 2211 632 2285 θυτικὴνπμὴ
677 2211 855 2280 λέγειν
907 2211 1181 2282 περιέχειν
1238 2212 1299 2264 τὸ
1331 2210 1518 2266 ποιοῦν
1546 2210 1634 2265 αῖ-

71 2319 192 2368 τιον,
224 2303 360 2357 ἀλλὰ
400 2304 680 2375 σημαίνειν
711 2303 890 2373 μόνον,
944 2302 1039 2356 καὶ
1088 2302 1185 2373 τὴν
1242 2303 1635 2374 ἀστεροσκοπι-

75 2398 165 2466 κήν
192 2393 320 2465 (56)·
344 2395 442 2448 οὐκ
466 2396 545 2447 ἔτι
574 2394 630 2447 δὲ
646 2394 746 2465 τὴν
762 2393 1255 2465 γενεθλιαλογικήν.
1289 2394 1352 2447 Εί
1377 2394 1486 2465 γὰρ
1515 2395 1636 2446 ὲπι-

74 2484 381 2552 γινώσκεται
429 2485 543 2556 (ἵνα
586 2486 680 2538 καὶ
726 2485 1081 2557 χαρισώμεθα
1126 2486 1187 2538 τὸ
1224 2483 1633 2554 γινώσκεσθαι),

74 2577 268 2644 γίνεται
290 2578 345 2630 δὲ
364 2577 571 2631 ἐκεῖθεν
592 2577 712 2630 ὅθεν
736 2580 768 2649 ὴ
788 2578 994 2647 γνῶσις
1016 2577 1370 2650 λαμϐάνεται,
1405 2576 1458 2630 τί
1499 2578 1637 2648 μᾶλ-

76 2666 155 2719 λον
189 2669 296 2720 ἀπὺ
317 2668 425 2721 τῶν
446 2669 691 2739 ἀστέρων
717 2668 751 2739 ἢ
783 2669 889 2723 ἀπὸ
917 2668 1027 2721 τῶν
1057 2670 1260 2724 οίωνῶν
1292 2670 1444 2724 ἔσται
1469 2671 1538 2723 τὰ
1560 2688 1637 2739 γι-

75 2755 293 2826 νόμενα;
321 2759 411 2811 καὶ
447 2759 645 2831 μᾶλλον
682 2772 708 2801 ι
760 2761 867 2815 ἀπὸ
906 2761 1015 2815 τῶν
1067 2761 1270 2815 οἰωνῶν
1302 2762 1335 2835 ἢ
1386 2762 1494 2817 ἀπὸ
1526 2764 1634 2817 τῶν

79 2846 386 2919 σπλάγχνων
434 2849 543 2903 τῶν
596 2850 891 2922 θυομένων,
925 2850 958 2923 ἢ
996 2850 1102 2905 ἀπὸ
1159 2852 1268 2907 τῶν
1307 2854 1632 2926 διᾳττόντων

78 2938 306 3009 ἀστέρων
328 2957 346 3007 ;

1734 662 1848 715 neri
1880 669 2091 729 putant.
2119 657 2583 724 Quemadmodum
2611 656 2771 728 293
2801 672 2929 726 ergo
2948 650 3062 710 ﬁeri
3090 666 3286 725 potest,

1728 757 1788 809 ut
1819 755 1913 823 qui
1953 762 2034 808 tot
2065 754 2294 807 aliorum
2322 752 2534 817 (demus
2556 752 2700 807 enim
2733 750 3084 822 hocinterim)
3104 746 3289 807 natalil

1729 846 2154 909 tiisinvolvitur,
2174 844 2315 899 idem
2345 853 2616 899 astrorum
2643 843 2770 898 huic
2796 842 3295 913 potiusgeneratio-

1730 939 1784 993 ni
1809 952 1973 1007 quam
2018 937 2230 992 caeteris
2258 936 2661 1005 praesidentium
2687 936 2942 1005 positioni
2975 934 3293 989 addicatur?

1728 1026 2200 1097 lncredibilejenim
2222 1035 2327 1091 est,
2340 1026 2685 1095 positionem,
2702 1040 2821 1098 quae
2852 1025 3113 1096 singulari
3130 1027 3293 1080 unius

1731 1118 2014 1187 cujusdam
2051 1118 2194 1172 ortui
2217 1115 2512 1187 praefuerit,
2540 1115 2850 1185 huiusmodi
2872 1116 3053 1169 exitus
3072 1131 3293 1170 causam

1732 1208 1938 1265 fuisse:
1978 1218 2432 1280 quzcaeterorum
2480 1209 2534 1262 in
2590 1207 2847 1261 natalitiis
2874 1206 3159 1271 exstiterit,
3186 1220 3292 1259 non

1730 1302 1922 1369 fuisse,
1961 1303 2055 1358 sed
2084 1302 2201 1370 ejus
2229 1302 2391 1357 modo
2428 1301 2881 1371 significationem
2931 1301 3167 1371 aliquam
3199 1300 3293 1355 de-

1730 1395 1897 1449 disse.
1926 1392 2037 1449 Nec
2064 1396 2252 1449 minus
2298 1393 2561 1447 insulsum
2594 1391 2778 1456 fuerit,
2809 1391 3063 1447 omnibus
3090 1407 3153 1446 ac
3182 1392 3295 1446 sin-

1732 1488 1874 1557 gulis
1888 1487 2125 1556 plurium
2156 1488 2383 1542 istorum
2405 1484 2666 1539 natalitiis
2690 1484 2922 1538 hominis
2941 1483 3101 1538 unius
3133 1484 3295 1538 caedis

1734 1592 1957 1632 causam
2003 1576 2279 1631 includere
2313 1592 2327 1627 :
2377 1574 2531 1645 quasi
2570 1572 3008 1642 generationibus
3037 1587 3101 1626 ex
3131 1572 3296 1642 hypo-

1735 1667 1876 1722 thesi
1923 1667 2357 1737 quinquaginta,
2420 1665 2551 1719 certi
2609 1664 2771 1719 unius
2817 1662 3053 1717 hominis
3096 1663 3297 1717 occisio

1734 1761 2126 1832 comprehensa
2147 1769 2439 1814 teneretur.
2464 1757 2581 1813 Jam
2612 1758 2907 1828 intelligere
2926 1756 3166 1828 profecto
3190 1773 3296 1811 non

1738 1868 1983 1923 possum,
2010 1853 2105 1922 qui
2151 1850 2365 1905 tandem
2393 1850 2612 1905 Iudaeos
2634 1863 2827 1904 omnes
2849 1863 2913 1902 ea
2942 1848 3092 1902 nasci
3122 1857 3297 1901 astro-

1739 1959 1857 1997 rum
1887 1943 2156 2013 positione
2208 1938 2515 2001 defendeut,
2552 1947 2610 1992 ut
2656 1945 2846 1991 octavo
2873 1936 2959 1990 die
2984 1936 3298 1990 circumcidi

1740 2043 1967 2091 cunctos
1997 2039 2262 2103 oporteat,
2283 2031 2467 2101 itaque
2513 2043 2725 2084 summa
2755 2039 2877 2083 cute
2911 2029 3300 2091 truncari,tor-

1739 2126 1917 2197 queri,
1945 2123 2165 2180 'ardenti
2193 2132 2405 2191 tumore
2432 2119 2776 2187 inflammari,
2807 2120 3033 2175 lacerari
3070 2119 3301 2174 vulneri-

1740 2218 1863 2283 bus,
1888 2225 2162 2287 postremo
2193 2215 2282 2269 vix
2319 2224 2473 2268 natos
2518 2213 2846 2268 medicorum
2877 2222 2989 2267 arte
3016 2228 3080 2267 ac
3122 2213 3299 2267 mani-

1740 2309 1843 2363 bus
1890 2306 2151 2376 indigere.
2186 2304 2489 2359 lsmaelitas
2538 2314 2728 2359 contra
2759 2320 2872 2370 eos,
2919 2306 3012 2374 qui
3046 2305 3300 2358 Arabiam

1741 2406 1942 2461 tenent,
1976 2413 2043 2452 eo
2067 2397 2173 2452 situ
2194 2397 2248 2450 in
2269 2396 2442 2451 lucem
2474 2398 2583 2460 edi,
2618 2406 2884 2452 utomnes
2912 2398 3056 2452 circa
3094 2412 3299 2450 annum

1736 2488 2008 2544 decimum
2043 2488 2262 2542 tertium
2301 2486 2617 2542 circumcidi
2658 2502 2881 2541 necesse
2925 2487 3015 2541 sit.
3068 2486 3126 2540 ld
3156 2488 3298 2541 enim

1739 2579 1843 2633 hoc
1880 2578 1947 2634 de
1975 2579 2259 2633 hominum
2316 2593 2511 2647 genere
2558 2586 3010 2633 commemorant.
3036 2576 3299 2632 Praeterea

1719 2671 1829 2739 -qui
1894 2670 2023 2733 fiat,
2083 2677 2143 2724 ut
2207 2668 2371 2724 certis
2428 2666 2754 2737 quibusdam
2806 2668 2947 2737 apud
3011 2668 3301 2723 nonnullos

1740 2760 2032 2831 Ethiopite
2090 2760 2317 2831 populos
2368 2774 2604 2831 genuum
2653 2760 2883 2829 patellae,
2938 2759 3301 2813 Amazonibus

1672 2913 1682 2928 ,
1738 2868 2095 2909 mammarum
2122 2852 2285 2906 altera
2313 2860 2607 2908 resecetur.
2630 2850 2912 2917 Quomodo
2932 2850 3075 2906 enim
3106 2851 3304 2907 similia

1737 2944 1900 2999 certis
1922 2942 2187 2998 duntaxat
2232 2931 2606 3015 ingentibus,
2662 2942 2901 2998 siderum
2942 2942 3028 2998 vis
3067 2942 3305 3009 efﬁciat?

82 3028 325 3099 Equidem
358 3034 436 3090 sic
457 3033 732 3102 existimo,
752 3036 864 3089 veri
895 3035 1029 3090 nihil
1079 3037 1183 3091 hoc
1223 3037 1277 3091 in
1308 3054 1524 3108 genere,
1559 3040 1611 3093 in
1651 3053 1759 3106 quo
1791 3037 1873 3092 vel
1902 3037 2093 3091 leviter
2140 3038 2345 3091 haerere
2386 3034 2562 3101 liceat,
2616 3035 2910 3105 excogitari
2934 3051 2963 3089 a
2990 3034 3147 3089 nobis
3214 3051 3304 3089 as-

83 3121 283 3191 serique
308 3140 486 3193 posse.
542 3124 831 3192 Caeterum,
880 3142 1003 3182 cum
1056 3136 1164 3181 tam
1224 3129 1407 3184 multae
1440 3128 1810 3199 praenoscendi
1853 3135 1997 3181 artes
2060 3124 2533 3193 circumferantur,
2585 3142 2692 3181 non
2741 3127 2919 3190 video,
2950 3127 3304 3191 quamobrem

86 3212 201 3269 inid
240 3217 584 3282 potissimum
635 3218 886 3283 homines
918 3221 1272 3291 impegerint,
1320 3230 1380 3275 ut
1407 3220 1652 3291 augurali
1692 3227 1745 3272 et
1772 3216 2134 3286 haruspicinae
2183 3214 2450 3271 alliciendi
2493 3216 2599 3270 vim
2661 3224 2938 3285 negarent,
2968 3214 3302 3285 significandi

83 3312 274 3360 tantum
303 3308 679 3377 concederent,
706 3312 847 3367 idem
879 3321 1062 3368 tamen
1120 3313 1187 3368 de
1233 3329 1318 3378 ea,
1366 3312 1557 3382 quain
1605 3310 1884 3365 stellarum
1916 3318 1969 3363 et
2023 3308 2389 3362 natalitiorum
2426 3307 2859 3363 consideratione
2881 3314 3146 3373 versatur,
3194 3321 3302 3361 non

86 3400 322 3455 sentiant.
354 3399 487 3456 Nam
514 3403 562 3457 si
611 3406 869 3476 cognosci
901 3404 1084 3462 futura
1109 3416 1336 3477 possunt
1378 3408 1505 3477 (hoc
1542 3398 1687 3460 enim
1729 3407 1781 3458 in
1824 3404 2108 3474 praesentia
2156 3402 2370 3473 demus)
2421 3402 2669 3473 idemque
2709 3403 3036 3474 cognitionis
3087 3404 3301 3458 illorum

88 3504 157 3551 est
180 3495 584 3570 cffeetionisque
611 3501 939 3572 principium
973 3519 988 3570 ;
1050 3520 1149 3560 cur
1199 3504 1253 3559 in
1303 3505 1486 3559 stellas
1511 3504 1694 3575 potius
1731 3516 1895 3573 quam
1918 3502 2145 3573 in‘aves,
2186 3515 2376 3555 eorum
2411 3515 2532 3569 quae
2561 3500 2698 3554 ﬁunt
2734 3514 2919 3567 causa,
2950 3497 3307 3555 conferatur?

87 3589 161 3642 vel
179 3606 273 3645 cur
295 3593 485 3673 avibus
507 3593 695 3649 eadem
724 3598 925 3664 potius,
958 3615 1121 3669 quam
1156 3612 1250 3654 aut
1287 3600 1631 3672 victimarum
1671 3599 1836 3664 extis,
1862 3606 1959 3651 aut
1979 3596 2412 3652 discurrentibus
2435 3594 2647 3665 ignibus
2668 3595 3016 3665 assignetur?

153 3699 170 3731 ι
209 3682 387 3738 Ταῦτα
420 3686 534 3756 μὲν
571 3681 662 3739 οὖν
702 3687 797 3741 ἐπὶ
828 3688 920 3741 τοῦ
980 3692 1243 3762 παρόντος
1282 3691 1504 3764 ἀρκέσει
1559 3692 1637 3754 εἰς

1815 3706 1833 3735 ι
1879 3685 2151 3741 Hactenus
2183 3686 2398 3755 quidem
2430 3700 2458 3738 a
2488 3685 2666 3749 nobis,
2707 3695 2971 3755 quantum
3019 3686 3107 3740 hic
3153 3685 3303 3740 locus

91 3770 348 3843 ἀναίρεσιν
393 3774 488 3829 τοῦ
534 3778 849 3848 ποιητικοὺς
883 3773 1024 3831 εἶναι
1059 3781 1185 3851 τοὺς
1248 3780 1479 3851 ἀστέρας
1528 3779 1637 3834 τῶν

91 3862 439 3935 ἀνθρωπίνων.
496 3870 671 3940 Ὅπερ
725 3869 784 3922 δὲ
835 3872 1331 3943 συγκεχωρήκαμεν
1391 3875 1489 3945 (οὐ
1531 3876 1640 3947 γὰρ

92 3953 263 4011 ἐλύπει
288 3959 377 4012 τδν
408 3959 611 4029 λόγον),
646 3962 724 4027 ὠς
749 3961 853 4015 τῶν
883 3960 1185 4032 ἀνθρώπων
1210 3964 1520 4035 δυναμένων
1544 3984 1641 4020 κα-

93 4048 431 4122 ταλαμϐάνειν
456 4038 605 4116 “robe.
634 4055 914 4127 οὐρανίους
976 4058 1407 4127 σχηματισμοὺς,
1450 4061 1542 4112 καὶ
1573 4060 1641 4112 τά

98 4145 293 4209 σημεῖα,
328 4147 419 4198 καὶ
449 4139 523 4198 ὧν
558 4148 673 4199 ὲστι
706 4130 923 4217 σημεῖα,
958 4147 1115 4201 τοῦτο
1154 4148 1284 4220 φέρε
1314 4147 1406 4200 νῦν
1458 4150 1641 4215 ἐξετά-

96 4242 259 4300 σωμεν
285 4238 331 4288 εί
360 4236 556 4305 ἀληθές
575 4238 714 4292 ἐστι.
741 4240 878 4293 Φασὶ
908 4240 1084 4292 τοίνυν
1111 4242 1157 4292 οί
1193 4240 1318 4308 περὶ
1343 4240 1513 4293 ταῦτα
1542 4242 1644 4294 δει-

96 4319 182 4383 νοὶ,
209 4322 291 4376 τὸν
320 4326 579 4395 μέλλοντα
603 4329 673 4382 τὰ
707 4331 847 4383 κατὰ
888 4331 982 4402 τὴν
1016 4330 1480 4404 γενεθλιαλοιγικὴν
1510 4333 1642 4405 ἀλη-

99 4408 193 4475 θῶς
230 4410 683 4488 καταλαμϐάνειν,
736 4422 933 4476 εἰδέναι
965 4424 1024 4476 οὐ
1062 4424 1217 4494 μόνον
1260 4424 1321 4476 τὸ
1378 4424 1516 4477 κατὰ
1547 4426 1643 4478 πό-

101 4518 208 4556 στου
237 4506 263 4546 δ
290 4507 757 4583 δωδεκατημορίου
814 4516 959 4569 ἐστὶν
998 4519 1027 4569 ὁ
1075 4516 1404 4587 καλούμενος
1446 4516 1641 4590 ἀστήρ,

100 4592 217 4650 ἀλλὰ
238 4600 326 4653 καὶ
354 4601 494 4655 κατά
526 4604 685 4667 ποίας
717 4608 909 4679 μοίρας
927 4609 1021 4661 τοῦ
1042 4608 1531 4681 δωδεκατημορίου,
1551 4610 1643 4664 καὶ

100 4689 222 4743 κατὰ
244 4693 389 4747 ποίου
413 4693 726 4765 ἑξηκοστοῦ.
758 4698 823 4751 Oi
854 4698 910 4751 δὲ
951 4700 1349 4773 ἀκριϐέστεροι,
1381 4700 1474 4754 καὶ
1504 4702 1643 4754 κατά

104 4778 237 4835 ποίου
262 4783 548 4857 ἑξηκοστοῦ
581 4784 674 4838 τοῦ
695 4785 1009 4857 ἑξηκοστοῦ.
1059 4792 1152 4843 καὶ
1194 4791 1349 4845 τοῦτό
1382 4808 1511 4860 φασι
1534 4791 1645 4845 δεῖν

105 4874 256 4926 ποιεῖν
308 4878 391 4947 ἐφ’
424 4877 653 4930 ἑκάστου
712 4873 820 4932 τῶν
874 4879 1268 4951 πλανωμένων,
1328 4873 1644 4946 ἐξετάζοντα

102 4956 187 5029 τὴν
213 4966 386 5034 σχέσιν
413 4968 512 5040 τήν
542 4969 677 5041 πρὸς
698 4969 822 5031 τοῦς
849 4969 1125 5035 ἀπλανεῖς.
1153 4974 1320 5027 Πάλιν
1342 4970 1405 5027 αὖ
1438 4975 1529 5026 ἐπὶ
1549 4975 1643 5027 τοῦ

1740 3777 2069 3848 postulabat,
2100 3776 2378 3832 confutata
2421 3777 2508 3830 illa
2542 3777 2805 3831 sententia
2837 3784 2940 3839 est,
2972 3791 3091 3845 quae
3122 3792 3303 3829 rerum

1739 3870 2101 3923 humanarum
2132 3867 2467 3923 eﬂeetionem
2487 3883 2514 3922 a
2538 3866 2803 3922 sideribus
2835 3865 3064 3935 pendere
3100 3874 3303 3919 statue-

1740 3961 1851 4014 bat.
1884 3957 2039 4024 Quod
2070 3972 2249 4013 autem
2296 3960 2461 4029 paulo
2496 3969 2643 4022 ante,
2696 3974 2819 4013 cum
2872 3959 3005 4013 nihil
3044 3968 3305 4028 suscepta:

1740 4052 2089 4122 disputationi
2108 4051 2363 4117 officeret,
2396 4052 2537 4106 ultro
2562 4050 2947 4115 cencessimus,
2979 4053 3226 4106 caelestes
3250 4052 3306 4105 il—

1742 4148 1821 4200 las
1836 4146 2151 4215 positiones,
2176 4143 2351 4214 signa,
2382 4157 2722 4213 quorumque
2747 4142 2899 4213 signa
2928 4140 3015 4195 illa
3053 4144 3302 4197 sinteru-

1744 4243 1851 4303 uia,
1880 4239 2148 4293 facultatis
2177 4239 2426 4291 humana:
2447 4236 2654 4289 viribus
2676 4234 2895 4305 intelligi
2914 4234 3075 4306 295
3102 4253 3259 4304 posse
3288 4253 3301 4286 :

1746 4333 1797 4387 id
1825 4345 2081 4385 verumne
2103 4328 2195 4392 sit,
2228 4342 2375 4382 nunc
2421 4327 2638 4380 demum
2674 4327 3307 4397 exquiramusprtmum

1745 4424 1908 4494 igitur
1938 4422 2069 4475 artis
2093 4420 2255 4491 hujus
2286 4419 2531 4489 magistri
2568 4420 2783 4484 docent,
2805 4419 2897 4487 qui
2926 4419 2994 4472 ad
3024 4434 3204 4473 veram
3244 4434 3308 4472 ac

1745 4514 2036 4585 perfectam
2065 4528 2243 4567 rerum
2274 4511 2732 4583 genethliacarum
2766 4509 3128 4579 Cagnitionem
3161 4516 3307 4578 aspi-

1746 4617 1846 4672 ret,
1878 4605 2166 4661 tenendum
2200 4604 2326 4659 huic
2348 4620 2466 4658 esse
2491 4617 2596 4657 non
2626 4601 2786 4655 modo
2809 4615 3041 4670 quanam
3076 4602 3126 4653 in
3157 4611 3307 4669 parte

1744 4696 2084 4755 duodecima,
2112 4693 2202 4747 sed
2220 4693 2382 4745 etiam
2422 4706 2656 4758 quanam
2702 4692 2753 4743 in
2800 4690 2943 4743 illius
2974 4690 3305 4744 duodecimae

1746 4785 2026 4857 particula,
2063 4783 2172 4836 imo
2197 4795 2367 4849 ecqua
2405 4780 2618 4833 tandem
2650 4781 2700 4832 in
2743 4779 3073 4851 sexagesima
3122 4796 3305 4836 verse—

1748 4886 1836 4931 tur
1852 4884 2078 4929 astrum.
2112 4873 2332 4926 Addunt
2361 4886 2508 4938 vero,
2542 4870 2634 4941 qui
2672 4885 2781 4923 rem
2806 4871 3112 4938 expendunt
3148 4888 3310 4927 accu-

1750 4968 1937 5030 ratius,
1967 4980 2201 5034 quauam
2254 4964 2307 5017 in
2356 4963 2502 5017 illius
2559 4963 2906 5033 sexagesima:
2951 4964 3306 5033 sexagesima.

105 5046 392 5142 άνατολωωῦ
418 5060 687 5131 ὁρίζοντος
718 5058 915 5130 δεήσει,
942 5061 1123 5127 φασὶν,
1162 5064 1288 5117 ἰδεῖν
1314 5066 1371 5117 οὐ
1404 5064 1563 5134 μόνον
1585 5065 1639 5117 τὸ

1749 5059 1903 5125 Quod
1931 5056 2072 5111 idem
2111 5056 2213 5125 ipsi
2247 5055 2545 5109 errantium
2594 5054 2645 5107 in
2696 5055 2930 5108 siderum
2963 5054 3199 5123 quolibet
3226 5052 3309 5107 fa-

108 5137 545 5219 δωδεκατημόριον
579 5153 728 5204 ποῖον
772 5146 839 5222 ἦν
897 5152 982 5203 ἐπ’
1008 5152 1192 5217 αὐτοῦ,
1226 5155 1358 5207 ἀλλὰ
1415 5156 1505 5207 καὶ⁹
1548 5155 1648 5225 τὴν

112 5234 296 5304 μοῖραν,
328 5239 420 5291 καὶ
446 5240 507 5292 τὸ
537 5242 824 5316 ἑξηκοστὸν
872 5242 971 5312 τῆς
1025 5243 1236 5314 μοίρας,
1272 5247 1332 5299 τδ
1364 5246 1577 5318 πρῶτον
1611 5246 1644 5315 ἢ

111 5319 162 5375 τὺ
188 5324 424 5400 δεύτερον
462 5329 772 5401 ἑξηκοστόν.
807 5333 929 5397 Πῶς
960 5332 1157 5397 τοίνυν,
1189 5334 1287 5404 τῆς
1328 5335 1474 5409 ὦρας
1508 5336 1645 5390 πλα-

173 5466 197 5497 ⁸
224 5457 300 5515 ῑσ.
327 5456 423 5512 καὶ
446 5459 499 5513 τί
527 5459 655 5531 μᾶλ.
737 5462 766 5502 δ
791 5463 875 5516 fa.
907 5464 1079 5516 ποίου.

174 5589 271 5668 (ξι)
310 5592 730 5668 Ἐλκομένονᾳ
772 5596 1158 5668 Ἐλκουμένους
1182 5634 1195 5657 ,
1248 5597 1474 5665 opinor,
1518 5615 1644 5654 vera

119 5654 265 5718 lectio'
298 5675 380 5737 est
398 5704 413 5729 ,
440 5654 603 5737 quam
632 5654 792 5719 etiam
824 5682 856 5720 e
886 5654 1240 5736 manuscript.
1276 5654 1410 5721 alter
1444 5654 1645 5737 reprze-

121 5740 295 5806 leuga};
332 5735 487 5790 ulcus
519 5734 663 5806 enim
708 5751 779 5789 ex
826 5734 1245 5806 circumcisione
1295 5734 1642 5806 sequebatur.

178 5798 662 5875 (55)"Emo'tﬁa'at
700 5805 837 5875 μέν.
893 5805 1017 5861 Haec
1062 5807 1171 5863 duo
1212 5798 1385 5862 verba
1417 5808 1649 5862 libenter

123 5874 445 5939 etpuhterim
472 5914 486 5941 ,
521 5890 640 5946 quae
687 5874 929 5948 profecto
974 5891 1196 5935 «nsum
1222 5918 1237 5947 ,
1288 5880 1492 5950 absque
1540 5878 1646 5934 illis

1748 5150 1997 5206 ciendum
2034 5162 2155 5203 esse
2190 5147 2523 5217 praecipiunt,
2552 5154 2792 5200 mutuam
2828 5147 3159 5215 singularum
3183 5161 3307 5199 cum

1752 5240 1839 5305 iis,
1872 5252 1990 5306 qua:
2021 5238 2123 5290 lixa
2160 5245 2373 5297 vocant,
2411 5236 2870 5303 comparationem
2904 5249 2967 5287 ac
3006 5242 3307 5301 respectum

1751 5329 2084 5398 vestigando.
2116 5328 2319 5382 Deinde
2352 5330 2403 5381 in
2461 5329 2577 5397 ipso
2607 5342 2823 5399 quoque
2884 5326 3132 5381 orientali
3162 5326 3307 5379 hori-
3384 5314 3397 5321 ’

1752 5600 1951 5669 optime
1978 5596 2361 5669 cohaerentem,
2394 5595 2770 5669 interturliant.

1826 5668 1952 5790 (562’
1987 5667 2093 5719 Καὶ
2139 5664 2253 5732 τὴν
2288 5668 2684 5733 ἁστεροσχοπ.
2735 5663 3017 5720 Manifesta
3062 5666 3309 5734 trajectio

1826 5750 1862 5790 ι.
1956 5736 2217 5790 mendum
2250 5751 2379 5790 ergo
2400 5777 2414 5790 .
2456 5737 2555 5787 οὐκ
2593 5736 2670 5786 έτι
2702 5733 2758 5785 δὲ
2789 5737 2888 5790 τὴν
2920 5739 3309 5790 ἀστεοοσκοπι-

1754 5733 1862 5814 est.
1911 5733 2217 5814 Legentl‘um
2250 5751 2414 5814 (περι,
2456 5737 2555 5814 οὐκ
2593 5733 2758 5814 ἑτι-δὲ
2789 5737 2888 5814 τήν
2920 5733 3309 5814 ἀστεροσκοπι-

1750 5810 1893 5878 κήν,
1945 5804 2038 5859 καὶ
2082 5806 2178 5878 τὴν
2223 5805 2583 5878 γενεθλιαλογΓ
2638 5804 2914 5878 Ηίοᾼεηίιη
2956 5804 3145 5867 eadem,
3193 5816 3303 5872 est,

1754 5874 2208 5949 ἀστεροσκοπική,
2245 5885 2297 5931 et
2324 5874 2780 5947 γενεθλιαλογικῄ.
