3976 6340
721 395 824 450 505

1385 396 1655 453 EUSEDII
1690 385 2167 451 CAESARIENSIS
2206 395 2353 448 OPP.
2401 395 2581 450 PARS
2622 395 2684 450 η.
2728 426 2796 435 --
2832 394 3333 451 APOLOGETICA.
3850 393 3928 446 504

722 518 896 575 zonte,
916 525 1023 564 non
1058 510 1349 565 videndum
1408 527 1530 565 esse
1582 513 1765 572 modo,
1799 528 2047 580 quzenam
2081 512 2277 565 duode-

2392 515 2474 563 τεῖ
2497 513 2635 580 λόγῳ
2658 513 2830 581 ἥμισυ
2861 513 3329 583 δωδεκατημορίου
3376 508 3757 581 περιεχούσης,
3801 510 3927 561 δύνα-

721 604 860 654 eima
889 616 1013 669 pars
1038 602 1092 657 in
1125 617 1249 657 eum
1274 604 1483 666 subeat,
1515 604 1607 658 sed
1639 603 1800 657 etiam
1852 618 2100 672 quaenam
2142 604 2285 657 illius

718 690 1053 747 duodecimae
1094 694 1379 762 particula,
1436 709 1664 763 quaque
1720 694 1883 761 hujus
1928 694 2283 762 sexagesima,

719 781 964 848 primane
1016 798 1085 836 an
1131 786 1391 838 secunda.
1448 782 1919 859 Quemadmodum
1986 801 2116 853 ergo
2170 785 2285 838 fieri

680 898 689 901 π
721 872 909 938 possit,
940 882 999 929 ut
1028 891 1151 929 cum
1182 876 1333 939 hora,
1367 878 1413 931 si
1445 877 1605 931 latius
1641 894 1754 931 rem
1786 879 2045 943 astimes,
2076 878 2283 931 duode-

720 964 873 1016 cimae
896 965 1063 1031 partis
1120 966 1399 1019 dimidium
1442 967 1854 1035 complectatur,
1890 969 2283 1036 sexagesimam

719 1054 768 1107 is
802 1062 1002 1119 teneat,
1034 1057 1127 1123 qui
1162 1057 1423 1110 horarum
1474 1056 1759 1112 divisionis
1812 1060 2117 1127 analogiam
2172 1075 2282 1113 non

720 1142 925 1195 teneat?
958 1142 1200 1214 Exempli
1235 1147 1428 1216 gratia,
1471 1163 1630 1201 nosse
1682 1148 1773 1217 qui
1806 1136 2041 1217 poterit,
2075 1161 2282 1209 certum

719 1230 863 1283 hunc
881 1232 1177 1300 hominem,
1231 1236 1361 1288 hora
1412 1247 1627 1305 quarta,
1678 1247 1826 1306 parte
1866 1238 2014 1292 horae
2038 1239 2280 1304 dimidia,
2320 1310 2323 1315 ί

718 1330 927 1388 quarta,
952 1332 1162 1386 octava,
1192 1325 1399 1378 decima
1431 1335 1603 1389 sexta,
1645 1329 1881 1381 secunda
1924 1340 1977 1382 et
2008 1329 2282 1398 trigesima

716 1421 900 1465 natum
930 1430 1050 1467 eSSe
1074 1413 1096 1465 ?
1123 1413 1255 1469 Nam
1286 1426 1503 1485 propter
1530 1418 1699 1482 bone,
1722 1434 1829 1471 non
1855 1419 2075 1488 integra:
2099 1422 2279 1483 modo,

716 1506 807 1558 sed
843 1506 1004 1559 etiam
1036 1507 1267 1561 definita:
1294 1510 1456 1577 hujus
1504 1519 1772 1578 certaeque
1810 1513 2086 1579 particula:
2126 1512 2281 1581 igno-

716 1598 1003 1661 rationem,
1037 1598 1334 1666 pluriinum
1379 1616 1522 1667 szepc
1548 1601 1757 1665 volunt,
1800 1602 1853 1654 in
1877 1617 1939 1655 ea
1970 1618 2089 1669 qua:
2114 1602 2279 1670 signi-

716 1690 967 1749 licantur,
1008 1689 1286 1742 varietatis
1321 1689 1576 1744 incidere.
1614 1690 1742 1744 Etin
1778 1693 2009 1761 geminis
2040 1695 2279 1761 quidem,

714 1789 769 1829 ut
792 1778 1010 1834 alterius
1037 1788 1190 1833 ortus
1217 1782 1284 1833 ab
1316 1782 1505 1847 altero,
1525 1795 1799 1837 momento
1837 1800 1977 1854 smpe
2007 1802 2116 1839 uno
2146 1802 2281 1853 pun-

712 1878 904 1937 ctoque
935 1872 1192 1939 temporis
1223 1871 1530 1938 dirimatur,
1560 1875 1742 1928 multa:
1782 1886 1959 1931 tamen
1993 1886 2286 1931 occurrunt

712 1967 819 2010 tam
844 1974 1070 2012 casuum
1101 1974 1265 2027 quam
1290 1976 1471 2014 rerum
1493 1965 1943 2033 negotiorumque
1973 1966 2281 2029 varietates,

712 2049 927 2115 partim,
974 2060 1030 2102 ut
1059 2051 1157 2118 ipsi
1192 2051 1369 2114 aiunt,
1438 2054 1583 2121 quod
1644 2056 1922 2109 stellarum
1945 2056 2192 2111 diversus
2230 2058 2281 2111 in

712 2148 937 2206 utroque
963 2149 1241 2208 respectus
1268 2140 1448 2201 fuerit,
1474 2144 1667 2212 partim
1691 2145 1837 2213 quod
1867 2146 2047 2201 minus
2079 2158 2282 2202 certam

711 2230 879 2291 illam,
909 2233 1454 2300 quminliorizontem
1500 2238 1725 2301 subiret,
1756 2242 1922 2307 partis
1976 2240 2115 2309 signi
2147 2240 2282 2295 duo-

708 2324 929 2375 decima:
956 2324 1276 2391 particulam
1301 2326 1335 2378 ii
1359 2328 1650 2392 tenuerint,
1682 2330 1774 2398 qui
1804 2331 2135 2398 exploratam
2162 2347 2281 2386 sese

710 2415 899 2466 horam
927 2414 1183 2469 habuisse
1214 2425 1553 2484 putaverant.
1585 2418 1719 2472 Nam
1750 2421 1853 2473 hoc
1882 2423 2125 2489 quidem,
2156 2438 2281 2490 pars

706 2523 774 2562 ne
804 2508 949 2562 bal-aa
975 2509 1267 2573 tricesima,
1299 2519 1450 2564 ortus
1484 2514 1768 2587 utriusque
1812 2514 2158 2569 intervallum
2182 2531 2276 2569 ex-

706 2600 921 2662 stiterit,
955 2608 1190 2654 statuere
1217 2616 1375 2655 nemo
1408 2612 1605 2670 potest.
1645 2603 1842 2660 Verum
1870 2606 1919 2659 id
1939 2622 2158 2676 quoque
2185 2624 2279 2676 per

707 2706 806 2743 nos
831 2689 1082 2751 habeant,
1117 2698 1173 2756 ut
1226 2691 1496 2758 exquisite
1558 2693 1748 2746 horam
1811 2702 1995 2748 tenere
2044 2696 2275 2763 possint.

706 2779 899 2834 Exstat
930 2796 1061 2834 sane
1094 2781 1368 2849 quoddam
1405 2782 1675 2849 ejusmodi
1702 2783 2004 2849 theorema,
2045 2800 2155 2851 quo
2188 2800 2279 2837 zo-

703 2875 919 2928 diacum
952 2875 1239 2939 circulum,
1276 2862 1497 2945 perinde
1550 2887 1608 2930 ut
1670 2878 1913 2931 errantia
1966 2878 2166 2940 sidera,
2212 2880 2279 2933 ab

702 2980 900 3019 occasu
930 2966 985 3019 in
1013 2974 1191 3019 ortum
1219 2968 1290 3019 ita
1324 2966 1449 3020 ferri
1477 2968 1871 3032 demonstrant,
1897 2977 1956 3022 ut
1976 2970 2277 3025 centesimo

704 3072 921 3127 quoque
944 3072 1088 3110 anno
1117 3067 1325 3113 motum
1352 3059 1494 3112 hunc
1519 3076 1679 3113 suum
1727 3076 1852 3128 pars
1883 3061 2002 3129 ejus
2028 3062 2280 3129 quaelibet

2388 602 2474 653 ταί
2505 620 2585 664 τις
2612 602 2795 653 λαϐεῖν
2821 602 2879 653 τὸ
2904 601 3212 671 ἑξηκοστὸν,
3258 602 3331 671 μὴ
3362 601 3497 670 ἔχων
3524 600 3623 668 τὴν
3678 599 3925 664 ἀναλογίαν

2386 696 2484 763 τῆς
2508 695 2823 764 διαιρέσεως
2846 694 2954 745 τῶν
2983 695 3159 763 ὡρῶν,
3215 694 3378 754 ὥστε,
3424 694 3553 762 φέρε
3586 693 3783 751 εἰπεῖν,
3824 691 3929 741 εἰδέ-

2386 804 2491 850 ναι,
2520 788 2601 839 ὂτι
2637 786 2952 857 γεγέννηται
2986 790 3013 839 ό
3044 787 3187 837 δεῖνα
3217 786 3334 856 ὥρᾳ
3370 786 3627 857 τετάρτῃ,
3667 783 3925 853 καὶήμὶπει

2385 875 2552 946 ὥρας,
2588 876 2682 928 καὶ
2733 876 2999 945 τετάρτῳ,
3058 876 3247 945 ὀγδόῳ,
3310 877 3402 927 καὶ
3424 874 3814 943 ἑκκαιδεκάτῳ,
3856 874 3926 924 καὶ

2383 967 2815 1039 δυοτριακοστῴς
2849 966 3140 1038 Παραπολὺ
3167 966 3274 1037 γάρ
3310 983 3444 1035 φασι
3475 966 3860 1035 παραλλάττειν
3877 966 3929 1013 τὰ

2386 1060 2772 1129 σημαινόμενα,
2830 1059 2979 1131 παρὰ
3025 1058 3124 1126 τὴν
3185 1058 3478 1125 ἀγνωσίαν,
3526 1057 3587 1108 οὐ
3626 1068 3652 1095 ι
3700 1056 3793 1124 τῆς
3826 1055 3928 1123 ὅλης

2385 1150 2553 1220 ὧρας,
2577 1150 2711 1202 ἀλλά
2764 1150 2857 1202 καὶ
2910 1150 3003 1201 τοῦ
3044 1148 3431 1227 ποστημορίουί
3463 1148 3655 1216 αὐτῆς.
3702 1147 3787 1197 Ἐν
3823 1145 3929 1211 γοῦν

2384 1244 2493 1303 τοῖς
2519 1241 2757 1310 διδύμοις
2810 1240 3165 1315 γεννωμένοις
3219 1238 3478 1301 πολλάκις
3531 1239 3591 1290 τὸ
3635 1234 3828 1305 μεταξὺ
3854 1236 3928 1285 καὶ

2383 1334 2664 1402 ἀκαριαῖον
2696 1318 3010 1404 ὧραςὲστὶ,
3053 1332 3146 1382 καὶ
3198 1330 3389 1381 πολλαὶ
3445 1327 3791 1398 παραλλαγαὶ
3843 1325 3930 1376 τῶν

2386 1441 2447 1474 συ
2458 1424 2789 1492 μὸαινόντων
2812 1422 2905 1474 καὶ
2934 1422 3041 1474 τῶν
3064 1420 3449 1491 πραττομένων
3484 1420 3569 1472 ἐπ’
3588 1418 3768 1472 αὐτῶν
3794 1418 3934 1469 ἀπαν-

2384 1516 2567 1577 τῶσιν,
2599 1514 2673 1577 ὦς
2707 1531 2869 1582 φασιν
2902 1516 3120 1576 ἐκεῖνοι,
3157 1511 3305 1582 παρά
3346 1510 3441 1581 τὴν
3496 1512 3675 1562 αἰτίαν
3706 1510 3803 1577 τῆς
3835 1509 3933 1577 σχέ-

2388 1624 2523 1667 σεως
2554 1606 2661 1657 τῶν
2693 1606 2955 1677 ἀστέρων,
2984 1606 3078 1657 καὶ
3128 1604 3187 1655 τὸ
3226 1603 3410 1672 μόριον
3438 1600 3531 1653 τοῦ
3584 1600 3933 1667 δωδεκατημο-

2385 1698 2501 1767 ρίου
2530 1697 2589 1749 τὸ
2646 1696 2794 1765 παρά
2847 1697 2935 1747 τὸν
2995 1694 3261 1766 ὁρίζοντα,
3306 1694 3365 1746 οὐ
3413 1691 3933 1761 καταλαμϐανόμενον

2385 1787 2489 1839 ὑπὸ
2516 1786 2622 1839 τῶν
2654 1784 3019 1855 νομιζομένων
3052 1782 3150 1853 τὴν
3179 1783 3327 1854 ὤραν
3362 1782 3747 1852 τετηρηκέναι.
3771 1778 3932 1837 Οὐδεὶς

2317 1855 2357 1908 Β
2386 1878 2492 1948 γάρ
2523 1877 2741 1930 δύναται
2770 1877 2970 1944 λέγειν,
3006 1877 3086 1929 ὃτι
3131 1875 3191 1927 τὸ
3252 1872 3453 1943 μεταξὺ
3494 1872 3647 1924 τοῦδε
3678 1871 3777 1940 τῆς
3806 1871 3933 1936 γενέο

2387 1986 2525 2031 σεως
2548 1968 2681 2038 πρὸς
2708 1967 2804 2037 τὴν
2861 1966 3012 2019 τοῦδέ
3047 1969 3192 2018 ἐστιν
3227 1964 3375 2035 ὥρας
3422 1959 3759 2031 τριακοστόν.
3818 1959 3931 2009 Ἀλλ’

2384 2058 2524 2110 ἔστω
2552 2056 3038 2127 συγκεχωρημένον
3071 2056 3254 2116 αὐτοῖς
3282 2053 3419 2113 τόδε,
3447 2050 3588 2103 κατὰ
3620 2050 3677 2102 τὸ
3706 2048 3930 2102 ἐκλαϐεῖν

2382 2150 2481 2219 τὴν
2504 2148 2671 2219 ὥραν.
2702 2148 2926 2219 Φέρεται
2959 2148 3022 2215 δὴ
3047 2145 3328 2216 θεώρημα,
3357 2141 3705 2195 ἀποδεικνύον
3730 2140 3819 2193 τὸν
3846 2136 3933 2202 ζω-

2382 2239 2564 2292 διακὸν
2589 2238 2784 2291 κύκλον
2808 2237 3007 2307 ὁμοίως
3035 2239 3147 2298 τοῖς
3176 2232 3541 2303 πλανωμένοις
3570 2229 3822 2301 φέρεσθαι
3846 2228 3935 2281 ἀπὸ

2382 2328 2599 2397 δυσμῶν
2622 2329 2713 2381 ἐπὶ
2741 2326 3002 2388 ἀνατολὰς
3066 2326 3134 2377 δι’
3164 2323 3356 2378 ἑκατὸν
3405 2323 3540 2375 ἐτῶν
3584 2325 3776 2391 μοῖραν
3804 2322 3933 2389 μίαν,

2384 2418 2663 2471 καὶτοῦτο
2693 2418 2771 2486 τῷ
2824 2416 3001 2487 πολλῷ
3056 2417 3230 2487 χρόνῳ
3275 2414 3615 2467 ἐναλλάττειν
3664 2414 3761 2482 τὴν
3806 2410 3935 2462 θέσιν

2380 2511 2488 2563 τῶν
2509 2510 3009 2581 δωδεκατημορίων·
3064 2508 3250 2578 ἑτέρου
3292 2507 3389 2575 μὲν
3454 2506 3806 2576 τυγχάνοντος
3858 2502 3931 2555 τοῦ

2382 2604 2571 2675 νοητοῦ
2608 2601 3106 2673 δωδεκατημορίου,
3147 2601 3333 2672 ἐτέρου
3362 2600 3417 2653 δὲ
3458 2599 3551 2651 τοῦ
3600 2598 3796 2649 ὡσανεὶ
3826 2613 3937 2665 μορ-

2382 2695 2639 2765 φώματος
2668 2693 2801 2762 (5Ἷ)·
2832 2693 2943 2746 ἀλλ’
2988 2694 3052 2744 ὲκ
3078 2692 3172 2744 τοῦ
3204 2690 3393 2761 νοητοῦ
3442 2690 3656 2755 ζωδίου,
3699 2689 3833 2758 ὅπερ
3884 2688 3933 2739 οὐ

2381 2788 2522 2839 πάνυ
2571 2803 2623 2837 τι
2681 2784 2902 2837 δυνατὸν
2953 2781 3482 2852 καταλαμϐάνεσθαι.
3552 2780 3727 2832 Ἔστω
3770 2778 3825 2831 δὲ
3856 2777 3934 2828 καὶ

2379 2880 2536 2931 τοῦτο
2562 2876 3068 2948 συγκεχωρημένον,
3113 2875 3172 2928 τὸ
3204 2870 3712 2942 καταλαμϐάνεσθαι
3738 2871 3799 2924 τὸ
3826 2886 3932 2937 νοη-

2382 2970 2470 3023 τὸν
2500 2968 2993 3039 δωδεκατημόριον,
3052 2967 3084 3037 ἢ
3138 2965 3393 3019 δύνασθαι
3450 2965 3513 3016 ὲκ
3543 2962 3636 3015 τοῦ
3694 2958 3931 3032 αἰσθητοῦ

2379 3061 2845 3131 δωδεκατημορίου
2874 3058 3243 3129 λαμϐάνεσθαι
3300 3056 3359 3109 τὸ
3402 3054 3617 3125 ἀληθές.
3657 3053 3813 3105 Ἀλλὰ
3847 3052 3930 3117 τήν

712 3165 815 3202 tina
842 3149 1117 3203 conﬁciat.
1152 3148 1255 3213 Qui
1284 3159 1466 3203 motus
1515 3149 1773 3217 longioris
1809 3166 2098 3221 progressu
2147 3162 2277 3206 tem-

2382 3171 2444 3221 γε
2468 3152 2763 3224 σύγκρασιν
2800 3152 2928 3222 παρ’
2958 3151 3137 3211 αὐτοῖς
3165 3146 3499 3217 καλουμένην
3549 3146 3653 3198 τῶν
3695 3146 3752 3195 ὲν
3778 3140 3933 3194 τοῖσδε

2447 3249 2468 3253 _
2872 3245 2893 3253 _
3170 3242 3182 3253 .
3443 3240 3453 3251 .
3534 3240 3546 3253 .
3619 3239 3630 3253 .
3696 3238 3709 3253 .
3772 3235 3901 3253 νυνι

705 3241 871 3309 poris,
909 3241 963 3293 in
997 3242 1150 3311 signa
1174 3242 1457 3295 duodecim
1496 3241 1770 3295 varietatis
1814 3244 2108 3311 plurimum
2140 3244 2278 3298 infc-

705 3342 829 3385 rat:
857 3348 979 3386 cum
1022 3334 1236 3402 signum
1270 3336 1416 3388 aliud
1450 3336 1521 3388 sit
1562 3336 1706 3402 quod
1741 3344 1920 3391 mente
1951 3336 2275 3406 concipitur,

705 3421 850 3473 aliud
881 3422 1025 3489 quod
1082 3424 1239 3490 quasi
1279 3439 1442 3477 sensu
1489 3424 1819 3478 informatur
1848 3442 1861 3476 :
1886 3426 1965 3479 sic
1995 3435 2175 3479 tamen
2221 3435 2279 3478 ut

702 3526 771 3563 ex
803 3525 868 3565 eo
891 3518 1101 3567 tantum
1138 3514 1282 3581 quod
1318 3522 1499 3567 mente
1549 3516 1871 3583 concipitur,
1907 3516 2159 3585 quodque
2188 3518 2278 3571 vix

706 3618 769 3655 ac
795 3618 861 3655 ne
888 3603 976 3655 vix
998 3603 1217 3671 quidem
1250 3605 1418 3659 teneri
1448 3605 1609 3675 295
1632 3616 1781 3660 certo
1808 3616 2004 3675 potest,
2034 3609 2109 3661 fei
2139 3610 2277 3665 veri-

706 3705 786 3747 tas
818 3694 1098 3750 habeatur.
1140 3695 1461 3765 Quanquam
1518 3698 1570 3750 id
1623 3698 1784 3751 etiam
1817 3713 1846 3751 a
1883 3698 2039 3753 nobis
2097 3701 2273 3765 detur,

706 3797 882 3841 utaut
905 3790 1118 3857 signum
1166 3790 1297 3843 illud
1348 3791 1495 3859 quod
1544 3800 1725 3845 mente
1772 3792 2101 3860 concipitur,
2129 3803 2276 3847 certo

705 3878 872 3930 teneri
900 3891 1085 3947 queat,
1142 3888 1237 3933 aut
1285 3895 1350 3933 ex
1389 3895 1453 3933 eo
1496 3881 1686 3935 saltem
1729 3882 1871 3950 quod
1908 3896 2072 3935 sensu
2115 3882 2277 3935 infor-

708 3978 906 4033 matur,
937 3985 1124 4023 verum
1150 3971 1397 4045 intelligi.
1430 3972 1717 4027 Astrorum
1742 3983 1886 4029 certe
1911 3973 2129 4041 quidem
2156 3974 2275 4027 illo—

704 4078 821 4115 rum
851 4080 971 4133 quae
997 4064 1049 4118 in
1072 4066 1235 4119 situm
1264 4067 1531 4136 ejusmodi
1556 4068 1895 4137 ﬁguramque
1918 4081 2270 4133 concurrunt,

705 4170 865 4221 quam
900 4156 1002 4223 ipsi
1041 4159 1599 4226 contemperationem
1656 4160 1947 4227 appellant,
2006 4162 2273 4229 exquisite

706 4246 802 4299 abs
835 4260 953 4299 sese
992 4246 1207 4305 defendi
1238 4264 1346 4305 nou
1401 4265 1564 4319 posse
1614 4250 1951 4304 fatebuntur.
1997 4234 2273 4320 Contingit

703 4336 846 4389 enim
880 4335 1179 4405 saepissime
1208 4345 1265 4389 ut
1307 4338 1390 4390 vel
1440 4339 1741 4393 infestioris
1772 4340 1935 4408 hujus
1986 4341 2119 4393 astri
2167 4341 2270 4403 vis,

703 4426 845 4494 quod
877 4426 1116 4491 emersit,
1148 4426 1370 4479 alterius
1401 4424 1661 4479 felicioris
1700 4436 1921 4495 aspectu
1968 4428 2140 4499 magis
2173 4428 2273 4481 nii-

2385 3249 2495 3309 τοῖς
2527 3245 2925 3315 σχηματισμοῖς
2950 3242 3343 3310 τυγχανόντων,
3372 3240 3465 3292 καὶ
3489 3239 3640 3291 αὐτοὶ¹
3687 3235 3930 3306 ὁμολογή·

2387 3356 2589 3400 σουσιν,
2613 3337 2711 3405 οὐχ
2730 3329 2830 3386 οἷοί
2856 3351 2914 3386 τε
2941 3333 3109 3385 σῶσαι
3165 3331 3303 3384 κατά
3350 3333 3477 3393 πᾶν,
3535 3326 3930 3399 ἀμαυρουμένου

2384 3429 2477 3482 τοῦ
2507 3427 2853 3498 δηλουμένου’
2887 3426 3016 3495 φέρε
3048 3424 3493 3496 είπεῖν,χείρονος
3525 3423 3631 3475 ἀπὸ
3646 3414 3928 3484 τοῦῶἤὸὃὶν

2384 3519 2470 3573 διὰ
2506 3519 2564 3570 τὸ
2586 3516 2968 3569 ὲπιὸλέπεσθαι
2996 3515 3154 3567 αὑτὸν
3190 3514 3291 3567 ὑπὸ
3322 3512 3472 3566 τοῦδε
3497 3511 3591 3563 τοῦ
3623 3510 3929 3581 κρείττονος.

2386 3613 2477 3666 καὶ
2498 3611 2589 3663 ἐπὶ
2617 3608 2847 3670 τοσόνδε,
2878 3606 2911 3677 ἢ
2948 3606 3160 3659 τοσόνδε
3204 3604 3638 3676 ἀμαυρουμένου.
3686 3597 3930 3654 Πολλάκις

2386 3699 2543 3752 πάλιν
2573 3699 2671 3767 τῆς
2696 3696 3065 3767 ἀμαυρώσεως
3087 3694 3187 3764 τῆς
3212 3693 3304 3746 τοῦ
3326 3687 3691 3779 χείρονοςῦπὸ
3710 3686 3806 3779 τῆς
3829 3687 3931 3779 £111.-

2384 3791 2621 3859 ϐλέψεως
2646 3789 2743 3857 τῆς
2776 3788 2869 3841 τοῦ
2912 3788 3213 3859 κρείττονος
3255 3778 3703 3854 ὲμποδιζομένης,
3756 3778 3817 3828 ὲκ
3852 3778 3927 3825 τοῦ

2382 3885 2564 3951 ἕτερον
2595 3881 2792 3933 οὑτωσὶ
2822 3877 3237 3949 ἐσχηματίσθαι,
3273 3872 3531 3944 χειρόνων
3577 3870 3701 3925 ὄντα
3736 3883 3926 3937 σημαν-

2381 3973 2547 4027 τικόν.
2582 3974 2692 4024 Καὶ
2716 3968 2867 4041 οἴμαι
2898 3965 3263 4039 ἐπιστήσαντα
3285 3982 3405 4016 τινα
3430 3965 3545 4025 τοῖς
3589 3962 3785 4023 τόποις,
3813 3960 3927 4011 ἀπο-

2380 4061 2579 4129 γνῶναι
2607 4062 2705 4133 τὴν
2731 4062 2856 4131 περὶ
2884 4058 3086 4111 τούτων
3118 4053 3441 4123 κατάληψιν,
3475 4050 3722 4129 οὐδαμῶς
3742 4046 3927 4117 ἀνθρώ-

2380 4171 2497 4216 ποις
2535 4152 2873 4221 ὲκκειμένην,
2900 4150 3034 4209 ἀλλ’,
3061 4150 3111 4199 εί
3144 4146 3272 4217 ἄρα,
3289 4134 3294 4139 ’
3303 4144 3467 4216 μέχρι
3493 4142 3585 4196 τοῦ
3611 4142 3924 4212 σημανθῆναι

2383 4246 2539 4315 μόνον
2562 4243 2883 4311 φθάνουσαι).
2914 4241 2975 4291 Et
3022 4236 3077 4289 δέ
3106 4253 3187 4299 τις
3212 4236 3268 4288 ὲν
3322 4235 3487 4306 πείρᾳ
3525 4233 3803 4303 γεγένηται
3832 4231 3924 4281 τῶν

2381 4337 2739 4408 πραγμάτων,
2800 4334 2996 4404 μᾶλλον
3040 4331 3242 4382 εἴσεται
3272 4327 3331 4380 τὸ
3377 4328 3434 4380 ὲν
3462 4326 3540 4397 τῷ
3591 4322 3921 4396 στοχάζεσθαι

2380 4425 2754 4482 ἀποπτωτικδν
2777 4423 2885 4476 τῶν
2905 4420 3188 4489 λεγόντων,
3228 4418 3325 4482 καὶ⁸
3354 4417 3531 4471 αὐτῶν
3566 4409 3923 4486 συγγραψαμέ-

708 4527 875 4565 nusve
905 4513 1222 4565 retundatur
1255 4531 1269 4566 :
1306 4512 1389 4566 vel
1422 4524 1481 4565 ut
1508 4514 1558 4566 id
1591 4514 1767 4581 ipsum
1796 4530 1905 4583 quo
1937 4517 2118 4594 minus
2145 4532 2271 4570 eve-

2380 4521 2657 4589 νων,ηπερ
2682 4513 3024 4585 νομιζόμενον
3043 4508 3151 4579 (59)
3171 4510 3561 4563 ὲπιτευκτικόν.
3581 4508 3689 4562 Καὶ
3718 4502 3920 4601 Ἠσαίας

707 4606 837 4667 niat,
871 4605 1120 4673 proprius
1144 4594 1363 4673 quidam
1414 4619 1479 4656 ac
1534 4604 1827 4673 singularis
1854 4606 2098 4671 alterius,
2128 4596 2272 4676 quod

705 4693 943 4747 deterius
976 4695 1119 4747 aliud
1183 4695 1469 4763 signiticet,
1500 4696 1637 4749 situs
1668 4696 1947 4764 impediat.
2005 4700 2083 4752 Ac
2136 4698 2271 4751 mihi

708 4797 837 4834 sane
860 4784 929 4835 ita
957 4786 1276 4852 persuadeo,
1332 4788 1583 4855 quisquis
1642 4790 1693 4840 in
1753 4789 1999 4841 locorum
2043 4790 2274 4844 istorum

705 4872 1084 4941 disquisitione
1112 4878 1437 4941 versabitur,
1494 4881 1970 4947 pronuntiaturum
2003 4897 2127 4935 eum
2162 4882 2271 4935 uti-

705 4976 829 5030 que,
862 4972 1197 5030 perspectam
1226 4966 1671 5033 exploratumque
1722 4967 2030 5019 mortalium
2070 4967 2269 5019 nemini

702 5068 890 5105 eorum
926 5053 1190 5105 rationem
1216 5066 1356 5115 esse,
1389 5056 1482 5107 sed
1528 5055 1577 5107 ei
1614 5054 1879 5107 duntaxat
1908 5054 2016 5108 vim
2066 5054 2271 5123 signiti-

776 5203 799 5231 ι
832 5191 917 5245 ισ.
944 5191 1070 5244 add.
1103 5189 1283 5259 μόνον.

777 5318 888 5387 (5'7)
924 5319 1347 5389 Μορφώματος.
1400 5318 1530 5373 Post
1561 5322 1699 5377 hanc
1729 5340 1913 5378 vocem
1964 5323 2269 5377 membrum

701 5390 929 5463 alterum
962 5393 1153 5463 deesse
1184 5390 1347 5463 credo
1370 5392 1577 5463 ,μου-οδ
1602 5394 1672 5445 ita
1707 5396 1921 5463 concipi
1972 5395 2175 5463 possit,
2208 5396 2269 5447 οὐ

704 5460 809 5535 μὴν
840 5458 1251 5535 λαμϐανομένου
1284 5462 1346 5535 -τῖ
1380 5458 1612 5529 ἀληθοῦς
1651 5464 1715 5516 ὲκ
1752 5464 1844 5518 τοῦ
1868 5458 2266 5535 ’μορφώματος

703 5532 907 5582 Sensus
938 5530 1093 5603 enim
1117 5531 1169 5583 id
1212 5531 1409 5603 exigit,
1443 5540 1497 5585 et
1528 5535 1810 5593 manifesta
1853 5530 2115 5603 probant,
2149 5550 2270 5603 quin

700 5607 1021 5672 sequuntur.
1050 5600 1190 5660 Vox.
1218 5600 1586 5672 μορφώματος
1616 5600 1869 5671 repetita,
1897 5600 2265 5667 librariorum,

701 5677 760 5769 :ll
784 5682 927 5735 saepe
954 5669 1036 5747 iit,
1072 5672 1247 5769 ocplis
1284 5669 1564 5741 imposuit,
1596 5682 1657 5727 ut
1679 5669 2032 5769 posteriorem
2068 5675 2269 5745 prioris

698 5737 819 5805 loco
852 5739 1180 5805 acciperent.
1366 5737 1378 5740 “
1540 5737 1541 5741 “
1680 5737 1695 5769 τ
1862 5766 1865 5769 ‹
1926 5773 1934 5779 -

922 5804 1197 5878 Χείρονος
1232 5811 1348 5869 ἀπὸ
1382 5811 1571 5869 τοῦδε.
1626 5810 1839 5879 Melius.
1871 5815 1925 5876 ni
1958 5812 2141 5883 fall0r,
2171 5814 2267 5875 αδ·-

2380 4614 2529 4683 γοῦν,
2564 4610 2637 4672 ὼς
2668 4608 2726 4659 οὐ
2758 4603 3065 4673 δυναμένων
3091 4600 3294 4653 τούτων
3323 4597 3669 4672 εὑρίσκεσθαι
3712 4594 3812 4647 ὑπὸ
3839 4592 3919 4642 ἀν-

2380 4704 2632 4775 θρώπων,
2668 4698 2799 4766 φησὶ
2835 4689 2968 4764 πρὸς
3013 4693 3111 4763 τὴν
3151 4693 3423 4765 θυγατέρα
3478 4689 3587 4744 τῶν
3642 4683 3915 4750 Χαλδαίων,

2377 4796 2485 4847 τῶν
2509 4792 2679 4845 ταῦτα
2703 4787 2934 4859 μάλιστα
2991 4784 3138 4855 παρὰ
3188 4786 3394 4848 πάντας
3437 4776 3913 4848 ἰπαγγελλομένωψ

2384 4906 2400 4937 ι
2442 4886 2727 4955 Στήτωσαν
2758 4879 2843 4948 δὴ,
2878 4878 2968 4930 καὶ
3024 4877 3349 4931 σωσάτωσάν
3400 4891 3458 4927 σε
3514 4875 3565 4961 οἱ
3628 4870 3914 4961 ἀστρολόγοι

2376 4974 2467 5027 τοῦ
2496 4969 2742 5041 οὐρανοῦ·
2795 4967 3263 5036 ἀναγγειλάτωσάν
3298 4982 3379 5018 σοι
3433 4962 3487 5016 τί
3519 4958 3696 5033 μέλλει
3725 4958 3820 5015 ’ἐπὶ
3865 4960 3915 5012 σὲ

2377 5065 2648 5138 ἔρχεσθαι.
2675 5081 2693 5111 ι
2716 5059 2813 5113 Διὰ
2837 5062 2944 5131 γὰρ
2969 5061 3171 5114 τούτων
3196 5054 3556 5127 διδασκόμεθα
3589 5053 3913 5128 μὴδύνασθαι

2372 5335 2516 5379 esset
2548 5326 2673 5387 ἀπό,
2706 5333 2764 5379 ut
2806 5326 3045 5397 χείρονος
3077 5321 3229 5397 τοῦδε
3274 5322 3500 5393 (nempe
3528 5324 3777 5397 ἀστέρος)
3802 5336 3906 5377 cum

2373 5406 2643 5462 praeeunte
2674 5392 2919 5465 parti'eip.
2944 5392 3271 5463 δηλουμένου
3306 5392 3671 5457 construatur;
3704 5394 3791 5449 Sin
3819 5408 3906 5446 suo

2374 5475 2501 5539 tem,
2535 5464 2685 5535 quod
2710 5468 2889 5520 minus
2925 5465 3111 5539 probo,
3144 5464 3463 5539 retinebitur
3494 5466 3777 5539 drud,_tu_n’:
3801 5469 3912 5539 post

2372 5530 2613 5607 χείρονος
2659 5530 2979 5607 supponenda
3033 5533 3239 5607 virgula
3287 5533 3488 5603 fuerit,
3520 5544 3583 5592 ut
3624 5531 3727 5589 ἀπὸ
3772 5530 3905 5584 eam

2371 5603 2493 5661 cum
2522 5603 3349 5677 ἀμαυρουμένουηοοηλιιηεοῑυτ.
3468 5672 3473 5675 η
3514 5626 3517 5629 δ

2442 5668 3043 5747 (59)’Ἡὲερ’νομιζομ.
3072 5668 3218 5746 lege
3245 5677 3386 5750 ἢπερ
3407 5672 3473 5735 το
3698 5672 3777 5731 vei
3802 5671 3831 5741 ἢ
3854 5668 3905 5724 εδ

2370 5766 2493 5822 vota.
3104 5801 3109 5804 .
