4020 6342
79 379 183 437 509
1242 391 1563 446 PRE‘PAR.
1607 386 1853 442 EVANG.
1898 387 2023 443 LIB.
2062 390 2172 444 VII.
3220 398 3321 455 5l0

76 502 166 554 διὰ
196 503 264 556 τὸ
295 504 422 576 ζῇν,
456 507 543 562 διὰ
575 509 632 562 δὲ
663 510 724 564 τὸ
752 511 918 581 ἡδέως
946 511 1044 584 ζῇν
1074 513 1472 582 ἀσπαζόμενοι,
1506 510 1632 564 τοῦτ

1765 521 2006 564 crarunt.
2067 512 2142 566 Ita
2180 528 2246 566 ne
2284 513 2447 567 vitam
2477 514 2692 583 quidem
2740 517 2941 586 ipsam,
2999 519 3100 574 nisi
3136 521 3321 588 adjun-

74 592 172 644 καὶ
225 597 356 657 τοῖς
402 597 552 658 ίδίοις
591 597 873 670 εὐξάμενοι
917 604 1123 664 παισὶν,
1164 601 1238 665 ὡς
1274 596 1431 672 μόνον
1459 603 1633 670 ἀγαθὴ

1764 607 1904 651 ctam
1941 600 2158 654 haberet
2187 602 2430 670 corporis
2460 603 2807 672 voluptatem,
2831 607 2934 668 sibi
2965 612 3315 678 expetendam

74 685 368 751 παρεῖναι.
424 685 614 742 Ἔνθεν
661 691 711 742 οἰ
753 691 882 760 μὲν,
925 693 993 744 τὰ
1023 693 1232 764 χορηγά
1269 695 1366 764 τῆς
1393 695 1633 764 ὲνσάρκοτ

1763 689 2042 756 putabant,
2062 691 2300 758 adeoth
2327 691 2448 746 vitae
2485 708 2720 760 munus,
2771 710 2880 748 non
2930 695 3043 766 jam
3083 707 3140 751 ut
3167 699 3314 752 vive-

70 769 227 841 ζωῆς
261 773 424 844 ἥλιον
452 771 593 831 εἶναι
646 781 738 834 καὶ
767 780 1013 853 σελήνην,
1065 786 1157 836 καὶ
1192 785 1423 855 ἀστέρας
1464 787 1633 838 ὐποτο·

1763 787 1903 845 rent,
1938 778 2028 833 sed
2061 789 2118 832 ut
2149 779 2384 834 suaviter
2414 781 2686 845 viverent,
2722 784 3016 854 complexi,
3071 785 3313 854 ejusdem

72 863 388 933 πήσαντες,
421 868 514 922 καί
541 887 658 934 πως
688 875 781 925 καὶ
809 874 942 945 πρὸς
963 874 1058 947 τὴν
1089 876 1208 944 ὄψιν
1233 876 1324 928 τοῦ
1355 877 1528 942 φωτὸς
1559 895 1627 928 κα

1761 869 1856 933 illi,
1888 870 2108 939 perinde
2135 880 2193 924 ut
2222 872 2392 926 solius
2422 873 2568 936 boni,
2598 875 2837 943 copiam,
2882 876 3068 931 liberis
3098 893 3314 948 quoque

68 954 500 1025 ταπλαγέντες,
547 960 792 1033 πρώτους
842 964 995 1029 θεοὺς
1043 966 1429 1036 ἀνηγόρευσαν,
1463 967 1633 1035 μόνουε

1762 960 1878 1013 suis
1909 961 2288 1028 precabantur.
2323 961 2509 1032 Itaque
2536 964 2626 1016 alii
2655 964 2845 1030 solem,
2869 965 3074 1032 lunam,
3095 984 3157 1022 ac
3189 969 3313 1022 reli-

73 1046 292 1111 αἰτίους
329 1049 440 1102 τῶν
465 1050 599 1105 ὅλων
624 1049 760 1106 εἶναι
778 1056 1177 1127 ἀποφηνάμενοι
1194 1061 1209 1086 έ
1237 1059 1284 1109 οἱ
1303 1059 1378 1118 δὲ,
1397 1058 1521 1120 τοὺς
1547 1061 1633 1110 άπι

1760 1065 1864 1119 qua
1895 1052 2073 1105 sidera
2103 1038 2526 1122 vitre'corporea:
2551 1054 2724 1111 fontes
2750 1072 2870 1111 esse
2901 1059 3157 1127 suSpicati
3179 1099 3194 1123 ,
3236 1061 3311 1114 si-

71 1137 176 1208 τῆς
226 1144 515 1212 καρποὺς,
547 1146 646 1216 τήν
689 1162 748 1198 τε
781 1148 951 1218 ὑγρὰν
974 1151 1069 1202 καὶ
1105 1149 1271 1220 ξηρὰν
1310 1153 1402 1204 καὶ
1448 1152 1633 1222 θερμὴ*

1758 1144 1978 1214 mulque
2019 1146 2086 1199 ad
2129 1146 2264 1200 lucis
2308 1155 2585 1216 aspectum
2646 1148 2998 1206 admiratione
3040 1152 3306 1220 perculsi,

71 1231 292 1297 οὐσίαν,
325 1235 398 1287 τά
419 1251 478 1288 τε
503 1236 662 1291 λοιπά
692 1239 784 1297 τοῦ
818 1242 1020 1312 κόσμου
1058 1243 1194 1314 μέρη
1220 1283 1234 1307 ,
1274 1243 1339 1296 δι’
1367 1237 1440 1296 ὧν
1471 1245 1633 1304 αὐτοῖς

1755 1236 2025 1305 principes
2069 1238 2230 1291 hosce
2274 1238 2404 1291 deos
2443 1238 2514 1292 ita
2543 1242 2939 1308 praedicarunt,
2988 1253 3046 1296 ut
3091 1246 3307 1298 eosdem

73 1320 140 1374 τὰ
174 1322 423 1396 σώματα
453 1329 761 1401 τρεφόμενά
789 1350 846 1385 τε
868 1335 958 1385 καὶ
987 1336 1323 1404 πιαινόμενα,
1345 1337 1442 1407 τὴν
1468 1335 1633 1405 ἔνσαρ·

1758 1340 1935 1379 rerum
1962 1334 2211 1382 auctores
2247 1328 2490 1382 omnium
2527 1344 2650 1384 esse
2678 1339 2993 1386 statuerent.
3038 1331 3137 1385 Alii
3169 1333 3308 1387 natis

74 1433 170 1470 κον
199 1417 349 1488 ὁμοῦ
387 1419 534 1492 ζωὴν
569 1439 628 1475 τε
663 1426 753 1476 καὶ
780 1425 970 1496 ἡδονὴν
999 1428 1249 1498 ἐθηρᾶτο,
1297 1429 1433 1482 θεῶν
1488 1431 1647 1482 πάλιν

73 1511 432 1584 προσηγορίᾳ
463 1516 848 1586 τετιμήκασινε
887 1520 932 1569 οἱ
959 1517 1033 1582 δὲ,
1072 1519 1202 1572 πολὺ
1242 1521 1501 1592 πρότερον
1537 1523 1644 1591 (60)

71 1597 318 1664 τούτων,
371 1607 550 1675 γυμνῇ
599 1607 692 1659 καὶ
737 1607 1026 1678 ἀκαλύπτῳ
1073 1611 1276 1682 κεφαλῇ
1315 1612 1383 1665 τὰ
1415 1615 1645 1684 σφέτερα

73 1689 245 1760 πάθη,
287 1692 386 1746 καὶ
437 1694 534 1764 τὴν
566 1695 855 1751 δέσποιναν.
881 1701 1055 1753 αὐτῶν
1085 1702 1292 1772 ἡδονὴν,
1337 1703 1531 1772 ἔρωτα,
1553 1706 1643 1756 καὶ

75 1780 258 1849 πόθον,
284 1786 386 1836 καὶ
425 1787 759 1860 Ἀφροδίτην,
790 1792 880 1843 καὶ
911 1793 1084 1847 αὐτῶν
1125 1795 1232 1846 τῶν
1263 1794 1396 1846 θεῶν
1426 1799 1641 1865 κρατεῖν

1753 1432 1818 1469 ex
1854 1427 1996 1471 terra
2023 1417 2270 1489 frugibus
2294 1462 2308 1482 ,
2349 1436 2449 1476 nec
2481 1437 2587 1476 non
2612 1423 2848 1478 humida:
2869 1424 3133 1495 siccaeque
3164 1428 3308 1495 pari-

1752 1517 1833 1560 ter
1855 1549 1868 1571 ,
1911 1509 2224 1579 callidieque
2253 1519 2490 1577 naturae,
2537 1527 2601 1566 ac
2630 1514 2836 1568 caeteris
2876 1515 3107 1569 universi
3139 1516 3306 1582 parti-

1752 1600 1872 1665 bus,
1905 1603 2101 1671 quibus
2148 1603 2345 1657 nutrita
2378 1604 2726 1674 saginataque
2754 1605 2992 1674 ipsorum
3043 1622 3266 1676 corpora
3287 1647 3303 1671 ,

1749 1708 2063 1762 corpoream
2097 1696 2256 1749 simul
2284 1696 2448 1750 vitam
2491 1706 2544 1750 et
2590 1698 2914 1765 voluptatem
2945 1708 3264 1752 venarentur
3285 1740 3301 1762 ,

1747 1785 1972 1840 deorum
2026 1803 2218 1840 nomen
2263 1787 2535 1857 decusque
2577 1789 2901 1842 tribuerunt.
2972 1790 3075 1842 Alii
3120 1791 3303 1845 multis

72 1872 326 1936 εἰπόντες
342 1916 356 1938 ,
393 1877 707 1932 ἀπεθέωσαν
723 1899 736 1911 ·
760 1883 807 1934 οἱ
834 1883 888 1936 δὲ
911 1886 1034 1949 τοὺς
1057 1887 1163 1938 τῶν
1189 1887 1357 1957 ἡδέων
1377 1889 1633 1959 χορηγούς

1746 1887 1869 1933 ante
1896 1880 2107 1935 szeculis
2127 1923 2140 1945 ,
2183 1880 2326 1938 nuda
2357 1881 2714 1950 perri-ictaque
2747 1881 2921 1936 fronte
2943 1922 2958 1945 ,
3011 1899 3140 1938 suas
3199 1884 3301 1953 ipsi

72 1978 127 2012 τε
157 1963 256 2016 καὶ
296 1966 526 2036 εὑρετὰς
554 1969 734 2035 αὐτοῖς
763 1975 1079 2044 γενομένους
1121 1977 1316 2046 ἄνδρας
1353 1980 1642 2049 τυράννους

72 2052 220 2116 τινὰς
275 2057 374 2109 ml.
425 2058 686 2124 δυνάστας
710 2102 723 2124 ,
749 2063 814 2115 δι’
849 2065 914 2128 ἀς
945 2066 1129 2136 ἔτυχον
1159 2069 1215 2134 ἐξ
1258 2070 1432 2123 αὐτῶν
1468 2071 1639 2123 εὖπαο

73 2141 243 2212 θείας,
279 2147 494 2215 ζῶντάς
520 2169 579 2205 τε
613 2154 690 2206 ἔτι
715 2157 806 2208 καὶ
835 2158 969 2226 μετά
998 2159 1248 2230 τελευτὴν
1269 2161 1636 2234 ἑοεοποίησαν·

71 2237 115 2287 οἱ
147 2236 224 2302 δὲ,
265 2240 558 2313 μοχθηρῶν
584 2247 903 2316 πνευμάτων
933 2251 1022 2303 καὶ
1065 2251 1330 2320 δαιμόνων
1360 2255 1638 2325 γενόμενοι

72 2333 476 2400 παραπαίγνια,
518 2335 596 2387 ἔτι
623 2339 881 2406 μειζόνως
922 2342 981 2394 τὸ
1013 2343 1308 2414 παθητικὸν
1340 2348 1514 2399 αὐτῶν
1547 2349 1639 2418 μέ-

72 2437 158 2491 ρος
184 2422 289 2491 τῆς
321 2423 500 2508 ψυχῆς
538 2429 874 2501 συνηύξησαν
900 2474 914 2496 ,
946 2433 1013 2486 τὰ
1055 2435 1183 2505 ἡδέα
1211 2437 1302 2489 καὶ
1334 2439 1480 2508 ποιρά
1517 2441 1637 2492 τού-

68 2528 171 2565 των
195 2513 287 2568 aia
319 2517 418 2586 τῆς
446 2523 834 2594 νενομισμένης
868 2525 1040 2579 αὐτῶν
1077 2527 1366 2599 θεραπείας
1418 2533 1635 2602 ἐκπορί-

71 2601 251 2669 ζοντες
272 2624 287 2637 ·
318 2610 367 2661 οἰ
399 2611 476 2675 δὲ,
513 2613 736 2684 μηδενὸς
757 2616 958 2669 τούτων
982 2620 1353 2691 ἀνασχόμενοι,
1377 2624 1436 2675 τὸ
1457 2624 1630 2688 ἄθεον,

68 2694 138 2758 ὡς
158 2699 296 2753 πολὺ
325 2705 569 2772 κρεῖττον
589 2705 686 2774 τῆς
710 2708 916 2761 τοιᾶσδε
937 2710 1228 2780 θεολογίας,
1253 2715 1627 2786 εἰσηγήσαντο·

70 2789 115 2840 οἱ
140 2789 216 2853 δὲ,
248 2791 330 2845 ἔτι
355 2795 558 2848 τούτων
583 2798 832 2852 ἁπάντων
861 2802 1246 2875 ἀναιδέστεροι,
1291 2807 1382 2859 τὸν
1421 2809 1631 2875 φιλόσο-

70 2895 162 2971 ipsa
189 2883 287 2958 καὶ
316 2886 728 2959 τρισευδαίμονα
746 2888 855 2958 βίον
872 2892 978 2943 οὐδ’
1003 2893 1133 2965 (60')
1150 2897 1305 2950 ἄλλον
1327 2895 1462 2952 εἶναι
1489 2902 1518 2971 ἦ
1542 2903 1631 2954 τὸν

1743 1971 2083 2040 cupiditates,
2112 1967 2406 2041 earumque
2437 1971 2710 2027 dominam
2738 1973 3062 2042 voluptatem
3084 2015 3099 2040 ,
3145 1964 3302 2028 amo-

1743 2078 1896 2126 rem,
1953 2049 2294 2131 cupidinem,
2347 2077 2632 2123 venerem,
2691 2064 2888 2133 quibus
2911 2064 3053 2132 ipsos
3085 2080 3300 2134 quoque

1741 2152 1872 2205 deos
1915 2153 2102 2207 cedere
2149 2154 2463 2222 jactabant,
2525 2155 2804 2210 divinitate
2845 2157 3133 2212 donarunt.
3193 2157 3298 2211 Alii

1738 2243 1900 2313 300
1941 2255 2196 2315 tyrannos
2241 2247 2505 2314 quosdam
2565 2262 2628 2301 ac
2672 2248 2980 2318 principes,
3035 2265 3065 2303 a
3099 2250 3297 2317 quibus

1738 2337 2033 2406 profectum
2059 2353 2123 2390 ac
2155 2348 2426 2406 repertum
2461 2339 2662 2407 aliquid
2695 2341 2760 2394 ad
2793 2341 2912 2394 vitae
2939 2341 3158 2394 delicias
3178 2339 3296 2394 fue-

1737 2439 1840 2493 rat,
1873 2445 1999 2484 cum
2034 2431 2184 2485 vivos
2214 2430 2392 2486 adhuc
2425 2441 2478 2485 et
2510 2433 2793 2501 spirantes,
2826 2443 2938 2486 tum
2964 2435 3125 2487 etiam
3148 2449 3294 2488 mor-

1735 2528 1787 2574 te
1815 2519 2143 2590 perfunctos,
2176 2522 2400 2576 deorum
2449 2524 2503 2576 in
2531 2539 2756 2577 numero
2789 2526 3152 2589 collocarunt,
3203 2541 3295 2580 ae-

1735 2621 2010 2681 ccptorum
2065 2613 2452 2669 beneficiorum
2521 2615 2785 2670 suavitate
2853 2617 3099 2684 permoti.
3156 2616 3290 2681 Alii,

1735 2719 2020 2773 pravorum
2053 2705 2338 2774 spirituum
2382 2722 2445 2761 ac
2473 2706 2775 2762 dwmonum
2802 2709 2960 2764 ludus
2987 2718 3039 2762 et
3075 2708 3250 2763 fabuia
3271 2749 3286 2773 ,

1733 2811 1797 2850 eo
1830 2796 2196 2850 vehementius
2226 2798 2392 2865 partis
2427 2798 2569 2851 illius
2599 2799 2791 2852 anima:
2823 2814 2968 2864 sum,
3009 2814 3130 2866 qua:
3175 2814 3289 2866 pen-

1733 2887 2099 2940 turbationum
2134 2897 2185 2940 et
2214 2887 2567 2956 cupiditatum
2611 2889 2765 2941 sedes
2812 2898 2915 2955 est,
2939 2892 3045 2941 vim
3085 2904 3147 2942 ac
3190 2904 3288 2957 po-

72 2969 194 3039 ἡδὺν
225 2973 594 3046 ἀπεφήναντο,
624 2978 772 3043 τέλος
798 2981 902 3035 τῶν
935 2984 1151 3050 ἀγαθῶν
1184 2988 1279 3058 τὴν
1309 2990 1496 3062 ἡδονὴν
1511 2969 1631 3063 Ἲὸρι-

1741 2987 1977 3033 testatcm
2023 2988 2308 3042 auxerunt,
2343 2995 2450 3050 quo
2497 2996 2691 3034 novam
2728 2982 2831 3035 sibi
2865 2973 3189 3051 voluptatem
3219 2983 3287 3036 ab

71 3060 308 3130 σάμενοι.
343 3066 524 3140 Ταύτῃ
547 3069 592 3122 δ’
633 3066 723 3124 οὖν
752 3072 811 3124 τὸ
850 3074 1062 3128 πάντων
1105 3077 1403 3149 ἀνθρώπων
1449 3060 1624 3150 γένος,

1741 3073 1796 3125 iis
1817 3073 2049 3142 c0piam,
2087 3074 2310 3128 solemni
2342 3074 2611 3144 certisque
2652 3076 2843 3129 ritibus
2873 3077 3164 3130 constituta
3194 3090 3287 3128 eo-

71 3151 239 3246 ᾅν
268 3155 526 3246 δεσποίνῃ
558 3165 730 3234 πικρᾷ
769 3166 860 3218 καὶ
899 3166 1251 3240 χαλεπωτάτῃ
1300 3172 1456 3243 ἡδονῇ
1496 3174 1620 3244 θεῷ,

1741 3180 1850 3218 rum
1879 3167 2222 3220 veneratione
2247 3168 2650 3233 comparabant.
2687 3167 2824 3232 Alii,
2869 3169 3120 3220 omnibus
3169 3167 3286 3220 istis

73 3243 263 3311 μᾶλλον
295 3245 352 3298 δὲ
385 3248 592 3320 αἰσχρῷ
628 3254 720 3305 καὶ
755 3255 1035 3326 ἀκολάστῳ
1061 3258 1269 3329 δαίμονι
1310 3243 1620 3315 καταδεδου-

1741 3256 1902 3308 valere
1926 3257 2116 3322 jussis,
2149 3256 2352 3326 aliquid
2383 3272 2503 3311 sese
2537 3258 2636 3310 rati
2663 3258 2904 3310 universa
2938 3257 3037 3310 hac
3066 3257 3282 3309 theolo-

73 3333 338 3405 λωμένους
380 3338 519 3409 (61),
557 3347 834 3409 παντοίαις
881 3349 1168 3420 ἐνεφύρετο
1212 3352 1618 3426 ταλαιπωρίαις.

1741 3347 1811 3417 ςίο
1844 3348 2020 3400 moliri
2045 3349 2410 3416 praestantius,
2440 3348 2776 3401 divinitatem
2801 3362 3012 3400 omnem
3043 3347 3282 3405 funditus

79 3445 94 3477 ι
127 3428 194 3480 Δῖ
220 3447 282 3483 τε
310 3430 418 3503 γὰρ
442 3431 647 3503 θήλειαι
678 3438 875 3502 αὐτῶν,
907 3460 925 3492 ι
979 3442 1120 3496 κατά
1155 3443 1246 3496 τὸν
1293 3441 1434 3514 ἱερὸν
1469 3446 1623 3501 Ἀπό-

1741 3439 2078 3492 sustulerunt.
2111 3439 2216 3491 Alii
2263 3438 2493 3507 denique
2537 3437 2852 3506 castigatam
2906 3437 3048 3489 illam
3097 3447 3281 3506 terque

75 3522 266 3612 στόλον,
320 3543 339 3577 ι
379 3526 714 3597 μετήλλαξαν
748 3531 844 3601 τὴν
883 3536 1114 3605 φυσικὴν
1156 3538 1351 3607 χρῆσιν
1398 3541 1495 3609 τῆς
1528 3541 1623 3612 θη-

1741 3543 1935 3583 )eatam
1963 3531 2147 3593 vitam,
2215 3544 2322 3582 non
2373 3529 2531 3582 aliam
2582 3544 2702 3582 esse
2762 3544 2924 3598 quam
2954 3530 3279 3598 voluptatem

73 3611 210 3678 λείας
242 3620 323 3681 εἰς
351 3619 447 3690 τὴν
479 3621 627 3691 παρὰ
648 3621 824 3690 φύσιν.
857 3625 1082 3694 Ὁμοίως
1108 3629 1161 3681 δὲ
1193 3632 1285 3682 καὶ
1304 3635 1352 3684 οί
1376 3611 1618 3703 ἄρσενες,

1741 3622 2085 3688 Iefendentes,
2110 3638 2382 3676 summum
2409 3639 2525 3676 eam
2551 3623 2812 3676 bonorum
2836 3624 3015 3685 tinem,
3035 3623 3275 3676 omnium

75 3707 290 3773 ἀφέντες
317 3712 414 3782 τὴν
449 3714 682 3784 φυσικὴν
709 3714 902 3785 χρῆσιν
941 3718 1037 3786 τῆς
1058 3717 1291 3789 θηλείας,
1329 3723 1620 3795 ἐξεκαύθη-

1744 3713 2173 3782 mpudentissimi
2216 3723 2532 3782 posuerunt.
2565 3714 2738 3783 Atque
2773 3714 2915 3766 hunc
2950 3715 3000 3764 in
3033 3713 3273 3774 modum,

75 3811 164 3849 σαν
195 3801 253 3852 ὲν
277 3804 342 3872 τῇ
372 3802 545 3874 ἑρέξει
571 3805 746 3858 αὐτῶν
776 3809 853 3869 εἰς
877 3807 1154 3878 ἀλλήλους,
1175 3814 1396 3880 ἄρσενες
1428 3817 1616 3885 ἄρσεσι

1741 3821 1891 3874 genus
1927 3805 2207 3859 hominum
2242 3807 2575 3866 universum,
2625 3815 2878 3873 tanquam
2915 3804 3277 3858 acerbissima:

76 3889 163 3960 τὴν
210 3893 588 3968 ἀσχημοσύνην
631 3896 1104 3969 κατεργαζόμενοι,
1150 3903 1242 3954 καὶ
1269 3905 1365 3975 τὴν
1407 3907 1616 3976 ἀντιμι-

1741 3899 1930 3951 :uidam
1971 3898 2363 3964 teterrimmque
2389 3896 2638 3957 dominae,
2673 3896 2935 3965 voluptati
2993 3897 3134 3961 deae,
3193 3897 3273 3950 vel

76 3978 236 4070 σθίαν,
267 3988 334 4057 ἡν
356 3986 481 4052 ἔδει,
508 3989 604 4058 τῆς
633 3990 838 4062 πλάνης
854 3992 1027 4044 αὐτῶν
1055 3996 1111 4045 ὲν
1135 3996 1345 4060 ἑαυτοῖς
1375 4001 1619 4070 ἀπολαμ-

1745 3991 2034 4059 urpissimo
2061 3989 2237 4057 potius
2263 4003 2324 4041 ac
2351 3986 2772 4054 flagitiosissimo
2804 3989 3034 4041 daunoni
3068 3989 3275 4041 manci-

78 4067 382 4158 θείνοντες.»⁸
407 4079 589 4154 Ταύτῃ
624 4084 715 4137 καὶ
754 4085 1005 4153 ’Έλληνες
1029 4081 1120 4137 καὶ
1151 4086 1432 4159 βάρϐαροι,
1467 4067 1616 4160 copo!

1741 4094 1921 4148 ratum,
1943 4085 1993 4136 in
2025 4085 2204 4137 omnia
2233 4083 2594 4137 calamitatum
2625 4097 2816 4150 genera
2843 4085 3143 4135 demersum
3165 4093 3267 4135 est.

77 4176 126 4212 τε
150 4166 236 4217 καὶ
269 4170 500 4236 ἰδιῶται,
530 4175 699 4245 χαμαί
734 4193 790 4228 τε
822 4178 912 4229 καὶ
945 4177 1037 4229 ἐπὶ
1071 4183 1306 4252 γαστέρα
1340 4186 1610 4248 πεσόντες,

1777 4173 1908 4226 Nam
1945 4173 2153 4227 femina:
2185 4191 2392 4238 eormn,
2434 4193 2451 4224 ι
2493 4184 2546 4226 ut
2577 4174 2790 4226 divinus
2817 4174 2942 4225 Oillll
2981 4174 3270 4241 Apostolus

79 4251 143 4315 ὡς
172 4254 273 4328 Θεῷ
300 4263 366 4330 τῇ
403 4262 558 4334 ἡδονῇ
612 4266 1044 4337 προσεκύνησαν·
1115 4276 1337 4341 πρηνεῖς
1372 4290 1429 4325 τε
1479 4278 1614 4342 σφᾶς

1741 4263 2056 4332 merebatur,
2093 4283 2110 4314 ι
2174 4266 2592 4318 immutaverunt
2641 4265 2936 4317 naturalem
3001 4280 3156 4316 usum
3200 4263 3269 4316 fe-

77 4345 254 4412 αύτοὺς
297 4353 539 4422 ἑρπετῶν
590 4357 743 4430 δίκην
793 4361 1216 4426 καταϐαλόντες,
1262 4366 1467 4435 ἄμαχον
1521 4369 1614 4420 καὶ

1741 4356 1893 4418 nime,
1927 4354 1978 4407 in
2013 4369 2132 4406 eum
2166 4370 2321 4408 usum
2362 4355 2453 4423 qui
2480 4364 2559 4409 est
2581 4363 2763 4409 contra
2801 4365 3066 4407 naturam.
3106 4354 3266 4408 Simi-

75 4436 426 4512 ἀπαραίτητον
451 4444 567 4500 θεὸν
592 4449 791 4520 ταύτην
821 4454 1089 4524 ἡγήσαντό
1117 4471 1174 4506 τε
1210 4457 1302 4508 καὶ
1334 4457 1608 4526 ἔστερξαν·

1741 4448 1834 4499 iter
1855 4455 2033 4499 autem
2056 4455 2108 4498 et
2135 4445 2382 4509 masculi,
2414 4445 2598 4499 relicto
2633 4445 2861 4497 naturali
2897 4461 2996 4496 usu
3029 4443 3260 4506 feminae,

75 4527 124 4581 ἐν
147 4548 200 4586 τε
225 4533 507 4604 ᾠδαῖςκαι
535 4538 741 4609 ὕμνοις,
780 4545 834 4598 ἐν
867 4564 924 4598 τε
961 4550 1076 4609 ταῖς
1109 4549 1408 4618 πανδήμοις
1441 4551 1607 4616 θέαις,

1741 4549 2033 4594 ελΜδθιίιηί
2065 4541 2116 4593 in
2146 4539 2428 4593 desideriis
2457 4538 2570 4593 suis
2601 4539 2652 4590 in
2686 4537 2933 4599 invicem,
2958 4536 3180 4586 masculi
3206 4535 3260 4587 in

77 4621 228 4714 μόνης
275 4627 378 4697 τῆς
421 4632 648 4700 αἰσχρᾶς
674 4637 765 4692 καὶ
799 4637 1091 4692 ἀκολάστου
1129 4640 1317 4710 ἡδονῆς
1358 4641 1426 4694 τὰ
1455 4642 1611 4714 ὄργια

1741 4634 1983 4687 nasculos
2038 4633 2425 4701 turpitudinem
2476 4635 2793 4697 opcrantes,
2853 4634 2905 4678 et
2957 4627 3260 4680 mercedem

77 4713 158 4766 καὶ
187 4718 280 4782 τάς
306 4720 568 4790 ἀσέμνους
594 4722 812 4789 τελὲτάς
844 4730 1132 4801 μυούμενοί
1178 4751 1235 4785 τε
1269 4735 1358 4786 καὶ
1395 4713 1609 4788 τελοῦν-

1741 4740 1873 4786 υίιιη
1904 4725 2156 4791 oportuit,
2189 4724 2388 4776 erroris
2424 4721 2528 4784 sui,
2561 4722 2611 4773 in
2644 4719 2946 4787 semetipsis
2994 4719 3259 4786 recipien—

73 4817 176 4898 τεςο
207 4809 311 4876 ὡς,
355 4813 403 4866 εἰ
443 4812 536 4866 καί
582 4830 632 4866 τι
656 4807 802 4877 ἄλλο,
845 4822 937 4871 καὶ
967 4822 1084 4874 τόδε
1112 4824 1290 4886 καλῶς
1322 4828 1448 4896 παρ’
1482 4829 1609 4898 ἡμῖν

1741 4831 1788 4868 es
1821 4813 1885 4867 “.
1919 4834 1938 4866 ›
1981 4813 2053 4868 Ita
2099 4813 2264 4866 Graeci
2301 4812 2496 4880 pariter
2541 4827 2602 4864 ac
2637 4812 2868 4874 barbari,
2901 4811 3168 4878 sapientes
3210 4821 3262 4866 et

78 4893 389 4970 ἀνῃρῆσθαι·
421 4906 560 4977 ἀρχὴ
587 4905 693 4978 γὰρ
716 4909 963 4978 πορνείας
989 4913 1196 4967 ἐπίνοια
1227 4893 1472 4968 εἰδώλων.
1499 4893 1627 4972 ἰξαϊ

1741 4907 1905 4968 liotaa,
1930 4907 2179 4959 deorsum
2207 4919 2392 4956 omnes
2426 4913 2585 4971 atque
2615 4904 2669 4955 in
2699 4919 2854 4956 suum
2887 4903 2986 4972 ipsi
3019 4913 3257 4957 ventrem

77 4982 134 5036 τὰ
159 4988 246 5054 μὲν
273 4995 402 5063 περὶ
428 4996 529 5065 τῆς
555 4995 662 5050 τῶν
691 4995 862 5050 ἀλλων
907 5000 1072 5052 ἐθνῶν
1115 5002 1385 5071 θεολογίας
1419 5008 1608 5061 τοσαύ-

1746 4997 1974 5065 rolapsi,
2033 4997 2358 5064 voluptatem
2400 4995 2554 5063 quasi
2604 4995 2760 5048 deum
2804 4999 3136 5060 adorarunt,
3193 5009 3258 5048 ac

78 5089 162 5143 την
185 5081 405 5152 εἰλήφει.
429 5086 504 5150 ὼς
539 5092 596 5141 ὲν
619 5087 808 5160 βραχεί
837 5091 1027 5159 φάναι,
1068 5093 1166 5162 τὴν
1210 5095 1569 5165 πολυτροπίαν
1589 5118 1601 5130 ο

1741 5093 2032 5160 crpcntium
2066 5090 2118 5144 in
2161 5106 2363 5144 morem
2393 5106 2592 5158 pronos
2622 5107 2739 5145 sese
2774 5092 3114 5159 dcjicientes,
3148 5104 3256 5143 non

81 5171 190 5262 μιᾶς
219 5174 313 5242 μὲν
345 5177 517 5247 ἀρχῆς
546 5181 643 5250 τῆς
670 5183 997 5254 ἀκαθάρτου,
1038 5186 1130 5238 καὶ
1168 5189 1367 5256 μιαρᾶς
1414 5189 1606 5262 ἡδονῆς

1746 5201 1759 5237 l
1799 5201 1860 5238 ea
1895 5185 2077 5247 modo,
2110 5195 2360 5252 tanquam
2400 5184 2451 5236 in
2482 5183 2747 5252 ejusmodi
2797 5184 3043 5245 mnnine,
3099 5183 3256 5249 cujus

82 5257 358 5331 ἀνημμένα,
403 5265 561 5336 ὕδρας
591 5271 680 5322 καὶ
710 5272 1064 5343 πολυαυχένου
1095 5275 1186 5328 καὶ
1239 5257 1602 5346 πολυκεφάλου

1741 5276 1808 5329 im
1836 5277 2106 5330 declinare
2141 5292 2295 5329 nemo
2322 5288 2518 5345 posset,
2549 5278 2946 5345 acquieverunt,
2975 5274 3065 5327 sed
3091 5274 3252 5331 etiam

80 5351 268 5419 τρόπον,
310 5359 388 5420 εἰς
430 5358 626 5422 πολλὰς
658 5362 749 5414 καὶ
781 5367 1026 5432 ποικίλας
1068 5368 1356 5440 διαιρέσεις
1404 5387 1465 5422 τε
1510 5374 1602 5426 καὶ

1741 5371 2034 5425 arminibus
2079 5371 2280 5440 passim
2316 5371 2634 5442 bymnisque
2672 5368 2782 5421 suis
2805 5407 2819 5429 ,
2881 5375 2987 5419 tam
3035 5366 3090 5419 in
3126 5366 3254 5419 dco-

128 5458 163 5491 δ·
179 5447 333 5522 ¹ίιθιιι.
366 5485 406 5532 ι,
430 5467 520 5523 26.

140 5554 235 5641 ςθθ)
279 5561 444 5641 μολξι
494 5563 1042 5641 πρότεξρον.οφηἰηο
1063 5572 1341 5641 legendum
1394 5573 1600 5629 videtur

86 5625 612 5710 ξιολὺάἱσχρότερον,
657 5625 769 5710 Ι]ῳο
810 5639 951 5692 enim
1011 5625 1266 5710 turpium
1313 5625 1594 5699 numinum

81 5695 308 5783 folluvies
326 5695 381 5766 ξ’
401 5695 672 5783 siderum_
691 5703 1010 5783 frugumque
1051 5695 1290 5783 Θεόποιίᾳ
1318 5695 1598 5782 posterior

83 5759 184 5831 fuit,
211 5773 278 5826 uti
307 5759 416 5829 non
445 5773 606 5829 semel
633 5759 900 5834 Eusebius
915 5759 1037 5854 ipse
1060 5759 1302 5841 iiiaiiif.

1769 5573 1899 5644 (60')
1935 5575 2071 5628 Οὐδ’
2100 5591 2197 5644 pro
2214 5576 2331 5638 οὐκ,
2364 5584 2420 5627 ιιι
2444 5588 2581 5639 saepe
2603 5572 2751 5644 alias.
2779 5572 2930 5644 Eni'r.

1768 5643 1876 5714 (θί)
1922 5644 2576 5713 Καταδεδουλωμένους.
2625 5643 2879 5714 llescribe
2934 5643 3248 5700 καταδεδουμι

1697 5713 1967 5788 λωμένων.
1995 5717 2115 5783 Quo
2138 5719 2279 5773 enim
2308 5714 2646 5772 accusativus
2670 5713 2754 5770 hic
2787 5713 3085 5769 referatur?
