3976 6340
782 407 879 461 511

1450 404 1723 461 EUSEBH
1761 399 2242 458 CxESARlBNSIS
2280 399 2429 455 OPP.
2465 398 2648 454 PARS
2682 397 2743 451 ll.
2786 424 2857 435 -—-
2888 384 3382 444 APULUGETICA.
3887 381 3961 436 5i!

780 537 898 572 rum
936 519 1090 573 festis
1140 534 1302 588 quam
1350 517 1402 570 in
1433 518 1662 582 publicis
1696 516 1950 570 omnibus
1977 513 2332 581 spectaculis,

2437 509 2606 580 τομὰς
2628 502 3036 574 ἐξενηνεγμένα.
3068 498 3280 567 Ἐπειδὴ
3313 496 3489 548 τοίνυν
3518 494 3785 562 τοσαύτην
3813 494 3961 560 ἔτυχον

779 611 952 678 turpis
987 611 1148 664 unius
1175 625 1240 663 ac
1262 608 1543 678 ﬂagitiosa:
1567 608 1856 676 voluptatis
1884 606 2055 674 orgia,
2093 603 2338 671 indigna-

779 716 885 772 que
914 705 1190 772 mysteria,
1221 715 1344 754 cum
1395 699 1680 760 initiando,
1715 708 1825 750 tum
1856 698 2028 750 sacris
2065 694 2338 763 cperando

777 793 1137 846 celebrarunt.
1189 790 1368 856 Quare
1422 792 1546 860 jure
1607 788 1891 859 profecto.
1945 787 1990 840 si
2041 785 2336 855 quidquam

778 885 945 947 aliud,
975 893 1145 936 totum
1182 886 1284 939 hoc
1312 883 1451 951 apud
1479 898 1579 936 nos
1605 879 1976 935 obscaenitatis
2012 892 2178 954 genus
2211 876 2338 930 sub-

775 976 944 1029 latum
992 985 1092 1029 est.
1139 974 1403 1028 Libidinis
1429 975 1574 1027 enim
1610 972 1845 1035 initium,
1876 970 2141 1023 idolorum
2176 981 2339 1019 exco-

776 1068 962 1137 gitatio
990 1075 1091 1121 est.
1115 1066 1443 1119 Carterorum
1476 1078 1604 1133 ergo
1631 1051 1989 1132 populorum,
2042 1068 2102 1112 ut
2149 1057 2336 1126 paucis

775 1159 1070 1220 absolvam,
1104 1157 1382 1223 theologia;
1435 1165 1541 1208 tam
1592 1157 1740 1207 varia
1792 1153 1892 1207 fuit
1949 1150 2336 1218 multiplexque

775 1248 914 1300 ratio
945 1266 958 1300 :
1003 1262 1124 1299 cum
1152 1245 1294 1299 enim
1327 1260 1434 1298 uno
1468 1251 1675 1297 tantum
1705 1244 1929 1312 impura;
1960 1249 2211 1308 tetraque
2237 1251 2330 1289 vo-

773 1339 992 1406 luptatis
1015 1338 1277 1408 principio
1308 1338 1597 1400 niteretur,
1653 1337 1879 1404 plurima
1918 1344 2094 1387 tamen
2144 1346 2207 1384 ac
2245 1344 2363 1382 va--

775 1430 874 1492 ria,
910 1429 1090 1499 hydrae
1121 1427 1402 1498 cujusdam
1459 1428 1759 1481 cervicibus
1808 1426 2183 1494 capitibusque
2211 1437 2331 1476 sca-

2443 598 2870 673 προϐεδλημένοι
2903 596 3000 665 τὴν
3021 592 3246 661 πλάνην,
3293 589 3476 641 εἰκότα
3503 588 3565 656 δὴ
3603 588 3809 647 αὐτοῖς,
3839 587 3957 654 ἠὼνῇ

2441 692 2547 762 θεῷ
2572 733 2585 754 ,
2633 689 2785 758 κακῷ
2819 686 3053 755 δαίμονι,
3099 681 3432 753 χρωμένοις,
3476 678 3567 731 ὲπὶ
3625 680 3815 738 κακοῖς
3851 682 3961 727 κακὲ.

2442 783 2808 852 συνηγείρετο,
2837 776 3234 846 γυναιμανίαις,
3260 774 3352 824 καὶ
3368 771 3608 842 ἀρρένων
3639 769 3870 838 φθοραῖς.
3889 787 3956 836 μη-

2439 873 2766 944 τρογαμίαις
2801 888 2880 933 τε,
2915 869 3007 921 καὶ
3033 863 3489 934 θυγατρομιξίαις,
3513 860 3600 913 τὸν
3636 860 3808 912 πάντα
3831 876 3957 910 κατα.

2439 967 2762 1034 φυρομένοις
2816 961 2925 1030 βίον
2945 1001 2959 1023 ,
2991 959 3083 1011 καὶ
3113 957 3210 1025 τὴν
3236 955 3422 1025 ἄγριον
3452 954 3544 1005 κα)⁵
3564 950 3803 1021 Θηριώδη
3834 949 3958 1016 φύσιν

2439 1053 2709 1124 ὑπερϐολῇ
2759 1051 3086 1120 φαυλότητος
3116 1046 3440 1114 νενικηκόσι.
3468 1043 3720 1104 Τοιοῦτος
3766 1036 3961 1111 μὲνοῦν

2439 1147 2466 1197 ὁ
2491 1146 2689 1215 τρόπος
2713 1144 2816 1195 τῶν
2848 1139 3092 1193 παλαιῶν
3128 1137 3314 1198 ὲθνῶν,
3341 1135 3432 1187 καὶ
3467 1134 3563 1202 τῆς
3605 1130 3961 1200 διεψευσμένης

2438 1237 2613 1288 αὐτῶν
2643 1231 3048 1302 θεολογίαςηδιὰ
3074 1229 3180 1281 τῶν
3213 1225 3557 1296 συνηγμένων
3582 1226 3714 1293 ἡμῖν
3756 1221 3961 1289 Ἐλληνια

2436 1327 2545 1379 κῶν
2583 1323 2930 1396 λογογράφων
2948 1309 3016 1374 ’τε
3041 1323 3132 1374 καὶ
3158 1317 3454 1388 φιλοσόφων
3471 1317 3526 1367 ὲν
3552 1316 3666 1376 τοίς
3688 1310 3961 1382 ἔμπροσθεν

2435 1419 2822 1471 ἀποδέδεικται.

773 1521 934 1574 tentis
969 1523 1021 1574 in
1058 1537 1300 1586 morem,
1347 1531 1617 1575 sectarum
1665 1521 1896 1574 divortia
1948 1534 2011 1572 ac
2069 1516 2381 1572 discrimina
2421 1513 2647 1583 peperit.
2683 1511 2758 1565 Ita
2801 1525 2922 1563 cum
2957 1515 3104 1561 tanto
3137 1514 3352 1572 tamque
3387 1500 3528 1554 foedo
3557 1496 3961 1552 erroreelabora-

774 1623 916 1676 rent,
942 1616 1139 1668 mirum
1162 1615 1406 1684 profecto
1435 1630 1541 1667 non
1577 1623 1679 1677 est,
1738 1615 1782 1668 si
1833 1614 2081 1666 homines
2109 1610 2400 1677 voluptatis
2437 1610 2569 1670 dem,
2600 1621 2662 1660 ac
2697 1603 2942 1678 scelerati
2982 1600 3243 1655 daemonis
3276 1596 3470 1650 addicti
3503 1593 3792 1661 obsequio,
3823 1606 3961 1641 norm

774 1723 894 1761 rum
934 1709 1160 1761 subinde
1192 1708 1347 1777 301
1401 1709 1667 1762 malorum
1720 1708 1938 1760 cumulo
1981 1713 2386 1774 premerentur,
2427 1703 2553 1756 dum
2590 1711 2643 1754 et
2689 1699 2896 1752 insanis
2940 1696 3225 1748 mulierum
3276 1689 3587 1752 amoribus,
3637 1695 3691 1739 et
3742 1681 3961 1737 mascula

773 1800 986 1852 veneris
1010 1799 1385 1863 obsemriitate,
1411 1808 1465 1852 et
1505 1799 1724 1861 incestis
1756 1809 1988 1853 matrum
2018 1798 2355 1865 liliarumque
2393 1796 2593 1863 nuptiis
2628 1795 2788 1845 vitam
2843 1789 3229 1859 permiscerent
3262 1783 3590 1844 universam,
3651 1792 3713 1831 ac
3765 1775 3961 1828 ferinam

776 1886 1075 1940 belluarum
1123 1896 1370 1940 naturam
1427 1888 1648 1942 sceleris
1694 1888 2069 1958 magnitudine
2114 1893 2455 1954 superarent.
2508 1883 2684 1949 Atque
2750 1877 3064 1948 huiusmodi
3114 1883 3443 1928 vetustarum
3513 1869 3754 1939 gentium
3792 1879 3957 1928 mores,

775 1989 829 2033 et
859 1981 1216 2035 adulterinam
1257 1996 1444 2034 earum
1475 1957 1804 2051 theologiam
1840 1981 2038 2046 fuisse,
2092 1981 2336 2049 ipsismet
2376 1977 2683 2031 Graecorum
2715 1988 2822 2026 non
2882 1970 3261 2025 historicorum
3310 1965 3494 2030 modo,
3524 1962 3618 2018 sed
3665 1960 3824 2014 etiam
3869 1957 3961 2026 phi-

775 2074 1149 2143 losophorum,
1181 2090 1302 2142 qua:
1329 2076 1699 2142 superioribus
1729 2075 1881 2130 libris
1903 2083 2160 2144 congesta
2185 2081 2335 2135 sunt,
2373 2068 2694 2124 testimoniis
2725 2066 2937 2120 abunde
2965 2062 3329 2133 probavimus.

1377 2165 1604 2220 CAPUT
1643 2165 1730 2219 ill.

778 2274 1006 2339 Quinam
1052 2273 1391 2330 Hebmorum
1427 2295 1590 2331 mores
1632 2278 1863 2346 fuerint,
1902 2278 2085 2347 quidve
2118 2279 2181 2332 de
2219 2278 2336 2330 uni-

1044 2350 1175 2398 versi
1197 2362 1410 2400 aucrore
1439 2365 1501 2400 ac
1525 2349 1759 2402 molitore
1788 2350 2065 2402 senserint.

843 2497 961 2553 Iam
995 2515 1162 2565 vero,
1210 2501 1646 2570 quandoquidem
1695 2501 2000 2570 priscorum
2054 2490 2334 2553 hominum

777 2589 940 2643 vitam
991 2591 1320 2659 exploratam
1369 2590 2060 2659 habeszquemadmodum
2122 2588 2219 2641 soli
2271 2602 2336 2641 ex

777 2682 1030 2735 omnibus
1059 2680 1289 2745 Hebraei,
1317 2683 1645 2736 contrariam
1695 2689 1841 2734 tanta
1886 2681 1940 2733 in
1994 2679 2338 2732 multitudine

778 2774 917 2826 viam
941 2772 1177 2838 inierint,
1193 2774 1374 2828 animo
1391 2773 1642 2842 deinceps
1663 2781 1716 2828 et
1742 2772 2069 2842 cogitatione
2105 2771 2332 2823 intuere.

776 2863 985 2917 Etenim
1010 2866 1281 2934 principes
1313 2864 1410 2929 illi,
1445 2865 1653 2934 solique
1681 2866 1937 2919 universo
1962 2863 2239 2915 hominum
2269 2877 2336 2914 ex

777 2972 996 3025 genere,
1017 2973 1140 3024 cum
1180 2973 1206 3008 a
1237 2958 1426 3026 primis
1458 2968 1603 3012 retro
1648 2956 1918 3013 societatis
1953 2957 2205 3010 humana:
2244 2970 2338 3008 eu-

775 3051 1010 3112 nabulis,
1050 3056 1282 3102 mentem
1329 3048 1382 3112 in
1435 3049 1652 3104 homine
1687 3049 1850 3115 digna
1881 3045 2336 3112 contemplatione

775 3142 1115 3205 deﬁxissent,
1141 3152 1300 3211 atque
1330 3143 1394 3195 ad
1421 3141 1692 3194 naturales
1722 3139 1960 3192 universi
1982 3138 2218 3191 rationes
2251 3137 2336 3206 pie

774 3245 1067 3305 sancteque
1113 3235 1826 3300 rimandas,contulissent;
1883 3233 2057 3302 prima
2117 3233 2332 3302 quidem

774 3341 1062 3394 corporum
1088 3326 1371 3390 elementa,
1410 3333 1629 3390 terram,
1664 3339 1881 3392 aquam,
1908 3339 2106 3388 aerem,
2133 3323 2331 3392 ignem,

776 3431 842 3469 ex
867 3418 1063 3483 quibus
1090 3417 1233 3470 hunc
1256 3418 1442 3470 orbem
1478 3426 1725 3470 constare
1766 3416 2107 3480 sentiebant;
2164 3415 2332 3468 solem

2940 2155 3326 2210 ΚΕΦΑΛΑιΟΝ
3375 2152 3446 2204 Γ’.

2437 2275 2766 2342 Παράθεσις
2805 2271 2908 2324 τοῦ
2943 2269 3058 2324 τῶν
3097 2267 3669 2342 ξὶιῗὸραίιιιν.τρόπονζ
3705 2263 3800 2316 καὶ
3831 2259 3961 2335 ὅπως

2505 2332 2785 2466 ἔδόξιέξοόρ
2844 2341 2976 2408 περὶ
3023 2338 3131 2396 τοῦ
3171 2332 3416 2404 ποιητοῦ
3451 2332 3585 2389 ﬁxa!
3633 2332 3961 2402 ﬁmum;va

2506 2434 2622 2468 των
2681 2454 2692 2467 .
2724 2431 2825 2466 ων.

2507 2509 2568 2559 El
2603 2505 2666 2575 δὴ
2695 2501 2786 2558 οὖν
2818 2500 3089 2555 ωνῶπταί
3116 2516 3195 2551 σοι
3227 2500 3255 2552 ό
3281 2497 3386 2552 τῶν
3412 2494 3656 2549 παλαιῶν
3687 2494 3816 2564 βίος,
3833 2491 3961 2561 ἄθρει

2436 2597 2498 2668 δὴ
2522 2598 2704 2649 λοιπὸν
2737 2598 2803 2665 τῇ
2827 2592 3032 2662 διανοίᾳ
3087 2591 3277 2660 μόνους
3309 2588 3502 2649 παῖδας
3537 2585 3796 2657 Ἐϐραίων
3825 2583 3875 2634 ὲν
3894 2598 3961 2633 τοο

2439 2692 2643 2752 σούτοις
2668 2688 2763 2759 τὴν
2792 2686 3037 2740 ἐναντίαν
3064 2683 3340 2745 ἀπιόντας.
3372 2680 3490 2733 Οἵδε
3519 2680 3624 2750 γὰρ
3647 2678 3866 2748 πρῶτοι,
3888 2676 3961 2727 καὶ

2440 2782 2587 2850 μόνοι
2614 2779 2825 2832 πάντων
2852 2776 2946 2830 ἀνθ
2956 2776 3168 2848 ρώπων,
3195 2773 3395 2828 ἄνωθεν
3416 2773 3479 2823 ὲκ
3512 2768 3730 2841 πρώτης
3761 2767 3848 2819 τοῦ
3870 2765 3961 2834 βίου

2436 2869 2738 2938 καταϐολῆς
2758 2869 2944 2938 λογικῇ
2972 2865 3169 2936 θεωρία
3197 2865 3294 2934 τὴν
3318 2861 3551 2916 διάνοιαν
3576 2858 3873 2919 ἀναθέντες,
3889 2856 3961 2908 καὶ

2434 2963 2499 3030 τῇ
2539 2976 2600 3010 πε
2614 2958 2665 3027 pl.
2693 2956 2786 3009 τοῦ
2816 2956 3012 3018 παντὸς
3045 2951 3356 3023 φυσιολογίᾳ
3387 2947 3622 3010 εὐσεϐῶς
3669 2947 3961 3014 ἐπιστήσαν-

2434 3067 2542 3114 τες,
2560 3049 2749 3119 πρῶτα
2773 3047 2868 3117 μὲν
2890 3046 2959 3098 τὰ
2979 3044 3086 3097 τῶν
3110 3044 3372 3113 σωμάτων
3399 3041 3656 3109 στοιχεῖα,
3679 3040 3801 3108 γῆν,
3821 3037 3955 3104 ὓδωρ,

2433 3137 2589 3205 ἀέρα,
2644 3137 2774 3205 πῦρ,
2811 3135 2870 3199 ἐξ
2929 3128 3006 3189 ὧν
3059 3132 3256 3185 τόδετὸ
3288 3132 3396 3184 πᾶν
3432 3130 3699 3192 συνεστὼς
3730 3127 3961 3196 διατεμὼν

2436 3229 2612 3290 θανον,
2638 3228 2786 3297 ἥλιόν
2818 3244 2876 3279 τε
2905 3227 2996 3278 καὶ
3023 3225 3267 3294 σελήνην,
3310 3222 3402 3273 καὶ
3450 3219 3701 3291 ἀστέρας,
3729 3221 3788 3273 οὑ
3811 3219 3954 3278 Geo-Lg,

2435 3320 2570 3390 ἔργα
2595 3321 2650 3371 δὲ
2677 3315 2814 3371 εἶναι
2842 3317 2976 3369 Θεοῦ
3026 3315 3403 3383 διελογίσαντο·
3435 3313 3533 3384 τὴν
3571 3312 3730 3383 φύσιν
3761 3314 3854 3382 τῆς
3876 3327 3958 3361 σωο

2438 3409 2883 3484 ματικῆςούσέας
2911 3409 2970 3460 οὑ
3008 3409 3163 3476 μόνον
3219 3407 3426 3474 ἄλογον,
3464 3405 3597 3460 ἀλλὰ
3647 3406 3742 3458 καὶ
3787 3404 3956 3472 ἄψυχον

779 3504 997 3570 pariter,
1026 3505 1231 3565 lunam,
1258 3521 1319 3559 ac
1348 3505 1545 3565 sidera,
1584 3521 1690 3557 non
1720 3504 1849 3558 deos
1872 3547 1885 3569 ,
1926 3505 2018 3558 sed
2053 3503 2145 3557 Dei
2170 3517 2332 3570 opera

2436 3500 2589 3565 εἶναι,
2624 3501 2744 3554 καθ’
2782 3503 2902 3553 ὅσον
2949 3499 3148 3571 ῥοώδης
3190 3500 3281 3551 καὶ
3324 3498 3532 3571 φθαρτὴ
3551 3494 3684 3551 οὖσα
3713 3495 3954 3564 τυγχάνει,

777 3608 898 3646 esse
921 3594 1277 3660 phil050phati
1315 3602 1457 3647 sunt.
1499 3593 1673 3648 Probe
1699 3595 1841 3647 enim
1879 3594 2013 3662 ipsi,
2063 3606 2336 3660 corporea:

779 3686 1091 3738 substantia:
1135 3684 1406 3753 propriam
1440 3684 1581 3737 hanc
1625 3700 1744 3737 esse
1790 3694 2036 3737 naturam
2075 3681 2336 3748 intellige-

779 3777 930 3838 liaut,
958 3784 1017 3829 ut
1049 3774 1504 3844 quemadmodum
1552 3773 1694 3827 ﬂuxa
1723 3775 1811 3827 illa
1835 3813 1848 3834 ,
1887 3782 2049 3849 atque
2095 3772 2336 3826 interitui

778 3869 1011 3922 obnoxia
1050 3877 1164 3933 est,
1225 3868 1297 3921 ita
1346 3868 1556 3921 ratione
1596 3866 1752 3920 simul
1800 3876 1851 3920 et
1899 3866 2080 3919 animo
2133 3875 2332 3919 careat.

779 3960 979 4014 Deinde
1031 3975 1154 4013 cum
1213 3959 1328 4012 fieri
1384 3973 1492 4011 non
1542 3973 1702 4027 posse
1749 3957 2083 4022 cogitarent,
2146 3963 2203 4008 ut
2253 3957 2337 4009 vel

779 4053 966 4105 mundi
999 4052 1159 4119 hujus
1207 4050 1444 4104 universi
1497 4059 1604 4103 tam
1655 4057 1776 4118 apte
1802 4048 2178 4117 sapienterque
2209 4063 2337 4101 con-

778 4143 1006 4197 formata
1047 4144 1272 4212 species,
1302 4159 1528 4213 quaeque
1571 4151 1720 4207 tanta
1773 4141 2091 4209 spirantium
2122 4140 2324 4193 anima-

778 4236 932 4295 lium,
961 4242 1012 4286 et
1045 4236 1251 4287 ratione
1295 4235 1487 4303 partim
1521 4234 1888 4302 praeditorum,
1924 4233 2118 4300 partim
2150 4248 2337 4287 caren-

779 4327 914 4380 tium
943 4326 1284 4378 multitudine
1318 4327 1648 4393 abundaret,
1688 4325 1918 4379 fortuita:
1948 4341 2009 4379 ac
2039 4326 2336 4378 tumultua-

777 4419 872 4471 ria:
919 4432 1095 4470 causa:
1142 4408 1556 4484 assignaretur:
1606 4417 1688 4469 vel
1733 4432 1915 4470 rerum
1971 4417 2332 4469 animatarum

779 4509 1084 4573 inanimus,
1125 4511 1335 4563 ratione
1375 4508 1717 4576 praeditarum
1752 4509 1976 4561 rationis
2009 4523 2201 4575 expers
2233 4523 2333 4560 au—

780 4612 896 4655 ctor
919 4612 974 4656 et
997 4599 1176 4670 opifex
1212 4609 1575 4655 statueretur:
1612 4599 1705 4653 sed
1736 4599 1916 4667 potius
1953 4599 2331 4663 intelligerent,

779 4708 901 4746 cum
931 4709 1104 4763 neque
1123 4703 1340 4762 repente
1369 4707 1431 4747 ac
1460 4707 1554 4761 per
1585 4704 1704 4745 sese
1735 4689 1929 4744 domus
1961 4704 2199 4756 unquam
2226 4688 2334 4742 ulla

779 4799 842 4836 ex
878 4784 1039 4849 lignis
1073 4794 1126 4838 et
1149 4785 1416 4853 lapidibus
1465 4784 1756 4848 coalescat,
1786 4798 1885 4836 nec
1933 4783 2094 4837 vestis
2130 4784 2334 4851 absque

2437 3597 2838 3664 συννοήσαντες
2866 3593 3098 3646 κᾶπειτα
3130 3593 3490 3662 λογισάμενοι,
3523 3591 3600 3653 ὼς
3654 3590 3752 3657 οὐχ
3788 3583 3886 3639 οἷόν
3913 3600 3954 3634 τε

2435 3686 2530 3756 τὴν
2552 3685 2642 3737 τοῦ
2669 3685 2976 3754 σύμπαντος
3012 3685 3214 3756 κόσμου
3275 3683 3533 3746 διάταξιν,
3563 3676 3621 3733 εὖ
3672 3681 3766 3732 καὶ
3812 3675 3955 3744 σοφῶς

2435 3778 2801 3849 ἡρμοσμένην,
2836 3776 3080 3847 ἔμπλεών
3124 3794 3183 3829 τε
3209 3775 3360 3840 ζώων
3389 3773 3662 3844 ἐμψύχων,
3681 3768 3895 3838 λογικῶν
3914 3784 3955 3817 τε

2435 3873 2528 3925 καὶ
2575 3872 2786 3938 ἀλόγων
2816 3871 3187 3940 ὑπάρχουσαν,
3234 3867 3534 3934 αὐτόματον
3591 3861 3955 3932 ἐπιγράφεσθαι

2433 3961 2529 4030 τὴν
2549 3962 2744 4013 αἰτίαψ
2771 3962 2887 4013 οὑδέ
2920 3978 2982 4028 γε
3021 3959 3128 4011 τῶν
3155 3956 3412 4028 ἐμψύχων
3449 3957 3546 4025 τὴν
3587 3954 3862 4022 ποιητικὴν
3882 3952 3956 4019 ἁρ-

2435 4054 2533 4122 χὴν
2560 4053 2758 4122 ἄψυχον
2798 4050 3224 4122 ὑπολαμϐάνειν,
3253 4048 3361 4100 οὐδ’
3398 4046 3587 4113 ἄλογον
3624 4045 3724 4115 τὴν
3757 4043 3854 4097 τῶν
3889 4043 3955 4094 λο-

2433 4143 2601 4211 γικῶν
2625 4143 2968 4215 δημιουργόν.
3026 4142 3175 4195 Ἐπεὶ
3205 4140 3259 4192 δὲ
3292 4139 3425 4209 μηδὲ
3467 4137 3634 4202 ξύλων
3693 4139 3786 4192 καὶ
3822 4136 3952 4188 λίθων

2433 4236 2734 4306 αὐτόματός
2788 4237 2900 4287 ποτ’
2927 4235 2991 4288 ἂν
3018 4232 3291 4302 οἰκοδομία
3320 4229 3567 4298 συσταίη,
3590 4229 3710 4283 οὑδέ
3735 4247 3795 4298 γε
3822 4227 3953 4294 ἐσθὴς

2433 4327 2663 4395 ὑφάντου
2698 4326 2818 4395 δίχα
2847 4323 3240 4392 συντελεσθείη,
3265 4322 3383 4374 οὐδὲ
3405 4320 3584 4386 πόλεις
3609 4324 3702 4376 καὶ
3725 4322 3951 4375 πολιτεῖαι

2432 4420 2609 4487 νόμων
2637 4419 2790 4480 ἐκτὸς
2822 4419 2911 4471 καὶ
2962 4414 3283 4488 ἀρχοντικῆς
3324 4413 3631 4481 διατάξεως,
3684 4415 3801 4468 οὐδὲ
3826 4406 3951 4468 ἐκτὸς

2433 4510 2760 4580 κυὸερνήτου
2811 4509 2962 4574 ναῦς,
2997 4509 3116 4561 οὐδὲ
3162 4507 3222 4559 τὸ
3277 4507 3633 4578 σμικρότατον
3685 4507 3862 4578 τέχνης
3885 4503 3950 4570 δρ-

2433 4617 2593 4666 γανον
2622 4603 2881 4673 ὑποσταίη
2928 4601 2994 4654 ἂν
3043 4601 3117 4671 μὴ
3159 4600 3244 4653 διὰ
3295 4602 3555 4671 τεχνίτου,
3615 4602 3721 4655 οὐδ’
3750 4599 3948 4668 εὐόρμῡυ

2435 4690 2565 4741 ποτὲ
2600 4689 2730 4751 ναῦς
2757 4689 2968 4758 λιμένος
2989 4690 3138 4760 τύχοι
3179 4691 3252 4761 μὴ
3297 4692 3412 4761 οὑχὶ
3443 4693 3539 4745 σὺν
3569 4689 3756 4759 ἀγαθῷ
3787 4684 3948 4752 κυϐερ-

2434 4781 2586 4850 νήτῃ·
2613 4781 2721 4833 οὐδ’
2749 4783 2780 4848 ὴ
2813 4781 2921 4832 τῶν
2961 4781 3184 4834 καθόλου
3226 4784 3498 4854 στοιχείων
3528 4783 3633 4853 ἄρα
3666 4779 3818 4848 φύσις
3835 4777 3946 4844 ἄψυ-

780 4874 1005 4926 textoris
1044 4873 1307 4927 industria
1332 4875 1662 4944 perficiatur,
1687 4888 1787 4928 nec
1819 4871 2062 4926 civitates
2096 4883 2187 4924 aut
2218 4888 2333 4925 res-

2437 4847 2684 4940 χοςοῦσα
2713 4847 2806 4923 καὶ
2833 4871 3042 4936 ἄλογος,
3073 4873 3150 4943 τῷ
3181 4875 3301 4928 καθ’
3329 4847 3524 4944 ἑαυτὴν
3741 4870 3848 4940 δίχα
3869 4867 3946 4934 τῆς

779 4966 1006 5034 publica
1030 4966 1233 5034 absque
1279 4967 1454 5036 legum
1489 4979 1542 5021 et
1579 4967 1883 5036 principum
1907 5007 1922 5032 ,
1973 4981 2147 5035 neque
2175 4981 2335 5020 naves

2436 4963 2691 5015 ἀνωτάτω
2716 4962 2806 5014 τοῦ
2835 4964 2969 5017 Θεοῦ
3001 4967 3210 5034 σοφίας,
3245 4966 3402 5034 λόγου
3429 4964 3555 5017 ποτὲ
3588 4963 3678 5016 καὶ
3726 4962 3854 5032 ζωῆς
3873 4960 3945 5012 ἁν-

780 5059 983 5126 absque
1016 5056 1434 5124 gubernatorum
1466 5058 1852 5114 moderatione
1889 5059 2209 5123 consistant,
2238 5073 2335 5112 nec

2437 5053 2668 5116 θέξεται.
2698 5053 2879 5109 Ταῦτα
2907 5055 2970 5128 δὴ
3013 5059 3105 5111 καὶ
3159 5058 3227 5111 τὰ
3257 5054 3479 5109 τοιαῦτα
3524 5053 3871 5124 διανοηθέντες
3907 5050 3943 5101 οἱ

780 5147 1067 5200 minimum
1108 5145 1323 5214 quidem
1356 5151 1486 5200 artis
1515 5149 1933 5203 instrumentum
1967 5148 2085 5202 sine
2113 5147 2335 5201 artilicis

2436 5145 2532 5214 τῆς
2577 5146 2836 5217 Ἐϐραίων
2886 5148 3164 5211 εὐσεϐείας
3221 5147 3452 5216 πατέρες
3488 5148 3552 5199 ὲκ
3596 5147 3843 5217 μεγέθους
3874 5142 3944 5195 καὶ

779 5239 1006 5292 exsistat
1034 5252 1221 5295 manu.
1248 5252 1420 5305 neque
1441 5239 1592 5293 navis
1617 5255 1855 5308 unquam
1888 5239 1996 5292 ulla
2029 5238 2234 5293 felicem
2269 5237 2333 5291 ad

779 5339 989 5396 portum
1031 5329 1296 5399 appellat,
1344 5329 1601 5396 sapientis
1647 5332 1888 5400 magistri
1944 5330 2336 5400 gubernatione

779 5419 937 5489 302
971 5424 1227 5490 spoliata:
1263 5421 1432 5476 multo
1465 5436 1593 5474 sane
1637 5423 1815 5476 minus
1868 5424 2007 5477 hanc
2042 5423 2335 5476 elemento-

2435 5238 2695 5309 καλλονῆς
2723 5252 2747 5280 ⁸
2776 5243 3123 5313 ὲκτισμένων,
3154 5239 3229 5310 νῷ
3278 5240 3668 5312 κεκαθαρμένῳ
3691 5243 3781 5295 καὶ
3802 5236 3941 5307 ψυχῆς

2438 5330 2708 5401 διαυγέσιν
2732 5335 2938 5405 ὄμμασι
2969 5333 3059 5386 τὸν
3092 5333 3304 5387 πάντων
3348 5333 3668 5406 δημιουργὸν
3709 5333 3830 5387 Θεὸν
3853 5331 3940 5382 tae-

2440 5421 2732 5493 Sdceqcav.

782 5525 922 5571 rum,
958 5527 1018 5565 ex
1052 5516 1248 5581 quibus
1273 5515 1423 5570 orbis
1479 5513 1583 5567 iste
1633 5514 1895 5569 conﬂatus
1954 5523 2057 5579 est,
2093 5524 2365 5584 expertem
2406 5517 2569 5568 animi
2601 5519 2933 5589 rationisque
2992 5526 3263 5585 naturam,
3303 5520 3348 5575 si
3382 5534 3594 5575 summa
3623 5519 3712 5574 illa
3746 5507 3942 5570 numinii

781 5603 949 5655 ιιὶγὶιιὶ
981 5607 1239 5674 sapientia
1273 5599 1602 5675 seclydatur,
1628 5615 1816 5675 suapte
1862 5607 1912 5660 vi
1954 5609 2241 5677 nativaque
2301 5605 2553 5662 facultate
2607 5614 2769 5666 vitam
2806 5611 2968 5666 simul
3004 5621 3058 5666 et
3088 5613 3349 5676 rationem
3406 5612 3673 5682 obtinere.
3722 5607 3850 5664 Haec.
3877 5602 3938 5655 in.

784 5715 968 5770 quam,
998 5700 1208 5768 aliaque
1253 5704 1488 5769 similia,
1521 5717 1646 5758 cum
1709 5699 1944 5757 Hebraeae
1983 5702 2200 5773 pietatis
2252 5717 2315 5757 ac
2372 5703 2648 5771 religionis
2691 5717 2943 5780 parentes
2989 5711 3321 5781 cogitarent,
3351 5706 3519 5764 Deum
3551 5690 3701 5762 illum
3747 5694 3938 5760 uniuni

856 5805 878 5832 ⁸
907 5796 990 5848 ῖσ.
1021 5792 1143 5849 add.
1176 5793 1300 5848 τῶν.
