3976 6340
35 435 116 490 515
1132 427 1448 483 ΡΒᾸῑΡΑΒ.
1492 424 1569 479 EV

1672 423 1741 478 IG.
1788 423 1914 478 ΗΒ.
1961 423 2067 477 Vll.

3137 428 3240 482 514

37 559 319 617 molitorem.
370 576 544 628 quem
585 571 807 631 purgata
844 571 1040 623 mente,
1066 568 1226 626 atque
1257 551 1573 608 illuminatis
1613 549 1776 601 animi
1809 550 2015 615 oculis,
2071 550 2123 601 in
2167 558 2310 602 tanta
2366 564 2548 604 rerum
2609 560 2911 606 creatarum
2968 550 3238 618 magnitu-

36 655 133 707 dine
158 669 214 708 ac
245 656 426 723 specie
457 658 850 725 agnoscebant,
898 656 1046 723 justa
1078 663 1204 706 sunt
1246 647 1586 704 veneratione
1625 646 1914 712 prosecuti.

534 752 926 805 ΚΕΦΑΛΑΙΟΝ
974 754 1048 804 Δ’.

38 863 194 927 Ὅπως
215 861 522 942 ἐφρόνουν
553 863 682 942 {rapi
708 862 1032 942 ἀθαγασιάς
1062 858 1286 942 ψςινχῆς,
1319 857 1410 909 καὶ
1453 855 1583 922 περὶ

359 934 472 999 τῆς
513 934 633 986 τῶν
665 933 945 1001 σωμάτων
969 931 1196 994 οὐσίαις.

90 1025 318 1076 Κᾶπειτα
355 1025 532 1096 μέρος
561 1027 622 1077 οὑ
655 1024 844 1094 μικρὸν
865 1023 957 1074 τοῦ
989 1021 1185 1082 παντὸς
1220 1023 1360 1088 σφᾶς
1385 1021 1581 1075 αὐτοὺς

39 1114 144 1168 εἶναι
185 1118 621 1187 συναισθόμενοι,
655 1119 713 1169 τὸ
745 1118 921 1183 μέντοι
951 1128 975 1156 ⁸
1014 1115 1188 1168 αὐτῶν
1232 1114 1407 1182 τίμιον
1442 1107 1578 1162 εἷναι

38 1213 288 1279 ἡγήσαντοσ
347 1209 518 1262 τοῦτο
565 1209 621 1261 δὲ
653 1212 744 1261 καὶ
785 1211 874 1260 τὸν
926 1207 1098 1276 ἀληθῆ
1150 1205 1451 1274 ἄνθρωπον,
1488 1202 1577 1254 τὸν

39 1303 146 1350 κατὰ
170 1300 341 1369 ψυχὴν
371 1300 719 1370 νενοημένον·
747 1299 804 1351 τὸ
833 1300 887 1351 δὲ
926 1299 1111 1352 τούτου
1144 1296 1322 1366 χώραν
1359 1295 1576 1364 1:29:60-

39 1392 107 1459 λῆς
128 1391 329 1459 ἐπέχον*
363 1390 530 1442 τοῦτο
562 1391 616 1442 δὲ
643 1386 774 1442 εἶναι
827 1391 886 1441 τὸ
917 1390 1090 1458 σῶμα.
1154 1390 1260 1440 Καὶ
1299 1387 1361 1458 δὴ
1387 1386 1573 1438 τοῦτον

38 1483 289 1549 ξιελόμενοι
321 1483 415 1534 τὸν
444 1484 664 1550 τρόπον,
690 1481 785 1552 τὴν
809 1483 983 1533 πᾶσαν
1020 1481 1145 1550 περὶ
1172 1481 1268 1548 τῆς
1295 1478 1388 1530 τοῦ
1429 1478 1572 1530 ἔνδον

42 1574 278 1641 ἀνθρώπου
310 1573 464 1643 ζωῆς
489 1575 740 1644 φροντίδα
784 1573 876 1625 καὶ
905 1571 1137 1639 σπουδὴν
1166 1570 1567 1638 είσηνέγκαντο.

40 1667 168 1716 T9310
201 1667 254 1717 δὲ
285 1666 442 1736 παρὰ
474 1665 551 1735 τῷ
580 1667 791 1717 πάντων
823 1662 1132 1734 δημιουργῷ
1173 1660 1290 1729 Θεῴ
1342 1677 1569 1729 προσφι-

41 1759 100 1819 λὲς
130 1754 254 1810 εἶναι
286 1757 663 1826 λογισάμενοι,
699 1757 754 1817 ὃς
783 1772 882 1806 που
946 1754 1041 1821 τὴν
1079 1749 1372 1822 ἀνθρώπων
1410 1750 1567 1816 φύσιν

41 1850 117 1898 τῶν
138 1850 217 1899 ἐπὶ
238 1847 341 1915 γῆς
372 1850 634 1900 ἁπάντων
663 1850 896 1916 κρατεῖν,
922 1847 980 1896 οὐ
1010 1846 1166 1915 ῥώμῃ
1199 1844 1463 1914 σώματος,
1494 1843 1567 1904 ὡς

39 1942 166 2008 ἀρετῇ
195 1939 369 2008 ψυχῆς
394 1940 708 2010 ἐδωρήσατο
740 1940 842 2008 (τὰ
887 1942 982 2007 μὲν
1015 1938 1121 2008 γὰρ
1148 1938 1254 1988 τῶν
1296 1937 1460 1988 ὄντων
1493 1931 1567 1986 εἶ-

42 2053 104 2084 ναι
121 2036 305 2102 ἄψυχα,
331 2029 424 2084 οἷα.
447 2033 628 2094 λίθους
649 2034 739 2084 καὶ
769 2032 914 2096 ξύλαο
955 2032 1035 2105 τάν
1062 2032 1116 2083 δὲ
1153 2030 1384 2099 ζωτικῆς
1410 2029 1566 2081 δυνά-

47 2142 152 2192 μεως
185 2125 404 2194 μέτοχα,
430 2119 519 2175 οἷα
541 2126 604 2174 τα
634 2124 736 2174 ἀπὸ
763 2126 866 2191 γῆς
898 2123 1268 2191 βλαστήματα·
1300 2120 1365 2172 τὰ
1397 2120 1453 2172 δὲ
1484 2122 1565 2173 αἰ-

45 2217 260 2284 σθήσεως,
296 2216 482 2286 ὁρμῆς
527 2233 584 2268 τε
635 2214 1000 2282 φανταστικῆς
1063 2210 1454 2281 μεμοιραμένα,
1482 2206 1566 2263 οἷα

48 2308 160 2369 ζώων
187 2307 250 2359 τὰ
282 2308 476 2374 ἄλογα·
533 2308 706 2358 πάντα
733 2306 787 2358 δὲ
839 2304 1006 2357 ταῦτα
1030 2305 1107 2355 ἐνὶ
1136 2302 1213 2371 τῷ
1238 2300 1344 2354 τῶν
1369 2300 1568 2370 ἀνθρώ-

46 2418 132 2450 πων
157 2401 287 2466 γένει
312 2401 456 2467 πρὸς
485 2398 789 2469 ὑπηρεσίαν
817 2397 1153 2460 δουλοῦσθαι,
1183 2396 1242 2446 οὺ
1282 2394 1438 2465 ῥώμῃ
1473 2393 1568 2444 σώ-

46 2505 174 2556 ματος
201 2490 290 2539 καὶ
334 2489 483 2557 ἰσχύῐ
535 2487 1042 2557 κατηναγκασμένα,
1080 2482 1325 2552 λογισμῷ
1373 2482 1426 2533 δὲ
1474 2482 1567 2534 καὶ

43 2581 181 2648 ψυχῆς
202 2583 387 2650 ἀρετῇ,
492 2583 553 2634 τὸ
582 2579 720 2634 κατὰ
751 2580 962 2632 πάντων
1006 2578 1113 2629 τῶν
1165 2576 1255 2627 ἐπὶ
1289 2577 1388 2645 γῆς
1416 2578 1568 2646 ἀρχι-

47 2672 113 2721 κόν
139 2690 186 2723 τε
212 2674 301 2724 καὶ
339 2672 616 2740 βασιλικὸν
667 2672 852 2740 γέρας,
900 2669 1101 2722 ἄνωθεν
1147 2668 1297 2738 παρὰ
1324 2667 1436 2718 ’τοῦ
1463 2666 1566 2718 τῶν

49 2765 150 2813 ἴλων
173 2763 334 2815 αἰτίου
371 2762 819 2832 συγκεχωρῆσθαι
853 2761 1281 2829 κατειλήφασιν)·
1314 2759 1459 2810 ἐνθεν
1486 2761 1570 2829 ὁρ-

51 2855 265 2922 μώμενοι,
292 2855 452 2924 σῶμα
482 2854 579 2924 μὲν
628 2853 720 2905 καὶ
746 2851 814 2904 τὰ
876 2852 1140 2920 σωμάτων
1174 2850 1302 2920 ἡδέα
1333 2849 1481 2902 οὐδέν
1517 2866 1568 2901 τι

53 2948 209 3012 μᾶλλον
233 2946 337 2998 τῶν
367 2947 540 3000 ἄλλων
571 2945 662 2996 ἐπὶ
685 2945 783 3014 γῆς
814 2944 1138 3014 θρεμμάτων
1183 2943 1451 3011 προτιμᾷν
1498 2941 1571 2992 δι-

53 3037 324 3105 ενοήθησαν·
352 3038 414 3089 τὺ
442 3037 484 3088 δ’
509 3037 565 3088 ἐν
600 3035 777 3096 αὐτοῖς
818 3034 1000 3103 ἄρχον,
1030 3033 1102 3093 ὡς
1137 3033 1201 3084 ἂν
1228 3031 1321 3083 τοῦ
1355 3032 1570 3083 πάντων

56 3129 263 3195 Ξρλῡντος
285 3131 506 3191 οἰκεῖον,
541 3126 633 3178 καὶ
680 3125 776 3193 τῆς
798 3124 973 3192 ψυχῆς
1026 3123 1085 3174 τὸ
1128 3122 1340 3189 λογικόν
1389 3138 1445 3173 τε
1478 3121 1571 3172 καὶ

55 3219 215 3283 κεεεῴν,
236 3217 376 3270 θεῖόν
403 3236 461 3271 τε
526 3217 616 3270 καὶ
648 3213 1079 3283 ἐπιστημονικὸν,
1107 3212 1180 3274 ὡς
1220 3211 1283 3262 ἂν
1333 3209 1425 3262 τοῦ
1479 3209 1569 3260 ἐπὶ

58 3310 228 3360 tiatur;
257 3308 392 3361 Θεοῦ
420 3307 516 3377 τὴν
538 3307 788 3378 ὁμοίωσιν
815 3306 994 3375 φέρον,
1027 3304 1182 3373 μόνον
1207 3300 1293 3354 διὰ
1341 3301 1570 3369 σπουδῆς

61 3400 192 3466 ἔτιον.
223 3395 351 3452 Εἶτα
383 3399 503 3468 μηδ’
536 3398 661 3452 ἀλλο
686 3415 735 3450 τι
769 3395 1156 3464 ἐνθυμηθέντες
1197 3392 1395 3460 ἀγαθὸν
1432 3387 1569 3447 εἶναι

60 3491 125 3540 τοῦ
153 3491 350 3543 πάντων
373 3487 590 3558 ἀγαθῶν
610 3487 839 3557 χορηγοῦ
868 3487 1021 3564 Θεοῦ,
1052 3485 1198 3546 τέλος
1232 3485 1444 3553 ἀπάσης
1478 3483 1566 3534 εὐ-

62 3581 292 3650 δαιμονίας
315 3581 414 3649 τὴν
442 3576 604 3631 αὑτοῦ
625 3577 821 3643 γνῶσιν
852 3569 917 3626 τε
947 3575 1039 3627 καὶ
1069 3575 1248 3642 φιλίαν
1278 3570 1413 3625 εἶναι
1461 3573 1567 3624 ἀπ-

65 3675 301 3743 εξὴναντο·
323 3674 405 3724 ὅτι
438 3672 531 3722 καὶ
563 3669 729 3738 αὐτῆς
756 3667 916 3743 ζωῆς,
946 3665 1241 3735 καὶψυχῆς,
1267 3667 1357 3718 καὶ
1391 3664 1569 3734 σώμα-

62 3778 142 3824 τος,
166 3762 378 3816 καὶτῶν
434 3762 645 3823 τούτοις
709 3758 1016 3827 ἀναγκαίων
1073 3759 1230 3826 μόνος
1279 3758 1439 3819 αὐτὸς
1479 3760 1569 3811 ἀν-

65 3850 196 3917 ῆπται
217 3857 312 3926 τὴν
330 3857 525 3909 αἰτίαν.
547 3853 732 3922 Τούτῳ
751 3853 813 3921 δὴ
839 3846 929 3902 οὖν
960 3851 1098 3916 σφᾶς
1118 3847 1268 3911 ὅλους
1297 3847 1443 3917 αὐτῷ
1468 3848 1570 3899 ad)-

65 3964 160 4014 μιτι
186 3950 267 4000 καὶ
316 3950 461 4017 ψυχῇ
495 3947 775 4016 φέροντες,¹
803 3941 1194 4003 ἀνατεθείκασι,
1258 3939 1347 3991 τὸν
1394 3941 1569 3992 πάντα

66 4041 203 4091 αὒτῶν
225 4040 332 4109 βίον
362 4043 445 4093 ιπ’
467 4040 625 4092 αὑτὸν
658 4036 1104 4105 ἀναρῆσάμενοιν
1130 4034 1222 4084 καὶ
1251 4032 1392 4102 μόνῳ
1407 4049 1569 4101 προσ·

66 4129 192 4197 ἔχειν,
247 4131 385 4200 ἄλλῳ
424 4131 479 4182 δὲ
553 4128 738 4199 μηδενὶ
766 4126 872 4179 τῶν
905 4124 1190 4196 ὁρωμένων
1221 4122 1562 4187 ἀξιώσαντες.

67 4219 261 4292 Οὖτωδὴ
291 4221 519 4290 φιλόθεοι
566 4220 698 4288 ὁμοῦ
750 4217 842 4270 καὶ
886 4214 1142 4281 θεοφιλεῖς
1184 4211 1565 4279 ἀναφανέντες,

68 4311 344 4378 θεραπευταί
389 4328 530 4374 τινες
579 4310 727 4372 ὄντες
759 4308 867 4376 (62)
920 4307 1012 4358 καὶ
1046 4307 1205 4373 ἱερεῖς
1229 4302 1320 4355 τοῦ
1349 4301 1567 4370 ὑψίστου

69 4398 168 4451 Θεοῦ
194 4400 582 4468 ἀπεφάνθησαν,
671 4398 761 4450 καὶ
792 4416 810 4447 ‹
836 4397 986 4462 γένος
1011 4391 1152 4464 ἱερὸν
1184 4391 1292 4460 (65)
1328 4393 1419 4443 καὶ
1476 4390 1570 4459 βα·-

71 4491 247 4554 σιλικὸν,
279 4492 567 4562 ἱεράτευμά
595 4507 656 4544 τε
683 4489 836 4553 Θεοῦ,
867 4489 962 4541 καὶ
991 4487 1137 4548 ἔθνος
1172 4485 1321 4552 am
1351 4502 1369 4534 ιν
1403 4500 1569 4553 προσ-

72 4566 378 4650 αγορευθῆναι
401 4578 727 4651 ἠξιώθησαν,
756 4577 973 4649 σπέρμα
1001 4575 1125 4643 ⁸⁸τ’ἧς
1178 4571 1405 4642 ἀληθοῦς
1438 4571 1568 4624 ταύ-

73 4689 141 4739 της
165 4673 417 4735 εὐσεϐείας
447 4672 539 4724 καὶ
560 4672 673 4739 τοῖς,
699 4666 961 4735 ὁψιγόνοις
1007 4665 1181 4720 αὐτῶν
1230 4663 1571 4717 ἀπολελοιπό-

1600 756 1647 807 Λ

2266 760 2498 815 CAPUT
2557 761 2644 815 IV.

1688 873 1827 937 Quid
1861 876 2015 926 iidem
2049 875 2242 941 partim
2271 875 2333 927 de
2362 876 2551 927 anima:
2577 875 2978 926 immortalitate
3002 911 3017 936 ,
3049 874 3243 941 partim

2033 947 2096 996 de
2134 948 2366 1012 corporis
2405 956 2597 996 natura
2630 946 2903 995 senserint.

1753 1035 1954 1088 Deinde
1988 1051 2136 1099 vero,
2167 1051 2290 1090 cum
2322 1037 2481 1088 iidem
2507 1051 2623 1088 sese
2653 1051 2868 1104 quoque
2896 1043 3102 1102 partem
3123 1049 3244 1088 esse

1682 1125 1918 1178 Universi
1954 1141 2062 1178 non
2098 1126 2348 1193 exiguam
2377 1126 2660 1188 sentirent,
2694 1141 2723 1178 c
2750 1125 2962 1178 duabus
2997 1124 3080 1178 sui
3115 1140 3244 1192 par-

1679 1218 1821 1270 tibus
1869 1218 2089 1270 alteram
2126 1221 2307 1286 (quem
2351 1233 2536 1270 verum
2574 1217 2712 1285 ipsi,
2765 1218 2966 1285 quique
2998 1232 3105 1270 non
3137 1216 3241 1270 nisi

1677 1307 1858 1359 animo
1887 1309 2140 1375 cognosci
2185 1308 2385 1375 possit,
2442 1307 2714 1362 hominem
2770 1308 3131 1376 appellabant)
3184 1308 3238 1360 in

1676 1399 1844 1466 pretio
1877 1399 2178 1451 habendam
2210 1408 2569 1466 putaverunt:
2612 1398 2859 1461 alteram,
2898 1412 3089 1464 nempe
3115 1411 3240 1450 cor-

1673 1504 1794 1556 pus,
1825 1489 2094 1557 quoddam
2128 1490 2283 1558 quasi
2313 1497 2522 1556 septum
2555 1503 2695 1549 esse,
2736 1503 2844 1555 quo
2873 1487 3117 1540 inclusus
3151 1487 3240 1539 ille

1673 1588 1939 1632 teneatur.
1965 1579 2138 1648 Atque
2166 1581 2266 1632 hoc
2303 1579 2617 1633 discrimine
2647 1578 2962 1643 constituto,
2993 1577 3046 1630 in
3088 1592 3208 1632 co...

1670 1671 1917 1738 ponenda
1951 1671 2183 1723 hominis
2212 1670 2486 1723 interioris
2507 1669 2637 1730 vita,
2666 1683 2851 1721 curam
2887 1668 2958 1720 illi
2983 1669 3236 1737 deinceps

1669 1774 1884 1813 omnem
1917 1761 2266 1829 studiumque
2297 1775 2544 1827 posuere.
2596 1759 2748 1822 Quod
2809 1759 2909 1826 ipsi
2965 1774 3086 1812 cum
3125 1758 3235 1812 Deo

1670 1866 1845 1904 rerum
1881 1852 2122 1904 omnium
2169 1852 2464 1905 architeCIo
2507 1849 2855 1905 vehementer
2902 1851 3118 1919 probari
3149 1865 3236 1903 en-

1667 1950 2009 2009 gnoscerent,
2043 1957 2073 1994 a
2106 1957 2212 2010 quo
2247 1943 2294 1993 id
2337 1943 2578 1994 muneris
2618 1943 2780 1994 homo
2806 1952 3087 2008 acceperat
3111 1981 3126 2003 ,
3179 1948 3238 1992 ut

1666 2032 1732 2084 iis
1762 2047 1881 2100 qua:
1922 2042 2186 2085 terrarum
2236 2030 2440 2083 ambitu
2498 2031 2878 2091 continentur,
2942 2029 3232 2093 omnibus,

1671 2138 1774 2173 non
1800 2124 1993 2178 robore
2018 2123 2283 2191 corporis,
2320 2123 2410 2176 sed
2438 2123 2603 2175 animi
2636 2121 2887 2175 facultate
2926 2122 3231 2190 imperaret.

1669 2212 1823 2284 (Nam
1859 2230 1889 2267 e
1921 2215 2100 2279 rebus,
2124 2215 2395 2268 inanimas
2425 2214 2559 2268 alias
2586 2229 2726 2277 esse,
2758 2224 2815 2268 ut
2840 2214 3042 2282 lapides
3070 2222 3235 2283 atque

1668 2305 1846 2372 ligna;
1872 2305 1979 2358 vim
2010 2306 2129 2360 aliis
2163 2307 2337 2360 inesse
2371 2307 2583 2360 vitalem
2606 2347 2621 2368 ,
2672 2316 2728 2360 ut
2774 2308 3027 2361 omnibus
3078 2317 3236 2361 terra:

1668 2397 2056 2466 germinibus:
2114 2397 2248 2450 alias
2304 2399 2572 2452 sentiendi
2633 2383 2888 2474 facultate
2942 2400 3230 2466 praeditas,

1666 2489 1845 2542 oblata
1873 2489 2212 2542 exlrinsecos
2265 2489 2590 2556 impulsione
2628 2491 2978 2552 commoveri,
3009 2499 3067 2542 ut
3116 2490 3234 2542 ani-

1667 2583 1877 2635 mantes
1907 2582 2113 2634 ratione
2143 2581 2380 2650 privatas
2413 2599 2424 2633 :
2455 2587 2620 2649 atque
2653 2582 2767 2635 hzec
2807 2582 2989 2634 omnia
3018 2584 3232 2651 generis

1669 2674 1947 2727 hominum
1984 2674 2144 2727 unius
2171 2673 2452 2741 obsequio,
2475 2672 2794 2727 necessitate
2823 2672 3057 2741 quadam
3085 2688 3236 2726 man-

1667 2765 1858 2832 cipari,
1891 2779 2052 2832 quam
2093 2778 2198 2814 non
2230 2763 2393 2815 robur
2427 2761 2675 2829 viresque
2705 2762 2983 2830 corporis,
3025 2763 3117 2814 sed
3146 2776 3232 2813 ra-

1672 2855 1745 2908 tio
1774 2868 1931 2922 atque
1961 2853 2123 2906 animi
2155 2854 2326 2906 virtus
2351 2852 2537 2905 aderat
2565 2870 2579 2904 :
2625 2851 2712 2905 cui
2747 2852 2973 2920 proinde
3019 2846 3228 2922 regium

1669 2945 1943 3013 quoddam
1970 2945 2022 2997 in
2058 2954 2268 2998 terrena
2309 2942 2488 2996 omnia
2516 2942 2738 2996 ditionis
2773 2950 2827 2994 et
2860 2941 3069 3010 imperii
3099 2942 3190 3010 jus
3215 2981 3232 3007 ,

1670 3035 1738 3088 ab
1769 3051 1947 3088 rerum
1978 3036 2354 3088 universarum
2401 3041 2620 3087 auctore
2663 3033 2877 3087 etelitus
2905 3046 3230 3086 concessum

1669 3141 1789 3179 esse
1820 3123 2206 3195 perviderunt.)
2243 3123 2352 3178 Hac
2381 3124 2456 3176 illi
2482 3123 2805 3192 cogitatione
2845 3123 3081 3187 adducti,
3113 3137 3233 3176 cor-

1670 3231 1772 3284 pus
1808 3231 2207 3284 corporumque
2239 3216 2493 3278 delicias,
2553 3214 2671 3266 loco
2717 3229 2824 3267 non
2874 3215 3011 3276 alio,
3064 3229 3229 3282 quam

1670 3319 1984 3359 czeterarum
2029 3315 2184 3360 terrae
2228 3307 2491 3373 pecudum
2539 3322 2748 3376 genus,
2798 3306 3072 3359 habendas
3108 3319 3230 3360 esse

1671 3405 2034 3451 censuerunt:
2072 3411 2232 3464 quam
2275 3411 2403 3449 vero
2445 3397 2527 3449 sui.
2561 3407 2763 3465 partem
2804 3397 3030 3463 imperio
3061 3396 3231 3450 dona-

1673 3499 1781 3539 tam
1811 3486 2191 3555 agnoscebant,
2223 3494 2402 3552 utpote
2433 3487 2754 3554 cognatione
2793 3487 2971 3554 aliqua
3015 3502 3230 3540 summo

1672 3594 1851 3631 rerum
1918 3578 2161 3631 omnium
2231 3578 2540 3647 imperatori
2609 3578 3230 3647 conjunctam,ipsam-

1671 3668 1977 3736 queanimi
2024 3668 2233 3720 ratione
2268 3668 2724 3736 intelligentiaque
2761 3667 3072 3736 prasditam,
3117 3667 3228 3735 imo

1670 3759 1906 3811 divinam
1969 3756 2296 3826 quamdam,
2361 3774 2425 3811 ac
2495 3760 2755 3812 doctrinae
2819 3759 3001 3812 sedem
3065 3757 3227 3811 simul

1670 3856 2053 3918 parentemque
2091 3846 2435 3913 facultatem,
2483 3849 2627 3916 quod
2678 3848 2872 3901 summi
2917 3846 3075 3916 303
3115 3844 3228 3900 Nu-

1672 3939 1832 3992 minis
1892 3953 2201 4006 expressam
2266 3937 2432 3991 ferret
2483 3938 2791 4006 imaginem,
2841 3938 2990 3990 omni
3062 3952 3224 3990 unam

1670 4030 1944 4098 diligentia
2032 4029 2316 4096 studioque
2380 4029 2682 4082 coluerunt.
2763 4028 2998 4095 Deinde,
3079 4031 3224 4099 quod

1670 4131 1862 4189 pragter
1930 4121 2196 4173 bonorum
2245 4121 2486 4172 omnium
2556 4109 2767 4172 fontem
2844 4130 3249 4190 auctoremque.

1669 4211 1860 4277 Deum,
1890 4212 2032 4265 aliud
2073 4226 2296 4280 prorsus
2341 4212 2695 4280 intelligerent
2733 4211 2856 4265 boni
2901 4228 3021 4267 esse
3066 4214 3223 4280 nihil,

1669 4301 1920 4370 quodque
1962 4317 2104 4355 unus
2137 4302 2252 4370 ipse
2292 4311 2444 4370 aptas
2463 4318 2524 4354 ex
2564 4317 2683 4355 sese
2710 4303 2848 4367 vitae,
2879 4304 3066 4367 animi,
3093 4319 3218 4358 cor-

1669 4393 1838 4462 poris,
1874 4389 2100 4461 quasq’ue
2165 4393 2272 4447 illis
2310 4394 2615 4446 necessaria
2659 4402 2806 4455 sunt,
2861 4409 3056 4446 causas
3100 4409 3221 4446 om--

1670 4483 1817 4536 nium
1848 4493 1900 4537 et
1928 4485 2165 4537 rationes
2193 4483 2430 4548 haberet,
2462 4482 2734 4538 felicitatis
2757 4485 3019 4568 universa:
3040 4483 3222 4548 ﬁnem,
3269 4519 3272 4521 λ

1668 4575 1787 4642 ejus
1818 4575 1870 4626 in
1896 4574 2056 4627 unius
2085 4574 2276 4641 partior
2325 4575 2655 4642 cognitione,
2690 4577 2887 4644 partim
2915 4588 3097 4628 amore
3121 4588 3220 4642 po-

1623 4701 1627 4705 -
1672 4670 1916 4716 suerunt.
1954 4660 2030 4713 lta
2053 4675 2175 4714 cum
2202 4661 2360 4712 vitam
2388 4662 2746 4727 instituerent,
2766 4680 2829 4716 ex
2857 4677 2962 4716 una
2985 4663 3103 4729 ejus
3127 4677 3223 4715 vo-

74 4778 153 4822 τις.
177 4760 284 4834 'Ap’
309 4759 395 4816 οὖν
422 4759 663 4831 λογισμῷ
697 4775 777 4811 σοι
804 4758 1061 4826 δοκοῦμεν
1093 4754 1278 4808 τούσδε
1306 4753 1410 4805 τῶν
1450 4753 1568 4804 Έλ-

1672 4754 1875 4806 luntate
1921 4761 2160 4819 nutuque
2222 4765 2562 4828 suspensam,
2639 4755 2794 4822 eique
2860 4752 2983 4817 soli,
3041 4768 3222 4806 rerum

75 4852 259 4920 ληνικῶν
307 4851 777 4927 προτετιμηκέναι,
811 4848 905 4901 καὶ
932 4847 1128 4916 μᾶλλον
1156 4847 1261 4899 τῶν
1314 4845 1567 4897 Φοινίκων

78 4958 119 4993 τε
138 4946 212 4996 καὶ
227 4946 520 5014 Αἰγυπτίων
546 4941 700 5004 θεῶν,
717 4938 822 4994 τῶν
836 4955 894 4990 τε
916 4939 1042 5007 περὶ
1060 4938 1183 4999 τοὺς
1209 4936 1361 4997 θεοὺς
1381 4936 1577 5004 δυσφή-

82 5052 165 5110 nov
191 5034 682 5111 ἁτοπημάτωνλτὰς
717 5032 844 5103 παρ’
891 5028 1156 5104 Ἑϐραίοις
1188 5028 1313 5098 -ιιερὶ⁷
1341 5025 1576 5079 εὐσεϐῶν

81 5123 237 5192 ἀνδρῶν
269 5123 538 5198 διηγήσεις
565 5119 916 5186 ἀποδέξασθαι
939 5134 953 5181 ;

1674 4853 1932 4913 prazterea
1965 4857 2085 4911 qua:
2113 4842 2363 4896 videntur
2394 4845 2547 4909 nulli,
2588 4842 2956 4912 adjungendos
2983 4860 3102 4899 sese
3132 4847 3228 4900 ad-

1676 4933 2044 5001 dicendosque
2114 4942 2431 4999 statuerent,
2466 4935 2639 4988 eidem
2674 4947 2792 4987 sese
2823 4941 2964 4989 totos
2999 4951 3227 5005 corpore

1678 5024 1838 5079 simul
1879 5009 2040 5092 atque
2091 5025 2274 5078 animo
2305 5031 2711 5080 consecrarunt.
2761 5024 2939 5095 Atque
3002 5028 3073 5081 ita
3101 5041 3224 5079 cum

1682 5125 1734 5170 et
1755 5114 1924 5168 Deum
1959 5115 2197 5173 maxime
2222 5115 2532 5184 diligerent,
2563 5122 2617 5168 et
2639 5114 2881 5168 vicissim
2913 5115 2981 5169 ab
3009 5132 3074 5169 eo
3097 5115 3223 5168 dili-

83 5235 126 5285 ge
149 5231 302 5286 eatur,
353 5221 555 5290 summi
582 5218 830 5278 Numinis
879 5220 1107 5270 cultores
1164 5229 1288 5268 vere
1335 5229 1401 5268 ac
1456 5216 1765 5268 sacerdotes
1790 5210 1964 5265 effecti
2012 5211 2323 5290 sunt,‘imo.
2379 5225 2589 5279 «genus
2634 5210 2862 5265 electum
2906 5225 2969 5265 ac
3027 5210 3224 5277 regale,

85 5311 237 5382 Deique
273 5315 643 5377 sacerdotium,
676 5322 729 5368 et
753 5327 881 5383 gens
920 5319 1103 5364 sancta
1125 5307 1194 5372 δ’,
1220 5325 1238 5358 ι
1273 5309 1464 5362 merito
1497 5317 1624 5362 sunt
1663 5305 1975 5373 nuncupati.
2026 5320 2164 5359 verae
2197 5302 2359 5370 hujus
2390 5304 2605 5371 pietatis
2649 5305 2856 5359 semine
2889 5316 3016 5356 suos
3064 5302 3224 5355 etiam

87 5406 123 5460 in
154 5419 363 5478 posteros
400 5416 732 5479 nepotesque
777 5406 1071 5461 transfuso.
1113 5402 1249 5455 Num
1297 5417 1424 5472 ergo
1473 5404 1567 5455 tibi
1602 5402 1714 5470 jam
1748 5399 1800 5452 id
1839 5416 1868 5453 a
1913 5402 2068 5455 nobis
2127 5399 2337 5454 consilii
2374 5414 2496 5452 cum
2541 5400 2757 5471 ratione
2798 5404 3110 5467 susceptum
3146 5399 3226 5450 vi-

134 5523 204 5578 “l
233 5525 362 5585 Petr.
392 5544 453 5591 ιι,
483 5526 539 5581 9.

138 5618 248 5673 ιῑσ.
281 5617 473 5692 μιντι.

140 5706 227 5845 ἕδη
251 5713 454 5776 Ὄννης.
492 5709 640 5762 Alter
667 5723 734 5763 ex
757 5723 1052 5771 manuscr.,
1097 5707 1294 5767 ὅντως,
1330 5712 1491 5756 recte.

156 5777 212 5831 63
260 5779 433 5845 Γάνος
477 5779 654 5845 tepor.
701 5777 843 5836 Idem
875 5792 1185 5840 manuscr.,
1227 5775 1378 5841 γένος
1411 5771 1491 5823 ἐκ]

260 5762 449 5848 Γ
477 5779 654 5847 lepor.
701 5777 843 5836 Idem
875 5762 1148 5832 manuscr.
1172 5815 1185 5840 ,
1227 5762 1378 5841 γένος
1411 5771 1569 5823 ἐκλεκ

1672 5809 1683 5834 ,
1720 5777 1777 5824 ut
1811 5769 1863 5826 in
1897 5769 2067 5823 Grec.
2103 5775 2156 5820 et
2193 5764 2400 5834 Vulgat.
2433 5762 2565 5818 Bibl.
