3976 6340
723 445 829 519 515

1362 447 1630 505 EUSEBII
1660 444 2133 505 CESARIENSlS
2169 444 2317 501 OPP.
2358 445 2548 503 PARS
2587 447 2650 500 ll.
2690 477 2758 486 —-
2796 445 3290 503 APOLOGETICA.
3824 440 3898 496 516

719 565 897 626 detur,
920 563 996 616 uti
1025 573 1072 618 et
1096 563 1296 620 Grecis
1327 563 1579 620 Hebraeos
1627 563 2038 630 anteferremus,
2090 579 2318 634 quaeque
2355 565 2422 618 ab
2466 564 2571 618 illis
2627 563 2693 617 de
2721 573 3035 618 sanctorum
3065 565 3303 618 virorum
3329 562 3527 632 pietate
3558 559 3767 632 prodita
3791 568 3900 616 sunt.

718 652 1012 708 Phoeniciis
1045 654 1416 728 Egyptiisque
1495 656 1832 722 numinibus,

720 748 856 802 tiora
891 749 1255 804 duceremus?

1311 838 1538 895 CAPUT
1573 839 1640 895 ν.

724 953 943 1008 Eosdem
969 973 1063 1009 suo
1099 956 1150 1008 in
1213 955 1378 1008 Deum
1420 972 1596 1008 amore
1645 964 1942 1007 consecutos
1997 961 2139 1019 esse,
2192 954 2271 1005 uti

788 1025 1034 1078 Numinis
1098 1036 1304 1094 aspectu
1362 1036 1409 1078 et
1475 1026 1700 1077 oraculis
1750 1025 2068 1092 fruerentur,
2135 1024 2271 1094 quod

784 1106 1061 1164 utrumque
1092 1098 1257 1148 sacris
1290 1095 1480 1148 litteris
1507 1098 1865 1163 consignatum
1896 1104 1990 1147 est.

786 1208 884 1258 Sed
920 1206 1038 1260 vide
1083 1216 1138 1260 tu
1179 1222 1363 1276 porro,
1392 1221 1500 1276 quo
1545 1207 1756 1259 tandem
1799 1222 1891 1260 eos
1934 1206 2268 1260 charissima:

717 1295 826 1348 Deo
868 1298 1082 1350 virtutis
1127 1298 1397 1366 aspirasse
1431 1307 1873 1352 commemorent.
1906 1295 2104 1366 Nempe
2133 1297 2270 1349 diri-

716 1405 842 1440 unni
877 1388 1002 1441 illud
1040 1387 1267 1454 Numen,
1329 1406 1446 1442 cum
1495 1389 1789 1459 genushoc
1834 1389 2114 1442 hominum
2160 1397 2266 1441 tam

716 1488 930 1546 praptcr
982 1490 1228 1532 caetcram
1262 1480 1383 1533 vitm
1413 1481 1663 1549 pietatem
1708 1491 1868 1547 atque
1903 1478 2266 1547 disciplinam.

715 1583 877 1635 quam
908 1569 975 1620 ob
1005 1569 1329 1636 singularem
1359 1585 1483 1638 erga
1509 1584 1566 1623 se
1594 1568 1907 1636 religionem
1935 1568 2268 1635 complecte-

714 1668 883 1717 retur,
917 1660 1243 1713 divinior-uni
1276 1662 1356 1714 eis
1381 1662 1633 1723 deinceps
1679 1659 2043 1722 oraculorum,
2075 1660 2273 1726 suique

715 1751 916 1817 pariter
932 1760 982 1803 et
1007 1752 1318 1820 angelorum
1347 1752 1640 1819 prazscntiae
1665 1760 2021 1819 aspcctusque
2055 1749 2267 1806 cooiam

715 1837 888 1892 facere
917 1842 1120 1904 statuit,
1146 1843 1270 1893 dum
1299 1842 1487 1910 partim
1510 1853 1710 1893 naturae
1736 1840 1974 1893 mortalis
2007 1839 2268 1906 impiam,

713 1944 799 1984 res
825 1935 1056 1997 agendas
1095 1933 1423 1986 insinuando
1455 1934 1775 1991 sublevaret,
1812 1931 2006 2000 partim
2045 1930 2271 2000 dogma-

717 2031 825 2073 ttuu
864 2022 929 2075 iis
952 2037 1013 2075 ac
1059 2031 1467 2090 praeceptorum,
1515 2038 1637 2090 quae
1682 2021 1849 2074 Deum
1904 2022 2060 2090 plane
2105 2020 2268 2074 dece-

714 2121 853 2171 reut,
887 2114 1251 2181 cognitionem
1279 2114 1528 2181 aperiret.
1571 2114 1644 2164 Ita
1690 2127 1794 2164 non
1823 2111 1936 2179 jam
1977 2126 2269 2178 argumen-

1910 671 2138 726 quazque
2198 658 2266 711 de
2303 657 2410 711 illis
2460 656 2733 724 jactautur
2788 655 3164 724 ignominiosis
3205 654 3549 726 indignisque
3606 651 3798 706 fabulis
3830 667 3902 721 po-

2907 837 3295 891 ΚΕΦΑΛΑΙΟΝ
3341 836 3416 888 E'.

2381 954 2593 1019 Ὅπως,
2621 955 2882 1022 φιλόθεοι
2909 950 3371 1022 γεγονότεςητῶν
3389 948 3782 1022 ἀίξαποὰπτων
3807 951 3899 1003 θεο-

2623 1020 2879 1093 φανειῶν
2898 1024 2992 1079 καὶ
3030 1021 3311 1090 χρησμῶν
3333 1020 3694 1088 ἠξιώθησαν.

2451 1199 2558 1250 (is:
2591 1198 2633 1249 δ’
2654 1194 2744 1250 οὖν
2779 1198 2857 1249 ἔτι
2884 1199 2961 1261 είς
2981 1198 3100 1249 ὅσον
3122 1193 3398 1262 θεοφιλοῦς
3426 1193 3628 1266 ἀρετῆς
3661 1193 3900 1265 προελθεῖν

2379 1307 2509 1358 φασι
2539 1293 2660 1352 τοὺς
2711 1290 3084 1360 δηλουμένους,
3134 1286 3548 1356 Ἀποδεξάμενον
3577 1287 3638 1338 τὸ
3665 1286 3804 1338 Θεῖον
3827 1285 3900 1355 τῆς

2378 1402 2436 1434 τε
2460 1384 2622 1452 ἄλλης
2637 1382 2736 1434 ,τοῦ
2772 1383 2882 1451 βίου
2920 1382 3196 1444 εὐσεϐείας
3249 1381 3338 1434 καὶ
3385 1379 3720 1448 φιλοσοφίας,
3746 1378 3831 1447 τῆς
3855 1395 3897 1430 τε

2381 1473 2506 1542 περὶ
2538 1474 2667 1526 αὐτὸ
2689 1472 2978 1544 θεραπείας
2999 1475 3122 1535 τοὺς
3140 1473 3352 1543 ἄνδρας,
3393 1472 3490 1543 ἤδη
3527 1471 3622 1523 καὶ
3649 1470 3900 1543 θειοτέρων

2378 1564 2637 1634 χρησμῶν
2663 1564 2985 1633 θεοφανειῶν
3014 1581 3071 1614 τε
3099 1565 3288 1626 αὐτοὺς
3315 1565 3407 1616 καὶ
3440 1562 3737 1632 ἀγγελικῶν
3765 1563 3900 1616 ὀπτα-

2381 1655 2508 1707 σιῶν
2539 1655 2710 1723 ἠξίου,
2760 1656 2827 1710 τὰ
2875 1656 3113 1708 ἐνδέοντα
3163 1658 3226 1725 τῇ
3261 1646 3453 1726 ’θνητῇ
3484 1655 3643 1724 φύσει
3686 1657 3793 1718 ταῖς
3811 1655 3896 1707 τῶν

2379 1748 2658 1818 πρακτέων
2697 1748 2992 1818 ὑποθήκαις
3039 1746 3516 1818 ἐπιδιορθούμενον,
3569 1748 3829 1817 δογμάτων
3853 1764 3897 1800 τε

2377 1840 2468 1890 καὶ
2493 1841 2822 1910 μαθημάτων
2858 1840 3036 1902 αὐτοῖς
3087 1838 3399 1909 θεοπρεπῶς)
3428 1838 3524 1909 τὴν
3561 1839 3757 1907 γνῶσιν
3787 1840 3898 1892 ἁπο-

2376 1930 2660 1982 καλύπτον·
2695 1931 2767 1991 ὡς
2797 1932 2988 2000 μηκέτι
3018 1930 3402 2000 συλλογισμοῖς,
3454 1930 3588 2001 μηδὲ
3645 1930 3895 1992 είκασίαις,

2376 2021 2640 2090 ἐκλάμψει
2671 2021 2724 2073 δὲ
2753 2023 2919 2090 αὐτῆς
2949 2021 3200 2086 ἀληθείας
3235 2021 3556 2090 φωτίζεσθαι
3575 2021 3673 2084 τὰς
3699 2021 3898 2085 διανοίας

2375 2111 2570 2172 αὐτῶν,
2599 2111 2736 2163 ὣστε
2767 2113 2865 2182 ἤδη
2905 2111 3350 2182 θεοφορουμένους
3378 2115 3475 2184 τὴν
3495 2113 3602 2165 τῶν
3635 2113 3897 2182 μελλόντων

715 2203 784 2256 tis
818 2212 910 2255 aut
937 2204 1263 2272 conjecturis
1300 2203 1647 2272 quibusdam,
1686 2202 1778 2255 sed
1810 2203 2094 2269 ipsiusmct
2125 2201 2261 2259 veri-

2371 2201 2604 2265 έσεσθαι,
2657 2203 2731 2265 ὡς
2776 2203 3076 2273 παρόντων,
3118 2202 3429 2272 ἐπιθεωρεῖν
3479 2203 3792 2272 κατάληψιν,
3822 2202 3897 2254 καὶ

715 2294 840 2345 tatis
872 2294 986 2347 luce
1013 2296 1375 2350 collustratam
1401 2307 1628 2350 mentem
1663 2298 1946 2361 habebant,
1980 2297 2261 2366 dirinoqut

2372 2295 2440 2347 τὰ
2474 2294 2696 2347 καθόλου
2754 2295 3134 2364 συμϐησόμενα
3181 2294 3257 2364 τῷ
3305 2295 3412 2347 τῶν
3452 2293 3746 2364 ἀνθρώπων
3776 2293 3898 2361 γένει

715 2382 879 2435 alllati
909 2382 1160 2448 Numine,
1197 2402 1316 2440 cum
1364 2403 1447 2441 res
1501 2386 1728 2453 futuras,
1762 2389 1978 2456 perinde
2032 2401 2094 2440 ac
2141 2402 2261 2454 prie

2373 2386 2663 2448 θεσπίζειν.
2727 2385 2957 2438 Τοιαῦτα
3011 2387 3105 2454 τῆς
3147 2385 3405 2456 Ἐϐραίων
3455 2386 3652 2459 ἀρετῆς
3715 2384 3778 2437 τὰ
3819 2399 3899 2458 πο-

715 2483 913 2537 sentes,
949 2478 1298 2532 intuebantur
1327 2480 1447 2548 ipsi,
1494 2490 1605 2534 tum
1656 2480 1918 2549 quidquid
1971 2481 2268 2532 universim

714 2575 1028 2620 eventurum
1061 2581 1222 2631 esset,
1273 2570 1512 2622 humano
1569 2571 1748 2638 generi
1796 2567 1957 2638 304
2007 2569 2270 2622 divinitus

714 2657 1090 2721 prmdiccbant.
1143 2658 1264 2714 Haec
1292 2660 1380 2712 illa
1413 2669 1557 2724 sunt,
1596 2676 1714 2727 quae
1740 2660 2104 2712 celeberrimis
2131 2659 2262 2712 Deo-

713 2762 818 2814 quc
838 2747 991 2814 plane
1019 2749 1349 2817 dignissimis
1371 2750 1605 2803 oraculis
1634 2750 1694 2802 de
1724 2750 1980 2818 singulari
2009 2749 2261 2803 Hebr-reo-

713 2853 835 2890 rum
889 2840 1089 2892 virtute
1145 2842 1506 2903 continentur,
1567 2853 1794 2908 qumque
1834 2838 2033 2894 Graecis
2066 2840 2260 2893 lanulis

2372 2476 2668 2544 λυύμνητα,
2695 2477 2785 2527 καὶ
2818 2476 2893 2538 ὡς
2931 2477 3140 2547 ἀληθῶς
3195 2476 3410 2548 θεοφιλῆ
3465 2476 3704 2548 περιέχει
3747 2475 3896 2546 λόγια,

2371 2565 2404 2618 ἃ
2433 2567 2538 2618 τῶν
2571 2567 2889 2635 Ἑλληνικῶν
2917 2569 3008 2619 καὶ
3037 2569 3274 2638 πατρίων
3304 2569 3484 2638 μύθων
3525 2587 3582 2622 τε
3627 2570 3717 2621 καὶ
3743 2567 3897 2638 λήρων

2376 2657 2876 2726 προτετιμήκαμεν·
2901 2657 2948 2707 οἱ
2977 2657 3072 2726 μέν
3117 2673 3179 2724 γε
3209 2660 3332 2728 περὶ
3354 2658 3487 2710 θεῶν
3507 2658 3574 2710 τὰ
3602 2656 3898 2726 αίσχρότατα

2374 2749 2744 2829 περιεῖχοκβκοί
2767 2747 2821 2798 δὲ
2857 2747 2980 2817 περὶ
3004 2748 3260 2817 θεοφιλῶν
3289 2748 3492 2820 ἀνδρῶν
3547 2749 3647 2811 τὰς
3687 2746 3899 2810 εὐσεϐεῖς

2365 2831 2733 2902 διδασκαλίας.

713 2931 1007 3000 patriisque
1039 2932 1193 3002 nugis
1243 2935 1340 3002 ipsi
1387 2935 1719 3004 prretulitnus
1747 2951 1758 2984 :
1790 2947 1909 2984 cum
1953 2933 2071 2986 istis
2118 2933 2312 3000 ﬂagitia
2353 2933 2422 2985 de
2475 2932 2576 2985 diis
2610 2932 2922 3000 turpissima
2951 2931 3302 3000 jactarentur,
3347 2932 3421 2985 illi
3455 2947 3584 2986 vero
3643 2931 3897 2986 hominum

716 3021 823 3076 Deo
856 3025 1293 3079 charissimorum
1323 3027 1576 3080 histOrias
1606 3041 1667 3078 ac
1696 3027 2025 3082 monimenta
2067 3035 2426 3091 proponerent
2464 3037 2675 3075 summa
2714 3037 2834 3074 cum
2865 3023 3060 3090 pietate
3089 3021 3394 3088 conjuncta.

1333 3117 1560 3177 CAPUT
1615 3117 1699 3174 \‘l.

718 3223 956 3282 Eosdem.
992 3239 1110 3285 ante
1137 3244 1316 3286 natum
1347 3235 1562 3299 Mosam,
1594 3252 1683 3287 nec
1723 3236 1842 3286 dum
1872 3233 2114 3285 Juduicis
2144 3232 2263 3284 reli-

783 3299 1020 3369 gionibus
1051 3305 1361 3370 informatas
1391 3307 1600 3372 pietatis
1632 3306 1784 3356 laude
1823 3304 2084 3371 ﬂoruisse.

781 3413 858 3467 Ac
887 3415 1040 3484 longe
1072 3415 1286 3484 quidem
1316 3426 1600 3486 antequam
1631 3426 1723 3469 aut
1770 3426 1925 3469 natus
1952 3414 2129 3468 Moses
2171 3429 2259 3468 es-
2287 3445 2329 3502 ο

717 3511 817 3565 set,
853 3512 944 3555 aut
1002 3507 1146 3557 natio
1182 3504 1487 3559 Judaeorum
1539 3508 1840 3568 exsisteret,
1884 3508 1994 3575 jam
2021 3521 2188 3573 usque
2231 3520 2259 3557 a

718 3590 1016 3659 longissimi
1071 3596 1326 3662 temporis
1359 3597 1637 3660 memoria,
1667 3595 1978 3648 Judaeorum
2017 3595 2258 3663 ipsomtn

716 3684 950 3748 majores
985 3698 1162 3735 rerum
1194 3686 1417 3736 istarqu
1450 3686 1758 3752 cognitione
1787 3685 2102 3738 ﬂoruerunt.
2127 3682 2258 3736 Nam

715 3773 820 3824 hoc
866 3775 1025 3824 ctiam
1069 3775 1378 3828 cnucleasse
1426 3790 1488 3828 ac
1547 3778 1800 3830 statuisse
1848 3776 2067 3845 jurerit,
2135 3790 2260 3827 eum

715 3862 918 3914 nullum
941 3874 1170 3929 ett-staret
1192 3865 1367 3918 adhuc
1394 3863 1654 3918 Judaismi
1681 3868 1986 3934 vestigium,
2013 3864 2261 3917 Hebrmos

716 3951 929 4018 quidem
961 3953 1097 4017 illos,
1129 3955 1220 4022 qui
1267 3970 1295 4006 a
1345 3956 1500 4009 nobis
1532 3955 1841 4020 laudantur,
1875 3956 1984 4023 jam
2023 3965 2132 4007 tum
2166 3969 2263 4007 no-

715 4043 858 4095 mine
897 4045 1057 4096 simul
1102 4060 1163 4097 ac
1203 4048 1444 4100 moribus
1494 4047 1680 4113 fuisse,
1732 4047 1821 4116 qui
1859 4056 2035 4098 tamen
2090 4045 2256 4098 Judaei

716 4148 812 4186 nec
852 4143 1056 4200 essent,
1093 4151 1189 4189 nec
1220 4148 1556 4191 vocarentur.
1595 4140 1775 4206 Itaque
1822 4140 1903 4192 vel
1961 4139 2086 4192 hinc
2116 4149 2260 4191 utro-

712 4240 940 4292 rumque
970 4227 1257 4279 discrimen
1288 4227 1576 4297 iutelligas,
1608 4230 1747 4298 quod
1778 4229 1948 4283 Judaei
1977 4232 2193 4298 quidem
2231 4245 2258 4282 a

712 4313 868 4378 Juda,
928 4317 1082 4383 cujus
1145 4333 1209 4370 ex
1258 4318 1399 4369 tribu
1447 4334 1670 4385 regnum
1722 4318 2029 4373 Judzcorum
2079 4323 2260 4376 multis

713 4413 837 4472 post
885 4407 1040 4459 annis
1089 4407 1434 4460 constitutum
1496 4420 1613 4471 est,
1676 4425 1868 4462 nomen
1925 4413 2258 4480 acceperint;

713 4495 918 4549 llebrmi
956 4507 1131 4550 autem
1170 4499 1235 4551 ab
1264 4498 1491 4564 Hebero,
1536 4501 1690 4567 cujus
1716 4518 1880 4569 nepos
1923 4503 2260 4558 Abrahamus

711 4587 832 4640 fuit.
866 4587 940 4639 Ac
971 4586 1168 4641 .lutiaeis
1193 4591 1522 4658 antiquiores
1566 4588 1818 4644 Hebraeos
1856 4591 2022 4645 fuisse
2060 4593 2259 4646 divinis

711 4692 924 4744 quoque
947 4678 1137 4730 litteris
1168 4679 1470 4732 edocrmur.
1503 4679 1634 4733 Nam
1657 4683 1797 4750 quod
1832 4682 1894 4733 ad
1926 4682 2100 4749 ipsum
2140 4684 2262 4734 reli-

2891 3115 3277 3169 ΚΕΦΛΛΑΙΟΝ
3325 3116 3413 3182 ς’.

2379 3234 2469 3297 Ὡς
2496 3227 2669 3292 ἐκτὸς
2696 3224 2855 3292 ἦσαν
2899 3225 3288 3297 Ἰουδαϊσμοῆ
3332 3226 3595 3296 πρδσθεν
3626 3229 3664 3297 ἢ
3705 3230 3896 3284 Μωσέα

2546 3298 2835 3366 γενέσθαι,
2875 3299 2964 3350 ἐπ’
2988 3301 3257 3368 εὐσεϐείᾳ
3281 3297 3734 3367 διαλάμψαντες.

2433 3407 2618 3463 Ταῦτα
2650 3407 2704 3459 δὲ
2726 3409 2891 3460 πάλαι
2917 3409 3199 3479 πρότερον,
3231 3410 3357 3480 πρὶν
3412 3410 3443 3480 ἢ
3471 3411 3564 3486 διαὶ
3595 3411 3790 3465 Μωσέα
3816 3413 3893 3464 καί

2361 3503 2421 3555 τὸ
2469 3499 2735 3555 Ἰουδαίων
2758 3499 2907 3566 γένος
2939 3501 3253 3569 ὑποστῆναι,
3281 3501 3338 3564 ἐξ
3379 3501 3454 3553 ἔτι
3488 3503 3693 3572 μακροῦ
3721 3503 3894 3565 αίῶνος

2362 3595 2512 3664 παρὰ
2554 3595 2665 3653 τοῖς
2729 3590 2991 3642 Ἰουδαίων
3024 3593 3386 3662 προπάτορσιν
3432 3594 3766 3663 ἐγνωρίζετο.
3802 3593 3894 3645 Καὶ

2361 3683 2466 3752 γὰρ
2493 3679 2582 3735 οὖν
2607 3678 2876 3733 καὶτοῦτο
2927 3678 3254 3749 διαρθρῶσαι
3309 3679 3488 3743 καλὸν,
3526 3682 3656 3743 dico
3700 3680 3894 3732 Ἰουδαῖ-

2363 3774 2494 3844 σμὸς
2520 3774 2617 3827 οὐκ
2652 3768 2719 3843 ἦν
2757 3781 2842 3822 πω
2871 3769 3010 3833 τότε,
3065 3771 3175 3824 ἀλλ’
3208 3771 3441 3839 Ἑϐραῖοι
3503 3773 3598 3841 μὲν
3651 3773 3698 3824 οί
3727 3772 3893 3842 δηλού-

2365 3883 2510 3934 μενοι
2539 3865 2670 3932 ὁμοῦ
2694 3867 2756 3933 τῇ
2794 3861 3126 3933 προσηγορία
3151 3863 3241 3913 καὶ
3266 3863 3352 3913 τὸν
3382 3863 3575 3932 τρόπον
3600 3874 3624 3901 ι
3649 3863 3888 3932 ὑπῆρχον·

2374 3953 2608 4004 Ἰουδαῖοι
2629 3951 2682 4002 δὲ
2706 3949 2964 4021 οὒτ’ἧσάν
2994 3967 3098 4010 πω,
3122 3949 3618 4021 οὔτ’ὲχρημάτιξον.
3653 3952 3892 4023 Ἑϐραίων

2360 4046 2413 4096 δὲ
2449 4045 2542 4097 καὶ
2576 4043 2839 4096 Ἰουδαίων
2893 4046 2950 4098 τὸ
3003 4048 3253 4117 διάφορον
3287 4047 3466 4116 γνοίης
3525 4047 3591 4100 ἂν
3641 4042 3753 4100 ὧδε·
3798 4046 3890 4115 Τὴν

2365 4138 2458 4207 μὲν
2495 4139 2856 4208 προσηγορίαν
2877 4139 2925 4188 οἱ
2963 4139 3056 4206 μὲν
3091 4139 3193 4191 ἀπὸ
3223 4140 3313 4192 τοῦ
3370 4137 3556 4202 Ἰούδα,
3593 4137 3651 4201 ἐξ
3697 4131 3754 4189 οὗ
3806 4139 3890 4205 τῆς

2360 4230 2530 4297 φυλῆς
2555 4231 2614 4282 τὸ
2645 4231 2906 4282 Ἰουδαίων
2930 4233 3153 4301 μακροῖς
3185 4231 3403 4303 ὕστερον
3419 4234 3626 4302 χρόνοις
3647 4230 3888 4302 βασαειον

2327 4320 2606 4402 ’συνέστη
2658 4322 2706 4371 οἱ
2756 4321 2811 4371 δὲ
2859 4319 2965 4373 ἀπὸ
3007 4321 3113 4394 ⁴τοῦ
3168 4322 3349 4392 Ἔϐερ,
3398 4323 3688 4394 προπάτωρ
3716 4323 3768 4374 δὲ
3806 4318 3885 4373 τοῦ

2372 4407 2617 4477 Ἀϐραὰμ
2642 4403 2790 4469 οὗτος
2811 4404 2896 4477 ἦν,
2937 4410 3319 4480 ἐπεγράφοντο.
3356 4410 3641 4481 Προτερείν
3687 4429 3742 4463 τε
3777 4412 3886 4463 Ἰου-

2358 4496 2517 4549 δαίων
2557 4497 2836 4566 Ἐϐραίους
2895 4487 3228 4552 διδάσκουσιν
3252 4502 3299 4552 οἱ
3331 4501 3463 4570 ίεροὶ
3505 4501 3668 4569 λόγοι.
3719 4501 3813 4553 Τὸν
3837 4501 3884 4552 δὲ

2357 4587 2456 4654 τῆς
2487 4589 2759 4653 εὐσεϐείας
2792 4590 3006 4661 τρόπον,
3044 4591 3311 4654 Ἰουδαίοις
3345 4592 3440 4661 μὲν
3480 4593 3688 4664 πρῶτον
3721 4592 3881 4661 ἀπάρ-

2359 4676 2548 4741 ξασθαι
2574 4679 2670 4748 τῆς
2701 4681 3014 4750 νομοθεσίας
3053 4682 3271 4744 Μωσέα,
3310 4681 3581 4734 σαϐϐάτου
3615 4681 3749 4742 τινὸς
3795 4697 3882 4731 πα-

711 4770 882 4835 gionis
924 4770 1124 4822 cultum
1172 4753 1379 4834 attinet,
1418 4772 1616 4825 Moscm
1664 4774 1896 4841 primum
1945 4772 2252 4826 Judazorum

2366 4767 2582 4834 ραδόντα
2607 4770 2833 4837 ἡμέραν,
2868 4773 2960 4839 καὶ
2985 4772 3181 4841 ταύτης
3201 4771 3454 4841 πλείστην
3499 4773 3629 4842 ὅσην
3662 4769 3880 4839 φυλακὴν

710 4857 1062 4925 lcgislatorcm
1109 4863 1397 4922 exstitisse.
1429 4877 1458 4913 a
1493 4877 1599 4929 quo
1634 4867 1824 4930 partim
1864 4864 2069 4917 sabbati
2112 4865 2250 4916 diem

711 4951 1013 5016 acceperint
1043 4952 1296 5018 singulari
1330 4953 1562 5019 quadam
1594 4954 1951 5017 observantia,
1993 4954 2058 5006 ad
2089 4969 2248 5006 usur-

706 5038 936 5106 pmtdam
967 5037 1082 5104 ejus
1109 5040 1234 5102 diei,
1259 5054 1364 5106 quo
1387 5040 1668 5090 verborum
1687 5041 1989 5093 divinorum
2014 5041 2166 5108 quies
2190 5054 2253 5091 ac

708 5127 934 5179 cessatio
961 5126 1152 5190 fuerat,
1170 5131 1504 5190 memoriam,
1532 5130 1721 5197 partim
1743 5129 2251 5198 animantium,qui—

709 5217 808 5270 bus
848 5227 939 5270 aut
963 5227 1301 5272 vescerentur
1333 5231 1423 5273 aut
1452 5221 1803 5286 abstinerent,
1826 5222 2245 5284 distinctionem,

708 5310 898 5377 partim
952 5309 1211 5363 solemnia
1239 5312 1480 5376 quaedam
1519 5325 1805 5379 annuaque
1854 5309 2011 5376 fesm,
2043 5321 2249 5364 certos-

779 5503 801 5530 ι
837 5485 920 5541 lo.
951 5487 1027 5557 τῷ
1054 5486 1260 5558 τρόπῳ.

775 5645 882 5724 (⁵64)
918 5649 1233 5726 ’ξΑλληςτε
1269 5643 1513 5714 μακρᾶς.
1562 5643 1675 5698 Non
1710 5645 1952 5725 ridebam
2001 5661 2130 5726 quo.
2154 5664 2245 5768 ge-

747 5717 904 5768 ittvus
932 5725 1027 5768 iste
1047 5727 1346 5768 pertineret.
1379 5715 1564 5768 Itaque
1592 5721 1725 5767 verti
1752 5719 1971 5768 perinde
1996 5731 2060 5768 ac
2089 5732 2133 5768 ει
2187 5733 2241 5768 e-

707 5717 904 5769 uitivus
931 5716 1027 5768 iste
1047 5716 1346 5783 pertineret.
1379 5715 1564 5782 Itaque
1592 5715 1725 5767 verti
1752 5717 1971 5782 perinde
1996 5731 2060 5768 ac
2089 5717 2133 5770 si
2163 5715 2241 5770 le-

705 5794 933 5852 geretur,
965 5784 1124 5846 ᾶλλας
1155 5802 1210 5837 τε
1242 5784 1451 5854 μακρὰς
1485 5783 1777 5851 περιόδους,
1809 5793 1861 5840 et
1888 5785 2236 5857 ἐπιτελουμέ-

2358 4860 2432 4918 ei;
2464 4859 2763 4928 ὑπόμνησιν
2793 4863 2982 4931 σχολῆς
3013 4864 3116 4914 τῶν
3142 4863 3298 4933 ἱερῶν
3333 4863 3524 4930 λόγων,
3565 4863 3798 4932 βρωτέων
3827 4875 3876 4909 τε

2357 4949 2449 5000 καὶ
2483 4951 2541 5000 οὐ
2570 4950 2812 5020 βρωτέων
2840 4951 2988 5014 ζώων
3009 4953 3299 5026 διαστολὴν,
3337 4955 3525 5025 ἑορτάς
3556 4970 3613 5007 τε
3636 4952 3875 5024 ἐτησίους.

2357 5039 2448 5090 καί
2473 5057 2618 5103 τινας
2649 5043 2910 5111 σωμάτων
2939 5044 3267 5113 καθαρμοὺς,
3289 5045 3452 5112 ἄλλης
3478 5062 3535 5096 τε
3562 5045 3767 5117 μακρᾶς
3780 5039 3874 5111 (δέ)

2357 5130 2598 5196 περιόδου
2630 5135 2765 5186 κατὰ
2801 5152 2916 5188 τινα
2953 5135 3190 5204 σύμϐολα
3231 5135 3493 5206 θειότερον
3549 5131 3872 5200 ἐπιτελουμέ-

2353 5237 2467 5288 νης.
2508 5223 2741 5295 Ἑϐραῖοι
2793 5226 2869 5290 δὲ,
2929 5227 3273 5296 πρεσϐύτεροι
3337 5227 3573 5291 Μωσέως
3623 5226 3875 5294 γενόμενοι

2353 5315 2462 5374 τοῖς
2489 5313 2716 5384 χρόνοις,
2743 5319 2919 5386 πάσης
2942 5319 3039 5387 τῆς
3070 5318 3153 5369 διὰ
3180 5318 3416 5381 Μωσέως
3454 5317 3760 5389 νομοθεσίας
3792 5315 3873 5366 ἁν-

2348 5666 2470 5776 vui,
2509 5666 2606 5720 pro
2641 5649 3090 5722 ἐπιτελουμένης,
3118 5665 3240 5712 quae
3268 5665 3392 5708 vera
3427 5650 3559 5708 mihi
3589 5649 3745 5709 lectio
3774 5650 3873 5704 visa

2348 5734 2404 5773 es

2347 5734 2404 5773 es
