3976 6340
677 452 805 512 519'

1283 458 1553 515 EUSEBlt
1587 450 2064 511 CESARIENSIS
2100 447 2247 502 ore.
2293 443 2467 496 rans
2507 443 2570 494 ιι.
2609 474 2675 480 -
2714 416 3211 496 APOLOGETICA.
3774 448 3848 501 5,0

677 584 781 627 tem
823 574 1078 627 similium
1121 576 1411 644 bonorum,
1458 573 1681 642 perinde
1737 586 1800 623 ac
1856 571 1902 623 si
1949 565 2178 620 obtineri
2229 563 2298 616 ab
2336 563 2403 615 iis
2456 561 2600 613 nulla
2647 561 2856 613 ratione
2909 568 3150 628 possent,
3202 558 3582 629 desperatione
3639 562 3783 616 fracti
3808 580 3850 617 ac

676 663 945 716 debilitate
975 673 1368 731 torpescerent:
1401 664 1599 731 quippe
1627 676 1747 729 quae
1777 675 1875 712 nec
1906 672 2067 726 supra
2110 656 2218 708 vim
2258 668 2446 706 eorum
2500 660 2554 704 et
2603 651 2910 704 facultatem
2958 665 3172 704 omnem
3211 662 3416 718 essent,
3445 663 3500 706 et
3545 654 3782 722 ipsismet
3807 658 3850 709 il-

675 754 848 807 lorum
903 758 1141 824 patribus
1194 756 1419 809 feliciter
1485 757 1808 809 evenissent.
1849 752 2090 816 Quorum
2149 748 2413 817 imagines
2453 747 2519 799 iis
2577 756 2881 814 propterea,
2933 746 3035 813 qui-
3057 746 3254 800 divinis
3298 748 3561 803 institutis
3607 750 3848 802 imbucmli

677 852 836 913 atque
872 847 1114 899 initiandi
1159 855 1337 898 essent
1378 845 1709 913 objiciendas
1759 843 2001 912 putavit;
2055 853 2230 908 eoque
2268 836 2495 890 consilio
2551 837 2856 905 prisCorum
2932 835 3070 888 vitas
3123 837 3546 892 conscribendas
3596 840 3792 909 selegit,
3813 849 3851 895 et

675 935 829 1001 quasi
861 936 1000 1003 picta
1037 935 1088 988 in
1119 935 1295 987 tabula
1325 935 1644 1001 singularem
1673 948 1734 985 ac
1757 931 2025 1001 propriam
2057 928 2321 998 cujusque
2340 927 2588 980 virtutem
2623 927 2737 980 suis
2777 927 3051 980 coloribus
3083 927 3445 984 adumbrat-it.

1174 1023 1334 1091 306
1365 1020 1592 1076 CAPUT
1626 1019 1763 1075 vni.

675 1145 887 1199 Maturo
923 1150 1124 1214 Jum'cio
1157 1166 1385 1217 sanaque
1432 1150 1634 1202 ratione
1677 1160 1968 1216 susceptam
2004 1167 2035 1200 a
2073 1149 2218 1201 nobis

742 1232 917 1268 eorum
941 1219 1213 1270 historiam
1243 1220 1421 1286 fuisse.
1467 1219 1567 1272 Hic
1608 1231 1783 1270 autem
1819 1221 2011 1270 cursim
2036 1235 2214 1270 eorum

744 1287 1267 1357 vitaApcrstringitur,
1295 1305 1421 1357 quos
1451 1299 1570 1340 ante
1604 1289 1855 1339 diluvium
1892 1305 1952 1340 ac
1982 1288 2219 1354 deinceps

744 1355 812 1474 ορ
849 1355 1042 1408 Mosent
1090 1355 1462 1425 usque,'Deus
1534 1359 1792 1425 prwcipuo
1846 1374 2020 1410 amore
2080 1374 2220 1409 cont-

744 1441 773 1474 υ
797 1441 921 1474 exus
951 1435 1047 1474 est-

741 1435 921 1490 ptexus
951 1435 1047 1481 est.

741 1541 926 1608 Neque
954 1555 1079 1592 vero
1111 1537 1206 1591 abs
1239 1552 1295 1590 re
1341 1536 1501 1590 fuerit
1532 1552 1718 1589 eorum
1763 1539 2045 1590 historiam
2097 1537 2219 1589 bre—

674 1637 816 1687 viter
839 1635 956 1697 thoc
993 1631 1112 1684 loco
1142 1643 1475 1697 percurrere.
1521 1627 1760 1680 Primum
1806 1629 1966 1697 igitur
1996 1637 2118 1680 ante
2148 1628 2225 1680 di-

675 1727 881 1779 luvium
937 1719 1385 1790 quemadmodum
1446 1735 1510 1774 ex
1554 1718 1718 1772 Mosis
1765 1720 2003 1787 ejusdem
2040 1719 2220 1770 moni-

677 1818 872 1867 mentis
928 1810 1275 1877 intelligimus
1331 1809 1452 1876 (nec
1506 1808 1650 1860 enim
1706 1807 1939 1869 aliunde,
2005 1807 2219 1873 opinor,

677 1922 837 1972 quam
869 1919 930 1955 ex
965 1900 1197 1970 propriis
1248 1912 1436 1951 eorum
1467 1912 1683 1966 quoque
1715 1896 1954 1949 fontibus
2003 1913 2089 1950 res
2119 1895 2223 1950 He-

677 1996 941 2047 linearum
995 1989 1302 2043 haurienda:
1359 2002 1500 2047 sunt,
1562 2003 1682 2040 cum
1756 1987 2098 2057 Egyptiacas
2156 1988 2223 2040 ab

678 2084 966 2155 Egyptiis,
1008 2090 1061 2134 et
1091 2097 1120 2133 a
1169 2078 1517 2132 thnicihus
1551 2078 1854 2131 Phtenicias
1887 2079 2219 2144 petierimus,

678 2174 996 2240 Graecasque
1026 2169 1269 2222 similiter
1313 2170 1377 2219 ab
1418 2167 1482 2221 iis
1525 2167 1612 2233 qui
1647 2167 1881 2219 nominis
1911 2170 2049 2234 apud
2077 2166 2223 2221 Grae-

680 2277 774 2317 cos
801 2260 1105 2316 celebritate
1157 2257 1471 2319 ﬂoruerunt,
1515 2256 1758 2322 adeoque
1787 2271 1816 2308 a
1859 2257 2219 2324 philosophis,

2853 1017 3244 1069 ΚΕΦΑΛΑΙΟΝ
3279 1016 3337 1069 Η¹
3349 1058 3363 1070 .

2333 1104 2425 1169 Ὡς
2438 1107 2680 1183 ,εὐβότῳ
2711 1107 2900 1183 κρίσει
2925 1106 3020 1158 καὶ
3042 1106 3299 1183 σῴφρρνι
3323 1110 3589 1183 ,λογισμῷ
3612 1112 3733 1183 τὴν
3750 1117 3849 1183 περὶ

2390 1175 2572 1251 τῷνδε
2611 1177 2907 1251 Ιοςτορζαν-
2935 1175 3416 1251 παρεδεξάμεθᾳξ
3451 1175 3548 1232 acili
3586 1175 3846 1251 extc‘popr‘;

2390 1245 2506 1296 τῶν
2534 1246 2682 1318 κατὰ
2705 1245 2842 1307 τοὺς
2877 1243 3282 1324 διῖζλουμένοὺς
3318 1248 3491 1310 βίων,
3535 1249 3654 1300 τῶν
3680 1243 3738 1304 τὲ

2390 1315 2518 1385 τοῦί
2551 1315 2975 1385 κατακλυσμοῦ
3032 1316 3323 1381 θεοφιλῶν
3368 1318 3602 1385 ἀνδρῶν
3631 1322 3725 1372 καί
3760 1315 3852 1375 τῶν

2387 1384 2534 1467 μετίς
2585 1383 2766 1435 ταῦτα
2811 1385 2986 1450 μέχρι
3023 1385 3132 1452 τῆς
3170 1387 3426 1452 Μωσέως
3470 1383 3679 1456 γενεᾶς
3721 1391 3850 1460 διαρ-

2390 1469 2712 1504 κεσιιντων.

2391 1544 2497 1592 Καὶ
2526 1542 2720 1593 τούτων
2742 1542 2795 1592 δὲ
2825 1542 2974 1593 οὐδὲν
2996 1543 3242 1612 ἐμποδὼν
3279 1548 3349 1616 μὴ
3381 1548 3498 1617 ούχὶ
3519 1550 3608 1602 διὰ
3641 1549 3852 1620 βραχέων

2322 1634 2636 1703 ἐπιδραμεῖν
2689 1634 2784 1702 τὴν
2834 1635 3088 1703 ἱστορίαν.
3148 1637 3259 1706 Πρὸ
3302 1638 3398 1706 μὲν
3433 1637 3525 1692 οὖν
3565 1641 3659 1692 τοῦ
3707 1659 3849 1696 κατα-

2322 1722 2581 1791 κλυσμοῦ,
2614 1722 2800 1792 ὥσπερ
2830 1726 2860 1790 ἡ
2899 1723 3062 1774 αὐτοῦ
3097 1725 3335 1787 Μωσέως
3386 1729 3624 1798 περιέχει
3673 1735 3847 1801 γραφη

2320 1816 2398 1866 δεῖ
2435 1815 2488 1866 δέ
2521 1832 2642 1875 που,
2677 1815 2750 1876 ὡς
2797 1811 2967 1882 οἶμαι,
3005 1814 3076 1884 μὴ
3106 1814 3320 1868 ἄλλοθεν
3346 1818 3377 1887 ἦ
3403 1821 3563 1871 πάλιν
3587 1822 3782 1874 οἴκοθεν
3800 1825 3854 1877 τὰ

2333 1906 2592 1975 Ἐϐραίων
2628 1907 2831 1974 πάτρια
2855 1906 3234 1975 διασκοπῆσαι,
3263 1910 3381 1960 ἐπεὶ
3407 1912 3497 1961 καὶ
3523 1911 3592 1962 τὰ
3611 1913 3852 1980 Αἰγύπτια

2323 1997 2449 2066 παρ’
2480 1997 2808 2063 Αἰγυπτίων,
2835 1998 2927 2047 καὶ
2960 1999 3025 2049 τὰ
3052 1998 3307 2050 Φοινίκων
3349 2000 3499 2069 παρὰ
3530 2001 3638 2053 τῶν
3671 2003 3852 2055 οἰκείων

2322 2089 2344 2138 ἐ
2355 2087 2710 2156 μανθάνομεν,
2731 2087 2805 2148 ὡς
2834 2083 2896 2139 αὖ
2929 2088 3086 2140 πάλιν
3113 2089 3180 2140 τὰ
3225 2090 3484 2159 Ἑλλήνων
3508 2094 3658 2162 παρὰ
3695 2093 3788 2145 τῶν
3807 2095 3852 2143 ἐν

2320 2177 2524 2239 τούτοις
2549 2178 2835 2244 διαφανὼν,
2867 2179 2934 2229 τά
2978 2196 3036 2228 τε
3095 2179 3393 2247 φιλοσόφων
3423 2182 3569 2250 παρὰ
3599 2183 3704 2233 τῶν
3732 2183 3855 2250 φιλο-

2325 2270 2520 2336 σόφων,
2557 2269 2668 2320 ἀλλ’
2712 2271 2770 2320 ού
2817 2269 2966 2338 παρὰ
2991 2270 3095 2322 τῶν
3140 2272 3382 2340 ἀπείρων
3410 2271 3738 2341 φιλοσοφίας.
3768 2275 3854 2326 Πό-

681 2365 786 2403 non
828 2359 1003 2402 autem
1036 2349 1102 2400 ab
1148 2347 1214 2400 iis
1250 2346 1340 2414 qui
1386 2347 1438 2398 in
1490 2346 1831 2415 philosophia
1865 2348 2104 2413 hospites
2157 2363 2219 2401 ac

2323 2360 2410 2411 θεν
2437 2360 2491 2410 δὲ
2513 2360 2727 2412 ἄλλοθεν
2765 2363 3022 2430 προσήκοι
3050 2361 3114 2412 ἂν
3147 2363 3238 2413 καὶ
3271 2362 3336 2413 τὰ
3361 2363 3605 2430 ἰατρικῆς
3644 2364 3675 2432 ἢ
3728 2363 3856 2434 παρὰ

680 2440 949 2509 peregrini
991 2445 1192 2499 essent,
1229 2452 1350 2503 qua:
1396 2436 1460 2488 ad
1495 2435 1850 2502 philos0phiae
1881 2438 2117 2488 rationes
2157 2451 2219 2488 ac

678 2530 889 2585 decreta
915 2528 1269 2598 pertinebant.
1309 2525 1455 2591 Quos
1488 2535 1540 2578 tu
1568 2541 1694 2588 vero
1721 2527 1925 2594 justius
1953 2528 2015 2578 de
2049 2526 2218 2578 medi—

678 2623 812 2674 cinae
841 2618 1138 2687 prmeeptis,
1168 2631 1327 2684 quam
1359 2617 1491 2669 artis
1526 2616 1670 2668 illius
1699 2617 1901 2682 peritos
1933 2600 2220 2668 consulas?

678 2711 877 2765 Eodem
907 2711 1200 2778 planejure
1227 2721 1426 2772 statuo,
1465 2725 1548 2762 res
1587 2708 1932 2762 liebrreorum
1955 2724 2061 2760 non
2097 2708 2219 2762 aliis

680 2818 839 2870 quam
872 2801 1211 2856 Hebraeorum
1239 2818 1303 2854 ex
1333 2802 1520 2854 litteris
1543 2816 1663 2855 esse
1689 2801 2022 2869 repetendas)
2046 2819 2058 2852 :
2085 2801 2222 2852 mul-

683 2900 750 2946 tis
795 2909 942 2962 ergo,
1001 2894 1454 2962 quemadmodum
1503 2892 1719 2945 illorum
1773 2893 1927 2944 docet
1972 2893 2218 2952 historia,

679 2986 838 3053 longo
889 2996 1011 3038 ante
1054 2983 1316 3036 diluvium
1352 2993 1615 3050 tempore,
1644 2981 1755 3048 jam
1793 2997 1963 3049 usque
1992 2997 2022 3033 a
2048 2982 2218 3050 prima

683 3077 958 3129 hominum
984 3075 1211 3140 origine,
1253 3089 1457 3142 perque
1488 3074 1703 3142 longam
1737 3071 1992 3140 deinceps
2025 3086 2218 3125 conse-

679 3165 954 3232 quentium
1015 3173 1229 3216 attalum
1277 3163 1494 3226 seriem,
1554 3177 1678 3216 cum
1746 3163 2018 3230 praecipuo
2078 3161 2219 3216 Deus

680 3269 862 3307 amore
883 3253 1194 3319 complexus
1219 3260 1318 3313 est,
1359 3260 1470 3304 tum
1501 3248 1618 3303 laUs
1649 3252 1974 3316 integritatis
2005 3268 2216 3304 summa

679 3344 1087 3396 commendavit.
1107 3343 1435 3410 Atqueillum
1455 3343 1505 3394 in
1525 3342 1811 3410 primisqui
1839 3362 1856 3392 (
1883 3345 2112 3410 speravit
2137 3345 2246 3395 in-.
2301 3349 2308 3357 ’

679 3448 871 3488 vocare
887 3450 1076 3489 nomen
1097 3433 1305 3486 Domini
1327 3432 1416 3487 Dei
1440 3433 1572 3504 (67).
1588 3453 1605 3483 ι
1629 3434 1746 3496 Quo
1767 3435 2013 3502 loquendi
2029 3450 2220 3502 genere

683 3525 960 3592 Scriptura
987 3525 1244 3586 declarat,
1303 3525 1468 3577 alium
1523 3526 1590 3577 ab
1626 3540 1689 3577 eo
1715 3526 1981 3577 nemiuem
2029 3535 2221 3591 prater

674 3604 958 3670 ipsummet
995 3618 1175 3656 rerum
1225 3603 1526 3656 molitorem
1582 3604 1823 3657 omnium
1876 3613 1928 3656 et
1973 3607 2211 3661 universi

674 3667 957 3743 Dominum
1008 3691 1168 3744 simul
1229 3699 1387 3758 atque
1425 3689 1613 3756 Deum,
1649 3691 1749 3745 sibi
1800 3694 2071 3761 rebusque
2099 3697 2214 3752 suis
2247 3667 2286 3721 (ί

673 3780 975 3844 tutelureni,
1006 3781 1159 3848 quasi
1186 3788 1468 3848 patronum
1499 3797 1618 3834 esse
1659 3782 1917 3836 delectum
1947 3802 1958 3835 :
1993 3786 2211 3853 quippe,

673 3872 762 3940 qui
793 3872 1013 3924 omnino
1040 3885 1353 3938 persuasum
1385 3871 1436 3922 id
1474 3872 1715 3933 haberet,
1759 3889 1862 3926 non
1902 3875 2210 3928 universum

673 3962 832 4014 modo
863 3963 912 4013 vi
948 3960 1230 4016 eiiectricis
1268 3960 1410 4013 illius
1440 3963 1717 4029 potestatis
1736 3963 1870 4015 bene
1908 3977 1971 4015 ac
2001 3964 2214 4031 sapien-

674 4061 756 4105 ter
792 4067 913 4105 esse
961 4052 1333 4116 constitutum,
1386 4053 1474 4104 sed
1505 4052 1664 4104 etiam
1697 4053 1917 4121 perinde
1950 4061 2002 4105 ut
2028 4055 2214 4122 ingen-

675 4150 778 4195 tem
793 4143 1020 4210 aliquam
1036 4143 1418 4210 rempublicam
1440 4144 1678 4210 ejusdem
1695 4145 1920 4211 imperio
1937 4159 1998 4196 ac
2011 4143 2215 4198 ditione

675 4232 956 4294 contineri,
997 4247 1058 4286 ac
1105 4243 1282 4300 partes
1335 4234 1474 4286 illius
1522 4248 1707 4286 omnes
1751 4235 1919 4301 ipsius
1959 4245 2212 4300 tanquam

676 4324 872 4376 summi
922 4321 1353 4388 Patrisfamilias;
1384 4325 1488 4377 imo
1514 4332 1766 4391 tanquam
1805 4326 1916 4377 veri
1953 4325 2209 4394 legitimi-

676 4426 783 4481 que
830 4412 1062 4477 Domini,
1096 4410 1274 4480 Regis,
1308 4426 1385 4479 _ac
1426 4410 1517 4464 Dei
1566 4414 1840 4466 voluntate
1884 4415 2215 4482 arbitrioque

675 4496 978 4570 gubernari.
1031 4501 1174 4566 Quas
1209 4502 1295 4555 ille
1323 4503 1386 4556 de
1408 4500 1515 4556 Deo
1545 4503 1793 4572 princeps
1824 4504 1977 4571 eique
2007 4500 2214 4556 charis-

675 4592 847 4644 simus
902 4590 1110 4641 Domini
1173 4590 1372 4659 Deique
1424 4592 1666 4644 notiones
1715 4599 1764 4644 et
1833 4590 2215 4658 appellationes

676 4682 855 4750 animo
885 4695 1005 4733 cum
1033 4678 1396 4746 int‘ormasset,
1433 4681 1571 4734 idem
1604 4681 1766 4735 simul
1790 4678 2064 4735 facultatis
2093 4695 2213 4733 om-

675 4771 779 4831 nis,
800 4786 860 4823 ac
880 4771 1109 4823 nominis
1124 4785 1388 4838 opumque
1406 4774 1644 4824 omnium
1661 4772 1895 4836 loco,vel
1914 4772 2087 4839 potius
2107 4785 2215 4838 prae

675 4857 832 4926 307
862 4859 1095 4926 cujusvis
1140 4859 1264 4912 boni
1292 4860 1464 4926 copia,
1512 4875 1530 4910 ι
1554 4862 1793 4927 speravit
1823 4861 2073 4913 invocare
2117 4874 2215 4912 no-

679 4963 799 4999 men
828 4947 1033 5001 Domini
1062 4949 1173 5014 Dei,
1204 4967 1223 5000 ι
1261 4965 1381 5003 cum
1409 4964 1531 5002 eum
1564 4950 1664 5003 sibi
1689 4961 2004 5004 cunctorum
2045 4950 2213 5002 animi

679 5037 840 5091 simul
882 5046 938 5089 et
974 5025 1213 5106 corporis
1246 5041 1507 5093 bonorum
1554 5040 1864 5093 thesaurum
1898 5055 2213 5108 comparas-

681 5136 780 5179 set.
818 5123 986 5190 Quam
1016 5128 1083 5178 ob
1110 5144 1324 5182 causam
1359 5131 1587 5197 primum
1627 5145 1749 5183 eum
1782 5145 1996 5199 quoque
2026 5146 2215 5184 verum

681 5217 951 5271 hominem
985 5218 1216 5272 audiisse
1247 5217 1450 5275 Hebraei
1493 5221 1859 5290 prodiderunt.
1893 5222 2038 5278 Eoos
2085 5239 2216 5278 sane

682 5310 919 5376 quidem,
956 5310 1060 5362 hoc
1092 5320 1172 5363 est
1220 5327 1365 5363 verus
1392 5314 1562 5378 homo,
1603 5313 1899 5382 appellatus
1936 5313 2056 5380 fuit,
2083 5330 2216 5368 con-

682 5414 900 5468 gruente
921 5404 1206 5457 admodum
1231 5412 1458 5470 aptaque
1479 5406 1711 5458 nominis
1741 5406 1970 5458 ratione.
2005 5406 2061 5457 lu
2089 5419 2213 5458 eum

679 5491 820 5544 enim
855 5493 1026 5545 solum
1060 5493 1169 5546 veri
1219 5493 1454 5545 hominis
1485 5495 1892 5563 appellationem
1927 5495 2213 5548 convenire

681 5584 999 5646 statuebant,
1055 5584 1143 5651 qui
1192 5582 1285 5636 Dei
1326 5583 1572 5638 notitiam
1622 5598 1948 5652 sensumque
1996 5584 2211 5652 pietatis

753 5762 862 5832 (67)
887 5759 1047 5817 Enos.
1076 5761 1156 5820 οι.
1182 5762 1313 5820 Gen.
1345 5778 1417 5830 tv,
1449 5763 1545 5817 ult.
1580 5839 1590 5847 '

2319 2451 2422 2503 τῶν
2455 2452 2826 2520 ἐπιστημόνων
2875 2452 3279 2515 πυνθάνεσθαις
3324 2452 3480 2505 Οῦτω
3527 2453 3588 2523 δὴ
3641 2454 3772 2506 κατὰ
3807 2455 3857 2506 τὸ

2319 2542 2599 2594 ἀκόλουθον
2625 2542 2756 2611 ἡγοῦ
2766 2560 2861 2611 μαι
2888 2543 2994 2594 δεῖν
3018 2543 3110 2595 καὶ
3137 2544 3202 2594 τὰ
3244 2545 3502 2614 Ἑϐραίων
3535 2547 3598 2597 ὲκ
3621 2546 3724 2596 τῶν
3745 2545 3855 2614 παρ’

2332 2633 2596 2704 Ἑϐραὲόίς
2625 2633 2835 2700 λογίων,
2863 2633 2996 2684 ἀλλὰ
3029 2633 3101 2703 μὴ
3143 2634 3361 2687 ἄλλοθέν
3419 2635 3579 2688 ποθεν
3631 2636 3859 2703 ἀποδέχε-

2322 2730 2463 2780 σθαι.
2515 2730 2722 2795 Ὧσπερ
2780 2723 2870 2778 οὖν
2903 2730 2931 2779 ὁ
2965 2727 3116 2796 παρὰ
3178 2727 3384 2789 τούτοις
3434 2729 3650 2797 κατέχει
3701 2728 3854 2796 λόγος,

2319 2820 2518 2873 ἄνωθεν
2554 2820 2657 2888 πρὸ
2690 2819 2780 2870 τοῦ
2812 2818 3213 2886 κατακλυσμοῦ,
3239 2820 3302 2871 ὲκ
3339 2818 3559 2890 πρώτης
3581 2820 3858 2890 ἀνθρώπιον

2319 2911 2598 2976 γενέσεως,
2632 2910 2722 2960 καὶ
2755 2913 2830 2971 εἰς
2857 2909 2952 2971 τὰς
2984 2909 3109 2977 ἑξῆς
3147 2909 3414 2978 διαδοχὰς,
3438 2909 3698 2976 θεοφιλεῖς
3733 2924 3858 2970 τινες

2320 2999 2507 3067 ἄνδρες
2534 3000 2803 3064 γεγόνασι,
2837 3000 2928 3050 καί
2957 2999 3150 3050 δίκαιοι
3185 2999 3422 3062 πλείους,
3472 2995 3546 3053 ὧν
3575 3003 3601 3051 ὁ
3625 3001 3718 3068 μὲν
3747 3019 3763 3050 ι
3785 2999 3861 3067 ἤλ-

2322 3106 2473 3140 πισεν
2532 3089 2902 3141 ἐπικαλεῖσθαι
2953 3090 3014 3140 τὸ
3058 3089 3222 3158 ὄνομα
3291 3090 3494 3159 Κυρίου
3542 3089 3636 3141 τοῦ
3685 3089 3853 3140 Θεοῦ.»

2320 3178 2487 3230 Τοῦτο
2509 3178 2562 3230 δὲ
2588 3178 2736 3247 δηλοῖ
2750 3178 2809 3228 τὸ
2841 3178 3039 3246 μηδένα
3070 3177 3203 3246 πλὴν
3237 3177 3341 3229 τῶν
3388 3179 3639 3230 ἁπάντων
3667 3179 3752 3229 τὸν
3771 3176 3859 3246 δη-

2324 3271 2579 3338 μιουργὸν
2611 3268 2871 3336 δεσπότην
2905 3268 3036 3336 ὁμοῦ
3069 3269 3160 3319 καὶ
3193 3268 3322 3319 Θεὸν
3349 3267 3454 3319 τῶν
3493 3269 3628 3321 ὅλων
3653 3267 3859 3337 ἐπιγρά-

2319 3359 2541 3427 ψασθαι.
2571 3359 2865 3411 Πεπεῖσθαι
2889 3360 2995 3428 γὰρ
3021 3359 3180 3410 αὐτὸν
3227 3359 3287 3409 οὐ
3321 3360 3477 3427 μόνον
3513 3362 3758 3429 ποιητικῇ
3777 3360 3858 3409 δυ-

2321 3453 2477 3519 νάμει
2507 3447 2563 3502 εὖ
2595 3452 2686 3502 καὶ
2718 3453 2771 3502 ὲν
2801 3452 2990 3520 κόσμῳ
3029 3451 3088 3502 τὸ
3138 3452 3244 3502 πᾶν
3307 3450 3709 3514 διατεθεικέναι,
3742 3449 3862 3502 ἀλλὰ

2323 3542 2414 3593 καὶ
2441 3541 2696 3592 δεσπότου
2726 3541 2901 3611 δίκην,
2923 3540 2996 3602 ὡς
3026 3542 3089 3593 ἂν
3118 3541 3353 3610 μεγάλης
3378 3541 3601 3605 πόλεως,
3631 3541 3720 3594 τοῦ
3746 3540 3862 3608 013p-

2325 3648 2520 3692 παντος
2553 3629 2841 3699 κυριεύειν,
2895 3633 3192 3698 οἰκονομεῖν
3245 3648 3302 3682 τε
3363 3631 3453 3682 καὶ
3490 3632 3861 3684 οἰκοδεσποτεῖν

2321 3721 2452 3790 ὁμοῦ
2480 3721 2570 3772 καὶ
2597 3720 2796 3789 Κύριον
2822 3720 2948 3772 ὄντα
2968 3721 3060 3772 καὶ
3085 3721 3322 3790 βασιλέα,
3351 3724 3442 3774 καὶ
3481 3721 3633 3773 Θεόν·
3668 3714 3725 3773 οὗ
3773 3721 3858 3788 τὴν

2320 3812 2392 3872 ὼς
2417 3811 2619 3878 Κυρίου
2679 3811 2768 3862 καὶ
2822 3811 2953 3862 Θεοῦ
3004 3811 3206 3864 ἔννοιάν
3255 3828 3316 3863 τε
3366 3811 3468 3882 καὶ,
3509 3810 3858 3882 προσηγορίαν

2322 3900 2532 3970 πρῶτος
2569 3904 2595 3952 ὁ
2627 3901 2944 3970 δηλούμενος
3004 3901 3251 3971 θεοφιλὴς
3307 3903 3363 3954 ἐν
3410 3899 3858 3973 νῷίβαλλόμενος,

2321 3990 2439 4039 ἀντὶ
2463 3989 2640 4058 πάσης
2671 3991 2973 4061 ὑπάρξεως,
2997 3993 3086 4043 καί
3116 3992 3500 4060 προσηγορίας,
3534 3994 3628 4045 καὶ
3658 4009 3856 4063 περιουο

2323 4079 2459 4141 σίας,
2494 4081 2686 4148 μᾶλλον
2729 4082 2783 4133 δὲ
2827 4082 2944 4132 ἀντὶ
2990 4081 3181 4142 παντὸς
3203 4080 3403 4146 ἀγαθοῦ
3446 4100 3463 4131 ι
3494 4082 3716 4151 ἤλπισεν
3756 4081 3858 4132 ἑπι-

2320 4167 2594 4219 καλεῖσθαι
2624 4169 2681 4220 τὸ
2706 4169 2875 4236 ὄνομα
2906 4167 3109 4236 Κυρίου
3135 4166 3227 4218 τοῦ
3257 4167 3412 4229 Θεοῦ,
3438 4187 3456 4218 ι
3490 4168 3675 4220 τοῦτον
3701 4166 3858 4236 ἑαυτῷ

2322 4253 2586 4324 θησαυρὸν
2610 4255 2825 4321 ἀγαθῶν
2854 4254 3028 4324 ψυχῆς
3057 4273 3116 4307 τε
3149 4255 3281 4325 ὁμοῦ
3313 4256 3404 4308 καὶ
3438 4256 3685 4324 σώματος
3710 4272 3857 4309 πεπει

2324 4346 2590 4414 ρισμένος·
2631 4346 2777 4419 Παρδ
2829 4346 2919 4398 καὶ
2957 4345 3167 4414 πρῶτος
3209 4345 3408 4416 ἀληθὴς
3435 4346 3711 4415 ἄνθρωπος
3735 4362 3853 4416 χρη-

2323 4436 2540 4503 ματίσαι
2564 4437 2692 4504 παρ’
2744 4435 3007 4506 Ἑϐραίοις
3057 4435 3484 4506 ἀναγέγραπται.
3529 4436 3787 4505 Κέκληται
3814 4433 3854 4485 δ’

2319 4521 2407 4577 οὖν
2448 4525 2629 4591 Ἐνώς,
2657 4527 2786 4596 ὅπερ
2820 4528 2962 4579 ἐστὶν
3022 4525 3220 4594 ἀληθὴς
3258 4525 3557 4596 ἄνθρωπος,
3608 4525 3854 4591 εὐθυὸόλῳ

2320 4615 2685 4685 προσωνυμίᾳ.
2712 4617 2840 4668 Οὐδὲ
2873 4617 2978 4685 γὰρ
3000 4616 3152 4668 ἄλλον
3181 4615 3338 4682 φασὶν
3382 4617 3552 4686 ἀληθῆ
3584 4615 3851 4686 προσήκειν

2320 4704 2565 4773 ⁴ἰίγγείσθιιι
2606 4706 2699 4758 καὶ
2752 4698 3032 4775 ὀνομάζειν
3065 4705 3344 4776 ἄνθρωπον
3378 4706 3410 4774 ἢ
3437 4706 3530 4758 τὸν
3577 4705 3707 4757 Θεοῦ
3731 4700 3852 4770 γνό-

2323 4810 2456 4856 σεως
2485 4796 2576 4848 καὶ
2598 4795 2873 4858 εὐσεϐείας
2899 4797 3176 4866 ἐπήϐολον,
3201 4798 3288 4850 τὸν
3326 4797 3538 4866 ἀληθῶς
3579 4794 3849 4864 γνωστικὸν

2320 4885 2451 4953 ὁμοῦ
2475 4886 2566 4939 καὶ
2593 4885 2808 4955 εὐσεόῆ.
2837 4887 2955 4938 ’Ότι
2995 4887 3058 4956 δὴ
3109 4889 3234 4949 τοὺς
3262 4890 3334 4956 μὴ
3366 4887 3659 4950 τοιούτους.
3700 4887 3846 4956 θρεμ-

2252 4978 2296 5032 D
2329 4973 2506 5042 μάτων
2539 4975 2656 5026 κατ’
2692 4975 2841 5026 οὐδὲν
2862 4976 3066 5042 ἀλόγων
3111 4976 3481 5061 διαφέροντας,
3508 4972 3596 5030 οἶα
3631 4978 3717 5030 ἐπὶ
3759 4992 3846 5042 γα-

2329 5064 2491 5133 στέρα
2517 5066 2607 5114 καὶ
2629 5064 2815 5133 ἡδονὴν
2867 5070 3088 5136 πρηνεῖς
3128 5067 3646 5138 καταϐεϐλημένους,
3699 5069 3849 5137 θῆρα-ς

2330 5151 2522 5219 μᾶλλον
2577 5152 2606 5221 ἢ
2654 5153 2966 5221 ἀνθρώπους
3109 5154 3367 5225 Ἐϐραίων
3418 5154 3846 5229 ὰποκαλείνδιδόρ-

2327 5257 2443 5293 σκει
2487 5242 2688 5312 γραφὴ,
2746 5246 3110 5316 κυριολεκτεῖν
3165 5247 3439 5318 εἰθισμένη
3477 5249 3574 5311 τὰς
3606 5263 3849 5319 προσηγο-

2327 5331 2464 5399 ρίας.
2507 5334 2652 5401 Παρὸ
2675 5336 2798 5396 τοὺς
2826 5337 3058 5388 τοιούσδε
3077 5338 3198 5390 τοτὲ
3221 5337 3316 5407 μὲν
3344 5336 3536 5400 λύκους
3567 5337 3656 5390 καὶ
3679 5337 3844 5398 κύνας,

2325 5423 2441 5473 τοτὲ
2476 5422 2531 5474 δὲ
2564 5423 2692 5486 σύας
2731 5424 2943 5496 φορυτῷ
2974 5427 3281 5497 χρωμένους
3324 5428 3417 5482 καὶ
3441 5429 3733 5499 χαίροντας,
3759 5425 3848 5478 καὶ

2327 5513 2482 5565 πάλιν
2504 5515 2722 5582 ἑρπετὰ,
2747 5519 2839 5569 καὶ
2868 5516 3038 5585 δφεις,
3089 5521 3201 5581 τοῖς
3255 5517 3354 5586 τῆς
3385 5511 3846 5586 κακίαςίπολπρό-

2327 5621 2444 5666 ποις
2466 5605 2714 5676 ἐμφερῶς
2744 5607 2927 5672 εἴδεσι,
2942 5592 3372 5681 ’προσαγορεύειν
3392 5608 3597 5674 εἴωθεν.
3621 5603 3680 5662 Et
3695 5606 3743 5660 δὶ
3762 5603 3848 5658 καὶ
