4020 6342
50 322 162 382 δτι
1274 327 1570 387 PREPAR.
1617 331 1640 384 1

1741 327 1865 387 .Nc.
1888 328 2014 388 LIB.
2051 326 2166 391 vn.
2885 322 2891 323 ί
3245 348 3351 402 522

238 446 360 499 τὸν
399 446 584 503 κοινδν
631 446 721 504 καὶ
748 446 911 504 πολὺν
942 451 1242 523 ἄνθρωπον,
1297 456 1389 508 καὶ
1432 455 1492 509 τδ
1539 457 1640 524 γέν(

1741 464 2120 514 tconsecutus
2160 467 2324 524 esset,
2372 460 2610 529 adeoque
2655 475 2780 514 vera
2835 471 2946 515 tum
2995 466 3354 534 cognoscendi

48 537 199 591 αὑτὸ
227 540 453 610 χρεὼν
480 542 828 613 διασημῆναι,
871 544 1030 596 πάλιν
1057 546 1230 614 οἰκείᾳ
1275 546 1367 599 καὶ
1419 564 1640 618 προσφυη

1794 545 2068 614 facultate,
2129 557 2242 603 tum
2312 551 2476 603 etiam
2536 551 2796 618 religione
2849 553 3123 621 prmditus,
3186 555 3349 610 alium

47 630 355 700 χρωμένη
391 633 758 704 προσηγορίᾳ,
812 633 900 684 τὸν
935 633 1107 687 πάντα
1154 633 1436 706 ἄνθρωπον
1471 639 1534 706 τῇ
1590 654 1640 689 τι

1741 625 1756 650 ⁸
1791 647 2049 706 ριηαξιθιοθα
2096 642 2386 694 neminem.
2442 640 2574 694 Nam
2618 643 2708 710 qui
2746 644 3012 712 ejusmodi
3058 660 3165 698 non
3201 658 3347 712 sunt,

53 717 262 791 Ἀδὰμ.
301 723 618 794 ἐπωνυμίᾳ
648 726 949 794 σημαίνειν·
996 727 1076 778 ὅτι
1115 725 1177 796 δὴ
1227 726 1382 777 τοῦτο
1436 727 1512 796 τῷ
1554 744 1640 798 πρι

1791 731 1992 798 quique
2030 731 2084 785 in
2109 743 2351 787 ventrem
2396 749 2459 787 ac
2504 734 2829 802 voluptatem
2868 736 3020 803 proni
3051 744 3104 788 et
3131 737 3346 804 abjecti,

49 812 208 877 γόνῳ
269 815 388 866 καὶ
425 818 642 880 πάντων
694 815 988 885 ἀνθρώπιον
1018 819 1337 891 προπάτορι,
1380 820 1565 890 κύριον
1612 822 1640 874 ε

1758 817 1923 872 "nihil
1953 837 1983 875 a
2025 823 2198 877 brutis
2229 824 2595 879 animantibus
2627 825 2882 879 differunt
2913 846 2924 878 :
2953 842 3046 880 eos
3074 842 3200 880 vero
3238 828 3349 881 bel-

51 920 142 955 ναι
176 906 290 957 καὶ
325 909 625 975 προσφυὲς
657 907 846 977 ὄνομα,
897 910 986 960 τὸν
1031 911 1233 980 γηγενῆ
1291 911 1499 982 δηλοῦν,
1544 930 1640 964 κατ

1788 909 1906 963 luas
1933 911 2111 979 potius
2136 927 2297 981 quam
2338 913 2584 968 homines
2614 915 2963 984 appellandos
2995 914 3344 970 Hebraeorum

52 998 155 1064 τὴν
195 1000 291 1060 είς
343 998 586 1075 Ἐλλάδα
628 1001 809 1070 φωνὴν
848 1001 1165 1071 μετάληψιν,
1191 1003 1491 1072 ὑποφαίνει.
1526 1005 1640 1072 Ὅγ

1787 999 1979 1053 docent
2027 1000 2237 1064 litterae,
2288 1018 2407 1067 quae
2437 1019 2534 1057 suo
2559 1020 2830 1074 quamque
2872 1021 2984 1059 rem
3033 1022 3096 1060 ac
3128 1007 3346 1076 prOprio

57 1104 137 1139 τοι
188 1087 394 1151 Ἐνὼς
434 1073 645 1161 πρῶτος
671 1091 926 1158 θεοφιλῶν
986 1094 1113 1163 παρ’
1161 1093 1424 1163 Ἐὅραίοις
1473 1077 1640 1166 ἱστόρτ

1781 1090 2004 1144 nomine
2041 1092 2310 1159 appellare
2358 1094 2551 1148 solent.
2591 1094 2778 1163 Itaque
2810 1112 2981 1166 genus
3024 1097 3129 1150 hoc
3169 1097 3343 1150 homi-

60 1195 174 1239 ται,
210 1181 358 1232 ἐπεὶ
396 1181 616 1250 πρῶτος
664 1201 684 1232 ‹
712 1183 972 1235 Ἥλπισεν
1001 1185 1372 1237 ἐπικαλεῖσθαι
1428 1186 1486 1238 τὸ
1511 1186 1640 1256 ὄνομ

1783 1193 1936 1243 num,
1963 1182 2124 1235 modo
2151 1184 2309 1252 lupos
2341 1195 2399 1251 et,
2430 1201 2614 1251 canes,
2657 1188 2818 1241 modo
2854 1205 2979 1243 sues
3011 1184 3339 1258 quisquiliis,

59 1270 288 1338 Κυρίου
335 1271 449 1323 τοῦ
480 1271 637 1334 Θεοῦ,
675 1292 692 1323 ι
719 1272 776 1324 τὸ
803 1273 939 1326 κατὰ
967 1272 1142 1345 ψυχὴν
1169 1277 1435 1347 παριστὰς
1467 1278 1640 1346 λογικὲ

1782 1270 2073 1336 inhiantes,
2101 1276 2261 1326 modo
2293 1286 2566 1343 serpentes
2594 1277 2754 1329 etiam
2783 1288 2834 1331 et
2862 1295 3084 1347 angues,
3117 1295 3215 1347 pro
3250 1296 3340 1334 va-

61 1362 244 1424 ὖντως
280 1365 625 1431 γνωστικὸν,
677 1366 896 1436 καὶτῆς
941 1368 1068 1437 περὶ
1111 1368 1172 1420 τὸ
1199 1369 1352 1422 Θείον
1401 1373 1640 1425 εὐσεϐεία

1783 1363 1860 1414 ria
1893 1371 1945 1416 et
1994 1365 2278 1432 multiplici
2317 1367 2656 1434 geminorum
2702 1366 3050 1436 amniumque
3080 1370 3337 1424 vitiorum

63 1454 548 1526 ἐπιστημονικόν·
579 1450 651 1508 ὧν
675 1456 733 1507 τὸ
768 1455 865 1525 μὲν
922 1456 1135 1528 πρῶτον
1195 1458 1518 1527 θεογνωσίας
1549 1461 1640 1531 diu"

1782 1452 2010 1514 ratione,
2063 1470 2260 1538 vocare
2301 1468 2713 1511 consueverant.
2755 1457 3241 1526 Quemadmodum,
3289 1463 3334 1516 si

69 1543 235 1607 ϐοῦς,
272 1545 338 1596 τὸ
361 1545 426 1597 δὲ
452 1544 700 1615 δεύτερον
728 1544 825 1614 τῆς
853 1546 933 1608 εἰς
980 1547 1070 1600 τὸν
1111 1548 1509 1617 ἐπιγνωσθέντα
1545 1551 1640 1603 Θεδ

1782 1545 2000 1610 quando
2057 1546 2136 1597 vel
2198 1545 2469 1599 hominem
2517 1547 2570 1599 in
2617 1549 2978 1614 universum,
3033 1551 3117 1602 vel
3169 1567 3336 1620 genus

73 1633 308 1697 ἐλπίδος
337 1635 542 1703 γένοιτ’
574 1637 638 1689 ἂν
660 1637 1048 1691 ἀποδεικτικὸν.
1088 1637 1158 1692 Τὸ
1195 1639 1302 1710 γὰρ
1332 1640 1404 1711 μὴ
1428 1642 1640 1712 παραμέ

1782 1632 1958 1697 ipsum
1992 1632 2272 1687 hominum
2308 1635 2592 1702 designare
2636 1652 2771 1704 opus
2801 1648 2904 1703 est,
2942 1640 3160 1708 proprio
3192 1642 3333 1694 simi-

85 1743 220 1791 νειν,
257 1728 396 1796 μηδ’
421 1731 477 1782 ἐν
502 1729 734 1799 δευτέρῳ
755 1729 992 1782 τίθεσθαι
1043 1731 1109 1783 τὰ
1134 1731 1232 1800 τῆς
1265 1732 1411 1796 θείας
1441 1733 1640 1800 ἐπιγνώ

1778 1721 1901 1774 liter
1934 1732 1987 1776 et
2029 1713 2236 1788 innato,
2277 1726 2380 1778 hoc
2424 1736 2507 1779 est
2549 1726 2763 1790 Adami,
2796 1731 3013 1783 nomine
3049 1746 3236 1784 omnes
3263 1747 3328 1786 et

79 1836 243 1881 σεως,
276 1821 380 1872 ἀεὶ
411 1820 464 1872 δὲ
494 1822 586 1873 καὶ
610 1821 696 1873 διὰ
734 1822 932 1886 παντὸς
958 1822 1192 1886 ἐλπίζειν
1219 1824 1591 1877 ἐπικαλεῖσθαι
1612 1824 1672 1877 τὸ
1705 1800 1746 1858 Β
1774 1826 1928 1880 πί]υο
1954 1815 2279 1881 δίὲηίίίαωη·
2314 1815 2522 1885 Quippe
2555 1818 2605 1870 id
2636 1820 2777 1871 θηίιη
2823 1821 3088 1879 "ominis,
3108 1819 3251 1889 (Ιυοδ
3283 1824 3328 1876 εί

68 1910 254 1978 δνομα
281 1913 504 1981 Κυρίου
529 1912 622 1965 τοῦ
645 1913 799 1979 Θεοῦ,
825 1914 886 1966 τὺ
925 1916 1020 1983 μὲν
1041 1915 1114 1977 ὼς
1143 1915 1368 1969 οἰκετῶν
1392 1915 1640 1969 δεσπότου

1752 1903 1944 1958 Grzeee
1977 1904 2252 1969 reddatur,
2301 1918 2487 1959 natum
2531 1922 2594 1960 ex
2644 1917 2785 1962 terra
2829 1919 3004 1968 sonat.
3044 1912 3218 1978 primo
3253 1914 3326 1966 illi

74 2003 135 2053 τὸ
167 2003 213 2054 δ⁶
243 2003 325 2064 ὡς
361 2004 496 2056 ἵλεω
527 2005 620 2056 καὶ
676 2004 877 2072 ἀγαθοῦ
922 2006 1157 2075 Πατρὸς,
1217 2007 1360 2059 τοῦτ’
1390 2007 1455 2061 ἂν
1489 2007 1573 2079 εἴη
1611 2027 1640 2061 τ

1772 2003 2089 2048 cunctorum
2136 1995 2418 2049 hominum
2443 1999 2653 2065 parenti
2683 2001 2958 2067 proprium
2989 2010 3149 2069 atque
3176 2017 3205 2054 a
3238 2018 3329 2055 na-

77 2095 306 2147 πάντων
339 2097 742 2166 τρισμακάριον
768 2096 940 2160 τέλος.
982 2097 1194 2149 Τοιόσδε
1233 2097 1328 2167 μὲν
1371 2094 1461 2151 οῦν
1487 2103 1513 2152 ὁ
1543 2118 1640 2171 παε

1772 2091 1890 2137 tura
1930 2086 2045 2154 ipsa
2094 2087 2323 2140 inditum
2358 2088 2524 2141 fuisse
2566 2089 2777 2143 docent.
2817 2089 2960 2146 Enos
3000 2092 3161 2162 igitur
3209 2107 3328 2147 omo

87 2184 385 2256 Ἐδραίοις
418 2190 668 2258 εἰσῆκται
717 2186 952 2258 πρῶτος,
989 2189 1080 2240 καὶ
1108 2187 1314 2258 ἀληθὴς
1366 2179 1640 2259 ἄνθρωπος

1770 2180 1920 2230 nium
1972 2179 2268 2247 principem
2333 2179 2678 2235 Hebraeorum
2740 2183 2962 2236 historia
3021 2184 3204 2238 divino
3257 2184 3326 2239 ab

76 2276 177 2345 οὺχ
217 2280 249 2330 ὁ
287 2280 537 2349 γηγενὴς
589 2279 814 2350 ἐπίκλην
852 2280 1039 2350 Ἀδὰμ,
1069 2280 1134 2332 δι’
1163 2281 1380 2350 ἐντολῆς
1401 2281 1533 2332 Θεοῦ
1563 2297 1636 2333 πα

1769 2284 1953 2322 amore
1995 2273 2357 2337 commendat,
2400 2273 2546 2341 quod
2600 2291 2722 2328 eum
2765 2276 2990 2344 .primus
3041 2295 3060 2327 ‹
3092 2279 3327 2346 speravit

85 2367 322 2434 ράΰασιν
347 2369 450 2438 τῆς
482 2369 588 2420 τῶν
641 2371 961 2440 κρειττόνων
990 2371 1276 2425 ἀποπεσὼν
1301 2371 1522 2441 λήξεως·
1553 2372 1640 2424 ἀλ)

1768 2357 2019 2412 invocare
2060 2376 2256 2414 nomen
2296 2362 2509 2416 Domini
2551 2365 2668 2431 Dei,
2699 2384 2718 2416 ι
2766 2368 2820 2420 in
2852 2378 3004 2435 parte
3037 2369 3200 2422 animi
3235 2359 3323 2422 ra-

69 2461 104 2510 ὁ
133 2458 414 2537 θεοφιλῶν
435 2459 756 2530 πρώτιστος,
779 2460 1158 2523 δς-ΗΗλπισεν
1189 2463 1555 2515 ἐπικαλεῖσθαι
1607 2464 1640 2514 τῑ

1761 2449 1911 2502 tione
1930 2451 2150 2518 praedita
2178 2467 2284 2505 non
2310 2453 2470 2508 modo
2498 2470 2620 2508 vere
2641 2459 3018 2524 cognoscendi,
3043 2459 3135 2513 sed
3153 2452 3319 2513 etiam

75 2548 255 2616 ὄνομα
277 2551 492 2622 Κυρίου
524 2550 616 2603 τοῦ
644 2551 829 2604 Θεοῦ.)
862 2553 1156 2621 Κρίναντες
1187 2552 1250 2623 δὴ
1286 2554 1377 2606 καὶ
1401 2555 1551 2606 αὐτοὶ
1581 2555 1640 2606 λο

1766 2556 1886 2609 qua:
1922 2541 2088 2596 Deum
2122 2560 2287 2604 unum
2338 2547 2580 2600 intuetur
2612 2549 2886 2617 religionis
2922 2550 3229 2624 haurienda:
3259 2568 3322 2606 ac

73 2640 274 2709 γισμῴ
305 2631 560 2711 σώφρονι,
592 2643 652 2695 τὸ
681 2643 879 2696 τοιόνδε
915 2644 1106 2713 ζηλοῦν
1151 2647 1532 2724 ἠγαπήσαμεν.
1571 2646 1666 2699 καὶ

71 2729 497 2799 ἀπεδεξάμεθα,
521 2731 594 2794 ὡς
645 2731 891 2803 λυσιτελῆ
934 2733 1025 2784 καὶ
1069 2732 1476 2802 όφελιμωτάτην
1535 2735 1660 2802 ἡμῖν

73 2820 183 2885 τὴν
217 2820 322 2872 τοῦ
363 2821 514 2888 λόγου
539 2823 808 2893 διήγησιν,
845 2823 1006 2894 εὐχὴν
1061 2823 1273 2892 θέμενοι
1322 2825 1440 2876 κατ’
1474 2825 1560 2876 ἴσα
1592 2828 1656 2896 τῇ

74 2909 176 2963 τοῦ
207 2910 544 2982 δηλωθέντος
594 2914 761 2967 εἰκόνι
806 2915 866 2966 τὸ
911 2915 1079 2985 όνομα
1123 2914 1215 2968 τοῦ
1268 2916 1373 2994 τῶν
1408 2917 1659 2970 ἁπάντων

78 3004 439 3075 Δημιουργοῦ
463 3023 523 3058 τε
555 3007 648 3058 καὶ
675 3005 943 3058 Δεσπότου
981 3006 1117 3074 μετὰ
1152 3005 1370 3075 βεϐαίας
1406 3008 1498 3063 καὶ
1525 3009 1659 3075 ἀγα-

76 3094 182 3164 θῆς
207 3097 426 3160 ἐλπίδος
449 3098 834 3152 ἐπικαλεῖσθαι.
873 3095 1030 3150 Ἀλλὰ
1083 3099 1189 3168 γὰρ
1225 3098 1359 3168 μετὰ
1392 3099 1480 3150 τὸν
1503 3101 1653 3168 είρη-

1765 2634 2122 2701 percipiendae
2166 2637 2272 2689 vim
2309 2640 2597 2692 exeruerit.
2631 2639 2875 2704 Quorum
2919 2640 3144 2694 alterum
3181 2658 3322 2696 verae

1765 2720 1857 2774 Dei
1885 2725 2106 2791 notitia},
2142 2728 2367 2781 alterum
2411 2731 2547 2798 spei,
2588 2747 2707 2800 quae
2737 2732 2786 2784 in
2822 2729 2928 2787 Deo
2971 2734 3070 2786 rite
3102 2736 3320 2804 cognito

1764 2813 2114 2880 acquiescat,
2165 2825 2372 2869 certum
2428 2833 2492 2872 ac
2541 2820 2886 2887 perspicuum
2941 2834 3316 2892 argumentum

1762 2911 1863 2957 est.
1901 2903 2187 2974 Nunquam
2227 2908 2368 2960 enim
2402 2925 2521 2977 qua:
2567 2911 2802 2964 divinam
2853 2913 2918 2965 ad
2953 2914 3316 2981 cognitionem

1756 2997 2053 3064 pertinent,
2083 3007 2176 3050 aut
2209 2999 2476 3068 negligere
2516 3002 2748 3069 penitus,
2782 3013 2875 3056 aut
2911 3004 3017 3056 ulla
3050 3019 3107 3058 re
3139 3013 3322 3073 poste-’

1763 3087 1905 3140 riora
1933 3087 2152 3150 dueere,
2190 3089 2282 3144 sed
2314 3091 2491 3158 potius
2517 3088 2571 3144 in
2609 3091 2818 3146 Domini
2850 3092 2963 3160 Dei,
2991 3095 3150 3148 modo
3195 3103 3315 3149 tan-

84 3157 250 3254 μένον
278 3157 436 3249 ἄλλος
476 3207 496 3240 ι
532 3189 862 3259 εὐηρέστησε
889 3188 966 3258 τῷ
996 3157 1200 3258 Κυρίώ,
1225 3157 1332 3240 ’καὶ
1384 3189 1479 3256 οὺχ

1759 3171 1920 3243 quam
1976 3193 2255 3232 servorum
2308 3181 2534 3246 domini,
2589 3182 2751 3235 modo
2810 3193 3064 3252 tanquam
3120 3186 3310 3252 optimi

84 3290 300 3339 σκετο,ι
340 3276 414 3340 ῶς
439 3296 570 3348 φησι
609 3281 862 3348 Μωῦσῆς,
899 3298 916 3329 ι
943 3278 1074 3330 διότι
1107 3278 1406 3349 μετέθηκεν
1437 3280 1596 3331 αὑτὸν
1626 3282 1653 3332 ό

83 3365 214 3429 Θεὸς
239 3386 258 3418 ι
287 3368 355 3419 δι’
382 3369 556 3439 ἄκραν
584 3371 778 3440 αρετῆς
831 3369 1124 3443 τελείωσιν.
1173 3369 1498 3440 Δυσεύρετος
1543 3371 1650 3443 γὰρ

93 3456 122 3506 δ
151 3473 230 3526 γε,
253 3459 412 3526 σοφὸς
441 3458 672 3528 ἀληθῶς.
704 3454 869 3523 Οὗτος
901 3462 946 3512 δ’
976 3449 1040 3528 ἅν
1067 3465 1148 3531 εἴη
1174 3463 1201 3512 ό
1233 3464 1289 3514 ἐν
1315 3461 1389 3531 τῷ
1422 3462 1539 3532 Θεῴ
1563 3463 1649 3515 τέ-

89 3545 247 3611 λειος,
277 3552 302 3602 ό
329 3550 428 3619 τῆς
456 3549 562 3602 τῶν
613 3549 834 3602 πολλῶν·
865 3550 1144 3622 διατριϐῆς
1182 3551 1644 3622 μετατεθειμένος.

101 3637 158 3688 ’0
187 3638 296 3710 γὰρ
330 3641 404 3711 μὴ
435 3641 692 3703 τοιοῦτος,
725 3632 947 3710 ἀγορὰςξ
988 3642 1080 3692 καὶ
1106 3643 1646 3714 δικαστήρια,’καπη-

84 3726 231 3792 λείας
249 3749 311 3783 τε
359 3735 452 3785 καὶ
486 3715 772 3803 ἐμπορίας,
805 3734 901 3786 καὶ
953 3733 1042 3785 τὸν
1074 3733 1238 3788 πολὺν
1271 3736 1424 3805 ὄχλον
1485 3755 1648 3808 μετα-

83 3818 318 3884 διώκων,
353 3823 650 3892 ώθούμενός
699 3840 758 3874 τε
807 3825 899 3888 καὶ
951 3823 1126 3884 ὠθῶν,
1178 3827 1337 3894 μέσος
1386 3830 1443 3880 ἐν
1499 3829 1647 3900 αὑτῷ

86 3909 290 3970 κακίας
318 3910 458 3980 βυθῷ
489 3913 858 3965 καταπίνεται.
908 3913 964 3964 '0
997 3912 1039 3964 δ’
1072 3914 1175 3965 ὑπὸ
1235 3915 1366 3967 Θεοῦ
1401 3917 1644 3988 ληφθεὶς,

84 3998 180 4048 καὶ
207 3999 319 4051 τῶν
351 4002 469 4071 τῇδε
500 4005 672 4055 ἐκεῖσε
709 4004 1170 4073 μετατεθειμένος,
1202 4006 1408 4078 ἀφανὴς
1434 4009 1529 4077 μὲν
1554 4010 1645 4061 καὶ

84 4087 377 4157 ἀνεύρετος
419 4090 734 4162 ἀνθρώποις,
784 4091 901 4162 Θεῷ
926 4093 981 4145 δὲ
1029 4094 1178 4160 φίλος
1231 4095 1484 4162 γεγονὼς,
1543 4098 1644 4150 ὑπὸ

86 4176 217 4228 Θεοῦ
242 4180 673 4250 εὓρηται’τοῦτον
716 4185 881 4256 Ἑνὼχ
921 4187 1189 4259 Ἑϐραίοις
1241 4188 1521 4258 ὀνομάζειν
1551 4192 1636 4257 φί-

90 4265 196 4318 λον.
221 4271 389 4340 Χάριν
411 4271 466 4324 δὲ
497 4273 630 4326 Θεοῦ
666 4276 915 4346 σημαίνοι
949 4277 1013 4330 ἂν
1047 4278 1294 4347 τοῦνομα.
1349 4279 1453 4331 Καὶ
1511 4283 1640 4334 ταύ-

88 4372 185 4425 της
212 4361 492 4431 τοιγαροῦν
531 4365 608 4427 ὡς
636 4367 844 4437 ἀγαθῆς
885 4371 1088 4430 εἰκόνος
1142 4367 1230 4420 τὸν
1277 4368 1386 4436 βίον
1426 4370 1636 4440 ζηλοῦν,

1756 3268 2176 3338 suavissimique
2216 3273 2456 3337 parentis
2504 3272 2844 3340 imploranda
2889 3275 3123 3340 nomine,
3157 3290 3307 3344 spem

1754 3373 1971 3411 omnem
2025 3360 2223 3413 habere
2261 3373 2627 3431 perpetuoque
2672 3366 2922 3430 detixam,
2960 3366 3011 3419 id
3059 3381 3186 3421 vero
3228 3376 3310 3423 ter

1754 3449 1942 3504 beatus
1968 3453 2274 3505 mortalium
2311 3454 2553 3507 omnium
2588 3455 2709 3509 ﬁnis
2739 3457 2861 3524 jure
2892 3473 2956 3511 ac
2984 3459 3173 3513 merito
3210 3460 3309 3515 ha-

1751 3541 1961 3598 beatur.
1999 3543 2275 3612 Ejusmodi
2311 3561 2440 3616 ergo
2477 3547 2708 3615 primum
2734 3563 2854 3601 esse
2890 3565 3179 3618 verumque
3214 3551 3309 3605 ho-

1750 3630 2203 3688 minem‘Hebraai
2261 3644 2602 3700 statuerunt,
2651 3649 2759 3688 non
2810 3636 3035 3690 alterum
3082 3639 3232 3691 illum
3274 3653 3311 3692 e

1750 3715 1890 3775 terra
1935 3732 2143 3786 natum,
2195 3740 2352 3791 quem
2395 3725 2659 3777 Adamum
2720 3734 2934 3787 vocant,
2985 3726 3075 3792 qui
3120 3727 3300 3780 divina

1747 3812 1862 3881 lege
1919 3812 2137 3877 violata,
2190 3814 2514 3866 eximiorum
2567 3829 2630 3866 ac
2685 3814 2982 3868 ecelestium
3035 3815 3297 3868 bonorum

1746 3903 2092 3971 possessione
2130 3904 2435 3968 exciderat;
2481 3903 2571 3956 sed
2605 3918 2728 3956 eum
2760 3905 2959 3970 potius,
2993 3905 3084 3972 qui
3115 3904 3295 3956 divino

1745 4003 1867 4046 ante
1906 3994 2039 4046 alios
2067 4008 2255 4047 omnes
2280 4008 2464 4046 amore
2498 4007 2816 4056 succensus,
2845 3993 3007 4062 308
3032 4011 3049 4042 ι
3080 3990 3292 4047 Domini

1744 4082 1835 4135 Dei
1874 4097 2067 4134 nomen
2115 4083 2365 4136 invocare
2404 4090 2731 4150 speraverat.
2763 4100 2781 4132 ›
2824 4081 3081 4136 Eumdem
3114 4083 3295 4152 itaque

1743 4173 1898 4225 nobis
1939 4173 2256 4224 imitandum
2291 4187 2424 4226 sano
2460 4174 2777 4242 integroque
2813 4173 3018 4241 judicio
3052 4182 3292 4228 statuen-

1739 4246 1821 4316 tes
1866 4262 1965 4329 ipsi
1995 4276 2239 4329 quoque;
2276 4262 2351 4314 rei
2396 4261 2558 4330 hujus
2608 4262 2910 4324 historiam,
2951 4270 3010 4314 ut
3051 4264 3290 4332 apprime

1741 4354 1896 4406 nobis
1933 4353 2138 4417 utilem,
2190 4355 2336 4406 omni
2371 4354 2549 4406 studio
2579 4353 2861 4421 complexi,
2897 4353 2999 4407 hoc
3044 4354 3203 4407 simul
3233 4355 3284 4406 in

86 4450 349 4521 μακάριον
389 4449 526 4506 εἶναι
577 4456 919 4526 ἡγησάμεθα.
984 4460 1174 4529 Τρίτος
1227 4459 1364 4528 μετὰ
1417 4461 1633 4525 τούτους

1741 4444 1878 4497 votis
1910 4443 2220 4505 habuimus,
2252 4451 2310 4495 ut
2356 4444 2486 4495 tanti
2523 4443 2619 4496 viri
2665 4445 2930 4510 exemplo,
2963 4445 3158 4499 summi
3201 4459 3286 4495 re-

81 4545 234 4598 πάλιν
257 4547 416 4610 ἄλλος
445 4549 724 4618 ἄνθρωπος
778 4551 980 4615 δίκαιος
1042 4552 1314 4623 πεφηνὼς,
1341 4555 1369 4604 ό
1402 4553 1543 4615 Νῶε,
1577 4557 1632 4607 ἐν

80 4639 141 4708 τῇ
168 4641 332 4708 γενεᾷ
358 4639 518 4692 αὑτοῦ
548 4641 978 4713 μεμαρτύρηται.
1012 4645 1293 4715 Τεκμήρια
1325 4644 1378 4695 δὲ
1411 4643 1503 4696 καὶ
1536 4645 1632 4713 τῆς

78 4727 257 4782 τούτου
289 4730 630 4802 δικαιοσύνης
659 4730 743 4801 είη
797 4730 864 4783 ἂν
890 4732 1034 4786 τάδε.
1079 4735 1249 4797 Πολὺς
1278 4735 1481 4805 αὐχμὸς
1538 4735 1630 4787 καὶ

78 4817 284 4887 γνόφος.
307 4820 534 4873 ἀλέκτου
552 4821 757 4884 ’κακίας
785 4822 846 4873 τὸ
880 4823 1092 4877 πάντων
1119 4824 1416 4895 ἀνθρώπιον
1445 4842 1628 4877 κατει-

75 4905 222 4977 λήφει
247 4912 426 4980 γένος·
456 4913 507 4964 οῖ
554 4929 612 4965 τε
658 4913 874 4966 πάντων
904 4913 1006 4965 ἀνὰ
1046 4916 1216 4986 στόμα
1249 4915 1627 4985 θρυλλούμενοι

73 4999 322 5067 γίγαντες
352 5003 451 5064 τὰς
497 5007 574 5067 είς
605 5004 762 5076 δεῦρο
810 5001 1080 5075 βοωμένας
1113 5005 1402 5076 θεομαχίας
1450 5007 1626 5070 ἀθέοις

75 5091 162 5144 καὶ
179 5092 495 5146 δυσσεϐέσιν
532 5096 918 5168 ἐγχειρήμασιν
965 5097 1374 5165 ἀπειργάζοντο·
1412 5097 1508 5169 ἥδη
1565 5099 1623 5151 δέ

76 5180 160 5232 καὶ
182 5181 230 5232 σί
259 5179 366 5249 τῆς
399 5180 598 5234 τούτων
625 5185 885 5250 γενέσεως
905 5186 1083 5249 αἴτιοι,
1119 5184 1225 5237 εἴτε
1269 5187 1409 5250 τινὸς
1447 5187 1623 5255 κρείτ-

76 5286 210 5334 τονος
233 5271 453 5343 μοίρας,
478 5271 510 5341 ἢ
541 5274 682 5327 κατὰ
705 5274 906 5346 θνητῶν
933 5269 1110 5346 φύσιν,
1141 5270 1495 5349 ὑπάρξαντες,
1525 5278 1620 5331 εἴθ’

73 5360 315 5414 ὁπωσοῦν
339 5366 841 5433 κατεσκευασμένοι,
859 5369 968 5429 τοϊς
989 5369 1043 5418 ἐν
1062 5366 1376 5436 ἀνθρώποις
1403 5370 1616 5440 περιέρ-

77 5464 161 5515 γου
186 5451 530 5514 διδασκαλίας
555 5452 908 5524 ἀπάρξαντες,
943 5455 1191 5527 γοητείας
1216 5457 1307 5509 καὶ
1333 5457 1431 5526 τῆς
1455 5457 1619 5525 ἄλλης

1738 4550 1856 4587 rum
1893 4536 2134 4588 omnium
2165 4533 2382 4603 Opiﬁeis
2415 4533 2734 4601 Dominique
2771 4550 2988 4596 nomen,
3020 4534 3280 4588 constanti

1701 4625 1704 4630 ⁷
1734 4625 1966 4692 quadam
2030 4627 2350 4694 egregiaque
2385 4637 2477 4691 spe
2514 4624 2801 4690 implorare
2839 4626 3127 4691 possimus.
3165 4622 3280 4675 Jam

1733 4729 1862 4769 vero
1901 4717 2195 4771 secundum
2230 4714 2392 4777 Enos,
2461 4713 2598 4766 alius
2631 4712 2848 4779 quidam
2889 4732 2906 4762 ι
2937 4713 3281 4780 placuit-Do-

1731 4806 1900 4873 mino,
1927 4816 1982 4860 et
2008 4821 2112 4859 non
2147 4806 2395 4857 inventus
2409 4801 2776 4869 est,iut_idem
2808 4799 3014 4870 Moyses
3044 4817 3279 4856 comme-

1733 4891 2177 4961 moral”,tquia
2199 4892 2469 4947 transtulit
2488 4905 2610 4947 eum
2653 4890 2792 4947 Deus
2823 4909 2840 4941 ι
2893 4892 2962 4945 ob
3009 4907 3276 4946 summam

1689 5025 1697 5032 .
1732 4987 1946 5041 virtutis
1991 4984 2108 5051 ejus
2158 4984 2564 5052 perfectionem.
2606 4979 2768 5035 Plane
2809 4982 2975 5045 enim,
3013 4983 3106 5050 qui
3151 4997 3277 5036 vero

1729 5082 1922 5149 sapiat,
1951 5093 2091 5147 aagre
2122 5079 2409 5132 admodum
2443 5077 2676 5146 aliquem
2712 5077 2967 5146 reperias.
2999 5075 3288 5146 Ejusmodi

1723 5181 1903 5225 autem
1934 5172 1978 5223 is
2007 5169 2222 5223 demum
2257 5177 2361 5230 est,
2404 5169 2495 5238 qui
2525 5185 2621 5222 sua
2655 5183 2776 5222 cum
2810 5168 2918 5223 Deo
2947 5167 3272 5239 perfectione

1724 5261 2068 5329 conjunetus,
2119 5274 2185 5312 ex
2232 5259 2509 5312 hominum
2565 5277 2684 5315 sese
2736 5277 2837 5317 usu
2893 5257 3272 5326 consortioque

1724 5349 2055 5405 subduxerit.
2083 5349 2342 5418 Quisquis
2371 5349 2513 5402 enim
2541 5351 2684 5405 aliud
2709 5351 2991 5405 consilium
3027 5355 3264 5411 secutus,

1723 5440 1778 5493 in
1815 5439 1951 5502 fora,
1986 5439 2291 5503 tribunalia,
2325 5453 2619 5507 cauponas,
2665 5442 2952 5501 nundinas,
3003 5447 3161 5505 atque
3210 5437 3264 5490 in

77 5543 405 5616 κακοτρόπου
437 5545 761 5612 μαγγανείας
797 5547 1193 5619 ἐπιτεχνήματα
1231 5547 1470 5616 λέγονται
1510 5564 1614 5602 πα-

1741 5531 1996 5603 nominum
2030 5528 2220 5598 vulgus
2263 5545 2379 5584 sese
2406 5532 2512 5597 dat,
2542 5532 2585 5586 is
2611 5532 2736 5586 dum
2771 5531 2821 5582 in
2857 5528 3012 5581 turba
3054 5528 3156 5582 huc
3194 5527 3266 5582 il-

139 5716 182 5748 “
202 5718 342 5774 Gen.
367 5733 418 5781 γ,
443 5716 532 5772 2t.

382 5827 570 5890 Pan.
618 5825 733 5887 Gn.
765 5827 927 5890 XXI.

2829 5834 2900 5890 1⁵1
