3976 6340
700 511 800 566 523

1356 508 1622 563 EUSEBII
1661 506 2133 561 C/ESARIENSIS
2172 506 2318 560 OPP.
2361 505 2543 560 PARS
2576 504 2638 559 ll.
2677 537 2743 546 —
2780 504 3273 562 APOLOGETICA.

3811 505 3904 563 594

697 629 887 697 lncquc
908 626 1292 692 jactatur,-alto
1319 626 1677 693 improbitatis
1703 625 1910 695 gurgite
1937 632 2083 678 totus
2110 625 2212 676 hau

2314 622 2596 695 _pa605vat
2622 622 2699 692 τῷ
2752 622 2870 692 βίῳ·
2922 624 3061 676 ὥστε
3114 624 3220 674 πᾶν
3265 622 3326 675 τὸ
3371 621 3709 693 ἀνθρώπειον
3758 622 3902 691 γένος

696 724 851 776 ritur.
894 721 1081 789 Atqui
1122 720 1298 773 divina
1340 719 1493 791 quasi
1544 732 1705 769 manu
1757 718 2075 783 subductus,
2124 727 2175 769 et
2211 732 2239 769 a

693 814 852 867 ﬂuxis
878 813 1199 879 caducisque
1228 810 1387 863 rebus
1419 810 1483 861 ad
1526 808 1823 863 cmlestium
1869 822 2105 860 amorem
2132 816 2256 871 tra-,

692 906 883 957 ductus
907 913 1019 965 est;
1055 912 1113 956 ut
1143 903 1210 954 ab
1238 900 1546 953 hominibus
1571 899 1738 951 videri
1768 914 1830 952 ac
1874 898 2095 967 reperiri
2130 914 2239 951 non
2298 966 2301 969 ἢ

692 997 881 1065 possit,
909 1011 937 1047 a
976 993 1083 1047 Deo
1119 1004 1318 1049 tamen.
1351 992 1505 1059 cujus
1551 991 1601 1042 in
1648 991 1941 1044 amicitiam
1973 991 2238 1043 transcri-

692 1096 813 1153 ptus
848 1093 949 1146 est,
996 1082 1278 1135 invenitur.
1313 1078 1445 1131 Eum
1488 1095 1649 1147 porro
1692 1080 1866 1132 virum
1900 1077 2085 1133 Enoch
2139 1095 2235 1148 ap-

691 1178 887 1245 pellare
915 1173 1115 1227 Hebrtei
1153 1174 1344 1237 solent,
1376 1188 1495 1241 quae
1523 1188 1623 1223 vox
1654 1172 1890 1224 divinam
1928 1180 2084 1224 sonat
2112 1188 2233 1239 gra-

690 1270 839 1322 tiam.
870 1266 975 1319 Nos
1004 1275 1183 1320 autem
1219 1265 1380 1334 hujus
1412 1279 1626 1333 quoque
1654 1266 1842 1327 vitam,
1877 1272 1935 1317 ut
1966 1265 2233 1317 excellen-

688 1371 793 1412 tem
824 1358 1036 1410 virtutis
1078 1356 1362 1425 imaginem
1410 1354 1821 1408 consectandam
1875 1352 2032 1407 nobis
2063 1368 2233 1405 aemu-

689 1451 1010 1516 lamlamque
1076 1446 1401 1515 putavimus.
1474 1443 1691 1499 Exstitit
1748 1444 1940 1498 deinde
2002 1444 2231 1506 tertius,

687 1556 843 1607 quem
899 1540 995 1592 «in
1049 1552 1145 1591 sua
1191 1537 1531 1606 generatione
1564 1556 1581 1587 ι
1642 1537 1950 1605 tequitatem
1998 1537 2232 1589 coluisse

686 1632 962 1701 Scriptura
992 1637 1238 1681 testatur.
1272 1626 1391 1679 Fuit
1434 1628 1480 1680 is
1516 1625 1775 1689 Noemus,
1808 1627 1965 1695 cujus
2010 1626 2230 1695 integri-

686 1722 781 1773 tati
813 1735 1040 1788 sequens
1068 1726 1439 1787 argumentum
1470 1718 1679 1787 egregie
1704 1716 2048 1787 suffragatur.
2077 1718 2229 1771 Altus

685 1813 901 1880 quidam
949 1810 1167 1863 sceleris
1209 1809 1412 1862 infandi
1453 1810 1671 1877 squalor
1712 1817 1765 1863 et
1813 1810 2004 1878 caligo,
2054 1808 2229 1861 homio

686 1918 813 1955 num
866 1916 1034 1971 genus
1098 1910 1386 1969 occuparat
1433 1898 2062 1969 uiiiversuszigantes
2108 1914 2226 1952 om-

2348 717 2475 783 μιᾶς
2500 714 2600 766 ὑπὸ
2622 715 2800 783 ψῆφον
2838 713 3087 781 γενέσθαι
3123 716 3269 785 παρὰ
3309 714 3424 783 Θεῷ
3452 715 3624 785 δίκης.
3675 717 3791 769 Καὶ
3847 716 3900 788 δὴ

2345 807 2554 859 πάντων
2584 808 2660 858 ἐνὶ
2693 805 2915 875 νεύματι
2945 806 3343 877 διαφθείρεσθαι
3391 808 3713 876 μελλόντων,
3752 809 3899 878 μόνος
3952 818 3961 859 1

2343 894 2421 959 εἷς
2454 890 2606 959 οὗτος
2636 899 2664 949 ό
2688 897 2782 949 νῦν
2808 897 2935 967 ἡμῖν
2962 896 3281 967 δηλούμενος
3308 917 3326 948 ι
3358 897 3564 961 δίκαιος
3610 901 3670 952 ὲν
3718 903 3793 969 τῇ
3824 917 3901 967 γει·
3956 906 3961 969 j

2341 991 2433 1057 νεᾷ
2456 988 2616 1041 αὑτοῦ
2651 989 2746 1040 σὺν
2771 990 2867 1042 καὶ
2918 989 3029 1052 τοῖς
3081 991 3298 1052 οἰκείοις
3344 990 3626 1061 εὓρηται.»
3683 992 3900 1044 Πάντων

2340 1080 2477 1149 δῆτα
2502 1081 2608 1133 τῶν
2643 1082 2734 1133 ἐπὶ
2756 1081 2859 1150 γῆς
2887 1082 3253 1152 κατακλυσμῷ
3277 1082 3653 1152 διολλυμένων,
3684 1085 3785 1135 καὶ
3812 1083 3899 1152 τῆς

2339 1170 2441 1237 γῆς
2469 1171 2636 1239 αὐτῆς
2663 1172 2867 1223 ὑδάτων
2924 1171 3093 1242 ἀθρόᾳ
3143 1172 3443 1245 πλημμύρᾳ
3478 1174 3586 1226 τῶν
3622 1176 3894 1245 προτέρω

2337 1260 2519 1312 κακῶν
2551 1261 3078 1331 ἀποκαθαιρομένης,
3108 1264 3135 1313 ὁ
3162 1261 3409 1333 θεοφιλὴς
3434 1264 3529 1317 σὺν
3565 1265 3762 1317 παισὶν
3794 1266 3891 1335 ἅμα
3970 1292 3973 1333 ς

2334 1353 2426 1404 καὶ
2448 1352 2658 1420 γυναιξὶ
2681 1351 2759 1423 τῷ
2791 1352 2929 1423 μετὰ
2952 1354 3121 1407 ταῦτα
3143 1353 3242 1423 βίῳ
3268 1354 3514 1425 ζὼπυρον
3542 1356 3774 1426 σπέρμα
3799 1373 3879 1409 πε-

2337 1444 2681 1514 ραδοξότατον
2708 1445 2841 1517 πρὸς
2865 1444 2958 1498 τοῦ
2985 1445 3119 1499 Θεοῦ
3166 1449 3478 1517 τετήρηται.
3514 1447 3733 1501 Γένοιτο
3761 1450 3808 1501 δ’
3832 1450 3877 1501 ἂν

2332 1534 2423 1586 καὶ
2453 1529 2606 1597 οὗτος
2634 1536 2935 1605 ἀρχέτυπος
2959 1536 3139 1599 είκὼν,
3173 1537 3321 1601 ζῶσα
3353 1538 3445 1590 καὶ
3477 1538 3742 1608 ἔμψυχος,
3792 1541 3882 1601 τοῖς

2331 1624 2389 1687 ἐξ
2417 1625 2578 1678 αὑτοῦ
2603 1629 2981 1698 γεγενημένοις
3014 1628 3310 1699 ὑπόδειγμα
3362 1630 3561 1699 τρόπου
3617 1631 3885 1699 θεοφιλοῦς

2330 1716 2757 1786 παρεσχημένος.
2794 1719 2900 1771 Καὶ
2955 1719 3004 1769 οί
3040 1719 3136 1788 μὲν
3198 1719 3303 1789 πρὸ
3354 1720 3447 1772 τοῦ
3506 1721 3884 1792 κατακλυσμοῦ

2327 1807 2536 1858 τοιοίδε·
2568 1806 2699 1859 οίδὲ
2730 1806 2868 1877 μετὰ
2901 1808 3089 1861 τοῦτον
3140 1811 3225 1861 ἐπ’
3277 1811 3523 1883 εὐσεϐείᾳ
3570 1813 3884 1883 διαπρεπεῖς

2327 1893 2472 1947 ἄλλοι
2495 1894 2675 1957 πάλιν,
2708 1889 2783 1947 ὧν
2813 1896 2910 1967 τὴν
2939 1897 3157 1968 μνήμην
3182 1899 3249 1951 τὰ
3283 1899 3401 1970 ίερὰ
3429 1900 3667 1964 διασώζει
3694 1903 3863 1970 λόγια.

682 1994 831 2045 nium
862 2008 955 2047 ore
979 1993 1187 2061 jactati,
1218 1993 1383 2062 impio
1412 1992 1779 2059 sacrilegoqne
1820 2005 1978 2053 ausu,
2012 2004 2074 2044 ea
2103 2006 2215 2059 quae

2324 1984 2537 2037 Τούτων
2556 2003 2638 2048 τις
2674 1986 2848 2057 ίερεὺς
2872 1966 3157 2059 ἀνείρηται
3186 1990 3278 2042 τοῦ
3306 1966 3527 2059 ὑψίστου
3572 1992 3721 2057 Θεοῦ,
3760 1966 3867 2057 ,βα-

682 2085 787 2139 huc
822 2100 991 2154 usque
1022 2101 1179 2138 nemo
1204 2101 1310 2138 non
1352 2084 1608 2152 loquitur,
1641 2097 1764 2136 cum
1799 2082 1908 2135 Deo
1931 2082 2069 2135 bella
2104 2098 2226 2138 sus-

688 2184 940 2244 ceperant
971 2195 983 2230 :
1015 2176 1126 2245 jam
1167 2177 1382 2229 illorum
1428 2175 1589 2228 etiam
1623 2182 1911 2242 parentes,
1959 2188 2054 2226 seu
2089 2187 2224 2227 con-

678 2266 899 2320 ditionis
963 2266 1245 2335 cujusdam
1308 2265 1614 2319 mortalium
1684 2272 1875 2317 natura
1931 2264 2223 2332 superioris

676 2367 850 2421 erant,
885 2373 977 2411 seu
1005 2373 1325 2427 quacunque
1358 2356 1571 2410 tandem
1608 2356 1816 2410 ratione
1841 2355 1965 2420 sati,
1994 2357 2223 2409 curiosa:

678 2448 811 2501 artis
848 2448 1050 2500 semina
1096 2447 1235 2499 inter
1277 2446 1520 2499 homines
1545 2446 1809 2514 jecerant.
1864 2455 2025 2515 atque
2063 2461 2222 2500 omne

579 2597 583 2601 ,
675 2538 1060 2607 ρτωειίεἰπυπι
1094 2536 1583 2605 maleﬁciorumque
1611 2552 1781 2606 genus
1816 2536 1869 2589 in
1908 2552 2093 2590 eorum
2127 2553 2219 2590 so-

675 2631 916 2683 cietatem
951 2623 1279 2683 invexerant.
1308 2626 1382 2681 Ita
1414 2628 1675 2696 quidquid
1704 2628 1903 2696 ubique
1939 2629 2218 2683 hominum

674 2731 811 2785 erat,
851 2736 973 2773 cum
1013 2721 1198 2773 eadem
1228 2735 1257 2771 a
1290 2717 1398 2772 Deo
1430 2719 1691 2772 sententia
1738 2719 2102 2773 damnandum
2132 2735 2221 2773 es-

673 2820 772 2871 set.
798 2811 1017 2880 jamque
1040 2811 1177 2863 idem
1205 2811 1400 2879 pariter
1423 2809 1675 2863 omnibus
1705 2824 1919 2878 unoque
1945 2820 2217 2865 momento

671 2902 896 2955 exitium
931 2901 1274 2953 immineret:
1304 2915 1446 2953 unus
1485 2900 1571 2953 ille
1600 2915 1723 2953 cum
1752 2901 1889 2968 suis,
1922 2902 2101 2970 quode
2138 2903 2219 2958 lo-

669 2993 909 3061 quimur,
952 3010 970 3041 ι
990 2991 1170 3061 justus
1203 2991 1256 3043 in
1286 2992 1631 3061 generatione
1664 2995 2036 3061 sua'repertus
2063 3001 2164 3048 est.
2189 3013 2209 3045 ι

670 3083 894 3137 Cunctis
924 3096 1070 3152 ergo,
1109 3098 1231 3152 quae
1257 3091 1521 3135 terrarum
1555 3081 1761 3136 ambitu
1798 3083 2217 3137 continebantur

668 3173 870 3226 diluvio
908 3172 1138 3235 haustis,
1172 3173 1396 3239 ipsaque
1438 3173 1571 3225 adeo
1606 3180 1745 3226 terra
1788 3174 2011 3226 immani
2042 3172 2214 3243 aqua-

2323 2075 2526 2140 σιλεὺς
2550 2073 2774 2140 δίκαιος
2800 2080 2864 2147 τῇ
2882 2078 3141 2148 Ἑϐραίων
3162 2081 3515 2153 «pacm-{0mg
3524 2084 3875 2153 χρηματίσας.

2324 2166 2543 2229 Τούτοις
2575 2166 2639 2239 δὴ
2662 2169 2825 2221 πᾶσιν
2845 2170 2965 2222 οὐδὲ
2992 2150 3352 2243 εἷςθσὼματος
3732 2175 3879 2243 λόγος

2321 2251 2409 2327 ἦν,
2440 2257 2552 2309 ἀλλ’
2582 2258 2701 2311 οὐδὲ
2720 2258 2827 2313 τῶν
2857 2260 3133 2326 Μωῦσέως
3167 2264 3472 2319 Ἰουδαϊκῶν
3492 2268 3879 2338 παραγγελμά-

2321 2365 2447 2401 των.
2498 2349 2693 2420 Διόπερ
2749 2351 2946 2413 αὐτοὺς
2978 2351 3100 2405 οὐδὲ
3141 2353 3422 2416 Ἰουδαίους
3461 2356 3621 2423 φάναι
3654 2358 3877 2424 δίκαιον,

2320 2440 2440 2492 οὐδέ
2458 2457 2534 2508 γε
2567 2441 2851 2512 Ἕλληνας,
2899 2442 2981 2496 ὅτι
3042 2444 3174 2516 μηδὲ
3233 2446 3448 2509 πλείους
3505 2447 3660 2511 θεοὺς
3686 2450 3878 2518 ὁμοίως

2326 2530 2577 2601 Ἕλλησιν
2606 2532 2638 2601 ἢ
2663 2535 2775 2596 τοῖς
2799 2533 3001 2595 λοιποῖς
3031 2535 3236 2589 ἔθνεσιν
3257 2538 3502 2608 ἡγοῦντο.
3535 2538 3775 2609 Ἑϐραῖοι
3826 2542 3866 2592 δ’

2320 2620 2386 2673 ἂν
2411 2622 2740 2693 κυριώτερον
2761 2624 3121 2695 ὲπικληθεῖεν,
3151 2628 3266 2698 ἦτοι
3299 2629 3448 2700 παρὰ
3481 2629 3570 2681 τὸν
3598 2629 3791 2702 Ἔϐερ,
3835 2632 3866 2701 ἢ

2318 2714 2627 2783 καὶμᾶλλον
2662 2715 2810 2786 παρὰ
2852 2716 2947 2788 τὴν
2999 2719 3285 2789 ἑρμηνείαν
3334 2720 3435 2790 τῆς
3486 2723 3868 2793 προσηγορίας.

2316 2806 2607 2875 Περατικοὶ
2626 2806 2733 2878 γάρ
2752 2824 2893 2870 τινες
2923 2810 3330 2879 ἑρμηνεύονται,
3364 2815 3459 2883 τὴν
3482 2814 3588 2867 ἀπὸ
3617 2815 3730 2868 τῶν
3752 2816 3872 2885 τῇδε

2315 2894 2407 2946 ἐπὶ
2436 2894 2532 2965 τὴν
2553 2896 2643 2949 τοῦ
2672 2897 2777 2951 τῶν
2799 2899 2934 2951 ὅλων
2987 2900 3121 2953 Θεοῦ
3150 2901 3397 2955 διάϐασίν
3430 2921 3488 2956 τε
3528 2906 3622 2959 καὶ
3648 2905 3876 2977 θεωρίαν

2317 2986 2671 3058 στειλάμενοι.
2704 2990 2953 3054 Φυσικοῖς
2984 2990 3092 3064 γάρ
3117 3010 3197 3047 τοι
3229 2995 3525 3065 λογισμοῖς,
3571 2996 3667 3049 καὶ
3693 2998 3877 3068 νόμοις

2314 3075 2598 3147 ἀγράφοις,
2622 3078 2721 3148 τὴν
2770 3079 2934 3151 ὀρθὴν
2988 3082 3088 3151 τῆς
3119 3083 3320 3157 ἀρετῆς
3366 3084 3738 3153 διευθύναντες
3778 3106 3876 3142 πο-

2316 3165 2465 3235 ρείαν
2492 3168 2584 3219 καὶ
2607 3167 2779 3240 πέραν
2804 3170 2911 3225 τῶν
2942 3172 3139 3244 σαρκὸς
3188 3176 3408 3247 ἡδονῶν,
3461 3179 3553 3231 ἐπὶ
3598 3179 3689 3234 τὸν
3734 3181 3874 3236 πάν-

668 3284 790 3323 rum
846 3268 1091 3321 eluvione
1136 3276 1383 3337 purgata,
1431 3269 1513 3321 vir
1560 3267 1649 3321 ille
1706 3267 1817 3322 Deo
1862 3267 2213 3323 charissimus

2317 3271 2477 3351 σοφον
2506 3259 2599 3311 καὶ
2630 3258 2851 3333 θεοσεϐῆ
2885 3260 3001 3331 βίον
3041 3264 3423 3345 διαϐεϐηκότες
3450 3270 3874 3342 ἀναγράφω-ται.

666 3359 830 3429 309
859 3374 979 3413 cum
1029 3360 1211 3414 liberis
1234 3358 1394 3413 simul
1430 3368 1482 3413 et
1513 3359 1793 3421 uxoribus,
1829 3373 2028 3412 novum
2058 3360 2214 3428 plane

668 3467 806 3505 novo
850 3453 1125 3506 hominum
1161 3451 1340 3521 generi
1381 3452 1665 3505 excitando
1696 3451 2093 3522 animandoque
2125 3469 2212 3507 se-

666 3559 812 3608 men,
858 3545 1095 3612 ejusdem
1146 3558 1369 3597 munere
1415 3543 1781 3613 beneﬁcioque
1825 3552 2070 3599 servatus
2107 3552 2208 3599 est.

664 3633 868 3702 Dignus
899 3644 951 3687 et
981 3636 1093 3703 ipse.
1119 3634 1378 3704 profecto,
1409 3649 1569 3703 quem
1601 3643 1663 3687 ut
1687 3635 1867 3687 vivum
1905 3650 1969 3689 ac
1996 3635 2210 3705 spirans

662 3725 879 3777 virtutis
901 3733 953 3778 et
982 3725 1257 3794 religionis
1286 3725 1577 3793 exemplar,
1606 3724 1805 3793 posteri
1832 3740 2020 3779 omnes
2042 3741 2210 3779 temu—

661 3818 860 3872 lentur.
902 3818 1077 3886 Atque
1110 3817 1164 3870 hi
1204 3826 1332 3871 ante
1370 3816 1555 3871 diluvii
1599 3824 1842 3885 tempora
1884 3815 2205 3873 ﬂoruerunt.

659 3906 925 3961 Exstitere
967 3908 1054 3960 alii
1102 3916 1306 3975 postea,
1351 3907 1547 3974 pietate
1588 3906 1796 3961 nobiles
1824 3908 1927 3976 ipsi
1968 3924 2202 3978 quoque,

658 4011 888 4067 quorum
927 3998 1187 4050 memoria
1237 3998 1404 4050 sacris
1433 3997 1594 4050 etiam
1635 3998 1847 4067 paginis
1889 4010 2203 4053 conservata

657 4095 855 4141 manet.
896 4085 1042 4151 Quos
1080 4086 1221 4140 inter
1257 4087 1510 4141 sacerdos
1532 4089 1751 4156 quidam
1784 4091 1981 4143 summi
2022 4089 2206 4144 Numi-

655 4182 741 4233 nis
768 4188 979 4233 creatus
1002 4188 1103 4243 est,
1130 4192 1289 4247 quem
1310 4178 1515 4246 justum
1542 4194 1709 4247 regem
1732 4178 1956 4234 Hebraeo
1985 4182 2202 4235 nomine

657 4273 1013 4340 appellarunt.
1043 4272 1305 4326 Czeterum
1338 4271 1475 4339 apud
1518 4271 1637 4325 illos
1670 4286 1881 4338 omnes,
1912 4273 1978 4327 de
2009 4288 2202 4341 corpo-

655 4377 744 4415 rea
773 4362 1183 4417 circumcisione
1214 4363 1437 4416 verbum
1476 4363 1695 4415 omnino
1726 4364 1957 4429 nullum,
1990 4365 2199 4419 nullum

652 4466 861 4514 earum,
908 4453 1102 4518 quibus
1127 4438 1337 4506 Iudaeos
1371 4451 1581 4521 Moyses
1609 4453 1859 4519 instituit,
1898 4454 2074 4524 legum
2108 4470 2201 4508 ve-

651 4541 890 4611 stigium.
925 4540 1102 4605 Quare
1127 4541 1338 4595 Iudaeos
1368 4543 1488 4595 illos
1520 4557 1850 4608 nuncupare,
1878 4560 2065 4597 verum
2090 4545 2197 4598 uti-

650 4646 757 4701 que
804 4646 907 4683 non
944 4632 1137 4697 fuerit;
1165 4630 1380 4685 Gnaeos
1425 4642 1601 4687 autem
1654 4633 1822 4687 multo
1866 4635 2068 4701 minus,
2102 4637 2197 4705 qui
2228 4625 2273 4681 Ῑ)

650 4737 759 4775 non
811 4722 1119 4775 Graecorum
1169 4732 1261 4774 aut
1302 4731 1615 4777 exterarum
1651 4726 1972 4793 populorum
2022 4740 2194 4787 more,

648 4807 871 4863 deorum
932 4808 1329 4863 multitudinem
1386 4811 1702 4865 invexerint.
1774 4811 2026 4869 Hebraeos
2072 4828 2198 4867 vero

648 4899 845 4967 iustius
873 4900 1247 4969 appellaveris,
1281 4902 1393 4955 sive
1439 4903 1505 4955 ab
1543 4902 1749 4957 Hebero
1774 4920 1968 4958 nomen
2004 4905 2193 4968 ducas,

651 4994 765 5045 sive
810 4995 987 5060 potius
1040 5009 1069 5045 a
1105 4994 1251 5047 vocis
1292 4994 1435 5045 illius
1485 4994 1893 5063 significatione.
1939 4995 2195 5051 Hebraeos

646 5081 813 5143 enim,
841 5084 993 5149 quasi
1022 5092 1365 5148 transeuntes,
1403 5084 1743 5151 interpretari
1784 5085 1962 5153 possis
1995 5084 2009 5139 ἑ
2042 5087 2134 5154 qui
2162 5101 2193 5139 ε

647 5181 913 5245 terrarum
958 5177 1303 5239 commercio,
1350 5176 1413 5228 ad
1444 5154 1788 5243 praepotentis
1828 5174 1921 5229 Dei
1952 5184 2193 5230 contem-

645 5262 937 5339 plationem
992 5266 1321 5319 transierint.
1364 5266 1643 5335 Ejusmodi
1696 5267 1838 5319 enim
1888 5282 1983 5321 eos
2023 5265 2193 5321 fuisse

646 5359 875 5406 testatur
909 5352 1153 5419 historia,
1188 5358 1278 5424 qui
1324 5358 1487 5411 unius
1518 5373 1547 5410 a
1592 5365 1783 5410 natura
1814 5357 1997 5411 indita:
2034 5359 2195 5411 ratio-

648 5443 750 5495 nis.
788 5444 1073 5513 legumqne
1105 5448 1303 5513 scripto
1340 5451 1488 5501 nullo
1537 5448 2051 5517 comprehensarum
2084 5450 2191 5503 du-

647 5544 758 5596 ctu,
784 5545 836 5588 et
876 5546 1076 5591 rectam
1120 5537 1331 5591 virtutis
1370 5540 1509 5593 viam
1544 5540 1767 5595 feliciter
1799 5550 2107 5607 tenuerunt,
2138 5549 2191 5595 et

647 5637 835 5679 omnes
877 5628 1239 5697 praetergressi
1284 5632 1523 5697 corporis
1556 5632 1874 5701 voluptates,
1924 5633 1990 5687 ad
2022 5630 2185 5686 vitam

647 5706 907 5786 singulari
936 5734 1057 5772 cum
1092 5720 1377 5789 sapientia,
1406 5729 1516 5774 tum
1541 5723 1796 5793 religione
1826 5724 2081 5793 cultuque
2105 5725 2187 5779 di-

720 5886 741 5910 ε
767 5876 847 5927 Zr.
880 5876 1320 5949 κατωρθωμένην.
1400 5879 1426 5917 δ
1463 5896 1572 5947 71).,
1607 5880 1935 5947 θεοφανείας.

2326 3346 2415 3399 Ἐν
2441 3347 2504 3419 δὴ
2534 3349 2740 3415 τούτοις
2761 3355 2891 3423 ἡμῖν
2915 3354 3086 3409 ἆπασι
3114 3359 3209 3411 καὶ
3231 3358 3260 3411 ό
3293 3358 3563 3431 βοώμενος
3588 3363 3683 3416 τοῦ
3736 3383 3878 3421 ταιν-

2311 3437 2402 3500 τὸς
2449 3438 2634 3503 ἔθνους
2689 3444 2957 3514 γενάρχης
3017 3446 3264 3519 ’Δϐραὰμ
3317 3453 3781 3525 ιιιαταριθμείσθιιι)⁹
3828 3449 3876 3527 ᾧ

2314 3533 2579 3622 μαρτυρεῖ
2606 3531 2674 3585 τὰ
2692 3533 2846 3622 λόγια
2874 3535 3231 3610 δικαιοσύνην,
3262 3541 3323 3593 οὐ
3344 3542 3442 3613 τὴν
3478 3545 3541 3597 ἐκ
3570 3546 3734 3617 νόμου
3767 3552 3877 3606 πά-

2308 3618 2390 3671 λιν
2425 3622 2721 3688 Μωῦσέως,
2747 3618 2842 3679 ότι⁷
2875 3628 3006 3698 μηδὲ
3028 3626 3094 3701 ἦν
3140 3651 3226 3686 πω
3258 3634 3398 3688 τότε·
3440 3637 3576 3707 μετά
3601 3640 3731 3708 γοῦν
3778 3644 3874 3697 τὸν

2614 3714 2817 3804 ἑϐδόμῃ
2878 3722 3038 3790 γενεᾷ
3085 3723 3323 3793 Μωῦσῆς
3360 3728 3692 3801 ἀναπέφηνε·
3731 3732 3871 3804 πλὴν

2305 3800 2439 3853 ἀλλὰ
2464 3803 2557 3895 καὶ
2585 3796 2738 3895 οὗτος
2760 3805 2961 3871 δίκαιος
2980 3810 3070 3862 καὶ
3097 3813 3324 3885 εὐσεϐὴς
3354 3811 3490 3871 εἷναί
3644 3796 3871 3895 ἀνείρη-

2304 3908 2414 3985 ται,
2444 3894 2491 3946 εί
2521 3893 2613 3946 καί
2635 3911 2719 3959 τις
2745 3897 2903 3961 ἄλλος
2928 3900 3227 3973 ἀνείρηται,
3257 3910 3368 3970 τοῖς
3395 3908 3595 3962 ἄνωθεν
3627 3893 3864 3985 δεδηλω-

2308 3981 2489 4051 μένοις
2518 3985 2927 4058 παραπλησίως.
2976 3992 3135 4060 Λέγει
3158 3994 3205 4046 δ’
3247 3992 3338 4051 οῦν
3385 3999 3417 4068 ή
3454 3998 3667 4073 Γραφήο
3705 3981 3869 4061 (Καὶ

2303 4075 2619 4130 ἐπίστευσεν
2657 4078 2907 4151 ’Δϐραὰμ
2933 4082 3009 4152 τῷ
3027 4083 3166 4153 Θεῷ,
3193 4088 3287 4139 καὶ
3314 4087 3563 4164 ἐλογίσθη
3590 4096 3737 4165 αὐτῷ
3776 4098 3867 4160 τις

2302 4165 2693 4236 δικαιοσύνην.)
2721 4168 2939 4241 Πατέρα
2957 4171 3020 4243 δὴ
3053 4173 3260 4229 πολλῶν
3306 4179 3471 4235 ἐθνῶν
3496 4184 3525 4235 6
3555 4183 3689 4247 θεῖος
3710 4202 3855 4256 χρη-

2305 4257 2644 4345 σμὺςῗτοῦτον
2673 4259 2889 4315 ἔσεσθαι
2914 4269 3294 4339 προαγορεύει,
3341 4271 3634 4345 διαρρήδην
3672 4290 3732 4327 τε
3766 4278 3862 4331 εὑ-

2306 4342 2693 4438 λογηθήσεσθαι
2726 4350 2784 4401 ὲν
2834 4352 2983 4423 αὑτῷ
3049 4373 3179 4428 φησι
3222 4376 3242 4409 ι
3275 4342 3449 4414 πάντα
3470 4342 3549 4416 *τὰ
3590 4342 3709 4435 ἔθνη
3734 4366 3863 4438 τῆς

2302 4435 2425 4506 γῆς,
2455 4440 2548 4491 καὶ
2582 4440 2761 4503 πάσας
2805 4441 2905 4507 τὰς
2955 4446 3178 4513 φυλάς-ι
3213 4449 3468 4524 ἄντικρυς
3509 4453 3575 4508 τὰ
3612 4456 3706 4509 νῦν
3736 4435 3863 4513 καθ’

2300 4527 2443 4623 ημιῖς
2469 4530 2856 4623 συντελούμενα
2908 4534 3195 4623 θεσπίζων.
3241 4542 3378 4596 Ἀλλ’
3407 4544 3434 4596 ὅ
3474 4561 3537 4611 γε
3608 4546 3862 4623 ’Δϐραὰμ

2302 4614 2505 4679 ἐκεῖνος
2535 4620 2678 4688 μετὰ
2692 4622 2789 4690 τὴν
2834 4624 2891 4676 ἐν
2917 4622 3223 4701 δικαιοσύνῃ
3249 4631 3522 4687 τελείωσιν
3550 4622 3613 4687 ὀὐ
3640 4614 3730 4691 διὰ
3762 4614 3861 4693 τοῦ

2297 4705 2571 4797 ιίωῦσέως
2596 4710 2779 4781 νόμου,
2808 4712 2894 4767 διὰ
2921 4715 2976 4767 δὲ
2993 4718 3224 4783 πίστεως
3241 4724 3674 4797 κατωρθωμένης
3704 4722 3732 4769 ἀ
3758 4732 3860 4784 αὑ-

2296 4795 2401 4865 τῷ,
2436 4799 2569 4867 μετά
2590 4816 2652 4867 γε
2689 4801 2785 4865 τὰς
2830 4802 3207 4875 ἀναγράπτους
3260 4808 3445 4875 θυσίας
3486 4795 3537 4877 δ’,
3591 4795 3677 4865 ἐπ’

2295 4888 2441 4961 γήρᾳ
2466 4890 2669 4960 μέλλων
2704 4891 2867 4946 παῖδα
2891 4897 3106 4966 γνήσιον
3133 4904 3330 4973 τεκεῖν,
3359 4903 3572 4975 πρῶτος
3596 4904 3858 4963 ἁπάντων

2296 4981 2435 5071 κατὰ
2467 4984 2710 5053 χρησμὸν
2731 4984 2791 5037 τὸ
2825 4984 2982 5057 σῶμα
3013 4992 3411 5062 περιτέμνεται,
3436 4993 3593 5050 τοῦτο
3620 5002 3715 5054 καὶ
3737 5004 3858 5071 τοῖς

2295 5070 2354 5133 ἐξ
2380 5072 2542 5126 αὑτοῦ
2570 5075 2924 5145 γεννωμένοις
2947 5078 3210 5135 ἐπιτελεῖν
3259 5085 3551 5154 παραδοὺς,
3602 5090 3713 5143 εἴτε
3764 5070 3861 5157 εἰς

2294 5162 2504 5233 ἐμφανῆ
2528 5166 2820 5234 σημείωσιν
2866 5166 2963 5238 τῆς
3000 5167 3111 5224 τῶν
3156 5161 3214 5238 ἕξ
3245 5172 3408 5228 αὐτοῦ
3444 5178 3646 5232 παίδων
3682 5180 3859 5235 πολυ-

2293 5252 2571 5329 πληθείας,
2603 5253 2710 5307 εἴτε
2744 5256 2836 5311 καὶ
2854 5255 2929 5319 ὡς
2954 5256 3125 5328 ἔχοιεν
3145 5262 3196 5313 οἱ
3230 5263 3414 5329 παῖδες
3445 5268 3670 5343 πάτριον
3703 5270 3857 5340 γνώ-

2294 5361 2481 5414 ρισμα,
2503 5346 2618 5415 ἦτοι
2646 5346 2881 5415 βιοῦντες
2911 5342 3050 5405 κατὰ
3081 5350 3173 5405 τὸν
3210 5352 3317 5408 τῶν
3342 5342 3618 5429 προγόνῶν
3637 5358 3849 5432 ales.

2290 5436 2323 5505 ἢ
2350 5439 2447 5507 τῆς
2477 5436 2695 5491 ἐκείνων
2745 5441 2944 5511 ἀρετῆς
2974 5442 3403 5517 ἀπολειπόμενοι·
3444 5450 3553 5504 εἴτε
3580 5442 3703 5505 καθ³
3727 5453 3852 5507 ιτε-

2293 5528 2391 5595 ρας
2421 5526 2807 5613 οίασδηποτοῦν
2841 5531 3035 5598 αἰτίας,
3064 5532 3131 5620 ἃς
3149 5537 3209 5589 οὑ
3231 5522 3535 5611 ,νῦν
3563 5542 3853 5616 πολυπρα-

2290 5620 2527 5685 γμονεῖν.
2564 5619 2775 5675 Τοιόσδε
2806 5622 2903 5693 μὲν
2934 5620 3025 5676 οὖν
3050 5619 3142 5701 καὶ
3194 5621 3344 5691 οὗτος
3378 5631 3456 5691 είς
3498 5630 3728 5703 μίμησιν
3751 5636 3853 5687 ἔκ-

2289 5709 2549 5779 κείμενοςό
2581 5712 2713 5780 μετὰ
2766 5713 2809 5765 δ’
2836 5715 2993 5785 αὐτὸν
3054 5717 3235 5773 Ἰσαὰκ
3263 5721 3360 5791 τῆς
3389 5722 3393 5727 ’
3422 5722 3679 5795 πατρῴας
3705 5726 3850 5799 ὁμοῦ
