3976 6340
758 473 857 527 527

759 595 879 659 bus,
912 595 1098 649 eodem
1130 598 1347 651 nomine
1376 602 1773 667 repraesentatis
1797 600 2109 655 cumulavit.
2146 598 2283 667 Ejus-

2402 596 2460 648 τὸ
2494 594 2708 664 εὐγενὲς
2735 590 2997 644 ἐπανθοῦν
3024 590 3101 659 τῷ
3125 589 3411 661 προσώπῳ·
3457 593 3565 654 τοῖς
3593 592 3648 644 δὲ
3679 592 3925 663 εὐσεϐείας

757 685 903 739 modi
938 685 1077 739 enim
1114 686 1178 738 ad
1226 687 1373 739 illum
1418 696 1593 746 exstat
1624 689 1939 743 oraculum:
1983 709 1999 739 ε
2028 687 2143 741 Νοη
2190 705 2304 741 am-

756 777 896 844 plius
934 778 1213 831 vocabitur
1243 794 1440 833 nomen
1469 788 1622 834 tuum
1662 775 1957 846 Jacob,sed
2005 779 2166 833 Israel
2201 781 2303 833 erit

757 884 949 921 nomen
975 876 1149 934 tuum,
1176 870 1434 937 quoniam
1468 870 1740 925 invaluisti
1775 887 1897 925 cum
1932 870 2064 936 Deo,
2095 879 2148 924 et
2178 888 2299 927 cum

756 961 1061 1015 hominibus
1094 971 1285 1031 potens
1319 962 1383 1015 δ’.
1409 981 1427 1013 ι
1458 961 1799 1027 Quolsraelis
1824 965 2041 1017 nomine
2065 965 2146 1017 vir
2166 979 2300 1018 con-

757 1050 1090 1119 templationi
1156 1052 1367 1107 deditus
1426 1053 1733 1117 indicatur,
1806 1066 1989 1123 utpote
2046 1056 2187 1124 quod
2254 1055 2300 1109 si

753 1136 936 1192 Grazce
961 1140 1207 1203 verteris,
1251 1142 1530 1206 hominem,
1574 1162 1605 1197 a
1630 1162 1729 1213 quo
1760 1145 1896 1200 Deus
1935 1148 2193 1213 videatur,
2222 1148 2300 1202 si-

754 1227 984 1297 gniticet.
1020 1227 1164 1285 Talis
1190 1231 1352 1301 igitur
1378 1233 1466 1289 ille
1498 1235 1660 1288 etiam
1699 1234 1821 1301 fuit,
1861 1252 1892 1289 ιι
1929 1252 2037 1305 quo
2080 1236 2295 1291 Judaao-

753 1332 871 1371 rum
902 1335 1069 1389 genus
1094 1322 1377 1378 duodecim
1408 1326 1855 1395 comprehensum
1900 1328 2144 1383 tribubus
2176 1344 2299 1398 pro—

752 1421 999 1478 pagatum
1032 1421 1134 1467 est.
1166 1413 1406 1479 Quorum
1454 1416 1519 1471 de
1564 1418 1683 1473 vita
1714 1420 2033 1485 rationibus,
2066 1437 2296 1491 vereque

750 1502 1081 1571 philosophis
1120 1505 1277 1574 digna
1314 1508 1592 1563 tolerantia
1635 1519 1689 1564 et
1729 1511 2133 1578 exercitatione,
2170 1514 2293 1567 infi-

751 1593 862 1647 nita
915 1599 1328 1673 commemorari
1368 1609 1605 1667 possent,
1653 1617 1773 1671 qua:
1810 1604 2004 1672 partim
2046 1605 2186 1659 nude
2232 1620 2295 1660 ac

751 1682 1063 1751 simpliciter
1093 1684 1336 1756 intelligi,
1368 1688 1559 1756 partim
1584 1705 1650 1743 ex
1681 1689 2063 1746 occultioribus
2097 1693 2295 1761 allego-

744 1775 952 1829 riarum
1008 1777 1181 1831 sensis
1225 1780 1339 1831 erui
1395 1780 1642 1834 debeant.
1704 1780 1779 1835 De
1830 1782 2167 1850 quibuscum
2224 1783 2292 1838 ab

749 1866 891 1928 aliis,
936 1873 1047 1919 tum
1088 1882 1115 1919 a
1160 1867 1314 1922 nobis
1364 1884 1579 1938 quoque
1626 1870 1950 1940 disputatum
2002 1873 2057 1925 in
2100 1873 2164 1927 iis
2209 1880 2291 1927 est

748 1972 867 2023 quae
922 1956 987 2010 de
1046 1972 1330 2013 numerosa
1386 1960 1683 2029 priscorum
1739 1962 2017 2017 hominum
2066 1964 2287 2029 sobole,

747 2048 901 2118 311
946 2049 1386 2119 conscripsimus.
1422 2052 1492 2104 At
1527 2052 1592 2107 de
1631 2053 1737 2107 illis
1784 2054 2059 2111 hactenus.
2093 2055 2290 2109 Prmter

747 2154 883 2206 quos
912 2148 1111 2203 tamen,
1153 2140 1315 2195 alium
1352 2142 1511 2196 etiam
1542 2143 1764 2197 laudare
1784 2144 1975 2197 merito
1994 2144 2169 2213 liceat,
2198 2144 2291 2199 Jo-

743 2229 874 2283 bum
899 2230 1306 2298 nomine,quem
1331 2240 1384 2285 et
1404 2232 1551 2285 omni
1588 2233 2000 2301 reprehensione
2028 2236 2287 2303 caruisse,

746 2328 798 2372 et
834 2320 1103 2386 veritatis,
1138 2321 1389 2389 justitiae,
1426 2322 1636 2391 pietatis
1678 2332 1944 2379 amantem
1983 2340 2046 2380 ac
2082 2325 2287 2381 studio-

748 2426 865 2463 sum
896 2410 1081 2474 fuisse,
1106 2420 1161 2465 et
1206 2412 1273 2466 ab
1316 2413 1461 2466 omni
1498 2416 1815 2485 contagione
1856 2417 2075 2472 sceleris
2100 2420 2285 2487 procul

747 2501 1005 2565 abfuisse,
1040 2502 1216 2557 divina
1241 2512 1502 2559 testantur
1518 2507 1755 2572 oracula,
1785 2522 1907 2561 cum
1938 2509 1993 2562 in
2024 2510 2128 2564 illis
2164 2526 2285 2564 om-

745 2593 905 2648 nibus
934 2595 1207 2664 religionis
1237 2596 1433 2651 oiﬁciis’
1453 2614 1515 2652 ac
1543 2599 1815 2664 laudibus,
1848 2602 1995 2655 nulla
2034 2617 2157 2656 cum
2188 2601 2286 2657 Ju-

743 2683 873 2739 daeis
904 2686 1181 2754 sanguinis
1221 2702 1283 2740 ac
1316 2690 1527 2755 generis
1582 2692 1962 2745 communione
1992 2699 2282 2746 teneretur.

740 2770 862 2829 Jam
900 2790 1026 2829 vero
1057 2774 1245 2831 Jacobi
1290 2779 1443 2832 liberi
1485 2789 1761 2847 paternam
1816 2782 1982 2835 divini
2036 2781 2283 2839 Numinis

743 2863 1123 2931 cognitionem,
1152 2864 1499 2936 ejusdemque
1535 2869 1732 2923 cultum
1771 2886 1979 2925 summa
2013 2873 2284 2929 voluntate

742 2954 1028 3021 studioque
1056 2956 1338 3023 complexi,
1368 2959 1666 3026 priscorum
1706 2950 2051 3019 Hebraeorum
2082 2966 2282 3019 famam

740 3049 793 3093 et
820 3042 1044 3110 gloriam
1098 3046 1385 3100 admodum
1432 3049 1803 3114 illustrarunt;
1858 3060 1917 3105 ut
1949 3069 2014 3106 ex
2066 3050 2279 3109 illorum

742 3133 1057 3187 auctoritate
1082 3136 1241 3201 paulo
1288 3147 1409 3205 post
1453 3140 1736 3207 imperium
1787 3140 2001 3211 [Egypti
2027 3145 2283 3211 penderet

1404 476 1669 532 EUSEBII
1702 477 2172 534 CIESARIENSIS
2209 476 2356 531 OPP.
2391 475 2573 531 PARS
2612 474 2674 528 ll.
2713 502 2780 513 ιο-
2819 469 3305 526 APOLOGETICA.
3836 470 3923 525 ιιι

2404 686 2754 757 διαπρέπουσι
2808 682 3028 751 κόσμοις
3080 680 3431 751 διαφερόντως
3472 682 3755 753 ἐξήσκητο,
3799 686 3923 749 ὠςὲν

2406 777 2723 848 σωφροσύνῃ
2751 774 2843 827 καὶ
2862 771 3190 843 δικαιοσύνῃ,
3224 774 3475 843 φρονήσει
3518 792 3577 825 τε
3606 776 3698 827 καὶ
3740 776 3921 847 ἀνδρίᾳ,

2402 868 2496 938 τὴν
2518 867 2689 936 ψυχὴν
2719 863 3013 933 ἐκλάμπειν
3069 861 3198 914 πολὺ
3242 862 3497 931 πρότερον
3548 866 3604 915 ἐν
3666 866 3925 933 ἐπιγνώσει

2401 959 2494 1011 καὶ
2526 955 2771 1025 εὐσεϐείᾳ
2798 954 2890 1006 τοῦ
2923 954 3029 1005 τῶν
3082 953 3328 1005 ἁπάντων
3376 952 3529 1018 θεοῦ,
3571 955 3637 1023 ἢν
3670 956 3717 1007 οἱ
3761 962 3924 1029 γεννή.

2404 1067 2589 1111 σαντες
2628 1050 2691 1100 ἐκ
2720 1046 3041 1116 σπαργάνων
3069 1044 3308 1111 λέγονται
3338 1043 3497 1097 αὑτοῦ
3526 1048 3590 1115 τῇ
3622 1046 3766 1117 ψυχῇ
3790 1065 3926 1103 κατα-

2401 1141 2733 1210 ϐεϐληκέναι.
2776 1136 3127 1207 Ἐπιμανείσῃ
3155 1136 3196 1187 δ’
3223 1132 3313 1189 οὖν
3336 1136 3479 1205 αύτῷ
3515 1140 3580 1207 τῇ
3617 1140 3711 1191 τοῦ
3761 1140 3923 1196 δεσπό-

2397 1254 2488 1287 του
2514 1237 2745 1304 γαμετῇ,
2778 1234 2855 1294 εἰς
2888 1229 3211 1291 ἀκολάστους
3237 1246 3293 1281 τε
3319 1230 3410 1281 καὶ
3447 1230 3713 1299 ἐρωτικὰς
3744 1233 3931 1304 ὁμιλίεὲ

2397 1327 2491 1387 ἆτε
2515 1327 2628 1379 νέον
2651 1326 2710 1377 τὸ
2732 1324 2885 1393 σῶμα
2922 1320 3242 1392 κατασύρειν
3264 1321 3617 1409 πειρωμένης
3640 1324 3735 1375 καὶ
3764 1324 3931 1409 πρῶτιέ

2399 1418 2496 1488 μὲν
2516 1416 2691 1482 λόγοις
2723 1414 2934 1487 ἀπατᾷν
2962 1411 3119 1466 αὑτὸν
3169 1410 3531 1482 ἐπιχειρούση,
3580 1408 3698 1463 εἶτα
3730 1412 3785 1464 δὲ

2397 1509 2536 1571 σίαις
2564 1505 2928 1576 ἀντιϐολούσῃ,
2959 1505 3051 1558 καὶ
3078 1503 3227 1565 τέλος
3250 1502 3542 1573 βιαιότερον
3574 1507 3762 1574 χεῖρας
3814 1506 3907 1558 tea-

2392 1616 2508 1668 γειν
2526 1597 2793 1669 τολμώσῃ,
2822 1596 3056 1650 ἀναιδέσι
3084 1612 3143 1647 τε
3172 1594 3269 1664 ἤδη
3320 1594 3409 1646 καὶ
3452 1595 3817 1663 ἀναισχύντοις
3843 1612 3909 1647 1::-

2394 1692 2674 1761 ριπλοκαίς
2706 1689 2975 1760 χρωμένη,
3007 1689 3103 1756 τῆς
3150 1685 3258 1737 τῶν
3298 1686 3544 1755 πατέρων
3570 1686 3815 1749 εὐσεϐοῦς
3848 1688 3915 1741 διε

2390 1772 2677 1841 δασκαλίας
2724 1781 2753 1831 ό
2803 1780 2948 1849 ἥρως
2991 1778 3086 1846 τὴν
3128 1776 3342 1845 μνήμην
3395 1776 3908 1844 ἀναπεμπασάμενος,

2391 1872 2481 1924 καὶ
2508 1870 2597 1923 τὸν
2627 1862 2970 1938 θεοσεϐῆῖἴαὶ
2998 1865 3207 1936 ἀληθῶς
3236 1866 3477 1933 Ἑϐραίον
3503 1865 3671 1935 ἔργοις
3683 1864 3799 1933 ὁμοῦ
3826 1863 3906 1916 καὶ

2389 1961 2564 2029 λόγοις
2589 1958 2891 2023 ἀποδείξας,
2912 1958 2973 2011 τὸ
3010 1959 3103 2027 μὲν
3142 1956 3363 2026 αἰσχρὸν
3396 1955 3487 2007 καὶ
3527 1956 3791 2007 ἀκόλαστον
3814 1953 3895 2020 γύ-

2389 2070 2536 2106 ναιον
2558 2051 2866 2113 διασείεται,
2916 2048 3271 2117 κραταιοτέρᾳ
3311 2049 3375 2115 τῇ
3406 2046 3548 2116 χειρὶ
3581 2046 3895 2116 παραλλάξας

2389 2144 2572 2215 ὥσπερ
2600 2143 2655 2196 δέ
2677 2159 2814 2204 τινος
2839 2140 3007 2193 δεινοῦ
3059 2140 3150 2193 καὶ
3198 2139 3576 2209 λελυττηκότος
3610 2139 3762 2207 θηρὸς
3798 2141 3909 2190 ἀπο-

2388 2236 2538 2307 δρὰς,
2574 2236 2715 2305 φυγῇ
2740 2233 2837 2303 τὴν
2868 2231 3135 2303 σωτηρίαν
3164 2228 3459 2301 πορίζεται.
3508 2229 3750 2282 Κάπειτα
3778 2230 3909 2321 αὐτὸς

2388 2326 2520 2396 πρὸς
2546 2324 2734 2378 ἐαυτὸν
2781 2321 3011 2394 σώφρονι
3059 2320 3301 2391 λογισμῷ
3344 2321 3515 2373 τοιάδε
3562 2322 3908 2391 ἐπιλογίζεται,

2386 2420 2478 2472 καί
2508 2433 2689 2489 φησιν’
2723 2435 2745 2468 ι
2774 2416 2836 2468 Et
2862 2416 2891 2467 ό
2926 2413 3125 2485 Κύριός
3159 2425 3259 2483 μου
3285 2414 3352 2466 δι’
3382 2414 3477 2482 ἐμὲ
3501 2414 3648 2466 οὐδὲν
3688 2417 3911 2481 γινώσκει

2385 2510 2491 2562 τῶν
2524 2512 2581 2561 ἐν
2612 2508 2690 2579 τῷ
2720 2507 2849 2577 οῐκῳ
2873 2504 3054 2568 αὐτοῦ,
3084 2507 3175 2557 καὶ
3199 2506 3368 2558 πάντα
3393 2506 3489 2558 ὅσα
3510 2507 3651 2558 ἐστὶν
3689 2510 3743 2559 ἐν
3771 2508 3909 2576 αὐτῷ,

2384 2600 2609 2653 δέδωκεν
2636 2600 2713 2661 είς
2744 2599 2841 2660 τὰς
2870 2597 3053 2667 χεῖράς
3080 2613 3200 2665 μου,
3248 2597 3337 2649 καὶ
3378 2596 3492 2659 πῶς
3516 2599 3731 2667 ποιήσω
3754 2598 3805 2649 τὸ
3836 2616 3906 2650 m—

2385 2691 2545 2762 νηρὸν
2573 2691 2717 2760 ῥῆμα
2742 2687 2800 2740 τὸ
2830 2687 2965 2757 μέγα
2986 2685 3158 2751 τοῦτο,
3180 2686 3269 2739 xui.
3295 2688 3674 2759 ἀμαρτήσομαι
3710 2688 3910 2741 ἐναντίον

2382 2781 2474 2835 τοῦ
2500 2779 2630 2832 Θεοῦ
2657 2796 2669 2844 ;
2697 2799 2715 2831 ι
2759 2779 2871 2847 Ἐφ’
2903 2772 2982 2841 οἷς
3013 2772 3099 2829 οἶα
3130 2778 3415 2845 νικηφόρον
3448 2781 3557 2840 τοίς
3584 2780 3781 2850 ἀρετῆς
3805 2778 3906 2849 βρα-

2384 2873 2545 2934 ϐείοις
2574 2870 2873 2939 ἀναστέψας
2897 2868 3053 2921 αὐτὸν
3080 2870 3106 2919 ό
3152 2867 3257 2919 τῶν
3299 2868 3431 2920 ὅλων
3483 2868 3631 2931 Θεὸς,
3673 2871 3771 2939 τὴν
3801 2870 3908 2921 κατὰ

2382 2963 2488 3015 τῶν
2518 2963 2785 3014 δεσποτῶν
2816 2958 2997 3025 αὑτοῦ,
3020 2960 3112 3012 καὶ
3141 2961 3306 3029 αὐτῆς
3346 2958 3617 3025 Αἰγύπτου
3668 2960 3905 3029 βασιλείαν

2383 3066 2441 3105 τε
2459 3052 2549 3105 καὶ
2566 3050 2852 3121 ήγεμονίαν
2882 3050 3229 3120 παραδίδωσι.
3250 3051 3389 3120 Πλὴν
3412 3050 3545 3103 ἀλλά
3570 3052 3661 3104 καὶ
3687 3048 3829 3114 0510;
3848 3055 3903 3106 Ἐ·

2384 3142 2565 3213 ϐραῖος
2599 3140 2656 3205 ἐξ
2680 3140 2958 3211 Ἐϐραίων,
2983 3141 3099 3210 οὐχὶ
3126 3141 3180 3193 δὲ
3212 3142 3573 3205 Ἰουδαῖος,ὄτι
3608 3144 3743 3213 μηδὲ
3764 3141 3823 3215 ἦν
3846 3160 3899 3193 πω

739 3224 1363 3297 universumJosephus
1413 3234 1556 3283 enim
1603 3232 1710 3301 jam
1769 3235 2107 3291 continentia:
2145 3253 2282 3305 pra:-

2385 3234 2447 3286 τά
2477 3233 2760 3296 Ἰουδαίων,
2778 3235 2831 3285 ἐν
2847 3235 2958 3295 τοῖς
2989 3232 3216 3301 μάλιστα
3240 3233 3503 3301 θεοφιλέσι
3530 3235 3619 3286 καὶ
3637 3252 3901 3306 τρισμακιο

739 3315 861 3367 miis
896 3316 1203 3385 insignitus,
1230 3330 1479 3388 suscepto
1505 3324 1840 3389 postmodum
1872 3325 2085 3396 Egypti
2130 3330 2280 3397 prin-

736 3406 935 3475 cipatu,
960 3424 1225 3462 summam
1263 3410 1605 3466 Hebrzeorum
1655 3430 1876 3470 suorum
1918 3421 2279 3490 eximiamque

738 3500 987 3553 virtutem
1024 3501 1075 3553 in
1112 3498 1347 3555 omnium
1376 3506 1545 3559 oculis
1579 3523 1640 3561 ac
1670 3509 1787 3564 luce
1804 3512 2103 3565 collocavit.
2135 3511 2278 3579 Qua-

738 3604 794 3643 re
821 3592 883 3644 ad
918 3593 1034 3660 ejus
1063 3609 1279 3662 quoque
1312 3595 1659 3652 imitationem
1702 3603 1848 3655 omni
1894 3606 2072 3659 studio
2121 3608 2276 3661 nobis

738 3678 1085 3743 aspirandum
1136 3697 1255 3735 esse
1292 3683 1542 3737 duximus
1563 3727 1577 3751 ,
1612 3692 1999 3759 tametsi'prius
2028 3694 2079 3746 in
2111 3697 2277 3749 servi-

741 3772 928 3831 tutem,
955 3778 1006 3821 et
1033 3770 1265 3824 hominis
1294 3770 1526 3842 Egyptii
1544 3778 1873 3842 servitutem,
1897 3780 2119 3835 fratrum
2148 3784 2277 3838 insi-

738 3854 843 3909 diis
873 3866 926 3911 et
973 3862 1180 3916 artibus
1209 3849 1467 3918 abductus
1502 3865 1709 3922 fuisset.
1745 3869 1875 3924 Nam
1921 3874 2275 3932 adolescentis

737 3948 949 4017 quidem
982 3966 1142 4020 quam
1174 3956 1367 4010 eximia
1390 3958 1594 4025 species
1615 4000 1627 4022 ,
1660 3974 1857 4028 quanta
1903 3964 1984 4017 vis
2030 3966 2275 4035 corporis

734 4048 790 4093 et
818 4041 1158 4109 pulchritudo
1191 4044 1371 4112 fuerit,
1406 4046 1561 4117 facile
1586 4053 1931 4119 praetermitto
1952 4094 1964 4117 ,
2000 4055 2120 4109 licet
2165 4058 2274 4112 oris

728 4145 857 4185 eum
908 4148 969 4187 ac
994 4132 1177 4190 formae
1242 4138 1403 4192 totius
1456 4140 1715 4208 elegantia
1772 4147 1979 4199 caeteris
2025 4149 2276 4203 omnibus

721 4224 1049 4290 praestitisse
1076 4226 1299 4282 historia
1332 4229 1511 4284 divina
1542 4242 1782 4287 testetur.
1814 4233 1992 4289 Animi
2033 4253 2157 4290 vero
2179 4240 2277 4295 do-

743 4321 821 4365 tcs
877 4324 1033 4382 atque
1077 4327 1390 4373 ornamenta
1424 4321 1547 4389 quis
1602 4324 1815 4378 tandem
1875 4341 1969 4394 pro
2020 4327 2276 4397 dignitate

738 4416 1156 4472 commemoret,
1186 4409 1231 4463 si
1274 4425 1397 4465 cum
1424 4423 1581 4467 tanta:
1606 4417 1819 4471 virtutis
1857 4419 2167 4473 excellentia
2200 4437 2274 4475 az—

738 4506 905 4560 quare
956 4506 1179 4551 conetur
1217 4501 1637 4568 magnitudinem
1665 4505 2029 4583 laudationis?
2060 4511 2123 4565 Et
2151 4514 2273 4581 qui-

742 4584 862 4637 dem
893 4600 1145 4644 constans
1180 4589 1321 4644 fama
1356 4601 1456 4656 est,
1488 4594 1661 4662 ipsum
1705 4612 1735 4649 a
1784 4608 1972 4653 natura
2001 4602 2271 4657 liberalem

2385 4588 2557 4642 αὐτῶν
2584 4588 2936 4657 πιστούμενος
2983 4588 3325 4656 ἐπαγγελίας.
3380 4588 3624 4641 Κάπειτα
3675 4589 3742 4641 δι’
3769 4587 3905 4641 αὑτοῦ

736 4679 1025 4746 quamdam
1060 4684 1289 4749 speciem
1316 4684 1590 4751 habuisse,
1621 4703 1683 4741 ac
1715 4692 1897 4745 nescio
1926 4694 2052 4761 quid
2084 4695 2277 4748 nobili-

737 4770 862 4824 tatis
894 4770 946 4823 in
977 4771 1237 4836 moribus,
1264 4777 1405 4844 quod
1433 4794 1496 4831 ex
1538 4780 1901 4854 ipsoquoque
1931 4784 2083 4837 vultu
2126 4785 2274 4841 cillo-

739 4864 1074 4918 resceret.At
1100 4880 1228 4919 vero
1256 4866 1516 4936 ejusmodi
1547 4873 1757 4940 pietatis
1791 4874 2090 4943 insignibus
2120 4877 2274 4931 efiul-

734 4952 915 5019 gebat,
950 4961 1009 5007 ut
1031 4971 1241 5010 summa
1266 4959 1623 5027 continentis,
1643 4966 1928 5033 aequitatis,
1959 4968 2272 5037 prudentiae,

738 5042 1066 5099 fortitudinis
1105 5047 1260 5104 laude
1288 5048 1619 5106 clarissimus
1650 5069 1769 5122 cum
1811 5065 1974 5120 esset,
2004 5058 2142 5111 idem
2188 5066 2271 5113 ta-

738 5144 861 5183 men
894 5134 1161 5202 przecipua
1190 5138 1422 5206 quadam
1455 5145 1795 5217 praepotentis
1819 5142 1911 5199 Dei
1944 5146 2131 5199 notitia
2159 5146 2273 5200 eul-

741 5231 906 5290 tuque
931 5233 1223 5292 praestaret,
1270 5230 1749 5302 cujusrutriusque
1786 5237 2013 5302 semina,
2055 5238 2166 5307 jam
2205 5239 2272 5294 ab

740 5312 871 5381 ipsis
907 5315 1029 5367 inde
1085 5319 1386 5387 cunabulis,
1426 5322 1647 5378 infantis
1703 5326 1758 5377 in
1793 5329 1971 5389 animo
2024 5341 2271 5399 parentes

734 5400 927 5468 jecisse
968 5404 1166 5458 ferunt.
1226 5405 1364 5478 Ergo
1417 5413 1771 5469 adolescentis
1829 5431 2012 5473 amore
2065 5420 2270 5475 domini

742 5507 879 5546 uxor
908 5496 1283 5562 exardescens,
1315 5513 1437 5553 cum
1463 5516 1583 5556 eum
1615 5506 1791 5573 primo
1814 5506 2117 5583 iuventutis,
2141 5510 2272 5565 flore

740 5590 1110 5653 conspicuum,
1142 5592 1193 5643 in
1241 5591 1491 5649 lascivum
1520 5595 1941 5671 flagitiosamque
1987 5613 2272 5659 consuetu-

739 5677 919 5732 dinem
944 5682 1186 5749 pellicere
1204 5697 1508 5755 conaretur,
1523 5692 1911 5764 verborumque
1930 5698 2106 5765 primc
2127 5698 2270 5755 blan-

813 5835 857 5863 “
889 5834 1019 5891 Gen.
1054 5854 1210 5908 xxxv,
1245 5842 1328 5897 10.

2390 3328 2519 3397 ρίοις
2535 3325 2865 3396 ἀνείληπται.
2889 3324 3040 3377 Μετὰ
3060 3324 3114 3375 δέ
3136 3324 3257 3386 τοὺς
3280 3326 3597 3393 εἰρημένους
3634 3326 3905 3396 Ἐϐραίους,

2384 3416 2563 3486 ἐπειδὴ
2604 3417 2681 3477 είς
2714 3414 3153 3484 πολυανθρωπίαν
3181 3414 3421 3465 ἐπεδίδου
3450 3413 3509 3466 τὸ
3530 3414 3633 3466 τῶν
3658 3417 3910 3483 ἀπογόνων

2385 3505 2555 3572 γένος,
2581 3505 2677 3575 ήδη
2703 3522 2760 3556 τε
2791 3504 2966 3555 καὶτὸ
3003 3503 3263 3555 Ἰουδαίων
3308 3502 3366 3567 ἐξ
3398 3504 3575 3555 αὐτῶν
3606 3504 3760 3568 ἔθνος
3789 3522 3912 3557 συνε-

2386 3596 2544 3659 στὼς,
2573 3594 2859 3657 ἐπλεόναζέ
2888 3612 2946 3647 τε
2996 3595 3258 3665 ὁσημέραι
3290 3596 3382 3646 καὶ
3429 3596 3718 3665 ἐπλήθυνε,
3745 3598 3810 3649 τὰ
3834 3598 3911 3665 μὲν

2383 3680 2749 3751 τῆςεὺσεϐοῦς
2777 3681 2996 3750 ἀγωγῆς
3019 3682 3124 3733 τῶν
3153 3682 3423 3750 πρόπαλαι
3443 3683 3909 3755 θεοφιλῶνπροπα-

2383 3774 2554 3843 τόρων
2594 3774 2731 3826 κατά
2762 3774 2988 3845 σμικρὸν
3044 3774 3224 3836 αὐτοῖς
3275 3773 3566 3844 ὲξησθένει,
3621 3778 3716 3828 καὶ
3755 3780 3907 3843 dmp-

2383 3866 2618 3919 ϐλύνετο·
2647 3866 2714 3918 τὰ
2740 3867 2795 3918 δέ
2821 3869 2920 3935 τῆς
2964 3866 3089 3936 παρ’
3114 3866 3424 3933 Αἰγυπτίοις
3450 3866 3729 3935 διατριϐῆς
3754 3867 3903 3919 τοσοῖ-

2382 3976 2469 4010 τον
2492 3959 2589 4028 τῆς
2618 3958 2721 4009 τῶν
2749 3956 3087 4027 δηλουμένων
3134 3955 3389 4024 κατίσχυε
3434 3956 3662 4025 πληθύος
3684 3997 3699 4019 ,
3736 3958 3812 4020 ὼς
3838 3960 3906 4025 vi;

2385 4049 2481 4117 μὲν
2518 4047 2737 4116 πατρίου
2773 4047 3077 4115 ἀρετῆςέίς
3100 4045 3269 4115 λήθην
3291 4046 3477 4097 ἐλθεῑνσ
3496 4048 3562 4116 τῇ
3590 4046 3643 4097 δέ
3678 4050 3806 4116 παρ’
3832 4049 3913 4097 Αί-

2380 4139 2625 4205 γυδετίοις
2657 4136 3001 4207 ὁμοιοτροπίᾳ
3052 4137 3175 4197 τοὺς
3225 4135 3366 4205 βίους
3402 4136 3815 4206 περιενεχθῆναι,
3848 4137 3918 4197 ὡς

2382 4227 2521 4278 κατά
2551 4227 2709 4296 μηδὲν
2739 4228 3041 4294 Αἰγυπτίων
3089 4227 3177 4279 τὸν
3200 4228 3394 4297 τρόπον
3431 4228 3687 4296 διαφέρειν
3722 4226 3912 4277 δοκεῖν.

2394 4318 2649 4372 Ἐνταῦθα
2673 4320 2805 4389 δῆτα
2831 4320 3010 4381 αὐτοῖς
3034 4319 3253 4371 τοιοῖσδε
3292 4319 3727 4379 ἀποτελεσθεῐσιν,
3750 4318 3779 4369 ὁ
3817 4316 3917 4367 τῶν

2381 4410 2733 4480 προπατόρων
2763 4410 2891 4473 Θεὸς
2941 4410 3177 4480 ἡγεμόνα
3209 4396 3298 4463 καὶ
3342 4410 3629 4478 νομοθέτην
3657 4408 3914 4477 ἐκπέμτιιι

2380 4501 2633 4562 Μωῡσέα,
2668 4501 2763 4571 τᾲς
2795 4498 2881 4552 διὰ
2916 4499 3176 4570 χρησμῶν
3202 4499 3307 4551 τῶν
3326 4499 3459 4568 πρὸς
3488 4500 3610 4560 τοὺς
3636 4498 3911 4568 προγόνους

2376 4679 2444 4731 τά
2474 4680 2793 4749 ἀνάγραπτα
2818 4680 3087 4749 θαύματα,
3119 4680 3211 4732 καὶ
3254 4680 3350 4742 τὰς
3379 4680 3717 4751 παραδόξους
3745 4681 3914 4747 θεοση-

2380 4774 2534 4842 μείας
2566 4769 2897 4833 ἐπιτελέσας,
2950 4770 3041 4823 τδν
3094 4772 3344 4842 ἁρμόδιον
3364 4775 3473 4834 τοῖς
3502 4771 3609 4823 τῶν
3646 4772 3919 4842 ἀκροωμὲ-

2377 4881 2481 4915 νων
2505 4863 2655 4933 ἧθεσι
2688 4862 3039 4933 προϐάλλεται
3059 4863 3237 4933 νόμον.
3280 4864 3391 4934 Οὐχ
3410 4864 3539 4925 οἵοις
3559 4880 3620 4914 τε
3663 4863 3796 4932 γοῦν
3816 4858 3927 4915 οῦηπ

2372 4955 2438 5008 δι’
2471 4954 2789 5024 ἀϐελτηρίαν
2840 4954 3037 5024 τρόπου
3070 4954 3166 5023 τὴν
3210 4954 3433 5024 πάτριον
3484 4952 3685 5023 ζηλοῦν
3714 4953 3935 5024 ἀρε-τήνω

2373 5041 2459 5099 οἶα
2487 5044 2549 5115 δὴ
2573 5044 2667 5107 τὰς
2694 5042 2866 5114 ψυχὰς
2892 5045 3150 5114 ἐμπαθεῖς
3178 5046 3270 5097 καὶ
3315 5042 3781 5115 νενοσηλευμένοι,
3833 5046 3933 5115 τὴν

2374 5136 2698 5207 κατάλληλον
2728 5133 3132 5207 παρελάμϐανον
3155 5135 3438 5197 πολιτείαν,
3458 5135 3525 5188 τὰ
3565 5135 3669 5204 μὲν
3720 5154 3919 5207 προφα-

2373 5228 2477 5291 νῶς
2510 5230 2572 5279 ἐκ
2599 5226 2692 5278 τοῦ
2721 5226 2981 5297 προδήλου
3006 5226 3414 5295 διαταττομένου
3441 5229 3745 5293 Μωῦσέωςο
3772 5230 3836 5283 τὰ
3850 5228 3919 5289 δὲ,

2372 5320 2437 5373 δι’
2466 5317 2727 5373 ὑπονοιῶν
2781 5318 3166 5387 αἰνιττομένου,
3224 5318 3461 5387 σύμϐολά
3504 5336 3561 5371 τε
3601 5323 3703 5375 καὶ
3756 5321 3929 5385 nm,

2372 5409 2485 5462 ἀλλ’
2514 5410 2573 5461 ού
2602 5408 2807 5478 γυμνὴν
2835 5408 3084 5477 ἀλήθειαν
3107 5397 3385 5475 φυλάττειν
3412 5409 3593 5472 αὐτοῖς
3623 5414 3728 5465 καὶ
3751 5410 3923 5478 περιέ-

2371 5515 2492 5551 πειν
2525 5498 2872 5567 ὑποθεμένου.
2922 5496 3031 5549 Καὶ
3077 5496 3140 5564 δὴ
3179 5497 3237 5548 τὸ
3282 5498 3544 5551 Ἰουδαίων
3600 5500 3919 5567 πολίτευμα,

2373 5588 2615 5642 ἐντεῦθέν
2648 5588 2806 5639 ποθεν
2850 5586 2955 5639 ἀπὸ
2976 5586 3248 5657 Μωῦσέως
3275 5588 3595 5657 ἀρξάμενον,
3638 5588 3806 5658 μέχρι
3838 5586 3925 5658 καὶ

2371 5681 2467 5750 τῆς
2497 5679 2589 5733 τοῦ
2620 5680 2867 5751 Σωτῆρος
2915 5677 3071 5748 ἡμῶν
3116 5678 3285 5749 Ἰησοῦ
3340 5677 3925 5755 vimcum

3940 4486 3941 4543 1

3938 4616 3939 4695 1

3918 4798 3937 4849 1

3918 5230 3931 5307 1

3918 5528 3927 5641 1

3921 5844 3923 5919 1

3920 5976 3921 6071 1

3918 6130 3919 6195 1
