4020 6342
45 377 168 431 5‘29
1238 383 1555 437 ΡΠᾹΞΡΑΒ.
1594 384 1705 437 EH

1807 385 1842 438 ἶ.
1881 383 2002 437 LIB.
2045 382 2154 436 νη.
2851 377 2857 387 ’
3204 382 3304 437 550

37 495 194 565 ταῖς·⁴
218 495 352 547 τῶν
379 496 594 549 οἰκείων
622 495 911 567 προφητῶν
945 496 1246 559 ἀκολούθως
1276 502 1474 565 φωναῖς
1500 498 1647 565 διαρ-
1674 510 1705 565 Α

1807 497 1892 551 tiis
1912 506 2251 560 attentatum,
2275 512 2395 550 mox
2416 500 2664 567 precibus
2681 503 2840 556 etiam
2860 510 2910 555 et
2928 502 3288 556 obsecrationi

40 586 164 636 κεί.
205 586 431 658 Ὀτιδὴ
456 591 545 641 καὶ
582 590 733 641 τοῦτο
766 590 1037 651 Μωῡσέως
1063 586 1129 660 ἦν
1182 590 1343 642 αὑτοῦ
1406 592 1498 643 καὶ
1554 592 1659 643 τῶν

1807 604 1855 641 is
1879 597 2105 656 urgeret,
2120 586 2183 640 ad
2206 596 2505 641 extremum
2526 604 2592 643 ne
2607 592 2866 647 violentas
2886 593 3098 661 quidem
3122 609 3313 647 manus

42 677 396 745 μετέπειτα
460 681 747 750 προφητῶν
793 681 1084 751 θέσπισμα,
1121 681 1194 751 μὴ
1221 683 1481 752 πρότερον
1525 684 1661 735 ἐκλι-

1808 682 1925 736 dem
1965 681 2184 749 injicere
2226 690 2278 735 et
2314 682 2563 738 obscenis
2590 700 2710 737 eum
2744 685 3138 755 impudicisque
3166 702 3312 740 com-

44 772 191 819 πεῖν
234 772 320 823 τὰ
365 772 637 833 Μωῡσέως
692 773 896 841 νόμιμά
938 790 995 823 τε
1026 772 1118 824 καὶ
1145 772 1503 842 διατάγματα,
1531 776 1562 841 ἢ
1595 776 1662 826 τὰ

1807 770 2006 823 lexibus
2024 786 2263 839 premere
2281 783 2553 827 vereretur
2570 792 2581 826 :
2599 774 2929 829 clarissimus
2944 776 3103 829 heros
3115 774 3310 828 doctri-

46 859 159 913 τοῦ
199 862 457 931 Χριστοῦ
483 864 731 931 φανῆναι,
748 864 813 920 τὰ
837 864 1143 933 τῆςΚαινῆς
1161 865 1353 934 δηλαδὴ
1372 865 1658 935 Διαθήκης,

1807 877 1845 916 te
1866 872 2144 930 parentum
2170 864 2521 919 sanctissimae
2556 866 2888 931 recordatus,
2924 882 2986 921 ac
3007 882 3123 921 sese
3141 867 3305 921 divini

57 948 174 1016 τῆς
215 948 325 1003 διὰ
358 950 447 1001 τοῦ
475 951 723 1020 Σωτῆρος
745 952 901 1019 ἡμῶν
951 954 1079 1003 πᾶσι
1114 956 1220 1015 τοῖς
1258 954 1429 1005 ἔθνεσι
1460 971 1662 1022 κατηγ-

1807 954 2024 1005 ultorem
2047 950 2315 1018 Numinis,
2342 970 2636 1024 verumque
2662 956 2962 1022 llebrasum,
2986 958 3092 1029 ηομ
3117 973 3173 1010 re
3196 959 3309 1026 ipsa

52 1039 392 1109 γελμένης·
432 1040 467 1093 ἃ.
496 1041 584 1093 καὶ
630 1037 727 1093 ὦδε
756 1042 937 1104 τέλους
964 1043 1169 1113 ἔτυχεν,
1254 1046 1347 1096 καὶ
1375 1044 1662 1112 ἀναπεφώ-

1807 1046 1945 1098 tinus
1966 1060 2125 1112 quam
2159 1046 2399 1099 oratione
2423 1045 2717 1114 professus,
2737 1059 2941 1116 turpem
2972 1064 3033 1101 ac
3056 1048 3311 1104 libidino-

54 1146 266 1198 νηται.
318 1132 453 1184 Ἀλλ’
486 1132 669 1202 ἐπειδὴ
704 1132 789 1185 τὸν
819 1134 923 1185 τῶν
956 1134 1058 1203 πρὸ
1090 1136 1363 1198 Μωῦσέως
1404 1135 1663 1206 Ἐϐραίων

1807 1154 1881 1191 am
1911 1138 2281 1191 mulierculam
2306 1139 2607 1194 robustiore
2629 1142 2842 1195 dextera
2866 1142 3032 1195 victor
3053 1144 3307 1204 excussit.

64 1220 197 1289 βίον
223 1225 292 1274 ὲν
317 1223 481 1291 ὀλίγῳ
512 1222 914 1292 διεληλύθαμεν,
957 1226 1049 1276 καὶ
1088 1224 1175 1276 τόν
1204 1243 1263 1291 γε
1294 1229 1391 1296 τῆς
1421 1229 1539 1279 κατ’
1564 1229 1662 1279 αὺ-

1807 1244 1831 1283 c
1853 1230 2011 1299 312
2034 1230 2250 1298 perinde
2269 1240 2326 1283 ut
2346 1232 2390 1283 si
2407 1245 2469 1283 ex
2489 1230 2767 1287 horrendae
2785 1230 3117 1301 furentisque
3132 1233 3313 1286 bestia

61 1316 210 1375 τοὺς
248 1313 532 1375 εὐσεϐείας
588 1315 903 1399 χαρακτῆρα
938 1316 1372 1384 παρεστήσαμεν,
1421 1316 1537 1386 ὥρα
1573 1318 1662 1369 καὶ

1807 1321 2017 1375 entibus
2049 1336 2164 1375 sese
2197 1321 2510 1389 proriperet,
2535 1323 2691 1377 saluti
2717 1338 2828 1377 sua
2863 1322 2984 1393 fuga
3021 1323 3311 1377 consuluit.

65 1407 173 1457 τὸν
201 1405 539 1473 δογματικὸν
575 1406 751 1456 αὐτῶν
802 1406 1015 1474 τρόπον,
1046 1407 1151 1458 ἀπό
1176 1425 1231 1458 τε
1265 1408 1361 1477 τῆς
1389 1410 1659 1471 Μωῡσέως

1815 1427 1901 1464 um
1928 1412 2065 1465 idem
2100 1426 2280 1464 secum
2316 1412 2427 1480 ipse
2447 1427 2557 1465 rem
2583 1421 2789 1466 matura
2812 1414 3133 1484 cogitatione
3158 1428 3318 1481 repu-

75 1498 322 1571 γραφῆς
346 1498 435 1548 καὶ
475 1497 579 1548 τῶν
613 1498 903 1566 μετάὺτὸν
933 1499 1220 1569 προφητῶν
1243 1499 1655 1568 ἐπισκέψασθαι.

1807 1516 1941 1554 ins-.t
1976 1502 2034 1555 Si
2066 1502 2316 1557 dominus
2347 1517 2499 1557 meus
2524 1511 2740 1573 propter
2772 1520 2856 1559 me
2901 1505 3032 1559 nihil
3060 1509 3203 1560 novit
3233 1520 3321 1559 eo-

85 1612 227 1648 rum
262 1610 380 1664 quze
414 1602 539 1648 sunt
566 1592 617 1643 in
641 1592 800 1644 domo
839 1592 971 1658 ejus,
1012 1602 1065 1645 et
1098 1594 1276 1646 omnia
1305 1610 1424 1665 quae
1454 1595 1523 1647 ibi
1551 1604 1674 1649 sunt
1713 1596 1932 1650 tradidit
1977 1596 2028 1649 in
2060 1612 2253 1652 manus
2281 1613 2449 1665 meas,
2474 1599 2744 1668 quomodo
2764 1601 2966 1654 malum
2992 1603 3095 1655 hoc
3117 1601 3317 1671 grande

95 1692 331 1755 faciam,
369 1702 421 1746 et
449 1692 681 1761 peccaho
704 1690 754 1742 in
774 1698 1061 1757 conspectu
1100 1690 1191 1743 Dei
1219 1690 1327 1742 ’δεῖν
1366 1689 1722 1756 Quamobrem
1752 1692 1892 1747 Deus
1930 1709 2051 1747 eum
2102 1704 2400 1762 praepotens
2447 1704 2700 1762 tanquam
2734 1695 2923 1748 illustri
2958 1696 3180 1749 victoria
3223 1711 3321 1748 no-

106 1788 295 1852 bilem,
354 1788 531 1857 dignis
564 1788 761 1840 virtute
813 1776 1050 1853 praemiis
1085 1786 1428 1851 bonestavit,
1469 1785 1918 1855 dominorumqne
1980 1799 2199 1838 suorum
2230 1828 2244 1852 ,
2299 1789 2406 1842 imo
2449 1789 2617 1843 totius
2662 1791 2822 1845 etiam
2872 1790 3083 1861 Egypti
3116 1793 3318 1859 princi-

99 1894 229 1948 pem
266 1880 770 1947 moderatoremque
801 1878 1100 1933 constituit.
1134 1877 1307 1946 Atque
1336 1879 1380 1931 is
1403 1875 1659 1931 Hebraeus
1696 1879 1942 1931 similiter
1972 1888 2132 1947 atque
2181 1894 2249 1932 ex
2297 1877 2529 1936 Hebraeis
2586 1891 2735 1937 satus
2782 1891 2915 1947 erat,
2939 1899 3043 1936 non
3067 1882 3316 1947 Judaeus;

94 1986 204 2026 nec
241 1973 391 2025 enim
443 1969 748 2025 Judaaorum
810 1971 984 2024 adhuc
1017 1985 1146 2038 gens
1207 1970 1316 2022 ulla
1371 1970 1645 2023 coaluerat
1678 1989 1690 2023 :
1733 1971 1871 2023 idem
1916 1980 2093 2039 tamen
2124 1972 2179 2024 in
2232 1973 2473 2026 virorum
2510 1973 2587 2026 uti
2616 1971 2723 2027 Deo
2752 1974 3219 2039 charissimorum,
3246 1978 3321 2030 ita

94 2066 269 2136 longe
326 2062 762 2119 felicissimorum
810 2063 982 2117 classe
1027 2046 1365 2131 numeroque.
1404 2072 1673 2116 censetur.
1718 2062 1917 2117 Deinde
1964 2079 2113 2129 vero,
2165 2052 2327 2135 longa
2386 2080 2478 2134 per
2520 2065 2736 2120 eosdem
2787 2064 3036 2134 Hebraeos
3078 2079 3321 2137 postero—

96 2170 230 2209 rum
262 2155 408 2211 serie
435 2164 742 2226 propagata,
772 2169 897 2207 cum
927 2153 1037 2222 jam
1077 2168 1140 2207 ex
1176 2153 1243 2208 iis
1286 2151 1515 2209 conflata
1541 2150 1850 2207 Judazorum
1902 2153 2069 2217 natio,
2119 2154 2286 2209 multa
2336 2154 2391 2209 in
2431 2155 2545 2209 dies
2586 2155 2769 2210 sobole
2814 2156 3079 2226 glisceret,
3124 2158 3324 2215 factum

96 2260 189 2302 est
228 2250 421 2304 nescio
449 2264 557 2318 quo
594 2256 767 2316 pacto,
803 2257 859 2301 ut
881 2263 1003 2302 cum
1049 2248 1218 2317 prima
1275 2248 1388 2314 illa,
1430 2263 1593 2317 quam
1644 2262 1673 2302 a
1712 2246 1821 2302 Deo
1876 2248 2211 2303 charissimis
2238 2248 2533 2319 majoribus
2578 2260 2893 2321 acceperant
2921 2288 2934 2313 ,
2996 2252 3210 2323 pietatis
3265 2270 3327 2307 ac

94 2346 398 2413 religionis
430 2345 693 2399 institutio
735 2343 1010 2398 debilitata
1060 2344 1315 2414 paulatim
1366 2345 1664 2413 obtusaque
1702 2322 2047 2398 bebesceret:
2082 2353 2192 2397 tum
2242 2359 2367 2397 vero
2411 2351 2621 2398 tantum
2649 2344 2789 2413 apud
2833 2358 2925 2397 eos
2956 2341 3325 2412 Aigyptiorum

90 2441 350 2494 societas
403 2441 817 2508 communioque
887 2448 1088 2509 posset,
1144 2447 1202 2492 ut
1259 2438 1446 2508 patria:
1504 2437 1717 2491 virtutis
1755 2444 2106 2491 evanescente
2157 2437 2435 2502 memoria,
2492 2437 2570 2490 sic
2618 2434 2988 2507 Egyptiorum
3040 2451 3217 2491 mores
3266 2452 3330 2490 ac

100 2534 273 2589 ritu?
304 2534 604 2599 induerent,
652 2535 784 2587 nihil
820 2543 877 2587 ut
925 2535 1065 2588 inter
1090 2534 1369 2602 utriusque
1406 2532 1587 2601 populi
1642 2532 1765 2585 vita:
1803 2546 1970 2601 genus
1995 2531 2324 2585 discriminis
2344 2545 2461 2585 esse
2485 2532 2771 2584 videretur.
2808 2529 2925 2595 Quo
2954 2533 3005 2583 in
3034 2544 3210 2582 rerum
3240 2544 3328 2581 πμ

103 2630 306 2693 ticulo,
345 2640 562 2699 patrum
594 2630 680 2683 ille
719 2645 940 2683 suorum
978 2629 1117 2683 Deus
1158 2627 1371 2699 Moysen
1418 2628 1485 2681 ad
1533 2643 1627 2682 eos
1678 2610 2035 2696 legislatorem
2114 2626 2298 2690 mittit,
2349 2626 2521 2694 iisque
2570 2624 3012 2695 promissionibus
3074 2622 3230 2675 ﬁdem
3277 2636 3334 2673 re

106 2725 239 2795 ipsa
278 2727 557 2789 conciliat,
580 2726 779 2795 quibus
810 2740 1000 2778 eorum
1044 2739 1161 2779 sese
1207 2724 1532 2792 majoribus,
1586 2723 1781 2777 divinis
1827 2723 1986 2776 etiam
2018 2721 2249 2775 oraculis
2282 2721 2656 2776 obstrinxerat.
2703 2718 2836 2772 Tum
2894 2718 2978 2781 iis,
3043 2733 3161 2785 quas
3203 2716 3335 2769 scri—

104 2829 204 2889 pta
236 2821 505 2889 leguntur,
540 2821 835 2884 miraculis,
863 2828 1021 2888 atque
1054 2820 1324 2873 inusitatis
1354 2830 1477 2873 ante
1538 2818 1793 2888 prodigiis
1861 2818 2029 2887 ipsius
2086 2832 2248 2871 manu
2306 2817 2643 2887 perpetratis,
2696 2822 3075 2886 congruentem
3112 2812 3333 2865 audien-

108 2917 254 2970 tium
290 2915 532 2969 moribus
566 2916 735 2985 legem
786 2914 1108 2983 promulgat.
1153 2912 1473 2980 Cumvenim
1534 2912 1603 2966 ob
1652 2912 1915 2980 insignem
1965 2925 2175 2964 morum
2220 2912 2595 2981 asperitatem,
2644 2917 2858 2979 patrum
2908 2921 3129 2962 suorum
3166 2899 3335 2959 virtu-

106 3022 229 3065 tem
258 3009 501 3063 aemulari
537 3025 641 3063 non
694 3019 893 3078 posset,
955 3010 1021 3062 iis
1077 3016 1257 3075 utpote
1306 3005 1509 3057 morbis
1571 3004 1871 3057 animorum
1925 3004 2296 3058 laborantibus
2347 3012 2760 3058 consentaneam
2820 2999 3047 3054 instituti
3112 2998 3336 3066 vitaque

111 3105 391 3158 rationem
440 3105 512 3158 ita
562 3104 909 3174 praescripsit,
936 3112 995 3157 ut
1034 3103 1101 3155 de
1156 3100 1431 3156 nonnullis
1490 3098 1633 3152 clare
1687 3099 2077 3167 perspicueque
2131 3107 2427 3161 statueret,
2467 3097 2570 3152 alia
2626 3093 2976 3164 aanigmaticis
3019 3089 3338 3160 quibusdam

114 3201 301 3257 Sensis
333 3200 626 3262 involvens,
681 3208 834 3254 notas
878 3198 1134 3253 duntaxat
1186 3198 1509 3263 umbrasque
1556 3208 1755 3258 rerum,
1800 3208 1906 3246 non
1941 3202 2178 3261 apertam
2214 3192 2522 3260 nudamque
2543 3190 2838 3250 veritatem,
2862 3180 3247 3241 consectandas
3275 3179 3339 3232 iis

115 3293 593 3362 observandasque
650 3302 989 3363 proponeret.
1042 3294 1215 3361 Atque
1258 3287 1397 3344 hanc
1433 3288 1669 3343 Iudaicae
1708 3288 1841 3356 reip.
1889 3286 2141 3352 formam,
2188 3300 2308 3355 quae
2338 3301 2365 3339 ο
2415 3284 2603 3354 Moyse
2632 3282 2895 3337 delineata
2920 3278 3149 3347 primum
3178 3284 3229 3328 et
3258 3274 3341 3327 in-

122 3382 359 3439 formata
420 3382 613 3449 fuerat,
658 3386 724 3438 ad
775 3384 1075 3439 Servatoris
1137 3401 1307 3453 usque
1352 3384 1521 3438 nostri
1584 3382 1710 3436 Jesu
1743 3380 1941 3435 Christi
1991 3380 2275 3433 adventum
2326 3376 2513 3432 ﬂorere
2573 3390 2634 3429 ac
2678 3374 2853 3443 vigere
2903 3368 3215 3439 oportebat,
3264 3368 3341 3419 uti

130 3474 371 3529 futurum
410 3476 524 3529 suis
589 3477 799 3544 ipsimct
846 3475 1155 3531 Iudaeorum
1207 3478 1481 3546 prophetae
1532 3474 1765 3528 oraculis
1807 3473 2131 3527 cecinerant.
2166 3468 2298 3523 Nam
2342 3469 2535 3538 pirtim
2580 3468 2647 3520 ab
2700 3466 2817 3533 ipso
2842 3461 3054 3532 Moyse.
3086 3458 3277 3527 ρατιίιη
3312 3471 3341 3508 8

135 3572 477 3641 nequeutibus
522 3572 680 3642 313
722 3573 996 3640 prophetis
1026 3573 1139 3640 jam
1179 3573 1305 3625 olim
1350 3572 1661 3640 praedictum
1703 3568 1821 3634 fuit,
1855 3584 1959 3621 non
1985 3578 2107 3622 ante
2148 3567 2380 3620 sancitas
2419 3580 2445 3617 a
2502 3563 2679 3633 Moyse
2716 3560 2859 3628 leges
2894 3556 3225 3623 antiquatum
3253 3553 3341 3611 iri.

134 3681 292 3737 quam
339 3684 434 3723 eas
478 3666 724 3721 Christus
776 3666 907 3719 Novi
939 3665 1265 3718 Testamenti
1326 3667 1537 3719 tabulas
1586 3664 1859 3729 conderet,
1927 3678 2062 3731 quas
2106 3676 2250 3716 nunc
2293 3660 2507 3714 demum
2556 3654 2795 3725 ejusdem
2834 3648 3133 3705 Servatoris
3173 3644 3342 3698 Nostri

130 3776 376 3830 munere,
414 3765 665 3835 gentibus
689 3762 886 3834 passim
915 3760 1165 3814 omnibus
1218 3761 1516 3829 resignatas
1566 3768 1725 3828 atque
1762 3758 2050 3828 explicatas
2108 3758 2347 3824 adeoque
2390 3753 2763 3823 prmdicturum
2809 3746 3020 3835 illorum
3066 3739 3341 3835 veritatem

133 3861 251 3928 ipso
283 3875 462 3913 rerum
496 3859 639 3913 exitu
665 3856 1066 3926 comprobatam
1104 3854 1366 3907 videmus.
1405 3852 1510 3905 Sed
1568 3853 1822 3921 quoniam
1880 3852 1946 3906 de
2003 3847 2350 3903 Hebr-reorum
2404 3848 2637 3907 illorum,
2674 3840 2764 3910 qui
2804 3847 2924 3892 ante
2966 3833 3207 3928 Moysem‘
3232 3829 3342 3885 cia-

136 3926 385 4011 ruerunt,
416 3950 538 4004 vitae
575 3949 779 4003 ratione
826 3964 991 4018 pauca
1047 3946 1355 4008 libavimus,
1405 3959 1609 4012 suoque
1655 3945 1965 4012 religionem
2012 3942 2253 4011 ipsorum
2322 3939 2631 3992 charactere
2685 3945 2994 4004 expressam
3064 3926 3347 3995 consigna-

141 4050 366 4109 umque
384 4040 763 4110 produximus;
793 4053 1127 4108 consequens
1160 4045 1241 4091 est
1282 4036 1359 4090 uti
1388 4036 1500 4105 jam
1542 4052 1730 4090 eorum
1768 4036 2027 4089 doctrinae
2057 4033 2251 4103 capita,
2284 4041 2396 4085 tum
2433 4028 2628 4098 Moysis
2658 4026 2919 4095 ejusdem,
2948 4034 3059 4075 tum
3091 4018 3349 4089 posterio-

139 4150 264 4188 rum
289 4150 354 4190 ex
386 4138 757 4205 prophetarum
791 4136 1005 4204 scriptis
1054 4134 1366 4202 deprompta
1401 4131 1847 4200 contemplemur.

675 4253 1058 4304 ΚΕΦΛΛΑΙΟΝ
1087 4250 1160 4305 Θ¹.

2392 4241 2618 4299 CAPUT
2655 4240 2740 4294 IX.

145 4340 278 4407 Περὶ
310 4339 428 4394 τῶν
446 4344 587 4408 :zap"
611 4342 896 4411 Ἑϐραίοις
912 4340 1273 4411 δογματικῶν
1298 4337 1697 4407 θεωρημάτων.

218 4457 434 4528 Πρῶτος
456 4457 499 4509 δ’
520 4452 609 4510 οὖν
641 4458 891 4511 ἁπάντων
921 4458 1077 4521 αὐτὸς
1098 4458 1301 4519 ἐκεῖνος
1341 4458 1369 4509 ὁ
1404 4455 1702 4526 θαυμάσιος

144 4550 388 4619 Θεολόγος
421 4567 481 4602 τε
510 4549 601 4602 καὶ
628 4550 936 4620 νομοθέτης,
963 4550 1229 4603 πολιτείαν
1261 4548 1509 4619 εὐσεϐείᾳ
1535 4566 1704 4619 προσ-

140 4646 381 4716 ἥκουσαν
421 4642 506 4695 διὰ
531 4641 627 4711 τῆς
660 4643 861 4703 οἰκείας
893 4642 1105 4714 γραφῆς
1144 4640 1221 4711 τῷ
1273 4640 1534 4694 Ἰουδαίων
1565 4639 1704 4692 ἔθνει

143 4734 554 4809 προκαταδαλλό
562 4751 736 4805 μενος,
754 4731 813 4785 οὗ
842 4738 950 4797 τοῖς
974 4736 1168 4798 κοινοῖς
1188 4734 1281 4787 καὶ
1300 4750 1515 4803 πεπατη
1526 4732 1703 4801 μένοις

142 4826 299 4899 ᾠήθη
326 4829 437 4881 δεῖν
455 4825 752 4899 χρήσασθαι
775 4826 1071 4903 προοιμίοις
1087 4827 1191 4879 τῶν
1204 4826 1372 4893 λόγων
1391 4842 1403 4853 ·
1424 4821 1706 4894 πῳλαόὼν

144 4918 205 4971 εὶ
231 4921 404 4976 πάντα
429 4920 589 4992 νόμον
618 4918 910 4988 πρακτικὸν
932 4916 1041 4987 (69)
1064 4919 1169 4971 τῶν
1187 4917 1468 4987 ποιητέων,
1491 4916 1582 4967 καὶ
1602 4913 1705 4966 τῶν

148 5014 207 5071 οὐ
233 5015 494 5085 ποιητέων
510 5010 954 5084 ἀπαγορευτικὸν,
974 5010 1069 5072 τάς
1090 5026 1147 5062 τε
1165 5010 1473 5080 δημοτελεῖς
1506 5009 1598 5061 καὶ
1619 5024 1709 5061 πο-

151 5104 360 5167 λιτικὰς
376 5106 501 5175 περὶ
515 5106 621 5158 τῶν
641 5106 773 5176 πρὸς
790 5102 1047 5172 ἀλλήλους
1069 5099 1405 5169 συμϐολαίων
1420 5099 1705 5165 διατάξεις,

152 5195 260 5249 ἀπὸ
288 5194 383 5265 τῆς
422 5194 645 5265 πατρίου
679 5193 951 5262 Θεολογίας
984 5192 1088 5243 δεῖν
1129 5189 1263 5259 (usto
1295 5189 1392 5258 τῆς
1433 5189 1708 5257 θεολογίας

154 5286 436 5358 ἄρξασθαι,
460 5286 557 5339 καὶ
589 5285 696 5355 (70)
718 5289 813 5356 τὴν
836 5284 1109 5356 καταρχὴν
1140 5280 1465 5352 ποιήσασθαι
1510 5282 1607 5350 τῆς
1630 5283 1707 5334 δι-

155 5380 466 5445 δασκαλίας,
503 5376 621 5432 οὐδὲ
645 5379 833 5449 ἑτέραν
867 5382 1096 5451 μάθησίν
1126 5379 1326 5434 οἰκείαν
1368 5380 1547 5446 νόμοις
1597 5376 1705 5447 (71)

233 5494 279 5525 ⁸⁸
306 5492 438 5548 Gen.
464 5504 651 5551 xxxix,
681 5489 735 5543 8.

230 5582 344 5656 (69)
400 5582 747 5656 Πρακτιξιόγ.
802 5580 1036 5656 Alterius
1093 5596 1380 5656 manuscr.‘
1424 5578 1705 5656 lectionem

161 5648 381 5709 seétuus
424 5648 580 5718 sum;
625 5650 783 5723 habet
829 5650 972 5705 enim
1022 5648 1446 5723 προστακτικὸν.
1495 5650 1580 5702 cui
1624 5665 1709 5705 se-

161 5739 335 5795 quens
362 5720 786 5795 ᾁτεαγοριοτικρν
810 5729 954 5795 recte
978 5720 1281 5789 oppdnitur.

232 5790 344 5863 (70)
376 5788 489 5861 Τῆς
510 5788 812 5860 θεολογίας
839 5788 1127 5857 ἄρξασθαι
1147 5831 1161 5859 ,
1194 5792 1308 5845 καί.
1342 5789 1462 5845 Haec
1490 5805 1517 5843 a
1548 5788 1710 5844 libra-

2129 4341 2465 4395 lfebrteorum
2495 4337 2745 4389 doctrina'
2770 4330 2987 4401 placita.
3083 4394 3095 4409 .

1876 4453 2126 4509 Omnium
2172 4466 2301 4521 ergo
2352 4426 2601 4519 princeps
2642 4443 2977 4499 admirabilis
3018 4440 3103 4492 ille
3148 4424 3350 4492 theolo-

1805 4563 1903 4616 gus
1946 4555 2105 4615 atque
2154 4542 2446 4611 legislator,
2490 4540 2623 4608 reip.
2676 4537 3063 4589 formam'jcum
3098 4526 3351 4616 religione

1805 4636 2145 4705 conjunctam
2193 4630 2330 4699 stylo
2374 4630 2488 4697 ipse
2512 4641 2613 4682 suo
2632 4623 2869 4679 Iudaica:
2885 4618 3027 4689 genti
3052 4615 3351 4678 delineans,

1806 4744 1911 4781 non
1938 4727 2046 4793 jam
2076 4721 2389 4791 vulgaribus
2417 4718 2523 4773 illis
2547 4728 2706 4786 atque
2729 4711 2978 4767 contritis
3002 4706 3260 4761 utendum
3286 4706 3353 4759 si-

1805 4818 1857 4872 bi
1891 4814 2125 4869 exordiis
2154 4813 2360 4883 putavit
2394 4829 2406 4865 :
2441 4809 2533 4864 sed
2584 4822 2704 4863 cum
2746 4814 2868 4857 ante
2908 4802 3017 4871 jam
3050 4800 3231 4855 animo
3274 4798 3351 4851 le-

1807 4924 1922 4979 gem
1978 4908 2323 4971 universam,
2384 4919 2489 4974 qua
2544 4899 2737 4971 partim
2789 4896 2990 4967 agenda
3016 4894 3349 4965 juberentur,

1807 5000 2000 5073 partim
2027 5008 2333 5053 vetarentur
2384 5012 2489 5050 non
2529 4992 2765 5063 agenda,
2809 4990 3156 5061 publicasque
3194 4983 3353 5037 simul

1808 5111 1871 5149 ac
1902 5094 2084 5148 civiles
2111 5100 2301 5147 mutuo
2327 5092 2464 5145 inter
2503 5101 2623 5142 sese
2649 5082 2999 5140 contrahendi
3030 5079 3265 5131 rationes
3292 5091 3353 5129 ac

1810 5188 2021 5257 regulas
2052 5184 2464 5255 descripsisset;
2494 5195 2557 5233 ex
2586 5177 2800 5249 prOpria
2832 5174 3095 5241 majorum
3132 5182 3353 5222 suorum

1809 5278 2076 5349 theologia
2124 5276 2380 5331 doctrinm
2420 5285 2533 5326 sua:
2578 5267 2881 5324 ducendum
2935 5262 3147 5316 initium
3200 5259 3355 5311 intel-

1811 5376 1939 5431 lexit
1975 5392 1987 5427 :
2026 5372 2168 5444 quod
2197 5369 2338 5425 aliud
2372 5366 2579 5423 nullum
2615 5360 2912 5430 disciplima
2961 5369 3129 5424 genus
3176 5354 3353 5421 legum

1814 5576 1894 5630 rio
1926 5570 2156 5641 quodam
2182 5581 2461 5641 perperam
2490 5567 2685 5619 inserta
2712 5570 2868 5623 sunt,
2903 5570 3021 5626 qua:
3070 5548 3356 5608 manuscri-

1815 5638 2027 5716 ptoriim
2056 5642 2202 5716 alter.
2219 5638 2495 5716 expungit.

1888 5696 1998 5780 (Ἠ)
2048 5696 2531 5780 Οὶκιείανίκόιῖοιςἶ
2563 5696 2961 5780 Mendosabaec
2996 5701 3149 5756 sunt,
3198 5698 3357 5756 atque

1818 5787 1871 5841 in
1892 5767 2109 5837 οἰκείων
2144 5767 2337 5848 νόμων,
2371 5767 2674 5837 invidetur,
2716 5767 2988 5825 mutanda.
