3976 6340
710 271 802 325 561
1367 275 1631 329 EUSEBII
1669 275 2138 330 CJESARIENSIS
2176 274 2321 329 OPP.
2364 273 2543 331 PARS
2578 274 2639 329 ll.
2679 305 2747 313 —
2777 273 3273 331 APOLOGET'ICA.
3828 280 3914 333 5.)"2

708 405 938 446 suarum
985 394 1170 459 pietati
1217 403 1636 448 consentaneum
1677 405 2021 463 agnosceret,
2073 405 2259 465 praeter

2363 393 2608 463 εὐσεϐείᾳ
2636 394 3007 463 προσήκουσαν
3030 393 3373 464 ἡγησάμενος
3423 393 3454 463 ἢ
3497 395 3594 465 τὴν
3634 396 3833 449 ἄνωθεν
3861 401 3911 451 ἐκ
3962 422 3963 425 η

708 498 833 535 eam
868 484 1155 553 theologia:
1183 486 1471 551 rationem,
1495 486 1743 554 quzejam
1782 486 1902 539 inde
1931 502 1959 540 a
1988 489 2175 555 primis
2214 488 2270 541 il-

710 569 780 627 lis
812 576 994 641 gentis
1028 592 1139 629 suae
1185 577 1496 644 parentibus
1538 576 1604 630 ad
1659 593 1754 630 sua
1814 593 1981 645 usque
2029 588 2269 645 tempora

708 675 1107 729 permanasset.
1142 668 1325 733 Itaque
1362 682 1392 719 a
1423 665 1531 718 Deo
1562 666 1679 733 ipso
1709 666 1934 733 patriam
1967 667 2267 734 priscorum

710 750 1065 808 Hebraeorum
1119 757 1440 825 theologiam
1496 767 1728 819 secutus,
1755 758 2065 825 auspicatur
2103 777 2116 811 :
2160 774 2265 812 non

713 842 826 912 jam
865 842 1264 915 Egyptiorum,
1301 856 1394 899 aut
1427 844 1743 900 Phoenicum
1768 889 1781 910 ,
1809 856 1900 900 aut
1938 848 2266 914 reliquarum

720 935 1001 989 nationum
1035 951 1204 998 more,
1237 952 1357 1005 qua:
1381 938 1743 1006 promiscuam
1787 938 1838 989 in
1871 937 2267 990 multitudinem

718 1027 1086 1080 venerandum
1120 1027 1246 1080 illud
1288 1026 1380 1080 Dei
1440 1043 1632 1081 nomen
1683 1028 1974 1095 abjicerent
2030 1037 2082 1081 et
2131 1030 2267 1081 alios

718 1116 935 1185 quidem
990 1118 1362 1186 aspectabiles,
1401 1119 1502 1171 hoc
1552 1129 1633 1173 est
1670 1108 1832 1172 inﬁxa
1889 1119 2026 1173 cmlo
2056 1120 2229 1172 sidera
2249 1160 2275 1183 ,.

716 1210 853 1264 alios
887 1219 1159 1277 aspectum
1194 1210 1457 1280 fugientes
1478 1211 1607 1265 deos
1635 1212 1963 1275 inveherent,
1984 1211 2174 1279 partim
2200 1225 2267 1263 ex

717 1300 1027 1356 hominibus
1080 1304 1205 1366 illis,
1236 1303 1329 1372 qui
1386 1303 1497 1372 jam
1550 1314 1672 1358 ante
1723 1305 2024 1367 vixissent,
2072 1302 2265 1371 partim

716 1392 879 1445 etiam
909 1408 1004 1446 eos
1029 1384 1335 1456 (Immunes,
1360 1394 1451 1462 qui
1482 1407 1654 1449 terras
1688 1403 1780 1447 aut
1815 1409 1995 1447 acrem
2042 1394 2263 1445 oberra-

715 1491 856 1545 rent,
893 1484 969 1535 uti
998 1486 1245 1552 superius
1274 1484 1326 1537 in
1360 1499 1545 1539 earum
1584 1485 1897 1553 opinionum
1939 1482 2265 1537 conlutatio—

714 1589 784 1627 ne
806 1575 1158 1649 ostendimus.
1190 1576 1257 1629 At
1284 1592 1413 1629 vero
1446 1576 1512 1629 ab
1543 1576 1770 1645 ipsomet
1808 1590 1988 1629 rerum
2020 1574 2264 1628 omnium

714 1678 955 1731 auctore,
1002 1682 1064 1720 ac
1094 1676 1203 1721 tam
1234 1682 1443 1733 earum,
1479 1682 1600 1735 quae
1641 1666 1806 1720 videri
1855 1681 1963 1719 non
2013 1674 2261 1733 possunt,

2379 485 2732 555 προπατόρων
2766 488 2844 547 εἰς
2866 486 3023 538 αὑτὸν
3052 487 3286 554 ἥκουσαν
3332 486 3628 556 θεολογίαν.
3675 490 3911 559 Ἀρχεται

2375 576 2550 625 τοίνυν
2577 576 2682 627 ἀπὸ
2708 575 2840 627 Θεοῦ
2867 575 3005 629 κατὰ
3037 575 3104 627 τά
3130 577 3329 646 πάτρια
3358 578 3458 646 τῆς
3504 577 3609 629 τῶν
3657 579 3911 647 προγόνων

2389 666 2642 736 Ἐϐραίων
2670 666 2941 734 θεολογίας
2961 683 2973 694 '
3008 666 3125 733 ουχὶ
3154 666 3300 733 φίλον
3347 667 3455 737 (72)
3495 668 3807 735 Αἰγυπτίοις
3837 670 3913 723 καί

2375 757 2602 821 Φοίνιξιν
2634 754 2720 828 ἦν,
2755 758 2786 827 ἢ
2824 760 2935 819 τοῖς
2964 758 3163 820 λοιποῖς
3191 757 3393 810 ἔθνεσιν
3420 761 3500 821 εὶς
3526 759 3724 828 πλῆθος
3767 777 3913 814 κατα-

2377 849 2624 900 ϐάλλουσι
2653 850 2748 919 τὴν
2782 848 3069 919 σεϐάσμιον
3105 850 3492 920 προσηγορίαν,
3520 850 3675 912 θεούς
3701 868 3762 903 τε
3796 854 3911 921 ὀρω-

2378 939 2566 1007 μένους
2595 941 2689 1007 μὲν
2718 941 2841 1002 τοὺς
2875 940 2993 991 κατ’
3020 940 3242 1010 οὐρανὸν
3274 942 3559 1010 φωστῆρας
3605 940 3909 1011 νομίζωσιν,

2375 1030 2594 1096 ἀφανεῖς
2621 1030 2675 1081 δὲ
2701 1032 2791 1082 xui
2814 1031 3073 1111 ἀοράτους
3113 1032 3237 1093 τοὺς
3268 1031 3324 1097 ἐξ
3358 1031 3656 1101 ἀνθρώπων
3684 1051 3908 1103 κατοιχο-

2378 1116 2599 1185 μένους,
2645 1116 2675 1187 ἢ
2724 1134 2814 1169 και
2844 1114 2965 1181 σοὺς
3012 1119 3249 1189 χθονίους
3278 1122 3369 1173 xui
3397 1124 3614 1193 ἀερίους
3651 1124 3906 1192 δαίμονας,

2374 1205 2512 1257 κατὰ
2549 1206 2614 1258 τὰ
2644 1207 2872 1277 πρόσθεν
2899 1209 3028 1278 ἡμῖν
3050 1208 3475 1279 ἀπεληλεγμένα.
3516 1211 3672 1262 Ἀλλὰ
3690 1210 3793 1281 γάρ
3822 1212 3907 1263 άπὸ

2370 1297 2463 1349 τοῦ
2498 1298 2710 1352 πάντων
2738 1300 2929 1363 αἰτίου,
2964 1300 3207 1370 ἀοράτων
3233 1318 3293 1352 τε
3320 1302 3411 1354 καὶ
3431 1302 3637 1371 ὁρατῶν
3670 1303 3733 1373 δη
3743 1320 3901 1375 μιουρι

2371 1388 2467 1454 γοῦ
2494 1388 2591 1458 τὴν
2624 1389 2899 1459 καταρχὴν
2931 1390 3023 1441 τοῦ
3057 1391 3245 1453 παντὸς
3266 1390 3422 1459 λόγου
3451 1394 3897 1463 πεποιημένος,νο-

2375 1478 2602 1547 μοθέτην
2643 1478 2845 1532 τοῦτον
2876 1475 3011 1531 εἶναι
3062 1481 3297 1533 διδάσκει
3338 1482 3436 1551 τῆς
3466 1482 3558 1534 τοῦ
3603 1484 3801 1546 παντὸς
3829 1502 3891 1537 σι-

2373 1569 2629 1632 στάσεως,
2656 1569 2840 1641 ὥσπερ
2867 1573 2992 1640 μιᾶς
3012 1588 3155 1633 τινος
3178 1573 3584 1641 μεγαλοπόλεως
3612 1573 3704 1625 τοῦ
3728 1576 3897 1645 κόσμου

2373 1658 2591 1728 βασιλέα
2630 1662 2994 1728 καταστήσας.
3026 1662 3270 1714 Παιδεύει
3302 1663 3583 1734 τοιγαροῦν
3612 1665 3898 1734 ἀρχόμενος,

712 1770 876 1823 quam
908 1772 1133 1819 earum,
1165 1774 1285 1826 qum
1328 1758 1573 1813 sensibus
1627 1766 1961 1827 usurpentur
2014 1756 2259 1809 molitore

2367 1750 2552 1802 τοῦτον
2598 1751 2846 1819 ἡγεῖσθαι
2886 1751 2959 1822 μὴ
3000 1753 3155 1821 μόνον
3187 1752 3294 1804 τῶν
3326 1754 3459 1823 πρὸς
3505 1754 3696 1817 αὐτοὺς
3731 1756 3901 1825 μικρὸν

714 1844 825 1901 Deo
882 1849 1048 1903 totius
1098 1850 1362 1903 orationis
1395 1850 1612 1903 initium
1634 1848 1857 1912 faciens,
1885 1862 2071 1902 verum
2111 1846 2260 1898 illum

716 1936 880 2006 hujus
916 1940 1283 1994 universitatis
1329 1941 1686 2010 legislatorem
1747 1954 1809 1993 ac
1868 1939 2261 1992 moderatorem

710 2042 831 2084 esse
848 2030 1024 2095 docet,
1058 2047 1438 2101 summumque
1462 2032 1625 2103 31h,
1646 2032 1809 2085 totius
1840 2031 2007 2095 orbis,
2038 2028 2261 2097 perinde

709 2131 870 2189 atque
897 2124 1057 2175 unius
1099 2122 1381 2190 cujusdam
1417 2138 1622 2192 magna:
1663 2121 1896 2175 civitatis
1922 2134 2098 2188 regem
2134 2132 2263 2171 con-

2363 1840 2585 1911 ῦστερον
2616 1842 3121 1913 διαταχθησομένων
3144 1844 3442 1915 ἀνθρώποις
3464 1846 3636 1914 νόμων
3660 1847 3899 1916 αὐθέντην

2363 1930 2498 1985 εἶναι
2527 1934 2618 1985 xui
2645 1933 2850 2003 κύριον,
2870 1934 3004 1987 ἀλλὰ
3022 1936 3114 1987 xui
3137 1935 3244 1988 τῶν
3270 1938 3325 1989 ἐν
3356 1940 3418 2007 τῇ
3463 1938 3619 2006 φύσει
3638 1938 3734 1989 τῶν
3753 1939 3887 1993 ὅλων.

2364 2024 2589 2078 Βασιλέα
2612 2025 2718 2097 γὰρ
2746 2027 2904 2079 αὐτὸν
2933 2028 3025 2080 xui
3058 2028 3349 2098 νομοθέτην
3377 2028 3470 2082 τοῦ
3507 2028 3797 2098 σύμπαντος
3817 2030 3896 2082 κό-

2366 2133 2501 2187 σμου
2530 2120 2785 2189 παριστᾷ.

709 2217 903 2272 stituit.
937 2215 1221 2271 Enimvero
1254 2219 1324 2271 ita
1358 2218 1601 2273 homines
1633 2219 1748 2286 ipso
1796 2217 1975 2270 statim
2024 2212 2286 2283 principio
2325 2212 2574 2278 instituit,
2616 2222 2675 2266 ut
2718 2214 2892 2282 ipsum
2945 2229 3051 2268 non
3092 2230 3276 2269 earum
3305 2216 3465 2271 modo
3492 2216 3693 2287 legum,
3726 2218 3903 2286 quibus

706 2313 922 2367 eosdem
963 2314 1125 2383 paulo
1153 2322 1273 2381 post
1302 2312 1691 2367 inl‘ormaturus
1727 2320 1864 2374 erat,
1928 2310 2018 2365 sed
2068 2310 2279 2363 illarum
2319 2308 2503 2369 etiam,
2562 2309 2760 2377 quibus
2818 2319 3010 2364 natura
3064 2313 3312 2366 universa
3368 2323 3596 2382 pareret,
3650 2322 3900 2369 auctorem

707 2419 828 2459 esse
855 2418 917 2457 ac
940 2403 1222 2457 Dominum
1260 2406 1634 2475 intelligerent.
1661 2402 1859 2473 Regem
1897 2401 2041 2455 enim
2072 2399 2245 2468 ipsum
2285 2399 2471 2452 mundi
2508 2400 2675 2455 totlus
2711 2416 2775 2456 ac
2801 2402 3167 2472 legislaturem
3190 2420 3309 2458 esse
3332 2406 3638 2460 conﬁrmat.

1320 2495 1547 2550 CAPUT
1584 2495 1650 2550 Χ,

808 2587 879 2640 De
901 2586 1130 2656 generali
1150 2586 1507 2654 Providentia,
1540 2598 1585 2640 et
1614 2586 1842 2639 universi
1864 2584 2150 2637 molitione.

777 2743 1059 2805 Videlicet.
1099 2754 1232 2799 nutu
1260 2744 1380 2814 ejus
1415 2753 1576 2813 atque
1623 2752 1886 2814 potestate
1922 2757 2074 2797 suam
2098 2740 2261 2794 rebus

705 2835 961 2888 omnibus
1009 2834 1300 2889 essentiam
1355 2844 1715 2903 naturamque
1758 2844 2009 2887 constare
2049 2851 2061 2886 :
2108 2833 2257 2900 ejus-

706 2927 935 2995 demque
986 2927 1194 2996 legibus
1254 2941 1315 2979 ac
1360 2928 1625 2988 terminis,
1675 2937 1797 2994 apte
1846 2937 2007 2993 atque
2046 2925 2256 2987 ordine,

709 3024 1013 3085 temporum
1059 3031 1254 3070 cursus
1292 3017 1544 3085 vicesque
1594 3016 1843 3069 describi.
1903 3017 1979 3066 Ac
2023 3016 2255 3083 primum

2902 2500 3292 2551 ΚΕΦΑΛΑΙΟΝ
3333 2497 3390 2552 Ι’.

2364 2586 2501 2652 Περὶ
2539 2586 2644 2653 τῆς
2665 2590 2920 2661 καθόλου
2943 2584 3245 2658 προνοίας,
3268 2593 3365 2643 καὶ
3398 2592 3527 2659 περὶ
3558 2591 3668 2661 τῆς
3701 2594 3891 2649 συστά-

2441 2673 2611 2720 σεως,
2646 2661 2739 2709 καὶ
2768 2659 3147 2728 δημιουργίας
3168 2662 3270 2713 τοῦ
3299 2664 3546 2729 κόσμου.

2430 2747 2671 2816 Νεύματι
2738 2750 2834 2817 μὲν
2897 2751 3003 2821 γὰρ
3052 2751 3215 2802 αὑτοῦ
3268 2754 3359 2803 xui
3399 2752 3641 2823 δυνάμει,
3683 2757 3779 2825 τὴν
3814 2756 3896 2808 τῶν

2361 2836 2608 2887 ἁπάντων
2655 2838 2906 2890 οὑσίωσιν
2949 2843 3264 2909 γεγονέναι,
3308 2844 3488 2911 νόμοις
3532 2844 3587 2896 δὲ
3644 2848 3741 2898 καὶ
3778 2850 3896 2916 ὅροις

2361 2926 2519 2977 πάλιν
2548 2928 2733 2992 αὑτοῦ,
2774 2930 2876 2999 όδῷ
2902 2933 2995 2984 καὶ
3028 2933 3176 2996 τάξει
3208 2935 3296 2985 τὸν
3326 2934 3613 3003 σύμπαντα
3640 2936 3897 3008 διακυϐερ-

2361 3020 2549 3071 νᾶσθαι
2578 3020 2764 3074 αἰῶνα.
2794 3022 2949 3091 Λόγῳ
2986 3024 3083 3092 μὲν
3112 3024 3217 3094 γὰρ
3243 3026 3333 3076 καὶ
3364 3026 3511 3093 νόμῳ
3540 3026 3674 3079 Θεοῦ
3714 3029 3898 3100 πρῶτον

704 3107 920 3174 quidem
972 3123 1038 3161 ex
1087 3109 1341 3163 omnibus
1395 3110 1592 3163 coelum
1627 3124 1759 3162 voce
1787 3108 2010 3178 legeque
2048 3107 2251 3171 divina,

2363 3112 2603 3165 ἁπάντων
2636 3114 2859 3185 οὐρανὸν
2893 3114 3273 3185 ἐστερεῶσθαι,
3310 3117 3399 3167 xui
3446 3117 3547 3184 γῆς
3577 3119 3637 3170 τὸ
3662 3118 3800 3192 βαρὺ
3827 3122 3893 3171 καὶ

704 3189 1010 3253 firmitatem
1043 3217 1195 3255 suam
1245 3201 1569 3267 obtinuisse,
1598 3195 1940 3271 gravemque
1990 3208 2255 3252 terrarum

705 3292 925 3356 molem,
955 3302 1150 3360 praeter
1183 3302 1389 3346 natura:
1417 3308 1530 3346 suae
1573 3294 1964 3358 conditionem,
1992 3292 2255 3345 leviorum

699 3380 1088 3435 elementorum
1110 3384 1161 3435 in
1190 3384 1365 3437 medio
1394 3384 1587 3436 mirum
1612 3386 1663 3436 in
1700 3386 1914 3435 modum
1941 3398 2255 3451 suspensam

703 3487 767 3526 ac
810 3472 1060 3526 libratam
1112 3473 1442 3538 constitisse,
1474 3489 1605 3527 voce
1640 3474 2105 3543 legeque'divina,
2137 3489 2258 3525 mu-

702 3578 849 3621 tuam
879 3566 1251 3635 alternamque
1288 3566 1461 3619 noctis
1488 3581 1551 3619 ac
1583 3566 1689 3619 diei
1719 3565 2127 3619 conversionem
2161 3565 2254 3617 [ie-

704 3661 772 3721 ri,
802 3674 929 3711 voce
980 3659 1202 3727 legeque
1233 3659 1415 3711 divina
1449 3658 1617 3711 solem
1662 3647 1869 3726 ipsum,
1898 3658 2106 3720 lunam,
2136 3657 2257 3709 reli-

701 3765 1045 3818 quorumque
1071 3751 1307 3805 siderum
1342 3751 1567 3804 chorum
1609 3750 1837 3820 eleganti
1883 3751 2256 3820 conciunoque

708 3852 858 3896 motu
894 3844 1079 3897 orbem
1138 3859 1295 3897 suum
1339 3845 1622 3899 coniicere.
1666 3842 1806 3913 Lege
1854 3842 2051 3895 summi
2092 3841 2255 3911 Regis

708 3936 1126 3989 conversionum
1183 3935 1543 4001 mutationes,
1569 3944 1871 4003 temporum
1919 3933 2251 3997 discrimina,

700 4042 967 4080 annorum
1001 4028 1257 4091 circulos,
1284 4042 1599 4095 annuasquc
1624 4034 1993 4094 tempestates,
2012 4039 2134 4077 cum
2161 4024 2257 4076 ad-

702 4118 937 4171 mirabili
998 4119 1162 4172 totius
1228 4120 1465 4171 universi
1534 4131 1811 4171 consensu
1865 4115 2255 4181 harmoniaque

700 4210 982 4278 compleri.
1012 4208 1199 4262 Divina
1233 4209 1367 4277 lege,
1398 4208 1629 4261 hiemem
1661 4206 1790 4268 veri,
1816 4214 1977 4273 atque
2009 4205 2109 4255 hoc
2129 4220 2255 4256 con-

700 4303 1043 4373 sequentium
1079 4310 1457 4369 tempestatum
1491 4298 1701 4351 vicibus
1748 4298 1938 4350 cedere
1976 4313 1988 4347 :
2043 4294 2253 4356 eadem,

698 4395 837 4449 altos
859 4388 920 4448 ac
948 4392 1248 4464 profundos
1286 4389 1486 4446 Oceani
1508 4391 1741 4444 vortices
1766 4388 2005 4441 hibernis
2031 4388 2251 4441 azstibns
2280 4431 2325 4485 Β

700 4495 859 4553 atque
890 4485 1233 4539 eluvionibus
1291 4485 1647 4548 exundantes,
1704 4498 1927 4537 suorum
1964 4496 2080 4534 sese
2136 4495 2275 4531 man

695 4578 836 4629 rium
874 4578 1091 4640 linibus,
1122 4592 1259 4645 quos
1280 4576 1549 4629 transilire
1573 4592 1680 4628 non
1706 4574 1924 4637 audent,
1950 4572 2245 4626 includere:

696 4667 905 4725 vadem,
934 4676 1198 4720 terrarum
1232 4668 1431 4721 siccam
1466 4666 1779 4737 aridamque
1828 4675 2098 4728 naturam,
2156 4663 2248 4714 de-

694 4758 986 4811 ﬂuentibus
1017 4759 1300 4823 imbribus,
1328 4775 1391 4814 ac
1418 4758 1630 4814 nivibus
1660 4758 1870 4810 modice
1892 4756 2249 4811 allabentihus

695 4851 995 4919 irrigruam,
1030 4849 1237 4903 inﬁnita
1274 4852 1583 4919 plantarum
1616 4856 1671 4901 et
1702 4849 2057 4905 animantium
2096 4863 2249 4918 gene-

687 4961 752 4997 ra
785 4943 1097 5013 producere.
1164 4940 1282 4995 Uno
1306 4945 1491 5007 verbo,
1527 4953 1773 4997 naturam
1803 4942 1971 5006 illam,
1999 4957 2249 4996 commu-

688 5051 813 5090 nem
861 5051 1043 5111 rerum
1094 5043 1369 5103 parentem
1425 5037 1707 5101 omnium,
1763 5033 1855 5089 Dei
1897 5033 2246 5107 praepotentis

688 5125 915 5180 Numini
951 5129 1301 5191 servientem,
1333 5127 1530 5184 divinis
1552 5120 1695 5196 ejus
1722 5128 1928 5198 legibus
1974 5127 2244 5182 consiliis-

694 5235 798 5285 que
831 5234 1038 5287 parere.
1071 5220 1181 5276 Nec
1208 5220 1351 5275 enim
1386 5220 1624 5288 profecto
1652 5237 1785 5278 casu
1809 5237 1871 5275 ac
1901 5230 2119 5283 temere,
2150 5233 2248 5271 nec

687 5312 915 5369 fortuito
930 5330 991 5368 ac
1010 5314 1236 5369 rationis
1251 5322 1468 5382 experte
1484 5322 1653 5377 motu,
1671 5323 1877 5368 tantum
1898 5314 2041 5367 hunc
2056 5320 2109 5367 et
2138 5320 2247 5363 tam

759 5438 790 5469 ³
843 5445 955 5497 πα,
992 5427 1320 5497 θαυμασίως.

765 5540 875 5613 (72)
906 5542 1050 5611 Οὐχὶ
1080 5547 1282 5619 φίλον,
1312 5551 1415 5619 etc.
1475 5544 1682 5619 Locum
1709 5546 1856 5619 hunc
1900 5550 1973 5604 ita
2010 5550 2247 5619 concipit

692 5613 829 5691 alter
853 5628 1169 5691 [ποίημα-,ζ
1188 5618 1283 5685 οὐχ
1323 5614 1466 5691 ᾗπερ
1495 5613 1808 5691 Αἰγυπτίοις
1841 5621 1990 5687 φίλον
2013 5618 2101 5691 ἦν,
2133 5613 2243 5674 ἀλλ’

692 5683 812 5740 οὐδὲ
843 5683 1103 5751 Φοίνιξιν,
1144 5686 1175 5756 ἢ
1207 5683 1561 5751 τοῖς”λοι’ποῖς
1604 5688 1778 5741 ἔθνεσι
1817 5683 2245 5760 παραπλησίως,

2362 3204 2670 3273 στερέμνιον
2694 3206 2840 3275 παρὰ
2873 3205 2969 3274 τὴν
2990 3206 3194 3257 οίκείαν
3224 3205 3383 3273 φύσιν
3408 3207 3897 3280 λεπτομερεστέρολς

2357 3291 2462 3341 τῶν
2491 3293 2763 3359 στοιχείων
2792 3292 2937 3363 παρὰ
2963 3294 3125 3359 φύσιν
3151 3307 3176 3332 ι
3209 3296 3535 3367 ὲπαιωρεῖσθ
3550 3316 3625 3349 αι.
3666 3300 3819 3368 Λόγῳ
3857 3298 3898 3349 δὲ

2358 3382 2451 3433 xui
2476 3382 2622 3451 νόμῳ
2649 3383 2774 3451 θείῳ
2797 3385 2983 3447 νυκτὸς
3015 3387 3107 3438 καὶ
3136 3386 3342 3457 ἡμέρας
3367 3389 3456 3441 τὸν
3481 3374 3768 3458 ἀμοι6αῖον
3789 3390 3897 3441 ἁνασ

2360 3472 2668 3525 κυκλεῖσθαι
2699 3473 2892 3544 δρόμον
2918 3495 2929 3505 ·
2960 3476 3101 3547 λόγῳ
3135 3480 3268 3532 Θεοῦ
3297 3480 3391 3533 καὶ
3437 3480 3585 3556 νόμῳ
3624 3480 3719 3531 xui
3763 3477 3899 3532 αὑτὸν

2357 3563 2505 3633 ἥλιον
2531 3564 2622 3617 xui
2658 3565 2902 3638 σελήνην,
2940 3570 3032 3621 καὶ
3065 3569 3162 3641 τὴν
3184 3571 3289 3623 τῶν
3316 3571 3518 3624 λοιπῶν
3550 3571 3793 3641 ἀστέρων
3824 3587 3899 3639 χο-

2363 3656 2527 3727 ρείαν,
2564 3659 2619 3711 ὲν
2649 3658 2905 3728 πρέποντι
2936 3661 3124 3731 κόσμῳ
3148 3663 3243 3731 τὴν
3265 3663 3643 3732 προσήκουσαν
3674 3661 3900 3726 ὲεανύειν

2360 3746 2581 3816 πορείαν
2606 3764 2619 3775 ·
2644 3749 2790 3818 νόμῳ
2820 3748 2874 3800 δὲ
2900 3749 2990 3801 τοῦ
3014 3749 3286 3819 παμϐασιλ
3298 3750 3401 3812 έως
3423 3751 3637 3821 τροπῶν
3661 3751 3896 3819 ἀλλαγὰς.

2358 3838 2450 3889 xui
2476 3838 2771 3907 μεταϐολὰς
2799 3840 3025 3910 καιρῶν,
3066 3840 3307 3892 ἐνιαυτοῦ
3324 3857 3383 3891 τε
3413 3840 3662 3906 κύκλους,
3698 3840 3895 3902 καὶτὰς

2358 3928 2604 3997 ἐτησίους
2631 3927 2777 3999 ὥρας
2810 3932 2876 3999 τῇ
2905 3928 3256 3997 παναρμονίῳ
3296 3928 3389 3981 τοῦ
3435 3929 3628 3993 παντὸς
3670 3932 3899 4002 ἀποπλη-

2361 4022 2578 4092 ροῦσθαι
2599 4022 2913 4093 συμφωνίᾳ’
2948 4022 3094 4092 νόμῳ
3121 4020 3255 4073 Θεοῦ
3295 4023 3535 4092 χειμῶνα
3568 4024 3667 4095 μὲν
3702 4027 3898 4095 ὑποχω-

2358 4116 2469 4184 ρεῖν
2492 4114 2632 4185 ἔαρι,
2662 4115 2818 4167 τοῦτο
2844 4116 2899 4168 δὲ
2937 4118 3053 4177 ταῖς
3084 4114 3311 4183 ἄγχιστα
3337 4115 3447 4167 τῶν
3477 4116 3636 4187 ὡρῶν
3658 4122 3895 4189 τροπαῖς·

2357 4208 2447 4259 xui
2475 4208 2739 4277 θαλάττης
2761 4207 2816 4259 δὲ
2845 4206 3057 4275 βυθοὺς,
3078 4206 3197 4266 ταῖς
3222 4206 3515 4275 χειμαδίοις
3544 4205 3894 4277 πλημμυρίσιν

2357 4298 2862 4367 ἐπικυματίζοντας,
2902 4296 3050 4365 νόμῳ
3081 4294 3209 4371 θείῳ
3252 4299 3363 4360 τοῖς
3398 4299 3619 4363 οίκείοις
3654 4302 3898 4351 ἐναποκε-

2358 4388 2594 4442 κλεῖσθαι
2619 4390 2893 4456 πελάγεσι,
2923 4388 2996 4449 ὡς
3019 4386 3151 4457 μηδὲ
3178 4390 3300 4452 τοὺς
3319 4389 3476 4461 ὅρους
3505 4392 3614 4445 τῶν
3648 4390 3800 4462 ἱερῶν
3824 4389 3901 4444 νό-

2361 4499 2474 4552 μων
2498 4481 2840 4551 ὑπερόαίνειν
2863 4480 3064 4550 τολμᾷν
3089 4497 3099 4508 ’
3131 4480 3223 4533 καὶ
3251 4481 3347 4552 τὴν
3382 4481 3551 4553 ξηράν
3596 4482 3780 4534 οὐσίαν
3810 4480 3895 4549 ὀμ-

2356 4572 2526 4643 ϐρίοις
2553 4574 2751 4643 νάμασι
2784 4575 2877 4627 xui
2905 4576 3141 4641 νιφετοῖς
3174 4575 3318 4645 νόμῳ
3352 4572 3479 4642 θείῳ
3512 4571 3673 4624 πάλιν
3705 4572 3892 4642 συμμέ.

2355 4683 2495 4736 τρως
2533 4666 3060 4736 ἐπιχορηγουμένοις,
3096 4666 3396 4738 ἀρδομένην
3435 4663 3532 4733 τὴν
3570 4663 3714 4734 γῆν,
3752 4664 3898 4737 μυρία

2355 4758 2482 4827 γένη
2515 4757 2692 4825 φυτῶν
2717 4774 2775 4808 τε
2798 4760 2885 4809 xui
2913 4757 3063 4823 ζώων
3087 4759 3416 4813 ἀναδιδόναι·
3441 4755 3519 4807 ἑνί
3549 4771 3609 4807 τε
3630 4754 3797 4828 λόγῳ,
3818 4756 3903 4829 τὴν

2356 4851 2684 4920 παμμήτορα
2714 4848 2817 4902 τῶν
2848 4850 2981 4904 ὅλων
3011 4852 3191 4921 φύσιν,
3234 4846 3609 4920 προστάγματι
3652 4848 3793 4903 Θεοῦ
3827 4849 3901 4901 δι-

2354 4942 2710 5014 δουλωμένην,
2750 4936 2929 5015 νόμοις
2951 4944 3112 5007 θείοις
3151 4940 3392 4997 ὑπείκειν
3428 4941 3519 4993 καὶ
3550 4944 3619 5017 τῇ
3661 4943 3903 4997 τοῦπαν-

2336 5026 2614 5104 ηγεμόνος
2645 5034 2777 5087 Θεοῦ
2808 5036 2989 5105 βουλῇ.
3050 5033 3141 5103 Μὴ
3159 5031 3267 5102 γὰρ
3294 5032 3433 5103 εἰκῆ,
3480 5032 3602 5106 μηδ’
3637 5034 3719 5099 ὡς
3739 5035 3903 5102 ἔτυχε,

2358 5128 2478 5195 μηδ’
2513 5127 2799 5199 αὐτομάτῳ
2845 5130 2938 5181 xui
2968 5127 3143 5194 ἀλόγῳ
3174 5122 3668 5196 φορᾷσυνεστάναι
3703 5127 3795 5181 τὸν
3817 5143 3903 5195 τη·

2354 5218 2591 5273 λικοῦτον
2618 5222 2927 5290 διάκοσμον,
2960 5218 3077 5287 μηδ’
3108 5217 3345 5269 ἀναιτίου
3368 5218 3577 5285 φύσεως
3594 5218 3763 5289 ἔργον
3784 5232 3905 5273 “ran

2353 5310 2529 5378 χάνειν
2561 5313 2620 5365 τὸ
2654 5312 2793 5381 μέγα
2820 5309 2975 5362 τοῦτο
3006 5308 3098 5363 xui
3132 5310 3448 5381 περικαλλὶς
3493 5310 3901 5381 τεχνούργημα·

2352 5560 2427 5621 εἰς
2461 5559 2643 5630 πλῆθ.,
2670 5566 2771 5630 etc_.
2804 5556 3043 5614 Rectius.
3075 5558 3271 5614 Saltem
3299 5574 3399 5628 pro
3422 5555 3541 5626 οὐχί
3573 5556 3809 5611 omnino
3830 5567 3905 5609 re-

2352 5624 2580 5699 poneml.
2609 5631 2705 5698 οὐχ
