4020 6342
32 293 135 348 533

1175 297 1177 300 ‘
1238 304 1547 360 PRASPAR.
1589 306 1835 363 EVANG.
1882 307 2006 361 LlB.
2056 306 2156 362 vn.
2255 285 2259 289 ’

3197 306 3298 359 δδι

32 407 151 461 ῗίλλ’
178 407 365 467 εἶναι
402 409 514 484 μὲν
532 415 738 485 ποίημα
758 415 852 468 τοῦ
879 415 1149 482 πανσόφου
1178 414 1285 467 τῶν
1328 416 1461 468 ὅλων
1486 417 1636 487 ’ἀρχιι

1756 419 2085 488 singularem
2118 428 2363 472 ornatum
2392 420 2677 483 exstitisse,
2706 434 2804 475 nec
2831 436 2984 475 eaeeae
3000 420 3294 475 ulliincon-

32 499 359 567 τέκτονος,
405 506 497 557 τοῦ
526 506 582 558 δὲ
614 506 774 559 αὐτοῦ
803 506 975 573 λόγοις
1000 507 1089 558 καὶ
1126 506 1305 574 νόμοις
1349 510 1510 578 ἱεροῖς
1538 510 1652 560 δια-

32 592 482 661 ιυὸερνᾶσθαι.
520 594 707 647 Ἔνθεν
742 597 1038 665 ἀρξάμενος
1066 596 1093 645 ό
1112 597 1407 666 προφήτης,
1431 598 1521 649 καὶ
1552 599 1655 668 πρὸ

32 683 132 751 τῆς
168 685 521 754 ἀνθρώπων
562 685 876 756 νομοθεσίας
909 688 1031 749 τοὺς
1066 688 1198 757 περὶ·
1232 688 1330 757 τῆς
1371 687 1477 740 τῶν
1520 689 1654 740 ὅλων

32 773 287 841 φύσεως
316 776 638 847 προστάξας
662 777 873 847 νόμους,
927 778 1202 848 πρώτιστα
1253 780 1463 833 πάντων
1492 798 1654 852 προσ-

32 863 190 931 Ιχειν
223 866 326 934 τῷ
355 868 692 937 παμϐασιλεί
721 869 837 939 Θεῷ
862 872 956 924 καὶ
983 884 1005 910 δ
1049 870 1450 942 άποῤῥᾳθυμεῖν
1491 872 1650 925 αὑτοῦ

32 956 150 1007 τῶν
198 958 418 1027 νόμων
442 959 873 1029 παρεκελεύσατο
896 979 908 991 ·
942 962 1023 1014 ὅτι
1061 963 1123 1033 δὴ
1152 964 1243 1015 καὶ
1278 962 1436 1024 αὐτὸς
1482 963 1648 1031 ἥλιος,
1680 973 1688 981 ’

32 1046 300 1114 οὐρανός
328 1065 400 1100 τε
428 1049 521 1100 καὶ
549 1047 768 1118 κόσμος,
795 1050 867 1119 γῆ
894 1067 952 1102 τε
971 1036 1064 1103 καί
1088 1050 1157 1103 τά
1177 1051 1266 1103 ἐπὶ
1288 1050 1389 1119 γῆς
1417 1050 1646 1115 ἅπαντα,

36 1133 145 1186 ὃσα
191 1152 266 1188 τε
306 1137 459 1207 ἔργα
489 1136 697 1205 φύσεως
722 1133 856 1191 εἷναι
879 1139 1201 1209 νενόμισται,
1228 1140 1458 1203 ἐντολαῖς
1487 1142 1649 1194 αὑτοῦ

44 1224 143 1275 καὶ
174 1224 543 1289 διατάξεσιν,
580 1227 741 1297 ἱεροῖς
764 1240 832 1281 τε
846 1227 1027 1297 νόμοις
1061 1229 1153 1281 καὶ
1178 1229 1351 1297 λόγοις
1392 1228 1644 1282 δουλεύει.

46 1314 143 1369 Διὸ
178 1315 289 1367 καὶ
325 1316 537 1385 μᾶλλον
562 1318 753 1387 χρῆναι
782 1317 839 1369 τὸ
867 1316 1193 1388 ἀνθρώπειον
1224 1319 1396 1387 γένος,
1439 1321 1499 1372 οὐ
1524 1337 1647 1390 σμι-

50 1406 195 1477 κρὸν
234 1406 421 1477 μέρος
451 1408 715 1477 τυγχάνον
742 1408 834 1460 τοῦ
865 1408 1078 1472 παντὸς,
1113 1408 1253 1461 κατὰ
1278 1410 1337 1462 τὸ
1363 1410 1650 1463 ἀκόλουθον

45 1499 173 1559 τοῖς
210 1495 393 1561 θείοις
414 1499 768 1569 προσανέχειν
788 1499 1134 1569 διατάγμασι,
1163 1500 1283 1570 μηδ’
1303 1501 1648 1556 ἐλαττοῦσθαι

55 1586 179 1640 τῶν
202 1588 362 1641 κατὰ
390 1589 557 1659 μέρος
585 1590 875 1663 στοιχείων.
906 1591 980 1661 Γῇ
1015 1591 1109 1661 μὲν
1136 1590 1242 1662 γὰρ
1286 1593 1342 1644 ἐν
1392 1592 1532 1663 ἀρχῇ
1562 1611 1648 1647 νο-

68 1678 388 1748 μοθετῆσαι
417 1680 510 1733 τὸν
536 1682 781 1751 φήσαντα
804 1698 819 1716 ·
851 1699 869 1731 ‹
904 1682 1262 1753 Βλαστησάτω
1310 1685 1343 1753 ή
1387 1685 1457 1753 γῆ
1488 1684 1647 1753 βοτά-

70 1789 171 1841 νην
200 1774 410 1843 χόρτου
429 1814 445 1839 ,
490 1778 704 1847 σπεῖρον
745 1776 962 1845 σπέρμα
988 1776 1125 1829 κατὰ
1148 1775 1320 1841 γένος,
1366 1779 1458 1830 καὶ
1486 1776 1636 1841 ξύλον

63 1865 367 1935 κάρπιμον
418 1866 604 1922 ποιοῦν
657 1868 896 1938 καρπόνο
946 1885 965 1919 ι
996 1867 1091 1938 τὴν
1119 1868 1195 1932 δὲ,
1229 1870 1344 1942 ἅμα
1387 1870 1529 1939 λόγῳ
1577 1870 1636 1923 τὸ

61 1956 330 2019 εὐπειθὲς
364 1958 809 2029 ἐπιδεικνυμένην
829 1957 903 2029 τῷ
920 1958 1084 2028 νόμῳ,
1105 1959 1255 2013 οὔπω
1273 1963 1366 2015 καὶ
1385 1964 1462 2025 εἰς
1481 1962 1637 2034 δεῦρο

55 2041 161 2116 τῆς
193 2047 363 2111 θείας
396 2050 774 2121 παραμελῆσαι
811 2050 1115 2115 διατάξεως.
1145 2052 1296 2105 Οὕτω
1320 2053 1376 2106 δὲ
1420 2055 1509 2107 καὶ
1540 2055 1637 2125 τὴν

64 2138 248 2208 ὑγράν
279 2141 496 2206 οὐσίαν,
537 2146 800 2212 φήσαντος
826 2143 916 2196 τοῦ
944 2142 1103 2197 Θεοῦ·
1136 2162 1154 2195 ‹
1202 2142 1542 2213 Ἐξαγαγέτω
1572 2145 1639 2198 τά

62 2226 238 2280 ῦδατα
272 2230 488 2300 ἑρπετά
520 2230 702 2302 ψυχῶν
734 2232 918 2296 ζωσῶν
941 2274 954 2299 ,
985 2234 1078 2287 καί¹
1110 2234 1327 2287 πετεινὰ
1373 2236 1638 2305 πετόμενα

68 2318 211 2371 κατὰ
239 2319 305 2370 τὸ
342 2321 627 2391 στερέωμα
649 2322 738 2375 τοῦ
775 2324 1024 2394 οὐρανοῦ,
1061 2345 1077 2376 ι
1112 2325 1224 2396 ἅμα
1250 2326 1388 2397 λόγῳ
1415 2327 1639 2399 τοῦργον

68 2408 403 2476 ἀποδοῦναι,
428 2411 653 2483 ὁρᾶσθαί
715 2431 773 2467 τε
805 2415 970 2469 εἰσέτι
1008 2415 1165 2488 δεῦρο
1191 2415 1268 2487 τῷ
1297 2417 1454 2487 ςνόμῳ
1499 2436 1638 2490 παρτ-

69 2496 307 2566 έχουσαν
332 2502 395 2587 τό
420 2504 713 2574 πειθήνιον.
742 2506 803 2559 Εἰ
824 2506 880 2559 δὲ
905 2506 967 2578 δὴ
992 2510 1084 2561 καὶ
1109 2508 1282 2578 ἦλιος,
1309 2510 1400 2562 καὶ
1422 2508 1634 2579 σελήνη,

53 2588 164 2643 καὶ
192 2592 456 2663 ἀστέρες,
484 2597 576 2648 τοῦ
605 2597 746 2649 θείου
764 2598 922 2668 νόμου
948 2601 1037 2652 καὶ
1063 2600 1241 2663 αὐτοῖς
1266 2601 1636 2671 διωρισμένου,

72 2680 197 2742 τοὺς
240 2683 483 2747 οἰκείους
517 2686 816 2739 ἀποδιδόναι
849 2688 1096 2758 δρόμους,
1142 2685 1276 2743 εἷναί
1309 2707 1366 2743 τε
1419 2691 1512 2743 καὶ
1562 2694 1639 2754 εἰς

72 2774 303 2839 σημεῖα,
363 2774 456 2826 καὶ
503 2774 582 2835 εἰς
614 2776 852 2845 καιροὺς,
905 2776 996 2828 καὶ
1027 2779 1105 2839 εἰς
1151 2779 1378 2849 ἡμέρας,
1423 2780 1516 2831 καὶ
1562 2782 1640 2841 εἰς

72 2861 381 2928 ινιαυτοὺς,
412 2864 471 2915 οὐ
511 2865 878 2935 παραμελοῦσι
929 2867 1025 2936 τῆς
1072 2869 1422 2937 νομοθεσίαςο
1461 2871 1542 2933 τίς
1574 2872 1639 2924 ἂν

75 2951 151 3003 ιτι
181 2968 265 3005 σοι
297 2955 534 3008 λείποιτο
555 2955 874 3026 συγγνώμης
897 2958 1167 3029 ἀποφυγὴ,
1201 2958 1306 3011 τῶν
1338 2959 1490 3012 θείων
1512 2978 1639 3013 κατ-

1747 510 2013 587 sultaeque
2036 518 2242 563 natura:
2268 512 2405 563 hanc
2428 520 2531 562 tam
2556 510 2783 587 ingentis
2831 522 3044 579 tamque
3080 512 3295 579 perfecti

1752 599 1928 667 aperis
1953 600 2181 666 speciem
2206 615 2324 654 esse
2354 599 2687 653 tribuendam
2714 617 2727 653 :
2754 601 2878 654 illud
2896 601 3132 669 quidem,
3160 610 3295 654 utex

1755 688 1953 742 summi
1981 704 2160 741 rerum
2223 690 2463 743 omnium
2526 690 2798 744 architecti
2851 690 3096 743 manibus
3166 705 3294 758 pro-

1751 776 1933 840 diisse,
1958 776 2133 844 315
2164 777 2237 830 ita
2277 778 2446 833 sacris
2474 778 2713 846 ejusdem
2742 779 2981 833 consiliis
3005 793 3067 831 ac
3087 779 3295 847 legibus

1752 866 2059 936 gubernari.
2094 866 2233 936 Ergo
2264 868 2387 921 inde
2407 869 2715 937 auspicatus
2734 869 3015 938 propheta,
3038 884 3099 922 ac
3117 869 3293 936 prius-

1752 973 1909 1027 quam
1946 958 2256 1012 hominibus
2289 960 2455 1027 legem
2485 959 2666 1023 ferret,
2711 960 2933 1014 sancitis
2960 963 3027 1015 de
3060 961 3291 1015 universi

1751 1060 1939 1104 natura
1971 1050 2200 1120 legibus,
2230 1060 2434 1105 mentes
2464 1051 2577 1119 ipse
2603 1060 2813 1105 nostras
2835 1052 2900 1105 ad
2927 1053 3122 1105 summi
3154 1051 3291 1121 regis

1750 1142 2076 1195 voluntatem
2102 1141 2484 1207 adhaerescere,
2511 1157 2573 1196 ac
2597 1141 2808 1210 penitus
2830 1142 2881 1194 in
2898 1141 3135 1209 ejusdem
3157 1156 3292 1210 prze-

1749 1236 1915 1304 ceptis
1968 1238 2309 1303 acquiescere
2358 1235 2526 1289 voluit
2559 1254 2571 1289 :
2604 1250 2775 1305 eoque
2823 1235 3019 1300 verius,
3055 1250 3161 1303 quo
3211 1236 3289 1288 soi

1748 1322 1862 1391 ipse
1883 1339 2117 1393 quoque,
2148 1324 2363 1385 caelum,
2401 1326 2654 1389 mundus,
2690 1336 2852 1388 terra,
2889 1341 3112 1395 quaeque
3136 1333 3290 1379 terra:

1748 1415 1869 1469 sinu
1903 1415 2244 1469 continentur
2274 1417 2474 1483 omnia,
2505 1426 2555 1471 et
2603 1426 2870 1487 quotquot
2898 1426 3100 1471 natura
3130 1430 3289 1484 opera

1748 1507 1950 1561 censeri
1976 1506 2165 1570 solent,
2198 1507 2436 1574 ejusdem
2467 1510 2734 1563 mandatis
2768 1509 3043 1577 sacrisque
3080 1510 3287 1578 legibus

1747 1605 1905 1666 atque
1934 1597 2161 1653 decretis
2184 1598 2573 1667 obtemperant.
2604 1598 2833 1668 Equius
2859 1600 3000 1654 enim
3025 1614 3142 1653 esse
3160 1615 3286 1668 pro-

1747 1688 1907 1753 feeto,
1941 1688 2016 1742 uti
2051 1689 2342 1742 humanum
2366 1691 2585 1759 proinde
2605 1706 2793 1759 genus,
2816 1706 2939 1759 pars
2963 1691 3146 1760 utique
3170 1690 3287 1743 uni-

1744 1780 1885 1832 versi
1921 1795 2025 1833 non
2065 1779 2277 1849 exigua,
2308 1780 2503 1835 divinis
2529 1782 2687 1834 etiam
2720 1781 2905 1836 edictis
2934 1783 3280 1851 obsequatur,

1735 1884 1833 1924 nec
1877 1885 1995 1942 sese
2040 1872 2143 1926 hoc
2168 1873 2220 1925 in
2254 1886 2443 1941 genere
2473 1888 2501 1924 a
2538 1872 2761 1939 singulis
2801 1872 3080 1925 elementis
3136 1869 3281 1927 vinei

1734 1961 1987 2027 patiatur.
2023 1958 2250 2031 Quippe‘
2273 1963 2440 2031 legem
2492 1962 2643 2015 initio
2694 1971 2847 2016 terra:
2876 1962 3179 2031 impositam
3216 1965 3282 2018 ab

1736 2063 1802 2102 eo
1833 2048 2020 2113 fuisse,
2053 2052 2146 2118 qui
2176 2052 2415 2118 dixerit;
2452 2071 2469 2101 ι
2499 2051 2770 2105 Germinet
2790 2060 2934 2107 terra
2954 2052 3168 2105 herbam
3199 2053 3281 2106 vi-

1736 2148 1963 2202 rentem,
1991 2148 2045 2194 et
2074 2140 2355 2195 facientem
2385 2156 2567 2195 semen
2599 2141 2892 2195 secundum
2916 2155 3081 2209 genus
3098 2156 3275 2206 suum,

1737 2239 1789 2285 et
1820 2231 2019 2299 lignum
2045 2231 2366 2299 pomiferum
2389 2230 2589 2285 faciens
2620 2230 2857 2285 fructum
2888 2230 2966 2295 ‘7;
3000 2249 3019 2282 ι
3048 2245 3162 2285 eam
3191 2246 3279 2284 ve-

1738 2338 1819 2386 ro,
1848 2323 2007 2377 simul
2041 2333 2200 2391 atque
2224 2337 2325 2375 vox
2365 2323 2451 2375 illa
2477 2322 2716 2386 exiisset,
2753 2321 3013 2390 impositae
3052 2322 3153 2391 legi
3184 2322 3279 2375 ob-

1738 2421 2004 2475 secutam,
2036 2428 2311 2481 nunquam
2346 2412 2596 2480 deinceps
2640 2427 2670 2465 a
2716 2412 2896 2466 divino
2924 2421 3185 2481 praecepto
3210 2410 3277 2465 ad

1739 2502 1852 2554 haec
1877 2516 2046 2571 usque
2075 2510 2313 2571 tempora
2340 2502 2675 2557 discessisse.
2711 2500 2997 2553 Humidum
3033 2500 3278 2554 similiter

1736 2592 2080 2655 elementum,
2104 2593 2241 2645 hanc
2275 2593 2340 2646 ad
2389 2592 2481 2646 Dei
2509 2607 2693 2645 vocem
2752 2610 2770 2641 ‹
2799 2590 3100 2645 Produeant
3127 2605 3278 2660 aquae

1739 2683 1944 2752 reptilia
1979 2683 2171 2735 animae
2202 2682 2446 2745 viventis,
2479 2691 2531 2736 et
2572 2682 2805 2736 volatilia
2852 2684 3084 2736 volantia
3133 2684 3275 2737 circa
3353 2740 3361 2749 _

1739 2774 2134 2829 ﬁrmamentum
2169 2773 2370 2836 caeli“,
2415 2792 2433 2823 ι
2466 2788 2522 2826 re
2546 2773 2657 2840 ipsa
2709 2773 2963 2826 continuo
3010 2774 3272 2841 paruisse,

1738 2874 1898 2934 atque
1919 2866 1972 2918 in
2000 2865 2183 2918 eadem
2207 2864 2503 2918 obedientia
2525 2864 2802 2932 hucusque
2820 2864 3117 2933 persistere.
3136 2863 3274 2918 Prae—

1740 2964 1885 3009 terea
1918 2956 1963 3009 si
1996 2955 2101 3014 sol,
2129 2963 2288 3023 atque
2326 2954 2472 3016 luna,
2504 2962 2801 3023 caeteraque
2840 2954 3035 3020 sidera,
3062 2955 3109 3007 ei
3141 2948 3299 3022 quo-'

74 3039 426 3113 ολιγωροῦντι
479 3047 690 3115 νόμων;
726 3046 903 3099 Ταῦτα
936 3048 1329 3117 προπαιδεύσας
1367 3051 1395 3101 ὁ
1426 3048 1636 3119 θαυμά-

1739 3060 1842 3113 que
1873 3045 2003 3114 legi,
2036 3062 2140 3115 qua
2174 3061 2304 3101 suos
2330 3046 2444 3114 ipsa
2478 3060 2670 3100 cursus
2699 3044 2979 3111 conﬁcere,
3011 3046 3157 3114 signa
3189 3060 3273 3099 ro—

82 3147 213 3196 σιος,
243 3135 393 3204 ἡμᾶς
416 3152 472 3187 τε
492 3130 624 3201 εἷλε,
646 3138 738 3190 καὶ
766 3138 864 3206 τῆς
889 3138 1087 3201 οἰκείας
1112 3138 1432 3206 θεογνωσίας
1462 3158 1522 3193 τε
1542 3142 1633 3193 καὶ

79 3224 361 3290 αὐσεΰείας
389 3228 609 3292 εἰκότως
642 3230 883 3300 ζηλωτάς
912 3232 1310 3302 κατεστήσατο,
1355 3233 1437 3287 ὅτι
1471 3233 1632 3302 μηδὲν

86 3314 287 3377 τούτοις
316 3316 497 3386 ὅμοιον
524 3318 671 3387 παρὰ
699 3322 809 3380 τοῖς
841 3318 946 3376 τῶν
976 3319 1416 3390 προδηλωθέντων
1466 3320 1632 3374 ὲθνῶν

89 3403 349 3474 θεολόγοις
396 3408 574 3479 εὑρεῖν
612 3407 955 3480 δεδυνήμεθα.
998 3411 1149 3464 Μετὰ
1180 3411 1236 3463 δὲ
1278 3412 1373 3481 τὴν
1413 3412 1631 3483 πρώτην

98 3496 356 3567 θεολογίαν
411 3499 645 3570 μέτεισιν
698 3501 789 3553 ἐπὶ
838 3501 897 3552 τὸ
929 3500 1176 3571 δεύτερον
1216 3502 1388 3573 δόγμα
1410 3504 1631 3571 φυσικὸν

97 3587 221 3655 ὁμοῦ
253 3592 345 3644 καὶ
376 3590 673 3660 φιλόσοφον.
698 3590 852 3647 Μετὰ
883 3590 1011 3659 γοῦν
1037 3593 1135 3663 τὴν
1162 3595 1285 3665 περὶ
1326 3594 1458 3647 Θεοῦ
1491 3595 1633 3663 γνῶ-

94 3693 191 3743 σιν,
214 3682 311 3751 τήν
334 3699 392 3734 τε
444 3682 572 3753 περὶ
602 3682 735 3735 ὅλων
779 3683 1129 3753 διακόσμησιν
1152 3722 1167 3747 ,
1199 3684 1347 3749 τάξει
1393 3687 1631 3757 πρόεισιν

88 3770 181 3821 ἐπὶ
204 3771 265 3823 τὸ
293 3774 381 3826 καὶ
408 3777 472 3845 τῇ
511 3775 666 3844 φύσει
707 3775 972 3846 δεύτερον.
1010 3774 1177 3830 Τοῦτο
1214 3776 1258 3831 δ’
1295 3774 1362 3848 ἦν
1406 3778 1464 3831 τὺ
1506 3780 1631 3847 περὶ

95 3860 307 3927 φύσεως
353 3866 646 3937 ἀνθρώπου,
683 3867 763 3920 ὅτι
798 3867 859 3938 δὴ
900 3866 1035 3937 μετὰ
1070 3866 1201 3920 Θεοῦ
1242 3869 1435 3936 γνῶσιν
1467 3869 1630 3933 ἀναγ-

96 3956 251 4007 καῖον
280 3956 465 4022 γνῶναί
494 3974 610 4017 τινα
635 3958 839 4011 ἑαυτόν.
867 3958 1061 4029 Διόπερ
1106 3960 1231 4029 ἑξῆς
1276 3958 1543 4022 παιδεύει,
1576 3958 1628 4010 τί

94 4042 390 4114 ἄνθρωπος,
417 4048 501 4100 καὶ
529 4050 579 4102 τί
612 4050 671 4103 τὺ
706 4049 938 4121 προάγον
962 4048 1119 4101 αὑτὸν
1150 4052 1229 4111 εἰς
1274 4047 1473 4117 γνῶσιν
1532 4048 1625 4101 καὶ

94 4129 366 4187 ιύσέθειαν
391 4135 539 4202 Θεοῦ,
562 4140 645 4202 τίς
676 4156 735 4191 τε
759 4140 790 4209 ἡ
819 4137 955 4191 κατὰ
998 4137 1059 4189 τὸ
1092 4138 1491 4209 προηγούμενον
1530 4140 1623 4192 άν-

95 4219 302 4290 θρὼπου
335 4227 461 4300 ζωή.
506 4231 813 4301 Διελόμενος
857 4230 986 4300 δῆτα
1025 4230 1111 4282 τὸν
1156 4231 1281 4301 περὶ
1322 4229 1494 4301 ψυχῆς
1535 4233 1627 4291 καὶ

101 4308 332 4381 σώματος
378 4317 550 4387 λόγον,
608 4324 665 4375 ὲν
714 4322 854 4391 ψυχῇ
895 4321 991 4390 μὲν
1021 4318 1256 4391 ὁρίζεται
1306 4322 1396 4374 τὸν
1452 4322 1624 4392 ἀληθῆ

1736 3149 1857 3188 rum
1889 3136 2189 3190 futurarum
2234 3137 2503 3199 exhibere,
2532 3142 2794 3204 tempora,
2822 3136 2959 3201 dies,
2997 3152 3273 3206 annosque

1731 3222 2059 3293 distinguere
2080 3225 2357 3293 iubentur,
2386 3232 2693 3279 constanter
2719 3224 3086 3292 obtemperant
3112 3242 3125 3277 :
3152 3226 3274 3293 qui-

1731 3329 1852 3367 nam
1902 3315 1997 3367 tibi
2040 3330 2201 3384 porro
2246 3316 2456 3370 divinas
2513 3315 2655 3382 leges
2684 3314 2903 3369 violanti
2933 3324 3174 3383 receptus
3204 3316 3270 3370 ad

1730 3403 1939 3457 veniam
1988 3419 2269 3473 superesse
2315 3406 2520 3475 possit?
2566 3404 2689 3459 Hae
2741 3420 2839 3460 nos
2888 3404 3128 3475 profecto
3170 3408 3268 3460 viri

1731 3498 2018 3566 singularis
2063 3500 2116 3552 in
2163 3500 2403 3554 docendo
2432 3500 2731 3556 rudimenta
2775 3508 3049 3569 ceperunt,
3074 3515 3136 3552 ac
3162 3515 3272 3553 sua:

1731 3604 1831 3643 nos
1853 3605 1974 3642 eum
2006 3588 2095 3643 Dei
2131 3591 2349 3654 notitiae,
2384 3599 2494 3643 tum
2535 3592 2694 3656 etiam
2726 3590 2934 3657 pietatis
2968 3601 3021 3642 et
3054 3590 3268 3659 religio-

1730 3677 1815 3730 nis
1860 3666 2199 3731 :emulatores
2223 3676 2512 3735 eﬂ'eeerunt
2538 3696 2549 3729 :
2592 3678 2733 3744 quod
2764 3677 2902 3745 apud
2930 3686 3267 3743 easterorum,

1728 3768 1810 3822 de
1838 3767 2034 3837 quibus
2085 3777 2209 3823 ante
2252 3769 2507 3833 diximus,
2542 3769 2866 3838 populorum
2893 3770 3164 3839 theologos
3192 3771 3268 3825 si—

1726 3864 1853 3917 mile
1906 3863 2049 3922 nihil
2093 3879 2317 3934 usquam
2369 3874 2693 3921 occurreret.
2726 3864 2875 3923 Idem
2909 3881 3085 3934 porro,
3107 3866 3266 3933 jactis

1727 3953 1991 4022 ejusmodi
2045 3954 2322 4024 theologiaa
2354 3954 2731 4031 fundamentis,
2769 3955 2834 4007 ad
2868 3959 3088 4007 alterum
3121 3955 3270 4007 dein-

1728 4062 1866 4115 ceps,
1903 4048 2161 4112 doctrinae
2206 4056 2385 4115 caput,
2417 4046 2657 4117 illudque
2700 4060 2820 4099 cum
2871 4056 3061 4098 natura
3108 4046 3265 4099 simul

1733 4138 2176 4207 phil050phiaque
2217 4137 2579 4204 conjunctum.
2606 4137 2963 4206 progreditur.
2998 4135 3126 4189 Nam
3176 4137 3265 4191 Dei

1730 4228 1893 4285 semel
1944 4228 2267 4295 cognitione,
2298 4236 2458 4295 atque
2491 4227 2726 4299 universi
2772 4227 2973 4282 fabrica
3000 4238 3051 4283 et
3083 4230 3263 4282 mode-

1726 4320 1933 4375 ratione
1960 4318 2269 4382 eonstituta,
2296 4319 2359 4372 ad
2386 4319 2437 4371 id
2461 4319 2602 4397 quod
2636 4328 2824 4373 natura
2846 4321 3134 4374 secundum
3164 4328 3262 4383 est,

95 4395 379 4468 ἄνθρωπον,
406 4408 594 4475 νοερᾶς
616 4408 814 4474 οὐσίας,
844 4410 930 4461 καὶ
954 4410 1258 4479 ἀσωμάτου,
1292 4412 1381 4463 καὶ
1410 4412 1627 4482 λογικῆς

1736 4412 1913 4467 ordine
1940 4426 2069 4465 sane
2097 4408 2377 4464 delabitur.
2415 4395 2502 4464 Ea
2535 4426 2661 4467 vero
2683 4420 2871 4463 natura
2905 4410 3135 4461 hominis
3164 4420 3259 4472 est,

97 4488 327 4561 μέτοχον,
360 4494 434 4556 ὡς
462 4494 525 4547 ἂν
550 4500 663 4549 κατ’
700 4501 877 4552 εἰκόνα
906 4500 1037 4552 Θεοῦ
1071 4500 1589 4572 δεδημιουργημένον
1610 4519 1622 4530 '

94 4585 239 4655 σῶμα
278 4588 332 4639 δὲ
379 4587 574 4656 γεῶδες
615 4584 751 4651 εἶναι
778 4590 1084 4661 περίϐλημα
1108 4592 1281 4663 ψυχῆς
1302 4609 1314 4620 ο
1342 4593 1519 4662 τρίτον
1572 4591 1628 4643 δὲ

94 4677 286 4741 τούτοις
324 4678 673 4751 προστίθησι,
704 4679 869 4749 πνοὴν
892 4682 1032 4749 ζωῆς
1064 4666 1323 4750 ἑνωτικήν
1364 4698 1501 4744 τινα,
1540 4682 1630 4734 καὶ

91 4756 175 4817 τοῦ
202 4768 305 4823 άπὸ
325 4770 425 4838 γῆς
448 4767 731 4839 ληφθέντος
761 4767 837 4837 τῷ
868 4768 984 4819 κατ’
1026 4770 1204 4829 εἰκόνα
1236 4767 1366 4820 Θεοῦ
1408 4787 1631 4839 πεποιη-

96 4853 247 4929 μένῳ,
272 4859 600 4929 συναπτικὴν
623 4857 1005 4927 δύναμιν.λΚαὶ
1044 4859 1141 4925 τὴν
1188 4858 1404 4934 πρώτην
1436 4877 1498 4926 γε
1530 4862 1623 4912 τοῦ

91 4942 398 5019 ἂηλουμένου
432 4951 621 5022 ἀνδρὸς
651 4936 926 5019 διατριΰὴν
968 4950 1026 5000 ὲν
1068 4949 1445 5024 τρισμακαρίιρ
1490 4950 1622 5003 Θεοῦ

96 5040 387 5110 παραδείσῳ
439 5042 715 5096 ἀθανάτων
746 5042 838 5095 καὶ
868 5041 1094 5094 αἰωνίων
1141 5038 1353 5114 ἀγαθῶν
1406 5040 1622 5113 ἔμπλεῳ

94 5130 351 5195 γεγονέναι
382 5133 600 5210 ἱστορεῖ.
627 5122 794 5204 Νόμω
816 5134 871 5185 δὲ
899 5133 1029 5185 Θεοῦ
1074 5132 1165 5185 καὶ
1202 5130 1383 5183 τοῦτον
1424 5134 1621 5202 ὁμοίως

95 5224 192 5291 τοῖς
216 5223 389 5297 ἄλλοις
418 5224 473 5275 ὲν
504 5223 695 5300 ἀρχαῖς
723 5225 813 5277 τοῦ
874 5225 1069 5287 παντὸς
1112 5221 1473 5303 ὑποϐληθέντα
1494 5264 1507 5288 ,
1555 5226 1619 5277 δι’

94 5312 423 5385 ἀπροσεξίαν,
476 5314 566 5367 καὶ
609 5314 707 5384 τῆς
737 5314 883 5379 θείας
928 5314 1143 5385 ἐντολῆς
1183 5314 1484 5384 παράϐασιν
1526 5317 1620 5387 τῆς

97 5408 398 5480 τριποθήτου
424 5407 739 5478 στερηθῆναι
776 5406 935 5477 ζωῆς.
977 5408 1157 5462 Ταῦτά
1186 5424 1264 5459 τοι
1309 5409 1336 5459 ό
1384 5396 1619 5480 Μωῦσῆς

97 5494 149 5547 ἰν
182 5499 474 5569 προοιμίοις
499 5497 603 5551 τῶν
635 5497 791 5568 ἱερῶν
819 5498 993 5567 νόμων
1024 5499 1312 5566 φιλοσοφεῖ,
1346 5501 1618 5571 μονονουχὶ

162 5587 200 5618 ⁸⁷
228 5589 358 5644 Gen.
390 5606 444 5655 ι,
476 5589 556 5643 Η.
630 5589 677 5621 ⁵⁸
709 5590 835 5643 ibid.
862 5589 949 5645 28.

166 5681 264 5736 ἰα
312 5689 408 5751 μή.

1729 4505 1871 4575 quod
1896 4502 2186 4558 secundum
2220 4502 2361 4556 illam
2397 4502 2488 4555 Dei
2514 4502 2788 4563 notitiam,
2804 4516 2860 4553 se
2886 4501 3057 4569 ipsum
3084 4501 3263 4568 utique

1729 4610 1886 4649 nosse
1917 4594 2079 4647 homo
2112 4594 2320 4648 debeat.
2340 4593 2522 4663 Itaque
2549 4594 2701 4647 docet
2732 4593 2819 4644 ille
2848 4592 3261 4659 eontinuo,quid

1730 4688 1888 4740 homo
1914 4686 2002 4751 sit,
2033 4686 2230 4754 quibus
2277 4686 2389 4755 ipse
2442 4683 2724 4737 momentis
2769 4684 2835 4735 ad
2881 4682 3121 4735 notitiam
3154 4685 3263 4743 eul-

1729 4787 1948 4846 tumque
2011 4778 2254 4832 divinum
2304 4778 2630 4839 adducatur,
2672 4776 3117 4845 quemadmodum
3168 4791 3263 4843 pro

1728 4869 1896 4940 partis
1921 4870 2002 4924 sui
2032 4872 2311 4940 praecipua:
2336 4869 2639 4923 conditione
2668 4868 2828 4920 vitam
2858 4868 3135 4921 instituere
3169 4868 3259 4921 de-

1728 4960 2105 5031 beat._Quippe
2155 4962 2319 5017 animi
2370 4959 2511 5014 enim
2561 4960 2909 5029 corporisque
2954 4958 3261 5021 discrimine

1726 5052 2039 5118 constituto,
2074 5054 2252 5106 animo
2291 5060 2447 5107 tenus
2495 5067 2676 5105 verum
2706 5051 2864 5121 316
2894 5052 3038 5103 illum
3079 5051 3253 5102 homi-

1726 5156 1869 5203 nem,
1898 5142 1989 5210 qui
2024 5139 2335 5210 spiritalem,
2377 5139 2768 5208 incorpoream,
2793 5147 2844 5190 et
2881 5136 3085 5188 ratione
3122 5152 3258 5209 pra:-

1726 5232 1892 5285 ditam
1935 5243 2181 5287 naturam
2226 5231 2450 5285 sortitus
2495 5238 2598 5293 est,
2626 5226 2976 5283 deﬁniendum
3011 5227 3213 5293 putavit
3246 5243 3257 5287 ;

1725 5323 1868 5390 quod
1922 5324 1967 5377 is
2014 5322 2348 5389 potissimum
2396 5324 2590 5376 divmaa
2616 5322 2678 5375 ad
2714 5317 2958 5386 imaginis
2987 5318 3258 5386 exemplar

1723 5428 2010 5481 expressus
2063 5422 2115 5468 et
2168 5422 2533 5471 contui-matus
2580 5419 2742 5467 esset.
2798 5409 3006 5477 Corpus
3058 5413 3256 5469 autem,

1725 5504 1866 5563 aliud
1902 5488 2055 5569 nihil,
2090 5520 2252 5574 quam
2305 5508 2465 5561 animi
2516 5512 2763 5558 terrestre
2812 5500 3075 5580 quoddam
3105 5496 3259 5561 indu-
