4020 6342
715 486 816 542 535

1367 485 1641 539 EliSEBll‘
1668 481 2143 538 CIESARiENSIS
2176 483 2324 538 OPP.
2369 486 2547 540 PARS
2585 485 2646 538 ll‘.
2687 513 2754 524 -
2795 478 3286 536 APOLOGETICA.

3847 477 3954 532 536

715 620 954 664 ruentum
995 622 1055 660 ac
1093 606 1422 660 domicilium
1471 621 1590 660 esse
1640 607 1845 658 statuit.
1882 604 2017 658 Tum
2053 608 2266 674 utrique

2384 607 2763 678 προκηρύττων
2800 606 2872 674 μὴ
2909 603 3240 673 παραμελεῖν
3263 602 3360 671 τῆς
3391 600 3596 664 οἰκείας
3636 599 3817 664 ἀξίας,
3858 603 3950 654 καὶ

715 701 931 753 terti-nu
987 697 1134 765 quid,
1165 697 1401 759 vitalem,
1428 699 1666 764 inquam,
1695 696 1942 764 spiritum
1995 698 2265 772 adjunxit,

721 792 817 846 ὴοι
852 803 931 844 est
967 792 1070 843 \im
1104 789 1429 858 singularem
1482 803 1543 840 ac
1596 789 1890 855 propriam,
1919 805 2037 856 qua:
2066 799 2268 856 partem

721 903 783 935 ex
811 894 948 936 terra
981 890 1309 943 concretam,
1341 897 1462 934 cum
1494 881 1659 933 altera
1688 881 1922 932 divinam
1970 881 2033 932 ad
2081 882 2272 934 simili-

718 975 955 1028 tudinem
989 983 1271 1044 procreata
1301 974 1480 1026 nativo
1507 974 1738 1042 quodam
1764 973 1984 1026 vinculo
2017 973 2270 1030 sociaret.

717 1061 983 1118 Culter-um
1012 1065 1236 1132 primam
1270 1063 1438 1115 eidem
1477 1063 1680 1115 homini
1714 1063 1890 1116 sedem
1924 1064 1975 1116 in
2006 1065 2159 1116 horto
2182 1064 2272 1116 Dei

719 1153 1056 1216 felicissimo,
1093 1163 1145 1207 et
1172 1156 1565 1208 immortalibus
1600 1171 1661 1208 ac
1701 1157 2044 1222 sempiternis
2080 1157 2273 1223 opibus

721 1247 1024 1298 abundante
1050 1247 1276 1314 positam
1304 1257 1347 1297 et
1375 1247 1688 1298 collocatam
1709 1261 1828 1299 esse
1859 1255 2270 1309 commemorat;

721 1334 894 1403 ipsum
931 1353 1077 1401 vero,
1114 1353 1233 1390 cum
1267 1336 1450 1389 eadem
1484 1337 1599 1404 ipso
1628 1336 1807 1389 statim
1841 1337 2016 1409 initio,
2050 1352 2154 1402 qua
2189 1351 2273 1388 re-

722 1426 864 1494 liqua
894 1441 1116 1493 prorsus
1151 1426 1521 1483 omniaaliviui
1559 1425 1805 1479 Numinis
1835 1426 1947 1494 lege
1982 1435 2271 1489 teneretur,

722 1532 819 1570 sua
859 1517 1028 1584 ipsius
1056 1521 1290 1578 vesania,
1319 1519 1623 1585 violataque
1670 1518 1801 1570 lauti
1852 1520 1994 1587 regis
2029 1519 2272 1585 imperio,

720 1618 828 1663 tam
859 1609 1164 1676 expetenda:
1193 1609 1309 1660 vita:
1350 1607 1524 1661 fructu
1559 1607 1840 1682 infeliciter
1866 1609 2148 1663 excidisse.
2186 1609 2276 1662 Atv

721 1716 824 1768 que
855 1701 940 1753 illa
977 1710 1102 1752 sunt
1136 1715 1254 1767 qum
1289 1703 1648 1768 persapienter
1676 1717 1703 1752 a
1735 1700 1911 1770 Moyse
1955 1701 2005 1752 in
2047 1701 2159 1766 ipsa
2210 1701 2277 1754 le-

722 1806 845 1857 gum
898 1790 1359 1844 sanctissiniarum
1414 1787 1587 1841 fronte
1621 1800 1915 1857 ponuntur,
1950 1792 2148 1859 quibus
2179 1804 2274 1841 no-

725 1883 806 1936 bis
857 1897 1021 1950 pmpe
1067 1881 1366 1942 denuntiat,
1398 1880 1471 1932 uti
1507 1897 1571 1934 ne
1613 1882 1880 1949 propriam
1931 1882 2275 1950 nativamque

721 1975 1054 2042 dignitatem,
1085 1973 1514 2040 impressamque
1547 1974 1699 2026 nobis
1730 1974 1897 2026 divini
1925 1973 2174 2026 Numinis
2207 1974 2280 2026 si-

722 2063 1076 2117 militudincm
1129 2064 1354 2131 turpiter
1395 2065 1751 2132 negligamus,
1785 2081 1906 2118 cum
1944 2066 2030 2117 illa
2064 2082 2281 2134 quoque

721 2155 883 2210 animi
913 2155 1069 2207 nobis
1098 2153 1553 2206 immortalitatem
1596 2156 1916 2208 conciliarit.
1946 2155 2107 2209 Nefas
2137 2158 2280 2210 enim

721 2260 840 2299 esse
874 2244 1132 2313 profecto,
1169 2245 1311 2311 regis
1362 2243 1650 2312 imaginem
1705 2245 1906 2298 aboleri
1940 2266 1952 2300 :
1993 2263 2053 2300 ac
2083 2249 2282 2315 princi-

721 2354 838 2425 pem
869 2338 1084 2407 quidem
1114 2351 1406 2403 veramque
1452 2337 1543 2390 Dei
1595 2340 1944 2406 praepotentis
1993 2341 2279 2404 imaginem

725 2427 957 2483 Verbum
985 2429 1102 2496 ejus
1135 2444 1274 2493 esse,
1311 2429 1453 2498 quod
1485 2430 1596 2498 ipsa
1628 2446 1720 2498 per
1755 2446 1873 2485 sese
1904 2431 2285 2500 sapientia,vi—

719 2530 795 2583 ta,
831 2521 942 2585 lux,
977 2530 1029 2575 et
1062 2521 1259 2575 veritas
1305 2530 1407 2585 est,
1451 2530 1501 2574 et
1533 2522 1793 2590 quidquid
1823 2523 2045 2575 omnino
2071 2525 2281 2591 pulchri

722 2612 954 2681 bonique
983 2613 1204 2682 cogitari
1245 2614 1415 2681 possit
1453 2632 1465 2666 :
1502 2623 1556 2666 at
1597 2614 1849 2682 imaginis
1887 2614 2049 2682 hujus
2098 2614 2283 2683 imagi-

722 2721 843 2758 nem
901 2706 1151 2760 humanae
1199 2708 1364 2759 menti
1399 2707 1709 2770 convenire,
1743 2721 1862 2774 qua:
1892 2716 2170 2776 propterea
2204 2708 2285 2761 di-

721 2796 902 2850 vinam
947 2796 1010 2849 ad
1044 2797 1452 2852 similitudinem
1487 2812 1744 2866 expressa
1796 2799 2037 2851 onmium
2072 2798 2286 2854 confes-

722 2890 875 2942 sione
926 2889 1269 2957 praedicatur.
1298 2889 1505 2953 Quibus
1559 2890 1646 2942 ille
1696 2889 2011 2943 notionihns
2037 2906 2129 2943 eos
2162 2903 2286 2944 ante

722 2982 906 3034 omnia
941 2979 1313 3034 iniormandos
1340 2983 1565 3050 putavit,
1595 2997 1732 3050 quos
1768 2983 1936 3036 sacris
1968 2983 2176 3050 legibus
2200 2984 2284 3035 in-

725 3073 950 3126 stituere
1004 3073 1255 3141 cupiebat
1294 3091 1305 3125 :
1344 3074 1440 3135 uti,
1478 3075 1603 3126 dum
1641 3074 1768 3141 quid
1819 3074 1870 3125 in
1918 3089 2038 3126 sese
2066 3085 2288 3127 conere—

726 3173 837 3215 tum
873 3180 934 3214 ex
963 3173 1125 3224 terra,
1161 3163 1322 3230 inque
1355 3172 1551 3215 terram
1577 3163 1754 3215 denuo
1779 3163 2179 3216 dissolvendum
2204 3179 2286 3218 es-

2371 695 2438 770 ἦς
2477 699 2737 766 ἐτύχομεν
2760 696 2895 764 πρὸς
2924 695 2983 747 τὸ
3021 694 3171 746 Θεῖον
3197 692 3604 763 ἀφομοιώσεως,
3638 692 3697 756 ἐξ
3734 688 3948 762 ἦςήμὶν

2373 791 2467 842 καὶ
2489 790 2547 841 τὸ
2569 789 2829 841 ἀθάνατον
2855 787 2952 854 τῆς
2975 786 3147 854 ψυχῆς
3168 783 3709 855 προσκεκληρῶσθαι.
3739 785 3832 854 Μὴ
3845 789 3946 856 γὰρ

2373 881 2436 950 δὴ
2465 880 2681 949 θεμιτὸν
2710 876 2845 932 εἶναι
2873 879 3128 946 βασιλέως
3151 876 3502 944 ἀφανίζεσθαι
3550 877 3736 928 εἰκόνα
3757 894 3770 904 ·
3810 873 3949 930 εἶναι

2373 974 2428 1025 δὲ
2460 975 2761 1043 ἀρχέτυπον
2809 973 2902 1024 καὶ
2932 970 3103 1038 ἀληθῆ
3136 970 3226 1021 τοῦ
3257 968 3389 1021 Θεοῦ
3421 971 3529 1022 τῶν
3555 969 3692 1022 ὅλων
3746 970 3944 1028 εἰκόνα,
3975 985 3980 1040 ξ

2374 1066 2462 1117 τὸν
2488 1064 2650 1117 αὑτοῦ
2680 1063 2867 1132 Λόγον,
2890 1061 3210 1127 αὑτοσοσίαν
3256 1062 3586 1131 τυγχάνοντα
3610 1101 3624 1124 ,
3651 1060 3752 1112 καὶ
3797 1063 3942 1113 αὐτον

2378 1152 2542 1223 ζωὴν,
2589 1153 2681 1205 καὶ
2723 1152 2834 1220 φῶς
2857 1194 2870 1215 ,
2899 1153 2990 1204 καὶ
3021 1151 3271 1221 ἀλήθειαν
3296 1196 3309 1215 ,
3341 1155 3432 1206 καὶ
3482 1153 3536 1204 εί
3565 1170 3616 1204 τι
3664 1153 3832 1204 καλὸν
3863 1155 3939 1205 καὶ

2377 1247 2574 1312 ἀγαθόν
2616 1264 2696 1308 τις
2739 1247 3071 1315 ἐπινοήσειεν
3095 1261 3107 1274 ⁸
3141 1247 3321 1298 εἰκόνα
3352 1246 3406 1297 δὲ
3436 1246 3644 1307 εἰκόνος
3665 1285 3677 1308 ,
3735 1245 3822 1296 τὸν
3855 1245 3932 1296 ἀν-

2378 1337 2642 1407 θρώπειον
2677 1337 2816 1399 νοῦν,
2854 1338 2980 1405 παρ’
3009 1337 3035 1387 ὃ
3061 1338 3152 1388 καὶ
3185 1339 3302 1388 κατ’
3347 1339 3525 1390 εἰκόνα
3564 1337 3702 1389 Θεοῦ
3734 1337 3924 1403 γεγονέ-

2377 1447 2460 1480 ναι
2493 1429 2917 1497 ἀνωμολόγηται.
2969 1429 3257 1493 Ἀναγκαῖα
3306 1428 3359 1480 δέ
3405 1427 3571 1480 ταῦτα
3621 1424 3770 1480 εἶναι
3817 1427 3914 1494 ζετο

2379 1521 2827 1591 προπαιδεύεσθαι
2891 1523 3013 1583 τοὺς
3050 1520 3334 1589 μέλλοντας
3381 1522 3543 1588 ἱεροῖς
3592 1519 3921 1589 προπαθέῖιξπ

2377 1616 2579 1683 νόμοις,
2608 1613 2963 1682 μνημονεύειν
2992 1630 3069 1674 τε,
3099 1612 3149 1662 τί
3176 1612 3231 1662 τὸ
3264 1612 3368 1662 ἀπὸ
3384 1613 3485 1680 γῆς
3512 1611 3720 1678 ληφθὲν
3753 1613 3928 1672 αὐτοῖς,

2378 1707 2469 1758 καὶ
2502 1706 2578 1767 εἰς
2607 1706 2708 1774 γῆν
2733 1701 2886 1767 αὖθις
2909 1702 3396 1772 ἀναλυθησὸμενον,
3429 1702 3522 1753 καὶ
3550 1701 3603 1754 τί
3637 1701 3699 1753 τὸ
3739 1705 3798 1754 ἐν
3828 1705 3932 1770 ﬁgi];

2378 1801 2622 1867 κρεῖττον
2666 1799 2758 1849 καὶ
2798 1796 2912 1864 Θεῷ
2963 1796 3214 1864 ἐμφερὲς,
3245 1797 3390 1858 ὅπως
3421 1813 3478 1846 τε
3519 1794 3658 1864 χρῆν
3708 1795 3930 1862 ἐκατέρῳ

2379 1890 2485 1942 τῶν
2512 1890 2811 1960 εἰρημένων
2849 1887 3266 1957 προσφέρεσθαι,
3323 1886 3455 1956 μηδὲ
3508 1885 3822 1953 ἐνυϐρίζειν
3863 1885 3922 1939 x31

2383 1982 2594 2033 ἀσεϐεῖν
2626 1982 2703 2042 είς
2729 1980 2816 2031 τὸν
2841 1982 2958 2032 κατ’
2989 1979 3167 2031 εἰκόνα
3201 1978 3291 2031 τοῦ
3319 1977 3451 2030 Θεοῦ
3481 1977 3795 2048 ἄνθρωπον,
3827 1975 3920 2045 μηἱέ

2381 2090 2443 2139 γε
2488 2071 2646 2123 αὑτὸν
2691 2070 2968 2139 ῥυπαίνειν
3023 2073 3269 2140 αἰσχραῖς
3303 2069 3396 2121 καὶ
3436 2069 3778 2138 παρανόμοις

2384 2163 2518 2228 ξεσι,
2545 2162 2726 2231 φέρειν
2759 2161 2813 2212 δὲ
2845 2161 3127 2222 διαπαντδς
3148 2161 3245 2229 τῆς
3273 2159 3493 2230 πρώτης
3527 2160 3622 2211 καὶ
3653 2174 3929 2228 τρισμακα-

2388 2254 2506 2323 ρίας
2537 2253 2746 2323 ἐκείνης
2774 2252 3051 2324 διατριϐῆς
3078 2269 3136 2303 τε
3186 2252 3276 2303 καὶ
3312 2250 3456 2320 ζωῆς
3493 2251 3581 2302 τὸν
3621 2250 3811 2311 πόθον,
3857 2247 3934 2300 καὶ

2386 2345 2633 2396 σπεύδειν
2657 2344 3056 2413 παλινδρομεῖν,
3087 2343 3246 2412 εὐχὴν
3276 2342 3628 2411 ποιουμένους
3672 2340 3769 2407 τῆς

2383 2453 2480 2505 της
2513 2438 2605 2487 καὶ
2660 2436 3054 2505 τρισμακαρίου
3109 2435 3251 2504 ζωῆς
3274 2452 3333 2486 τε
3383 2434 3476 2485 καὶ
3523 2433 3672 2495 ἀξίας
3721 2434 3934 2499 τυχεῖν·

2385 2526 2517 2578 ἀλλὰ
2535 2525 2626 2577 καὶ
2649 2524 3158 2595 παρασκευάζεσθαι
3179 2525 3384 2576 ἐνθένδε
3406 2524 3508 2594 ῆδη
3538 2523 3620 2574 ἐπὶ
3755 2523 3932 2573 ἐκεῖσε

2386 2617 2707 2685 ἀποδημίαν,
2739 2618 2818 2668 ὅτι
2850 2616 2979 2686 μηδέ
3010 2615 3180 2676 ἄλλως
3207 2615 3427 2667 δυνατὸν
3461 2613 3710 2683 βεϐήλοκ.
3734 2615 3825 2663 καὶ
3856 2610 3934 2680 μὴ

2386 2707 2846 2777 κεκαθαρμένοις,
2904 2705 3008 2758 τῶν
3055 2705 3211 2776 ιερῶν
3257 2706 3476 2758 ἐκείνων
3519 2703 3831 2764 ἐπιϐαίνειν,
3866 2697 3938 2754 ὧν

2387 2801 2480 2855 καὶ
2515 2802 2542 2851 ό
2571 2800 2782 2868 πρῶτος
2827 2800 2890 2850 δι’
2924 2797 3279 2868 ἀπροσεξίαν,
3347 2797 3493 2859 θείας
3538 2797 3936 2863 κατασ-ρονήσας

2387 2888 2621 2955 ἐντολῆς,
2656 2888 3065 2941 ἀποπέπτωκεν.
3135 2889 3254 2940 Ἐπί
3301 2888 3508 2948 τούτοις
3564 2889 3592 2939 ὁ
3636 2889 3937 2956 ἱεροφάντης

2388 2976 2738 3047 προστίθησιν
2770 2977 2892 3030 ἄλλο
2923 2978 3376 3031 συνεκτικώτατον
3408 2979 3583 3047 δόγμα
3605 3017 3619 3039 ,
3671 2978 3742 3046 μὴ
3787 2979 3934 3046 ἀμει-

2389 3069 2562 3134 γνοεῖν
2582 3066 2862 3130 διδάσκων,
2895 3068 2972 3118 ὅτι
3005 3068 3067 3138 δὴ
3102 3067 3329 3136 πάρεστί
3364 3084 3445 3127 τις
3483 3068 3700 3136 ἑκάστῳ
3727 3068 3930 3138 fro-arpi;

2389 3158 2592 3228 δαίμων
2629 3159 2879 3228 ἔφεδρος,
2930 3159 3194 3226 βάσκανος
3241 3159 3330 3211 καὶ
3391 3159 3702 3229 μισόκαλος,
3741 3161 3834 3212 καὶ
3863 3161 3922 3220 τίς

726 3265 827 3316 set,
860 3253 986 3319 quid
1020 3254 1141 3306 item
1172 3253 1523 3306 excellentius
1561 3254 1776 3322 Deoqne
1809 3256 1984 3308 simile
2011 3259 2280 3310 meminis-

2393 3250 2690 3321 ἀνθρώπων
2717 3250 2950 3320 ἀρχῆθεν
2972 3251 3262 3312 ¹ἐπίϐουλος
3287 3250 3578 3320 σωτηρίας.
3605 3252 3875 3320 Δράκοντα
3894 3251 3931 3299 ἴς

724 3355 862 3408 sent,
899 3347 1200 3415 cogitarent
1231 3345 1330 3415 ipsi
1364 3359 1598 3414 quoque,
1635 3347 2092 3413 quemadmodum
2140 3359 2287 3403 utra-

727 3452 829 3504 que
869 3447 1018 3503 parte
1057 3438 1136 3489 uti
1183 3445 1474 3506 oporteret,
1507 3435 1749 3506 adeoque
1797 3447 2112 3506 statuerent,
2140 3442 2287 3496 nullo

727 3528 826 3580 sibi
859 3529 938 3579 vel
977 3529 1185 3594 injuria:
1226 3529 1307 3580 vel
1341 3528 1629 3596 impietatis
1657 3545 1869 3600 genere,
1900 3533 2159 3587 adversus
2191 3535 2287 3587 ho-

729 3617 928 3670 minem
993 3617 1164 3682 illum,
1200 3620 1291 3686 qui
1354 3619 1590 3672 divinam
1650 3621 1924 3689 prazferret
1974 3622 2285 3690 imaginem,

727 3727 846 3769 esse
872 3713 1222 3780 peccandum,
1244 3713 1388 3766 nulla
1419 3729 1540 3767 eum
1576 3715 1957 3780 obscenorum,
1993 3716 2137 3768 nulla
2169 3731 2287 3769 sceo

729 3803 1023 3878 leratorum
1071 3803 1374 3859 facinorum
1425 3807 1743 3875 contagione
1793 3805 2104 3860 faedandum
2140 3826 2152 3859 :
2191 3805 2285 3860 sed

729 3895 911 3961 potius
941 3897 1236 3951 ardendum
1272 3898 1374 3952 sibi
1398 3914 1518 3953 esse
1546 3909 1808 3968 perpetuo
1841 3909 1928 3958 ter~
1955 3899 2098 3952 illius
2123 3901 2289 3953 beata:

732 3983 878 4038 sedis
928 3987 1158 4053 vitaeque
1203 3989 1493 4055 desiderio,
1530 4001 1802 4061 tantaeque
1829 3992 2105 4060 dignitatis
2133 4009 2289 4047 recu-

727 4077 979 4146 peranda:
1032 4077 1512 4149 studiohvotoque
1564 4083 1875 4147 stimulatis,
1930 4085 1993 4138 ad
2045 4084 2288 4138 eamdem

728 4172 873 4222 omni
908 4185 1096 4224 rursus
1128 4171 1471 4225 contentione
1500 4176 1897 4240 properandum
1933 4193 1945 4227 :
1979 4175 2088 4227 imo
2125 4191 2290 4242 agen-

730 4264 858 4315 dum
897 4265 997 4317 sibi
1047 4280 1166 4320 esse
1213 4263 1478 4335 profecto,
1518 4264 1595 4317 uti
1628 4265 1816 4333 sejam
1869 4267 1935 4318 ab
1980 4267 2140 4333 hujus
2172 4268 2293 4320 vitae

731 4355 1058 4417 carceribus,
1085 4357 1153 4410 ad
1186 4357 1408 4412 alterius
1441 4365 1640 4411 metam
1674 4357 2036 4424 attingendam
2075 4372 2294 4425 compa‘

2392 3346 2579 3398 τοῦτον
2611 3347 2704 3398 καὶ
2736 3346 2857 3414 ὅφιν
2885 3345 3159 3414 ὀνομάζει,
3193 3345 3393 3414 μέλανά
3413 3362 3472 3397 τε
3507 3347 3600 3399 καὶ
3635 3347 3854 3408 σκότους
3877 3348 3935 3395 οἱ·

2393 3441 2554 3501 κεῖον,
2592 3439 2670 3490 ἰοῦ
2699 3456 2757 3490 τε
2787 3440 2878 3492 καὶ
2907 3439 3101 3501 κακίας
3138 3438 3348 3509 πλήρη·
3377 3439 3434 3492 ὃν
3464 3440 3558 3491 καί
3606 3456 3745 3508 φησι
3792 3438 3938 3506 φθόνῳ
4008 3407 4009 3467 ί

2391 3531 2488 3600 τῆς
2537 3530 2807 3599 ἡμετέρας
2839 3529 3020 3583 ἐνθέου
3076 3530 3220 3599 ζωῆς
3259 3531 3632 3593 ὑποσκελίζειν
3669 3530 3832 3582 είσὲτι
3867 3527 3936 3577 nl

2391 3621 2518 3685 νῦν,
2573 3623 2665 3673 καὶ
2693 3622 2984 3693 ὑποσύρειν
3027 3623 3253 3674 ἕκαστον
3285 3623 3390 3674 τῶν
3431 3622 3508 3692 τῷ
3575 3623 3699 3692 Θεῷ
3737 3638 3938 3691 προςαν-

2390 3714 2620 3784 εχόντων
2654 3713 2975 3781 πειρᾶσθαι·
2999 3713 3186 3767 τούτου
3209 3714 3250 3766 δ’
3270 3717 3450 3786 ἀπάτῃ
3479 3717 3572 3767 καὶ
3605 3716 3734 3776 τοὺς
3759 3712 3936 3782 προπά-

2391 3822 2553 3872 τορας
2582 3803 2737 3873 ἡμῶν
2768 3805 2859 3857 τοῦ
2892 3806 3081 3872 γένους
3121 3806 3218 3875 τῆς
3245 3801 3759 3876 θειοτέρας’).ήξεως
3809 3808 3930 3856 ἐκεῖ·

2396 3899 2526 3949 σεῖν.
2558 3897 2648 3948 Διὸ
2674 3898 2765 3949 καὶ
2794 3899 2985 3968 χρῆναι
3011 3899 3292 3960 διαπαντὸς
3326 3897 3689 3966 ἐγρηγορέναι
3719 3897 3846 3966 πρὸς
3867 3897 3936 3953 τὰς

2393 3987 2485 4041 τοῦ
2515 3988 2843 4056 δηλωθέντος
2867 3993 3220 4060 κακοτέχνους
3257 3990 3633 4060 ῥᾳδιουργίας.
3665 3990 3766 4041 Καὶ
3794 3989 3839 4038 τί
3857 3985 3942 4053 χρὴ

2396 4083 2566 4136 ταῦτα
2595 4083 3028 4154 προσλαμϐάνειν
3061 4085 3195 4152 (73),
3225 4083 3336 4134 δέον
3364 4081 3466 4149 ῆδη
3498 4081 3630 4133 ποτὲ
3659 4081 3746 4132 καὶ
3785 4077 3836 4140 ἐξ
3861 4077 3944 4126 αὑ-

2397 4175 2503 4228 τῶν
2530 4175 2638 4227 τῶν
2677 4177 2966 4246 ἐγγράφων
2995 4177 3197 4227 ἕκαστα
3220 4171 3442 4225 διελθεῖν
3466 4171 3575 4224 τῶν
3614 4165 3940 4239 διηγορευμέ-

2398 4287 2538 4333 νων;
2574 4269 2885 4340 Ἀρξώμεθα
2907 4269 2968 4339 δὴ
2999 4267 3210 4338 πρῶτον
3227 4263 3332 4317 ἀπὸ
3365 4260 3520 4324 Θεοῦ,
3573 4261 3753 4331 βοηθὸν
3791 4256 3942 4309 αὐτὰν

2400 4362 2457 4412 ἐν
2478 4361 2711 4431 πρώτοις
2751 4361 2838 4413 διά
2873 4361 2965 4412 τοῦ
3000 4359 3247 4427 Σωτῆρος
3291 4352 3445 4426 ἡμῶν
3493 4353 3937 4421 ἐπικαλεσάμενοι.

731 4457 914 4500 rareut
939 4465 949 4499 :
976 4462 1098 4500 cum
1117 4448 1355 4514 profanis
1371 4458 1422 4501 et
1449 4449 1678 4518 impuris
1699 4450 1763 4502 ad
1782 4464 1843 4502 ea
1882 4449 2121 4504 sacraria
2162 4449 2341 4504 nullus
2377 4451 2578 4519 alioqui
2628 4461 2803 4520 pateat
2837 4453 3035 4510 aditus,
3062 4450 3202 4502 unde
3227 4447 3438 4516 generis
3471 4447 3703 4512 humani
3727 4447 3938 4516 princeps

734 4543 804 4597 ob
834 4543 1135 4611 neglectum
1163 4543 1322 4614 317
1345 4547 1545 4598 summi
1586 4544 1834 4601 Numinis
1865 4546 2177 4599 mandatum
2205 4544 2512 4598 excidisset.
2541 4545 2742 4597 Deinde
2769 4560 2896 4598 vero
2918 4545 3134 4598 divinus
3158 4557 3335 4596 rerum
3370 4556 3653 4596 sacrarum
3688 4544 3928 4608 interpﬁs

734 4638 964 4693 alterum
994 4639 1191 4692 summi
1224 4653 1439 4708 quoque
1467 4640 1721 4707 ponderis
1745 4657 1808 4696 ac
1828 4641 2086 4695 momenti
2112 4641 2306 4711 dogma
2339 4639 2633 4708 subjungit,
2652 4639 2778 4692 dum
2801 4638 3022 4708 idapud
3051 4653 3240 4692 omnes
3260 4646 3466 4691 certum
3490 4653 3614 4692 esse
3645 4638 3784 4701 vult,
3816 4645 3936 4690 suasa

732 4730 938 4788 homini
981 4731 1201 4785 cuilibet
1250 4731 1464 4786 aﬂixum
1504 4732 1707 4786 harere
1764 4749 1988 4802 pravum
2043 4739 2363 4797 daemonem,
2410 4733 2648 4786 invidum
2690 4733 2838 4786 illum
2892 4740 3054 4801 atque
3102 4731 3403 4786 honestatis
3443 4732 3625 4785 omnis
3670 4730 3950 4782 inimicum.

734 4834 1009 4894 postremo
1033 4826 1326 4894 ejusmodi,
1348 4825 1440 4894 qui
1471 4825 1582 4894 jam
1619 4841 1790 4894 usque
1821 4828 1889 4881 ab
1919 4828 2071 4881 initio
2099 4829 2379 4881 hominum
2409 4826 2565 4879 saluti
2599 4827 2822 4880 insidias
2845 4825 3120 4880 struxerit.
3148 4823 3445 4879 Draconem
3483 4824 3634 4878 illurn
3662 4837 3729 4874 ac
3754 4831 3949 4886 serpec-
3997 4843 3999 4894 γ

735 4928 842 4973 tem
893 4921 1157 4988 nominat,
1179 4921 1537 4990 eumdemque
1593 4931 1770 4973 atrum
1830 4932 2208 4990 amantemque
2256 4919 2626 4983 tenebrarum,
2656 4935 2864 4974 veneno
2893 4917 3054 4973 simul
3093 4929 3152 4996 et_
3177 4917 3519 4986 improbitate
3551 4922 3850 4967 scatentem
3878 4909 3962 4962 de-
3997 4877 3999 4996 ξ

737 4951 842 4973 ιειιι
893 4951 1157 4988 ιιυιιηιιαι,
1179 4951 1537 4990 cuutucnuquc
1593 4951 1770 4973 αιιυιιι
1830 4951 2208 4990 αιιηιιιιειιιιιυῠ
2259 4951 2497 4972 ιειιῠυιαι
2515 4951 2626 4983 ιιιιι,
2662 4951 2864 4974 νειιῦιιυ
2893 4951 3054 4973 θΙΙΙΙυι
3093 4951 3152 4996 ει.
3177 4951 3519 4986 Ιιιιγι¹δυιδαδν
3551 4951 3850 4967 σι-οισ“³’“’⁸⁸¹⁸
3879 4951 3930 4962 “"

736 5011 925 5065 scribit
963 5011 1206 5066 :addens
1241 5013 1484 5083 insuper,
1517 5013 1662 5082 quod
1690 5011 1930 5066 divinam
1966 5012 2112 5066 illam
2159 5013 2316 5066 nobis
2353 5013 2517 5063 vitam
2577 5012 2830 5073 invideat,
2887 5010 2990 5064 hoc
3036 5010 3184 5064 illum
3216 5009 3510 5062 etiamnum
3559 5017 3726 5072 agere
3773 5002 3958 5055 moliri-

738 5120 843 5174 que.
903 5111 1236 5165 constanter,
1282 5114 1341 5158 ut
1380 5121 1475 5161 eos
1519 5120 1728 5170 omnes,
1781 5104 1874 5173 qui
1929 5103 2122 5159 divinat
2175 5120 2294 5160 sese
2354 5106 2654 5174 adjunguut
2703 5103 2988 5164 voluntati,
3041 5101 3346 5168 supplantet
3402 5104 3563 5162 atque
3617 5094 3856 5162 dejiciat.
3908 5092 3962 5147 Ει

740 5198 994 5268 quoniam
1044 5195 1211 5265 ipsius
1240 5195 1376 5251 dolis
1403 5214 1464 5253 ac
1492 5198 1792 5263 fraudibus,
1826 5198 2033 5265 generis
2064 5213 2278 5267 quoque
2318 5201 2492 5253 nostri
2546 5196 2815 5266 principes
2877 5195 3156 5247 divinioris
3202 5191 3346 5244 illius
3397 5188 3561 5242 sortis
3631 5193 3960 5244 communit»

741 5307 860 5347 nam
906 5292 1205 5354 amiserint,
1238 5306 1356 5343 eam
1396 5293 1551 5348 nobis
1584 5295 1636 5347 in
1673 5309 1785 5349 rem
1820 5291 2149 5362 vigilandum
2185 5309 2304 5348 esse
2346 5302 2625 5362 perpetuo,
2678 5305 2744 5343 ne
2784 5289 2943 5342 malis
2980 5286 3182 5340 versuti
3224 5283 3393 5338 hostis
3420 5285 3632 5339 artibus
3655 5287 3960 5356 praestigiis-

743 5400 846 5452 quc
876 5386 1175 5453 capiamur.
1212 5382 1409 5437 Verum
1464 5385 1592 5450 quid
1641 5387 1754 5440 haec
1802 5399 2132 5452 occupamus
2165 5385 2287 5452 ipsi,
2331 5399 2454 5437 cum
2506 5397 2566 5433 ea
2613 5381 2725 5451 jam
2773 5396 2802 5433 a
2859 5381 3018 5434 nobis
3051 5376 3508 5447 ipsismetdivinae
3538 5375 3841 5447 Scriptura:
3861 5392 3964 5430 ver-

744 5477 826 5532 bis
885 5480 1138 5532 illustrari
1197 5479 1565 5547 explicarique
1619 5481 1866 5547 prastet?
1919 5479 2127 5532 Rursus
2189 5489 2316 5546 ergo
2373 5492 2572 5531 novum
2637 5492 2666 5529 a
2727 5491 2940 5532 summo
3012 5473 3244 5530 Numine
3301 5473 3633 5544 principium
3689 5474 3974 5533 ducamus.

743 5574 970 5642 ejusque
1007 5591 1161 5644 Opem
1195 5586 1248 5631 et
1276 5575 1532 5631 auxilium
1566 5573 1867 5633 Servatoris
1899 5576 2070 5631 nostri
2118 5573 2335 5627 nomine
2367 5573 2742 5642 imploremus.

819 5756 930 5825 ('13)
981 5762 1486 5830 Προσλαμσάνειν.
1563 5757 1818 5825 Rectius,
1875 5759 2098 5831 Opinor,
2144 5755 2278 5817 [ueri

2387 5758 2755 5829 ρολαμδάνειν.
