4020 6342
126 405 250 462 537

677 521 1069 574 ΚΕΦΑΛΔῘΟΝ
1105 520 1202 574 ΙΛ¹.

1282 405 1595 460 PBEPAB.
1638 403 1880 461 EVANC.
1918 407 2042 461 LIB.
2087 407 2194 464 VII.

3265 401 3364 458 538

2406 519 2629 574 CAPUT
2676 517 2768 573 XI.

137 633 459 702 Ἐϐραίων
491 633 635 697 δόξα
659 635 787 702 περὶ
812 634 977 708 Θεοῦ,
1019 634 1122 686 τοῦ
1154 635 1382 701 πρώτου
1413 635 1528 687 τῶν
1563 633 1705 690 ὅλων

1823 630 1960 694 Quid
1987 630 2192 685 Hebraei
2227 633 2287 684 de
2320 631 2447 697 Deo,
2475 632 2704 708 principe
2727 646 2893 682 rerum
2923 628 3148 681 omnium
3177 644 3364 692 causa,
3407 683 3412 689 _

838 705 1048 757 αἰτίου.

207 811 340 880 Τὴν
372 812 470 881 μὲν
490 812 552 882 δὴ
575 812 673 880 τῆς
695 812 968 880 θεολογίας
992 813 1185 884 ἀρχὴν,
1211 813 1314 866 ἀπὸ
1335 814 1430 884 τῆς
1457 814 1562 867 τῶν
1581 816 1729 869 ὅλων-

125 902 450 971 ποιητικῆς
476 919 532 953 τε
556 902 646 954 καὶ
692 901 1079 972 δημιουργικῆς
1113 902 1388 972 δυνάμεως
1423 904 1717 973 ἀρχόμενος

125 991 155 1043 ὁ
186 992 327 1043 κατ’
375 992 570 1054 αὐτοὺς
609 992 796 1060 λόγος,
839 993 1163 1063 παρίστησιν
1213 995 1270 1045 οὐ
1325 993 1712 1061 συλλογισμοῖς,

125 1081 258 1134 οὐδὲ
290 1082 722 1150 πιθανολογίαις,
753 1083 1120 1152 δογματικώτε
1133 1101 1220 1154 ρον
1253 1084 1306 1135 δὲ
1338 1086 1428 1136 καὶ
1466 1083 1714 1136 διδασκα-

126 1171 470 1245 λικώτερον,
521 1173 822 1236 ὲπιθεάζωνμ
863 1175 939 1244 τῷ
983 1176 1122 1244 ἁγίῳ
1165 1175 1469 1245 Πνεύματι·
1519 1175 1605 1242 ὑφ’
1652 1167 1711 1226 οῦ

130 1264 613 1334 θεοφορούμενος,
663 1260 763 1318 ὧδέ
811 1284 926 1328 πως
970 1267 996 1317 ὁ
1028 1265 1266 1336 Μωῢσῆς
1299 1266 1575 1336 ἀπήρξατο
1616 1267 1713 1336 τῆς

135 1352 433 1421 θεολογίας
446 1371 482 1405 ·‹
509 1356 594 1407 Ἐν
615 1357 752 1426 ἀρχῇ
786 1357 1034 1425 ἐποίησεν
1059 1359 1086 1409 ὁ
1111 1357 1239 1419 Θεὸς
1266 1359 1357 1410 τὸν
1380 1359 1597 1428 οὐρανὸν
1622 1359 1712 1409 καὶ

135 1444 241 1514 τὴν
263 1444 399 1513 γῆν.
445 1463 462 1494 ι
515 1441 645 1498 Εἶτά
684 1463 877 1515 φησιν·
913 1466 950 1513 ψ(
985 1444 1147 1508 Εἶπεν
1180 1450 1206 1498 ὁ
1235 1447 1396 1510 Θεὸς,
1433 1450 1712 1519 Γενηθήτω

146 1533 289 1600 φῶς,
323 1536 418 1587 καὶ
449 1535 663 1601 ἐγένετο
692 1537 823 1603 φῶς.
851 1557 868 1589 ›
902 1539 1010 1591 Καὶ
1040 1539 1196 1591 πάλιν
1218 1557 1229 1567 ·
1265 1558 1281 1589 ι
1312 1537 1474 1591 Εἶπεν
1504 1542 1532 1591 ὁ
1558 1539 1707 1605 Θεὸς,

151 1619 444 1694 Γενηθήτω
511 1625 807 1695 στερέωμα,
867 1628 965 1678 καὶ
1020 1629 1247 1695 ἐγένετο.
1302 1648 1318 1678 ι
1368 1631 1472 1680 Καὶ
1521 1631 1707 1682 πάλιν⁶

161 1729 180 1761 ι
215 1709 386 1766 Εἶπεν
411 1716 438 1765 ὁ
482 1713 642 1778 Θεὸς,
679 1715 1092 1787 Βλαστησάτωή
1137 1720 1209 1788 γῆ
1240 1719 1464 1789 βοτάνην
1497 1722 1708 1790 χόρτου,

152 1806 384 1875 σπεῖρον
413 1798 630 1876 σπέρμα
658 1805 802 1857 κατὰ
827 1808 978 1874 γένος
1013 1809 1106 1861 καὶ
1139 1811 1259 1862 καθ’
1284 1812 1591 1881 ὁμοιότητα,
1619 1813 1710 1864 καὶ

149 1891 305 1958 ξύλον
341 1896 616 1965 κάρπιμον
648 1897 832 1950 ποιοῦν
861 1898 1087 1968 καρπὸν,
1124 1894 1182 1952 οῦ
1213 1900 1270 1951 τὸ
1301 1901 1516 1970 σπέρμα
1549 1899 1714 1952 αὐτοῦ

143 1982 202 2034 ἰν
251 1984 430 2053 αὐτῷ,
489 1987 632 2039 κατὰ
668 1986 820 2054 γένος
863 1988 951 2038 ἐπὶ
992 1987 1092 2056 τῆς
1128 1988 1261 2058 γῆς,
1295 1990 1386 2040 καὶ
1415 1992 1643 2056 ἐγένετο.
1685 2008 1705 2041 ι

143 2077 255 2129 Καὶ
288 2073 484 2140 αὖθις·
529 2098 545 2128 ι
576 2074 739 2130 Εἶπεν
772 2082 799 2132 ὁ
827 2078 976 2141 Θεὸς,
1019 2079 1399 2149 Γενηθήτωσαν
1435 2083 1712 2152 φωστῆρες

140 2168 200 2219 tv
225 2168 307 2237 τῷ
339 2169 675 2240 στερεώματι
710 2171 800 2222 τοῦ
826 2170 1072 2240 οὐρανοῦ,
1103 2171 1239 2224 ὥστε
1264 2172 1468 2240 φαίνειν
1499 2175 1589 2227 ἐπὶ
1613 2175 1711 2244 τῆς

139 2259 394 2333 γῆς,κωὶ
415 2261 650 2313 ἔστωσαν
687 2263 766 2324 είς
793 2265 1012 2331 σημεῖα,
1045 2263 1136 2315 καὶ
1163 2265 1240 2326 εἰς
1268 2264 1496 2332 ἡμέρας,
1520 2264 1610 2315 καὶ
1633 2266 1711 2327 είς

139 2350 454 2413 ἐνιαυτοὺς.
478 2354 568 2405 καὶ
606 2353 835 2422 ἐγένετο.
878 2373 895 2405 ι
928 2355 1033 2406 Καὶ
1065 2355 1222 2408 πάλιν
1241 2373 1253 2385 ·
1283 2374 1298 2404 ι
1329 2352 1489 2406 Εἶπεν
1512 2358 1539 2407 ὁ
1559 2355 1706 2419 Θεὸς,

153 2427 509 2509 Ἑξαγαγέτω
530 2444 595 2496 τά
619 2443 784 2497 ὕδατα
807 2445 1010 2516 ἑρπετά
1036 2445 1220 2514 ψυχῶν
1248 2444 1432 2507 ξωσῶν
1455 2444 1592 2505 κατὰ
1620 2443 1710 2512 γέ-

139 2545 267 2595 νος,
299 2533 400 2584 καὶ
443 2534 614 2586 πάντα
642 2535 708 2587 τὰ
746 2536 960 2589 πετεινὰ
990 2536 1079 2589 τοῦ
1104 2534 1328 2605 οὐρανοῦ
1357 2535 1494 2587 κατὰ
1535 2535 1706 2603 γένος,

141 2623 236 2675 καὶ⁸
259 2623 501 2693 ἐγένετο.
537 2644 554 2676 ι
595 2627 701 2678 Καὶ
726 2627 915 2679 πάλιν·
945 2645 963 2678 ι
1001 2626 1338 2694 Ἐξαγαγέτω
1367 2627 1489 2696 ήγῆ
1520 2626 1706 2697 τετρά-

142 2712 304 2775 ποδα,
343 2714 436 2766 καὶ
459 2714 679 2784 ἑρπετὰ,
712 2715 802 2770 καὶ
828 2715 988 2786 θηρία
1009 2716 1103 2785 τῆς
1137 2716 1236 2784 γῆς
1269 2716 1405 2769 κατὰ
1428 2719 1596 2783 γένος,
1617 2715 1709 2768 καὶ

141 2804 387 2874 δγένετο.
430 2824 448 2855 ι
490 2807 572 2858 Ἐν
593 2806 653 2878 δὴ
677 2806 878 2870 τούτοις
904 2806 1177 2874 φάσκουσα
1206 2807 1237 2875 ἡ
1264 2807 1300 2856 Γ
1309 2807 1468 2877 ραφὴ,
1503 2826 1519 2857 ι
1545 2803 1706 2859 Εἶπεν

141 2896 172 2950 6
205 2897 365 2960 Θεὸς,
397 2917 415 2948 ι
443 2898 500 2950 τὸ
525 2897 664 2950 θεῖον
691 2896 859 2966 νεῦμα
881 2897 970 2949 καὶ
998 2898 1055 2947 τὸ
1082 2895 1175 2948 ὡδί
1209 2915 1323 2959 πως
1360 2897 1604 2966 γενέσθαι
1640 2897 1710 2950 τὰ

143 2987 274 3040 ὂντα
300 2988 622 3058 βουληθῆναι
639 2988 726 3040 τὸν
755 2987 883 3040 Θεὸν
907 2987 1242 3057 παρίστησιν,
1269 2988 1325 3039 οὑ
1352 2989 1455 3057 μὴν
1478 2989 1531 3039 δὲ
1558 2990 1703 3057 φωνῇ

147 3078 241 3132 καὶ
276 3077 566 3142 συλλαϐαῖς
602 3080 761 3148 φάναι
784 3079 942 3132 αὑτὸν
965 3081 1190 3131 ἐπινοεῖν
1213 3081 1520 3145 ἀναγκαῖον.
1552 3081 1707 3135 Ἀλλὰ

2453 709 2722 753 senserint.

1887 812 2145 867 Sublimis
2174 812 2336 882 hujus
2363 813 2641 881 theologia:
2675 801 2968 879 primordia
2995 825 3100 866 non
3145 808 3368 861 aliunde

1817 918 1977 971 quam
2005 919 2069 956 ex
2096 904 2206 971 ipsa
2238 904 2288 954 vi
2319 917 2492 955 rerum
2536 905 2773 952 omnium
2802 887 3088 958 effecti-icti,
3107 895 3356 949 Hebrzeor

1817 1011 1934 1047 rum
1984 994 2228 1047 doctrina
2273 993 2482 1061 repetit,
2511 1007 2679 1059 eaque
2726 1006 2830 1043 non
2887 989 3086 1057 argutis
3115 997 3166 1041 et
3193 986 3362 1039 artill-

1815 1087 1959 1138 ciose
1989 1084 2324 1138 concinnatis
2354 1083 2727 1152 probationum
2769 1075 3228 1139 conclusimiilnis,
3261 1077 3354 1131 sed

1815 1179 1970 1246 plane
2005 1176 2249 1228 docentis
2280 1175 2331 1228 in
2367 1189 2592 1234 morem,
2616 1182 2797 1240 utpote
2830 1171 3009 1224 divino
3043 1156 3210 1221 alllata
3236 1165 3363 1234 Spi-

1814 1268 1918 1319 ritu
1948 1275 2348 1321 commemorat.
2372 1264 2490 1330 Quo
2514 1264 2728 1333 quidem
2763 1271 2918 1316 actus
2949 1269 3363 1326 eommotusque

1814 1355 2044 1424 Moyses,
2077 1356 2356 1418 theologia;
2407 1370 2517 1408 sua:
2570 1353 2820 1423 mysteria
2866 1353 3007 1404 hunc
3057 1350 3106 1402 in
3139 1349 3352 1401 modum

1813 1450 2165 1516 auspicatur:
2205 1466 2222 1496 ι
2257 1447 2312 1500 In
2344 1446 2610 1515 principio
2656 1446 2854 1497 creavit
2902 1442 3042 1496 Deus
3083 1443 3274 1495 malum
3304 1452 3356 1498 et

1814 1549 2007 1592 terram
2031 1539 2096 1602 ‘9;
2126 1558 2150 1590 ›
2184 1549 2293 1592 tum
2319 1523 2394 1592 ita
2440 1538 2770 1607 progreditur
2799 1555 2810 1590 :
2845 1555 2862 1584 ‹
2897 1535 3036 1588 Dixit
3075 1529 3361 1596 Deus,Fiat

1812 1631 1923 1694 lux,
1951 1639 2003 1684 et
2048 1629 2185 1682 facta
2217 1629 2300 1682 e'st
2322 1632 2442 1694 lux;
2477 1647 2495 1680 ι
2529 1629 2762 1696 itemque
2795 1646 2806 1679 :
2846 1645 2862 1676 ι
2894 1625 3010 1679 Fiat
3050 1625 3354 1678 firmamen-

1812 1730 1951 1784 tum,
1989 1730 2040 1773 et
2073 1718 2272 1773 factum
2302 1728 2419 1784 est;
2455 1739 2474 1771 ›
2501 1735 2562 1772 ac
2593 1735 2780 1772 rursus
2812 1737 2823 1771 :
2868 1737 2882 1766 ι
2911 1716 3181 1770 Gcrminet
3210 1723 3351 1766 terra

1815 1812 2031 1866 herbam
2080 1812 2362 1874 virentem,
2394 1807 2674 1862 facientem
2710 1825 2888 1862 semen
2940 1805 3229 1859 secundum
3263 1817 3353 1870 ge-

1812 1920 1914 1958 nus
1965 1919 2028 1956 ac
2079 1900 2480 1956 similitudinem
2510 1915 2684 1963 suam,
2716 1908 2768 1952 et
2799 1899 2997 1964 lignum
3033 1892 3350 1963 pomiferum

1811 1993 2011 2047 faciens
2037 1992 2294 2055 fructum,
2313 1992 2468 2061 cujus
2497 2004 2678 2047 semen
2712 1991 2764 2043 in
2795 1989 2909 2058 ipso
2940 1989 3028 2054 sit,
3057 1985 3350 2042 secundum

1810 2098 1980 2150 genus
2009 2100 2183 2158 suum
2229 2100 2388 2153 super
2434 2094 2629 2137 terram
2669 2099 2688 2136 :
2719 2093 2770 2137 et
2819 2081 3016 2136 factum
3067 2089 3167 2136 est.
3213 2077 3355 2136 Dixit

1811 2184 2061 2242 praeterea
2095 2173 2440 2228 Deustiant
2469 2174 2752 2228 luminaria
2785 2176 2838 2228 in
2874 2173 3209 2227 ﬁrmamento
3239 2185 3359 2226 eteo-

1811 2258 1867 2327 li,
1898 2275 1955 2319 ut
1982 2265 2196 2332 luceant
2225 2281 2386 2334 super
2418 2276 2638 2328 terram,
2667 2274 2720 2319 et
2751 2267 2860 2320 sint
2887 2265 2938 2319 in
2967 2266 3117 2334 signa
3141 2274 3193 2318 et
3220 2276 3356 2318 tem-

1807 2373 1960 2426 pora,
1994 2365 2047 2411 et
2087 2356 2222 2419 dies,
2255 2364 2310 2410 et
2332 2371 2501 2410 annos
2536 2375 2548 2411 :
2580 2365 2633 2410 et
2664 2355 2860 2410 factum
2895 2364 2999 2411 est.
3028 2354 3353 2423 Addiditque

1808 2447 1949 2502 Deus
1974 2466 1986 2500 :
2007 2447 2312 2502 Producant
2342 2447 2503 2517 318
2535 2462 2686 2516 aquae
2708 2447 2916 2516 reptilia
2944 2446 3243 2500 animarum
3275 2447 3360 2499 vi-

1806 2539 2044 2592 ventium
2079 2537 2374 2592 secundum
2413 2553 2581 2606 genus
2611 2553 2788 2600 suum,
2814 2546 2866 2591 et
2910 2537 3088 2591 omnia
3119 2537 3360 2591 volatilia

1807 2627 1926 2681 coeli
1977 2629 2272 2682 secundum
2316 2641 2484 2696 genus
2532 2641 2711 2689 suum,
2743 2636 2796 2681 et
2835 2625 3030 2680 factum
3065 2637 3177 2690 est;
3209 2645 3226 2676 ›
3257 2627 3354 2679 ite-

1806 2733 2034 2787 rumque
2063 2736 2076 2770 :
2107 2735 2123 2768 ι
2145 2715 2416 2771 Producat
2450 2727 2590 2770 terra
2619 2718 3011 2785 quadrupedes,
3042 2725 3093 2770 et
3119 2715 3352 2787 reptilia,

1806 2818 1859 2862 et
1884 2809 2081 2861 bestias
2109 2815 2263 2860 terra:
2295 2807 2588 2859 secundum
2638 2822 2806 2873 genus
2840 2807 3040 2859 suum":
3071 2815 3123 2858 et
3154 2807 3357 2859 factum.

1805 2909 1887 2952 est
1906 2899 1970 2950 ⁸ο.
2004 2917 2022 2950 ι
2049 2897 2253 2964 Quibus
2272 2897 3039 2958 omnibuscommemorandis,
3065 2899 3188 2948 dum
3215 2898 3353 2952 hanc

1809 2986 2085 3057 Scriptura
2140 2987 2426 3041 formulam
2460 2987 2697 3049 adhibet,
2743 3006 2760 3037 ι
2794 2986 2933 3039 Dixit
2968 2986 3127 3051 Dens,
3151 3007 3168 3037 ι
3207 2987 3352 3042 aliud

1806 3079 1960 3141 nihil,
1985 3075 2176 3147 praeter
2208 3093 2369 3147 quam
2410 3078 2475 3130 ad
2507 3078 2680 3146 ipsum
2714 3078 3004 3130 voluntatis
3034 3077 3227 3130 divinae
3254 3094 3355 3130 nu-

145 3168 237 3222 τὸν
269 3170 449 3223 πάντα
469 3169 625 3238 λόγον
644 3171 1216 3241 άνακεφαλαιούμενος,
1253 3191 1270 3222 ‹
1298 3171 1464 3241 Αὕτη,
1506 3190 1524 3221 ι
1553 3172 1701 3240 φησι,

1806 3177 1941 3233 tum,
1977 3169 2076 3222 hoc
2112 3169 2267 3222 illove
2306 3167 2466 3221 modo
2508 3183 2594 3221 res
2622 3182 2810 3221 omnes
2835 3166 3107 3220 exstitisse
3134 3183 3195 3219 ac
3231 3181 3354 3235 per-

153 3278 179 3314 ι
210 3262 243 3331 ἠ
271 3260 449 3330 βίϐλος
478 3262 738 3328 γενέσεως
763 3263 987 3334 οὐρανοῦ
1012 3264 1103 3316 καὶ
1142 3265 1250 3333 γῆς,
1353 3263 1533 3334 ἡμέρᾳ
1560 3265 1707 3316 ἐποί-

149 3365 280 3419 ησεν
306 3353 336 3402 ὁ
365 3351 494 3414 Θεὸς
520 3352 609 3404 τὸν
634 3353 855 3422 οὐρανὸν
879 3355 970 3406 καὶ
1009 3354 1104 3424 τὴν
1147 3356 1266 3424 γῆν,
1304 3356 1394 3408 καὶ
1429 3355 1600 3407 πάντα
1638 3356 1706 3408 τὰ

156 3441 211 3494 ἂν
237 3444 438 3505 αὐτοῖς.
474 3462 491 3494 ι
527 3441 755 3511 Τοιαύτη
785 3445 936 3514 μὲνὴ
971 3446 1090 3498 καθ’
1126 3447 1404 3516 Ἐϐραίους
1441 3445 1702 3514 θεολογία,

158 3531 292 3604 λόγῳ
314 3533 446 3588 Θεοῦ
473 3533 838 3604 δημιουργικῷ
860 3534 925 3586 τὰ
948 3535 1121 3588 πάντα
1145 3538 1456 3589 συνεστάναι
1493 3537 1705 3589 παιδεύ-

152 3640 306 3678 ουσα.
349 3627 583 3683 Ἔπειτα,
624 3626 680 3679 δὲ
720 3628 814 3696 οὐχ
860 3619 960 3678 ὧδε
999 3626 1198 3696 ἔρημον
1226 3627 1300 3689 ὼς
1338 3627 1568 3697 ὀρφανὸν
1604 3628 1704 3680 ὑπὸ

153 3717 358 3787 πατρὸς
381 3717 801 3786 καταλειφθέντα
831 3718 921 3770 τὸν
957 3718 1239 3788 σύμπαντα
1265 3718 1464 3787 κόσμον
1491 3718 1592 3769 ὑπὸ
1614 3717 1702 3769 τοῦ

155 3807 557 3877 συστησαμένου
603 3807 871 3872 διδάσκει,
901 3808 1011 3861 ἀλλ’
1047 3811 1122 3872 εἰς
1146 3809 1205 3861 τὸ
1231 3808 1315 3862 ἀεὶ
1360 3809 1460 3861 ὑπὸ
1485 3809 1580 3878 τῆς
1612 3808 1702 3862 τοῦ

159 3894 299 3948 Θεοῦ
332 3896 572 3965 προνοίας
613 3898 770 3950 αὑτὸν
818 3899 1164 3965 διοικεῖσθαι,
1207 3900 1281 3964 ὡς
1313 3901 1383 3971 μὴ
1418 3901 1571 3970 μόνον
1614 3900 1707 3972 δηε

86 4027 90 4030 .
160 3984 419 4057 μιουργὸν
446 3981 575 4038 εἶναι
609 3985 716 4037 τῶν
744 3986 879 4039 ὅλων
899 3988 990 4040 καὶ
1015 3991 1239 4059 ποιητὴν
1273 3989 1362 4042 τὸν
1384 3990 1532 4052 Θεὸν,
1574 3989 1706 4042 ἀλλὰ

155 4076 254 4134 καὶ
290 4077 500 4149 σωτῆρα
520 4120 534 4144 ,
582 4079 673 4132 καὶ
704 4077 974 4150 διοικητὴν
999 4117 1014 4144 ,
1059 4079 1150 4132 καὶ
1179 4080 1420 4147 βασιλέα,
1459 4080 1552 4133 καὶ
1580 4081 1706 4149 ἡγε-

158 4168 316 4240 μόνα,
340 4169 467 4241 ἡλίῳ
494 4169 640 4241 αὐτῷ
664 4210 677 4233 ,
703 4170 793 4224 καὶ
825 4170 1036 4243 σελήνῃ,
1069 4171 1162 4222 καὶ
1203 4169 1418 4240 ἄστροις
1444 4208 1456 4230 ,
1498 4171 1590 4223 καὶ
1627 4169 1703 4239 τῷ

158 4261 426 4332 σύμπαντι
461 4261 671 4334 οὐρανῷ
708 4280 764 4314 τε
796 4262 889 4315 καὶ
934 4261 1122 4331 κόσμῳ
1159 4260 1223 4312 δι’
1253 4259 1441 4321 αἰῶνος
1475 4259 1702 4311 ἐπιστά-

156 4351 377 4417 τοῦντα,
397 4353 615 4423 μεγάλῳ
635 4370 693 4407 τε
725 4352 982 4424 ὀφθαλμῷ
1009 4355 1100 4406 καὶ
1125 4352 1287 4422 ὲνθέῳ
1309 4352 1527 4422 δυνάμει
1546 4353 1701 4404 πάντ’

151 4441 446 4512 ιφορῶντα,
481 4443 577 4496 καὶ
612 4446 718 4506 τοῖς
753 4447 920 4498 πᾶσιν
942 4445 1206 4516 οὐρανίοις
1227 4461 1285 4495 τε
1319 4443 1408 4495 καὶ
1445 4441 1702 4510 ἐπιγείοις

1806 3257 1973 3311 fectas
2015 3272 2135 3311 esse
2177 3256 2461 3326 signiﬁcat,
2496 3255 2737 3322 adeoque
2765 3269 2981 3308 necesse
3011 3269 3116 3307 non
3145 3263 3244 3316 est,
3274 3253 3359 3308 uti

1803 3363 1989 3402 vocem
2039 3348 2240 3409 ullam,
2298 3346 2502 3400 ullasve
2556 3345 2790 3416 syllabas
2837 3347 3154 3414 cogitemus.
3211 3344 3360 3399 Idem

1804 3455 1966 3509 porro
1995 3453 2160 3500 vates,
2195 3439 2457 3492 oratiOnis
2487 3437 2752 3491 universae
2780 3453 3046 3492 summam
3075 3438 3351 3508 colligens,

1805 3532 1874 3584 ita
1915 3532 2183 3585 concludit
2214 3549 2225 3584 :
2262 3549 2279 3582 ι
2311 3529 2407 3584 llic
2433 3531 2586 3594 liber,
2622 3531 2812 3600 inquit,
2845 3532 3202 3600 generationis
3233 3530 3359 3585 caeli

1803 3630 1854 3674 et
1884 3630 2055 3686 terrae,
2089 3623 2138 3674 in
2167 3621 2274 3686 die,
2307 3636 2412 3690 qua
2447 3621 2571 3676 fecit
2594 3622 2787 3674 cmlum
2816 3630 2867 3673 et
2899 3630 3118 3684 terram,
3149 3629 3200 3673 et
3233 3635 3354 3673 om-

1803 3711 1912 3777 nia,
1933 3726 2051 3780 quae
2081 3712 2132 3763 in
2157 3712 2235 3765 eis
2266 3709 2834 3780 sunt".iilujusmodi
2853 3727 2978 3779 ergo
2995 3719 3076 3765 est
3105 3709 3359 3766 llebrmo-

1804 3819 1924 3857 rum
1973 3803 2256 3871 theologia,
2290 3817 2408 3872 quae
2452 3803 2599 3857 verbi
2649 3803 2816 3856 divini
2858 3803 3123 3857 effectrice
3152 3805 3202 3856 vi
3236 3813 3356 3858 sata

1804 3909 1922 3950 esse
1949 3909 2010 3948 ac
2039 3902 2319 3963 procreata
2351 3894 2508 3949 docet
2532 3895 2802 3949 universa.
2836 3894 3036 3949 Deinde
3062 3885 3208 3959 vero,
3244 3910 3359 3949 non.

1800 3988 1912 4056 jam
1959 3998 2176 4041 auctore
2211 3987 2295 4041 sui
2326 4003 2387 4041 ac
2417 3987 2667 4041 molitore
2695 3987 2822 4049 Deo,
2851 3987 2928 4041 sic
2959 3995 3212 4054 tanquam
3258 4000 3354 4039 or-

1802 4080 2041 4148 phanum
2076 4093 2105 4131 a
2136 4087 2352 4146 parente
2381 4079 2623 4141 relictum
2645 4092 2764 4133 esse
2789 4079 3070 4154 mundum,
3089 4077 3182 4133 sed
3207 4082 3352 4147 ejus-

1802 4169 1923 4221 dem
1973 4167 2306 4236 providentia
2366 4179 2625 4236 perpetuo
2680 4178 3095 4238 constanterque
3135 4170 3266 4240 regi,
3295 4179 3359 4225 ut

1802 4274 1910 4313 non
1969 4260 2126 4314 modo
2178 4275 2360 4314 rerum
2392 4261 2739 4327 architectus
2774 4277 2835 4316 ac
2865 4263 3078 4316 molitor
3110 4264 3364 4319 omnium.

1803 4352 1916 4423 ipse
1943 4351 2122 4418 fuerit,
2154 4353 2246 4407 sed
2282 4354 2717 4424 earuquuoque
2755 4364 2996 4408 servator
3041 4364 3201 4424 atque
3233 4369 3358 4407 mo-

1803 4444 2035 4509 derator,
2070 4459 2163 4498 rex
2195 4443 2320 4500 item
2367 4461 2430 4500 ac
2480 4446 2727 4514 princeps
2752 4461 2870 4500 esse
2897 4447 3023 4500 velit
3058 4466 3070 4500 :
3105 4447 3363 4514 idemque

143 4534 502 4608 ἐπιπαρόντα,
529 4533 711 4588 καὶτὰ
749 4535 934 4592 πάντα
953 4538 1009 4590 ὲν
1038 4536 1226 4607 κόσμῳ
1265 4535 1611 4589 διατάττοντά
1641 4551 1698 4586 τε

1806 4550 1927 4589 cum
1972 4535 2097 4600 soli,
2128 4535 2290 4599 lunae,
2321 4535 2608 4599 sideribus,
2647 4537 2893 4605 caeloque
2918 4539 3118 4606 passim
3147 4532 3199 4590 et
3231 4537 3356 4590 orbi

145 4629 242 4685 καὶ
274 4626 590 4683 διοικοῦντα.
621 4627 824 4698 Ὥσπερ
848 4622 940 4681 οῦν
966 4628 1157 4697 ἀμέλει
1185 4627 1276 4680 καὶ
1304 4629 1349 4681 οί
1377 4627 1512 4698 μετὰ
1532 4627 1702 4689 ταῦτα

143 4720 443 4793 προφῆται,
471 4719 732 4774 ἀκόλουθα
763 4718 856 4772 καὶ
886 4717 1358 4783 αὐτοὶθειάζοντες
1381 4760 1398 4785 ,
1431 4719 1549 4771 τοτὲ
1605 4719 1702 4789 μὲν

144 4809 453 4879 ἀνεφώνουν
475 4809 532 4877 ἐξ
560 4808 718 4868 αὐτοῦ
763 4807 853 4862 τεοῦ
903 4806 1044 4859 θείου
1090 4805 1338 4876 λέγοντες
1374 4805 1659 4876 προσώπου
1683 4823 1696 4835 ·

149 4921 170 4956 ι
197 4901 332 4966 Θεὸς
359 4900 589 4970 ὲγγίξων
616 4901 724 4971 ἐγώ
751 4904 885 4973 ειμι,
903 4898 1048 4966 λέγει
1069 4897 1288 4968 Κύριος,
1315 4901 1405 4953 καὶ
1433 4900 1550 4968 οὐχὶ
1569 4898 1698 4962 Θεὸς

146 4993 452 5066 «apposui,
467 4994 534 5069 Et,
555 4997 761 5065 ποιήσει
780 5011 833 5047 τι
851 4993 945 5046 ἄνθ
956 5008 1129 5065 ρωπος
1149 4993 1203 5043 ὲν
1223 4992 1522 5062 κρυφαίοις,
1547 4991 1698 5058 κάγὼ

144 5087 203 5141 οὐ
223 5085 501 5156 γνώσομαι
532 5086 687 5151 αὑτός
717 5087 848 5157 Οὐχί
866 5087 954 5140 τὸν
984 5085 1204 5157 οὐρανὸν
1235 5083 1328 5137 καὶ
1353 5083 1450 5152 τὴν
1470 5083 1572 5152 γῆν
1590 5081 1699 5150 ἐγὼ

153 5174 372 5249 πληρῶ;
405 5172 547 5243 λέγει
571 5173 790 5245 Κύριος.
841 5194 855 5226 ι
898 5176 1030 5229 Τοτὲ
1059 5176 1115 5228 δὲ
1144 5167 1244 5226 ὦδέ
1278 5189 1351 5242 πη
1394 5170 1697 5237 θεολογοῦν-

149 5283 235 5332 τις
256 5284 270 5298 ο
304 5286 322 5319 ι
354 5266 450 5328 Τίς
476 5265 742 5338 ἐμέτρησε
768 5268 834 5336 τῇ
860 5267 1002 5338 χειρὶ
1030 5267 1091 5319 τὸ
1114 5265 1274 5336 ὕδωρ,
1307 5262 1509 5316 καὶτὸν
1535 5263 1695 5331 οὐρα-

142 5356 233 5412 ιὸν
268 5356 508 5427 σπιθαμῇ
541 5357 633 5410 καὶ
664 5354 963 5426 πᾶσανῆν
993 5357 1098 5426 γῆν
1134 5358 1291 5429 δρακί
1311 5374 1324 5420 ;
1370 5355 1464 5418 Τίς
1509 5353 1700 5424 ἔστησε

142 5451 212 5508 τά
237 5449 340 5520 ὅρη
363 5446 601 5522 σταθμῷ,
634 5447 727 5500 καὶ
752 5446 848 5509 τὰς
872 5447 1046 5510 νάπας
1070 5447 1215 5518 ζυγῷ
1241 5465 1254 5511 ;
1282 5447 1376 5511 Τίς
1406 5446 1542 5513 ἔγνω
1573 5444 1696 5500 νοῦν

145 5541 377 5612 Κυρίου,
396 5539 487 5592 καὶ
510 5537 592 5602 τίς
621 5536 916 5607 σύμϐουλος
939 5536 1102 5593 αὐτοῦ
1133 5539 1344 5606 ἐγένετο
1359 5543 1379 5603 ’;
1419 5537 1572 5591 i.Kal
1602 5536 1696 5588 πά-

147 5630 230 5684 λιν
253 5648 265 5659 ·
309 5647 330 5680 ι
371 5628 430 5684 ’0
454 5630 650 5701 στήσας
687 5628 761 5692 ὡς
793 5627 1045 5698 καμάραν
1076 5628 1165 5682 τὸν
1195 5629 1449 5700 οὐρανὸν,
1468 5630 1559 5682 καὶ
1585 5628 1695 5680 δια-

217 5808 264 5842 ⁶⁹
289 5809 430 5865 Gen.
460 5824 499 5876 ι,
528 5804 584 5865 1.
652 5810 697 5843 ⁸⁸
731 5810 860 5866 ibid.
894 5809 925 5864 3
954 5824 1101 5879 seqq.
1198 5810 1239 5842 ⁵³
1270 5808 1403 5865 Gen.
1437 5826 1496 5877 it,
1532 5810 1584 5864 4.

1801 4613 2149 4683 continentur
2201 4626 2454 4681 universo
2491 4628 2693 4695 presit,
2724 4635 2834 4680 tum
2879 4643 3069 4695 magno
3123 4628 3354 4695 ipsemet

1800 4718 1956 4774 oculo
2002 4718 2289 4786 divinoque
2319 4714 2552 4771 Numine
2587 4726 2780 4772 cuncta
2812 4719 3048 4772 lustrans
3080 4734 3143 4773 ac
3176 4721 3352 4788 pervi-

1797 4811 1950 4877 dens,
1977 4809 2243 4876 rebusque
2291 4807 2546 4862 omnibus
2592 4823 2684 4861 seu
2735 4824 2854 4877 qua:
2899 4811 3056 4873 cmlo,
3096 4827 3188 4865 seu
3231 4829 3360 4882 qua}

1799 4913 1935 4957 terra
1985 4899 2349 4965 continentur,
2395 4899 2617 4954 omnino
2663 4915 2919 4969 praesens,
2969 4917 3068 4957 suo
3125 4919 3351 4973 quaeque

1795 4995 1987 5049 ordine
2038 4991 2306 5060 sapienter
2359 5002 2586 5062 apteque
2611 4993 2905 5048 constituat
2935 5006 3094 5064 atque
3129 4997 3347 5064 dispen-

1797 5082 2085 5151 set.Atque
2135 5080 2188 5135 id
2241 5080 2412 5134 secuti
2459 5080 2710 5147 deinceps
2757 5081 3047 5150 prophetae,
3083 5080 3351 5149 prioribus

1797 5174 1902 5229 illis
1930 5180 2289 5229 consentanea
2337 5170 2518 5225 divino
2569 5168 2771 5239 Spiritu
2799 5181 3049 5226 canentes
3081 5170 3180 5238 ipsi
3213 5184 3347 5239 quo-

1799 5283 1922 5336 que,
1960 5273 2210 5319 testatum
2241 5263 2616 5331 reliquerunt;
2650 5280 2742 5318 seu
2772 5279 2893 5318 cum
2946 5262 3178 5316 divinam
3232 5275 3353 5328 per.

1801 5373 1987 5414 sonam
2015 5357 2361 5422 sustinentes,
2388 5356 2531 5410 hunc
2575 5355 2627 5410 in
2679 5357 2894 5411 modum
2934 5355 3295 5409 exclamarent
3330 5371 3342 5408 :

1813 5468 1831 5500 ι
1860 5448 2001 5503 Deus
2035 5447 2468 5518 appropinquans
2496 5464 2595 5520 ego
2633 5463 2775 5514 sum,
2827 5448 2953 5520 dicit
2983 5446 3263 5509 Dominus,
3295 5456 3352 5505 et

1802 5557 1910 5595 non
1957 5541 2098 5595 Deus
2147 5540 2213 5595 de
2256 5539 2434 5613 longe.
2470 5539 2526 5595 Si
2553 5540 2712 5595 faciet
2736 5539 2934 5609 aliquid
2968 5538 3129 5593 homo
3162 5541 3216 5592 in
3250 5555 3346 5594 oc-

1801 5631 1992 5698 cultis,
2014 5640 2067 5688 et
2085 5646 2183 5702 ego
2205 5633 2441 5689 nesciam
2476 5634 2603 5691 illud
2622 5635 2644 5690 ἲ
2663 5629 2921 5702 Nunquid
2949 5645 3053 5687 non
3076 5633 3272 5690 celum
3292 5641 3349 5690 et
