3976 6340
688 372 793 448 539

1331 402 1600 464 EUSEBII
1640 402 2120 459 CESABIENSIS
2154 401 2301 459 OPP.
2344 396 2530 455 PARS
2565 396 2628 453 ll.
2670 426 2740 437 —-
2780 392 3272 481 APOLOGETICA.

3822 390 3924 444 540

672 529 875 576 terram
904 534 1003 591 ego
1028 518 1261 589 impleo?
1284 520 1413 575 dicit
1432 521 1773 577 Dominus".
1798 540 1817 573 ι
1844 519 1950 575 Seu
1979 536 2103 575 cum
2130 520 2220 574 hoc

2333 514 2513 578 τείνας
2551 515 2626 578 ὡς
2672 511 2871 583 σκηνὴν
2910 511 3202 564 κατοικεῖν.
3252 525 3271 558 ι
3325 504 3436 560 Kal
3463 500 3617 568 αὖθις
3640 519 3655 535 ⁸
3689 523 3708 555 ι
3760 502 3920 559 Ἆνα-

674 611 776 679 ipsi
804 612 967 666 modo
1012 612 1080 666 de
1122 610 1232 664 Deo
1265 612 1719 682 phil050phantur
1748 631 1762 667 :
1805 632 1823 664 ι
1853 612 1987 679 Quis
2016 628 2237 668 mensus

678 713 757 757 est
780 720 943 757 manu
978 719 1196 773 aquam,
1228 714 1277 758 et
1310 706 1505 760 corium
1533 708 1733 775 palmo,
1762 716 1817 760 et
1866 723 2079 761 omnem
2124 716 2237 762 ter-

677 809 791 847 ram
824 795 1223 865 pugillo?Qnis
1268 797 1483 851 libravit
1528 807 1739 852 montes
1788 798 1842 851 in
1895 800 2152 867 pondere.
2183 806 2237 852 et

676 886 840 940 colles
873 887 926 940 in
956 888 1194 943 statera?
1219 887 1351 954 Quis
1376 891 1628 957 cognovit
1655 898 1889 945 mentem
1914 889 2149 954 Domini,
2183 900 2237 945 et

675 976 799 1045 quis
831 980 1173 1033 consiliarius
1197 980 1314 1049 eius
1345 980 1543 1035 fuit"?
1573 1002 1591 1032 ι
1624 981 1865 1052 itemque
1898 1000 1911 1035 :
1948 1002 1967 1034 ι
1995 982 2099 1048 Qui
2127 992 2236 1037 sta-

675 1068 776 1123 tuit
829 1069 980 1138 quasi
1034 1085 1303 1125 cameram
1352 1072 1571 1136 cmlnm,
1606 1080 1659 1126 et
1698 1071 1935 1127 extendit
1962 1074 2118 1141 quasi
2153 1084 2235 1127 ta-

674 1159 1025 1215 bernaculum
1055 1162 1120 1215 ad
1152 1161 1502 1217 habitandum
1525 1164 1592 1218 “.
1625 1183 1643 1215 ι
1675 1162 1954 1221 Et'rursus
1976 1183 1990 1219 :
2011 1185 2029 1216 ι
2063 1164 2228 1221 Leva-

674 1258 726 1303 te
772 1248 827 1303 in
879 1249 1156 1304 excelsum
1183 1251 1371 1305 oculos
1396 1260 1625 1315 vestros,
1655 1261 1709 1307 et
1736 1253 1929 1319 videte,
1961 1256 2083 1324 quis
2111 1270 2233 1325 per-

672 1340 799 1394 fecit
848 1340 962 1395 haec
1000 1341 1201 1396 omnia.
1236 1361 1255 1393 ι
1291 1341 1356 1397 Et
1384 1343 1642 1413 deinceps
1679 1361 1693 1397 :
1726 1362 1745 1395 ι
1777 1343 2038 1402 Dominus
2065 1346 2230 1409 Dens,

671 1431 765 1501 qui
811 1429 939 1486 fecit
984 1432 1203 1497 ccelum,
1239 1442 1293 1488 et
1328 1434 1591 1489 stabilivit
1616 1436 1789 1505 ipsum
1823 1455 1836 1490 :
1868 1439 1958 1506 qui
1998 1438 2233 1492 ﬁrmavit

671 1520 896 1587 terram,
923 1528 979 1575 et
1021 1537 1141 1591 qua:
1193 1523 1249 1577 in
1291 1538 1354 1578 ea
1405 1531 1576 1579 sunt:
1616 1525 1751 1579 dans
1789 1524 1974 1579 ﬂatum
2008 1526 2227 1594 pupula,

672 1611 767 1679 qui
817 1619 901 1665 est
944 1626 1107 1683 super
1150 1628 1293 1678 eam,
1324 1621 1377 1667 et
1420 1613 1671 1682 spiritum
1700 1613 2031 1671 calcantibus
2058 1631 2177 1670 eam
2212 1634 2226 1670 :

668 1718 769 1773 ego
808 1701 1087 1763 Dominus
1138 1702 1301 1759 Deus.
1328 1723 1346 1756 ι
1381 1703 1444 1758 Ει
1470 1705 1726 1774 deinceps
1756 1725 1770 1759 :
1811 1725 1830 1757 ι
1861 1705 2089 1761 Extendi
2114 1723 2227 1763 coa—

670 1795 779 1848 lnm
810 1794 977 1858 solus,
1006 1804 1059 1849 et
1092 1796 1302 1850 ﬁrmavi
1358 1805 1555 1851 terram
1592 1817 1604 1852 :
1633 1798 1795 1869 319
1832 1814 1932 1869 ego
1966 1798 2227 1855 Dominus

2337 605 2569 674 ϐλέψατε
2621 605 2702 666 είς
2759 604 2820 655 τὸ
2873 602 3005 671 ῦψος
3054 602 3178 661 τοὺς
3225 596 3533 667 ὀφθαλμοὺς
3580 595 3767 665 ὑμῶν,
3828 597 3921 652 καὶ

2341 697 2497 761 ῐδετε,
2526 696 2609 760 τίς
2644 693 2913 758 κατέδειξε
2937 693 3110 746 ταῦτα
3148 691 3340 743 πάντα.
3383 708 3401 740 ι
3423 690 3533 741 Kal.
3553 688 3677 758 ἑξῆς
3702 706 3715 717 ·
3749 707 3771 739 ε
3801 689 3915 739 Κύ-

2341 806 2452 859 ριος
2472 791 2500 841 6
2521 788 2651 851 Θεὸς
2678 790 2705 839 6
2735 788 2959 857 ποιήσας
2988 784 3075 837 τὸν
3107 770 3365 854 οὐρανὸν,
3399 782 3492 834 καὶ
3520 780 3696 854 πήξας
3725 780 3913 839 αὑιώυ.

2336 882 2363 934 6
2404 878 2709 951 στερεώσας
2756 879 2852 951 τὴν
2904 880 3006 949 γῆν
3054 879 3146 931 καὶ
3196 876 3265 929 τὰ
3296 878 3353 929 ὲν
3390 878 3547 945 αὐτῇ,
3593 876 3687 927 καὶ
3731 874 3914 936 διδους

2337 970 2501 1041 πνοὴν
2529 970 2606 1041 τῷ
2628 969 2741 1040 λαῷ
2763 970 2839 1039 τῷ
2864 971 2949 1023 ἐπ’
2988 970 3175 1039 αὑτῆς,
3207 970 3299 1021 καὶ
3328 966 3541 1035 πνεῦμα
3562 968 3676 1028 τοῖς
3701 952 3913 1017 πατοῦ-

2336 1080 2419 1116 σιν
2451 1063 2636 1133 αὑτὴν,
2671 1061 2781 1132 ἐγὼ
2811 1061 3010 1133 Κύριος
3031 1063 3058 1114 6
3085 1061 3231 1123 Θεός.
3249 1080 3267 1112 ι
3296 1061 3404 1113 Kal.
3421 1058 3563 1127 ἑξῆς·
3586 1076 3604 1108 ι
3629 1058 3908 1121 Ἐξὲτεινα

2332 1156 2422 1208 τὸν
2440 1154 2663 1225 οὐρανὸν
2688 1155 2867 1223 μόνος,
2906 1152 3000 1205 καὶ
3027 1150 3333 1223 ἐστερέωσα
3360 1148 3457 1219 τὴν
3479 1150 3579 1217 γῆν
3597 1164 3611 1176 ο
3652 1147 3770 1215 ἐγὼ
3799 1146 3907 1199 Κύ-

2335 1262 2447 1318 ριος
2473 1247 2501 1299 6
2524 1244 2657 1307 Θεός
2676 1260 2688 1273 ·
2721 1244 2820 1297 οὑκ
2842 1243 2955 1296 ἔστι
2986 1241 3122 1313 πλὴν
3147 1241 3315 1312 ἐμοῦ..
3335 1260 3353 1291 ι
3379 1241 3487 1294 Kal.
3519 1239 3683 1293 πάλιν
3706 1256 3719 1269 ο
3761 1258 3781 1289 ι
3804 1237 3904 1291 Οὖ-

2331 1353 2437 1401 τως
2470 1337 2641 1407 ἐρεῖτε
2674 1336 2887 1398 αὐτοῖς·
2919 1334 3061 1397 Θεοὶ,
3088 1334 3137 1387 οἳ
3169 1332 3258 1386 τὸν
3287 1333 3509 1404 οὑρανὸν
3547 1333 3641 1384 xal.
3668 1332 3772 1401 τὴν
3804 1334 3899 1401 γῆν.

2330 1429 2427 1480 οὑκ
2457 1427 2733 1498 ἐποίησαν,
2764 1425 3144 1509 ὰλτολὲσθωσαν
3175 1424 3283 1477 ἀπὸ
3316 1424 3599 1495 προσώπου
3633 1424 3741 1493 τῆς
3775 1423 3885 1493 γῆς,

2331 1519 2424 1572 καὶ
2450 1518 2793 1571 ὑποκάτωθεν
2825 1517 2917 1569 τοῦ
2949 1514 3197 1586 οὐρανοῦ.
3228 1515 3428 1585 Κύριος
3460 1517 3488 1567 6
3535 1514 3772 1584 ποιήσας
3801 1513 3888 1585 τὴν

2329 1610 2431 1679 γῆν
2462 1612 2519 1662 ὲν
2544 1612 2607 1679 τῇ
2646 1609 2788 1678 ίσχύῖ
2824 1608 2989 1661 αὑτοῦ
3012 1606 3303 1678 άνώρθωσε
3331 1606 3429 1677 τὴν
3476 1606 3807 1678 οἰκουμένην
3837 1608 3892 1659 ὲν

2328 1699 2391 1768 τῇ
2420 1698 2577 1768 σοφίᾳ
2606 1696 2768 1750 αὑτοῦ
2787 1738 2801 1761 ,
2853 1698 2947 1755 καὶ
2991 1699 3048 1749 ἐν
3079 1700 3144 1768 τῇ
3173 1696 3429 1767 φρονήσει
3460 1695 3622 1749 αὑτοῦ
3658 1696 3886 1762 ἐξέτεινε

2328 1790 2415 1841 τὸν
2432 1790 2490 1840 οὑ
2501 1788 2672 1859 ρανὸν,
2696 1788 2787 1841 καὶ
2808 1790 3047 1860 ἀνήγαγε
3074 1788 3297 1856 νεφέλας
3319 1786 3377 1852 ἐξ
3394 1788 3619 1857 ἐσχάτου
3642 1788 3736 1857 τῆς
3755 1791 3877 1859 γῆς’

668 1882 812 1940 Deus
844 1905 856 1940 :
892 1887 1073 1942 nullus
1120 1896 1202 1941 est
1231 1896 1421 1955 prazter
1454 1904 1540 1942 me
1557 1859 1993 1943 ".vi—Eltiterum
2027 1909 2043 1944 :7
2083 1910 2101 1942 ι
2137 1890 2220 1947 Sic

2326 1880 2609 1950 ἀστραπὰς
2630 1883 2708 1942 είς
2740 1859 2902 1933 ὑετὸν
2929 1882 3171 1951 ἐποίησε,
3220 1881 3312 1933 καὶ
3348 1878 3614 1950 ἐξήγαγεν
3649 1879 3869 1948 ἀνέμους

666 1977 859 2031 dicetis
890 1978 1021 2047 ipsis
1050 1978 1190 2040 :Dii,
1219 1980 1312 2048 qui
1345 1980 1542 2034 cmlum
1584 1988 1638 2035 et
1685 1988 1882 2034 terram
1932 1997 2040 2036 non
2085 1982 2227 2038 fece-

667 2075 816 2130 runt,
850 2075 1073 2136 pereant
1108 2082 1135 2119 a
1169 2067 1308 2123 facie
1341 2076 1515 2132 terrae,
1551 2078 1604 2123 et
1630 2070 1695 2125 de
1725 2070 1827 2125 sub
1851 2070 2010 2125 caelo.
2041 2070 2225 2126 Domi-

666 2171 792 2221 nus,
824 2159 916 2228 qui
964 2157 1091 2213 fecit
1132 2170 1331 2213 terram
1389 2160 1440 2213 in
1482 2159 1801 2216 fortitudine
1841 2177 1959 2228 sua,
1989 2164 2224 2217 correxit

664 2250 849 2304 orbem
886 2261 1040 2307 terra:
1080 2252 1134 2305 in
1166 2252 1427 2321 sapientia
1464 2267 1581 2317 sua,
1615 2262 1671 2307 et
1710 2252 1763 2307 in
1811 2254 2094 2324 prudentia
2124 2270 2219 2308 sua

662 2342 903 2397 extendit
943 2342 1163 2408 malum,
1196 2351 1250 2397 et
1273 2343 1503 2397 elevavit
1547 2345 1721 2400 nubes
1752 2345 1822 2399 ab
1849 2356 2090 2400 extremo
2118 2355 2223 2400 ter,

662 2447 741 2488 re
770 2452 784 2489 :
823 2432 1033 2505 fulgura
1080 2435 1134 2488 in
1181 2434 1417 2505 pluviam
1447 2433 1593 2498 fecit,
1620 2443 1674 2490 et
1706 2434 1887 2490 eduxit
1917 2445 2110 2492 ventos
2154 2438 2219 2493 de

662 2523 933 2595 thesauris
983 2525 1118 2580 suis.
1157 2523 1366 2581 Stultus
1412 2523 1588 2580 factus
1633 2534 1716 2581 est
1760 2528 1939 2584 omnis
1985 2529 2149 2584 homo
2186 2544 2218 2584 a

660 2614 957 2668 scientia“.
991 2634 1008 2666 ι
1049 2615 1113 2668 Et
1128 2631 1347 2669 rursus:
1374 2634 1391 2665 ι
1419 2614 1536 2681 Quo
1563 2617 1651 2671 ibo
1676 2633 1705 2670 a
1728 2620 1914 2688 spiritu
1946 2629 2057 2686 tuo,
2082 2638 2110 2675 a
2139 2621 2217 2675 hi-

659 2706 743 2761 eie
768 2693 857 2761 tua
892 2708 982 2762 ubi
1017 2709 1371 2762 occnltabor?
1396 2706 1453 2761 Si
1490 2711 1782 2765 ascendero
1809 2712 1861 2765 in
1892 2714 2110 2777 ccelum,
2158 2722 2215 2767 tu

2325 1974 2387 2025 ὲκ
2420 1972 2703 2044 θησαυρῶν
2740 1973 2923 2026 αὑτοῦ.
2972 1972 3288 2047 Ἑμωράνθη
3320 1974 3425 2035 πᾶς
3461 1971 3860 2044 ἄνθρωπος-άπὸ

2324 2062 2589 2131 γνώσεως.
2622 2083 2641 2115 ι
2672 2064 2781 2117 Kal.
2811 2065 2971 2118 πάλιν
2995 2081 3009 2094 ·
3042 2083 3060 2115 ι
3083 2063 3192 2117 Ποῦ
3212 2063 3458 2135 πορευθῶ
3480 2063 3588 2117 ἀπὸ
3606 2062 3695 2115 τοῦ
3715 2063 3861 2115 me;

2325 2158 2490 2226 ματός
2519 2174 2632 2221 σου,
2666 2158 2759 2210 καὶ
2790 2154 3009 2210 ἀπὸτοῦ
3056 2155 3341 2229 προσώπου
3377 2173 3468 2208 σου
3505 2155 3608 2207 ποῦ
3651 2154 3865 2225 κρυ6ὦ;

2334 2251 2454 2303 Ἐὰν
2479 2250 2661 2303 ἀναὸὦ
2689 2252 2767 2314 είς
2790 2252 2882 2303 τὸν
2905 2250 3152 2321 οὐρανὸν,
3175 2250 3241 2303 σὺ
3264 2251 3387 2302 ἐκεῖ*
3408 2244 3459 2301 εἴ
3478 2265 3494 2279 ·
3527 2248 3622 2302 ἐὰν
3651 2246 3877 2317 στρώσυ

2318 2342 2397 2405 είς
2421 2342 2511 2394 τὸν
2537 2342 2689 2413 ᾅδην,
2719 2344 2916 2412 πάρει·
2939 2342 2985 2393 εί
3006 2340 3323 2411 ἀναλάϐοιμι
3350 2340 3447 2403 τὰς
3469 2338 3742 2410 πτέρυγάς
3772 2356 3877 2409 μου

2317 2436 2435 2489 κατ’
2465 2435 2677 2508 δρθρον,
2710 2434 2802 2487 καὶ
2832 2421 3307 2504 κατασκηνὼσαιμι
3329 2432 3408 2495 είς
3439 2431 3507 2485 τὰ
3545 2431 3748 2501 ἔσχατα
3774 2429 3868 2498 τῆς

2317 2526 2584 2597 θαλάσσης
2605 2543 2619 2556 ·
2673 2526 2766 2579 καὶ
2806 2524 2914 2596 γὰρ
2955 2526 3121 2594 ἐκεῖ-ἡ
3176 2525 3292 2595 χείρ
3323 2541 3415 2577 σου
3442 2522 3695 2593 ὁδηγήσει
3728 2539 3814 2592 με.
3846 2542 3873 2572 ι

2328 2617 2485 2669 Ἀλλὰ
2508 2617 2676 2669 ταῦτα
2700 2618 2795 2687 μὲν
2817 2616 2992 2669 καὶτὰ
3012 2615 3217 2679 τούτοις
3236 2617 3394 2685 ὃμοια
3416 2613 3523 2666 τῶν
3545 2615 3685 2683 μετὰ
3712 2615 3865 2666 Muri;-

2317 2710 2410 2761 σέα
2440 2708 2718 2775 θεολόγων,
2754 2708 2858 2761 τῶν
2891 2709 2954 2776 δὴ
2989 2708 3079 2761 καὶ
3109 2707 3289 2785 αὐτῶν
3331 2706 3595 2775 Ἐϐραίων
3616 2745 3630 2770 ,
3673 2706 3867 2774 τυγχά-

658 2798 769 2852 iilic
797 2815 857 2853 es
893 2817 907 2853 :
937 2799 982 2855 si
1017 2816 1101 2853 me
1133 2808 1375 2856 stravero
1411 2802 1463 2855 in
1508 2802 1744 2870 inferno,
1778 2804 1906 2860 ades
1944 2825 1957 2858 :
1989 2806 2032 2859 si
2066 2822 2215 2860 sum-

2323 2817 2413 2865 νει,
2448 2801 2652 2870 συνῳδὰ
2680 2803 2788 2864 τοῖς
2815 2801 3160 2863 παλαιτάτοις
3183 2799 3515 2870 προπάτορσι
3561 2798 3865 2872 θεολογούνο

656 2904 818 2957 psero
851 2905 1055 2958 pennas
1084 2906 1233 2944 meas
1275 2892 1532 2958 diluculo,
1561 2902 1616 2948 et
1662 2895 1975 2949 habitavere
2021 2897 2073 2949 in
2121 2912 2214 2951 ex-

2323 2909 2417 2947 των
2438 2911 2449 2923 °
2478 2893 2585 2945 τῶν
2611 2893 2667 2945 δέ
2699 2910 2761 2963 γε
2797 2894 2901 2964 πρὸ
2933 2893 3203 2954 Μωῦσέως
3227 2892 3485 2961 θεοφιλῶν
3522 2892 3613 2944 καὶ
3636 2909 3865 2963 τρισμα-

657 2982 847 3035 tremis
897 2983 1103 3037 maris:
1138 2985 1336 3037 etenim
1398 2985 1526 3040 illuc
1582 3002 1777 3042 manus
1840 2996 1930 3043 tua
1986 2989 2214 3046 deducet

2323 2986 2512 3055 ιοαρίων
2545 2985 2770 3055 ἀνδρῶν,
2803 2986 2907 3040 τῶν
2933 2986 2994 3055 δὴ
3025 2984 3116 3037 καὶ
3136 2982 3363 3052 πρώτων
3398 2983 3681 3054 Ἐϐραίων,
3705 2983 3863 3038 αὑτοῦ

656 3088 743 3125 me
760 3072 858 3124 ".i
888 3071 1063 3141 Atque
1093 3072 1206 3127 haec
1233 3082 1531 3143 caateraqnc
1557 3075 1641 3130 his
1662 3076 1855 3140 aiiinia,
1879 3093 2061 3133 eorum
2089 3092 2211 3135 sunt

2323 3094 2367 3129 τε
2390 3076 2601 3148 πρώτου
2629 3076 2843 3130 πάντων
2875 3073 3141 3146 Ἀϐραὰμ,
3174 3073 3233 3137 ὃς
3288 3074 3381 3126 καὶ
3417 3075 3719 3144 προπάτωρ
3778 3074 3861 3126 τοῦ

656 3162 1050 3234 theologorum,
1085 3165 1173 3234 qni
1210 3180 1331 3218 cum
1377 3176 1557 3221 essent
1606 3167 1703 3236 ipsi
1734 3185 1947 3239 quoque
1976 3170 2207 3242 Moysem

2323 3169 2508 3231 παντὸς
2557 3168 2824 3221 Ἰουδαίων
2847 3165 3032 3229 ἔθνους
3056 3167 3358 3237 ἁνείρηται,
3388 3167 3566 3220 ἄκουε.
3610 3186 3627 3217 ι
3655 3163 3796 3221 Eius
3814 3168 3861 3219 δὲ

654 3264 893 3323 tempore
928 3257 1225 3321 consecuti,
1259 3258 1327 3311 de
1371 3256 1481 3311 Deo
1528 3259 1775 3313 similiter
1814 3263 2206 3335 antiquissimis

2324 3258 2569 3328 Ἀϐραὰμ
2595 3258 2729 3329 πρὸς
2762 3256 2976 3327 βασιλέα
3004 3256 3272 3327 Σοδόμωνο
3316 3256 3545 3309 Ἐκτενῶ
3576 3259 3676 3327 τὴν
3712 3260 3862 3329 χεῖρά

653 3345 761 3399 illis
790 3345 1041 3400 Patribus
1065 3347 1277 3415 gemina
1310 3349 1641 3402 cecinerunt.
1676 3348 1793 3403 1am
1835 3366 1963 3405 vero
1991 3352 2203 3407 illorum

2323 3369 2413 3421 μου
2441 3351 2575 3421 πρὸς
2600 3351 2689 3402 τὸν
2717 3350 2845 3403 Θεὸν
2873 3350 2963 3402 τὸν
2996 3348 3232 3419 ὕψιστον,
3260 3350 3319 3412 δς
3350 3350 3535 3403 ἔκτισε
3571 3351 3663 3403 τὸν
3701 3352 3859 3421 οὐρα-

653 3434 927 3504 deinceps,
956 3436 1046 3504 qui
1084 3448 1207 3489 ante
1232 3435 1467 3507 Moysem
1501 3438 1771 3504 vixerunt,
1797 3449 1850 3493 et
1882 3439 1991 3494 Deo
2021 3442 2207 3497 claris-

2323 3442 2398 3495 δὸν
2426 3443 2517 3495 καὶ
2533 3441 2627 3511 τὴν
2655 3442 2775 3511 γῆν.
2819 3460 2836 3492 ι
2874 3442 2983 3503 Kal.
3014 3444 3119 3512 πρό
3140 3459 3202 3510 γε
3232 3439 3325 3494 τοῦ
3366 3440 3614 3512 Ἀϐραὰμ
3651 3442 3860 3509 είσάγε-

654 3526 937 3588 simorum,
964 3536 1017 3580 et
1043 3526 1471 3582 beatissimorum
1500 3530 1762 3595 virorum,
1791 3532 1988 3605 quique
2018 3535 2203 3589 eodem

2323 3551 2396 3587 rat
2428 3536 2456 3587 6
2486 3533 2806 3604 Μελχισεδὲκ
2841 3535 3017 3606 ἱερεὺς
3046 3534 3138 3587 τοῦ
3168 3532 3302 3586 Θεοῦ
3331 3532 3424 3586 τοῦ
3473 3532 3696 3601 ὑψίστου
3721 3576 3735 3598 ,
3775 3533 3859 3586 τὸν

653 3617 1001 3674 Hebraeorum
1047 3636 1111 3674 ex
1155 3636 1349 3690 genere
1392 3622 1628 3687 fuerunt,
1659 3607 2205 3696 adeoque-principis

2323 3626 2566 3695 Ἀϐραὰμ
2597 3626 2827 3694 εὐλογῶν
2855 3626 3062 3689 τούτοις
3092 3628 3203 3687 τοῖς
3246 3624 3507 3693 ῥήμασιν·
3553 3641 3571 3673 ι
3624 3624 3856 3694 Εὐλογηι

654 3712 895 3765 omnium
923 3710 1241 3775 Abrahami,
1274 3727 1434 3779 quem
1465 3714 1732 3769 universa
1764 3714 2073 3770 Iudaici-um
2115 3733 2207 3771 na-

2323 3716 2467 3785 μένος
2509 3716 2753 3787 Ἀϐραὰμ
2774 3717 2847 3787 τῷ
2865 3716 2983 3786 Θεῷ
3002 3715 3078 3785 τῷ
3104 3714 3330 3784 ὑψίστῳ,
3353 3711 3411 3777 ὃς
3439 3713 3721 3784 παρέδωκε
3738 3718 3859 3779 τοὺς

655 3803 818 3858 tionis
846 3811 1118 3874 parentem
1143 3803 1435 3866 celebrant,
1460 3818 1620 3857 voces
1654 3805 1778 3858 audi
1815 3824 1829 3859 :
1869 3824 1888 3856 ι
1921 3805 2065 3860 Dixit
2108 3822 2205 3861 au-

2323 3806 2530 3877 ὲχθρούς
2564 3824 2653 3859 σου
2680 3807 3017 3877 ὑποχειρίους
3048 3822 3127 3858 σοι
3146 3822 3163 3838 ι
3193 3804 3286 3859 καὶ
3318 3805 3605 3877 εὐλογητὸς
3618 3807 3667 3858 '6
3709 3806 3854 3870 Θεὸς,

654 3906 760 3949 tem
812 3894 1081 3965 Abraham
1133 3894 1199 3947 ad
1247 3908 1423 3970 regem
1463 3892 1869 3948 Sodomorum:
1904 3894 2202 3955 Extendam

2323 3897 2364 3959 ις
2389 3896 2565 3951 ἔκτισε
2592 3899 2682 3949 τὸν
2707 3897 2931 3967 οὐρανὸν
2956 3897 3048 3950 καὶ
3072 3897 3169 3969 τὴν
3198 3897 3321 3967 γῆν.
3358 3918 3377 3951 ι
3414 3900 3533 3952 Ἔτι
3561 3898 3698 3969 πρὸς
3738 3898 3855 3953 τού-

652 3990 870 4040 I'nanum
924 4000 1097 4040 meam
1158 3986 1224 4039 ad
1276 3984 1440 4039 Deum
1494 3985 1838 4054 altissimum,
1876 3989 1967 4057 qui
2002 3991 2205 4043 creavit

2323 4004 2415 4052 τοις
2446 3989 2474 4040 6
2504 3988 2654 4056 λόγος
2680 3988 2768 4041 τὸν
2807 3988 3052 4060 Ἀϐραάμ
3092 3991 3299 4058 εἰσάγει
3327 3989 3404 4060 τῷ
3454 3991 3638 4061 οἰκείῳ
3685 3991 3850 4044 τοιάδε

652 4078 847 4130 malum
873 4086 927 4131 et
952 4085 1148 4131 terram
1170 4077 1235 4130 ⁸⁸.
1252 4097 1269 4129 ι
1296 4076 1407 4131 lmo
1432 4086 1555 4131 ante
1570 4077 1839 4134 Abraham
1855 4079 2202 4137 Melchisedec

2323 4080 2817 4151 τροσᾱαλεγόμενον
2843 4098 2857 4110 ⁸
2890 4099 2909 4132 ι
2948 4080 3049 4145 Θὲς
3078 4081 3174 4151 τὴν
3205 4082 3361 4152 χεῖρά
3388 4098 3480 4133 σου
3512 4082 3617 4135 ὑπὸ
3646 4083 3730 4135 τὸν
3750 4100 3850 4153 μη-

651 4165 747 4220 Dei
792 4167 1040 4221 altissimi
1092 4168 1345 4223 sacerdos
1395 4170 1773 4234 introducitur,
1810 4172 1901 4241 qui
1928 4173 2200 4243 conceptis

2323 4173 2398 4225 »όν
2425 4189 2545 4244 μου,
2573 4174 2664 4225 καὶ
2692 4172 2917 4243 ἐξορκιῶ
2950 4190 3009 4225 σε
3042 4172 3243 4249 Κύριον
3273 4171 3363 4224 τὸν
3388 4171 3520 4225 Θεὸν
3563 4172 3653 4226 τοῦ
3691 4174 3842 4243 οὐρα-

651 4259 830 4313 verbis
860 4260 941 4313 sic
968 4259 1273 4313 Abrahamo
1296 4260 1564 4315 benedicit
1591 4279 1605 4313 :
1642 4281 1659 4311 ι
1689 4262 2008 4318 Benedictus
2031 4262 2200 4318 Abra-

2323 4260 2399 4317 θοῦ
2423 4304 2437 4325 ,
2492 4263 2580 4317 καὶ
2604 4264 2692 4316 τὸν
2717 4263 2959 4333 Θεὸντῆς
2977 4260 3098 4331 γῆς.
3123 4280 3141 4312 ι
3174 4262 3282 4314 Kal
3310 4260 3547 4331 ἐπιλέγει
3573 4280 3583 4294 ι
3605 4280 3623 4313 ι
3651 4261 3839 4330 Κύριος

650 4351 775 4406 liam
806 4352 912 4405 Deo
932 4352 1167 4413 excelso,
1198 4345 1288 4419 qui
1321 4350 1541 4405 tradidit
1568 4351 1750 4405 hostes
1767 4361 1885 4407 tuos
1916 4352 1970 4406 in
2006 4369 2198 4410 manus

2323 4358 2331 4405 ι
2353 4354 2484 4417 Θεὸς
2503 4352 2595 4407 τοῦ
2624 4352 2845 4424 οὐρανοῦ
2865 4393 2881 4418 ,
2922 4353 3012 4404 καὶ
3038 4353 3067 4403 ὁ
3096 4351 3226 4415 Θεὸς
3247 4354 3343 4424 τῆς
3366 4356 3489 4424 γῆς,
3524 4353 3580 4417 ὃς
3605 4352 3754 4406 ἔλαθέ
3778 4367 3843 4421 με

648 4451 768 4497 tuas
800 4459 811 4495 :
847 4448 900 4495 et
946 4440 1258 4495 benedictus
1310 4439 1470 4503 Deus,
1510 4441 1602 4510 qui
1660 4443 1863 4497 creavit
1905 4444 2103 4499 omium
2146 4454 2199 4498 et

2323 4461 2366 4496 :x
2408 4444 2501 4497 τοῦ
2532 4444 2679 4497 οῐκου
2717 4442 2809 4496 τοῦ
2860 4444 3063 4512 πατρός
3099 4460 3229 4513 μου,
3261 4444 3354 4497 καὶ
3381 4448 3444 4499 ὲκ
3475 4446 3571 4515 τῆς
3609 4445 3741 4514 γῆς,
3782 4438 3849 4513 ἧς

646 4541 846 4588 terram
868 4534 933 4587 ".
969 4552 986 4584 ι
1021 4531 1190 4587 Porro
1222 4533 1467 4586 eumdem
1516 4533 1882 4588 Abrahamum
1932 4535 2101 4589 sacris
2150 4535 2201 4588 in

2323 4533 2616 4603 εγεννήθην.
2672 4550 2691 4585 ι
2738 4534 2859 4586 Ἐπὶ
2906 4536 3037 4587 πᾶσι
3071 4534 3277 4599 τούτοις
3322 4536 3379 4589 ἐν
3407 4538 3473 4606 τῇ
3514 4534 3650 4606 πρὸς
3693 4533 3847 4586 αὑτὸν

647 4625 841 4682 litteris
868 4626 1151 4692 habemus,
1179 4642 1301 4681 cum
1335 4640 1446 4679 uno
1473 4642 1503 4680 e
1531 4628 1703 4682 servis
1726 4627 1829 4682 hoc
1855 4628 2017 4681 modo
2038 4627 2201 4682 collo-

2323 4623 2532 4676 ῆωῦσέα
2565 4624 2867 4697 θεοφανείᾳ,
2900 4626 3182 4697 πυθομένῴ
3209 4626 3286 4697 τῷ
3317 4627 3519 4695 Μωῡσῇ
3544 4664 3557 4686 ,
3595 4623 3716 4677 τίνα
3746 4622 3846 4695 χρὴ

645 4725 897 4785 quentem
923 4734 937 4770 :
960 4736 977 4766 ι
1004 4716 1149 4771 Pone
1173 4733 1388 4771 manum
1413 4728 1560 4772 tuam
1586 4719 1770 4773 subter
1798 4718 1973 4773 femur
1998 4735 2197 4785 meum,

2323 4718 2385 4772 ὸν
2417 4718 2546 4770 Θεὸν
2577 4717 2841 4787 ἡγεῖσθαι,
2879 4722 3040 4789 φησὶν
3071 4723 3099 4774 ὁ
3120 4721 3361 4791 χρησμός
3381 4736 3394 4749 ·
3432 4736 3452 4769 ι
3504 4718 3644 4784 Ἐγώ
3668 4720 3782 4787 εἰμι
3818 4719 3844 4768 6

646 4810 700 4859 et
731 4806 993 4873 adjnrabo
1042 4817 1096 4861 te
1142 4824 1235 4877 per
1264 4809 1551 4872 Dominum
1582 4808 1746 4863 Deum
1778 4810 1922 4873 cmli,
1950 4819 2003 4865 et
2030 4809 2195 4864 Deum

2323 4809 2367 4862 ιν
2384 4827 2396 4839 °
2421 4809 2589 4872 οῦτως
2621 4813 2763 4881 ἐρεῖς
2784 4815 2891 4875 τοῖς
2919 4815 3056 4876 υἱοῖς
3091 4810 3304 4883 Ἰσραήλ
3321 4826 3334 4840 ’
3370 4810 3426 4862 '0
3442 4808 3514 4863 ὣν
3542 4808 3845 4863 ἀπέσταλκέ

643 4894 884 4950 terrae".
920 4914 938 4947 ι
974 4895 1038 4949 Et
1061 4899 1218 4965 paulo
1249 4910 1366 4969 post
1402 4916 1414 4952 :
1455 4919 1473 4950 ι
1505 4899 1765 4955 Dominus
1796 4900 1937 4957 Deus
1976 4902 2117 4967 cceli,
2146 4912 2197 4956 et

2323 4918 2362 4953 ιε
2388 4903 2520 4973 πρὸς
2548 4903 2707 4973 ὑμᾶς.
2734 4923 2751 4954 ι
2781 4903 2963 4958 Ταῦτα
2983 4906 3079 4976 μὲν
3095 4900 3186 4957 οὖν
3214 4902 3317 4955 ἀπὸ
3342 4902 3546 4974 μυρίων
3580 4904 3722 4958 ὅσων
3756 4904 3842 4975 τῆς

642 4997 816 5051 teme,
847 4986 937 5055 qui
990 4990 1192 5055 accepit
1244 5006 1329 5047 me
1372 4994 1439 5047 de
1488 4994 1651 5047 domo
1698 4994 1867 5062 patris
1896 4995 2022 5058 mei,
2050 5002 2102 5047 et
2126 4996 2191 5048 de

638 5076 801 5141 térra,
835 5079 887 5131 in
920 5092 1025 5147 qua
1048 5088 1202 5133 nalus
1241 5083 1443 5137 sum".
1481 5103 1498 5133 ι
1534 5083 1742 5150 Quibus
1778 5086 2029 5139 omnibus
2059 5084 2188 5138 illud

638 5172 800 5223 etiam
851 5170 1068 5239 adjungi
1121 5181 1311 5239 potest,
1342 5176 1481 5241 quod
1508 5192 1572 5229 ex
1604 5166 1733 5241 Deo,
1765 5178 1855 5246 qui
1888 5179 1989 5232 sibi
2023 5181 2188 5245 appa-

638 5270 839 5323 rtIerat,
878 5261 1085 5333 Moyses
1115 5262 1335 5315 audivit.
1369 5263 1640 5329 Quaerenti
1668 5270 1809 5321 enim
1845 5269 1969 5338 ipsi,
2006 5284 2187 5337 quem-

638 5355 923 5409 admodum
968 5365 1110 5410 esset
1155 5354 1221 5409 de
1267 5352 1375 5408 Deo
1406 5359 1765 5422 sentiendum,
1799 5361 2079 5414 oraculum
2113 5360 2184 5414 ita

2302 4992 2564 5063 Ἐϐραίων
2588 4993 2861 5064 θεολογίας
2886 4994 3167 5049 ἐκκείσθω.
3190 4992 3314 5065 *Δρ*
3340 4991 3433 5049 οὖν
3459 4992 3607 5061 ἄξιον
3636 4998 3695 5049 ὲν
3717 5012 3842 5064 συγ·

2292 5086 2466 5155 κρίσει
2500 5088 2861 5157 παραϐάλλειν
2890 5088 3084 5149 αὐτοὺς
3114 5084 3210 5149 τὰς
3233 5086 3336 5139 τῶν
3363 5088 3539 5158 σοφῶν
3585 5088 3840 5158 Ἑλλήνων

2294 5179 2581 5247 Θεολογίας,
2614 5182 2720 5234 τῶν
2755 5182 2849 5251 μὲν
2875 5179 3145 5248 μηδ’δλως
3174 5174 3307 5233 εἶναι
3336 5180 3466 5235 Θεὸν
3496 5180 3839 5253 ἀποφηναμέ-

2294 5269 2537 5331 νων,τῶν
2563 5270 2617 5322 δὲ
2650 5271 2771 5331 τοὺς
2804 5268 3033 5338 ἀστέρας
3060 5267 3195 5320 εἶναι
3220 5272 3565 5339 φασκόντων,
3609 5269 3705 5333 οὓς
3753 5269 3839 5321 καὶ

2294 5361 2520 5431 μύδρους
2540 5362 2823 5430 τυγχάνειν
2850 5358 3160 5431 διαπύρους,
3183 5362 3324 5434 ἥλων
3351 5364 3443 5416 καὶ
3488 5363 3734 5415 πετάλων
3765 5361 3838 5414 δί-

636 5446 909 5510 respondit
938 5464 951 5499 :
988 5465 1007 5496 ι
1038 5446 1148 5516 Ego
1176 5460 1294 5498 sum
1344 5446 1434 5514 qui
1484 5462 1602 5500 sum
1630 5468 1641 5501 :
1678 5450 1755 5505 sic
1778 5450 1925 5505 dices
1951 5450 2073 5503 ﬁliis
2102 5449 2182 5504 ls-

2327 5444 2389 5524 ην
2415 5453 2797 5523 ἐμπεπηγότας
2833 5452 2910 5523 τῷ
2935 5454 3145 5525 οὐρανῷ
3166 5472 3179 5487 ε
3205 5455 3309 5509 τῶν
3338 5456 3396 5508 δὲ
3430 5454 3540 5525 πῦρ
3574 5450 3731 5506 εἶναι
3754 5468 3836 5503 τε-

635 5534 743 5587 rael
766 5532 892 5599 :Qui
914 5548 1016 5601 est,
1050 5538 1195 5593 misit
1231 5554 1315 5593 me
1364 5539 1428 5592 ad
1478 5539 1661 5593 vos”.
1695 5560 1712 5590 ι
1751 5541 1829 5598 Ac
1857 5544 1923 5597 de
1954 5541 2181 5598 inﬁnitis

2323 5549 2465 5602 νικὸν
2496 5545 2597 5615 ὁδῷ
2630 5544 2838 5613 βαδίζον
2859 5562 2871 5575 ⁸
2906 5548 2993 5599 καὶ
3024 5546 3131 5600 τῶν
3187 5548 3284 5615 μὲν
3318 5547 3391 5617 μὴ
3439 5545 3665 5616 προνοίᾳ
3705 5541 3833 5596 Θεοῦ

636 5638 804 5692 pauca
838 5624 939 5680 ista
963 5626 1306 5683 Hebraeorum
1329 5645 1392 5683 ex
1415 5626 1682 5703 theologia
1705 5636 1869 5703 petita
1893 5635 2177 5692 sufﬁciant.

2323 5638 2594 5692 ιοικεῖσθαι
2617 5636 2704 5689 τὸν
2740 5638 2959 5707 κόσμον,
2992 5636 3150 5706 φύσει
3180 5637 3357 5689 δέτινι
3388 5635 3590 5705 ἀλόγῳ⁹
3623 5634 3730 5686 τῶν
3758 5634 3830 5697 δὲ,

705 5737 754 5816 ’ξ
779 5735 886 5816 Jer.
916 5754 1067 5801 xxm,
1098 5742 1164 5806 6;
1193 5740 1299 5816 [εδ.
1321 5745 1529 5816 τίη-12.
1638 5746 1684 5775 "
1712 5745 1813 5801 lsa.
1840 5766 1924 5813 xc,
1956 5750 2044 5812 ἓξ,
2075 5750 2162 5803 9.6.

2356 5750 2457 5804 lsa.
2490 5766 2618 5813 xw,
2654 5749 2703 5803 5.
2802 5752 2848 5785 ”
2874 5752 2973 5805 isa.
3009 5765 3149 5812 xuv,
3188 5748 3277 5805 ει.
3389 5750 3434 5778 ⁸⁸
3481 5747 3590 5803 Jcr.
3625 5765 3676 5816 ι,
3744 5750 3827 5805 li.

637 5804 683 5838 "
716 5805 858 5863 Psal.
908 5804 1163 5875 cxxxvm,
1192 5812 1241 5865 7.
1318 5814 1361 5845 ”
1393 5804 1525 5875 Cen.
1559 5830 1667 5885 xlv,
1704 5817 1790 5869 2‘2.
1864 5804 2067 5874 "'ibid.
2105 5820 2165 5876 i9

2331 5804 2633 5883 Gcn.xxn",
2670 5820 2720 5875 5.
2796 5822 2836 5851 ⁶¹
2866 5804 2992 5876 ibid.
3029 5814 3077 5873 7.
3139 5804 3197 5851 ’⁸⁸
3231 5816 3397 5874 Exod.
3430 5834 3509 5886 nt,
3536 5820 3618 5873 il.
