3976 6340
38 321 122 377 Ml

1133 325 1456 380 I’B-AZPAR.
1497 324 1741 380 EVANG.
1787 323 1910 378 LIB.
1953 325 2052 380 Ἧι·

3123 327 3226 384 δη

37 448 94 500 τὰ
123 447 215 516 μὲν
262 444 486 514 οὐράνια
541 445 674 514 μόνα
721 447 824 499 ὑπὸ
848 445 979 498 Θεοῦ
1010 446 1356 509 διοικεῖσθαι,
1390 448 1450 497 οὐ
1484 447 1586 516 μὴν

1688 445 2056 515 Quisquamne
2103 465 2229 503 vero
2283 466 2404 504 cum
2455 451 2559 506 illis
2604 452 2846 520 egregias
2893 451 3227 505 eruditorum

39 540 116 590 καὶ
141 537 207 588 τὰ
237 537 331 588 ἐπὶ
354 538 454 607 γῆς
474 553 486 564 ·
522 537 612 588 καὶ
642 537 819 596 πάλιν,
843 537 1131 607 ἀγέννητον
1182 532 1317 588 εἶναι
1357 536 1447 588 τόν
1493 537 1584 588 κό-

41 646 175 695 σμον,
211 627 308 678 καὶ
341 627 463 696 μήθ’
488 627 620 689 ὅλως
646 627 750 678 ὑπὸ
775 628 906 680 Θεοῦ
937 628 1214 694 γενέσθαι,
1269 629 1586 698 αὐτομάτως

39 721 84 774 δὲ
109 723 192 772 καὶ
222 720 553 788 συντυχικῶς
586 721 878 786 ὑφεστάναι
903 739 914 750 ·
939 722 1044 771 τῶν
1075 721 1148 782 δὲ,
1177 720 1234 784 ἐξ
1262 721 1474 789 ἀτόμων
1496 720 1586 771 καὶ

38 812 227 865 λεπτῶν
257 812 526 880 σωμάτων
557 810 776 879 ἀψύχων
795 811 972 870 τινῶν,
1003 811 1091 863 καὶ
1135 810 1337 876 ἀλόγων
1366 810 1459 879 τὴν
1490 808 1581 860 τοῦ

46 904 217 966 παντός
246 903 506 955 σύστασιν
526 903 818 970 γεγονέναι.
857 903 1013 953 Ἀλλὰ
1032 903 1097 954 τὰ
1127 903 1220 972 μὲν
1241 903 1301 952 ἐκ
1321 902 1424 952 τῶν
1453 901 1578 970 παρ’

54 995 298 1064 Ἑϐραίοις
331 995 525 1062 λογίων
551 995 676 1064 περὶ
703 993 797 1044 τοῦ
832 994 937 1045 τῶν
959 996 1092 1046 ὅλων
1114 994 1244 1047 Θεοῦ
1271 993 1346 1056 ὡς
1375 996 1430 1045 ἐν
1453 993 1579 1064 βρα-

47 1089 141 1158 χέσι
159 1086 380 1138 τοιαῦτα
397 1103 410 1114 ·
449 1086 674 1137 συνιδεῖν
699 1085 752 1136 δὲ
775 1085 961 1136 ἓπεται
988 1087 1077 1137 καὶ¹
1102 1086 1169 1137 τὰ
1192 1085 1326 1156 μετὰ
1363 1086 1448 1136 τὸν
1474 1085 1578 1136 τῶν

50 1180 154 1230 ὀὶων
191 1177 317 1229 Θεὸν
365 1178 496 1247 περὶ
533 1177 628 1247 τῆς
671 1176 779 1228 τῶν
807 1175 1074 1245 γεννητῶν
1103 1177 1272 1247 ἀρχῆς
1317 1175 1579 1245 Ἑϐραίοις

57 1287 132 1338 ne
141 1269 345 1339 ιλοσοφη
357 1270 514 1338 μένα.

1686 536 1992 590 Graecorum
2028 540 2092 592 de
2122 539 2227 593 Deo
2254 542 2648 610 disputationes
2673 544 3022 597 conferendas
3046 544 3231 612 putet?

1686 643 1913 695 quorum
1950 630 2038 682 alii
2089 631 2418 686 divinitatem
2458 634 2696 687 funditus
2742 647 2956 688 omnem
2999 635 3232 688 sustule-

1684 726 1843 782 runt;
1882 719 1970 771 alii
2004 720 2173 774 stellis
2199 725 2438 775 eamdem
2487 723 2808 787 tribuerunt,
2850 740 2983 793 quas
3015 725 3115 792 ipsi
3150 734 3233 777 ta-

1685 825 1802 862 men
1846 811 2033 878 globos
2083 814 2342 881 quosdam
2375 815 2557 883 igneos
2582 824 2633 868 et
2665 815 2955 869 candentes
2986 831 3104 870 esse
3136 830 3231 869 vo-

1683 900 1880 962 lebant,
1921 902 2082 971 320
2130 904 2182 955 in
2231 905 2366 957 coelo
2399 905 2671 959 clavorum
2707 916 2799 959 aut
2833 907 3148 960 laminarum
3175 906 3231 960 in

1684 1007 1887 1044 morem
1915 994 2018 1046 alte
2052 995 2370 1062 penitusque
2393 995 2598 1048 deﬁxos
2629 1015 2642 1048 :
2677 997 2766 1048 alii
2806 997 3035 1064 denique
3063 996 3232 1051 artiﬁ-

1683 1080 1890 1134 ciosum
1937 1083 2135 1151 ignem,
2164 1093 2218 1136 et
2263 1094 2408 1140 certo
2449 1086 2682 1153 quodam
2719 1087 2906 1139 ordine
2933 1103 3051 1141 sese
3082 1103 3233 1141 com-

1681 1181 1981 1227 moventem
2026 1173 2116 1228 Dei
2162 1176 2281 1229 loco
2311 1183 2632 1232 statuerunt.
2663 1178 2766 1233 Alii
2798 1187 3048 1247 prmterea
3083 1179 3230 1232 nullo

1683 1265 1775 1320 Dei
1833 1267 2063 1322 c0nsilio
2115 1269 2372 1322 mundum
2431 1271 2742 1340 gubernari,
2794 1271 2883 1325 sed
2943 1272 3230 1326 temerario

56 1361 246 1424 quodam
296 1369 507 1414 natura:
552 1360 752 1429 impetu
797 1360 918 1414 ferri
981 1359 1286 1413 docebant:
1323 1357 1433 1416 alii,
1489 1370 1611 1410 cum
1652 1355 1705 1408 in
1771 1358 2080 1413 cwlestibus
2115 1362 2278 1414 modo
2309 1361 2473 1416 rebus
2514 1363 2705 1416 divinae
2751 1362 3102 1418 Providentiae
3131 1362 3241 1415 du-

57 1467 172 1507 tium
198 1464 564 1522 agnoscerent,
615 1453 953 1508 terrestribus
994 1466 1205 1504 omnem
1258 1447 1578 1502 adimebant.
1621 1445 1851 1512 Rursus,
1881 1457 2003 1503 ortu
2053 1452 2291 1506 caruisse
2340 1452 2600 1506 mundum
2649 1455 2729 1507 vel
2766 1469 2794 1506 a
2823 1452 2930 1508 Deo
2955 1454 3229 1508 conditum

60 1558 159 1597 eum
194 1543 347 1597 fuisse
396 1545 664 1613 negabant
693 1565 705 1597 :
739 1559 863 1597 cum
926 1543 1014 1595 alii
1072 1557 1167 1596 sua
1219 1548 1406 1609 sponte
1434 1546 1485 1591 et
1512 1553 1640 1590 casu
1678 1540 1911 1606 quodam
1958 1542 2229 1597 exstitisse
2282 1545 2431 1598 illum
2480 1553 2532 1598 et
2561 1545 2826 1599 coaluisse
2865 1546 3089 1610 vellent;
3137 1539 3232 1598 alii

67 1646 252 1686 veroex
307 1635 608 1687 individuis
641 1634 985 1702 quibusdam,
1018 1631 1453 1697 tenuissimisque
1484 1629 1838 1694 corpusculis,
1880 1631 2176 1701 iisdemque
2237 1634 2414 1687 anima
2456 1634 2615 1687 simul
2675 1643 2729 1688 et
2776 1636 2978 1688 ratione
3036 1651 3229 1689 caren-

76 1724 204 1787 tibus,
231 1725 451 1776 universi
497 1725 688 1778 molem
741 1724 1022 1777 conﬂatam
1062 1737 1179 1776 esse
1233 1719 1597 1773 defenderent.
1655 1718 1719 1771 At
1768 1719 1833 1772 de
1886 1735 2066 1776 rerum
2114 1725 2354 1778 omnium
2410 1735 2734 1794 praepotente
2804 1725 2946 1792 Deo,
3016 1728 3130 1781 hac
3194 1745 3226 1784 a

83 1818 198 1872 nobis
220 1833 270 1870 ex
299 1816 653 1871 Hebraaorum
684 1818 916 1870 oraculis
945 1818 1197 1879 delibata,
1221 1813 1380 1867 modo
1411 1812 1561 1865 satis.
1601 1809 1947 1882 Consequens
2000 1817 2251 1888 deinceps
2300 1819 2420 1884 erit,
2471 1829 2528 1875 υι
2576 1820 3047 1891 quemadmodum,
3077 1821 3230 1877 orbis

77 1912 248 1978 preside
273 1912 587 1973 wnstituto,
621 1912 687 1965 de
719 1927 895 1964 rerum
933 1912 1006 1963 illi
1033 1918 1332 1964 creatarum
1372 1906 1633 1975 principio
1659 1907 2016 1984 philosophati
2045 1913 2171 1978 sint,
2207 1913 2504 1971 videamus.

535 2005 828 2058 ΚΕΦΑΛΑΙ
842 2005 930 2056 ΟΝ
967 2001 1064 2055 ΙΒ¹.
1609 2003 1652 2057 Β

165 2117 282 2184 Περὶ
314 2117 426 2184 τῆς
459 2115 564 2169 τοῦ
592 2116 867 2183 δευτέρου
901 2116 1091 2170 αῖτίου
1123 2113 1446 2183 θεολογίας.

125 2229 268 2298 Θαλῆς
299 2229 397 2299 μὲν
416 2231 443 2281 ὁ
467 2229 726 2298 Μιλήσιος
754 2230 923 2300 ἀρχὴν
941 2230 1044 2284 τῶν
1077 2231 1326 2293 ἁπάντων
1353 2230 1409 2281 τὸ
1440 2228 1581 2299 ὕδωρ

75 2316 176 2373 εἶναι
214 2322 516 2392 ἀπεφήνατο
538 2359 553 2383 ,
593 2319 938 2391 Ἀναξιμένης
981 2321 1039 2374 δὲ
1073 2321 1163 2374 τὸν
1205 2321 1338 2392 ἀέρα
1361 2361 1374 2384 ,
1420 2321 1582 2391 Ἡρά-

80 2411 306 2474 κλειτοςτὸ
329 2411 462 2483 πῦρ,
479 2411 793 2483 Πυθαγόρας
821 2411 1103 2483 ἀριθμοὺς,
1134 2411 1444 2483 Ἐπίκουρος
1465 2411 1587 2482 ἅμα

82 2503 343 2573 Δημοκρίτῳ
372 2502 595 2574 σώματα
621 2504 812 2573 ἄτομα,
859 2502 1221 2573 Ἐμπεδοκλῆς
1253 2503 1320 2554 τὰ.
1344 2503 1580 2572 τέσσαρα

81 2596 286 2662 στοιχεῖα.
328 2591 553 2665 ’ῐδωμεν
583 2594 866 2665 τοιγαροῦν
897 2597 989 2647 καὶ
1024 2594 1090 2647 τὰ
1139 2594 1266 2665 παρ’
1313 2593 1581 2664 Ἑϐραίοις

76 2682 211 2750 λόγια.
243 2685 385 2738 Μετὰ
411 2686 507 2756 τὴν
534 2686 762 2756 ἄναρχον
792 2687 883 2738 καὶ
909 2689 1165 2756 ἀγένητον
1198 2685 1288 2741 τοῦ
1318 2684 1449 2737 Θεοῦ
1476 2685 1581 2737 τῶν

75 2772 182 2825 ὅλων
208 2774 392 2838 οὐσίαν,
419 2777 645 2846 ἄμικτον
671 2771 831 2827 οὖσαν
855 2777 946 2828 καὶ
983 2776 1235 2828 ἐπέκεινα
1284 2776 1459 2845 πάσης
1486 2793 1582 2827 κα-

73 2863 334 2932 ταλήψεως,
359 2866 607 2937 δευτέραν
645 2865 828 2919 οὐσίαν
871 2866 979 2936 (74)
1023 2869 1112 2919 καὶ
1154 2865 1300 2918 θείαν
1334 2866 1578 2935 δύναμιν,

72 2956 220 3025 ἀρχὴν
246 2957 343 3009 τῶν
365 2961 597 3030 γενητῶν
631 2959 900 3024 ἁπάντων,
924 2958 1143 3030 πρώτην
1166 2975 1222 3010 τε
1245 2959 1582 3020 ὑποστᾶσαν,

75 3050 162 3103 κὰκ
174 3049 253 3102 τοῦ
277 3051 478 3122 πρώτου
507 3054 678 3106 αἰτίου
697 3053 1061 3123 γεγενημένην
1075 3052 1370 3119 εἰσάγουσι,
1390 3051 1576 3117 Λόγον,

76 3142 148 3193 καὶ
176 3143 368 3210 Σοφίαν,
396 3146 492 3197 καὶ
519 3146 653 3199 Θεοῦ
699 3146 927 3217 δύναμιν
963 3144 1127 3215 αὐτὴν
1160 3144 1582 3215 προσαγορεύον-

79 3248 164 3294 τες.
191 3233 337 3286 Τοῦτο
354 3235 409 3287 δὲ
435 3235 648 3306 πρῶτος
684 3237 918 3290 διδάσκει
957 3237 1127 3304 λέγων
1183 3235 1330 3288 Ἰὼϐ·
1373 3254 1390 3285 ι
1438 3235 1499 3285 Ἠ
1525 3233 1580 3288 δὲ

2239 1999 2244 2010 ’
2266 2004 2490 2059 CAPUT
2529 2005 2641 2062 XII.

1825 2114 2163 2170 Hebrworum
2185 2117 2247 2170 de
2276 2120 2498 2174 secundo
2527 2120 2784 2188 principio
2813 2120 3086 2193 theologia.

1751 2230 1949 2287 Thales
1976 2234 2196 2303 quidem
2225 2235 2313 2289 ille
2337 2234 2596 2300 Milesius,
2632 2252 2812 2290 rerum
2848 2237 3230 2293 universarum

1679 2323 2001 2394 principium
2034 2339 2228 2392 aquam
2270 2339 2390 2379 esse
2424 2324 2761 2391 defendebat,
2792 2341 2968 2381 aerem
3021 2329 3226 2383 Anaxi-

1677 2428 1881 2477 menes,
1941 2413 2240 2470 Heraclitus
2290 2416 2499 2485 ignem,
2563 2432 2817 2473 numeros
2870 2417 3224 2492 Pythagoras,

1678 2502 1942 2574 Epicurus
1995 2522 2117 2560 cum
2169 2505 2477 2562 Democrito
2509 2510 2828 2577 corpuscula
2863 2512 3107 2579 quaadam
3140 2513 3224 2565 in-

1679 2595 1914 2663 dividua,
1947 2596 2292 2666 Empedocles
2324 2610 2556 2669 quatuor
2583 2602 2866 2658 elementa.
2899 2602 3006 2657 Nos
3031 2605 3129 2657 hac
3161 2606 3227 2658 de

1680 2702 1736 2741 re
1771 2687 2110 2742 Hebraeorum
2138 2707 2354 2760 quoque
2394 2693 2598 2746 litteras
2624 2695 2992 2748 consulamus.
3039 2694 3114 2746 Illi
3147 2711 3229 2748 er-

1681 2796 1766 2849 go,
1801 2782 2098 2835 secundum
2129 2785 2421 2852 principem
2446 2784 2612 2846 illam,
2653 2795 2704 2838 et
2753 2787 3019 2855 principio
3065 2788 3230 2842 simul

1680 2881 1908 2942 ortuque
1953 2885 2218 2929 carentem
2266 2876 2605 2942 pnepotentis
2642 2875 2731 2929 Dei
2783 2885 3051 2941 naturam,
3084 2895 3226 2948 qua:-

1678 2974 1782 3027 que
1814 2969 1870 3013 ut
1893 2961 1962 3014 ab
1986 2963 2129 3016 omni
2164 2963 2511 3030 permistione
2545 2964 2787 3033 svjuncta
2835 2975 2940 3030 est,
2974 2968 3052 3022 si:
3078 2969 3232 3025 muni

1679 3050 2159 3117 comprehensione
2219 3053 2411 3120 major,
2458 3065 2704 3109 naturam
2758 3057 2979 3110 alteram
3027 3060 3229 3113 consti-

1679 3149 1858 3201 tuunt,
1885 3141 2099 3210 vimque
2141 3143 2398 3203 divinam.
2427 3160 2547 3213 quae
2579 3160 2699 3198 cum
2739 3161 2924 3200 eorum
2957 3148 3230 3214 omnium,

1680 3246 1798 3298 quze
1847 3231 2155 3300 gignuntur,
2188 3232 2508 3301 principium
2561 3234 2647 3296 sit,
2681 3244 2790 3291 tum
2841 3247 2965 3292 ante
3005 3248 3227 3296 caeteras

83 3323 210 3390 σοςία
232 3325 376 3378 πόθεν
405 3326 637 3395 εὑρέθη;
669 3329 817 3388 ποῖος
844 3327 899 3378 δὲ
941 3328 1101 3389 τόπος
1133 3327 1276 3378 ἐστὶν
1326 3324 1423 3394 τῆς
1461 3327 1579 3376 ἐπι-

1683 3338 1868 3377 omnes
1902 3325 2182 3385 exstiterit.
2222 3326 2287 3378 ab
2320 3325 2615 3394 eodemque
2644 3327 2818 3396 primo
2853 3329 3117 3400 principio
3139 3346 3230 3401 ge-

89 3416 284 3486 στήμηςς
309 3418 417 3470 Οὐκ
441 3413 548 3468 οἶδε
579 3415 763 3485 βροτὸς
793 3415 905 3467 ὁδὸν
944 3415 1138 3484 αὐτῆς,
1186 3415 1306 3468 οὑδὲ
1350 3414 1453 3484 μὴν
1474 3414 1579 3465 ‘eo-

95 3503 194 3576 ρίθη
223 3509 270 3559 ὲν
312 3507 611 3579 ἀνθρώποις
637 3523 651 3537 ·
675 3505 983 3577 ἀκηκόαμεν
1019 3506 1074 3562 δὲ
1102 3507 1268 3576 αὐτῆς
1315 3507 1374 3558 τὸ
1406 3505 1580 3569 κλέος,

103 3593 147 3646 '0
172 3597 326 3668 Κύριος
352 3600 674 3669 συνέστησεν
702 3598 865 3667 αὐτῆς
889 3597 982 3668 τὴν
1009 3597 1154 3660 ὁδὸν,
1183 3598 1343 3662 αὐτὸς
1385 3598 1441 3651 δὲ
1471 3594 1578 3650 οἶδε
1611 3630 1615 3636 -

94 3688 158 3739 τὸν
175 3690 301 3742 τόπον
315 3692 502 3761 αὐτῆς.
533 3710 550 3742 ι
581 3692 688 3745 Καὶ
715 3691 742 3743 ὁ
775 3691 936 3743 Δαϐὶδ
955 3690 1010 3742 δέ
1039 3708 1140 3743 που
1173 3691 1228 3741 ὲν
1247 3689 1580 3760 ψαλμῳδίαις

89 3779 216 3852 ἑτέρῳ
256 3783 558 3854 προσειπὼν
589 3783 684 3854 τὴν
742 3783 925 3852 σοφίαν
964 3782 1182 3852 ὀνόματί
1215 3798 1374 3851 φησι·
1425 3800 1444 3832 ι
1491 3781 1580 3851 Τῷ

84 3867 198 3941 λόγῳ
222 3874 404 3944 Κυρίου
452 3877 501 3928 οἱ
525 3875 760 3946 ,οὐρανοὶ
795 3873 1193 3946 ἐστερεώθησαν
1217 3911 1231 3936 ,
1284 3891 1302 3923 ι
1347 3873 1436 3926 τὸν
1474 3872 1587 3926 τῶν-

87 3958 298 4015 ἁπάντων
319 3965 690 4036 δημιουργικὸν
720 3967 885 4033 Λόγον
915 3963 1046 4017 Θεοῦ
1075 3961 1258 4015 τοῦτον
1280 3962 1584 4031 ὲνευφημή-

87 4060 172 4109 σας
195 4049 271 4102 τὸν
289 4053 482 4121 τρόπον.
513 4054 593 4108 Οὐ
624 4055 728 4125 μὴν
754 4053 884 4107 ἀλλὰ
923 4053 1014 4105 καὶ
1042 4053 1070 4104 ὀ
1099 4050 1284 4104 τούτου
1323 4053 1448 4112 παῖς
1486 4051 1581 4101 Σο-

84 4132 237 4207 λομὼν
261 4140 345 4194 ὡδί
365 4160 432 4213 πη
460 4145 520 4209 ἐξ
553 4146 716 4216 αὐτῆς
746 4144 1145 4216 προσωποποιεῖ
1171 4141 1268 4211 τῆς
1292 4140 1478 4208 σοφίας
1498 4140 1584 4193 λέ-

84 4243 174 4294 γων
193 4243 207 4260 ⁸
237 4248 256 4281 ι
303 4232 428 4300 Ἐγὼ
455 4237 490 4306 ἡ
524 4235 682 4303 σοφία
701 4237 1082 4306 κατεσκήνωσα
1115 4232 1302 4303 βουλὴν
1336 4232 1430 4284 καὶ
1453 4230 1586 4299 γνῶ-

86 4335 168 4382 σιν,
197 4323 276 4375 καὶ
304 4323 499 4380 ἔννοιαν
524 4325 636 4393 ἐγὼ
665 4327 1096 4398 ὲπεκαλεσάμην.
1149 4325 1223 4376 Δι’
1255 4322 1386 4394 ἐμοῦ
1434 4322 1584 4393 βασι-

87 4409 174 4474 λεῖς
191 4413 526 4484 βασιλεύουσι,
558 4417 651 4474 καὶ
675 4419 992 4477 cummi
1024 4418 1286 4490 γράφουσι
1317 4415 1583 4471 δικαιοσύ-

87 4520 180 4573 νην.
200 4525 218 4558 I
243 4509 343 4563 Καὶ
366 4509 524 4564 πάλιν
544 4524 559 4540 ⁸
590 4527 606 4558 ι
634 4508 831 4580 Κύριος
856 4510 1033 4564 ἐκτισέ
1064 4529 1128 4581 με
1143 4510 1314 4583 ἀρχὴν
1330 4508 1461 4562 ὁδῶν
1490 4509 1584 4562 αὐ·-

85 4595 156 4652 τσῦ
179 4600 245 4663 εις
267 4600 395 4671 ἔργα
425 4598 606 4656 αὑτοῦ.
637 4599 746 4668 Πρὸ
773 4599 864 4652 τοῦ
891 4601 1084 4665 αἰῶνος
1116 4600 1440 4670 ἐθεμελίωσέ
1476 4616 1542 4671 με
1562 4614 1577 4628 ο

87 4687 125 4738 ὲν
143 4656 265 4761 ἀργῇ
420 4693 514 4745 τοῦ
537 4692 632 4762 τὴν
655 4656 755 4760 {qv
783 4690 1021 4759 ποιῆσαι,
1054 4656 1158 4761 πρὸ
1189 4656 1280 4744 τοῦ
1309 4690 1404 4755 τὰς
1431 4656 1589 4743 ἀθύσ·
1618 4656 1663 4711 D

89 4793 181 4842 ωυς
207 4784 465 4849 γενέσθαι,
494 4784 599 4857 πρὸ
620 4783 709 4837 τοῦ
743 4783 840 4853 ὅρη
868 4782 1205 4852 ἑδρασθῆναι,
1237 4783 1342 4855 πρὸ
1372 4781 1426 4834 δὲ
1451 4783 1588 4835 πάν-

84 4885 165 4924 των
183 4871 372 4940 βουνῶν
392 4879 555 4948 γεννᾷ
589 4894 675 4950 με.
716 4874 903 4930 Ἡνίκα
928 4873 1184 4944 ἡτοίμαζε
1211 4876 1302 4927 τὸν
1343 4875 1586 4948 οὐρανὸν,

83 4965 415 5036 συμπαρήμην
451 4968 633 5038 αὐτῷ,
663 4970 757 5022 καὶ
788 4967 861 5029 ὡς
907 4963 1161 5034 ἀσφαλεῖς
1199 4963 1361 5018 ἐτίθει
1410 4965 1587 5037 πηγὰς

85 5052 160 5123 τῆς
185 5067 211 5096 ⁸
244 5056 329 5109 ὑπ’
357 5058 599 5129 οὐρανὸν,
629 5061 773 5131 ἢμην
801 5061 895 5133 σῦν
923 5055 1067 5128 αὐτῷ
1099 5051 1593 5126 ἁρμόζουσαηἘγὼ

88 5142 203 5216 tum:
285 5149 608 5221 προσέχαιρι
629 5152 746 5205 καθ’
762 5151 990 5224 ἡμέραν·
1009 5147 1376 5222 ηὐφραινόμην
1386 5149 1440 5203 δὲ
1456 5150 1558 5203 tvo"
1573 5180 1588 5188 -

88 5245 184 5287 πιον
203 5237 354 5291 αὐτοῦ
387 5240 442 5292 ὲν
466 5238 625 5293 παντὶ
652 5241 825 5311 καιρῷ
847 5282 861 5305 ,
908 5242 994 5294 ὅτε
1026 5240 1348 5317 ηὐφραίνετο
1389 5241 1487 5310 τὴν
1517 5245 1595 5295 oi-

144 5352 181 5383 ⁸³
206 5353 300 5411 Job
344 5372 529 5420 xxvm,
561 5355 651 5412 20.

142 5455 168 5485 ⁸
187 5449 266 5502 Ia’.
293 5448 408 5513 τάς.

605 5566 832 5622 οὐσίαν.
885 5565 1159 5624 Eusebius
1196 5569 1292 5638 hic
1332 5569 1585 5638 ἄντικρυς

143 5563 250 5655 (7!!
266 5567 560 5655 Αεντέραν

97 5632 392 5700 ’Δρειανίζει.
411 5632 645 5694 Tametsi
690 5638 806 5705 ejus
854 5638 1149 5692 orationem
1195 5632 1583 5705 Trapezuntius

93 5707 464 5777 υποκορίζεσθαι
490 5749 505 5775 ,
533 5718 586 5765 et
623 5707 858 5763 adhibito
885 5709 1038 5778 quasi
1062 5706 1238 5763 studio
1272 5708 1476 5763 mollire
1499 5709 1580 5761 vi-

1681 3414 1790 3465 nila
1828 3411 2006 3476 fuerit,
2036 3429 2195 3482 quam
2246 3415 2344 3484 ipsi
2399 3413 2662 3479 Verbum,
2718 3415 3068 3485 Sapientiam,
3113 3418 3229 3473 Dei—

1679 3517 1783 3571 que
1810 3502 2060 3555 virtutem
2096 3505 2365 3572 appellare
2401 3505 2594 3560 solent.
2625 3507 2798 3574 Atque
2823 3507 2922 3560 hoc
2954 3507 3004 3559 in
3037 3507 3235 3575 primis

1678 3592 1845 3648 Jobus
1883 3594 2086 3660 docuit,
2116 3596 2242 3650 dum
2290 3597 2362 3651 ita
2407 3598 2618 3653 locutus
2650 3605 2774 3651 est:
2810 3616 2829 3648 ‹
2867 3595 3014 3652 Unde
3046 3609 3230 3652 autem

1680 3685 1944 3754 sapientia
1977 3685 2189 3740 inventa
2219 3687 2339 3741 est?
2371 3696 2464 3741 aut
2491 3688 2613 3757 quis
2643 3687 2794 3744 locus
2837 3697 2918 3744 est
2954 3689 3232 3744 scientiae?

1679 3775 1859 3831 Nescit
1888 3778 2049 3831 homo
2075 3779 2216 3832 viam
2247 3780 2386 3848 ejus,
2416 3795 2588 3848 neque
2614 3779 2826 3834 inventa
2853 3789 2936 3835 est
2963 3782 3103 3834 inter
3126 3782 3226 3836 ho-

1679 3871 1852 3924 mines
1891 3889 1903 3926 :
1943 3871 2246 3926 audivimus
2276 3881 2450 3926 autem
2491 3871 2711 3940 gloriam
2746 3871 2932 3940 ipsius.
2968 3870 3232 3949 Dominus

1681 3965 2105 4020 constituitviam
2126 3965 2262 4034 ejus,
2283 3965 2392 4032 ipse
2410 3972 2585 4018 autem
2611 3965 2759 4018 novit
2785 3965 2960 4022 locum
2979 3966 3099 4035 ejus
3121 3966 3222 4021 ⁸³.»

1681 4050 1916 4123 Itemque
1933 4053 2096 4108 David
2117 4054 2168 4106 in
2182 4052 2429 4118 Psalmis,
2446 4053 2589 4108 aliud
2602 4053 2727 4107 huic
2741 4053 3015 4122 sapientiae
3033 4068 3232 4109 nomen

1680 4145 1973 4200 attribuens
2001 4162 2016 4198 :
2049 4143 2290 4208 «Verbo,
2342 4144 2544 4214 inquit,
2589 4142 2799 4199 Domini
2845 4147 2968 4202 οωιί
3035 4144 3230 4199 ﬁrmati

1682 4247 1808 4292 sunt
1827 4236 1891 4302 “;
1922 4256 1939 4288 ι
1961 4237 2156 4306 quibus
2174 4235 2521 4306 ipseVerbum
2544 4237 2669 4291 illud
2688 4237 2923 4291 divinum
2943 4237 3100 4305 hujus
3119 4237 3232 4290 uni-

1681 4325 1824 4379 versi
1874 4325 2177 4380 molitorem
2233 4326 2542 4384 celebravit.
2575 4325 2715 4394 Quin
2748 4327 2908 4380 etiam
2944 4327 3084 4380 [ilius
3109 4326 3227 4394 ejus

1685 4418 1977 4481 Salomon,
2023 4417 2264 4487 ejusdem
2320 4433 2385 4479 ex
2439 4417 2716 4485 sapientiae
2772 4432 3022 4485 persona,
3084 4417 3235 4472 hunc

1685 4509 1839 4582 32],
1871 4510 1922 4563 in
1954 4508 2169 4562 modum
2217 4507 2492 4576 loquitur:
2553 4524 2571 4555 ι
2595 4505 2703 4576 Ego
2732 4507 2994 4576 sapientia
3041 4506 3226 4562 habito

1688 4603 1745 4657 in
1779 4599 2004 4656 consilio
2028 4609 2080 4652 et
2103 4597 2347 4660 scientia,
2378 4607 2430 4652 et
2451 4597 2858 4667 intelligentiam
2893 4612 2992 4668 ego
3019 4598 3230 4652 vocavi.

1694 4693 1794 4748 Per
1816 4707 1901 4749 me
1923 4705 2075 4760 reges
2103 4700 2352 4761 regnant,
2386 4701 2440 4745 et
2473 4699 2717 4760 potentes
2751 4691 3048 4744 decernunt
3066 4690 3230 4759 justi-

1692 4786 1820 4844 tiam
1844 4783 1908 4836 ".
1940 4801 1957 4834 ι
2005 4781 2070 4836 Et
2094 4776 2303 4837 rursus.
2341 4801 2359 4833 ‹
2386 4781 2643 4835 Dominus
2672 4781 2872 4835 creavit
2913 4797 2997 4834 me
3022 4782 3232 4835 initium

1693 4876 1901 4930 viarum
1947 4887 2167 4928 suarum
2204 4872 2269 4932 ad
2302 4886 2463 4941 opera
2505 4886 2621 4925 sua.
2663 4870 2800 4925 Ante
2833 4885 3002 4926 :evum
3037 4870 3229 4922 funda-

1691 4969 1768 5022 vit
1813 4980 1933 5020 me:
1981 4963 2039 5022 lu
2091 4966 2376 5035 principio,
2413 4972 2699 5032 antequam
2759 4973 2953 5017 terram
3012 4960 3229 5023 faceret,

1694 5067 1977 5123 antequam
1999 5064 2179 5111 essent
2203 5052 2411 5124 abyssi:
2437 5062 2723 5122 antequam
2750 5065 2955 5105 montes
2981 5049 3066 5102 (ixi
3104 5063 3155 5102 C(
3170 5064 3235 5100 n—-

1697 5150 2131 5207 stitisscntzante
2157 5159 2344 5199 omnes
2365 5144 2530 5199 colles
2558 5143 2830 5214 generavit
2859 5156 2964 5193 me.
3005 5138 3232 5205 Quando

1703 5240 2036 5311 praeparabat
2079 5237 2293 5298 coelum,
2349 5235 2561 5289 aderam
2601 5235 2734 5303 ipsi:
2794 5230 3004 5300 quando
3048 5239 3238 5284 certos

723 5356 771 5388 “
795 5355 934 5413 Psal.
969 5373 1160 5425 xum,
1189 5357 1239 5412 6.
1313 5357 1358 5388 "
1385 5355 1542 5414 Prov.
1575 5376 1691 5423 vui,
1726 5360 1812 5416 12.

1691 5567 1898 5622 deatur.
1953 5564 2055 5618 Sed
2113 5574 2270 5618 notus
2314 5563 2446 5615 satis
2473 5559 2771 5623 Eusebius;
2823 5571 2886 5610 ac
2939 5556 3232 5626 prmsertim

1691 5647 1816 5694 ante
1863 5635 2131 5688 Nicaarmm
2180 5629 2464 5687 concilium
2493 5672 2506 5695 ,
2561 5637 2681 5683 ante
2726 5628 2868 5697 quod
2913 5628 3022 5683 bcec
3062 5627 3128 5680 ab
3173 5639 3243 5678 eo

1691 5707 1883 5776 scripta
1917 5705 2082 5760 fuisse
2116 5718 2222 5758 non
2249 5702 2454 5757 dubito.
