3976 6340
765 425 868 483 555

765 551 999 620 ponebat
1044 551 1240 615 fontes,
1281 550 1372 619 qui
1422 550 1523 604 sub
1570 552 1707 604 cmlo
1734 559 1881 610 sunt.
1917 567 2061 605 cram
2096 567 2217 604 cum
2256 565 2296 603 ei

2424 553 2691 622 κουμένην
2735 552 3072 612 συντελέσας.
3112 571 3128 602 ›
3161 551 3340 604 Ταῦτα
3388 553 3638 622 Σολομὼν
3679 553 3739 606 ἐν
3787 549 3932 621 Παρὰ

763 653 959 696 cuncta
1007 657 1363 709 componens.
1403 640 1513 709 Ego
1559 658 1746 704 eram,
1795 659 1901 711 qua
1954 643 2320 695 delectabatur

760 731 1000 799 quotidie
1025 750 1037 783 :
1072 731 1293 783 laetabar
1319 741 1495 783 autem
1521 746 1705 784 coram
1729 732 1849 799 ipso
1876 734 2025 784 omni
2058 743 2316 800 tempore,

758 819 978 889 quando
1005 821 1366 874 delectabatur
1382 822 1563 873 orbem
1583 831 1736 876 terra:
1765 824 2066 890 perﬁciens.
2096 824 2175 875 ⁸⁸»
2199 823 2320 878 ila-c

761 911 1020 966 Salomon
1051 911 1102 964 in
1125 908 1450 965 Proverbiis.
1488 911 1617 977 Quae
1647 927 1961 983 sequuntur,
1981 933 2044 970 ex
2072 917 2317 983 ejusdem

759 1025 975 1080 quoque
1009 1026 1234 1080 persona
1285 1011 1614 1066 referuntur.
1664 1030 1682 1062 ι
1713 1010 1851 1074 Quid
1913 1009 1983 1063 sit
2015 1017 2194 1074 autem
2229 1023 2317 1062 sa-

766 1086 991 1170 pientia,
1045 1111 1097 1154 et
1123 1103 1580 1171 quemadmodum
1627 1101 1764 1154 facta
1813 1103 1902 1164 sit,
1961 1097 2210 1162 referam,
2265 1107 2318 1152 et

760 1208 864 1245 non
902 1193 1229 1247 abscondam
1265 1210 1294 1248 a
1336 1195 1492 1248 vobis
1537 1202 1902 1254 sacramenta,
1943 1193 2034 1247 sed
2066 1193 2133 1245 ab
2162 1191 2316 1244 initio

756 1286 1048 1339 nativitatis
1089 1285 1419 1355 investigabo
1436 1287 1504 1339 °’.
1533 1305 1550 1336 ›
1606 1285 1816 1350 Quibus
1855 1283 2048 1338 deinde
2086 1283 2314 1351 subjun~

754 1377 864 1445 git:
901 1394 918 1426 ι
948 1376 1040 1430 Est
1068 1379 1209 1431 enim
1258 1379 1373 1433 haec
1401 1380 1624 1447 spiritus
1679 1378 2008 1446 intelligens,
2067 1386 2312 1437 sanctus,

756 1467 1084 1536 unigenitus,
1127 1469 1434 1537 multiplex,
1486 1470 1721 1529 subtilis.
1773 1469 2009 1532 mobilis,
2052 1468 2316 1532 disertus,

756 1557 1222 1626 incoinquinatus,
1274 1562 1638 1630 omnipotens,
1694 1562 1876 1614 omnia
1926 1571 2195 1630 spectans,
2250 1576 2314 1615 ac

751 1663 848 1718 per
902 1665 1092 1705 omnes
1122 1653 1423 1720 pervadens
1453 1635 1677 1720 spiritus
1705 1652 2086 1720 intelligentes,
2123 1667 2313 1722 puros,

752 1739 1158 1796 subtilissimus.
1225 1740 1490 1797 Omnibus
1534 1744 1681 1796 enim
1732 1742 2024 1796 mobilibus
2058 1742 2316 1795 mobilior

747 1840 832 1883 est
867 1830 1174 1898 Sapientia:
1224 1841 1463 1900 permeat
1506 1843 1686 1887 autem
1724 1848 1788 1888 ac
1826 1832 2069 1902 pervadit
2104 1833 2308 1897 omnia,

1411 428 1677 483 EL'SEBil
1716 427 2188 484 C/ESARIENSIS
2225 427 2369 482 OPP.
2417 427 2594 485 PARS
2634 430 2693 485 Il.
2735 462 2802 471 —
2841 429 3330 488 APOLOGETICA.

3901 878 3967 1154 Ξ

3899 1303 3967 1560 Ξ

2426 642 2591 710 μίαις.
2624 645 2731 695 Kal
2755 644 2923 696 ταῦτα
2955 645 3008 695 δέ
3043 661 3115 715 πη
3150 644 3204 710 ἐξ
3241 643 3398 696 αὐτοῦ
3429 644 3639 712 λέγεται
3684 645 3783 697 τοῦ
3822 664 3881 715 πε

2419 732 2568 784 ώπου
2595 751 2606 763 ο
2643 753 2660 783 ‹
2702 735 2765 786 Τί
2799 735 2853 789 δέ
2884 737 3028 788 ἐστιν
3058 737 3233 803 σοφία,
3270 739 3360 789 καὶ
3389 737 3504 800 πῶς
3533 739 3771 803 ἐγένετο,
3813 740 3891 790 άπ

2420 823 2580 891 γελῶ,
2629 827 2718 877 καὶ
2774 826 2870 877 ούκ
2921 826 3217 896 ἀποκρύψω
3248 827 3372 898 ὑμῖν
3425 832 3714 898 μυστήρια,
3779 827 3940 890 ά).λ“1

2421 917 2593 986 ἀρχῆς
2649 917 2911 985 γενέσεως
2961 918 3270 986 ὲξιχνιάσω⁸
3328 937 3344 968 ι
3395 914 3475 978 οἷς
3528 920 3652 987 ἑξῆς
3698 905 3948 987 ὲπιλέγεέ

2424 1027 2441 1058 ι
2469 1010 2619 1061 Ἔστι
2656 1009 2764 1079 γάρ
2799 1009 2933 1080 αὓτη
2975 1009 3185 1079 πνεῦμα
3215 993 3414 1081 νοερὸν,
3447 1011 3618 1078 ἅγιον,
3669 993 3948 1081 μονογενὲῆ

2419 1101 2739 1172 πολυμερὲς,
2772 1101 2984 1165 λεπτὸν,
3034 1103 3342 1172 εὐκίνητον,
3382 1104 3608 1174 τρανὸν,
3656 1103 3900 1172 άμόλυντ

2419 1191 2842 1260 παντοδύναμον,
2880 1193 3331 1266 πμντεπίσκοπον,
3365 1194 3457 1245 καί
3501 1193 3587 1244 διὰ
3617 1195 3843 1246 πάντων
3876 1213 3902 1263 χ

2419 1279 2544 1350 ροῦν
2572 1283 2910 1350 πνευμάτων,
2929 1267 3014 1334 ’νοε
3025 1283 3150 1353 ρῶν,
3184 1284 3456 1353 καθαρῶν,
3479 1284 3847 1336 λεπτοτάτων.
3871 1277 3942 1352 Uti

2419 1389 2516 1441 σης
2540 1373 2645 1441 γὰρ
2678 1375 2940 1442 κινήσεως
2964 1376 3348 1446 κινητικωτέρα
3380 1377 3533 1444 σοφία
3553 1394 3565 1405 °
3598 1377 3792 1446 διήκει⁴
3812 1378 3864 1429 δὲ

2417 1468 2582 1536 χωρεῖ
2603 1466 2687 1518 διὰ
2717 1467 2932 1519 πάντων
2955 1467 3038 1519 διὰ
3079 1469 3175 1538 τὴν
3207 1468 3563 1539 καθαρότητα.
3628 1470 3828 1538 Ἀτμὶς
3868 1488 3890 1534 τ

2414 1557 2528 1611 ἐστι
2569 1557 2666 1627 τῆς
2702 1557 2791 1610 τοῦ
2841 1557 2971 1610 Θεοῦ
3018 1557 3316 1627 δυνάμεως,
3339 1561 3430 1614 καὶ
3460 1559 3729 1630 ἀπόρῤοια
3759 1562 3855 1628 τῆς
3880 1549 3967 1612 ταδ’

2414 1646 2843 1715 παντοκράτορος
2865 1645 3017 1716 δόξης
3050 1645 3358 1717 εἰλικρινής.
3411 1648 3500 1700 Διὸ
3543 1648 3694 1700 ούδὲν
3745 1649 3952 1718 μεμολυ-

2415 1735 2605 1805 σμένον
2651 1737 2729 1796 εἰς
2785 1736 2951 1805 αὐτὴν
3002 1736 3386 1806 παρεμπίπτει.
3454 1738 3813 1807 ’Λπαύγασμα
3862 1743 3954 1807 γάρ

2415 1827 2527 1878 ἐστι
2555 1826 2727 1892 φωτὸς
2758 1827 2925 1879 ἀϊδίου
2959 1829 3051 1880 καὶ
3083 1828 3336 1900 ἔσοπτρον
3374 1829 3700 1899 ἀκηλίδωτον
3737 1829 3830 1897 τῆς
3865 1828 3948 1881 τού

747 1897 967 1987 propter
996 1937 1151 1974 suam
1191 1897 1540 1975 munditiam.
1578 1919 1758 1989 Vapor
1785 1897 1928 1978 enim
1963 1928 2045 1974 est
2077 1919 2173 1973 Dei
2201 1921 2296 1973 vir«

2410 1916 2539 1968 Θεοῦ
2566 1918 2858 1989 ἐνεργείας,
2885 1919 2974 1971 καὶ
2996 1918 3155 1974 εἰκὼν
3292 1897 3619 1990 ἀγαθότητος
3637 1919 3803 1972 αὐτοῦ.
3825 1923 3943 1971 Δια-

750 2011 898 2072 tutis,
927 2020 978 2063 et
1010 2013 1282 2082 emanatio
1312 2012 1499 2079 gloriae
1539 2011 1932 2080 omnipotentis
1973 2011 2201 2065 sincera.
2244 2010 2308 2064 Et

746 2102 866 2157 ideo
916 2103 1050 2156 nihil
1119 2101 1460 2171 inquinatum
1520 2103 1577 2160 in
1629 2118 1748 2158 eam
1795 2104 2040 2157 incurrit.
2090 2101 2308 2156 Candor

743 2192 888 2245 enim
918 2203 999 2247 est
1051 2193 1189 2247 lucis
1224 2200 1461 2257 aeternae,
1515 2200 1569 2246 et
1615 2191 1893 2260 Speculum
1933 2192 2049 2247 sine
2092 2191 2306 2245 macula

742 2280 838 2337 Dei
869 2283 1217 2351 efﬁcacitatis.
1256 2292 1309 2336 et
1339 2283 1515 2351 imago
1566 2283 1823 2336 bonitatis
1875 2283 2072 2355 ejus".
2125 2282 2304 2335 Attin-

740 2375 820 2445 git
847 2384 1026 2429 autem
1062 2390 1091 2428 a
1119 2377 1223 2427 line
1245 2388 1418 2442 usque
1458 2372 1523 2426 ad
1565 2373 1724 2426 ﬁnem
1761 2373 1990 2438 fortiter,
2033 2381 2086 2426 et
2115 2372 2301 2442 dispo-

741 2467 821 2521 nit
845 2467 1026 2520 omnia
1057 2466 1292 2521 suaviter
1318 2467 1418 2518 ⁸³.»
1445 2464 1561 2520 Jam
1582 2465 1823 2521 divinum
1851 2465 2018 2520 hocce
2041 2462 2303 2529 Verbum,

739 2574 770 2613 ι
795 2557 952 2613 Patre
999 2559 1281 2614 hominum
1321 2557 1376 2614 in
1417 2560 1650 2613 salutem
1685 2558 1935 2622 missum,
1978 2558 2145 2612 variis
2179 2572 2301 2611 om-

739 2648 869 2702 nino
899 2648 1074 2701 modis
1106 2630 1385 2718 Scriptura
1417 2650 1599 2702 divina
1628 2657 1996 2717 repraesentat.
2043 2645 2108 2703 Et
2136 2647 2306 2701 Abras

740 2739 899 2793 hamo
940 2740 1154 2811 quidem
1200 2741 1596 2811 atque,Moysi,
1650 2740 1969 2807 ueterisque
2025 2740 2300 2807 prophetis

738 2826 847 2882 Deo
898 2829 1254 2893 charissimis,
1311 2845 1420 2884 non
1477 2845 1595 2884 sese
1634 2830 1795 2882 modo
1824 2828 2111 2882 videndum
2143 2829 2298 2884 exhi-

736 2919 944 2984 buisse,
979 2938 1166 2976 verum
1203 2922 1366 2976 etiam
1401 2931 1454 2976 et
1495 2922 1747 2976 docuisse
1781 2921 1970 2982 multa,
2012 2928 2064 2972 et
2115 2918 2297 2972 futura

733 3015 1128 3081 praenuntiasse
1177 3021 1433 3077 testatur,
1474 3013 1689 3083 quoties
1720 3013 1884 3066 Deum
1912 3027 1974 3064 ac
2008 3011 2295 3064 Dominum

733 3116 828 3158 aut
859 3106 1172 3174 apparuisse
1202 3107 1495 3175 prophetis,
1543 3116 1637 3160 aut
1686 3120 1810 3160 cum
1849 3105 1918 3160 iis
1971 3105 2294 3160 collocutum

731 3209 853 3250 esse
883 3210 1290 3252 commemorat.
1323 3200 1466 3252 Idem
1513 3213 1659 3261 vero,
1707 3198 1786 3251 sic
1831 3207 2086 3267 tanquam
2139 3198 2289 3250 labo-

731 3286 969 3340 rantium
996 3297 1353 3351 servatorem,
1381 3299 1435 3341 et
1459 3287 1731 3342 medicum
1761 3287 2072 3341 animorum
2111 3303 2144 3342 a
2179 3303 2292 3343 ma-

722 3377 842 3450 jore
868 3379 1036 3433 altero
1063 3379 1288 3434 missum
1339 3382 1386 3444 ¹,
1425 3381 1704 3434 hominum
1769 3381 2011 3435 omnium
2034 3380 2086 3433 in
2103 3381 2292 3448 cogni-

727 3468 928 3523 tionem
949 3469 1180 3530 venisse,
1201 3470 1270 3522 ita
1290 3471 1560 3539 praedicat.
1588 3490 1605 3520 ι
1629 3470 1773 3524 Misit
1793 3470 2025 3525 Verbum
2045 3479 2296 3532 suum,et

727 3561 1064 3627 sanaviteos,
1091 3571 1143 3614 et
1166 3563 1361 3630 eripuit
1377 3579 1470 3616 eos
1489 3565 1551 3616 de
1576 3563 1976 3618 interitionibus
1997 3564 2288 3620 eorum.'°o

727 3652 965 3722 Itemque
981 3653 1137 3706 alibi:
1161 3671 1177 3702 ι
1209 3652 1470 3708 Velociter
1482 3658 1649 3710 currit
1669 3657 1891 3710 verbum
1910 3656 2027 3724 ejus
2043 3657 2107 3706 τ’.
2138 3675 2154 3706 ι
2174 3655 2292 3723 Quo

727 3742 927 3796 factum
993 3753 1096 3806 est,
1142 3756 1200 3798 ut
1257 3747 1562 3816 evangelica
1599 3762 1814 3815 quoque
1882 3745 2130 3800 doctrina
2169 3760 2291 3813 pro-

725 3833 993 3900 pheticam
1021 3835 1166 3887 illam
1195 3835 1526 3902 instaurans,
1562 3837 1904 3906 patriamque
1937 3835 2284 3899 sententiam,

725 3925 865 3979 idem
901 3927 1183 3995 theologia:
1223 3943 1389 3996 genus
1434 3929 1576 4000 hunc
1609 3931 1661 3981 in
1695 3929 1917 3982 modum
1960 3929 2286 3987 illustrarit:

729 4033 750 4066 ‹
788 4014 845 4070 In
901 4020 1168 4090 principio
1191 4031 1307 4073 erat
1341 4018 1597 4085 Verbum,
1633 4029 1687 4074 et
1718 4020 1955 4075 Verbum
1998 4030 2115 4074 erat
2147 4021 2286 4091 apud

722 4105 883 4178 322
918 4109 1114 4176 Deum,
1147 4121 1199 4164 et
1253 4109 1394 4166 Deus
1449 4123 1565 4166 erat
1617 4111 1878 4166 Verbum.
1911 4111 2024 4169 Hoc
2073 4121 2190 4166 erat
2230 4113 2285 4167 in

722 4202 991 4274 pincipio
1017 4203 1156 4270 apud
1185 4202 1388 4258 Deum:
1420 4205 1601 4258 omnia
1626 4220 1722 4274 per
1752 4206 1928 4273 ipsum
1965 4204 2103 4258 facta
2136 4212 2282 4266 sunt,

720 4302 773 4347 et
806 4294 924 4346 sine
960 4293 1078 4362 ipso
1121 4291 1323 4348 factum
1358 4306 1440 4349 est
1463 4297 1619 4358 nihil,
1661 4297 1804 4365 quod
1836 4294 2038 4349 factum
2065 4307 2164 4349 est.
2226 4295 2283 4350 In

720 4383 837 4455 ipso
865 4386 969 4438 vita
999 4393 1135 4448 erat,
1163 4393 1218 4439 et
1241 4386 1345 4438 vita
1379 4395 1498 4439 erat
1538 4386 1626 4438 lux
1660 4386 2056 4438 hominum".i
2100 4373 2283 4454 Itaque

718 4474 982 4544 sanejure
997 4471 1214 4544 Moyses
1237 4474 1324 4528 ille
1354 4476 1817 4543 sapientissimus,
1851 4477 2041 4528 eodem
2072 4474 2281 4530 afﬂatus

2407 2009 2567 2066 τείνει
2597 2008 2651 2060 δὲ
2686 2010 2792 2061 ἀπὸ
2823 2011 3050 2081 πέρατος
3085 2013 3175 2064 ἐπὶ
3204 2012 3372 2080 πέρας
3391 2009 3692 2080 εὐρώστως,
3716 2012 3799 2062 καὶ
3821 2011 3938 2061 διοι-

2405 2103 2490 2155 κεῖ
2533 2101 2603 2154 τὰ
2646 2103 2818 2155 πάντα
2866 2103 3131 2173 χρηστῶς.
3179 2121 3200 2153 ι
3237 2103 3342 2154 Kal
3386 2103 3448 2174 δὴ
3488 2102 3632 2154 τόνδε
3660 2102 3745 2153 τὸν
3780 2102 3939 2152 ἔνθεον

2403 2193 2570 2260 Λόγον
2603 2194 2871 2264 διαφόρως
2898 2197 2935 2265 ἡ
2965 2194 3081 2249 Θεία
3104 2193 3287 2266 Γραφὴ
3324 2194 3458 2266 πρὸς
3495 2193 3588 2246 τοῦ
3623 2193 3831 2264 Πατρὸς
3861 2193 3942 2244 ἐπὶ

2405 2283 2468 2351 τῇ
2491 2281 2597 2334 τῶν
2622 2282 2923 2353 ἀνθρώπων
2954 2285 3190 2355 σωτηρίᾳ.
3216 2283 3567 2354 πεπεμμένον.
3590 2283 3815 2350 εἰσάγει.
3853 2283 3944 2333 Δύ-

2402 2371 2491 2428 τὸν
2513 2368 2673 2426 δ”οὗν
2705 2375 2796 2431 καί
2822 2374 2897 2444 τῷ
2942 2374 3207 2448 Ἀδραὰμ,
3235 2376 3439 2445 Μωῦσῇ
3471 2392 3527 2427 τε
3581 2376 3675 2427 καὶ
3717 2378 3824 2436 τοῖς
3860 2373 3941 2427 άλ-

2400 2464 2508 2528 λοις
2532 2464 2795 2534 θεοφιλέσι
2839 2468 3136 2538 προφήταις
3158 2469 3318 2537 φῆναι
3336 2468 3551 2532 ἑαυτὸν,
3571 2468 3662 2520 καὶ
3698 2471 3941 2538 χρησμοῖς

2399 2556 2466 2613 τὰ
2506 2557 2674 2610 πολλὰ
2729 2557 3012 2612 παιδεῦσαί
3043 2577 3100 2612 τε
3141 2559 3231 2612 καὶ
3283 2559 3530 2612 θεσπίσαι
3586 2559 3650 2612 τὰ
3706 2561 3938 2629 μέλλοντα

2402 2649 2621 2718 ἱστορεῖ,
2652 2650 2884 2719 ὁπηνίκα
2920 2650 3048 2702 Θεὸν
3089 2651 3181 2702 καὶ
3210 2649 3409 2720 Κύριον
3441 2643 3614 2718 ὦφθαι
3661 2667 3726 2702 τε
3757 2653 3841 2702 καὶ
3871 2654 3934 2711 εἰς

2398 2736 2587 2806 λόγους
2607 2739 2712 2790 τῶν
2743 2740 3030 2809 προφητῶν
3059 2740 3227 2793 ἐλθεῖν
3258 2740 3601 2811 μνημονεύει.
3632 2741 3829 2793 Τοῦτον
3861 2741 3945 2795 καὶ

2399 2831 2561 2883 πᾶσιν
2600 2831 2678 2893 εἰς
2715 2831 2910 2898 γνῶσιν
2945 2833 3111 2885 ἐλθεῖν
3146 2834 3480 2904 ἀνθρώποις,
3523 2827 3610 2886 οἶα
3655 2834 3932 2885 νοσούντων

2399 2922 2633 2992 σωτῆρα,
2681 2923 2772 2975 καὶ
2814 2922 2995 2992 ψυχῶν
3026 2924 3201 2995 ἰατρὸν
3237 2925 3373 2995 πρὸς
3430 2923 3522 2976 τοῦ
3575 2921 3815 2992 μείζονος
3849 2927 3930 2975 ὰπ-

2397 3015 2739 3084 εσταλμένον,
2774 3008 2871 3067 ὧδέ
2904 3034 2977 3086 πη
3007 3015 3246 3079 θεσπίζει
3266 3033 3280 3046 ·
3307 3034 3326 3066 ι
3361 3015 3661 3066 Ἂπέστειλε
3680 3017 3772 3068 τὸν
3793 3018 3936 3082 Λόγον.

2396 3104 2558 3158 αὑτοῦ
2579 3148 2593 3171 ,
2639 3107 2730 3158 καὶ
2775 3107 2957 3160 ἰάσατο
2987 3109 3199 3170 αὐτοὺς,
3233 3109 3326 3160 καὶ
3371 3107 3633 3178 ἐρρύσατο
3663 3109 3854 3170 αὐτοὺς
3877 3109 3919 3156 ἐκ

2394 3198 2500 3250 τῶν
2528 3197 2828 3269 διαφθαρῶν
2883 3199 3078 3255 αὐτῶν.
3113 3218 3129 3249 ι
3183 3199 3290 3253 Καὶ
3319 3198 3475 3256 πάλιν
3524 3199 3710 3254 ἄλλοτέ
3765 3213 3916 3269 φησιν·

2401 3308 2418 3340 ι
2459 3291 2600 3353 Ἕως
2640 3291 2833 3360 τάχους
2879 3291 3161 3359 δραμεῖται
3197 3292 3224 3342 6
3263 3291 3428 3360 Λόγος
3459 3291 3643 3345 αὑτοῦ.
3702 3311 3721 3342 ι
3769 3290 3934 3345 Ἔνθεν

2397 3383 2488 3434 καὶ
2517 3385 2547 3452 ή
2581 3383 2903 3452 εὐαγγελικὴ
2934 3383 3266 3447 διδασκαλία,
3292 3384 3350 3436 τὸ
3382 3384 3714 3455 προφητικὸν
3744 3384 3832 3436 καὶ
3846 3381 3927 3435 πά-

2394 3491 2540 3543 τριον
2590 3475 2954 3544 άνανεουμένη
3001 3476 3212 3544 δόγμα,
3257 3475 3521 3549 ταύτῃπη
3551 3476 3803 3545 διασαφεῖ
3850 3475 3936 3542 τὴν

2395 3563 2669 3632 θεολογίαν
2694 3584 2706 3596 ·
2747 3584 2764 3617 ι
2820 3569 2904 3619 Ἐν
2930 3569 3067 3638 ἀρχῇ
3102 3565 3167 3637 ἦν
3192 3571 3219 3620 6
3252 3570 3442 3636 Λόγος,
3492 3567 3584 3620 καὶ
3616 3569 3644 3619 6
3682 3567 3844 3633 Λόγος
3872 3562 3926 3634 ἦν

2393 3655 2528 3724 πρὸς
2568 3656 2657 3706 τὸν
2709 3655 2872 3716 Θεὸν,
2921 3657 3013 3710 καὶ
3059 3657 3189 3720 Θεὸς
3219 3652 3286 3726 ἦν
3315 3658 3343 3708 6
3371 3656 3558 3722 Λόγος.
3591 3647 3758 3717 Οὗτος
3795 3649 3855 3724 ἦν
3883 3656 3934 3704 ὲν

2393 3749 2531 3820 ἀρχῇ
2565 3749 2696 3819 πρὸς
2722 3749 2810 3800 τὸν
2837 3749 2965 3805 Θεόν
2989 3766 3002 3782 ·
3058 3750 3232 3802 πάντα
3261 3748 3325 3800 δι’
3364 3745 3525 3799 αὑτοῦ
3567 3747 3779 3814 ἐγένετο
3799 3787 3813 3810 ,
3851 3747 3926 3800 καὶ,

2391 3840 2556 3912 χωρὶς
2585 3839 2746 3892 αὑτοῦ
2775 3841 2986 3908 ἐγένετο
3016 3840 3185 3901 οὐδὲν,
3213 3838 3240 3890 ὃ
3265 3837 3499 3905 γέγονεν.
3543 3837 3630 3890 Ἐν
3666 3836 3808 3906 αὐτῷ
3832 3835 3917 3902 ζωὴ

2389 3926 2476 4002 ἦν,
2512 3931 2606 3982 καὶ
2636 3933 2666 4002 ὴ
2700 3930 2810 4002 ζωὴ
2833 3927 2898 4002 ἦν
2921 3930 2980 3981 τὸ
3014 3929 3125 3998 φῶς
3153 3928 3257 3980 τῶν
3289 3925 3609 3996 ἀνθρώπων.
3658 3946 3678 3978 ι
3708 3926 3923 3983 Εἰκότως

2388 4023 2517 4094 δῆτα
2546 4021 2622 4092 τῷ
2677 4022 2824 4092 αὑτῷ
2863 4021 3129 4089 πνεύματι
3173 4018 3263 4070 καὶ
3308 4017 3545 4087 Μωῦσῆς
3581 4020 3610 4070 6
3651 4020 3920 4085 πάνσοφος,

2387 4116 2682 4186 ἀρχόμενος
2707 4114 2802 4184 τῆς
2832 4114 2951 4166 κατ’
2975 4110 3133 4162 αὑτὸν
3169 4107 3541 4176 κοσμογονίας,
3600 4108 3656 4159 ὲν
3695 4107 3751 4173 τῇ
3803 4118 3920 4172 προ-

2377 4204 2695 4277 αποδοθείσῃ
2713 4204 2851 4277 ἀρχῇ
2869 4200 3216 4271 πεποιηκέναι
3238 4199 3326 4251 τὸν
3346 4197 3475 4250 Θεὸν
3494 4196 3583 4248 τὸν
3611 4192 3814 4264 οὐρανὸν
3831 4191 3919 4242 καὶ

2384 4297 2480 4365 τὴν
2506 4296 2608 4366 γῆν
2639 4309 2828 4363 φησιν·
2853 4291 3001 4361 αὐτῷ
3025 4308 3084 4343 τε
3128 4290 3361 4357 εἰσάγει,
3393 4288 3468 4352 ὼς
3504 4287 3572 4346 ἂν
3619 4285 3787 4354 οἰκιίῳ
3830 4282 3921 4335 καὶ

2384 4380 2707 4458 πρωτογόνῳ
2737 4382 2899 4437 αὑτοῦ
2929 4383 3103 4452 Λόγῳ,
3127 4379 3590 4450 κοινολογούμενον
3620 4376 3814 4446 tul-r71;
3833 4371 3918 4427 τοῦ

2385 4478 2672 4555 ἀνθρώπιον
2731 4476 3084 4547 δημιουργίας
3119 4473 3210 4526 τὸν
3265 4473 3416 4538 Θεὸν,
3463 4475 3519 4526 ὲν
3579 4471 3660 4536 οἷς
3706 4469 3912 4541 γράφει·

719 4564 910 4632 spiritu
941 4581 1066 4620 cum
1097 4576 1260 4632 esset,
1301 4568 1418 4636 ipso
1449 4567 1633 4620 statim
1674 4568 1792 4635 ejus
1823 4583 1984 4635 quam
2017 4567 2277 4620 describit

2396 4587 2403 4618 l
2442 4569 2548 4621 Kal
2577 4565 2726 4620 εἶπεν
2762 4570 2789 4619 6
2815 4566 2980 4627 Θεός’
3016 4565 3330 4634 Ποιήσωμεν
3366 4564 3647 4636 ἄνθρωπον
3692 4561 3804 4614 κατ’
3855 4559 3909 4608 εἰ·

717 4657 899 4710 mundi
953 4659 1248 4714 molitiouis
1289 4659 1466 4726 initio,
1502 4660 1670 4714 Deum
1695 4671 1968 4714 asseverat
1998 4661 2047 4712 in
2086 4659 2274 4713 eodem

2396 4660 2518 4713 κόνα
2549 4658 2821 4730 ἡμετέραν
2852 4657 2945 4710 καὶ
2971 4654 3088 4708 καθ’
3123 4656 3398 4726 ὁμοίωσιν.
3441 4675 3459 4705 ι
3489 4654 3658 4706 Τοῦτο
3694 4645 3749 4704 δὲ
3781 4650 3865 4702 καὶ
3891 4648 3912 4696 ὸ

716 4744 808 4799 illo
845 4750 1109 4819 principio
1153 4754 1350 4807 malum
1381 4763 1690 4823 terramque
1738 4753 1965 4808 fecisse:
2015 4768 2123 4821 quo
2151 4767 2273 4804 cum

2396 4747 2678 4819 Ψαλμῳδὸς
2706 4746 2966 4818 ᾐνίττετο,
2997 4745 3226 4819 ὁπηνίκα
3245 4745 3372 4818 περὶ
3401 4742 3492 4796 τοῦ
3521 4740 3734 4812 πρώτου
3762 4740 3911 4792 αἰτίον

712 4837 899 4901 etiam,
938 4839 1098 4893 veluti
1125 4858 1247 4896 cum
1277 4857 1378 4898 suo
1413 4844 1585 4912 ipsius
1616 4857 1678 4898 ac
1706 4845 2068 4915 primogenita
2101 4841 2276 4896 Verbo

2396 4840 2604 4908 ῑιεξιὼν,
2633 4858 2651 4891 ι
2707 4839 2893 4905 Αὐτὸς,
2957 4841 3133 4910 φησιν,
3193 4835 3330 4901 εἰπε,
3392 4834 3484 4890 καὶ
3541 4832 3911 4905 ἐγεννήθησαν·

712 4923 779 4981 de
827 4927 1060 4984 hominis
1096 4938 1468 5000 procreatione
1519 4939 1915 5008 colloquentem
1972 4937 2138 4991 Deum
2192 4936 2275 4990 in-

2396 4933 2537 4996 ιύτὸς
2568 4930 2885 4996 ἐνετείλατο,
2910 4932 3000 4984 καὶ
3025 4929 3367 5011 ἐκτίσθησαν,
3399 4945 3417 4977 ι
3449 4923 3705 4996 ἄντικρυς
3725 4925 3818 4994 τὴν
3836 4919 3913 5011 τοῦ

709 5016 880 5083 ducit,
913 5018 996 5075 his
1023 5021 1219 5085 verbis,
1250 5041 1268 5074 ‹
1307 5025 1554 5096 Dixitque
1595 5027 1738 5082 Deus
1782 5048 1794 5082 :
1849 5028 2134 5083 Faciamus
2166 5013 2266 5081 ho-

2396 5021 2592 5093 τρώτου
2625 5022 2757 5092 πρὸς
2785 5023 2844 5076 τὸ
2874 5022 3120 5092 δεύτερον
3135 5010 3329 5081 αἵτιον,
3363 5014 3436 5077 ὼς
3459 5013 3524 5068 ἂν
3557 5014 3764 5086 Πατρὸς
3794 5010 3914 5081 πρὸς

706 5109 909 5164 minem
948 5111 1012 5165 ad
1041 5113 1326 5182 imaginem
1359 5126 1412 5169 et
1442 5119 1850 5173 similitudinem
1880 5129 2120 5173 nostram
2145 5119 2211 5170 ’³.
2243 5137 2262 5169 ι

707 5196 863 5264 Quod
915 5201 1092 5271 ipsum
1133 5205 1476 5260 adumbravit
1531 5207 1841 5276 Psalmista,
1881 5213 1969 5264 ubi
2001 5213 2066 5265 de
2095 5211 2267 5279 primo

709 5289 975 5361 principio
999 5295 1249 5366 loquens,
1282 5315 1299 5347 ι
1326 5297 1444 5365 ipse
1467 5299 1620 5364 dixit,
1648 5304 1840 5371 inquit,
1865 5314 1918 5357 et
1940 5302 2079 5357 facta
2109 5313 2264 5356 sunt:

707 5378 821 5448 ipse
859 5388 1150 5450 mandavit,
1177 5398 1230 5442 et
1270 5389 1723 5443 creata'sunt".n
1755 5391 1872 5456 Quo
1906 5392 2146 5461 profecto
2187 5390 2267 5442 lo-

704 5473 904 5541 quendi
935 5491 1151 5543 genere,
1181 5479 1415 5534 edictum
1451 5479 1582 5533 illud
1633 5483 2058 5551 mandatumque
2096 5480 2261 5550 signi-

706 5561 852 5628 ﬁcat,
887 5579 996 5636 quo
1016 5570 1252 5637 primum
1287 5573 1616 5643 principium
1657 5586 1780 5625 cum
1815 5574 2072 5640 secundo,
2101 5573 2264 5627 veluti

2377 5116 2522 5178 Υἰὸν,
2566 5114 2802 5182 διάταξίν
2857 5133 2918 5169 τε
2969 5116 3063 5167 καὶ
3103 5108 3497 5181 παρακέλευσιν
3553 5108 3910 5178 ὑφιστάμενος.

2375 5209 2540 5261 Παντὶ
2565 5208 2671 5279 γὰρ
2695 5207 2959 5280 δήπουθεν
2990 5202 3162 5272 δῆλον,
3203 5201 3278 5264 ὡς
3299 5202 3404 5263 πᾶς
3425 5201 3451 5252 6
3483 5200 3655 5269 λέγων
3681 5215 3731 5251 τι
3760 5195 3913 5263 ἑτέρῳ

2373 5303 2536 5370 λέγει,
2568 5303 2660 5355 καὶ
2683 5303 2710 5354 6
2736 5297 3110 5366 ἐντελλόμενος
3141 5293 3308 5364 ἑτέρῳ
3336 5293 3463 5364 παρ’
3491 5293 3678 5346 ἑαυτὸν
3696 5285 3911 5343 ἐντέλλε-

2371 5413 2478 5448 ται.
2515 5390 2878 5465 Διαρρήδην.δ’
2900 5383 2964 5442 αὖ
2990 5391 3017 5440 6
3048 5384 3303 5457 Μωῦσῆς,
3341 5387 3507 5456 ἄμφω
3542 5385 3683 5437 δυοῖν
3723 5390 3909 5450 μνημο-

2370 5488 2536 5541 νεύων
2568 5486 2806 5556 Κυίρίων,
2840 5479 3050 5551 [ἰατρὸς
3081 5478 3276 5552 δηλαδὴ
3311 5480 3404 5534 καὶ
3426 5477 3575 5540 Υἰοῦ,
3608 5468 3709 5529 ὧδέ
3733 5485 3808 5538 πη
3830 5465 3907 5520 ἐπὶ

2368 5582 2464 5650 τῆς
2491 5577 2627 5632 κατὰ
2655 5576 2762 5629 τῶν
2783 5572 2991 5627 ἀσεϐῶν
3011 5574 3276 5644 τιμωρίας
3308 5570 3524 5642 ἱστορεῖ,
3553 5567 3719 5634 λέγων
3739 5579 3753 5593 ·
3771 5579 3792 5613 ι
3814 5559 3910 5612 Καὶ

763 5685 810 5719 ⁶⁶
838 5685 996 5770 Prov.
1037 5705 1155 5770 viri.
1190 5691 1385 5770 22—50.
1460 5691 1661 5770 "__S:_ip.
1697 5711 1768 5760 vr,
1804 5696 1898 5770 24.
1975 5697 2180 5770 “_Sap.
2213 5713 2288 5752 vn

2396 5698 2527 5755 μεθ.
2605 5697 2648 5733 ⁶⁹
2683 5697 2809 5770 Sap.
2847 5712 2974 5762 vm,
3014 5697 3064 5752 1.
3141 5695 3186 5729 ’⁸
3218 5693 3359 5750 Psal.
3389 5707 3497 5760 cn,
3536 5688 3625 5746 20.
3695 5680 3739 5718 ⁶¹¹
3775 5682 3904 5739 Psal.

689 5771 888 5823 cum,
919 5760 967 5814 4.

763 5867 777 5897 ⁸
807 5864 984 5925 Locus
1013 5868 1101 5926 hic
1129 5880 1283 5927 caute
1313 5871 1584 5942 legendus.

1047 5761 1264 5820 "locu.
1296 5781 1332 5830 I,
1365 5768 1412 5818 1.
1494 5766 1537 5796 ⁷⁸
1567 5761 1699 5823 Gen.
1736 5785 1770 5831 ι,
1794 5768 1883 5824 26.
1954 5771 2002 5802 ’⁵
2027 5761 2169 5826 Psal.
2204 5785 2374 5834 xxxii,
2404 5771 2455 5824 9.
