3976 6340
46 582 126 637 549

1185 584 1503 639 ΡΒᾸΞΡΑΒ.
1546 584 1797 641 EVANG.
1839 584 1965 639 LIB.
2009 579 2129 643 VII.

3141 582 3248 650 550

42 692 348 771 γεννημένην
389 701 593 773 ἀρχὴν,
626 701 964 772 πρωτότοκόν
993 720 1052 757 τε
1083 700 1244 758 οὖσαν
1264 709 1357 761 καὶ
1408 725 1584 778 συνερ‹

1695 707 1824 761 illud
1869 714 2133 772 statuunt,
2172 703 2319 774 quod
2370 719 2478 759 non
2532 700 2747 759 aliunde
2798 719 2964 775 quam
3015 720 3081 759 ex
3132 703 3251 773 ipso

46 795 120 862 γὲν
145 794 233 859 τῆς
268 793 361 844 τοῦ
399 794 619 867 Πατρὸς
652 794 866 863 βουλῆς,
895 794 1032 866 πρὸς
1074 797 1233 849 αὐτόν
1271 815 1330 849 τε
1367 799 1589 850 ἀπεικο-

46 884 269 952 visu}.qu
296 883 635 939 διδάσκουσι.
669 886 880 958 Ταύτην
900 888 955 940 δὲ
980 886 1085 940 τῶν
1132 889 1267 958 μετά
1303 887 1471 940 ταῦτα
1500 905 1588 955 γε·

50 974 191 1041 νητῶν
224 974 483 1026 ἀπάντων
534 976 853 1046 πρωτεύειν,
890 979 1015 1047 παρ’
1049 977 1078 1029 δ
1101 978 1192 1030 καὶ
1238 978 1419 1029 είκόνα
1452 977 1584 1030 Θεοῦ

52 1065 203 1133 αὑτὴν,
237 1064 329 1116 καὶ
346 1062 487 1116 Θεοῦ
515 1065 760 1137 δύναμιν,
796 1069 886 1119 καὶ
910 1066 1042 1119 Θεοῦ
1081 1067 1270 1135 σοφίαν
1291 1107 1305 1130 ,
1336 1068 1428 1121 καὶ
1454 1062 1585 1120 Θεοῦ

56 1157 208 1220 Λόγον,
236 1154 322 1207 ναὶ
345 1156 457 1226 μὴν
488 1158 584 1209 καί
603 1158 1035 1229 ἀρχιστράτηγον
1055 1158 1332 1227 δυνάμεως
1362 1158 1585 1229 Κυρίου,

63 1246 257 1317 μεγάλης
290 1262 347 1298 τε
385 1245 588 1317 βουλῆς
614 1248 840 1315 ἄγγελον
864 1248 1153 1302 ἀποκαλεῖν
1180 1249 1421 1304 εἰώθασι.
1476 1251 1587 1313 Τὰς

61 1339 97 1389 ἑὲ
122 1338 236 1406 μετά
272 1338 427 1408 τήνδε
460 1338 563 1409 τὴν
603 1341 777 1411 ἀρχὴν
806 1343 995 1413 νοερὰς
1032 1341 1125 1394 καὶ
1170 1341 1391 1409 λογικὰς
1425 1342 1585 1396 δυνά-

64 1430 222 1497 μειςοὺ
248 1428 447 1493 λεκτάς
469 1427 611 1484 εἶναι
633 1432 914 1502 ἀνθρώπου
937 1432 1116 1500 φύσει,
1140 1433 1232 1485 τοῦ
1258 1450 1316 1484 τε
1350 1432 1586 1502 πλήθους

62 1520 191 1571 ἕνεκα
213 1520 298 1588 τῆς
322 1537 382 1571 τε
414 1523 543 1573 κατ’
567 1517 703 1584 εῑδος
724 1522 1003 1593 διαφορᾶς,
1038 1521 1183 1594 πλὴν
1201 1524 1321 1575 ὅσον
1366 1522 1587 1575 ἐπιϐάλ-

67 1612 157 1665 λειν
180 1613 370 1665 δυνατὸν
395 1616 523 1676 τοῖς
555 1614 988 1685 παραδείγμασιν
1024 1619 1087 1668 ὲκ
1117 1616 1214 1685 τῆς
1244 1615 1351 1667 τῶν
1378 1614 1587 1685 ὁρωμέ-

74 1721 159 1771 νων
182 1703 459 1770 ἀναλογίας,
492 1704 667 1774 ήλίου,
705 1708 801 1758 καὶ
832 1705 1081 1775 σελήνης,
1103 1706 1195 1758 καὶ
1221 1705 1453 1776 ἄστρων,
1491 1703 1586 1756 καὶ

82 1792 201 1845 αὑτοεᾶ
226 1793 276 1863 δή
292 1794 556 1865 ούρανοῦ,
588 1794 731 1847 ἔνδον
750 1797 851 1864 ὑφ’
882 1796 1058 1865 ἑαυτῷ
1082 1795 1149 1847 τά
1167 1794 1452 1865 σύμπαντα
1490 1811 1587 1847 περ

79 1884 361 1953 ριειληφότος.
403 1905 423 1937 ι
465 1886 638 1955 Ι’Ἄλλη
659 1888 766 1956 γὰρ
792 1886 917 1950 δόξα
949 1887 1118 1958 ἡλίου,
1150 1878 1246 1940 καὶ
1282 1886 1411 1956 άλλη
1461 1885 1585 1950 δόξα

72 1971 271 2042 σελήνης,
314 1978 408 2027 καὶ
456 1977 596 2048 ἄλλη
644 1980 772 2047 δόξα
814 1982 1089 2054 ἀστέρων,
1143 2002 1163 2035 ι
1216 1984 1346 2056 φησὶ
1376 1985 1406 2036 ό
1442 1983 1581 2046 θεῖος

66 2062 629 2141 ’ΔπόσοολοςΑἈσ-ιέρα
650 2071 758 2143 γὰρ
781 2051 1001 2144 ἀστέρος
1028 2051 1301 2145 διαφέρειν
1322 2077 1377 2128 ὲν
1397 2074 1575 2145 δόξῃ.»
1614 2051 1657 2106 Β

65 2156 208 2231 Ταύτῃ
231 2179 299 2231 πη
336 2162 635 2231 τοιγαροῦν
664 2165 758 2216 καὶ
788 2164 880 2217 τὸν
910 2166 967 2219 ἐν
1008 2166 1316 2236 ἀσωμάτοις
1348 2166 1438 2219 καὶ
1465 2182 1580 2220 νοε-

70 2247 160 2313 pel:
180 2246 367 2311 οὐσίαις
394 2249 609 2319 κόσμον
629 2249 734 2320 χρὴ
758 2253 916 2313 νοεῖν,
936 2248 1002 2302 τὰ
1036 2248 1212 2301 πάντα
1240 2248 1338 2318 μὲν
1378 2248 1583 2319 ἀθρόως

70 2335 388 2410 ἀπολαϐούσης
410 2340 521 2409 τῆς
565 2340 941 2412 ἀνεκφράστου
992 2339 1087 2392 καὶ
1126 2338 1586 2411 ἀπειρομεγέθους

74 2426 293 2496 δυνάμεως
315 2430 406 2483 τοῦ
437 2430 581 2485 Θεοῦ
625 2431 731 2484 τῶν
762 2430 897 2484 ὅλων
923 2472 939 2497 ,
978 2429 1336 2502 δευτερούσης
1373 2430 1484 2502 (83)
1529 2430 1585 2482 δὲ

78 2520 175 2584 μετὰ
206 2519 287 2572 τὸν
312 2522 535 2594 Πατέρα
576 2523 675 2594 τῆς
714 2521 1107 2593 δημιουργικῆς
1135 2521 1269 2593 ὁμοῦ
1292 2522 1385 2576 καὶ
1418 2536 1585 2590 φωτι-

76 2611 216 2678 ιτικῆς
231 2611 505 2682 δυνάμεως
530 2612 625 2666 τοῦ
666 2612 809 2665 θείου
844 2614 1047 2681 Λόγου·
1082 2611 1162 2664 διὸ
1190 2613 1281 2665 καὶ
1307 2611 1420 2681 φῶς
1452 2611 1585 2681 ἀλη-

68 2696 208 2760 θινὸν,
245 2702 333 2753 καὶ
374 2701 721 2771 δικαιοσύνης
747 2701 897 2771 ἦλιον
937 2701 1207 2773 Ἑϐραίοις
1241 2701 1390 2769 φίλον
1423 2700 1585 2753 αὑτὸν

67 2788 336 2856 ὀνομάζειν
372 2792 637 2862 τρίτηςδὲ
667 2791 767 2861 ήδη
802 2790 939 2861 μετά
966 2792 1063 2861 τὴν
1106 2790 1361 2861 δευτέραν
1400 2790 1585 2843 οὐσίαν

64 2877 109 2926 ὲν
132 2876 272 2949 χώρᾳ
287 2879 503 2951 σελήνης
524 2882 927 2954 καθισταμένης
952 2880 1046 2933 τοῦ
1069 2881 1224 2949 ἁγίου
1252 2880 1582 2949 Πνεύματοςο

64 2967 87 3019 ὃ
109 2972 195 3021 καὶ
218 2970 334 3023 αὐτὸ
360 2975 412 3025 ἐν
433 2975 504 3043 τῇ
526 2972 717 3046 πρώτῃ
740 2954 832 3026 καί
864 2972 1113 3044 βασιλικῇ
1160 2973 1259 3043 τῆς
1302 2971 1408 3024 τῶν
1451 2971 1585 3025 ὅλων

66 3060 212 3131 ἀρχῆς
230 3062 362 3135 ἀξίᾳ,
390 3064 490 3121 καὶ
519 3067 651 3135 τιμῇ
677 3064 1088 3133 καταλέγουσιν,
1141 3065 1219 3127 εἰς
1265 3061 1435 3133 ἀρχὴν
1478 3060 1585 3115 τῶν

72 3153 182 3217 μετά
205 3155 362 3210 ταῦτα
386 3154 666 3225 γενητῶν*
712 3155 855 3223 λέγω
899 3156 957 3210 δὲ
1000 3155 1107 3209 τῶν
1150 3154 1582 3224 ὐποδεδηκότων,

70 3241 244 3312 καὶτῆς
267 3246 385 3316 παρ’
413 3244 579 3299 αὐτοῦ
610 3246 873 3316 χορηγίας
900 3230 1277 3317 ἔπιδεομένων,
1300 3245 1395 3297 καὶ⁸
1422 3242 1584 3297 αὐτοῦ

72 3332 179 3401 πρὸς
199 3334 279 3386 τοῦ
309 3335 414 3388 τῶν
449 3336 587 3388 ὅλων
612 3335 834 3405 ποιητοῦ
880 3329 1373 3407 κατατεταγμένου.
1424 3335 1584 3390 Ἀλλά

75 3422 196 3475 τοῦτο
216 3426 330 3494 μὲν,
363 3428 554 3499 τρίτην
597 3426 791 3497 ἐπέχον
819 3425 915 3497 τὴν
942 3425 1133 3491 -τάξιν,
1174 3428 1284 3488 τοῖς
1312 3425 1577 3496 ὐποδεσηο

81 3513 173 3565 πόσι
192 3515 275 3570 τῶν
296 3519 350 3570 ἐν
374 3518 529 3588 αὐτῷ
559 3517 879 3590 κρειττόνων
920 3516 1197 3587 δυνάμεων
1240 3517 1575 3586 ὲπιχορηγεῐ,

87 3605 133 3655 οὗ
152 3606 366 3676 μήνάλλά
394 3611 491 3663 καὶ
524 3609 904 3681 ἀντιλαμϐάνει
937 3611 1062 3679 παρ’
1092 3609 1278 3679 ἑτέρου
1310 3606 1419 3676 (84)
1462 3624 1575 3669 του,

84 3694 240 3769 ηπαρὶ
270 3702 397 3755 Θεοῦ
424 3704 617 3770 Λόγου,
649 3702 742 3756 τοῦ
765 3701 829 3773 δὴ
858 3703 951 3755 καὶ
988 3700 1243 3771 ἀνωτέρω
1273 3698 1367 3751 καὶ
1400 3699 1580 3770 κρείτ-

74 3804 219 3854 τονος,
246 3793 297 3846 δν
323 3794 383 3866 δὴ
410 3792 747 3865 δευτερεύειν
784 3785 993 3867 εφαμψ
1038 3791 1137 3861 τῆς
1188 3790 1444 3843 ἀνωτάτω
1485 3789 1578 3842 καὶ

71 3878 314 3953 ἀγεννήτου
346 3884 558 3954 φύσεως
586 3883 722 3937 Θεοῦ
760 3881 857 3936 τοῦ
892 3881 1295 3953 τίαμὸασιλέως.
1336 3870 1473 3952 Παρ’
1518 3876 1579 3935 οῦ

69 3972 128 4042 δὴ
152 3975 230 4027 καὶ
247 3979 383 4042 αὐτὸς
407 3974 895 4048 ὲπιχορηγούμενος
922 3975 951 4025 ό
970 3974 1100 4036 Θεὸς
1131 3974 1321 4048 Λόγος.
1346 3974 1440 4027 καὶ
1471 3972 1578 4026 ὥσ-

74 4079 165 4132 περ
189 4064 239 4131 ἐξ
259 4069 425 4121 ἀενάου
458 4068 642 4138 πηγῆς
664 4066 888 4135 θεότητα
918 4062 1418 4132 ἀναϐλαστανούσης
1449 4065 1579 4135 ἀρυ-

66 4146 249 4217 άμενος,
281 4156 379 4218 τοῖς
414 4157 579 4209 πᾶσιν
639 4152 775 4223 ὁμοῦ
802 4152 895 4205 καὶ
924 4151 988 4221 δὴ
1020 4151 1113 4203 καὶ
1155 4150 1302 4220 αὐτῷ
1332 4150 1410 4221 τῷ
1441 4151 1578 4222 ἁγίῳ

69 4236 319 4311 limitum,
349 4244 547 4315 μᾶλλον
575 4245 826 4299 ἁπάντων
850 4241 997 4311 αὐτῷ
1017 4244 1271 4311 προσεχεῖ
1296 4242 1390 4295 καὶ
1418 4244 1578 4310 ὲγγυ-

68 4328 187 4383 τάτω
210 4332 328 4396 bim,
353 4338 474 4399 ταῖς
507 4351 565 4388 τε
596 4334 731 4405 μετά
751 4333 907 4389 τοῦτο
938 4332 1151 4401 νοερσιῖς
1176 4329 1270 4382 καὶ
1294 4327 1466 4390 θείαις
1491 4326 1579 4382 δο-

70 4418 252 4495 νάμεσιν
280 4426 483 4497 ἀθρόως
503 4426 597 4478 καὶ
620 4424 986 4487 ἀνεπιφθόνως
1003 4420 1110 4473 τῶν
1138 4419 1230 4471 τοῦ
1254 4420 1451 4471 οἰκείου
1476 4437 1580 4488 φω-

66 4508 139 4571 τὸς
163 4515 517 4586 μαρμαρυγῶ
545 4514 878 4589 μεταδίδωσι.
914 4511 1024 4583 Τήν
1048 4511 1103 4562 δὲ
1134 4509 1240 4562 τῶν
1273 4509 1406 4561 ὅλων
1446 4508 1576 4575 ἀγέ-

66 4613 191 4667 κτητον
221 4598 650 4674 ἀρχὴν,’ἀγαθῶν
674 4605 924 4658 ἀπάντων
952 4596 1115 4655 οὖσαν
1143 4598 1320 4669 πηγὴν
1342 4639 1357 4663 ,
1389 4596 1577 4667 θεότη-

72 4691 133 4751 to;
157 4710 208 4746 τε
236 4697 324 4747 καὶ
349 4694 490 4765 ζωῆς
510 4694 666 4779 ὁμοῦ,
696 4694 789 4787 καὶ
822 4692 1024 4763 φωτὸς,
1054 4691 1146 4787 καλ.
1175 4688 1576 4787 πάσηςάρετῇς
1611 4733 1654 4787 D

71 4784 225 4849 αἰτίαν,
250 4786 341 4859 καὶ
372 4784 592 4857 πρώτην
612 4801 674 4854 γε
703 4780 863 4837 οὖσαν
894 4782 1001 4859 τῶν
1026 4780 1255 4853 πρώτων
1284 4780 1376 4831 καὶ
1400 4778 1579 4849 ἀρχῶν

66 4872 219 4945 ἀρχὴν,
252 4858 447 4947 μᾶλλον
472 4873 530 4927 δὲ
556 4872 649 4927 καὶ
684 4860 859 4946 ἀρχῆς
890 4858 993 4926 καῖ’
1012 4870 1246 4943 πρώτου,
1270 4870 1361 4921 καὶ
1399 4871 1580 4939 πάσης

68 4963 273 5034 {Ivi-1:25
300 4964 767 5037 naturamaut-1'];
793 4963 1034 5037 ιπινοίας
1059 4961 1308 5014 ἐπέκεινα
1324 5000 1339 5024 ,
1380 4960 1448 5011 τά
1482 4960 1579 5029 μὲν

70 5056 215 5135 πάντα
241 5058 447 5135 ὅσαπερ
461 5035 533 5139 ζὲν
561 5056 817 5127 ἀρρήτοις
836 5036 1101 5131 δυνάμεσι
1148 5050 1465 5121 περιείληφε
1503 5051 1581 5119 τῷ

68 5132 551 5221 τριίηφγεννήμξιτι
576 5146 844 5216 κοινωνεῖν
873 5144 1037 5213 μόνῳ,
1073 5144 1148 5206 ὡς
1178 5142 1243 5195 ἀν
1275 5141 1448 5211 μόνως
1484 5140 1580 5211 οἴῳ

64 5252 108 5287 τε
130 5243 302 5310 χωρεῖν
322 5242 426 5301 ¹καὶ
460 5237 812 5309 ἀτωδέχεσθαι
842 5234 941 5304 τὴν
974 5237 1083 5297 τοῖς
1114 5234 1292 5311 ἀλλοις
1323 5232 1423 5284 οὐκ
1465 5228 1593 5300 laps;

66 5327 166 5397 κτὴν
186 5330 294 5383 οὐδὲ
321 5331 570 5403 χωρητὴν
587 5328 679 5385 τοῦ
702 5326 909 5399 Πατρὸς
928 5324 1036 5377 τῶν
1062 5324 1280 5392 ἀγαθῶν
1302 5321 1576 5392 ἀφθονίαν

1610 3385 1655 3444 C

64 5419 227 5476 τὰδ’ὲν
255 5424 405 5494 μέρει
436 5426 546 5487 τοῖς
583 5421 723 5476 κατά
748 5421 910 5490 μέρος
928 5417 1099 5483 ἀξίοις
1118 5416 1210 5469 διὰ
1236 5417 1333 5486 τῆς
1358 5413 1448 5466 τοῦ
1464 5413 1582 5465 δευ-

63 5512 187 5581 τέρου
216 5513 495 5576 διακονίας
523 5531 583 5566 τε
623 5514 716 5566 καὶ
764 5510 1034 5581 μεσιτείας
1080 5507 1219 5560 κατά
1267 5509 1327 5559 τὸ
1370 5508 1581 5577 ἑκάστῳ

121 5644 158 5676 ’⁸
178 5644 342 5701 l‘Cor.
373 5659 462 5711 xv,
487 5648 575 5702 41.

119 5733 135 5765 ⁸
158 5736 309 5792 Caute
336 5738 471 5809 lege.

247 5848 687 5929 smmum“
701 5854 823 5929 _etc.
857 5846 954 5929 llis
986 5846 1140 5929 plane
1178 5844 1387 5929 gemina
1422 5841 1583 5929 Plato

66 5915 223 5997 scribit
253 5918 619 5999 inferius-gap.
655 5916 791 5999 5M_,
838 5915 1036 5999 quibus
1080 5917 1275 5999 duplex
1302 5915 1574 5999 impietas

66 5982 365 6057 continetur,
406 5990 458 6043 in
488 5982 683 6043 Filium
715 5982 1097 6063 alterihaltera
1143 5982 1196 6041 in
1225 5983 1481 6054 Spiritum
1514 5982 1569 6039 S.

1689 794 1847 849 Patre
1882 795 2144 865 genitum,
2176 794 2418 863 adeoque
2459 794 2881 865 primogenitum
2936 794 3028 859 sit,
3060 794 3247 865 quod-

1688 904 1795 957 que
1819 886 2028 957 paterni
2052 886 2264 940 consilii
2294 901 2357 939 ac
2387 886 2683 943 voluntatis
2710 887 2945 957 adjutor,
2976 886 3243 957 integram

1689 986 1853 1046 atque
1900 977 2194 1046 perfectam
2237 978 2413 1046 ipsius
2496 978 2783 1050 imaginem
2852 978 3069 1034 referat.
3132 976 3247 1034 Hoc

1688 1084 1853 1138 porro
1905 1069 2062 1137 longe
2117 1068 2457 1135 multumque
2506 1068 2668 1123 rebus
2716 1085 2836 1138 qua:
2884 1077 3014 1123 sata:
3058 1077 3245 1138 postea

1688 1168 1839 1227 sunt,
1874 1161 2126 1215 omnibus
2171 1162 2490 1216 antecellere
2519 1176 2533 1213 :
2566 1160 2915 1227 quamobrem
2942 1160 3069 1213 illud
3089 1159 3248 1213 modo

1687 1252 1781 1305 Dei
1809 1252 2122 1321 imaginem,
2146 1252 2309 1307 modo
2347 1252 2437 1306 Dei
2465 1251 2788 1320 potentiam,
2826 1250 2992 1304 modo
3038 1249 3131 1303 Dei
3161 1264 3247 1304 sa—

1686 1342 1966 1413 pientiam,
1996 1342 2158 1396 modo
2182 1341 2276 1397 Dei
2320 1341 2579 1409 Verbum,
2608 1342 2719 1395 imo
2740 1348 2794 1395 et
2821 1355 3095 1394 summum
3125 1338 3235 1393 Do-

1687 1434 1821 1489 mini
1888 1434 2162 1488 exercitus
2227 1435 2628 1503 imperatorem,
2686 1439 2739 1487 et
2797 1432 2976 1501 magni
3032 1431 3245 1485 consilii

1687 1526 1937 1595 angelum
1983 1525 2254 1594 appellare
2303 1514 2498 1579 solent.
2566 1523 2707 1590 Iam,
2756 1540 2877 1594 quae
2918 1523 3243 1593 principium

1689 1616 1822 1670 illud
1880 1610 2287 1683 consequantur
2336 1614 2609 1683 spiritales
2644 1615 3114 1684 intelligentesque
3145 1628 3246 1669 na-

1686 1718 1859 1771 turas,
1890 1707 1976 1761 vel
2025 1707 2097 1760 ob
2128 1718 2319 1759 earum
2353 1704 2781 1768 multitudinem,
2813 1704 2897 1758 vel
2950 1705 3020 1758 ob
3055 1704 3246 1759 forma

1686 1798 1898 1851 varium
1952 1794 2341 1864 multiplexque
2391 1792 2706 1859 discrimen,
2769 1782 3065 1847 humanam
3109 1809 3239 1848 ora-

1687 1889 1886 1943 tionem
1917 1888 2133 1957 assequi
2166 1902 2273 1941 non
2305 1900 2485 1955 posse,
2521 1886 2625 1941 nisi
2654 1895 2919 1955 quantum
2983 1886 3245 1955 exemplis

1686 1979 2010 2049 quibusdam
2064 1977 2230 2048 325
2283 1976 2538 2047 augurari
2572 1984 2627 2030 et
2678 1976 2949 2046 conjicere
2998 1975 3144 2039 licet,
3176 1990 3243 2029 ex

1683 2085 1893 2132 eorum,
1920 2084 2039 2138 quae
2059 2068 2330 2132 videntur,
2362 2067 2465 2121 hoc
2492 2076 2579 2122 est
2622 2068 2775 2134 solis,
2813 2069 2976 2136 lunae,
3005 2068 3244 2123 siderum

1687 2161 1969 2230 ipsiusque
2001 2160 2148 2225 caeli,
2181 2159 2325 2230 quod
2356 2157 2564 2211 ambitu
2622 2173 2724 2213 suo
2767 2168 2963 2213 cuncta
3007 2159 3245 2226 comple-

1687 2253 1873 2318 ctitur,
1910 2252 2157 2321 analogia
2188 2259 2241 2304 et
2264 2249 2672 2317 comparatione
2702 2249 3090 2320 depromptis.¢
3122 2249 3242 2303 Alia

1686 2344 1829 2398 enim
1851 2352 1935 2397 est
1958 2342 2172 2397 claritas
2200 2340 2352 2406 solis,
2396 2341 2497 2394 alia
2526 2341 2687 2404 lunas,
2740 2341 2845 2405 alia
2895 2341 3232 2401 stellarum,»

1688 2436 1862 2505 inquit
1886 2436 2100 2489 divinus
2124 2433 2490 2502 Apostolus";
2504 2431 2684 2487 «stella
2697 2432 2839 2485 enim
2856 2446 2885 2484 a
2904 2432 3054 2486 stella
3068 2431 3247 2485 dilfert

1690 2528 1740 2579 in
1773 2526 1964 2595 gloria.
1990 2544 2010 2577 ι
2046 2522 2213 2578 Nobis
2247 2524 2410 2592 igitur
2453 2523 2617 2577 simili
2658 2530 2937 2591 utcunque
2974 2520 3137 2575 modo
3176 2521 3246 2574 de

1689 2618 2134 2686 incorporearum
2178 2616 2391 2669 illarum
2442 2614 2962 2683 intelligentiumque
3014 2622 3241 2668 natura-

1689 2723 1809 2761 rum
1837 2707 2025 2760 ordine
2073 2706 2447 2759 sentiendum:
2504 2715 2563 2760 ut
2595 2706 2678 2760 vis
2706 2692 2830 2759 'illa'
2865 2704 3085 2773 quidem
3138 2703 3243 2757 im-

1686 2813 1871 2851 mensa
1912 2795 2005 2849 Dei
2059 2796 2427 2865 praepotentis,
2474 2795 2731 2863 omnique
2766 2796 3013 2849 oratione
3043 2794 3241 2862 major,

1685 2887 1971 2943 confertim
2002 2901 2066 2940 ac
2096 2886 2260 2940 simul
2320 2886 2573 2939 universa
2622 2884 3071 2955 comprehendat:
3126 2894 3242 2937 tum

1685 2978 1899 3032 Patrem
1948 2985 2315 3047 consequatur
2342 2975 2504 3031 Verbi
2556 2976 2721 3030 divini
2756 2977 2997 3045 potentia
3053 2976 3071 3006 ⁸
3121 2988 3245 3044 qua:

1685 3063 1897 3140 reliqua
1940 3069 2146 3139 pariter
2185 3077 2240 3123 et
2289 3068 2546 3122 moliatur
2584 3074 2639 3121 et
2680 3067 2932 3132 illustret,
2980 3081 3143 3137 quam
3171 3066 3244 3120 ob

1693 3174 1915 3215 causam
1955 3164 2045 3213 lux
2072 3173 2219 3225 vera,
2246 3167 2300 3213 et
2316 3158 2542 3229 iustitia:
2567 3156 2660 3212 Sol
2692 3160 2760 3213 ab
2793 3156 3033 3213 ﬂehrzeis
3066 3158 3238 3231 nomi-

1685 3249 1804 3302 nari
1832 3249 2219 3303 consueverit.‘
2246 3246 2447 3301 Deinde
2482 3257 2604 3317 post
2627 3248 2919 3301 secundam
2955 3246 3101 3299 illam
3144 3261 3243 3299 na-

1688 3349 1891 3403 turam,
1961 3340 2105 3395 luna
2148 3340 2307 3410 quasi
2356 3338 2500 3403 loco,
2560 3341 2734 3394 sancti
2772 3336 3005 3408 Spiritus
3049 3346 3271 3395 natura.

1684 3430 1959 3495 succedat,
1992 3446 2151 3500 quem
2198 3431 2301 3501 ipsi
2333 3444 2551 3498 quoque
2576 3429 2631 3482 in
2663 3430 2909 3498 principe
2942 3428 3032 3481 illa
3066 3430 3243 3498 regia-

1660 3536 1789 3589 que
1820 3518 1984 3590 hujus
2016 3522 2386 3577 universitatis
2410 3520 2656 3590 principii
2690 3519 2949 3588 dignitate
2966 3518 3243 3587 graduque

1683 3610 2040 3675 constituunt,
2063 3610 2209 3679 quod
2241 3610 2389 3663 illum
2422 3609 2583 3662 etiam
2630 3621 2810 3661 rerum
2854 3620 3063 3670 earum,
3120 3620 3245 3677 qua.

1684 3714 1825 3756 natae
1856 3712 2042 3771 postea
2084 3711 2230 3767 sunt,
2263 3702 2366 3755 hoc
2388 3710 2471 3756 est
2512 3716 2633 3770 qua:
2666 3700 2977 3753 inferiorem
3008 3700 3061 3752 in
3094 3698 3244 3752 ordi-

1683 3809 1807 3848 nem
1834 3784 2171 3863 classemque
2224 3794 2501 3862 conjecta,
2535 3793 2712 3863 ipsius
2741 3808 2842 3860 ope
2884 3806 2947 3845 ac
2998 3792 3243 3861 benigni-

1684 3892 1796 3937 tate
1824 3882 2121 3951 indigeant,
2156 3883 2483 3953 principium
2511 3898 2759 3938 summus
2788 3897 2967 3937 rerum
2998 3883 3238 3937 archite—

1685 3982 1805 4029 ctus
1834 3975 2081 4029 omnium
2120 3990 2242 4031 esse
2278 3974 2535 4030 voluerit.
2580 3972 2751 4029 Porro
2780 3975 2860 4029 sic
2908 3974 2996 4028 ille
3024 3974 3246 4060 tertium

1683 4066 1859 4121 locum
1892 4066 2167 4124 obtinens.
2194 4066 2543 4130 diviniorum,
2570 4064 2768 4135 quibus
2794 4063 3054 4129 abundat,
3074 4062 3243 4117 faculo

1684 4165 1853 4209 tatum
1886 4163 2047 4229 atque
2095 4157 2355 4209 virtutum
2394 4154 2557 4209 rebus
2597 4153 2985 4233 humilioribus
3024 4154 3238 4221 copiam

1682 4246 1830 4312 facit,
1889 4253 1949 4299 ut
1986 4243 2101 4314 ipse
2123 4243 2361 4299 vicissim
2422 4243 2490 4297 ab
2522 4244 2694 4297 altero
2726 4245 2984 4313 quodam,
3021 4243 3124 4297 hoc
3156 4254 3242 4298 est

1683 4352 1717 4391 a
1741 4334 1854 4390 Deo
1893 4332 2093 4399 Verbo,
2127 4348 2255 4388 suas
2281 4347 2413 4403 opes
2446 4333 2698 4403 accipiat,
2726 4348 2886 4403 quem
2922 4332 3084 4401 paulo
3114 4342 3239 4386 ante

1683 4426 1978 4481 secundum
2010 4440 2281 4501 asumma
2327 4426 2416 4479 illa
2465 4424 2561 4480 Dei
2592 4426 2959 4495 praepotentis,
3005 4434 3238 4496 ortuque

1682 4528 1901 4571 carente
1929 4524 2123 4571 natura
2166 4516 2469 4585 posuimus.
2527 4514 2579 4570 Is
2608 4517 2755 4571 enim
2789 4516 2967 4573 Patris
3004 4517 3240 4573 liberali-

1683 4615 1790 4661 tate
1814 4606 1984 4671 dives,
2019 4619 2085 4657 ex
2123 4618 2295 4673 eoque
2345 4612 2599 4674 tanquam
2648 4622 2711 4659 ex
2740 4606 2853 4677 jugi
2908 4608 3240 4677 perennique

1682 4695 1848 4763 fonte,
1880 4696 2020 4750 unde
2044 4696 2299 4749 scaturiat
2324 4696 2601 4761 divinitas,
2636 4698 2913 4761 hauriens,
2947 4714 3071 4752 cum
3110 4698 3235 4751 uni-

1680 4791 1852 4845 versis
1910 4790 2108 4858 pariter
2169 4790 2394 4858 ipsoque
2424 4786 2581 4881 .adeo
2646 4787 2850 4857 Spiritu
2892 4796 3100 4915 racia,
3140 4787 3233 4856 qui

1680 4883 1920 4915 Ληυιῖιηη
1982 4881 2215 4915 movi-nn
2268 4894 2451 4915 comam
2506 4880 2859 4915 mmvimmn-
2910 4894 3011 4915 nnn
3055 4888 3232 4915 ann-In.

1680 4796 1852 4845 versis
1910 4796 2108 4858 pariter
2169 4796 2394 4858 ipsoque
2444 4796 2581 4842 adeo
2646 4796 2850 4857 Spiritu
2892 4796 3100 4949 faex},
3140 4796 3233 4856 qui

1678 4883 1921 4937 omnium
1982 4881 2215 4935 maxime
2268 4874 2452 4934 secum
2506 4880 2859 4948 proximeque
2910 4868 3011 4934 con
3075 4888 3234 4935 nctus

1678 4981 1780 5038 est,
1804 4966 2121 5039 ceterisque
2160 4968 2413 5035 deinceps
2457 4965 2882 5036 intelligentibus
2924 4964 3234 5034 divinisque

1677 5063 1991 5126 virtutibus,
2041 5059 2261 5113 luminis
2294 5056 2379 5111 sui
2430 5057 2610 5111 radios
2661 5056 2869 5123 aﬂ'atim
2918 5058 3235 5129 proliseque

1678 5151 2062 5209 communicat.
2097 5147 2253 5203 Enim
2288 5166 2438 5214 vero,
2482 5147 2807 5222 principium
2846 5147 2977 5202 illud
3012 5150 3233 5204 univer-

1679 5244 1747 5307 si,
1777 5251 1900 5297 ortu
1953 5254 2168 5306 carens,
2214 5239 2524 5309 fontemque
2555 5239 2818 5291 bonorum
2849 5237 3115 5303 omnium,
3145 5239 3235 5292 di-

1677 5324 1937 5397 vinitatis,
1965 5329 2199 5397 vitaeque
2242 5326 2407 5383 simul
2447 5344 2511 5382 ac
2552 5327 2793 5393 luminis,
2825 5335 2879 5380 et
2902 5324 3081 5380 omnis
3110 5339 3232 5379 om-

1678 5424 1807 5476 nino
1863 5421 2087 5475 virtutis
2147 5426 2431 5475 auctorem
2490 5422 2787 5491 primorum
2837 5416 3077 5472 omnium
3112 5415 3230 5482 'pri-

1680 5529 1849 5576 mum,
1931 5510 2432 5583 principiorumque
2498 5513 2845 5583 principium,
2908 5506 2992 5561 vel
3048 5506 3230 5572 potius

1707 5882 1711 5889 .
1748 5841 1855 5909 (84)
1905 5840 2044 5907 Hap‘
2086 5836 2307 5904 ἐτέρου.
2347 5835 2640 5907 Sequentia
2675 5833 2770 5909 τοῦ
2796 5874 2810 5898 ,
2909 5831 3061 5909 παρά
3092 5832 3215 5887 Θεοί

1678 5906 1846 5979 Λόγου
1866 5917 1975 6035 ,det
2016 5912 2269 5965 mendosa
2304 5906 2466 5974 sunt,
2489 5916 2541 5961 et
2574 5906 2804 5962 ascititia
2824 5946 2839 5973 ,
2866 5907 3097 5976 ideoque
3128 5918 3219 5960 ex-

1678 5996 1887 6052 ptmgen
1929 5995 1982 6035 a.
2658 6020 2659 6023 η
