3976 6340
77 324 162 375 533

1250 322 1566 408 meum.
1610 323 1854 383 sva-xc.
1898 327 2022 384 LIB.
2069 330 2175 387 vu.

3186 335 3282 388 ὓῑὶι

68 434 420 505 ρακελεύεται,
454 436 759 504 φάσκουσα⁸
815 458 832 488 ι
857 439 1063 491 Αἰνεῖτε
1112 440 1200 491 τὸν
1255 441 1490 494 Θεὸν’ὲκ
1522 442 1619 494 τῶν

1729 447 1946 514 angelos
1963 459 2078 503 tuos
2095 450 2398 519 spit‘itus,et
2413 452 2689 507 ministros
2719 460 2840 508 tuos
2854 450 3124 506 ﬂammam
3154 451 3287 519 ignis

65 525 304 596 οὐρανῶν,
331 530 543 581 αἰνεῖτε
572 531 730 581 αὑτὸν
757 532 813 583 ὲν
870 534 979 593 τοῖς
1013 532 1269 599 ὑψίστοις.
1303 537 1507 587 Αἰνεῖτε
1533 537 1626 589 αὐ-

67 619 155 677 τόν,
189 618 387 680 πάντες
432 620 662 686 ἄγγελοι
699 621 881 685 αὑτοῦ,
933 625 1125 674 αἰνείτε
1155 624 1334 686 αὑτὸν,
1364 627 1534 678 πᾶσαι
1572 628 1628 678 αἰ

66 708 294 776 δυνάμεις
320 710 516 762 αὑτοῦ.
555 694 761 763 Αἰνεῖτε
795 713 975 776 αὑτὸν,
993 713 1140 782 ἥλιος
1173 716 1265 766 καὶ
1301 716 1514 786 σελήνη,
1545 719 1628 770 αἱ-

68 803 183 851 νεῖτε
212 799 395 866 αὐτὸν,
429 801 618 855 πάντα
644 802 709 854 τὰ
729 802 899 872 ἄστρα
923 804 1014 856 καὶ
1032 804 1091 856 τὸ
1119 807 1248 874 φῶς.
1279 808 1482 859 Αἰνεῖτε
1526 810 1636 860 αὑσ

69 891 158 952 τόν,
184 892 230 942 οἱ
258 893 485 960 οὐρανοὶ
516 893 630 946 τῶν
655 895 912 964 οὐρανῶν,
962 897 1052 948 καὶ
1075 896 1139 949 τά
1172 897 1336 950 ὕδατα
1367 898 1432 950 τὰ
1461 900 1626 971 ὑπερ-

75 982 159 1032 άνω
199 980 300 1032 τῶν
350 983 608 1052 οὐρανῶν
661 985 1024 1039 αἰνεσάτωσαν
1075 985 1134 1037 τὸ
1185 986 1354 1056 ὄνομα
1395 988 1619 1058 Κυρίου.

76 1073 171 1124 Ὅτι
197 1074 354 1135 αὐτὸς
368 1070 528 1140 εἰπε,
567 1077 660 1128 καὶ
687 1078 1068 1147 ἐγεννήθησαψ
1101 1078 1262 1142 αὐτὸς
1301 1080 1620 1142 ἐνετείλατο,

81 1167 147 1216 καὶ
167 1164 513 1234 ἐκτίσθησαν.
551 1168 816 1238 Ἐστησεν
877 1171 1014 1223 αὐτὰ
1043 1172 1121 1232 εἰς
1159 1170 1247 1222 τὸν
1306 1170 1495 1232 αἰῶνα,
1530 1171 1622 1222 καὶ

80 1258 137 1317 εἰς
158 1257 237 1306 τὸν
261 1256 432 1309 αἰῶνα
466 1258 570 1310 τοῦ
627 1261 842 1322 αἰῶνος
872 1261 1267 1331 προστάγματα
1318 1261 1487 1323 ἔθετο,
1528 1263 1621 1313 καὶ

81 1350 127 1399 οὐ
156 1347 597 1420 παρελεύσεται.»
630 1353 862 1404 Τοιαῦτα
887 1351 980 1405 καὶ
1011 1353 1076 1405 τὰ
1097 1353 1248 1422 παρὰ
1281 1353 1387 1405 τῶν
1414 1353 1620 1423 Ἐϐραί-

85 1457 141 1488 ων
164 1438 400 1507 δόγματα,
430 1440 467 1492 ἃ
490 1442 594 1510 τῆς
624 1443 884 1514 Ἑλλήνων
910 1444 1166 1497 πολυθέου
1191 1444 1282 1497 καὶ
1304 1443 1618 1514 δαιμονικῆς

93 1529 259 1596 πλάνης
281 1534 789 1602 προτετιμήκαμεν,
824 1534 969 1597 Θείας
1009 1536 1104 1604 μὲν
1135 1537 1389 1604 δυνάμεις
1416 1537 1618 1605 ὑπηρε-

98 1620 221 1680 τικὰς
247 1619 317 1672 τοῦ
345 1622 745 1689 παμϐασιλέως
775 1623 930 1688 Θεοῦ,
990 1627 1082 1678 καὶ
1138 1626 1511 1695 λειτουργικὰς
1542 1629 1618 1678 εἰ-

104 1709 229 1771 δότες,
248 1711 322 1762 καὶ
345 1712 490 1764 κατὰ
515 1713 577 1765 τὸ
608 1716 879 1785 προσῆκον
908 1716 1189 1786 τιμῶντες,
1228 1718 1384 1787 μόνον
1413 1718 1467 1769 δὲ
1483 1718 1615 1769 Θεὸν

1717 533 1781 587 ⁸⁸.
1807 553 1824 586 ι
1847 533 2029 604 Neque
2060 544 2238 591 tamen
2268 538 2562 599 existimes,
2581 544 2804 588 naturas
2832 535 2951 588 illas
2967 547 3030 586 ex
3055 531 3269 584 mortall

1718 625 1818 678 hoc
1839 635 1892 679 et
1917 635 2130 682 terreno
2152 628 2292 696 igne,
2317 635 2409 679 aut
2428 643 2490 679 ex
2516 626 2686 680 ventis
2709 624 2850 678 aeria
2874 631 2927 676 et
2941 623 3167 677 rationis
3185 638 3269 676 ex-

1716 723 1864 783 perte
1875 716 2175 771 substantia
2193 718 2426 786 praeditis
2441 732 2561 772 esse
2575 703 2853 771 conﬂatas.
2873 715 2976 770 Sed
2998 714 3272 784 quomodo

1721 807 1882 862 Deum
1900 811 2073 879 ipsum
2090 810 2760 881 nuncupare327solent,
2780 809 3006 879 quicum
3030 809 3276 875 incorpo-

1722 913 1924 966 reus,et
1941 905 2006 958 ab
2020 905 2167 958 omni
2187 914 2428 959 secretus
2450 903 2670 957 materia
2691 903 2780 964 sit,
2796 917 2859 956 ac
2877 916 3028 955 mens
3045 916 3139 969 per
3153 915 3272 954 sese

1719 1002 1880 1053 totus.
1893 995 1999 1048 imo
2012 1011 2138 1049 vero
2154 1003 2382 1051 mentem
2395 1009 2604 1050 omnem
2621 1000 2780 1060 atque
2791 993 3052 1045 rationem
3067 999 3275 1044 naturae

1718 1085 2046 1154 perfectione
2079 1088 2369 1148 transiliat,
2405 1085 2782 1155 metaphoricis
2807 1095 2983 1138 tamen
3025 1084 3271 1151 spiritus,

1720 1177 1880 1244 ignis,
1912 1179 2068 1242 lucis,
2091 1188 2251 1246 atque
2285 1179 2405 1232 aliis
2442 1179 2708 1247 ejusmodi
2746 1177 3001 1232 mortales
3025 1176 3076 1228 in
3112 1188 3274 1228 aures

1719 1260 2037 1323 cadentibus
2059 1271 2368 1324 nominibus
2394 1272 2706 1339 appellatur.
2735 1271 2806 1324 Ita
2837 1271 2993 1339 plane
3027 1268 3270 1337 angelos,

1721 1361 2090 1430 archangelns,
2113 1362 2356 1429 spiritus,
2381 1362 2588 1416 divinas
2617 1364 2858 1424 virtutes,
2900 1360 3147 1415 cmlestes
3177 1373 3273 1413 ex-

1720 1441 1922 1494 ercitus
1947 1481 1960 1505 ,
1999 1441 2330 1509 principatus
2357 1481 2372 1503 ,
2408 1442 2662 1503 thronos,
2699 1441 3096 1493 dominationes
3123 1480 3136 1503 ,
3183 1455 3277 1507 pe-

1719 1531 1874 1584 rinde
1906 1541 2069 1601 atque
2100 1531 2306 1584 inﬁnita
2347 1525 2591 1599 quaztlam
2632 1545 2856 1598 seseque
2893 1529 3277 1597 consequentia

1717 1623 1994 1677 stellarum
2027 1639 2089 1677 ac
2122 1624 2385 1676 luminum
2411 1638 2636 1692 genera,
2667 1623 2936 1689 spiritales
2966 1637 3028 1674 ac
3055 1621 3280 1674 rationis

1718 1723 1992 1782 compotes
2039 1723 2298 1775 naturas,
2352 1729 2474 1767 cum
2524 1729 2690 1766 sacrae
2741 1712 2930 1765 litterae
2976 1709 3275 1772 nominant,

101 1798 436 1866 ὁμολογοῦντες,
471 1803 574 1854 καὶ
611 1804 765 1872 μόνον
795 1806 997 1858 ἐκεῖνον
1026 1805 1287 1868 σέϐοντες,
1319 1807 1376 1857 ὃν
1404 1808 1495 1858 καὶ
1518 1807 1612 1857 αύο

1716 1815 1829 1858 tum
1856 1819 1982 1861 vero
2011 1805 2222 1858 eunetis
2247 1805 2469 1873 justitia:
2510 1805 2698 1868 solem,
2728 1804 3075 1872 ejusdemque
3105 1801 3275 1870 geml-

95 1888 163 1949 τὰς
185 1889 400 1958 οὐρανὸς,
434 1894 534 1943 καὶ
567 1893 636 1944 τὰ
666 1893 783 1946 κατ’
807 1894 1032 1963 οὐρανὸν
1058 1896 1288 1957 ἅπαντα,
1315 1895 1382 1947 τά
1411 1913 1469 1947 τε
1494 1896 1612 1946 ἐ.πέ-

96 1996 211 2031 xtth
231 1982 442 2052 ούρανοῦ
481 1984 664 2037 σέϐειν
695 1986 785 2036 καὶ
835 1983 1020 2054 ὑμνεῖν
1055 1988 1146 2038 καὶ
1203 1987 1467 2054 Θεολογεῐν
1501 1987 1607 2038 ἐδι-

93 2069 321 2142 δάχθη-δτι
349 2069 443 2126 καὶ
470 2076 638 2139 αὐτὸς
667 2080 693 2130 ό
724 2078 1028 2147 Μονογενὴς
1058 2078 1150 2130 τοῦ
1181 2079 1312 2131 Θεοῦ
1340 2080 1430 2132 καὶ
1456 2081 1610 2150 Πρω-

93 2163 262 2226 τότοκος
289 2165 388 2215 τῶν
415 2167 581 2228 ὅλων,
615 2169 645 2236 ἡ
681 2168 891 2219 πάντων
935 2168 1094 2238 ἀρχὴ,
1147 2168 1236 2220 τὸν
1284 2171 1448 2222 αὑτοῦ
1501 2171 1610 2223 Πα-

94 2253 191 2322 τέρα
219 2255 358 2322 μόνον
383 2257 638 2325 ἡγεῖσθαι
691 2253 822 2309 Θεὸν
871 2259 1065 2329 ἀληθῆ,
1101 2260 1194 2312 καὶ
1247 2261 1403 2329 μόνον
1433 2262 1607 2314 σέϐειν

100 2345 191 2410 ἡμῖν
215 2347 651 2414 παρακελεύεται.

1717 1913 1844 1950 num
1872 1905 1924 1948 et
1947 1905 2252 1950 consortem
2280 1906 2526 1948 sanetum
2562 1896 2712 1947 illum
2748 1894 3005 1962 Spiritum
3046 1903 3276 1961 praeesse

1717 1996 1880 2054 atque
1930 1987 2197 2054 imperare
2241 1985 2452 2038 docent.
2521 1983 2802 2037 Postremo
2832 1968 3002 2036 simul.
3025 1983 3274 2036 universa

1716 2080 2066 2140 cohortatur,
2107 2086 2168 2130 ut
2217 2092 2338 2130 cum
2390 2077 2577 2129 eodem
2643 2076 2777 2128 Filio
2832 2082 3125 2143 sanctoque
3156 2069 3275 2141 Spi-

1716 2173 1845 2234 ritu,
1881 2171 2152 2238 spiritales
2178 2184 2395 2236 quoque
2427 2178 2480 2221 et
2502 2169 2725 2222 rationis
2761 2168 2993 2236 prmdittn
3028 2167 3274 2220 animan-

1717 2267 1820 2322 tes,
1855 2271 2215 2325 quaecumque
2246 2256 2446 2323 pariter
2497 2259 2548 2308 in
2581 2257 2718 2336 c'mlo
2767 2255 3031 2318 visuntur,
3068 2255 3275 2323 ipsum-

1716 2365 1820 2418 que
1853 2348 1987 2400 adeo
2013 2347 2210 2400 coelum
2234 2388 2246 2408 ,
2278 2361 2505 2414 quaeque
2534 2347 2737 2400 ambitu
2761 2361 2856 2399 suo
2879 2348 3268 2415 comprehensa

100 2445 202 2486 tenet
225 2437 410 2501 omnia,
445 2438 765 2506 praepotenti
802 2441 894 2493 uni
915 2439 1040 2504 Deo,
1070 2457 1387 2511 summoque
1417 2458 1594 2497 rerum
1636 2443 1876 2496 omnium
1914 2439 2021 2508 regi
2054 2452 2116 2491 ac
2177 2437 2402 2505 principi
2433 2475 2447 2499 ,
2501 2445 2926 2502 cunctarumque
2979 2437 3266 2505 principio,

100 2539 302 2593 tanquam
329 2530 584 2595 molitori,
617 2533 929 2598 architecto,
966 2534 1284 2588 moderatori
1323 2550 1386 2589 ae
1448 2538 1708 2590 servatori
1763 2534 2156 2594 universorum,
2225 2530 2634 2583 convenientem
2696 2528 2972 2598 hymnum,
3005 2541 3058 2583 et
3087 2544 3268 2598 prom-

97 2627 209 2678 ptum
237 2635 348 2673 vera
368 2638 429 2675 ex
465 2624 739 2695 theologia
772 2642 989 2680 carmen
1022 2629 1329 2697 conjunctis
1380 2631 1602 2684 vocibus
1644 2629 2006 2689 modulentur,
2039 2627 2123 2680 his
2150 2625 2327 2678 verbis
2359 2641 2371 2675 :
2415 2641 2431 2674 ι
2470 2623 2708 2678 Laudate
2745 2624 2911 2678 Deum
2972 2625 3037 2679 de
3090 2627 3266 2691 cadis,

96 2710 272 2766 laudate
296 2730 404 2769 eum
444 2719 505 2771 in
540 2721 789 2774 excelsis.
835 2719 1068 2776 Laudate
1096 2739 1241 2788 eum,
1282 2739 1470 2779 omnes
1527 2727 1699 2795 angeli
1766 2725 1918 2793 ejus;
1979 2723 2192 2775 laudate
2238 2736 2384 2784 cum,
2441 2735 2630 2773 omnes
2657 2721 2884 2774 virtutes
2910 2721 3046 2789 ejus.
3120 2721 3264 2775 Lati-

94 2806 195 2858 date
218 2822 353 2872 eum,
378 2813 449 2867 Sol
479 2823 535 2866 et
560 2814 684 2867 luna
708 2856 721 2878 ,
766 2815 980 2869 laudate
1025 2832 1148 2870 eum
1170 2855 1187 2880 ,
1237 2834 1425 2872 omnes
1483 2820 1650 2873 stella:
1686 2833 1739 2873 et
1773 2819 1973 2872 lumen.
2017 2815 2257 2869 Laudate
2283 2828 2405 2869 eum
2429 2855 2443 2880 ,
2476 2815 2594 2868 caeli
2654 2816 2946 2882 cmlorum;
2995 2824 3048 2869 et
3089 2831 3263 2887 aqure,

96 2916 193 2968 qua:
228 2919 368 2973 super
409 2910 582 2962 cmlos
633 2919 790 2975 sunt,
840 2910 1059 2964 laudent
1117 2926 1312 2967 nomen
1362 2911 1597 2967 Domini.
1639 2914 1775 2980 Quia
1807 2915 1921 2982 ipse
1967 2913 2135 2975 dixit,
2201 2919 2254 2966 et
2284 2911 2422 2964 facta
2465 2919 2622 2975 sunt;
2682 2911 2794 2978 ipse
2853 2902 3159 2975 mandavit,
3207 2923 3262 2965 et

96 3002 238 3045 creata
264 3006 390 3050 sunt.
427 2998 632 3052 Statuit
674 3015 736 3054 ea
781 3000 834 3052 in
861 3009 1117 3053 :eternum
1142 3041 1156 3066 ,
1191 3011 1242 3054 et
1285 3002 1336 3056 in
1389 3005 1646 3057 szeculum
1685 3002 1867 3058 steculi
1898 3020 1910 3054 :
1945 3009 2266 3070 praeceptum
2315 2999 2512 3067 posuit,
2559 3008 2611 3052 et
2643 3015 2745 3050 non
2800 3002 3090 3068 praeteribit
3121 3003 3188 3056 ".
3236 3022 3252 3051 ι

101 3087 195 3142 Haec
231 3106 316 3145 uas
359 3095 520 3148 etiam
572 3094 916 3149 Hebraeorum
946 3096 1195 3165 dogmata
1242 3100 1603 3167 suscepimus,
1642 3113 1811 3166 eaque
1836 3096 2147 3150 Graecorum
2177 3087 2380 3155 errore,
2418 3095 2510 3160 qui
2569 3093 2793 3145 deorum
2857 3096 3256 3152 multitudinem

100 3183 375 3241 damonibus
400 3190 717 3244 auctoribtis
748 3191 1052 3258 invexerat,
1105 3193 1313 3262 potiora
1352 3193 1626 3247 duximus.
1669 3193 1913 3261 Quippe,
1943 3205 2064 3244 cum
2097 3188 2308 3243 divinas
2356 3188 2617 3256 quasdam
2657 3203 2718 3240 ac
2770 3187 2859 3240 Dei
2910 3192 3258 3258 prmpotentis

105 3274 281 3331 famulas
315 3279 766 3351 administrasque
818 3285 1041 3339 virtutes
1120 3300 1516 3356 agnoscamus,
1576 3300 1639 3338 ac
1677 3300 1834 3340 suum
1859 3283 1925 3336 iis
1954 3281 2269 3350 justumque
2295 3281 2552 3333 honorem
2589 3280 2922 3345 tribuamus;
2972 3291 3082 3335 tum
3132 3300 3257 3345 vero

110 3364 230 3420 Deum
265 3370 399 3424 illum
444 3371 679 3426 fatemur
708 3391 896 3438 unum,
929 3383 1204 3453 unumque
1237 3394 1576 3443 veneramur,
1617 3392 1778 3446 quem
1838 3376 2014 3445 ipsutn
2044 3387 2262 3443 quoque
2284 3371 2502 3436 malum,
2534 3387 2760 3439 quazque
2795 3375 2877 3425 vel
2933 3374 3070 3427 cmlo
3125 3392 3257 3430 con-

115 3457 302 3526 tinentur,
320 3466 394 3519 vel
415 3482 578 3536 supra
604 3468 799 3522 calum
851 3467 1630 3537 versantur,omnia,venerari,
1672 3473 1966 3535 celebrare,
2005 3469 2170 3523 Deum
2217 3469 2529 3537 przcdicare,
2588 3467 2878 3536 testarique
2917 3469 3254 3526 didicerunt:

116 3560 524 3633 enmipsequoque
561 3563 993 3636 DeiUnigenitus
1031 3570 1192 3633 idem,
1239 3571 1551 3624 etomnium
1599 3569 2029 3637 Pritnogenitus,
2068 3581 2361 3634 rerumque
2395 3565 2720 3633 principium
2750 3564 3142 3628 universarum,
3180 3573 3256 3642 uti

112 3646 267 3706 Patrem
286 3670 428 3710 suum
451 3665 505 3710 et
539 3659 711 3711 solum
742 3674 924 3712 verum
958 3676 1076 3714 esse
1116 3662 1282 3716 Deum
1325 3669 1702 3734 agnoScamus,
1744 3669 1803 3714 et
1853 3660 2028 3712 solum
2062 3659 2323 3721 colamus,
2350 3672 2448 3710 sua
2489 3671 2587 3708 nos
2628 3656 2873 3708 oratione
2921 3657 3252 3716 cohortctur.

525 3749 912 3800 ΚΕΦΑΛΑΙΟΝ
956 3751 1070 3815 ις’.
1621 3761 1664 3817 c

289 3837 405 3904 Περί
434 3839 850 3907 ἀντικειμένων
888 3840 996 3910 (85)
1028 3839 1351 3909 δυνάμεων.

165 3920 458 3982 ’Ἐπεταικαὶ
518 3931 778 4002 περὶτῆς
823 3933 1066 3994 ἐναντίας
1119 3933 1416 4002 δυνάμεως,
1472 3936 1591 3988 τίνα

106 4013 210 4063 ποτὲ
230 4016 283 4066 τὰ
311 4019 552 4091 Ἐϐραίων
582 4023 735 4090 λόγια
766 4024 1148 4093 παραδίδωσιν,
1174 4025 1587 4092 ἐπισκέψασθαι.

105 4099 188 4165 Τάς
211 4106 293 4172 μὲν
316 4108 394 4164 οὖν
425 4114 574 4177 Θείας
595 4116 868 4184 δυνάμεις,
893 4118 1117 4186 νεύματι
1149 4115 1247 4168 τοῦ
1279 4118 1488 4187 Πατρὺς
1515 4117 1591 4187 τῷ

106 4189 319 4260 σύμπαντι
354 4204 680 4272 ὲφεστώσαςη
721 4207 927 4277 κόσμῳ,
986 4207 1091 4259 «τά
1145 4223 1203 4258 τε
1254 4206 1592 4276 λειτουργικὰ

107 4285 325 4354 πνεύματα
347 4297 420 4355 εἰς
447 4296 716 4349 διακονίαν
747 4300 1173 4368 ἀποστελλόμενα
1206 4297 1292 4350 διὰ
1317 4300 1440 4360 τοὺς
1465 4299 1589 4369 μέλ-

107 4373 244 4442 λοντας
271 4383 606 4455 κληρονομεῖν
634 4388 958 4456 βασιλείαν,›
1013 4390 1138 4452 τούς
1184 4406 1242 4441 τε
1278 4391 1452 4459 ἱεροὺς
1490 4391 1589 4456 ἀγ-

103 4467 242 4534 γέλους
263 4475 345 4527 τοῦ
365 4477 496 4530 Θεοῦ
519 4480 609 4530 καὶ
640 4482 1024 4550 ἀρχαγγέλους,
1055 4482 1231 4535 πᾶσαν
1262 4499 1319 4532 τε
1345 4482 1442 4550 τὴν
1480 4482 1591 4556 διά-

103 4572 214 4613 κονον
233 4565 322 4619 τῶν
367 4569 580 4636 ἀγαθῶν
628 4573 818 4641 νοερὰν
873 4573 1076 4636 ούσίαν,
1110 4573 1371 4642 φωτεινὴν
1403 4569 1587 4637 οὖσαν,

107 4651 166 4735 tul
197 4655 385 4710 πάντων
446 4660 706 4730 ὑπηρέτιν
751 4661 857 4712 τῶν
895 4666 972 4725 εἰς
1022 4663 1337 4735 ἀνθρώπους
1367 4666 1429 4715 ὲκ
1455 4664 1588 4717 Θεοῦ

103 4733 386 4810 δωρουμένων
421 4749 654 4815 ἀγαθῶν,
685 4749 775 4802 τὸν
805 4733 1146 4819 παμὸασιλέα
1196 4753 1409 4804 πάντων
1440 4753 1591 4822 δορυο

104 4833 236 4894 φθρίῖν
252 4835 385 4889 Θεόν·
400 4841 630 4893 κᾶπειτα
651 4840 757 4892 τῶν
786 4843 903 4894 κατ’
925 4844 1148 4913 οὐρανὸν
1171 4844 1322 4915 δίκην
1356 4843 1587 4914 ἄστρων,

101 4917 162 4969 τὸν
184 4923 306 4991 ἣλιον
341 4932 435 5002 τῆς
463 4935 825 5002 δικαιοσύνης,
862 4936 951 4987 καὶ
989 4936 1047 4987 τὸ
1077 4937 1304 5005 σύζυγον
1329 4936 1474 5005 αὐτῷ
1499 4939 1590 4990 καὶ

104 5007 213 5074 ἅγιον
237 5017 439 5090 Πνεῦμα
471 5027 797 5094 περιπολεῖν,
824 5025 923 5094 τῆς
980 5042 1039 5077 τε
1089 5027 1290 5079 τούτων
1330 5028 1589 5097 χορηγίας

2162 3746 2327 3814 323
2381 3742 2606 3798 CAPUT
2643 3743 2779 3795 xw.

1890 3836 1965 3889 De
1999 3838 2278 3890 contrariis
2306 3835 2720 3902 adversariisque
2752 3834 3046 3888 virtutibus.

1765 3927 1882 3981 Jam
1912 3942 2040 3980 vero
2069 3927 2313 3995 sequitur
2337 3967 2350 3991 ,
2386 3933 2444 3978 ut
2464 3966 2477 3990 ,
2521 3940 2639 3994 quae
2665 3926 2731 3977 de
2764 3925 2956 3978 virtute
2984 3929 3250 3984 contraria

1697 4018 2043 4073 Ilebrreorum
2095 4018 2283 4071 litterae
2336 4017 2716 4085 prodiderunt,
2770 4017 3072 4085 Cujusmodi
3122 4021 3248 4083 sint,

1683 4113 1995 4182 rideamus.
2056 4107 2521 4174 Quemadmodum
2553 4108 2712 4177 igitur
2746 4107 2958 4162 divinas
2990 4110 3107 4165 illas
3138 4113 3250 4164 vir-

1698 4213 1857 4268 tutes,
1888 4217 2007 4269 qum
2032 4201 2228 4254 summi
2260 4199 2433 4253 Patris
2459 4200 2676 4252 numine
2699 4201 2811 4253 orbi
2843 4203 3091 4256 universo
3118 4220 3251 4271 prm-

1697 4291 1892 4355 sident,
1926 4290 2164 4358 adeoque
2193 4307 2209 4338 ι
2249 4289 2738 4343 administratorios
2770 4290 2888 4345 illos
2913 4293 3155 4360 spiritus,
3195 4297 3249 4346 in

1698 4380 2055 4434 ministerium
2087 4380 2319 4442 missos,
2363 4389 2577 4448 pr0pter
2615 4395 2710 4434 eos
2756 4382 2849 4448 qui
2882 4382 3245 4436 hereditatem

1697 4469 2220 4538 capientsaluti53',»
2253 4469 2486 4537 itemque
2514 4483 2698 4522 sacros
2726 4468 2816 4522 Dei
2847 4471 3060 4538 angelos
3087 4480 3247 4537 atque

1697 4553 2070 4628 archangelos,
2103 4567 2355 4612 cunctam
2407 4556 2636 4624 denique
2690 4558 2978 4625 proborum
3013 4559 3245 4611 admini-

1696 4657 1862 4701 stram
1907 4647 2309 4716 spiritalemque
2351 4659 2629 4710 naturam,
2680 4662 2800 4715 qua:
2830 4648 3100 4701 collucens
3131 4650 3246 4716 ipsa

1696 4752 1790 4805 per
1821 4752 1973 4798 sese,
2029 4748 2244 4803 Operam
2293 4750 2504 4804 quoque
2548 4750 2700 4787 suam
2741 4751 2926 4788 eorum
2979 4737 3243 4803 omnium,

1697 4842 1814 4896 qua:
1842 4825 2096 4878 divinitus
2124 4825 2176 4877 in
2209 4826 2454 4878 homines
2475 4825 2785 4878 derivantur
2804 4866 2818 4891 ,
2864 4826 3129 4881 bonorum
3159 4829 3243 4882 di—

1696 4915 1890 4971 visioni
1916 4917 2288 4969 accommodat
2338 4935 2349 4969 :
2396 4917 2626 4984 primum
2659 4917 2871 4985 quidem
2905 4919 3242 4987 praepotentis

1697 5023 1875 5062 rerum
1917 5008 2157 5061 omnium
2205 5009 2539 5077 imperatoris
2584 5009 2750 5064 latera
2797 5013 3240 5079 prtetorianorum

101 5101 165 5151 τθῦ
189 5111 337 5174 φωτὸς
365 5114 668 5178 ἀπολαύειν,
699 5118 778 5170 διὸ
801 5116 893 5171 καὶ
922 5117 1194 5187 φωστῆρσι
1218 5122 1325 5181 τοῖς
1355 5119 1470 5170 κατ’
1499 5119 1590 5170 οὖ·-

1707 5099 1922 5151 militum
1954 5098 2004 5150 in
2041 5113 2245 5152 morem
2278 5099 2510 5166 cingere,
2544 5108 2652 5152 tum
2679 5103 2895 5169 perinde
2918 5116 2979 5154 ac
3006 5101 3242 5153 caelestia

103 5191 218 5255 9“va
240 5201 442 5265 εἰκότως
476 5206 929 5273 παραϐάλλεσθαι.
962 5205 1069 5275 Τὴν
1098 5205 1152 5257 δὲ
1176 5207 1239 5259 ὲκ
1261 5206 1459 5259 τούτων
1490 5223 1584 5258 πα-

105 5292 508 5360 Ριτετραμμένην,
543 5294 635 5346 καὶ
666 5295 765 5364 τῆς
796 5295 902 5347 τῶν
933 5294 1249 5364 κρειττόνων
1281 5297 1493 5365 χορείας
1520 5296 1583 5348 δι’

102 5372 254 5428 οἰκείαν
276 5381 573 5450 φαυλότητα
619 5385 964 5454 στερομένην,
1009 5383 1193 5445 σκότος
1241 5401 1299 5435 τε
1329 5386 1447 5437 ἀντὶ
1474 5404 1585 5454 φω’

102 5458 163 5523 ’ὣς
185 5465 549 5542 ἀλλαξαμένην,
577 5469 857 5541 ἔμπαλινῆ
886 5474 951 5526 τὰ
984 5474 1190 5542 πρῶτα,
1231 5475 1348 5536 ταῖς
1379 5474 1582 5546 ἁρμοτ-

151 5569 439 5637 "Psal.cnt
482 5581 537 5634 Ξ.
610 5579 1115 5647 "Psal.cxum,l.
1190 5578 1576 5649 “Hebnhu.

1691 5187 1931 5258 ηυιεάαηι
1957 5188 2130 5242 sidera
2151 5232 2164 5255 ,
2196 5190 2418 5258 justitize
2449 5191 2638 5256 solem,
2672 5194 2895 5262 ejusque
2936 5200 3239 5244 consortem

1691 5289 1935 5335 sanctum
1969 5278 2225 5347 Spiritum
2255 5281 2492 5346 ambire,
2534 5299 2687 5336 suam
2711 5285 2777 5336 ab
2810 5291 3035 5350 utroque
3065 5282 3242 5336 lucem

1692 5360 1942 5434 haurire,
1976 5384 2038 5423 ac
2070 5370 2296 5438 proinde
2318 5385 2441 5424 cum
2486 5373 2591 5427 illis
2633 5373 2754 5427 οωΙί
2785 5371 2991 5426 facibus
3027 5371 3150 5441 jure
3177 5386 3245 5428 ac

1691 5459 1883 5514 merito
1910 5459 2142 5514 conferri
2168 5461 2381 5516 docent.
2446 5462 2535 5520 Sic
2563 5465 2790 5519 alterum
2824 5462 2954 5518 illud
2983 5463 3230 5518 virtutun‘

153 5702 238 5782 (85)
257 5716 381 5783 Περὶ
403 5717 832 5787 ἀντικειμένων.
870 5715 997 5773 Vide
1022 5721 1195 5775 locum
1227 5722 1574 5791 persimilem,
1615 5765 1619 5776 ι

1707 5733 1876 5793 non“.
1899 5740 2084 5799 evang.
2113 5725 2204 5781 lib.
2241 5742 2313 5797 tv,
2340 5742 2388 5783 c.
2417 5727 2468 5783 9.

319 5808 586 5873 ΡΑτιιοι..
617 5802 744 5872 GI:
769 5812 945 5880 XXI.

2890 5824 2964 5888 18
