3988 6340
691 469 791 523 555

691 781 908 834 remque
933 766 1104 818 lucem
1130 779 1250 817 cum
1285 762 1518 815 tenebris
1556 763 1939 823 commutavit,
1971 759 2241 828 prioribus

693 858 905 924 quidem
929 854 1247 917 contrariis,
1278 853 1367 905 sed
1396 862 1570 905 tamen
1602 867 1722 904 cum
1755 853 1992 919 nequitia
2027 865 2240 903 morum

693 949 929 1015 apprime
954 945 1368 1013 congruentibus
1390 944 1695 997 nominibus
1716 944 2002 1012 appellant.
2031 941 2094 993 Ει
2120 957 2241 994 eum

691 1040 926 1106 quidem,
957 1037 1046 1105 qui
1087 1038 1290 1104 primus
1317 1035 1555 1088 omnium
1605 1035 1788 1102 lapsus
1809 1049 1930 1086 cum
1964 1043 2125 1092 esset,
2163 1047 2244 1085 re-

693 1132 864 1197 liquos
895 1128 1230 1195 postmodum
1285 1127 1338 1178 in
1381 1126 1621 1178 eamdem
1667 1140 1848 1178 secum
1880 1140 1908 1177 a
1933 1125 2244 1178 melioribus

693 1217 1040 1271 defectionem
1076 1223 1328 1274 traxerat,
1362 1215 1501 1281 quod
1533 1214 1601 1266 ab
1655 1214 1742 1267 illa
1789 1214 2092 1267 divinorum
2131 1214 2246 1282 pie-

694 1316 801 1360 tate
833 1308 884 1359 in
917 1316 1087 1359 terras
1133 1305 1354 1358 omnino
1399 1305 1730 1370 corruisset,
1781 1319 1845 1358 ac
1888 1305 2082 1373 partim
2127 1305 2244 1372 ejus

694 1396 911 1460 veneni,
937 1411 1044 1462 quo
1077 1394 1251 1448 scelus
1295 1394 1643 1462 impietasque
1683 1405 1884 1458 scatet,
1916 1407 2103 1448 auctor
2133 1394 2247 1463 ipse

695 1487 796 1540 sibi
831 1502 892 1539 ac
918 1485 1129 1536 molitor
1151 1483 1379 1543 fuisset,
1420 1485 1610 1551 partim
1645 1485 1892 1537 vecordia
1929 1499 2048 1547 sese
2078 1501 2142 1538 ac
2165 1496 2248 1540 te-

698 1575 876 1627 nebris
910 1574 1241 1626 voluntarius
1273 1573 1407 1626 lucis
1435 1573 1679 1626 desertOr
1703 1572 2038 1638 involvisset,
2088 1575 2247 1628 modo

695 1667 980 1717 draconem
1008 1673 1164 1731 atque
1199 1674 1522 1732 serpentem,
1575 1673 1749 1716 atrum
1782 1664 1928 1717 illum
1957 1680 2022 1718 ac
2057 1681 2250 1734 repen-

699 1767 800 1808 tem
829 1756 994 1817 humi,
1038 1755 1354 1822 letlialisque
1391 1755 1577 1807 veneni
1613 1763 1916 1823 parentem,
1955 1757 2116 1810 modo
2150 1773 2248 1811 saa—

696 1863 815 1898 vain
850 1847 1241 1914 immanemque
1271 1846 1459 1910 feram,
1488 1846 1728 1914 adeoque
1755 1847 1964 1902 leonem
1985 1850 2246 1918 sanguine

1307 459 1569 516 EUSEBll
1609 455 2081 514 CESARIENSIS
2119 451 2267 507 OPP.
2310 453 2489 505 PARS
2523 450 2581 504 ll.
2623 480 2690 488 —
2727 443 3226 502 APOLOGETICA.

690 603 878 659 genus,
908 586 1046 650 quod
1080 580 1443 638 transversum
1476 589 1677 644 aetum,
1725 595 1753 632 a
1790 579 2072 632 meliorum
2106 590 2235 629 con-

2349 574 2552 634 ιούσαις
2578 575 2643 642 τῇ
2672 570 2763 623 τοῦ
2806 571 3006 640 τρόπου
3045 566 3309 638 μοχθηρία
3366 562 3754 637 προσηγορίαις
3783 561 3876 613 6w-

692 681 862 732 Stirlio
893 690 986 729 sua
1008 689 1125 730 sese
1141 672 1293 741 culpa
1317 683 1370 726 et
1401 672 1735 740 improbitate
1759 668 2044 730 distraxit,
2090 668 2238 736 prio-
2282 731 2290 742 ι

3784 439 3874 496 556

2344 662 2522 732 μάζει.
2557 663 2658 715 Τὸν
2686 661 2814 727 γοῦν
2842 658 3187 728 κατάρξαντα
3219 657 3318 723 τῆς
3350 652 3627 716 πτώσεως,
3660 651 3807 722 αὐτῷ
3833 669 3880 704 τε

2341 755 2433 806 ml.
2457 753 2658 823 ἑτέροις
2681 753 2778 821 τῆς
2800 751 2906 804 τῶν
2925 749 3242 821 κρειττόνων
3263 746 3588 808 ἀποστασίας
3612 745 3882 814 γενόμενοι»

2341 846 2531 909 αἴτιον,
2564 844 2637 907 ὡς
2666 843 2730 929 ὂρῦ
2759 843 2930 894 διόλου
2961 841 3132 911 χαμαὶ
3154 840 3250 907 τῆς
3277 839 3385 891 τῶν
3416 837 3700 908 θειοτέρων
3745 837 3883 888 εὐσεο

2343 937 2490 999 ϐείας
2518 933 2925 995 ἐκπεπτωκότα,
2957 933 3049 985 καὶ
3095 932 3288 993 κακίας
3323 931 3420 1000 μὲν
3447 929 3547 993 ἰοῦ,
3579 930 3674 982 καί
3716 928 3886 981 δυσσε-
3927 928 3961 1000 |;

2343 1027 2490 1090 ϐείας
2514 1026 2671 1078 αὑτὸν
2701 1024 2849 1094 αὐτῷ
2879 1023 3203 1095 δημιουργὸν
3241 1021 3564 1083 ὑποστάντα,
3586 1021 3808 1081 σκότους
3837 1019 3885 1071 δὲ

2344 1115 2436 1166 καὶ
2465 1113 2685 1182 ἀλογίας
2723 1113 2949 1183 ποιητὴν
2997 1115 3060 1165 ὲκ
3088 1114 3184 1181 τῆς
3207 1111 3299 1164 τοῦ
3333 1112 3506 1180 φωτὸς
3546 1111 3884 1164 αὑθεκουσίου

2342 1206 2737 1278 ἀναχωρήσεως
2764 1203 3043 1272 γεγονότα,
3069 1203 3334 1273 δράκοντα
3366 1203 3458 1256 καὶ
3509 1202 3655 1270 ὅφιν,
3701 1200 3885 1270 μέλανά
3927 1200 3930 1254 ἲ

2342 1311 2401 1347 τε
2433 1295 2525 1346 καὶ
2553 1293 2893 1364 ὲρπυστικὺν,
2921 1293 3000 1344 toi)
3022 1293 3387 1363 θανατηφόρου
3408 1292 3746 1362 γεννητικὸν,
3765 1291 3882 1360 θῆρά
3931 1291 3942 1358 ὲ

2341 1406 2402 1440 τε
2429 1389 2636 1459 ἄγριον,
2671 1389 2764 1440 καὶ
2803 1388 3215 1458 ἀνθρωποϐὁρον
3245 1388 3451 1450 λέοντα,
3483 1387 3578 1439 καὶ
3618 1385 3784 1438 πάλιν
3811 1385 3878 1437 τὸν

2345 1482 2403 1533 ἐν
2433 1482 2675 1551 ἑρπετοῖς
2699 1480 3004 1549 βασιλίσκον
3037 1479 3323 1539 ἀποκαλεῖν
3373 1479 3578 1535 εἴωθεν.
3619 1477 3876 1531 ’Υπόθεσιν
3943 1485 3946 1518 ὲ

2344 1572 2388 1623 δ’
2421 1571 2566 1640 αὺτῷ
2597 1588 2755 1640 φασιν
2777 1574 2823 1623 οἱ
2857 1572 2987 1623 θεῖοι
3027 1572 3172 1638 λόγοι
3200 1570 3476 1638 γεγονέναι
3516 1570 3614 1639 τῆς
3649 1569 3882 1622 άποπτώ·

2349 1681 2482 1726 σεως
2537 1664 2728 1732 μανίαν
2787 1663 2996 1733 φρενῶν
3057 1662 3150 1715 καὶ
3187 1663 3421 1724 διανοίας
3486 1661 3758 1722 ἔκστασιν,
3795 1655 3879 1713 ὧδέ

2349 1770 2462 1814 πως
2485 1753 2619 1821 ὁμοῦ
2651 1752 2749 1824 τὴν
2780 1751 2981 1804 πτῶσιν
3007 1749 3169 1803 αὑτοῦ
3217 1750 3311 1803 καὶ
3341 1750 3436 1821 τὴν
3481 1749 3880 1819 φρενοϐλάϐειαν

2347 1843 2710 1913 διηγούμενοι·
2769 1862 2787 1893 ι
2829 1842 2952 1905 Πῶς
3010 1843 3260 1907 ἐξέπεσεν
3315 1844 3377 1894 ὲκ
3445 1842 3537 1894 τοῦ
3597 1840 3804 1910 οὐρανοῦ
3846 1841 3874 1892 ό

699 1941 931 1990 humano
957 1949 1183 2004 pastum,
1221 1938 1380 1989 modo
1403 1939 1666 2005 reptilium
1707 1939 1866 1992 etiam
1897 1940 2136 1992 omnium
2164 1956 2247 1993 re-

2360 1912 2679 2006 Ἐωσφόρος,
2713 1938 2740 1986 ὁ
2772 1934 2913 2004 πρωῒ
2947 1935 3244 2010 ἀνατέλλων
3269 1952 3283 1998 ;
3319 1934 3613 2003 Συνετρίϐη
3637 1934 3712 1986 ὲπὶ
3735 1932 3822 1999 γῆν
3842 1933 3866 1982 ό

699 2029 879 2096 gulum
929 2028 1205 2080 nominare
1252 2029 1441 2080 solent.
1496 2029 1756 2081 (Ire-terum
1793 2043 1899 2081 non
1938 2031 2096 2082 aliam
2129 2031 2246 2099 ejus

701 2129 806 2170 tam
843 2119 1035 2170 funesti
1076 2119 1257 2185 lapsus
1303 2119 1481 2170 divina
1532 2120 1858 2172 monimenta
1916 2135 2132 2173 causam
2164 2124 2250 2175 ha-

699 2209 843 2273 bent,
891 2225 1050 2276 quam
1100 2209 1336 2264 furorem
1387 2211 1668 2278 quemdam
1703 2211 1890 2274 animi,
1947 2213 2248 2280 mentisque

702 2302 996 2364 vesaniam,
1030 2302 1154 2354 dum
1186 2302 1422 2368 ejusdem
1452 2310 1502 2353 et
1529 2317 1686 2355 casus
1722 2304 2059 2371 gravitatem,
2091 2312 2142 2356 et
2171 2306 2247 2354 in-

701 2394 866 2444 sanire
894 2393 1311 2458 magnitudinem
1345 2393 1412 2444 ita
1445 2404 1839 2461 prosequuntur
1874 2415 1885 2448 :
1919 2414 1936 2445 ι
1967 2395 2250 2460 Quomodo

701 2484 892 2537 cecidit
922 2485 984 2536 de
1015 2485 1151 2537 cmlo
1181 2483 1413 2543 Lucifer,
1456 2485 1546 2552 qui
1582 2500 1736 2536 mane
1765 2486 2072 2538 oriebatur?
2117 2487 2248 2538 Alli-

703 2590 792 2626 sus
829 2575 987 2627 estin
1021 2587 1213 2627 terram
1237 2615 1250 2637 ,
1298 2576 1387 2642 qui
1437 2577 1680 2628 mittebat
1718 2577 1780 2629 ad
1828 2593 2015 2630 omnes
2045 2587 2247 2645 gentes.

703 2663 779 2714 Tn
811 2672 987 2714 autem
1027 2663 1240 2716 dicebas
1274 2664 1323 2713 in
1350 2665 1508 2715 corde
1535 2674 1658 2726 tuo,
1692 2665 1747 2715 In
1779 2665 1973 2716 cmlum
1998 2680 2251 2718 conscen-

701 2753 844 2815 dam,
875 2770 1031 2821 super
1062 2764 1204 2806 astra
1229 2753 1348 2805 εωιὶ
1376 2753 1622 2804 exaltabo
1653 2754 1842 2805 solium
1873 2769 2070 2817 meum,
2092 2754 2253 2822 329

706 2845 894 2897 simits
922 2860 1013 2896 cro
1047 2843 1321 2896 Altissimo
1347 2841 1442 2893 ".i
1474 2841 1535 2893 Et
1562 2858 1769 2907 rursus,
1813 2862 1829 2891 ι
1853 2841 1972 2896 Πιεο
1995 2844 2123 2897 dicit
2152 2844 2253 2896 Do-

704 2937 902 2995 minus,
938 2935 1038 2988 Pro
1062 2950 1124 2988 eo
1148 2935 1288 3003 quod
1322 2935 1613 2987 exaltatum
1645 2943 1729 2987 est
1762 2951 1856 2988 cor
1892 2945 2064 2996 tuum,
2097 2946 2149 2989 et
2175 2937 2254 2988 di-

703 3026 826 3078 xisti
857 3064 868 3083 ,
903 3024 1040 3076 Deus
1077 3038 1173 3091 ego
1200 3029 1317 3075 "sum
1345 3063 1358 3083 ,
1406 3024 1458 3074 in
1494 3023 1766 3075 domicilio
1802 3022 1891 3075 Dei
1943 3025 2197 3077 liabitavi.
2231 3045 2248 3076 ι

703 3117 940 3183 Itemque
974 3134 984 3167 :
1021 3134 1037 3164 ι
1080 3114 1155 3165 Τυ
1188 3114 1520 3181 signaculum
1557 3115 1944 3178 similitmliuis,
1974 3126 2023 3168 et
2055 3131 2252 3170 corona

2348 2025 2687 2078 ἀποστέλλων
2713 2027 2844 2094 πρὸς
2877 2024 3049 2076 πάντα
3076 2025 3142 2076 τά
3193 2023 3336 2093 ἔθνη.
3373 2024 3442 2076 Σὺ
3474 2023 3532 2074 δὲ
3571 2018 3720 2084 εἶπας
3740 2023 3786 2071 ὲν
3807 2020 3864 2088 τῇ

2346 2117 2550 2187 διανοίᾳ
2581 2132 2692 2169 σου·
2720 2116 2811 2178 Εἰς
2836 2117 2925 2167 τὸν
2955 2116 3176 2186 οὐρανὸν
3208 2115 3567 2185 ἀναϐήσομαι,
3596 2112 3873 2166 ὲπάνωτῶν

2349 2205 2558 2275 ἄστρων
2587 2205 2678 2258 τοῦ
2713 2205 2938 2276 οὐρανοῦ
2972 2205 3118 2275 θήσω
3167 2206 3255 2258 τὸν
3307 2205 3488 2275 θρόνον
3531 2221 3652 2272 μου,
3709 2203 3876 2271 ἔσομαι

2347 2298 2526 2366 ὅμοιος
2553 2299 2631 2367 τῷ
2672 2298 2925 2368 ’Υψίστῳ.
2954 2317 2971 2349 ι
3001 2299 3110 2350 Καὶ
3144 2298 3323 2349 πάλιν·
3384 2315 3400 2346 ι
3432 2296 3566 2347 Τάδε
3614 2295 3756 2361 λέγει
3785 2293 3880 2345 Κύ-

2353 2407 2481 2459 ριος·
2527 2391 2663 2441 ’Ᾱνθ’
2697 2384 2769 2442 ῶν
2792 2390 2977 2459 ὑψώθη
3011 2392 3041 2459 ἡ
3070 2391 3261 2460 καρδία
3304 2406 3414 2452 σου,
3452 2389 3543 2441 καὶ
3569 2383 3744 2452 εἶπας·
3767 2386 3880 2448 Θεός

2349 2480 2623 2549 εἰμιὲγὼ,
2658 2480 2933 2533 κατοικίαν
2975 2479 3107 2532 Θεοῦ
3165 2475 3505 2550 κατιρκησαῖ»
3567 2481 3676 2532 Καὶ
3727 2475 3877 2540 αὖθις

2356 2589 2372 2619 ι
2398 2573 2467 2623 Σὺ
2487 2573 2912 2642 ἀποσφράγισμα
2926 2571 3248 2640 ὁμοιώσεως,
3268 2573 3359 2622 καὶ
3377 2571 3632 2638 στέφανος
3656 2570 3880 2633 κάλλους,

2352 2663 2407 2711 ὲν
2436 2663 2500 2730 τῇ
2535 2665 2709 2732 τρυφῇ
2745 2662 2836 2715 τοῦ
2885 2662 3209 2730 παραδείσου
3255 2661 3346 2713 τοῦ
3392 2661 3524 2712 Θεοῦ
3588 2659 3880 2729 ἐγεννήθης.

2353 2755 2524 2807 πάντα
2580 2756 2723 2806 λίθον
2757 2755 2987 2826 χρηστὸν
3042 2753 3352 2813 ὲνδέδεσαι,›
3391 2753 3480 2803 κα)⁵
3515 2752 3581 2804 τὰ
3633 2752 3776 2822 ἑξῆς,
3806 2746 3884 2812 Οἷς

2352 2847 2609 2913 ἐπιλέγει·
2651 2864 2667 2895 ι
2703 2846 2788 2897 Ἐν
2821 2846 2935 2916 ὄρει
2983 2845 3117 2914 ἁγίῳ
3148 2844 3279 2896 Θεοῦ
3315 2842 3622 2913 ἐγεννήθης,
3668 2844 3725 2895 ἐν
3759 2843 3886 2912 μέσῳ

2353 2937 2513 2988 λίθων
2548 2937 2782 3007 πυρίνων
2815 2937 3126 3006 ἐγεννήθης,
3156 2938 3380 3005 ἄμωμος
3417 2937 3478 2987 σὺ
3528 2938 3584 2986 ὲν
3616 2939 3738 2997 ταῖς
3779 2934 3886 3003 ﬂgi-

2355 3045 2474 3098 ραις
2498 3045 2608 3093 σου,
2639 3030 2728 3096 ἀφ’
2751 3026 2816 3098 ἦς
2848 3029 3054 3098 ἡμέρας
3083 3031 3144 3080 σὺ
3185 3027 3452 3096 ὲκτίσθης,
3485 3027 3588 3088 ἕως
3617 3025 3811 3096 εὑρέθη
3833 3024 3882 3076 τὰ

2355 3121 2658 3190 ἀδικήματα
2687 3124 2742 3173 ἐν
2774 3121 2873 3185 σοὶ,
2910 3121 3094 3190 ὑψώθη
3119 3123 3151 3191 ἡ
3175 3121 3367 3190 καρδία
3393 3137 3507 3182 σου,
3560 3120 3650 3171 ἐπὶ
3681 3120 3762 3189 τῷ

708 3207 1154 3276 pulchrittnlinis,
1204 3206 1255 3258 in
1307 3206 1511 3258 deliciis
1563 3207 1795 3274 paradisi
1843 3207 1934 3260 Dei
1977 3217 2132 3260 natus
2172 3225 2249 3274 es,

2354 3213 2434 3264 λει
2468 3229 2581 3270 σου,
2613 3211 2870 3280 διεφθάρη
2905 3213 3236 3280 ἡέπιστήμη
3257 3228 3346 3261 σου
3373 3208 3504 3279 μετά
3530 3208 3625 3260 τοῦ
3657 3207 3878 3266 κάλλους·

705 3317 916 3353 omnem
970 3301 1195 3367 lapidem
1245 3301 1537 3366 pretiosum
1594 3300 1811 3353 indutus
1856 3316 1942 3365 cs;
1981 3320 1999 3351 ›
2058 3313 2109 3354 et
2137 3303 2254 3355 reli-

705 3408 831 3458 qua.
903 3390 1077 3442 Tum:
1115 3410 1131 3440 ι
1170 3391 1226 3441 1η
1270 3398 1448 3442 monte
1496 3398 1680 3443 saneto
1725 3389 1812 3443 Dei
1875 3401 2033 3445 natus
2071 3409 2161 3454 es,
2200 3394 2252 3445 in

708 3479 880 3532 medio
927 3479 1160 3546 lapidum
1208 3479 1482 3545 igncorum
1529 3487 1685 3530 natus
1712 3493 1791 3532 es.
1846 3478 1923 3532 Tu
1961 3482 2165 3549 integer
2198 3482 2250 3534 in

706 3571 894 3624 diebus
931 3573 1058 3633 tuis,
1091 3585 1154 3624 ex
1183 3570 1287 3632 die,
1329 3585 1434 3638 quo
1481 3579 1535 3622 tu
1586 3580 1796 3625 creatus
1827 3587 1918 3634 es,
1961 3573 2129 3625 donec
2172 3571 2254 3624 in-

706 3673 874 3715 ventae
899 3673 1021 3715 sunt
1053 3663 1358 3730 iniquitates
1385 3665 1435 3714 in
1465 3663 1837 3725 te,exaltatum
1866 3673 2054 3717 estcor
2079 3672 2250 3725 tuum,

709 3754 778 3808 ob
811 3753 1256 3820 pulchritudinem
1294 3763 1472 3817 tuam,
1523 3763 1773 3820 corrupta
1804 3762 1885 3807 est
1912 3754 2132 3807 scientia
2164 3762 2251 3806 tua

706 3861 829 3899 cum
858 3843 1284 3912 pulchritudine;
1329 3852 1544 3910 propter
1590 3844 1983 3897 multitudinem
2014 3855 2254 3912 peccato-

707 3950 825 3987 rum
858 3945 1093 3994 tuorum,
1150 3933 1200 3985 in
1255 3941 1447 3986 terram
1477 3933 1673 4001 projeci
1703 3943 1770 3987 te.
1812 3953 1829 3985 ι
1891 3934 2006 3999 Qua
2033 3951 2097 3988 ex
2127 3950 2250 3988 ora-

707 4030 851 4079 tione
884 4027 1035 4094 plaue
1065 4025 1409 4093 intelligimus
1433 4064 1445 4088 ,
1496 4039 1618 4077 eum
1644 4065 1658 4089 ,
1692 4024 1756 4076 de
1799 4039 1907 4092 quo
1949 4040 2250 4078 sermonem

711 4115 1062 4178 instituimus,
1098 4130 1219 4168 cum
1244 4114 1598 4167 divinioribus
1641 4114 1743 4167 illis
1783 4116 2069 4168 virtutibus
2098 4126 2251 4168 antea

708 4209 963 4260 societate
993 4207 1368 4274 conjunctum,
1415 4215 1597 4275 postea
1645 4210 2022 4261 communione
2052 4209 2253 4261 fructu-

715 4312 810 4365 que
839 4297 1141 4359 meliorum,
1161 4312 1256 4348 sua
1284 4297 1448 4364 ipsius
1482 4302 1783 4366 arrogantia
1817 4309 1975 4367 atque
2008 4299 2060 4352 in
2086 4299 2252 4353 Deum

707 4385 997 4437 rebellione
1030 4384 1271 4437 funditus
1303 4386 1584 4439 excidisse.
1622 4387 1883 4441 Praeterea
1911 4390 2010 4442 sub
2037 4391 2140 4443 isto
2170 4390 2254 4442 in-

708 4477 1052 4530 numerabilis
1097 4479 1339 4545 quzedam
1372 4479 1596 4531 aliorum
1644 4490 1696 4532 et
1748 4481 1955 4559 infinita
1983 4484 2126 4536 natio
2149 4493 2249 4548 est,

2353 3301 2437 3353 διὰ
2469 3301 2667 3368 πλῆθος
2696 3299 2973 3369 ἁμαρτιῶν
3001 3317 3112 3361 σου,
3149 3301 3238 3350 ἐπὶ
3283 3299 3377 3368 τὴν
3408 3299 3508 3368 γῆν
3563 3296 3765 3367 Eppude
3795 3311 3886 3345 σε.»

2353 3392 2450 3444 Διά
2479 3393 2540 3461 δὴ
2570 3393 2767 3443 τούτων
2799 3392 3050 3460 ἄντικρυς
3073 3393 3167 3461 τὴν
3202 3392 3337 3460 μετὰ
3364 3391 3469 3443 τῶν
3513 3390 3798 3460 θειοτέρων
3819 3387 3889 3437 δυ-

2353 3483 2565 3551 νάμεων
2593 3483 2856 3553 προτέραν
2887 3483 2977 3534 τοῦ
3010 3482 3331 3552 δηλουμένου
3363 3481 3659 3552 διατριϐὴν,
3689 3482 3782 3532 καὶ

2353 3573 2458 3625 ἀπὸ
2477 3574 2582 3625 τῶν
2608 3574 2921 3643 κρειττόνων
2943 3573 3005 3625 δι’
3028 3575 3229 3625 οἰκείαν
3265 3571 3646 3642 μεγαλαυχίαν,
3671 3573 3764 3624 καὶ
3790 3570 3891 3622 θεο-

2357 3665 2552 3733 μαχίαν
2583 3666 2890 3717 ἀπόπτωσιν
2954 3665 3361 3736 μεμαθήκαμεν.
3393 3665 3601 3732 Μυρίον
3655 3662 3710 3715 δέ
3762 3662 3893 3713 ἐστιν

2353 3753 2476 3806 ἄλλο
2503 3754 2654 3820 γένος
2709 3755 2811 3807 ὑπὸ
2857 3755 3045 3824 τούτῳ.
3103 3759 3214 3816 τοῖς
3277 3754 3673 3826 παραπλησίοις
3723 3754 3894 3822 ἔνοχον

2356 3846 2827 3916 πλημμελήμασιν,
2857 3848 2883 3898 ὃ
2909 3848 3006 3915 τῆς
3047 3846 3357 3908 δυσσεϐείας
3402 3847 3578 3915 χάριν,
3637 3845 3738 3914 τῆς
3796 3845 3896 3896 τῶν

2354 3937 2586 3988 εὐσεϐῶν
2615 3939 2883 3990 ἁποπεσὸν
2908 3938 3125 4007 λήξεως,
3146 3938 3261 3988 ἀντὶ
3281 3940 3375 4009 τῆς
3400 3938 3564 3991 πάλαι
3585 3937 3894 4005 φωτοειδοῦς

2353 4028 2443 4078 καὶ
2471 4025 2741 4096 θειοτέρας
2788 4029 3092 4098 περιϐολῆς,
3129 4030 3223 4097 τῆς
3251 4046 3308 4080 τε
3361 4031 3416 4081 ὲν
3471 4031 3580 4091 τοῖς
3623 4027 3893 4097 βασιλείοις

2351 4116 2516 4185 τιμῆς
2570 4119 2661 4168 καὶ
2707 4118 2803 4186 τῆς
2831 4120 2886 4169 ἐν
2914 4120 3198 4189 μακαρίοις
3235 4121 3323 4171 καὶ
3371 4120 3673 4187 άγγελικοῖς
3717 4119 3887 4186 χοροῖς

2353 4208 2648 4278 διατριϐῆς,
2701 4211 2789 4261 τὸν
2841 4211 3211 4281 ἐφαρμόζοντα
3259 4215 3368 4274 τοῖς
3395 4211 3665 4263 δυσσεϐέσι
3693 4209 3879 4279 χῶρον,

2354 4299 2527 4369 κρίσει
2564 4301 2764 4374 δικαία,
2801 4303 2892 4352 καὶ
2919 4303 3186 4370 ἀποφάσει
3222 4305 3314 4355 τοῦ
3343 4305 3572 4374 μεγάλου
3598 4305 3716 4356 θεοῦ
3747 4304 3889 4371 Τάρ-

2353 4406 2512 4458 ταρον
2542 4393 2733 4454 οἰκεῖν,
2786 4393 2842 4443 ὃν
2877 4393 3109 4445 ἄϐυσσον
3164 4395 3210 4446 οἱ
3251 4395 3378 4447 θεῖοι
3437 4397 3582 4464 λόγοι
3637 4413 3894 4467 προσαγο-

2357 4479 2588 4548 ρεύουσι,
2611 4484 2702 4534 καὶ
2736 4481 2920 4545 σκότος
2948 4485 3007 4536 οὺ
3039 4485 3098 4536 τὸ
3149 4487 3273 4555 παρ’
3311 4489 3460 4556 ἡμῖν,
3513 4488 3572 4540 τὸ
3594 4487 3636 4539 δ’
3664 4488 3766 4540 ὑπὸ
3794 4487 3893 4538 τῶν

705 4569 961 4622 similium
1010 4569 1292 4630 criminum
1347 4585 1452 4632 rea,
1497 4585 1614 4637 qua
1658 4583 1872 4638 propter
1924 4574 2247 4641 impietatem

2353 4567 2508 4620 θείων
2528 4570 2719 4638 λογίων
2745 4572 3085 4641 δηλούμενον,
3108 4575 3610 4646 ἀντικατηλλάξατο.
3635 4574 3733 4629 Ὧν
3770 4577 3891 4646 βρα-

707 4669 849 4711 sortc
877 4661 1083 4727 piorum
1116 4660 1351 4721 exclusa,
1381 4657 1716 4727 splendidum
1748 4661 1875 4714 illud
1904 4663 2252 4732 divinumque

707 4751 1059 4812 domicilium,
1084 4765 1331 4818 eamque,
1361 4765 1462 4816 qua
1490 4752 1540 4802 in
1565 4753 1710 4819 regia
1749 4752 2044 4816 fruebatur,
2073 4755 2248 4821 digni-

704 4847 866 4890 tatem
907 4855 966 4890 ac
992 4838 1195 4892 felicem
1246 4838 1607 4905 angelicorum
1641 4851 1875 4894 emtuum
1916 4843 2246 4906 societatem,

706 4943 828 4980 cum
869 4928 1090 4981 Tartaro
1135 4931 1408 4983 sceleratis
1451 4931 1699 4984 omnibus
1732 4932 2020 4987 admodum
2052 4950 2250 4986 conve-

706 5019 883 5070 niente.
931 5018 1081 5082 loco,
1121 5021 1421 5088 aequissima
1468 5020 1555 5073 Dei
1607 5023 1948 5089 prmpotcntis
1987 5025 2247 5078 sententia

702 5109 1012 5176 judicioque
1044 5112 1389 5163 commutavit
1418 5127 1608 5180 :quem
1635 5112 1808 5164 l0cum
1844 5115 2036 5168 divinre
2063 5117 2252 5168 litterae

706 5204 958 5271 abyssum
995 5217 1053 5254 ac
1084 5202 1330 5254 tenebras
1377 5203 1641 5271 appellare
1682 5204 1888 5268 solent,
1927 5221 2032 5258 non
2071 5207 2249 5273 qualia

707 5304 883 5346 tamen
919 5303 1142 5360 utraque
1190 5294 1326 5360 apud
1373 5310 1469 5347 nos
1515 5273 1870 5364 appellatione
1904 5297 2245 5360 denotantur,

709 5383 798 5434 sed
834 5384 1129 5448 ejusmodi,
1184 5399 1300 5450 qua:
1349 5384 1586 5437 divinum
1630 5385 1908 5437 oraculum
1943 5387 2042 5440 hac
2078 5389 2251 5440 nomi—

709 5485 835 5522 num
873 5474 1216 5528 similitudine
1249 5484 1606 5540 repraesentat.
1642 5477 1759 5540 Quo
1785 5491 1849 5527 ex
1878 5491 2101 5529 numero
2130 5494 2251 5545 pars

709 5565 967 5628 quamiam
1001 5566 1211 5633 exigua,
1263 5582 1380 5633 qua:
1407 5568 1614 5633 pictatis
1661 5568 1873 5619 athletis
1915 5570 2132 5621 materia
2163 5584 2248 5622 se-

711 5667 905 5718 gesquc
937 5652 1142 5708 virtutis
1174 5667 1333 5720 esset,
1360 5658 1500 5709 circa
1533 5665 1735 5723 terras,
1767 5657 1997 5727 lunaque
2025 5655 2245 5713 inferio-

781 5803 816 5834 ⁵⁵
845 5804 1066 5856 Ιπιιλιιιν.

2349 4658 2414 4725 χύ
2435 4676 2485 4710 τι
2515 4663 2606 4712 καὶ
2639 4663 2827 4730 μικρὸν
2882 4663 3233 4733 ἀπόσπασμα,
3266 4669 3563 4735 γυμνασίου
3593 4668 3749 4738 χάριν
3797 4669 3896 4721 τῶν

2351 4750 2623 4814 εὐσεϐείας
2668 4752 2908 4820 ἀθλητῶν
2946 4755 3085 4823 ἀμφὶ
3145 4758 3243 4824 γῆν
3278 4759 3369 4809 καὶ
3421 4758 3508 4810 τὸν
3535 4759 3637 4810 ὑπὸ
3677 4759 3896 4831 σελήνην

2349 4845 2504 4912 ἀέρα,
2529 4843 2900 4911 καταλειφθὲν,
2931 4846 3028 4913 τῆς
3059 4849 3113 4898 ὲν
3141 4847 3439 4917 ἀνθρώποις
3473 4847 3726 4900 πολυθέου
3771 4851 3899 4903 πλά-

2350 4953 2442 5003 νης
2468 4938 2585 4988 κατ’
2614 4934 2761 4987 οὐδὲν
2787 4935 3070 5006 ἀθεότητος
3095 4937 3446 5009 διαφερούσης
3502 4941 3768 4994 συναίτιον
3807 4943 3898 5008 γέο

2348 5045 2488 5093 γονε.
2511 5028 2750 5079 Τέθειται
2776 5027 2830 5079 δὲ
2854 5029 2945 5080 καὶ
2965 5030 3168 5092 τούτοις
3190 5034 3220 5100 ἡ
3239 5030 3354 5083 θεία
3384 5032 3570 5103 Γραφὴ
3606 5036 3899 5103 προσφυεῖς

2348 5120 2444 5180 τὰς
2480 5119 2858 5187 προσηγορίας,
2884 5121 3206 5190 γυμνότερον
3231 5122 3347 5188 μὲν,
3375 5123 3460 5174 ὅτε
3495 5124 3778 5194 πνεύματα
3804 5141 3900 5174 πο-

2349 5210 2486 5280 νηρά
2513 5211 2605 5261 καὶ
2634 5209 2904 5278 δαίμονας,
2938 5212 3106 5282 ἀρχάς
3139 5228 3195 5262 τε
3227 5215 3318 5265 καὶ
3371 5214 3641 5277 ἐξουσίας,
3680 5214 3776 5267 καὶ
3808 5231 3898 5268 κο-

2351 5300 2741 5370 σμοκράτορας,
2768 5305 2859 5354 καὶ
2879 5303 3212 5370 πνευματικά
3267 5306 3522 5375 πονηρίας
3552 5306 3877 5374 ἐπονομάζει

2353 5392 2685 5459 συμϐολικῶς
2711 5393 2784 5454 δὲ,
2811 5395 2896 5445 ὅτε
2946 5393 3275 5464 τὸνθεοφιλῆ
3313 5399 3569 5466 παρορμᾷ
3623 5396 3787 5466 μηδὲν
3816 5397 3900 5450 δε-

2349 5482 2613 5535 δίττεσθαι
2648 5483 2705 5535 τὸ
2731 5485 2836 5535 τῶν
2868 5484 3132 5552 πολεμίων
3180 5485 3442 5555 δαιμόνων
3477 5472 3683 5554 στῖφος,
3733 5489 3804 5540 δι’
3828 5482 3900 5541 ὧν

2353 5591 2568 5642 φησιν’(
2605 5575 2718 5626 Ἐπ’
2736 5574 2932 5627 ἀσπίδα
2951 5569 3040 5627 καὶ
3061 5574 3378 5642 βασιλίσκον
3408 5577 3660 5648 ὲπιϐήση,
3687 5581 3778 5632 καὶ
3811 5597 3902 5632 κα·

2351 5665 2676 5734 ταπατὴσεις
2705 5664 2886 5720 λέοντα
2915 5668 3004 5720 καὶ
3035 5667 3346 5736 δράκοντα.»
3380 5671 3581 5741 Δεῖγμα
3614 5670 3667 5723 δὲ
3696 5671 3904 5724 τούτων
