  <div class='ocr_page' id='page_1' title='image "/cluster/home/n/w/nwhite01/storage/ocr_20150623/21/pst.000004029076/287.png"; bbox 0 0 3988 6340; ppageno 0'>
   <div class='ocr_carea' id='block_1_1' title="bbox 736 440 3905 500">
    <p class='ocr_par' dir='ltr' id='par_1_1' title="bbox 736 440 3905 500">
     <span class='ocr_line' id='line_1_1' title="bbox 736 440 3905 500; baseline -0.002 0"><span class='ocrx_word' id='word_1_1' title='bbox 736 445 838 500; x_wconf 71' lang='lat'><strong>559</strong></span> <span class='ocrx_word' id='word_1_2' title='bbox 1366 441 1631 497; x_wconf 85' lang='lat' dir='ltr'><strong>EUSEBll</strong></span> <span class='ocrx_word' id='word_1_3' title='bbox 1679 440 2143 498; x_wconf 64' lang='lat' dir='ltr'><strong>CAESARIENSIS</strong></span> <span class='ocrx_word' id='word_1_4' title='bbox 2183 441 2331 496; x_wconf 86' lang='lat' dir='ltr'><strong>OPP.</strong></span> <span class='ocrx_word' id='word_1_5' title='bbox 2375 441 2554 495; x_wconf 82' lang='lat' dir='ltr'><strong>PARS</strong></span> <span class='ocrx_word' id='word_1_6' title='bbox 2588 440 2653 495; x_wconf 89' lang='lat' dir='ltr'><strong>ll.</strong></span> <span class='ocrx_word' id='word_1_7' title='bbox 2695 473 2762 485; x_wconf 86' lang='lat'><strong>-—</strong></span> <span class='ocrx_word' id='word_1_8' title='bbox 2802 441 3303 498; x_wconf 81' lang='lat' dir='ltr'><strong>APULOGETICA.</strong></span> <span class='ocrx_word' id='word_1_9' title='bbox 3831 443 3905 495; x_wconf 75' lang='lat'><strong>500</strong></span> 
     </span>
    </p>
   </div>
   <div class='ocr_carea' id='block_1_2' title="bbox 727 559 2302 634">
    <p class='ocr_par' dir='ltr' id='par_1_2' title="bbox 727 559 2302 633">
     <span class='ocr_line' id='line_1_2' title="bbox 727 559 2302 633; baseline -0.001 -16"><span class='ocrx_word' id='word_1_10' title='bbox 727 570 878 624; x_wconf 71' lang='lat' dir='ltr'><strong>caue,</strong></span> <span class='ocrx_word' id='word_1_11' title='bbox 915 561 1131 631; x_wconf 81' lang='lat' dir='ltr'><strong>dignum</strong></span> <span class='ocrx_word' id='word_1_12' title='bbox 1168 561 1213 614; x_wconf 88' lang='lat' dir='ltr'><strong>ei</strong></span> <span class='ocrx_word' id='word_1_13' title='bbox 1245 561 1542 628; x_wconf 82' lang='lat' dir='ltr'><strong>conjunctis</strong></span> <span class='ocrx_word' id='word_1_14' title='bbox 1573 576 1791 615; x_wconf 83' lang='lat' dir='ltr'><strong>VOCIDUS</strong></span> <span class='ocrx_word' id='word_1_15' title='bbox 1843 559 2096 630; x_wconf 86' lang='lat' dir='ltr'><strong>hymnum</strong></span> <span class='ocrx_word' id='word_1_16' title='bbox 2131 563 2267 615; x_wconf 87' lang='lat' dir='ltr'><strong>cele-</strong></span> <span class='ocrx_word' id='word_1_17' title='bbox 2299 627 2302 633; x_wconf 7' lang='grc' dir='ltr'><strong>γ</strong></span> 
     </span>
    </p>
   </div>
   <div class='ocr_carea' id='block_1_3' title="bbox 2391 559 3966 634">
    <p class='ocr_par' dir='ltr' id='par_1_3' title="bbox 2391 559 3946 634">
     <span class='ocr_line' id='line_1_3' title="bbox 2391 559 3946 634; baseline 0.001 -20"><span class='ocrx_word' id='word_1_18' title='bbox 2391 563 2490 631; x_wconf 61' lang='grc' dir='ltr'>τῆς,</span> <span class='ocrx_word' id='word_1_19' title='bbox 2521 563 2612 614; x_wconf 73' lang='grc' dir='ltr'><strong>καὶ</strong></span> <span class='ocrx_word' id='word_1_20' title='bbox 2640 562 2833 614; x_wconf 74' lang='grc' dir='ltr'>ἔπλασε</span> <span class='ocrx_word' id='word_1_21' title='bbox 2855 564 2944 614; x_wconf 79' lang='grc' dir='ltr'><strong>τὸν</strong></span> <span class='ocrx_word' id='word_1_22' title='bbox 2971 563 3263 634; x_wconf 81' lang='grc' dir='ltr'>ἄνθρωπον,</span> <span class='ocrx_word' id='word_1_23' title='bbox 3289 565 3382 614; x_wconf 72' lang='grc' dir='ltr'><strong>καὶ</strong></span> <span class='ocrx_word' id='word_1_24' title='bbox 3410 561 3743 630; x_wconf 70' lang='grc' dir='ltr'><strong>ἐνεφύσησεν</strong></span> <span class='ocrx_word' id='word_1_25' title='bbox 3769 563 3832 621; x_wconf 83' lang='grc' dir='ltr'><strong>εἰς</strong></span> <span class='ocrx_word' id='word_1_26' title='bbox 3864 567 3904 616; x_wconf 76' lang='grc' dir='ltr'><strong>τὸ</strong></span> <span class='ocrx_word' id='word_1_27' title='bbox 3935 559 3946 634; x_wconf 63' lang='lat' dir='ltr'><strong>j</strong></span> 
     </span>
    </p>
   </div>
   <div class='ocr_carea' id='block_1_4' title="bbox 729 635 2304 748">
    <p class='ocr_par' dir='ltr' id='par_1_4' title="bbox 729 635 2276 721">
     <span class='ocr_line' id='line_1_4' title="bbox 729 635 2276 721; baseline 0.001 -17"><span class='ocrx_word' id='word_1_28' title='bbox 729 652 964 704; x_wconf 73' lang='lat' dir='ltr'><strong>lirarent.</strong></span> <span class='ocrx_word' id='word_1_29' title='bbox 1018 651 1192 716; x_wconf 88' lang='lat' dir='ltr'><strong>Atque</strong></span> <span class='ocrx_word' id='word_1_30' title='bbox 1226 653 1296 704; x_wconf 90' lang='lat' dir='ltr'><strong>ita</strong></span> <span class='ocrx_word' id='word_1_31' title='bbox 1332 650 1524 704; x_wconf 69' lang='lat' dir='ltr'><strong>divina:</strong></span> <span class='ocrx_word' id='word_1_32' title='bbox 1551 651 1737 705; x_wconf 78' lang='lat' dir='ltr'><strong>littera:</strong></span> <span class='ocrx_word' id='word_1_33' title='bbox 1768 635 2088 721; x_wconf 87' lang='lat' dir='ltr'><strong>loquuntur:</strong></span> <span class='ocrx_word' id='word_1_34' title='bbox 2129 672 2144 702; x_wconf 69' lang='grc' dir='ltr'><strong>ι</strong></span> <span class='ocrx_word' id='word_1_35' title='bbox 2185 652 2276 705; x_wconf 81' lang='lat' dir='ltr'><strong>Di—</strong></span> 
     </span>
    </p>
   </div>
   <div class='ocr_carea' id='block_1_5' title="bbox 2391 635 3966 748">
    <p class='ocr_par' dir='ltr' id='par_1_5' title="bbox 2391 635 3962 748">
     <span class='ocr_line' id='line_1_5' title="bbox 2391 635 3962 748; baseline -0.001 -47"><span class='ocrx_word' id='word_1_36' title='bbox 2391 651 2661 720; x_wconf 73' lang='grc' dir='ltr'>πρόσωπον</span> <span class='ocrx_word' id='word_1_37' title='bbox 2687 651 2847 703; x_wconf 84' lang='grc' dir='ltr'>αὑτοῦ</span> <span class='ocrx_word' id='word_1_38' title='bbox 2873 652 3036 721; x_wconf 81' lang='grc' dir='ltr'>πνοὴν</span> <span class='ocrx_word' id='word_1_39' title='bbox 3060 653 3222 720; x_wconf 77' lang='grc' dir='ltr'>ζωῆς,</span> <span class='ocrx_word' id='word_1_40' title='bbox 3241 651 3333 703; x_wconf 75' lang='grc' dir='ltr'>καὶ</span> <span class='ocrx_word' id='word_1_41' title='bbox 3362 651 3576 719; x_wconf 75' lang='grc' dir='ltr'>ἐγένετο</span> <span class='ocrx_word' id='word_1_42' title='bbox 3602 654 3630 703; x_wconf 87' lang='grc' dir='ltr'>ὁ</span> <span class='ocrx_word' id='word_1_43' title='bbox 3659 649 3905 719; x_wconf 65' lang='grc' dir='ltr'>ἄνθρωπος</span> 
     </span>
    </p>
   </div>
   <div class='ocr_carea' id='block_1_6' title="bbox 731 740 2306 818">
    <p class='ocr_par' dir='ltr' id='par_1_6' title="bbox 731 743 2276 813">
     <span class='ocr_line' id='line_1_6' title="bbox 731 743 2276 813; baseline 0.001 -17"><span class='ocrx_word' id='word_1_44' title='bbox 731 745 809 796; x_wconf 79' lang='lat' dir='ltr'><strong>xit</strong></span> <span class='ocrx_word' id='word_1_45' title='bbox 846 758 1056 811; x_wconf 82' lang='lat' dir='ltr'><strong>quoque</strong></span> <span class='ocrx_word' id='word_1_46' title='bbox 1086 743 1246 806; x_wconf 88' lang='lat' dir='ltr'><strong>Deus,</strong></span> <span class='ocrx_word' id='word_1_47' title='bbox 1275 743 1560 797; x_wconf 85' lang='lat' dir='ltr'><strong>Faciamus</strong></span> <span class='ocrx_word' id='word_1_48' title='bbox 1604 743 1874 796; x_wconf 84' lang='lat' dir='ltr'><strong>hominem</strong></span> <span class='ocrx_word' id='word_1_49' title='bbox 1900 744 1963 796; x_wconf 89' lang='lat' dir='ltr'><strong>ad</strong></span> <span class='ocrx_word' id='word_1_50' title='bbox 1990 743 2276 813; x_wconf 81' lang='lat' dir='ltr'><strong>imaginem</strong></span> 
     </span>
    </p>
   </div>
   <div class='ocr_carea' id='block_1_7' title="bbox 2391 740 3966 818">
    <p class='ocr_par' dir='ltr' id='par_1_7' title="bbox 2391 740 3966 818">
     <span class='ocr_line' id='line_1_7' title="bbox 2391 740 3966 818; baseline 0.002 -24"><span class='ocrx_word' id='word_1_51' title='bbox 2391 744 2455 805; x_wconf 75' lang='grc' dir='ltr'><strong>εἰς</strong></span> <span class='ocrx_word' id='word_1_52' title='bbox 2478 742 2650 812; x_wconf 75' lang='grc' dir='ltr'>ψυχὴν</span> <span class='ocrx_word' id='word_1_53' title='bbox 2677 740 2903 805; x_wconf 75' lang='grc' dir='ltr'>ζῶσαν.»</span> <span class='ocrx_word' id='word_1_54' title='bbox 2934 745 3040 796; x_wconf 77' lang='grc' dir='ltr'><strong>Καὶ</strong></span> <span class='ocrx_word' id='word_1_55' title='bbox 3053 742 3223 796; x_wconf 84' lang='grc' dir='ltr'>ταῦτα</span> <span class='ocrx_word' id='word_1_56' title='bbox 3266 742 3322 795; x_wconf 85' lang='grc' dir='ltr'>δὲ</span> <span class='ocrx_word' id='word_1_57' title='bbox 3347 741 3503 795; x_wconf 82' lang='grc' dir='ltr'>πάλιν</span> <span class='ocrx_word' id='word_1_58' title='bbox 3527 743 3555 793; x_wconf 84' lang='grc' dir='ltr'><strong>ό</strong></span> <span class='ocrx_word' id='word_1_59' title='bbox 3587 741 3825 811; x_wconf 70' lang='grc' dir='ltr'>Ἐϐραῖος</span> <span class='ocrx_word' id='word_1_60' title='bbox 3842 744 3904 812; x_wconf 81' lang='grc' dir='ltr'><strong>ἐρ-</strong></span> 
     </span>
    </p>
   </div>
   <div class='ocr_carea' id='block_1_8' title="bbox 729 831 2304 904">
    <p class='ocr_par' dir='ltr' id='par_1_8' title="bbox 729 831 2274 887">
     <span class='ocr_line' id='line_1_8' title="bbox 729 831 2274 887; baseline 0.001 -2"><span class='ocrx_word' id='word_1_61' title='bbox 729 841 782 885; x_wconf 88' lang='lat' dir='ltr'><strong>et</strong></span> <span class='ocrx_word' id='word_1_62' title='bbox 815 832 1213 886; x_wconf 70' lang='lat' dir='ltr'><strong>similitudinem</strong></span> <span class='ocrx_word' id='word_1_63' title='bbox 1241 836 1498 887; x_wconf 80' lang='lat' dir='ltr'><strong>nostram.</strong></span> <span class='ocrx_word' id='word_1_64' title='bbox 1567 831 1630 886; x_wconf 87' lang='lat' dir='ltr'><strong>Et</strong></span> <span class='ocrx_word' id='word_1_65' title='bbox 1652 833 1775 885; x_wconf 84' lang='lat' dir='ltr'><strong>fecit</strong></span> <span class='ocrx_word' id='word_1_66' title='bbox 1797 831 1934 886; x_wconf 85' lang='lat' dir='ltr'><strong>Deus</strong></span> <span class='ocrx_word' id='word_1_67' title='bbox 1963 833 2230 886; x_wconf 84' lang='lat' dir='ltr'><strong>hominem</strong></span> <span class='ocrx_word' id='word_1_68' title='bbox 2263 852 2274 886; x_wconf 91' lang='lat'><strong>:</strong></span> 
     </span>
    </p>
   </div>
   <div class='ocr_carea' id='block_1_9' title="bbox 2391 831 3966 904">
    <p class='ocr_par' dir='ltr' id='par_1_9' title="bbox 2391 831 3952 904">
     <span class='ocr_line' id='line_1_9' title="bbox 2391 831 3952 904; baseline 0.001 -18"><span class='ocrx_word' id='word_1_69' title='bbox 2391 834 2596 904; x_wconf 61' lang='grc' dir='ltr'>μηνεύει</span> <span class='ocrx_word' id='word_1_70' title='bbox 2620 833 2808 900; x_wconf 80' lang='grc' dir='ltr'>Φίλων,</span> <span class='ocrx_word' id='word_1_71' title='bbox 2837 836 2954 897; x_wconf 86' lang='grc' dir='ltr'>ταῖς</span> <span class='ocrx_word' id='word_1_72' title='bbox 2975 835 3304 898; x_wconf 79' lang='grc' dir='ltr'>ὲκτεθείσαις</span> <span class='ocrx_word' id='word_1_73' title='bbox 3331 833 3492 886; x_wconf 83' lang='grc' dir='ltr'>αὑτοῦ</span> <span class='ocrx_word' id='word_1_74' title='bbox 3520 836 3726 902; x_wconf 88' lang='grc' dir='ltr'>φωναῖς</span> <span class='ocrx_word' id='word_1_75' title='bbox 3747 832 3818 884; x_wconf 79' lang='grc' dir='ltr'><strong>ἔτι</strong></span> <span class='ocrx_word' id='word_1_76' title='bbox 3839 835 3904 887; x_wconf 69' lang='grc' dir='ltr'><strong>καὶ</strong></span> 
     </span>
    </p>
   </div>
   <div class='ocr_carea' id='block_1_10' title="bbox 728 919 2303 995">
    <p class='ocr_par' dir='ltr' id='par_1_10' title="bbox 728 919 2280 987">
     <span class='ocr_line' id='line_1_10' title="bbox 728 919 2280 987; baseline 0.003 -14"><span class='ocrx_word' id='word_1_77' title='bbox 728 919 796 975; x_wconf 84' lang='lat' dir='ltr'><strong>ad</strong></span> <span class='ocrx_word' id='word_1_78' title='bbox 823 919 1106 987; x_wconf 81' lang='lat' dir='ltr'><strong>imaginem</strong></span> <span class='ocrx_word' id='word_1_79' title='bbox 1138 920 1228 975; x_wconf 92' lang='lat' dir='ltr'><strong>Dei</strong></span> <span class='ocrx_word' id='word_1_80' title='bbox 1264 921 1386 975; x_wconf 86' lang='lat' dir='ltr'><strong>fecit</strong></span> <span class='ocrx_word' id='word_1_81' title='bbox 1413 937 1532 976; x_wconf 92' lang='lat' dir='ltr'><strong>eum</strong></span> <span class='ocrx_word' id='word_1_82' title='bbox 1561 921 1630 974; x_wconf 81' lang='grc'><strong>⁸⁸.</strong></span> <span class='ocrx_word' id='word_1_83' title='bbox 1664 940 1682 971; x_wconf 71' lang='grc' dir='ltr'><strong>ι</strong></span> <span class='ocrx_word' id='word_1_84' title='bbox 1711 919 1774 974; x_wconf 85' lang='grc' dir='ltr'>Ει</span> <span class='ocrx_word' id='word_1_85' title='bbox 1802 937 2023 984; x_wconf 84' lang='lat' dir='ltr'><strong>rursus,</strong></span> <span class='ocrx_word' id='word_1_86' title='bbox 2059 940 2078 971; x_wconf 86' lang='grc'><strong>‹</strong></span> <span class='ocrx_word' id='word_1_87' title='bbox 2111 921 2280 976; x_wconf 84' lang='lat' dir='ltr'><strong>Acce-</strong></span> 
     </span>
    </p>
   </div>
   <div class='ocr_carea' id='block_1_11' title="bbox 1230 919 2805 995">
    <p class='ocr_par' dir='ltr' id='par_1_11' title="bbox 1264 919 2805 995">
     <span class='ocr_line' id='line_1_11' title="bbox 1264 919 2805 995; baseline 0.005 -21"><span class='ocrx_word' id='word_1_88' title='bbox 1264 921 1386 975; x_wconf 86' lang='lat' dir='ltr'><strong>fecit</strong></span> <span class='ocrx_word' id='word_1_89' title='bbox 1413 937 1532 976; x_wconf 92' lang='lat' dir='ltr'><strong>eum</strong></span> <span class='ocrx_word' id='word_1_90' title='bbox 1561 921 1630 974; x_wconf 80' lang='grc'><strong>⁸⁸.</strong></span> <span class='ocrx_word' id='word_1_91' title='bbox 1664 940 1682 971; x_wconf 71' lang='grc' dir='ltr'><strong>ι</strong></span> <span class='ocrx_word' id='word_1_92' title='bbox 1711 919 1774 974; x_wconf 85' lang='grc' dir='ltr'>Ει</span> <span class='ocrx_word' id='word_1_93' title='bbox 1802 937 2023 984; x_wconf 84' lang='lat' dir='ltr'><strong>rursus,</strong></span> <span class='ocrx_word' id='word_1_94' title='bbox 2059 940 2078 971; x_wconf 86' lang='grc'><strong>‹</strong></span> <span class='ocrx_word' id='word_1_95' title='bbox 2111 921 2280 976; x_wconf 85' lang='lat' dir='ltr'><strong>Acce-</strong></span> <span class='ocrx_word' id='word_1_96' title='bbox 2377 926 2498 978; x_wconf 80' lang='grc' dir='ltr'>τάδε</span> <span class='ocrx_word' id='word_1_97' title='bbox 2525 926 2805 995; x_wconf 76' lang='grc' dir='ltr'>ἐπιλέγων.</span> 
     </span>
    </p>
   </div>
   <div class='ocr_carea' id='block_1_12' title="bbox 729 1004 3904 1088">
    <p class='ocr_par' dir='ltr' id='par_1_12' title="bbox 729 1004 3904 1088">
     <span class='ocr_line' id='line_1_12' title="bbox 729 1004 3904 1088; baseline 0.003 -28"><span class='ocrx_word' id='word_1_98' title='bbox 729 1009 911 1078; x_wconf 86' lang='lat' dir='ltr'><strong>pitque</strong></span> <span class='ocrx_word' id='word_1_99' title='bbox 939 1012 1090 1081; x_wconf 78' lang='lat'><strong>331</strong></span> <span class='ocrx_word' id='word_1_100' title='bbox 1131 1011 1267 1067; x_wconf 89' lang='lat' dir='ltr'><strong>Deus</strong></span> <span class='ocrx_word' id='word_1_101' title='bbox 1317 1014 1588 1082; x_wconf 84' lang='lat' dir='ltr'><strong>pulverem</strong></span> <span class='ocrx_word' id='word_1_102' title='bbox 1642 1023 1827 1076; x_wconf 67' lang='lat' dir='ltr'><strong>terrae,</strong></span> <span class='ocrx_word' id='word_1_103' title='bbox 1889 1022 1942 1067; x_wconf 90' lang='lat' dir='ltr'><strong>et</strong></span> <span class='ocrx_word' id='word_1_104' title='bbox 2003 1013 2254 1067; x_wconf 78' lang='lat' dir='ltr'><strong>formavit</strong></span> <span class='ocrx_word' id='word_1_105' title='bbox 2315 1016 2604 1084; x_wconf 86' lang='lat' dir='ltr'><strong>hominem,</strong></span> <span class='ocrx_word' id='word_1_106' title='bbox 2651 1029 2704 1072; x_wconf 91' lang='lat' dir='ltr'><strong>et</strong></span> <span class='ocrx_word' id='word_1_107' title='bbox 2755 1019 3034 1088; x_wconf 71' lang='lat' dir='ltr'><strong>inspiravit</strong></span> <span class='ocrx_word' id='word_1_108' title='bbox 3086 1019 3139 1072; x_wconf 88' lang='lat' dir='ltr'><strong>in</strong></span> <span class='ocrx_word' id='word_1_109' title='bbox 3190 1019 3378 1075; x_wconf 84' lang='lat' dir='ltr'><strong>faciem</strong></span> <span class='ocrx_word' id='word_1_110' title='bbox 3431 1004 3548 1088; x_wconf 79' lang='lat' dir='ltr'><strong>ejus</strong></span> <span class='ocrx_word' id='word_1_111' title='bbox 3608 1016 3904 1087; x_wconf 82' lang='lat' dir='ltr'><strong>spiraculum</strong></span> 
     </span>
    </p>
   </div>
   <div class='ocr_carea' id='block_1_13' title="bbox 729 1087 3967 1181">
    <p class='ocr_par' dir='ltr' id='par_1_13' title="bbox 729 1087 3967 1181">
     <span class='ocr_line' id='line_1_13' title="bbox 729 1087 3967 1181; baseline 0.004 -32"><span class='ocrx_word' id='word_1_112' title='bbox 729 1099 888 1163; x_wconf 74' lang='lat' dir='ltr'><strong>vitae,</strong></span> <span class='ocrx_word' id='word_1_113' title='bbox 926 1111 977 1156; x_wconf 89' lang='lat' dir='ltr'><strong>et</strong></span> <span class='ocrx_word' id='word_1_114' title='bbox 1001 1098 1172 1154; x_wconf 84' lang='lat' dir='ltr'><strong>factus</strong></span> <span class='ocrx_word' id='word_1_115' title='bbox 1203 1112 1283 1155; x_wconf 91' lang='lat' dir='ltr'><strong>est</strong></span> <span class='ocrx_word' id='word_1_116' title='bbox 1312 1106 1471 1158; x_wconf 81' lang='lat' dir='ltr'><strong>homo</strong></span> <span class='ocrx_word' id='word_1_117' title='bbox 1513 1105 1564 1157; x_wconf 93' lang='lat' dir='ltr'><strong>in</strong></span> <span class='ocrx_word' id='word_1_118' title='bbox 1611 1105 1844 1158; x_wconf 88' lang='lat' dir='ltr'><strong>animam</strong></span> <span class='ocrx_word' id='word_1_119' title='bbox 1895 1105 2159 1159; x_wconf 82' lang='lat' dir='ltr'><strong>viventem</strong></span> <span class='ocrx_word' id='word_1_120' title='bbox 2193 1105 2237 1136; x_wconf 81' lang='grc'><strong>⁸⁷</strong></span> <span class='ocrx_word' id='word_1_121' title='bbox 2269 1112 2315 1155; x_wconf 70' lang='grc' dir='ltr'><strong>ἰ</strong></span> <span class='ocrx_word' id='word_1_122' title='bbox 2358 1105 2488 1170; x_wconf 59' lang='lat' dir='ltr'><strong>Qua</strong></span> <span class='ocrx_word' id='word_1_123' title='bbox 2547 1109 2760 1178; x_wconf 86' lang='lat' dir='ltr'><strong>quidem</strong></span> <span class='ocrx_word' id='word_1_124' title='bbox 2795 1087 3050 1164; x_wconf 66' lang='lat' dir='ltr'><strong>Hebraeus</strong></span> <span class='ocrx_word' id='word_1_125' title='bbox 3089 1124 3304 1178; x_wconf 79' lang='lat' dir='ltr'><strong>quoque</strong></span> <span class='ocrx_word' id='word_1_126' title='bbox 3343 1087 3495 1163; x_wconf 86' lang='lat' dir='ltr'><strong>Philo</strong></span> <span class='ocrx_word' id='word_1_127' title='bbox 3523 1110 3653 1163; x_wconf 88' lang='lat' dir='ltr'><strong>dum</strong></span> <span class='ocrx_word' id='word_1_128' title='bbox 3687 1109 3901 1177; x_wconf 75' lang='lat' dir='ltr'><strong>explicat,</strong></span> 
     </span>
    </p>
   </div>
   <div class='ocr_carea' id='block_1_14' title="bbox 741 1191 3952 1269">
    <p class='ocr_par' dir='ltr' id='par_1_14' title="bbox 741 1191 3952 1269">
     <span class='ocr_line' id='line_1_14' title="bbox 741 1191 3952 1269; baseline 0.007 -25"><span class='ocrx_word' id='word_1_129' title='bbox 741 1191 854 1246; x_wconf 61' lang='lat' dir='ltr'><strong>lucc</strong></span> <span class='ocrx_word' id='word_1_130' title='bbox 877 1197 1120 1262; x_wconf 86' lang='lat' dir='ltr'><strong>superius</strong></span> <span class='ocrx_word' id='word_1_131' title='bbox 1151 1196 1376 1250; x_wconf 82' lang='lat' dir='ltr'><strong>laudatis</strong></span> <span class='ocrx_word' id='word_1_132' title='bbox 1404 1198 1563 1250; x_wconf 87' lang='lat' dir='ltr'><strong>verba</strong></span> <span class='ocrx_word' id='word_1_133' title='bbox 1591 1198 1888 1269; x_wconf 84' lang='lat' dir='ltr'><strong>subjungit.</strong></span> <span class='ocrx_word' id='word_1_134' title='bbox 3947 1193 3952 1232; x_wconf 50' lang='grc' dir='ltr'><em>δ</em></span> 
     </span>
    </p>
   </div>
   <div class='ocr_carea' id='block_1_15' title="bbox 1285 1306 2860 1377">
    <p class='ocr_par' dir='ltr' id='par_1_15' title="bbox 1285 1307 1728 1365">
     <span class='ocr_line' id='line_1_15' title="bbox 1285 1307 1728 1365; baseline 0.005 -2"><span class='ocrx_word' id='word_1_135' title='bbox 1285 1307 1508 1363; x_wconf 84' lang='lat' dir='ltr'><strong>CAPUT</strong></span> <span class='ocrx_word' id='word_1_136' title='bbox 1548 1309 1728 1365; x_wconf 71' lang='lat' dir='ltr'><strong>XVIII.</strong></span> 
     </span>
    </p>
   </div>
   <div class='ocr_carea' id='block_1_16' title="bbox 1852 1306 3427 1377">
    <p class='ocr_par' dir='ltr' id='par_1_16' title="bbox 2896 1306 3427 1377">
     <span class='ocr_line' id='line_1_16' title="bbox 2896 1306 3427 1377; baseline 0.004 -20"><span class='ocrx_word' id='word_1_137' title='bbox 2896 1306 3281 1377; x_wconf 72' lang='grc' dir='ltr'><strong>ΚΕΦΑΛΑΙΟΝ</strong></span> <span class='ocrx_word' id='word_1_138' title='bbox 3323 1306 3427 1359; x_wconf 73' lang='lat' dir='ltr'><strong>nr.</strong></span> 
     </span>
    </p>
   </div>
   <div class='ocr_carea' id='block_1_17' title="bbox 863 1393 2438 1481">
    <p class='ocr_par' dir='ltr' id='par_1_17' title="bbox 863 1399 1912 1481">
     <span class='ocr_line' id='line_1_17' title="bbox 863 1399 1912 1481; baseline 0.005 -31"><span class='ocrx_word' id='word_1_139' title='bbox 863 1463 873 1473; x_wconf 43' lang='lat'><em>.</em></span> <span class='ocrx_word' id='word_1_140' title='bbox 1093 1399 1324 1481; x_wconf 64' lang='lat' dir='ltr'><strong>Philonis</strong></span> <span class='ocrx_word' id='word_1_141' title='bbox 1349 1402 1410 1454; x_wconf 87' lang='lat' dir='ltr'><strong>de</strong></span> <span class='ocrx_word' id='word_1_142' title='bbox 1439 1404 1611 1454; x_wconf 85' lang='lat' dir='ltr'><strong>animo</strong></span> <span class='ocrx_word' id='word_1_143' title='bbox 1637 1403 1912 1455; x_wconf 78' lang='lat' dir='ltr'><strong>sententia.</strong></span> 
     </span>
    </p>
   </div>
   <div class='ocr_carea' id='block_1_18' title="bbox 1924 1393 3499 1481">
    <p class='ocr_par' dir='ltr' id='par_1_18' title="bbox 2451 1393 3499 1463">
     <span class='ocr_line' id='line_1_18' title="bbox 2451 1393 3499 1463; baseline 0 -17"><span class='ocrx_word' id='word_1_144' title='bbox 2451 1409 2456 1416; x_wconf 89' lang='lat'><strong><em>‘</em></strong></span> <span class='ocrx_word' id='word_1_145' title='bbox 2816 1393 3078 1457; x_wconf 74' lang='grc' dir='ltr'>Φίλωνος</span> <span class='ocrx_word' id='word_1_146' title='bbox 3109 1393 3239 1460; x_wconf 79' lang='grc' dir='ltr'>περὶ</span> <span class='ocrx_word' id='word_1_147' title='bbox 3276 1393 3499 1463; x_wconf 70' lang='grc' dir='ltr'>ψυχῆς.</span> 
     </span>
    </p>
   </div>
   <div class='ocr_carea' id='block_1_19' title="bbox 811 1485 2386 1562">
    <p class='ocr_par' dir='ltr' id='par_1_19' title="bbox 811 1489 2274 1562">
     <span class='ocr_line' id='line_1_19' title="bbox 811 1489 2274 1562; baseline 0.006 -22"><span class='ocrx_word' id='word_1_148' title='bbox 811 1509 828 1540; x_wconf 79' lang='grc' dir='ltr'><strong>ι</strong></span> <span class='ocrx_word' id='word_1_149' title='bbox 861 1489 1046 1544; x_wconf 78' lang='lat' dir='ltr'><strong>Czrtcri</strong></span> <span class='ocrx_word' id='word_1_150' title='bbox 1089 1492 1322 1560; x_wconf 83' lang='lat' dir='ltr'><strong>quidem,</strong></span> <span class='ocrx_word' id='word_1_151' title='bbox 1377 1493 1550 1562; x_wconf 81' lang='lat' dir='ltr'><strong>inquit</strong></span> <span class='ocrx_word' id='word_1_152' title='bbox 1596 1493 1715 1557; x_wconf 93' lang='lat' dir='ltr'><strong>ille,</strong></span> <span class='ocrx_word' id='word_1_153' title='bbox 1765 1505 1992 1549; x_wconf 86' lang='lat' dir='ltr'><strong>mentem</strong></span> <span class='ocrx_word' id='word_1_154' title='bbox 2039 1505 2274 1550; x_wconf 89' lang='lat' dir='ltr'><strong>nostram</strong></span> 
     </span>
    </p>
   </div>
   <div class='ocr_carea' id='block_1_20' title="bbox 2311 1485 3886 1562">
    <p class='ocr_par' dir='ltr' id='par_1_20' title="bbox 2425 1485 3886 1559">
     <span class='ocr_line' id='line_1_20' title="bbox 2425 1485 3886 1559; baseline 0.004 -23"><span class='ocrx_word' id='word_1_155' title='bbox 2425 1506 2442 1536; x_wconf 73' lang='grc' dir='ltr'><strong>ι</strong></span> <span class='ocrx_word' id='word_1_156' title='bbox 2468 1486 2602 1538; x_wconf 81' lang='grc' dir='ltr'>Ἀλλ’</span> <span class='ocrx_word' id='word_1_157' title='bbox 2626 1487 2673 1538; x_wconf 90' lang='grc' dir='ltr'>οἱ</span> <span class='ocrx_word' id='word_1_158' title='bbox 2707 1486 2802 1555; x_wconf 82' lang='grc' dir='ltr'><strong>μὲν</strong></span> <span class='ocrx_word' id='word_1_159' title='bbox 2828 1485 2994 1548; x_wconf 79' lang='grc' dir='ltr'>ἄλλοι,</span> <span class='ocrx_word' id='word_1_160' title='bbox 3022 1485 3120 1554; x_wconf 88' lang='grc' dir='ltr'><strong>τῆς</strong></span> <span class='ocrx_word' id='word_1_161' title='bbox 3139 1486 3374 1556; x_wconf 81' lang='grc' dir='ltr'>αἰθερίου</span> <span class='ocrx_word' id='word_1_162' title='bbox 3397 1488 3610 1557; x_wconf 86' lang='grc' dir='ltr'>φύσεως</span> <span class='ocrx_word' id='word_1_163' title='bbox 3628 1489 3719 1541; x_wconf 77' lang='grc' dir='ltr'><strong>τὸν</strong></span> <span class='ocrx_word' id='word_1_164' title='bbox 3745 1490 3886 1559; x_wconf 67' lang='grc' dir='ltr'>ήμέτν</span> 
     </span>
    </p>
   </div>
   <div class='ocr_carea' id='block_1_21' title="bbox 732 1573 2307 1653">
    <p class='ocr_par' dir='ltr' id='par_1_21' title="bbox 732 1575 2274 1653">
     <span class='ocr_line' id='line_1_21' title="bbox 732 1575 2274 1653; baseline 0.002 -18"><span class='ocrx_word' id='word_1_165' title='bbox 732 1581 965 1635; x_wconf 73' lang='lat' dir='ltr'><strong>tetherize</strong></span> <span class='ocrx_word' id='word_1_166' title='bbox 1010 1575 1210 1636; x_wconf 52' lang='lat' dir='ltr'><strong>natura}</strong></span> <span class='ocrx_word' id='word_1_167' title='bbox 1256 1583 1569 1651; x_wconf 86' lang='lat' dir='ltr'><strong>particulam</strong></span> <span class='ocrx_word' id='word_1_168' title='bbox 1609 1585 1964 1653; x_wconf 84' lang='lat' dir='ltr'><strong>appellantes,</strong></span> <span class='ocrx_word' id='word_1_169' title='bbox 2006 1586 2274 1640; x_wconf 90' lang='lat' dir='ltr'><strong>hominem</strong></span> 
     </span>
    </p>
   </div>
   <div class='ocr_carea' id='block_1_22' title="bbox 2316 1573 3891 1653">
    <p class='ocr_par' dir='ltr' id='par_1_22' title="bbox 2384 1573 3891 1650">
     <span class='ocr_line' id='line_1_22' title="bbox 2384 1573 3891 1650; baseline 0.003 -20"><span class='ocrx_word' id='word_1_170' title='bbox 2384 1596 2474 1650; x_wconf 88' lang='grc' dir='ltr'><strong>ρον</strong></span> <span class='ocrx_word' id='word_1_171' title='bbox 2499 1577 2620 1631; x_wconf 90' lang='grc' dir='ltr'>νοῦν</span> <span class='ocrx_word' id='word_1_172' title='bbox 2648 1581 2837 1648; x_wconf 85' lang='grc' dir='ltr'>μοῖραν</span> <span class='ocrx_word' id='word_1_173' title='bbox 2881 1577 3119 1639; x_wconf 75' lang='grc' dir='ltr'><strong>εἰπόντες</strong></span> <span class='ocrx_word' id='word_1_174' title='bbox 3166 1573 3321 1640; x_wconf 77' lang='grc' dir='ltr'>εἶναι,</span> <span class='ocrx_word' id='word_1_175' title='bbox 3370 1580 3684 1646; x_wconf 85' lang='grc' dir='ltr'>συγγένειαν</span> <span class='ocrx_word' id='word_1_176' title='bbox 3724 1582 3891 1634; x_wconf 70' lang='grc' dir='ltr'>τοῦάν-</span> 
     </span>
    </p>
   </div>
   <div class='ocr_carea' id='block_1_23' title="bbox 731 1665 2306 1743">
    <p class='ocr_par' dir='ltr' id='par_1_23' title="bbox 731 1673 2279 1743">
     <span class='ocr_line' id='line_1_23' title="bbox 731 1673 2279 1743; baseline 0.003 -18"><span class='ocrx_word' id='word_1_177' title='bbox 731 1688 853 1726; x_wconf 91' lang='lat' dir='ltr'><strong>cum</strong></span> <span class='ocrx_word' id='word_1_178' title='bbox 884 1673 1078 1726; x_wconf 74' lang='lat' dir='ltr'><strong>aethere</strong></span> <span class='ocrx_word' id='word_1_179' title='bbox 1103 1673 1419 1743; x_wconf 81' lang='lat' dir='ltr'><strong>cognatione</strong></span> <span class='ocrx_word' id='word_1_180' title='bbox 1438 1675 1682 1743; x_wconf 89' lang='lat' dir='ltr'><strong>junctum</strong></span> <span class='ocrx_word' id='word_1_181' title='bbox 1706 1690 1822 1729; x_wconf 91' lang='lat' dir='ltr'><strong>esse</strong></span> <span class='ocrx_word' id='word_1_182' title='bbox 1851 1676 2150 1730; x_wconf 86' lang='lat' dir='ltr'><strong>voluerunt.</strong></span> <span class='ocrx_word' id='word_1_183' title='bbox 2211 1677 2279 1730; x_wconf 84' lang='lat' dir='ltr'><strong>At</strong></span> 
     </span>
    </p>
   </div>
   <div class='ocr_carea' id='block_1_24' title="bbox 2320 1665 3895 1743">
    <p class='ocr_par' dir='ltr' id='par_1_24' title="bbox 2380 1665 3895 1740">
     <span class='ocr_line' id='line_1_24' title="bbox 2380 1665 3895 1740; baseline 0.001 -19"><span class='ocrx_word' id='word_1_184' title='bbox 2380 1667 2595 1739; x_wconf 85' lang='grc' dir='ltr'>θρώπου</span> <span class='ocrx_word' id='word_1_185' title='bbox 2620 1667 2753 1738; x_wconf 81' lang='grc' dir='ltr'>πρὸς</span> <span class='ocrx_word' id='word_1_186' title='bbox 2776 1667 2964 1737; x_wconf 83' lang='grc' dir='ltr'>αἰθέρα</span> <span class='ocrx_word' id='word_1_187' title='bbox 2985 1665 3242 1735; x_wconf 74' lang='grc' dir='ltr'>συνῆψανο</span> <span class='ocrx_word' id='word_1_188' title='bbox 3273 1669 3300 1719; x_wconf 87' lang='grc' dir='ltr'><strong>ό</strong></span> <span class='ocrx_word' id='word_1_189' title='bbox 3324 1667 3379 1719; x_wconf 85' lang='grc' dir='ltr'><strong>δὲ</strong></span> <span class='ocrx_word' id='word_1_190' title='bbox 3401 1668 3570 1736; x_wconf 84' lang='grc' dir='ltr'><strong>μέγας</strong></span> <span class='ocrx_word' id='word_1_191' title='bbox 3588 1670 3812 1740; x_wconf 77' lang='grc' dir='ltr'>Μωῦσῆς</span> <span class='ocrx_word' id='word_1_192' title='bbox 3833 1672 3895 1722; x_wconf 75' lang='grc' dir='ltr'><strong>οὐ·</strong></span> 
     </span>
    </p>
   </div>
   <div class='ocr_carea' id='block_1_25' title="bbox 731 1758 2306 1834">
    <p class='ocr_par' dir='ltr' id='par_1_25' title="bbox 731 1763 2275 1834">
     <span class='ocr_line' id='line_1_25' title="bbox 731 1763 2275 1834; baseline 0.003 -19"><span class='ocrx_word' id='word_1_193' title='bbox 731 1778 959 1832; x_wconf 86' lang='lat' dir='ltr'><strong>magnus</strong></span> <span class='ocrx_word' id='word_1_194' title='bbox 998 1764 1083 1817; x_wconf 92' lang='lat' dir='ltr'><strong>ille</strong></span> <span class='ocrx_word' id='word_1_195' title='bbox 1118 1763 1288 1817; x_wconf 81' lang='lat' dir='ltr'><strong>Moses</strong></span> <span class='ocrx_word' id='word_1_196' title='bbox 1329 1764 1493 1817; x_wconf 89' lang='lat' dir='ltr'><strong>animi</strong></span> <span class='ocrx_word' id='word_1_197' title='bbox 1544 1765 1748 1818; x_wconf 88' lang='lat' dir='ltr'><strong>ratione</strong></span> <span class='ocrx_word' id='word_1_198' title='bbox 1795 1765 1998 1832; x_wconf 66' lang='lat' dir='ltr'><strong>praediti</strong></span> <span class='ocrx_word' id='word_1_199' title='bbox 2045 1766 2275 1834; x_wconf 90' lang='lat' dir='ltr'><strong>speciem</strong></span> 
     </span>
    </p>
   </div>
   <div class='ocr_carea' id='block_1_26' title="bbox 2319 1758 3894 1834">
    <p class='ocr_par' dir='ltr' id='par_1_26' title="bbox 2377 1758 3894 1828">
     <span class='ocr_line' id='line_1_26' title="bbox 2377 1758 3894 1828; baseline 0.001 -17"><span class='ocrx_word' id='word_1_200' title='bbox 2377 1760 2486 1812; x_wconf 72' lang='grc' dir='ltr'>δενὶ</span> <span class='ocrx_word' id='word_1_201' title='bbox 2533 1759 2638 1811; x_wconf 77' lang='grc' dir='ltr'><strong>τῶν</strong></span> <span class='ocrx_word' id='word_1_202' title='bbox 2684 1758 2976 1825; x_wconf 80' lang='grc' dir='ltr'>γεγονότων</span> <span class='ocrx_word' id='word_1_203' title='bbox 3031 1758 3130 1827; x_wconf 88' lang='grc' dir='ltr'><strong>τῆς</strong></span> <span class='ocrx_word' id='word_1_204' title='bbox 3195 1758 3417 1828; x_wconf 79' lang='grc' dir='ltr'>λογικῆς</span> <span class='ocrx_word' id='word_1_205' title='bbox 3461 1758 3644 1828; x_wconf 75' lang='grc' dir='ltr'>ψυχῆς</span> <span class='ocrx_word' id='word_1_206' title='bbox 3693 1760 3748 1811; x_wconf 73' lang='grc' dir='ltr'>τὸ</span> <span class='ocrx_word' id='word_1_207' title='bbox 3792 1758 3894 1820; x_wconf 70' lang='grc' dir='ltr'>εἶδος</span> 
     </span>
    </p>
   </div>
   <div class='ocr_carea' id='block_1_27' title="bbox 731 1843 2306 1923">
    <p class='ocr_par' dir='ltr' id='par_1_27' title="bbox 731 1846 2306 1923">
     <span class='ocr_line' id='line_1_27' title="bbox 731 1846 2306 1923; baseline 0.001 -15"><span class='ocrx_word' id='word_1_208' title='bbox 731 1870 836 1908; x_wconf 89' lang='lat' dir='ltr'><strong>non</strong></span> <span class='ocrx_word' id='word_1_209' title='bbox 865 1854 972 1923; x_wconf 92' lang='lat' dir='ltr'><strong>jam</strong></span> <span class='ocrx_word' id='word_1_210' title='bbox 999 1865 1306 1908; x_wconf 73' lang='lat' dir='ltr'><strong>caeterarum</strong></span> <span class='ocrx_word' id='word_1_211' title='bbox 1342 1865 1706 1910; x_wconf 87' lang='lat' dir='ltr'><strong>creaturarum</strong></span> <span class='ocrx_word' id='word_1_212' title='bbox 1735 1858 1825 1910; x_wconf 92' lang='lat' dir='ltr'><strong>ulli</strong></span> <span class='ocrx_word' id='word_1_213' title='bbox 1866 1857 2094 1911; x_wconf 90' lang='lat' dir='ltr'><strong>similem</strong></span> <span class='ocrx_word' id='word_1_214' title='bbox 2127 1857 2271 1923; x_wconf 90' lang='lat' dir='ltr'><strong>fecit,</strong></span> <span class='ocrx_word' id='word_1_215' title='bbox 2305 1846 2306 1895; x_wconf 79' lang='grc' dir='ltr'>Ῐ</span> 
     </span>
    </p>
   </div>
   <div class='ocr_carea' id='block_1_28' title="bbox 2391 1843 3966 1923">
    <p class='ocr_par' dir='ltr' id='par_1_28' title="bbox 2391 1845 3888 1920">
     <span class='ocr_line' id='line_1_28' title="bbox 2391 1845 3888 1920; baseline 0.001 -17"><span class='ocrx_word' id='word_1_216' title='bbox 2391 1851 2667 1920; x_wconf 72' lang='grc' dir='ltr'>ὒμοίωσεν,</span> <span class='ocrx_word' id='word_1_217' title='bbox 2694 1849 2804 1901; x_wconf 87' lang='grc' dir='ltr'>ἀλλ’</span> <span class='ocrx_word' id='word_1_218' title='bbox 2851 1845 3002 1902; x_wconf 83' lang='grc' dir='ltr'>εἶπεν</span> <span class='ocrx_word' id='word_1_219' title='bbox 3049 1850 3213 1918; x_wconf 80' lang='grc' dir='ltr'>αὐτὴν</span> <span class='ocrx_word' id='word_1_220' title='bbox 3257 1849 3348 1902; x_wconf 87' lang='grc' dir='ltr'><strong>τοῦ</strong></span> <span class='ocrx_word' id='word_1_221' title='bbox 3383 1849 3523 1902; x_wconf 80' lang='grc' dir='ltr'>θείου</span> <span class='ocrx_word' id='word_1_222' title='bbox 3572 1852 3670 1904; x_wconf 75' lang='grc' dir='ltr'><strong>καὶ</strong></span> <span class='ocrx_word' id='word_1_223' title='bbox 3709 1852 3888 1920; x_wconf 75' lang='grc' dir='ltr'><strong>ἀοράτου</strong></span> 
     </span>
    </p>
   </div>
   <div class='ocr_carea' id='block_1_29' title="bbox 730 1940 2305 2017">
    <p class='ocr_par' dir='ltr' id='par_1_29' title="bbox 730 1945 2277 2017">
     <span class='ocr_line' id='line_1_29' title="bbox 730 1945 2277 2017; baseline 0.001 -17"><span class='ocrx_word' id='word_1_224' title='bbox 730 1946 823 2000; x_wconf 80' lang='lat' dir='ltr'><strong>sed</strong></span> <span class='ocrx_word' id='word_1_225' title='bbox 853 1946 1028 2014; x_wconf 87' lang='lat' dir='ltr'><strong>potius</strong></span> <span class='ocrx_word' id='word_1_226' title='bbox 1058 1945 1242 2008; x_wconf 92' lang='lat' dir='ltr'><strong>divini,</strong></span> <span class='ocrx_word' id='word_1_227' title='bbox 1267 1962 1593 2016; x_wconf 89' lang='lat' dir='ltr'><strong>sensumque</strong></span> <span class='ocrx_word' id='word_1_228' title='bbox 1627 1945 1880 2017; x_wconf 78' lang='lat' dir='ltr'><strong>fugientis</strong></span> <span class='ocrx_word' id='word_1_229' title='bbox 1904 1948 2122 2016; x_wconf 89' lang='lat' dir='ltr'><strong>spiritus</strong></span> <span class='ocrx_word' id='word_1_230' title='bbox 2153 1965 2277 2017; x_wconf 90' lang='lat' dir='ltr'><strong>pro-</strong></span> 
     </span>
    </p>
   </div>
   <div class='ocr_carea' id='block_1_30' title="bbox 2304 1940 3879 2017">
    <p class='ocr_par' dir='ltr' id='par_1_30' title="bbox 2375 1940 3879 2012">
     <span class='ocr_line' id='line_1_30' title="bbox 2375 1940 3879 2012; baseline -0.001 -17"><span class='ocrx_word' id='word_1_231' title='bbox 2375 1942 2688 2011; x_wconf 82' lang='grc' dir='ltr'>Πνεύματος</span> <span class='ocrx_word' id='word_1_232' title='bbox 2714 1941 2921 1992; x_wconf 75' lang='grc' dir='ltr'>ἐκείνου</span> <span class='ocrx_word' id='word_1_233' title='bbox 2950 1941 3164 2010; x_wconf 85' lang='grc' dir='ltr'>δόκιμον</span> <span class='ocrx_word' id='word_1_234' title='bbox 3189 1940 3326 1993; x_wconf 80' lang='grc' dir='ltr'>εἶναι</span> <span class='ocrx_word' id='word_1_235' title='bbox 3353 1943 3614 2011; x_wconf 86' lang='grc' dir='ltr'>νόμισμα,</span> <span class='ocrx_word' id='word_1_236' title='bbox 3643 1944 3879 2012; x_wconf 75' lang='grc' dir='ltr'>σημειωθὲν</span> 
     </span>
    </p>
   </div>
   <div class='ocr_carea' id='block_1_31' title="bbox 728 2029 2303 2110">
    <p class='ocr_par' dir='ltr' id='par_1_31' title="bbox 728 2035 2277 2110">
     <span class='ocr_line' id='line_1_31' title="bbox 728 2035 2277 2110; baseline 0.001 -18"><span class='ocrx_word' id='word_1_237' title='bbox 728 2035 858 2092; x_wconf 86' lang='lat' dir='ltr'><strong>bum</strong></span> <span class='ocrx_word' id='word_1_238' title='bbox 889 2039 1169 2107; x_wconf 83' lang='lat' dir='ltr'><strong>quemdam</strong></span> <span class='ocrx_word' id='word_1_239' title='bbox 1204 2053 1321 2092; x_wconf 89' lang='lat' dir='ltr'><strong>esse</strong></span> <span class='ocrx_word' id='word_1_240' title='bbox 1347 2054 1623 2092; x_wconf 90' lang='lat' dir='ltr'><strong>nummum</strong></span> <span class='ocrx_word' id='word_1_241' title='bbox 1649 2041 1916 2103; x_wconf 91' lang='lat' dir='ltr'><strong>asseruit,</strong></span> <span class='ocrx_word' id='word_1_242' title='bbox 1962 2039 2055 2094; x_wconf 90' lang='lat' dir='ltr'><strong>Dei</strong></span> <span class='ocrx_word' id='word_1_243' title='bbox 2103 2042 2277 2110; x_wconf 77' lang='lat' dir='ltr'><strong>sigillo</strong></span> 
     </span>
    </p>
   </div>
   <div class='ocr_carea' id='block_1_32' title="bbox 2302 2029 3877 2110">
    <p class='ocr_par' dir='ltr' id='par_1_32' title="bbox 2376 2029 3877 2105">
     <span class='ocr_line' id='line_1_32' title="bbox 2376 2029 3877 2105; baseline 0.001 -19"><span class='ocrx_word' id='word_1_244' title='bbox 2376 2039 2466 2087; x_wconf 72' lang='grc' dir='ltr'><strong>καὶ</strong></span> <span class='ocrx_word' id='word_1_245' title='bbox 2489 2034 2732 2086; x_wconf 86' lang='grc' dir='ltr'>τυπωθὲν</span> <span class='ocrx_word' id='word_1_246' title='bbox 2761 2034 3009 2103; x_wconf 86' lang='grc' dir='ltr'>σφραγῖδι</span> <span class='ocrx_word' id='word_1_247' title='bbox 3055 2032 3207 2097; x_wconf 85' lang='grc' dir='ltr'>Θεοῦ,</span> <span class='ocrx_word' id='word_1_248' title='bbox 3237 2029 3303 2104; x_wconf 84' lang='grc' dir='ltr'>ἦς</span> <span class='ocrx_word' id='word_1_249' title='bbox 3334 2036 3361 2086; x_wconf 86' lang='grc' dir='ltr'>ὁ</span> <span class='ocrx_word' id='word_1_250' title='bbox 3408 2037 3696 2105; x_wconf 82' lang='grc' dir='ltr'>χαρακτήρ</span> <span class='ocrx_word' id='word_1_251' title='bbox 3719 2037 3826 2087; x_wconf 70' lang='grc' dir='ltr'>ἐστιν</span> <span class='ocrx_word' id='word_1_252' title='bbox 3857 2038 3877 2088; x_wconf 82' lang='grc'>6</span> 
     </span>
    </p>
   </div>
   <div class='ocr_carea' id='block_1_33' title="bbox 733 2125 2308 2197">
    <p class='ocr_par' dir='ltr' id='par_1_33' title="bbox 733 2128 2278 2197">
     <span class='ocr_line' id='line_1_33' title="bbox 733 2128 2278 2197; baseline 0.001 -16"><span class='ocrx_word' id='word_1_253' title='bbox 733 2128 1080 2182; x_wconf 88' lang='lat' dir='ltr'><strong>informatum</strong></span> <span class='ocrx_word' id='word_1_254' title='bbox 1122 2139 1279 2196; x_wconf 85' lang='lat' dir='ltr'><strong>atque</strong></span> <span class='ocrx_word' id='word_1_255' title='bbox 1325 2128 1591 2197; x_wconf 85' lang='lat' dir='ltr'><strong>signatum</strong></span> <span class='ocrx_word' id='word_1_256' title='bbox 1616 2170 1630 2194; x_wconf 89' lang='lat'><strong>,</strong></span> <span class='ocrx_word' id='word_1_257' title='bbox 1679 2130 1836 2197; x_wconf 87' lang='lat' dir='ltr'><strong>cujus</strong></span> <span class='ocrx_word' id='word_1_258' title='bbox 1863 2145 1967 2183; x_wconf 92' lang='lat' dir='ltr'><strong>non</strong></span> <span class='ocrx_word' id='word_1_259' title='bbox 2005 2131 2278 2184; x_wconf 85' lang='lat' dir='ltr'><strong>character</strong></span> 
     </span>
    </p>
   </div>
   <div class='ocr_carea' id='block_1_34' title="bbox 2308 2125 3883 2197">
    <p class='ocr_par' dir='ltr' id='par_1_34' title="bbox 2376 2125 3883 2195">
     <span class='ocr_line' id='line_1_34' title="bbox 2376 2125 3883 2195; baseline -0.001 -16"><span class='ocrx_word' id='word_1_260' title='bbox 2376 2125 2538 2188; x_wconf 75' lang='grc' dir='ltr'>ἀΐδιος</span> <span class='ocrx_word' id='word_1_261' title='bbox 2563 2125 2749 2192; x_wconf 84' lang='grc' dir='ltr'>Λόγος.</span> <span class='ocrx_word' id='word_1_262' title='bbox 2786 2143 2803 2174; x_wconf 76' lang='grc' dir='ltr'><strong>ι</strong></span> <span class='ocrx_word' id='word_1_263' title='bbox 2856 2125 3164 2177; x_wconf 84' lang='grc' dir='ltr'>Ἐνέπνευσε</span> <span class='ocrx_word' id='word_1_264' title='bbox 3228 2125 3354 2194; x_wconf 75' lang='grc' dir='ltr'>γὰρ,</span> <span class='ocrx_word' id='word_1_265' title='bbox 3404 2127 3585 2195; x_wconf 81' lang='grc' dir='ltr'>φησὶν,</span> <span class='ocrx_word' id='word_1_266' title='bbox 3634 2128 3663 2178; x_wconf 86' lang='grc' dir='ltr'>ὁ</span> <span class='ocrx_word' id='word_1_267' title='bbox 3704 2127 3883 2189; x_wconf 49' lang='lat' dir='ltr'><strong>Debuit;</strong></span> 
     </span>
    </p>
   </div>
   <div class='ocr_carea' id='block_1_35' title="bbox 735 2215 2310 2288">
    <p class='ocr_par' dir='ltr' id='par_1_35' title="bbox 735 2217 2274 2288">
     <span class='ocr_line' id='line_1_35' title="bbox 735 2217 2274 2288; baseline 0.002 -17"><span class='ocrx_word' id='word_1_268' title='bbox 735 2217 894 2281; x_wconf 90' lang='lat' dir='ltr'><strong>alius,</strong></span> <span class='ocrx_word' id='word_1_269' title='bbox 915 2232 1075 2286; x_wconf 88' lang='lat' dir='ltr'><strong>quam</strong></span> <span class='ocrx_word' id='word_1_270' title='bbox 1105 2218 1424 2286; x_wconf 90' lang='lat' dir='ltr'><strong>sempiterna</strong></span> <span class='ocrx_word' id='word_1_271' title='bbox 1452 2219 1588 2271; x_wconf 88' lang='lat' dir='ltr'><strong>ratio</strong></span> <span class='ocrx_word' id='word_1_272' title='bbox 1612 2219 1696 2272; x_wconf 90' lang='lat' dir='ltr'><strong>sit.</strong></span> <span class='ocrx_word' id='word_1_273' title='bbox 1739 2217 2049 2288; x_wconf 69' lang='lat' dir='ltr'><strong>«inspiravit</strong></span> <span class='ocrx_word' id='word_1_274' title='bbox 2112 2222 2274 2286; x_wconf 89' lang='lat' dir='ltr'><strong>enim,</strong></span> 
     </span>
    </p>
   </div>
   <div class='ocr_carea' id='block_1_36' title="bbox 2314 2215 3889 2288">
    <p class='ocr_par' dir='ltr' id='par_1_36' title="bbox 2375 2215 3889 2287">
     <span class='ocr_line' id='line_1_36' title="bbox 2375 2215 3889 2287; baseline -0.001 -18"><span class='ocrx_word' id='word_1_275' title='bbox 2375 2217 2434 2269; x_wconf 87' lang='grc' dir='ltr'>τὺ</span> <span class='ocrx_word' id='word_1_276' title='bbox 2458 2217 2743 2287; x_wconf 84' lang='grc' dir='ltr'>πρόσωπον</span> <span class='ocrx_word' id='word_1_277' title='bbox 2768 2215 2930 2269; x_wconf 85' lang='grc' dir='ltr'>αὑτοῦ</span> <span class='ocrx_word' id='word_1_278' title='bbox 2962 2217 3127 2286; x_wconf 83' lang='grc' dir='ltr'>πνοὴν</span> <span class='ocrx_word' id='word_1_279' title='bbox 3153 2217 3313 2286; x_wconf 78' lang='grc' dir='ltr'>ζωῆς,</span> <span class='ocrx_word' id='word_1_280' title='bbox 3359 2217 3451 2268; x_wconf 70' lang='grc' dir='ltr'>καὶ</span> <span class='ocrx_word' id='word_1_281' title='bbox 3478 2217 3692 2284; x_wconf 74' lang='grc' dir='ltr'>ἐγένετο</span> <span class='ocrx_word' id='word_1_282' title='bbox 3725 2217 3889 2287; x_wconf 78' lang='grc' dir='ltr'>ἀνθρω-</span> 
     </span>
    </p>
   </div>
   <div class='ocr_carea' id='block_1_37' title="bbox 740 2305 2315 2377">
    <p class='ocr_par' dir='ltr' id='par_1_37' title="bbox 740 2305 2279 2376">
     <span class='ocr_line' id='line_1_37' title="bbox 740 2305 2279 2376; baseline 0.004 -18"><span class='ocrx_word' id='word_1_283' title='bbox 740 2305 946 2374; x_wconf 88' lang='lat' dir='ltr'><strong>inquit,</strong></span> <span class='ocrx_word' id='word_1_284' title='bbox 1003 2305 1141 2359; x_wconf 86' lang='lat' dir='ltr'><strong>Deus</strong></span> <span class='ocrx_word' id='word_1_285' title='bbox 1183 2308 1236 2358; x_wconf 90' lang='lat' dir='ltr'><strong>in</strong></span> <span class='ocrx_word' id='word_1_286' title='bbox 1291 2305 1478 2361; x_wconf 91' lang='lat' dir='ltr'><strong>faciem</strong></span> <span class='ocrx_word' id='word_1_287' title='bbox 1525 2308 1641 2376; x_wconf 89' lang='lat' dir='ltr'><strong>ejus</strong></span> <span class='ocrx_word' id='word_1_288' title='bbox 1675 2309 1996 2376; x_wconf 89' lang='lat' dir='ltr'><strong>spiraculum</strong></span> <span class='ocrx_word' id='word_1_289' title='bbox 2047 2309 2196 2373; x_wconf 64' lang='lat' dir='ltr'><strong>vitae,</strong></span> <span class='ocrx_word' id='word_1_290' title='bbox 2227 2321 2279 2364; x_wconf 89' lang='lat' dir='ltr'><strong>et</strong></span> 
     </span>
    </p>
   </div>
   <div class='ocr_carea' id='block_1_38' title="bbox 2315 2305 3890 2377">
    <p class='ocr_par' dir='ltr' id='par_1_38' title="bbox 2379 2307 3890 2377">
     <span class='ocr_line' id='line_1_38' title="bbox 2379 2307 3890 2377; baseline -0.001 -17"><span class='ocrx_word' id='word_1_291' title='bbox 2379 2326 2478 2370; x_wconf 89' lang='grc' dir='ltr'><strong>πος</strong></span> <span class='ocrx_word' id='word_1_292' title='bbox 2507 2309 2585 2370; x_wconf 88' lang='grc' dir='ltr'><strong>εἰς</strong></span> <span class='ocrx_word' id='word_1_293' title='bbox 2612 2307 2787 2376; x_wconf 78' lang='grc' dir='ltr'>ψυχὴν</span> <span class='ocrx_word' id='word_1_294' title='bbox 2821 2307 3050 2370; x_wconf 80' lang='grc' dir='ltr'>ζῶσαν.)</span> <span class='ocrx_word' id='word_1_295' title='bbox 3086 2308 3244 2358; x_wconf 85' lang='grc' dir='ltr'>Ὥστε</span> <span class='ocrx_word' id='word_1_296' title='bbox 3303 2307 3512 2377; x_wconf 81' lang='grc' dir='ltr'>ἀνάγκη</span> <span class='ocrx_word' id='word_1_297' title='bbox 3553 2309 3685 2377; x_wconf 82' lang='grc' dir='ltr'>πρὸς</span> <span class='ocrx_word' id='word_1_298' title='bbox 3725 2310 3801 2360; x_wconf 82' lang='grc' dir='ltr'><strong>τὸν</strong></span> <span class='ocrx_word' id='word_1_299' title='bbox 3823 2309 3890 2358; x_wconf 68' lang='grc' dir='ltr'>ὲκε</span> 
     </span>
    </p>
   </div>
   <div class='ocr_carea' id='block_1_39' title="bbox 733 2378 2308 2468">
    <p class='ocr_par' dir='ltr' id='par_1_39' title="bbox 733 2378 2277 2468">
     <span class='ocr_line' id='line_1_39' title="bbox 733 2378 2277 2468; baseline 0.002 -18"><span class='ocrx_word' id='word_1_300' title='bbox 733 2395 909 2450; x_wconf 83' lang='lat' dir='ltr'><strong>factus</strong></span> <span class='ocrx_word' id='word_1_301' title='bbox 941 2405 1022 2449; x_wconf 88' lang='lat' dir='ltr'><strong>est</strong></span> <span class='ocrx_word' id='word_1_302' title='bbox 1057 2396 1216 2449; x_wconf 89' lang='lat' dir='ltr'><strong>homo</strong></span> <span class='ocrx_word' id='word_1_303' title='bbox 1250 2397 1300 2449; x_wconf 92' lang='lat' dir='ltr'><strong>in</strong></span> <span class='ocrx_word' id='word_1_304' title='bbox 1333 2398 1562 2450; x_wconf 81' lang='lat' dir='ltr'><strong>animam</strong></span> <span class='ocrx_word' id='word_1_305' title='bbox 1591 2378 1874 2452; x_wconf 77' lang='lat' dir='ltr'><strong>viventem.</strong></span> <span class='ocrx_word' id='word_1_306' title='bbox 1918 2418 1936 2449; x_wconf 74' lang='grc' dir='ltr'><strong>ι</strong></span> <span class='ocrx_word' id='word_1_307' title='bbox 1974 2398 2157 2468; x_wconf 84' lang='lat' dir='ltr'><strong>Itaque</strong></span> <span class='ocrx_word' id='word_1_308' title='bbox 2184 2417 2277 2453; x_wconf 90' lang='lat' dir='ltr'><strong>ne-</strong></span> 
     </span>
    </p>
   </div>
   <div class='ocr_carea' id='block_1_40' title="bbox 2317 2378 3892 2468">
    <p class='ocr_par' dir='ltr' id='par_1_40' title="bbox 2378 2397 3892 2467">
     <span class='ocr_line' id='line_1_40' title="bbox 2378 2397 3892 2467; baseline 0.002 -19"><span class='ocrx_word' id='word_1_309' title='bbox 2378 2398 2658 2466; x_wconf 76' lang='grc' dir='ltr'>πέμποντα</span> <span class='ocrx_word' id='word_1_310' title='bbox 2684 2409 2708 2437; x_wconf 71' lang='grc'>⁸</span> <span class='ocrx_word' id='word_1_311' title='bbox 2735 2399 2823 2449; x_wconf 86' lang='grc' dir='ltr'><strong>τὸν</strong></span> <span class='ocrx_word' id='word_1_312' title='bbox 2847 2398 3127 2467; x_wconf 80' lang='grc' dir='ltr'>δεχόμενον</span> <span class='ocrx_word' id='word_1_313' title='bbox 3151 2397 3601 2462; x_wconf 74' lang='grc' dir='ltr'>ἀπεικονίζεσθαι·</span> <span class='ocrx_word' id='word_1_314' title='bbox 3635 2399 3713 2451; x_wconf 83' lang='grc' dir='ltr'><strong>διὸ</strong></span> <span class='ocrx_word' id='word_1_315' title='bbox 3735 2400 3813 2451; x_wconf 75' lang='grc' dir='ltr'><strong>καὶ</strong></span> <span class='ocrx_word' id='word_1_316' title='bbox 3831 2397 3892 2450; x_wconf 80' lang='grc' dir='ltr'><strong>λέ-</strong></span> 
     </span>
    </p>
   </div>
   <div class='ocr_carea' id='block_1_41' title="bbox 735 2486 2310 2560">
    <p class='ocr_par' dir='ltr' id='par_1_41' title="bbox 735 2486 2276 2560">
     <span class='ocr_line' id='line_1_41' title="bbox 735 2486 2276 2560; baseline 0.002 -20"><span class='ocrx_word' id='word_1_317' title='bbox 735 2501 886 2540; x_wconf 89' lang='lat' dir='ltr'><strong>cesse</strong></span> <span class='ocrx_word' id='word_1_318' title='bbox 933 2486 1056 2551; x_wconf 90' lang='lat' dir='ltr'><strong>fuit,</strong></span> <span class='ocrx_word' id='word_1_319' title='bbox 1097 2487 1189 2556; x_wconf 93' lang='lat' dir='ltr'><strong>qui</strong></span> <span class='ocrx_word' id='word_1_320' title='bbox 1251 2488 1491 2556; x_wconf 85' lang='lat' dir='ltr'><strong>spiritum</strong></span> <span class='ocrx_word' id='word_1_321' title='bbox 1535 2488 1684 2542; x_wconf 90' lang='lat' dir='ltr'><strong>illum</strong></span> <span class='ocrx_word' id='word_1_322' title='bbox 1711 2490 1996 2558; x_wconf 81' lang='lat' dir='ltr'><strong>exciperet,</strong></span> <span class='ocrx_word' id='word_1_323' title='bbox 2039 2491 2156 2558; x_wconf 87' lang='lat' dir='ltr'><strong>ejus</strong></span> <span class='ocrx_word' id='word_1_324' title='bbox 2187 2491 2276 2560; x_wconf 91' lang='lat' dir='ltr'><strong>qui</strong></span> 
     </span>
    </p>
   </div>
   <div class='ocr_carea' id='block_1_42' title="bbox 2315 2486 3890 2560">
    <p class='ocr_par' dir='ltr' id='par_1_42' title="bbox 2377 2489 3890 2559">
     <span class='ocr_line' id='line_1_42' title="bbox 2377 2489 3890 2559; baseline 0.001 -19"><span class='ocrx_word' id='word_1_325' title='bbox 2377 2505 2529 2555; x_wconf 87' lang='grc' dir='ltr'>γεται</span> <span class='ocrx_word' id='word_1_326' title='bbox 2567 2490 2684 2541; x_wconf 76' lang='grc' dir='ltr'>κατ’</span> <span class='ocrx_word' id='word_1_327' title='bbox 2709 2489 2888 2541; x_wconf 87' lang='grc' dir='ltr'>εἰκόνα</span> <span class='ocrx_word' id='word_1_328' title='bbox 2918 2490 3049 2543; x_wconf 83' lang='grc' dir='ltr'>Θεοῦ</span> <span class='ocrx_word' id='word_1_329' title='bbox 3100 2489 3189 2541; x_wconf 83' lang='grc' dir='ltr'><strong>τὸν</strong></span> <span class='ocrx_word' id='word_1_330' title='bbox 3241 2489 3520 2559; x_wconf 82' lang='grc' dir='ltr'>ἄνθρωπον</span> <span class='ocrx_word' id='word_1_331' title='bbox 3573 2492 3820 2558; x_wconf 81' lang='grc' dir='ltr'>γενέσθαι,</span> <span class='ocrx_word' id='word_1_332' title='bbox 3848 2491 3890 2542; x_wconf 75' lang='grc' dir='ltr'>οὗ</span> 
     </span>
    </p>
   </div>
   <div class='ocr_carea' id='block_1_43' title="bbox 737 2579 2312 2649">
    <p class='ocr_par' dir='ltr' id='par_1_43' title="bbox 737 2579 2276 2649">
     <span class='ocr_line' id='line_1_43' title="bbox 737 2579 2276 2649; baseline 0 -16"><span class='ocrx_word' id='word_1_333' title='bbox 737 2579 1043 2647; x_wconf 87' lang='lat' dir='ltr'><strong>inspiraret,</strong></span> <span class='ocrx_word' id='word_1_334' title='bbox 1072 2579 1470 2633; x_wconf 85' lang='lat' dir='ltr'><strong>similitudinem</strong></span> <span class='ocrx_word' id='word_1_335' title='bbox 1503 2580 1730 2644; x_wconf 82' lang='lat' dir='ltr'><strong>referre;</strong></span> <span class='ocrx_word' id='word_1_336' title='bbox 1777 2595 1838 2633; x_wconf 91' lang='lat' dir='ltr'><strong>ac</strong></span> <span class='ocrx_word' id='word_1_337' title='bbox 1865 2589 2140 2649; x_wconf 87' lang='lat' dir='ltr'><strong>propterea</strong></span> <span class='ocrx_word' id='word_1_338' title='bbox 2175 2597 2276 2636; x_wconf 91' lang='lat' dir='ltr'><strong>non</strong></span> 
     </span>
    </p>
   </div>
   <div class='ocr_carea' id='block_1_44' title="bbox 2319 2579 3894 2649">
    <p class='ocr_par' dir='ltr' id='par_1_44' title="bbox 2382 2579 3894 2649">
     <span class='ocr_line' id='line_1_44' title="bbox 2382 2579 3894 2649; baseline 0 -18"><span class='ocrx_word' id='word_1_339' title='bbox 2382 2579 2486 2649; x_wconf 83' lang='grc' dir='ltr'>μὴν</span> <span class='ocrx_word' id='word_1_340' title='bbox 2527 2582 2643 2632; x_wconf 79' lang='grc' dir='ltr'>κατ’</span> <span class='ocrx_word' id='word_1_341' title='bbox 2669 2580 2849 2634; x_wconf 83' lang='grc' dir='ltr'>εἰκόνα</span> <span class='ocrx_word' id='word_1_342' title='bbox 2894 2581 3036 2642; x_wconf 73' lang='grc' dir='ltr'>τινὸς</span> <span class='ocrx_word' id='word_1_343' title='bbox 3087 2580 3195 2632; x_wconf 84' lang='grc' dir='ltr'><strong>τῶν</strong></span> <span class='ocrx_word' id='word_1_344' title='bbox 3247 2582 3563 2648; x_wconf 52' lang='grc' dir='ltr'>γεγονότωνς</span> <span class='ocrx_word' id='word_1_345' title='bbox 3631 2580 3894 2634; x_wconf 74' lang='grc' dir='ltr'>Ἀκόλουθον</span> 
     </span>
    </p>
   </div>
   <div class='ocr_carea' id='block_1_45' title="bbox 735 2666 2310 2743">
    <p class='ocr_par' dir='ltr' id='par_1_45' title="bbox 735 2670 2280 2741">
     <span class='ocr_line' id='line_1_45' title="bbox 735 2670 2280 2741; baseline 0.001 -17"><span class='ocrx_word' id='word_1_346' title='bbox 735 2670 804 2724; x_wconf 86' lang='lat' dir='ltr'><strong>ad</strong></span> <span class='ocrx_word' id='word_1_347' title='bbox 835 2670 992 2722; x_wconf 91' lang='lat' dir='ltr'><strong>ullius</strong></span> <span class='ocrx_word' id='word_1_348' title='bbox 1020 2679 1294 2730; x_wconf 69' lang='lat' dir='ltr'><strong>creaturae,</strong></span> <span class='ocrx_word' id='word_1_349' title='bbox 1337 2672 1425 2724; x_wconf 89' lang='lat' dir='ltr'><strong>sed</strong></span> <span class='ocrx_word' id='word_1_350' title='bbox 1460 2670 1548 2723; x_wconf 88' lang='lat' dir='ltr'><strong>Dei</strong></span> <span class='ocrx_word' id='word_1_351' title='bbox 1580 2673 1736 2724; x_wconf 92' lang='lat' dir='ltr'><strong>unius</strong></span> <span class='ocrx_word' id='word_1_352' title='bbox 1769 2672 2049 2741; x_wconf 80' lang='lat' dir='ltr'><strong>imaginem</strong></span> <span class='ocrx_word' id='word_1_353' title='bbox 2111 2672 2280 2726; x_wconf 90' lang='lat' dir='ltr'><strong>factus</strong></span> 
     </span>
    </p>
   </div>
   <div class='ocr_carea' id='block_1_46' title="bbox 2317 2666 3892 2743">
    <p class='ocr_par' dir='ltr' id='par_1_46' title="bbox 2377 2666 3892 2743">
     <span class='ocr_line' id='line_1_46' title="bbox 2377 2666 3892 2743; baseline 0.001 -22"><span class='ocrx_word' id='word_1_354' title='bbox 2377 2666 2466 2722; x_wconf 79' lang='grc' dir='ltr'>οὖν</span> <span class='ocrx_word' id='word_1_355' title='bbox 2496 2667 2561 2741; x_wconf 84' lang='grc' dir='ltr'>ἦν</span> <span class='ocrx_word' id='word_1_356' title='bbox 2595 2672 2689 2741; x_wconf 91' lang='grc' dir='ltr'><strong>τῆς</strong></span> <span class='ocrx_word' id='word_1_357' title='bbox 2716 2670 2995 2740; x_wconf 86' lang='grc' dir='ltr'>ἀνθρώπου</span> <span class='ocrx_word' id='word_1_358' title='bbox 3016 2671 3212 2741; x_wconf 75' lang='grc' dir='ltr'>ψυχῆς,</span> <span class='ocrx_word' id='word_1_359' title='bbox 3241 2671 3379 2724; x_wconf 82' lang='grc' dir='ltr'><strong>κατά</strong></span> <span class='ocrx_word' id='word_1_360' title='bbox 3400 2673 3487 2724; x_wconf 80' lang='grc' dir='ltr'><strong>τὸν</strong></span> <span class='ocrx_word' id='word_1_361' title='bbox 3522 2673 3805 2743; x_wconf 76' lang='grc' dir='ltr'>ἀρχέτυπον</span> <span class='ocrx_word' id='word_1_362' title='bbox 3824 2669 3892 2724; x_wconf 70' lang='grc' dir='ltr'>τῡᾶ</span> 
     </span>
    </p>
   </div>
   <div class='ocr_carea' id='block_1_47' title="bbox 737 2759 2312 2833">
    <p class='ocr_par' dir='ltr' id='par_1_47' title="bbox 737 2759 2278 2832">
     <span class='ocr_line' id='line_1_47' title="bbox 737 2759 2278 2832; baseline 0.001 -18"><span class='ocrx_word' id='word_1_363' title='bbox 737 2759 903 2814; x_wconf 83' lang='lat' dir='ltr'><strong>homo</strong></span> <span class='ocrx_word' id='word_1_364' title='bbox 930 2759 1144 2813; x_wconf 90' lang='lat' dir='ltr'><strong>dicitur.</strong></span> <span class='ocrx_word' id='word_1_365' title='bbox 1181 2759 1277 2823; x_wconf 91' lang='lat' dir='ltr'><strong>lta,</strong></span> <span class='ocrx_word' id='word_1_366' title='bbox 1309 2775 1429 2813; x_wconf 88' lang='lat' dir='ltr'><strong>cum</strong></span> <span class='ocrx_word' id='word_1_367' title='bbox 1457 2762 1666 2815; x_wconf 90' lang='lat' dir='ltr'><strong>animus</strong></span> <span class='ocrx_word' id='word_1_368' title='bbox 1694 2762 1926 2817; x_wconf 87' lang='lat' dir='ltr'><strong>hominis</strong></span> <span class='ocrx_word' id='word_1_369' title='bbox 1952 2761 2017 2815; x_wconf 89' lang='lat' dir='ltr'><strong>ad</strong></span> <span class='ocrx_word' id='word_1_370' title='bbox 2047 2764 2278 2832; x_wconf 90' lang='lat' dir='ltr'><strong>primum</strong></span> 
     </span>
    </p>
   </div>
   <div class='ocr_carea' id='block_1_48' title="bbox 2391 2759 3966 2833">
    <p class='ocr_par' dir='ltr' id='par_1_48' title="bbox 2391 2763 3891 2833">
     <span class='ocr_line' id='line_1_48' title="bbox 2391 2763 3891 2833; baseline -0.004 -14"><span class='ocrx_word' id='word_1_371' title='bbox 2391 2765 2548 2819; x_wconf 84' lang='grc' dir='ltr'>ῑίτίου</span> <span class='ocrx_word' id='word_1_372' title='bbox 2575 2765 2726 2832; x_wconf 86' lang='grc' dir='ltr'>λόγον</span> <span class='ocrx_word' id='word_1_373' title='bbox 2752 2764 3229 2832; x_wconf 83' lang='grc' dir='ltr'>ἀπεικονισθείσης,</span> <span class='ocrx_word' id='word_1_374' title='bbox 3248 2764 3420 2816; x_wconf 79' lang='grc' dir='ltr'>καὶτὸ</span> <span class='ocrx_word' id='word_1_375' title='bbox 3449 2765 3606 2831; x_wconf 81' lang='grc' dir='ltr'>σῶμα</span> <span class='ocrx_word' id='word_1_376' title='bbox 3633 2763 3891 2833; x_wconf 74' lang='grc' dir='ltr'>ἀνεγερθὲν,</span> 
     </span>
    </p>
   </div>
   <div class='ocr_carea' id='block_1_49' title="bbox 736 2848 2311 2926">
    <p class='ocr_par' dir='ltr' id='par_1_49' title="bbox 736 2848 2280 2926">
     <span class='ocr_line' id='line_1_49' title="bbox 736 2848 2280 2926; baseline -0.001 -15"><span class='ocrx_word' id='word_1_377' title='bbox 736 2856 866 2911; x_wconf 84' lang='lat' dir='ltr'><strong>illud</strong></span> <span class='ocrx_word' id='word_1_378' title='bbox 890 2862 1125 2912; x_wconf 87' lang='lat' dir='ltr'><strong>auctoris</strong></span> <span class='ocrx_word' id='word_1_379' title='bbox 1159 2859 1238 2911; x_wconf 93' lang='lat' dir='ltr'><strong>sui</strong></span> <span class='ocrx_word' id='word_1_380' title='bbox 1272 2859 1501 2911; x_wconf 86' lang='lat' dir='ltr'><strong>rationis</strong></span> <span class='ocrx_word' id='word_1_381' title='bbox 1537 2857 1806 2926; x_wconf 81' lang='lat' dir='ltr'><strong>exemplar</strong></span> <span class='ocrx_word' id='word_1_382' title='bbox 1831 2855 2200 2912; x_wconf 82' lang='lat' dir='ltr'><strong>conformatus</strong></span> <span class='ocrx_word' id='word_1_383' title='bbox 2224 2848 2280 2910; x_wconf 74' lang='lat' dir='ltr'><strong>et</strong></span> 
     </span>
    </p>
   </div>
   <div class='ocr_carea' id='block_1_50' title="bbox 2314 2848 3889 2926">
    <p class='ocr_par' dir='ltr' id='par_1_50' title="bbox 2381 2855 3889 2926">
     <span class='ocr_line' id='line_1_50' title="bbox 2381 2855 3889 2926; baseline -0.003 -18"><span class='ocrx_word' id='word_1_384' title='bbox 2381 2857 2515 2926; x_wconf 77' lang='grc' dir='ltr'>πρὸς</span> <span class='ocrx_word' id='word_1_385' title='bbox 2539 2855 2633 2924; x_wconf 82' lang='grc' dir='ltr'>τὴν</span> <span class='ocrx_word' id='word_1_386' title='bbox 2659 2855 3047 2925; x_wconf 78' lang='grc' dir='ltr'>καθαρωτάτην</span> <span class='ocrx_word' id='word_1_387' title='bbox 3079 2856 3169 2907; x_wconf 86' lang='grc' dir='ltr'><strong>τοῦ</strong></span> <span class='ocrx_word' id='word_1_388' title='bbox 3217 2855 3414 2917; x_wconf 75' lang='grc' dir='ltr'>παντὸς</span> <span class='ocrx_word' id='word_1_389' title='bbox 3453 2858 3666 2926; x_wconf 86' lang='grc' dir='ltr'>μοῖραν,</span> <span class='ocrx_word' id='word_1_390' title='bbox 3693 2855 3889 2924; x_wconf 60' lang='grc' dir='ltr'>οὐρανόν,</span> 
     </span>
    </p>
   </div>
   <div class='ocr_carea' id='block_1_51' title="bbox 737 2931 2312 3016">
    <p class='ocr_par' dir='ltr' id='par_1_51' title="bbox 737 2931 2277 3016">
     <span class='ocr_line' id='line_1_51' title="bbox 737 2931 2277 3016; baseline -0.001 -16"><span class='ocrx_word' id='word_1_391' title='bbox 737 2960 1023 3016; x_wconf 75' lang='lat' dir='ltr'><strong>expressus</strong></span> <span class='ocrx_word' id='word_1_392' title='bbox 1055 2955 1214 3011; x_wconf 86' lang='lat' dir='ltr'><strong>esset,</strong></span> <span class='ocrx_word' id='word_1_393' title='bbox 1263 2946 1378 3016; x_wconf 87' lang='lat' dir='ltr'><strong>ejus</strong></span> <span class='ocrx_word' id='word_1_394' title='bbox 1425 2948 1584 3001; x_wconf 76' lang='lat' dir='ltr'><strong>etiam</strong></span> <span class='ocrx_word' id='word_1_395' title='bbox 1633 2961 1827 3014; x_wconf 85' lang='lat' dir='ltr'><strong>corpus</strong></span> <span class='ocrx_word' id='word_1_396' title='bbox 1873 2931 2119 3001; x_wconf 67' lang='grc' dir='ltr'>οτθοιυιῐι</span> <span class='ocrx_word' id='word_1_397' title='bbox 2140 2961 2277 3010; x_wconf 88' lang='lat' dir='ltr'><strong>esse,</strong></span> 
     </span>
    </p>
   </div>
   <div class='ocr_carea' id='block_1_52' title="bbox 2314 2931 3889 3016">
    <p class='ocr_par' dir='ltr' id='par_1_52' title="bbox 2378 2941 3889 3016">
     <span class='ocr_line' id='line_1_52' title="bbox 2378 2941 3889 3016; baseline -0.001 -18"><span class='ocrx_word' id='word_1_398' title='bbox 2378 2946 2474 3008; x_wconf 84' lang='grc' dir='ltr'>τὰς</span> <span class='ocrx_word' id='word_1_399' title='bbox 2508 2945 2655 3013; x_wconf 63' lang='grc' dir='ltr'>ὄψεις</span> <span class='ocrx_word' id='word_1_400' title='bbox 2679 2946 3001 2998; x_wconf 76' lang='grc' dir='ltr'>ἀνατεῖναι.»</span> <span class='ocrx_word' id='word_1_401' title='bbox 3033 2945 3217 2999; x_wconf 82' lang='grc' dir='ltr'>Ταῦτα</span> <span class='ocrx_word' id='word_1_402' title='bbox 3241 2947 3336 3016; x_wconf 84' lang='grc' dir='ltr'><strong>μὲν</strong></span> <span class='ocrx_word' id='word_1_403' title='bbox 3367 2941 3530 3010; x_wconf 65' lang='grc' dir='ltr'>οὗτος.</span> <span class='ocrx_word' id='word_1_404' title='bbox 3553 2948 3776 3009; x_wconf 82' lang='grc' dir='ltr'>Εἰκότως</span> <span class='ocrx_word' id='word_1_405' title='bbox 3793 2946 3889 3011; x_wconf 69' lang='grc' dir='ltr'>δῆτα</span> 
     </span>
    </p>
   </div>
   <div class='ocr_carea' id='block_1_53' title="bbox 735 3034 2310 3109">
    <p class='ocr_par' dir='ltr' id='par_1_53' title="bbox 735 3034 2278 3105">
     <span class='ocr_line' id='line_1_53' title="bbox 735 3034 2278 3105; baseline 0 -16"><span class='ocrx_word' id='word_1_406' title='bbox 735 3034 1051 3105; x_wconf 67' lang='lat' dir='ltr'><strong>vultumque</strong></span> <span class='ocrx_word' id='word_1_407' title='bbox 1095 3053 1250 3091; x_wconf 87' lang='lat' dir='ltr'><strong>suum</strong></span> <span class='ocrx_word' id='word_1_408' title='bbox 1297 3038 1347 3090; x_wconf 92' lang='lat' dir='ltr'><strong>in</strong></span> <span class='ocrx_word' id='word_1_409' title='bbox 1389 3038 1582 3092; x_wconf 63' lang='lat' dir='ltr'><strong>malum</strong></span> <span class='ocrx_word' id='word_1_410' title='bbox 1603 3078 1617 3101; x_wconf 95' lang='lat'><strong>,</strong></span> <span class='ocrx_word' id='word_1_411' title='bbox 1647 3052 1766 3105; x_wconf 70' lang='lat' dir='ltr'><strong>qua:</strong></span> <span class='ocrx_word' id='word_1_412' title='bbox 1790 3052 1912 3104; x_wconf 84' lang='lat' dir='ltr'><strong>pars</strong></span> <span class='ocrx_word' id='word_1_413' title='bbox 1939 3045 2018 3088; x_wconf 83' lang='lat' dir='ltr'><strong>est</strong></span> <span class='ocrx_word' id='word_1_414' title='bbox 2045 3036 2278 3089; x_wconf 88' lang='lat' dir='ltr'><strong>universi</strong></span> 
     </span>
    </p>
   </div>
   <div class='ocr_carea' id='block_1_54' title="bbox 2309 3034 3884 3109">
    <p class='ocr_par' dir='ltr' id='par_1_54' title="bbox 2381 3035 3884 3109">
     <span class='ocr_line' id='line_1_54' title="bbox 2381 3035 3884 3109; baseline -0.004 -19"><span class='ocrx_word' id='word_1_415' title='bbox 2381 3039 2473 3091; x_wconf 74' lang='grc' dir='ltr'><strong>καὶ</strong></span> <span class='ocrx_word' id='word_1_416' title='bbox 2500 3041 2532 3108; x_wconf 78' lang='grc' dir='ltr'>ἡ</span> <span class='ocrx_word' id='word_1_417' title='bbox 2559 3038 2674 3090; x_wconf 87' lang='grc' dir='ltr'>Θεία</span> <span class='ocrx_word' id='word_1_418' title='bbox 2705 3035 2891 3109; x_wconf 79' lang='grc' dir='ltr'>Γραφὴ</span> <span class='ocrx_word' id='word_1_419' title='bbox 2917 3039 3012 3108; x_wconf 76' lang='grc' dir='ltr'><strong>οὐχ</strong></span> <span class='ocrx_word' id='word_1_420' title='bbox 3036 3038 3109 3101; x_wconf 85' lang='grc' dir='ltr'><strong>ώς</strong></span> <span class='ocrx_word' id='word_1_421' title='bbox 3137 3037 3202 3090; x_wconf 86' lang='grc' dir='ltr'><strong>τά</strong></span> <span class='ocrx_word' id='word_1_422' title='bbox 3229 3037 3390 3090; x_wconf 88' lang='grc' dir='ltr'>λοιπά</span> <span class='ocrx_word' id='word_1_423' title='bbox 3413 3037 3525 3102; x_wconf 68' lang='grc' dir='ltr'>ζῶα</span> <span class='ocrx_word' id='word_1_424' title='bbox 3549 3038 3804 3104; x_wconf 79' lang='grc' dir='ltr'>γεγονέναι</span> <span class='ocrx_word' id='word_1_425' title='bbox 3824 3036 3884 3085; x_wconf 70' lang='grc' dir='ltr'><strong>τὸν</strong></span> 
     </span>
    </p>
   </div>
   <div class='ocr_carea' id='block_1_55' title="bbox 737 3126 2312 3232">
    <p class='ocr_par' dir='ltr' id='par_1_55' title="bbox 737 3126 2312 3223">
     <span class='ocr_line' id='line_1_55' title="bbox 737 3126 2312 3223; baseline -0.001 -42"><span class='ocrx_word' id='word_1_426' title='bbox 737 3129 1046 3197; x_wconf 89' lang='lat' dir='ltr'><strong>purissima,</strong></span> <span class='ocrx_word' id='word_1_427' title='bbox 1080 3143 1395 3182; x_wconf 79' lang='lat' dir='ltr'><strong>conversum</strong></span> <span class='ocrx_word' id='word_1_428' title='bbox 1423 3129 1615 3181; x_wconf 83' lang='lat' dir='ltr'><strong>habere</strong></span> <span class='ocrx_word' id='word_1_429' title='bbox 1641 3128 1925 3196; x_wconf 69' lang='lat' dir='ltr'><strong>oportuit.»</strong></span> <span class='ocrx_word' id='word_1_430' title='bbox 1965 3126 2086 3182; x_wconf 70' lang='lat' dir='ltr'><strong>llaec</strong></span> <span class='ocrx_word' id='word_1_431' title='bbox 2105 3127 2275 3182; x_wconf 86' lang='lat' dir='ltr'><strong>Philo.</strong></span> <span class='ocrx_word' id='word_1_432' title='bbox 2306 3188 2312 3223; x_wconf 49' lang='grc'><strong>⁴</strong></span> 
     </span>
    </p>
   </div>
   <div class='ocr_carea' id='block_1_56' title="bbox 2302 3126 3877 3232">
    <p class='ocr_par' dir='ltr' id='par_1_56' title="bbox 2306 3126 3877 3232">
     <span class='ocr_line' id='line_1_56' title="bbox 2306 3126 3877 3232; baseline -0.006 -48"><span class='ocrx_word' id='word_1_433' title='bbox 2306 3176 2348 3232; x_wconf 75' lang='lat' dir='ltr'><strong>C</strong></span> <span class='ocrx_word' id='word_1_434' title='bbox 2382 3131 2658 3201; x_wconf 81' lang='grc' dir='ltr'>ἄνθρωπόν</span> <span class='ocrx_word' id='word_1_435' title='bbox 2686 3147 2832 3200; x_wconf 78' lang='grc' dir='ltr'>φησι·</span> <span class='ocrx_word' id='word_1_436' title='bbox 2875 3129 2942 3181; x_wconf 83' lang='grc' dir='ltr'>τὰ</span> <span class='ocrx_word' id='word_1_437' title='bbox 3001 3130 3095 3199; x_wconf 85' lang='grc' dir='ltr'><strong>μὲν</strong></span> <span class='ocrx_word' id='word_1_438' title='bbox 3125 3129 3232 3199; x_wconf 75' lang='grc' dir='ltr'>γὰρ</span> <span class='ocrx_word' id='word_1_439' title='bbox 3256 3129 3360 3182; x_wconf 78' lang='grc' dir='ltr'><strong>ἀπὸ</strong></span> <span class='ocrx_word' id='word_1_440' title='bbox 3390 3129 3489 3197; x_wconf 86' lang='grc' dir='ltr'><strong>γῆς</strong></span> <span class='ocrx_word' id='word_1_441' title='bbox 3539 3128 3813 3200; x_wconf 79' lang='grc' dir='ltr'>προελθεῖν,</span> <span class='ocrx_word' id='word_1_442' title='bbox 3828 3126 3877 3176; x_wconf 58' lang='lat' dir='ltr'><strong>iul</strong></span> 
     </span>
    </p>
   </div>
   <div class='ocr_carea' id='block_1_57' title="bbox 737 3217 2312 3292">
    <p class='ocr_par' dir='ltr' id='par_1_57' title="bbox 737 3217 2312 3288">
     <span class='ocr_line' id='line_1_57' title="bbox 737 3217 2312 3288; baseline 0.001 -16"><span class='ocrx_word' id='word_1_443' title='bbox 737 3220 912 3288; x_wconf 80' lang='lat' dir='ltr'><strong>Atque</strong></span> <span class='ocrx_word' id='word_1_444' title='bbox 940 3219 1206 3271; x_wconf 88' lang='lat' dir='ltr'><strong>hominem</strong></span> <span class='ocrx_word' id='word_1_445' title='bbox 1236 3233 1363 3272; x_wconf 87' lang='lat' dir='ltr'><strong>sane</strong></span> <span class='ocrx_word' id='word_1_446' title='bbox 1387 3219 1563 3272; x_wconf 83' lang='lat' dir='ltr'><strong>divina</strong></span> <span class='ocrx_word' id='word_1_447' title='bbox 1590 3218 1886 3288; x_wconf 87' lang='lat' dir='ltr'><strong>Scriptura,</strong></span> <span class='ocrx_word' id='word_1_448' title='bbox 1918 3235 2023 3272; x_wconf 92' lang='lat' dir='ltr'><strong>non</strong></span> <span class='ocrx_word' id='word_1_449' title='bbox 2061 3229 2278 3273; x_wconf 64' lang='lat' dir='ltr'><strong>caetero-</strong></span> <span class='ocrx_word' id='word_1_450' title='bbox 2309 3217 2312 3223; x_wconf 75' lang='grc'>’</span> 
     </span>
    </p>
   </div>
   <div class='ocr_carea' id='block_1_58' title="bbox 2300 3217 3875 3292">
    <p class='ocr_par' dir='ltr' id='par_1_58' title="bbox 2309 3217 3875 3292">
     <span class='ocr_line' id='line_1_58' title="bbox 2309 3217 3875 3292; baseline -0.005 -17"><span class='ocrx_word' id='word_1_451' title='bbox 2309 3217 2348 3232; x_wconf 72' lang='grc'><em>“”</em></span> <span class='ocrx_word' id='word_1_452' title='bbox 2382 3222 2705 3292; x_wconf 73' lang='grc' dir='ltr'>κελεύσματι</span> <span class='ocrx_word' id='word_1_453' title='bbox 2758 3220 2850 3273; x_wconf 85' lang='grc' dir='ltr'><strong>τοῦ</strong></span> <span class='ocrx_word' id='word_1_454' title='bbox 2898 3221 3278 3290; x_wconf 78' lang='grc' dir='ltr'>παμϐασιλὲως</span> <span class='ocrx_word' id='word_1_455' title='bbox 3315 3219 3467 3271; x_wconf 86' lang='grc' dir='ltr'>Θεοῦ·</span> <span class='ocrx_word' id='word_1_456' title='bbox 3516 3218 3584 3270; x_wconf 75' lang='grc' dir='ltr'>τὰ</span> <span class='ocrx_word' id='word_1_457' title='bbox 3654 3219 3698 3271; x_wconf 83' lang='grc' dir='ltr'>δ’</span> <span class='ocrx_word' id='word_1_458' title='bbox 3723 3221 3778 3270; x_wconf 82' lang='grc' dir='ltr'><strong>ἐκ</strong></span> <span class='ocrx_word' id='word_1_459' title='bbox 3810 3217 3875 3284; x_wconf 61' lang='grc' dir='ltr'><strong>τῆς</strong></span> 
     </span>
    </p>
   </div>
   <div class='ocr_carea' id='block_1_59' title="bbox 739 3298 2314 3384">
    <p class='ocr_par' dir='ltr' id='par_1_59' title="bbox 739 3307 2284 3376">
     <span class='ocr_line' id='line_1_59' title="bbox 739 3307 2284 3376; baseline 0.001 -15"><span class='ocrx_word' id='word_1_460' title='bbox 739 3323 858 3361; x_wconf 89' lang='lat' dir='ltr'><strong>rum</strong></span> <span class='ocrx_word' id='word_1_461' title='bbox 888 3307 1237 3360; x_wconf 89' lang='lat' dir='ltr'><strong>animantium</strong></span> <span class='ocrx_word' id='word_1_462' title='bbox 1269 3322 1416 3360; x_wconf 89' lang='lat' dir='ltr'><strong>more</strong></span> <span class='ocrx_word' id='word_1_463' title='bbox 1446 3317 1618 3361; x_wconf 89' lang='lat' dir='ltr'><strong>satum</strong></span> <span class='ocrx_word' id='word_1_464' title='bbox 1649 3322 1795 3372; x_wconf 83' lang='lat' dir='ltr'><strong>esse,</strong></span> <span class='ocrx_word' id='word_1_465' title='bbox 1819 3308 1941 3375; x_wconf 90' lang='lat' dir='ltr'><strong>jure</strong></span> <span class='ocrx_word' id='word_1_466' title='bbox 1987 3308 2284 3376; x_wconf 88' lang='lat' dir='ltr'><strong>meritoque</strong></span> 
     </span>
    </p>
   </div>
   <div class='ocr_carea' id='block_1_60' title="bbox 2314 3298 3889 3384">
    <p class='ocr_par' dir='ltr' id='par_1_60' title="bbox 2383 3298 3889 3384">
     <span class='ocr_line' id='line_1_60' title="bbox 2383 3298 3889 3384; baseline -0.007 -18"><span class='ocrx_word' id='word_1_467' title='bbox 2383 3298 2558 3384; x_wconf 59' lang='grc' dir='ltr'>ὑγράς’</span> <span class='ocrx_word' id='word_1_468' title='bbox 2573 3315 2767 3377; x_wconf 74' lang='grc' dir='ltr'>οὐσίας,</span> <span class='ocrx_word' id='word_1_469' title='bbox 2781 3313 3078 3381; x_wconf 75' lang='grc' dir='ltr'>ἀναπτῆναι</span> <span class='ocrx_word' id='word_1_470' title='bbox 3109 3311 3264 3363; x_wconf 81' lang='grc' dir='ltr'>πάλιν</span> <span class='ocrx_word' id='word_1_471' title='bbox 3305 3309 3466 3361; x_wconf 78' lang='grc' dir='ltr'>αὑτοῦ</span> <span class='ocrx_word' id='word_1_472' title='bbox 3502 3309 3741 3378; x_wconf 69' lang='grc' dir='ltr'>νεύματν</span> <span class='ocrx_word' id='word_1_473' title='bbox 3775 3308 3889 3377; x_wconf 58' lang='grc' dir='ltr'>μόνον</span> 
     </span>
    </p>
   </div>
   <div class='ocr_carea' id='block_1_61' title="bbox 740 3396 2315 3472">
    <p class='ocr_par' dir='ltr' id='par_1_61' title="bbox 740 3396 2281 3468">
     <span class='ocr_line' id='line_1_61' title="bbox 740 3396 2281 3468; baseline 0.001 -18"><span class='ocrx_word' id='word_1_474' title='bbox 740 3399 1066 3468; x_wconf 87' lang='lat' dir='ltr'><strong>pronuntiat.</strong></span> <span class='ocrx_word' id='word_1_475' title='bbox 1123 3396 1376 3466; x_wconf 80' lang='lat' dir='ltr'><strong>Reliquas</strong></span> <span class='ocrx_word' id='word_1_476' title='bbox 1424 3400 1566 3452; x_wconf 88' lang='lat' dir='ltr'><strong>enim</strong></span> <span class='ocrx_word' id='word_1_477' title='bbox 1597 3412 1779 3452; x_wconf 90' lang='lat' dir='ltr'><strong>omnes</strong></span> <span class='ocrx_word' id='word_1_478' title='bbox 1806 3399 1998 3466; x_wconf 85' lang='lat' dir='ltr'><strong>partim</strong></span> <span class='ocrx_word' id='word_1_479' title='bbox 2030 3414 2092 3452; x_wconf 82' lang='lat' dir='ltr'><strong>ex</strong></span> <span class='ocrx_word' id='word_1_480' title='bbox 2120 3408 2281 3462; x_wconf 90' lang='lat' dir='ltr'><strong>terra,</strong></span> 
     </span>
    </p>
   </div>
   <div class='ocr_carea' id='block_1_62' title="bbox 2320 3396 3895 3472">
    <p class='ocr_par' dir='ltr' id='par_1_62' title="bbox 2382 3401 3895 3472">
     <span class='ocr_line' id='line_1_62' title="bbox 2382 3401 3895 3472; baseline -0.005 -16"><span class='ocrx_word' id='word_1_481' title='bbox 2382 3405 2436 3456; x_wconf 83' lang='grc' dir='ltr'><strong>δὲ</strong></span> <span class='ocrx_word' id='word_1_482' title='bbox 2462 3405 2565 3456; x_wconf 80' lang='grc' dir='ltr'><strong>τῶν</strong></span> <span class='ocrx_word' id='word_1_483' title='bbox 2594 3405 2683 3455; x_wconf 76' lang='grc' dir='ltr'>ἐπὶ</span> <span class='ocrx_word' id='word_1_484' title='bbox 2708 3404 2807 3472; x_wconf 89' lang='grc' dir='ltr'><strong>γῆς</strong></span> <span class='ocrx_word' id='word_1_485' title='bbox 2834 3401 2984 3466; x_wconf 80' lang='grc' dir='ltr'>ζώων</span> <span class='ocrx_word' id='word_1_486' title='bbox 3013 3402 3073 3454; x_wconf 80' lang='grc' dir='ltr'><strong>τὸ</strong></span> <span class='ocrx_word' id='word_1_487' title='bbox 3101 3401 3522 3468; x_wconf 80' lang='grc' dir='ltr'>θεοφιλέστατον,</span> <span class='ocrx_word' id='word_1_488' title='bbox 3555 3403 3699 3471; x_wconf 78' lang='grc' dir='ltr'>ἡμᾶς</span> <span class='ocrx_word' id='word_1_489' title='bbox 3719 3402 3895 3460; x_wconf 64' lang='grc' dir='ltr'>αὐτοὺς,</span> 
     </span>
    </p>
   </div>
   <div class='ocr_carea' id='block_1_63' title="bbox 743 3488 2318 3562">
    <p class='ocr_par' dir='ltr' id='par_1_63' title="bbox 743 3488 2282 3558">
     <span class='ocr_line' id='line_1_63' title="bbox 743 3488 2282 3558; baseline 0.001 -17"><span class='ocrx_word' id='word_1_490' title='bbox 743 3488 837 3541; x_wconf 86' lang='lat' dir='ltr'><strong>Dei</strong></span> <span class='ocrx_word' id='word_1_491' title='bbox 881 3489 1222 3557; x_wconf 75' lang='lat' dir='ltr'><strong>praepotentis</strong></span> <span class='ocrx_word' id='word_1_492' title='bbox 1261 3488 1415 3556; x_wconf 88' lang='lat' dir='ltr'><strong>jussu</strong></span> <span class='ocrx_word' id='word_1_493' title='bbox 1467 3488 1748 3557; x_wconf 86' lang='lat' dir='ltr'><strong>prodiisse,</strong></span> <span class='ocrx_word' id='word_1_494' title='bbox 1797 3490 1986 3557; x_wconf 85' lang='lat' dir='ltr'><strong>partim</strong></span> <span class='ocrx_word' id='word_1_495' title='bbox 2043 3490 2282 3558; x_wconf 84' lang='lat' dir='ltr'><strong>ejusdem</strong></span> 
     </span>
    </p>
   </div>
   <div class='ocr_carea' id='block_1_64' title="bbox 2321 3488 3896 3562">
    <p class='ocr_par' dir='ltr' id='par_1_64' title="bbox 2385 3491 3896 3562">
     <span class='ocr_line' id='line_1_64' title="bbox 2385 3491 3896 3562; baseline -0.005 -15"><span class='ocrx_word' id='word_1_496' title='bbox 2385 3496 2500 3547; x_wconf 72' lang='grc' dir='ltr'>κατ’</span> <span class='ocrx_word' id='word_1_497' title='bbox 2526 3494 2706 3546; x_wconf 82' lang='grc' dir='ltr'>εἰκόνα</span> <span class='ocrx_word' id='word_1_498' title='bbox 2731 3492 2862 3545; x_wconf 78' lang='grc' dir='ltr'>Θεοῦ</span> <span class='ocrx_word' id='word_1_499' title='bbox 2893 3494 2983 3545; x_wconf 78' lang='grc' dir='ltr'><strong>καὶ</strong></span> <span class='ocrx_word' id='word_1_500' title='bbox 3013 3492 3131 3545; x_wconf 85' lang='grc' dir='ltr'>καθ’</span> <span class='ocrx_word' id='word_1_501' title='bbox 3165 3491 3416 3562; x_wconf 76' lang='grc' dir='ltr'>ὁμοίωσιν</span> <span class='ocrx_word' id='word_1_502' title='bbox 3439 3492 3537 3561; x_wconf 85' lang='grc' dir='ltr'>τὴν</span> <span class='ocrx_word' id='word_1_503' title='bbox 3561 3493 3731 3562; x_wconf 70' lang='grc' dir='ltr'>ψυχὴν</span> <span class='ocrx_word' id='word_1_504' title='bbox 3774 3507 3896 3559; x_wconf 72' lang='grc' dir='ltr'>γεγο-</span> 
     </span>
    </p>
   </div>
   <div class='ocr_carea' id='block_1_65' title="bbox 741 3576 2316 3654">
    <p class='ocr_par' dir='ltr' id='par_1_65' title="bbox 741 3576 2284 3645">
     <span class='ocr_line' id='line_1_65' title="bbox 741 3576 2284 3645; baseline 0.002 -14"><span class='ocrx_word' id='word_1_505' title='bbox 741 3576 972 3632; x_wconf 84' lang='lat' dir='ltr'><strong>Numine</strong></span> <span class='ocrx_word' id='word_1_506' title='bbox 1025 3592 1088 3630; x_wconf 79' lang='lat' dir='ltr'><strong>ex</strong></span> <span class='ocrx_word' id='word_1_507' title='bbox 1129 3579 1392 3630; x_wconf 90' lang='lat' dir='ltr'><strong>elemento</strong></span> <span class='ocrx_word' id='word_1_508' title='bbox 1439 3578 1725 3631; x_wconf 91' lang='lat' dir='ltr'><strong>humidiori</strong></span> <span class='ocrx_word' id='word_1_509' title='bbox 1791 3579 2069 3645; x_wconf 87' lang='lat' dir='ltr'><strong>evolasse;</strong></span> <span class='ocrx_word' id='word_1_510' title='bbox 2122 3589 2174 3634; x_wconf 90' lang='lat' dir='ltr'><strong>at</strong></span> <span class='ocrx_word' id='word_1_511' title='bbox 2220 3596 2284 3635; x_wconf 85' lang='lat' dir='ltr'><strong>ex</strong></span> 
     </span>
    </p>
   </div>
   <div class='ocr_carea' id='block_1_66' title="bbox 2322 3576 3897 3654">
    <p class='ocr_par' dir='ltr' id='par_1_66' title="bbox 2386 3581 3897 3654">
     <span class='ocr_line' id='line_1_66' title="bbox 2386 3581 3897 3654; baseline -0.007 -17"><span class='ocrx_word' id='word_1_512' title='bbox 2386 3585 2551 3644; x_wconf 84' lang='grc' dir='ltr'>νέναι,</span> <span class='ocrx_word' id='word_1_513' title='bbox 2577 3586 2708 3654; x_wconf 76' lang='grc' dir='ltr'>πρὸς</span> <span class='ocrx_word' id='word_1_514' title='bbox 2733 3585 2759 3636; x_wconf 85' lang='grc' dir='ltr'><em>ὃ</em></span> <span class='ocrx_word' id='word_1_515' title='bbox 2786 3585 2878 3637; x_wconf 68' lang='grc' dir='ltr'>καὶ</span> <span class='ocrx_word' id='word_1_516' title='bbox 2909 3583 3134 3653; x_wconf 79' lang='grc' dir='ltr'>ὁρᾶσθαι</span> <span class='ocrx_word' id='word_1_517' title='bbox 3157 3582 3376 3652; x_wconf 71' lang='grc' dir='ltr'>ἀρχικὸν</span> <span class='ocrx_word' id='word_1_518' title='bbox 3401 3582 3494 3634; x_wconf 67' lang='grc' dir='ltr'><strong>καὶ</strong></span> <span class='ocrx_word' id='word_1_519' title='bbox 3515 3581 3780 3650; x_wconf 76' lang='grc' dir='ltr'>βασιλικὸν</span> <span class='ocrx_word' id='word_1_520' title='bbox 3821 3581 3897 3645; x_wconf 69' lang='grc' dir='ltr'><strong>τὴν</strong></span> 
     </span>
    </p>
   </div>
   <div class='ocr_carea' id='block_1_67' title="bbox 741 3667 2316 3747">
    <p class='ocr_par' dir='ltr' id='par_1_67' title="bbox 741 3667 2282 3742">
     <span class='ocr_line' id='line_1_67' title="bbox 741 3667 2282 3742; baseline 0.003 -21"><span class='ocrx_word' id='word_1_521' title='bbox 741 3669 1029 3731; x_wconf 88' lang='lat' dir='ltr'><strong>omnibus,</strong></span> <span class='ocrx_word' id='word_1_522' title='bbox 1075 3682 1195 3735; x_wconf 73' lang='lat' dir='ltr'><strong>qua:</strong></span> <span class='ocrx_word' id='word_1_523' title='bbox 1245 3667 1297 3719; x_wconf 93' lang='lat' dir='ltr'><strong>in</strong></span> <span class='ocrx_word' id='word_1_524' title='bbox 1351 3676 1488 3720; x_wconf 90' lang='lat' dir='ltr'><strong>terra</strong></span> <span class='ocrx_word' id='word_1_525' title='bbox 1545 3679 1858 3732; x_wconf 90' lang='lat' dir='ltr'><strong>versantur,</strong></span> <span class='ocrx_word' id='word_1_526' title='bbox 1901 3670 2282 3742; x_wconf 80' lang='lat' dir='ltr'><strong>animantibus,</strong></span> 
     </span>
    </p>
   </div>
   <div class='ocr_carea' id='block_1_68' title="bbox 2322 3667 3897 3747">
    <p class='ocr_par' dir='ltr' id='par_1_68' title="bbox 2385 3669 3897 3747">
     <span class='ocr_line' id='line_1_68' title="bbox 2385 3669 3897 3747; baseline -0.005 -19"><span class='ocrx_word' id='word_1_527' title='bbox 2385 3676 2561 3744; x_wconf 86' lang='grc' dir='ltr'>φύσιν,</span> <span class='ocrx_word' id='word_1_528' title='bbox 2587 3677 2741 3747; x_wconf 85' lang='grc' dir='ltr'>μόνον</span> <span class='ocrx_word' id='word_1_529' title='bbox 2773 3694 2829 3729; x_wconf 94' lang='grc' dir='ltr'><strong>τε</strong></span> <span class='ocrx_word' id='word_1_530' title='bbox 2856 3675 2961 3727; x_wconf 84' lang='grc' dir='ltr'><strong>τῶν</strong></span> <span class='ocrx_word' id='word_1_531' title='bbox 2986 3669 3212 3743; x_wconf 71' lang='grc' dir='ltr'>ὲπίγῆς</span> <span class='ocrx_word' id='word_1_532' title='bbox 3242 3670 3376 3726; x_wconf 81' lang='grc' dir='ltr'>εἶναι</span> <span class='ocrx_word' id='word_1_533' title='bbox 3427 3673 3659 3741; x_wconf 76' lang='grc' dir='ltr'>λογικὸν,</span> <span class='ocrx_word' id='word_1_534' title='bbox 3699 3673 3783 3724; x_wconf 79' lang='grc' dir='ltr'><strong>καί</strong></span> <span class='ocrx_word' id='word_1_535' title='bbox 3830 3671 3897 3738; x_wconf 46' lang='lat'><strong>67,-</strong></span> 
     </span>
    </p>
   </div>
   <div class='ocr_carea' id='block_1_69' title="bbox 741 3757 2316 3837">
    <p class='ocr_par' dir='ltr' id='par_1_69' title="bbox 741 3757 2281 3831">
     <span class='ocr_line' id='line_1_69' title="bbox 741 3757 2281 3831; baseline 0.003 -19"><span class='ocrx_word' id='word_1_536' title='bbox 741 3773 908 3812; x_wconf 88' lang='lat' dir='ltr'><strong>unnm</strong></span> <span class='ocrx_word' id='word_1_537' title='bbox 938 3759 1092 3827; x_wconf 85' lang='lat' dir='ltr'><strong>longe</strong></span> <span class='ocrx_word' id='word_1_538' title='bbox 1125 3757 1230 3811; x_wconf 92' lang='lat' dir='ltr'><strong>Deo</strong></span> <span class='ocrx_word' id='word_1_539' title='bbox 1265 3758 1657 3821; x_wconf 80' lang='lat' dir='ltr'><strong>cliarissimnm,</strong></span> <span class='ocrx_word' id='word_1_540' title='bbox 1689 3775 1806 3825; x_wconf 90' lang='lat' dir='ltr'><strong>nos,</strong></span> <span class='ocrx_word' id='word_1_541' title='bbox 1843 3761 2078 3830; x_wconf 90' lang='lat' dir='ltr'><strong>inquam,</strong></span> <span class='ocrx_word' id='word_1_542' title='bbox 2120 3764 2281 3831; x_wconf 91' lang='lat' dir='ltr'><strong>ipsos,</strong></span> 
     </span>
    </p>
   </div>
   <div class='ocr_carea' id='block_1_70' title="bbox 2318 3757 3893 3837">
    <p class='ocr_par' dir='ltr' id='par_1_70' title="bbox 2388 3761 3893 3837">
     <span class='ocr_line' id='line_1_70' title="bbox 2388 3761 3893 3837; baseline -0.005 -19"><span class='ocrx_word' id='word_1_543' title='bbox 2388 3768 2718 3837; x_wconf 80' lang='grc' dir='ltr'>μιουργικδν,</span> <span class='ocrx_word' id='word_1_544' title='bbox 2755 3768 2846 3818; x_wconf 74' lang='grc' dir='ltr'><strong>καί</strong></span> <span class='ocrx_word' id='word_1_545' title='bbox 2873 3766 3130 3834; x_wconf 77' lang='grc' dir='ltr'>κριτικὸν,</span> <span class='ocrx_word' id='word_1_546' title='bbox 3156 3766 3245 3817; x_wconf 71' lang='grc' dir='ltr'><strong>καὶ</strong></span> <span class='ocrx_word' id='word_1_547' title='bbox 3269 3764 3630 3833; x_wconf 86' lang='grc' dir='ltr'>νομοθετικὺν,</span> <span class='ocrx_word' id='word_1_548' title='bbox 3659 3761 3837 3830; x_wconf 71' lang='grc' dir='ltr'>τεχνῶν</span> 
     </span>
    </p>
   </div>
   <div class='ocr_carea' id='block_1_71' title="bbox 743 3837 2318 3927">
    <p class='ocr_par' dir='ltr' id='par_1_71' title="bbox 743 3848 2284 3920">
     <span class='ocr_line' id='line_1_71' title="bbox 743 3848 2284 3920; baseline 0.003 -18"><span class='ocrx_word' id='word_1_549' title='bbox 743 3848 810 3902; x_wconf 87' lang='lat' dir='ltr'><strong>ad</strong></span> <span class='ocrx_word' id='word_1_550' title='bbox 835 3849 1116 3914; x_wconf 76' lang='lat' dir='ltr'><strong>imaginem</strong></span> <span class='ocrx_word' id='word_1_551' title='bbox 1144 3864 1205 3903; x_wconf 88' lang='lat' dir='ltr'><strong>ac</strong></span> <span class='ocrx_word' id='word_1_552' title='bbox 1238 3849 1639 3904; x_wconf 88' lang='lat' dir='ltr'><strong>similitudinem</strong></span> <span class='ocrx_word' id='word_1_553' title='bbox 1676 3850 1764 3904; x_wconf 85' lang='lat' dir='ltr'><strong>Dei</strong></span> <span class='ocrx_word' id='word_1_554' title='bbox 1807 3862 2114 3920; x_wconf 86' lang='lat' dir='ltr'><strong>procreatos</strong></span> <span class='ocrx_word' id='word_1_555' title='bbox 2167 3856 2284 3907; x_wconf 91' lang='lat' dir='ltr'><strong>ani-</strong></span> 
     </span>
    </p>
   </div>
   <div class='ocr_carea' id='block_1_72' title="bbox 2323 3837 3898 3927">
    <p class='ocr_par' dir='ltr' id='par_1_72' title="bbox 2385 3847 3898 3927">
     <span class='ocr_line' id='line_1_72' title="bbox 2385 3847 3898 3927; baseline -0.005 -19"><span class='ocrx_word' id='word_1_556' title='bbox 2385 3859 2477 3909; x_wconf 76' lang='grc' dir='ltr'>γαὶ</span> <span class='ocrx_word' id='word_1_557' title='bbox 2507 3856 2817 3927; x_wconf 73' lang='grc' dir='ltr'>ἐπιστημῶν</span> <span class='ocrx_word' id='word_1_558' title='bbox 2850 3857 3269 3926; x_wconf 85' lang='grc' dir='ltr'>καταληπτικόν.</span> <span class='ocrx_word' id='word_1_559' title='bbox 3314 3853 3462 3908; x_wconf 81' lang='grc' dir='ltr'>Εἶναι</span> <span class='ocrx_word' id='word_1_560' title='bbox 3492 3847 3600 3926; x_wconf 78' lang='grc' dir='ltr'>γὰρ</span> <span class='ocrx_word' id='word_1_561' title='bbox 3647 3855 3797 3924; x_wconf 82' lang='grc' dir='ltr'>μόνην</span> <span class='ocrx_word' id='word_1_562' title='bbox 3822 3852 3898 3918; x_wconf 59' lang='grc' dir='ltr'>τὴν</span> 
     </span>
    </p>
   </div>
   <div class='ocr_carea' id='block_1_73' title="bbox 745 3934 2320 4017">
    <p class='ocr_par' dir='ltr' id='par_1_73' title="bbox 745 3938 2285 4013">
     <span class='ocr_line' id='line_1_73' title="bbox 745 3938 2285 4013; baseline 0.005 -21"><span class='ocrx_word' id='word_1_563' title='bbox 745 3954 940 4007; x_wconf 91' lang='lat' dir='ltr'><strong>moque</strong></span> <span class='ocrx_word' id='word_1_564' title='bbox 973 3938 1222 4006; x_wconf 58' lang='lat' dir='ltr'><strong>prsiditos</strong></span> <span class='ocrx_word' id='word_1_565' title='bbox 1259 3939 1427 3994; x_wconf 90' lang='lat' dir='ltr'><strong>fuisse</strong></span> <span class='ocrx_word' id='word_1_566' title='bbox 1473 3959 1486 3993; x_wconf 75' lang='grc' dir='ltr'>ε</span> <span class='ocrx_word' id='word_1_567' title='bbox 1538 3941 1786 4009; x_wconf 82' lang='lat' dir='ltr'><strong>quocirca</strong></span> <span class='ocrx_word' id='word_1_568' title='bbox 1816 3945 2108 4013; x_wconf 88' lang='lat' dir='ltr'><strong>principem</strong></span> <span class='ocrx_word' id='word_1_569' title='bbox 2139 3945 2192 3997; x_wconf 89' lang='lat' dir='ltr'><strong>in</strong></span> <span class='ocrx_word' id='word_1_570' title='bbox 2221 3960 2285 4000; x_wconf 90' lang='lat' dir='ltr'><strong>eo</strong></span> 
     </span>
    </p>
   </div>
   <div class='ocr_carea' id='block_1_74' title="bbox 2323 3934 3898 4017">
    <p class='ocr_par' dir='ltr' id='par_1_74' title="bbox 2384 3934 3898 4017">
     <span class='ocr_line' id='line_1_74' title="bbox 2384 3934 3898 4017; baseline -0.003 -19"><span class='ocrx_word' id='word_1_571' title='bbox 2384 3948 2442 4017; x_wconf 76' lang='grc' dir='ltr'><strong>ἐν</strong></span> <span class='ocrx_word' id='word_1_572' title='bbox 2466 3944 2728 4015; x_wconf 79' lang='grc' dir='ltr'>ἀνθρώπῳ</span> <span class='ocrx_word' id='word_1_573' title='bbox 2758 3944 2951 4015; x_wconf 72' lang='grc' dir='ltr'>ψυχὴν,</span> <span class='ocrx_word' id='word_1_574' title='bbox 2990 3943 3179 4012; x_wconf 81' lang='grc' dir='ltr'>νοερὰν</span> <span class='ocrx_word' id='word_1_575' title='bbox 3239 3943 3331 3995; x_wconf 74' lang='grc' dir='ltr'>καὶ</span> <span class='ocrx_word' id='word_1_576' title='bbox 3379 3943 3596 4013; x_wconf 86' lang='grc' dir='ltr'>λογικὴν</span> <span class='ocrx_word' id='word_1_577' title='bbox 3639 3942 3821 4002; x_wconf 80' lang='grc' dir='ltr'>οὐσίαν,</span> <span class='ocrx_word' id='word_1_578' title='bbox 3846 3934 3898 4006; x_wconf 74' lang='grc' dir='ltr'><strong>ἧς</strong></span> 
     </span>
    </p>
   </div>
   <div class='ocr_carea' id='block_1_75' title="bbox 742 4029 2317 4106">
    <p class='ocr_par' dir='ltr' id='par_1_75' title="bbox 742 4030 2285 4102">
     <span class='ocr_line' id='line_1_75' title="bbox 742 4030 2285 4102; baseline 0.003 -18"><span class='ocrx_word' id='word_1_579' title='bbox 742 4030 1027 4102; x_wconf 88' lang='lat' dir='ltr'><strong>quamdam</strong></span> <span class='ocrx_word' id='word_1_580' title='bbox 1074 4031 1290 4099; x_wconf 80' lang='lat' dir='ltr'><strong>agnosci</strong></span> <span class='ocrx_word' id='word_1_581' title='bbox 1341 4031 1646 4100; x_wconf 86' lang='lat' dir='ltr'><strong>regiamque</strong></span> <span class='ocrx_word' id='word_1_582' title='bbox 1699 4042 1975 4100; x_wconf 90' lang='lat' dir='ltr'><strong>naturam,</strong></span> <span class='ocrx_word' id='word_1_583' title='bbox 2027 4045 2186 4102; x_wconf 84' lang='lat' dir='ltr'><strong>atque</strong></span> <span class='ocrx_word' id='word_1_584' title='bbox 2233 4036 2285 4088; x_wconf 90' lang='lat' dir='ltr'><strong>in</strong></span> 
     </span>
    </p>
   </div>
   <div class='ocr_carea' id='block_1_76' title="bbox 2323 4029 3898 4106">
    <p class='ocr_par' dir='ltr' id='par_1_76' title="bbox 2390 4029 3898 4106">
     <span class='ocr_line' id='line_1_76' title="bbox 2390 4029 3898 4106; baseline -0.009 -16"><span class='ocrx_word' id='word_1_585' title='bbox 2390 4037 2462 4106; x_wconf 85' lang='grc' dir='ltr'>μὴ</span> <span class='ocrx_word' id='word_1_586' title='bbox 2497 4039 2732 4106; x_wconf 85' lang='grc' dir='ltr'>μετεῖναι</span> <span class='ocrx_word' id='word_1_587' title='bbox 2755 4039 2862 4097; x_wconf 83' lang='grc' dir='ltr'>τοῖς</span> <span class='ocrx_word' id='word_1_588' title='bbox 2895 4035 3069 4097; x_wconf 81' lang='grc' dir='ltr'>ἄλλοις</span> <span class='ocrx_word' id='word_1_589' title='bbox 3112 4037 3201 4088; x_wconf 71' lang='grc' dir='ltr'><strong>ἐπὶ</strong></span> <span class='ocrx_word' id='word_1_590' title='bbox 3245 4036 3344 4106; x_wconf 86' lang='grc' dir='ltr'><strong>γῆς</strong></span> <span class='ocrx_word' id='word_1_591' title='bbox 3385 4033 3559 4098; x_wconf 79' lang='grc' dir='ltr'>ζώοις.</span> <span class='ocrx_word' id='word_1_592' title='bbox 3612 4032 3697 4086; x_wconf 66' lang='lat' dir='ltr'><strong>Aio</strong></span> <span class='ocrx_word' id='word_1_593' title='bbox 3736 4032 3793 4082; x_wconf 76' lang='grc' dir='ltr'>τὰ</span> <span class='ocrx_word' id='word_1_594' title='bbox 3816 4029 3898 4097; x_wconf 75' lang='grc' dir='ltr'>μὲν</span> 
     </span>
    </p>
   </div>
   <div class='ocr_carea' id='block_1_77' title="bbox 742 4119 2317 4198">
    <p class='ocr_par' dir='ltr' id='par_1_77' title="bbox 742 4123 2287 4195">
     <span class='ocr_line' id='line_1_77' title="bbox 742 4123 2287 4195; baseline 0.002 -19"><span class='ocrx_word' id='word_1_595' title='bbox 742 4123 902 4178; x_wconf 85' lang='lat' dir='ltr'><strong>terris</strong></span> <span class='ocrx_word' id='word_1_596' title='bbox 929 4137 1047 4177; x_wconf 85' lang='lat' dir='ltr'><strong>esse</strong></span> <span class='ocrx_word' id='word_1_597' title='bbox 1074 4138 1238 4176; x_wconf 89' lang='lat' dir='ltr'><strong>unum</strong></span> <span class='ocrx_word' id='word_1_598' title='bbox 1268 4163 1281 4183; x_wconf 91' lang='lat'><strong>,</strong></span> <span class='ocrx_word' id='word_1_599' title='bbox 1319 4123 1408 4191; x_wconf 87' lang='lat' dir='ltr'><strong>qui</strong></span> <span class='ocrx_word' id='word_1_600' title='bbox 1440 4123 1811 4190; x_wconf 88' lang='lat' dir='ltr'><strong>ratiocinandi,</strong></span> <span class='ocrx_word' id='word_1_601' title='bbox 1842 4124 2167 4190; x_wconf 80' lang='lat' dir='ltr'><strong>fabricandi,</strong></span> <span class='ocrx_word' id='word_1_602' title='bbox 2199 4127 2287 4195; x_wconf 92' lang='lat' dir='ltr'><strong>ju-</strong></span> 
     </span>
    </p>
   </div>
   <div class='ocr_carea' id='block_1_78' title="bbox 2323 4119 3898 4198">
    <p class='ocr_par' dir='ltr' id='par_1_78' title="bbox 2387 4119 3898 4198">
     <span class='ocr_line' id='line_1_78' title="bbox 2387 4119 3898 4198; baseline -0.004 -17"><span class='ocrx_word' id='word_1_603' title='bbox 2387 4128 2647 4197; x_wconf 79' lang='grc' dir='ltr'>θητεύειν,</span> <span class='ocrx_word' id='word_1_604' title='bbox 2675 4128 2766 4180; x_wconf 75' lang='grc' dir='ltr'><strong>καὶ</strong></span> <span class='ocrx_word' id='word_1_605' title='bbox 2790 4126 2969 4198; x_wconf 76' lang='grc' dir='ltr'>χώραν</span> <span class='ocrx_word' id='word_1_606' title='bbox 2994 4127 3219 4178; x_wconf 81' lang='grc' dir='ltr'>οἰκετῶν</span> <span class='ocrx_word' id='word_1_607' title='bbox 3249 4120 3504 4197; x_wconf 73' lang='grc' dir='ltr'>παρέχειν</span> <span class='ocrx_word' id='word_1_608' title='bbox 3537 4123 3796 4194; x_wconf 72' lang='grc' dir='ltr'>ἀνθρώπῳ*</span> <span class='ocrx_word' id='word_1_609' title='bbox 3820 4119 3898 4169; x_wconf 75' lang='grc' dir='ltr'><strong>τὸν</strong></span> 
     </span>
    </p>
   </div>
   <div class='ocr_carea' id='block_1_79' title="bbox 743 4210 2318 4288">
    <p class='ocr_par' dir='ltr' id='par_1_79' title="bbox 743 4211 2287 4286">
     <span class='ocr_line' id='line_1_79' title="bbox 743 4211 2287 4286; baseline 0.002 -20"><span class='ocrx_word' id='word_1_610' title='bbox 743 4213 987 4277; x_wconf 82' lang='lat' dir='ltr'><strong>dieandi,</strong></span> <span class='ocrx_word' id='word_1_611' title='bbox 1035 4215 1176 4282; x_wconf 79' lang='lat' dir='ltr'><strong>leges</strong></span> <span class='ocrx_word' id='word_1_612' title='bbox 1223 4211 1459 4285; x_wconf 85' lang='lat' dir='ltr'><strong>ferendi,</strong></span> <span class='ocrx_word' id='word_1_613' title='bbox 1505 4224 1647 4269; x_wconf 86' lang='lat' dir='ltr'><strong>artes</strong></span> <span class='ocrx_word' id='word_1_614' title='bbox 1692 4215 2068 4285; x_wconf 89' lang='lat' dir='ltr'><strong>doctrinasque</strong></span> <span class='ocrx_word' id='word_1_615' title='bbox 2116 4219 2287 4286; x_wconf 83' lang='lat' dir='ltr'><strong>perci-</strong></span> 
     </span>
    </p>
   </div>
   <div class='ocr_carea' id='block_1_80' title="bbox 2316 4210 3891 4288">
    <p class='ocr_par' dir='ltr' id='par_1_80' title="bbox 2385 4210 3891 4288">
     <span class='ocr_line' id='line_1_80' title="bbox 2385 4210 3891 4288; baseline -0.009 -17"><span class='ocrx_word' id='word_1_616' title='bbox 2385 4219 2460 4282; x_wconf 83' lang='grc' dir='ltr'><strong>δὲ,</strong></span> <span class='ocrx_word' id='word_1_617' title='bbox 2487 4213 2572 4270; x_wconf 78' lang='grc' dir='ltr'>οἷα</span> <span class='ocrx_word' id='word_1_618' title='bbox 2597 4217 2858 4288; x_wconf 82' lang='grc' dir='ltr'>δεσπότην</span> <span class='ocrx_word' id='word_1_619' title='bbox 2886 4217 2978 4269; x_wconf 78' lang='grc' dir='ltr'><strong>καὶ</strong></span> <span class='ocrx_word' id='word_1_620' title='bbox 3025 4217 3284 4286; x_wconf 83' lang='grc' dir='ltr'>ἡγεμόνα,</span> <span class='ocrx_word' id='word_1_621' title='bbox 3308 4215 3637 4270; x_wconf 80' lang='grc' dir='ltr'>δουλοῦσθαι·</span> <span class='ocrx_word' id='word_1_622' title='bbox 3678 4213 3754 4265; x_wconf 77' lang='grc' dir='ltr'>καὶ</span> <span class='ocrx_word' id='word_1_623' title='bbox 3779 4210 3891 4260; x_wconf 83' lang='grc' dir='ltr'>ὑπο-</span> 
     </span>
    </p>
   </div>
   <div class='ocr_carea' id='block_1_81' title="bbox 746 4296 2321 4380">
    <p class='ocr_par' dir='ltr' id='par_1_81' title="bbox 746 4302 2287 4377">
     <span class='ocr_line' id='line_1_81' title="bbox 746 4302 2287 4377; baseline 0.005 -22"><span class='ocrx_word' id='word_1_624' title='bbox 746 4303 922 4371; x_wconf 84' lang='lat' dir='ltr'><strong>piendi</strong></span> <span class='ocrx_word' id='word_1_625' title='bbox 951 4304 1057 4356; x_wconf 86' lang='lat' dir='ltr'><strong>vim</strong></span> <span class='ocrx_word' id='word_1_626' title='bbox 1088 4305 1295 4357; x_wconf 85' lang='lat' dir='ltr'><strong>habeat.</strong></span> <span class='ocrx_word' id='word_1_627' title='bbox 1326 4302 1510 4358; x_wconf 86' lang='lat' dir='ltr'><strong>Solum</strong></span> <span class='ocrx_word' id='word_1_628' title='bbox 1535 4306 1674 4358; x_wconf 89' lang='lat' dir='ltr'><strong>enim</strong></span> <span class='ocrx_word' id='word_1_629' title='bbox 1709 4306 1855 4359; x_wconf 88' lang='lat' dir='ltr'><strong>illum</strong></span> <span class='ocrx_word' id='word_1_630' title='bbox 1886 4309 2140 4374; x_wconf 90' lang='lat' dir='ltr'><strong>animam,</strong></span> <span class='ocrx_word' id='word_1_631' title='bbox 2168 4325 2287 4377; x_wconf 73' lang='lat' dir='ltr'><strong>qua:</strong></span> 
     </span>
    </p>
   </div>
   <div class='ocr_carea' id='block_1_82' title="bbox 2321 4296 3896 4380">
    <p class='ocr_par' dir='ltr' id='par_1_82' title="bbox 2384 4296 3896 4380">
     <span class='ocr_line' id='line_1_82' title="bbox 2384 4296 3896 4380; baseline -0.005 -19"><span class='ocrx_word' id='word_1_632' title='bbox 2384 4296 2592 4361; x_wconf 83' lang='grc' dir='ltr'>τάττειν</span> <span class='ocrx_word' id='word_1_633' title='bbox 2615 4307 2683 4360; x_wconf 80' lang='grc' dir='ltr'><strong>τὰ</strong></span> <span class='ocrx_word' id='word_1_634' title='bbox 2701 4308 2855 4380; x_wconf 77' lang='grc' dir='ltr'>ῥώμῃ</span> <span class='ocrx_word' id='word_1_635' title='bbox 2888 4309 2982 4377; x_wconf 83' lang='grc' dir='ltr'><strong>μὲν</strong></span> <span class='ocrx_word' id='word_1_636' title='bbox 3007 4308 3254 4377; x_wconf 86' lang='grc' dir='ltr'>σώματος</span> <span class='ocrx_word' id='word_1_637' title='bbox 3282 4307 3411 4360; x_wconf 83' lang='grc' dir='ltr'>πολὺ</span> <span class='ocrx_word' id='word_1_638' title='bbox 3435 4307 3718 4376; x_wconf 79' lang='grc' dir='ltr'>κρείττονα,</span> <span class='ocrx_word' id='word_1_639' title='bbox 3738 4300 3896 4370; x_wconf 74' lang='grc' dir='ltr'>μείονα</span> 
     </span>
    </p>
   </div>
   <div class='ocr_carea' id='block_1_83' title="bbox 749 4378 2324 4467">
    <p class='ocr_par' dir='ltr' id='par_1_83' title="bbox 749 4392 2282 4465">
     <span class='ocr_line' id='line_1_83' title="bbox 749 4392 2282 4465; baseline 0.003 -17"><span class='ocrx_word' id='word_1_640' title='bbox 749 4392 1005 4462; x_wconf 89' lang='lat' dir='ltr'><strong>spiritalis</strong></span> <span class='ocrx_word' id='word_1_641' title='bbox 1056 4392 1123 4446; x_wconf 91' lang='lat' dir='ltr'><strong>sit</strong></span> <span class='ocrx_word' id='word_1_642' title='bbox 1170 4393 1570 4464; x_wconf 85' lang='lat' dir='ltr'><strong>intelligensque</strong></span> <span class='ocrx_word' id='word_1_643' title='bbox 1599 4405 1811 4461; x_wconf 87' lang='lat' dir='ltr'><strong>natura,</strong></span> <span class='ocrx_word' id='word_1_644' title='bbox 1862 4401 2113 4454; x_wconf 89' lang='lat' dir='ltr'><strong>sortitum</strong></span> <span class='ocrx_word' id='word_1_645' title='bbox 2144 4415 2282 4465; x_wconf 87' lang='lat' dir='ltr'><strong>esse,</strong></span> 
     </span>
    </p>
   </div>
   <div class='ocr_carea' id='block_1_84' title="bbox 2323 4378 3898 4467">
    <p class='ocr_par' dir='ltr' id='par_1_84' title="bbox 2385 4382 3898 4467">
     <span class='ocr_line' id='line_1_84' title="bbox 2385 4382 3898 4467; baseline -0.003 -17"><span class='ocrx_word' id='word_1_646' title='bbox 2385 4396 2439 4450; x_wconf 75' lang='grc' dir='ltr'>δὲ</span> <span class='ocrx_word' id='word_1_647' title='bbox 2464 4400 2527 4467; x_wconf 86' lang='grc' dir='ltr'>τῇ</span> <span class='ocrx_word' id='word_1_648' title='bbox 2561 4397 2700 4450; x_wconf 83' lang='grc' dir='ltr'>κατὰ</span> <span class='ocrx_word' id='word_1_649' title='bbox 2723 4382 2818 4466; x_wconf 69' lang='grc' dir='ltr'><strong>τὴν</strong></span> <span class='ocrx_word' id='word_1_650' title='bbox 2843 4398 3030 4467; x_wconf 86' lang='grc' dir='ltr'>νοεράν</span> <span class='ocrx_word' id='word_1_651' title='bbox 3076 4398 3260 4449; x_wconf 82' lang='grc' dir='ltr'>οὐσίαν</span> <span class='ocrx_word' id='word_1_652' title='bbox 3285 4398 3553 4467; x_wconf 87' lang='grc' dir='ltr'>στερήσει.</span> <span class='ocrx_word' id='word_1_653' title='bbox 3594 4395 3775 4450; x_wconf 80' lang='grc' dir='ltr'>Τοῦτον</span> <span class='ocrx_word' id='word_1_654' title='bbox 3818 4390 3898 4459; x_wconf 73' lang='grc' dir='ltr'><strong>μὲν</strong></span> 
     </span>
    </p>
   </div>
   <div class='ocr_carea' id='block_1_85' title="bbox 748 4475 2323 4571">
    <p class='ocr_par' dir='ltr' id='par_1_85' title="bbox 748 4475 2323 4553">
     <span class='ocr_line' id='line_1_85' title="bbox 748 4475 2323 4553; baseline 0.008 -17"><span class='ocrx_word' id='word_1_655' title='bbox 748 4484 905 4553; x_wconf 85' lang='lat' dir='ltr'><strong>cujus</strong></span> <span class='ocrx_word' id='word_1_656' title='bbox 948 4483 997 4535; x_wconf 91' lang='lat' dir='ltr'><strong>in</strong></span> <span class='ocrx_word' id='word_1_657' title='bbox 1029 4483 1356 4537; x_wconf 89' lang='lat' dir='ltr'><strong>consortium</strong></span> <span class='ocrx_word' id='word_1_658' title='bbox 1391 4500 1453 4538; x_wconf 79' lang='lat' dir='ltr'><strong>ex</strong></span> <span class='ocrx_word' id='word_1_659' title='bbox 1489 4475 1828 4542; x_wconf 75' lang='lat' dir='ltr'><strong>terrestribus</strong></span> <span class='ocrx_word' id='word_1_660' title='bbox 1850 4490 1968 4543; x_wconf 90' lang='lat' dir='ltr'><strong>aliis</strong></span> <span class='ocrx_word' id='word_1_661' title='bbox 1997 4491 2286 4544; x_wconf 82' lang='lat' dir='ltr'><strong>animanti-</strong></span> <span class='ocrx_word' id='word_1_662' title='bbox 2319 4519 2323 4548; x_wconf 68' lang='grc' dir='ltr'><strong>τ</strong></span> 
     </span>
    </p>
   </div>
   <div class='ocr_carea' id='block_1_86' title="bbox 2320 4475 3895 4571">
    <p class='ocr_par' dir='ltr' id='par_1_86' title="bbox 2320 4482 3895 4571">
     <span class='ocr_line' id='line_1_86' title="bbox 2320 4482 3895 4571; baseline -0.004 -31"><span class='ocrx_word' id='word_1_663' title='bbox 2320 4517 2360 4571; x_wconf 79' lang='lat' dir='ltr'>D</span> <span class='ocrx_word' id='word_1_664' title='bbox 2387 4483 2476 4540; x_wconf 80' lang='grc' dir='ltr'><strong>οὖν</strong></span> <span class='ocrx_word' id='word_1_665' title='bbox 2505 4489 2621 4540; x_wconf 79' lang='grc' dir='ltr'>κατ’</span> <span class='ocrx_word' id='word_1_666' title='bbox 2648 4488 2825 4540; x_wconf 84' lang='grc' dir='ltr'>εἰκόνα</span> <span class='ocrx_word' id='word_1_667' title='bbox 2849 4490 2977 4556; x_wconf 83' lang='grc' dir='ltr'><strong>φασί</strong></span> <span class='ocrx_word' id='word_1_668' title='bbox 2998 4489 3131 4541; x_wconf 84' lang='grc' dir='ltr'>Θεοῦ</span> <span class='ocrx_word' id='word_1_669' title='bbox 3156 4489 3247 4540; x_wconf 67' lang='grc' dir='ltr'><strong>καὶ</strong></span> <span class='ocrx_word' id='word_1_670' title='bbox 3273 4487 3390 4540; x_wconf 82' lang='grc' dir='ltr'>καθ’</span> <span class='ocrx_word' id='word_1_671' title='bbox 3417 4487 3668 4556; x_wconf 84' lang='grc' dir='ltr'>ὁμοίωσιν</span> <span class='ocrx_word' id='word_1_672' title='bbox 3691 4486 3807 4556; x_wconf 70' lang='grc' dir='ltr'>πρὸς</span> <span class='ocrx_word' id='word_1_673' title='bbox 3826 4482 3895 4533; x_wconf 70' lang='grc' dir='ltr'><strong>αὒ-</strong></span> 
     </span>
    </p>
   </div>
   <div class='ocr_carea' id='block_1_87' title="bbox 750 4569 2325 4649">
    <p class='ocr_par' dir='ltr' id='par_1_87' title="bbox 750 4569 2286 4646">
     <span class='ocr_line' id='line_1_87' title="bbox 750 4569 2286 4646; baseline 0.007 -24"><span class='ocrx_word' id='word_1_674' title='bbox 750 4569 852 4624; x_wconf 88' lang='lat' dir='ltr'><strong>bus</strong></span> <span class='ocrx_word' id='word_1_675' title='bbox 885 4570 1023 4623; x_wconf 87' lang='lat' dir='ltr'><strong>nulla</strong></span> <span class='ocrx_word' id='word_1_676' title='bbox 1051 4571 1268 4625; x_wconf 84' lang='lat' dir='ltr'><strong>omnino</strong></span> <span class='ocrx_word' id='word_1_677' title='bbox 1292 4572 1719 4639; x_wconf 78' lang='lat' dir='ltr'><strong>venerit.&#39;Quare</strong></span> <span class='ocrx_word' id='word_1_678' title='bbox 1746 4586 1986 4640; x_wconf 65' lang='lat' dir='ltr'><strong>caeteras,</strong></span> <span class='ocrx_word' id='word_1_679' title='bbox 2004 4594 2286 4646; x_wconf 78' lang='lat' dir='ltr'><strong>cperarum</strong></span> 
     </span>
    </p>
   </div>
   <div class='ocr_carea' id='block_1_88' title="bbox 2314 4569 3889 4649">
    <p class='ocr_par' dir='ltr' id='par_1_88' title="bbox 2325 4569 3889 4649">
     <span class='ocr_line' id='line_1_88' title="bbox 2325 4569 3889 4649; baseline -0.003 -20"><span class='ocrx_word' id='word_1_680' title='bbox 2325 4569 2344 4571; x_wconf 25' lang='lat' dir='ltr'><strong><em>ﬁ</em></strong></span> <span class='ocrx_word' id='word_1_681' title='bbox 2387 4577 2478 4629; x_wconf 84' lang='grc' dir='ltr'><strong>τοῦ</strong></span> <span class='ocrx_word' id='word_1_682' title='bbox 2502 4578 2594 4631; x_wconf 89' lang='grc' dir='ltr'><strong>τοῦ</strong></span> <span class='ocrx_word' id='word_1_683' title='bbox 2620 4579 2748 4631; x_wconf 86' lang='grc' dir='ltr'>Θεοῦ</span> <span class='ocrx_word' id='word_1_684' title='bbox 2779 4581 2912 4649; x_wconf 75' lang='grc' dir='ltr'>μετά</span> <span class='ocrx_word' id='word_1_685' title='bbox 2937 4597 3077 4643; x_wconf 86' lang='grc' dir='ltr'>τινος</span> <span class='ocrx_word' id='word_1_686' title='bbox 3121 4579 3473 4649; x_wconf 80' lang='grc' dir='ltr'>διαφερούσης</span> <span class='ocrx_word' id='word_1_687' title='bbox 3512 4577 3776 4649; x_wconf 81' lang='grc' dir='ltr'>ὑπεροχῆς</span> <span class='ocrx_word' id='word_1_688' title='bbox 3795 4577 3889 4626; x_wconf 64' lang='grc' dir='ltr'><strong>ὑπε-</strong></span> 
     </span>
    </p>
   </div>
   <div class='ocr_carea' id='block_1_89' title="bbox 749 4661 2324 4738">
    <p class='ocr_par' dir='ltr' id='par_1_89' title="bbox 749 4661 2290 4738">
     <span class='ocr_line' id='line_1_89' title="bbox 749 4661 2290 4738; baseline 0.006 -24"><span class='ocrx_word' id='word_1_689' title='bbox 749 4663 1100 4728; x_wconf 86' lang='lat' dir='ltr'><strong>quarumdam</strong></span> <span class='ocrx_word' id='word_1_690' title='bbox 1142 4672 1194 4717; x_wconf 87' lang='lat' dir='ltr'><strong>et</strong></span> <span class='ocrx_word' id='word_1_691' title='bbox 1240 4661 1560 4717; x_wconf 86' lang='lat' dir='ltr'><strong>famulorum</strong></span> <span class='ocrx_word' id='word_1_692' title='bbox 1610 4667 1812 4732; x_wconf 90' lang='lat' dir='ltr'><strong>instar,</strong></span> <span class='ocrx_word' id='word_1_693' title='bbox 1864 4669 2065 4722; x_wconf 84' lang='lat' dir='ltr'><strong>homini</strong></span> <span class='ocrx_word' id='word_1_694' title='bbox 2099 4681 2290 4738; x_wconf 79' lang='lat' dir='ltr'><strong>praesto</strong></span> 
     </span>
    </p>
   </div>
   <div class='ocr_carea' id='block_1_90' title="bbox 2322 4661 3897 4738">
    <p class='ocr_par' dir='ltr' id='par_1_90' title="bbox 2390 4665 3897 4738">
     <span class='ocr_line' id='line_1_90' title="bbox 2390 4665 3897 4738; baseline 0.001 -19"><span class='ocrx_word' id='word_1_695' title='bbox 2390 4669 2595 4738; x_wconf 86' lang='grc' dir='ltr'>στῆναι.</span> <span class='ocrx_word' id='word_1_696' title='bbox 2644 4671 2733 4722; x_wconf 86' lang='grc' dir='ltr'>Διὸ</span> <span class='ocrx_word' id='word_1_697' title='bbox 2779 4673 2870 4722; x_wconf 74' lang='grc' dir='ltr'><strong>καὶ</strong></span> <span class='ocrx_word' id='word_1_698' title='bbox 2911 4669 3042 4723; x_wconf 90' lang='grc' dir='ltr'>Θεοῦ</span> <span class='ocrx_word' id='word_1_699' title='bbox 3078 4668 3279 4730; x_wconf 72' lang='grc' dir='ltr'>ἑννοίας</span> <span class='ocrx_word' id='word_1_700' title='bbox 3318 4671 3396 4732; x_wconf 86' lang='grc' dir='ltr'><strong>εἰς</strong></span> <span class='ocrx_word' id='word_1_701' title='bbox 3451 4668 3744 4737; x_wconf 81' lang='grc' dir='ltr'>φαντασίας</span> <span class='ocrx_word' id='word_1_702' title='bbox 3777 4665 3897 4720; x_wconf 62' lang='grc' dir='ltr'>ἰέναι.</span> 
     </span>
    </p>
   </div>
   <div class='ocr_carea' id='block_1_91' title="bbox 750 4751 2325 4831">
    <p class='ocr_par' dir='ltr' id='par_1_91' title="bbox 750 4753 2291 4831">
     <span class='ocr_line' id='line_1_91' title="bbox 750 4753 2291 4831; baseline 0.009 -28"><span class='ocrx_word' id='word_1_703' title='bbox 750 4766 898 4814; x_wconf 86' lang='lat' dir='ltr'><strong>esse;</strong></span> <span class='ocrx_word' id='word_1_704' title='bbox 946 4753 1088 4807; x_wconf 87' lang='lat' dir='ltr'><strong>hunc</strong></span> <span class='ocrx_word' id='word_1_705' title='bbox 1140 4769 1263 4807; x_wconf 90' lang='lat' dir='ltr'><strong>vero</strong></span> <span class='ocrx_word' id='word_1_706' title='bbox 1308 4765 1561 4823; x_wconf 89' lang='lat' dir='ltr'><strong>tanquam</strong></span> <span class='ocrx_word' id='word_1_707' title='bbox 1612 4755 1768 4825; x_wconf 72' lang='lat'><strong>332</strong></span> <span class='ocrx_word' id='word_1_708' title='bbox 1819 4759 2096 4814; x_wconf 87' lang='lat' dir='ltr'><strong>dominum</strong></span> <span class='ocrx_word' id='word_1_709' title='bbox 2132 4771 2291 4831; x_wconf 84' lang='lat' dir='ltr'><strong>atque</strong></span> 
     </span>
    </p>
   </div>
   <div class='ocr_carea' id='block_1_92' title="bbox 2326 4751 3901 4831">
    <p class='ocr_par' dir='ltr' id='par_1_92' title="bbox 2389 4751 3901 4829">
     <span class='ocr_line' id='line_1_92' title="bbox 2389 4751 3901 4829; baseline 0.001 -21"><span class='ocrx_word' id='word_1_710' title='bbox 2389 4760 2574 4828; x_wconf 83' lang='grc' dir='ltr'>σοφίας</span> <span class='ocrx_word' id='word_1_711' title='bbox 2599 4777 2656 4812; x_wconf 88' lang='grc' dir='ltr'><strong>τε</strong></span> <span class='ocrx_word' id='word_1_712' title='bbox 2684 4761 2774 4813; x_wconf 73' lang='grc' dir='ltr'><strong>καὶ</strong></span> <span class='ocrx_word' id='word_1_713' title='bbox 2795 4758 3149 4827; x_wconf 83' lang='grc' dir='ltr'>δικαιοσύνης,</span> <span class='ocrx_word' id='word_1_714' title='bbox 3176 4759 3266 4811; x_wconf 80' lang='grc' dir='ltr'><strong>καὶ</strong></span> <span class='ocrx_word' id='word_1_715' title='bbox 3293 4759 3470 4829; x_wconf 81' lang='grc' dir='ltr'>πάσης</span> <span class='ocrx_word' id='word_1_716' title='bbox 3498 4757 3696 4828; x_wconf 84' lang='grc' dir='ltr'>ἀρετῆς</span> <span class='ocrx_word' id='word_1_717' title='bbox 3721 4751 3901 4818; x_wconf 70' lang='grc' dir='ltr'>ἀντιλή-</span> 
     </span>
    </p>
   </div>
   <div class='ocr_carea' id='block_1_93' title="bbox 752 4840 2327 4922">
    <p class='ocr_par' dir='ltr' id='par_1_93' title="bbox 752 4843 2288 4922">
     <span class='ocr_line' id='line_1_93' title="bbox 752 4843 2288 4922; baseline 0.007 -26"><span class='ocrx_word' id='word_1_718' title='bbox 752 4843 976 4907; x_wconf 87' lang='lat' dir='ltr'><strong>ducem,</strong></span> <span class='ocrx_word' id='word_1_719' title='bbox 1022 4847 1231 4899; x_wconf 88' lang='lat' dir='ltr'><strong>easdem</strong></span> <span class='ocrx_word' id='word_1_720' title='bbox 1279 4846 1539 4900; x_wconf 90' lang='lat' dir='ltr'><strong>industria</strong></span> <span class='ocrx_word' id='word_1_721' title='bbox 1573 4847 1791 4902; x_wconf 85' lang='lat' dir='ltr'><strong>domare</strong></span> <span class='ocrx_word' id='word_1_722' title='bbox 1822 4859 1978 4918; x_wconf 89' lang='lat' dir='ltr'><strong>atque</strong></span> <span class='ocrx_word' id='word_1_723' title='bbox 2024 4854 2288 4922; x_wconf 79' lang='lat' dir='ltr'><strong>subigere,</strong></span> 
     </span>
    </p>
   </div>
   <div class='ocr_carea' id='block_1_94' title="bbox 2330 4840 3905 4922">
    <p class='ocr_par' dir='ltr' id='par_1_94' title="bbox 2387 4840 3905 4919">
     <span class='ocr_line' id='line_1_94' title="bbox 2387 4840 3905 4919; baseline -0.015 -5"><span class='ocrx_word' id='word_1_724' title='bbox 2387 4849 2504 4916; x_wconf 74' lang='grc' dir='ltr'>ψεις</span> <span class='ocrx_word' id='word_1_725' title='bbox 2542 4850 2824 4913; x_wconf 85' lang='grc' dir='ltr'>ποιεῖσθαι,</span> <span class='ocrx_word' id='word_1_726' title='bbox 2871 4849 3098 4919; x_wconf 79' lang='grc' dir='ltr'>δρόμους</span> <span class='ocrx_word' id='word_1_727' title='bbox 3149 4866 3207 4901; x_wconf 90' lang='grc' dir='ltr'><strong>τε</strong></span> <span class='ocrx_word' id='word_1_728' title='bbox 3255 4848 3404 4919; x_wconf 79' lang='grc' dir='ltr'>ἡλίου</span> <span class='ocrx_word' id='word_1_729' title='bbox 3448 4849 3538 4899; x_wconf 73' lang='grc' dir='ltr'><strong>καὶ</strong></span> <span class='ocrx_word' id='word_1_730' title='bbox 3575 4846 3806 4917; x_wconf 77' lang='grc' dir='ltr'>σελήνης,</span> <span class='ocrx_word' id='word_1_731' title='bbox 3829 4840 3905 4893; x_wconf 67' lang='grc' dir='ltr'>καὶ</span> 
     </span>
    </p>
   </div>
   <div class='ocr_carea' id='block_1_95' title="bbox 755 4933 2330 5012">
    <p class='ocr_par' dir='ltr' id='par_1_95' title="bbox 755 4933 2290 5003">
     <span class='ocr_line' id='line_1_95' title="bbox 755 4933 2290 5003; baseline 0.008 -18"><span class='ocrx_word' id='word_1_732' title='bbox 755 4942 817 4985; x_wconf 88' lang='lat' dir='ltr'><strong>ut</strong></span> <span class='ocrx_word' id='word_1_733' title='bbox 838 4933 1075 5000; x_wconf 85' lang='lat' dir='ltr'><strong>corporis</strong></span> <span class='ocrx_word' id='word_1_734' title='bbox 1104 4934 1257 5003; x_wconf 85' lang='lat' dir='ltr'><strong>longe</strong></span> <span class='ocrx_word' id='word_1_735' title='bbox 1294 4937 1498 4990; x_wconf 84' lang='lat' dir='ltr'><strong>viribus</strong></span> <span class='ocrx_word' id='word_1_736' title='bbox 1536 4936 1861 5003; x_wconf 89' lang='lat' dir='ltr'><strong>superiores,</strong></span> <span class='ocrx_word' id='word_1_737' title='bbox 1893 4941 1970 4993; x_wconf 83' lang='lat' dir='ltr'><strong>sic</strong></span> <span class='ocrx_word' id='word_1_738' title='bbox 1999 4943 2068 4995; x_wconf 88' lang='lat' dir='ltr'><strong>ob</strong></span> <span class='ocrx_word' id='word_1_739' title='bbox 2096 4943 2290 4998; x_wconf 74' lang='lat' dir='ltr'><strong>intelli~</strong></span> 
     </span>
    </p>
   </div>
   <div class='ocr_carea' id='block_1_96' title="bbox 2331 4933 3906 5012">
    <p class='ocr_par' dir='ltr' id='par_1_96' title="bbox 2391 4935 3906 5012">
     <span class='ocr_line' id='line_1_96' title="bbox 2391 4935 3906 5012; baseline -0.006 -19"><span class='ocrx_word' id='word_1_740' title='bbox 2391 4940 2622 5010; x_wconf 83' lang='grc' dir='ltr'>ἄστρων,</span> <span class='ocrx_word' id='word_1_741' title='bbox 2650 4941 2867 5010; x_wconf 79' lang='grc' dir='ltr'>ἡμερῶν</span> <span class='ocrx_word' id='word_1_742' title='bbox 2894 4957 2950 4992; x_wconf 86' lang='grc' dir='ltr'><strong>τε</strong></span> <span class='ocrx_word' id='word_1_743' title='bbox 2975 4943 3063 4994; x_wconf 73' lang='grc' dir='ltr'><strong>καὶ</strong></span> <span class='ocrx_word' id='word_1_744' title='bbox 3090 4940 3243 5012; x_wconf 83' lang='grc' dir='ltr'>ὡρῶν</span> <span class='ocrx_word' id='word_1_745' title='bbox 3267 4940 3493 5001; x_wconf 87' lang='grc' dir='ltr'>κύκλους</span> <span class='ocrx_word' id='word_1_746' title='bbox 3517 4935 3906 5008; x_wconf 80' lang='grc' dir='ltr'>ἀπαριθμεῐσθαι</span> 
     </span>
    </p>
   </div>
   <div class='ocr_carea' id='block_1_97' title="bbox 758 5023 2333 5103">
    <p class='ocr_par' dir='ltr' id='par_1_97' title="bbox 758 5023 2291 5100">
     <span class='ocr_line' id='line_1_97' title="bbox 758 5023 2291 5100; baseline 0.007 -25"><span class='ocrx_word' id='word_1_747' title='bbox 758 5023 930 5091; x_wconf 88' lang='lat' dir='ltr'><strong>gentis</strong></span> <span class='ocrx_word' id='word_1_748' title='bbox 966 5031 1166 5076; x_wconf 68' lang='lat' dir='ltr'><strong>naturae</strong></span> <span class='ocrx_word' id='word_1_749' title='bbox 1191 5023 1532 5092; x_wconf 88' lang='lat' dir='ltr'><strong>privationem</strong></span> <span class='ocrx_word' id='word_1_750' title='bbox 1562 5027 1858 5082; x_wconf 83' lang='lat' dir='ltr'><strong>inferiores.</strong></span> <span class='ocrx_word' id='word_1_751' title='bbox 1897 5028 2045 5083; x_wconf 89' lang='lat' dir='ltr'><strong>lllum</strong></span> <span class='ocrx_word' id='word_1_752' title='bbox 2069 5047 2195 5100; x_wconf 83' lang='lat' dir='ltr'><strong>ergo</strong></span> <span class='ocrx_word' id='word_1_753' title='bbox 2227 5032 2291 5086; x_wconf 88' lang='lat' dir='ltr'><strong>ad</strong></span> 
     </span>
    </p>
   </div>
   <div class='ocr_carea' id='block_1_98' title="bbox 2334 5023 3909 5103">
    <p class='ocr_par' dir='ltr' id='par_1_98' title="bbox 2387 5026 3909 5103">
     <span class='ocr_line' id='line_1_98' title="bbox 2387 5026 3909 5103; baseline -0.001 -21"><span class='ocrx_word' id='word_1_754' title='bbox 2387 5031 2623 5094; x_wconf 84' lang='grc' dir='ltr'>δυνατῶς</span> <span class='ocrx_word' id='word_1_755' title='bbox 2649 5032 2810 5100; x_wconf 76' lang='grc' dir='ltr'>ἔχειν,</span> <span class='ocrx_word' id='word_1_756' title='bbox 2835 5033 2931 5102; x_wconf 86' lang='grc' dir='ltr'><strong>τῆς</strong></span> <span class='ocrx_word' id='word_1_757' title='bbox 2957 5033 3088 5103; x_wconf 84' lang='grc' dir='ltr'>πρὸς</span> <span class='ocrx_word' id='word_1_758' title='bbox 3109 5033 3179 5085; x_wconf 73' lang='grc' dir='ltr'>τὰ</span> <span class='ocrx_word' id='word_1_759' title='bbox 3203 5033 3313 5085; x_wconf 83' lang='grc' dir='ltr'>ἄνω</span> <span class='ocrx_word' id='word_1_760' title='bbox 3337 5031 3648 5099; x_wconf 82' lang='grc' dir='ltr'>συγγενείας</span> <span class='ocrx_word' id='word_1_761' title='bbox 3673 5030 3831 5100; x_wconf 80' lang='grc' dir='ltr'>χάριν,</span> <span class='ocrx_word' id='word_1_762' title='bbox 3852 5026 3909 5091; x_wconf 70' lang='grc' dir='ltr'>ἦν</span> 
     </span>
    </p>
   </div>
   <div class='ocr_carea' id='block_1_99' title="bbox 758 5113 2333 5192">
    <p class='ocr_par' dir='ltr' id='par_1_99' title="bbox 758 5113 2294 5191">
     <span class='ocr_line' id='line_1_99' title="bbox 758 5113 2294 5191; baseline 0.005 -24"><span class='ocrx_word' id='word_1_763' title='bbox 758 5113 1042 5183; x_wconf 83' lang='lat' dir='ltr'><strong>imaginem</strong></span> <span class='ocrx_word' id='word_1_764' title='bbox 1078 5128 1138 5166; x_wconf 89' lang='lat' dir='ltr'><strong>ac</strong></span> <span class='ocrx_word' id='word_1_765' title='bbox 1161 5114 1557 5169; x_wconf 84' lang='lat' dir='ltr'><strong>similitudinem</strong></span> <span class='ocrx_word' id='word_1_766' title='bbox 1582 5114 1695 5181; x_wconf 90' lang='lat' dir='ltr'><strong>Dei,</strong></span> <span class='ocrx_word' id='word_1_767' title='bbox 1741 5119 1808 5171; x_wconf 90' lang='lat' dir='ltr'><strong>ab</strong></span> <span class='ocrx_word' id='word_1_768' title='bbox 1836 5133 1900 5171; x_wconf 91' lang='lat' dir='ltr'><strong>eo</strong></span> <span class='ocrx_word' id='word_1_769' title='bbox 1927 5120 2059 5186; x_wconf 90' lang='lat' dir='ltr'><strong>ipso,</strong></span> <span class='ocrx_word' id='word_1_770' title='bbox 2113 5124 2294 5191; x_wconf 81' lang='lat' dir='ltr'><strong>singu-</strong></span> 
     </span>
    </p>
   </div>
   <div class='ocr_carea' id='block_1_100' title="bbox 2335 5113 3910 5192">
    <p class='ocr_par' dir='ltr' id='par_1_100' title="bbox 2391 5114 3910 5192">
     <span class='ocr_line' id='line_1_100' title="bbox 2391 5114 3910 5192; baseline -0.005 -20"><span class='ocrx_word' id='word_1_771' title='bbox 2391 5119 2596 5191; x_wconf 82' lang='grc' dir='ltr'>θνητῶν</span> <span class='ocrx_word' id='word_1_772' title='bbox 2630 5122 2784 5192; x_wconf 79' lang='grc' dir='ltr'>μόνος</span> <span class='ocrx_word' id='word_1_773' title='bbox 2822 5122 3100 5192; x_wconf 80' lang='grc' dir='ltr'>ἄνθρωπος</span> <span class='ocrx_word' id='word_1_774' title='bbox 3132 5122 3506 5176; x_wconf 75' lang='grc' dir='ltr'>ἐπιδείκνυται.</span> <span class='ocrx_word' id='word_1_775' title='bbox 3558 5120 3631 5172; x_wconf 84' lang='grc' dir='ltr'>Τὸ</span> <span class='ocrx_word' id='word_1_776' title='bbox 3676 5114 3910 5181; x_wconf 57' lang='lat' dir='ltr'><strong>otto-Jqu</strong></span> 
     </span>
    </p>
   </div>
   <div class='ocr_carea' id='block_1_101' title="bbox 761 5203 2336 5284">
    <p class='ocr_par' dir='ltr' id='par_1_101' title="bbox 761 5203 2292 5282">
     <span class='ocr_line' id='line_1_101' title="bbox 761 5203 2292 5282; baseline 0.004 -23"><span class='ocrx_word' id='word_1_777' title='bbox 761 5203 859 5260; x_wconf 88' lang='lat' dir='ltr'><strong>lari</strong></span> <span class='ocrx_word' id='word_1_778' title='bbox 882 5205 1108 5274; x_wconf 85' lang='lat' dir='ltr'><strong>quodam</strong></span> <span class='ocrx_word' id='word_1_779' title='bbox 1142 5212 1191 5257; x_wconf 91' lang='lat' dir='ltr'><strong>et</strong></span> <span class='ocrx_word' id='word_1_780' title='bbox 1214 5205 1428 5272; x_wconf 91' lang='lat' dir='ltr'><strong>proprio</strong></span> <span class='ocrx_word' id='word_1_781' title='bbox 1455 5206 1724 5274; x_wconf 78' lang='lat' dir='ltr'><strong>dignitatis</strong></span> <span class='ocrx_word' id='word_1_782' title='bbox 1748 5211 2172 5282; x_wconf 61' lang='lat' dir='ltr'><strong>excellentimque</strong></span> <span class='ocrx_word' id='word_1_783' title='bbox 2201 5230 2292 5280; x_wconf 82' lang='lat' dir='ltr'><strong>ge-</strong></span> 
     </span>
    </p>
   </div>
   <div class='ocr_carea' id='block_1_102' title="bbox 2334 5203 3909 5284">
    <p class='ocr_par' dir='ltr' id='par_1_102' title="bbox 2393 5208 3909 5284">
     <span class='ocr_line' id='line_1_102' title="bbox 2393 5208 3909 5284; baseline -0.003 -20"><span class='ocrx_word' id='word_1_784' title='bbox 2393 5213 2891 5283; x_wconf 80' lang='grc' dir='ltr'>περιπεπλασμένον</span> <span class='ocrx_word' id='word_1_785' title='bbox 2932 5214 3124 5276; x_wconf 77' lang='grc' dir='ltr'>ἔξωθεν</span> <span class='ocrx_word' id='word_1_786' title='bbox 3185 5212 3488 5284; x_wconf 82' lang='grc' dir='ltr'>ὲτερογενὲς</span> <span class='ocrx_word' id='word_1_787' title='bbox 3537 5210 3634 5281; x_wconf 78' lang='grc' dir='ltr'><strong>μὲν</strong></span> <span class='ocrx_word' id='word_1_788' title='bbox 3678 5208 3909 5276; x_wconf 76' lang='grc' dir='ltr'>ὕπάρχειν</span> 
     </span>
    </p>
   </div>
   <div class='ocr_carea' id='block_1_103' title="bbox 763 5297 2338 5372">
    <p class='ocr_par' dir='ltr' id='par_1_103' title="bbox 763 5297 2290 5362">
     <span class='ocr_line' id='line_1_103' title="bbox 763 5297 2290 5362; baseline 0.006 -16"><span class='ocrx_word' id='word_1_789' title='bbox 763 5308 889 5347; x_wconf 87' lang='lat' dir='ltr'><strong>nere</strong></span> <span class='ocrx_word' id='word_1_790' title='bbox 932 5304 1266 5362; x_wconf 73' lang='lat' dir='ltr'><strong>procreatum</strong></span> <span class='ocrx_word' id='word_1_791' title='bbox 1315 5310 1469 5360; x_wconf 90' lang='lat' dir='ltr'><strong>esse,</strong></span> <span class='ocrx_word' id='word_1_792' title='bbox 1522 5297 1697 5350; x_wconf 76' lang='lat' dir='ltr'><strong>divina</strong></span> <span class='ocrx_word' id='word_1_793' title='bbox 1744 5309 2008 5353; x_wconf 90' lang='lat' dir='ltr'><strong>testantur</strong></span> <span class='ocrx_word' id='word_1_794' title='bbox 2055 5305 2290 5357; x_wconf 89' lang='lat' dir='ltr'><strong>oracula.</strong></span> 
     </span>
    </p>
   </div>
   <div class='ocr_carea' id='block_1_104' title="bbox 2334 5297 3909 5372">
    <p class='ocr_par' dir='ltr' id='par_1_104' title="bbox 2390 5300 3909 5372">
     <span class='ocr_line' id='line_1_104' title="bbox 2390 5300 3909 5372; baseline 0.003 -19"><span class='ocrx_word' id='word_1_795' title='bbox 2390 5305 2487 5372; x_wconf 82' lang='grc' dir='ltr'><strong>τὴν</strong></span> <span class='ocrx_word' id='word_1_796' title='bbox 2507 5303 2689 5355; x_wconf 81' lang='grc' dir='ltr'>οὐσίαν</span> <span class='ocrx_word' id='word_1_797' title='bbox 2712 5304 2802 5355; x_wconf 81' lang='grc' dir='ltr'><strong>καί</strong></span> <span class='ocrx_word' id='word_1_798' title='bbox 2829 5305 3072 5372; x_wconf 76' lang='grc' dir='ltr'>γηγενὲς,</span> <span class='ocrx_word' id='word_1_799' title='bbox 3103 5302 3239 5357; x_wconf 80' lang='grc' dir='ltr'>εἶναι</span> <span class='ocrx_word' id='word_1_800' title='bbox 3263 5305 3317 5356; x_wconf 83' lang='grc' dir='ltr'>δὲ</span> <span class='ocrx_word' id='word_1_801' title='bbox 3340 5305 3432 5358; x_wconf 79' lang='grc' dir='ltr'>καὶ</span> <span class='ocrx_word' id='word_1_802' title='bbox 3456 5305 3586 5357; x_wconf 75' lang='grc' dir='ltr'>αὐτὸ</span> <span class='ocrx_word' id='word_1_803' title='bbox 3607 5301 3737 5356; x_wconf 74' lang='grc' dir='ltr'>Θεοῦ</span> <span class='ocrx_word' id='word_1_804' title='bbox 3757 5300 3909 5368; x_wconf 70' lang='grc' dir='ltr'>ἔργον,</span> 
     </span>
    </p>
   </div>
   <div class='ocr_carea' id='block_1_105' title="bbox 765 5378 2340 5466">
    <p class='ocr_par' dir='ltr' id='par_1_105' title="bbox 765 5378 2291 5453">
     <span class='ocr_line' id='line_1_105' title="bbox 765 5378 2291 5453; baseline 0.009 -19"><span class='ocrx_word' id='word_1_805' title='bbox 765 5378 892 5436; x_wconf 79' lang='lat' dir='ltr'><strong>Eam</strong></span> <span class='ocrx_word' id='word_1_806' title='bbox 922 5385 988 5437; x_wconf 92' lang='lat' dir='ltr'><strong>ob</strong></span> <span class='ocrx_word' id='word_1_807' title='bbox 1015 5401 1124 5438; x_wconf 86' lang='lat' dir='ltr'><strong>rem</strong></span> <span class='ocrx_word' id='word_1_808' title='bbox 1162 5387 1333 5453; x_wconf 90' lang='lat' dir='ltr'><strong>ipsum</strong></span> <span class='ocrx_word' id='word_1_809' title='bbox 1381 5394 1432 5438; x_wconf 88' lang='lat' dir='ltr'><strong>et</strong></span> <span class='ocrx_word' id='word_1_810' title='bbox 1469 5386 1785 5451; x_wconf 79' lang='lat' dir='ltr'><strong>cogitatione</strong></span> <span class='ocrx_word' id='word_1_811' title='bbox 1815 5388 1908 5443; x_wconf 90' lang='lat' dir='ltr'><strong>Dei</strong></span> <span class='ocrx_word' id='word_1_812' title='bbox 1939 5393 2181 5447; x_wconf 89' lang='lat' dir='ltr'><strong>notiones</strong></span> <span class='ocrx_word' id='word_1_813' title='bbox 2211 5395 2291 5447; x_wconf 81' lang='lat' dir='ltr'><strong>in-</strong></span> 
     </span>
    </p>
   </div>
   <div class='ocr_carea' id='block_1_106' title="bbox 2337 5378 3912 5466">
    <p class='ocr_par' dir='ltr' id='par_1_106' title="bbox 2393 5389 3912 5466">
     <span class='ocr_line' id='line_1_106' title="bbox 2393 5389 3912 5466; baseline -0.003 -21"><span class='ocrx_word' id='word_1_814' title='bbox 2393 5394 2496 5446; x_wconf 84' lang='grc' dir='ltr'><strong>ἀπὸ</strong></span> <span class='ocrx_word' id='word_1_815' title='bbox 2515 5394 2618 5461; x_wconf 89' lang='grc' dir='ltr'><strong>γῆς</strong></span> <span class='ocrx_word' id='word_1_816' title='bbox 2643 5393 2861 5463; x_wconf 79' lang='grc' dir='ltr'>ληφθὲν,</span> <span class='ocrx_word' id='word_1_817' title='bbox 2891 5397 2982 5448; x_wconf 74' lang='grc' dir='ltr'><strong>καὶ</strong></span> <span class='ocrx_word' id='word_1_818' title='bbox 3013 5398 3090 5458; x_wconf 86' lang='grc' dir='ltr'><strong>εἰς</strong></span> <span class='ocrx_word' id='word_1_819' title='bbox 3118 5395 3213 5465; x_wconf 85' lang='grc' dir='ltr'>τὴν</span> <span class='ocrx_word' id='word_1_820' title='bbox 3254 5397 3422 5466; x_wconf 82' lang='grc' dir='ltr'>αὐτὴν</span> <span class='ocrx_word' id='word_1_821' title='bbox 3463 5393 3811 5464; x_wconf 79' lang='grc' dir='ltr'>ὑποστρέφον.</span> <span class='ocrx_word' id='word_1_822' title='bbox 3835 5389 3912 5440; x_wconf 77' lang='grc' dir='ltr'>Διὸ</span> 
     </span>
    </p>
   </div>
   <div class='ocr_carea' id='block_1_107' title="bbox 765 5470 2340 5558">
    <p class='ocr_par' dir='ltr' id='par_1_107' title="bbox 765 5470 2291 5551">
     <span class='ocr_line' id='line_1_107' title="bbox 765 5470 2291 5551; baseline 0.009 -27"><span class='ocrx_word' id='word_1_823' title='bbox 765 5470 1016 5538; x_wconf 78' lang='lat' dir='ltr'><strong>formare,</strong></span> <span class='ocrx_word' id='word_1_824' title='bbox 1045 5485 1095 5529; x_wconf 91' lang='lat' dir='ltr'><strong>et</strong></span> <span class='ocrx_word' id='word_1_825' title='bbox 1122 5475 1412 5545; x_wconf 78' lang='lat' dir='ltr'><strong>sapientize,</strong></span> <span class='ocrx_word' id='word_1_826' title='bbox 1440 5477 1691 5544; x_wconf 73' lang='lat' dir='ltr'><strong>justitiae,</strong></span> <span class='ocrx_word' id='word_1_827' title='bbox 1724 5480 2155 5551; x_wconf 86' lang='lat' dir='ltr'><strong>reliquarumque</strong></span> <span class='ocrx_word' id='word_1_828' title='bbox 2183 5485 2291 5537; x_wconf 84' lang='lat' dir='ltr'><strong>vir—</strong></span> 
     </span>
    </p>
   </div>
   <div class='ocr_carea' id='block_1_108' title="bbox 2338 5470 3913 5558">
    <p class='ocr_par' dir='ltr' id='par_1_108' title="bbox 2394 5483 3913 5558">
     <span class='ocr_line' id='line_1_108' title="bbox 2394 5483 3913 5558; baseline 0.005 -24"><span class='ocrx_word' id='word_1_829' title='bbox 2394 5484 2484 5534; x_wconf 73' lang='grc' dir='ltr'><strong>καὶ</strong></span> <span class='ocrx_word' id='word_1_830' title='bbox 2517 5483 2708 5553; x_wconf 85' lang='grc' dir='ltr'>χρῆναι</span> <span class='ocrx_word' id='word_1_831' title='bbox 2732 5485 2915 5539; x_wconf 86' lang='grc' dir='ltr'>τούτου</span> <span class='ocrx_word' id='word_1_832' title='bbox 2952 5486 3064 5558; x_wconf 31' lang='grc' dir='ltr'>μὲν.</span> <span class='ocrx_word' id='word_1_833' title='bbox 3089 5487 3199 5548; x_wconf 44' lang='grc' dir='ltr'>,ὅσα</span> <span class='ocrx_word' id='word_1_834' title='bbox 3252 5487 3347 5539; x_wconf 76' lang='grc' dir='ltr'><strong>καὶ</strong></span> <span class='ocrx_word' id='word_1_835' title='bbox 3400 5484 3594 5552; x_wconf 85' lang='grc' dir='ltr'>ἀλόγου</span> <span class='ocrx_word' id='word_1_836' title='bbox 3633 5485 3913 5555; x_wconf 71' lang='grc' dir='ltr'>θρέμματος</span> 
     </span>
    </p>
   </div>
   <div class='ocr_carea' id='block_1_109' title="bbox 768 5567 2343 5645">
    <p class='ocr_par' dir='ltr' id='par_1_109' title="bbox 768 5567 2296 5639">
     <span class='ocr_line' id='line_1_109' title="bbox 768 5567 2296 5639; baseline 0.009 -24"><span class='ocrx_word' id='word_1_837' title='bbox 768 5572 937 5616; x_wconf 89' lang='lat' dir='ltr'><strong>tutum</strong></span> <span class='ocrx_word' id='word_1_838' title='bbox 971 5567 1201 5620; x_wconf 85' lang='lat' dir='ltr'><strong>rationes</strong></span> <span class='ocrx_word' id='word_1_839' title='bbox 1227 5568 1438 5635; x_wconf 85' lang='lat' dir='ltr'><strong>vimque</strong></span> <span class='ocrx_word' id='word_1_840' title='bbox 1460 5569 1731 5637; x_wconf 88' lang='lat' dir='ltr'><strong>percipere</strong></span> <span class='ocrx_word' id='word_1_841' title='bbox 1760 5589 1771 5622; x_wconf 93' lang='lat'><strong>:</strong></span> <span class='ocrx_word' id='word_1_842' title='bbox 1803 5573 1930 5627; x_wconf 89' lang='lat' dir='ltr'><strong>solis</strong></span> <span class='ocrx_word' id='word_1_843' title='bbox 1956 5572 2104 5639; x_wconf 89' lang='lat' dir='ltr'><strong>item,</strong></span> <span class='ocrx_word' id='word_1_844' title='bbox 2156 5578 2296 5628; x_wconf 77' lang='lat' dir='ltr'><strong>lunae</strong></span> 
     </span>
    </p>
   </div>
   <div class='ocr_carea' id='block_1_110' title="bbox 2338 5567 3913 5645">
    <p class='ocr_par' dir='ltr' id='par_1_110' title="bbox 2393 5569 3913 5645">
     <span class='ocr_line' id='line_1_110' title="bbox 2393 5569 3913 5645; baseline 0.003 -26"><span class='ocrx_word' id='word_1_845' title='bbox 2393 5569 2763 5640; x_wconf 69' lang='grc' dir='ltr'>τὸνδεσπότην</span> <span class='ocrx_word' id='word_1_846' title='bbox 2787 5569 3454 5645; x_wconf 45' lang='grc' dir='ltr'>ὴχθεσμένουνφροντίζειν,</span> <span class='ocrx_word' id='word_1_847' title='bbox 3485 5575 3638 5640; x_wconf 81' lang='grc' dir='ltr'>ἄγειν</span> <span class='ocrx_word' id='word_1_848' title='bbox 3659 5591 3716 5626; x_wconf 82' lang='grc' dir='ltr'><strong>τε</strong></span> <span class='ocrx_word' id='word_1_849' title='bbox 3751 5571 3913 5641; x_wconf 70' lang='grc' dir='ltr'>πρᾴως</span> 
     </span>
    </p>
   </div>
   <div class='ocr_carea' id='block_1_111' title="bbox 769 5656 2344 5742">
    <p class='ocr_par' dir='ltr' id='par_1_111' title="bbox 769 5656 2297 5742">
     <span class='ocr_line' id='line_1_111' title="bbox 769 5656 2297 5742; baseline 0.01 -38"><span class='ocrx_word' id='word_1_850' title='bbox 769 5656 1105 5723; x_wconf 80' lang='lat' dir='ltr'><strong>siderumque</strong></span> <span class='ocrx_word' id='word_1_851' title='bbox 1132 5674 1340 5742; x_wconf 67' lang='lat' dir='ltr'><strong>cursus,</strong></span> <span class='ocrx_word' id='word_1_852' title='bbox 1373 5658 1679 5720; x_wconf 86' lang='lat' dir='ltr'><strong>dierumque</strong></span> <span class='ocrx_word' id='word_1_853' title='bbox 1711 5663 1868 5720; x_wconf 84' lang='lat' dir='ltr'><strong>simul</strong></span> <span class='ocrx_word' id='word_1_854' title='bbox 1916 5681 1978 5721; x_wconf 84' lang='lat' dir='ltr'><strong>ac</strong></span> <span class='ocrx_word' id='word_1_855' title='bbox 2011 5676 2297 5737; x_wconf 80' lang='lat' dir='ltr'><strong>tempesta-</strong></span> 
     </span>
    </p>
   </div>
   <div class='ocr_carea' id='block_1_112' title="bbox 2338 5656 3913 5742">
    <p class='ocr_par' dir='ltr' id='par_1_112' title="bbox 2395 5661 3913 5737">
     <span class='ocr_line' id='line_1_112' title="bbox 2395 5661 3913 5737; baseline 0.003 -25"><span class='ocrx_word' id='word_1_856' title='bbox 2395 5661 2542 5726; x_wconf 79' lang='grc' dir='ltr'>αὐτὸ,</span> <span class='ocrx_word' id='word_1_857' title='bbox 2571 5661 2662 5714; x_wconf 76' lang='grc' dir='ltr'><strong>καὶ</strong></span> <span class='ocrx_word' id='word_1_858' title='bbox 2694 5664 2906 5732; x_wconf 78' lang='grc' dir='ltr'>τρέφειν</span> <span class='ocrx_word' id='word_1_859' title='bbox 2929 5662 3016 5718; x_wconf 77' lang='grc' dir='ltr'>οἷα</span> <span class='ocrx_word' id='word_1_860' title='bbox 3039 5665 3236 5731; x_wconf 80' lang='grc' dir='ltr'>δοῦλον,</span> <span class='ocrx_word' id='word_1_861' title='bbox 3291 5667 3423 5737; x_wconf 78' lang='grc' dir='ltr'>πρὸς</span> <span class='ocrx_word' id='word_1_862' title='bbox 3469 5662 3790 5734; x_wconf 81' lang='grc' dir='ltr'>ἀνθρωπείου</span> <span class='ocrx_word' id='word_1_863' title='bbox 3815 5661 3913 5729; x_wconf 78' lang='grc' dir='ltr'>βίου</span> 
     </span>
    </p>
   </div>
   <div class='ocr_carea' id='block_1_113' title="bbox 845 5741 1742 5814">
    <p class='ocr_par' dir='ltr' id='par_1_113' title="bbox 845 5741 1742 5814">
     <span class='ocr_line' id='line_1_113' title="bbox 845 5741 1742 5814; baseline 0.002 -15"><span class='ocrx_word' id='word_1_864' title='bbox 845 5744 887 5773; x_wconf 80' lang='grc'><strong>⁸⁸</strong></span> <span class='ocrx_word' id='word_1_865' title='bbox 917 5743 1046 5799; x_wconf 84' lang='lat' dir='ltr'><strong>Gen.</strong></span> <span class='ocrx_word' id='word_1_866' title='bbox 1080 5760 1114 5809; x_wconf 86' lang='grc' dir='ltr'><strong>ι,</strong></span> <span class='ocrx_word' id='word_1_867' title='bbox 1140 5745 1225 5808; x_wconf 73' lang='grc'>26,</span> <span class='ocrx_word' id='word_1_868' title='bbox 1255 5743 1343 5799; x_wconf 72' lang='lat'><strong>27.</strong></span> <span class='ocrx_word' id='word_1_869' title='bbox 1371 5743 1411 5775; x_wconf 84' lang='grc'><strong>⁸⁷</strong></span> <span class='ocrx_word' id='word_1_870' title='bbox 1441 5741 1569 5801; x_wconf 83' lang='lat' dir='ltr'><strong>Gen.</strong></span> <span class='ocrx_word' id='word_1_871' title='bbox 1602 5761 1660 5814; x_wconf 87' lang='grc' dir='ltr'><strong>ιι,</strong></span> <span class='ocrx_word' id='word_1_872' title='bbox 1692 5745 1742 5802; x_wconf 89' lang='grc'><strong>7.</strong></span> 
     </span>
    </p>
   </div>
   <div class='ocr_carea' id='block_1_114' title="bbox 843 5825 1343 5892">
    <p class='ocr_par' dir='ltr' id='par_1_114' title="bbox 843 5825 1343 5892">
     <span class='ocr_line' id='line_1_114' title="bbox 843 5825 1343 5892; baseline 0.004 -18"><span class='ocrx_word' id='word_1_873' title='bbox 843 5837 868 5865; x_wconf 78' lang='grc' dir='ltr'>ι</span> <span class='ocrx_word' id='word_1_874' title='bbox 900 5846 1004 5892; x_wconf 53' lang='grc' dir='ltr'><strong>πμ,</strong></span> <span class='ocrx_word' id='word_1_875' title='bbox 1035 5825 1343 5890; x_wconf 76' lang='grc' dir='ltr'>ἐμπνέοντα.</span> 
     </span>
    </p>
   </div>
  </div>
