4020 6342
87 466 201 521 561
1261 458 1573 513 ΡΒᾹΞΡΑΒ.
1612 459 1653 512 Ε

1759 459 1861 514 ΜΞ.
1904 457 2028 512 LIB.
2069 456 2176 513 VII.
3208 461 3309 517 56?.

84 580 381 633 διακονίαν
416 572 473 632 εὖ
508 576 940 649 προσηνωμένον,
995 576 1083 628 τὸν
1132 575 1173 627 δ’
1201 574 1329 629 εἴσω
1383 574 1656 643 δεσπότην,

1770 584 1878 629 tum
1911 573 2285 651 conversiones
2312 570 2641 626 numerando
2681 574 2935 643 consequi
2972 560 3156 642 posse;
3191 594 3308 646 qure

78 670 171 735 ὡς
197 672 269 725 ἂν
302 671 497 741 εὐγενῆ
527 672 616 723 καὶ
668 668 798 722 Θεοῦ
848 671 1079 737 συγγενῆ
1109 668 1286 735 φύσιν,
1338 667 1656 737 ἐλευθερίοις

1767 666 1947 720 omnia
1974 681 2035 720 ex
2068 666 2269 728 innata,
2305 679 2465 733 quam
2488 678 2551 716 ex
2579 666 2785 718 cunctis
2828 668 3141 722 mortalibus
3174 686 3310 726 unus

82 762 329 833 τρόποις
360 765 543 833 τιμᾷν,
590 762 685 815 ἆτε
714 762 806 814 καὶ
832 760 965 830 πρὸς
988 759 1079 812 τοῦ
1115 760 1327 812 πάντων
1351 761 1521 811 αἰτίου
1571 777 1658 811 τε-

81 855 427 926 τιμημένον.
454 854 612 921 Λέγει
634 854 679 906 δ’
707 849 799 906 οὖν
818 852 888 905 τὰ
914 852 1088 919 λόγια,
1121 850 1193 915 ὡς
1239 852 1345 920 ἄρα
1390 852 1488 921 τὴν
1512 850 1660 921 πρώ-

80 958 198 1013 την
236 943 519 1014 ἀνθρώπου
546 944 705 1011 φύσιν
745 942 1001 1011 δυνάμεσι
1052 941 1220 1003 θείαις
1271 942 1361 993 καί
1411 940 1660 1011 ὁμοιώσει

1767 758 1929 811 homo
1956 773 2064 827 prae
2090 772 2145 812 se
2172 756 2291 821 fert,
2314 770 2449 813 .cum
2479 757 2639 811 rebus
2674 757 2776 812 illis
2813 760 3180 828 superioribus
3202 762 3312 817 alli-

1766 844 1931 904 nitate
1960 851 2221 907 oriantur.
2252 849 2319 919 At
2341 864 2487 913 vero,
2540 852 2682 920 quod
2712 851 2878 905 eidem
2906 852 3134 905 amt-tum
3165 865 3313 909 exte-

1766 942 1879 996 rius
1904 957 1966 996 ac
1991 942 2374 996 circumfusum
2401 952 2501 1007 est,
2535 943 2755 997 alterius
2785 958 2903 998 esse
2936 946 3143 1013 generis
3183 948 3311 1001 illud

85 1032 238 1087 Θεοῦ
264 1035 543 1103 κοσμήσας
582 1034 611 1083 ὁ
652 1032 1045 1101 παμϐασιλεὺς,
1074 1031 1324 1101 ἁρμόδιον
1364 1026 1442 1091 οἷς
1464 1030 1661 1101 ἐδωρή-

87 1138 256 1185 σατο,
278 1123 379 1193 τὴν
407 1119 623 1193 πρώτην
650 1120 997 1191 ἀπεκλήρωσε
1023 1119 1295 1191 διατριϐὴν
1321 1118 1410 1171 τοῦ
1440 1119 1573 1189 βίου,
1605 1120 1661 1172 ὲν

86 1213 328 1279 ἀγαθῶν
354 1212 677 1284 παραδείσῳ,
729 1211 965 1281 χορείαις
1018 1210 1415 1279 συγκαταλέξας
1467 1210 1655 1273 θείαις.

87 1304 213 1355 Καὶ
235 1302 329 1355 τὸν
357 1304 453 1373 μὲν
482 1303 605 1356 τάδε
644 1304 699 1355 ὲν
728 1304 919 1373 ἀρχαῖς
949 1297 1035 1355 οἷα
1079 1294 1386 1370 πανάγαθον
1412 1301 1557 1371 αὐτῷ
1578 1302 1660 1355 δε-

88 1393 380 1464 δωρῆσθαι
414 1392 648 1462 Πατέρα’
696 1393 787 1445 τὸν
832 1393 876 1444 δ’
926 1392 1260 1462 αὐθεκουσίῳ
1306 1392 1509 1462 αἱρέσει
1552 1390 1658 1443 τῶν

94 1486 427 1555 κρειττόνων
454 1487 765 1547 ἀποπεσεῖν,
793 1486 883 1538 καὶ
902 1486 991 1538 τὸν
1006 1485 1193 1554 θνητὸν
1219 1485 1389 1555 χῶρον
1414 1484 1658 1537 ἀντικατ-

101 1578 445 1642 αλλάξασθαι
470 1578 617 1642 θείας
649 1578 865 1649 ἐντολῆς
885 1571 1160 1648 ὀλιγωρίᾳ.
1190 1577 1277 1629 Διὸ
1306 1576 1399 1629 καὶ
1432 1577 1659 1647 μάλιστα

106 1671 396 1741 προσήκειν
428 1669 701 1731 εὐσεϐείας
731 1671 789 1722 ὲν
836 1668 1067 1740 πρώτοις
1122 1669 1528 1731 ἀντιποιεῖσθαι,
1568 1671 1659 1722 καὶ

106 1763 169 1812 τὸ
197 1760 418 1831 πρώτως
447 1759 829 1830 πλημμεληθὲν
882 1760 1150 1827 δευτέροις
1194 1761 1386 1822 αἰσίοις
1431 1762 1659 1831 ἐπιδιορα

104 1851 345 1915 οοῦσθαι,
389 1852 632 1904 σπεύδειν
655 1868 708 1904 τε
737 1851 825 1903 ἐπὶ
851 1851 946 1921 τὴν
978 1850 1083 1903 τῶν
1115 1851 1327 1903 οἰκείων
1356 1852 1657 1921 ἀναδρομὴν

1765 1032 2001 1103 quidem,
2033 1047 2094 1085 ac
2120 1034 2355 1086 terrestri
2374 1048 2437 1086 ex
2462 1033 2601 1086 mole
2631 1031 2915 1085 conﬂatum
2938 1053 2951 1099 ;
2973 1034 3106 1087 idem
3134 1046 3310 1090 tamen

1768 1122 1860 1176 Dei
1897 1121 2207 1190 simpliciter
2238 1136 2374 1190 opus
2399 1137 2546 1187 esse;
2583 1121 2723 1191 quod
2766 1122 2839 1174 uti
2871 1137 2933 1175 cx
2964 1133 3101 1177 terra
3134 1134 3309 1178 satum

1765 1222 1866 1275 est,
1900 1214 1973 1266 ita
2001 1213 2177 1265 denuo
2200 1212 2251 1265 in
2292 1222 2487 1265 terram
2512 1212 2853 1266 dissolvatur.
2898 1211 3079 1280 Itaque
3106 1216 3309 1276 homini

1766 1304 1982 1373 perinde
2013 1319 2075 1358 ac
2116 1318 2272 1358 suum
2304 1303 2517 1371 aliquod
2553 1286 2756 1356 ratione
2790 1318 2976 1356 carens
3026 1312 3078 1357 et
3118 1319 3310 1358 onera-

1764 1379 2228 1469 rium'jumentum
2270 1398 2506 1461 domino,
2536 1398 2833 1451 curandum
2878 1398 3003 1451 illud
3035 1414 3170 1465 csse,
3202 1407 3309 1454 tra-

1763 1489 2123 1557 ctandumque
2148 1489 2467 1550 humaniter,
2493 1496 2649 1555 atque
2675 1489 2726 1541 in
2761 1489 2897 1542 servi
2927 1504 3127 1543 morem
3158 1490 3305 1545 alen-

1764 1581 1890 1635 dum
1912 1622 1925 1645 ,
1963 1582 2027 1635 ad
2053 1582 2299 1633 humana:
2329 1580 2447 1633 vita:
2475 1580 2790 1649 obsequium
2822 1580 3010 1646 docilis
3035 1591 3086 1635 et
3116 1585 3304 1652 parati.

1763 1671 1830 1725 At
1879 1670 2153 1725 dominum
2205 1671 2351 1725 illum
2400 1671 2737 1734 interiorem,
2788 1682 2969 1741 utpote
3024 1675 3306 1742 ingenuam

1764 1762 2106 1831 nobilemque
2136 1773 2405 1827 naturam,
2456 1777 2683 1831 cumque
2712 1761 2820 1817 Deo
2850 1765 2967 1833 ipso
2995 1764 3309 1834 cognatione

1763 1854 2126 1921 conjunctam,
2162 1852 2475 1907 liberalibus
2518 1854 2676 1907 etiam
2708 1863 2760 1907 et
2785 1854 3027 1922 ingenuis
3070 1856 3309 1910 moribus

99 1960 159 1995 τε
215 1945 309 1995 καὶ
341 1944 795 2005 ἀποκατάστασιν.
832 1938 983 1996 Εἶναι
1024 1942 1127 2013 γὰρ
1185 1942 1335 2005 τέλος
1382 1942 1656 2010 ἀνθρώπου

1764 1942 2153 2005 exornandum,
2186 1958 2306 1994 cum
2337 1950 2560 1995 ornatus
2589 1944 2655 1995 ab
2681 1944 2905 2010 ipsomct
2944 1944 3101 1997 etiam
3131 1960 3309 1997 rerum

98 2034 317 2103 φύσεως
336 2038 430 2105 οὐχ
461 2030 558 2088 ὦδε
602 2037 691 2088 ἐπὶ
734 2035 855 2105 γῆς,
903 2038 981 2099 εἰς
1042 2035 1243 2106 φθορὰν
1295 2035 1661 2105 καταστρέφον

98 2128 197 2179 καὶ
247 2128 537 2192 ἀπώλειαν,
593 2129 704 2182 ἀλλ’
753 2127 991 2191 ἐκεῖθεν,
1038 2128 1155 2180 ὅθεν
1224 2130 1316 2181 καὶ
1359 2130 1397 2190 ,δ
1453 2128 1662 2197 πρῶτος

97 2221 403 2292 ἀπέσφηλε.
447 2223 534 2274 Διὸ
561 2221 752 2291 χρῆναι
778 2222 837 2273 τὸ
864 2220 1093 2290 καθαρὸν
1124 2216 1295 2283 αὖθις,
1323 2223 1411 2273 καὶ
1436 2219 1663 2272 θεοείκε-

98 2320 191 2365 λον
225 2315 626 2385 ἀνακτήσασθαι
655 2317 752 2385 τῆς
784 2316 839 2367 ἐν
866 2317 993 2385 ἡμῖν
1020 2316 1208 2384 νοερᾶς
1252 2314 1457 2377 οὐσίας,
1487 2317 1567 2383 ἐφ’
1599 2316 1661 2383 ἧν

102 2403 479 2476 προθυμητέον
502 2406 701 2459 ἀνιέναι
752 2406 913 2459 παντί
947 2406 1119 2458 σθένει
1159 2407 1320 2458 πᾶσιν
1362 2406 1663 2474 ἀνθρώποις

102 2489 383 2552 εὐσεϐείας
406 2492 498 2543 καὶ
523 2493 718 2563 ἀρετῆς
744 2493 1202 2567 ἐπιμελουμένοις.
1235 2493 1465 2546 Τοιαῦτα
1488 2494 1581 2545 καὶ
1596 2494 1662 2547 τά

97 2578 230 2645 περὶ
280 2578 567 2648 ἀνθρώπου
621 2580 832 2647 φύσεως
890 2582 1155 2651 Ἑϐραίοις
1193 2581 1661 2651 πεφιλοσοφημένα

96 2668 329 2733 ἄνωθεν,
363 2672 490 2741 πρὶν
514 2671 545 2742 ἢ
572 2674 663 2726 καὶ
693 2676 774 2737 εἰς
799 2674 1111 2746 ἀνθρώπους
1163 2673 1446 2743 παρελθεῖν
1472 2674 1655 2743 Ἔλλη-

98 2775 223 2822 νας·
250 2759 301 2811 οἶ
338 2761 503 2831 χθιζοί
524 2780 667 2827 τινες
696 2766 788 2817 καὶ
815 2764 1005 2835 κομιδῆ
1033 2764 1140 2817 νέοι
1176 2764 1281 2817 ἀπὸ
1325 2764 1426 2833 γῆς
1466 2762 1661 2817 ἀνακύ-

99 2850 327 2921 ψαντες,
350 2856 418 2908 τά
444 2873 501 2908 τε
533 2857 817 2929 βαρϐάρων
841 2858 1108 2928 ὐποσυλᾷν
1159 2856 1542 2926 διανοηθέντες,
1569 2857 1660 2909 καὶ

94 2932 217 2997 τῶν
239 2949 369 3017 παρ’
402 2947 663 3020 Ἑϐραίοις
713 2950 812 3001 οὐκ
840 2950 1155 3018 ἀπέσχοντο,
1189 2949 1262 3011 ώς
1296 2949 1495 3018 προῖὼν
1516 2952 1543 3001 ό
1576 2950 1661 3000 λὸ-

97 3050 203 3103 τος
226 3038 421 3091 αὐτίκα
455 3041 595 3110 μάλα
619 3039 888 3107 ἐπιδείξει.
950 3041 1086 3093 Ἀλλ’
1130 3043 1251 3094 ἐπεὶ
1304 3042 1410 3093 τῶν
1446 3042 1661 3111 Ἐϐραῖ-

95 3128 213 3184 κῶν
236 3129 515 3201 δογμάτων
546 3130 674 3183 ἴδιον
706 3126 771 3202 ἦν
803 3132 864 3184 τὸ
885 3131 978 3183 ἕνα
1016 3131 1122 3183 τῶν
1156 3133 1405 3184 ἁπάντων
1435 3132 1660 3203 ποιητὴν

92 3220 413 3290 νομίζεσθαι
444 3217 545 3274 ’τὸν
567 3222 659 3274 ὲπὶ
685 3222 897 3274 πάντων
941 3221 1091 3287 Θεὸν,
1120 3223 1288 3292 αὐτῆς
1324 3240 1381 3275 τε
1407 3222 1505 3292 τῆς
1532 3223 1659 3275 ὐπο-

1760 2032 1999 2085 omnium
2036 2032 2279 2085 mnlitore
2347 2031 2523 2085 fuerit.
2584 2032 2799 2086 Addunt
2823 2034 3096 2087 enimvero
3142 2050 3309 2089 sacrre

1762 2123 1968 2185 litterae,
2004 2140 2270 2178 summum
2314 2123 2462 2177 illum
2493 2139 2554 2177 ac
2579 2135 2953 2195 praepotentem
2987 2142 3180 2195 regem,
3217 2125 3307 2181 ubi

1761 2213 2048 2281 principem
2076 2212 2310 2279 hominis
2340 2224 2581 2268 naturam
2638 2216 2833 2271 divinis
2870 2215 3212 2272 facultatibus
3243 2232 3308 2276 ac

1760 2304 1938 2357 divina
1972 2304 2323 2357 similitudine
2362 2306 2689 2370 decorasset,
2738 2306 2784 2359 ei
2827 2322 3041 2376 quoque
3070 2319 3310 2376 postmo-

1760 2395 1885 2447 dum
1920 2395 1970 2446 in
2004 2402 2240 2447 (-(nluum
2268 2396 2571 2449 divinorum
2603 2397 2909 2451 societatem
2945 2400 3157 2463 allecto,
3196 2402 3308 2453 suis

1761 2482 2072 2537 muneribus
2101 2484 2364 2551 donisque
2390 2492 2771 2552 congruentem
2794 2527 2806 2549 ,
2845 2485 2895 2537 in
2940 2486 3095 2541 bonis
3136 2489 3311 2539 omni-

1760 2572 1859 2627 bus
1887 2573 2289 2627 circunillucnte
2317 2573 2584 2642 paradiso,
2621 2576 2847 2643 primam
2874 2577 2990 2629 vitze
3020 2576 3199 2631 sedem
3231 2587 3311 2633 at-

1762 2664 2030 2718 tribuisse.
2066 2664 2444 2729 Athomincm,
2466 2664 2555 2734 qui
2585 2666 2689 2718 vim
2721 2667 2789 2721 ab
2815 2680 2881 2720 eo
2901 2676 3096 2721 tantam
3121 2684 3309 2738 opum,

1760 2766 2012 2826 tanquam
2057 2757 2125 2811 ab
2163 2758 2367 2827 optimo
2397 2765 2616 2826 parente
2640 2800 2656 2823 ,
2687 2759 2802 2827 ipso
2830 2760 3008 2813 statim
3044 2762 3194 2815 initio
3221 2778 3310 2817 ac-

1759 2858 1993 2917 ceperat,
2040 2858 2093 2902 et
2136 2864 2232 2903 sua
2264 2858 2454 2919 sponte
2487 2848 2766 2904 divinioris
2816 2850 2959 2906 illius
2988 2854 3307 2911 conditionis

1758 2950 1902 2994 sorte
1929 2940 2195 2994 excidisse
2238 2950 2291 2994 et
2338 2942 2407 2994 ob
2440 2942 2696 2995 violatum
2739 2942 2929 2997 divinae
2974 2936 3101 3013 legis
3142 2946 3307 3015 impe-

1759 3033 1922 3097 rium,
1962 3034 2014 3087 in
2041 3033 2263 3089 mortale
2290 3034 2621 3090 domicilium
2646 3040 2989 3092 amandatum
3017 3054 3079 3093 ac
3104 3040 3306 3111 relega-

1758 3130 1871 3176 tum
1905 3122 2096 3179 iuisse.
2151 3122 2415 3189 Quocirca
2444 3140 2628 3179 verum
2661 3129 2880 3181 omnino
2904 3144 3044 3194 csse,
3071 3130 3147 3183 uti
3182 3146 3308 3199 pise-

1759 3213 1969 3281 cipuam
2020 3216 2306 3286 quamdam
2359 3216 2540 3284 pietati
2574 3232 2791 3286 operam
2844 3219 3065 3283 demus,
3101 3225 3242 3291 quod
3278 3239 3307 3277 a

94 3282 358 3380 κειμένης
376 3314 494 3375 τοῖς
518 3310 762 3382 σώμασιν
805 3312 1009 3374 οὐσίας,
1128 3282 1256 3381 ὓλην
1295 3282 1656 3384 προσαγορεύ-

1763 3305 1918 3358 nobis
1961 3315 2084 3361 ante
2126 3316 2401 3376 peccatum
2444 3318 2558 3374 est,
2606 3308 2935 3366 felicioribus
2975 3314 3093 3367 vitae
3121 3329 3309 3368 conse-

95 3418 245 3453 ουσιν
274 3402 546 3472 Ἕλληνες·
573 3404 727 3456 τοῦτο
763 3417 787 3444 8
811 3404 865 3456 δὲ
892 3406 1068 3476 μυρίοι
1100 3404 1383 3475 βαρϐάρων
1406 3404 1537 3473 ὁμοῦ
1566 3407 1660 3457 καὶ

106 3492 377 3561 Ἑλλήνων
410 3492 713 3558 ἐξεναντίας
740 3495 985 3567 ἔστησαν·
1013 3498 1059 3549 οἰ
1110 3496 1227 3567 μὲν,
1258 3496 1449 3559 κακίας
1480 3496 1660 3566 πηγὴν

101 3583 195 3652 τὴν
220 3583 351 3651 ὕλην
377 3579 513 3635 εἶναι
546 3586 970 3656 ἀποφηνάμενοι,
990 3587 1277 3657 ἁγέννητόν
1302 3605 1359 3639 τε
1377 3588 1656 3659 ὑπάρχειν·

99 3678 145 3728 τί
178 3675 255 3739 δὲ,
275 3678 343 3746 τῇ
381 3678 478 3745 μὲν
522 3676 695 3746 οἰκείᾳ
734 3678 890 3744 φύσει
913 3678 1097 3734 ἄποιον
1124 3681 1216 3731 καὶ
1239 3680 1657 3749 ἀσχημάτιστον,

93 3769 161 3836 τῇ
188 3767 396 3819 δὲΘεοῦ
411 3766 653 3837 δυνάμει,
680 3768 768 3819 τὸν
794 3770 988 3838 κόσμον
1013 3772 1198 3834 αὐταῖς
1228 3773 1469 3840 ποιότησι
1497 3788 1659 3841 προσ-

94 3857 410 3927 εἰληφὲναν
469 3856 702 3933 δεικτέον
749 3858 824 3921 ὡς
874 3859 1003 3911 πολύ
1039 3864 1279 3930 κρεῖττον
1326 3864 1358 3932 ὴ
1400 3862 1656 3932 Ἐϐραίων

98 3947 450 4017 ὲπέχειδόξα,
513 3951 625 4019 μετ’
657 3950 974 4014 ἀποδείξεως
1015 3950 1233 4021 λογικῆς
1276 3953 1651 4024 παρισταμένη

94 4036 176 4107 τῷ
200 4039 566 4110 προϐλήματι,
597 4042 823 4094 καὶτῶν
875 4042 1128 4095 ἐναντίων
1165 4043 1334 4111 λόγων
1380 4045 1654 4115 λογισμοῖς

93 4128 277 4199 ὀρθοῖς
302 4132 774 4203 ἀποσκευαξομένη
820 4132 993 4201 λόγον.
1046 4133 1204 4204 Θήσω
1248 4134 1303 4185 δὲ
1332 4137 1511 4204 φωνάς
1542 4137 1649 4190 τῶν

97 4220 206 4291 πρὸ
229 4221 384 4290 ἡμῶν
412 4223 473 4275 τὸ
502 4223 675 4293 δόγμα
722 4224 1171 4294 διηκριϐωκότων,
1208 4226 1297 4276 καὶ
1323 4225 1533 4295 πρώτου
1588 4245 1651 4296 γε

102 4308 372 4360 Διονυσίου
409 4310 539 4381 (87),
571 4313 628 4376 ὃς
662 4314 716 4365 ὲν
748 4314 823 4384 τῷ
846 4313 1038 4384 πρώτῳ
1066 4313 1172 4366 τῶν
1206 4314 1337 4385 πρὸς
1372 4316 1651 4370 Σαϐέλλιον

103 4397 258 4467 αὐτῷ
310 4404 759 4474 γεγυμνασμένων
816 4405 938 4457 τάδε
995 4405 1119 4474 περὶ
1158 4404 1249 4457 τοῦ
1300 4406 1650 4475 προκειμένου

100 4484 335 4559 γράφεις

1759 3396 1976 3464 quentis
2001 3396 2254 3465 auspiciis
2285 3399 2662 3473 emendemus,
2695 3410 2965 3468 postremo
3000 3403 3063 3457 ad
3092 3420 3309 3473 recupe-

1761 3483 1983 3537 randam
2014 3500 2174 3553 opum
2210 3485 2335 3541 olim
2371 3471 2673 3542 nostrarum
2714 3494 3108 3557 possessionem
3160 3471 3303 3548 omni

1761 3574 1938 3627 studio
1957 3583 2008 3627 et
2030 3577 2374 3629 contentione
2398 3578 2688 3647 rapiantur.
2722 3578 2851 3633 Nam
2880 3598 3033 3636 suum
3063 3583 3306 3641 humane:

1762 3682 1964 3727 natura:
1989 3672 2169 3737 ﬁnem,
2198 3690 2301 3728 non
2324 3676 2435 3744 jam
2472 3676 2577 3739 hic,
2615 3678 2665 3731 in
2701 3678 2873 3737 terris.
2902 3680 3002 3741 hoc
3034 3690 3114 3736 cst
3142 3682 3193 3735 in
3228 3682 3309 3735 in-

1760 3767 1916 3819 terittt
1949 3781 2011 3820 ac
2036 3776 2205 3821 morte
2228 3768 2483 3836 positum,
2520 3770 2610 3822 sed
2637 3785 2700 3822 eo
2721 3770 2895 3838 potius
2930 3770 2980 3823 in
3010 3780 3147 3824 statu
3180 3786 3304 3839 grt—

1757 3856 1933 3925 duque
1968 3857 2131 3909 lixum
2177 3872 2314 3921 esse,
2358 3858 2498 3910 unde
2544 3857 2755 3926 generis
2808 3858 3025 3909 humani
3060 3857 3305 3926 princeps

1755 3947 2030 4001 exciderit.
2091 3949 2164 4001 Ita
2209 3948 2512 4001 conandum
2561 3947 2611 4001 id
2651 3962 2769 4001 esse
2806 3947 3175 4015 agendumquc
3203 3963 3304 4001 ro.

1753 4038 1858 4099 bis,
1910 4050 1969 4092 ut
2022 4039 2305 4106 pristinum
2367 4038 2515 4090 illum
2577 4047 2779 4090 natura:
2828 4048 3023 4091 nostra:
3075 4038 3301 4106 spiritali

1755 4132 2006 4194 nitorem,
2039 4147 2100 4185 ac
2122 4131 2317 4184 divina:
2348 4130 2718 4184 similitudinis
2766 4141 3075 4184 ornamenta
3112 4132 3299 4187 redda-

1754 4238 1913 4286 mus,
1986 4219 2225 4289 adeoque
2298 4228 2631 4275 constantem
2693 4221 2831 4275 hanc
2893 4232 3052 4291 atque
3114 4239 3298 4293 perpe-

1753 4321 1898 4365 tuam
1954 4326 2138 4365 eorum
2192 4327 2309 4366 esse
2360 4313 2598 4366 omnium
2643 4328 2827 4366 curam
2871 4324 3152 4382 oportere,
3206 4319 3295 4385 qui

1754 4403 1934 4469 aliquo
2002 4402 2213 4470 pietatis
2285 4411 2337 4457 et
2427 4404 2639 4457 virtutis
2736 4405 2913 4458 studio
2998 4417 3294 4460 teneantur.

1756 4494 1913 4565 333
1948 4494 2070 4548 Haec
2117 4495 2276 4562 igitur
2319 4495 2405 4549 illa
2437 4504 2562 4549 sunt
2593 4512 2712 4565 quas
2742 4496 2806 4550 de
2852 4506 3040 4551 natura
3072 4499 3298 4552 hominis

90 4590 167 4637 ab
202 4582 391 4637 ultima
423 4598 567 4641 retro
598 4591 856 4645 memoria
906 4590 1109 4647 Hobrzei
1154 4594 1492 4654 docuerunt,
1525 4608 1645 4647 cum
1686 4594 1891 4647 nullum
1942 4594 2117 4648 adhuc
2178 4592 2485 4649 Graecorum
2544 4610 2711 4663 genus
2763 4605 3028 4648 exstaret:
3062 4596 3151 4663 qui
3176 4609 3297 4647 cum

88 4675 215 4730 heri
253 4686 347 4729 aut
379 4678 773 4737 nudiustertius
804 4694 1004 4743 eterra
1050 4698 1211 4756 caput
1244 4688 1564 4753 extulerint,
1598 4696 1652 4743 et
1688 4704 1817 4742 suas
1861 4688 2105 4743 barbaris
2158 4702 2286 4756 opes
2336 4687 2586 4757 sumit-ari
2639 4698 2957 4752 statuerunt,
3015 4703 3111 4740 nec
3176 4696 3300 4755 pro;

84 4768 229 4839 priis
260 4766 604 4824 Hebraorum
654 4773 809 4828 bonis
845 4788 1215 4847 pepercerunt,
1254 4788 1313 4831 ut
1347 4780 1502 4847 paulo
1531 4788 1652 4849 post
1682 4781 1841 4850 hujus
1868 4780 1921 4833 in
1946 4780 2325 4848 disputationis
2375 4794 2661 4847 progressu
2730 4780 3089 4833 ostendemus.
3146 4778 3301 4835 Nunc

82 4876 245 4925 vero,
280 4863 537 4930 quoniam
567 4859 909 4920 Hebtazorum
937 4870 1193 4924 doctrina:
1242 4871 1514 4940 proprium
1544 4872 1644 4926 hoc
1682 4871 1782 4926 fuit
1824 4872 2257 4940 praecipuumque
2299 4879 2478 4937 caput,
2538 4869 2613 4922 uti
2656 4867 2820 4923 Deum
2882 4882 3297 4939 praepotentem,

81 4965 218 5004 cum
252 4960 567 5007 ceterarum
620 4956 860 5021 omnium
914 4976 1115 5027 rerum,
1159 4973 1270 5017 tum
1300 4963 1417 5031 ejus
1448 4963 1607 5018 etiam
1632 5006 1646 5030 ,
1686 4980 1807 5035 qua:
1831 4962 2150 5032 corporibus
2177 4962 2378 5027 subest,
2402 4973 2624 5027 natura},
2692 4978 2960 5031 quamque
3017 4968 3296 5022 materiam

80 5039 266 5094 Graeci
310 5053 522 5109 vocant,
554 5042 813 5101 artiﬁcem
870 5065 1036 5105 unum
1067 5070 1130 5115 ac
1180 5056 1482 5109 molitorem
1519 5072 1639 5111 esse
1677 5063 1979 5112 statuerunt
2009 5073 2020 5107 :
2056 5054 2193 5108 idem
2226 5064 2408 5109 contra
2442 5056 2789 5109 barbarorum
2827 5057 2987 5111 simul
3043 5068 3096 5113 et
3152 5060 3297 5114 Grae-

80 5146 281 5187 corum
312 5132 518 5215 inﬁnita
553 5137 634 5193 vis
680 5142 1041 5209 oppugnavit:
1074 5160 1195 5200 cum
1236 5148 1326 5200 alii
1360 5156 1413 5200 et
1442 5148 1795 5216 improbitatis
1830 5147 2007 5201 omnis
2065 5145 2266 5200 fontem
2330 5162 2448 5201 esse
2503 5146 2800 5212 materiam,
2833 5156 2887 5201 et
2938 5160 3060 5203 ortu
3110 5167 3297 5207 carere

78 5222 485 5279 defenderent:
522 5229 614 5284 alii
650 5240 837 5301 suapte
873 5232 1089 5301 quidem
1151 5246 1342 5293 natura
1376 5240 1522 5293 omni
1570 5256 1688 5295 eam
1728 5240 1986 5310 qualitate
2018 5237 2293 5308 ﬁguraque
2321 5238 2573 5292 nudatam
2601 5252 2740 5305 esse,
2772 5239 2936 5295 divini
2986 5250 3158 5296 tamen
3182 5241 3295 5299 Nu-

162 5354 197 5384 II
241 5358 357 5411 τρ.,
394 5343 587 5414 τούτῳ.

160 5459 280 5533 (87)
316 5461 650 5515 Διονυσίου.
688 5466 1103 5543 Alexandritmm
1142 5469 1426 5543 intelligit,
1462 5472 1647 5529 Sabel-
1678 5480 1723 5534 D
1752 5476 1834 5529 dis
1874 5475 2205 5543 episcopum.
2240 5474 2369 5529 Vide
2414 5474 2688 5532 illustriss.
2726 5478 2868 5531 card.
2914 5475 3107 5529 Baron.
3150 5490 3295 5531 anno

79 5533 237 5602 lii,ra
269 5548 379 5601 quo
407 5548 757 5602 personarum
793 5539 845 5590 in
876 5537 975 5592 SS.
1001 5537 1194 5594 Triade
1227 5533 1501 5596 distinctio
1551 5561 1646 5599 ne-

78 5601 233 5657 farie
290 5601 1085 5679 tollebatur,_oppugnatorem
1144 5610 1489 5665 acerrimum.
1540 5613 1643 5679 Qui

80 5687 224 5754 curn
285 5673 753 5754 nimio_quodam’
800 5673 1060 5754 suscepta:
1125 5673 1644 5754 causge__stitdio"in

84 5743 433 5797 contrariam
459 5743 777 5799 hianorum
810 5743 1053 5802 haeresim
1088 5751 1331 5805 nonnihil
1359 5752 1648 5809 inclinasse

86 5812 432 5882 quibusdam
463 5815 1053 5890 videretu_r,_egregium
1103 5822 1153 5873 in
1190 5823 1372 5890 primis
1398 5821 1648 5877 defenso-

92 5896 218 5939 rem
248 5893 440 5937 uactus
478 5894 557 5939 est
586 5886 641 5941 Β.
683 5884 1055 5953 Athanasium,
1084 5884 1318 5957 ejusdem
1346 5900 1525 5956 postea
1564 5910 1644 5949 sc-

1752 5546 1949 5599 Christi
1982 5545 2107 5601 263.
2139 5547 2303 5600 Porro
2343 5544 2611 5603 Sabellius
2640 5590 2654 5612 ,
2705 5550 2927 5609 alterum
2961 5548 3059 5600 hoc
3087 5548 3153 5600 de
3181 5564 3296 5602 mn-

1755 5617 1881 5669 teria
1930 5617 2198 5685 somnium
2254 5618 2319 5667 ab
2367 5617 2703 5685 HermOgene
2761 5626 3053 5684 acceperat.
3109 5617 3294 5673 Plures

1754 5687 2007 5739 adversus
2043 5684 2333 5739 Sabellium
2362 5685 2521 5740 istum
2560 5684 2721 5742 libros
2755 5702 2784 5739 a
2830 5685 3079 5756 Dionysio
3109 5689 3292 5741 elabo-

1754 5768 1899 5810 ratos
1927 5769 2066 5809 esse.
2095 5772 2199 5809 non
2240 5765 2446 5810 tantum
2476 5774 2639 5811 unum
2662 5798 2675 5819 ,
2705 5767 2761 5810 ut
2792 5772 2896 5810 non
2930 5774 3086 5811 nemo
3121 5758 3293 5812 credi-

1753 5829 1845 5893 dit,
1882 5826 1960 5880 vcl
1995 5828 2093 5881 hoc
2123 5826 2336 5882 Eusebii
2365 5828 2483 5884 loco
2514 5828 2813 5895 manifeste,
2840 5829 3195 5884 convincitur.
