3988 6340
766 386 870 445 563

1404 388 1671 447 EUSEBII
1708 388 2185 445 CESARIENSIS
2218 388 2369 443 OPP.
2413 387 2591 443 PARS
2628 387 2691 441 ll.
2730 413 2799 428 -
2840 386 3335 443 APOLOGETICA.

760 502 923 556 minis
980 509 1242 570 potestate
1288 518 1485 558 novum
1528 513 1780 573 prieterca
1839 521 1959 559 cum
2028 503 2144 559 suis
2193 503 2542 572 qualitatibus
2590 510 2839 556 ornatum
2893 500 3129 557 induisse
3179 502 3371 556 vellent
3432 521 3443 555 :
3491 502 3937 557 demonstrandum

758 617 974 675 quoque
1000 602 1154 656 nobis
1176 603 1298 667 erit,
1320 604 1477 674 longe
1516 605 1781 659 saniorem
1822 600 2170 657 Hebraeorum
2221 602 2323 655 hoc
2359 598 2412 666 in
2447 612 2639 669 genere
2679 605 2909 650 mentem
2936 611 2999 650 ac
3053 597 3369 651 sententiam
3419 595 3608 663 fuisse,
3656 612 3782 667 qua
3842 614 3939 667 pro-

758 700 991 773 positam
1028 700 1375 767 qutestionem
1430 700 1599 769 logica
1644 699 1801 770 plane
1846 703 2307 753 demonstratione
2341 694 2620 762 disceptet,
2641 692 2909 761 justisque
2943 691 3241 746 rationibus
3296 692 3477 745 omnia
3529 692 3934 745 dissentientium

757 800 1069 861 argumenta
1097 792 1379 846 convellat.
1405 789 1629 846 Hancin
1658 807 1769 846 rem
1804 788 2073 860 ipsissima
2092 802 2302 852 eorum,
2340 784 2432 854 qui
2487 792 2611 838 ante
2668 798 2766 838 nos
2819 791 3065 839 accurate
3110 783 3216 837 bac
3270 782 3323 836 in
3366 783 3726 853 disputatione
3771 785 3935 838 versati

756 890 902 948 Sunt,
934 884 1095 939 verba
1128 883 1419 955 producam
1441 924 1456 945 ,
1507 894 1666 953 atque
1699 883 1753 939 in
1785 881 1975 952 primis
2022 876 2262 949 Dionyin
2288 916 2304 940 ,
2340 875 2433 944 qui
2468 876 2522 929 in
2575 875 2749 945 primo
2799 874 3062 931 librorum
3110 889 3295 930 eorum
3321 915 3340 943 ,
3391 890 3527 945 quos
3566 878 3623 929 in
3669 874 3932 931 Sabellium

754 979 1117 1041 elucubravit.
1162 979 1304 1038 hunc
1340 978 1392 1032 in
1426 981 1644 1031 modum
1696 980 1759 1031 de
1809 992 1867 1031 re
1917 984 2027 1031 tota
2060 970 2483 1043 pbi1050phatur.

1323 1070 1549 1128 CAPUT
1585 1070 1723 1131 XIX.

1139 1185 1421 1241 Haterium
1448 1196 1567 1239 ortu
1595 1202 1698 1239 non
1718 1198 1913 1237 carere.

826 1317 846 1351 ι
887 1299 1183 1368 impietatis
1227 1300 1389 1354 etiam
1424 1300 1552 1355 illud
1586 1307 1690 1360 est,
1725 1288 1935 1367 inquit,
1970 1295 2116 1366 quod
2143 1293 2305 1365 pleri,

752 1402 856 1461 que
886 1391 1188 1452 materiam,
1214 1391 1369 1460 cujus
1401 1401 1575 1446 ortum
1600 1390 1805 1444 nullum
1829 1404 1949 1443 esse
1980 1387 2178 1452 velint,
2218 1386 2302 1439 di-

750 1484 889 1536 vina:
950 1482 1198 1551 potestati
1269 1483 1609 1551 digerendam
1670 1480 2079 1548 ornandamque
2130 1476 2294 1546 subji-

751 1575 917 1636 ciant,
948 1576 1074 1627 dum
1107 1590 1223 1629 eam
1249 1584 1440 1628 natura
1473 1589 1571 1628 sua
1604 1573 1893 1642 patientem
1916 1581 2077 1640 atque
2098 1577 2301 1624 tracta-

750 1666 934 1726 bilem,
966 1666 1258 1733 impressas
1290 1665 1548 1718 divinitus
1579 1664 1904 1717 mutationes
1936 1661 2091 1717 facile
2121 1662 2303 1716 subire

752 1755 985 1809 tradunt.
1020 1752 1306 1829 Enimvero
1325 1754 1554 1809 doceant
1578 1754 1666 1829 isti
1709 1753 1801 1823 qui
1830 1752 1943 1806 fieri
1967 1752 2219 1823 potuerit,
2245 1759 2304 1804 ut

749 1846 802 1901 in
838 1845 1001 1900 Deum
1032 1855 1193 1916 atque
1235 1846 1514 1900 materiam
1550 1845 1846 1900 similitudo
1874 1844 2077 1915 pariter
2104 1860 2168 1899 ac
2193 1845 2305 1898 dis-

749 1938 1042 1992 similitudo
1097 1937 1331 1994 caderet.
1380 1935 1515 1994 Nam
1557 1940 1719 1995 alium
1750 1938 2040 2007 quemdam
2074 1946 2303 2005 utroque

750 2032 1100 2101 potentiorem
1122 2034 1357 2103 cogitare
1390 2042 1505 2089 tum
1538 2041 1832 2101 oporteret,
1864 2031 2005 2102 quod
2034 2039 2210 2085 tamen
2236 2030 2303 2083 de

747 2124 857 2180 Dec
882 2125 962 2177 vel
1000 2124 1288 2193 suspicari,
1320 2123 1491 2179 nefas.
1544 2122 1676 2177 Nam
1719 2132 1773 2177 et
1795 2124 1973 2194 ipsum
2026 2132 2151 2178 ortu
2207 2138 2301 2177 ca-

749 2231 892 2281 rere,
921 2215 1065 2285 quod
1096 2216 1150 2268 in
1181 2225 1411 2285 utroque
1444 2215 1622 2270 simile
1672 2216 1909 2279 dicitur,
1970 2222 2025 2269 et
2068 2213 2299 2268 alterum

749 2308 898 2371 illud,
926 2307 1069 2376 quod
1102 2317 1294 2377 praeter
1328 2318 1615 2379 utrumque
1672 2308 1936 2378 cogitatur
1961 2348 1977 2370 ,
2030 2308 2301 2377 quomodo

2329 1071 2379 1126 Α

2914 1064 3306 1118 ΚΕΦΑΛᾹΙΟΝ
3356 1066 3454 1118 ΙΘ¹.

2550 1181 2688 1249 Περὶ
2715 1180 2815 1235 τοῦ
2835 1180 2921 1250 μὴ
2956 1180 3284 1250 ἀγέννητον
3313 1177 3463 1234 εἶναι
3499 1181 3609 1249 τὴν
3632 1183 3811 1250 ὕλην.

2474 1315 2493 1348 t
2521 1296 2645 1350 οὐδ’
2678 1263 2999 1365 ὲκείνοιιμὲν
3019 1294 3128 1365 γὰρ
3152 1295 3308 1358 ὅσιοι,
3338 1297 3385 1347 οἱ
3409 1294 3506 1366 τὴν
3544 1296 3673 1366 ὓλην
3700 1297 3776 1359 ὡς
3799 1298 3929 1363 ἀγέν-

2400 1408 2558 1461 νητον
2592 1389 2899 1459 ὑποχείριον
2930 1390 3008 1452 είς
3052 1386 3405 1457 διακόσμησιν
3460 1388 3687 1451 διδόντες
3714 1389 3791 1459 τῷ

2402 1480 2647 1552 παθητὴν
2674 1478 2780 1550 γὰρ
2809 1477 2976 1549 αὐτὴν
3004 1478 3099 1535 καὶ
3119 1478 3357 1556 τρεπτὴν
3390 1479 3760 1549 ὑπάρχουσαν,
3792 1483 3916 1535 eiusa

2400 1577 2521 1637 ταῖς
2548 1574 2878 1642 θεοποιήτοις
2906 1570 3239 1625 ἀλλοιώσεσι.
3288 1571 3396 1624 Καὶ
3446 1572 3605 1624 πόθεν
3642 1572 3749 1644 γὰρ
3786 1575 3917 1641 ὑπάρ-

2406 1683 2491 1736 χει
2522 1665 2617 1720 καὶ
2648 1663 2726 1735 τῷ
2753 1662 2871 1733 Θεῷ
2895 1663 2988 1717 καὶ
3030 1665 3096 1734 τῇ
3128 1662 3227 1735 ὕλῃ
3259 1662 3320 1716 τό
3350 1681 3409 1716 τε
3441 1662 3622 1734 ὅμοιον
3672 1665 3835 1717 καὶτὸ
3859 1666 3921 1715 άν-

2402 1758 2606 1829 όμοιον,
2636 1757 3070 1826 διασαφήτωσαν.
3108 1755 3396 1827 Ἐκατέρου
3429 1757 3535 1829 γὰρ
3584 1756 3668 1810 δεῖ
3693 1774 3801 1809 τινα
3824 1760 3919 1807 ἐτι-

2401 1852 2587 1919 νοῆσαι
2618 1850 2914 1921 κρείττονα,
2952 1850 2981 1901 ὃ
3012 1850 3144 1920 μηδὲ
3172 1849 3386 1919 θεμιτὸν
3438 1851 3686 1921 ἐννοῆσαι
3711 1851 3817 1919 περὶ
3842 1850 3915 1901 τοῦ

2400 1940 2557 1995 Θεοῦ.
2586 1941 2658 1992 Τό
2686 1957 2746 1992 τε
2782 1940 2889 2010 γὰρ
2917 1940 3229 2014 ἀγέννητον,
3288 1942 3469 2013 ὅμοιον
3525 1946 3583 1998 ὲν
3637 1943 3909 2012 ἀμφοτέροις

2401 2028 2710 2109 λεγόμενον,
2734 2029 2826 2080 καὶ
2847 2028 3031 2101 ἕτερον
3061 2031 3347 2102 νοούμενον
3396 2033 3525 2103 παρ’
3554 2032 3808 2103 ἑκάτερον,
3829 2034 3905 2083 πό-

2402 2121 2493 2177 θεν
2517 2124 2573 2174 ὲν
2594 2122 2773 2186 αὐτοῖς
2803 2124 3054 2191 ὲγένετος
3092 2124 3156 2178 Et
3209 2124 3306 2196 μὶν
3351 2124 3459 2197 γὰρ
3510 2125 3643 2182 αὐτὸ
3676 2126 3912 2195 ἀγένητόν

2403 2216 2547 2267 ἐστιν
2571 2216 2601 2266 ὁ
2636 2214 2787 2281 Θεὸς,
2817 2216 2909 2269 καὶ
2928 2217 3080 2269 οὐσία
3110 2218 3258 2271 ἐστὶν
3286 2217 3468 2280 αὑτοῦ,
3485 2218 3562 2281 ὡς
3580 2218 3648 2271 ἂν
3674 2219 3805 2271 εἴποι
3831 2236 3910 2280 τις.

2402 2310 2435 2378 ἡ
2458 2309 2766 2379 ἀγεννησία,
2788 2310 2887 2365 οὐκ
2913 2308 2979 2363 ἂν
2998 2310 3283 2381 ἀγέννητον
3306 2310 3389 2381 εἴη
3411 2312 3442 2380 ή
3466 2309 3587 2381 ὕλη·
3611 2312 3670 2363 οὐ
3699 2312 3795 2381 γὰρ
3819 2312 3917 2361 ταῦθ

747 2398 961 2455 tandcm
988 2400 1041 2455 in
1077 2400 1145 2456 iis
1178 2402 1354 2456 locum
1385 2402 1613 2456 habuit?
1664 2400 1719 2455 Si
1749 2401 1891 2455 enim
1941 2400 2070 2453 illttd
2124 2400 2292 2469 ipsum

2397 2402 2487 2454 τόν
2515 2405 2661 2457 ἐστιν
2691 2406 2723 2476 ἠ
2758 2404 2857 2475 ὕλη
2884 2406 2974 2460 καὶ
2996 2406 3024 2457 ὁ
3045 2405 3194 2467 Θεός·
3217 2406 3341 2459 εἰδὲ
3371 2406 3627 2478 ἑκάτερον
3658 2409 3751 2476 μὲν
3782 2406 3913 2468 ἔστιν,

745 2494 886 2564 quod
916 2504 1035 2549 ortu
1066 2505 1234 2559 caret,
1268 2494 1407 2550 Deus
1442 2504 1547 2559 est,
1580 2496 1823 2565 ipsaque,
1857 2504 1915 2548 ut
1961 2494 2031 2547 ita
2085 2491 2260 2546 dicam
2281 2531 2294 2553 ,

746 2596 899 2641 ortus
924 2588 1156 2657 negatio,
1190 2588 1370 2642 divina
1403 2588 1635 2643 essentia
1682 2598 1800 2654 est;
1854 2603 1963 2640 non
2008 2586 2122 2655 jam
2158 2585 2296 2638 idem

745 2678 955 2747 ipsum,
999 2680 1140 2750 quod
1202 2689 1321 2734 ortu
1398 2690 1577 2746 caret,
1631 2681 1853 2734 materia
1925 2679 2121 2743 fuerit,
2158 2685 2295 2733 ‘c‘um

745 2770 887 2827 Deus
929 2782 981 2827 et
1037 2772 1257 2828 materia
1311 2790 1476 2831 unum
1512 2774 1759 2843 idemque
1813 2788 1919 2827 non
1956 2771 2117 2844 335
2168 2773 2294 2827 sint.

747 2864 840 2918 Sin
876 2873 1053 2919 autem
1085 2875 1371 2936 utrumque
1399 2867 1652 2931 dixerint,
1686 2866 1735 2919 id
1762 2866 1979 2935 quidem
2011 2881 2131 2920 esse
2174 2880 2299 2935 pro-

744 2958 859 3023 prie
880 2958 1022 3026 quod
1046 2966 1148 3020 est,
1175 2964 1455 3013 materiam
1489 2960 1733 3013 videlicet
1770 2967 1931 3027 atque
1959 2957 2127 3012 Deum
2149 2999 2163 3023 ,
2208 2972 2295 3011 or-

743 3057 831 3100 tus
862 3058 1036 3101 tamen
1069 3051 1402 3118 negationem
1436 3051 1699 3105 ambobus
1752 3048 2075 3103 convenire:
2119 3047 2295 3101 mani-

741 3138 875 3191 feste
906 3139 1149 3208 sequitur
1174 3182 1189 3205 ,
1250 3142 1393 3194 aliud
1442 3142 1715 3211 quidpiam
1778 3152 1969 3210 praeter
2004 3152 2296 3213 utrumque

740 3231 1070 3299 ponendum.
1102 3233 1243 3300 quod
1275 3232 1549 3301 antiquius
1574 3248 1636 3285 ac
1668 3233 1917 3301 superius
1941 3241 2170 3303 utroque
2199 3234 2287 3287 sit.

738 3320 855 3376 Jam
891 3323 1179 3391 quominus
1208 3340 1300 3393 per
1330 3340 1447 3379 sese
1477 3325 1635 3378 ambo
1687 3325 1845 3380 simul
1884 3341 2004 3379 esse
2048 3326 2291 3395 possint,

738 3415 851 3467 imo
880 3417 1169 3483 quominus
1196 3433 1223 3469 e
1255 3417 1467 3471 duobus
1506 3419 1753 3483 alterum,
1785 3419 1885 3473 hoc
1918 3428 2000 3473 est
2045 3420 2291 3479 materia,

739 3518 859 3557 esse
893 3520 987 3571 per
1014 3522 1131 3560 sese
1155 3518 1333 3575 queat,
1364 3510 1443 3562 vel
1475 3511 1590 3577 ipsa
1637 3512 1862 3565 rationis
1890 3519 1944 3565 et
1970 3510 2292 3565 conditionis

738 3598 1020 3665 utriusque
1051 3598 1333 3652 diversitas
1362 3615 1583 3669 prorsus
1620 3601 1895 3669 impediat.
1924 3601 2138 3671 Alioqui
2163 3618 2293 3655 cau-

737 3704 852 3742 sam
885 3690 956 3741 illi
992 3706 1121 3743 sane
1152 3690 1394 3755 afferant,
1423 3693 1770 3762 quamobrem
1814 3709 1937 3747 cum
1979 3702 2099 3747 ortu
2133 3694 2292 3747 ambo

737 3791 977 3847 careant,
1007 3782 1146 3836 Deus
1168 3784 1379 3855 quidem
1408 3801 1506 3839 nec
1542 3786 1647 3852 pati
1678 3786 1969 3854 quidquam
2033 3802 2133 3840 nec
2161 3803 2284 3839 mu-

735 3876 860 3942 tari,
907 3892 1004 3929 nec
1054 3877 1254 3931 moveri
1285 3878 1487 3945 possit,
1525 3877 1769 3944 idemque
1832 3876 1994 3930 simul
2021 3878 2286 3933 alliciendi

733 3968 840 4019 vim
874 3968 1092 4031 habeat;
1128 3970 1347 4023 materia
1389 3982 1513 4021 vero
1546 3967 1813 4021 contraria
1866 3967 2055 4021 subeat
2084 3969 2285 4033 omnia,

736 4059 931 4126 quippe
963 4074 1081 4127 qua:
1127 4062 1233 4129 pati
1281 4060 1583 4129 mutarique
1631 4058 1821 4128 possit,
1851 4057 2197 4122 inconstans,
2233 4069 2288 4113 et

734 4150 1015 4217 multiplici
1046 4152 1453 4219 conligurationi
1488 4153 1739 4205 obnoxia.
1770 4151 1887 4206 Jam
1930 4152 2021 4220 qui
2069 4152 2284 4205 tandem

734 4240 873 4292 inter
908 4255 1026 4294 sese
1056 4243 1215 4295 ambo
1242 4251 1347 4295 tam
1381 4253 1497 4312 apte
1520 4244 1925 4298 convenerunt?
1952 4242 2142 4299 Utrum
2168 4259 2286 4299 sese

733 4329 874 4383 Deus
905 4330 967 4383 ad
1002 4332 1236 4385 materia:
1265 4342 1511 4386 naturam
1562 4337 1976 4391 accommodans
2001 4378 2014 4399 ,
2056 4336 2137 4391 sic
2164 4352 2283 4391 eam

732 4426 946 4476 demum
997 4423 1326 4476 elaboravit?
1379 4426 1447 4478 At
1494 4426 1729 4494 ineptum
1789 4426 1949 4481 fuerit
2006 4430 2281 4496 cogitare,

733 4515 921 4581 Deum,
956 4515 1031 4567 uti
1073 4515 1318 4568 homines
1344 4516 1502 4583 vulgo
1551 4516 1741 4579 solent,
1777 4528 1869 4569 aut
1901 4532 1967 4570 ex
1993 4533 2125 4570 auro
2156 4534 2284 4571 mn-

731 4608 878 4669 ﬂare,
905 4616 997 4660 aut
1035 4606 1235 4675 lapides
1264 4607 1348 4660 vel
1379 4606 1601 4671 credere,
1631 4609 1715 4661 vel
1745 4608 2029 4672 collocare,
2062 4618 2154 4661 aut
2186 4624 2282 4677 pro

732 4705 1045 4752 caaterarum
1090 4700 1285 4753 artium
1315 4700 1592 4765 varietate,
1627 4700 1822 4768 quibus
1852 4700 2065 4753 diversa
2110 4712 2281 4753 mate-

730 4789 823 4841 riaa
872 4806 1065 4858 genera
1123 4792 1341 4862 (igurari
1376 4792 1815 4862 conformarique
1855 4801 2113 4863 possunt,
2150 4807 2284 4860 opus

2398 2497 2535 2567 ὅπερ
2569 2498 2716 2551 ἐστὶν
2752 2500 2785 2568 ὴ
2818 2498 2916 2567 ὕλη
2961 2499 3053 2551 καὶ
3098 2500 3126 2551 ὁ
3154 2498 3306 2560 Θεὸς,
3346 2498 3604 2571 πρόσεστι
3630 2500 3687 2551 δὲ
3714 2500 3913 2568 ἀμφοτέο

2403 2607 2513 2661 ροις
2544 2592 2603 2643 τὸ
2627 2592 2933 2661 ἀγέννητον,
2964 2591 3139 2661 δῆλον,
3164 2591 3237 2654 ὡς
3286 2592 3467 2661 ἕτερόν
3502 2594 3649 2645 ἐστιν
3675 2592 3914 2662 ἐκατέρου,

2400 2682 2491 2736 καὶ
2516 2682 2835 2752 ἀμφοτέρων
2866 2683 3228 2754 πρεσϐύτερόν
3258 2700 3316 2735 τε
3358 2685 3449 2737 καὶ
3478 2684 3749 2755 ἀνωτέρω.
3792 2684 3915 2735 Ἀνα-

2396 2775 2660 2845 τρεπτικὴ
2690 2775 2745 2827 δὲ
2766 2775 3056 2839 παντελῶς,
3089 2776 3181 2828 καὶ
3228 2776 3320 2829 τοῦ
3364 2776 3534 2829 ταῦτα
3573 2776 3913 2846 συνυπάρχειν,

2401 2866 2673 2937 μᾶλλονδὲ
2695 2866 2848 2920 τοῦτο
2871 2867 3054 2938 ἕτερον
3091 2867 3269 2921 αὐτῶν
3322 2869 3419 2938 τὴν
3458 2869 3589 2938 ὕλην
3640 2868 3722 2938 ἐφ’
3754 2868 3912 2935 ἑαυτῆς

2397 2956 2680 3027 ὑπάρχειν,
2708 2957 2800 3008 καὶ
2829 2958 2859 3027 ἡ
2895 2960 2990 3027 τῆς
3022 2958 3266 3021 ἐναντίας
3284 2957 3447 3020 ἕξεως
3475 2956 3723 3025 διαφορά.
3778 2954 3910 3007 Εἰπὰ-

2395 3068 2573 3104 τωσαν
2599 3050 2705 3122 γὰρ
2731 3050 2828 3121 τὴν
2853 3051 3050 3117 αἰτίαν,
3078 3051 3145 3103 δι’
3170 3050 3235 3120 ἦν
3255 3049 3575 3120 ἀμφοτέρων
3600 3049 3764 3102 ὅντων
3789 3049 3903 3115 ἀγεμ

2396 3144 2590 3213 νήτων,
2635 3144 2662 3195 ό
2692 3142 2788 3211 μὲν
2810 3141 2939 3205 Θεὸς
2969 3141 3202 3212 ἀπαθὴς,
3243 3141 3525 3211 ἄτρεπτος,
3560 3140 3812 3209 ἀκίνητος,
3832 3141 3896 3206 ἑρ-

2395 3236 2729 3305 γαστικὸς,ή
2764 3236 2819 3288 δὲ
2868 3235 2935 3287 τὰ
2968 3234 3201 3295 ἐναντία,
3238 3231 3471 3303 παθητὴ,
3516 3232 3741 3303 τρεπτὴ,
3778 3232 3899 3283 ἄπει·

2392 3346 2503 3391 τος,
2534 3325 2980 3398 μεταποιουμένη.
3014 3322 3124 3374 Καὶ
3157 3320 3270 3383 πῶς
3304 3322 3547 3390 ἥρμοσαν
3579 3322 3673 3373 καὶ
3702 3320 3910 3389 συνέδρι-

2396 3436 2528 3489 μον;
2568 3419 2797 3487 Πότερον
2825 3414 2964 3469 κατὰ
2992 3415 3090 3485 τὴν
3118 3418 3214 3484 τῆς
3242 3414 3370 3484 ὕλης
3427 3414 3584 3482 φύσιν
3611 3412 3913 3477 egenam;

2393 3510 2581 3563 ἑαυτὸν
2612 3508 2967 3578 ἐτεχνίτευσεν
2991 3507 3157 3576 αὐτὴν
3180 3508 3208 3558 ό
3262 3506 3425 3571 Θεός;
3500 3506 3658 3559 Ἀλλά
3705 3505 3841 3558 τοῦτο
3863 3518 3909 3567 τε

2393 3603 2611 3666 ἄτοπον,
2641 3602 2839 3670 ὁμοίως
2882 3597 3184 3669 ἀνθρώποις
3234 3602 3542 3671 χρυσοχοεῖν
3599 3599 3689 3651 καὶ
3740 3596 3914 3662 Misop-

2393 3695 2528 3761 γεῖν,
2565 3692 2656 3744 καὶ
2687 3690 2824 3743 κατὰ
2852 3690 2949 3753 τὰς
2972 3690 3133 3753 ἄλλας
3169 3691 3380 3761 τέχνας,
3420 3693 3546 3752 ὅσας
3574 3692 3628 3742 αἱ
3673 3688 3785 3740 ὕλαι
3807 3702 3912 3756 μορ⁸

2393 3783 2621 3853 φοῦσθαι
2648 3783 2740 3835 καὶ
2770 3782 3062 3837 τυποῦσθαι
3115 3784 3385 3845 δύνανται,
3436 3782 3803 3853 χειροκμητεῐν
3848 3781 3911 3827 τὶν

2390 3874 2541 3929 Θεόν.
2577 3874 2638 3926 El
2661 3873 2715 3925 δὲ
2747 3873 2862 3928 οἵαν
2886 3872 3044 3934 αὐτὸς
3069 3872 3313 3930 ὲὸούλετο
3351 3870 3487 3922 κατὰ
3514 3869 3611 3937 τὴν
3636 3865 3817 3920 ἑαυτοῦ
3844 3881 3911 3914 σο-

2391 3967 2516 4035 φίαν
2574 3966 2788 4036 ἐποίησε
2836 3966 2933 4036 τὴν
2961 3964 3109 4034 ὓλην,
3162 3964 3221 4014 τὸ
3272 3961 3610 4031 πολύμορφον
3651 3958 3737 4010 καὶ
3795 3972 3920 4021 imp.

2391 4057 2629 4110 ποίκιλω
2652 4060 2748 4127 τῆς
2768 4056 3121 4127 δημιουργίας
3168 4052 3358 4109 ἑαυτοῦ
3416 4055 3599 4121 σχῆμα
3646 4050 3733 4101 καὶ
3770 4047 3917 4099 τύπον

2390 4146 2882 4218 ὲνσφραγιζόμενος
2935 4147 3087 4215 αὐτῇ,
3124 4144 3215 4196 καὶ
3241 4140 3483 4211 εὔφημος
3512 4142 3605 4192 καὶ
3632 4138 3808 4208 ἀληθὴς
3830 4132 3914 4189 οἶδο

2389 4255 2478 4301 τος
2499 4241 2526 4291 ό
2547 4237 2719 4305 λόγος,
2751 4238 2842 4289 καὶ
2874 4237 3092 4307 προσέτι
3119 4235 3208 4285 καὶ
3226 4232 3321 4303 τὴν
3356 4233 3643 4289 ὑπόστασιν
3671 4232 3757 4283 τῶν
3788 4229 3913 4281 ὅλων

2389 4332 2477 4383 τὸν
2500 4330 2630 4381 Θεὸν
2666 4330 2955 4397 ἀγέννητον
3015 4322 3151 4380 εἶναι
3196 4324 3468 4396 κρατύνει.
3528 4324 3617 4395 Τῷ
3664 4323 3758 4391 γὰρ
3788 4318 3913 4371 εἶναι

2389 4423 2702 4492 ἀγέννητον,
2744 4422 2857 4490 ἅμα
2883 4420 2974 4470 καὶ
3018 4420 3179 4480 τόπος
3199 4415 3332 4470 εἶναι
3361 4418 3625 4489 προσῆψε,
3655 4418 3805 4478 Πολὺς
3827 4414 3912 4482 μὲν

2388 4510 2479 4566 οὖν
2509 4514 2600 4565 καὶ
2634 4515 2769 4584 πρὸς
2800 4512 3015 4573 τούτους
3048 4512 3075 4561 ό
3101 4510 3273 4575 λόγος,
3306 4509 3415 4561 ἀλλ’
3448 4511 3508 4561 οὐ
3531 4509 3626 4562 νῦν
3658 4510 3775 4579 ἡμῖν
3800 4504 3903 4570 κρέα

2390 4625 2582 4659 κειται.
2621 4606 2907 4676 Συγκρίσει
2958 4604 3012 4655 δὲ
3056 4605 3120 4669 τῇ
3154 4602 3287 4672 πρὸς
3335 4605 3459 4665 τοὺς
3490 4601 3810 4657 ἁθεωτάτους
3830 4611 3902 4646 πο-

2388 4699 2605 4759 λυθέους
2628 4698 2984 4767 εὑφημότεροι
3008 4690 3167 4749 οὗτοι.
3201 4715 3218 4746 t
3248 4696 3425 4749 Ταῦτα
3458 4698 3553 4767 μὲν
3592 4692 3683 4747 οὖν
3714 4692 3799 4744 καὶ
3822 4687 3910 4739 ἀπὸ

2390 4793 2495 4846 τῶν
2522 4792 2813 4844 Διονυσίου.
2850 4792 2957 4842 Καὶ
2984 4790 3091 4847 τῶν
3140 4792 3441 4862 Ὠριγένους
3466 4790 3522 4842 δὲ
3550 4790 3724 4843 ἄκουε.

729 4884 1085 4955 quodcunque
1152 4890 1348 4943 moliri.
1412 4888 1506 4943 Sin
1560 4890 1870 4957 materiam,
1918 4899 2081 4960 prout
2127 4890 2243 4959 ipse
2286 4890 2484 4954 voluit,
2528 4888 2753 4957 ejusque
2796 4888 3056 4955 sapientia
3088 4889 3412 4957 postulabat,
3448 4886 3666 4939 ﬁnxisse
3715 4883 3916 4945 dicetur,

728 4992 957 5047 eamque
983 4982 1147 5036 variis
1192 5000 1255 5039 ac
1280 4985 1669 5053 multiplicibus
1712 4985 1845 5040 artis
1905 4984 2305 5053 molitionisque
2342 4998 2453 5037 suae
2502 4980 2693 5035 formis
2720 4982 3085 5050 consignasse,
3109 4982 3242 5036 bene
3265 4981 3501 5035 ominata
3551 4985 3696 5031 certe
3724 4976 3915 5045 quidem

726 5086 961 5142 veraque
993 5073 1107 5127 hazc
1158 5077 1329 5129 oratio
1386 5077 1577 5141 fuerit,
1631 5088 1791 5146 atque
1836 5078 2101 5141 ejusmodi
2131 5118 2144 5141 ,
2199 5090 2319 5145 qua:
2355 5082 2608 5143 praeterea
2666 5071 2867 5137 Deum,
2916 5074 3006 5144 qui
3053 5075 3217 5129 totius
3278 5069 3515 5125 universi
3552 5070 3659 5123 vita
3700 5070 3918 5139 quaedam

726 5176 780 5222 et
806 5166 1213 5221 fundamentum
1262 5177 1377 5231 est,
1431 5180 1581 5224 ortus
1626 5171 1809 5223 omnis
1854 5180 2125 5239 expertem
2161 5184 2279 5223 esse
2314 5167 2613 5221 confirmet.
2649 5164 2780 5218 Nam
2802 5182 2925 5220 cum
2985 5166 3074 5221 illa
3117 5176 3267 5219 ortus
3319 5164 3623 5232 negatione,
3671 5164 3917 5235 propriam

727 5266 948 5335 insuper
1001 5264 1263 5320 existcndi
1312 5244 1569 5319 rationem
1633 5266 1930 5336 conjungit.
1978 5267 2241 5320 Caeterum
2282 5263 2449 5317 multa
2490 5262 2704 5331 quidem
2748 5262 3004 5318 adversus
3040 5263 3091 5316 id
3118 5260 3395 5315 hominum
3453 5276 3620 5331 genus
3664 5262 3762 5315 dici
3815 5270 3923 5316 Dos-

729 5373 869 5429 Scnl.
898 5379 1085 5425 verum
1135 5361 1355 5422 alterius
1403 5361 1504 5414 loci
1538 5363 1649 5418 haec
1677 5366 1967 5432 disputatio
2010 5364 2190 5417 fuerit.
2222 5360 2278 5414 Si
2320 5369 2492 5413 tamen
2521 5359 2605 5413 isti
2640 5375 2760 5416 cum
2784 5357 3185 5414 scelestissimis
3213 5364 3290 5409 tot
3335 5356 3558 5411 deorum
3605 5353 3920 5411 fabricatori-

727 5457 830 5521 bus
854 5459 1222 5524 conferantur,
1255 5460 1435 5513 minus
1464 5458 1622 5525 impie
1650 5462 1795 5530 loqui
1825 5463 2207 5517 censebuntur.
2254 5477 2271 5511 I
2316 5456 2585 5511 Hactenus
2618 5455 2923 5527 Dionysius.
2955 5452 3128 5507 Verba
3174 5468 3317 5508 nunc
3354 5452 3602 5524 Origenis
3630 5452 3816 5519 accipe.

1312 5574 1539 5632 CAPUT
1579 5576 1695 5629 XX.

2919 5570 3307 5624 ΚΕΦᾹΛΑΙΟΝ
3338 5572 3420 5625 κ’.

762 5668 839 5733 De
870 5669 1065 5735 eodem,
1094 5687 1157 5725 ex
1196 5672 1435 5741 Origenis
1481 5672 1535 5727 iu
1572 5669 1788 5726 Genesin
1822 5670 2244 5729 Commentariis.

2395 5667 2518 5734 Περὶ
2576 5665 2681 5721 τοῦ
2745 5661 2927 5717 αὑτοῦ
2973 5662 3094 5786 dit:
3158 5662 3274 5714 τῶν
3319 5660 3645 5729 Ὦριγένυυς
3690 5658 3770 5721 εἰς
3816 5654 3922 5719 τὴν

3098 5750 3284 5786 νεσιν.

3098 5750 3284 5787 νεσιν.

807 5822 1229 5908 ¹8ίίί¹¹ίδρί³¹ηι
1266 5827 1475 5901 ίηίιυὶι.
1529 5841 1594 5882 θο
1623 5827 1676 5894 in
1728 5842 1907 5883 θηοῒὲ
1942 5828 2273 5899 versabitur,
2340 5824 2383 5878 D
2457 5848 2474 5883 ι
2518 5828 2579 5886 Ei
2624 5827 2683 5883 δέ
2736 5842 2840 5880 τινι
2874 5824 3201 5905 προσκόπτει
3261 5820 3347 5875 διὰ
3398 5820 3523 5882 τοὺς
3577 5812 3919 5887 ἀνθρωπίνους
