4020 6342
38 431 133 487 ἰ65

1199 428 1516 485 ΡΒΑΞΡΑΒ.
1561 428 1811 486 EVANG.
1847 428 1974 483 LIB.
2015 428 2130 484 VII.

3159 433 3260 487 566
3310 461 3317 471 ι

38 547 293 619 τεχνίτας
329 547 403 619 μὴ
430 546 680 601 δύνασθαι
723 546 1124 618 παραδέξασθαι
1171 547 1260 600 τὸν
1287 549 1418 601 Θεὸν
1444 549 1607 622 χωρὶς

1715 557 1769 601 ut
1796 547 1864 601 de
1919 548 2184 603 artiﬁcum
2210 554 2518 600 nostrorum
2553 560 2704 599 more
2731 546 2991 615 cogitans,
3027 545 3256 602 dandum

38 639 161 709 ἰλης
181 638 490 708 ἀγεννήτου
520 636 879 707 ὑποκειμένης
923 636 1344 700 κατασκευάζειν
1370 638 1436 690 τὰ
1463 638 1608 699 ὄντα,

38 731 150 783 uti.
213 730 359 801 μηδὲ
406 728 831 800 ἀνδριαντοποιὸς
887 729 1053 798 χωρὶς
1107 727 1303 797 χαλκοῦ
1359 728 1420 780 τὸ
1486 729 1613 782 ῐδιον

38 818 193 890 ἔργον
252 821 480 888 ποιῆσαι
529 815 769 881 δύναται,
829 817 962 887 μηδὲ
1032 817 1236 869 τέκτων
1288 818 1454 886 χωρὶς
1525 815 1613 883 ξύ-

38 915 157 971 ιων,
211 909 356 979 μηδὲ
401 907 675 976 οἰκοδόμος
726 908 891 978 χωρὶς
929 906 1122 960 λίθωνο
1176 908 1432 978 ζητητέον
1479 908 1613 981 πρὸς

38 999 200 1054 ιὺτοῦ
283 999 417 1070 περὶ
483 999 761 1069 δυνάμεως
818 998 988 1066 Θεοῦ,
1059 1002 1129 1064 εί,
1182 999 1410 1070 θελήσας
1430 989 1438 1016 ’⁸
1485 1003 1614 1055 ὑπο-

38 1095 232 1163 στῆσαι
273 1092 308 1144 ὃ
333 1108 385 1142 τι
415 1090 659 1162 βούλεται
686 1093 714 1142 ό
771 1090 920 1155 Θεὸς,
973 1092 1070 1161 τῆς
1125 1091 1392 1162 θελήσεως
1449 1093 1611 1147 αὑτοῦ

38 1185 128 1236 οὐκ
208 1181 600 1254 ἀπορουμένης
665 1182 784 1234 οὐδὲ
835 1182 1164 1254 ἀτονούσης,
1201 1182 1440 1243 ,δύναται
1491 1186 1614 1238 ὑπο-

38 1277 234 1344 στῆσαι
269 1275 307 1326 ὃ
335 1273 596 1346 βούλεται.
627 1269 698 1344 τῼ
724 1273 828 1346 γάρ
849 1274 989 1345 λόγῳ
1014 1275 1111 1337 τάς
1137 1275 1421 1346 ποιότητας
1451 1276 1613 1348 (κατὰ

38 1366 248 1430 πάντας
284 1367 413 1428 τοὺς
432 1365 694 1435 Πρόνοιαν
722 1362 1033 1433 εἰσάγοντας
1053 1365 1130 1436 τῷ
1153 1367 1264 1436 ἰδίῳ
1290 1366 1476 1437 λόγῳ,)
1511 1369 1612 1420 οὑκ

38 1455 225 1519 οῦσας,
259 1455 346 1516 ὡς
379 1453 644 1522 βούλεται,
675 1455 1134 1526 εἰςδιακόσμησιν
1155 1456 1249 1509 τοῦ
1277 1457 1474 1520 παντὸς
1519 1458 1614 1528 ὑφ-

43 1547 222 1618 ίστησι
261 1549 335 1618 τῇ
363 1546 552 1616 ἀφάτῳ
573 1547 736 1600 αὐτοῦ
772 1537 992 1618 δύνάμει
1016 1550 1108 1602 καὶ
1131 1549 1310 1621 σοφίᾳ,
1341 1549 1510 1620 τούτῳ
1535 1549 1611 1620 τῷ

45 1639 207 1708 λόγῳ,
233 1639 334 1691 καὶ
359 1637 457 1709 τὴν
484 1637 666 1691 οὐσίαν
685 1639 814 1709 ὅσης
845 1638 1054 1710 χρῄζει,
1087 1641 1242 1711 ἱκανή
1273 1641 1419 1693 ἐστιν
1448 1641 1609 1694 αὑτοῦ

58 1728 91 1794 ἡ
121 1725 366 1795 βούλησις
397 1728 613 1794 ποιῆσαι
637 1725 902 1793 γενέσθαι.
951 1728 1322 1799 Ἀπορήσομεν
1347 1729 1455 1802 (88)
1505 1731 1611 1802 γάρ

61 1817 184 1889 πρὸς
203 1819 334 1880 τοὺς
361 1816 421 1868 ού
454 1815 802 1887 βουλομένους
830 1817 980 1871 ταῦθ’
1023 1817 1192 1882 οὕτως
1223 1820 1385 1891 ἔχειν,
1439 1825 1486 1875 εἰ
1536 1824 1609 1894 μὴ

57 1906 335 1959 ἀκολουθεῖ
355 1905 537 1968 αὐτοῖς
585 1907 937 1978 εὐτυχηκέναι
981 1908 1070 1963 τὸν
1112 1909 1262 1974 Θεὸν,
1321 1911 1612 1981 ἀγέννητον

51 2001 277 2071 εὑρόντα
303 2000 400 2070 τὴν
445 1999 648 2064 οὐσίαν,
685 1999 769 2068 ἣν,
802 2001 850 2052 εἰ
891 1999 965 2071 μὴ
1016 2001 1077 2053 τὸ
1138 2002 1426 2073 ἀγέννητον
1469 2003 1614 2073 αὑτῷ

54 2091 423 2163 ὑποϐεϐληκδς
447 2087 535 2162 ἦν,
597 2091 748 2144 οὐδὲν
793 2090 950 2162 ἔργον
1003 2093 1221 2157 δυνατὸς
1272 2095 1337 2166 ἦν
1373 2098 1611 2165 ποιῆσαι,

53 2183 160 2236 ἀλλ’
192 2183 387 2254 ἔμενεν
408 2184 467 2236 οὑ
490 2183 836 2256 δημιουργὸς,
865 2185 924 2237 οὑ
943 2185 1148 2256 Πατὴρ,
1173 2187 1272 2238 οὐκ
1289 2186 1611 2258 εὐεργέτης,

56 2277 150 2329 οὐκ
175 2277 401 2345 ἀγαθὸς,
429 2277 526 2331 οὐκ
545 2277 669 2330 ἀλλο
699 2294 751 2329 τι
776 2276 883 2329 τῶν
910 2277 1138 2344 εὐλόγως
1164 2277 1463 2348 λεγομένων
1487 2280 1615 2350 περὶ

58 2368 203 2421 Θεοῦ.
227 2369 398 2422 Πόθεν
423 2369 479 2422 δὲ
511 2371 602 2422 καὶ
633 2369 692 2422 τὸ
742 2373 956 2440 μετρεῖν
999 2373 1097 2440 τῆς
1143 2370 1500 2441 ὑποκειμένης
1525 2373 1615 2424 οὑο

67 2460 174 2522 σίας
202 2460 266 2512 τὺ
297 2459 527 2524 τοσόνδε,
560 2460 634 2523 ὡς
653 2460 933 2530 διαρκέσαι
975 2464 1038 2532 τῇ
1071 2461 1383 2530 τηλικούτου
1409 2463 1612 2532 κόσμου

65 2549 348 2603 ὑποστάσει
369 2567 382 2612 ;
407 2550 577 2603 Οίονεὶ
598 2549 704 2620 γὰρ
732 2551 963 2622 Πρόνοιά
999 2569 1081 2614 τις
1112 2551 1449 2622 πρεσϐυτέρα
1480 2551 1612 2604 Θεοῦ

61 2640 368 2707 ἀναγκαίως
394 2641 490 2711 τὴν
552 2639 680 2711 ῦλην
742 2640 890 2693 ἔσται
933 2642 1330 2712 ύποὸεϐληκυῖα
1355 2641 1431 2710 τῷ
1474 2641 1610 2712 Θεῷ,

61 2730 426 2801 προνοουμένη
451 2731 546 2801 τὴν
571 2731 762 2802 τέχνην
793 2731 888 2802 τὴν
918 2732 1319 2803 ἐνυπάρχουσαν
1354 2731 1498 2802 αὑτῷ
1540 2732 1614 2803 μὴ

65 2823 450 2893 κενοπαθῆσαι,
473 2826 568 2877 οὑκ
598 2823 759 2895 οὔσης
783 2826 984 2888 οὐσίας,
1109 2825 1362 2896 ὁμιλῆσαι
1390 2825 1617 2895 δυνάμε-

68 2929 158 2975 νος
186 2915 547 2985 κατεκόσμησε
596 2915 657 2967 τὸ
688 2915 999 2985 τηλικοῦτον
1031 2917 1234 2988 κόσμου
1285 2916 1494 2980 κάλλος.
1521 2917 1616 2969 Πό-

67 3001 159 3054 θεν
188 3002 246 3054 δὲ
279 3005 364 3057 καὶ
389 3005 599 3075 δεκτικὴ
647 3006 929 3075 γεγένηται
971 3006 1147 3076 πάσης
1189 3003 1255 3078 ἧς
1315 3005 1557 3075 βούλεται
1590 3010 1616 3060 ό

64 3093 197 3156 Θεὸς
239 3097 527 3168 ποιότητος,
565 3097 638 3167 μὴ
662 3097 823 3150 αὑτοῦ
848 3098 940 3150 τοῦ
968 3098 1100 3150 Θεοῦ
1129 3099 1304 3169 ἑαυτῴ
1351 3099 1614 3170 τοσαύτην

66 3187 156 3240 καὶ
211 3189 456 3259 τοιαύτην
509 3191 845 3259 ποιήσαντος,
900 3190 1086 3244 ὁποίαν
1137 3191 1275 3260 ἔχειν
1331 3192 1611 3257 eeo-nm;

68 3277 197 3330 Καθ’
228 3279 475 3332 ὑπόθεσιν
507 3279 636 3347 γοῦν
659 3281 1040 3350 ἀποδεξάμενοι
1082 3281 1141 3332 τὸ
1170 3280 1455 3350 ἀγέννητον
1480 3279 1613 3334 εἶναι

67 3368 159 3438 τὴν
187 3367 332 3440 ὓλην,
355 3371 524 3422 ταῦτα
557 3371 785 3442 ἐροῦμεν
817 3373 951 3442 πρὸς
1001 3373 1123 3434 τοὺς
1166 3371 1320 3422 τοῦτο
1365 3371 1613 3440 βουλομέ-

73 3477 203 3525 νους·
229 3462 328 3523 ὅτι,
360 3463 428 3525 εί,
462 3462 719 3531 Προνοίας
751 3465 846 3532 ούχ
877 3464 1271 3533 ὑποϐαλλούσης
1301 3463 1395 3533 τὴν
1433 3463 1614 3516 οὐσίαν

76 3549 147 3618 τῷ
161 3548 526 3619 Θεῷ,τοιαύτη
550 3552 854 3622 γεγένηται,
883 3554 928 3603 εἰ
958 3553 1182 3622 Πρόνοια
1206 3549 1272 3622 ἦν
1302 3551 1579 3619 ὑφεστῶσα
1599 3592 1612 3615 ,

82 3641 126 3692 τί
153 3644 209 3694 ἂν
235 3643 394 3695 πλέον
418 3645 702 3713 πεποιήκει
734 3643 823 3695 τοῦ
871 3646 1168 3715 αὐτομάτου
1193 3662 1204 3710 ;
1232 3645 1341 3696 Καὶ
1362 3647 1408 3696 εί
1435 3644 1612 3706 αὑτὸς,

79 3733 146 3802 μὴ
170 3734 330 3805 οὔσης
357 3734 505 3805 ὕλης,
533 3734 775 3787 ἐϐούλετο
820 3739 1224 3805 κατασκευάσαι,
1259 3737 1442 3808 αὑτὴν,
1467 3739 1516 3789 τί
1553 3737 1616 3790 ἂν

77 3825 222 3879 πλέον
248 3828 276 3895 ἡ
304 3826 482 3894 σοφία,
537 3825 626 3877 καὶ
659 3826 690 3893 ἠ
726 3823 933 3893 θειότης
986 3827 1147 3878 αὑτοῦ
1182 3829 1483 3896 πεποιήκει,
1522 3825 1614 3878 τοῦ

75 3916 128 3981 ἐξ
157 3918 439 3987 άγεννήτου
479 3918 834 3982 ὑποστάντος;
871 3917 929 3967 Εἰ
958 3917 1063 3985 γάρ
1089 3918 1392 3988 εὑρίσκεται
1425 3917 1616 3971 ταύτὸν

76 4012 349 4082 γενόμενον
377 4014 441 4064 ἂν
470 4013 572 4067 ὑπὸ
599 4012 695 4082 τῆς
713 4009 992 4078 Προνοίας,
1026 4009 1159 4077 ὅπερ
1181 4009 1272 4060 καὶ
1302 4011 1468 4079 χωρὶς
1488 4027 1617 4079 προ-

76 4102 212 4166 νοίας
237 4105 462 4174 ὑπέστη,
493 4105 578 4158 διά
605 4104 652 4155 τί
679 4103 798 4173 οὑχ).
827 4102 918 4154 καὶ
942 4100 1032 4151 ἐπὶ
1064 4098 1154 4151 τοῦ
1195 4101 1396 4168 κόσμου
1425 4101 1617 4171 ἀθετή-

79 4210 229 4263 σομεν
257 4196 346 4248 τὸν
374 4195 696 4266 δημιουργὸν
727 4196 818 4247 καί,
856 4193 944 4246 τὸν
970 4191 1211 4261 τεχνίτην
1236 4207 1249 4254 ;
1277 4191 1481 4260 Ὥσπερ
1512 4191 1616 4263 γάρ

80 4285 259 4337 ἄτοπον
290 4287 377 4338 ἐπὶ
418 4288 510 4340 τοῦ
557 4286 758 4356 κόσμου
806 4287 974 4338 εἰπεῖν
1001 4283 1138 4336 οὔτω
1177 4281 1435 4351 τεχνικῶς
1485 4299 1616 4334 κατ-

85 4377 461 4446 εσκευασμένου
489 4377 549 4431 τὸ
573 4379 742 4450 χωρὶς
767 4378 1006 4447 τεχνίτου
1032 4373 1192 4443 σοφοῦ
1212 4374 1298 4426 τὸν
1317 4371 1617 4426 αὑτοτοιοῦ-

82 4480 166 4517 τον
182 4466 466 4534 γεγονέναι,
489 4466 629 4520 οὕτω
664 4467 755 4519 καὶ
803 4466 864 4519 τὸ
901 4468 997 4536 τὴν
1042 4464 1170 4534 ὓλην
1209 4463 1472 4530 τοσαύτην
1525 4462 1618 4513 καὶ

1710 655 1830 693 esse
1864 650 2038 710 neget,
2073 640 2240 693 Deum
2270 654 2353 693 res
2383 639 2662 693 universas
2687 639 2863 692 moliri
2912 655 3068 709 posse
3088 683 3102 706 ,
3155 641 3258 695 nisi

1711 732 1992 794 materiam
2031 731 2319 801 quamdam
2374 739 2494 784 ortu
2543 740 2811 785 carentem
2865 747 2972 800 pne
3013 733 3263 788 manibus

1712 821 1981 887 habuerit,
2005 836 2129 875 cum
2184 835 2358 888 neque
2399 820 2693 874 statuarius
2741 819 2940 888 absque
2974 836 3078 874 tere
3103 859 3118 882 ,
3164 835 3263 875 nec

1712 909 1862 964 faber
1895 911 2155 980 lignarius
2183 910 2301 963 sine
2338 908 2517 978 lignis,
2547 923 2646 962 nec
2681 909 3003 964 architectus
3035 911 3148 963 sine
3181 911 3258 964 la-

1711 1003 1947 1072 pidibus,
1974 1002 2131 1072 335
2175 1008 2480 1067 suseeptum
2539 1016 2675 1072 opus
2723 1001 3001 1055 elaborare
3043 1003 3259 1070 possit:

1711 1094 1778 1148 de
1803 1101 2064 1162 potestate
2089 1091 2179 1145 Dei
2204 1090 2548 1160 quaerendum
2579 1104 2644 1143 ex
2669 1087 2759 1141 illo
2790 1097 2892 1150 est,
2917 1097 3094 1142 utrum
3127 1087 3261 1142 Deus

1711 1184 1803 1239 ubi
1847 1182 2108 1253 quidquid
2144 1182 2242 1251 ipsi
2270 1182 2564 1250 placuerit,
2597 1179 2769 1233 moliri
2803 1180 3083 1242 statuerit,
3116 1180 3261 1232 nulla

1702 1271 2016 1328 diliieultate
2048 1272 2154 1326 vim
2176 1273 2294 1341 ejus
2323 1270 2612 1326 voluntatis
2655 1269 2953 1332 inhibente,
2999 1271 3142 1338 quod
3186 1270 3261 1320 vi-

1711 1378 1828 1417 sum
1862 1362 1962 1417 sibi
1985 1361 2164 1426 fuerit,
2197 1362 2450 1435 perlicere
2493 1359 2681 1429 possit.
2718 1356 2835 1424 Qua
2881 1359 3022 1412 enim
3058 1360 3261 1413 ratione

1709 1455 1995 1523 qualitates
2029 1455 2146 1508 illas
2175 1453 2248 1523 (id
2282 1453 2424 1521 quod
2447 1468 2510 1505 ex
2541 1467 2727 1506 eorum
2754 1452 2994 1506 omnium
3017 1452 3104 1521 qui
3133 1451 3263 1504 Pro-

1711 1547 2000 1600 videntiam
2041 1560 2160 1600 esse
2205 1543 2535 1608 defendunt,
2590 1545 2837 1597 oratione
2890 1545 3262 1612 sententiaque

1709 1639 2056 1706 conjunetum
2093 1635 2195 1704 est)
2231 1649 2351 1704 quae
2381 1634 2666 1688 nullaadum
2723 1643 2896 1698 erant,
2931 1635 2995 1689 ad
3030 1635 3264 1688 universi

1709 1738 1981 1793 ornatum,
2012 1742 2109 1796 pro
2139 1727 2342 1780 infinita
2369 1734 2630 1796 potestate
2663 1726 3032 1796 sapientiaque
3065 1726 3265 1795 produ-

1709 1819 1813 1872 cit:
1847 1819 2034 1874 eadem
2080 1819 2340 1883 omnino,
2390 1827 2637 1871 naturam
2673 1818 3003 1886 quamlibet,
3067 1818 3110 1872 si
3157 1833 3288 1886 qua.

1646 1894 1683 1947 Β
1713 1909 1850 1964 forte
1884 1910 2156 1978 indigeat,
2210 1922 2493 1975 procreare
2542 1910 2796 1963 continuo
2851 1909 3096 1962 voluntas
3147 1909 3262 1976 ejus

1714 2018 1808 2072 per
1843 2017 1958 2056 sese
1987 2001 2200 2070 poterit.
2225 1998 2356 2052 Nam
2393 2015 2696 2068 qumremus
2727 2016 2791 2053 ex
2819 2001 2885 2053 iis
2907 2000 2996 2068 qui
3028 2016 3135 2053 rem
3164 2001 3264 2054 hoc

1717 2094 1875 2148 modo
1899 2108 1955 2147 se
1983 2091 2177 2145 habere
2205 2091 2535 2162 negaverint,
2567 2091 2823 2160 numquid
2845 2107 2906 2144 ex
2934 2106 3117 2144 eorum
3149 2093 3261 2159 opi-

1716 2187 1877 2239 nione
1906 2180 2242 2253 consequens
2297 2186 2386 2247 sit,
2429 2183 2563 2238 belle
2594 2184 2882 2238 admodum
2915 2183 2965 2236 id
2993 2199 3054 2237 ac
3090 2183 3292 2237 fortu-'

1716 2290 1840 2332 nate
1865 2278 1986 2356 Deoﬁ
2007 2277 2256 2335 cessisse.
2282 2278 2422 2348 quod
2454 2279 2508 2331 in
2548 2287 2793 2330 naturam
2826 2277 2968 2330 illam
3001 2289 3149 2330 ortus
3171 2293 3263 2329 ex-

1714 2377 1917 2437 pertem
1950 2368 2212 2433 inciderit,
2242 2385 2402 2437 quam
2445 2370 2546 2423 nisi
2584 2386 2649 2422 eo
2679 2369 2815 2438 ipso,
2848 2368 2988 2436 quod
3020 2377 3138 2421 ortu
3171 2384 3263 2420 ca—

1716 2469 1875 2525 reret,
1901 2469 2090 2515 naetus
2114 2471 2276 2525 esset,
2302 2461 2434 2513 nihil
2473 2477 2706 2530 unquam
2732 2461 2937 2515 eilieere
2984 2461 3260 2528 potuisset,

1715 2551 1952 2622 adeoque
1984 2561 2232 2620 perpetuo
2256 2592 2269 2614 ,
2329 2551 2593 2605 molitoris
2619 2590 2635 2615 ,
2683 2551 2915 2620 parentis
2943 2592 2957 2615 ,
3018 2550 3259 2618 benigni,

1714 2643 1838 2697 boni
1862 2684 1876 2706 ,
1920 2657 1983 2697 ac
2011 2643 2220 2697 cmteris
2250 2643 2522 2704 omnibus,
2551 2659 2670 2711 quze
2715 2657 2906 2711 magna
2942 2657 3061 2694 eum
3096 2642 3259 2692 ratio-

1717 2754 1782 2792 ne
1801 2739 1909 2790 Deo
1941 2739 2269 2800 tribuuntur,
2301 2738 2608 2792 nominibus
2625 2737 2904 2805 spoliatus.
2925 2735 3258 2804 perstitisset.

1718 2826 1917 2882 Deinde
1945 2827 2036 2895 qui
2076 2827 2186 2880 ﬁeri
2218 2826 2424 2894 potuit,
2456 2835 2513 2878 ut
2543 2826 2647 2877 vim
2681 2824 2912 2876 mater-im
2935 2831 3155 2898 tantam,
3186 2822 3262 2872 sic

1716 2927 1968 2986 tanquam
2015 2918 2080 2971 ad
2120 2917 2328 2985 pondus
2377 2928 2624 2970 accurate
2654 2915 2898 2984 justeque
2927 2914 2990 2966 ad
3012 2896 3260 2966 inensam

1717 3011 1998 3072 invenerit,
2035 3025 2155 3079 qua:
2179 3009 2244 3062 ad
2278 3009 2438 3076 hujus
2471 3008 2684 3076 proprie
2712 3023 2816 3059 non
2851 3005 3070 3074 majoris
3097 3005 3263 3055 mino-

1715 3104 1859 3157 risve
1904 3101 2089 3155 mundi
2143 3100 2474 3154 molitionem
2538 3098 2669 3152 satis
2725 3097 2900 3150 esset?
2966 3094 3260 3147 lnvehenda

1718 3192 1913 3260 quippe
1943 3192 2124 3245 nescio
2165 3206 2320 3259 quae,
2365 3187 2473 3242 Deo
2528 3198 2702 3242 tamen
2738 3187 3045 3255 antiquior,
3082 3183 3262 3236 Prori-

1715 3282 1890 3334 dentia
1925 3284 2229 3335 necessario
2255 3280 2432 3344 fuerit,
2462 3296 2583 3349 qua:
2613 3279 2889 3332 materiam
2928 3278 2975 3329 ei
3023 3275 3263 3343 suhjere-

1715 3372 1803 3433 rit,
1836 3373 1962 3423 dum
2013 3372 2061 3423 id
2107 3387 2168 3424 ea
2198 3371 2501 3438 provideret
2531 3369 2582 3420 in
2631 3377 2922 3436 posterum,
2952 3381 3015 3418 nc
3049 3380 3182 3432 quas
3211 3364 3261 3414 in

1715 3478 1831 3515 sese
1867 3462 2004 3515 Deus
2033 3462 2250 3514 haberet
2280 3461 2412 3513 artis
2443 3475 2552 3512 sum
2583 3460 2824 3511 notiones
2850 3498 2864 3522 ,
2915 3456 3075 3507 irritze
3105 3455 3262 3507 cede-

1715 3564 1853 3617 rent,
1888 3555 2059 3607 sinon
2092 3555 2208 3622 ejus
2245 3565 2448 3606 natura:
2489 3551 2639 3619 copia
2677 3551 2853 3614 ﬁeret,
2904 3549 3058 3616 cujus
3105 3561 3262 3614 ijt'a

1716 3657 1822 3700 tam
1857 3647 2199 3700 excellentem
2233 3651 2286 3698 et
2313 3643 2560 3697 eximiam
2604 3640 2836 3695 universi
2896 3640 3124 3707 speciem
3157 3636 3264 3689 elli-

1716 3746 1880 3792 ceret.
1912 3735 2063 3790 Unde
2087 3751 2248 3805 porro
2277 3735 2326 3788 id
2354 3734 2558 3797 habuit,
2590 3743 2646 3785 ut
2686 3733 2861 3785 munis
2893 3731 3009 3799 ejus
3036 3729 3262 3798 qualita-

1717 3827 1785 3879 tis
1810 3841 1975 3894 eapax
2022 3834 2184 3888 esset,
2218 3841 2377 3892 quam
2411 3824 2581 3877 eidem
2617 3823 2920 3888 imprimere
2984 3819 3120 3871 Deus
3173 3828 3260 3867 vo-

1716 3918 1921 3980 luisset,
1952 3915 2055 3969 nisi
2080 3917 2292 3983 qualem
2327 3931 2444 3968 eam
2483 3915 2675 3967 habere
2715 3914 2824 3979 ipse
2859 3912 3052 3971 vellet,
3106 3909 3259 3960 lilii'lil

1716 4017 1837 4061 ante
1867 4006 1968 4059 sibi
2001 4015 2309 4072 tantamque
2352 4004 2569 4057 molitus
2602 4002 2701 4055 erit
2724 4002 2744 4052 ἵ)
2766 4000 2881 4054 Jam
2911 4011 2967 4052 ut
2992 3999 3262 4052 nonnullis

1715 4103 1965 4155 daremus
1997 4111 2114 4152 ortu
2150 4113 2331 4152 carere
2360 4095 2635 4148 materiam
2666 4133 2678 4156 ,
2738 4093 2802 4147 iis
2843 4102 3015 4145 tamen
3047 4090 3136 4158 qui
3186 4090 3263 4142 sie

1717 4193 2027 4262 Opinantur,
2055 4191 2198 4243 hunc
2230 4189 2282 4240 in
2327 4188 2541 4239 modum
2590 4186 2791 4239 instare
2841 4198 3157 4251 possemus:
3205 4178 3261 4233 Si

1715 4281 2059 4352 quantumvis
2104 4289 2349 4332 naturam
2402 4277 2544 4330 illam
2585 4276 2693 4328 Deo
2738 4273 3069 4344 providentia
3121 4273 3262 4324 nulla

1716 4374 2021 4441 suhjecerit,
2043 4371 2308 4442 ejusmodi
2331 4380 2507 4423 tamen
2554 4384 2616 4423 ea
2644 4384 2737 4438 per
2767 4382 2884 4422 sese
2923 4366 3022 4420 fuit
3051 4384 3063 4419 :
3115 4382 3261 4418 eam-

1715 4465 1835 4518 dem
1871 4465 1915 4517 si
1941 4462 2280 4517 Providentia
2313 4470 2501 4530 suopte
2528 4461 2756 4514 consilio
2787 4465 3140 4528 procreasset,
3177 4449 3264 4508 ec-

77 4559 334 4628 τοιαύτην,
358 4557 450 4611 καὶ
470 4556 638 4621 οὕτως
666 4559 909 4628 είκτικὴν
934 4557 1010 4627 τῷ
1044 4557 1255 4628 τεχνίτῃ
1289 4555 1442 4625 Λόγῳ
1484 4551 1614 4605 Θεοῦ

1719 4553 1846 4624 quid
1874 4554 2103 4621 amplius
2143 4554 2276 4621 ipsa,
2305 4568 2465 4620 quam
2499 4551 2641 4619 quod
2673 4549 2892 4602 fortuito
2923 4563 3157 4614 casuque
3189 4547 3264 4597 fa-

77 4649 422 4720 ὑφεστηκέναι
451 4649 753 4718 ἀγεννήτως
807 4650 998 4720 ἐπίσης
1047 4650 1191 4702 ἐστὶν
1215 4648 1421 4715 ἄλογον.
1477 4645 1615 4716 Πρὸς

79 4745 245 4813 μέντοι
275 4760 339 4812 γε
367 4743 490 4803 τοὺς
517 4741 976 4809 παραϐάλλοντας,
1000 4742 1078 4793 ὅτι
1100 4740 1270 4802 οὐδεὶς
1298 4739 1618 4809 δημιουργὸς

75 4838 230 4906 χωρὶς
255 4835 388 4906 ὖλης
409 4836 566 4896 ποιεῖ,
583 4832 798 4910 λεκτέον
818 4834 897 4884 ὅτι
915 4833 1177 4901 ἀνομοίως
1201 4829 1614 4901 παραϐάλλουσι.

77 4927 298 4997 Πρόνοια
322 4927 428 4999 γὰρ
454 4926 613 4980 παντὶ
633 4925 848 5000 τεχνίτῃ
875 4926 1158 4978 ὑποϐάλλει
1200 4926 1296 4994 τὴν
1341 4923 1488 4993 ὓλην,
1517 4922 1620 4974 ἀπὸ

78 5020 337 5089 προτέρας
363 5019 573 5087 τέχνης,
617 5015 649 5087 ἢ
678 5015 1070 5085 ἀνθρωπίνηςῆ
1115 5015 1261 5078 θείας
1306 5015 1616 5088 ἐρχομένην.

79 5105 250 5162 Ταῦτα
282 5109 381 5180 μὲν
403 5105 493 5163 οὖν
531 5109 622 5161 ἐπὶ
648 5106 737 5160 τοῦ
766 5106 1030 5177 παρόντος
1067 5108 1286 5177 ἀρκέσει
1315 5108 1448 5178 πρὸς
1477 5108 1617 5167 τοὺς,

77 5199 156 5252 διὰ
178 5200 238 5252 τὸ
263 5199 538 5268 λέγεσθαι,
574 5219 592 5251 ι
628 5200 690 5252 Ἦ
716 5199 771 5251 δὲ
825 5196 898 5266 γῆ
943 5192 1010 5266 ἦν
1039 5197 1263 5267 ἀόρατος
1289 5200 1378 5251 καὶ
1420 5201 1621 5251 ἀκατα-

81 5291 420 5354 σκεύαστος,›
450 5291 722 5360 οἰομένους
773 5290 1063 5359 ἀγέννητον
1089 5286 1222 5341 εἶναι
1249 5291 1345 5360 τὴν
1393 5308 1625 5359 σωματι-

80 5383 171 5454 κὴν
195 5384 376 5454 φύσιν.
392 5402 410 5432 ι
427 5383 676 5436 Τοσαῦτα
699 5385 789 5437 καὶ
811 5379 979 5444 οὗτος.
1004 5381 1111 5434 Καὶ
1134 5383 1161 5433 ό
1184 5381 1424 5450 Ἑϐραῖος
1451 5383 1506 5435 δὲ
1531 5382 1623 5432 Φί-

79 5473 174 5529 λων
198 5479 255 5531 ἐν
282 5474 360 5545 τῷ
384 5474 522 5543 Περὶ
547 5473 652 5541 τῆς
698 5478 981 5544 Προνοίας
1009 5473 1136 5542 (89),
1172 5473 1339 5524 ταῦτα
1382 5460 1506 5542 περὶ
1528 5474 1624 5543 τῆς

84 5566 203 5641 ὖληρ
223 5567 463 5631 διέξεισι.

151 5722 258 5791 (88)
323 5718 738 5786 Ἀπορήσομεν.
798 5719 1120 5790 ingeniosa}
1159 5725 1282 5772 sunt
1332 5733 1393 5771 ac
1446 5716 1628 5785 solidae.

83 5787 167 5846 Ori
206 5787 328 5846 eiiis
361 5793 597 5844 rationes
623 5791 753 5842 istae.
866 5787 881 5789 ἡ
1118 5787 1120 5790 ’

151 5811 260 5916 (ἕω
314 5866 450 5916 Περὶ
493 5858 598 5916 τῆς
635 5861 939 5916 Προνοίας.
973 5859 1086 5916 Non

151 5864 171 5934 (

204 5865 260 5935 9)
314 5866 450 5930 Περὶ
493 5858 598 5927 τῆς
635 5861 939 5935 Προνοίας.
973 5859 1086 5916 Non
1121 5868 1292 5916 exstat
1338 5873 1471 5924 opus
1502 5855 1630 5910 illud

1719 4658 1865 4701 ctum
1923 4645 2198 4704 videmus,
2233 4643 2532 4696 eti‘ecisset?
2565 4640 2700 4705 Quid
2755 4639 2893 4694 Deus
2939 4639 3048 4705 ipse
3098 4645 3264 4690 mate-

1721 4739 1878 4799 riam,
1914 4751 2033 4805 qua:
2081 4735 2223 4787 nulla
2255 4742 2366 4785 tum
2417 4740 2578 4795 esset,
2610 4732 2804 4798 lingere
2845 4727 3124 4794 molirique
3153 4736 3265 4780 sta-

1724 4830 1953 4886 tuisset?
1989 4827 2182 4896 ecquid
2230 4825 2442 4877 tandem
2489 4823 2605 4891 ejus
2651 4837 2772 4874 cum
2805 4819 3097 4887 sapientia,
3153 4828 3266 4873 tum

1721 4925 1974 4978 divinitas
2001 4917 2347 4973 excellentius
2373 4957 2386 4979 ,
2419 4930 2579 4985 quam
2611 4913 2752 4981 quod
2797 4928 2861 4965 ex
2896 4920 3016 4964 ortu
3059 4921 3268 4964 carente

1711 5013 1946 5067 materia
1963 5009 2183 5066 exstitit.
2203 5007 2419 5060 molitus
2442 5005 2620 5059 esset?
2655 5001 2785 5056 Nam
2817 5002 2862 5056 si
2890 5017 2953 5055 ex
2980 5001 3268 5055 Providen—

1724 5106 1795 5158 tia
1828 5105 1963 5156 idem
1990 5101 2212 5153 omnino
2240 5096 2604 5167 profecturum
2640 5106 2752 5149 erat
2775 5138 2789 5159 ,
2832 5093 2971 5163 quod
2999 5093 3112 5146 sine
3137 5090 3266 5141 Pro-

1725 5195 1954 5250 videntia
1990 5191 2187 5246 factum
2213 5199 2312 5253 est,
2344 5188 2530 5257 quidni
2576 5205 2641 5243 ex
2680 5189 2793 5257 ipso
2829 5199 3038 5255 quoque
3071 5183 3268 5234 mundo

1733 5296 1994 5344 iuetorem
2025 5297 2238 5336 onmem
2274 5280 2639 5349 artiﬁcemque
2669 5277 2958 5333 tollamus?
3003 5274 3268 5337 Quemad-

1733 5380 1942 5435 modum
1981 5375 2121 5428 euiin
2164 5373 2454 5427 absurdum
2488 5373 2668 5434 fuerit,
2723 5368 2979 5422 mundum
3011 5366 3151 5417 hunc
3185 5365 3266 5417 di-

1729 5486 1847 5526 cere
1887 5478 1991 5520 tam
2019 5467 2309 5535 eleganter,
2346 5474 2570 5533 apteque
2608 5468 3013 5518 constructum,
3069 5457 3270 5524 absque

1731 5559 1981 5630 sapientis
2015 5557 2234 5611 artiﬁcis
2275 5547 2436 5609 manu
2484 5554 2641 5606 talem
2697 5550 2963 5604 exstitisse
2989 5589 3002 5611 ,
3053 5547 3122 5600 ita
3166 5548 3268 5598 vim

1731 5714 1968 5768 Philonis
1999 5711 2069 5764 De
2097 5710 2449 5764 Providentia.
2476 5708 2737 5762 Caeterum
2764 5720 2824 5758 ex
2849 5703 2949 5757 hoe
2977 5702 3272 5770 fragmento

1731 5784 1927 5839 auferri
1979 5792 2180 5850 potest,
2229 5781 2506 5833 Philonem
2546 5777 2782 5850 l‘latpnis
2822 5790 2886 5827 ex
2937 5782 3111 5850 mente
3144 5787 3268 5850 sen—

1731 5857 1887 5919 sisse,
1922 5842 2109 5908 ru'dcm
2139 5842 2192 5908 et
2225 5851 2540 5914 indigestam
2588 5864 2615 5902 a
2651 5845 2758 5900 Deo
2795 5847 3030 5899 materia:
3073 5842 3264 5896 molem
