3988 6340
673 476 773 531 567
1300 470 1566 527 EUSEBII
1608 469 2087 526 CIESARIENSIS
2118 466 2267 522 OPP.
2304 465 2487 520 PARS
2519 464 2583 518 ιι.
2620 490 2692 503 -
2734 454 3229 513 APOLOGETICA.
3804 448 3895 503 5‘38

3938 512 3943 547 1

657 576 896 647 materiae
923 588 1083 659 336
1112 594 1335 653 tantam,
1393 583 1618 654 ejusque
1654 583 1978 638 conditionis
2032 592 2085 635 et
2140 592 2369 644 naturm,
2439 578 2678 645 adeoque
2748 571 2972 628 artiticis
3021 562 3269 624 Numinis
3326 567 3521 651 rationi
3586 565 3895 632 obsequen-

656 675 785 746 tem,
814 682 929 736 sine
955 678 1106 736 Ortus
1126 682 1207 735 sui
1233 679 1496 750 principio
1520 694 1614 748 per
1647 694 1704 733 se
1730 678 1901 747 ipsam
1925 677 2220 741 exstitisse,
2263 691 2367 729 non
2403 673 2582 727 minus
2627 672 2867 739 ineptum
2910 666 3078 720 videri
3114 665 3285 717 debet.
3349 662 3619 715 Caeterum
3692 658 3769 712 iis
3814 658 3893 725 qui
3985 684 3988 717 λ

656 777 920 833 artiﬁcum
976 786 1283 833 nostrorum
1344 774 1800 843 comparationem
1849 771 2184 834 obtendunt,
2242 782 2475 840 quorum
2536 780 2696 820 nemo
2744 765 2861 819 sine
2909 760 3130 816 materia
3189 759 3481 828 quidquam
3541 754 3781 816 efficiat,
3815 765 3893 806 οε-

655 872 1001 934 currendum,
1026 870 1228 924 nullam
1273 884 1456 923 eorum
1498 870 1601 923 hoc
1648 868 1703 922 in
1763 883 1956 938 genere
2025 866 2429 922 similitudinem
2455 877 2594 916 esse.
2657 858 2933 913 Materiam
2990 856 3135 910 enim
3194 850 3383 906 artilici
3434 850 3654 905 cuilibet
3711 846 3893 899 Prori-

655 959 831 1017 dentia
859 960 1097 1029 subjicit,
1124 974 1244 1029 qua:
1276 974 1303 1011 a
1334 958 1573 1027 principe
1609 958 1864 1028 quadam,
1915 973 2007 1012 seu
2037 958 2270 1010 humana
2310 954 2419 1017 illa,
2456 967 2550 1006 seu
2621 952 2801 1006 divina
2849 950 2937 1015 sit,
2991 954 3109 1000 arte
3154 946 3378 999 oriatur.
3429 944 3603 1010 Atque
3672 941 3797 992 hzec
3849 939 3891 990 in
3948 939 3955 1019 ξ

656 1053 1058 1124 przesentiarum
1109 1051 1369 1105 adversus
1401 1065 1495 1103 eos
1524 1050 1654 1104 satis
1686 1057 1885 1113 erunt,
1941 1049 2033 1117 qui
2070 1047 2214 1116 quod
2253 1045 2325 1098 ita
2385 1044 2645 1111 scriptum
2707 1040 2941 1103 videant,
2976 1056 2993 1087 ι
3031 1035 3195 1089 Terra
3242 1044 3419 1087 autem
3470 1039 3587 1085 erat
3643 1028 3893 1081 invisibi-
3946 1028 3988 1124 ις

657 1144 829 1213 lis,,et
850 1160 1039 1209 vacua,
1078 1163 1095 1195 ι
1138 1153 1386 1197 naturam
1417 1152 1471 1197 et
1503 1157 1816 1212 corpoream
1847 1152 1997 1197 ortus
2025 1140 2203 1195 omnis
2242 1146 2513 1206 expertem
2586 1148 2707 1189 esse
2768 1133 3077 1202 opinantur.
3137 1147 3155 1179 ι
3210 1126 3325 1179 Huc
3374 1139 3545 1194 usque
3605 1122 3889 1193 Origenes.

3942 804 3953 977 ί

656 1241 753 1296 Cui
782 1240 1059 1300 Philonem
1094 1238 1376 1295 Hebrazum
1424 1240 1729 1310 subjiciam,
1759 1240 1813 1294 in
1844 1256 1944 1295 suo
1975 1239 2050 1293 De
2076 1236 2413 1292 Providentia
2442 1234 2579 1289 libro
2600 1273 2614 1298 ,
2647 1232 2732 1287 his
2762 1228 2940 1283 verbis
2969 1227 3034 1280 de
3060 1225 3283 1279 materia
3309 1223 3698 1292 disputantem.

1229 1360 1454 1417 CAPUT
1496 1360 1656 1427 κη,

933 1475 1017 1529 Ex
1047 1475 1266 1530 Philone
1297 1476 1360 1529 de
1396 1476 1573 1529 eodem
1606 1484 1933 1544 argumento.
1954 1460 1971 1497 ·’

732 1610 751 1642 ‹
784 1586 931 1655 Jam,’
951 1590 1143 1661 inquit,
1176 1590 1344 1644 moles
1380 1589 1542 1657 hujus
1574 1595 1780 1641 natura:
1805 1596 1977 1651 tanta,
2005 1594 2216 1641 ortum-

657 1698 725 1736 ne
752 1682 982 1749 aliquem
1028 1682 1293 1747 habuerit,
1344 1680 1685 1735 statuendum
1738 1679 1896 1734 nobis
1938 1691 2038 1732 est.
2076 1678 2215 1733 Deus

656 1788 804 1843 ergo,
843 1788 965 1825 cum
994 1772 1059 1826 de
1092 1771 1279 1825 mundi
1308 1772 1469 1839 hujus
1493 1770 1770 1824 molitione
1794 1771 2073 1839 cogitaret,
2097 1779 2216 1822 tan-

657 1872 769 1919 tum
792 1873 939 1918 certo
967 1865 1200 1933 providit
1238 1864 1492 1927 materiae,
1527 1862 1659 1916 nihil
1715 1872 1773 1917 ut
1822 1862 1887 1915 ad
1921 1877 2039 1915 eam
2068 1861 2210 1914 dees-

657 1964 739 2008 set
761 1956 982 2007 omnino
1006 1938 1089 2008 vel
1122 1955 1344 2009 omnino
1374 1963 1697 2024 superesset.
1728 1954 2037 2008 Absurdum
2068 1951 2211 2004 enim

656 2046 813 2123 plane
864 2044 1033 2108 foret,
1084 2048 1350 2100 artilicum
1412 2056 1723 2101 nostrorum
1752 2046 1942 2114 vulgus
1968 2085 1982 2109 ,
2016 2042 2070 2095 in
2102 2042 2215 2095 sin—

656 2137 949 2207 g'ula,qu'.e
996 2152 1106 2206 prae
1158 2138 1408 2193 manibus
1465 2138 1729 2202 habeant,
1784 2149 1981 2203 opera,
2045 2148 2214 2202 eaque

657 2230 954 2297 praesertim
977 2243 1097 2297 quae
1125 2227 1345 2295 majoris
1373 2228 1527 2295 pretii
1579 2226 1759 2279 futura
1812 2225 1940 2285 sint,
1977 2224 2216 2277 materia:

655 2327 917 2389 quantum
951 2318 1084 2372 satis
1116 2316 1296 2382 fuerit,
1325 2317 1391 2369 ad
1422 2317 1630 2386 pondus
1660 2318 1871 2385 exigere
1898 2334 1911 2369 :
1961 2317 2053 2383 qui
2109 2333 2214 2369 nu-

656 2422 839 2465 meros
883 2421 1274 2474 mensurasque
1311 2422 1514 2470 rerum,
1543 2405 1827 2473 justasque
1877 2405 2212 2473 singulorum

655 2498 796 2555 inter
823 2512 881 2552 se
902 2498 1267 2567 proportionis
1300 2496 1732 2565 aequalitatisque
1781 2495 2017 2548 rationes
2063 2494 2212 2548 inve-

654 2591 755 2654 nit,
780 2606 902 2645 eum
933 2590 1065 2643 nihil
1094 2591 1159 2643 de
1188 2589 1424 2644 materia:
1470 2587 1521 2640 vi
1577 2588 1881 2641 necessaria
1924 2586 2209 2655 cogitasse.

2778 1364 2783 1371 '
2830 1343 3221 1448 μςΕΦΑΛΑιοΝ
3246 1344 3377 1395 KA'.

2692 1464 2957 1526 Φίλωνος
2989 1458 3121 1525 περὶ
3162 1455 3267 1509 τοῦ
3306 1451 3510 1508 αὐτοῦ.

2394 1600 2411 1630 ι
2439 1579 2573 1650 Περὶ
2596 1577 2651 1629 δὲ
2675 1574 2770 1627 τοῦ
2800 1572 2965 1626 ποσοῦ
2988 1570 3086 1639 τῆς
3124 1568 3331 1629 οὐσίας,
3377 1567 3425 1617 εί
3464 1562 3527 1634 δὴ
3551 1562 3786 1629 γέγονεν
3809 1561 3874 1613 ἔτι·

2316 1689 2456 1733 τως,
2523 1671 2698 1720 ἐκεῖνο
2744 1665 2978 1717 λεκτέον.
3054 1660 3409 1728 Ἐστοχάσατο
3459 1654 3595 1724 πρὸς
3652 1652 3759 1721 τὴν
3800 1650 3874 1703 τοῦ

2319 1763 2520 1831 κόσμου
2549 1759 2757 1827 γένεσιν
2781 1760 2817 1808 ὁ
2833 1755 2965 1818 Θεὸς
2991 1748 3429 1821 αὑταρκεστάτης
3480 1746 3634 1814 ὓλης,
3655 1744 3735 1805 ὼς
3764 1741 3875 1811 μήτ’

2314 1856 2500 1919 ἐνδέοι,
2523 1854 2647 1924 μήθ’
2673 1850 3016 1922 ὑπερϐάλλοι.
3036 1846 3142 1898 Καὶ
3168 1844 3275 1911 γὰρ
3296 1842 3486 1895 ἄτοπον
3511 1834 3579 1907 ἦν
3604 1838 3715 1899 τοίς
3731 1848 3755 1875 ε
3781 1835 3873 1903 μὲν

2316 1948 2455 2002 κατά
2501 1949 2663 2018 μέρος
2704 1945 2968 2015 τεχνίταις
2994 1943 3044 2004 b,
3071 1940 3229 1992 ὁπότε
3255 1955 3305 1989 τι
3349 1935 3730 2005 δημιουργοίεν,
3775 1932 3859 1981 καὶ

2318 2039 2549 2109 μάλιστα
2594 2036 2700 2092 τῶν
2768 2031 3070 2085 πολυτελῶν
3095 2069 3110 2092 ,
3171 2029 3229 2081 τὸ
3291 2028 3347 2077 ἐν
3407 2023 3558 2085 ὕλαις
3613 2020 3857 2089 αὔταρκες

2315 2125 2745 2199 σταθμήσασθαι·
2775 2125 2863 2177 τὸν
2888 2122 2932 2174 δ’
2956 2121 3217 2191 ἀριθμοὺς
3246 2118 3338 2169 καὶ
3371 2116 3559 2184 μέτρα,
3590 2112 3793 2172 καὶτὰς
3814 2111 3862 2161 ἐν

2311 2220 2517 2280 τούτοις
2554 2217 2799 2287 ἰσότητας
2820 2212 3159 2283 ἀνευρηκότα
3208 2208 3279 2279 μὴ
3317 2201 3713 2277 φροντίσαιτοῦ
3762 2204 3870 2252 lxa-

2314 2310 2425 2361 νοῦ.
2459 2307 2610 2372 Λέξω
2637 2307 2700 2376 δὴ
2734 2306 2869 2376 μετά
2912 2301 3240 2375 παρρησίας,
3289 2300 3372 2351 ὅτι
3420 2296 3529 2348 οὒτ’
3575 2294 3867 2354 ἐλάττονος,

2312 2402 2431 2455 οὔτε
2461 2400 2698 2461 πλείονος
2721 2398 2907 2458 οὐσίας
2933 2394 3129 2463 ἔδειτῷ
3153 2393 3338 2462 κόσμῳ
3364 2388 3493 2459 πρὸς
3515 2387 3867 2452 κατασκευήν.

2327 2494 2477 2549 Ἐπεὶ
2498 2493 2597 2545 οὐκ
2628 2492 2693 2545 ἂν
2718 2489 3009 2557 ἐγεγένητο
3029 2486 3249 2547 τέλειος,
3280 2483 3386 2535 οὐδ’
3409 2482 3466 2533 ἐν
3487 2481 3617 2534 πᾶσι
3640 2480 3757 2539 τοῖς
3786 2478 3873 2546 μέ-

2316 2604 2460 2657 ρεσιν
2488 2584 2793 2653 ὁλόκληρος,
2821 2576 2878 2633 εὖ
2915 2575 3460 2647 δεδημιουργημένος,
3481 2582 3503 2610 ο
3552 2574 3615 2623 ἐκ
3665 2570 3872 2631 τελείας

655 2682 839 2737 Dicam
872 2683 1034 2751 igitur
1076 2680 1177 2735 hoc
1206 2681 1389 2742 libere,
1424 2693 1523 2731 nec
1569 2678 1854 2745 pauciore,
1907 2693 2004 2729 nec
2028 2676 2213 2744 copio-

2319 2679 2496 2740 οὐσίας
2516 2674 2762 2728 ἀποτετέ)
2775 2688 2943 2724 εσται.
2965 2669 3243 2736 Πανσόφου
3268 2666 3375 2736 γὰρ
3394 2665 3489 2733 τὴν
3508 2664 3695 2732 τέχνην
3728 2662 3872 2721 ἴδιον,

654 2774 799 2827 siore
833 2773 1079 2836 materia,
1108 2773 1172 2824 ad
1203 2770 1363 2839 hujus
1393 2769 1576 2823 mundi
1616 2768 2041 2836 procreationem
2074 2782 2210 2835 opus

653 2863 841 2918 fuisse.
883 2860 1096 2931 Alioqui
1129 2876 1405 2929 nunquam
1462 2861 1508 2913 is
1537 2875 1706 2927 usque
1752 2860 1884 2913 adeo
1942 2858 2211 2928 perfectus

555 2937 568 2949 ’
653 2954 983 3019 exstitisset,
1036 2968 1133 3007 nec
1182 2953 1237 3005 in
1285 2952 1538 3007 omnibus
1588 2967 1651 3006 ac
1696 2952 1925 3021 singulis
1969 2953 2211 3021 partibus

655 3057 762 3103 tam
816 3049 1019 3117 integre
1072 3046 1718 3115 solidequecompactus,
1770 3047 1873 3099 nisi
1903 3060 1968 3098 ex
2007 3047 2212 3115 integra

654 3141 1000 3209 perfectaque
1052 3148 1242 3193 natura
1274 3138 1622 3192 constitisset.
1662 3137 1945 3191 Prudentis
1973 3138 2113 3189 enim
2150 3152 2213 3191 ac

654 3230 811 3300 periti
845 3228 1067 3284 artiﬁcis
1104 3238 1213 3291 est,
1264 3236 1551 3293 antequam
1604 3226 1657 3278 in
1709 3241 1847 3294 opus
1900 3227 2211 3290 incumbat,

656 3322 894 3376 materiae
919 3328 1180 3389 quantum
1220 3332 1357 3385 Opus
1408 3316 1569 3370 fuerit
1618 3332 1727 3384 pra:
1775 3317 1951 3371 oculis
1995 3318 2212 3373 habere.

656 3411 722 3467 Et
749 3412 910 3466 homo
942 3409 1180 3480 quidem,
1209 3416 1266 3461 ut
1296 3406 1503 3461 caeteris
1531 3406 1691 3459 etiam
1725 3407 2035 3475 cognitione
2082 3422 2217 3476 prae-

657 3513 781 3568 stet,
818 3504 908 3571 qui
939 3511 1117 3556 tamen
1160 3502 1245 3555 vix
1295 3516 1532 3570 unquam
1566 3500 1633 3553 ab
1669 3515 1732 3553 eo
1762 3501 1975 3569 penitus
2031 3514 2217 3553 errore

657 3597 751 3665 qui
773 3596 839 3648 ad
862 3595 1115 3648 mortales
1140 3592 1458 3661 cognatione
1485 3592 1717 3661 quadam
1767 3592 2117 3655 adhaerescit,
2148 3591 2214 3643 li-

658 3686 754 3743 ber
777 3701 897 3742 esse
918 3694 1111 3753 potest,
1140 3684 1251 3737 suis
1281 3684 1333 3736 in
1358 3684 1630 3751 operibus,
1671 3699 1700 3738 a
1728 3684 1873 3752 justa
1906 3684 2144 3736 materiae
2164 3684 2216 3735 vi

657 3777 925 3834 aberrarit
955 3775 1091 3829 forte
1140 3789 1548 3842 nonnunquam,
1585 3784 1643 3827 ut
1674 3790 1797 3827 eum
1838 3773 1920 3828 vel
1977 3775 2215 3842 pauciori

658 3871 863 3941 aliquid
899 3870 1115 3931 addere,
1142 3869 1223 3921 vel
1248 3884 1313 3921 ex
1354 3868 1603 3937 ampliori
1645 3866 1930 3921 detrahere
1972 3869 2218 3923 nonnihil

660 3972 925 4032 oporteat.
963 3960 1031 4015 At
1060 3977 1186 4014 vero
1220 3959 1381 4024 Deus,
1426 3959 1567 4020 fons,
1603 3958 1820 4027 inquam
1844 4000 1858 4022 ,
1880 3955 1998 4011 ‘ille
2029 3961 2215 4027 cogni-

2314 2770 2441 2838 πρὶν
2466 2765 2732 2836 ἄρξασθαί
2786 2779 2929 2825 τινος
2984 2760 3345 2828 κατασκευῆς,
3392 2756 3488 2825 τὴν
3538 2754 3727 2822 ἱκανὴν
3757 2753 3873 2805 ἰδεῖν

2314 2861 2463 2929 ὓλην.
2524 2857 2839 2928 Ἀνθρωπος
2898 2854 2995 2924 μὲν
3048 2848 3159 2915 οὖν,
3208 2850 3310 2903 κᾶν
3358 2850 3405 2900 εί
3456 2846 3561 2899 τῶν
3585 2845 3874 2912 ἀλλωντὴ)

2311 2950 2618 3019 ἐπιστήμην
2640 2946 2903 3017 διαφέροι,
2945 2945 3021 3015 μὴ
3045 2943 3337 3011 δυνάμενος
3374 2937 3511 2991 κατὰ
3538 2936 3595 2987 τὸ
3620 2933 3872 2993 παντελὲς

2317 3045 2574 3110 ἐκφυγεῖν
2600 3042 2696 3111 τὴν
2750 3038 2981 3107 συγγενῆ
3038 3036 3145 3088 τῶν
3187 3032 3394 3104 θνητῶν
3447 3030 3673 3097 πλάνην,
3742 3028 3866 3078 ἀπα·

2312 3133 2451 3203 τῷτο
2478 3132 2542 3185 ἂν
2575 3133 2703 3194 ἴσως
2732 3131 2859 3201 περὶ
2906 3114 3012 3200 τὴν
3049 3127 3314 3194 ποσότητα
3360 3123 3456 3191 τῆς
3512 3119 3659 3187 ὕλης,
3717 3120 3857 3171 ὁπότε

2314 3223 2628 3294 τεχνιτεύοιο
2659 3223 2779 3276 τοτέ
2817 3222 2935 3293 μὲν,
2989 3220 3063 3282 ὡς
3094 3218 3310 3269 ἔλαττον
3356 3212 3698 3284 προστιθέναι
3747 3211 3861 3281 (θθῖ.

2313 3320 2433 3371 τοτέ
2462 3318 2537 3381 δέ,
2578 3318 2652 3379 ῶς
2695 3314 2947 3385 περιττῆς
2987 3311 3255 3379 ἀφαιρεῖν·
3304 3309 3331 3359 ὁ
3381 3305 3458 3365 δέ,
3513 3306 3657 3374 πηγή
3681 3314 3766 3359 τις
3808 3302 3872 3352 ῶν

2314 3407 2649 3479 ἐπιστημῶν,
2664 3406 2836 3458 ἐνδέον
2862 3404 2894 3472 ἢ
2919 3399 3227 3472 περιττεῦον
3250 3397 3397 3450 οὐδὲν
3416 3395 3633 3465 ἔμελλεν
3654 3393 3877 3445 ὑποϐαλο

2314 3500 2519 3560 λεσθαι,
2555 3497 2771 3567 μέτροις
2824 3494 2917 3546 ἆτε
2979 3490 3253 3562 χρώμενος
3278 3490 3357 3551 είς
3402 3485 3676 3555 ἀκρίϐειαν
3704 3485 3874 3552 ὑπερ-

2324 3588 2474 3659 φυῶς
2508 3585 2897 3654 πεπονημένοις
2950 3582 3147 3634 ἅπασιν
3194 3580 3492 3639 ἐπαινετοῖς
3548 3576 3674 3647 (9|).
3713 3576 3781 3626 '0
3825 3573 3877 3626 δέ

2320 3680 2635 3750 βουλόμενος
2677 3676 2846 3737 ἄλλως
2875 3674 3047 3726 ὑθλεῖν
3077 3673 3172 3725 οὐκ
3217 3671 3281 3723 ἂν
3309 3670 3496 3739 φθάνοι
3523 3668 3613 3721 καὶ
3640 3666 3703 3718 τὰ
3738 3666 3878 3716 πάνυ

2316 3790 2422 3824 των
2468 3771 2601 3840 ἔργα
2655 3767 2757 3820 τῶν
2805 3766 3060 3835 τεχνιτῶν
3109 3764 3255 3817 αἴτια
3303 3761 3576 3829 τιθέμενος
3631 3754 3774 3824 (9‘2),
3804 3758 3877 3816 ῶς

2318 3865 2533 3933 ἄμεινον
2558 3860 2653 3928 τῆς
2685 3858 3022 3926 κατασκευῆς
3080 3854 3397 3923 ἐπιλαχόντα
3432 3847 3704 3921 προσθέσει
3725 3846 3881 3908 τινὸς

2318 3955 2350 4022 ἢ
2388 3952 2607 4021 μειώσει
2638 3951 2744 4003 τῶν
2766 3953 2821 4001 ἐν
2856 3949 3024 4011 ὕλαις.
3085 3945 3242 3999 Ἀλλὰ
3276 3944 3383 4012 γάρ
3418 3937 3715 4007 σοφιστείας
3780 3938 3877 4005 μὲν

659 4056 822 4109 tionis
854 4054 1030 4108 omnis
1055 4062 1213 4121 atque
1254 4050 1511 4112 scientize,
1538 4050 1770 4118 amplius
1794 4049 2088 4118 quidquam
2114 4050 2213 4102 mi-

2325 4044 2481 4112 ἔργον
2511 4042 2893 4113 εὑρεσιλογεῖν,
2922 4039 3111 4108 σοφίας
3139 4038 3195 4091 δὲ
3232 4035 3437 4087 ἐκαστα
3469 4031 3734 4102 διερευνᾷν
3766 4028 3876 4081 τῶν

660 4161 846 4208 nusve,
864 4159 1024 4213 quam
1051 4158 1147 4211 par
1162 4150 1322 4206 esset,
1340 4141 1591 4194 adhibere
1621 4154 1727 4192 non
1758 4138 2090 4207 potuit,cum
2110 4154 2222 4191 om-

660 4238 820 4293 nibus
839 4250 1213 4291 mensurarum
1242 4233 1653 4309 pdnderumque
1680 4232 1982 4287 rationibus
2012 4242 2217 4297 utatur,

658 4338 907 4385 accurata
928 4311 1150 4396 prorsus
1172 4342 1231 4380 ac
1246 4326 1479 4395 perfecta
1495 4324 1864 4378 mediocritate
1884 4324 2215 4390 temperatis.

658 4419 816 4495 337
847 4416 949 4481 Qui
979 4433 1106 4471 vero
1131 4433 1287 4471 secus
1317 4416 1505 4485 nugari
1538 4414 1791 4477 voluerit,
1833 4415 1989 4467 nobis
2024 4415 2112 4467 ille
2140 4414 2219 4466 vi-

659 4512 852 4565 delicet
882 4510 1063 4562 omnia
1110 4507 1367 4562 continuo
1410 4516 1729 4561 caeterorum
1764 4504 2031 4558 artiﬁcum
2078 4505 2217 4570 obji-

662 4603 767 4657 ciet
790 4616 974 4669 Opera,
1004 4613 1235 4667 quorum
1271 4597 1499 4659 molitio,
1556 4595 1817 4649 nonnulla
1862 4594 2103 4647 materia:
2133 4595 2218 4648 vel

2325 4139 2380 4189 ὲν
2414 4140 2476 4207 τῇ
2505 4137 2713 4205 φύσει.»
2750 4136 2857 4189 Καὶ
2877 4135 2943 4186 τὰ
2972 4134 3066 4202 μὲν
3094 4130 3186 4182 τοῦ
3240 4129 3470 4189 Φίλωνος
3500 4126 3676 4180 τοῦτον
3703 4122 3870 4191 ἐχέτω

2320 4231 2409 4283 τὸν
2434 4232 2646 4300 τρόπον.
2679 4228 2911 4297 Μαξίμῳ
2964 4227 3019 4278 δὲ
3068 4223 3177 4293 (95)
3206 4221 3305 4291 τῆς
3337 4219 3571 4290 Χριστοῦ
3606 4214 3862 4284 διατριὸἦς

2319 4323 2417 4376 οὐκ
2446 4323 2640 4392 ἀσήμῳ
2666 4322 2817 4391 ἀνδρὶ
2840 4322 2933 4373 καὶ
2983 4317 3137 4383 λόγος
3167 4315 3361 4374 οἰκεῖος
3413 4312 3807 4381 συγγέγραπται
3839 4307 3870 4359 δ

2319 4415 2453 4480 Περὶ
2483 4414 2591 4481 τῆς
2632 4413 2799 4479 ὕλης,
2844 4410 2902 4475 ἐξ
2934 4403 2991 4461 οὗ
3040 4403 3288 4477 μοιδοκῶ
3346 4403 3541 4474 μέτρια
3600 4399 3876 4473 χρησίμως

2322 4505 2745 4576 πειραθήσεσθαι,
2796 4504 2852 4565 ἐς
2906 4498 3101 4569 ἀκριϐῆ
3166 4496 3259 4550 τοῦ
3302 4494 3677 4567 προϐλήματος
3725 4492 3881 4558 ἔλεγ-

2317 4614 2426 4666 χον.

660 4697 993 4759 accessione,
1030 4694 1110 4748 vel
1143 4692 1475 4747 detractione
1501 4691 1695 4744 melius
1722 4690 1881 4759 vulgo
1908 4689 2224 4757 feliciusque
2260 4692 2419 4745 cedit.
2476 4689 2581 4743 Sed
2634 4690 2891 4743 nimirum
2951 4683 3189 4754 argutias
3245 4683 3486 4752 sophista
3526 4687 3749 4750 quaerat,
3791 4691 3882 4730 sa-

661 4796 813 4862 piens
839 4794 891 4847 in
916 4792 1159 4846 rimanda
1199 4804 1379 4843 rerum
1445 4788 1772 4841 naturalium
1838 4786 2065 4838 veritate
2104 4794 2366 4838 versatur.
2410 4806 2428 4837 ι
2464 4785 2538 4839 lta
2561 4785 2736 4837 Philo.
2800 4782 3086 4842 Caeterum,
3130 4779 3385 4847 quoniam
3442 4776 3709 4829 Maximus
3752 4785 3883 4839 pro-

662 4860 837 4941 iessor
880 4884 1205 4938 Christiana;
1255 4880 1529 4950 religionis
1592 4895 1700 4933 non
1787 4877 2074 4941 obscurus,
2142 4874 2337 4930 librum
2404 4891 2623 4946 quoque
2675 4872 3002 4941 singularem
3060 4886 3123 4924 ac.
3193 4870 3468 4940 proprium
3523 4862 3597 4917 De
3652 4860 3881 4913 materia

730 5053 756 5082 ει
788 5039 873 5091 ἵσ.
914 5036 1059 5097 τούς.
1136 5035 1164 5074 b
1199 5034 1282 5088 ίσ.
1317 5032 1584 5103 τεχνίτας.
1666 5042 1687 5069 ε
1724 5032 1810 5086 lo’.
1838 5031 1961 5083 add.
1989 5030 2035 5080 εἰ
2069 5030 2160 5098 μή.

658 5190 787 5237 ante
819 5176 1001 5231 omnia
1030 5187 1262 5228 creatam
1286 5190 1427 5237 esse,
1452 5191 1515 5230 ex
1545 5190 1649 5243 qua
1682 5175 1875 5228 deinde
1902 5173 2217 5243 praeclaram
2253 5182 2294 5234 ο

660 5252 807 5306 illam
837 5263 1001 5318 quam
1038 5244 1312 5302 cernimus
1341 5260 1519 5299 rerum
1549 5242 1859 5298 varietatem
1891 5242 1954 5299 ac
1985 5242 2218 5312 speciem

657 5322 924 5379 eduxerit.

754 5392 843 5461 90)
891 5391 1178 5461 Ἕλαττον
1237 5382 1635 5452 προστιθέναι.
1716 5382 1921 5461 Sensus
1987 5379 2224 5461 postulat

660 5451 901 5531 ἐλάττονι
945 5459 1190 5531 προστιθ.
1246 5451 1305 5511 ut
1338 5466 1639 5523 opponatur
1676 5456 1922 5525 sequenti
1954 5451 2217 5514 membro,

662 5530 1017 5602 «Ampium
1043 5531 1313 5602 ἀφαιρεῖν.

734 5590 847 5671 (91}
874 5590 1126 5655 Ἂεέασιὶε
1152 5590 1502 5658 ἐπαινετοῖς.
1537 5590 1835 5671 Utramque
1871 5607 2083 5658 vocem,
2128 5596 2221 5643 aut

663 5662 852 5727 saltem
884 5671 1179 5731 ἐπαινετοῖς
1210 5670 1435 5722 libenter
1461 5662 1833 5731 expunxerim.

734 5741 844 5811 (9‘2)
879 5739 1046 5811 Αῑτια
1082 5738 1400 5811 τιθέμενος.
1430 5733 1744 5811 Vixdubito
1772 5734 1901 5811 quin
1953 5745 2216 5811 reponet]:

664 5799 795 5867 dum
825 5799 928 5873 sit,
957 5799 1392 5878 ἀντιτιθέμενος,
1426 5805 1507 5878 v_el
1527 5801 1685 5878 ἀντία
1727 5799 2036 5878 τιθέμενος,
2070 5799 2214 5878 (ιμοὸ

665 5882 825 5955 paulo
854 5869 1274 5953 πάητικῴτερον
1303 5869 1401 5935 est.
1440 5874 1543 5931 Sed
1568 5873 1739 5944 Philo,
1760 5869 2215 5945 quemadmodum

2324 5178 2375 5223 et
2422 5165 2758 5234 Xenophon,
2798 5174 2986 5234 poetas
3032 5160 3301 5216 interdum
3334 5162 3501 5210 amat.
3548 5151 3716 5234 Porro
3746 5152 3885 5207 illud

2328 5240 2429 5291 οὐκ
2459 5236 2522 5289 ἂν
2558 5224 2765 5303 φθάνοι,
2799 5224 2926 5299 cie"
2958 5236 3101 5287 hunc
3120 5241 3335 5304 quoque
3366 5240 3582 5280 sensum
3612 5224 3881 5304 pati‘pos-

2330 5318 2431 5369 set,
2478 5316 2533 5357 ut
2560 5292 2823 5372 artiﬁcum
2865 5292 3096 5358 omnium
3137 5292 3345 5372 objibiat
3375 5312 3565 5363 opera,
3611 5292 3742 5347 nihil
3777 5308 3884 5372 ιπ-

2332 5365 2489 5446 quom
2520 5365 2718 5445 eﬂiciét.
2765 5376 2821 5429 In
2855 5391 2921 5446 eo
2962 5365 3379 5446 tamennbaereo,
3402 5381 3564 5434 quam
3596 5365 3844 5446 expressi
3868 5405 3883 5424 ,

2327 5432 2469 5515 quod
2518 5432 2584 5509 is,
2626 5462 2748 5499 meo
2800 5445 3014 5513 quidem
3061 5438 3301 5515 judicio,
3358 5432 3479 5515 cum
3528 5432 3885 5513 sequentibus

2329 5504 2462 5589 ἀλλὰ
2500 5504 2601 5589 re;
2637 5504 2979 5580 σοφιστείας,
3008 5504 3113 5564 etc.
3141 5547 3156 5572 ,
3202 5507 3496 5579 elegantius
3523 5504 3886 5571 ornatiusque

2330 5588 2615 5640 cohazreat.

2402 5639 2508 5727 (93)
2538 5656 2784 5727 Μαξίμῳ
2827 5651 2912 5727 δέ.
2945 5648 3191 5727 Nondum
3222 5648 3351 5727 satis
3382 5639 3883 5727 deﬁnio,.qu‘is‘i.l_le

2327 5708 2591 5782 Μαλέὶνῷυᾷ
2624 5708 2803 5778 fuerit.
2838 5721 2965 5772 Erat
3007 5720 3220 5786 quidem
3267 5718 3535 5786 Maximus
3568 5708 3875 5786 Hierosolyf

2327 5812 2538 5851 morum
2582 5797 2830 5851 antistes,
2873 5784 3094 5857 aqualis
3138 5788 3386 5853 EuSehii;
3428 5784 3777 5857 _sed_vcreor._
3822 5785 3881 5831 ut

2326 5849 2641 5923 huncivcre
2693 5849 2988 5918 maximum
3047 5861 3257 5917 Arianat
3312 5849 3601 5926 impietatis
3666 5849 3881 5903 hostem
