4020 6342
56 461 154 520 569

1217 453 1534 508 PRAEPAB.
1579 451 1828 512 EVANG.
1866 451 1991 506 LIB.
2031 448 2144 505 VII.

3161 432 3267 502 ετσ

56 574 300 642 scripsit,
337 575 491 644 juvat
519 591 582 630 ex
618 589 682 629 eo
731 572 987 629 nonnulla
1021 571 1262 641 proferre
1297 584 1416 638 quae
1483 568 1549 622 ad
1583 567 1904 636 exquisitam
1952 563 2238 636 proposita:
2295 561 2608 632 quaestionis
2647 560 3087 630 disceptationem
3143 575 3241 613 con

56 671 279 724 ducant.
864 694 867 695 ν

564 761 955 815 ΚΕΦΑΛΛΙΟΝ
987 755 1113 811 ΚΒ’.

125 853 262 907 Ὅτι
288 852 380 922 μὴ
402 851 721 921 ἀγέννητοι,-
745 854 783 920 ἡ
818 853 953 918 ὕλη,
981 851 1132 920 μηδέ
1163 850 1360 904 κακῶν
1379 850 1552 902 αἰτία.

133 982 151 1015 ι
181 964 310 1016 Ὀτι
349 965 448 1032 μὲν
473 962 725 1016 ἀδύνατον
755 962 1016 1033 ὑπάρχειν
1069 961 1335 1030 ἀγέννητα
1368 959 1458 1012 δύο
1486 959 1622 1029 ἅμα,

60 1053 177 1107 οὐδέ
202 1071 261 1106 σε
304 1054 520 1120 ἀγνοεῖν
569 1053 789 1122 νομίζω,
846 1055 893 1106 εἰ
927 1054 1018 1105 καὶ
1055 1051 1124 1104 τὰ
1177 1050 1407 1121 μάλιστα
1452 1049 1625 1112 δοκεῖς

65 1143 355 1215 προλαϐὼν
380 1143 536 1196 τοῦτο
561 1142 996 1213 προστεθεικέναι
1035 1140 1110 1211 τῷ
1141 1141 1300 1209 λόγῳ,
1329 1140 1389 1192 τὸ
1412 1139 1625 1201 πάντως

66 1235 121 1301 ὲξ
151 1237 406 1305 ἀνάγκης
429 1235 490 1286 τὸ
531 1235 712 1304 ἕτερον
741 1235 849 1286 δεῖν
875 1233 1070 1301 λέγειν,
1104 1233 1136 1302 ἢ
1181 1233 1260 1283 ὃτι
1304 1229 1625 1300 κεχώρισται

71 1328 175 1397 (94)
210 1330 310 1396 τῆς
353 1327 532 1397 ὓληςό
554 1326 705 1388 Θεὸς,
736 1325 767 1395 ἦ
798 1321 863 1377 αὖ
902 1325 1060 1376 πάλιν
1114 1325 1193 1376 ὅτι
1218 1321 1504 1392 ἀμέριστος
1533 1319 1627 1372 αὑ-

71 1417 163 1488 τῆς
182 1417 470 1487 τυγχάνει.
520 1417 583 1469 Et
639 1418 732 1487 μὲν
775 1412 866 1468 οὖν
896 1415 1129 1485 ἡνῶσθαι
1159 1431 1241 1476 τις
1277 1414 1437 1466 αὐτὸν
1458 1413 1626 1463 εἰπεῖν

76 1509 254 1570 ἐθέλοι,
281 1508 340 1560 ἓν
372 1508 432 1561 τὸ
469 1509 765 1580 ἀγέννητον
799 1506 956 1573 λέξει·
991 1507 1246 1576 ἑκάτερον
1279 1506 1382 1576 γὰρ
1431 1503 1627 1556 τούτων

85 1599 231 1668 μέρος
265 1596 427 1650 ἔσται
448 1597 545 1650 τοῦ.
572 1597 808 1667 πλησίον·
853 1596 1096 1666 ἀλλήλων
1142 1595 1198 1647 δὲ
1259 1597 1400 1666 μέρη
1427 1592 1628 1661 τυγχά-

93 1703 246 1748 νοντα,
273 1687 384 1738 οὐκ
433 1687 582 1738 ἔσται
636 1687 901 1756 ἀγέννητα
937 1686 1048 1738 δύο.
1113 1686 1196 1747 Ὡς
1228 1685 1346 1738 οὐδὲ
1401 1685 1629 1752 διάφορα

97 1776 216 1844 μέρη
237 1775 825 1843 κατακερματιζόμενα
878 1776 957 1836 εἰς
1014 1773 1179 1825 πολλά
1228 1773 1480 1842 γεννητά,
1517 1771 1628 1826 ἀλλ’

89 1867 153 1928 ὡς
177 1867 203 1916 ό
229 1865 390 1933 λόγος
422 1867 654 1927 ἀπαιτεῖ,
705 1864 764 1917 ἓν
809 1881 861 1916 τι
909 1863 1178 1932 γεννητὸν,
1212 1863 1301 1915 τὸν
1330 1862 1628 1932 ἄνθρωπον,

88 1958 379 2028 πολυμερὲς
404 1957 536 2027 πρὸς
567 1955 659 2008 τοῦ
715 1954 847 2008 Θεοῦ
896 1955 1174 2023 γεγονέναι
1218 1956 1415 2024 φαμέν·
1462 1953 1632 2016 οὕτως

88 2050 310 2117 ἀνάγκη,
362 2049 412 2100 εί
467 2047 539 2118 μὴ
572 2045 891 2117 κεχώρισται
915 2048 1011 2116 τῆς
1057 2047 1184 2116 ὕλης
1232 2047 1260 2098 ὁ
1312 2044 1461 2106 Θεὸς,
1487 2043 1545 2094 ἓν
1573 2044 1632 2097 τὸ

88 2141 367 2208 ἀγέννητον
397 2134 534 2192 εἷναι
569 2138 764 2206 λέγειν.
791 2138 851 2190 Ei
873 2137 928 2189 δὲ
952 2136 1274 2206 κεχωρίσθαι
1327 2137 1485 2206 φήσει
1524 2134 1627 2198 τις,

90 2231 286 2299 ἀνάγκη
321 2224 460 2281 εἷναί
482 2245 534 2280 τι
567 2229 627 2280 τὸ
670 2227 769 2280 ἀνά
823 2227 982 2297 μέσον
1012 2220 1351 2294 ἀμφοτέρων,
1382 2224 1516 2291 ὅπερ
1539 2222 1631 2275 καὶ

91 2323 172 2374 τὸν
201 2320 474 2391 χωρισμὸν
521 2319 698 2372 αὐτῶν
747 2320 1031 2371 δείκνυσιν.
1106 2316 1387 2370 Ἀδύνατον
1423 2315 1529 2385 γὰρ
1577 2316 1633 2366 ὲν

96 2409 726 2474 διαστάσειὲξετάζεσθαί
752 2427 802 2462 τι
829 2410 933 2462 ἀπό
963 2426 1125 2474 τινος,
1153 2409 1253 2459 οὐκ
1273 2406 1420 2468 ὄντος
1448 2405 1631 2474 ἑτέρου

98 2502 203 2556 καθ’
226 2503 255 2555 ὃ
286 2504 320 2572 ἡ
348 2501 622 2563 διάστασις
654 2500 910 2570 ἐκατέρου
961 2500 1182 2566 γίνεται·
1224 2497 1357 2566 ὅπερ
1384 2496 1444 2546 οὐ
1474 2493 1633 2565 μέχρι

94 2593 273 2645 τούτου
307 2593 514 2644 ἵσταται
548 2593 637 2643 καὶ
670 2590 851 2660 μόνου,
881 2590 1013 2641 ἀλλά
1048 2590 1140 2641 καὶ
1181 2587 1442 2641 πλείστων
1474 2586 1632 2638 ὅσων.

105 2687 198 2736 ὐν
229 2683 335 2753 γὰρ
360 2683 447 2734 ἐπὶ
474 2682 580 2735 τῶν
607 2683 697 2735 δύο
724 2683 1026 2752 ἀγεννήτων
1060 2679 1283 2750 εἴπομεν
1306 2680 1479 2746 λόγον,
1513 2675 1636 2728 τοῦ-

97 2791 187 2826 τον
207 2775 265 2838 EE,
287 2775 515 2844 ἀνάγκης
551 2774 747 2844 ὁμοίως
799 2776 1120 2844 προχωρεῖν,
1173 2775 1220 2825 εἰ
1251 2771 1318 2824 τὰ
1373 2770 1636 2840 ἀγέννητα

104 2863 277 2933 δοθείη
303 2864 440 2933 τρία.
472 2867 574 2917 Καὶ
605 2864 711 2934 γάρ
735 2864 824 2915 ἐπὶ
852 2862 1051 2914 τούτων
1095 2863 1319 2932 ἐροίμην
1359 2860 1443 2923 ἂν,
1463 2865 1517 2923 ,εί
1548 2877 1639 2911 κει

105 2957 356 3026 χώρισται
381 2957 630 3028 ἀλλήλων,
667 2957 698 3026 ἢ
754 2952 818 3008 αὖ
849 2955 1006 3007 πάλιν
1061 2953 1285 3005 ’ἑκαστον
1326 2952 1526 3021 ἥνωται
1561 2949 1639 3020 τῷ

103 3049 340 3118 πλησίον.
377 3049 432 3101 Εἰ
490 3050 586 3120 μὲν
614 3049 721 3118 γὰρ
747 3046 980 3117 ἡνῶσθαι
1004 3063 1086 3108 τις
1136 3047 1297 3108 εἴποι,
1343 3045 1431 3096 τὸν
1480 3043 1639 3095 αὐτὸν

102 3140 313 3194 ἀκούσει
340 3141 412 3210 τῷ
444 3141 640 3212 πρώτῳ
676 3140 843 3206 λόγον·
879 3140 926 3190 εί
948 3138 991 3189 δ’
1014 3134 1079 3191 αὖ
1107 3136 1264 3190 πάλιν
1294 3135 1638 3206 κεχωρίσθαι,

105 3232 159 3283 ού
195 3231 437 3300 φεύξεται
475 3232 570 3302 τὴν
595 3231 652 3295 ἐξ
672 3228 910 3297 ἀνάγκης
944 3227 1036 3278 τοῦ
1070 3225 1383 3296 χωρίζοντος
1407 3223 1639 3274 ὑπόστα-

111 3342 203 3376 σιν.
245 3326 338 3375 Ἃν
365 3323 419 3376 δὲ
448 3326 555 3394 ἄρα
580 3341 661 3387 τις
684 3323 776 3375 καὶ
793 3323 969 3392 τρίτον
1002 3315 1138 3371 εἶναι
1175 3318 1316 3382 λέξει
1364 3315 1537 3382 λόγον,
1567 3315 1641 3379 ώς

110 3415 396 3485 ἁρμόζοντα
428 3413 686 3483 περὶτῶν
717 3413 1018 3481 ἀγεννήτων
1075 3408 1342 3477 λέγεσθαι,
1399 3407 1639 3459 τουτέστι
1670 3443 1711 3499 C

111 3505 162 3558 τὸ
184 3504 250 3574 μὴ
273 3502 593 3574 κεχωρίσθαι
621 3504 717 3573 τῆς
747 3502 874 3572 ὕλης
916 3502 1004 3554 τὸν
1036 3500 1185 3565 Θεὸν,
1243 3500 1364 3569 μήτ’
1395 3494 1458 3550 αὖ
1486 3497 1642 3549 πάλιν

117 3595 246 3658 ὼςὲν
281 3595 433 3665 μέρει
458 3593 712 3665 ⁴ἡνῶσθαι,
748 3589 885 3644 εἶναι
929 3593 984 3644 δὲ
1018 3592 1262 3662 καθάπερ
1299 3592 1354 3643 ὲν
1388 3591 1535 3659 τόπῳ
1578 3590 1643 3658 τῇ

119 3685 202 3758 ὕλῃ
226 3687 312 3739 τὸν
337 3686 487 3748 Θεὸν,
517 3685 550 3754 ἢ
584 3684 676 3737 καὶ
725 3683 822 3754 τὴν
855 3684 984 3753 ὕλην
1021 3686 1076 3735 ἐν
1119 3682 1196 3753 τῷ
1246 3681 1383 3750 Θεῷ,
1419 3683 1478 3733 τὸ
1524 3696 1648 3732 συν-

115 3779 222 3848 ἐχον
253 3779 510 3840 ἀκουέτω,
538 3779 638 3838 ὅτι,
671 3775 764 3828 ὲάν
787 3775 948 3828 τόπον
985 3775 1077 3827 τοῦ
1106 3774 1239 3827 Θεοῦ
1294 3775 1391 3844 τὴν
1421 3772 1549 3842 ὓλην
1574 3772 1648 3824 εί-

115 3888 308 3940 πωμεν,
334 3869 663 3940 ἐξάνάγκης
702 3867 858 3920 αὐτὸν
881 3866 971 3918 καὶ
999 3866 1300 3935 χωρητικὸν
1331 3865 1439 3934 (95)
1473 3864 1648 3932 λέγειν

114 3959 200 4023 δεῖ,
229 3964 318 4015 καὶ
346 3961 479 4033 πρὸς
504 3962 599 4032 τῆς
633 3959 760 4029 ὕλης
813 3957 1298 4030 περιγραφόμενον.
1355 3955 1510 4008 Ἀλλά
1545 3956 1648 4025 μὴν

115 4053 198 4104 καὶ
229 4054 424 4124 ὁμοίως
466 4054 624 4107 αὐτὸν
680 4054 743 4121 τῇ
799 4049 898 4120 ὕλῃ
949 4047 1194 4109 ἀτάκτως
1233 4046 1510 4116 φέρεσθαιν
1575 4045 1648 4116 μὴ

115 4143 344 4199 ἵστασθαί
371 4134 428 4198 τε
467 4145 597 4215 μηδὲ
633 4146 809 4213 μένειν
862 4140 1018 4193 αὑτὸν
1064 4140 1145 4207 ἐφ’
1175 4138 1363 4190 ἑαυτοῦ
1416 4139 1646 4207 ἀνάγκη,

119 4233 220 4295 τοῦ,
248 4238 302 4289 ὲν
331 4231 378 4303 ᾧ
403 4239 566 4297 ἐστιν,
620 4233 788 4287 ἄλλοτ’
823 4231 991 4293 ἄλλως
1051 4229 1365 4299 φερομένου.
1403 4228 1543 4298 Πρὸς
1595 4227 1648 4278 δὲ

123 4325 305 4390 τούτοις
362 4328 454 4380 καὶ
516 4329 572 4379 ἐν
623 4325 823 4395 χείροσι
856 4321 1129 4391 γεγονέναι
1190 4321 1279 4372 τὸν
1322 4319 1450 4371 Θεὸν
1482 4320 1651 4370 εἰπεῖν

124 4416 335 4489 ἀνάγκη.
362 4419 423 4469 Εἰ
449 4418 554 4488 γάρ
580 4413 644 4488 ἦν
674 4433 800 4470 ποτε
832 4416 1064 4484 ἄκοσμος
1089 4414 1120 4482 ή
1156 4411 1274 4481 ὕλη,
1304 4410 1570 4479 ἐκόσμησε
1597 4408 1651 4460 δὲ

122 4508 273 4577 αὐτὴν
291 4510 364 4568 είς
396 4507 455 4558 τὸ
476 4510 714 4577 κρεῖττον
746 4505 936 4576 τρέψαι
977 4500 1414 4574 προαιρούμενος,
1439 4494 1504 4569 ἧν
1527 4514 1651 4550 ποτε

116 4601 196 4652 ὅτε
225 4599 623 4685 ἐνάκοσμήτοις
652 4593 717 4668 ἦν
739 4601 768 4650 ὁ
799 4597 949 4659 Θεός.
978 4595 1205 4656 Δικαίως
1232 4593 1273 4645 δ’
1311 4592 1374 4646 ἂν
1409 4589 1500 4644 καὶ
1529 4589 1653 4642 τοῦ-

114 4711 196 4746 τον
214 4683 434 4766 ἐροίμην
480 4690 571 4743 τὸν
596 4690 770 4757 λόγον,
801 4689 1023 4762 πότερον
1074 4687 1307 4756 ἐπλήρου
1351 4685 1446 4754 τὴν
1473 4683 1602 4754 ὕλην
1625 4684 1654 4735 ὁ

1649 759 1696 815 Α

1752 810 1755 813 _
1894 749 1896 751 ‘
2219 814 2228 824 ,
2279 743 2504 801 CAPUT
2545 741 2709 796 xxu.

1724 843 2002 897 Materiam
2031 857 2122 894 nec
2151 847 2268 891 ortu
2294 853 2488 899 carere,
2513 852 2601 888 nec
2628 832 2882 886 malorum
2908 845 3118 883 causam
3141 845 3270 884 esse.

1802 975 1819 1006 ι
1849 954 2133 1024 Equidem,
2172 952 2349 1021 inquit
2382 950 2489 1014 ille,
2525 948 2635 1002 duo
2669 944 2853 1008 simul,
2883 959 3002 1012 qua:
3029 951 3148 995 ortu
3184 956 3270 994 ca-

1725 1052 1898 1107 reant,
1935 1057 2055 1098 esse
2084 1057 2189 1097 non
2224 1055 2404 1108 posse,
2430 1038 2561 1107 quin
2596 1049 2807 1088 mecum
2842 1032 3128 1099 intelligas,
3168 1043 3271 1081 non

1725 1137 1944 1201 dubito;
1975 1135 2098 1188 licet
2126 1134 2228 1186 hoc
2254 1145 2453 1201 ponere
2505 1128 2725 1195 insuper
2756 1121 2916 1192 atque
2959 1123 3155 1177 addere
3197 1121 3275 1172 vi-

1724 1227 1922 1291 dearis,
1952 1223 2215 1279 eduobus
2266 1219 2633 1275 necessarium
2674 1216 2989 1269 alterutrum
3047 1226 3185 1274 esse,
3218 1218 3277 1262 ut

1725 1319 1807 1372 vel
1834 1323 2144 1386 segregatus
2164 1330 2194 1367 a
2222 1312 2446 1367 materia
2470 1309 2633 1370 Deus,
2666 1307 2748 1360 vel
2776 1321 2898 1359 cum
2943 1303 3127 1357 eadetn
3160 1317 3279 1356 om-

1726 1411 1856 1464 nino
1888 1408 2216 1474 conjunctus
2264 1420 2383 1459 esse
2431 1404 2664 1457 dicatur.
2700 1397 2800 1464 Qui
2831 1403 3088 1465 ergatam
3151 1408 3279 1447 eon-

1722 1501 1974 1571 junctum
2013 1514 2134 1553 esse
2163 1497 2325 1558 volet,
2355 1497 2400 1548 is
2434 1510 2600 1547 unum
2635 1488 2898 1546 duntaxat
2921 1485 3122 1555 aliquid
3170 1491 3282 1538 sta-

1728 1600 1860 1655 tuet,
1897 1590 2039 1661 quod
2063 1596 2183 1643 ortu
2213 1593 2430 1650 careat;
2469 1594 2596 1638 tunc
2619 1582 2764 1636 enim
2795 1578 3016 1632 alterius
3051 1575 3278 1629 alterum

1727 1697 1854 1752 pars
1885 1681 2080 1749 utique
2117 1679 2274 1738 foret,
2330 1691 2450 1746 qua:
2501 1690 2630 1728 vero
2681 1683 2923 1728 mutuam
2979 1670 3119 1723 inter
3163 1682 3283 1723 sese

1730 1777 1897 1846 partis
1925 1774 2186 1828 rationem
2238 1766 2460 1833 habent,
2493 1767 2702 1830 eadem,
2736 1780 2856 1833 qua:
2891 1772 3011 1816 ortu
3039 1767 3281 1824 careant,

1730 1869 1837 1922 duo
1862 1865 2021 1921 simul
2041 1878 2161 1917 esse
2211 1877 2317 1915 non
2367 1863 2613 1926 possunt.
2667 1854 2798 1906 Nam
2826 1848 3304 1921 quemadmodum.

1734 1958 2006 2014 hominem
2038 1955 2162 2007 sica
2198 1952 2304 2006 Deo
2337 1956 2674 2018 prdcreatnm
2706 1959 2825 1998 esse
2851 1937 3104 2003 dicimus,
3139 1946 3198 1991 ut
3238 1936 3286 1992 is

1736 2068 1844 2105 non
1883 2049 1992 2119 jam
2021 2047 2246 2100 diversa:
2277 2049 2482 2110 partes,
2521 2048 2681 2106 atque
2736 2036 2788 2088 in
2811 2034 2960 2102 plura
2996 2030 3172 2100 genita
3211 2026 3290 2082 di-

1733 2118 1967 2213 stractae,
2000 2152 2208 2198 verum,
2244 2142 2302 2186 ut
2326 2133 2440 2200 ipsa
2471 2129 2604 2183 ratio
2629 2126 2882 2198 postulat,
2909 2139 2993 2177 res
3018 2137 3122 2176 una
3163 2118 3289 2188 qui-

1731 2233 1853 2286 dem
1883 2211 2060 2299 genita
2087 2228 2176 2291 sit,
2202 2225 2364 2279 var’iis
2398 2231 2575 2276 tamen
2611 2235 2675 2273 ex
2708 2216 2953 2287 partibus
2975 2211 3287 2274 constituta,

1734 2323 1813 2379 sic
1836 2334 2053 2380 necesse
2086 2318 2243 2386 plane
2259 2324 2363 2375 est,
2396 2312 2440 2366 si
2482 2309 2646 2363 Deum
2671 2323 2700 2360 a
2729 2306 2954 2360 materia
2985 2303 3287 2371 sejunctnm

1734 2426 1855 2468 esse
1882 2423 2067 2479 negas,
2090 2421 2254 2458 unum
2285 2403 2550 2456 duntaxat
2605 2396 2830 2465 aliquid,
2862 2394 3005 2464 quod
3052 2391 3290 2461 genitqu

1735 2519 1842 2558 non
1871 2502 1961 2565 sit,
1991 2511 2298 2568 agnoscere.
2331 2493 2424 2546 Sin
2480 2492 2547 2543 ab
2597 2490 2780 2542 eadem
2841 2493 3110 2541 secretum
3172 2495 3292 2534 esse

1739 2595 1902 2655 voles,
1934 2592 2167 2645 medium
2197 2585 2504 2641 necessario
2542 2570 2796 2652 quiddam
2829 2580 2967 2632 inter
3000 2585 3307 2640 utrumque

1736 2683 2079 2739 statuendum
2137 2679 2258 2743 erit,
2305 2692 2413 2746 quo
2479 2674 2758 2742 utriusque
2791 2670 3071 2731 discidium
3113 2676 3293 2720 osten-

1736 2775 1914 2828 datur.
1953 2769 2059 2822 Nec
2091 2769 2232 2822 enim
2266 2766 2428 2818 unius
2455 2763 2523 2816 ab
2554 2763 2725 2814 altero
2765 2758 3055 2812 divortium
3089 2748 3282 2805 consti-

1737 2865 1812 2920 tui
1839 2861 2152 2931 dignoscive
2185 2865 2376 2926 potest,
2421 2854 2524 2909 nisi
2572 2853 2786 2906 tertium
2822 2847 3022 2914 aliquid
3067 2841 3292 2905 suberit,

1737 2971 1800 3010 ex
1836 2970 1943 3023 quo
1973 2950 2262 3005 divortium
2289 2947 2417 2999 illud
2447 2945 2763 2998 aestimetur.
2796 2938 2970 3005 Atque
3015 2934 3128 2987 lucc
3157 2930 3293 2984 ratio

1740 3063 1847 3100 non
1881 3053 2088 3098 tantum
2115 3041 2196 3096 vel
2250 3040 2300 3091 in
2354 3038 2476 3100 hoc,
2514 3033 2679 3087 velin
2739 3045 2847 3082 uno
2875 3025 3151 3096 quopiam,
3201 3019 3294 3074 sed

1739 3140 1898 3192 etiam
1934 3135 1988 3188 in
2020 3132 2264 3202 pluribus
2293 3130 2472 3184 locum
2514 3125 2691 3179 habet.
2719 3121 2873 3188 Quod
2907 3118 3048 3172 enim
3071 3116 3135 3168 de
3158 3116 3296 3166 duo-

1741 3231 1842 3283 bus
1875 3236 1997 3281 ortu
2033 3224 2342 3280 carentibus
2378 3222 2580 3274 dictum
2610 3225 2713 3281 est,
2770 3213 2820 3268 id
2851 3210 3096 3264 similiter
3123 3207 3298 3258 valere

1742 3335 1961 3374 necesse
1986 3319 2108 3382 erit,
2129 3317 2172 3370 si
2206 3315 2305 3368 tria
2333 3321 2599 3382 ponentur
2633 3317 2754 3360 ortu
2783 3303 3040 3357 carentia.
3071 3297 3202 3350 Nam
3232 3297 3297 3347 de

1743 3412 1851 3465 illis
1908 3408 2097 3462 eodem
2144 3406 2302 3458 modo
2351 3416 2610 3471 qna-ram,
2669 3407 2847 3450 utrum
2901 3391 3166 3458 disjuncta
3210 3388 3296 3439 illa

1744 3503 1872 3562 sint,
1898 3515 1962 3552 an
1996 3497 2204 3566 singula
2259 3489 2398 3562 inter
2423 3508 2542 3546 sese
2587 3488 2892 3556 conjuncta.
2926 3481 2982 3534 Si
3009 3479 3297 3548 conjuncta

1743 3593 1864 3662 quis
1887 3605 2006 3644 esse
2045 3587 2317 3647 defendet,
2372 3584 2512 3637 idem
2563 3596 2660 3648 ego
2712 3585 2919 3640 contra,
2952 3571 3092 3641 quod
3142 3568 3301 3638 paulo

1745 3661 1866 3738 ante
1907 3691 2285 3750 argumentum
2312 3691 2604 3744 opponam.
2651 3671 2745 3723 Sin
2771 3668 3024 3721 distincta
3050 3661 3303 3715 fatebitur

1745 3787 2021 3842 nunquam
2059 3771 2201 3842 illius
2229 3768 2405 3836 quarti
2461 3765 2832 3818 necessitatem
2859 3756 3094 3824 chugict,
3152 3748 3296 3818 quod

1694 3900 1701 3911 ι
1744 3867 1845 3919 hoc
1867 3862 2075 3917 dissidii
2125 3874 2294 3928 genus
2337 3855 2549 3909 efficiat.
2575 3852 2739 3922 338
2769 3848 2922 3915 Quod
2975 3845 3018 3899 si
3079 3846 3297 3896 tertium

1745 3956 1997 4026 quiddam
2029 3947 2318 4010 exiStimet,
2357 3949 2420 4000 de
2471 3945 2577 3998 illis
2633 3957 2752 3997 ortu
2789 3941 3101 3995 carentibus
3151 3952 3302 3990 com-

1746 4048 1903 4102 mode
1977 4045 2110 4099 satis
2175 4039 2486 4109 responderi
2577 4052 2772 4108 posse,
2832 4034 2997 4088 Deum
3060 4031 3303 4084 videlicet

1748 4159 1845 4196 nec
1901 4139 2115 4209 penitus
2193 4151 2222 4189 a
2307 4144 2534 4186 materia
2616 4135 2882 4183 secretum
2945 4139 3043 4177 nec
3123 4132 3299 4174 tamen

1748 4233 1918 4304 partis
1977 4230 2029 4283 in
2060 4242 2263 4282 morem
2319 4239 2440 4277 cum
2497 4221 2680 4274 eadem
2728 4232 2863 4277 esse.
2915 4213 3300 4280 eonjunctum;

1752 4325 1844 4381 sed
1881 4324 1962 4377 vel
2017 4319 2238 4374 materia
2270 4317 2456 4377 Deum,
2509 4311 2589 4364 vel
2619 4308 2914 4363 .maleriam
2953 4307 3120 4374 ipsam
3173 4303 3302 4369 Deo,

1754 4416 1832 4472 sic
1904 4425 2156 4480 tanquam
2210 4409 2330 4460 loco
2391 4401 2605 4471 proprio
2674 4397 2936 4452 contineri
2995 4412 3007 4446 :
3071 4411 3134 4448 ex
3202 4394 3304 4465 hac

1752 4505 2005 4575 opinione
2028 4511 2367 4565 consequens
2388 4492 2516 4545 illud
2542 4489 2762 4544 omnino
2797 4485 2979 4549 fuerit,
3013 4496 3090 4546 ut,
3119 4483 3162 4535 si
3209 4474 3304 4532 Dei

1752 4597 1930 4650 locmn
1958 4589 2232 4645 materiam
2268 4601 2388 4639 esse
2419 4584 2686 4646 dicamus,
2712 4578 2958 4632 eumdem
3001 4570 3305 4626 necessario

1753 4697 1806 4743 et
1832 4685 1947 4753 capi
1984 4682 2051 4734 ab
2105 4679 2312 4746 aliquo,
2367 4685 2420 4729 et
2491 4671 2713 4727 materia
2764 4671 2876 4738 ipsa
2935 4658 3304 4718 circumscribi

113 4753 258 4852 Osee,
279 4787 313 4856 ἢ
331 4753 403 4837 ’ἐν
430 4783 580 4854 μέρει
604 4753 708 4834 τινὶ
734 4783 833 4852 τῆς
862 4753 992 4852 ὕλης
1022 4777 1108 4852 ἦν.
1138 4753 1323 4849 Εξημὲν
1349 4774 1440 4831 οὖν
1479 4779 1535 4828 ὲν
1562 4778 1641 4846 μέ-

1755 4795 1911 4852 posse
1932 4775 2214 4828 fateamur.
2246 4769 2388 4835 Quin
2420 4768 2579 4821 etiam
2606 4764 2752 4817 illum
2791 4770 3009 4812 necesse
3037 4753 3156 4817 erit,
3180 4765 3305 4819 per-

115 4894 191 4943 ρει
218 4880 322 4932 τινὶ
344 4878 443 4946 τῆς
467 4876 594 4945 ὕλης
623 4875 792 4964 είπεξν
820 4891 903 4964 τις
933 4873 1103 4926 ἐθέλοι
1124 4873 1212 4925 τὸν
1230 4871 1378 4932 Θεὸν,
1412 4869 1652 4922 πλεῖστον

113 4970 228 5022 ὅσον
251 4967 565 5041 μικρότερον
594 4960 845 5040 τῆςγῦλης
872 4963 1038 5029 λέγει’
1076 4966 1122 5015 εί
1151 4963 1204 5015 δὲ
1238 4963 1346 5030 (96)
1373 4961 1533 5030 μέρος
1561 4961 1654 5011 αὑ-

112 5060 223 5131 τῆς,
247 5061 367 5114 ὃλον
392 5059 664 5130 ἐχώρησεν
696 5056 870 5110 αὐτόν.
901 5056 961 5106 Εἰ
1009 5055 1052 5106 δ’
1081 5058 1138 5107 ὲν
1167 5056 1312 5125 πάσῃ
1343 5051 1478 5106 εἶναι
1509 5053 1651 5119 λέγοι

113 5155 171 5222 τῇ
206 5151 328 5224 ὕλῃ,
360 5151 474 5215 πῶς
497 5151 698 5224 ταύτην
721 5148 1061 5220 ἐδημιούργει
1088 5148 1370 5216 φραστέον.
1423 5145 1650 5214 Ἀνάγκη

114 5243 212 5314 γὰρ
247 5243 282 5314 ἢ
318 5241 572 5313 συστολήν
602 5259 719 5295 τινα
737 5239 827 5308 τοῦ
855 5237 987 5291 Θεοῦ
1010 5238 1202 5305 λέγειν,
1237 5233 1303 5307 ἦς
1344 5236 1654 5305 γενομένης,

114 5334 451 5405 ἐδημιούργει
482 5335 672 5397 ἐκεῖνο,
701 5333 790 5401 ἀφ’
814 5326 873 5387 οὗ
903 5326 1267 5399 ὑπεχώρησεν,
1298 5330 1328 5398 ἢ
1352 5329 1444 5381 καὶ
1472 5328 1657 5380 ἑαυτὸν

1760 4872 1881 4928 inde
1915 4876 1973 4921 ut
1999 4862 2304 4925 materiam,
2357 4857 2664 4929 perturbate
2719 4850 2877 4911 ferri;
2914 4862 3014 4901 nec
3056 4844 3303 4898 eumdem

1759 4964 1813 5016 in
1850 4974 1906 5013 se
1933 4958 2048 5024 ipso
2078 4966 2296 5006 manere
2331 4962 2542 5015 semper
2572 4945 2959 5006 immotumque
2984 4933 3302 4993 consistere,

1758 5067 1878 5108 eum
1908 5049 2058 5109 illud,
2094 5046 2145 5098 in
2164 5059 2271 5113 quo
2293 5042 2416 5105 erit,
2449 5040 2553 5090 huc
2588 5035 2823 5100 illucque
2847 5037 3103 5100 perpetuo
3127 5025 3302 5092 rapia-

1763 5156 1868 5200 tur.
1898 5141 1976 5193 Ad
2017 5141 2151 5201 haec,
2218 5137 2394 5189 locum
2426 5131 2478 5183 in
2512 5124 2871 5180 deterioribus
2912 5121 3076 5175 Deum
3129 5117 3302 5183 ipsum

1765 5233 2017 5290 habuisse
2043 5224 2444 5284 concedendum
2481 5217 2602 5272 erit.
2650 5213 2784 5269 Nam
2818 5215 2862 5268 si
2897 5212 3042 5266 rudis
3098 5209 3222 5262 olim
3254 5212 3308 5258 et

1764 5325 2033 5382 incondita
2064 5321 2286 5375 materia
2317 5314 2436 5378 fuit,
2471 5326 2699 5379 eamque
2722 5308 2861 5361 Deus
2908 5305 2960 5357 in
3014 5298 3307 5367 elegantio-

118 5385 302 5498 τῇὶλῃ
332 5385 794 5495 σύνδημιουργεῖν,
826 5385 925 5478 οὸκ
951 5385 1553 5492 ἔχὀνταιὺποχώρήσεως
1574 5421 1641 5473 τότ

1762 5433 1873 5473 rem
1898 5425 1949 5468 et
1973 5411 2299 5467 ornatiorem
2335 5403 2568 5473 speciem
2594 5397 2935 5455 conformare
2972 5390 3173 5453 statuit,
3207 5385 3309 5442 fuit

117 5589 382 5642 maximus
421 5584 657 5641 Arianus
697 5582 960 5653 intelligat
989 5600 1002 5636 :
1036 5578 1246 5653 tametsi
1269 5577 1484 5653 _hunc_,_
1507 5577 1658 5645 quis-

151 5659 232 5712 uis
263 5657 374 5719 sit,
404 5653 697 5708 Maximum
723 5694 737 5718 ,
771 5661 830 5705 ut
859 5647 1019 5719 supra
1065 5648 1377 5720 Dionysium
1403 5647 1653 5720 Alexan-

152 5715 515 5789 rinum,vsatis
544 5715 732 5792 frigide
759 5715 1053 5792 appellarit.
1086 5715 1367 5792 Caztérum,
1401 5715 1651 5792 Dialogus

123 5793 214 5851 fuit
243 5787 356 5851 tota
386 5796 501 5849 hazc
523 5794 591 5848 de
612 5787 840 5846 materia
861 5791 1173 5858 disputatio,
1193 5800 1252 5844 ut
1273 5787 1461 5856 legenti
1485 5795 1645 5853 patet.

189 5866 301 5937 (Μ)
332 5868 404 5924 Ἦ
427 5865 516 5919 ὅτι
550 5862 911 5931 κεχώρισται.
961 5858 1138 5915 Prima
1183 5862 1295 5915 hare
1319 5864 1649 5928 argumenta,

1753 5567 1969 5627 nonnisi
2019 5566 2276 5620 adversus
2321 5572 2414 5612 eos
2446 5557 2536 5627 qui
2569 5564 2887 5623 corporeum
2935 5546 3105 5602 Deum
3140 5545 3308 5614 ﬁnge-

1755 5651 1888 5697 rent.
1917 5635 2170 5691 momenti
2199 5629 2488 5700 quidquam
2522 5627 2716 5700 habere
2741 5627 2981 5700 possunt.

1820 5689 2478 5780 fili‘Slepnuxd’ryali'm
2493 5694 2731 5780 xmp‘qfév
2741 5689 2868 5780 cum
2881 5689 3048 5780 altero

1830 5755 2255 5848 iDb’)'KEfEt:_£l
2293 5769 2377 5822 δέ.
2422 5755 2741 5848 ᾘοὲιξλέγει
2789 5761 2963 5848 mliqor
3011 5755 3306 5810 adhibenda

1758 5829 2123 5910 dlS‘I'iIIICllO,'et
2148 5841 2202 5893 δέ
2229 5841 2550 5895 mutandum.
2575 5837 2624 5889 in
2653 5829 2733 5901 γε,
2765 5831 2843 5884 vel
2873 5829 2957 5900 δή.
