3988 6340
710 380 815 437 571
1351 383 1439 441 EU
1456 384 1626 440 smn
1670 386 2143 445 cmsameusus
2179 389 2327 444 om».
2373 388 2554 444 rans
2590 387 2650 442 ιι.
2695 418 2764 430 -
2805 387 3298 443 APOLOGETICA.
3818 377 3954 445 57%|“

705 495 973 568 profecto,
1007 511 1130 550 cum
1163 495 1305 551 Deus
1337 496 1388 551 in
1424 499 1543 551 rudi
1583 507 1638 552 et
1665 499 1940 554 incondita
1974 502 2114 556 mole
2142 518 2249 555 ver-

2370 519 2485 552 πον.
2526 502 2587 553 Εἰ
2607 500 2661 553 δὲ
2684 501 2778 572 τὴν
2799 501 2928 571 ὓλην
2957 515 3014 553 εν
3041 500 3118 570 τῷ
3138 500 3254 568 Θεῷ
3279 494 3414 551 εἷναί
3441 514 3524 560 τις
3547 493 3704 563 λέξοι,
3731 500 3897 569 ὁμοίως

707 597 941 643 sanetur.
965 586 1229 642 Praeterea
1265 589 1408 643 hunc
1432 590 1591 642 etiam
1630 590 1682 643 in
1710 592 1930 644 modum
1965 608 2157 662 urgere
2204 594 2249 645 li«

2371 591 2639 656 ἐξετάζειν
2677 593 2777 655 δεῖ,
2814 592 3038 662 πότερον
3091 590 3168 650 ὡς
3222 590 3560 660 διισταμένου
3623 589 3781 642 αὐτοῦ
3823 594 3894 659 ἀφ’
3927 586 3969 662 i1

705 688 845 743 ceat,
883 689 1061 733 utrum
1102 678 1246 734 Deus
1308 680 1586 733 materiam
1657 680 1907 750 impleret
1937 684 2243 738 universam

2369 681 2579 745 ἑαυτοῦ,
2609 683 2702 734 καὶ
2726 683 2912 754 ὥσπερ
2944 683 3000 734 ὲν
3021 682 3140 752 ἀέρι
3171 679 3322 744 ζώων
3354 681 3583 752 ὑπάρχει
3609 682 3756 751 γένη,
3782 682 3892 735 διαι-
3931 678 3966 742 Ῑι’

706 785 775 823 an
807 770 860 822 iu
896 769 1076 838 aliqua
1104 769 1369 825 duntaxat
1412 771 1531 839 ejus
1582 782 1734 840 parte.
1760 773 2055 828 collocatus
2104 784 2246 829 esset

2369 776 2626 847 ρουμένου
2661 777 2752 829 καὶ
2793 775 3145 846 μεριζομένου
3177 772 3339 825 αὑτοῦ
3385 774 3463 834 εἰς
3497 771 3759 868 ὑποδοχὴν
3806 773 3892 868 τῶν

708 858 842 914 Nam
872 861 993 916 siin
1026 870 1180 930 parte
1239 863 1413 916 solum
1447 862 1615 918 fuisse
1641 865 1838 930 volent,
1873 865 2068 918 mirum
2103 881 2249 935 quan

2367 867 2663 937 γινομένων
2691 867 2838 936 αὐτῷ
2868 867 2999 936 (97),
3028 866 3061 936 ἢ
3090 866 3164 938 ὡς
3196 866 3252 916 ὲν
3293 863 3458 933 τόπῳ,
3509 862 3780 917 τουτέστιν
3806 861 3890 916 ὥσ-

708 953 1078 1022 angustiorem
1108 954 1184 1006 illi
1225 954 1383 1009 nobis
1409 956 1631 1010 materia
1664 955 1830 1009 Deum
1883 956 2105 1020 faciunt,
2141 973 2249 1011 cun

2367 977 2470 1029 περ
2495 961 2551 1012 ὲν
2575 961 2645 1030 γῇ
2677 958 2840 1030 ὕδωρ.
2888 959 2951 1011 Εἰ
3010 957 3105 1028 μὲν
3133 956 3241 1026 γὰρ
3277 953 3542 1024 εἴποιμεν,
3590 953 3666 1016 ὡς
3692 956 3746 1004 ὲν
3772 954 3885 1024 ἀέρι,

709 1060 836 1115 pars
889 1044 1007 1112 ejus
1054 1044 1233 1114 aliqua
1284 1044 1449 1098 Deum
1507 1047 1772 1115 integrum
1794 1049 2111 1102 contineret.
2172 1047 2249 1102 Sir

2368 1051 2619 1121 μεριστὸν
2649 1050 2861 1120 ἀνάγκη
2891 1047 2982 1100 τὸν
3028 1046 3162 1099 Θεὸν
3219 1046 3408 1098 εἰπεῖν·
3474 1047 3519 1098 εί
3574 1043 3620 1096 δ’
3653 1043 3823 1109 ὥσπερ
3845 1046 3888 1096 ὲν

705 1145 871 1190 totam
910 1138 976 1190 ab
1001 1152 1066 1191 eo
1094 1137 1373 1190 materiam
1423 1148 1741 1208 occupatam
1771 1155 1890 1194 esse
1938 1141 2138 1206 dicent,
2185 1141 2249 1194 dit

2363 1145 2432 1212 γῇ
2467 1140 2528 1192 τὸ
2567 1141 2731 1211 ὔδωρ,
2768 1135 2834 1210 ἦν
2862 1139 2918 1191 δὲ
2949 1138 3176 1200 ἄτακτος
3220 1139 3252 1207 ὴ
3303 1135 3401 1207 ὕλη
3446 1136 3540 1189 καὶ
3592 1134 3883 1203 ἀκόσμητος,

704 1235 832 1280 cant
883 1227 984 1294 ipsi
1034 1242 1270 1297 quoque.
1326 1231 1777 1297 quemadmodum
1823 1246 1941 1284 eam
1977 1231 2249 1286 elaborare

2363 1232 2498 1303 πρὸς
2523 1232 2586 1301 δὴ
2613 1232 2821 1292 τούτοις
2866 1229 3060 1292 ἔχουσα
3108 1230 3202 1280 καὶ
3241 1227 3404 1289 κακά,
3453 1226 3544 1278 τὸν
3587 1225 3718 1278 Θεὸν
3747 1225 3883 1292 λέγειν
3949 1247 3969 1282 εΤ

705 1315 850 1371 Deus
881 1332 945 1372 ae
963 1318 1227 1386 perpolire
1250 1320 1504 1387 potuerit.
1528 1320 1803 1389 Siquidem
1837 1332 1930 1375 aut
1954 1337 2069 1377 sese
2094 1321 2249 1376 Deum

2363 1325 2572 1393 ἀνάγκη
2599 1323 2760 1374 τόπον
2797 1317 2934 1396 εἶναι
2971 1319 3078 1371 τῶν
3102 1320 3420 1390 ἀκοσμήτων
3449 1317 3541 1370 καὶ
3569 1315 3682 1369 τῶν
3715 1316 3879 1370 κακῶν.
3967 1345 3969 1371 ι

700 1410 987 1479 collegisse
1032 1425 1256 1464 necesse
1287 1412 1413 1476 erit,
1446 1413 1628 1482 itaque
1661 1423 1866 1482 partem
1904 1430 2021 1469 eam
2048 1415 2249 1469 confor-

2365 1417 2537 1487 Ὅπερ
2558 1416 2658 1468 οὐκ
2714 1413 2955 1483 εὔφημον
3003 1407 3138 1464 εἷναί
3193 1428 3280 1480 μοι
3326 1410 3487 1470 δοκεῖ,
3547 1408 3877 1476 ἐπισφαλὲςᾶ
3967 1431 3969 1440 ι

705 1517 1103 1571 masse,exqua
1137 1513 1469 1568 secesserat;
1506 1513 1618 1569 aut,
1659 1507 1800 1575 quod
1837 1507 1962 1570 loci,
2004 1507 2057 1559 in
2100 1523 2249 1575 quem

2365 1509 2583 1579 μᾶλλον.
2622 1505 2791 1576 ’Ύλην
2821 1505 2928 1577 γὰρ
2964 1500 3103 1556 εἶναι
3161 1502 3332 1564 θέλεις
3381 1500 3514 1571 (98),
3571 1501 3664 1552 ἵνα
3717 1501 3781 1570 μὴ
3802 1500 3873 1550 τῶν
3963 1525 3969 1576 ἐ

706 1594 999 1658 secederet,
1028 1591 1162 1646 nihil
1184 1594 1406 1648 omnino
1441 1607 1768 1663 superesset,
1792 1612 1915 1650 cum
1957 1599 2182 1651 materia
2205 1612 2249 1651 se

2361 1599 2542 1653 κακῶν
2572 1596 2795 1669 ποιητὴν
2846 1597 3004 1665 εἴπῃς
3056 1595 3145 1647 τὸν
3193 1593 3343 1657 Θεὸν,
3369 1593 3464 1645 καὶ
3504 1590 3668 1644 τοῦτο
3708 1591 3873 1658 φεύγειν

707 1681 882 1749 ipsum
918 1697 1025 1735 una
1054 1681 1440 1738 conformasse.
1474 1682 1591 1738 Jam
1620 1669 1767 1751 vero,
1816 1687 1860 1740 si
1901 1687 2174 1741 materiam
2206 1687 2249 1740 in

2363 1689 2806 1762 προαιρούμενος,
2856 1687 3056 1759 δοχεῖον
3102 1685 3261 1740 αὑτὸν
3297 1685 3403 1737 τῶν
3445 1683 3637 1737 κακῶν
3678 1679 3872 1736 εἶναιλέ-

703 1772 814 1825 l)eo
848 1787 966 1826 esse
993 1773 1373 1841 respondeant,
1401 1765 1746 1843 quaerendum
1795 1777 2042 1832 similiter
2075 1778 2249 1839 fuerit,

2361 1799 2496 1850 γεις.
2521 1783 2581 1834 Ei
2624 1781 2720 1851 μὲν
2745 1778 2835 1832 οὖν
2868 1779 2963 1848 τὴν
2993 1777 3120 1848 ὓλην
3152 1779 3215 1828 ὲκ
3231 1775 3337 1834 τῶν
3363 1776 3713 1828 ὑποστάντων
3731 1791 3868 1842 γεννη-

686 1852 880 1914 °utrum
914 1861 992 1914 sic
1045 1861 1202 1916 ineo
1252 1870 1520 1916 statuatur
1543 1906 1558 1928 ,
1592 1872 1651 1917 ut
1678 1881 1706 1917 a
1736 1867 1912 1934 seipso
1942 1869 2098 1934 quasi
2155 1867 2249 1919 dis-

2359 1842 2470 1925 τῶν
2504 1842 2748 1924 ὑπονοεῖν
2777 1842 3366 1938 ἀγέννητονῇὺπάρχειν
3406 1864 3610 1931 ἔλεγες,
3668 1863 3794 1915 πολὺν
3812 1863 3861 1913 ἂν

695 1952 923 2020 junctus
953 1952 1039 2005 ille
1069 1952 1477 2023 distractusque
1529 1955 1617 2016 sit,
1654 1957 1925 2024 quomodo
1954 1958 2029 2012 sic
2057 1958 2108 2010 in
2137 1974 2249 2018 acre

2363 1962 2485 2030 περὶ
2515 1960 2678 2029 αὐτῆς
2703 1956 3039 2027 ἐποιησάμην
3081 1955 3255 2024 λόγον,
3283 1957 3361 2016 εἰς
3389 1951 3664 2015 ἀπόδειξιν
3701 1952 3781 2014 τοῦ,
3799 1953 3852 2003 ὅτι

702 2043 1155 2095 totanimantium
1208 2059 1402 2112 genera
1450 2055 1752 2111 versantur,
1812 2056 1871 2100 ut
1923 2048 2060 2101 idem
2101 2051 2164 2104 ad
2195 2068 2249 2106 ea

2359 2049 2610 2104 άῦύνατον
2638 2048 2898 2117 ὑπάρξειν
2919 2047 3104 2117 αὐτὴν·
3135 2047 3255 2098 ἐπεὶ
3281 2046 3336 2097 δὲ
3369 2044 3464 2113 τὴν
3491 2044 3601 2096 τῶν
3626 2044 3784 2097 κακῶν
3803 2044 3856 2109 ’τέ-

700 2133 981 2200 capieuda,
1009 2149 1128 2201 qua:
1164 2133 1215 2186 in
1247 2133 1363 2202 ipso
1397 2134 1551 2198 fiunt,
1609 2137 1841 2204 aliquam
1873 2139 2102 2207 partium
2133 2157 2249 2196 sua-

2359 2159 2500 2195 νεσιν
2527 2140 2701 2193 αἰτίαν
2735 2139 2942 2209 ἔφησθα
2975 2135 3110 2192 εἶναι
3134 2137 3230 2207 τῆς
3258 2136 3509 2206 τοιαύτης
3540 2137 3790 2197 ὑπονοίας,
3805 2135 3864 2186 διὰ

702 2237 823 2276 rum
871 2223 1191 2276 divisionem
1237 2223 1473 2292 patiatur
1503 2241 1516 2276 :
1545 2241 1612 2278 an
1658 2229 1856 2294 potius,
1891 2239 2142 2298 tanquam
2201 2235 2249 2288 in

2356 2234 2496 2288 τοῦτ’
2522 2234 2612 2286 ἐπὶ
2639 2233 2738 2302 τὴν
2765 2233 3006 2298 ἐξέτασιν
3025 2230 3224 2283 τούτων
3251 2227 3464 2298 ἔχεσθαί
3505 2228 3618 2298 (99)
3647 2225 3863 2298 μοιδοκῶ.

700 2314 840 2378 loco,
875 2315 976 2368 hoc
997 2325 1097 2377 est,
1132 2323 1189 2366 ut
1219 2330 1364 2383 aqua
1385 2317 1437 2368 in
1476 2326 1616 2371 terra
1635 2319 1948 2374 collocatur.
1979 2321 2033 2375 Si
2069 2340 2249 2392 quem-

2355 2326 2589 2397 ⁶Ιιανεροίἷ
2619 2326 2727 2398 γάρ
2766 2325 3055 2395 γενομένου
3115 2323 3207 2376 τοῦ
3237 2326 3412 2394 λόγου,
3468 2324 3589 2378 καθ’
3611 2324 3671 2375 ὃν
3716 2323 3868 2393 τρόπον

701 2408 992 2459 admodum
1023 2407 1074 2458 in
1101 2421 1247 2471 aere,
1277 2406 1444 2461 Deum
1480 2408 1587 2477 jam
1621 2410 1900 2477 habemus,
1929 2414 2020 2482 qui
2059 2415 2111 2467 in
2135 2431 2249 2483 par-

2355 2418 2472 2469 ὲστὶ
2503 2417 2569 2470 τὰ
2590 2417 2751 2479 κακὰ,
2784 2418 2874 2468 καὶ
2901 2418 2981 2469 ὃτι
3001 2417 3098 2485 οὑχ
3118 2409 3226 2467 οἶόν
3264 2433 3321 2466 τε
3364 2417 3508 2469 ἐστὶν
3548 2415 3772 2467 ἀναίτιον
3790 2413 3868 2464 τῶν

699 2506 781 2552 tes
811 2497 1041 2552 distrahi
1075 2499 1354 2567 secarique
1386 2502 1575 2568 possit.
1615 2500 1709 2556 Sin
1765 2513 1822 2558 ut
1857 2521 1995 2574 aqua
2026 2507 2077 2558 in
2112 2515 2249 2561 terra

2356 2505 2538 2556 κακῶν
2563 2506 2732 2555 εἰπεῖν
2781 2502 2868 2554 τόν
2913 2503 3063 2565 Θεὸν,
3094 2505 3156 2555 ὲκ
3188 2502 3279 2555 τοῦ
3319 2502 3449 2573 ὓλην
3477 2503 3636 2555 αὑτὸν
3673 2500 3869 2554 ὑποτιθέ-

3931 869 3954 1212 \

3965 1577 3969 1848 Ι

696 2598 799 2652 est,
834 2590 1057 2642 materia
1094 2605 1219 2643 vero
1251 2598 1557 2659 perturbata
1590 2603 1751 2662 atque
1799 2597 2060 2666 indigesta
2115 2609 2250 2664 erat,

696 2682 940 2748 adeoque
973 2683 1112 2733 mala
1140 2682 1344 2749 gremio
1369 2699 1469 2736 suo
1491 2685 1831 2739 continebat:
1869 2700 2115 2757 superest
2139 2708 2254 2751 oru-

699 2770 851 2832 uiuo,
884 2778 941 2821 ut
969 2769 1142 2836 ipsum
1173 2785 1391 2839 quoque
1423 2771 1683 2836 Deum,ct
1711 2791 1886 2828 rerum
1920 2778 2252 2848 imperfecta-

697 2875 819 2913 rum
875 2868 927 2912 et
985 2863 1250 2913 malorum
1309 2862 1488 2915 sedem
1524 2879 1586 2917 ac
1622 2865 1797 2918 locum
1842 2883 1960 2921 esse
1988 2870 2247 2926 dicamus.

695 2950 848 3016 Quod
882 2952 1012 3004 mihi
1045 2951 1261 3019 quidem
1291 2969 1412 3007 cum
1437 2955 1620 3009 minus
1663 2957 1911 3024 religiose
1956 2961 2084 3021 dici,
2136 2971 2250 3014 tum

696 3046 794 3099 abs
839 3054 888 3100 te
942 3048 1298 3114 periculosius
1345 3051 1660 3115 responderi
1711 3053 2003 3108 videretur.
2042 3055 2250 3126 Quippe

668 3136 977 3188 'materiam
1028 3136 1170 3188 enim
1228 3153 1347 3192 esse
1400 3139 1502 3202 vis,
1539 3155 1605 3193 ne
1643 3143 1921 3195 .malorum
1976 3156 2244 3199 auctorem
2277 3170 2316 3224 (ς

696 3223 868 3278 Deum
887 3241 1007 3281 esse
1032 3227 1249 3282 fatearis
1280 3247 1293 3282 :
1327 3229 1464 3282 idem
1495 3239 1692 3294 tamen,
1741 3243 1799 3286 ut
1832 3235 1942 3289 hoe
1964 3237 2137 3304 ipsum
2165 3239 2246 3292 ef-

697 3317 893 3387 fugias,
918 3319 1183 3373 malorum
1217 3337 1338 3374 eum
1388 3325 1783 3391 receptaculum
1817 3342 2109 3397 agnoscere
2156 3347 2248 3386 c0-

697 3410 862 3479 geris.
882 3409 947 3464 Et
975 3426 1105 3464 sane
1139 3411 1180 3464 si
1212 3427 1277 3466 ex
1330 3428 1507 3466 rerum
1556 3416 1859 3482 genitarum
1921 3429 2042 3473 ortu
2090 3430 2249 3490 atque

696 3510 886 3554 natura
914 3501 965 3554 in
985 3516 1100 3553 eam
1138 3513 1189 3554 te
1223 3514 1452 3557 mentem
1498 3506 1786 3560 adductum
1831 3524 1952 3562 esse
1982 3510 2141 3579 339
2169 3512 2250 3565 di-

694 3607 868 3654 ceres,
900 3601 956 3644 ut
988 3601 1110 3645 ortu
1160 3608 1365 3661 carere
1397 3599 1676 3650 materiam
1737 3610 1986 3668 putares,
2024 3603 2095 3655 ita
2130 3619 2245 3656 rem

696 3683 894 3738 habere
954 3699 1058 3737 non
1106 3699 1308 3752 posse,
1360 3687 1605 3754 pluribus
1660 3692 1904 3758 equidem
1952 3693 2248 3747 rationibus

693 3768 1052 3822 ostenderem.
1072 3768 1225 3824 Nune
1251 3776 1504 3840 quoniam
1529 3778 1793 3831 malorum
1822 3782 2246 3849 procreationem

694 3859 833 3914 hanc
862 3862 956 3914 tibi
995 3864 1358 3932 suspicionem
1385 3869 1617 3922 movisse
1645 3871 1746 3935 ais,
1780 3873 2106 3941 singularem
2128 3890 2248 3942 pro-

692 3961 872 4021 pterea
907 3955 972 4007 de
1013 3955 1119 4009 illis
1147 3957 1569 4025 disputationem
1630 3962 2015 4017 instituendam
2043 3967 2244 4033 putavi.

692 4041 824 4098 Nam
850 4046 936 4099 ubi
959 4049 1123 4101 semel
1156 4050 1483 4104 intellectum
1517 4054 1637 4117 erit,
1671 4057 2122 4123 quemadmodum
2155 4075 2249 4110 ex-

693 4135 856 4190 istant
905 4139 1064 4204 mala,
1115 4156 1177 4194 ac
1233 4143 1392 4195 simul
1425 4145 1514 4211 qui
1563 4145 1730 4200 Deum
1785 4150 2005 4200 materia
2089 4165 2245 4203 usum

693 4244 812 4282 esse
844 4230 1006 4295 dicat,
1063 4233 1112 4286 ei
1161 4248 1379 4302 quoque
1437 4236 1604 4291 Deum
1659 4240 1922 4293 malorum
1971 4251 2244 4295 auctorem

698 4320 1000 4373 habendum
1049 4338 1169 4377 esse
1211 4329 1536 4394 constiterit,
1570 4340 1682 4384 tum
1721 4347 1827 4384 una
1883 4333 2246 4401 suspicionem

696 4412 851 4465 istam
884 4411 1122 4466 funditus
1154 4416 1424 4470 sublatum
1473 4421 1534 4472 iri
1565 4422 1836 4474 existimo.
1868 4421 1947 4475 Tu
1975 4440 2100 4492 ergo
2129 4440 2244 4476 ma-

2354 2613 2460 2656 ναι,
2488 2596 2583 2666 τὴν
2615 2594 2862 2663 τοιαύτην
2918 2595 3168 2647 ὑπόνοιαν
3225 2595 3558 2665 ἀναιρεῖσθαί
3603 2612 3692 2664 μοι
3739 2594 3865 2646 δοκεῖ.

2351 2686 2458 2754 Φῄς
2485 2685 2660 2736 τοίνυν
2689 2685 2872 2738 ἄποιον
2921 2683 3050 2752 ὕλην
3105 2685 3463 2754 συνυπάρχειν
3491 2683 3567 2752 τῷ
3588 2684 3720 2754 Θεῷ,
3753 2685 3798 2748 ἐξ

2351 2775 2503 2844 τήνδε
2524 2774 2616 2826 τοῦ
2649 2775 2852 2844 κόσμου
2890 2773 3099 2841 γένεσιν
3155 2774 3601 2845 ἐδημιούργησεν.
3634 2773 3775 2827 Οὑτω
3802 2789 3865 2841 μοι

2351 2865 2512 2916 δοκεῖ.
2548 2863 2753 2917 Οὐκοῦν
2791 2866 2840 2914 εἰ
2867 2863 3053 2926 ἄποιος
3096 2864 3384 2934 ἐτύγχανεν
3433 2867 3464 2933 ἡ
3493 2863 3613 2934 ύλη,
3649 2867 3809 2932 γέγονε
3825 2863 3865 2912 δὲ

2352 2956 2550 3025 κόσμος
2583 2955 2715 3024 πρὸς
2743 2953 2832 3006 τοῦ
2855 2954 3007 3019 Θεοῦ,
3034 2957 3091 3006 ὲν
3123 2955 3178 3006 δὲ
3206 2955 3283 3026 τῷ
3311 2957 3496 3024 κόσμῳ
3524 2957 3579 3007 αἱ
3609 2957 3859 3025 ποιότητες,

2351 3047 2456 3098 τῶν
2490 3049 2782 3115 ποιοτήτων
2831 3046 3048 3116 ποιότης
3103 3046 3177 3114 (1)
3213 3047 3427 3114 γέγονεν
3465 3047 3493 3097 ὁ
3535 3047 3685 3110 Θεός.
3724 3046 3855 3105 Οὕτως

2352 3137 2479 3206 ἔχει.
2519 3138 2666 3189 Ἐπεὶ
2700 3136 2753 3187 δέ
2779 3151 2868 3188 σου
2893 3138 2984 3188 καὶ
3002 3137 3244 3204 λέγοντος
3267 3134 3571 3206 ἔμπροσθεν
3592 3138 3786 3207 ἤκουον,
3802 3133 3850 3194 ὡς

2349 3228 2601 3281 ἀδύνατον
2625 3227 2682 3291 ἐξ
2706 3228 2802 3278 οὐκ
2828 3227 2992 3280 ὅντων
3029 3227 3264 3295 γίνεσθαί
3309 3243 3378 3291 τι,
3415 3226 3546 3297 πρὸς
3569 3229 3667 3298 τὴν
3700 3226 3854 3297 ἐρώτη-

2352 3336 2432 3371 σιν
2463 3307 2745 3391 ἀπόκριναι
2767 3319 2863 3388 τὴν
2888 3321 3042 3390 ὲμήν.
3085 3321 3267 3381 Δοκεῖς
3301 3320 3514 3388 μοι’τὰς
3573 3321 3665 3374 τοῦ
3704 3320 3861 3388 κόσμου

2349 3411 2632 3479 ποιότητας
2667 3411 2739 3481 μὴ
2794 3410 2853 3472 ἐξ
2887 3409 3255 3478 ὑποκειμένων
3289 3413 3582 3480 ποιοτήτων
3631 3409 3865 3480 γεγονέναι

2347 3501 2538 3562 δοκεῖν,
2585 3501 2768 3572 ἓτερον
2812 3501 2867 3554 δέ
2891 3519 2943 3552 τι
2973 3503 3121 3572 παρά
3173 3501 3269 3566 τὰς
3313 3503 3498 3567 οὐσίας
3527 3505 3775 3574 ὑπάρχειν
3795 3500 3867 3552 αύ-

2346 3593 2461 3654 τάς.
2487 3591 2670 3654 Οὕτως
2701 3591 2832 3661 ἔχει.
2858 3594 2917 3644 Ei
2950 3594 3044 3664 μὲν
3070 3589 3159 3646 οὖν
3185 3595 3254 3664 μὴ
3287 3594 3343 3660 ἐξ
3370 3596 3728 3665 ὑποκειμένων
3752 3607 3870 3644 ποιο-

2346 3683 2520 3750 τήτων
2589 3681 2682 3744 τὰς
2734 3683 3021 3754 ποιότητας
3054 3684 3480 3755 ἐδημιούργησεν
3517 3686 3545 3736 ό
3587 3683 3724 3744 Θεὸς,
3755 3683 3870 3751 μήτε

2348 3773 2531 3826 ἐκτῶν
2560 3774 2774 3834 οὐσιῶν.
2803 3775 2878 3844 τῷ
2909 3776 3038 3852 μηδὲ
3064 3776 3246 3838 οὐσίας
3303 3775 3470 3837 αὑτὰς
3512 3771 3640 3826 εἶναι
3702 3774 3763 3824 ἐκ
3809 3772 3871 3841 μὴ
3968 3823 3969 3842 1

2346 3862 2510 3914 όντων
2527 3864 2690 3927 αὑτὰς
2707 3865 2808 3917 ὑπὸ
2835 3865 2927 3918 τοῦ
2948 3865 3079 3917 Θεοῦ
3095 3865 3368 3933 γεγονέναι
3392 3865 3560 3915 εἰπεῖν
3585 3861 3868 3928 ἀναγκαῖον.

2352 3955 2505 4006 Ὅθεν
2537 3956 2798 4026 περιττῶς
2832 3957 3032 4020 ἐδόκεις
3060 3974 3147 4026 μοι
3168 3956 3363 4023 λέγειν·
3404 3953 3785 4021 συλλελόγισται
3809 3951 3871 4013 ὡς

2347 4046 2443 4098 ούκ
2468 4046 2721 4100 ἀδύνατον
2753 4049 2824 4117 (2)
2862 4045 2993 4100 εἶναι
3017 4047 3255 4113 δοξάζειν
3290 4046 3346 4110 ἐξ
3378 4047 3476 4097 οὑκ
3506 4041 3866 4110 ὸντωνγεγονέ-

2347 4155 2429 4189 ναι
2461 4155 2509 4189 τι
2556 4139 2688 4209 πρὸς
2720 4139 2810 4192 τοῦ
2863 4138 3014 4192 Θεοῦ.
3063 4138 3196 4189 Ἀλλ’
3245 4138 3272 4188 ὁ
3309 4136 3404 4205 μὲν
3457 4136 3532 4203 (5)
3565 4136 3687 4205 περὶ
3708 4133 3861 4186 τούτου

2347 4229 2500 4296 λόγος
2539 4223 2638 4282 ὧδε
2666 4232 2855 4300 ἐχέτω.
2900 4233 3008 4284 Καὶ
3043 4230 3150 4300 γὰρ
3183 4229 3308 4298 παρ’
3341 4231 3470 4297 ἡμῖν
3491 4228 3566 4298 (ό)
3598 4224 3857 4298 θεωροῦμεν

2347 4321 2659 4392 ἀνθρώπους
2692 4323 2750 4384 ἐξ
2778 4323 2876 4374 οὐκ
2901 4322 3067 4374 ὄντων
3091 4319 3370 4381 ποιοῦντας
3425 4335 3566 4384 τινα,
3610 4323 3656 4373 εί
3695 4318 3773 4371 καί
3793 4317 3861 4368 ὅτι

2352 4413 2578 4480 μάλιστα
2608 4413 2817 4464 δοκοῦσι
2851 4415 3020 4464 ποιεῖν
3074 4410 3130 4461 ἐν
3173 4426 3295 4471 τινι,
3323 4405 3430 4461 οἷον
3471 4411 3563 4463 ἐπὶ
3613 4412 3713 4463 τῶν
3737 4410 3868 4478 ἀρχι-

695 4505 884 4555 teriam
940 4504 1007 4556 ab
1045 4506 1193 4557 omni
1243 4509 1502 4575 qualitate
1555 4526 1804 4576 vacuam,
1858 4529 1920 4565 ex
1975 4530 2079 4582 qua
2112 4513 2248 4571 Deus

2349 4506 2608 4558 τεκτόνων
2636 4507 2693 4558 τὸ
2735 4507 3076 4576 παράδειγμα
3106 4502 3372 4572 λάϐωμεν.
3432 4504 3537 4555 Καὶ
3590 4503 3694 4574 γὰρ
3747 4497 3868 4554 οὗτοι

694 4595 955 4649 mundum
991 4595 1133 4648 hunc
1170 4601 1488 4665 procrearit,
1512 4617 1634 4654 cum
1667 4618 1731 4656 eo
1757 4604 1918 4658 simul
1968 4619 2087 4658 esse
2117 4621 2246 4658 con-

696 4687 892 4741 tendis.
931 4687 1005 4741 lta
1032 4689 1158 4742 mihi
1200 4690 1414 4758 quidem
1463 4692 1696 4747 videtur.
1750 4693 1886 4764 Ergo
1917 4695 1961 4748 si
2002 4695 2069 4748 ah
2098 4695 2244 4747 omni

696 4781 954 4847 qualitate
977 4798 1141 4836 vacua
1180 4784 1402 4837 materia
1449 4783 1570 4851 fuit,
1631 4798 1680 4840 et
1717 4795 2031 4856 procreatus
2074 4803 2104 4840 a
2138 4784 2245 4838 Deo

911 4934 1265 5011 -ξενομέτξων
1287 4937 1487 5011 -αὐτῷ,
1510 4936 1568 4990 L.
1595 4940 1888 5011 γινομένων
1923 4942 1981 4991 ἐν
2006 4939 2170 5011 αύτῷ,

769 5005 879 5078 (9_8)
911 5003 1088 5078 Ὕλην
1116 5007 1225 5073 γὰρ
1254 5003 1403 5060 εἶναι
1428 5003 1637 5073 θέλεις.
1671 5003 2056 5077 Disputatiouis
2087 5003 2247 5078 hujus

698 5074 862 5129 cardo
897 5075 1147 5150 postulat,
1171 5086 1227 5129 ut
1258 5078 1548 5147 ἀγέννητον
1583 5074 1877 5145 inseratur;
1905 5097 2132 5150 eamque
2157 5074 2250 5134 v0-

699 5160 814 5199 cem
849 5144 1094 5211 proxime
1127 5144 1508 5208 consequentia
1537 5150 1861 5202 desiderant.

771 5215 882 5287 (99)
937 5215 1232 5287 Ἔχεσθαι.
1289 5215 1602 5287 Corrigend.
1660 5235 1722 5271 ex
1783 5221 1936 5276 alter.
1995 5236 2241 5274 manusc.

699 5285 974 5359 ἔρχεσθαι,
997 5301 1158 5359 quam
1194 5285 1584 5359 lec_tiou.eiiam
1614 5289 1843 5345 Montac.
1877 5299 2243 5359 repraesentat.

799 5304 974 5347 εσυαι,
997 5304 1158 5346 quam
1194 5304 1584 5343 recuou.euam
1614 5304 1843 5345 moutac.
1877 5304 2243 5359 reprzcsentat.

763 5304 842 5430 fl)
880 5357 1192 5430 Ποιότητες
1219 5353 1334 5406 τῶν
1365 5359 1688 5430 ποιοτήτων
1724 5363 1980 5427 ποιότης.
2024 5360 2161 5430 Lege
2195 5370 2249 5417 ct

700 5425 986 5501 distingue,
1029 5427 1334 5501 ποιότητες,
1368 5425 1475 5478 τῶν
1505 5431 1798 5500 ποιοτήτων
1832 5425 2246 5501 ποιητής,ἐιιω

703 5496 795 5549 alt.
826 5511 1067 5548 manusc.
1279 5498 1281 5502 ⁴
1471 5548 1479 5557 ,

767 5563 842 5632 (9.)
881 5568 1341 5640 Συλλελόγισᾼται
1356 5566 1557 5640 ᾡςῄοὐκ
1580 5569 1748 5622 ἁδύν.
1773 5588 1827 5624 κ.
1845 5588 1895 5623 τ.
1918 5575 1962 5624 λ.
1985 5570 2246 5640 Corrupta

700 5635 802 5709 ista
822 5645 988 5709 sunt,
1010 5652 1106 5709 nec
1145 5638 1356 5709 saniora
1391 5638 1478 5709 illa
1530 5653 1822 5704 mauuscr.,
1853 5635 2247 5709 συλλελόγισται

700 5704 887 5783 ᾡςιοὺκ
935 5704 1188 5783 ἀδύνατον
1218 5708 1280 5783 εξ
1298 5709 1404 5783 pax
1436 5706 1598 5783 ὄντων
1619 5709 1942 5783 δημιουργὸν
1967 5711 2054 5764 τὸν
2082 5704 2246 5773 Θεὸν,

699 5773 953 5848 ἀδύνατον
996 5771 1126 5830 εἶναι
1167 5776 1374 5844 δοξάζ.,
1408 5789 1507 5833 etc.
1541 5771 1716 5833 Facile
1767 5771 1941 5838 tamen
1973 5771 2244 5837 emendari

2347 4597 2555 4649 ποιοῦσι
2580 4598 2760 4661 πόλεις
2783 4599 2880 4649 οὑκ
2906 4599 2967 4648 ὲκ
2996 4595 3217 4658 πόλεων,
3258 4595 3348 4649 καὶ
3383 4597 3542 4659 ναοὺς
3569 4597 3759 4666 ὁμοίως
3788 4592 3869 4643 οὐκ

2347 4689 2406 4740 ὲκ
2434 4690 2591 4741 ναῶν.
2623 4689 2750 4742 1318‘
2785 4691 2864 4742 ὃτι
2890 4687 3095 4750 τούτοις
3126 4688 3300 4740 ούσίαι
3349 4688 3680 4746 ὑπόκεινται,
3706 4684 3797 4737 eis:
3823 4680 3870 4744 ἐξ

2345 4779 2508 4832 ὅντων
2527 4781 2718 4843 αὐτοὺς
2740 4780 2909 4833 ταῦτα
2936 4781 3354 4852 ποιεῖνμσφάλλῃ
3376 4780 3453 4850 τῷ
3479 4780 3638 4848 λόγῳ·
3656 4776 3766 4829 οὐδὲ
3780 4772 3870 4843 γὰρ

2344 4966 2594 5092 ἓὲξςέἓηι,
2622 4958 2665 5010 si
2691 4959 2902 5029 legeris,
2934 4960 3006 5024 ὡς
3036 4960 3434 5029 συλλελόγισται
3468 4955 3719 5010 ἀδύνατον
3748 4951 3867 5006 είνσι

2507 5068 2542 5090 .,
2571 5038 2673 5081 CIC.
3856 5091 3861 5092 ,

2343 5027 2688 5102 δοξάζηται,
2757 5027 2767 5029 “
2850 5097 2862 5102 _
2965 5098 2992 5102 _
3196 5099 3206 5102 _
3267 5027 3275 5029 '
3675 5097 3688 5102 _
3855 5091 3864 5102 _

2412 5099 2487 5168 (5)
2540 5099 2690 5151 Ἀλλ’
2726 5102 2757 5151 ό
2787 5097 3246 5168 μένηϐοηοεεείο
3289 5111 3396 5151 non
3440 5105 3557 5164 est,
3598 5097 3690 5153 sed
3730 5097 3866 5166 quasi

2345 5169 2611 5222 transitio.

2526 5238 2630 5291 Καὶ
2665 5238 2771 5308 γὰρ
2801 5243 2935 5309 παρ’
2971 5241 3130 5309 ἡμῖν.
3179 5237 3472 5316 ξιὼῑίιίο-Ιια
3519 5246 3682 5316 sunt,
3719 5248 3865 5316 quam

2349 5309 2602 5362 solidiora
2625 5352 2638 5372 ,
2672 5307 2791 5378 Quae
2824 5307 3138 5378 sequuntur.
3182 5307 3290 5360 Nec
3335 5309 3476 5362 enim
3511 5308 3723 5378 ὑλώδεις
3760 5307 3863 5361 isti.

2346 5379 2603 5434 mundum
2643 5377 2709 5434 ei
2753 5382 2857 5434 alio
2888 5377 3123 5439 mundo,
3173 5378 3262 5431 sed
3311 5393 3374 5432 ex
3431 5379 3653 5434 materia
3684 5377 3865 5430 factum

2346 5450 2626 5513 volebant;
2673 5459 2725 5504 et
2769 5451 2937 5510 satis,
2979 5448 3205 5515 opinor,
3248 5447 3537 5512 vidissent,
3583 5457 3721 5502 artes
3761 5444 3867 5497 illas

2349 5519 2648 5588 singulares
2691 5536 2754 5574 ac
2788 5519 3052 5588 proprias,
3093 5532 3198 5571 non
3245 5518 3355 5587 jam
3385 5535 3451 5572 ex
3478 5519 3645 5573 nihilo
3670 5521 3867 5588 repente

2349 5582 2493 5666 pasci
2517 5631 2530 5654 ,
2577 5589 2670 5666 sed
2697 5582 2807 5666 acri
2831 5582 3029 5666 studio,
3056 5582 3349 5666 continenti
3379 5604 3504 5652 usu,
3539 5586 3773 5666 improbo
3798 5582 3867 5660 la-

2347 5658 2498 5724 bore,
2533 5675 2596 5714 ac
2625 5659 2881 5730 similium
2913 5657 3110 5714 artium
3134 5659 3434 5715 imitatione
3460 5657 3711 5730 paulatim
3735 5657 3867 5706 exci-

2347 5731 2447 5784 tari
2475 5746 2537 5786 ac
2563 5729 2759 5800 perﬁci.
