4020 6342
52 311 166 366 573
1314 321 1628 378 PREPAR.
1668 322 1919 382 EVANG.
1955 324 2086 384 LIB.
2125 325 2237 382 VII.
3210 333 3314 389 57l-

52 426 79 494 ἢ
115 427 312 482 οὐσία.
357 431 514 485 ἐστὶν
545 433 578 504 η
609 432 830 486 ποιοῦσα
855 433 950 506 τὴν
980 435 1149 500 πόλιν,
1184 437 1216 508 ἢ
1246 433 1309 490 αὖ
1338 441 1460 502 τοὺς
1493 441 1657 502 ναοὺς

1777 445 2008 494 mundus
2039 452 2147 506 est,
2170 449 2223 494 et
2258 441 2540 512 qualitates
2586 442 2637 495 in
2687 443 2885 498 mundo
2908 453 3050 510 sunt,
3092 446 3310 502 istarum

52 519 175 571 ἀλλ’
197 522 240 591 ἡ
275 539 362 575 πε
371 526 434 597 pl.
447 525 542 597 τὴν
561 526 744 578 οὐσίαν
759 527 935 597 τέχνη·
965 530 998 598 ἡ
1019 528 1074 581 δὲ
1089 529 1247 600 τέχνη
1269 525 1436 596 οὐκὲξ
1455 534 1657 585 ὑποκει-

1773 531 2013 602 profecto
2047 532 2363 601 qualitatum
2397 542 2585 586 auctor
2615 532 2754 588 Deus
2778 544 2878 591 est.
2909 534 3121 606 Utique.
3164 538 3312 606 Quo-

52 610 249 681 μένης
274 615 451 678 τινὸς
482 615 539 668 ἐν
574 617 691 678 ταῖς
734 616 941 679 οὐσίαις
977 617 1168 688 τέχνης
1196 617 1422 686 γίνεται,
1471 620 1586 673 ἀλλ’
1615 622 1657 686 ὲε

1760 624 1918 676 -ιιίαηι
1948 624 2111 694 igitur
2139 639 2203 677 ex
2237 633 2288 677 te
2322 624 2438 693 ipso
2466 625 2627 695 paulo
2652 638 2775 682 ante
2803 629 3104 696 audiebam,
3126 647 3193 686 ex
3235 634 3315 686 ni-

52 704 163 756 οὐκ
197 703 409 776 οὔσης
439 708 496 758 ὲν
519 707 706 769 αὐταῖς
725 707 952 776 γίνεται.
1001 709 1348 780 Ἀπαντήσειν
1383 711 1441 762 δέ
1469 729 1557 781 μοι
1582 712 1657 765 δο·

1774 715 1882 769 hilo
1904 715 2018 768 ﬁeri
2053 714 2190 768 nihil
2215 716 2435 768 omnino
2478 731 2659 784 posse,
2697 717 2801 773 hoc
2827 728 2879 773 tu
2925 721 3054 773 mihi
3099 737 3313 792 respon-

52 797 185 860 κείς
237 796 416 850 οὕτω
448 796 525 867 τῷ
549 797 708 868 λόγῳ,
733 799 814 851 ὅτι
839 799 869 849 ὁ
887 800 1132 870 τεχνίτης
1156 800 1215 866 ἐξ
1244 796 1310 873 ἦς
1339 801 1448 870 ἔχει
1477 803 1657 874 τέχνης

1770 805 1901 859 deas
1927 803 2107 857 velim.
2158 803 2467 868 Existimas,
2508 807 2559 858 ni
2591 804 2766 872 fallor,
2811 811 2995 863 mundi
3029 812 3311 880 qualitates

52 893 160 962 τὴν
201 894 272 945 ἐν
310 897 394 964 τῇ
421 894 576 966 οὐσίᾳ
601 895 791 964 τέχνην
812 899 971 948 ποιεῖ.
1007 895 1147 967 Πρὸς
1169 896 1225 948 δὲ
1245 896 1401 949 τοῦτο
1421 897 1657 965 λέγεσθαε

1771 912 1942 966 neque
1975 896 2233 964 subjectis
2258 913 2322 950 ex
2348 899 2693 966 qualitatibus
2716 900 2883 954 factas
2908 918 3046 969 esse,
3069 913 3308 959 ettamen

52 985 215 1038 τοῦτ’
251 980 325 1039 εὖ
361 988 510 1057 ἔχειν
535 1005 622 1058 μοι
650 987 810 1052 δοκεῖ,
841 989 922 1041 ὅτι
969 989 1087 1042 οὐδὲ
1117 992 1173 1042 ἐν
1195 989 1271 1059 τῷ
1318 990 1583 1061 ἀνθρώπῳ
1609 991 1657 1044 ἔ)

1769 1003 1799 1040 a
1821 988 2027 1042 naturis
2056 1003 2177 1041 esse
2206 988 2490 1042 distinctas
2539 992 2774 1044 omnino.
2821 991 2874 1046 Si
2916 1010 3041 1062 ergo
3077 997 3308 1064 qualita-

52 1093 217 1140 τινος
253 1077 643 1148 ὑποκειμένης
694 1078 885 1148 τέχνης
929 1079 1150 1146 γίνεται.
1186 1081 1258 1133 Οὐ
1306 1080 1412 1152 γὰρ
1466 1081 1657 1134 ἐνεστιι

1770 1087 1854 1132 tes
1883 1094 1912 1132 a
1942 1077 2069 1142 Deo,
2122 1094 2295 1146 neque
2328 1079 2590 1146 subjectis
2622 1097 2685 1134 ex
2721 1083 3085 1150 qualitatibus,
3139 1101 3311 1154 neque

55 1172 246 1242 αὐτὴν
273 1174 380 1243 ἐφ’
421 1173 613 1244 ἑαυτῆς
638 1169 799 1227 οὖσαν
831 1173 1008 1227 δοῦναι
1051 1176 1147 1244 τὴν
1189 1176 1394 1245 τέχνην·
1432 1175 1536 1228 τῶν
1561 1175 1657 1246 γὰρ

1772 1170 1938 1222 etiam
1963 1185 2027 1222 ex
2054 1170 2266 1222 naturis
2290 1170 2563 1237 productae
2591 1172 2740 1234 .sint,
2775 1174 2918 1242 quod
2952 1183 3154 1227 natura:
3202 1190 3308 1227 non

61 1263 531 1334 συμϐεϐηκότων
558 1266 692 1328 ἐστὶ,
734 1266 826 1318 καὶ
878 1266 982 1318 τῶν
1030 1267 1148 1320 τότε
1171 1267 1232 1319 τὺ
1277 1263 1412 1319 εἶναι
1456 1267 1657 1337 λαμϐα-

1766 1261 1895 1324 sint,
1923 1277 2015 1316 eas
2043 1277 2108 1314 ex
2147 1263 2317 1316 nihilo
2341 1275 2485 1316 certe
2516 1265 2730 1333 quidem
2751 1266 3039 1334 productas
3067 1282 3185 1320 esse
3214 1283 3308 1320 ne-

57 1353 308 1417 νόντων,
359 1355 563 1408 ὁπόταν
589 1356 644 1406 ὲν
673 1355 1125 1433 οὐσίαχίνωνται.
1178 1358 1235 1410 Ὀ
1271 1357 1367 1427 μὲν
1417 1357 1544 1428 γὰρ.
1572 1359 1657 1411 ἄν-

1764 1370 1916 1407 ccsse
1941 1364 2043 1408 est.
2074 1353 2272 1420 Quare,
2305 1353 2530 1420 frustra,
2576 1357 2785 1425 opinor,
2815 1359 2920 1411 tuis
2945 1361 3309 1425 id-argumen-

66 1444 308 1516 θρωπος
343 1447 444 1498 καὶ
475 1447 641 1517 χωρὶς
660 1446 761 1515 τῆς
786 1447 1222 1523 ἀρχιτεκτονικῆς
1252 1448 1472 1519 ἕσται-ἡ
1504 1448 1545 1502 δ’
1569 1447 1657 1500 οὐκ

1767 1444 1834 1498 tis
1861 1444 2106 1499 eﬁ'ectum
2135 1460 2255 1500 esse
2277 1445 2514 1512 dicebas,
2549 1449 2680 1500 nihil
2728 1459 2787 1500 ut
2839 1451 3058 1502 omnino
3081 1450 3220 1503 Deus
3241 1466 3308 1503 ex

70 1533 253 1596 ἕσται,
280 1536 393 1588 ἐὰν
416 1535 488 1608 μὴ
514 1535 769 1613 πρότερον
800 1538 1076 1609 ἄνθρωπος
1108 1534 1330 1612 ᾗ.”Οθεν
1355 1538 1451 1602 τὰς
1476 1539 1657 1608 τέχνας

1765 1536 1932 1590 nihilo
1964 1536 2170 1592 elﬁcere
2196 1539 2436 1608 potuisse
2463 1540 2787 1594 crederetur.
2820 1539 3137 1610 Quanquam
3167 1542 3310 1596 hunc

81 1621 141 1690 ἐξ
173 1624 274 1676 οὐκ
311 1624 495 1677 ὅντων
526 1627 603 1689 είς
632 1625 940 1698 ἀνθρώπους
966 1629 1260 1696 πεφυκέναι
1287 1629 1528 1697 γίνεσθαι
1580 1628 1657 1680 λέ-

1762 1628 1922 1680 etiam
1963 1628 2014 1681 in
2050 1629 2267 1682 modum
2298 1630 2396 1684 hac
2425 1631 2539 1699 ipsa
2562 1632 2629 1685 de
2669 1646 2725 1684 re
2753 1633 3025 1700 disputare
3056 1632 3194 1687 licet.
3228 1634 3310 1688 Ab

82 1730 196 1783 τειν
220 1717 558 1785 ἀναγκαῖον.
593 1718 652 1771 El
677 1719 850 1771 τοίνυν
903 1719 1059 1772 τοῦτο
1104 1719 1271 1783 οὕτως
1309 1719 1428 1789 ἕχον
1458 1721 1544 1772 ἐπ’
1571 1723 1663 1773 ἀν-

1765 1719 2070 1774 hominibus
2098 1720 2364 1774 interdum
2395 1721 2656 1785 videmus,
2707 1737 2772 1775 ex
2846 1738 2930 1784 eo,
2982 1724 3124 1791 quod
3179 1741 3308 1779 nus-

82 1809 328 1880 θρώπων
360 1810 662 1881 ἐδείξαμεν,
694 1809 808 1873 πῶς
849 1802 965 1880 οὐχὶ
1025 1811 1262 1880 προσῆκε
1302 1812 1390 1862 τὸν
1426 1810 1555 1863 Θεὸν
1583 1812 1656 1881 μὴ

1759 1825 1919 1876 quam
1949 1821 2056 1874 est,
2088 1811 2343 1864 nonnulla
2374 1812 2507 1875 ﬁeri,
2540 1822 2597 1864 ut
2624 1813 2674 1864 in
2709 1812 2815 1864 alio
2845 1813 3095 1880 quopiam
3127 1829 3309 1868 susce-

77 1902 243 1972 μόνον
275 1904 577 1973 ποιότητας
601 1904 659 1967 ἐξ
682 1903 780 1956 οὐκ
805 1905 966 1956 ὄντων
996 1904 1155 1973 φάναι
1181 1904 1434 1958 δύνασθαι
1465 1907 1654 1964 ποιεῖν,

75 1993 217 2046 ἀλλὰ
249 1995 353 2046 καί
382 1994 603 2058 οὐσίας;
632 1994 703 2046 Τὸ
740 1994 847 2064 γὰρ
875 1993 1095 2046 δυνατὸν
1150 1995 1381 2064 φανῆναι
1418 1994 1658 2063 γίνεσθαί

76 2102 128 2136 τι
187 2087 250 2151 ἐξ
287 2089 398 2140 οὐκ
448 2086 634 2149 ὅντων,
692 2086 752 2138 τὺ
805 2086 898 2138 καὶ
939 2084 1033 2149 τὰς
1076 2085 1261 2150 οὐσίας
1306 2077 1476 2149 οὕτως
1520 2086 1660 2156 ἔχειν

77 2178 390 2234 δείκνυται.

1762 1913 1909 1969 ptum
1934 1917 2071 1970 opus
2105 1901 2317 1956 efﬁcere
2379 1904 2612 1955 maxime
2642 1903 2939 1956 videantur.
2973 1901 3125 1967 Nam,
3160 1915 3216 1958 ut
3254 1905 3307 1958 in

1764 1993 2072 2047 architectis
2101 1994 2402 2064 exemplum
2428 2005 2748 2060 statuamus,
2782 1997 2939 2051 urbes
2974 1997 3042 2048 illi
3069 1997 3307 2065 quidem,

1767 2102 1872 2140 non
1894 2071 2069 2139 tamen
2089 2101 2152 2138 ex
2181 2085 2437 2151 urb'ibus;
2462 2089 2654 2156 templa
2682 2103 2914 2156 quoque,
2949 2103 3053 2141 non
3084 2105 3147 2142 ex
3176 2099 3310 2142 tem-

1769 2178 1870 2246 plis
1900 2177 2184 2238 :edjﬁcant.
2237 2176 2292 2230 Si
2340 2180 2480 2231 enim
2511 2178 2651 2247 quod
2710 2181 3022 2233 substantia:
3067 2183 3307 2248 quaedam

79 2271 148 2323 iis
181 2271 454 2342 subjecta:
482 2272 608 2334 sint,
633 2271 753 2325 illos
799 2269 999 2326 idcirco
1021 2285 1084 2325 ex
1118 2269 1183 2324 iis
1222 2285 1341 2340 qute
1361 2278 1485 2322 ante
1529 2269 1638 2337 jam
1687 2277 1888 2335 essent,
1925 2271 2026 2324 ista
2060 2270 2236 2324 moliri
2281 2271 2594 2338 existimes,
2664 2281 2813 2325 tuum
2849 2281 2899 2326 te
2945 2272 3076 2325 fallit
3149 2289 3307 2343 argu-

87 2377 364 2422 mentum.
397 2368 502 2423 Nec
529 2368 670 2422 enim
695 2367 958 2436 ejusmodi
988 2367 1310 2429 substantia,
1342 2366 1734 2428 velurbem,vel
1766 2367 2044 2435 templum,
2096 2365 2276 2432 eﬁicit,
2332 2367 2424 2420 sed
2465 2382 2526 2420 ea
2583 2375 2788 2420 tantum
2850 2381 2935 2420 ars
2997 2382 3116 2433 qutc
3164 2368 3306 2419 circa

85 2460 460 2516 substantiam
488 2471 750 2514 versatur.
780 2458 880 2513 Ars
932 2460 1032 2514 ista
1067 2476 1248 2528 porro,
1285 2472 1388 2512 non
1417 2459 1525 2528 jam
1575 2475 1641 2513 ex
1706 2459 1866 2512 simili
1916 2460 2146 2528 quodam
2165 2461 2293 2515 artis
2317 2476 2529 2529 genere,
2577 2460 2720 2526 quod
2777 2460 2843 2512 iis
2888 2459 3198 2512 substantiis
3230 2461 3308 2513 in-

89 2552 380 2620 cludatur,
411 2552 614 2616 existit,
664 2552 752 2608 sed
785 2567 851 2606 ex
887 2551 1029 2604 nulla
1086 2567 1306 2621 prorsus
1334 2561 1639 2619 antegressa
1705 2552 1756 2605 in
1785 2551 1887 2606 illis
1920 2561 2033 2605 arte
2085 2553 2376 2620 perﬁcitur.
2435 2554 2503 2604 At
2547 2553 2688 2605 enim
2724 2567 2997 2615 occurres,
3051 2550 3306 2605 artiﬁcem

83 2659 156 2699 ex
187 2660 257 2699 ea
275 2647 486 2700 demum
516 2661 622 2716 qua
658 2645 908 2714 praaditus
955 2654 1068 2698 arte
1108 2654 1213 2708 est,
1269 2655 1435 2698 artem
1494 2646 1544 2699 in
1601 2647 1916 2700 substantia:
1975 2645 2242 2715 geminam
2297 2645 2522 2699 edicere.
2562 2645 2721 2713 Atqui
2773 2662 2836 2698 ne
2871 2645 2921 2697 in
2958 2645 3071 2714 ipso
3093 2645 3306 2713 quidem

85 2737 349 2802 homine,
372 2755 431 2792 ex
459 2750 767 2809 antegressa
802 2738 1030 2809 quadam
1081 2751 1198 2794 arte
1241 2755 1329 2793 ars
1371 2739 1458 2791 illa
1521 2739 1814 2807 perlicitur.
1870 2737 1978 2792 Nec
2031 2739 2174 2792 enim
2248 2736 2328 2793 fas
2357 2747 2437 2791 est
2471 2748 2639 2791 artem
2671 2754 2789 2806 qua:
2832 2753 2923 2805 per
2973 2751 3029 2790 se
3079 2737 3191 2806 ipsa
3217 2737 3307 2802 sit,

91 2829 272 2883 ullam
311 2838 554 2899 statuere,
601 2847 723 2884 cum
777 2831 1137 2891 accidentium
1196 2833 1436 2901 adeoque
1473 2849 1648 2886 rerum
1683 2834 1894 2886 illarum
1952 2850 2016 2887 ex
2073 2849 2266 2902 genere
2336 2835 2423 2896 sit,
2480 2848 2597 2902 quae
2649 2843 2760 2885 tum
2815 2832 3042 2899 primum
3091 2832 3310 2886 alterius

85 2921 368 2976 beneﬁcio
424 2939 538 2978 esse
591 2924 871 2993 incipiunt,
933 2940 1054 2978 cum
1088 2926 1140 2978 in
1201 2926 1498 2981 substantia
1549 2927 1939 2996 producuntur.
2002 2925 2163 2996 340
2236 2925 2463 2988 Etenim,
2522 2934 2580 2978 ut
2626 2924 2980 2976 architectura
3033 2922 3174 2975 nulla
3218 2924 3306 2989 sit,

89 3014 267 3068 homo
294 3022 466 3070 tamen
488 3018 620 3083 erit;
656 3018 861 3082 eadem,
892 3019 934 3071 si
960 3034 1062 3071 non
1094 3021 1243 3087 prius
1283 3020 1444 3074 homo
1489 3022 1670 3082 fuerit,
1733 3036 1858 3074 esse
1881 3021 2025 3074 nulla
2053 3022 2264 3088 poterit.
2298 3019 2372 3072 Ita
2406 3017 2827 3072 concludendum
2880 3016 3181 3069 necessario
3205 3027 3306 3083 est,

91 3105 366 3173 ejusmodi
391 3110 584 3163 artium
613 3124 731 3165 esse
771 3119 1035 3175 naturam,
1066 3120 1124 3164 ut
1158 3111 1211 3165 in
1251 3112 1561 3166 hominibus
1583 3129 1647 3165 ex
1680 3129 1745 3165 eo
1770 3113 1912 3180 quod
1960 3129 2223 3181 nusquam
2266 3119 2367 3172 est,
2405 3111 2667 3162 oriantur.
2733 3106 2883 3172 Quod
2935 3108 2979 3160 si
3029 3123 3211 3160 verum
3255 3110 3308 3163 in

99 3189 406 3254 hominibus
449 3216 567 3256 esse
604 3201 959 3266 ostendimus,
990 3204 1348 3273 quisquamne
1371 3220 1532 3273 porro
1564 3219 1761 3272 negare
1782 3202 1995 3265 audeat,
2021 3219 2084 3256 ex
2111 3204 2278 3257 nihilo
2345 3202 2424 3254 vel
2485 3201 2789 3271 qualitates,
2840 3201 2920 3253 vel
2987 3201 3130 3269 ipsas
3175 3216 3310 3268 quo-

100 3305 205 3358 que
235 3284 562 3347 substantias
593 3310 623 3347 a
657 3294 764 3349 Deo
795 3295 906 3350 ﬁeri
964 3297 1156 3365 posse?
1189 3297 1322 3351 Nam
1359 3313 1478 3367 qua:
1510 3297 1646 3351 ratio
1694 3297 1806 3351 ﬁeri
1841 3298 2064 3349 omnino
2095 3298 2387 3367 quidquam
2425 3311 2489 3348 ex
2551 3295 2718 3349 nihilo
2769 3310 2927 3363 posse
2955 3296 3305 3360 demonstrat,

100 3383 284 3436 eadem
321 3384 373 3436 in
403 3384 716 3440 substantiis
745 3404 956 3457 quoque
972 3390 1147 3443 valere
1184 3391 1386 3446 debet-

173 3494 191 3525 ‹
236 3476 388 3527 Ἐπεὶ
413 3476 469 3528 δὲ
528 3476 685 3539 πόθος
736 3480 849 3530 ἐστί
903 3499 982 3532 σοι
1048 3483 1175 3552 περὶ
1226 3483 1322 3551 τῆς
1381 3483 1490 3535 τῶν
1554 3501 1652 3535 κα-
1687 3491 1727 3547 C,

108 3567 210 3619 κῶν
246 3569 512 3636 γενέσεως
538 3566 728 3636 ζητεῖν,
754 3573 843 3623 ἐπὶ
883 3573 972 3624 τὸν
1017 3574 1217 3626 τούτων
1254 3576 1536 3645 ἐλεύσομαι
1566 3576 1654 3626 λό-

104 3676 213 3725 γον.
248 3661 359 3714 Καί
389 3678 478 3712 σου
508 3661 704 3731 βραχέα
735 3662 995 3717 πυθέσθαι
1053 3665 1326 3733 βούλομαι.
1383 3666 1464 3718 Τὰ
1513 3666 1657 3718 κακὰ

107 3750 330 3822 πότερον
357 3752 527 3804 οὐσίαι
554 3770 632 3804 σοι
653 3753 894 3806 δοκοῦσιν
915 3750 1047 3805 εἶναι
1075 3755 1112 3823 ἢ
1139 3756 1417 3826 ποιότητες
1439 3757 1653 3820 οὐσιῶν;

103 3841 394 3911 Ποιότητας
424 3845 616 3897 οὐσιῶν
649 3841 705 3898 εὖ
736 3845 875 3915 ἔχειν
929 3845 1102 3913 λέγειν
1135 3863 1224 3914 μοι
1279 3845 1439 3899 δοκεῖ.
1507 3849 1571 3900 Ἡ
1599 3848 1654 3900 δὲ

110 3930 211 4002 ὕλη
237 3933 416 3997 ἄποιος
433 3930 494 4005 ἦν
521 3937 614 3988 καὶ
640 3936 1054 4006 ἀσχημάτιστος,
1095 3937 1234 3988 οὕτω
1266 3938 1548 4002 προλαϐὼν

107 4023 320 4086 ἐξεῖπον
340 4027 587 4097 τῷλόγῳ.
625 4030 830 4084 Οὐκοῦν
856 4032 901 4081 εἰ
925 4031 990 4081 τὰ
1010 4030 1151 4082 κακὰ
1175 4033 1452 4101 ποιότητες
1485 4034 1656 4103 ὑπάρ-

109 4130 292 4183 χουσιν
317 4117 522 4182 οὐσιῶν,
556 4121 587 4189 ή
622 4120 677 4172 δὲ
701 4120 797 4189 ὓλη
826 4121 1007 4181 ἄποιος
1025 4115 1110 4189 ἦν,
1138 4121 1244 4172 τῶν
1273 4121 1328 4171 δὲ
1363 4124 1655 4192 ποιοτήτων

113 4206 328 4274 ποιητὴν
356 4204 510 4273 εἶπας
538 4212 627 4264 τὸν
671 4211 800 4263 Θεὸν
833 4208 989 4274 εἶναι,
1023 4211 1171 4264 ἔσται
1219 4213 1438 4264 καὶτῶν
1471 4215 1654 4265 κακῶν

118 4292 423 4365 δημιουργὸς
450 4300 476 4350 ὁ
505 4299 652 4362 Θεός,
695 4303 817 4352 Ὅτε
854 4302 1025 4353 τοίνυν
1075 4302 1183 4353 οὐδ’
1223 4301 1392 4363 οὕτως
1421 4302 1654 4353 ἀναίτιον

118 4385 217 4436 τῶν
273 4387 454 4439 κακῶν
503 4391 673 4445 εἰπεῖν
705 4393 925 4445 δυνατὸν
969 4393 1057 4444 τὸν
1114 4393 1263 4455 Θεὸν,
1323 4392 1450 4461 ὓλην
1510 4392 1655 4465 αὐτῷ

116 4477 432 4548 προσάπτειν
461 4482 706 4550 περιττὸν
753 4481 889 4538 εἷναί
947 4503 1033 4555 μοι
1057 4486 1217 4537 δοκεῖ.
1254 4487 1315 4538 Εἰ
1349 4485 1404 4536 δέ
1435 4503 1487 4540 τι
1520 4486 1654 4556 πρὸς

110 4568 270 4622 ταῦτα
297 4570 471 4638 λέγειν
499 4570 658 4641 ἔχεις,
707 4574 870 4645 ἄρχου
903 4577 994 4630 τοῦ
1032 4579 1208 4646 λόγου.
1247 4579 1306 4630 Εἰ
1340 4577 1437 4648 μὲν
1469 4579 1531 4629 ἐκ
1564 4595 1652 4645 φι-

109 4658 366 4727 λονεικίας
395 4666 521 4735 ἡμῖν
577 4667 608 4735 ἡ
646 4665 867 4737 ζήτησις
897 4672 1124 4737 ἐγίνετο,
1173 4673 1272 4724 οὐκ
1299 4671 1363 4725 ἂν
1409 4669 1654 4741 δεύτερον

113 4755 358 4824 περὶτῶν
415 4757 598 4812 κακῶν
649 4759 830 4827 ἠξίουν
871 4762 1160 4831 ὁρίζεσθαιο
1217 4766 1338 4818 ἐπεὶ
1383 4765 1438 4817 δὲ
1477 4763 1653 4831 φιλίας

1839 3497 1856 3528 ι
1899 3477 1998 3531 Sed
2029 3479 2283 3546 quoniam
2314 3479 2379 3531 de
2423 3478 2682 3531 malorum
2714 3475 3082 3544 procreatione
3109 3475 3306 3546 aliquid

1757 3571 1943 3624 audire
1966 3570 2150 3638 gestis,
2184 3570 2236 3621 in
2260 3587 2376 3622 eam
2405 3569 2656 3636 deinceps
2680 3560 3097 3635 disputationem
3132 3570 3308 3638 ingre-

1755 3664 1888 3716 diar.
1917 3662 1992 3715 Ac
2024 3663 2252 3729 primum
2287 3677 2453 3729 pauca
2473 3677 2536 3713 ex
2571 3670 2619 3713 te
2648 3661 2910 3715 sciscitari
2948 3663 3091 3716 libet.
3119 3662 3304 3716 Utrum

1754 3767 1880 3820 ergo
1899 3751 2034 3804 mala
2062 3751 2411 3812 substantias,
2449 3766 2515 3802 an
2566 3750 2990 3803 substantiarum
3025 3751 3307 3818 qualitates

1754 3855 1871 3895 esse
1895 3840 2089 3909 putas?
2116 3838 2548 3893 Substantiarum
2578 3840 2890 3907 qualitates,
2922 3839 3117 3905 inquis.
3147 3838 3303 3906 Atqui

1756 3932 1978 3984 materia
2003 3943 2061 3984 ut
2088 3930 2364 4000 qualitate,
2403 3930 2479 3982 sic
2505 3929 2670 3995 ﬁgura
2705 3930 2849 3980 omni
2912 3927 3136 3995 spoliata
3159 3937 3302 3990 erat;

1757 4025 1856 4078 hoc
1882 4025 2023 4077 enim
2056 4024 2165 4092 jam
2201 4034 2323 4076 ante
2342 4023 2533 4090 positu,
2567 4022 2863 4072 institutam
2893 4020 3304 4086 disputationem

1755 4127 2070 4186 persecutus
2095 4131 2235 4168 sum.
2260 4115 2444 4183 lgittu',
2485 4112 2528 4165 si
2584 4120 2631 4162 et
2670 4111 3093 4163 subslantiarum
3129 4111 3304 4177 quali-

1757 4219 1890 4262 tates
1924 4209 2063 4259 mala
2087 4216 2230 4269 sunt,
2259 4215 2309 4257 ct
2346 4204 2563 4256 materia
2599 4203 2854 4270 qualitate
2883 4203 3026 4254 omni
3069 4204 3304 4261 carebat.

1755 4299 1919 4353 Deum
1947 4314 2109 4366 porro
2135 4298 2452 4366 qualitatum
2474 4305 2747 4348 auctorem
2773 4311 2891 4346 esse
2914 4295 3192 4350 confessus
3210 4311 3305 4362 es;

1753 4391 1854 4444 erit
1884 4391 2021 4443 idem
2049 4390 2313 4444 malorum
2373 4390 2532 4440 etiam
2581 4387 2927 4441 architectus.
2991 4382 3171 4455 Itaque
3200 4387 3307 4440 Deo

1755 4485 2035 4538 materiam
2096 4483 2388 4553 adjungere
2429 4497 2883 4550 supervacaneum
2921 4489 3022 4543 est,
3067 4496 3186 4533 cum
3243 4496 3307 4534 ne

1756 4577 1835 4630 sic
1873 4576 2087 4643 quidem
2129 4575 2394 4627 malorum
2437 4574 2804 4641 procreatione
2837 4573 3069 4624 solutum
3103 4580 3154 4623 et
3202 4571 3304 4623 im-

1753 4683 1968 4736 munem
2003 4665 2168 4717 Deum
2189 4664 2384 4717 habere
2414 4663 2608 4731 possis.
2632 4660 2732 4725 Tu,
2763 4662 2805 4715 si
2830 4661 2956 4729 quid
2986 4649 3147 4714 habes
3164 4663 3305 4729 quod

1755 4760 1882 4817 huic
1913 4765 2228 4827 argumento
2250 4754 2594 4822 respondeas,
2628 4753 2801 4821 incipe
2831 4770 2974 4807 vero.
3006 4752 3069 4806 Et
3091 4755 3305 4823 quidem

112 4845 264 4898 ’ἑνεκα
291 4848 504 4916 μᾶλλον,
534 4851 624 4904 καὶ
660 4853 756 4922 τῆς
810 4853 939 4922 πρὸς
963 4855 1052 4906 τὸν
1107 4857 1328 4927 πλησίον
1391 4855 1651 4923 ὡφελείας

1757 4852 1796 4904 si
1841 4846 2196 4904 contentionis
2217 4856 2270 4898 et
2300 4862 2490 4914 pugnae
2512 4847 2708 4908 studio,
2749 4846 2858 4899 haec
2885 4861 2914 4898 a
2951 4847 3104 4901 nobis
3127 4864 3306 4901 susce-

115 4935 200 5006 τὴν
225 4937 465 5000 ἐξέτασιν
525 4943 816 5014 ποιούμεθα
866 4944 973 4995 τῶν
1022 4947 1213 5014 λόγων,
1273 4949 1471 5002 ἄνωθεν
1526 4948 1653 5020 περὶ

111 5029 306 5081 τούτων
333 5031 602 5099 ὁρίζεσθαι
630 5035 762 5099 ἀξιῶ
797 5041 1108 5106 συγχωρεῖν.
1141 5039 1248 5108 Τὴν
1273 5041 1368 5108 μὲν
1401 5041 1656 5111 προαίρε-

117 5136 192 5174 σιν
214 5121 312 5190 τὴν
337 5123 473 5191 ὲμὴν
505 5126 566 5177 ὲκ
598 5127 788 5181 πολλοῦ
821 5147 899 5180 σοι
927 5129 1161 5197 φανερὰν
1193 5126 1328 5183 εἶναι
1377 5132 1534 5194 δοκῶ,
1561 5134 1653 5185 καὶ

115 5213 202 5284 τὴν
228 5215 284 5266 ὲν
323 5216 432 5276 τοῖς
478 5216 653 5283 λόγοις
700 5222 949 5291 σπουδὴν,
976 5204 1089 5273 ὅτι.
1114 5222 1173 5274 οὐ
1223 5224 1458 5288 πιθανῶς
1488 5226 1654 5279 εἰπὼν

117 5302 298 5373 ψεῦδος
329 5303 540 5371 νικῆσαι
570 5306 724 5372 θέλω,
777 5310 907 5363 ἀλλά
941 5310 1208 5380 δειχθῆναι
1241 5311 1337 5380 τὴν
1399 5314 1652 5383 ἀλήθειαν

121 5397 251 5464 μετὰ
283 5394 531 5464 ἀκριϐοῦς
556 5397 867 5462 ἐξετάσεως.
895 5401 1001 5453 Kal.
1028 5402 1085 5451 σὲ
1110 5402 1163 5452 δὲ
1188 5401 1327 5453 οὕτω
1354 5401 1650 5457 διακεῖσθαι

121 5481 297 5548 σαφῶς
325 5481 629 5552 ἐπίσταμαι.
661 5486 820 5539 Ὅθεν
851 5490 945 5558 οἴῳ
969 5491 1150 5560 τρόπῳ
1201 5490 1476 5560 χρώμενος
1505 5495 1652 5562 νομί-

120 5569 224 5643 ζεις
251 5571 497 5626 δύνασθαι
518 5575 582 5658 τὸ
603 5576 796 5646 ἀληθὲς
825 5580 1020 5649 εὑρεῖν,
1047 5583 1219 5651 τούτῳ
1262 5582 1456 5652 χρῆσαι
1490 5585 1650 5653 μηδὲν

1755 4953 1841 5012 pta
1861 4939 2151 5008 disputatio
2184 4936 2340 5001 foret,
2370 4940 2629 4992 malorum
2666 4938 2924 4991 rationem
2969 4939 3020 4994 in
3053 4941 3305 5007 quaestio-

1757 5051 1874 5088 nem
1900 5035 2088 5087 iterum
2115 5033 2292 5086 vocari
2332 5049 2435 5086 non
2491 5040 2718 5100 paterer.
2758 5030 2861 5084 Sed
2893 5033 3144 5100 quoniam
3168 5033 3302 5084 ami-

1755 5127 1881 5180 citia
1909 5125 2106 5193 potius,
2153 5133 2203 5177 et
2239 5124 2468 5193 proximi
2524 5123 2728 5175 utilitas
2761 5125 2812 5176 in
2868 5123 3172 5191 hujusmodi
3210 5138 3308 5175 nos

1757 5231 2056 5272 sermonem
2089 5215 2330 5278 adduxit,
2361 5229 2477 5283 age,
2533 5215 2673 5269 hanc
2721 5217 2784 5268 de
2819 5220 3022 5283 integro
3051 5216 3305 5284 qumslio-

1757 5327 1877 5363 nem
1913 5308 2212 5377 disceptare
2243 5309 2414 5361 liccat.
2443 5305 2701 5376 Equidem
2747 5323 2959 5360 sensum
2990 5309 3080 5360 tibi
3105 5323 3302 5369 meum,

1757 5401 1950 5472 quidve
1975 5401 2075 5454 hac
2104 5402 2155 5454 in
2197 5401 2557 5468 disputatione
2609 5417 2822 5467 sequar,
2860 5409 3043 5451 notum
3098 5401 3309 5454 abunde

1756 5495 1850 5548 tibi
1883 5503 1936 5546 et
1963 5493 2294 5561 exploratum
2323 5507 2443 5545 esse
2473 5509 2578 5546 non
2623 5492 2845 5544 dubito:
2882 5490 2983 5542 hoc
3039 5506 3121 5544 me
3152 5492 3308 5544 nimio

1757 5602 1874 5641 rum
1907 5601 2083 5661 agere.
2116 5601 2221 5639 non
2248 5593 2303 5636 ut
2326 5584 2704 5638 verisimilibus
2760 5582 3093 5650 argumentis
3115 5582 3305 5638 falsum

185 5771 263 5843 (5)
307 5771 461 5825 ῡῦτω
508 5780 829 5845 προλαϐών.
874 5780 1085 5838 Clarius
1136 5794 1315 5851 esset,
1361 5785 1497 5839 οὕτω
1549 5786 1652 5856 γὰρ

1757 5789 1912 5843 ialm.
1945 5788 2204 5842 (Luaterum
2242 5785 2343 5840 hoc
2377 5794 2748 5856 argumentum
2786 5784 2990 5838 ﬁrmius
3026 5791 3127 5840 est.
