3988 6340
662 524 672 534 υ
703 454 807 508 575

707 754 888 806 animo
943 768 1062 805 esse
1101 769 1323 821 prorsus
1367 755 1623 824 intelligo.
1661 754 1777 820 Qua
1825 764 1875 810 te
1908 771 2034 824 ergo
2065 757 2273 811 ratione

710 857 893 894 verum
930 842 1144 911 assequi
1180 858 1335 910 posse
1353 844 1656 907 arbitraris,
1688 860 1750 898 ea
1792 846 1886 899 tibi
1923 847 2085 901 libere
2113 856 2274 916 atque

709 934 936 1000 ingenue
959 935 1216 988 utendum
1249 945 1443 990 statue.
1484 936 1616 990 Nam
1640 938 1768 991 dum
1800 953 1885 1004 eo,
1905 941 2048 1009 quod
2081 941 2274 996 melius

707 1034 810 1086 est,
841 1025 1099 1086 abuteris.
1132 1043 1242 1080 rem
1274 1027 1459 1096 utique
1494 1043 1602 1082 non
1637 1030 1732 1082 tibi
1761 1029 1944 1095 modo,
1984 1033 2078 1086 sed
2112 1033 2272 1087 etiam

710 1116 866 1180 mihi,
899 1134 1057 1186 quem
1089 1119 1389 1187 ignorantia
1419 1120 1692 1184 liberabis,
1746 1124 2028 1192 perutilem
2061 1125 2272 1179 feceris.

709 1203 863 1259 Nunc
885 1207 1046 1276 igitur
1076 1209 1406 1262 substantias
1428 1211 1715 1278 quasdam,
1751 1213 1963 1282 opinor,
1988 1214 2128 1268 mala
2154 1230 2276 1271 esse

710 1298 883 1360 voles,
915 1299 1056 1367 quod
1076 1315 1160 1362 ea,
1192 1310 1547 1369 praeterquam
1578 1303 1628 1355 in
1654 1302 2274 1376 substantiis.nusquam

711 1391 933 1444 omnino
967 1390 1267 1446 videantur.
1299 1391 1460 1461 Ergo,
1489 1395 1626 1448 bone
1655 1395 1758 1459 vir,
1797 1411 1920 1449 cum
1947 1397 2278 1472 substantias

711 1483 851 1535 mala
872 1498 994 1536 esse
1023 1492 1200 1551 putes,
1219 1484 1466 1552 sequitur
1479 1484 1743 1554 profecto,
1764 1489 2159 1544 utexcutienda
2177 1505 2276 1544 no-

711 1574 796 1628 bis
817 1575 1134 1630 substantite
1168 1586 1360 1631 natura
1385 1578 1475 1632 sit.
1511 1579 1590 1632 An
1618 1589 1674 1631 tu
1700 1580 2058 1635 substantiam
2085 1596 2277 1651 corpo-

713 1681 819 1720 rea!
847 1668 1005 1721 molis
1018 1669 1538 1738 coagmentationem
1559 1671 1791 1740 aliquam
1817 1688 1938 1728 esse
1960 1675 2278 1730 arbitraris?

713 1757 868 1830 ³41
901 1759 1151 1814 Arbitror
1167 1776 1314 1817 vero.
1348 1761 1452 1817 lsta
1489 1778 1650 1830 porro
1672 1780 1930 1834 corporea
1960 1767 2130 1820 moles
2148 1783 2276 1821 num

715 1848 783 1900 ita
813 1848 1026 1901 exsistit
1057 1848 1168 1917 ipsa
1207 1865 1300 1918 per
1337 1865 1476 1914 sese,
1520 1850 1722 1905 nullius
1769 1862 1828 1904 ut
1868 1867 2022 1921 opem
2058 1853 2279 1906 omnino

710 1935 998 2000 desideret,
1031 1954 1095 1993 ac
1117 1954 1182 1993 eo
1213 1950 1473 2009 praesente
1507 1951 1618 1995 tum
1650 1956 1772 1997 esse
1817 1942 2085 2010 incipiat?
2116 1941 2274 1996 Pror-

2377 1946 2433 1996 ἐν
2455 1937 2496 2011 ᾧ
2517 1944 2776 2014 γενομένη
2797 1945 2855 1997 τὸ
2882 1940 3018 1996 εἶναι
3043 1943 3268 2014 λήψεται
3287 1961 3301 1974 ο
3330 1943 3396 1997 τά
3419 1944 3473 1996 δὲ
3501 1944 3646 1996 κακά
3669 1943 3875 2013 ἐνέργειαι

671 2089 673 2094 ι
712 2040 828 2080 sus.
880 2027 1020 2093 Quid
1051 2030 1073 2082 ?
1101 2028 1237 2082 Num
1292 2031 1387 2083 tibi
1434 2031 1573 2084 mala
1593 2034 1655 2089 .in
1687 2033 1899 2086 actione
1928 2034 2163 2102 quadam
2199 2035 2278 2088 vi-

710 2117 904 2172 dentur
932 2136 1052 2174 esse
1079 2122 1253 2190 posita
1283 2121 1305 2174 ?
1341 2120 1603 2177 Videntur
1626 2138 1776 2177 sane.
1817 2124 2071 2179 Actiones
2097 2135 2276 2178 autem

709 2225 843 2263 num
881 2226 1000 2266 esse
1028 2221 1157 2265 tunc
1183 2215 1423 2282 primum
1450 2214 1738 2282 incipiunt,
1782 2231 1904 2270 cum
1955 2216 2002 2270 is
2052 2218 2141 2286 qui
2170 2219 2278 2287 agit

714 2319 952 2372 praesens
974 2305 1213 2360 adfuerit
1237 2308 1258 2360 ?
1281 2306 1499 2376 Utique.
1531 2308 1626 2363 Sin
1649 2310 1741 2379 qui
1773 2319 1916 2379 aget,
1943 2311 2124 2366 nullus
2150 2314 2274 2379 erit,

712 2411 780 2450 ne
812 2397 862 2450 id
893 2398 1132 2466 quidem,
1160 2402 1301 2468 quod
1352 2401 1465 2470 ipse
1509 2412 1655 2471 agat.
1708 2418 1826 2458 esse
1855 2405 2054 2474 poterit
2091 2406 2113 2458 ?
2160 2403 2274 2460 Non

709 2489 923 2555 poterit.
956 2489 1094 2560 Ergo
1124 2493 1168 2545 si
1199 2502 1247 2546 et
1301 2494 1601 2548 substantia
1648 2510 1924 2564 corporeae
1970 2497 2129 2552 molis
2185 2513 2278 2552 co-

711 2583 1046 2651 agmentatio
1096 2585 1339 2653 quaedam
1371 2599 1470 2652 est,
1506 2602 1604 2641 nec
1634 2587 1797 2642 ullius
1816 2591 2154 2656 praesentiam
2188 2605 2274 2642 re-

709 2673 896 2739 quirit,
932 2679 982 2726 in
1011 2691 1119 2743 quo
1158 2687 1272 2729 sata
1305 2675 1574 2732 existendi
1622 2679 1728 2732 vim
1781 2681 2010 2750 accipiat
2046 2690 2274 2737 :contra

713 2780 842 2819 vero
874 2768 1016 2820 mala
1047 2769 1271 2823 alterius
1315 2770 1598 2840 cujusdam
1639 2773 1883 2828 actiones
1930 2781 2076 2835 sunt,
2103 2774 2272 2829 actio-

712 2873 809 2913 nes
840 2859 953 2913 istae
981 2875 1142 2926 porro
1191 2862 1422 2932 alicujus
1483 2865 1824 2931 praesentiain
1878 2867 2172 2934 postulant,
2220 2867 2272 2920 in

709 2965 818 3020 quo
842 2951 968 3004 dum
1029 2952 1342 3016 liunl,'lum
1390 2955 1653 3009 exsistere
1699 2957 1935 3024 primum
1988 2958 2272 3025 incipiuut,

709 3053 879 3098 restat
912 3042 1154 3112 profecto
1183 3054 1242 3098 ut
1265 3046 1564 3100 substantia
1599 3047 1735 3100 mala
1761 3063 1880 3101 esse
1909 3064 2014 3101 non
2045 3049 2271 3116 possint.

710 3132 863 3198 Quod
894 3139 938 3189 si
965 3151 1148 3189 verum
1178 3147 1280 3199 est,
1309 3138 1546 3206 itemque
1577 3139 1619 3190 si
1647 3140 1845 3191 malum
1882 3139 2054 3193 caedes
2075 3149 2176 3204 est,
2209 3155 2272 3193 ac

714 3223 936 3291 proinde
989 3227 1219 3294 alicujus
1275 3228 1460 3293 actio;
1519 3230 1693 3282 caedes
1749 3229 1910 3298 igitur
1965 3229 2266 3283 substantia

711 3332 832 3372 esse
857 3333 959 3370 non
991 3330 1184 3388 potest.
1213 3320 1334 3374 .Iam
1364 3323 1408 3376 si
1437 3339 1556 3392 quae
1589 3323 1780 3392 agendi
1824 3323 1930 3376 vim
1962 3324 2178 3384 habent,
2208 3338 2271 3378 ea

712 3410 1039 3465 substantias
1063 3427 1182 3465 esse
1207 3412 1309 3474 vis,
1340 3412 1512 3466 lateor
1548 3414 1596 3466 id
1625 3413 1842 3483 quidem
1877 3433 1888 3467 :
1932 3415 2091 3469 homo
2123 3416 2269 3468 enim

713 3504 872 3557 caedis
895 3504 1126 3573 alicujus
1152 3514 1362 3568 auctor,
1387 3515 1658 3573 quatenus
1691 3507 1854 3558 homo
1900 3515 2005 3568 est,
2031 3508 2276 3561 Sultstan-

717 3597 790 3649 tia
818 3596 1061 3664 quaedam
1093 3606 1178 3649 est
1214 3614 1226 3649 :
1263 3612 1382 3665 qua:
1410 3606 1589 3650 tamen
1650 3595 1823 3650 cmdes
1857 3596 1926 3650 ab
1955 3612 2020 3651 eo
2092 3599 2180 3661 lit,
2210 3614 2272 3651 ea

716 3703 821 3740 non
863 3688 1187 3753 substantia,
1217 3689 1310 3742 sed
1346 3688 1662 3742 substantiae
1693 3703 1830 3754 opus
1868 3697 1969 3742 est.
2008 3689 2272 3744 Caeterum

717 3778 991 3831 hominem
1042 3779 1327 3845 aliquando
1376 3781 1598 3843 malum,
1633 3779 1703 3834 ob
1731 3779 1928 3834 credent
1966 3780 2034 3832 ab
2065 3781 2154 3833 illo
2183 3797 2274 3850 pa-

715 3876 951 3932 tratam;
987 3869 1276 3936 aliquando
1331 3871 1532 3925 bonum
1585 3882 1803 3940 propter
1858 3871 2178 3926 beneﬁcium
2207 3873 2275 3926 ab

714 3962 902 4016 eodem
951 3961 1248 4027 profectum
1305 3963 1636 4031 appellamus
1676 3983 1688 4016 :
1750 3979 1870 4032 quae
1903 3964 2117 4026 noniiua
2155 3979 2276 4032 pro-

714 4069 831 4122 p'er
860 4069 922 4106 ea
957 4071 1077 4122 qua:
1104 4053 1418 4106 substantia:
1456 4054 1818 4122 contigerint,
1877 4055 1944 4107 ad
1983 4055 2150 4121 ipsam
2183 4058 2276 4108 ad-

717 4145 1018 4200 liaarescuut
1048 4145 1135 4199 illa
1187 4146 1428 4215 quidem,
1462 4146 1770 4199 substantia
1823 4155 2000 4198 tamen
2032 4146 2145 4212 ipsa
2172 4162 2274 4198 non

717 4247 861 4290 sunt.
910 4236 1019 4293 Nec
1071 4240 1216 4291 enim
1250 4248 1344 4292 aut
1387 4240 1559 4292 caedes
1612 4247 1706 4290 aut
1763 4237 2094 4291 a‘dullerium
2136 4277 2152 4295 .
2188 4248 2280 4291 aut

717 4327 861 4380 aliud
883 4331 1239 4401 quodcunque
1287 4333 1510 4394 malum,
1528 4330 1830 4385 substantia
1848 4339 1950 4382 est.
1975 4328 2076 4382 Sed
2089 4345 2278 4398 querit-

720 4419 1007 4472 admodum
1082 4434 1111 4470 a
1171 4421 1521 4488 grammatica
1579 4419 2038 4490 grammaticum,
2099 4420 2278 4474 retbu-

719 4526 831 4565 rem
900 4525 930 4563 a
990 4510 1276 4574 rhetorica,
1320 4527 1347 4562 a
1395 4512 1659 4564 medicina
1703 4511 1969 4564 medicum
2034 4513 2280 4564 nomina-

1339 452 1605 510 EUSEBII
1646 455 2128 512 CIESARlENSIS
2168 456 2315 512 ΟΡΡ.
2355 457 2530 511 PARS
2568 457 2630 511 ll.
2672 489 2741 500 —
2778 457 3274 514 APOLOGETICA.
3808 459 3890 512 576
3912 452 3948 514 Ι¹

704 579 1077 636 extorqueam,
1106 569 1198 622 sed
1237 581 1294 622 ut
1320 579 1570 624 accurata
1599 571 1982 640 disquisitione
2023 573 2265 628 illustra-

2374 573 2795 644 δυσωπούμενος.
2844 575 2918 628 Ού
2974 575 3084 646 γὰρ
3139 575 3358 629 σεαυτὸν
3415 569 3716 645 ὠφελήσεις
3745 576 3893 645 μόνον,

709 672 819 714 tum
855 669 907 713 et
942 661 1317 716 conﬁrmatum
1355 678 1539 716 verum
1596 665 1912 719 habeamus.
1942 664 2050 721 Nec
2084 667 2192 720 alio
2219 675 2270 720 te
2314 684 2315 687 ‘

2345 848 2515 900 ικακὰ
2553 849 2736 911 οὐσίας
2761 848 3022 919 ὑπάρχειν
3042 847 3208 909 τινάςο
3248 847 3367 900 οὐδὲ
3407 848 3514 917 γὰρ
3546 848 3703 910 ἐκτὸς
3740 849 3900 900 οὐσιῶν

2373 667 2711 736 χρησάμενος
2749 667 2826 737 τῷ
2871 668 3155 738 κρείττονι,
3191 668 3322 721 ἀλλὰ
3371 670 3584 730 πάντως
3617 669 3761 738 κάμέ
3801 672 3898 739 περὶ

2371 750 2444 809 ὧν
2468 758 2663 824 ἀγνοῶ.
2696 757 2883 824 Σαφῶς
2907 757 3242 828 παραστῆναί
3286 758 3360 827 (6)
3394 775 3482 827 μοι
3521 758 3698 822 δοκεῖς
3727 759 3814 810 καὶ
3854 757 3924 828 τὰς

2373 941 2515 996 αὑτέί
2537 941 2662 994 ὄντα
2686 941 2881 1011 βλέπω.
2931 942 3079 994 Ἐπεὶ
3103 940 3298 1003 τοίνυν,
3320 934 3363 992 ὦ
3392 936 3562 1004 οὗτος,
3583 941 3678 992 καὶ
3703 940 3768 992 τά
3787 941 3902 992 κακὰ

2372 1032 2554 1093 ούσίας
2568 1028 2702 1084 εἶναι
2717 1031 2909 1099 λέγεις,
2927 1031 3137 1100 ἀνάγκη
3152 1029 3239 1082 τὸν
3255 1028 3351 1098 τῆς
3366 1029 3546 1092 οὐσίας
3564 1029 3826 1093 ἐξετάζειν
3841 1029 3902 1079 λό-

2375 1136 2488 1188 γον.
2507 1121 2662 1171 Δοκεῖ
2684 1135 2763 1171 σοι
2779 1121 2876 1190 τὴν
2905 1119 3090 1173 οὐσίαν
3125 1120 3436 1188 σωματικήν
3451 1136 3570 1172 τινα
3585 1119 3830 1171 σύστασιν
3845 1115 3899 1169 εἴ-

2374 1228 2458 1265 ναι
2479 1229 2493 1277 ;
2511 1215 2682 1267 Δοκεῖ.
2722 1213 2784 1265 Ἦ
2803 1213 2859 1265 δὲ
2879 1213 3159 1283 σωματικὴ
3191 1213 3442 1275 σύστασις
3467 1212 3601 1283 αὐτὴ
3633 1213 3718 1280 ἐφ’
3739 1212 3898 1281 eam;

2377 1304 2606 1375 ὑπάρχει
2629 1305 2690 1356 οὑ
2711 1305 2933 1376 δεομένη
2971 1306 3136 1369 τινὸς,
3166 1298 3225 1357 οὗ
3254 1304 3543 1375 γενομένου
3568 1302 3628 1355 τὸ
3664 1297 3802 1355 εἶναι
3829 1301 3892 1370 λή-

2374 1396 2567 1465 ψε’ται;
2605 1397 2787 1460 Οὕτως
2821 1396 2948 1466 ἔχει.
2979 1400 3134 1450 Δοκεῖ
3173 1397 3230 1450 δέ
3259 1414 3339 1450 σοι
3372 1395 3438 1449 τὰ
3473 1395 3617 1449 κακὰ
3657 1397 3889 1466 tuamet;

2376 1483 2513 1540 εἷναί
2539 1503 2715 1552 τινος;
2749 1487 2903 1540 Ούτω
2932 1505 3020 1558 μοι
3044 1487 3308 1556 φαίνεται.
3336 1487 3401 1538 Αἱ
3428 1485 3481 1539 δέ
3516 1486 3785 1556 ἐνέργειαι
3814 1488 3885 1539 τάιε

2376 1578 2437 1629 τὸ
2473 1565 3050 1648 εἶναιλαμϐἁνουσιν,
3101 1575 3248 1630 ὁπότ’
3293 1576 3358 1629 ἂν
3403 1577 3430 1628 6
3459 1576 3697 1647 ἐνεργῶν
3743 1581 3882 1648 παρῇ

2379 1667 2562 1731 Οὕτως
2595 1667 2724 1737 ἔχει.
2761 1669 2875 1721 Οὐκ
2900 1667 3050 1730 ὄντος
3070 1667 3126 1720 δὲ
3147 1666 3240 1720 τοῦ
3264 1667 3635 1736 ἐνεργοῦντος,
3665 1667 3772 1719 οὐδ’
3793 1669 3892 1739 ὅπερ

2379 1761 2588 1830 ἐνεργεῖ
2625 1759 2774 1812 ἔσται
2819 1759 2946 1812 ποτέ
2969 1776 2983 1823 ;
3007 1761 3121 1813 Οὐκ
3165 1758 3333 1811 ἔσται.
3382 1757 3589 1812 Οὑκοῦν
3625 1760 3674 1811 εἰ
3711 1761 3742 1828 ἡ
3774 1759 3891 1810 οὐσία

2382 1853 2660 1923 σωματικὴ
2685 1870 2766 1915 τις
2790 1854 2905 1904 ἐστὶ
2939 1852 3211 1916 σύστασις,
3243 1852 3379 1921 αὔτη
3400 1851 3455 1904 δέ
3485 1853 3543 1904 οὐ
3570 1851 3736 1905 δεῖταί
3763 1870 3882 1914 τινες,
3941 1851 3948 1872 ⁷

2377 2031 2675 2109 ὑτιάρχουσί
2697 2053 2858 2100 τινος,
2893 2037 2948 2088 αἱ
2977 2036 3033 2088 δὲ
3060 2035 3326 2107 ἐνέργειαι
3352 2034 3558 2088 δέονταί
3595 2052 3765 2098 τινος,
3802 2029 3879 2099 ἐνῷ

2375 2128 2660 2198 γενόμεναι
2683 2127 2743 2179 τὸ
2763 2124 2900 2180 εἶναι
2927 2126 3291 2197 λαμϐάνουσιν
3311 2144 3324 2156 ·
3370 2128 3468 2179 οὐκ
3506 2126 3713 2179 ἔσονται
3749 2128 3887 2179 οὐσίαι

2375 2221 2442 2272 τὰ
2473 2219 2618 2272 κακά
2643 2219 2740 2288 (7).
2770 2220 2830 2272 El
2859 2218 2916 2272 δὲ
2935 2217 3112 2272 οὐσίαι
3133 2218 3198 2271 τὰ
3223 2217 3384 2280 κακὰ,
3414 2217 3584 2271 κακὸν
3615 2217 3670 2269 δὲ

2377 2311 2619 2382 ἐνέργεια
2644 2311 2876 2382 ὑπάρχει
2905 2309 3067 2373 τινὸς,
3093 2311 3191 2362 ούκ
3216 2309 3359 2362 ἐστιν
3381 2310 3485 2380 ἄρα
3513 2310 3664 2361 οὐσία
3687 2294 3720 2361 6
3744 2310 3891 2377 φόνος.

2376 2398 2438 2450 Εἰ
2466 2397 2521 2450 δέ
2548 2397 2614 2450 τὰ
2649 2397 2976 2468 ἐνεργοῦντα.
3024 2398 3208 2450 οὐσίαν
3246 2393 3386 2451 εἶναι
3438 2398 3642 2460 Θέλεις,
3679 2398 3896 2469 σύμφημι

2377 2487 2546 2557 κάγώ.
2595 2484 2718 2542 Οἷον
2767 2489 3051 2560 ἄνθρωπος
3083 2492 3111 2542 6
3149 2490 3341 2559 φονεὺς
3365 2528 3380 2552 ,
3417 2489 3533 2542 καθ’
3560 2489 3620 2541 ὃν
3650 2490 3736 2559 μὲν
3766 2490 3898 2555 λόγον

2375 2579 2656 2651 ἄνθρωπός
2691 2583 2835 2634 ἐστιν
2855 2621 2870 2647 ,
2905 2582 3137 2652 ὑπάρχει
3167 2582 3353 2634 οὐσία·
3378 2585 3406 2635 6
3428 2581 3504 2644 δὲ,
3549 2582 3608 2633 ὃν
3644 2584 3786 2639 ποιεῖ,
3824 2583 3897 2648 φό-

2375 2688 2482 2734 νος,
2507 2673 2606 2724 ούκ
2632 2671 2774 2726 ἔστιν
2799 2673 2974 2736 οὐσία,
3000 2674 3111 2726 ἀλλ’
3143 2672 3297 2744 ἔργον
3318 2675 3416 2744 τῆς
3453 2674 3658 2736 οὐσίας.
3689 2673 3898 2742 Δέγομεν

2374 2759 2430 2812 δέ
2457 2761 2545 2813 τὸν
2577 2761 2860 2832 ἄνθρωπον
2900 2762 3027 2815 ποτέ
3073 2763 3170 2832 μὲν
3202 2763 3396 2826 κακὸν,
3439 2763 3528 2817 διὰ
3560 2763 3622 2815 τὸ
3652 2762 3894 2831 φονεύειν,

2375 2852 2503 2928 ποτὲ
2547 2852 2592 2904 δ’
2644 2848 2710 2904 αὖ
2756 2851 2936 2914 πάλιν,
2972 2852 3064 2906 διὰ
3100 2853 3160 2905 τὸ
3193 2855 3531 2925 εὐεργετεῖν,
3576 2855 3790 2923 ἀγαθόν.
3813 2857 3895 2907 Καὶ

2375 2944 2774 3013 προσπλέκεται
2825 2944 2997 2996 ταῦτα
3037 2946 3105 2998 τὰ
3151 2945 3392 3018 ὀνόματα
3441 2951 3506 3018 τῇ
3536 2947 3692 3018 οὐσίᾳ
3734 2951 3789 2999 ἐκ
3817 2946 3892 2999 τῶν

2377 3032 2793 3102 συμϐεϐηκότων
2820 3035 2978 3106 αὐτῇ,
3011 3037 3164 3090 ἆτινα
3192 3038 3291 3091 οὐκ
3315 3037 3457 3091 ἔστιν
3478 3037 3639 3110 αὕτη.
3669 3038 3792 3094 Οὒτε
3814 3038 3886 3105 γὰρ

2375 3124 2529 3191 φόνος
2559 3127 2703 3178 ἐστὶν
2736 3128 2768 3196 ὴ
2794 3126 2970 3189 οὐσία,
2993 3127 3103 3179 οὔτ’
3131 3123 3197 3181 αὖ
3231 3129 3441 3196 πάλινή
3469 3129 3706 3199 μοιχεία,
3735 3127 3878 3181 οὗτετι

2373 3216 2478 3268 τῶν
2499 3217 2696 3287 ὁμοίων
2729 3219 2911 3272 κακῶν
2933 3237 2945 3248 ·
2977 3221 3090 3272 ἀλλ’
3119 3220 3305 3290 ῶσπερ
3337 3219 3444 3273 67:6
3486 3221 3583 3290 τῆς
3625 3237 3883 3292 γράμματι·

2374 3308 2473 3378 κῆς
2504 3311 2532 3360 6
2566 3310 2943 3380 γραμματικὸς
2985 3311 3217 3378 λέγεται,
3249 3311 3341 3363 καὶ
3369 3310 3474 3362 άπὸ
3497 3311 3599 3381 τῆς
3647 3311 3891 3388 ῥητορικῆς

2372 3403 2400 3452 6
2429 3403 2628 3473 ῥήτωρ,
2661 3403 2753 3454 καὶ
2783 3402 2889 3455 ἀπὸ
2916 3401 3013 3470 τῆς
3045 3400 3294 3473 ἰατρικῆς
3326 3405 3354 3454 6
3384 3402 3585 3473 ἰατρὸς,
3621 3405 3722 3473 τῆς
3749 3401 3896 3461 οὐσίας

2373 3493 2482 3546 οὔτ’
2512 3495 2757 3559 ἰατρικῆς
2777 3491 2961 3562 ούσης,
2986 3492 3107 3544 οὔτε
3131 3492 3233 3563 μὴν
3253 3494 3544 3564 ῥητορικῆς
3563 3534 3578 3558 ,
3612 3494 3733 3547 οὗτε
3757 3508 3900 3563 γραμ-

2377 3586 2628 3655 ματικῆς,
2645 3585 2758 3637 ἀλλ’
2776 3585 2881 3637 67:6
2904 3585 3011 3637 τῶν
3038 3583 3456 3655 συμϐεϐηκότων
3479 3587 3612 3656 αὐτῇ
3639 3585 3734 3655 τὴν
3761 3598 3903 3652 προσ-

2373 3675 2597 3744 ηγορίαν
2650 3673 3054 3745 λαμϐανούσης,
3103 3676 3192 3744 ἀφ’
3238 3669 3311 3728 ὧν
3347 3674 3522 3738 οὕτως
3578 3670 3906 3743 ὀνομάζεσθαι

2373 3768 2534 3828 δοκεῖ,
2559 3767 2669 3820 οὐδ’
2698 3766 2955 3837 ὁπότερον
2975 3769 3150 3821 αὐτῶν
3178 3765 3310 3823 οὖσα
3329 3786 3341 3798 ·
3369 3767 3569 3839 ὁμοίως
3616 3783 3700 3836 μοι
3737 3765 3906 3833 φαίνε-

2374 3877 2462 3912 ται
2499 3860 2591 3911 καὶ
2635 3859 2740 3912 ἀπὸ
2769 3859 2874 3912 τῶν
2904 3861 3200 3915 δοκούντων
3225 3858 3360 3915 εἶναι
3392 3859 3573 3913 κακῶν
3607 3859 3700 3928 τὴν
3735 3857 3908 3909 οὐσίαν

2375 3953 2544 4016 διημα
2583 3951 3049 4024 προσλαμϐάνειν,
3093 3954 3200 4006 οὐδ’
3240 3952 3496 4022 ὁπότερον
3536 3946 3694 4004 οὖσαν
3728 3949 3906 4001 αὐτῶν.

2378 4043 2486 4094 Καὶ
2514 4042 2601 4110 εοοὶ
2623 4043 2818 4112 ὁμοίως
2839 4044 3140 4113 ἐπινόησον,
3164 4041 3216 4094 εἴ
3232 4057 3350 4093 τινα
3369 4040 3551 4110 ἕτερον
3579 4031 3907 4096 ἀναπλάττεις

2378 4134 2435 4184 ἐν
2457 4133 2534 4202 τῷ
2560 4134 2634 4204 »ᾧ
2658 4135 2762 4186 τῶν
2790 4135 2970 4188 κακῶν
2994 4138 3103 4199 τοῖς
3131 4132 3435 4204 ἀνθρώποις
3475 4133 3645 4184 αἴτιον
3664 4171 3679 4193 ,
3715 4128 3780 4190 ὡς
3814 4129 3905 4179 κά-

2378 4231 2568 4290 κεῖνος,
2596 4227 2728 4280 καθὸ
2760 4230 2815 4280 ἐν
2847 4227 3054 4289 τούτοις
3089 4227 3298 4295 ἐνεργεῖ
3330 4227 3422 4276 καὶ
3450 4221 3731 4275 ὑποϐάλλει
3754 4221 3902 4272 ποιεῖν

2376 4318 2444 4372 τὰ
2477 4319 2638 4379 κακὰ,
2659 4321 2771 4372 ἐστὶ
2799 4319 2888 4373 καί
2910 4318 3070 4379 αὐτὸς
3095 4314 3262 4378 κακὸς
3287 4315 3345 4378 ἐξ
3377 4307 3450 4366 ὧν
3475 4317 3634 4366 ποιεῖ.
3656 4314 3748 4367 Διὰ
3768 4313 3906 4365 τοῦτο

2379 4412 2485 4484 γὰρ
2531 4415 2775 4476 κάκεῖνος
2820 4414 2986 4473 κακὸς
3027 4406 3160 4463 εἶναι
3206 4408 3441 4475 λέγεται,
3471 4409 3550 4460 ὅτι
3591 4408 3696 4462 τῶν
3743 4405 3908 4460 κακῶν

2379 4504 2496 4557 ἐστι
2529 4505 2754 4575 ποιητής
2774 4521 2786 4533 ο
2817 4504 2851 4557 ἃ
2877 4503 2932 4556 δέ
2955 4519 3036 4565 τις
3071 4503 3230 4562 ποιεῖ,
3265 4501 3362 4552 οὐκ
3407 4500 3550 4553 ἐστιν
3577 4501 3733 4562 αὐτὸς
3756 4539 3770 4559 ,
3813 4496 3907 4550 ἀλλ’

720 4617 862 4665 mus,
886 4615 1006 4653 cum
1039 4606 1214 4652 tamen
1247 4615 1418 4668 neque
1451 4601 1742 4664 medicina,
1772 4616 1946 4669 neque
1988 4602 2273 4666 rhetorica,

2378 4600 2434 4650 αί
2468 4597 2734 4667 ἐνέργειαι
2756 4593 2937 4656 αὑτοῦ,
2965 4592 3055 4660 ἀφ’
3089 4586 3164 4645 ὧν
3195 4591 3289 4662 τὴν
3313 4594 3680 4664 προσηγορίαν
3711 4590 3800 4643 τοῦ
3829 4606 3907 4639 κσ-

722 4706 898 4760 neque
940 4689 1290 4760 grammatica
1324 4689 1626 4743 Substautia
1658 4687 1765 4743 sit:
1815 4689 1905 4742 sed
1944 4699 2151 4743 tantum
2205 4706 2272 4745 ex

718 4781 786 4834 iis
809 4798 928 4850 quae
961 4783 1061 4836 sibi
1085 4782 1356 4843 eveniunt,
1384 4781 1521 4834 hanc
1556 4780 1858 4843 nominum,
1893 4796 2121 4849 quorum
2155 4780 2271 4848 ipsa

719 4872 922 4924 nullum
975 4881 1075 4934 est,
1125 4871 1436 4924 varietatem
1480 4871 1758 4926 sortiatur.
1815 4868 1904 4925 Sic
1939 4873 2005 4922 ab
2057 4870 2119 4923 iis
2155 4885 2274 4939 quae

721 4963 878 5032 vulgo
912 4965 1046 5015 mala
1098 4975 1422 5027 censentur,
1478 4964 1791 5018 substantiae
1842 4978 2037 5018 nomen
2071 4963 2272 5027 imponi

719 5069 918 5119 statuo,
951 5071 1180 5125 quorum
1206 5068 1382 5112 tamen
1409 5059 1521 5126 ipsa
1550 5058 1754 5110 nullum
1786 5068 1887 5110 est.
1920 5055 2152 5109 Perinde
2179 5069 2273 5108 au-

719 5160 824 5205 tem
855 5148 1220 5219 philosophari
1244 5150 1427 5213 debes,
1467 5160 1522 5205 ut
1554 5151 1718 5204 altum
1763 5150 2002 5219 aliquem
2040 5145 2272 5201 homini-

718 5244 816 5297 bus
839 5242 1105 5296 malorum
1149 5251 1424 5294 auctorem
1444 5242 1626 5296 animo
1649 5254 1700 5296 et
1722 5241 2046 5309 cogitatione
2077 5238 2268 5306 ﬁngas,

718 5349 950 5404 eumque
1001 5332 1250 5389 similiter
1284 5372 1298 5394 ,
1331 5343 1602 5400 quatenus
1633 5336 1684 5387 in
1720 5335 1851 5404 ipsis
1899 5332 2036 5388 male
2080 5329 2270 5400 agendi

721 5427 1037 5498 principium
1063 5437 1115 5480 et
1146 5439 1307 5479 causa
1344 5425 1587 5493 quaedam
1616 5437 1720 5492 est,
1749 5428 1820 5482 ob
1849 5429 1937 5481 illa
1967 5427 2082 5496 ipsa
2111 5464 2124 5488 ,
2155 5437 2275 5493 qua:

721 5517 847 5584 agit,
879 5520 1078 5572 malum
1125 5533 1266 5571 esse.
1308 5513 1442 5568 Nam
1475 5516 1649 5571 malus
1679 5520 1864 5589 utique
1887 5519 2109 5576 ,dicitur
2160 5516 2274 5585 ipse

792 5627 866 5702 (ﬁ)
899 5630 1297 5702 Παραστῆγαι.
1358 5626 1636 5702 υείιέιιὶυςΔ
1694 5628 2270 5702 Ῑιιετίιηπαραστῆσαι.

793 5699 866 5764 (7)
896 5696 1077 5752 Εϊδὲ
1123 5696 1321 5753 οὐσίαι
1368 5700 1438 5752 τὰ
1489 5696 1673 5762 κακά,
1703 5708 1806 5754 etc.
1857 5696 2109 5757 Mendosa
2147 5696 2274 5754 'haae

723 5779 881 5843 sunt;
928 5785 1046 5843 qua‘
1091 5772 1244 5843 facile
1276 5771 1351 5843 sie
1380 5771 1654 5834 emendes,
1682 5771 1742 5821 El
1786 5770 1841 5822 δέ
1886 5772 1958 5843 μὴ
2000 5771 2172 5824 οὐσίαι
2207 5770 2273 5821 τὰ

721 5840 882 5903 κακὰ,
912 5840 1073 5903 κακὸν
1103 5841 1158 5891 δέ
1183 5844 1210 5892 6
1235 5842 1406 5907 φόνος,
1442 5850 1543 5896 etc.

789 5909 858 5975 (8)
898 5910 1166 5963 Ἔσονται
1209 5913 1454 5967 τούτων.
1499 5909 1903 5978 Ἀσυλλόγιστος
1931 5913 2139 5968 videtur
2170 5912 2272 5968 ista

2376 4691 2468 4754 κὸς
2501 4689 2750 4758 λέγεσθαι
2781 4686 3060 4756 λαμϐάνει.
3088 4685 3147 4736 El
3178 4683 3282 4755 γὰρ
3303 4685 3461 4738 αὑτὸν
3487 4685 3742 4755 ὑπάρχειν
3759 4680 3913 4731 εἴποι-

2379 4799 2496 4850 μεν,
2525 4781 2560 4833 ἃ.
2587 4783 2747 4843 ποιεῖ,
2780 4781 2922 4830 ποιεῖ
2949 4777 3005 4829 δὲ
3034 4777 3223 4846 φόνους
3275 4779 3369 4830 καὶ
3400 4775 3659 4847 μοιχείας,
3684 4772 3775 4825 καὶ
3805 4770 3912 4821 κλο-

2377 4873 2502 4937 πὰς,
2529 4875 2617 4925 καὶ
2637 4874 2732 4924 ὅσα
2756 4872 2962 4934 τούτοις
2981 4872 3159 4940 ὅμοια,
3191 4872 3350 4935 αὐτός
3371 4873 3488 4922 ἐστι
3531 4866 3720 4921 ταῦτα.
3765 4865 3824 4918 Et
3865 4864 3910 4916 δὲ

2374 4963 2524 5018 ταῦτ’
2555 4964 2899 5027 ἐστιναὺτὸς,
2922 4963 3090 5016 ταῦτα
3116 4965 3156 5017 δ’
3190 4966 3276 5017 ὅτε
3311 4964 3518 5032 γίνεται
3541 4960 3638 5030 τὴν
3673 4958 3911 5011 σύστασιν

2376 5057 2506 5127 ἔχει,
2531 5057 2587 5108 οὑ
2615 5056 2868 5124 γινόμενα
2894 5055 2947 5107 δέ
2979 5058 3070 5109 καὶ
3094 5056 3184 5108 τοῦ
3221 5051 3358 5108 εἶναι
3413 5052 3640 5105 παύεται
3664 5089 3680 5113 ,
3715 5048 3912 5119 γίνεται

2373 5147 2618 5202 δὲταῦτα
2655 5148 2786 5218 πρὸς
2813 5147 3105 5219 ἀνθρώπων
3127 5166 3138 5177 ·
3172 5147 3380 5199 ἔσονται
3405 5142 3606 5197 τούτων
3637 5144 3711 5217 (8)
3739 5146 3787 5198 οἱ
3826 5144 3912 5201 ἄν·

2376 5242 2578 5313 θρωποι
2603 5241 2840 5310 ποιηταὶ,
2869 5241 3081 5294 καὶτοῦ
3115 5235 3246 5292 εἶναι
3291 5236 3382 5289 καὶ
3425 5236 3517 5290 τοῦ
3561 5238 3746 5309 μηκέτ’
3784 5233 3911 5290 εἶναι

2375 5335 2551 5387 αἴτιοι.
2591 5335 2648 5386 Εἰ
2669 5334 2724 5387 δὲ
2748 5333 2917 5388 ταῦτα
2945 5332 3217 5404 ἐνεργείας
3239 5328 3398 5381 αὐτοῦ
3425 5331 3550 5402 φῂς,
3581 5330 3640 5396 ἐξ
3665 5325 3735 5384 ὧν
3757 5331 3910 5389 ποιεῖ,

2373 5427 2433 5480 τὸ
2460 5427 2625 5491 κακὸς
2656 5423 2791 5480 εἶναι
2823 5427 2954 5497 ἔχει,
2981 5426 3077 5478 οὐκ
3105 5423 3162 5486 ἐξ
3191 5415 3264 5475 ὧν
3286 5423 3485 5496 ἐστινὴ
3523 5425 3694 5478 οὐσία.
3737 5422 3911 5475 Κακὺν

2373 5519 2427 5572 δέ
2447 5518 2667 5591 εἴπομεν
2696 5518 2946 5588 λέγεσθαι
2993 5515 3098 5567 ἀπὸ
3124 5514 3231 5567 τῶν
3269 5517 3686 5588 συμϐεϐηκότων
3724 5517 3785 5584 τῇ
3825 5515 3911 5580 οὐ·

2375 5635 2668 5690 conclusio.
2695 5629 3048 5686 Relerendum
3072 5630 3212 5684 enim
3244 5633 3424 5700 potius
3452 5630 3661 5695 fuisset,
3685 5626 3912 5682 hominis

2374 5721 2587 5776 qttoque
2657 5713 2941 5776 naturam,
2992 5716 3088 5768 pro
3153 5711 3297 5776 tanta
3351 5719 3528 5756 rerum
3576 5703 3807 5776 istarum
3865 5707 3914 5749 et

2376 5771 2647 5828 actionum
2703 5771 2997 5824 mutatione
3058 5773 3296 5832 mutari.
3347 5788 3466 5840 qua:
3506 5771 3588 5825 sui
3648 5776 3914 5838 tantopere

2375 5846 2670 5908 dissimilis,
2703 5857 2823 5898 esse
2851 5841 3008 5898 toties
3035 5851 3088 5898 et
3111 5843 3366 5913 inciperet
3400 5851 3451 5896 et
3473 5841 3748 5895 desineret.
