4022 6342
49 443 121 496 ’Π
1201 441 1518 497 ΡΒᾸΕΡΑΒ.
1560 442 1629 494 E‘

1727 441 1809 495 iG.
1857 439 1979 494 LIB.
2025 440 2134 494 VH.

3175 437 3276 495 573

52 559 130 625 ίᾳ,
172 555 361 611 ἅτινα
387 561 483 612 οὐκ
508 560 648 612 ἐστιν
686 561 717 630 ἡ
761 559 945 621 οὐσία,
974 553 1046 621 ὼς
1096 560 1202 611 ἀπὸ
1242 561 1338 630 τῆς
1373 559 1619 631 ἰατρικῆς

1727 573 1958 625 quoque,
1991 558 2131 625 quod
2169 556 2433 608 malorum
2460 566 2647 609 auctor
2682 556 2795 625 ipse
2827 556 2896 608 sit
2933 571 3091 623 ;qua:
3118 570 3278 623 porro

42 649 241 719 ιτρόν.
277 652 350 703 Εἰ
386 653 442 704 δὲ
469 652 526 714 ἐξ
561 646 634 704 ὧν
659 653 887 720 ἐνεργεῖ,
913 651 1082 722 ἀρχὴν
1112 651 1202 703 τοῦ
1237 648 1370 704 εἶναι
1413 651 1621 718 λαμϐά-

45 757 116 796 ;ι,
157 739 397 810 ἦρξα-το
423 743 667 804 κάκεῖνος
695 738 826 794 εἶναι
854 742 1040 804 κακὸς,
1065 741 1263 812 ἤρξατο
1279 742 1333 793 δὲ
1359 743 1450 794 καὶ
1470 743 1620 792 ταυτὶ

51 831 83 882 α
111 832 304 886 κακά.
348 834 412 884 Et
432 832 485 884 δὲ
512 832 680 895 οὕτως
704 833 837 902 ἔχει,
868 836 966 887 οὐκ
999 834 1144 886 ἔσται
1165 835 1410 904 ἀνάρχως
1432 834 1618 896 κακὸς,

172 919 472 992 ἀγέννητα
501 922 569 974 τὰ
592 923 756 985 κακὰ,
786 923 860 994 τῷ
883 925 1112 995 γεννητὰ
1143 925 1276 995 πρὸς
1301 925 1461 977 αὐτοῦ
1486 921 1621 978 εἶναι

42 1012 224 1078 ξάναι.
269 1011 392 1063 Τὸν
429 1013 523 1082 μὲν
550 1014 683 1083 πρὸς
717 1014 806 1066 τὸν
839 1015 1044 1084 ἓτερον,
1079 1009 1122 1066 ὦ
1150 1015 1288 1082 φίλε,
1319 1015 1470 1083 λόγον
1508 1019 1624 1069 ἱκα-

42 1100 129 1162 νῶς
168 1117 270 1168 μοι
299 1101 636 1171 πεποιῆσθαι
660 1102 860 1166 δοκεῖς·
889 1101 946 1167 ἐξ
970 1097 1044 1156 ὧν
1074 1103 1180 1173 γὰρ
1211 1104 1511 1174 προῦλαϐες
1549 1105 1623 1174 τῷ

45 1190 195 1261 ὀγῳ,
228 1193 304 1245 ἐκ
334 1192 542 1246 τούτων
573 1195 824 1261 συνάγειν
849 1193 1030 1258 ἔδοξας
1055 1195 1250 1258 καλῶς.
1295 1196 1378 1257 Ὠς
1413 1195 1623 1265 ἀληθῶς

42 1282 159 1349 γὰρ,
192 1282 244 1332 εί
306 1283 500 1345 ἄποιος
525 1283 816 1352 ἐτύγχανεν
849 1286 880 1354 ἡ
927 1282 1060 1354 ὕλη,
1095 1285 1200 1337 τῶν
1241 1286 1296 1337 δὲ
1329 1287 1623 1355 ποιοτήτων

42 1371 387 1440 Ξημιουργὸς
419 1375 648 1444 ὑπάρχει
675 1377 703 1426 ὁ
732 1375 862 1438 Θεὸς
883 1415 896 1437 ,
929 1379 1206 1446 ποιότητες
1253 1377 1308 1429 δὲ
1344 1377 1409 1429 τὰ
1446 1377 1588 1429 κακὰ
1609 1416 1621 1437 ,

40 1461 140 1513 τῶν
188 1462 400 1516 κακῶν
450 1467 563 1516 ἐστι
608 1468 832 1536 ποιητὴς
873 1469 900 1519 ὁ
936 1467 1085 1530 Θεός.
1141 1464 1306 1531 Οὗτος
1350 1470 1446 1538 μὲν
1476 1465 1566 1521 οὖν
1598 1472 1624 1521 ὁ

40 1549 194 1617 λόγος
224 1555 380 1622 πρὸς
408 1557 611 1608 ἐκεῖνον
650 1557 883 1626 εἰρήσθω
924 1557 1099 1620 καλῶς
1121 1576 1132 1588 ·
1180 1561 1300 1627 ἐμοὶ
1334 1559 1388 1610 δὲ
1433 1559 1625 1628 ψεῦδος

45 1644 188 1694 δοκεῖ
210 1644 319 1712 τὴν
346 1643 483 1716 ὓλην
508 1645 696 1698 ἄποιον
725 1643 856 1698 εἶναι
883 1646 1076 1714 λέγειν.
1105 1649 1238 1700 Οὐδὲ
1271 1650 1378 1719 γὰρ
1421 1650 1625 1702 ἔνεστιν

51 1735 218 1784 εἰπεῖν
245 1751 321 1786 πε
334 1736 392 1806 pi.
414 1736 722 1804 ἡστινοσοῦν
765 1733 935 1797 αἰτίας
955 1747 980 1774 ι
1023 1738 1096 1799 ὡς
1123 1736 1264 1788 ἔστιν
1291 1737 1502 1800 ἄποιος·
1532 1742 1624 1792 καὶ

55 1824 152 1892 γὰρ
184 1825 242 1875 ἐν
360 1824 550 1877 ἄποιον
579 1822 714 1878 εἶναι
743 1825 905 1892 λέγει,
931 1825 1026 1896 τὴν
1051 1827 1307 1896 ποιότητα
1334 1829 1498 1898 αὐτῆς
1520 1849 1621 1900 μη-

53 1911 194 1977 νύει,
236 1913 412 1966 ὁποία
449 1916 564 1967 ἐστὶ
694 1915 789 1986 ὓλη
827 1917 1273 1986 διαγραφόμενος,
1301 1917 1433 1988 ὅπερ
1478 1919 1622 1969 ἐστὶν
1655 1903 1696 1958 Β

54 2004 353 2074 ποιότητος
402 2001 554 2068 εἶδος.
593 2007 750 2059 Ὅθεν
793 2009 846 2059 εῐ
882 2025 959 2060 σοι
1010 2009 1160 2076 φίλον
1213 2009 1378 2067 ἐστὶν,
1424 2011 1624 2062 ἄνωθεν

54 2095 179 2164 ἔχου
216 2097 366 2166 πρὸς
399 2099 496 2167 ἐμὲ
522 2098 615 2150 τοῦ
640 2098 816 2166 λόγου.
865 2099 1017 2168 Ἐμοὶ
1045 2099 1212 2171 γὰρὴ
1245 2100 1340 2170 ὕλη
1380 2102 1626 2170 ανάρχως

56 2189 359 2260 ποιὰτητας
387 2189 525 2258 ἔχειν
551 2190 722 2242 δοκεῖ·
779 2190 918 2242 οὕτω
942 2190 1046 2260 γὰρ
1079 2192 1171 2243 καὶ
1196 2191 1263 2243 τὰ
1288 2193 1430 2244 κακὰ
1455 2195 1516 2245 ἐκ
1532 2195 1627 2262 τῆς

53 2280 368 2351 ἀπορῥοίας
401 2281 568 2348 αὐτῆς
599 2275 731 2333 εἶναι
757 2281 917 2348 λέγω,
959 2282 1044 2333 ἵνα
1084 2281 1192 2333 τῶν
1237 2282 1419 2333 κακῶν
1456 2285 1483 2334 ὁ
1529 2284 1627 2351 μὲν

55 2369 185 2431 Θεὸς
237 2369 484 2430 ἀναίτιος
526 2364 598 2440 ᾖ,
631 2367 831 2419 τούτων
862 2367 917 2418 δὲ
939 2379 943 2382 ·
967 2367 1217 2419 ἁπάντων
1245 2369 1276 2436 ἡ
1313 2366 1408 2435 ὕλη
1458 2367 1622 2419 αἰτία.

59 2461 166 2529 Τὴν
207 2461 310 2528 μὲν
334 2458 636 2528 προθυμίαν
664 2457 760 2529 τὴν
793 2457 886 2528 σὴν
919 2459 1268 2527 ἀποδέχομαι,
1303 2452 1347 2509 ὦ
1376 2458 1513 2524 φίλε,
1535 2458 1628 2509 καὶ

61 2551 151 2601 σοῦ
181 2551 284 2620 τὴν
318 2552 376 2602 ἐν
405 2551 512 2611 τοῖς
538 2547 712 2615 λόγοις
732 2547 961 2618 σπουδὴν
991 2547 1213 2600 ἐπαινῶ.
1252 2547 1497 2616 Προοῆκε
1521 2546 1627 2614 γὰρ

59 2641 134 2699 ὡς
164 2641 386 2710 ἀληθῶς
413 2642 640 2692 ’ἑκαστον
671 2638 778 2692 τῶν
802 2639 1110 2708 φιλομαθῶν
1158 2639 1232 2708 μὴ
1286 2625 1466 2700 ἁπλῶς
1486 2678 1499 2699 ,
1535 2637 1627 2688 καὶ
1661 2654 1666 2660 ·

65 2731 141 2793 ὼς
188 2732 345 2801 ἔτυχε
407 2730 892 2798 συγκατατίθεσθαι
944 2733 1054 2792 τοῖς
1111 2729 1460 2799 λεγομένοις,
1515 2729 1626 2782 ἀλλ’

65 2820 275 2893 ἀκριῦῆ
305 2823 571 2875 ποιεῖσθαι
595 2822 691 2892 τὴν
724 2821 962 2887 ἐξέτασιν
991 2821 1095 2873 τῶν
1125 2821 1316 2888 λόγων.
1356 2821 1486 2872 Οὐδὲ
1523 2821 1628 2891 γὰρ

63 2915 111 2965 εἰ
138 2915 167 2964 ὁ
199 2913 535 2984 προσζητῶν,
563 2913 866 2982 παράλογον
893 2914 1211 2982 ὁρισάμενος
1247 2913 1495 2980 ἀφορμὴν
1531 2912 1625 2980 (9),

68 3001 323 3069 παρέσχε
354 2998 430 3069 τῷ
461 2999 954 3070 προσδιαλεγομένῳ
1004 2998 1255 3064 συνάγειν
1308 2996 1383 3058 ὼς
1435 2996 1624 3055 ἐθέλει,

65 3090 229 3142 τοῦτο
262 3091 353 3142 καὶ
383 3091 468 3142 τὸν
497 3088 768 3160 ἀκροατὴν
801 3087 1006 3140 πείσει’
1032 3086 1145 3138 ἀλλ’
1172 3084 1225 3136 εί
1253 3101 1304 3134 τι
1336 3084 1445 3153 (l0)
1487 3084 1629 3135 δοκεί

68 3180 294 3232 δυνατὸν
330 3178 462 3234 εἶναι
495 3180 741 3251 λέγεσθαι
771 3177 966 3240 καλῶς,
994 3176 1149 3228 τοῦτο
1184 3173 1349 3237 λέξει·
1391 3175 1514 3243 παρ’
1553 3169 1626 3226 ὧν

71 3270 220 3324 δυᾶν
254 3271 470 3342 θάτερον
515 3273 691 3326 ἔσται’
743 3271 776 3340 ἢ
822 3269 926 3340 γὰρ
960 3268 1092 3338 πρὸς
1119 3267 1145 3318 ὃ
1180 3264 1441 3318 κινεῖσθαι
1486 3265 1630 3316 δοκεί

78 3360 312 3424 ἀκούσας
342 3361 522 3414 τέλεον
549 3361 974 3431 ὠφεληθήσεται,
999 3359 1030 3429 ἢ
1067 3357 1154 3410 τὸν
1177 3355 1628 3426 προσδιαλεγόμε-

75 3468 166 3503 νον
193 3451 394 3519 ἐλέγξει
423 3453 481 3503 οὐ
513 3452 713 3522 τάληθῆ
741 3452 980 3518 λέγοντα.
1009 3450 1080 3501 Οὐ
1103 3448 1274 3508 δοκεῖς
1301 3447 1356 3499 δέ
1382 3463 1467 3515 μοι
1490 3447 1630 3498 δεόν-

77 3557 181 3605 τως
205 3545 487 3614 εἰρηκέναι
513 3544 606 3612 τὴν
631 3542 758 3613 ὓλην
789 3542 990 3596 ἄνωθεν
1024 3541 1310 3608 ποιότητας
1351 3539 1510 3607 ἔχειν.
1569 3539 1628 3589 Ei

84 3635 183 3707 γὰρ
227 3635 377 3689 τοῦθ’
415 3634 582 3697 οὕτως
626 3634 731 3704 ἔχει
753 3673 766 3695 ,
808 3633 948 3710 τίνος
969 3633 1116 3683 ἕσται
1152 3629 1375 3700 ποιητὴς
1403 3633 1429 3682 ὁ
1455 3629 1584 3690 Θεός
1613 3645 1626 3692 ;

81 3726 184 3779 εἴτε
210 3727 319 3798 γὰρ
351 3726 538 3789 οὐσίας
584 3725 808 3796 ἐροῦμεν
829 3764 843 3786 ,
891 3713 1133 3793 προεῖναι
1178 3721 1379 3784 ταύτας
1417 3722 1592 3792 φαμέν
1613 3739 1625 3751 ’

80 3818 176 3869 εἶτ’
209 3817 274 3872 αὖ
304 3820 461 3873 πάλιν
489 3819 790 3889 ποιότητας,
826 3818 917 3869 καὶ
944 3815 1142 3877 ταύτας
1177 3815 1460 3884 ὑπάρχειν.
1487 3817 1628 3867 Οὐκ-

79 3907 174 3960 οῦν
205 3911 384 3972 οὐσίας
413 3927 470 3962 τε
513 3907 676 3979 οὔσης
706 3907 1165 3975 καὶ-ποιοτήτων,
1208 3905 1453 3974 περιττὸν
1493 3901 1628 3958 εἷναί

86 4014 178 4067 μοι
211 3999 350 4051 δοκεῖ
380 3999 698 4069 δημιουργὸν
719 3999 894 4066 λέγειν
921 3996 1009 4048 τὸν
1035 3995 1188 4052 Θεὸν,
1215 3996 1330 4047 Ἵνα
1353 3995 1408 4048 δὲ
1434 3996 1526 4048 καὶ
1556 3996 1627 4064 μὴ

83 4091 501 4154 κατασκευάζειν
526 4091 644 4143 τινὰ
673 4090 804 4153 δόξω
836 4089 1007 4156 λόγον,
1031 4087 1317 4157 ἀπόκριναι
1362 4085 1454 4139 νῦν
1496 4089 1630 4155 ἐρω-

86 4177 343 4248 τώμενος,
374 4180 471 4233 τίνι
504 4181 687 4249 τρόπῳ
713 4179 1030 4250 δημιουργὸν
1065 4172 1200 4229 εἶναι
1226 4179 1328 4247 φῂς
1357 4177 1442 4228 τὸν
1469 4177 1626 4240 Θεόν;

89 4268 315 4342 Πότερον
343 4273 420 4324 ὅτι
450 4272 546 4335 τὰς
574 4271 758 4333 οὐσίας
789 4270 1007 4341 ἔτρεψεν
1041 4271 1118 4330 είς
1148 4269 1206 4320 τὸ
1243 4267 1432 4338 μηκέθ’
1463 4268 1630 4337 ὑπάρ-

96 4377 202 4429 χειν
226 4364 452 4425 ὲκείνας,
479 4363 642 4432 αἴπερ
671 4358 808 4432 ἦσάν
835 4379 980 4424 ποτε,
1017 4361 1128 4413 ἀλλ’
1152 4359 1337 4427 ἐτέρας
1370 4358 1495 4427 παρ’
1535 4358 1628 4408 αὑ-

95 4451 188 4514 τὰς
215 4451 474 4520 γενέσθαι,
501 4451 534 4520 ἢ
559 4453 636 4503 ὅτι
670 4452 764 4513 τὰς
785 4452 878 4520 μὲν
908 4451 1090 4512 οὐσίας
1119 4445 1375 4516 ἐφύλαξεν
1398 4448 1626 4509 ὲκείνας,

1724 647 1844 714 quis
1884 648 2012 715 agit,
2050 662 2111 698 ea
2156 663 2260 698 nou
2287 645 2399 713 jam
2458 648 2605 712 ipse,
2634 647 2724 698 sed
2757 646 2923 712 ipsius
2951 653 3159 696 tantum
3190 659 3279 695 ae-

1723 739 1894 790 tiones
1917 737 2159 804 qmedam
2188 747 2332 797 sunt,
2359 736 2500 788 unde
2529 736 2865 788 malinomen
2903 733 3279 806 haurit.3&.2

1723 828 2009 883 Enimvero
2059 830 2102 882 si
2125 844 2243 897 qua:
2272 845 2298 879 a
2323 843 2534 897 quoque
2557 828 2710 889 tiuut,
2736 827 2922 880 eadem
2953 825 3123 893 ipsum
3161 842 3280 880 esse

1722 919 2043 978 diceremus,
2074 935 2196 972 cum
2238 920 2429 982 caules,
2475 919 2762 982 adulteria,
2795 919 2933 972 furta
2960 918 3176 987 aliaque
3226 919 3277 972 id

1723 1023 1892 1078 genus
1947 1009 2150 1062 scelera
2183 1010 2250 1063 ab
2301 1010 2479 1078 aliquo
2525 1020 2904 1078 patrarentur,
2934 1009 3047 1062 hare
3097 1009 3278 1064 omnia

1724 1102 1880 1154 simul
1914 1117 2054 1154 unus
2086 1101 2335 1168 idemque
2364 1100 2521 1154 foret.
2558 1100 2830 1172 Ejusmodi
2864 1117 3025 1168 porro
3061 1102 3102 1151 si
3137 1101 3276 1154 erit:

1723 1209 1844 1246 cum
1878 1192 2060 1246 isthtec
2106 1191 2285 1245 omnia
2325 1199 2434 1242 tum
2483 1194 2718 1245 existant
2778 1193 2937 1244 modo
2971 1208 3090 1244 cum
3124 1192 3278 1254 tiuut,

1723 1297 1785 1334 ac
1837 1281 1996 1333 simul
2031 1295 2150 1334 esse
2176 1280 2426 1334 desinant
2457 1318 2472 1338 .
2511 1295 2632 1332 cum
2666 1280 2780 1334 ﬁeri
2832 1281 3106 1343 desinunt,
3152 1280 3282 1334 ﬁant

1723 1381 1898 1424 autem
1932 1373 1999 1423 ab
2033 1370 2344 1423 hominibus
2378 1385 2390 1421 :
2463 1371 2709 1423 homines
2757 1381 2901 1424 certe
2940 1373 3154 1440 quidem
3178 1411 3192 1433 ,
3224 1379 3282 1424 ut

1722 1477 1906 1515 eorum
1944 1463 2195 1524 artilices,
2231 1463 2308 1514 sic
2352 1471 2404 1514 et
2434 1461 2784 1530 quamobrem
2827 1461 2913 1514 i.la
2943 1464 3101 1516 modo
3151 1461 3279 1525 sint,

1725 1554 1884 1607 modo
1912 1570 2014 1607 non
2048 1555 2173 1618 sint,
2203 1569 2381 1606 causa;-
2408 1553 2621 1620 ipsimet
2664 1564 2837 1606 erunt.
2878 1553 3030 1617 Quod
3066 1554 3110 1605 si
3138 1553 3282 1621 ejus-

1725 1645 1842 1696 dem
1883 1644 2122 1696 actioues
2157 1683 2172 1709 ,
2219 1641 2320 1695 ista
2353 1658 2473 1696 esst:
2506 1643 2758 1696 concedis
2792 1661 2806 1706 ;
2842 1657 2906 1695 ex
2938 1643 3002 1696 iis
3051 1652 3279 1708 tantum,

1725 1751 1841 1802 qua:
1869 1734 2076 1792 fect'rit.
2129 1751 2235 1786 non
2268 1751 2334 1787 ex
2379 1735 2444 1786 iis
2477 1734 2675 1802 quibus
2706 1734 3003 1786 substantia
3047 1742 3279 1790 constat.

1727 1825 1772 1878 is
1797 1825 1973 1888 habet,
2002 1836 2056 1877 ut
2085 1825 2258 1876 malus
2292 1825 2380 1877 sit.
2413 1823 2534 1875 Mali
2568 1823 2711 1875 enim
2748 1823 3180 1890 appellationem,
3215 1839 3282 1877 cx

1726 1913 1791 1967 iis
1821 1931 1939 1982 quae
1971 1915 2286 1968 substantiae.
2318 1915 2662 1982 contingunt,
2709 1929 2936 1980 quisque
2979 1915 3280 1968 substantia

1725 2005 1836 2074 ipsa
1864 2021 1970 2058 non
2002 2018 2147 2067 sunt,
2177 2007 2467 2074 petendum
2499 2020 2620 2056 esse
2645 2004 2902 2064 diximus,
2927 2005 3282 2072 quemadmo-

1725 2097 1852 2149 dum
1886 2112 1915 2149 a
1943 2096 2207 2150 medicina
2234 2095 2500 2148 medicum
2533 2097 2893 2148 nominamus.
2938 2093 3092 2148 Nune
3130 2111 3280 2160 vero,

1726 2188 1768 2242 si
1803 2204 1899 2257 pro
1930 2204 2112 2241 rerum
2165 2203 2286 2256 qua:
2308 2189 2375 2239 ab
2402 2203 2466 2240 eo
2506 2187 2660 2248 tiuut,
2713 2187 3041 2250 conditione,
3085 2189 3283 2242 cuicui-

1727 2282 1870 2333 modi
1921 2295 2041 2333 esse
2067 2279 2297 2347 primum
2329 2279 2552 2346 incipiat
2584 2298 2595 2330 :
2647 2261 2785 2330 idem
2818 2295 3038 2346 quoque
3089 2294 3282 2332 manus

1726 2383 1847 2422 esse
1868 2368 2050 2435 cmpit,
2082 2369 2302 2434 ipsaque
2321 2367 2454 2418 adeo
2482 2366 2621 2420 mala
2645 2367 2804 2420 simul
2833 2383 2950 2420 esse
2976 2377 3278 2436 cmperunt.

1729 2462 1780 2516 Id
1802 2463 1942 2531 quod
1965 2464 2006 2516 si
2030 2477 2213 2515 verum
2241 2470 2342 2524 est,
2369 2476 2539 2529 neque
2562 2477 2754 2514 manus
2782 2463 2994 2514 malitia:
3011 2478 3121 2515 sua:
3137 2463 3281 2530 prin-

1727 2554 1888 2621 cipio,
1923 2568 2096 2620 neque
2133 2552 2271 2604 mala
2301 2552 2413 2618 ipsa
2471 2560 2592 2602 ortu
2621 2552 2900 2613 carebunt,
2931 2567 3051 2604 cum
3089 2550 3156 2603 ab
3190 2550 3281 2604 illo

1729 2645 1963 2713 profecta
1982 2659 2099 2696 esse
2117 2643 2385 2696 dicantur.
2408 2642 2666 2695 Praeclare
2691 2651 2744 2694 tu
2767 2643 2981 2710 quidem
3003 2651 3055 2694 ct
3072 2643 3283 2696 abunde

1727 2735 2024 2803 superioris
2073 2734 2346 2801 opinionis
2379 2748 2653 2794 errorem,
2689 2747 2721 2784 ο
2754 2734 2946 2797 amice,
2985 2741 3089 2785 tam
3127 2733 3281 2786 lucu-

1727 2825 1866 2877 lenta
1897 2824 2262 2892 disputatione
2280 2822 2568 2875 confutasti
2596 2837 2610 2872 :
2639 2836 2702 2874 ex
2735 2822 2800 2875 iis
2825 2824 2993 2885 enim,
3023 2833 3284 2890 quae-ante

1727 2931 1989 2986 posueras
2017 2955 2032 2976 ,
2087 2915 2300 2984 egregie
2336 2913 2580 2966 confecta
2617 2928 2701 2966 res
2752 2924 2852 2966 est.
2889 2912 3200 2976 Enimvero,
3237 2915 3282 2968 si

1726 3008 1986 3076 qualitate
2015 3007 2163 3060 omni
2198 3007 2422 3074 spoliata
2459 3005 2678 3057 materia
2725 3015 2840 3057 erat
2879 3025 2890 3057 :
2950 3006 3299 3074 proindeque.

1729 3097 1772 3150 si
1803 3108 1856 3150 et
1885 3098 2206 3166 qualitatum
2233 3106 2424 3149 auctor
2455 3095 2592 3148 Deus
2619 3103 2731 3158 est,
2767 3105 2818 3150 et
2853 3096 3139 3165 qualitates
3170 3098 3285 3150 istae

1732 3187 1871 3239 mala
1905 3197 2052 3252 sunt,
2119 3185 2285 3239 Deum
2338 3187 2496 3254 plane
2526 3186 2792 3239 malorum
2844 3195 3119 3240 auctorem
3164 3201 3286 3240 esse

1733 3278 2102 3344 consequitur.
2135 3276 2314 3341 Quare
2341 3275 2484 3345 quod
2516 3277 2749 3343 priorem
2785 3275 2927 3328 illam
2955 3276 3279 3328 sententiam

1732 3369 1941 3431 attinet,
1980 3368 2047 3421 ab
2077 3383 2138 3420 ea
2169 3382 2286 3419 sum
2316 3377 2404 3419 tua
2435 3367 2537 3420 hac
2571 3367 2779 3418 ratione
2815 3365 3096 3419 deductus.
3132 3365 3280 3419 Esto.

1732 3457 1887 3512 Nunc
1923 3468 2098 3512 autem
2134 3458 2330 3511 falsum
2367 3459 2495 3511 illud
2547 3458 2678 3511 mihi
2712 3459 2944 3519 videtur,
3003 3458 3281 3512 materiam

1730 3551 2076 3622 qualitatibus
2133 3567 2354 3604 vacuam
2389 3551 2574 3604 fuisse.
2610 3549 2741 3602 Nam
2799 3552 3100 3604 substantia
3137 3553 3282 3606 nulla

1729 3643 1986 3711 qualitate
2033 3642 2178 3694 omni
2214 3657 2398 3695 carere
2431 3641 2537 3694 dici
2588 3650 2762 3708 potest
2799 3661 2808 3694 :
2872 3658 2995 3695 cum
3031 3658 3096 3696 eo
3142 3643 3282 3712 ipso,

1729 3747 1838 3800 quo
1885 3733 2165 3785 materiam
2199 3734 2321 3801 quis
2345 3733 2493 3785 omni
2525 3733 2783 3800 qualitate
2831 3735 3113 3801 Spoliatam
3164 3749 3286 3787 esse

1729 3823 1948 3886 diceret,
1986 3824 2257 3890 propriam
2293 3823 2411 3890 ejus
2436 3824 2750 3890 qualitatem
2785 3824 3087 3887 indicaret,
3131 3822 3282 3885 dum,

1728 3915 1902 3982 qualis
1935 3915 2157 3967 materia
2190 3917 2280 3975 sit,
2313 3915 2627 3981 explicaret,
2661 3914 2807 3981 quod
2870 3914 3043 3982 ipsum
3101 3915 3285 3980 utique

1730 4002 2013 4069 singularis
2069 4003 2317 4070 quaedam
2377 4002 2516 4055 ratio
2555 4002 2833 4070 qualitatis
2888 4012 2986 4055 est.
3026 4001 3284 4072 Deinceps

1731 4109 1881 4161 ergo,
1917 4093 2021 4145 uisi
2060 4094 2348 4146 molestum
2381 4101 2482 4153 est,
2510 4093 2648 4145 hanc
2684 4093 2816 4145 mihi
2849 4109 3036 4146 rursus
3061 4110 3088 4146 a
3114 4096 3287 4162 capite

1729 4185 2146 4252 disputationem
2173 4199 2408 4238 arcesse.
2437 4183 2554 4236 Jam
2579 4187 2720 4237 enim
2753 4185 3033 4238 materiam
3057 4187 3288 4254 qualita-

1732 4275 1873 4327 tibus
1901 4291 1963 4326 ex
2002 4275 2147 4327 omni
2176 4274 2474 4328 aeternitate
2502 4276 2804 4343 praeditam,
2840 4277 3093 4344 malaque
3123 4278 3287 4331 simul

1731 4366 1914 4417 omnia
1949 4380 2012 4417 ex
2039 4365 2270 4432 quodam
2321 4366 2438 4434 ejus
2472 4365 2684 4419 deﬂuxu
2721 4376 2842 4420 nata
2871 4382 2990 4420 esse
3035 4367 3282 4431 defendo,

1731 4473 1796 4510 ne
1819 4456 1926 4510 Deo
1958 4472 2121 4511 causa
2167 4457 2429 4512 malorum
2467 4459 2772 4528 assignetur
2798 4500 2811 4522 ,
2863 4473 2983 4526 (ιιιιε
3017 4460 3187 4512 solam
3234 4461 3283 4511 iu

93 4543 250 4613 αἴπερ
278 4538 414 4614 ἦσαν
449 4543 552 4612 πρὸ
584 4542 769 4594 τούτου
797 4544 927 4611 (Η),
955 4542 1052 4603 τὰς
1078 4541 1133 4592 δὲ
1166 4539 1452 4607 ποιότητας
1478 4538 1628 4609 ἔτρε-

1732 4549 2013 4602 materiam
2071 4549 2394 4602 conferenda
2426 4550 2515 4602 sit.
2546 4548 2673 4601 Mihi
2706 4565 2833 4603 vero
2885 4557 3010 4602 tuus
3047 4549 3133 4600 hic
3165 4549 3284 4600 ani-

87 4635 182 4705 ψεν
210 4637 421 4699 αὺτῶν;
456 4634 530 4689 Οὖ
562 4652 613 4687 τι
648 4652 736 4704 μοι
761 4635 906 4687 δοκεί
931 4635 1165 4704 ἀλλαγήν
1215 4634 1323 4704 (12)
1374 4651 1494 4686 τινα
1537 4635 1626 4686 οὑ-

91 4728 214 4781 σιῶν
238 4728 538 4796 γεγονέναι·
564 4725 654 4778 καὶ
673 4715 778 4794 γάρ
801 4725 993 4777 ἄτοπον
1011 4725 1164 4777 τοῦτο
1190 4725 1362 4792 λέγειν
1395 4741 1479 4792 μοι
1509 4725 1630 4791 φαί-

89 4834 252 4870 νεται.
289 4818 504 4888 Τροπὴν
542 4816 649 4885 (15)
673 4815 728 4868 δέ
751 4831 870 4867 τινα
894 4815 998 4882 τῶν
1034 4819 1327 4887 ποιοτήτων
1356 4815 1630 4883 γεγονέναι

93 4911 248 4978 φημὶ,
283 4909 402 4961 καθ’
433 4909 499 4970 ἃς
522 4905 844 4978 δημιουργὸν
867 4900 1000 4957 εἶναι
1037 4906 1175 4973 λέγω
1217 4909 1305 4960 τὸν
1343 4908 1490 4960 Θεόν.
1525 4908 1632 4958 Καὶ

93 4995 276 5067 ὥσπερ
307 4998 354 5048 εί
374 4996 522 5067 τύχοι
550 4996 727 5064 λέγειν
757 4997 819 5046 ὲκ
848 4993 1004 5046 λίθων
1031 4997 1202 5048 οἰκίαν
1223 4996 1516 5062 γεγονέναι,
1549 4995 1631 5061 ἐφ’

93 5077 252 5152 ᾧοὺκ
276 5085 420 5138 ἔστιν
449 5086 636 5148 εἰπεῖν,
665 5085 738 5147 ὡς
764 5085 861 5136 οὐκ
893 5082 971 5134 ἔτι
1018 5082 1150 5134 λίθοι
1195 5086 1409 5151 μένουσι
1441 5087 1505 5153 τῇ
1546 5084 1635 5135 οὒ-

98 5177 198 5250 σίᾳ,
225 5177 371 5231 οἰκία
391 5177 664 5246 γενόμενοι
712 5177 762 5229 οἱ
806 5176 975 5228 λίθοι·
1012 5175 1075 5242 τῇ
1104 5175 1210 5244 γὰρ
1253 5177 1491 5245 ποιότητι
1538 5174 1633 5241 τῆς

194 5279 222 5308 ι
249 5283 338 5335 τι).
379 5263 582 5328 οὐσίας.

97 5356 112 5382 ⁸
160 5355 236 5427 (9)
270 5353 983 5427 Παράλοῃονρρισάμενος
1019 5351 1318 5427 ἀφορμήν,
1342 5346 1439 5406 llic
1466 5355 1633 5423 ἀφορ-

99 5422 350 5532 μήνίπο
383 5437 448 5476 eo
499 5422 638 5476 shmi
689 5426 949 5487 arbitror,
1000 5422 1420 5499 quod-medium
1475 5422 1635 5492 vulgo

120 5495 252 5532 mini
282 5493 556 5532 nmninanl
615 5491 836 5532 ninemm
884 5504 988 5532 tam
1038 5508 1087 5532 In
1139 5493 1323 5532 mmnri
1374 5507 1533 5532 mnam
1585 5495 1633 5532 in

101 5491 579 5566 !ogici’nou_i_inant_,
615 5491 836 5560 ejusque
884 5504 988 5566 tam
1038 5508 1087 5543 in
1139 5491 1324 5556 majori
1374 5507 1533 5566 quam
1564 5491 1635 5566 _’iu

101 5560 294 5619 minori
322 5562 722 5615 collocationem
765 5578 777 5611 :
814 5561 1117 5631 παράλογον
1158 5570 1332 5631 autem
1364 5560 1633 5628 ἀφορμήν,

100 5633 444 5702 sophisticam
474 5639 524 5682 et
552 5628 1320 5702 dnatqrtxﬁv'argumentandi
1355 5632 1636 5702 rationem,

102 5697 202 5771 qua
236 5701 360 5769 quis
392 5704 534 5771 velut
552 5697 765 5770 ἀφορμῇ
802 5697 1050 5771 quadam,
1083 5703 1146 5751 ad
1174 5697 1636 5771 [aciliusalterum

104 5766 151 5824 in
179 5766 420 5826 errorem
457 5766 833 5824 indueeudu'm'
857 5768 1124 5822 abutatur.
1163 5766 1356 5832 Quales
1389 5768 1638 5836 ἀφορμάς

106 5839 364 5898 bocratici
396 5851 605 5904 captare
635 5839 965 5894 videbantur.

1681 4685 1684 4688 .
1734 4654 1874 4702 mus,
1904 4655 1936 4691 o
1967 4639 2157 4701 amice,
2191 4639 2476 4692 admodum
2511 4640 2774 4706 probatur
2809 4655 2821 4701 ;
2868 4638 3038 4705 placet
3079 4638 3181 4690 hoc
3232 4638 3282 4690 in

1733 4731 2148 4800 concertationis
2179 4743 2372 4795 genere
2396 4736 2502 4780 tam
2536 4727 2778 4781 studiosa
2809 4727 3287 4796 coutentio.Atque

1734 4819 1872 4873 idem
1914 4819 2152 4886 profecto
2189 4833 2376 4871 eorum
2411 4819 2691 4878 omnium,
2717 4818 2806 4885 qui
2837 4834 2891 4870 se
2925 4818 3165 4872 discendi
3201 4838 3287 4871 ru-

1735 4910 1889 4976 pidos
1921 4909 2256 4977 proﬁtentur,
2285 4908 2567 4961 consilium
2613 4923 2732 4959 esse
2761 4916 3052 4973 Oporteret,
3089 4920 3144 4960 ut
3180 4926 3286 4961 nou

1735 5001 2046 5066 simpliciter
2076 5013 2137 5051 ac
2167 5008 2388 5057 temere,
2417 4997 2675 5066 quidquid
2709 4998 2774 5049 ab
2807 4998 2927 5051 aliis
2954 4999 3175 5065 dicitur,
3200 5015 3289 5052 ar-

1736 5091 2004 5160 riperent,
2033 5089 2122 5142 sed
2155 5091 2423 5142 rationum
2456 5090 2561 5142 vim
2598 5098 2758 5156 atque
2787 5090 2996 5157 pondus
3044 5092 3157 5142 suis
3193 5103 3286 5142 ac-

1735 5193 1912 5236 curate
1938 5197 1998 5235 ac
2025 5181 2305 5249 diligenter
2331 5182 2617 5234 momentis
2632 5183 2979 5235 :estimarent.
3002 5179 3160 5250 343
3180 5177 3295 5237 Nec

1809 5357 1916 5425 (l0)
1964 5356 2120 5406 Ἀλλ’
2162 5355 2216 5407 ετ
2247 5371 2317 5408 τι.
2360 5354 2497 5408 Ante
2539 5354 2672 5407 ἀλλά
2718 5353 2911 5405 minori
2947 5358 3180 5425 __tantu_m_
3207 5350 3287 5405 di-

1738 5420 2024 5480 stinctione
2054 5440 2186 5492 opus
2229 5434 2344 5486 est;
2375 5441 2470 5492 pro
2518 5425 2568 5476 εἴ
2594 5442 2643 5474 τι
2684 5439 2828 5485 vero,
2858 5420 3038 5492 malim
3082 5422 3128 5470 el
3157 5421 3193 5492 δέ
3214 5438 3283 5474 τι.

1836 5496 1914 5552 ll)
1950 5493 2066 5559 Πρὸ
2091 5489 2341 5545 ττσύτου.
2371 5489 2864 5562 Virgulampuncti
2897 5489 3032 5562 loco
3084 5491 3286 5562 suillice.

1836 5566 1918 5634 ιε)
1956 5559 2621 5634 Δοκεῖ-ἀλλαγήνίρυει
2653 5559 3066 5634 δοκείῑοιιοηιιε
3101 5561 3290 5634 distiu-

1741 5628 1846 5687 etio
1892 5628 1990 5686 est.
2051 5628 2530 5702 ’Λλλαγήνευιειη
2575 5628 2980 5696 rescripsimus,
3025 5643 3121 5695 pro
3155 5629 3287 5683 ἀλλὰ

1741 5705 1862 5772 γῆν,
1898 5702 2036 5771 quod
2073 5702 2355 5772 manifeste
2386 5703 2633 5772 vitiosum
2662 5709 2794 5772 erat.

1812 5767 1928 5842 (15)⁷
1948 5771 2192 5838 Τροπήν.
2224 5770 2358 5826 Male
2392 5771 2585 5839 τρόπον
2612 5778 2732 5822 ante
2761 5767 3052 5832 legebatur.
