3988 6340
717 496 818 552 579

715 733 831 772 sese
861 715 1022 771 fallax
1047 717 1261 786 aliquod
1292 726 1345 770 et
1377 718 1673 783 captiosum
1713 716 2013 783 argumenti
2061 727 2250 784 genus,

714 824 808 862 sua
841 809 911 860 illi
935 825 998 862 ex
1027 818 1204 862 mente
1234 824 1503 876 sensuque
1525 807 1953 861 concludendum
1983 805 2252 868 obtrudet,

714 900 941 951 auditori
994 908 1288 968 propterea,
1340 899 1480 967 quod
1509 899 1668 961 volet,
1715 898 1816 951 hac
1843 907 1957 950 arte
1977 911 2255 965 persuase-

713 991 822 1044 rit:
854 991 946 1044 sed
993 990 1191 1059 aliquid
1227 1001 1334 1042 tum
1364 990 1579 1043 domum
1611 990 1656 1043 is
1692 991 1879 1057 egerit,
1914 988 1959 1041 si
1994 987 2136 1056 quod
2161 986 2255 1040 abs

710 1096 769 1135 se
793 1096 915 1134 eum
945 1083 1152 1136 ratione
1193 1081 1302 1135 dici
1338 1095 1492 1149 posse
1535 1081 1819 1143 videbitur,
1849 1080 1899 1132 id
1933 1079 1986 1132 in
2019 1078 2254 1131 medium

710 1170 964 1241 proferet.
989 1170 1119 1224 Nam
1153 1181 1264 1225 tum
1299 1186 1329 1224 e
1357 1171 1569 1224 duobus
1611 1171 1838 1224 alterum
1871 1178 2252 1238 consequetur.

711 1264 817 1316 Aut
843 1264 983 1316 enim
1014 1264 1104 1332 qui
1137 1263 1333 1326 audiet,
1359 1276 1466 1329 quo
1500 1261 1698 1329 impelli
1725 1274 1845 1314 sese
1878 1259 2112 1328 ferrique
2129 1275 2255 1312 sen-

712 1354 860 1419 serit,
897 1354 948 1406 in
975 1368 1038 1405 eo
1077 1352 1284 1405 tandem
1321 1367 1514 1420 magno
1544 1367 1666 1405 cum
1694 1367 1792 1405 suo
1817 1352 1989 1404 fructu
2042 1350 2256 1418 acquie-

713 1457 846 1506 seet,
879 1455 967 1497 aut
995 1444 1359 1497 adversarium
1416 1443 1530 1510 ipse
1575 1457 1733 1495 suum
1787 1442 1987 1495 erroris
2028 1439 2258 1510 falsique

715 1537 1012 1590 eonvineet.
1070 1534 1228 1603 Ergo,
1268 1543 1324 1587 ut
1355 1534 1418 1587 ad
1461 1549 1570 1586 rem
1622 1533 1852 1596 veniam,
1899 1532 2146 1602 equidem
2179 1532 2258 1586 sic

710 1627 980 1690 existimo,
1026 1627 1203 1678 minus
1273 1623 1366 1676 abs
1397 1633 1445 1675 te
1471 1637 1594 1674 vere
1628 1621 1976 1689 qualitatibus
2014 1619 2081 1672 ab
2110 1619 2257 1673 omni

712 1733 825 1771 ει·νο
850 1716 1124 1769 materiam
1156 1715 1366 1767 instrui.
1389 1712 1658 1780 Hocenim
1691 1712 1736 1765 si
1765 1727 1946 1765 verum
1978 1720 2078 1774 est,
2103 1711 2257 1780 cujus

717 1808 928 1861 tandem
957 1808 1028 1860 rei
1068 1806 1231 1859 Deum
1282 1813 1556 1891 auctorem
1585 1802 1903 1859 habebimus
1931 1802 1953 1854 ?
1998 1803 2260 1856 Substan-

714 1900 904 1951 tiarum
939 1898 960 1949 ?
1001 1899 1065 1950 At
1097 1913 1186 1951 eas
1206 1897 1314 1965 jam
1337 1896 1483 1964 prius
1509 1895 1783 1950 exstitisse
1803 1894 2049 1949 dicimus.
2075 1894 2259 1960 Quali-

716 1999 880 2041 talum
912 1989 934 2041 ?
959 1991 1025 2040 At
1053 1989 1168 2042 illas
1194 1989 1533 2057 quoquejam
1557 1987 1862 2041 anteluisse
1891 1989 2252 2057 agnoscimus.
2289 1966 2327 2018 Β

713 2077 846 2130 Cum
875 2079 1038 2148 igitur
1065 2089 1116 2130 et
1139 2078 1438 2130 substantia
1467 2093 1561 2144 per
1590 2093 1708 2131 sese
1732 2077 1861 2145 jam,
1893 2064 1945 2130 et
1966 2078 2257 2146 qualitates

713 2174 975 2233 existant,
1033 2170 1380 2238 quamobrem
1435 2168 1600 2221 Deum
1655 2168 1989 2221 conditorem
2031 2170 2259 2236 appelle-

718 2278 859 2323 mus,
893 2258 1381 2328 supercstprofecto
1406 2257 1564 2309 nihil.
1594 2255 1788 2309 Verum
1814 2271 1879 2308 ne
1907 2256 2078 2325 argnti
2104 2257 2260 2324 quid-

717 2356 858 2425 piam
889 2354 1001 2423 ipse
1031 2354 1208 2406 moliri
1249 2353 1380 2406 velle
1411 2353 1614 2416 videar,
1677 2351 1762 2404 dic
1817 2353 2070 2421 ipsemet,
2103 2353 2256 2407 obse-

722 2463 838 2509 cro,
885 2462 989 2515 qua
1022 2456 1077 2499 tu
1107 2446 1310 2499 ratione
1341 2444 1668 2498 conditorem
1719 2442 1879 2496 Deum
1931 2459 2049 2497 esse
2079 2455 2257 2511 putes.

720 2542 801 2592 An
851 2539 992 2608 quod
1053 2538 1470 2592 substantiarum
1532 2544 1781 2587 naturam
1837 2536 2152 2599 immutarit,
2201 2543 2258 2587 ut

719 2643 879 2698 quam
911 2637 1078 2680 nactae
1107 2627 1252 2693 prius
1305 2624 1517 2677 fuerant
1567 2631 1844 2686 exuentes,
1908 2638 2098 2675 novam
2134 2624 2258 2692 ipsae

718 2719 1004 2787 quamdam
1027 2727 1077 2771 et
1110 2718 1339 2770 alienam
1390 2714 1721 2768 induerent?
1765 2714 1844 2767 An
1872 2715 2065 2784 potius,
2114 2715 2255 2784 quod

719 2809 1031 2864 substantiis
1056 2809 1105 2859 in
1142 2807 1354 2875 propria
1383 2815 1582 2857 naturae
1612 2818 1720 2857 sure
1734 2805 1940 2858 ratione
1963 2818 2254 2857 conserva-

721 2899 811 2963 tis,
841 2912 1023 2950 earum
1049 2906 1223 2949 tamen
1255 2894 1538 2963 qualitates
1563 2893 1823 2946 mutarit?
1850 2895 1956 2962 Ego
1975 2909 2101 2947 vero
2132 2894 2254 2961 nul-

723 2990 826 3042 lam
854 2990 906 3042 in
942 2988 1253 3042 substantiis
1285 2987 1632 3039 mutationem
1679 2984 1971 3046 contigisse
2004 2985 2255 3038 arbitror.

723 3080 1028 3134 Absurdum
1083 3078 1224 3132 enim
1255 3078 1304 3131 id
1335 3080 1517 3146 utique
1553 3076 1728 3129 fuerit.
1779 3074 2072 3145 Qttalitates
2131 3091 2260 3146 ergo

725 3180 958 3224 mutatas
1005 3168 1169 3222 fuisse
1199 3168 1304 3230 aio,
1351 3166 1492 3235 quod
1528 3166 1842 3219 mutationis
1880 3181 2048 3235 genus
2073 3166 2258 3220 condi-

724 3262 857 3314 toris
889 3261 995 3313 Dco
1029 3273 1219 3312 nomen
1281 3257 1549 3309 indiderit.
1598 3256 2058 3321 Quemadmodum
2115 3258 2256 3310 enim
2286 3295 2326 3349 C

726 3353 771 3405 si
804 3352 1020 3405 domum
1053 3350 1285 3418 aliquam
1336 3365 1364 3400 e
1399 3347 1660 3415 lapidibus
1712 3346 1904 3400 lactant
1956 3362 2076 3401 esse
2106 3347 2256 3401 dica-

725 3459 868 3508 mus,
896 3457 1001 3494 non
1033 3451 1210 3494 tamen
1241 3441 1495 3494 continuo
1519 3454 1704 3492 verum
1727 3440 1816 3505 sit,
1847 3439 2070 3507 lapides,
2099 3450 2260 3496 exuta

727 3534 903 3603 priore
951 3532 1270 3593 substantia,
1300 3548 1414 3583 eam
1452 3533 1503 3583 in
1528 3533 1744 3584 domum
1774 3546 1894 3585 esse
1923 3547 2208 3586 conversos
2243 3551 2255 3586 :

729 3624 925 3692 quippe
973 3631 1120 3673 certo
1152 3621 1385 3688 quodam
1416 3636 1479 3673 ex
1506 3623 1912 3689 compositionis
1955 3639 2144 3692 genere
2168 3626 2262 3678 do-

731 3730 875 3767 mum
922 3713 1190 3765 exstitisse
1220 3714 1502 3776 contendo,
1543 3714 1705 3780 priori
1737 3714 1970 3783 lapidum
2006 3718 2263 3784 qualitate

729 3813 952 3858 mutata.
1004 3802 1091 3856 Sic
1139 3803 1343 3856 videtur
1373 3805 1501 3855 mihi
1539 3802 1675 3857 Deus
1706 3844 1721 3869 ,
1759 3805 1962 3876 integra
2016 3819 2264 3862 manente

729 3896 1048 3957 Substantia,
1068 3895 1352 3964 quamdam
1381 3896 1547 3963 ipsius
1564 3899 1882 3964 qualitatum
1911 3903 2258 3953 mutationem

729 3987 988 4049 effecisse,
1015 4003 1076 4039 ex
1107 4001 1210 4052 qua
1239 3985 1469 4037 mundus
1506 3987 1604 4040 iste
1625 3989 1724 4041 hoc
1745 3989 1958 4049 haheat.
1992 4000 2051 4042 ut
2097 4005 2126 4042 a
2155 3989 2263 4042 Deo

730 4077 977 4132 conditus
1024 4091 1142 4128 esse
1171 4075 1401 4126 dicatur.
1434 4074 1627 4129 Audio.
1663 4075 1797 4129 Cum
1832 4078 1992 4144 igitur
2032 4080 2265 4144 peculia-

732 4180 842 4224 r’em
867 4169 1151 4238 quamdam
1185 4167 1446 4235 ejusmodi
1468 4167 1782 4234 qualitatum
1809 4168 2065 4220 rationem
2095 4185 2122 4221 a
2157 4169 2265 4223 Deo

732 4260 1022 4330 profectam
1064 4273 1180 4311 esse
1208 4264 1432 4319 statuas,
1484 4272 1650 4325 pauca
1684 4258 2056 4318 mihitantum
2090 4259 2184 4312 abs
2214 4269 2266 4312 te.

737 4349 1043 4419 responderi
1088 4350 1263 4401 velim.
1325 4348 1453 4412 Die,
1500 4351 1710 4401 amabo.
1761 4347 1895 4403 Num
1931 4360 1985 4402 tu
2021 4351 2267 4404 similiter

737 4440 1018 4508 qualitates
1067 4439 1196 4490 istas
1230 4439 1648 4491 substantiarum
1700 4440 1834 4490 mala
1865 4441 2105 4506 quaedam
2149 4454 2266 4493 esse

736 4528 1008 4597 opinaris?
1037 4525 1286 4579 Omnino.
1318 4524 1505 4578 Utrum
1547 4526 2001 4593 igiturqualitates
2029 4527 2129 4578 illa:
2155 4527 2263 4591 jam

1327 509 1592 567 EUSEBIl
1629 503 2109 563 CAESARIENSIS
2141 503 2290 560 OPP.
2332 501 2509 555 PARS
2545 500 2609 555 ll.
2650 531 2719 541 —-
2759 497 3253 556 APOLOGETICA.

713 638 879 685 enim.
927 625 968 679 si
995 626 1086 693 qui
1117 641 1236 678 cum
1269 624 1437 679 altero
1479 624 1715 689 disserit,
1751 624 2128 679 concinnatum
2156 621 2254 674 abs

2357 617 2651 680 συνθέσεως
2682 619 2778 690 τὴν
2805 621 2978 674 οἰκίαν
3005 618 3281 688 γεγονέναι
3307 617 3467 686 φημὶ,
3497 614 3799 687 τραπείσης

3801 496 3885 551 εει
3919 496 3929 596 ι

2354 709 2521 760 λονότι
2544 711 2639 779 τῆς
2664 689 2928 781 προτέρας
2952 710 3058 762 τῶν
3083 710 3243 762 λίθων
3279 709 3563 778 ποιότητος
3587 724 3603 737 ·
3644 706 3782 759 οὕτω
3817 724 3884 775 μοι
3925 689 3932 706 ³

2352 800 2495 852 δοκεῖ
2524 803 2614 854 καὶ
2639 805 2728 854 τὸν
2752 802 2904 865 Θεὸν,
2933 801 3300 870 ὑπομενούσης
3325 802 3421 870 τῆς
3455 800 3650 863 οὐσίας
3669 841 3682 864 ,
3712 804 3884 870 τροπήν

2352 910 2472 944 τινα
2502 893 2609 944 τῶν
2643 895 2938 964 ποιοτήτων
2968 895 3134 965 αὐτῆς
3167 894 3543 966 πεποιηκέναι,
3572 893 3700 945 καθ’
3732 893 3791 962 ἢν
3808 893 3883 962 τὴν

2353 984 2502 1036 τοῦδε
2529 983 2621 1036 τοῦ
2666 985 2868 1055 κόσμου
2908 985 3117 1052 γένεσιν
3169 986 3301 1056 πρὸς
3329 985 3422 1037 τοῦ
3461 984 3599 1037 Θεοῦ
3635 985 3882 1053 γεγονέναι

2353 1076 2513 1144 λέγω.
2565 1077 2714 1129 Ἐπεὶ
2738 1078 2915 1130 τοίνυν
2935 1080 3136 1149 τροπήν
3167 1095 3287 1130 τινα
3316 1077 3423 1130 τῶν
3448 1082 3752 1148 ποιοτήτων
3775 1079 3881 1149 πρὸς
3933 1056 3953 1164 1

2353 1167 2444 1219 τοῦ
2472 1167 2603 1219 Θεοῦ
2637 1170 2916 1235 γεγονέναι
2949 1171 3070 1241 φὴς,
3100 1170 3388 1239 ἀπόκριναί
3422 1187 3510 1240 μοι
3564 1168 3772 1240 βραχέα
3806 1188 3881 1221 π)-

2355 1256 2538 1311 θέσθαι
2574 1260 3004 1341 προαιρουμένῳ.
3049 1261 3185 1330 Λέγε
3212 1261 3304 1332 δὴ,
3349 1264 3396 1314 εί
3439 1263 3645 1332 ὁμοίως
3688 1264 3776 1316 καὶ
3818 1266 3876 1318 σοὶ

2351 1348 2584 1401 δοκεῖτὰ
2627 1348 2768 1400 κακὰ
2805 1350 3088 1419 ποιότητας
3137 1344 3271 1402 εἶναι
3317 1349 3422 1404 τῶν
3453 1351 3692 1414 ούσιῶν;
3733 1353 3870 1402 Δοκεῖ.

2358 1439 2592 1492 Ἀνωθεν
2618 1439 2672 1490 δὲ
2701 1435 2836 1508 ἦσαν
2859 1440 2912 1490 αἱ
2944 1440 3220 1510 ποιότητες
3247 1436 3404 1494 αὕται
3428 1445 3483 1494 ἐν
3503 1445 3574 1511 τῇ
3599 1441 3721 1510 ὕλῃ,
3753 1442 3781 1510 ἦ
3805 1443 3871 1510 ἀρ-

2354 1528 2452 1598 χὴν
2482 1529 2634 1597 ἔσχον
2666 1529 2757 1580 τοῦ
2808 1524 2975 1593 εἷναι;
3029 1530 3266 1604 Συνεῖναί
3305 1549 3444 1601 φημι
3476 1532 3784 1600 ἁγεννήτως
3826 1533 3869 1600 τῇ

2357 1620 2456 1693 ὕλῃ
2495 1622 2716 1674 ταυτασὶ
2754 1619 2852 1682 τὰς
2889 1621 3194 1690 ποιότητας.
3227 1621 3376 1692 Ὀὐχὶ
3416 1622 3469 1674 δὲ
3517 1622 3614 1675 τὸν
3646 1622 3768 1674 Θεὸν
3795 1622 3870 1693 φῄς

2356 1714 2560 1783 τροπήν
2608 1730 2726 1764 τινα
2774 1713 2880 1766 τῶν
2935 1715 3231 1783 ποιοτήτων
3279 1714 3678 1782 πεποιηκέναι;
3742 1712 3868 1765 Τοῦτό
3952 1712 3953 1766 l

2358 1821 2516 1874 φημι.
2548 1806 2776 1875 Πότερον
2803 1801 2894 1858 οὖν
2925 1807 3004 1867 είς
3035 1804 3093 1858 τὸ
3117 1807 3354 1874 κρεῖττον
3400 1805 3432 1874 ἢ
3475 1807 3554 1866 εἰς
3586 1805 3652 1856 τὸ
3700 1806 3860 1874 χεῖρον;

2360 1898 2450 1959 Εἰς
2481 1895 2542 1948 τὸ
2572 1900 2810 1966 κρεῖττον
2833 1898 3005 1966 λέγειν
3045 1914 3131 1965 μοι
3163 1896 3324 1949 δοκεῖ.
3371 1895 3576 1948 Οὐκοῦν
3619 1897 3668 1947 εἰ
3701 1896 3852 1962 ποιότη-

2354 2005 2443 2051 τες
2469 1989 2563 2058 τῆς
2589 1988 2716 2058 ὕλης
2745 1989 2811 2042 τὰ
2837 1990 2998 2053 κακά,
3025 1989 3121 2052 τὰς
3139 1989 3195 2040 δὲ
3218 1988 3500 2058 ποιότητας
3527 1989 3700 2058 αὐτῆς
3728 1989 3784 2051 εἰς
3812 1988 3847 2039 tl
3881 2045 3884 2048 Α

2355 2082 2595 2150 κρεῖττον
2648 2079 2836 2149 ἔτρεψε
2875 2083 2903 2134 ό
2940 2080 3159 2151 Κύριος,
3193 2080 3351 2132 πόθεν
3395 2080 3463 2131 τὰ.
3495 2079 3644 2133 κακά
3667 2120 3681 2143 ,
3725 2079 3854 2147 ζητεῖν

2355 2170 2582 2239 ἀνάγκη.
2605 2171 2671 2222 Ἥ
2697 2173 2802 2241 γὰρ
2826 2172 3040 2241 ἔμειναν
3062 2173 3116 2222 αἱ
3141 2171 3414 2238 ποιότητες
3433 2172 3616 2223 ὁποῖαί
3642 2166 3858 2239 ποτ’ἦταν

2355 2261 2417 2328 τῇ
2452 2259 2626 2326 φύσει,
2652 2260 2683 2329 ἢ
2710 2262 2757 2311 εί
2790 2261 2886 2330 μὲν
2918 2263 3173 2331 πρότερον
3193 2263 3291 2314 οὐκ
3317 2257 3451 2331 ἦσαν
3485 2264 3690 2325 κακαὶ,
3728 2266 3778 2314 ἐκ
3821 2261 3860 2312 δὲ

2355 2347 2444 2399 τοῦ
2463 2351 2728 2421 τραπῆναι
2770 2353 2901 2423 πρὸς
2932 2353 3023 2406 τοῦ
3058 2353 3188 2405 Θεοῦ
3238 2353 3334 2416 τὰς
3385 2352 3606 2422 πρώτας
3658 2352 3860 2414 τοιαύτας

2356 2441 2480 2509 περὶ
2501 2442 2598 2511 τὴν
2619 2441 2748 2511 ὕλην
2778 2445 3053 2511 γεγονέναι
3085 2445 3365 2516 ποιότητας
3387 2446 3511 2515 φῂς,
3547 2445 3860 2507 αἴτιοςεσται

2354 2531 2458 2583 τῶν
2485 2532 2665 2584 κακῶν
2686 2536 2713 2586 ό
2740 2534 2888 2599 Θεὸς,
2924 2537 3122 2607 τρέψας
3146 2537 3240 2599 τὰς
3283 2537 3380 2589 οὐκ
3425 2537 3589 2600 οὕσας
3619 2539 3862 2607 ποιότητας

2356 2625 2526 2686 κακὰς
2555 2626 2631 2687 είς
2658 2625 2718 2677 τὸ
2740 2623 2878 2680 εἶναι
2907 2629 3099 2691 κακάς.
3129 2628 3196 2681 Ἦ
3221 2631 3316 2692 τὰς
3349 2630 3445 2700 μὲν
3481 2630 3655 2692 κακὰς
3685 2631 3862 2698 ποιότη-

2355 2732 2468 2778 τας,
2498 2718 2576 2778 είς
2600 2717 2656 2769 τὸ
2685 2721 2926 2788 κρεῖττον
2947 2721 3005 2772 ού
3034 2721 3176 2773 δοκεί
3202 2739 3282 2774 σοι
3306 2723 3495 2793 τρέψαι
3520 2724 3610 2776 τὸν
3637 2723 3767 2784 Θεὸν,
3785 2723 3861 2783 τὰς

2354 2804 2407 2855 δὲ
2448 2805 2636 2868 λοιπὰς
2678 2810 2768 2860 καὶ
2809 2811 2972 2877 μόνας
2992 2851 3006 2874 ,
3037 2813 3154 2864 ὅσαι
3191 2813 3464 2883 ἀδιάῳοροι
3495 2814 3767 2883 ἐτύγχανον
3788 2813 3857 2880 τῆς

2355 2893 2756 2966 διακοσμήσεως
2771 2897 2950 2962 ἕνεκα,
2978 2901 3109 2969 πρὸς
3133 2901 3222 2952 τοῦ
3242 2902 3372 2954 Θεοῦ
3394 2903 3684 2972 τετράφθαι
3703 2903 3854 2970 λέγεις.

2358 2983 2539 3047 Οὕτως
2567 2986 2767 3039 ἄνωθεν
2797 2987 2948 3059 ἔσχον
2975 2991 3099 3058 ἐγώ.
3134 2991 3254 3055 Πῶς
3288 2994 3460 3046 τοίνυν
3497 2994 3657 3047 αὑτὸν
3678 2995 3762 3056 τὰς
3779 2993 3851 3042 τῶν

2359 3076 2571 3142 φαύλων
2596 3079 2902 3151 ποιότητας,
2918 3083 2991 3146 ὼς
3017 3081 3156 3152 εἶχον
3176 3124 3190 3147 ,
3221 3085 3662 3140 καταλελοιπέναι
3693 3087 3842 3154 λέγεεςῐ

2361 3169 2588 3240 Πότερον
2611 3171 2898 3242 δυνάμενον
2931 3177 3026 3245 μὲν
3056 3179 3307 3241 κάκείνας
3339 3179 3563 3242 ἀνελεῖν,
3610 3181 3668 3233 οὐ
3713 3179 3846 3249 βουλη-

2361 3259 2516 3312 θέντα
2535 3258 2609 3324 δὲ,
2637 3263 2668 3332 ἦ
2703 3264 2760 3315 τὸ
2787 3265 3039 3318 δύνασθαι
3066 3271 3139 3344 μὴ
3164 3270 3376 3348 ἔχοντας
3405 3272 3466 3323 Et
3496 3273 3591 3342 μὲν
3616 3273 3717 3344 γὰρ
3741 3272 3854 3336 ﬁuvi-

2368 3370 2521 3422 μενον
2551 3353 2739 3419 λέξεις,
2776 3357 2835 3407 ού
2869 3356 3191 3428 βουληθέντα
3213 3361 3268 3413 δὲ
3304 3360 3479 3425 αὐτὸν,
3511 3364 3676 3416 αἴτιον
3699 3362 3855 3414 τούτων

2365 3445 2533 3494 εἰπεῖν
2563 3442 2792 3512 ἀνάγκη,
2818 3445 2917 3509 ὃτι,
2945 3445 3228 3515 δυνάμενος
3253 3449 3465 3518 ποιῆσαι
3487 3451 3560 3521 μὴ
3585 3448 3712 3504 εἶναι
3733 3448 3857 3510 κακὰς

2367 3532 2734 3603 συνεχώρησεν
2762 3535 2896 3588 αὐτά
2925 3538 3099 3605 μένειν
3120 3538 3190 3600 ὡς
3217 3535 3302 3610 ἦν,
3335 3541 3426 3593 καὶ
3453 3542 3678 3612 μάλιστα
3699 3544 3773 3594 ὅτε
3792 3541 3862 3609 δηα

2369 3627 2641 3693 μιουργεῖν
2664 3627 2758 3696 τὴν
2780 3621 2908 3697 ὕλην
2941 3627 3157 3698 ἤρξατο.
3191 3632 3251 3682 Εἰ
3275 3632 3380 3704 γὰρ
3417 3634 3535 3703 μηδ’
3563 3635 3690 3698 ὅλως
3709 3633 3863 3701 ἔμελεν

2366 3715 2510 3782 αύτῴ
2533 3719 2630 3785 τῆς
2667 3715 2813 3786 ὕλης,
2846 3718 2942 3769 οὐκ
2976 3719 3040 3771 ἂν
3067 3719 3232 3782 αἴτιος
3262 3716 3328 3790 ἦν
3352 3716 3424 3775 ὧν
3476 3723 3745 3792 συνεχώρει
3783 3719 3864 3789 μέά

2367 3821 2493 3856 νειν.
2538 3805 2684 3856 Ἐπεὶ
2711 3806 2765 3858 δὲ
2787 3807 2948 3877 μέρος
2978 3808 3072 3876 μέν
3095 3827 3143 3860 τι
3166 3810 3330 3880 αὐτῆς
3362 3810 3706 3883 ἐδημιούργει,
3725 3811 3863 3881 μέρος

2367 3895 2422 3947 δέ
2458 3913 2505 3947 τι
2531 3894 2698 3958 οὕτως
2733 3899 2845 3959 είά,
2875 3897 3160 3967 δυνάμενος
3202 3900 3421 3952 κάκεῖνα
3462 3903 3670 3972 τρέπειν
3712 3903 3778 3962 εἰς
3814 3901 3864 3951 τὸ

2367 3990 2641 4055 κρεῖττον,
2687 3991 2860 4042 αἰτίαν
2888 3990 3221 4057 ὀφλισκάνειν
3263 3991 3406 4057 ἄξιος
3446 3975 3583 4046 εῗναί
3613 4013 3693 4066 μοι
3729 3994 3860 4051 δοκεῖ,

2369 4077 2673 4130 καταλιπὼν
2707 4082 2868 4150 μέρος
2895 4081 3022 4151 ὕλης
3044 4079 3177 4134 εἶναι
3211 4085 3438 4155 πονηρὸν
3469 4087 3554 4139 ἐπ’
3596 4086 3792 4157 ὀλέθρῳ,
3813 4078 3859 4135 ὦ

2370 4168 2751 4239 ἐδημιούργησε
2778 4171 2988 4240 μέρους.
3031 4173 3183 4225 Ἀλλά
3207 4172 3309 4244 ’μὴν
3326 4176 3415 4227 καὶ
3437 4177 3501 4228 τὰ
3523 4178 3737 4246 μέγιστα
3753 4172 3854 4227 κατὰ

2368 4257 2518 4310 τοῦτο
2543 4258 2600 4311 τὸ
2631 4261 2790 4330 μέρος
2808 4261 3091 4331 ἠδικῆσθαί
3119 4283 3203 4334 μοι
3229 4266 3374 4318 δοκεῖ
3392 4307 3405 4329 ,
3438 4265 3588 4319 τοῦθ’
3615 4270 3738 4339 ὅπερ
3758 4280 3856 4318 κατέ

2327 4352 2624 4406 .εσκεύασε
2668 4352 2764 4420 τῆς
2823 4351 2951 4420 ὕλης
2993 4356 3153 4425 μέρος
3191 4356 3703 4428 ἀντιλαμϐανόμενον
3733 4355 3862 4410 τανῦν

2368 4441 2472 4490 τῶν
2502 4438 2700 4494 κακῶν.
2728 4441 2789 4498 Εἰ
2820 4443 2926 4511 γάρ
2946 4461 3025 4506 τις
3052 4441 3286 4510 ἐξετάζοι
3321 4449 3407 4499 ἐπ’
3430 4450 3651 4518 ἀκριϐὲς
3685 4450 3743 4501 τὰ
3757 4446 3864 4516 πρά-

2369 4543 2568 4597 γματα,
2591 4530 2956 4599 χαλεπώτερον
2979 4533 3070 4585 νῦν
3086 4537 3297 4606 εὑρήσει
3317 4538 3415 4608 τὴν
3432 4539 3560 4610 ὕλην
3586 4539 3864 4593 πεπονθυῖαν

731 4625 856 4679 inde
887 4625 952 4676 ab
982 4622 1125 4677 omni
1173 4636 1282 4674 aevo
1331 4622 1563 4673 materiae
1616 4621 1841 4683 inerant,
1914 4612 2263 4674 auexistendi

2370 4619 2466 4685 τῆς
2495 4621 3059 4691 προτέραςάκοσμίας.
3097 4625 3229 4695 Πρὶν
3273 4628 3377 4698 γὰρ
3420 4631 3584 4701 αὐτὴν
3631 4629 3867 4702 διακριθῆ-

715 4710 1051 4786 principium
1098 4713 1310 4781 aliquod
1363 4714 1640 4766 habuere?
1688 4712 1897 4765 Inerant
1946 4725 2073 4765 vero
2135 4713 2267 4764 citra

737 4809 900 4862 ullum
929 4819 1078 4862 ortus
1100 4807 1181 4861 sui
1215 4805 1553 4874 principium.
1581 4798 1717 4870 Quid
1742 4803 1920 4857 ‘.’Num
1958 4813 2009 4856 tu
2037 4803 2269 4870 aliquam

737 4913 770 4951 ιι
797 4896 904 4950 Deo
928 4898 1274 4949 mutationem
1290 4895 1602 4963 qualitatum
1631 4896 1856 4948 iStarum
1888 4893 2127 4948 effectam
2153 4907 2272 4945 esse

738 4973 1012 5043 contendis
1039 4989 1061 5038 ‘?
1090 4987 1269 5041 Plane.
1303 4986 1493 5040 Utrum
1547 5002 1662 5039 eam
1702 4987 1752 5038 in
1803 4986 2014 5050 melius,
2049 5000 2113 5037 an
2145 4998 2272 5036 vero

740 5079 793 5132 in
821 5079 1050 5131 deterius
1086 5078 1274 5130 factam
1302 5077 1620 5130 arbitraris?
1675 5076 1728 5128 ln
1778 5077 1967 5130 melius
1998 5085 2138 5139 certe
2153 5074 2275 5143 qui-

739 5170 879 5223 dem.
925 5167 1081 5238 344
1111 5166 1166 5219 Si
1194 5183 1317 5235 ergo
1367 5170 1646 5236 qualitates
1675 5169 1905 5219 materia:
1959 5169 2097 5225 mala
2126 5175 2269 5230 sunt,

739 5263 1039 5330 eademque
1073 5276 1192 5312 eum
1235 5260 1538 5313 melioribus
1567 5277 1594 5313 a
1628 5259 1733 5312 Deo
1777 5270 2113 5312 commutatae
2159 5259 2275 5313 fue-

742 5363 885 5414 runt,
919 5353 1055 5405 unde
1084 5351 1220 5402 mala
1257 5350 1618 5418 proﬂuxerunt,
1654 5358 1996 5418 qumrewtum
2034 5366 2275 5403 necessa-

744 5444 825 5496 rio
847 5455 942 5495 est.
967 5446 1068 5496 Aut
1102 5443 1239 5496 enim
1267 5443 1546 5509 qualitates
1584 5444 1697 5495 ista:
1725 5442 1913 5509 prioris
1929 5453 2126 5495 naturae
2148 5457 2273 5494 con-

677 5556 682 5563 -
745 5533 996 5586 ditionem
1036 5550 1135 5586 non
1169 5541 1470 5586 exuerunt:
1531 5541 1619 5585 aut
1654 5534 1718 5593 si,
1761 5548 1881 5586 cum
1918 5533 2065 5599 prius
2122 5532 2273 5584 malae

747 5638 851 5676 non
881 5631 1074 5686 esSent,
1129 5623 1216 5675 illa
1243 5630 1415 5673 tamen
1455 5621 1708 5676 divinitus
1753 5622 1889 5675 facta
1939 5621 2230 5675 mutatione
2256 5661 2269 5685 ,

819 5817 926 5885 (Μ)
958 5816 1088 5868 Μεθ’
1115 5817 1263 5888 ἑνός.
1299 5815 1596 5888 Legendum
1625 5819 1828 5873 videtur
1867 5818 1987 5888 μήθ’
2035 5819 2168 5882 ἑνός,
2195 5817 2274 5872 vel

751 5889 907 5941 unico
932 5889 1091 5940 verbo
1128 5886 1367 5952 μηθενός.

2368 4726 2472 4771 ναι,
2497 4709 2556 4761 τὸ
2587 4710 2716 4779 μηδὲ
2739 4711 3014 4764 αἰσθέσθαι
3036 4715 3140 4766 τῶν
3166 4718 3345 4770 κακῶν
3381 4721 3558 4791 παρῆν
3604 4723 3756 4790 αύτῇο
3778 4719 3867 4772 νυνι

2367 4801 2421 4852 δὲ
2445 4802 2666 4856 ἕκαστον
2684 4803 2788 4854 τῶν
2817 4801 2991 4875 μερῶν
3019 4803 3181 4876 αὐτῆς
3203 4809 3456 4884 αἴσθησιν
3502 4812 3751 4882 λαμϐάνει
3786 4810 3868 4862 τῶν

2369 4891 2567 4944 κακῶν.
2607 4894 2714 4944 Καὶ
2745 4892 2829 4962 μοὶ
2864 4895 2946 4946 ἐπ’
2978 4896 3255 4969 ἀνθρώπου
3287 4901 3347 4951 τὸ
3373 4902 3705 4972 παράδειγμα
3747 4896 3864 4955 λαϐέ.

2368 4979 2502 5051 Πρὶν
2525 4982 2630 5051 γὰρ
2654 4984 2920 5056 είκονισθῇ
2943 4989 3033 5039 καὶ
3056 4981 3190 5050 ζῶον
3207 4990 3421 5060 γένηται
3437 4991 3499 5062 τῇ
3529 4995 3618 5045 τοῦ
3643 4998 3868 5063 Δημιουρ-

2369 5073 2463 5140 γοῦ
2496 5074 2675 5144 τέχνῃ,
2719 5076 2777 5126 τὸ
2815 5078 2928 5146 μεθ’
2964 5078 3078 5141 ἑνὸς
3118 5079 3224 5150 (14)
3272 5083 3746 5152 ἀντιλαμϐάνεσθαι
3785 5081 3868 5134 τῶν

2371 5165 2551 5217 κακῶν
2584 5166 2727 5236 παρά
2770 5169 2865 5236 τῆς
2892 5169 3099 5235 φύσεως
3143 5167 3281 5241 εἶχεν
3307 5190 3320 5202 ·
3356 5175 3445 5239 ἀφ’
3473 5172 3530 5229 οὕ
3556 5177 3609 5228 δὲ
3651 5177 3773 5248 πρὸς
3797 5171 3867 5225 τοῦ

2371 5254 2500 5305 Θεοῦ
2533 5254 2805 5326 ἄνθρωπος
2821 5259 3024 5325 γίνεται
3053 5265 3142 5314 καὶ
3165 5265 3260 5331 τὴν
3286 5263 3527 5334 αἴσθησιν
3551 5267 3640 5319 τοῦ
3666 5249 3866 5338 προσπε-

2371 5345 2616 5409 λάζοντος
2637 5349 2802 5401 κακοῦ
2838 5353 3234 5423 προσλαμϐάνει
3256 5372 3268 5382 ·
3312 5357 3401 5407 καὶ
3426 5358 3566 5411 τοῦθ’
3600 5361 3726 5429 ὅπερ
3756 5358 3867 5411 ἐστὶν

2373 5432 2651 5505 εὐεργεσία
2692 5439 2798 5508 (15)
2825 5442 2943 5509 ,τῆς
2985 5441 3112 5511 ὕλης
3133 5482 3145 5504 ,
3175 5444 3307 5514 πρὸς
3353 5446 3443 5499 τοῦ
3474 5449 3605 5501 Θεοῦ
3630 5449 3866 5516 γεγονέναι

2371 5521 2564 5592 λέγεις,
2593 5531 2895 5598 εὑρίσκεται
2923 5531 3116 5600 μᾶλλον
3144 5534 3233 5584 ἐπὶ
3267 5535 3342 5603 τῷ
3381 5539 3573 5608 χείρονι
3617 5532 3866 5609 προσγενό·

2377 5635 2531 5686 μενον
2562 5621 2716 5689 αὐτῇ.
2751 5621 2812 5672 El
2833 5621 2877 5671 δ’
2903 5624 2965 5675 ὲκ
2992 5623 3092 5678 τοῦ,
3117 5623 3190 5694 μὴ
3235 5625 3592 5694 δύνασθαι-τὸν
3640 5629 3761 5682 Θεὸν
3793 5629 3865 5678 ἀν·

2444 5816 2553 5886 (15)
2594 5816 2792 5866 Ἐστὶν
2822 5818 3143 5884 εὐεργεσία.
3178 5815 3378 5871 Sensus
3412 5821 3658 5886 postulat.
3697 5821 3772 5874 ἔπ’
3799 5816 3865 5870 εἰν

2377 5881 2612 5954 εργεσίᾳ,
2646 5887 2872 5940 tnaxime
2901 5881 3024 5944 cum
3053 5898 3321 5956 sequatur,
3350 5881 3439 5943 ἐπὶ
3473 5893 3688 5961 χείρονι.
