3988 6340
40 406 142 463 ssi
1244 421 1558 500 eampis.
1605 425 1619 477 l

1718 424 1852 480 iNG.
1899 422 2021 479 LIB.
2069 425 2174 481 VII.
3217 440 3320 496 582

38 545 190 597 κλεῖν
225 548 312 601 τὰ
341 553 518 604 κακὰ
549 552 607 605 τὸ
639 553 710 623 μὴ
736 554 1040 608 πεπαῦσθαι
1078 556 1270 624 λέγεις,
1304 558 1558 611 ἀδύνατον
1581 561 1619 611 τί

1718 557 1740 610 ι
1779 554 1894 605 qum
1924 539 2153 608 priorem
2207 549 2450 593 naturam
2503 543 2789 611 expulerit,
2846 546 3147 615 ejusmodi,
3179 566 3314 614 quas

38 637 182 688 θεὸν
221 641 469 710 φήσεις
492 644 771 714 ὑπάρχειν.
796 646 868 697 Τὸ
894 645 948 698 δὲ
983 646 1233 699 ἀδύνατον
1267 650 1381 718 ἦτοι
1402 651 1477 720 τῷ
1509 650 1619 719 φύσι

1765 642 1908 680 nunc
1933 630 2106 695 liabet,
2133 631 2338 685 inustas
2370 635 2605 687 materia:
2628 638 2912 704 qualitates
2939 655 3058 694 esse
3086 642 3317 697 arbitrae

36 728 263 800 ἀσθενῆ
300 733 603 805 ὑπάρχειν
619 737 775 788 αὑτὸν
797 736 968 800 ἔσται,
998 739 1030 808 ἦ
1055 739 1131 809 τῷ
1151 741 1395 794 νικᾶσθαι
1417 743 1492 812 τῷ
1518 745 1618 811 φόϐ

1762 720 1839 773 ris
1877 738 1887 772 :
1923 721 2184 774 malorum
2244 722 2483 791 profecto
2507 741 2670 780 causa
2729 728 2870 784 lletts
2895 731 3014 794 erit,
3035 733 3126 801 qui
3153 773 3168 794 ,
3192 751 3314 802 qua:

42 822 519 893 δεδουλωμένων
546 829 680 898 πρός
705 846 846 892 τινος
873 831 1190 901 κρείττονος.
1223 834 1285 885 Εἰ
1313 834 1410 903 μὲν
1459 811 1549 888 οὖν
1576 837 1619 888 τέ

1762 811 1914 862 malae
1952 826 2046 879 per
2068 827 2187 865 sese
2219 829 2323 865 non
2343 825 2513 878 erant,
2543 833 2635 870 eas
2659 818 2710 869 in
2747 820 2918 873 malas
2940 827 3307 880 commutarit.

44 913 179 964 Θεὸν
215 916 419 982 φύσει
457 917 655 990 ἀσθενῆ
684 920 812 974 ὄντα
833 900 1116 993 τολμήσεις
1168 900 1371 989 εἰπεῖν,
1408 929 1534 997 περὶ
1564 929 1619 979 τῐ

1759 900 1827 954 At
1858 901 1992 954 forte
2031 917 2097 954 ne
2132 905 2301 959 malas
2330 907 2543 974 quidem
2566 909 2850 976 qualitates
2868 911 3074 965 Deusin
3114 915 3307 968 melio-

49 1004 356 1073 σωτηρίας
389 1007 572 1077 αὐτῆς
596 1009 914 1064 κινδυνεύειν
943 1030 1028 1082 μοι
1050 1014 1220 1077 δοκεῖς
1240 1031 1253 1044 °
1294 1017 1342 1067 εἰ
1388 1015 1442 1067 δὲ
1578 1035 1619 1068 νε

1760 1005 1844 1044 res
1877 995 2159 1053 convertit,
2193 997 2284 1048 sed
2318 996 2551 1064 reliquas
2609 1007 2815 1051 tantum
2839 1039 2853 1063 ,
2908 999 3012 1053 hoc
3060 1015 3140 1054 est
3189 1018 3305 1070 eas,

51 1071 261 1144 κεῖσθαι
303 1095 484 1165 φόϐῳ
666 1099 758 1151 τοῦ
791 1071 1062 1168 μείζονος,
1108 1071 1323 1171 μείζονα
1372 1071 1528 1155 ἔσται.
1563 1122 1619 1156 το

1757 1082 1953 1149 quibus
1979 1083 2110 1137 nihil
2137 1095 2280 1140 esset
2311 1101 2429 1140 cum
2457 1088 2610 1142 bonis
2648 1091 2869 1144 malisve
2898 1108 3206 1162 commune,
3241 1103 3302 1150 ut

55 1183 186 1236 Θεοῦ
215 1185 299 1238 τὰ
328 1187 529 1251 κακὰ,
575 1189 805 1241 νικῶντα
838 1191 936 1259 τῆς
965 1193 1329 1262 προαιρέσεως
1361 1194 1522 1246 αὑτοῦ
1561 1195 1619 1266 τὴ

1755 1174 1928 1242 major
1955 1190 2019 1228 ex
2063 1190 2123 1228 ea
2171 1179 2466 1231 mulatione
2515 1189 2740 1235 ornatus
2781 1183 3049 1237 existeret.
3081 1185 3152 1239 Ita
3182 1189 3305 1256 qui-

59 1277 264 1345 ὁρμήν·
329 1277 494 1346 ὅπερ
525 1279 719 1331 ἄτοπον
747 1277 882 1332 εἷναί
918 1298 1006 1351 μοι
1038 1281 1211 1350 λέγειν
1239 1283 1363 1352 περὶ
1407 1283 1538 1336 Θεοῦ
1574 1263 1619 1336 δέ

1755 1263 1877 1317 dem
1924 1265 2036 1333 jam
2064 1265 2186 1320 inde
2215 1271 2280 1320 ab
2310 1268 2464 1321 initio
2493 1273 2804 1325 sentiebam.
2837 1273 3114 1339 Quomodo
3141 1278 3302 1346 igitur

60 1367 153 1417 κεῖ.
189 1365 296 1417 Διὰ
324 1366 392 1418 τί
431 1367 540 1438 γὰρ
567 1369 684 1437 οὐχὶ
710 1369 902 1438 μᾶλλον
928 1369 1075 1423 ταῦτ’
1097 1372 1304 1425 ἔσονται
1341 1373 1468 1437 θεοὶ,
1500 1375 1619 1443 νικᾷ

1752 1368 1872 1421 qua:
1906 1359 2057 1410 mala:
2078 1373 2170 1426 per
2213 1375 2331 1413 sese
2371 1368 2525 1413 erant
2551 1403 2565 1425 ,
2596 1378 2688 1416 eas
2715 1365 2833 1417 sine
2863 1366 2967 1419 ulla
3003 1370 3298 1423 mutatione

59 1456 194 1506 κατὰ
225 1454 328 1506 τὸν
370 1455 540 1523 λόγον
586 1458 672 1510 σὸν
701 1459 980 1528 δυνάμενοι
1025 1460 1132 1528 (16)
1175 1461 1262 1513 τὸν
1301 1462 1461 1523 Θεὸν,
1497 1462 1613 1514 εῐπε

1751 1446 1967 1501 relictas
2001 1448 2077 1519 ab
2112 1464 2176 1502 eo
2215 1451 2382 1504 fuisse
2409 1451 2534 1504 ais?
2561 1453 2638 1504 An
2672 1455 2814 1522 quod
2847 1449 2964 1510 illas
3017 1469 3074 1511 ut
3109 1461 3296 1514 tollere

68 1544 194 1597 θεὸν
215 1547 414 1599 ἐκεῖνό
464 1566 672 1618 φαμεν,
719 1549 747 1600 ὃ
786 1549 880 1619 τὴν
915 1551 1164 1603 ἁπάντων
1218 1552 1460 1618 ἐξουσίαν
1499 1552 1644 1622 ἔχει;

78 1635 272 1704 Βραχέα
307 1638 377 1689 δέ
435 1655 530 1690 σου
562 1639 654 1692 καὶ
688 1639 814 1710 περὶ
857 1641 954 1710 τῆς
1012 1641 1140 1710 ὕλης
1177 1643 1342 1712 αὐτῆς
1389 1643 1647 1695 πυθέσθαι

80 1725 348 1797 βούλομαι.
394 1731 515 1782 Καὶ
555 1731 645 1800 μοὶ
679 1731 853 1800 φέρων
885 1730 1025 1796 λέγε,
1059 1733 1280 1803 πότερον
1313 1735 1456 1804 ἁττλῆ
1475 1752 1554 1798 τις
1580 1735 1646 1806 ἦν

77 1817 100 1885 ἡ
129 1816 218 1887 ὕλη
251 1818 287 1888 ἢ
317 1817 625 1883 σύνθετος;
657 1823 688 1890 ἡ
718 1821 825 1891 γὰρ
858 1821 1084 1892 διαφορὰ
1111 1821 1216 1874 τῶν
1246 1825 1538 1890 γεγονότων
1566 1829 1644 1888 εἰς

1749 1539 1994 1593 similiter
2023 1557 2086 1595 ac
2115 1542 2290 1597 delere
2324 1547 2585 1612 potuisset
2612 1586 2626 1609 ,
2685 1551 2914 1602 noluerit
2955 1561 3128 1604 tamen
3154 1592 3167 1614 ,
3225 1569 3293 1607 an

1747 1630 1946 1696 potius,
1999 1634 2141 1700 quod
2193 1633 2244 1685 id
2276 1637 2528 1701 perﬁcere
2556 1639 2699 1690 nullo
2722 1641 2880 1693 modo
2905 1644 3135 1715 potuerit
3172 1644 3194 1696 ἶ)
3234 1644 3291 1698 Si

1746 1721 1982 1785 potuisse
2049 1724 2318 1789 concedis,
2371 1742 2530 1795 negas
2569 1728 2836 1782 voluisse:
2897 1731 3107 1785 illarum
3157 1750 3291 1788 cau-

1745 1824 1858 1861 sam
1887 1810 1940 1862 in
1965 1809 2128 1864 Deum
2157 1813 2399 1869 conferas
2424 1833 2642 1871 necesse
2675 1830 2777 1883 est,
2807 1822 2897 1890 qui
2929 1837 3048 1875 cum
3078 1839 3168 1878 eas
3205 1826 3291 1880 in-

65 1907 315 1978 τοιαύτην
371 1928 446 1980 με
480 1912 815 1981 περιίστησιν
860 1912 1096 1976 ἐξέτασιν
1128 1914 1276 1966 τοῦδε
1322 1914 1414 1967 τοῦ
1460 1916 1616 1984 λόγου

1744 1909 1864 1952 nata
1898 1903 2099 1956 malitia
2147 1903 2373 1961 liberare
2407 1918 2605 1975 posset,
2642 1927 2796 1965 suam
2849 1923 3025 1968 tamen
3059 1916 3126 1969 iis
3159 1933 3290 1970 con-

68 1998 257 2072 Ειγὰρ
287 2000 452 2072 ἀπλῆ
505 2019 590 2065 τις
644 2003 935 2073 ἐτύγχανεν
981 2003 1139 2076 ἡῦλη
1185 2007 1276 2057 καὶ
1330 2007 1634 2078 μονοειδής·

70 2089 315 2154 σύνθετος
350 2093 418 2145 δὲ
453 2097 483 2146 ὁ
515 2095 715 2164 κόσμος
743 2096 875 2164 (I7),
902 2095 994 2148 καὶ
1037 2098 1098 2148 ἐκ
1133 2096 1401 2167 διαφόρων
1444 2100 1638 2154 οὐσιῶν

72 2200 123 2235 τε
153 2186 244 2236 καὶ
267 2187 532 2256 κράσεων
558 2186 653 2257 τὴν
671 2186 921 2239 σύστασιν
943 2187 1049 2256 ἔχει
1071 2204 1084 2251 ;
1119 2188 1220 2240 Τὸν
1244 2189 1350 2259 γὰρ
1384 2190 1493 2260 (I8)
1516 2191 1638 2243 σύν-

74 2273 207 2327 θετον
232 2278 436 2329 ἁπλῶν
470 2295 626 2330 τινων
652 2277 793 2348 μίξιν
825 2280 1029 2348 μηνύει.
1064 2281 1123 2332 Εἰ
1152 2280 1196 2332 δ’
1223 2277 1286 2334 αὖ
1341 2283 1499 2336 πάλιν
1535 2283 1634 2354 τὴν

83 2365 190 2435 ὕλην
217 2369 483 2421 σύνθετον
509 2370 682 2436 λέγειν
708 2371 925 2434 ἐθέλοις,
952 2372 1166 2434 πάντως
1190 2371 1244 2438 ἐξ
1269 2373 1452 2426 ἁπλῶν
1476 2392 1632 2427 τινων

80 2461 444 2512 συντεθεῖσθαι
479 2463 686 2532 φήσεις.
734 2465 794 2515 Εἰ
827 2463 882 2514 δὲ
932 2464 988 2528 ἐξ
1027 2465 1206 2517 ἁπλῶν
1250 2467 1520 2536 συνετέθη,
1564 2463 1631 2538 ἦν

76 2567 190 2602 ποτε
224 2553 352 2604 καθ’
382 2554 549 2606 ἑαυτὰ
579 2556 684 2625 (l9)
707 2556 773 2608 τὰ
808 2556 970 2615 ἁπλᾶ,
1006 2550 1079 2608 ὦν
1108 2558 1463 2610 συντεθέντων
1486 2598 1500 2620 ,
1539 2561 1630 2627 γέ-

70 2644 265 2710 γονενὴ
297 2642 422 2711 ὕλη,
454 2643 507 2708 ἐξ
532 2637 701 2714 οὕπερ
722 2645 811 2697 καὶ
839 2644 1068 2715 γεννητὴ
1095 2640 1225 2698 οὖσα
1247 2633 1530 2704 δείκνυται.
1565 2647 1626 2698 Εἰ

73 2729 175 2801 γὰρ
208 2733 460 2797 σύνθετος
488 2738 519 2806 ἡ
551 2735 669 2806 ὕλη,
705 2736 772 2787 τὰ
793 2737 847 2788 δὲ
871 2735 1093 2789 σύνθετα
1119 2734 1178 2800 ἐξ
1209 2736 1390 2788 ἁπλῶν
1412 2737 1507 2806 τὴν
1535 2736 1627 2787 σύ-

73 2837 259 2873 στασιν
295 2823 426 2892 ἔχει,
445 2821 507 2896 ἦν
537 2844 665 2878 ποτε
693 2826 894 2893 καιρὸς,
920 2826 1003 2876 ὅτε
1024 2825 1118 2895 ὕλη
1140 2827 1237 2878 οὐκ
1265 2822 1351 2896 ἦν,
1384 2826 1622 2877 τουτέστι

76 2911 204 2978 πρὶν
235 2911 301 2963 τὰ
335 2914 472 2967 ἁπλᾶ
505 2914 793 2968 συνελθεῖν.
821 2915 880 2965 El
908 2913 963 2964 δὲ
990 2910 1056 2983 ἦν
1089 2931 1215 2965 ποτε
1262 2913 1450 2984 καιρὸς
1473 2955 1486 2977 ,
1534 2916 1620 2966 ὅτε

74 2999 166 3070 ὕλη
194 3003 294 3054 ούκ
317 3000 402 3074 ἦν,
431 3007 524 3057 οὐκ
553 3002 620 3075 ἦν
646 3006 701 3057 δέ
734 3019 861 3056 ποτε
891 3004 1099 3072 καιρὸς,
1131 3004 1216 3055 ὅτε
1250 3003 1308 3054 τὸ
1335 3004 1620 3072 ἀγέννητον

79 3093 168 3142 οὐκ
189 3088 284 3163 ἦν·
312 3097 409 3147 οὐκ
440 3097 588 3149 ἔσται
616 3095 902 3166 ἀγέννητος
933 3097 964 3164 ἡ
1013 3092 1131 3162 ὕλη.
1178 3093 1249 3144 Τὸ
1284 3093 1326 3144 δ’
1373 3092 1618 3145 ἐντεῦθεν

83 3183 220 3234 ἔσται
261 3187 423 3240 πολλὰ
475 3188 544 3241 τὰ
587 3189 874 3258 ἀγέννητα.
937 3188 995 3238 Εἰ
1039 3185 1144 3255 γὰρ
1183 3181 1249 3254 ἦν
1282 3185 1615 3252 ἀγέννητοςὸ

1739 1989 1996 2045 ditionem
2031 1995 2328 2064 relinquere
2347 1999 2613 2062 maluerit,
2652 2017 2760 2070 quo
2787 2005 3125 2071 potissimum
3151 2016 3286 2060 tem-

1737 2092 1866 2146 pore
1937 2085 2248 2137 niateriam‘
2288 2086 2668 2143 elaboranilam
2733 2092 3285 2165 conformandamque

1735 2171 2045 2240 susciperet.
2084 2175 2213 2228 Nam
2239 2177 2282 2230 si
2329 2180 2603 2232 materiam
2642 2198 2841 2252 susque
2869 2186 3040 2254 deque
3065 2187 3284 2242 habuis-

1737 2270 1840 2325 set,
1903 2278 2008 2315 non
2030 2265 2138 2332 jam
2164 2268 2483 2334 qualitatum
2517 2285 2722 2334 earum,
2755 2289 2892 2341 quas
2910 2275 3144 2344 integras
3166 2292 3281 2330 ma-

1732 2367 1858 2405 nere
1902 2353 2154 2420 sinebat,
2211 2372 2372 2410 causa
2421 2359 2708 2414 diceretur.
2755 2362 2905 2418 Nune
2959 2382 3118 2430 vero,
3151 2383 3276 2423 cum

1730 2441 1970 2509 ejusdem
1999 2446 2233 2500 materiae
2262 2458 2466 2516 partem
2519 2453 2803 2518 expoliret,
2839 2465 3040 2523 partem
3072 2457 3278 2528 indige-

1729 2542 1862 2583 stam
1895 2548 1956 2586 ac
1989 2534 2193 2600 rudem,
2235 2537 2308 2589 uti
2359 2551 2511 2602 erat,
2550 2541 2880 2609 relinqueret
2923 2563 2936 2596 :
2990 2545 3081 2612 qui
3127 2547 3272 2614 quod

1728 2623 1993 2677 malorum
2039 2639 2339 2695 supererat,
2397 2631 2588 2685 melius
2635 2631 2841 2686 efﬁcere
2883 2638 3168 2702 potuisset,
3222 2640 3269 2693 is

1726 2711 1853 2762 mihi
1890 2713 2104 2778 quidem
2137 2714 2306 2782 culpa:
2335 2716 2562 2785 alicujus
2616 2718 2788 2773 alIinis
2844 2722 3054 2775 videtur
3077 2723 3266 2789 fuisse,

1724 2805 1850 2857 dum
1887 2805 1938 2857 in
1993 2806 2156 2860 altera
2189 2809 2425 2861 materiae
2475 2820 2622 2878 parte
2669 2813 2905 2864 nativam
2953 2815 3115 2867 etiam
3154 2827 3267 2892 tum

1724 2897 1980 2948 malitiam
2013 2898 2064 2949 in
2095 2899 2211 2967 ejus
2245 2916 2402 2967 quam
2438 2903 2757 2967 elaboraret,
2791 2905 3014 2958 exitium
3064 2907 3268 2978 liaarere

1720 2995 2009 3053 pateretur.
2040 2987 2103 3040 Et
2124 2991 2337 3057 quidem
2369 2995 2543 3059 gravis
2575 3008 2795 3060 prorsus
2830 2998 2928 3049 hoc
2954 2997 3006 3048 in
3031 3014 3260 3072 genere,

1722 3077 1865 3140 huic,
1903 3095 2062 3146 quani
2105 3083 2418 3146 elaboravit,
2475 3088 2712 3140 materia:
2747 3090 2880 3155 parti
2911 3130 2926 3154 ,
2957 3093 3264 3146 eonomine

1718 3168 1855 3223 facta
1880 3173 2090 3226 videtur
2114 3176 2478 3243 injuria,quod
2503 3187 2701 3231 tantam
2725 3180 2982 3234 malorum
3000 3184 3106 3236 vim
3134 3186 3261 3238 sub-

88 3273 223 3337 Θεὸς,
250 3279 334 3330 καὶ
353 3280 419 3331 τὰ
446 3280 611 3342 ἁπλᾶ,
649 3279 705 3344 ἐξ
733 3274 805 3331 ὧν
836 3282 868 3349 ἡ
897 3278 991 3347 ὕλη
1021 3277 1294 3345 συνετέθη,
1328 3276 1424 3327 οὐκ
1466 3274 1613 3326 ἔσται

1719 3264 1792 3314 ire
1835 3278 1897 3316 ac
1943 3266 2212 3318 sustinere
2257 3277 2503 3333 cogatur.
2537 3268 2795 3337 Quisquis
2819 3273 2960 3324 enim
3014 3283 3260 3328 accurate

86 3354 164 3408 δύο
182 3362 306 3429 μόνα
329 3365 396 3417 τὰ
427 3367 716 3435 ἀτίέννητα.
751 3368 903 3417 Δοκεῖ
931 3366 985 3416 δέ
1019 3382 1097 3416 σοι
1130 3365 1292 3434 μηδὲν
1318 3365 1420 3417 τῶν
1448 3363 1612 3416 ὄντων

1718 3367 1826 3404 rem
1874 3354 2144 3407 mstimare
2175 3356 2333 3418 volet,
2371 3356 2418 3409 is
2450 3357 2607 3424 longe
2641 3359 2957 3413 deteriorem
2997 3361 3097 3416 hoc
3126 3373 3259 3417 tem-

1713 3458 1861 3510 pore,
1881 3461 2039 3513 quam
2060 3446 2296 3514 impolita
2327 3448 2454 3500 dum
2473 3451 2875 3511 esset,materi:e
2894 3451 3256 3510 conditionem

1709 3550 1828 3589 esse
1863 3538 2107 3604 reperiet.
2140 3538 2268 3590 Nam
2294 3547 2578 3607 antequam
2603 3540 2775 3593 varias
2821 3541 3151 3610 digereretur
3201 3549 3252 3604 in

1708 3637 1914 3693 partes,
1972 3629 2174 3680 nullum
2203 3645 2265 3682 ea
2306 3631 2568 3683 malorum
2597 3646 2814 3685 suorum
2864 3635 3092 3688 habebat
3132 3652 3256 3691 sen~

1708 3734 1850 3781 sum,
1904 3735 2011 3787 quo
2043 3735 2184 3773 nunc
2212 3730 2390 3788 partes
2413 3722 2530 3790 ejus
2553 3723 2779 3791 singula:
2805 3724 3143 3779 vehementer
3172 3727 3253 3780 la-

1704 3809 1914 3862 borant.
1965 3810 2139 3879 Atque
2185 3822 2240 3864 ut
2276 3812 2344 3865 ab
2397 3813 2613 3867 homine
2642 3826 2886 3868 sumatur
2920 3818 3245 3885 exemplum,

1702 3899 2013 3966 priusquam
2049 3903 2246 3956 animal
2283 3902 2494 3971 opificis
2519 3913 2633 3974 arte
2663 3905 3052 3960 conformatum
3082 3919 3248 3973 esset,

1674 4005 1727 4040 Ia
1761 4002 1947 4042 natura
2005 3991 2104 4044 hoc
2143 3994 2388 4057 habebat,
2423 3993 2553 4045 nihil
2583 4004 2640 4046 ut
2676 3996 2896 4050 omnino
2939 3996 3062 4052 mali
3098 4008 3247 4067 pate.

1697 4091 1861 4132 retur.
1905 4079 1982 4132 Ex
2038 4097 2144 4149 quo
2179 4091 2354 4134 autem
2389 4099 2417 4135 a
2455 4082 2559 4136 Deo
2587 4098 2898 4152 procreatus
2948 4088 3110 4142 homo
3141 4099 3243 4156 est,

1697 4172 1819 4223 mali
1845 4172 2002 4224 etiam
2034 4172 2359 4226 imminentis
2387 4189 2545 4227 sensu
2580 4176 2824 4230 afﬁcitur.
2881 4178 2972 4242 lta,
3005 4181 3145 4248 quod
3186 4194 3242 4235 tu

1693 4262 1858 4315 divini
1905 4278 2030 4331 erga
2084 4248 2358 4316 materiam
2415 4264 2662 4320 Numinis
2707 4268 3025 4322 beneficium
3079 4271 3242 4325 inter-

1692 4354 1939 4421 pretaris,
1973 4354 2074 4407 hoc
2105 4355 2202 4422 ipsi
2232 4355 2341 4421 jam
2375 4357 2425 4409 in
2452 4357 2688 4411 deterius
2712 4360 2941 4412 cessisse
2985 4361 3234 4428 reperies.

83 4437 282 4514 τὸῦδωρ,
308 4448 400 4498 τοῦ
426 4447 481 4498 δὲ
512 4447 731 4509 σκότους
758 4447 817 4498 τὸ
841 4447 972 4514 φῶς,
1002 4448 1092 4498 καὶ
1126 4446 1288 4497 τᾶλλα
1339 4446 1438 4498 ὅσα
1475 4448 1588 4498 τού-

1718 4443 1845 4514 ι45
1875 4443 1989 4497 Jam
2015 4461 2158 4508 vero,
2192 4447 2233 4499 si
2267 4447 2406 4514 quod
2440 4449 2577 4501 ma'la
2606 4448 2746 4501 Deus
2769 4451 2952 4504 tollere
2981 4465 3086 4503 non
3143 4466 3236 4518 po-

79 4543 166 4594 ¹’νοις
188 4537 524 4606 παραπλήσια
545 4554 557 4601 ;
580 4539 750 4589 Δοκεῖ.
771 4537 972 4589 Οὐκοῦν
996 4539 1042 4588 εἰ
1066 4537 1131 4588 τὰ
1160 4536 1294 4607 μέρη
1320 4537 1416 4587 οὐκ
1443 4537 1584 4590 ἔστιν

1721 4538 1878 4598 υετὶι,
1915 4537 2098 4588 eadem
2133 4539 2425 4604 perstitisse
2456 4539 2621 4603 voles,
2665 4539 2832 4593 Deum
2891 4554 3017 4609 ergo
3061 4542 3230 4606 impo—

86 4618 277 4692 ἁλληλων
299 4626 632 4696 ἀναιρετικὰ,
659 4627 754 4686 οὐκ
777 4626 923 4676 ἔσται
959 4626 1197 4695 ἀλλήλων
1242 4627 1399 4695 μέρη.
1445 4628 1505 4678 Εἰ
1529 4628 1583 4680 δὲ
1616 4673 1619 4680 λ

1718 4635 1879 4678 autem
1905 4625 2054 4679 facis.
2090 4625 2356 4694 lmpotens
2398 4638 2574 4680 autem
2622 4630 2664 4683 si
2728 4631 2850 4692 erit,
2896 4640 2987 4683 aut
3017 4639 3230 4697 pr0pter

82 4711 152 4763 οὐκ
171 4714 299 4769 ἐστιν
318 4719 556 4787 ἀλλήλων
582 4717 739 4786 μέρη,
760 4717 856 4767 οὐκ
870 4717 1076 4770 ἔσονται
1101 4718 1228 4787 ὕλης
1255 4720 1398 4787 μιᾶς.
1431 4719 1588 4770 Ἀλλὰ

1718 4715 1928 4765 nativam
1961 4714 2374 4768 imbecillitatem
2409 4717 2528 4779 erit,
2563 4727 2655 4770 aut
2699 4719 2841 4785 quod
2895 4718 3140 4771 servilem
3176 4718 3228 4771 in

86 4801 162 4868 μὴν
193 4808 286 4860 οὐδ’
328 4784 467 4863 αὲτὰ
511 4784 717 4862 ἔσονται
745 4807 840 4876 ὕλη
876 4808 952 4876 τῷ
978 4809 1138 4876 μηδέν
1181 4784 1232 4873 τι
1257 4784 1376 4858 *τῶν
1414 4807 1579 4859 ὀντων

1723 4804 1925 4866 nodum,
1961 4805 2272 4870 petentioris
2300 4806 2746 4873 alicujusterrore
2777 4815 3079 4871 superetur.
3133 4806 3231 4863 Na-

83 4889 177 4943 αὑτὸ
199 4895 374 4952 ἑαυτοῦ
394 4899 734 4970 ’ἀναιρετικὸν
761 4897 1037 4966 ὑπάρχειν,
1061 4898 1199 4949 κατὰ
1217 4897 1304 4948 τὸν
1322 4897 1410 4948 τοῦ
1436 4898 1579 4948 ἀντι-

1718 4909 1804 4945 ura
1835 4893 2181 4957 imbecillum,
2229 4896 2363 4948 citra
2409 4895 2750 4950 manifestum
2787 4895 2976 4950 salutis
3008 4900 3224 4965 pericu-

86 4983 283 5049 κειμένου
304 4989 479 5057 λόγον.
519 4991 650 5042 osa:
673 4990 778 5058 γάρ
808 4990 922 5039 ἐστι
945 4987 997 5038 τὶ
1021 4988 1166 5056 αὑτῴ
1192 4987 1571 5054 ἀντικείμενοψ

1718 5001 1815 5045 nn,
1844 4983 2105 5036 aﬂirmare
2133 4985 2354 5039 audebis
2381 5000 2676 5053 nunquam.
2723 4984 2815 5037 Sin
2860 4987 3082 5054 majoris
3113 4988 3224 5043 for-

82 5067 132 5120 τὰ
161 5072 251 5145 γὰρ
282 5079 624 5149 ἀντικείμενα
645 5122 658 5143 ,
697 5078 897 5149 ἑτέροις
922 5078 1250 5129 ἀντικεῖσθαι
1301 5078 1535 5144 πέφυκεν
1559 5095 1570 5105 ⁸

1718 5074 1880 5126 iidine
1910 5075 2106 5126 victum
2134 5090 2251 5128 esse
2277 5077 2444 5140 dices,
2475 5075 2609 5128 mala
2648 5073 2755 5129 Deo
2797 5076 2959 5129 simul
2987 5087 3208 5144 antepo-

84 5152 163 5212 οἷον
183 5164 231 5215 τὸ
252 5166 433 5221 λευκὸν
459 5171 589 5222 αὐτὸ
611 5170 784 5239 ἐαυτῷ
805 5170 902 5220 οὐκ
924 5169 1247 5229 ἀντίκειται,
1273 5169 1405 5236 πρὸς
1438 5168 1491 5218 δὲ
1518 5169 1575 5219 τὸ

1719 5181 1794 5229 es,
1831 5179 1949 5231 quae
1994 5164 2099 5215 vim
2145 5165 2260 5232 ejus
2315 5167 2679 5234 impetumque
2721 5167 3012 5221 voluntatis
3046 5167 3219 5235 impe-

86 5249 211 5310 μέλαν
230 5255 584 5326 ἀντικείμενον
603 5259 811 5325 λέγεται
832 5276 843 5287 ·
874 5259 974 5320 καὶ,
989 5257 1048 5308 τὸ
1075 5257 1186 5322 φῶς
1209 5257 1402 5324 ὁμοίως
1447 5259 1572 5308 ἐαυ-

1720 5257 1846 5306 iant.
1877 5252 2029 5317 Quod
2075 5271 2202 5308 sane
2236 5257 2300 5309 de
2329 5266 2515 5308 natura
2564 5256 2746 5310 divina
2778 5256 3052 5326 praedicari
3106 5273 3212 5310 non

87 5337 138 5404 τῷ
157 5344 215 5414 μὴ
239 5348 558 5402 ἀντικεῖσθαι
580 5349 861 5414 δείκνυται,
890 5349 1020 5418 πρὸς
1035 5348 1088 5398 δὲ
1113 5347 1171 5397 τὸ
1198 5348 1381 5407 σκότος
1406 5347 1573 5406 οὕτως

1718 5345 1778 5395 isi
1814 5342 2045 5395 absurde
2087 5353 2279 5411 potest.
2311 5343 2502 5408 Quidni
2533 5346 2676 5398 enim
2727 5348 2865 5400 mala
2894 5346 3009 5415 ipsa
3037 5349 3214 5415 potius

87 3451 197 3502 αὐτὸ
239 3455 412 3524 ἑαυτῷ
446 3455 806 3519 ἁντικεῖσθαι;
861 3455 1033 3509 Δοκεῖ.
1097 3456 1411 3508 Ἀντίκειται
1453 3454 1611 3524 δὲτῷ

93 3542 194 3611 πυρὶ
216 3543 274 3594 τὸ
308 3544 491 3614 ὕδωρ;
543 3544 894 3597 Ἀντικεῖσθαί
927 3537 1024 3613 ’μοι
1072 3545 1333 3612 φαίνεται.
1376 3543 1608 3614 ’Ὁμοίως

89 3628 130 3681 δὲ
147 3634 227 3684 καὶ
249 3634 326 3703 τῷ
350 3636 484 3702 φωτὶ
509 3634 567 3686 τὸ
590 3633 794 3697 σκότος,
825 3635 916 3691 καὶ
943 3634 1018 3704 τῷ
1050 3635 1239 3705 ψυχρῷ
1286 3636 1344 3688 τὸ
1387 3634 1603 3704 θερμὸν,

84 3722 198 3787 πρὸς
221 3723 280 3794 δὴ
302 3726 509 3786 τούτοις
536 3726 627 3777 καλ⁵
652 3724 727 3793 τῷ
753 3722 896 3794 ξηρῷ
917 3725 976 3775 τὸ
1017 3725 1208 3795 ὑγρὸν;
1245 3725 1428 3787 Οὕτως
1464 3727 1604 3794 ἔχειν

87 3827 165 3876 μοι
184 3813 332 3868 δοκεῖ.
361 3817 562 3869 Οὐκοῦν
584 3816 754 3886 (20)εἰ
779 3815 942 3884 μηδὲν
958 3814 1063 3866 τῶν
1088 3816 1252 3868 ὄντων
1276 3817 1404 3869 αὐτὸ
1430 3817 1602 3886 ἑαυτῷ

83 3905 379 3972 ἀντίκειται,
415 3911 515 3963 οὐκ
552 3910 759 3962 ἔσονται
787 3907 883 3978 ὕλη
910 3908 1039 3977 μία.
1088 3907 1206 3959 οὐδὲ
1250 3907 1353 3976 μὴν
1389 3908 1444 3973 ὲξ
1471 3907 1600 3977 ὕλης

85 3993 217 4057 μιᾶς.
269 3997 467 4065 Ὅμοιον
504 4000 561 4052 δέ
595 4017 715 4052 τινα
751 3998 922 4066 τούτῳ
964 3999 1117 4064 λόγον
1148 3997 1306 4051 πάλιν
1339 3999 1597 4051 πυθέσθαι

87 4096 162 4132 σου
188 4082 442 4156 βούλομαι.
472 4091 630 4142 Δοκεῖ
652 4106 733 4141 σοι
756 4088 821 4140 τὰ
852 4088 986 4158 μέρη
1020 4086 1092 4155 μὴ
1131 4087 1446 4155 ἀναιρετικὰ
1471 4103 1598 4153 τυγ-

81 4171 235 4235 χάνειν
257 4177 488 4248 ἀλλήλων
515 4197 528 4242 ;
560 4182 728 4234 Δοκεῖ.
760 4176 908 4232 Εἶναι
933 4178 987 4229 δὲ
1013 4178 1108 4245 τῆς
1136 4177 1262 4245 ὕλης
1291 4178 1428 4246 μέρη
1453 4178 1510 4228 τό
1536 4195 1593 4228 τε

88 4259 174 4328 πῦρ
190 4266 271 4316 καὶ
300 4267 459 4337 ὕδωρ,
486 4266 742 4331 ὡσαύτως
763 4270 818 4322 δὲ
844 4270 932 4320 καὶ
960 4268 1026 4320 τὰ
1040 4268 1228 4330 λοιπάς
1258 4267 1440 4331 Οὕτως
1460 4269 1587 4337 ἔχει.

71 4344 137 4408 ,Τί
155 4349 215 4412 δὲ,
239 4355 294 4404 οὐ
315 4354 459 4407 δοκεῖ
484 4373 564 4408 σοι
587 4357 971 4425 ἀνατρεπτικὸν
1003 4357 1097 4424 μὲν
1135 4351 1270 4406 εἶναι
1297 4354 1386 4406 τοῦ
1426 4356 1591 4426 πυρὸς

1743 5480 1852 5554 (19)
1877 5476 1984 5554 Ἦν
2011 5495 2151 5535 ποτε
2185 5482 2309 5536 καθ’
2341 5482 2539 5536 ἑαυτά.
2574 5482 2765 5554 Negari
2811 5481 2965 5537 facile
3007 5494 3209 5552 posset,

1671 5553 1809 5620 quod
1843 5552 1926 5602 hic
1958 5554 2268 5605 assumitur.

1741 5621 1848 5694 {20)
1881 5621 2127 5694 Ofixoivr.
2155 5620 2227 5694 _Et
2256 5622 2373 5694 haec
2406 5622 2788 5694 consequentia
2818 5624 3012 5691 oppido
3043 5639 3207 5694 qnam

1668 5689 2056 5764 ititirnia;_'l:ota
2083 5690 2224 5742 enim
2255 5689 2368 5745 haec
2400 5692 2772 5762 ἀντιμάχησις,
2803 5689 3021 5747 est‘xat'
3050 5689 3205 5764 εἶδος,

1667 5773 1772 5812 non
1804 5757 1923 5808 καθ’
1954 5758 2099 5827 ὕλην.

133 5476 218 5554 ςίϐ)
257 5485 593 5554 Δυνάμενοι.
637 5484 856 5539 Prtestat
902 5485 1121 5538 omnino
1170 5483 1456 5552 δυνάμενα,
1509 5490 1564 5535 ut

89 5545 289 5606 referatur
308 5558 373 5609 ad
403 5545 593 5613 ταῦτα,
626 5570 728 5605 non
755 5556 817 5606 ad
851 5557 994 5609 Θέον.

135 5615 219 5686 (Π)
244 5626 525 5688 Σύνθετος
568 5621 634 5674 δὲ
682 5625 714 5674 δ
762 5624 1002 5690 κόσμος.
1033 5623 1213 5676 Mutila
1263 5622 1362 5673 ista
1413 5627 1558 5674 sunt.

85 5679 316 5762 “Simiae-le
367 5695 446 5746 sic
497 5679 730 5761 expleas,
783 5679 896 5753 πῶξ
939 5679 1002 5762 δὴ
1059 5690 1303 5752 σύνθετός
1353 5692 1495 5741 ἐστιν
1533 5690 1560 5739 ό

90 5750 247 5820 κόσμος,
270 5763 377 5825 καί,
408 5771 510 5814 etc.

133 5825 214 5895 H8)
245 5833 340 5884 Τὸν
360 5830 488 5896 γάρ,
523 5828 774 5885 Rescribe
804 5830 861 5882 τὸ
885 5829 1007 5900 γάρ.
