3988 6340
711 394 814 448 εδδ
1344 388 1608 444 eusenu
1648 388 2124 443 cmsanmnsrs
2160 385 2311 443 opp.
2355 385 2532 439 PAns
2569 384 2630 437 ιι.
2670 415 2739 425 -
2776 355 3277 444 APoLocETICA.
3818 393 3903 446 ssi
3952 355 3953 448 ἕ

707 508 929 561 deorum
959 507 1075 557 loco
1107 503 1432 564 habeantur,
1470 503 1515 555 si
1543 513 1594 556 et
1634 503 1822 566 Deum,
1854 513 1913 556 ut
1959 503 2062 565 ais,
2097 516 2259 569 supe»

2326 524 2340 558 ι
2369 499 2504 568 ἔχων
2534 499 2776 566 φαίνεται
2797 515 2832 590 ’Ἴ
2859 500 2950 550 καὶ
2989 498 3121 552 ἄλλα
3147 499 3274 567 γοῦν
3311 500 3508 570 ὁμοίως
3549 501 3771 554 πλεῖστα
3803 504 3901 559 ὅσα.

708 614 828 651 rare
871 606 1121 666 possunt,
1151 606 1203 648 et
1237 594 1407 648 Deum
1437 594 1566 647 illud
1604 609 1723 647 esse
1765 595 1979 647 demum
2018 592 2264 662 agnosci-

2373 595 2434 646 Εί
2458 595 2631 645 τοίνυν
2664 594 2756 645 καὶ
2781 591 2877 662 ὕλη
2909 593 3003 662 μία
3027 611 3110 657 τις
3129 591 3216 664 ἦν,
3241 596 3339 648 οὑκ
3375 595 3439 647 ἂν
3463 595 3600 665 αὐτὴ
3642 597 3776 665 αὐτῇ
3800 599 3904 650 ἀντ-

710 706 851 752 mus,
877 689 1020 757 quod
1045 702 1312 742 summam
1340 687 1533 740 habeat
1557 703 1734 739 rerum
1762 686 2002 737 omnium
2035 694 2264 753 potesta-

2372 687 2564 738 έκειτο.
2633 685 2787 738 Οὕτω
2836 685 2892 737 δὲ
2923 686 3028 739 τῶν
3062 688 3442 756 ἀντικειμένων
3468 687 3719 756 ἐχόντων,
3747 691 3800 741 τὸ
3846 695 3900 761 μὴ

712 782 848 834 tem?
892 780 993 834 Sed
1038 779 1192 848 juvat
1221 787 1500 847 prmterea,
1537 777 1794 830 nonnulla
1823 793 1886 830 ex
1921 787 1971 829 te
1999 777 2065 830 de
2097 783 2263 827 mate-

2371 771 2506 828 εἶναι
2535 777 2629 846 τὴν
2655 776 2784 846 ὓλην
2812 776 3101 830 δείκνυται.
3135 797 3151 828 ι
3180 777 3424 830 Τοσαῦτα
3465 779 3557 831 καὶ
3592 780 3619 829 ὁ
3657 780 3901 851 προδηλω-

710 874 788 925 ria
822 887 1080 941 quaerere.
1137 870 1231 925 Dic
1286 871 1469 940 igitur,
1522 870 1716 923 amabo
1763 877 1836 932 te,
1891 869 2263 936 simplicemne

2371 866 2480 930 θεὶς
2506 868 2866 937 συγγραφεύς.
2896 869 3148 939 Αὑτάρκη
3195 869 3248 921 δὲ
3281 871 3620 941 περιγραφὴν
3651 871 3900 941 εἰληφότος

708 964 987 1016 materiam
1019 978 1085 1015 an
1119 961 1475 1030 compositam
1510 958 1678 1014 fuisse
1703 958 1894 1028 putes?
1925 957 2056 1011 Nam
2083 972 2258 1010 rerum

2367 959 2456 1011 τοῦ
2487 960 2663 1027 λόγου,
2691 961 2780 1011 ἐπὶ
2804 960 2893 1012 τὸν
2919 960 3100 1027 ὄγδοον
3123 961 3219 1029 τῆς
3244 962 3647 1031 Εὐαγγελικῆς
3698 967 3899 1030 Προπο-

709 1062 855 1107 tanta
892 1054 1183 1106 diversitas
1215 1055 1280 1105 ad
1314 1052 1475 1120 hujus
1514 1067 1597 1103 me
1629 1051 2071 1118 disceptationem
2114 1065 2261 1116 quee-

2377 1051 2668 1118 ραονκευῆς
2696 1053 3045 1121 μεταϐάντες,
3067 1053 3132 1106 τὰ
3177 1055 3430 1109 λείποντα
3467 1056 3545 1126 τῷ
3585 1057 3898 1126 προκειμένῳ

709 1144 902 1199 stionis
951 1144 1187 1198 adducit.
1231 1143 1285 1197 Si
1327 1144 1470 1196 enim
1527 1143 1776 1210 simplex,
1832 1143 2098 1209 uniusque
2132 1141 2264 1195 dun-

2371 1144 2662 1214 σκέμματι,
2693 1145 2977 1215 σύμμαχον
3001 1147 3448 1217 ἐπικαλεσάμενοι
3471 1149 3562 1201 τὸν
3600 1149 3761 1216 Θεὸν,
3795 1152 3895 1202 ἀναρ-

708 1243 854 1292 taxat
885 1235 1072 1289 formae
1113 1250 1177 1289 ac
1218 1237 1398 1303 ligura:
1430 1234 1649 1286 materia
1681 1232 1802 1294 fuit,
1839 1234 2113 1300 quomodo
2141 1238 2259 1284 tan-

1167 1250 1177 1289 :
1218 1237 1398 1303 ligura:
1430 1234 1649 1286 materia
1681 1232 1802 1294 fuit,
1839 1234 2113 1300 quomodo
2141 1238 2259 1284 tan-
2370 1233 2742 1305 πληρώσομεν.

705 1326 826 1381 dem
855 1327 1189 1396 compositus
1221 1343 1285 1379 ex
1330 1342 1389 1379 ea
1437 1325 1691 1384 mundus.
1727 1341 1790 1378 ex
1821 1333 1964 1376 tanta
2012 1325 2436 1378 substantiarum
2484 1341 2549 1381 ac
2605 1329 3052 1395 temperationum
3114 1331 3370 1385 varietate
3426 1307 3712 1386 consistit?
3768 1333 3889 1398 Quod

703 1420 846 1478 enim
875 1420 1230 1488 compositum
1264 1417 1481 1479 dicitur,
1521 1418 1570 1469 id
1621 1432 1750 1469 sane
1806 1417 2039 1485 plurium
2099 1417 2424 1485 simplicium
2484 1419 2795 1470 mixtionem
2840 1419 3081 1495 involvit.
3146 1420 3504 1476 Sineamdem
3564 1428 3882 1492 compositam

705 1508 874 1564 fuisse
920 1512 1020 1575 vis,
1061 1526 1125 1564 ex
1174 1511 1504 1578 simplicibus
1556 1509 1718 1578 igitur
1763 1508 2059 1575 composita
2123 1507 2426 1574 fuituQnod
2451 1511 2494 1562 si
2525 1525 2707 1563 verum
2741 1519 2842 1575 est,
2902 1510 3114 1566 fuerant
3171 1513 3282 1580 jam
3337 1515 3462 1566 olim
3504 1515 3769 1582 simplicia
3820 1517 3878 1569 illa

704 1622 796 1673 per
830 1623 968 1666 sese,
998 1621 1223 1675 quorum
1268 1623 1332 1659 ex
1378 1606 1767 1673 compositione
1817 1605 2039 1657 materia
2095 1603 2321 1658 conﬂata
2365 1615 2467 1658 est.
2514 1606 2646 1660 lliac
2693 1621 2851 1674 porro
2900 1608 3132 1675 genitam
3189 1621 3306 1659 esse
3352 1607 3628 1658 materiam
3675 1605 3877 1660 eﬂicitur.

703 1697 834 1750 Nam
874 1699 916 1752 si
949 1701 1245 1768 composita
1284 1699 1502 1751 materia
1547 1707 1648 1762 est,
1682 1699 1978 1766 composita
2043 1713 2171 1751 vero
2205 1714 2269 1750 ex
2309 1700 2644 1768 simplicibus
2695 1709 3062 1767 coagmentata
3113 1707 3257 1762 sunt,
3325 1706 3535 1763 tempus
3595 1696 3723 1748 illud
3773 1708 3878 1749 certe

705 1791 943 1861 lnit,quo
983 1794 1256 1847 nulladum
1282 1793 1498 1845 materia
1530 1802 1691 1856 esset,
1729 1791 1832 1845 hoc
1859 1800 1942 1844 est
1987 1802 2276 1858 antequam
2306 1807 2367 1844 ea
2405 1792 2727 1858 simplicium
2777 1791 2914 1843 inter
2955 1805 3073 1844 sese
3101 1788 3408 1856 conjunctio
3438 1787 3607 1840 ﬁeret.
3661 1784 3800 1850 Quod
3844 1787 3872 1838 si

703 1892 912 1950 tempus
959 1884 1222 1951 ejusmodi
1276 1883 1490 1950 aliquod
1548 1882 1667 1944 fuit,
1725 1897 1832 1950 quo
1896 1883 2116 1934 materia
2176 1883 2400 1935 necdum
2464 1892 2637 1945 esset,
2697 1883 2903 1934 nullum
2979 1892 3155 1934 autem
3207 1895 3441 1948 unquam
3494 1877 3615 1944 fuit,
3667 1895 3765 1946 quo
3805 1894 3864 1931 res

703 1983 822 2028 ortu
877 1975 1242 2044 principioque
1284 1991 1490 2038 carens,
1547 1973 1785 2027 nondum
1823 1974 2071 2026 existeret
2115 1982 2257 2032 ortu.
2308 1974 2525 2025 materia
2560 1974 2801 2027 caruisse
2844 1988 2949 2024 non
2981 1974 3193 2040 poterit.
3240 1973 3500 2026 Caeterum
3545 1973 3700 2040 plura
3760 1972 3860 2022 dein-

704 2080 828 2132 ceps
853 2075 973 2118 ortu
1004 2065 1236 2120 carentia
1286 2076 1605 2118 Statuemus.
1645 2063 1700 2117 Si
1747 2066 1887 2117 enim
1926 2075 1978 2117 et
2007 2064 2164 2125 Deus,
2199 2076 2250 2118 ct
2281 2066 2542 2132 simplicia
2594 2067 2714 2126 ista,
2762 2082 2827 2118 ex
2881 2066 3080 2133 quibus
3126 2074 3373 2118 concreta
3419 2067 3645 2120 materia
3671 2074 3862 2127 est,ortr.

704 2158 980 2221 carebunt,
1015 2173 1121 2211 non
1177 2157 1286 2225 jam
1335 2159 1442 2211 duo
1503 2164 1710 2210 tantum
1753 2167 1872 2209 ortu
1946 2158 2182 2208 carentia
2223 2159 2599 2210 censebuntur.
2648 2156 2945 2221 Postremo,
2994 2173 3120 2209 num
3171 2166 3222 2208 tu
3297 2172 3406 2209 rem
3470 2157 3628 2224 plane
3693 2157 3864 2217 nullam,

705 2262 826 2315 qua:
879 2263 1060 2302 secum
1109 2249 1222 2316 ipsa
1269 2256 1484 2317 pugnet,
1535 2261 1652 2301 esse
1701 2248 1988 2300 concedis?
2034 2247 2262 2300 Nullam.
2307 2249 2439 2300 Cum
2499 2249 2621 2317 igne
2665 2263 2791 2301 vero
2839 2264 2967 2301 num
2995 2264 3128 2316 aqua
3160 2246 3872 2317 pugnat?Pugnatsane.Si-

707 2342 903 2394 militer
950 2353 1001 2394 et
1053 2342 1153 2394 lnci
1199 2341 1448 2403 tenebrae,
1496 2349 1548 2393 et
1597 2339 1790 2408 frigido
1822 2340 2074 2404 calidum,
2116 2349 2167 2393 et
2214 2342 2356 2392 sicco
2392 2340 2670 2392 humidum
2714 2340 3065 2394 adversatur?
3109 2337 3321 2409 Utique.
3359 2337 3523 2408 Igitur
3566 2340 3612 2391 si
3653 2354 3732 2392 res
3763 2339 3870 2389 nulla

704 2446 886 2486 secum
917 2433 1024 2500 ipsa
1055 2441 1274 2502 pugnat,
1310 2432 1552 2500 sequitur
1584 2432 1828 2495 omnino,
1883 2448 1980 2484 nec
2025 2431 2237 2483 ttnicam
2270 2447 2388 2485 esse
2409 2433 2709 2494 materiam,
2731 2448 2827 2486 nec
2860 2433 3019 2485 unica
3072 2440 3276 2485 tantum
3318 2448 3379 2486 ex
3421 2433 3644 2484 materia
3667 2432 3874 2482 universa

704 2512 968 2577 constare.
1022 2523 1182 2593 31.6
1215 2522 1316 2576 Cui
1373 2523 1642 2591 persimile
1683 2538 1746 2575 ac
1793 2523 2065 2592 geminum
2113 2524 2238 2575 illud
2272 2533 2374 2587 est,
2424 2525 2566 2592 quod
2618 2524 2878 2592 sequitur.
2927 2523 3067 2588 Quid
3128 2524 3291 2588 enim,
3345 2537 3523 2575 annon
3565 2533 3730 2591 partes
3779 2521 3875 2574 aliis

705 2615 838 2668 alias
857 2616 1078 2668 exitium
1107 2631 1169 2668 ac
1216 2624 1416 2683 pestem
1446 2630 1628 2669 creare
1653 2615 1961 2668 conﬁteris?
2005 2615 2283 2682 Equidem.
2339 2615 2573 2670 Materiae
2620 2632 2744 2669 vero
2794 2625 2994 2685 partes,
3047 2610 3246 2685 igne'm,
3318 2630 3535 2682 aquam,
3584 2624 3634 2667 et
3670 2613 3876 2680 reliquas

705 2720 824 2761 esse
854 2706 1140 2761 concedis?
1184 2705 1248 2758 Et
1276 2707 1520 2760 libenter.
1551 2707 1724 2775 Ignem
1754 2722 1912 2775 porro
1953 2723 2111 2775 aqua,
2170 2711 2260 2760 lux
2313 2708 2580 2772 tenebras,
2637 2716 2798 2777 atque
2859 2707 3126 2776 ejusmodi
3157 2715 3370 2765 czetera.
3422 2721 3527 2759 non
3579 2706 3748 2759 tollere
3778 2719 3876 2758 sese

707 2809 893 2852 mutuo
916 2815 979 2853 ac
1007 2802 1268 2868 perimere
1290 2799 1570 2852 videntur?
1595 2798 1776 2853 Plane.
1815 2798 1870 2851 Si
1903 2815 2030 2868 ergo
2059 2808 2237 2867 partes
2293 2801 2452 2854 nulla:
2502 2809 2749 2853 mutuum
2810 2801 2911 2855 sibi
2964 2801 3186 2854 exitium
3211 2800 3459 2860 aderunt,
3483 2813 3579 2851 nec
3605 2808 3872 2850 mutuartln

706 2889 807 2943 ista
829 2893 1058 2959 partium
1091 2893 1351 2944 rationem
1384 2892 1642 2955 obtinere,
1676 2907 1772 2943 nec
1802 2891 2027 2957 proinde
2079 2891 2238 2944 unius
2295 2900 2499 2945 tantum
2525 2893 2782 2953 materiae,
2841 2902 2933 2944 aut
2965 2907 3091 2946 vero
3119 2891 3339 2945 materia
3373 2905 3592 2958 prorsus
3652 2903 3759 2943 esse
3798 2901 3870 2956 μοι

703 2986 903 3045 terunt,
948 2996 1068 3034 cum
1123 2996 1208 3034 res
1260 2983 1403 3033 nulla
1452 2982 1726 3034 interitum
1780 2981 1878 3034 sibi
1953 2989 2262 3049 pestemque
2319 2992 2482 3048 creet,
2536 2981 2609 3034 uti
2667 2983 2959 3035 contrariis
3024 2983 3293 3036 contraria
3371 2981 3565 3050 solent.
3612 2978 3715 3034 Nec
3759 2980 3863 3032 enim

707 3072 846 3124 idem
872 3071 1201 3125 contrarium
1231 3081 1314 3124 est
1365 3071 1465 3140 ipsi
1526 3073 1647 3135 sibi,
1693 3073 1964 3125 contraria
2037 3074 2300 3140 siquidem
2349 3073 2469 3128 aliis
2525 3074 2784 3127 duntaxat
2815 3074 3084 3127 contraria
3129 3083 3271 3137 sunt,
3314 3071 3757 3143 quemadmodum
3791 3085 3857 3123 nec

705 3163 885 3215 album
922 3164 1061 3227 albo,
1097 3164 1188 3218 sed
1228 3163 1380 3232 nigro
1431 3173 1674 3230 tantum;
1717 3180 1816 3218 nec
1873 3165 2000 3230 luci,
2060 3167 2151 3219 sed
2203 3166 2437 3221 tenebris
2488 3167 2759 3220 contraria
2821 3167 2909 3219 lux
2952 3177 3054 3231 est,
3099 3167 3447 3235 similiterque
3475 3166 3542 3220 de
3570 3165 3690 3218 aliis
3723 3164 3852 3233 pletis-

704 3270 809 3324 que
837 3255 1198 3323 philosophari
1245 3266 1412 3322 potes.
1462 3254 1658 3319 Quare,
1694 3257 1737 3309 si
1773 3257 1993 3308 materia
2023 3272 2236 3325 quoque
2291 3273 2395 3310 una
2414 3257 2658 3326 quaedam
2689 3270 2741 3310 et
2766 3257 2992 3325 simplex
3057 3268 3222 3321 esset,
3270 3272 3547 3326 nunquam
3595 3255 3858 3322 seCumipsa

705 3356 984 3414 pugnaret.
1010 3345 1087 3399 Ex
1138 3363 1240 3415 qua
1297 3347 1507 3399 tandem
1544 3349 1758 3416 pr0pria
1790 3348 2186 3401 contrariorum
2213 3349 2422 3401 ratione
2448 3349 2809 3414 concluditur,
2869 3350 3044 3402 locum
3085 3351 3306 3404 omnino
3353 3351 3439 3403 isti
3498 3349 3733 3402 materia
3779 3348 3866 3398 nul-

706 3434 815 3489 lum
848 3452 1144 3504 superesse.
1189 3457 1206 3486 ι
1256 3436 1320 3488 Ει
1369 3437 1632 3492 Maximus
1677 3440 1891 3506 quidem
1949 3440 2229 3492 hactenus.
2282 3436 2390 3492 Nos
2436 3454 2563 3492 vero
2614 3454 2735 3492 cum
2801 3455 2898 3493 sua
2958 3439 3083 3494 huic
3123 3441 3375 3494 volumini
3427 3440 3675 3509 justeque
3708 3435 3869 3505 magni-

710 3529 838 3582 tudo
871 3530 956 3591 sit,
987 3544 1106 3598 qua:
1137 3529 1385 3597 deinceps
1417 3529 1602 3582 allecta
1629 3531 1919 3598 disputatio
1946 3531 2232 3595 desiderat,
2288 3516 2499 3596 octavo,
2560 3532 2651 3600 qui
2715 3532 2979 3600 sequitur,
3036 3532 3448 3600 Prwparatiouis
3484 3531 3790 3601 Evangelia:
3822 3527 3870 3582 li-

707 3619 827 3683 bro,
855 3618 1061 3674 favente
1091 3620 1270 3673 divino
1299 3618 1548 3684 Numine,
1584 3623 2105 3688 repraesentabimus.
3068 3642 3069 3645 η

1056 3907 2372 4026 ΠΡΟΠΑΡΑΣΚΕΥΗΣ
2517 3905 3561 4039 ΕΥΑΓΓΕΛΙΚΗΣ

1837 4111 2265 4194 ΒΙΒΛΙΟΝ
2309 4108 2777 4195 ΟΓΔΟΟΝ.

839 4455 1832 4548 ΡΗίΕΡΑΒΑΤΙΟΝΙΞ
1936 4458 2716 4552 ΕνΑΝοΕωρλλΕ
2793 4461 3142 4550 LIBER
3212 4459 3769 4555 OCTAVUS.

962 4794 1118 4865 347
1170 4791 1345 4847 OCTA
1368 4791 1439 4847 VI
1484 4793 1687 4847 LIBRI
1724 4794 2014 4850 CAPITA.
2289 4814 2330 4865 Β
2446 4802 2537 4851 ΤΛ

2289 4814 2330 4865 Β
2446 4802 2623 4852 ΤΛΔΕ
2664 4801 3015 4852 ΠΕΡΙΕΧΕΙ
3062 4803 3143 4854 T0
3182 4801 3468 4854 ΟΓΔΟΟΝ
3506 4803 3812 4856 ΒΙΒΛῙΟΝ.

719 4906 769 4960 Ι.
811 4904 1149 4978 Praemium,
1196 4923 1258 4958 ac
1305 4909 1367 4957 de
1398 4907 1498 4973 piis
1531 4905 1774 4959 .llusa‘ica:
1833 4907 2128 4972 reipiibiicar
2186 4925 2262 4960 m-

2362 4917 2426 4961 a'.
2469 4911 2805 4978 Προοίμιον,
2830 4911 2922 4962 καὶ
2949 4911 3077 4978 περὶ
3113 4913 3216 4966 τοῦ
3247 4913 3396 4966 κατὰ
3436 4915 3687 4966 Mamaea
3713 4920 3872 4970 θεοσει

788 4976 1008 5046 st_itutis.
1040 5044 1050 5046 ξ
1374 5043 1389 5046 _
1461 5045 1466 5046 γ
1516 5045 1519 5046 ν
1761 5043 1784 5046 _
2430 4982 2568 5045 ϐοῦς
2595 4976 3034 5046 πολιτεύματοςξ

715 5045 769 5098 2.
812 5043 893 5095 Ea:
958 5043 1201 5121 Aristum,
1249 5047 1311 5098 de
1359 5043 1706 5096 Iudaicarum
1749 5043 2142 5114 Scripturarum
2175 5048 2256 5100 in-

2361 5049 2424 5118 β’.
2445 5119 2455 5121 ᾼ
2473 5043 2813 5116 Ἀρισταίου,
2827 5043 2972 5121 ςπερί
2996 5043 3107 5118 τῆς
3126 5050 3436 5120 ἑρμηνείας
3449 5050 3567 5104 τῶν
3588 5053 3741 5121 παρὰ
3777 5052 3873 5104 Ἰου-

789 5114 1174 5185 teIpretatiope.
1311 5182 1410 5185 V__
1471 5181 1480 5185 _
1575 5182 1585 5185 _
1669 5181 1736 5185 ‘_
2095 5183 2136 5185 Α
2361 5114 2364 5117 ¹

2361 5114 2371 5118 ’
2431 5114 2926 5185 δαίοιςΤραφῶνξ
3057 5114 3088 5118 ’ί
3151 5114 3202 5120 ’⁷
3256 5114 3265 5117 ’
3413 5114 3423 5116 -
3665 5114 3683 5121 ⁷

717 5183 770 5238 5.
813 5182 1047 5251 Epistula
1075 5181 1319 5236 Demetrii
1345 5181 1586 5235 Phalerei
1612 5181 1678 5236 ad
1700 5181 2041 5238 Ptolemwum
2064 5183 2257 5255 Egyp-

2359 5188 2426 5256 γ’.
2475 5181 2788 5254 Ἐπιστολῆ
2835 5188 3162 5255 Δημητρίου
3223 5189 3327 5242 τοῦ
3391 5191 3702 5256 Φαληρέως
3758 5186 3873 5254 πρὸς

787 5256 1044 5326 ti_re_gen_t.
1085 5319 1117 5326 _
1186 5319 1196 5326 -
1334 5321 1344 5326 _
1465 5322 1475 5326 _
1592 5320 1603 5326 _
1645 5319 1699 5326 *Δ
1784 5282 1791 5283 ί

2430 5257 2789 5323 Πτολεμαῖον
2816 5258 2918 5309 τὸν
2941 5256 3202 5318 βασιλέα
3221 5261 3533 5326 Αὶγύπτου.

724 5322 775 5374 ι.
806 5319 1052 5396 Ἐρὶζςιοια
1080 5319 1344 5396 Ptolemaei
1370 5322 1500 5390 regis
1535 5320 1603 5373 ad
1637 5319 1966 5386 Eleazarum,
1999 5338 2256 5375 summum

2359 5328 2421 5380 δ’.
2442 5395 2447 5396 γ
2466 5319 2780 5396 Ἐπιάτολὴ
2803 5327 3163 5396 Πτολεμᾳίου
3185 5319 3489 5393 ,βαάιλέως
3526 5329 3673 5396 πρὸς
3712 5324 3874 5378 Ἐλεάε

791 5389 1463 5466 Ι-ιεάανοῖιιηι-ξαεεταοιειη.
1584 5460 1596 5466 _
1824 5457 1832 5466 -
1898 5460 1908 5466 _
2099 5459 2129 5466 _
2201 5460 2211 5466 _

2045 5461 2056 5466 _
2099 5459 2129 5466 _
2201 5460 2211 5466 _
2429 5395 2600 5466 ζαρον
2626 5395 2731 5447 τὸν
2755 5389 2872 5466 τῶν
2904 5389 3196 5466 Ἰοὺᾷρίωγλ
3214 5389 3497 5466 ἀρχιερέά,

725 5458 778 5512 5.
823 5457 1056 5525 Epistula
1093 5459 1362 5522 Eleazari,
1407 5460 1596 5511 summi
1653 5457 1958 5524 sacerdotis,
1989 5461 2056 5514 ad
2090 5459 2260 5513 Ptole-

2359 5457 2786 5543 a'._’E:r_wto:2ij
2860 5462 3196 5543 Ethqu
3235 5457 3340 5519 πῖόῦ
3371 5457 3705 5536 ’ἀρχιερέως
3758 5462 3876 5530 πμές

727 5544 1193 5675 ἅψεῗσυηὶηῖῧῗῗέξ
1235 5597 1297 5648 de
1341 5594 1643 5649 Judazorum
1687 5611 1752 5650 ex
1804 5595 2032 5667 JEgypto
2058 5599 2260 5668 profec-

2431 5533 2793 5599 Πτολεμαῖον
2836 5533 2940 5586 τὸν
2966 5535 3243 5596 βασιλέα.
3561 5533 3567 5534 ,

2363 5611 2434 5666 ς’·
2463 5604 2742 5675 φίλῳΥΟςν
2773 5603 2902 5670 περὶ
2923 5602 3030 5670 τῆς
3049 5603 3146 5655 ἀπ’
3164 5605 3458 5675 Αἰγύπτου
3477 5604 3595 5657 τῶν
3625 5600 3877 5657 Ἰουδαίων

729 5674 1121 5802 Τιΐὲεεοάεηι,
1156 5738 1216 5790 de
1244 5710 1486 5804 religiosa
1528 5733 1771 5790 Mosaij
1811 5737 2105 5804 reipublica:
2151 5737 2259 5805 {or-

791 5822 893 5856 ma.

2367 5742 2406 5804 C’
2419 5671 2802 5860 -17(')£§[:§.t05,
2845 5742 2972 5809 περὶ
3020 5741 3125 5811 τῆς
3154 5743 3299 5797 κατὰ
3328 5741 3573 5799 Μωῢσέα
3600 5736 3875 5803 θεοσεϐοῦς

2438 5826 2527 5860 :zo.
2559 5825 2639 5860 ιτε
2666 5825 2753 5860 ac.

791 5822 893 5856 ma.

2438 5822 2752 5873 πολιτείας.
