3988 6340
735 424 827 484 591
1357 426 1619 482 EUSEBII
1657 424 2118 482 CrESARlENSlS
2155 427 2300 485 OPP.
2341 428 2517 481 PARS
2554 428 2614 481 ll.
2650 458 2721 468 -—-
2755 426 3241 486 APOLUGETICA.
3571 465 3578 469 -
3815 438 3885 493 5n

735 560 893 612 quem
929 544 980 595 in
1014 557 1227 595 sensum
1260 525 1440 610 plures
1472 542 1815 607 convenisse,
1873 543 2115 612 diligenti
2141 560 2239 598 exa

2373 546 2483 613 Τῆς
2510 547 2563 597 δὲ
2588 545 2847 607 ἐκδόσεως
2875 545 3071 615 ταύτης
3106 546 3415 616 γενομένης,
3438 543 3722 600 ἐκέλευσεν
3737 549 3763 601 ὁ
3774 549 3884 618 31::-

736 637 877 687 mine
900 634 1230 695 constiterit,
1268 648 1389 687 eum
1424 634 1733 703 seligamus,
1765 643 1818 687 et
1847 644 2152 688 accuratam
2174 651 2251 689 ρος

2366 636 2487 697 λεὺς
2498 639 2765 705 γραφῆναι
2784 635 2915 705 πρὸς
2938 636 3023 687 τὸν
3040 636 3354 707 Ἐλεάζαρον
3372 638 3734 707 περὶτούτων,
3757 643 3882 709 σημᾱ.

734 743 851 779 rum
879 728 1135 779 librorum
1167 726 1657 795 interpretationem
1686 765 1700 788 ,
1733 734 1891 795 prout
1931 742 2016 779 res
2047 728 2161 795 ipsa
2214 742 2251 781 e‘

2368 745 2557 789 ναντας
2582 729 2671 779 καὶ
2694 729 2790 797 τὴν
2819 730 3111 799 γενομένην
3133 730 3500 800 ἀπολύτρωσιν
3523 731 3637 782 τῶν
3665 734 3882 801 αἰχμαλώ-

734 820 1022 873 voluntatis
1048 827 1149 872 tuae
1179 820 1313 872 ratio
1346 819 1580 887 postulat
1608 860 1621 883 ,
1662 820 1886 873 honesto
1910 827 1962 871 et
1992 819 2185 872 illustri
2216 820 2269 871 in

733 910 849 963 loco
872 924 1215 978 reponamus.
1248 906 1396 973 Vale,
1426 924 1489 962 ac
1517 910 1678 963 rebus
1700 911 1754 962 in
1780 910 2031 963 omnibus
2055 908 2267 963 fortuna

734 1001 963 1053 secunda
996 1011 1161 1053 utere.
1198 1020 1215 1050 ι
1241 1000 1447 1065 Quibus
1476 1002 1706 1069 acceptis
1746 1017 1776 1055 a
1830 1000 2097 1054 Demetrio
2126 1001 2267 1053 litte—

730 1088 1180 1154 ris,Ptolemazus
1229 1106 1350 1143 cum
1390 1090 1461 1143 ad
1528 1090 1843 1144 Eleazarum
1897 1106 2013 1145 eam
2067 1091 2120 1144 in
2156 1106 2266 1144 rem

728 1181 911 1243 scribi,
950 1191 1059 1233 tum
1085 1182 1243 1233 etiam
1262 1180 1327 1234 de
1350 1182 1572 1249 captivis
1592 1166 1668 1234 'ad
1697 1198 1815 1236 sese
1838 1182 2083 1235 libertate
2098 1181 2267 1234 dona-

729 1270 797 1323 tis
827 1273 1148 1343 mentionem
1181 1269 1293 1322 ﬁeri
1324 1270 1507 1337 jussit.
1544 1269 1687 1323 Idem
1708 1272 2029 1336 crateribus,
2054 1270 2265 1339 phialis,

729 1374 949 1420 mensae,
967 1359 1217 1427 vasisque
1243 1360 1551 1411 Iibaminum
1570 1360 1927 1428 perﬁciendis,
1955 1362 2070 1414 auri
2089 1359 2267 1429 pondo

729 1449 924 1502 talenta
954 1446 1359 1518 quinquaginta,
1392 1451 1597 1519 argenti
1632 1453 1999 1521 septuaginta,
2049 1452 2266 1520 vimque

727 1540 956 1608 lapidum
984 1555 1088 1594 non
1107 1543 1349 1610 exiguam
1366 1543 1625 1597 attribuit.
1656 1542 1851 1597 IErarii
1875 1544 2103 1612 denique
2132 1557 2266 1610 prae-

729 1630 898 1686 fectos
935 1633 1138 1697 voluit,
1165 1642 1219 1686 et
1246 1635 1422 1701 operis
1461 1650 1647 1689 eorum
1672 1676 1687 1700 ,
1727 1652 1847 1705 quae
1895 1636 2113 1688 mallent
2145 1650 2265 1687 om-

2368 836 2493 870 των.
2504 818 2704 870 ’ίοῖδωκε
2719 819 2771 869 δέ
2785 820 2876 869 καὶ
2889 820 2965 879 εἰς
2980 818 3312 888 κατασκευὴν
3326 821 3495 890 κρατή
3506 838 3617 890 ρων
3630 838 3686 872 τε
3699 823 3779 873 καί
3794 840 3880 889 εισ-

2377 907 2501 972 λῶν,
2536 908 2628 959 καὶ
2654 906 2951 979 τραπέζης,
2970 910 3059 960 καὶ
3076 909 3383 975 σπονδείων,
3400 911 3629 980 χρυσίου
3659 911 3748 979 μὲν
3763 912 3881 981 ciba];

2369 999 2598 1051 τάλαντα
2625 1002 2986 1068 πεντήκονπα,
3014 1001 3105 1053 καὶ
3134 1002 3391 1071 ἀργυρίου
3422 1003 3667 1056 τάλαντα
3702 1005 3881 1074 eseam.

2370 1107 2547 1154 κοντα,
2577 1090 2667 1142 καὶ
2686 1090 2844 1143 λίθων
2872 1092 3054 1142 ἱκανόν
3078 1108 3131 1143 τι
3160 1092 3379 1161 πλῆθος.
3418 1094 3702 1147 Ἐκέλευσε
3726 1095 3770 1147 δὲ
3791 1097 3879 1158 toil;

2368 1178 2855 1247 χρηματοφύλακας
2894 1180 3003 1239 τοῖς
3047 1178 3313 1245 τεχνίταις
3353 1171 3427 1231 ὧν
3463 1179 3529 1232 ἂν
3553 1181 3880 1251 προαιρῶνται

2365 1268 2463 1335 τὴν
2487 1267 2712 1336 ἐκλογὴν
2735 1267 2949 1329 διδόναι,
2978 1269 3071 1319 καὶ
3094 1268 3417 1337 νομίσματος
3456 1271 3536 1332 είς
3577 1270 3787 1334 θυσίας,
3815 1271 3879 1321 κειί

2366 1356 2434 1409 τὰ
2461 1358 2591 1411 ἀλλα
2614 1357 2745 1429 πρὸς
2769 1358 2999 1411 τάλαντα
3029 1360 3238 1412 ἐκατόν.
3267 1360 3587 1431 Δηλὼσομεν
3606 1361 3663 1413 δέ
3692 1378 3764 1413 σοι
3784 1364 3878 1426 napi

2369 1456 2465 1523 τῆς
2498 1452 2853 1520 κατασκευῆς,
2890 1451 2964 1514 ὡς
2994 1452 3059 1505 ἂν
3086 1451 3151 1503 τὰ
3169 1450 3275 1503 τῶν
3300 1451 3593 1503 ἐπιστολῶν
3617 1452 3879 1522 ἀντίγραψσ

2368 1545 2680 1613 διέλθωμεν.
2709 1529 2815 1595 Ἦν
2846 1544 2902 1596 δέ
2928 1546 2961 1613 ἡ
2996 1543 3087 1595 τοῦ
3123 1542 3378 1611 βασιλέως
3416 1542 3675 1612 ἐπιστολὴ
3706 1543 3783 1595 τὸν
3810 1543 3878 1595 τύι

2371 1650 2467 1685 πον
2497 1632 2689 1701 ἔχουσα
2720 1632 2923 1685 τοῦτον.

724 1722 874 1775 nium
936 1726 1205 1792 optionem
1248 1727 1578 1797 relinquere,
1611 1736 1666 1780 et
1714 1726 1768 1781 in
1828 1726 2250 1789 sacriﬁciorum,
2290 1722 2448 1792 352
2484 1723 2820 1791 aliarumque
2869 1738 3047 1776 rerum
3112 1739 3405 1792 expensas,
3465 1726 3531 1776 ad
3566 1735 3871 1792 centumpe-

721 1817 892 1870 (-uni:e
941 1819 1139 1873 talenta
1180 1822 1471 1875 numerari.
1532 1820 1770 1886 Quorum
1831 1821 1926 1875 tibi
1992 1835 2212 1888 operum
2262 1818 2591 1870 molitionem
2624 1828 2985 1883 exponemus,
3034 1816 3251 1884 siprius
3278 1818 3631 1886 epistolarum
3675 1818 3873 1885 ipsarum

720 1909 959 1977 exempla
996 1912 1419 1967 recitaverimus.
1476 1915 1552 1966 Ac
1592 1914 1732 1985 regis
1782 1913 1998 1982 quidem
2038 1910 2262 1980 cpistola
2305 1910 2449 1962 hunc
2478 1909 2532 1961 in
2567 1910 2781 1963 modum
2816 1923 2873 1963 se
2900 1908 3078 1963 habet.

1326 2022 1548 2078 CAPUT
1582 2024 1668 2076 IV.

788 2132 1026 2201 Epistola
1066 2132 1334 2186 Ptolemmi
1363 2134 1494 2201 regis
1509 2134 1575 2185 ad
1599 2133 1911 2186 Eleazarum
1948 2120 2206 2185 summum

1082 2202 1558 2271 Hierosolymorum
1581 2204 1899 2270 pontiﬁcem.

799 2328 817 2361 ι
857 2310 1171 2366 Ptolemaeus
1216 2328 1307 2366 rex
1349 2312 1600 2365 Eleazaro
1649 2327 1859 2366 summo
1904 2311 2137 2382 pontiﬁci
2168 2326 2258 2365 sa—

718 2403 901 2457 lutem.
940 2402 1205 2468 Quoniam
1249 2404 1321 2459 ita
1351 2418 1481 2458 casu
1512 2403 1718 2457 factum
1766 2414 1916 2469 erat,
1950 2413 2011 2456 ut
2040 2403 2257 2471 plurimi

718 2494 1023 2548 Judaeorum
1050 2536 1063 2557 ,
1094 2510 1229 2563 quos
1253 2494 1430 2549 Persa
1451 2534 1464 2558 ,
1499 2510 1609 2563 quo
1651 2505 1891 2563 tempore
1940 2508 2119 2547 rerum
2166 2508 2259 2560 po-

717 2585 986 2638 tiebantur
1009 2624 1024 2647 ,
1054 2584 1434 2653 Hierosolymis
1456 2586 1697 2651 captivos
1759 2585 2109 2647 abduxerant,
2136 2599 2260 2652 par-

716 2677 811 2727 tim
836 2676 1033 2729 nostris
1054 2675 1107 2727 in
1125 2675 1434 2744 regionibus
1454 2674 1730 2728 constituti
1750 2684 1950 2739 essent,
1984 2677 2174 2745 partim
2205 2677 2255 2728 in

717 2765 1004 2836 Egyptum
1036 2781 1139 2818 una
1169 2779 1288 2817 cum
1315 2775 1531 2834 parente
1556 2774 1740 2819 nostro
1770 2767 2251 2844 commigrasse-nt;

715 2872 1012 2926 eorumque
1035 2857 1331 2924 permultos
1354 2858 1466 2925 ipse
1486 2896 1500 2920 ,
1536 2872 1658 2911 cum
1693 2858 1746 2909 in
1799 2872 2083 2911 numerum
2107 2857 2255 2910 ordi-

715 2963 945 3016 nemque
1000 2948 1230 3001 militum
1270 2947 1622 3016 amplioribus
1674 2947 1953 3015 stipendiis
1990 2948 2255 3011 ascripse-

716 3048 825 3102 rat,
858 3049 970 3091 tum
1001 3039 1165 3093 etiam
1190 3047 1421 3105 quorum
1450 3039 1553 3092 sibi
1579 3040 1710 3093 ﬁdes
1733 3040 2083 3107 probatajam
2114 3038 2253 3091 fuis-

715 3138 823 3192 set,
847 3143 1033 3181 eorum
1065 3126 1269 3196 aliquot
1295 3129 1347 3181 in
1374 3129 1589 3182 arcibus
1616 3145 1739 3183 cum
1772 3130 1823 3181 in
1854 3130 2011 3182 linem
2042 3143 2252 3182 exsuu-

715 3221 836 3278 etis,
860 3219 925 3272 ad
950 3217 1321 3289 Egyptiorum
1351 3226 1608 3273 terrorem
1646 3221 1890 3289 praesidia
1916 3222 2247 3273 collocasset.

2877 2018 3262 2080 ΚΕΦΔΛΔΙΟΝ
3314 2020 3385 2071 Δ’.

2374 2128 2694 2196 Ἐπιστολὴ
2715 2129 3017 2193 βασιλέως
3044 2132 3408 2197 Πτολεμαίου
3455 2130 3607 2196 πρὸς
3655 2129 3879 2188 Ἐλεάζα-

2691 2217 2804 2266 ρον
2833 2198 3101 2265 ἀρχιερέα
3133 2200 3568 2266 Ἰεροσολύμων.

2434 2332 2451 2361 ι
2486 2312 2740 2373 Βασιλεὺς
2795 2312 3118 2380 Πτολεμαῖος
3168 2311 3276 2381 (56)
3309 2312 3553 2381 ἀρχιερεῖ
3604 2310 3877 2379 Ἐλεαζάρῳ

2359 2405 2565 2475 χαίρειν
2598 2404 2689 2455 καὶ
2718 2401 3002 2472 ἐρρῶσθαι.
3039 2404 3189 2455 Ἐπεὶ
3215 2403 3494 2473 συμσαίνει
3522 2402 3765 2464 πλείονας
3790 2401 3877 2452 τῶν

2372 2494 2631 2546 Ἰουδαίων
2663 2495 2741 2556 εἰς
2760 2494 2854 2563 τὴν
2882 2495 3150 2565 ἡμετέραν
3179 2494 3359 2567 χώραν
3406 2493 3736 2564 κατῳκίσθαι
3766 2493 3873 2559 (57),

2358 2584 2677 2654 γενηθέντας
2706 2586 3080 2656 ἀναρπάστους
3113 2584 3219 2653 (58)
3254 2588 3319 2637 ἐκ
3366 2585 3474 2636 τῶν
3524 2584 3877 2654 Ἱεροσολύμων

2357 2676 2460 2727 ὑπὸ
2490 2676 2707 2745 Περσῶν
2741 2677 2871 2747 (59),
2903 2676 3021 2728 καθ’
3055 2676 3111 2728 ὃν
3141 2675 3471 2746 ἐπεκράτουν
3499 2676 3685 2745 χρόνον
3704 2692 3718 2705 ο
3739 2675 3808 2726 ἔτι
3831 2674 3874 2725 δι

2356 2768 2445 2820 καὶ
2482 2768 2883 2838 συνεληλυθέναι
2935 2768 3013 2837 τῷ
3059 2770 3221 2838 πατρὶ
3268 2767 3422 2838 ἡμῶν
3469 2770 3547 2829 εἰς
3587 2768 3687 2836 τὴν
3736 2767 3875 2833 Αἴτνα

2358 2873 2487 2910 πτον
2524 2857 2887 2927 αἰχμαλώτους
2922 2857 3049 2927 (40)·
3080 2859 3169 2925 ἀφ’
3199 2851 3271 2911 ὧν
3304 2856 3395 2910 καὶ
3445 2856 3692 2919 πλείονας
3737 2859 3806 2917 εἰς
3829 2854 3876 2906 rb

2358 2946 2738 3018 στρατιωτικὸν
2761 2948 3035 3016 σύνταγμα
3068 2944 3429 3017 κατεχώρισεν
3460 2946 3550 2997 ἐπὶ
3579 2946 3778 3015 μείζοσι
3808 2962 3874 3013 μι-

2358 3036 2659 3106 σθοφορίαις
2679 3052 2693 3065 ⁸
2742 3036 2938 3105 ὁμοίως
2966 3035 3021 3087 δὲ
3047 3039 3139 3088 καὶ
3178 3038 3301 3099 τοὺς
3326 3027 3584 3105 προόντας
3607 3036 3787 3105 κρίνας
3808 3054 3876 3087 πι-

2356 3128 2528 3189 στοὺς,
2565 3125 2792 3196 φρούρια
2826 3128 3011 3189 κτίσας
3034 3168 3049 3191 ,
3081 3126 3355 3179 ἀπέδωκεν
3407 3125 3589 3187 αὐτοῖς
3615 3122 3792 3189 ,ὅπως
3829 3124 3874 3174 τὸ

2352 3217 2457 3269 τῶν
2488 3217 2791 3284 Αἰγυπτίων
2815 3218 2961 3280 ἔθνος
2984 3216 3141 3283 φόϐον
3171 3217 3265 3287 ἔχῃ
3298 3216 3405 3284 (41)
3435 3216 3523 3269 διὰ
3544 3216 3761 3269 τούτων.
3786 3215 3877 3267 Καὶ

715 3307 822 3363 Nos
853 3320 1102 3378 suscepto
1136 3324 1335 3379 regno,
1392 3310 1582 3378 majori
1622 3311 1783 3364 etiam
1838 3326 1958 3364 cum
2013 3311 2248 3377 reliquos

2355 3308 2509 3375 ἡμεῖς
2537 3306 2609 3367 δὲ,
2646 3294 3045 3383 παραλαϐόντες
3076 3307 3174 3377 τὴν
3205 3307 3495 3376 βασιλείαν,
3540 3303 3875 3377 causam
3940 3304 3947 3337 ⁷

713 3416 900 3454 omnes
919 3441 934 3466 ,
969 3408 1080 3453 tum
1104 3400 1247 3453 cives
1280 3401 1331 3452 in
1363 3401 1552 3468 primis
1573 3410 1694 3454 tuos
1747 3401 2078 3453 humanitate
2102 3415 2250 3452 com-

713 3491 851 3557 plexi
874 3530 888 3554 ,
921 3492 1165 3557 captivos
1202 3505 1365 3558 supra
1398 3500 1611 3542 centum
1644 3491 1809 3543 millia
1852 3493 1905 3543 in
1951 3492 2247 3543 libertatem

714 3579 1046 3631 asseruimus
1066 3617 1079 3639 ,
1107 3578 1252 3645 justo
1284 3578 1519 3631 dominis
1549 3580 1721 3646 pretio
1763 3580 2067 3646 persoluto,
2114 3589 2167 3631 et
2204 3579 2248 3631 si

714 3668 839 3737 quid
865 3667 999 3721 forte
1030 3666 1389 3722 multitudinis
1422 3668 1621 3737 impetu
1649 3684 1803 3723 secus
1855 3677 2032 3723 actum
2068 3680 2245 3735 esset,

714 3760 1015 3813 emendato.
1044 3758 1157 3825 Qua
1187 3760 1239 3813 in
1269 3776 1356 3824 re,
1400 3761 1681 3829 praecipuae
1730 3763 2007 3831 cujusdam
2055 3774 2250 3819 nostrae

711 3852 921 3918 pietatis
940 3891 954 3917 ,
986 3860 1038 3903 et
1066 3859 1229 3919 gratas
1258 3850 1516 3905 adversus
1547 3851 1712 3905 Deum
1745 3861 2124 3921 praepotentem
2154 3869 2249 3907 vo-

710 3944 929 3998 luntatis
952 3944 1338 3997 monimentum
1364 3954 1577 3998 exstare
1593 3943 1876 4008 voluimus,
1905 3945 1995 4012 qui
2025 3960 2246 4011 regnum

710 4034 889 4087 adhuc
934 4042 1176 4087 nostrum
1213 4050 1334 4088 cum
1362 4035 1469 4089 alta
1525 4050 1658 4104 pace
1700 4035 2205 4103 tranquillissimum
2230 4076 2245 4099 ,

707 4130 819 4175 tum
852 4124 1084 4176 maxima
1108 4124 1524 4191 peruniversum
1552 4123 1735 4177 orbem
1767 4123 1937 4191 gloria
1965 4123 2247 4177 celeberri-

709 4228 856 4265 mum
887 4214 1241 4268 conservavit.
1267 4214 1349 4267 Ad
1367 4216 1479 4267 haec
1496 4229 1601 4267 non
1633 4221 1845 4266 tantum
1877 4221 2032 4267 atate
2054 4212 2247 4266 floren-

711 4303 855 4355 tibus
892 4318 1049 4355 suum
1079 4304 1133 4355 in
1162 4304 1398 4357 exercitu
1455 4302 1633 4356 locum
1682 4300 2107 4369 assignavimus,
2154 4303 2248 4355 sed

708 4392 869 4442 etiam
896 4401 1156 4459 quotquot
1180 4393 1455 4459 explorata
1486 4400 1877 4459 perspertaque
1898 4390 2030 4445 ﬁdes
2054 4406 2122 4445 eo
2165 4392 2249 4445 di-

706 4496 841 4551 gnos
856 4482 1058 4535 honore
1087 4482 1407 4544 reddiderat,
1432 4482 1486 4534 in
1502 4483 1811 4536 comitatum
1830 4484 2117 4552 aulamque
2145 4498 2247 4537 no~

708 4582 875 4626 stram
900 4573 1199 4641 allegimus.
1222 4574 1484 4627 Caaterum
1507 4588 1604 4641 pro
1620 4583 1803 4629 nostro
1828 4590 1953 4643 erga
1982 4583 2053 4640 te,
2070 4572 2248 4627 Judze-

774 4747 882 4815 (δῦ)
915 4748 1205 4813 Βασιλεὺς
1236 4752 1505 4819 "colere,
1534 4758 1637 4804 etc.
1667 4749 1739 4803 Et
1772 4751 1913 4812 hanc
1958 4751 2241 4819 epistolam

702 4811 963 4887 Iosephus
992 4819 1123 4879 suis,
1154 4811 1257 4869 non
1288 4811 1521 4871 Aristaei
1547 4821 1723 4872 verbis
1754 4811 2117 4887 repraesentat.

773 4832 963 4932 sepnus
992 4833 1123 4879 suis,
1154 4833 1257 4869 non
1288 4832 1521 4871 Ana-mm
1547 4832 1723 4872 vernis
1754 4832 2117 4887 reprasentat.

865 4885 1292 4963 )‘ffarqixlo‘ﬂat.
1429 4889 1718 4963 nimirum,
1738 4890 1827 4963 vel
1848 4891 2097 4956 opinione
2122 4905 2238 4963 sua,

705 4953 786 5004 vel
820 4954 1230 5019 ipsiusvictoris
1254 4956 1544 5018 voluntate,
1578 4958 1658 5010 vel
1688 4953 2025 5011 dominorum
2057 4961 2243 5013 vendi-

703 5024 846 5073 tione
878 5022 1100 5077 delatos.

770 5090 878 5161 (58)
926 5092 1379 5158 Ἀναρπάστους.
1426 5092 1623 5149 Excus.
1671 5094 1962 5158 Aristeas,
2008 5096 2239 5149 ἀναστά-

698 5176 841 5223 τους.

770 5231 874 5300 (59)
912 5230 1044 5281 Ὑπὸ
1071 5230 1329 5296 Περσῶν.
1368 5232 1421 5284 ln
1455 5233 1627 5285 edicto
1657 5247 1764 5299 quo
1792 5234 1930 5300 apud
1958 5233 2235 5287 Aristaaam

699 5298 1055 5366 etJoscplium
1089 5300 1559 5355 IibertasJudazisa
1594 5298 1878 5355 Ptoleman
1904 5304 2234 5367 conceditur,

700 5369 765 5419 dc
790 5367 972 5449 ρει-δίε
1009 5370 1140 5438 μηδὲ
1163 5370 1507 5449 χρύ[ῐ.-γρὺ].
1548 5369 1887 5449 Νυηοιειῐῃεη
1910 5370 2231 5449 δίηιιάὲυαι

700 5438 960 5507 scribens,
987 5450 1218 5506 paternae
1254 5438 1485 5493 invidias
1504 5450 1706 5507 partem
1755 5441 1988 5507 aliquam
2021 5442 2072 5493 in
2104 5440 2226 5494 Per-

701 5519 791 5556 sas
822 5506 1093 5623 dfonerat,
1124 5510 1373 5579 quodque
1409 5506 1529 5563 vere
1557 5518 1781 5577 poterat,
1809 5506 1967 5561 etiam
1999 5512 2232 5578 pruden-

701 5584 779 5623 ter
807 5588 853 5623 ai
880 5586 1061 5623 Ιυηςιιι.

700 5584 787 5643 ιρι·Δ
805 5578 1061 5643 adjungit.

770 5639 877 5708 (40)
924 5639 1392 5710 Σῦνεληλυθέναι
1522 5652 1578 5700 a1

696 5712 931 5785 quidem,
963 5715 1052 5785 sed
1087 5714 1349 5782 Josephus
1393 5716 1545 5785 longe
1582 5712 1761 5770 adhuc
1790 5717 2021 5777 mollius,
2051 5726 2103 5768 et
2137 5727 2231 5784 pa-

695 5780 792 5832 tris
822 5780 873 5832 in
904 5782 1123 5847 gratiam
1164 5780 1726 5852 ὑποκοριστικώτερον,
1750 5787 1871 5849 τοὺς
1907 5780 2229 5854 αἰχμαλωτι-

1581 5646 1941 5716 χμαιώτους.
1977 5646 2131 5701 Molle
2179 5648 2229 5699 id

2353 3413 2503 3465 τερον
2550 3396 2872 3465 ἀπαντῶμεν
2916 3400 3025 3458 τοῖς
3070 3398 3234 3458 πᾶσι,
3265 3396 3398 3448 πολὺ
3439 3397 3495 3449 δὲ
3538 3397 3735 3466 μᾶλλον
3781 3399 3875 3456 τοῖς

2354 3490 2462 3547 σοῖς
2491 3486 2729 3548 πολίταις
2745 3503 2757 3515 ·
2788 3487 2924 3555 ὑπὲρ
2940 3487 3066 3539 δέκα
3090 3487 3348 3557 μυριάδας
3370 3487 3721 3557 αἰχμαλώτων
3740 3487 3875 3557 ὴλεν·

2353 3575 2686 3645 θερώκαμεν,
2720 3577 3005 3639 ἀποδόντες
3030 3579 3139 3639 τοῖς
3174 3579 3430 3647 κρατοῦσι
3454 3578 3551 3650 τὴν
3583 3583 3699 3633 κατ’
3738 3579 3874 3642 ἀξίαν

2351 3664 2646 3735 ἀργυρικὴν
2669 3665 2852 3735 τιμὴν,
2878 3666 3235 3736 διορθούμενοι
3269 3671 3361 3721 καὶ
3378 3669 3497 3721 εἴτι
3518 3669 3698 3732 κακῶς
3725 3671 3875 3738 ἐπρά-

2350 3754 2449 3823 χθη
2483 3755 2568 3806 διὰ
2595 3755 2691 3816 τὰς
2720 3755 2822 3807 τῶν
2842 3754 3010 3825 ὄχλων
3044 3757 3235 3825 ὁρμὰς,
3280 3756 3613 3826 διειληφότες
3660 3758 3876 3817 εὐσεϐῶς

2350 3846 2502 3897 τοῦτο
2526 3846 2804 3912 πράσσειν,
2833 3848 2923 3898 καὶ
2944 3846 3021 3914 τῷ
3039 3847 3270 3915 μεγίστῳ
3295 3838 3413 3916 Θεῷ
3444 3850 3749 3918 χαριστικὸν
3770 3851 3876 3901 ἀνα»

2351 3936 2552 3997 θέντες,
2579 3936 2637 3998 ὃς
2664 3938 2791 4006 ἡμῖν
2818 3936 2914 4005 τὴν
2948 3936 3219 4005 βασιλείαν
3236 3938 3292 3989 ἐν
3318 3939 3507 4008 εἰρήνῃ
3548 3941 3642 3993 καὶ
3676 3938 3793 4009 δόξη
3819 3943 3873 4009 ill

2350 4026 2611 4098 κρατίστῃ
2657 4028 2782 4097 παρ’
2840 4027 2964 4096 ὅλην
2994 4026 3090 4095 τὴν
3129 4028 3445 4098 οἰκουμένην
3483 4029 3872 4100 διατετήρηκεψ

2349 4118 2426 4180 εἷς
2462 4134 2519 4169 τε
2542 4119 2602 4170 τὸ
2626 4119 2934 4187 στράτευμα
2956 4118 3079 4180 τοὺς
3110 4119 3500 4187 ἀκμαιοτάτους
3521 4124 3639 4182 ταῖς
3660 4118 3875 4188 ἡλικίαις

2348 4208 2667 4279 τετάχαμεν,
2686 4211 2809 4271 τοὺς
2833 4205 2888 4259 δὲ
2916 4208 3240 4278 δυναμένους
3268 4204 3361 4262 καὶ
3384 4212 3511 4279 περὶ
3547 4212 3690 4280 ἡμᾶς
3728 4203 3873 4273 εἶναι,

2348 4299 2587 4361 καὶτοὺς
2608 4299 2733 4369 περὶ
2766 4298 2863 4368 τὴν
2898 4299 3062 4370 αὐλὴν
3113 4300 3345 4361 πίστεως
3376 4299 3557 4364 ἀξίους
3604 4299 3873 4369 ἐπικρίνων

2348 4380 2669 4456 κατέστησα.
2700 4384 3037 4458 Βουλομένων
3058 4388 3112 4441 δὲ
3137 4389 3291 4460 ἡμῶν
3317 4389 3411 4442 καὶ
3442 4390 3523 4441 σοὶ
3554 4388 3870 4461 χαρίζεσθαι,

2348 4478 2439 4528 καὶ
2464 4479 2595 4529 πᾶσι
2625 4480 2736 4539 τοῖς
2759 4479 2911 4530 -κατὰ
2952 4479 3048 4549 τὴν
3086 4478 3407 4550 οἰκουμένην
3438 4470 3744 4545 Ἴουδαίοις,
3791 4478 3874 4531 καὶ

2346 4572 2453 4630 τοῖς
2475 4567 2782 4636 μετέπειτα,
2815 4569 3171 4641 προῃρήμεθα
3197 4570 3287 4623 τὸν
3318 4568 3479 4639 νόμον
3503 4571 3652 4641 ὑμῶν
3692 4570 3871 4641 μεθερ-

2344 4765 2563 4840 σθέγῖφις
2597 4768 2968 4840 ὑίτῖδΠερσῶῖν
2995 4770 3023 4820 ὁ
3048 4768 3177 4838 ὲμδς
3206 4769 3385 4840 eam
3410 4771 3652 4840 ἐτίμησε·

2414 4834 2521 4955 (Μ)
2550 4839 2741 4923 φόϐον
2760 4834 2887 4903 ἔχῃ.
2915 4834 3194 4893 Consentit
3213 4834 3451 4907 Ioseph"
3481 4834 3569 4919 ξνα
3596 4837 3872 4918 τοίςσΔίγυ-

2440 4922 2516 4955 οι(
2544 4924 2644 4955 ωσι
2675 4906 2910 4955 φοϐεροί.
2959 4906 3152 4955 Excus-
3194 4918 3371 4955 tamen
3409 4908 3679 4955 Angulus
3711 4916 3868 4955 mle:-

2343 4902 2516 4966 πτίοις
2544 4902 2644 4957 ὦσι
2675 4902 2910 4975 φοϐεροί.
2959 4906 3152 4962 Excus.
3194 4902 3373 4962 tamen
3408 4908 3680 4971 Aristeas,
3710 4902 3868 4961 inter-

2342 4976 2514 5039 posita
2543 4978 2843 5043 negatione,
2872 4976 3030 5043 φόόον
3074 4979 3147 5047 μὴ
3193 4977 3290 5047 ἔχη
3312 5016 3326 5040 ,
3357 4978 3683 5031 contrarium
3725 4978 3870 5046 plane

2342 5043 2782 5114 sensumeﬂicit;
2798 5060 2983 5110 parum
3011 5061 3128 5099 meo
3149 5046 3352 5114 judicio
3376 5047 3717 5114 probabilem.
3744 5044 3867 5097 Nam

2342 5112 2433 5184 qui
2466 5112 2675 5184 tandem
2721 5111 2998 5184 JEgyptios
3036 5111 3180 5167 omni
3226 5111 3529 5169 Judteorum
3578 5120 3713 5184 metu
3747 5115 3867 5184 libe-

2342 5181 2657 5243 rabat,dum
2678 5196 2771 5235 eos
2798 5180 3019 5235 in’locis
3050 5197 3211 5249 Opere
3240 5184 3451 5251 situque
3486 5180 3863 5247 munitissimis,

2340 5257 2393 5300 et
2436 5258 2588 5301 tanto
2638 5266 2858 5305 numero
2902 5252 3228 5305 collocaret?
3273 5252 3593 5307 Credibilius
3637 5253 3862 5309 omnino.

2340 5316 2681 5390 Ptolemaaum
2712 5319 2983 5390 Lagidem,
3007 5321 3098 5387 qui
3148 5320 3216 5373 ab
3261 5320 3548 5390 Alexandri
3600 5320 3740 5377 obitu
3769 5320 3865 5390 pri-

2339 5401 2461 5457 mus
2488 5386 2772 5456 IEgyptum
2796 5386 3116 5457 occupabat,
3145 5389 3287 5457 quod
3316 5405 3347 5443 a
3382 5392 3721 5445 Macedonum
3748 5389 3864 5441 viri—

2339 5454 2605 5529 bus‘sati’s‘
2634 5456 2860 5513 fortasse
2886 5454 3104 5529 paratus
3138 5454 3243 5510 non
3282 5470 3446 5523 esset,
3476 5458 3864 5529 Eﬂpﬁosa_m

2338 5525 2465 5591 quid
2500 5538 2749 5579 nascente
2790 5524 2957 5595 regno
2981 5528 3272 5581 turbarunt
3289 5524 3747 5595 excitarent'fhoc
3774 5524 3869 5595 πυτ

2338 5598 2575 5646 datorum
2624 5605 2765 5651 metu
2816 5593 3066 5649 cohibere
3114 5596 3364 5652 voluisse.
3402 5593 3533 5653 Utut
3562 5598 3864 5663 sit.quan-

2337 5664 2519 5733 obrem
2565 5666 2617 5717 id
2661 5666 2800 5733 apud
2840 5664 3081 5718 Judaeum
3104 5665 3408 5733 pontiﬁcem
3436 5673 3669 5731 negaret,
3697 5676 3867 5720 causa
3958 5690 3959 5705 ἢ

2336 5732 2465 5784 nihil
2494 5744 2635 5798 erat;
2671 5732 2770 5788 cur
2816 5732 3119 5799 animaret,
3147 5749 3275 5791 sane
3294 5736 3604 5806 plurimum.
3958 5758 3959 5806 γ

2424 4834 2431 4841 ι
