4022 6342
83 469 195 525 593

1224 471 1548 528 PREPAR.
1592 472 1837 527 EVANG.
1881 471 2005 525 LIB.
2048 471 2177 525 Vlll.

3215 468 3314 523 594

82 585 428 655 μηνευθῆναι
457 588 772 657 γράμμασιν
805 585 1003 655 Έλληνι
1016 588 1129 649 κοῖς
1155 588 1218 640 ἐκ
1250 587 1358 640 τῶν
1381 590 1505 658 παρ’
1532 588 1656 657 ὑμῖν

1762 604 1931 658 osque
1968 590 2129 643 simul
2159 605 2374 655 omnes,
2408 602 2517 644 tum
2540 589 2629 659 qui
2659 596 2769 642 toto
2812 601 2956 639 nunc
2984 583 3111 637 orbe
3134 582 3311 637 dimisi

90 675 411 747 Ἐὅραῖκῶν
461 678 764 747 λεγομένων
804 678 1162 747 γραμμάτων,
1211 680 1275 730 ἵν’
1304 680 1519 749 ὑπάρχῃ
1564 680 1656 730 καὶ

78 766 267 820 ταῦτα
294 769 420 838 παρ’
453 771 580 839 ἡμῖν
606 770 663 820 ὲν
701 767 1015 838 βιϐλιοθήκῃ
1043 770 1135 821 σὺν
1159 772 1266 831 τοῖς
1293 769 1467 832 ἄλλοις
1501 770 1653 839 βασι-

78 858 266 923 λικοῖς
303 860 543 929 βιϐλίοις.
574 860 767 922 Καλῶς
793 856 886 913 οὖν
918 862 1177 931 ποιήσεις,
1207 862 1297 915 καὶ⁵
1324 864 1420 931 τῆς
1459 865 1489 933 ἠ
1501 865 1655 933 μετέ-

81 968 192 1023 ρας
222 951 460 1021 σπουδῆς
485 951 666 1015 ἀξίως,
697 952 947 1018 ἐπιλέξας
972 954 1165 1024 ἄνδρας
1194 953 1369 1013 καλῶς
1406 953 1659 1022 βεὸιωκό-

79 1059 207 1110 τας,
243 1043 658 1116 πρεσϐυτέρους,
685 1043 971 1113 ἐμπειρίαν
996 1044 1213 1114 ἔχοντας
1238 1044 1326 1097 τοῦ
1354 1046 1536 1113 νόμου,
1565 1047 1657 1097 καὶ

75 1135 353 1199 δυνατοὺς
399 1135 726 1207 ἑρμηνεῦσαι
749 1175 763 1200 ,
804 1137 896 1205 ἀφ’
930 1138 1165 1208 ἑκάστης
1190 1138 1357 1207 φυλῆς
1384 1137 1461 1203 ἓξ,
1511 1139 1657 1201 ὅπως

78 1230 147 1280 ὲκ
189 1228 307 1280 τῶν
346 1228 600 1281 πλειόνων
641 1228 701 1280 τὸ
751 1227 1035 1298 σύμφωνον
1061 1231 1276 1300 εὑρεθῇ,
1305 1229 1393 1281 διὰ
1440 1229 1498 1281 τὸ
1534 1231 1657 1299 περὶ

80 1320 358 1388 μειζόνων
377 1317 512 1373 εἶναι
536 1320 631 1389 τὴν
653 1320 859 1388 σκέψιν.
883 1321 1119 1391 Οίόμεθα
1144 1324 1271 1392 γὰρ,
1296 1322 1657 1374 ἐπιτελεσθέν-

75 1427 172 1472 τος
207 1412 423 1475 τούτου,
462 1411 699 1482 μεγάλην
727 1411 1043 1465 ἀποίσεσθαι
1077 1412 1249 1476 δόξαν.
1295 1413 1658 1465 ’Λπεστάλκα-

78 1519 182 1570 μεν
216 1502 280 1554 δὲ
304 1505 429 1572 περὶ
455 1502 657 1555 τούτων
707 1503 957 1574 Ἀνδρέαν
988 1503 1094 1555 τῶν
1136 1504 1654 1576 ἀρχισωματοφυλά-

75 1609 195 1644 κων
244 1594 353 1663 (42)
389 1594 482 1647 καὶ
528 1594 828 1666 Ἀρισταίον
858 1583 883 1658 ,ί
935 1594 1274 1665 τιμωμένους
1320 1598 1448 1665 παρ’
1505 1598 1654 1665 ἡμῖν,

73 1684 496 1755 διαλεξομένους
528 1704 641 1748 σοι,
688 1688 782 1740 καὶ
829 1687 1149 1757 κομίζοντας
1191 1688 1440 1758 ἀπαρχὰς
1493 1691 1571 1751 είς
1597 1690 1656 1741 τὸ

72 1776 234 1846 ἱερὸν
263 1778 642 1848 ἀναθημάτων,
666 1782 757 1832 καὶ
786 1781 861 1842 είς
883 1780 1071 1842 θυσίας
1100 1780 1191 1831 καὶ
1216 1780 1283 1832 τὰ.
1308 1780 1460 1844 ἄλλα,
1488 1782 1654 1849 ἀργυ-

79 1869 204 1940 ρίου
231 1870 466 1924 τάλαντα
488 1872 696 1925 ἑκατόν.
730 1872 913 1942 Γράφε
937 1874 1027 1924 καὶ
1062 1873 1125 1925 σὺ
1175 1873 1309 1943 πρὸς
1356 1875 1500 1943 ἡμᾶς
1529 1877 1653 1946 περὶ

1757 681 1974 745 vivunt,
2004 689 2116 733 tum
2170 681 2261 748 qui
2313 680 2568 749 deinceps
2609 678 2775 732 futuri
2816 686 2975 739 sunt,
3013 676 3195 729 animo
3253 692 3315 729 ac

1759 772 1953 834 studio,
1982 773 2279 825 curandum
2305 774 2353 826 id
2373 773 2527 828 nobis
2579 771 2950 841 agendumque
2991 768 3314 830 statuimus,

1758 864 1836 917 uti
1858 864 1941 917 lex
1964 873 2140 917 vestra
2166 904 2182 927 ,
2208 880 2273 917 ex
2298 880 2359 918 ea
2385 906 2398 929 ,
2437 879 2599 934 quam
2633 862 2949 916 Hebraicain
2994 860 3274 928 appellatis
3300 900 3312 923 ,

1759 955 1997 1010 Graecam
2024 955 2077 1007 in
2106 956 2342 1025 linguam
2374 964 2746 1018 convertatur,
2778 952 2938 1005 utilla
2966 966 3086 1005 eum
3108 955 3314 1004 caeteris

1758 1047 2121 1101 voluminibus
2153 1048 2316 1115 regiis
2341 1057 2524 1101 nostra
2556 1046 2607 1099 in
2648 1042 2973 1098 bibliotheca
2998 1041 3311 1097 collocetur.

1760 1138 1891 1193 Rem
1913 1153 2039 1208 ergo
2061 1153 2183 1192 cum
2218 1138 2311 1191 tibi
2343 1138 2646 1200 honestam,
2663 1146 2775 1190 tum
2801 1134 3173 1208 benevolentia
3194 1147 3315 1187 mea

1761 1150 1891 1193 tiem
1913 1153 2039 1208 ergo
2061 1153 2183 1192 cum
2218 1150 2311 1191 llDl
2343 1150 2775 1200 nonestam,tum
2804 1150 3026 1189 benevor
3066 1150 3173 1186 nua
3194 1150 3314 1187 mea

1757 1228 1969 1298 dignam
2002 1227 2190 1283 feceris
2210 1270 2223 1292 ,
2260 1228 2304 1281 si
2330 1228 2477 1281 viros
2504 1235 2816 1281 contestata:
2848 1150 3154 1294 probitjtis,
3184 1234 3314 1277 aeta—

1760 1318 1936 1387 tisque
1964 1326 2209 1381 maturae,
2236 1319 2473 1388 legisque
2496 1320 2656 1375 simul
2694 1319 2917 1387 peritos,
2937 1326 3093 1385 atque
3111 1314 3176 1368 ad
3193 1330 3312 1367 eam

1758 1409 2216 1478 interpretandam
2248 1411 2470 1465 idoneos
2487 1412 2627 1481 ,"_scx
2658 1410 2946 1465 tribubuse
2976 1408 3204 1478 singulis
3220 1407 3314 1461 de-

1758 1503 1927 1557 lectos
1964 1503 2031 1557 ad
2051 1518 2136 1557 me
2161 1504 2375 1559 miseris
2394 1546 2408 1566 ,
2444 1512 2501 1558 ut
2524 1504 2785 1573 quoniam
2813 1503 2881 1559 de
2905 1502 3068 1557 rebus
3101 1500 3315 1570 gravio-

1758 1597 1909 1651 ribus
1960 1597 2153 1667 agitur,
2204 1598 2489 1652 certiorem
2542 1597 2643 1651 lioe
2697 1597 2753 1652 iu
2824 1612 3019 1665 genere
3083 1610 3314 1651 consen-

1758 1690 1964 1743 sionem
2024 1705 2090 1743 ex
2142 1689 2380 1759 plurium
2442 1705 2708 1744 concursu
2780 1688 3095 1744 habeamus.
3153 1685 3313 1756 353

1756 1781 1927 1847 Atque
1974 1781 2048 1847 id,
2093 1782 2139 1837 si
2188 1782 2323 1837 bene
2370 1781 2699 1851 feliciterque
2741 1781 2983 1842 cesserit,
3029 1795 3135 1833 non
3192 1778 3314 1830 vul-

1757 1876 1868 1944 gari
1886 1875 2041 1929 nobis
2059 1873 2241 1944 gloriae
2262 1874 2501 1928 futurum
2536 1875 2885 1928 arbitramur.
2912 1872 3046 1927 Eum
3080 1873 3131 1925 in
3152 1871 3311 1927 linem

74 1938 157 2016 ὧν
192 1963 265 2016 ἂν
289 1962 477 2037 βούλῃσ
514 1938 899 2034 κεχαρισμένος
922 1964 1029 2035 γὰρ
1046 1965 1161 2037 ἔσῃ,
1186 1938 1279 2019 καὶ
1307 1938 1485 2034 φιλίας
1510 1938 1655 2031 ἄξιόν

1762 1970 1829 2023 ad
1861 1977 1910 2021 te
1940 1968 2189 2023 misimus
2226 1968 2519 2033 Andream,
2569 1958 2736 2021 unum
2761 1983 2825 2021 ex
2854 1964 3310 2035 prmsidiariorum

78 2071 129 2107 τι
167 2054 398 2124 πράξεις
417 2071 429 2083 ·
458 2056 531 2117 ὠς
549 2054 1111 2125 ὲπιτελεσθησομένων
1138 2056 1235 2125 τὴν
1258 2056 1515 2126 ταχίστην
1532 2058 1656 2127 περὶ

77 2138 155 2199 ὧν
174 2146 246 2198 ἂν
267 2150 415 2218 αἱρῇ.
438 2149 701 2221 Ἔρῤωσο.
718 2169 734 2200 ι
760 2149 898 2219 Πρὸς
914 2148 1080 2201 ταῦτα
1108 2146 1440 2217 ἀντέγραψεν
1457 2148 1659 2219 ἐνδεχο-

79 2239 270 2307 μένως
310 2240 421 2310 (45)
446 2243 474 2294 ό
514 2242 828 2311 ’Ἐλεάζαρος
852 2240 1040 2303 οὕτως.

1762 2061 1992 2114 militum
2034 2058 2317 2129 praefectis,
2342 2070 2394 2113 et
2413 2060 2715 2125 Aristmum,
2740 2058 2898 2112 ambo
2932 2070 3157 2112 summa:
3174 2055 3314 2123 apud

1765 2166 1865 2205 nos
1898 2151 2258 2217 auctoritatis,
2296 2152 2385 2220 qui
2422 2160 2599 2205 tecum
2626 2165 2689 2205 ea
2720 2151 2784 2205 de
2820 2164 2879 2204 re
2911 2148 3312 2217 colloquantur,

1770 2250 1824 2295 et
1860 2232 2213 2295 donariorum
2260 2252 2569 2297 nostrorum
2617 2243 2918 2313 primitias,
2951 2257 3072 2296 cum
3107 2239 3315 2295 talentis

77 2331 297 2399 argenti
328 2340 542 2386 centum
568 2334 621 2386 in
652 2332 913 2387 sacriﬁcia
941 2348 1002 2386 ac
1026 2332 1232 2401 reliqua
1260 2330 1311 2384 id
1343 2347 1513 2402 genus
1562 2334 1948 2403 expendendis,
2000 2336 2058 2406 in
2094 2337 2354 2405 templum
2406 2336 2699 2405 perferant.
2732 2334 2812 2390 Tu
2858 2335 3117 2398 vicissim,
3182 2346 3317 2401 qua.

76 2438 305 2493 cunque
352 2428 420 2479 de
470 2441 530 2479 re
580 2425 819 2492 libuerit,
854 2428 919 2481 ad
950 2442 1049 2480 nos
1102 2426 1309 2480 scribas
1359 2426 1538 2480 velim.
1587 2426 1719 2480 Rem
1758 2427 1901 2480 enim
1935 2437 1987 2482 et
2009 2428 2142 2482 mihi
2174 2438 2499 2499 pergratam,
2525 2437 2580 2482 et
2623 2428 2856 2482 amicitia
2880 2435 3061 2480 nostra
3096 2426 3312 2493 dignam

76 2513 283 2569 ieceris
319 2535 331 2570 :
365 2525 418 2569 et
447 2516 705 2587 quidquid
725 2519 1035 2587 postularis,
1075 2519 1125 2573 id
1160 2527 1217 2572 ut
1246 2518 1645 2587 quamprimum
1680 2518 1790 2585 fiat,
1819 2534 2040 2589 operam
2074 2521 2342 2575 dabimus.
2384 2518 2535 2574 Vale.
2571 2539 2589 2571 ι
2627 2518 2707 2572 Ad
2754 2520 2868 2573 llaec
2898 2518 3184 2571 Eleazarus
3206 2557 3219 2581 ,
3259 2524 3314 2569 ut

79 2621 182 2675 par
223 2616 359 2670 erat,
390 2607 581 2663 incum
606 2611 697 2679 qui
737 2611 979 2681 sequitur
1025 2613 1244 2667 modum
1286 2610 1582 2679 rescripsit.

616 2724 1009 2777 ΚΕΦΑΛΑΙΟΝ
1056 2722 1131 2776 E'.

90 2834 426 2903 Ἐπιστολὴ
486 2833 825 2902 Ἐλεαζάρου
876 2835 1192 2903 ἀρχιερέως
1255 2834 1404 2903 πρὸς
1439 2839 1656 2889 Πτολε-

610 2905 791 2975 μαῖον
836 2906 1123 2969 βασιλέα.

159 3031 183 3063 ς
241 3012 557 3085 Ἐλεάζαρος
590 3015 877 3085 ἀρχιερεὺς
912 3015 1117 3084 βασιλεῖ
1148 3017 1486 3087 Πτολεμαίῳ,
1521 3019 1656 3087 φίλῳ

88 3104 312 3175 γνησίῳ,
340 3106 568 3178 χαίρειν.
593 3107 654 3159 Et
682 3106 843 3171 αὐτός
878 3124 935 3159 τε
972 3107 1210 3177 ἔρρωσαι
1249 3108 1393 3176 καὶὴ
1423 3106 1661 3176 βασίλισ-

84 3214 153 3250 σα
204 3197 448 3268 ’Δρσινόη
471 3239 483 3262 ,
518 3200 550 3268 ἠ
584 3198 822 3268 ἀδελφὴ,
864 3200 955 3251 καὶ
1007 3199 1073 3252 τά
1113 3198 1276 3250 τέκνα
1311 3237 1326 3261 ,

84 3382 359 3446 Λαϐόντες
392 3384 488 3453 τὴν
522 3383 669 3453 παρά
698 3383 790 3435 σοῦ
826 3383 1109 3453 ἐπιστολὴν
1131 3424 1142 3446 ,
1178 3382 1426 3452 μεγάλως
1456 3382 1653 3451 ἐχάρη-

84 3491 190 3547 μεν
221 3472 311 3527 διὰ
335 3472 433 3543 τὴν
459 3474 772 3543 προαίρεσίν
800 3490 915 3535 σου,
945 3476 1037 3528 καὶ
1059 3474 1155 3543 τὴν
1202 3473 1490 3543 καλλίστην
1529 3472 1651 3542 βου-

84 3564 209 3636 λὴν,
232 3564 326 3618 καὶ
353 3562 741 3630 συναγαγόντες
763 3563 821 3614 τὸ
846 3566 952 3615 πᾶν
980 3563 1199 3632 πλῆθος,
1228 3564 1653 3633 παρανέγνωμεν

84 3658 259 3728 αὐτὴν
280 3658 477 3719 αὐτοῖς,
534 3655 599 3708 ἵν’
629 3653 873 3715 είδῶσιν,
916 3655 980 3723 ἣν
1023 3654 1164 3723 ἔχεις
1206 3656 1341 3725 πρὸς
1392 3657 1480 3708 τὸν
1522 3657 1653 3707 Θεὸν

82 3747 246 3816 ἡμῶν
275 3747 571 3800 εὐσέϐειαν.
612 3744 993 3813 ’Δπεδείξαμεν
1019 3744 1072 3796 δὲ
1108 3744 1200 3796 καὶ
1226 3745 1323 3808 τὰς
1352 3746 1563 3813 φιάλας,
1590 3746 1654 3809 ἃς

85 3838 409 3900 ἀπέστειλας
448 3839 652 3907 χρυσᾶς
690 3836 857 3889 εἴκοσι
880 3877 894 3899 ,
932 3837 1023 3888 καὶ
1056 3837 1302 3906 ἀργυρᾶς
1344 3838 1651 3908 τριάκοντα,

85 3929 369 4001 κρατῆρας
395 3930 573 3992 πέντε,
601 3933 693 3983 καὶ
716 3930 987 4001 τράπεζαν
1017 3932 1093 3993 ε’ίς
1127 3929 1378 3983 ἀνάθεσιν
1406 3970 1419 3994 ,
1453 3933 1545 3983 καὶ
1578 3935 1655 3995 είς

87 4021 452 4094 προσαγωγὴν
480 4022 699 4085 θυσιῶν,
728 4024 821 4075 καὶ
854 4024 931 4085 εἰς
957 4022 1265 4087 ἐπισκευὰς,
1291 4015 1367 4075 ὧν
1395 4024 1656 4095 προσδέη-

66 4110 178 4164 ται
198 4110 258 4164 τὸ
292 4112 453 4185 ἱερὸν,
480 4113 739 4183 ἀργυρίου
767 4114 999 4167 τάλαντα
1028 4115 1239 4179 ἑκατὸν,
1296 4116 1437 4186 ᾰπερ
1468 4117 1653 4186 ἐκόμι-

88 4217 184 4256 σεν
225 4201 474 4274 ’Δνδρέας
506 4204 614 4257 τῶν
638 4206 1010 4275 τετιμημένων
1038 4206 1183 4275 παρά
1220 4207 1322 4271 σοὶ,
1366 4207 1460 4261 καὶ
1509 4209 1654 4277 Ἀρι-

93 4294 295 4355 σταϊος,
324 4293 513 4365 ἄνδρες
531 4296 686 4349 καλοὶ
719 4299 810 4350 καὶ
835 4298 1046 4364 ἀγαθοὶ,
1080 4298 1170 4349 καὶ
1217 4298 1435 4369 παιδεία
1470 4299 1654 4366 διαφέ-

90 4400 307 4455 ροντες,
350 4386 442 4438 καὶ
485 4387 583 4457 τῆς
624 4388 723 4458 σῆς
771 4391 991 4459 ἀγωγῆς
1019 4391 1112 4443 καὶ
1152 4391 1491 4462 δικαιοσύνης
1516 4391 1654 4454 ἄξιοι

90 4474 235 4529 κατὰ
260 4472 452 4529 πάντα.
486 4475 551 4530 Οἳ
596 4480 688 4535 καὶ
721 4482 1027 4551 μετέδωκαν
1060 4484 1191 4551 ἡμῖν
1238 4483 1305 4534 τά
1345 4483 1493 4552 παρά
1537 4483 1649 4547 σοῦ,

92 4562 229 4639 προς
278 4565 314 4619 ἃ
342 4568 435 4619 καὶ⁵
481 4569 609 4639 παρ’
640 4572 799 4639 ἡμῶν
860 4574 1158 4645 ἀκηκόασιν
1209 4572 1511 4645 ἁρμόζοντα
1544 4579 1653 4637 τοῖς

92 4660 208 4721 σοῐς
228 4658 529 4729 πράγμασι.
558 4659 743 4714 Πάντα
770 4664 876 4735 γὰρ
908 4666 1006 4719 ὅσα
1035 4682 1115 4718 σοι
1144 4668 1442 4737 συμφέρει,
1478 4667 1569 4719 καὶ
1609 4668 1655 4718 εί

92 4750 243 4821 παρὰ
267 4750 435 4819 ’φύσιν
464 4751 608 4804 ἐστὶν
632 4752 838 4821 (4H5)
860 4794 873 4816 ,
905 4757 1341 4828 ὐπακουσόμεθα.
1366 4760 1534 4812 Τοῦτο
1552 4759 1657 4828 γὰρ

92 4841 277 4911 φιλίας
297 4844 387 4896 καὶ
410 4841 736 4915 ἀγαπήσεώς
764 4844 879 4895 ἐστι
911 4852 1150 4918 σημεῖον.
1178 4850 1403 4919 Μεγάλα
1428 4851 1533 4919 γὰρ
1565 4850 1657 4901 καὶ

91 4932 425 5005 ἀνεπίληστα
446 4935 570 4999 τοὺς
596 4934 815 4997 πολίτας
841 4937 996 5017 ἡμῶν
1018 4943 1155 4993 κατὰ
1183 4941 1408 5004 πολλοὺς
1428 4942 1657 5012 τρόπους

87 5024 492 5096 εὐεργέτηκας·
544 5026 743 5090 εὐθέως
788 5023 882 5080 οὖν
927 5032 1345 5101 προσηγάγομεν
1388 5033 1527 5103 ὑπὲρ
1564 5032 1655 5085 σοῦ

86 5114 151 5168 Ou
165 5114 307 5178 σίας,
338 5118 432 5197 καὶ
458 5120 557 5190 τῆς
580 5120 811 5189 ἀδελφῆς
838 5118 944 5189 (46)
983 5122 1075 5172 καὶ
1125 5122 1231 5174 τῶν
1276 5124 1481 5177 τέκνων
1502 5164 1515 5187 ,
1566 5126 1657 5179 καὶ

84 5205 203 5260 τῶν
232 5205 553 5275 φίλων”καὶ
584 5212 786 5281 ηὔξατο
815 5214 917 5267 πᾶν
938 5214 997 5264 τὸ
1028 5213 1248 5283 πλῆθος,
1280 5216 1365 5269 ἵνα
1394 5234 1474 5269 σοι
1501 5217 1658 5287 γένη-

84 5315 179 5355 ται
207 5292 387 5363 καθὼς
417 5308 653 5377 προαιρῇ
685 5305 772 5360 διὰ
795 5306 1011 5370 παντὸς,
1039 5307 1133 5360 καὶ
1160 5306 1397 5379 διασώζῃ
1448 5327 1527 5363 σοι
1560 5311 1656 5379 τὴν

90 5390 369 5462 βασιλείαν
398 5393 455 5446 ὲν
483 5394 671 5466 εἰρήνῃ
708 5397 843 5466 μετά
873 5398 1029 5470 δόξης
1054 5400 1080 5451 ὁ
1108 5399 1373 5469 κυριεύων
1402 5402 1657 5455 ἁπάντων

170 5525 282 5601 (42)
313 5525 433 5601 Τῶν
457 5526 1131 5601 ἀρχισωματοφυλάκων.
1178 5533 1372 5586 Exeus.
1404 5534 1569 5587 Arist.
1603 5546 1657 5589 et

96 5596 463 5678 δοεερίιηπὸν
495 5596 1089 5678 ⁸ἀρχισωματοφύλακα.
1118 5604 1247 5678 Quae
1281 5604 1437 5658 lectio
1484 5605 1656 5672 homi-

100 5670 187 5721 nis
218 5668 466 5738 dignitali
495 5666 652 5733 lavet,
684 5666 770 5723 cui
799 5666 1005 5727 tantum
1037 5666 1256 5729 accedat
1301 5690 1522 5729 necesse
1548 5667 1652 5737 est,

102 5749 362 5805 quantum
403 5739 702 5793 detrahitur
728 5758 792 5795 ex
823 5744 1005 5798 sociis.

170 5807 279 5885 (45)
312 5808 769 5885 ,Ἐνδεχομένῳᾳ
806 5807 998 5867 Vocem
1030 5816 1258 5884 explicat
1286 5815 1551 5885 Josephus
1583 5817 1654 5880 ὡς

101 5876 225 5945 ἐνῆν
253 5876 497 5946 μάλιστα
516 5876 829 5951 φιλοτίμως,

1382 3198 1559 3251 καλῶς
1591 3198 1658 3251 ἂν
1674 3230 1677 3233 -

84 3216 153 3250 σα
208 3216 448 3268 Δρσινοη
471 3239 483 3262 ,
518 3216 550 3268 η
584 3216 786 3268 αοεΑφη
808 3239 822 3261 ,
864 3216 955 3251 και
1007 3216 1073 3252 τα
1113 3216 1276 3250 τεκνα
1311 3237 1326 3261 ,
1382 3216 1559 3260 καΑως
1591 3216 1677 3251 αν-

80 3288 223 3360 ἑχοι,
270 3291 362 3341 καὶ
394 3290 468 3353 ὡς
510 3290 837 3361 βουλόμεθα·
895 3294 988 3343 καὶ
1026 3292 1178 3344 αὐτοὶ
1212 3290 1268 3343 δὲ
1315 3290 1649 3360 ὑγιαίνομεν.
1684 3267 1725 3322 C

2382 2718 2607 2775 CAPUT
2641 2717 2701 2771 V.

1829 2831 2066 2901 Epistola
2096 2831 2345 2885 Eleazari
2376 2832 2567 2883 summi
2608 2832 2896 2883 sacerdotis
2950 2830 3019 2881 ad
3070 2830 3243 2882 Ptole-

2344 2916 2533 2953 mwum
2566 2916 2751 2969 regem.

1834 3035 1850 3067 ι
1874 3014 2163 3069 Eleazarus
2187 3028 2434 3069 summus
2456 3011 2695 3083 pontifex
2717 3011 3007 3067 Ptolemzeo
3038 3014 3168 3083 regi,
3186 3030 3312 3068 vero

1760 3124 1823 3165 ac
1861 3112 2073 3165 sincero
2116 3110 2313 3174 amico,
2345 3108 2598 3163 salutem.
2640 3106 2697 3161 Si
2725 3109 2870 3163 vales
2909 3120 2987 3172 tu,
3021 3108 3313 3179 reginaque

1758 3203 2013 3266 Arsinoe,
2042 3216 2217 3267 soror,
2250 3200 2515 3268 liberique
2537 3200 2738 3261 valent,
2768 3200 2903 3252 bene
2934 3208 3037 3261 est,
3058 3209 3217 3267 atque
3247 3216 3309 3252 cx

1759 3305 1884 3349 voto
1907 3302 2095 3346 nostro
2128 3310 2140 3344 :
2177 3306 2276 3344 nos
2304 3292 2520 3360 quidem
2550 3290 2811 3345 valemus.
2844 3292 3093 3359 Acceptis
3121 3292 3311 3343 litteris

1760 3386 1888 3449 tuis,
1912 3398 2161 3449 magnam
2191 3398 2255 3435 ex
2284 3390 2370 3435 tua
2394 3382 2667 3435 voluntate
2687 3381 3023 3449 consilioque
3041 3383 3315 3436 sanetiSsi-

1759 3493 1848 3530 mo
1876 3476 2110 3529 laetitiam
2139 3472 2814 3542 cepimus,convocataque
2835 3472 3176 3527 multitudine
3197 3474 3316 3526 uni-

1759 3581 1937 3627 versa,
1962 3565 2135 3632 palam
2161 3578 2253 3617 eas
2285 3563 2656 3631 recitavimus,
2687 3572 2747 3616 ut
2779 3577 2967 3617 omnes
2990 3571 3095 3618 tua:
3128 3564 3313 3618 adver-

1760 3673 1856 3712 sus
1892 3654 2059 3709 Deum
2119 3664 2368 3709 nostrum
2421 3654 2637 3723 pietatis
2686 3670 2903 3709 sensum
2934 3656 3311 3725 intelligerent.

1758 3747 1974 3803 Pliialas
2002 3748 2164 3801 etiam
2204 3746 2299 3800 abs
2319 3754 2371 3799 te
2402 3748 2597 3800 missas
2626 3745 2952 3813 protulimus
2971 3786 2984 3808 ,
3011 3761 3203 3800 aureas
3237 3747 3315 3799 vi-

1760 3839 1919 3911 ginti,
1945 3852 2009 3892 ac
2042 3836 2263 3905 triginta
2300 3843 2861 3905 argenteas,crateres
2889 3835 3015 3888 item
3048 3838 3309 3903 quinque,

1760 3945 2005 3985 mensam
2044 3927 2377 3983 consecratis
2438 3925 2753 3979 muneribus
2797 3925 3125 3993 exeipiendis
3160 3927 3312 3981 addi-

1758 4032 1923 4086 ctam,
1961 4030 2015 4075 et
2046 4019 2330 4074 sacriﬁciis
2381 4017 2661 4080 faciendis,
2708 4032 2771 4070 ac
2798 4018 3006 4071 eazteris
3039 4018 3311 4080 omnibus,

1756 4128 1876 4181 qua:
1906 4125 2045 4180 opus
2071 4109 2268 4177 templo
2298 4106 2527 4170 fuerint,
2560 4108 2941 4176 comparandis
2979 4110 3185 4177 argenti
3227 4118 3311 4163 ta-

1758 4203 1902 4257 lenta
1945 4210 2162 4256 centum
2192 4242 2205 4264 ,
2251 4214 2371 4269 quae
2405 4200 2649 4253 Andreas
2674 4216 2817 4253 unus
2854 4214 2917 4253 ex
2952 4200 3170 4255 familia:
3210 4212 3314 4255 tute

1758 4293 2097 4357 clarissimis,
2134 4300 2187 4346 et
2218 4292 2499 4355 Aristaeus,
2523 4292 2623 4343 viri
2654 4292 3024 4346 honestissimi
3047 4302 3208 4363 atque
3231 4293 3313 4346 in-

1759 4384 2056 4457 tegerrimi,
2073 4382 2762 4454 summaaqueernditionis,
2792 4393 2991 4453 tuaque
3012 4386 3173 4439 simul
3191 4401 3310 4438 eum

1759 4478 2067 4546 disciplina,
2099 4484 2211 4529 tum
2238 4475 2491 4544 a'quitate
2523 4476 2683 4530 rebus
2719 4468 2771 4528 in
2818 4476 3071 4531 omnibus
3110 4476 3311 4546 dignis-

1760 4570 1884 4623 simi
1941 4568 2255 4621 attulerunt.
2291 4569 2331 4620 li
2373 4576 2464 4619 tua
2490 4582 2706 4636 quoque
2753 4567 3001 4620 mandata
3034 4568 3184 4620 nobis
3223 4583 3313 4619 ex—

1758 4646 2076 4730 posuerunt,
2110 4658 2381 4725 rebusque
2408 4658 2512 4710 tuis
2544 4668 2725 4725 aptum
2753 4673 2781 4709 a
2806 4658 2959 4711 nobis
2979 4666 3031 4710 ct
3060 4671 3312 4711 commo-

1758 4748 1883 4805 dum
1920 4764 2238 4818 responsum
2274 4754 2528 4800 tulerunt.
2572 4745 2840 4813 Quidquid
2872 4746 3012 4798 enim
3065 4760 3093 4799 e
3134 4746 3311 4815 digni-

1758 4852 1866 4898 tate
1894 4856 2103 4910 usuque
2131 4849 2225 4893 tuo
2266 4837 2447 4901 fuerit,
2481 4838 2535 4890 in
2560 4854 2647 4901 eo,
2680 4847 2735 4890 ut
2780 4837 2960 4891 minus
2990 4838 3151 4891 etiam
3188 4856 3309 4893 eum

1758 4947 1949 4993 natura
1994 4943 2177 4987 nostra
2234 4946 2508 5001 sensuque
2558 4930 2908 5000 conjunctum
2961 4933 3053 4998 sit,
3108 4948 3309 4985 morem

1758 5040 2022 5097 geremus.
2053 5021 2163 5077 Hoc
2197 5023 2338 5075 enim
2360 5021 2610 5076 amicitia:
2637 5030 2689 5076 et
2719 5022 2999 5076 charitatis
3026 5038 3313 5093 argumen-

1762 5130 1871 5173 tum
1918 5126 2019 5171 est.
2064 5115 2125 5170 Et
2166 5131 2295 5171 sane
2328 5131 2524 5187 magna
2561 5117 2615 5170 in
2664 5117 2887 5186 primis,
2928 5116 3181 5183 nullaque
3213 5132 3310 5169 un-

1758 5225 1917 5279 quam
1952 5208 2222 5267 oblivione
2238 5207 2462 5261 delenda
2487 5209 2664 5261 omnis
2688 5208 2898 5277 generis
2915 5206 3168 5261 beneﬁcia
3193 5221 3311 5261 nos-

1759 5313 1871 5355 tros
1903 5301 1955 5353 in
1988 5301 2133 5354 cives
2158 5299 2457 5353 contulisti.
2482 5301 2660 5364 Quare
2693 5300 2896 5353 hostias
2927 5296 3239 5362 confestim,
3260 5309 3311 5352 et

1760 5409 1869 5461 tua,
1907 5405 1957 5450 et
1986 5396 2214 5458 sororis,
2243 5395 2561 5457 liberorum,
2586 5396 2991 5460 amicorumque
3020 5407 3182 5446 causa
3213 5394 3311 5445 im-

1831 5529 2031 5601 (14-45)
2058 5530 2163 5582 Καὶ
2194 5533 2243 5581 εὶ
2288 5528 2445 5596 παρὰ
2476 5529 2661 5596 φύσιν
2694 5528 2891 5601 ἐστίν..
2951 5523 3015 5579 Ει
3067 5525 3307 5601 ᾇοδορίι..

1761 5598 1860 5657 κᾶν
1894 5599 1923 5671 ᾗ
1960 5601 2108 5669 παρὰ
2135 5601 2312 5667 φύσιν,
2339 5601 2387 5652 id
2412 5613 2510 5660 εει,
2541 5609 2597 5650 ut
2634 5600 2811 5651 minus
2834 5598 2883 5649 id
2914 5612 3036 5649 eum
3076 5599 3308 5671 ingenio,

1760 5667 1959 5733 sensu,
2019 5667 2260 5724 moribus
2338 5672 2535 5723 nostris
2592 5676 2945 5735 congrueret,
3009 5667 3309 5735 eiijusznodi

1758 5746 1917 5797 etiam
1954 5750 2035 5793 est
2067 5756 2343 5793 sacrorum
2376 5740 2630 5791 librOrum
2667 5739 3111 5791 communicatio.

1830 5813 1933 5879 (46)
1974 5810 2083 5875 Τῆς
2110 5808 2409 5879 ἀδελφῆς,
2441 5818 2540 5859 etc.
2590 5806 2821 5865 Montac.
2849 5852 2862 5876 ,
2894 5810 2983 5860 καὶ
3031 5809 3125 5876 τῆς
3160 5807 3311 5873 βασι-

1757 5878 1963 5950 λίσσης,
2000 5881 2092 5932 καὶ
2117 5878 2347 5948 ἀδελφῆς
2390 5879 2680 5947 Ἀρσινόης.
