3988 6340
746 498 853 562 595

1374 509 1643 568 EUSEBII
1677 513 2155 572 CJESARIENSIS
2188 514 2343 571 OPP.
2374 517 2555 574 PARS
2591 519 2654 574 ll.
2691 551 2763 562 —
2790 522 3307 584 APOLOGETICA.‘
3866 531 3949 585 596

669 631 683 677 ι’
743 619 1073 676 nolavimus
1117 639 1133 674 :
1174 630 1229 677 et
1269 625 1409 679 votis
1450 642 1516 682 ae
1552 628 1803 697 precibus
1840 632 1949 686 Deo
1974 633 2285 702 praepotenti

2395 634 2542 699 Θεός.
2590 637 2698 691 Καὶ
2751 639 2897 704 ὅπως
2941 644 3166 715 γένηται
3214 646 3629 716 συμφερόντως,
3689 646 3793 697 καὶ
3834 633 3951 715 μετὰ

670 742 678 751 -
743 715 1091 781 nuncupatis,
1137 715 1426 771 universus
1479 718 1547 771 ab
1592 734 1658 773 eo
1700 722 1931 789 populus
1988 722 2286 794 ﬂagitabat,

738 800 904 874 355
934 806 1011 857 uti
1062 806 1245 860 omnia
1293 806 1397 859 tibi
1444 804 1671 862 feliciter
1698 818 1861 879 atque
1888 828 1953 866 ex
1992 815 2174 867 animo
2203 830 2293 868 ce—

739 895 951 956 derent,
983 910 1046 949 ac
1095 912 1385 965 perennem
1417 914 1583 969 regno
1612 911 1704 954 tuo
1737 918 1919 969 pacem
1956 905 2292 974 gloriamque

736 986 1075 1042 concederet.
1095 989 1387 1055 Cazterum,
1429 1006 1487 1045 ut
1522 995 1803 1047 commode
1835 1005 2055 1065 tutoque
2106 1014 2291 1053 succe-

736 1078 830 1129 dat
878 1093 1046 1133 sacrae
1078 1081 1211 1151 legis
1246 1084 1619 1152 interpretatio
1641 1127 1655 1150 ,
1695 1103 1785 1140 sex
1838 1089 2086 1143 tribubus
2120 1105 2150 1143 e
2179 1092 2293 1144 sin-

737 1174 905 1242 gulis,
942 1172 995 1225 in
1028 1174 1271 1227 omnium
1304 1187 1597 1244 conspectu
1629 1179 1947 1247 delegimus,
1979 1182 2124 1235 viros
2158 1197 2288 1249 pro—

737 1267 836 1321 bos
869 1252 932 1319 ac
968 1266 1233 1330 seniores,
1259 1283 1395 1335 quos
1419 1270 1485 1323 ad
1521 1281 1573 1323 te
1594 1287 1700 1323 una
1737 1287 1857 1324 cum
1877 1272 1991 1340 lege
2021 1274 2285 1327 misimus.

738 1356 976 1426 Equum
1008 1358 1170 1427 igitur
1222 1359 1403 1424 fuerit,
1432 1376 1524 1414 rex
1560 1365 1902 1430 wquissime,
1939 1368 2076 1419 hanc
2110 1368 2207 1420 abs
2239 1376 2300 1443 te.

734 1463 1015 1502 sacrorum
1052 1448 1311 1503 librorum
1342 1450 1838 1520 interpretationem
1874 1457 2061 1509 sedulo
2084 1458 2286 1520 curari,

702 1574 705 1575 ν
736 1540 814 1594 uti
850 1540 917 1595 ad
962 1555 1060 1593 nos
1100 1539 1175 1593 illi
1223 1545 1480 1598 continuo
1531 1546 1662 1598 salvi
1699 1556 1752 1600 et
1776 1547 2073 1602 incolumes
2102 1549 2289 1601 remit-

733 1622 939 1687 tantur.
976 1630 1123 1686 Vale.
1164 1651 1181 1684 ι
1217 1632 1342 1688 Haec
1369 1635 1650 1692 Aristaeus.
1687 1636 1895 1702 Quibus
1925 1639 2012 1692 ille
2036 1639 2287 1708 deinceps

731 1723 977 1793 pluribus
1005 1734 1182 1780 tamen
1209 1727 1274 1780 de
1310 1738 1561 1797 δυσουριο
1580 1732 2066 1800 opereinterjectis,
2090 1748 2276 1786 secun-

624 1890 627 1891 ν
731 1816 857 1869 dum
888 1817 1033 1870 illam
1064 1818 1715 1875 divinarum‘litterarum
1761 1823 2284 1892 interpretationem,

729 1908 909 1963 verbis
936 1910 1180 1975 totidem,
1213 1927 1335 1979 quae
1369 1924 1690 1981 sequuntur,
1714 1916 1935 1968 attexit:
1973 1914 2282 1981 «Perlectis,

733 1999 935 2069 inquit,
964 2000 1335 2056 voluminibus
1365 2002 1492 2067 illis,
1520 2012 1723 2057 stantes
1738 2006 2008 2074 erectique
2039 2007 2288 2059 sacerdo—

732 2100 836 2149 tes,
867 2104 1081 2159 unaque
1132 2093 1395 2159 seniores,
1452 2109 1561 2147 non
1610 2094 1930 2163 interpretes
1973 2097 2169 2161 modo,
2196 2097 2289 2150 sed

731 2181 893 2232 etiam
932 2179 1093 2246 hujus
1124 2166 1258 2249 reip.
1297 2180 1762 2236 administratione
1818 2182 2111 2251 perfuncti,
2164 2201 2288 2239 cum

730 2271 915 2338 populi
962 2272 1392 2326 moderatoribus
1416 2310 1431 2335 ,
1467 2288 1573 2326 una
1603 2288 1733 2327 voce
1766 2289 1953 2329 omnes
1986 2294 2000 2328 :
2030 2276 2290 2341 Quando—

728 2364 968 2433 quidem,
994 2364 1166 2427 aiunt,
1199 2364 1301 2419 rite
1339 2380 1402 2418 ac
1435 2364 1685 2433 religiose
1719 2366 1955 2434 perfecta
1981 2409 1995 2429 ,
2032 2377 2195 2436 atque
2231 2368 2287 2422 in

729 2455 984 2510 omnibus
1037 2456 1101 2509 ad
1151 2456 1409 2510 amussim
1443 2466 1629 2509 exacta
1660 2457 2028 2527 interpretatio
2082 2469 2185 2523 est,
2229 2466 2291 2513 ut

728 2548 943 2617 integra
962 2562 1205 2617 puraque
1238 2558 1498 2613 servetur,
1523 2549 1762 2620 nihilque
1792 2566 2013 2619 prorsus
2046 2553 2179 2605 artis
2209 2552 2288 2605 ir-

728 2646 904 2705 repat,
930 2638 1079 2690 omni
1097 2652 1225 2691 cura
1250 2638 1538 2707 studioque
1562 2640 1973 2706 providendum.
1999 2640 2171 2705 Quam
2199 2656 2289 2695 vo-

727 2744 867 2791 cem,
895 2727 1069 2781 fa’usta
1110 2736 1430 2781 cunctorum
1465 2730 1856 2783 acclamatione
1892 2745 2178 2785 consecuta
2204 2732 2287 2785 di-

726 2804 976 2874 rismore
1008 2835 1110 2874 suo
1139 2835 1261 2873 eum
1298 2820 1546 2874 devoveri
1574 2822 1808 2889 jussere,
1851 2808 1944 2891 qui
1970 2824 2050 2877 vel
2079 2823 2283 2877 adden-

726 2915 831 2977 do,
868 2913 948 2968 vel
997 2912 1409 2974 transferendo,
1469 2913 1553 2966 vel
1628 2914 1995 2981 detrahendo,
2047 2917 2284 2971 universi

726 3005 907 3073 operis
939 3006 1232 3075 quidquam
1266 3005 1595 3059 adulteraret
1631 3026 1642 3057 :
1681 3019 1840 3077 atque
1884 3007 1937 3060 id
1990 3008 2115 3076 jure
2160 3010 2284 3077 qui-

725 3095 849 3149 dem
883 3111 948 3149 ac
979 3098 1192 3160 merito,
1224 3098 1301 3149 uti
1334 3112 1489 3150 sacer
1524 3099 1611 3150 ille
1642 3097 1764 3152 fons
1817 3098 2055 3166 limpidis
2098 3114 2160 3151 ac
2192 3100 2282 3167 ju-

726 3186 887 3253 gibus
938 3186 1094 3254 aquis
1147 3196 1402 3255 perpetuo
1458 3189 1759 3251 scaturiret.
1795 3188 2003 3255 Quibus
2032 3190 2285 3245 omnibus

725 3279 841 3347 regi
880 3280 1164 3345 nuntiatis,
1214 3294 1464 3349 magnam
1518 3281 1635 3349 ipse
1682 3296 1899 3350 quoque
1959 3284 2283 3351 voluptatem

724 3373 909 3425 animo
939 3371 1080 3441 cepit
1112 3411 1126 3435 ,
1163 3374 1308 3441 quod
1349 3388 1508 3426 suum
1540 3372 1669 3426 illud
1724 3372 2011 3426 consilium
2073 3374 2280 3429 felicem

724 3464 930 3516 exitum
968 3463 1226 3518 habuisse
1255 3463 1548 3518 videretur.
1588 3464 1759 3532 Atque
1790 3466 1865 3518 illi
1899 3476 2091 3520 cuncta
2119 3468 2281 3521 etiam

725 3554 948 3607 recitata
981 3563 1126 3619 sunt,
1165 3570 1231 3608 ex
1291 3556 1488 3623 quibus
1516 3540 1843 3625 legislatoris
1872 3570 2105 3611 mentem
2136 3574 2285 3611 sum-

722 3660 947 3713 mopere
977 3646 1295 3710 admiratus,
1329 3647 1432 3712 Qui
1464 3648 1663 3702 factum
1692 3658 1794 3715 est,
1818 3648 2014 3718 inquit,
2039 3666 2072 3703 o
2106 3649 2286 3705 Deme-

723 3736 833 3797 tri,
862 3745 921 3789 ut
967 3743 1047 3790 tot
1094 3735 1366 3805 tantisque
1426 3740 1586 3791 rebus
1634 3741 1839 3808 gestis,
1886 3756 2073 3796 earnm
2103 3749 2280 3795 tamen

722 3842 887 3881 nemo
920 3827 1003 3882 vel
1034 3828 1330 3883 historicus
1363 3828 1445 3881 vel
1478 3838 1637 3896 poeta
1677 3832 2021 3885 meminerit?
2050 3834 2150 3885 Cui
2181 3832 2285 3885 De-

724 3919 983 3984 metrius,
1019 3917 1175 3985 Quod
1227 3918 1543 3988 augustior,
1594 3921 1788 3989 inquit,
1821 3936 1850 3973 a
1897 3922 2113 3990 Deoque
2166 3924 2284 3991 ipso

722 4009 831 4064 lata
866 4010 950 4065 lex
991 4026 1054 4065 ea
1119 4012 1207 4065 sit.
1250 4011 1328 4065 Ac
1362 4011 1604 4064 nonnulli
1636 4010 1851 4080 quidem
1894 4012 2161 4080 ejusmodi
2196 4014 2287 4065 ali-

721 4106 853 4175 quid
888 4105 1067 4159 moliri
1103 4105 1244 4170 ausi,
1288 4104 1642 4173 percussith
1676 4090 1935 4159 divinitus
1970 4116 2281 4174 susceptum

722 4209 861 4262 opus
892 4196 1241 4264 abruperunt.
1272 4193 1432 4247 Enim
1458 4209 1586 4247 vero
1608 4210 1667 4247 se
1689 4210 1754 4247 ex
1783 4193 2127 4267 Theotiompo
2150 4213 2286 4265 quo-

724 4286 851 4339 dam
880 4287 1117 4340 audiisse
1146 4285 1375 4350 dicebat,
1407 4285 1551 4355 quod
1581 4302 1645 4340 ex
1681 4288 1797 4356 lege
1823 4289 2101 4350 nonnulla,
2136 4288 2284 4342 Grae-

726 4392 791 4431 ce
814 4376 925 4445 jam
956 4377 1186 4441 reddita,
1213 4378 1491 4432 audaciori
1525 4379 1758 4446 quodam
1793 4380 2054 4433 orationis
2090 4395 2284 4449 genere

722 4470 946 4535 vulgare
975 4468 1273 4531 statuisset,
1308 4469 1507 4522 mentis
1550 4483 1674 4522 eum
1717 4469 2119 4535 perturbatione
2168 4471 2284 4523 dies

727 4562 961 4630 amplius
996 4561 1215 4629 triginta
1242 4560 1539 4614 laborasse.
1585 4560 1753 4629 Cujus
1802 4561 1973 4614 morbi
2036 4564 2281 4625 causam,

2391 729 2687 797 ἀσφαλείας
2717 735 2749 803 ἠ
2776 734 2869 788 τοῦ
2905 736 3058 803 άγίου
3090 736 3254 806 νόμου
3286 739 3633 809 μεταγραφὴ,
3675 739 3949 808 παρόντων

2391 819 2605 873 πάντων
2628 860 2644 884 ,
2695 823 3032 895 ἐπελεξάμην
3080 826 3273 898 ἄνδρας
3325 828 3521 892 καλοὺς
3569 830 3662 880 καὶ
3702 827 3947 895 ἀγαθοὺς,

2392 909 2807 982 πρεσϐυτέρους,
2838 917 2929 983 ἀφ’
2965 916 3198 985 ἑκάστης
3226 919 3397 987 φυλῆς
3431 918 3522 982 ἓξ,
3578 917 3674 981 οὓς
3722 919 3822 969 καὶ
3861 920 3951 968 άπ-

2392 1000 2727 1071 εστάλκαμεν
2758 989 2976 1074 ἔχοντας
2998 1006 3086 1057 τὸν
3125 1006 3305 1076 νόμον..
3343 1008 3535 1071 Καλῶς
3564 1004 3657 1061 οὖν
3693 1009 3945 1077 ποιήσεις,

2393 1087 2609 1155 βασιλεῦ
2642 1092 2835 1156 δίκαιε,
2883 1094 3186 1164 προστάξας
3218 1096 3292 1158 ὡς
3322 1096 3385 1150 ἂν
3414 1099 3445 1167 ἡ
3485 1097 3821 1167 μεταγραφὴ
3869 1098 3946 1163 γέ-

2389 1195 2547 1247 νηται
2569 1180 2675 1231 τῶν
2708 1180 2941 1249 βιϐλίων,
2972 1183 3058 1237 ἵνα
3098 1184 3254 1237 πάλιν
3279 1186 3780 1239 ἀποκατασταθῶσι
3830 1188 3949 1255 πρὸς

2390 1269 2535 1335 ἡμᾶς
2565 1269 2819 1337 ἀσφαλῶς
2842 1273 2890 1322 οί
2923 1272 3129 1343 ἀνδρες.
3176 1276 3437 1345 Ἐρρωσο.
3483 1296 3501 1327 ι
3549 1277 3782 1339 Τούτοις
3815 1276 3945 1345 ἑξῆς,

2392 1358 2557 1411 πολλὰ
2576 1358 2662 1410 διὰ
2687 1361 2848 1430 μέσου
2874 1362 2997 1433 περὶ
3013 1366 3108 1432 τῆς
3133 1366 3481 1436 προτεθείσης
3507 1366 3676 1419 εἰπὼν
3711 1385 3949 1437 πραγμω

2389 1455 2554 1518 τείας,
2600 1454 2737 1523 μετά
2774 1454 2868 1525 τὴν
2901 1456 3128 1526 Γραφῶν
3156 1459 3443 1527 ἑρμηνείαν
3482 1459 3738 1530 ἐπιφέρει
3780 1461 3948 1523 αὐτοῖς

2390 1548 2615 1617 ρήμασι’
2670 1565 2689 1597 ι
2729 1548 2923 1613 Καθὼς
2977 1551 3021 1602 δ’
3049 1548 3354 1621 ἀνεγνώσθη
3406 1551 3576 1604 ταῦτα
3624 1552 3701 1605 τὰ
3751 1552 3947 1621 τεύχη,

2391 1639 2613 1702 στάντες
2636 1642 2685 1692 οἱ
2720 1642 2879 1711 ἱερεῖς
2906 1642 3125 1694 καὶτῶν
3163 1641 3439 1711 ἑρμηνέων
3482 1645 3530 1695 οἱ
3565 1644 3943 1713 πρεσϐύτεροι.

2390 1731 2482 1783 καὶ
2512 1730 2618 1782 τῶν
2643 1730 2748 1783 ἀπὸ
2770 1731 2863 1783 τοῦ
2913 1732 3318 1800 πολιτεύματος,
3346 1732 3399 1785 οἵ
3434 1750 3492 1784 τε
3529 1732 3832 1803 ἡγούμενοι
3865 1733 3945 1785 τοῦ

2390 1819 2646 1891 πλήθους,
2682 1816 2864 1873 εἶπον·
2910 1822 3056 1873 Ἐπεὶ
3086 1814 3385 1884 καλῶς’καὶ
3410 1821 3572 1884 ὁσίως
3617 1823 3945 1894 διηρμὴνευ-

2387 1928 2498 1972 ται,
2527 1910 2621 1963 καὶ
2654 1912 2791 1964 κατά
2816 1914 2921 1964 πᾶν
2963 1911 3202 1983 ἀκριϐῶς
3242 1910 3419 1974 καλῶς
3465 1911 3586 1980 ἔχον
3630 1914 3825 1978 ἐστὶν,
3870 1915 3946 1965 ἵνα

2318 1983 2361 2036 Β
2388 2001 2617 2071 διαμένῃ
2646 1999 2806 2055 ταῦθ’
2824 2003 2996 2065 οὕτως
3022 2003 3234 2073 έχοντα,
3264 2003 3357 2054 καὶ
3407 2003 3479 2073 μὴ
3509 2003 3741 2072 γένηται
3795 2004 3947 2075 μηδε-

2394 2086 2491 2161 μία
2518 2091 2791 2163 διασκευή.
2818 2093 3039 2147 Πάντων
3066 2094 3122 2146 δὲ
3157 2095 3609 2164 ἐπιφωνησάντων
3645 2097 3768 2158 τοῖς
3810 2097 3947 2165 είρηο

2393 2183 2571 2252 μένοις
2591 2223 2604 2246 ,
2641 2174 2929 2237 ἐκέλευσαν
2956 2186 3282 2256 ἐπαρᾶσθαι,
3314 2185 3494 2249 καθὼς
3521 2186 3640 2249 έθος
3668 2186 3828 2239 ἐστὶν
3856 2188 3945 2240 αὑ-

2388 2280 2519 2341 τοῖς,
2550 2277 2604 2329 εῐ
2623 2295 2704 2341 τις
2728 2279 3073 2333 διασκευάσει
3106 2281 3432 2352 προστιθεὶς.
3463 2281 3497 2351 ἦ
3544 2280 3874 2350 μεταφέρων
3901 2297 3945 2331 τι

2389 2367 2447 2419 τὺ
2477 2368 2690 2423 σύνολον
2717 2369 2825 2422 τῶν
2847 2371 3263 2441 γεγραμμένων,
3294 2365 3327 2443 ἢ
3362 2365 3679 2441 ποιούμενος
3724 2372 3948 2441 ἀφαίρε-

2391 2481 2472 2516 σιν
2497 2481 2509 2493 ·
2535 2462 2714 2524 καλῶς
2732 2460 2889 2514 τοῦτο
2921 2462 3273 2532 πράσσοντες,
3302 2464 3388 2515 ἵνα
3432 2460 3522 2515 διὰ
3548 2461 3753 2523 παντὸς
3785 2461 3947 2514 ἀέναα

2390 2554 2617 2623 μένοντα
2649 2553 3001 2622 φυλάσσηται.
3034 2552 3529 2624 Προσῳωνηθέντων
3553 2552 3607 2605 δέ
3625 2553 3722 2605 καὶ
3747 2552 3945 2605 τούτων

2385 2646 2463 2715 τῷ
2516 2644 2737 2715 βασιλεῖ,
2786 2643 3032 2713 μεγάλως
3071 2644 3271 2713 ἐχάρη·
3317 2643 3415 2713 τὴν
3440 2643 3547 2713 γάρ
3575 2643 3843 2713 πρόθεσιν
3888 2644 3943 2709 ἣν

2387 2734 2529 2807 εἶχεν
2558 2735 2810 2803 ἀσφαλῶς
2838 2736 2978 2800 ἔδοξε
3012 2736 3404 2788 τετελειῶσθαι.
3435 2734 3875 2803 Παρανεγνώσθη
3898 2733 3945 2785 δὲ

2386 2826 2533 2897 αὑτῷ
2557 2827 2649 2878 καὶ
2680 2827 2871 2890 πάντα,
2899 2829 2990 2878 καὶ
3019 2826 3134 2880 λὲαν
3161 2826 3492 2895 ἐξεθαύμασε
3536 2824 3633 2893 τὴν
3660 2824 3760 2875 τοῦ
3798 2840 3943 2893 νομο-

2388 2914 2539 2967 θέτου
2572 2915 2803 2968 διάνοιαν
2823 2956 2836 2978 ,
2864 2918 2955 2968 καὶ
2984 2916 3119 2986 πρὸς
3154 2917 3242 2968 τὸν
3272 2918 3573 2985 Δημήτριον
3622 2908 3746 2965 εἶπε
3769 2930 3783 2941 ·
3834 2913 3944 2975 Πῶς

2383 3006 2713 3077 τηλικούτων
2765 3009 3100 3078 πραγμάτων
3166 3005 3657 3074 συντετελεσμένων
3683 3044 3699 3068 ,
3776 3004 3941 3063 οὐδεὶς

2386 3098 2674 3151 ἐπεϐάλετο
2706 3098 2811 3151 τῶν
2859 3098 3161 3169 ἱστορικῶν,
3211 3098 3328 3149 οὐδὲ
3355 3096 3585 3165 ποιητῶν
3607 3093 3943 3165 ἐπιμνησθῆο

2384 3206 2503 3247 ναι;
2538 3190 2768 3251 Ἐκεῖνος
2813 3189 2867 3240 δὲ
2929 3188 3174 3257 ἐφη-Διά
3203 3188 3262 3240 τὸ
3300 3188 3499 3258 σεμνὴν
3525 3186 3782 3258 εἶναιτὴν
3797 3202 3941 3255 νομο-

2310 3313 2352 3369 C
2386 3276 2588 3341 θεσίαν,
2630 3278 2722 3329 καὶ
2767 3277 2853 3329 διὰ
2872 3278 3006 3328 Θεοῦ
3036 3276 3330 3343 γεγονέναι,
3351 3277 3442 3328 καί
3472 3276 3568 3327 τῶν
3589 3273 3941 3344 ἐπιϐαλλομέ-

2385 3384 2488 3419 νων
2532 3368 2674 3431 τινὲς
2729 3367 2833 3419 ὑπὸ
2850 3367 2943 3419 τοῦ
2956 3366 3088 3420 Θεοῦ
3114 3369 3428 3437 πληγέντες,
3445 3369 3541 3437 τῆς
3566 3368 3832 3439 ἐπιϐολῆς
3859 3369 3940 3421 ἀπ·

2384 3457 2637 3529 έστησαν.
2701 3461 2810 3513 Καὶ
2832 3460 2939 3529 γάρ
2981 3460 3177 3529 ἔφησεν
3200 3462 3489 3531 ἀκηκοέναι
3518 3458 3939 3531 Θεοπόμπου,ὃι-

2382 3550 2463 3603 ότι
2486 3550 2689 3619 μέλλων
2707 3552 2827 3605 τινὰ
2843 3553 2949 3604 τῶν
2973 3572 3321 3625 προηρμηνευ
3330 3553 3499 3623 μένων
3532 3554 3638 3622 (47)
3658 3551 3941 3619 ἐπισφαλέο

2384 3660 2572 3714 στερον
2621 3646 2683 3697 ἐκ
2730 3645 2822 3697 τοῦ
2854 3645 3014 3716 νόμου
3049 3648 3454 3716 προσιστορεῖν,
3502 3643 3749 3714 ταραχὴν
3802 3643 3941 3696 λάϐοι

2383 3738 2481 3803 τῆς
2508 3735 2743 3798 διανοίας
2767 3736 2947 3788 πλεῖον
2975 3736 3193 3806 ἡμερῶν
3220 3738 3528 3805 τριάκοντα.
3558 3733 3724 3786 ’Κατά
3770 3734 3829 3787 δέ
3856 3734 3941 3801 τὴν

2384 3824 2594 3893 αἴτησιν
2627 3825 2736 3895 (48)
2768 3826 3139 3888 ἐξιλάσκεσθαι
3162 3826 3251 3877 τὸν
3278 3825 3427 3887 Θεὸν,
3479 3825 3642 3892 σαφὲς
3663 3824 3824 3895 αὐτῷ
3860 3841 3939 3893 γε-

2382 3913 2587 3977 νέσθαι,
2613 3915 2757 3975 τίνος
2787 3916 2944 3983 χάριν
2971 3914 3030 3966 τὸ
3066 3913 3353 3984 συμϐαῖνόν
3387 3918 3518 3967 ἐστι.
3545 3915 3619 3967 Δι’
3652 3915 3871 3986 ὀνείρου
3894 3913 3937 3967 δὲ

2390 4002 2643 4077 μαθόντος
2673 4004 2802 4074 (49),
2837 4004 2917 4056 ὅτι
2942 4003 3010 4056 τά
3036 4004 3149 4056 θεῖα
3176 4002 3417 4073 βούλεται
3445 4006 3939 4074 περιεργασάμενος

2386 4102 2464 4161 εἰς
2492 4098 2699 4159 κοινοὺς
2751 4096 3063 4166 ἀνθρώπους
3103 4096 3352 4167 ἐκφέρειν
3378 4140 3392 4163 ,
3439 4098 3820 4165 ἀποσχόμενον
3870 4096 3935 4155 δὲ,

2385 4190 2555 4252 οὕτως
2603 4190 3063 4259 ἀποκαταστῆναι.
3103 4188 3212 4241 Καὶ
3244 4189 3392 4258 παρά
3430 4188 3714 4240 Θεοδέκτου
3766 4186 3829 4239 δὲ
3859 4184 3937 4237 τοῦ

2385 4281 2493 4333 τῶν
2525 4280 2838 4351 τραγῳδιῶν
2865 4279 3086 4351 ποιητοῦ
3112 4279 3405 4353 μετέλαϐον.
3426 4278 3534 4344 ἐγώ
3554 4295 3565 4307 ·
3594 4278 3722 4330 διότι
3773 4295 3937 4349 παρα·

2388 4374 2572 4443 φέρειν
2601 4372 2881 4441 μέλλοντός
2905 4389 2958 4423 τι
2989 4371 3095 4423 τῶν
3133 4368 3632 4439 ἀναγεγραμμένων
3664 4370 3717 4422 ἐν
3770 4373 3843 4442 τῇ
3872 4367 3938 4437 βί-

2386 4464 2497 4533 ϐλῳ
2525 4464 2655 4533 πρός
2688 4482 2738 4517 τι
2766 4464 2947 4533 δρᾶμα
2979 4461 3075 4522 τὰς
3106 4460 3251 4527 ὄψεις
3282 4459 3672 4529 ἀπεγλαυκώθη
3697 4457 3935 4529 (50),καὶ

2389 4554 2564 4606 λαϐὼν
2594 4555 2865 4615 ὑπόνοιαν,
2900 4553 2980 4603 ὅτι
3008 4550 3095 4602 διὰ
3115 4548 3263 4600 ταῦτ’
3302 4548 3444 4619 αὑτῷ
3484 4551 3734 4619 γέγονεν,
3772 4551 3936 4618 ἐξιλα-

725 4654 941 4723 quoties
965 4652 1359 4713 intermitteret,
1388 4666 1511 4705 cum
1542 4651 1726 4704 multis
1745 4667 1772 4704 a
1797 4651 1908 4706 Deo
1934 4653 2187 4720 precibus
2212 4654 2285 4705 in-

2394 4646 2621 4712 σάμενος
2668 4643 2757 4694 τὸν
2789 4642 2941 4704 Θεὸν,
2972 4642 3029 4692 ἐν
3071 4639 3286 4703 πολλαῖς
3316 4641 3545 4712 ἡμέραις
3576 4643 3933 4707 ἀποκατέστη.

800 4918 911 4987 (47)
939 4917 1535 4987 Προτιρμηνευμένων.
1571 4916 1863 4985 Utriusque
1898 4917 2136 4971 historia
2176 4934 2287 4971 me-

726 4986 897 5043 minit
934 4986 1235 5056 Joseplius,
1286 5004 1385 5041 nec
1435 4998 1626 5040 tamen.
1658 4989 1841 5048 addit,
1883 4989 2046 5041 ullam
2093 4989 2288 5041 divina:

725 5060 861 5140 legis
892 5058 1409 5140 interpretationem,
1440 5056 1790 5126 Septuaginta
1827 5062 2099 5111 seniorum
2125 5073 2282 5125 opera

724 5135 962 5201 priorem
974 5135 1283 5201 exstitisse.

802 5198 912 5271 (48)
950 5196 1067 5263 Τὴν
1097 5196 1357 5271 αἴτησιν.
1385 5193 1640 5271 _Dubi_um‘
1680 5212 1787 5249 non
1831 5204 1914 5271 est
1958 5199 2085 5262 quin
2132 5214 2285 5271 repo-

726 5263 963 5324 nendum
997 5283 1063 5320 ex
1093 5267 1319 5337 Aristaea
1354 5263 1583 5337 s_il,_‘tﬁv
1612 5265 1812 5319 ἄνεσιν.
1853 5264 2073 5337 Ioseph.
2103 5263 2281 5322 unum.

725 5341 930 5394 tudinis
953 5352 1139 5410 _ntim.,
1164 5332 1431 5410 napdn'rac
1448 5332 1691 5410 ἀνέσεις,

799 5410 909 5476 (49)
943 5401 1271 5469 Παθόντοςῖ.
1305 5401 1727 5476 Οοιτίεειιιίηει
1771 5406 2017 5469 Aristaaa,
2050 5416 2156 5461 tam
2188 5423 2284 5461 ex-

728 5472 861 5530 cuso
892 5472 1066 5544 'quam
1117 5487 1417 5544 manuscr.,
1446 5472 1835 5544 mpaveévrog,
1893 5489 1943 5530 et
1977 5480 2065 5531 lin.
2096 5479 2283 5531 ultima

725 5555 852 5615 post
880 5542 1244 5616 ἀποσχόμενον
1271 5542 1493 5616 delenda
1521 5544 1830 5616 conjunctio
1856 5546 1929 5600 δέ.
1973 5546 2095 5616 Legi
2122 5548 2281 5600 etiam

727 5610 912 5687 posset
960 5610 1147 5684 μαθεῖν
1185 5630 1297 5687 pro
1327 5610 1604 5687 μαθόντος,
1623 5610 1849 5669 servato
1889 5616 1947 5668 δέ
1991 5610 2111 5687 βονει
2148 5618 2286 5669 ἀποο

728 5681 900 5755 ἱπχόμ.Δ
921 5681 1001 5755 vel
1027 5687 1144 5739 eod.
1183 5681 1413 5755 sublato,
1445 5681 1696 5755 μαθόντα.

800 5701 828 5737 ο
876 5724 888 5735 .
921 5701 1001 5737 vet
1027 5701 1144 5739 eoo.
1183 5701 1413 5744 SUDlatO,
1445 5701 1696 5750 μάττοντα.

800 5701 910 5826 (ἕο)
958 5750 1425 5821 Ἀπεγλαυκώθη.
1473 5749 1607 5805 Vera
1636 5753 1842 5826 lectio,
1885 5770 1948 5810 ex
1984 5772 2086 5826 qua
2120 5756 2284 5811 corri-

730 5824 936 5893 gendus
964 5838 1153 5878 excus.
1172 5840 1175 5843 '
1196 5826 1472 5893 Aristeas,
1511 5823 1651 5893 apud
1680 5839 1837 5893 quem
1861 5823 2283 5881 'mendosissime

731 5888 924 5965 legitur
980 5891 1385 5964 ἀπεγλυκλώθη.
1432 5888 1595 5950 Recte
1642 5888 1800 5949 etiam
1850 5893 2141 5967 Iosephus.
2188 5897 2282 5959 τὰς

2386 4921 2535 4987 δψεις
2580 4921 2928 4988 γλαυκωθείς.
2973 4920 3167 4977 Notum
3214 4932 3293 4979 est
3340 4921 3636 4992 γλαύκωμα
3678 4932 3731 4977 et
3778 4926 3934 4994 γλαύσ

2391 5008 2553 5067 κωσιν
2582 4994 2719 5067 oculi
2750 4994 2933 5044 vitium
2965 5010 3102 5055 esse,
3133 5010 3243 5063 quo
3273 4996 3464 5067 buntur
3489 4993 3699 5067 pupilla:
3719 4993 3933 5067 αξιοι.

2389 5062 2563 5119 linus,
2601 5062 2757 5113 r'arsio
2792 5074 2981 5131 praeter
3034 5062 3281 5118 naturain
3331 5064 3510 5131 colore
3557 5062 3825 5126 Stllfusus.
3869 5070 3930 5121 vel

2388 5131 2743 5205 ἀμαυροῦται,
2778 5135 2859 5185 vel
2893 5133 3330 5205 ἀποξηραίνεται.
3368 5130 3754 5205 Ρίιιιίυεςὶιλιη
3795 5140 3931 5205 ρίου-

2388 5216 2535 5251 cantu
2569 5204 2764 5267 passim
2796 5216 2968 5258 vocat.
2999 5201 3137 5258 Hinc
3158 5203 3388 5256 facetum
3416 5203 3543 5256 illud
3576 5201 3932 5262 Palzostriouis

2386 5271 2441 5321 in
2469 5268 2639 5323 Plauti
2667 5272 2837 5326 Milite
2858 5290 2876 5326 :
2963 5299 2965 5301 ι
3160 5298 3163 5299 ν
3389 5307 3393 5310 .

2457 5360 2525 5433 Et
2559 5380 2648 5418 nos
2678 5366 2863 5433 [acetis
2888 5366 3123 5432 fabricis,
3154 5371 3201 5418 ct
3234 5364 3397 5419 a‘octis
3434 5367 3587 5427 dolis,

2458 5432 2794 5508 glaucumam
2825 5441 2884 5488 ob
2920 5437 3093 5508 oculos
3118 5436 3442 5508 οὴλὶείεηςιιδ.
3472 5454 3681 5508 euntque
3708 5439 3788 5491 ita

2458 5502 2759 5570 Faciemus,
2794 5521 2853 5558 ut
2877 5506 3013 5574 quod
3044 5507 3248 5568 viderit,
3286 5523 3383 5558 non
3416 5502 3621 5560 viderit.

2388 5595 2751 5651 Ubi‘Plautus
2790 5596 3117 5664 glaucomam
3165 5611 3262 5663 pro
3301 5598 3576 5666 glaucoma
3634 5598 3838 5665 posuit,
3888 5610 3927 5647 ul

2389 5668 2647 5720 salientum
2674 5669 2723 5717 in
2749 5666 3139 5731 Amphitryone.
3174 5683 3268 5731 pro
3295 5668 3521 5732 schema,

2459 5756 2577 5809 Huc
2608 5759 2833 5824 processi
2862 5756 2938 5807 sic
2959 5751 3083 5807 'cum
3112 5760 3285 5811 servili
3309 5758 3535 5812 schema.

2388 5825 2459 5879 Ita
2510 5826 2789 5898 Syr-niam,
2836 5826 3168 5893 dicdemam,
3214 5828 3452 5898 dogmam
3502 5825 3681 5880 Latini
3741 5834 3924 5883 veteres

2387 5893 2588 5951 dixere.
2624 5893 2935 5950 Priscianus
2969 5898 3057 5952 lib.
3087 5914 3160 5952 vi.
