3988 6340
730 407 831 463 599
1357 413 1624 468 EUSEBII
1664 410 2141 466 CESARIENSIS
2178 408 2324 464 OPP.
2366 407 2546 463 PARS
2585 409 2646 463 11.
2687 440 2757 450 —
2787 405 3285 464 APOLOGETICA.
3811 407 3878 458 660

726 521 999 577 cunditate
1029 525 1233 581 sobolis
1249 526 1550 581 admirabili
1569 527 1902 594 pullularit.»
1926 526 2061 580 Tum
2089 529 2240 594 pauci

2377 542 2465 595 ρος
2485 542 2496 554 °
2525 525 2665 577 οὕτω
2699 526 2790 578 καὶ
2823 525 3116 592 ἐλοιδόρουν
3140 523 3305 593 γόητα
3337 522 3430 575 καὶ
3463 523 3727 594 κέρκωπα
3746 522 3878 588 λθγωῖ.

2374 617 2559 686 Καλῆς
2587 617 2766 686 μέντοι
2798 617 3048 687 γοητείας
3077 617 3168 668 καὶ
3194 614 3545 685 πανουργίας,
3575 611 3636 677 ἐξ
3669 610 3733 685 ἧς
3757 615 3877 680 τόνγε

2371 707 2495 760 λαὸν
2535 709 2744 762 ἅπαντα
2791 711 2848 761 ἐν
2905 709 3131 779 άνυδρίᾳ
3179 708 3272 759 καὶ⁵
3318 705 3479 777 λιμῷ,
3507 705 3600 758 καὶ
3649 705 3753 756 τῶν
3789 703 3877 758 ὁδῶν

2371 799 2582 869 ἀγνοίᾳ,
2618 800 2710 852 καὶ
2742 799 2943 870 ἀπορία
2969 800 3076 852 τῶν
3113 799 3456 867 συμπάντων,
3475 798 3535 850 οὐ
3572 797 3728 866 μόνον
3756 798 3815 858 είς
3838 799 3877 847 τὸ

2370 891 2630 954 παντελὲς
2654 891 2964 958 διεσώσατο,
2992 893 3083 965 καξι
3116 891 3302 960 ὥσπερ
3327 892 3384 942 ἐν
3405 890 3634 959 εὐθηνίᾳ
3662 890 3876 958 admitti

723 613 1037 681 interjectis,
1071 637 1088 667 ‹
1113 617 1190 671 Ac
1206 620 1380 672 virum
1401 618 1636 688 quidem,
1657 618 1827 689 inquit
1851 618 1958 681 ille,
1989 617 2275 684 profectio-

729 704 815 759 nis
839 707 1002 760 simul
1035 707 1349 776 itinerisque
1392 711 1580 762 ducem
1625 710 1880 772 habuere,
1913 709 2044 760 nihil
2086 709 2274 763 admo-

717 798 869 865 dum,
906 799 949 853 si
1005 799 1076 853 ita
1125 801 1240 862 vis,
1277 801 1552 854 hominum
1606 801 1764 868 vulgo
1815 801 2267 855 excellentiorem.

716 887 848 942 Nam
884 906 1006 944 eum
1045 892 1434 960 praestigiarum
1460 905 1694 958 quoque,
1718 906 1780 943 ac
1801 891 2132 944 veteratoria:
2150 906 2272 944 ora-

715 981 876 1033 tionis
912 981 1310 1035 insimulabant.
1340 981 1534 1034 Demus
1568 982 1618 1034 id
1659 997 1817 1046 vero,
1851 983 1942 1035 sed
1973 981 2270 1050 praestigias

717 1074 918 1140 accipe,
949 1073 1110 1143 356
1138 1075 1539 1142 versntiamqne
1582 1073 1932 1135 laudabilem,
1966 1089 2072 1141 qua
2101 1088 2268 1140 p0pu-

713 1163 824 1214 lum
857 1165 1191 1228 universum,
1214 1165 1322 1226 siti,
1370 1163 1532 1228 fame,
1561 1164 1771 1216 viarum
1811 1164 2170 1231 ignoratione,
2204 1178 2268 1216 ac

712 1267 890 1304 rerum
923 1253 1167 1305 omnium
1210 1254 1432 1322 penuria
1467 1253 1820 1314 laborantem,
1857 1251 2077 1320 perinde
2123 1261 2180 1304 ut
2211 1252 2263 1304 in

709 1360 918 1397 summa
950 1352 1266 1398 cunctorum
1305 1345 1566 1397 bonorum
1627 1345 1951 1397 abundantia
1987 1353 2038 1397 ct
2070 1358 2266 1412 suppef

2368 1074 2501 1144 πρὸς
2532 1075 2786 1144 ἀλλήλους
2816 1075 3204 1135 ἀστασιάστους
3232 1074 3444 1137 αὐτοὺς,
3469 1073 3562 1126 καὶ
3586 1071 3722 1142 πρὸς
3739 1071 3876 1124 ἑαυτὸν

2369 1167 2599 1236 μάλιστα
2657 1168 2925 1230 εὐπειθεῖς
2973 1166 3083 1237 (55)
3136 1165 3439 1234 διεφύλαξε.
3477 1166 3589 1218 Καὶ
3620 1165 3776 1216 ταῦτα
3807 1164 3875 1214 οὐκ

2365 1259 2539 1325 ὀλίγον
2567 1259 2733 1328 δήπου
2766 1259 2972 1328 χρόνον,
2994 1258 3107 1310 ἀλλ’
3135 1259 3257 1310 ὅσον
3280 1257 3386 1308 οὐδ’
3410 1255 3585 1308 οἰκίαν
3617 1257 3676 1306 ἐν
3700 1257 3877 1323 ducem-

706 1435 876 1488 ditato
907 1436 974 1488 ab
999 1435 1294 1504 interjectis
1334 1436 1642 1488 nationibus
1672 1444 1977 1489 commeatu
2001 1475 2016 1496 ,
2054 1435 2261 1489 salvum

705 1526 1098 1578 etincolumem
1152 1525 1433 1594 praestitit;
1478 1542 1662 1580 verum
1711 1530 1872 1580 etiam
1924 1527 2072 1579 illum
2125 1537 2182 1580 ut
2232 1544 2260 1580 a

705 1619 907 1671 mutuis
938 1619 1243 1670 animorum
1277 1618 1516 1673 dissidiis
1543 1620 1770 1673 liberum
1804 1619 2009 1680 habuit,
2055 1620 2125 1672 ita
2159 1621 2258 1674 sibi

705 1710 866 1763 rebus
899 1710 951 1762 in
981 1709 1235 1763 omnibus
1273 1711 1680 1780 obsequentem.
1734 1711 1908 1779 Atque
1945 1711 1995 1763 id
2034 1726 2139 1764 non
2193 1711 2257 1764 ad

700 1800 861 1855 breve
919 1801 1137 1871 aliquod
1179 1803 1545 1872 exiguumque
1601 1812 1814 1872 tempus
1845 1845 1860 1868 ,
1920 1804 2012 1857 sed
2063 1803 2250 1856 tandiu

2363 1441 2470 1492 Καὶ
2528 1440 2586 1491 οὐ
2639 1439 2812 1507 δίψος,
2843 1442 2902 1491 οὐ
2935 1439 3110 1509 λιμὸς,
3150 1439 3210 1489 οὐ
3262 1436 3436 1508 φθορά
3469 1437 3750 1507 σωμάτων,
3792 1435 3877 1502 οὐχὶ

2363 1531 2525 1598 φόϐος
2573 1530 2698 1600 περὶ
2737 1530 2842 1581 τῶν
2877 1529 3171 1598 μελλόντων
3191 1572 3204 1590 ,
3232 1529 3330 1579 οὐκ
3357 1527 3548 1594 ἄγνοια
3575 1523 3685 1576 τῶν
3716 1523 3877 1593 curiﬁn-

2365 1623 2625 1691 σομένων,
2659 1623 2746 1673 ἐττῖ¹
2781 1620 2869 1673 τὸν
2901 1621 3070 1691 γόητα
3100 1621 3301 1672 ἐκεῖνον
3329 1620 3498 1689 ἐπῇρε
3546 1617 3674 1678 τοὺς
3717 1614 3876 1679 ἐξαπα-

2359 1714 2636 1782 τωμένους
2694 1715 2787 1765 καὶ
2835 1713 3346 1783 περιφθειρομένους
3392 1710 3572 1772 λαούς.
3629 1709 3801 1762 Καίτοι
3841 1707 3875 1757 τί

2363 1804 2557 1872 βούλει,
2595 1805 2778 1874 φῶμεν
2803 1804 2992 1873 ἐκείνῳ
3020 1803 3138 1855 τινὰ
3176 1800 3312 1856 εἶναι
3352 1801 3621 1871 τοσαύτην
3653 1796 3876 1868 τέχνην,ἦ

698 1903 841 1947 certe
873 1893 1111 1961 quidem,
1142 1893 1380 1961 quandiu
1408 1896 1458 1949 in
1488 1895 1647 1948 simili
1674 1896 2006 1949 voluntatum
2033 1912 2242 1950 concor-

2363 1895 2639 1964 δεινότητα
2687 1896 2878 1963 λόγων,
2929 1895 2960 1965 ἢ
2993 1895 3223 1958 σύνεσιν,
3259 1894 3333 1957 ὡς
3372 1893 3476 1946 τῶν
3515 1891 3774 1944 τοσούτων
3809 1890 3877 1942 καί

696 1985 804 2040 dia.
839 1996 895 2039 ut
925 1986 1128 2041 aﬂ‘atim
1167 1996 1357 2041 cuncta
1385 1997 1759 2056 suppeterent,
1784 2004 2001 2042 manere
2033 2005 2095 2043 ac
2133 2004 2255 2058 per-

697 2078 885 2131 sistere
919 2095 985 2133 ne
1014 2080 1213 2134 familia
1246 2082 1458 2150 quidem
1479 2096 1582 2133 una
1601 2082 1881 2149 potuisset.
1902 2081 1976 2133 lta
1991 2095 2164 2149 neque
2185 2081 2257 2134 si-

695 2168 784 2229 tis,
809 2185 984 2238 neque
1014 2172 1202 2235 fames,
1222 2189 1327 2226 non
1355 2175 1471 2228 lues
1499 2189 1809 2242 corporum.
1831 2189 1936 2225 non
1971 2174 2255 2226 imminen-

695 2259 825 2312 tium
851 2263 1210 2330 periculorum
1239 2273 1434 2328 metus,
1455 2280 1557 2318 non
1578 2280 1799 2318 casuum
1821 2265 2084 2334 ignoratio
2109 2263 2252 2317 futu-

692 2368 899 2418 rorum,
927 2355 1184 2411 adversus
1201 2358 1641 2426 praestigiatorem
1662 2357 1830 2416 illum,"
1847 2365 2048 2410 tantam
2070 2358 2249 2426 populi

688 2446 1106 2509 multitudinem.
1135 2459 1186 2502 et
1232 2450 1377 2503 illius
1417 2449 1702 2504 fraudibus
1741 2449 1985 2518 dolisque
2012 2451 2248 2503 circum-

687 2546 924 2604 veniam,
964 2543 1231 2608 etpassim
1264 2541 1554 2609 aliquando
1589 2553 1897 2610 pereuntem
1936 2543 2243 2596 concitavit.

685 2624 911 2689 Qualem
927 2630 1154 2684 obsecro
1174 2640 1243 2694 te,
1261 2617 1496 2686 hominis
1514 2633 1675 2700 hujus
1695 2643 1896 2686 tantam
1925 2633 2036 2687 sive
2053 2643 2242 2700 artem,

685 2716 796 2770 sive
810 2718 1068 2772 orationis
1084 2720 1211 2780 vim,
1229 2721 1339 2773 sive
1353 2722 1667 2787 sapientiam
1684 2722 2246 2794 fuissedicemus,qu:e

680 2815 835 2863 totac
852 2819 957 2862 tarn
972 2811 1535 2865 variasdiscriminum
1555 2825 2028 2886 monstrorumque
2043 2815 2243 2872 formas

682 2917 1025 2970 praesensque
1038 2904 1290 2958 omnibus
1307 2906 1528 2958 exitium
1550 2922 1688 2974 saepe
1706 2907 2018 2961 minitantes
2035 2923 2136 2961 una
2152 2924 2237 2962 su-

680 2994 927 3058 peruret?
948 2993 1475 3063 Oportuitvidelicet,
1494 3010 1588 3051 aut
1617 3014 1826 3066 eorum,
1845 2999 2043 3066 quibus
2074 3001 2242 3067 impe-

679 3084 852 3147 rabat,
876 3086 1220 3155 ingeniamon
1237 3089 1344 3156 jam
1366 3089 1612 3156 imperita
1630 3104 1807 3142 rerum
1823 3091 2240 3158 esse,ductuque

2362 1988 2613 2040 τοιούτων
2642 1987 2874 2048 ἀτόπων,
2909 1987 3000 2039 καὶ
3028 1986 3162 2058 πρὸς
3183 1986 3396 2057 ὄλεθρον
3417 1986 3661 2045 ἅπαντας
3680 1983 3877 2051 ἀγόντων

2361 2084 2673 2150 ἐπικρατεῖν
2698 2098 2711 2144 ;
2739 2084 2804 2133 "H
2827 2083 2931 2150 γάρ
2956 2081 3055 2144 τὰς
3079 2080 3266 2149 φύσεις
3286 2078 3393 2131 τῶν
3420 2080 3509 2131 ὑπ’
3530 2079 3693 2130 αὐτὸν
3712 2074 3880 2145 ἀνθρώ-

2318 2196 2322 2201 ·
2361 2190 2475 2224 πων
2509 2172 2605 2222 οὐκ
2635 2170 2858 2240 ἀμαθῶς
2902 2171 3022 2223 οὐδέ
3069 2170 3358 2231 δυσκόλως,
3390 2169 3503 2221 ἀλλ’
3530 2167 3784 2228 εὐπειθῶς
3807 2167 3877 2217 καὶ

2357 2261 2449 2312 τοῦ
2478 2261 2754 2330 μέλλοντος
2783 2263 2881 2313 οὐκ
2902 2261 3249 2330 ἀπρονοήτως
3273 2259 3413 2329 ἐχειν
3432 2276 3445 2288 °
3481 2259 3515 2330 ἢ
3569 2259 3779 2317 τούτους
3804 2255 3877 2325 μὲν

2356 2353 2431 2414 ὼς
2457 2351 2686 2422 μάλιστα
2713 2353 2913 2413 κακοὺς
2937 2348 3094 2412 εἶναι,
3117 2351 3206 2403 τὸν
3228 2350 3284 2402 δὲ
3314 2349 3446 2402 Θεὸν
3485 2351 3587 2412 τὰς
3631 2344 3878 2406 δυσκολίας

2355 2443 2536 2494 αὐτῶν
2562 2443 2842 2512 πραΰνειν,
2873 2442 2965 2493 καὶ
2994 2442 3087 2493 τοῦ
3118 2443 3397 2511 παρόντος,
3443 2440 3536 2492 καὶ⁵
3568 2438 3660 2490 τοῦ
3697 2435 3879 2506 μέλλον-

2354 2550 2440 2594 τος
2472 2533 2657 2604 ὥσπερ
2684 2534 3013 2584 ἐπιστατεῖν.
3045 2533 3218 2601 Ὅπερ
3239 2531 3346 2600 γάρ
3376 2547 3456 2582 σοι
3490 2529 3721 2599 μάλιστα
3751 2525 3806 2579 ἂν
3828 2526 3878 2576 ἐκ

2350 2624 2550 2675 τούτων
2598 2623 2792 2692 ἀληθὲς
2827 2619 2964 2675 εἶναι
3015 2623 3158 2694 δόξῃ,
3195 2623 3327 2691 πρὸς
3365 2622 3584 2674 ἐπαίνου
3628 2621 3720 2673 καὶ
3743 2621 3878 2687 τιμῆς

2351 2720 2447 2769 καὶ⁵
2493 2715 2652 2787 ζήλου
2699 2717 2823 2785 περὶ
2855 2715 3029 2767 αὐτῶν
3057 2713 3379 2783 συμπάντων
3405 2712 3606 2782 ἰσχύειν
3640 2710 3875 2778 φαίνεται.

2348 2810 2457 2862 Καὶ
2483 2809 2548 2861 τά
2578 2809 2672 2878 μὲν
2697 2808 2796 2876 τῆς
2821 2806 2996 2872 ἐξόδου
3026 2806 3087 2876 δὴ
3127 2806 3313 2857 ταῦτα.
3365 2803 3580 2873 Ἐπειδὴ
3607 2801 3661 2853 δὲ
3700 2803 3775 2880 είς
3798 2800 3878 2868 τὴν

2348 2901 2450 2970 γῆν
2473 2901 2672 2968 ταύτην
2709 2896 2891 2969 ἦλθον,
2939 2899 3084 2960 ὅπως
3137 2898 3234 2966 μέν
3275 2901 3401 2948 ποτε
3443 2895 3548 2964 ἄρα
3595 2892 3876 2964 ἱδρύθησανν

2347 2991 2438 3043 καὶ
2466 2990 2560 3059 τήν
2590 2989 2771 3060 χώραν
2800 2989 2972 3058 ἔσχον,
3003 2992 3060 3041 ἐν
3100 2990 3217 3050 ταῖς
3252 2989 3419 3057 ἱεραῖς
3449 2987 3781 3054 ἀναγραφαῖς
3800 2983 3878 3052 δη-

2347 3083 2556 3135 λοῦσιψ
2593 3084 2651 3134 οὐ
2687 3083 2792 3154 μὴν
2834 3084 3004 3149 ἔγωγε
3034 3080 3223 3132 δικαιῶ
3259 3079 3453 3149 μᾶλλον
3493 3077 3613 3129 καθ’
3643 3075 3876 3146 ἱστορίαν,

679 3174 912 3229 dillicilia
934 3193 948 3240 ;
969 3177 1057 3230 sed
1072 3194 1193 3231 cum
1223 3180 1288 3231 ad
1325 3180 1802 3248 obtemperandum
1831 3197 1894 3233 ex
1920 3196 2037 3235 sese
2054 3197 2241 3250 prom—

2347 3177 2376 3245 ἢ
2414 3176 2552 3227 κατά
2573 3193 2693 3227 τινα
2715 3174 2972 3242 λογισμὸν
3005 3173 3132 3242 περὶ
3164 3169 3339 3222 αὐτῶν
3367 3169 3434 3221 τὰ
3467 3169 3652 3222 εἰκότα
3687 3164 3880 3229 ἐπεξελ-

679 3275 793 3330 pta.
812 3275 924 3320 turn
953 3283 1079 3322 vero
1107 3286 1172 3323 ne
1197 3269 1364 3323 futuri
1401 3272 1614 3339 quidem
1638 3272 1960 3340 improvida,
1991 3275 2243 3337 aut,licet

677 3361 876 3422 msrgni
903 3375 1110 3414 morum
1133 3361 1477 3430 improbitate
1507 3362 1705 3429 forent,
1737 3364 1902 3417 Deum
1933 3374 2110 3418 tamen
2138 3366 2241 3420 hoc

671 3453 810 3519 ipsis
831 3454 1235 3508 naturaevilium
1255 3456 1911 3524 asperitatemquelenire,
1938 3468 1989 3511 et
2005 3473 2239 3525 prmsen-

673 3547 743 3598 tis
772 3545 932 3599 srmul
963 3545 1238 3614 futurique
1258 3549 1494 3602 rationes
1509 3548 1859 3616 providentia:
1880 3563 1990 3602 suae
2011 3549 2237 3601 consilio

671 3639 966 3688 mouerari.
1000 3635 1192 3689 Utrum
1235 3647 1414 3690 autem
1465 3639 1712 3700 dederis,
1748 3639 1799 3692 id
1850 3637 2091 3705 profecto
2136 3639 2238 3692 erit

671 3724 960 3793 ejusmodi,
983 3725 1125 3793 quod
1161 3725 1228 3779 ad
1268 3726 1595 3795 pracipuam
1621 3726 1913 3796 quamdam
1955 3726 2236 3783 universo-

670 3833 792 3870 rum
838 3823 1050 3870 laudem
1093 3827 1256 3888 atque
1309 3819 1624 3888 dignitatem
1672 3821 1939 3889 pertinere
1971 3821 2233 3877 videatur.

671 3911 734 3963 Et
760 3911 1110 3979 prot'eCIionis
1141 3912 1360 3980 quidem
1392 3913 1504 3966 lucc
1534 3913 1672 3966 ratio
1701 3912 1820 3965 fuit.
1856 3897 1976 3966 Jain
2014 3915 2103 3967 ubi
2126 3925 2233 3969 ter-

667 4018 783 4054 ram
817 4002 960 4055 illam
1010 4004 1340 4072 attigissent,
1389 4005 1844 4074 quemadmodum
1897 4021 2117 4058 suarum
2161 4009 2230 4061 ibi

667 4108 849 4145 rerum
889 4093 1158 4148 domicilia
1188 4097 1536 4162 collocarint,
1585 4112 1812 4166 eamque
1841 4100 2116 4168 regionem
2153 4098 2231 4152 te;

670 4187 908 4249 nuerint,
953 4203 1120 4240 sacra:
1153 4189 1370 4257 quidem
1405 4204 1593 4243 eorum
1655 4191 1844 4243 littera:
1887 4191 2184 4259 loquuntur
2216 4210 2227 4244 :

669 4277 809 4328 malo
840 4286 1017 4331 tamen
1051 4281 1151 4333 hoc
1178 4281 1318 4345 loco,
1351 4297 1456 4334 non
1486 4291 1591 4334 tam
1630 4284 1705 4335 rei
1736 4292 1900 4351 gesta:
1926 4283 2227 4345 historiam,

666 4381 828 4433 quam
879 4368 1255 4421 ratiocinando
1277 4411 1291 4434 ,
1320 4371 1463 4437 quod
1500 4372 1795 4425 verisimile
1824 4372 2004 4434 fuerit,
2043 4387 2227 4438 perse—

665 4456 778 4523 qui.
833 4453 1022 4507 Utrum
1058 4457 1200 4508 enim
1255 4473 1349 4510 eos
1381 4459 1574 4522 mavis,
1609 4459 1888 4512 hominum
1926 4459 2102 4511 adhuc
2137 4474 2228 4510 va—

2345 3268 2473 3320 θεῖν.
2505 3268 2735 3337 Πότερον
2760 3266 2867 3334 γάρ
2902 3280 3027 3316 ποτε
3053 3262 3249 3332 βούλει,
3265 3261 3342 3332 τῷ
3365 3261 3557 3332 πλήθει
3585 3261 3692 3313 τῶν

2340 3379 2446 3413 των
2470 3361 2548 3412 ἔτι
2580 3359 2863 3428 περιόντας
2885 3395 2897 3416 ,
2932 3354 3132 3424 καίπερ
3169 3355 3248 3416 εἰς
3281 3353 3429 3416 τέλος
3463 3351 3878 3421 κεκακωμένους.

2340 3454 2488 3521 ὅμως
2517 3452 2572 3503 δὲ
2626 3448 2981 3518 διισχύοντας,
3010 3447 3103 3499 καὶ
3122 3445 3189 3499 τὰ
3219 3445 3354 3498 ὅπλα
3368 3447 3424 3498 ἐν
3448 3445 3631 3516 χερσὶν
3657 3443 3876 3514 ἔχοντες.

2340 3539 2456 3608 εἶτα
2489 3541 2627 3594 κατά
2654 3540 2850 3610 κράτος
2904 3539 3040 3591 ἐλεῖν
3078 3537 3175 3606 τὴν
3197 3536 3375 3609 χώραν
3393 3579 3408 3598 ,
3435 3537 3638 3608 Σύρους
3680 3552 3740 3585 τε
3763 3530 3878 3602 ὁμοῦ

2340 3634 2433 3684 καὶ
2461 3632 2710 3693 Φοίνικας
2732 3634 2787 3683 ἐν
2813 3632 2947 3700 αὐτῇ
2968 3633 3034 3700 τῇ
3072 3628 3291 3681 ἐκείνων
3325 3631 3394 3698 γῇ
3446 3624 3777 3696 μαχομένους
3815 3638 3879 3673 νι-

2338 3724 2587 3786 κῶντας⁴
2651 3723 2685 3794 ἢ
2727 3725 2851 3786 τοὺς
2898 3723 2993 3793 μὲν
3024 3760 3039 3782 ,
3093 3720 3397 3789 ἀπολέμους
3463 3718 3556 3771 καὶ
3611 3714 3880 3784 ἀνάνδρως

2338 3811 2494 3877 εἶναι,
2524 3816 2615 3866 καὶ
2643 3813 2916 3876 παντελῶς
2943 3814 3151 3881 ὀλίγους
3180 3808 3521 3879 ὑποθώμεθα,
3551 3806 3643 3859 καὶ
3664 3804 3772 3857 τῶν
3813 3803 3879 3862 εις

2340 3908 2569 3976 πόλεμον
2605 3906 2960 3976 παρασκευῶν
3014 3905 3269 3974 ἀπόρους,
3303 3900 3557 3960 αἰδέσεως
3609 3897 3664 3964 δὲ
3716 3897 3879 3966 τυχεῖν

2339 3995 2486 4065 παρὰ
2539 3993 2764 4056 τούτοις,
2814 3994 2906 4046 καὶ
2965 3993 3061 4062 τὴν
3098 3991 3201 4060 γῆν
3239 3986 3416 4040 λαϐεῖν
3465 3985 3594 4054 παρ’
3628 3982 3876 4040 ἐκόντων;

2336 4087 2521 4138 ἔπειτα
2571 4086 2614 4137 δ’
2661 4086 2819 4148 εὐθὺς
2852 4086 2949 4137 οὐκ
3004 4086 3084 4145 εἰς
3119 4080 3322 4151 μακρὸν
3352 4076 3438 4128 τόν
3475 4092 3532 4128 τε
3576 4073 3708 4127 νεὼν
3747 4073 3877 4125 ἀνοι-

2336 4180 2628 4248 κοδομῆσαι
2655 4217 2668 4240 ,
2731 4178 2823 4230 καὶ
2849 4176 3013 4229 τᾶλλα
3063 4174 3140 4235 είς
3190 4168 3466 4223 εὐσέϐειαν
3489 4166 3583 4218 καὶ
3619 4162 3884 4230 άγιστείαν.

2336 4270 2809 4340 καταστήσασθαι;
2846 4267 3004 4336 Δηλοῖ
3060 4262 3186 4333 γὰρ,
3243 4261 3318 4323 ὡς
3366 4259 3528 4320 ἔοικε,
3580 4260 3765 4318 ταῦτα,
3800 4254 3878 4307 καὶ

2333 4363 2773 4430 θεοφιλεστάτους
2805 4360 2998 4420 αὐτοὺς
3028 4351 3464 4422 ἀνωμολογῆσθαι
3483 4350 3577 4402 καὶ⁵
3606 4347 3753 4418 παρὰ
3785 4347 3878 4404 τοῖς

2335 4456 2564 4525 ἐχθροῖς·
2594 4453 2774 4523 ἐχθροὶ
2806 4452 2913 4521 γὰρ
2944 4447 3082 4519 ἦσαν
3132 4443 3190 4510 ἐξ
3245 4443 3514 4514 ἀνάγκης,
3551 4435 3626 4495 ὧν
3669 4439 3762 4493 ἐπὶ
3793 4436 3878 4506 τὴν

664 4546 835 4599 lentes
859 4561 1106 4608 nurnero,
1139 4549 1349 4614 tametsi
1377 4549 1648 4615 perpetuis
1676 4546 1879 4601 fractos
1897 4547 2231 4602 debilitatos—

2347 4546 2435 4613 γῆν
2463 4546 2721 4616 ἐξαίφνης
2746 4541 2906 4615 ἦλθον
2935 4542 3008 4603 ὡς
3034 4535 3477 4607 ἀφαιρησόμενοι.
3507 4534 3662 4604 Παρὰ
3688 4530 3877 4587 τούτοις

661 4653 768 4703 que
793 4637 1091 4696 laboribus,
1118 4638 1292 4689 auctis
1319 4647 1496 4691 tamen
1529 4638 1973 4705 conﬁrmatisque
1996 4637 2225 4702 viribus,

661 4742 724 4778 ea
760 4727 876 4780 loca
913 4728 1258 4795 postmodum
1296 4728 1463 4782 armis
1488 4743 1806 4797 occupasse,
1841 4727 2115 4798 Syrosque
2149 4729 2226 4782 si—

662 4818 774 4869 mul
800 4833 861 4870 ac
885 4815 1172 4872 Phoenices
1212 4819 1327 4871 suis
1358 4820 1406 4870 in
1438 4820 1723 4886 penatibus
1756 4818 2002 4887 focisque
2035 4817 2226 4887 patriis

663 4905 985 4961 dimicantes
1018 4912 1333 4979 subegisse?
1357 4911 1439 4963 An
1493 4912 1735 4966 imbelles
1760 4912 1942 4980 potius
1962 4919 2015 4964 et
2044 4909 2223 4978 ignavi

663 5012 784 5048 cum
820 5007 1022 5062 essent,
1076 5001 1318 5070 adeoque
1348 5003 1684 5070 paucissimi,
1708 5011 1760 5055 et
1796 5019 1824 5055 a
1851 5003 2014 5055 rebus
2046 5000 2225 5052 omni-

661 5087 764 5142 bus
802 5087 942 5142 bello
963 5092 1193 5158 gerendo
1227 5094 1546 5147 necessariis
1584 5095 1863 5162 imparati,
1897 5095 2017 5148 aliis
2044 5106 2221 5145 tamen

657 5187 710 5230 et
730 5179 962 5249 aliquem
984 5197 1107 5250 erga
1129 5199 1184 5236 se
1207 5187 1572 5239 venerationis
1601 5201 1818 5239 sensum
1840 5186 2177 5253 injecisse,et
2193 5198 2222 5235 a

657 5272 967 5327 volentibus
997 5273 1249 5342 ultroque
1265 5276 1582 5329 cedentibus
1606 5277 1879 5344 regionem
1900 5278 2175 5345 accepisse
2207 5295 2218 5328 :

658 5370 770 5412 tum
795 5366 1011 5418 eosdem
1042 5364 1202 5433 paulo
1224 5376 1344 5434 post
1369 5364 1669 5418 aediﬁcasse
1686 5367 1965 5434 templum,
1982 5383 2044 5420 ac
2067 5375 2223 5421 caete-

656 5460 713 5495 ra
737 5462 856 5512 quae
872 5451 936 5502 ad
952 5453 1203 5518 pietatem
1232 5453 1660 5523 religionemque
1683 5464 2005 5521 spectarent,
2024 5455 2220 5510 consti-

659 5535 859 5591 tuisse?
890 5541 1048 5611 357
1071 5543 1204 5599 Nam
1240 5544 1292 5598 id
1319 5545 1536 5614 quidem
1564 5554 1882 5611 argumento
1915 5557 2017 5611 est,
2042 5563 2205 5616 quam

730 5638 757 5666 ⁸
797 5647 908 5697 713.,
957 5633 989 5701 ἡ
1030 5636 1147 5690 τό.-

729 5718 838 5787 (55)
874 5726 1192 5790 Είνπειθεῖς.

654 5800 761 5840 non
792 5797 1077 5848 obscurum
1112 5801 1285 5852 adhuc
1318 5803 1602 5870 vestigium
1632 5811 1930 5866 supererat.

2334 4636 2375 4686 δ’
2406 4632 2496 4688 οὖν
2540 4637 2794 4696 αἰδέσεως
2854 4633 2948 4685 καὶ
2998 4630 3158 4700 τιμῆς
3210 4628 3581 4698 τυγχάνοντες,
3635 4623 3752 4684 πῶς
3793 4620 3880 4688 οὐχ

2339 4727 2696 4797 ὑπερϐάλλειν
2727 4724 2947 4793 εὐτυχίᾳ
2965 4724 3088 4783 τοὺς
3121 4737 3309 4784 amour;
3332 4719 3640 4790 φαίνονται;
3678 4713 3807 4766 Τίνα
3830 4708 3878 4760 δὲ

2333 4817 2400 4870 τά
2433 4817 2659 4888 δεύτερα
2691 4815 2908 4884 ἐφεξῆς,
2941 4814 2972 4883 ἢ
3004 4812 3071 4864 τὰ
3127 4811 3279 4885 τρίτα
3314 4811 3447 4883 πρὸς
3475 4809 3678 4868 τούτοις
3724 4803 3875 4872 λέγω-

2336 4925 2470 4975 μεν;
2505 4910 2737 4978 Πότερον
2760 4907 2819 4958 τὸ
2847 4907 2943 4976 τῆς
2997 4905 3248 4975 εὐνομίας
3306 4905 3399 4957 καὶ
3454 4896 3758 4958 εὐπειθείας
3795 4895 3875 4948 αὐ-

2332 4998 2459 5061 τῶν,
2495 5000 2526 5069 ἢ
2551 5001 2649 5068 τῆς
2671 4998 2944 5067 ὁσιότητος
2961 4998 3066 5050 "mi.
3089 4995 3427 5064 δικαιοσύνης
3463 4991 3556 5044 καὶ
3584 4989 3845 5053 εὐσεὸείας
3860 5004 3883 5050 ὲ

2345 5090 2502 5143 Ἀλλά
2536 5092 2626 5143 τὸν
2665 5091 2761 5158 μὲν
2793 5089 2959 5160 ἄνδρα
2993 5094 3218 5151 ἐκεῖνον,
3252 5089 3398 5147 ὅστις
3447 5083 3575 5136 ποτὲ
3601 5079 3687 5153 ἦν,
3716 5085 3744 5135 ὁ
3765 5082 3875 5141 τοὺς

2332 5187 2528 5254 νόμους
2555 5185 2736 5245 αὐτοῖς
2765 5182 2900 5246 θεὶς,
2934 5184 3076 5236 οὔτω
3133 5180 3333 5249 σφόδρα
3387 5176 3717 5247 ἐθαύμασαν,
3764 5173 3877 5237 ὠςό

2329 5294 2381 5328 τι
2413 5278 2608 5345 δήποτε
2642 5275 2816 5341 ἔδοξεν
2867 5275 3081 5345 ἐκείνῳ,
3134 5271 3226 5325 καὶ
3259 5270 3455 5332 αὐτοῖς.
3487 5270 3610 5323 Εἴτε
3631 5267 3724 5322 οὖν
3747 5267 3876 5320 λελο-

2331 5369 2586 5437 γισμένος
2617 5369 2796 5431 αὐτὸς,
2827 5370 2934 5420 εῐτε
2956 5364 3167 5420 ἀκούων
3215 5361 3364 5433 παρά
3391 5361 3638 5433 δαίμονος
3666 5362 3871 5428 ἔφρασε,

2327 5460 2483 5530 τοῦτο
2516 5463 2658 5515 ἅπαν
2681 5464 2758 5524 είς
2781 5463 2870 5513 τὸν
2903 5458 3034 5512 Θεὸν
3065 5455 3304 5522 ἀνάγειν,
3344 5457 3435 5508 καὶ
3473 5455 3726 5508 πλειόνων
3759 5449 3873 5502 ἐτῶν

2315 5550 2713 5616 διελτλυθότων,
2739 5566 2772 5597 ελ
2792 5553 2852 5604 τὸ
2880 5551 2976 5620 μὲν
2990 5547 3233 5616 ἀκριϐὲς,
3253 5548 3350 5600 οὐκ
3373 5548 3479 5618 ἔχω
3505 5548 3678 5614 λέγειν
3701 5543 3872 5602 ὁπόσα,

1271 5735 1342 5782 Ita
1389 5742 1747 5791 correximus,
1811 5744 1930 5782 cum
1992 5740 2116 5786 ante
2185 5729 2448 5797 legeretur
2505 5735 2794 5797 ευπειθεῖν,
2844 5731 2999 5800 cujus
3050 5730 3298 5787 lectionis
3349 5732 3402 5785 in
3473 5730 3564 5782 alt.
3615 5735 3869 5779 manuscr.

2369 987 2712 1055 παραπομπῇ
2747 984 2854 1036 τῶν
2888 977 3085 1054 μεταξὺ
3123 984 3386 1052 κειμένων
3426 981 3626 1044 ἐθνῶν,
3656 981 3775 1033 ἀλλά
3817 981 3877 1032 καὶ

2367 1319 2496 1420 σύν-ῃ
2535 1319 2821 1420 συμμεῖναι
2879 1319 3013 1419 μετά
3062 1351 3241 1419 πάσης
3285 1347 3535 1418 εὐθηνίας
3580 1319 3889 1415 «εἶκόέῐ-ἒείτλνο¹

3959 1555 3974 1818 g

3961 1913 3973 2158 l

3967 2211 3976 2432 Ξ
