3988 6340
66 486 150 543 601
1175 497 1486 552 ΡΒΛΕΡΑΗ.
1530 500 1591 552 Ei

1695 498 1778 555 lC.
1819 499 1945 555 LIB.
1985 502 2114 555 vm.
2467 486 2473 488 “
3152 497 3253 556 cae

63 602 196 655 πλέω
232 602 276 653 δ’
312 597 405 656 οὗν
437 604 468 674 ἦ
502 606 730 676 δισχίλια
788 607 903 677 ἔτη,
937 608 1009 680 μὴ
1032 622 1057 649 ι
1095 612 1241 682 ῥῆμά
1271 630 1331 679 γε
1361 615 1554 676 αὑτοὺς
1585 616 1591 653 ¹

1714 628 1913 672 certant
1952 621 2030 673 vel
2070 621 2207 688 apud
2255 621 2437 676 hostes
2470 622 2635 675 divini
2677 636 2803 690 erga
2830 636 2886 675 se
2914 622 3114 675 amoris
3139 624 3254 689 Opi-

66 693 212 763 μόνον
271 694 381 747 τῶν
432 696 522 748 ὑπ’
541 698 701 749 αὑτοῦ
757 703 1151 770 γεγραμμένων
1206 706 1441 774 κινῆσαι,
1483 708 1591 759 ἀλλ(

1713 711 1927 765 nionem
1980 713 2345 766 excitassent:
2396 714 2577 767 hostes
2628 714 2768 766 enim
2814 728 2905 767 eos
2959 714 3253 766 necessitas

60 785 155 835 adv
186 786 443 857 μυριάκις
474 789 666 851 αὑτοὺς
694 791 975 844 ἀποθανεῖν
1028 797 1309 865 ὑπομεῖναι
1340 798 1552 860 θᾶττον,
1580 803 1591 851 i

1712 804 1828 871 ipsa
1862 805 2107 867 faciebat,
2136 820 2363 874 quorum
2396 806 2495 875 ipsi
2535 807 2759 875 patriam
2812 804 3061 857 invadere
3098 804 3256 857 moli-

60 878 161 938 τοῖς
184 878 393 929 ἐκείνου
430 879 613 947 νόμοις
662 882 754 933 καὶ
798 882 971 936 ἔθεσιν
1012 887 1225 939 ἐναντία
1277 889 1572 958 πεισθῆναι.

1711 905 1919 949 rentur.
1949 896 2029 948 Ah
2060 897 2165 948 illis
2192 912 2320 966 ergo
2361 898 2404 952 si
2452 898 2809 950 observantia:
2836 904 3043 949 tantum
3076 905 3129 947 et
3157 896 3254 947 ho-

60 967 417 1031 Ταὺτέἰπὼν,
438 972 776 1039 ἐπιτέμνεται
811 976 906 1045 τὴν
938 980 998 1029 ἐκ
1024 978 1127 1031 τῶν
1157 981 1395 1042 Μωσέως
1441 983 1591 1050 νόμω

1710 983 1858 1035 noris
1894 982 2105 1037 auferre
2136 992 2442 1051 potuerunt,
2466 986 2589 1053 quis
2614 999 2717 1037 non
2757 984 2972 1038 eosdem
3002 982 3255 1037 felicitate

60 1059 527 1131 καταδεδλημένην
554 1062 632 1133 τῷ
674 1065 935 1118 Ἰουδαίων
966 1066 1105 1119 ἔθνει
1157 1069 1447 1133 πολιτείαν,
1479 1073 1586 1143 γρά

1708 1074 1931 1141 reliquis
1983 1075 2234 1128 omnibus
2283 1063 2594 1144 praestitisse
2644 1073 2915 1127 fateatur?
2962 1075 3077 1127 .lam
3124 1075 3254 1143 quid

60 1168 164 1217 φων
195 1151 384 1214 οὕτως·
1713 1164 2007 1217 secundum
2040 1173 2249 1233 postea,
2276 1166 2402 1232 quid
2436 1166 2651 1219 tertium
2683 1166 3136 1220 commemorem?
3168 1164 3253 1217 An

60 1242 413 1311 integritatem
454 1245 683 1299 instituti
725 1249 1147 1321 obedientizeque
1194 1255 1613 1310 constantiam?
1655 1258 1737 1310 An
1773 1273 1901 1310 vero
1966 1258 2365 1322 sanctimonia,
2401 1259 2584 1322 decus,
2612 1266 2664 1311 et
2692 1258 2954 1311 illibatum
2986 1256 3254 1324 aequitatis

57 1336 426 1407 religionisque
460 1340 685 1396 florem?
743 1344 949 1414 Quippe
1006 1350 1176 1401 virum
1242 1351 1413 1415 illum,
1440 1352 1685 1419 quisquis
1722 1352 1935 1405 demum
1969 1352 2015 1405 is
2044 1350 2222 1414 fuerit,
2260 1366 2430 1419 usque
2474 1352 2607 1404 adeo
2650 1367 2957 1420 suspexere,
2991 1362 3049 1403 ut
3096 1349 3253 1417 quid-

58 1425 175 1491 quid
226 1429 329 1496 ipsi
396 1433 569 1487 visum
610 1444 713 1497 est,
766 1438 1041 1503 probarint
1092 1440 1358 1505 universi;
1402 1456 1563 1508 atque
1607 1442 1698 1505 ita,
1740 1442 1852 1493 sive
1902 1442 2040 1494 hanc
2094 1441 2229 1508 reip.
2283 1439 2508 1492 formam
2571 1454 2667 1492 suo
2728 1442 2841 1507 ipse
2899 1455 3058 1493 sensu
3106 1438 3249 1490 arbi-

56 1518 261 1587 trioque
293 1523 654 1595 descripserit,
688 1526 1083 1610 siquiviuitus
1123 1532 1266 1583 illam
1299 1533 1586 1599 acceperit,
1624 1548 1741 1585 eam
1804 1542 1948 1587 certe
2004 1550 2111 1587 non
2147 1531 2317 1597 alteri,
2352 1547 2511 1600 quam
2558 1530 2667 1583 Deo
2700 1540 2971 1600 acceptam
3003 1531 3253 1594 tulerint,

58 1620 232 1680 totque
258 1630 525 1671 annorum
560 1621 733 1688 spatio
784 1621 1009 1687 (certum
1080 1625 1328 1692 equidem
1396 1642 1679 1681 numerum
1720 1627 1943 1680 delinire
1969 1641 2076 1680 non
2111 1641 2351 1695 possum,
2386 1627 2476 1678 sed
2509 1634 2683 1677 tamen
2717 1626 2945 1693 amplius
2976 1625 3057 1678 bis
3084 1624 3253 1692 mille)

58 1720 119 1758 ne
147 1722 326 1761 vocem
352 1710 570 1778 quidem
606 1730 787 1778 unam,
817 1717 868 1767 in
901 1716 966 1769 iis
990 1734 1109 1785 qua:
1133 1720 1328 1785 scripta
1359 1721 1593 1788 reliquit,
1635 1722 2002 1775 immutarint:
2039 1721 2338 1788 milliesque
2365 1720 2545 1788 potius
2579 1719 2769 1783 emori,
2824 1736 2984 1787 quam
3044 1719 3253 1787 legibus

58 1796 169 1853 aliis
201 1802 380 1856 vivere
418 1806 767 1875 moribusque
843 1811 1051 1862 malint.
1097 1830 1113 1861 ι
1160 1811 1281 1865 llaec
1320 1812 1426 1865 ille.
1485 1812 1693 1877 Quibus
1747 1829 1955 1866 summa
2022 1813 2195 1881 legum
2264 1829 2449 1866 earum
2491 1812 2665 1880 capita
2724 1811 3016 1879 subjuugit,
3054 1810 3251 1878 quibus

58 1903 199 1943 suam
241 1889 438 1948 ludatis
473 1898 856 1965 rempublicam
892 1901 1101 1970 Moyses
1147 1902 1503 1957 informarat:
1552 1904 1635 1957 bis
1672 1904 1867 1958 verbis.
2039 1893 2045 1899 ’

577 2010 966 2064 ΚΕΦΑΛΑΙΟΝ
997 2016 1068 2066 Z'.
1630 2024 1671 2078 Β

60 2118 160 2170 Τοῦ
186 2119 397 2181 αὐτοῦ,
414 2120 545 2187 περὶ
570 2120 672 2190 τῆς
699 2124 868 2245 κυρτὰ,
897 2125 1109 2179 Μωσέα
1150 2129 1468 2195 θεοσεϐοῦς
1498 2146 1604 2184 :ro-

762 2212 959 2245 ιτειαρ.

762 2212 959 2259 ιτειας.

2292 2014 2515 2069 CAPUT
2566 2012 2673 2065 ΠΙ.

1712 2129 1782 2181 De
1816 2131 2058 2197 religiosa
2094 2129 2339 2182 Mosaicw
2373 2127 2668 2195 reipublicw
2709 2142 2897 2193 torulo.
2943 2125 3020 2177 lix
3051 2143 3248 2180 eoaem.

1779 2324 1795 2353 ι
1825 2304 1959 2357 Num
1992 2304 2119 2372 quid
2157 2276 2615 2370 istorum,tnqu1t,
2652 2302 2945 2354 autsaltem
2988 2303 3051 2355 iis
3075 2302 3248 2366 aliine,

1706 2394 1881 2445 locum
1917 2394 2054 2460 apud
2087 2409 2180 2445 eos
2225 2393 2405 2455 habet,
2438 2391 2581 2459 quod
2624 2391 2852 2458 speciem
2886 2393 3251 2444 mansuetudi-

123 2317 142 2349 ι
165 2295 307 2368 Ἀρα
338 2302 389 2351 τί
417 2301 667 2373 τούτωνῆ
696 2303 901 2365 τούτοις
956 2307 1277 2374 προσόμοιον
1309 2310 1437 2379 παρ’
1463 2310 1602 2361 ὲκεί-

56 2407 153 2452 vet;
181 2393 313 2451 ἐστὶ,
348 2394 519 2461 πρᾷον
545 2388 680 2445 εἶναι
706 2394 847 2445 δοκεῖ
868 2406 889 2433 ε
916 2397 1003 2447 καὶ
1030 2396 1294 2461 τιθασσὸν,
1326 2400 1418 2449 καὶ
1442 2400 1601 2451 δικῶν

55 2481 349 2547 ἐπαγωγὰς,
388 2484 481 2533 καὶ
527 2482 773 2551 σκήψεις,
828 2485 921 2534 καὶ
977 2486 1255 2549 ἀναϐολὰς,
1307 2490 1399 2539 καὶ
1442 2491 1601 2559 τιμή-

58 2587 178 2634 σεις,
213 2574 303 2623 καί
332 2572 491 2647 πάλιν
510 2574 862 2643 ὑποτιμήσεις
908 2575 1026 2645 ἔχον
1058 2577 1197 2645 (56);
1232 2579 1414 2641 Οὐδὲν,
1466 2580 1599 2631 ἀλλά

57 2660 216 2713 tab/ta
238 2660 383 2712 ἁπλᾶ
412 2662 504 2712 καὶ
530 2661 681 2722 δῆλα.
746 2664 869 2716 Ἐὰν
908 2664 1287 2734 παιδεραστῇς,
1336 2665 1428 2717 ἐὰν
1484 2683 1599 2735 μοι-

55 2750 223 2823 χεύῃς,
268 2755 361 2806 ὲάν
412 2751 569 2823 βιάσῃ
626 2755 789 2807 παῖδα
841 2756 1057 2824 (ἀρῤενα
1120 2757 1215 2825 μὲν
1261 2758 1391 2827 μηδὲ
1433 2757 1596 2826 λέγε),

56 2842 175 2894 ἀλλὰ
193 2844 288 2897 κᾶν
312 2844 547 2915 θήλειαν·
579 2845 776 2914 ὁμοίως
804 2847 895 2898 ἐὰν
927 2847 1119 2899 σαυτὸν
1172 2849 1595 2919 καταπορνεύῃς,

55 2933 137 2986 ἑὰν
163 2938 251 2987 καὶ
270 2939 395 3007 παρ’
424 2936 636 3008 ἠλικίαν
686 2937 906 3006 αἰσχρόν
954 2954 1007 2989 τι
1063 2938 1259 3009 πάθῃς,
1295 2940 1325 3009 ἢ
1357 2940 1535 3009 δοκῇς,
1561 2941 1593 3011 ἦ

57 3024 257 3095 μέλλῃς,
284 3027 510 3090 Θάνατος
535 3028 567 3097 ή
595 3026 787 3096 ζημία.
828 3027 948 3078 Ἐὰν
975 3029 1051 3089 είς
1084 3027 1263 3083 δοῦλον
1299 3028 1471 3099 σῶμα,
1503 3030 1597 3082 ὲάν

56 3114 122 3174 εἰς
174 3115 447 3185 ἐλεύθερον
504 3115 750 3187 ὑϐρίζῃς,
802 3116 895 3168 ὲάν
936 3116 1151 3185 δεσμοῖς
1206 3119 1449 3191 συνέχῃς,
1502 3120 1595 3172 ὲάν

56 3206 261 3271 ἀπάγων
290 3208 493 3278 πωλῇς,
520 3210 611 3259 ὲάν
639 3208 857 3278 βέὅηλα,
888 3208 978 3259 ἐὰν
1025 3210 1141 3278 ἱερά
1189 3211 1592 3279 παρακλέπτῃς,

1704 2484 1790 2535 nis
1824 2499 1887 2535 ac
1929 2482 2198 2535 facilitatis
2231 2484 2463 2549 aliquam
2518 2481 2712 2533 habere
2756 2481 3024 2533 videatur:
3079 2467 3249 2533 litium

1704 2576 2051 2635 intentiones,
2110 2574 2598 2641 tergiversationes,
2636 2572 3249 2641 comperendinationes,

1700 2666 1934 2728 ninlctte,
1968 2666 2401 2733 mulctarumque
2443 2682 2469 2717 a
2518 2666 2624 2719 reis
2673 2665 2908 2733 qumsitae
2935 2665 3251 2719 diminutio-

1700 2754 1837 2807 nes?
1868 2754 2009 2807 Nihil
2044 2756 2227 2823 plane:
2263 2766 2316 2807 at
2348 2755 2611 2823 simplicia
2640 2765 2892 2823 certaque
2955 2757 3154 2811 omnia.
3193 2755 3249 2808 Si

1700 2860 1991 2914 puerorum
2046 2847 2345 2911 amoribus,
2398 2847 2442 2899 si
2491 2846 2755 2899 adulterio
2811 2848 3149 2914 peccaveris:
3205 2850 3250 2901 si

1704 2936 1895 3004 puellae
1915 2938 2138 3001 (marem
2167 2936 2308 2987 enim
2344 2938 2443 2987 hoc
2474 2938 2524 2987 in
2554 2951 2744 3002 genere
2777 2951 2841 2987 ne
2872 2936 3101 3003 appelles
3125 2937 3249 3004 qui-

1699 3028 1841 3095 dem)
1886 3039 2130 3096 stuprum
2166 3027 2451 3079 ohtuleris:
2505 3026 2549 3080 si
2598 3038 2743 3079 tuam
2789 3028 2901 3095 ipse
2938 3028 3251 3096 pudicitiam

1699 3122 2029 3190 prodideris:
2075 3120 2119 3175 si
2163 3130 2355 3189 praeter
2397 3130 2602 3173 mlatem
2636 3132 2794 3190 turpe
2827 3123 2953 3189 quid
2994 3131 3085 3174 aut
3131 3138 3252 3190 per-

1702 3225 1894 3279 pessus
1919 3211 2048 3271 eris,
2076 3219 2170 3262 aut
2202 3211 2478 3274 statueris,
2518 3219 2609 3261 aut
2638 3210 2854 3262 molitus
2901 3209 3101 3275 fueris;
3136 3226 3256 3265 sce-

55 3298 139 3351 ὲὰν
166 3298 379 3368 ἀσεϐῇς,
406 3300 506 3351 οὐκ
533 3300 677 3371 ἔργῳ
704 3301 881 3370 μόνον,
904 3299 1037 3352 ἀλλὰ
1069 3302 1160 3352 καὶ
1182 3302 1274 3353 ὲάν
1299 3303 1497 3370 ῥήματι
1519 3302 1591 3371 τῷ

1699 3303 1783 3355 lus
1815 3311 1987 3355 morte
2018 3302 2172 3354 luito.
2213 3301 2269 3353 Si
2310 3310 2405 3354 aut
2453 3316 2630 3365 servo,
2667 3310 2759 3353 aut
2789 3301 2957 3355 libero
2999 3303 3251 3369 injuriam

56 3390 267 3458 τυχόντι,
304 3392 384 3453 εἰς
428 3393 526 3461 μὲν
552 3392 683 3445 Θεὸν
715 3392 871 3445 αὑτὸν
906 3393 1093 3462 (ἵλεως
1116 3395 1242 3461 ἡμῖν
1269 3395 1296 3444 ὁ
1327 3394 1474 3456 Θεὸς,
1504 3394 1594 3447 καὶ

55 3480 205 3549 αὐτῆς
230 3482 326 3549 τῆς
379 3484 506 3553 περὶ
565 3484 767 3537 τούτων
799 3485 1004 3546 ἐννοίας
1053 3485 1278 3551 γένοιτο,
1303 3484 1420 3536 οὑδὲ
1442 3484 1589 3549 ἄξιον

58 3568 255 3637 λέγειν),
275 3571 387 3625 ἀλλ’
421 3574 500 3634 εἰς
527 3575 734 3644 πατέρα
766 3575 795 3644 ἢ
834 3576 1114 3645 μητέρα,ἣ
1151 3577 1437 3645 εὐεργέτην
1468 3594 1596 3627 σαυ-

58 3661 156 3713 τοῦ·
189 3663 407 3726 θάνατος
433 3665 648 3733 ὁμοίως,
684 3667 776 3717 καὶ
806 3662 959 3729 οὗτος
994 3668 1051 3718 οὑ
1086 3668 1285 3729 κοινὸς,
1310 3667 1416 3719 οὐδ’
1442 3668 1467 3717 ὁ
1501 3685 1593 3718 τυ-

59 3752 172 3819 χὼν,
192 3755 319 3807 ἀλλά
341 3757 423 3808 δεῖ
446 3756 870 3824 καταλευσθῆναι
897 3758 986 3809 τὸν
1003 3758 1216 3811 εἰπόντα
1244 3760 1417 3827 μόνον,
1435 3758 1506 3819 ὡς
1533 3760 1592 3810 ού

60 3844 252 3915 χείρονα
274 3848 522 3910 ἀσεϐείας
553 3848 849 3919 πράξαντα.
872 3848 1037 3899 Ἀλλα
1058 3849 1101 3899 δ’
1128 3845 1191 3900 αὖ
1220 3849 1399 3911 πάλιν,
1438 3849 1595 3901 ὁποῖά

60 3948 179 3989 τινα.
210 3938 248 3988 Γ
250 3942 471 4001 υναίκας
518 3940 737 4010 ἀνδράσι
788 3938 1075 4000 δουλεύειν,
1103 3940 1237 4008 πρὸς
1264 3939 1467 4008 ὑῦρεως
1497 3940 1593 4007 μὲν

119 4057 142 4083 ι
176 4065 283 4116 τρ.,
327 4048 482 4119 μηδέ.
556 4049 584 4088 1³
622 4067 736 4117 γρ.,
778 4049 925 4101 αὑτό.

120 4153 218 4223 (56)
254 4157 659 4229 ’Υποτιμήσεις
696 4160 858 4228 ἔχον.
899 4158 1164 4211 Solemnis
1196 4175 1256 4211 ea
1292 4166 1392 4219 est,
1428 4175 1589 4226 quam

61 4227 531 4295 erpressimus.'in
585 4246 641 4281 re
694 4227 891 4282 ferensi
947 4229 1384 4292 maxime,vocis
1432 4229 1590 4295 hujus

63 4291 378 4359 significatio.
410 4296 521 4351 Nec
562 4300 705 4352 aliud
747 4300 798 4351 in
843 4300 1026 4351 eadem
1078 4299 1175 4350 fuit
1208 4291 1587 4365 ὑποτιμᾶσθαι,

62 4375 202 4427 quam
232 4380 402 4435 reum,
437 4378 531 4420 aut
565 4370 639 4421 ντί
678 4372 879 4421 amicos
915 4368 1211 4434 graviorem
1256 4383 1465 4435 ptenam
1495 4370 1589 4420 de-

64 4434 266 4497 precari,
308 4442 362 4505 et
412 4452 535 4489 cum
586 4439 780 4491 leviore
825 4440 1002 4505 aliqua
1050 4449 1372 4504 permutare.
1422 4436 1589 4492 Secus

65 4507 217 4575 tamen
268 4504 445 4575 visum
491 4515 573 4559 est
619 4509 831 4561 erudito
877 4504 1249 4575 Xenophontis
1292 4507 1588 4573 interpreti,

65 4572 141 4637 qui
168 4573 514 4646 locumillum
548 4592 609 4628 ex
640 4577 854 4646 Apolog.
886 4594 977 4646 pro
1013 4572 1247 4635 Socrate,
1283 4572 1588 4644 Κελευόμε-

1004 4058 1024 4086 ο
1067 4066 1153 4116 γρ.
1166 4089 1179 4111 ,
1218 4047 1422 4099 δοκοῦν.

1697 3389 1907 3454 feceris,
1946 3390 1989 3442 si
2026 3399 2118 3442 aut
2146 3390 2399 3442 habueris
2442 3390 2493 3441 in
2538 3391 2786 3446 vinculis.
2837 3400 2926 3441 aut
2962 3391 3251 3443 abductum

1695 3479 2037 3534 vendideris:
2074 3479 2118 3533 si
2164 3477 2373 3547 profani
2402 3480 2605 3531 saevive
2632 3479 2911 3547 quidpiam
2940 3478 3082 3532 furto
3120 3495 3247 3534 sus-

1696 3572 1913 3625 tuleris:
1948 3571 1990 3625 si
2043 3585 2148 3623 non
2196 3584 2355 3637 opere
2392 3571 2571 3633 modo,
2620 3570 2712 3621 sed
2746 3569 2909 3623 verbo
2950 3578 3108 3622 tenus
3145 3570 3248 3622 im-

1695 3665 1779 3731 pie
1811 3662 2024 3726 feceris,
2060 3677 2165 3715 non
2199 3662 2251 3713 in
2309 3660 2476 3713 Deum
2506 3661 2721 3729 quidem
2763 3660 2935 3726 (absit
2976 3662 3156 3727 enim,
3192 3672 3251 3715 ut

1695 3755 1775 3806 vel
1817 3754 1916 3807 hoc
1949 3755 2103 3807 nobis
2142 3754 2365 3806 verbum
2401 3754 2631 3817 excidat,
2670 3739 3044 3821 propitiusque
3092 3754 3247 3807 nobis

1696 3849 1836 3900 Deus
1868 3848 1955 3899 ille
1986 3846 2076 3907 sit,
2103 3846 2267 3917 358
2300 3847 2498 3914 quibus
2528 3846 2580 3898 in
2604 3855 2849 3899 ementem
2888 3846 2967 3897 vel
3004 3845 3116 3911 ipsa
3146 3846 3248 3899 hoc

1694 3940 1759 3991 de
1792 3936 2021 3990 crimine
2060 3938 2315 4005 cogitatio
2344 3936 2625 4005 subierit),
2667 3936 2757 3989 sed
2806 3936 2858 3987 in
2897 3945 3103 4004 patrem
3149 3946 3243 3990 aut

1696 4174 1885 4226 σομαι;
1927 4155 2033 4209 imo
2064 4172 2259 4225 saepius
2290 4156 2482 4209 deinde
2509 4158 2561 4227 ei.
2600 4157 2876 4227 τιμᾶσθαι.
2925 4158 3057 4211 Hinc
3086 4158 3252 4212 etiam

1692 4228 1893 4279 factum
1923 4228 2155 4298 videtur,
2186 4240 2240 4278 ut
2266 4226 2627 4298 ὑποτιμᾶσθαι
2657 4226 2979 4288 dicerentur,
3009 4229 3098 4298 qui
3130 4245 3249 4282 mu-

1692 4299 1835 4349 neris
1886 4296 2119 4364 impositi
2164 4296 2501 4365 gravitatem,
2535 4307 2625 4349 aut
2660 4296 3135 4359 valetudinis,'aut
3164 4314 3249 4352 se-

1692 4368 1945 4429 nectutis,
1976 4375 2070 4418 aut
2102 4367 2262 4419 simili
2294 4368 2523 4433 quadam
2554 4368 2899 4421 excusatione
2936 4369 3253 4437 deligerent,

1691 4438 1845 4504 quasi
1879 4452 2117 4490 muneris
2152 4437 2307 4489 istius
2347 4438 2539 4501 vicem,
2571 4438 2846 4505 proprium
2892 4438 2995 4491 hoc
3038 4448 3090 4491 et
3136 4438 3249 4491 sin-

1692 4508 1875 4574 gulare
1910 4508 2311 4559 incommodum
2347 4506 2668 4561 suﬂicerent.
2706 4506 2882 4571 Quare
2915 4509 3053 4576 apud
3082 4506 3247 4576 Hesy-

1694 4578 1873 4629 chium
1906 4576 2225 4644 ὑποτίμησις
2255 4578 2568 4644 explicatur,
2608 4578 2892 4644 πρόφασις.
2923 4576 3029 4627 Nec
3058 4591 3250 4643 suspe—

64 4623 137 4714 θος
182 4642 568 4714 ὑποτιμᾶσθαι,
616 4623 736 4697 οὔτε
775 4623 961 4699 eiu—Im
1012 4648 1409 4714 ὑπετιμήσατο,
1470 4623 1589 4697 οίὺτε

1695 4657 1813 4699 ctus
1859 4623 2274 4712 cuiquarrn‘es‘se
2322 4623 2475 4697 debet
2537 4623 2621 4697 ille
2654 4623 2933 4714 rProtarchi
2982 4646 3131 4697 locus
3157 4623 3247 4697 rin

65 4712 169 4783 τοὺς
200 4712 378 4781 φίλους
406 4713 603 4783 εἴασεν·
639 4715 770 4767 ἀλλὰ
792 4719 891 4771 ’καὶ
924 4718 1124 4783 ἔλεγεν,
1150 4712 1309 4768 ὅτιτὸ
1339 4715 1594 4783 ὑποτιμῶ

68 4780 169 4853 σθαι
212 4780 593 4853 ὁμολογοῦντος
643 4783 725 4853 εἴη
771 4787 996 4850 ἀδικεῖν,
1024 4780 1116 4839 ⁷ὶιίι
1158 4786 1327 4838 reddit
1360 4803 1373 4837 :
1405 4780 1591 4837 lassus

65 4850 263 4922 multant
310 4850 590 4918 exeolrere,
637 4850 796 4921 neque
844 4857 905 4908 de
936 4873 1030 4909 suo
1075 4874 1185 4909 eam
1218 4856 1399 4915 solvit,
1435 4870 1592 4922 neque

65 4921 319 4992 amicosid
346 4926 517 4991 facere
544 4940 727 4992 passus
750 4935 861 4984 est;
891 4928 993 4976 imo
1017 4928 1175 4977 etiam
1205 4926 1425 4986 dicebat,
1456 4921 1591 4973 mul-

65 4995 147 5065 cla:
172 4990 481 5065 solutionem
509 4990 621 5061 ejus
656 5004 762 5065 esse
793 4994 1014 5065 hominis
1038 5036 1049 5056 ,
1079 4996 1165 5062 qui
1200 5013 1252 5048 se
1291 4994 1483 5060 injuste
1512 4994 1590 5060 fe-

66 5059 175 5109 cisse
198 5059 350 5133 fateri
375 5059 653 5115 videretur.
684 5062 875 5131 Atqui,
902 5064 1011 5129 jam
1055 5059 1268 5131 capitali
1300 5059 1450 5133 pinna
1484 5059 1591 5115 non

121 5129 351 5183 cuniaria
400 5134 635 5194 muleta,
686 5129 969 5185 damnatus
1011 5129 1133 5185 erat
1168 5129 1417 5187 Socrates
1456 5148 1592 5185 :nec

113 5198 401 5266 τοτιμᾶσθαι
452 5204 771 5255 solventium
835 5213 956 5263 est,
1025 5203 1115 5254 sed
1185 5203 1587 5256 aestimantium.

67 5262 350 5341 Quidquod
384 5284 450 5341 οξ
498 5272 592 5341 illo
635 5271 875 5327 Socratis
913 5271 1052 5325 facto
1076 5312 1090 5334 ,
1140 5271 1435 5341 Xenophon
1466 5287 1587 5339 per-

66 5337 227 5409 spicue
281 5338 511 5409 intelligi
560 5343 763 5405 voluit,
817 5357 976 5409 quam
1035 5341 1183 5393 nullo
1235 5337 1591 5409 produce—tida:

65 5407 169 5459 vita:
198 5407 797 5478 desiderio’teneretur?
827 5407 1027 5465 Sensus
1071 5407 1358 5478 igitur—est,
1395 5411 1589 5463 Socra-

67 5481 157 5549 tem
203 5486 380 5549 morte
400 5477 737 5549 damnatum,
770 5484 910 5549 quod
954 5481 1059 5534 reis
1088 5477 1337 5533 omnibus
1373 5480 1587 5545 licebat,

68 5541 291 5600 leviorem
319 5547 420 5601 sibi
453 5548 695 5621 pennam,
724 5541 853 5621 φέρε
891 5553 1080 5612 εἰπεῖν,
1112 5541 1589 5621 exsilium,_car_ce¥

67 5627 180 5679 rem,
208 5627 297 5689 aut
324 5618 691 5689 pecuniariam
729 5618 953 5689 multam
1002 5624 1263 5689 irrogare,
1289 5618 1403 5689 ‘vel
1447 5618 1499 5669 id
1532 5626 1591 5670 ut

67 5696 145 5758 per
182 5685 381 5743 amico's‘
426 5686 597 5758 fieret,
640 5688 750 5755 pati
796 5691 1051 5744 noluisse.
1090 5685 1241 5758 Apud
1289 5686 1584 5758 Platonem,

70 5751 291 5830 socrates
322 5758 372 5810 in
402 5751 696 5830 Apologia,
728 5758 786 5809 τὺ
815 5751 1192 5830 ἀντιτιμᾶσθέιι
1232 5774 1351 5811 cum
1396 5751 1588 5830 D9094

69 5823 229 5880 sthene
268 5836 321 5881 et
370 5827 441 5881 al.
469 5821 611 5880 'eod:
656 5844 815 5897 sensu
861 5821 1093 5897 accipit:
1139 5830 1371 5897 Τιμᾶται
1419 5826 1461 5877 δ’
1497 5821 1585 5897 οὖν

70 5908 141 5959 μοι
166 5899 189 5947 ὁ
219 5897 350 5969 ἀνὴρ
380 5897 622 5951 θανάτου’
659 5896 765 5964 ἐγὼ
807 5898 861 5950 δὲ
890 5898 950 5968 δὴ
980 5896 1124 5961 τίνος
1156 5896 1277 5967 ὑμῖν
1307 5896 1583 5965 ἀντιτιμῆ-

1695 4714 1952 4767 Camillo:
1990 4715 2233 4783 Συνορῶν
2259 4714 2315 4765 δὲ
2351 4716 2397 4779 (ὁ
2422 4714 2708 4783 Κάμιλλος)
2741 4713 2837 4783 τὴν
2870 4714 3131 4782 ἀνάγκην,
3153 4716 3247 4766 καὶ

1693 4785 1779 4837 τὸν
1807 4784 2063 4853 κίνδυνον,
2107 4782 2227 4833 οὔτε
2275 4782 2596 4850 ὑποτίμησιν
2628 4782 2823 4853 εἰπὼν,
2852 4782 2924 4844 ὡς
2964 4784 3252 4853 πρότερον,

1691 4855 1810 4905 οὑτε
1863 4852 2126 4920 προφάσει
2174 4853 2542 4921 χρησάμενος,
2589 4852 2699 4904 ἀλλ’
2742 4853 2961 4904 αὐτόθεν
3006 4852 3251 4917 ὑποστὰς,

1691 4924 1787 4992 τὴν
1833 4921 2192 4991 στρατηγίαν,
2225 4932 2325 4973 etc.
2359 4922 2557 4984 Quinta
2586 4923 2812 4974 Camillo
2854 4923 3115 4974 dictatura
3150 4926 3242 4975 tle-

1692 4993 1978 5054 ferebatur,
2034 4992 2234 5044 homini
2287 4993 2396 5058 jam
2451 5006 2614 5058 prope
2659 4993 3037 5060 octogenario;
3083 5008 3252 5059 grave

1692 5063 1903 5129 quidem
1932 5075 2089 5120 onus,
2122 5062 2263 5128 quod
2297 5071 2471 5113 tamen
2502 5060 2553 5111 in
2586 5077 2798 5114 summo
2828 5064 2956 5129 reip.
2985 5063 3249 5130 periculo,

1692 5133 1833 5184 nulla
1870 5131 1941 5191 is,
1978 5139 2034 5182 ut
2081 5132 2289 5182 tertiam
2337 5140 2389 5182 et
2424 5138 2704 5196 quartam,
2758 5136 3105 5184 excusatione
3148 5132 3241 5183 de-

1691 5201 1845 5270 fugit.
1880 5199 2060 5266 ltaque
2093 5200 2411 5269 ὑποτίμησιν
2440 5200 2627 5270 εῖπείν,
2658 5210 2709 5253 et
2743 5202 3008 5270 προφάσει
3039 5201 3244 5269 χρήσα-

1694 5267 1832 5331 σθαι,
1872 5270 2157 5339 admodum
2192 5267 2423 5337 gemiua.
2456 5267 2607 5331 Quod
2656 5267 2856 5339 optime
2896 5272 3024 5322 vidit
3053 5267 3240 5339 mnu...

1690 5351 1797 5394 tus.
1848 5341 1911 5390 At
1971 5338 2193 5392 Latinus
2252 5341 2510 5404 interpres
2566 5339 2636 5391 ita
2694 5338 2891 5404 vertit,
2952 5338 3082 5390 nihil
3122 5339 3243 5405 jam

1690 5409 1919 5471 mulcta,
1974 5420 2029 5459 ut
2076 5420 2228 5467 ante,
2271 5408 2550 5459 deterritus
2584 5424 2601 5460 :
2648 5410 2852 5470 minus,
2898 5410 3121 5476 opinor,
3172 5424 3240 5460 ex

1690 5479 1962 5532 Plutarchi
2010 5488 2187 5531 mente
2224 5478 2561 5543 praesertim,
2610 5489 2666 5530 ut
2712 5479 2812 5530 alia
2858 5480 3085 5538 mittam,
3113 5492 3236 5529 cum

1692 5550 1917 5601 similem
1960 5548 2329 5616 magistratum
2364 5546 2621 5600 Camillus
2668 5548 2845 5599 multae
2888 5554 3053 5616 metu
3080 5548 3241 5601 defu—

1690 5620 1832 5688 gisse
1860 5631 1986 5688 non»
2014 5615 2216 5684 legatur
2250 5632 2263 5666 :
2298 5616 2388 5667 sed
2441 5628 2644 5669 tantum
2691 5625 2898 5688 aetatem
2925 5655 2938 5679 ,
2974 5615 3241 5669 valetudi-

1690 5686 1832 5752 nem,
1866 5695 1917 5738 ct
1943 5686 2044 5737 alia
2074 5688 2124 5738 id
2160 5700 2661 5755 genusiexcusasse,
2694 5686 2835 5752 quod
2878 5693 2993 5738 erat
3024 5688 3241 5755 proprie

1691 5758 2007 5823 ὑποτίμησιν
2058 5756 2246 5805 εἰπεῖν.
2316 5754 2421 5805 Nec
2484 5756 2702 5807 dubium
2754 5763 2860 5823 est_
2899 5756 3029 5821 quin
3096 5755 3239 5808 infra

1690 5842 1739 5893 p.
1772 5820 2022 5890 563,‘pro
2054 5825 2148 5891 τῆς
2180 5825 2397 5889 ἀγνοίας
2431 5825 2758 5890 ἐπιτίμησιν,
2792 5820 2996 5892 legend.
3026 5826 3114 5889 sit,
3141 5827 3238 5895 τῆς

1689 5895 1903 5961 ἀγνοίας
1932 5896 2270 5963 ὑποτίμησιν,
2298 5898 2479 5947 eodem
2510 5896 2662 5961 plane
2693 5910 2874 5948 sensu.
