3988 6340
724 472 828 530 607

1366 480 1641 538 EL'SEBH
1678 485 2158 546 CAESARIENSIS
2197 492 2345 549 OPP.
2390 494 2567 551 PARS
2600 497 2661 550 ll.
2704 530 2770 537 —
2810 497 3315 555 APOLOGETICA.
3849 495 3925 550 608

724 595 873 664 quis,
902 609 1087 651 sacras
1118 596 1264 667 leges
1294 600 1473 669 palam
1506 604 1767 670 recitans,
1795 623 1985 663 omnes
2012 611 2278 680 sigillatim

2390 615 2482 666 καὶ
2502 615 2792 684 γεωργίας,
2829 614 3025 666 λαϐεῖν.
3099 613 3269 676 Ἐπεὶ,
3306 612 3357 664 τί
3408 610 3615 664 ἐκώλυε
3673 610 3808 680 πρὸς
3857 612 3925 663 τι]

721 697 979 754 exponat,
1011 689 1183 743 donec
1212 690 1319 743 alta
1356 691 1463 757 iam
1500 709 1724 763 vespera
1758 696 2042 754 discedant
2070 704 2285 757 univer-

722 776 806 845 si,
837 786 950 831 tum
984 779 1295 835 divinorum
1327 786 1706 841 mandatorum
1744 790 1993 846 instructi
2018 794 2285 862 cognitio-

719 881 811 931 ne,
865 877 978 922 tum
1029 870 1192 925 etiam
1242 875 1534 931 admodum
1568 879 1766 947 pietate
1811 884 1977 938 aucti.
2027 882 2284 955 Nunquid

720 955 829 1010 hoc
878 961 1073 1028 quovis
1116 962 1280 1017 studii
1312 980 1509 1034 genere
1554 970 1730 1039 magis
1772 973 1869 1026 tibi
1915 977 2282 1030 necessarium

714 1050 973 1105 videtur?
1021 1052 1312 1111 Enimvero
1360 1068 1538 1114 causa
1595 1062 1731 1115 nihil
1778 1073 1882 1131 est,
1930 1068 2283 1135 quamobrem

719 1142 855 1200 istos
888 1146 1067 1217 legum
1116 1164 1462 1211 enarratores
1507 1156 1574 1211 de
1620 1156 1784 1210 rebus
1831 1158 2053 1226 agendis
2087 1173 2285 1213 consu-

718 1232 853 1301 lant,
900 1253 1134 1307 quorum
1176 1252 1235 1296 ut
1270 1246 1545 1313 responsis
1592 1255 1834 1309 careant,
1890 1248 2025 1302 nihil
2070 1258 2280 1317 tamen,

718 1328 805 1381 vel
851 1331 993 1398 apud
1029 1347 1089 1386 se
1121 1338 1385 1403 unquam,
1417 1352 1603 1392 earum
1639 1338 1975 1408 ignoratione
2000 1356 2280 1411 perperam

715 1419 1028 1476 molientur.
1064 1423 1452 1497 Quemcunque
1497 1428 1641 1484 enim
1686 1430 1929 1500 ipsorum
1982 1434 2309 1502 appellave-’

717 1512 831 1578 ris,
868 1528 932 1567 ac
965 1515 1031 1568 de
1063 1517 1255 1584 patriis
1306 1520 1569 1575 institutis
1608 1533 1956 1592 percontatus
1982 1527 2112 1591 eris,
2156 1540 2281 1580 cum

714 1604 1043 1672 respondere
1086 1622 1183 1675 per
1246 1623 1366 1664 sese
1409 1613 1695 1666 commode
1749 1628 1814 1667 ac
1859 1611 2018 1667 facile
2062 1616 2282 1683 poterit,

716 1701 830 1747 tum
865 1694 1136 1763 ejusmodi
1170 1714 1303 1754 sane
1337 1701 1630 1767 videbitur,
1669 1704 1761 1772 qui
1794 1720 1891 1759 seu
1920 1703 2003 1759 vir
2032 1720 2279 1771 uxorem,

712 1799 809 1837 seu
867 1786 1071 1843 liberos
1122 1800 1290 1859 pater,
1340 1808 1434 1846 seu
1498 1792 1734 1850 famulos
1777 1795 2054 1858 dominus,
2103 1796 2281 1867 legum

709 1877 934 1932 notione
1006 1879 1299 1937 informare
1366 1893 1550 1954 queat.
1610 1884 1730 1939 1am
1798 1887 2011 1957 septimi
2063 1900 2282 1957 quoque

2387 704 2519 758 Θεοῦ
2551 706 2642 757 ἐπὶ
2666 705 2759 757 τοῦ
2790 705 3119 775 παραθέντος
3148 716 3174 743 ι
3201 704 3349 767 ἔτους
3382 702 3546 773 αὐτὴν
3573 700 3924 772 προεκδοῦναι,

2386 796 2478 848 καὶ
2508 797 2655 866 παρὰ
2686 796 2793 849 τῶν
2820 796 3194 866 ἐργαζομένων
3231 796 3318 849 τὸν
3340 797 3559 849 ἐκείνων
3588 795 3614 833 δ
3656 795 3819 863 φόρον
3856 794 3925 847 τοῦ

2386 885 2537 948 ἔτους
2563 885 2821 954 ὲκλέγεινς
2853 886 2988 949 ἀλλ’,
3019 884 3203 955 ὥσπερ
3244 885 3397 954 ἔφην,
3450 886 3569 937 κατ’
3598 882 3797 936 οὐδένα
3831 882 3925 953 τρό-

2385 995 2503 1039 πον,
2522 979 2638 1030 οὐδὲ
2657 978 2764 1049 (69)
2780 978 2888 1030 τῶν
2902 978 3172 1041 τοιούτων,
3190 978 3429 1049 προνοίᾳ,
3438 978 3524 1047 μοὶ
3538 977 3718 1036 δοκεῖ,
3737 976 3827 1043 τῆς
3846 976 3927 1044 χώ-

2388 1085 2506 1139 ρας,
2538 1069 2864 1138 ἐκδέχονται.
2916 1068 3026 1138 Τῆς
3083 1067 3139 1121 δὲ
3196 1066 3595 1141 φιλανθρωπίας
3638 1064 3825 1117 αὐτῶν
3856 1066 3924 1115 καὶ

2384 1161 2539 1212 τοῦτο
2573 1160 2733 1229 μέγα,
2786 1159 2861 1222 ὼς
2906 1158 3138 1229 ἀληθῶς,
3175 1161 3417 1229 σημεῖον⁸
3458 1158 3608 1211 Ἐπεὶ
3658 1157 3771 1227 γὰρ
3802 1154 3926 1208 αὐτοὶ

2383 1248 2491 1301 τῶν
2517 1248 2689 1319 ἔργων
2735 1248 2939 1299 ἐκείνου
2980 1248 3071 1299 τοῦ
3106 1247 3256 1309 ἔτους
3285 1247 3549 1317 ἀνέχουσι,
3576 1248 3711 1309 τοὺς
3740 1246 3927 1314 γινομέ-

2384 1359 2503 1404 νους
2546 1342 2786 1411 καρποὺς
2813 1339 3139 1411 οὑκγοῖονται
3168 1340 3275 1391 δεέν
3303 1338 3590 1406 συλλέγειν,
3617 1338 3734 1391 οὐδ’
3768 1339 3927 1389 ἀποτί-

2386 1432 2592 1495 θεσθαι,
2632 1431 2705 1502 μὴ
2754 1433 2816 1483 ὲκ
2841 1431 2948 1483 τῶν
2971 1429 3181 1482 οἰκείων
3216 1430 3390 1483 πόνων
3431 1430 3721 1499 περιόντας
3749 1428 3922 1491 αὐτοῖς’

2382 1521 2516 1585 ἀλλ’,
2569 1521 2663 1574 ἆτε
2713 1520 2805 1573 τοῦ
2839 1519 2972 1573 Θεοῦ
3027 1519 3428 1593 παρεσχηκότος
3475 1520 3677 1581 αὐτοῖς,
3710 1517 3927 1584 ἀνιείσης

2381 1614 2468 1666 ἐπ’
2498 1612 2801 1683 αὐτομάτου
2850 1611 2948 1679 τῆς
2998 1611 3119 1681 γῆς,
3151 1612 3275 1674 τοὺς
3312 1609 3665 1681 βουλομένους
3702 1608 3925 1678 ἣδεομιίο

2382 1720 2504 1767 νους
2532 1700 2638 1756 τῶν
2664 1718 2723 1754 τε
2757 1701 3049 1771 ὁδοιπόρων
3082 1700 3175 1752 καὶ
3224 1699 3330 1775 τῷν
3373 1698 3543 1752 ἄλλων
3572 1696 3785 1760 ἀξιοῦσι
3811 1695 3925 1765 μετὰ

2380 1790 2561 1857 ἀδείας
2598 1775 2847 1863 χρῆσθαιί
2905 1794 3013 1845 Καὶ
3048 1792 3173 1861 περὶ
3207 1792 3302 1861 μὲν
3355 1790 3555 1841 τούτων
3608 1788 3731 1849 ἃλις
3763 1786 3927 1839 sorte

2381 1882 2489 1955 γὰρ
2518 1888 2637 1947 ταῖς
2694 1883 2945 1952 ἑϐδόμαις
2998 1883 3096 1955 ήδη
3149 1882 3237 1935 τὸν
3294 1881 3455 1951 νόμον
3508 1881 3692 1942 αὐτοῖς
3730 1877 3929 1947 στῆσαι..

713 1969 845 2022 anni
898 1968 1075 2025 facilis
1127 1980 1180 2027 et
1235 1976 1487 2045 expedita
1536 1978 1678 2032 ratio
1732 1986 1835 2043 est,
1880 1977 2095 2032 tametsi
2140 1976 2278 2031 forte

2381 1973 2550 2026 ταῦτα
2577 1971 2687 2044 (70)
2717 1974 2817 2026 οὐκ
2847 1973 2911 2025 ἂν
2932 1975 3030 2043 ἐμὲ
3052 1973 3397 2042 ἀπαιτήσαις,
3434 1969 3561 2033 ἴσως
3590 1966 3803 2021 πολλῶν
3828 1966 3925 2019 πολι

708 2059 1014 2118 dissimilis.
1060 2064 1171 2121 Nec
1207 2070 1352 2121 enim
1392 2084 1480 2132 eo,
1532 2070 1992 2139 quemadmodum
2049 2071 2281 2140 septimo

710 2152 804 2206 illo
834 2154 940 2219 die,
974 2156 1042 2208 ab
1073 2158 1222 2213 omni
1250 2173 1412 2226 opere
1458 2170 1675 2225 vacant,
1713 2160 1803 2214 scd
1842 2170 2039 2215 terram
2066 2161 2119 2214 in
2148 2175 2282 2215 con-

710 2254 1025 2314 sequentem
1052 2263 1254 2303 annum
1287 2252 1543 2315 otiosam,
1570 2251 1841 2305 uberioris
1871 2246 2163 2320 proventus
2184 2266 2277 2304 ex-

708 2339 1067 2407 spectatione,
1098 2342 1280 2409 jacere
1303 2345 1604 2412 patiuntur.
1641 2344 1867 2399 Multum
1896 2345 2040 2398 enim
2070 2345 2135 2398 ad
2173 2342 2274 2397 soli

708 2426 1042 2484 feracitatem
1089 2432 1351 2489 interesse
1392 2436 1653 2499 sentiunt,
1704 2443 1762 2488 ut
1817 2434 2113 2489 secundum
2170 2434 2276 2485 hoc

706 2521 907 2590 quietis
954 2522 1318 2592 intervallum,
1370 2536 1629 2595 sequente
1686 2527 1943 2594 deinceps
1985 2541 2129 2578 anno
2169 2524 2273 2578 coli

704 2607 889 2664 denuo
921 2611 1165 2682 incipiat,
1196 2630 1302 2668 non
1332 2625 1511 2668 autem
1550 2624 1611 2668 ut
1642 2616 1858 2669 assidua
1888 2623 1941 2667 et
1975 2613 2271 2667 continenti

713 2702 962 2758 aratione
987 2704 1276 2760 laceretur.
1304 2705 1461 2772 Quod
1488 2708 1662 2776 ipsum
1689 2707 1755 2760 ad
1788 2722 2076 2776 corporum
2108 2707 2269 2760 etiam

2386 2066 2542 2129 λάκις
2602 2067 2695 2118 καὶ
2738 2066 2955 2137 ἰατρῶν,
3002 2068 3095 2119 καὶ
3125 2065 3470 2135 φυσιολόγων,
3519 2062 3612 2116 καὶ
3644 2060 3923 2130 φιλοσόφων

2384 2157 2637 2228 ἀκηκοότι
2668 2167 2690 2195 ε
2720 2158 2845 2229 περὶ
2870 2157 2961 2209 τοῦ
2988 2156 3209 2226 ὲὸδόμου
3238 2155 3516 2226 πρότερον,
3565 2154 3631 2225 ἢν
3655 2155 3766 2223 ἄρα
3786 2150 3923 2203 δύνα-

2386 2265 2476 2318 μιν
2508 2248 2621 2319 ἔχει
2650 2248 2783 2319 πρός
2810 2266 2868 2300 τε
2906 2249 3003 2319 τὴν
3051 2247 3158 2301 τῶν
3211 2248 3553 2319 συμπάντων,
3594 2247 3689 2300 καὶ
3720 2246 3785 2315 δὴ
3811 2246 3923 2316 πρὶς

2383 2341 2481 2411 τὴν
2506 2340 2845 2412 ἀνθρωπείαν
2879 2340 3059 2409 φύσιν.
3108 2332 3274 2404 Οὗτος
3296 2342 3324 2392 ὁ
3348 2342 3446 2410 τῆς
3470 2340 3699 2409 ἑϐδόμης
3732 2337 3917 2405 λόγος.»

2382 2432 2629 2485 Τοσαῦτα
2665 2433 2811 2502 μὲνό
2836 2432 3028 2485 Φίλωνο
3084 2433 3240 2502 ὅμοια
3287 2432 3331 2484 δ’
3362 2431 3507 2501 αὐτῷ
3550 2431 3643 2484 καὶ
3685 2428 3922 2497 ἰὡσηιως

2380 2524 2582 2593 ἱστορεί
2604 2526 2661 2575 έν
2692 2523 2925 2594 δευτέρῳ
2960 2524 3365 2596 συγγράμματι,
3387 2517 3763 2590 ὦνπεποίηται
3794 2522 3914 2585 Περί

2378 2613 2487 2681 τῆς
2509 2633 2623 2667 των
2646 2615 2952 2669 Ἰουδαίων
2974 2617 3383 2685 ἀρχαιότητος,
3404 2614 3588 2668 τοῦτον
3610 2613 3829 2685 γράφων
3845 2612 3920 2664 καὶ

2375 2707 2533 2769 αὐτὸς
2558 2708 2649 2761 τὸν
2680 2707 2898 2777 τρόπον.

712 2796 1025 2851 ﬁrmitatem
1062 2809 1114 2853 et
1158 2799 1324 2854 robur
1368 2800 1548 2853 valere
1615 2802 2019 2870 cognoscimus,
2064 2815 2187 2853 cum
2259 2813 2351 2852 eas
2390 2800 2842 2867 intermissiones,
2891 2809 2945 2855 et
2984 2816 3013 2855 a
3052 2800 3381 2871 quntidianis
3431 2797 3800 2855 [unctionibus
3840 2814 3925 2852 va-

707 2886 975 2953 cationes,
1032 2904 1143 2943 non
1194 2898 1403 2944 tantum
1465 2891 1788 2945 valetudinis
1852 2907 2014 2945 causa
2080 2891 2271 2944 medici
2312 2891 2631 2959 praecipiant
2686 2908 2699 2944 :

2770 2891 2915 2961 quod
2951 2894 3241 2947 assiduitas
3269 2892 3448 2946 omnis
3481 2907 3545 2946 ac
3572 2902 3824 2962 perpetua
3852 2892 3917 2945 si-

702 2977 975 3044 militudo,
1007 2996 1071 3033 ac
1099 2983 1396 3049 praesertim
1437 2997 1685 3051 operum,
1755 2982 2065 3036 detrimenti
2136 2981 2339 3049 aliquid
2381 2981 2573 3037 aﬂ'erre
2618 2984 2977 3038 consueverit.
3026 2985 3200 3054 Atque
3245 2994 3301 3037 ut
3344 2985 3583 3053 ipsorum
3618 2986 3803 3039 hocin
3840 3000 3915 3053 ge-

702 3085 831 3125 nere
864 3074 1153 3127 consilium
1205 3086 1525 3143 argumento
1568 3076 1799 3129 certiore
1870 3082 2124 3127 constet:
2159 3075 2387 3127 exsistat
2452 3074 2591 3128 forte
2627 3091 2736 3130 non
2804 3093 2984 3143 nemo,
3043 3078 3136 3148 qui
3186 3076 3330 3130 anno
3375 3077 3631 3147 septimo,
3683 3088 3735 3134 et
3779 3090 3921 3132 suam

702 3161 812 3215 illis
844 3161 977 3229 ipsis
1007 3164 1152 3231 agris
1188 3165 1362 3217 multo
1426 3180 1587 3233 quam
1625 3175 1750 3218 ante
1814 3165 2127 3233 diligentius
2196 3166 2435 3221 colendis
2501 3182 2745 3237 Operam,
2782 3178 2835 3223 et
2865 3186 3041 3223 messe
3086 3179 3259 3224 tamen
3304 3169 3509 3239 integra
3550 3185 3669 3225 sese
3708 3170 3773 3224 iis
3812 3182 3915 3222 ces-

704 3267 892 3307 surum
927 3252 1282 3320 polliceatur:
1326 3254 1468 3307 hanc
1498 3255 1572 3306 illi
1602 3253 2275 3323 conditionem-nunquam
2318 3256 2642 3323 acceperint,-
2676 3256 2873 3326 quippe
2936 3258 3028 3327 qui
3062 3274 3092 3311 a
3122 3258 3397 3312 laboribus
3464 3259 3565 3312 soli
3603 3273 3791 3312 vacare
3830 3270 3917 3309 no-

702 3345 803 3398 lint
843 3344 1009 3417 (quod
1058 3352 1266 3412 tamen}
1286 3347 1332 3401 si
1378 3346 1637 3410 facerent,
1688 3345 1885 3397 mirum
1935 3344 2134 3397 nemini
2202 3344 2325 3412 jure
2396 3344 2711 3415 videretur),
2758 3346 2852 3401 sed
2897 3348 3074 3415 ipsum
3115 3362 3331 3417 quoque
3375 3348 3548 3403 solum
3598 3350 3653 3403 in
3701 3348 3916 3419 aliquam

701 3438 1043 3493 induciarum
1117 3440 1424 3509 quietisque
1481 3448 1687 3508 partem
1732 3436 2034 3492 vocandum
2090 3436 2421 3501 existiment,
2482 3448 2541 3491 ut
2612 3452 2809 3491 novum
2842 3439 3096 3507 deinceps
3128 3440 3357 3495 culturae
3416 3441 3661 3496 laborem
3718 3440 3915 3495 suavius

704 3531 1028 3601 faciliusque
1071 3532 1326 3601 patiatur.
1372 3533 1508 3587 Nam
1538 3534 1583 3589 si
1620 3550 1682 3587 ea
1710 3546 1873 3588 causa
1935 3547 2043 3587 non
2109 3531 2351 3593 suberat,
2391 3530 2619 3599 quidni,
2664 3546 2761 3600 per
2807 3531 2972 3585 Deum
3020 3532 3413 3597 immortalem,
3469 3535 3648 3589 solum
3693 3535 3792 3588 hoc
3816 3532 3917 3586 aliis

701 3627 981 3692 superiore
1010 3643 1153 3681 anno
1183 3629 1443 3690 locarent,
1490 3638 1651 3698 atque
1684 3629 1753 3682 ab
1783 3629 1962 3697 cperis
2022 3633 2194 3679 totum
2253 3625 2403 3678 illum
2466 3625 2851 3693 consequentis
2913 3624 3150 3680 fructum
3168 3640 3221 3681 et
3241 3638 3568 3698 proventum
3593 3625 3918 3698 acciperent!

699 3720 859 3791 361
902 3718 1191 3785 Nimirum,
1224 3735 1321 3789 pro
1359 3736 1420 3773 ea
1468 3722 1665 3785 solum,
1708 3727 1768 3773 ut
1810 3726 1936 3774 ante
1964 3717 2109 3784 dixi,
2162 3732 2268 3786 qua
2308 3724 2507 3769 terram
2543 3716 2714 3785 ipsam
2747 3727 3183 3787 prosequuntur,
3251 3734 3379 3774 cura
3446 3736 3510 3774 ac
3539 3720 3757 3784 studio,
3801 3718 3914 3772 nihil

702 3815 920 3878 horum,
952 3820 1011 3866 ut
1038 3812 1167 3866 mihi
1200 3814 1418 3881 quidem
1475 3813 1709 3877 videtur,
1744 3813 1855 3866 ullo
1880 3812 2042 3866 modo
2106 3811 2336 3883 probare
2374 3818 2624 3877 possunt.
2677 3809 2755 3862 Ac
2782 3811 3111 3880 praacipuum
3161 3810 3432 3880 quoddam
3469 3810 3601 3863 illud
3632 3820 3755 3876 est,
3786 3810 3912 3879 quod

701 3906 994 3975 sequitur,
1046 3921 1237 3961 eorum
1302 3906 1656 3961 humanitatis
1700 3905 2111 3961 documentum.
2188 3904 2456 3970 Quoniam
2523 3902 2666 3955 enim
2703 3905 2933 3972 septimo
2997 3905 3087 3958 illo
3120 3919 3262 3957 anno
3294 3902 3626 3961 vacaverint,
3677 3917 3791 3971 qua
3833 3913 3911 3969 per

698 4014 820 4056 sese
845 4000 1026 4069 fruges
1052 4000 1377 4068 exstiterint,
1407 4016 1501 4056 eas
1543 4002 1679 4068 sibi,
1710 4000 1855 4071 quod
1887 4000 2035 4053 nullo
2095 4015 2196 4055 suo
2249 3997 2433 4054 labore
2502 3998 2865 4064 provenerint,
2896 4013 2994 4053 nec
3022 3998 3296 4050 metendas
3322 3993 3443 4063 ipsi,
3476 4009 3577 4049 nec
3641 3994 3911 4049 reconden-

699 4088 799 4146 das
824 4094 1193 4147 arbitrantur:
1220 4094 1313 4148 sed
1340 4095 1535 4148 divina:
1592 4094 1910 4163 benignitati
1974 4093 2340 4148 voluntarium
2381 4090 2525 4144 hunc
2562 4098 2716 4144 terra:
2745 4100 2957 4159 partum
3010 4089 3344 4158 assignantes
3369 4124 3383 4149 ,
3413 4085 3664 4154 quemvis
3705 4101 3801 4146 eo,
3833 4098 3910 4138 seu

699 4186 874 4239 viator
901 4187 1006 4251 ille,
1041 4202 1133 4241 seu
1165 4187 1389 4257 quilibet
1415 4188 1553 4241 alius
1590 4187 1769 4251 fuerit,
1802 4201 1898 4255 pro
1964 4186 2190 4239 arbitrio
2257 4184 2340 4237 vel
2382 4183 2560 4253 in0pia
2591 4198 2783 4237 secure
2815 4183 2891 4235 uti
2937 4182 3163 4261 libenter
3190 4179 3413 4232 omnino
3442 4179 3739 4248 patiuntur.
3775 4178 3937 4243 Atde.

700 4278 787 4333 his
857 4281 1018 4333 modo
1086 4284 1239 4337 satis.
1289 4281 1422 4335 Nam
1458 4282 1601 4351 quod
1655 4284 1755 4335 ista
1806 4284 1889 4337 lex
1936 4282 1989 4334 in
2044 4282 2333 4351 septimum
2374 4292 2642 4347 quemque
2689 4276 2829 4330 diem
2877 4275 3216 4345 potissimum
3265 4271 3587 4340 imperarit,
3637 4272 3792 4343 hujus
3844 4269 3903 4324 rei

697 4385 943 4435 causam,
970 4373 1181 4440 Opinor,
1212 4389 1277 4427 ex
1309 4390 1393 4427 me
1425 4391 1529 4428 non
1560 4378 1827 4445 requiras,
1858 4378 1947 4445 qui
1982 4376 2119 4430 forte
2185 4376 2297 4444 jam
2338 4391 2367 4428 ει
2397 4373 2640 4443 pluribus
2674 4370 2756 4425 vel
2787 4370 3031 4435 medicis,
3084 4368 3167 4423 vel
3220 4366 3565 4437 physiologis,
3615 4368 3698 4420 vel
3761 4366 3909 4436 philo-

698 4463 888 4537 sophis
918 4478 1288 4531 saepenumero
1314 4466 1573 4529 audieris,
1605 4480 1843 4535 quantus
1917 4484 2176 4521 numerus
2234 4469 2335 4521 iste
2374 4467 2712 4535 septenarius
2752 4482 2875 4519 cum
2924 4465 2979 4517 in
3023 4472 3339 4517 cancrorum
3389 4461 3657 4524 omnium,
3714 4469 3815 4512 tum
3864 4454 3905 4507 in

696 4552 939 4611 hominis
969 4572 1183 4625 quoque
1214 4567 1462 4610 naturam
1492 4557 1636 4612 vires
1699 4558 1958 4611 obtineat.
1994 4556 2118 4610 Hazc
2144 4559 2309 4627 igitur
2350 4557 2569 4611 Salibati
2596 4558 2735 4610 ratio
2766 4556 2891 4619 fuit.
2928 4575 2945 4605 ι
2978 4554 3153 4623 Atque
3216 4552 3475 4607 hactenus
3507 4550 3681 4607 Philo.
3713 4548 3905 4605 Gemina

696 4655 845 4714 sunt,
881 4662 1001 4718 quae
1029 4648 1164 4702 libro
1200 4647 1278 4700 De
1326 4646 1637 4702 Judworum
1690 4652 2007 4720 antiquitate
2035 4652 2273 4705 secundo
2310 4649 2577 4719 Iosephus
2612 4652 2698 4704 his
2724 4650 2904 4705 verbis
2938 4653 3342 4702 commemorat.

1287 4739 1516 4795 CAPUT
1555 4741 1687 4795 Vill.

854 4830 937 4886 Ea:
960 4833 1187 4903 Jorepho
1216 4836 1281 4889 de
1308 4834 1556 4890 Mosaicae
1601 4835 1899 4905 reipublij
1928 4835 2119 4904 forma.

770 4989 925 5045 dam
951 5008 1098 5057 vero,
1138 4998 1313 5065 inquit
1350 4997 1457 5061 ille,
1491 4998 1583 5066 qui
1650 4996 1865 5051 tandem
1898 5011 1964 5050 ex
2009 4993 2265 5049 omnibus

690 5093 749 5141 et
796 5084 1242 5155 perfectissimam
1279 5088 1453 5157 legum
1506 5092 1774 5143 rationem
1826 5089 2167 5152 instituerit,
2214 5096 2269 5140 et

728 5213 878 5273 ιηιη
920 5201 1298 5273 παρελθόντος.
1376 5203 1404 5241 1³
1444 5204 1528 5258 τσ.
1558 5204 1787 5257 ἐκείνου.

790 5316 878 5388 69)
917 5317 1087 5373 owe.
1119 5316 1248 5385 Leg.
1271 5315 1579 5388 ,οὐδὲνὲοιιιιι
1607 5316 1702 5374 alt.
1738 5333 2019 5375 manuscr.

824 5386 877 5459 0)
908 5388 1153 5456 Στῆσαι,
1187 5386 1391 5441 ταῦτα.
1413 5386 1701 5459 γϐοηῇυηεο
1729 5392 1830 5452 sic,
1856 5390 2049 5459 στῆσαι
2075 5386 2263 5443 ταῦτα.

698 5455 791 5531 [τιεί
817 5455 993 5531 autem
1017 5455 1207 5531 brevis
1234 5466 1290 5511 et
1317 5458 1493 5531 Attica
1520 5455 1693 5531 oratiu
1728 5478 1740 5513 :
1774 5475 1871 5531 pro
1904 5455 1989 5529 ἐφ’
2020 5462 2127 5531 ὅτῳ
2157 5458 2266 5528 γὰρ

696 5525 839 5599 ἇνε.
866 5527 999 5599 μή.
1035 5527 1691 5599 όίνόμοςίαὺτοῖςστήσαι
1724 5525 1913 5582 ταῦτα.

769 5594 882 5665 (7i)
924 5594 1226 5667 Ἰωσήπου.
1253 5598 1436 5652 Locus
1484 5594 1839 5667 hic'Josephi
1881 5609 2059 5656 exstat
2100 5598 2195 5653 lib.
2228 5612 2265 5649 ιι

699 5677 882 5739 antra
910 5665 1182 5739 Apicium,
1215 5684 1337 5739 pag.
1372 5667 1503 5739 1071
1538 5667 1668 5721 edit.
1702 5665 2043 5739 (lugeo-Lat.

771 5735 881 5857 (7Ξῖ
908 5738 1017 5789 Καὶ
1045 5738 1157 5807 τῆς
1202 5735 1598 5819 δικαιοτάτης,
1642 5746 1744 5816 et_c.
1774 5736 1972 5796 Excus.
2018 5738 2263 5807 lose.th

773 5810 794 5857 ἱ
827 5824 854 5857 τ
882 5824 907 5857 c
940 5809 968 5857 ὁ
992 5806 1301 5857 δικαιότατα
1327 5810 1455 5857 moi.
1488 5825 1583 5857 τηε
1616 5824 1707 5857 του
1737 5808 1799 5857 Θ.
1823 5808 2110 5857 lntemres.
2136 5809 2263 5857 obs-

700 5806 907 5879 zalfriq
940 5806 1301 5879 όδικαιότατα
1327 5810 1455 5873 περὶ
1488 5810 1583 5879 τῆς
1616 5807 1707 5859 τοῦ
1737 5808 1799 5861 Θ.
1823 5808 2110 5879 lnterpres,
2136 5806 2264 5862 Obs-

700 5878 912 5945 curius,
938 5873 1040 5941 Qui
1064 5878 1357 5946 justissima
1385 5882 1444 5933 de
1482 5873 1575 5932 Dei
1604 5879 1709 5945 fide
1734 5873 2084 5947 cognoverint.
2126 5880 2269 5931 Ἐπι-

2898 4738 3291 4793 ΚΕΦΑΛΑΙΟΝ
3330 4741 3410 4793 H'.

2386 4833 2683 4917 Ἰωσήπου
2749 4832 2859 4902 (7i)
2902 4830 3030 4898 περὶ
3079 4832 3183 4884 τοῦ
3233 4832 3380 4886 κατὰ
3404 4828 3621 4885 Μωσέα
3661 4824 3899 4880 10.1mm!-

3050 4919 3253 4973 ματος.

2452 5015 2470 5046 ‹
2493 4995 2587 5059 Τίς
2621 4995 2666 5048 δ’
2693 4990 2761 5065 ἦν
2801 4996 2829 5047 ό
2885 4996 3116 5064 μάλιστα
3166 4992 3511 5066 κατορθώσας
3544 4992 3669 5053 τοὺς
3717 4989 3898 5060 νόμουςρ

2373 5088 2468 5141 καὶ
2499 5088 2596 5157 τῆς
2618 5087 2958 5157 δικαιοτάτης
2990 5087 3100 5157 (72)
3134 5087 3260 5157 περὶ
3292 5083 3381 5136 τοῦ
3403 5080 3537 5135 Θεοῦ
3569 5082 3794 5145 πίστεως
3813 5082 3904 5131 iiu-

1873 5215 1895 5242 ε
1933 5222 2053 5273 το,
2094 5201 2365 5272 ἀκηκοώς.

2366 5314 2655 5397 τυγχάνειν
2698 5316 2859 5379 τινός,
2890 5315 2971 5368 vel
3004 5314 3128 5397 περί
3149 5327 3329 5397 τινος,
3360 5320 3442 5366 est
3471 5312 3764 5397 conjectura
3790 5327 3896 5397 asar-

2370 5382 2619 5455 quifrem
2652 5396 2884 5455 tangere,
2916 5382 3250 5453 quodetiam
3281 5382 3659 5455 ἐπιτυγχάνειν
3690 5384 3895 5455 absolute

2370 5450 2569 5510 dicitur
2605 5470 2619 5510 :
2659 5450 2896 5519 Gallice,
2934 5450 3251 5505 'rencontrer.
3302 5450 3580 5508 Plutarch.
3619 5456 3673 5508 in
3706 5450 3891 5509 Pericle.

2368 5528 2458 5579 ubi
2494 5528 2559 5580 de
2592 5536 2803 5581 ostento
2832 5522 3065 5591 quodam
3098 5523 3415 5590 explicando
3438 5525 3677 5592 loquitur
3706 5540 3719 5574 :
3758 5521 3889 5592 ’Extb-

2367 5596 2458 5660 λυε
2505 5596 2547 5649 δ’
2570 5598 2743 5666 οὐδὲν,
2778 5588 2869 5647 καὶ
2884 5594 2972 5666 τὸν
2997 5588 3216 5666 φυσικόν
3238 5588 3651 5666 ἐπιτυγχάνειν,Δ
3697 5592 3781 5643 καὶ

2370 5668 2579 5735 μάντιν·
2628 5660 2735 5719 τοῦ
2769 5660 3224 5735 μὲνμτὴναίτίαν,
3259 5664 3352 5717 τοῦ
3393 5660 3725 5735 δὲῆτὸᾲτέλος
3750 5660 3891 5735 καλῶς

2367 5731 2815 5807 ἐκλαμϐάνοντος.
2840 5732 2986 5807 Fieri
3015 5743 3453 5807 auteAmgpoterat,
3488 5732 3563 5785 uti
3592 5743 3641 5786 et
3674 5731 3889 5807 physitus

2365 5821 2418 5861 et
2442 5802 2588 5861 vates
2621 5822 2728 5858 rem
2759 5806 3077 5872 attingerent
3098 5802 3320 5873 (Gallice
3348 5810 3765 5873 remeatremeat
3784 5802 3889 5873 biga)

2367 5881 2536 5933 altero
2590 5877 2665 5932 rei
2721 5868 2976 5941 causam,
3026 5868 3192 5931 altero
3241 5874 3399 5929 ﬁnem
3448 5872 3769 5941 assignatus.
3816 5868 3887 5923 llic
