3988 6340
675 378 781 434 615

1309 373 1573 430 EUSFBlI
1614 373 2104 432 CASSARIENSIS
2142 373 2294 431 OPP.
2329 373 2519 430 PARS
2555 373 2616 427 Il.
2667 400 2737 414 --
2773 369 3268 428 APOLOGETICA.

3811 374 3908 429 616

681 483 885 554 aliquid
930 496 1114 537 earnm
1166 480 1491 536 labefactare
1534 493 1842 548 conantur,
1897 499 1927 535 a
1977 481 2237 548 singulari

2349 481 2446 553 γὰρ
2483 483 2726 536 ἐπόπται
2747 484 2960 535 πάντων
2984 483 3078 535 καὶ
3105 481 3354 534 δικασταὶ
3378 481 3488 534 τῶν
3541 483 3904 556 ἀμφισϐητου-

681 574 975 644 prudentiae
1008 573 1056 626 vi
1078 571 1404 639 solertiaque
1430 574 1835 626 commendant.
1871 571 1981 626 Nos
2006 582 2195 626 contra
2224 613 2238 635 ,

680 682 843 720 unam
877 666 1015 718 hanc
1045 673 1100 718 et
1128 665 1490 734 prudentiam,
1521 673 1574 717 et
1606 665 1857 717 virtutem
1885 679 2004 719 esse
2048 663 2242 716 statui-

679 773 821 822 mus,
855 756 990 809 nihil
1019 758 1242 810 omnino
1272 757 1415 824 quod
1443 771 1566 808 cum
1612 757 1820 824 legibus
1852 766 1976 809 ante
2021 755 2244 809 sancitis

679 863 900 916 quoquo
950 846 1115 900 modo
1163 856 1383 916 pugnet,
1429 855 1528 900 aut
1582 847 1853 911 invehere,
1899 856 1993 900 aut
2042 845 2241 900 moliri.

680 941 836 1008 Quod
867 956 998 995 sane
1025 949 1343 1009 argumento
1367 941 1670 994 certissimo
1699 952 1799 1004 est,
1829 941 2030 1010 optime
2058 941 2246 995 condi-

685 1041 797 1088 tam
833 1032 974 1085 hanc
1003 1032 1172 1085 fuisse
1209 1031 1400 1100 legem.
1433 1030 1564 1096 Qua:
1597 1033 1744 1086 enim
1797 1047 1955 1086 secus
2002 1033 2246 1085 instituta

685 1133 833 1186 sunt,
864 1138 926 1176 ea
953 1138 1079 1176 vero
1103 1124 1437 1178 correctione
1466 1125 1724 1194 indigere,
1748 1125 2080 1193 experientia
2105 1140 2249 1178 com-

683 1215 964 1284 probatur.
998 1217 1066 1268 At
1094 1231 1215 1278 uos,
1253 1215 1344 1283 qui
1379 1215 1521 1270 hanc
1551 1216 1781 1284 primum
1815 1217 1985 1284 legem
2015 1231 2080 1268 ex
2113 1215 2248 1269 divi-

683 1325 767 1364 me
789 1309 1084 1363 voluntatis
1110 1310 1334 1362 arbitrio
1386 1311 1549 1363 latam
1579 1309 1746 1363 fuisse
1783 1311 2055 1363 credimus
2074 1350 2094 1375 ,
2128 1324 2247 1362 eam

684 1399 942 1467 deinceps
970 1399 1172 1453 violare
1219 1401 1336 1453 sine
1378 1399 1654 1468 impietate
1687 1415 1792 1454 non
1841 1416 2150 1470 possumus.
2186 1397 2252 1451 Et

685 1502 836 1554 vero,
871 1489 999 1556 quid
1045 1489 1257 1543 tandem
1289 1497 1382 1541 aut
1413 1505 1476 1542 ex
1515 1505 1578 1542 ea
1619 1501 1829 1543 mutare
1880 1491 2003 1559 quis
2035 1490 2247 1559 possit,

687 1586 784 1632 aut
835 1578 1144 1648 excogitare
1192 1580 1405 1645 melius,
1443 1587 1536 1632 aut
1565 1579 1633 1631 ab
1680 1580 1801 1633 aliis
1845 1579 2252 1634 convenientius

689 1672 974 1725 mutuari?
1024 1670 1161 1724 Num
1203 1670 1346 1724 forte
1391 1687 1559 1742 genus
1598 1670 1773 1725 insunt
1822 1672 2031 1740 reipub.
2078 1682 2250 1725 totum

684 1761 1043 1815 immutabit?
1082 1762 1150 1815 At
1199 1761 1470 1830 quodnam
1497 1803 1512 1827 ,
1562 1761 1810 1825 obsecro,
1860 1762 2029 1831 possit
2071 1776 2137 1814 eo
2165 1763 2250 1814 vel

689 1854 884 1908 melius
920 1853 1004 1906 vel
1049 1853 1258 1922 aequius
1306 1853 1558 1916 institui,
1613 1854 1758 1922 quod
1810 1852 1976 1906 Deum
2027 1854 2241 1922 quidem
2274 1835 2318 1892 Β

689 1961 871 1997 rerum
899 1944 1274 1998 universarum
1307 1943 1695 1998 moderatorem
1723 1945 2033 2008 constituat,
2066 1959 2250 1998 sacer-

682 2034 843 2088 dotes
878 2049 1006 2088 vero
1035 2034 1106 2088 ita
1130 2035 1357 2103 publica!
1390 2035 1748 2088 maximorum
1788 2035 2122 2103 negotiorum
2153 2035 2248 2088 ad-

689 2127 1080 2180 ministrationi
1129 2126 1385 2194 praeﬁciat
1411 2167 1425 2191 ,
1463 2134 1521 2178 ut
1552 2125 1656 2179 illis
1688 2126 1821 2194 ipsis
1876 2125 2248 2179 sacerdotibus

692 2233 965 2277 Summum
998 2220 1238 2273 omnium
1289 2218 1594 2287 pontiﬁcem
1631 2232 1863 2285 praeesse
1897 2217 2070 2270 velit?
2101 2218 2250 2270 Adde

682 2310 832 2377 quod
865 2310 1081 2364 eosdem
1115 2310 1184 2363 ab
1216 2309 1334 2377 ipso
1360 2308 1470 2377 jam
1504 2307 1656 2360 initio
1682 2308 1977 2376 legislator,
2013 2323 2118 2361 non
2150 2323 2250 2376 pro

688 2419 893 2457 census
939 2402 1329 2471 magnitudine,
1353 2407 1447 2454 aut
1486 2401 1714 2453 aliarum
1747 2399 2014 2468 ejusmodi
2043 2404 2246 2465 rerum,

690 2508 854 2562 quam
901 2491 1114 2545 fortuna
1160 2490 1443 2561 pepererit,
1499 2491 1678 2560 copia,
1731 2491 1783 2543 in
1829 2498 1979 2544 tanto
2027 2489 2249 2544 honoris

689 2584 860 2650 gradu
896 2582 1145 2636 collocari
1177 2582 1408 2636 voluerit
1436 2600 1450 2647 ;
1485 2582 1579 2636 sed
1612 2581 1680 2634 iis
1710 2581 1991 2645 duntaxat,
2020 2582 2111 2650 qui
2139 2595 2246 2635 ἐε-

691 2688 819 2725 cum
848 2673 968 2726 aliis
994 2672 1186 2740 partim
1211 2671 1472 2726 orationis
1493 2671 1562 2734 vi,
1590 2672 1784 2740 partim
1808 2673 1969 2725 etiam
2000 2673 2251 2740 aequitate

691 2778 905 2816 morum
941 2762 1227 2828 anteirent,
1271 2763 1436 2817 divini
1470 2763 1651 2817 cultus
1683 2763 1973 2840 religiones
2009 2763 2251 2831 ritusque

693 2854 1048 2908 commiserit.
1085 2852 1140 2907 ld
1170 2855 1314 2922 quod
1363 2868 1493 2906 sane
1539 2853 1605 2906 ad
1649 2860 1985 2906 accuratam.
2013 2861 2066 2908 et
2118 2852 2250 2930 legis

691 2946 887 3014 ipsius,
917 2953 970 2999 et
996 2945 1331 3012 reliquorum
1363 2942 1730 2997 institutorum
1764 2943 2247 3008 conservationem,

693 3036 936 3090 maxime
965 3035 1268 3104 pertinebat
1301 3052 1312 3086 :
1341 3049 1467 3087 cum
1495 3042 1547 3086 et
1577 3035 1770 3088 summi
1795 3034 2033 3087 omnium
2062 3036 2251 3103 quaesi-

2348 575 2540 643 μένων,
2566 577 2658 628 καὶ
2687 575 2944 628 κολασταὶ
2986 573 3092 626 τῶν
3145 574 3609 645 κατεγνωσμένων
3657 579 3706 628 οἱ
3759 580 3907 648 tepet;

2345 667 2665 737 ἐτάχθησαν.
2703 667 2798 729 Τίς
2843 666 2907 719 ἂν
2960 661 3050 718 οῦν
3082 664 3222 735 ἁρχὴ
3283 666 3490 733 γένοιτο
3521 667 3729 738 ταύτης
3757 671 3902 721 65m-

2343 757 2510 828 τέρα;
2547 759 2642 821 Τίς
2671 758 2726 809 δὲ
2750 757 2882 827 τιμὴ
2929 756 3049 826 Θεῷ
3081 756 3275 826 μᾶλλον
3306 756 3663 826 ἁρμόζουσα;
3716 760 3905 821 παντὸς

2349 849 2446 919 μὲν
2478 849 2570 900 τοῦ
2635 848 2870 918 πλήθους
2917 848 3418 916 κατεσκευασμένου
3450 848 3588 918 πρὸς
3643 851 3743 920 τήν
3766 852 3902 904 εὐσέ-

2346 940 2517 1004 ϐειαν,
2548 939 2819 1010 ἐξαίρετον
2873 939 2929 990 δὲ
2981 939 3079 1008 τὴν
3109 939 3420 1007 ἐπιμέλειαν
3459 940 3566 993 τῶν
3596 941 3789 1010 ἱερέων
3820 959 3904 993 πε-

2348 1031 2734 1100 πιστευμένων,
2767 1028 2955 1097 ῶσπερ
3013 1027 3070 1080 δὲ
3109 1028 3296 1097 τελετή
3353 1031 3467 1080 ἐστι
3521 1030 3596 1100 (2)
3638 1030 3744 1099 τῆς
3792 1031 3902 1100 ὅλης

2347 1120 2616 1182 πολιτείας
2665 1118 3134 1188 οἱκονομουμένης.
3177 1120 3244 1169 Ἀ
3277 1118 3384 1189 γὰρ
3443 1119 3638 1187 ὀλίγων
3697 1122 3903 1192 ἡμερῶν

2345 1213 2573 1283 ἀριθμὸν
2597 1210 3004 1280 ἐπιτηδεύοντες
3043 1210 3166 1264 ἄλλο
3199 1210 3274 1279 (5)
3323 1209 3610 1277 φυλάττειν
3641 1212 3706 1263 οὐ
3729 1211 3892 1266 δύνειν

2346 1321 2456 1364 ται,
2495 1306 2764 1373 μυστήρια
2817 1303 2910 1355 καὶ
2954 1301 3171 1364 τελετὰς
3226 1302 3707 1372 ἐπονομάζοντες,“
3744 1304 3902 1356 ταῦτα

2353 1395 2488 1464 μετὰ
2512 1395 2708 1464 πολλῆς
2735 1394 2922 1463 ἡδονῆς
2947 1394 3039 1454 καὶ
3067 1392 3288 1463 γνώμης
3328 1393 3660 1462 ἀμεταθέτου
3697 1394 3771 1462 (4)
3811 1411 3899 1461 cpu-

2349 1483 2611 1553 λάττομεν
2634 1487 2793 1553 ἡμεῖς
2821 1483 2908 1536 διὰ
2932 1483 3024 1535 τοῦ
3055 1483 3252 1544 παντὸς
3272 1482 3483 1545 αἰῶνος.
3520 1483 3677 1545 Τίνες
3698 1479 3791 1536 οὖν
3837 1486 3903 1536 εί.

2353 1593 2435 1628 σιν
2467 1578 2520 1627 αί
2553 1577 2880 1646 προρρήσεις
2909 1575 3003 1627 καὶ
3031 1575 3454 1645 προαγορεύσεις
3486 1575 3596 1646 (5);
3643 1577 3898 1631 Ἀπλαῖτε

2351 1670 2444 1721 καὶ
2473 1667 2754 1737 γνώριμοι.
2783 1666 2980 1737 Πρώτη
3010 1666 3054 1717 δ’
3084 1668 3296 1736 ήγεῖται
3327 1664 3401 1736 (6)
3431 1668 3463 1735 ή
3497 1666 3622 1736 περὶ
3652 1667 3790 1720 Θεοῦ
3822 1668 3898 1721 λέ.

2352 1776 2538 1826 γουσα·
2585 1759 2716 1820 Θεὸς
2773 1757 2886 1826 ἔχει
2931 1758 2999 1808 τὰ
3031 1757 3339 1826 σύμπαντα,
3380 1760 3644 1830 παντελὴς
3671 1762 3765 1814 καὶ
3807 1780 3894 1832 μα-

2347 1850 2552 1920 κάριος,
2579 1849 2736 1910 αὐτὸς
2766 1847 2939 1918 ἐαυτῷ
2971 1850 3064 1900 καὶ
3092 1849 3256 1901 πᾶσιν
3296 1850 3593 1921 αὐτάρκης,
3623 1853 3788 1924 ἀρχὴ,
3818 1855 3898 1907 καὶ

2349 1941 2509 2010 μέση,
2557 1941 2649 1992 καὶ
2674 1940 2823 2001 τέλος
2851 1940 3064 1992 πάντων
3083 1932 3256 2003 οὗτος·
3295 1939 3473 2010 ἔργοις
3506 1944 3602 2012 μὲν
3629 1945 3724 1997 κα)⁸
3752 1945 3892 2016 κάρ-ι-

2347 2048 2429 2081 σιν
2483 2031 2733 2099 ἐναργὴς,
2783 2031 2874 2083 καὶ
2917 2031 3113 2093 παντὸς
3163 2031 3467 2086 οὐτινοσοῦν
3515 2035 3891 2106 φανεῴπερος,

2349 2127 2558 2198 μορφὴν
2592 2127 2761 2179 δὲκαὶ
2794 2125 3018 2196 μέγεθος
3041 2128 3168 2196 ἡμῖν
3203 2125 3587 2196 ἀφανέστατος.
3624 2131 3778 2183 Πᾶσα
3809 2132 3893 2200 μὲν

2347 2219 2445 2288 ὐλη
2471 2218 2603 2287 πρὸς
2633 2217 2939 2288 εἰκόνατήν
2969 2218 3179 2281 τούτου,
3225 2219 3325 2273 κᾶν
3453 2219 3768 2292 πολυτελὴς,
3797 2223 3895 2274 ἄτι-

2351 2326 2464 2379 μος·
2486 2311 2632 2361 πᾶσα
2661 2309 2715 2359 δὲ
2743 2309 2903 2378 τέχνη
2935 2309 3069 2378 πρὸς
3103 2313 3381 2381 μιμήσεως
3407 2312 3644 2364 ἐπίνοιαν
3665 2313 3890 2383 ἄτεχνος·

2346 2399 2496 2451 οὐδὲν
2554 2400 2736 2467 ὅμοιον
2782 2398 2892 2450 οὐτ’
2924 2399 3263 2468 ἐπινοοῦμεν,
3315 2397 3426 2454 οὐτ’
3476 2400 3716 2466 εἰκάζειν
3763 2403 3891 2455 ἐστὶν

2347 2492 2510 2544 ὅσιον.
2540 2492 2715 2561 Ἔργα
2785 2490 3049 2559 βλέπομεν
3093 2487 3274 2550 αὐτοῦ,
3310 2490 3443 2558 φῶς,
3500 2491 3750 2561 οὐρανὸν,
3783 2489 3888 2559 γῆν,

2345 2581 2493 2650 ἥλιον
2525 2582 2615 2632 καὶ
2646 2581 2888 2651 σελήνην,
2956 2579 3120 2633 ὕδατα
3154 2579 3250 2648 (7),
3284 2576 3435 2643 ζὼων
3487 2580 3748 2648 γενέσεις,
3774 2597 3889 2651 κάρ*

2347 2669 2462 2723 πῶν
2492 2669 2787 2733 ἀναδόσεις.
2814 2669 2995 2723 Ταῦτα
3019 2672 3045 2722 ό
3077 2671 3207 2733 Θεὸς
3237 2669 3489 2739 ἐποίησεν
3515 2669 3575 2722 οὐ
3607 2673 3813 2741 χερσὶν,
3841 2669 3890 2723 οὐ

2348 2759 2545 2822 πόνοις,
2589 2758 2647 2810 οὐ
2680 2776 2838 2811 τινων
2883 2759 3267 2830 ἐργασαμένων
3318 2757 3392 2828 (8)
3440 2758 3760 2830 ἐπιδεήθεὶς,
3791 2759 3888 2811 ἀλλ’

2348 2851 2512 2905 αὐτοῦ
2563 2850 2699 2922 καλὸν
2752 2837 3090 2920 θελήσαντος,
3138 2849 3313 2914 καλῶς
3359 2846 3426 2920 ἦν
3477 2851 3637 2913 εὐθὺς
3687 2850 3888 2919 γεγονό-

2347 2959 2414 2994 τα
2447 2941 2541 3011 (9).
2566 2941 2747 3012 Τούτῳ
2778 2942 2855 2993 δεῖ
2885 2943 3086 3004 πάντας
3109 2941 3434 3007 ἀκολουθεῖν,
3462 2942 3556 3004 καὶ
3589 2941 3887 3013 θεραπεύειν

2349 3033 2506 3085 αὐτὸν
2535 3033 2831 3094 ἀσκοῦντας
2859 3034 3073 3104 ἀρετήν’
3105 3033 3300 3102 τρόπος
3323 3031 3430 3102 γάρ
3460 3016 3591 3083 Θεοῦ
3617 3031 3888 3103 θεραπείας

696 3139 860 3191 tores,
904 3136 958 3180 et
999 3126 1485 3179 ccutroversiarum
1517 3126 1756 3194 judiccs,
1790 3134 1843 3180 et
1873 3126 2246 3180 damnatorum

2349 3119 2501 3185 οὗτος
2527 3123 2831 3185 ὁσιώτατος.
2869 3118 2962 3186 Εἷς
3014 3123 3136 3185 ναὸς
3166 3121 3281 3184 ἐνὸς
3313 3121 3466 3184 Θεοῦ,
3494 3120 3644 3190 φίλον
3669 3123 3775 3192 γὰρ
3817 3123 3886 3176 ἀεὶ

693 3187 971 3286 punitores
999 3213 1273 3267 constituti
1317 3187 1621 3268 sacerdotes
1644 3222 1842 3268 essent.
1878 3213 2035 3284 365
2066 3215 2248 3280 Quod-

2349 3216 2507 3267 παντὶ
2538 3215 2599 3287 τὸ
2628 3216 2828 3283 ὅμοιον·
2884 3214 3060 3276 κοινὸς
3113 3214 3361 3265 ἁπάντων
3393 3187 3523 3281 (10),
3568 3187 3758 3266 κοινοῦ.
3772 3211 3884 3265 Θεοῦ

699 3317 826 3355 nam
858 3303 1020 3372 igitur
1045 3303 1252 3370 imperii
1288 3318 1456 3372 genus
1493 3304 1594 3356 hoc
1619 3304 1860 3357 sanctius
1889 3319 2007 3374 esse
2038 3315 2199 3373 queat
2226 3308 2248 3358 ?

696 3400 792 3446 aut
843 3393 938 3461 qui
983 3392 1092 3446 Deo
1141 3393 1317 3447 cultus
1369 3395 1769 3447 convenientior
1814 3395 2100 3448 exhiberi?
2145 3394 2247 3449 Ubi

698 3497 808 3534 non
837 3482 1122 3535 multitudo
1152 3491 1357 3536 tantum
1390 3486 1635 3537 universa
1660 3484 1727 3536 ad
1755 3480 2003 3552 pietatem
2039 3486 2248 3540 studio—

700 3573 915 3627 sissime
947 3571 1266 3626 informctur
1287 3614 1302 3636 ,
1339 3572 1431 3625 sed
1463 3573 1622 3626 etiam
1653 3583 1706 3627 et
1737 3574 1963 3644 insignis
2006 3578 2245 3644 quaedam

698 3678 733 3715 a
768 3662 1142 3717 sacerdotibus
1181 3664 1233 3716 in
1269 3679 1450 3717 rerum
1485 3665 1949 3720 administratione
1978 3668 2247 3737 diligentia

699 3755 968 3823 exigatur,
1003 3763 1057 3808 et
1106 3754 1396 3808 solemnem
1433 3755 1573 3808 sacri
1619 3756 1846 3824 alicujus
1888 3757 2006 3810 festi
2036 3759 2248 3826 religio-

703 3861 825 3899 nem
858 3856 967 3899 tola
997 3846 1206 3914 reipub.
1238 3848 1376 3900 ratio
1425 3847 1704 3900 imitetur?
1749 3846 1880 3900 Nam
1911 3865 2030 3916 quae
2074 3851 2248 3904 caeteri

704 3938 890 4005 paucis
921 3938 1122 4006 aliquot
1149 3938 1335 3992 diebus
1365 3940 1638 4009 mysteria,
1669 3948 1727 3992 ut
1749 3941 2036 4008 appellant,
2061 3950 2251 3994 statas-

619 4011 622 4018 λ
701 4026 810 4096 que
838 4029 1184 4082 ceremonias
1209 4030 1482 4084 custodire
1512 4045 1618 4083 non
1649 4040 1891 4098 possunt,
1915 4047 1975 4085 ea
2010 4049 2106 4086 nos
2134 4049 2252 4101 per-

708 4126 868 4185 petuo
917 4133 1040 4171 cum
1092 4117 1428 4183 suavissime,
1463 4130 1573 4172 tum
1617 4120 1776 4171 etiam
1821 4122 2253 4174 constantissime

707 4209 1022 4263 retinemus.
1057 4208 1314 4275 Quanam
1347 4225 1498 4275 vero,
1531 4222 1585 4264 et
1621 4211 1918 4277 cuiusmodi
1954 4223 2134 4269 nostra
2166 4215 2252 4266 illa

706 4298 792 4350 vel
821 4299 994 4352 edicta
1025 4309 1170 4362 sunt,
1196 4300 1278 4352 vel
1306 4300 1585 4352 interdicta
1606 4301 1630 4350 ?
1654 4301 1927 4369 Simplicia
1954 4314 2176 4371 prorsus
2203 4315 2256 4358 et

709 4389 962 4442 illustria.
1013 4389 1269 4459 Princeps
1301 4392 1515 4459 quidem
1563 4399 1617 4444 et
1650 4394 2092 4490 caput'omnium
2130 4395 2255 4449 illud

2348 3307 2616 3359 ἁπάντων.
2652 3305 2848 3357 Τοῦτον
2889 3305 3244 3376 θεραπεύουσι
3299 3305 3396 3372 μὲν
3419 3304 3510 3356 διὰ
3533 3305 3728 3367 παντὸς
3751 3306 3794 3356 οἱ
3825 3307 3886 3356 is.

2352 3398 2481 3464 ρεῖς·
2511 3397 2720 3465 ἡγεῖται
2776 3395 2832 3447 δὲ
2887 3395 3087 3446 τούτων
3115 3395 3141 3446 ό
3169 3395 3378 3465 πρῶτος
3420 3397 3505 3449 ἀεὶ
3546 3397 3687 3450 κατὰ
3730 3395 3880 3463 γένος.

2347 3482 2511 3548 Οῦτος
2547 3486 2806 3556 μετὰτῶν
2847 3487 3130 3556 συνιερέων
3185 3486 3295 3557 (11)
3341 3487 3488 3540 θύσει
3517 3487 3596 3558 τῷ
3632 3488 3766 3558 Θεῷ,
3799 3505 3880 3556 φυ-

2348 3574 2494 3640 λάξει
2520 3578 2644 3638 τοὺς
2685 3577 2897 3646 νόμους,
2930 3577 3135 3629 δικάσει
3173 3579 3297 3648 περὶ
3327 3579 3432 3630 τῶν
3469 3577 3880 3648 ἀμφισϐητουμέ-

2347 3683 2471 3726 νων,
2506 3666 2717 3718 κολάσει
2741 3667 2863 3729 τοὺς
2903 3666 3248 3735 ἐλεγχθέντας
3287 3668 3417 3737 (12).
3485 3669 3541 3719 Ὀ
3588 3668 3756 3737 τούτῳ
3817 3669 3877 3737 μὴ

2349 3756 2663 3827 πειθόμενος
2696 3758 2877 3826 ὑφέξει
2899 3759 3070 3827 δίκην,
3105 3759 3178 3820 ὡς
3202 3761 3279 3830 εἰς
3308 3759 3410 3812 τὸν
3427 3757 3558 3810 Θεὸν
3592 3759 3748 3812 αὐτὸν
3775 3759 3880 3811 ἀσε-

2350 3847 2478 3898 ϐῶν.
2507 3847 2748 3917 Θύσομεν
2773 3849 2869 3910 τὰς
2898 3849 3084 3911 θυσίας
3109 3849 3206 3901 οὐκ
3236 3852 3314 3911 είς
3341 3849 3507 3918 μέθην
3535 3849 3644 3918 (15)
3673 3851 3878 3910 ἑαυτοῖς·

2351 3937 2640 4007 ἀϐούλητον
2669 3937 2774 4008 γὰρ
2796 3938 2872 4008 τῷ
2898 3938 3015 4007 Θεῷ
3041 3940 3177 4002 τόδε,
3206 3940 3297 3990 καὶ
3318 3939 3585 4009 πρόφασις
3606 3939 3672 3992 ἂν
3698 3940 3879 4010 ὕϐρεως

2351 4025 2554 4092 γένοιτο
2586 4028 2675 4078 καὶ
2702 4025 3061 4087 πολυτελείας·
3100 4026 3232 4078 ἀλλὰ
3272 4026 3569 4098 σώφρονας,
3592 4028 3874 4088 εὐτάκτους,

2351 4119 2622 4182 εὐσταλεῖς
2676 4101 2806 4190 (14),
2853 4122 2997 4183 ὅπως
3034 4121 3260 4188 μάλιστα
3311 4121 3523 4182 θύοντες
3569 4120 3873 4192 σωφρονῶσι.

2353 4213 2459 4262 Καὶ
2488 4211 2578 4263 ἐπὶ
2621 4214 2740 4272 ταῖς
2793 4211 3019 4274 θυσίαις(
3052 4214 3153 4282 χρὴ
3187 4212 3397 4280 πρῶτον
3429 4211 3568 4281 ὑπὲρ
3593 4212 3690 4282 τῆς
3723 4212 3875 4281 κοινῆς

2353 4298 2600 4369 εὔχεσθαι
2627 4285 2914 4370 σωτηρίας,
2945 4297 3042 4352 εἷθ’
3073 4301 3211 4371 ὑπὲρ
3241 4299 3460 4352 ἑαυτῶν.
3502 4300 3626 4353 Ἐπὶ
3650 4301 3752 4373 γὰρ
3784 4317 3873 4372 κοι-

2355 4392 2516 4460 νωνίᾳ
2540 4391 2855 4460 γεγόναμεν,
2904 4393 2996 4444 καὶ
3027 4392 3224 4460 ταύτην
3263 4392 3292 4442 ό
3338 4391 3612 4461 προτιμῶν
3643 4392 3732 4445 τοῦ
3774 4390 3871 4445 καθ’

707 4489 810 4546 est,
844 4481 986 4548 quod
1034 4481 1104 4533 ita
1137 4483 1199 4533 de
1231 4481 1337 4534 Deo
1371 4482 1597 4535 statuit:
1632 4480 1796 4535 Deum
1818 4480 2075 4537 'universa
2111 4500 2251 4538 com-

2359 4483 2545 4535 ἑαυτὸν
2578 4481 2704 4534 ἑδίου
2754 4483 2886 4552 (15),
2941 4483 3171 4552 μάλιστα
3198 4481 3283 4551 εἴη
3329 4481 3446 4550 Θεῴ
3493 4481 3868 4552 κεχαρισμένος.

710 4571 910 4640 plecti:
960 4569 1406 4639 perfectissimum
1460 4573 1606 4625 illum
1654 4586 1773 4626 esse
1822 4581 1981 4641 atque
2012 4573 2252 4627 beatissi-

784 4726 881 4796 (2)7
910 4728 1115 4792 Τελετή
1157 4728 1301 4780 ἐστι.
1354 4725 1596 4794 Joseph.,
1635 4725 1881 4796 τελευτῆς
1923 4743 2080 4788 τινος.
2114 4725 2257 4796 Lege

711 4795 932 4862 τελετῆς
966 4813 1103 4858 τινος
1138 4812 1257 4850 cum
1293 4796 1520 4848 Montae.

786 4865 860 4932 (3)
892 4866 1114 4917 Ἀλλοι.
1152 4864 1365 4932 Ioseph.
1394 4875 1445 4917 et
1477 4864 1663 4931 Mont.,
1691 4864 1987 4932 ἀλλόφυλοι.

783 4934 856 5001 (4)
915 4934 1309 5000 Ἀμεταθέτου.
1367 4934 1583 5001 Joseph.
1632 4945 1684 4987 et
1724 4934 1912 4999 NonL,
1961 4934 2256 5002 ἀμεταπεί-

905 5071 1262 5142 Προῤῥῄσεις
1315 5071 1409 5123 καὶ
1441 5073 1908 5138 προαγορεύσεις.
1942 5069 2076 5124 Male
2119 5072 2260 5139 apud

717 5140 933 5208 Joseph.
980 5152 1032 5194 et
1066 5141 1251 5202 Mont.,
1279 5143 1623 5211 προσρήσεις,
1647 5151 1802 5211 recte
1829 5150 2005 5193 autem
2050 5143 2257 5207 ἀπαγο-

722 5211 964 5295 ptavit-istc;
1022 5210 1330 5263 adhibenda
1352 5210 1694 5278 interrogatio
1736 5221 1836 5272 est,
1874 5211 2094 5263 delenda
2143 5219 2263 5278 post

719 5295 997 5349 γνωριμοι.

791 5350 861 5414 (6)
885 5351 940 5401 Δ’
969 5350 1209 5417 ἡγεῖται.
1241 5345 1480 5417 Joseph-,
1513 5349 1577 5419 δὴ
1602 5348 1828 5416 γίνεται.
1865 5346 2087 5401 Retineo
2116 5350 2264 5418 ἠγεῖ-

721 5432 874 5606 ταίῆἐ
893 5487 1122 5570 imam.
1148 5484 1388 5553 Joseph.,
1408 5484 1624 5556 Regius,
1649 5497 1701 5542 et
1716 5486 1970 5549 M0ntac.,
1991 5487 2265 5555 ποταμοὺς

723 5556 815 5606 καὶ
875 5554 1128 5606 αλασσαν.

723 5556 815 5606 καὶ
847 5554 1128 5606 θάλασσαν.

794 5624 866 5694 (8)
905 5625 1358 5692 Ἑργπασαμένιιηθ.
1404 5623 1621 5694 Joseph.
1649 5638 1702 5680 et
1753 5627 1908 5695 Reg.,
1939 5639 2262 5695 συνεργασο-

727 5691 917 5761 μένῶν,
954 5691 1169 5761 rectius.

795 5763 866 5832 (9)
896 5761 1098 5827 Καλῶς
1127 5760 1203 5830 ἦν
1231 5764 1404 5828 εὐθὺς
1432 5766 1727 5833 γεγονότα.
1771 5763 1987 5835 Josrph.
2028 5774 2081 5822 et
2114 5763 2262 5818 Mon-

2357 4571 2699 4644 Παράκλησις
2723 4573 2778 4624 δὲ
2803 4573 2936 4642 πρὸς
2962 4573 3050 4624 τὸν
3074 4572 3202 4624 Θεὸν
3227 4571 3362 4623 ἔστω
3388 4571 3474 4624 διὰ
3497 4573 3595 4642 τῆς
3624 4572 3778 4642 εὐχῆς
3799 4570 3870 4621 καὶ

2358 4733 2485 4796 tam,
2518 4725 2694 4789 καθὼς
2726 4726 3006 4796 ἐϐουλήθη,
3035 4726 3191 4792 εὐθὺς
3218 4726 3476 4796 ἐγένοντο.

2430 4794 2538 4865 (10)
2570 4797 2779 4859 Κοινόζ·
2811 4791 3101 4865 άπᾶντων.
3127 4791 3341 4864 Joseph.
3367 4805 3420 4848 et
3445 4794 3674 4848 Montac.
3701 4791 3867 4847 addunt

2358 4866 2384 4916 ὁ
2416 4864 2612 4934 κόσμος
2643 4868 2782 4933 quod
2818 4875 2995 4934 tamen
3037 4864 3251 4932 .Iosephi
3295 4866 3557 4934 interpres
3602 4865 3802 4924 omisit;
3827 4869 3867 4934 et

2360 4931 2529 4996 recte,
2582 4945 2638 4986 ut
2664 4931 2910 4987 videtur.
2945 4933 3019 4988 De
3066 4931 3261 5003 templo
3306 4931 3574 5000 loquitur,
3606 4937 3672 4987 de
3702 4931 3866 4986 mundo

2361 5003 2572 5074 locutus
2602 5006 2710 5074 jam
2739 5015 2873 5057 erat.
2949 5072 2956 5074 ἓ
3068 5072 3080 5074 _
3410 5070 3420 5074 _

2431 5073 2538 5142 (11)
2593 5070 2779 5142 ρῦτος
2827 5072 2972 5141 μετὰ
3021 5072 3135 5126 τῶν
3184 5070 3524 5142 σωιερέῳν.
3575 5070 3792 5142 Ioseph.
3824 5071 3865 5119 et

2362 5138 2548 5213 Μωιιζ,
2577 5138 2725 5213 οὗτος
2761 5138 2855 5211 μὲν
2882 5143 2987 5213 πρὸ
3009 5143 3113 5194 τῶν
3138 5142 3307 5195 ἄλλων
3337 5141 3539 5210 ἱερέων.
3575 5142 3644 5194 At
3683 5138 3859 5208 Regius,

2365 5212 2628 5287 perducam
2656 5211 2824 5263 ἄλλων
2843 5211 3076 5287 ’ἱερέωνε
3211 5280 3224 5287 _
3376 5279 3419 5287 __
3629 5280 3643 5287 _
3669 5281 3680 5287 _
3799 5275 3808 5287 .
3849 5270 3859 5287 ο

2375 5275 2544 5364 12)
2585 5275 3018 5349 Ἑλεγχθένὲας.
3048 5280 3265 5348 Joseph.
3297 5288 3351 5333 et
3374 5279 3540 5336 Mont.
3579 5280 3770 5335 addunt
3795 5275 3848 5325 ἐπ

2363 5363 2547 5402 αοικω.

2435 5405 2540 5487 (l3)
2578 5422 2694 5472 Οὐκ
2723 5421 2808 5484 εὶς
2834 5417 3206 5487 pta-Joseph.
3236 5425 3290 5471 et
3325 5417 3513 5481 Mont.,
3539 5419 3641 5470 οὐκ
3669 5413 3862 5487 είςίπλή·

2366 5503 2526 5556 ρωσιν
2553 5489 2753 5540 ἑαυτῶν
2782 5486 2872 5542 καὶ
2907 5489 3092 5558 μέθην,
3123 5487 3388 5558 ἀϐούλητα
3412 5490 3518 5558 γᾲρ
3544 5487 3665 5558 Θεῷ
3685 5486 3808 5558 τάδςτ

2434 5557 2542 5625 (id)
2575 5555 2919 5623 Εὑσταλεῖςζ
2961 5555 3187 5624 Optime.
3231 5555 3416 5627 Itaque
3442 5555 3726 5625 Joscph'um
3767 5555 3858 5610 hinc

2365 5629 2620 5695 corrigas.
2653 5630 2788 5694 apud
2819 5643 2973 5695 quem
3005 5629 3254 5692 εὐγενεῖς.

2436 5694 2544 5765 (15)
2586 5695 2769 5752 Ἰδὼν.
2802 5694 3016 5766 JOseph.
3047 5706 3097 5751 et
3123 5695 3314 5762 Mout.,
3340 5694 3484 5767 βίου.
