4022 6342
703 509 803 561 (519

1354 499 1613 556 EUSEBII
1651 497 2120 554 (IESABIENSIS
2156 503 2305 553 ur’t’.
2345 498 2525 554 PARS
2560 491 2625 554 ll.
2663 529 2732 538 ——
2769 497 3262 555 APOLOGETICA.

3813 497 3899 550 Μ

703 633 919 694 accepta
953 622 1232 691 diligenter
1259 620 1581 676 conservare
1623 622 1912 689 possimus.
1949 621 2027 675 Ad
2065 629 2235 676 extre-

2344 623 2653 692 προσελθεῖν
2682 623 2776 676 καὶ
2808 622 3265 692 συναποδύρεσθαι
3293 619 3427 690 (28).
3460 614 3781 683 Καθαὶρειν
3806 612 3896 681 (Ἠ)

702 730 870 773 mum,
908 713 990 766 cui
1026 711 1346 766 sacritleium
1382 710 1684 763 faciendum
1715 712 1836 773 erit,
1878 711 1928 762 ei
1970 711 2055 764 lex
2099 721 2242 765 certa

704 805 944 872 qumdam
993 801 1290 872 praascribit
1339 800 1717 853 lustrationum
1765 815 1998 868 genera,
2046 801 2245 870 quibus

703 906 960 962 susceptae
994 894 1037 946 si
1063 907 1183 960 qua:
1221 890 1327 944 sint
1353 905 1421 942 ex
1463 889 1670 954 funere,
1707 890 1863 954 lecto,
1898 890 2082 945 uxoris
2109 905 2243 944 con-

703 985 1004 1045 suetudine,
1032 991 1085 1034 et
1115 981 1234 1033 aliis
1281 981 1547 1048 plerisque
1574 980 1756 1044 rebus,
1787 996 1923 1048 quas
1947 996 2090 1034 nunc
2123 996 2244 1049 per-

703 1088 920 1128 censere
951 1075 1162 1140 longum
1186 1079 1345 1130 esset,
1374 1070 1519 1124 labes
1543 1071 1837 1137 expientur.
1867 1071 2040 1138 Atque
2063 1070 2246 1138 hujus-

702 1165 845 1216 modi
896 1163 1051 1216 nobis
1099 1170 1150 1214 et
1195 1161 1261 1214 de
1299 1159 1407 1212 Deo
1438 1160 1721 1224 doctrina,
1755 1167 1810 1213 et
1856 1159 2021 1214 divini
2067 1161 2242 1216 cultus

705 1257 894 1308 tradita
924 1254 1060 1307 ratio
1087 1261 1187 1315 est,
1219 1267 1338 1320 qua:
1363 1252 1495 1319 legis
1517 1250 1630 1318 ipsa
1653 1265 1866 1319 quoque
1888 1252 1994 1304 vim
2018 1252 2240 1305 obtinet.

700 1341 773 1396 De
805 1343 1004 1410 nuptiis
1039 1356 1165 1394 vero
1192 1339 1358 1408 quid?
1383 1338 1512 1392 Eam
1546 1349 1747 1392 tantum
1776 1342 2240 1407 consuetudinem,

699 1450 859 1501 quam
889 1448 1007 1485 cum
1033 1445 1200 1484 uxore
1223 1438 1412 1483 natura
1436 1431 1697 1494 concedit,
1720 1431 1804 1484 lex
1826 1441 2007 1486 nostra
2030 1433 2238 1500 probat,

703 1523 860 1576 modo
911 1531 1087 1573 tamen
1105 1534 1181 1574 ea
1211 1519 1374 1587 prolis
1419 1520 1776 1588 suscipienda:
1816 1535 1978 1574 causa
2013 1522 2238 1591 ineatur.

699 1612 767 1664 At
794 1613 1022 1664 marium
1054 1625 1176 1664 cum
1210 1609 1445 1663 maribus
1474 1610 1882 1680 congressiones
1910 1621 2240 1674 exsecratur,

700 1703 924 1770 ejusque
958 1700 1140 1768 llagitii
1170 1715 1289 1754 reos
1319 1700 1534 1770 capitali
1574 1699 1834 1768 supplicio
1862 1700 2100 1755 damnat.
2127 1701 2242 1754 Cae-

701 1800 873 1842 terum
907 1791 956 1840 in
992 1787 1336 1842 matrimonio
1360 1788 1746 1850 contrahendo,
1777 1803 1950 1856 neque
1986 1787 2127 1842 dotis
2157 1805 2241 1842 ra-

701 1881 894 1933 tionem
925 1878 1130 1940 haberi,
1155 1893 1329 1947 neque
1351 1893 1445 1946 per
1469 1878 1573 1930 vim
1605 1877 1718 1947 rapi
1741 1879 2044 1949 conjugem,
2067 1895 2240 1948 neque

699 1969 820 2022 dolo
847 1969 988 2023 malo
1015 1969 1188 2037 pellici
1222 1967 1336 2021 vult
1366 1987 1378 2021 :
1411 1969 1501 2022 sed
1554 1968 1620 2020 ab
1653 1983 1716 2021 eo
1740 2007 1754 2032 ,
1787 1969 1878 2036 qul
1913 1971 2240 2023 collocanda:

695 2069 1010 2129 potestatem
1049 2060 1261 2123 habeat,
1288 2059 1547 2128 postulari
1574 2075 1588 2122 ;
1619 2059 1698 2111 sic
1729 2068 1906 2112 tamen
1935 2067 1993 2112 ut
2017 2062 2240 2129 propin-

697 2151 917 2217 quitatis
955 2150 1115 2202 etiam
1145 2156 1199 2202 et
1236 2149 1516 2217 sanguinis
1558 2148 1697 2201 ratio
1743 2148 2023 2204 habeatur.
2080 2169 2106 2210 ,ι
2165 2151 2241 2204 Ac

696 2240 891 2292 mulier
920 2239 1156 2307 quidem,
1203 2238 1378 2305 inquit
1405 2236 1703 2306 Scriptura,
1747 2240 1864 2292 viro
1911 2255 2004 2308 per
2058 2242 2239 2294 omnia

696 2328 929 2381 deterior
959 2339 1058 2381 est.
1102 2347 1119 2377 ι
1173 2324 1300 2382 Viro
1345 2329 1505 2396 igitur
1540 2326 1887 2395 obtemperet,
1920 2344 2026 2380 non
2061 2339 2236 2383 tamen

696 2415 1034 2468 contumelia:
1082 2428 1282 2477 causa,
1329 2413 1422 2468 sed
1469 2422 1528 2466 ut
1577 2413 1797 2468 alterius
1846 2414 2132 2482 imperium
2176 2431 2239 2470 ac

695 2507 912 2558 ductum
947 2513 1202 2573 sequatur
1231 2523 1242 2557 ε
1276 2505 1380 2557 vim
1413 2505 1556 2557 enim
1589 2513 1748 2572 atque
1781 2513 2098 2571 potestatem
2126 2506 2239 2557 viro

694 2595 836 2649 lleus
871 2595 1155 2648 concessit.
1195 2594 1364 2648 Unius
1390 2609 1550 2662 porro
1577 2602 1807 2657 tantum,
1833 2608 1932 2660 qua
1969 2607 2092 2646 cum
2125 2608 2241 2646 ma-

694 2687 946 2739 trimonio
972 2686 1292 2752 coniunctus
1335 2683 1534 2746 fueris,
1579 2681 1874 2750 expetenda
1906 2683 2239 2737 consuetudo

691 2785 812 2837 est;
852 2776 1072 2827 alterius
1105 2774 1246 2826 enim
1279 2786 1498 2825 uxorem
1530 2771 1768 2840 cogitare
1797 2769 1965 2824 nefas.
2000 2769 2154 2835 Quod
2183 2771 2238 2824 in

693 2868 868 2920 scelus
891 2866 1135 2936 quisquis
1160 2864 1422 2928 inciderit,
1447 2875 1649 2918 certum
1673 2864 1860 2932 capitis
1883 2866 2234 2934 supplicium:

691 2958 1140 3026 quemadmodum
1195 2956 1238 3010 si
1269 2956 1390 3025 quis
1431 2963 1524 3008 aut
1573 2954 1767 3023 virgini
1819 2955 1970 3019 alteri
2003 2955 2237 3022 cuipiam

691 3046 972 3113 desponsa:
1019 3045 1126 3097 vim
1157 3044 1426 3107 intulerit,
1463 3052 1557 3096 aut
1603 3043 1692 3096 alii
1728 3051 1946 3110 nuptam
1987 3042 2235 3096 illexerit.

690 3134 1009 3188 Liberorum
1061 3134 1319 3202 quidquid
1368 3141 1670 3200 susceptum
1705 3131 1846 3195 erit,
1893 3132 2108 3185 educari
2154 3132 2238 3186 lex

2341 714 2398 767 δὲ
2429 713 2636 767 καὶτὸν
2676 709 2820 766 οἶκον
2867 715 2961 766 καὶ
3002 715 3128 774 τοὺς
3187 708 3522 770 ἐνοικοῦντας
3550 704 3668 758 ἀπὸ
3698 703 3896 772 κήδους,

2342 807 2427 859 ἵνα
2459 805 2702 859 πλεῖστον
2729 805 2838 874 (30)
2877 804 3054 872 ἀπέχῃ
3083 802 3175 855 τοῦ
3197 801 3368 853 δοκεῖν
3397 797 3636 867 καθαρὸς
3665 789 3814 846 εἷναί
3831 811 3898 856 τις

2341 897 2497 965 φόνον
2553 897 2938 968 ἐργασάμενος.
2999 894 3200 947 Γονέων
3247 893 3410 962 τιμὴν
3443 888 3584 960 μετά
3636 887 3748 957 τὴν
3782 885 3896 955 πρὸς

2341 988 2469 1040 Θεὸν
2497 989 2750 1059 δευτέραν
2779 987 2952 1052 έταξε’
2984 986 3077 1038 καὶ
3133 985 3221 1037 τὸν
3275 985 3374 1036 οὑκ
3419 980 3793 1051 ἀμειϐόμενον
3818 977 3897 1037 si;

2342 1080 2469 1148 παρ’
2500 1078 2675 1131 αὐτῶν
2727 1079 2970 1148 χάριτας,
3030 1074 3140 1137 ἀλλ’
3184 1075 3262 1135 είς
3329 1071 3506 1125 ὁτιοῦν
3568 1068 3892 1126 ἐλλείποντα,

2341 1167 2762 1238 λευσθησόμενον
2814 1165 3160 1237 παραδίδωσι.
3211 1165 3319 1217 Καὶ
3370 1160 3568 1224 παντὸς
3624 1159 3729 1212 τοῦ
3786 1174 3895 1227 πρε-

2343 1257 2596 1327 σϐυτέρου
2630 1257 2792 1327 τιμὴν
2843 1257 2985 1325 ἔχειν
3037 1255 3162 1316 τοὺς
3207 1252 3356 1315 νέους
3397 1253 3581 1320 φησὶν,
3619 1249 3750 1302 ἐπεὶ
3783 1264 3895 1319 πρε-

2343 1347 2600 1400 σϐύτατον
2627 1348 2656 1398 ὁ
2701 1347 2852 1410 Θεός.
2909 1346 3182 1416 Κρύπτειν
3228 1343 3374 1396 οὐδὲν
3430 1343 3493 1411 ἑᾷ
3524 1341 3662 1411 πρὸς
3700 1340 3891 1407 φίλους·

2340 1440 2400 1490 οὐ
2429 1439 2536 1508 γὰρ
2570 1435 2704 1492 εἶναι
2731 1438 2931 1506 φιλίαν,
2961 1438 3059 1507 τὴν
3087 1437 3158 1506 μὴ
3182 1435 3355 1487 πάντα
3374 1433 3763 1485 πιστεύουσαν.
3795 1430 3895 1483 Κᾶν

2342 1529 2519 1597 συμϐῇ
2548 1545 2629 1589 τις
2663 1527 2846 1597 έχθρα,
2874 1525 3074 1578 τούτων
3101 1524 3381 1594 ἀπόρρητα
3403 1521 3578 1588 λέγειν
3607 1521 3722 1589 (51)
3742 1518 3896 1571 κεκώ-

2341 1616 2488 1668 λυκε.
2524 1614 2843 1678 Δικάζωνεί
2877 1614 3024 1684 δῶρά
3045 1632 3127 1676 τις
3161 1613 3333 1674 λάϐοι,
3377 1611 3605 1672 θάνατος
3651 1613 3686 1678 ἡ
3716 1609 3893 1678 ζημία.

2341 1705 2615 1776 Περιορῶν
2640 1706 2824 1775 ἱκέτην
2871 1705 3002 1772 (52),
3038 1703 3245 1773 βοηθεῖν
3292 1703 3429 1764 ὲνὸν,
3483 1700 3811 1760 ὑπεύθυνος.
3843 1700 3895 1750 Ὃ

2343 1796 2417 1866 μὴ
2446 1797 2709 1867 κατέθηκέ
2741 1814 2842 1860 τις,
2868 1796 2968 1848 οὑκ
3025 1796 3394 1864 ἀναιρήσεται·
3444 1792 3550 1845 τῶν
3608 1791 3894 1861 ἀλλοτρίων

2340 1889 2551 1950 οὐδενὸς
2582 1888 2792 1957 ἅψεται·
2821 1887 3085 1949 δανείσας,
3126 1887 3279 1938 τόκον
3308 1886 3367 1937 ού
3421 1883 3668 1951 λήψεται,
3725 1881 3896 1933 Ταῦτα

2339 1981 2432 2030 καὶ
2457 1977 2622 2030 πολλά
2645 1978 2849 2040 τούτοις
2878 1979 3035 2046 ὃμοια
3055 1977 3150 2045 τὴν
3169 1977 3300 2046 πρὸς
3327 1975 3587 2044 ἀλλήλους
3608 1973 3769 2043 ἡμῶν
3790 1989 3894 2024 συν-

2340 2071 2450 2139 έχει
2497 2068 2790 2121 κοινωνίαν.
2828 2068 2948 2129 Πῶς
2975 2067 3032 2119 δὲ
3063 2068 3152 2119 καὶ
3192 2067 3318 2136 περὶ
3365 2066 3463 2135 τῆς
3504 2065 3643 2130 πρὸς
3671 2062 3892 2131 ἀλλο-ξύ.

2339 2161 2460 2222 λους
2484 2159 2776 2220 ἐπιεικείας
2825 2159 3118 2228 ἐφρόνησεν
3159 2160 3186 2209 ὁ
3213 2155 3522 2226 νομοθέτης,
3567 2153 3720 2218 ἄξιον
3757 2154 3891 2207 ἰδεῖν.

2336 2253 2582 2304 Φανεῖται
2617 2250 2725 2320 γὰρ
2752 2250 2946 2320 ἀριστα
2985 2250 3197 2302 πάντων
3254 2249 3708 2318 προνοησάμενος,
3757 2249 3890 2308 ὅπως

2340 2346 2474 2413 μήτε
2504 2343 2570 2394 τά
2599 2344 2771 2393 οἰκεῖα
2805 2343 3218 2412 διαφθείρωμεν,
3250 2341 3384 2410 μήτε
3414 2339 3769 2407 φθονήσωμεν
3793 2342 3890 2398 toi;

2339 2432 2582 2501 μετέχειν
2599 2432 2706 2485 τῶν
2749 2433 3030 2501 ἡμετέρων
3087 2431 3548 2501 προαιρουμένοις.
3595 2431 3752 2480 Ὅσοι
3803 2430 3891 2498 μὲν

2335 2521 2442 2589 γὰρ
2478 2521 2570 2571 ὲάν
2597 2519 2818 2571 θέλωσιν
2857 2520 2964 2588 (55)
2990 2519 3091 2570 ὑπὸ
3145 2521 3268 2581 τοὺς
3302 2519 3493 2579 αὐτοὺς
3538 2519 3670 2586 ἡμῖν
3706 2520 3890 2586 νόμους

2310 2612 2430 2682 ’ζῇν
2456 2609 2770 2671 ὑπελθόντες
2801 2608 2935 2679 (54),
2959 2609 3166 2677 δέχεται
3209 2609 3558 2676 φιλοφρόνως,
3594 2609 3656 2660 ού
3705 2609 3782 2676 τῷ
3809 2610 3892 2675 γέ-

2334 2717 2416 2754 νει
2450 2699 2625 2768 μόνον,
2653 2700 2786 2752 ἀλλά
2809 2701 2900 2751 καὶ
2933 2702 2996 2768 τῇ
3030 2700 3340 2768 προαιρέσει
3368 2698 3460 2750 τοῦ
3503 2699 3618 2768 βίου
3664 2699 3892 2768 νομίζων

2334 2805 2469 2840 ειναι
2493 2789 2589 2859 τὴν
2613 2792 2933 2857 οἰκειότητα·
2977 2790 3101 2851 τοὺς
3152 2790 3208 2841 δὲ
3246 2792 3309 2841 ὲκ
3339 2789 3613 2859 παρέργου
3646 2791 3892 2860 προσιὼ-

2333 2895 2431 2939 τας
2457 2878 2848 2947 ἀναμίγνυσθαι
2879 2881 2945 2948 τῇ
2981 2879 3234 2947 συνηθείᾳ.
3261 2878 3356 2929 οὐκ
3408 2878 3660 2947 ἠθέλησε.
3719 2880 3890 2932 Tino

2334 2965 2390 3017 δὲ
2441 2967 2783 3036 προείρηκεν,
2812 2960 2886 3019 ὧν
2905 2969 2938 3035 ἡ
2971 2968 3248 3035 μετάδοσίς
3279 2969 3423 3018 ἐστιν
3455 2967 3887 3033 ἀναγκαία-πᾶσι

2336 3056 2593 3125 παρέχειν
2640 3059 2750 3118 τοῖς
2796 3055 3070 3126 δεομένοις
3123 3055 3252 3125 πῦρ,
3298 3055 3461 3125 ὕδωρ,
3493 3055 3719 3123 τροφὴν,
3747 3055 3889 3114 ὁδοὺς

2337 3147 2579 3216 φράζειν,
2612 3147 2812 3216 ἄταφον
2839 3149 2911 3216 μὴ
2934 3149 3208 3217 περιορᾷν.
3246 3147 3536 3207 Ἑπιεικεῖς
3569 3145 3685 3215 (55)
3726 3146 3783 3198 δὲ
3804 3145 3885 3197 καὶ

685 3226 857 3294 jubet.
896 3223 1050 3276 Vetat
1079 3224 1286 3286 eadem,
1319 3237 1384 3275 ne
1412 3237 1518 3290 qua
1559 3222 1751 3274 mulier
1795 3230 2102 3290 susceptum
2152 3237 2235 3277 se-

2338 3238 2405 3290 τὰ
2438 3240 2570 3309 πρὸς
2599 3240 2722 3300 τοὺς
2754 3238 3037 3307 πολεμίους
3074 3238 3356 3308 κριθέντας
3403 3233 3560 3289 εἶναι·
3601 3238 3661 3288 ού
3695 3237 3801 3306 γὰρ
3827 3237 3884 3304 ei

689 3329 812 3366 men
862 3321 954 3364 aut
991 3311 1201 3378 eiiciat,
1247 3318 1341 3362 aut
1385 3309 1728 3376 exstinguat:
1772 3325 1890 3376 qu'.e
1921 3325 2076 3364 secus
2111 3309 2235 3364 facit

2337 3327 2432 3397 τὴν
2457 3329 2559 3398 γῆν
2588 3327 2765 3380 αὐτῶν
2795 3328 3106 3396 πυρπολεῖν,
3133 3327 3251 3379 οὐδὲ.
3305 3328 3520 3396 τέμνειν
3567 3327 3752 3396 ἥμερα
3779 3321 3890 3378 ea:

688 3418 807 3454 eam
843 3417 939 3469 pro
970 3402 1258 3454 liberorum
1303 3398 1660 3453 interfectrice
1695 3399 1880 3452 haberi
1911 3401 2064 3467 vult,
2112 3417 2236 3470 per-

689 3492 813 3544 inde
856 3506 919 3543 ac
965 3490 1011 3543 si
1073 3490 1244 3556 reipsa
1291 3497 1345 3540 et
1384 3487 1524 3542 fetus
1572 3487 1735 3540 vitam
1769 3490 2133 3556 oppresserit,
2184 3499 2238 3545 et

691 3582 899 3647 generis
955 3580 1038 3632 sui
1098 3575 1535 3645 propagationem
1597 3577 1908 3632 inhibuerit.
1976 3579 2235 3648 Quisquis

691 3683 818 3735 ergo
848 3667 912 3719 ad
965 3667 1196 3719 alienum
1245 3673 1421 3717 lorum
1472 3664 1776 3718 violandum
1821 3666 2138 3734 accesserit,
2189 3669 2236 3723 is

690 3772 858 3823 purus
904 3765 956 3807 et
989 3755 1192 3823 integer
1225 3769 1444 3807 manere
1491 3769 1597 3807 non
1636 3763 1827 3822 potest.
1877 3754 2062 3824 Itaque
2112 3767 2234 3826 post

691 3847 981 3913 legitimam
1018 3859 1234 3913 quoque
1262 3844 1364 3896 viri
1395 3859 1516 3896 eum
1561 3860 1726 3898 uxore
1757 3847 2230 3914 consuetudinem,

691 3939 773 3989 lex
808 3951 1004 4003 corpus
1037 3936 1178 3988 ablui
1203 3936 1356 4001 jubet
1387 3953 1400 3988 :
1443 3936 1585 4003 quod
1617 3951 1680 3988 ex
1717 3951 1780 3990 ea
1809 3937 1983 3992 sordis
2031 3939 2233 4008 aliquid

688 4028 753 4080 ad
783 4043 975 4095 corpus
1014 4028 1170 4081 simul
1194 4036 1248 4082 et
1271 4027 1507 4080 animum
1533 4027 1780 4082 allinatur
1806 4047 1820 4095 ;
1849 4029 1998 4097 quasi
2021 4032 2233 4087 animus

688 4116 740 4167 in
775 4125 1010 4168 exteram
1040 4115 1326 4183 quamdam
1360 4115 1460 4170 hoc
1490 4115 1632 4169 facto
1665 4119 1932 4186 regionem
1960 4134 2231 4174 commea-

687 4215 784 4258 τοι.
821 4206 1026 4272 Quippe
1054 4208 1266 4258 animus
1295 4205 1458 4270 enim,
1503 4206 1591 4258 ubi
1633 4207 1950 4274 corporibus
1990 4208 2230 4278 implica-

689 4310 796 4361 tur,
825 4299 1004 4348 damni
1030 4297 1229 4364 aliquid
1257 4281 1319 4349 ac
1345 4298 1652 4350 detrimenti
1684 4298 1864 4352 subire
1890 4300 2025 4353 solet
2049 4318 2064 4365 ;
2095 4317 2230 4368 quo-

688 4402 807 4439 rum
859 4387 1239 4446 concretione,
1290 4387 1476 4438 mortis
1543 4386 1798 4439 beneﬁcio
1846 4403 2059 4441 rursum
2118 4391 2230 4457 ipse

2334 3417 2436 3488 δρα
2464 3417 2897 3487 συγκεχώρηκεν
2956 3417 3089 3469 ἀλλά
3143 3417 3236 3470 καὶ
3297 3417 3574 3469 σκυλεύειν
3626 3418 3882 3487 ἀπείρηκε

2334 3510 2458 3570 τοὺς
2491 3510 2545 3559 ὲν
2593 3512 2659 3578 τῇ
2707 3509 2854 3581 μάχῃ
2910 3509 3190 3572 πεσόντας,
3241 3510 3332 3561 καὶ
3376 3509 3486 3560 τῶν
3536 3508 3884 3576 αἰχμαλώτων

2335 3599 2684 3667 προύνόησεν,
2714 3600 2859 3661 ὅπως
2891 3599 3064 3650 αὐτῶν
3087 3599 3237 3669 ὕϐρις
3270 3601 3402 3669 ἀπῇ,
3447 3600 3678 3668 μάλιστα
3719 3600 3774 3651 δὲ
3796 3617 3882 3665 τν-

2335 3689 2548 3743 ναικῶν.
2581 3691 2760 3753 Οὕτως
2781 3692 2824 3744 δ’
2848 3693 3157 3762 ἡμερότητα
3189 3692 3298 3762 (56)
3332 3693 3424 3743 καὶ
3485 3693 3881 3762 φιλανθρωπίαν

2336 3782 2478 3850 ἡμᾶς
2512 3782 2847 3848 ἐπαίδευσεν,
2879 3783 2954 3844 ὡς
2987 3783 3117 3851 μηδὲ
3149 3783 3253 3834 τῶν
3283 3782 3490 3848 ἀλόγων
3519 3781 3674 3844 ζώων
3702 3783 3879 3848 ὀλιγω-

2337 3874 2466 3942 ρεῖν’
2498 3870 2632 3924 ἀλλά
2666 3873 2828 3941 μόνην
2865 3872 2959 3940 μὲν
2994 3873 3170 3940 ἀφῆκε
3218 3874 3420 3932 τούτων
3446 3875 3640 3940 χρῆσιν
3683 3873 3776 3942 τὴν
3808 3874 3880 3922 vl.»

2337 3975 2521 4026 μιμον,
2552 3961 2727 4011 πᾶσαν
2751 3961 2793 4012 6’
2827 3961 3015 4029 ἑτέραν
3046 3961 3333 4015 ἐκώλυσεν.
3391 3953 3461 4014 ¹Ἀ
3487 3963 3530 4013 δ’
3561 3961 3753 4032 ὥσπερ
3781 3965 3876 4014 ἱκε-

2334 4047 2554 4099 τεύοντα
2586 4050 2914 4118 προσφεύγει
2945 4049 3054 4121 (57)
3101 4055 3216 4114 ταῖς
3250 4052 3464 4115 οἰκίαις,
3529 4055 3760 4106 ἀπεῖπεν
3799 4056 3856 4105 ἀν

2334 4134 2489 4186 ελεῖν·
2520 4137 2636 4188 οὐδὲ
2663 4140 2889 4199 νεοττοῖς
2919 4140 3041 4199 τοὺς
3069 4140 3256 4204 γονέας
3280 4140 3455 4192 αὐτῶν
3477 4141 3744 4209 ἐπέτρεψε
3772 4157 3877 4192 σνν-

2333 4224 2581 4294 εξαίρειν’
2619 4228 2888 4295 φείδεσθαι
2927 4229 2980 4279 δὲ
3024 4229 3126 4281 κᾶν
3166 4233 3229 4300 τῇ
3263 4231 3491 4299 πολεμίᾳ
3519 4231 3630 4299 (38)
3663 4232 3767 4282 τῶν
3795 4232 3873 4301 ὲρ·

2333 4313 2642 4383 γαζομένων
2679 4316 2851 4379 ζώων,
2882 4319 2974 4369 καὶ
3029 4319 3100 4388 μὴ
3156 4320 3415 4386 φονεύειν.
3445 4319 3600 4371 υῦτω
3631 4322 3874 4389 πανταχό-

2335 4404 2420 4456 θεν
2446 4405 2513 4457 τὰ
2546 4406 2677 4475 πρὸς
2705 4409 3436 4478 ἐπιείκειανπεριεσκέψατο,
3492 4411 3872 4474 διδασκαλικῶς

756 4606 770 4670 (
891 4603 1376 4696 HpOCsJOSTir-qu
1395 4604 1915 4696 'rrvrrcltxocitipscrOat
1926 4645 1936 4656 .
1948 4677 1966 4696 ι
1979 4603 2174 4696 Joseph
2185 4647 2196 4658 .
2209 4647 2224 4670 ,

2402 4624 2696 4696 (315)7’Edr
2749 4625 3020 4696 θέλωσιν.
3075 4625 3306 4696 Legenti.
3355 4627 3420 4678 ἂν
3469 4626 3732 4688 θέλωσιν,
3780 4632 3868 4685 nisi

687 4674 950 4724 συνελθεῖν
1004 4674 1094 4724 καί
1151 4672 1619 4744 συνατιόὃύρασθαιί
1660 4676 1884 4740 νόμιμον
1945 4672 2228 4744 ἐποίησεν,

684 4759 799 4810 qum
827 4744 932 4792 duo
964 4757 1230 4808 postrema
1264 4742 1382 4808 νόμ.
1406 4746 1494 4810 επ.
1517 4743 1675 4795 verbo
1703 4745 1855 4806 ἔταξε
1870 4742 2227 4797 continentur.

755 4810 861 4878 (“29)
894 4813 1228 4877 Κιιθαίρειν,
1261 4821 1361 4863 etc.
1397 4809 1611 4880 Ioseph.
1660 4820 1712 4862 et
1751 4813 1940 4876 Mont.,
1973 4813 2230 4880 καθαίρε-

688 4877 802 4952 σθαι
919 4881 1119 4952 κελεύει
1148 4882 1237 4952 κα).
1263 4882 1383 4941 τοὺς
1410 4878 1744 4940 ἐνοικοῦντας
1774 4881 1878 4932 ἀπὸ
1911 4883 2122 4952 κήδους,
2141 4877 2231 4934 ’διὰ

683 4947 782 5016 τὸν,
807 4948 1117 5012 μετελθόντα
1145 4949 1236 4999 τοῦ
1272 4950 1402 5016 βίου.

756 5015 860 5075 (Sd)
897 5018 1012 5066 "Ira
1046 5015 1343 5078 πλεῖστον,
1376 5027 1476 5069 etc.
1509 5016 1757 5068 Breviora
1794 5017 1906 5071 haec
1934 5027 1987 5072 et
2015 5021 2230 5074 saniora

684 5097 826 5145 sunt,
859 5094 1014 5149 quam
1053 5102 1171 5149 qiue
1204 5089 1338 5151 apud
1367 5085 1585 5152 Juseph.
1617 5095 1667 5137 et
1701 5091 1751 5137 in
1783 5083 2034 5151 Montac.,
2076 5094 2118 5142 si
2157 5091 2229 5140 le-

683 5171 895 5217 ιιιιιιιυιτ,
936 5154 1017 5202 ἵνα
1053 5153 1292 5203 πλεῖστον
1320 5154 1494 5222 ἀπέχῃ
1527 5153 1618 5204 τοῦ
1644 5153 1816 5204 δοκεῖν
1848 5157 2041 5219 αὐτοὺς
2066 5157 2225 5209 καθα-

686 5224 802 5288 ροὺς
838 5223 990 5294 εἶναι.
1044 5223 1135 5294 Τίς
1182 5222 1444 5294 δὲ-φόνον
1493 5224 1890 5294 ἐργασάμενος,
1939 5226 2162 5294 ἢέκων,
2196 5228 2228 5294 ἢ

680 5295 844 5352 dxm,
879 5293 996 5342 οὐδὲ
1043 5291 1136 5358 τὴν
1179 5291 1312 5358 πρὸς
1340 5290 1550 5351 τούτοις
1576 5290 1970 5360 ιδιιιιεσιιίιλτιησεν⁷
1995 5295 2058 5347 ἂν
2089 5290 2229 5346 έκδίὲ

679 5374 745 5424 κη
757 5377 853 5414 :tv.

751 5429 855 5493 \Sl)
898 5429 1222 5493 Ἀπόρῤητα
1253 5428 1465 5493 λέγειν.
1497 5426 1630 5498 Hinc
1664 5430 1912 5481 emendes
1938 5429 2228 5498 Josephum

679 5495 824 5567 Ηυξ-ι,
855 5506 986 5562 apud
1015 5513 1169 5567 quem
1204 5512 1451 5567 pessnue,
1481 5497 1542 5548 τὸ
1567 5497 1785 5567 ἀπορεῖν
1814 5495 2156 5567 παραλέγειν.

750 5564 855 5630 (3:2)
885 5565 1169 5631 Ηεμιορὼν
1211 5564 1429 5630 ἱκέτην,
1474 5575 1577 5618 etc.
1622 5565 1756 5618 Hinc
1801 5564 2227 5632 etimnloseplio

679 5636 937 5706 medicina
971 5638 1077 5706 liat,
1107 5637 1246 5701 apud
1278 5649 1435 5700 quem
1472 5634 1687 5702 legitur,
1720 5637 1986 5706 περιορῶν
2016 5634 2228 5705 βοηθεῖν

678 5700 865 5776 ένίτιις,
916 5700 1199 5764 ὑπεύθυνος
1231 5717 1384 5776 ;qua}
1419 5700 1620 5767 tamen,
1651 5718 1771 5754 cum
1796 5700 2071 5776 explicari
2100 5700 2227 5758 ἰιοιι

677 5774 1012 5889 incommode
1056 5782 1311 5838 possent,
1364 5774 1626 5839 interpres
1689 5774 1832 5826 omni
1878 5789 2040 5830 sensu
2069 5788 2223 5853 ,δρο-

697 5854 798 5889 ιιιιλι
835 5883 838 5886 .

697 5849 838 5889 ιιιιλιι.

2333 4696 2488 4747 malis
2522 4694 2729 4764 θέλουσι
2759 4710 2878 4764 cum
2907 4693 3171 4764 Josepho,
3194 4697 3308 4750 sine
3337 4697 3445 4749 ulla
3473 4700 3865 4764 conjunctione.

2401 4763 2948 4836 (ὅθοῖΐπελῡςότξτες.
2994 4763 3206 4836 .Ioseph.
3249 4774 3367 4832 post
3418 4765 3520 4832 ζῇν
3564 4763 3865 4836 distinguit;

2332 4841 2442 4952 utrm
2475 4832 2599 4900 legit
2642 4830 2963 4895 ὑπελθόντας
2989 4834 3097 4902 δέχ.
3121 4830 3328 4901 “φιλοφ.,
3362 4830 3509 4901 quod
3540 4830 3867 4891 rectiusyexiL

2332 4915 2357 4952 s
2385 4917 2509 4952 uno.

2363 4915 2509 4952 tuno.

2332 4915 2357 4953 s
2402 4984 2513 5064 (55)
2554 4981 2881 5064 ἶΕπιεςκεῖς,
2922 4993 3026 5064 εις.
3072 4982 3313 5064 Ιοδθρλίιπ,
3341 4983 3559 5064 ἐπιεικῆ
3605 4984 3665 5038 δὲ
3698 4987 3786 5037 καὶ
3810 4988 3863 5036 τὰ

2334 5052 2464 5120 πρὸς
2495 5053 2618 5110 τοὺς
2647 5051 2927 5120 πολεμίους
2961 5049 3094 5106 εἶναι
3126 5049 3394 5122 κριθέντα.
3436 5049 3738 5121 Utrumque
3761 5071 3863 5123 pro-

2332 5120 2447 5204 bari
2514 5130 2727 5188 potest;
2797 5123 2993 5176 rectius
3048 5133 3226 5176 tamen
3277 5121 3577 5180 videretur,
3629 5124 3860 5190 κριθέντα

2332 5205 2487 5241 ειναι.

2400 5270 2508 5338 (56)
2543 5269 2737 5340 Οὕτως
2779 5271 2829 5322 δ’
2860 5274 3052 5339 ἥμερα
3091 5280 3193 5325 etc.
3237 5270 3476 5339 Joseph..
3519 5271 3726 5340 Regius
3765 5289 3857 5326 Ina-

2332 5355 2526 5412 nuser:
2550 5347 2607 5412 et
2633 5338 2860 5412 Montac.
2891 5338 2964 5412 ita
2991 5342 3216 5412 plenius,
3249 5338 3386 5392 οὕτω
3415 5341 3469 5392 δὲ
3507 5338 3786 5412 πόρρωθεν
3812 5346 3851 5409 ἡ.

2333 5425 2383 5459 κ.
2413 5425 2468 5474 φ.
2504 5408 2766 5460 διδάσκειν
2789 5411 2929 5479 ἡμᾶς
2963 5409 3304 5462 ἐσπούδασεν.

2400 5491 2508 5559 (57)
2555 5493 2930 5561 Προσφεύγει.
2975 5493 3065 5546 Sic
3106 5493 3335 5561 legend.,
3375 5509 3481 5548 non
3511 5503 3574 5547 ut
3619 5494 3759 5558 apud
3783 5492 3852 5544 ιο-

2332 5563 2506 5628 seph.,
2522 5559 2801 5627 προσφύει.

2400 5641 2507 5708 (58)
2531 5641 2654 5693 Κᾶν
2683 5640 2756 5709 τῇ
2798 5643 3067 5707 πολεμῑᾳ.
3098 5641 3290 5708 Recte,
3330 5644 3375 5697 si
3410 5643 3604 5704 modo.
3633 5648 3737 5702 κάν
3762 5647 3855 5701 sine

2331 5721 2555 5786 accentu
2586 5711 2812 5786 legatur.
2843 5715 2994 5786 Apud
3021 5709 3313 5786 .losephum
3353 5722 3536 5768 tamen
3582 5715 3686 5786 leg.
3714 5709 3853 5785 κάνῇ

2330 5780 2575 5847 πολέμια,
2604 5782 2745 5850 quod
2779 5780 3188 5849 improbandum
3217 5795 3325 5836 non
3357 5791 3456 5836 est.

3945 142 3995 434 1
