3988 6340
700 445 800 500 623

1331 440 1597 507 EUSEBII
1644 437 2123 495 CAESARI'ENSIS
2160 437 2305 493 OPP.
2346 434 2525 491 PARS
2562 434 2626 489 ll.
2665 463 2737 475 —
2768 429 3266 487 APOLOGETICA.
3785 434 3857 491 ιιι

699 560 916 629 telliget,
948 554 1187 611 omnium
1213 554 1419 623 ‘optime
1444 561 1783 622 prospectum
1820 553 1885 605 ab
1910 568 1974 606 eo
2008 566 2071 609 ac
2106 566 2229 619 pro-

2340 563 2433 598 τον
2459 525 2516 598 ὲν
2552 547 2661 607 τοῖς
2705 544 3127 614 συγγράμμασιν
3179 541 3721 614 ὲτιερειγμεςιτεύσαντο⁸
3748 544 3855 599 IDA-
3925 528 3927 609 ί

697 652 872 704 visum
910 650 959 703 id
998 648 1182 712 fuisse,
1227 646 1303 699 uti
1336 660 1433 699 nec
1458 644 1755 714 patriorum
1788 644 1888 713 ipsi
1922 643 2122 697 rituum
2158 643 2241 695 in-

700 744 996 811 tegritatem
1026 738 1445 799 labefactemus,
1491 750 1588 789 nec
1632 750 1817 789 eorum
1862 746 2040 789 tamen
2090 749 2243 788 eom-

698 834 1006 887 muuionem
1042 846 1221 884 rerum
1268 841 1573 882 nostrarum
1628 826 1840 896 cupidis
1883 827 2238 879 invideamus.

699 924 970 993 Quotqum
1000 924 1141 976 enim
1191 923 1397 991 legibus
1450 920 1653 975 nostris
1695 934 1875 973 Vivere
1915 918 2240 987 optaverint,

698 1032 887 1069 omnes
919 1010 1252 1084 peramantcr
1282 1013 1499 1083 excipit,
1530 1014 1713 1080 utique
1743 1027 1849 1065 non
1887 1011 2003 1065 solo
2025 1024 2238 1080 genere,

698 1108 791 1163 sed
820 1108 980 1162 etiam
1013 1106 1311 1159 voluntaria
1353 1105 1584 1159 instituti
1620 1104 1875 1157 societate
1910 1101 2241 1155 communio—

695 1214 817 1253 nem
852 1200 1007 1252 istam
1041 1196 1303 1250 contineri
1334 1204 1504 1248 ratus.
1548 1193 1650 1258 Qui
1684 1208 1808 1246 vero
1842 1207 1948 1245 non
1987 1191 2089 1245 nisi
2124 1190 2239 1243 obi-

697 1299 777 1344 ter
809 1290 873 1343 ad
902 1304 1022 1353 nos,
1063 1296 1223 1356 atque
1254 1285 1397 1339 aliud
1440 1294 1658 1353 agentes
1689 1284 2025 1345 accederent,
2059 1297 2150 1335 eos
2172 1281 2236 1335 in

694 1381 1136 1437 consuetudinem
1160 1376 1599 1448 penitus'admitti
1629 1376 1820 1429 noluit.
1844 1374 2107 1427 Cazterum
2131 1374 2236 1427 alia

693 1473 934 1541 qmedam
986 1471 1170 1533 edixit,
1200 1482 1428 1539 quorum
1465 1469 1687 1521 omnino
1731 1467 1946 1536 copiam
1990 1464 2103 1519 fieri
2143 1480 2236 1519 ne-

692 1579 842 1619 cesse
882 1570 1005 1616 est:
1044 1562 1346 1631 cujttsmodi
1392 1570 1537 1627 sunt,
1573 1560 1932 1627 indigentibus
1981 1559 2233 1614 omnibus

690 1653 892 1723 ignem,
924 1668 1138 1721 aquam,
1171 1654 1456 1721 cibumque
1500 1650 1856 1719 suppeditare,
1896 1648 2060 1718 368
2082 1664 2231 1703 coms

689 1754 992 1799 rnoustrare
1038 1746 1199 1810 viam,
1246 1743 1572 1812 insepultum
1628 1742 1899 1822 neminem
1938 1742 2229 1809 praeterire.

688 1835 801 1890 frno
828 1852 980 1891 suam
1005 1849 1221 1905 quoque
1238 1834 1506 1891 adversus
1547 1834 1725 1887 hostes
1750 1832 2043 1901 appellatos
2064 1832 2233 1901 aequi-

2343 653 2448 689 των
2473 636 2529 687 δὲ
2550 633 2964 703 θαυμαζόμενος
3015 633 3165 703 παρὰ
3216 636 3325 696 τοῖς
3376 633 3649 703 Ἕλλησιν,
3698 634 3762 697 ὡς
3794 640 3857 689 ut
3926 654 3927 679 ι

2345 727 2629 797 σεμνότητι
2655 726 2767 795 βίου
2794 724 3098 793 διενεγκὼν,
3127 726 3218 779 καὶ
3237 726 3455 796 δυνάμει
3479 726 3653 793 λόγων
3674 728 3763 778 καὶ
3782 745 3857 781 περ

2345 817 2426 869 θοῖ
2451 817 2652 878 πάντας
2700 817 2975 886 ὑπεράρας
3002 816 3123 877 τοὺς
3168 816 3223 866 ἐν
3272 814 3555 885 φιλοσοφίᾳ
3594 817 3855 882 γεγονότας,

2344 904 2447 957 ὑπὸ
2470 906 2575 957 τῶν
2602 905 2911 972 φασκόντων
2935 902 3121 956 δεινῶν
3148 899 3285 956 εἶναι
3310 903 3377 955 τὰ
3406 904 3676 966 πολιτικὰ,
3707 907 3855 976 μικροῦ

2340 998 2448 1050 δεῖν
2481 997 2864 1066 χλευαζόμενος
2894 996 2985 1047 καὶ
3030 995 3455 1065 κωμῳδούμενος
3499 995 3742 1049 διατελεῖ.
3767 998 3855 1051 Καί.

2340 1107 2420 1141 τοι
2451 1088 2696 1141 τάκείνου
2724 1086 2985 1139 σκώπτων
3012 1085 3123 1157 (49)
3159 1087 3363 1156 συχνῶς
3398 1104 3481 1150 τις
3512 1087 3577 1139 ἂν
3605 1088 3745 1157 εὖροι
3764 1090 3856 1157 ῥᾷον

2340 1180 2544 1243 καὶτὰς
2572 1180 2680 1231 τῶν
2706 1178 2910 1230 πολλῶν
2930 1177 3109 1244 ἔγγιον
3151 1178 3453 1247 συνηθείας.
3485 1178 3651 1240 Αὐτὸς
3677 1178 3728 1231 δὲ
3752 1178 3855 1231 [Dia

2338 1290 2443 1326 των
2471 1272 2835 1343 ὡμολόγηκεν,
2863 1273 2944 1323 ὅτι
2983 1272 3078 1341 τὴν
3120 1269 3288 1340 ἀληθῆ
3350 1271 3476 1341 περὶ
3517 1269 3610 1323 τοῦ
3654 1270 3857 1324 650666-

2338 1364 2434 1429 ξαν
2464 1367 2541 1425 είς
2574 1363 2671 1433 τὴν
2724 1364 2829 1415 τῶν
2868 1363 3036 1433 δχλων
3070 1363 3247 1415 ἄνοιαν
3295 1362 3392 1414 οὐκ
3429 1358 3496 1431 ἦν
3544 1362 3768 1429 ἀσφαλὲς
3794 1362 3858 1427 ἐξ.

2336 1456 2594 1520 ενεγκεῖν.
2636 1452 2793 1505 Ἀλλὰ
2844 1453 2911 1505 τὰ
2943 1453 3037 1521 μὲν
3061 1451 3339 1514 Πλάτωνος
3375 1452 3563 1519 λόγους
3610 1454 3740 1516 τινὲς
3772 1453 3854 1523 (50)

2337 1542 2472 1598 εἶναι
2514 1547 2699 1606 κενοὺς
2742 1544 3038 1614 νομίζουσι,
3088 1543 3229 1596 κατὰ
3258 1544 3455 1616 πολλὴν
3487 1546 3730 1611 ἐξουσίαν
3770 1547 3855 1617 (51)

2336 1634 2963 1706 κεκαλλιγραφημένους.
2994 1634 3239 1685 Μάλιστα
3259 1634 3313 1685 δὲ
3334 1635 3440 1686 τῶν
3468 1636 3759 1705 νομοθετῶν
3783 1645 3857 1689 Au-

2336 1723 2561 1794 κοῦργον
2611 1724 3002 1794 τεθαυμάκασι,
3060 1725 3152 1776 καὶ
3205 1725 3299 1794 τὴν
3354 1726 3608 1796 Σπάρτην
3660 1728 3855 1790 ἅπαντες

2334 1815 2609 1882 ὑμνοῦσιν,
2640 1816 2719 1867 ὃτι
2744 1818 2852 1876 τοῖς
2909 1816 3113 1868 ἐκείνου
3177 1816 3358 1885 νόμοις
3401 1819 3492 1869 ὲπὶ
3541 1819 3772 1871 πλεῖστον
3795 1821 3857 1871 ὲν·

685 1938 848 1983 tatem
878 1938 1123 1982 constare
1158 1927 1345 1990 voluit,
1378 1927 1504 1980 dum
1535 1941 1631 1979 nec
1662 1926 1876 1979 illorum
1918 1940 2073 1993 agros
2111 1924 2229 1992 igne

2333 1906 2721 1975 εκαρτέρησαν.
2759 1908 2962 1959 Οὐκοῦν
2987 1907 3143 1960 τοῦτο
3184 1908 3281 1977 μὲν
3306 1909 3667 1978 ὀμολογεῐσθω
3693 1913 3856 1981 τεκμή·

686 2022 908 2085 vastari,
951 2034 1047 2074 nec
1079 2019 1237 2073 mites
1283 2017 1502 2071 arbores
1546 2016 1748 2069 succidi
1793 2013 2057 2084 permisit.
2089 2011 2227 2077 Quin

686 2116 845 2165 etiam
876 2119 929 2163 et
956 2125 1068 2174 eos,
1101 2108 1193 2176 qui
1241 2108 1294 2160 in
1332 2107 1445 2159 aeie
1474 2105 1819 2167 cecidissent,
1865 2119 1892 2156 a
1934 2103 2231 2157 victoribus

689 2201 905 2272 Spoliari
935 2200 1231 2270 prohibuit,
1260 2209 1315 2252 et
1342 2200 1583 2266 captivos
1611 2197 1951 2265 maximeque
1978 2196 2231 2249 mulieres

690 2292 759 2346 ab
798 2292 1048 2345 omnibus
1093 2288 1305 2358 injuriis
1340 2288 1642 2341 vindicavit.
1676 2289 1754 2341 Ac
1780 2302 1880 2341 nos
1913 2287 1984 2339 ita
2014 2286 2230 2355 quidem

686 2382 752 2435 ad
803 2379 1267 2434 mansuetudinem
1310 2387 1364 2433 et
1402 2378 1789 2431 humanitatem
1824 2378 2063 2446 repetitis
2114 2377 2231 2431 lon-

686 2471 805 2542 gius
839 2470 1117 2539 praeceptis
1160 2466 1540 2531 condocefecit,
1574 2480 1631 2522 ut
1678 2483 1744 2521 ne
1789 2468 2067 2521 brutarum
2112 2468 2230 2536 qui-

684 2562 805 2614 dem
832 2559 1184 2612 animantlum
1214 2572 1401 2611 curam
1433 2557 1748 2625 neglexerit.
1780 2555 1915 2608 Nam
1948 2556 2039 2611 ubi
2081 2571 2108 2608 a
2154 2556 2230 2609 le-

685 2652 895 2719 gitimo,
930 2664 1088 2716 quem
1119 2658 1286 2701 unum
1323 2648 1587 2711 concedit,
1612 2661 1796 2717 earum
1834 2661 1936 2699 usu
1963 2645 2227 2699 discesse-

684 2740 785 2805 ris,
812 2739 956 2791 omni
1007 2739 1113 2792 alio
1156 2752 1379 2807 prorsus
1425 2738 1721 2791 interdixit.
1771 2734 1826 2789 Si
1869 2753 1987 2805 qua:
2027 2740 2229 2808 suppli-

685 2844 807 2883 cum
866 2830 1035 2882 instar
1099 2835 1314 2883 nostras
1391 2827 1444 2881 in
1482 2827 1637 2882 aedes
1692 2810 2227 2896 eonfugerintfeas

684 2920 913 2976 interﬁci
957 2921 1125 2974 vetuit
1161 2938 1174 2974 :
1215 2928 1307 2973 aut
1344 2928 1592 2987 parentes
1641 2932 1765 2973 cum
1813 2918 1976 2987 pullis
2022 2934 2053 2974 e
2100 2919 2228 2973 nido

680 3012 816 3073 tolli,
870 3021 962 3064 aut
1004 3012 1303 3065 animantes
1332 3011 1470 3075 illas,
1519 3026 1745 3081 quarum
1776 3025 1939 3081 opera
1984 3010 2229 3063 homines

681 3103 763 3155 uti
819 3102 1012 3167 solent,
1055 3102 1217 3156 etiam
1259 3103 1313 3154 in
1357 3101 1538 3155 hostili
1589 3102 1704 3157 solo
1761 3100 1984 3155 mactari
2031 3101 2223 3155 noluit.

682 3191 985 3262 'l‘antopere
1012 3192 1327 3262 benignitati
1352 3191 1654 3246 consultum
1684 3208 1803 3247 esse
1823 3193 1971 3246 omni
1992 3207 2057 3247 ex
2077 3202 2227 3262 parte

682 3287 927 3354 eupiehat
954 3304 967 3340 :
995 3287 1189 3355 partim
1223 3284 1457 3339 ferendis
1496 3284 1583 3348 iis,
1620 3301 1739 3355 qua:
1780 3286 1955 3339 adhuc
1988 3301 2224 3341 comme-

682 3389 905 3432 moratae
948 3388 1093 3443 sunt,
1141 3394 1367 3448 quaeque
1418 3379 1486 3432 ad
1533 3393 1745 3432 morum
1789 3377 2224 3443 informationem

682 3470 973 3537 pertinent,
1002 3471 1245 3540 legibus;
1270 3472 1463 3540 partim
1490 3472 1609 3525 aliis
1639 3471 1961 3539 quibusdam
1983 3470 2227 3541 sancien-

684 3560 790 3622 dis,
823 3560 1021 3628 quibus
1053 3562 1105 3613 in
1136 3562 1474 3630 superiorum
1501 3563 1808 3627 violatores,
1841 3562 1975 3614 citra
2003 3575 2228 3615 excusa-

682 3653 880 3705 tionem
930 3667 1164 3718 omuem,
1218 3667 1390 3721 preme
1435 3660 1761 3708 statuuntur.
1820 3651 2037 3706 Ptenam
2082 3652 2223 3705 enim

683 3744 873 3811 capitis
902 3744 1181 3813 plerisque
1215 3745 1524 3815 proposuit;
1558 3746 1647 3814 qui
1694 3744 2013 3799 adulterium
2044 3748 2225 3813 patra-

680 3838 853 3889 verit:
878 3838 969 3904 qui
1004 3837 1196 3905 puellae
1222 3836 1327 3889 vim
1370 3837 1647 3891 attulerit:
1677 3837 1767 3905 qui
1799 3835 1880 3889 vel
1924 3850 2123 3888 marem
2164 3836 2227 3887 de

683 3935 870 3993 stupro
900 3926 1166 3993 appellare
1197 3940 1384 3990 ausus,
1418 3926 1502 3979 vel
1527 3925 1812 3994 appellanti
1850 3932 2039 3993 sponte
2066 3925 2225 3977 obse-

680 4030 839 4073 cutus
887 4017 1007 4070 erit.
1056 4012 1245 4069 Exstat
1286 4016 1446 4070 etiam
1493 4016 1559 4069 de
1610 4016 1778 4069 servis
1818 4015 1904 4068 lex
1938 4014 2223 4082 ejusmodi,

682 4126 842 4179 quam
874 4109 1149 4177 deprecari
1179 4123 1336 4163 nemo
1362 4116 1543 4177 queat.
1572 4106 1646 4160 De
1686 4107 1953 4160 mensuris
1987 4104 2111 4159 item
2143 4114 2224 4159 at-

680 4218 786 4269 que
835 4203 1180 4269 ponderibus,
1227 4203 1271 4256 si
1322 4202 1443 4271 quis
1476 4201 1749 4269 ﬂagitium
1792 4198 1985 4252 hocin
2033 4212 2225 4267 genere

2337 2015 2444 2067 ριον
2468 1998 2663 2068 ἀρετῆς
2705 1994 2860 2061 εἶναι,
2905 1998 2964 2049 τὸ
3016 1998 3287 2052 πείθεσθαι
3331 2003 3442 2062 τοῖς
3496 2002 3693 2071 νόμοις
3739 2006 3779 2054 οἱ
3815 2003 3856 2053 ὀὶ

2332 2089 2781 2157 Λακεδαιμονίους
2810 2088 3202 2159 θαυμάζοντες,
3229 2093 3319 2143 τὸν
3346 2092 3566 2143 ἐκείνων
3595 2094 3768 2164 χρόνον
3786 2094 3857 2145 ἁν-

2330 2180 2873 2251 τιπαραὸαλλέτωσαν
2926 2184 3038 2245 τοῖς
3089 2182 3388 2252 πλείοσινῆ
3446 2183 3716 2253 δισχιλίοις
3742 2186 3859 2237 ἔτεσι

2330 2272 2429 2340 τῆς
2470 2273 2737 2342 ἡμετέρας
2770 2273 3058 2336 πολιτείας·
3098 2275 3190 2326 καὶ
3222 2274 3439 2345 προσέτι
3469 2276 3856 2344 λογιζέσθωσανκ

2330 2364 2410 2415 ὅτι
2438 2363 2842 2431 Λακεδαιμόνιοι
2873 2363 2989 2432 μὲν,
3020 2364 3140 2415 ὅσον
3166 2366 3250 2433 ἐφ’
3280 2364 3485 2417 ἑαυτῶν
3516 2367 3701 2437 χρόνον
3739 2360 3859 2434 εἶχον

2330 2454 2426 2522 τὴν
2464 2454 2787 2522 ἐλευθερίαν,
2819 2453 3057 2523 ἀκριὸῶς
3085 2455 3266 2518 ἔδοξαν
3307 2458 3430 2519 τοὺς
3478 2458 3676 2526 ⁴νόμους
3700 2458 3859 2525 διαφυ·

2331 2545 2559 2597 λάττειν·
2586 2547 2711 2597 ἐπεὶ
2737 2546 2915 2615 μέντοι
2944 2547 3069 2615 περὶ
3095 2548 3290 2609 αὐτοὺς
3328 2548 3570 2615 ἐγένοντο
3599 2549 3863 2619 μεταϐολαὶ

2329 2633 2425 2703 τῆς
2449 2632 2634 2702 τύχης,
2662 2634 2855 2704 μικροῦ
2883 2635 2992 2687 δεῖν
3039 2636 3291 2688 ἁπάντων
3332 2636 3639 2700 ἐξελάθοντο
3670 2638 3771 2691 τῶν
3792 2640 3861 2691 νό-

2334 2741 2469 2793 μων·
2494 2726 2651 2794 ἡμεῖς
2676 2724 2731 2776 δὲ
2756 2727 2811 2777 ὲν
2852 2726 3039 2795 τύχαις
3060 2727 3291 2797 μυρίαις
3340 2729 3621 2794 γεγονότες
3659 2729 3742 2780 διὰ
3780 2729 3861 2792 τὰς

2328 2813 2435 2865 τῶν
2464 2812 2887 2881 βασιλευσάντων
2917 2818 3015 2886 τῆς
3055 2818 3234 2881 Ἀσίας
3262 2818 3574 2888 μεταϐολάς,
3599 2819 3744 2873 οὐδὲν
3770 2818 3862 2888 (5%

2329 2906 2440 2965 τοῖς
2471 2905 2714 2974 ἐσχάτοις
2764 2907 2867 2959 τῶν
2922 2908 3105 2959 δεινῶν
3130 2910 3255 2971 τοὺς
3286 2911 3480 2980 νόμους
3510 2912 3817 2981 προῦδομεν.
3845 2928 3859 2958 ι

2331 2992 2512 3047 Ταῦτα
2540 2996 2635 3065 μὲν
2659 2996 2751 3047 καὶ
2776 2995 3030 3066 Ἰώσηπος
3057 2998 3183 3068 περὶ
3210 3000 3471 3067 τῆςρκατὰ
3521 3001 3717 3051 Μωσέα
3755 3000 3866 3050 Ἰου-

2328 3085 2490 3141 δαίων
2511 3088 2798 3171 πολιτείας.
2846 3091 2978 3161 Περὶ
3008 3090 3064 3142 δὲ
3107 3094 3207 3161 τῆς
3231 3092 3287 3143 ὲν
3332 3094 3442 3154 τοῖς
3492 3095 3581 3148 ὑπ’
3608 3092 3766 3144 αὑτοῦ
3794 3107 3866 3143 τει

2332 3176 2468 3231 θεῖσι
2493 3180 2672 3249 νόμοις
2695 3181 3123 3251 ὲπεσκιασμένης
3150 3183 3242 3234 καὶ
3267 3180 3626 3252 ἀλληγορικῆς
3657 3183 3867 3252 θεωρίας

2332 3263 2497 3323 πολλὰ
2530 3270 2663 3340 ἔχων
2692 3274 2884 3335 εἰπεῖν,
2929 3274 3196 3342 ἀπαρκεῖν
3231 3274 3465 3343 ἡγοῦμαι
3490 3274 3587 3336 τὰς
3634 3272 3867 3335 Ἐλεαζά-

2331 3378 2422 3435 ρου
2451 3364 2546 3415 καὶ
2583 3362 2983 3431 Ἀριστοϐούλου
3016 3364 3310 3433 διηγήσεις,
3359 3364 3562 3433 ἀνδρῶν
3592 3364 3651 3415 τὸ
3679 3364 3773 3433 μὲν
3800 3362 3870 3429 γέ-

2330 3468 2417 3513 νος
2454 3452 2716 3522 Ἐϐραίων
2775 3453 3053 3516 ἀνέκαθεν,
3095 3454 3182 3506 τὸν
3219 3454 3284 3506 δὲ
3338 3456 3527 3525 χρόνον
3577 3454 3716 3507 κατὰ
3762 3454 3869 3514 τοὺς

2328 3544 2660 3613 Πτολεμαίου
2712 3545 2931 3615 χρόνους
2975 3546 3399 3617 διαπρεῴάντωνζ
3428 3543 3525 3598 ⁷ον
3556 3549 3584 3598 ὁ
3637 3545 3871 3609 Ἐλεάζα-

2331 3652 2442 3706 ρος,
2472 3635 2563 3688 καὶ
2588 3636 2664 3704 τῷ
2707 3637 2803 3705 τῆς
2836 3636 3239 3708 ἀρχιερωσύνης
3283 3636 3549 3705 ἀξιώματι
3596 3634 3871 3707 τετιμημέι

2324 3742 2433 3787 νος,
2464 3726 2645 3794 μικρῴ
2666 3726 2921 3796 πρότερον
2948 3729 3077 3795 ἡμῖν
3101 3726 3367 3795 ἐδηλδῦτο·
3400 3727 3457 3788 ὃς
3488 3726 3552 3796 δὴ
3583 3730 3693 3788 τοῖς
3738 3725 3872 3795 παρὰ

2327 3810 2585 3880 βασιλέως
2608 3813 2682 3874 ὡς
2706 3814 2862 3865 αὑτὸν
2888 3814 3079 3881 ἥκουσι
3116 3813 3405 3883 πρεσϐείας
3426 3814 3606 3877 ἓνεκα,
3635 3818 3737 3885 τῆς
3776 3814 3871 3865 τῶν

2336 3902 2633 3973 Ἑϐραϊκῶν
2686 3902 2853 3970 λόγων
2894 3905 2985 3965 ἐπὶ
3028 3905 3124 3973 τὴν
3184 3903 3403 3957 Ἑλλάδα
3453 3906 3753 3977 μταὸολῆς
3794 3906 3872 3956 τὸν

2324 3992 2520 4061 τρόπον
2550 3994 2820 4045 ὑποτυπού
2831 4011 3003 4063 μενος,
3030 3995 3128 4063 τῆς
3158 3997 3213 4047 ὲν
3258 3999 3368 4058 τοῖς
3396 3998 3559 4067 ίεροῖς
3582 3997 3769 4065 νόμοις
3792 3995 3871 4045 ἁλι

2330 4084 2728 4154 ληγορουμένης
2779 4085 2917 4149 ἰδέας
2950 4086 3200 4157 τοιαύτην
3249 4089 3538 4158 πεποίηται
3586 4088 3749 4154 λόγου
3788 4086 3872 4156 τὴν

2330 4176 2689 4229 διδασκαλίαν.

682 4294 1028 4356 commiserit,
1086 4302 1179 4347 aut
1228 4294 1423 4362 injuste
1469 4293 1743 4361 quidpiam
1801 4291 2029 4357 doloque
2081 4290 2223 4342 malo
2258 4292 2557 4345 vendiderit
2592 4310 2618 4364 z_
2654 4290 2744 4359 qui
2791 4291 2872 4343 vel
2916 4307 2981 4344 ex
3057 4292 3217 4345 rebus
3286 4292 3477 4345 alienis
3524 4292 3743 4348 furatus
3783 4294 3871 4346 ali-

682 4386 807 4452 quid
844 4382 1023 4449 fuerit,
1054 4384 1137 4437 vel
1182 4385 1323 4451 quod
1352 4383 1446 4436 abs
1487 4398 1545 4437 se
1565 4383 1863 4450 depositum
1906 4394 2013 4431 non
2055 4387 2219 4441 esset,
2256 4381 2538 4434 abstulerit
2570 4399 2581 4433 :
2608 4396 2779 4448 pruna:
2805 4382 3061 4434 omnium
3090 4388 3236 4443 sunt,
3270 4395 3378 4434 non
3441 4384 3632 4450 quales
3699 4385 3872 4452 utique

683 4474 1080 4545 apud'crrteros
1113 4475 1371 4537 obtinent,
1416 4473 1509 4528 sed
1570 4474 1755 4541 quales
1824 4488 2033 4526 summa
2100 4470 2210 4524 fere
2272 4474 2531 4526 severitas
2561 4475 2881 4540 postulabat,
2915 4475 3246 4529 constitutae.
3290 4472 3419 4527 Nam
3455 4485 3548 4529 aut
3574 4477 3644 4530 de
3686 4492 3871 4544 paren-

682 4576 793 4617 tum
825 4565 1041 4634 injuria,
1079 4574 1169 4619 aut
1209 4565 1262 4618 in
1304 4565 1469 4619 Deum
1520 4565 1812 4632 impietate,
1844 4564 1937 4631 qui
2004 4563 2087 4615 vel
2157 4563 2295 4631 apud
2335 4579 2393 4617 se
2428 4566 2695 4634 cogitarit,
2738 4567 2783 4619 is
2830 4566 2894 4618 ad
2932 4574 3157 4618 mortem
3198 4566 3454 4619 continuo
3495 4568 3730 4635 rapitur.
3764 4565 3871 4619 1am

684 4657 772 4723 qui
819 4656 947 4725 legis
990 4655 1057 4709 ad
1096 4662 1355 4723 praecepta
1398 4656 1557 4709 rebus
1601 4655 1654 4707 in
1683 4654 1936 4708 omnibus
1978 4654 2369 4717 adhaerescunt,
2430 4656 2763 4724 propositum
2823 4655 2889 4709 iis
2948 4657 3229 4723 praemium
3297 4666 3401 4722 est,
3434 4671 3542 4710 non
3570 4667 3869 4727 argentum,

684 4747 763 4798 vel
788 4761 997 4807 aurum,
1026 4761 1134 4799 non
1166 4761 1359 4799 corona
1400 4760 1466 4801 ex
1528 4742 1776 4813 oleastro,
1842 4748 1926 4801 vel
1974 4748 2152 4817 appio.
2189 4758 2283 4801 aut
2346 4748 2561 4816 aliquod
2626 4746 2887 4814 ejusmodi
2952 4750 3275 4813 prmeouium
3328 4768 3340 4801 :
3392 4748 3484 4801 sed
3535 4748 3871 4801 conscienti:

686 4826 912 4903 quisque
953 4852 1065 4890 suae
1106 4836 1410 4889 testimonio
1458 4834 1605 4900 freti,
1666 4837 1809 4905 quod
1861 4846 1911 4891 et
1968 4836 2237 4905 legislator
2276 4845 2397 4889 ante
2424 4836 2685 4905 praedixit,
2715 4845 2769 4888 et
2790 4835 2930 4889 Deus
2952 4837 3263 4890 certissima:
3311 4837 3429 4889 fidei
3472 4837 3701 4905 pignore
3751 4853 3871 4892 con-

683 4928 934 4995 ﬁrmavit,
984 4930 1221 4983 futurum
1259 4930 1476 4982 omnino
1522 4930 1759 4993 credant,
1805 4944 1864 4985 ut
1912 4934 2002 5000 qui
2050 4933 2193 5000 leges
2230 4940 2538 4984 constanter
2556 4930 2908 4991 servaverint,
2963 4928 3028 4983 iis
3047 4944 3190 4993 vero,
3245 4937 3507 4983 utearum
3546 4946 3717 4985 causa
3756 4946 3877 4984 non-

686 5036 958 5088 nunquam
989 5029 1247 5090 oporteat,
1277 5031 1448 5075 morte
1477 5021 1724 5075 alacriter
1747 5030 2069 5091 strenueque
2093 5020 2415 5091 perfunctis,
2464 5030 2517 5074 et
2535 5035 2731 5073 novum
2750 5020 2999 5089 deinceps
3017 5032 3217 5082 ortum,
3261 5029 3314 5073 et
3365 5020 3488 5073 vita:
3536 5019 3870 5077 vicissimal-

686 5112 855 5165 terius
878 5110 1131 5180 longeque
1147 5112 1380 5166 melioris
1402 5110 1631 5165 fructum
1649 5110 1788 5165 Dens
1810 5112 1921 5181 ipse
1943 5115 2217 5184 largiatur.
2247 5111 2389 5177 'Qua:
2417 5110 2653 5181 profecto
2670 5111 2957 5165 scriberem
2997 5112 3110 5179 ipse
3149 5110 3450 5179 nunquam,
3474 5112 3577 5166 nisi

761 5246 869 5314 (49)
908 5244 1192 5319 ξκώπιξων
1231 5241 1489 5311 συχνιῶς,
1528 5252 1629 5319 etc.
1672 5238 1983 5319 Corruptus
2011 5246 2101 5299 hic
2140 5245 2214 5299 lo-

2371 5243 2507 5319 _(5l)
2566 5240 3215 5319 ἘξουσίαντςΕξουσίαν
3251 5244 3337 5319 bic
3516 5245 3618 5319 ft];
3662 5256 3868 5319 «sputu-

686 5312 807 5376 ως,
837 5331 901 5367 ex
931 5312 1163 5383 Josepho
1198 5322 1396 5383 partem
1445 5316 1731 5367 maximam
1767 5316 1987 5383 restitui
2023 5324 2217 5383 potest,

689 5387 817 5439 dum
857 5386 937 5455 ita,
970 5382 1093 5451 legit
1116 5420 1129 5443 ,
1152 5381 1416 5455 _m1tt'£iv_,
1444 5383 1609 5453 συχνά
1636 5400 1718 5445 τις
1760 5380 1825 5455 δν
1844 5380 2038 5455 εὕροις
2060 5386 2221 5454 ῥᾴονα

689 5455 834 5510 ὖντα.
861 5454 951 5505 καὶ
972 5449 1088 5513 ταῖς
1111 5449 1217 5502 τῶν
1465 5449 1611 5507 αἴτια
1641 5449 1959 5522 συνηθείαις.
1990 5449 2220 5507 Tantum

690 5538 788 5588 pro
819 5522 961 5593 αττια
989 5522 1345 5593 Eusebianum
1373 5520 1581 5590 ἔγγιον,
1622 5523 1704 5575 vel
1742 5520 2040 5593 ἑγγύτερα,
2073 5522 2220 5578 solli-

690 5590 936 5645 ciettdum
960 5592 1079 5644 erit.

760 5660 868 5727 (50)
908 5660 1128 5731 ᾼόγους
1159 5660 1334 5726 τινὲς,
1353 5668 1469 5731 _etc.
1501 5660 1681 5731 Longe
1712 5660 1901 5719 melius
1936 5674 2130 5731 quam_
2152 5669 2214 5714 ut

689 5724 776 5783 est
920 5724 1147 5797 Juscpbo
1220 5724 1578 5793 etVMontac”
1620 5724 1827 5800 ννόμους
1883 5724 2030 5793 τινας
2082 5728 2217 5784 εἶναι

685 5813 917 5859 καινούς.

2330 5310 2449 5374 σίας
2492 5310 2785 5381 ιιευτριιεεο
2840 5312 3051 5365 videtur
3099 5310 3385 5381 Iosephus,
3436 5314 3539 5371 nisi
3566 5310 3755 5370 lanci
3789 5314 3868 5371 Ii.

2326 5385 2491 5453 miam
2558 5384 2793 5436 hominis
2857 5382 2959 5433 hoc
3000 5381 3291 5453 in__genere
3334 5383 3650 5453 παρρησίαν
3685 5400 3717 5439 a
3746 5402 3867 5441 non-

2328 5452 2491 5506 nullis
2518 5453 2822 5518 sugillatam
2852 5464 2974 5505 esse
3002 5449 3145 5518 velit,
3220 5500 3222 5503 ,

2398 5520 2509 5588 (52)
2553 5516 2758 5573 Οὖδέν.
2790 5518 3083 5587 Legeeurn
3120 5516 3355 5587 losepbo
3374 5527 3429 5574 et
3449 5520 3545 5575 alt.
3574 5536 3866 5588 mancam,

2326 5590 2434 5641 οὐδ’
2473 5592 2551 5643 ὲν.
2575 5589 2677 5665 Sed
2712 5588 2857 5665 quod
2896 5589 3191 5665 prox..lin.
3220 5588 3507 5665 sequitur,
3531 5591 3863 5665 προθῶμεν,

2328 5655 2759 5734 anteponendum
2886 5655 2910 5720 ,ἡ
2930 5655 3304 5726 προάγομεν,
3323 5656 3469 5716 quod
3494 5655 3645 5716 ideh

2326 5738 2379 5780 et
2407 5727 2633 5782 Montne;
2670 5727 2942 5782 exhibent.
3358 5772 3359 5775 η
