3988 6340
146 282 261 337 625
1328 291 1647 347 PREPAR.
1680 288 1928 345 EVANG.
1970 287 2095 343 LIB.
2138 287 2268 341 VIII.
3292 287 3394 340 826

146 407 205 458 id
247 406 561 460 omnibus
594 420 658 459 ac
703 406 995 475 perlectum
1046 421 1167 463 esse
1224 408 1611 479 intelligerem,
1662 408 1941 461 hominum
1989 408 2272 475 plerosque
2316 414 2644 471 nostrorum,
2710 419 2778 459 ne
2812 405 2892 458 vel
2951 419 3056 458 una
3086 388 3187 459 sibi
3208 416 3390 458 contra

146 499 338 570 369
373 502 557 574 legem
594 504 803 558 vocula.
831 503 1121 571 excideret,
1180 505 1363 557 omnia
1420 505 1541 573 jam
1591 504 1785 572 saepius
1826 502 2035 556 fortiter
2065 502 2368 571 pertulisse.
2413 501 2569 566 Quod
2613 501 2657 556 si
2685 516 2793 554 non
2853 515 3024 569 usque
3056 500 3188 555 adeo
3213 501 3265 553 in
3295 502 3391 553 ho-

147 594 395 647 minum
469 596 714 651 omnium
757 596 1116 666 cognitionem
1157 609 1288 664 gens
1323 606 1506 648 nostra
1566 594 1819 659 venisset,
1860 609 2034 662 neque
2064 594 2335 661 singulare
2361 593 2651 647 voluntatis
2678 602 2873 647 nostra:
2905 592 3160 655 studium,
3187 605 3296 661 quo
3321 592 3393 645 le-

147 683 333 751 gibus
408 686 785 755 obsequimur,
854 686 906 740 in
945 701 1134 739 eorum
1197 686 1368 739 oculis
1411 700 1473 739 ac
1523 685 1642 738 luce
1671 694 1976 738 versaretur
2012 703 2024 738 :
2062 685 2107 738 si
2139 686 2262 754 quis
2326 686 2627 751 exsisteret,
2654 686 2746 753 qui
2774 685 2856 738 vel
2895 684 3136 739 instituta
3185 693 3390 751 nostra,

147 791 288 843 quae
321 778 614 847 descripta
646 780 743 833 abs
772 793 891 832 sese
946 778 1169 837 diceret.
1201 775 1402 830 Grzecis
1437 777 1780 830 audientibus
1818 778 2088 842 recitaret,
2137 784 2229 830 aut
2253 784 2403 831 extra
2449 776 2560 829 noti
2596 776 2745 831 orbis
2816 776 3093 838 terminos,
3128 775 3179 827 in
3210 790 3302 829 eos
3334 790 3394 829 se

147 866 407 922 alicubi.
442 869 692 923 homines
739 869 996 923 incidisse
1044 876 1329 931 narraret,
1353 867 1447 935 qui
1480 882 1603 919 cum
1639 875 1746 919 tam
1785 867 2019 936 graviter
2054 881 2117 920 ac
2145 868 2376 921 sublime
2416 867 2483 922 de
2507 866 2617 921 Deo
2658 867 2935 933 sentirent,
2996 876 3108 921 tum
3139 866 3294 919 etiam
3327 866 3392 920 iis

148 961 413 1033 legibus.
464 965 616 1032 plura
680 964 790 1034 jam
825 963 1022 1019 saecula
1053 962 1487 1017 constantissime
1520 962 1803 1014 viverent:
1844 961 2091 1030 equidem
2144 959 2198 1013 in
2242 974 2453 1014 summa
2485 973 2673 1013 omnes
2719 957 3069 1012 admiratione
3099 966 3209 1011 tum
3246 955 3391 1010 lutu-

148 1066 256 1107 ros
328 1054 620 1120 existimo,
689 1070 810 1109 cum
852 1056 918 1107 iis
957 1055 1120 1109 simul
1168 1049 1277 1106 tam
1320 1053 1629 1107 crebrarum
1670 1053 1813 1123 apud
1851 1069 1909 1108 se
1939 1052 2353 1108 conversionum
2387 1053 2439 1106 in
2467 1063 2700 1108 mentem
2728 1053 2951 1107 veniret.
2982 1050 3267 1105 Enimvero
3297 1052 3391 1119 qui

146 1158 229 1196 ex
298 1144 428 1198 illis
491 1144 647 1199 aliine
688 1146 941 1215 quiddam
974 1162 1038 1201 ac
1076 1148 1253 1201 simile
1279 1148 1345 1201 de
1376 1149 1562 1217 repub.
1607 1156 1661 1202 et
1722 1148 1930 1218 legibus
1958 1148 2194 1202 scribere
2220 1148 2399 1202 conati
2430 1156 2574 1211 sunt,
2608 1162 2701 1202 eos
2763 1147 2916 1217 quasi
2961 1155 3200 1201 monstra
3247 1162 3392 1214 qua:-

146 1232 293 1286 dam
338 1249 417 1287 ac
444 1236 686 1304 prodigia
742 1225 1191 1306 composuissent,
1238 1249 1294 1293 et
1333 1250 1650 1310 argumenta
1712 1242 1966 1296 humanis
1996 1241 2200 1295 viribus
2263 1241 2469 1310 majora
2534 1241 2911 1310 suscepissent,
2956 1239 3271 1307 reprehendi
3325 1240 3392 1292 ab

149 1326 445 1381 omnibus
470 1337 522 1381 et
546 1329 791 1382 accusari
816 1329 1081 1383 videmus.
1125 1331 1274 1384 Alios
1295 1346 1394 1399 ego
1434 1333 1786 1401 philosophos
1823 1341 2105 1402 praetereo,
2137 1331 2232 1401 qui
2292 1332 2345 1385 in
2387 1330 2548 1385 simili
2575 1330 2951 1400 disputationis
2981 1344 3170 1399 genere
3194 1329 3389 1383 versati

149 1427 323 1472 sunt.
356 1416 517 1472 Plato
540 1432 684 1474 certe
719 1419 981 1489 quidem;
1014 1419 1065 1474 is
1086 1410 1193 1490 qui
1223 1431 1438 1490 propter
1494 1423 1822 1491 singularem
1860 1423 1982 1477 vita:
2004 1438 2323 1492 morumque
2344 1423 2680 1493 gravitatem,
2706 1431 2762 1478 et
2800 1422 3051 1478 eximiam
3094 1421 3301 1476 dicendi
3330 1436 3391 1475 ac

149 1511 548 1578 persuadendi
596 1511 704 1564 vim
732 1553 761 1575 ,.
799 1527 905 1580 qua
961 1501 1404 1582 philosophorum
1464 1515 1737 1567 nationem
1778 1514 1935 1584 longe
1997 1514 2292 1585 superavit,
2355 1514 2663 1570 Graecorum
2696 1516 2936 1570 omnium
2969 1528 3078 1568 ore.
3108 1514 3176 1568 ad
3228 1512 3392 1567 mira-

150 1602 375 1656 culum
445 1618 616 1672 usque
683 1603 1035 1658 celebratur:
1071 1603 1178 1667 ille,
1212 1605 1455 1674 inquam,
1497 1604 1668 1669 Plato,
1719 1621 1932 1672 eorum,
1998 1608 2093 1675 qui
2134 1606 2335 1677 aliquid
2367 1622 2426 1662 se
2470 1607 2525 1661 in
2585 1622 2698 1676 rep.
2746 1606 2978 1675 gerenda
3024 1606 3207 1660 videre
3249 1604 3390 1658 arbi-

151 1699 423 1756 trantur,
457 1694 571 1748 risu
642 1709 809 1763 prope
869 1709 933 1751 ac
980 1696 1156 1750 sibilis
1200 1706 1455 1766 tanquam
1504 1698 1555 1751 in
1604 1698 1813 1751 theatro
1851 1713 2123 1767 scenaque
2152 1699 2453 1754 traducitur
2487 1719 2499 1752 :
2538 1700 2693 1769 cujus
2734 1710 2912 1755 tamen
2953 1701 3007 1754 si
3040 1700 3163 1768 quis
3190 1698 3290 1751 hac
3323 1697 3391 1751 de

151 1797 220 1836 ne
272 1786 495 1853 scripta
564 1785 847 1853 diligenter
892 1785 1169 1853 evolverit,
1223 1788 1270 1842 is
1317 1789 1561 1842 molliora
1629 1789 1905 1858 pleraque,
1942 1788 2196 1858 vulgique
2244 1791 2619 1846 consuetudini
2684 1792 2972 1846 admodum
3040 1789 3251 1860 gemina
3303 1802 3390 1841 re-

151 1876 376 1943 periet.
407 1873 541 1927 Nam
573 1874 690 1942 ipse
723 1877 944 1945 quidem
989 1877 1061 1931 ita
1107 1879 1409 1947 prolitetur,
1459 1895 1639 1935 veram
1703 1879 1769 1933 de
1808 1880 1918 1933 Deo
1948 1880 2276 1935 sententiam
2342 1882 2704 1939 multitudinis
2733 1878 2968 1938 stultitiae
3011 1896 3199 1937 secure
3242 1894 3388 1933 com-

154 1967 321 2037 mitti
364 1983 474 2020 non
532 1981 714 2035 posse.
764 1967 1028 2025 Caeterum
1076 1972 1175 2025 ista
1224 1969 1467 2027 Platonis
1537 1974 1781 2029 instituta
1819 1983 1965 2041 sunt,
1994 1975 2193 2045 quibus
2218 1976 2383 2031 verba
2443 1984 2646 2032 tantum
2682 1978 2884 2044 inania,
2910 1988 2962 2032 et
2980 1976 3388 2046 exquisitoquo—

154 2056 301 2110 dam
371 2057 601 2112 artiﬁcio
654 2066 903 2113 contexta
950 2060 1254 2118 videantur.
1309 2066 1377 2119 At
1433 2065 1740 2137 Lycurgum
1778 2069 1920 2138 quod
1988 2071 2200 2136 attinet,
2262 2070 2411 2125 illum
2450 2086 2639 2127 omnes
2673 2072 2729 2126 in
2771 2072 3123 2127 admiratione
3168 2070 3390 2136 habent,

160 2148 551 2218 Spartamque
600 2150 707 2203 hoc
754 2150 1093 2218 potissimum
1145 2157 1365 2211 nomine
1418 2159 1736 2227 praedicant,
1775 2159 1918 2229 quod
1963 2160 2137 2230 ipsius
2159 2161 2211 2215 in
2240 2142 2445 2232 legibus
2502 2162 2804 2220 diutissime
2860 2164 3204 2235 acquieverit.
3250 2165 3389 2234 Ergo

158 2244 426 2309 primum
482 2244 588 2295 hoc
638 2242 937 2311 habemus,
1008 2246 1223 2304 virtutis
1279 2261 1596 2320 argumento
1645 2267 1785 2316 esse,
1824 2253 1968 2321 quod
2018 2242 2224 2322 legibus
2274 2256 2662 2326 obtemperent.
2713 2256 2914 2313 Deinde
2974 2272 3245 2328 praecones
3298 2257 3385 2311 isti

160 2332 758 2399 Lacedaemoniorum,
814 2337 1070 2408 exiguum
1156 2341 1371 2397 illorum
1432 2344 1750 2399 constantia
1787 2354 1998 2413 tempus
2064 2360 2188 2399 cum
2247 2345 2460 2401 duobus
2492 2358 2545 2402 et
2567 2349 2795 2417 amplius
2821 2349 2954 2418 reip.
2988 2358 3185 2403 nostra:
3212 2362 3387 2400 anno-

160 2443 297 2484 rum
329 2423 887 2485 millibus'coni'erant
924 2452 936 2487 :
970 2442 1083 2488 tum
1118 2436 1194 2490 ita
1234 2454 1416 2518 secum
1484 2439 1584 2508 ipsi
1646 2449 1899 2507 reputent
1950 2438 2385 2497 Lacedarmonios
2448 2441 2704 2511 quamdiu
2768 2441 2941 2495 solum
2994 2441 3269 2508 antiquam
3318 2437 3385 2491 li—

162 2523 445 2577 bertatem
480 2524 715 2578 retinere
748 2535 1057 2594 potuerunt,
1080 2552 1087 2559 υ
1112 2544 1339 2584 suarum
1365 2545 1583 2601 quoque
1605 2532 1781 2601 legum
1821 2532 2116 2588 retinentes
2178 2532 2347 2588 fuisse
2381 2552 2394 2587 :
2432 2533 2522 2588 ubi
2552 2534 2694 2588 enim
2740 2531 2968 2592 fortuna:
3014 2531 3386 2588 inclinationes

161 2613 337 2670 facta
356 2613 708 2683 essent,'tum
737 2632 928 2671 earum
951 2619 1355 2681 simulomnem
1402 2638 1566 2694 prope
1616 2624 1939 2678 memoriam
2005 2624 2251 2681 funditus
2307 2626 2757 2696 abjecissezcum
2814 2626 3017 2682 interea
3072 2642 3170 2681 nos
3203 2623 3387 2677 iullui~

165 2708 243 2781 tis
287 2708 515 2762 casibus
555 2708 626 2761 ob
657 2707 977 2777 frequentes
1021 2726 1207 2783 regum
1239 2714 1382 2770 Asize
1448 2716 1773 2770 mutationes
1806 2716 2016 2786 jactati,
2056 2716 2220 2787 37o
2246 2732 2313 2772 ne
2371 2718 2425 2772 in
2456 2719 2721 2788 supremis
2744 2719 2958 2787 quidem
3001 2716 3255 2787 periculis
3286 2731 3387 2768 nu-

166 2806 324 2855 uras
393 2817 633 2871 unquam
699 2802 842 2871 leges
900 2805 1257 2873 prodidimus.
1305 2827 1324 2859 ι
1371 2807 1643 2865 Hactenus
1675 2809 1838 2863 etiam
1876 2807 2141 2879 Josepbus
2198 2810 2264 2864 de
2321 2808 2629 2864 Iudaeorum
2682 2824 2795 2879 rep.
2852 2824 2882 2862 a
2926 2806 3073 2862 Mose
3119 2805 3382 2860 instituta.

166 2888 298 2945 1am
350 2908 499 2954 vero,
524 2909 645 2947 cum
676 2894 841 2947 multa
872 2895 938 2949 de
989 2898 1309 2953 adumbrato
1343 2901 1578 2969 quodam
1631 2910 1682 2956 et
1713 2900 2002 2971 allegorica
2035 2900 2364 2956 sancitarum
2398 2901 2466 2955 ab
2520 2916 2585 2955 eo
2616 2901 2790 2969 legum
2835 2914 3021 2964 sensu.
3059 2911 3385 2952 commemo-

168 2998 302 3039 rare
335 2986 560 3052 possim,
609 2988 851 3042 Eleazari
876 2998 1053 3044 tamen
1118 2998 1173 3045 et
1233 2992 1531 3049 Aristobuli
1585 2995 1944 3065 explicatione
1992 3002 2279 3051 contentus
2306 3010 2422 3060 ero,
2450 2996 2541 3066 qui
2584 2995 2742 3049 ambo
2764 3002 2817 3047 et
2842 3008 3007 3065 genus
3038 2991 3105 3045 ab
3149 2989 3386 3044 llebrmis

173 3093 343 3132 suum
384 3080 699 3150 longissime
737 3093 1003 3153 repetunt,
1034 3093 1088 3139 et
1118 3085 1390 3141 Ptolemaei
1423 3089 1566 3159 regis
1594 3100 1858 3159 .tempore
1908 3091 2226 3146 ﬂoruerunt.
2280 3090 2569 3146 Eleazarus
2620 3091 2802 3160 igitur,
2833 3089 2881 3143 is
2938 3102 3099 3167 quem
3140 3084 3385 3141 sacerdo-

173 3172 238 3225 tii
272 3174 536 3244 dignitate
567 3180 879 3246 praestitisse
903 3180 1064 3250 paulo
1092 3192 1216 3237 ante
1250 3183 1556 3247 docuimus,
1584 3184 1776 3254 legatis
1831 3185 1897 3238 ad
1944 3201 2063 3241 sese
2090 3187 2159 3241 ab
2185 3203 2310 3257 rege
2354 3186 2557 3250 missis,
2608 3185 2898 3238 Hebraicas
2946 3183 3153 3236 litteras
3204 3181 3386 3236 Graeca

95 3282 99 3284 ‘
174 3266 365 3337 lingua
404 3269 640 3325 donandi
684 3274 947 3329 rationem
1004 3275 1323 3342 inlormans,
1363 3279 1429 3335 de
1469 3278 1752 3350 allegorica
1799 3280 2063 3335 sententia
2110 3281 2415 3337 divinarum
2463 3279 2639 3348 legum
2666 3274 2843 3329 verbis
2870 3273 3075 3337 inclusa
3104 3286 3223 3325 eam
3264 3285 3385 3339 (ιιιεε

174 3365 429 3435 sequitur
458 3365 877 3436 disputationem
912 3372 1164 3428 instituit.
1224 3374 1225 3377 “

704 3481 1096 3537 ΚΕΦΔΛΔΙΟΝ
1143 3486 1221 3541 Θ’.

2436 3476 2660 3536 CAPUT
2708 3478 2798 3536 lX.

188 3585 543 3670 ’τριαρίων
572 3592 883 3670 ἀρχιερέως
931 3599 1315 3670 ὑποτύπωσις
1360 3602 1475 3670 τῆς
1522 3603 1592 3656 ὲν
1621 3602 1742 3669 τοῖς

1847 3598 2134 3653 Eleazarus
2170 3596 2406 3667 pontifex
2442 3594 2708 3670 allegoria
2764 3609 2941 3670 sensus
2981 3593 3147 3670 sacris
3179 3589 3387 3670 _leg_ibua

248 3661 427 3740 ιεροῖς
469 3664 673 3740 νόμοις
715 3661 1239 3736 mamoch
1288 3661 1573 3740 διανὸίας,
1624 3661 1742 3727 τιπό

246 3735 371 3785 τῶν
405 3735 749 3801 Ἀρισταίου.

254 3860 275 3892 ι
306 3840 487 3906 ’Δξιον
538 3844 595 3897 δὲ
622 3846 1015 3924 ἐπιμνησθῆναι
1062 3847 1306 3921 βραχέων
1350 3852 1459 3923 (55)
1488 3854 1595 3907 τῶν
1622 3854 1744 3907 ὑπο-

178 3922 497 4014 ξιχθέντων
544 3932 634 3985 ὑπ’
674 3922 848 3987 αὑτοῦ
890 3937 1025 4011 πρὸς
1062 3938 1132 3991 τὰ
1166 3939 1232 3991 δι’
1282 3922 1445 4010 ἡμῶν
1478 3944 1739 4014 ὲπιζητη-

184 4010 360 4104 ριν-ια.
389 4018 645 4090 Νομιζειν
696 4022 805 4095 γὰρ
848 4010 959 4091 τοῖς
984 4050 987 4051 ν
1011 4027 1220 4091 πολλοῖς
1267 4029 1378 4099 (54)
1426 4010 1740 4104 περιερλτίάν

183 4102 324 4176 ἔχειν
353 4112 477 4166 τινὰ
492 4113 600 4168 τῶν
622 4116 680 4168 ὲν
708 4119 1101 4191 τῇ-νομοθεσίᾳο
1131 4121 1270 4189 λέγω
1294 4123 1350 4175 δὲ
1380 4124 1505 4195 περί
1524 4102 1742 4197 ἰε-βρω-

181 4198 287 4259 τῶν
305 4202 399 4255 καὶ
652 4211 744 4268 καὶ
767 4208 872 4265 τῶν
923 4212 1285 4284 νομιζομένων
1309 4215 1629 4287 ἀκαθάρτων
1661 4214 1739 4270 εῖ-

182 4307 265 4353 ναι
287 4293 591 4353 κνωδάλων.
615 4299 1035 4374 Πυνθανομὲνων
1064 4305 1169 4378 γὰρ
1194 4308 1226 4377 ή
1236 4306 1349 4377 μῶν
1376 4307 1463 4361 διὰ
1489 4309 1563 4373 τί,
1610 4310 1737 4380 μιᾶς

184 4383 484 4457 καταϐολῆς
508 4386 693 4462 οὔσης,
723 4392 791 4446 τὰ
819 4394 916 4465 μὲν
961 4396 1241 4469 ἀκάθαρτα
1289 4400 1567 4470 νομίζεται
1602 4402 1759 4473 πρὸς

183 4473 400 4548 βρῶσιν.
430 4477 500 4531 τὰ
526 4478 579 4534 δὲ
606 4482 701 4535 καὶ
728 4484 865 4556 πρὸς
887 4486 985 4559 τὴν
1026 4489 1184 4561 ἁφήνο
1208 4491 1605 4563 δεισιδαιμόνως
1631 4493 1738 4567 γὰρ

156 4567 246 4631 *τὰ
276 4569 501 4624 πλεῖστα
522 4569 619 4643 τὴν
654 4574 971 4643 νομοθεσίαν
993 4578 1154 4649 ἔχειν·
1196 4582 1253 4635 ὲν
1304 4583 1361 4636 δὲ
1390 4582 1599 4649 τούτοις
1638 4585 1740 4638 πά-

81 4682 83 4684 ·
181 4656 261 4722 λιν
285 4661 694 4733 δεισιδαιμόνως
720 4664 829 4738 (55)
852 4669 988 4738 πρὸς
1029 4671 1203 4727 ταῦτα
1225 4657 1411 4737 ὀὕτως
1456 4674 1734 4746 ὲκιήρξατο·

180 4749 413 4826 Omper
434 4752 544 4826 (58)
576 4756 680 4828 ἐφη
710 4756 820 4833 τὰς,
865 4759 1208 4833 ἀναστροφὰς
1241 4767 1343 4819 καὶ
1371 4766 1467 4831 τᾷς
1501 4767 1735 4837 ὁμιλίας,

178 4836 285 4938 gf”
306 4846 688 4919 ινιργάζονται
711 4844 956 4931 πρῶγμα·
978 4852 1133 4917 διότι,
1156 4860 1347 4921 κακοῖς
1364 4836 1736 4929 ὁμιλήάαντεςν
1769 4882 1811 4938 Β

530 4921 985 5014 ῑπιλαμὸάνουσιν
1016 4943 1311 5016 ἄνθρωποι,
1336 4921 1434 5005 xui.
1461 4921 1737 5017 τέλαίπωέ

182 5043 259 5096 pet
286 5022 617 5106 διὰτοῧην
652 5037 808 5090 clotv-
839 5037 935 5091 ἐὰν
984 5037 1041 5091 δὲ
1097 5042 1277 5106 σοφοῖς
1298 5042 1417 5111 ..καὶ
1454 5042 1736 5118 φρονίμοις

180 5119 428 5186 συζῶσιν,
450 5120 509 5188 ἑξ
534 5124 758 5192 dmin;
787 5127 1206 5206 ἐπανορθώσεως
1243 5132 1323 5195 εις
1348 5131 1441 5202 τον
1479 5134 1591 5205 βίον
1618 5135 1734 5188 ἐτυ-

1913 3671 2102 3724 inclusi
2137 3661 2397 3727 notionem
2436 3661 2710 3735 informat,
2742 3679 2805 3718 ea:
2826 3663 3057 3717 Aristaei
3087 3661 3315 3715 acrium.

1920 3866 1939 3898 ι
1983 3847 2159 3914 Atque
2178 3843 2290 3906 hic,
2313 3841 2492 3911 inquit
2515 3842 2794 3904 Aristzus,
2818 3852 2991 3908 opera:
3016 3836 3245 3906 pretium
3271 3835 3387 3889 fue-

1841 3939 1933 4004 rit,
1971 3951 2180 3999 eorum,
2201 3950 2335 4005 qua:
2364 3934 2431 3997 ad
2458 3933 2762 4003 propositas
2807 3946 2837 3985 a
2874 3930 3029 3984 nobis
3057 3928 3384 3999 qumstioncs

1841 4032 1957 4101 ipse
1990 4028 2302 4098 respondit,
2360 4025 2548 4095 paucis
2602 4023 2913 4079 meminisse
2961 4042 2972 4075 :
3023 4021 3220 4091 quippe
3261 4034 3384 4073 cum

1842 4123 2107 4184 minutam
2140 4120 2303 4176 nimis
2331 4116 2653 4187 quibusdam
2690 4115 2745 4169 in
2774 4116 2935 4169 rebus
2965 4111 3285 4185 lcgislaloris
3306 4110 3389 4165 di-

1840 4216 2118 4287 ligentiam
2152 4213 2321 4270 fuisse
2348 4211 2592 4282 plerique
2640 4209 2971 4263 arbitrentur
3015 4225 3027 4260 :
3084 4205 3387 4275 cuiusmodi

1841 4316 1989 4374 sunt,
2017 4307 2223 4378 quade
2242 4306 2639 4362 esculentorum
2672 4317 2735 4356 ac
2762 4301 3168 4372 poculentorum
3198 4297 3390 4351 discri—

1841 4400 2277 4469 mine,.itemque
2323 4398 2390 4453 de
2432 4398 2767 4467 impurarum
2811 4393 3165 4449 animantium
3198 4388 3387 4453 condi-

1845 4493 1992 4547 tione
2022 4500 2353 4547 statuuntur.
2371 4490 2535 4547 Nobis
2553 4504 2681 4557 ergo
2706 4483 3161 4557 percontantibus,
3197 4492 3390 4548 quam-

1840 4583 2049 4646 obrem,
2110 4598 2233 4637 cum
2280 4598 2387 4637 una
2432 4582 2678 4636 omnium
2715 4587 2858 4632 esset
2891 4574 3187 4641 eademque
3234 4570 3391 4624 moli-

1841 4673 1938 4735 tio,
1975 4672 2096 4726 aliis
2119 4680 2297 4726 tamen
2328 4672 2492 4733 vesci,
2530 4669 2632 4722 alia
2667 4668 2751 4722 vel
2783 4665 3067 4733 attingere,
3116 4662 3387 4732 piaculum

1840 4764 2131 4820 haberetur
2172 4780 2187 4815 :
2234 4762 2350 4817 haec
2397 4761 2543 4816 enim
2590 4758 2968 4829 superstitiose
3010 4765 3069 4810 ut
3096 4755 3389 4825 plurimum

1841 4856 1958 4925 lege
2010 4853 2214 4908 sancita
2262 4866 2402 4914 esse,
2442 4866 2563 4921 qua:
2608 4865 2715 4904 non
2747 4850 2929 4904 minus
2960 4846 3334 4917 superstitiose
3360 4858 3389 4896 a

1842 4947 2041 5003 Judaeis
2070 4946 2426 5000 observentur
2461 4966 2473 4997 :
2521 4943 2784 5000 illehnnc
2825 4941 2879 4995 in
2910 4941 3141 4999 modum.
3172 4952 3383 5005 respon-

1839 5041 1966 5097 dere
1990 5036 2153 5106 coepit
2178 5054 2191 5091 :
2237 5035 2417 5101 Vides,
2454 5035 2650 5105 inquit,
2677 5036 2811 5105 ipse,
2837 5032 3152 5105 quantavis
3178 5032 3246 5082 sit
3273 5044 3391 5082 mu-

1838 5141 1944 5187 tua:
1975 5128 2386 5195 consuetudinis
2408 5137 2571 5197 atque
2600 5126 2877 5183 societatis
2906 5143 2920 5178 :
2948 5140 3071 5187 cum
3104 5132 3158 5177 et
3190 5121 3393 5188 impro-

176 5222 283 5281 xcv.
328 5212 773 5285 Διασταλάμινος
813 5214 919 5273 οὖν,
950 5208 1155 5292 τὰπῆς
1202 5220 1474 5286 εὑσεδείας
1524 5225 1616 5281 καὶ
1659 5225 1733 5277 δι-

1840 5224 2029 5278 borum
2084 5236 2151 5276 ex
2200 5219 2548 5286 commercio,
2590 5233 2803 5273 morum
2836 5214 3209 5286 corruptelam
3245 5212 3393 5281 ejus-

178 5452 771 5534 ιάὼνίὶπιμγτὶσθῆναιξ
864 5452 865 5455 γ

178 5532 541 5666 ,Τοῖς
582 5532 854 5601 πὸλλθῗςι
904 5532 1294 5609 Reponeudum
1350 5536 1559 5595 videtur
1604 5543 1729 5605 τοὺς

250 5672 355 5755 (βε)
388 5674 581 5731 Πάλιν
602 5674 1511 5755 δεισιδαιμόνως.,Αι·ἰε,ιεοο,,ιειιη
1541 5696 1732 5739 manu-

175 5753 403 5815 scriptus
434 5763 598 5818 quam
646 5762 904 5817 exeusus,
948 5753 1088 5807 πάνυ
1129 5761 1334 5809 tantum
1371 5755 1556 5809 inserit
1591 5766 1731 5809 inter

1705 5434 1729 5443 -
1840 5400 1999 5453 πάλιν
2042 5406 2095 5453 et
2130 5398 2566 5467 δειριδαιμόνως,
2622 5395 2776 5467 quod;
2808 5388 3233 5467 lacunamsatis
3282 5404 3391 5467 non

1839 5472 2034 5534 explet.
2062 5459 2224 5523 Forte
2254 5469 2333 5521 sic
2356 5459 2656 5538 Ῑοεοηᾶιιηί
2671 5477 2725 5521 et
2748 5459 3388 5538 distinguendum‘fuerit,

1840 5530 2002 5595 πάλιν
2032 5540 2169 5592 πάνυ
2198 5530 2599 5609 δεισιδαῖμόνως
2626 5540 2749 5609 τοὺς
2782 5530 3061 5609 "latronibus
3080 5531 3207 5609 ,_vel
3233 5530 3391 5599 ἀρχοε-

1842 5612 2030 5682 μένοος
2052 5600 2541 5682 διακεῖιξθαι,-τέρὸς
2564 5604 2923 5682 ταῦταῌοῦτως
2953 5600 3047 5682 ὲνῄ
3058 5600 3235 5682 ρξᾳτο.

1911 5674 2021 5749 (56)
2062 5678 2326 5746 Θεωρεῖν.
2378 5674 2519 5749 Lege
2565 5678 2793 5749 Θεωρεῖς
2828 5690 2951 5729 cum
2996 5674 3259 5736 Arism;
3310 5678 3390 5725 est

1839 5754 1981 5807 enim
2016 5751 2277 5807 orationis
2302 5748 2539 5807 Eleazari
2571 5748 2915 5815 principium.
