4022 6342
157 293 295 348 039
1312 298 1629 357 PREPAR.
1672 300 1921 354 EVANG.
1961 298 2089 353 LIB.
2128 297 2261 353 VIII.
3282 299 3381 351 630

152 411 551 483 αλισγόμενοι,
574 414 704 484 μηδέ
720 415 1023 485 ὁμιλοῦντες
1056 417 1256 486 φαύλῳ,
1274 419 1593 489 διαστροφάς
1613 421 1724 490 λαμ

1848 420 2041 474 ferreis
2067 420 2222 489 quasi
2256 417 2526 471 manibus
2557 423 2736 484 septos
2762 430 2881 468 esse
2909 429 3007 467 nos
3041 416 3385 483 monitosque

161 502 471 575 δάνοιμεν,
499 505 758 559 πάντοθεν
779 508 926 576 ἡμᾶς
963 508 1320 577 περιέφραξεν
1358 510 1617 574 ἁγνείαις,
1653 515 1724 564 κα

1845 508 2037 573 voluit,
2063 523 2131 561 ne
2153 522 2278 560 cum
2307 506 2427 560 aliis
2455 504 2700 577 gentibus
2726 504 2807 557 vel
2842 505 3065 558 minimo
3092 505 3167 559 rei
3202 507 3386 576 cujus-

158 592 277 647 διὰ
306 594 543 663 βρωτῶν,
585 596 677 647 καὶ
723 597 919 659 ποτῶν,
971 598 1063 649 καὶ
1106 598 1268 667 ἁφῆς,
1297 601 1388 651 καὶ
1420 602 1601 671 ἀκοῆς,
1651 604 1724 654 κα

1843 614 1947 667 que
2003 597 2332 651 commercio
2388 595 2759 664 iungeremur,
2806 595 2899 648 sed
2936 610 3163 663 corpore
3225 598 3386 651 simul

158 684 434 753 ὁράσεως
459 688 701 753 νομικῆς.
732 686 804 737 Τὸ
826 685 933 755 γάρ
957 686 1181 739 καθόλου
1201 725 1216 748 ,
1267 689 1444 741 πάντα
1491 692 1625 761 πρὸς
1659 691 1724 743 τὸη

1844 690 2130 757 animoque
2172 688 2327 753 casti,
2358 686 2699 754 {utiliumque
2748 686 3056 755 opinionum
3110 688 3385 742 erroribus

161 775 419 843 φυσικὸν
444 774 596 842 λόγον
624 776 779 843 ὅμοια
806 776 1153 844 καθέστηκεν,
1184 776 1288 828 ὑπὸ
1318 780 1443 846 μιᾶς
1465 780 1724 849 δυνάμεως

1841 779 2093 847 expediti,
2111 794 2277 831 unum
2295 793 2455 846 supra
2471 788 2746 831 creaturas
2784 792 2971 832 omnes
3000 794 3065 833 ac
3086 791 3383 848 prapoten-

160 866 639 934 οἱκονομούμενα,
685 866 775 916 καὶ
814 865 933 917 καθ’
967 865 1023 918 ὃν
1055 866 1257 918 ἕκαστα
1292 866 1398 936 (62)
1432 866 1539 937 ἔχει
1587 868 1724 936 λόγοι

1843 880 1949 923 tem
1986 869 2153 923 Deum
2182 870 2499 923 coleremus.
2529 868 2709 936 Itaque
2737 882 2835 922 nos
2868 869 2969 937 ipsi
2990 885 3200 939 quoque
3224 872 3382 941 372

170 954 379 1023 βαθὺν,
415 956 504 1023 ἀφ’
531 949 603 1007 ὧν
628 954 939 1025 ἁπεχόμεθα
971 956 1111 1008 κατὰ
1133 957 1229 1026 τὴν
1258 960 1447 1027 χρῆσιν
1465 953 1618 1023 ,’καὶ
1660 956 1724 1023 οἷς

1841 960 2112 1029 principes
2139 958 2513 1030 Egyptiorum
2538 957 2862 1023 sacerdotes,
2893 959 2985 1027 qui
3019 960 3177 1014 altius
3217 961 3269 1014 in
3302 977 3384 1014 re-

167 1046 571 1117 συγχρὼμεθα.
598 1046 768 1115 Χάριν
800 1045 856 1099 δέ
889 1048 1380 1116 ὑποδείγματος,,ἒν
1423 1049 1455 1119 ἢ
1494 1050 1724 1121 δεύτεροι

1839 1066 1960 1104 rum
1990 1062 2299 1105 nostrarum
2343 1064 2540 1105 arcana
2572 1057 2939 1118 penetrarunt,
2977 1052 3196 1120 pr0prio
3228 1054 3382 1120 quasi

162 1136 500 1207 ἐπιδραμών
524 1154 606 1189 σοι
633 1136 875 1206 σημανῶ.
896 1139 987 1207 Μὴ
1018 1140 1124 1208 γάρ
1154 1141 1231 1201 είς
1263 1140 1349 1190 τὸν
1382 1158 1724 1197 καταπεπτω·

1838 1141 2077 1205 nomine,
2106 1139 2199 1194 Dei
2229 1141 2474 1194 homines
2516 1139 2867 1209 appellarunt.
2896 1139 2953 1193 1d
2981 1142 3121 1209 quod
3147 1142 3197 1194 in
3224 1143 3379 1204 alios,

164 1229 317 1282 κάτα
374 1227 526 1295 λόγον
570 1228 832 1299 εἰσέλθῃς,
882 1230 962 1282 ὅτι
1018 1230 1167 1299 μυῶν
1209 1231 1301 1283 καὶ
1359 1232 1546 1301 γαλῆς,
1576 1233 1607 1302 ἢ
1634 1234 1724 1286 τῶι

1840 1232 1933 1301 qui
1962 1248 1992 1285 a
2021 1232 2131 1284 veri
2164 1228 2411 1284 Numinis
2442 1229 2589 1284 cultu
2635 1230 2792 1283 alieni
2849 1239 2993 1295 sunt,
3034 1232 3181 1285 nullo
3221 1232 3381 1285 modo

160 1316 440 1368 τοιούτων
484 1318 638 1387 χάριν
704 1317 1020 1397 περιεργίας,
1070 1318 1381 1387 ποιούμενος
1435 1320 1724 1388 ἐνομοθέτει

1839 1321 2126 1377 convenire
2170 1329 2363 1390 potest.
2418 1319 2525 1375 Eos
2558 1321 2701 1374 enim
2741 1321 2921 1389 potius
2952 1321 3081 1383 cibi,
3110 1330 3289 1391 potus,
3319 1337 3381 1375 ac

164 1406 358 1460 ταῦτα
386 1409 607 1478 Μωσῆς,
639 1407 772 1461 ἀλλά
799 1395 933 1478 πρὸς
958 1395 1127 1479 ἁγνὴν
1176 1409 1477 1478 ἐπίσκεψιν,
1496 1413 1588 1463 καὶ
1617 1412 1724 1482 τρό

1839 1410 2145 1463 vestimenti
2206 1409 2452 1463 homines
2509 1408 2833 1477 appellaris,
2891 1411 3088 1479 quippe
3150 1426 3379 1479 quorum

170 1514 302 1551 πων
348 1496 703 1568 ἐξαρτισμδν,
750 1499 1093 1567 δικαιοσύνης
1124 1500 1284 1554 ἓνεκα
1317 1502 1525 1571 σεμνῶς
1562 1504 1724 1555 πάντα

1839 1501 2053 1553 animus
2078 1500 2130 1552 in
2165 1514 2345 1552 rerum
2374 1498 2602 1551 istarum
2643 1514 2775 1552 cura
2801 1507 2945 1554 totus
2974 1509 3027 1552 et
3058 1500 3379 1569 cogitatione

167 1587 560 1640 άνατέτακται.
590 1588 708 1639 Τῶν
733 1589 839 1659 γάρ
855 1590 1132 1653 πετεινῶν,
1150 1587 1229 1652 οἷς
1260 1590 1535 1661 χρώμεθα,
1563 1594 1724 1646 πάντα

1838 1598 2100 1644 versetur.
2157 1589 2311 1659 Apud
2356 1598 2573 1643 nostros
2624 1598 2824 1654 autem,
2881 1590 2972 1658 qui
3007 1589 3130 1643 vita:
3175 1599 3381 1657 tempus

166 1680 366 1748 ἥμερα
390 1677 711 1748 καθέστηκε,
747 1679 841 1731 καὶ
867 1679 1109 1748 διαφέρει
1131 1680 1501 1751 καθαριότητι,
1547 1685 1724 1752 πυροῖς

1838 1680 2149 1734 universum
2180 1679 2232 1731 in
2261 1694 2368 1731 una
2398 1679 2594 1732 divinae
2617 1678 2897 1748 potestatis
2929 1679 3381 1747 contemplatione

166 1772 277 1822 καὶ
304 1770 547 1839 ὀσπρίοις
572 1768 823 1840 χρώμενα
843 1770 976 1839 πρὸς
998 1770 1217 1841 τροφὴν,
1245 1749 1353 1825 οἷον
1400 1749 1724 1843 περιστεραὶ,

1834 1770 2091 1839 deligunt,
2127 1778 2323 1823 cuncta
2352 1769 2452 1822 ista
2484 1769 2688 1837 jacent.
2725 1768 2865 1836 Ergo
2897 1783 2963 1822 ne
2998 1783 3061 1822 ex
3091 1769 3251 1822 ullius
3281 1769 3380 1821 im-

165 1861 471 1931 τρυγόνες,
518 1861 749 1929 άτταγαὶ
773 1901 789 1925 ,
826 1862 1095 1932 πέρδικες,
1132 1862 1208 1915 ἐτι
1234 1862 1291 1915 δὲ
1332 1867 1510 1933 χῆνες.
1546 1866 1637 1917 καὶ
1670 1866 1724 1917 τά

1838 1861 1992 1930 probi
2030 1876 2130 1915 usu
2156 1870 2207 1914 et
2238 1858 2602 1913 familiaritate
2630 1858 2744 1912 vitii
2772 1858 3065 1928 quidquam
3095 1867 3149 1912 et
3181 1866 3374 1913 conta?

167 1950 317 2009 ἄλλα
340 1952 438 2003 ὅσα
462 1952 703 2006 τοιαῦτα.
726 1953 859 2022 Περὶ
890 1945 964 2004 ὧν
988 1952 1043 2005 δὲ
1065 1954 1431 2023 ἀπηγόρευται
1460 1955 1724 2020 πετεινῶν,

1837 1952 2011 2021 gionis
2040 1950 2375 2012 bauriamns,
2410 1949 2568 2004 certis
2606 1963 2704 2003 nos
2734 1964 2796 2002 ac
2845 1948 3098 2018 legitimis
3131 1950 3376 2003 esculen-

166 2044 432 2113 εὑρήσεις
453 2043 617 2114 ἂγριά
636 2062 695 2096 τε
716 2044 807 2097 καὶ
834 2046 1169 2115 σαρκοφάγα,
1191 2045 1282 2097 καὶ
1311 2046 1724 2099 καταδυναστεύ-

1838 2050 2039 2107 torum,
2096 2041 2526 2109 poculentorum,
2576 2048 2772 2105 tactus,
2823 2039 3060 2104 auditus,
3104 2045 3377 2108 aspectus,

164 2148 308 2184 οντα
332 2134 397 2202 τῇ
425 2132 550 2202 περὶ
584 2132 721 2185 αὐτὰ
741 2131 962 2201 δυνάμει
986 2131 1053 2185 τὰ
1076 2132 1252 2196 λοιπὰ,
1289 2134 1379 2185 καὶ
1409 2132 1504 2203 τὴν
1534 2136 1724 2205 τροφὴι

1833 2131 2040 2201 legibus
2068 2146 2132 2185 ac
2157 2131 2507 2200 religionibus
2537 2128 2761 2184 vallalos
2795 2129 3026 2199 undique
3054 2144 3117 2183 ac
3145 2128 3379 2182 munitos

168 2222 374 2291 ἔχοντα
425 2222 523 2291 τὴν
567 2221 866 2293 δαπάνησιν
914 2223 1017 2276 τῶν
1058 2224 1467 2295 προειρημένων
1518 2227 1724 2297 ἡμέρωι

1833 2239 1953 2279 esse
1975 2208 2163 2276 voluit.
2197 2222 2267 2276 Ut
2292 2221 2456 2287 enim,
2490 2222 2536 2275 si
2566 2232 2773 2277 natura:
2816 2222 3078 2275 duntaxat
3118 2221 3379 2274 rationem

171 2313 322 2378 μετὰ
351 2312 577 2374 ἀδικίας.
612 2309 688 2366 Οὐ
715 2313 870 2381 μόνον
890 2314 945 2366 δέ
968 2314 1156 2378 ταῦτα,
1182 2315 1317 2367 ἀλλὰ
1346 2316 1439 2368 καὶ
1486 2317 1609 2380 τοὺς
1636 2318 1724 2386 ἄρ-

1835 2312 2109 2376 babueris,
2157 2320 2213 2366 et
2260 2311 2453 2365 similis
2508 2312 2759 2365 universe
2817 2310 3149 2365 conditionis
3200 2309 3379 2362 omnia

167 2418 276 2460 νας
301 2401 394 2453 καὶ
423 2402 638 2471 ἐρίφους
661 2399 981 2472 ἁρπάζουσι,
1016 2406 1109 2457 καὶ
1145 2407 1269 2468 τοὺς
1310 2402 1627 2475 ἀνθρώπους
1678 2406 1724 2458 δὲ

1834 2410 1965 2472 sint,
1993 2416 2047 2461 et
2066 2421 2173 2460 una
2197 2406 2495 2474 eademque
2526 2412 2785 2473 potestate
2823 2403 3190 2472 gubernentnr
3218 2420 3230 2453 :
3263 2401 3377 2454 sin-

168 2490 447 2553 άδικοῦσι,
488 2492 711 2563 νεκρούς
748 2511 806 2546 τε
832 2495 925 2547 καὶ
978 2494 1204 2561 ζῶντας.
1261 2496 1592 2567 Παράσημον
1641 2492 1724 2549 οῦκ

1831 2500 1958 2569 gula
2008 2508 2210 2563 tamen,
2261 2497 2458 2565 quibus
2506 2504 2599 2549 aut
2645 2494 2993 2557 abstinemus,
3031 2501 3123 2545 aut
3154 2492 3373 2553 utimur,

166 2575 331 2628 ἔθετο
362 2577 449 2631 διά
502 2578 726 2642 τούτων,
776 2581 1057 2653 ἀκάθαρτα
1108 2585 1501 2654 προονομάσας,
1546 2587 1626 2639 ὅτι
1676 2586 1724 2638 δὲ

1832 2590 1941 2642 alto
1970 2588 2201 2657 quodam
2229 2586 2458 2640 consilio
2486 2594 2538 2638 et
2566 2584 2774 2637 ratione
2801 2584 3063 2636 nituntur.
3098 2582 3288 2649 Atque,
3320 2589 3377 2633 ut

168 2666 419 2735 ἐστι(65)
460 2669 600 2722 κατὰ
626 2670 833 2740 ψυχὴν,
870 2667 949 2736 οἷς
978 2676 1009 2745 ἡ
1044 2674 1325 2745 νομοθεσία
1368 2676 1724 2741 διατέτακται,

1833 2692 1900 2732 ex
1931 2676 2116 2746 paucis
2148 2676 2384 2730 aestimes
2410 2684 2623 2741 caetera,
2653 2689 2819 2727 unum
2855 2682 2949 2727 aut
2995 2672 3220 2724 alterum
3256 2688 3377 2724 cur-

166 2756 486 2831 δικαιοσύνῃ
512 2762 865 2831 συγχρῆσθαι,
890 2766 976 2817 καὶ
1009 2767 1207 2837 μηδένα
1250 2768 1724 2824 καταδυναστεύειι

1835 2765 1938 2821 sim
1970 2766 2249 2832 attingam.
2286 2761 2429 2817 Cave
2460 2764 2625 2826 enim,
2662 2770 2713 2815 te
2762 2761 2983 2813 humilis
3028 2760 3160 2812 adeo
3192 2760 3378 2812 subeat

168 2848 503 2913 πεποιθότας
538 2852 680 2921 ίσχύῖ
710 2856 774 2922 τῇ
801 2854 1026 2921 ἑαυτῶν,
1055 2858 1175 2927 μηδ’
1217 2858 1562 2929 ἀφαιρεῖσθαι
1604 2861 1724 2932 μήθ¹

1834 2856 2160 2925 indignaque
2191 2853 2464 2923 cogitatio,
2501 2852 2656 2922 quasi
2685 2850 2942 2913 murium,
2977 2858 3071 2902 aut
3116 2851 3375 2902 mustela-

166 2937 255 3001 δν,
280 2937 394 2990 ἀλλ’
418 2942 480 2992 ὲκ
504 2941 830 2995 δικαιοτάτου
880 2943 992 3013 βίου
1044 2947 1415 3019 διακυϐερνᾷν·
1436 2950 1511 3013 ὡς
1534 2951 1602 3005 τὰ
1624 2950 1724 3007 τῶν

1832 2962 1978 3010 rum,
2029 2956 2121 3000 aut
2147 2953 2461 2999 cazterarum
2507 2940 2771 3012 ejusmodi
2806 2956 2987 2994 rerum
3032 2954 3195 2994 causa
3226 2938 3376 2991 valde

126 3074 129 3077 ,
169 3031 585 3131 προειρημένων
607 3033 861 3086 πετεινῶν
884 3036 1064 3107 ἥμερα
1097 3039 1208 3101 ζῶα
1236 3039 1367 3109 (64),
1395 3041 1463 3095 τά
1490 3045 1724 3115 φυόμενα

1832 3036 2119 3102 sollicitus,
2158 3049 2219 3090 ea
2249 3034 2425 3089 Moses
2476 3032 2799 3097 instituerit;
2859 3040 3008 3085 caste
3039 3029 3218 3084 omnia
3253 3046 3376 3083 san—

166 3120 281 3177 τῶν
310 3122 547 3193 ὀσπρίων
576 3126 666 3178 ἐπὶ
692 3131 794 3198 γῆς
821 3127 1050 3198 δαπανᾷ,
1083 3130 1254 3182 καὶού
1278 3133 1728 3188 καταδυναστεύει

166 3212 310 3281 πρὸς
339 3213 434 3283 τὴν
475 3216 816 3290 ἐπαναίρεσιν
854 3220 976 3273 οὔτε
1018 3221 1124 3274 τῶν
1150 3223 1583 3294 ⁸ὑποϐεϐηκότων
1606 3225 1728 3279 οὕτε

164 3302 279 3356 τῶν
306 3306 653 3371 συγγενικῶν.
681 3309 778 3362 Διὰ
808 3310 1008 3365 τούτων
1040 3307 1130 3365 οὖν
1173 3314 1483 3384 παρέδωκεν
1524 3319 1553 3370 ὁ
1574 3333 1733 3387 νομο-

166 3393 335 3462 θέτης
358 3396 708 3465 σημειοῦσθαι
749 3403 857 3463 τοῖς
890 3406 1163 3467 πνετοίς,
1202 3401 1340 3457 εἶναι
1377 3406 1611 3472 δικαίους
1648 3426 1727 3471 τε,

167 3485 268 3536 καὶ
299 3483 459 3553 μηδὲν
491 3485 750 3543 ἐπιτελεῖν
776 3486 883 3558 βίᾳ,
919 3492 1071 3559 μηδὲ,
1100 3494 1165 3562 τῇ
1206 3493 1332 3564 περὶ
1352 3494 1545 3558 αὐτοὺς
1588 3497 1731 3567 ίσχύῖ

167 3571 517 3636 πεποιθότας,
574 3574 787 3643 ἐτέρους
840 3578 1343 3634 καταδυναστεύειν.
1402 3586 1572 3636 Ὅπου
1624 3586 1732 3656 γὰρ

166 3662 281 3715 οὐδ’
306 3662 539 3731 ἅψασθαι
570 3664 771 3737 καθῆκε
797 3666 901 3719 τῶν
927 3671 1332 3739 προειρημένων
1368 3673 1457 3725 διὰ
1481 3676 1579 3745 τὴν
1606 3678 1733 3746 περὶ

166 3754 377 3807 ἓκαστα
406 3754 660 3822 διάθεσιν,
688 3758 803 3822 πῶς
831 3760 891 3812 οὑ
915 3760 1209 3827 φυλακτέον
1262 3766 1574 3819 παντάπασι
1606 3770 1731 3830 τοὺς

166 3839 407 3916 τρόπους
432 3848 509 3909 εἰς
532 3848 688 3902 τοῦτο
720 3852 1169 3922 κατακλεισθῆναι
1225 3855 1367 3926 (65);
1412 3859 1596 3911 Πάντα
1638 3855 1729 3912 οὖν

166 3936 240 3995 τά
268 3938 681 4007 συγχωρηθέντα
704 3943 795 3994 ἐπὶ
820 3944 1019 3996 τούτων
1053 3946 1143 3997 καὶ
1166 3945 1271 3996 τῶν
1299 3948 1510 4017 κτηνῶν
1542 3967 1730 4020 τροπο-

167 4025 346 4093 λογῶν
388 4030 674 4085 ἐκτέθεικε.
708 4034 780 4084 Τὸ
810 4036 913 4105 γάρ
944 4034 1241 4105 διχηλεύειν
1274 4039 1367 4090 καὶ
1406 4040 1728 4093 διαστέλλειν

167 4118 343 4185 ὁπλῆς
368 4120 560 4189 δνυχας
578 4124 796 4193 σημεῖόν
819 4126 932 4177 ἐστι
951 4127 1041 4179 τοῦ
1064 4127 1387 4180 διαστέλλειν
1402 4130 1603 4183 ἕκαστα
1621 4132 1727 4184 τῶν

169 4206 422 4277 πράξεων
445 4211 536 4263 ἐπὶ
562 4211 624 4263 τὸ
654 4212 832 4275 καλῶς
856 4214 994 4283 ἕχον.
1036 4216 1098 4266 Ἠ
1120 4215 1227 4285 γὰρ
1264 4219 1412 4287 ἰσχὺς
1446 4218 1552 4270 τῶν
1592 4220 1725 4273 ὅλων

172 4296 439 4365 σωμάτων
482 4300 618 4368 μετὰ
666 4303 940 4371 ἐνεργείας
989 4306 1265 4376 ἀπέρεισιν
1314 4307 1421 4377 (66)
1463 4309 1555 4359 ἐπὶ
1599 4310 1723 4373 τοὺς

1830 3135 2021 3196 cteque
2049 3127 2262 3197 provisa
2302 3134 2446 3192 sunt,
2477 3134 2638 3195 atque
2685 3132 2743 3177 ut
2790 3123 2857 3176 ad
2892 3138 3103 3175 morum
3164 3120 3374 3173 confor-

1829 3218 2122 3272 mationem
2166 3218 2391 3285 integre,
2433 3216 2511 3269 sic
2536 3215 2600 3268 ad
2629 3213 2935 3281 mquitatem
2996 3209 3371 3264 stabiliendam

1829 3302 2061 3377 graviter
2086 3313 2401 3372 matureque
2435 3303 2658 3356 sancita.
2684 3299 2816 3354 Nam
2846 3315 2910 3352 ex
2936 3299 3125 3351 avibus
3158 3299 3373 3366 quidem

1829 3412 2020 3452 vescas
2074 3403 2282 3450 tantum
2330 3410 2422 3448 eas
2467 3408 2589 3447 esse
2620 3391 2808 3456 voluit,
2841 3404 2960 3460 quae
2992 3404 3113 3444 cum
3166 3389 3373 3442 cicures

1829 3498 2011 3545 essent
2054 3504 2119 3543 ac
2168 3499 2485 3549 mansuetaa,
2536 3494 2648 3541 tum
2684 3485 2890 3539 cazteris
2923 3484 3079 3551 longe
3109 3482 3371 3551 puriores.

1831 3596 1937 3635 non
1967 3579 2071 3632 nisi
2096 3579 2273 3632 tritico
2298 3586 2352 3631 et
2394 3578 2756 3647 leguminibus
2784 3584 3155 3640 vescerentur;
3188 3575 3372 3641 cujus-

1831 3668 1977 3722 modi
2008 3677 2135 3723 sunt
2164 3668 2446 3731 columbae,
2503 3675 2764 3728 turtures,
2790 3673 3071 3734 attagena},
3107 3664 3370 3730 perdices,

1829 3774 2067 3823 anseres,
2092 3774 2153 3812 ac
2188 3759 2407 3826 reliqua:
2443 3758 2494 3811 id
2524 3773 2713 3827 genus.
2741 3758 2941 3813 Contra
2973 3769 3118 3817 vero,
3142 3768 3369 3822 quarum

1828 3848 1987 3905 nobis
2017 3864 2111 3901 esu
2146 3849 2489 3902 interdictum
2522 3857 2621 3909 est,
2657 3862 2749 3901 eas
2782 3847 3044 3899 immanes
3082 3859 3220 3906 esse,
3254 3860 3369 3896 car-

1830 3937 2096 4005 nibusque
2126 3928 2271 4006 pasCi
2312 3938 2569 4007 reperies,
2602 3953 2699 3991 nec
2727 3938 2780 3990 in
2812 3937 2945 3991 alias
2980 3935 3140 3989 modo
3171 3936 3276 3987 vim
3308 3950 3369 3989 ac

1829 4026 2161 4095 tyrannidem
2186 4041 2454 4089 exercere,
2486 4026 2574 4079 sed
2602 4040 2789 4077 earum
2824 4024 3007 4089 etiam,
3057 4039 3191 4091 quas
3226 4025 3370 4077 cicu-

1829 4131 1915 4169 res
1958 4116 2068 4184 jam
2114 4125 2235 4170 ante
2262 4117 2519 4181 diximus,
2556 4116 2767 4168 laniena
2805 4115 3067 4183 injurinse
3115 4116 3379 4183 saginari.

1827 4205 2145 4274 Quanquam
2178 4222 2281 4259 non
2317 4207 2435 4259 illas
2464 4214 2692 4270 tantum,
2730 4207 2822 4261 sed
2852 4222 3019 4275 agnos
3064 4208 3223 4261 etiam
3260 4207 3371 4261 ba:-

1825 4297 2029 4365 dosque
2060 4296 2297 4365 rapiunt,
2326 4297 2681 4366 hominesque
2704 4308 2946 4352 mortuos
2972 4299 3169 4367 pariter
3198 4298 3371 4349 viven-

170 4386 351 4458 ὤμους
375 4389 483 4458 ἔχει
510 4394 603 4446 καὶ
624 4395 691 4448 τά
715 4397 895 4467 σκέλη.
922 4398 1071 4451 Μετὰ
1099 4397 1375 4467 διαστολῆς
1400 4394 1492 4451 οὖν
1513 4400 1723 4453 ἅπαντα

1826 4396 2012 4456 tesque
2042 4388 2263 4441 laedunt.
2323 4386 2507 4457 Itaque
2556 4390 2683 4443 dum
2716 4390 2954 4459 impuras
2990 4389 3107 4441 illas
3137 4388 3369 4455 appella—

170 4480 435 4533 ἐπιτελεῖν
469 4482 602 4552 πρὸς
624 4484 965 4559 δικαιοσύνην
995 4487 1306 4556 ἀναγκάζει,
1350 4488 1427 4558 τῷ
1467 4490 1721 4558 σημειοῦ-

171 4569 295 4623 σθαι
330 4572 437 4641 (67)
465 4572 551 4625 διὰ
582 4574 804 4629 τούτων.
840 4580 959 4631 Ἔτι
985 4580 1041 4632 δὲ
1065 4580 1157 4633 καὶ
1178 4580 1310 4633 διότι
1340 4581 1487 4650 παρὰ
1518 4583 1724 4645 πάντας

169 4661 482 4732 ἀνθρώπους
502 4664 869 4732 διεστάλμεθα.
898 4670 959 4720 Ui
983 4669 1091 4739 γὰρ
1126 4670 1363 4733 πλείονες
1387 4670 1491 4721 τῶν
1524 4671 1723 4725 λοιπῶν

169 4750 395 4815 ἐαυτοὺς
422 4754 732 4823 μολύνουσιν
757 4742 1188 4824 ἐπιμισγόμενοι,
1226 4760 1599 4823 συντελοῦντες
1628 4780 1722 4829 με-

169 4839 339 4909 γάλην
371 4843 606 4896 ἀδικίανο
635 4846 726 4897 καὶ
752 4840 945 4914 χῶραι,
972 4848 1066 4898 καὶ
1094 4849 1275 4912 πόλεις
1317 4850 1435 4903 ὅλαι
1470 4851 1561 4901 ἐπ)⁵
1601 4852 1722 4902 τού-

168 4944 281 4992 τοις
331 4934 694 5002 σεμνύνονται·
722 4937 781 4987 οὐ
832 4935 989 5005 μόνον
1020 4935 1128 5007 γὰρ
1176 4940 1312 5010 πρὸς
1342 4941 1570 5010 ἄρρενας
1610 4941 1718 5011 (68)

240 5094 350 5159 (62)
388 5099 527 5176 καθ’
553 5099 626 5152 ὃν
644 5102 889 5176 ἕκαστα.
919 5104 1083 5159 Arist.
1111 5115 1356 5176 uterque.
1379 5125 1499 5164 cum
1531 5125 1720 5163 manu-

172 5166 574 5244 scr..omnibus,
605 5170 725 5221 καθ’
747 5171 803 5223 ἐν
832 5174 1075 5227 ἕκαστον.
1105 5166 1490 5231 Οηιηὶηοκαθ
1512 5180 1570 5230 ἐν
1592 5195 1715 5232 vera

173 5231 334 5312 lectio
375 5243 457 5312 est
483 5251 495 5285 :
524 5235 988 5312 Exactaretineri
1033 5252 1224 5312 potest.
1283 5245 1493 5302 Mallem
1538 5231 1715 5303 tamen

174 5300 288 5370 an‘
314 5302 369 5353 ἓν
399 5302 457 5353 δέ
477 5319 637 5370 quam
668 5309 759 5359 καὶ
783 5313 899 5364 καθ’
933 5314 1010 5367 ἐν.

240 5369 347 5439 (65)
379 5369 758 5453 Ὅτιίεξστι..
800 5382 963 5453 Arist.
1000 5392 1254 5452 uterque,
1298 5383 1379 5435 ὅτι
1414 5384 1531 5437 δέον
1563 5386 1712 5449 ἐστί,

174 5456 287 5510 qua:
315 5456 437 5494 vera
466 5442 598 5510 milii
630 5443 793 5499 lectio
822 5451 935 5504 visa
963 5461 1063 5507 est.

1827 4486 1928 4541 ret,
1963 4492 2055 4532 eos
2085 4478 2266 4543 simul,
2300 4480 2497 4547 quibus
2550 4478 2693 4546 leges
2749 4477 3078 4537 ferebantur,
3130 4476 3365 4541 ipsarum

1824 4568 1966 4621 notis
1996 4583 2059 4621 ac
2082 4569 2339 4637 symbolis
2368 4568 2714 4630 admonebat,
2738 4566 3040 4633 :equitatem
3076 4564 3255 4615 animo
3284 4562 3365 4613 fn-

1822 4658 2047 4709 vendam
2095 4672 2159 4709 ac
2208 4656 2540 4709 retinendam
2592 4670 2731 4717 esse,
2779 4654 3011 4721 potentia
3056 4652 3367 4720 viribusque

1822 4748 1936 4801 suis
1962 4747 2027 4800 ad
2064 4746 2467 4815 opprimendam
2510 4746 2739 4797 aliorum
2788 4744 3111 4810 libertatem,
3140 4755 3232 4799 aut
3275 4760 3365 4800 cos

1822 4838 1928 4891 ullo
1962 4837 2037 4889 rei
2073 4851 2268 4905 genere
2310 4836 2620 4904 spoliandos
2676 4851 2951 4905 nunquam
2986 4836 3311 4889 abutendum
3350 4856 3361 4888 :

1818 4928 1909 4982 sed
1943 4928 2121 4996 potius
2162 4941 2372 4980 summa
2404 4942 2525 4979 cum
2566 4927 2817 4995 aequitate
2864 4928 3026 4980 vitam
3076 4926 3362 4979 instituen-

1886 5107 1994 5178 (65)
2034 5105 2567 5175 Κατακλεισθῆναι.
2614 5107 2855 5163 Aristeas
2899 5116 3143 5172 uterque,
3198 5122 3362 5158 κατα-

1815 5178 2124 5246 κλασθῆναι,
2152 5178 2361 5231 melius.

1886 5242 2015 5313 (66)
2034 5247 2381 5314 Ἀπέρεισιν.
2408 5244 2498 5299 Sic
2524 5246 2686 5299 Arist.
2714 5255 2957 5313 uterque,
2980 5242 3121 5314 quod
3157 5253 3361 5297 rectum

1813 5312 2354 5396 est;‘quod_'autem
2413 5318 2565 5386 prius
2630 5312 2929 5385 legebatur,
2986 5312 3128 5382 ἅπερ
3185 5314 3361 5378 εἰσίν,

1813 5402 2033 5438 omnino
2073 5395 2346 5439 vitiosum.

1882 5455 1992 5522 (67)
2033 5454 2115 5520 Τῷ
2146 5454 2443 5523 anus-ma,
2465 5466 2567 5509 etc.
2597 5455 2759 5509 Iidem
2786 5453 2971 5515 Arist.,
2991 5452 3054 5504 τὸ
3084 5468 3239 5522 σημ.,
3277 5469 3363 5507 τε·

239 5510 347 5579 (64)
369 5510 518 5565 Ζῶα.
545 5508 738 5592 Vocem
771 5517 1239 5592 hancirreptitiam
1256 5521 1523 5585 existimo,
1549 5540 1709 5592 quam
1809 5508 1968 5580 etins.

174 5587 348 5661 tamen
378 5591 676 5661 agnoscunt
725 5600 933 5644 omnes.
980 5587 1137 5647 certe
1178 5593 1244 5648 de
1279 5593 1467 5647 avibus
1501 5587 1709 5651 tantum

172 5650 434 5706 cicuribus
457 5651 654 5722 agitur.

1881 5593 1990 5663 (68)
2013 5594 2180 5666 (Πρὸς
2206 5595 2473 5663 ἇρῤενας.
2503 5594 2689 5659 Arist.,
2714 5595 2840 5666 τοὺς
2866 5592 2990 5663 app.
3021 5591 3181 5648 Forte
3210 5593 3341 5666 άρῤε

1809 5682 1903 5733 νας
1933 5665 2063 5729 πρὸς
2086 5664 2335 5735 ἄρρενας,
2368 5668 2444 5722 vel
2476 5666 2694 5734 ἄρρεσιν
2723 5663 2975 5733 ἄρρενας.
