3988 6340
773 394 876 449 835

1396 394 1481 449 EU
1495 391 1667 448 SEBll
1705 393 2185 451 CESARIENSIS
2220 396 2300 451 ΟΡ

2413 397 2592 453 PARS
2629 397 2695 453 11.
2734 430 2803 437 -
2841 398 3337 456 Αιιοιοιιιετιω.
3898 408 3976 464 636

771 514 999 565 aliorum
1042 510 1291 575 iniuriam
1351 512 1499 566 abuti
1532 520 1695 566 vetat.
1729 512 1886 577 Quod
1919 512 2058 566 idem
2088 513 2300 567 similite

2407 558 2414 574 ,
2440 514 2535 567 τοῦ
2566 516 2751 584 νόμου,
2783 516 2849 584 ἢν
2875 517 3153 586 προῆγμαι
3181 517 3507 586 διασαφῆσαί
3537 534 3643 578 σοι.
3663 520 3970 592 Φιλόκρατες,

770 600 825 655 lu
882 602 1281 671 prohibitarum
1314 602 1674 655 animantium
1718 610 1910 654 natura
1945 610 1998 656 et
2021 603 2333 657 conditione

768 694 1030 764 reperias.
1056 693 1410 748 Mustelarum
1444 694 1589 748 enim
1613 702 1668 747 et
1702 694 1965 759 murium,
2005 710 2071 749 ac
2112 704 2334 749 caetera-

766 799 885 836 rum
920 784 971 837 id
989 800 1181 853 genus,
1212 784 1411 851 quibus
1440 783 1583 837 haud
1609 784 1751 837 vesci
1778 783 1858 837 fas
1887 792 1989 847 est,
2028 785 2331 838 maleﬁcum

764 891 861 944 per
891 890 1011 929 sese
1064 875 1337 943 ingenium
1369 885 1473 929 est.
1504 874 1640 928 Nam
1678 890 1860 929 mures
1913 876 2157 944 quidem,
2206 891 2333 929 cum

761 964 896 1017 nihl
929 980 1035 1018 non
1068 966 1311 1019 alimenti
1362 966 1616 1035 captandi
1662 982 1827 1021 causa
1859 967 2102 1021 inﬁciant
2130 981 2193 1021 ac
2235 967 2330 1020 de-

762 1062 956 1118 terant,
992 1068 1105 1110 tum
1130 1058 1293 1111 etiam
1328 1058 1536 1111 homini
1570 1058 1825 1127 deinceps
1848 1058 2041 1111 inutile
2076 1074 2325 1126 prorsus,

2438 601 2503 654 δι’
2531 602 2596 671 ἢν
2618 602 2759 673 ἔχεις
2775 603 3141 674 φιλομάθειαν.
3168 625 3187 657 ι
3216 604 3401 659 Ταῦτα
3417 605 3515 676 μὲν
3538 609 3567 659 ό
3588 608 3871 680 ἀρχιερεὺς
3887 616 3973 677 tot;

2438 691 2661 759 ἣκουσιν
2688 692 2763 755 ὡς
2792 692 2950 747 αὐτὸν
2964 693 3182 763 Ἕλλησι
3210 695 3336 765 περὶ
3352 694 3969 771 τῆςάλληγορουμένηςέν

2439 784 2550 843 τοῖς
2577 784 2739 852 ἱεροῖς
2768 782 2951 853 νόμοις
2981 783 3121 848 ίδέας
3141 783 3484 849 διεστείλατο,
3502 788 3617 851 πῶς
3642 788 3708 841 ἄν
3754 791 3970 861 μέλλουσι

2436 874 2556 934 ταῖς
2618 872 3068 943 ὲκδοθησομέναις
3145 875 3552 946 περι-τεύξεσθαι
3616 878 3727 931 τῶν
3775 881 3967 951 rex?!»

2437 964 2782 1043 ἑρμηνείαιςο
2825 968 2853 1018 ό
2889 965 2945 1017 δὲ
2999 967 3420 1037 Ἀριστόϐουλος,
3450 970 3545 1021 καὶ
3582 970 3683 1040 τῆς
3709 974 3828 1025 κατ’
3862 974 3969 1043 ’Δρι-

2436 1035 2691 1129 στοτέλην
2735 1035 3074 1127 φιλοσοφίας
3100 1058 3235 1130 πρὸς
3265 1062 3331 1129 τῇ
3384 1059 3592 1130 πατρίῳ
3640 1035 3966 1134 μετειληχῶς,

2428 1150 2588 1202 όποῖα
2617 1149 2743 1219 περὶ
2774 1149 2879 1203 τῶν
2897 1150 2954 1203 ὲν
2985 1153 3103 1215 ταῖς
3124 1152 3293 1222 ἱεραῖς
3314 1150 3510 1220 βίϐλοις
3539 1152 3879 1223 φερομένων,
3912 1156 3969 1220 ὡς

2429 1241 2557 1310 περὶ
2581 1240 2715 1293 Θεοῦ
2752 1240 2928 1327 μελῶν
2957 1241 3192 1327 διῆλθεν,
3225 1242 3521 1296 ἐπακοῦσαι
3568 1246 3779 1316 καιρός.
3830 1240 3969 1310 Οὗτος

2426 1329 2469 1381 δ’
2496 1330 2655 1396 αὐτὸς
2684 1326 2999 1395 ἐκεῖνος,νοῦ
3025 1334 3118 1387 καὶ
3150 1336 3183 1405 ἡ
3219 1332 3442 1404 δευτέρα
3479 1333 3587 1387 τῶν
3621 1337 3968 1391 Μακκασαίων

2428 1420 2485 1471 ἐν
2517 1419 2657 1489 ἀρχῇ
2685 1420 2784 1488 τῆς
2829 1420 3034 1490 βίϐλου·
3067 1420 3410 1491 μνημονεύει,
3455 1422 3511 1474 ὲν
3531 1422 3609 1493 τῷ
3635 1426 3772 1495 πρὸς
3799 1428 3967 1479 Πτολε-

757 1144 1025 1214 quidquid
1055 1147 1274 1199 demum
1322 1146 1641 1211 arroscrint,
1667 1145 1924 1201 etIiciunt.
1973 1144 2329 1201 Mustelarum

755 1251 885 1290 vero
930 1238 1207 1307 singulare
1250 1238 1522 1307 quoddam
1584 1254 1649 1292 ac
1700 1240 1979 1308 proprium
2016 1247 2326 1308 genusest.

751 1326 889 1382 Nam
914 1340 1110 1398 prater
1141 1331 1214 1396 id,
1245 1332 1389 1400 quod
1420 1330 1583 1401 paulo
1603 1340 1727 1385 ante
1749 1330 2010 1395 diximus,
2045 1330 2321 1385 exitialem

751 1419 953 1474 habent
1005 1421 1198 1475 nativa:
1224 1422 1636 1476 constitutionis
1678 1422 1973 1486 rationem,
2000 1437 2122 1475 cum
2162 1431 2216 1475 et
2240 1439 2327 1477 se—

749 1528 869 1565 men
915 1514 1141 1568 auribus
1197 1514 1529 1582 suscipiant,
1585 1522 1639 1566 et
1687 1528 1781 1565 ore
1820 1512 2030 1566 catulos
2080 1513 2300 1580 pariant.

2430 1513 2584 1578 μαῖον
2609 1510 2697 1563 τὸν
2721 1510 2942 1581 βασιλέα
2970 1511 3358 1583 συγγράμματι
3373 1512 3556 1568 τοῦτον
3581 1517 3675 1567 καὶ
3701 1517 3858 1581 αὐτὸς
3874 1519 3967 1573 δισο

746 1598 868 1666 Quo
906 1604 984 1666 lit,
1046 1613 1105 1657 ut
1140 1603 1338 1657 similis
1373 1603 1654 1655 hominum
1691 1604 1838 1654 natio
1872 1603 2083 1669 impura
2124 1600 2300 1654 simili-

2424 1604 2582 1672 σαφεῖ
2612 1602 2701 1653 τὸν
2726 1603 2944 1673 τρόπον.

745 1703 826 1748 ter
853 1704 905 1749 et
939 1698 1193 1750 obscaena
1230 1696 1511 1749 habeatur.
1552 1693 1821 1763 Quidquid
1866 1694 2011 1746 enim
2044 1693 2323 1746 auditione
2360 1694 3156 1761 acceperint,eidumuratione
3187 1711 3387 1766 corpus
3414 1706 3468 1753 et
3508 1698 3679 1752 robur
3736 1699 3969 1768 induunt,

741 1789 932 1841 eadem
963 1788 1291 1859 contagione
1321 1796 1547 1842 caeteros
1579 1786 1874 1850 involvere,
1918 1786 2161 1852 adeoque
2221 1785 2479 1837 omnibus
2512 1784 2644 1852 ipsis
2693 1785 2920 1839 maculis
2985 1801 3049 1840 ac
3116 1788 3373 1844 sordibus
3415 1790 3709 1859 iunpietatis
3758 1793 3971 1845 notatis-

739 1882 886 1945 simi,
916 1897 1019 1934 non
1051 1882 1321 1951 vulgarem
1379 1882 1563 1950 utique
1615 1879 1901 1933 colluviem
1934 1876 2142 1930 eilicere
2172 1885 2589 1930 consueverunt.
2647 1876 2815 1953 375
2877 1877 3051 1943 Quam
3088 1879 3369 1936 hominum
3437 1892 3642 1936 sectam
3710 1884 3832 1953 jure
3861 1900 3964 1953 pro-

741 1973 882 2028 fecto
928 1992 1021 2028 rex
1091 1978 1203 2043 ipsc
1262 1985 1459 2041 vester,
1494 1988 1551 2029 ut
1580 1974 1724 2028 fama
1775 1983 1892 2038 est,
1929 1972 2173 2025 funditus
2237 1974 2599 2024 exterminare
2655 1982 2904 2025 conatur.
2946 1971 3046 2028 Hic
3087 1990 3209 2045 ego,
3272 1971 3565 2041 delatores,
3637 1981 3874 2047 inquam,
3920 1982 3963 2035 nl

738 2064 920 2124 fallor,
961 2066 1239 2135 intelligis,
1292 2082 1414 2120 cum
1442 2082 1536 2121 eos
1592 2075 1855 2135 perpetuo
1915 2080 2023 2117 non
2066 2073 2275 2116 tantum
2334 2064 2671 2129 verberibus,
2730 2067 3031 2124 sedetiam
3096 2068 3419 2137 capitalibus
3462 2070 3638 2138 iisque
3692 2070 3961 2126 admodum

736 2161 992 2228 grmilms
1015 2162 1296 2230 suppliciis
1329 2163 1668 2231 insequatur.
1701 2160 1814 2230 Ego
1840 2175 1967 2213 vero
1990 2160 2110 2213 illus
2142 2158 2310 2227 ipsos,
2351 2160 2567 2229 inquit:
2619 2161 2880 2216 scelerate
2943 2164 3090 2215 enim
3134 2162 3417 2218 hominum
3474 2164 3529 2218 in
3563 2165 3855 2233 perniciem
3898 2164 3962 2217 in-

736 2254 973 2322 vigilant.
1028 2255 1186 2324 Atqui
1239 2257 1323 2310 vel
1391 2259 1567 2323 reipsa
1600 2272 1956 2326 quemquam,
2011 2255 2095 2309 vel
2141 2258 2305 2309 etiam
2345 2257 2509 2310 verbo
2538 2257 2728 2310 violari
2759 2258 2840 2311 lex
2874 2266 3059 2313 nostra
3093 2266 3255 2312 vetat.
3295 2258 3361 2314 Et
3422 2261 3643 2330 quidem
3722 2260 3824 2312 hoc
3880 2258 3960 2319 tibi

732 2345 930 2409 adhuc,
965 2362 1129 2415 quam
1201 2346 1523 2402 brevissime
1590 2348 1705 2402 ﬁeri
1761 2349 1954 2418 potuit,
2012 2346 2375 2410 ostendimus,
2415 2348 2869 2413 quemadmodum
2898 2348 3063 2402 certis
3093 2348 3159 2401 ad
3184 2350 3496 2419 aequitatem
3521 2352 3722 2420 regulis
3763 2350 3965 2406 cantor.

731 2446 873 2490 mata
908 2439 1019 2491 sint
1057 2440 1263 2503 omnia,
1303 2441 1544 2509 nihilque
1583 2442 1807 2494 omnino
1836 2440 1919 2494 vel
1950 2448 2171 2504 temere,
2217 2439 2298 2491 vel
2338 2438 2584 2493 fabulose
2653 2438 2933 2510 Scriptura
2998 2444 3289 2509 statuerit;
3338 2443 3430 2497 sed
3459 2457 3584 2496 eum
3608 2443 3869 2497 duntaxat
3912 2444 3961 2499 in

730 2526 913 2592 tinem,
946 2540 1021 2593 ut,
1049 2529 1317 2600 quidquid
1367 2546 1616 2600 agamus,
1645 2530 1873 2598 justitim
1904 2528 2098 2583 ofﬁciis
2124 2542 2289 2581 omne
2313 2542 2495 2595 genus
2530 2528 2809 2583 hominum
2836 2538 2947 2582 toto
3003 2530 3127 2585 vitae.
3164 2540 3366 2586 nostra;
3388 2540 3630 2600 tempore
3683 2546 3959 2602 prosequr

729 2640 873 2685 mur,
918 2625 1102 2694 jugem
1139 2642 1204 2680 ac
1232 2641 1526 2694 perennem
1578 2625 1672 2679 Dei
1740 2625 2091 2694 praepotentis
2140 2624 2461 2677 memoriam
2510 2624 2827 2678 retinentes.
2890 2622 3187 2678 Enimvero
3244 2625 3503 2695 quidquid
3549 2640 3645 2679 seu
3708 2630 3775 2680 ile
3829 2627 3958 2681 cibo-

726 2731 844 2767 rum
896 2714 1129 2777 delectu,
1161 2730 1256 2769 seu
1286 2715 1353 2770 de
1379 2714 1550 2769 rebus
1581 2714 1899 2776 immundis,
1931 2729 2027 2767 seu
2104 2714 2177 2769 de
2220 2713 2563 2781 serpentibus
2621 2713 2810 2767 aliisve
2871 2713 3240 2769 animantibus
3301 2716 3632 2785 praecipitur,
3672 2732 3738 2771 eo
3767 2728 3959 2773 tantum

726 2818 947 2878 Spectat,
986 2811 1702 2881 utautiquissimislegibus
1721 2811 2155 2866 bominuminter
2176 2826 2299 2865 sese
2337 2810 2567 2863 societas
2589 2809 3007 2878 communioque
3026 2818 3293 2864 teneatur.
3341 2808 3485 2865 Sane
3539 2811 3758 2878 quidem
3818 2811 3955 2867 Elea-

724 2919 881 2959 carus
943 2906 1221 2973 sapienter
1271 2905 1499 2959 omnino
1528 2905 1796 2958 rationem
1836 2905 1901 2957 de
1934 2904 2167 2973 singulis
2206 2902 2431 2955 reddere
2498 2900 2801 2953 videbatur.
2850 2899 2987 2955 Nam
3050 2902 3119 2956 de
3184 2902 3389 2968 vitulis,
3450 2903 3737 2967 arietibus,
3786 2905 3954 2964 hiicis.

723 2996 812 3060 qui
868 2994 1131 3049 oﬂ‘ereudi
1190 3005 1395 3060 essent,
1428 2996 1571 3049 idem
1596 2996 1951 3065 adjungehat,
1971 2993 2364 3064 providendum
2404 3008 2525 3045 esse
2546 2992 2847 3061 diligenter,
2872 3002 2931 3047 ut
2954 3010 3019 3047 ex
3053 2993 3316 3048 armentis
3342 3002 3398 3047 et
3423 2994 3680 3063 gregibus
3727 3012 3955 3051 mansue-

721 3093 929 3145 tissima
962 3108 1192 3161 qumque
1246 3094 1574 3161 legerentur,
1626 3092 1913 3161 ferumque
1946 3092 2079 3145 nihil
2127 3100 2183 3145 et
2221 3093 2458 3144 immane
2522 3091 2923 3145 sacrificaretur
2961 3107 2980 3144 ξ
3033 3106 3100 3145 eo
3141 3091 3425 3157 nimirum,
3461 3098 3542 3155 ut,
3597 3095 3693 3161 qui
3757 3094 3954 3146 sacriﬁ-

720 3186 875 3237 cium'
906 3183 1222 3248 oﬂ’erebaut,
1252 3185 1285 3238 ii
1330 3185 1396 3237 de
1429 3193 1697 3253 praecepto
1745 3183 1933 3237 divino
1962 3182 2284 3252 rogitantes,
2324 3180 2525 3235 nullius
2564 3182 2830 3249 superbia:
2897 3180 3225 3236 conscientia
3293 3189 3624 3235 tenerentur.
3694 3181 3799 3249 Qui
3826 3186 3951 3238 enim

718 3280 951 3333 hostium
978 3281 1356 3335 immolaturus
1390 3288 1494 3346 est,
1530 3281 1575 3335 is
1607 3278 1829 3350 aliquod
1854 3279 2017 3334 simul
2042 3278 2375 3332 olTerendum
2416 3278 2664 3332 omnium
2717 3278 2885 3331 animi
2944 3292 3205 3332 sensuum
3269 3291 3469 3331 munus
3498 3278 3753 3333 instituit.
3797 3279 3951 3347 Quam

718 3372 881 3434 illius,
914 3372 967 3425 in
997 3382 1186 3427 mutuo
1233 3386 1531 3442 congressu
1582 3381 1814 3437 nostro,
1860 3383 2168 3439 susceptam
2215 3370 2300 3422 his
2338 3368 2404 3423 de
2471 3367 2634 3423 rebus
2700 3367 3126 3436 disputationem
3181 3370 3700 3424 commemoratione
3753 3369 3950 3440 dignam

717 3466 935 3531 putavi:
989 3480 1051 3518 ac
1104 3475 1414 3534 propterea,
1449 3474 1510 3519 ut
1576 3466 1759 3519 ardori
1810 3481 2048 3535 quoque
2103 3463 2349 3517 discendi
2413 3472 2527 3527 tuo,
2560 3462 2631 3515 mi
2677 3459 3036 3527 Philocrates,
3098 3460 3548 3529 obsecundarem,
3598 3468 3948 3534 augustioreu

716 3560 1079 3613 illamdivinae
1108 3560 1239 3629 legis
1285 3562 1544 3629 speciem,
1592 3561 2003 3628 naturalemque
2049 3559 2371 3612 sententiam
2437 3558 2532 3610 tibi
2582 3557 2795 3624 aperire
2854 3556 3091 3611 decrevi.
3143 3576 3161 3609 ι
3192 3556 3315 3613 Haec
3355 3570 3505 3633 sunt,
3574 3576 3698 3629 quae
3761 3560 3949 3615 Graecia

714 3652 778 3703 ail
809 3668 866 3706 se
921 3656 1102 3708 missis
1131 3655 1197 3709 de
1225 3671 1386 3710 sensu
1432 3656 1609 3724 legum
1648 3671 1929 3710 sacrarum
1982 3654 2273 3725 allegorico
2335 3650 2577 3721 pontifex
2644 3651 2966 3719 enucleavit,
3013 3660 3094 3717 ut,
3143 3654 3599 3724 quemadmodum
3660 3666 3947 3723 susceptam

713 3760 897 3797 parum
948 3746 1445 3815 interpretationem
1478 3750 1547 3802 ab
1606 3762 1729 3803 sese
1760 3748 1984 3802 tractari
2042 3754 2338 3818 oporteret,
2379 3744 2757 3812 intelligerent.
2792 3742 2911 3798 lam
2971 3761 3099 3801 vero
3152 3756 3368 3816 tempus
3428 3754 3541 3812 est,
3573 3746 3650 3799 uti
3689 3748 3954 3801 Aristobu-

713 3840 845 3902 lum,
878 3839 969 3908 qui
1020 3839 1085 3893 ad
1142 3842 1495 3895 domesticam
1545 3843 1867 3911 sapientiam
1930 3841 2289 3896 Aristotelian
2327 3837 2684 3908 philosomiiae
2748 3838 2989 3893 studium
3049 3839 3392 3908 adjunxerat,
3431 3838 3497 3892 de
3530 3839 3813 3901 membris,
3844 3855 3945 3907 qua

712 3929 823 3985 Deo
878 3930 1081 3999 passim
1118 3930 1172 3983 in
1207 3930 1488 4000 Scriptura
1541 3933 1710 3985 tribui
1750 3934 2056 3998 videantur,
2106 3934 2470 4001 disputantem
2529 3929 2837 3983 audiamus.
2908 3931 2999 3983 llle
3063 3939 3242 3984 autem
3297 3932 3410 3997 ipse
3452 3937 3560 3990 est,
3611 3930 3777 3998 cuius
3826 3932 3943 3985 liber

711 4022 1147 4077 Machabmorum
1214 4023 1491 4078 secundus
1548 4024 1650 4077 sub
1694 4025 1909 4077 initium
1951 4024 2282 4077 mentionem
2362 4019 2510 4071 facit.
2584 4018 2635 4074 ls
2686 4021 2851 4089 igitur
2887 4021 2941 4073 in
2984 4036 3084 4085 eo,
3136 4026 3298 4089 quem
3355 4018 3421 4073 ad
3470 4016 3824 4076 Ptolemaaum
3872 4038 3950 4079 rc-

712 4133 828 4186 gem
863 4120 1098 4188 scripsit,
1121 4118 1319 4182 libello,
1351 4118 1497 4171 hunc
1542 4116 1595 4169 in
1623 4117 1843 4171 modum
1881 4132 1944 4170 ea
1983 4116 2051 4169 de
2094 4130 2151 4168 re
2180 4112 2417 4167 disserit.

1245 4236 1409 4306 373
1445 4234 1675 4290 CAPUT
1712 4232 1780 4289 Χ.
2320 4235 2367 4291 Β

710 4322 1027 4390 Aristobuli,
1076 4325 1140 4378 de
1180 4327 1445 4388 membris,
1492 4344 1608 4397 qua:
1656 4336 1927 4381 vocetenus
1961 4325 2068 4379 Deo
2119 4322 2285 4377 tribu-

1408 4406 1592 4449 untur.

786 4505 803 4535 ι
839 4483 944 4537 Sed
989 4484 1271 4553 quoniam,
1302 4484 1479 4551 inquit
1504 4484 1615 4549 ille,
1645 4498 1771 4538 cum
1802 4483 2100 4551 pr0positis
2137 4498 2285 4552 qua:-

709 4578 977 4632 stionihus
1008 4579 1140 4631 satis
1166 4592 1195 4631 a
1235 4576 1390 4630 nobis
1419 4574 1621 4629 factum
1651 4584 1817 4639 esset,
1856 4575 2228 4634 succlamasti,
2251 4588 2286 4626 o

710 4686 827 4735 rex,
881 4671 1136 4740 deinceps
1186 4672 1305 4741 ipse
1357 4685 1615 4739 quoque;
1651 4683 1916 4738 quorsum
1950 4665 2167 4720 tandem
2198 4665 2285 4719 lex

707 4759 823 4829 ipsa
847 4772 1052 4827 nostra,
1088 4778 1305 4826 manus,
1340 4763 1584 4828 brachia,
1618 4761 1853 4823 vultum,
1874 4760 2059 4829 pedes,
2092 4757 2287 4810 ambu-

710 4851 972 4905 lationem
1004 4852 1427 4909 divinoNumini
1475 4855 1744 4909 attribuat
1776 4874 1788 4908 :
1827 4855 1969 4908 hanc
2025 4859 2284 4922 praeterea

703 4944 905 5017 juverit
936 4946 1308 5014 superioribus
1339 4948 1763 5017 disputationem
1802 4949 2122 5017 adiungere,
2161 4957 2285 5013 quae
2343 5003 2361 5014 ,,

706 5054 830 5091 cum
860 5038 927 5092 iis
947 5038 1093 5091 nullo
1124 5040 1286 5093 modo
1317 5049 1536 5110 pugnet.
1579 5042 1699 5107 Quo
1724 5042 1945 5111 quidem
1971 5041 2025 5095 in
2061 5052 2282 5109 genere,

708 5113 895 5186 boote
928 5132 981 5185 in
1014 5130 1206 5201 primis
1236 5142 1519 5187 exoratum
1578 5134 1740 5189 velim
1772 5173 1786 5196 ,
1837 5135 1914 5189 uti
1944 5132 2284 5187 traditiones

708 5224 842 5279 istas
890 5225 1109 5296 physice
1155 5223 1394 5292 accipias
1426 5264 1441 5286 ,
1495 5224 1826 5295 dignamque
1871 5225 1967 5280 Dei
2001 5225 2279 5278 notionem

706 5324 1023 5368 constanter
1050 5314 1307 5378 retineas,
1340 5329 1406 5367 ne
1442 5314 1497 5367 in
1522 5312 1827 5372 fabulosam
1861 5318 2157 5387 quamdam
2184 5312 2284 5365 hu-

2930 4226 3322 4279 ΚΕΦᾹΔᾹΙΟΝ
3353 4224 3408 4279 ι’.

2402 4319 2847 4390 Ἀριστοϐούλου
2889 4318 3021 4387 περὶ
3053 4316 3648 4441 τῶνᾷᾱῗννομαζομένωγ
3685 4325 3769 4390 ὡς
3810 4322 3935 4379 Θεοῦ

3074 4405 3142 4441 ue
3275 4428 3289 4441 .

3072 4405 3289 4457 μεαιων.

2464 4502 2481 4533 ι
2521 4485 2665 4554 Πλὴν
2709 4482 2903 4545 ἱκανῶς
2926 4476 3227 4552 εἰρημένων
3251 4481 3385 4552 πρὸς
3410 4471 3488 4538 τά
3502 4486 3833 4557 προκείμενα
3858 4485 3933 4554 ςη-

2385 4576 2622 4645 τήματα,
2658 4574 3010 4645 ὲπεφώνησας
3043 4573 3136 4625 καὶ
3164 4572 3246 4637 σὺ,
3272 4573 3491 4644 βασιλεῦ
3518 4616 3533 4641 ,
3578 4578 3713 4630 διότι
3761 4574 3932 4647 σημαί-

2386 4681 2533 4717 νεται
2560 4665 2647 4718 διὰ
2676 4665 2768 4717 τοῦ
2807 4664 2971 4733 νόμου
3008 4663 3103 4716 τοῦ
3136 4668 3265 4739 παρ’
3287 4662 3439 4739 ἡμῖν,
3469 4668 3562 4722 καὶ
3610 4670 3790 4738 χεῖρες
3815 4667 3926 4736 (86),

2384 4755 2475 4807 καὶ
2505 4755 2759 4825 βραχίων,
2779 4757 2871 4808 καὶ
2886 4756 3191 4828 πρόσωπον,
3209 4759 3304 4812 καὶ
3330 4760 3504 4823 πόδες,
3526 4760 3621 4811 καὶ
3655 4760 3929 4830 περίπατος

2384 4848 2476 4899 ἐπὶ
2504 4849 2603 4918 τῆς
2626 4848 2775 4912 θείας
2797 4849 3107 4921 δυνάμεωςο
3138 4851 3174 4906 ἃ
3207 4852 3451 4917 τεύξεται
3492 4850 3650 4919 λόγου
3687 4853 3924 4923 καθήκον-

2384 4954 2492 4999 τος,
2516 4938 2608 4989 καὶ
2625 4938 2721 4991 οὐκ
2750 4939 3081 5014 ἀντιδοξήσει
3106 4945 3216 5007 τοῖς
3234 4942 3649 5013 προειρημένοις
3674 4944 3763 5014 ὑφ’
3792 4943 3927 5015 ἡμῶν

2383 5027 2553 5080 οὐδέν.
2582 5028 2963 5100 Παραωλέσαι
2986 5032 3043 5085 δέ
3070 5050 3129 5087 σε
3160 5030 3419 5101 βούλομαι
3447 5031 3584 5103 πρὸς
3623 5033 3684 5087 τὸ
3708 5033 3923 5105 φυσικῶς

2384 5116 2675 5187 λαμϐάνειν
2705 5120 2815 5190 (87)
2850 5122 2947 5185 τὰς
2970 5120 3215 5191 ὲκδοχὰς,
3250 5120 3346 5172 καὶ
3372 5120 3471 5192 τὴν
3501 5122 3835 5194 ἁρμόζουσαν
3856 5125 3923 5176 ιν-

2383 5227 2529 5284 νοιαν
2572 5213 2698 5281 περὶ
2739 5213 2875 5267 Θεοῦ
2917 5216 3169 5286 κρατεῖν,
3199 5212 3292 5264 καὶ
3325 5212 3400 5284 μὴ
3449 5215 3739 5271 ἐκπίπτειν
3780 5215 3920 5278 είςτὸ

2388 5302 2628 5371 μυθῶδες
2648 5307 2742 5359 καὶ
2765 5303 3102 5376 ἀνθρώπινον
3134 5304 3477 5376 κατάστημα.
3508 5308 3795 5380 Πολλαχιῖκ
3834 5308 3920 5375 γὰρ

2454 5454 2565 5525 (86)
2606 5456 2824 5530 Χεῖρες.
2859 5458 2993 5527 Χείρ
3022 5457 3216 5513 melius
3248 5458 3537 5530 legeretur,
3573 5459 3680 5514 nisi
3714 5467 3829 5515 ante
3847 5472 3914 5510 re-

2384 5538 2615 5597 ponatur
2639 5528 3014 5597 σημαίνονται.

2458 5596 2569 5665 (87)
2610 5595 2885 5669 Φυσικῶς
2914 5598 3253 5666 λαμϐάνειν.
3306 5598 3407 5656 Hic
3453 5597 3701 5669 φυσικῶς
3738 5596 3913 5669 videtur

2382 5682 2502 5720 esse
2536 5666 2945 5740 φυσιολογικῶς,
2977 5670 3060 5723 vel
3092 5668 3232 5723 κατὰ
3275 5670 3376 5740 τὴν
3422 5666 3794 5740 φυσιολογίαν,
3835 5667 3913 5719 hoc

2383 5746 2466 5814 est
2492 5736 2903 5805 explicationem
2938 5741 3229 5808 quamdam
3273 5736 3484 5796 natura
3521 5739 3722 5795 divina
3749 5750 3911 5796 conra-

2384 5814 2641 5859 mentem.

708 5460 897 5522 σεμνη
931 5457 1073 5522 etc.,
1117 5457 1199 5522 ιιιΔ
1224 5446 1276 5501 in
1305 5454 1561 5522 _nostro._
1589 5446 1717 5503 Mihi
1767 5452 1942 5507 solum
1996 5453 2136 5508 κατὰ
2179 5454 2282 5522 τῆς

704 5515 918 5588 όμιλίας
973 5519 1026 5571 in
1075 5518 1216 5571 κατὰ
1267 5518 1366 5588 τὴν
1414 5518 1628 5587 ὁμιλίαν
1648 5524 1995 5588 “mutandum
2042 5515 2277 5585 videtur,

708 5582 817 5665 hoc
837 5588 1001 5665 modo
1015 5627 1035 5665 z
1080 5592 1177 5665 καὶἱ
1203 5582 1333 5659 περί
1357 5582 1582 5665 τούτων,
1612 5582 1705 5643 οὖν
1733 5593 1937 5661 νομίζω
1961 5635 1974 5657 ,
2008 5594 2147 5648 κατὰ
2178 5582 2277 5665 τὴν

706 5655 941 5723 ὁμιλίαν,
972 5658 1096 5723 ἄξια
1122 5655 1287 5726 λόγου
1319 5660 1665 5713 καθεστάναι.
1711 5655 2001 5729 Sequentia
2056 5655 2273 5719 retineri

708 5736 939 5803 possunt
970 5745 981 5777 :
1016 5731 1100 5803 iu__
1121 5730 1187 5803 iis
1220 5740 1400 5803 tamen
1448 5732 1579 5786 haesi
1612 5732 1889 5803 Aristzgaz,
1923 5736 2065 5799 apud
2113 5751 2272 5803 quem

709 5797 977 5851 illustrior
1010 5798 1141 5851 mihi
1177 5815 1241 5854 ac
1268 5802 1475 5869 plenior
1505 5818 1699 5858 sensus
1732 5797 2080 5857 offerebatur.
