4022 6342
48 382 147 435 επ

1142 383 1461 437 PMPAR.
1501 383 1751 438 EVANG.
1794 382 1923 437 LIB.
1966 381 2098 437 Vill.

3149 382 3254 441 658

48 499 73 549 ὃ
105 497 364 567 βούλεται
405 501 579 569 λέγειν
632 502 661 554 ὁ
704 502 991 573 νομοθέτης
1044 502 1199 571 ἡμῶν
1248 506 1468 574 Μωσῆς,
1520 507 1604 571 ἐφ’

1710 518 1984 569 manaeque
2011 502 2240 557 similem
2266 501 2513 571 corporis
2535 501 2766 571 speciem
2792 501 3064 557 delabare.
3107 502 3255 558 Solet

48 590 251 660 ἑτέρων
278 596 616 663 πραγμάτων
641 594 827 663 λόγους
856 593 1167 665 ποιούμενος
1186 635 1200 658 ,
1244 594 1383 661 λέγω
1419 596 1474 647 δὲ
1503 596 1610 649 τῶν

49 682 192 735 κατὰ
218 684 327 754 τὴν
356 685 693 754 ἐπιφάνειαν,
718 687 949 753 φυσικὰς
969 687 1229 749 διαθέσεις
1262 688 1607 754 ἀπαγγέλλει,

48 774 142 824 καὶ
189 776 449 844 μεγάλων
480 778 813 846 πραγμάτων
872 778 1223 839 κατασκευάς.
1254 773 1349 839 Οἷς
1384 779 1481 847 μὲν
1517 775 1610 831 οὖν

49 866 287 935 πάρεστι
328 868 388 920 τὸ
424 867 601 928 καλῶς
624 872 782 931 νοεῖν,
815 868 1147 940 θαυμάζουσι
1169 869 1266 939 τὴν
1302 871 1427 940 περὶ
1452 870 1610 922 αὐτὸν
1643 931 1654 938 ,

50 958 277 1024 σοφίαν,
330 960 425 1012 καὶ
469 960 527 1013 τὸ
553 960 693 1012 θεῖον
722 961 961 1030 Πνεῦμα,
1005 963 1125 1014 καθ’
1151 962 1179 1014 ὃ
1207 961 1299 1013 καὶ
1332 963 1612 1032 προφήτης

50 1049 515 1119 ἀνακεκήρυκται.
535 1046 634 1103 Ὧν
656 1054 791 1103 εἰσιν
815 1052 863 1104 οἱ
899 1052 1275 1123 προειρημένοι
1316 1052 1633 1120 φιλόσοφοι,,

51 1138 141 1188 καὶ
172 1137 421 1201 πλείονες
440 1139 613 1209 ἕτεροι
640 1141 730 1191 καὶ
754 1142 970 1209 ποιηταὶ
1000 1144 1125 1212 παρ’
1169 1140 1329 1193 αὑτοῦ
1375 1140 1611 1209 μεγάλας

52 1226 310 1296 ἀφορμάς
336 1228 632 1298 εἰληφότες,
665 1229 795 1281 καθὸ
840 1230 932 1282 καὶ
970 1229 1351 1299 θαυμάζονται.
1396 1230 1517 1291 Τοῖς
1554 1229 1610 1281 δὲ

54 1316 125 1385 μὴ
152 1317 442 1385 μετέχουσι
473 1318 748 1388 δυνάμεως
775 1321 865 1373 καὶ
895 1322 1175 1385 συνέσεως,
1206 1321 1337 1374 ἀλλὰ
1372 1321 1448 1389 τῷ
1475 1338 1609 1391 γρα-

55 1406 169 1475 πτῷ
208 1407 373 1476 μόνον
405 1413 837 1492 προσκειμένοις,
857 1413 917 1487 οὐ
961 1414 1204 1483 φαίνεται
1256 1416 1534 1485 μεγαλεῖον
1560 1433 1611 1468 τι

53 1491 352 1562 διασαφῶν.
386 1497 649 1568 Ἀρξομαι
678 1501 734 1553 δὲ
761 1491 1053 1572 λαμϐάνειν
1095 1504 1215 1557 καθ’
1249 1506 1473 1557 ἕκαστον
1513 1522 1613 1578 ση-

57 1586 403 1656 μαινόμενον,
432 1589 655 1644 καθόσον
686 1593 751 1645 ἂν
777 1593 1076 1657 ὧδυνατὸς.
1120 1598 1179 1647 Ei
1212 1596 1266 1648 δὲ
1309 1597 1381 1667 μὴ
1424 1597 1608 1662 τεύξοο

55 1694 148 1745 μαι
182 1678 474 1748 τάληθοῦς,
505 1683 635 1753 μηδὲ
662 1684 852 1745 πείσω,
886 1686 958 1755 μὴ
1012 1686 1088 1755 τῷ
1122 1686 1383 1758 νομοθέτῃ
1448 1702 1612 1756 προσ-

53 1767 192 1839 άψῃς
221 1769 323 1840 τὴν
346 1771 584 1840 ἀλογίαν,
612 1774 723 1827 ἀλλ’
746 1775 866 1845 ἐμοὶ
892 1776 966 1845 τῷ
985 1777 1058 1847 μὴ
1082 1778 1358 1848 δυναμένῳ
1389 1778 1610 1847 διαιρεῖ-

56 1862 174 1916 σθαι
199 1864 270 1916 τὰ
292 1867 552 1920 ἐκείνωνι
576 1870 888 1938 νενοημένα.
918 1872 1110 1939 Χείρες
1135 1873 1231 1942 μὲν
1260 1868 1351 1925 οὖν
1373 1872 1611 1925 νοοῦνται

55 1954 338 2025 προδήλως
359 1957 450 2009 καὶ
478 1957 560 2025 ἐφ’
590 1958 742 2027 ἡμῶν
772 1960 1096 2030 κοινότερον.
1131 1962 1293 2014 ’Ὅταν
1318 1963 1425 2033 γὰρ
1453 1964 1612 2015 δυνά-

56 2056 175 2109 μεις
218 2041 613 2116 ἐξαποστέλλῃς
657 2047 719 2098 σὺ
744 2086 759 2109 ,
795 2046 1040 2115 βασιλεὺς
1069 2048 1162 2113 ὢν,
1214 2050 1531 2120 βουλόμενός
1562 2071 1613 2105 τι

54 2132 516 2201 κατεργάσασθαι,
540 2134 1054 2209 λέγομεν,Μεγάλην
1075 2143 1228 2210 χεῖρα
1258 2140 1369 2210 ἔχει
1401 2145 1429 2195 ό
1463 2143 1614 2211 βασι-

56 2222 197 2289 λεὺς,
222 2227 539 2297 φερομένων
559 2227 663 2305 τῷν
693 2229 991 2281 ἀκουόντων
1016 2232 1105 2284 ἐπὶ
1134 2232 1231 2301 τὴν
1274 2233 1499 2302 δύναμιν
1547 2235 1612 2305 ἢν

54 2317 216 2386 ἔχεις.
266 2320 708 2392 Ἐπιτημαίνεται
741 2321 797 2375 δὲ
820 2322 975 2376 τοῦτο
1003 2326 1095 2377 καὶ
1135 2326 1221 2377 διὰ
1255 2330 1350 2395 τῆς
1390 2327 1612 2396 νομοθε-

59 2410 175 2472 σίας
202 2413 364 2481 ἡμῶν
394 2412 562 2481 λέγων
592 2415 620 2465 ὁ
643 2415 842 2485 Μωσῆς
901 2414 1071 2479 οὕτως
1089 2432 1102 2446 ·
1136 2435 1153 2466 t
1196 2418 1284 2469 Ἐν
1313 2418 1453 2489 χειρὶ
1482 2436 1613 2486 κρα-

56 2503 179 2570 ταιᾷ
203 2502 473 2572 ἐξήγαγεν
503 2506 532 2556 ὁ
554 2503 681 2567 Θεὸς
712 2521 771 2559 σε
786 2504 863 2568 οὲξ
892 2506 1183 2573 Αἰγύπτου.
1220 2526 1238 2558 ν
1266 2508 1373 2559 Καὶ
1428 2509 1607 2561 πάλιν·

65 2610 81 2642 ι
124 2594 447 2656 Ἀποστελῶ,
500 2596 659 2665 φησὶν
728 2596 757 2649 ὀ
808 2595 957 2659 Θεὸς,
1017 2598 1114 2667 τὴν
1149 2598 1305 2669 χεῖρά
1344 2616 1441 2668 μου
1466 2639 1480 2661 ,
1520 2600 1613 2650 καὶ

60 2682 284 2749 πατάξω
314 2685 434 2745 τοὺς
466 2684 806 2751 Αἰγυπτίους.
840 2703 857 2735 ι
891 2686 999 2737 Καὶ
1023 2686 1114 2739 ἐπὶ
1144 2687 1235 2739 τοῦ
1266 2687 1371 2740 τῶν
1402 2690 1608 2757 κτηνῶν

60 2771 290 2851 θανάτου
321 2774 450 2846 φησὶ
477 2774 553 2844 τῷ
572 2775 810 2845 magis
833 2777 1061 2845 Μωσῆς
1097 2797 1116 2828 ι
1170 2780 1295 2831 Ἰδοὺ
1330 2780 1449 2850 χεὶρ
1497 2782 1609 2832 Κυ-

63 2868 174 2937 ρίου
208 2866 363 2918 ἔσται
413 2867 470 2918 ὲν
496 2868 605 2928 τοῖς
642 2867 859 2935 κτήνεσί
889 2884 1004 2931 σου,
1035 2869 1125 2921 καὶ
1153 2870 1208 2919 έν
1242 2872 1373 2921 πᾶσι
1419 2873 1528 2931 τοῖς
1555 2871 1610 2920 ὲν

61 2962 165 3021 τοῖς
214 2958 419 3021 πεδίοις
462 2957 682 3020 θάνατος
715 2959 902 3027 μέγας.
947 2977 964 3009 ι
1002 2960 1159 3013 Ὥστε
1200 2962 1252 3013 αἱ
1294 2964 1469 3031 χεῖρες
1520 2962 1611 3013 ἐπὶ

62 3049 337 3119 δυνάμεως
368 3048 607 3103 νοοῦνται
627 3052 780 3104 Θεοῦ.
804 3053 911 3104 Καὶ
938 3048 1043 3121 γὰρ
1091 3052 1203 3103 ἐστι
1252 3050 1483 3103 νοεῖσθαι
1515 3052 1611 3121 τὴν

1709 594 1851 646 enim
1883 593 2096 663 Moyses
2126 592 2399 662 legislator
2446 600 2651 654 noster,
2690 592 2854 644 animi
2880 607 3035 645 sensa
3072 594 3259 646 multi-

1709 685 1887 746 modis
1914 686 2236 753 exprimere,
2261 680 2593 736 dum'rerum
2626 682 2875 738 aliarum.
2908 690 3176 749 quatenus
3199 692 3253 735 tn

1710 791 1929 829 sensum
1958 775 2177 838 cadunt,
2228 789 2387 827 voces
2422 788 2484 827 ac
2512 773 2731 826 nomina
2760 781 3060 834 mutuatus,
3098 780 3259 826 natu-

1708 867 1850 920 rales
1899 866 2160 934 quasdam
2214 865 2556 923 affectiones.
2606 880 3023 932 magnarumque
3073 875 3255 917 rerum

1710 959 2016 1012 molitiones
2036 950 2442 1011 commemorat.
2464 954 2529 1008 Et
2552 954 2788 1023 quidem,
2816 970 3043 1007 auorum
3082 954 3257 1009 acrior

1710 1050 2038 1119 intelligendi
2070 1048 2155 1103 vis
2185 1056 2286 1111 est,
2319 1048 2356 1101 ii
2387 1062 2509 1100 cum
2542 1049 2856 1115 sapientiam
2880 1044 3118 1127 hominis
3142 1048 3257 1101 sin-

1710 1139 1971 1210 gularem,
2006 1149 2116 1193 tum
2144 1139 2385 1192 divinum
2417 1137 2564 1189 illum
2593 1137 2873 1205 Spiritum,
2902 1137 3059 1205 cujus
3077 1136 3255 1190 alliam

1709 1232 1980 1301 propheta:
2031 1246 2229 1286 nomen
2285 1240 2336 1285 et
2393 1230 2591 1285 famam
2648 1241 2929 1284 assecutus
2964 1238 3066 1290 est,
3138 1242 3255 1281 ma-

1710 1338 1943 1393 gnopere
1976 1323 2337 1375 admirantur.
2385 1320 2625 1385 Quorum
2653 1320 2707 1373 in
2746 1334 2967 1373 numero
3009 1334 3130 1372 cum
3158 1317 3258 1388 abs

1711 1430 1798 1468 me
1825 1416 1937 1483 jam
1971 1413 2378 1466 commemorati
2405 1412 2731 1480 philosophi,
2762 1420 2872 1464 tum
2899 1410 2986 1462 alii
3021 1408 3258 1476 plerique

1713 1517 1858 1571 sunt,
1885 1521 2090 1559 necnon
2136 1514 2188 1558 et
2235 1513 2403 1573 poetze
2424 1544 2438 1568 ,
2465 1505 2556 1572 qui
2591 1504 2798 1557 haustis
2827 1503 2893 1557 ab
2920 1518 2986 1557 eo
3011 1500 3258 1556 maximis

1712 1593 1985 1652 scribendi
2019 1593 2352 1661 argumentis
2385 1632 2399 1655 ,
2458 1594 2513 1646 in
2570 1592 2845 1645 hominum
2906 1589 3259 1643 admiratione

1711 1698 2016 1741 versantur.
2061 1686 2126 1739 At
2182 1685 2378 1754 quibus
2421 1683 2645 1737 facultas
2676 1694 2727 1735 et
2758 1681 3025 1751 ingenium
3089 1695 3260 1748 augu-

1712 1779 1848 1832 stius
1883 1788 1983 1836 est.
2013 1778 2049 1830 ii
2077 1779 2204 1830 dum
2236 1777 2301 1829 ad
2330 1792 2494 1829 unum
2528 1774 2818 1843 Sc'iptura:
2870 1773 3124 1827 corticem
3160 1771 3259 1825 ad—

1715 1870 2036 1931 haerescunt,
2062 1867 2195 1920 nihil
2222 1866 2436 1931 augusti
2464 1865 2753 1918 admodum
2782 1874 2835 1918 et
2856 1863 3163 1918 excellentis
3192 1860 3259 1915 at

1713 1974 1777 2010 eo
1807 1958 2016 2010 narrari
2065 1957 2418 2010 arbitrantur.
2451 1954 2797 2025 Singulorum
2835 1969 2957 2022 ergo
2991 1952 3260 2021 signiﬁca-

1713 2052 1911 2104 tionem
1950 2050 2178 2117 apeeirc,
2215 2057 2474 2117 quantum
2508 2049 2559 2099 in
2589 2062 2672 2099 me
2718 2047 2879 2098 situm
2913 2045 3039 2104 erit.
3066 2058 3259 2112 aggre-

1712 2140 1851 2191 diar.
1889 2133 1989 2203 Qui
2024 2140 2067 2193 si
2104 2139 2283 2191 minus
2308 2148 2401 2192 aut
2424 2154 2533 2189 rem
2561 2137 2801 2206 tetigero,
2829 2148 2919 2189 aut
2959 2136 3075 2187 aliis
3102 2135 3258 2187 tidem

1712 2231 1891 2286 lZ-cero
1918 2231 2195 2315 ;’maxiine
2219 2230 2397 2287 velini.
2432 2230 2507 2281 uti
2538 2246 2600 2280 ne
2627 2230 2762 2282 hanc
2802 2227 3257 2296 inlegislatorem,

1712 2325 1803 2377 sed
1836 2325 1888 2377 in
1926 2340 2010 2377 me
2033 2322 2293 2378 duntaxat
2352 2322 2633 2390 imperitia:
2658 2322 2866 2389 culpam
2903 2322 3134 2384 derives,
3166 2319 3258 2389 qui

1710 2431 1798 2469 res
1828 2415 1895 2467 ab
1935 2428 1998 2466 eo
2029 2416 2296 2482 sapienter
2334 2414 2663 2482 exctigitatas
2717 2428 3051 2480 nequaquam
3086 2411 3259 2479 expli-

1710 2522 1832 2559 care
1854 2514 2095 2573 potuero.
2115 2505 2365 2559 Mannum
2398 2505 2556 2572 igitur
2595 2504 2752 2555 etiam
2781 2504 2917 2569 apud
2947 2516 3044 2555 nos
3076 2502 3257 2566 latius,

1712 2606 1770 2651 ut
1799 2606 2031 2660 constat,
2086 2596 2407 2668 signiﬁcatio
2442 2603 2601 2663 patet.
2642 2593 2773 2646 Nam
2808 2610 2928 2647 cum
2967 2601 3023 2647 tu
3059 2594 3191 2662 ipse,
3221 2605 3258 2648 ο

1710 2706 1823 2754 rex,
1856 2688 2201 2743 confecturos
2230 2688 2453 2755 aliquid,
2488 2686 2669 2755 copias
2702 2687 2866 2739 mittis
2887 2727 2901 2751 ,
2944 2702 3117 2756 regem
3143 2694 3255 2739 tum

1711 2782 1977 2850 ingentem
2010 2795 2227 2834 manum
2263 2779 2458 2832 habere
2480 2779 2734 2841 dicimus,
2753 2792 2914 2845 quam
2943 2776 3258 2845 vocem,qtti

1711 2873 1956 2934 audiunt,
1983 2871 2048 2923 de
2077 2880 2168 2924 tuo
2198 2870 2437 2922 exercitu
2472 2884 2661 2922 omnes
2686 2869 2973 2935 accipiunt.
3000 2867 3167 2931 Quem
3203 2868 3256 2920 in

1711 2979 1927 3017 sensum
1956 2963 2139 3031 utique
2169 2962 2375 3031 Moyses
2407 2962 2457 3013 in
2492 2963 2604 3030 lege
2636 2970 2816 3015 nostra
2833 2960 3054 3015 subinde
3084 2959 3258 3027 loqui-

1712 3062 1817 3117 tur,
1846 3064 1903 3108 ut
1936 3070 2057 3108 cum
2081 3054 2195 3119 ait,
2232 3073 2249 3102 ι
2283 3053 2339 3107 ln
2369 3070 2529 3107 manu
2570 3052 2789 3106 robusta
2825 3051 3006 3117 eduxit
3032 3060 3081 3104 te
3118 3048 3259 3104 Deus

64 3143 238 3192 πᾶσαν
297 3141 448 3210 ἰσχὺν
486 3141 591 3195 τῶν
616 3142 911 3213 ἀνθρώπων
952 3145 1047 3195 καὶ
1078 3143 1175 3204 τὰς
1228 3142 1498 3213 ἐνεργείας
1550 3142 1607 3192 ὲν

1710 3161 1771 3197 ex
1799 3143 2058 3214 Egypto;
2102 3166 2119 3195 ι
2153 3146 2406 3213 itemque,
2438 3164 2456 3195 ‹
2488 3144 2715 3207 Mittam,
2742 3143 2915 3211 inquit
2946 3140 3106 3202 Dens,
3145 3155 3259 3193 Ina-

64 3234 176 3292 ταίς
203 3232 391 3303 χερσὶν
424 3226 579 3286 εἶναι.
606 3235 799 3304 Διόπερ
826 3233 1001 3296 καλῶς
1031 3236 1057 3286 ὁ
1093 3231 1381 3301 νομοθέτης
1424 3232 1515 3283 ἐπὶ
1546 3231 1605 3283 τὸ

1711 3246 1836 3283 num
1884 3246 2079 3293 meam,
2110 3241 2163 3285 et
2203 3232 2494 3299 percutiam
2521 3231 2823 3301 Egyptios.
2849 3232 2893 3262 "
2929 3249 2947 3281 ι
2994 3229 3056 3281 Ει
3083 3228 3147 3281 de
3172 3229 3259 3295 ju—

69 3321 345 3390 μεγαλεῖον
373 3324 707 3393 μετενήνοχε,
754 3324 923 3392 λέγων
944 3324 1041 3387 τὰς
1085 3322 1383 3385 συντελείας
1421 3324 1607 3393 χεῖρας

1712 3331 2009 3375 mentorum
2042 3332 2216 3376 morte
2258 3322 2335 3375 sic
2370 3321 2545 3376 Moses
2573 3324 2854 3387 Pharaoni,
2879 3323 3036 3392 377
3065 3340 3083 3371 ι
3124 3321 3260 3375 Ecce

1712 3428 1904 3466 manus
1954 3412 2165 3466 Domini
2219 3416 2321 3470 erit
2355 3432 2516 3486 super
2559 3415 2802 3483 jumenta
2836 3424 2945 3477 tua,
2999 3423 3051 3468 et
3098 3428 3258 3483 super

66 3511 265 3575 omnia,
306 3524 425 3579 qua:
456 3519 580 3563 sunt
626 3509 679 3562 in
715 3509 880 3579 agris,
928 3510 1174 3565 interitus
1218 3526 1467 3577 magnus.
1502 3500 1546 3533 δ’
1586 3528 1601 3558 ι
1645 3507 1828 3577 Itaque
1876 3525 2067 3565 manus
2130 3510 2197 3564 ad
2251 3512 2445 3567 divina:
2493 3512 2766 3582 potestatis
2818 3512 2922 3563 vim
2971 3511 3254 3579 pertinent,

68 3605 490 3675 quandoquidem
522 3605 829 3657 universum
868 3619 1081 3672 quoque
1118 3605 1283 3657 robur
1313 3604 1587 3657 hominum
1628 3617 1688 3654 ac
1744 3602 1824 3654 vis
1854 3603 2041 3670 agendi
2101 3612 2205 3657 tota
2238 3606 2486 3658 manibus
2528 3606 2850 3658 continetur.
2893 3599 3052 3655 Recte
3099 3601 3259 3668 igitur

68 3698 281 3755 omnino
309 3699 576 3766 legislator
601 3697 739 3752 hanc
765 3713 947 3752 vocem
980 3698 1047 3752 ad
1108 3698 1340 3767 aliquam
1372 3696 1666 3765 maiestatis
1734 3695 2180 3764 signiﬁcationem
2213 3699 2507 3762 transtulit,
2553 3713 2674 3751 cum
2731 3695 2924 3750 divinae
2979 3694 3257 3763 potestatis

67 3410 195 3467 εἶναι
224 3412 379 3467 Θεοῦ.

70 3806 222 3859 opera
242 3808 433 3846 manus
446 3793 747 3861 appellavit.

139 3902 157 3933 ι
188 3884 379 3947 Στάσις
407 3884 461 3936 δὲ
489 3885 605 3939 θεία
642 3885 816 3949 καλῶς
836 3884 899 3939 ἂν
930 3887 1163 3956 λέγοιτο,
1183 3889 1321 3942 κατὰ
1341 3891 1399 3942 τὸ
1440 3910 1605 3961 μεγα-

71 3972 201 4028 λεῖον
220 4013 238 4039 ,
279 3977 311 4046 ή
354 3971 446 4027 τοῦ
476 3974 677 4045 κόσμου
719 3981 1045 4047 κατασκευή.
1081 3980 1188 4032 Καὶ
1219 3980 1325 4051 γὰρ
1356 3982 1444 4033 ἐπὶ
1470 3984 1605 4035 πάν-

72 4082 169 4117 των
192 4069 220 4119 ὁ
250 4066 397 4130 Θεὸς,
437 4067 529 4118 καὶ
559 4066 712 4118 πάνθ’
743 4068 1114 4132 ὑποτέτακται,
1135 4070 1227 4121 καὶ
1258 4073 1439 4123 στάσιν
1472 4074 1608 4143 εἴλη-

75 4166 195 4224 φεν*
230 4157 365 4212 ὥστε
396 4158 517 4220 τοὺς
549 4155 861 4227 ἀνθρώπους
902 4158 1332 4227 καταλαμϐάνειν
1378 4162 1607 4231 ἀκίνητα

73 4244 201 4300 εἶναι
232 4249 419 4305 ταῦτα.
444 4251 600 4317 Λέγω
622 4250 675 4303 δὲ
701 4251 760 4303 τὸ
791 4248 1043 4314 τοιοῦτον,
1075 4249 1150 4311 ὡς
1172 4250 1421 4303 οὐδέποτε
1449 4254 1604 4320 γέγο-

75 4356 155 4391 νεν
199 4340 422 4410 οὐρανὸς
468 4344 569 4412 γῆ,
614 4345 681 4413 γῆ
707 4342 751 4395 δ’
796 4341 1035 4413 οὐρανὸς,
1080 4341 1186 4393 οὐδ’
1231 4342 1376 4412 ἥλιος
1411 4345 1600 4415 σελήνη

73 4429 364 4498 λάμπουσα,
410 4431 529 4483 οὐδὲ
564 4433 753 4505 σελήνη
812 4434 967 4486 πάλιν
994 4432 1158 4502 ἣλιος,
1214 4434 1332 4486 οὐδὲ
1377 4438 1605 4505 ποταμοὶ

1792 3921 1809 3951 ‹
1853 3901 1968 3956 Jam
2020 3903 2164 3973 quod
2213 3910 2355 3958 stare
2409 3904 2618 3959 dicatur
2664 3905 2823 3968 Deus,
2865 3900 2914 3957 id
2948 3904 3256 3972 augustiore

1711 3993 1945 4060 quodam
1976 4009 2137 4048 sensu
2161 4034 2174 4059 ,
2220 3995 2286 4048 de
2319 3995 2502 4047 mundi
2537 3994 2811 4048 molitione
2850 3994 3017 4060 accipi
3069 4002 3250 4061 queat.

1713 4082 1842 4135 Nam
1879 4094 1931 4136 et
1959 4085 2207 4137 omnibus
2263 4083 2401 4137 Deus
2446 4085 2557 4150 ipse
2581 4090 2791 4151 praeest,
2822 4090 2874 4136 et
2901 4082 3079 4134 omnia
3130 4096 3253 4135 cum

1714 4171 1821 4225 Deo
1870 4173 2118 4233 subsunt,
2178 4182 2286 4225 tum
2322 4172 2389 4224 ab
2453 4187 2517 4225 eo
2556 4172 2800 4240 gradum,
2874 4171 2925 4224 in
2965 4184 3072 4239 quo
3122 4184 3254 4225 con-

1712 4263 1982 4325 sisterent,
2059 4270 2424 4330 acceperunt:
2466 4271 2524 4315 ut
2584 4263 2769 4316 eadem
2814 4262 3057 4315 homines
3129 4275 3256 4329 pro-

1710 4361 1886 4420 pterea
1943 4354 2062 4407 loco
2122 4362 2370 4421 statuque
2408 4369 2507 4407 suo
2571 4352 2770 4407 moveri
2820 4368 2923 4405 non
2958 4366 3116 4421 posse
3170 4351 3254 4403 in-

1712 4444 1971 4511 telligant.
2006 4443 2291 4497 Enimvero
2318 4458 2491 4512 neque
2511 4445 2704 4498 caalum
2740 4444 2793 4497 in
2831 4452 3048 4503 terram,
3078 4457 3174 4495 nec
3197 4441 3250 4493 in

77 4519 342 4583 θάλασσαι,
365 4521 483 4587 οὐδὲ
510 4520 748 4577 θάλασσα
774 4524 1019 4593 ποταμοί.
1046 4524 1151 4575 Καὶ
1192 4524 1349 4576 πάλιν
1381 4526 1469 4577 ἐπὶ
1501 4528 1604 4579 τῶν

1710 4534 1902 4586 cadum
1929 4550 2164 4601 unquam
2192 4544 2331 4587 terra
2363 4542 2565 4585 mutata
2595 4543 2675 4586 est
2705 4550 2716 4583 :
2743 4532 2981 4597 adeoque
3006 4542 3103 4581 nec
3121 4527 3253 4579 solis

75 4610 213 4675 ζάκυν
233 4613 261 4666 ὁ
292 4612 449 4674 αὑτός
478 4613 589 4663 ἐστι
614 4611 783 4679 λόγος.
820 4616 890 4667 Οὐ
914 4616 1019 4685 γὰρ
1044 4615 1316 4686 ἅνθρωπος
1338 4615 1485 4669 ἔσται
1511 4618 1604 4689 θη-

80 4703 198 4771 ρίον,
227 4704 344 4758 οὐδὲ
370 4702 551 4774 θηρίον
577 4703 874 4774 ἄνθρωπος.
911 4708 1017 4758 Καὶ
1039 4707 1129 4759 ἐπὶ
1170 4707 1366 4760 λοιπῶν
1398 4708 1451 4760 δὲ
1484 4712 1605 4763 ταὺ-

74 4794 157 4843 τὸν
181 4792 405 4864 ὑπάρχει
430 4833 444 4857 ,
490 4790 669 4860 φυτῶν
694 4807 752 4843 τε
799 4793 891 4843 καὶ
916 4794 1006 4845 ἐπὶ
1028 4795 1133 4846 τῶν
1156 4795 1326 4849 ἄλλων
1346 4813 1358 4824 ·
1398 4796 1603 4865 ἀμετά-

76 4877 231 4951 ϐλητα
264 4883 360 4952 μέν
389 4884 521 4945 ἐστι,
548 4881 643 4943 τὰς
670 4879 833 4942 αὐτὰς
866 4879 909 4931 δ’
941 4883 998 4932 ἐν
1027 4884 1204 4947 αὐτοῖς
1240 4884 1443 4955 τροπὰς
1470 4885 1603 4956 λαμ-

76 4968 212 5024 ϐάνει
248 4974 341 5025 καὶ
382 4972 600 5044 φθοράς.
636 4973 699 5024 Ἦ
727 4971 908 5033 στάσις
938 4968 1029 5024 οὖν
1052 4974 1084 5042 ἡ
1108 4973 1223 5027 θεία
1264 4975 1399 5027 κατὰ
1432 4976 1601 5029 ταῦτα

76 5059 369 5130 ἃνλὲγοιτο,
400 5064 615 5117 πάντων
642 5062 1005 5132 ὑποκειμένων
1030 5062 1105 5132 τῷ
1133 5064 1267 5133 Θεῷ.
1301 5067 1526 5134 Λέγεται
1545 5068 1601 5120 δὲ

79 5151 356 5215 κατάϐασις
379 5152 468 5205 ἐπὶ
494 5154 555 5205 τὸ
573 5154 695 5223 ὅρος
712 5153 828 5206 θεία
852 5153 1123 5220 γεγονέναι
1145 5154 1231 5205 διὰ
1256 5160 1352 5225 τῆς
1383 5159 1601 5229 Γραφῆς

74 5242 157 5295 τοῦ
204 5244 390 5314 νόμου,
445 5244 565 5298 καθ’
596 5247 654 5300 ὃν
688 5246 985 5317 ἐνομοθέτει
1033 5246 1237 5315 καιρὸν,
1273 5248 1357 5301 ἴνα
1405 5253 1599 5313 πάντες

77 5331 370 5404 θεωρήσωσι
414 5334 510 5403 τὴν
550 5331 831 5404 ἐνέργειαν
858 5336 948 5389 τοῦ
972 5336 1100 5389 Θεοῦ
1122 5353 1134 5365 °
1172 5338 1465 5403 κατάϐασις
1493 5343 1598 5413 γὰρ

77 5422 197 5496 αὕτη
228 5426 400 5495 σαφής
431 5426 562 5478 ἐστι.
588 5427 694 5477 Καὶ
716 5430 840 5498 περὶ
868 5430 1068 5482 τούτων
1102 5424 1191 5479 οὖν
1229 5428 1397 5491 οὕτως
1424 5431 1489 5483 ἄν
1515 5449 1598 5495 τις

79 5513 400 5585 ὲξητήσαιτο,
429 5513 738 5585 βουλόμενος
768 5524 1042 5590 συντηρεῖν
1066 5520 1155 5571 τὸν
1186 5520 1312 5590 περὶ
1344 5520 1474 5573 Θεοῦ
1514 5521 1598 5575 λό-

78 5617 175 5667 γον.
202 5605 455 5687 Δηλοῦται
482 5604 607 5677 γὰρ,
628 5604 701 5671 ὡς
730 5606 789 5659 τὸ
819 5607 940 5679 ὅρος
967 5611 1176 5665 ἐκαίετο
1209 5610 1338 5664 πολὺ
1357 5649 1372 5676 ,
1421 5610 1595 5675 καθώς

140 5712 180 5744 ⁸⁸
216 5713 383 5768 Exod.
426 5730 502 5769 tu.
538 5713 624 5767 ‘30.
699 5713 743 5745 "
784 5711 950 5768 Exod.
994 5733 1069 5773 Ix.
1109 5716 1179 5770 22

140 5793 162 5820 ⁸
180 5781 287 5837 Ἶσ.
330 5783 535 5851 ἐκείνῳ.

1712 4626 1765 4677 in
1814 4626 1992 4678 lunam
2025 4634 2130 4687 est,
2161 4640 2258 4678 nec
2285 4625 2424 4676 lunae
2446 4624 2498 4675 in
2526 4623 2714 4685 solem,
2751 4636 2849 4674 nec
2884 4618 3165 4671 ﬂuviorum
3194 4617 3249 4670 in

1710 4716 1899 4779 maria,
1932 4731 2030 4769 nec
2075 4717 2239 4769 maris
2289 4716 2341 4766 in
2384 4713 2577 4767 ﬂuvios
2600 4712 2737 4767 facta
2755 4710 3056 4764 conversio.
3095 4707 3249 4772 Quod

1709 4807 1881 4874 ipsum
1925 4806 1977 4858 in
2028 4805 2392 4858 animantibus
2442 4819 2658 4873 quoque
2702 4804 2879 4855 locum
2914 4801 3094 4854 habet.
3141 4797 3250 4854 Nec

1709 4896 1851 4947 enim
1902 4904 1995 4947 aut
2050 4896 2210 4947 homo
2257 4896 2455 4959 bellua,
2504 4905 2598 4948 aut
2660 4894 2837 4949 bellua
2877 4894 3037 4947 homo
3071 4891 3248 4945 futura

1709 4996 1807 5040 est.
1851 4985 1965 5050 Quo
1998 4986 2157 5038 etiam
2196 4988 2353 5039 modo
2380 5003 2501 5040 cum
2532 4987 2597 5041 de
2634 4987 2831 5055 plantis
2863 4994 2915 5039 et
2943 4984 3245 5044 arboribus,

1709 5088 1819 5131 tum
1852 5078 1916 5130 de
1945 5078 2168 5145 reliquis
2200 5078 2451 5133 omnibus
2503 5076 2868 5147 philosophari
2905 5076 3096 5134 liceat,
3128 5086 3247 5139 qua

1708 5183 1827 5221 cum
1860 5166 1911 5219 in
1948 5166 2050 5218 alia
2082 5167 2275 5219 mutari
2303 5182 2407 5220 non
2442 5168 2669 5237 possint,
2699 5176 2812 5219 tum
2860 5163 3071 5219 easdem
3107 5176 3247 5214 sem-

1707 5273 1800 5325 per
1821 5258 1871 5310 in
1903 5256 2097 5323 seipsis
2151 5256 2464 5311 mutationis
2492 5267 2544 5311 et
2582 5258 2828 5309 interitus
2851 5250 3246 5306 vicissitudines

1706 5345 2138 5401 constantissime
2167 5346 2465 5412 patiuntur.
2499 5346 2608 5401 llac
2636 5362 2764 5415 ergo
2787 5342 3071 5413 sententia,
3096 5340 3243 5409 quod

1703 5438 1882 5490 divino
1903 5434 2115 5489 Numini
2148 5446 2341 5492 cuncta
2373 5438 2757 5498 obsecundent,
2787 5444 2929 5487 stare
2971 5431 3107 5485 Dens
3134 5433 3245 5499 ipse

1702 5543 1807 5580 non
1868 5526 2138 5579 immerito
2174 5526 2280 5581 dici
2330 5528 2515 5598 possit.
2551 5526 2691 5581 ldem
2716 5566 2731 5586 ,
2765 5537 2871 5593 quo
2907 5532 3143 5590 tempore
3169 5521 3244 5573 le—

1702 5634 1817 5686 gem
1849 5616 1985 5672 hanc
2010 5617 2305 5684 sanciebat,
2325 5634 2388 5674 eo
2415 5628 2527 5673 tum
2556 5619 2609 5672 in
2643 5624 2878 5672 montem
2901 5614 3033 5683 legis
3072 5612 3242 5680 ipsius
