3988 6340
728 495 832 550 633
1355 489 1623 545 EUSEBll
1661 488 2135 545 C/ESABIENSIS
2173 491 2322 545 OPP.
2364 490 2544 546 PARS
2581 489 2647 546 ll.
2686 521 2754 532 --
2790 492 3286 550 APOLOGETICA.
3831 497 3914 553 διδ

726 618 952 668 cessitas
976 622 1027 665 et
1052 612 1225 680 inOpia
1256 612 1410 676 so‘let,
1428 612 1663 679 expediti
1681 612 1879 675 vivant,
1908 611 2148 681 adeoque
2166 613 2274 665 nul.

2391 613 2534 685 θέρει
2564 614 2608 665 δ’
2660 613 2917 682 ἐξωμίδες
2958 615 3219 682 εὐτελεῖς,
3263 617 3336 679 ὡς
3360 616 3616 687 εὐμαρῶς
3649 617 3839 681 ἐξεῖναι
3861 620 3915 689 τῷ

729 703 832 756 lam
866 705 1083 756 omnino
1109 702 1455 765 iunctionem,
1486 704 1534 757 si
1560 702 1719 755 modo
1762 703 1919 770 culpa
1972 711 2141 765 vacet,
2170 718 2274 771 qua

2393 703 2713 773 βουλομένῳ,
2771 705 2836 775 ἢν
2894 704 2958 755 ἂν
2992 704 3251 775 ὲθελήσοι,
3306 706 3508 769 λαῦεἶν,
3542 707 3738 775 ἐπειδὴ
3761 710 3843 759 καὶ
3867 710 3915 761 τὰ

728 794 794 847 ad
827 794 1071 846 tuendam
1126 794 1288 846 vitam
1338 792 1621 847 commoda
1651 793 1739 857 sit,
1773 793 1925 847 obire
1965 793 2274 847 detrectant.

2388 797 2503 858 ἑνὸς
2534 796 2801 858 ἁπάντων,
2831 796 2925 847 καὶ
2957 798 3021 848 τὰ
3044 798 3277 857 πάντων,
3311 798 3539 867 ἔμπαλιν
3566 798 3685 860 eve;
3729 798 3915 867 ὑπείλη-

725 881 841 938 Jam
890 884 1150 951 quidquid
1184 884 1379 953 singuli
1434 899 1497 936 ex
1550 894 1697 937 tanta
1746 900 1970 953 operum
2032 886 2274 938 varietate

2388 905 2534 940 πται.
2570 889 2677 941 Καὶ
2711 887 2813 957 μὴν
2841 888 2893 939 εἴ
2918 906 2999 950 τις
3020 889 3194 940 αὑτῶν
3220 889 3581 960 ἀσθενήσειεν,
3616 892 3679 941 ὲκ
3714 891 3815 942 τῶν
3837 910 3916 942 κα-

726 974 882 1041 pretii
927 974 1250 1040 acceperint,
1286 972 1335 1024 id
1368 982 1536 1025 totum
1586 973 1966 1026 communibus
2017 972 2287 1041 suil'ragiis

703 1075 907 1121 .creato
940 1068 1190 1135 quaestori
1226 1066 1444 1119 tradunt
1480 1067 1531 1118 in
1564 1082 1775 1119 manus.
1813 1064 1971 1131 Quod
2022 1067 2109 1121 ille
2151 1082 2285 1121 con-

725 1156 879 1209 tinuo
913 1157 965 1209 in
992 1160 1310 1211 necessariis
1330 1158 1639 1211 coemendis
1656 1157 1929 1225 expendit,
1955 1173 2181 1227 qumque
2204 1157 2285 1231 vel

723 1249 792 1301 ad
825 1250 1087 1318 reliquum
1122 1251 1369 1304 humanae
1401 1250 1523 1303 vita:
1562 1260 1930 1303 commeatum
1973 1266 2113 1318 opus
2170 1249 2284 1303 fue-

724 1340 852 1402 rint,
903 1341 1104 1408 prolixe
1142 1342 1462 1409 suppeditat.
1514 1340 1783 1409 Atqueilli
1809 1343 1997 1394 eodem
2041 1341 2284 1409 quotidie

717 1431 844 1485 cibo
879 1433 1258 1500 communique
1276 1447 1457 1485 mensa
1479 1441 1723 1495 utuntur,
1753 1441 1806 1484 et
1826 1433 2001 1485 victus
2026 1434 2279 1486 similitu-

720 1524 846 1577 dine
871 1521 1517 1593 delectati‘frugalitatem
1556 1533 1759 1583 amant,
1797 1524 1983 1576 luxum
2024 1534 2277 1593 tanquam

722 1614 887 1668 animi
904 1614 1252 1682 corporisque
1270 1622 1469 1682 pestem
1490 1613 2156 1684 aversanturQuanquam
2176 1630 2279 1669 non

722 1705 903 1758 minus
935 1705 1073 1772 apud
1106 1720 1199 1759 eos
1230 1704 1456 1771 vestium
1487 1714 1587 1766 est,
1617 1714 1778 1773 quam
1814 1720 2011 1759 mensa:
2037 1722 2280 1759 commu-

722 1798 834 1851 nio.
860 1796 991 1851 Nam
1035 1799 1207 1851 hieme
1229 1798 1451 1851 hirsutis
1475 1812 1537 1851 ac
1563 1799 1770 1851 villosis
1797 1813 1986 1851 omnes
2020 1798 2168 1852 laenis
2199 1800 2280 1851 in-

716 1887 978 1951 duuntur,
1002 1897 1185 1953 aestate
1231 1903 1358 1945 vero
1399 1888 1819 1956 simplicioribus
1873 1902 1936 1941 ac
1982 1888 2277 1942 levioribus

718 1979 984 2049 palliolis;
1018 1989 1077 2032 ut
1102 1979 1256 2033 facile
1285 1979 1457 2033 cuivis
1487 1981 1754 2049 integrum
1782 1980 1875 2041 sit,
1896 1994 2277 2048 quamcunque

716 2070 935 2124 libuerit
991 2071 1254 2137 accipere,
1283 2085 1404 2124 cum
1427 2078 1479 2122 et
1502 2067 1837 2137 quaecunque
1860 2072 2022 2123 unius
2048 2079 2190 2131 sunt,
2214 2072 2279 2121 ad

718 2176 907 2215 omnes
933 2175 1082 2229 aque
1104 2160 1425 2229 pertineant,
1477 2170 1530 2212 et
1570 2174 1690 2227 qua:
1740 2159 1979 2213 vicissim
2011 2160 2276 2223 omnium,

717 2253 885 2307 unius
936 2267 1055 2306 esse
1103 2264 1445 2306 censeantur.
1473 2249 1632 2317 Quod
1660 2252 1703 2304 si
1734 2252 1999 2320 quispiam
2032 2252 2084 2303 in
2132 2268 2277 2304 mor-

719 2341 846 2398 bum
881 2342 1165 2407 inciderit,
1211 2346 1256 2397 is
1304 2343 1682 2396 communibus
1734 2354 1955 2395 curatur
1994 2343 2274 2409 impensis,

717 2447 877 2503 atque
905 2435 1144 2487 omnium
1175 2434 1365 2488 studiis
1392 2433 1682 2502 ollieiisque
1706 2442 1995 2487 recreatur.
2026 2432 2277 2486 Seniores

715 2526 860 2595 quod
888 2527 1095 2585 attinet,
1119 2534 1174 2577 ut
1206 2525 1388 2578 liberis
1424 2524 1524 2593 ipsi
1548 2534 1791 2588 careant,
1824 2537 1931 2575 non
1972 2522 2152 2574 minus
2192 2530 2275 2573 ta;

716 2633 863 2679 men,
899 2634 1058 2686 quam
1100 2619 1294 2686 quibus
1333 2627 1385 2671 et
1415 2617 1798 2672 fecundissima
1846 2614 2058 2668 soboles
2087 2624 2138 2665 et
2176 2628 2272 2680 op-

715 2709 849 2761 tima
881 2707 1145 2771 fuerityin
1173 2708 1490 2763 felicissima
1519 2723 1582 2762 ac
1626 2706 1948 2762 suavissima
2001 2710 2273 2757 senectute

718 2798 877 2851 tinem
907 2798 1120 2851 vivendi
1151 2798 1392 2853 faciunt:
1425 2800 1551 2853 dum
1582 2814 1676 2852 eos
1706 2808 1813 2850 tam
1854 2795 2005 2848 multi
2042 2795 2275 2862 praemiis

718 2896 908 2940 auctos
941 2887 1240 2955 potioribus
1272 2888 1419 2943 omni
1465 2888 1669 2941 honore
1701 2894 2122 2955 prosequuntur,
2146 2919 2156 2927 -
2180 2885 2273 2953 qui

718 2978 785 3032 ad
812 2978 913 3031 hoc
938 2976 1096 3030 ofﬁcii
1128 2994 1294 3047 genus
1310 2979 1581 3033 voluntate
1603 2978 1786 3047 potius
1807 2986 2064 3044 certoque
2093 2976 2275 3029 consi-

715 3068 811 3135 lio,
839 3085 998 3138 quam
1028 3069 1133 3122 ulla
1165 3079 1369 3121 natura:
1388 3071 1705 3122 necessitate
1719 3069 2005 3120 ducantur.
2038 3065 2274 3119 Prazter-

2374 3068 2535 3130 ἐστιν,
2580 3066 2691 3120 ἀλλ’
2725 3068 2906 3137 ἕτερος
2950 3070 3136 3134 γέγονε
3186 3068 3419 3137 λεληθὼς
3476 3069 3585 3121 ἀντ’
3640 3069 3911 3137 ἐλευθέρου

715 3175 803 3226 ea,
854 3162 996 3229 quod
1017 3175 1145 3213 sane
1170 3160 1251 3211 vel
1275 3173 1464 3221 unum,
1494 3158 1579 3209 vel
1609 3157 1846 3208 omnium
1866 3156 2095 3208 maxime
2124 3170 2272 3208 com-

2374 3158 2569 3221 δοῦλος.
2602 3151 2771 3229 Οὗτος
2798 3158 2925 3225 γοῦν
2954 3161 2981 3211 ὁ
3015 3158 3123 3227 βίος
3151 3159 3296 3209 ἐστὶν
3324 3145 3499 3209 αὑτῶν
3528 3160 3907 3228 περιμάχητος.

718 3252 1029 3304 munionem
1079 3250 1224 3301 illam
1269 3248 1533 3315 dissipare
1582 3249 1867 3315 potuisset,
1926 3248 2271 3302 solertissime

2376 3250 2520 3318 ’ςΩστ’
2549 3250 2645 3301 οὑκ
2680 3228 2877 3301 ίδιέύται
2912 3249 3086 3318 μόνον,
3115 3248 3244 3300 ἀλλά
3284 3250 3374 3300 καὶ
3400 3248 3617 3316 μεγάλοι
3663 3249 3909 3317 βασιλεῖς.

718 3340 1077 3409 providentes,
1110 3340 1179 3391 ita
1214 3339 1428 3407 nuptias
1482 3338 1766 3405 repudiare
1798 3338 1989 3399 solent,
2032 3347 2090 3391 ut
2137 3341 2274 3393 inte-

2374 3341 2635 3409 ἀγάμενοι
2668 3342 2792 3401 τοὺς
2817 3340 3010 3409 ἄνδρας
3030 3380 3043 3403 ,
3077 3340 3356 3409 τεθήπασι,
3388 3342 3479 3393 καὶ
3510 3340 3569 3392 τὸ
3605 3339 3799 3408 σεμνὸν
3828 3340 3911 3391 αὺ-

717 3434 961 3502 gerrimae
984 3432 1326 3487 continentiae
1355 3432 1565 3485 laudem
1594 3431 1695 3485 sibi
1740 3431 2059 3499 praecipuam
2090 3432 2271 3487 defen-

2374 3429 2476 3482 τῶν
2502 3430 2787 3498 ἀωδοχαῖς
2811 3434 2902 3481 καὶ
2926 3434 3107 3499 τιμαῖς
3132 3431 3206 3481 ἔτι
3244 3432 3438 3500 μᾶλλον
3471 3430 3862 3501 σεμνοποιοῦσι.
3891 3452 3906 3479 ι

715 3522 863 3574 dant.
897 3521 970 3575 Ita
1001 3522 1302 3577 Esszeorum
1330 3536 1486 3575 nemo
1516 3536 1735 3574 uxorem
1760 3520 1927 3587 ducit,
1967 3521 2111 3591 quod
2144 3539 2268 3575 mu-

2374 3520 2551 3572 Ταῠτα
2582 3522 2674 3591 μὲν
2702 3520 2912 3572 ἀπὸτοῦ
2937 3522 3216 3590 εἰρημένου
3249 3522 3441 3574 κείσθω
3472 3523 3905 3591 συγγράμματος·

715 3610 812 3663 lier
831 3611 1093 3678 ejusmodi
1129 3612 1220 3673 sit,
1280 3626 1401 3680 quae
1441 3625 1565 3663 cum
1612 3610 1843 3677 seipsam
1895 3612 2271 3665 vehementius

2374 3610 2477 3662 ἀπὸ
2498 3611 2553 3663 δὲ
2582 3611 2674 3663 τοῦ
2696 3650 2709 3673 ,
2734 3613 2871 3679 Περὶ
2910 3611 3013 3664 τοῦ
3045 3612 3233 3664 πάντα
3257 3612 3587 3665 σπουδαῖον
3603 3614 3911 3678 ἐλεύθερον

716 3710 878 3761 amet,
937 3714 999 3751 ac
1051 3699 1309 3768 zelotypia
1365 3700 1571 3753 laboret
1628 3700 1960 3752 immodica:
2004 3710 2115 3753 tum
2166 3697 2274 3753 viri

2374 3694 2535 3763 εἶναι,
2570 3700 2636 3752 τὰ
2662 3701 2829 3763 οὑτως
2854 3701 3040 3770 ἔχοντα
3068 3702 3464 3772 παραθήσομαι.

716 3802 931 3857 quoque
960 3803 1133 3841 mores
1162 3798 1215 3840 et
1238 3788 1391 3841 facile
1427 3798 1763 3841 transversos
1808 3798 1930 3857 agat
1957 3797 2011 3841 et
2032 3788 2369 3845 assiduarum
2398 3790 2776 3843 blanditiarum
2809 3791 3072 3844 illecebris
3109 3807 3171 3845 ac
3200 3793 3480 3844 lenociniis
3500 3791 3759 3844 emolliat.
3782 3789 3905 3844 Nam

716 3879 806 3931 ubi
831 3879 1006 3930 verbis
1031 3879 1096 3929 ad
1119 3878 1533 3930 assentationem
1560 3877 2028 3945 adulationemque
2049 3878 2379 3946 compositis,
2400 3893 2461 3931 ac
2490 3878 2698 3945 reliquo
2728 3877 3088 3930 simulationis
3112 3878 3358 3940 artiﬁcio,
3378 3887 3629 3947 tanquam
3650 3878 3703 3930 in
3730 3893 3907 3946 scena,

712 3970 897 4025 oculos
923 3970 1087 4023 semel
1121 3983 1385 4036 auresque
1408 3968 1635 4030 deliniit,
1671 3978 1780 4019 tum
1814 3982 1942 4020 vero
1970 3969 2189 4036 perinde
2217 3983 2279 4022 ac
2300 3969 2679 4022 circumventis
2705 3969 2954 4030 subditis,
2977 3960 3163 4022 ducem
3190 3970 3366 4037 ipsum
3381 3986 3440 4023 ac
3466 3971 3763 4039 principem
3794 3971 3903 4023 ani-

714 4080 861 4118 mum
898 4066 1143 4117 eumdem
1179 4065 1231 4115 in
1261 4078 1498 4116 errorem
1525 4062 1746 4115 inducit.
1778 4061 1906 4127 Qua:
1950 4064 1995 4117 si
2027 4064 2224 4117 liberos
2251 4079 2465 4132 quoque
2482 4064 2796 4130 susceperit,
2834 4080 2952 4116 mox
2983 4065 3716 4133 procacize'conlidentiazque
3735 4066 3901 4133 plena,

714 4154 969 4225 quidquid
996 4154 1244 4207 simulate
1258 4155 1408 4222 prius
1430 4168 1493 4207 ac
1510 4154 1732 4206 subdole
1756 4155 2060 4207 insinuabat
2078 4154 2295 4223 331m
2318 4155 2491 4221 palam
2520 4164 2677 4222 atque
2696 4155 2952 4207 audacius
2970 4156 3225 4223 loquitur,
3244 4167 3511 4224 exutoque
3537 4157 3739 4223 pudore
3763 4154 3903 4207 omni

713 4259 809 4312 per
836 4246 939 4297 vim
969 4255 1285 4312 extorquere
1312 4251 1558 4295 conatur.
1579 4241 1707 4307 Quae
1723 4241 1938 4309 quidem
1962 4258 1992 4295 a
2027 4244 2285 4295 societate
2306 4243 2479 4295 aliena
2511 4251 2636 4296 sunt
2665 4244 2865 4295 omnia.
2900 4242 3155 4311 Quisquis
3180 4246 3319 4297 enim
3346 4250 3436 4295 aut
3468 4242 3650 4295 uxoris
3670 4242 3903 4295 irretitus

714 4336 999 4399 illecebris,
1020 4344 1113 4388 aut
1136 4351 1261 4389 cura
1285 4336 1598 4397 liberorum,
1632 4336 1862 4400 quadam
1894 4344 2098 4387 natura:
2120 4335 2456 4397 necessitate,
2481 4334 2779 4402 implicatus
2805 4344 2905 4393 est,
2935 4336 2979 4387 is
2998 4337 3253 4407 adversus
3272 4336 3406 4389 alios
3430 4335 3569 4387 idem
3619 4335 3711 4403 qui
3755 4336 3897 4403 prius

710 4442 834 4482 esse
862 4441 967 4479 non
991 4435 1185 4493 potest,
1214 4427 1305 4479 sed
1336 4426 1491 4493 plane
1520 4425 1684 4488 aliud,
1720 4426 1820 4478 hoc
1842 4432 1921 4477 est
1942 4439 2007 4477 ex
2034 4424 2203 4477 libero
2238 4440 2445 4488 servus,
2489 4414 2690 4478 sensim
2713 4439 2775 4477 ac
2800 4426 2916 4477 sine
2955 4442 3116 4479 sensu
3162 4425 3385 4479 etIicitur
3404 4466 3420 4481 .
3446 4427 3619 4493 Atque
3636 4424 3895 4493 ejusmodi

712 4527 798 4572 est
856 4518 1067 4568 illorum
1109 4517 1227 4567 vita:
1254 4516 1408 4579 ratio,
1438 4515 1595 4577 digna
1638 4514 1896 4581 profecto,
1927 4530 2088 4583 quam
2120 4518 2364 4568 certatim
2430 4530 2615 4569 omnes
2668 4518 2961 4569 imitentur.
3008 4517 3181 4581 Quare
3217 4532 3323 4569 non
3364 4518 3556 4586 privati
3588 4518 3779 4581 modo,
3810 4518 3893 4571 sed

713 4609 932 4663 maximi
964 4622 1177 4674 quoque
1192 4621 1340 4674 reges
1369 4607 1417 4658 id
1451 4606 1727 4658 hominum
1762 4623 1928 4675 genus
1979 4608 2322 4659 vehementer
2345 4608 2611 4670 admirati,
2669 4610 2735 4663 ad
2762 4610 3035 4677 propriam
3068 4609 3294 4671 instituti
3329 4610 3641 4679 dignitatern
3664 4653 3677 4674 ,
3704 4625 3892 4664 novum

715 4702 1006 4755 honoribus
1036 4702 1146 4753 suis
1174 4710 1224 4751 et
1270 4700 1473 4767 prolixa
1525 4700 1983 4753 commendatione
2020 4700 2184 4753 decus
2214 4760 2217 4767 ν
2244 4701 2580 4755 addiderunt.
2629 4721 2645 4751 ι
2681 4701 2803 4755 Ιιδθο
2834 4701 2988 4755 Philo
3018 4702 3071 4754 in
3090 4704 3359 4772 Apologia.
3379 4704 3547 4774 Cujus
3576 4705 3723 4772 item,
3751 4706 3803 4758 in
3835 4720 3893 4757 eo

714 4792 874 4854 libro,
896 4807 1003 4859 quo
1024 4793 1219 4860 probos
1251 4807 1438 4845 omnes
1467 4791 1662 4844 liberos
1696 4810 1815 4871 esse
1843 4794 2080 4847 defendit
2137 4795 2249 4847 haec
2279 4797 2432 4849 verba
2465 4804 2609 4849 sunt.

1286 4886 1511 4939 CAPUT
1559 4886 1676 4939 XII.
2289 4892 2333 4946 Ι)

1204 4976 1402 5030 lterum
1431 4981 1493 5031 de
1532 4981 1735 5033 iisdem.

787 5082 807 5116 ι
844 5063 952 5118 Nec
980 5066 1091 5132 ipsa
1126 5080 1339 5133 quoque
1375 5064 1667 5121 Palaestinae
1712 5067 1861 5137 Syria
1906 5069 2003 5121 hoc
2042 5069 2259 5138 integri-

2383 978 2490 1031 νῶν
2514 979 2872 1049 νοσηλεύεται,
2904 980 3325 1049 θεραπευόμενος
3362 985 3479 1044 ταῖς
3521 983 3777 1033 ἁπάντων
3826 984 3915 1033 ἐπι-

2389 1070 2623 1139 μελείαις
2652 1071 2744 1121 καὶ
2776 1070 3065 1137 φροντίσιν.
3110 1071 3168 1120 οἱ
3206 1070 3260 1121 δὲ
3300 1069 3363 1139 δὴ
3404 1070 3726 1140 πρεσϐύται,
3763 1072 3852 1122 κᾶν
3878 1073 3914 1122 εί

2383 1161 2592 1229 τύχοιεν
2624 1161 2854 1221 ἄτεκνοι,
2891 1160 3133 1229 καθάπερ
3154 1162 3211 1212 ού
3242 1160 3556 1225 πολύπαιδες
3592 1162 3777 1231 μόνον,
3807 1162 3915 1213 ἀ.)λὰ

2383 1252 2477 1302 καὶ
2508 1251 2709 1319 σφόδρα
2730 1250 2999 1311 εὑπαιδες,
3022 1252 3077 1300 ἐν
3104 1250 3472 1320 εὐτυχεστάτῳ
3506 1252 3597 1302 καὶ
3632 1252 3915 1321 λιπαρωτά·

2381 1358 2458 1411 τῳ
2490 1343 2634 1411 γήρᾳ
2664 1342 2753 1393 τὸν
2794 1340 2903 1409 βίον
2946 1340 3161 1392 εἰώθασι
3191 1342 3490 1404 καταλύειν,
3532 1342 3635 1394 ὑπὸ
3671 1343 3915 1393 τοσούτων

2384 1433 2682 1501 προνομίας
2718 1444 2740 1470 ιι
2773 1431 3074 1502 ἀξιούμενοι
3110 1433 3199 1486 καὶ
3237 1434 3431 1502 τιμῆς,
3472 1434 3703 1503 ἑκουσίῳ
3752 1433 3913 1501 γνώμῃ

2386 1517 2581 1586 μᾶλλον
2612 1518 2643 1587 ἢ
2672 1517 2881 1585 φύσεως
2906 1520 3115 1589 ἀνάγκη
3138 1520 3453 1591 θεραπεύειν
3476 1520 3789 1583 ἀξιούντων.
3817 1523 3914 1573 Ἔτι

2379 1610 2572 1674 τοίνυν,
2596 1611 2785 1680 ὅπερῆ
2822 1611 2977 1680 μόνον
3006 1612 3037 1681 ἢ
3066 1592 3294 1681 μάλιστα
3314 1611 3409 1681 τὴν
3439 1613 3723 1665 κοινωνίαν
3751 1612 3914 1682 ἔμελλε

2377 1699 3077 1771 διαλύειν,ὀξυδερκέστερον
3106 1702 3317 1765 ἰδόντες,
3346 1702 3517 1771 γάμον
3547 1705 3916 1773 παρῃτήσαντο

2377 1792 2515 1860 μετά
2542 1792 2635 1844 τοῦ
2670 1791 3027 1861 διαφερόντως
3058 1794 3241 1844 άσκειν
3276 1794 3613 1863 ἐγκράτειαν.
3672 1795 3916 1847 Ἐσσαίων

2377 1885 2485 1952 γὰρ
2523 1884 2695 1945 οὐδεὶς
2738 1884 2922 1951 ἄγεται
2954 1886 3182 1950 γυναῖκα
3207 1923 3220 1946 ,
3249 1883 3377 1936 διότι
3410 1885 3661 1952 φίλαυτον
3710 1888 3745 1955 ἡ
3776 1889 3913 1956 γυνὴ,

2380 1977 2472 2027 καὶ
2502 1972 2794 2043 ζηλότυπον
2835 1975 2894 2026 οὐ
2957 1975 3207 2045 μετρίως,
3252 1975 3342 2027 καὶ
3390 1975 3557 2028 δεινὸν
3605 1976 3799 2048 ἀνδρὸς
3828 1978 3914 2047 ἤθη

2380 2065 2803 2136 παρασαλεῦσαι,
2854 2068 2944 2119 καὶ
2998 2067 3240 2134 συνεχέσι
3282 2067 3553 2134 γοητείαις
3606 2069 3911 2136 ὑπάγεσθαι.

2378 2155 2726 2223 Μελετήσασα
2760 2156 2864 2226 γὰρ
2894 2155 3078 2217 θῶπας
3106 2156 3311 2223 λόγους,
3343 2158 3432 2208 καὶ
3457 2158 3552 2228 τὴν
3597 2159 3765 2228 ἀλλην
3804 2160 3915 2211 ὑπό-

2378 2263 2577 2316 κρισιν,
2630 2246 2814 2317 ὥσπερ
2876 2248 2967 2298 ἐπὶ
3014 2247 3241 2317 σκηνῆς,
3276 2248 3422 2315 ὄψεις
3468 2250 3559 2300 καὶ
3602 2250 3773 2313 ἀκοὰς
3804 2253 3913 2305 ὅταν

2376 2339 2615 2411 δελεάσῃ,
2664 2340 3075 2409 διηπατημένων
3111 2333 3196 2391 οἷα
3250 2340 3519 2410 ὑπηκόων,
3557 2340 3646 2393 τὸν
3692 2344 3910 2411 ἡγεμόνα

2377 2429 2497 2480 νοῦν
2525 2429 2838 2495 ,φενακίζει.
2893 2429 3083 2490 Παῖδες
3109 2428 3149 2479 δ’
3179 2431 3223 2480 εἰ
3260 2428 3493 2495 γένοιντο
3520 2470 3535 2492 ,
3585 2434 3911 2501 φρονήματος

2379 2520 2777 2590 ὑποπλησθεῖσα
2825 2522 2917 2572 καὶ
2953 2522 3276 2590 παρρησίας,
3327 2523 3424 2574 ὅσα
3474 2525 3593 2574 κατ’
3649 2524 3911 2592 εἰρωνείαν

2377 2612 2635 2682 πρότερον
2662 2610 2905 2673 ὑπούλως
2934 2611 3266 2680 ὑπῃνίττετο,
3298 2611 3463 2662 ταῦτα
3489 2612 3581 2662 ἀπ’
3614 2611 3912 2681 εὑτολμοτέ-

2376 2722 2470 2776 ρου
2500 2704 2729 2773 θράσους
2755 2703 2972 2757 ὲκκαλεί
2999 2702 3129 2773 (90),
3163 2704 3255 2756 καὶ
3296 2705 3720 2772 άναισχυντοῦσα
3744 2745 3757 2769 ,
3806 2703 3911 2773 βιάο

2375 2796 2521 2859 ζεται
2570 2796 2859 2865 πράττειν·
2891 2788 2962 2847 ὧν
3006 2797 3230 2849 ἕκαστον
3290 2796 3563 2858 κοινωνίας
3597 2795 3807 2865 ἐχθρόν.
3864 2797 3912 2848 '0

2372 2887 2480 2956 γὰρ
2507 2887 2538 2956 ἢ
2574 2886 2824 2953 γυναικὸς
2858 2887 3093 2957 φίλτροις
3122 2875 3369 2948 ὲνδεθεὶς,
3400 2888 3431 2956 ἢ
3458 2887 3678 2949 τέκνων,
3714 2888 3912 2958 ἀνάγκη

2376 2977 2603 3045 φύσεως,
2632 2978 3049 3048 προκηδὸμενος,
3082 2980 3260 3031 οὑκὲτι
3295 2980 3425 3049 πρὸς
3454 2979 3642 3041 ἄλλους
3692 2980 3719 3031 ὁ
3764 2979 3911 3039 αὐτὸς

2310 1947 2349 2000 Β

2878 4890 3261 4943 ΚΕΦΛΛᾹΙΟΝ
3289 4892 3379 4944 ΙΒ¹.

2850 4983 2967 5032 Ἔτι
3018 4984 3147 5047 περὶ
3201 4982 3413 5034 αὐτῶν.

2431 5092 2453 5123 ι
2496 5074 2649 5126 Ἔστι
2695 5072 2751 5124 δὲ
2794 5074 2885 5123 καὶ
2920 5072 3025 5143 (91)
3058 5076 3170 5141 ἡὲν
3205 5072 3527 5141 Παλαιστίνῃ
3576 5072 3740 5144 Συρία
3794 5074 3890 5143 (93)

713 5156 839 5214 tatis
857 5169 919 5207 ac
942 5156 1151 5209 virtutis
1170 5164 1427 5223 proventu
1449 5168 1609 5222 caret,
1634 5175 1791 5225 quam
1817 5158 2119 5211 Judaeorum
2143 5175 2259 5211 am-

710 5246 965 5317 plissimae
996 5247 1226 5301 nationis
1264 5261 1389 5316 pars
1422 5246 1606 5299 incolit
1636 5259 1882 5318 tenetque
1912 5264 2016 5301 non
2040 5250 2251 5317 exigua.

768 5412 792 5438 ³
814 5400 925 5458 ’1σ.
968 5412 1125 5470 προνς
1137 5399 1283 5467 μίας.

782 5553 889 5625 (90)
940 5552 1215 5625 Ἑκκαλεῖ.
1254 5550 1538 5625 Lege_cum
1570 5554 1663 5625 alt.
1705 5566 1974 5625 manuscr.
2004 5552 2237 5604 ἐκλαλεῖ.

781 5622 892 5689 (91)
933 5626 1100 5675 Ἐστι
1131 5622 1197 5673 δὲ
1230 5624 1344 5673 καί.
1386 5622 1697 5689 Εκδιεινὴπι
1746 5622 1893 5673 locus
1944 5622 1995 5673 in
2038 5635 2237 5674 excuso

710 5688 929 5759 Philone
953 5690 1301 5759 ϐιαιως-[λείη
1336 5706 1386 5758 p.
1415 5688 1535 5743 678.
1570 5688 1697 5743 Vide
1727 5691 1861 5759 infra
1892 5704 1943 5759 p.
1980 5690 2239 5759 ίοίμμιιε

714 5704 929 5747 Philone
953 5704 1301 5753 urazco-Lat.,
1336 5706 1386 5758 ρ.
1415 5704 1535 5743 ωδ.
1574 5704 1697 5743 huc
1727 5704 1861 5741 intra
1932 5728 1943 5739 .

711 5764 777 5814 de
800 5752 1035 5812 Essmnis
1058 5758 1383 5828 Porphyrius
1418 5760 1606 5811 habeat
1631 5776 1694 5811 ex
1723 5704 1971 5825 JosepKo.

788 5828 886 5899 βε)
932 5830 989 5884 Ἠ
1013 5829 1066 5881 ἐν
1100 5826 1461 5893 Παλαιστίνῃ
1496 5830 1687 5892 Συρία.
1721 5828 1936 5892 Ειευεο,
1977 5829 2009 5897 ἡ
2044 5826 2235 5880 Παλαι-

2360 5163 2751 5230 καλοκάγαθίας
2775 5164 2871 5215 οὑκ
2898 5164 3082 5229 ἄγονος
3105 5162 3232 5230 (93),
3264 5162 3327 5231 ἢν
3356 5164 3890 5233 πολυανθρωποτάτου

2356 5254 2536 5317 ἔθνους
2558 5254 2661 5305 τῶν
2698 5254 2958 5307 Ἰουδαίων
2990 5254 3085 5305 οὑκ
3121 5252 3271 5320 ὀλίγη
3308 5251 3467 5322 μοίρα
3512 5254 3748 5323 νέμεται.
3803 5258 3889 5306 Λέ-

2359 5555 2505 5623 στίνη
2537 5556 2623 5623 xa‘.
2655 5553 2838 5620 Συρία.
2868 5550 2971 5623 Alt.
3022 5565 3047 5601 e
3086 5565 3388 5623 m3n_nscr._,
3424 5551 3539 5623 is}
3569 5540 3878 5623 Παλαιστίνῃ

2347 5617 2557 5693 Συρίας.
2592 5617 2746 5693 Forte
2781 5618 3009 5693 legend.,
3052 5622 3083 5688 ὴ
3126 5619 3452 5687 Παλαιστίνη
3490 5618 3686 5686 Συρίας
3710 5659 3724 5683 ,
3747 5617 3875 5683 velo

2342 5694 2398 5745 ὲν
2424 5688 2591 5763 Συρίᾳ.
2624 5688 2971 5763 Παλαιστίνη.
3107 5758 3125 5763 Α,
3830 5734 3848 5759 ο

2414 5749 2519 5831 (θῦἶ
2559 5749 2813 5826 Ἅγονος.
2844 5749 3066 5820 Excus.,
3096 5758 3339 5827 ἄμοιρος.
