3988 6340
18 526 106 578 845

1127 517 1452 579 PREPAR.
1492 517 1750 580 EVANG.
1787 516 1918 578 LIB.
1968 521 2096 580 Vlll.

3116 533 3223 588 διε

15 658 172 711 γονται
191 640 247 697 δέ
269 657 419 709 τινες
446 648 578 717 παρ’
609 645 783 709 αὐτοῖς
821 645 993 716 ονομα
1041 645 1305 709 Ἐσσαῖοι,
1352 645 1550 714 πλῆθος

1656 644 1809 714 Apud
1833 660 1926 700 eos
1943 661 2112 716 genus
2127 644 2399 714 quoddam
2429 646 2824 713 hominumest,
2842 649 2962 718 plus
2990 661 3226 722 quatuor

18 732 132 802 ὑπὲρ
164 734 630 804 τετρακισχιλίους
663 733 815 804 (κατ’
841 734 980 805 ἐμὴν
1005 733 1182 798 δόξαν,
1217 734 1315 788 οὐκ
1341 733 1559 805 ἀκριϐεῖ

17 821 146 893 τύπῳ
172 823 454 877 διαλέκτου
491 825 874 897 Ἑλληνικῆς),
912 824 1230 896 παρώνυμοι
1260 825 1552 896 ὁσιότητος·

17 915 176 985 ἐπειδὴ
204 916 307 968 κάν
332 920 452 980 τοῖς
485 917 716 987 μάλιστα
737 917 1061 989 θεραπευταὶ
1087 915 1220 968 Θεοῦ
1250 916 1555 983 γεγόνασιν,

16 1006 65 1060 οὐ
108 1007 207 1072 ζῶα
261 1008 647 1075 καταθύοντες,
686 1009 798 1062 ἀλλ’
826 1010 1166 1079 ἱεροπρεπεῖς
1211 1007 1308 1070 τάς
1353 1005 1557 1059 ἐαυτῶν

19 1099 222 1160 διανοίας
252 1100 683 1164 κατασκευάζειν
705 1099 994 1166 ἀξιοῦντες.
1023 1095 1177 1153 Οὗτοι
1207 1099 1267 1150 τὸ
1300 1098 1396 1168 μὲν
1417 1097 1560 1170 πρῶ-

17 1204 90 1241 τον
118 1190 362 1260 κωμηδὸν
395 1191 641 1256 οἰκοῦσι,
674 1191 773 1254 τὰς
808 1190 988 1254 πόλεις
1032 1189 1416 1260 ἐκτρεπόμενοι
1470 1187 1558 1240 διά

18 1284 98 1346 τὰς
129 1284 228 1337 τῶν
284 1284 716 1354 πολιτευομένων
765 1263 1070 1355 χειροήθεις
1120 1282 1350 1352 ἀνομίας
1413 1281 1553 1349 (94)⁶

19 1374 186 1436 εἰδότες
207 1375 270 1426 ἐκ
295 1374 410 1427 τῶν
437 1374 720 1436 συνόντων,
772 1374 846 1436 ὡς
885 1372 991 1426 ἀπὸ
1033 1371 1192 1442 ἀέρος
1233 1369 1554 1441 φθοροποιοῦ

18 1467 144 1518 νόσον
179 1467 541 1537 ὲγγινομένην
587 1465 889 1537 προσϐολὴν
950 1465 1146 1535 ψυχαῖς
1185 1463 1418 1516 ἀνίατον.
1457 1457 1557 1515 Ὧν

12 1555 57 1606 οἱ
86 1555 170 1623 μὲν
197 1555 596 1624 γεηπονοῦντες
614 1594 629 1617 ,
657 1558 706 1607 οί
758 1554 814 1606 δὲ
845 1554 1039 1622 τέχνας
1086 1553 1356 1622 μετιόντες
1380 1591 1394 1613 ,
1434 1552 1556 1604 ὅσαι

23 1646 367 1714 σννεργάτιδες
412 1647 659 1716 είρήνης,
703 1646 926 1707 ἑαυτούς
949 1661 1008 1696 τε
1045 1645 1137 1697 καὶ
1175 1644 1299 1705 τοὺς
1328 1642 1557 1711 πλησιά-

19 1734 178 1798 ζοντας
194 1735 531 1804 ὠφελοῦσιν·
566 1738 664 1789 οὐκ
712 1737 948 1806 ἄργυρον
986 1735 1079 1786 κα).
1113 1735 1308 1804 χρυσὸν
1350 1733 1554 1802 θησαυ-

22 1827 413 1896 ροφυλακοῦντεε
472 1828 580 1881 οὐδ’
605 1827 881 1897 ἀποτομὰς
909 1826 1010 1896 γῆς
1060 1826 1297 1896 μεγάλας
1345 1826 1556 1893 κτώμε-

15 1932 97 1979 νοι,
119 1918 178 1970 δι’
199 1918 496 1988 ἐπιθυμίαν
525 1919 816 1990 προσόδων,
840 1915 952 1969 ἀλλ’
977 1918 1076 1969 ὅσα
1105 1917 1239 1986 πρὸς
1269 1916 1364 1979 τὰς
1392 1917 1554 1983 ἀναγ-

20 2009 152 2069 καίας
177 2008 268 2062 τοῦ
308 2009 430 2078 βίου
461 2009 644 2080 χρείας
670 2009 1043 2080 ἐκπορίζονται
1067 2009 1196 2079 (95).
1232 2008 1394 2060 Μόνοι
1445 2009 1552 2079 γὰρ

20 2097 320 2160 ῆάπάντων
355 2101 544 2169 σχεδὸν
566 2101 864 2173 ἀνθρώπιον
905 2103 1211 2171 ἀχρήματοι
1257 2101 1349 2152 καὶ
1385 2101 1553 2171 ἀκτή-

27 2205 155 2256 parnt
199 2192 349 2243 αὐτοὶ
378 2192 658 2259 γεγονότες
694 2190 1060 2262 (ἐπιτηδεύσει
1103 2189 1211 2259 (96)
1256 2190 1316 2240 τὸ
1372 2191 1552 2242 πλεῖον

20 2279 46 2346 ἦ
87 2281 244 2350 ἐνδείᾳ
279 2284 601 2353 εὐτυχίας),
632 2282 1022 2336 πλουσιιὶιτατοι
1073 2281 1402 2351 νομίζονται,
1452 2283 1551 2354 τὴν

19 2367 304 2434 ὀλιγοδὲειαν
339 2371 441 2422 καὶ
482 2370 753 2432 εὐκολίαν,
784 2371 919 2439 ὅπερ
947 2370 1112 2431 ἐστὶν,
1149 2369 1423 2437 κρίνοντες
1461 2386 1553 2421 πε-

24 2457 244 2528 ριουσίαν.
273 2458 480 2521 Βελῶν,
519 2458 836 2527 ἢάκόντων,
870 2458 903 2528 ἦ
935 2457 1197 2526 ξιφιδίων,
1232 2457 1263 2527 ἦ
1300 2459 1547 2527 κράνους,

19 2545 45 2612 ἢ
76 2544 318 2616 θώρακος,
353 2548 388 2616 ἧ
425 2548 667 2611 ἀσπίδος,
697 2549 883 2601 οὐδένα
912 2549 1038 2618 παρ’
1065 2549 1246 2610 αὐτοῖς
1279 2548 1345 2601 ἂν
1374 2548 1550 2618 εὕροις

20 2633 331 2708 δημιουργὸν,
364 2639 491 2692 οὐδὲ
520 2639 746 2701 συνόλως
774 2639 1131 2708 ὁπλοποιὺν,ἢ
1168 2640 1547 2708 μηχανοποιὸν,

23 2712 224 2793 int-rth
254 2731 397 2783 κατὰ
430 2731 661 2800 πόλεμον
696 2729 1079 2800 ἐπιτηδεύοντα
1107 2729 1238 2799 (97).
1282 2729 1415 2786 Ἀλλ’
1441 2729 1546 2782 οὐδ’

22 2818 100 2870 ὃσα
117 2821 222 2871 κατ’
248 2817 477 2892 είρήνην
504 2822 752 2875 εὐόλισθα
783 2825 861 2884 είς
883 2821 1076 2874 κακίαν
1094 2838 1107 2850 ·
1134 2822 1399 2891 ἐμπορίας
1417 2821 1545 2892 γὰρ,

21 2908 48 2977 ἢ
75 2911 370 2982 καπηλείας,
405 2913 441 2982 ἡ
469 2913 811 2982 ναυκληρίας,
842 2913 951 2966 οὐδ’
996 2913 1126 2982 ὄναρ
1158 2912 1320 2976 ἴσασι,
1344 2913 1442 2975 τὰς
1470 2917 1548 2976 είς

24 2999 290 3066 πλεονεξίας
326 3003 581 3072 ἀφορμὰς
630 3004 1206 3074 ἀποδιοπεμπούμενοι.
1257 3005 1450 3068 Δοῦλός
1489 3023 1547 3058 τε

26 3095 127 3160 παρ’
164 3095 335 3157 αὐτοῖς
376 3094 501 3147 οὐδὲ
549 3090 627 3157 εἷς
659 3096 801 3146 ἐστιν
823 3133 838 3158 ,
862 3094 993 3147 ἀλλ’
1024 3095 1293 3164 ἐλεύθεροι
1327 3097 1544 3161 πάντες,

22 3181 490 3255 Μυπουργοῦντες
521 3186 796 3255 ἀλλήλοις,
838 3186 1306 3253 καταγινώσκουσί
1336 3206 1393 3240 τε
1437 3190 1545 3243 τῶν

25 3271 274 3338 δεσποτῶν,
309 3277 371 3329 οὐ
407 3277 562 3347 μόνον
589 3278 664 3340 ὼς
689 3278 908 3340 ἀδίκων,
950 3278 1166 3348 ἰσότητα
1199 3278 1305 3348 (98)
1348 3279 1543 3349 λυμαι-
1570 3305 1613 3360 c

26 3364 242 3432 νομένων,
265 3367 401 3419 ἀλλὰ
430 3370 522 3421 καὶ
543 3369 617 3431 ὡς
643 3369 850 3439 ἀσεϐῶν
870 3409 884 3429 ,
913 3369 1110 3439 θεσμὸν
1151 3371 1360 3438 φύσεως
1393 3373 1543 3424 ἀναι-

28 3452 244 3523 ρούντων,
272 3459 327 3526 ἢ,
350 3458 557 3522 πάντας
583 3460 780 3528 ὁμοίως
830 3462 1135 3530 γεννήσασα
1184 3462 1277 3513 καὶ
1304 3461 1546 3530 θρέψασα

31 3546 196 3615 pri-ta);
235 3549 469 3616 τρόπον,
511 3549 770 3618 ἀδελφοὺς
798 3552 1072 3625 γνησίους,
1101 3555 1160 3606 οὐ
1199 3555 1541 3625 λεγομένους,

29 3633 116 3684 ἀλλ’
144 3636 286 3701 ὂντας
310 3638 482 3701 ὅντως
514 3631 910 3711 amigrant?"
939 3637 1019 3695 ὧν
1037 3644 1135 3712 τὴν
1166 3647 1479 3712 συγγένειαν
1508 3651 1540 3717 ἠ

31 3724 265 3791 ἐπίϐουλος
291 3729 570 3794 πλεονεξία
594 3733 1094 3802 παρευημερήσασα
1123 3733 1379 3788 διέσεισεν
1412 3737 1541 3802 (99),

27 3813 119 3867 ἀντ’
143 3821 458 3892 οἰκειότητος
473 3815 871 3893 ἀλλοτριότητα,
889 3825 979 3875 καὶ
1001 3825 1120 3876 ἀντὶ
1149 3825 1326 3892 φιλίας
1348 3825 1544 3895 ἔχθραν

32 3907 354 3982 ἐργασαμένη.
410 3913 725 3983 Φιλοσοφίας
775 3930 836 3966 τε
870 3915 944 3983 (l)
978 3915 1036 3967 τὸ
1071 3915 1168 3985 μὲν
1195 3917 1404 3984 λογικὸν
1424 3959 1437 3982 ,
1469 3920 1544 3982 ὡς

25 3995 109 4048 οὐκ
130 4000 406 4069 ἀναγκαῖον
440 4006 518 4066 είς
552 4005 742 4074 κτῆσιν
769 4005 966 4075 ἀρετῆς
988 4005 1062 4074 (2)
1084 4024 1096 4036 ·
1130 4007 1191 4059 τὸ
1216 4008 1271 4060 δὲ
1297 4015 1539 4077 φυσικὸν,

31 4085 91 4149 ὡς
119 4093 276 4158 μεῖζον
299 4093 334 4164 ἢ
355 4095 498 4147 κατά
519 4096 862 4168 ἀνθρωπίνην
891 4097 1070 4165 φύσιν,
1091 4102 1544 4172 μετεωρολέσχαις

33 4180 341 4252 ἀπολιπόντες
361 4229 377 4253 ,
410 4191 547 4262 πλὴν
579 4193 699 4246 ὅσον
733 4195 892 4248 αὑτοῦ
929 4196 1055 4265 περὶ
1081 4194 1360 4265 ὑπάρξεως
1385 4194 1540 4255 Θεοῦ,

36 4274 108 4325 καὶ
129 4279 212 4344 τῆς
239 4280 328 4332 τοῦ
347 4283 548 4354 παντὸς
568 4286 832 4352 γενέσεως
848 4286 1205 4354 φιλοσοφεῖται
1225 4302 1237 4315 '
1271 4285 1333 4336 τὸ
1360 4285 1544 4353 ἠθικὸν

35 4358 79 4414 εὖ
103 4366 221 4432 μάλα
246 4363 613 4438 διαπονοῦσιν,
662 4375 940 4437 ἀλείπταις
981 4375 1248 4446 χρώμενοι
1289 4377 1399 4436 τοῖς
1441 4392 1544 4426 πα-

38 4454 190 4523 τρῴοις
214 4460 408 4528 νόμοις,
441 4463 537 4526 οὓς
557 4455 832 4535 ἀμήχανον
874 4464 1215 4534 ἀνθρωπίνην
1262 4463 1541 4532 ἐπινοῆσαι

37 4541 174 4614 ψυχὴν
193 4548 309 4602 ἀνευ
338 4553 579 4622 κατοχῆς·
593 4554 794 4608 ἐνθέου.
836 4555 1070 4618 Τούτους
1106 4554 1542 4607 ἀναδιδάσκονται

1657 735 1845 801 millia,
1879 734 2087 789 Essazos
2116 744 2335 798 vocant,
2361 736 2468 789 ἀπὸ
2485 738 2590 808 τῆς
2621 740 2925 818 (ὁσιότητος.
2955 742 3060 797 hoc
3084 754 3166 797 est
3192 761 3222 800 a

1653 827 1935 880 sanctitate
1966 830 2096 893 (non
2143 829 2274 882 satis
2303 836 2505 888 tamen.
2548 839 2607 884 ut
2639 831 2772 884 mihi
2815 833 3036 900 quidem
3073 834 3222 889 vide-

1655 924 1764 980 tur,
1795 916 1859 968 ad
1897 915 2066 970 ϐηευί
2113 919 2359 973 vocabuli
2403 920 2667 973 rationem
2719 922 3014 993 accurate),
3075 925 3223 992 quod

1655 1008 1923 1076 praecipua
1969 1008 2136 1062 Deum
2166 1011 2308 1065 inter
2337 1027 2527 1067 omnes
2566 1013 2824 1080 religione
2875 1025 3216 1081 venerentur,

1654 1115 1760 1152 non
1783 1101 1896 1169 jam
1929 1101 2172 1155 victimas
2198 1104 2549 1166 immolando,
2583 1104 2674 1158 sed
2707 1114 2911 1158 mentes
2944 1106 3044 1174 ipsi
3068 1121 3216 1173 suas,

1655 1188 1730 1239 uti
1760 1187 2004 1242 homines
2036 1191 2410 1246 sanctimoniae
2452 1193 2788 1260 professmes
2840 1194 3014 1260 decet,
3054 1212 3216 1265 quam

1654 1278 2051 1333 studiosissime
2085 1282 2448 1337 informando.
2484 1285 2562 1338 Ac
2591 1285 2825 1353 primum
2875 1287 3094 1355 quidem
3140 1289 3216 1344 illi

1653 1367 1867 1418 vicatim
1901 1369 2222 1433 habitantes,
2266 1386 2386 1425 sese
2418 1372 2484 1425 ab
2529 1374 2753 1428 urbibus
2811 1387 3115 1447 segregant,
3145 1379 3218 1434 ob

1654 1453 1832 1509 fat-ilia
1871 1458 2094 1511 nimium
2150 1469 2204 1512 et
2251 1461 2565 1529 quotidiana
2613 1464 3005 1532 oppidanorum
3059 1468 3208 1534 vitia,

1655 1563 1776 1601 cum
1812 1552 1978 1617 probe
2014 1551 2331 1620 intelligant,
2377 1568 2444 1607 ex
2478 1568 2664 1607 eorum
2716 1555 3040 1623 quibuscum
3095 1574 3214 1612 Ver-

1654 1653 1837 1692 semur
1872 1656 1991 1704 usu,
2025 1642 2183 1694 veluti
2233 1658 2297 1696 ex
2342 1654 2598 1713 corrupto
2664 1644 3028 1716 pestiferoque
3075 1650 3213 1705 caelo

1654 1730 1928 1791 morbum,
1958 1730 2027 1782 ita
2050 1733 2438 1800 ‘contagionem
2472 1734 2825 1789 insanabilem
2878 1738 2930 1790 in
2965 1738 3209 1794 animum

1653 1817 1973 1872 redundare.
2009 1821 2110 1871 Alii
2144 1821 2388 1874 colendis
2443 1823 2607 1890 agris,
2655 1825 2744 1877 alii
2803 1827 2952 1894 pacis
3001 1839 3055 1882 et
3106 1831 3206 1885 otii

1653 1910 1814 1963 sociis
1845 1911 2049 1964 artibus
2092 1911 2394 1968 [actitandis
2445 1918 2724 1982 occupati,
2781 1918 2855 1973 ita
2909 1935 3033 1974 cum
3072 1938 3206 1988 suae,

1589 1979 1629 2033 Β
1658 2009 1767 2052 tum
1829 2015 2018 2054 eorum
2046 2003 2230 2066 etiam,
2267 2005 2357 2070 qui
2392 2004 2456 2057 ad
2489 1979 2608 2060 sese
2654 2007 2934 2074 ventitant,
2991 2010 3208 2066 utilitati

1652 2092 1911 2154 Serviunt,
1947 2103 2001 2146 ut
2036 2108 2134 2146 nec
2183 2095 2390 2163 argenti
2438 2097 2664 2164 aurique
2698 2098 2982 2154 thesauros
3017 2117 3210 2157 recon-

1650 2181 1797 2244 dant,
1855 2199 1952 2237 nec
2016 2184 2277 2240 immensa
2330 2187 2529 2255 praedia
2577 2187 2847 2242 fructuum
2884 2187 3206 2261 ampliorum

1651 2274 1940 2341 cupiditate
1968 2277 2298 2345 possideant,
2334 2279 2425 2333 sed
2459 2295 2521 2334 ea
2550 2282 2711 2335 modo
2734 2293 3209 2355 comparent,qua:

1650 2366 1946 2422 toleranda:
1995 2371 2114 2423 vitae
2143 2374 2439 2428 necessitas
2489 2374 2744 2443 postulat.
2798 2373 2910 2429 Soli
2953 2378 3096 2431 enim
3141 2393 3210 2433 ex

1650 2458 1899 2511 omnibus
1927 2475 2090 2528 prope
2121 2462 2455 2529 hominibus,
2487 2466 2604 2519 sine
2651 2467 2901 2535 pecunia,
2937 2471 3054 2523 sine
3085 2484 3211 2538 pos-

1651 2547 1989 2602 sessionibus
2040 2552 2261 2618 (quibus
2299 2561 2478 2607 tamen
2506 2570 2600 2610 eos
2627 2555 2875 2611 voiuntas
2906 2572 3002 2611 sua
3034 2561 3210 2626 potius

1649 2649 1699 2693 et
1724 2640 1952 2693 instituti
1988 2642 2122 2695 ratio
2171 2658 2331 2711 quam
2375 2645 2614 2713 iniquior
2647 2645 2862 2701 fortuna
2898 2650 3206 2719 spoliavit),

1649 2728 1913 2782 habentur
1951 2732 2377 2800 locupletissimi,
2406 2736 2532 2788 dum
2567 2737 2618 2789 in
2659 2754 2759 2790 usu
2783 2755 2961 2792 rerum
2996 2743 3208 2795 modico

1649 2829 1809 2888 atque
1841 2823 2074 2889 parabili
2111 2825 2269 2877 sitam
2299 2840 2442 2885 esse.
2475 2827 2551 2879 uti
2580 2837 2682 2891 est,
2705 2844 2844 2882 verae
2866 2831 3209 2886 abundantia:

1647 2911 1909 2964 rationem
1939 2913 2264 2982 intelligunt.
2297 2915 2411 2968 Non
2439 2917 2667 2971 telorum
2691 2919 2831 2987 apud
2857 2935 2971 2986 eos,
2998 2937 3102 2974 non
3120 2922 3208 2990 ja-

1647 3002 1918 3064 culorum,
1959 3019 2062 3057 non
2101 3006 2391 3074 pugionem
2453 3017 2546 3061 aut
2586 3010 2881 3078 galearum,
2917 3026 3023 3064 non
3080 3011 3209 3066 lori.

1647 3109 1832 3148 carum
1873 3105 2296 3163 autscutorum,
2326 3100 2559 3168 deniqtte
2595 3116 2698 3153 non
2737 3117 3011 3155 armorum
3046 3103 3206 3173 382

1646 3187 1887 3254 cujusvis
1904 3190 2237 3255 generis,aut
2255 3192 2517 3244 machinae
2535 3192 2858 3260 cujusquam
2894 3194 3096 3248 bellicae
3129 3195 3208 3249 fa-

1646 3276 1801 3331 brum
1837 3279 2004 3333 ullum
2059 3282 2318 3348 reperias.
2367 3282 2482 3334 luto
2538 3299 2637 3336 nec
2683 3299 2868 3337 eorum
2909 3287 3206 3354 quidquam

1649 3368 1963 3431 moliuntur,
2003 3386 2257 3439 quorum,
2297 3380 2354 3423 ut
2387 3372 2536 3439 pacis
2559 3374 2733 3426 amica
2768 3375 2896 3439 sint,
2928 3374 3101 3430 facilis
3127 3385 3209 3429 ta-

1649 3465 1768 3508 men
1801 3458 1864 3510 ad
1895 3459 2288 3526 improbitatem
2339 3461 2522 3528 lapsus
2546 3477 2664 3515 esse
2705 3474 2884 3531 queat.
2929 3463 3109 3533 Itaque
3140 3466 3210 3522 de

1649 3556 1969 3610 mercatura,
1991 3551 2340 3616 cauponaria,
2374 3552 2700 3606 navicularia
2732 3569 2796 3607 ne
2815 3569 2905 3622 per
2936 3557 3205 3610 somnium
3253 3598 3258 3604 .

1649 3635 1864 3701 quidem
1918 3640 2174 3706 cogitant,
2212 3640 2404 3707 pabula
2446 3641 2759 3709 cupiditatis
2811 3644 2991 3696 omnia
3050 3644 3207 3714 longe

1648 3723 1860 3792 longius
1899 3731 2270 3782 aniandautes.
2303 3729 2503 3783 Servus
2537 3732 2676 3799 apud
2712 3747 2805 3786 eos
2838 3732 3204 3797 nemo,liberi

1646 3817 1878 3869 omnes":
1918 3827 2157 3871 mutuam
2202 3821 2305 3873 sibi
2353 3832 2552 3876 navant
2601 3838 2818 3891 operam
2850 3841 2863 3877 :
2895 3823 3204 3878 dominatus

1645 3919 1812 3971 genus
1856 3920 2016 3960 omne
2056 3908 2334 3972 damnant,
2388 3927 2497 3965 non
2551 3913 2715 3966 modo
2755 3914 2898 3981 quod
2946 3912 3202 3982 injuslus,

1645 3997 1949 4063 aaqualitate
1977 3997 2230 4064 tollenda,
2261 4002 2354 4053 sed
2379 4003 2539 4055 etiam
2569 4003 2712 4070 quod
2746 4003 2942 4071 impius
2983 4006 3204 4057 convvi-

1646 4087 1800 4140 lenda
1834 4098 2038 4142 natura:
2059 4089 2175 4159 lege
2212 4091 2480 4145 videatur.
2513 4090 2623 4147 Nos
2659 4094 2803 4146 enim
2853 4094 2919 4146 ab
2952 4108 3037 4160 ea,
3085 4103 3205 4146 tan-

1645 4193 1805 4246 quam
1832 4194 1861 4232 a
1878 4183 2151 4234 communi
2171 4194 2409 4250 parente,
2434 4193 2745 4252 procreatos
2770 4194 2932 4254 atque
2946 4187 3205 4243 educatos

1644 4285 1852 4335 omnes,
1913 4287 2199 4340 germanos
2245 4275 2469 4341 proinde
2523 4274 2737 4340 fratres,
2775 4292 2883 4329 non
2926 4277 3091 4331 verbo
3125 4286 3203 4332 te-

1646 4378 1768 4427 nus,
1804 4364 1893 4416 sed
1941 4364 2117 4432 reipsa
2152 4366 2476 4420 constitutos
2501 4382 2619 4422 esse
2650 4383 2664 4420 :
2695 4383 2856 4438 quam
2901 4377 3076 4423 tamen
3110 4385 3202 4423 co-

1646 4455 1948 4521 gnationem
1980 4456 2390 4509 insidiatrixilla
2416 4458 2700 4525 cupiditas,
2720 4460 2840 4513 laeto
2869 4476 3047 4514 rerum
3076 4476 3202 4515 suc-

1647 4560 1801 4599 cessu
1836 4544 2060 4609 felicior,
2085 4546 2464 4602 alienationem
2499 4563 2597 4617 pro
2629 4549 3048 4614 necessitudine,
3099 4566 3198 4619 pro

42 4633 114 4699 μὲν
130 4637 209 4689 καὶ
239 4640 383 4712 παρά
402 4643 494 4694 τὸν
521 4643 675 4696 ἄλλον
709 4645 916 4716 χρόνον,
949 4647 1006 4698 ἐν
1045 4646 1100 4696 δὲ
1140 4647 1258 4705 ταῖς
1292 4643 1539 4712 ἑϐδόμαις

1647 4635 2011 4690 benevolentia
2044 4637 2226 4690 odium
2260 4639 2584 4698 invehendo.
2631 4633 2902 4698 distraxii.
2944 4639 3194 4694 Philoso-

39 4722 364 4798 διαφερόντως.
396 4732 538 4803 Ἰερά
551 4734 658 4803 γάρ
677 4736 710 4804 ὴ
745 4736 945 4806 ἑϐδόμη
972 4736 1298 4805 νενόμισται,
1329 4733 1449 4786 καθ’
1475 4734 1541 4803 ἣν
1576 4800 1580 4805 _

97 4930 184 5000 (94)
213 4935 537 5002 Χειροήθεις
564 4933 829 5002 ἀνομίας.
854 4931 1056 5000 Novus,
1084 4935 1298 5003 Opinor,
1334 4935 1426 4988 sed
1461 4943 1542 4989 tan

44 5012 136 5053 men
157 5003 372 5073 elegans,
406 5006 669 5072 planeque
709 5003 1032 5073 σημαντικός
1058 5005 1202 5058 vocis
1241 5003 1541 5073 χειροήθεις

46 5070 446 5143 ιιιιιεηεειειιίιίι
465 5117 482 5140 ,
525 5070 847 5133 ut‘videtur,
877 5072 1193 5140 improbitas
1221 5070 1502 5143 χειροήθης
1523 5114 1539 5138 ,

47 5137 306 5214 qualacile
335 5159 437 5197 usu
467 5137 1050 5214 quodamwmutuoque
1074 5137 1349 5214 consortio
1370 5137 1398 5214 ,’
1418 5137 1542 5195 vita:

49 5204 274 5278 hominum
303 5226 361 5265 ac
387 5204 630 5266 moribus
655 5204 999 5266 adhaaresca't.
1034 5209 1109 5262 ita
1134 5210 1275 5278 quod
1302 5213 1540 5264 animan-

51 5273 116 5395 tisi
153 5287 233 5331 aut
277 5294 519 5348 persona
556 5282 831 5350 proprium
864 5288 974 5343 est,
1009 5279 1060 5333 id
1092 5273 1274 5333 virtuti
1305 5282 1539 5349 vitioque

51 5347 272 5395 trtiuitnr.

51 5347 272 5400 tribuitur.

91 5413 186 5491 ,(95)
229 5415 671 5486 Ἐκπορίζονται.
722 5417 948 5482 Excus.,-
994 5416 1402 5486 ἐκπορίζοντες,
1457 5435 1540 5473 re-

51 5488 170 5536 chus.

101 5550 191 5623 (96)
218 5556 634 5623 Ἐπιτηδεύσει,
661 5567 767 5611 etc.
790 5557 924 5610 Vide
953 5571 1078 5609 num
1112 5553 1349 5608 Philonis
1373 5554 1539 5608 inter-

54 5631 142 5694 ξτες
168 5637 374 5679 mentem
426 5627 544 5694 ejus
584 5637 937 5694 asse-quater,
997 5626 1125 5678 dum
1166 5625 1278 5676 haec
1309 5626 1380 5676 ita
1413 5627 1538 5676 red-

52 5685 134 5762 άξιι
158 5703 199 5744 τι
223 5705 420 5762 propter
443 5685 565 5748 ὖίιιε
598 5685 894 5748 ίωιξὲιιιιιηι
925 5685 1114 5749 diuites
1144 5693 1396 5762 habentur
1425 5709 1539 5745 man

55 5756 126 5820 θέε,
145 5756 276 5827 quam
295 5756 352 5817 ob
379 5780 552 5817 rerum
580 5766 799 5831 capiant.
833 5767 915 5816 An
939 5763 1190 5833 εὐτυχίας
1226 5761 1420 5827 ἔνδεια,
1453 5778 1538 5814 re-

58 5838 141 5876 rum
163 5835 460 5887 abundantia
479 5843 558 5888 est
573 5835 598 5886 τ

104 5894 190 5966 (97)
208 5903 271 5956 Εἴ
292 5919 345 5958 τι
364 5903 476 5959 τῶν
505 5903 650 5959 κατά
665 5903 927 5972 πόλεμον
947 5901 1382 5969 ἐπιτηδεύοντα.
1403 5898 1537 5954 Hinc

1642 4726 1783 4794 phiae
1807 4735 2012 4795 partem
2043 4740 2184 4790 eam,
2219 4742 2339 4795 qua:
2363 4729 2418 4781 in
2447 4728 2746 4782 disserendi
2779 4728 2986 4783 ratione
3015 4743 3197 4782 versa.

1642 4939 1990 5009 corrigendos
2013 4939 2458 5009 videturpexcust.
2487 4937 2623 5009 apud
2653 4952 2812 5005 quem
2847 4936 3025 5009 minus
3049 4946 3195 4993 recte

1642 5012 1744 5078 legi
1790 5005 2068 5071 existimo,
2111 5009 2142 5078 ἦ
2187 5007 2292 5078 τῷν
2323 5007 2461 5060 κατά
2495 5007 2724 5075 πόλεμον
2757 5005 3192 5078 ἐπιτηδεύματα,

1643 5077 1786 5150 quod
1810 5089 1992 5150 tamen
2020 5077 2339 5150 etiatnferri
2370 5087 2564 5145 potest.

1714 5149 1824 5216 (98)
1877 5147 2158 5215 Ἰσότητα.
2195 5146 2382 5200 Melius
2419 5162 2579 5215 quam
2609 5185 2626 5210 ,
2656 5154 2713 5198 ut
2749 5146 2802 5199 in
2832 5161 3032 5201 excuso
3061 5145 3192 5216 legi-

1645 5228 1751 5279 tur,
1784 5221 2041 5279 ίσιότητα.

1712 5287 1822 5355 (99)
1863 5285 2192 5360 Διέσεισενη
2218 5285 2415 5360 Vocem
2447 5286 2588 5339 hanc
2622 5286 2675 5339 in
2701 5299 2925 5360 excuso
2957 5297 3185 5360 repone;

1641 5351 1810 5424 quam
1843 5355 2049 5408 tametsi
2095 5355 2287 5422 legisse
2338 5356 2601 5423 interpres
2661 5354 2903 5418 videtur,
2947 5351 3189 5405 mutilam

1642 5440 1818 5478 tamen
1852 5425 2016 5476 edidit
2050 5425 2395 5493 hiantemque
2423 5424 2764 5478 sententiam.

1713 5493 1786 5562 (l)
1819 5493 2181 5559 Φιλοσοφίας
2220 5490 2319 5546 ref
2339 5494 2498 5546 Amat
2521 5492 2860 5562 Thucydides
2895 5490 3030 5562 hanc
3057 5502 3186 5562 par-_

1646 5559 1886 5623 ticulam,
1915 5577 2020 5629 qua
2049 5562 2343 5630 saepissime
2365 5564 2417 5614 in
2450 5559 2886 5631 disiunctissimis
2914 5559 3187 5631 e_tiam__vel
3273 5605 3298 5629 ,

1641 5625 1970 5701 argumentis
1991 5673 2004 5693 ,
2033 5625 2392 5701 vel—partibus
2431 5625 2746 5700 copulandis
2773 5630 2843 5683 uti
2874 5628 3031 5681 solet.
3078 5625 3187 5681 E1-

1642 5699 1806 5777 cusiis
1832 5711 2007 5777 tamen
2045 5699 2492 5777 ιςεζφιλοσοςξίας
2508 5699 2599 5777 ῥέ.
2683 5770 2693 5777 _
2805 5766 2828 5776 _
2963 5764 2978 5777 ,
3001 5765 3032 5777 ν

1714 5772 1786 5840 (‘2)
1839 5771 1930 5834 Ὠς
1976 5764 2202 5836 κτῆᾰιιέ
2230 5764 2463 5838 ἀρετῆς.
2508 5769 2634 5823 Post
2671 5766 2869 5837 ἀρετῆς
2914 5764 3062 5821 addit
3087 5782 3188 5822 ca-

1643 5856 1757 5896 cus.
1783 5840 2100 5910 λογοθήραις
2120 5879 2135 5903 ,
2160 5849 2212 5893 et
2240 5849 2401 5894 recte.
