3988 6340
74 484 164 535 665

1226 480 1538 565 primum.
1581 483 1830 538 EVANG.
1872 482 2000 539 ue.
2039 486 2171 537 \‘Itl.

3148 494 3248 549 666

74 600 132 650 τά
164 597 496 668 βουλήματα,
542 603 632 653 καὶ
661 602 1021 669 διαγινώσκειν
1064 599 1219 661 εὐθὺς
1246 600 1315 650 τά
1340 615 1398 650 τε
1434 600 1608 668 παρά-

1713 599 1811 652 frui
1858 602 2003 654 nullo
2031 612 2204 670 potest
2238 623 2248 655 :
2282 604 2440 673 392
2476 607 2564 659 sed
2609 608 2839 662 assiduis
2878 611 3252 681 continuisque

76 708 208 759 σημα
239 691 332 741 καὶ
360 691 576 760 δόκιμα.
624 694 887 762 Μηδέποτ’
913 688 1024 752 οὖν,
1058 690 1117 742 τὺ
1141 691 1332 742 οἰκεῖον
1359 690 1608 758 δικαστή-

76 798 177 851 ριον
213 781 305 831 τοῦ
332 782 484 835 Θείου
518 786 919 852 προκρίναντες,
954 782 1339 850 ἀψευδέστερον
1368 782 1495 832 αὐτὸ
1522 783 1611 832 καὶ

75 870 437 940 ιὺόουλότερον
462 869 598 925 εἶναι
624 874 828 943 φῶμεν
874 876 933 925 οὑ
968 875 1072 942 γάρ
1120 875 1282 925 ὅσιον.
1328 874 1412 924 Ἐν
1441 866 1483 938 ᾧ
1516 873 1611 941 μὲν

76 963 171 1031 γὰρ
198 962 367 1015 πολλά
401 963 469 1016 τὰ
497 964 807 1032 σφάλλοντα,
839 966 1110 1034 ἀπατηλαὶ
1144 964 1437 1033 αἰσθήσεις,
1466 963 1609 1032 πάθη

75 1052 337 1117 ἐπίϐουλα,
386 1055 591 1107 κακιῶν
622 1058 648 1105 ὁ
680 1055 971 1125 βαρύτατος
1005 1054 1384 1123 ὲπιτειχισμός·
1419 1056 1473 1104 ὲν
1495 1047 1613 1119 ᾧδὲ

75 1144 212 1195 ούδὲν
238 1145 337 1213 μὲν
360 1145 465 1195 τῶν
492 1148 577 1197 ἐπ’
602 1146 859 1217 ἐξαπάτῃ,
886 1147 1155 1213 δικαιότης
1177 1147 1229 1197 δὲ
1254 1146 1343 1197 καὶ
1370 1145 1610 1213 ἀλήθεια,

76 1232 151 1298 αἷς
178 1238 397 1289 ἕκαστον
426 1237 815 1306 βραϐευόμενον
841 1238 1129 1299 ὲτταινετῶς
1156 1236 1494 1306 ἑξορθοῦσθαι
1528 1238 1614 1288 722'-

77 1344 246 1392 φυκεν.
287 1329 520 1390 Ἐπειτ“,
561 1324 605 1381 ὦ
646 1332 879 1397 γενναῖε,
928 1331 999 1399 μὴ
1049 1331 1270 1398 νομίσῃς
1311 1329 1613 1390 ἀλυσιτελὲς

76 1420 345 1487 ὶπίκαιρον
370 1418 477 1485 ('55)
508 1416 640 1471 εἶναι
687 1420 999 1489 τυραννίδα.
1042 1420 1172 1473 Οὐδὲ
1197 1421 1300 1489 γὰρ
1330 1421 1360 1488 ἠ
1400 1420 1613 1481 κόλασις

77 1508 407 1572 ἀλυσιτελές·
464 1509 597 1562 ἀλλά
640 1512 906 1579 τιμωρίας
937 1510 1130 1563 διδόναι
1175 1512 1286 1572 τοῖς
1325 1511 1542 1577 ἀγαθοῖς
1579 1512 1611 1580 ἢ

76 1598 495 1669 ὠφελιμώτερον,
524 1601 555 1669 ἢ
586 1600 683 1652 οὑκ
712 1600 952 1657 ἀποδέον
984 1596 1042 1653 οὗ
1070 1602 1224 1670 χάριν
1250 1604 1304 1653 ὲν
1328 1603 1493 1655 ἅπασι
1520 1602 1614 1671 μὲν

77 1693 172 1752 τοῖς
203 1689 380 1760 ὀρθῶς
409 1692 659 1759 γραφεῖσι
688 1690 1050 1761 παρείληπται
1082 1692 1288 1759 νόμοις·
1327 1694 1374 1742 οἱ
1405 1691 1459 1742 δὲ
1492 1691 1616 1760 γρά-

58 1780 254 1846 ,ᾁαντες
284 1780 391 1832 ὑπὸ
421 1781 634 1833 πάντων
664 1780 1023 1835 ἐπαινοῦνται.
1056 1782 1228 1851 Ὅπερ
1254 1780 1357 1851 γὰρ
1387 1784 1443 1834 ἐν
1464 1782 1615 1851 δήμῳ

78 1870 340 1938 τύραννος,
380 1870 522 1923 τοῦτ’
547 1874 603 1923 ὲν
622 1871 767 1945 νόμῳ
788 1873 1025 1934 κόλασις.
1060 1871 1302 1923 Ἐπειδὰν
1330 1868 1419 1923 οὖν
1443 1871 1615 1923 ἔνδεια

1704 686 2002 745 terroribus
2023 733 2036 754 ,
2072 692 2531 748 inextricabilibus
2565 697 2813 764 periculis
2834 737 2846 760 ,
2873 700 3061 752 morbo
3096 702 3250 755 deni-

1712 798 1813 849 que
1842 782 2089 850 agitatur,
2124 784 2213 850 qui
2242 800 2440 836 cancro
2471 786 2697 853 tabeque
2724 787 2871 839 omni
2901 787 3089 853 dirior,
3126 806 3251 858 per-

1711 880 1923 939 petuum
1956 882 2007 926 et
2036 874 2329 927 insanabile
2362 876 2609 943 importat
2638 877 2877 930 exitium.
2922 878 2989 929 At
3020 879 3250 948 imperiti

1711 960 1946 1028 pictique
1975 976 2038 1013 ac
2064 962 2267 1024 stolidi,
2328 963 2516 1014 illustri
2548 964 2726 1015 nescio
2753 978 2855 1031 qua
2891 964 3065 1031 specie
3099 979 3253 1031 pom-

1712 1066 1883 1118 paque
1911 1050 2113 1118 deet-pti
2133 1093 2147 1115 ,
2177 1053 2477 1119 persimiles
2505 1052 2569 1105 iis
2604 1062 2759 1115 sunt,
2792 1055 2881 1121 qui
2916 1070 2971 1107 se
3001 1070 3029 1107 a
3054 1054 3251 1123 putidis

1713 1144 2063 1198 meretriculis
2093 1144 2317 1198 inescari
2344 1146 2651 1213 patiuntur,
2699 1160 2817 1214 quas
2859 1145 3251 1201 deformitatem

1710 1237 1949 1303 corporis
1982 1237 2149 1300 cultu,
2180 1252 2333 1300 auro,
2366 1239 2653 1306 multisque
2673 1238 3073 1295 medicamentis
3098 1237 3251 1290 obte-

1712 1339 1914 1395 gentes,
1942 1330 2063 1381 dum
2100 1324 2229 1381 nihil
2261 1329 2455 1381 habent
2480 1344 2617 1383 verae
2644 1329 3072 1397 pulchritudinis.
3100 1328 3252 1381 adul-

1714 1419 1937 1472 terinam
1990 1434 2053 1471 ac
2092 1421 2324 1485 spuriam
2375 1419 2675 1473 irretiendis
2722 1419 3103 1487 spectatoribus
3130 1433 3249 1472 mo-

1713 1511 1932 1563 liuntur.
1989 1508 2183 1561 Eadem
2220 1509 2463 1563 homines
2491 1510 2717 1564 nimium
2744 1510 2882 1564 beati
2916 1510 3141 1562 furtunae
3168 1509 3249 1561 la-

1713 1600 1903 1652 borant
1928 1600 2223 1667 iniquitate,
2267 1600 2421 1666 cujus
2460 1601 2560 1668 ipsi
2589 1601 2696 1653 vim
2726 1609 2778 1655 et
2806 1601 3249 1670 magnitudinem,

1713 1705 1872 1756 quam
1904 1698 2091 1757 su0pte
2121 1690 2219 1742 sibi
2250 1689 2472 1742 arbitrio
2506 1704 2774 1758 sensuque
2807 1692 3092 1755 finxerunt,
3129 1706 3251 1758 pre-

1715 1794 1857 1832 mere
1882 1780 2026 1833 taciti
2058 1796 2119 1833 ac
2143 1779 2481 1833 dissimulare
2512 1794 2615 1834 non
2646 1790 2893 1850 possunt;
2924 1780 3035 1841 sed,
3066 1794 3252 1848 quent-

1716 1868 1999 1921 admodum
2031 1886 2225 1923 arcana
2253 1872 2484 1939 pandere
2511 1870 2752 1925 nonnulli
2777 1870 2967 1935 solent,
3019 1868 3256 1923 necessi-

82 1935 165 2027 μὲν
192 1961 280 2011 καὶ
313 1960 507 2024 σπάνις
535 1935 1000 2034 δεινὴ-καταλάϐῃ
1041 1963 1137 2024 τὰς
1181 1964 1357 2025 πόλεις
1398 1964 1613 2033 ἀρετῆς,

1717 1967 1819 2011 tate
1861 1959 2155 2027 compulsi,
2210 1935 2368 2013 voces
2417 1961 2491 2012 illi
2541 1961 2797 2029 quasdam
2827 1961 3075 2015 emittunt
3100 1960 3253 2028 longe

78 2050 287 2115 ἀφθονία
318 2053 363 2104 δ’
393 2053 699 2122 ἀφροσύνης
734 2046 1050 2123 ἐπιπολάσῃ,
1088 2053 1381 2123 τηνικαῦτα
1410 2057 1435 2104 ό
1463 2054 1611 2114 θεὸς,

78 2140 245 2212 ὥσπερ
275 2143 451 2211 ῥεῦμα
488 2145 803 2216 χειμάρρου,
828 2144 923 2213 τὴν
954 2145 1120 2212 φορὰν
1159 2146 1253 2212 τῆς
1290 2146 1478 2206 κακίας
1512 2146 1616 2195 ἀπ-

79 2230 341 2296 οχετεῦσαι
367 2232 700 2301 γλιχόμενος,
759 2234 843 2285 ἵνα
884 2234 1101 2303 καθάρῃ
1143 2232 1201 2283 τὸ
1244 2233 1393 2299 γένος
1437 2231 1611 2303 ἡμῶν,

82 2321 215 2388 ἰσχὺν
253 2324 345 2374 καὶ
382 2324 579 2392 κράτος
618 2325 799 2376 δίδωσι
841 2327 951 2386 τοῖς
990 2324 1087 2385 τὰς
1128 2323 1313 2390 φύσεις
1351 2326 1610 2393 ἀρχικοῖς.

91 2411 239 2480 Ὠμῆς
268 2413 374 2484 γὰρ
405 2414 527 2481 δίχα
547 2414 723 2483 ψυχῆς
746 2415 805 2465 οὐ
836 2413 1147 2484 καθαίρεται
1178 2414 1361 2466 κακία.
1395 2415 1500 2465 Καὶ
1527 2415 1613 2465 ὃν-

81 2518 171 2570 περ
197 2503 392 2571 τρόπον
421 2507 475 2555 αἰ
498 2503 676 2565 πόλεις
702 2506 788 2554 ἐπ’
809 2505 1167 2575 ἀνδροφόνοις,
1194 2506 1285 2557 καὶ
1311 2504 1617 2573 προδόταις,

82 2592 161 2641 καὶ
189 2591 455 2654 θεοσύλοις
483 2593 708 2661 δημίους
736 2592 1142 2662 ἀνατρέψουσιν,
1174 2593 1234 2645 οὑ
1268 2592 1362 2661 τὴν
1394 2590 1613 2660 γνώμην

82 2683 453 2751 ἀποδεχόμεναι
491 2684 599 2735 τῶν
646 2684 870 2753 ἀνδρῶν,
916 2685 1047 2736 ἀλλά
1087 2686 1146 2736 τὸ
1184 2686 1281 2754 τῆς
1320 2685 1612 2753 ὑπηρεσίας

84 2771 329 2841 χρήσιμον
372 2772 745 2836 ὲξετάζουσαι·
790 2774 881 2824 τὸν
914 2774 1071 2826 αὑτὸν
1102 2774 1295 2843 τρόπον
1331 2774 1437 2843 (56)
1470 2774 1559 2824 καί
1586 2776 1612 2825 ό

84 2862 169 2930 τῆς
197 2864 601 2931 μεγαλοπόλεως
626 2864 776 2916 τοῦδε
804 2864 895 2917 τοῦ
920 2865 1123 2933 κόσμου
1150 2865 1395 2936 κηδεμὼν
1422 2863 1507 2917 οἷα
1531 2866 1614 2935 δή·

88 2950 221 3017 μίους
248 2953 456 3014 κοινοὺς
477 2952 734 3021 ἐφίστησι
759 2955 882 3015 τοὺς
910 2954 1197 3023 τυράννους
1230 2958 1347 3016 ταῖς
1378 2954 1614 3017 πόλεσιν,

86 3044 133 3093 ὲν
158 3036 239 3104 αἷς
270 3043 335 3094 ἂν
364 3043 615 3113 αἴσθηται
655 3042 792 3111 βίαν,
826 3046 1054 3107 ἀδικίαν,
1087 3046 1353 3106 ἀσέϐειαν,
1381 3046 1447 3097 τὰ
1482 3046 1616 3098 ἄλλα

87 3132 213 3185 κακὰ
241 3133 653 3203 πλημμύροντα,
684 3135 827 3195 ὅπως
855 3135 951 3203 ήδη
982 3136 1107 3187 ποτὲ
1144 3136 1337 3187 στάντα
1366 3136 1605 3208 λωφήσῃ.

87 3222 371 3292 Τηιιρικαῦτα
398 3225 490 3276 καὶ
525 3225 649 3287 τοὺς
683 3225 904 3287 αἰτίους,
932 3226 1006 3287 ὠς
1041 3227 1104 3277 ἑκ
1132 3224 1494 3295 δυσκαθάρτου
1518 3228 1609 3278 καὶ
1637 3254 1677 3309 C

86 3314 319 3385 ἀνηλεοῦς
343 3315 521 3384 ψυχῆς
544 3317 1007 3386 ὑπηρετήσαντας,
1047 3319 1131 3385 ἐφ’
1168 3319 1383 3380 ἀπασιν,
1429 3318 1611 3388 ὥσπερ

86 3405 217 3467 τινὰς
243 3405 579 3475 κορυφαίους,
598 3406 737 3469 ἀξιοῖ
762 3406 1129 3475 μετέρχεσθαι.
1158 3409 1418 3478 Καθάπερ
1445 3410 1551 3479 γὰρ
1578 3414 1607 3479 ἠ

88 3494 165 3547 τοῦ
188 3497 350 3564 πυρὸς
378 3495 623 3565 δύναμις,
646 3498 771 3549 ὅταν
798 3497 1232 3567 πραϐληθείσαν
1256 3499 1382 3568 ὓλην
1408 3500 1611 3552 ἀναλώ-

90 3602 165 3657 σῃ,
192 3587 484 3639 τελευταῖον
519 3588 685 3657 αὑτὴν
718 3589 1055 3657 ἐπινέμεται-η
1085 3588 1270 3639 τοῦτον
1299 3590 1388 3641 τὸν
1418 3592 1611 3659 τρόπον

89 3678 167 3731 ut
195 3680 240 3730 οἰ
270 3680 357 3730 ἐπὶ
384 3681 498 3739 τοῖς
530 3677 757 3747 πλήθεσι
790 3679 1107 3742 δυναστείας
1135 3680 1430 3748 εἰληφότες,
1465 3682 1610 3743 ὅταν,

88 3766 462 3838 δαπανήσαντες
492 3768 589 3832 τάς
616 3767 814 3830 πόλεις,
840 3772 999 3832 κενὰς
1026 3770 1229 3840 ἀνδρῶν
1259 3771 1617 3839 ἐργάσωνται,

89 3856 170 3921 τὰς
194 3860 322 3929 ὑπὲρ
353 3860 606 3913 ἁπάντων
634 3860 873 3921 τίνοντες
912 3860 1063 3923 δίκας
1106 3862 1608 3933 ὲπιδιαφθείρονται.

90 3946 183 3999 Καὶ
218 3950 267 4001 τί
305 3949 653 4019 θαυμάζομεν
689 3950 735 4000 εἰ
767 3948 852 4000 διὰ
890 3950 1161 4017 τυράννων
1198 3955 1225 4003 ὁ
1257 3952 1387 4015 Θεὸς
1423 3954 1611 4004 κακίαν

92 4038 415 4107 ὰναχυθείσαν
447 4042 503 4092 ὲν
530 4040 732 4102 πόλεσι,
762 4041 852 4091 καὶ
879 4039 1100 4107 χώραις,
1132 4042 1223 4096 καί
1247 4042 1448 4094 ἔθνεσιν
1478 4045 1611 4095 ἀπο·

92 4127 469 4201 διοπομπείται;
503 4131 755 4193 πολλάκις
786 4132 890 4200 γὰρ
927 4130 1000 4199 μὴ
1025 4131 1295 4200 χρώμενος
1318 4134 1623 4203 ὑπηρέταις

93 4219 265 4285 ἀλλοις,
294 4225 453 4286 αὐτὸς
486 4224 551 4275 δι’
584 4223 772 4275 ἑαυτοῦ
818 4222 954 4273 τοῦτ’
1000 4222 1299 4292 ἐργάζεται,
1333 4225 1489 4294 λιμὸν
1522 4229 1617 4278 ὲπ-

98 4315 237 4381 ἄγων,
265 4317 295 4386 ἦ
321 4319 528 4387 λοιμδν,
556 4320 588 4388 ἥ
615 4318 853 4386 σεισμὸν,
884 4317 1090 4369 καὶόσα
1106 4316 1237 4370 ἄλλα
1261 4317 1509 4387 θεήλατα,
1533 4314 1613 4382 οἷς

93 4402 243 4472 ὅμιλοι
268 4407 486 4475 μεγάλοι
517 4410 607 4461 καὶ
636 4406 973 4477 πολυάνθρωτ
993 4424 1042 4459 οι
1080 4406 1197 4457 καθ’
1228 4407 1456 4476 ἑκάστην
1482 4410 1617 4477 ἠμέ-

98 4512 177 4566 ραν
214 4497 548 4562 ἀπόλλυνται,
597 4502 689 4553 καὶ
741 4499 906 4570 πολλή
958 4502 1116 4570 μοῖρα
1157 4499 1254 4567 τῆς
1298 4499 1613 4568 οἰκουμένης

1715 2046 2048 2111 verissimas,
2106 2055 2265 2115 atque
2306 2049 2592 2102 acerbitate
2622 2050 2940 2102 calamitatis
2966 2058 3199 2103 extortas
3236 2067 3249 2101 :

1714 2137 1838 2189 dum
1890 2138 1944 2189 in
1993 2138 2373 2206 suppliciorum
2405 2140 2595 2204 partim
2631 2140 3003 2207 prarsentium,
3056 2138 3250 2207 partim

1716 2229 2134 2296 impendentium
2173 2232 2444 2283 consortio
2485 2231 2688 2291 vivunt,
2724 2232 2948 2283 altilium
2989 2231 3250 2297 pecudum

1714 2305 1989 2381 simillimi,
2027 2336 2144 2387 quae
2171 2321 2234 2372 ad
2262 2322 2579 2374 sacrificium
2607 2324 2936 2391 saginantur.
2968 2320 3074 2375 Illis
3110 2324 3251 2374 enim

1713 2410 1779 2460 ad
1832 2410 2092 2461 lanienam
2144 2426 2285 2463 cura:
2313 2412 2601 2478 plurimum
2651 2428 2713 2466 ac
2753 2413 3125 2466 sollicitudinis
3155 2414 3256 2465 im-

1713 2494 1982 2561 penditur,
2013 2485 2120 2564 q'uo
2144 2490 2365 2564 epulum
2391 2515 2450 2551 ex
2487 2515 2604 2552 sese
2636 2500 2834 2553 lautius
2866 2502 3099 2567 praebere
3126 2517 3253 2569 pos-

1713 2586 1838 2638 sint.
1868 2584 2007 2651 Quin
2036 2587 2194 2639 etiam
2223 2584 2407 2655 pmnas
2438 2605 2465 2640 a
2503 2590 2820 2657 quibusdam
2853 2592 3251 2657 sacrilegiorum

1713 2690 1932 2728 suorum
1978 2677 2149 2745 palam
2187 2692 2248 2730 ac
2276 2676 2555 2731 manifeste
2599 2680 2894 2747 persolutas
2930 2680 3093 2734 fuisse
3124 2697 3254 2736 con-

1713 2773 1836 2817 stat.
1900 2764 2139 2829 Quorum
2165 2777 2217 2819 et
2244 2768 2345 2819 hoc
2380 2768 2496 2821 loco
2528 2770 2719 2823 seriem
2753 2779 2949 2835 texere,
2982 2772 3104 2839 quia
3135 2774 3255 2825 inu-

1714 2856 1818 2906 tilis
1843 2870 2015 2922 opera:
2037 2855 2216 2917 fuerit,
2234 2858 2532 2925 exemplum
2556 2874 2717 2911 unum
2736 2860 2994 2913 duntaxat
3015 2864 3253 2916 omnium

1713 2944 1877 2997 instar
1907 2944 2145 3011 proferre
2192 2956 2475 3000 contentus
2506 2962 2616 3000 ero.
2647 2948 2811 3015 Igitur
2840 2951 2977 3003 sacri
3010 2950 3255 3003 Phocen-

1713 3036 1786 3089 sis
1815 3035 1935 3088 belli
1963 3036 2252 3104 scriptores
2281 3042 2552 3092 memoriae
2587 3040 2967 3108 prodiderunt,
3017 3057 3137 3094 cum
3170 3043 3255 3096 lex

1712 3127 2035 3196 sacrilegum
2077 3139 2168 3180 aut
2215 3129 2329 3181 dari
2377 3132 2733 3198 praecipitem,
2780 3142 2869 3184 aut
2902 3132 2954 3183 in
2987 3149 3131 3186 mare
3160 3137 3255 3186 de-

1713 3220 1899 3287 mergi,
1931 3228 2023 3272 aut
2053 3221 2172 3288 igne
2198 3223 2424 3274 cremari
2454 3223 2683 3289 juberet,
2723 3233 2826 3276 tres
2858 3224 2992 3287 illos,
3019 3225 3107 3292 qui
3137 3224 3258 3278 Del-

1716 3310 1928 3376 phicqu
1961 3312 2214 3378 templum
2251 3314 2645 3379 spoliaverant,
2687 3315 3035 3368 Philotnelum
3058 3354 3071 3377 ,
3107 3317 3254 3371 Ono-

1718 3401 2013 3463 marchum,
2061 3411 2113 3455 et
2142 3400 2420 3471 Phayllum
2441 3445 2455 3466 ,
2482 3405 2617 3457 inter
2644 3422 2699 3459 se
2726 3407 2824 3457 tria
2859 3406 2944 3457 illa
2971 3407 3258 3474 supplicio-

1716 3506 1833 3542 rum
1869 3506 2059 3559 genera
2092 3492 2359 3546 divisisse.
2416 3492 2621 3562 Quippe
2651 3511 2812 3547 unum
2844 3496 2983 3547 enim
3020 3498 3253 3561 illorum,

1717 3596 1836 3632 cum
1885 3596 1979 3649 per
2027 3581 2290 3635 difﬁcilem
2322 3599 2383 3637 ac
2416 3586 2741 3639 salebrosum
2779 3595 3010 3639 montem
3042 3588 3254 3642 incede-

1717 3684 1816 3738 ret,
1846 3675 2087 3743 disruplo
2120 3692 2249 3729 saxo
2281 3678 2602 3745 praecipitem
2636 3686 2833 3741 aetum,
2866 3678 3088 3746 ejusque
3118 3679 3257 3732 mole

1716 3766 1967 3819 obrutum
2012 3768 2271 3835 periisse;
2331 3769 2582 3830 alterum,
2620 3786 2776 3839 equo,
2807 3770 2890 3822 cui
2917 3779 3025 3822 tum
3056 3770 3258 3824 inside-

1717 3857 1835 3921 bat,
1884 3860 2106 3912 habenis
2152 3862 2425 3922 excussis,
2474 3862 2527 3912 in
2574 3876 2718 3913 mare
2749 3861 2920 3929 ipsum
2956 3861 3255 3924 desiliente,

1718 3948 2025 4002 inundantis
2074 3961 2237 4003 aestus
2288 3947 2487 4017 impetu
2533 3951 2840 4017 abreptum,
2888 3961 2941 4001 et
2996 3949 3257 4003 immenso

1716 4039 1920 4107 gurgite
1954 4054 2060 4091 una
2082 4055 2203 4091 cum
2240 4041 2356 4106 ipso
2385 4040 2727 4108 quadrupede
2761 4040 3009 4090 haustum
3048 4038 3250 4097 fuisse:

1716 4129 1988 4199 Phayllum
2020 4130 2245 4198 denique
2269 4139 2359 4181 aut
2392 4129 2529 4182 fteda
2561 4130 2679 4181 tabe
2703 4138 3077 4198 consumptum
3115 4145 3253 4190 esse.

1717 4231 1807 4276 aut
1835 4221 1992 4274 simul
2020 4236 2139 4274 cum
2175 4208 2373 4274 Abeusi
2407 4221 2603 4288 templo
2634 4220 2992 4288 conflagrasse
3019 4238 3031 4272 :
3062 4221 3255 4290 duplex

1716 4314 1856 4367 enim
1887 4313 2001 4381 ejus
2028 4313 2091 4366 de
2129 4321 2299 4365 morte
2326 4312 2464 4364 fama
2491 4310 2880 4367 circumfertur.
2926 4312 3078 4365 Enim
3105 4329 3254 4373 vero.

1716 4421 1841 4459 casu
1880 4406 1979 4457 ista
2012 4404 2328 4472 contigisse,
2376 4419 2532 4456 nemo
2564 4419 2797 4471 unquam
2827 4404 2929 4457 nisi
2962 4405 3257 4459 contentio-

1716 4496 1963 4550 siSsimus
1987 4496 2198 4549 dixerit.
2262 4496 2392 4548 Nam
2422 4495 2463 4549 si
2492 4511 2630 4549 unus
2656 4506 2747 4549 aut
2775 4497 2925 4559 alter,
2960 4498 3001 4551 si
3031 4497 3257 4553 diversis

95 4587 379 4659 ἐρημοῦται,
412 4589 501 4642 διὰ
533 4590 865 4661 προμήθειαν
893 4592 1109 4661 ἀρετῆς.
1156 4589 1370 4651 Ἰκανὼς
1405 4590 1498 4658 μὲν
1522 4586 1612 4641 οὖν

1717 4588 2067 4654 temporibus,
2114 4588 2158 4641 si
2213 4588 2316 4640 alia
2369 4603 2648 4656 pinnarum
2700 4604 2893 4653 genera
2944 4590 3257 4651 subiissent,
3324 4610 3329 4615 ’

95 4680 159 4743 εἰς
182 4699 239 4749 γε
264 4683 328 4736 τὰ
358 4681 600 4753 παρόντα
626 4684 753 4752 περὶ
779 4684 871 4735 τοῦ
905 4686 977 4753 μή
1011 4699 1126 4735 τινα
1153 4683 1257 4734 τῶν
1288 4682 1497 4749 φαύλων
1527 4683 1614 4733 εὑ-

94 4768 355 4841 δαιμονεῖν,
388 4774 463 4836 ὡς
488 4768 658 4844 οἶμαι,
687 4773 953 4827 λέλεκταιο
996 4775 1062 4827 δι’
1096 4769 1168 4827 ὦν
1222 4774 1447 4844 μάλιστα
1478 4790 1614 4842 παρ-

99 4860 357 4917 ίσταταιτδ
396 4861 530 4918 εἶναι
570 4863 845 4933 Πρόνοιαν.
888 4866 948 4918 Εἰ
985 4867 1041 4919 δὲ
1086 4866 1301 4936 μηδέπω
1340 4866 1613 4925 πέπεισαι,

95 4947 168 5001 τὸν
192 4952 260 5005 ἔθ’
281 4953 703 5025 ὕποικουροῦντα
742 4952 1055 5022 ἑνδοιασμὸν
1090 4956 1207 5007 εἰπὲ
1244 4954 1471 5026 θαρρῶν·
1504 4953 1611 5021 ἀμ-

98 5040 279 5112 φότεροι
308 5045 417 5114 γὰρ
511 5032 887 5115 τάληθὲςνέχει
930 5044 1438 5115 συνδιαπονήσαντες
1473 5046 1611 5095 εἰσό-

101 5128 230 5194 μεθα.
259 5151 277 5182 ι
307 5135 414 5186 Καὶ
446 5136 563 5203 μεθ’
588 5137 747 5205 ἕτερα
776 5136 934 5188 πάλιν
967 5137 1147 5203 φησίν·
1188 5158 1205 5187 ι
1259 5138 1492 5206 Ἀνέμων
1522 5136 1610 5187 καὶ

100 5215 241 5271 ὑετῶν
259 5222 428 5292 φορὰς
441 5225 541 5276 οὐκ
558 5226 648 5277 ἐπὶ
667 5220 727 5277 λύ
737 5240 811 5297 μῃ
826 5224 929 5275 τῶν
947 5224 1229 5288 πλεόντων,
1253 5227 1325 5289 ὡς
1347 5226 1613 5295 ἐνόμιζες,

158 5435 252 5511 (35)
294 5440 646 5506 Ἐπίκαιρογ.
691 5443 797 5497 Alt.
840 5458 871 5498 e
900 5457 1168 5497 manuscr.
1206 5442 1485 5511 distinguit
1520 5442 1611 5495 ὲπὶ

104 5521 274 5561 καιρόν.

160 5577 257 5643 (36)
286 5577 391 5630 Τὸν
418 5578 604 5647 αὐτὸν
631 5581 865 5646 τρόπον.
901 5582 1094 5635 Eadem
1132 5597 1159 5631 e
1190 5580 1394 5632 caeteris
1421 5579 1609 5633 divina!

105 5644 843 5719 Providentiadefensoribus
868 5654 1102 5719 graviter
1146 5666 1206 5703 ac
1254 5665 1373 5701 vere
1420 5648 1607 5719 dispu-

107 5723 277 5770 tantur.
309 5716 530 5771 Gemina
562 5718 710 5771 dabit
752 5718 802 5770 in
834 5716 1023 5787 primis
1053 5722 1307 5788 Synesius
1336 5718 1492 5785 epist.
1519 5717 1606 5781 57,

108 5799 240 5852 quam
266 5788 437 5840 verius
458 5788 769 5841 concinnem
803 5789 1020 5843 dixeris.
1050 5788 1221 5842 PatICa
1250 5791 1359 5841 haec
1382 5788 1561 5852 accipe
1590 5805 1601 5838 :

114 5850 229 5918 Ἀρι
274 5856 557 5922 τολμητέον
593 5857 807 5920 [parum
856 5852 1019 5919 Θεόν;
1053 5864 1148 5915 Διὰ
1182 5860 1229 5911 τί
1270 5859 1330 5910 σὺ
1368 5858 1462 5924 μὲν
1493 5850 1604 5908 ἀνί-

1717 4675 1943 4732 ίοηυιιιε
1964 4679 2291 4733 tnutabilitas
2317 4688 2368 4731 et
2396 4678 2751 4731 inconstantia
2778 4681 2991 4747 pretexi
3025 4678 3256 4732 fortasse

1711 4774 1908 4833 posset.
1978 4764 2130 4819 Nunc
2175 4782 2325 4831 vero,
2367 4782 2485 4818 cum
2532 4751 2585 4820 et
2630 4768 2787 4821 simul
2834 4782 3039 4829 omnes,
3075 4776 3125 4821 et
3154 4769 3256 4821 sub

1714 4856 1851 4908 idem
1896 4864 2140 4924 tempus,
2182 4870 2281 4908 nec
2309 4855 2429 4909 aliis
2474 4872 2633 4924 quam
2669 4858 2780 4925 lcge
2811 4858 3029 4911 sancitis
3079 4857 3257 4913 affecti

1711 4947 1883 5013 pcenis
1930 4945 2157 5010 fuerint,
2206 4948 2390 5017 utique
2433 4947 2702 5000 fatendum
2752 4956 2833 5001 est
2877 4964 2998 5001 reos
3024 4949 3140 5003 illos
3174 4950 3255 5002 di-

1709 5036 1835 5085 vino
1856 5034 2058 5101 judicio
2106 5046 2343 5104 peractos
2388 5036 2776 5105 damnatosque
2822 5038 3063 5107 periisse.
3095 5038 3255 5109 393

1710 5122 1862 5186 Quod
1890 5125 1933 5177 si
1968 5141 2033 5178 ex
2068 5128 2312 5195 tyrannis
2344 5128 2585 5196 reliquis,
2643 5129 2884 5181 nonnulli
2918 5145 3038 5182 eum
3070 5130 3252 5183 mulli-

1714 5216 1949 5268 tudinem
2003 5219 2427 5286 Oppressissent,
2474 5236 2571 5274 nec
2602 5220 2735 5274 alios
2782 5230 2983 5273 tantum
3011 5219 3249 5287 populos,

1711 5453 1838 5505 στης
1874 5435 2069 5506 ἄνδρας
2110 5436 2200 5488 ἐπὶ
2251 5439 2369 5499 τοὺς
2415 5436 2795 5506 ἡμαρτηκότας
2839 5452 2917 5487 σοι
2960 5433 3251 5506 τιςμωροὺῗν

1711 5454 1838 5505 στης
1874 5454 2069 5506 ανορας
2110 5454 2200 5488 επι
2251 5454 2369 5499 τους
2415 5454 2446 5505 η
2495 5454 2795 5505 αρτνκοτας
2839 5454 2917 5487 σοι
2960 5454 3098 5502 τιμω
3169 5454 3251 5496 υς,

1709 5508 1830 5558 ὅταν
1855 5506 1909 5555 δὲ
1944 5506 2317 5575 ὑπηρετήσωσι
2344 5506 2417 5573 τῷ
2444 5454 2569 5573 θὶίῳ
2604 5478 2909 5575 βουλήματι,
2941 5504 3037 5575 καὶ.
3057 5454 3254 5575 1mm:-

1708 5594 1795 5627 ται
1821 5575 1999 5644 δήμιοι
2026 5572 2248 5637 τούτοις,
2284 5577 2364 5643 ἐφ’
2392 5572 2485 5637 οὒς
2509 5572 2941 5640 καταπέμπονται
2966 5611 2979 5633 ,
3018 5572 3133 5644 δέον
3162 5576 3253 5625 ὲκ-

1708 5647 1849 5715 τίσαι
1881 5645 2047 5715 χάριν
2066 5646 2163 5711 τῆς
2190 5646 2483 5715 ὑπουργίας
2501 5686 2514 5707 ,
2542 5646 2658 5696 τότε
2695 5644 2755 5712 δὴ
2787 5643 3127 5715 μάλιστακαὶ
3156 5659 3250 5715 κο-

1708 5712 1985 5777 λάζονταις
2018 5712 2222 5777 Quibus
2256 5712 2569 5781 responsum
2602 5714 2735 5765 idem
2764 5713 3010 5781 subjicit,
3036 5712 3277 5767 homine,

1708 5793 1821 5859 tum
1867 5796 1921 5861 ct
1966 5784 2270 5837 Christiano
2314 5792 2365 5837 et
2402 5782 2833 5839 Christianorum
2882 5782 3132 5852 episcopo
3170 5782 3253 5837 (ιιι-

1710 5870 2047 5923 gmssunum.
