3988 6340
54 384 152 441 675

1168 386 1477 442 PBI'ZPAR.
1529 388 1775 446 EVANG.
1820 390 1943 445 LIB.
1992 390 2120 445 ΥΠΙ.

3175 400 3284 456 674

54 498 236 573 ταύτῃ.
271 501 391 554 καθ’
419 502 477 555 ὃν
502 505 689 575 χρόνον
721 507 798 569 είς
829 506 889 559 τὸ
921 507 1167 578 πατρῷον
1200 510 1338 579 ἱερὸν
1372 512 1594 563 ἔστελλὸ

1714 528 1882 568 mum.
1936 511 2399 577 Quemadmodum
2447 512 2615 581 igitur
2655 515 2734 568 sol
2795 523 2958 585 atque
3008 516 3157 584 luna,
3196 521 3273 573 sic

58 610 174 663 μην,
206 593 495 664 εὐξάμενός
522 614 577 649 τε
608 598 698 649 καὶ
720 596 917 659 Θύσων,
945 601 1219 669 ἀμήχανόν
1241 620 1290 653 τι
1321 603 1612 657 πελειάδων

55 682 248 749 πλῆθος
298 685 391 735 ἐπὶ
438 684 545 737 τῶν
596 687 816 756 τριόδων
861 690 952 741 καὶ
1000 692 1115 741 κατ’
1152 692 1326 743 οξκῖαν
1378 694 1611 762 ἑκάστην

53 774 377 843 ἐθεασάμην.
426 776 816 847 Πυνθανομένῳ
842 779 897 830 δέ
932 798 1021 849 μοι
1064 781 1160 850 τὴν
1202 784 1377 834 αἰτίαν
1408 786 1610 851 ἕᾳασαν

52 864 106 915 ού
135 864 358 933 θεμιτὸν
387 862 521 919 εἶναι
561 870 979 939 συλλαμϐάνειν·
1033 875 1357 943 ἀπειρῆσθαι
1392 878 1499 948 γάρ
1549 881 1609 932 ἐκ

52 956 273 1008 παλαιοῦ
303 962 415 1021 τοῖς
439 962 711 1031 οἰκήτορσι
744 964 841 1033 τὴν
866 965 1072 1035 χρῆσιν.
1108 968 1293 1031 Οὕτως
1326 970 1607 1040 ἡμέρωται

53 1048 106 1100 τὸ
136 1048 275 1111 ζῶον
309 1050 401 1103 ὑπ’
431 1052 630 1116 ἁδείας.
660 1055 787 1108 ὥστ’
823 1059 882 1108 οὐ
919 1059 1077 1127 μόνον
1116 1060 1441 1130 ύπωρδᾳιον,
1476 1063 1607 1116 ἀλλὰ

53 1137 135 1188 καὶ
168 1138 541 1209 ὁμοτράπεζον
582 1142 665 1194 ἀεὶ
692 1143 947 1209 γίνεσθαι,
984 1148 1077 1198 καὶ
1116 1152 1233 1211 ταῖς
1288 1151 1606 1220 ἐκεχειρίαις

54 1233 339 1303 ἱντρυφᾷν.
382 1235 469 1287 Ἐν
501 1236 756 1307 Αἰγύπτῳ
784 1238 838 1290 δὲ
880 1242 971 1292 καὶ
1011 1240 1449 1311 θαυμασιώτερον
1482 1243 1606 1295 ἰδεῖν

56 1327 208 1378 ἔστιν.
236 1326 311 1380 Τὸ
342 1327 450 1399 γάρ
484 1330 911 1402 άνθρωποόόρον,
953 1335 1045 1386 καὶ
1087 1335 1287 1405 Θηρίων
1331 1337 1605 1407 ἀργαλεώ-

52 1435 197 1471 τατον
217 1420 576 1490 κροκόδειλος,
602 1422 932 1493 γεννώμενος
960 1427 1053 1477 καὶ
1078 1429 1405 1497 τρεφόμενος
1443 1431 1499 1481 ὲν
1527 1430 1606 1499 τῷ

56 1512 319 1581 ίερωτάτῳ
352 1511 545 1582 Νείλῳ,
580 1514 675 1583 τῆς
714 1514 977 1582 ὠφελείας
1001 1557 1014 1578 ,
1059 1518 1237 1569 καίτοι
1286 1518 1467 1587 βύθιος
1507 1522 1601 1583 ὣν,

54 1604 445 1657 ἐπαισθάνεται.
482 1605 619 1676 Παρ⁹
659 1604 742 1668 οἷς
773 1608 868 1675 μὲν
916 1608 1025 1679 γάρ
1056 1612 1298 1680 τιμᾶται,
1344 1612 1603 1682 πληθύνει

57 1695 304 1763 μάλιστα·
343 1695 493 1766 παρὰ
520 1696 572 1748 δὲ
600 1700 710 1760 τοῖς
741 1698 1146 1769 λυμαινομένοις
1172 1702 1278 1753 οὐδ’
1314 1703 1446 1772 ὄναρ
1477 1703 1601 1771 φαί-

54 1804 216 1839 νεται·
265 1789 341 1851 ὡς
376 1790 483 1841 τῶν
518 1789 786 1845 πλεόντων
833 1792 964 1844 ὅπου
1014 1793 1112 1863 μὲν
1159 1798 1251 1845 καὶ
1300 1796 1425 1859 τοὺς
1462 1796 1601 1849 πάνυ

1713 605 1872 657 etiam
1902 604 2162 673 quidquid
2196 604 2247 657 in
2292 606 2428 658 emlo
2460 616 2565 669 est,
2601 616 2659 660 ut
2707 623 2735 660 a
2780 609 3043 665 rimandis
3081 611 3273 681 singu-

1715 693 1887 743 lorum
1918 694 2129 745 naturis
2156 708 2217 745 ac
2248 694 2475 758 viribus,
2518 697 2839 764 assequendi
2873 698 3273 767 desperatione,

1712 782 2091 835 abstinendum
2124 791 2451 849 statuamus,
2492 785 2674 839 divina
2718 785 3061 843 Providentia
3092 793 3271 859 perle-

1711 884 1854 927 ctum
1894 883 1995 927 est.
2033 875 2103 927 At
2131 890 2257 928 vero
2287 889 2444 930 terra:
2483 886 2684 942 motus,
2719 880 3056 947 pestilentiae,
3088 882 3269 936 fulmi-

1712 980 1838 1017 num
1873 979 2053 1026 casus,
2086 964 2297 1033 aliaque
2328 967 2380 1019 id
2415 982 2605 1036 genus,
2645 969 2863 1024 immitti
2887 974 3147 1028 divinitus
3181 977 3269 1028 illa

1709 1055 1949 1123 quidem,
1990 1058 2083 1109 sed
2128 1058 2307 1110 minus
2352 1073 2493 1121 vere,
2546 1060 2833 1127 dicuntur;
2892 1066 3092 1120 nullius
3125 1068 3268 1120 enim

1708 1148 1931 1200 omnino
1960 1148 2085 1200 mali
2118 1164 2277 1201 causa
2324 1147 2465 1202 Deus
2504 1159 2620 1215 est;
2652 1152 2745 1206 scd
2778 1169 2842 1207 ex
2871 1155 3265 1210 elementorum

1709 1240 2099 1295 mutationibus
2144 1242 2213 1293 ita
2265 1242 2580 1310 gignuntur,
2617 1253 2675 1297 ut
2716 1247 2984 1315 praecipua
3021 1250 3266 1317 quaedam
3310 1302 3311 1307 η

1710 1345 1771 1383 ac
1798 1330 2053 1399 primaria
2102 1343 2307 1386 natura:
2335 1348 2496 1401 opera
2544 1350 2650 1387 non
2686 1336 2815 1401 sint,
2846 1354 3030 1391 verum
3068 1355 3132 1393 ex
3169 1356 3267 1394 ne-

1707 1421 1957 1475 cessariis
1993 1433 2153 1491 atque
2186 1425 2462 1491 primariis
2513 1429 2889 1483 tantummodo
2929 1446 3267 1501 consequan-

1706 1522 1813 1564 tur.
1847 1511 2000 1576 Quod
2030 1514 2097 1575 si,
2130 1529 2316 1567 eorum
2347 1516 2507 1569 etiam
2549 1520 2817 1583 nonnulli,
2866 1522 2957 1590 qui
2990 1524 3141 1590 probi
3179 1527 3263 1577 vi-

1704 1603 1993 1669 debantur,
2022 1604 2088 1657 iis
2131 1604 2398 1660 interdum
2448 1609 2848 1665 calamitatibus
2883 1623 2937 1666 et
2968 1616 3148 1671 exitiis
3184 1617 3267 1669 in-

1703 1695 2011 1761 volvantur,
2042 1711 2220 1750 causze
2253 1706 2431 1752 tamen
2471 1700 2605 1753 nihil
2648 1711 2749 1766 est,
2800 1708 3153 1772 quamobrem
3183 1710 3266 1761 di—

1704 1786 1841 1841 vina:
1870 1788 2276 1855 gubernationis
2304 1789 2444 1842 ratio
2472 1800 2777 1844 accusetur.
2814 1791 3053 1847 Primum
3095 1798 3263 1861 enini,

54 1880 255 1948 Θρασεῖς
298 1881 423 1950 μηδ’
454 1881 620 1951 ἄκρον
669 1882 965 1953 ἐπιτολμᾷν
1015 1883 1260 1936 καθιέναι
1314 1884 1594 1948 δάκτυλον,

1704 1877 1857 1944 probi
1884 1879 2144 1931 continuo
2178 1894 2233 1931 re
2274 1880 2387 1947 ipsa
2419 1895 2523 1934 non
2560 1891 2707 1947 sunt,
2736 1894 3003 1954 quotquot
3029 1900 3150 1940 esse
3176 1903 3266 1940 ar-

54 1970 294 2041 ἁγεληῶν
342 1972 750 2040 ἐπιφοιτῶντας,
782 1976 913 2026 ὅπου
943 1974 997 2025 δὲ
1035 1976 1127 2028 καὶ
1158 1980 1282 2039 τοὺς
1331 1977 1467 2043 ἄγαν
1500 1978 1601 2030 δει-

52 2062 159 2125 λοὺς
183 2062 565 2133 ἐξαλλομένους
596 2065 847 2133 νήχεσθαι
883 2066 1019 2136 μετὰ
1040 2066 1274 2129 παιδιᾶς.
1300 2068 1462 2139 Χώρα
1491 2070 1601 2137 (45)

50 2152 139 2223 δὴ
167 2154 486 2208 Κυκλώπων
517 2156 722 2226 (ἐπειδὴ
754 2157 813 2209 τὸ
846 2158 998 2225 γένος
1029 2158 1206 2210 αὐτῶν
1244 2162 1357 2211 ἐστι
1383 2162 1602 2233 πλάσμα

55 2243 246 2313 μύθου)
281 2245 402 2315 δίχα
449 2249 653 2317 σπορᾶς
702 2249 794 2300 καὶ
830 2251 1118 2316 γεωπόνων
1160 2252 1363 2321 ἀνδρῶν
1399 2253 1601 2324 ἥμερος

51 2337 246 2407 καρπὸς
275 2338 337 2388 ού
371 2336 583 2406 φύεται,
609 2338 857 2411 καθάπερ
885 2341 989 2392 οὐδ’
1024 2344 1086 2393 ἐκ
1130 2342 1221 2394 τοῦ
1260 2343 1331 2412 μὴ
1364 2343 1511 2406 ὄντος
1550 2362 1600 2396 τι

52 2432 309 2495 γεννᾶται.
355 2432 463 2501 Τῆς
510 2432 556 2484 δ’
619 2433 863 2497 Ἑλλάδος
916 2436 975 2487 οὐ
1042 2437 1475 2507 κατηγορητέον,
1527 2437 1599 2499 ὡς

52 2520 367 2591 λυπρᾶς¹καὶ
414 2524 604 2589 ἀγόνου
628 2541 639 2553 ο
683 2524 813 2578 πολὺ
861 2526 967 2595 γὰρ
998 2528 1099 2578 κάν
1140 2526 1309 2596 ταύτῃ
1346 2527 1405 2595 τί)
1442 2526 1600 2594 βαθύ-

53 2628 199 2675 γειον.
232 2611 296 2663 Εί
342 2613 443 2680 δ⁹ἡ
484 2612 751 2683 βάρϐαρος
796 2614 1033 2685 διαφέρει
1079 2620 1195 2679 ταῖς
1237 2617 1597 2687 εύκαρπίαις,

54 2702 346 2755 πλεονεκτεῖ
380 2704 479 2773 μὲν
518 2707 763 2775 τροφαῖς,
809 2706 1119 2759 ἐλαττοῦται
1162 2708 1217 2760 δὲ
1255 2713 1365 2772 τοῖς
1406 2726 1598 2779 τρεφο-

56 2794 236 2861 μένοις,
260 2789 336 2849 ὧν
362 2796 520 2867 χάριν
547 2798 601 2847 αί
629 2798 1003 2867 τροφαί.Μὸνη
1036 2800 1141 2869 γάρ
1165 2802 1197 2869 ἡ
1228 2787 1412 2863 Ἑλλάς
1432 2802 1598 2870 ἀψευ-

52 2881 142 2943 δῶς
181 2883 612 2954 ἀνθρωπογονεί,
662 2885 822 2953 φυτὸν
862 2888 1141 2958 οὐράνιον,
1182 2890 1275 2942 καὶ
1313 2890 1600 2963 βλάστημα

53 2971 175 3025 θεῖον
210 2976 607 3048 ἡκριὸωμὲνον.
661 2979 914 3048 λογισμὸν
959 2980 1328 3033 άποτίκτουσα
1360 2984 1594 3037 οίκειού-

56 3081 197 3130 μενον
240 3069 536 3140 ἐπιστήμῃ.
587 3071 658 3123 Τὸ
708 3071 749 3123 δ’
782 3071 983 3134 αἴτιον*
1038 3073 1322 3141 λεπτότητι
1371 3076 1595 3147 ἀέροςὴ

52 3158 240 3211 διάνοια
276 3161 519 3227 πέφυκεν
548 3163 860 3216 άκονᾶσθαι.
889 3164 980 3215 Διὸ
1011 3166 1101 3215 καὶ
1129 3165 1472 3233 Ἡράκλειτος
1497 3167 1595 3218 οὐκ

52 3251 147 3303 ἀπὸ
191 3251 392 3303 σκοποῦ
445 3269 641 3320 φησιν·
694 3250 769 3307 Οὔ
815 3254 882 3325 γῆ
930 3256 1098 3326 ξηρὴ,
1133 3256 1275 3325 ψυχὴ
1312 3259 1591 3326 σοφωτάτη

53 3344 132 3393 καὶ
168 3344 380 3413 ἀρίστη.
427 3344 875 3416 Τεκμηριώσαιτο
930 3347 1074 3421 δἠάν
1116 3365 1199 3410 τις
1243 3349 1334 3399 καὶ
1396 3351 1457 3401 ἐκ
1502 3350 1591 3401 τοῦ

51 3434 161 3496 τοὺς
218 3436 314 3504 μὲν
365 3436 632 3503 νήφοντας
681 3435 770 3489 καὶ
840 3434 1125 3505 ὀλιγοδεεῖς
1203 3441 1592 3507 συνετωτέρους

54 3520 201 3587 εἶναι,
241 3525 367 3586 τοὺς
398 3524 453 3577 δὲ
488 3524 664 3576 ποτῶν
704 3526 789 3576 ἀεὶ
825 3528 919 3579 καὶ
946 3522 1129 3579 σιτίων
1157 3530 1592 3599 ἐμπιπλαμένους

52 3614 231 3682 ἣκιστα
280 3617 599 3687 ᾳρονίμους,
652 3615 745 3668 ᾰτε
786 3614 1180 3687 βαπτιζομένου
1226 3602 1591 3682 τοῖςχέπιοῦσι

54 3708 132 3759 τοῦ
156 3709 432 3779 λογισμοῦ.
462 3709 552 3761 Διὸ
584 3710 722 3762 κατὰ
752 3710 848 3778 τὴν
884 3708 1152 3780 βάρϐαρον
1186 3712 1313 3782 ἔρνη
1345 3714 1439 3782 μὲν
1474 3718 1592 3776 ταῖς

53 3800 345 3869 εὔτροφίαις
398 3802 490 3854 καὶ
546 3800 771 3872 στελέχη
829 3804 1228 3874 περιμήκιστα,
1293 3805 1384 3857 καὶ
1441 3805 1591 3868 ζώων

55 3890 240 3957 ἀλόγων
271 3892 473 3963 σφόδρα
502 3892 570 3947 τὰ
600 3882 957 3963 γονιμώτατα,
995 3894 1117 3955 νοῦς
1147 3894 1191 3945 δ’
1219 3894 1300 3953 οὗ,
1336 3896 1367 3965 ἦ
1395 3898 1591 3965 ἥκιστα

53 3984 319 4044 γεννᾶται’
369 3983 504 4037 διότι
548 3984 611 4037 τὸ
654 3985 926 4055 ὑψωθῆναι
974 3985 1032 4051 ἐξ
1072 3986 1229 4057 ἀέρος
1273 3986 1385 4055 (44)
1425 3990 1589 4041 αὑτοῦ

53 4071 99 4119 αἱ
138 4071 236 4140 γῆς
280 4074 372 4126 καὶ
419 4072 608 4138 ὓδατος
650 4074 930 4147 ἐπάλληλοι
976 4077 1066 4129 καὶ
1110 4080 1348 4145 συνεχεῖς
1396 4080 1589 4132 ἀναθυ-

57 4159 248 4226 μιάσεις
277 4164 689 4233 κατεκράτησαν
719 4203 734 4217 .
777 4166 991 4234 Ἰχθύων
1017 4166 1073 4219 δὲ
1106 4167 1199 4218 καὶ
1232 4168 1458 4236 ὀρνίθων
1496 4172 1588 4223 καὶ

54 4251 301 4320 χερσαίων
346 4253 479 4323 γένη
512 4253 665 4317 ζώων
696 4258 795 4309 οὐκ
836 4256 978 4309 ἐστιν
1022 4257 1338 4327 ἐγκλήματα
1378 4258 1587 4325 φύσεως

55 4342 125 4408 ἐφ’
150 4342 337 4413 ἡδονὴν
388 4345 836 4417 παρακαλούσης,
886 4347 1020 4400 ἀλλὰ
1066 4349 1236 4410 δεινὸς
1274 4348 1439 4416 ψόγος
1488 4350 1587 4418 τῆς

55 4434 195 4503 ἡμῶν
240 4434 419 4488 αὐτῶν
460 4437 744 4505 ἀκρασίας.
788 4440 1096 4507 Ἀναγκαῖον
1141 4442 1236 4509 μὲν
1274 4441 1381 4510 γάρ
1416 4436 1482 4510 ἦν
1509 4444 1587 4504 είς

54 4525 137 4595 τὴν
171 4526 259 4583 τοῦ
299 4528 420 4581 ὅλου
468 4529 871 4599 συμπλήρωσιν,
912 4533 994 4584 ἶνα
1042 4533 1264 4603 γένηται
1291 4534 1488 4602 κόσμος
1530 4536 1586 4586 ἐν

55 4617 246 4690 ἑκάστῳ
296 4619 482 4691 μέρει,
536 4620 720 4689 φῦναιι
751 4620 903 4685 ζώων
954 4626 1095 4689 ἰδέας
1152 4628 1427 4681 ἁπάντων
1492 4628 1589 4679 οὐκ

54 4710 323 4778 ἀναγκαῖον
356 4713 414 4766 δὲ
439 4713 530 4765 ἐπὶ
559 4711 655 4783 τὴν
703 4712 904 4768 τούτων
934 4716 1229 4770 ἀπόλαυσιν
1260 4717 1496 4787 ὁρμῆσαι
1528 4717 1589 4769 τὸ

58 4806 224 4873 σοφίας
243 4808 666 4875 συγγενέστατον
708 4808 891 4877 χρῆμα
910 4808 1000 4860 τὸν
1022 4808 1325 4880 ἄνθρωπον,
1348 4809 1583 4880 μεταϐα-

55 4893 192 4948 λόντα
231 4899 310 4959 εἰς
345 4900 643 4971 ἀγριότητα
679 4899 897 4971 θηρίων.
930 4899 1019 4952 Διὸ
1052 4902 1145 4953 καὶ
1173 4903 1333 4973 μέχρι
1363 4902 1477 4964 νῦν,
1504 4895 1582 4964 οἷς

55 4984 190 5052 λόγος
233 4989 589 5059 ἐγκρατείας,
647 4992 793 5056 ἅπαξ
830 4992 1083 5045 ἁπάντων
1132 4993 1443 5065 ἀπέχονται.
1493 4993 1585 5045 λαο

56 5078 254 5145 χανώδει
277 5080 415 5152 ,χλόῃ
453 5082 547 5134 καὶ
578 5087 805 5153 καρποῖς
848 5083 1097 5153 δένδρων,
1144 5085 1581 5155 προσοψήμασιν,

54 5169 221 5242 ἡδίστη
273 5171 587 5233 ἀπολαύσει,
630 5174 932 5244 χρώμενοι·
987 5176 1097 5235 τοῖς
1132 5174 1190 5226 δὲ
1234 5176 1329 5246 τὴν
1366 5177 1472 5229 τῶν
1512 5178 1587 5228 εί-

58 5262 282 5330 ρημένων
315 5263 496 5332 θοίνην
535 5265 853 5333 ἡγουμένοις
896 5261 1030 5319 εἶναι
1073 5264 1213 5317 κατὰ
1264 5265 1421 5334 φύσιν
1458 5267 1585 5319 ἐπέ-

57 5367 235 5421 στησαν
280 5352 618 5415 διδάσκαλοι,
680 5355 1060 5424 σωφρονισταὶ,
1128 5355 1407 5422 νομοθέται
1444 5358 1585 5410 κατά

56 5442 233 5507 πόλεις,
277 5440 358 5507 οἷς
402 5443 632 5513 ἐμέλησε
695 5443 791 5512 τὴν
823 5445 1084 5516 ἀμετρίαν
1115 5443 1223 5495 τῶν
1285 5444 1583 5513 ἐπιθυμιῶν

57 5532 254 5596 suam,
290 5533 364 5603 μὴ
403 5532 721 5602 ἐπιτρέψασι
750 5532 846 5603 τὴν
879 5535 1070 5605 χρῆσιν
1114 5533 1245 5585 ἀδεᾶ
1282 5533 1412 5583 πᾶσι
1450 5532 1583 5585 πάν-

55 5635 161 5674 των.
191 5623 251 5675 El
281 5622 338 5675 δὲ
364 5623 456 5676 καὶ
488 5622 634 5691 ῥόδα,
677 5623 771 5675 καὶ
806 5624 1031 5692 κρόκος,
1056 5624 1173 5677 ,καὶ
1214 5624 1246 5691 ή
1296 5622 1426 5690 άλλη
1472 5621 1579 5674 τῶν

1622 4579 1678 4632 ῐὶ.

1703 1970 1987 2034 bitramur,
2024 1987 2147 2025 cum
2185 1971 2433 2026 humanae
2459 1975 2817 2041 cogitationes
2844 1988 3005 2044 atque
3038 1980 3263 2032 consilia

1701 2059 2007 2113 divinorum
2046 2063 2381 2129 judiciorum
2426 2068 2750 2121 ('et'titudine
2791 2069 2948 2138 longe
3005 2071 3264 2123 multutn‘

1701 2168 1807 2221 que
1853 2164 2192 2221 superentur.
2248 2155 2451 2211 Deinde
2495 2158 2578 2211 vis
2630 2159 2718 2211 illa
2768 2158 3129 2215 Providentiae
3177 2178 3263 2216 res

1701 2244 1885 2296 mundi
1915 2236 2213 2314 .partesque
2268 2249 2569 2315 prazcipuas
2624 2251 2859 2303 maxime
2903 2262 3147 2319 spectare
3198 2269 3262 2306 ac

1701 2333 1967 2387 moderari
2016 2337 2172 2397 solet,
2203 2339 2659 2405 quemadmodum
2707 2340 2760 2393 in
2795 2341 2975 2410 regnis
3022 2345 3153 2410 ipsis
3196 2359 3261 2396 ac

1699 2426 2025 2480 militaribus
2070 2428 2309 2496 imperiis
2340 2430 2454 2483 lieri
2488 2431 2752 2495 videmus,
2800 2438 2859 2484 ut
2888 2433 3165 2485 civitatum
3207 2444 3261 2486 er.

1699 2518 2032 2571 exercituum
2078 2518 2432 2588 integrorum,
2480 2536 2586 2573 non
2618 2521 2811 2591 abjecti
2847 2524 3136 2592 cujuslibet
3164 2525 3259 2578 ob-

1700 2610 1952 2678 scurique
2002 2612 2193 2679 capitis
2242 2614 2469 2665 salutem
2520 2628 2705 2681 regum
2760 2625 2813 2669 et
2872 2616 3257 2685 imperatorum

1698 2715 1827 2754 cura
1856 2702 2265 2770 complectatur.
2314 2705 2533 2758 Addunt
2561 2720 2779 2775 quoque
2811 2708 2913 2762 hoc
2962 2708 3080 2762 loco
3112 2724 3259 2762 non-

1700 2793 1852 2856 nulli,
1880 2794 2021 2847 sicut
2042 2794 2093 2846 in
2121 2802 2474 2864 tyrannorum
2497 2798 2755 2860 caedibus,
2782 2800 3071 2871 propinqui
3091 2804 3257 2854 etiam

1699 2894 1858 2953 atque
1892 2884 2106 2954 cognati
2146 2885 2321 2955 legum
2356 2889 2680 2941 auctoritate
2732 2890 3014 2953 tolluntur,
3064 2900 3123 2943 ut
3153 2905 3258 2946 ca—

1700 2978 1796 3032 teri
1832 2994 1858 3031 a
1893 2978 2161 3031 similibus
2209 2968 2423 3046 injuriis
2454 2988 2615 3047 atque
2660 2981 2956 3035 sceleribus
3006 2982 3253 3051 supplicii

1698 3073 2063 3143 magnitudine
2096 3082 2416 3126 revocentur
2442 3090 2455 3122 :
2486 3072 2564 3126 sic
2604 3073 2915 3125 morborum
2956 3075 3254 3128 exitialium

1699 3161 2019 3229 contagione
2073 3160 2387 3214 innocentes
2439 3161 2645 3229 aliquot
2689 3162 2898 3229 perire,
2952 3171 3011 3216 ut
3064 3166 3254 3233 reliqui

1702 3258 1855 3302 tanto
1888 3260 2013 3304 ante
2050 3251 2133 3304 liis
2175 3252 2436 3320 exemplis
2485 3254 2679 3306 eruditi
2728 3253 2997 3307 moderari
3043 3270 3163 3310 sese
3193 3271 3256 3310 ac

1701 3340 1976 3393 continere
2003 3340 2214 3393 discant
2247 3361 2259 3394 :
2294 3352 2351 3395 ut
2385 3343 2517 3397 illud
2543 3345 2813 3408 omittam,
2845 3349 3136 3415 quamdam
3164 3348 3254 3414 iis,

1698 3434 1791 3499 qui
1820 3431 2064 3484 morbido
2091 3433 2227 3485 cazlo
2264 3433 2633 3499 involvantur,
2663 3437 3016 3490 contraltendi
3055 3439 3252 3501 morbi,

1700 3537 1805 3574 non
1850 3537 2009 3576 secus
2042 3533 2205 3591 atque
2244 3523 2368 3587 illis,
2418 3524 2510 3592 qui
2559 3526 2680 3578 navi
2734 3529 3141 3595 tempestatibus
3178 3522 3283 3599 ja?

1698 3624 1838 3668 ctata
1868 3617 2155 3681 velluntur,
2183 3615 2443 3669 subeundi
2468 3617 2749 3685 equaliter
2772 3619 2991 3685 periculi
3022 3622 3275 3674 necessia

1702 3716 1863 3759 tatem
1912 3707 2137 3775 imponi.
2173 3705 2289 3758 Jam
2327 3705 2533 3760 feroces
2566 3708 2670 3761 illa:
2698 3708 3044 3779 valentesque
3073 3710 3258 3765 bestia

1699 3802 1817 3859 (nec
1842 3798 1984 3851 enim
2019 3798 2448 3866 prmtereuntlum
2484 3798 2613 3851 illud
2644 3808 2747 3863 est,
2774 3801 2987 3854 tametsi
3014 3810 3253 3854 nostram

1698 3890 1857 3956 banc,
1888 3904 1993 3958 qua
2024 3901 2078 3943 tu
2130 3888 2183 3941 in
2219 3890 2448 3942 dicendo
2476 3889 2731 3944 facultate
2772 3905 2850 3955 es,
2885 3890 3253 3945 defensionem

1697 3982 2012 4053 occupando
2043 3982 2368 4050 traduxeris)
2406 3982 2714 4036 hominibus
2757 3982 2822 4035 ad
2858 3981 3045 4035 bellica
3078 3992 3252 4036 certa-

1696 4091 1839 4128 nnna
1895 4073 2213 4129 exercendis
2256 4081 2552 4141 procreatae
2615 4080 2761 4125 sunt.
2824 4072 3080 4127 Assidua.
3107 4074 3251 4128 enim

1694 4176 1747 4219 et
1789 4166 2159 4235 gymnicorum
2208 4162 2453 4215 ludorum
2502 4171 2556 4215 et
2597 4162 2941 4217 venationum
2985 4164 3252 4219 exercita-

1696 4258 1793 4319 tio,
1833 4254 2091 4323 majorem
2134 4256 2188 4305 in
2266 4254 2481 4306 modum
2536 4255 2781 4322 corporis
2822 4255 3127 4310 ﬁrmitatem
3188 4272 3253 4312 ac

1697 4349 1861 4401 robur
1919 4354 2097 4415 auget,
2149 4348 2401 4413 quodque
2450 4360 2675 4415 corpore
2716 4348 2871 4418 longe
2916 4351 3094 4419 potius
3145 4358 3249 4413 est.

1694 4437 1930 4490 animum
1988 4436 2163 4503 ipsum
2213 4435 2280 4488 ad
2336 4438 2643 4505 repentinas
2687 4434 2941 4492 hostinmt
2984 4438 3249 4494 incursio-

1694 4544 1790 4581 nes
1847 4528 2026 4579 invicti
2083 4527 2316 4595 pectoris
2381 4529 2683 4581 constantia
2737 4528 3062 4583 deridenda:
3122 4543 3239 4583 con-

1695 4618 1940 4673 suefacit.
1995 4617 2129 4671 Nam
2188 4603 2565 4688 qui'mitioris
2619 4620 2819 4688 ingenii
2861 4628 3007 4683 sunt,
3038 4618 3073 4671 ii
3124 4633 3246 4671 cum

1695 4711 1909 4764 urbium
1948 4712 2261 4776 manibus,
2318 4721 2430 4765 tum
2481 4712 2645 4765 etiam
2689 4710 3004 4765 domesticis
3053 4710 3246 4765 inclusi

1692 4803 1935 4871 scptique
1982 4802 2188 4858 foribus
2245 4818 2435 4857 secure
2502 4801 2694 4871 degere
2744 4810 3007 4869 possunt,
3068 4803 3246 4857 maxio

1690 4894 1795 4948 mis
1826 4896 2064 4949 cicurum
2096 4894 2449 4949 animantium
2486 4892 2737 4963 gregibus
2768 4893 2832 4945 ad
2871 4894 3244 4962 quotidianum

1686 4984 1846 5055 397
1878 5002 2037 5041 usum
2068 4984 2420 5039 abundantes.
2440 4980 2668 5051 Quippe,
2699 4998 2825 5037 sues
2847 4983 3017 5045 enim,
3038 4984 3241 5048 leones,

1688 5092 1750 5131 ac
1774 5077 1985 5147 generis
2016 5075 2254 5143 ejusdem
2283 5083 2529 5133 cteteras.
2559 5089 2680 5144 quae
2708 5082 2916 5128 natura:
2944 5074 3242 5127 libertatem

1689 5170 1941 5232 retinent,
1975 5183 2042 5220 ne
2070 5166 2348 5220 hominum
2382 5166 2595 5220 insidiis
2630 5168 2850 5236 gravius
2892 5164 3093 5233 aliquid
3142 5178 3241 5217 su-

1689 5260 1866 5321 beant,
1906 5257 2089 5327 procul
2126 5256 2193 5310 ab
2212 5256 2436 5311 urbibus
2470 5258 2747 5311 submotas
2787 5258 3051 5310 videmus.
3094 5252 3243 5317 Qua-

1692 5365 1811 5402 rum
1862 5348 2049 5402 lustrls
2079 5348 2121 5401 si
2152 5347 2243 5416 qui
2292 5346 2430 5402 forte
2464 5348 2819 5417 negligentius
2848 5345 3015 5401 armis
3052 5346 3240 5411 praesi-

1689 5441 1885 5507 dioque
1912 5422 2038 5492 nudi
2063 5453 2180 5495 sese
2202 5440 2592 5502 commiserint,
2632 5435 2894 5508 quidquid
2924 5436 3115 5489 deinde
3148 5450 3242 5504 pa-

1690 5533 1727 5585 ti
1784 5531 2097 5600 contigerit,
2126 5546 2244 5585 sese
2274 5530 2351 5585 illi
2386 5534 2565 5601 potius
2595 5546 2757 5601 quam
2794 5540 3044 5583 naturam
3074 5545 3237 5583 accu-

1688 5632 1825 5684 sent,
1849 5622 1941 5685 qui
1967 5621 2108 5677 ouod
2128 5622 2429 5691 periculum
2451 5623 2685 5692 eﬂ'ugere
2728 5624 3061 5690 potuissent,
3086 5622 3242 5677 incu-

114 5735 213 5871 (ιη
237 5738 421 5871 Χάὲκι.
465 5736 769 5808 legendum
808 5738 1045 5824 videtur,
1088 5739 1145 5789 ἂν
1184 5736 1335 5807 χώρᾳ.
1382 5734 1437 5790 δι
1468 5734 1572 5787 τῶν

114 5805 192 5861 ιιι
249 5808 303 5858 Ἐ
365 5806 559 5871 ἀέρος.
588 5807 760 5861 “alim
788 5806 835 5859 δι
880 5807 1053 5871 ἀέρος.

1699 5734 1947 5787 κλώτιων.

110 5805 213 5871 (ιι)
249 5805 343 5871 Ἐξ
365 5805 564 5873 ἀέροςῖ
588 5807 760 5861 “alim
788 5806 851 5859 δι’
880 5807 1053 5871 ἀέρος.
