3988 6340
741 369 851 424 675
1379 368 1645 424 El'SEBlI
1679 367 2161 425 CIESARIENSIS
2190 366 2339 423 OPP.
2377 365 2559 422 PARS
2584 366 2648 422 ll.
2682 397 2753 409 —
2782 368 3278 427 APOLOGETICA.
3838 375 3924 433 εκ

742 491 822 545 ria
862 490 1207 562 neglexerint.
1242 476 1474 546 Prorsus
1507 498 1569 544 ut
1596 490 1650 544 in
1692 491 1930 560 equestri
1986 489 2282 543 certamine

2377 487 2553 541 ἀνθῶν
2592 488 2831 541 ποικιλία
2872 489 3009 560 πρὸς
3060 490 3300 556 ὑγίειαν,
3346 489 3408 542 οὐ
3448 486 3586 561 προς
3622 490 3814 561 ἡδονὴν
3851 493 3925 561 τι

741 582 1031 636 nonnullos
1053 580 1344 653 aliquando
1372 580 1612 650 vidi,qui
1628 580 1933 637 temeritate
1962 579 2285 648 praecipites,

2349 630 2353 634 .
2389 595 2565 645 γονεν.
2613 578 2868 633 Ἀπλετοι
2913 578 3022 648 γὰρ
3045 578 3247 631 τούτων
3290 579 3348 631 αι
3386 578 3666 649 δυνάμεις,
3698 580 3794 633 καὶ
3822 584 3922 637 καθ’

739 686 866 728 eum
894 671 1185 726 sedendum
1220 679 1275 723 et
1305 672 1484 739 quiete
1509 670 1859 740 spectandum
1891 663 2063 734 esset,
2083 671 2139 723 in
2168 685 2283 723 me-

2388 670 2554 731 αὐτὰς
2595 668 2684 722 διὰ
2720 668 2828 720 τῶν
2872 668 3056 739 ὀσμῶν
3101 668 3422 738 ὠφελοῦσιν,
3466 670 3699 733 εὐωδίας
3739 670 3919 736 πάντας

739 762 831 816 dio
864 761 1243 823 consisterem,
1282 769 1337 813 et
1391 760 1591 828 impetu
1625 759 2009 829 quadrigarum
2046 757 2285 828 impulsi,

2388 758 2831 828 ἀναπιμπλᾶσαι,
2872 758 2968 811 καὶ
3011 758 3143 812 πολὺ
3188 759 3387 829 μᾶλλον
3423 762 3482 813 ιν
3520 763 3645 823 ταῖς
3677 763 3919 831 laritanis

739 867 1003 921 equorum
1042 851 1275 919 ungulis,
1308 851 1553 919 rotisque
1594 838 1854 903 curruum
1891 851 2286 910 obtererentur,

2388 850 2664 903 συνθέσεσι
2711 849 2815 902 τῶν
2861 850 3179 921 φαρμάκων.
3236 851 3391 903 Ἕνια
3426 850 3539 921 γὰρ
3579 850 3918 920 ἀναμιχθέντα

738 944 929 1011 dignas
980 942 1216 995 stultitiae
1254 955 1447 1010 prunas
1488 940 1725 994 luentes.
1756 941 1832 994 Ac
1856 941 1925 995 de
1952 941 2037 994 his
2067 940 2283 1008 quidem

2385 941 2483 1004 τὰς
2517 940 2721 994 ἑαυτῶν
2749 941 3003 1011 δυνάμεις
3034 941 3413 1013 ἁριδηλοτέρας
3452 940 3774 1011 παρέχεται,
3801 941 3931 994 καθ-

738 1035 1021 1088 hactenus.
1051 1030 1187 1087 Nam
1219 1046 1289 1085 ex
1330 1031 1630 1099 repentium
1665 1032 1883 1100 quidem
1925 1030 2283 1084 animantium

2387 1033 2528 1104 άπερ
2559 1035 2641 1096 εἰς
2678 1032 2816 1097 ζῶον
2843 1035 3057 1101 γένεσιν
3104 1034 3140 1102 ἠ
3188 1034 3411 1104 ἄρρενος
3439 1034 3531 1086 καὶ
3560 1028 3749 1104 θήλεος
3777 1032 3916 1104 alia.

738 1141 956 1196 genere,
983 1124 1077 1195 qui
1094 1138 1302 1178 veneno
1332 1122 1554 1183 feriunt,
1586 1123 1623 1176 ii
1642 1138 1748 1177 non
1773 1122 2130 1177 Pravidcntim
2152 1138 2283 1175 cnn-

2388 1123 2493 1195 ἰόἱᾳ
2548 1124 2805 1194 ἑκατέρου
2861 1125 2937 1195 μὴ
2985 1123 3283 1193 πεφυκότος
3334 1127 3541 1190 ποιεῖν,
3588 1125 3734 1197 ἅπερ
3769 1126 3915 1195 tu?»

620 1279 627 1284 _
738 1219 884 1281 silio,
908 1218 1001 1272 sed
1027 1233 1156 1271 casu
1173 1217 1408 1286 quodam
1435 1231 1501 1269 ex
1532 1216 1692 1269 rebus
1718 1216 1841 1268 aliis
1859 1256 1873 1277 ,
1892 1207 1978 1268 ἰιιί
2014 1216 2127 1283 jam
2164 1215 2195 1267 d

2386 1213 2726 1267 συνελθόντα.
2792 1214 2954 1267 Ταῦτ’
3010 1215 3319 1283 ἀναγκαίως
3376 1215 3625 1270 λέλεκται
3681 1216 3815 1287 πρὸς
3861 1216 3917 1269 ea

736 1319 852 1365 tum
875 1317 978 1373 est,
1010 1317 1373 1376 consequente
1400 1317 1720 1362 nascuntur.
1747 1300 1883 1360 Tum
1904 1308 2048 1360 enim
2074 1304 2285 1359 anima-

2380 1301 2543 1357 λοιπὰ
2586 1303 2693 1356 τῶν
2737 1303 2841 1356 ὑπὸ
2885 1302 2979 1356 σοῦ
3028 1303 3480 1375 διαπορηθέντων,
3516 1300 3716 1375 ἱκανὴν
3756 1305 3916 1359 niam

734 1401 783 1453 ri
818 1400 1010 1464 solent,
1027 1381 1147 1454 cum
1177 1399 1394 1453 innatus
1429 1399 1626 1451 humor
1650 1398 2019 1451 vehementius
2039 1396 2281 1450 incaluit.

2385 1394 2712 1465 ἐργάσασθαι
2768 1394 3037 1464 δυνάμενα
3104 1397 3231 1457 τοῖς-
3267 1393 3342 1465 μὴ
3399 1394 3713 1463 φιλονείκως
3757 1396 3914 1467 ἔχουσι

737 1490 875 1543 Sunt
899 1492 1058 1543 etiam
1092 1490 1361 1553 nonnulli,
1395 1491 1488 1559 qui
1514 1506 1579 1543 ex
1608 1490 1723 1557 ipsa
1747 1489 2094 1557 corruptione
2117 1488 2281 1539 vitam

2384 1484 2511 1555 περὶ
2566 1485 2657 1537 τοῦ
2702 1485 2792 1537 τὸν
2835 1485 2964 1538 Θεὸν
3008 1485 3116 1538 τῶν
3162 1485 3512 1555 ἀνθρωπίνων
3564 1487 3915 1556 ἐπιμελεῖσθαι

734 1580 1010 1642 hauriunt,
1042 1593 1100 1634 ut
1126 1581 1399 1645 lumbrici,
1425 1580 1515 1649 qui
1545 1595 1608 1633 ex
1637 1580 1895 1641 alimenti,
1928 1568 2157 1646 pediculi
2188 1578 2281 1645 qni

2384 1576 2733 1645 πραγμάτων.
2751 1594 2770 1627 ι
2804 1575 2983 1629 Ταῦτα
3011 1576 3107 1647 μὲν
3136 1572 3231 1629 οὖν
3251 1578 3313 1628 ὲκ
3341 1575 3437 1629 τοῦ
3461 1576 3792 1647 δηλωθέντος
3836 1581 3918 1631 ἐπ-

732 1686 799 1724 ex
830 1671 1043 1724 sudoris
1073 1671 1203 1724 vitio
1226 1672 1493 1724 oriuntur.
1510 1670 1657 1735 Quos
1683 1683 1812 1722 vero
1838 1668 2053 1736 propria
2077 1683 2139 1721 ex
2174 1683 2284 1719 ma-

2381 1667 2652 1738 ετεμόμην
2679 1667 2887 1739 ἀνδρὸς,
2913 1668 3046 1742 ομ.οῦ
3092 1668 3190 1739 μὶν
3233 1667 3473 1731 δεικνὺς,
3526 1662 3627 1720 οἷοι
3662 1670 3754 1722 καὶ
3794 1670 3916 1722 κατὰ

733 1760 868 1812 teria
902 1758 1187 1828 infusoque
1214 1759 1439 1823 semine,
1469 1758 1834 1827 principaliter
1855 1772 1918 1809 ac
1951 1758 2164 1824 proprie
2186 1771 2281 1808 na-

2380 1758 2503 1819 τοὺς
2532 1757 2682 1815 νέους
2711 1758 2992 1825 γεγόνασιν
3026 1758 3289 1828 Ἐϐραίων
3333 1757 3519 1821 παῖδες
3537 1797 3554 1821 ,
3583 1758 3719 1827 ὁμοῦ
3752 1759 3805 1811 δὲ
3835 1760 3917 1811 καὶ

732 1858 854 1901 tura
903 1850 1168 1917 producit,
1194 1850 1229 1901 ii
1258 1845 1617 1901 Providentia:
1654 1863 1754 1901 suo
1792 1847 1915 1916 jure
1945 1847 2273 1898 tribuuntur.

2342 1846 2445 1898 ιτὰ
2490 1845 2587 1914 τῆς
2630 1844 2884 1909 εὐσεϐοῦς
2931 1846 3109 1900 αὐτῶν
3156 1848 3283 1917 περὶ
3325 1845 3461 1898 Θεοῦ
3504 1845 3820 1916 διαλήψεως,
3858 1846 3917 1899 τά

735 1939 1053 2008 Quanquam
1086 1940 1149 1992 de
1173 1939 1443 2007 prioribus
1467 1938 1772 1998 ctiamillis,
1820 1936 1973 2004 quasi
2002 1936 2068 1988 ad
2102 1933 2278 1986 homi-

2380 1952 2436 1986 τε
2472 1936 2570 2003 τῆς
2616 1936 2747 2006 πρὸς
2796 1940 2922 2000 τοὺς
2968 1938 3313 2008 προπάτορας
3366 1932 3675 2005 ὁμοφωνξα;
3720 1936 3914 2007 ἐμφανῆ

731 2033 818 2084 nis
847 2032 1125 2084 utilitatem
1160 2040 1507 2098 prncreentur
1529 2030 1627 2097 ipsi
1650 2043 1881 2097 quoque,
1898 2027 2005 2079 duo
2027 2041 2113 2078 me
2132 2041 2278 2093 qum-

2382 2026 2672 2090 καθιστάς’
2726 2028 2828 2098 ήδη
2880 2024 2929 2081 δ’
2958 2027 3202 2081 ἐντεῦθεν
3252 2026 3548 2097 μεταϐῆναι
3599 2024 3785 2097 καιρὸς
3836 2028 3914 2080 καὶ

728 2122 853 2174 dam
891 2122 1073 2174 audire
1106 2122 1345 2182 memini,
1372 2138 1491 2189 quae
1513 2122 1613 2173 hoc
1652 2121 1769 2173 loco
1804 2118 2275 2172 dissintulare'non

2214 2132 2275 2170 on
2382 2118 2472 2168 ἐπὶ
2503 2118 2599 2180 τὰς
2625 2117 2732 2170 τῶν
2764 2120 2957 2185 ἔξωθεν
2984 2119 3110 2190 περὶ
3135 2118 3241 2173 τῶν
3268 2118 3446 2171 αὐτῶν
3473 2118 3789 2189 μαρτυρίας.

737 2216 934 2283 placet.
1000 2216 1238 2270 Alterum
1302 2226 1406 2282 est,
1433 2231 1461 2269 a
1492 2215 1715 2269 medicis
1779 2214 2099 2283 quibusdam
2138 2215 2548 2266 commemorari
2579 2214 2797 2269 solitum
2833 2233 2846 2268 :
2886 2216 2941 2269 in
2999 2216 3243 2284 pluribus
3296 2223 3589 2269 venenatos
3649 2222 3908 2283 serpentes

727 2305 853 2357 usui
893 2320 1033 2368 esse,
1056 2321 1119 2358 ac
1157 2307 1341 2375 peritis
1374 2306 1535 2373 hujus
1595 2304 1748 2366 artis,
1774 2303 1819 2358 si
1869 2285 2043 2383 modo
2103 2302 2227 2365 illis,
2267 2302 2355 2355 ubi
2394 2317 2530 2369 opus
2594 2304 2738 2370 erit,
2790 2306 3019 2360 scienter
3069 2307 3382 2373 abutemur,
3425 2306 3534 2358 vim
3586 2307 3916 2375 prasentiutn

726 2399 1084 2452 amuletorum
1116 2400 1405 2452 maximam
1461 2407 1762 2466 suppetere,
1817 2382 2013 2463 quibus
2067 2404 2257 2463 prater
2306 2394 2582 2447 hominum
2612 2382 2941 2465 opinitmem,
2971 2398 3175 2466 integra
3198 2399 3654 2466 periculosissime
3680 2399 3916 2453 laboran-

724 2492 872 2545 tibus
903 2492 1149 2547 valetudo
1177 2493 1429 2562 salusque
1464 2494 1737 2546 reddatur.
1767 2491 1949 2559 Itaque
1982 2491 2165 2543 videas
2191 2490 2485 2543 etiamnum
2519 2506 2615 2545 eos
2643 2493 2736 2561 qui
2779 2494 3096 2547 medicinam
3158 2495 3295 2548 haud
3323 2496 3618 2549 oscitanter
3686 2510 3749 2549 ac
3808 2508 3915 2562 per-

722 2584 992 2640 functorie
1019 2595 1268 2649 tractant,
1312 2585 1660 2641 conﬁciendis
1697 2583 1938 2653 quoﬁdie
2000 2584 2281 2649 remediis,
2311 2599 2375 2638 ex
2412 2575 2653 2652 quolibet
2723 2599 2917 2655 genere
2980 2586 3200 2655 aliquid,
3245 2601 3345 2642 nec
3371 2587 3547 2641 obiter
3594 2587 3644 2640 id
3691 2586 3912 2655 quidem,

722 2682 1041 2735 adntiscere.
1056 2681 1293 2736 Alterum
1327 2697 1391 2734 ex
1413 2682 1856 2750 philosophorum
1892 2682 2272 2748 potius.quam
2310 2694 2375 2733 ex
2406 2680 2735 2732 medicorum
2767 2679 3005 2734 fontibus
3070 2681 3329 2733 haustum
3397 2679 3700 2733 videbatur.
3731 2676 3803 2730 Ea
3852 2680 3916 2732 si-

723 2774 941 2844 quidem
988 2781 1296 2841 comparata
1348 2773 1605 2826 divinitus
1654 2774 1941 2825 adiersum
1999 2770 2271 2837 improbos
2331 2784 2608 2837 poenarum
2658 2770 3010 2830 instrumenta
3056 2786 3175 2826 esse
3237 2769 3523 2834 statuebat,
3582 2756 3917 2839 quemadmo-

723 2868 853 2919 dum
888 2882 917 2917 a
963 2865 1198 2919 ducibus
1225 2874 1277 2917 et
1348 2864 1761 2933 imperatoribus
1812 2862 2018 2934 ﬂagella
2068 2876 2457 2928 nonnunquam
2524 2862 2819 2930 asperiora,
2890 2861 3199 2931 ferrumque
3259 2863 3432 2932 ipsum
3481 2863 3722 2917 adhiberi
3755 2862 3914 2917 solet.

720 2953 905 3019 Itaque
928 2967 1050 3006 cum
1084 2950 1219 3006 alias
1267 2951 1544 3020 quiescere
1576 2967 1640 3004 ae
1671 2951 1852 3003 mitius
1901 2965 2059 3017 agere
2089 2950 2487 3022 consueverint,
2520 2962 2630 3003 tum
2666 2954 2819 3009 novis
2862 2953 3016 3024 quasi
3082 2952 3286 3007 viribus
3349 2953 3610 3009 adversus
3646 2955 3915 3008 damnatos

721 3046 1087 3108 stimulantur,
1117 3044 1168 3095 in
1192 3057 1330 3110 quos
1354 3050 1543 3094 natura
1563 3040 1676 3108 ipsa
1698 3042 1751 3092 in
1782 3041 1875 3091 illo
1908 3055 2008 3094 suo
2078 3040 2423 3109 integerrimo
2453 3042 2863 3112 castissimoque
2907 3043 3043 3111 loro,
3104 3045 3383 3113 capitalem
3451 3049 3770 3100 sententiam
3837 3057 3915 3101 tu-

720 3132 861 3185 lerit.
882 3116 1017 3183 Nam
1043 3132 1094 3183 in
1126 3131 1327 3184 aedibus
1360 3131 1559 3185 nostris
1636 3139 1693 3183 ut
1765 3130 2061 3198 pluritnun.‘
2134 3131 2236 3183 hoc
2300 3132 2650 3186 animantium
2704 3136 2872 3205 genus
2909 3116 3239 3201 delitescere,
3294 3137 3488 3193 falsum
3534 3142 3754 3194 omnino
3790 3153 3914 3196 est:

719 3220 885 3293 398
909 3239 1031 3275 cum
1064 3224 1190 3276 illud
1217 3232 1366 3276 extra
1402 3227 1582 3287 urbes,
1616 3222 1668 3274 in
1698 3224 1926 3291 campis,
1998 3239 2061 3277 ac
2134 3224 2533 3291 solitudinibus,
2572 3228 2715 3295 quod
2776 3228 3047 3289 hominem
3111 3232 3295 3297 utique
3356 3225 3611 3300 tanquam
3648 3232 3914 3287 dominum

719 3316 908 3385 fugiat,
936 3314 1091 3384 vulgo
1126 3315 1317 3383 degere
1353 3313 1650 3367 videamus.
1685 3312 1838 3378 Quod
1901 3324 2082 3366 tamen
2120 3314 2247 3367 dum
2286 3330 2443 3383 secus
2505 3317 2774 3371 interdum
2840 3319 3119 3387 contingit,
3153 3335 3219 3374 ne
3264 3329 3375 3374 tum
3439 3322 3653 3389 quidem
3705 3338 3802 3377 sua
3847 3336 3918 3374 ra-

716 3408 861 3461 tione
886 3416 1032 3461 caret
1075 3416 1198 3460 cum
1230 3406 1282 3459 in
1308 3406 1439 3459 locis
1465 3406 1783 3474 quibusdam
1806 3404 2245 3473 ,profundioribus
2285 3405 2473 3474 ingens
2502 3408 2653 3476 copia
2679 3410 2931 3463 stercoris
2955 3426 3018 3463 ac
3075 3412 3315 3465 sordium
3372 3423 3677 3483 aggeratur,
3728 3413 3915 3481 quibus

717 3514 836 3553 sese
865 3499 1188 3565 immergunt
1233 3496 1335 3549 illa:
1377 3497 1654 3563 cupidius,
1697 3506 2048 3565 prmterquam
2095 3498 2237 3564 quod
2287 3497 2401 3565 ipse
2452 3512 2665 3565 quoque
2728 3500 2883 3552 nidor
2929 3503 3198 3570 pr0priam
3263 3503 3511 3556 illiciendi
3564 3507 3671 3556 vim
3745 3502 3911 3555 habet.

715 3590 833 3644 Jam
864 3590 1174 3645 hirundines
1198 3589 1477 3642 nobiscum
1512 3588 1715 3641 versari
1762 3589 1957 3640 mirum
1992 3587 2230 3657 profecto
2284 3589 2437 3652 nihil,
2490 3604 2612 3641 cum
2646 3590 2713 3644 ab
2738 3591 2805 3644 iis
2843 3591 3187 3659 insequendis
3249 3594 3639 3656 abstineamus,
3706 3592 3914 3646 salutis-

717 3702 821 3755 que
848 3684 1055 3737 tueuda:
1083 3682 1367 3751 cupiditas,
1403 3696 1507 3733 non
1570 3690 1775 3733 tantum
1808 3682 1860 3733 in
1934 3681 2141 3734 ratione
2184 3682 2420 3749 praeditis
2466 3683 2852 3742 animantibus.
2891 3685 2983 3738 sed
3015 3686 3177 3738 etiam
3247 3688 3301 3739 in
3344 3702 3407 3740 ea
3474 3688 3787 3741 carentibus
3836 3689 3913 3740 in-

652 3790 667 3806 ·
718 3780 820 3830 sita
855 3777 924 3829 sit
948 3784 1106 3843 atque
1168 3774 1363 3827 deﬁxa.
1426 3772 1495 3825 At
1550 3773 1748 3841 quibus
1800 3772 1876 3826 uti
1932 3773 2184 3854 homines
2223 3777 2469 3841 vescique
2501 3784 2760 3842 posaunt,
2808 3790 2993 3830 earum
3054 3795 3181 3835 vero
3229 3781 3509 3835 nobiscum
3563 3784 3707 3835 nulla
3753 3784 3909 3851 degit,

715 3868 858 3939 quod
892 3867 959 3920 ab
985 3863 1193 3919 insidiis
1220 3863 1325 3916 subi
1356 3862 1554 3917 nostris
1599 3871 1859 3925 metuant,
1913 3864 2016 3918 nisi
2072 3862 2241 3917 sicubi
2283 3864 2394 3931 lege
2460 3866 2760 3931 prohibitus
2808 3883 2993 3922 earum
3064 3886 3194 3925 usus
3267 3870 3448 3927 fuerit.
3498 3870 3639 3927 Urbs
3674 3876 3909 3942 quaedam

716 3970 799 4013 εει
850 3956 1014 4025 Syriae
1098 3953 1413 4015 maritima,
1477 3951 1795 4005 Ascalonem
1856 3962 2088 4018 vocant,
2154 3953 2243 4006 ubi
2304 3968 2426 4005 cum
2498 3956 2786 4023 aliquando
2846 3973 3131 4019 versarer,
3186 3977 3296 4031 quo
3378 3971 3620 4032 tempore
3690 3968 3910 4030 patrium

715 4052 772 4104 in
836 4050 1091 4116 templum
1145 4046 1469 4115 precationis
1512 4054 1566 4098 et
1613 4045 1863 4099 sacrificii
1927 4060 2090 4098 causa
2163 4046 2563 4115 proficiscebar,
2618 4052 2723 4101 vim
2779 4053 3149 4106 columbarum
3205 4055 3469 4107 inﬁnitam
3541 4071 3664 4109 cum
3725 4058 3781 4110 in
3823 4059 3910 4111 tri-

713 4143 821 4197 viis
861 4142 1080 4208 passim,
1126 4149 1238 4193 tum
1288 4140 1340 4191 in
1388 4138 1613 4207 singulis
1644 4139 1803 4193 etiam
1847 4139 2052 4192 adibus
2093 4141 2358 4194 videbam.
2415 4141 2643 4195 Causam
2711 4147 2971 4223 quaerenti
3038 4147 3192 4211 mihi,
3253 4163 3346 4201 eas
3364 4128 3562 4216 capere
3617 4150 3766 4204 nefas
3802 4164 3911 4204 esse

716 4231 1129 4297 responderunt,
1176 4231 1318 4299 quod
1360 4230 1471 4300 jam
1521 4230 1647 4283 olim
1691 4230 1898 4284 civibus
1961 4244 2147 4283 earum
2204 4246 2301 4283 usu
2344 4230 2685 4313 interdictum
2726 4243 2886 4287 esset.
2934 4234 3112 4305 Usque
3137 4238 3271 4291 adeo
3304 4252 3475 4308 genus
3536 4240 3639 4295 hoc
3677 4242 3911 4295 animan-

718 4325 793 4380 tis
813 4324 1099 4377 securitate
1127 4322 1415 4385 eicuratur,
1446 4330 1505 4374 ut
1532 4322 1639 4373 non
1673 4328 1879 4373 tantum
1912 4322 2015 4377 sub
2060 4320 2249 4375 eodem
2288 4330 2451 4386 tecto,
2483 4323 2574 4375 sed
2608 4323 2769 4377 etiam
2800 4325 2851 4376 in
2873 4327 3060 4379 eadem
3086 4341 3269 4381 mensa
3319 4329 3597 4382 assiduum
3662 4331 3751 4392 sit,
3797 4345 3909 4385 con-

642 4394 679 4465 ί
714 4429 973 4483 cassaque
1022 4427 1149 4481 pace
1200 4412 1267 4465 ad
1312 4412 1530 4465 delicias
1558 4414 1827 4467 abutatur.
1855 4410 1951 4465 Est
2017 4422 2192 4467 tamen
2260 4414 2313 4466 in
2354 4413 2604 4484 Egypto,
2636 4415 2778 4485 quod
2808 4417 3172 4472 vehementius
3217 4421 3501 4475 admirere.
3568 4422 3700 4476 Nam
3734 4438 3894 4478 croco

616 4516 621 4520 ‘
712 4507 852 4559 dilus
887 4505 972 4557 ille
1033 4502 1310 4557 haminum
1384 4504 1685 4570 devoratur,
1754 4520 1817 4559 ac
1884 4504 2180 4585 bestiarum
2240 4504 2685 4573 immanissimus,
2720 4509 2945 4578 quodin
2971 4511 3312 4564 sanctissifno
3340 4512 3442 4566 Nili
3483 4515 3883 4581 tlurninenasca

716 4606 801 4649 tur
832 4597 1127 4665 alaturque,
1157 4609 1375 4649 sensum
1397 4594 1651 4663 aliquem,
1687 4605 1745 4647 ut
1792 4595 1901 4649 fere
1952 4598 2053 4651 sub
2086 4597 2243 4664 aquis
2279 4597 2575 4661 delitescat,
2603 4602 2884 4668 praesentis
2949 4604 3345 4659 commoditatis
3403 4606 3583 4660 habet.
3643 4608 3689 4660 Α
3721 4610 3906 4677 quibus

712 4688 853 4742 enim
919 4688 1031 4755 ipse
1086 4685 1297 4747 colitur,
1345 4686 1484 4752 apud
1526 4701 1619 4739 eos
1680 4689 1878 4739 multus
1924 4703 2045 4743 esse
2107 4689 2291 4753 solet;
2332 4704 2467 4756 quos
2495 4699 2674 4742 autem
2735 4690 2957 4766 infestos
3004 4703 3293 4761 pateretur,
3344 4698 3484 4765 apud
3532 4697 3653 4752 illos
3707 4716 3775 4754 ne
3820 4715 3906 4768 per

712 4779 981 4832 somnium
1005 4779 1217 4846 quidem
1236 4780 1463 4833 videtur.
1488 4777 1627 4849 Ergo
1659 4777 1945 4847 quiNilum
1970 4783 2240 4852 navigant,
2281 4782 2572 4844 interdum,
2609 4790 2667 4834 ut
2736 4784 3079 4838 audacissimi
3135 4786 3351 4850 fuerint,
3410 4803 3474 4841 ac
3542 4794 3814 4844 turmatim
3845 4806 3905 4845 eo

710 4867 1001 4929 conﬂuant,
1030 4869 1080 4919 in
1103 4884 1295 4936 aquam
1329 4886 1395 4925 ne
1419 4886 1689 4925 summum
1754 4870 1970 4940 quidem
2025 4872 2311 4925 immittere
2347 4872 2569 4941 digitum
2604 4874 2837 4927 audeant
2901 4895 2914 4929 :
2950 4878 3239 4942 interdum,
3273 4879 3519 4935 homines
3567 4884 3727 4937 etiam
3780 4884 3905 4937 timi-

708 4958 915 5015 dissilui
945 4958 1084 5011 ultro
1137 4960 1422 5027 prosiliunt
1487 4970 1777 5030 natantque
1838 4961 2135 5015 ludibundi.
2184 4962 2474 5031 Cyclopum
2511 4965 2561 5016 in
2607 4972 2780 5018 tractu
2826 4966 3015 5035 (genus
3053 4970 3195 5022 enim
3273 4970 3325 5023 id
3372 4970 3647 5028 hominum
3725 4975 3904 5031 fabul:

711 5062 1071 5106 commentum
1112 5063 1175 5107 ac
1220 5052 1359 5108 fetus
1383 5056 1599 5127 quidam
1635 5057 1738 5125 est)
1773 5057 1914 5125 quod
1955 5057 2098 5109 nulla
2141 5056 2210 5109 ibi
2252 5057 2525 5119 sementis,
2558 5058 2807 5126 agricola:
2828 5060 2980 5125 nulli,
3044 5062 3320 5115 mitiorum
3397 5063 3611 5135 frugum
3656 5064 3902 5123 nascitur

709 5144 929 5196 omnino
992 5143 1147 5205 nihil,
1215 5154 1272 5197 ut
1318 5160 1489 5214 neque
1549 5162 1613 5200 ex
1652 5147 1819 5200 nihilo
1857 5146 2152 5216 quidquam
2199 5146 2345 5217 gigni
2383 5158 2574 5214 potest.
2612 5148 2815 5204 Graecia
2846 5166 2973 5205 vero
3024 5154 3326 5208 accusanda
3365 5155 3605 5224 profecto
3637 5173 3765 5213 .non
3790 5167 3899 5219 est.

709 5245 963 5300 tanquam
1025 5234 1171 5288 arida
1200 5237 1425 5290 nimium
1475 5248 1527 5291 et
1566 5237 1885 5303 infecunda;
1956 5240 2117 5293 habet
2163 5240 2305 5291 enim
2344 5241 2551 5295 altioris
2620 5242 2989 5311 molliorisque
3029 5244 3132 5297 soli
3176 5246 3459 5317 plerosque
3495 5256 3723 5304 tractus.
3762 5250 3903 5315 Quod

709 5323 757 5375 si
791 5333 942 5379 terrae
963 5328 1205 5395 quaedam
1238 5329 1479 5383 barbare
1504 5328 1715 5399 frugum
1736 5333 1979 5385 ubertate
1992 5338 2264 5399 praestant,
2304 5342 2363 5384 ut
2388 5333 2661 5387 abundent
2691 5332 2979 5399 alimentis,
3035 5350 3224 5389 eorum
3252 5344 3468 5403 tamen,
3533 5341 3625 5410 qui
3678 5342 3896 5411 alantur,

708 5431 1047 5489 quorumque
1096 5436 1255 5473 causa
1324 5421 1695 5474 tantummodo
1732 5423 1985 5476 alimenta
2053 5421 2375 5490 proveniunt
2444 5426 2709 5491 paucitate
2774 5427 3039 5482 laborant.
3071 5428 3195 5483 Sola
3221 5432 3419 5501 quippe
3443 5429 3668 5501 Gracia,
3708 5436 3752 5489 si
3788 5447 3897 5488 ven

710 5507 854 5573 loqui
893 5507 1133 5571 velimus,
1167 5509 1443 5563 hominum
1502 5511 1828 5578 procreatrix
1894 5518 1995 5576 est,
2052 5520 2235 5579 utpote
2270 5526 2390 5579 quae
2439 5513 2713 5568 caelestem
2756 5516 2979 5571 omnino
3036 5519 3297 5587 plantam,
3356 5520 3523 5593 Μ
3562 5524 3894 5595 divinumque

708 5610 946 5661 germen,
980 5607 1033 5650 et
1100 5601 1246 5654 omni
1289 5615 1355 5654 ex
1378 5607 1529 5669 parte
1588 5599 1880 5668 perfectum
1905 5639 1919 5663 ,
1955 5600 2061 5655 hoc
2094 5606 2179 5653 est
2222 5599 2625 5669 intelligentiam
2692 5602 2861 5672 ipsam
2892 5605 3083 5674 pariat.
3111 5622 3235 5665 cum
3295 5611 3519 5667 scientia
3544 5614 3721 5673 nativa
3780 5630 3897 5685 qu.

702 5688 831 5742 dam
860 5689 1171 5759 cognatione
1204 5692 1565 5755 coniunctam.
1597 5688 1765 5760 Cujus
1810 5694 1887 5749 rei
1928 5707 2092 5749 causa
2147 5692 2259 5747 hac
2293 5699 2395 5757 est,
2432 5691 2576 5761 quod
2622 5693 2764 5749 aeria
2843 5697 3099 5767 tenuitate
3157 5715 3322 5759 uena
3357 5702 3598 5763 homini;
3636 5716 3889 5770 Mr;
