3988 6340
76 501 167 555 689
1228 500 1547 556 PREPAR.
1585 498 1826 554 EVANG.
1867 498 1993 551 LIB.
2034 496 2119 550 lx.

3162 499 3263 555 690

80 620 157 670 καὶ
190 620 333 690 περὶ
360 620 458 683 τὰς
486 619 707 691 πράξεις
754 619 1096 685 ἱκανώτατος,
1135 620 1267 672 ἰδίαν
1302 618 1474 688 βίϐλον
1504 619 1618 670 ἀνα-

1736 616 1954 685 ςορίιυε,
1997 616 2086 668 scd
2133 613 2293 667 etiam
2336 613 2494 668 rebus
2526 614 2766 683 gerendis
2813 616 3142 684 aptissimus,
3182 615 3263 669 Ju-

80 711 178 771 θεὶς
205 714 279 781 τῇ
320 713 450 781 περὶ
493 712 751 766 Ἰουδαίων
786 712 1013 782 ἱστορίᾳ,
1042 711 1264 763 πλεῖστα
1304 712 1430 781 περ).
1456 708 1632 764 αὐτῶν

76 802 347 867 διέξεισιν.
379 804 472 871 ἀφ’
506 796 581 856 ὧν
614 804 705 856 ἐπὶ
734 804 825 873 τοῦ
864 804 1121 874 παρόντος
1151 803 1369 875 ἀρκέσει
1398 819 1633 873 παρατε-

77 890 225 943 ϐἐντα
253 890 433 944 ταῦτα
460 910 471 923 ·
520 911 538 943 ι
578 893 730 946 Ἐστι
763 892 868 965 γὰρ
893 893 999 945 τῶν
1048 891 1308 946 Ἰουδαίων
1344 892 1409 945 τὰ
1466 891 1632 945 πολλὰ

75 981 401 1052 ὀχυρώματα
434 982 573 1035 κατὰ
616 984 713 1054 τὴν
744 983 941 1056 χώραν,
989 984 1079 1036 καὶ
1112 983 1320 1053 κῶμαι·
1359 984 1453 1053 μία
1498 983 1553 1036 δὲ
1596 983 1628 1052 ἡ

87 1073 441 1143 Ἰερουσαλὴμ
472 1074 578 1144 (69)
612 1076 762 1139 πόλις
788 1076 978 1148 ὀχυρὰ,
1012 1077 1338 1146 πεντήκοντα
1373 1075 1481 1145 (70)
1525 1078 1628 1146 μά-

77 1166 221 1217 λιστα
269 1165 505 1218 σταδίων
540 1166 633 1237 τὴν
671 1170 1024 1240 περίμετρον·
1059 1169 1123 1239 ἢν
1160 1170 1364 1220 οἰκοῦσι
1405 1169 1499 1238 μὲν
1541 1171 1631 1222 ἀν-

79 1255 303 1326 Θρώπων
337 1258 470 1328 περὶ
502 1257 703 1311 δώδεκα
739 1261 993 1331 μυριάδες
1040 1260 1169 1330 (71),
1204 1260 1419 1313 καλοῦσι
1456 1260 1498 1311 δ’
1534 1261 1630 1312 αὐ-

78 1350 164 1417 τὴν
199 1351 568 1421 Ἰεροσόλυμα.
610 1352 869 1406 Ἐνταῦθα
912 1354 968 1406 δέ
1013 1355 1125 1406 ἐστι
1160 1354 1295 1407 κατὰ
1331 1355 1489 1424 μέσον
1526 1354 1628 1422 μά-

80 1444 222 1495 λιστα
263 1444 365 1513 τῆς
408 1444 614 1508 πόλεως
654 1444 931 1515 περίϐολος
961 1444 1153 1508 λίθινος
1196 1446 1324 1515 (7'2),
1364 1446 1530 1516 μῆκος
1555 1445 1628 1507 ὡς

86 1535 496 1605 πεντάπλεϐρος,
528 1532 681 1606 εὖρος
705 1536 759 1588 δὲ
793 1536 1005 1605 πηχέων
1032 1536 1241 1597 ἑκατὸν,
1275 1536 1409 1605 ἔχων
1442 1536 1628 1595 διπλᾶς

93 1624 261 1689 πᾶλας,
302 1627 361 1677 ὲν
398 1620 445 1693 ᾧ
489 1626 665 1695 βωμός
695 1628 809 1678 ἐστι
848 1631 1196 1696 τετράγωνος·
1234 1627 1483 1696 ἁτμήτων
1517 1625 1625 1693 (75)

98 1716 371 1769 συλλὼιτων
401 1718 586 1787 ἀργῶν
616 1718 775 1771 λίθων
806 1718 944 1770 οὕτω
977 1716 1321 1787 συγκείμενος
1341 1734 1352 1744 ·
1393 1716 1625 1785 πλευρὰν

99 1804 147 1857 δὲ
179 1806 399 1877 ἑκάστην
448 1809 615 1859 εἴκοσι
654 1808 887 1879 πηχέων,
926 1808 1055 1876 ὕψος
1100 1808 1465 1876 δωδεκάπηχυ.
1523 1807 1627 1858 Καὶ

98 1896 204 1964 παρ’
233 1897 392 1949 αὑτὸν
423 1898 626 1968 οἴκημα
656 1897 793 1967 μέγα
836 1889 894 1948 οὗ
932 1897 1106 1967 βωμός
1140 1901 1252 1949 ἐστι
1278 1898 1369 1949 καὶ
1398 1897 1625 1966 λυχνίον,

1731 710 1965 762 datorum
2018 707 2255 762 historiae
2300 706 2572 776 singulare
2603 722 2664 761 ac
2703 708 2975 776 preprium
3019 708 3265 761 volumen

1731 800 2081 863 consecravit,
2131 799 2219 852 ubi
2268 813 2388 853 cum
2419 798 2484 853 de
2514 800 2619 853 illis
2664 800 2829 853 multa
2862 809 3264 863 commemoret,

1733 901 1843 944 tum
1872 892 1983 945 haec
2018 891 2071 944 in
2106 891 2507 960 praesentiarum
2539 908 2604 947 ex
2638 907 2701 947 eo
2741 892 2988 958 retulisse
3021 890 3263 945 suﬂiciet.

1738 982 1957 1036 «Multa:
1996 985 2231 1052 quidem,
2281 985 2419 1053 apud
2466 984 2697 1051 Iudaeos,
2746 985 2937 1053 inquit,
2973 999 3123 1039 arces
3170 998 3265 1052 pa-

1732 1074 1889 1143 gique
1920 1075 2070 1127 multi
2107 1082 2211 1128 tota
2246 1077 2443 1144 passim
2504 1077 2719 1147 regione
2772 1085 2925 1131 sunt:
2976 1068 3079 1129 ulla
3126 1089 3257 1129 vero

1732 1165 1938 1217 munita
1975 1165 2027 1218 in
2067 1166 2254 1234 primis
2294 1167 2507 1230 civitas,
2544 1166 2859 1229 Jerusalem,
2906 1166 3062 1235 cujus
3090 1166 3262 1220 ambi-

1731 1265 1817 1309 tus
1848 1271 1953 1309 non
1992 1257 2301 1324 pauciorum
2333 1272 2492 1326 quam
2524 1258 2913 1329 quinquaginta
2964 1259 3259 1315 stadiorum

1728 1356 1829 1403 est.
1871 1345 2019 1403 Hanc
2066 1349 2277 1403 circiter
2306 1351 2487 1419 viginti
2543 1366 2704 1421 supra
2757 1358 2969 1407 centum
3025 1347 3265 1405 ihcolunt

1729 1437 2009 1494 hominum
2044 1441 2250 1504 millia;
2299 1438 2725 1513 Hierosolymam
2760 1442 2919 1512 vulgo
2961 1443 3259 1494 nominant.

1727 1529 1896 1599 Cujus
1934 1532 1988 1585 in
2026 1532 2321 1588 meditullio
2345 1546 2548 1603 septum
2578 1533 2707 1588 redis
2747 1535 2968 1603 lapidem
3002 1535 3262 1597 cernitur,

1726 1623 1963 1691 quinque
2036 1622 2146 1677 fere
2220 1624 2467 1695 jugerum
2524 1624 2903 1693 longitudinis,
2968 1625 3266 1679 latitudinis

1728 1713 2026 1767 cubitorum
2083 1723 2315 1768 centum.
2381 1714 2552 1769 Portae
2613 1731 2799 1770 omnes
2840 1715 3064 1784 gemina:
3117 1727 3260 1770 sunt.

1730 1805 1924 1859 Ibidem
1964 1806 2130 1859 altare
2159 1807 2475 1876 quadratum
2518 1823 2581 1860 ex
2619 1808 2944 1877 integrorum
2973 1816 3025 1861 et
3061 1807 3266 1876 impoli-

1729 1906 1907 1950 torum
1947 1897 2182 1966 lapidum
2230 1900 2690 1966 coagmentatione
2739 1898 3049 1960 couﬂatum,
3105 1900 3260 1967 cujus

90 1986 354 2057 dpqétspa
386 1964 580 2058 χρυσέ,
605 1964 696 2041 δύο
726 1964 955 2042 τάλαντα
982 1964 1078 2059 τὴν
1104 1990 1292 2060 ὁλκήν·
1320 1990 1411 2042 ἐπὶ
1434 1964 1492 2041 δὲ
1513 1964 1618 2040 τού-

1731 1986 1895 2039 latera
1957 1964 2168 2057 singula
2234 1964 2422 2055 viginti
2474 1988 2779 2041 cubitorum
2837 1998 2979 2053 sunt,
3041 1964 3264 2044 altitudo

86 2094 181 2127 των
198 2078 326 2145 φῶς
350 2080 489 2132 ἐστιν
514 2078 909 2134 ἀναπόσὸεστον
944 2081 1034 2134 καὶ
1061 2080 1157 2143 τὰς
1188 2081 1381 2143 νύκτας
1415 2082 1505 2133 καὶ
1528 2081 1624 2143 τὰς

84 2168 322 2244 ἡμέρας.Δ
351 2171 592 2241 ’Ᾱγαλμα
623 2172 664 2224 δ’
686 2172 784 2225 οὐκ
810 2172 955 2224 ἔστιν
986 2173 1092 2225 οὐδ’
1128 2173 1377 2244 ἀνάθημα
1402 2174 1461 2225 τὸ
1487 2191 1625 2243 παρ-

84 2258 245 2322 άπαν,
277 2241 390 2312 οὖδὲ
422 2262 669 2333 φύτευμα
700 2263 807 2333 (74)
844 2263 1135 2327 παντελῶς,
1169 2265 1288 2317 οὐδὲ
1309 2241 1423 2317 οἷον
1452 2241 1623 2316 diccb-

79 2347 241 2418 δες,ή
287 2366 334 2400 τι
374 2350 625 2404 τοιοῦτον.
660 2353 999 2424 Διατρίϐουσι
1038 2353 1082 2406 δ’
1127 2355 1185 2406 ὲν
1224 2353 1369 2421 αὑτῷ
1403 2355 1620 2418 καὶτὰς

81 2438 271 2502 νύκτας
296 2442 383 2493 καὶ
413 2442 510 2505 τὰς
543 2444 748 2516 ἡμέρας
780 2446 959 2517 ἱερεῖς,
994 2446 1210 2514 ἁγνείας
1249 2446 1398 2508 τινὰς
1427 2446 1620 2513 ἁγνεύ-

81 2547 237 2596 οντες,
273 2536 365 2586 καὶ
400 2535 463 2587 τὸ
492 2537 743 2607 παράπαν
774 2533 913 2591 οἶνον
944 2541 1002 2593 ού
1032 2539 1271 2601 πίνοντες
1317 2538 1425 2609 (75)
1458 2541 1513 2590 ἐν
1544 2537 1619 2607 τῷ

89 2623 249 2694 ἱερῷ.»
282 2626 465 2680 Ταῦτα
494 2629 677 2693 εἰπὼν,
714 2630 935 2697 ὐποὸὰς,
965 2635 1046 2686 ὅτι
1077 2633 1168 2685 καὶ
1202 2632 1524 2702 Ἀλεξάνδρῳ
1546 2631 1620 2702 τῷ

92 2714 275 2787 βασιλεῖ
307 2722 847 2793 συνεστρατεύσαντο,
880 2726 972 2777 καὶ
1008 2724 1142 2795 μετὰ
1171 2725 1340 2778 ταῦτα
1368 2728 1477 2787 τοῖς
1508 2725 1619 2777 δια-

86 2808 238 2878 δόχοις
280 2810 465 2877 αὑτοῦ,
509 2814 941 2885 μεμαρτύρηκεν.
971 2810 1065 2879 Οἷς
1102 2816 1146 2869 δ’
1192 2818 1351 2882 αὐτὸς
1382 2836 1621 2889 παρατυ-

83 2902 184 2968 χεῖν
214 2918 394 2973 φησιν,
430 2904 519 2956 ὑπ’
540 2904 726 2975 ἀνδρὸς
756 2905 1003 2957 Ἰουδαίου
1039 2906 1175 2958 κατὰ
1206 2908 1301 2977 τὴν
1337 2909 1619 2979 στρατείαν

80 2990 392 3059 γενομένοις,
440 2993 593 3047 τοῦτο
643 2987 1045 3066 παραθήσομαι.
1096 2995 1255 3062 Λέγει
1311 2997 1365 3048 δὲ
1413 2996 1611 3060 οὕτως·

84 3098 99 3128 ι
146 3080 302 3149 Ἐμοῦ
338 3080 467 3149 γοῦν
504 3084 594 3139 ἐπὶ
634 3084 733 3156 τὴν
777 3084 1040 3155 Ἐρυθρὰν
1073 3083 1340 3137 θάλασσαν
1380 3085 1616 3155 βαδίζον-

79 3187 179 3233 τος,
213 3174 586 3242 συνηκολούθει
622 3193 706 3239 τις
755 3176 891 3246 μετὰ
928 3176 1031 3228 τῶν
1073 3177 1241 3230 ἄλλων
1292 3177 1397 3229 τῶν
1444 3195 1616 3251 παρα·-

1726 2092 1855 2131 vero
1886 2077 2188 2132 duodecim.
2242 2076 2440 2153 Praeter
2482 2078 2585 2133 hoc
2632 2079 2822 2147 altare,
2856 2080 3045 2152 ingens
3084 2083 3262 2137 taber-

1728 2168 1975 2221 naculum
2011 2176 2113 2233 est,
2146 2184 2253 2238 quo
2281 2179 2333 2222 et
2360 2184 2449 2222 ara
2511 2177 2562 2222 et
2609 2170 2989 2226 candelabrum
3019 2174 3265 2228 contine-

1725 2267 1834 2323 tur,
1865 2268 2149 2328 utrumque
2179 2275 2425 2323 aureum,
2454 2260 2704 2329 ponderis
2732 2263 3050 2318 talentorum
3074 2264 3261 2325 duum,

1726 2349 1813 2402 ubi
1850 2350 2027 2402 lumen
2056 2350 2436 2403 inexstinctum
2461 2352 2576 2405 dies
2603 2361 2899 2422 noctesque
2931 2354 3265 2408 continenter

1725 2442 1891 2496 ardet.
1951 2441 2168 2496 Nullum
2205 2443 2276 2496 ibi
2311 2444 2682 2511 simulacrum,
2714 2445 3261 2499 donarium'omnino
3362 2510 3363 2515 η

1723 2536 1952 2600 nullum,
1988 2536 2226 2606 adeoque
2267 2551 2365 2590 nec
2408 2536 2611 2605 planta,
2646 2553 2745 2592 nec
2784 2538 2960 2605 lucus,
2990 2553 3089 2591 nec
3119 2538 3264 2592 aliud

1722 2627 2012 2696 quidquam
2042 2626 2327 2697 ejusmodi.
2364 2625 2685 2683 Sacerdotes
2718 2628 2772 2682 in
2817 2644 2882 2684 eo
2927 2636 3087 2684 noctu
3122 2629 3265 2698 pari-

1721 2725 1801 2772 ter
1828 2726 1987 2786 atque
2015 2718 2248 2773 interdiu
2280 2718 2503 2785 assidui,
2538 2720 2699 2774 certis
2729 2720 3051 2789 quibusdam
3079 2719 3265 2788 expia-

1718 2810 1957 2865 tionibus
1986 2811 2115 2865 dant
2142 2825 2395 2879 operam;
2438 2826 2573 2880 quos
2614 2813 2667 2865 in
2717 2813 2914 2880 templo
2938 2812 3120 2864 vinum
3153 2828 3253 2881 gu-

1720 2912 1860 2956 stare
1888 2901 2062 2957 nefas.
2104 2921 2121 2954 »
2142 2901 2277 2955 Tum
2306 2916 2625 2971 progressus
2654 2902 2897 2965 ulterius,
2922 2902 3137 2956 eosdem
3160 2903 3261 2957 sub

1718 2993 2022 3049 Alexandro
2054 2994 2280 3064 ejusque
2319 2993 2727 3048 successoribus
2778 2993 3040 3049 militasse
3091 3002 3254 3047 testa-

1719 3092 1823 3139 tur.
1882 3084 2013 3139 Mihi
2060 3100 2206 3150 vero,
2243 3085 2385 3155 quod
2438 3084 2492 3138 in
2546 3086 2646 3139 ista
2695 3084 3048 3155 expeditione,
3090 3086 3251 3139 homio

1717 3175 1801 3231 nis
1830 3192 1947 3232 sese
1970 3175 2136 3231 Judaei
2168 3176 2370 3231 factum
2412 3177 2582 3231 oculis
2616 3178 2892 3246 aspexisse
2934 3192 3260 3232 commemo-

81 3264 386 3332 mpxdvzwv
431 3268 578 3336 ἡμᾶς
610 3268 813 3321 ἱππέων
860 3269 1138 3332 Ἰουδαίων,
1168 3270 1334 3339 ὄνομα
1365 3270 1616 3339 Μοσόμα-

1720 3274 1818 3330 rat,
1855 3267 2098 3335 ipsismet
2145 3266 2289 3320 illius
2321 3268 2500 3321 verbis
2546 3266 2745 3319 referre
2766 3266 2898 3321 satis
2926 3268 3051 3323 erit.
3080 3285 3097 3317 ι
3128 3265 3255 3321 Pcr-

87 3374 173 3425 μῦς
206 3356 331 3428 (76),
379 3358 662 3429 ἅνθρωπος
707 3358 885 3422 ἱκανὸς
925 3358 1034 3428 (77)
1081 3360 1220 3414 κατὰ
1271 3362 1369 3431 τὴν
1422 3360 1617 3431 ψυχὴν,

86 3448 350 3519 εὔρωστος,
384 3452 476 3504 καὶ
505 3451 723 3521 τοξότης
756 3451 859 3503 ὑπὸ
903 3451 967 3521 δὴ
1013 3452 1226 3505 πάντων
1255 3454 1618 3524 ὁμολογούμε-

89 3556 171 3603 νος
198 3543 281 3595 καὶ
320 3543 425 3595 τῶν
459 3541 723 3615 Ἑλλήνων
768 3544 859 3595 καὶ
902 3544 1010 3595 τῶν
1054 3543 1336 3613 βαρὸἀρων
1381 3546 1615 3615 ἄριστος.

92 3624 241 3695 Οὗτος
279 3632 363 3688 οὖν
415 3638 444 3689 ὀ
489 3635 789 3706 ἄνθρωπος,
834 3634 1152 3703 βαδιζόντων
1212 3636 1419 3689 πολλῶν
1480 3637 1619 3690 κατὰ

84 3725 172 3793 τὴν
217 3726 349 3789 ὁδὸν,
401 3730 494 3781 κα)⁵
552 3727 794 3798 μάντεώς
849 3746 990 3791 τινος
1042 3728 1464 3799 ὀρνιθευομένου,
1528 3730 1618 3783 καὶ

78 3815 274 3878 πάντας
332 3819 565 3887 ἐπισχεῖν
616 3819 905 3883 ἀξιοῦντος,
940 3816 1187 3889 ἠρώτησε
1232 3818 1317 3872 διὰ
1358 3819 1411 3871 τί
1455 3837 1618 3891 προσ-

79 3909 315 3977 μένουσι.
361 3910 630 3973 Δείξαντος
680 3910 735 3963 δὲ
781 3910 872 3963 τοῦ
926 3909 1166 3981 μάντεως
1218 3910 1363 3982 αὐτῷ
1408 3911 1496 3965 τὸν
1528 3912 1618 3981 δρ-

74 3999 217 4060 νιθα,
241 4000 332 4051 καὶ
360 4001 630 4069 φήσαντος,
664 4001 759 4052 ἐὰν
795 4002 891 4069 μὲν
924 4000 1084 4054 αὑτοῦ
1120 4003 1273 4073 μένῃ,
1296 4004 1616 4075 προσμένειν

74 4088 340 4158 συμφέρει
380 4090 563 4143 πᾶσιν·
615 4088 707 4141 ἐὰν
756 4089 812 4141 δὲ
844 4090 1079 4153 ἀναστὰς
1123 4092 1202 4152 εἰς
1244 4090 1615 4162 τοῦμπροσθεν

72 4180 317 4251 πέτηται,
349 4184 601 4254 προάγειν
618 4199 632 4212 ·
665 4181 759 4235 ἐὰν
782 4181 838 4234 δὲ
863 4183 943 4247 είς
966 4182 1026 4234 τὸ
1056 4180 1294 4245 ὄπισθεν,
1318 4184 1613 4255 ἀναχωρεῖν

75 4350 175 4399 τος,
207 4335 543 4406 ﬂammam,
572 4336 649 4406 τῷ
684 4334 887 4405 βασιλεί
912 4333 1259 4404 συνακμάσας
1290 4332 1365 4402 (id
1398 4341 1497 4406 est,
1526 4335 1617 4403 qui

79 4405 162 4456 sub
184 4403 476 4459 Alesandro
493 4403 693 4473 ﬂoruit,
719 4422 847 4470 non,
879 4414 938 4459 ut
966 4403 1207 4473 interpr.,
1243 4420 1358 4455 cum
1384 4403 1613 4456 Alexan~

76 4475 166 4526 dra
191 4477 437 4546 nutritus)
490 4478 585 4529 καὶ
625 4476 941 4546 Πτολεμαίῳ
988 4474 1067 4545 τῷ
1128 4474 1306 4546 Λάγου
1352 4474 1611 4546 συγγενό-

74 4562 252 4615 μενος,
285 4546 346 4598 οὐ
397 4543 721 4616 παρέργως,
768 4543 923 4599 ἀλλα
951 4543 1075 4616 περ)¹
1120 4543 1294 4616 αὐτῶν
1351 4544 1611 4616 Ἰουδαίων

74 4617 403 4687 συγγέγραφε
436 4614 669 4687 βιὸλίον,
700 4624 802 4669 ete.
843 4616 979 4671 Tum
1011 4614 1063 4686 p.
1098 4616 1233 4669 1049
1263 4614 1437 4687 locum
1468 4615 1610 4670 hunc

76 4663 399 4756 ῖεέιίίεἰῗεῐῖε
428 4663 1041 4756 trotidern'reprresentatr
1057 4705 1069 4739 :
1112 4702 1211 4739 nec
1248 4684 1468 4739 dubium
1505 4696 1607 4749 est,
1642 4663 1687 4720 υ

73 4759 185 4821 quin
215 4753 487 4813 Eusebius
514 4772 578 4809 ex
606 4753 839 4823 Josepho
861 4757 1202 4825 descripserit
1228 4772 1241 4807 :
1274 4767 1329 4809 ut
1364 4765 1504 4825 patet
1544 4773 1609 4810 ex

70 4827 244 4891 paucis
293 4827 545 4883 versibus
590 4826 681 4895 qui
727 4826 885 4895 paulo
933 4824 1069 4894 post,
1116 4843 1232 4895 cap.
1279 4827 1329 4879 9.
1382 4824 1608 4879 Hecataei

69 4897 216 4951 verba
272 4899 624 4953 intercidunt.
667 4896 819 4949 Alius
873 4895 975 4949 fuit
1028 4895 1306 4950 Hecatmus
1351 4895 1607 4961 Milesius,

64 4964 311 5035 Abderita
340 4968 624 5032 vetustior,
656 4967 721 5021 de
752 4980 858 5035 quo
886 4965 1051 5027 infra,
1086 4982 1137 5035 p.
1176 4967 1295 5019 466.

124 5034 231 5105 (69)
266 5036 670 5105 Ἰερουσαλήμ.
694 5034 908 5103 Ioseph.
944 5034 1287 5091 hanc’vocem
1312 5052 1419 5089 non
1446 5051 1613 5105 agno-

63 5106 173 5230 “ait,
205 5116 269 5187 et_
308 5117 455 5161 recte
484 5127 497 5161 :
524 5124 648 5162 nam
691 5106 849 5177 paulo
900 5114 1042 5175 post,
1088 5122 1281 5161 nomen
1335 5106 1609 5163 Hecataeus

63 5190 85 5227 ε
126 5185 323 5230 mnmt.

58 5176 323 5230 adiunait.

119 5193 672 5316 (ξδῗιῆεντήκοντα.
718 5243 1285 5317 Timocharesinira,
1334 5247 1606 5317 pag.452,

58 5315 417 5388 quadraginta
472 5318 646 5388 solum
691 5319 751 5388 _ei
804 5318 989 5371 tribuit
1030 5330 1045 5365 :
1086 5315 1611 5388 ibidemque—Syria:

57 5386 291 5454 lcusor,
326 5397 531 5443 tantum
561 5386 647 5439 37.
686 5386 907 5441 Diverso
949 5396 1185 5454 tempore
1223 5386 1468 5440 diversus
1488 5386 1610 5440 am-

57 5458 357 5538 bitus_csse
374 5456 587 5538 potuit.
600 5455 925 5538 Quanquam
957 5456 1321 5538 testimonium
1336 5455 1417 5534 ει)
1442 5456 1609 5538 licca-

55 5536 153 5584 tao
195 5525 475 5591 Iosephus
503 5537 558 5580 et
595 5525 895 5591 Eusebius,
931 5542 1039 5581 non
1078 5525 1371 5580 testimonii
1409 5526 1522 5582 reb.
1552 5529 1607 5582 iu

54 5600 259 5654 θεοῦ).
291 5596 356 5651 τδ
376 5596 604 5669 ,ἀκριϐές
625 5596 927 5669 exigebant.

117 5669 234 5741 (71)
524 5667 824 5737 μυριάδες.
866 5667 1092 5741 Centum
1123 5676 1181 5741 et
1218 5667 1404 5738 viginti
1431 5667 1608 5741 homi-

56 5753 180 5794 num
204 5738 410 5809 millia,
436 5752 544 5792 non
574 5746 794 5809 centum
817 5745 872 5791 et
894 5740 1301 5809 quinquaginta,
1340 5747 1399 5793 ut
1441 5738 1606 5795 inter-

53 5808 420 5878 μεμισθαρὴί
448 5808 626 5863 vertit.
674 5852 679 5857 .
914 5877 917 5878 ν
1006 5808 1059 5878 ώ⁷
1144 5808 1159 5809 ί
1560 5844 1565 5845 ν

116 5879 233 5947 (72)
262 5876 587 5948 Πέρισολος
619 5880 861 5949 λίθινος.
896 5877 973 5933 Ad
1004 5876 1281 5949 Templum
1312 5881 1411 5935 ista
1441 5881 1605 5949 perti-

116 5899 233 5947 (ιι)
262 5899 587 5948 ιωριοολος
619 5899 809 5933 ,ιισινο
851 5920 861 5931 .
896 5899 973 5933 ιω
1014 5899 1281 5949 templum
1312 5899 1411 5935 ISta
1441 5899 1605 5949 peru-

53 5958 177 6004 aent
200 5992 219 6017 ,
260 5965 375 6020 quo
407 5949 475 6005 de
504 5989 520 6015 ,
553 5964 673 6020 qua
717 5951 783 6005 ad
812 5899 1047 6006 ilecataei
1094 5961 1145 6005 et
1187 5951 1461 6024 Eupolemi
1485 5968 1606 6008 seu-

1718 3359 1881 3428 genti,
1914 3358 2111 3428 inquit,
2135 3358 2264 3411 mihi
2294 3357 2359 3413 ad
2390 3372 2537 3411 mare
2585 3356 2849 3424 Rubrum,
2884 3373 3005 3413 cum
3053 3359 3262 3414 caeteris

1718 3451 1987 3521 equitibus
2011 3450 2228 3516 Judmis,
2273 3466 2410 3521 quos
2456 3450 2661 3506 itineris
2711 3452 2877 3507 duces
2908 3451 3258 3516 habebamus,

1717 3560 1859 3598 unus
1886 3558 2073 3607 eorum
2122 3543 2320 3613 aliquis
2350 3543 2727 3609 comitabatur,
2774 3542 3140 3619 Mosomamus
3164 3558 3259 3596 no-

1718 3636 1882 3700 mine,
1932 3635 2013 3687 vir
2044 3649 2167 3688 cum
2202 3636 2366 3688 animi
2390 3636 2757 3704 magnitudine
2784 3650 2849 3689 ac
2877 3634 3111 3699 solertia,
3144 3643 3258 3686 tum

1717 3724 1961 3794 corporis
2000 3724 2194 3779 robore
2242 3740 2351 3777 non
2397 3724 2624 3793 vulgari,
2675 3723 2921 3793 idemque
2952 3724 3271 3794 sagittarius

1716 3818 1956 3871 omnium
1987 3825 2094 3871 tam
2125 3815 2434 3872 Graecorum
2467 3831 2629 3885 quam
2657 3816 3015 3871 Barbarorum
3049 3815 3261 3870 confuso

1716 3910 1866 3965 sione
1889 3910 2266 3979 peritissimus.
2300 3909 2369 3975 ls,
2403 3925 2526 3965 cum
2558 3908 2625 3962 ad
2660 3908 2797 3964 vatis
2836 3907 3116 3977 cujusdam
3164 3924 3271 3959 au-.

1716 4003 1867 4073 guria
1903 4003 2164 4071 captantis
2201 4018 2404 4066 vocem,
2461 4002 2708 4054 universa
2757 4014 2966 4063 eorum,
3019 3998 3110 4067 qui
3144 4009 3258 4052 tum

1716 4095 1815 4149 iter
1848 4096 1976 4150 illud
2029 4095 2277 4164 agebant,
2324 4095 2611 4147 multitudo
2653 4100 2871 4161 repente
2921 4091 3259 4157 subsisteret,

1714 4194 1885 4255 rogat,
1920 4200 2182 4254 quorsum
2241 4187 2293 4239 id
2340 4184 2507 4239 ﬁeret.
2562 4184 2807 4239 Ostendit
2845 4191 3022 4238 autem
3065 4197 3265 4253 augur,

1714 4355 1852 4401 sum.
1891 4339 2025 4411 infra
2062 4356 2180 4411 pag.
2208 4340 2310 4394 447
2330 4348 2383 4394 et
2426 4356 2542 4411 seq.
2588 4342 2888 4397 necessaria
2912 4342 3252 4397 videbuntur.

1785 4412 1892 4492 (73)
1939 4410 2264 4492 ’.ιδτμῄτίιῃςζ
2286 4420 2386 4466 etc.
2415 4410 2629 4492 Joseph.
2657 4414 2756 4467 οὐκ
2786 4417 2849 4492 εκ
2882 4413 3115 4483 τμητῶν,
3146 4413 3254 4465 ἀλλ’

1714 4482 1776 4534 ἐκ
1822 4482 1929 4534 τῶν
1962 4482 2143 4554 ἀργῶν
2186 4482 2344 4535 λίθων
2368 4523 2381 4545 ,
2418 4486 2615 4537 rectius
2648 4482 2957 4554 utividetur
2980 4482 2998 4535 ξ
3037 4498 3157 4535 nam
3205 4493 3259 4535 et

1716 4554 2091 4607 Deuteronom.
2124 4569 2291 4615 xxvu,
2332 4554 2383 4616 5,
2415 4554 2674 4606 habetur:
2712 4553 2785 4606 De
2816 4554 3095 4620 lapidibus,
3129 4568 3255 4619 quos

1715 4624 1908 4689 ferrum
1942 4640 2043 4676 non
2077 4624 2269 4691 tetigit.
2300 4632 2348 4674 et
2380 4623 2441 4673 de
2470 4625 2613 4675 saxis
2644 4624 2974 4691 informibus,
3004 4632 3052 4674 et
3088 4622 3255 4687 impo—

1712 4694 1856 4755 litis;
1889 4692 2053 4747 Josue
2102 4708 2220 4753 vm,
2250 4692 2309 4760 3i
2342 4710 2354 4743 :
2406 4691 2478 4743 De
2506 4692 2765 4759 lapidibus
2809 4691 3093 4760 impolitis,
3126 4708 3259 4760 quos

1712 4764 1908 4829 ferrum
1935 4779 2035 4815 non
2068 4762 2253 4832 tetigit.
2279 4759 2544 4832 Josephus
2573 4762 2664 4815 lib.
2692 4777 2734 4832 ιι
2760 4781 2771 4815 :
2810 4759 2903 4814 Ἐκ
2932 4760 3089 4814 λίθων
3119 4759 3255 4832 συμ-

1714 4833 1932 4903 μίκτων,
1978 4832 2037 4883 οὑ
2074 4830 2519 4903 λελατομημένων
2562 4835 2625 4884 ὲκ
2667 4831 2903 4903 σιδήρου,
2947 4840 3000 4885 et
3034 4833 3126 4886 lib.
3159 4830 3207 4886 Iv
3239 4854 3252 4887 :

1724 4902 1814 4953 Ἐκ
1840 4901 1996 5023 ᾅδων
2028 4899 2102 4970 μὴ
2150 4899 2643 4972 κατειργασμένων,
2691 4899 2823 4957 ἀλλᾶ
2854 4904 3083 4974 λογάδην
3129 4921 3258 4971 συγ-

1724 4989 1837 5023 ιιειυ.
1898 4987 1989 5023 ων.

1711 4987 1989 5023 κειμενων.

2116 5041 2399 5111 φύτευμα.
2433 5041 2811 5116 Deuteronom,
2841 5060 2957 5105 ινι,
2988 5044 3049 5097 21
3086 5060 3098 5095 :
3134 5042 3253 5116 Non

1710 5112 1985 5183 plantabis_
2017 5112 2213 5183 lacum,
2257 5124 2305 5166 et
2349 5129 2547 5166 omnem
2581 5112 2838 5179 arborem,
2880 5116 3038 5183 juxta
3069 5114 3254 5166 'altare

1711 5182 1921 5234 Domini
1955 5181 2046 5233 Dei
2079 5183 2177 5234 tui.
2709 5222 2715 5228 .

1780 5250 1887 5321 (75)
1917 5247 2095 5312 uiror
2116 5254 2186 5306 οὐ
2213 5254 2502 5317 πίνοντες.
2536 5252 2763 5308 Levitici
2785 5270 2835 5314 ς,
2860 5256 2891 5309 9
2919 5272 2930 5305 :
2969 5251 3175 5315 Vinum,
3206 5264 3253 5305 et

1710 5335 1856 5373 omne
1883 5322 2020 5389 quod
2068 5322 2331 5377 inebriare
2368 5330 2554 5391 potest,
2602 5340 2711 5376 non
2751 5324 2932 5377 bibatis
2963 5332 3040 5387 tu,
3074 5334 3123 5374 et
3154 5324 3255 5391 ﬁlii

1712 5392 1807 5454 tui,
1843 5392 2051 5460 quando
2077 5394 2341 5447 intrabitis
2384 5393 2438 5443 in
2490 5390 2903 5446 Tabmaculum
2948 5390 3250 5454 testimonii,

1709 5478 1773 5515 ns
1810 5462 2148 5529 moriemini,
2181 5474 2294 5519 etc.
2335 5460 2580 5516 Ezechiel
2629 5477 2786 5528 xuv,
2818 5463 2889 5516 20
2921 5480 2933 5515 :
2981 5461 3050 5515 Et
3080 5465 3255 5517 parum

1709 5548 1811 5611 non
1843 5532 1976 5611 bibet
2025 5538 2194 5611 omnis
2242 5532 2514 5597 sacerdos,
2545 5534 2752 5602 quando
2801 5536 3128 5605 ingressurus
3176 5545 3253 5587 est

1708 5605 1902 5656 atrium
1928 5605 2166 5658 interius.

1780 5673 1886 5743 (76)
1918 5676 2290 5745 Μοσόμαμος.
2318 5672 2531 5744 Joseph.
2570 5673 2919 5747 Μοσόλλαμος
2939 5717 2956 5746 ,
2985 5686 3038 5733 et
3066 5691 3251 5730 rursus

1710 5742 1832 5798 infr.
1865 5759 1983 5799 οδε.
2016 5745 2139 5799 409.

1708 5758 1832 5798 intr.
1865 5759 1983 5811 pag.
2016 5758 2139 5800 409.

1779 5760 2165 5882 liriaikzrugé,
2192 5824 2293 5871 etc.
2329 5814 2565 5887 Rectius,
2591 5817 2801 5887 opinor,
2834 5830 2995 5887 quam
3030 5826 3087 5870 ut
3111 5813 3249 5885 apud

1707 5882 1920 5955 Joseph.
1959 5886 2153 5949 ἱκανῶς
2180 5888 2316 5941 κατὰ
2346 5886 2519 5957 ψυχὴν
2550 5882 2832 5959 εὔρωστος.
