4022 6342
142 405 308 463 δοες
1387 415 1698 486 ruma.
1745 421 1757 474 ι

1855 419 1989 474 ιΝο.
2019 419 2142 475 LIB.
2177 419 2265 474 lx.
3328 416 3428 473 θοι

150 535 586 604 σννῳκείωτο,
641 536 920 608 παρεδίδου
952 554 1008 590 τι
1049 536 1244 608 μᾶλλον
1276 532 1348 593 ὧν
1383 535 1512 609 εἶχε.
1553 561 1574 593 ›
1607 539 1757 594 Ταῦτι

1855 542 2210 622 _quihusdam
2277 541 2629 612 pltilOSOphiae
2683 539 2943 596 studiosis
2997 549 3318 605 versaretur,
3376 549 3429 595 et

152 623 293 676 καὶ
343 629 377 678 6
413 627 708 696 Κλέαρχος.

1889 645 2078 684 eorum
2115 631 2168 684 in
2202 630 2476 699 sapientiae
2524 636 2728 698 partem
2773 642 2835 682 ac
2869 627 3176 682 societatem
3201 626 3425 679 veniret.

149 717 654 786 Atque,utcum
689 720 934 788 plurimis
973 721 1214 775 doctrina
1273 724 1653 791 przestantibus
1724 722 2056 778 familiariter
2122 723 2348 788 vixerat,
2395 724 2513 793 plus
2562 724 2856 792 aliquanto,
2923 737 3084 791 quam
3139 721 3423 789 acciperet,

153 811 510 868 nobiscum
539 815 626 870 ille
650 814 1096 870 communicabat.
1132 834 1150 866 ι
1189 817 1261 869 Ita
1286 817 1592 874 Clearchus.

739 909 1122 962 ΚΕΦΑΛΑΙΟΝ
1162 913 1249 977 (τ’.

155 1017 566 1090 Κλήμεντος
593 1020 723 1088 περί
762 1019 880 1073 τῶν
917 1023 1457 1090 μνημονευσάντων
1484 1026 1585 1078 τοῦ
1627 1027 1771 1080 Ἰου-

389 1089 571 1143 δαίων
601 1091 829 1156 ἔθνους,
859 1091 974 1144 ἀπὸ
1007 1089 1112 1145 τοῦ
1133 1100 1182 1144 a'
1209 1095 1604 1162 Στρωματέως.

2492 899 2715 956 CAPUT
2752 900 2836 954 Vl.

1884 1021 1958 1076 De
1981 1021 2045 1074 iis
2079 1019 2168 1089 qui
2195 1015 2433 1071 Judairw
2461 1015 3012 1089 gentisﬂmeminerunt,
3043 1029 3105 1066 ex
3141 1011 3421 1076 Clemente,

2410 1086 2577 1152 primo
2609 1084 2892 1140 Stromate.

1947 1203 2125 1272 Atque
2182 1200 2336 1255 istius
2372 1198 2534 1252 etiam
2561 1195 2809 1250 Clemens
2856 1204 3037 1250 noster
3079 1196 3214 1249 libro
3250 1196 3424 1264 primo

1879 1294 2219 1349 Stromutum.
2246 1293 2329 1346 his
2367 1290 2540 1344 verbis
2584 1286 2864 1345 meminit:
2891 1302 2910 1335 ι
2939 1287 3233 1341 Clearchus
3278 1286 3422 1355 peri-

1872 1384 2154 1455 pateticus,
2186 1382 2379 1452 inquit,
2412 1379 2655 1438 Judaeum
2691 1377 2998 1454 quemdam,
3025 1380 3116 1447 qui
3143 1393 3266 1436 cum
3302 1379 3425 1430 Ari-

1871 1475 2059 1538 stotele
2089 1483 2335 1530 versatus
2365 1480 2466 1536 est,
2500 1472 2594 1526 abs
2639 1486 2756 1526 sese
2801 1471 2974 1525 visum
3028 1485 3146 1524 esse
3187 1485 3424 1523 commc-

259 1198 492 1253 Τούτου
544 1201 599 1255 δὲ
659 1203 978 1273 μνημονεύει
1021 1204 1113 1256 καὶ
1166 1207 1192 1257 6
1242 1205 1501 1276 ἡμέτερος
1549 1208 1774 1278 Κλήμης

158 1287 242 1338 ὲν
290 1289 388 1358 τῷ
421 1289 616 1360 πρώτῳ
630 1292 1056 1361 Στρωματεῐηδϋ
1079 1287 1151 1346 ὧν
1172 1294 1343 1347 ταῦτά
1370 1297 1775 1368 φησι’‹¹Κλέαρ-

166 1393 294 1445 χος
340 1378 455 1445 (85)
487 1378 529 1431 δ’
572 1382 599 1432 6
652 1381 1069 1451 περιπατητικὸς
1102 1384 1292 1436 εἰδέναι
1331 1384 1439 1452 (86)
1475 1402 1542 1452 φτ,
1651 1403 1770 1438 τινα

184 1467 567 1532 Ἰουδαῖον,ὃς
599 1470 946 1541 Ἀριστοτέλει
975 1474 1446 1539 συνεγένετο.›Καὶ
1472 1476 1585 1544 μεθ’
1611 1461 1783 1547 ἕτερα

172 1558 475 1626 ἐπιλέγει·
495 1579 513 1611 ι
537 1560 755 1631 Νουμᾶς
780 1563 836 1615 δὲ
868 1565 896 1614 6
930 1564 1208 1633 Ῥωμαίων
1245 1565 1490 1635 βασιλεὺς
1529 1566 1766 1635 πυθαγόο

178 1666 361 1718 pcto;
393 1652 486 1721 μὲν
532 1647 599 1721 ἦν
635 1653 762 1721 (87),
797 1656 859 1705 ὲκ
897 1654 946 1705 δὲ
979 1655 1085 1706 τῶν
1136 1656 1407 1719 Μωῦσὲως
1450 1657 1763 1729 ὠφεληθεὶς,

179 1741 536 1795 διεκώλυσεν
569 1745 931 1816 ἀνθρωποειδῆ
968 1748 1057 1799 καὶ
1087 1745 1397 1818 ζωόμορφον
1429 1750 1608 1803 εἰκόνα
1633 1751 1765 1803 Θεοῦ

1870 1574 2064 1619 morat.
2104 1583 2122 1616 ι
2151 1563 2402 1632 ldemque
2453 1563 2722 1630 pluribus,
2779 1560 3052 1616 nonnullis
3102 1562 3419 1629 interjcctis,

1875 1676 1894 1709 ι
1923 1656 2119 1719 Numa,
2167 1655 2363 1726 inquit,
2407 1652 2777 1707 Romanorum
2807 1669 2922 1716 rex,
2956 1661 3012 1706 ut
3049 1652 3424 1721 pythagorzeus

1872 1745 2053 1810 fuerit,
2083 1746 2225 1799 hunc
2251 1743 2438 1798 saltem
2471 1742 2714 1814 Moysise
2741 1742 2956 1810 scriptis
2993 1741 3226 1818 fructum
3258 1744 3419 1810 cepit,

195 1830 523 1902 Ῥωμαίους
574 1835 791 1899 κτίζειν.
844 1838 927 1888 Ἐν
974 1837 1101 1904 γοῦν
1156 1840 1345 1892 ἑκατὸν
1394 1841 1486 1892 καὶ
1538 1841 1757 1912 ἐϐδομή-

1869 1837 1944 1890 uti
1973 1836 2245 1890 Romanos
2295 1850 2325 1888 a
2361 1833 2453 1888 Dei
2492 1833 2783 1887 simulacro
2820 1833 2898 1886 vel
2941 1831 2994 1884 in
3028 1831 3284 1895 hominis,
3339 1833 3420 1885 vel

175 1939 377 1974 κοντα
427 1928 536 1987 τοῖς
589 1926 819 1996 πρώτοις
868 1927 1041 1991 ἔτεσι,
1102 1933 1257 1993 ναοὺς
1316 1932 1764 2003 οἰκοδομούμενοι,

170 2012 430 2083 ἄγαλμα
452 2016 597 2068 οὐδὲν
625 2018 745 2070 οὗτε
775 2019 1021 2082 πλαστὸν,
1052 2019 1172 2072 οὔτε
1208 2023 1310 2092 μὴν
1332 2024 1570 2093 γραπτὸν
1594 2026 1769 2094 ἐποιή-

178 2119 392 2156 σαντο.
442 2106 806 2160 Ἐπεδείκνυτο
837 2109 942 2180 γὰρ
995 2111 1172 2172 αὐτοῖς
1205 2113 1232 2163 6
1279 2112 1496 2180 Νουμᾶς
1542 2112 1605 2164 δι’
1634 2112 1765 2164 ἀπο-

176 2195 484 2265 τρύψεως,
516 2198 589 2260 ὼς
619 2201 716 2251 οὐκ
760 2201 1065 2270 ἐφάψασθαι
1102 2202 1195 2254 τοῦ
1241 2202 1511 2272 βελτίστου
1544 2204 1762 2257 δυνατὸν

169 2283 441 2356 γλώττῃ,
466 2287 606 2358 μόνῳ
627 2289 682 2341 δὲ
712 2290 788 2360 τῷ
816 2291 908 2360 νῷ.
938 2294 1083 2344 »Ἔτι
1108 2294 1240 2363 πρὸς
1259 2293 1463 2356 τούτοις
1485 2294 1606 2363 ἑξῆς
1635 2295 1762 2347 ὑπο-

172 2375 326 2442 ϐὰς,
362 2378 484 2430 τάδε
518 2379 674 2449 φησί’
711 2398 729 2430 ι
753 2382 1106 2452 Φανερώτατα
1139 2384 1194 2436 δὲ
1217 2384 1565 2455 Μεγασθένης
1589 2388 1616 2438 6
1639 2403 1764 2453 συγ-

172 2472 470 2539 γραφεὺς,
497 2474 524 2524 ό
554 2471 795 2541 Σελεύκῳ
821 2473 896 2542 τῷ
925 2476 1593 2547 Νικάνορισυμὸεϐιωκὼς,
1613 2479 1668 2528 ὲν
1697 2481 1759 2548 τῇ

176 2560 365 2630 τρίτῃ
413 2561 518 2614 τῶν
568 2561 819 2616 Ἰνδικῶν
873 2558 973 2617 ὧδε
1021 2567 1252 2636 γράφει·
1292 2570 1534 2621 ’Ἃπαντα
1583 2569 1760 2638 μέντοι

180 2650 271 2703 τὰ.
293 2654 418 2722 περὶ
448 2654 656 2722 φύσεως
685 2657 943 2725 εἰρημένα
970 2659 1120 2727 παρὰ
1145 2663 1254 2722 τοῖς
1283 2661 1521 2732 ἀρχαίοις
1549 2662 1760 2729 λέγεται

182 2739 300 2794 καὶ
352 2745 499 2812 παρὰ
543 2748 652 2808 τοῖς
685 2745 786 2809 ἔξω
830 2748 928 2817 τῆς
986 2748 1239 2812 Ἑλλάδος·
1284 2751 1656 2819 φιλοσοφοῦσι·
1693 2752 1759 2803 τὰ

180 2831 306 2901 μὲν
333 2836 480 2904 παρὰ
511 2839 621 2896 τοῖς
665 2838 841 2900 Ἰνδοῖς
875 2839 978 2891 ὑπὸ
1009 2841 1115 2891 τῶν
1148 2842 1499 2912 Βραχμάνων,
1533 2842 1596 2894 τὰ
1622 2842 1675 2894 δὲ
1705 2846 1760 2894 ὲν

179 2921 372 2992 Συρίᾳ⁵
431 2924 532 2977 ὑπὸ
575 2926 679 2979 τῶν
713 2927 1053 2998 καλουμένων
1083 2930 1365 2984 Ἰουδαίων.
1403 2951 1420 2983 ›
1455 2933 1572 2982 Ἔτι
1625 2933 1759 3002 πρὸς

175 3009 407 3072 τούτοις
439 3014 465 3063 ὁ
494 3014 721 3085 Κλήμης
764 3015 1166 3085 Ἀριστοϐούλου
1197 3019 1287 3070 τοῦ
1332 3019 1755 3088 περιπατητικοῦ
1805 3080 1810 3084 π

182 3102 294 3153 καὶ
324 3102 625 3172 Νουμηνίου
659 3107 750 3158 τοῦ
791 3107 1149 3181 πυθαγορεξου
1181 3111 1520 3180 μνημονεύει,
1553 3111 1750 3177 λέγων·

1868 1930 1924 1984 in
1959 1928 2276 2000 cujusquam
2321 1927 2612 1980 animantis
2666 1926 2897 1994 speciem
2934 1923 3180 1992 ﬁngendo
3211 1933 3417 1977 averte-

1866 2020 1954 2073 rit.
1989 2020 2245 2088 Adeoque
2273 2019 2401 2073 totis
2439 2019 2627 2073 saltem
2667 2017 2859 2086 primis
2883 2015 3223 2084 septuaginta
3252 2029 3416 2083 supra

1833 2117 2080 2168 .centum
2147 2110 2322 2194 annis,
2377 2108 2573 2176 templa
2614 2107 2831 2175 quidem
2911 2104 3264 2169 aediﬁcarunt,
3316 2105 3407 2159 sed

1865 2201 2067 2254 nullam
2147 2201 2365 2255 omnino
2456 2214 2629 2267 neque
2707 2199 2906 2262 ﬁctam,
2984 2213 3157 2266 neque
3216 2198 3414 2265 pictam

1869 2294 2159 2363 imaginem
2231 2292 2547 2345 intulerunt.
2630 2289 2743 2346 Hoc
2802 2291 2943 2344 enim
2996 2290 3142 2358 ipsos
3206 2289 3418 2343 occulte

1863 2384 2035 2438 Numa
2091 2385 2244 2438 docu'
2390 2399 2454 2436 ιη]
2524 2382 2727 2451 lingua,
2810 2383 2904 2435 sed
2951 2390 3128 2434 mente
3179 2382 3291 2434 sola
3336 2380 3411 2443 id,

1862 2475 2005 2544 quod
2045 2476 2244 2543 cptinu.
2277 2508 2300 2523 η
2361 2481 2465 2537 δεδι,
2501 2471 2689 2541 attingi
2747 2485 2928 2540 posse.
2994 2469 3241 2535 »ηρυῑὺυε
3299 2470 3415 2523 haec

1861 2565 2021 2618 etiam
2051 2566 2300 2633 deinceps
2351 2563 2627 2632 atzjungit:
2661 2579 2678 2612 t
2707 2561 3064 2631 Megasthenis
3094 2571 3290 2626 autem,
3325 2561 3410 2613 in-

1861 2657 1996 2726 quit,
2051 2658 2311 2718 historici,
2348 2656 2440 2724 qui
2494 2670 2617 2709 cum
2675 2653 2902 2709 Seleuco
2951 2653 3218 2706 Nicanore
3254 2652 3405 2713 vixit,

1859 2750 1996 2803 libro
2043 2748 2116 2800 De
2147 2749 2294 2799 rebus
2335 2745 2535 2800 Indicis
2571 2746 2748 2810 tertio,
2777 2746 3113 2799 clarissimus
3145 2745 3229 2797 hic
3263 2747 3411 2798 locus

1859 2848 1941 2893 est
1976 2835 2283 2909 :Quidquid
2331 2837 2396 2890 ab
2459 2835 2699 2904 antiquis
2751 2836 2815 2888 de
2849 2844 3039 2887 natura
3069 2836 3269 2887 dictum
3306 2843 3408 2899 est,

1857 2945 2046 2983 eorum
2077 2932 2237 2981 etiam
2265 2927 2355 2996 qui
2387 2935 2535 2980 extra
2566 2925 2824 2978 Graeciam
2853 2923 3325 2992 philosophantur,
3352 2937 3410 2979 ut

1858 3022 2252 3076 Brachmanum
2300 3018 2440 3091 apud
2480 3016 2662 3081 Indos,
2692 3026 2744 3069 ct
2795 3014 3109 3068 Judazorum
3139 3015 3191 3066 in
3226 3015 3403 3083 Syria,

1857 3127 2106 3166 sermone
2150 3110 2504 3164 celebratur.)
2583 3107 2660 3161 Ae
2712 3121 2904 3160 rursus
2967 3105 3107 3158 idem
3158 3104 3405 3159 Clemens

183 3210 208 3244 ε
239 3193 640 3261 Ἀριστόϐουλος
655 3196 710 3247 δὲ
726 3197 780 3247 ὲν
801 3197 878 3266 τῷ
894 3199 1090 3268 πρώτῳ
1107 3201 1210 3253 τῶν
1229 3203 1380 3267 Πρὸς
1397 3203 1498 3253 τὸν
1514 3200 1755 3268 Φιλομή-

1857 3203 2222 3259 Aristobulum
2269 3201 2673 3270 peripateticum
2719 3208 2773 3250 et
2836 3196 3158 3249 Numenium
3214 3198 3406 3265 pytha-

183 3286 527 3350 τςιέ.›α,·κατὰ
558 3286 698 3350 λέξιν
730 3288 928 3358 γράφει
952 3306 964 3317 ·
996 3292 1443 3362 Κατηκοὶούθηκε
1470 3294 1523 3345 δὲ
1557 3295 1583 3344 ό
1617 3296 1754 3348 Πλα-

184 3391 303 3425 των
329 3377 392 3443 τῇ
421 3374 538 3426 καθ’
559 3379 703 3446 ἡμᾶς
734 3379 1034 3450 νομοθεσία,
1051 3382 1139 3432 καὶ
1161 3384 1385 3450 φανερός
1403 3385 1512 3435 ἐστι
1532 3401 1750 3450 περιερο

187 3465 462 3535 γασμένος
488 3466 692 3521 ἕκαστα
709 3471 811 3522 τῶν
828 3472 882 3522 ὲν
912 3473 1046 3542 αὐτῇ
1071 3472 1388 3540 λεγομένων.
1414 3476 1751 3544 Διηρμήνευ-

191 3575 289 3610 ται
312 3561 362 3613 δὲ
379 3560 483 3631 πρὸ
495 3563 797 3632 Δημητρίου
810 3566 895 3632 ὑφ’
919 3566 1134 3636 ἐτέρων,
1153 3568 1254 3636 πρὸ
1276 3566 1372 3632 τῆς
1409 3566 1752 3635 Ἀλεξάνδρου

189 3654 293 3705 καί
310 3652 525 3724 Περσῶν
539 3652 802 3723 ἐπικρατή
813 3657 1039 3717 σεως,τά
1060 3673 1116 3707 τε
1145 3656 1278 3707 κατὰ
1295 3657 1386 3726 τὴν
1408 3656 1462 3720 ἐξ
1480 3656 1748 3723 Αἰγύπτου

187 3744 472 3816 ἐξαγωγὴν
497 3745 601 3798 τῶν
645 3744 900 3814 Ἐϐραίων
938 3745 1043 3797 τῶν
1075 3747 1351 3816 ἡμετέρων
1381 3747 1627 3812 πολιτῶν,
1659 3749 1749 3802 καὶ

163 3834 230 3900 ,ἡ
271 3833 376 3884 τῶν
423 3835 710 3901 γεγονότων
771 3833 1020 3884 ἁπάντων
1064 3834 1242 3894 αὐτοῖς
1289 3835 1603 3901 ἐπιφάνεια,
1660 3835 1750 3886 καὶ

193 3923 462 3990 κράτησις
492 3925 583 3992 τῆς
610 3923 804 3993 χώρας,
838 3923 1044 3991 καὶτῆς
1071 3921 1196 3990 ὅλης
1225 3924 1537 3990 νομοθεσίας
1563 3925 1750 3994 ἐπεξή-

187 4027 379 4080 γησις.
415 4015 564 4065 Ὥστε
609 4015 824 4085 εύδηλον
857 4009 993 4064 εἶναι
1039 4011 1125 4062 τὸν
1166 4013 1552 4082 προειρημένον
1603 4015 1750 4082 φιλό-

190 4118 358 4167 σοφον
385 4104 650 4172 εἰληφέναι
675 4104 863 4167 πολλά,
886 4102 1076 4170 γέγονε
1095 4101 1200 4172 γὰρ
1225 4101 1553 4172 πολυμαθὴς,
1569 4105 1748 4168 καθὼς

187 4193 289 4244 καὶ
319 4191 631 4263 Πυθαγόρας
662 4194 831 4246 πολλὰ
851 4194 958 4246 τῶν
990 4195 1115 4264 παρ’
1149 4194 1277 4263 ἡμῖν
1307 4193 1640 4264 μετενεγκὼν
1669 4197 1746 4258 εἰς

187 4287 289 4356 τὴν
335 4288 522 4339 ἑαυτοῦ
563 4289 994 4358 δογματοποιίαν.
1031 4289 1329 4358 Νουμήνιος
1358 4287 1413 4339 δὲ
1450 4287 1477 4338 ό
1511 4288 1745 4356 πυθαγο-

188 4375 344 4451 ρικὸς
376 4376 652 4444 φιλόσοφος
690 4381 944 4449 ἄντικρυς
975 4380 1195 4450 γράφει·
1233 4378 1295 4429 Τί
1327 4379 1432 4447 γάρ
1466 4380 1576 4430 ἐστι
1604 4379 1744 4433 Πλά-

183 4481 298 4519 των
324 4464 356 4534 ἢ
417 4467 647 4536 Μωῡσῆς
677 4469 995 4534 ἁττικὶζων;
1036 4488 1053 4521 ι
1093 4469 1271 4522 Ταῦτα
1303 4469 1328 4520 ό
1355 4469 1601 4538 Κλήμης.

1855 3309 2092 3365 goraaum
2135 3292 2318 3346 laudat
2344 3291 2427 3344 his
2450 3290 2670 3347 verbis:
2702 3289 3072 3341 «Aristobulus
3124 3286 3177 3338 in
3230 3288 3404 3353 primo

1853 3402 2062 3450 eorum,
2099 3399 2237 3454 quos
2268 3383 2335 3436 ad
2376 3381 2731 3435 Philometora
2763 3380 2984 3449 scripsit
3023 3380 3168 3432 hunc
3202 3378 3256 3431 in
3289 3394 3404 3431 mo-

1853 3477 1980 3531 dum
2010 3476 2283 3546 loquitur:
2336 3472 2488 3535 Plato
2534 3473 2645 3542 ipse
2677 3487 2893 3542 quoque
2939 3472 3150 3541 reipub.
3198 3485 3402 3526 nostrae

1852 3569 1996 3636 leges
2026 3577 2079 3621 et
2119 3567 2364 3620 instituta
2395 3574 2628 3620 sectatus
2656 3576 2758 3632 est,
2802 3582 2829 3619 a
2862 3582 2969 3635 quo
2999 3574 3179 3634 partes
3212 3581 3401 3619 eorum
3493 3633 3496 3636 ξ

1852 3659 2092 3728 singulas
2141 3658 2358 3715 curiose
2373 3672 2436 3710 ac
2463 3657 2744 3726 diligenter
2774 3658 3042 3726 inspectas
3064 3665 3117 3709 et
3146 3673 3404 3715 excussas

1849 3764 1967 3802 csse
1992 3756 2227 3803 constat.
2249 3746 2382 3799 Nam
2416 3747 2482 3801 ab
2500 3747 2606 3799 alio
2635 3746 2864 3814 quodam
2895 3757 3016 3799 ante
3047 3745 3398 3805 Demetrium,

1850 3840 2093 3907 adeoque
2153 3847 2276 3891 ante
2324 3837 2610 3891 Alexandri
2662 3852 2724 3891 ac
2772 3835 3059 3892 Persarum
3112 3837 3435 3904 imperium.

1849 3945 2108 3985 conversa
2142 3927 2324 3982 Graece
2370 3914 2601 3994 fuerant,
2649 3943 2755 3983 non
2785 3944 2845 3981 ea
2888 3929 3070 3989 modo,
3113 3943 3231 3996 quae
3273 3928 3399 3980 dum

1848 4016 2103 4089 Allgex
2131 4015 2362 4086 Egypto
2393 4014 2599 4070 Hebraei
2651 4018 2791 4070 cives
2821 4017 2991 4070 nostri
3021 4017 3396 4083 educerentur,

1848 4107 1940 4160 sed
1998 4105 2158 4158 etiam
2215 4119 2550 4173 quaecunque
2579 4105 2686 4158 illis
2719 4106 3045 4175 singularem
3099 4108 3162 4161 ad
3197 4107 3397 4162 famam

1846 4197 2076 4266 insignia
2101 4196 2589 4265 contigerunt,tum
2613 4196 3065 4265 quemadmodum
3094 4214 3156 4252 ea
3181 4201 3398 4269 regione

1845 4290 2005 4357 potiti.
2070 4288 2197 4351 sint,
2266 4287 2506 4356 adeoque
2560 4283 2718 4357 Legis
2781 4287 3031 4343 universa
3077 4289 3393 4357 complexio.

1847 4380 2024 4446 Quare
2051 4380 2254 4434 nemini
2286 4379 2509 4434 dubium
2539 4395 2657 4434 esse
2692 4387 2869 4449 potest
2898 4381 3028 4450 quin
3074 4381 3240 4433 multa
3276 4380 3398 4432 indu

1845 4472 2096 4527 laudatus
2116 4471 2467 4541 philosophus
2488 4472 2812 4540 excerpserit
2836 4490 2847 4523 :
2877 4470 3226 4539 plurimarum
3251 4470 3394 4522 enim

183 4573 371 4614 rerum
401 4557 624 4614 scientia
671 4556 870 4623 ﬂoruit,
921 4561 1371 4630 quemadmodum
1423 4571 1476 4613 et
1533 4560 1885 4632 Pythagoras,
1945 4564 2037 4632 qui
2095 4572 2149 4617 et
2183 4563 2296 4632 ipse
2327 4563 2591 4631 permulta
2635 4562 2832 4615 nostris
2866 4577 2895 4613 e
2925 4561 3130 4628 legibus
3155 4561 3208 4612 in
3236 4570 3397 4615 secta

181 4667 304 4707 sua:
357 4662 614 4723 praecepta
669 4654 928 4709 traduxit.
977 4655 1131 4721 Quod
1173 4665 1349 4710 autem
1404 4654 1728 4710 Numenium
1797 4658 2178 4727 philosophum
2224 4657 2628 4726 pythagoricum
2692 4656 2900 4719 attinet,
2950 4654 3220 4722 ipsissima
3282 4654 3396 4709 haec

180 4743 350 4797 verba
381 4745 575 4802 habet:
605 4744 742 4812 Quid
772 4746 915 4799 enim
939 4748 1082 4801 aliud
1105 4747 1254 4803 Plato
1276 4758 1354 4803 est
1383 4765 1542 4818 quam
1569 4747 1778 4820 Moyses
1815 4751 1987 4805 Attica
2020 4750 2199 4818 lingua
2227 4750 2491 4818 loquens?
2528 4768 2545 4798 ι
2582 4747 2755 4817 Atque
2788 4747 2891 4801 ista
2919 4746 3186 4802 Clemens.

1283 4837 1304 4862 ρ

717 4857 1107 4910 ΚΕΦΑΛΑΙΟΝ
1147 4861 1217 4912 Z'.

209 4969 551 5039 Novgnrt'ov
600 4969 703 5023 τοῦ
751 4970 1142 5039 πυθαγορικοῦ
1191 4974 1525 5039 φιλοσόφου
1579 4972 1712 5039 περὶ

337 5031 643 5104 Ἰουδαίων,
673 5039 789 5094 ἀπὸ
818 5031 924 5091 τοῦ
943 5031 993 5090 α’
1017 5038 1134 5091 τῶν
1156 5031 1293 5108 Περί
1321 5031 1592 5110 τάπῖαθοῦ.

249 5149 363 5202 Καὶ
410 5149 570 5201 αὑτοῦ
621 5152 678 5204 δὲ
729 5151 821 5205 τοῦ
866 5151 1226 5223 πυθαγορικοῦ
1288 5155 1592 5224 φιλοσόφου,
1641 5154 1733 5208 τοῦ

184 5238 487 5310 Νουμηνίου
535 5240 693 5309 λέγω,
749 5245 855 5297 ἀπὸ
907 5244 999 5296 τοῦ
1043 5243 1253 5313 πρώτου
1295 5246 1434 5313 Περὶ
1483 5248 1734 5316 τάγαθοῦ

187 5334 309 5387 τάδε
340 5331 748 5403 παραθήσομαι·
775 5355 794 5385 ι
818 5337 909 5399 Εἰς
925 5338 981 5390 δὲ
1007 5337 1160 5389 τοῦτο
1174 5336 1371 5406 δεήσει,
1398 5339 1615 5394 εἰπόντα
1643 5339 1732 5392 καὶ

186 5422 558 5496 σημηνάμενον
588 5425 702 5485 ταῖς
752 5428 1071 5498 μαρτυρίαις
1111 5424 1202 5479 τοῦ
1253 5427 1552 5492 Πλάτωνος,
1601 5431 1729 5483 ἀνα-

250 5598 707 5679 (85).Κλέιιρχος.
756 5600 1004 5660 Clemens
1057 5606 1172 5663 haec
1217 5605 1376 5660 habet
1420 5620 1540 5676 pag.
1600 5607 1724 5672 225,

186 5667 310 5722 edit.
328 5685 330 5688 '
347 5669 679 5724 Graeco-Lat.

249 5738 637 5810 (δωεὶδέναι.
688 5738 915 5794 Dubium
963 5752 1063 5810 est,
1131 5760 1324 5801 eumne
1398 5745 1497 5800 sibi
1549 5746 1722 5801 visum

182 5806 345 5864 luiasc
376 5808 539 5877 dicat,
570 5820 662 5864 aut
692 5821 963 5882 utcunque
987 5806 1280 5885 cognitum.

2425 4859 2650 4914 CAPUT
2691 4859 2802 4915 VII.

1838 4972 1913 5026 De
1941 4970 2167 5038 Iudaeis,
2199 4989 2262 5026 ea;
2296 4971 2544 5027 Numenii
2577 4974 2868 5045 philosophi
2893 4978 3212 5045 pythagorici
3257 4976 3389 5029 libro

2091 5077 2096 5081 -
2354 5045 2524 5111 primo
2555 5045 2632 5098 De
2673 5047 2824 5098 bona.

1910 5155 2068 5210 Libet
2083 5165 2262 5212 autem
2283 5173 2348 5212 ex
2382 5160 2556 5227 primo
2581 5157 2823 5226 ejusdem
2859 5156 3106 5213 Numenii
3128 5156 3204 5209 De
3235 5158 3384 5225 bona,

1837 5249 1982 5305 hunc
2011 5260 2267 5318 praeterea
2298 5250 2476 5305 locum
2506 5250 2775 5318 subjicere
2806 5266 2820 5304 :
2861 5269 2879 5302 ι
2933 5249 3035 5314 Qui
3094 5249 3254 5312 hanc,
3307 5252 3390 5305 in-

1838 5342 1974 5412 quit,
2000 5340 2057 5394 in
2081 5341 2500 5412 disputationem
2542 5341 2821 5410 ingressus
2871 5340 3111 5395 Platonis
3154 5357 3271 5395 eam
3311 5353 3387 5397 lc-

1837 5431 2109 5487 stimoniis
2134 5432 2452 5504 obsignarit,
2484 5431 2728 5486 eamdem
2759 5432 2829 5485 ab
2861 5432 2979 5500 ipso
3032 5446 3248 5501 quoque
3295 5450 3385 5486 su-

1903 5609 2014 5679 (87)
2045 5611 2435 5691 Πυθᾳγόρειος
2461 5608 2572 5678 μὲν
2596 5605 2688 5691 ἦν.
2715 5608 2969 5691 immanis
2993 5611 3058 5691 de
3084 5611 3382 5691 Pythagora

1837 5681 2264 5762 Epoxpokuégn,
2315 5683 2366 5762 in
2422 5695 2529 5749 quo
2565 5681 2777 5762 .mir‘um
2821 5690 2904 5762 est
2947 5683 3105 5736 etiam
3165 5682 3382 5762 haesisse

1832 5750 2180 5807 Clementem.
2219 5750 2291 5807 De
2325 5753 2424 5806 hoc
2457 5758 2509 5804 et
2533 5751 2799 5807 similibus
2829 5752 2918 5807 lib.
2957 5769 2994 5806 ι.
3023 5751 3375 5807 commodius.
