3988 6340
759 473 858 526 719

1378 471 1643 542 EUSEBII
1685 472 2151 526 (ῖίΕςΑιιιιίΝδιδ
2198 472 2345 528 OPP.
2388 472 2567 527 PARS
2607 474 2668 528 ll.
2709 504 2778 515 —-
2818 474 3308 529 APOLOGETICA.
3847 483 3913 539 ’ἶΞῇ

758 600 890 642 trem
940 604 1044 640 non
1092 588 1287 641 acciret
1321 604 1538 640 causam
1578 587 1762 649 fuisse,
1797 589 1862 639 ab
1905 604 1967 640 eo
1996 605 2048 640 re
2075 589 2184 656 ipsa
2213 589 2302 641 de-

2411 588 2594 651 στολὰς
2654 588 2832 640 δοῦναι
2887 591 3096 658 ἑκάστῳ
3159 590 3388 651 διπλᾶς,
3468 591 3543 660 τῷ
3603 592 3657 644 δὲ
3709 592 3914 662 Βενιαμὶν

756 682 1034 740 claratum.
1091 678 1364 732 Fratribus
1405 681 1545 732 enim
1592 680 1723 742 suis,
1762 697 1882 732 eum
1932 681 1995 732 ad
2044 696 2162 733 eum
2199 681 2295 733 ali-

755 771 970 840 quando
997 770 1284 828 venissent,
1332 771 1434 822 hoc
1466 770 1516 822 in
1561 771 1825 824 mandatis
1859 772 2030 838 ipsum
2063 773 2293 834 dedisse,

756 865 853 927 uti,
883 863 924 917 si
958 862 1091 916 forte
1143 879 1170 916 a
1225 879 1346 932 rege
1393 874 1816 928 accerserentur,
1863 866 2056 931 rogati,
2106 866 2295 932 ecquid

755 952 876 1004 vita:
925 966 1093 1020 genus
1143 951 1520 1018 proliterentur
1561 992 1573 1013 ,
1632 953 1784 1019 equis
1849 953 2054 1005 alendis
2108 969 2298 1005 vaeare

756 1057 874 1095 sese
935 1040 1332 1108 responderent.
1405 1039 1775 1107 Benjaminum
1851 1041 1991 1109 quod
2069 1043 2294 1105 attinet,

757 1129 1115 1201 quazsitusn'a
1170 1133 1456 1199 plerisque,
1507 1133 1852 1201 quamobrem
1904 1131 2168 1200 Josepbus
2220 1135 2297 1185 in-

757 1235 836 1277 ter
910 1223 1272 1292 prandendum
1369 1233 1568 1291 partem
1650 1225 1695 1275 ei
1761 1224 2043 1292 quinluplo
2116 1224 2297 1291 singu-

759 1315 823 1368 lis
891 1314 1148 1383 majorem
1218 1315 1414 1382 appoui
1484 1314 1755 1377 voluerit,
1817 1330 1937 1368 eum
2015 1325 2092 1368 tot
2165 1315 2299 1370 cibis

755 1405 1066 1459 adolescens
1125 1419 1220 1471 par
1282 1420 1401 1457 esse
1460 1419 1563 1458 non
1635 1415 1833 1472 posset.
1910 1405 2068 1475 425
2133 1405 2300 1472 Cujus

757 1497 835 1549 rei
903 1495 1040 1548 lianc
1093 1495 1180 1566 ille
1239 1493 1497 1546 rationem
1549 1494 1839 1558 aﬂerebat,
1893 1498 2034 1564 quod
2100 1494 2300 1548 Jacobo

758 1588 893 1655 patri
951 1595 1148 1654 septem
1211 1599 1274 1637 ex
1329 1584 1462 1648 Lia,
1532 1602 1596 1639 ex
1651 1587 1878 1640 Rachele
1948 1584 2074 1640 vero
2131 1599 2300 1642 matre

760 1693 878 1736 sua.
913 1678 1018 1730 duo
1063 1687 1266 1731 tantum
1310 1678 1459 1730 liberi
1511 1678 1616 1730 nati
1661 1689 1872 1742 essent;
1915 1695 2079 1748 eoque
2113 1680 2298 1749 Benja-

759 1769 907 1821 mino
938 1777 1116 1836 partes
1147 1768 1402 1837 quinque,
1433 1768 1531 1821 sibi
1565 1778 1738 1821 autem
1772 1771 1904 1823 duas
1934 1772 2208 1832 tribuisse,
2244 1781 2302 1824 ut

758 1873 878 1910 eum
913 1859 1214 1926 septenario
1263 1858 1371 1910 Liaz
1419 1858 1646 1911 ﬁliorum
1683 1874 1904 1911 numero
1941 1862 2169 1928 partium
2204 1878 2302 1914 nu-

2403 679 2561 729 ςτὲντε
2611 679 2704 729 καὶ
2755 680 3090 746 τριακοσίους
3140 679 3403 748 χρυσοῦς,
3456 681 3548 731 καὶ
3711 685 3913 750 πατρὶ

2402 768 2710 820 ἀποστεῖλαι
2774 769 2913 820 κατὰ
2966 769 3172 832 ταύτὰ,
3255 770 3393 822 ὥστε
3449 771 3538 823 τὸν
3600 769 3744 823 οἷς-ιον
3795 777 3914 827 uita-3

2400 860 2495 928 τῆς
2547 860 2744 928 μητρὸς
2774 857 2908 911 εἶναι
2960 857 3095 911 ἴσον.
3181 862 3411 928 Οἱκῆσαι
3450 863 3505 914 δὲ
3556 865 3752 926 αὐτοὺς
3799 869 3912 935 sui

2403 951 2620 1002 Χαναὰν
2642 992 2655 1014 ,
2714 953 2804 1018 ἀφ’
2837 947 2895 1004 οὗ
2943 952 3225 1020 ἐκλεγῆναι
3269 955 3511 1023 Ἀϐραὰμ
3541 958 3604 1007 ὲκ
3634 958 3738 1007 τῶν
3773 960 3914 1016 aris-La,

2404 1043 2492 1094 καὶ
2521 1042 2790 1110 μετελθεῖν
2811 1045 2887 1104 εἱς
2908 1043 3144 1105 Χαναὰν,
3181 1045 3424 1113 Ἀϐραὰμ
3445 1047 3578 1098 ἐτῶν
3601 1050 3913 1112 εἰκοσιπέντε,

2416 1134 2594 1185 Ἰσαὰκ
2616 1134 2747 1186 ἑτῶν
2770 1134 3026 1202 ἑξήκοντα
3049 1175 3062 1197 ,
3098 1135 3284 1187 Ἰακὼϐ
3307 1138 3438 1188 ἐτῶν
3463 1139 3655 1190 ἑκατὸν
3674 1142 3916 1210 τριάκοντα

2404 1224 2637 1289 γίνεσθαι
2663 1266 2676 1288 ,
2712 1226 2775 1277 τὰ
2806 1227 2978 1277 πάντα
3013 1226 3102 1295 ἔτη
3136 1228 3192 1276 ἐν
3223 1230 3289 1297 γῇ
3322 1230 3538 1281 Χαναὰν
3575 1239 3669 1282 σιε¹
3698 1233 3824 1300 (51)·
3854 1239 3916 1286 21':

2403 1315 2478 1384 τῷ
2505 1316 2671 1386 τρίτῳ
2704 1318 2809 1368 ἔτει
2832 1358 2845 1380 ,
2891 1317 3046 1386 λιμοῦ
3079 1318 3241 1388 οὔσης
3271 1321 3325 1371 ἐν
3358 1323 3614 1392 Αἰγύπτῳ
3636 1366 3648 1387 ,
3681 1325 3837 1376 ἐλθεῖν
3865 1328 3916 1386 εἰς

2405 1407 2669 1474 Αἴγυπτον
2703 1407 2790 1459 τὸν
2831 1407 3018 1459 Ἰακὼϐ
3041 1449 3053 1471 ,
3103 1409 3228 1461 ὄντα
3263 1410 3396 1462 ἐτῶν
3431 1414 3623 1466 ἑκατὸν
3649 1401 3915 1486 τριάκοντα,

2419 1497 2642 1566 Ῥουϐὴν
2683 1496 2816 1549 ὲτῶν
2849 1505 2948 1566 με’,
2988 1497 3245 1567 Συμεῶνα
3297 1499 3428 1551 ἑτῶν
3462 1502 3560 1570 μᾶ,
3621 1505 3775 1555 Asia
3817 1506 3918 1554 ἑτῖὶν

2409 1595 2514 1655 μὶν,
2569 1588 2763 1640 Ἰούδαν
2815 1588 2949 1639 ὲτῶν
2999 1589 3103 1658 μβκ
3154 1589 3333 1658 μηνῶν
3368 1591 3564 1660 τριῶν,
3627 1594 3784 1664 Ἀσὴρ
3818 1597 3916 1647 ἐτιέί.

2563 1687 2645 1746 μ’,
2692 1680 2871 1750 μηνῶν
2903 1681 3074 1743 ὀκτὼ,
3104 1682 3417 1750 Νεφθαλεὶμ
3456 1685 3591 1736 ἑτῶν
3630 1693 3738 1754 μα’,
3776 1688 3919 1754 gnat};

2407 1771 2448 1833 ζ’
2469 1810 2482 1832 ,
2517 1772 2621 1822 Γὰδ
2652 1773 2784 1822 ἐτῶν
2815 1772 2922 1839 μα’,
2960 1773 3138 1842 μηνῶν
3175 1781 3242 1842 γ’,
3275 1775 3552 1826 Ζαϐουλὼν
3585 1777 3717 1828 ἑτῶν
3749 1785 3813 1846 μ’,
3837 1777 3921 1828 Δίς.

2406 1878 2500 1910 ναν
2528 1859 2660 1911 ἐτῶν
2693 1860 2787 1923 λθ’,
2819 1862 3068 1930 Βενιαμὶν
3091 1862 3223 1914 ὲτῶν
3248 1871 3350 1931 κη’.
3386 1863 3485 1915 Τὸν
3515 1865 3571 1916 δὲ
3608 1866 3797 1933 Ἰωσήφ
3824 1883 3920 1932 φησι

759 1965 941 2003 merus
967 1959 1283 2018 aequaretur.
1354 1949 1608 2004 Similiter
1649 1952 1812 2005 stolas
1836 1953 2048 2020 quidem
2080 1955 2302 2022 singulis

2411 1951 2648 2018 γενέσθαι
2681 1954 2735 2002 ἐν
2769 1952 3020 2020 Αἰγύπτῳ
3045 1953 3134 2022 ἔτη
3172 1953 3245 2004 λο¹
3297 1954 3428 2023 (56).
3466 1955 3614 2007 Εἶναι
3645 1957 3697 2007 δὲ
3735 1956 3830 2007 ἀπὸ
3855 1955 3920 2005 τοῦ

760 2041 1020 2107 geminas,
1057 2051 1110 2094 at
1140 2041 1452 2110 Benjamino
1475 2043 1712 2111 quinque
1737 2060 1857 2097 cum
1890 2046 2064 2098 aureis
2098 2056 2302 2099 trecen-

760 2133 831 2184 tis
859 2131 1102 2195 dedisse,
1147 2132 1470 2200 totidemque
1513 2133 1577 2184 ad
1610 2141 1810 2200 patrem
1858 2133 2100 2198 misisse,
2129 2136 2202 2188 uti
2237 2151 2302 2189 ne

760 2237 864 2289 qua
895 2222 945 2273 in
974 2237 1029 2275 re
1056 2231 1292 2274 materna
1325 2221 1526 2275 familia
1561 2224 1708 2276 alteri
1742 2226 2072 2278 concederet.
2137 2227 2303 2278 Crete-

763 2324 903 2370 rum,
929 2325 991 2363 ex
1015 2325 1120 2378 quo
1151 2310 1486 2365 Abrahamus
1517 2311 1779 2367 universis
1810 2328 1836 2366 a
1862 2315 2105 2382 gentibus
2125 2314 2302 2368 divina

760 2406 1038 2459 voluntate
1076 2407 1325 2471 selectus,
1373 2409 1424 2460 in
1454 2415 1650 2461 terram
1680 2406 2034 2462 Chananmam
2074 2410 2302 2477 primum

763 2508 1132 2561 concesserat,
1161 2499 1333 2567 ipsum
1369 2489 1580 2568 quidem
1609 2516 1778 2553 annos
1813 2502 1994 2569 viginti
2045 2503 2302 2570 quinque,

762 2589 1005 2641 lsaacum
1045 2602 1172 2640 vero
1219 2589 1493 2656 sexaginta
1516 2631 1528 2648 ,
1557 2588 1811 2642 Jacobum
1837 2591 2063 2659 denique
2091 2591 2303 2659 triginta

763 2695 924 2747 supra
951 2687 1187 2744 centum,
1236 2680 1427 2732 ibidem
1459 2681 1649 2748 egisse,
1701 2682 1790 2747 qui
1833 2697 2018 2734 omnes
2044 2669 2304 2734 annorum

759 2769 1066 2836 quindecim
1101 2784 1259 2832 supra
1280 2769 1536 2821 ducentos
1563 2785 1828 2822 summam
1855 2770 2102 2823 alliciant.
2139 2769 2308 2838 Atque

766 2860 868 2911 lioe
913 2859 1062 2927 ipso,
1100 2860 1187 2926 qui
1233 2859 1388 2912 famis
1443 2861 1581 2928 apud
1628 2861 1908 2931 Egyptios
1958 2864 2140 2917 tertius
2173 2856 2306 2924 erat,

764 2957 1014 3001 cunctam
1065 2963 1252 3001 eorum
1306 2946 1560 3001 familiam
1604 2949 1654 3001 in
1687 2949 1972 3020 Algyptum
2026 2952 2305 3020 migrasse,

763 3054 886 3094 cum
918 3039 1174 3095 Rubenus
1227 3059 1398 3097 annos
1449 3044 1685 3113 quinque
1741 3059 1901 3110 supra
1955 3043 2308 3111 quadraginta

766 3141 926 3186 natus
959 3142 1121 3199 esset,
1151 3133 1381 3204 Symeon
1422 3145 1652 3204 quatuor
1677 3144 1728 3187 et
1756 3134 2125 3204 quadraginta,
2157 3134 2309 3188 Levi-

767 3237 872 3276 nus
897 3231 1002 3276 tres
1034 3233 1086 3277 et
1112 3227 1482 3294 quadraginta,
1508 3223 1673 3280 Judas
1697 3227 1832 3280 duos
1858 3234 1911 3279 et
1935 3226 2306 3294 quadraginta,

768 3327 891 3364 cum
919 3313 1088 3368 tribus
1117 3314 1334 3384 insuper
1379 3318 1672 3376 mensibus.
1720 3318 1851 3371 Aser
1874 3317 2223 3386 quadraginta
2258 3326 2310 3369 et
2337 3311 2375 3331 υ

773 3419 984 3458 menses
1027 3413 1184 3471 octo,
1214 3404 1620 3475 Nephthalimus
1669 3425 1831 3462 unum
1861 3421 1912 3463 et
1955 3410 2309 3478 quadraginta

776 3510 1093 3565 mensesque
1124 3505 1346 3565 septem,
1372 3497 1552 3553 Gadus
1585 3500 1801 3553 totidem
1829 3515 2146 3568 mensesque
2183 3508 2310 3560 tres,

773 3585 1010 3639 Zabulon
1045 3587 1416 3658 quadraginta,
1438 3589 1567 3643 Dina
1599 3605 1786 3643 novem
1817 3605 1880 3644 ac
1907 3590 2142 3658 triginta,
2181 3589 2314 3640 Ben-

775 3679 1006 3745 jaminus
1046 3689 1167 3734 octo
1195 3691 1247 3734 et
1275 3681 1478 3752 viginti.
1537 3680 1824 3750 Josephum
1855 3690 2030 3734 autem
2064 3682 2114 3732 in
2152 3678 2315 3747 {Egy-

777 3778 865 3837 pto
921 3771 1075 3825 annis
1125 3788 1313 3825 novem
1368 3788 1429 3826 ac
1491 3772 1701 3840 triginta
1753 3772 1971 3825 vixisse.
2030 3769 2214 3837 Itaque
2249 3770 2315 3821 ab

849 3922 958 3990 (54)
1011 3920 1206 3989 Ἐγέγῇ
1237 3921 1473 3974 Χαναὰν
1501 3931 1626 3976 me".
1657 3925 1916 3977 Accnrata
1947 3923 2312 3986 cbrouologia.

780 3992 910 4045 Nam
955 3993 1310 4054 Abrahamus,
1341 3993 1426 4059 qui
1456 4008 1595 4044 anno
1623 3996 1793 4046 aztatis
1825 3994 1891 4045 75
1926 3996 1973 4044 in
2000 3993 2316 4045 Cbananiti—

780 4066 899 4118 dem
949 4073 1192 4124 venerat,
1225 4063 1563 4113 centenarias
1591 4078 1711 4114 cum
1741 4073 1916 4124 esset,
1946 4065 2187 4114 lsaacum
2226 4077 2318 4130 ge-

783 4135 930 4193 nuit,
973 4143 1028 4184 ut
1059 4133 1284 4184 habetur
1311 4130 1503 4184 Genes.
1537 4147 1623 4182 xxi
1647 4172 1660 4191 ,
1781 4132 1940 4197 Atqui
1974 4134 2041 4184 ab
2076 4146 2217 4184 anno
2255 4131 2320 4184 75

690 4209 706 4226 '
785 4203 849 4254 ad
900 4201 999 4252 100
1042 4203 1165 4252 anni
1197 4201 1385 4269 viginti
1426 4201 1660 4268 quinque
1697 4200 2318 4269 numerantur.ilsaacus

784 4280 959 4323 autem
1015 4267 1420 4338 sexagenarius,
1446 4267 1709 4324 Iacobum
1741 4280 1792 4321 et
1820 4267 1956 4321 Esau
1989 4286 2051 4320 ex
2082 4268 2319 4323 Rebecca

786 4340 1053 4404 suscepit,
1091 4338 1280 4392 Genes.
1311 4355 1435 4400 xxv,
1467 4342 1555 4404 2t},
1604 4340 1692 4407 qui
1729 4340 1850 4390 anni
1900 4340 2172 4404 sexaginta
2198 4355 2318 4392 cum

786 4409 1053 4476 prioribus
1083 4409 1266 4475 viginti
1298 4411 1557 4476 quinque,
1588 4425 1756 4461 annos
1786 4408 2018 4461 eﬂiciunt
2050 4411 2320 4472 octoginta

787 4480 1042 4546 quinque.
1099 4477 1374 4532 Postremo
1434 4479 1664 4532 Jacobus
1710 4494 1853 4530 anno
1901 4478 2069 4531 :etatis
2119 4478 2216 4529 150
2269 4480 2318 4528 in

789 4549 1076 4617 Aigyputm
1109 4548 1410 4608 descendit,
1457 4550 1646 4602 Geues.
1706 4564 1879 4606 xun,
1927 4551 1976 4600 9.
2033 4547 2238 4611 Quibus
2277 4549 2318 4599 si

2415 2040 2580 2108 Ἀδὰμ
2599 2079 2613 2100 ,
2645 2041 2752 2108 (57)
2789 2040 2888 2102 ἕως
2917 2041 3007 2092 τοῦ
3035 2042 3290 2094 εἰσελθεῖν
3314 2047 3391 2106 εἰς
3421 2045 3688 2112 Αἴγυπτον
3717 2048 3832 2108 τους
3851 2046 3920 2097 te}

2414 2131 2604 2200 Ἰωσὴφ
2629 2135 2901 2199 συγγενεῖς
2930 2133 3020 2204 ἐτη
3047 2135 3190 2203 γχκδ¹
3215 2153 3226 2164 ·
3252 2136 3358 2188 ἀπὸ
3388 2136 3441 2188 δὲ
3465 2136 3557 2188 τοῦ
3580 2138 3922 2205 κατακλυσμοῦ

2403 2224 2504 2285 ἕως
2550 2225 2647 2292 τῆς
2693 2224 2881 2276 Ἰακὼϐ
2942 2226 3238 2295 παρουσίας
3272 2229 3349 2290 εἰς
3385 2229 3655 2296 Αἴγυπτον
3688 2231 3917 2298 Ern-1:5"

2405 2316 2494 2382 ἀφ’
2527 2309 2584 2366 οὗ
2613 2316 2666 2366 δὲ
2697 2316 2974 2384 ὲκλεγῆναι
3027 2317 3263 2388 Ἀϐραὰμ
3296 2319 3356 2369 ὲκ
3381 2319 3486 2370 τῶν
3520 2320 3685 2372 ἐθνῶν
3709 2360 3721 2383 ,
3757 2321 3918 2370 καὶέλ-

2405 2406 2513 2458 θεῖν
2535 2409 2596 2457 ἐκ
2617 2406 2837 2477 Χαρρὰν
2859 2408 2937 2469 εἰς
2967 2408 3179 2460 Χαναὰν
3196 2451 3209 2473 ,
3231 2409 3333 2471 ἓως
3356 2409 3418 2460 ἂν
3446 2412 3524 2472 εἰς
3550 2412 3809 2477 Αἴγυπτον
3828 2413 3920 2473 τοὶς

2407 2496 2529 2566 περ)
2576 2495 2763 2547 Ἰακὼϐ
2815 2497 3023 2557 ἐλθεῖν,
3055 2496 3146 2564 ἔτη
3205 2505 3318 2548 σιε’.
3375 2497 3565 2550 Ἰακὼϐ
3603 2502 3656 2552 δὲ
3703 2503 3764 2552 ὲκ
3810 2501 3923 2568 X1;-

2408 2583 2504 2653 ρὰν
2566 2584 2694 2652 πρὸς
2750 2584 2930 2636 Λάϐαν
2986 2585 3193 2646 ἐλθεῖν,
3252 2585 3384 2639 ἐτῶν
3422 2587 3546 2638 ὄντα
3583 2596 3632 2640 π’
3687 2589 3922 2657 (58),κιί

2408 2676 2661 2743 γεννῆσαι
2696 2677 2854 2727 Λευΐν
2879 2693 2890 2704 ·
2954 2676 3110 2728 Λευῒν
3149 2678 3203 2728 δὲ
3237 2679 3291 2730 ὲν
3318 2678 3576 2748 Αἰγύπτῳ
3619 2681 3923 2746 ἐπιγενέσθαι

2407 2769 2498 2837 ἐτη
2523 2769 2605 2832 ιζ’,
2643 2766 2807 2836 ἀφ’οὗ
2829 2771 2891 2821 ὲκ
2917 2769 3132 2822 Χαναὰν
3166 2773 3321 2822 αὑτὸν
3355 2771 3523 2822 ἐλθεῖν
3565 2775 3642 2833 εἰς
3675 2774 3920 2837 Αἴγυπτον,

2409 2858 2546 2909 ὥστε
2582 2857 2716 2910 εἶναι
2751 2861 2907 2910 αὑτὸν
2938 2861 3071 2912 ἑτῶν
3104 2862 3166 2926 ξ’,
3213 2863 3304 2913 καὶ
3337 2863 3591 2931 γεννῆσαι
3623 2863 3768 2914 Κλὰθ
3805 2863 3920 2930 (59ν

2409 2950 2552 3019 αὐτῷ
2584 2951 2636 3001 δὲ
2694 2949 2798 3001 ἔτει
2847 2943 2889 3015 ᾧ
2943 2952 3187 3017 γενέσθαι
3244 2952 3390 3003 Κλὰθ
3447 2952 3588 3021 (60),
3645 2953 3924 3019 τελευτῆσαι

2421 3039 2611 3094 Ἰακὼϐ
2685 3041 2741 3092 ὲν
2819 3040 3111 3110 Αἰγύπτῳ,
3194 3042 3551 3111 εὐλογήσαντα
3597 3046 3718 3104 τοὺς
3765 3044 3924 3110 Ἰωὴφ

2409 3133 2588 3194 υἱοὺς,
2643 3131 2768 3185 ὄντα
2802 3133 2935 3185 ἐτῶν
2992 3131 3112 3201 ρμξ¹
3168 3133 3310 3204 (01),
3352 3134 3711 3186 καταλιπόντα
3769 3134 3924 3201 Ἰωσὴφ

2411 3222 2543 3274 ἑτῶν
2568 3229 2650 3286 νς¹
2668 3261 2681 3274 .
2702 3223 2858 3274 Λευῒν
2889 3224 2944 3275 δὲ
2982 3224 3264 3292 γενόμενον
3297 3224 3432 3276 ἐτῶν
3464 3224 3581 3294 ρλζ¹
3606 3225 3922 3291 τελευτῆσαι·

2410 3313 2556 3365 Κλὰθ
2582 3314 2634 3364 δὲ
2666 3313 2792 3365 ὅντα
2835 3316 2968 3366 ἐτῶν
2996 3321 3045 3382 μ’
3081 3314 3212 3384 (61‘)
3261 3316 3508 3386 γεννῆσαι
3553 3315 3795 3385 Ἀϐραὰμ
3821 3314 3923 3382 (62),

2409 3404 2465 3455 ὃν
2533 3403 2666 3454 ὲτῶν
2727 3400 2860 3455 εἶναι
2922 3405 2992 3456 ιδ’
3025 3408 3132 3456 ’ὲν
3194 3397 3236 3470 ᾧ
3294 3405 3607 3475 τελευτῆσαι
3646 3407 3851 3474 Ἰωσὴφ
3888 3406 3927 3452 ἐν

2411 3494 2668 3563 Αἰγύπτῳ
2720 3494 2844 3546 ὄντα
2899 3501 2976 3563 ρι’
3033 3495 3198 3546 ἐτῶν·
3242 3495 3389 3548 Κλὰθ
3429 3495 3483 3547 δὲ
3519 3497 3799 3565 γενόμενον
3831 3496 3926 3546 ἑκα-

2411 3585 2497 3636 τὸν
2531 3586 2620 3652 λγ¹
2674 3584 3019 3654 τελευτῆσαι.
3089 3585 3335 3654 Ἀϐραὰμ
3377 3586 3557 3638 λαϐεῖν
3607 3590 3828 3654 γυναῖκα
3854 3589 3927 3652 τὴν

2413 3674 2503 3725 τοῦ
2566 3675 2704 3727 θείου
2770 3676 3040 3746 θυγατέρα
3107 3677 3391 3745 Ἰωχαϐὲτ,
3456 3677 3548 3730 καὶ
3599 3677 3723 3728 ὄντα
3787 3679 3928 3728 Evan-

2413 3767 2519 3819 τῶν
2576 3775 2666 3831 σε’,
2729 3769 2979 3837 γεννῆσαι
3026 3767 3230 3837 Ἀαρὼν
3287 3769 3379 3820 καὶ
3435 3768 3657 3837 Μωσῆν.
3707 3767 3927 3830 Γεννῆςλι

2419 3914 2684 3968 Diluvium
2718 3918 2904 3970 incidit
2941 3919 2992 3970 in
3040 3933 3182 3970 anno
3215 3920 3397 3973 mundi
3434 3920 3590 3978 1655.
3629 3938 3785 3986 quam
3813 3937 3929 3973 smn-

2419 4000 2558 4056 mam
2591 3987 2634 4038 si
2673 3988 2972 4040 detraxeris
3003 4003 3067 4040 ex
3097 3988 3233 4041 2:257
3256 4030 3271 4054 ,
3307 4000 3627 4055 supererunt
3657 3991 3790 4048 582;
3835 4006 3929 4056 pro-

2421 4054 2542 4127 inde
2575 4072 2749 4127 annus
2781 4057 2865 4108 ille
2895 4061 3154 4109 adventus
3190 4060 3240 4109 in
3281 4054 3592 4127 Egyptmn,
3625 4076 3685 4112 ex
3720 4054 3926 4127 ejusdem

2420 4124 2784 4191 chronologire
2819 4127 3116 4194 principiis,
3145 4129 3245 4179 erit
3277 4124 3452 4182 annus
3480 4146 3508 4182 a
3539 4124 3873 4182 ὀίων-1058⁵2.

2495 4196 2603 4264 (58)
2673 4196 2844 4248 Ἐτῶν
2893 4196 3035 4248 ὄντα
3083 4202 3158 4248 π’.
3216 4198 3479 4261 Circiter,
3537 4214 3640 4250 non
3701 4198 3927 4265 ἀκριεὼς.

2421 4265 2778 4387 'fI‘umTenim,
2833 4277 2890 4320 ut
2939 4269 3096 4318 etiam
3145 4278 3268 4331 ante
3319 4267 3649 4331 Demetrius,
3699 4284 3924 4320 annorum

2448 4347 2521 4387 uit
2602 4353 2641 4385 ι.
2770 4347 2790 4387 ·.

2448 4347 2521 4388 υιῐ
2567 4347 2641 4385 Η.
2770 4347 2790 4388 ⁵,

2492 4405 2598 4472 (59)
2641 4403 2823 4455 Κλάθ.
2851 4402 3018 4455 Caath
3051 4405 3360 4465 vocabatur,
3389 4420 3496 4458 non
3526 4406 3698 4458 Clath.

2494 4471 2601 4540 (00)
2646 4473 2931 4525 Γενέσθαι
2970 4474 3151 4524 Κλάθ.
3198 4473 3306 4526 lmo
3347 4491 3473 4526 sane
3508 4477 3689 4527 multis
3722 4482 3836 4528 ante
3863 4471 3928 4522 Ja-

2423 4545 2540 4596 cobi
2597 4553 2820 4595 mortem
2889 4543 3044 4595 annis
3078 4558 3090 4592 :
3123 4542 3265 4610 quod
3313 4555 3487 4596 tamen
3556 4556 3702 4598 certo
3754 4540 3926 4597 deliiiiii

790 4609 1055 4671 addideris
1075 4621 1286 4684 priores
1321 4618 1418 4680 85,
1459 4619 1738 4670 liomadem
1775 4619 1916 4669 illam
1973 4609 2191 4670 habebis
2226 4633 2322 4670 an—
2355 4609 2395 4661 D
2428 4616 2508 4666 vix
2533 4621 2732 4684 potest.

791 4705 981 4740 norutn
1005 4688 1126 4740 ‘215.

861 4755 971 4824 (55)
1012 4756 1182 4822 Ἀσὴρ
1214 4755 1378 4815 ἑτῶν,
1407 4764 1508 4808 ete.
1543 4754 1782 4824 Sequens
1808 4771 2066 4809 annorum
2102 4757 2324 4810 istorum

793 4830 928 4894 ratio
961 4827 1168 4894 longius
1198 4843 1226 4878 a
1261 4828 1492 4894 veritate
1522 4828 1762 4879 discedit.
1798 4826 1978 4877 Primo
2006 4827 2143 4878 enim
2166 4866 2178 4886 ,
2215 4825 2324 4876 Dan

793 4912 822 4947 a
857 4893 992 4947 Juda
1025 4897 1299 4963 proximus
1327 4895 1445 4956 iuit,
1471 4893 1817 4963 Genesaxix,
1932 4895 2127 4947 Deinde
2154 4895 2327 4962 Neph-

794 4962 1047 5017 thalimus
1087 4963 1290 5017 Danum
1324 4967 1596 5032 sequitur,
1646 4962 2076 5030 Nepbtbalimum
2110 4964 2290 5017 Gadus
2312 5005 2327 5028 ,

795 5035 1001 5088 Gadum
1029 5037 1193 5094 Aser,
1223 5050 1376 5101 quem
1409 5036 1490 5087 hie
1522 5043 1644 5084 ante
1686 5033 2113 5099 Neplitbalimuut
2149 5052 2329 5086 recen-

797 5114 907 5167 set,
957 5105 1251 5169 eodemque
1296 5114 1470 5156 tamen
1518 5104 1784 5170 juniorem
1822 5103 1964 5157 facit.
1994 5104 2209 5155 Aserem
2248 5121 2334 5156 se-

795 5176 979 5240 quitur
1015 5172 1288 5240 lssachar,
1322 5172 1651 5226 lssacharem
1691 5172 1924 5224 Zabulon
1946 5213 1959 5234 ,
2003 5172 2330 5226 Zabulonem

803 5239 953 5302 Dina,
989 5241 1174 5294 Dinam
1203 5239 1482 5308 Josephus,
1513 5241 1804 5310 Josephum
1839 5240 2202 5309 Benjaminus.

872 5312 982 5379 (56)
1034 5312 1127 5361 Ἐν
1151 5310 1417 5376 Αἰγύπτῳ
1447 5313 1546 5376 ἔτη
1577 5316 1684 5365 λθκ
1723 5313 1834 5364 lmo
1864 5314 2149 5379 nonaginta
2179 5323 2286 5365 tres
2315 5331 2326 5363 :

803 5379 1061 5447 siquidem
1094 5397 1232 5433 anno
1277 5379 1341 5431 1⁸1
1387 5381 1437 5431 in
1487 5380 1770 5449 IEgyptum
1814 5380 2108 5442 abductus,
2138 5382 2328 5434 Genes.

806 5466 1020 5570 natavi",
1063 5450 1117 5505 2.
1149 5449 1344 5503 ibidem
1397 5465 1535 5501 anno
1569 5451 1665 5501 110
1711 5461 1951 5503 mortuus
1983 5459 2095 5514 est,
2141 5450 2329 5504 Genes.

808 5535 869 5570 ι..
975 5559 987 5570 .

808 5535 869 5583 ιι,
898 5520 987 5570 22.

877 5587 986 5656 (57)
1038 5588 1164 5642 Ἀπὸ
1201 5589 1302 5640 τοῦ
1347 5586 1514 5654 Ἀδάμ
1539 5627 1551 5648 ,
1604 5596 1704 5637 etc.
1737 5588 1957 5648 Creato,
1994 5604 2059 5639 an
2092 5590 2335 5640 mortuo?

811 5657 1160 5723 undecunque
1215 5674 1487 5718 numeres,
1518 5668 1626 5708 tam
1658 5658 1892 5708 incertus
1919 5669 1997 5708 est
2034 5659 2116 5708 hic
2146 5675 2331 5708 nume-

812 5743 932 5788 rus,
978 5742 1135 5794 quam
1177 5743 1346 5779 annus
1373 5727 1517 5779 orbis
1554 5727 1771 5779 conditi.
1809 5725 1882 5777 ln-
1907 5725 2080 5780 Patris
2133 5727 2331 5781 Petavii

809 5795 1186 5863 Chronologie,
1220 5798 1302 5847 cui
1348 5799 1634 5862 plurimum
1672 5795 1846 5846 tribuo
1873 5835 1886 5856 ,
1923 5811 2093 5848 annus
2126 5799 2210 5848 ille
2243 5795 2334 5848 Ja-

810 5868 929 5920 cobi
957 5867 1010 5919 in
1043 5867 1321 5934 Aigyptum
1348 5865 1572 5923 ,καθόδου
1594 5906 1606 5930 ,
1641 5864 1824 5918 mundi
1867 5879 2038 5917 annus
2067 5876 2146 5919 est
2175 5867 2333 5920 “2237.

2496 4681 2606 4740 (6H
2655 4680 2828 4732 ‘EnBr
2851 4679 2994 4746 ρμζν.
3030 4681 3103 4732 lta
3139 4680 3327 4733 Cenes.
3369 4697 3535 4744 XLvn,
3567 4683 3653 4734 2'1.

2497 4751 2625 4820 (61')
2664 4752 2828 4802 meo
2871 4751 3010 4820 διῄτα
3050 4749 3197 4800 ἐτῶν
3228 4750 3509 4820 μκμεττοι·
3541 4768 3603 4805 ex
3641 4752 3799 4820 priori
3830 4765 3930 4801 CM]-

2427 4818 2675 4888 sequens,
2713 4836 2820 4887 quo
2847 4819 3031 4871 eodem
3065 4835 3204 4872 anno
3231 4830 3277 4871 et
3309 4818 3568 4874 Jacobum
3601 4818 3929 4876 niortuumu‘t

2427 4891 2688 4943 Caatbum
2721 4892 2772 4941 in
2806 4891 2972 4941 lucem
3005 4889 3205 4940 editum
3241 4891 3436 4956 posuit.
3471 4891 3634 4942 Error
3657 4895 3927 4942 autemest.

2429 4976 2549 5011 cum
2585 4961 2704 5011 inde
2737 4969 2990 5022 sequatur
3025 4969 3204 5010 natum
3234 4974 3352 5012 esse
3385 4960 3647 5012 Caatbum
3702 4960 3756 5012 in
3801 4958 3930 5024 ig)-

2431 5042 2538 5094 pto,
2575 5045 2694 5080 eum
2730 5039 2904 5080 tamen
2943 5027 3106 5079 frater
3130 5029 3246 5094 ejus
3287 5027 3497 5090 Merari,
3529 5039 3652 5081 natu
3686 5030 3924 5081 minimas.

2430 5108 2552 5149 ante
2581 5100 2729 5149 illum
2767 5098 2817 5148 in
2849 5095 3079 5164 Egypto
3106 5110 3260 5149 natus
3283 5096 3462 5156 fuerit,
3487 5098 3679 5151 Genes.
3711 5114 3839 5153 aut.
3866 5099 3924 5145 11-

2431 5166 2594 5218 Multo
2628 5183 2754 5233 ergo
2787 5167 2964 5218 senior
3010 5169 3242 5218 Caathus
3286 5177 3434 5228 erat,
3467 5183 3586 5218 eum
3622 5169 3927 5219 Amraamum

2432 5241 2632 5303 genuit.
2670 5239 2856 5287 Annus
2897 5244 3074 5287 tamen
3103 5236 3188 5287 ille
3215 5236 3352 5286 haud
3378 5237 3595 5297 certius,
3629 5253 3788 5305 quam
3819 5235 3927 5300 ers-

2433 5306 2549 5357 dem
2577 5305 2764 5358 Caatbi
2800 5315 2950 5372 ortus
2984 5305 3250 5372 designari
3281 5314 3474 5370 potest.

2502 5376 2612 5436 (69-)
2665 5371 2922 5440 Ἁϐραάμ.
2970 5370 3225 5426 Hebraice
3251 5382 3437 5436 D'tD‘J.
3496 5375 3796 5442 Demetrius
3839 5370 3927 5442 fecit

2445 5443 2710 5513 Ἀϐραάμ,
2739 5445 2948 5496 sublato
2977 5463 3036 5512 μ,
3067 5453 3120 5495 et
3159 5444 3358 5495 inserto
3393 5461 3427 5496 α
3453 5462 3467 5496 :
3497 5445 3599 5495 nisi
3638 5440 3805 5496 tamen
3831 5440 3926 5513 seri:

2434 5505 2611 5579 pserat
2654 5505 2935 5581 Ἆμραάμ.
2975 5505 3318 5580 septuaginta
3371 5513 3656 5581 Ἀμϐραμ,
3713 5505 3928 5566 inserto-5

2435 5585 2503 5632 ob
2538 5584 2857 5649 euphoniam
2897 5603 2908 5634 :
2941 5584 3175 5649 vulgaris
3205 5584 3345 5633 enim
3395 5584 3480 5633 lnc
3509 5598 3663 5634 error
3695 5594 3800 5646 est,
3823 5581 3926 5648 (μεθ-Ι

2437 5651 2486 5701 in
2536 5653 2880 5717 manuscript.
2915 5653 3190 5704 codicibus
3229 5668 3266 5717 μ
3299 5660 3351 5704 et
3388 5650 3418 5700 6
3455 5653 3641 5703 eodem
3680 5653 3781 5705 fere
3811 5652 3927 5699 modo

2436 5722 2795 5787 pingerentur.
2835 5724 2921 5775 Sic
2971 5721 3108 5775 infra
3151 5721 3472 5789 Μωαμῐται,
3520 5737 3616 5788 pro
3661 5721 3928 5775 Mw2652;-.,

2437 5800 2687 5856 scriptum
2721 5800 2819 5843 est.
