4022 6342
121 432 232 486 739

1290 438 1609 493 ΡΒᾹῙΡΑΒ.
1655 438 1901 494 ΕιτΑΜλ
1945 440 2069 493 LIB.
2112 441 2200 494 IX.

3250 442 3351 494 730

113 544 243 600 εἶτα
279 551 368 601 τὸν
401 552 458 602 ἐν
498 552 828 606 Ἡλιουπόλει
859 553 984 607 ναδν
1024 555 1447 607 κατασκευάσαι.
1496 557 1693 609 Τοῦτον

1797 558 2032 612 Merrbin
2083 558 2248 610 liliam
2309 565 2635 624 susceptam,
2675 571 2737 609 ac
2758 555 3095 624 Chenrphrm
3139 555 3348 607 cuidam

113 638 180 690 δὲ
211 642 469 709 γεννῆσαι
504 644 777 714 θυγατέρα
812 645 1036 714 Μέρῤιν,
1059 648 1123 714 ῆν
1157 646 1401 716 Χενεφρῇ
1437 663 1540 698 τινι
1566 665 1691 698 κατ-

116 733 413 800 εγγυῆσαι,
463 733 574 786 τῶν
623 736 762 804 ὑπὲρ
812 737 1035 804 Μέμφιν
1079 737 1257 788 τόπων
1318 736 1686 806 βασιλεύοντι·

119 817 356 880 πολλοὺς
380 820 489 890 γάρ
518 821 637 873 τότε
671 826 768 891 τῆς
813 824 1082 890 Αἰγύπτου
1130 825 1446 894 βασιλεύειν.
1481 829 1693 899 Ταύτην

117 906 180 959 δὲ
214 911 435 980 στείραν
469 913 814 984 ὑπάρχουσαν
847 915 1206 970 ὑποϐαλέσθαι
1239 920 1380 982 τινὸς
1413 921 1519 972 τῶν
1562 923 1691 973 Ἰου-

115 997 293 1052 δαίων
337 1001 578 1055 παιδίον·
606 1005 759 1056 τοῦτο
795 1005 851 1058 δὲ
901 1007 1130 1060 Μὼῡσον
1168 1009 1458 1078 ὀνομάσαιο
1504 1013 1606 1064 ὑπὸ
1637 1013 1691 1063 δὲ

115 1089 235 1142 τῶν
298 1092 553 1165 Ἑλλήνων
601 1098 761 1148 αὑτὸν
809 1099 1147 1169 ἀνδρωθέντα
1198 1104 1469 1157 Μουσαῖον
1525 1123 1691 1175 προσ-

120 1186 511 1256 αγορευθῆναι.
531 1189 780 1243 Γενέσθαι
804 1191 856 1242 δὲ
880 1193 1218 1258 τὸνλΗῶὺσον
1237 1196 1420 1247 τοῦτον
1454 1197 1694 1267 Ὀρφέως

120 1276 444 1331 διδάσκαλον
464 1298 477 1311 ο
514 1281 846 1352 ἀνδρωθέντα
887 1284 930 1335 δ’
964 1285 1124 1338 αὑτὸν
1156 1286 1322 1341 πολλὰ
1349 1291 1458 1350 τοῖς
1485 1289 1694 1360 ἀνθρώ-

123 1386 257 1433 ποις
283 1371 554 1442 εὔχρηστα
586 1374 930 1444 παραδοῦναι.
962 1379 1065 1429 Καὶ
1098 1379 1206 1448 γάρ
1241 1379 1416 1442 πλοῖα,
1459 1381 1552 1432 καὶ
1595 1399 1696 1451 μη-

124 1462 303 1530 χανὰς
337 1463 471 1532 πρὸς
505 1465 602 1527 τάς
653 1465 972 1531 λιθοθεσίας,
1009 1469 1100 1520 καὶ
1130 1469 1196 1521 τά
1224 1469 1493 1537 Αἰγύπτια
1535 1472 1691 1534 ὅπλα,

124 1552 225 1603 καὶ
257 1553 321 1605 τὰ
359 1553 560 1623 ὄργανα
586 1555 652 1607 τά
687 1555 970 1626 ὑδρευτικά
1003 1560 1094 1610 καὶ
1127 1560 1424 1629 πολεμικά,
1476 1563 1569 1612 καὶ
1598 1561 1694 1630 τὴν

125 1641 446 1710 φιλοσοφίαν
479 1641 716 1716 ἐξευρεῖν
738 1665 749 1675 ·
781 1633 870 1698 En.
896 1638 952 1699 δὲ
982 1648 1076 1718 τὴν
1104 1649 1253 1701 πόλιν
1287 1652 1364 1713 εἰς
1389 1649 1474 1713 λς’
1501 1651 1696 1719 νομοὺς

122 1734 358 1797 διελεῖν,
387 1737 478 1788 καὶ
525 1739 736 1806 ἑκάστῳ
775 1739 882 1790 τῶν
935 1741 1112 1809 νομῶν
1150 1741 1410 1806 άποτάξαι
1444 1743 1531 1794 τὸν
1565 1741 1694 1794 Θεὸν

129 1826 518 1896 σεφθήσεσθαι,
565 1829 635 1882 τά
664 1847 720 1882 τε
768 1830 886 1900 ἰερὰ
935 1831 1234 1900 γράμματα
1282 1837 1393 1895 τοῖς
1430 1833 1688 1903 ἰερεῦσιν·

1794 649 1998 716 regioni
2037 663 2194 715 supra
2225 646 2516 714 Memphim
2552 648 2664 699 sita"
2711 645 2990 714 imperanti
3030 647 3347 713 desponsam

1792 739 1960 792 fuisse
2000 757 2011 790 :
2049 747 2161 790 tum
2210 739 2351 790 enim
2406 738 2587 806 plures
2633 737 2921 807 IEgyptum
2974 739 3190 803 regulo:
3252 738 3350 789 ha-

1792 830 1994 882 buisse.
2033 827 2180 880 llanc
2207 841 2385 895 porro,
2429 827 2626 880 sterilis
2662 844 2782 882 cum
2811 834 2971 888 esset,
3005 824 3201 879 Judma‘:
3237 843 3351 879 mu-

1794 919 1940 972 lieris
1991 916 2247 970 infantem
2312 916 2682 984 supposuisse,
2726 933 2886 985 quem
2940 916 3179 986 Moysum
3235 917 3350 984 ipsa

1794 1010 2049 1078 primum,
2081 1009 2272 1061 deinde
2301 1024 2423 1061 vero
2453 1008 2641 1070 Graeci,
2675 1024 2796 1061 cum
2850 1008 2914 1062 ad
2967 1008 3168 1060 virilem
3215 1017 3347 1059 reta-

1795 1110 1898 1154 tcm
1932 1101 2281 1168 pervenisset,
2318 1097 2573 1153 Musmuiu
2611 1101 2961 1153 uominariut.
2993 1101 3166 1168 Atque
3205 1100 3350 1154 hunc

1795 1193 1987 1260 Orphei
2035 1193 2352 1260 magistrum
2403 1192 2568 1246 fuisse
2622 1201 2944 1254 memorant,
2979 1209 3056 1260 ac,
3083 1192 3345 1260 permulta

1795 1227 1987 1260 υινω..
2035 1227 2352 1260 "Nam.
2403 1227 2568 1246 ...ωδε
2979 1227 3040 1245 ..υ
3083 1227 3345 1260 penum...

1795 1287 2034 1338 humano
2083 1285 2264 1354 generi
2315 1285 2603 1338 utilissima
2656 1285 2955 1338 tradidisse.
2991 1227 3066 1335 [Illi
3104 1285 3268 1346 enim,
3298 1293 3351 1336 et

1795 1375 2156 1444 navigiorum,
2187 1383 2239 1426 ct
2289 1375 2682 1440 machinarum,
2720 1376 2918 1444 quibus
2966 1375 3180 1428 adducti
3229 1391 3349 1428 sur-

1795 1485 1913 1523 sum
1963 1470 2168 1535 lupides
2222 1469 2358 1522 inter
2403 1484 2523 1522 sese
2576 1481 2758 1538 postea
2810 1481 3269 1540 coagmenlentur,
3302 1481 3354 1524 et

1795 1575 2070 1612 armorum
2107 1559 2570 1630 Egyptiacorum,
2603 1569 2654 1612 ct
2702 1563 3186 1614 instrumentorum
3236 1577 3355 1630 par-

1795 1653 1890 1704 tim
1938 1652 2248 1706 haurieuda:
2289 1656 2369 1706 vel
2406 1653 2727 1706 deducendae
2768 1668 2941 1719 aquae,
2980 1653 3172 1721 partim
3218 1653 3356 1706 bello

1796 1742 2250 1804 necessariorum,
2283 1742 2560 1810 ipsiusque
2594 1742 2726 1795 adeo
2769 1742 3122 1810 ριιὶιοεοιιΙιίτε
3170 1742 3358 1795 iuvetu-

1798 1832 1997 1885 tionem
2032 1845 2306 1901 acceptam
2335 1833 2531 1887 ferunt.
2564 1832 2641 1887 Ad
2678 1834 2787 1886 haac
2817 1833 3086 1887 civitatem
3119 1834 3186 1886 ab
3208 1850 3272 1887 eo
3305 1837 3357 1887 in

122 1912 272 1970 εἶναι
305 1918 359 1971 δὲ
389 1921 482 1971 καὶ
511 1919 790 1992 αἰλούρους
813 1964 826 1985 ,
862 1923 954 1973 καὶ
989 1921 1174 1984 κύνας,
1221 1925 1316 1974 καὶ
1358 1924 1519 1987 ἴϐεις·
1561 1925 1693 1975 ἀπο-

1801 1937 1895 1974 sex
1921 1931 1973 1974 et
2005 1922 2222 1999 triginta
2256 1922 2604 1991 prafecturas
2633 1922 2883 1987 divisam,
2909 1938 3144 1991 suosque
3174 1923 3360 1991 singu-

122 2010 315 2078 νεῖμαι
343 2009 397 2060 δὲ
428 2010 651 2074 καὶτοῖς
696 2013 926 2081 ἱερεῦσιν
963 2009 1235 2083 ἐξαίρετον
1280 2014 1481 2084 χώραν.
1517 2015 1697 2068 Ταῦτα

123 2096 186 2149 δὲ
224 2097 400 2151 πάντα
439 2101 660 2170 ποιῆσαι
692 2102 846 2171 χάριν
882 2101 974 2153 τοῦ
1021 2102 1117 2171 τὴν
1151 2105 1442 2172 μοναρχίαν
1481 2105 1696 2174 βεϐαίαν

121 2188 210 2261 τῷ
241 2191 488 2262 Χενεφρῇ
523 2192 862 2261 διαφυλάξαι.
893 2192 1159 2262 Πρότερον
1203 2193 1309 2263 γάρ
1348 2196 1697 2259 ἀδιατάκτους

125 2279 297 2345 δντας
324 2284 448 2345 τοὺς
475 2282 682 2350 ὄχλους,
723 2282 850 2334 ποτὲ
881 2283 977 2352 μὲν
1014 2282 1314 2346 ἐκϐάλλειν,
1346 2286 1471 2336 ποτε
1492 2286 1548 2338 δέ
1564 2287 1698 2340 καθ-

133 2378 372 2426 ιστάνειν
438 2372 707 2442 βασιλεῖς,
757 2373 851 2425 καὶ
884 2373 1138 2436 πολλάκις
1177 2373 1276 2442 μὲν
1314 2375 1436 2436 τοὺς
1481 2374 1695 2438 αὐτοὺς,

124 2459 342 2523 ὲνιάκις
375 2461 430 2513 δὲ
463 2463 672 2526 ἄλλους.
714 2465 812 2515 Διὰ
861 2463 1028 2517 ταῦτα
1069 2461 1159 2516 οὖν
1186 2465 1274 2517 τὸν
1322 2463 1546 2516 Μώῡσον
1593 2466 1698 2518 ὑπὸ

123 2550 240 2604 τῶν
273 2551 441 2621 όχλων
475 2555 841 2626 ἀγαπηθῆναι,
876 2557 967 2608 καὶ
998 2557 1101 2609 ὑπὸ
1134 2557 1239 2609 τῶν
1271 2557 1456 2626 ἱερέων
1490 2556 1696 2609 ἰσοθέου

123 2645 298 2716 τιμῆς
349 2646 747 2716 καταξιωθέντα
807 2651 1304 2721 προσαγορευθῆναι
1352 2650 1553 2720 Ἑρμῆν
1611 2649 1700 2702 διὰ

124 2737 236 2808 τὴν
263 2737 370 2790 τῶν
405 2739 562 2809 ιερῶν
596 2742 935 2811 γραμμάτων
965 2742 1276 2811 ἑρμηνείαν.
1308 2741 1408 2794 Τὸν
1441 2742 1497 2794 δὲ
1537 2743 1700 2794 Χενε-

128 2827 300 2898 φρῆν,
351 2830 558 2899 ὁρῶντα
607 2830 704 2899 τὴν
753 2831 950 2902 ἀρετὴν
991 2831 1082 2883 τοῦ
1135 2833 1402 2894 Μωΰσου,
1441 2832 1698 2902 φθονῆσαι

126 2919 301 2988 αὐτῷ,
324 2921 416 2974 καὶ
437 2920 616 2991 ζητεῖν
646 2923 804 2973 αὑτὸν
836 2923 919 2973 ἐπ’
941 2923 1146 2993 εὐλόγῳ
1174 2925 1319 2994 αἰτίᾳ
1342 2925 1446 2976 τινὶ
1471 2925 1695 2978 ἀνελεῖν.

127 3010 244 3062 Καὶ
271 3011 334 3082 δή
380 3029 506 3064 ποτε
543 3012 646 3065 τῶν
691 3013 957 3066 Αἰθιόπων
1015 3017 1585 3086 ἐπιστρατευσαμένων
1631 3019 1698 3095 τῇ

126 3105 413 3174 Αἰγύπτῳ,
445 3107 536 3158 τὸν
566 3106 864 3175 Χενεφρῆν,
902 3107 1236 3160 ὑπολαὸόντα
1264 3109 1551 3178 εὑρηκέναι
1583 3126 1702 3161 και-

125 3201 228 3267 ρδν
252 3196 486 3258 εὔθετον,
526 3196 734 3266 πέμψαι
773 3197 862 3249 τὸν
903 3196 1130 3250 Μώῦσον
1162 3199 1245 3249 ἐπ’
1294 3199 1487 3260 αὑτοὺς
1534 3215 1699 3270 στρα-

129 3287 301 3357 τηγὸν
335 3285 474 3356 μετὰ
515 3286 813 3356 δυνάμεως.
864 3288 935 3340 Τὸ
975 3288 1030 3339 δὲ
1076 3288 1182 3344 τῶν
1230 3289 1502 3355 συγγενῶν
1550 3280 1696 3359 αὑτῷ

129 3377 400 3446 συστῆσαι
431 3376 652 3447 πλῆθος,
684 3377 1019 3431 ὑπολαϐόντα
1063 3379 1258 3450 ῥαδίως
1295 3379 1451 3431 αὑτὸν
1485 3379 1571 3432 διὰ
1602 3379 1697 3449 τὴν

123 3469 242 3524 τῶν
272 3469 613 3540 στρατιωτῶν
646 3471 925 3524 ἀσθένειαν
952 3472 1055 3524 ὑπὸ
1084 3472 1192 3524 τῶν
1232 3472 1500 3542 πολεμίων
1536 3474 1696 3529 ἀναι-

129 3560 476 3632 ρεθήσεσθαι.
509 3562 610 3615 Τὸν
639 3563 696 3615 δὲ
725 3564 955 3616 Μώῡσον
988 3563 1206 3616 ἐλθόντα
1227 3565 1318 3616 ἐπὶ
1349 3565 1438 3616 τὸν
1467 3566 1696 3634 Ἐρμου-

126 3653 356 3722 τωλίτην
388 3651 780 3723 ὀνομαζόμενον
819 3653 1012 3722 νομὸν,
1039 3654 1230 3723 ἔχοντα
1263 3656 1390 3724 περὶ
1435 3654 1565 3706 δέκα
1597 3671 1696 3722 μυ-

129 3745 325 3817 ριάδας
367 3742 655 3816 γεωργῶν,
718 3742 880 3796 αὑτοῦ
935 3744 1415 3813 καταστρατεῦσαι.
1477 3745 1696 3813 Πέμψαι

124 3837 183 3891 δὲ
220 3837 554 3908 στρατηγοὺς
588 3837 713 3899 τοὺς
762 3835 1292 3905 ποοκαθεδουμένους
1337 3837 1434 3906 τῆς
1478 3837 1691 3908 χώρας,

125 3928 225 3993 οὓς
265 3931 331 4000 δὴ
357 3931 696 3983 πλεονεκτεῖν
736 3928 1013 3997 ἐπιφανῶς
1052 3929 1192 3980 κατά
1227 3929 1324 3992 τὰς
1353 3930 1550 4000 μάχας.
1595 3933 1704 3984 Λέο,

125 4040 248 4091 γειν
294 4023 350 4075 δέ
381 4039 545 4093 φησιν
599 4022 1003 4084 Ἦλιουπολίτας
1041 4021 1289 4088 γενέσθαι
1337 4023 1427 4074 τὸν
1465 4023 1696 4094 πόλεμον

124 4113 316 4168 τοῦτον
359 4114 452 4185 ἐτη
489 4113 640 4167 δέκα.
668 4114 804 4176 Τοὺς
836 4109 926 4166 οὖν
959 4113 1087 4184 περὶ
1117 4111 1207 4164 τὸν
1239 4112 1484 4178 Μώῦσον,
1521 4114 1607 4166 διὰ
1634 4113 1696 4165 τὸ

129 4204 361 4275 μέγεθος
430 4204 528 4275 τῆς
588 4205 881 4274 στρατιᾶς,
954 4203 1106 4255 πόλιν
1167 4205 1224 4256 ὲν
1289 4204 1460 4273 τούτῳ
1516 4205 1694 4255 κτίσαι

125 4293 210 4365 τῷ
265 4296 415 4365 τόπῳ
451 4337 466 4361 ,
515 4296 608 4348 καὶ
655 4295 751 4365 τὴν
814 4294 918 4346 ἶϐιν
987 4294 1044 4345 ὲν
1106 4293 1253 4364 αὑτῷ
1328 4292 1690 4361 καθιερῶσαι,

125 4386 218 4441 διὰ
276 4388 337 4439 τὸ
386 4388 586 4457 ταύτην
647 4388 947 4458 βλάπτοντα
996 4386 1108 4450 ζῶα
1184 4388 1311 4447 τοὺς
1377 4383 1694 4454 ἀνθρώπους

126 4477 390 4546 ἀναιρεῖν.
460 4477 901 4546 Προσαγορεῦσαι
971 4477 1029 4529 δὲ
1094 4477 1262 4545 αὐτὴν
1317 4475 1689 4546 Ἐρμούπολιν.

1796 2015 1864 2068 lis
1893 2013 2112 2067 Numini
2139 2014 2367 2068 colendo
2404 2015 2540 2068 ritus
2570 2016 2897 2082 assignatas,
2934 2015 3245 2083 litterasque
3282 2029 3362 2068 sa-

1796 2119 1938 2165 cras,
1969 2110 2098 2171 puta
2145 2101 2350 2165 felium,
2384 2117 2600 2164 canum,
2636 2101 2801 2154 ibium
2840 2101 3038 2170 tiguras
3065 2100 3362 2153 sacerdoti-

1795 2200 1898 2253 bus
1949 2192 2070 2251 cum
2130 2197 2390 2266 singulari
2445 2213 2508 2252 ac
2551 2197 2765 2266 propria
2817 2196 3036 2264 regione
3075 2194 3363 2247 attributas

1798 2290 1981 2346 fuisse.
2021 2288 2152 2355 Qua:
2178 2289 2360 2344 omnia
2409 2304 2472 2341 eo
2513 2288 2737 2342 consilio
2768 2286 3067 2355 perfecrrit,
3103 2295 3161 2338 ut
3208 2301 3360 2338 sum-

1797 2398 1945 2437 mum
1992 2381 2325 2450 Chenephra:
2371 2379 2669 2447 imperium
2704 2378 3000 2442 stabiliret;
3032 2393 3156 2430 cum
3213 2377 3363 2429 nullo

1797 2465 2050 2528 distinct’a
2080 2473 2270 2526 ordine
2301 2470 2590 2525 multitudo
2623 2484 2773 2537 reges
2818 2477 2972 2521 antea
3006 2467 3162 2520 modo
3194 2467 3360 2534 ejice-

1798 2573 1898 2630 ret,
1931 2564 2092 2618 modo
2135 2573 2364 2627 crearet,
2396 2578 2458 2615 ac
2513 2577 2650 2629 smpe
2673 2561 2888 2629 quidem
2925 2558 3163 2621 eosdem,
3197 2558 3364 2610 inter-

1798 2657 1927 2711 dum
1956 2656 2117 2710 etiam
2155 2655 2311 2709 alios.
2346 2653 2553 2718 Quibus
2599 2653 2712 2720 ipse
2749 2651 2909 2705 rebus
2940 2665 3047 2703 non
3081 2649 3238 2702 modo
3267 2664 3364 2717 p0-

1798 2749 2047 2817 pulorum
2110 2748 2212 2800 sibi
2273 2761 2510 2799 amorem
2563 2743 2901 2805 conciliarit,
2961 2757 3145 2794 verum
3199 2743 3358 2793 ctiam

1801 2856 1978 2910 parem
2032 2840 2242 2909 superis
2295 2840 2552 2890 honorem
2598 2852 2626 2888 a
2663 2835 3054 2897 sacerdotibus,
3106 2833 3194 2901 qui
3243 2834 3362 2901 Ἐρ-

1803 2933 1908 3002 μῆν
1939 2930 2110 2991 illum,
2147 2929 2248 2982 hoc
2269 2937 2350 2982 est
2379 2927 2723 2988 Mercurium,
2755 2927 2866 2978 sive
2899 2925 3258 2990 interpretem,
3291 2925 3361 2973 oh

1801 3039 2079 3078 sacrarum
2129 3022 2427 3073 litterarum
2489 3019 2802 3089 ἑρμηνείαν,
2839 3016 3358 3083 interpretationem,

1801 3114 2158 3184 appellarunt,
2194 3112 2349 3166 facile
2397 3110 2717 3179 impetrarit.
2749 3108 2816 3161 At
2847 3122 2974 3160 vero
3006 3106 3358 3174 Chunephren

1802 3209 1971 3278 Moysi
2027 3207 2317 3261 virtutibus
2377 3205 2723 3265 invidentem,
2771 3199 3068 3270 perimendi
3125 3199 3359 3252 hominis

1801 3301 2035 3354 colorem
2067 3295 2324 3361 aliquem,
2346 3298 2735 3363 honestamque
2765 3292 2996 3360 speciem
3020 3290 3356 3360 quaisivisse.

1800 3390 1985 3456 Itaque
2021 3403 2143 3442 cum
2174 3393 2224 3440 in
2261 3386 2551 3456 Egyptnm
2587 3387 2779 3438 armati
2816 3383 3095 3450 Ethiopes
3130 3380 3359 3432 invasis-

1800 3488 1938 3544 sent,
1973 3479 2313 3533 commodam
2364 3476 2463 3530 sibi
2505 3473 2762 3529 facinoris
2825 3474 3056 3527 ohlatam
3112 3471 3358 3524 occasio-

1799 3585 1919 3624 nem
1980 3585 2099 3624 esse
2150 3577 2351 3626 ratum,
2383 3566 2624 3637 Moysum
2688 3565 3064 3632 imperatorem
3097 3561 3358 3614 adversus

1797 3678 1891 3718 eos
1948 3677 2069 3716 cum
2102 3661 2364 3720 exercitu,
2397 3673 2462 3711 ex
2495 3656 2781 3724 gentilibus
2807 3662 2860 3706 et
2891 3651 3211 3721 propinquis
3238 3651 3357 3718 ejus

1799 3755 2090 3809 maximam
2118 3763 2320 3822 partem
2352 3752 2586 3803 conﬂato
2623 3746 2856 3810 misisse,
2891 3745 3037 3815 quod
3076 3759 3197 3798 eum
3231 3758 3357 3811 pro-

1797 3856 1915 3915 pter
1946 3845 2172 3897 militum
2215 3840 2635 3894 imhecillitatem
2665 3838 2732 3891 ab
2771 3837 2922 3890 hoste
2949 3835 3094 3889 nullo
3139 3835 3356 3902 negotio

1797 3936 2190 3993 Conficieudum
2243 3943 2472 4001 putaret.
2503 3931 2744 4002 Moysum
2773 3941 2948 3982 autem
2976 3926 3041 3979 ad
3072 3925 3356 3994 piml‘ectu-

1797 4045 1910 4082 ram
1951 4024 2263 4095 quamdam,
2305 4024 2393 4077 cui
2453 4021 2828 4091 l-lermopolitae
2870 4035 3100 4080 .nomeu,
3127 4033 3355 4086 qmeque

1795 4117 2111 4170 colonorum
2170 4113 2235 4167 ad
2301 4122 2514 4167 centum
2580 4113 2741 4166 millia
2795 4110 3133 4172 numerabat,
3177 4108 3355 4176 profe-

1795 4217 1962 4268 ctum,
1994 4217 2170 4261 castra
2224 4207 2298 4261 ibi
2343 4206 2618 4275 posuisse;
2649 4203 2947 4272 legatorum
2983 4216 3205 4255 suorum
3243 4199 3354 4251 for-

1794 4298 2022 4353 tissimis
2048 4314 2112 4353 ac
2143 4295 2536 4351 strenuissimis
2569 4279 2873 4366 quibusque
2913 4291 3228 4359 praemissis,
3259 4289 3350 4357 qui

1793 4391 1974 4445 locum
2016 4406 2081 4444 ac
2119 4390 2297 4443 sedem
2331 4395 2678 4456 occuparent.
2705 4384 2856 4450 Quod
2890 4383 3086 4436 bellum
3124 4392 3233 4435 toto
3259 4383 3352 4433 de-

1794 4483 1986 4536 cennio
2045 4489 2252 4550 gestum
2305 4493 2446 4543 esse,
2473 4479 2543 4531 ab
2572 4475 2978 4544 lleliopolitanis
3027 4490 3144 4529 sese
3197 4488 3352 4526 acce-

127 4567 284 4622 Οὕτω
313 4566 377 4636 δὴ
428 4569 551 4628 τοὺς
598 4567 892 4629 Αἰθίοπας,
927 4566 1128 4635 καίπερ
1169 4567 1326 4628 ὄντας
1383 4565 1690 4633 πολεμίους,

1796 4575 1940 4642 pisse
1985 4581 2234 4626 testatur.
2259 4569 2431 4623 Porro
2479 4570 2741 4639 Moysum,
2774 4569 3048 4635 copiarum
3082 4565 3354 4633 magnitu-

129 4659 352 4730 στέρξαι
390 4658 482 4711 τὸν
510 4657 770 4722 Μώὺσον,
804 4657 943 4710 ὥστε
983 4659 1073 4709 καὶ
1106 4659 1202 4728 τὴν
1247 4659 1691 4730 περιτομὴν-τῶν

127 4753 340 4808 αἰδοίων
376 4753 503 4821 παρ’
534 4751 738 4803 ἐκείνου
778 4751 1000 4821 μαθεῖν’
1047 4752 1107 4804 οὑ
1160 4752 1316 4821 μόνον
1349 4753 1406 4805 δὲ
1451 4752 1689 4812 τούτους,

127 4845 263 4897 ἀλλὰ
314 4843 407 4896 καὶ
456 4845 579 4906 τοὺς
638 4844 798 4915 ἱερεῖς
831 4843 1092 4907 ἅπαντας.
1140 4845 1242 4896 Τὸν
1275 4843 1334 4895 δὲ
1383 4843 1688 4912 Χενεφρῆν,

126 4934 380 4998 λυθέντος
408 4935 502 4987 τοῦ
531 4935 790 5016 πολέμου,
819 4935 959 5006 λόγῳ
995 4936 1091 5007 μὲν
1121 4935 1280 4987 αὑτὸν
1311 4933 1686 4996 ἀποδέξασθαι,
1709 4955 1720 4966 ι

126 5024 275 5094 ἔργῳ
295 5024 352 5075 δὲ
379 5024 760 5078 ἐπιϐουλεύειν.
794 5026 1162 5098 Παρελόμενον
1193 5024 1320 5093 γοῦν
1360 5023 1521 5075 αὑτοῦ
1568 5023 1689 5084 τοὺς

127 5119 340 5189 δχλους,
367 5119 494 5180 τοὺς
528 5120 624 5187 μὲν
659 5109 750 5188 ἐπὶ
776 5122 844 5181 τὰ
874 5122 994 5191 ὅρια
1033 5119 1128 5189 τῆς
1151 5118 1431 5177 Αἰθιοπίας
1457 5115 1686 5184 πέμψαι,

129 5207 484 5280 προφυλακῆς
519 5200 709 5277 χάριν·
760 5211 959 5281 τοῖς-δὲ
1008 5209 1302 5281 προστάξαι
1350 5209 1437 5260 τὸν
1477 5209 1531 5258 ἐν
1571 5207 1690 5269 Διὸς

128 5299 282 5353 πόλει
311 5297 436 5349 ναὸν
469 5295 528 5359 ἐξ
568 5296 739 5365 ὀπτῆς
788 5299 1005 5351 πλίνθου
1041 5295 1535 5364 κατεσκευασμένον
1592 5311 1689 5345 κα-

128 5391 340 5462 θαιρεῖν
363 5404 378 5417 ·
408 5387 592 5457 ἕτερον
617 5388 673 5440 δὲ
704 5388 896 5440 λίθινον
930 5389 1352 5462 κατασκευάσαι,
1387 5387 1444 5438 τὸ
1465 5384 1688 5453 πλησίον

126 5458 254 5556 ὅρος
299 5480 723 5550 λατομήσαντας.
773 5480 940 5543 Τάξαι
999 5480 1053 5531 δὲ
1107 5483 1197 5532 ἐπὶ
1239 5458 1338 5548 τῆς
1386 5477 1688 5544 οἰκοδομίας

127 5575 426 5643 ἐπιστάτην
461 5571 776 5643 Ναχέρωτα.
805 5572 905 5625 Τὸν
932 5571 1008 5633 δὲ,
1041 5571 1256 5624 ἐλθόντα
1293 5571 1427 5640 μετὰ
1457 5571 1687 5624 Μωΰσου

127 5671 208 5732 εἰς
235 5662 483 5736 Μέμφιν,
508 5662 770 5716 πυθέσθαι
818 5664 946 5733 παρ’
976 5660 1158 5724 αὑτοῦ,
1196 5663 1247 5714 ef
1275 5680 1326 5716 τι
1375 5662 1500 5715 ἄλλο
1542 5664 1688 5716 ἐστὶν

126 5757 429 5828 εὔχρηστον
458 5756 570 5817 τοῖς
595 5752 916 5825 ἀνθρώποις.
952 5752 1052 5803 Τὸν
1102 5750 1156 5803 δὲ
1189 5752 1350 5818 φάναι
1392 5753 1544 5819 γένος
1581 5753 1686 5804 τῶν

128 5843 290 5916 βοῶν,
323 5841 406 5897 διὸ
432 5841 494 5894 τὸ
519 5842 619 5912 τὴν
660 5843 759 5912 γῆν
793 5842 897 5894 ὑπὸ
937 5839 1136 5894 τούτων
1169 5840 1450 5901 άοοῦσθαι.
1493 5842 1595 5897 Τὸν
1627 5843 1685 5897 δὲ

1795 4660 1918 4712 dine
1950 4659 2300 4719 instructum.
2339 4659 2526 4713 eodem
2565 4659 2614 4708 in
2651 4658 2768 4710 loco
2811 4658 2996 4710 urbem
3025 4655 3351 4717 condidisse,

1794 4751 2156 4819 Hermopolim
2218 4753 2453 4814 nomine,
2497 4750 2550 4802 in
2599 4766 2701 4818 qua
2763 4750 2990 4817 primum
3025 4746 3172 4807 ibim,
3201 4749 3351 4814 quod

1793 4841 1979 4895 noxias
2030 4842 2338 4895 hominibus
2387 4840 2688 4893 animantes
2719 4841 2964 4908 perimat,
2995 4839 3342 4890 consecrarit.

1790 4929 1948 5001 433
1982 4929 2264 5000 ιΕιίιίορθε
2315 4939 2494 4982 autem
2549 4930 2715 4999 ipsos,
2746 4929 2957 4981 tametsi
2999 4927 3200 4989 hostes,
3237 4939 3345 4990 tam

1792 5038 2059 5092 propenso
2086 5033 2260 5077 tamen
2291 5022 2343 5072 in
2379 5020 2623 5092 Moysum
2651 5021 2833 5075 animo
2871 5018 3060 5081 fuisse,
3094 5029 3148 5072 ut
3177 5021 3346 5086 ipsius

1790 5131 2005 5184 quoque
2033 5110 2466 5168 circumcisionis
2509 5114 2576 5167 ab
2623 5127 2688 5165 eo
2739 5114 2899 5164 ritum
2935 5113 3257 5181 acciperent.
3289 5109 3342 5162 Id

1789 5209 1930 5274 quod
1961 5223 1987 5258 a
2020 5205 2391 5259 sacerdotibus
2422 5207 2581 5258 etiam
2612 5203 2863 5258 omnibus
2891 5204 3183 5272 przestitum
3229 5199 3346 5253 fne-

1790 5300 1878 5350 rit.
1909 5297 2174 5350 Caeterum
2221 5297 2598 5370 Chenephren,
2632 5294 2874 5351 confeCto
2929 5296 3086 5360 bello,
3126 5295 3340 5346 tametsi

1793 5386 2214 5451 benevolentiam
2249 5402 2343 5440 ore
2378 5385 2679 5447 simularet,
2715 5386 2849 5439 clam
2901 5387 2948 5438 ei
3001 5393 3176 5437 tamen
3210 5384 3341 5436 insi-

1789 5477 1920 5531 diari
1974 5475 2149 5543 reipsa
2208 5475 2529 5543 perrexisse:
2588 5472 2770 5542 Itaque
2825 5470 2989 5540 Moysi
3038 5469 3220 5537 copias
3264 5470 3340 5524 ita

1788 5568 2123 5632 distraxisse,
2155 5575 2214 5620 ut
2272 5565 2466 5634 partim
2523 5566 2587 5619 ad
2631 5563 2918 5631 EthiOpiae
2969 5561 3200 5615 conlinia
3246 5573 3340 5630 per

1789 5673 2006 5711 causam
2043 5656 2277 5726 praesidii
2310 5654 2601 5724 ablegaret,
2631 5652 2824 5723 partim
2867 5651 3178 5720 Diospoleos
3207 5660 3353 5717 tem-,

1788 5749 1933 5818 plum
1961 5751 2141 5817 operis
2166 5746 2383 5802 lateriiii
2409 5748 2642 5809 diruere,
2673 5746 2944 5815 aliudque,
2974 5730 3241 5814 lapidibus
3269 5756 3334 5792 ex

1787 5841 1965 5896 vicino
2025 5849 2205 5896 monte
2257 5840 2433 5908 casis,
2467 5839 2729 5908 lapideum
2779 5838 3043 5894 tdiﬂcare
3095 5839 3334 5908 jubet-ct.
