4022 6342
221 398 333 452 733

1377 383 1688 441 PREPAR.
1732 373 1980 431 EVANG.
2025 374 2149 428 LIB.
2193 374 2282 427 1x.

3331 381 3435 436 7M

222 509 523 584 προστάξαι
550 509 697 580 αὐτῷ
730 509 821 562 τὸν
848 508 944 579 τῆς
995 505 1314 575 οἰκουμένης
1334 503 1611 570 Δεσπότην
1650 501 1762 551 ἀπο

1883 495 2127 562 prodigio
2156 497 2428 567 Moysum,
2459 515 2583 553 cum
2619 501 2911 557 exterritus
2936 504 3164 576 fugeret,
3193 523 3323 564 voce
3355 511 3438 564 di-

218 602 386 656 λῦσαι
413 604 534 665 τοὺς
580 600 881 663 Ἰουδαίους.
912 597 1018 652 Τδν
1051 597 1128 661 δὲ,
1159 595 1476 664 πυθόμενον,
1502 597 1580 656 εἰς
1615 591 1783 661 φυλα-

216 693 330 762 ⁴ιιὴν
377 690 536 744 αὑτὸν
561 686 857 759 καθεῖρξαι.
905 686 1117 748 Νυκτὸς
1161 684 1218 738 δὲ
1266 684 1652 753 ἐπιγενομένης
1687 683 1782 744 τάς

217 799 281 834 τε
353 780 521 853 θύρας
593 781 771 842 πάσας
812 779 1129 849 αὐτομάτως
1178 776 1486 846 ἀνοιχθῆναι
1555 773 1648 826 τοῦ
1695 773 1780 825 δε-

219 873 564 944 σμωτηρίου,
609 874 702 926 καὶ
743 871 852 925 τῶν
894 871 1145 940 φυλάκων
1182 869 1274 932 οὒς
1310 870 1405 932 μὲν
1443 867 1779 933 τελευτῆσαι,

217 966 377 1027 τινὰς
421 965 477 1019 δὲ
523 965 629 1018 ὑπὸ
683 965 772 1017 τοῦ
829 963 996 1016 ὕπνου
1037 963 1376 1032 παρεθῆναι,
1421 959 1491 1011 τά
1538 975 1596 1010 τε
1642 958 1781 1010 ὅπλα

218 1059 570 1129 κατεαγῆναι.
613 1058 922 1122 Ἐξελθόντα
948 1058 1003 1110 δὲ
1027 1059 1116 1109 τὸν
1143 1056 1388 1119 Μώῦσον,
1413 1055 1505 1106 ἐπὶ
1539 1054 1606 1106 τά
1632 1052 1782 1122 βασί-

215 1149 340 1204 λεια
364 1151 532 1203 ἐλθεῖν
553 1168 565 1181 ι
589 1152 814 1222 εὑρόντα
840 1150 897 1202 δὲ
920 1150 1265 1219 ἀνεῳγμένας
1296 1148 1394 1222 τὰς
1421 1147 1586 1216 θύρας
1613 1145 1782 1197 εἰσελ-

219 1241 359 1307 θεῖν,
391 1242 484 1296 καὶ
517 1243 700 1296 ἐνθάδε
728 1242 834 1295 τῶν
865 1242 1112 1311 φυλάκων
1139 1239 1478 1309 παρειμένων
1504 1238 1594 1290 τὸν
1630 1237 1780 1305 βασι-

219 1330 322 1386 λέα
347 1333 632 1406 ἐξεγεῖραι.
668 1335 769 1386 Τὸν
808 1335 884 1399 δὲ,
919 1334 1254 1400 ἐκπλαγέντα
1284 1333 1374 1383 ἐπὶ
1410 1331 1488 1400 τῷ
1515 1329 1776 1398 γεγονότι,

215 1425 473 1477 κελεῦσαι
505 1426 580 1495 τῷ
622 1428 839 1497 Μωΰσῳ
880 1428 939 1479 τὸ
967 1426 1057 1479 τοῦ
1098 1425 1407 1494 πέμψαντος
1444 1422 1602 1475 αὑτὸν
1645 1421 1778 1473 Θεοῦ

215 1518 391 1568 εἰπεῖν
424 1517 611 1586 ὄνομα,
641 1512 1061 1589 διαχλευάσῖαντα
1085 1519 1264 1570 αὐτόν.
1295 1517 1398 1568 Τὸν
1439 1515 1512 1578 δὲ,
1543 1513 1779 1584 προσκύ-

213 1607 394 1675 ψαντα
415 1611 544 1679 πρὸς
567 1610 628 1661 τὸ
648 1605 758 1672 οὖς,
784 1611 975 1663 εἰπεῖν.
997 1610 1320 1661 Ἀκούσαντα
1343 1609 1398 1660 δὲ
1423 1608 1510 1659 τὸν
1535 1607 1775 1676 βασιλέα,

213 1702 404 1753 πεσεῖν
435 1701 644 1768 ἄφωνον
664 1719 676 1732 °
721 1702 1144 1773 διακρατηθέντα
1181 1702 1237 1753 δὲ
1269 1702 1371 1754 ὑπὸ
1398 1701 1487 1752 τοῦ
1520 1702 1774 1765 Μωΰσου,

213 1791 383 1844 πάλιν
416 1780 731 1848 ἀναὸιῶσαι.
763 1795 1049 1865 Γράψαντα
1093 1795 1148 1846 δὲ
1186 1795 1419 1863 τοῦνομα
1457 1796 1539 1855 εἰς
1569 1794 1772 1857 δέλτον,
1809 1829 1846 1882 Β

211 1886 788 1954 ωτασφραγίσασθαιο
816 1889 922 1939 τῶν
950 1887 1005 1939 δὲ
1046 1889 1234 1958 ἱερέων
1263 1890 1352 1940 τὸν
1381 1887 1774 1957 ἐκφαυλίσαντα

207 1978 285 2029 τὰ
316 1979 374 2028 ἐν
415 1981 477 2047 τῇ
511 1979 748 2031 πινακίδι
790 1981 1163 2050 γεγραμμένα,
1199 1981 1334 2049 μετὰ
1390 1979 1635 2050 σπασμοῦ
1686 1980 1774 2033 τὸν

210 2069 330 2137 βίον
360 2071 739 2139 ὲκλιμπάνειν·
773 2075 941 2125 εἰπεῖν
982 2089 1039 2125 τε
1087 2074 1176 2124 τὸν
1217 2072 1438 2141 βασιλέα
1470 2075 1690 2142 σημεῖόν
1720 2090 1771 2124 τι

205 2157 362 2228 αὐτῷ
391 2159 630 2230 ποιῆσαι.
664 2161 766 2214 Τὸν
793 2162 847 2214 δὲ
877 2162 1126 2235 Μὼῦσον,
1162 2164 1226 2233 ἢν
1255 2159 1364 2232 εἶχε
1395 2163 1584 2232 ῥάϐδον
1612 2166 1772 2216 ἐκϐα-

202 2251 390 2317 λόντα,
421 2253 543 2322 ὅφιν
579 2253 832 2323 ποιῆσαι·
871 2255 1205 2323 πτοηθέντων
1235 2254 1289 2306 δὲ
1328 2255 1560 2315 πάντων,
1589 2255 1771 2307 ἐπιλα-

166 2362 174 2366 ·
201 2340 435 2412 δόμενον
468 2344 752 2414 τῆςδούρᾶς
773 2344 1075 2410 ἀνελέσθαι,
1100 2346 1193 2398 καὶ
1215 2346 1370 2397 πάλιν
1397 2344 1586 2415 ῥάϐδον
1618 2346 1772 2414 ποιῆ-

205 2449 321 2484 σαι.
345 2434 680 2510 Προελθόντα
714 2437 769 2489 δὲ
799 2435 1012 2510 μικρὸν,
1039 2437 1129 2489 τὸν
1156 2437 1341 2488 Νεῖλον
1370 2439 1433 2506 τῇ
1466 2437 1644 2506 ῥάϐδῳ
1667 2454 1768 2489 πα-

199 2522 400 2586 τάξαι·
444 2525 532 2577 τὸν
575 2526 631 2578 δὲ
679 2527 940 2597 ποταμὸν,
976 2528 1236 2595 πολύχουν
1263 2528 1568 2596 γενόμενον,
1603 2544 1767 2580 κατα-

201 2613 425 2677 κλύζειν
459 2616 586 2686 ὅλην
611 2617 707 2688 τὴν
731 2618 1016 2684 Αἴγυπτον.
1037 2619 1165 2670 Ἀπὸ
1197 2619 1311 2672 τότε
1341 2619 1396 2670 δὲ
1429 2621 1519 2671 καὶ
1548 2620 1642 2689 τὴν
1671 2637 1766 2673 κα-

200 2705 435 2760 τάϐασιν
461 2708 622 2760 αὑτοῦ
659 2710 915 2775 γίνεσθαι.
950 2711 1251 2778 Συναγαγὸν
1281 2709 1336 2761 δὲ
1363 2709 1422 2762 τὸ
1452 2710 1595 2780 ὕδωρ
1627 2713 1762 2764 ἀπο-

199 2797 381 2864 ζέσαι,
412 2800 504 2850 καὶ
534 2799 600 2850 τὰ
633 2802 867 2869 ποτάμια
893 2802 1195 2872 διαφθεῖραι
1223 2801 1353 2865 ζῶα,
1379 2803 1502 2864 τούς
1527 2820 1583 2855 τε
1606 2803 1765 2866 λαοὺς

198 2887 292 2942 διὰ
335 2890 430 2960 τὴν
475 2890 631 2960 δίψαν
671 2892 1002 2962 φθείρεσθαι.
1047 2894 1148 2945 Τὸν
1186 2893 1238 2943 δὲ
1291 2893 1530 2962 βασιλέα,
1563 2893 1762 2947 τούτων

198 2981 511 3049 γενομένων
535 2983 640 3035 τῶν
666 2983 922 3054 τεράτων,
943 2984 1103 3050 φάναι
1130 2984 1263 3052 μετὰ
1290 2985 1437 3052 μῆνα
1461 2985 1583 3045 τοὺς
1601 2984 1762 3046 λαοὺς

197 3070 510 3135 ἀπολύσειν,
542 3072 634 3124 έάν
677 3075 1094 3142 ἀποκαταστήσῃ
1148 3073 1235 3124 τὸν
1283 3074 1537 3143 ποταμόν.
1575 3074 1676 3128 Τὸν
1702 3073 1757 3126 δὲ

1883 584 2083 639 vinitus
2135 586 2376 643 immissa
2425 591 2757 648 admonitum
2787 610 2929 659 esse,
2965 606 3025 651 ut
3064 601 3117 654 in
3144 600 3434 672 Egyptum

1883 675 2217 741 expeditione
2241 688 2510 748 suscepta,
2537 680 2751 738 Judzeos
2780 684 3053 752 liberaret,
3072 703 3136 741 ac
3152 691 3433 757 pristinam

1883 767 1935 819 in
1963 768 2192 834 patriam
2224 771 2513 840 aliquando
2538 774 2835 832 reduceret.
2880 777 3064 848 Itaque
3116 784 3437 839 conﬁrmato

1881 859 2064 914 animo
2082 861 2278 916 bellum
2309 863 2576 937 Egyptiis
2601 867 2802 925 inlerre
2827 874 3102 939 statuisse,
3130 876 3208 929 sic
3231 885 3433 941 tamen,

1883 957 1939 1001 ut
1978 950 2247 1005 Aaronem
2285 954 2503 1009 fratrem
2536 967 2660 1012 ante
2692 962 2874 1014 omnia
2904 966 3235 1019 conveniret.
3266 968 3435 1036 Cujus

1881 1041 2110 1094 adventu
2143 1044 2426 1110 nuntiato,
2459 1047 2773 1118 Egyptium
2823 1068 3000 1124 regem
3048 1072 3114 1109 ex
3156 1073 3240 1122 eo,
3273 1075 3431 1127 quem

1881 1134 1945 1186 ad
1997 1149 2115 1188 sese
2157 1137 2437 1190 confestim
2473 1152 2809 1208 evocaverat,
2843 1148 3142 1214 quaesiisse,
3173 1165 3432 1217 quorsum

1880 1224 2006 1277 illuc
2037 1227 2268 1280 venisset
2305 1245 2318 1280 :
2356 1229 2529 1297 ipsum
2561 1243 2763 1298 autem,
2797 1237 2946 1292 orbis
2983 1241 3220 1296 universi
3251 1245 3434 1296 mode-

1879 1318 2078 1372 ratoris
2121 1318 2278 1387 jussu
2328 1336 2390 1375 ac
2437 1325 2654 1378 nomine
2687 1329 2797 1396 regi
2827 1328 3195 1396 denuntiasse,
3229 1335 3304 1387 uti
3335 1332 3434 1387 Ju-

1879 1407 2024 1462 dIBOS
2079 1409 2278 1466 liberos
2327 1428 2655 1484 securosque
2706 1419 3015 1476 dimitteret.
3048 1423 3431 1488 Quamobrem,

1878 1509 2000 1548 cum
2036 1497 2088 1550 in
2117 1513 2386 1554 carcerem
2434 1502 2503 1556 ab
2542 1519 2607 1557 eo
2631 1507 2907 1575 conjectus
2932 1521 3093 1586 esset,
3123 1523 3282 1568 noctu
3311 1531 3436 1584 por-

1879 1596 1960 1642 tas
2021 1603 2208 1645 omnes
2262 1595 2499 1650 carceris
2553 1607 2742 1663 Sponte
2785 1591 3043 1668 patuisse,
3074 1608 3436 1677 custodesque

1877 1683 2072 1750 partim
2133 1687 2415 1753 repentino
2468 1688 2708 1744 sublatos
2765 1692 3017 1757 interitu,
3074 1701 3267 1765 partim
3325 1703 3433 1757 alto

1878 1783 2070 1831 somno
2103 1780 2314 1835 solutos
2349 1781 2535 1838 fractis
2586 1786 2788 1854 passim
2819 1788 2985 1841 armis
3004 1788 3261 1857 jacuisse.
3294 1792 3429 1862 Moy-

1875 1884 1995 1925 sum
2029 1887 2059 1925 e
2094 1875 2317 1944 vestigio
2345 1891 2462 1931 sese
2491 1877 2542 1929 in
2571 1880 2796 1948 regiam,
2846 1880 3127 1949 patefactis
3155 1885 3316 1938 etiam
3351 1888 3430 1938 ul-

1876 1973 1959 2016 tro
1981 1963 2186 2030 januis,
2217 1965 2484 2031 intulisse,
2509 1983 2572 2023 ac
2601 1970 2950 2038 praesidiariis
2995 1973 3258 2029 militibus
3304 1992 3429 2044 pro-

1875 2054 2041 2110 fundo
2071 2071 2287 2126 quoque
2313 2074 2505 2113 somno
2531 2062 2773 2131 sepultis,
2808 2079 2985 2133 regem
3017 2067 3313 2131 excitasse;
3337 2070 3429 2136 qui

1873 2145 2003 2201 facti
2054 2151 2342 2204 novitatem
2395 2153 2627 2220 primum
2677 2155 2891 2223 quidem
2921 2157 3275 2226 ohstupuerit,
3307 2175 3429 2213 mox

1872 2248 2071 2303 tamen,
2105 2243 2263 2310 quasi
2295 2242 2451 2298 ludos
2477 2243 2716 2316 Moysum
2748 2247 2967 2312 faceret,
2989 2248 3122 2303 Deia
3141 2266 3248 2326 quo
3269 2249 3430 2322 535

1869 2333 2071 2387 missus
2119 2335 2282 2396 ésset,
2323 2349 2519 2390 nomen
2572 2354 2694 2392 eum
2747 2341 2957 2408 aperire
2980 2342 3202 2410 jusserit
3240 2362 3252 2396 :
3286 2347 3428 2412 quod

1868 2423 1960 2476 ubi
1993 2422 2208 2494 Moysus
2241 2427 2292 2479 in
2331 2442 2513 2482 aurem
2546 2428 2897 2496 insinuasset,
2935 2450 3110 2502 regem
3146 2437 3290 2491 illico
3310 2453 3430 2490 mu-

1869 2525 1980 2570 tum
2016 2519 2339 2584 concidisse,
2370 2520 2544 2576 donec
2601 2524 2670 2577 ab
2728 2525 2915 2578 eodem
2955 2538 3203 2596 arreptus
3230 2529 3331 2583 sibi
3363 2545 3428 2584 ac

1867 2609 1986 2663 vitze
2011 2611 2343 2667 redderetur.
2380 2611 2441 2667 Et
2473 2613 2624 2668 illum
2651 2616 2867 2686 quidem
2898 2602 3193 2674 indicatum
3230 2636 3425 2675 nomen

1866 2703 2075 2759 tabellis
2125 2705 2488 2776 inscripsisse,
2519 2689 2655 2777 quas
2700 2712 3043 2778 postmodum
3077 2713 3378 2781 obsignarit
3411 2731 3423 2766 :

1864 2798 2150 2866 quemdam
2180 2815 2305 2852 vero
2332 2801 2688 2870 sacerdotem,
2711 2802 2800 2870 qui
2833 2804 3018 2872 scripti
3047 2805 3281 2858 nominis
3307 2821 3424 2857 ma-

1856 2887 2106 2953 jestatem
2129 2889 2381 2955 elevaret,
2416 2878 2694 2959 repentino
2725 2907 2942 2960 spasmo
2967 2905 3270 2963 correptum
3305 2911 3424 2960 per-

1863 2978 2010 3033 iisse.
2039 2977 2324 3043 Praterea,
2360 2997 2484 3035 cum
2535 2998 2623 3037 rex
2669 2999 2699 3036 a
2743 2983 2928 3056 Moyso
2969 2985 3269 3054 prodigium
3324 2986 3424 3037 ali-

1863 3070 2008 3139 quod
2063 3080 2356 3140 expeteret,
2391 3089 2516 3128 eum
2563 3090 2726 3144 quam
2757 3092 2919 3130 manu
2947 3076 3150 3144 virgam
3186 3079 3421 3140 tenebat,

196 3162 452 3224 Μὼῡσον,
479 3163 637 3217 πάλιν
683 3168 747 3234 τῇ
796 3165 972 3234 ῥάϐδῳ
1024 3165 1330 3230 πατάξαντα
1375 3164 1434 3216 τὸ
1475 3163 1635 3234 ὕδωρ,
1666 3166 1759 3218 συ-

1867 3162 1919 3215 in
1953 3175 2258 3232 serpentem
2312 3164 2493 3220 subito
2519 3167 2870 3232 convertisse,
2907 3168 3267 3237 omnibusque
3304 3180 3419 3224 stu-

196 3256 408 3307 στεῖλαι
448 3256 507 3306 τὸ
533 3256 729 3325 ῥεῦμα.
766 3257 962 3310 Τούτου
991 3257 1047 3309 δὲ
1072 3258 1378 3326 γενομένου,
1411 3257 1502 3309 τὸν
1537 3258 1761 3328 βασιλέα

194 3345 324 3407 sub;
377 3346 540 3416 ἱερεῖς
582 3352 706 3411 τοὺς
743 3349 882 3419 ὑπὲρ
928 3350 1144 3418 Μέμφιν
1189 3350 1431 3412 καλέσαι,
1465 3351 1556 3403 καὶ
1599 3351 1759 3418 φάναι

194 3438 396 3500 αὐτοὺς
422 3440 752 3508 ἀναιρήσειν,
774 3441 864 3491 καὶ
893 3441 959 3504 τὰ
987 3441 1104 3509 ἱερά
1139 3439 1527 3511 κατασκάψειν,
1561 3441 1655 3493 ὲάν
1687 3443 1760 3512 μὴ

196 3532 292 3583 καὶ
337 3530 490 3583 αὐτοὶ
536 3532 1028 3602 τερατουργήσωσι.
1063 3533 1198 3593 Τοὺς
1235 3532 1291 3583 δὲ
1329 3532 1448 3583 τότε
1486 3533 1572 3584 διά
1601 3549 1760 3584 τινων

198 3621 496 3690 μαγγάνων
545 3622 636 3673 καὶ
682 3622 944 3674 ὲπαοιδῶν
972 3622 1232 3693 δράκοντα
1273 3623 1510 3692 ποιῆσαι,
1546 3623 1638 3674 καὶ
1671 3622 1760 3674 τὸν

193 3713 443 3783 ποταμὸν
491 3713 856 3783 μεταχρῶσαι.
889 3715 991 3765 Τὸν
1045 3714 1099 3766 δὲ
1153 3714 1373 3783 βασιλέα
1428 3731 1760 3783 φρονηματι-

197 3804 392 3856 σθέντα
442 3805 531 3856 ἐπὶ
563 3804 638 3874 τῷ
684 3804 942 3872 γεγονότι,
975 3806 1120 3877 πάσῃ
1146 3804 1381 3874 τιμωρίᾳ
1416 3804 1507 3858 καὶ
1544 3804 1759 3858 κολάσει

194 3892 534 3957 καταικίζειν
577 3896 702 3956 τοὺς
747 3895 1044 3958 Ἰουδαίους.
1071 3895 1172 3947 Τὸν
1211 3894 1265 3946 δὲ
1309 3894 1558 3960 Μώῦσον,
1589 3896 1760 3949 ταῦτα

191 3985 424 4056 ὁρῶντα,
451 3984 583 4039 ἄλλα
614 4002 672 4037 τε
707 3990 907 4056 σημεῖα
936 3989 1174 4057 ποιῆσαι,
1201 3987 1294 4039 καὶ
1325 3988 1634 4054 πατάξαντα
1664 3991 1758 4059 τὴν

190 4079 299 4148 γῆν
323 4079 386 4148 τῇ
418 4078 618 4148 ῥάϐδῳ,
643 4075 778 4141 ζῶόν
808 4095 860 4130 τι
893 4080 1088 4149 πτηνὸν
1117 4081 1336 4141 ἀνεῖναι,
1359 4079 1387 4130 ὃ
1420 4081 1755 4150 λυμήνασθαι

192 4169 323 4231 τοὺς
356 4170 702 4235 Αἰγυπτίους,
735 4171 910 4223 πάντα
943 4188 1001 4223 τε
1029 4170 1384 4238 έξελκωθῆναι
1412 4171 1478 4223 τὰ
1510 4171 1750 4240 σώματα.

193 4258 319 4314 Τῶν
341 4260 395 4310 δὲ
427 4260 626 4329 ἰατρῶν
651 4261 724 4330 μὴ
744 4261 1051 4331 δυναμένων
1076 4263 1256 4314 ἰᾶσθαι
1281 4261 1403 4322 τοὺς
1429 4261 1751 4330 κάμνοντας,

191 4351 335 4404 οὕτω
366 4352 524 4404 πάλιν
549 4352 786 4415 ἀνέσεως
813 4357 994 4422 τυχεῖν
1019 4359 1141 4412 τοὺς
1173 4354 1470 4414 Ἰουδαίους.
1503 4353 1668 4406 Πάλιν
1695 4372 1751 4406 τε

1864 3255 2134 3323 pentibus,
2174 3265 2386 3323 arrepta
2447 3255 2618 3310 cauda
2672 3257 2904 3326 priorem
2954 3259 3002 3312 ei
3042 3275 3231 3314 rursus
3259 3261 3421 3328 virgae
3476 3258 3481 3261 ’

1863 3344 2436 3399 formam'reddidisse.
2469 3345 2636 3401 Paulo
2669 3358 2790 3416 post
2832 3347 3008 3402 Nilum
3054 3349 3237 3403 eadem
3269 3350 3415 3418 virga

1861 3452 2197 3505 percussum,
2231 3436 2713 3493 intumescentibus
2763 3440 2941 3505 undis,
2973 3439 3260 3509 Egyptum
3291 3445 3417 3494 uui-

1864 3543 2072 3581 versam
2105 3529 2408 3597 proluisse;
2438 3545 2504 3584 ex
2536 3545 2709 3598 coque
2731 3541 2968 3597 tempore
2985 3531 3141 3584 statis
3165 3532 3419 3599 deinceps

1860 3622 2068 3677 vicibus
2103 3623 2155 3675 in
2188 3637 2350 3692 agros
2379 3637 2497 3676 sese
2527 3618 2703 3675 Nilum
2726 3620 2999 3676 eﬂ‘udissc.
3018 3621 3136 3678 Mox
3165 3624 3415 3678 collecta:

1857 3727 1912 3770 et
1935 3724 2242 3784 stagnantes
2270 3717 2468 3783 passim
2497 3729 2665 3783 aquas
2695 3714 3030 3780 ell‘erbuisse,
3053 3730 3153 3769 nec
3177 3715 3415 3783 piscibus

1861 3808 2024 3862 modo
2071 3795 2367 3871 interitum,
2403 3805 2495 3859 sed
2546 3805 2817 3860 exitialem
2860 3823 3075 3876 quoque
3107 3807 3418 3861 hominibus

1860 3900 2004 3954 sitim
2032 3897 2297 3952 attulisse.
2327 3895 2509 3965 Itaque
2541 3912 2720 3966 regem
2753 3907 2829 3952 tot
2856 3898 3114 3966 prodigiis
3145 3897 3413 3960 territum,

1859 4007 1977 4045 sese
2005 3998 2126 4058 post
2156 4004 2393 4044 mensem
2412 3989 2626 4043 Judaos
2659 3989 3008 4043 dimissurum
3040 3987 3413 4055 spopondisse,

1857 4081 1901 4133 si
1936 4080 2198 4147 pristinus
2230 4078 2437 4133 [lumini
2484 4089 2658 4133 status
2682 4095 2711 4130 a
2744 4077 2927 4146 Moyso
2961 4077 3272 4130 redderetur
3303 4093 3316 4130 :
3351 4076 3415 4129 il-

1856 4175 1966 4228 lum
2020 4191 2218 4244 aquam
2268 4176 2445 4228 denuo
2480 4175 2628 4242 virga
2676 4157 2933 4240 tetigisse,
2968 4172 3266 4238 eodemque
3297 4185 3414 4223 mo-

1856 4278 2038 4323 mento
2095 4269 2413 4323 insolentem
2465 4266 2583 4334 ejus
2639 4264 3282 4333 impetum‘constitisse.
3317 4263 3412 4317 llic

1854 4376 1981 4414 vero
2016 4376 2216 4428 regem,
2245 4358 2501 4422 evocatis,
2532 4358 2625 4426 qui
2676 4367 2825 4409 trans
2878 4355 3164 4426 Memphim
3215 4357 3412 4409 incolc-

187 4446 281 4498 τὸν
309 4446 538 4497 Μώῦσον
582 4448 845 4515 βάτραχον
888 4445 973 4496 διά
1013 4447 1110 4512 τῆς
1141 4446 1333 4511 ράόδου
1364 4446 1585 4506 ἀνεῖναι,
1619 4447 1752 4515 πρὸς

1863 4453 2008 4517 bant,
2042 4452 2436 4512 sacerdotibus,
2469 4465 2655 4503 necem
2701 4451 2956 4504 omnibus
2984 4449 3407 4511 interminatnm,

184 4539 245 4592 δὲ
266 4536 474 4598 τούτοις
491 4537 732 4608 ἀκρίδας,
751 4541 842 4589 καὶ
869 4535 1114 4598 σκνίπας.
1137 4537 1229 4588 Διὰ
1255 4537 1408 4588 τοῦτο
1423 4537 1478 4589 δὲ
1507 4537 1599 4589 καὶ
1623 4541 1748 4602 τοὺς

185 4631 514 4699 Αἰγυπτίους
559 4630 656 4700 τὴν
715 4625 903 4698 ράὗδον
954 4628 1259 4682 ἀνατιθέναι
1305 4631 1384 4691 εις
1429 4632 1534 4682 πᾶν
1584 4630 1744 4702 ἱερὸν,

181 4723 386 4794 ὁμοίως
409 4723 465 4776 δὲ
497 4724 590 4776 καὶ
619 4727 686 4792 τῇ
719 4723 892 4784 Ἴσιδι,
929 4722 1014 4774 διὰ
1055 4723 1114 4774 τὸ
1149 4722 1244 4791 τὴν
1292 4723 1390 4791 γῆν
1419 4719 1552 4774 εἶναι
1581 4721 1743 4783 Ἶσιν,

182 4815 485 4884 παιομένην
529 4815 585 4866 δὲ
623 4817 688 4884 τῇ
743 4813 940 4896 passo,
965 4814 1032 4865 τὰ
1062 4814 1259 4882 τέρατα
1286 4815 1511 4865 ἀνεῖναι,
1550 4812 1654 4864 Τοῦ
1688 4811 1744 4865 δὲ

183 4905 450 4976 βασιλέως
482 4905 560 4958 ἔτι
591 4899 1007 4978 ἀφρονουμένου,
1042 4906 1132 4956 τὸν
1162 4904 1388 4956 Μώῡσον
1418 4905 1653 4973 χάλαζάν
1685 4920 1743 4956 τε

180 4998 278 5049 καὶ
318 4997 572 5065 σεισμοὺς
619 4998 706 5051 διά
747 4998 935 5060 νυκτὸς
962 4997 1298 5058 ἀποτελέσαι,
1330 4997 1466 5048 ὥστε
1502 4998 1622 5057 τοὺς
1655 4995 1743 5045 τὸν

179 5086 404 5155 σεισμὸν
450 5085 747 5153 φεύγοντας
791 5088 898 5140 ἀπὸ
943 5089 1036 5154 τῆς
1084 5088 1318 5158 χαλάζης
1373 5086 1738 5157 ἀναιρεῖσθαι,

179 5178 305 5242 τούς
347 5195 411 5230 τε
441 5178 540 5248 τὴν
582 5177 819 5246 χάλαζαν
856 5181 1193 5241 ὲκκλίνοντας
1237 5183 1338 5233 ὑπὸ
1370 5182 1476 5233 τῶν
1505 5179 1740 5248 σεισμῶν

174 5265 600 5336 διαφθείρεσθαι.
634 5266 934 5335 Συμπεσεῖν
955 5267 1009 5318 δὲ
1035 5267 1150 5318 τότε
1181 5269 1276 5330 τὰς
1309 5270 1406 5339 μὲν
1433 5271 1604 5330 οἰκίας
1633 5271 1739 5323 πά-

179 5375 302 5421 σας,
332 5356 438 5409 τῶν
470 5373 530 5408 τε
561 5358 704 5410 ναῶν
733 5359 856 5420 τοὺς
880 5358 1177 5419 πλείστους.
1212 5359 1524 5412 Τελευταῖον
1554 5363 1738 5414 τοιαύ-

176 5467 298 5512 ταις
336 5449 636 5519 συμφοραῖς
663 5449 1020 5518 περιπεσόντα
1059 5448 1147 5499 τδν
1183 5447 1420 5515 βασιλέα,
1453 5451 1576 5513 τοὺς
1621 5453 1740 5503 ἰου-

175 5541 361 5604 δαίους
404 5539 690 5594 ἀπολῦσαι.
727 5541 863 5603 Τοὺς
907 5540 962 5592 δὲ
1019 5541 1392 5611 χρησαμένους
1438 5541 1588 5610 παρά
1631 5544 1737 5597 τῶν

138 5703 142 5706 ι
177 5633 485 5701 Αἰγυπτίων
518 5630 686 5685 πολλά
718 5632 817 5703 μὲν
849 5631 1167 5701 ἐκπώματα,
1196 5633 1293 5685 οὐκ
1324 5633 1501 5703 ὀλίγον
1527 5636 1581 5689 δὲ
1609 5641 1735 5708 ἱμαα

178 5723 386 5787 τισμὸν.
416 5723 579 5788 ἄλλην
623 5742 681 5778 τε
731 5725 1030 5790 παμπληθῆ
1081 5727 1271 5792 γάζαν,
1299 5727 1585 5795 διαϐάντας
1611 5733 1735 5793 τοὺς

1855 4545 1957 4598 nisi
2003 4545 2200 4598 similia
2236 4543 2333 4611 ipsi
2367 4557 2582 4611 quoque
2612 4543 2853 4611 prodigia
2888 4542 3245 4596 ostenderent.
3277 4539 3404 4602 Eos,

1851 4632 2138 4702 prmstigiis
2163 4638 2216 4684 et
2250 4631 2590 4685 cantionibus
2624 4630 2948 4698 quibusdam
2981 4636 3195 4696 repente
3221 4629 3407 4682 draco-

1850 4727 1955 4786 nis!
1979 4723 2212 4794 speciem
2262 4722 2548 4791 objecisse,
2579 4739 2642 4776 ac
2671 4721 2908 4776 ﬂuminis
2945 4720 3177 4773 colorem
3209 4718 3405 4773 immu-
3479 4708 3490 4717 ’

1849 4826 2025 4876 tasse;
2078 4829 2187 4884 quo
2237 4811 2378 4866 facto
2425 4814 2702 4867 elatiorem
2749 4827 2811 4865 ac
2857 4809 3199 4864 tumidiorem
3240 4825 3402 4880 quam

1843 4895 2004 4960 antea
2040 4921 2239 4973 regem,
2273 4905 2421 4958 omni
2460 4920 2736 4975 poenarum
2783 4917 2845 4956 ac
2891 4899 3276 4968 suppliciorum
3319 4915 3403 4969 ge-

1849 5012 1975 5050 nere
2007 4998 2348 5064 postmodum
2377 4995 2590 5048 Iudaeos
2617 5008 2859 5047 vexasse.
2879 4991 3032 5057 Quod
3064 4993 3150 5045 ubi
3189 4991 3425 5059 Moyses.

1846 5088 2070 5152 videret,
2097 5103 2219 5140 cum
2251 5086 2352 5139 alia
2383 5086 2637 5152 pleraque
2666 5083 2731 5135 ab
2760 5095 2826 5133 eo
2852 5081 3108 5135 miracula
3143 5077 3278 5134 edita
3311 5095 3399 5133 es-
3453 5082 3456 5085 ’

1847 5194 1926 5242 se,
1961 5187 2076 5240 tum
2107 5195 2170 5231 ex
2215 5188 2378 5236 terra,
2407 5190 2568 5242 quam
2625 5173 2775 5242 virga
2835 5181 3194 5242 percusserat,
3229 5184 3398 5237 genus

1845 5270 2112 5339 quoddam
2147 5268 2270 5321 alati
2307 5266 2596 5319 animantis
2627 5265 2916 5328 exstitisse,
2949 5262 3087 5331 quod
3120 5259 3397 5329 Egyptios

1844 5362 2077 5430 pessime
2128 5365 2363 5418 vexaret,
2413 5355 2764 5422 onmiumque
2821 5351 3137 5419 corporibus
3192 5350 3392 5404 fmdum

1844 5453 2115 5506 morsibus
2146 5447 2638 5517 punctionibusque
2679 5447 2792 5500 suis
2823 5445 2976 5498 ulcus
3002 5444 3260 5495 inureret.
3295 5443 3391 5497 Cui

1843 5546 2033 5597 morbo
2077 5557 2199 5595 cum
2258 5540 2464 5593 nullum
2502 5539 2692 5593 medici
2731 5536 3023 5589 remedium
3075 5535 3389 5596 invenirent,

1840 5636 2055 5690 Judaeos
2103 5634 2496 5702 aliquantulum
2547 5631 2725 5684 dettuo
2784 5628 3099 5695 respirasse.
3150 5627 3388 5698 Moysum

1841 5743 1991 5792 vero,
2023 5725 2261 5794 ejusdem
2289 5725 2450 5794 virgm
2478 5730 2729 5778 contactu
2775 5736 2934 5774 ranas
2964 5721 3390 5790 prtctcrcadoeu-
