4022 6342
176 398 280 455 749

1309 405 1630 464 ΡΒᾹΞΡΑΒ.
1675 411 1919 467 EVANG.
1953 416 2080 469 LIB.
2125 417 2212 470 IX.

173 514 444 583 Αἰγύπτου
476 517 694 586 βασιλέα
722 521 817 593 τὴν
847 524 1341 596 ὑπογεγραμμένην
1367 527 1664 598 ἐπιστολήν.
1690 549 1708 580 ι

3277 416 3384 471 750

1829 532 2087 599 principe,
2122 549 2183 587 ac
2208 533 2440 587 tribunis
2458 533 2763 596 duodecim,
2798 546 2920 585 cum
2951 546 3107 596 auro,
3138 544 3380 602 argento,

171 621 302 671 aere,
333 608 897 683 lapidibus,lignisque
916 616 1167 669 omnibus
1184 617 1508 687 cypressinis
1533 633 1597 671 ac
1623 619 1855 674 cedrinis
1878 622 2184 676 tradidisse.
2216 621 2382 692 m
2417 622 2760 677 Salomonem
2795 637 2944 683 vero,
2973 637 3093 674 cum
3128 621 3380 676 defuncto

168 704 574 769 patre'reguum
599 706 938 770 capessisset,
966 707 1030 759 ad
1063 704 1307 774 Vaphren
1336 707 1583 778 _£gypti
1625 724 1802 779 regem
1833 725 1973 776 eam,
2007 727 2126 781 qua:
2151 715 2416 782 sequitur,
2445 715 2725 781 epistolam
2761 715 3062 783 scripsisse.
3084 735 3104 766 ι

667 799 1057 851 ΚΕΦΑΛΑΙΟΝ
1099 800 1222 851 ΛΑ’.

162 906 461 979 Βασιλεὺς
495 902 772 985 Σολομὼν
809 908 1049 985 Οὑαρρῇ
1098 910 1347 985 βασιλεῖ
1394 912 1718 978 Αἰγύπτου,

579 980 734 1044 φίλῳ
761 980 1033 1044 πατμκῴ,
1063 983 1301 1046 χαίρειν.

243 1109 263 1142 ι
306 1087 540 1144 Τίνωσκέ
583 1109 649 1161 με
698 1083 1068 1162 παρειληφότα
1109 1094 1205 1161 τὴν
1246 1094 1522 1161 βασιλείαν
1569 1095 1718 1163 παρὰ

160 1183 327 1234 Δαὸὶδ
353 1183 444 1235 τοῦ
467 1183 671 1252 πατρὸς
689 1183 773 1235 διὰ
800 1182 892 1235 τοῦ
922 1184 1054 1235 Θεοῦ
1077 1184 1168 1236 τοῦ
1194 1185 1464 1253 μεγίστου,
1492 1187 1583 1237 καὶ
1609 1186 1720 1238 ἐπι-

157 1273 445 1342 τεταχότος
475 1289 562 1343 μοι
594 1273 937 1343 οἰκοδομῆσαι
976 1276 1117 1344 ἱερὸν
1160 1275 1245 1343 τῷ·
1262 1275 1400 1344 Θεῷ,
1429 1274 1485 1337 ὃς
1510 1275 1598 1327 τὸν
1627 1277 1716 1327 οὐ-

1747 809 1794 865 Α
2377 806 2601 861 CAPUT
2635 807 2826 860 XXXI.

1825 907 2074 968 Salomon
2105 932 2194 969 rea:
2236 915 2457 984 Vaplirte
2505 915 2727 987 Egypti
2779 919 2905 986 regi,
2957 918 3124 971 amico
3157 927 3372 987 paterno

2479 986 2722 1039 salutem.

1894 1113 1912 1145 ι
1948 1092 2172 1152 Noveris
2199 1111 2284 1151 me
2313 1099 2512 1152 summi
2561 1099 2812 1153 Numinis
2867 1099 3366 1173 beneflciqregnum

1817 1200 1848 1238 a
1875 1185 2068 1242 Davide
2096 1197 2246 1256 patre
2270 1189 2564 1256 accepisse,
2592 1205 2621 1242 a
2648 1205 2756 1257 quo
2783 1191 3036 1259 templum
3086 1192 3193 1247 Deo
3247 1194 3368 1249 ειειί
3398 1259 3402 1263 η

1816 1284 2193 1346 terrarumque
2225 1280 2458 1333 molitori
2493 1280 2756 1333 mdificare
2778 1280 2964 1348 jussus
3022 1281 3236 1348 fuerim,
3297 1283 3367 1338 si-

160 1365 322 1435 ρανὸν
349 1366 441 1418 καὶ
470 1365 566 1435 τὴν
594 1365 696 1434 γῆν
720 1365 945 1418 ἔκτισεν·
980 1367 1092 1436 ἅμα
1121 1365 1178 1418 δέ
1209 1383 1289 1418 σοι
1320 1366 1686 1435 γράψαιίάπο

1816 1370 2034 1436 mulque
2059 1371 2154 1422 abs
2179 1378 2229 1422 te
2253 1384 2347 1438 per
2372 1369 2582 1422 litteras
2602 1377 2802 1437 petere,
2828 1371 2905 1422 uti
2933 1371 2997 1424 ad
3030 1387 3116 1426 me
3169 1388 3232 1426 ex
3283 1389 3371 1427 re-

157 1455 364 1508 στεῖλαί
398 1472 486 1526 μοι
522 1456 627 1508 τῶν
674 1457 822 1526 παρὰ
864 1456 956 1508 σοῦ
987 1457 1151 1518 λαῶν,
1183 1455 1232 1508 οἳ
1281 1458 1686 1526 παραστήσοντα

1813 1457 1902 1526 gni
1925 1457 2328 1512 tuihominibus
2351 1457 2624 1526 fabrisquc
2649 1458 2851 1522 mittas,
2880 1461 2973 1528 qui
3030 1476 3184 1516 suam
3232 1464 3363 1517 mihi

157 1563 251 1614 μοι
297 1547 457 1615 μέχρι
501 1547 593 1598 τοῦ
638 1548 941 1599 ἐπιτελέσαι
991 1548 1164 1599 πάντα
1208 1548 1347 1599 κατὰ
1376 1549 1476 1617 τὴν
1502 1549 1710 1618 χρείαν,

152 1635 345 1689 καθότι
372 1637 734 1689 ἐπιτέτακται.
769 1657 787 1687 ι

654 1749 1038 1802 ΚΕΦΑΛΑΙΟΝ
1087 1750 1208 1801 AB’.

147 1861 447 1924 Βασιλεὺς
491 1859 764 1929 Οὐαφρῆς
824 1859 1123 1928 Σολομῶνι
1175 1860 1424 1924 βασιλεῖ
1467 1860 1704 1931 μεγάλῳ

805 1933 1047 1998 χαίρειν.

113 2064 115 2066 ·
223 2058 247 2091 ς
287 2041 436 2110 ’Ἅμα
472 2042 547 2111 τῷ
587 2042 887 2109 ἀναγνῶναι
933 2043 1028 2112 τὴν
1063 2042 1216 2113 παρὰ
1263 2041 1355 2095 σοῦ
1395 2042 1698 2113 ἐπιστολὴν,

1811 1561 2027 1614 operam
2055 1556 2270 1612 navent,
2301 1549 2494 1618 donec,
2521 1550 2596 1600 uti
2642 1563 2740 1617 par
2785 1559 2885 1615 est,
2934 1561 3148 1616 cuncta,
3203 1561 3361 1622 prout
3472 1577 3475 1579 ·

1805 1635 1991 1704 jussus
2023 1651 2121 1706 ego
2143 1653 2287 1700 sum,
2326 1646 2576 1693 accurate
2605 1638 2900 1709 perfecero.
2951 1660 2970 1693 ι

2349 1747 2576 1802 CAPUT
2603 1749 2817 1805 XXXII.

1953 1856 2180 1928 Vaphrea
2201 1874 2294 1913 rea:
2321 1858 2597 1917 Satomoni
2613 1862 2720 1930 regi
2745 1877 2932 1930 magno
2961 1862 3207 1918 salutem.

1872 2056 1896 2089 ι
1925 2037 2158 2094 Litteras
2181 2048 2304 2094 tuas
2328 2039 2488 2094 simul
2518 2049 2677 2109 atque
2717 2040 2937 2113 perlegi,
2989 2057 3145 2104 cum.
3174 2043 3343 2113 ingen-

144 2132 354 2202 σφόδρα
374 2132 593 2202 ἐχάρην,
623 2133 715 2184 καὶ
743 2132 995 2203 λαμπρὰν
1024 2134 1232 2202 ἡμέραν
1257 2134 1480 2201 ἤγαγον,
1510 2132 1622 2200 ἐγώ
1644 2149 1686 2185 τι

1804 2133 1914 2181 tem
1943 2130 2128 2184 animo
2148 2131 2266 2198 cepi
2289 2131 2550 2194 laetitiam,
2578 2139 2691 2184 tum
2761 2131 3025 2200 genialem
3081 2148 3202 2186 cum
3236 2129 3354 2187 uui-

139 2221 244 2274 καὶ
267 2223 299 2291 ὴ
327 2221 547 2290 δύναμίς
573 2240 673 2291 μου
697 2226 862 2285 πᾶσα,
894 2224 983 2275 ἐπὶ
999 2220 1074 2291 τῷ
1102 2223 1490 2293 παρειληφέναι
1511 2239 1568 2275 σε
1592 2223 1686 2294 τὴν

1800 2233 1961 2273 verso
1981 2221 2218 2275 exercitu
2272 2224 2578 2291 populoque
2623 2237 2745 2276 meo
2781 2223 2922 2277 diem
2973 2223 3079 2292 egi,
3122 2225 3264 2293 quod
3314 2234 3346 2273 a

143 2310 422 2377 βασιλείαν
445 2312 594 2382 παρὰ
620 2312 854 2382 χρηστοῦ
885 2313 1093 2383 ἀνδρὸς,
1126 2314 1216 2366 καὶ
1246 2313 1694 2383 δεδοκιμασμένου

137 2400 251 2454 ὑπὸ
268 2403 578 2471 τηλικούτου
599 2405 751 2458 Θεοῦ.
771 2403 904 2474 Περὶ
918 2404 972 2456 δὲ
989 2397 1063 2456 ὧν
1087 2404 1314 2474 γράφεις
1340 2421 1426 2473 μοι
1445 2404 1571 2474 περὶ
1590 2402 1696 2456 τῶν

140 2490 290 2542 κατὰ
316 2492 440 2552 τοὺς
467 2492 626 2556 λαοὺς
652 2495 776 2555 τοὺς
805 2494 931 2562 παρ’
959 2493 1110 2561 ἡμῖν,
1143 2493 1455 2547 ἀπέσταλκά
1482 2512 1563 2547 σοι
1594 2513 1696 2564 μυ-

135 2579 332 2649 ριάδας
363 2581 526 2646 ὀκτὼ,
558 2579 630 2634 ὧν
663 2586 755 2636 καὶ
787 2583 855 2636 τὰ
884 2583 1060 2652 πλήθη
1092 2583 1151 2646 ἐξ
1179 2577 1252 2636 ὧν
1285 2584 1411 2645 εἱσι,
1446 2584 1693 2638 διασεσὼ

131 2671 292 2738 φηκά
310 2670 416 2722 ’σοι’
441 2673 504 2724 ὲκ
528 2672 624 2742 μὲν
650 2671 742 2725 τοῦ
770 2672 1074 2742 Σεὸριθίτου
1093 2672 1256 2743 νομοῦ
1291 2673 1532 2746 μυρίους,
1550 2674 1614 2726 ὲκ
1632 2673 1690 2726 δὲ

128 2756 234 2810 τοῦ
258 2760 552 2829 Μενδησίου
585 2761 677 2814 καὶ
704 2757 1027 2831 Σεδεννήτου
1062 2761 1372 2831 δισμυρίους
1396 2761 1526 2831 (86),
1559 2762 1693 2814 Βου-

129 2847 344 2916 σιρίτου
374 2848 804 2911 Λεοντοπολίτου,
829 2850 922 2902 καὶ
948 2849 1282 2920 Βαθριθίτου,
1315 2849 1418 2903 ἀνὰ
1443 2851 1684 2922 μυρίους.

127 2933 418 3004 Φρόντισω
439 2935 498 2987 δὲ
525 2938 616 2989 καὶ
636 2937 816 2988 δέοντα
838 2931 1017 2997 αὐτοῖς
1043 2937 1133 2988 καὶ
1161 2935 1230 2988 τὰ
1254 2935 1406 2998 ἄλλα,
1434 2937 1580 2999 ὅπως
1606 2937 1689 2990 εὐ-

126 3027 326 3094 τακτῇ,
351 3028 443 3077 καὶ
470 3027 555 3078 ἵνα
580 3025 1093 3080 ἀποκαταπαθῶσιν
1121 3026 1199 3088 είς
1219 3026 1316 3095 τὴν
1343 3026 1500 3090 ἰδίαν,
1523 3028 1599 3090 ὡς
1620 3027 1687 3082 ἂν

125 3114 242 3169 ἀπὸ
266 3118 365 3186 τῆς
381 3117 572 3201 ,χρείας
590 3119 887 3189 γενομένης
911 3116 1042 3187 (87).
1085 3138 1105 3168 ι

630 3311 1020 3364 ΚΕΦΑΛΑΙΟΝ
1062 3312 1184 3365 ΛΡ.

120 3422 423 3486 Βασιλεὺς
467 3393 743 3489 Σολομὼν
775 3422 1028 3488 Σούρωνι
1070 3421 1147 3486 τῷ
1187 3422 1436 3485 βασιλεῖ
1476 3418 1676 3490 Τύρου,

198 3466 720 3556 Ξᾶἶὲὶἐῶὶἇςῖῖῦι
737 3466 1034 3561 φῖἱῧιῖπὶτ,
1049 3466 1676 3560 εᾶἆιιῗῖτᾶἷλιῖἓιιῖῖ,”ῖιέιῐὶ
1700 3466 1750 3524 ε

187 3579 342 3628 pair.

199 3690 220 3724 ε
264 3672 500 3726 Γίνωσκέ
542 3688 607 3741 με
662 3669 1030 3739 παρειληφότα
1065 3669 1167 3740 τὴν·
1212 3668 1482 3737 βασιλείαν
1531 3671 1682 3739 παρά

117 3763 290 3817 Δαϐὶδ
314 3762 405 3815 τοῦ
432 3762 632 3832 πατρὸς
663 3761 749 3812 διὰ
779 3762 870 3813 τοῦ
896 3761 1028 3813 Θεοῦ
1060 3760 1152 3813 τοῦ
1187 3764 1460 3831 μεγίστου,
1497 3765 1678 3814 ἐπιτε-

115 3854 348 3924 ταχότος
382 3869 468 3922 μοι
493 3853 838 3921 οἰκοδομῆσαι
862 3852 1009 3922 ἱερὸν
1036 3851 1113 3920 τῷ
1147 3852 1284 3920 Θεῷ,
1319 3853 1375 3914 ὃς
1404 3855 1494 3905 τὸν
1518 3856 1678 3923 οὐρα-

113 3947 210 4000 νὺν
254 3945 348 3997 καὶ
389 3943 484 4013 τὴν
527 3943 629 4011 γῆν
670 3942 896 3994 ἔκτισεψ
934 3941 1050 4010 ἅμα
1092 3941 1148 3993 δὲ
1191 3943 1280 3993 καὶ
1326 3943 1407 3994 σοὶ
1450 3945 1673 4012 γράψαι,

113 4034 433 4090 ἀποστεῖλαί
464 4049 550 4103 μοι
576 4032 683 4084 τῶν
727 4030 874 4102 παρὰ
902 4030 993 4082 σοῦ
1022 4031 1184 4092 λαῶν,
1212 4031 1260 4082 οἳ
1290 4037 1677 4101 συμπαραστή-

113 4145 305 4182 σονται
345 4129 492 4196 ἡμῖν,
544 4127 701 4197 μέχρι
753 4125 846 4177 τοῦ
895 4123 1196 4178 ἐπιτελέσαι
1246 4124 1344 4192 τὴν
1395 4125 1486 4175 τοῦ
1541 4126 1673 4176 Θεοῦ

113 4218 330 4290 χρείαν,
355 4216 536 4269 καθότι
573 4232 661 4287 μοι
705 4216 1063 4268 ἐπιτέτακται.
1101 4212 1354 4282 Γέγραφα
1396 4213 1451 4264 δὲ
1480 4216 1571 4265 καὶ
1598 4217 1672 4276 εἰς

112 4311 216 4376 τὴν
259 4306 566 4368 Γαλιλαίαν,
616 4307 709 4357 διαὶ
749 4306 1061 4375 Σαμαρῖτιν,
1109 4305 1200 4356 καὶ
1252 4302 1548 4365 Μωαϐῖτιν,
1580 4303 1672 4354 καὶ

125 4397 420 4466 Ἀμονῖτιν,
478 4395 572 4446 καὶ
623 4395 916 4457 Γαλαδῖτιν,
976 4393 1319 4464 χορηγεῖσθαι
1372 4377 1563 4461 αὐτοῖς
1603 4392 1671 4443 τὰ

107 4490 307 4541 δέοντα
349 4487 414 4538 ὲκ
436 4485 534 4554 τῆς
573 4483 752 4553 χώρας
791 4483 928 4536 κατὰ
963 4485 1121 4553 μῆνα,
1157 4483 1344 4552 κόρους
1393 4482 1538 4534 σίτου
1573 4499 1670 4550 μυ-

113 4580 288 4650 ρίους.
331 4576 387 4628 ’0
417 4575 474 4627 δὲ
506 4574 662 4645 κόρος
705 4574 845 4625 ἐστὶν
874 4573 1121 4643 ἀρταϐῶν
1148 4572 1236 4636 ἐξ·
1286 4572 1378 4623 καὶ
1410 4573 1549 4622 οἴνου
1583 4571 1670 4622 κό-

113 4685 242 4739 ρους
273 4665 518 4736 μυρίους’
554 4667 582 4716 ὁ
604 4665 658 4716 δὲ
692 4665 848 4732 κόρος
877 4665 968 4714 τοῦ
989 4665 1128 4714 οἴνου
1167 4663 1280 4724 ἐστὶ
1323 4662 1493 4732 μέτρα
1520 4662 1666 4713 δέκα.

1798 2305 1916 2360 viro
1942 2308 2166 2376 optimo,
2197 2318 2457 2378 tantoque
2475 2309 2690 2364 Numini
2714 2313 3092 2378 probatissimo
3128 2327 3353 2382 regnum

1801 2399 2091 2467 acceperis.
2123 2398 2276 2465 Quod
2308 2411 2488 2455 autem
2517 2417 2548 2455 a
2605 2401 2760 2457 nobis
2793 2404 3039 2459 homines
3063 2404 3351 2472 fabrosquo

1792 2488 2061 2554 postulas,
2082 2502 2270 2542 eorum
2299 2491 2572 2562 octoginta
2625 2493 2792 2545 millia
2843 2493 2909 2545 ad
2943 2500 2994 2544 te
3038 2491 3183 2554 misi,
3208 2505 3348 2560 quo-

1795 2584 1916 2632 rum
1949 2579 2112 2633 etiam
2137 2581 2316 2634 natale
2341 2582 2435 2635 tibi
2462 2583 2639 2637 solum
2669 2581 2905 2636 indicare
2920 2580 3090 2650 juvat.
3122 2580 3201 2634 Ex
3252 2579 3347 2634 3e-

1751 2672 1756 2682 '
1792 2665 2373 2739 brithide'prtefectura
2391 2673 2576 2727 decem
2600 2674 2789 2738 millia,
2833 2689 2901 2727 ex
2947 2673 3237 2735 Mendesia,
3293 2682 3347 2726 et

1795 2745 2160 2822 Sebennitide,
2183 2760 2372 2830 viginti
2402 2763 2591 2825 millia,
2625 2779 2690 2816 ex
2712 2761 3005 2816 Busiritide
3046 2760 3347 2831 Leontopo-

1792 2847 1956 2912 litide,
1978 2857 2032 2902 et
2059 2847 2411 2905 Bathrihitide
2435 2852 2650 2906 circiter
2692 2853 2912 2922 triginta
2964 2851 3131 2905 millia
3158 2865 3345 2905 nume—

1789 2946 1999 2990 rantur.
2032 2936 2292 3006 Superest
2329 2947 2391 2992 ut
2444 2939 2512 2992 iis
2549 2954 2885 3008 quaecunque
2937 2955 3073 3007 opus
3121 2939 3340 2999 fuerint.

1787 3026 2000 3080 abunde
2022 3028 2351 3095 suppeditari
2382 3044 2561 3094 cures,
2584 3030 2776 3097 partim
2805 3044 2873 3083 ne
2898 3029 3027 3097 quid
3076 3029 3213 3082 inter
3242 3042 3340 3081 eos

1787 3116 2066 3171 turbarum
2088 3118 2370 3181 excitetur,
2394 3120 2590 3185 partim
2613 3129 2670 3173 ut
2688 3119 3038 3174 aedificatione
3083 3116 3334 3186 perfecta,

1783 3207 1919 3261 calvi
1951 3207 2021 3261 ad
2050 3223 2180 3263 suos
2204 3210 2609 3279 incolumesque
2637 3219 2992 3265 revertantur.
3036 3228 3054 3260 ι

2319 3318 2548 3373 CAPUT
2569 3319 2820 3373 XXXIII.“

1786 3425 2035 3482 Salomon
2066 3444 2156 3482 rea:
2208 3428 2420 3494 Surom’,
2471 3430 2616 3498 Tyri,
2676 3430 2909 3498 Sidonis,
2957 3450 3020 3486 ac
3057 3430 3338 3490 Ρίὸωκὶοίσ

2133 3500 2261 3566 regi,
2296 3501 2465 3551 amico
2494 3509 2732 3567 paterno,
2759 3502 3004 3557 salutem.

1851 3687 1873 3720 ι
1910 3668 2136 3724 Noveris
2163 3684 2249 3724 me
2283 3684 2480 3724 summi
2505 3667 2752 3722 Numinis
2806 3669 3067 3723 beneficio
3107 3672 3332 3740 regnum

1779 3776 1810 3814 a
1836 3759 2033 3816 Dat-ide
2061 3771 2211 3830 patre
2243 3762 2542 3828 accepisse,
2574 3775 2604 3813 a
2630 3774 2737 3828 quo
2768 3760 3028 3828 templum
3069 3759 3178 3814 Deo
3204 3763 3328 3816 caeli

1780 3853 2149 3921 terrarumque
2178 3851 2341 3922 449
2357 3851 2597 3904 molitori
2615 3851 2876 3905 aedificare
2893 3851 3080 3920 jussus
3106 3850 3324 3918 fueri,

1777 3943 2045 4011 simulque
2075 3944 2169 4011 abs
2203 3951 2253 3996 te
2306 3957 2401 4010 per
2422 3942 2625 3996 litteras
2641 3949 2818 4012 petere
2834 3943 2912 3996 uti
2944 3941 3009 3994 ad
3030 3956 3114 3994 me
3153 3957 3218 3995 ex
3242 3956 3326 3997 ro-

1777 4038 1865 4104 gni
1886 4036 1960 4088 tui
1996 4036 2303 4089 hominibus
2331 4033 2603 4102 fabrisque
2635 4034 2838 4094 mittas,
2865 4035 2957 4102 qui
2986 4037 3138 4087 suam
3166 4033 3323 4087 nobis

1775 4140 1992 4192 Oper-am
2048 4133 2274 4189 navent,
2321 4125 2492 4177 donec
2534 4123 2773 4176 divinum
2801 4121 2930 4174 illud
2962 4132 3132 4188 opus,
3165 4130 3323 4187 prout

1771 4213 1954 4280 jussus
1985 4228 2084 4281 ego
2114 4228 2268 4272 sum,
2324 4221 2573 4265 accurate
2620 4209 2913 4278 perfecero.
2958 4207 3220 4261 Caeterum
3268 4212 3324 4263 in

1773 4303 2044 4355 Galilaeam
2071 4341 2084 4366 ,
2147 4301 2443 4353 Samariam
2467 4342 2481 4363 ,
2529 4299 2899 4364 Moabitidem,
2938 4300 3320 4365 Amonitidem,

1773 4401 1824 4444 et
1842 4391 2192 4445 Galaditidem
2223 4391 2451 4457 scripsi,
2475 4391 2549 4442 uti
2576 4406 2642 4442 ex
2667 4390 2978 4458 regionibus
3008 4391 3111 4444 illis
3135 4434 3148 4455 ,
3177 4407 3324 4459 quae-

1773 4497 1985 4549 cunque
2018 4497 2152 4549 opus
2183 4479 2416 4540 fuerint,
2448 4480 2515 4532 iis
2547 4479 2746 4532 affatim
2774 4488 3097 4547 suppetant;
3132 4495 3322 4547 nempe

1771 4574 1824 4625 in
1858 4574 2098 4643 singulos
2131 4587 2339 4625 menses
2366 4612 2380 4634 ,
2421 4587 2675 4626 cororum
2718 4571 2876 4623 tritici
2906 4572 3084 4625 decem
3116 4571 3279 4624 millia
3301 4610 3316 4632 ,

1770 4665 1859 4731 qui
1891 4663 2086 4731 singuli
2116 4663 2328 4716 artabas
2362 4677 2453 4714 sex
2481 4660 2783 4723 continent;
2809 4660 3040 4728 itemque
3066 4671 3314 4712 carorum

108 4758 188 4810 Τὸ
217 4757 276 4810 δὲ
319 4757 492 4808 ἔλαιον
536 4756 628 4806 καὶ
673 4752 899 4805 τὰ-ἄλλα
924 4753 1353 4821 χορηγηθήσεται
1391 4755 1568 4813 αὐτοῖς
1607 4753 1667 4804 ὲκ

1784 4756 1879 4808 vini
1898 4755 2079 4807 decem
2109 4752 2271 4805 millia
2293 4792 2306 4813 ,
2336 4751 2426 4818 qui
2455 4750 2647 4817 singuli
2677 4760 2842 4802 metra
2860 4751 3039 4803 decem
3062 4747 3312 4812 efﬁciunt,

105 4850 213 4918 τῆς
252 4849 524 4911 Ἰουδαίας,
551 4849 718 4916 ἱερεῖα
745 4843 797 4895 δὲ
821 4845 898 4903 εἰς
919 4845 1259 4910 κρεωφαγίαν
1291 4846 1353 4895 ἐκ
1383 4845 1480 4912 τῆς
1515 4845 1666 4913 Ἀρα-

101 4939 255 5001 ϐίας.
299 4957 316 4989 ι

195 5143 309 5220 (8_6)
342 5147 708 5220 Διᾳμυρίους.
756 5151 1133 5220 Reponendum
1183 5152 1371 5220 opinor
1412 5155 1514 5206 ἀνὰ
1561 5156 1670 5208 δισ-

124 5215 523 5288 μυρίουςλλ-Ιιοο
550 5228 632 5288 est
662 5215 1011 5288 quadraginta
1044 5215 1298 5273 millia-ex
1329 5221 1559 5281 duabus.
1594 5225 1668 5275 vi-

121 5283 256 5361 ginti
293 5284 456 5361 millia
485 5301 549 5361 ea
581 5287 825 5350 singulis,
857 5283 913 5342 ut
940 5291 1096 5359 paulo
1123 5301 1242 5357 post
1272 5291 1373 5361 ᾀνὰ
1405 5292 1660 5359 μυρίουςε

119 5352 328 5418 alioqui
364 5355 634 5426 sexaginta
690 5365 920 5421 tantum,
941 5352 953 5359 ’
974 5375 1080 5412 non
1126 5352 1415 5426 octoginta
1442 5352 1671 5413 millium

119 5434 336 5472 summa
368 5419 546 5472 futura
577 5431 678 5475 est.
770 5454 772 5456 τ

194 5488 305 5556 (87)
322 5489 698 5562 Γενομένης.
739 5490 1044 5559 Legendum
1091 5495 1339 5549 existimo
1374 5493 1668 5562 γενόμενοι.

115 5553 295 5632 Fetus
322 5553 701 5632 Hellenismus,
739 5553 1014 5632 ﬁnemve;
1054 5553 1671 5632 πράγματος-γενέσθαι,

120 5624 226 5702 1)οο
268 5637 351 5680 est
390 5627 757 5702 ἀπηλλαχέναι
790 5631 881 5681 τοῦ
929 5624 1279 5702 πράγματος,
1326 5624 1526 5702 ηεςιόιίο
1558 5650 1673 5699 per-

118 5692 381 5761 functum,
402 5698 482 5750 vel
495 5692 564 5748 οὺ
591 5692 650 5751 eo
671 5710 918 5753 recentem
941 5692 1362 5757 estel'Plutarcb.
1389 5692 1626 5753 Illcxa'nd
1656 5743 1670 5764 ,

1768 4847 1945 4905 oleum
1985 4851 2160 4895 autem
2209 4854 2271 4892 ac
2320 4848 2508 4891 caatera
2561 4853 2627 4889 ex
2673 4837 2890 4900 Judana,
2918 4839 3310 4908 hostiasgvero,

1766 4948 1990 5002 quarum
2049 4930 2146 4999 ipsi
2172 4927 2425 4980 carnibus
2455 4936 2758 4989 vescantur,
2794 4943 2860 4981 ex
2886 4928 3079 4979 Arabia
3114 4941 3310 4994 suppe-

1763 5023 1921 5075 ditari
1949 5021 2106 5088 jussi.
2144 5037 2162 5067 ι

1776 5156 1881 5207 ἀπὸ
1916 5154 2021 5205 τῶν
2061 5151 2216 5221 ἱερῶν
2262 5153 2533 5224 γενομένῳ
2570 5155 2645 5222 τῷ
2683 5154 2885 5221 βασιλεῖ
2914 5157 3314 5224 προσελθόντες,

1776 5239 1940 5290 regem
1981 5240 2010 5274 a
2043 5232 2249 5285 peracto
2278 5223 2537 5289 sacriﬁcio
2575 5233 2824 5275 recentem
2856 5223 3121 5279 adeuntes.
3157 5226 3314 5287 lbid.,

1775 5294 1804 5343 ὁ
1836 5294 1890 5343 δὲ
1923 5291 2256 5360 Ἀλέξανδρος
2278 5292 2383 5344 ἀπὸ
2408 5293 2506 5358 τῆς
2533 5293 2708 5360 πυρᾶς
2738 5291 3049 5359 γενόμενος,
3072 5295 3164 5346 καὶ
3193 5311 3314 5344 συν-

1776 5361 1995 5426 αγαγὼν
2025 5360 2245 5421 πολλοὺς
2271 5362 2376 5412 τῶν
2405 5361 2570 5427 φίλων
2587 5377 2598 5388 ·
2622 5376 2654 5410 a
2677 5361 2824 5410 busto
2847 5361 2937 5412 illo
2959 5379 3204 5415 reversus.
3233 5361 3307 5413 Id.

1776 5431 1826 5480 in
1857 5428 2186 5501 Themistoc.,
2211 5429 2580 5501 ysyopevogﬁé
2620 5429 2711 5501 επὶ
2747 5428 2851 5480 τῶν
2894 5429 3138 5501 πράξεων
3173 5430 3314 5501 έκεῖ-

1774 5515 1897 5550 νων.
1925 5500 2193 5549 lntcrdum
2215 5497 2577 5558 ἐλλειπτικῶς,
2594 5498 2794 5562 absque
2809 5497 2970 5551 verbo
2989 5515 3001 5548 :
3020 5498 3305 5551 Herodian.

1774 5567 1865 5618 lih.
1889 5582 1978 5628 vn,
2013 5569 2390 5634 περιτυχόντες
2414 5566 2518 5617 τῶν
2547 5565 2652 5617 ἀπὸ
2684 5567 2940 5634 ὑπατείας
2964 5568 3088 5625 τινί,
3116 5582 3228 5616 cum
3256 5568 3311 5618 in

1776 5635 1998 5703 aliquem
2027 5651 2090 5684 ex
2125 5633 2482 5686 consularibus
2507 5636 2825 5688 incidissent.
2851 5633 2938 5686 Sic
2958 5638 3003 5684 οἱ
3020 5635 3125 5686 ἀπὸ
3149 5652 3308 5703 στρα-

1774 5702 2021 5769 τηγείας,
2047 5704 2368 5768 πρεσϐείαςζ,
2405 5714 2506 5756 etc.
2528 5746 2542 5768 ,
2577 5705 2811 5772 imperio;
2839 5704 3087 5771 legatione
3120 5702 3307 5770 functi.
