4022 6342
1329 425 1588 480 ΕῙΞΞΕΒΙΙ
1628 417 2099 479 CIESARIENSIS
2135 414 2249 472 OPF

2350 416 2502 472 ’ABS
2537 409 2600 474 tt.
2640 447 2697 458 —
2727 411 3218 471 λνοιοσετιολ.
3808 407 3898 460 759

1202 539 1422 601 CAPUT
1461 537 1693 592 XXXIV.
2041 573 2056 586 .
2247 582 2249 590 .

2821 527 3209 581 ΚΕΦΔΛΑΙΟΝ
3244 531 3363 580 ΛΔ’.

895 656 1061 709 Suron
1093 654 1360 733 Sulomoni
1399 654 1504 722 regi
1540 669 1725 722 magno
1749 651 1990 704 salutem.

2405 645 2639 710 Σούρων
2672 641 2967 710 Σολομῶνι
2997 639 3247 705 ,ϐασιλεῖ
3262 638 3502 708 μεγάλῳ
3537 637 3816 707 χαίρειν.

671 433 766 489 751

2397 773 2417 806 ι
2453 752 2752 824 Εὐλογητὸς
2790 755 2816 805 ό
2844 753 2993 816 Θεὸς,
3029 753 3088 814 ὃς
3133 752 3231 822 τὴν
3263 751 3365 820 γῆν
3409 751 3502 802 καὶ
3544 748 3648 801 τὸν
3678 744 3900 816 οὐρανὸν

2322 848 2551 909 ἔκτισεν,
2585 846 2641 907 ὃς
2671 845 2839 896 εἵλετο
2866 843 3144 914 ἄνθρωπον
3173 842 3400 912 χρηστὸν
3439 842 3504 892 ὲκ
3527 838 3794 911 χρηστοῦ
3817 839 3900 890 ἀνα

2323 936 2463 1005 δρός.
2497 936 2644 1004 ’Δμα
2673 933 2765 985 τοῦ
2800 932 3098 1000 ἀναγνῶναι
3130 933 3227 1002 τὴν
3256 928 3415 1002 παρὰ¹
3437 929 3532 982 σοῦ
3585 926 3900 996 ἐπιστολὴν,

749 790 766 823 ι
788 771 1104 824 Benedictus
1121 768 1258 822 Deus
1275 780 1428 822 terrae
1445 782 1506 820 ac
1523 767 1643 821 σαὶιί
1667 763 1928 825 conditor,
1948 763 2038 831 qui
2053 762 2222 814 virum

671 865 934 931 optimum
961 858 1034 914 at“
1056 861 1290 930 parentis
1319 859 1504 928 optimi
1538 858 1703 911 lilium
1734 855 1969 923 elegerit.
1997 854 2228 906 Litteras

674 963 796 1004 tuas
821 951 976 1004 simul
1024 958 1183 1016 atque
1226 947 1456 1017 perlegi,
1490 961 1754 1000 summam
1784 945 1964 996 animo
1986 944 2226 1010 volupta-

2327 1027 2527 1097 σφόδρα
2566 1027 2785 1095 ἐχάρην,
2815 1026 2907 1076 καὶ
2952 1024 3215 1093 εύλόγησα
3245 1023 3333 1075 τὸν
3362 1020 3511 1086 Θεὸν,
3548 1021 3650 1074 ἐπὶ
3693 1019 3780 1089 τῷ
3809 1035 3913 1072 πα·-

2327 1117 2634 1188 ρειληφέναι
2665 1133 2722 1166 σε
2747 1115 2845 1184 τὴν
2878 1115 3170 1184 βασιλείαν.
3198 1115 3331 1184 Περὶ
3361 1114 3417 1166 δὲ
3442 1108 3516 1165 ὧν
3537 1112 3796 1182 γράφεις
3825 1128 3904 1178 μοι

2327 1209 2454 1278 περ)⁸
2479 1208 2584 1260 τῶν
2606 1206 2742 1259 κατὰ
2765 1207 2888 1272 τοὺς
2913 1206 3072 1268 λαοὺς
3090 1207 3213 1267 τοὺς
3235 1205 3360 1272 παρ’
3387 1206 3537 1274 ἡμῖν,
3577 1202 3905 1256 ἀπέσταλκα

2329 1317 2411 1351 σοι
2443 1298 2650 1368 Τυρίων
2681 1298 2775 1349 καὶ
2801 1296 3058 1349 Φοινίκων
3086 1292 3564 1363 ὀκτακισμυρίους,
3599 1295 3705 1347 καὶ
3752 1293 3905 1362 ἀρχι⁸

2327 1389 2551 1442 τέκτονά
2580 1405 2660 1439 σοι
2688 1386 2999 1440 ἀπέσταλκα
3032 1386 3309 1456 ἄνθρωπον
3340 1385 3559 1454 Τύριον,
3594 1386 3662 1436 ἐκ
3703 1382 3908 1454 μητρὸς

2341 1472 2613 1540 Ἰουδαίας,
2640 1479 2704 1531 ὲκ
2733 1479 2828 1547 τῆς
2862 1476 3034 1545 φυλῆς
3065 1476 3164 1544 τῆς
3192 1474 3372 1539 Δαὸὶδ,
3403 1476 3545 1544 ὑπὲρ
3599 1469 3682 1528 ὧν
3721 1474 3792 1527 ἂν
3821 1474 3907 1527 αὐ·

2327 1572 2417 1623 τὸν
2442 1570 2718 1641 ἐρωτήσῃς
2742 1567 2850 1621 τῶν
2882 1567 2986 1620 ὑπὸ
3018 1567 3108 1619 τὸν
3133 1565 3356 1635 οὐρανὸν
3391 1566 3611 1617 πάντων
3643 1564 3745 1618 καὶ
3767 1577 3794 1603 ⁸
3823 1565 3912 1634 ἀρ

684 1654 848 1730 modo
881 1677 945 1729 ad
975 1654 1387 1728 architecturam
1420 1671 1781 1737 pertinebunt,
1812 1683 1871 1720 ea
1904 1680 2024 1719 cum
2058 1666 2232 1717 scien-

2350 1661 2680 1730 μτεκτονίαν,
2710 1657 3042 1728 ὑφηγήσεταί
3065 1674 3145 1708 σοι
3166 1657 3257 1707 καὶ
3276 1657 3506 1725 ποιήσει.
3545 1657 3691 1726 Περὶ
3722 1656 3784 1708 δὲ
3805 1654 3910 1708 τῶν

686 1778 769 1822 ter
795 1768 1055 1821 edisseret
1076 1765 1276 1829 omnia,
1305 1772 1416 1816 tum
1438 1762 1594 1815 etiam
1618 1760 1772 1813 facile
1799 1757 2054 1826 perﬁciet.
2079 1754 2230 1819 Quod

2350 1754 2555 1806 Ξεόντων
2608 1751 2702 1804 καὶ
2753 1748 3226 1819 άποστελλομένων
3273 1765 3355 1799 σοι
3415 1749 3659 1812 παίδων,
3728 1749 3912 1812 καλῶς

688 1865 964 1926 superest,
988 1855 1219 1923 partium
1252 1864 1463 1907 tuarum
1492 1853 1611 1914 erit,
1644 1849 1709 1903 ad
1742 1849 1980 1902 locorum
2011 1843 2232 1914 praefec—

2350 1846 2575 1915 ποιήσεις
2609 1840 2912 1906 ἐπιστείλας
2942 1841 3052 1902 τοῖς
3078 1840 3214 1892 κατὰ
3250 1840 3411 1892 τόπον
3436 1840 3730 1911 ἐπάρχοις,
3764 1839 3909 1902 ὅπως

687 1960 772 2004 tos
799 1949 1036 2003 scribere
1057 1987 1071 2009 ,
1101 1946 1177 1998 uti
1204 1945 1325 1997 huic
1379 1951 1537 1996 tanta:
1575 1941 1852 1993 hominum
1885 1934 2232 1998 multitudini,

2350 1935 2630 2007 (ορηγῆται
2648 1934 2715 1986 τά
2731 1928 2965 1986 δέοντα.ι
2982 1929 3208 1983 Διελθὼν
3232 1931 3287 1982 δὲ
3311 1929 3578 2000 Σολομὼν,
3606 1931 3760 2000 ἔχων
3787 1931 3910 1991 τοὺς

688 2053 1020 2109 quaecunque
1042 2035 1344 2090 necessaria
1372 2033 1588 2095 fuerint,
1609 2031 1887 2099 diligenter
1923 2026 2236 2094 abundeque

2350 2027 2631 2097 πατρικοὺς
2663 2025 2843 2094 φίλους
2871 2024 2960 2076 ἐπὶ
2987 2020 3047 2075 τὸ
3068 2023 3189 2093 ὅρος
3218 2022 3312 2076 τοῦ
3339 2023 3592 2085 Λιϐάνου,
3631 2021 3786 2092 μετά
3805 2019 3910 2074 τῶν

678 1050 782 1094 tem
813 1040 960 1107 cepi,
996 1037 1209 1107 Deoque
1249 1040 1445 1106 gratias
1469 1037 1581 1105 egi,
1611 1033 1753 1104 quod
1787 1049 2006 1103 regnum
2038 1047 2225 1100 capes-

675 1135 864 1195 sisses.
909 1130 1060 1195 Quod
1124 1138 1298 1182 autem
1346 1145 1376 1182 a
1419 1129 1574 1181 nobis
1634 1126 1880 1179 homines
1929 1137 2228 1192 Operasque

679 1224 889 1293 poscis,
920 1220 1204 1289 Tyriorum
1237 1234 1300 1273 ac
1329 1219 1644 1272 Phoenicum
1676 1216 1942 1284 octoginta
1969 1214 2130 1266 millia
2161 1212 2228 1265 ad

678 1321 730 1367 te
763 1313 924 1374 misi,
954 1321 1125 1379 'atque
1173 1310 1310 1362 inter
1353 1316 1574 1362 caeteros
1616 1306 2000 1368 architectum,
2057 1301 2228 1370 patria

680 1403 896 1472 quidem
952 1401 1172 1470 Tyrium
1200 1438 1215 1462 ,
1257 1399 1351 1453 sed
1395 1406 1566 1451 matre
1613 1395 1796 1449 Iudaea
1833 1394 2124 1461 eademque
2165 1407 2230 1445 ex

680 1496 897 1552 Davidis
950 1496 1089 1550 tri-bu
1136 1504 1356 1548 natum:
1402 1493 1494 1561 qui
1541 1491 1638 1545 tibi
1690 1500 2022 1557 quaecunque
2062 1498 2124 1537 ex
2165 1496 2231 1535 eo

643 1587 645 1589 ’
685 1587 992 1657 quaesieris,
1026 1600 1144 1656 qua:
1189 1585 1309 1638 cudi
1344 1583 1504 1650 hujus
1542 1579 1745 1634 ambitu
1783 1577 2153 1637 continentur,
2184 1572 2230 1626 si

688 2130 1017 2200 provideant.
1054 2145 1074 2176 ι
1113 2125 1368 2179 Salomon
1407 2125 1600 2192 igitur,
1648 2122 1732 2174 his
1792 2120 1961 2189 lectis,
1987 2130 2237 2188 paterno-

691 2236 812 2275 rum
839 2219 1132 2272 amicoruin
1165 2216 1365 2269 auxilio
1413 2213 1613 2276 fretus,
1666 2221 1720 2266 et
1756 2210 2042 2280 Tyriorum
2083 2208 2237 2262 Sido-

691 2309 1013 2376 niorumque
1038 2321 1200 2358 manu
1228 2305 1454 2374 stipatus
1476 2344 1491 2369 ,
1521 2304 1744 2357 lustrato
1783 2309 1965 2355 monte
1994 2299 2199 2353 Libano
2219 2337 2235 2360 ,

694 2397 954 2466 quidquid
1002 2397 1268 2464 lignorum
1303 2409 1331 2447 a
1368 2403 1588 2463 parente
1625 2407 1824 2446 caesum
1866 2391 1992 2443 olim
2028 2389 2237 2452 fuerat,

695 2497 794 2555 per
822 2498 971 2538 mare
1019 2481 1223 2551 Joppen
1256 2497 1424 2550 usque
1446 2481 1767 2544 transvexit,
1799 2479 2025 2547 indeque
2050 2478 2240 2546 pedes-

694 2575 764 2629 tri
787 2573 948 2628 ductu
998 2572 1420 2641 Hierosolymam
1477 2570 1849 2638 comportavit.
1894 2567 2146 2621 Protinus
2175 2568 2258 2620 ad'

694 2663 879 2730 templi
909 2661 1017 2715 Deo
1042 2663 1153 2714 voti
1183 2676 1301 2714 sese
1350 2660 1758 2713 auliﬁcationem
1806 2658 2069 2721 accinxit,
2101 2673 2242 2711 anno
2273 2683 2283 2698 ο

696 2753 870 2805 aetatis
896 2751 1104 2818 decimo
1135 2749 1311 2803 tertio.
1351 2749 1504 2814 Quod
1554 2750 1606 2801 in
1654 2763 1788 2816 Opus
1819 2750 1945 2802 dum
1994 2749 2244 2801 universa

700 2841 788 2893 illa
821 2842 1153 2895 diversorum
1183 2841 1503 2910 populorum
1553 2842 1839 2894 multitudo
1880 2828 2244 2905 incumberet,

700 2931 872 2985 tribus
914 2929 1218 2984 Judatorum
1246 2931 1528 2985 duodecim
1562 2946 1649 2984 res
1681 2931 2008 2984 necessarias
2029 2938 2246 2982 centum

700 3033 754 3076 et
786 3023 1058 3091 sexaginta
1088 3024 1364 3077 hominum
1413 3023 1651 3076 millibus
1694 3027 1763 3076 ita
1797 3023 2247 3091 suppeditabant,

701 3122 764 3168 ut
794 3130 950 3167 suum
1007 3114 1230 3184 singulae
1276 3130 1516 3168 mensem
1548 3115 1673 3167 huic
1699 3129 1839 3167 cura:
1867 3128 1930 3167 ac
1955 3113 2249 3181 provisioni

2335 2116 2596 2172 Σιδωνίων
2628 2118 2719 2169 καὶ
2745 2116 2972 2186 Τυρίων,
3017 2114 3314 2184 μετήνεγκε
3344 2114 3410 2166 τὰ
3442 2111 3570 2177 ξύλα
3599 2114 3666 2166 τὰ
3709 2129 3912 2184 προκιο

2336 2209 2580 2279 κομμένα
2609 2207 2712 2259 ὑπὸ
2735 2206 2828 2258 τοῦ
2861 2205 3064 2276 πατρὸς
3086 2204 3247 2259 αὐτοῦ
3280 2204 3368 2257 διὰ
3392 2205 3490 2273 τῆς
3516 2203 3800 2272 Θαλάττης
3837 2206 3911 2267 εις

2350 2295 2587 2368 Ἰόππην,
2618 2295 2822 2349 ἐκεῖθεν
2850 2295 2906 2347 δὲ
2929 2291 3064 2364 πεζῇ
3098 2294 3176 2355 είς
3210 2292 3552 2363 Ἰεροσόλυμα
3571 2309 3584 2321 °
3618 2294 3716 2345 καὶ
3743 2293 3914 2362 ἀρξα-

2341 2387 2460 2439 σθαι
2505 2387 2801 2455 οἰκοδομεῖν
2838 2384 2898 2436 τὸ
2939 2384 3080 2453 ἱερὸν
3114 2383 3207 2436 τοῦ
3237 2383 3394 2445 Θεοῦ,
3445 2382 3573 2435 δντα
3623 2382 3772 2434 ἐτῶν
3823 2386 3910 2448 ιγ’.

2353 2477 2705 2547 Ἐργάζεσθαι
2740 2476 2796 2528 δὲ
2821 2474 2889 2527 τὰ
2919 2473 3043 2543 ἔθνη
3085 2474 3154 2526 τά
3183 2473 3566 2544 προειρημένα,
3607 2474 3703 2525 κα)⁸
3737 2472 3913 2541 φυλάς

2345 2569 2410 2620 ιϐ’
2435 2568 2542 2620 τῶν
2580 2567 2865 2630 Ἰουδαίων,
2903 2566 2996 2619 καὶ
3024 2565 3278 2636 παρέχειν
3312 2565 3421 2634 (88)
3453 2567 3569 2626 ταῖς
3609 2564 3912 2615 ἑκκαίδεκα

2345 2660 2567 2731 μυριάσι
2597 2660 2666 2712 τὰ
2719 2657 2902 2710 δέοντα
2954 2658 3128 2711 πάντα
3176 2655 3316 2709 κατὰ
3359 2657 3499 2726 μῆνα
3531 2654 3702 2724 φυλὴν
3759 2654 3910 2722 μίαν,

2343 2748 2665 2819 θεμελιῶσαί
2719 2765 2778 2801 τε
2826 2748 2915 2800 τὸν
2965 2747 3088 2800 ναὸν
3131 2745 3225 2798 τοῦ
3273 2743 3439 2807 Θεοῦ,
3483 2747 3653 2816 μῆκος
3714 2744 3912 2814 πηχῶν

2344 2837 2402 2903 ἓξ
2431 2837 2566 2907 (89),
2612 2833 2819 2899 πλάτος
2837 2835 3024 2907 πηχῶν
3051 2835 3094 2902 ξ’
3115 2850 3129 2865 ⁸
3159 2835 3220 2888 τὸ
3257 2836 3314 2887 δὲ
3344 2834 3542 2896 πλάτος
3575 2835 3672 2903 τῆς
3701 2834 3915 2888 οἰκοδο·

2349 2930 2453 2999 μῆς
2503 2929 2598 2981 καὶ
2642 2928 2747 2980 τῶν
2789 2927 3049 2997 θεμελίων
3091 2925 3280 2996 πηχῶν
3309 2925 3356 2978 ι’.
3393 2925 3546 2978 Οὕτω
3600 2924 3711 2997 γὰρ
3763 2923 3916 2993 αύτῷ

2348 3019 2642 3090 προστάξαι
2684 3019 2867 3072 Νάθαν
2910 3018 3000 3072 τὸν
3048 3019 3328 3089 προφήτην
3358 3015 3452 3069 τοῦ
3482 3015 3636 3069 Θεοῦ.
3688 3017 3916 3069 Οἰκοδο-

2351 3112 2469 3179 μεῖν
2493 3108 2548 3161 δὲ
2573 3107 2794 3171 ἐναλλὰξ
2828 3108 2988 3177 δόμον
3020 3108 3216 3160 λίθινον
3243 3108 3334 3160 καὶ
3373 3106 3622 3177 ἐνδεσμον
3644 3107 3911 3177 κυπαρισι

703 3202 1029 3269 assignatum
1057 3211 1111 3255 et
1154 3202 1479 3270 descriptum
1538 3202 1815 3255 baberent.
1873 3201 2014 3272 Ergo
2063 3203 2244 3270 templi

2350 3217 2512 3264 σινον,
2565 3199 2863 3261 πελεκίνοις
2909 3199 3122 3269 χαλκοῖς
3163 3199 3515 3261 ταλαντιαίοις
3552 3199 3913 3269 καταλαμϐά-

704 3284 1051 3344 fundamenti
1089 3290 1267 3359 jacta,
1302 3291 1443 3359 quod
1472 3307 1594 3344 cum
1630 3293 1901 3359 sexaginta
1946 3293 2246 3346 cubitorum

707 3379 1062 3449 longitudine,
1095 3380 1419 3448 totidemque
1451 3381 1730 3434 latitudine
1754 3383 1986 3448 spatium
2015 3398 2246 3451 occupa-

708 3477 822 3531 ret,
849 3477 957 3542 tum
997 3483 1122 3521 vero
1167 3466 1508 3522 fundamenta
1564 3471 1864 3526 latitudinis
1915 3473 2030 3541 ipsa
2068 3488 2163 3542 per
2190 3487 2248 3526 se

708 3533 898 3610 deceni
919 3558 1136 3610 omnino
1169 3559 1377 3612 cubitos
1406 3552 1732 3613 obtinebant.
1753 3560 1916 3631 450
1935 3533 2029 3616 Sic
2051 3533 2192 3617 enim
2219 3580 2250 3618 a

710 3645 918 3701 Nathan
938 3648 1028 3702 Dei
1049 3650 1302 3718 propheta
1317 3648 1501 3718 jussus
1524 3649 1773 3705 Salomon
1791 3652 1981 3714 fuerat.
1996 3655 2071 3708 Ac
2083 3661 2253 3710 struc-

714 3746 886 3791 turam
916 3737 1132 3806 quidem
1185 3740 1488 3793 universam
1512 3741 1583 3793 ita
1631 3744 1898 3812 compingi
1948 3745 2146 3809 voluit,
2194 3752 2254 3798 ut

716 3825 904 3878 alterni
938 3841 1056 3880 sese
1086 3826 1343 3895 lapidum,
1375 3837 1428 3881 et
1454 3831 1884 3898 cypressinarum
1908 3833 2139 3886 trabium
2165 3848 2254 3886 or—

715 3916 865 3969 dines
907 3917 1240 3984 exciperent,
1295 3918 1438 3985 quod
1495 3929 1780 3988 utrumque
1834 3921 2040 3975 corium
2093 3924 2254 3978 azneis

714 4003 1070 4073 quibusdam,
1107 4005 1280 4073 iisque
1312 4007 1493 4059 talenti
1522 4009 1728 4076 pondo,
1768 3997 2033 4063 Securium
2066 4011 2251 4076 instar,

714 4099 942 4153 vinculis
969 4098 1370 4167 astringeretur.
1401 4096 1518 4153 Jam
1548 4110 1719 4154 stante
1752 4103 1986 4157 universi
2046 4107 2253 4160 aedilicii

716 4190 884 4255 mole,
931 4189 1164 4242 cedrinis
1216 4191 1649 4260 cupressinisque
1702 4192 1896 4246 tabulis
1937 4195 2253 4247 exteriorem

719 4281 952 4347 lapidum
983 4280 1200 4344 faciem,
1237 4287 1302 4334 ne
1359 4283 1571 4335 oculum
1619 4283 1933 4348 offenderet,
1981 4287 2255 4353 undequa-

719 4384 824 4436 que
852 4370 1089 4432 vestivit;
1120 4371 1422 4425 interiorem
1443 4388 1568 4426 vero
1597 4374 1675 4427 sic
1715 4374 1980 4426 inauravit
1999 4414 2013 4436 ,
2037 4384 2093 4427 ut
2125 4391 2256 4428 con-

719 4456 875 4510 natos
926 4472 989 4509 ex
1026 4473 1158 4510 auro
1195 4459 1385 4511 lateres
1427 4461 1729 4514 cubitorum
1775 4463 2043 4530 quinque,
2089 4465 2253 4518 clavis

2354 3309 2538 3352 νοντας
2561 3293 2683 3352 τοὺς
2701 3290 2791 3342 δύο
2808 3290 3018 3360 δόμους.
3043 3289 3252 3344 οῦτωδ¹
3275 3291 3434 3343 αὑτὸν
3455 3290 3915 3360 οἰκοδομήσαντα,

2344 3382 2584 3463 ,ξυλῶσαι
2619 3381 2812 3445 ἔξωθεν
2841 3381 3097 3452 κεδρίνοις
3133 3380 3308 3447 ξύλοις
3351 3382 3443 3433 καὶ
3474 3381 3913 3450 κυπαρισσίνοις,

2353 3472 2490 3524 ὥστε
2519 3471 2612 3541 τὴν
2640 3471 2840 3540 λιθίνην
2865 3471 3146 3542 οἰκοδομὴν
3185 3471 3259 3542 μὴ
3305 3471 3602 3539 φαίνεσθαι,
3633 3469 3916 3542 χρυσῶσαί
4020 3485 4022 3542 ι

2353 3579 2412 3613 τε
2438 3562 2527 3614 τὸν
2555 3561 2678 3613 ναὸν
2714 3560 2908 3613 ἔσωθεν
2941 3562 3213 3629 χωννύντα
3251 3561 3464 3614 πλινθία
3504 3563 3680 3630 χρυσᾶ
3715 3578 3918 3613 πενταο
4020 3560 4022 3618 i

2356 3655 2525 3722 πήχη,
2560 3651 2650 3703 καὶ
2680 3650 3019 3720 προστιθέναι
3056 3650 3423 3721 προσηλοῦντα
3451 3651 3597 3721 ἥλοις
3627 3651 3914 3723 ἀργυροίς,
4020 3637 4022 3650 ’

2357 3743 2708 3805 ταλαντιαίοις
2732 3742 2828 3812 τὴν
2855 3743 3035 3812 ὁλκὴν,
3069 3742 3401 3812 μαστοειδέσι
3428 3742 3520 3794 τὸν
3551 3743 3782 3812 ῥυθμὸν,
3804 3743 3917 3795 τέσ-

2360 3851 2517 3904 σαρσι
2543 3834 2598 3885 δὲ
2626 3833 2713 3884 τὸν
2756 3831 3005 3903 ἀριθμόν.
3043 3832 3197 3884 Οῦτω
3220 3832 3262 3884 δ’
3293 3832 3452 3884 αὑτὸν
3488 3832 3770 3903 χρυσῶσαι
3811 3834 3918 3886 ἀπὸ
4020 3885 4022 3888 .

2359 3927 2581 3992 ἐδάφους
2612 3925 2714 3987 ἕως
2737 3926 2834 3995 τῆς
2865 3925 3081 3996 ὀροφῆς,
3109 3925 3169 3977 τό
3207 3941 3266 3977 τε
3306 3926 3561 3995 ὀρόφωμα
3604 3925 3833 3994 ποιῆσαι
3856 3925 3918 3975 ἐκ

2360 4017 2724 4087 φατνωμὰτων
2765 4017 2995 4087 χρυσῶν,
3025 4017 3086 4067 τὸ
3124 4016 3180 4066 δὲ
3219 4015 3373 4085 δῶμα
3411 4003 3631 4085 ⁸ιέοιῆσαι
3659 4015 3914 4086 χαλκοῦν,

2360 4107 2465 4159 ἀπὸ
2514 4107 2818 4178 κεραμίδων
2867 4104 3099 4175 χαλκῶν,
3153 4106 3347 4174 χαλκὸν
3402 4106 3767 4175 χωνεύσαντα,
3829 4106 3917 4159 καὶ

2359 4198 2542 4250 τοῦτον
2571 4198 2898 4266 καταχέοντα
2916 4197 2961 4247 b.
2991 4196 3216 4266 Ποιῆσαι
3231 4197 3285 4249 δὲ
3304 4196 3395 4249 δύο
3412 4196 3632 4260 στύλους
3662 4198 3915 4267 χαλκοῦς,

2361 4293 2451 4343 καὶ
2516 4290 2927 4359 καταχρυσῶσαι
2974 4290 3165 4351 αὐτοὺς
3212 4287 3414 4359 χρυσίῳ
3449 4290 3638 4359 ἀδόλῳ,
3671 4290 3917 4361 δακτύλῳ

2361 4380 2418 4430 τὸ
2457 4380 2643 4448 πάχος.
2685 4374 2833 4430 Εἶναι
2881 4378 2938 4429 δὲ
2984 4379 3107 4438 τοὺς
3151 4375 3370 4440 στύλους
3413 4379 3489 4449 τῷ
3526 4380 3637 4449 ναῷ
3671 4381 3916 4451 [cape-ri.

2366 4470 2494 4532 θεις,
2523 4467 2582 4520 τὸ
2600 4469 2890 4530 δὲ.πλάτος
2916 4466 3096 4537 κύκλῳ
3124 4468 3348 4520 ἕκαστον
3377 4469 3528 4522 κίονα
3549 4471 3733 4540 πηχῶν
3765 4466 3912 4524 δέκα·

723 4547 986 4615 argenteis
1010 4558 1273 4621 quatuor,
1295 4548 1477 4600 talenti
1515 4551 1724 4616 pondo,
1773 4560 1930 4617 atque
1955 4551 2174 4604 uberum
2211 4555 2249 4605 ir

2370 4561 2553 4628 στῆναι
2573 4560 2626 4611 δὲ
2659 4550 2854 4620 αὐτοὺς
2875 4558 2966 4610 τοῦ
2998 4558 3143 4610 οἴκου
3176 4558 3232 4610 ὃν
3268 4559 3438 4628 μὲνὲκ
3468 4560 3674 4624 δεξιῶν,
3701 4560 3831 4612 aves
3863 4561 3916 4626 ἐξ
4020 4571 4022 4628 ξ

723 4639 1124 4691 similitudinem
1150 4639 1423 4694 collocatis
1445 4641 1511 4694 ad
1543 4643 1768 4708 parietes
1794 4641 2042 4711 adigeret.
2075 4642 2267 4711 Sicque

723 4728 1079 4794 apaviuiento
1119 4726 1184 4779 ad
1233 4741 1506 4780 summum
1555 4742 1725 4796 usque
1767 4737 1960 4782 tectum
1991 4730 2130 4784 :edes
2156 4739 2262 4783 tota

728 4831 858 4868 auro
886 4816 1217 4870 collucebat:
1274 4817 1548 4886 ipsiusque
1580 4818 1711 4871 adeo
1745 4816 2010 4886 laquearis
2044 4835 2266 4874 aureum

730 4905 1024 4959 tabulatum
1045 4945 1059 4968 ,
1085 4907 1319 4959 exterius
1336 4922 1460 4960 vero
1487 4907 1694 4962 culmen
1728 4922 1923 4961 aereum
1955 4918 2122 4961 totum
2154 4919 2268 4963 erat

731 4995 832 5047 hoc
857 5005 935 5048 est
986 4998 1140 5050 aereis
1182 4997 1370 5066 tegulis
1403 4997 1524 5050 fuso
1548 5013 1650 5052 tere
1686 4999 1928 5052 conﬂatis
1956 5000 2264 5052 instratum.

725 5082 1021 5138 Columnas
1063 5094 1315 5152 prmterea
1365 5087 1500 5139 duas
1530 5088 1582 5139 in
1613 5090 1808 5155 templo
1847 5090 2063 5151 statuit,
2101 5105 2269 5143 tet-eas

727 5171 942 5237 quidem
993 5171 1144 5237 illas,
1189 5174 1281 5226 sed
1314 5189 1445 5226 auro
1475 5175 1764 5241 purissimo
1805 5180 1868 5231 ad
1922 5179 2069 5247 digiti
2113 5185 2269 5234 unius

729 5260 1139 5315 crassitudinem
1165 5263 1407 5317 inductas
1426 5306 1441 5329 ,
1469 5279 1498 5316 a
1525 5265 1723 5334 dextris
1753 5283 1910 5322 unam
1931 5309 1946 5331 ,
1981 5270 2200 5331 alteram
2239 5286 2267 5324 a

731 5350 992 5418 sinistris;
1023 5353 1208 5404 ambas
1238 5363 1410 5407 autem
1441 5355 1702 5422 ejusmodi
1731 5397 1744 5418 ,
1769 5373 1886 5424 qua:
1937 5360 2270 5428 longitudine

733 5450 926 5495 tectum
954 5446 1126 5511 ipsum
1162 5445 1510 5512 attingerent,
1561 5447 1758 5498 ambitu
1796 5450 2004 5504 cubitos
2049 5451 2270 5518 singulae

818 5568 842 5594 ι
882 5558 966 5613 ἵσ.
1004 5557 1109 5610 τῶν
1149 5561 1304 5614 κατά.
1381 5559 1408 5597 δ
1433 5562 1512 5613 ισ.
1544 5563 1898 5631 καταχέαντα.

740 5751 769 5802 8
953 5670 1059 5723 Kal
1093 5671 1523 5739 zapézstr.'Ka£
1554 5674 1748 5728 rectius
1769 5713 1785 5740 ,
1819 5675 2026 5743 opinor,
2076 5691 2271 5744 expun-

777 5755 798 5784 υ
899 5779 910 5791 .

777 5755 910 5791 atur.

2367 4611 2676 4717 εὐωνύμων.
2710 4611 2934 4716 Ποιῆνσαι
2963 4646 3018 4697 δὲ
3053 4647 3143 4698 καὶ
3171 4611 3387 4714 λυχνίας
3418 4611 3638 4716 χρυσᾶς,

2366 4738 2528 4792 λαντα
2560 4738 2792 4805 ἑκάστην
2836 4737 2995 4805 ὁλκὴν
3047 4735 3300 4802 ἀγούσας,
3351 4737 3648 4805 ὑπόδειγμα
3690 4735 3917 4790 λαϐόντα
4020 4759 4022 4762 ·

2368 4829 2465 4898 τὴν
2521 4827 2630 4880 ὑπὸ
2670 4828 2906 4895 Μωσέως
2949 4829 3004 4878 ἐν
3037 4830 3100 4895 τῇ
3138 4829 3304 4896 σκηνῇ
3338 4826 3430 4878 τοῦ
3483 4826 3779 4895 μαρτυρίου
3831 4843 3916 4879 τι·

2369 4919 2567 4969 θεῖσαν.
2603 4916 2797 4984 Στῆσαι
2826 4916 2867 4966 δ’
2902 4914 2959 4978 ὲξ
2985 4915 3238 4984 ἐκατέρου
3270 4915 3465 4984 μέρους
3483 4913 3576 4965 τοῦ
3604 4914 3792 4982 σηκοῦ,
3825 4919 3915 4978 τάς

2372 5009 2468 5077 μὲν
2501 5011 2562 5058 ὲκ
2589 5005 2792 5070 δεξιῶν,
2818 5007 2912 5067 τὰς
2932 5006 2987 5057 δὲ
3017 5006 3072 5069 ἐξ
3107 4990 3414 5073 εὐωνύμων.
3441 5005 3668 5075 Ποιῆσαι
3687 5006 3732 5058 δ’
3759 5007 3916 5059 αὑτὸν

2370 5098 2461 5149 καὶ
2484 5095 2704 5164 λύχνους
2751 5094 2983 5165 χρυσοῦς
3012 5094 3072 5155 o',
3107 5092 3244 5144 ὥστε
3295 5094 3540 5147 καίεσθαι
3582 5095 3662 5162 ἐφ’
3690 5095 3914 5165 ἑκάστης

2369 5186 2584 5254 λυχνίας
2641 5184 2793 5238 ἑπτά.
2829 5183 3188 5252 Οἰκοδομῆσαι
3225 5184 3282 5233 δὲ
3322 5186 3414 5237 καὶ
3462 5184 3560 5246 τὰς
3609 5183 3781 5246 πύλας
3827 5183 3911 5236 τοῦ

2375 5274 2538 5346 ἱεροῦ,
2593 5276 2684 5326 καὶ
2731 5273 3143 5342 κατακοσμῆσαι
3169 5274 3370 5344 χρυσίῳ
3394 5274 3487 5327 καὶ
3525 5275 3797 5344 ἀργυρίῳ·
3828 5275 3910 5327 καὶ

2371 5365 2765 5430 καταστεγάσαι
2820 5364 3135 5430 φατνώμασι
3183 5365 3439 5434 κεδρίνοις
3467 5365 3561 5417 καὶ
3603 5365 3906 5434 κυπαρισσί-

2371 5472 2496 5515 νοις.
2530 5455 2754 5523 Ποιῆσαι
2785 5456 2838 5506 δὲ
2859 5455 2947 5505 καὶ
2977 5455 3114 5506 κατὰ.
3144 5455 3202 5507 τὸ
3232 5457 3365 5525 πρὸς
3403 5455 3602 5527 βορρᾶν
3631 5456 3792 5526 μέρος
3825 5453 3907 5507 τοῦ

2443 5677 2549 5745 (89)
2590 5675 2803 5745 Πηχῶν
2850 5672 3136 5745 ἓξέῖωἰί
3190 5674 3408 5743 perinde
3453 5689 3516 5726 ac
3559 5673 3604 5726 si
3641 5645 3908 5744 tegeretur

2372 5741 2556 5815 πηχῶν
2587 5744 2642 5808 ξ’.
2677 5741 2908 5800 Consule
2937 5741 3228 5816 Joseplium
3263 5745 3524 5813 Antiquit.
3563 5757 3657 5798 vui
3681 5784 3697 5810 ,
3720 5741 3783 5799 τι.
