4022 6342
144 436 256 492 753
1311 431 1637 495 PREPAR.
1680 440 1941 498 EVANG.
1971 441 2096 496 LIB.
2127 439 2212 495 IX.
3255 445 3358 510 754

138 552 298 624 ἱεροῦ
340 552 519 616 στοάν,
547 554 638 606 καὶ
688 554 909 613 στύλους
959 555 1094 624 αὑτῇ
1136 555 1434 624 ὑποστῆσαι
1484 553 1709 624 χαλκοῦς

1815 555 1996 608 decem
2028 557 2325 625 implerent.
2352 557 2525 609 Aurea
2557 556 2715 609 etiam
2744 557 3060 612 candelabra
3110 557 3221 612 ﬁeri
3264 576 3359 613 cu-

146 651 264 714 μη⁹.
299 645 716 697 Κατασκευάσαι
743 645 799 697 δὲ
852 645 945 698 καὶ
977 645 1211 716 λουτῆρα
1257 645 1488 715 χαλκοῦν
1545 647 1709 715 μῆκος

1814 647 1950 700 ravit
1970 687 1983 709 ,
2009 647 2185 714 pondo
2209 646 2416 716 singula
2451 647 2710 700 talentum
2727 647 2928 712 decem,
2960 664 3079 717 qua:
3106 650 3170 702 ad
3197 651 3359 716 illius,

139 734 340 804 πηχῶν
367 742 435 799 κ’,
463 736 556 787 καὶ
583 736 780 797 πλάτος
801 735 990 804 πηχῶν
1015 736 1083 788 κ”
1111 736 1170 788 τὸ
1197 737 1253 787 δὲ
1285 736 1413 804 ὕψος
1440 736 1626 805 πηχῶν
1649 737 1708 790 ε’.

1815 739 1956 805 quod
1989 739 2041 790 in
2082 738 2432 791 tabernaculo
2455 738 3073 792 testimoniicollocatum
3115 755 3144 794 a
3179 737 3363 809 Moyse

141 825 380 894 Ποιῆσαι
415 825 470 880 δὲ
503 827 586 878 ἐπ’
613 824 760 894 αὐτῷ
795 826 1060 896 στεφάνην
1107 826 1239 897 πρὸς
1285 826 1384 894 τὴν
1415 825 1566 893 βάσιν
1611 823 1709 888 ἔξω

1817 829 2319 898 fuerat,exemplar
2363 830 2646 898 expressit.
2669 829 2803 898 _H:I:c
2845 839 3068 898 utraque
3115 830 3364 884 similiter

139 917 520 988 ὑπερέχουσαν
548 917 722 986 πῆχυν
766 917 860 968 ἕνα
889 917 1021 987 πρὸς
1049 917 1108 969 τὸ
1138 920 1261 978 τοὺς
1301 916 1462 985 ἱερεῖς
1490 913 1613 976 τούς
1652 931 1709 964 τε

1811 922 1941 975 tedis
1963 937 2029 974 ex
2064 932 2212 990 parte
2235 922 2546 980 constituta.
2571 922 2636 975 ad
2667 922 2938 975 dexteram
2977 921 3115 990 alia,
3158 921 3260 974 alia
3293 921 3360 974 ad

139 936 520 988 υτεερεχουσαν
548 936 722 986 πηχυν
767 936 860 968 ενα
889 936 1021 987 προς
1049 936 1108 969 το
1138 936 1261 978 τους
1301 936 1462 985 ιερεις
1490 936 1613 976 τους
1652 936 1710 964 τε
1811 936 1941 975 asins
1963 937 2029 974 ex
2064 936 2212 990 parte
2235 936 2546 980 constituta.
2571 936 2636 975 ao
2667 936 2938 975 dexteram
2977 936 3042 973 an

139 1005 318 1067 πόδας
347 1006 795 1077 προσκλύςεσθαι,
827 1010 922 1060 καὶ
955 1009 1052 1072 τὰς
1082 1010 1264 1079 χεῖρας
1291 1005 1569 1059 νίπτεσθαι
1593 1007 1710 1057 ἐπι-
1813 1011 2088 1065 sinistram
2108 1054 2120 1076 ,
2147 1012 2445 1079 additaque
2465 1011 2885 1065 aureaelucerna:
2909 936 3093 1079 ερριυῖ

140 1095 430 1160 ϐαίνοντας
450 1114 464 1126 °
512 1099 732 1167 ποιῆσαι
775 1098 830 1149 δὲ
864 1099 958 1153 καὶ
997 1098 1093 1159 τὰς
1124 1080 1306 1167 βάσεις
1335 1098 1427 1150 τοῦ
1455 1095 1710 1166 λουτῆρος

140 1189 431 1261 τορευτὰς,
473 1191 742 1260 χωνευτάς
787 1190 1008 1256 δώδεκα,
1045 1192 1138 1243 καὶ
1168 1190 1244 1260 τῷ
1284 1190 1405 1258 ὕψει
1448 1190 1710 1261 ἀνδρομή-

140 1299 266 1346 κεις
285 1300 299 1313 ο
325 1283 418 1335 καὶ
443 1282 632 1352 στῆσαι
663 1282 722 1346 ἐξ
743 1283 963 1354 ὑστέρου
997 1283 1193 1359 μέρους
1213 1283 1315 1334 ὑπὸ
1347 1283 1436 1335 τὸν
1453 1282 1707 1353 λουτῆρα,

138 1374 209 1426 bc
251 1371 437 1438 δεξιῶν
483 1374 575 1427 τοῦ
625 1374 1025 1446 θυσιαστηῇίοω
1068 1375 1295 1444 Ποιῆσαι
1329 1375 1385 1428 δὲ
1422 1375 1515 1426 καὶ
1558 1367 1711 1443 βάσιν

138 1464 353 1535 χαλκῆν
395 1466 472 1536 τῷ
513 1466 634 1535 ὕψει
680 1467 867 1537 πηχῶν
918 1468 1082 1530 δυοῖν,
1132 1468 1270 1523 κατά
1321 1467 1410 1519 τὸν
1457 1466 1707 1536 λουτῆρα,

131 1557 213 1610 Iv‘
276 1560 548 1631 ἐφεστήκῃ
612 1562 696 1612 ἐπ’
745 1561 912 1631 αὐτῆς
967 1562 996 1612 ὁ
1046 1559 1329 1630 βασιλεὺς,
1392 1560 1516 1611 ὅταν
1547 1575 1710 1631 προσ-

137 1648 406 1719 εύχηται,
438 1650 588 1714 ὅπως
635 1650 931 1721 όπτάνηται
974 1649 1052 1722 τῷ
1107 1650 1220 1721 λαῷ
1247 1651 1364 1713 ,τῶν
1421 1650 1704 1705 Ἰουδαίων.

137 1741 507 1813 Οἰκοδομῆσαι
535 1744 591 1797 δὲ
624 1745 718 1798 καὶ
743 1745 801 1797 τὸ
830 1743 1210 1814 θυσιαστήριον
1235 1786 1249 1810 ,
1294 1743 1480 1814 πηχῶν
1514 1742 1589 1796 κε’
1618 1743 1709 1795 ἐπὶ

1810 1740 2104 1795 altitudinis
2151 1756 2276 1794 vero
2319 1741 2557 1810 quinque
2612 1739 3102 1794 duntax'atcubitos
3129 1737 3352 1792 habens.

137 1819 342 1900 πήχεις
371 1831 438 1895 κ’,
460 1833 520 1885 τὸ
549 1834 594 1887 δ’
625 1833 758 1903 ὕψος
790 1834 977 1904 πηχῶν
1014 1834 1099 1886 ιϐ’.
1132 1834 1358 1904 Ποιῆσαι
1388 1834 1442 1887 δὲ
1485 1837 1577 1888 καὶ
1619 1835 1709 1887 δα-

1810 1831 1924 1886 lloc
1957 1831 2152 1886 limbus
2183 1831 2398 1900 quidam
2423 1830 2656 1886 exterius
2677 1830 2742 1886 ad
2761 1829 2997 1883 cubitum
3026 1845 3193 1884 unum
3217 1830 3353 1882 emi-

133 1921 394 1986 κτυλίους
423 1922 514 1976 δύο
532 1925 764 1995 χαλκοῦς
782 1903 1155 1990 ἀλυσιδωτοὺς,
1179 1903 1270 1979 καλ
1300 1926 1491 1996 στῆσαι
1512 1928 1704 1989 αὐτοὺς

1810 1939 1949 1979 nens
1973 1963 1988 1988 ,
2018 1938 2082 1978 ac
2107 1939 2296 1977 versus
2325 1923 2497 1976 basim
2514 1922 2912 1976 circumductus
2941 1921 3228 1984 ambiebat,
3247 1935 3356 1989 quo

1811 1112 2010 1170 septem
2080 1119 2336 1159 accensas
2378 1103 2696 1158 candelabra
2753 1104 2958 1174 singula
3010 1104 3354 1158 sustinerent.

1814 1193 2017 1262 Templi
2041 1210 2254 1264 quoque
2285 1195 2467 1249 valvas
2500 1210 2632 1249 auro
2654 1205 2978 1265 argentoque
3011 1195 3168 1258 texit,
3188 1194 3359 1246 forni-

1811 1299 2035 1352 cemque
2071 1284 2300 1353 desuper
2330 1285 2563 1338 cedrinis
2610 1300 2674 1338 ac
2695 1287 3020 1355 cypressinis
3057 1301 3122 1338 ex
3163 1284 3358 1341 tabulis

1811 1375 2060 1429 sinuavit.
2089 1373 2206 1429 Jam
2253 1376 2316 1429 ad
2357 1375 2823 1444 septentrionalem
2868 1375 2998 1428 aedis
3031 1383 3235 1443 partem
3275 1375 3360 1427 in-

1810 1476 2019 1537 gentem
2075 1467 2339 1537 porticum
2380 1466 2614 1536 apeiuit,
2664 1466 2929 1521 columnis
2967 1469 3119 1522 aereis
3160 1475 3280 1520 octo
3305 1474 3360 1521 et

1811 1560 2162 1629 quadraginta
2228 1558 2520 1613 sulTultam.
2603 1558 2832 1612 Labrum
2904 1558 3028 1611 item
3113 1558 3358 1627 adiunxit

1809 1667 2046 1711 mneum.
2082 1650 2431 1720 longitudinis
2462 1650 2675 1718 quidem
2723 1664 2786 1703 ac
2819 1647 3115 1702 latitudinis
3148 1647 3354 1715 viginti,

1813 1011 2088 1065 sinistram
2108 1054 2120 1076 ,
2147 1012 2445 1080 additaque
2465 1011 2885 1065 aureaelucerna:
2909 1011 3265 1080 septuéginta,
3300 1021 3360 1064 ut
3461 1080 3463 1082 η

133 2012 236 2065 ἐπὶ
296 2017 698 2086 μηχανημάτων
743 2018 1110 2088 ὑπερεχόντων
1167 2017 1244 2086 τῷ
1273 2017 1397 2086 ὕψει
1448 2017 1538 2070 τὸν
1581 2018 1704 2071 ναὸν

129 2107 338 2178 πήχεις
365 2107 431 2172 κ’,
464 2110 558 2162 καὶ⁵
586 2109 824 2174 σκιάζειν
852 2110 1034 2165 ἐπάνω
1061 2109 1259 2174 παντὸς
1289 2109 1380 2163 τοῦ
1418 2109 1583 2180 ἱεροῦο
1612 2111 1706 2166 καὶ

131 2197 559 2269 προσκρεμάσαι
587 2200 791 2271 ἑκάστῃ
821 2197 999 2255 δικτύῖ
1046 2200 1299 2263 κώδωνας
1340 2198 1572 2270 χαλκοῦς
1613 2217 1704 2253 τα-

130 2288 448 2353 λαντιαίους
489 2291 900 2360 τετρακοσίουςο
945 2291 1037 2345 καὶ
1070 2292 1292 2363 ποιῆσαι
1339 2291 1465 2354 ὅλας
1493 2291 1590 2355 τὰς
1623 2293 1702 2345 δι-

132 2380 332 2445 κτύας,
361 2381 496 2453 πρὸς
515 2383 575 2435 τὸ
599 2382 788 2452 ψοφεῖν
812 2384 938 2448 τοὺς
969 2383 1238 2450 κώδωνας,
1276 2385 1368 2438 καὶ
1418 2383 1704 2439 ἀποσοϐεῖν

131 2475 208 2528 τὰ
243 2474 429 2545 ϐρνεα,
461 2476 608 2540 ὅπως
637 2475 710 2548 μὴ
743 2476 934 2548 καθίζῃ
960 2477 1050 2530 ἐπὶ
1079 2477 1169 2530 τοῦ
1212 2476 1378 2549 ἱεροῦ,
1417 2477 1552 2548 μηδὲ
1568 2495 1705 2532 ’νοσ-

136 2563 278 2634 σεύῃ
302 2563 394 2616 ἐπὶ
424 2568 533 2630 τοῖς
557 2565 875 2637 φατνώμασί
907 2567 1014 2620 τῶν
1055 2567 1234 2620 πυλῶν
1258 2567 1351 2620 καὶ
1388 2568 1576 2634 στοῶν,
1611 2569 1704 2622 καὶ

137 2655 348 2726 μολύνῃ
385 2659 495 2721 τοῖς
530 2659 921 2729 ἀποπατήμασι
957 2659 1017 2712 τὸ
1073 2659 1235 2730 ίερόν.
1290 2659 1609 2730 Περιϐαλεῖν
1648 2659 1703 2714 δὲ

137 2747 240 2806 καὶ
270 2747 338 2802 τά
387 2749 724 2822 Ἱεροσόλυμα
745 2751 841 2822 τὴν
870 2750 1023 2803 πόλιν
1052 2752 1273 2822 τείχεσι,
1324 2753 1416 2806 καὶ
1454 2752 1700 2823 πύργοις,

136 2837 242 2891 καὶ
286 2838 532 2910 τάφροις.
591 2825 950 2914 Οῑκίοδομῆσαι
1007 2842 1064 2895 δὲ
1118 2844 1212 2896 καὶ
1241 2842 1482 2913 βασίλεια
1507 2841 1700 2912 ἑαυτῷ.

137 2927 655 3000 Προσαγορευθῆναι
692 2931 750 2988 δὲ
787 2932 999 3004 πρῶτον
1023 2932 1119 3002 μὲν
1146 2931 1207 2986 τδ
1234 2932 1529 3004 ἀνάκτορον
1563 2932 1703 3003 ἱερὸν

139 3018 478 3089 Σολομῶνος,
526 3022 750 3095 ὕστερον
779 3024 855 3087 δὲ,
901 3020 1366 3095 παρεφθαρμένως
1411 3024 1507 3096 τὴν
1553 3024 1703 3077 πόλιν

137 3109 255 3170 ἀπὸ
276 3107 371 3161 τοῦ
408 3111 553 3182 ίεροῦ
597 3112 945 3184 Ἰερουσαλὴμ
963 3113 1353 3184 ὀνομασθῆναι·
1386 3113 1488 3167 ὑπὸ
1519 3113 1575 3166 δὲ
1599 3113 1703 3166 τῶν

148 3198 422 3270 Ἑλλήνιον
452 3202 782 3272 φερωνύμως
828 3202 1168 3276 Ἱεροσόλυμα
1214 3201 1480 3269 λέγεσθαι.
1513 3202 1703 3254 Συντεσ

137 3252 378 3348 um'm
406 3252 476 3345 δέ
505 3252 746 3364 sua;
762 3252 1017 3364 ’καῗτῇᾁ
1027 3252 1189 3346 ίσέὶᾁῖν
1215 3252 1571 3362 Ἵτειχίσαντα,
1599 3252 1706 3343 ελ-
1730 3252 1774 3310 ο

142 3384 263 3438 θεῖν
287 3384 368 3447 εἰς
388 3381 603 3454 Σηλὼμ,
634 3385 729 3436 καὶ
761 3383 949 3437 θυσίαν
1005 3381 1083 3453 τῷ
1119 3381 1237 3452 Θεῷ
1273 3385 1352 3445 είς
1396 3381 1706 3453 όλοκὰρπω-

142 3493 234 3530 σιν
270 3477 656 3546 προσαγαγεῖν,
695 3473 817 3544 βοῦς
845 3474 1065 3546 χιλίους.
1095 3475 1336 3530 Λαϐόντα
1372 3473 1427 3526 δὲ
1454 3473 1705 3545 τὴνμσκη-

137 3571 247 3640 νὴν
279 3571 374 3624 καὶ
405 3570 464 3623 τὸ
500 3569 898 3641 θυσιαστήριον,
939 3570 1030 3627 καὶ
1055 3569 1124 3624 τά
1161 3567 1329 3639 σκεύη
1351 3609 1366 3633 ,
1406 3567 1442 3622 ἀ
1487 3567 1706 3638 ἐποίησε

142 3660 382 3731 Μωσῆς,
423 3661 502 3723 είς
537 3661 879 3733 Ἱεροσόλυμα
924 3663 1198 3730 ἐνεγκεῖν,
1260 3662 1354 3720 καὶ
1388 3663 1444 3716 ὲν
1470 3660 1547 3731 τῷ
1577 3659 1708 3730 οἴκῳ

142 3750 344 3804 θεῖναι.
379 3749 489 3804 Kal.
529 3751 628 3822 τὴν
681 3751 910 3806 κιϐωτὸν
938 3752 994 3805 δὲ
1027 3753 1122 3811 καὶ
1142 3752 1231 3804 τὸν
1259 3751 1439 3823 βωμὸν
1461 3752 1549 3806 τὸν
1575 3770 1708 3823 χρυ-

145 3840 301 3906 σοῦν,
347 3842 439 3895 καὶ
487 3840 582 3914 τὴν
633 3840 882 3912 λυχνίαν,
920 3841 1014 3897 καὶ
1046 3840 1142 3913 τὴν
1175 3842 1471 3912 τράπεζαν,
1517 3844 1612 3896 καὶ
1643 3843 1711 3895 τὰ

113 3930 288 3990 “ιλλα
343 3931 508 4004 σκεύη
567 3934 682 3986 ἐκεῖ
732 3932 1130 3995 κατατίθεσθαι,
1174 3932 1368 3995 ¹καθὼς
1415 3936 1710 4002 προστάξαι

149 4024 308 4096 αὐτῷ
342 4027 431 4080 τὸν
453 4028 751 4099 προφήτην.
792 4027 1248 4099 Προσαγαγεῖνδὲ
1279 4025 1355 4096 τῷ
1379 4026 1496 4095 Θεῷ
1522 4026 1710 4080 θυσίαν

151 4100 374 4188 μυρίαν,
408 4117 653 4188 πρόϐατα
683 4118 933 4192 δισχίλια,
962 4119 1189 4188 μόσχους
1227 4117 1549 4187 τρισχιλίους
1581 4133 1709 4168 πεν-

147 4208 458 4272 τακοσίους.
508 4209 582 4261 Τὸ
628 4210 684 4262 δὲ
721 4210 940 4281 σύμπαν
975 4210 1212 4282 χρυσίον,
1261 4210 1321 4260 τὸ
1349 4209 1427 4269 είς
1451 4209 1574 4269 τοὺς
1619 4209 1710 4260 δύο

153 4298 382 4364 στύλους
412 4299 523 4354 καὶ
569 4303 660 4356 τὸν
689 4304 812 4357 ναὸν
859 4301 1224 4375 καταχρησθὲν
1248 4343 1262 4366 ,
1308 4297 1711 4355 εἴναιτάλαντα

159 4391 436 4463 μυριάδων
458 4386 554 4456 υξ,
590 4395 667 4456 είς
689 4394 744 4448 δὲ
775 4397 900 4459 τοὺς
919 4395 1079 4465 ἥλους
1107 4393 1199 4447 καὶ
1231 4393 1327 4462 τὴν
1360 4392 1520 4461 ἀλλην
1553 4408 1711 4448 κατα-

155 4480 359 4554 σκευὴν
387 4481 643 4553 ἀργυρίου
674 4482 907 4542 τάλαντα
930 4484 1093 4558 χίλια.
1118 4484 1359 4537 διακόσια
1400 4498 1712 4552 τριακοντα-

1809 2016 2024 2070 facilius
2055 2029 2352 2070 conscenso
2389 2014 2579 2082 ,labro,
2639 2012 2942 2067 sacerdotes
2989 2013 3180 2081 pedum
3237 2027 3357 2064 ma-

1809 2121 2085 2177 nuumque
2117 2106 2303 2160 sordes
2335 2106 2591 2159 eluerent.
2633 2102 2814 2158 Eidem
2851 2103 3047 2173 gradus
3079 2103 3356 2158 tornatiles

1808 2199 2108 2267 fusilesque’
2140 2196 2422 2251 duodecim
2443 2237 2458 2261 ,
2481 2213 2602 2251 cum
2630 2197 2775 2266 jnsta
2805 2197 3040 2252 hominis
3067 2197 3228 2253 unius
3246 2212 3359 2251 ma-

1808 2289 2086 2360 gnitudine
2107 2288 2373 2358 adaequati
2399 2327 2414 2352 ,
2442 2287 2507 2341 ad
2542 2298 2744 2357 partem
2788 2289 2931 2343 illius
2978 2289 3353 2357 posteriorem,

1807 2381 1992 2437 altaris
2015 2396 2140 2437 vero
2164 2381 2435 2435 dexteram
2466 2380 2744 2450 suppositi.
2774 2381 2965 2434 Addita
3004 2381 3220 2449 insuper
3256 2380 3356 2435 ba-

1807 2475 1884 2530 sis
1908 2489 2086 2538 :enea,
2117 2488 2224 2528 non
2252 2472 2438 2542 procul
2463 2488 2492 2525 a
2509 2472 2678 2538 labro,
2703 2472 3204 2526 altitudinecubitos
3221 2471 3357 2526 duos

1807 2564 2091 2630 obtinens,
2184 2565 2272 2618 cui
2353 2578 2448 2618 rex
2533 2570 2785 2618 oraturus
2857 2563 3158 2627 insisteret,
3248 2576 3358 2631 quo

1807 2654 2020 2708 facilius
2067 2654 2502 2709 acircumstante
2549 2652 2734 2709 Judteo
2776 2654 2973 2723 pepulo
3027 2661 3354 2707 cerneretur.

1805 2743 1964 2818 45],
1997 2743 2076 2797 Ad
2106 2745 2219 2799 haec
2249 2745 2418 2798 altare
2448 2744 2638 2809 erexit,
2684 2744 2841 2813 cujus
2879 2743 3113 2798 ambitus
3147 2743 3358 2797 cubito-

1808 2849 1926 2888 rum
1975 2832 2213 2904 quinque
2247 2840 2302 2886 et
2343 2832 2698 2903 quadraginta
2724 2872 2740 2897 ,
2772 2831 2993 2885 altitudo
3045 2845 3174 2886 vero
3221 2831 3358 2886 duo-

1808 2923 1980 2978 decim
2032 2929 2240 2978 tantum
2291 2931 2450 2978 esset.
2500 2919 2807 2985 Postremo,
2861 2922 3090 2975 annulos
3139 2937 3204 2976 ex
3252 2939 3356 2977 aere

1808 3013 2054 3084 geminos
2106 3013 2311 3069 catenis
2358 3013 2646 3083 implicitos
2676 3052 2690 3076 ,
2726 3013 2989 3066 machinis
3032 3013 3352 3082 quibusdam

1809 3120 1971 3174 supra
2001 3104 2183 3173 templi
2224 3103 2495 3174 fastigium
2544 3103 2730 3173 viginti
2780 3103 2974 3158 cubitis
3020 3106 3356 3162 exstantibus

1809 3194 2097 3262 impositis,
2127 3188 2360 3262 quorum
2386 3194 2579 3248 umbra
2606 3195 2660 3247 in
2693 3203 2860 3252 totum
2886 3194 3115 3263 desuper
3142 3196 3354 3250 culmen

1807 3283 2141 3336 incumberet
2165 3300 2178 3336 ε
2207 3297 2345 3351 eque
2377 3282 2604 3359 singulis
2629 3281 2827 3337 retibus
2854 3298 2948 3338 seu
2975 3287 3178 3338 catenis
3209 3302 3356 3341 amca

1807 3373 2190 3436 tintinnabula,
2217 3372 2402 3426 talenti
2427 3373 2624 3441 pondo,
2643 3374 3031 3443 quadringenta
3056 3377 3352 3444 suspendit,

1805 3478 1924 3532 quae
1950 3465 2154 3520 catenis
2183 3465 2471 3518 commotis
2503 3465 2768 3536 impulsa,
2802 3467 2995 3520 tinnitu
3033 3481 3095 3519 ac
3128 3465 3372 3534 strepitu-

1805 3555 2051 3610 volucres
2086 3554 2361 3623 abigerent
2388 3592 2402 3616 ,
2454 3569 2520 3607 ne
2550 3554 2632 3608 vel
2681 3553 2975 3610 insiderent
3011 3542 3207 3625 templo
3230 3597 3244 3621 ,
3274 3560 3358 3613 vel

1808 3646 1963 3700 nidos
2013 3645 2067 3699 in
2101 3644 2378 3699 valvarum
2432 3652 2526 3698 aut
2574 3645 2877 3714 porticuum
2931 3647 3181 3702 tabulatis
3227 3664 3357 3701 con-

1809 3745 2096 3799 struerent,
2131 3735 2406 3807 aedemque
2456 3752 2665 3792 sacram
2717 3737 2968 3792 sordibus
2993 3737 3351 3806 inquinarent.

1809 3828 1975 3885 Porro
2009 3828 2179 3899 ipsam
2231 3843 2446 3898 quoque
2487 3826 2868 3898 Hierosolyma:
2909 3829 3093 3880 urbem
3140 3826 3312 3880 muris
3339 3867 3352 3889 ,

1811 3922 2071 3986 turribus,
2103 3920 2374 3988 fossisque
2408 3920 2645 3983 vallavit,
2679 3927 3072 3988 augustamque
3117 3916 3218 3971 sibi
3255 3917 3355 3985 ipsi

1810 4013 2010 4082 regiam
2035 4009 2304 4064 excitavit.
2324 4010 2388 4061 At
2418 4008 2649 4077 primum
2671 4009 2885 4078 quidem
2909 4021 3061 4063 sacra
3084 4007 3170 4060 illa
3195 4009 3354 4075 aedes,

1811 4103 1950 4174 ἱερὸν
1974 4099 2300 4170 Σολομῶνος,
2325 4098 2629 4156 Salomonis
2656 4099 2931 4168 templum,
2956 4100 3225 4153 nominata
3243 4108 3356 4166 est;

1809 4194 2002 4248 deinde
2035 4207 2181 4257 vero,
2219 4193 2348 4246 urbs
2377 4193 2488 4262 ipsa
2524 4188 2856 4246 Hierusalem
2877 4233 2891 4257 ,
2927 4203 3179 4261 corrupto
3207 4193 3358 4246 vitia-

1811 4297 1974 4355 tuque
2005 4288 2184 4355 templi
2217 4286 2430 4338 nomine
2470 4284 2752 4354 appellata,
2785 4299 2945 4352 quam
2980 4282 3149 4337 Graeci
3177 4294 3356 4353 postea

1814 4377 2237 4448 Hierosolymam
2273 4375 2412 4430 aﬂitii
2443 4376 2762 4445 geminoque
2793 4374 3050 4448 vocabulo
3082 4387 3357 4439 nuncupa-

1814 4480 1958 4526 runt.
1992 4447 2104 4525 Rex
2127 4477 2303 4522 autem
2331 4477 2452 4537 post
2486 4467 2742 4534 templum
2773 4447 3113 4527 aediﬁcatum,
3143 4462 3356 4514 urbem-

151 4575 276 4630 δύο·
308 4552 504 4645 χαλκοῦ
534 4574 588 4626 δὲ
624 4577 701 4637 είς
727 4576 851 4637 τοὺς
877 4552 1060 4640 κίονας
1089 4576 1180 4629 καὶ
1215 4576 1301 4629 τὸν
1347 4574 1580 4646 λουτῆρα
1617 4576 1709 4626 καὶ

1813 4577 1916 4631 que
1944 4561 2228 4626 munitam,
2259 4557 2531 4611 Selomum
2568 4554 2858 4624 profectus,
2888 4553 2993 4607 Deo
3022 4552 3164 4605 mille
3194 4552 3355 4605 boum

153 4667 257 4736 τὴν
287 4663 444 4717 στοὰν
468 4663 702 4722 τάλαντα
739 4664 905 4734 μύρια
941 4664 1312 4736 ὀκτακισχίλια
1359 4667 1706 4736 πεντήκοντα.

164 4757 512 4828 ’Δποπέμψαι
540 4756 598 4809 δὲ
629 4757 716 4810 τὸν
754 4749 1038 4826 Σολομῶνα
1072 4758 1166 4810 καὶ
1205 4759 1328 4821 τοὺς
1363 4758 1707 4826 Αἰγυπτίους,

150 4851 252 4911 καὶ
287 4849 411 4912 τοὺς
446 4849 710 4911 Φοίνικας,
745 4839 1005 4908 ἑκάστους
1027 4849 1105 4910 εἰς
1124 4847 1219 4918 τὴν
1258 4849 1711 4917 ἐαυτῶν,ἒκάστῳ

116 4979 120 4984 .
155 4938 362 5016 χρυσοῦ
397 4940 608 5005 σίκλους
639 4940 792 4995 δόντα
817 4939 946 4998 δέκα
964 4957 976 4970 ι
1009 4940 1076 4992 τὸ
1105 4940 1160 4996 δὲ
1185 4942 1340 5012 τάλα·⁵
1365 4960 1441 4996 ;ον
1467 4938 1603 4994 εἶναι
1633 4941 1713 4996 σί-

156 5031 306 5094 κλον.
342 5032 451 5084 Kal.
481 5027 567 5103 τῷ
593 5035 690 5103 μὲν
717 5032 985 5102 Αἰγύπτου
1027 5031 1231 5100 βασιλεῖ
1272 5034 1494 5104 Οὐαφρῇ
1534 5034 1709 5087 ἐλαίου

161 5115 435 5193 μετρητὰς
472 5120 714 5190 μυρίους,
740 5118 1191 5188 φοινικοϐαλάνων
1241 5119 1481 5190 ἀρτάϐας
1518 5122 1710 5191 χιλίας,

161 5210 377 5282 μέλιτος
409 5209 470 5269 δὲ,
488 5211 680 5280 ἀγγεῖα
706 5214 917 5276 ἕκατον,
947 5212 1035 5268 καὶ
1063 5211 1326 5283 ἀρώματα
1364 5212 1573 5280 πέμψαι
1591 5231 1602 5244 ’
1638 5213 1714 5283 τῷ

155 5300 216 5354 ὅ).
245 5299 474 5369 Σούρωνι
495 5300 574 5363 είς
600 5298 772 5373 Τῦρον
801 5303 1009 5374 πέμψαι
1041 5301 1130 5354 τὸν
1157 5296 1387 5372 χρυσοῦν
1411 5302 1560 5354 κίονα
1585 5343 1598 5365 ,
1625 5304 1714 5356 τὸν

160 5396 220 5446 ὲν
257 5391 412 5461 Τύρῳ
438 5391 785 5463 ἀνακείμενον
802 5396 859 5447 ὲν
890 5394 968 5466 τῷ
1005 5394 1132 5467 ἱερῷ
1164 5393 1254 5448 τοῦ
1292 5392 1428 5454 Διός,
1465 5392 1716 5461 Θεόφιλος

159 5484 219 5538 δέ
247 5497 377 5553 φησι
399 5482 488 5535 τὸν
516 5484 946 5553 περισσεύσαντα
968 5486 1162 5556 χρυσὸν
1202 5486 1291 5537 τὸν
1322 5482 1605 5552 Σολομῶνα
1638 5484 1714 5554 τῷ

163 5577 346 5647 Τυρίῳ
377 5575 584 5646 βασιλεῖ
609 5575 837 5647 πέμψαι.
876 5574 978 5629 Τὸν
1005 5577 1081 5642 δὲ,
1117 5579 1296 5631 εἰκόνα
1334 5577 1430 5646 τῆς
1453 5575 1714 5645 θυγατρὸς

124 5719 128 5722 .
165 5668 300 5731 ζῶον
332 5661 666 5736 ὁλοσὼματσν
694 5666 1116 5727 κατασκευάσαι,
1151 5667 1242 5720 καὶ
1267 5667 1498 5734 ἔλυτρον,
1516 5660 1591 5732 τῷ
1619 5663 1712 5714 ἀν-

161 5758 367 5832 δριάντι
404 5759 494 5814 τὸν
542 5757 772 5831 χρυσοῦν
818 5760 969 5813 κίονα
1011 5761 1331 5828 περιθεῖναι.
1382 5757 1608 5825 Ποιῆσαι
1659 5757 1714 5808 δέ

164 5870 324 5925 φησιν
341 5856 370 5910 ὁ
392 5853 700 5925 Εὐπόλεμος
721 5852 811 5908 τὸν
839 5851 1123 5922 Σολομῶνα
1146 5853 1238 5908 καὶ
1269 5852 1495 5914 ἀσπίδας
1511 5867 1609 5921 χρυ
1619 5853 1712 5914 σᾶς

832 5975 851 6082 l

1816 4653 2193 4706 holocaustum
2234 4646 2427 4700 obtulit
2458 4664 2471 4710 ;
2500 4644 2748 4712 idemque
2777 4643 3137 4712 postmodum,
3190 4651 3242 4694 et
3275 4651 3356 4695 ta-

1812 4743 2180 4802 bernaculum,
2213 4748 2264 4793 et
2293 4753 2465 4802 aram,
2496 4748 2547 4789 et
2573 4733 2834 4805 quidquid
2864 4749 3028 4789 sacra:
3058 4735 3360 4804 supellecti-

1812 4837 1880 4892 lis
1896 4840 2263 4902 comparatum
2285 4845 2314 4883 a
2334 4823 2480 4882 Mose
2498 4827 2691 4890 fuerat,
2712 4842 2911 4891 arcam,
2931 4827 3096 4883 altare
3113 4843 3355 4892 aureum,

1813 4924 2215 4985 candelabrum,
2251 4935 2512 4986 mensam,
2537 4929 2588 4973 et
2615 4919 2875 4989 quidquid
2907 4920 3050 4973 aliud
3081 4917 3198 4980 fuit,
3235 4907 3356 4971 Ilie—

1813 5017 2138 5087 rosolymam
2171 5020 2601 5081 comportatum,
2653 5028 2804 5067 sacra
2837 5013 2888 5065 in
2934 5011 3043 5064 :ede
3089 5010 3357 5079 propheta:

1807 5113 1963 5183 jussu
1987 5104 2539 5176 reposuit,ysimulque
2562 5103 2881 5158 immensum
2907 5102 3012 5157 Deo
3034 5101 3353 5158 sacriﬁcium

1818 5203 1966 5265 fecit,
2000 5193 2192 5258 ovibus
2221 5196 2288 5250 ad
2335 5195 2442 5250 duo
2474 5211 2537 5250 ac
2567 5196 2810 5264 juvencis
2858 5194 2921 5246 ad
2952 5194 3050 5244 tria
3095 5188 3255 5243 millia
3306 5200 3358 5242 et

1815 5295 2103 5366 quingenta
2139 5291 2408 5344 mactatis.
2440 5289 2699 5343 (laterum
2748 5287 2828 5339 vis
2875 5284 2992 5336 auri
3042 5290 3254 5347 cuncta,
3304 5283 3356 5336 in

1815 5387 2096 5440 columnas
2131 5383 2267 5435 duas
2291 5423 2304 5446 ,
2339 5397 2402 5436 ac
2437 5381 2688 5449 templum
2737 5377 3044 5431 universum
3089 5382 3356 5443 expensa,

1818 5478 2074 5531 talentum
2106 5473 2204 5527 fuit
2255 5474 2573 5544 quadragies
2621 5468 2832 5532 sexies;
2881 5467 3085 5536 argenti
3134 5484 3258 5520 vero
3305 5469 3357 5520 in

1817 5572 1998 5624 clavos
2024 5581 2086 5619 ac
2113 5567 2380 5635 reliquum
2413 5567 2721 5634 apparatum
2743 5601 2757 5625 ,
2785 5561 3136 5613 ducentorum
3173 5576 3234 5613 ac
3266 5561 3359 5638 tri-

1808 5666 1962 5738 ginta
1985 5661 2149 5714 duum
2175 5676 2338 5729 supra
2362 5661 2533 5723 mille;
2558 5659 2679 5712 atris
2704 5655 2953 5724 denique,
2976 5657 3029 5710 in
3057 5669 3357 5718 coiumnas,

1816 5758 2024 5810 labrum
2054 5763 2105 5809 et
2138 5756 2424 5823 porticum,
2455 5751 2841 5821 quinquaginta
2875 5765 3034 5818 supra
3065 5746 3356 5802 octodecim

1817 5848 2003 5906 millia.
2053 5845 2219 5902 Porro
2272 5843 2549 5915 Egyptios
2602 5860 2661 5900 ac
2704 5841 3024 5908 Pbmnices,
3073 5836 3255 5892 divisis
3301 5835 3358 5890 in
