3994 6340
149 427 237 483 757
1256 433 1573 490 PRACPAB.
1615 436 1680 489 El

1779 437 1862 492 ιο.
1902 438 2025 493 LIB.
2067 440 2153 494 IX.

1501 556 1523 565 ..ν

3241 446 3339 500 758

154 550 436 619 Ἀρισταῖος
464 547 521 598 ὲν
542 547 619 616 τῷ
644 549 902 618 γραφέντι
929 549 1076 618 αύτῷ
1103 549 1286 622 βιϐλίῳ
1319 555 1444 624 περὶ
1467 556 1560 624 τῆς
1589 558 1680 626 έρ-

1785 560 2217 628 interpretatione
2244 560 2584 628 conscripsit,
2619 558 2684 612 de
2714 560 2869 628 aquis
2896 560 2999 612 illis
3028 561 3338 633 Hierosoly.

147 639 354 710 μηνείας
381 638 472 690 τοῦ
494 639 602 692 τῶν
642 640 905 694 Ἰουδαίων
933 642 1095 712 νόμου
1126 643 1294 695 ταῦτα
1317 646 1538 714 ἱστορεῖ·
1563 665 1579 696 ι
1624 649 1684 698 '0

143 729 188 780 δὲ
218 724 360 790 οἶκος
410 728 702 780 ἀποϐλέπει
739 730 873 799 πρὸς
923 731 1024 798 ἠῶ,
1073 731 1140 783 τὰ
1195 732 1237 783 δ’
1276 734 1493 787 ὀπίσθια
1521 737 1683 790 αὑτοῦ

145 818 270 888 πρδς
295 820 542 888 ἑσπέραν.
570 818 641 870 Τὸ
671 819 725 871 δὲ
765 821 870 894 πᾶν
902 820 1094 888 ἔδαφος
1133 821 1486 893 λιθόστρωτον
1555 826 1685 879 καθ-

146 909 345 980 έστηκε.
388 910 476 961 καὶ
499 909 733 979 κλίματα
779 911 915 982 πρὸς
964 914 1088 975 τοὺς
1117 914 1450 983 καθήκοντας
1487 917 1685 980 τόπους

147 998 240 1070 ἔχει
267 1000 362 1068 τῆς
395 999 500 1051 τῶν
524 1000 729 1052 ὑδάτων
762 1001 1020 1071 ἐπιρροῆς
1048 1001 1252 1065 ἕνεκεν,
1284 1006 1316 1073 ἢ
1362 1004 1562 1071 γίνεται
1598 1005 1682 1058 διὰ

145 1091 228 1160 τὴν
273 1089 462 1160 σμῆξιν
493 1090 602 1142 τῶν
631 1091 736 1143 ἀπὸ
758 1091 863 1143 τῶν
915 1091 1110 1143 θυσιῶν
1161 1094 1432 1163 αἱμάτων·
1493 1095 1682 1150 πολλαὶ

145 1185 236 1253 γὰρ
268 1183 516 1252 μυριάδες
538 1183 746 1252 κτηνῶν
763 1184 1119 1252 προσάγονται
1146 1186 1286 1237 κατὰ
1315 1186 1410 1250 τὰς
1429 1188 1535 1239 τῶν
1567 1190 1683 1259 ἐορ-

145 1277 237 1328 τῶν
272 1278 494 1344 ἡμέρας.
527 1276 754 1338 ’Ύδατος
781 1276 836 1328 δὲ
874 1276 1220 1340 ἀνέκλειπτος
1247 1279 1361 1330 ἐστι
1405 1279 1678 1342 σύστασις,

146 1368 209 1430 ὡς
232 1367 292 1419 ἂν
325 1367 413 1418 καὶ
438 1367 618 1435 πηγῆς
639 1366 838 1419 ἔσωθεν
875 1367 1210 1438 πολυρρύτου
1254 1370 1495 1435 φυσικῶς
1530 1372 1682 1440 ἑπιρ-

148 1456 368 1526 ῥεούσης,
403 1457 555 1510 ἔτιδὲ
587 1457 904 1527 θαυμασίων
933 1460 1023 1511 καὶ
1053 1459 1356 1530 ἀδιηγήτων
1381 1462 1681 1532 ὑποδοχέων

147 1549 470 1619 ὑπαρχόντων
500 1548 603 1600 ὑπὸ
626 1550 748 1617 γῆν,
778 1547 957 1611 καθὼς
987 1550 1294 1619 ἐπέφαινον,
1348 1552 1506 1604 πέντε
1553 1569 1680 1606 στα-

144 1639 253 1690 δίων
282 1637 534 1692 κυκλόθεν
565 1638 663 1708 τῆς
693 1639 830 1690 κατὰ
863 1640 920 1691 τὸ
972 1641 1114 1710 ἱερὸν
1145 1641 1464 1710 καταϐολῆς,
1501 1645 1592 1695 καὶ
1620 1646 1709 1696 ἐκ.

143 1729 324 1781 τούτων
363 1729 624 1799 σύριγγας
675 1729 1004 1800 ἀναρίθμους
1065 1731 1186 1784 καθ’
1231 1731 1455 1785 ἕκαστον
1519 1733 1680 1804 μέρος

145 1821 339 1884 ἑαυταῖς
385 1821 762 1874 συναπτόντων
810 1822 916 1873 τῶν
970 1823 1272 1892 ῥευμάτων.
1335 1825 1444 1876 Καὶ
1507 1825 1678 1878 ταῦτα

1788 649 1987 703 mitana
2021 652 2150 703 urbe
2201 651 2489 704 ﬂuentibus
2529 652 2600 704 ita
2656 663 2879 704 narrat:
2939 670 2954 700 ι
3013 649 3332 719 Templum,

1787 743 1980 810 inquit,
2015 759 2041 796 a
2080 742 2251 795 fronte
2284 753 2459 796 ortum
2491 783 2503 805 ,
2548 759 2802 798 occasum
2839 759 2866 796 a
2915 753 3062 813 tergo
3109 754 3330 811 spectat.

1788 832 1971 884 Solum
2022 833 2140 899 ejus
2193 833 2500 886 universum
2553 833 2727 900 lapide
2773 841 3040 899 stratum,
3091 833 3337 897 idemque

1785 922 1945 973 certis
1977 932 2028 973 et
2056 924 2373 988 opportunis
2408 924 2459 975 in
2504 924 2635 977 locis
2680 925 2955 989 declivius,
2989 943 3094 995 quo
3126 928 3338 984 facilius

1785 1027 1937 1080 aqua:
1968 1013 2278 1078 decurrant,
2319 1015 2516 1082 quibus
2549 1016 2613 1068 ad
2649 1016 3060 1085 abstergendum
3094 1020 3338 1073 victima-

1784 1117 1904 1154 rum
1955 1104 2267 1171 sauguinem
2321 1107 2682 1172 pavimentum
2735 1109 2903 1175 prolui
2952 1123 3169 1161 necesse
3214 1118 3333 1171 est,

1782 1191 1924 1258 quod
1957 1193 2121 1248 multa
2158 1207 2410 1260 pecorum
2444 1195 2607 1247 millia
2633 1195 2822 1250 diebus
2860 1195 3006 1250 festis
3054 1197 3335 1249 immolen-

1785 1289 1888 1332 tur.
1933 1283 2008 1333 Ac
2051 1281 2298 1350 perennis
2347 1283 2559 1350 quidem
2615 1295 2901 1352 propterea.
2942 1295 3023 1339 est
3074 1301 3332 1353 aquarum

1782 1368 2048 1435 ejusmodi
2087 1371 2164 1422 iis
2198 1380 2355 1438 atque
2387 1371 2662 1436 collectio,
2693 1372 2836 1440 quod
2868 1389 2987 1426 cum
3019 1390 3082 1428 ex
3119 1374 3334 1428 interio-

1783 1459 1932 1511 ribus
1969 1460 2068 1511 soli
2107 1461 2405 1515 visceribus
2434 1503 2446 1525 ,
2479 1461 2598 1516 fons
2646 1464 2862 1529 quidam
2913 1465 3238 1527 uberrimus,
3274 1480 3335 1519 ac

1784 1551 2045 1617 plurimas
2074 1563 2253 1606 sectus
2281 1555 2334 1606 in
2378 1569 2557 1617 venas,
2587 1570 2650 1606 eo
2682 1555 2798 1607 loco
2828 1555 3008 1608 nativo
3053 1572 3212 1610 cursu
3248 1556 3334 1608 in-

1787 1641 1954 1705 ﬂuat;
1995 1653 2105 1694 tum
2139 1659 2264 1696 vero
2311 1646 2581 1699 mirabiles
2612 1655 2865 1713 prieterea
2915 1647 3046 1711 tubi,
3084 1648 3336 1714 omnique

1782 1735 2028 1787 oratione
2075 1737 2306 1804 majores
2350 1738 2450 1790 sub
2499 1749 2693 1791 terram
2744 1738 3000 1791 elaborati
3048 1738 3184 1802 sint,
3218 1739 3330 1806 qui,

1781 1834 2044 1892 quantum
2067 1841 2130 1879 ex
2162 1828 2279 1880 visu
2309 1830 2577 1896 conjicere
2605 1830 2745 1895 licet,
2770 1830 3005 1898 quinque
3035 1830 3329 1882 stadiorum

145 1911 298 1964 πάντα
323 1911 763 1981 μεμολυϐδῶσθαι
799 1913 914 1964 κατ’
947 1913 1170 1980 ἐδάφους
1201 1915 1292 1966 καὶ
1323 1915 1427 1967 τῶν
1451 1917 1640 1986 τοίχων
1661 1934 1672 1946 ·

1784 1917 1926 1970 circa
1965 1919 2143 1987 templi
2175 1920 2370 1971 molem
2405 1937 2591 1990 gyrum
2639 1922 2890 1984 etliciant,
2920 1936 2983 1975 ex
3017 1920 3210 1988 qurbus
3251 1919 3329 1970 iu-

143 2001 223 2052 ἐπὶ
262 2002 314 2055 δὲ
351 2002 553 2055 τούτων
608 1999 863 2071 κεχύσθαι
919 2003 1059 2056 πολὺ
1114 2003 1312 2074 πλῆθος
1364 2004 1675 2070 κονιάσεως,

142 2087 352 2158 ἐνεργῶς
373 2091 750 2160 γεγενημένων
777 2090 1044 2144 ἁπάντων.
1083 2110 1102 2143 ι

1786 2008 2145 2061 numerabiles
2180 2007 2342 2080 454
2374 2012 2558 2064 listulze
2603 2012 2666 2063 ad
2702 2013 2868 2065 latera
2900 2010 3107 2078 singula
3139 2008 3332 2077 produ-

1785 2106 1998 2165 cantur,
2029 2102 2226 2168 quibus
2256 2118 2407 2170 aqute
2433 2103 2682 2155 omnibus
2712 2119 2775 2156 ex
2806 2102 3043 2171 partibus
3066 2098 3330 2153 conﬂuen-

141 2196 212 2243 tes
246 2199 544 2259 egerantur.
577 2191 751 2260 Atque
783 2191 897 2244 hare
934 2191 1138 2257 omnia,
1174 2191 1366 2260 partim
1434 2193 1502 2246 ad
1546 2193 1930 2262 pavimentum,
1983 2198 2175 2265 partim
2227 2198 2289 2251 ad
2355 2199 2498 2266 ipsos
2543 2213 2755 2266 quoque
2823 2196 3052 2264 parietes
3082 2234 3095 2256 ,
3171 2207 3330 2260 Opere

142 2279 446 2347 plumbario,
484 2280 660 2336 infusa
705 2282 938 2352 desuper
991 2282 1045 2335 vi
1104 2299 1298 2354 magna
1351 2285 1532 2350 calcis,
1602 2286 1984 2355 adhaerescere,
2053 2291 2293 2360 adeoque
2318 2291 2573 2360 singulari
2607 2301 2657 2345 et
2687 2299 2932 2345 accurata
2963 2287 3192 2358 quadam
3217 2293 3329 2338 arte

141 2386 366 2429 constare
394 2376 600 2431 scribit.
635 2395 654 2428 ι

625 2469 1013 2522 ΚΕΦΑΛΑΙΟΝ
1041 2469 1162 2523 AG’.

229 2578 596 2648 Εὐπολέμου,
621 2581 751 2648 περὶ
797 2581 1066 2649 Ἰερεμίου
1102 2582 1209 2634 τοῦ
1236 2581 1559 2648 προφήτου.

209 2692 318 2744 Ἐπὶ
339 2694 566 2758 τούτοις,
623 2695 715 2747 καὶ
757 2695 854 2763 τῆς
910 2694 1169 2764 Ἱερεμίου
1205 2698 1535 2767 προφητείας
1579 2698 1671 2750 τοῦ

137 2781 467 2855 Πολυΐστορος
497 2782 713 2855 μνήμην
740 2787 1126 2856 πεποιημένου,
1174 2790 1322 2857 ἡμᾶς
1367 2789 1675 2860 ἀποσιωπῆ-

141 2891 216 2926 σαι
245 2875 437 2947 ταύτην
469 2877 682 2930 πάντων
714 2877 780 2929 ἂν
823 2878 904 2946 εἴη
938 2865 1410 2949 παραλογώτατον.
1460 2880 1676 2933 Κείσθω

140 2964 294 3018 τοίνυν
328 2970 420 3019 καὶ
450 2969 612 3036 αῦτη·
656 2986 672 3018 ι
702 2963 834 3022 Είτα
871 2971 1144 3040 Ἰωακείμ.
1184 2971 1501 3022 Ἐπὶτούτου
1545 2989 1679 3041 προ·

140 3057 376 3124 φητεῦσαι
421 3061 685 3130 Ἱερεμίαν
710 3059 800 3111 τὸν
828 3064 1127 3131 προφήτην.
1178 3060 1376 3115 Τοῦτον
1397 3103 1409 3124 ,
1450 3064 1552 3115 ὑπὸ
1583 3064 1675 3116 τοῦ

139 3147 256 3201 Θεοῦ
291 3151 674 3216 ἀποσταλέντα,
726 3153 1046 3205 καταλαϐεῖν
1085 3154 1210 3216 τοὺς
1265 3155 1544 3217 Ἰουδαίους
1584 3155 1676 3208 θυ-

141 3240 395 3303 σιάζοντας
428 3243 630 3313 εἰδώλῳ
657 3243 857 3313 χρυσῷ,
965 3240 1102 3298 εἶναι
1145 3245 1311 3316 ὄνομα
1346 3247 1506 3299 Βάαλ.
1543 3247 1678 3300 Τοῦ·
1703 3283 1744 3338 C

141 3351 216 3385 τον
243 3334 290 3386 δὲ
323 3337 495 3398 αὐτοῖς
542 3337 637 3406 τὴν
675 3340 972 3408 μέλλουσαν
1008 3342 1232 3410 ἀτυχίαν
1277 3340 1532 3411 δηλῶσαι.
1574 3340 1676 3392 Τὸν

139 3424 186 3477 δὲ
218 3427 455 3497 Ίωακεὶμ
493 3428 668 3491 ζῶντα
715 3432 875 3483 αὐτὸν
913 3433 1261 3485 ἐπιϐαλέσθαι
1303 3433 1672 3486 κατακαῦσαι*

140 3517 217 3567 τὸν
238 3518 289 3570 δὲ
320 3519 477 3586 φάναι
520 3522 631 3581 τοῖς
675 3521 849 3586 ξύλοις
891 3522 1098 3583 τούτοις
1151 3521 1507 3584 Βαϐυλωνίοις
1551 3525 1674 3590 δᾴο-

141 3609 380 3677 ποιήσειν,
415 3609 506 3662 καὶ
532 3611 759 3680 σκάψειν
792 3613 890 3672 τὰς
918 3611 1009 3663 τοῦ
1041 3613 1288 3680 Τίγριδος
1329 3614 1420 3666 καὶ
1455 3614 1673 3685 Εὐφρά-

142 3712 221 3750 του
243 3698 498 3770 διώρυχας
520 3701 1067 3770 αἰχμαλωτισθέντας.
1100 3703 1200 3753 Τὸν
1229 3703 1282 3753 δὲ
1305 3704 1408 3755 τῶν
1431 3706 1503 3756 Ba
1515 3707 1677 3758 ϐυλω-

144 3789 252 3842 νίων
277 3791 489 3860 βασιλέα
541 3791 846 3845 ἀκούσαντα
878 3793 1341 3863 Ναϐουχοδονόσορ
1367 3795 1435 3846 τὰ
1457 3797 1558 3848 ὑπὸ
1583 3796 1673 3848 τοῦ

152 3878 382 3952 Ἰερεμίου
420 3884 909 3954 προμαντευθέντα,
945 3885 1317 3954 παρακαλέσαι
1353 3885 1676 3955 Ἀστιϐἀρην

141 3969 216 4022 τὸν
242 3975 428 4043 Μήδων
450 3975 665 4044 βασιλέα
693 3977 1072 4045 συστρατεύειν
1094 3975 1256 4043 αύτῷ.
1287 3976 1673 4044 Παραλαϐόντα
1730 4020 1737 4027 .

141 4051 187 4105 δὲ
211 4055 563 4120 Βαϐυλωνίους
586 4060 678 4110 καὶ
706 4058 940 4126 Μήδους,
972 4059 1064 4109 καὶ
1097 4059 1467 4125 συναγαγόντα
1497 4059 1674 4121 πεζῶν

146 4146 227 4212 μὲν
246 4146 623 4210 ὀκτωκαίδεκα,
663 4150 868 4200 ἱππέων
895 4151 950 4201 δὲ
1001 4151 1264 4219 μυριάδας
1299 4150 1537 4215 δώδεκα,
1582 4151 1674 4202 καὶ

144 4236 299 4299 πεζῶν
336 4237 556 4307 ἅρματα¹
604 4239 804 4309 μύρια,
830 4242 1039 4310 πρῶτον
1069 4242 1165 4310 μὲν
1210 4241 1306 4309 τὴν
1351 4241 1672 4309 Σαμαρεῖτιν

142 4330 612 4400 καταστρέψασθαι,
643 4333 735 4384 καὶ
760 4333 1066 4395 Γαλιλαίαν,
1097 4333 1187 4384 καὶ
1210 4331 1555 4394 Σκυθόπολιν,
1582 4334 1672 4384 καὶ

142 4423 247 4484 τοὺς
277 4424 327 4474 ἐν
359 4425 420 4492 τῇ
450 4423 734 4475 Γαλαατίδι
761 4425 1038 4486 οἰκοῦντας
1072 4422 1378 4483 Ἰουδαίους·
1433 4418 1586 4484 αὖθις
1615 4423 1669 4474 δὲ

143 4511 200 4573 τὰ
237 4511 561 4583 Ἰεροσόλυμα
592 4515 946 4583 παραλαϐεῖν,
972 4515 1175 4567 καὶτὸν
1219 4513 1478 4566 Ἰουδαίων
1519 4512 1669 4580 βασι-

2298 2469 2524 2524 CAPUT
2574 2469 2808 2523 XXXIX.

2041 2585 2114 2638 De
2137 2583 2365 2637 Ieremia
2392 2586 2660 2652 propheta,
2685 2601 2745 2637 ea;
2774 2584 3075 2653 Eupolemo.

1849 2697 1917 2748 At
1947 2696 2111 2760 enim,
2137 2710 2258 2749 cum
2282 2696 2530 2748 laudatus
2562 2711 2722 2762 supra
2757 2694 3060 2763 Polyhistor
3087 2694 3327 2750 Jeremiae

1780 2801 1994 2856 quoque
2028 2785 2318 2853 prophetia:
2359 2785 2682 2844 meminerit,
2721 2784 3110 2847 ineptissimum
3143 2785 3325 2853 utique

1779 2875 1938 2936 foret,
1973 2876 2113 2926 hanc
2146 2889 2174 2925 a
2225 2873 2379 2926 nobis
2413 2872 2625 2926 silentio
2673 2873 2950 2940 prieteriri.
2999 2872 3125 2924 Eam
3171 2874 3328 2942 igitur

1780 2968 1882 3020 hoc
1908 2966 2068 3019 etiam
2098 2965 2215 3018 loco
2243 2973 2567 3018 attexamus.
2607 2983 2624 3014 ς
2664 2963 2797 3016 Tum
2847 2964 3203 3027 .loachlmum,
3247 2966 3325 3016 in-

1779 3054 1912 3122 quit,
1942 3068 2163 3121 regnum
2197 3053 2497 3121 capessisse
2525 3094 2538 3116 ,
2575 3053 2729 3121 cujus
2778 3063 3018 3120 tempore
3072 3051 3326 3105 Jeremias

1778 3144 2035 3213 propheta
2067 3144 2286 3199 oracula
2318 3159 2412 3196 sua
2442 3142 2686 3195 ediderit.
2716 3141 2940 3211 Quippe,
2980 3142 3119 3195 hunc
3157 3159 3183 3195 a
3219 3141 3325 3194 Deo

1780 3237 2029 3296 missum,
2058 3234 2292 3296 Judazos,
2326 3233 2535 3287 interim
2566 3233 2690 3286 dum
2722 3233 2863 3286 idolo
2892 3233 3100 3286 cuidam
3130 3249 3322 3294 aureo,

1782 3323 1993 3377 Baalem
2027 3324 2311 3385 vocabant,
2363 3323 2688 3376 saerilicium
2725 3322 2979 3388 facerent,
3030 3323 3323 3391 deprehen-

1778 3415 1942 3478 disse,
1969 3415 2161 3483 quibus
2187 3415 2581 3483 impendentem
2615 3415 2971 3467 calamitatem
3001 3414 3321 3482 praedixerit.

1779 3509 1855 3562 Ac
1888 3507 2224 3562 Joachimum
2264 3508 2501 3577 quidem,
2545 3507 2721 3560 vivum
2752 3506 2896 3557 illum
2943 3520 3004 3557 ac
3034 3505 3322 3571 spirantem

1777 3616 2018 3654 cremare
2043 3600 2277 3652 voluisse
2301 3617 2314 3650 :
2340 3607 2392 3651 at
2415 3607 2597 3652 contra
2620 3596 2963 3649 denuntiasse
2987 3595 3322 3662 prophetam,

1777 3690 1879 3743 hoc
1907 3705 2001 3743 eos
2037 3688 2306 3756 lignorum
2348 3702 2538 3755 genere
2572 3685 2876 3753 Babyloniis
2908 3684 3133 3737 obsonia
3171 3700 3326 3738 cura-

1776 3791 1948 3844 turos,
1978 3788 2031 3832 et
2063 3779 2276 3832 canales
2300 3778 2364 3830 ad
2390 3775 2704 3829 derivandas
2736 3772 2911 3845 Tigris
2943 3783 2994 3827 et
3040 3773 3324 3841 Euphratis

1777 3873 1949 3926 undas
1980 3871 2222 3924 fossuros
2274 3882 2420 3930 esse,
2457 3875 2805 3935 posteaquam
2841 3881 3024 3919 eorum
3054 3868 3103 3919 in
3135 3882 3324 3919 manus

1776 3980 1838 4017 ac
1870 3971 2186 4032 potestatem
2219 3961 2507 4015 venissent.
2564 3957 2746 4026 Itaque
2774 3956 3316 4010 Nahucodonosorem

1777 4055 2189 4124 Babyloniorum
2221 4068 2422 4120 regem,
2457 4053 2545 4106 ubi
2575 4068 2715 4112 rem,
2749 4050 3018 4118 quomodo
3063 4049 3129 4098 ab
3179 4045 3323 4099 Jere-

1775 4145 1880 4198 mia
1908 4144 2264 4213 praenuntiata
2311 4141 2509 4202 fuerat,
2542 4139 2863 4202 rescivisset,
2900 4136 3179 4189 Astibaren
3216 4134 3322 4187 Me-

1772 4237 1964 4290 dorum
2017 4252 2217 4306 regem,
2263 4236 2341 4288 uti
2372 4233 2531 4301 hujus
2591 4228 2945 4296 expeditionis
2995 4228 3174 4281 socius
3203 4241 3323 4281 esse

1770 4326 1948 4390 vellet,
1995 4327 2346 4388 obsecrasse;
2377 4322 2770 4389 conjunctoque
2807 4319 3217 4389 Babyloniorum
3258 4335 3320 4373 ac

1771 4417 2050 4471 Medorum
2100 4416 2375 4476 exercitu,
2429 4414 2519 4480 qui
2576 4421 2769 4481 prmter
2825 4412 3006 4465 decem
3063 4426 3318 4465 curruum

1772 4510 1937 4562 millia
1961 4550 1974 4574 ,
2024 4507 2258 4575 peditum
2294 4505 2565 4572 octoginta
2599 4519 2760 4572 supra
2794 4514 3003 4558 centum
3033 4542 3046 4565 ,
3081 4503 3318 4568 equitum

144 4598 223 4654 λὲα
262 4604 500 4673 Ἰωακεὶμ
529 4602 840 4675 ιζωγρῆσαι.
887 4606 990 4658 Τὸν
1031 4606 1089 4665 δὲ
1135 4605 1331 4674 χρυσὸν
1368 4604 1458 4656 τὸν
1496 4605 1550 4654 ὲν
1591 4605 1668 4673 τῷ

1779 4616 1899 4655 vero
1927 4607 2141 4654 centum
2173 4612 2236 4651 ae
2261 4597 2447 4666 viginti
2484 4597 2722 4650 millibus
2755 4603 3048 4654 constaret,
3087 4592 3316 4660 primum

145 4693 273 4762 ἱερῷ,
305 4699 393 4748 καὶ
413 4696 669 4767 ἄργυρον,
698 4697 790 4748 καὶ
816 4695 1011 4770 χαλκὸν
1032 4696 1343 4760 ἐκλέξαντα,
1398 4697 1476 4756 είς
1501 4694 1673 4746 Βαϐυ-

142 4779 267 4835 λῶνα
292 4786 594 4839 ἀποστεῖλαι
622 4788 787 4857 χωρὶς
808 4786 906 4854 τῆς
932 4785 1159 4838 κιϐωτοῦ
1189 4787 1280 4838 καὶ
1314 4785 1420 4838 τῶν
1448 4787 1502 4836 ἐν
1535 4786 1669 4854 αὐτῇ

145 4872 358 4929 πλακῶν.
389 4880 601 4948 Ταύτην
629 4880 685 4931 δὲ
712 4879 802 4930 τὸν
843 4879 970 4948 ἰερε
982 4877 1105 4945 μίαν
1137 4881 1443 4946 κατασχεῖν.
1472 4897 1489 4928 ι

1769 4693 2004 4762 quidem,
2036 4689 2335 4742 Samariam
2366 4731 2379 4754 ,
2411 4689 2705 4751 Galilaeam,
2735 4684 3118 4754 Scytbopolim,
3142 4690 3191 4735 et
3220 4681 3317 4734 Ju-

1770 4786 1912 4836 daaos
1957 4780 2287 4834 Galaatidcm
2339 4781 2634 4834 incolentes
2685 4777 2978 4830 delevisse:
3014 4791 3136 4827 mox
3191 4791 3317 4828 vero

1771 4877 1938 4943 ipsam
1968 4887 2181 4941 quoque
2205 4871 2650 4941 Hierosolymam,
2676 4867 3116 4935 Joachimumque
3141 4882 3314 4934 regem

145 4963 300 5017 vivum
359 4968 586 5036 cepisse,
642 4979 693 5023 et
722 4968 981 5038 quidquid
1022 4967 1075 5019 in
1106 4970 1302 5037 templo
1333 4969 1469 5030 auri,
1520 4968 1723 5036 argenti
1761 4967 1986 5032 aerisque
2021 4965 2138 5030 fuit,
2173 4967 2469 5020 detractum
2519 4961 2841 5029 Babylonem
2873 4959 3103 5025 misisse,
3131 4969 3316 5027 prmler

146 5074 322 5125 arcam,
346 5069 396 5114 et
427 5063 663 5118 inclusas
691 5066 743 5117 in
776 5080 837 5117 ea
867 5062 1110 5117 tabulas:
1158 5063 1296 5117 hanc
1324 5066 1465 5118 enim
1497 5079 1659 5132 penes
1697 5063 1980 5118 Jeremiam
2016 5062 2358 5115 remansisse.
2385 5081 2400 5110 ι

631 5153 1024 5206 ΚΕΦΑΛΑΙΟΝ
1070 5150 1158 5203 Μ’.

145 5259 605 5332 Βηρωσσοῦβῆ,
639 5263 772 5329 περὶ
829 5262 939 5329 τῆς
1007 5261 1322 5332 Ἰουδαίων(
1367 5267 1664 5330 αἰχμαλω-

201 5331 340 5400 σίας,
364 5330 473 5400 τῆς
498 5330 614 5383 ὑπὸ
638 5333 1163 5400 Ναϐουχοδονόσσρ
1180 5348 1190 5358 ·
1235 5331 1327 5400 καὶ
1371 5335 1500 5397 περὶ
1548 5335 1666 5387 τῶν

196 5398 482 5459 βασιλέων
505 5400 614 5465 τῆς
649 5398 1000 5466 Βαϐυλῶνος
1038 5402 1152 5454 ἀπὸ
1204 5399 1304 5452 ’τοῦ
1358 5403 1663 5456 Ναϐοπαλ-

199 5469 446 5552 λασάρου
475 5469 642 5537 μέχρι
675 5471 822 5536 πρὸς
853 5473 955 5522 τὸν
986 5473 1206 5539 Κῦρον*
1238 5469 1352 5524 ἀπὸ
1392 5470 1508 5520 τῶν
1549 5473 1658 5524 Ἰω-

199 5554 398 5602 σηπου.

206 5647 224 5678 ι
248 5629 453 5692 Τούτοις
486 5628 809 5696 ἐπισυνάψαι
838 5630 1128 5696 ἀναγκαῖον
1153 5633 1249 5685 καὶ
1292 5631 1356 5682 τὰ
1396 5631 1520 5698 περὶ
1564 5632 1659 5700 τῆς

2351 5144 2577 5200 CAPUT
2629 5145 2738 5198 XL.

1763 5264 2009 5336 45516.1:
2033 5264 2242 5336 Beroso,
2264 5256 2678 5336 queutJoseplms
2701 5256 2906 5336 laudat,
2932 5255 2991 5303 de
3007 5251 3309 5336 {editorum

1829 5323 2129 5400 ἷίῷιὶυίιαιε
2159 5323 2820 5400 subNabuchodonosore;
2851 5323 3310 5400 dcqrie_Ba!vg/!oi_i_is

1830 5391 2052 5472 regibus,
2102 5419 2130 5452 a
2169 5397 2621 5464 Nabopallasaru,
2679 5409 2834 5459 usque
2872 5393 2938 5442 ad
2981 5392 3193 5464 Cyrum7
3234 5391 3316 5442 Em

1829 5475 2071 5542 Josepho.

1843 5648 1857 5677 ι
1897 5627 1987 5681 llis
2016 5641 2196 5696 porro,
2228 5623 2533 5677 Judzeorum
2590 5621 2748 5673 etiam
2782 5621 3137 5685 captivitatem
3177 5626 3310 5669 atte-

200 5746 296 5819 (91)
331 5751 672 5817 Βηρωσσοῦ.
714 5747 982 5801 Eximium
1029 5751 1289 5819 planeque
1321 5766 1539 5805 aureum
1575 5759 1655 5804 est
1697 5750 1796 5806 hoc
1847 5748 2061 5803 Berossi
2088 5745 2478 5814 fragmentum,
2529 5739 2668 5809 quod
2712 5737 2970 5809 Joscphus
3023 5739 3114 5795 lib.
3169 5756 3201 5794 t.
3258 5739 3306 5786 in

147 5815 686 5891 Apionem,pag.10£4
717 5828 769 5873 et
805 5819 963 5884 1043,
998 5815 1351 5877 conservavit.
