3994 6340
691 489 796 542 759

688 623 835 670 xere,
869 621 1032 675 quam
1060 621 1089 658 a
1121 603 1659 658 Nubuchodonosore
1692 604 1836 670 passi
1887 612 2033 663 sunt,
2074 616 2236 669 Opera

2363 594 2626 648 Ἰουδαίων
2659 587 3029 660 αἰχμαλωσίας
3059 589 3157 654 τῆς
3188 587 3216 636 ’δ

687 700 918 768 pretium
975 697 1158 750 fuerit.
1209 697 1258 749 is
1308 698 1451 750 enim
1481 697 1645 748 motis
1683 697 1736 748 in
1768 695 2019 747 rebellem
2053 694 2243 760 copiis,

685 792 829 857 justa
884 789 1083 842 victum
1117 786 1232 840 acie
1271 803 1322 838 in
1346 795 1660 854 potestatem
1713 787 1914 854 redegit
1961 802 2132 848 suam,
2187 800 2248 836 ac

689 882 959 948 regionem
989 878 1191 946 passim
1217 879 1524 931 universam
1557 879 1621 930 ad
1653 878 1930 944 imperium
1965 893 2120 928 suum
2153 877 2247 928 ad-

683 972 882 1040 junxit.
915 970 1028 1024 Sub
1060 971 1197 1034 idem
1230 979 1461 1038 tempus,
1493 987 1615 1022 cum
1652 970 2051 1036 habopallasari
2081 970 2247 1037 patris

690 1063 797 1125 sui,
830 1062 1014 1114 lethali
1043 1062 1230 1114 morbo
1267 1059 1516 1124 confecti,
1562 1060 1829 1125 Babylone
1850 1101 1862 1121 ,
1890 1069 2009 1128 post
2056 1060 2248 1112 vicesi-

687 1168 834 1204 mum
863 1153 1095 1220 primum
1129 1152 1277 1220 regni
1315 1152 1396 1204 sui
1425 1167 1623 1203 annmn
1648 1193 1664 1216 ,
1700 1153 1876 1204 obitus
1907 1153 2242 1218 contigisset,

685 1243 1278 1305 Nabuchodonosorus,
1296 1257 1418 1293 cum
1441 1257 1754 1309 supremum
1777 1243 1893 1308 ejus
1922 1243 2062 1294 diem
2088 1243 2245 1309 paulo

688 1345 805 1401 post
830 1335 1144 1401 accepisset,
1164 1334 1326 1387 rebus
1341 1333 1553 1403 rEgypli
1576 1336 1912 1404 compositis,
1933 1339 2244 1404 caeterisque‘

686 1424 973 1490 provinciis
1002 1434 1053 1475 et
1079 1422 1412 1488 Judeeorum,
1473 1423 1813 1489 Phcenicum,
1849 1441 1909 1477 ac
1963 1425 2240 1496 Syrorum,

686 1513 937 1579 gentium
961 1510 1194 1580 Egypto
1226 1512 1525 1566 vicinarum
1558 1514 1785 1582 captivis
1812 1516 2111 1568 amicorum
2148 1532 2243 1570 su-

684 1618 837 1654 orum
875 1604 996 1654 ﬁdei
1031 1605 1449 1667 commendatis,
1484 1620 1603 1658 sese
1626 1606 1681 1658 in
1707 1604 2057 1674 Babyloniam
2094 1623 2243 1660 rece-

686 1695 777 1760 pit.
826 1712 841 1742 ›
880 1692 1022 1746 Idem
1078 1694 1401 1762 quibusdam
1451 1694 1783 1761 interjectis:
1827 1716 1844 1747 ι
1886 1695 2244 1749 Nabuchodo-

683 1801 935 1850 nosorus,
971 1787 1167 1854 inquit,
1189 1787 1300 1855 jam
1338 1786 1549 1850 aﬂ'ecto,
1579 1804 1738 1855 quem
1776 1790 1936 1857 paulo
1968 1799 2090 1844 ante
2107 1792 2238 1856 dixi,

681 1892 860 1939 muro,
891 1892 1014 1930 cum
1054 1878 1107 1929 in
1151 1878 1399 1930 morbum
1426 1879 1723 1944 incidisset,
1761 1897 1904 1934 anno
1931 1883 2078 1950 regni
2109 1900 2242 1951 qua-

1326 481 1595 536 EL'SEBII
1629 477 2103 535 CA‘ZSARIENSIS
2143 476 2272 534 OPP
2325 475 2502 530 PARS
2539 476 2604 530 11.
2643 503 2712 511 —-
2743 463 3239 524 APOLOGETICA.
3793 456 3864 510 760

3223 583 3290 633 πὸ
3321 574 3790 647 Ναϐουχοδονόσορ,
3809 575 3863 640 ὃς.

2349 688 2424 756 τῷ
2477 685 2754 754 ἀποστάτῃ
2803 678 3245 749 ἐπιστρατεύσας,
3286 675 3377 725 καὶ
3434 668 3863 739 παραταξάμενος,

2349 776 2510 828 αὑτοῦ
2535 794 2590 827 τε
2625 773 2923 842 ἐκυρίευσε,
2960 771 3050 821 καὶ
3077 768 3170 836 τὴν
3201 764 3379 836 χώραν
3414 760 3628 826 ἐξαῦθις
3668 757 3768 809 ὑπὸ
3795 758 3866 826 τὴν

2349 867 2506 920 αὑτοῦ
2577 865 2845 935 βασιλείαν
2908 862 3217 928 ἐποιήσατο.
3289 853 3376 922 Τῷ
3429 869 3486 903 τε
3536 850 3698 917 πατρὶ
3742 848 3864 898 οὗτοι.)

2352 962 2543 1030 συνέϐη
2578 956 3073 1023 Ναϐοπαλλασάρῳ,
3108 948 3243 1002 κατὰ
3273 947 3456 998 τοῦτον
3483 945 3573 995 τὸν
3603 940 3780 1010 καιρὸν
3799 941 3867 1007 ἀρ-

2352 1052 2705 1121 ρωστήσαντι,
2734 1049 2787 1098 ἐν
2823 1049 2886 1114 τῇ
2922 1040 3273 1095 Βαϐυλωνίων
3293 1037 3440 1087 πόλει
3474 1030 3866 1103 μεταλλάξαιτὺν

2352 1143 2495 1211 βίον,
2539 1141 2633 1209 ἔτη
2681 1134 3082 1206 βεϐασιλευκότι
3119 1130 3221 1183 κα’.
3273 1128 3596 1195 Αίσθόμενος
3620 1124 3671 1175 δέ
3698 1124 3801 1191 μετ’
3823 1123 3866 1172 οὐ

2349 1234 2514 1285 πολὺν
2545 1232 2730 1300 χρόνον
2758 1229 2850 1297 τὴν
2875 1225 2966 1277 τοῦ
2998 1223 3200 1293 πατρὸς
3225 1219 3475 1287 τελευτὴν
3514 1213 3867 1282 Ναϐουχοδονό-

2349 1340 2522 1392 σορος,
2555 1319 2898 1390 καταστήσας
2928 1317 2994 1368 τὰ
3016 1315 3153 1367 κατὰ
3173 1314 3269 1381 τὴν
3292 1313 3558 1378 Αἴγυπτον
3587 1307 3866 1376 πράγματα,

2347 1417 2438 1468 καὶ
2465 1413 2558 1483 τὴν
2605 1412 2791 1481 λοιπὴν
2836 1409 3044 1480 χώραν,
3084 1406 3175 1458 καὶ
3213 1406 3336 1464 τοὺς
3356 1399 3727 1470 αἰχμαλώτους
3772 1395 3869 1447 Ἰου-

2345 1509 2505 1561 δαίων
2542 1522 2601 1556 τε
2646 1504 2738 1556 καὶ
2767 1502 3044 1561 Φοινίκων,
3069 1499 3161 1549 καὶ
3186 1495 3368 1564 Σύρων
3388 1492 3493 1544 τῶν
3523 1488 3664 1541 κατὰ
3690 1488 3777 1557 τὴν
3803 1487 3872 1538 Δία

2346 1613 2546 1664 γυπτον
2576 1592 2764 1654 ἐθνῶν,
2794 1589 3055 1652 συντάξας
3084 1588 3192 1640 τισὶ
3212 1586 3318 1637 τῶν
3345 1584 3538 1652 φίλων.
3571 1582 3649 1640 εἰς
3681 1579 3767 1646 τὴν
3789 1579 3869 1629 Βα·

2346 1686 2606 1739 ϐυλωνίαν
2629 1682 2970 1751 παρεγένετο.
2999 1679 3132 1731 »Καὶ
3157 1676 3272 1746 μεθ’
3301 1673 3459 1743 ἕτερά
3484 1687 3633 1739 gandi:
3669 1667 3869 1721 (Ναϐου-

2345 1776 2682 1847 χοδονόσορος
2724 1773 2818 1842 μὲν
2851 1767 2942 1823 οὖν
2975 1768 3108 1839 μετὰ
3136 1768 3195 1818 τὸ
3225 1764 3484 1836 ἄρξασθαι
3522 1760 3616 1813 τοῦ
3652 1775 3868 1829 προειρηο

2350 1868 2510 1936 μένου
2546 1865 2775 1932 τείχους,
2810 1863 3060 1931 ἐμπεσὼν
3091 1861 3167 1920 εἰς
3216 1854 3520 1927 ἀρρωστίαν
3541 1895 3555 1917 ,
3608 1847 3868 1920 μετήλλαξε

681 1968 987 2035 dragesimo
1012 1970 1169 2022 tertio
1204 1971 1455 2038 migravit
1485 1987 1514 2024 e
1539 1974 1667 2025 vita.
1706 1971 1803 2026 Cui
1838 1989 1960 2027 cum
2008 1973 2236 2029 Evilma-

2343 1959 2430 2010 τὸν
2485 1957 2617 2026 βίον,
2651 1952 3042 2024 βεϐασιλευκὼς
3096 1952 3186 2019 ἐτη
3239 1946 3344 2017 μγ’.
3377 1948 3484 2015 Τῆς
3533 1945 3589 1997 δὲ
3635 1941 3867 2011 βασιλείας

681 2057 942 2110 luruchus
969 2057 1210 2124 ejusdem
1245 2058 1387 2111 [ilius
1408 2103 1413 2109 .
1435 2060 1808 2121 successisset,
1838 2061 1982 2127 quod
2029 2075 2241 2114 summa

680 2161 858 2198 rerum
892 2145 1096 2200 nefarie
1110 2163 1171 2200 ac
1186 2148 1490 2214 petulanter
1520 2149 1831 2202 abuteretur
1852 2190 1866 2214 ,
1900 2165 2044 2202 anno
2073 2150 2242 2202 altero

677 2253 840 2304 quam
898 2252 1124 2306 regnare
1163 2248 1419 2306 coeperat,
1476 2237 1815 2308 Neriglisara:
1869 2242 2089 2294 sororis-
2130 2256 2242 2293 suae

679 2329 924 2396 conjugis
953 2330 1167 2384 insidiis
1220 2331 1494 2384 occubuit.
1525 2330 1657 2385 Post
1704 2348 1887 2400 quem,
1941 2333 2080 2385 idem
2127 2333 2242 2402 ipse

679 2416 1034 2487 Neriglisaras
1081 2419 1374 2489 parricida,
1406 2430 1659 2489 suscepto
1715 2421 1960 2490 imperio,
2008 2432 2240 2490 quatuor

676 2516 888 2563 tantum
927 2525 1101 2565 annos
1141 2511 1401 2580 regnavit.
1429 2511 1558 2580 Ejus
1585 2521 1763 2566 autem
1792 2512 1953 2576 ﬁlius,
1989 2513 2245 2567 Chabacs-

676 2602 976 2655 soarachus
1029 2603 1264 2668 nomine,
1302 2603 1516 2658 tametsi
1535 2603 1714 2658 adhuc
1749 2620 1883 2674 puer
1907 2621 2123 2660 menses
2150 2621 2241 2658 no-

673 2708 790 2746 vem
821 2708 1044 2762 regnum
1109 2696 1399 2760 tenuisset,
1427 2705 1606 2749 tamen
1633 2696 1775 2765 quod
1815 2696 1927 2765 jam
1962 2705 2072 2750 tum
2097 2700 2243 2753 exsi-

671 2793 899 2837 stentem
932 2784 1130 2841 indolis
1154 2788 1473 2855 pravitatem
1504 2785 1831 2853 Ostenderet,
1857 2804 1884 2841 a
1918 2791 2240 2844 necessariis

671 2875 786 2928 suis
812 2875 953 2930 clam
979 2866 1249 2932 mactatus
1284 2878 1509 2932 interiit.
1537 2877 1657 2945 Quo
1705 2880 1940 2946 sublato,
1972 2897 2098 2935 mox
2132 2879 2238 2934 Na-

670 2963 910 3018 bonnido
938 2965 1151 3018 cuidam
1196 2966 1492 3038 Babylonio
1546 2971 1789 3040 ejusdem
1846 2973 2239 3041 conjurationis

670 3056 840 3116 socio,
865 3060 1143 3114 communi
1171 3059 1555 3115 insidiatorum
1588 3063 1818 3117 consilio
1868 3064 2106 3118 delatum
2143 3067 2239 3118 im-

668 3147 878 3218 perium
910 3156 1009 3201 est.
1055 3148 1171 3205 Hoc
1221 3162 1502 3222 regnante,
1540 3152 1832 3223 Babylonis
1864 3157 2085 3220 muenia,
2118 3173 2238 3226 qua:

2343 2050 2525 2119 κύριος
2552 2048 2764 2114 ἐγένετο
2787 2049 2814 2097 ό
2841 2047 2954 2108 υίὸς
2989 2043 3149 2096 αὑτοῦ
3172 2038 3687 2108 Ευιλμαλουρουχος.
3715 2031 3867 2098 Οὗτος,

2344 2138 2579 2210 προστὰς
2608 2138 2713 2189 τῶν
2746 2136 3082 2206 πραγμάτων
3118 2132 3330 2201 ἀνόμως
3374 2128 3465 2180 καὶ
3496 2124 3750 2192 ἀσελγῶς,
3775 2124 3869 2174 ἐπι-

2344 2231 2649 2292 ϐουλευθεὶς
2689 2229 2794 2281 ὑπὸ
2827 2228 2919 2280 τοῦ
2946 2227 3042 2296 τὴν
3098 2222 3328 2292 ἀδελφὴν
3366 2220 3578 2288 ἔχοντος
3602 2214 3757 2270 αὑτοῦ
3788 2213 3871 2283 Νη-

2344 2321 2677 2392 ριγλισάρου,
2705 2317 2960 2390 ἀνῃρέθη,
2987 2314 3304 2384 βασιλεύσας
3334 2311 3424 2381 ἔτη
3562 2309 3716 2363 Μετὰ
3755 2307 3803 2358 δὲ
3824 2305 3870 2357 τδ

2343 2413 2692 2484 ἀναιρεθῆναι
2727 2410 2910 2462 τοῦτον
2933 2451 2946 2472 ,
2983 2408 3354 2476 διαδεξάμενος
3381 2406 3481 2470 τὴν
3523 2403 3692 2474 ἀρχὴν
3724 2402 3749 2452 ὁ
3771 2401 3870 2451 ἐπι·

2342 2506 2633 2567 ϐουλεύσας
2682 2505 2828 2575 αὑτῷ
2861 2503 3296 2574 Νηριγλισάρης,
3340 2499 3682 2553 ἐϐασίλευσεν
3717 2495 3797 2563 ἐτη
3819 2493 3868 2549 δ’.

2342 2601 2542 2652 Τούτου
2579 2599 2690 2660 υίὸς
2721 2596 3206 2665 Χαϐαεσσοαρᾶχος
3229 2592 3508 2662 ἐκυρίευσε
3550 2590 3645 2659 μὲν
3688 2588 3775 2656 τῆς
3796 2584 3870 2654 βαο

2342 2693 2564 2753 σιλείας,
2594 2695 2720 2752 παῖς
2753 2689 2846 2754 ὢν,
2885 2691 3056 2758 μῆνας
3079 2687 3231 2740 ἐννέα
3253 2703 3265 2715 ·
3295 2681 3690 2742 ἐπιϐουλευθεὶς
3709 2680 3776 2741 δὲ,
3801 2675 3870 2731 ad

2341 2781 2400 2832 τὸ
2429 2780 2593 2833 πολλὰ
2617 2780 2890 2847 ἐκφαίνειν
2918 2777 3184 2847 κακοήθη,
3212 2775 3314 2827 ὑπὸ
3331 2775 3437 2827 τῶν
3464 2773 3630 2842 φίλων
3657 2772 3869 2837 ἀπετυμ-

2342 2872 2594 2941 πανίσθη.
2645 2871 2998 2940 Ἀπολομένου
3033 2869 3087 2921 δὲ
3110 2868 3318 2931 τούτου,
3347 2865 3684 2926 συνελθόντες
3709 2863 3752 2914 οἱ
3781 2864 3871 2913 ἐπι·

2343 2963 2722 3025 ϐουλεύσαντες
2751 2961 2917 3030 αὐτῷ,
2959 2964 3108 3031 κοινῇ
3139 2961 3236 3030 τὴν
3273 2957 3543 3029 βασιλείαν
3574 2953 3870 3025 περιέθηκαν

2341 3055 2644 3124 Ναϐοννίδῳ
2672 3054 2778 3106 τινὶ
2802 3053 2906 3104 τῶν
2939 3054 3001 3104 ἐκ
3029 3051 3341 3111 Βαϐυλῶνος
3366 3050 3478 3098 δντι
3513 3048 3575 3097 ἐκ
3604 3046 3695 3115 τῆς
3732 3041 3870 3109 αὐτῆς

2340 3148 2761 3208 ἐπισυστάσεως.
2797 3145 2919 3196 Ἐπὶ
2958 3143 3148 3197 τούτου
3193 3144 3260 3195 τὰ
3301 3141 3427 3210 περὶ
3474 3137 3710 3207 ποταμὸν
3746 3134 3869 3202 τείχη

667 3239 876 3293 ﬂumini
903 3242 1172 3309 adjacent,
1209 3253 1364 3298 cocto
1397 3245 1565 3298 latere
1602 3260 1666 3298 ac
1701 3245 1967 3300 bitumine
1992 3224 2233 3317 splen—dia

2341 3243 2435 3310 τῆς
2453 3240 2804 3294 Βαϐυλωνίων
2833 3238 3035 3300 πόλεως
3065 3237 3121 3302 ἐξ
3147 3234 3319 3300 ὀπτῆς
3337 3230 3556 3283 πλίνθου
3578 3231 3665 3282 καὶ
3695 3224 3870 3293 ἀσφάλ.

666 3332 790 3385 dius
818 3331 1076 3384 :ediﬁcata
1098 3342 1245 3387 sunt.
1295 3334 1467 3404 Regni
1496 3351 1623 3390 vero
1649 3337 1916 3392 decimum
1943 3343 2231 3410 septimum

668 3436 862 3494 agente
895 3442 1119 3494 annum,
1159 3428 1332 3496 Cyrus
1355 3428 1521 3504 ‘56
1549 3429 1848 3485 exPerside
1873 3450 1994 3486 cum
2034 3437 2234 3505 ingenti

667 3520 941 3587 profectus
959 3523 1221 3585 exercitu,
1246 3538 1310 3577 ac
1340 3523 1604 3592 reliquum
1624 3527 1743 3595 ejus
1765 3527 2050 3595 imperium
2074 3547 2235 3585 omne

668 3612 977 3678 populatus,
1008 3613 1060 3666 in
1093 3611 1443 3682 Babyloniam
1474 3617 1645 3684 ipsam
1678 3619 1891 3673 invasit.
1926 3620 2097 3684 Quam
2116 3622 2235 3689 ejus

669 3702 1084 3770 impressionem
1117 3702 1472 3762 Nabonnidus
1528 3723 1650 3762 cum
1703 3711 1986 3774 sensisset,
2018 3712 2067 3765 ei
2109 3728 2232 3765 eum

664 3793 905 3847 exercitu
933 3798 1329 3852 occurrendum
1353 3801 1571 3855 statuit:
1600 3818 1788 3856 verum
1825 3817 2002 3871 pugna
2033 3804 2231 3868 victus,

666 3901 791 3944 cum
833 3886 1178 3954 paucissimis
1220 3888 1361 3960 fuga:
1392 3894 1679 3948 comitibus
1714 3910 1832 3949 sese
1870 3893 2231 3963 Borsippeno-

667 3992 790 4029 rum
819 3976 1040 4030 inclusit
1069 3976 1286 4044 oppido.
1308 3977 1481 4046 Cyrus
1509 3990 1710 4047 autem,
1740 3982 2010 4051 Babylone
2043 3983 2232 4038 obses-

667 4080 748 4127 sa,
788 4080 912 4117 cum
946 4074 1300 4119 murosextra
1334 4066 1518 4121 urbem
1548 4069 1703 4138 longe
1752 4083 1996 4140 patentes
2044 4073 2234 4127 subrui

662 4155 939 4222 jussisset,
983 4159 1128 4226 quod
1157 4158 1427 4213 dilIicilior
1457 4170 1508 4213 et
1559 4164 1834 4216 actuosior
1866 4166 2108 4232 ejusdem
2138 4183 2230 4221 ex-

666 4249 924 4314 pugnatio
952 4251 1245 4315 videretur,
1273 4251 1597 4321 Borsippum
1633 4254 1819 4318 movit,
1854 4253 2229 4310 Nabonnidum

669 4337 1016 4394 obscssurus.
1047 4345 1114 4400 At
1145 4341 1212 4406 is,
1242 4345 1524 4399 obsidione
1570 4354 1854 4412 occupata,
1911 4345 2051 4414 Cyro
2111 4364 2232 4402 sese

669 4429 910 4494 tradidit,
940 4431 1030 4497 qui
1066 4447 1187 4485 eum
1212 4438 1618 4502 perhumaniter
1642 4438 1908 4500 habitum,
1936 4436 2235 4507 Babylonia

666 4524 874 4575 tantum
901 4524 1110 4585 cedere,
1143 4527 1267 4577 etin
1301 4528 1588 4582 Carmania
1637 4530 1890 4600 deinceps
1913 4532 2118 4584 versari
2140 4548 2227 4584 vo-

2340 3348 2432 3382 του
2457 3329 2856 3399 κατεκοσμήθη.
2903 3327 3081 3396 Οὔσης
3126 3325 3182 3377 δὲ
3212 3324 3309 3392 τῆς
3343 3322 3615 3391 βασιλείας
3651 3316 3796 3371 αὐτοῦ
3825 3317 3869 3369 ἐν

2340 3421 2416 3489 τῷ
2447 3421 2882 3486 ἑπτακαιδεκάτῳ
2915 3418 3041 3477 ἐτει,
3075 3411 3484 3485 προσεληλυθὼς
3513 3413 3686 3481 Κῦρος
3712 3411 3768 3459 ἐκ
3790 3406 3871 3473 τῆς

2342 3509 2595 3579 Περσίδος
2624 3509 2756 3577 μετὰ
2799 3507 3080 3575 δυνάμεως
3123 3503 3352 3572 πολλῆς,
3393 3499 3867 3570 καταστρεψάμενος

2340 3602 2437 3668 τὴν
2465 3599 2651 3667 λοιπὴν
2688 3599 2958 3666 βασιλείαν
2989 3597 3222 3658 ἃπασαν,
3250 3595 3506 3666 ὥρμησεν
3537 3594 3626 3644 ἐπὶ
3650 3591 3739 3656 τῆς
3780 3588 3868 3638 Βα-

2341 3689 2630 3752 ϐυλωνίας·
2653 3689 2977 3759 Αξσθόμενος
3001 3688 3056 3739 δὲ
3088 3687 3406 3748 Ναϐόννιδος
3453 3684 3549 3754 τὴν
3589 3681 3761 3750 ἔφοδον
3791 3677 3868 3729 αὑ-

2339 3780 2454 3840 τοῦ,
2496 3782 2810 3851 ἀπαντήσας
2843 3779 2981 3850 μετά
3009 3779 3106 3847 τῆς
3139 3779 3432 3848 δυνάμεως,
3463 3776 3557 3827 καὶ
3589 3767 3868 3842 παραταξά-

2343 3889 2521 3940 μενος,
2573 3873 2830 3942 ἡσσηθεὶς
2886 3875 2951 3941 τῇ
2991 3872 3162 3940 μάχῃ,
3217 3869 3310 3921 καὶ
3364 3865 3549 3935 φυγὼν
3605 3859 3867 3930 ὀλιγοστδςν

2343 3961 2688 4032 συνεκλείσθη
2738 3966 2814 4024 είς
2838 3963 2935 4030 τὴν
2965 3957 3356 4030 Βορσιππηνῶν
3412 3955 3582 4008 πόλιν.
3642 3949 3871 4023 Κῦροςδὲ

2341 4055 2628 4106 Βαϐυλῶνα
2663 4055 3116 4123 καταλαϐόμενος,
3148 4051 3242 4116 καὶ
3273 4048 3531 4111 συντάξας
3556 4048 3622 4099 τὰ
3659 4048 3757 4112 ἔξω
3789 4043 3869 4113 τῆς

2341 4142 2544 4203 πόλεως
2564 4143 2712 4212 τείχη
2746 4141 3108 4209 κατασκάψαι,
3135 4139 3220 4192 διά
3251 4137 3312 4190 τὸ
3343 4137 3459 4190 λίαν
3484 4136 3627 4206 αὐτῷ
3651 4149 3871 4206 πραγμα-

2337 4237 2493 4306 τικὴν
2537 4237 2975 4288 καὶ’δυσάλωτον
3015 4233 3243 4301 φανῆναι
3284 4233 3382 4301 τὴν
3424 4231 3595 4293 πόλιν,
3619 4227 3868 4295 ἀνέξευξεν

2339 4327 2430 4378 ἐπὶ
2460 4328 2783 4396 Βόρτςιππον,
2809 4325 3247 4393 ἐκπολιορκήσων
3283 4337 3372 4374 τον
3412 4323 3742 4375 Ναϐὁννιδον.
3782 4313 3868 4369 Τοῦ

2337 4416 2391 4467 δὲ
2444 4418 2764 4470 Ναϐοννίδου
2825 4418 2920 4485 οὐχ
2971 4414 3356 4484 ὑπομείναντος
3407 4415 3505 4486 τὴν
3567 4409 3867 4482 πολιορκίαν,

2338 4504 2450 4556 ἀλλ’
2480 4505 2877 4574 ἐγχειρίσαντος
2902 4502 3061 4553 αὐτὸν
3089 4502 3368 4573 πρότερον,
3400 4504 3735 4574 χρησάμενος
3773 4494 3869 4549 Κῦ-

665 4609 782 4664 luit.
811 4611 925 4676 Qua
951 4614 1003 4666 in
1034 4615 1273 4683 regione,
1301 4617 1472 4672 donec
1521 4637 1832 4689 supremum
1868 4625 2040 4676 obiret
2065 4623 2228 4688 diem,

2341 4610 2428 4661 ρος
2470 4592 2878 4662 φιλανθρώπως,
2912 4591 3006 4643 καὶ
3047 4589 3168 4654 δοὺς
3200 4594 3510 4663 οἰκητήριον
3562 4588 3703 4656 αὐτῷ
3742 4588 3869 4653 Καρ-

665 4699 1017 4760 Nabonnidus
1056 4708 1324 4775 reliquum
1381 4725 1538 4764 omne
1590 4714 1712 4765 vitae
1763 4723 1977 4782 tempus
2033 4715 2226 4780 exegit.

665 4793 843 4860 Atque
870 4797 983 4851 lucc
1007 4799 1248 4851 narratio
1287 4802 1716 4856 consentientem
1775 4805 1933 4858 habet
1983 4822 2103 4859 cum
2131 4822 2229 4858 no-

665 4882 795 4935 stris
846 4883 1039 4941 litteris
1073 4890 1376 4943 veritatem.
1409 4889 1684 4946 Proditum
1722 4898 1863 4947 enim
1896 4899 1962 4950 iis
1994 4908 2093 4962 est,
2120 4896 2228 4950 Na-

664 4971 1180 5033 buchodonosorum
1207 4998 1352 5034 anno
1371 4984 1518 5052 regni
1542 4987 1624 5036 sui
1649 4985 1858 5039 decimo
1883 5001 2072 5042 octavo
2101 5002 2229 5042 tem-

664 5065 815 5131 plum
847 5076 1092 5120 nostrum
1124 5070 1364 5128 funditus
1393 5077 1671 5141 evertisse,
1696 5078 1922 5146 ejusque
1953 5081 2226 5134 excidium

668 5162 808 5206 totos
855 5156 1251 5228 quinquaginta
1318 5182 1490 5221 annos
1543 5167 1812 5231 durasse;
1860 5186 2001 5224 anno
2046 5182 2223 5225 autem

667 5241 788 5311 Cyri
817 5245 966 5314 regni
1019 5250 1257 5303 secundo
1283 5257 1494 5308 restitui
1522 5271 1779 5324 emptum,
1816 5256 1956 5311 Darii
2010 5264 2222 5315 tandem

667 5333 874 5387 decimo
893 5334 1136 5405 partibus
1164 5342 1417 5400 omnibus
1447 5349 1756 5403 absolutum
1785 5362 1922 5402 esse.
1961 5368 1980 5400 ι
2013 5351 2116 5406 Ista
2143 5351 2227 5405 Jo-

672 5424 890 5490 sephus.

1235 5605 1460 5660 CAPUT
1511 5608 1641 5662 XLI.

662 5714 734 5767 De
775 5715 1296 5782 Nabuc/iodonosore,
1335 5731 1410 5842 fit!)
1431 5721 1641 5841 cgndita
1666 5729 1728 5773 ab
1764 5739 1820 5775 eo
1838 5721 2134 5790 Babylone,
2162 5739 2224 5774 ea:

1419 5808 1446 5842 υ
1487 5807 1600 5842 eno.

1417 5807 1600 5859 yaeuu.

735 5878 841 5948 Ego
869 5896 1012 5943 vero,
1058 5881 1106 5934 in
1140 5898 1218 5946 ea,
1255 5898 1411 5948 quam
1453 5883 1737 5953 Abydenus
1776 5884 1846 5936 De
1881 5887 2209 5954 Assyriorum

2337 4683 2529 4751 μανίαν
2554 4722 2567 4744 ,
2606 4681 2907 4748 ἐξέπεμψεν
2948 4683 3008 4733 ἐκ
3050 4681 3146 4750 τῆς
3189 4682 3551 4743 Βαϐυλωνίας.
3582 4676 3866 4736 Ναϐόννιὸος

2335 4772 2431 4840 μὲν
2455 4768 2566 4834 οὖν,
2592 4773 2681 4824 τὸν
2704 4772 2884 4824 λοιπὸν
2914 4772 3003 4825 τοῦ
3030 4773 3218 4843 χρόνου
3237 4772 3607 4840 διαγενόμενος
3629 4771 3686 4820 ἐν
3713 4767 3866 4834 ἐκείνῃ

2332 4865 2394 4930 τῇ
2429 4861 2599 4932 χώρᾳ,
2630 4863 2959 4933 κατέστρεψε
2989 4865 3076 4917 τὸν
3113 4865 3242 4934 βίον.
3268 4861 3450 4914 Ταῦτα
3480 4858 3866 4930 σύμφωνονέχει

2330 4958 2447 5015 ταῖς
2479 4954 2771 5024 ἡμετέραις
2804 4955 3001 5024 βίϐλοις
3032 4955 3127 5026 τὴν
3149 4953 3421 5023 ἀλήθειαν.
3458 4951 3865 5023 Γέγραπταιγὰρ

2331 5047 2386 5095 ἐν
2408 5045 2614 5108 αὑταῖς,
2647 5046 2723 5096 ὅτι
2751 5045 3274 5116 Ναϐουχοδονόσορος
3303 5041 3742 5110 ὀκτωκαιδεκάτῳ
3783 5038 3864 5105 τῆς

2331 5138 2491 5189 αὑτοῦ
2529 5138 2798 5207 βασιλείας
2826 5140 2931 5190 ἔτει
2964 5139 3054 5189 τὸν
3104 5136 3231 5205 παρ’
3257 5137 3387 5204 ἡμῖν
3431 5137 3556 5188 ναὸν
3606 5137 3858 5205 ἠρήμωσε.

2329 5231 2420 5282 κα)⁹
2448 5226 2512 5300 ἦν
2535 5232 2742 5300 ἀφανὴς
2776 5231 2864 5282 ἐπὶ
2898 5230 2990 5298 ἐτη
3026 5228 3356 5297 πεντήκοντα
3381 5245 3392 5256 ·
3437 5229 3670 5298 δευτέρῳ
3705 5226 3754 5277 δὲ
3780 5224 3858 5290 τῆς

2328 5323 2508 5392 Κύρου
2546 5323 2817 5392 βασιλείας
2854 5323 2960 5374 ἔτει
3005 5319 3112 5370 τῶν
3155 5319 3413 5388 θεμελίων
3459 5319 3854 5391 ὑποϐληθέντων,

2325 5417 2528 5485 δεκάτῳ
2556 5415 2712 5467 πάλιν
2732 5415 2828 5483 τῆς
2855 5412 3075 5482 Δαρείου
3103 5411 3372 5480 βασιλείας
3394 5409 3854 5482 ἐτελέσθη.›Ταῦτα

2327 5508 2353 5557 ό
2401 5504 2717 5575 Ἰώηππος.

2817 5593 3207 5646 ΚΕΦΑΛΑΙΟΝ
3262 5592 3396 5647 MA'.

2339 5706 2477 5759 Ἀπὸ
2508 5706 2614 5773 τῆς
2662 5703 3236 5827 Ἀϐυδηνοῖὲτρὲῑρκῆς
3274 5703 3409 5770 περὶ
3449 5702 3555 5756 τοῦ
3592 5701 3853 5764 Ναϐουχο-

2999 5792 3068 5826 ο·ν
3105 5791 3233 5827 σοι).

2999 5791 3233 5840 οινοσορ.

2404 5881 2567 5952 Εὗρον
2633 5886 2685 5937 δὲ
2746 5886 2835 5938 καὶ
2887 5887 2943 5936 ἐν
2987 5888 3050 5953 τῇ
3097 5882 3380 5951 Ἀϐυδηνοῦ
3411 5883 3536 5949 περὶ
3597 5879 3850 5934 Ἀσσυρίων
