4038 6330
683 392 790 447 763

1285 389 1552 447 EUSEBII
1597 389 2073 449 CESARIENSIS
2109 393 2255 448 OPP.
2299 394 2474 448 PARS
2517 396 2578 448 ll.
2623 426 2691 436 —
2739 395 3255 456 APOLOGETIC’A-
3828 392 3899 447 76l

683 512 944 566 redonem
995 509 1185 563 urbem
1237 510 1495 564 adversus
1524 512 1763 565 Arabum
1807 513 2132 583 irruptiones
2161 531 2254 568 ex-

2361 514 2531 566 6υλὼν
2564 518 2596 585 ὴ
2643 517 2870 587 μεγάλη,
2899 517 2964 588 ῆν
2996 518 3104 585 ἐγὼ
3140 517 3460 588 ᾠκοδόμησα
3489 517 3579 578 είς
3611 508 3770 566 οἶκον
3793 511 3904 579 βασις

684 601 892 663 citavit,
916 600 1286 672 palatiumque
1309 616 1469 654 suum
1497 601 1783 656 arboribus
1830 605 2055 657 consitis
2086 613 2242 673 (pcn-

686 691 815 746 siles
874 691 1059 747 hortos
1097 692 1369 762 vocabat),
1402 693 1708 746 exornavit.
1748 712 1766 744 ι
1825 697 1998 764 Atque
2043 697 2152 749 haec
2181 712 2248 749 ex

685 780 946 853 Abydeno
970 783 1174 838 referre
1195 784 1533 854 potissimum
1563 801 1628 838 eo
1654 787 1841 850 libuit,
1877 786 2020 855 quod
2046 787 2097 838 in
2133 786 2247 854 ipsa

688 870 927 927 Danielis
968 873 1270 942 prophetia,
1310 873 1831 937 Nabuchodonosor,
1864 891 1986 928 cum
2015 876 2068 927 in
2102 877 2252 944 regni

2353 607 2500 669 λείας
2524 610 2581 660 ἐν
2611 607 2687 678 τῷ
2708 609 2895 678 κράτει
2917 611 3013 678 τῆς
3043 610 3220 679 ἰσχύος
3258 627 3356 678 μου
3412 612 3492 672 εἰς
3528 606 3712 675 τιμὴν
3739 603 3906 672 facit?

2362 695 2456 766 ξης
2495 714 2625 766 μους
2655 699 2741 751 ὅτε
2774 700 2923 762 ὄντος
2953 699 3032 752 ἔτι
3062 700 3153 751 τοῦ
3189 699 3340 767 λόγου
3385 701 3476 751 ἐπὶ
3517 698 3804 766 στόματος
3834 697 3902 746 αἰ.-

2358 788 2472 850 τοῦ,
2488 809 2505 839 ι
2524 791 2589 843 τὰ
2605 792 2700 858 τῆς
2728 791 3081 861 μετελθούσης
3102 793 3478 861 καταστροφῆς
3500 791 3667 858 αὐτῷ
3690 790 3900 856 γέγονε.»

2356 877 2539 930 Ταῦτα
2588 879 2684 949 μὲν
2711 875 2802 931 οὖν
2827 881 2953 949 ἡμῖν
2978 880 3264 950 αὐτάρκως
3290 879 3414 948 περὶ
3447 876 3651 928 τῶνδε.

686 965 772 1020 sui
806 967 1004 1034 templo
1053 966 1322 1037 Babylone
1376 966 1594 1021 condito
1648 967 2026 1031 inambularet,
2062 967 2160 1022 has
2193 968 2246 1020 in
2284 982 2444 1021 voces
2493 971 2810 1026 temeritatis
2833 980 2886 1024 et
2931 972 3252 1041 arrogantiae
3303 972 3488 1039 plenas
3563 966 3821 1035 erupisse
3853 964 3905 1018 le-

687 1068 846 1127 gatur
871 1059 937 1121 '°,
974 1077 992 1108 ι
1019 1056 1207 1113 Nonne
1236 1061 1348 1114 hac
1378 1069 1460 1114 est
1488 1060 1726 1130 Babylon
1763 1077 1977 1127 magna,
2015 1076 2180 1129 quam
2208 1075 2308 1127 ego
2345 1062 2604 1116 aediﬁcavi
2638 1065 2688 1119 in
2724 1065 2942 1135 domum
2972 1065 3140 1134 regni,
3179 1065 3230 1116 in
3272 1064 3435 1135 458
3479 1063 3692 1117 robore
3726 1060 3909 1112 fortitr»

683 1148 830 1203 diuis
856 1163 988 1202 meae
1029 1159 1084 1202 et
1114 1151 1169 1202 in
1188 1150 1354 1216 gloria
1385 1151 1596 1205 decoris
1627 1151 1753 1205 mei.
1785 1149 2031 1220 Cumque
2078 1165 2261 1204 sermo.
2294 1153 2471 1206 adhuc
2511 1164 2653 1208 esset
2680 1155 2731 1210 in
2766 1171 2859 1210 ore
2898 1125 3035 1224 ejus,
3065 1173 3082 1206 ι
3141 1155 3365 1209 ultorem
3409 1155 3568 1212 illum
3631 1167 3666 1207 e
3714 1152 3910 1218 vestiga

688 1243 827 1295 tanti
863 1241 1038 1298 fastus
1063 1243 1268 1296 exitum
1307 1245 1490 1298 subiit.
1517 1264 1534 1295 ι

1246 1333 1476 1388 CAPUT
1531 1334 1690 1387 XLII.

694 1442 768 1500 De
795 1445 860 1498 t't's
899 1445 988 1514 qui
1020 1443 1264 1498 Iudaica:
1297 1446 1463 1515 gentis
1493 1447 1859 1515 meminerunt,
1890 1460 1955 1498 ea:
1983 1446 2118 1498 libro
2151 1443 2250 1496 lo.-

993 1516 1156 1582 sepht',
1180 1515 1256 1569 De
1285 1514 1596 1582 antiquitate
1623 1514 1954 1568 Judazorum.

757 1689 884 1747 Haec
915 1691 1080 1762 igitur
1104 1701 1387 1747 auctorum
1423 1693 1639 1746 illorum
1674 1693 1982 1747 testimonia
2011 1701 2251 1746 nostram

689 1783 743 1836 in
775 1799 888 1837 rem
925 1784 1220 1852 protulisse
1252 1783 1502 1838 sufﬁciat.
1551 1784 1937 1853 Superioribus
1977 1784 2253 1849 omnibus,

686 1873 906 1943 Josephi
933 1882 1143 1928 tantum
1165 1889 1228 1927 ex
1249 1874 1278 1926 J
1295 1875 1603 1928 udaicarum
1624 1875 2012 1942 Antiquitatum
2036 1874 2254 1928 historia

688 1963 852 2018 verba
876 1964 1294 2033 subjungamus,
1323 1966 1416 2019 ubi
1459 1966 1692 2020 laudatis
1725 1967 2059 2020 infinitarum
2091 1982 2257 2035 prope

690 2055 1017 2123 scriptorum
1047 2055 1202 2119 locis,
1239 2056 1405 2126 idque
1439 2057 1660 2111 totidem
1690 2059 1906 2128 syllabis
1930 2101 1944 2124 ,
1977 2060 2041 2113 ad
2073 2069 2255 2113 extre-

691 2161 838 2199 mum
868 2147 940 2199 ita
968 2148 1312 2200 concluditzc
1352 2146 1642 2202 Enimvero
1697 2150 1832 2207 satis
1875 2150 2256 2218 erunt,inquit-,

687 2236 754 2290 ad
800 2235 955 2290 ﬁdem
988 2237 1150 2306 hujus
1177 2240 1516 2308 antiquitatis
1555 2239 1858 2294 faciendam
1889 2282 1903 2305 ,
1955 2240 2213 2311 Syrorum
2241 2283 2256 2304 ,

686 2326 1064 2382 Chaldeorum
1119 2346 1184 2384 ac
1244 2330 1560 2386 Phtenicum
1589 2331 1869 2385 historiae:
1933 2333 2130 2400 quibus
2181 2341 2259 2386 tot

688 2420 849 2473 etiam
875 2419 1189 2474 Grtecorum
1215 2424 1596 2475 auctoritatem
1636 2423 1988 2486 atlcxuimus,
2011 2438 2134 2475 cum
2163 2424 2257 2475 ad-

686 2510 815 2564 dere
862 2521 1120 2580 praeterea
1165 2512 1408 2567 licuisset
1454 2512 1495 2565 Τ
1503 2514 1837 2582 heophilutn.
1889 2513 2242 2568 Theodorum

686 2600 984 2666 Mnaseam,
1010 2601 1452 2672 Aristophanem,
1471 2603 1885 2673 Hermogenem,
1911 2604 2257 2665 Evemerum,

685 2695 1006 2760 Comonem,
1054 2710 1118 2748 ac
1161 2693 1540 2764 Zopyrionem,
1592 2694 1842 2762 aliosque
1903 2693 2044 2747 forte
2095 2709 2258 2762 quam

687 2786 951 2855 plurimos
985 2803 998 2850 ;
1024 2801 1123 2839 nec
1151 2787 1296 2838 enim
1331 2801 1522 2840 omnes
1545 2787 1720 2840 evolvi
1752 2786 1945 2852 libros,
1967 2788 2258 2855 quirerum

688 2885 999 2930 nostrarum
1033 2891 1100 2929 ex
1132 2875 1378 2944 professo
1429 2877 1816 2930 meminerunt.
1846 2876 1910 2929 Et
1947 2892 2258 2946 quanquam

687 2983 874 3022 eorum
905 2968 1090 3031 etiam,
1127 2984 1266 3036 quos
1288 2967 1612 3021 nominatim
1652 2969 1964 3031 citavimus,
1991 2969 2254 3038 plerique,
2284 2997 2326 3052 ο

685 3058 832 3127 quod
855 3058 1061 3112 litteras
1090 3067 1307 3112 nostras
1334 3058 1556 3113 minime
1584 3060 1924 3130 attigerint,a
1952 3061 2255 3142 reru‘mjam

687 3148 813 3203 inde
844 3148 910 3200 ab
933 3147 1090 3199 initio
1119 3156 1394 3215 gestarum
1430 3149 1658 3203 veritate
1687 3150 2014 3205 aberrarunt
2047 3171 2062 3215 ;
2102 3168 2257 3206 com-

692 3243 842 3298 muni
893 3253 1074 3300 tamen
1144 3258 1414 3298 consensu
1481 3256 1672 3295 omnes
1724 3242 1900 3296 eidem
1948 3244 2259 3312 antiquitati

693 3335 973 3404 snﬂragati
1006 3344 1153 3395 sunt,
1199 3333 1347 3402 quod
1372 3345 1540 3385 unum
1565 3329 1670 3382 hoc
1708 3331 1827 3386 loco
1856 3332 1988 3384 mihi
2020 3333 2263 3401 proposi-

694 3437 810 3480 tum
842 3425 1036 3479 fuerat.
1065 3424 1140 3477 Ex
1170 3425 1370 3493 quibus
1421 3438 1553 3477 sane
1588 3420 1894 3476 Demetrius
1940 3421 2258 3490 Phalereus,

694 3516 849 3570 Philo
880 3515 1180 3584 antiquior,
1215 3525 1268 3570 et
1291 3516 1640 3586 Eupolemus,
1675 3531 1704 3568 a
1739 3529 1867 3568 vero
1905 3511 2122 3583 pr0pius
2165 3515 2260 3568 ab-

696 3612 936 3674 fuerunt,
988 3607 1189 3677 quibus
1242 3608 1402 3661 etiam
1441 3610 1485 3662 si
1527 3609 1656 3678 quid
1687 3605 2254 3677 peccarunt,veniam

697 3702 800 3756 hoc
827 3700 1046 3754 nomine
1072 3700 1204 3753 dare
1229 3715 1444 3768 aequum
1478 3700 1664 3766 utique
1694 3699 1783 3762 sit,
1811 3697 1955 3764 quod
1982 3695 2263 3748 librorum

696 3799 1012 3846 nostrorum
1038 3806 1259 3846 sensum
1289 3791 1472 3844 minus
1515 3800 1767 3843 accurate
1811 3801 2002 3856 capere
2033 3795 2086 3839 et
2114 3800 2267 3839 asse~

696 3883 790 3952 qui
817 3884 1110 3953 potuerint.
1146 3903 1163 3934 ι
1198 3883 1473 3938 Hactenus
1509 3881 1792 3949 Iosephus.
1831 3879 1928 3932 Cui
1972 3892 2101 3931 vero
2133 3892 2265 3931 con-

696 3975 926 4042 scriptos
958 3975 1029 4027 ab
1047 3990 1114 4028 eo
1141 3974 1213 4027 De
1246 3974 1556 4028 ludworum
1586 3973 1916 4042 Antiquitate
1970 3971 2139 4024 libros
2168 3986 2263 4023 vo—

697 4063 874 4118 lutare
918 4063 1204 4132 placuerit,
1229 4065 1282 4140 is
1315 4066 1461 4134 apud
1504 4081 1628 4118 eum
1677 4065 1780 4116 alia
1811 4063 2068 4130 pleraque
2111 4059 2268 4114 testi-

698 4152 885 4206 monia
930 4152 1188 4222 reperiat,
1222 4168 1437 4207 summa
1491 4170 1612 4206 cum
1652 4153 1738 4213 iis,
1769 4165 1890 4220 qua:
1939 4150 2115 4203 adhuc
2147 4150 2265 4201 lau-

697 4244 968 4311 davimus,
1011 4244 1371 4299 consensione
1423 4245 1736 4314 conjuncta.
1787 4240 2131 4308 Quanquam,
2189 4240 2268 4292 in.

2859 1296 3242 1387 ΚΕΦΑᾸΑΙΟΝ
3296 1333 3425 1384 MB'.

2371 1438 2687 1503 Ἰωσήπου,
2737 1440 2863 1507 περὶ
2913 1439 3027 1491 τῶν
3055 1441 3610 1509 μνημονευσάντων
3647 1438 3763 1493 τοῦ
3800 1441 3912 1491 Ἰου-

2431 1509 2615 1560 δαίων
2645 1509 2878 1574 ἔθνους,
2907 1509 3024 1562 dm)
3073 1511 3178 1563 τοῦ
3217 1509 3267 1564 α’
3302 1511 3402 1577 τῆς
3476 1510 3799 1564 Ἰουδαίων
3827 1509 3917 1577 Ἀρι

2429 1581 2756 1645 χαιότητος.

2428 1690 2740 1760 Προκείσθω
2767 1691 2822 1742 δὲ
2851 1691 2941 1742 ἐπὶ
2965 1693 3094 1743 πᾶσι
3122 1693 3213 1744 καὶ
3239 1692 3306 1744 τὰ
3351 1691 3455 1742 ἀπὸ
3483 1691 3586 1759 τῆς
3634 1688 3921 1743 Ἰουδαίων

2369 1784 2786 1850 Ἀρχαιότητος
2825 1783 3104 1853 Ἰωσήπου,
3147 1782 3273 1834 ἔνθα
3308 1782 3511 1852 μυρίων
3570 1780 3920 1851 συγγραφέων

2359 1872 2633 1935 αύτολεξεὶ
2662 1873 2923 1943 παραθεὶς
2973 1874 3172 1943 φωνὰς,
3223 1872 3392 1925 ταῦτα
3449 1872 3725 1939 ὲπιλὲγεν
3763 1891 3780 1921 t
3821 1871 3921 1940 ’Δρ-

2361 1965 2516 2017 κοῦσι
2549 1965 2591 2017 δ’
2625 1967 2772 2036 ὅμως
2803 1967 2881 2028 είς
2905 1966 3004 2036 τὴν
3034 1965 3304 2028 ἀπόδειξιν
3339 1965 3431 2034 τῆς
3466 1965 3854 2034 ἀρχαιότητος,
3879 1964 3924 2015 αἶ

2359 2075 2417 2109 τε
2444 2057 2626 2128 Σύρων
2658 2059 2749 2108 καὶ
2802 2057 3100 2120 Χαλδαίων,
3160 2057 3252 2108 καί
3295 2057 3549 2109 Φοινίκων
3595 2054 3918 2121 ἀναγραφαί·

2361 2149 2494 2219 πρὸς
2523 2149 2758 2211 ἐκείναις
2807 2165 2866 2200 τε
2927 2147 3167 2200 τοσοῦτοι
3222 2146 3328 2200 τῶν
3372 2147 3641 2216 Ἑλλήνων
3698 2161 3921 2214 συγγρα-

2361 2244 2497 2308 φεῖς·
2531 2242 2610 2294 ἔτι
2641 2243 2696 2294 δὲ
2732 2241 2866 2312 πρὸς
2895 2243 3006 2302 τοῖς
3036 2240 3340 2310 εἰρημένοις
3367 2239 3648 2308 Θεόφιλος,
3680 2239 3784 2291 καὶ
3812 2237 3919 2290 Θεό-

2359 2334 2528 2396 δοτος,
2562 2335 2654 2385 καὶ
2678 2331 2948 2392 Μνασέας,
2994 2330 3086 2383 καὶ
3145 2331 3549 2401 Ἀριστοφάνης,
3590 2332 3687 2383 καὶ
3743 2330 3920 2398 Ἑρμο-

2361 2425 2543 2492 γένης,
2572 2423 2849 2494 Εὑήμερός
2879 2440 2936 2474 τε
2984 2423 3076 2475 καὶ
3105 2422 3332 2492 Κόμων,
3357 2426 3448 2478 καὶ
3477 2423 3812 2491 Ζωπυρίων,
3845 2422 3921 2470 καὶ

2361 2518 2544 2570 πολλοί
2572 2534 2712 2577 τινες
2737 2517 2874 2584 τάχα
2900 2514 3064 2568 ἄλλον
3097 2515 3156 2566 ού
3187 2516 3289 2584 γὰρ
3319 2513 3490 2581 ἔγωγε
3531 2517 3702 2566 πᾶσιν
3732 2511 3922 2564 ὲντετύ.

2359 2629 2502 2680 χηκα
2528 2613 2638 2670 τοῖς
2668 2607 2909 2676 βιϐλίοις,
2939 2607 2998 2658 οὐ
3026 2607 3311 2678 παρέργως
3357 2607 3510 2676 ἡμῶν
3546 2623 3611 2675 με
3622 2623 3924 2675 μνημονευ-

2361 2703 2530 2754 κόσιν.
2556 2701 2618 2751 Οἱ
2648 2699 2827 2751 πολλοὶ
2872 2699 2926 2750 δὲ
2954 2698 3059 2750 τῶν
3086 2697 3382 2767 εἰρημένων
3423 2696 3635 2763 ἀνδρῶν
3682 2695 3791 2764 τῆς
3844 2697 3924 2765 μὲν

2361 2789 2613 2859 ἀληθείας
2658 2787 2763 2840 τῶν
2806 2787 2862 2852 ἐξ
2896 2787 3066 2857 ἀρχῆς
3119 2788 3452 2856 πραγμάτων
3499 2786 3830 2854 διήμαρτον,
3859 2788 3927 2837 ὗτι

2365 2882 2438 2952 μὴ
2466 2883 2584 2943 ταῖς
2616 2866 2969 2950 ἱεραῖξήμῶν
3001 2878 3199 2947 βίϐλοις
3230 2879 3492 2948 ἐνέτυχον·
3524 2877 3725 2939 κοινῶς
3759 2879 3929 2947 μέντοι

2363 2975 2487 3045 περὶ
2541 2974 2638 3042 τῆς
2696 2972 3046 3042 ἀρχαιότητος
3106 2971 3340 3033 ἅπαντες
3418 2972 3928 3040 μεμαρτυρήκασιν,

2360 3066 2498 3136 ὑπὲρ
2526 3060 2584 3118 οὗ
2607 3064 2769 3117 τανῦν
2820 3063 2994 3132 λέγειν
3032 3063 3357 3133 προεθέμην.
3423 3061 3479 3112 '0
3532 3062 3717 3130 μέντοι
3768 3060 3932 3129 Φαλη·

2363 3157 2487 3225 ρεὺς
2517 3157 2845 3224 Δημήτριος,
2873 3155 2964 3206 καὶ
2995 3153 3165 3205 Φίλων
3195 3153 3223 3203 ό
3270 3150 3659 3221 πρεσϐύτερος,
3696 3153 3800 3203 καὶ
3835 3150 3931 3201 Εὑ-

2360 3243 2591 3312 πόλεμος
2618 3245 2676 3295 ού
2705 3243 2836 3295 πολὺ
2869 3241 2968 3310 τῆς
3014 3241 3265 3310 ἀληθείας
3322 3241 3637 3310 διήμαρτον·
3691 3236 3782 3303 οἷς
3820 3257 3934 3306 συγ-

2359 3334 2646 3404 γινώσκειν
2693 3333 2860 3396 ἄξιοψ
2916 3334 2975 3384 ού
3023 3333 3130 3401 γὰρ
3180 3332 3303 3400 ἐνῆν
3355 3333 3535 3393 αὐτοῖς
3580 3332 3720 3400 μετὰ
3756 3332 3933 3397 πάσης

2359 3425 2640 3496 ἀκριϐείας
2671 3426 2780 3486 τοῖς
2807 3422 3089 3493 ἡμετέροις
3113 3422 3400 3494 γράμμασι
3445 3420 3927 3493 παρακολουθεῖν.ι

2359 3517 2542 3569 Ταῦτα
2573 3516 2665 3567 καὶ
2691 3516 2719 3565 ὁ
2763 3513 3040 3582 Ἰώσηπος.
3071 3514 3213 3583 Ὅτῳ
3241 3514 3297 3565 δὲ
3331 3513 3478 3581 φίλον
3519 3514 3630 3574 τοῖς
3660 3512 3796 3580 περὶ
3844 3513 3934 3579 τῆς

2373 3606 2666 3658 Ἰουδαίων
2699 3605 3107 3672 Ἀρχαιότητος
3133 3604 3308 3672 λόγοις
3343 3605 3577 3671 ἐντυχεῖν
3593 3600 3688 3652 τοῦ
3717 3601 3931 3670 ἀνδρὸς,

2361 3695 2619 3757 πλείστας
2669 3695 2733 3747 ἂν
2766 3695 2909 3766 εὖροι
2945 3695 3266 3764 συμφώνους
3289 3697 3405 3755 ταῖς
3433 3692 3774 3754 ἐκτεθείσαις
3804 3708 3936 3761 μαρ-

2361 3787 2571 3856 τυρίας.
2604 3786 2711 3838 Καὶ
2737 3787 2899 3850 πολὺς
2940 3788 2995 3840 δὲ
3034 3787 3188 3848 ἄλλος
3241 3783 3530 3855 μαρτύρων
3589 3785 3719 3851 ἡμῖν
3784 3784 3935 3853 ὖχλπ

2362 3877 2607 3931 παλαιῶν
2635 3895 2693 3929 τε
2724 3880 2814 3930 καὶ
2868 3879 3000 3932 νέων
3033 3880 3264 3947 ἐπιρρεῖ,
3299 3876 3405 3928 τῶν
3445 3875 3634 3944 ὁμοίαν
3680 3874 3800 3937 τοῖς
3853 3893 3934 3928 τε-

2362 3970 2498 4023 θεῖσι
2529 3971 2708 4041 ψῆιρον
2743 3971 3302 4042 ἐπισφραγιζομένων,
3336 3961 3408 4021 ὧν
3440 3968 3535 4030 τὰς
3591 3968 3800 4035 φωνᾶς,
3857 3969 3934 4022 λό-

2361 4079 2459 4129 γου
2491 4063 2878 4133 προνοούμενοι
2902 4062 3384 4133 συμμετρίας,τοῖς
3415 4059 3731 4128 φιλομαθέσι
3749 4060 3933 4132 ζητεῖν

2361 4170 2421 4204 τε
2455 4155 2548 4205 καὶ
2582 4154 2862 4225 διερευνᾷν
2912 4155 3314 4222 ἀπολείψαντες,
3368 4152 3459 4203 ἐπὶ
3487 4152 3583 4222 τὴν
3642 4153 3932 4206 λείπουσαν

2364 4245 2515 4295 αὐτοὶ
2550 4246 2965 4316 μεταϐησόμεθα
2987 4244 3335 4313 ἐπαγγελίαν.

697 4343 912 4403 gentem
972 4336 1236 4403 ejusmodi
1287 4338 1550 4400 testium,
1614 4346 1722 4390 tam
1787 4343 2030 4387 veterum
2096 4347 2260 4400 quam
2313 4336 2674 4390 recentiorum
2730 4341 2940 4407 copiam
2976 4381 2990 4403 ,
3049 4339 3114 4391 ad
3190 4353 3410 4391 manum
3491 4339 3755 4394 habemus
3835 4339 3934 4406 ipsi

699 4440 935 4494 quoque,
965 4427 1060 4494 qui
1085 4427 1151 4479 ad
1178 4442 1391 4494 eorum,
1428 4445 1566 4498 quos
1630 4437 1753 4482 ante
1811 4425 2190 4497 produximus,
2267 4428 2669 4505 auctoritatem,
2715 4431 2987 4484 calculum
3048 4431 3339 4500 adjungant
3391 4448 3571 4486 suum.
3606 4430 3830 4491 Verum,
3866 4445 3931 4483 ne

700 4519 920 4572 modum
950 4517 1210 4572 excedere.
1254 4521 1557 4588 videamur,
1609 4522 1950 4594 eosquidem
1998 4518 2260 4576 studiosis
2339 4522 2696 4578 excutiendos
2745 4522 3171 4594 scrutandosque
3223 4525 3615 4589 relinaucmus,
3677 4522 3932 4592 deinceps

701 4619 1074 4678 argumentum
1110 4619 1469 4678 pertexemus.

775 4726 823 4759 ὀ
862 4725 995 4783 Dan.
1038 4746 1110 4813 tv,
1150 4729 1240 4784 9.7.
