4038 6330
140 345 276 401 7b9

1356 340 1671 404 PREPAR.
1715 342 1963 404 EVANG.
2004 342 2132 403 LIB.
2175 347 2240 403 Χ.

3290 356 3391 411 770

145 459 568 530 σημαινόμενον
609 458 683 532 (1)
731 456 931 533 διήκειν
983 455 1059 527 είς
1107 463 1320 527 αὐτοὺς,
1372 462 1468 533 τὴν
1528 460 1701 531 κλοπὴ

1832 463 2179 530 protulimus,
2208 478 2383 533 eoque
2412 478 2574 519 sensu
2601 466 2856 535 deinceps
2890 468 2954 521 ad
2986 468 3107 523 illos
3144 472 3388 528 veritatis

132 553 263 620 ⁴τῆς
303 551 555 621 ἀληθείας
590 554 924 624 ἐκδεχόμενοι
952 554 1048 625 (2),
1083 557 1130 607 εἰ
1168 556 1241 626 μὴ
1269 555 1504 624 ἐπαχθὲς
1532 558 1727 619 εἰπεῖν,

136 642 545 712 ἀπεδείξαμεν·
600 645 755 715 φέρε,
809 646 1087 728 μάρτυρας
1143 649 1241 715 τῆς
1290 647 1493 717 κλοπῆς
1536 646 1731 709 αὐτοὺς

134 734 293 788 καθ’
322 737 496 788 αὐτῶν
528 739 960 808 παραστήσωμεν
1000 739 1125 801 τοὺς
1172 739 1455 809 Ἕλληνας.
1503 740 1565 791 Οί
1621 738 1729 810 γὰρ

132 824 226 877 ’τὰ
250 828 428 880 οἰκεία
462 825 631 891 οὕτως
664 828 918 901 ἄντικρυς
970 830 1099 899 παρ’
1138 829 1381 899 ἀλλήλων
1407 828 1728 900 ὐφαιρούμε·

136 928 241 968 vat
280 914 549 986 βεϐαιοῦσι
578 919 674 987 μὲν
697 918 756 971 τὸ
775 919 998 971 κλέπται
1036 916 1173 973 εἶναι
1192 957 1205 977 .
1243 920 1647 990 σφετερίζεσθαι
1672 921 1725 973 δὲ

128 1004 315 1077 ὖμως
346 1010 437 1061 καὶ
462 1009 801 1079 ἄκοντες.τὴν
825 1012 951 1080 παρ’
975 1012 1132 1081 ήμῶν
1180 1012 1431 1082 ἀλήθειαν
1474 1014 1552 1073 είς
1600 1015 1724 1075 τοὺς

129 1099 465 1169 ὁμοφύλους
487 1101 657 1172 λάθρα
684 1099 1088 1156 διαδείκνυνται.
1118 1103 1178 1157 Ei
1211 1104 1318 1175 γὰρ
1344 1105 1473 1173 μηδὲ
1496 1105 1721 1169 ἐαυτῶν,

132 1188 324 1259 σχολῇ
356 1191 404 1257 γ’
435 1189 499 1242 ἂν
553 1190 656 1242 τῶν
709 1192 986 1262 ἡμετέρων
1012 1191 1321 1260 ἀφέξονται,
1373 1193 1483 1245 Καὶ
1528 1193 1594 1244 τά
1625 1194 1722 1262 μὲν

130 1280 301 1333 κατὰ
334 1276 643 1348 φιλοσοφίαν
687 1284 1027 1352 σιωπήσομαι
1075 1280 1337 1353 δόγματα,
1386 1284 1561 1336 αὐτῶν
1591 1287 1719 1353 ὁμο-

128 1370 455 1437 Αογούντων
481 1374 767 1443 ἐγγράφως
798 1373 904 1425 τῶν
929 1374 1026 1437 τὰς
1052 1375 1288 1445 αἱρέσεις
1339 1376 1543 1428 διανενε
1554 1394 1624 1445 μη
1635 1376 1721 1446 μέ-

126 1476 283 1523 νων,
309 1462 383 1525 ὡς
420 1464 491 1534 μὴ
514 1462 795 1536 ἀχάριστοι
849 1466 1169 1535 ἐλεγχθεϊεν,
1206 1467 1357 1537 παρὰ
1403 1468 1720 1538 Σωκράτους

131 1552 433 1624 εἰληφέναι
458 1556 525 1609 τὰ
555 1556 863 1629 κυριώτατα
888 1559 993 1611 τῶν
1044 1559 1347 1628 δογμάτων.
1410 1561 1639 1627 Ὀλίγοις
1661 1561 1717 1614 δὲ

134 1642 260 1697 τῶν
296 1645 780 1717 καθωμιλημένων,
807 1649 899 1701 καὶ
923 1650 1071 1720 παρὰ
1093 1652 1203 1712 τοῖς
1229 1649 1481 1720 Ἕλλησιν
1505 1650 1716 1705 εὐδοκί-

1827 552 2071 620 ejusdem
2103 553 2326 618 furtum,
2361 556 2406 609 si
2438 555 2510 608 ita
2544 556 2689 623 loqui
2717 555 2798 609 fas
2820 566 2923 619 est,
2958 561 3267 627 pervenisse
3297 578 3388 618 os-

1828 644 2098 697 tendimus
2127 662 2138 697 :
2173 660 2270 714 age
2330 644 2547 701 Graecos
2596 648 2743 715 ipsos
2777 647 2830 699 in
2874 664 2994 703 sese
3030 651 3191 721 plagii
3221 662 3386 707 testes

1826 738 2211 805 producamus.
2245 736 2376 792 Nam
2402 742 2493 808 qui
2528 743 2643 796 suis
2668 744 2720 795 in
2757 745 2920 797 rebus
2952 744 3111 815 462
3157 747 3224 799 ah
3262 748 3384 803 aliis

1826 828 1915 880 alii
1955 829 2131 895 palam
2188 830 2321 881 adeo
2352 830 2606 899 pleraque
2637 833 2991 898 suil‘nrantur,
3020 837 3053 886 ii
3089 851 3219 889 sane
3258 852 3383 891 cum

1826 930 1944 968 sese
1982 916 2129 970 fures
2181 933 2301 971 esse
2359 922 2703 983 conﬁrmant,
2753 932 2862 975 tum
2923 925 3080 977 etiam
3115 928 3195 980 vel
3229 928 3380 981 inviti

1824 1007 2122 1075 profectam
2179 1024 2207 1061 a
2259 1009 2415 1063 nobis
2460 1012 2736 1067 veritatem
2767 1026 2818 1067 et
2848 1016 3125 1070 vindicare
3165 1017 3299 1081 sibi,
3328 1026 3381 1073 et
3442 1066 3445 1071 .

1823 1114 1944 1152 cum
1978 1101 2267 1167 gentilibus
2298 1103 2445 1167 suis,
2481 1103 2714 1157 obscure
2771 1105 2933 1168 licet,
2976 1109 3379 1163 communicare

1824 1180 2143 1243 noscuntur.
2174 1189 2229 1242 Si
2255 1192 2396 1243 enim
2426 1196 2538 1245 suis
2566 1195 3070 1264 mininte.parcunt,
3110 1213 3138 1251 a
3175 1201 3377 1253 nostris

1820 1293 1959 1346 aegre
1986 1279 2357 1332 abstinebunt.
2392 1283 2566 1349 Atque
2588 1292 2645 1335 ut
2677 1286 3036 1354 philosophiae
3058 1288 3269 1341 decreta
3298 1290 3376 1343 si-

1821 1367 1980 1434 leam,
2005 1386 2127 1425 cum
2164 1386 2283 1424 sese
2314 1374 2643 1426 familiarum
2675 1377 2857 1441 duces,
2890 1394 2955 1431 ne
2993 1380 3187 1447 ingrati
3224 1382 3376 1434 videv-

1820 1461 1941 1513 licet
1981 1463 2309 1525 habeantur,
2358 1466 2748 1532 prascipuarum
2781 1469 3096 1535 opinionum
3131 1472 3308 1540 capita
3342 1487 3373 1525 a

1820 1550 2040 1606 Socrate
2072 1554 2346 1622 accepisse
2377 1553 2681 1609 fateantur:
2718 1558 2807 1610 ubi
2835 1562 3020 1626 paucis
3043 1562 3250 1629 aliquot
3282 1578 3373 1617 eo-

1816 1657 1937 1695 rum
1981 1643 2329 1704 testimoniis,
2344 1644 2436 1709 qui
2469 1648 2713 1698 omnium
2734 1661 2828 1699 ore
2846 1648 3208 1711 celebrantur,
3228 1668 3376 1706 sum-

125 1748 271 1806 μων
302 1736 507 1807 ἀνδρῶν
542 1738 882 1809 χρησάμενος
949 1741 1285 1811 μαρτυρίοις,
1322 1741 1381 1793 τὸ
1425 1741 1701 1796 κλεπτικδκ

1815 1748 2023 1801 maeque
2049 1741 2176 1787 sunt
2210 1734 2352 1801 apud
2372 1732 2592 1789 Graacos
2624 1736 2771 1803 ipsos
2792 1737 3231 1806 existimationis,
3256 1743 3375 1795 nul-

114 1823 424 1895 διελέγξας
456 1825 593 1893 εἶδος
620 1830 815 1889 αὐτῶν,
843 1830 1147 1901 ἀδιαφόροις
1170 1834 1281 1895 τοῖς
1312 1832 1520 1902 χρόνοις
1544 1850 1701 1887 κατα-

1815 1824 1867 1877 lo
1900 1831 2202 1893 temporum
2238 1825 2585 1887 discrimine,
2615 1841 2774 1880 suum
2820 1827 2949 1881 illud
2994 1844 3057 1882 ac
3096 1833 3370 1899 proprium

125 1916 447 1989 χρώμενος,
510 1921 600 1973 ἐπὶ
644 1921 713 1975 τὰ
760 1921 884 1993 ἑξῆς
937 1922 1221 1991 τρέψομαι.
1249 1942 1267 1973 ι
1330 1920 1492 1975 Ταῦθ’
1539 1923 1613 1987 ὡς
1652 1926 1709 1976 ἐν

120 2012 454 2081 ’προοιμίοις
478 2012 674 2083 φήσας,
729 2015 851 2077 τοὺς
879 2013 1129 2083 ἐλέγχους
1156 2015 1281 2085 ἑξῆς
1329 2015 1542 2083 ἐπάγει,
1573 2030 1709 2067 παν.

122 2100 321 2163 τοίαις
348 2102 677 2173 κεχρημένος
698 2102 1018 2167 ἀποδείξεσι,
1054 2101 1145 2154 καὶ
1185 2102 1432 2173 πρώτους
1476 2121 1536 2171 γε
1587 2106 1709 2166 τοὺς

123 2190 375 2260 ποιητὰς
408 2191 474 2242 τὰ
502 2190 651 2262 παρὰ
670 2191 776 2243 τῶν
803 2192 1002 2261 ὁμοίων
1052 2192 1391 2259 κεκλοφέναι,
1417 2194 1503 2245 διὰ
1535 2210 1708 2263 παρα-

120 2278 346 2348 θέσεως
364 2282 469 2335 τῶν
496 2281 722 2336 ἑκάστου
754 2282 941 2351 φωνῶν
988 2283 1217 2336 εὐθύνει.
1273 2279 1383 2335 Εἶθ’
1408 2283 1532 2353 ἑξῆς
1587 2286 1705 2336 ἐπι-

120 2366 291 2438 λέγει
322 2372 512 2425 ταῦτα’
545 2392 563 2423 ι
610 2371 695 2436 Ὠς
722 2374 851 2443 μηδέ
880 2375 1099 2444 ἄμοιρον
1145 2375 1243 2444 τήν
1270 2390 1327 2425 τε
1374 2373 1704 2441 φιλοσοφίαν,

124 2464 244 2531 τήν
268 2480 325 2515 τε
352 2464 609 2533 ἱστορίαν,
638 2463 773 2517 ἀλλὰ
804 2464 937 2534 μηδέ
975 2464 1071 2535 τὴν
1092 2464 1380 2535 ῥητορικὴν
1407 2464 1498 2517 τοῦ
1522 2465 1703 2533 ὁμοίου

124 2552 370 2623 ὶλέγχου
414 2554 760 2624 περιίδωμεν,
808 2554 1134 2607 καὶτούτων
1164 2555 1317 2622 ὀλίγα
1367 2555 1704 2623 παραθέσθαι

126 2642 416 2713 εὔλογον.»
484 2641 595 2697 Εἶτ’
626 2644 929 2707 ἀκολούθως
991 2645 1249 2714 Ὀρφέως,
1318 2645 1664 2713 Ἡρακλείτου
1686 2685 1700 2706 ,

127 2734 445 2801 Πλάτωνος,
480 2734 817 2805 Πυθαγόρου,
852 2734 1151 2805 Ἡροδότου,
1182 2735 1519 2805 Θεοπόμπου,
1564 2735 1701 2787 Θου-

127 2826 379 2888 κυδίδου,
443 2826 829 2897 Δημοσθένους,
887 2827 1158 2896 Αἰσχίνου,
1210 2828 1427 2890 Λυσίου,
1475 2827 1702 2896 Ἰσοκρά-

126 2932 284 2980 τους,
316 2916 518 2987 μυρίων
539 2916 710 2969 ἄλλων
749 2917 1124 2986 παρατίθησιν,
1182 2910 1257 2969 ὧν
1314 2917 1559 2988 περιττὸν
1600 2918 1699 2986 ἐμὲ

129 3005 458 3073 καταλέγειν
509 3006 605 3071 τὰς
655 3005 853 3073 φωνὰς,
909 3005 1268 3075 προκειμένης
1328 3006 1425 3076 τῆς
1480 3005 1698 3075 τάνδρὸς

127 3099 377 3167 γραφῆς,
409 3091 525 3168 ἐνῇ
576 3096 711 3166 μετὰ
767 3097 890 3158 τοὺς
942 3096 1190 3165 ἐλέγχους
1238 3096 1344 3149 τῶν
1398 3099 1698 3166 εἰρημένων

126 3188 310 3241 ταῦτα
336 3186 493 3239 πάλιν
520 3188 699 3257 φησιν·
740 3205 758 3237 t
780 3188 843 3238 Ai
873 3187 968 3257 μὲν
998 3184 1089 3239 οὖν
1136 3187 1265 3239 ίδέαι
1291 3190 1388 3257 τῆς
1418 3190 1556 3241 κατὰ
1585 3189 1697 3241 διά-

128 3295 285 3334 νοιαν
328 3278 639 3347 Ἑλληνικῆς
674 3276 878 3345 κλοπῆς
907 3279 984 3339 είς
1014 3277 1333 3346 ὑπόδειγμα
1364 3280 1588 3347 ἐναργὲς
1615 3281 1691 3350 τῷ

125 3369 320 3441 διορᾷν
348 3368 624 3438 δυναμένῳ
672 3366 865 3420 τοιαίδε
899 3362 1074 3429 οὖσαι,
1107 3368 1222 3429 ἆλις
1252 3368 1515 3423 ἔστωσαν.
1558 3370 1690 3440 Ἤδη

126 3460 193 3515 δὲ
218 3462 277 3512 οὐ
308 3460 403 3522 τὰς
434 3458 663 3520 διανοίας
700 3459 853 3526 μόνον
905 3458 998 3509 καὶ
1029 3458 1126 3521 τὰς
1182 3458 1352 3523 λέξεις
1380 3459 1694 3527 ὑφελόμενοι

132 3552 233 3603 καὶ
284 3550 736 3620 παραφράσαντες
793 3544 1186 3623 ἐφωράθησαν,
1253 3547 1329 3611 ὡς
1384 3549 1693 3619 δειχθήσον-

131 3658 228 3696 ται
274 3642 370 3711 (5),
420 3640 716 3703 αὐτοτελῶς
765 3639 821 3691 δὲ
867 3640 935 3692 τὰ
987 3641 1188 3711 ἐτέρων
1244 3640 1577 3710 ὑφελόμενοι,
1621 3642 1695 3703 ὡς

133 3734 247 3788 ῐδια
272 3732 583 3802 ἐξήνεγκαν·
640 3731 883 3803 καθάπερ
933 3732 1278 3801 Εὑγράμμων
1320 3732 1392 3800 (4)
1426 3735 1453 3785 ὁ
1510 3735 1693 3803 Κυρη-

134 3828 287 3887 ναῖος
312 3825 374 3876 ἐκ
399 3823 664 3876 Μουσαίου
708 3836 772 3875 το
817 3818 937 3889 accpi
974 3824 1331 3889 Θεσπρωτῶν
1366 3822 1561 3891 βιὸλίον
1589 3824 1674 3876 ὁλό

135 3916 388 3987 κληρον.»
422 3910 585 3976 Αὖθις
606 3914 661 3966 δὲ
693 3912 896 3974 τούτοις
934 3910 1224 3978 ἐπαγαγὼν
1264 3911 1515 3975 πλείστας
1559 3914 1685 3967 ἀποο

134 4007 327 4071 δείξεις
358 4006 449 4060 τοῦ
481 4006 658 4073 λόγου,
718 4004 875 4057 πάλιν
915 4002 1176 4054 τελευτῶν
1209 4002 1525 4074 προστίθησι
1545 4004 1691 4056 τάδε’

142 4116 167 4151 ε
218 4096 507 4165 Ἐπιλείψει
542 4113 608 4167 με
641 4098 668 4148 ό
698 4094 807 4163 βίος
843 4093 937 4161 (5),
980 4094 1024 4143 εί
1072 4091 1192 4143 καθ’
1217 4088 1444 4145 ἕκαστον
1484 4092 1693 4155 ἐπεξιέ-

137 4206 227 4242 ναι
260 4187 558 4261 πειρῴμην,
592 4189 690 4259 τὴν
734 4183 1043 4255 Ἑλληνικὴν
1098 4182 1387 4250 διελέγχων
1441 4183 1693 4251 φίλαυτον

138 4280 362 4350 κλοπὴν,
395 4280 486 4332 καὶ⁹
536 4280 611 4343 ὡς
642 4277 1042 4347 σφετερίζονται
1063 4273 1159 4343 τὴν
1190 4271 1403 4342 εὕρεσιν
1430 4273 1537 4324 τῶν
1564 4276 1691 4343 παρ’

136 4374 317 4433 αὐτοῖς
345 4370 635 4423 καλλίστων
686 4368 983 4438 δογμάτων,
1019 4365 1081 4434 ἢν
1128 4363 1253 4431 παρ’
1288 4360 1441 4431 ἡμῶν
1471 4360 1693 4430 εἰλήφα-

140 4482 245 4517 σιν.
291 4463 426 4531 Ἤδη
447 4462 502 4514 δὲ
532 4462 591 4513 οὐ
624 4461 778 4531 μόνον
819 4455 1041 4527 ὑφαιρού
1052 4472 1197 4524 μενοι
1235 4453 1301 4504 τὰ
1329 4452 1569 4521 δόγματα
1599 4470 1693 4503 πα-

1816 1914 2029 1967 furandi
2061 1930 2230 1983 genus
2262 1930 2515 1984 arguero,
2542 1926 2654 1969 tum
2686 1917 2903 1972 demum
2936 1920 3002 1973 ad
3038 1935 3123 1982 ea,
3147 1936 3265 1990 quae
3286 1937 3373 1975 or-

1814 2002 1940 2056 dine
1991 2012 2418 2072 consequuntur,
2458 2019 2633 2058 meme
2701 2006 2814 2073 ipse
2864 2009 3185 2063 revocabo.»
3250 2007 3371 2063 Haec

1815 2094 1904 2147 ille
1937 2095 2090 2162 quasi
2123 2094 2402 2163 prazfatus,
2444 2104 2590 2148 certa
2624 2096 2875 2165 deinceps
2924 2108 3085 2168 atque
3120 2103 3266 2153 omni
3304 2117 3367 2155 ex

1814 2200 2009 2255 genere
2038 2184 2303 2239 furtorum
2340 2196 2651 2255 argumenta
2686 2186 2911 2254 profert,
2940 2190 3102 2243 ducto
3134 2206 3164 2244 a
3200 2192 3369 2257 poetis

1815 2278 1990 2337 initio,
2021 2292 2156 2345 quos
2179 2278 2405 2331 aliorum
2439 2288 2719 2347 poetarum
2754 2294 2943 2335 versus
2966 2292 3127 2351 atque
3150 2290 3367 2337 senten-

1812 2367 1915 2419 tias
1974 2366 2184 2422 furatos
2226 2384 2367 2429 esse,
2406 2384 2502 2421 sua
2548 2369 2814 2437 cujusque
2843 2372 3001 2424 verba
3039 2372 3179 2424 inter
3245 2386 3367 2426 sese

1812 2456 2167 2522 conferendo,
2208 2460 2421 2526 probat.
2474 2456 2619 2511 Tum
2663 2460 2734 2511 ita
2792 2462 3180 2529 prosequitur:
3225 2480 3245 2515 ι
3293 2462 3370 2519 Ne

1811 2550 2229 2619 pliilOSOphiam,
2264 2548 2464 2617 inquit,
2484 2557 2575 2601 aut
2602 2549 2905 2613 historiam,
2927 2561 3018 2604 aut
3046 2552 3213 2619 ipsam
3232 2570 3369 2623 quo-

1810 2656 1916 2710 que
1942 2641 2267 2695 rhetoricam
2306 2640 2407 2694 hac
2441 2640 2869 2708 reprehensione
2900 2658 3085 2698 carere
3112 2646 3235 2713 quis
3263 2662 3365 2715 pu-

1809 2740 1905 2795 tet,
1954 2742 2141 2784 verum
2182 2732 2367 2801 utique
2427 2731 2608 2797 fuerit,
2652 2748 2716 2787 ex
2769 2735 2835 2787 iis
2876 2735 3036 2788 etiam
3068 2737 3367 2805 disciplinis

1808 2822 2067 2875 nonnulla
2105 2821 2366 2889 proferre.
2408 2842 2427 2875 ι
2468 2823 2566 2879 Hic
2600 2823 2822 2893 Orphei,
2872 2823 3149 2892 Heracliti,
3185 2828 3362 2883 Plato-

1807 2911 1910 2975 nis,
1940 2910 2278 2981 Pythagorae,
2312 2911 2591 2979 Herodoti,
2617 2913 2969 2985 Theopompi,
3014 2915 3361 2988 Thucydidis,

1806 2998 2209 3065 Demosthenis,
2235 3000 2537 3065 Eschinis,
2571 3002 2765 3075 Lysiae,
2798 3004 3075 3074 Isocratis,
3106 3018 3159 3063 et
3182 3009 3362 3063 inﬂui-

1805 3103 1983 3149 torum
2012 3095 2243 3148 aliorum
2288 3096 2405 3149 loca
2446 3094 2590 3148 inter
2627 3110 2747 3150 sese
2776 3098 3088 3162 committit,
3126 3115 3359 3167 quorum

1800 3186 1960 3238 verba
2011 3186 2373 3254 subiungere,
2422 3186 2575 3253 plane
2605 3201 3061 3256 supervacaneum
3112 3190 3201 3253 sit,
3232 3206 3355 3245 eum

1800 3275 2041 3341 ipsorum
2086 3274 2379 3329 Clementis
2439 3277 2762 3344 scriptorum
2808 3278 2987 3345 quivis
3022 3281 3228 3348 copiam
3257 3281 3357 3336 ha-

1800 3364 1942 3417 heat.
1994 3362 2093 3416 Ubi
2120 3368 2431 3420 auctoribus
2459 3367 2566 3420 illis
2600 3361 2729 3421 fu’rti
2769 3369 3063 3432 convictis,
3092 3370 3195 3423 ista
3230 3370 3358 3425 sub-

1796 3452 1873 3504 dit
1903 3468 1916 3505 :
1959 3469 1977 3501 t
2021 3453 2195 3520 Atque
2249 3454 2361 3505 haec
2392 3454 2685 3520 furtorum,
2724 3455 2915 3523 inquit,
2948 3459 2990 3509 si
3027 3459 3351 3513 sententiam

1797 3551 2025 3609 spectes,
2056 3542 2195 3609 apud
2216 3540 2435 3597 Gnecos
2460 3545 2604 3596 varia
2632 3546 2786 3612 quasi
2803 3560 3019 3612 genera,
3044 3547 3091 3599 ei
3110 3549 3352 3615 quidem,

1797 3634 1889 3700 qui
1944 3635 2137 3687 mentis
2196 3635 2312 3689 acie
2359 3634 2685 3703 solertiaque
2735 3637 2945 3701 valeat,
2980 3641 3245 3695 evidentis
3290 3656 3354 3696 ac.

1796 3724 2067 3778 manifesti
2099 3726 2327 3794 exempli
2356 3742 2519 3780 causa
2554 3728 2687 3782 satis
2718 3737 2897 3783 erunt.
2936 3727 3053 3783 Jam
3085 3746 3214 3785 vero
3245 3749 3351 3789 non

1807 3812 1986 3871 solas,
2036 3820 2095 3865 ut
2128 3826 2155 3863 a
2191 3814 2346 3865 nobis
2386 3814 2717 3877 ostendetur,
2757 3817 3050 3870 sententias
3090 3808 3357 3889 vocesque

1806 3899 2050 3954 suifurati
2081 3909 2230 3963 sunt,
2251 3908 2341 3954 aut
2370 3902 2717 3971 interpretum
2750 3920 2895 3958 more
2931 3904 3105 3960 fusius
3133 3908 3352 3979 elocuti,

1806 3990 1898 4044 sed
1930 3991 2101 4043 aliena
2130 3992 2291 4043 etiam
2319 4006 2480 4059 opera
2514 4009 2611 4060 pro
2642 3993 2776 4054 suis,
2817 4009 2977 4062 quam
3011 3996 3167 4061 longa
3203 4006 3351 4061 sunt,

1802 4078 2019 4131 edidere
2046 4096 2057 4129 :
2082 4086 2139 4131 ut
2172 4076 2533 4146 EugrammOn
2580 4080 2669 4132 ille
2691 4080 3001 4146 Cyrenaeus,
3034 4083 3124 4150 qui
3152 4081 3353 4139 Musao

1802 4164 2098 4219 detractum
2127 4164 2373 4218 volumen
2416 4167 2477 4219 de
2510 4166 2799 4236 Thesproti:
2837 4169 3101 4238 integrum
3132 4174 3353 4228 nomine

1802 4254 2040 4322 vulgavit
2061 4269 2179 4308 suo.
2209 4274 2225 4304 ι
2251 4253 2402 4320 Quod
2428 4257 2539 4324 ipse
2563 4266 2909 4327 posteaquam
2938 4262 3124 4314 multis
3154 4265 3349 4317 confir-

1803 4354 2005 4398 matum
2028 4360 2090 4397 ac
2116 4354 2366 4399 testatum
2396 4348 2653 4415 exemplis
2686 4350 2932 4417 reliquit,
2957 4352 3021 4404 ad
3046 4363 3345 4407 extremum

1803 4435 1873 4487 ita
1901 4435 2206 4487 concludit:
2242 4455 2260 4486 ι
2302 4435 2414 4489 Vita
2440 4453 2520 4492 me
2546 4438 2775 4501 deficiat,
2803 4441 2993 4509 inquit,
3020 4443 3063 4495 si
3088 4444 3345 4511 quidquid

140 4512 1084 4629 τῶνβαρὸάρωνδιελέγχονταί,
1138 4544 1271 4598 ἀλλὰ
1325 4512 1683 4612 καίπροσέτι

1808 4527 1902 4586 illi,
1936 4526 2059 4579 dum
2092 4541 2210 4579 sese
2237 4527 2457 4579 nimium
2490 4540 2692 4593 amant,
2721 4528 2918 4583 furtive
2943 4533 3345 4629 surripuerunt,

138 4642 659 4717 δπομιμούμενοιτὰ
712 4643 1011 4711 παρ’-ἡμῖν,
1038 4636 1239 4690 ἄνωθεν
1277 4636 1341 4687 ἐκ
1391 4638 1487 4705 τῆς
1538 4634 1684 4695 θείας
1751 4674 1755 4678 .

138 4738 413 4806 δυνάμεως
435 4732 519 4786 διὰ
548 4732 654 4784 τῶν
677 4732 839 4799 ἁγίως
872 4732 1201 4801 βεϐιωκότων
1241 4728 1319 4790 είς
1364 4726 1458 4796 τὴν
1493 4726 1684 4795 ήμετέο

214 4868 291 4938 (1)
324 4868 458 4924 Καθ’
493 4866 523 4921 ὅ
546 4868 1000 4938 σημαινόμενον.
1034 4864 1217 4938 βιαίῳ
1246 4862 1330 4915 hic
1352 4860 1679 4938 subhorrida

141 4932 291 5000 sunt,
315 4952 413 4993 nec
440 4932 849 5003 tamen’opinor,
882 4949 910 4987 a
941 4934 1097 5003 genio
1123 4932 1415 5003 Clementis
1450 4932 1623 5003 aliena
1656 4948 1667 4982 :

142 5009 257 5061 vult
278 4998 439 5071 enim,
470 5008 569 5060 hoc
600 4998 806 5077 tantum
834 4998 1013 5077 sensu,
1037 5011 1309 5077 quatenus
1342 5001 1395 5053 in
1425 4998 1673 5077 profano-

139 5091 263 5130 rum
288 5067 665 5144 cogitationum
694 5073 827 5127 lucis
852 5067 1135 5144 aliquid—ex
1167 5067 1681 5144 divinoruni_i.iltro-

140 5160 265 5199 rum
297 5138 437 5199 fonte
469 5144 803 5206 redundavit,
828 5140 894 5193 ad
923 5138 1138 5194 eosdem
1170 5141 1416 5193 furtivam
1446 5138 1679 5204 aliquam

142 5214 383 5266 veritatis
413 5214 725 5279 particulam
757 5210 1079 5280 pervenisse.
1191 5277 1201 5280 _
1386 5232 1389 5237 λ

220 5281 291 5348 (2)
338 5276 1349 5350 ἘκδεχόμενοιίΗοιιονοερηιμῇιιηςε
1406 5290 1526 5331 cum
1574 5276 1680 5350 άπ-

142 5346 435 5417 ιδείξαμεν,
466 5346 835 5403 adverbialiter
859 5348 997 5399 enim
1030 5347 1168 5399 sumi
1198 5346 1430 5404 videtur,
1459 5358 1553 5412 pro
1584 5348 1681 5412 ἐφ-

145 5417 667 5491 ιξῆςίξιδεχρμένῳς,
707 5428 795 5470 aut
825 5417 981 5491 simil.
1065 5482 1077 5491 _
1312 5481 1325 5491 _
1574 5480 1584 5491 .

221 5481 289 5555 (3)
326 5481 867 5552 Ὡςίδὲιχθήσονται.
909 5483 1032 5537 Post
1065 5482 1175 5555 ᾔτεε
1201 5481 1399 5555 verba,
1436 5481 1679 5555 sequitur

154 5550 284 5626 apud
312 5550 569 5609 Clementi
606 5550 767 5609 τᾶλλά
797 5555 899 5623 γὰρ
932 5555 1022 5604 καὶ
1052 5553 1117 5602 τὰ
1142 5550 1318 5617 φώρια
1336 5550 1675 5668 ,ὰῄντικριὺςό-

154 5625 373 5668 Manm
406 5624 611 5668 Evovrz:
653 5622 1099 5668 ὃιελενθί-σονται·
1148 5621 1439 5668 αὑτοτελως
1473 5634 1505 5668 γ
1551 5634 1579 5668 o
1615 5616 1675 5667 τὰ

154 5616 373 5695 λόκληρα
406 5624 611 5693 ἔχοντες
653 5616 1099 5691 διελεχθῆσονται’
1148 5616 1439 5679 αὐτοτελῶς
1473 5616 1579 5685 γὰρ
1615 5616 1677 5667 τὰ

157 5697 284 5752 ἐτέρ.
312 5703 411 5748 etc.

219 5713 680 5831 ἓῒῖφάμμων.
711 5760 967 5813 Clementi
998 5758 1246 5823 εὐγὰμων
1275 5756 1495 5821 dicitur,
1520 5756 1670 5809 iteru-

1800 4630 2067 4683 exponere
2093 4616 2362 4684 sigillatim
2392 4627 2443 4669 et
2476 4632 2768 4687 coarguere
2807 4594 3041 4675 volneri)
3066 4639 3081 4674 :
3113 4636 3212 4675 nec
3240 4640 3345 4677 non

1801 4713 1854 4757 ut
1874 4704 2227 4771 pulcherrima
2243 4705 2877 4777 quaequedogmata,qu2e
2896 4710 3093 4763 anobis
3113 4710 3344 4777 primum

1802 4868 1902 4918 que
1926 4852 2063 4918 apud
2096 4851 2383 4905 Eusebium
2420 4864 2663 4909 nostrum
2692 4857 2745 4909 in
2771 4856 3025 4911 Chronico
3044 4898 3057 4915 .
3102 4859 3191 4915 ubi
3220 4875 3342 4914 eum

1801 4923 1909 4998 sub
1941 4920 2250 4998 Olympiade
2281 4937 2373 4973 Llll
2407 4926 2703 4998 constituit.
2733 4922 2877 4983 ,Nam
2913 4925 3204 4998 Gregorius
3241 4928 3345 4998 Gy-

1806 4990 1916 5062 rald
1968 4989 2192 5062 I)ialogo_
2213 4989 2274 5041 de
2296 4999 2427 5062 poet:
2476 4993 2529 5054 3,
2574 4990 2913 5062 Clementem
2948 4989 3344 5062 Eusebiumque

1799 5056 2051 5117 laudans,
2086 5056 2358 5124 antiquam
2404 5058 2539 5114 forte
2564 5061 2847 5113 Eusebiani
2878 5060 3121 5116 Chronia'
3150 5056 3340 5117 editio-

1798 5142 1917 5179 nem
1960 5135 2208 5185 secutus,
2250 5127 2584 5195 Eugamnum
2610 5167 2625 5188 ,
2668 5139 2958 5194 corrupto,
3000 5144 3057 5185 ut
3095 5135 3338 5189 videtur.

1796 5195 2013 5275 nomine
2042 5196 2343 5275 appellavit.
2376 5195 2490 5275 lion
2522 5211 2648 5275 ergo
2680 5195 2813 5265 fugit
2857 5199 2942 5253 hic
2992 5204 3219 5275 scriptor
3247 5202 3341 5256 hoc

1797 5263 1957 5337 minis
1982 5264 2331 5317 oculatissimi
2361 5263 2714 5337 diligentiam,
2744 5263 2801 5317 ut
2834 5272 3043 5336 putavit
3076 5263 3335 5337 Scaliger.

1794 5330 1841 5403 l_s
1868 5346 2031 5403 porro
2060 5347 2163 5385 non
2191 5343 2395 5403 tantum
2428 5329 2730 5403 Thesprotia
2765 5329 3014 5403 scripsit,
3042 5338 3131 5389 sed
3174 5329 3337 5393 etiam

1797 5397 2142 5467 Telegonium,
2177 5410 2229 5453 ut
2263 5402 2485 5453 habetur
2519 5402 2570 5453 in
2606 5403 2726 5454 eod.
2764 5397 3039 5461 Chronico.
3069 5406 3208 5459 sicut
3235 5407 3339 5461 Ho-

1793 5484 1976 5539 merth
2007 5468 2294 5537 Ulysseam,
2319 5467 2600 5522 zEneidem
2634 5470 2905 5539 Virgilius,
2935 5473 3024 5524 alii
3058 5476 3160 5529 alia
3192 5492 3203 5525 ε
3237 5479 3337 5531 nisi

1793 5536 2260 5614 pro‘Teleggniam,
2286 5539 2441 5593 malis
2472 5536 2837 5610 Theogoniam,
2856 5541 2998 5610 quod
3026 5542 3079 5595 in
3113 5552 3337 5614 antiqua

1790 5606 2247 5660 editione’fuerat.

1862 5677 1936 5745 (ὃ)
1963 5676 2373 5753 με
2396 5679 2853 5753 dﬁioc.‘i§§3tant
2884 5684 3165 5750 sequentia
3192 5686 3333 5753 apud

1791 5744 2047 5805 Clamat.
2076 5744 2192 5799 eod.
2226 5746 2315 5803 lib.
2350 5764 2422 5811 vt,
2449 5763 2569 5815 pag.
2600 5748 2751 5802 255.
