3994 6340
717 371 806 424 771

1366 369 1632 426 EUSEBII
1669 368 2140 426 CKESARIENSIS
2172 370 2319 427 OPP.
2354 373 2540 428 PARS
2567 372 2630 426 11.
2671 381 2738 414 -'-
2773 364 3259 426 APOLOGETICA.
3783 372 3865 428 7-72

713 482 1002 537 constituta
1034 493 1399 550 sumpserunt,
1436 499 1534 551 pro
1560 484 1676 538 suis
1705 493 1885 552 postea
1907 483 2248 539 venditarint.

2360 505 2450 558 ραν
2478 487 2806 557 ἐπιστροφὴν
2838 473 3563 556 παραδόξωςένεργούμενα,
3621 484 3867 556 Ἐλληνικῇ

712 570 872 642 463
906 571 1055 624 Nunc
1092 588 1217 624 vero
1267 588 1371 626 non
1425 574 1559 627 satis
1593 574 1691 642 ipsi
1747 575 2094 629 barbarorum
2135 591 2260 629 sen-

715 663 912 716 tentias
937 662 1390 731 palamsuﬂ'urari
1437 663 1778 724 habuerunt;
1831 665 1924 718 sed
1956 665 2114 717 etiam
2172 679 2257 716 res

714 754 948 805 aemulati
988 767 1231 814 nosuas,
1276 768 1394 820 qua:
1425 754 1597 806 nostri
1629 752 1908 806 erudiendi
1952 769 2117 807 causa
2153 752 2258 804 viri

717 844 1081 909 sanctissimi,
1133 858 1294 911 supra
1328 857 1668 897 communem
1706 844 1982 897 hominum
2048 843 2260 911 opinio-

716 947 860 997 nem,
888 934 1067 986 divina
1091 935 1139 986 vi
1171 943 1318 987 tanto
1349 943 1472 987 ante
1495 935 1846 1002 perfecerant,
1872 950 1932 988 ea
1950 934 2257 988 Graecarum

715 1021 1020 1076 fabularum
1069 1025 1326 1079 monstris
1376 1024 1682 1078 induerunt.
1715 1023 2023 1085 Enimvero,
2055 1038 2258 1091 quaere-

717 1126 838 1166 mus
859 1127 924 1166 ex
954 1113 1039 1177 iis,
1064 1129 1264 1166 verane
1286 1114 1391 1167 sint
1418 1130 1484 1166 an
1519 1114 1647 1167 falsa
1686 1130 1804 1182 quae
1842 1122 2079 1166 narrant.
2102 1112 2255 1166 Falsa

715 1203 903 1269 utique
931 1217 1203 1270 nunquam
1236 1218 1354 1256 esse
1379 1203 1647 1263 dixerint;
1680 1218 1777 1256 nec
1806 1203 1949 1255 enim
1993 1203 2256 1257 sententia

715 1307 815 1345 sua
839 1301 996 1345 tanta:
1036 1308 1092 1345 se
1133 1293 1205 1344 illi
1242 1287 1478 1345 stultitiae
1517 1293 1920 1354 damnaverint,
1979 1302 2035 1345 ut
2065 1294 2160 1346 abs
2201 1307 2258 1346 se

714 1379 852 1435 falsa
885 1383 1047 1435 scribi
1078 1381 1359 1435 fateantur.
1421 1381 1555 1435 Vera
1596 1383 1755 1452 igitur
1786 1384 1872 1435 illa
1918 1399 2037 1436 esse
2077 1381 2259 1436 defen~

706 1471 858 1525 dent.
895 1472 1001 1525 Cur
1026 1486 1173 1540 ergo,
1209 1487 1326 1539 qua:
1355 1488 1384 1524 a
1426 1471 1605 1540 Moyse
1645 1473 2027 1541 pmphetisque
2043 1473 2256 1526 caeteris

705 1561 854 1616 edita
885 1563 1139 1616 miracula
1172 1575 1314 1627 sunt,
1344 1563 1502 1616 fidem
1549 1564 1653 1617 illis
1699 1566 1874 1616 adhuc
1916 1579 2129 1617 omnem
2169 1580 2260 1616 su-

706 1666 902 1720 perare
949 1653 1267 1705 videantur?
1300 1652 1433 1706 Nam
1483 1663 1780 1721 praepotens
1820 1655 1906 1707 ille
1935 1653 2075 1707 Deus
2099 1693 2116 1717 ,
2163 1669 2258 1721 pro

711 1759 777 1798 ea
824 1759 929 1812 qua
981 1745 1225 1798 homines
1279 1744 1560 1797 universos
1614 1760 1741 1796 cura
1787 1744 2258 1812 benevolentiaque

709 1836 1103 1903 complectitur,
1141 1837 1309 1904 jussis
1342 1837 1512 1897 alios,
1544 1837 1679 1889 alios
1730 1835 2254 1902 comminationibus,

708 1925 970 1993 prodigiis
1011 1926 1172 1977 etiam
1218 1925 1577 1993 monstrisque
1615 1926 1902 1978 nonnullos
1931 1967 1946 1988 ,
1993 1927 2256 1993 quosdam

708 2029 842 2068 vero
871 2014 1081 2068 blandis
1113 2006 1558 2083 promissionibus
1575 2016 1647 2068 ad
1667 2016 2043 2084 eogitatlonem
2071 2018 2259 2072 salutis

717 2110 952 2164 adducit.
985 2110 1156 2164 Grzeei
1195 2112 1498 2174 enimvero,
1549 2125 1670 2163 cum
1703 2111 2041 2163 diuturniore
2086 2125 2260 2178 quon-

706 2200 839 2252 -dam
883 2211 1015 2253 aestu
1052 2198 1254 2252 Graecia
1304 2201 1505 2267 passim
1554 2200 1814 2253 exhausta
1865 2201 2168 2269 squaleret,
2209 2211 2262 2255 et

712 2290 874 2358 longa
900 2288 1111 2357 frugum
1139 2289 1379 2342 omnium
1423 2289 1596 2342 inedia
1628 2299 1992 2356 premeretur,
2038 2293 2130 2359 qui
2164 2308 2260 2344 su—

711 2380 964 2448 perstites
991 2380 1166 2432 adhuc
1199 2391 1370 2442 erant,
1406 2378 1585 2443 famis,
1623 2381 1894 2448 inquiunt,
1939 2382 2258 2450 depellendae

709 2484 900 2530 causa,
933 2468 1159 2536 Delphos
1191 2470 1456 2537 supplices
1506 2471 1705 2524 adiere.
1761 2469 1874 2536 llis,
1906 2473 2258 2540 quemadmoa

716 2561 843 2613 dum
872 2571 1017 2614 tanto
1049 2561 1190 2613 malo
1215 2560 1652 2630 defungeremur,
1673 2563 2256 2624 consulentibus,viam

717 2651 856 2703 hanc
888 2665 1045 2702 unam
1085 2649 1272 2719 Pythia
1306 2651 1543 2705 levanda:
1579 2653 1912 2706 calamitatis
1938 2657 2175 2721 aperuit,
2213 2655 2257 2708 si

716 2737 870 2792 Aiaci
893 2740 1138 2806 precibus
1177 2749 1472 2796 uterentur.
1505 2740 1711 2805 Quibus
1745 2743 1831 2796 ille
1863 2745 2256 2806 obsecundans,

716 2828 947 2896 aliquem
977 2827 1030 2880 in
1060 2827 1277 2881 Graeciae
1312 2837 1549 2882 montem
1587 2832 1898 2884 conscendit
1947 2833 2124 2901 ibique
2157 2849 2258 2901 pu-

717 2919 794 2972 ris
827 2919 880 2971 in
918 2919 1110 2979 coelum
1145 2919 1391 2972 manibus
1414 2920 1662 2984 sublatis,
1694 2937 2031 2975 communem
2067 2923 2256 2988 Deum,

718 3011 794 3064 uti
824 3026 946 3064 eum
977 3010 1195 3079 perdita:
1216 3009 1432 3064 Graeciae
1463 3011 1863 3065 commiseratio
1880 3021 2124 3080 caperet,
2161 3013 2259 3064 oh-

2360 579 2649 648 μυθολογίᾳ
2692 577 2764 646 (6)
2823 577 3244 647 τερατευόμενοι.
3305 577 3411 628 Καὶ
3455 577 3539 646 δὴ,
3594 579 3870 647 πευσόμεθα

2356 669 2462 738 γὰρ
2488 669 2683 730 αὐτῶν,
2711 669 2827 736 ἦτοι
2854 666 3022 736 ἀληθῆ
3051 666 3220 718 ταῦτά
3246 667 3407 729 ἐστιν,
3447 666 3483 719 ἃ
3518 667 3820 737 ἱστοροῦσιν,
3845 668 3866 736 ἦ

2356 759 2541 828 ψευδῆ.
2586 760 2763 828 ιΡέυδῆ
2799 760 2894 828 μὲν
2923 761 3020 812 οὐκ
3051 761 3115 813 ἂν
3140 760 3378 828 φήσαιενο
3424 759 3484 809 οὐ
3517 759 3622 828 γάρ
3648 757 3708 810 ἂν
3733 776 3867 812 κατα-

2355 849 2673 918 ψηφίσαιντο
2703 850 2904 902 ἑαυτῶν
2924 850 3133 912 ἐκόντες
3152 850 3248 918 τὴν
3278 849 3534 917 μεγίστην
3556 847 3808 916 εὐήθειαν,
3827 849 3870 899 τὸ

2356 939 2519 1008 ψευδῆ
2550 939 2892 1008 συγγράφειν·
2935 938 3104 1008 ἀληθῆ
3132 938 3174 994 δ’
3205 934 3338 989 εἶναι
3370 936 3428 1000 ἐξ
3460 937 3696 1005 ἀνάγκης
3720 938 3872 1007 ὁμολο-

2356 1029 2598 1096 γήσαιεν.
2635 1027 2743 1079 Καὶ
2770 1026 2884 1089 πῶς
2927 1027 3004 1079 ἔτι
3048 1027 3245 1079 ἄπιστα
3299 1025 3478 1086 αὐτοῖς
3523 1025 3872 1091 καταφαίνεται

2357 1117 2516 1170 τάδιά
2540 1118 2798 1178 Μωσέως,
2845 1118 2936 1170 καὶ
2962 1116 3068 1170 τῶν
3105 1117 3271 1170 ἄλλων
3295 1117 3582 1187 προφητῶν
3609 1117 3873 1184 τεραστίως

2356 1209 2792 1279 ἐπιδεδειγμένα;
2831 1207 3046 1260 Πάντων
3068 1208 3172 1276 γὰρ
3201 1205 3496 1276 ἀνθρώπων
3544 1207 3572 1257 ὁ
3603 1205 3872 1273 παντοκρά-

2354 1319 2466 1371 τωρ
2497 1300 2784 1370 κηδόμενος
2818 1300 2966 1362 Θεὸς,
2992 1300 3113 1360 τοὺς
3137 1299 3232 1367 μὲν
3258 1298 3511 1358 ἐντολαῖς,
3533 1296 3658 1357 τοὺς
3682 1295 3726 1346 δ’
3743 1296 3873 1347 ἀπει-

2354 1391 2492 1454 λαῖς,
2531 1391 2640 1443 ἔστι
2673 1392 2715 1444 δ’
2732 1389 2824 1454 οὓς
2847 1389 3086 1462 σημείοις
3118 1388 3430 1459 τεραστίοις,
3454 1385 3695 1447 ἐνίουςδὲ
3721 1385 3874 1452 quia;

2358 1483 2699 1549 ἐπαγγελίαις
2730 1483 3039 1553 ἐπιστρέφει
3071 1481 3205 1553 πρὸς
3233 1481 3518 1549 σωτηρίαν.
3553 1479 3692 1548 Πλὴν
3719 1478 3819 1530 ἀλλ’
3835 1477 3873 1528 oi

2362 1573 2631 1642 Ἕλληνες,
2663 1574 2869 1642 αὐχμοῦ
2923 1589 3049 1625 ποτε
3113 1573 3210 1640 τὴν
3271 1569 3492 1623 Ἐλλάδα
3546 1568 3874 1639 πολυχρονίως

2358 1664 2682 1734 φθείροντος,
2713 1665 2805 1716 καὶ
2839 1665 3132 1733 ἐπεχούσης
3157 1662 3374 1729 ἀγονίας
3405 1659 3646 1730 καρπῶν,
3669 1661 3716 1711 οἱ
3742 1669 3875 1711 κατα-

2357 1755 2677 1822 λειφθέντες,
2710 1755 2857 1822 φασὶ,
2883 1754 2968 1806 διὰ
2999 1753 3150 1822 λιμὸν
3177 1746 3347 1804 ἱκέται
3367 1750 3784 1819 παραγενόμενοι
3811 1751 3875 1809 εἰς

2353 1845 2604 1913 Δελφοὺς,
2631 1839 2821 1914 ἦροντο
2875 1842 2969 1912 τὴν
3031 1843 3248 1903 Πυθίαν,
3283 1838 3396 1902 πῶς
3449 1840 3515 1892 ἂν
3547 1840 3872 1905 ἀπαλλαγεῖεν

2353 1931 2442 1982 τοῦ
2475 1930 2664 1982 δεινοῦ.
2703 1931 2843 1982 Μίαν
2902 1930 2944 1981 δ’
2971 1929 3150 1989 αὐτοῖς
3203 1929 3426 1998 ἔχρησεν
3466 1929 3774 1998 ἀπαλλαγὴν
3799 1928 3873 1994 τῆς

2357 2023 2655 2091 συμφορᾶς,
2687 2023 2734 2072 εί
2758 2023 3049 2090 χρήσαιντο
3079 2023 3142 2088 τῇ
3195 2018 3392 2071 Δία.κοῦ
3443 2019 3595 2087 εὐχῇ.
3657 2017 3873 2078 Πεισθεὶς

2355 2107 2445 2163 οὗν
2475 2112 2651 2172 αὐτοῖς
2682 2108 2896 2172 Αἰακὸς,
2947 2108 3176 2162 ἀνελθὼν
3209 2110 3298 2160 ἐπὶ
3321 2109 3380 2159 τὸ
3409 2105 3532 2178 ὅρος
3561 2108 3624 2158 ’τὸ
3667 2107 3875 2176 Ἐλληνι-

2357 2202 2469 2264 κὺν,
2508 2203 2603 2265 τὰς
2625 2202 2868 2274 καθαρὰς
2905 2205 3088 2271 χεῖρας
3138 2201 3380 2262 ἐκτείνας
3423 2201 3502 2262 είς
3531 2199 3767 2269 οὐρανὸν,
3791 2217 3875 2250 κοι·

2356 2292 2442 2344 νὺν
2475 2292 2792 2354 ἐπικαλέσας
2847 2291 3052 2358 πατέρα
3089 2291 3179 2342 τὸν
3237 2291 3388 2352 Θεὸν,
3421 2290 3617 2360 ηὔξατο
3643 2291 3875 2356 οἰκτεῖραι
3964 2279 3965 2312 ἶ

2356 2381 2512 2432 αὑτὸν
2544 2379 2949 2449 τετρυχωμένην
2981 2378 3076 2448 τὴν
3110 2377 3348 2430 Ἐλλάδα.
3397 2379 3544 2447 ’Ἅμα
3575 2379 3632 2430 δὲ
3682 2377 3875 2447 εὐχομέ-

2357 2489 2469 2533 νου,
2523 2470 2713 2540 βροντὴ
2769 2469 2996 2532 ἐξαίσιος
3049 2468 3487 2532 ὑπεκτύπει,καὶ
3517 2471 3623 2532 πᾶς
3670 2471 3696 2521 ὁ
3738 2464 3876 2538 πέριξ

2358 2552 2463 2631 ἀὴρ
2492 2559 2759 2627 ἐνεφοῦτρσ
2783 2558 2969 2629 λάὸβι
2998 2559 3052 2610 δέ
3082 2561 3175 2610 καὶ
3204 2554 3437 2628 συνεχεῖς
3469 2559 3679 2628 ὄμϐροι,
3701 2561 3876 2628 καταρ-

2359 2650 2630 2720 ῥαγέντες,
2675 2649 2799 2719 ὃλην
2854 2649 3166 2719 ἐπλήρωσαν
3210 2649 3305 2718 τὴν
3367 2650 3562 2720 χώραν.
3629 2647 3876 2701 Ἐντεῦθεν

2357 2739 2582 2807 ἄφθονος
2623 2741 2715 2811 καὶ
2761 2739 2984 2791 πλουσία
3030 2740 3424 2810 τελεσφορεῖται
3480 2735 3744 2808 εὐκαρπῖα
3780 2742 3877 2800 ταῖς
3964 2783 3965 2804 ἦ

2355 2831 2556 2884 Αἰακοῦ
2602 2832 2972 2900 γεωργηθεῖσα
3016 2833 3218 2900 εὐχαῖς.
3281 2832 3427 2883 «Καὶ
3471 2831 3833 2889 ἐπεκαλέσατο,
3859 2847 3874 2878 ι

3412 2921 3504 2974 καὶ
3575 2920 3733 2973 ἔδωκε
3790 2917 3879 2972 Κύ-
3964 2921 3965 2972 ξ

2357 2921 2523 2989 φησὶ,
2581 2939 2599 2970 ι
2648 2920 2893 2990 Σαμουὴλ
2948 2921 3037 2972 τὸν
3102 2920 3334 2990 Κύριον,

2359 3027 2469 3082 ριος
2498 3009 2696 3077 φωνὰς,
2724 3010 2813 3063 καὶ
2841 3003 2989 3062 ὑετὸν
3019 3012 3074 3063 ὲν
3127 3011 3304 3081 ἡμέρᾳ,
3362 3011 3634 3081 θερισμοῦ.
3685 3032 3702 3062 ι
3722 3013 3877 3084 Ὁρᾷς,
3964 3031 3965 3034 η

712 3102 962 3156 secravit.
1001 3099 1258 3154 Precibus
1284 3100 1371 3152 ille
1414 3101 1541 3153 dum
1602 3102 1844 3165 instaret,
1877 3103 2064 3169 ingens
2117 3102 2258 3155 illico

2360 3102 2439 3154 ἂτι
2475 3104 2503 3153 ὁ
2535 3100 2779 3170 (βρέχων
2823 3096 2918 3152 ’ἐπὶ
2970 3101 3203 3163 δικαίους
3235 3102 3343 3154 καῖ
3375 3102 3584 3166 ἀδίκους
3649 3103 3731 3157 διὰ
3796 3104 3881 3157 τῶν

711 3193 916 3245 tonitru
945 3191 1207 3253 exaudiri,
1246 3191 1476 3245 nubibus
1518 3191 1722 3244 circum
1783 3191 2018 3258 undique
2067 3191 2260 3245 obduci

716 3281 937 3340 cmlum,
969 3281 1229 3333 innnensa
1265 3280 1626 3347 continuaque
1675 3280 1755 3332 vis
1801 3279 2051 3332 imbrium
2104 3289 2256 3333 vasto

714 3361 918 3440 impetu
952 3371 1219 3439 regionem
1261 3368 1562 3423 universam
1606 3369 1885 3424 inundare.
1935 3369 2060 3422 Inde
2108 3370 2259 3423 beata

719 3463 910 3516 messis
938 3463 1223 3522 exsistens,
1251 3459 1402 3516 Eaci
1427 3461 1568 3515 culta
1615 3471 1832 3530 sataque
1864 3463 2109 3530 precibus
2128 3496 2141 3523 ,
2194 3462 2260 3513 ad

718 3549 892 3602 laetam
922 3551 1279 3603 maturitatem
1334 3551 1657 3619 perducitur.
1695 3569 1713 3601 ι
1751 3550 2012 3604 Nimirum
2038 3592 2051 3613 ,
2089 3551 2263 3617 inquit

719 3642 1029 3710 Scriptura,
1087 3643 1354 3696 invocavit
1400 3640 1616 3696 Samuel
1657 3641 1960 3703 Dominum,
2014 3641 2262 3708 deditque

722 3730 979 3784 Dominus
1009 3746 1164 3783 voces
1184 3739 1235 3782 et
1264 3731 1496 3798 pluviam
1523 3731 1576 3783 in
1606 3731 1700 3783 die'
1716 3731 1909 3783 messis
1933 3730 1999 3784 ⁹¹.
2046 3749 2062 3780 ι
2107 3729 2262 3783 Vides

721 3837 886 3872 unum
952 3836 1069 3873 esse
1132 3819 1339 3881 Deum,
1404 3820 1494 3887 qui
1552 3835 1643 3886 per
1699 3819 1969 3884 subjectas
2034 3820 2259 3872 virtutes

725 3930 745 3962 ‹
778 3910 930 3978 pluit,
965 3909 1319 3977 superjustos
1347 3917 1399 3961 et
1423 3907 1688 3974 iniustos?
1725 3925 1743 3956 ι
1782 3906 1848 3958 Ει
1881 3923 1997 3974 quae
2018 3923 2256 3974 sequun-

721 4010 827 4054 tur.
879 3999 1088 4053 lnlinita
1145 4000 1341 4068 quippe
1392 3997 1664 4065 subjuugit
1727 3995 2011 4056 Clemens,
2064 3997 2259 4063 quibus

2363 3192 2802 3262 ὑποτεταγμένων
2831 3192 3100 3260 δυνάμεων
3120 3209 3137 3256 ›;
3179 3212 3194 3242 ι
3244 3191 3351 3244 Καὶ
3392 3193 3462 3245 τά
3519 3192 3661 3262 ἑξῆς.
3692 3195 3882 3258 Τοὴτοιζ

2367 3281 2529 3351 μυρία
2559 3282 2793 3349 συνάψας
2847 3283 2873 3332 ὁ
2919 3282 3165 3351 Κλήμης,
3201 3279 3428 3345 κλέπτας
3481 3284 3753 3350 γεγονέναι
3779 3288 3882 3345 τοὺς
3964 3351 3965 3354 η

2365 3372 2624 3441 ’Έλληνας
2644 3371 3054 3440 ἀναμφιλέκτοις
3102 3371 3336 3440 ἐλέγχοις
3388 3373 3782 3444 κατεφώρασεν.
3834 3376 3881 3425 ΕΞ

2364 3462 2418 3512 δέ
2446 3477 2524 3512 σοι
2561 3460 2632 3529 μὴ
2657 3460 2840 3522 πιστὸς
2867 3453 3037 3522 οὗτος,
3070 3461 3159 3513 ἆτε
3209 3461 3305 3528 τῆς
3351 3461 3672 3530 Ἑλληνικῆς
3691 3462 3776 3514 καὶ
3804 3463 3883 3514 ai»

2364 3551 2451 3612 τὸς
2478 3550 2572 3619 τὴν
2604 3549 2867 3619 βάρϐαρον
2888 3549 3079 3618 ὁμοίως
3101 3551 3226 3617 ἡμῖν
3253 3549 3662 3624 προτετιμηκὼς
3699 3551 3882 3619 (piloso-

2367 3643 2508 3710 φίαν·
2540 3641 2631 3692 καὶ
2684 3640 2747 3709 δὴ
2804 3640 2998 3702 ἐάσθω,
3046 3628 3247 3709 ’καίπερ
3276 3642 3374 3692 οὐκ
3415 3641 3638 3702 οἰκείαις
3686 3645 3880 3708 φωναῖς,

2365 3734 2479 3792 ταῖς
2507 3730 2550 3781 δ’
2582 3728 2754 3781 αὐτῶν
2794 3729 3050 3797 Ἑλλήνων
3079 3729 3380 3789 ἀπευθύνας
3408 3729 3496 3781 τὸν
3550 3728 3720 3795 λόγον.
3750 3729 3809 3781 Τί
3845 3728 3880 3779 δ’

2364 3820 2428 3873 ἂν
2460 3821 2648 3883 εἴποις,
2677 3821 2723 3872 εί
2775 3819 2841 3872 τὰ
2885 3820 3038 3888 ὃμοια
3069 3821 3160 3871 καὶ
3199 3821 3321 3890 παρ’
3351 3819 3527 3890 αρτῶν
3568 3819 3751 3888 μάθοις
3792 3819 3880 3871 τῶν

2362 3908 2617 3976 γενναίων
2644 3924 2734 3960 σου
2765 3908 3092 3976 φιλοσόφων;
3130 3907 3289 3974 Δέχου
3317 3885 3447 3977 δῆτα
3480 3922 3571 3959 και
3596 3907 3788 3961 τουτων
3803 3906 3880 3968 τὰς

2366 3997 2681 4069 μαρτυρίας.

718 4102 977 4160 tanquam
1046 4091 1356 4144 certissimis
1399 4088 1802 4158 probationibus
1854 4087 2154 4141 Grzecorum
2193 4089 2333 4143 furta
2372 4087 2651 4141 manifeste
2682 4088 2939 4156 coarguit.
2967 4087 3066 4151 Qui
3093 4088 3138 4140 si
3179 4088 3272 4140 tibi
3306 4087 3442 4142 forte
3469 4102 3746 4157 suspectus
3773 4089 3876 4148 erit,

718 4181 861 4248 quod
917 4180 1136 4250 perinde
1193 4195 1256 4233 ac
1307 4196 1404 4234 nos
1460 4182 1806 4235 barbarorum
1864 4183 2253 4250 philosophiam
2292 4183 2487 4237 Graecae
2508 4182 2799 4250 praetulerit
2830 4183 2941 4248 ipse
2961 4196 3174 4249 quoque
3214 4181 3490 4235 omittatur
3539 4181 3626 4236 ille
3667 4183 3878 4250 quidem,

717 4276 933 4328 tametsi
991 4289 1095 4327 non
1144 4273 1285 4335 suis,
1340 4275 1430 4326 sed
1487 4273 1792 4328 Graacorum
1841 4275 2077 4343 ipsorum
2123 4277 2344 4329 vocibus
2381 4275 2520 4328 hanc
2566 4274 2983 4341 disputationem
3046 4272 3377 4325 instruxerit.
3425 4271 3564 4336 Quid
3618 4272 3879 4339 responde.

717 4363 800 4416 bis
833 4379 1014 4431 porro,
1039 4364 1081 4417 si
1106 4363 1279 4416 affinia
1319 4376 1541 4430 prorsus
1574 4377 1635 4416 ac
1668 4365 1874 4431 gemina
1909 4380 1971 4417 ex
2023 4367 2135 4418 suis
2162 4366 2266 4418 illis
2303 4365 2678 4433 prmstantibus
2727 4364 3059 4433 cgregiisque
3083 4361 3414 4430 philosophis
3464 4362 3715 4417 audieris.
3762 4362 3877 4429 Age.

714 4454 791 4508 sis
830 4468 980 4522 ergo,
1010 4463 1061 4506 et
1090 4454 1296 4506 illormn
1332 4455 1490 4506 etiam
1523 4455 1701 4520 accipe
1737 4456 2057 4507 testimonia.

1210 4544 1368 4612 464
1418 4543 1640 4595 CAPUT
1693 4544 1777 4596 lll.

715 4633 932 4688 Grccos
965 4634 1103 4701 fures
1132 4650 1263 4692 esse,
1314 4650 1374 4685 ex.
1415 4632 1690 4752 Ptg'p/tyrii
1727 4637 1913 4700 primo,
1945 4637 2015 4687 De
2063 4637 2264 4688 erudito

1404 4720 1469 4752 au
1512 4713 1608 4752 itu.

1404 4713 1608 4754 audttu.

803 4874 824 4904 ς
857 4855 1095 4917 Athenis,
1127 4854 1316 4921 inquit,
1353 4853 1419 4906 ad
1473 4855 1843 4908 celebrandam
1873 4854 2109 4909 Platonis
2148 4871 2260 4907 me-

730 4946 953 5000 moriam
979 4946 1222 4998 convivio
1251 4957 1347 4997 nos
1385 4943 1656 5012 Longinus
1685 4955 1985 5014 exceperat,
2015 4948 2259 5013 interque

728 5036 1030 5102 complures
1060 5036 1209 5100 alios,
1248 5034 1558 5103 Nicagoram
1595 5038 1887 5104 sephistam
1910 5079 1924 5101 ,
1974 5037 2217 5090 Mreoram
2248 5078 2261 5101 ,

731 5125 1066 5193 Apollonium
1091 5128 1514 5192 grammaticum,
1566 5125 1884 5180 Demetrium
1918 5140 2262 5197 geometram,

731 5212 1016 5267 Prosenem
1055 5211 1453 5278 Peripateticum
1500 5224 1553 5268 et
1581 5214 1830 5268 Calietem
1858 5216 2096 5271 Stoicum
2132 5219 2265 5271 invi-
2325 5281 2327 5283 _

736 5314 888 5357 tarat.
922 5302 1250 5368 Quibuscum
1290 5306 1543 5370 septimus
1589 5305 1699 5372 ipse
1748 5307 2093 5359 accumbebat
2125 5326 2136 5359 :
2174 5309 2263 5374 qui

733 5394 962 5448 fervente
991 5396 1098 5462 jam
1135 5393 1399 5457 convivio,
1430 5405 1678 5463 motaque
1703 5397 1839 5449 inter
1862 5397 1993 5448 alios
2017 5401 2078 5451 de
2103 5400 2265 5466 epho-

736 5501 798 5537 ro
830 5489 1138 5551 qumslione,
1170 5484 1494 5547 Audiamus,
1545 5487 1751 5555 inquit,
1796 5488 1859 5540 de
1903 5487 2112 5554 Ephoro
2139 5491 2264 5558 quid

736 5575 1008 5626 turbarum
1083 5576 1362 5628 excitetur.
1428 5575 1826 5632 Contendebant
1885 5577 2162 5646 Caystrius
2217 5590 2270 5632 ct

803 5665 844 5694 ⁹¹
887 5662 903 5713 Ι
946 5661 1068 5728 Reg.
1111 5682 1207 5728 xu,
1249 5667 1332 5718 18.

2291 4548 2342 4605 ι)

2880 4533 3268 4586 ΚΕΦΑΛΜΟΝ
3313 4534 3386 4586 Γ’.

2367 4629 2750 4696 Πο,σι’)ςισιιί>ιί>υ,⁵
2779 4626 2908 4691 περὶ
2945 4626 3049 4696 τοῦ
3107 4625 3364 4696 κλέπτας
3413 4620 3573 4696 εἶναι
3607 4625 3742 4696 τοὺς
3765 4624 3877 4696 Ἔζ-

2433 4691 2621 4762 1ἠνὰς
2643 4737 2656 4759 ,
2724 4692 2838 4747 ἀπὸ
2895 4695 2997 4746 τοῦ
3053 4701 3100 4745 α’
3152 4692 3256 4760 τῆς
3305 4695 3648 4761 dictum-iac
3697 4691 3877 4759 ἀκροώ-

2435 4784 2602 4828 σεως.

2439 4877 2454 4906 ι
2486 4857 2564 4908 Τὰ
2599 4852 2904 4932 Πλατώνεια
2932 4853 3119 4903 ἑστιῶν
3148 4854 3291 4921 ἡμᾶς
3335 4853 3591 4919 Λογγῖνος
3635 4853 3873 4922 Ἀθήνῃσι.

2363 4948 2621 5015 κέκληκεν
2649 4944 2834 5004 ἄλλους
2865 4959 2922 4993 τε
2959 4941 3198 5004 πολλοὺς,
3237 4941 3329 4992 καὶ
3370 4942 3680 5012 Νικαγόραν
3705 4944 3782 4994 τὸν
3806 4959 3873 4992 σο-

2371 5037 2581 5106 φιστὴν,
2617 5036 2708 5086 καὶ
2736 5033 2997 5102 Μαιόραν,
3045 5032 3388 5084 Ἀπολλώνιόν
3411 5049 3467 5083 τε
3492 5033 3580 5085 τὸν
3612 5051 3875 5104 γραμμάτια

2370 5123 2480 5184 κον,
2511 5123 2601 5173 καί
2628 5121 2926 5189 Δημήτριον
2949 5120 3038 5171 τὸν
3067 5120 3399 5189 γεωμέτρην,
3429 5121 3707 5194 Προσήνην
3736 5139 3785 5174 τε
3807 5121 3873 5170 τὴν

2371 5209 2819 5279 Περιπατητικὸν,
2846 5208 2933 5259 καὶ
2957 5210 3046 5259 τὸν
3089 5209 3318 5260 Στωϊκὸν
3367 5209 3654 5279 Καλιέτην.
3679 5210 3792 5263 Μεθ’
3818 5203 3871 5259 ὧν

2369 5301 2587 5368 ἕϐδομος
2619 5299 2773 5359 αὐτὸς
2829 5298 3183 5360 κατακλιθεὶς,
3210 5297 3299 5348 τοῦ
3346 5298 3560 5351 δείπνου
3589 5301 3874 5371 προκόπτοινι

2369 5405 2475 5448 τος,
2507 5389 2595 5439 καί
2617 5404 2756 5448 τινος
2779 5373 3064 5455 ζητήσεως
3100 5387 3224 5456 περὶ
3265 5386 3486 5456 Ἐφόρου
3515 5389 3574 5439 ἐν
3606 5393 3712 5452 τοῖς
3737 5387 3872 5444 ἄλλοις

2372 5484 2699 5551 γενομένης,
2743 5482 3094 5552 Ἀκούσωμεν,
3137 5482 3259 5551 ἔφη,
3311 5483 3394 5542 τίς
3439 5485 3468 5535 ὁ
3528 5486 3656 5554 περὶ
3691 5483 3871 5551 Ἐφόρου

2373 5571 2611 5640 θόρυϐος.
2645 5569 2819 5624 τΗσαν
2867 5573 2907 5623 δ’
2950 5571 3323 5641 οί“ζητοῦντες
3367 5575 3676 5644 Καΰπριὸς
3711 5592 3760 5627 τε
3803 5571 3870 5624 καὶ

802 5754 875 5824 (6)
928 5755 1239 5824 Ἑλληνικῇ
1285 5758 1627 5826 μυθολογίᾳ.
1657 5757 1872 5827 Melius,
1905 5770 1962 5817 ut
1989 5761 2255 5828 existimo,

2360 5778 2458 5816 tam
2478 5777 2558 5832 ap.
2575 5764 2736 5820 Clem.
2766 5764 3072 5835 Ἑλληνικὴν
3104 5768 3440 5834 μυθολογίαν.
