4038 6330
122 390 234 444 773

1300 373 1617 434 ΡΠᾸΞΡΑΠ.
1650 369 1904 426 EVANG.
1946 369 2073 424 LIB.
2105 370 2172 422 Χ.

3239 358 3338 413 ⁸1ῗᾶ

114 511 397 582 Μάξιμος
420 511 449 563 6
485 509 581 578 μὲν
612 507 719 580 γάρ
742 504 899 560 αὐτον
925 505 1017 559 καὶ⁵
1035 502 1350 572 Θεοπόμπου
1383 496 1675 571 προύτίθει⁸

1787 490 2065 546 Maximus.
2094 487 2368 558 Ephorum
2396 482 2593 553 quippe
2638 478 2741 551 ipsi
2778 492 2994 544 quoque
3026 473 3337 544 Theopom-

113 602 155 653 ὁ
178 600 235 653 δὲ
266 601 573 669 Καΰστριος
593 598 829 669 κλέπτην
868 594 1146 650 ἀπεκάλει.
1182 592 1290 645 Καὶ
1311 591 1362 643 τί
1384 589 1492 659 γὰρ
1527 586 1682 655 Ἐφό-

116 704 222 759 ρου
257 689 404 750 τδιον,
434 687 558 756 ἔφη,
583 688 646 739 ἐκ
667 685 773 737 τῶν
810 684 1103 753 Δαῖμάχου,
1150 682 1243 733 καὶ
1272 676 1682 737 Καλλισθένους,

117 779 223 832 καὶ
265 778 636 847 ’Δναξιμένους
655 778 845 838 αὑταῖς
886 776 1111 838 λέξεσιν,
1161 772 1305 825 ἐστιν
1340 771 1451 833 ὅτε,
1476 784 1685 839 τρισχιο

112 868 278 933 ’λίους
304 870 452 932 ὅλους
480 868 853 939 μετατιθέντος
883 866 1129 933 στίχουςς
1181 862 1320 932 Πρὸς
1349 860 1406 912 ὂν
1438 860 1467 911 6
1516 874 1687 929 γραμ-

127 961 359 1030 ματικὸς
397 958 745 1020 Ἀπολλώνιος
773 957 896 1026 ἔφη·
928 957 1001 1009 υὺ
1026 955 1132 1025 γάρ
1158 953 1344 1021 ἔγνως,
1372 952 1452 1003 ὅτι
1476 949 1569 1001 καὶ
1595 948 1685 999 τὸν

105 1047 470 1117 θεόπομπον,
495 1046 554 1097 ὂν
577 1046 639 1097 σὺ
669 1045 957 1115 προτιμᾷς,
991 1042 1279 1111 κατείληφε
1329 1040 1479 1091 τουτὶ
1500 1037 1559 1089 τὸ
1583 1036 1687 1088 πά·-

112 1135 248 1200 ’θος,
284 1138 339 1187 ὲν
365 1136 459 1206 μὲν
484 1138 547 1204 τῇ
576 1134 832 1204 ἑνδεκάτῃ
868 1125 973 1185 τῶν
1005 1128 1132 1197 περὶ
1163 1127 1479 1189 Φιλίππου,
1504 1128 1569 1179 ὲκ
1591 1123 1683 1177 τοῦ

139 1226 479 1298 Ἰσοκράτους
532 1222 986 1297 Ἀρεοπαγητικοῦ
1038 1222 1451 1291 μεταγράψαντά
1504 1218 1683 1277 αὐτοῖς

114 1314 389 1388 ὀνόμασιν
406 1319 605 1379 ἐκεῖνα,
632 1317 710 1368 ὃτι
753 1314 858 1368 τῶν
889 1311 1103 1380 ἀγαθῶν
1132 1312 1223 1364 καὶ
1255 1308 1359 1361 τῶν
1393 1306 1575 1359 κακῶν
1604 1307 1686 1357 οὺ-

105 1407 219 1460 διδὲν
246 1405 375 1461 αὐτὸ
408 1404 527 1459 καθ’
560 1406 690 1459 αὐτὸ
722 1403 1074 1473 παραγίνεται
1097 1403 1206 1462 τοῖς
1234 1396 1560 1467 ἀνθρώποις,
1592 1396 1685 1448 καὶ

117 1496 201 1548 ’τὰ
230 1495 377 1565 ἑξῆς.
412 1492 601 1547 Καίτοι
630 1494 953 1562 ὑπερφρονεῖ
972 1490 1059 1542 τὸν
1097 1487 1425 1557 Ἰσοκράτην,
1457 1490 1548 1536 καὶ
1595 1502 1683 1535 va»

117 1585 382 1654 νικῆσθαι
406 1582 706 1652 ὑφ’ὲαυτοῦ
739 1583 903 1650 λέγει,
949 1580 1089 1634 κατὰ
1128 1580 1217 1631 τὸν
1263 1579 1354 1629 ἐπὶ
1403 1573 1685 1642 Μαυσωλῷ

123 1674 336 1743 ἀγῶνα,
360 1675 447 1727 τὸν
475 1673 805 1725 διδάσκαλον.
840 1671 1179 1741 Πραγμάτων
1212 1668 1255 1719 δ’
1286 1666 1565 1736 ὑφαίρεσιν
1598 1681 1688 1716 πε-

126 1768 370 1841 ποίηται,
403 1766 658 1836 μεταθεὶς
682 1764 751 1817 τά
776 1764 861 1815 ἐπ’
896 1762 1064 1816 ἄλλων
1106 1762 1301 1824 ἄλλοις,
1336 1760 1421 1811 ἵνα
1448 1758 1540 1810 καὶ
1563 1754 1688 1825 ψεύ-

1783 598 1853 653 po
1884 581 2149 635 Maximus
2180 576 2569 645 anteponebat,
2620 571 2866 626 eumdem
2914 568 3194 639 Caystrius
3227 566 3343 653 plaf

1784 652 2013 741 giarium
2052 668 2296 722 vocabat.
2347 663 2487 729 Quid
2530 661 2717 741 enim,
2774 658 3086 727 inquiebat,
3142 652 3341 724 Ephori

1784 761 2056 832 singulare
2078 774 2142 813 ac
2166 756 2439 826 proprium
2464 759 2567 817 est,
2596 750 2689 821 qui
2713 765 2775 803 ex
2812 746 3111 809 Daimachi,
3147 744 3341 799 Callis-

1787 851 1995 912 thenis,
2037 858 2089 904 et
2134 845 2485 900 Anaximenis
2510 841 2761 910 operibus
2792 840 2893 892 tria
2950 847 3343 901 nonnunquam

1785 938 1899 1007 ipsa
1929 953 2178 992 versuum
2209 935 2375 989 millia
2408 932 2640 985 todidem
2678 929 2855 984 verbis
2883 929 2937 981 in
2976 942 3074 980 sua
3106 931 3345 978 transtu‘

1784 1029 1942 1083 ierit?
2014 1029 2114 1082 Cui
2180 1027 2532 1097 Appollonius
2589 1022 3001 1093 grammaticus,
3058 1016 3343 1069 Enimvero

1784 1118 1982 1184 nescis,
2008 1108 2200 1185 inquit,
2245 1115 2650 1182 Theopompum
2710 1109 2882 1173 illum,
2911 1120 3076 1175 quem
3130 1103 3180 1156 ei
3205 1116 3344 1171 prae-

1786 1206 1928 1261 ferre
1957 1209 2149 1277 gestis,
2196 1207 2383 1260 eodem
2427 1216 2641 1272 quouue
2688 1200 2876 1253 morbo
2932 1197 3208 1257 laborare,
3249 1190 3345 1260 qui

1785 1298 1921 1353 libro
1949 1298 2022 1351 De
2050 1296 2282 1364 Philippi
2310 1294 2457 1347 rebus
2490 1291 2793 1355 undecimo,
2816 1303 2882 1343 ex
2901 1286 3152 1340 Isocratis
3179 1284 3348 1336 Aero-

1785 1387 2012 1456 pagitica
2064 1386 2241 1439 locum
2298 1385 2446 1436 illum
2502 1381 2573 1434 ad
2621 1380 2847 1433 verbum
2906 1371 3328 1443 transcripserit.

1785 1478 1919 1532 Boni
1966 1478 2222 1545 malique.
2259 1474 2390 1528 nihil
2445 1488 2538 1542 per
2603 1486 2721 1525 sese
2768 1469 3077 1523 hominibus
3105 1464 3344 1530 evenire,

1785 1579 1985 1638 etquae
2014 1575 2335 1636 sequuntur.
2375 1563 2661 1617 Isocratem
2698 1562 2899 1615 interea
2952 1556 3215 1627 despicit,
3247 1570 3345 1610 eo-

1785 1675 1889 1727 que
1917 1658 2231 1719 certamine,
2263 1655 2404 1725 quod
2442 1654 2496 1705 in
2550 1650 2775 1705 Mausoli
2826 1650 3086 1704 honorem
3129 1645 3349 1700 institu-

1786 1760 1898 1804 tum
1952 1747 2053 1813 εει,
2094 1749 2297 1803 victum
2360 1745 2458 1801 abs
2514 1759 2633 1799 sese
2683 1741 3003 1813 magistrum
3063 1737 3344 1806 gloriatur.

126 1831 265 1931 στης
296 1831 415 1929 ἁλῷ.
436 1858 619 1910 τοῦτον
649 1857 738 1908 τὸν
771 1854 988 1925 τρόπον.
1021 1852 1317 1922 Ἀνδρωνος
1364 1849 1471 1919 γὰρ
1515 1850 1570 1900 ὲν
1612 1845 1687 1916 τῷ

1788 1840 2092 1906 Quinetiam
2135 1855 2221 1893 res
2266 1836 2538 1907 ipsasille
2590 1834 2895 1896 subtraxit,
2944 1847 3067 1903 qua:
3114 1831 3346 1886 aliorum

127 1950 372 2017 Τρίποδι
404 1950 529 2021 περὶ
557 1947 867 2017 Πυθαγόρου
894 1945 984 1997 τοῦ
1024 1943 1304 2011 φιλοσόφου
1334 1942 1399 1994 τά
1444 1940 1569 2009 περὶ
1592 1938 1689 2000 τὰς

122 2042 463 2111 προρρήσεις
497 2041 573 2111 (7)
607 2038 965 2109 ἱστορηκότος,
1018 2035 1259 2096 εἰπόντος
1302 2049 1382 2097 τε,
1408 2032 1481 2094 ὼς
1536 2031 1690 2100 διψή-

127 2150 234 2195 σας
263 2132 391 2184 ποτὲ
424 2134 479 2184 ὲν
501 2130 876 2198 Μεταποντίῳ,
911 2128 1006 2180 καὶ
1030 2127 1093 2179 ἐκ
1142 2142 1283 2189 τινος
1331 2125 1560 2194 φρέατος
1606 2124 1691 2175 άν-

122 2224 357 2293 τμήσας,
389 2224 481 2274 κα.)¹
508 2220 667 2285 πιὼν,
714 2222 989 2291 προεῖπεν,
1040 2217 1115 2278 ὡς
1142 2218 1220 2278 εἰς
1252 2214 1437 2285 τρίτην
1478 2213 1691 2283 ἡμέραν

123 2311 311 2363 ἔσοιτο
341 2311 578 2380 σεισμός.
606 2309 715 2362 Καὶ
772 2308 932 2377 έτερά
968 2322 1085 2358 τινα
1130 2304 1336 2366 τούτοις
1375 2301 1688 2369 ἐπαγαγὼν,

116 2401 387 2471 unum
426 2402 586 2456 Ταῦτ’
619 2396 709 2452 οὖν
760 2400 853 2453 τοῦ
883 2400 1175 2469 Ἀνδρωνος
1207 2396 1333 2467 περὶ
1376 2394 1688 2464 Πυθαγόρου

117 2495 496 2565 ἱστορηκότος,
531 2495 709 2547 πάντα
736 2493 981 2561 ὑφείλετο
999 2490 1331 2559 Θεόπομπος
1367 2488 1414 2539 εί
1446 2486 1541 2555 μὲν
1565 2485 1692 2556 περὶ

117 2585 448 2655 Πυθαγόρου
468 2586 659 2652 λέγων,
679 2586 816 2653 τάχα
835 2584 899 2636 ἂν
919 2584 1011 2636 καὶ
1033 2584 1203 2650 ἕτεροι
1249 2579 1543 2646 ἠπίσταντο
1562 2576 1691 2646 περὶ

122 2676 321 2738 αὐτοῦ,
337 2676 427 2729 καὶ
444 2675 648 2742 ἐλεγονο
660 2675 843 2728 Ταῦτα
859 2674 951 2726 καὶ
964 2672 1119 2734 αὐτὸς
1141 2673 1204 2723 ἂν
1230 2667 1379 2722 εἶπον
1396 2668 1490 2738 (8)·
1523 2666 1616 2718 νῦν
1632 2666 1689 2716 δὲ

122 2764 229 2835 τὴν
246 2765 451 2834 κλοπὴν
466 2764 626 2840 δήλην
647 2762 983 2832 πεποίηκενὴ
1003 2759 1094 2812 τοῦ
1108 2761 1366 2829 ὀνόματος
1383 2756 1686 2827 μετάθεσις.

118 2857 255 2919 Τοῖς
298 2856 392 2925 μὲν
425 2856 529 2926 γάρ
571 2856 854 2925 πράγμασι
896 2852 1152 2923 κέχρηται
1180 2853 1290 2912 τοῖς
1337 2850 1538 2910 αὐτοῖς,
1571 2845 1685 2896 ἔτει

124 2964 224 3018 ρον
268 2948 314 2999 δ’
363 2947 529 3015 δνομα
575 2941 1261 3015 μετενήνοχε.·Φερεκύδην
1308 2938 1414 3009 γὰρ
1454 2936 1544 2989 τὸν
1591 2934 1690 2987 Σύ-

126 3056 247 3111 ριον
284 3039 544 3108 πεποίηκε
574 3037 743 3089 ταῦτα
772 3036 1117 3106 προλέγοντα.
1144 3034 1217 3085 Οὐ
1249 3032 1421 3109 μόνον.
1440 3030 1495 3081 δὲ
1518 3028 1689 3096 τούτῳ

225 3132 444 3201 ὀνόματι
470 3106 808 3197 άποκρύπτει
834 3127 931 3197 τὴν
960 3126 1183 3195 κλοπὴν,
1212 3122 1346 3176 ἀλλὰ
1378 3106 1471 3173 καὶ
1510 3120 1690 3172 τόπων

1790 1935 2020 2003 propria:
2055 1943 2200 1995 sunt,
2230 1931 2351 1985 aliis
2386 1929 2693 1991 tribuendo,
2730 1934 2789 1979 ut
2832 1925 2936 1979 hoc
2977 1924 3141 1977 etiam
3186 1920 3359 1975 modo

1793 2023 2060 2077 mendacii
2083 2032 2343 2076 teneatur.
2373 2020 2510 2074 Cum
2544 2018 2689 2072 enim
2718 2014 2900 2069 Andro
2931 2012 2987 2067 in
3016 2008 3353 2081 Tripoderes

1793 2131 1825 2171 a
1855 2115 2161 2185 Pythagora
2198 2114 2519 2183 philosopho
2553 2111 2839 2181 praedictas
2884 2106 3229 2177 collegisset,
3265 2105 3349 2159 in-

1792 2215 1979 2277 terque
2008 2218 2200 2261 caetera
2229 2213 2737 2266 commemorasset,
2767 2217 2892 2256 eum
2920 2198 3213 2269 aliquando
3237 2196 3349 2253 Me-

1791 2296 1999 2364 taponti
2028 2296 2296 2349 sitientem
2320 2335 2335 2360 ,
2367 2311 2490 2349 cum
2543 2296 2790 2347 haustam
2816 2308 2881 2347 ex
2921 2290 3155 2361 quodam
3188 2298 3352 2358 puteo

1789 2400 1987 2453 aquam
2042 2386 2283 2450 bibisset,
2354 2394 2720 2439 terraemotum
2770 2393 2895 2437 ante
2938 2383 3082 2436 diem
3131 2380 3350 2435 tertium

1791 2473 2032 2529 futurum
2088 2475 2419 2545 praedixisse.
2470 2474 2568 2528 Hic
2622 2475 2897 2528 nonnullis
2947 2473 3245 2542 interiectis
3270 2472 3345 2524 ita

1790 2568 2175 2635 prosequitur:
2210 2565 2355 2618 Illam
2412 2566 2572 2633 igitur
2607 2564 2877 2617 Andronis
2934 2564 3001 2617 de
3043 2561 3350 2633 Pythagora
3424 2622 3425 2626 η

1792 2657 2071 2709 historiam
2116 2654 2495 2725 Theopompus
2527 2656 2785 2724 integram
2833 2654 3043 2708 furatus
3096 2664 3199 2708 est.
3244 2650 3347 2718 Qui

1789 2744 1836 2798 si
1862 2759 1979 2796 eam
2010 2744 2077 2796 de
2101 2742 2402 2813 Pythagora
2438 2753 2904 2810 commemoraret,
2931 2744 3043 2809 alii,
3066 2744 3261 2813 quibus
3287 2758 3352 2798 ea

1790 2835 1927 2891 forte
1967 2848 2089 2891 nota
2125 2837 2235 2906 jam
2284 2848 2447 2902 esset,
2475 2839 2719 2891 eamdem
2774 2839 2935 2892 etiam
2978 2839 3047 2892 ab
3091 2837 3352 2891 Androne

1790 2937 2062 2981 narratam
2110 2942 2230 2982 esse
2274 2928 2531 2981 dicerent.
2596 2926 2748 2982 Nunc
2793 2943 2921 2981 vero
2970 2927 3173 2980 furtum
3236 2928 3351 2996 ipse

1789 3035 1946 3073 suum
1974 3019 2206 3073 nominis
2239 3020 2534 3072 mutatione
2556 3017 2824 3087 patefecit.
2852 3015 3013 3087 565
3044 3014 3176 3070 Rem
3197 3003 3346 3071 enim

1791 3111 2034 3165 eamdem
2067 3112 2331 3170 scribens,
2368 3126 2562 3164 nomen
2590 3110 2875 3179 supposuit
2896 3112 3151 3163 alienum.
3181 3108 3237 3163 ld
3268 3109 3347 3163 vi-

124 3176 418 3296 μζταθέσει
437 3240 450 3251 ·
480 3222 538 3275 τό
570 3176 758 3290 τεῗγὰρ
786 3176 920 3288 περῖί
945 3216 1043 3285 τῆς
1075 3176 1423 3285 προρρήσεως
1452 3211 1551 3294 τοῦ.
1580 3228 1687 3262 σει-

1790 3199 2032 3296 deliceta
2060 3197 2364 3269 Pherecyde
2392 3200 2623 3269 quodam
2658 3176 2794 3270 syro
2836 3200 3147 3269 praedictum
3178 3198 3350 3255 fuisse

123 3316 272 3387 σ’μοῦ
306 3318 361 3367 ὲν
390 3312 740 3382 Μεταποντίῳ
772 3310 859 3363 ὑπ’
894 3308 1189 3377 Ἀνδρωνος
1220 3304 1401 3375 ῥηθὲν,
1432 3306 1487 3355 ὲν
1524 3302 1690 3371 Συρίᾳ

123 3406 383 3478 εἰρῆσθαί
430 3422 588 3473 φησιν
622 3405 650 3455 6
680 3403 1023 3470 Θεόπομπος·
1055 3400 1115 3451 τό
1158 3415 1216 3449 τε
1250 3397 1374 3467 περὶ
1406 3394 1466 3446 τὸ
1508 3394 1689 3445 πλοῖον

122 3497 234 3551 οὐκ
262 3495 368 3548 ἀπὸ
397 3495 664 3563 Μεγάρων
696 3493 795 3561 τῆς
829 3492 1094 3554 Σικελίας,
1134 3489 1239 3542 άπὸ
1270 3486 1324 3539 δὲ
1352 3487 1531 3554 Σάμου
1558 3484 1690 3553 φησὶ

122 3587 471 3661 θεωρηθῆναι
494 3602 508 3613 ⁸
542 3586 635 3637 καὶ
659 3585 755 3653 τὴν
783 3584 1063 3657 Συόάρεως
1097 3580 1334 3632 ἃπλωσιν
1364 3576 1437 3646 (9)
1471 3577 1563 3661 ἐπὶ
1591 3575 1688 3645 τὴν

124 3680 425 3749 Μεσσήνης
460 3675 780 3748 μετέθεικεν.
813 3674 924 3725 Ἵνα
948 3673 1021 3724 ἰδέ
1054 3689 1104 3723 τι
1145 3671 1271 3741 δοκῇ
1301 3669 1474 3737 λέγειν
1507 3684 1691 3737 περιτ-

125 3773 247 3837 τὸν,
276 3772 368 3824 καὶ
398 3768 489 3821 τοῦ
513 3767 658 3832 ξένου
691 3764 1001 3833 προτέθεηικε
1027 3760 1279 3830 τοῦνομα.
1309 3759 1566 3830 Περίλαον
1596 3758 1692 3809 αὑ-

126 3864 225 3915 τὸν
247 3861 522 3915 καλεῖσθαι
546 3858 737 3925 λέγων.
766 3852 954 3919 Κάγὼ,
983 3852 1143 3920 φησὶν
1168 3853 1195 3903 6
1225 3850 1554 3924 Νικαγόρας,
1581 3848 1689 3908 τοῖς

133 3944 514 4013 Ἑλληνικοῖς
527 3944 856 4014 ἐντυγχάνων
872 3940 1033 3996 αὺτοῦ
1050 3956 1109 3993 τε
1148 3940 1241 3991 καὶ
1275 3939 1369 3991 τοῦ
1410 3936 1687 4005 Ξενοφῶν-

124 4046 245 4101 τος,
269 4038 435 4091 πολλά
457 4035 549 4087 τοῦ
575 4032 908 4102 Ξενοφῶντος
940 4030 1098 4082 αὑτὸν
1129 4029 1477 4098 μετατιθέντα
1508 4026 1691 4081 κατεί-

126 4130 298 4201 ληφα,
330 4130 423 4182 καὶ
451 4129 512 4181 τὸ
542 4127 727 4190 δεινὸν,
752 4127 832 4178 ὅτι
865 4123 956 4175 ἐπὶ
983 4121 1042 4174 τὸ
1070 4124 1265 4190 χεῖρον.
1302 4119 1381 4172 Τά
1410 4119 1540 4186 γοῦν
1564 4116 1690 4187 περὶ

117 4222 233 4291 ’τῆς
265 4215 610 4291 Φαρναϐάζου
636 4216 772 4286 πρὸς
809 4212 1121 4283 Ἀγησίλαον
1150 4209 1386 4272 συνόδου,
1408 4210 1475 4261 δι’
1509 4207 1695 4260 Ἀπολ-

128 4313 394 4379 λοφάνους
422 4309 513 4363 τοῦ
545 4307 872 4378 Κυζικηνοῦ,
906 4306 999 4361 καὶ
1028 4303 1125 4365 τὰς
1149 4303 1347 4371 ἀμφοῖν
1369 4302 1502 4371 πρὸς
1528 4300 1690 4369 ἀλλή-

122 4404 259 4465 λους
290 4401 603 4462 ἐνσπόνδους
634 4398 911 4463 διαλέξεις,
934 4397 998 4459 ἃς
1019 4398 1075 4447 ὲν
1093 4396 1158 4463 τῇ
1182 4391 1413 4461 τετάρτῃ
1442 4388 1688 4456 Ξενοφῶν

129 4491 411 4562 ἀνέγραψε
454 4493 591 4544 πάνυ
629 4490 921 4561 χαριέντως
975 4488 1063 4541 καὶ
1106 4483 1416 4555 πρεπόντως
1462 4482 1681 4549 ἀμφοῖν,
1716 4499 1760 4555 ι)

119 4583 211 4647 εἰς
243 4581 339 4649 τὴν
366 4578 651 4645 ἑνδεκάτην
674 4577 779 4628 τῶν
824 4571 1181 4642 Ἑλληνικῶν
1219 4562 1465 4641 μεταθεὶς
1496 4570 1523 4620 6
1552 4568 1682 4622 Θεό-

129 4685 373 4741 πομπος,
400 4666 545 4735 άργά
562 4682 620 4716 τε
645 4667 735 4716 κα)⁵
762 4665 989 4734 ἀκίνητα
1011 4661 1270 4731 πεποίηκε
1292 4661 1383 4713 καὶ
1408 4660 1678 4729 ἄπρακτα.

126 4758 309 4827 Λόγου
340 4756 445 4826 γάρ
472 4754 719 4827 δύναμιν,
756 4754 850 4804 καὶ
884 4750 970 4805 διὰ
1001 4754 1098 4822 τὴν
1125 4751 1323 4820 κλοπὴν
1364 4748 1681 4819 ἐξεργασίαν

132 4826 441 4919 ἐμϐάλλειν,
470 4845 564 4896 καὶ
597 4826 991 4895 ἐπιδείκνυσθαι
1023 4840 1329 4904 σπουδάζων
1369 4839 1563 4909 βραδὺς
1588 4840 1681 4891 καὶ

127 4936 367 5007 μέλλων,
403 4936 495 4986 καὶ
533 4931 943 4999 άναὸαλλομένῳ
984 4931 1170 4992 ἐοικὼς
1200 4932 1462 4997 φαίνεται,
1494 4931 1585 4981 καὶ
1623 4930 1682 4980 τὸ

126 5024 377 5095 ιμψυχον
428 5025 521 5075 καὶ
577 5020 793 5091 ἐνεργὸν
829 5017 905 5071 ’τὸ
955 5016 1677 5087 Ξενοφῶντοςδιαφθείρων.

208 5205 285 5274 (7)
310 5203 695 5274 Ilpoﬁpﬁo'sic.
722 5205 879 5274 Sane
907 5198 1678 5274 Laert_ius_d_ietumPythago—

133 5268 477 5354 ram'fuiss'e—
513 5268 704 5353 tradit2
748 5271 895 5341 παρὰ
942 5269 1118 5354 τὸῆιῖυς¹
1143 5268 1677 5354 Πῦιθιοννάγορεύειν,

137 5342 297 5469 quasi
328 5357 432 5393 non
464 5342 638 5394 minor
657 5343 794 5409 ejus,
820 5337 979 5408 quam
1008 5337 1177 5407 Pythii
1201 5338 1459 5405 Apollinis
1488 5352 1681 5390 oracu-

134 5413 149 5466 ι
179 5431 204 5467 s
258 5411 388 5465 ﬁdes
423 5410 724 5464 haberetur.
756 5410 891 5462 Hinc
932 5418 985 5460 et
1024 5405 1212 5469 magiae
1250 5415 1527 5469 suspectus
1558 5422 1681 5459 esse

134 5422 204 5469 tis
258 5422 388 5465 tides
424 5422 724 5464 haberetur.
756 5422 891 5462 mne
932 5422 985 5460 et
1024 5422 1212 5473 magiae
1250 5422 1527 5473 suspectus
1558 5422 1675 5459 esse

133 5480 319 5548 cepit.
364 5479 507 5542 Adi,
545 5478 593 5531 si
637 5481 844 5546 placet,
889 5476 1117 5531 Caelium
1164 5473 1449 5543 Rhodigin.
1494 5475 1585 5527 lib.
1622 5490 1675 5537 x,

133 5550 503 5686 αἵέῖἆζιῦτα
530 5614 626 5667 καὶ
656 5615 835 5686 αὐτὸς
862 5614 938 5667 ἂν
960 5610 1143 5686 εἶπον.
1183 5609 1559 5686 Μθιίπιρταυτὰ
1586 5612 1680 5686 καὶ

134 5679 296 5742 αὐτὸς
329 5682 500 5745 εἶπεν,
534 5692 593 5737 ut
642 5684 799 5745 αὑτός
843 5686 908 5736 ad
953 5685 1252 5745 Androneln
1299 5679 1579 5731 referatur.
1612 5684 1680 5732 At

136 5756 196 5812 in
231 5756 553 5819 versionem,
584 5768 677 5821 pro
711 5753 991 5816 Androne,
1039 5751 1409 5817 Theopompus
1442 5749 1674 5820 irrepsit.

1789 3285 1971 3337 tradit.
2006 3286 2120 3338 Imo
2150 3300 2257 3338 non
2282 3285 2443 3353 hujus
2462 3293 2669 3337 tantum
2698 3285 2932 3340 nominis
2960 3286 3347 3354 integumento,

1789 3388 1976 3426 verum
2006 3376 2165 3427 etiam
2198 3375 2439 3428 locorum
2467 3362 2767 3428 mutatione
2794 3390 2953 3428 suum
2971 3376 3084 3442 ipse
3110 3374 3347 3443 plagium

1790 3465 2060 3519 occultare
2094 3473 2339 3517 conatur.
2373 3464 2549 3529 Quam
2592 3466 2735 3517 enim
2778 3465 2843 3518 de
2890 3466 2981 3519 illo
3009 3477 3163 3519 terra:
3196 3474 3348 3519 motu

1788 3556 2187 3624 praedictionem
2232 3553 2524 3623 Metaponti
2574 3556 2767 3608 factam
2807 3570 2926 3610 esse
2971 3556 3157 3609 Andro
3196 3571 3351 3610 com-

1790 3657 2088 3713 memorat,
2149 3662 2269 3701 eam
2326 3647 2379 3699 in
2416 3644 2570 3715 Syria
2620 3647 2911 3715 contigisse
2964 3646 3349 3717 Theopompus

1787 3740 1969 3813 habet.
1996 3739 2277 3809 Navigium
2325 3738 2451 3792 item
2485 3736 2615 3790 illud
2642 3776 2658 3803 ,
2705 3751 2810 3789 non
2843 3738 2911 3791 ab
2959 3736 3172 3807 Megara
3214 3739 3348 3813 urbe

1789 3810 2007 3899 Siciliae,
2036 3832 2130 3887 sed
2164 3831 2233 3884 ab
2267 3829 2431 3884 Samo
2459 3829 2635 3883 visum
2682 3827 2870 3882 fuisse.
2918 3828 3199 3883 Postremo
3249 3810 3347 3899 Sy-

1786 3923 1934 3978 baris
1963 3925 2413 3993 expugnationem
2443 3921 2511 3974 ad
2550 3920 2810 3975 Messanae
2853 3919 3057 3972 cladem
3107 3927 3345 3973 transtu-

1785 4012 1864 4066 lit.
1898 4012 2217 4081 Quanquam
2250 4022 2309 4066 ut
2345 4013 2603 4067 eximium
2654 4011 2801 4064 aliud
2849 4008 3028 4063 dicere
3060 4009 3303 4065 videatur
3324 4050 3342 4075 ,

1788 4103 2015 4172 hospitis
2040 4119 2255 4173 quoque
2284 4119 2479 4157 nomen
2514 4101 2793 4170 adjunxit,
2847 4098 3113 4154 Perilanm
3166 4101 3341 4171 ipsum

1787 4194 2087 4260 nuncupari
2114 4191 2378 4245 scribens.
2420 4189 2531 4258 Ego
2566 4204 2722 4251 vero,
2754 4188 2965 4255 excepit
3003 4186 3297 4258 Nicagoras
3324 4228 3341 4253 ,

1785 4281 1841 4334 in
1869 4296 2077 4345 eorum,
2104 4296 2223 4349 quae
2244 4295 2365 4333 cum
2399 4281 2512 4347 ipse
2535 4319 2550 4341 ,
2602 4286 2712 4331 tum
2740 4278 3039 4346 Xenophon
3077 4279 3145 4333 de
3181 4280 3343 4339 rebus

1787 4370 2093 4424 Graecorum
2130 4370 2401 4423 memoria:
2425 4368 2907 4437 prodiditlectione
2940 4385 3185 4434 versans,
3216 4386 3340 4425 eum

1787 4461 1947 4513 etiam
1978 4475 2008 4513 e
2038 4458 2389 4527 Xenophonte
2438 4458 2700 4526 permulta
2753 4474 2907 4512 suam
2965 4459 3017 4513 in
3062 4460 3340 4515 historiam

1791 4550 2092 4603 traduxisse
2119 4548 2443 4616 deprehendi
2467 4565 2481 4613 ;
2522 4549 2772 4617 quodque
2797 4550 3013 4618 gravius
3039 4566 3159 4606 esse
3180 4591 3197 4617 ,
3248 4550 3340 4605 de-

1789 4638 1986 4692 teriora
2036 4636 2245 4691 fecisse.
2292 4636 2425 4689 Nam
2476 4637 2627 4690 illum
2657 4652 2787 4689 sane
2823 4622 3156 4697 Pharnabazi
3212 4654 3335 4693 cum

1789 4729 2035 4798 Agesilao
2084 4741 2462 4796 congressum,
2510 4725 2602 4793 qui
2658 4726 3026 4795 Apollophane
3073 4726 3337 4796 Cyziceno

1788 4827 2065 4900 sequestre
2116 4816 2331 4869 habitus
2381 4825 2501 4878 est,
2554 4830 2619 4868 ac
2678 4826 2924 4871 mutuum
2960 4817 3242 4885 utriusque
3281 4818 3333 4871 in

1788 4898 2075 4961 sanciendo
2122 4902 2321 4977 fagdere
2376 4903 2725 4971 colloquium,
2761 4904 2903 4977 quod
2958 4903 3096 4956 libro
3132 4898 3335 4972 quam,

1785 4997 2082 5065 Xenophon
2135 4975 2403 5063 eleganter
2449 4994 2775 5060 admodum,
2827 4975 2880 5047 et
2922 5009 3019 5062 pro
3052 4998 3333 5051 amborum

1858 5195 1929 5266 (θ)
1958 5192 2573 5266 Συϐάρῳςᾼᾶπλγωσιν.
2608 5189 2747 5266 L_e’ge
2778 5190 3097 5266 Strabonem
3133 5191 3222 5266 l_ib.
3257 5206 3331 5253 vr,

1786 5274 1837 5319 et
1865 5258 2306 5317 ‘DiodorfSicul.
2360 5264 2452 5315 lib.
2494 5276 2589 5313 xu.
2640 5258 2919 5331 Trecenta
2962 5261 3331 5331 Sybaritarum

1786 5334 1973 5394 millia,
2006 5348 2035 5384 a
2067 5342 2278 5386 centum
2309 5330 2736 5385 Crotoniatarum
2774 5329 3031 5386 millibus.
3067 5331 3203 5381 duce
3231 5329 3332 5380 Mi-

1785 5405 1907 5456 lone
1939 5402 2135 5455 athleta
2167 5401 2481 5460 fortissimo,
2508 5399 2698 5464 partim
2731 5412 2888 5463 caesa,
2918 5400 3107 5465 partim
3142 5398 3329 5464 proﬂi-

1786 5482 1903 5541 gata
1936 5480 2081 5541 sun_t.
2113 5469 2252 5541 Urbs
2282 5472 2394 5541 ipsa
2428 5482 2547 5519 mox
2573 5476 2781 5541 aequata
2808 5471 2923 5521 solo
2955 5485 2966 5518 :
3010 5475 3129 5541 post
3156 5483 3331 5541 annos

1786 5536 1912 5594 ἰνιιι
1948 5556 1976 5593 a
2026 5536 2315 5603 Thessalis
2342 5538 2639 5590 instaurata
2670 5553 2681 5586 :
2712 5539 3008 5601 iterumque
3041 5536 3209 5587 lustro
3246 5540 3332 5592 vix

1784 5620 1989 5669 exacto,
2028 5611 2183 5662 novis
2212 5606 2401 5660 incolis
2433 5607 2499 5659 ab
2538 5607 2775 5674 antiquis
2823 5603 3115 5658 victoribus
3146 5604 3333 5673 ejectis

1786 5680 2119 5734 seiuidiruta.
2153 5675 2412 5729 Thurium
2441 5679 2561 5743 ejus
2589 5678 2639 5729 in
2668 5679 2840 5728 locum
2872 5684 3154 5731 successu.
