4038 6330
142 475 243 529 777

1286 471 1607 526 PRZEPAR.
1651 468 1900 522 EVANG.
1944 466 2069 521 LIB.
2118 468 2182 519 Χ.

3248 462 3344 519 778

154 588 355 658 ταύτην
383 587 619 649 διάνοιαν
650 587 943 657 Σιμωνίδης
974 587 1032 639 ὲν
1070 584 1147 655 τῷ
1197 586 1461 655 ἑνδεκάτῳ
1508 599 1695 653 μετεν-

1809 580 1865 633 Ib
1896 579 2172 633 Simonide
2206 579 2345 633 libro
2372 578 2656 633 undecimo
2683 579 2828 633 hunc
2852 580 2905 634 in
2938 580 3159 635 modum
3192 596 3349 635 usur-

144 680 338 749 lpterxe
374 676 556 731 λαϐὼν
586 677 754 740 οὕτως
776 695 788 706 ·

212 788 505 852 Γυναικὸς
539 787 717 856 οὐδὲν
750 788 925 856 χρῆμ’
952 788 1105 855 ἀνὴρ
1131 785 1385 853 ληΐζεται

218 859 485 925 Ἄμεινον
522 855 778 923 ἐσθλῆς,
799 855 938 909 οὐδὲ
957 858 1147 926 ῥίγιον
1172 857 1381 924 κακῆς.

145 947 435 1018 εὑριπίδης
457 948 516 1000 δὲ
540 951 597 1000 ὲν
630 951 692 1019 τῇ
723 950 1079 1016 Μελανίππῃ
1108 948 1416 1017 δεσμώτιδι
1439 966 1451 977 ·

221 1123 337 1191 Τῆς
358 1124 475 1192 μὲν
501 1124 691 1190 κακῆς
736 1124 945 1177 κάκιον
974 1122 1151 1176 οὐδὲν
1182 1125 1401 1193 γίνεται

215 1191 514 1258 Γυναικός
537 1212 548 1222 ·
583 1193 807 1260 ἐσθλῆς
837 1195 887 1246 δ’
912 1194 1091 1246 οὐδὲν
1118 1191 1202 1257 εὶς
1225 1191 1562 1259 ὑπερϐολὴν

216 1263 438 1330 Πέφυαί
473 1262 738 1331 ἄμεινον·
768 1263 1113 1331 διαφέρουσι
1139 1263 1189 1314 δ’
1216 1265 1273 1314 αὶ
1301 1264 1532 1330 φύσεις.

148 1351 253 1405 Τοῦ
280 1352 337 1404 δὲ
372 1353 660 1423 Εὐριπίδου
695 1353 936 1415 εἰπόντος
958 1371 972 1384 ο

219 1442 515 1508 Γυναῖκές
543 1443 727 1511 ἐσμεν
749 1443 1108 1516 ἀθλιώτᾳτον
1131 1444 1339 1511 φυτόν,

147 1531 441 1601 Θεοδέκτης
465 1535 522 1585 ὲν
563 1534 913 1601 Ἀλκμαίωνι
948 1551 1109 1602 φησι·

219 1622 427 1689 Σαφὴς
450 1620 565 1690 μὲν
595 1621 664 1673 ἐν
689 1623 999 1687 ,ϐροτοῖσιν
1028 1621 1291 1690 ὑμνεῖται
1328 1620 1532 1689 λόγος,

234 1693 324 1755 Ὠς
353 1690 531 1743 οὐδέν
558 1691 725 1743 ἐστιν
758 1691 1111 1759 ἀθλιώτερον
1136 1692 1326 1759 φυτόν

221 1760 541 1824 Γυναικός.

1800 682 1975 741 patam
1993 713 2008 737 ,

1874 780 2043 834 Uxore
2077 782 2261 834 melius
2292 783 2367 834 nil
2397 783 2527 833 bona
2549 786 2830 851 quidquam
2858 784 2965 836 viro
2986 824 3000 847 ,

1871 851 2015 903 Mala
2038 854 2234 903 euenire
2262 853 2442 904 tetrius
2464 854 2623 920 possit
2646 853 2794 905 nihil.

1800 941 1969 1005 Quem
2009 942 2255 993 eumdem
2289 942 2342 994 in
2387 957 2606 996 sensum
2652 942 2931 1002 Euripides
2965 943 3019 996 in
3063 941 3353 1009 Melanippe

1801 1032 2003 1101 captiva
2018 1072 2032 1096 ,

1876 1120 2018 1172 Mala
2040 1120 2260 1172 inveniri
2294 1122 2489 1188 femina
2512 1137 2654 1188 pejus
2682 1131 2833 1188 queat

1874 1189 2045 1251 Nihil,
2082 1190 2310 1257 bonaque
2335 1192 2520 1242 melius
2549 1194 2717 1257 optari
2744 1192 2901 1248 nihil.

1874 1262 1942 1311 At
1976 1261 2072 1312 iste
2100 1260 2301 1311 varium
2326 1275 2477 1311 sexus
2513 1262 2771 1328 ingenium
2810 1263 2968 1328 capit.

1804 1348 2058 1417 Ejusdem
2093 1348 2360 1417 Euripidis
2391 1350 2519 1402 illud
2548 1358 2663 1408 est.

1874 1438 1983 1491 Nos
2010 1439 2142 1491 heu!
2172 1440 2416 1493 mulieres
2440 1456 2643 1508 germen
2662 1441 2846 1508 infelix
2875 1458 3075 1494 sumus.

1802 1526 1955 1591 Quod
1991 1528 2323 1583 Theodectes
2363 1530 2415 1582 in
2448 1530 2741 1583 Alcmwone
2772 1531 2852 1585 sic
2877 1532 3179 1598 expressit,

1877 1616 1990 1687 [Ioc
2017 1617 2138 1685 jure
2160 1621 2357 1685 passim
2384 1636 2530 1687 nemo
2555 1636 2652 1671 non
2676 1621 2942 1672 hominum
2971 1623 3147 1687 canit,

1875 1679 2033 1738 [laud
2064 1679 2174 1739 esse
2201 1704 2403 1755 germen
2436 1679 2629 1756 femina
2661 1690 2941 1757 infelicius.

2549 1762 2565 1798 κ

146 1842 319 1911 Οὗτος
351 1850 409 1901 οὐ
456 1802 612 1918 μονον
654 1848 750 1919 τὴν
795 1849 1045 1919 ἐπιϐολὴν
1077 1849 1281 1903 ἐκεῖθεν
1309 1848 1545 1918 εἴληφεν,
1572 1848 1705 1901 ἀλλὰ

1809 1838 1964 1909 467
2018 1836 2120 1902 Qui
2169 1838 2387 1907 quidem
2428 1838 2705 1895 sententia:
2732 1840 2891 1907 huius
2918 1856 3105 1893 ansam
3139 1856 3245 1894 non
3288 1856 3355 1895 ex

129 1941 245 2004 ,καὶ
277 1943 395 2002 ταῖς
426 1917 634 2004 λέξεσιν
665 1917 850 2001 animi;
880 1917 1284 2010 ,συγκέχρηταιη
1315 1917 1421 1992 καὶ.
1450 1939 1706 2009 ἠθέλησεν

1809 1932 1900 1983 illo
1931 1938 2143 1982 tantum
2174 1928 2449 1998 Euripidis
2476 1948 2634 1984 versu
2668 1932 2917 2000 arripuit,
2955 1933 3045 1985 sed
3080 1932 3224 1985 illam
3258 1932 3352 1985 iis-

146 2032 284 2085 αὐτὸ
317 2031 633 2101 πανούργως
676 2029 1031 2101 παροιμιακὸν
1070 2029 1266 2098 μᾶλλον
1306 2026 1463 2093 εἶναι,
1502 2030 1595 2081 καὶ
1634 2028 1707 2090 ὡς

147 2124 259 2177 ὑπὸ
288 2123 496 2175 πολλῶν
532 2113 805 2191 λεγομένῳ
836 2120 1255 2191 συγκεχρῆσθαι,
1297 2121 1330 2190 ἢ
1361 2122 1533 2173 δοκεῖν
1572 2120 1710 2189 εἱλη-

148 2215 311 2283 φέναι
364 2213 511 2285 παρὰ
540 2212 631 2265 τοῦ
659 2211 1059 2281 γεγεννηκότος.
1101 2212 1157 2263 '0
1191 2212 1235 2263 δ’
1261 2210 1600 2279 Ἀντίμαχος,
1639 2210 1707 2262 τὰ

160 2306 402 2375 Ὁμήρου
436 2302 701 2367 κλέπτων,
729 2300 1094 2372 παραδιορθοῖ.
1135 2302 1369 2373 Ὁμήρου
1398 2299 1503 2371 γὰρ
1528 2301 1705 2353 εἰπόν-

146 2412 284 2459 τοςο

150 2572 316 2643 Ἰὂεῴ
338 2570 387 2624 θ’
414 2570 481 2637 ὃς
508 2570 816 2639 κάρτιστος
843 2568 1193 2637 ἐπιχθονίων
1221 2566 1402 2636 γένετ’
1439 2565 1670 2633 ἀνδρῶν
1686 2584 1699 2596 ·

161 2748 488 2819 Ἀντίμαχος
512 2748 686 2816 λέγει·

155 2838 319 2893 Ἴδεώ
367 2838 475 2908 (15)
522 2840 572 2890 θ’
618 2836 685 2900 ὃς
728 2835 1041 2901 κάρτιστος
1078 2831 1554 2955 ἐπιχθονίωτῖδῆϊ
1598 2835 1704 2888 ἀν..

682 2930 687 2935 ‘
1481 2921 1616 2955 οων.

378 2903 387 2908 ’
459 2903 467 2907 ’
682 2930 687 2935 ι
1444 2904 1478 2955 δ
1528 2903 1552 2913 ”
1604 2943 1616 2955 .

153 2996 265 3050 Καὶ
290 2996 581 3066 Λυκόφρων
618 2995 825 3047 ἐπαινεῖ
858 2995 954 3063 τὴν
984 2992 1288 3061 μετάθεσιν,
1328 2903 1708 3063 ὼὲδιξῖἒτῆς

154 3084 551 3153 ἐστηριγμένου
576 3081 667 3134 τοῦ
698 3080 896 3149 στίχου.
922 3082 994 3132 Τὸ
1025 3081 1159 3151 γάρ,

1806 2022 1926 2075 dem
1955 2037 2169 2091 quoque
2192 2022 2368 2076 verbis
2391 2021 2607 2087 extulit,
2623 2021 2725 2077 nisi
2742 2022 2884 2091 quod
2906 2035 3119 2077 versute
3140 2024 3354 2091 quidem

1807 2123 1860 2167 et
1912 2114 2124 2179 callide,
2175 2114 2445 2183 proverbii
2491 2129 2661 2182 genus
2696 2113 2749 2167 id
2780 2112 2977 2179 facere,
3018 2129 3187 2183 eoque
3233 2124 3353 2167 tan-

1807 2218 1972 2272 quam
2010 2204 2153 2273 vulgi
2190 2219 2283 2257 ore
2336 2204 2441 2273 iam
2476 2203 2601 2256 trito
2643 2203 2790 2256 abuti
2846 2204 3052 2267 maluit,
3098 2219 3259 2272 quam
3289 2206 3357 2257 ab

1806 2294 1926 2363 ejus
1948 2305 2168 2349 auctore
2190 2303 2469 2348 mutuatus
2497 2295 2688 2348 videri.
2742 2295 3099 2348 Antimachus
3136 2310 3263 2348 vero
3301 2296 3354 2347 in

1806 2383 2003 2451 quibus
2036 2381 2251 2435 Homeri
2298 2382 2590 2450 plagiarius
2633 2390 2735 2445 est,
2777 2383 2828 2435 in
2884 2382 2950 2436 iis
2996 2393 3353 2437 correctorem

1809 2472 1938 2541 agit,
1972 2487 2097 2524 nam
2130 2473 2276 2526 illum
2308 2471 2524 2524 Homeri
2551 2486 2762 2525 versum
2787 2512 2801 2534 ,

1812 2561 1977 2616 Ἴδεώ
2008 2563 2056 2616 θ’
2082 2562 2149 2628 ὃς
2182 2561 2492 2630 κάρτιστος
2516 2564 2865 2630 ἐπιχθονίων
2894 2563 3077 2631 γένετ’
3103 2562 3353 2631 ἀνδρῶν’

1810 2652 1976 2720 Atque
2006 2650 2141 2717 Idae,
2177 2651 2399 2721 reliquos
2428 2652 2657 2705 homines
2681 2653 2770 2721 qui
2804 2653 2984 2705 robore
3018 2653 3162 2715 vicit,

1808 2742 1955 2794 vocis
2005 2742 2165 2794 unius
2198 2742 2492 2795 mutatione
2531 2743 2610 2797 sic
2646 2752 2870 2811 usurpat
2912 2743 3285 2809 Antimachus,

1811 2830 1966 2884 Ἴδεώ
1989 2831 2038 2886 θ’
2072 2832 2141 2897 ὃς
2168 2831 2483 2899 κάρτιστος
2506 2834 2863 2903 ἐπιχθονίων
2878 2831 2955 2903 ἦν
2986 2834 3244 2901 ἀνδρῶν.

1807 2984 1979 3051 Quam
2021 2986 2139 3054 ejus
2203 2984 2632 3043 emendationem
2700 2985 3016 3055 Lyc0phron
3077 2988 3353 3055 approbat,

1808 3076 1952 3143 quod
2002 3090 2064 3129 ea
2116 3090 2332 3130 versum
2388 3073 2580 3129 fulcire
2629 3075 2893 3129 videatur.
2950 3074 3084 3129 Nam
3128 3078 3353 3130 alterum

1808 3164 2027 3232 quidem
2052 3165 2224 3230 illum,

162 3252 277 3307 Τὸν
326 3252 379 3305 δ’
420 3253 879 3322 ἀπαμειϐόμενος
933 3250 1201 3323 προσέφη
1247 3252 1485 3324 κρείων⁸
1508 3252 1711 3324 ᾼιομῆ-
1737 3245 1780 3303 C
1818 3252 1923 3303 Τὸν
1947 3252 1999 3304 δ’
2018 3254 2481 3322 ἀπαμειϐόμενος
2506 3253 2775 3320 προσέφη
2817 3257 3027 3321 κρείων
3046 3256 3355 3324 Διομήδης,

1470 3319 1637 3389 ἴδητε,

156 3457 321 3525 σιγῶ,
380 3458 611 3527 Ὀμήρου
667 3456 1084 3525 κωμῳδηθέντος
1145 3456 1249 3507 ὑπὸ
1301 3458 1567 3527 Κρατίνου
1625 3457 1710 3510 διὰ

154 3549 218 3603 τὸ
247 3549 534 3601 πλεονάσαι
572 3550 628 3600 ὲν
659 3548 755 3617 τῷ,
791 3547 895 3600 τὸν
921 3546 972 3597 δ’
1001 3546 1490 3613 ἀπαμειϐόμενος-
1576 3548 1710 3616 ὅπερ

155 3639 305 3693 οὕτω
358 3639 731 3709 πεπατημένον
772 3639 870 3689 οὐκ
907 3635 1147 3705 ὤκνησεν
1181 3636 1500 3705 Ἀντίμαχος
1544 3654 1709 3705 μετα-

158 3732 357 3782 Θεῖναι.
399 3729 500 3781 Τοῦ
532 3728 619 3779 δέ·
692 3742 697 3749 ·

159 3905 338 3960 Δαῶν
397 3905 505 3975 (14)
552 3900 708 3957 οἶσιν
760 3905 1018 3966 ἄνασσε,
1064 3901 1258 3968 πατὴρ
1306 3902 1355 3953 δ’
1400 3900 1710 4040 ὡςίῆἤπιος

1552 3988 1638 4034 εν,

170 4048 471 4129 Ὁμηρικοῦ
520 4057 698 4120 ὄντοςο
744 4059 835 4110 καὶ
865 4059 1023 4111 πάλιν
1067 4055 1295 4125 ἀλλαχοῦ
1340 4073 1443 4109 που
1479 3970 1709 4129 [tight-

156 4165 254 4202 νου
281 4165 294 4178 ⁶

162 4242 230 4291 Ol
277 4237 329 4290 δ’
374 4238 497 4291 ἐπεὶ
545 4224 655 4308 (15)
704 4239 1109 4307 ἀμφοτέρωθεν
1163 4237 1557 4374 ἐκαρτιῖνῖαντο
1603 4234 1711 4303 φά-

1431 4321 1636 4372 αγγας,

1431 4321 1636 4365 αΤΤαςν

1349 4322 1369 4374 l
1388 4322 1616 4372 νεαγγας

156 4398 191 4449 ὁ
218 4394 535 4464 ’Δντίμαχος
573 4395 821 4464 μεταθεὶς
852 4396 1151 4465 ήμιστίχια,
1194 4394 1459 4461 πεποίηκε
1486 4410 1499 4422 ·

158 4565 338 4624 Δαῶν
367 4561 523 4621 οἷσιν
557 4564 830 4619 ἄνασσον
854 4568 1248 4634 ἐκαρτύναντο
1275 4566 1601 4634 φάλαγγας.

173 4678 317 4732 Ἀλλ’
352 4678 436 4730 ἵνα
468 4676 542 4747 μὴ
574 4677 664 4728 καὶ
693 4676 871 4748 αὐτὸς,
899 4677 1101 4745 κλοπῆς
1143 4677 1331 4739 ἄλλους
1372 4675 1711 4744 αἰτιώμενος¹ῖ

158 4768 401 4838 κλέπτης
425 4767 555 4833 ἁλῶ,
588 4768 710 4827 τοὺς
733 4767 1314 4835 πραγματευσαμένους
1339 4767 1407 4817 τὰ
1435 4766 1559 4835 περὶ
1593 4765 1713 4819 τούς

156 4874 272 4911 των
303 4856 538 4927 μηνύσω.
562 4856 866 4923 Λυσιμάχου
894 4855 989 4922 μὲν
1015 4856 1128 4906 ἔστι
1147 4856 1255 4918 δύο,
1274 4856 1409 4921 Περὶ
1432 4856 1536 4921 τῆς
1555 4857 1714 4923 Ἐφό-

154 4964 274 5017 ρου
296 4945 541 5012 κλοπῆς
560 4946 800 5005 Ἀλκαῖος
826 4944 881 4995 δὲ
909 4946 936 4995 ὁ
958 4943 1066 4995 τῶν
1088 4945 1338 5015 λοιδόρων
1366 4946 1569 5014 ἰάμϐων
1621 4947 1714 4997 καὶ

158 5036 597 5105 ἐπιγραμμάτων
628 5036 868 5103 ποιητὴς,
898 5034 1181 5103 παρῴδηκε
1212 5035 1309 5097 τὰς
1337 5034 1561 5104 Ἐφόρου
1594 5036 1714 5086 κλο-

163 5127 279 5189 πὰς
306 5126 613 5193 ἐξελέγχων.
635 5126 895 5192 Πολίωνος
912 5125 965 5176 δὲ
996 5124 1318 5191 Ἐπιστολὴ
1349 5126 1496 5191 πρὸς
1524 5128 1714 5191 Σωτηο

156 5217 377 5288 ρίνὸαν
392 5215 529 5282 Περὶ
552 5214 659 5282 τῆς
682 5218 939 5281 Κτησίου
966 5213 1195 5280 κλοπῆς
1212 5229 1225 5242 '
1251 5213 1341 5265 τοῦ
1366 5214 1583 5266 δἀὑτοῦ
1621 5216 1714 5267 καὶ

164 5306 311 5374 Περὶ
354 5305 460 5373 τῆς
499 5305 809 5371 Ἡροδότου
835 5304 1068 5371 κλοπῆς
1126 5307 1239 5355 ἐστι
1274 5305 1496 5372 βιϐλίον·
1534 5306 1628 5357 καὶ
1655 5307 1714 5357 ὲν

164 5396 586 5467 ἐπιγραφομένῳ
598 5397 638 5448 Ἰ
636 5398 871 5464 χνευταὶ
890 5396 1054 5449 πολλὰ
1071 5397 1193 5466 περὶ
1214 5394 1529 5464 Θεοπόμπου
1560 5396 1712 5463 λέγε-

162 5506 280 5544 ται.
308 5487 597 5560 Ἀρητάὸου
647 5487 703 5540 τέ
737 5490 847 5539 ἐστι
896 5488 1028 5555 Περὶ
1080 5486 1544 5555 σωεμπτώσεως
1583 5502 1715 5557 πρα-
1754 5542 1763 5552 ’

162 5576 425 5648 γματεία,
447 5576 505 5640 ἐξ
530 5571 597 5635 ἧς
628 5572 847 5625 τοιαῦτα
866 5574 1032 5627 πολλὰ
1056 5576 1168 5629 ἔστι
1201 5575 1414 5642 γνῶναι.
1444 5575 1551 5629 Καὶ
1595 5574 1713 5645 μεθ’

238 5732 352 5804 (15)
384 5731 557 5804 Ἴδεω.
594 5730 793 5804 Iliados
820 5730 890 5804 ς’,

238 5798 569 5872 (14)Λιιῶν.
607 5799 793 5868 Odyss.
824 5798 897 5860 B',
926 5798 1047 5851 234.

488 5891 677 5949 Pun.
713 5892 826 5949 Gn.
868 5890 1039 5951 XXI.

1812 3341 1910 3395 His
1947 3354 2130 3397 contra
2159 3346 2397 3413 princeps
2430 3346 2703 3399 Diomedes
2735 3347 2941 3400 vocibus
2974 3348 3112 3414 inﬁt,

1810 3458 1967 3511 faule
1997 3454 2276 3528 praetereo,
2326 3473 2448 3511 cum
2494 3473 2560 3511 eo
2604 3460 2820 3512 nomine
2852 3457 3117 3513 Homerus
3156 3458 3357 3511 Cratini

1808 3548 2071 3600 commdia
2103 3548 2435 3613 traducatur,
2470 3549 2613 3615 quod
2642 3564 2799 3602 suum
2830 3548 2981 3611 illud,
3010 3549 3115 3599 τὸν
3140 3547 3190 3599 δ’
3211 3548 3359 3600 ἁπα-

1802 3640 2167 3706 μεισόμενος,
2215 3639 2281 3692 ad
2334 3641 2635 3692 satietatem
2692 3638 2943 3691 inculcet.
2991 3638 3145 3702 Quod
3188 3653 3360 3707 usque

1809 3729 1945 3780 adeo
1968 3722 2270 3780 'contritum
2301 3728 2451 3792 licet,
2480 3729 2595 3781 suis
2622 3736 2798 3782 tamen
2828 3728 3069 3781 inserere
3099 3743 3205 3781 non
3234 3732 3358 3781 eru-

1806 3817 1921 3871 buit
1965 3816 2341 3871 Antimachus.
2386 3817 2649 3871 Praeterea
2704 3816 3050 3872 Homericum
3082 3819 3211 3872 illud
3240 3828 3356 3872 est:

1808 3906 1856 3958 E
1887 3906 2109 3974 populis,
2134 3908 2307 3974 patrio
2334 3924 2460 3977 quos
2485 3908 2707 3961 blandus
2760 3925 2935 3961 amore
2967 3909 3171 3976 regebat
3200 3926 3219 3970 ,-

1810 4055 2047 4124 itcmque
2083 4054 2309 4111 alterum
2338 4053 2462 4118 hoc,

1811 4234 1877 4285 At
1945 4242 2218 4300 postquam
2272 4233 2391 4283 hinc
2440 4243 2593 4298 atque
2633 4231 2751 4281 hinc
2806 4231 3019 4300 densam
3064 4231 3356 4282 instruxere

2921 4299 3273 4369 [phalangem,

1810 4390 1928 4456 Quo
1948 4406 2014 4444 ex
2055 4399 2285 4459 utroque
2336 4389 2565 4458 sumptis
2614 4391 2969 4445 hemisticbiis
3000 4391 3355 4447 Antimachus

1809 4497 2025 4536 versum
2057 4482 2203 4534 hunc
2224 4480 2480 4535 conﬂavit
2513 4492 2525 4526 ῑ

1738 4564 1782 4619 Ῑ)
1880 4572 1927 4626 Ε
1959 4573 2103 4642 regni
2128 4574 2330 4642 populis
2353 4574 2566 4624 densam
2588 4572 2875 4626 instruxere
2901 4572 3226 4642 phalangem.

1814 4681 1885 4734 At
1930 4681 2243 4746 enimvero,
2279 4696 2347 4733 ne
2386 4681 2513 4734 dum
2566 4682 2695 4736 furti
2738 4684 2871 4737 alios
2919 4682 3193 4746 insimulo,
3226 4680 3355 4736 furti

1811 4774 2014 4827 crimen
2044 4774 2263 4827 subeam
2287 4774 2399 4839 ipse
2428 4786 2661 4838 quoque,
2690 4773 2909 4839 quinam
2938 4772 3080 4825 furta
3121 4773 3223 4826 ista
3256 4789 3354 4842 pa-

1813 4862 2087 4917 telecerint
2136 4860 2405 4913 indicabo.
2459 4858 2763 4927 Lysimachi
2814 4868 3030 4912 exstant
3094 4860 3171 4913 De
3202 4862 3356 4929 furtis

1814 4953 2011 5023 Ephori
2042 4951 2163 5003 libri
2198 4950 2324 5001 duo.
2362 4946 2559 5000 Eadem
2594 4948 2802 5001 Alcaeus
2838 4950 3357 5004 contumeliosorum

1814 5045 2110 5098 iamborum
2144 5040 2698 5107 epigrammatumque
2741 5038 2992 5106 scriptor,
3029 5039 3202 5094 faceto
3237 5057 3357 5095 car—

1814 5136 1974 5188 minis
2000 5146 2191 5201 genere
2213 5131 2475 5197 coarguit.
2511 5128 2749 5181 Poliouis
2771 5128 2849 5179 Ad
2878 5126 3211 5181 Soterindam
3244 5131 3355 5197 epi-

1813 5225 2001 5277 stolam
2033 5222 2094 5272 de
2124 5220 2329 5284 Ctesia,
2358 5221 2590 5287 itemque
2613 5217 2807 5270 librum
2826 5216 2899 5268 De
2924 5218 3176 5271 Herodoti
3200 5220 3352 5285 furtis

1816 5315 2095 5367 habemus.
2148 5309 2202 5361 In
2233 5325 2298 5363 eo
2339 5308 2606 5367 similiter,
2635 5305 2721 5358 cui
2751 5307 2939 5360 titulus
2976 5316 3076 5370 est,
3121 5305 3349 5374 Indaga-

1815 5416 1972 5461 tores,
2000 5402 2062 5453 de
2103 5399 2451 5466 Theopompo
2473 5396 2638 5449 multa
2673 5397 2942 5463 leguntur.
2984 5395 3169 5449 Exstat
3192 5398 3347 5452 etiam

1814 5491 2059 5545 Aretadis
2115 5488 2190 5541 De
2245 5488 2463 5555 fortuita
2522 5487 2874 5537 convenientia
2928 5498 3062 5551 opus
3116 5484 3351 5552 aliquod,

1815 5581 1954 5636 unde
1988 5578 2297 5647 hujusmodi
2331 5576 2584 5644 pleraque
2610 5576 2825 5629 haurire
2871 5575 3045 5626 liceat.
3091 5572 3355 5632 Rursum-

1884 5736 1992 5804 ll5)
2030 5734 2166 5788 016⁸
2194 5735 2338 5786 ἐπεί.
2376 5732 2605 5800 Passrm,
2641 5743 2697 5787 ut
2728 5730 2888 5784 Iliad.
2920 5731 2998 5793 H',
3026 5730 3147 5785 563.

2972 5887 3085 5947 25.
