  <div class='ocr_page' id='page_1' title='image "/cluster/home/n/w/nwhite01/storage/ocr_20150623/21/pst.000004029076/397.png"; bbox 0 0 3994 6340; ppageno 0'>
   <div class='ocr_carea' id='block_1_1' title="bbox 701 423 799 479">
    <p class='ocr_par' dir='ltr' id='par_1_1' title="bbox 701 423 799 479">
     <span class='ocr_line' id='line_1_1' title="bbox 701 423 799 479; baseline 0.02 -2"><span class='ocrx_word' id='word_1_1' title='bbox 701 423 799 479; x_wconf 81' lang='grc' dir='ltr'><strong>’Π9</strong></span> 
     </span>
    </p>
   </div>
   <div class='ocr_carea' id='block_1_2' title="bbox 1276 425 3863 486">
    <p class='ocr_par' dir='ltr' id='par_1_2' title="bbox 1276 425 3863 486">
     <span class='ocr_line' id='line_1_2' title="bbox 1276 425 3863 486; baseline -0 -4"><span class='ocrx_word' id='word_1_2' title='bbox 1276 450 1277 453; x_wconf 46' lang='grc' dir='ltr'><strong>η</strong></span> <span class='ocrx_word' id='word_1_3' title='bbox 1356 429 1627 486; x_wconf 86' lang='lat' dir='ltr'><strong>EUSEBII</strong></span> <span class='ocrx_word' id='word_1_4' title='bbox 1667 426 2142 483; x_wconf 61' lang='lat' dir='ltr'><strong>CESARIENSIS</strong></span> <span class='ocrx_word' id='word_1_5' title='bbox 2183 425 2330 482; x_wconf 79' lang='lat' dir='ltr'><strong>OPP.</strong></span> <span class='ocrx_word' id='word_1_6' title='bbox 2377 427 2559 481; x_wconf 82' lang='lat' dir='ltr'><strong>PARS</strong></span> <span class='ocrx_word' id='word_1_7' title='bbox 2599 428 2665 482; x_wconf 86' lang='lat' dir='ltr'><strong>ll.</strong></span> <span class='ocrx_word' id='word_1_8' title='bbox 2710 457 2766 472; x_wconf 85' lang='lat'><strong>--</strong></span> <span class='ocrx_word' id='word_1_9' title='bbox 2811 427 3305 484; x_wconf 66' lang='lat' dir='ltr'><strong>APOLOGETlCA.</strong></span> <span class='ocrx_word' id='word_1_10' title='bbox 3791 429 3863 482; x_wconf 79' lang='lat'><strong>780</strong></span> 
     </span>
    </p>
   </div>
   <div class='ocr_carea' id='block_1_3' title="bbox 700 535 2244 612">
    <p class='ocr_par' dir='ltr' id='par_1_3' title="bbox 700 539 2244 611">
     <span class='ocr_line' id='line_1_3' title="bbox 700 539 2244 611; baseline 0.003 -22"><span class='ocrx_word' id='word_1_11' title='bbox 700 553 802 606; x_wconf 78' lang='lat' dir='ltr'><strong>que</strong></span> <span class='ocrx_word' id='word_1_12' title='bbox 835 548 954 606; x_wconf 91' lang='lat' dir='ltr'><strong>post</strong></span> <span class='ocrx_word' id='word_1_13' title='bbox 979 539 1081 593; x_wconf 89' lang='lat' dir='ltr'><strong>alia</strong></span> <span class='ocrx_word' id='word_1_14' title='bbox 1108 547 1348 608; x_wconf 64' lang='lat' dir='ltr'><strong>quaedam</strong></span> <span class='ocrx_word' id='word_1_15' title='bbox 1369 560 1390 610; x_wconf 47' lang='grc' dir='ltr'><strong>,ε</strong></span> <span class='ocrx_word' id='word_1_16' title='bbox 1421 540 1731 611; x_wconf 80' lang='lat' dir='ltr'><strong>Plagiarios,</strong></span> <span class='ocrx_word' id='word_1_17' title='bbox 1755 541 1928 609; x_wconf 82' lang='lat' dir='ltr'><strong>inquit</strong></span> <span class='ocrx_word' id='word_1_18' title='bbox 1957 540 2244 602; x_wconf 78' lang='lat' dir='ltr'><strong>Prosenes,</strong></span> 
     </span>
    </p>
   </div>
   <div class='ocr_carea' id='block_1_4' title="bbox 2348 535 3861 612">
    <p class='ocr_par' dir='ltr' id='par_1_4' title="bbox 2352 535 3861 612">
     <span class='ocr_line' id='line_1_4' title="bbox 2352 535 3861 612; baseline -0.011 -5"><span class='ocrx_word' id='word_1_19' title='bbox 2352 540 2531 609; x_wconf 72' lang='grc' dir='ltr'>ἕτερα,</span> <span class='ocrx_word' id='word_1_20' title='bbox 2581 541 2672 593; x_wconf 64' lang='grc' dir='ltr'>καὶ</span> <span class='ocrx_word' id='word_1_21' title='bbox 2711 543 2738 593; x_wconf 79' lang='grc' dir='ltr'><em>ὁ</em></span> <span class='ocrx_word' id='word_1_22' title='bbox 2792 542 3102 612; x_wconf 74' lang='grc' dir='ltr'>Προσὴνης·</span> <span class='ocrx_word' id='word_1_23' title='bbox 3149 543 3286 603; x_wconf 75' lang='grc' dir='ltr'>Τοὺς</span> <span class='ocrx_word' id='word_1_24' title='bbox 3335 535 3432 610; x_wconf 76' lang='grc' dir='ltr'><strong>μὲν</strong></span> <span class='ocrx_word' id='word_1_25' title='bbox 3495 541 3716 603; x_wconf 78' lang='grc' dir='ltr'>ἄλλους,</span> <span class='ocrx_word' id='word_1_26' title='bbox 3770 541 3861 610; x_wconf 67' lang='grc' dir='ltr'>ἔφη,</span> 
     </span>
    </p>
   </div>
   <div class='ocr_carea' id='block_1_5' title="bbox 696 629 2246 699">
    <p class='ocr_par' dir='ltr' id='par_1_5' title="bbox 696 629 2246 699">
     <span class='ocr_line' id='line_1_5' title="bbox 696 629 2246 699; baseline 0.003 -20"><span class='ocrx_word' id='word_1_27' title='bbox 696 629 834 681; x_wconf 84' lang='lat' dir='ltr'><strong>alios</strong></span> <span class='ocrx_word' id='word_1_28' title='bbox 866 631 1190 697; x_wconf 67' lang='lat' dir='ltr'><strong>proditlistis.</strong></span> <span class='ocrx_word' id='word_1_29' title='bbox 1228 633 1294 685; x_wconf 80' lang='lat' dir='ltr'><strong>At</strong></span> <span class='ocrx_word' id='word_1_30' title='bbox 1324 631 1599 684; x_wconf 88' lang='lat' dir='ltr'><strong>Platonem</strong></span> <span class='ocrx_word' id='word_1_31' title='bbox 1621 632 1772 685; x_wconf 92' lang='lat' dir='ltr'><strong>illum</strong></span> <span class='ocrx_word' id='word_1_32' title='bbox 1801 633 2065 696; x_wconf 89' lang='lat' dir='ltr'><strong>divinum,</strong></span> <span class='ocrx_word' id='word_1_33' title='bbox 2092 631 2246 699; x_wconf 79' lang='lat' dir='ltr'><strong>cuius</strong></span> 
     </span>
    </p>
   </div>
   <div class='ocr_carea' id='block_1_6' title="bbox 697 720 2236 792">
    <p class='ocr_par' dir='ltr' id='par_1_6' title="bbox 697 720 2236 792">
     <span class='ocr_line' id='line_1_6' title="bbox 697 720 2236 792; baseline 0.003 -21"><span class='ocrx_word' id='word_1_34' title='bbox 697 733 728 771; x_wconf 88' lang='lat' dir='ltr'><strong>e</strong></span> <span class='ocrx_word' id='word_1_35' title='bbox 774 721 988 773; x_wconf 86' lang='lat' dir='ltr'><strong>nomine</strong></span> <span class='ocrx_word' id='word_1_36' title='bbox 1042 721 1238 774; x_wconf 83' lang='lat' dir='ltr'><strong>festum</strong></span> <span class='ocrx_word' id='word_1_37' title='bbox 1280 720 1445 792; x_wconf 64' lang='grc'><strong>468</strong></span> <span class='ocrx_word' id='word_1_38' title='bbox 1497 723 1640 775; x_wconf 91' lang='lat' dir='ltr'><strong>hunc</strong></span> <span class='ocrx_word' id='word_1_39' title='bbox 1686 721 1828 778; x_wconf 89' lang='lat' dir='ltr'><strong>diem</strong></span> <span class='ocrx_word' id='word_1_40' title='bbox 1877 722 2236 783; x_wconf 89' lang='lat' dir='ltr'><strong>celebramus,</strong></span> 
     </span>
    </p>
   </div>
   <div class='ocr_carea' id='block_1_7' title="bbox 697 810 2244 880">
    <p class='ocr_par' dir='ltr' id='par_1_7' title="bbox 697 810 2244 880">
     <span class='ocr_line' id='line_1_7' title="bbox 697 810 2244 880; baseline 0.002 -20"><span class='ocrx_word' id='word_1_41' title='bbox 697 821 884 862; x_wconf 89' lang='lat' dir='ltr'><strong>eorum</strong></span> <span class='ocrx_word' id='word_1_42' title='bbox 939 810 1174 878; x_wconf 79' lang='lat' dir='ltr'><strong>scriptis,</strong></span> <span class='ocrx_word' id='word_1_43' title='bbox 1225 810 1317 877; x_wconf 89' lang='lat' dir='ltr'><strong>qui</strong></span> <span class='ocrx_word' id='word_1_44' title='bbox 1367 818 1490 863; x_wconf 82' lang='lat' dir='ltr'><strong>ante</strong></span> <span class='ocrx_word' id='word_1_45' title='bbox 1541 825 1599 863; x_wconf 90' lang='lat' dir='ltr'><strong>se</strong></span> <span class='ocrx_word' id='word_1_46' title='bbox 1630 811 1902 874; x_wconf 82' lang='lat' dir='ltr'><strong>vixerunt,</strong></span> <span class='ocrx_word' id='word_1_47' title='bbox 1959 811 2244 880; x_wconf 71' lang='lat' dir='ltr'><strong>permultis</strong></span> 
     </span>
    </p>
   </div>
   <div class='ocr_carea' id='block_1_8' title="bbox 701 898 2247 968">
    <p class='ocr_par' dir='ltr' id='par_1_8' title="bbox 701 898 2247 968">
     <span class='ocr_line' id='line_1_8' title="bbox 701 898 2247 968; baseline 0.001 -17"><span class='ocrx_word' id='word_1_48' title='bbox 701 899 848 952; x_wconf 81' lang='lat' dir='ltr'><strong>abuti</strong></span> <span class='ocrx_word' id='word_1_49' title='bbox 902 898 1097 966; x_wconf 77' lang='lat' dir='ltr'><strong>(furem</strong></span> <span class='ocrx_word' id='word_1_50' title='bbox 1131 900 1272 953; x_wconf 91' lang='lat' dir='ltr'><strong>enim</strong></span> <span class='ocrx_word' id='word_1_51' title='bbox 1311 901 1469 953; x_wconf 86' lang='lat' dir='ltr'><strong>talem</strong></span> <span class='ocrx_word' id='word_1_52' title='bbox 1502 900 1678 953; x_wconf 84' lang='lat' dir='ltr'><strong>virum</strong></span> <span class='ocrx_word' id='word_1_53' title='bbox 1705 900 1974 968; x_wconf 87' lang='lat' dir='ltr'><strong>appellare</strong></span> <span class='ocrx_word' id='word_1_54' title='bbox 2008 916 2115 952; x_wconf 87' lang='lat' dir='ltr'><strong>non</strong></span> <span class='ocrx_word' id='word_1_55' title='bbox 2147 917 2247 953; x_wconf 79' lang='lat' dir='ltr'><strong>an-</strong></span> 
     </span>
    </p>
   </div>
   <div class='ocr_carea' id='block_1_9' title="bbox 699 989 2243 1059">
    <p class='ocr_par' dir='ltr' id='par_1_9' title="bbox 699 989 2243 1059">
     <span class='ocr_line' id='line_1_9' title="bbox 699 989 2243 1059; baseline 0 -15"><span class='ocrx_word' id='word_1_56' title='bbox 699 989 844 1058; x_wconf 72' lang='lat' dir='ltr'><strong>deo,)</strong></span> <span class='ocrx_word' id='word_1_57' title='bbox 884 999 1121 1043; x_wconf 86' lang='lat' dir='ltr'><strong>vestrum</strong></span> <span class='ocrx_word' id='word_1_58' title='bbox 1170 989 1347 1043; x_wconf 86' lang='lat' dir='ltr'><strong>adhuc</strong></span> <span class='ocrx_word' id='word_1_59' title='bbox 1397 1005 1555 1043; x_wconf 89' lang='lat' dir='ltr'><strong>nemo</strong></span> <span class='ocrx_word' id='word_1_60' title='bbox 1588 990 1961 1059; x_wconf 86' lang='lat' dir='ltr'><strong>deprehendit.</strong></span> <span class='ocrx_word' id='word_1_61' title='bbox 2012 991 2149 1056; x_wconf 85' lang='lat' dir='ltr'><strong>Quid</strong></span> <span class='ocrx_word' id='word_1_62' title='bbox 2187 1001 2243 1044; x_wconf 90' lang='lat' dir='ltr'><strong>tu</strong></span> 
     </span>
    </p>
   </div>
   <div class='ocr_carea' id='block_1_10' title="bbox 699 1077 2245 1147">
    <p class='ocr_par' dir='ltr' id='par_1_10' title="bbox 699 1077 2245 1147">
     <span class='ocr_line' id='line_1_10' title="bbox 699 1077 2245 1147; baseline -0.001 -13"><span class='ocrx_word' id='word_1_63' title='bbox 699 1081 818 1134; x_wconf 85' lang='lat' dir='ltr'><strong>ais?</strong></span> <span class='ocrx_word' id='word_1_64' title='bbox 871 1079 1043 1147; x_wconf 89' lang='lat' dir='ltr'><strong>inquit</strong></span> <span class='ocrx_word' id='word_1_65' title='bbox 1067 1079 1334 1133; x_wconf 83' lang='lat' dir='ltr'><strong>Callictes.</strong></span> <span class='ocrx_word' id='word_1_66' title='bbox 1382 1077 1472 1132; x_wconf 82' lang='lat' dir='ltr'><strong>ille</strong></span> <span class='ocrx_word' id='word_1_67' title='bbox 1520 1088 1739 1133; x_wconf 90' lang='lat' dir='ltr'><strong>autem:</strong></span> <span class='ocrx_word' id='word_1_68' title='bbox 1793 1078 2082 1133; x_wconf 76' lang='lat' dir='ltr'><strong>Enimvero</strong></span> <span class='ocrx_word' id='word_1_69' title='bbox 2137 1095 2245 1133; x_wconf 91' lang='lat' dir='ltr'><strong>non</strong></span> 
     </span>
    </p>
   </div>
   <div class='ocr_carea' id='block_1_11' title="bbox 696 1167 2241 1239">
    <p class='ocr_par' dir='ltr' id='par_1_11' title="bbox 696 1167 2241 1239">
     <span class='ocr_line' id='line_1_11' title="bbox 696 1167 2241 1239; baseline -0.001 -15"><span class='ocrx_word' id='word_1_70' title='bbox 696 1177 905 1224; x_wconf 88' lang='lat' dir='ltr'><strong>tantum</strong></span> <span class='ocrx_word' id='word_1_71' title='bbox 938 1169 1048 1233; x_wconf 80' lang='lat' dir='ltr'><strong>aio,</strong></span> <span class='ocrx_word' id='word_1_72' title='bbox 1074 1168 1167 1222; x_wconf 89' lang='lat' dir='ltr'><strong>sed</strong></span> <span class='ocrx_word' id='word_1_73' title='bbox 1201 1170 1362 1221; x_wconf 86' lang='lat' dir='ltr'><strong>etiam</strong></span> <span class='ocrx_word' id='word_1_74' title='bbox 1395 1167 1572 1222; x_wconf 80' lang='lat' dir='ltr'><strong>verbis</strong></span> <span class='ocrx_word' id='word_1_75' title='bbox 1602 1171 1777 1236; x_wconf 88' lang='lat' dir='ltr'><strong>rcipsa</strong></span> <span class='ocrx_word' id='word_1_76' title='bbox 1802 1167 1958 1221; x_wconf 83' lang='lat' dir='ltr'><strong>ﬁdem</strong></span> <span class='ocrx_word' id='word_1_77' title='bbox 1987 1170 2241 1239; x_wconf 86' lang='lat' dir='ltr'><strong>adjungo.</strong></span> 
     </span>
    </p>
   </div>
   <div class='ocr_carea' id='block_1_12' title="bbox 697 1257 2246 1332">
    <p class='ocr_par' dir='ltr' id='par_1_12' title="bbox 697 1257 2246 1332">
     <span class='ocr_line' id='line_1_12' title="bbox 697 1257 2246 1332; baseline 0.001 -20"><span class='ocrx_word' id='word_1_78' title='bbox 697 1258 844 1313; x_wconf 87' lang='lat' dir='ltr'><strong>Libri</strong></span> <span class='ocrx_word' id='word_1_79' title='bbox 875 1258 1088 1326; x_wconf 84' lang='lat' dir='ltr'><strong>quidem</strong></span> <span class='ocrx_word' id='word_1_80' title='bbox 1119 1271 1331 1319; x_wconf 88' lang='lat' dir='ltr'><strong>eorum,</strong></span> <span class='ocrx_word' id='word_1_81' title='bbox 1380 1258 1470 1325; x_wconf 87' lang='lat' dir='ltr'><strong>qui</strong></span> <span class='ocrx_word' id='word_1_82' title='bbox 1505 1267 1660 1312; x_wconf 77' lang='lat' dir='ltr'><strong>:etate</strong></span> <span class='ocrx_word' id='word_1_83' title='bbox 1690 1257 1966 1332; x_wconf 79' lang='lat' dir='ltr'><strong>Platonem</strong></span> <span class='ocrx_word' id='word_1_84' title='bbox 2000 1269 2246 1314; x_wconf 88' lang='lat' dir='ltr'><strong>anteces-</strong></span> 
     </span>
    </p>
   </div>
   <div class='ocr_carea' id='block_1_13' title="bbox 639 1349 2242 1418">
    <p class='ocr_par' dir='ltr' id='par_1_13' title="bbox 639 1349 2242 1418">
     <span class='ocr_line' id='line_1_13' title="bbox 639 1349 2242 1418; baseline -0.001 -13"><span class='ocrx_word' id='word_1_85' title='bbox 639 1413 641 1415; x_wconf 11' lang='lat' dir='ltr'><strong>I</strong></span> <span class='ocrx_word' id='word_1_86' title='bbox 699 1349 888 1415; x_wconf 89' lang='lat' dir='ltr'><strong>serint,</strong></span> <span class='ocrx_word' id='word_1_87' title='bbox 939 1356 1153 1402; x_wconf 75' lang='lat' dir='ltr'><strong>exstant</strong></span> <span class='ocrx_word' id='word_1_88' title='bbox 1204 1363 1336 1402; x_wconf 88' lang='lat' dir='ltr'><strong>sane</strong></span> <span class='ocrx_word' id='word_1_89' title='bbox 1391 1349 1668 1418; x_wconf 83' lang='lat' dir='ltr'><strong>perpauci,</strong></span> <span class='ocrx_word' id='word_1_90' title='bbox 1714 1363 1949 1417; x_wconf 90' lang='lat' dir='ltr'><strong>quorum</strong></span> <span class='ocrx_word' id='word_1_91' title='bbox 2004 1349 2048 1402; x_wconf 89' lang='lat' dir='ltr'><strong>si</strong></span> <span class='ocrx_word' id='word_1_92' title='bbox 2091 1352 2242 1417; x_wconf 89' lang='lat' dir='ltr'><strong>copia</strong></span> 
     </span>
    </p>
   </div>
   <div class='ocr_carea' id='block_1_14' title="bbox 697 1439 2240 1510">
    <p class='ocr_par' dir='ltr' id='par_1_14' title="bbox 697 1439 2240 1510">
     <span class='ocr_line' id='line_1_14' title="bbox 697 1439 2240 1510; baseline -0.001 -14"><span class='ocrx_word' id='word_1_93' title='bbox 697 1443 857 1503; x_wconf 76' lang='lat' dir='ltr'><strong>fouet,</strong></span> <span class='ocrx_word' id='word_1_94' title='bbox 887 1441 1042 1508; x_wconf 89' lang='lat' dir='ltr'><strong>plura</strong></span> <span class='ocrx_word' id='word_1_95' title='bbox 1077 1439 1321 1493; x_wconf 80' lang='lat' dir='ltr'><strong>fortassis</strong></span> <span class='ocrx_word' id='word_1_96' title='bbox 1352 1439 1510 1508; x_wconf 84' lang='lat' dir='ltr'><strong>hujus</strong></span> <span class='ocrx_word' id='word_1_97' title='bbox 1535 1441 1839 1508; x_wconf 84' lang='lat' dir='ltr'><strong>philosophi</strong></span> <span class='ocrx_word' id='word_1_98' title='bbox 1872 1440 2012 1494; x_wconf 79' lang='lat' dir='ltr'><strong>furta</strong></span> <span class='ocrx_word' id='word_1_99' title='bbox 2046 1441 2240 1510; x_wconf 89' lang='lat' dir='ltr'><strong>depre-</strong></span> 
     </span>
    </p>
   </div>
   <div class='ocr_carea' id='block_1_15' title="bbox 696 1515 2236 1585">
    <p class='ocr_par' dir='ltr' id='par_1_15' title="bbox 696 1515 2236 1585">
     <span class='ocr_line' id='line_1_15' title="bbox 696 1515 2236 1585; baseline -0.001 -1"><span class='ocrx_word' id='word_1_100' title='bbox 696 1533 868 1585; x_wconf 83' lang='lat' dir='ltr'><strong>hensa</strong></span> <span class='ocrx_word' id='word_1_101' title='bbox 897 1529 1089 1583; x_wconf 79' lang='lat' dir='ltr'><strong>forent.</strong></span> <span class='ocrx_word' id='word_1_102' title='bbox 1125 1515 1270 1583; x_wconf 68' lang='lat' dir='ltr'><strong>Casu</strong></span> <span class='ocrx_word' id='word_1_103' title='bbox 1306 1544 1435 1584; x_wconf 90' lang='lat' dir='ltr'><strong>vero</strong></span> <span class='ocrx_word' id='word_1_104' title='bbox 1467 1531 1600 1583; x_wconf 90' lang='lat' dir='ltr'><strong>mihi</strong></span> <span class='ocrx_word' id='word_1_105' title='bbox 1635 1544 1922 1584; x_wconf 89' lang='lat' dir='ltr'><strong>occurrere</strong></span> <span class='ocrx_word' id='word_1_106' title='bbox 1959 1532 2236 1584; x_wconf 91' lang='lat' dir='ltr'><strong>nonnulla.</strong></span> 
     </span>
    </p>
   </div>
   <div class='ocr_carea' id='block_1_16' title="bbox 697 1618 2240 1690">
    <p class='ocr_par' dir='ltr' id='par_1_16' title="bbox 697 1618 2240 1690">
     <span class='ocr_line' id='line_1_16' title="bbox 697 1618 2240 1690; baseline -0.001 -15"><span class='ocrx_word' id='word_1_107' title='bbox 697 1619 832 1675; x_wconf 89' lang='lat' dir='ltr'><strong>Cum</strong></span> <span class='ocrx_word' id='word_1_108' title='bbox 869 1620 1008 1673; x_wconf 89' lang='lat' dir='ltr'><strong>enim</strong></span> <span class='ocrx_word' id='word_1_109' title='bbox 1052 1618 1364 1688; x_wconf 72' lang='lat' dir='ltr'><strong>Protagorte-</strong></span> <span class='ocrx_word' id='word_1_110' title='bbox 1393 1619 1588 1681; x_wconf 83' lang='lat' dir='ltr'><strong>librum</strong></span> <span class='ocrx_word' id='word_1_111' title='bbox 1632 1619 1706 1672; x_wconf 87' lang='lat' dir='ltr'><strong>De</strong></span> <span class='ocrx_word' id='word_1_112' title='bbox 1732 1630 1845 1673; x_wconf 82' lang='lat' dir='ltr'><strong>cute</strong></span> <span class='ocrx_word' id='word_1_113' title='bbox 1893 1621 2240 1690; x_wconf 72' lang='lat' dir='ltr'><strong>pet-legerem,</strong></span> 
     </span>
    </p>
   </div>
   <div class='ocr_carea' id='block_1_17' title="bbox 658 1711 2243 1781">
    <p class='ocr_par' dir='ltr' id='par_1_17' title="bbox 658 1711 2243 1781">
     <span class='ocr_line' id='line_1_17' title="bbox 658 1711 2243 1781; baseline 0 -16"><span class='ocrx_word' id='word_1_114' title='bbox 658 1711 784 1766; x_wconf 88' lang='lat' dir='ltr'><strong>-his</strong></span> <span class='ocrx_word' id='word_1_115' title='bbox 817 1712 966 1766; x_wconf 90' lang='lat' dir='ltr'><strong>illum</strong></span> <span class='ocrx_word' id='word_1_116' title='bbox 996 1726 1094 1781; x_wconf 87' lang='lat' dir='ltr'><strong>ego</strong></span> <span class='ocrx_word' id='word_1_117' title='bbox 1134 1711 1456 1771; x_wconf 87' lang='lat' dir='ltr'><strong>rationibus,</strong></span> <span class='ocrx_word' id='word_1_118' title='bbox 1509 1725 1624 1775; x_wconf 87' lang='lat' dir='ltr'><strong>eos,</strong></span> <span class='ocrx_word' id='word_1_119' title='bbox 1678 1711 1770 1780; x_wconf 89' lang='lat' dir='ltr'><strong>qui</strong></span> <span class='ocrx_word' id='word_1_120' title='bbox 1819 1727 1912 1765; x_wconf 91' lang='lat' dir='ltr'><strong>ens</strong></span> <span class='ocrx_word' id='word_1_121' title='bbox 1981 1713 2243 1766; x_wconf 83' lang='lat' dir='ltr'><strong>duntaxat</strong></span> 
     </span>
    </p>
   </div>
   <div class='ocr_carea' id='block_1_18' title="bbox 696 1800 2239 1870">
    <p class='ocr_par' dir='ltr' id='par_1_18' title="bbox 696 1800 2239 1870">
     <span class='ocr_line' id='line_1_18' title="bbox 696 1800 2239 1870; baseline 0 -15"><span class='ocrx_word' id='word_1_122' title='bbox 696 1818 863 1855; x_wconf 92' lang='lat' dir='ltr'><strong>unum</strong></span> <span class='ocrx_word' id='word_1_123' title='bbox 917 1815 1033 1856; x_wconf 88' lang='lat' dir='ltr'><strong>esse</strong></span> <span class='ocrx_word' id='word_1_124' title='bbox 1084 1802 1293 1862; x_wconf 85' lang='lat' dir='ltr'><strong>volunt,</strong></span> <span class='ocrx_word' id='word_1_125' title='bbox 1343 1800 1591 1855; x_wconf 85' lang='lat' dir='ltr'><strong>refellere</strong></span> <span class='ocrx_word' id='word_1_126' title='bbox 1640 1803 1912 1870; x_wconf 90' lang='lat' dir='ltr'><strong>comperi:</strong></span> <span class='ocrx_word' id='word_1_127' title='bbox 1964 1802 2069 1858; x_wconf 90' lang='lat' dir='ltr'><strong>hoc</strong></span> <span class='ocrx_word' id='word_1_128' title='bbox 2097 1805 2239 1858; x_wconf 90' lang='lat' dir='ltr'><strong>enim</strong></span> 
     </span>
    </p>
   </div>
   <div class='ocr_carea' id='block_1_19' title="bbox 2351 630 3863 705">
    <p class='ocr_par' dir='ltr' id='par_1_19' title="bbox 2351 630 3863 705">
     <span class='ocr_line' id='line_1_19' title="bbox 2351 630 3863 705; baseline 0.004 -24"><span class='ocrx_word' id='word_1_129' title='bbox 2351 630 2580 692; x_wconf 80' lang='grc' dir='ltr'><strong>κλέπτας</strong></span> <span class='ocrx_word' id='word_1_130' title='bbox 2628 633 2938 702; x_wconf 81' lang='grc' dir='ltr'>ὲφωράσατε</span> <span class='ocrx_word' id='word_1_131' title='bbox 2959 649 2971 661; x_wconf 72' lang='grc'><strong>⁸</strong></span> <span class='ocrx_word' id='word_1_132' title='bbox 3013 634 3093 684; x_wconf 81' lang='grc' dir='ltr'>ὅτι</span> <span class='ocrx_word' id='word_1_133' title='bbox 3120 634 3175 686; x_wconf 80' lang='grc' dir='ltr'><strong>δὲ</strong></span> <span class='ocrx_word' id='word_1_134' title='bbox 3220 636 3310 686; x_wconf 72' lang='grc' dir='ltr'><strong>καὶ</strong></span> <span class='ocrx_word' id='word_1_135' title='bbox 3333 633 3493 698; x_wconf 68' lang='grc' dir='ltr'>αὑτὸς</span> <span class='ocrx_word' id='word_1_136' title='bbox 3533 631 3684 698; x_wconf 69' lang='grc' dir='ltr'>οὗτος</span> <span class='ocrx_word' id='word_1_137' title='bbox 3711 637 3737 688; x_wconf 86' lang='grc' dir='ltr'><strong>ό</strong></span> <span class='ocrx_word' id='word_1_138' title='bbox 3761 637 3863 705; x_wconf 66' lang='grc' dir='ltr'>ἱερὸς</span> 
     </span>
    </p>
   </div>
   <div class='ocr_carea' id='block_1_20' title="bbox 2347 719 3864 797">
    <p class='ocr_par' dir='ltr' id='par_1_20' title="bbox 2347 719 3864 797">
     <span class='ocr_line' id='line_1_20' title="bbox 2347 719 3864 797; baseline 0.003 -23"><span class='ocrx_word' id='word_1_139' title='bbox 2347 723 2588 785; x_wconf 82' lang='grc' dir='ltr'><strong>Πλάτων,</strong></span> <span class='ocrx_word' id='word_1_140' title='bbox 2619 719 2679 775; x_wconf 80' lang='grc' dir='ltr'>οὗ</span> <span class='ocrx_word' id='word_1_141' title='bbox 2720 724 2815 793; x_wconf 80' lang='grc' dir='ltr'>τὴν</span> <span class='ocrx_word' id='word_1_142' title='bbox 2845 724 3124 795; x_wconf 80' lang='grc' dir='ltr'>ἐπώνυμον</span> <span class='ocrx_word' id='word_1_143' title='bbox 3172 728 3358 797; x_wconf 79' lang='grc' dir='ltr'>ἑορτὴν</span> <span class='ocrx_word' id='word_1_144' title='bbox 3393 729 3631 797; x_wconf 79' lang='grc' dir='ltr'><strong>σήμερον</strong></span> <span class='ocrx_word' id='word_1_145' title='bbox 3662 744 3864 796; x_wconf 69' lang='grc' dir='ltr'>πανηγυ-</span> 
     </span>
    </p>
   </div>
   <div class='ocr_carea' id='block_1_21' title="bbox 2351 808 3861 884">
    <p class='ocr_par' dir='ltr' id='par_1_21' title="bbox 2351 808 3861 884">
     <span class='ocr_line' id='line_1_21' title="bbox 2351 808 3861 884; baseline 0.001 -22"><span class='ocrx_word' id='word_1_146' title='bbox 2351 808 2588 880; x_wconf 77' lang='grc' dir='ltr'>ρίζομεν,</span> <span class='ocrx_word' id='word_1_147' title='bbox 2616 811 2822 875; x_wconf 83' lang='grc' dir='ltr'>πολλοῖς</span> <span class='ocrx_word' id='word_1_148' title='bbox 2853 813 3188 882; x_wconf 81' lang='grc' dir='ltr'><strong>καταχρῆται</strong></span> <span class='ocrx_word' id='word_1_149' title='bbox 3220 814 3325 865; x_wconf 86' lang='grc' dir='ltr'><strong>τῶν</strong></span> <span class='ocrx_word' id='word_1_150' title='bbox 3358 816 3460 884; x_wconf 83' lang='grc' dir='ltr'><strong>πρὸ</strong></span> <span class='ocrx_word' id='word_1_151' title='bbox 3487 813 3672 876; x_wconf 77' lang='grc' dir='ltr'>αὐτοῦ,</span> <span class='ocrx_word' id='word_1_152' title='bbox 3703 814 3861 882; x_wconf 68' lang='grc' dir='ltr'>(αἰδοῦ-</span> 
     </span>
    </p>
   </div>
   <div class='ocr_carea' id='block_1_22' title="bbox 2351 901 3864 973">
    <p class='ocr_par' dir='ltr' id='par_1_22' title="bbox 2351 901 3864 973">
     <span class='ocr_line' id='line_1_22' title="bbox 2351 901 3864 973; baseline 0 -20"><span class='ocrx_word' id='word_1_153' title='bbox 2351 917 2447 970; x_wconf 87' lang='grc' dir='ltr'><strong>μαι</strong></span> <span class='ocrx_word' id='word_1_154' title='bbox 2479 901 2585 972; x_wconf 76' lang='grc' dir='ltr'>γὰρ</span> <span class='ocrx_word' id='word_1_155' title='bbox 2632 902 2707 971; x_wconf 83' lang='grc' dir='ltr'><strong>τῷ</strong></span> <span class='ocrx_word' id='word_1_156' title='bbox 2755 904 2851 972; x_wconf 82' lang='grc' dir='ltr'><strong>τῆς</strong></span> <span class='ocrx_word' id='word_1_157' title='bbox 2897 903 3102 971; x_wconf 83' lang='grc' dir='ltr'>κλοπῆς</span> <span class='ocrx_word' id='word_1_158' title='bbox 3155 905 3370 973; x_wconf 88' lang='grc' dir='ltr'>ὀνόματι</span> <span class='ocrx_word' id='word_1_159' title='bbox 3417 904 3508 956; x_wconf 75' lang='grc' dir='ltr'>ἐπὶ</span> <span class='ocrx_word' id='word_1_160' title='bbox 3568 904 3746 954; x_wconf 75' lang='grc' dir='ltr'>τούτου</span> <span class='ocrx_word' id='word_1_161' title='bbox 3772 903 3864 971; x_wconf 75' lang='grc' dir='ltr'>χρῆ-</span> 
     </span>
    </p>
   </div>
   <div class='ocr_carea' id='block_1_23' title="bbox 2350 991 3862 1064">
    <p class='ocr_par' dir='ltr' id='par_1_23' title="bbox 2350 991 3862 1064">
     <span class='ocr_line' id='line_1_23' title="bbox 2350 991 3862 1064; baseline 0 -22"><span class='ocrx_word' id='word_1_162' title='bbox 2350 991 2530 1062; x_wconf 90' lang='grc' dir='ltr'>σθαι</span> <span class='ocrx_word' id='word_1_163' title='bbox 2568 993 2744 1045; x_wconf 84' lang='grc' dir='ltr'>οὐκέτι</span> <span class='ocrx_word' id='word_1_164' title='bbox 2790 993 3168 1064; x_wconf 81' lang='grc' dir='ltr'>κατειλήφατε.</span> <span class='ocrx_word' id='word_1_165' title='bbox 3205 997 3270 1047; x_wconf 87' lang='grc' dir='ltr'><strong>Τί</strong></span> <span class='ocrx_word' id='word_1_166' title='bbox 3302 995 3512 1061; x_wconf 87' lang='grc' dir='ltr'>λέγεις;</span> <span class='ocrx_word' id='word_1_167' title='bbox 3569 994 3670 1063; x_wconf 80' lang='grc' dir='ltr'>ἔφη</span> <span class='ocrx_word' id='word_1_168' title='bbox 3700 995 3727 1044; x_wconf 87' lang='grc' dir='ltr'><strong>ό</strong></span> <span class='ocrx_word' id='word_1_169' title='bbox 3755 993 3862 1044; x_wconf 78' lang='grc' dir='ltr'>Καλ-</span> 
     </span>
    </p>
   </div>
   <div class='ocr_carea' id='block_1_24' title="bbox 2349 1080 3961 1154">
    <p class='ocr_par' dir='ltr' id='par_1_24' title="bbox 2349 1080 3961 1154">
     <span class='ocr_line' id='line_1_24' title="bbox 2349 1080 3961 1154; baseline 0.002 -23"><span class='ocrx_word' id='word_1_170' title='bbox 2349 1080 2545 1150; x_wconf 79' lang='grc' dir='ltr'>λιέτης.</span> <span class='ocrx_word' id='word_1_171' title='bbox 2591 1083 2662 1134; x_wconf 78' lang='grc' dir='ltr'><strong>Οὐ</strong></span> <span class='ocrx_word' id='word_1_172' title='bbox 2711 1083 2851 1150; x_wconf 81' lang='grc' dir='ltr'>λέγω</span> <span class='ocrx_word' id='word_1_173' title='bbox 2898 1084 3073 1151; x_wconf 82' lang='grc' dir='ltr'>μόνον,</span> <span class='ocrx_word' id='word_1_174' title='bbox 3106 1086 3283 1154; x_wconf 69' lang='grc' dir='ltr'>φησὶν,</span> <span class='ocrx_word' id='word_1_175' title='bbox 3311 1086 3444 1137; x_wconf 84' lang='grc' dir='ltr'><strong>ἀλλά</strong></span> <span class='ocrx_word' id='word_1_176' title='bbox 3474 1087 3568 1137; x_wconf 73' lang='grc' dir='ltr'><strong>καὶ</strong></span> <span class='ocrx_word' id='word_1_177' title='bbox 3599 1085 3696 1154; x_wconf 77' lang='grc' dir='ltr'><strong>τῆν</strong></span> <span class='ocrx_word' id='word_1_178' title='bbox 3727 1083 3866 1136; x_wconf 78' lang='grc' dir='ltr'>πίστιν</span> 
     </span>
    </p>
   </div>
   <div class='ocr_carea' id='block_1_25' title="bbox 2348 1170 3961 1245">
    <p class='ocr_par' dir='ltr' id='par_1_25' title="bbox 2348 1170 3961 1245">
     <span class='ocr_line' id='line_1_25' title="bbox 2348 1170 3961 1245; baseline 0.007 -30"><span class='ocrx_word' id='word_1_179' title='bbox 2348 1170 2422 1239; x_wconf 80' lang='grc' dir='ltr'>τῷ</span> <span class='ocrx_word' id='word_1_180' title='bbox 2456 1170 2596 1241; x_wconf 84' lang='grc' dir='ltr'>λόγῳ</span> <span class='ocrx_word' id='word_1_181' title='bbox 2657 1173 2893 1243; x_wconf 84' lang='grc' dir='ltr'>παρέχω.</span> <span class='ocrx_word' id='word_1_182' title='bbox 2944 1174 3148 1228; x_wconf 87' lang='grc' dir='ltr'>Σπάνια</span> <span class='ocrx_word' id='word_1_183' title='bbox 3175 1176 3229 1227; x_wconf 83' lang='grc' dir='ltr'>δὲ</span> <span class='ocrx_word' id='word_1_184' title='bbox 3275 1176 3339 1228; x_wconf 68' lang='grc' dir='ltr'><strong>τὰ</strong></span> <span class='ocrx_word' id='word_1_185' title='bbox 3368 1177 3474 1227; x_wconf 88' lang='grc' dir='ltr'><strong>τῶν</strong></span> <span class='ocrx_word' id='word_1_186' title='bbox 3508 1175 3611 1245; x_wconf 72' lang='grc' dir='ltr'>πρὸ</span> <span class='ocrx_word' id='word_1_187' title='bbox 3648 1173 3739 1225; x_wconf 81' lang='grc' dir='ltr'>τοῦ</span> <span class='ocrx_word' id='word_1_188' title='bbox 3764 1175 3866 1225; x_wconf 66' lang='grc' dir='ltr'><strong>Πλά-</strong></span> 
     </span>
    </p>
   </div>
   <div class='ocr_carea' id='block_1_26' title="bbox 2347 1263 3961 1332">
    <p class='ocr_par' dir='ltr' id='par_1_26' title="bbox 2347 1263 3961 1332">
     <span class='ocr_line' id='line_1_26' title="bbox 2347 1263 3961 1332; baseline 0.002 -20"><span class='ocrx_word' id='word_1_189' title='bbox 2347 1278 2508 1324; x_wconf 86' lang='grc' dir='ltr'>τωνος</span> <span class='ocrx_word' id='word_1_190' title='bbox 2542 1263 2838 1329; x_wconf 85' lang='grc' dir='ltr'>γεγονότων</span> <span class='ocrx_word' id='word_1_191' title='bbox 2874 1263 3049 1332; x_wconf 80' lang='grc' dir='ltr'>βιϐλία</span> <span class='ocrx_word' id='word_1_192' title='bbox 3071 1283 3083 1293; x_wconf 91' lang='grc'>·</span> <span class='ocrx_word' id='word_1_193' title='bbox 3121 1267 3238 1317; x_wconf 72' lang='grc' dir='ltr'>ἐπεὶ</span> <span class='ocrx_word' id='word_1_194' title='bbox 3286 1267 3412 1329; x_wconf 81' lang='grc' dir='ltr'>ἴσως</span> <span class='ocrx_word' id='word_1_195' title='bbox 3454 1267 3677 1328; x_wconf 81' lang='grc' dir='ltr'>πλείους</span> <span class='ocrx_word' id='word_1_196' title='bbox 3711 1265 3770 1318; x_wconf 81' lang='grc' dir='ltr'>ἄν</span> <span class='ocrx_word' id='word_1_197' title='bbox 3804 1283 3864 1325; x_wconf 77' lang='grc' dir='ltr'><strong>τις</strong></span> <span class='ocrx_word' id='word_1_198' title='bbox 3960 1263 3961 1328; x_wconf 52' lang='grc' dir='ltr'><strong>ἶ</strong></span> 
     </span>
    </p>
   </div>
   <div class='ocr_carea' id='block_1_27' title="bbox 2347 1347 3961 1428">
    <p class='ocr_par' dir='ltr' id='par_1_27' title="bbox 2347 1347 3961 1428">
     <span class='ocr_line' id='line_1_27' title="bbox 2347 1347 3961 1428; baseline 0.001 -26"><span class='ocrx_word' id='word_1_199' title='bbox 2347 1351 2593 1421; x_wconf 79' lang='grc' dir='ltr'>ἐφώρασε</span> <span class='ocrx_word' id='word_1_200' title='bbox 2640 1353 2731 1405; x_wconf 78' lang='grc' dir='ltr'>τοῦ</span> <span class='ocrx_word' id='word_1_201' title='bbox 2784 1355 3067 1423; x_wconf 73' lang='grc' dir='ltr'>φιλοσόφου</span> <span class='ocrx_word' id='word_1_202' title='bbox 3116 1357 3336 1420; x_wconf 81' lang='grc' dir='ltr'>κλοπάς.</span> <span class='ocrx_word' id='word_1_203' title='bbox 3381 1357 3523 1424; x_wconf 83' lang='grc' dir='ltr'><strong>Ἐγὼ</strong></span> <span class='ocrx_word' id='word_1_204' title='bbox 3566 1359 3610 1410; x_wconf 79' lang='grc' dir='ltr'>δ’</span> <span class='ocrx_word' id='word_1_205' title='bbox 3655 1354 3743 1408; x_wconf 72' lang='grc' dir='ltr'>οὖν</span> <span class='ocrx_word' id='word_1_206' title='bbox 3782 1372 3866 1406; x_wconf 68' lang='grc' dir='ltr'><strong>τιεῖ</strong></span> 
     </span>
    </p>
   </div>
   <div class='ocr_carea' id='block_1_28' title="bbox 2347 1431 3961 1520">
    <p class='ocr_par' dir='ltr' id='par_1_28' title="bbox 2347 1431 3961 1520">
     <span class='ocr_line' id='line_1_28' title="bbox 2347 1431 3961 1520; baseline 0.006 -25"><span class='ocrx_word' id='word_1_207' title='bbox 2347 1444 2485 1496; x_wconf 80' lang='grc' dir='ltr'><strong>κατά</strong></span> <span class='ocrx_word' id='word_1_208' title='bbox 2518 1448 2686 1514; x_wconf 81' lang='grc' dir='ltr'><strong>τύχην</strong></span> <span class='ocrx_word' id='word_1_209' title='bbox 2733 1447 3083 1515; x_wconf 82' lang='grc' dir='ltr'>ἐμπέπτωκα.</span> <span class='ocrx_word' id='word_1_210' title='bbox 3113 1450 3471 1520; x_wconf 75' lang='grc' dir='ltr'><strong>Πρωταγόρου</strong></span> <span class='ocrx_word' id='word_1_211' title='bbox 3502 1450 3609 1519; x_wconf 81' lang='grc' dir='ltr'><strong>γὰρ</strong></span> <span class='ocrx_word' id='word_1_212' title='bbox 3641 1448 3725 1499; x_wconf 78' lang='grc' dir='ltr'><strong>τὸν</strong></span> <span class='ocrx_word' id='word_1_213' title='bbox 3755 1448 3863 1500; x_wconf 63' lang='grc' dir='ltr'>Περὶ</span> 
     </span>
    </p>
   </div>
   <div class='ocr_carea' id='block_1_29' title="bbox 2345 1536 3961 1614">
    <p class='ocr_par' dir='ltr' id='par_1_29' title="bbox 2345 1536 3961 1614">
     <span class='ocr_line' id='line_1_29' title="bbox 2345 1536 3961 1614; baseline 0.002 -26"><span class='ocrx_word' id='word_1_214' title='bbox 2345 1537 2449 1589; x_wconf 83' lang='grc' dir='ltr'>τοῦ</span> <span class='ocrx_word' id='word_1_215' title='bbox 2478 1538 2649 1604; x_wconf 79' lang='grc' dir='ltr'>ὄντος</span> <span class='ocrx_word' id='word_1_216' title='bbox 2693 1541 3089 1608; x_wconf 79' lang='grc' dir='ltr'>ἀναγινώσκων·</span> <span class='ocrx_word' id='word_1_217' title='bbox 3116 1536 3288 1611; x_wconf 82' lang='grc' dir='ltr'>λόγον,</span> <span class='ocrx_word' id='word_1_218' title='bbox 3335 1544 3466 1614; x_wconf 74' lang='grc' dir='ltr'>πρὸς</span> <span class='ocrx_word' id='word_1_219' title='bbox 3499 1546 3622 1607; x_wconf 76' lang='grc' dir='ltr'>τοὺς</span> <span class='ocrx_word' id='word_1_220' title='bbox 3656 1545 3712 1595; x_wconf 79' lang='grc' dir='ltr'>ἓν</span> <span class='ocrx_word' id='word_1_221' title='bbox 3741 1543 3794 1594; x_wconf 71' lang='grc' dir='ltr'>τὸ</span> <span class='ocrx_word' id='word_1_222' title='bbox 3824 1543 3867 1592; x_wconf 72' lang='grc' dir='ltr'>ὃν</span> <span class='ocrx_word' id='word_1_223' title='bbox 3960 1599 3961 1610; x_wconf 17' lang='grc' dir='ltr'><strong>γ</strong></span> 
     </span>
    </p>
   </div>
   <div class='ocr_carea' id='block_1_30' title="bbox 2346 1625 3961 1703">
    <p class='ocr_par' dir='ltr' id='par_1_30' title="bbox 2346 1625 3961 1703">
     <span class='ocr_line' id='line_1_30' title="bbox 2346 1625 3961 1703; baseline 0 -21"><span class='ocrx_word' id='word_1_224' title='bbox 2346 1631 2658 1696; x_wconf 82' lang='grc' dir='ltr'>εἰσάγοντας</span> <span class='ocrx_word' id='word_1_225' title='bbox 2681 1632 2951 1695; x_wconf 76' lang='grc' dir='ltr'>τοιαύταις</span> <span class='ocrx_word' id='word_1_226' title='bbox 2975 1634 3131 1687; x_wconf 73' lang='grc' dir='ltr'>αὐτὸν</span> <span class='ocrx_word' id='word_1_227' title='bbox 3164 1635 3397 1702; x_wconf 75' lang='grc' dir='ltr'>εὑρίσκω</span> <span class='ocrx_word' id='word_1_228' title='bbox 3430 1633 3702 1703; x_wconf 77' lang='grc' dir='ltr'>χρώμενον</span> <span class='ocrx_word' id='word_1_229' title='bbox 3735 1635 3869 1685; x_wconf 70' lang='grc' dir='ltr'>ἁπαν·</span> <span class='ocrx_word' id='word_1_230' title='bbox 3960 1625 3961 1638; x_wconf 52' lang='grc'><strong>¹</strong></span> 
     </span>
    </p>
   </div>
   <div class='ocr_carea' id='block_1_31' title="bbox 2345 1721 3868 1794">
    <p class='ocr_par' dir='ltr' id='par_1_31' title="bbox 2345 1721 3868 1794">
     <span class='ocr_line' id='line_1_31' title="bbox 2345 1721 3868 1794; baseline 0 -20"><span class='ocrx_word' id='word_1_231' title='bbox 2345 1723 2589 1791; x_wconf 81' lang='grc' dir='ltr'>τήσεσιν”</span> <span class='ocrx_word' id='word_1_232' title='bbox 2641 1721 2943 1775; x_wconf 77' lang='grc' dir='ltr'>ἐσπούδασα</span> <span class='ocrx_word' id='word_1_233' title='bbox 2975 1722 3081 1792; x_wconf 78' lang='grc' dir='ltr'>γὰρ</span> <span class='ocrx_word' id='word_1_234' title='bbox 3127 1725 3311 1785; x_wconf 73' lang='grc' dir='ltr'>αὑταῖς</span> <span class='ocrx_word' id='word_1_235' title='bbox 3353 1723 3527 1788; x_wconf 79' lang='grc' dir='ltr'>λέξεσι</span> <span class='ocrx_word' id='word_1_236' title='bbox 3567 1724 3635 1775; x_wconf 79' lang='grc' dir='ltr'><strong>τὰ</strong></span> <span class='ocrx_word' id='word_1_237' title='bbox 3673 1725 3868 1794; x_wconf 64' lang='grc' dir='ltr'>ρηθέντα</span> 
     </span>
    </p>
   </div>
   <div class='ocr_carea' id='block_1_32' title="bbox 2349 1810 3869 1883">
    <p class='ocr_par' dir='ltr' id='par_1_32' title="bbox 2349 1810 3869 1883">
     <span class='ocr_line' id='line_1_32' title="bbox 2349 1810 3869 1883; baseline 0.002 -21"><span class='ocrx_word' id='word_1_238' title='bbox 2349 1810 2722 1881; x_wconf 81' lang='grc' dir='ltr'>μνημονεύειν.</span> <span class='ocrx_word' id='word_1_239' title='bbox 2757 1830 2774 1862; x_wconf 77' lang='grc' dir='ltr'><strong>ι</strong></span> <span class='ocrx_word' id='word_1_240' title='bbox 2805 1813 2913 1865; x_wconf 78' lang='grc' dir='ltr'>Καὶ</span> <span class='ocrx_word' id='word_1_241' title='bbox 2939 1813 3088 1864; x_wconf 76' lang='grc' dir='ltr'>ταῦτ’</span> <span class='ocrx_word' id='word_1_242' title='bbox 3118 1813 3303 1875; x_wconf 83' lang='grc' dir='ltr'>εἰπὼν,</span> <span class='ocrx_word' id='word_1_243' title='bbox 3338 1813 3423 1866; x_wconf 73' lang='grc' dir='ltr'>διὰ</span> <span class='ocrx_word' id='word_1_244' title='bbox 3440 1813 3692 1866; x_wconf 82' lang='grc' dir='ltr'>πλειόνων</span> <span class='ocrx_word' id='word_1_245' title='bbox 3721 1814 3869 1883; x_wconf 67' lang='grc' dir='ltr'>τίθησι</span> 
     </span>
    </p>
   </div>
   <div class='ocr_carea' id='block_1_33' title="bbox 696 1873 2244 1974">
    <p class='ocr_par' dir='ltr' id='par_1_33' title="bbox 696 1889 2242 1962">
     <span class='ocr_line' id='line_1_33' title="bbox 696 1889 2242 1962; baseline -0.001 -16"><span class='ocrx_word' id='word_1_246' title='bbox 696 1893 799 1962; x_wconf 89' lang='lat' dir='ltr'><strong>egi,</strong></span> <span class='ocrx_word' id='word_1_247' title='bbox 833 1901 891 1944; x_wconf 92' lang='lat' dir='ltr'><strong>nt</strong></span> <span class='ocrx_word' id='word_1_248' title='bbox 939 1907 1056 1959; x_wconf 73' lang='lat' dir='ltr'><strong>qua:</strong></span> <span class='ocrx_word' id='word_1_249' title='bbox 1105 1891 1172 1944; x_wconf 91' lang='lat' dir='ltr'><strong>ab</strong></span> <span class='ocrx_word' id='word_1_250' title='bbox 1219 1890 1311 1942; x_wconf 92' lang='lat' dir='ltr'><strong>illo</strong></span> <span class='ocrx_word' id='word_1_251' title='bbox 1354 1889 1494 1944; x_wconf 80' lang='lat' dir='ltr'><strong>hanc</strong></span> <span class='ocrx_word' id='word_1_252' title='bbox 1537 1891 1588 1943; x_wconf 89' lang='lat' dir='ltr'><strong>in</strong></span> <span class='ocrx_word' id='word_1_253' title='bbox 1624 1907 1738 1945; x_wconf 87' lang='lat' dir='ltr'><strong>rem</strong></span> <span class='ocrx_word' id='word_1_254' title='bbox 1781 1891 2146 1959; x_wconf 87' lang='lat' dir='ltr'><strong>disputantur,</strong></span> <span class='ocrx_word' id='word_1_255' title='bbox 2177 1892 2242 1945; x_wconf 87' lang='lat' dir='ltr'><strong>ad</strong></span> 
     </span>
    </p>
   </div>
   <div class='ocr_carea' id='block_1_34' title="bbox 2348 1873 3870 1974">
    <p class='ocr_par' dir='ltr' id='par_1_34' title="bbox 2348 1901 3870 1974">
     <span class='ocr_line' id='line_1_34' title="bbox 2348 1901 3870 1974; baseline 0 -20"><span class='ocrx_word' id='word_1_256' title='bbox 2348 1902 2442 1963; x_wconf 85' lang='grc' dir='ltr'>τὰς</span> <span class='ocrx_word' id='word_1_257' title='bbox 2491 1901 2808 1967; x_wconf 81' lang='grc' dir='ltr'>ἀποδείξεις.</span> <span class='ocrx_word' id='word_1_258' title='bbox 2857 1902 2996 1954; x_wconf 86' lang='grc' dir='ltr'>Ἀλλ’</span> <span class='ocrx_word' id='word_1_259' title='bbox 3049 1905 3227 1966; x_wconf 79' lang='grc' dir='ltr'>ὁποῖος</span> <span class='ocrx_word' id='word_1_260' title='bbox 3279 1905 3374 1974; x_wconf 84' lang='grc' dir='ltr'><strong>μὲν</strong></span> <span class='ocrx_word' id='word_1_261' title='bbox 3425 1905 3533 1957; x_wconf 83' lang='grc' dir='ltr'><strong>τῶν</strong></span> <span class='ocrx_word' id='word_1_262' title='bbox 3586 1906 3870 1974; x_wconf 64' lang='grc' dir='ltr'>Ἐλληνικῶν</span> 
     </span>
    </p>
   </div>
   <div class='ocr_carea' id='block_1_35' title="bbox 695 1979 2243 2050">
    <p class='ocr_par' dir='ltr' id='par_1_35' title="bbox 695 1979 2243 2050">
     <span class='ocr_line' id='line_1_35' title="bbox 695 1979 2243 2050; baseline -0.003 -13"><span class='ocrx_word' id='word_1_263' title='bbox 695 1983 914 2037; x_wconf 87' lang='lat' dir='ltr'><strong>verbum</strong></span> <span class='ocrx_word' id='word_1_264' title='bbox 931 1981 1245 2036; x_wconf 84' lang='lat' dir='ltr'><strong>ediscerein.</strong></span> <span class='ocrx_word' id='word_1_265' title='bbox 1262 1979 1412 2034; x_wconf 70' lang='lat' dir='ltr'><strong>illaec</strong></span> <span class='ocrx_word' id='word_1_266' title='bbox 1441 1983 1554 2050; x_wconf 90' lang='lat' dir='ltr'><strong>ipse</strong></span> <span class='ocrx_word' id='word_1_267' title='bbox 1581 1980 1858 2050; x_wconf 63' lang='lat' dir='ltr'><strong>prmfatus,</strong></span> <span class='ocrx_word' id='word_1_268' title='bbox 1880 1980 2065 2033; x_wconf 88' lang='lat' dir='ltr'><strong>multis</strong></span> <span class='ocrx_word' id='word_1_269' title='bbox 2091 1981 2243 2033; x_wconf 69' lang='lat' dir='ltr'><strong>dein~</strong></span> 
     </span>
    </p>
   </div>
   <div class='ocr_carea' id='block_1_36' title="bbox 696 2069 2241 2142">
    <p class='ocr_par' dir='ltr' id='par_1_36' title="bbox 696 2069 2241 2142">
     <span class='ocr_line' id='line_1_36' title="bbox 696 2069 2241 2142; baseline -0.003 -15"><span class='ocrx_word' id='word_1_270' title='bbox 696 2088 822 2142; x_wconf 91' lang='lat' dir='ltr'><strong>ceps</strong></span> <span class='ocrx_word' id='word_1_271' title='bbox 879 2073 1005 2125; x_wconf 87' lang='lat' dir='ltr'><strong>dicti</strong></span> <span class='ocrx_word' id='word_1_272' title='bbox 1075 2073 1160 2126; x_wconf 85' lang='lat' dir='ltr'><strong>sui</strong></span> <span class='ocrx_word' id='word_1_273' title='bbox 1204 2071 1484 2125; x_wconf 82' lang='lat' dir='ltr'><strong>veritatem</strong></span> <span class='ocrx_word' id='word_1_274' title='bbox 1554 2071 1909 2124; x_wconf 82' lang='lat' dir='ltr'><strong>demonstrat.</strong></span> <span class='ocrx_word' id='word_1_275' title='bbox 1971 2069 2241 2136; x_wconf 89' lang='lat' dir='ltr'><strong>Sedenim,</strong></span> 
     </span>
    </p>
   </div>
   <div class='ocr_carea' id='block_1_37' title="bbox 696 2159 2241 2232">
    <p class='ocr_par' dir='ltr' id='par_1_37' title="bbox 696 2159 2241 2232">
     <span class='ocr_line' id='line_1_37' title="bbox 696 2159 2241 2232; baseline -0.005 -14"><span class='ocrx_word' id='word_1_276' title='bbox 696 2161 996 2232; x_wconf 67' lang='lat' dir='ltr'><strong>cuiusmodi</strong></span> <span class='ocrx_word' id='word_1_277' title='bbox 1039 2159 1351 2215; x_wconf 65' lang='lat' dir='ltr'><strong>Grmcorum</strong></span> <span class='ocrx_word' id='word_1_278' title='bbox 1397 2159 1723 2228; x_wconf 91' lang='lat' dir='ltr'><strong>scriptorum</strong></span> <span class='ocrx_word' id='word_1_279' title='bbox 1770 2161 1908 2213; x_wconf 85' lang='lat' dir='ltr'><strong>ratio</strong></span> <span class='ocrx_word' id='word_1_280' title='bbox 1953 2161 2042 2223; x_wconf 88' lang='lat' dir='ltr'><strong>sit,</strong></span> <span class='ocrx_word' id='word_1_281' title='bbox 2075 2168 2241 2229; x_wconf 91' lang='lat' dir='ltr'><strong>utque</strong></span> 
     </span>
    </p>
   </div>
   <div class='ocr_carea' id='block_1_38' title="bbox 697 2250 2238 2321">
    <p class='ocr_par' dir='ltr' id='par_1_38' title="bbox 697 2250 2238 2321">
     <span class='ocr_line' id='line_1_38' title="bbox 697 2250 2238 2321; baseline -0.005 -10"><span class='ocrx_word' id='word_1_282' title='bbox 697 2271 766 2311; x_wconf 90' lang='lat' dir='ltr'><strong>ne</strong></span> <span class='ocrx_word' id='word_1_283' title='bbox 809 2254 1013 2308; x_wconf 87' lang='lat' dir='ltr'><strong>mutuis</strong></span> <span class='ocrx_word' id='word_1_284' title='bbox 1051 2253 1265 2321; x_wconf 86' lang='lat' dir='ltr'><strong>quidem</strong></span> <span class='ocrx_word' id='word_1_285' title='bbox 1304 2252 1533 2304; x_wconf 90' lang='lat' dir='ltr'><strong>aliorum</strong></span> <span class='ocrx_word' id='word_1_286' title='bbox 1579 2251 1669 2304; x_wconf 91' lang='lat' dir='ltr'><strong>alii</strong></span> <span class='ocrx_word' id='word_1_287' title='bbox 1724 2250 2238 2320; x_wconf 88' lang='lat' dir='ltr'><strong>reprehensionibus</strong></span> 
     </span>
    </p>
   </div>
   <div class='ocr_carea' id='block_1_39' title="bbox 696 2342 2244 2417">
    <p class='ocr_par' dir='ltr' id='par_1_39' title="bbox 696 2342 2244 2417">
     <span class='ocr_line' id='line_1_39' title="bbox 696 2342 2244 2417; baseline -0.005 -16"><span class='ocrx_word' id='word_1_288' title='bbox 696 2347 1051 2417; x_wconf 88' lang='lat' dir='ltr'><strong>pepercerint,</strong></span> <span class='ocrx_word' id='word_1_289' title='bbox 1081 2345 1160 2397; x_wconf 88' lang='lat' dir='ltr'><strong>vel</strong></span> <span class='ocrx_word' id='word_1_290' title='bbox 1185 2359 1250 2396; x_wconf 84' lang='lat' dir='ltr'><strong>ex</strong></span> <span class='ocrx_word' id='word_1_291' title='bbox 1279 2344 1416 2403; x_wconf 87' lang='lat' dir='ltr'><strong>istis,</strong></span> <span class='ocrx_word' id='word_1_292' title='bbox 1449 2357 1568 2410; x_wconf 67' lang='lat' dir='ltr'><strong>qua:</strong></span> <span class='ocrx_word' id='word_1_293' title='bbox 1601 2342 1666 2396; x_wconf 87' lang='lat' dir='ltr'><strong>de</strong></span> <span class='ocrx_word' id='word_1_294' title='bbox 1690 2342 1914 2396; x_wconf 84' lang='lat' dir='ltr'><strong>inﬁnitis</strong></span> <span class='ocrx_word' id='word_1_295' title='bbox 1936 2356 2102 2409; x_wconf 88' lang='lat' dir='ltr'><strong>pauca</strong></span> <span class='ocrx_word' id='word_1_296' title='bbox 2137 2343 2244 2395; x_wconf 90' lang='lat' dir='ltr'><strong>col-</strong></span> 
     </span>
    </p>
   </div>
   <div class='ocr_carea' id='block_1_40' title="bbox 695 2431 2240 2509">
    <p class='ocr_par' dir='ltr' id='par_1_40' title="bbox 695 2431 2240 2509">
     <span class='ocr_line' id='line_1_40' title="bbox 695 2431 2240 2509; baseline -0.004 -17"><span class='ocrx_word' id='word_1_297' title='bbox 695 2440 822 2509; x_wconf 90' lang='lat' dir='ltr'><strong>lcgi,</strong></span> <span class='ocrx_word' id='word_1_298' title='bbox 870 2438 998 2494; x_wconf 87' lang='lat' dir='ltr'><strong>satis</strong></span> <span class='ocrx_word' id='word_1_299' title='bbox 1042 2445 1290 2490; x_wconf 83' lang='lat' dir='ltr'><strong>constare</strong></span> <span class='ocrx_word' id='word_1_300' title='bbox 1342 2434 1611 2488; x_wconf 74' lang='lat' dir='ltr'><strong>existimo.</strong></span> <span class='ocrx_word' id='word_1_301' title='bbox 1667 2431 1782 2486; x_wconf 83' lang='lat' dir='ltr'><strong>Jam</strong></span> <span class='ocrx_word' id='word_1_302' title='bbox 1835 2447 1996 2497; x_wconf 89' lang='lat' dir='ltr'><strong>vero,</strong></span> <span class='ocrx_word' id='word_1_303' title='bbox 2043 2439 2105 2488; x_wconf 88' lang='lat' dir='ltr'><strong>ut</strong></span> <span class='ocrx_word' id='word_1_304' title='bbox 2156 2434 2240 2486; x_wconf 89' lang='lat' dir='ltr'><strong>via</strong></span> 
     </span>
    </p>
   </div>
   <div class='ocr_carea' id='block_1_41' title="bbox 695 2525 2239 2597">
    <p class='ocr_par' dir='ltr' id='par_1_41' title="bbox 695 2525 2239 2597">
     <span class='ocr_line' id='line_1_41' title="bbox 695 2525 2239 2597; baseline -0.009 -8"><span class='ocrx_word' id='word_1_305' title='bbox 695 2549 920 2589; x_wconf 64' lang='lat' dir='ltr'><strong>summa:</strong></span> <span class='ocrx_word' id='word_1_306' title='bbox 968 2533 1042 2586; x_wconf 84' lang='lat' dir='ltr'><strong>illi</strong></span> <span class='ocrx_word' id='word_1_307' title='bbox 1093 2531 1306 2585; x_wconf 84' lang='lat' dir='ltr'><strong>utilitati</strong></span> <span class='ocrx_word' id='word_1_308' title='bbox 1365 2528 1534 2597; x_wconf 85' lang='lat' dir='ltr'><strong>magis</strong></span> <span class='ocrx_word' id='word_1_309' title='bbox 1615 2525 1894 2594; x_wconf 77' lang='lat' dir='ltr'><strong>magisque</strong></span> <span class='ocrx_word' id='word_1_310' title='bbox 1949 2531 2239 2589; x_wconf 79' lang='lat' dir='ltr'><strong>sternatur,</strong></span> 
     </span>
    </p>
   </div>
   <div class='ocr_carea' id='block_1_42' title="bbox 694 2611 2236 2694">
    <p class='ocr_par' dir='ltr' id='par_1_42' title="bbox 694 2611 2236 2694">
     <span class='ocr_line' id='line_1_42' title="bbox 694 2611 2236 2694; baseline -0.008 -15"><span class='ocrx_word' id='word_1_311' title='bbox 694 2641 814 2694; x_wconf 63' lang='lat' dir='ltr'><strong>qum</strong></span> <span class='ocrx_word' id='word_1_312' title='bbox 848 2625 900 2677; x_wconf 92' lang='lat' dir='ltr'><strong>in</strong></span> <span class='ocrx_word' id='word_1_313' title='bbox 930 2624 1146 2677; x_wconf 75' lang='lat' dir='ltr'><strong>Grtecos</strong></span> <span class='ocrx_word' id='word_1_314' title='bbox 1172 2621 1520 2675; x_wconf 64' lang='lat' dir='ltr'><strong>Hebraeorum</strong></span> <span class='ocrx_word' id='word_1_315' title='bbox 1556 2631 1616 2670; x_wconf 74' lang='lat' dir='ltr'><strong>es</strong></span> <span class='ocrx_word' id='word_1_316' title='bbox 1659 2613 1856 2667; x_wconf 90' lang='lat' dir='ltr'><strong>litteris</strong></span> <span class='ocrx_word' id='word_1_317' title='bbox 1896 2611 2236 2677; x_wconf 88' lang='lat' dir='ltr'><strong>redundavit,</strong></span> 
     </span>
    </p>
   </div>
   <div class='ocr_carea' id='block_1_43' title="bbox 697 2704 2238 2773">
    <p class='ocr_par' dir='ltr' id='par_1_43' title="bbox 697 2704 2238 2773">
     <span class='ocr_line' id='line_1_43' title="bbox 697 2704 2238 2773; baseline -0.009 -5"><span class='ocrx_word' id='word_1_318' title='bbox 697 2715 965 2768; x_wconf 81' lang='lat' dir='ltr'><strong>facturum</strong></span> <span class='ocrx_word' id='word_1_319' title='bbox 1000 2727 1083 2765; x_wconf 90' lang='lat' dir='ltr'><strong>me</strong></span> <span class='ocrx_word' id='word_1_320' title='bbox 1125 2711 1489 2764; x_wconf 89' lang='lat' dir='ltr'><strong>necessarium</strong></span> <span class='ocrx_word' id='word_1_321' title='bbox 1547 2719 1721 2773; x_wconf 74' lang='lat' dir='ltr'><strong>operze</strong></span> <span class='ocrx_word' id='word_1_322' title='bbox 1766 2704 1998 2771; x_wconf 87' lang='lat' dir='ltr'><strong>pretium</strong></span> <span class='ocrx_word' id='word_1_323' title='bbox 2031 2705 2238 2771; x_wconf 80' lang='lat' dir='ltr'><strong>putavi,</strong></span> 
     </span>
    </p>
   </div>
   <div class='ocr_carea' id='block_1_44' title="bbox 696 2794 2240 2868">
    <p class='ocr_par' dir='ltr' id='par_1_44' title="bbox 696 2794 2240 2868">
     <span class='ocr_line' id='line_1_44' title="bbox 696 2794 2240 2868; baseline -0.007 -9"><span class='ocrx_word' id='word_1_324' title='bbox 696 2806 740 2860; x_wconf 88' lang='lat' dir='ltr'><strong>si</strong></span> <span class='ocrx_word' id='word_1_325' title='bbox 773 2818 986 2856; x_wconf 92' lang='lat' dir='ltr'><strong>omnem</strong></span> <span class='ocrx_word' id='word_1_326' title='bbox 1019 2802 1186 2866; x_wconf 89' lang='lat' dir='ltr'><strong>illam,</strong></span> <span class='ocrx_word' id='word_1_327' title='bbox 1217 2815 1336 2868; x_wconf 69' lang='lat' dir='ltr'><strong>quae</strong></span> <span class='ocrx_word' id='word_1_328' title='bbox 1357 2807 1632 2864; x_wconf 86' lang='lat' dir='ltr'><strong>tantopere</strong></span> <span class='ocrx_word' id='word_1_329' title='bbox 1652 2795 1907 2864; x_wconf 88' lang='lat' dir='ltr'><strong>jactatur,</strong></span> <span class='ocrx_word' id='word_1_330' title='bbox 1939 2794 2240 2848; x_wconf 86' lang='lat' dir='ltr'><strong>doctrinam</strong></span> 
     </span>
    </p>
   </div>
   <div class='ocr_carea' id='block_1_45' title="bbox 693 2883 2242 2962">
    <p class='ocr_par' dir='ltr' id='par_1_45' title="bbox 693 2883 2242 2962">
     <span class='ocr_line' id='line_1_45' title="bbox 693 2883 2242 2962; baseline -0.006 -18"><span class='ocrx_word' id='word_1_331' title='bbox 693 2891 1196 2962; x_wconf 86' lang='lat' dir='ltr'><strong>philosophiamque</strong></span> <span class='ocrx_word' id='word_1_332' title='bbox 1245 2887 1578 2949; x_wconf 57' lang='lat' dir='ltr'><strong>Graecorum,</strong></span> <span class='ocrx_word' id='word_1_333' title='bbox 1642 2896 1853 2936; x_wconf 92' lang='lat' dir='ltr'><strong>necnon</strong></span> <span class='ocrx_word' id='word_1_334' title='bbox 1913 2896 2102 2935; x_wconf 87' lang='lat' dir='ltr'><strong>eorum</strong></span> <span class='ocrx_word' id='word_1_335' title='bbox 2134 2883 2242 2951; x_wconf 87' lang='lat' dir='ltr'><strong>pri-</strong></span> 
     </span>
    </p>
   </div>
   <div class='ocr_carea' id='block_1_46' title="bbox 696 2975 2242 3048">
    <p class='ocr_par' dir='ltr' id='par_1_46' title="bbox 696 2975 2242 3048">
     <span class='ocr_line' id='line_1_46' title="bbox 696 2975 2242 3048; baseline -0.005 -14"><span class='ocrx_word' id='word_1_336' title='bbox 696 2983 896 3045; x_wconf 83' lang='lat' dir='ltr'><strong>marias</strong></span> <span class='ocrx_word' id='word_1_337' title='bbox 922 2994 1161 3048; x_wconf 88' lang='lat' dir='ltr'><strong>quasque</strong></span> <span class='ocrx_word' id='word_1_338' title='bbox 1187 2978 1521 3047; x_wconf 86' lang='lat' dir='ltr'><strong>disciplinas,</strong></span> <span class='ocrx_word' id='word_1_339' title='bbox 1554 2980 1938 3041; x_wconf 90' lang='lat' dir='ltr'><strong>momentaque</strong></span> <span class='ocrx_word' id='word_1_340' title='bbox 1963 2975 2097 3029; x_wconf 91' lang='lat' dir='ltr'><strong>artis</strong></span> <span class='ocrx_word' id='word_1_341' title='bbox 2130 2975 2242 3028; x_wconf 81' lang='lat' dir='ltr'><strong>dis-</strong></span> 
     </span>
    </p>
   </div>
   <div class='ocr_carea' id='block_1_47' title="bbox 2350 1991 3961 2063">
    <p class='ocr_par' dir='ltr' id='par_1_47' title="bbox 2350 1991 3961 2063">
     <span class='ocr_line' id='line_1_47' title="bbox 2350 1991 3961 2063; baseline 0.002 -21"><span class='ocrx_word' id='word_1_342' title='bbox 2350 1991 2703 2060; x_wconf 81' lang='grc' dir='ltr'>συγγραφέων</span> <span class='ocrx_word' id='word_1_343' title='bbox 2739 1995 2768 2044; x_wconf 85' lang='grc' dir='ltr'><strong>ό</strong></span> <span class='ocrx_word' id='word_1_344' title='bbox 2805 1994 3020 2063; x_wconf 80' lang='grc' dir='ltr'>τρόπος,</span> <span class='ocrx_word' id='word_1_345' title='bbox 3055 1995 3136 2046; x_wconf 83' lang='grc' dir='ltr'><strong>ὅτι</strong></span> <span class='ocrx_word' id='word_1_346' title='bbox 3164 2013 3220 2047; x_wconf 89' lang='grc' dir='ltr'><strong>τε</strong></span> <span class='ocrx_word' id='word_1_347' title='bbox 3257 1996 3373 2047; x_wconf 76' lang='grc' dir='ltr'>οὐδὲ</span> <span class='ocrx_word' id='word_1_348' title='bbox 3416 1996 3508 2046; x_wconf 82' lang='grc' dir='ltr'><strong>τοῦ</strong></span> <span class='ocrx_word' id='word_1_349' title='bbox 3538 1996 3656 2048; x_wconf 84' lang='grc' dir='ltr'>καθ’</span> <span class='ocrx_word' id='word_1_350' title='bbox 3697 1998 3872 2049; x_wconf 60' lang='grc' dir='ltr'>ἑαυτὰ)</span> <span class='ocrx_word' id='word_1_351' title='bbox 3960 2007 3961 2036; x_wconf 69' lang='lat'>1</span> 
     </span>
    </p>
   </div>
   <div class='ocr_carea' id='block_1_48' title="bbox 2345 2082 3871 2156">
    <p class='ocr_par' dir='ltr' id='par_1_48' title="bbox 2345 2082 3871 2156">
     <span class='ocr_line' id='line_1_48' title="bbox 2345 2082 3871 2156; baseline 0.003 -24"><span class='ocrx_word' id='word_1_352' title='bbox 2345 2082 2630 2150; x_wconf 74' lang='grc' dir='ltr'>ἐφείσαντο</span> <span class='ocrx_word' id='word_1_353' title='bbox 2679 2082 2920 2152; x_wconf 79' lang='grc' dir='ltr'>ἐλέγχου,</span> <span class='ocrx_word' id='word_1_354' title='bbox 2960 2086 3148 2155; x_wconf 82' lang='grc' dir='ltr'>ἀρκεῖν</span> <span class='ocrx_word' id='word_1_355' title='bbox 3188 2085 3292 2137; x_wconf 84' lang='grc' dir='ltr'><strong>ἀπὸ</strong></span> <span class='ocrx_word' id='word_1_356' title='bbox 3338 2086 3542 2156; x_wconf 84' lang='grc' dir='ltr'>μυρίων</span> <span class='ocrx_word' id='word_1_357' title='bbox 3580 2087 3871 2156; x_wconf 75' lang='grc' dir='ltr'>ἡγοῦμαιτὲι</span> 
     </span>
    </p>
   </div>
   <div class='ocr_carea' id='block_1_49' title="bbox 2347 2172 3870 2246">
    <p class='ocr_par' dir='ltr' id='par_1_49' title="bbox 2347 2172 3870 2246">
     <span class='ocr_line' id='line_1_49' title="bbox 2347 2172 3870 2246; baseline 0.001 -20"><span class='ocrx_word' id='word_1_358' title='bbox 2347 2172 2630 2242; x_wconf 77' lang='grc' dir='ltr'>εἰρημένα.</span> <span class='ocrx_word' id='word_1_359' title='bbox 2664 2174 2783 2224; x_wconf 86' lang='grc' dir='ltr'>Ἔτι</span> <span class='ocrx_word' id='word_1_360' title='bbox 2820 2174 2875 2225; x_wconf 81' lang='grc' dir='ltr'><strong>δὲ</strong></span> <span class='ocrx_word' id='word_1_361' title='bbox 2911 2177 2990 2238; x_wconf 86' lang='grc' dir='ltr'><strong>είς</strong></span> <span class='ocrx_word' id='word_1_362' title='bbox 3037 2178 3485 2246; x_wconf 79' lang='grc' dir='ltr'>προπαρασκευῆν</span> <span class='ocrx_word' id='word_1_363' title='bbox 3518 2179 3617 2246; x_wconf 83' lang='grc' dir='ltr'><strong>τῆς</strong></span> <span class='ocrx_word' id='word_1_364' title='bbox 3655 2178 3753 2230; x_wconf 78' lang='grc' dir='ltr'><strong>ἀπὸ</strong></span> <span class='ocrx_word' id='word_1_365' title='bbox 3784 2178 3870 2228; x_wconf 76' lang='grc' dir='ltr'><strong>τῶν</strong></span> 
     </span>
    </p>
   </div>
   <div class='ocr_carea' id='block_1_50' title="bbox 2363 2260 3872 2335">
    <p class='ocr_par' dir='ltr' id='par_1_50' title="bbox 2363 2260 3872 2335">
     <span class='ocr_line' id='line_1_50' title="bbox 2363 2260 3872 2335; baseline 0.004 -23"><span class='ocrx_word' id='word_1_366' title='bbox 2363 2260 2662 2331; x_wconf 86' lang='grc' dir='ltr'>Ἑϐραϊκῶν</span> <span class='ocrx_word' id='word_1_367' title='bbox 2687 2261 2857 2328; x_wconf 90' lang='grc' dir='ltr'>λόγων</span> <span class='ocrx_word' id='word_1_368' title='bbox 2882 2265 3230 2335; x_wconf 78' lang='grc' dir='ltr'>ὲπιρῤυείσης</span> <span class='ocrx_word' id='word_1_369' title='bbox 3255 2268 3331 2328; x_wconf 86' lang='grc' dir='ltr'><strong>είς</strong></span> <span class='ocrx_word' id='word_1_370' title='bbox 3355 2266 3618 2335; x_wconf 84' lang='grc' dir='ltr'>’Έλληνας</span> <span class='ocrx_word' id='word_1_371' title='bbox 3643 2266 3872 2333; x_wconf 79' lang='grc' dir='ltr'>ὡφελείας</span> 
     </span>
    </p>
   </div>
   <div class='ocr_carea' id='block_1_51' title="bbox 2351 2345 3874 2419">
    <p class='ocr_par' dir='ltr' id='par_1_51' title="bbox 2351 2345 3874 2419">
     <span class='ocr_line' id='line_1_51' title="bbox 2351 2345 3874 2419; baseline 0.002 -19"><span class='ocrx_word' id='word_1_372' title='bbox 2351 2345 2408 2402; x_wconf 82' lang='grc' dir='ltr'>εὖ</span> <span class='ocrx_word' id='word_1_373' title='bbox 2447 2367 2533 2419; x_wconf 90' lang='grc' dir='ltr'><strong>μοι</strong></span> <span class='ocrx_word' id='word_1_374' title='bbox 2566 2350 2830 2403; x_wconf 79' lang='grc' dir='ltr'>δοκεῖκαὶ</span> <span class='ocrx_word' id='word_1_375' title='bbox 2861 2353 3165 2418; x_wconf 82' lang='grc' dir='ltr'>ἀναγκαίως</span> <span class='ocrx_word' id='word_1_376' title='bbox 3211 2347 3435 2406; x_wconf 84' lang='grc' dir='ltr'>καθόλου</span> <span class='ocrx_word' id='word_1_377' title='bbox 3486 2357 3663 2406; x_wconf 77' lang='grc' dir='ltr'>πᾶσαν</span> <span class='ocrx_word' id='word_1_378' title='bbox 3698 2353 3874 2406; x_wconf 80' lang='grc' dir='ltr'>ἀποδεῖ-</span> 
     </span>
    </p>
   </div>
   <div class='ocr_carea' id='block_1_52' title="bbox 2351 2438 3875 2510">
    <p class='ocr_par' dir='ltr' id='par_1_52' title="bbox 2351 2438 3875 2510">
     <span class='ocr_line' id='line_1_52' title="bbox 2351 2438 3875 2510; baseline 0.001 -20"><span class='ocrx_word' id='word_1_379' title='bbox 2351 2438 2436 2504; x_wconf 83' lang='grc' dir='ltr'>ξαι</span> <span class='ocrx_word' id='word_1_380' title='bbox 2460 2439 2557 2509; x_wconf 86' lang='grc' dir='ltr'><strong>τὴν</strong></span> <span class='ocrx_word' id='word_1_381' title='bbox 2592 2439 2868 2510; x_wconf 87' lang='grc' dir='ltr'>βοωμένην</span> <span class='ocrx_word' id='word_1_382' title='bbox 2915 2441 3174 2510; x_wconf 79' lang='grc' dir='ltr'>Ἑλλήνων</span> <span class='ocrx_word' id='word_1_383' title='bbox 3209 2443 3449 2496; x_wconf 86' lang='grc' dir='ltr'>παιδείαν</span> <span class='ocrx_word' id='word_1_384' title='bbox 3482 2460 3540 2495; x_wconf 86' lang='grc' dir='ltr'><strong>τε</strong></span> <span class='ocrx_word' id='word_1_385' title='bbox 3571 2444 3663 2494; x_wconf 62' lang='grc' dir='ltr'><strong>καὶ⁵</strong></span> <span class='ocrx_word' id='word_1_386' title='bbox 3697 2441 3875 2508; x_wconf 71' lang='grc' dir='ltr'>φιλοσο-</span> 
     </span>
    </p>
   </div>
   <div class='ocr_carea' id='block_1_53' title="bbox 2349 2531 3874 2604">
    <p class='ocr_par' dir='ltr' id='par_1_53' title="bbox 2349 2531 3874 2604">
     <span class='ocr_line' id='line_1_53' title="bbox 2349 2531 3874 2604; baseline 0.001 -23"><span class='ocrx_word' id='word_1_387' title='bbox 2349 2531 2496 2598; x_wconf 87' lang='grc' dir='ltr'>φίαν,</span> <span class='ocrx_word' id='word_1_388' title='bbox 2538 2531 2607 2583; x_wconf 87' lang='grc' dir='ltr'><strong>τά</strong></span> <span class='ocrx_word' id='word_1_389' title='bbox 2637 2549 2697 2583; x_wconf 89' lang='grc' dir='ltr'><strong>τε</strong></span> <span class='ocrx_word' id='word_1_390' title='bbox 2727 2533 2915 2602; x_wconf 88' lang='grc' dir='ltr'>πρῶτα</span> <span class='ocrx_word' id='word_1_391' title='bbox 2947 2533 3122 2584; x_wconf 87' lang='grc' dir='ltr'>αυτῶν</span> <span class='ocrx_word' id='word_1_392' title='bbox 3159 2533 3470 2604; x_wconf 85' lang='grc' dir='ltr'>μαθήματα,</span> <span class='ocrx_word' id='word_1_393' title='bbox 3515 2535 3607 2587; x_wconf 78' lang='grc' dir='ltr'><strong>καὶ</strong></span> <span class='ocrx_word' id='word_1_394' title='bbox 3637 2533 3703 2586; x_wconf 74' lang='grc' dir='ltr'>τὰ</span> <span class='ocrx_word' id='word_1_395' title='bbox 3729 2534 3874 2602; x_wconf 76' lang='grc' dir='ltr'>σεμνά</span> 
     </span>
    </p>
   </div>
   <div class='ocr_carea' id='block_1_54' title="bbox 2347 2621 3876 2696">
    <p class='ocr_par' dir='ltr' id='par_1_54' title="bbox 2347 2621 3876 2696">
     <span class='ocr_line' id='line_1_54' title="bbox 2347 2621 3876 2696; baseline 0.003 -23"><span class='ocrx_word' id='word_1_396' title='bbox 2347 2621 2443 2692; x_wconf 80' lang='grc' dir='ltr'><strong>τῆς</strong></span> <span class='ocrx_word' id='word_1_397' title='bbox 2467 2621 2688 2692; x_wconf 81' lang='grc' dir='ltr'>λογικῆς</span> <span class='ocrx_word' id='word_1_398' title='bbox 2723 2625 3048 2695; x_wconf 73' lang='grc' dir='ltr'>ἐπιστήμης,</span> <span class='ocrx_word' id='word_1_399' title='bbox 3082 2626 3187 2678; x_wconf 82' lang='grc' dir='ltr'><strong>ἀπὸ</strong></span> <span class='ocrx_word' id='word_1_400' title='bbox 3236 2624 3522 2696; x_wconf 87' lang='grc' dir='ltr'>βαρϐάρων</span> <span class='ocrx_word' id='word_1_401' title='bbox 3555 2622 3728 2689; x_wconf 80' lang='grc' dir='ltr'>αὐτοῖς</span> <span class='ocrx_word' id='word_1_402' title='bbox 3769 2643 3876 2693; x_wconf 85' lang='grc' dir='ltr'>συμ·</span> 
     </span>
    </p>
   </div>
   <div class='ocr_carea' id='block_1_55' title="bbox 2349 2713 3875 2786">
    <p class='ocr_par' dir='ltr' id='par_1_55' title="bbox 2349 2713 3875 2786">
     <span class='ocr_line' id='line_1_55' title="bbox 2349 2713 3875 2786; baseline -0.014 1"><span class='ocrx_word' id='word_1_403' title='bbox 2349 2713 2722 2784; x_wconf 76' lang='grc' dir='ltr'>πεφορημένοι.</span> <span class='ocrx_word' id='word_1_404' title='bbox 2753 2714 2827 2775; x_wconf 82' lang='grc' dir='ltr'>ὡς</span> <span class='ocrx_word' id='word_1_405' title='bbox 2858 2714 2922 2767; x_wconf 81' lang='grc' dir='ltr'><strong>ἂν</strong></span> <span class='ocrx_word' id='word_1_406' title='bbox 2952 2714 3138 2786; x_wconf 80' lang='grc' dir='ltr'>μηκέθ’</span> <span class='ocrx_word' id='word_1_407' title='bbox 3167 2717 3295 2786; x_wconf 67' lang='grc' dir='ltr'>ἡμῖν</span> <span class='ocrx_word' id='word_1_408' title='bbox 3326 2717 3684 2786; x_wconf 83' lang='grc' dir='ltr'>ὲπιμέμφοιτό</span> <span class='ocrx_word' id='word_1_409' title='bbox 3705 2734 3782 2778; x_wconf 84' lang='grc' dir='ltr'><strong>τις</strong></span> <span class='ocrx_word' id='word_1_410' title='bbox 3804 2716 3875 2768; x_wconf 75' lang='grc' dir='ltr'><strong>αὑ-</strong></span> 
     </span>
    </p>
   </div>
   <div class='ocr_carea' id='block_1_56' title="bbox 2346 2800 3876 2876">
    <p class='ocr_par' dir='ltr' id='par_1_56' title="bbox 2346 2800 3876 2876">
     <span class='ocr_line' id='line_1_56' title="bbox 2346 2800 3876 2876; baseline 0.002 -23"><span class='ocrx_word' id='word_1_411' title='bbox 2346 2800 2473 2864; x_wconf 84' lang='grc' dir='ltr'>τῶν,</span> <span class='ocrx_word' id='word_1_412' title='bbox 2505 2802 2586 2853; x_wconf 83' lang='grc' dir='ltr'><strong>ὅτι</strong></span> <span class='ocrx_word' id='word_1_413' title='bbox 2626 2802 2688 2872; x_wconf 82' lang='grc' dir='ltr'>δὴ</span> <span class='ocrx_word' id='word_1_414' title='bbox 2727 2803 2823 2872; x_wconf 82' lang='grc' dir='ltr'>τὴν</span> <span class='ocrx_word' id='word_1_415' title='bbox 2861 2804 3009 2874; x_wconf 89' lang='grc' dir='ltr'><strong>παρά</strong></span> <span class='ocrx_word' id='word_1_416' title='bbox 3038 2808 3146 2867; x_wconf 85' lang='grc' dir='ltr'>τοῖς</span> <span class='ocrx_word' id='word_1_417' title='bbox 3192 2805 3482 2876; x_wconf 85' lang='grc' dir='ltr'>βαρϐάροις</span> <span class='ocrx_word' id='word_1_418' title='bbox 3531 2806 3795 2859; x_wconf 70' lang='grc' dir='ltr'>εὐσέϐειάν</span> <span class='ocrx_word' id='word_1_419' title='bbox 3830 2823 3876 2856; x_wconf 77' lang='grc' dir='ltr'><strong>τε</strong></span> 
     </span>
    </p>
   </div>
   <div class='ocr_carea' id='block_1_57' title="bbox 2350 2891 3866 2968">
    <p class='ocr_par' dir='ltr' id='par_1_57' title="bbox 2350 2891 3866 2968">
     <span class='ocr_line' id='line_1_57' title="bbox 2350 2891 3866 2968; baseline 0.005 -26"><span class='ocrx_word' id='word_1_420' title='bbox 2350 2891 2444 2943; x_wconf 75' lang='grc' dir='ltr'>καὶ</span> <span class='ocrx_word' id='word_1_421' title='bbox 2475 2891 2784 2960; x_wconf 80' lang='grc' dir='ltr'>φιλοσοφίαν</span> <span class='ocrx_word' id='word_1_422' title='bbox 2827 2893 2933 2946; x_wconf 90' lang='grc' dir='ltr'><strong>τῶν</strong></span> <span class='ocrx_word' id='word_1_423' title='bbox 2967 2895 3094 2965; x_wconf 82' lang='grc' dir='ltr'>παρ’</span> <span class='ocrx_word' id='word_1_424' title='bbox 3128 2896 3308 2959; x_wconf 71' lang='grc' dir='ltr'>αὐτοῖς</span> <span class='ocrx_word' id='word_1_425' title='bbox 3335 2896 3545 2967; x_wconf 81' lang='grc' dir='ltr'>σεμνῶν</span> <span class='ocrx_word' id='word_1_426' title='bbox 3588 2901 3866 2968; x_wconf 74' lang='grc' dir='ltr'>προτετιμή</span> 
     </span>
    </p>
   </div>
   <div class='ocr_carea' id='block_1_58' title="bbox 2351 2995 2548 3050">
    <p class='ocr_par' dir='ltr' id='par_1_58' title="bbox 2351 2995 2548 3050">
     <span class='ocr_line' id='line_1_58' title="bbox 2351 2995 2548 3050; baseline 0.005 -17"><span class='ocrx_word' id='word_1_427' title='bbox 2351 2995 2548 3050; x_wconf 80' lang='grc' dir='ltr'>καμεν.</span> 
     </span>
    </p>
   </div>
   <div class='ocr_carea' id='block_1_59' title="bbox 695 3061 3880 3152">
    <p class='ocr_par' dir='ltr' id='par_1_59' title="bbox 695 3061 3880 3152">
     <span class='ocr_line' id='line_1_59' title="bbox 695 3061 3880 3152; baseline 0 -24"><span class='ocrx_word' id='word_1_428' title='bbox 695 3073 906 3128; x_wconf 87' lang='lat' dir='ltr'><strong>serendi</strong></span> <span class='ocrx_word' id='word_1_429' title='bbox 951 3072 1216 3140; x_wconf 80' lang='lat' dir='ltr'><strong>graviora,</strong></span> <span class='ocrx_word' id='word_1_430' title='bbox 1249 3069 1448 3137; x_wconf 88' lang='lat' dir='ltr'><strong>passim</strong></span> <span class='ocrx_word' id='word_1_431' title='bbox 1492 3083 1584 3120; x_wconf 91' lang='lat' dir='ltr'><strong>eos</strong></span> <span class='ocrx_word' id='word_1_432' title='bbox 1619 3078 1934 3134; x_wconf 84' lang='lat' dir='ltr'><strong>corrogasse</strong></span> <span class='ocrx_word' id='word_1_433' title='bbox 1963 3079 1995 3116; x_wconf 84' lang='lat' dir='ltr'><strong>a</strong></span> <span class='ocrx_word' id='word_1_434' title='bbox 2023 3064 2268 3120; x_wconf 86' lang='lat' dir='ltr'><strong>barbaris</strong></span> <span class='ocrx_word' id='word_1_435' title='bbox 2317 3071 2568 3128; x_wconf 87' lang='lat' dir='ltr'><strong>universe</strong></span> <span class='ocrx_word' id='word_1_436' title='bbox 2612 3061 2900 3129; x_wconf 80' lang='lat' dir='ltr'><strong>ostendero</strong></span> <span class='ocrx_word' id='word_1_437' title='bbox 2944 3093 2958 3129; x_wconf 93' lang='lat'>:</span> <span class='ocrx_word' id='word_1_438' title='bbox 2995 3089 3062 3131; x_wconf 88' lang='lat' dir='ltr'><strong>ne</strong></span> <span class='ocrx_word' id='word_1_439' title='bbox 3089 3075 3212 3144; x_wconf 86' lang='lat' dir='ltr'><strong>quis</strong></span> <span class='ocrx_word' id='word_1_440' title='bbox 3241 3078 3479 3146; x_wconf 77' lang='lat' dir='ltr'><strong>ipsorum</strong></span> <span class='ocrx_word' id='word_1_441' title='bbox 3514 3079 3739 3152; x_wconf 72' lang='lat' dir='ltr'><strong>amplius</strong></span> <span class='ocrx_word' id='word_1_442' title='bbox 3771 3095 3880 3148; x_wconf 83' lang='lat' dir='ltr'><strong>pro-</strong></span> 
     </span>
    </p>
   </div>
   <div class='ocr_carea' id='block_1_60' title="bbox 693 3155 3881 3236">
    <p class='ocr_par' dir='ltr' id='par_1_60' title="bbox 693 3155 3881 3236">
     <span class='ocr_line' id='line_1_60' title="bbox 693 3155 3881 3236; baseline 0.002 -20"><span class='ocrx_word' id='word_1_443' title='bbox 693 3164 793 3216; x_wconf 91' lang='lat' dir='ltr'><strong>bro</strong></span> <span class='ocrx_word' id='word_1_444' title='bbox 818 3162 972 3215; x_wconf 90' lang='lat' dir='ltr'><strong>nobis</strong></span> <span class='ocrx_word' id='word_1_445' title='bbox 997 3171 1198 3214; x_wconf 85' lang='lat' dir='ltr'><strong>vertere</strong></span> <span class='ocrx_word' id='word_1_446' title='bbox 1231 3159 1445 3221; x_wconf 89' lang='lat' dir='ltr'><strong>audeat,</strong></span> <span class='ocrx_word' id='word_1_447' title='bbox 1472 3156 1616 3220; x_wconf 81' lang='lat' dir='ltr'><strong>quod</strong></span> <span class='ocrx_word' id='word_1_448' title='bbox 1643 3156 1892 3209; x_wconf 86' lang='lat' dir='ltr'><strong>haustam</strong></span> <span class='ocrx_word' id='word_1_449' title='bbox 1929 3169 1958 3207; x_wconf 91' lang='lat' dir='ltr'><strong>a</strong></span> <span class='ocrx_word' id='word_1_450' title='bbox 1998 3155 2246 3211; x_wconf 87' lang='lat' dir='ltr'><strong>barbaris</strong></span> <span class='ocrx_word' id='word_1_451' title='bbox 2301 3161 2613 3232; x_wconf 76' lang='lat' dir='ltr'><strong>religionem</strong></span> <span class='ocrx_word' id='word_1_452' title='bbox 2657 3175 2816 3234; x_wconf 91' lang='lat' dir='ltr'><strong>atque</strong></span> <span class='ocrx_word' id='word_1_453' title='bbox 2839 3166 3234 3235; x_wconf 80' lang='lat' dir='ltr'><strong>phiIOSOpbiam</strong></span> <span class='ocrx_word' id='word_1_454' title='bbox 3265 3167 3510 3236; x_wconf 84' lang='lat' dir='ltr'><strong>augustis</strong></span> <span class='ocrx_word' id='word_1_455' title='bbox 3559 3169 3663 3222; x_wconf 86' lang='lat' dir='ltr'><strong>illis</strong></span> <span class='ocrx_word' id='word_1_456' title='bbox 3711 3185 3881 3224; x_wconf 88' lang='lat' dir='ltr'><strong>eorum</strong></span> 
     </span>
    </p>
   </div>
   <div class='ocr_carea' id='block_1_61' title="bbox 698 3250 1681 3326">
    <p class='ocr_par' dir='ltr' id='par_1_61' title="bbox 698 3250 1681 3326">
     <span class='ocr_line' id='line_1_61' title="bbox 698 3250 1681 3326; baseline -0.011 -15"><span class='ocrx_word' id='word_1_457' title='bbox 698 3256 972 3326; x_wconf 66' lang='lat' dir='ltr'><strong>mysteriis</strong></span> <span class='ocrx_word' id='word_1_458' title='bbox 1013 3253 1276 3323; x_wconf 89' lang='lat' dir='ltr'><strong>potiorem</strong></span> <span class='ocrx_word' id='word_1_459' title='bbox 1311 3250 1681 3303; x_wconf 81' lang='lat' dir='ltr'><strong>habuerimus.</strong></span> 
     </span>
    </p>
   </div>
   <div class='ocr_carea' id='block_1_62' title="bbox 1283 3361 1642 3418">
    <p class='ocr_par' dir='ltr' id='par_1_62' title="bbox 1283 3361 1642 3418">
     <span class='ocr_line' id='line_1_62' title="bbox 1283 3361 1642 3418; baseline 0.008 -4"><span class='ocrx_word' id='word_1_460' title='bbox 1283 3361 1508 3418; x_wconf 80' lang='lat' dir='ltr'><strong>CAPUT</strong></span> <span class='ocrx_word' id='word_1_461' title='bbox 1553 3361 1642 3417; x_wconf 78' lang='lat' dir='ltr'><strong>IV.</strong></span> 
     </span>
    </p>
   </div>
   <div class='ocr_carea' id='block_1_63' title="bbox 700 3475 2243 3545">
    <p class='ocr_par' dir='ltr' id='par_1_63' title="bbox 700 3475 2243 3545">
     <span class='ocr_line' id='line_1_63' title="bbox 700 3475 2243 3545; baseline -0.003 -12"><span class='ocrx_word' id='word_1_462' title='bbox 700 3480 851 3545; x_wconf 80' lang='lat' dir='ltr'><strong>Quod</strong></span> <span class='ocrx_word' id='word_1_463' title='bbox 883 3494 980 3530; x_wconf 87' lang='lat' dir='ltr'><strong>non</strong></span> <span class='ocrx_word' id='word_1_464' title='bbox 1004 3479 1113 3530; x_wconf 82' lang='lat' dir='ltr'><strong>sine</strong></span> <span class='ocrx_word' id='word_1_465' title='bbox 1143 3493 1301 3528; x_wconf 83' lang='lat' dir='ltr'><strong>causa</strong></span> <span class='ocrx_word' id='word_1_466' title='bbox 1334 3475 1677 3545; x_wconf 69' lang='lat' dir='ltr'><strong>Hebraeorum</strong></span> <span class='ocrx_word' id='word_1_467' title='bbox 1697 3475 2017 3544; x_wconf 79' lang='lat' dir='ltr'><strong>theologiam</strong></span> <span class='ocrx_word' id='word_1_468' title='bbox 2041 3475 2243 3530; x_wconf 72' lang='grc' dir='ltr'>εγωσο-</span> 
     </span>
    </p>
   </div>
   <div class='ocr_carea' id='block_1_64' title="bbox 993 3543 1894 3613">
    <p class='ocr_par' dir='ltr' id='par_1_64' title="bbox 993 3543 1894 3613">
     <span class='ocr_line' id='line_1_64' title="bbox 993 3543 1894 3613; baseline -0.002 -15"><span class='ocrx_word' id='word_1_469' title='bbox 993 3564 1107 3598; x_wconf 86' lang='lat' dir='ltr'><strong>rum</strong></span> <span class='ocrx_word' id='word_1_470' title='bbox 1133 3546 1466 3613; x_wconf 75' lang='lat' dir='ltr'><strong>philosophia:</strong></span> <span class='ocrx_word' id='word_1_471' title='bbox 1491 3543 1894 3610; x_wconf 74' lang='lat' dir='ltr'><strong>prwtulerimus.</strong></span> 
     </span>
    </p>
   </div>
   <div class='ocr_carea' id='block_1_65' title="bbox 767 3656 2243 3726">
    <p class='ocr_par' dir='ltr' id='par_1_65' title="bbox 767 3656 2243 3726">
     <span class='ocr_line' id='line_1_65' title="bbox 767 3656 2243 3726; baseline -0.003 -11"><span class='ocrx_word' id='word_1_472' title='bbox 767 3661 920 3726; x_wconf 83' lang='lat' dir='ltr'><strong>Quod</strong></span> <span class='ocrx_word' id='word_1_473' title='bbox 952 3674 1056 3713; x_wconf 89' lang='lat' dir='ltr'><strong>non</strong></span> <span class='ocrx_word' id='word_1_474' title='bbox 1106 3659 1222 3712; x_wconf 89' lang='lat' dir='ltr'><strong>sine</strong></span> <span class='ocrx_word' id='word_1_475' title='bbox 1273 3668 1485 3710; x_wconf 90' lang='lat' dir='ltr'><strong>maturo</strong></span> <span class='ocrx_word' id='word_1_476' title='bbox 1535 3671 1773 3723; x_wconf 83' lang='lat' dir='ltr'><strong>sanoque</strong></span> <span class='ocrx_word' id='word_1_477' title='bbox 1806 3656 2056 3721; x_wconf 89' lang='lat' dir='ltr'><strong>consilio,</strong></span> <span class='ocrx_word' id='word_1_478' title='bbox 2093 3667 2243 3725; x_wconf 56' lang='lat' dir='ltr'><strong>post-</strong></span> 
     </span>
    </p>
   </div>
   <div class='ocr_carea' id='block_1_66' title="bbox 700 3745 2246 3816">
    <p class='ocr_par' dir='ltr' id='par_1_66' title="bbox 700 3745 2246 3816">
     <span class='ocr_line' id='line_1_66' title="bbox 700 3745 2246 3816; baseline -0.003 -11"><span class='ocrx_word' id='word_1_479' title='bbox 700 3753 882 3806; x_wconf 88' lang='lat' dir='ltr'><strong>habita</strong></span> <span class='ocrx_word' id='word_1_480' title='bbox 915 3749 1222 3803; x_wconf 85' lang='lat' dir='ltr'><strong>Graecorum</strong></span> <span class='ocrx_word' id='word_1_481' title='bbox 1255 3747 1620 3816; x_wconf 88' lang='lat' dir='ltr'><strong>philosophia,</strong></span> <span class='ocrx_word' id='word_1_482' title='bbox 1671 3745 2015 3800; x_wconf 64' lang='lat' dir='ltr'><strong>Hebraeorum</strong></span> <span class='ocrx_word' id='word_1_483' title='bbox 2041 3748 2246 3801; x_wconf 84' lang='lat' dir='ltr'><strong>theolo-</strong></span> 
     </span>
    </p>
   </div>
   <div class='ocr_carea' id='block_1_67' title="bbox 699 3835 2243 3912">
    <p class='ocr_par' dir='ltr' id='par_1_67' title="bbox 699 3835 2243 3912">
     <span class='ocr_line' id='line_1_67' title="bbox 699 3835 2243 3912; baseline -0.004 -16"><span class='ocrx_word' id='word_1_484' title='bbox 699 3842 841 3912; x_wconf 83' lang='lat' dir='ltr'><strong>giam</strong></span> <span class='ocrx_word' id='word_1_485' title='bbox 863 3838 1125 3906; x_wconf 81' lang='lat' dir='ltr'><strong>complexi</strong></span> <span class='ocrx_word' id='word_1_486' title='bbox 1156 3836 1436 3898; x_wconf 79' lang='lat' dir='ltr'><strong>fuerimus,</strong></span> <span class='ocrx_word' id='word_1_487' title='bbox 1473 3835 1557 3888; x_wconf 85' lang='lat' dir='ltr'><strong>vel</strong></span> <span class='ocrx_word' id='word_1_488' title='bbox 1593 3850 1658 3888; x_wconf 83' lang='lat' dir='ltr'><strong>ex</strong></span> <span class='ocrx_word' id='word_1_489' title='bbox 1688 3850 1752 3889; x_wconf 91' lang='lat' dir='ltr'><strong>eo</strong></span> <span class='ocrx_word' id='word_1_490' title='bbox 1787 3837 1918 3890; x_wconf 88' lang='lat' dir='ltr'><strong>satis</strong></span> <span class='ocrx_word' id='word_1_491' title='bbox 1953 3836 2243 3905; x_wconf 81' lang='lat' dir='ltr'><strong>intelligas,</strong></span> 
     </span>
    </p>
   </div>
   <div class='ocr_carea' id='block_1_68' title="bbox 698 3925 2240 4001">
    <p class='ocr_par' dir='ltr' id='par_1_68' title="bbox 698 3925 2240 4001">
     <span class='ocr_line' id='line_1_68' title="bbox 698 3925 2240 4001; baseline -0.004 -16"><span class='ocrx_word' id='word_1_492' title='bbox 698 3931 842 4001; x_wconf 89' lang='lat' dir='ltr'><strong>quod</strong></span> <span class='ocrx_word' id='word_1_493' title='bbox 874 3946 903 3983; x_wconf 92' lang='lat' dir='ltr'><strong>e</strong></span> <span class='ocrx_word' id='word_1_494' title='bbox 956 3927 1156 3982; x_wconf 78' lang='lat' dir='ltr'><strong>Graecis</strong></span> <span class='ocrx_word' id='word_1_495' title='bbox 1209 3940 1275 3979; x_wconf 91' lang='lat' dir='ltr'><strong>ne</strong></span> <span class='ocrx_word' id='word_1_496' title='bbox 1324 3925 1399 3978; x_wconf 89' lang='lat' dir='ltr'><strong>illi</strong></span> <span class='ocrx_word' id='word_1_497' title='bbox 1439 3925 1654 3993; x_wconf 89' lang='lat' dir='ltr'><strong>quidem</strong></span> <span class='ocrx_word' id='word_1_498' title='bbox 1697 3925 1821 3993; x_wconf 90' lang='lat' dir='ltr'><strong>ipsi,</strong></span> <span class='ocrx_word' id='word_1_499' title='bbox 1853 3926 1945 3993; x_wconf 89' lang='lat' dir='ltr'><strong>qui</strong></span> <span class='ocrx_word' id='word_1_500' title='bbox 1997 3926 2240 3994; x_wconf 64' lang='lat' dir='ltr'><strong>omnium</strong></span> 
     </span>
    </p>
   </div>
   <div class='ocr_carea' id='block_1_69' title="bbox 699 4012 2244 4088">
    <p class='ocr_par' dir='ltr' id='par_1_69' title="bbox 699 4012 2244 4088">
     <span class='ocr_line' id='line_1_69' title="bbox 699 4012 2244 4088; baseline -0.005 -15"><span class='ocrx_word' id='word_1_501' title='bbox 699 4021 898 4088; x_wconf 88' lang='lat' dir='ltr'><strong>optime</strong></span> <span class='ocrx_word' id='word_1_502' title='bbox 943 4015 1339 4085; x_wconf 87' lang='lat' dir='ltr'><strong>philosophiam</strong></span> <span class='ocrx_word' id='word_1_503' title='bbox 1376 4020 1764 4074; x_wconf 85' lang='lat' dir='ltr'><strong>tractaverunt,</strong></span> <span class='ocrx_word' id='word_1_504' title='bbox 1816 4021 1868 4065; x_wconf 90' lang='lat' dir='ltr'><strong>et</strong></span> <span class='ocrx_word' id='word_1_505' title='bbox 1912 4012 2120 4080; x_wconf 84' lang='lat' dir='ltr'><strong>vulgari</strong></span> <span class='ocrx_word' id='word_1_506' title='bbox 2178 4013 2244 4066; x_wconf 87' lang='lat' dir='ltr'><strong>de</strong></span> 
     </span>
    </p>
   </div>
   <div class='ocr_carea' id='block_1_70' title="bbox 699 4101 2247 4173">
    <p class='ocr_par' dir='ltr' id='par_1_70' title="bbox 699 4101 2247 4173">
     <span class='ocr_line' id='line_1_70' title="bbox 699 4101 2247 4173; baseline -0.005 -11"><span class='ocrx_word' id='word_1_507' title='bbox 699 4110 803 4163; x_wconf 85' lang='lat' dir='ltr'><strong>diis</strong></span> <span class='ocrx_word' id='word_1_508' title='bbox 833 4106 1172 4173; x_wconf 89' lang='lat' dir='ltr'><strong>contritoque</strong></span> <span class='ocrx_word' id='word_1_509' title='bbox 1222 4116 1472 4157; x_wconf 90' lang='lat' dir='ltr'><strong>sermone</strong></span> <span class='ocrx_word' id='word_1_510' title='bbox 1520 4101 1752 4169; x_wconf 90' lang='lat' dir='ltr'><strong>amplius</strong></span> <span class='ocrx_word' id='word_1_511' title='bbox 1783 4101 1987 4168; x_wconf 88' lang='lat' dir='ltr'><strong>aliquid</strong></span> <span class='ocrx_word' id='word_1_512' title='bbox 2039 4101 2247 4170; x_wconf 80' lang='lat' dir='ltr'><strong>majus-</strong></span> 
     </span>
    </p>
   </div>
   <div class='ocr_carea' id='block_1_71' title="bbox 699 4191 2286 4268">
    <p class='ocr_par' dir='ltr' id='par_1_71' title="bbox 699 4191 2286 4268">
     <span class='ocr_line' id='line_1_71' title="bbox 699 4191 2286 4268; baseline -0.004 -17"><span class='ocrx_word' id='word_1_513' title='bbox 699 4213 806 4268; x_wconf 77' lang='lat' dir='ltr'><strong>que</strong></span> <span class='ocrx_word' id='word_1_514' title='bbox 829 4198 1157 4265; x_wconf 78' lang='lat' dir='ltr'><strong>cogitarunt,</strong></span> <span class='ocrx_word' id='word_1_515' title='bbox 1187 4193 1291 4248; x_wconf 88' lang='lat' dir='ltr'><strong>alia</strong></span> <span class='ocrx_word' id='word_1_516' title='bbox 1335 4191 1549 4246; x_wconf 84' lang='lat' dir='ltr'><strong>veritati</strong></span> <span class='ocrx_word' id='word_1_517' title='bbox 1604 4200 1965 4246; x_wconf 88' lang='lat' dir='ltr'><strong>consentanea</strong></span> <span class='ocrx_word' id='word_1_518' title='bbox 2011 4193 2246 4260; x_wconf 88' lang='lat' dir='ltr'><strong>reperire</strong></span> <span class='ocrx_word' id='word_1_519' title='bbox 2281 4245 2286 4251; x_wconf 78' lang='grc'><strong>,</strong></span> 
     </span>
    </p>
   </div>
   <div class='ocr_carea' id='block_1_72' title="bbox 701 4282 2252 4359">
    <p class='ocr_par' dir='ltr' id='par_1_72' title="bbox 701 4282 2252 4359">
     <span class='ocr_line' id='line_1_72' title="bbox 701 4282 2252 4359; baseline -0.006 -15"><span class='ocrx_word' id='word_1_520' title='bbox 701 4292 950 4359; x_wconf 81' lang='lat' dir='ltr'><strong>dogmata</strong></span> <span class='ocrx_word' id='word_1_521' title='bbox 983 4287 1279 4355; x_wconf 83' lang='lat' dir='ltr'><strong>potuerint,</strong></span> <span class='ocrx_word' id='word_1_522' title='bbox 1314 4300 1475 4354; x_wconf 88' lang='lat' dir='ltr'><strong>quam</strong></span> <span class='ocrx_word' id='word_1_523' title='bbox 1505 4300 1623 4353; x_wconf 70' lang='lat' dir='ltr'><strong>qua:</strong></span> <span class='ocrx_word' id='word_1_524' title='bbox 1647 4284 1782 4353; x_wconf 90' lang='lat' dir='ltr'><strong>apud</strong></span> <span class='ocrx_word' id='word_1_525' title='bbox 1818 4282 2070 4338; x_wconf 74' lang='lat' dir='ltr'><strong>Hebraeos</strong></span> <span class='ocrx_word' id='word_1_526' title='bbox 2096 4292 2252 4336; x_wconf 84' lang='lat' dir='ltr'><strong>tanto</strong></span> 
     </span>
    </p>
   </div>
   <div class='ocr_carea' id='block_1_73' title="bbox 699 4373 2244 4435">
    <p class='ocr_par' dir='ltr' id='par_1_73' title="bbox 699 4373 2244 4435">
     <span class='ocr_line' id='line_1_73' title="bbox 699 4373 2244 4435; baseline -0.006 -1"><span class='ocrx_word' id='word_1_527' title='bbox 699 4389 824 4435; x_wconf 85' lang='lat' dir='ltr'><strong>ante</strong></span> <span class='ocrx_word' id='word_1_528' title='bbox 852 4378 1057 4432; x_wconf 88' lang='lat' dir='ltr'><strong>sancita</strong></span> <span class='ocrx_word' id='word_1_529' title='bbox 1084 4386 1137 4428; x_wconf 88' lang='lat' dir='ltr'><strong>et</strong></span> <span class='ocrx_word' id='word_1_530' title='bbox 1179 4377 1468 4429; x_wconf 88' lang='lat' dir='ltr'><strong>constituta</strong></span> <span class='ocrx_word' id='word_1_531' title='bbox 1513 4374 1782 4428; x_wconf 80' lang='lat' dir='ltr'><strong>fuissent.~</strong></span> <span class='ocrx_word' id='word_1_532' title='bbox 1820 4373 1952 4426; x_wconf 80' lang='lat' dir='ltr'><strong>Nam</strong></span> <span class='ocrx_word' id='word_1_533' title='bbox 1997 4389 2118 4427; x_wconf 92' lang='lat' dir='ltr'><strong>cum</strong></span> <span class='ocrx_word' id='word_1_534' title='bbox 2154 4374 2244 4426; x_wconf 89' lang='lat' dir='ltr'><strong>alii</strong></span> 
     </span>
    </p>
   </div>
   <div class='ocr_carea' id='block_1_74' title="bbox 698 4459 2245 4530">
    <p class='ocr_par' dir='ltr' id='par_1_74' title="bbox 698 4459 2245 4530">
     <span class='ocr_line' id='line_1_74' title="bbox 698 4459 2245 4530; baseline -0.007 -8"><span class='ocrx_word' id='word_1_535' title='bbox 698 4477 898 4522; x_wconf 85' lang='lat' dir='ltr'><strong>temere</strong></span> <span class='ocrx_word' id='word_1_536' title='bbox 955 4473 1088 4518; x_wconf 69' lang='lat' dir='ltr'><strong>aestu</strong></span> <span class='ocrx_word' id='word_1_537' title='bbox 1135 4461 1367 4530; x_wconf 89' lang='lat' dir='ltr'><strong>quodam</strong></span> <span class='ocrx_word' id='word_1_538' title='bbox 1421 4459 1676 4514; x_wconf 74' lang='lat' dir='ltr'><strong>falsarum</strong></span> <span class='ocrx_word' id='word_1_539' title='bbox 1730 4475 1794 4514; x_wconf 91' lang='lat' dir='ltr'><strong>ac</strong></span> <span class='ocrx_word' id='word_1_540' title='bbox 1866 4459 2245 4527; x_wconf 87' lang='lat' dir='ltr'><strong>multiplicium</strong></span> 
     </span>
    </p>
   </div>
   <div class='ocr_carea' id='block_1_75' title="bbox 699 4549 2244 4627">
    <p class='ocr_par' dir='ltr' id='par_1_75' title="bbox 699 4549 2244 4627">
     <span class='ocr_line' id='line_1_75' title="bbox 699 4549 2244 4627; baseline -0.01 -14"><span class='ocrx_word' id='word_1_541' title='bbox 699 4558 1014 4627; x_wconf 87' lang='lat' dir='ltr'><strong>Opinionum</strong></span> <span class='ocrx_word' id='word_1_542' title='bbox 1041 4552 1265 4622; x_wconf 84' lang='lat' dir='ltr'><strong>abrepti,</strong></span> <span class='ocrx_word' id='word_1_543' title='bbox 1297 4551 1518 4604; x_wconf 91' lang='lat' dir='ltr'><strong>tandem</strong></span> <span class='ocrx_word' id='word_1_544' title='bbox 1547 4550 1600 4608; x_wconf 89' lang='lat' dir='ltr'><strong>in</strong></span> <span class='ocrx_word' id='word_1_545' title='bbox 1632 4550 1799 4604; x_wconf 86' lang='lat' dir='ltr'><strong>altum</strong></span> <span class='ocrx_word' id='word_1_546' title='bbox 1833 4549 2027 4617; x_wconf 75' lang='lat' dir='ltr'><strong>inepta:</strong></span> <span class='ocrx_word' id='word_1_547' title='bbox 2055 4550 2244 4616; x_wconf 88' lang='lat' dir='ltr'><strong>loqua-</strong></span> 
     </span>
    </p>
   </div>
   <div class='ocr_carea' id='block_1_76' title="bbox 699 4641 2246 4716">
    <p class='ocr_par' dir='ltr' id='par_1_76' title="bbox 699 4641 2246 4716">
     <span class='ocr_line' id='line_1_76' title="bbox 699 4641 2246 4716; baseline -0.006 -14"><span class='ocrx_word' id='word_1_548' title='bbox 699 4649 878 4702; x_wconf 89' lang='lat' dir='ltr'><strong>citatis</strong></span> <span class='ocrx_word' id='word_1_549' title='bbox 919 4647 1181 4716; x_wconf 89' lang='lat' dir='ltr'><strong>gnrgitem</strong></span> <span class='ocrx_word' id='word_1_550' title='bbox 1219 4643 1375 4698; x_wconf 81' lang='lat' dir='ltr'><strong>eﬂ&#39;usi</strong></span> <span class='ocrx_word' id='word_1_551' title='bbox 1433 4649 1592 4708; x_wconf 90' lang='lat' dir='ltr'><strong>sunt;</strong></span> <span class='ocrx_word' id='word_1_552' title='bbox 1631 4651 1744 4694; x_wconf 92' lang='lat' dir='ltr'><strong>tum</strong></span> <span class='ocrx_word' id='word_1_553' title='bbox 1803 4641 1878 4692; x_wconf 89' lang='lat' dir='ltr'><strong>illi</strong></span> <span class='ocrx_word' id='word_1_554' title='bbox 1917 4655 2066 4702; x_wconf 85' lang='lat' dir='ltr'><strong>sane,</strong></span> <span class='ocrx_word' id='word_1_555' title='bbox 2086 4641 2246 4709; x_wconf 90' lang='lat' dir='ltr'><strong>paulo</strong></span> 
     </span>
    </p>
   </div>
   <div class='ocr_carea' id='block_1_77' title="bbox 702 4730 2246 4802">
    <p class='ocr_par' dir='ltr' id='par_1_77' title="bbox 702 4730 2246 4802">
     <span class='ocr_line' id='line_1_77' title="bbox 702 4730 2246 4802; baseline -0.005 -9"><span class='ocrx_word' id='word_1_556' title='bbox 702 4738 995 4793; x_wconf 84' lang='lat' dir='ltr'><strong>sinceriore</strong></span> <span class='ocrx_word' id='word_1_557' title='bbox 1056 4736 1138 4789; x_wconf 87' lang='lat' dir='ltr'><strong>usi</strong></span> <span class='ocrx_word' id='word_1_558' title='bbox 1188 4735 1416 4802; x_wconf 84' lang='lat' dir='ltr'><strong>judicio,</strong></span> <span class='ocrx_word' id='word_1_559' title='bbox 1494 4732 1692 4802; x_wconf 88' lang='lat' dir='ltr'><strong>quibus</strong></span> <span class='ocrx_word' id='word_1_560' title='bbox 1738 4730 1901 4801; x_wconf 66' lang='grc'><strong>469</strong></span> <span class='ocrx_word' id='word_1_561' title='bbox 1959 4731 2027 4784; x_wconf 91' lang='lat' dir='ltr'><strong>de</strong></span> <span class='ocrx_word' id='word_1_562' title='bbox 2085 4732 2246 4785; x_wconf 83' lang='lat' dir='ltr'><strong>rebus</strong></span> 
     </span>
    </p>
   </div>
   <div class='ocr_carea' id='block_1_78' title="bbox 700 4819 2244 4886">
    <p class='ocr_par' dir='ltr' id='par_1_78' title="bbox 700 4819 2244 4886">
     <span class='ocr_line' id='line_1_78' title="bbox 700 4819 2244 4886; baseline -0.006 -5"><span class='ocrx_word' id='word_1_563' title='bbox 700 4841 880 4883; x_wconf 80' lang='lat' dir='ltr'><strong>veram</strong></span> <span class='ocrx_word' id='word_1_564' title='bbox 909 4822 1095 4879; x_wconf 87' lang='lat' dir='ltr'><strong>animo</strong></span> <span class='ocrx_word' id='word_1_565' title='bbox 1110 4824 1381 4876; x_wconf 86' lang='lat' dir='ltr'><strong>notionem</strong></span> <span class='ocrx_word' id='word_1_566' title='bbox 1414 4821 1791 4885; x_wconf 80' lang='lat' dir='ltr'><strong>informarunt,</strong></span> <span class='ocrx_word' id='word_1_567' title='bbox 1823 4822 1875 4873; x_wconf 90' lang='lat' dir='ltr'><strong>in</strong></span> <span class='ocrx_word' id='word_1_568' title='bbox 1918 4820 1984 4873; x_wconf 90' lang='lat' dir='ltr'><strong>iis</strong></span> <span class='ocrx_word' id='word_1_569' title='bbox 2023 4819 2244 4886; x_wconf 80' lang='lat' dir='ltr'><strong>quidem</strong></span> 
     </span>
    </p>
   </div>
   <div class='ocr_carea' id='block_1_79' title="bbox 702 4908 2248 4978">
    <p class='ocr_par' dir='ltr' id='par_1_79' title="bbox 702 4908 2248 4978">
     <span class='ocr_line' id='line_1_79' title="bbox 702 4908 2248 4978; baseline -0.006 -8"><span class='ocrx_word' id='word_1_570' title='bbox 702 4916 1018 4970; x_wconf 89' lang='lat' dir='ltr'><strong>nonnullum</strong></span> <span class='ocrx_word' id='word_1_571' title='bbox 1054 4930 1111 4969; x_wconf 87' lang='lat' dir='ltr'><strong>se</strong></span> <span class='ocrx_word' id='word_1_572' title='bbox 1152 4912 1426 4966; x_wconf 69' lang='lat' dir='ltr'><strong>Hebraica:</strong></span> <span class='ocrx_word' id='word_1_573' title='bbox 1460 4911 1716 4964; x_wconf 71' lang='lat' dir='ltr'><strong>doctrina:</strong></span> <span class='ocrx_word' id='word_1_574' title='bbox 1751 4920 1961 4978; x_wconf 88' lang='lat' dir='ltr'><strong>gustum</strong></span> <span class='ocrx_word' id='word_1_575' title='bbox 1996 4908 2248 4960; x_wconf 87' lang='lat' dir='ltr'><strong>habuisse</strong></span> 
     </span>
    </p>
   </div>
   <div class='ocr_carea' id='block_1_80' title="bbox 703 4997 2247 5067">
    <p class='ocr_par' dir='ltr' id='par_1_80' title="bbox 703 4997 2247 5067">
     <span class='ocr_line' id='line_1_80' title="bbox 703 4997 2247 5067; baseline -0.007 -8"><span class='ocrx_word' id='word_1_576' title='bbox 703 5005 998 5059; x_wconf 89' lang='lat' dir='ltr'><strong>declarant.</strong></span> <span class='ocrx_word' id='word_1_577' title='bbox 1035 5003 1230 5057; x_wconf 86' lang='lat' dir='ltr'><strong>Etvero</strong></span> <span class='ocrx_word' id='word_1_578' title='bbox 1281 5008 1699 5055; x_wconf 85' lang='lat' dir='ltr'><strong>consentaneum</strong></span> <span class='ocrx_word' id='word_1_579' title='bbox 1728 5000 1910 5067; x_wconf 90' lang='lat' dir='ltr'><strong>utique</strong></span> <span class='ocrx_word' id='word_1_580' title='bbox 1945 5008 2045 5061; x_wconf 89' lang='lat' dir='ltr'><strong>est,</strong></span> <span class='ocrx_word' id='word_1_581' title='bbox 2078 4997 2247 5064; x_wconf 89' lang='lat' dir='ltr'><strong>utqui</strong></span> 
     </span>
    </p>
   </div>
   <div class='ocr_carea' id='block_1_81' title="bbox 705 5088 2246 5156">
    <p class='ocr_par' dir='ltr' id='par_1_81' title="bbox 705 5088 2246 5156">
     <span class='ocr_line' id='line_1_81' title="bbox 705 5088 2246 5156; baseline -0.006 -11"><span class='ocrx_word' id='word_1_582' title='bbox 705 5107 884 5145; x_wconf 89' lang='lat' dir='ltr'><strong>rerum</strong></span> <span class='ocrx_word' id='word_1_583' title='bbox 940 5091 1042 5143; x_wconf 83' lang='lat' dir='ltr'><strong>sibi</strong></span> <span class='ocrx_word' id='word_1_584' title='bbox 1090 5091 1374 5142; x_wconf 90' lang='lat' dir='ltr'><strong>multarum</strong></span> <span class='ocrx_word' id='word_1_585' title='bbox 1422 5088 1781 5156; x_wconf 84' lang='lat' dir='ltr'><strong>cognitionem</strong></span> <span class='ocrx_word' id='word_1_586' title='bbox 1841 5093 2246 5154; x_wconf 87' lang='lat' dir='ltr'><strong>compararunt,</strong></span> 
     </span>
    </p>
   </div>
   <div class='ocr_carea' id='block_1_82' title="bbox 707 5173 2250 5247">
    <p class='ocr_par' dir='ltr' id='par_1_82' title="bbox 707 5173 2250 5247">
     <span class='ocr_line' id='line_1_82' title="bbox 707 5173 2250 5247; baseline -0.006 -12"><span class='ocrx_word' id='word_1_587' title='bbox 707 5193 992 5247; x_wconf 88' lang='lat' dir='ltr'><strong>moresque</strong></span> <span class='ocrx_word' id='word_1_588' title='bbox 1029 5179 1346 5246; x_wconf 90' lang='lat' dir='ltr'><strong>populorum</strong></span> <span class='ocrx_word' id='word_1_589' title='bbox 1401 5185 1562 5244; x_wconf 87' lang='lat' dir='ltr'><strong>atque</strong></span> <span class='ocrx_word' id='word_1_590' title='bbox 1611 5173 1924 5241; x_wconf 85' lang='lat' dir='ltr'><strong>disciplinas</strong></span> <span class='ocrx_word' id='word_1_591' title='bbox 1973 5174 2250 5228; x_wconf 88' lang='lat' dir='ltr'><strong>curiosius</strong></span> 
     </span>
    </p>
   </div>
   <div class='ocr_carea' id='block_1_83' title="bbox 705 5265 2246 5341">
    <p class='ocr_par' dir='ltr' id='par_1_83' title="bbox 705 5265 2246 5341">
     <span class='ocr_line' id='line_1_83' title="bbox 705 5265 2246 5341; baseline -0.006 -16"><span class='ocrx_word' id='word_1_592' title='bbox 705 5273 1077 5341; x_wconf 80' lang='lat' dir='ltr'><strong>explorarunt,</strong></span> <span class='ocrx_word' id='word_1_593' title='bbox 1108 5268 1142 5319; x_wconf 90' lang='lat' dir='ltr'><strong>ii</strong></span> <span class='ocrx_word' id='word_1_594' title='bbox 1185 5283 1279 5321; x_wconf 90' lang='lat' dir='ltr'><strong>nec</strong></span> <span class='ocrx_word' id='word_1_595' title='bbox 1309 5268 1544 5329; x_wconf 88' lang='lat' dir='ltr'><strong>illorum,</strong></span> <span class='ocrx_word' id='word_1_596' title='bbox 1590 5265 1656 5320; x_wconf 91' lang='lat' dir='ltr'><strong>de</strong></span> <span class='ocrx_word' id='word_1_597' title='bbox 1698 5265 1896 5333; x_wconf 84' lang='lat' dir='ltr'><strong>quibus</strong></span> <span class='ocrx_word' id='word_1_598' title='bbox 1945 5266 2246 5334; x_wconf 90' lang='lat' dir='ltr'><strong>loquimur,</strong></span> 
     </span>
    </p>
   </div>
   <div class='ocr_carea' id='block_1_84' title="bbox 778 5414 2249 5490">
    <p class='ocr_par' dir='ltr' id='par_1_84' title="bbox 778 5414 2249 5490">
     <span class='ocr_line' id='line_1_84' title="bbox 778 5414 2249 5490; baseline -0.005 -16"><span class='ocrx_word' id='word_1_599' title='bbox 778 5421 888 5490; x_wconf 81' lang='grc'><strong>(16)</strong></span> <span class='ocrx_word' id='word_1_600' title='bbox 933 5417 1404 5490; x_wconf 26' lang='grc' dir='ltr'><strong>Ἀλληνῌᾶλλως.</strong></span> <span class='ocrx_word' id='word_1_601' title='bbox 1457 5417 1634 5490; x_wconf 79' lang='lat' dir='ltr'><strong>Malim</strong></span> <span class='ocrx_word' id='word_1_602' title='bbox 1690 5414 2043 5490; x_wconf 60' lang='grc' dir='ltr'>ἁλ-ληνάλλως,</span> <span class='ocrx_word' id='word_1_603' title='bbox 2091 5414 2249 5467; x_wconf 87' lang='lat' dir='ltr'><strong>unica</strong></span> 
     </span>
    </p>
   </div>
   <div class='ocr_carea' id='block_1_85' title="bbox 708 5485 1950 5555">
    <p class='ocr_par' dir='ltr' id='par_1_85' title="bbox 708 5485 1950 5555">
     <span class='ocr_line' id='line_1_85' title="bbox 708 5485 1950 5555; baseline -0.006 -13"><span class='ocrx_word' id='word_1_604' title='bbox 708 5485 937 5550; x_wconf 69' lang='lat' dir='ltr'><strong>voce,id</strong></span> <span class='ocrx_word' id='word_1_605' title='bbox 967 5499 1048 5543; x_wconf 82' lang='lat' dir='ltr'><strong>est</strong></span> <span class='ocrx_word' id='word_1_606' title='bbox 1071 5489 1144 5551; x_wconf 80' lang='grc' dir='ltr'><strong>ὡς</strong></span> <span class='ocrx_word' id='word_1_607' title='bbox 1173 5487 1374 5555; x_wconf 71' lang='grc' dir='ltr'>ἔτυχεν,</span> <span class='ocrx_word' id='word_1_608' title='bbox 1409 5497 1464 5539; x_wconf 91' lang='lat' dir='ltr'><strong>ut</strong></span> <span class='ocrx_word' id='word_1_609' title='bbox 1487 5488 1714 5555; x_wconf 86' lang='lat' dir='ltr'><strong>explicat</strong></span> <span class='ocrx_word' id='word_1_610' title='bbox 1740 5485 1950 5555; x_wconf 66' lang='lat' dir='ltr'><strong>Snitlas.</strong></span> 
     </span>
    </p>
   </div>
   <div class='ocr_carea' id='block_1_86' title="bbox 780 5551 2250 5626">
    <p class='ocr_par' dir='ltr' id='par_1_86' title="bbox 780 5551 2250 5626">
     <span class='ocr_line' id='line_1_86' title="bbox 780 5551 2250 5626; baseline -0.003 -18"><span class='ocrx_word' id='word_1_611' title='bbox 780 5559 886 5625; x_wconf 78' lang='lat' dir='ltr'><strong>(l7)</strong></span> <span class='ocrx_word' id='word_1_612' title='bbox 928 5551 1493 5626; x_wconf 53' lang='grc' dir='ltr'>Ἀγνώμωνίεεοειιε</span> <span class='ocrx_word' id='word_1_613' title='bbox 1521 5551 1685 5626; x_wconf 60' lang='lat' dir='ltr'><strong>erigit</strong></span> <span class='ocrx_word' id='word_1_614' title='bbox 1724 5551 2044 5626; x_wconf 67' lang='grc' dir='ltr'>εῷγνώμονι.</span> <span class='ocrx_word' id='word_1_615' title='bbox 2069 5551 2250 5626; x_wconf 79' lang='lat' dir='ltr'><strong>Quan-</strong></span> 
     </span>
    </p>
   </div>
   <div class='ocr_carea' id='block_1_87' title="bbox 710 5620 2249 5696">
    <p class='ocr_par' dir='ltr' id='par_1_87' title="bbox 710 5620 2249 5696">
     <span class='ocr_line' id='line_1_87' title="bbox 710 5620 2249 5696; baseline -0.005 -18"><span class='ocrx_word' id='word_1_616' title='bbox 710 5620 883 5696; x_wconf 32' lang='lat' dir='ltr'><strong>quam:</strong></span> <span class='ocrx_word' id='word_1_617' title='bbox 911 5620 1008 5692; x_wconf 81' lang='lat' dir='ltr'><strong>legi</strong></span> <span class='ocrx_word' id='word_1_618' title='bbox 1049 5620 1206 5679; x_wconf 68' lang='lat' dir='ltr'><strong>etiam</strong></span> <span class='ocrx_word' id='word_1_619' title='bbox 1233 5625 1407 5696; x_wconf 80' lang='lat' dir='ltr'><strong>possit</strong></span> <span class='ocrx_word' id='word_1_620' title='bbox 1436 5620 1700 5696; x_wconf 43' lang='grc' dir='ltr'>γνώμονι.</span> <span class='ocrx_word' id='word_1_621' title='bbox 1731 5620 1933 5696; x_wconf 76' lang='lat' dir='ltr'><strong>Vulgus</strong></span> <span class='ocrx_word' id='word_1_622' title='bbox 1954 5624 2128 5696; x_wconf 73' lang='lat' dir='ltr'><strong>enim,</strong></span> <span class='ocrx_word' id='word_1_623' title='bbox 2158 5620 2249 5672; x_wconf 88' lang='grc' dir='ltr'>άλ-</span> 
     </span>
    </p>
   </div>
   <div class='ocr_carea' id='block_1_88' title="bbox 716 5691 2251 5764">
    <p class='ocr_par' dir='ltr' id='par_1_88' title="bbox 716 5691 2251 5764">
     <span class='ocr_line' id='line_1_88' title="bbox 716 5691 2251 5764; baseline -0.004 -17"><span class='ocrx_word' id='word_1_624' title='bbox 716 5691 995 5764; x_wconf 39' lang='lat' dir='ltr'><strong>(primum</strong></span> <span class='ocrx_word' id='word_1_625' title='bbox 1029 5691 1564 5753; x_wconf 42' lang='lat' dir='ltr'><strong>temere—ferebatur;</strong></span> <span class='ocrx_word' id='word_1_626' title='bbox 1591 5691 1897 5764; x_wconf 86' lang='lat' dir='ltr'><strong>philosophi</strong></span> <span class='ocrx_word' id='word_1_627' title='bbox 1942 5691 2167 5758; x_wconf 87' lang='lat' dir='ltr'><strong>judicio,</strong></span> <span class='ocrx_word' id='word_1_628' title='bbox 2198 5698 2251 5741; x_wconf 87' lang='lat' dir='ltr'><strong>et</strong></span> 
     </span>
    </p>
   </div>
   <div class='ocr_carea' id='block_1_89' title="bbox 710 5762 2250 5831">
    <p class='ocr_par' dir='ltr' id='par_1_89' title="bbox 710 5762 2250 5831">
     <span class='ocr_line' id='line_1_89' title="bbox 710 5762 2250 5831; baseline -0.004 -15"><span class='ocrx_word' id='word_1_629' title='bbox 710 5762 1130 5819; x_wconf 81' lang='lat' dir='ltr'><strong>ratiocinatione.</strong></span> <span class='ocrx_word' id='word_1_630' title='bbox 1174 5771 1428 5831; x_wconf 82' lang='lat' dir='ltr'><strong>tanquam</strong></span> <span class='ocrx_word' id='word_1_631' title='bbox 1460 5762 1637 5830; x_wconf 85' lang='lat' dir='ltr'><strong>regula</strong></span> <span class='ocrx_word' id='word_1_632' title='bbox 1671 5762 1900 5829; x_wconf 86' lang='lat' dir='ltr'><strong>quadam</strong></span> <span class='ocrx_word' id='word_1_633' title='bbox 1933 5777 1993 5815; x_wconf 86' lang='lat' dir='ltr'><strong>ac</strong></span> <span class='ocrx_word' id='word_1_634' title='bbox 2025 5774 2250 5828; x_wconf 86' lang='lat' dir='ltr'><strong>perpen-</strong></span> 
     </span>
    </p>
   </div>
   <div class='ocr_carea' id='block_1_90' title="bbox 711 5834 1414 5888">
    <p class='ocr_par' dir='ltr' id='par_1_90' title="bbox 711 5834 1414 5888">
     <span class='ocr_line' id='line_1_90' title="bbox 711 5834 1414 5888; baseline -0.013 -2"><span class='ocrx_word' id='word_1_635' title='bbox 711 5834 884 5888; x_wconf 86' lang='lat' dir='ltr'><strong>diculo</strong></span> <span class='ocrx_word' id='word_1_636' title='bbox 916 5834 1216 5886; x_wconf 85' lang='lat' dir='ltr'><strong>utebantur.</strong></span> <span class='ocrx_word' id='word_1_637' title='bbox 1412 5856 1414 5860; x_wconf 56' lang='grc' dir='ltr'><strong>ν</strong></span> 
     </span>
    </p>
   </div>
   <div class='ocr_carea' id='block_1_91' title="bbox 2876 3364 3369 3418">
    <p class='ocr_par' dir='ltr' id='par_1_91' title="bbox 2876 3364 3369 3418">
     <span class='ocr_line' id='line_1_91' title="bbox 2876 3364 3369 3418; baseline 0.006 -3"><span class='ocrx_word' id='word_1_638' title='bbox 2876 3364 3265 3417; x_wconf 82' lang='grc' dir='ltr'><strong>ΚΕΦΑΛΑΙΟΝ</strong></span> <span class='ocrx_word' id='word_1_639' title='bbox 3298 3368 3369 3418; x_wconf 66' lang='grc' dir='ltr'><strong>Δν.</strong></span> 
     </span>
    </p>
   </div>
   <div class='ocr_carea' id='block_1_92' title="bbox 2351 3474 3882 3543">
    <p class='ocr_par' dir='ltr' id='par_1_92' title="bbox 2351 3474 3882 3543">
     <span class='ocr_line' id='line_1_92' title="bbox 2351 3474 3882 3543; baseline 0.001 -18"><span class='ocrx_word' id='word_1_640' title='bbox 2351 3474 2476 3543; x_wconf 67' lang='grc' dir='ltr'>Ὅτι</span> <span class='ocrx_word' id='word_1_641' title='bbox 2507 3475 2592 3541; x_wconf 80' lang='grc' dir='ltr'>μὴ</span> <span class='ocrx_word' id='word_1_642' title='bbox 2645 3475 2874 3543; x_wconf 78' lang='grc' dir='ltr'>ἀλόγως</span> <span class='ocrx_word' id='word_1_643' title='bbox 2921 3474 3036 3542; x_wconf 74' lang='grc' dir='ltr'>τὴν</span> <span class='ocrx_word' id='word_1_644' title='bbox 3076 3477 3209 3542; x_wconf 81' lang='grc' dir='ltr'>παρ’</span> <span class='ocrx_word' id='word_1_645' title='bbox 3260 3477 3542 3542; x_wconf 82' lang='grc' dir='ltr'>Ἑϐραίοις</span> <span class='ocrx_word' id='word_1_646' title='bbox 3595 3475 3882 3542; x_wconf 64' lang='grc' dir='ltr'>θεολογίαν</span> 
     </span>
    </p>
   </div>
   <div class='ocr_carea' id='block_1_93' title="bbox 2415 3541 3824 3613">
    <p class='ocr_par' dir='ltr' id='par_1_93' title="bbox 2415 3541 3824 3613">
     <span class='ocr_line' id='line_1_93' title="bbox 2415 3541 3824 3613; baseline 0 -19"><span class='ocrx_word' id='word_1_647' title='bbox 2415 3541 2524 3610; x_wconf 79' lang='grc' dir='ltr'><strong>τῆς</strong></span> <span class='ocrx_word' id='word_1_648' title='bbox 2574 3541 2874 3609; x_wconf 63' lang='grc' dir='ltr'><strong>Ἑλλήνων</strong></span> <span class='ocrx_word' id='word_1_649' title='bbox 2916 3541 3274 3612; x_wconf 49' lang='grc' dir='ltr'>φιλοσοφίας</span> <span class='ocrx_word' id='word_1_650' title='bbox 3311 3541 3824 3613; x_wconf 67' lang='grc' dir='ltr'>προτετιμήκαμεν.</span> 
     </span>
    </p>
   </div>
   <div class='ocr_carea' id='block_1_94' title="bbox 2418 3651 3885 3725">
    <p class='ocr_par' dir='ltr' id='par_1_94' title="bbox 2418 3651 3885 3725">
     <span class='ocr_line' id='line_1_94' title="bbox 2418 3651 3885 3725; baseline -0.001 -21"><span class='ocrx_word' id='word_1_651' title='bbox 2418 3653 2536 3705; x_wconf 72' lang='grc' dir='ltr'>Ὀτι</span> <span class='ocrx_word' id='word_1_652' title='bbox 2572 3653 2646 3722; x_wconf 85' lang='grc' dir='ltr'>μὴ</span> <span class='ocrx_word' id='word_1_653' title='bbox 2680 3653 2805 3707; x_wconf 82' lang='grc' dir='ltr'>ἄνευ</span> <span class='ocrx_word' id='word_1_654' title='bbox 2833 3654 2988 3720; x_wconf 82' lang='grc' dir='ltr'>λόγου</span> <span class='ocrx_word' id='word_1_655' title='bbox 3018 3654 3307 3725; x_wconf 84' lang='grc' dir='ltr'>σώφρονος,</span> <span class='ocrx_word' id='word_1_656' title='bbox 3341 3653 3567 3724; x_wconf 81' lang='grc' dir='ltr'>δεύτερα</span> <span class='ocrx_word' id='word_1_657' title='bbox 3592 3655 3800 3724; x_wconf 82' lang='grc' dir='ltr'>θέμενοι</span> <span class='ocrx_word' id='word_1_658' title='bbox 3831 3651 3885 3703; x_wconf 78' lang='grc' dir='ltr'>τὰ</span> 
     </span>
    </p>
   </div>
   <div class='ocr_carea' id='block_1_95' title="bbox 2345 3741 3884 3815">
    <p class='ocr_par' dir='ltr' id='par_1_95' title="bbox 2345 3741 3884 3815">
     <span class='ocr_line' id='line_1_95' title="bbox 2345 3741 3884 3815; baseline -0.004 -17"><span class='ocrx_word' id='word_1_659' title='bbox 2345 3745 2442 3815; x_wconf 79' lang='grc' dir='ltr'><strong>τῆς</strong></span> <span class='ocrx_word' id='word_1_660' title='bbox 2484 3744 2745 3812; x_wconf 86' lang='grc' dir='ltr'>Ἐλλήνων</span> <span class='ocrx_word' id='word_1_661' title='bbox 2778 3743 3107 3811; x_wconf 83' lang='grc' dir='ltr'>φιλοσοφίας,</span> <span class='ocrx_word' id='word_1_662' title='bbox 3131 3744 3228 3814; x_wconf 85' lang='grc' dir='ltr'><strong>τὴν</strong></span> <span class='ocrx_word' id='word_1_663' title='bbox 3262 3745 3388 3815; x_wconf 84' lang='grc' dir='ltr'>παρ’</span> <span class='ocrx_word' id='word_1_664' title='bbox 3432 3744 3697 3815; x_wconf 82' lang='grc' dir='ltr'>Ἑϐραίοις</span> <span class='ocrx_word' id='word_1_665' title='bbox 3727 3741 3884 3795; x_wconf 78' lang='grc' dir='ltr'>θεολο-</span> 
     </span>
    </p>
   </div>
   <div class='ocr_carea' id='block_1_96' title="bbox 2345 3825 3884 3902">
    <p class='ocr_par' dir='ltr' id='par_1_96' title="bbox 2345 3825 3884 3902">
     <span class='ocr_line' id='line_1_96' title="bbox 2345 3825 3884 3902; baseline -0.005 -22"><span class='ocrx_word' id='word_1_666' title='bbox 2345 3829 2468 3895; x_wconf 90' lang='grc' dir='ltr'>γίαν</span> <span class='ocrx_word' id='word_1_667' title='bbox 2515 3828 3006 3896; x_wconf 84' lang='grc' dir='ltr'>προτετιμήκαμεν,</span> <span class='ocrx_word' id='word_1_668' title='bbox 3056 3828 3238 3898; x_wconf 81' lang='grc' dir='ltr'>γνοίης</span> <span class='ocrx_word' id='word_1_669' title='bbox 3290 3827 3373 3891; x_wconf 88' lang='grc' dir='ltr'><strong>ἂν,</strong></span> <span class='ocrx_word' id='word_1_670' title='bbox 3434 3825 3638 3902; x_wconf 80' lang='grc' dir='ltr'>μαθὼν,</span> <span class='ocrx_word' id='word_1_671' title='bbox 3685 3825 3758 3888; x_wconf 83' lang='grc' dir='ltr'>ὼς</span> <span class='ocrx_word' id='word_1_672' title='bbox 3808 3825 3884 3875; x_wconf 76' lang='grc' dir='ltr'>καί</span> 
     </span>
    </p>
   </div>
   <div class='ocr_carea' id='block_1_97' title="bbox 2346 3913 3886 3985">
    <p class='ocr_par' dir='ltr' id='par_1_97' title="bbox 2346 3913 3886 3985">
     <span class='ocr_line' id='line_1_97' title="bbox 2346 3913 3886 3985; baseline -0.003 -18"><span class='ocrx_word' id='word_1_673' title='bbox 2346 3914 2522 3967; x_wconf 80' lang='grc' dir='ltr'>αὐτῶν</span> <span class='ocrx_word' id='word_1_674' title='bbox 2572 3913 2835 3984; x_wconf 77' lang='grc' dir='ltr'>Ἑλλήνων</span> <span class='ocrx_word' id='word_1_675' title='bbox 2884 3916 2933 3965; x_wconf 79' lang='grc' dir='ltr'><strong>οἱ</strong></span> <span class='ocrx_word' id='word_1_676' title='bbox 2978 3913 3041 3984; x_wconf 82' lang='grc' dir='ltr'><strong>δὴ</strong></span> <span class='ocrx_word' id='word_1_677' title='bbox 3091 3914 3320 3984; x_wconf 88' lang='grc' dir='ltr'>μάλιστα</span> <span class='ocrx_word' id='word_1_678' title='bbox 3366 3913 3650 3985; x_wconf 82' lang='grc' dir='ltr'>ὀρθότερον</span> <span class='ocrx_word' id='word_1_679' title='bbox 3692 3914 3886 3980; x_wconf 77' lang='grc' dir='ltr'>φιλοσο-</span> 
     </span>
    </p>
   </div>
   <div class='ocr_carea' id='block_1_98' title="bbox 2347 4003 3886 4074">
    <p class='ocr_par' dir='ltr' id='par_1_98' title="bbox 2347 4003 3886 4074">
     <span class='ocr_line' id='line_1_98' title="bbox 2347 4003 3886 4074; baseline 0.001 -20"><span class='ocrx_word' id='word_1_680' title='bbox 2347 4003 2472 4071; x_wconf 89' lang='grc' dir='ltr'>φίας</span> <span class='ocrx_word' id='word_1_681' title='bbox 2501 4003 2784 4074; x_wconf 73' lang='grc' dir='ltr'>ἁψάμενοι,</span> <span class='ocrx_word' id='word_1_682' title='bbox 2813 4005 2903 4056; x_wconf 90' lang='grc' dir='ltr'><strong>καί</strong></span> <span class='ocrx_word' id='word_1_683' title='bbox 2935 4023 2986 4056; x_wconf 89' lang='grc' dir='ltr'><strong>τι</strong></span> <span class='ocrx_word' id='word_1_684' title='bbox 3028 4003 3186 4057; x_wconf 89' lang='grc' dir='ltr'>πλέον</span> <span class='ocrx_word' id='word_1_685' title='bbox 3219 4005 3310 4056; x_wconf 78' lang='grc' dir='ltr'><strong>καὶ</strong></span> <span class='ocrx_word' id='word_1_686' title='bbox 3361 4003 3543 4074; x_wconf 76' lang='grc' dir='ltr'>μεῖζον</span> <span class='ocrx_word' id='word_1_687' title='bbox 3571 4005 3670 4073; x_wconf 82' lang='grc' dir='ltr'><strong>τῆς</strong></span> <span class='ocrx_word' id='word_1_688' title='bbox 3704 4005 3886 4073; x_wconf 76' lang='grc' dir='ltr'>πανδή-</span> 
     </span>
    </p>
   </div>
   <div class='ocr_carea' id='block_1_99' title="bbox 2351 4093 3886 4166">
    <p class='ocr_par' dir='ltr' id='par_1_99' title="bbox 2351 4093 3886 4166">
     <span class='ocr_line' id='line_1_99' title="bbox 2351 4093 3886 4166; baseline -0.001 -20"><span class='ocrx_word' id='word_1_689' title='bbox 2351 4112 2448 4164; x_wconf 88' lang='grc' dir='ltr'><strong>μου</strong></span> <span class='ocrx_word' id='word_1_690' title='bbox 2493 4097 2617 4166; x_wconf 70' lang='grc' dir='ltr'>περὶ</span> <span class='ocrx_word' id='word_1_691' title='bbox 2654 4095 2788 4148; x_wconf 87' lang='grc' dir='ltr'>θεῶν</span> <span class='ocrx_word' id='word_1_692' title='bbox 2827 4095 2996 4163; x_wconf 85' lang='grc' dir='ltr'>ἀκοῆς</span> <span class='ocrx_word' id='word_1_693' title='bbox 3039 4093 3424 4162; x_wconf 82' lang='grc' dir='ltr'>διανοηθέντες,</span> <span class='ocrx_word' id='word_1_694' title='bbox 3458 4094 3567 4146; x_wconf 81' lang='grc' dir='ltr'>οὐδ’</span> <span class='ocrx_word' id='word_1_695' title='bbox 3609 4093 3769 4163; x_wconf 73' lang='grc' dir='ltr'>ἕτερα</span> <span class='ocrx_word' id='word_1_696' title='bbox 3792 4093 3886 4145; x_wconf 74' lang='grc' dir='ltr'><strong>τῶν</strong></span> 
     </span>
    </p>
   </div>
   <div class='ocr_carea' id='block_1_100' title="bbox 2349 4182 3885 4256">
    <p class='ocr_par' dir='ltr' id='par_1_100' title="bbox 2349 4182 3885 4256">
     <span class='ocr_line' id='line_1_100' title="bbox 2349 4182 3885 4256; baseline -0.003 -20"><span class='ocrx_word' id='word_1_697' title='bbox 2349 4187 2496 4251; x_wconf 76' lang='grc' dir='ltr'>παρὰ</span> <span class='ocrx_word' id='word_1_698' title='bbox 2522 4189 2629 4249; x_wconf 87' lang='grc' dir='ltr'>τοῖς</span> <span class='ocrx_word' id='word_1_699' title='bbox 2664 4185 2928 4256; x_wconf 84' lang='grc' dir='ltr'>Ἑϐραίοις</span> <span class='ocrx_word' id='word_1_700' title='bbox 2954 4184 3453 4255; x_wconf 85' lang='grc' dir='ltr'>προκεκυρωμένων</span> <span class='ocrx_word' id='word_1_701' title='bbox 3482 4183 3707 4254; x_wconf 76' lang='grc' dir='ltr'>ἐφεῦρον</span> <span class='ocrx_word' id='word_1_702' title='bbox 3729 4182 3885 4252; x_wconf 68' lang='grc' dir='ltr'>ἀληθῆ</span> 
     </span>
    </p>
   </div>
   <div class='ocr_carea' id='block_1_101' title="bbox 2346 4272 3886 4344">
    <p class='ocr_par' dir='ltr' id='par_1_101' title="bbox 2346 4272 3886 4344">
     <span class='ocr_line' id='line_1_101' title="bbox 2346 4272 3886 4344; baseline 0 -20"><span class='ocrx_word' id='word_1_703' title='bbox 2346 4274 2603 4344; x_wconf 77' lang='grc' dir='ltr'>δόγματα.</span> <span class='ocrx_word' id='word_1_704' title='bbox 2655 4276 2716 4327; x_wconf 83' lang='lat' dir='ltr'><strong>Ol</strong></span> <span class='ocrx_word' id='word_1_705' title='bbox 2769 4275 2865 4344; x_wconf 80' lang='grc' dir='ltr'><strong>μὲν</strong></span> <span class='ocrx_word' id='word_1_706' title='bbox 2912 4274 3019 4342; x_wconf 83' lang='grc' dir='ltr'>γὰρ</span> <span class='ocrx_word' id='word_1_707' title='bbox 3060 4272 3220 4341; x_wconf 84' lang='grc' dir='ltr'>ἄλλην</span> <span class='ocrx_word' id='word_1_708' title='bbox 3259 4272 3428 4335; x_wconf 83' lang='grc' dir='ltr'>ἄλλως</span> <span class='ocrx_word' id='word_1_709' title='bbox 3467 4272 3579 4343; x_wconf 72' lang='grc'><strong>(16)</strong></span> <span class='ocrx_word' id='word_1_710' title='bbox 3630 4272 3886 4330; x_wconf 77' lang='grc' dir='ltr'>ποικίλαις</span> 
     </span>
    </p>
   </div>
   <div class='ocr_carea' id='block_1_102' title="bbox 2345 4361 3886 4433">
    <p class='ocr_par' dir='ltr' id='par_1_102' title="bbox 2345 4361 3886 4433">
     <span class='ocr_line' id='line_1_102' title="bbox 2345 4361 3886 4433; baseline -0.003 -17"><span class='ocrx_word' id='word_1_711' title='bbox 2345 4365 2721 4433; x_wconf 70' lang='grc' dir='ltr'>ψευδοδοξίαις.</span> <span class='ocrx_word' id='word_1_712' title='bbox 2746 4363 3098 4433; x_wconf 84' lang='grc' dir='ltr'>ἀπαχθέντες,</span> <span class='ocrx_word' id='word_1_713' title='bbox 3124 4365 3202 4424; x_wconf 82' lang='grc' dir='ltr'><strong>είς</strong></span> <span class='ocrx_word' id='word_1_714' title='bbox 3225 4361 3380 4431; x_wconf 83' lang='grc' dir='ltr'>βυθὸν</span> <span class='ocrx_word' id='word_1_715' title='bbox 3407 4363 3716 4432; x_wconf 82' lang='grc' dir='ltr'>ἀδολεσχίας</span> <span class='ocrx_word' id='word_1_716' title='bbox 3748 4380 3886 4431; x_wconf 69' lang='grc' dir='ltr'>περι-</span> 
     </span>
    </p>
   </div>
   <div class='ocr_carea' id='block_1_103' title="bbox 2348 4451 3886 4527">
    <p class='ocr_par' dir='ltr' id='par_1_103' title="bbox 2348 4451 3886 4527">
     <span class='ocr_line' id='line_1_103' title="bbox 2348 4451 3886 4527; baseline -0.006 -18"><span class='ocrx_word' id='word_1_717' title='bbox 2348 4458 2696 4527; x_wconf 80' lang='grc' dir='ltr'>ετράπησαν·</span> <span class='ocrx_word' id='word_1_718' title='bbox 2750 4456 2798 4506; x_wconf 82' lang='grc' dir='ltr'><strong>οἱ</strong></span> <span class='ocrx_word' id='word_1_719' title='bbox 2867 4454 2922 4504; x_wconf 86' lang='grc' dir='ltr'><strong>δέ</strong></span> <span class='ocrx_word' id='word_1_720' title='bbox 2967 4469 3029 4520; x_wconf 92' lang='grc' dir='ltr'><strong>γε</strong></span> <span class='ocrx_word' id='word_1_721' title='bbox 3075 4451 3255 4514; x_wconf 84' lang='grc' dir='ltr'>ποσῶς</span> <span class='ocrx_word' id='word_1_722' title='bbox 3298 4451 3574 4521; x_wconf 85' lang='grc' dir='ltr'>ἀγνώμονι</span> <span class='ocrx_word' id='word_1_723' title='bbox 3608 4452 3718 4522; x_wconf 82' lang='grc' dir='ltr'><strong>(Π)</strong></span> <span class='ocrx_word' id='word_1_724' title='bbox 3760 4453 3886 4518; x_wconf 72' lang='grc' dir='ltr'>λογι-</span> 
     </span>
    </p>
   </div>
   <div class='ocr_carea' id='block_1_104' title="bbox 2350 4539 3886 4615">
    <p class='ocr_par' dir='ltr' id='par_1_104' title="bbox 2350 4539 3886 4615">
     <span class='ocr_line' id='line_1_104' title="bbox 2350 4539 3886 4615; baseline -0.004 -17"><span class='ocrx_word' id='word_1_725' title='bbox 2350 4546 2467 4615; x_wconf 81' lang='grc' dir='ltr'>σμῷ</span> <span class='ocrx_word' id='word_1_726' title='bbox 2496 4545 2839 4615; x_wconf 86' lang='grc' dir='ltr'>κεχρημένοι,</span> <span class='ocrx_word' id='word_1_727' title='bbox 2876 4547 2932 4597; x_wconf 81' lang='grc' dir='ltr'><strong>ὲν</strong></span> <span class='ocrx_word' id='word_1_728' title='bbox 2959 4539 3037 4607; x_wconf 71' lang='grc' dir='ltr'>οἷς</span> <span class='ocrx_word' id='word_1_729' title='bbox 3073 4543 3170 4612; x_wconf 87' lang='grc' dir='ltr'><strong>τῆς</strong></span> <span class='ocrx_word' id='word_1_730' title='bbox 3208 4541 3469 4612; x_wconf 77' lang='grc' dir='ltr'>τάληθοῦς</span> <span class='ocrx_word' id='word_1_731' title='bbox 3495 4543 3772 4612; x_wconf 67' lang='grc' dir='ltr'>ἐφήψαντο</span> <span class='ocrx_word' id='word_1_732' title='bbox 3799 4558 3886 4592; x_wconf 79' lang='grc' dir='ltr'>κα-</span> 
     </span>
    </p>
   </div>
   <div class='ocr_carea' id='block_1_105' title="bbox 2279 4635 3885 4733">
    <p class='ocr_par' dir='ltr' id='par_1_105' title="bbox 2279 4635 3885 4733">
     <span class='ocr_line' id='line_1_105' title="bbox 2279 4635 3885 4733; baseline -0.017 -22"><span class='ocrx_word' id='word_1_733' title='bbox 2279 4675 2323 4733; x_wconf 81' lang='lat' dir='ltr'><strong>D</strong></span> <span class='ocrx_word' id='word_1_734' title='bbox 2349 4637 2651 4706; x_wconf 41' lang='lat' dir='ltr'><strong>“Haeret”;</strong></span> <span class='ocrx_word' id='word_1_735' title='bbox 2681 4638 2736 4688; x_wconf 70' lang='grc' dir='ltr'><strong>ἐν</strong></span> <span class='ocrx_word' id='word_1_736' title='bbox 2780 4637 2986 4696; x_wconf 78' lang='grc' dir='ltr'>τούτοις</span> <span class='ocrx_word' id='word_1_737' title='bbox 3027 4636 3123 4704; x_wconf 78' lang='grc' dir='ltr'><strong>τῆς</strong></span> <span class='ocrx_word' id='word_1_738' title='bbox 3167 4635 3427 4705; x_wconf 71' lang='grc' dir='ltr'>Ἑϐραίων</span> <span class='ocrx_word' id='word_1_739' title='bbox 3458 4636 3700 4688; x_wconf 71' lang='grc' dir='ltr'>κοινωνοὶ</span> <span class='ocrx_word' id='word_1_740' title='bbox 3731 4636 3885 4701; x_wconf 69' lang='grc' dir='ltr'>πεφή-</span> 
     </span>
    </p>
   </div>
   <div class='ocr_carea' id='block_1_106' title="bbox 2349 4723 3885 4792">
    <p class='ocr_par' dir='ltr' id='par_1_106' title="bbox 2349 4723 3885 4792">
     <span class='ocr_line' id='line_1_106' title="bbox 2349 4723 3885 4792; baseline -0.001 -13"><span class='ocrx_word' id='word_1_741' title='bbox 2349 4743 2470 4779; x_wconf 85' lang='grc' dir='ltr'>νασι</span> <span class='ocrx_word' id='word_1_742' title='bbox 2511 4723 2867 4786; x_wconf 85' lang='grc' dir='ltr'>διδασκαλίας.</span> <span class='ocrx_word' id='word_1_743' title='bbox 2899 4724 3057 4784; x_wconf 84' lang='grc' dir='ltr'>Εἰκὸς</span> <span class='ocrx_word' id='word_1_744' title='bbox 3099 4723 3190 4776; x_wconf 79' lang='grc' dir='ltr'>οὖν</span> <span class='ocrx_word' id='word_1_745' title='bbox 3233 4723 3561 4792; x_wconf 83' lang='grc' dir='ltr'>πολυμαθεῖς</span> <span class='ocrx_word' id='word_1_746' title='bbox 3592 4724 3885 4791; x_wconf 74' lang='grc' dir='ltr'>γεγονότας.</span> 
     </span>
    </p>
   </div>
   <div class='ocr_carea' id='block_1_107' title="bbox 2347 4800 3864 4884">
    <p class='ocr_par' dir='ltr' id='par_1_107' title="bbox 2347 4800 3864 4884">
     <span class='ocr_line' id='line_1_107' title="bbox 2347 4800 3864 4884; baseline -0.005 -16"><span class='ocrx_word' id='word_1_747' title='bbox 2347 4816 2413 4868; x_wconf 84' lang='grc' dir='ltr'><strong>τά</strong></span> <span class='ocrx_word' id='word_1_748' title='bbox 2426 4800 2489 4867; x_wconf 71' lang='grc' dir='ltr'><strong>τε</strong></span> <span class='ocrx_word' id='word_1_749' title='bbox 2508 4814 2614 4866; x_wconf 89' lang='grc' dir='ltr'><strong>τῶν</strong></span> <span class='ocrx_word' id='word_1_750' title='bbox 2642 4813 2806 4866; x_wconf 78' lang='grc' dir='ltr'>ἐθνῶν</span> <span class='ocrx_word' id='word_1_751' title='bbox 2824 4813 3030 4882; x_wconf 82' lang='grc' dir='ltr'>νόμιμά</span> <span class='ocrx_word' id='word_1_752' title='bbox 3050 4831 3106 4865; x_wconf 89' lang='grc' dir='ltr'><strong>τε</strong></span> <span class='ocrx_word' id='word_1_753' title='bbox 3122 4814 3215 4866; x_wconf 75' lang='grc' dir='ltr'><strong>καὶ</strong></span> <span class='ocrx_word' id='word_1_754' title='bbox 3231 4812 3524 4882; x_wconf 79' lang='grc' dir='ltr'>μαθήματα</span> <span class='ocrx_word' id='word_1_755' title='bbox 3555 4830 3706 4882; x_wconf 83' lang='grc' dir='ltr'>περιε</span> <span class='ocrx_word' id='word_1_756' title='bbox 3718 4813 3864 4884; x_wconf 79' lang='grc' dir='ltr'>ργότε</span> 
     </span>
    </p>
   </div>
   <div class='ocr_carea' id='block_1_108' title="bbox 2351 4901 3888 4972">
    <p class='ocr_par' dir='ltr' id='par_1_108' title="bbox 2351 4901 3888 4972">
     <span class='ocr_line' id='line_1_108' title="bbox 2351 4901 3888 4972; baseline -0.004 -18"><span class='ocrx_word' id='word_1_757' title='bbox 2351 4922 2439 4972; x_wconf 91' lang='grc' dir='ltr'><strong>ρον</strong></span> <span class='ocrx_word' id='word_1_758' title='bbox 2465 4903 2809 4972; x_wconf 78' lang='grc' dir='ltr'>ἐξητακότας,</span> <span class='ocrx_word' id='word_1_759' title='bbox 2833 4903 2923 4954; x_wconf 70' lang='grc' dir='ltr'><strong>καὶ</strong></span> <span class='ocrx_word' id='word_1_760' title='bbox 2945 4902 3154 4971; x_wconf 79' lang='grc' dir='ltr'>τὴντῶν</span> <span class='ocrx_word' id='word_1_761' title='bbox 3176 4901 3512 4972; x_wconf 83' lang='grc' dir='ltr'>δηλουμένων</span> <span class='ocrx_word' id='word_1_762' title='bbox 3546 4901 3618 4970; x_wconf 80' lang='grc' dir='ltr'>μὴ</span> <span class='ocrx_word' id='word_1_763' title='bbox 3641 4902 3888 4969; x_wconf 75' lang='grc' dir='ltr'>ἀγνοῆσαι</span> 
     </span>
    </p>
   </div>
   <div class='ocr_carea' id='block_1_109' title="bbox 2350 4976 3886 5062">
    <p class='ocr_par' dir='ltr' id='par_1_109' title="bbox 2350 4991 3886 5062">
     <span class='ocr_line' id='line_1_109' title="bbox 2350 4991 3886 5062; baseline 0.001 -18"><span class='ocrx_word' id='word_1_764' title='bbox 2350 4994 2679 5061; x_wconf 79' lang='grc' dir='ltr'>φιλοσοφίαν,</span> <span class='ocrx_word' id='word_1_765' title='bbox 2701 4993 2991 5061; x_wconf 84' lang='grc' dir='ltr'>νεωτέρους</span> <span class='ocrx_word' id='word_1_766' title='bbox 3021 4992 3117 5062; x_wconf 83' lang='grc' dir='ltr'>μὲν</span> <span class='ocrx_word' id='word_1_767' title='bbox 3141 4991 3218 5060; x_wconf 80' lang='grc' dir='ltr'><strong>τῶ</strong></span> <span class='ocrx_word' id='word_1_768' title='bbox 3239 4991 3434 5060; x_wconf 81' lang='grc' dir='ltr'>χρόνῳ,</span> <span class='ocrx_word' id='word_1_769' title='bbox 3460 4992 3533 5054; x_wconf 85' lang='grc' dir='ltr'>ὡς</span> <span class='ocrx_word' id='word_1_770' title='bbox 3557 4992 3685 5056; x_wconf 76' lang='grc' dir='ltr'>ἔπος</span> <span class='ocrx_word' id='word_1_771' title='bbox 3709 4997 3886 5046; x_wconf 80' lang='grc' dir='ltr'>εἰπεῖν.</span> 
     </span>
    </p>
   </div>
   <div class='ocr_carea' id='block_1_110' title="bbox 2349 5081 3890 5152">
    <p class='ocr_par' dir='ltr' id='par_1_110' title="bbox 2349 5081 3890 5152">
     <span class='ocr_line' id='line_1_110' title="bbox 2349 5081 3890 5152; baseline -0.006 -16"><span class='ocrx_word' id='word_1_772' title='bbox 2349 5085 2598 5136; x_wconf 82' lang='grc' dir='ltr'>ἁπάντων</span> <span class='ocrx_word' id='word_1_773' title='bbox 2629 5083 2726 5150; x_wconf 82' lang='grc' dir='ltr'><strong>οὐχ</strong></span> <span class='ocrx_word' id='word_1_774' title='bbox 2761 5082 3018 5150; x_wconf 71' lang='grc' dir='ltr'>Ἐϐραίων</span> <span class='ocrx_word' id='word_1_775' title='bbox 3054 5081 3208 5152; x_wconf 88' lang='grc' dir='ltr'>μόνον</span> <span class='ocrx_word' id='word_1_776' title='bbox 3237 5081 3369 5149; x_wconf 76' lang='grc'>(18),</span> <span class='ocrx_word' id='word_1_777' title='bbox 3389 5082 3512 5133; x_wconf 76' lang='grc' dir='ltr'>οὐδέ</span> <span class='ocrx_word' id='word_1_778' title='bbox 3535 5097 3599 5149; x_wconf 86' lang='grc' dir='ltr'><strong>γε</strong></span> <span class='ocrx_word' id='word_1_779' title='bbox 3645 5083 3890 5134; x_wconf 76' lang='grc' dir='ltr'>Φοινίκων</span> 
     </span>
    </p>
   </div>
   <div class='ocr_carea' id='block_1_111' title="bbox 2350 5169 3886 5240">
    <p class='ocr_par' dir='ltr' id='par_1_111' title="bbox 2350 5169 3886 5240">
     <span class='ocr_line' id='line_1_111' title="bbox 2350 5169 3886 5240; baseline -0.005 -15"><span class='ocrx_word' id='word_1_780' title='bbox 2350 5175 2442 5225; x_wconf 76' lang='grc' dir='ltr'>καὶ</span> <span class='ocrx_word' id='word_1_781' title='bbox 2474 5172 2796 5240; x_wconf 84' lang='grc' dir='ltr'>Αἰγυπτίων,</span> <span class='ocrx_word' id='word_1_782' title='bbox 2821 5171 2952 5224; x_wconf 82' lang='grc' dir='ltr'>ἀλλὰ</span> <span class='ocrx_word' id='word_1_783' title='bbox 2980 5173 3071 5224; x_wconf 78' lang='grc' dir='ltr'><strong>καὶ</strong></span> <span class='ocrx_word' id='word_1_784' title='bbox 3105 5170 3281 5224; x_wconf 80' lang='grc' dir='ltr'>αὐτῶν</span> <span class='ocrx_word' id='word_1_785' title='bbox 3313 5170 3419 5221; x_wconf 85' lang='grc' dir='ltr'><strong>τῶν</strong></span> <span class='ocrx_word' id='word_1_786' title='bbox 3448 5171 3693 5223; x_wconf 78' lang='grc' dir='ltr'>παλαιῶν</span> <span class='ocrx_word' id='word_1_787' title='bbox 3716 5169 3886 5236; x_wconf 81' lang='grc' dir='ltr'>Ἑλλή-</span> 
     </span>
    </p>
   </div>
   <div class='ocr_carea' id='block_1_112' title="bbox 2353 5258 3888 5333">
    <p class='ocr_par' dir='ltr' id='par_1_112' title="bbox 2353 5258 3888 5333">
     <span class='ocr_line' id='line_1_112' title="bbox 2353 5258 3888 5333; baseline -0.001 -19"><span class='ocrx_word' id='word_1_788' title='bbox 2353 5281 2456 5317; x_wconf 92' lang='grc' dir='ltr'><strong>νων</strong></span> <span class='ocrx_word' id='word_1_789' title='bbox 2486 5263 2699 5331; x_wconf 84' lang='grc' dir='ltr'>φύντας.</span> <span class='ocrx_word' id='word_1_790' title='bbox 2735 5258 2829 5326; x_wconf 76' lang='grc' dir='ltr'>Οίς</span> <span class='ocrx_word' id='word_1_791' title='bbox 2855 5263 2922 5315; x_wconf 82' lang='grc' dir='ltr'>τὰ</span> <span class='ocrx_word' id='word_1_792' title='bbox 2948 5264 3044 5333; x_wconf 85' lang='grc' dir='ltr'><strong>μὲν</strong></span> <span class='ocrx_word' id='word_1_793' title='bbox 3073 5265 3137 5314; x_wconf 81' lang='grc' dir='ltr'>ὲκ</span> <span class='ocrx_word' id='word_1_794' title='bbox 3163 5262 3408 5332; x_wconf 79' lang='grc' dir='ltr'>Φοινίκης</span> <span class='ocrx_word' id='word_1_795' title='bbox 3435 5262 3654 5330; x_wconf 79' lang='grc' dir='ltr'>Κάδμος</span> <span class='ocrx_word' id='word_1_796' title='bbox 3678 5263 3708 5313; x_wconf 80' lang='grc' dir='ltr'>ὁ</span> <span class='ocrx_word' id='word_1_797' title='bbox 3753 5262 3888 5327; x_wconf 77' lang='grc' dir='ltr'><strong>Ἀγή-</strong></span> 
     </span>
    </p>
   </div>
   <div class='ocr_carea' id='block_1_113' title="bbox 2425 5414 3885 5485">
    <p class='ocr_par' dir='ltr' id='par_1_113' title="bbox 2425 5414 3885 5485">
     <span class='ocr_line' id='line_1_113' title="bbox 2425 5414 3885 5485; baseline -0.002 -18"><span class='ocrx_word' id='word_1_798' title='bbox 2425 5415 2537 5482; x_wconf 79' lang='grc'><strong>(18)</strong></span> <span class='ocrx_word' id='word_1_799' title='bbox 2583 5416 2857 5485; x_wconf 72' lang='grc' dir='ltr'>Ἐϐραίων</span> <span class='ocrx_word' id='word_1_800' title='bbox 2878 5416 3083 5485; x_wconf 69' lang='grc' dir='ltr'>μόνον,</span> <span class='ocrx_word' id='word_1_801' title='bbox 3112 5425 3212 5469; x_wconf 90' lang='lat' dir='ltr'><strong>etc.</strong></span> <span class='ocrx_word' id='word_1_802' title='bbox 3249 5414 3515 5485; x_wconf 87' lang='lat' dir='ltr'><strong>Diogenes</strong></span> <span class='ocrx_word' id='word_1_803' title='bbox 3549 5414 3810 5485; x_wconf 78' lang='lat' dir='ltr'><strong>Laertius.</strong></span> <span class='ocrx_word' id='word_1_804' title='bbox 3843 5414 3885 5485; x_wconf 78' lang='lat' dir='ltr'><strong>in</strong></span> 
     </span>
    </p>
   </div>
   <div class='ocr_carea' id='block_1_114' title="bbox 2381 5483 3886 5551">
    <p class='ocr_par' dir='ltr' id='par_1_114' title="bbox 2381 5483 3886 5551">
     <span class='ocr_line' id='line_1_114' title="bbox 2381 5483 3886 5551; baseline -0.003 -16"><span class='ocrx_word' id='word_1_805' title='bbox 2381 5486 2626 5546; x_wconf 79' lang='lat' dir='ltr'><strong>rooemio,</strong></span> <span class='ocrx_word' id='word_1_806' title='bbox 2654 5487 2723 5536; x_wconf 84' lang='grc' dir='ltr'>Τὸ</span> <span class='ocrx_word' id='word_1_807' title='bbox 2751 5484 2847 5549; x_wconf 81' lang='grc' dir='ltr'><strong>τῆς</strong></span> <span class='ocrx_word' id='word_1_808' title='bbox 2894 5483 3205 5551; x_wconf 83' lang='grc' dir='ltr'>φιλοσοφίας</span> <span class='ocrx_word' id='word_1_809' title='bbox 3233 5483 3388 5551; x_wconf 76' lang='grc' dir='ltr'>ἔργον</span> <span class='ocrx_word' id='word_1_810' title='bbox 3434 5484 3560 5535; x_wconf 74' lang='grc' dir='ltr'>ἔνιοί</span> <span class='ocrx_word' id='word_1_811' title='bbox 3607 5501 3770 5550; x_wconf 77' lang='grc' dir='ltr'>φασιν</span> <span class='ocrx_word' id='word_1_812' title='bbox 3797 5483 3886 5535; x_wconf 71' lang='grc' dir='ltr'><strong>ὰπό</strong></span> 
     </span>
    </p>
   </div>
   <div class='ocr_carea' id='block_1_115' title="bbox 2342 5497 3886 5671">
    <p class='ocr_par' dir='ltr' id='par_1_115' title="bbox 2342 5497 3886 5671">
     <span class='ocr_line' id='line_1_115' title="bbox 2381 5497 3886 5551; baseline -0.003 -16"><span class='ocrx_word' id='word_1_813' title='bbox 2381 5499 2626 5546; x_wconf 70' lang='grc' dir='ltr'>Γοωιηιο,</span> <span class='ocrx_word' id='word_1_814' title='bbox 2654 5497 2723 5536; x_wconf 82' lang='lat' dir='ltr'><strong>&quot;to</strong></span> <span class='ocrx_word' id='word_1_815' title='bbox 2751 5502 2847 5549; x_wconf 87' lang='grc' dir='ltr'><strong>της</strong></span> <span class='ocrx_word' id='word_1_816' title='bbox 2894 5497 3205 5551; x_wconf 72' lang='grc' dir='ltr'>φιλοσοφιας</span> <span class='ocrx_word' id='word_1_817' title='bbox 3233 5497 3257 5536; x_wconf 78' lang='grc' dir='ltr'>ἑ</span> <span class='ocrx_word' id='word_1_818' title='bbox 3296 5501 3388 5551; x_wconf 87' lang='grc' dir='ltr'><strong>γον</strong></span> <span class='ocrx_word' id='word_1_819' title='bbox 3434 5497 3560 5535; x_wconf 81' lang='grc' dir='ltr'>ενιοι</span> <span class='ocrx_word' id='word_1_820' title='bbox 3607 5501 3770 5550; x_wconf 77' lang='grc' dir='ltr'>φασιν</span> <span class='ocrx_word' id='word_1_821' title='bbox 3797 5497 3886 5535; x_wconf 71' lang='lat' dir='ltr'><strong>am</strong></span> 
     </span>
     <span class='ocr_line' id='line_1_116' title="bbox 2342 5497 3886 5671; baseline 0.001 -69"><span class='ocrx_word' id='word_1_822' title='bbox 2342 5497 2631 5671; x_wconf 54' lang='lat' dir='ltr'><strong>Eap6dpuw</strong></span> <span class='ocrx_word' id='word_1_823' title='bbox 2660 5554 2835 5623; x_wconf 76' lang='grc' dir='ltr'>ἄρξαι·</span> <span class='ocrx_word' id='word_1_824' title='bbox 2871 5501 3326 5634; x_wconf 36' lang='grc' dir='ltr'>γεγενῆσθαιιγὲρ</span> <span class='ocrx_word' id='word_1_825' title='bbox 3359 5552 3504 5620; x_wconf 83' lang='grc' dir='ltr'><strong>παρά</strong></span> <span class='ocrx_word' id='word_1_826' title='bbox 3543 5553 3641 5620; x_wconf 79' lang='grc' dir='ltr'>μὲν</span> <span class='ocrx_word' id='word_1_827' title='bbox 3672 5555 3886 5634; x_wconf 48' lang='grc' dir='ltr'>Πέρσαις</span> 
     </span>
     <span class='ocr_line' id='line_1_117' title="bbox 2374 5620 3879 5671; baseline -0.001 0"><span class='ocrx_word' id='word_1_828' title='bbox 2374 5620 2589 5671; x_wconf 57' lang='lat' dir='ltr'><strong>lavem.</strong></span> <span class='ocrx_word' id='word_1_829' title='bbox 2639 5624 2786 5671; x_wconf 72' lang='grc' dir='ltr'>παρὰ</span> <span class='ocrx_word' id='word_1_830' title='bbox 2829 5621 2884 5671; x_wconf 86' lang='grc' dir='ltr'><strong>δὲ</strong></span> <span class='ocrx_word' id='word_1_831' title='bbox 2939 5621 3289 5671; x_wconf 76' lang='grc' dir='ltr'>Βαϐυλωνίοις</span> <span class='ocrx_word' id='word_1_832' title='bbox 3334 5622 3366 5671; x_wconf 76' lang='grc' dir='ltr'><strong>ἦ</strong></span> <span class='ocrx_word' id='word_1_833' title='bbox 3415 5622 3722 5671; x_wconf 65' lang='grc' dir='ltr'>Ἀσσυρίοις</span> <span class='ocrx_word' id='word_1_834' title='bbox 3766 5623 3879 5671; x_wconf 65' lang='grc' dir='ltr'>λαι-</span> 
     </span>
    </p>
   </div>
   <div class='ocr_carea' id='block_1_116' title="bbox 2374 5620 3879 5692">
    <p class='ocr_par' dir='ltr' id='par_1_116' title="bbox 2374 5620 3879 5692">
     <span class='ocr_line' id='line_1_118' title="bbox 2374 5620 3879 5692; baseline -0.005 -16"><span class='ocrx_word' id='word_1_835' title='bbox 2374 5620 2589 5692; x_wconf 68' lang='grc' dir='ltr'>Ιᾷγους,</span> <span class='ocrx_word' id='word_1_836' title='bbox 2639 5620 2786 5692; x_wconf 65' lang='grc' dir='ltr'>παρὰ</span> <span class='ocrx_word' id='word_1_837' title='bbox 2829 5621 2884 5672; x_wconf 87' lang='grc' dir='ltr'><strong>δὲ</strong></span> <span class='ocrx_word' id='word_1_838' title='bbox 2939 5620 3366 5692; x_wconf 78' lang='grc' dir='ltr'>Βαϐυλωνίοιςῆ</span> <span class='ocrx_word' id='word_1_839' title='bbox 3394 5622 3722 5692; x_wconf 47' lang='grc' dir='ltr'>ςΛσσυρίοις</span> <span class='ocrx_word' id='word_1_840' title='bbox 3753 5620 3879 5672; x_wconf 68' lang='grc' dir='ltr'>Χαλ-</span> 
     </span>
    </p>
   </div>
   <div class='ocr_carea' id='block_1_117' title="bbox 2343 5690 3885 5760">
    <p class='ocr_par' dir='ltr' id='par_1_117' title="bbox 2343 5690 3885 5760">
     <span class='ocr_line' id='line_1_119' title="bbox 2343 5690 3885 5760; baseline 0.001 -20"><span class='ocrx_word' id='word_1_841' title='bbox 2343 5690 2548 5760; x_wconf 78' lang='grc' dir='ltr'>δαίους,</span> <span class='ocrx_word' id='word_1_842' title='bbox 2596 5691 2686 5741; x_wconf 72' lang='grc' dir='ltr'><strong>καὶ</strong></span> <span class='ocrx_word' id='word_1_843' title='bbox 2715 5690 3157 5760; x_wconf 3' lang='grc' dir='ltr'>,Γυμνοσοφιστὰς</span> <span class='ocrx_word' id='word_1_844' title='bbox 3204 5690 3567 5760; x_wconf 42' lang='grc' dir='ltr'>παράβῐνδοίς</span> <span class='ocrx_word' id='word_1_845' title='bbox 3649 5692 3798 5760; x_wconf 69' lang='grc' dir='ltr'>παρὰ</span> <span class='ocrx_word' id='word_1_846' title='bbox 3839 5705 3885 5760; x_wconf 69' lang='lat' dir='ltr'><strong>‘r;</strong></span> 
     </span>
    </p>
   </div>
   <div class='ocr_carea' id='block_1_118' title="bbox 2345 5756 3885 5854">
    <p class='ocr_par' dir='ltr' id='par_1_118' title="bbox 2345 5756 3885 5854">
     <span class='ocr_line' id='line_1_120' title="bbox 2345 5756 3885 5854; baseline -0.002 -46"><span class='ocrx_word' id='word_1_847' title='bbox 2345 5758 2563 5854; x_wconf 48' lang='grc' dir='ltr'>δελτοξς</span> <span class='ocrx_word' id='word_1_848' title='bbox 2593 5760 2683 5809; x_wconf 71' lang='grc' dir='ltr'><strong>καὶ</strong></span> <span class='ocrx_word' id='word_1_849' title='bbox 2711 5759 2747 5808; x_wconf 87' lang='grc' dir='ltr'><strong>Γ</strong></span> <span class='ocrx_word' id='word_1_850' title='bbox 2752 5756 3122 5821; x_wconf 78' lang='grc' dir='ltr'>αλάταιςτοὺς</span> <span class='ocrx_word' id='word_1_851' title='bbox 3156 5756 3514 5826; x_wconf 77' lang='grc' dir='ltr'>καλουμένους</span> <span class='ocrx_word' id='word_1_852' title='bbox 3550 5756 3781 5828; x_wconf 70' lang='grc' dir='ltr'>Δρυίδας</span> <span class='ocrx_word' id='word_1_853' title='bbox 3811 5756 3885 5808; x_wconf 76' lang='lat' dir='ltr'><strong>ni</strong></span> 
     </span>
     <span class='ocr_line' id='line_1_121' title="bbox 2370 5828 2802 5854; baseline 0 0"><span class='ocrx_word' id='word_1_854' title='bbox 2370 5828 2527 5854; x_wconf 62' lang='grc' dir='ltr'>’-ιι-...κ</span> <span class='ocrx_word' id='word_1_855' title='bbox 2557 5828 2670 5854; x_wconf 55' lang='lat' dir='ltr'><strong>in..-</strong></span> <span class='ocrx_word' id='word_1_856' title='bbox 2722 5836 2802 5854; x_wconf 68' lang='grc' dir='ltr'><strong>Λιι-</strong></span> 
     </span>
    </p>
   </div>
   <div class='ocr_carea' id='block_1_119' title="bbox 2349 5828 2824 5888">
    <p class='ocr_par' dir='ltr' id='par_1_119' title="bbox 2349 5828 2824 5888">
     <span class='ocr_line' id='line_1_122' title="bbox 2349 5828 2824 5888; baseline 0.004 -11"><span class='ocrx_word' id='word_1_857' title='bbox 2349 5828 2691 5888; x_wconf 65' lang='grc' dir='ltr'>Σεμνοθέους,</span> <span class='ocrx_word' id='word_1_858' title='bbox 2721 5836 2824 5879; x_wconf 76' lang='lat' dir='ltr'><strong>etc.</strong></span> 
     </span>
    </p>
   </div>
  </div>
