4038 6330
74 392 190 443 781

1240 391 1556 446 ρδκειιλει.
1588 388 1836 446 EVANG.
1878 390 2002 444 un.
2046 375 2110 444 x.

3193 386 3303 447 781

74 520 274 573 νορος,
297 503 364 555 τὰ
384 502 427 554 δ’
457 503 516 567 ἐξ
543 502 813 569 Αἰγύπτου
841 502 948 570 (19)
977 503 1101 572 περὶ
1132 502 1287 567 θεῶν,
1313 505 1345 573 ἢ
1369 506 1460 556 καί
1488 504 1634 556 ποθει

1751 504 2104 572 philosophia:
2148 518 2313 571 genus
2348 503 2679 573 ignorarint:
2724 520 2845 557 cum
2902 505 3181 569 omnibus,
3239 517 3292 560 ut

75 593 337 657 ἄλλοθεν,
386 595 652 664 μυστήρια
678 596 770 646 καὶ
806 593 1042 656 τελετὰς,
1078 594 1277 657 ξοάνων
1305 612 1363 647 τε
1395 596 1642 665 ἱδρύσεις,

77 683 193 734 καὶ
236 683 452 752 ὕμνους,
482 683 622 751 ᾠδάς
671 698 731 732 τε
776 682 867 733 καὶ
916 683 1147 751 ἐπῳδὰς,
1187 685 1302 753 ἦτοι
1342 685 1371 734 ό
1417 684 1649 753 θρᾴκιος

88 774 359 843 Ὀρφεὺς,
386 774 419 842 ἢ
469 773 560 825 καί
585 789 667 834 τις
706 772 889 842 ’ἕτερος
923 772 1196 845 Ἕλλην,ἢ
1230 768 1518 845 βάρϐαρος,
1550 775 1649 843 τῆς

73 868 305 938 πλάνης
349 868 578 937 ἀρχηγοὶ
627 868 922 939 γενόμενοι,
974 870 1399 938 συνεστήσαντο’
1446 868 1648 919 τούτων

73 956 204 1027 γὰρ
253 958 464 1019 οὐδένας
512 956 605 1010 καὶ
658 959 809 1011 αὐτοὶ
856 959 920 1011 ἂν
960 958 1348 1028 ὁμολογήσαιεν
1396 958 1650 1027 Ἕλληνες

73 1048 478 1118 παλαιοτέρους
504 1047 713 1100 εἰδέναι.
740 1049 959 1117 Πρῶτον
989 1047 1117 1116 γοῦν
1145 1050 1396 1101 ἁπάντων
1427 1050 1647 1118 Ὀρφέα,

74 1133 219 1188 εἶτα
252 1137 309 1190 δὲ
343 1132 517 1201 Αἶνον,
549 1138 779 1191 κᾶπειτα
820 1140 1107 1202 Μουσαῖον,
1145 1141 1287 1208 ἀμφὶ
1314 1140 1381 1192 τὰ
1430 1141 1648 1209 Τρωϊκά

75 1227 457 1296 γενομένους,
514 1228 547 1297 ἢ
602 1226 779 1298 μικρῷ
836 1228 1065 1297 πρόσθεν
1110 1229 1411 1298 ἠκμακέναι
1464 1229 1642 1295 φασίν.

89 1316 269 1369 Ἀλλὰ
294 1320 432 1370 κατά
459 1335 520 1384 γε
552 1318 767 1380 τούτους
794 1318 950 1369 πλέον
978 1319 1128 1370 οὐδὲν
1156 1319 1253 1388 τῆς
1272 1320 1532 1371 Φοινίκων
1555 1322 1646 1373 καὶ

74 1408 404 1474 Αἰγυπτίων
440 1409 806 1475 πολυπλανοῦς
838 1408 1112 1473 θεολογίας
1140 1408 1290 1478 παρὰ
1316 1412 1425 1472 τοῖς
1455 1410 1646 1480 Ἕλλη-

74 1514 175 1549 σιν
230 1499 578 1551 ἐπολιτεύετο.
612 1499 721 1552 Καὶ
752 1498 815 1568 δὴ
846 1499 939 1552 καὶ
968 1501 1023 1550 ἐν
1064 1501 1175 1561 τοῖς
1204 1498 1403 1561 λοιποῖς
1449 1499 1644 1564 ἔθνεσι,

74 1588 235 1640 κατὰ
279 1588 453 1649 πάσας
499 1589 677 1659 χώρας
716 1605 772 1639 τε
809 1589 900 1640 καὶ
931 1588 1128 1651 πόλεις,
1166 1587 1221 1639 ἐν
1251 1606 1309 1640 τε
1354 1591 1514 1659 ἱεροῖς
1555 1592 1647 1642 καὶ

78 1678 434 1748 μυστηρίοις,
480 1678 612 1731 αὐτὰ
652 1678 714 1747 δὴ
746 1678 934 1742 ταῦτα,
979 1680 1069 1730 καί⁹
1107 1680 1203 1730 ὅσα
1232 1679 1437 1742 τούτοις
1466 1682 1643 1748 ὃμοια,

75 1768 549 1839 παρεφυλάττετο.
582 1768 752 1829 Πολὺς
777 1767 903 1835 γοῦν
943 1768 1090 1838 παρὰ
1118 1772 1228 1831 τοῖς
1257 1772 1416 1821 πᾶσιν
1454 1772 1481 1822 ό
1516 1770 1643 1839 περὶ

72 1858 231 1911 θεῶν
260 1854 618 1928 προδηλωθεὶς
640 1858 853 1927 ἐκράτει
878 1858 1032 1924 λόγος
1056 1877 1069 1888 ·
1099 1858 1232 1922 νεώς
1264 1860 1375 1927 (20)
1402 1875 1458 1910 τε
1490 1876 1638 1927 περι-

71 1949 327 2011 καλλεῖς,
360 1949 629 2010 παντοίοις
668 1947 939 2016 ἀγάλμασι
992 1948 1083 1999 καὶ
1129 1948 1437 2018 ἀναθήμασι
1483 1966 1639 2000 κεκο-

73 2038 405 2108 σμημένους
438 2040 586 2109 παρὰ
606 2042 715 2101 τοῖς
752 2040 916 2090 πᾶσιν
938 2037 1230 2107 ἐξήσκηντο
1252 2055 1264 2067 ο
1297 2038 1435 2108 ἀτὰρ
1462 2038 1525 2108 δὴ
1549 2040 1641 2091 καὶ

73 2127 252 2192 ξόανα
288 2128 540 2191 παντοίας
575 2128 706 2197 ὕλης
735 2130 813 2191 εἰς
858 2131 1033 2180 πᾶσαν
1074 2128 1278 2197 θνητῶν
1307 2126 1458 2191 ζώων
1498 2129 1641 2181 ἰδέαν

70 2218 445 2286 τετυπωμένα
496 2217 789 2283 φιλοκάλως
840 2217 1165 2287 ἐξείργαστο.
1227 2217 1334 2269 Καὶ
1392 2216 1496 2287 μὴν
1550 2219 1641 2271 καὶ

75 2310 357 2377 μαντείων
403 2309 623 2377 πλείστη
664 2326 745 2371 τις
791 2305 858 2378 ἦν
900 2311 989 2362 καὶ
1033 2310 1258 2378 ἄφθονος
1314 2310 1462 2379 παρὰ
1508 2312 1640 2362 πᾶσι

74 2399 396 2467 περιουσία.
426 2399 626 2467 Σεμνός
656 2416 718 2466 γε
760 2401 866 2469 μήν
904 2418 985 2462 τις
1019 2402 1109 2454 καὶ
1144 2403 1309 2469 μέγας
1338 2399 1457 2461 θεὸς
1492 2400 1641 2469 παρὰ

68 2493 197 2551 τοῖς
236 2490 458 2559 Ἕλλησι
500 2490 877 2560 διαφερόντως,
926 2492 984 2543 τὸ
1025 2492 1271 2561 τηνικάδε
1318 2492 1547 2561 μάλιστα
1574 2487 1639 2561 ἦν

69 2563 373 2647 ἀκμάζων,
423 2580 451 2629 ό
506 2579 719 2640 Πύθιος.
770 2580 861 2630 καὶ
909 2581 937 2630 ό
975 2580 1227 2649 Κλάριος,
1259 2581 1408 2633 καὶὸ
1455 2579 1638 2631 Δωδω-

71 2672 235 2733 ναῖος
281 2670 423 2739 (2l)'
471 2664 583 2722 εἶτα
648 2670 979 2738 Ἀμφιάρεως
1021 2672 1111 2722 καὶ
1172 2670 1503 2739 Ἀμφίλοχος,
1546 2670 1638 2720 καὶ

72 2762 177 2813 ἐπὶ
204 2760 413 2823 τούτοις
454 2761 635 2830 μυρίος
670 2760 824 2822 ἄλλος
850 2760 1113 2830 ἐπιρρέων
1138 2759 1468 2830 χρησμῳδῶν
1503 2760 1631 2829 μᾶλ-

69 2850 196 2913 λον,
226 2850 261 2918 ἢ
297 2848 528 2919 ποιητῶν
552 2867 605 2900 τε
642 2850 734 2901 καὶ
795 2848 1052 2917 ῥαψῳδῶν
1081 2850 1250 2917 ὄχλος.
1280 2846 1377 2900 ’Ὧν
1411 2851 1635 2919 μακροῖς

72 2939 205 2992 ποθ’
240 2939 463 3009 ὕστερον
493 2940 698 3009 χρόνοις
729 2940 805 3001 είς
836 2939 1095 3006 ’Έλληνας
1128 2938 1468 3006 παρελθοῦσα
1493 2939 1637 3007 φιλο-

73 3031 275 3099 σοφία,
300 3031 459 3099 μηδὲν
489 3030 597 3082 τῶν
629 3031 761 3100 αὐτῇ
789 3030 1162 3100 προσηκόντων
1191 3029 1338 3099 παρὰ
1367 3032 1475 3091 τοῖς
1502 3046 1635 3100 προ-

1754 598 1831 650 ita
1870 596 2067 661 dicam,
2096 610 2203 649 non
2231 594 2467 650 Hebreis
2509 596 2690 657 modo,
2719 598 2800 649 vel
2833 598 3199 661 Phoenicibus,
3242 611 3291 653 et

1752 686 2043 755 Egyptiis,
2073 688 2165 740 sed
2196 686 2356 740 etiam
2388 686 2590 739 Grmcis
2620 687 2726 739 illis
2749 688 3142 755 antiquioribus
3168 700 3290 742 tem-

1752 792 1879 843 pore
1906 777 2151 843 juniores
2180 778 2499 839 exstiterint.
2546 776 2820 844 Siquidem
2855 779 2959 831 illis
2996 780 3187 847 partim
3216 796 3282 833 ex

1753 867 2004 921 Phoenice
2033 867 2269 921 Cadmus
2313 867 2563 936 Agenoris
2600 868 2762 931 lilius,
2794 869 2985 936 partim
3017 886 3080 923 ex
3122 866 3288 938 Egya

1750 968 1859 1026 pto,
1905 960 1987 1010 Vel
2020 959 2322 1023 undeunde,
2365 973 2463 1012 sua
2503 958 2589 1011 illa
2623 960 2845 1012 deorum
2897 961 3169 1030 mysteria,
3203 977 3288 1015 sa~

1752 1064 2075 1118 crorumque
2102 1050 2258 1113 ritus,
2294 1048 2571 1117 signorum
2613 1049 3014 1114 collocationes,
3042 1052 3288 1120 hymnos.

1749 1140 1902 1202 odas,
1932 1141 2257 1208 epodasque,
2299 1155 2391 1191 seu
2429 1138 2693 1192 Thracius
2727 1138 2991 1207 Orpheus,
3038 1156 3133 1193 seu
3164 1144 3288 1211 qui-
3320 1131 3325 1137 ’

1749 1231 1832 1283 vis
1879 1229 1969 1281 alii
2017 1229 2100 1282 vel
2147 1228 2316 1281 (ἓνοέοὶ
2343 1228 2424 1280 vel
2484 1228 2720 1290 barbari,
2764 1229 2964 1283 erroris
3002 1229 3165 1283 duces
3230 1245 3288 1282 ac

1747 1316 2017 1387 principes
2057 1316 2424 1370 fabricarum:
2475 1332 2572 1369 nec
2620 1317 2762 1369 enim
2795 1318 3112 1371 vetustiores
3154 1319 3289 1374 alios

1746 1422 1865 1462 sese
1896 1407 1979 1461 vel
2032 1408 2133 1475 ipsi
2164 1422 2381 1476 quoque
2437 1406 2605 1459 Grmci
2661 1422 2820 1459 nosse
2872 1406 3156 1461 fateantur.
3212 1409 3289 1461 Ac

1745 1496 1977 1565 primum
2018 1494 2234 1563 quidem
2264 1492 2557 1562 Orpheum,
2605 1493 2797 1547 Linum
2848 1495 2988 1561 inde,
3033 1505 3147 1549 tum
3173 1496 3287 1549 Mu-

1745 1600 1935 1647 samm,
1964 1584 2104 1637 circa
2131 1582 2362 1651 Trojana
2406 1594 2665 1652 tempora,
2703 1585 2785 1637 vel
2816 1587 2979 1652 paulo
3020 1598 3146 1640 ante
3186 1587 3283 1640 llo-

1745 1680 1916 1732 ruisse
1958 1678 2162 1731 volunt.
2215 1678 2373 1746 Atqui
2412 1657 2557 1730 .uihil
2588 1693 2715 1731 sane
2742 1687 2875 1741 tum,
2908 1690 3099 1748 praeter
3127 1682 3283 1736 th~

1743 1770 1922 1822 nicum
1972 1778 2130 1837 atque
2201 1766 2575 1837 Egyptiornm
2642 1779 2934 1821 scatentem
3007 1772 3283 1823 erroribus

1742 1861 2091 1927 theologiam,
2140 1858 2447 1913 Grtccorum
2483 1860 2783 1927 respublica
2818 1871 3058 1914 noverat.
3108 1860 3280 1926 Quam

1740 1951 1980 2004 eamdem
2033 1950 2085 2002 in
2142 1949 2391 2003 omnibus
2455 1963 2735 2001 sacrorum
2791 1950 3281 2019 mysteriorumque

1740 2042 2000 2095 rationem
2050 2048 2235 2107 gentes
2261 2039 2421 2092 etiam
2455 2039 2673 2107 reliquae
2706 2040 2757 2090 in
2792 2040 2905 2091 suis
2944 2055 3170 2107 quaeque
3197 2057 3283 2095 re-

1742 2132 1991 2200 gionibus
2040 2130 2372 2197 urbibusque
2411 2129 2729 2182 retinebant.
2802 2127 3009 2197 Quippe
3060 2130 3148 2183 illa
3172 2132 3283 2199 jam

1742 2232 1853 2276 tum
1901 2222 2039 2290 apud
2087 2236 2291 2282 omnes,
2328 2220 2393 2272 de
2430 2235 2536 2287 qua
2588 2219 2842 2288 superius
2874 2220 3037 2273 locuti
3071 2237 3281 2280 sumus.

1740 2313 1806 2365 de
1836 2312 1937 2366 diis
1971 2311 2153 2380 opinio
2199 2310 2400 2378 passim
2449 2310 2755 2363 obtinebat:
2818 2311 3011 2377 templa
3087 2312 3281 2381 ubique

1741 2405 2044 2474 magniﬁca,
2100 2404 2353 2471 omnique
2396 2404 2670 2471 signorum
2722 2418 2785 2456 ac
2818 2404 3163 2457 donariorum
3192 2421 3281 2471 ge-

1741 2511 1867 2549 nere
1900 2495 1965 2548 ad
2010 2495 2259 2548 eximiam
2302 2494 2531 2561 speciem
2593 2494 2959 2548 ornabantur:
2996 2495 3278 2550 simulacra

1740 2600 1859 2636 cum
1886 2600 1951 2637 ex
1984 2584 2129 2637 omni
2162 2585 2403 2646 materia,
2438 2593 2547 2635 tum
2574 2584 2625 2635 in
2652 2584 2948 2651 quamlibet
2974 2587 3278 2640 mortalium

1740 2675 2094 2726 animantium
2127 2673 2354 2726 formam
2384 2674 2611 2741 eleganti
2658 2674 2882 2728 artilicio
2922 2675 3275 2743 fingebantur.

1740 2764 1975 2818 Plurima
2003 2778 2217 2832 quoque
2238 2763 2375 2830 apud
2408 2779 2595 2817 omnes
2624 2765 2968 2817 oraculorum
3002 2775 3117 2819 erat
3162 2781 3278 2819 ma-

1742 2855 1993 2921 ximaque
2019 2852 2207 2921 c0pia:
2251 2853 2449 2920 quique
2479 2866 2713 2921 magnus
2760 2854 2897 2921 apud
2936 2853 3151 2909 Graecos
3180 2872 3277 2925 po-

1741 2946 2009 2999 tissimum
2086 2942 2304 2996 habitus
2354 2952 2435 2995 est
2488 2952 2854 3010 augustusque
2898 2944 3049 3010 deus,
3087 2946 3273 2999 eodem

1741 3035 1974 3089 maxime
2029 3033 2253 3091 ﬂorebat
2301 3042 2557 3101 tempore,
2585 3031 2827 3103 Pythius,
2874 3034 3117 3102 inquam,
3161 3036 3268 3094 ille,

74 3126 350 3191 πάτορσιν
403 3121 655 3189 εὑροῦσα,
692 3121 759 3172 τὰ
807 3121 903 3189 μὲν
953 3121 1121 3189 σεμνὰ
1155 3120 1245 3171 καὶ
1290 3116 1490 3170 παλαιὰ
1537 3118 1634 3185 τῆς

1738 3127 1970 3189 Clarius,
2052 3135 2211 3192 atque
2291 3124 2618 3179 Dodonanis:
2697 3140 2853 3194 quem
2914 3126 3272 3193 Amphiaraus

73 3210 357 3279 πατρικῆς
408 3208 583 3261 αὐτῶν
622 3209 912 3273 θεολογίας,
954 3209 1091 3261 αὐτά
1137 3224 1192 3259 τε
1238 3206 1302 3259 τά
1351 3205 1633 3273 θαυμαστὰ

72 3300 179 3351 καὶ
231 3298 380 3367 παρὰ
428 3300 557 3370 πᾶσι
613 3297 878 3366 βοώμενα,
909 3297 1025 3350 θεῖά
1062 3315 1118 3349 τε
1178 3297 1270 3349 καὶ
1327 3296 1631 3365 χρηστήρια

70 3389 230 3459 ἔργῳ
278 3385 500 3458 περιττὰ
553 3389 644 3439 καὶ
682 3388 924 3454 ἀνωφελῆ
953 3387 1306 3451 κατελάϐετο.
1344 3386 1433 3437 Διό
1464 3385 1631 3455 ταῦτα

74 3482 185 3549 μὲν
218 3482 300 3541 είς
326 3478 569 3547 δεύτερον
608 3478 945 3551 ἀνεϐάλλετοέ
968 3478 1039 3538 ὡς
1072 3478 1145 3530 ἄν’
1162 3479 1309 3531 οὐδὲν
1332 3478 1466 3546 αὐτῇ
1495 3478 1630 3546 πρὸς

79 3574 180 3641 τὴν
232 3570 342 3623 τῶν
393 3569 699 3635 ἀναγκαίων
754 3568 843 3620 καὶ
896 3554 1109 3635 ἀληθῶν
1156 3565 1366 3635 εὕρεσιν
1420 3567 1629 3618 λυσιτε-

72 3661 310 3712 λοῦντα’
354 3659 420 3709 τὰ
459 3658 514 3711 δὲ
557 3658 733 3709 ὀθνεῖα
774 3642 953 3708 λοιπὸν
1004 3656 1093 3707 καὶ
1125 3655 1388 3725 βάρϐαρα,
1434 3650 1519 3707 οἷά
1551 3671 1631 3716 τις

70 3750 285 3821 γυμνὴ,
318 3748 407 3802 καὶ
439 3747 647 3800 οίκείων
683 3745 1028 3814 πτωχεύουσα
1056 3746 1223 3811 λόγων
1251 3760 1309 3796 τε
1339 3747 1429 3797 καὶ
1456 3744 1629 3814 μαθη-

74 3843 292 3912 μάτων,
322 3836 532 3908 περιῄει
556 3836 1066 3908 διερευνωμένη,ετά
1110 3852 1167 3885 τε
1210 3838 1450 3903 χρήσιμα
1501 3852 1632 3889 παν-

73 3929 308 4000 ταχόθεν
340 3931 501 3997 ἑαυτῇ
535 3926 842 3998 πορίζουσα,
878 3926 1174 3992 συνάγουσά
1204 3942 1282 3987 τε,
1318 3927 1409 3977 καὶ
1451 3928 1629 3995 ἐρανι-

71 4023 306 4091 ζομένη,
329 4024 419 4075 ὅτί
450 4038 577 4073 ποτε
604 4023 728 4091 παρ’
760 4022 1003 4079 ἑκάστοις
1039 4016 1183 4087 εὖροι
1213 4017 1317 4068 τῶν
1344 4017 1528 4070 ἐθνῶν.
1554 4017 1627 4069 Οὐ

70 4114 189 4183 γὰρ
208 4108 304 4164 οὖν
317 4112 448 4180 μόνα
463 4112 531 4162 τὰ
556 4112 654 4178 τῆς
683 4109 911 4179 ἀληθοῦς
942 4108 1209 4173 θεολογίας
1230 4108 1479 4159 λείποντα
1506 4125 1628 4159 κατ-

71 4200 500 4270 εμάνθανεχτοῖς
568 4201 836 4267 Ἕλλησιν,
885 4196 1017 4249 ἀλλὰ
1060 4197 1151 4247 καὶ
1194 4195 1299 4247 τῶν
1332 4196 1502 4248 ἄλλων
1542 4213 1628 4247 τε-

72 4289 221 4361 χνῶν
245 4305 303 4339 τε
336 4288 427 4339 καὶ
450 4287 757 4355 ἐπιστημῶν
784 4287 879 4348 τὰς
911 4284 1351 4355 βιωφελεστάτας.
1392 4284 1627 4351 Συνομο-

72 4377 296 4445 λογοῦσί
327 4372 390 4443 γέ
412 4393 493 4427 τοι
539 4375 791 4445 Ἕλληνες
817 4377 985 4437 αὐτοὶ,
1023 4376 1155 4443 μετά
1180 4390 1241 4440 γε
1286 4374 1502 4441 Ὀρφέα,
1538 4374 1627 4424 Λῖ-

1740 3216 1954 3280 deindc,
1975 3215 2381 3283 Amphilochus,
2428 3223 2478 3267 et
2522 3215 2731 3268 infinita
2767 3216 3019 3283 deinceps
3046 3218 3148 3269 alia
3180 3234 3269 3269 va-

1737 3316 1847 3358 tum
1884 3306 2065 3372 potius
2107 3317 2268 3372 quam
2295 3313 2571 3371 poetarum
2604 3314 2696 3358 aut
2720 3306 3108 3372 rhapsodorum
3137 3311 3273 3359 mul-

1734 3394 1906 3447 titudo
1960 3402 2248 3447 consecuta
2294 3401 2395 3445 est.
2461 3392 2525 3444 At
2578 3407 2697 3445 vero
2745 3394 3078 3463 philosophia
3147 3412 3266 3449 cuin

1733 3484 1947 3537 nonnisi
2007 3484 2189 3537 multis
2230 3492 2351 3551 post
2392 3497 2484 3536 eos
2513 3482 2722 3536 saeculis
2769 3483 3003 3539 venisset
3040 3486 3092 3538 in
3125 3484 3268 3540 Grae-

1732 3576 1891 3638 ciam,
1924 3589 2022 3627 nec
2048 3574 2338 3642 quidquam
2405 3588 2581 3625 rerum
2632 3589 2847 3627 suarum
2900 3576 3039 3643 apud
3082 3591 3266 3629 eorum

1732 3662 1964 3733 majores
1988 3664 2271 3725 inveniret,
2295 3661 2553 3731 quidquid
2584 3662 2800 3731 insuper
2826 3664 2877 3715 in
2905 3666 3088 3732 patria-
3116 3666 3265 3717 then-

1729 3755 1883 3824 logia:
1912 3752 2181 3819 mysteriis
2209 3755 2452 3821 praeclari
2493 3757 2618 3809 olim
2646 3755 2923 3821 sanctique
2950 3754 3264 3817 habebatur,

1731 3857 1937 3897 necnon
1983 3843 2090 3906 illa,
2137 3858 2255 3911 quas
2312 3845 2549 3896 omnium
2598 3858 2692 3895 ore
2718 3845 3079 3910 jactabantur,
3116 3859 3265 3912 egre:

1730 3932 1812 4000 gia
1841 3930 2132 3997 divinaque
2178 3930 2417 3995 oracula,
2449 3928 2611 4000 57o
2635 3936 2688 3980 ct
2721 3930 2875 3995 plena
2911 3929 3184 3990 vanitatis,
3212 3941 3265 3982 et

1730 4021 1797 4074 ab
1823 4021 1971 4073 omni
2004 4020 2231 4073 utilitate
2277 4034 2446 4073 vacua
2476 4024 2653 4087 reipsa
2683 4018 3053 4085 deprehendit.
3126 4018 3266 4089 Ergo

1730 4110 1797 4163 iis
1822 4110 2117 4163 secundum
2149 4109 2200 4162 in
2233 4109 2409 4163 locum
2435 4109 2670 4177 rejectis,
2704 4102 2854 4175 quod‘
2880 4107 3013 4159 nihil
3055 4108 3155 4161 sibi
3201 4112 3264 4161 all

1728 4216 1907 4255 rerum
1945 4200 2368 4253 necessariarum
2416 4215 2478 4253 ac
2510 4213 2755 4251 verarum
2803 4198 3259 4267 investigationem

1728 4292 2125 4346 commoditatis
2172 4291 2361 4355 afferre
2395 4298 2630 4359 possent,
2668 4304 2849 4341 errare
2898 4289 3147 4357 deinceps
3170 4306 3262 4341 va-

1729 4381 1970 4450 garique,
2024 4388 2081 4434 et
2133 4379 2348 4447 quando
2381 4377 2523 4428 nuda
2576 4372 2670 4443 per
2712 4391 2829 4429 sese
2852 4384 2988 4440 erat,
3022 4390 3083 4428 ac
3136 4389 3261 4441 pro—

72 4469 167 4520 νόν
202 4483 266 4518 τε
304 4466 394 4518 καὶ
432 4466 717 4527 Μουσαῖον,
758 4466 805 4517 οἳ
842 4466 903 4535 δὴ
949 4465 1177 4535 μάλιστα
1218 4462 1476 4529 θεολόγων
1529 4480 1627 4513 πα-

1737 4468 1965 4534 priarnm
2014 4464 2325 4519 facultatum
2374 4464 2548 4531 inops,
2600 4465 2877 4531 peregrina
2914 4462 3098 4517 saltem
3140 4462 3262 4512 bar-

74 4548 347 4609 λαιότατοί
372 4572 430 4606 τε
454 4556 546 4607 καὶ
579 4553 781 4623 πρῶτοι
826 4555 1095 4625 κατῆρξαν
1128 4554 1306 4613 αὐτοῖς
1338 4552 1433 4620 τῆς
1468 4553 1625 4603 πολυ-

75 4639 205 4695 θέου
236 4644 457 4710 πλάνης,
492 4642 614 4703 τοὺς
652 4642 788 4693 ἑπτὰ
835 4644 956 4711 παρ’
990 4643 1166 4704 αὐτοῖς
1197 4642 1392 4710 ἄνδρας
1420 4640 1511 4691 ἐπὶ
1540 4644 1639 4705 φι-’

73 4732 303 4800 λοσοφίᾳ
325 4730 712 4800 θαυμασθῆναι,
736 4729 826 4793 οὕς
848 4732 909 4800 δὴ
939 4733 1029 4783 καὶ
1053 4730 1379 4799 ἐπονομάσαι
1402 4727 1619 4795 Σοφούς.

83 4822 260 4888 Ἀμφὶ
289 4821 465 4889 Κῦρον
495 4821 549 4873 δὲ
590 4822 693 4873 οἶδε
721 4821 809 4873 τὸν
837 4821 1054 4889 Περσῶν
1095 4824 1342 4889 ἤκμασαν
1382 4818 1617 4885 βασιλέα.

72 4907 247 4972 Οὗτος
274 4909 315 4961 δ’
339 4907 404 4980 ἦν
430 4912 458 4962 ὁ
502 4912 685 4980 χρόνος
730 4913 784 4962 ἐν
877 4910 982 4961 τῶν
1016 4910 1141 4977 παρ’
1181 4907 1449 4974 Ἐὕραίοις
1494 4922 1621 4975 προ-

75 5005 267 5075 φητῶν
312 5006 357 5054 οἱ
416 5004 623 5057 πάντων
675 5005 887 5057 ὕστατοι
939 5005 1316 5072 προεφήτευον.
1368 5001 1473 5051 τῶν
1525 5001 1621 5069 μὲν

74 5092 339 5163 Τρωῖκῶν
375 5091 593 5161 ὕστερον
630 5094 769 5144 ἔτεσι
814 5094 971 5144 πλέον
1012 5092 1042 5157 ἢ
1089 5089 1401 5152 ἑξακοσίοις,
1434 5088 1531 5155 τῆς
1564 5086 1619 5139 δὲ

73 5187 355 5247 Μωῦσέως
400 5184 627 5245 ἡλικίας,
655 5186 753 5237 οὐκ
790 5186 1002 5235 ἔλαττον
1055 5182 1084 5251 ἢ
1129 5182 1315 5251 χιλίοις
1349 5182 1441 5233 καὶ
1490 5192 1619 5232 nev-'-

72 5274 350 5336 τακοσίοις
363 5274 655 5341 γενόμενοι.
671 5274 835 5325 Τοῦτο
855 5275 911 5324 δέ
930 5290 1009 5323 σοι
1036 5271 1133 5334 τὰς
1145 5272 1248 5324 τῶν
1266 5271 1465 5342 χρόνων
1494 5272 1620 5323 άνα-

152 5382 263 5452 (19)
305 5380 431 5436 Post
466 5382 536 5435 τὰ
576 5382 625 5433 δ’
672 5382 739 5452 ἐξ
785 5383 1084 5452 Αἰγύπτου,
1106 5382 1310 5452 clarius
1330 5389 1381 5452 et
1427 5380 1619 5452 distin-

78 5449 221 5506 ctius
254 5452 512 5518 legeretur
531 5494 544 5515 ,
572 5452 602 5520 ἦ
635 5451 734 5520 καί
756 5451 912 5502 ποθεν
942 5451 1177 5510 ἄλλοθεν,
1203 5451 1325 5519 περὶ
1358 5449 1489 5499 θεῶν
1523 5468 1619 5516 μυ-

81 5523 294 5589 στήρια,
323 5530 447 5582 ete.,
473 5519 676 5573 tametsi
708 5519 1034 5589 Graecorum,
1064 5522 1222 5574 etiam
1248 5519 1619 5572 disertissimo-

77 5588 471 5669 runfijntideata
506 5606 643 5669 sape
670 5605 732 5667 ac
755 5588 971 5669 trajecta
1000 5591 1172 5669 oratio
1201 5598 1301 5641 est.

152 5656 459 5727 (20iNsdiq.
507 5658 640 5721 Quid
677 5659 721 5710 si
756 5656 875 5727 νεῴ,
909 5667 957 5711 et
1006 5658 1098 5727 lin.
1142 5667 1414 5724 sequente,
1465 5673 1618 5707 κεκο-

80 5726 363 5790 σμημένοι,
394 5740 486 5786 pro
512 5724 979 5789 κεκοσμημένοι)ς1⁹
1006 5724 1122 5779 Ηως
1152 5742 1278 5780 sane
1315 5728 1466 5779 lectio
1495 5736 1612 5779 cuin

1727 4558 1963 4625 baraque
1994 4556 2200 4621 rimari,
2227 4568 2453 4623 quaeque
2477 4554 2576 4607 sibi
2614 4556 2733 4608 usui
2763 4570 2881 4607 esse
2912 4561 3131 4622 possent
3157 4553 3261 4606 col-

1724 4643 1890 4714 ligere
1914 4646 2168 4711 undique,
2199 4652 2251 4696 et
2272 4643 2530 4711 quidquid
2577 4644 2715 4712 apud
2748 4642 3012 4711 quoslibet
3038 4642 3259 4709 popule

1726 4736 1998 4803 reperiret,
2046 4733 2233 4787 sedulo
2254 4748 2560 4803 corrogare.
2611 4733 2719 4786 Nec
2747 4733 2887 4786 enim
2915 4747 3094 4787 veram
3124 4738 3259 4785 dun-

1727 4829 1874 4876 taxat
1916 4822 2257 4889 theologiam,
2306 4823 2397 4875 sed
2447 4824 2580 4876 alias
2611 4822 2768 4874 etiam
2798 4829 2941 4873 artes
2976 4830 3133 4889 atque
3165 4822 3259 4873 ilo-

1724 4912 1925 4965 ctrinas
1972 4909 2218 4962 humana:
2254 4910 2372 4963 vitaz
2410 4910 2681 4979 perutiles,
2725 4907 2923 4962 Graaeis
2950 4909 3258 4963 hominibus

1721 5004 1906 5057 deesse
1928 4999 2194 5066 cognovit.
2230 4999 2293 5052 Et
2334 5016 2461 5053 vero
2496 4999 2663 5052 Graeci
2718 4998 2950 5051 fatentur
2981 5003 3103 5069 ipsi,
3134 5017 3256 5051 non-

1721 5092 1823 5144 nisi
1858 5098 1975 5157 post
2004 5086 2300 5156 Orpheum,
2354 5089 2545 5142 Linum
2579 5103 2642 5141 ac
2676 5087 2958 5155 Musazum,
2993 5093 3083 5159 qui
3112 5092 3253 5141 vide-

1721 5179 1844 5231 licet
1876 5177 2247 5245 theologorum
2294 5176 2531 5230 oninium
2590 5178 2975 5259 antiquissimi,
3018 5194 3077 5230 ac
3107 5178 3254 5245 prin—

1718 5268 1880 5335 cipes,
1904 5264 2052 5320 falsa:
2073 5268 2236 5335 hujus
2258 5267 2322 5319 de
2347 5266 2686 5319 multitudine
2720 5268 2940 5319 deorum
2966 5267 3253 5332 Opinionis,

1720 5379 1900 5447 priori.
1931 5380 2143 5449 ἐκράτει
2174 5378 2343 5444 λόγος,
2393 5386 2444 5431 et
2486 5378 2747 5445 sequenti,
2795 5378 2953 5442 ξόανα
3012 5379 3033 5425 ὲ

2070 5378 2343 5457 τει-λόγος,
2393 5386 2444 5431 et
2486 5378 2747 5445 sequenti,
2795 5378 2953 5442 ξόανα
3012 5378 3254 5446 ἐξείργα-

1720 5464 1827 5504 στο.
1863 5455 2186 5501 conveniret.

1788 5516 1895 5585 (91)
1925 5515 2271 5585 Δωδωναῖος.
2310 5514 2635 5585 Prmstiterit
2676 5514 2985 5585 Διδυμαῖος.
3045 5526 3097 5567 ιιι
3143 5518 3252 5581 jam

1719 5583 1819 5639 sub
1866 5586 2041 5654 operis
2091 5584 2251 5651 hujus
2305 5584 2515 5639 initium
2566 5599 2661 5641 me.
2713 5583 2970 5635 adnotare
3013 5586 3255 5638 memini.

1719 5655 1854 5709 Sunt
1882 5658 2021 5709 enim
2059 5655 2169 5706 haec
2194 5654 2449 5723 Apollinis
2473 5661 2843 5721 cognomenta.
