3994 6340
727 385 830 440 785

725 592 1074 662 philosophia:
1121 592 1174 645 in
1222 590 1424 645 Graecia
1473 593 1629 646 laude
1674 594 1952 656 claruisse,
1985 611 2120 662 quos
2154 597 2254 664 ipsi

727 699 934 753 quoque
981 683 1260 752 Sapientes
1301 685 1650 739 nominarint.
1686 687 1848 754 Atqui
1888 688 2026 756 Cyro
2075 686 2254 742 Persis

723 778 1012 843 imperante
1034 775 1328 830 ﬂoruerunt
1355 792 1580 831 omnes:
1623 793 1730 846 quo
1756 788 1993 846 tempore
2021 779 2252 847 prophe-

723 876 892 919 tarum
919 866 1056 934 apud
1095 865 1343 920 Hebraeos
1405 867 1646 920 omnium
1681 869 1952 921 novissimi
1979 872 2250 935 exstitere,

720 957 873 1012 annis
924 968 1043 1025 post
1078 957 1310 1027 Trojana
1354 959 1570 1027 quidem
1606 954 1841 1028 tempora
1870 962 2099 1029 amplius
2132 977 2252 1016 sex-

718 1048 919 1113 centis;
961 1057 1082 1115 post
1103 1047 1338 1118 Moysem
1367 1064 1492 1102 vero
1514 1065 1618 1101 non
1648 1050 1990 1117 paucioribus
2016 1052 2160 1102 mille
2189 1067 2252 1104 ac

717 1139 1044 1208 quingentis,
1085 1150 1143 1193 ut
1189 1139 1341 1193 facile
1372 1141 1462 1193 tibi
1510 1142 1668 1208 paulo
1702 1150 1823 1209 post
1851 1157 1915 1194 ex
1949 1151 2248 1210 temporum

713 1227 921 1281 ratione
981 1229 1221 1297 serieque
1281 1231 1569 1283 constabit.
1624 1229 1889 1283 Cancrum
1923 1246 1988 1284 co
2032 1233 2248 1286 circiter

713 1332 845 1383 aevo,
885 1334 1007 1372 cum
1053 1321 1376 1374 recentiores
1408 1322 1494 1375 isti
1529 1331 1728 1389 septem
1765 1321 2044 1390 Sapientes
2071 1339 2245 1377 emcr-

711 1408 932 1476 sissent,
967 1409 1298 1473 humanioris
1333 1411 1548 1480 quidem
1591 1420 1644 1465 et
1679 1413 2035 1480 castigatioris
2083 1415 2244 1468 disci-

712 1497 867 1562 plina:
900 1499 1138 1566 magistri
1169 1499 1334 1553 fuisse
1363 1501 1732 1567 perhibentur,
1767 1503 1859 1555 sed
1894 1511 2070 1556 tamen
2102 1519 2243 1572 prae-

711 1595 790 1640 ter
826 1587 1063 1641 celebres
1104 1589 1363 1655 quasdam
1420 1590 1762 1657 eruditosque
1801 1591 2114 1653 sententias,
2158 1593 2242 1644 ni-

710 1677 782 1729 hil
805 1677 1090 1751 admodum
1123 1680 1470 1747 reliquerunt.
1518 1681 1589 1733 'At
1617 1682 1772 1749 longe
1799 1683 1970 1736 serius
2001 1683 2241 1751 philoso-

709 1768 934 1836 phorum
962 1769 1014 1821 in
1059 1769 1261 1823 Graecia
1301 1772 1478 1840 vigere
1524 1788 1716 1826 nomen
1741 1787 1803 1827 ac
1833 1775 2104 1842 prmdicari
2133 1790 2243 1829 cm—

1356 383 1622 438 EUSEBH
1664 381 2135 436 CESARlENSlS
2173 383 2317 437 OPP.

726 503 1072 555 lundamenta
1120 499 1383 568 jecerunt,
1432 501 1576 554 viros
1629 502 1748 556 illos
1779 501 1998 555 omnino
2052 511 2227 571 scpten

2324 504 2568 573 ηγραφὰς
2632 501 2819 571 μικρὸν
2869 499 3090 569 ὕστερον
3140 498 3321 550 διιόντι
3373 497 3674 565 καταφανὲς
3715 499 3839 552 ἔσται,

2358 384 2537 438 rans
2571 385 2630 437 ιι.
2681 353 2746 423 -έ
2780 382 3252 454 APOLOGE‘l'lLA
3769 373 3842 426 ῑ8ι

2367 593 2622 646 Ἐνταῦθά
2668 609 2765 644 που
2795 591 2903 642 νέοι
2931 587 3007 658 τῷ
3047 588 3218 657 χρόνῳ
3239 586 3380 637 ἑπτὰ
3421 586 3686 656 γενόμενοι
3711 588 3838 655 Σοφοὶ,

2353 684 2444 735 ἐπὶ
2475 680 2797 751 κατορθώσει
2834 677 3247 750 μνημονεύονται
3275 677 3615 758 ἀγωγῆς-τῆς
3635 676 3838 745 ἠθικωτέ.

2356 791 2471 845 ρας,
2498 766 2569 826 ὧν
2615 772 2771 824 πλέον
2809 771 2958 822 οὐδὲν
3007 771 3110 822 τῶν
3155 768 3434 838 βοωμένων
3465 767 3840 838 ἀποφθεγμάτων

2355 864 2759 934 μνημονεύεται.
2804 863 2927 930 Ὀψὲ
2969 861 3024 913 δέ
3058 879 3128 923 τι,
3157 862 3250 912 καὶ
3295 855 3490 928 μᾶλλον
3537 862 3646 921 τοῖς
3683 861 3840 929 χρόνοις

2353 956 2763 1026 ὑποϐεϐηκότες,
2806 958 2853 1007 oi
2887 957 3012 1023 παρ’
3051 953 3270 1022 Ἕλλησι
3304 951 3574 1021 φιλόσοφοι
3607 951 3840 1021 διαπρέᾣιι

2354 1046 2787 1117 μνημονεύονται.
2832 1037 2927 1096 Ὧν
2977 1043 3290 1112 Πυθαγόρας
3341 1041 3549 1112 πρῶτος
3601 1043 3837 1114 Φερεκύδου

2351 1136 2648 1206 γνώριμος,
2686 1134 2744 1186 τὸ
2795 1132 3105 1200 φιλοσοφίαν
3156 1130 3392 1202 ἀνευρὼν
3437 1132 3633 1200 όνομα,
3670 1133 3734 1194 ὡς
3771 1133 3841 1201 μέν
3946 1133 3947 1174 ἐ

2348 1243 2504 1288 τινες,
2533 1226 2750 1294 Σάμιος,
2776 1225 2848 1286 ὡς
2872 1224 2913 1274 δ’
2947 1222 3120 1292 ἕτεροί
3148 1239 3294 1289 φασι,
3324 1223 3598 1294 Τυρρηνὸς
3625 1218 3702 1293 ἦν.
3726 1222 3841 1284 Τινὲς

2347 1316 2387 1368 δ’
2430 1315 2586 1368 αὑτὸν
2629 1314 2815 1385 Σύριον
2861 1314 2892 1382 ἢ
2941 1313 3131 1381 Τύριον
3177 1310 3309 1367 εἷναι
3345 1314 3627 1380 λέγουσιν·
3658 1312 3776 1363 ὥστε
3801 1329 3841 1362 σε

2349 1409 2637 1480 βάρϐαρον,
2671 1407 2780 1459 ἀλλ’
2808 1409 2903 1476 οὐχ
2937 1408 3169 1478 Ἕλληνα
3199 1406 3471 1474 γεγονέναι
3501 1405 3758 1475 ὁμολογεῖν
3775 1404 3842 1456 τὸν
3946 1404 3947 1444 ί

2347 1498 2558 1567 πρῶτον
2585 1497 2692 1548 τῶν
2718 1497 3036 1564 φιλοσόφων,
3069 1495 3191 1548 ἀνὰῖ
3202 1495 3373 1562 στόμα
3402 1495 3610 1546 πάντων
3626 1493 3842 1562 Ἑλλήνων
3946 1565 3947 1570 η

2344 1591 2615 1660 ᾀδόμενον.
2644 1591 2751 1642 Καὶ
2778 1590 2866 1641 τὸν
2897 1589 3198 1658 Φερεκύδην
3239 1588 3295 1640 δὲ
3320 1586 3506 1658 Σύριον
3551 1586 3841 1656 ἀναγράφω·
3946 1629 3947 1632 η

2345 1700 2448 1745 σιν,
2491 1677 2533 1749 ᾧ
2565 1681 2893 1752 μαθητεῦσαι
2929 1682 3017 1733 τὸν
3045 1681 3361 1750 Πυθαγόραν
3403 1678 3585 1746 φασίν.
3613 1680 3682 1730 Οὐ
3722 1679 3843 1747 μόνον

2342 1775 2396 1827 δὲ
2435 1775 2606 1844 τούτῳ
2638 1773 2988 1840 συγγενέσθαι
3026 1774 3054 1822 6
3082 1773 3398 1842 Πυθαγόρας
3424 1771 3658 1839 λέγεται,
3681 1771 3842 1839 διατρί-

708 1833 800 1923 pit.
845 1856 1049 1910 Horum
1098 1833 1484 1928 princepsville
1527 1833 1874 1930 Pythagoras,
1920 1859 2227 1933 Pherecydis

2339 1861 2434 1929 ψαι
2460 1861 2515 1913 δὲ
2549 1833 2641 1914 κάὶ
2669 1833 2814 1930 παρὰ
2859 1864 2967 1923 τοῖς
2995 1861 3214 1932 Περσῶν
3241 1833 3448 1930 μάγοις,
3474 1833 3565 1912 καὶ
3587 1862 3692 1921 τοῖς
3717 1833 3845 1926 Δίγυ-

706 1956 825 1998 aute
857 1946 1176 2015 discipulus,
1221 1965 1249 2001 a
1294 1965 1400 2016 quo
1429 1952 1776 2018 philosophia
1812 1968 2000 2005 nomen
2049 1954 2238 2008 inven-

707 2045 816 2089 tum
847 2046 946 2100 est,
977 2039 1205 2099 Samius.
1234 2051 1297 2094 ut
1343 2043 1584 2094 nonnulli
1640 2043 1841 2108 volunt,
1871 2049 1976 2105 vel,
2015 2055 2072 2100 ut
2115 2047 2238 2102 aliis

706 2126 900 2193 placet,
931 2126 1141 2181 Tuscus
1173 2139 1314 2182 erat.
1354 2129 1463 2184 Nec
1502 2132 1692 2185 desunt
1735 2134 1824 2201 qui
1878 2133 2069 2204 Syrum
2111 2152 2234 2190 eum

705 2226 797 2269 aut
826 2216 1043 2286 Tyrium
1066 2218 1230 2273 fuisse
1262 2221 1460 2274 dicant.
1506 2220 1635 2277 Utut
1667 2224 1754 2289 sit,
1787 2225 1933 2277 illum
1972 2235 2025 2279 et
2055 2227 2232 2294 philo-

705 2309 994 2377 sophorum
1046 2311 1358 2379 principem,
1391 2322 1441 2367 et
1487 2313 1793 2370 Graecorum
1851 2319 2095 2372 omnium
2135 2335 2234 2373 ore

701 2401 1045 2472 celebratum,
1104 2416 1206 2455 non
1252 2402 1491 2457 Graecum
1531 2414 1728 2471 tamen,
1795 2408 1900 2462 sed
1944 2410 2233 2464 barbarum

699 2505 821 2545 csse
863 2490 1133 2548 fatendum
1161 2505 1262 2546 est.
1317 2492 1619 2558 Quinetiam
1651 2498 1824 2564 ipsum
1852 2513 2065 2567 quoque
2098 2498 2234 2554 Phe-

701 2579 967 2647 recydem,
1001 2581 1086 2634 cui
1134 2579 1488 2650 Pythagoram
1524 2599 1740 2651 operam
1776 2585 1988 2640 dedisse
2031 2587 2230 2652 ferunt,

700 2670 892 2738 Syrum
925 2670 1092 2725 fuisse
1121 2682 1439 2726 memorant.
1495 2674 1814 2742 Quanquam
1864 2691 1970 2729 non
2017 2692 2080 2731 eo
2111 2686 2231 2732 tan-

699 2770 809 2811 tum
838 2759 1056 2814 doctore
1094 2759 1448 2831 Pythagoram
1495 2780 1646 2817 usum
1682 2780 1800 2819 esse
1849 2767 2088 2833 tradunt,
2137 2769 2230 2824 sed

698 2851 858 2904 etiam
887 2865 1008 2905 cum
1041 2854 1209 2920 magis
1235 2854 1370 2921 apud
1406 2852 1618 2918 Persas,
1646 2871 1766 2908 cum
1799 2858 2072 2925 prophetis
2088 2861 2231 2928 apud

697 2938 974 3009 £3yptios
1018 2942 1456 2995 consuetudinem
1510 2944 1791 3009 habuisse;
1847 2961 1954 3013 quo
2012 2947 2229 3017 quidem

697 3042 931 3098 tempore
979 3033 1168 3100 partim
1212 3050 1267 3086 in
1309 3031 1617 3104 Egyptum,
1662 3034 1855 3102 partim
1901 3035 2226 3106 Babylonem

2341 1951 2507 2002 πτίων
2555 1950 2608 2002 δὲ
2667 1951 2964 2021 προφήταις
3020 1948 3368 2019 μαθητεῦσαι,
3418 1949 3539 2001 καθ’
3592 1949 3648 2002 ὃν
3693 1950 3843 2020 χρόνον
3946 1955 3947 1964 ‘

2351 2041 2608 2111 Ἐϐραίων
2640 2043 2686 2093 οί
2733 2042 2828 2111 μὲν
2867 2044 2950 2093 ἐπ’
2975 2041 3266 2109 Αἰγύπτου,
3289 2043 3336 2092 οἱ
3367 2040 3410 2091 δ’
3452 2042 3541 2092 ἐπὶ
3569 2040 3845 2100 Βαϐυλῶνος

2338 2129 2614 2197 φαίνονται
2654 2129 2750 2199 τὴν
2794 2130 3066 2197 μετοικίαν
3111 2129 3480 2198 πεποιημένοι.
3520 2129 3675 2182 Ἀλλὰ
3709 2128 3844 2199 γάρὸ

2334 2219 2673 2289 δηλούμενος,
2698 2219 2766 2270 τὰ
2799 2222 2925 2289 παρ’
2953 2221 3197 2282 ἑκάστοις
3227 2220 3362 2289 σοφᾶ
3396 2220 3842 2290 πολυπραγμονῶν,

2335 2309 2530 2379 ἐπῆλθε
2563 2309 2850 2366 Βαϐυλῶνα
2904 2311 2994 2363 καὶ
3026 2312 3309 2378 Δῖγυπτον,
3340 2312 3432 2364 καὶ
3479 2311 3722 2380 Περσίδα,
3757 2313 3846 2371 τοῖς

2333 2416 2391 2450 τε
2425 2400 2614 2469 μάγοις
2638 2399 2866 2462 καὶτοῖς
2903 2399 3102 2475 ἱερεῦσι
3135 2400 3579 2471 μαθητευόμενος.
3625 2399 3847 2469 Ἀκηκοέ-

2334 2507 2418 2543 ναι
2447 2507 2505 2542 τε
2546 2489 2679 2560 πρὸς
2717 2489 2920 2554 τούτοις
2958 2491 3288 2561 Βραχμάνων
3333 2491 3636 2562 ἱστόρηται·
3669 2489 3844 2560 (Ἰνδῶν

2330 2580 2387 2631 δέ
2413 2581 2545 2631 εἰσιν
2573 2575 2713 2632 οὗτοι
2745 2579 3014 2649 φιλόσοφοι
3103 2583 3194 2632 καὶ
3227 2585 3354 2652 παρ’
3389 2574 3462 2633 ὧν
3497 2582 3591 2650 μὲν
3623 2579 3845 2650 ἀστρολο-

2331 2671 2474 2736 γίαν,
2519 2673 2644 2740 παρ’
2687 2668 2761 2723 ὧν
2801 2671 2857 2722 δὲ
2887 2672 3241 2740 γεωμετρίαν,
3270 2670 3629 2742 ἀριθμητικήν
3659 2689 3713 2723 τε
3738 2670 3844 2738 παρ’

2330 2760 2501 2814 ἄλλων
2528 2760 2622 2812 καὶ
2656 2761 2933 2830 μουσικὴν,
2978 2760 3067 2811 καὶ
3099 2760 3230 2813 ἄλλα
3257 2760 3382 2831 παρ’
3411 2759 3578 2812 ἄλλων
3625 2759 3846 2822 συλλεξά-

2332 2868 2507 2921 μενος,
2553 2851 2708 2920 μόνον
2738 2852 2884 2920 παρὰ
2900 2851 3010 2905 τῶν
3044 2851 3217 2919 σοφῶν
3255 2851 3516 2921 Ἑλλήνων
3541 2851 3690 2920 ἔσχεν
3719 2851 3846 2902 οὐδὲν

2329 2945 2486 3015 πενίᾳ
2521 2944 2704 3012 σοφίας
2746 2945 2838 2996 καὶ
2866 2945 3064 3015 ᾀπορίᾳ
3097 2944 3496 2997 συνοικούντων.
3533 2943 3788 3013 Ἐμπαλιν
3810 2943 3844 2994 δ’

2326 3030 2418 3088 οὖν
2447 3034 2550 3085 τῶν
2581 3033 2774 3098 ἔξωθεν
2801 3033 2944 3102 αύτῷ
2969 3035 3580 3103 πεπορισ-μένῳν,αῐτιος
3595 3034 3746 3096 αὐτὸς
3764 3034 3845 3101 τῆς

695 3120 945 3176 Hebraeos
982 3125 1240 3200 migrasse
1270 3125 1456 3194 liquet.
1501 3125 1659 3196 47],
1687 3128 1763 3180 Ita
1790 3138 1972 3182 noster
2001 3130 2087 3185 hic
2110 3131 2223 3200 phi-

2330 3125 2612 3195 μαθήσεως
2647 3125 2878 3192 κατέστη
2912 3127 3020 3187 τοῖς
3060 3123 3330 3192 Ἕλλησιν.
3371 3124 3428 3175 '0
3455 3124 3552 3193 μὲν
3577 3120 3664 3176 οὖν
3692 3123 3846 3176 Πυθα-

694 3213 970 3279 losophus,
1000 3214 1128 3281 quid
1156 3217 1294 3282 apud
1324 3231 1567 3285 quosque
1609 3218 1922 3284 prmclarum
1950 3229 2002 3273 et
2043 3222 2224 3275 erudi—

694 3313 801 3354 tum
847 3312 1006 3366 esset,
1042 3305 1321 3372 diligenter
1349 3306 1650 3373 explorans,
1684 3306 2028 3377 Babylonem,
2055 3310 2223 3381 Egy-

694 3407 838 3460 ptum
869 3393 1250 3463 Persidemque
1280 3397 1598 3464 peragravit,
1631 3413 1912 3467 magorum
1941 3416 2002 3455 ac
2047 3416 2224 3455 sacer-

691 3485 877 3536 dotum
907 3484 1205 3552 disciplinis
1255 3487 1511 3541 imbutus.
1553 3485 1696 3541 Idem
1739 3497 1992 3556 praeterea
2023 3489 2223 3545 Brache

693 3590 878 3628 manas
903 3575 1182 3643 (ludorum
1212 3576 1514 3646 philosophi
1545 3579 1620 3631 illi
1650 3580 1794 3649 sunt)
1834 3580 2069 3635 audiisse
2114 3581 2223 3636 fer-

691 3675 792 3716 tur.
846 3663 895 3717 ls
924 3680 1049 3734 ergo
1074 3681 1194 3720 cum
1232 3666 1299 3722 ab
1319 3666 1436 3720 aliis
1463 3669 1826 3738 astrologiam,
1875 3673 2220 3740 geometriam

697 3753 764 3806 ab
790 3753 937 3819 aliis,
972 3755 1040 3807 ab
1087 3757 1206 3810 aliis
1259 3757 1650 3813 arithmeticam
1685 3770 1738 3815 et
1769 3763 2052 3831 musicam,
2085 3765 2220 3818 alia-
2277 3807 2281 3811 .

689 3858 793 3911 que
823 3843 889 3896 ab
917 3844 1036 3898 aliis
1063 3845 1359 3912 didicisset,
1395 3863 1424 3902 a
1459 3850 1588 3904 solis
1611 3850 1812 3906 Graecis,
1840 3852 2053 3907 auferre
2083 3855 2219 3908 nihil

687 3932 859 4000 potuit
887 3949 900 3996 ;
934 3942 1082 3986 tanta
1107 3933 1182 3992 illi
1222 3942 1331 3988 tum
1359 3939 1582 4006 penuria
1615 3939 1910 4006 sapientia,
1941 3956 2003 3995 ac
2035 3957 2216 4009 rerum

686 4023 922 4076 omnium
963 4024 1261 4092 ignorantia
1313 4024 1646 4081 laborabant.
1697 4028 1896 4082 Contra
1922 4033 2219 4100 peregrinis

686 4113 798 4181 ipse
846 4113 1054 4167 artibus
1100 4113 1468 4182 doctrinisque
1513 4118 1840 4181 cumulatus,
1893 4115 2223 4176 eruditionis

683 4202 860 4257 omnis
891 4202 945 4259 in
989 4202 1190 4259 Graecia
1241 4204 1437 4265 fontem
1483 4208 1707 4274 aperuit.
1763 4209 1841 4264 Ac
1887 4208 2217 4281 Pythagoras

683 4290 899 4360 quidem
945 4292 1207 4361 ejusmodi
1265 4294 1388 4349 fuit.
1449 4296 1530 4349 Ab
1568 4312 1632 4351 eo
1681 4298 1930 4368 deinceps
1979 4304 2213 4370 primum

681 4382 1033 4450 philosophia:
1063 4398 1230 4451 genus
1253 4396 1604 4457 propagatum
1638 4397 1740 4454 est,
1767 4391 1908 4456 quod
1935 4394 2000 4444 ab
2039 4392 2209 4459 Italia,

2327 3217 2512 3286 γέρας.
2548 3213 2801 3275 τοιοῦτος.
2830 3213 3024 3283 Πρώτη
3045 3213 3088 3265 δ’
3123 3214 3186 3264 ἐκ
3217 3214 3313 3283 τῆς
3346 3214 3529 3266 τούτου
3562 3209 3846 3283 διαδοχῆςή

2327 3306 2583 3375 κληθεῖσα
2616 3304 2841 3374 Ἰταλικὴ
2868 3303 3088 3375 συνέστη
3116 3303 3415 3372 φιλοσοφία,
3441 3305 3536 3375 τῆς
3563 3304 3846 3373 ἐπωνυμίας

2324 3400 2387 3450 ὲκ
2421 3396 2520 3464 τῆς
2551 3393 2689 3446 κατὰ
2711 3394 2806 3462 τὴν
2849 3394 3070 3464 Ἰταλίαν
3102 3393 3377 3463 διατριϐῆς
3402 3393 3684 3456 ἀξιωθεῖσα
3706 3411 3719 3422 ·
3745 3390 3845 3462 μεθ’

2322 3486 2387 3555 ἢν
2418 3486 2450 3554 ἡ
2477 3463 2584 3536 άπὸ
2620 3483 2789 3536 Θαλοῦ
2831 3483 2922 3536 τοῦ
2959 3463 3064 3537 τών
3101 3485 3239 3538 ἑπτὰ
3271 3485 3452 3553 Σοφῶν
3480 3485 3615 3547 ἐνὸς,
3659 3480 3846 3550 Ἰωνικὴ

2325 3573 2842 3643 προσαγορευθεῖσα·
2881 3574 3111 3626 κᾶπειτα
3137 3575 3172 3643 ὴ
3219 3574 3517 3643 Ἐλεατικὴ,
3563 3573 3845 3640 Ξενοφάνην

2319 3666 2410 3716 τὸν
2448 3663 2779 3731 Κολοφώνιον
2822 3665 3025 3734 πατέρα
3059 3665 3480 3734 ὲπιγραφομένη.
3519 3665 3671 3716 Ἀλλὰ
3699 3664 3785 3716 καὶ
3821 3665 3844 3714 ό

2320 3755 2515 3824 Θαλῆς,
2561 3753 2634 3816 ὣς
2671 3772 2812 3818 τινες
2855 3754 3139 3826 ἱστοροῦσι,
3167 3754 3342 3818 Φοίνιξ
3382 3751 3468 3825 ἦν’
3511 3755 3586 3816 ώς
3629 3755 3680 3807 δέ
3721 3770 3847 3814 τινες

2322 3845 2665 3913 ὑπειλήφασι,
2696 3844 2970 3916 Μιλήσιος.
3008 3846 3310 3912 Αἰγυπτίων
3337 3845 3392 3901 δὲ
3423 3847 3515 3898 καὶ
3539 3840 3687 3909 οὗτος
3709 3846 3845 3911 λέγε-

2319 3947 2407 3981 ται
2448 3933 2556 3992 τοῖς
2585 3933 2883 4002 προφήταις
2931 3931 3374 4001 συμϐεϐληκέναι.
3415 3934 3627 3996 Σόλωνα
3667 3935 3723 3986 δὲ
3765 3935 3847 3986 καὶ

2319 4020 2474 4071 αὐτὸν
2506 4021 2610 4073 τῶν
2653 4021 2789 4074 ἑπτὰ
2819 4022 3022 4090 Σοφῶν,
3065 4024 3122 4076 ὃν
3153 4024 3213 4094 δὴ
3246 4027 3338 4080 καὶ
3374 4026 3528 4093 λόγος
3567 4027 3845 4098 Ἀθηναίοις

2318 4110 2687 4180 νομοθετῆσαι,
2707 4114 3016 4180 Αἰγυπτίοις
3027 4115 3222 4183 ὁμοίως
3245 4116 3442 4186 φησὶνό
3456 4116 3676 4168 Πλάτων
3697 4132 3845 4186 προσ-

2319 4200 2620 4268 εσχηκέναι,
2662 4201 2892 4270 ὁπηνίκα
2939 4201 3095 4254 πάλιν
3139 4201 3310 4272 ᾧκουν
3351 4203 3585 4274 Ἑϐραῖοι
3649 4205 3741 4274 τὴν
3770 4202 3846 4255 Δί-

2316 4305 2534 4356 γυπτον.
2573 4291 2792 4358 Είσάγει
2833 4293 2876 4343 δ’
2913 4288 3004 4363 οὖιν
3036 4293 3194 4344 αὐτὸν
3239 4295 3297 4345 ὲν
3350 4296 3555 4363 Τιμαίῳ
3587 4297 3720 4365 πρὸς
3762 4294 3842 4346 τοῦ

2318 4368 3021 4453 βαρϐάρουίπαιδευόμενον,
3071 4385 3127 4434 ἐν
3157 4380 3238 4445 οἷς
3288 4401 3445 4454 φησιν
3492 4387 3520 4437 ό
3567 4387 3843 4454 Αἰγύπτιος

681 4473 769 4525 ubi
801 4472 1092 4541 plurimum
1123 4475 1382 4544 viguerat,
1409 4476 1649 4535 ltalicnm
1683 4479 2036 4547 appellarunt.
2073 4483 2208 4536 Tum

2324 4474 2446 4540 πρὸς
2473 4473 2666 4526 αύτόντ
2702 4492 2718 4523 t
2776 4470 2844 4525 ’Ὦ
2872 4475 3067 4535 Σόλων,
3101 4475 3295 4537 Σόλων,
3325 4477 3578 4546 ’Έλληνες
3617 4478 3702 4530 ἀεὶ
3731 4481 3844 4529 παῖ-

681 4563 909 4617 alterunt
942 4563 1070 4630 illud
1104 4574 1347 4620 secutum
1394 4578 1501 4634 est,
1539 4571 1680 4638 quod
1714 4568 1906 4625 Thales
1949 4586 1979 4624 e
2005 4582 2208 4642 septem

683 4653 1021 4722 Sapientibus
1052 4673 1191 4711 unus
1225 4658 1473 4722 instituit,
1503 4663 1750 4730 qquque
1792 4665 2040 4718 dixerunt
2071 4666 2212 4719 loni-
2254 4734 2257 4735 ν

678 4758 820 4797 cum.
849 4743 983 4799 Huic
1007 4749 1267 4801 successit
1295 4746 1606 4815 Eleaticum,
1638 4753 1781 4820 quod
1817 4740 2207 4823 Xenophanem

677 4830 1064 4901 Colophonium
1095 4845 1368 4905 parentem
1401 4837 1500 4891 sibi
1544 4841 1793 4897 vindicat.
1854 4843 2021 4897 Porro
2054 4843 2202 4897 Tha-

667 4925 753 4978 .les
781 4925 894 4992 ipse
918 4940 1151 4994 quoque,
1184 4927 1264 4980 vel
1300 4926 1548 4992 thnix,
1579 4938 1638 4982 ut
1667 4934 1905 4986 nonnulli
1947 4935 2205 4999 scribunt,

677 5013 760 5067 vel
791 5022 849 5066 ut
875 5014 997 5078 alii,
1045 5015 1281 5071 Milesius
1327 5017 1462 5072 fuit:
1513 5019 1758 5089 idemque
1787 5038 1907 5076 cum
1943 5021 2208 5093 [Egypliis

674 5103 831 5156 etiam
866 5103 1138 5171 prophetis
1165 5109 1552 5162 commercium
1579 5109 1834 5166 habuisse
1865 5112 2055 5169 fertur.
2085 5113 2204 5166 Jam

676 5191 951 5254 Solonem,
993 5207 1159 5246 unum
1211 5195 1335 5247 item
1375 5211 1406 5249 e
1442 5206 1644 5266 septem
1693 5198 1798 5252 illis
1843 5198 2204 5269 Sapientibus,

675 5297 938 5354 quemque
983 5285 1394 5341 Atheniensibus
1439 5289 1584 5358 leges
1631 5289 1818 5344 tulisse
1864 5290 2004 5346 fama
2051 5278 2200 5346 com-

678 5377 855 5429 munis
882 5384 982 5441 est,
1018 5374 1303 5446 Egyptiis,
1335 5393 1440 5444 quo
1484 5387 1720 5450 tempore
1758 5378 1962 5435 Hebraei
2013 5398 2202 5437 rursus

679 5461 958 5532 Egyptum
994 5465 1317 5528 incolebant,
1353 5462 1599 5522 similiter
1621 5470 1911 5526 inhaesisse'
1941 5473 2093 5526 testis
2121 5483 2204 5526 est

675 5550 844 5602 Plato.
879 5550 1012 5605 Eum
1059 5553 1274 5621 quidem
1336 5553 1387 5605 in
1445 5551 1657 5622 Timeo,
1713 5558 1866 5626 quasi
1909 5573 1938 5609 a
1973 5560 2200 5613 barbaro

671 5638 901 5705 quodam
950 5642 1245 5706 erudiatur,
1307 5642 1530 5707 inducit,
1587 5646 1674 5698 ubi
1730 5645 2008 5717 Egyptius
2062 5650 2200 5701 inter

669 5737 861 5783 caetera
909 5748 921 5782 :
983 5730 1068 5784 40
1119 5730 1303 5798 Solon,
1332 5733 1522 5798 inquit,
1571 5733 1753 5802 Solon,
1798 5739 1951 5802 pueri
1989 5754 2199 5804 semper

2312 4561 2397 4622 δές
2423 4563 2564 4625 ἐστε,
2593 4563 2768 4632 γέρων
2796 4563 2852 4614 δὲ
2901 4563 3160 4632 Ἐλλήνων
3205 4565 3396 4628 οὐδεὶς,
3425 4567 3543 4618 οὐδὲ
3575 4566 3687 4617 ἔστι
3730 4569 3842 4636 παρ’

2311 4652 2435 4721 ὑμῖν
2468 4653 2639 4722 χρόνῳ
2671 4653 2849 4704 πολιὸν
2882 4652 3122 4722 μάθημα.
3161 4673 3177 4703 ι
3215 4656 3320 4708 Καὶ
3350 4650 3503 4718 οὗτος
3545 4657 3601 4708 δὲ
3635 4660 3663 4710 6
3705 4657 3838 4708 Πλα-

2309 4747 2570 4806 των,·τοῖς
2605 4745 2661 4794 ὲν
2702 4743 2896 4812 Ἰταλία
2922 4743 3303 4814 Πυθαγορείοις
3328 4746 3604 4814 σχολάσας,
3629 4749 3688 4799 ού
3718 4749 3840 4818 μόνη

2310 4833 2371 4899 τῇ
2401 4830 2547 4902 παρὰ
2574 4832 2787 4893 τούτοις
2812 4832 3046 4903 ἠρκέσθη
3073 4834 3336 4906 διατριϐῇ.
3364 4837 3592 4902 Λέγεται
3619 4839 3674 4891 δὲ
3705 4841 3837 4900 61:3.-

2312 4937 2400 4988 ραι
2432 4923 2510 4984 εἰς
2545 4923 2830 4988 Αἴγυπτον,
2855 4925 2945 4976 καὶ
2973 4927 3038 4994 τῇ
3070 4925 3268 4980 τούτων
3296 4926 3576 5000 φιλοσοφίᾳ
3604 4931 3837 4984 πλεῖστον

2311 5013 2580 5081 ἀναθεῖναι
2595 5015 2983 5084 χρόνον.Τοῦτό
3000 5034 3078 5068 τοι
3094 5016 3187 5069 καὶ
3219 5019 3376 5082 αὐτὸς
3410 5025 3520 5087 τοῖς
3558 5023 3837 5094 βαρϐάροις

2308 5103 2570 5173 πολλαχοῦ
2616 5107 2720 5157 τῶν
2781 5107 2923 5160 ίό-ίων
2968 5108 3137 5174 λόγων
3161 5115 3440 5180 μαρτυρεῖ,
3488 5110 3560 5166 εὖ
3587 5132 3680 5186 μοι
3705 5114 3838 5167 δοκεῖ

2308 5194 2491 5258 ποιῶν,
2522 5195 2614 5247 καὶ
2637 5197 2700 5248 τὰ
2734 5196 2988 5248 κάλλιστα
3013 5199 3405 5270 ὲμπορευθῆναι
3432 5204 3511 5263 εἰς
3534 5202 3836 5270 φιλοσοφίαν

2308 5285 2455 5353 παρὰ
2502 5286 2604 5337 τῶν
2650 5286 2934 5358 βαρϐάρων
2987 5289 3334 5359 εὐγνωμόνως
3361 5294 3461 5345 οὐκ
3505 5295 3834 5366 ἀπαρνούμε-

2305 5392 2407 5436 νος.
2456 5375 2704 5427 Ἀκοῦσαι
2734 5376 2776 5426 δ’
2810 5375 2901 5429 οὖν
2933 5379 3090 5429 αὑτοῦ
3129 5381 3390 5451 πολλαχοῦ
3433 5384 3530 5450 μὲν
3563 5387 3833 5453 πάρεστιν,

2304 5467 2362 5516 οὐ
2412 5468 2514 5536 μὴν
2557 5466 2688 5523 ἀλλὰ
2734 5468 2826 5518 καὶ
2855 5469 2910 5535 ὲν
2951 5469 3299 5540 Ἐπιμενίδῃ,
3345 5474 3707 5544 Σύρωνὸμοῦ
3752 5477 3833 5528 καὶ

2303 5557 2606 5622 Αἰγυπτίων
2653 5551 2752 5609 ὧδὲ
2804 5575 2878 5627 πη
2913 5544 3387 5630 μνημονεύοντος
3447 5582 3465 5613 t
3530 5565 3728 5619 Τούτου
3783 5565 3831 5617 δὲ

2302 5645 2468 5706 αἴτιος
2508 5647 2535 5696 ό
2568 5646 2776 5716 πρῶτος
2813 5647 2980 5718 ταῦτα
3007 5629 3252 5715 κατιδὼν,
3299 5650 3567 5723 βάρϐαρος
3589 5653 3682 5708 ὢν.
3728 5656 3830 5708 Πα-

2302 5735 2446 5798 λαιὸς
2470 5736 2579 5806 γὰρ
2611 5737 2672 5806 δὴ
2703 5737 2863 5799 τόπος
2903 5738 3093 5808 ἔτρεψε
3119 5743 3242 5803 τοὺς
3281 5741 3530 5811 πρώτους
3558 5744 3725 5798 ταῦτα
3744 5746 3810 5797 ἐν
