4038 6330
158 422 278 478 785
1346 431 1662 484 PREPAR.
1695 429 1939 484 EVANG.
1982 431 2106 482 LIB.
2145 430 2208 487 Χ.
3243 427 3348 480 786

157 542 465 611 νοήσαντας
505 543 589 595 διὰ
620 545 678 596 τὸ
720 547 908 610 κάλλος
949 549 1046 616 τῆς
1089 548 1300 619 θερινῆς
1328 548 1491 620 ὥρας,
1527 552 1593 620 ἢν
1627 549 1696 600 Αἵ·

1819 549 1986 600 Graeci
2026 549 2175 611 estis,
2214 563 2382 616 neque
2416 562 2573 601 senex
2610 562 2639 599 e
2670 547 2821 599 vobis
2839 546 3145 614 quisquam,
3179 560 3348 612 neque

168 634 382 697 γυπτός
443 651 499 686 τε
545 635 704 705 Συρία
761 638 805 690 θ’
857 639 1053 702 ἱκανῶς
1099 640 1373 710 κέκτηται.
1422 642 1577 694 Ὀθεν
1620 632 1696 693 ’κα

1821 653 2009 690 canum
2062 640 2200 706 apud
2244 654 2337 691 vos
2391 638 2555 689 ullum
2602 635 2895 704 disciplina:
2939 651 3157 703 genus.)
3207 632 3346 697 Quin

159 727 494 797 πανταχόσε,
521 730 610 780 καὶ
633 729 806 798 δεῦρο,
831 731 1261 801 ἐξηκριὸασμὲνα
1290 733 1461 804 χρόνῳ
1486 737 1696 803 μυριετε

1818 729 1953 781 idem
1988 729 2100 796 ipse
2133 728 2302 791 Plato,
2342 744 2446 779 non
2496 736 2777 781 contentus
2816 742 2898 788 ea,
2941 741 3058 793 quae
3092 725 3192 778 sibi
3223 740 3344 777 cum

156 830 227 865 τε
272 816 364 868 καὶ
400 817 623 888 ἀπείρῳ.
657 839 674 870 ι
718 821 825 873 Καὶ
860 821 1060 883 ὑποϐὰς
1091 821 1214 891 ἑξῆς
1244 824 1477 890 ἐπιλέγει
1503 840 1515 852 ·
1560 842 1577 873 ι
1613 825 1718 875 Λά-

157 902 354 973 δωμεν
381 905 441 976 δὴ
475 907 547 969 ὡς
578 909 605 959 ὅ
633 909 685 960 τί
712 927 814 978 περ
852 911 916 963 ἂν
949 912 1200 981 Ἕλληνες
1250 912 1534 982 βαρϐάρων
1569 915 1716 984 πάρα

155 988 391 1052 λάϐωσι,
445 992 652 1045 κάλλιον
700 996 853 1048 τοῦτο
900 1000 976 1060 είς
1025 1000 1171 1062 τέλος
1221 1001 1632 1071 ἀπεργάζονται.
1690 1023 1708 1054 ι

157 1078 354 1130 Ταῦτα
382 1083 408 1133 ὁ
441 1083 679 1138 Πλάτων.
712 1087 818 1138 Καὶ
853 1090 1184 1159 Δημόκριτος
1226 1091 1281 1142 δὲ
1313 1092 1388 1142 ἔτι
1433 1094 1711 1163 πρότερον,

153 1169 293 1230 τοὺς
321 1170 664 1226 Βαϐυλωνίων
690 1176 874 1243 λόγους
897 1179 1115 1245 ἠθικοὺς
1137 1183 1457 1250 πεποιῆσθαι
1480 1183 1710 1249 λέγεται.

154 1259 276 1310 Καί
303 1278 399 1312 που
432 1265 817 1333 σεμνυνόμενος
846 1269 970 1339 περὶ
1000 1261 1197 1322 ἑαυτοῦ
1215 1288 1374 1339 φησιν
1392 1289 1404 1300 ·
1434 1290 1452 1321 ι
1498 1272 1634 1338 Ἐγὼ
1658 1273 1712 1324 δὲ

151 1343 281 1446 τῶν.
304 1349 419 1446 me:
446 1350 673 1446 ἐμαυτὸν
713 1353 1008 1424 ἀνθρώπων
1038 1357 1292 1429 πλείστην
1332 1361 1433 1429 γῆν
1478 1362 1711 1431 ὲπλανη-

155 1437 366 1502 σάμην,
401 1437 650 1508 ἱστορέων
682 1441 746 1494 τά
775 1445 1027 1513 μήκιστα,
1045 1448 1145 1504 ,καὶ
1169 1448 1335 1518 ἀέρας
1356 1467 1412 1500 τε
1440 1451 1532 1501 καὶ
1551 1450 1711 1518 γαίας

152 1521 415 1587 πλείστας
454 1522 610 1591 εἶδον,
659 1531 750 1581 καὶ
794 1532 985 1599 λογίων
1025 1534 1228 1606 ἀνδρῶν
1277 1537 1534 1589 πλείστων
1575 1541 1708 1608 ἐπή-

149 1626 350 1677 κουσα,
390 1619 480 1668 καὶ⁸
525 1622 826 1688 γραμμέων
850 1624 1146 1687 συνθέσεως
1201 1628 1314 1696 μετ’
1368 1629 1704 1692 ἀποδείξεως,

147 1701 336 1767 οὐδεὶς
362 1706 502 1776 κάμὲ
529 1711 885 1780 παρήλλαξεν.
917 1712 1034 1767 οὔτε
1083 1720 1385 1785 Αἰγυπτίων
1428 1722 1475 1772 οἱ
1518 1721 1706 1773 καλού-

153 1806 314 1859 μενοι
358 1795 835 1866 Ἀρσεπεδονάπται
865 1802 1092 1876 (22-25),
1137 1803 1216 1869 οἷς
1262 1811 1352 1861 ἐπὶ
1407 1813 1566 1864 πᾶσιν
1618 1813 1701 1863 ἐπ’

1815 815 2159 884 Pythagoreis
2183 816 2232 867 in
2261 815 2408 867 Italia
2441 813 2632 878 fuerat,
2676 813 3077 873 consuetudine,
3105 810 3157 861 in
3187 807 3345 876 Egy-

1815 918 1962 975 ptum
1995 907 2291 971 navigasse,
2318 921 2379 959 ac
2413 905 2595 974 perdiu
2651 904 2701 956 in
2731 918 2917 956 eorum
2953 899 3344 971 pliilOSOphiam

1816 997 2122 1051 incubuisse
2149 997 2363 1050 dicitur.
2416 995 2588 1062 Atque
2612 994 2713 1046 hoc
2737 993 2847 1061 ipse
2878 991 3182 1045 testimonio
3228 988 3370 1059 plu-I

1816 1089 1966 1141 ribus
1993 1101 2213 1155 operum
2259 1101 2481 1139 suorum
2513 1086 2643 1138 locis
2691 1084 2948 1136 barbaros
2986 1063 3342 1155 cohbnestat;

1812 1193 1918 1247 quo
1970 1177 2022 1229 in
2083 1191 2274 1244 genere
2322 1174 2626 1236 laudabilis,
2681 1188 2802 1226 meo
2854 1170 3068 1239 quidem
3118 1169 3342 1236 judicio,

1811 1276 1911 1331 est,
1947 1267 2072 1319 dum
2096 1265 2304 1333 egregia
2331 1264 2493 1329 animi
2522 1264 2791 1330 aequitate,
2823 1257 3200 1328 pulcherrimis
3223 1270 3341 1309 sese

1811 1373 1873 1410 ae
1923 1353 2383 1424 przestantissimis
2417 1351 2767 1421 philosophia:
2809 1350 3001 1418 opibus
3027 1365 3056 1401 a
3101 1345 3343 1400 barbaris
3429 1369 3434 1376 -

1808 1446 2126 1498 instructum
2166 1457 2283 1496 esse
2311 1425 2613 1494 conﬁtetur;
2649 1440 2788 1493 Sane
2824 1454 2948 1492 vero
2981 1438 3128 1490 illum
3156 1434 3343 1488 audias

1810 1553 1930 1590 cum
1973 1537 2101 1589 alibi
2155 1535 2378 1603 passim,
2416 1543 2528 1586 tum
2572 1533 2731 1585 etiam
2784 1533 2836 1582 in
2885 1526 3202 1597 Epimenide,
3240 1526 3342 1579 hoc

1806 1627 1916 1680 fere
1946 1626 2106 1679 modo
2146 1625 2211 1678 de
2247 1623 2397 1694 Syris
2427 1622 2795 1693 Egyptiisque
2825 1622 3162 1689 loquentem:
3216 1619 3343 1670 «At-

1805 1731 1908 1785 que
1936 1717 2096 1784 hujus
2129 1717 2204 1768 rei
2232 1724 2439 1780 auctor,
2473 1715 2667 1782 inquit,
2709 1713 2969 1766 barbarus
3011 1711 3058 1764 is
3092 1708 3210 1775 fuit,
3247 1710 3340 1778 qui

1806 1809 2053 1877 princeps
2084 1799 2184 1860 ista
2214 1807 2532 1874 perviderat.
2555 1803 2665 1856 Hos
2692 1804 2831 1856 enim
2863 1803 2994 1854 aluit
3035 1807 3338 1869 pervetusta

308 1881 628 1970 ’ἀγδοήκοντα
659 1890 748 1941 ἐπὶ
781 1891 936 1960 ξένης
967 1894 1245 1964 ἐγενήθην.
1284 1915 1302 1946 ι
1353 1899 1573 1965 Ἔτι-ἦλθε
1603 1898 1696 1970 γὰρ

1808 1899 1974 1967 regio,
2006 1898 2096 1966 qui
2131 1907 2341 1964 propter
2367 1896 2561 1949 zestiva:
2594 1894 2920 1962 tempestatis
2951 1890 3335 1950 ammnitatem,

146 1967 254 2019 καὶ
277 1961 426 2034 οὗτος
457 1972 746 2028 Βαϐυλῶνά
792 1995 849 2029 τε
884 1980 975 2031 καὶ
1016 1961 1121 2051 τὴν.
1142 1961 1392 2053 Περσίδα,
1423 1961 1514 2039 καὶ
1545 1961 1707 2056 Miro-

147 2071 312 2162 πτρν,
353 2062 464 2123 τοῖς
511 2079 569 2114 τε
621 2065 928 2131 Αἰγυπτίοις
991 2071 1084 2121 καὶ
1129 2075 1237 2135 τοῖς
1285 2074 1486 2144 ἱερεῦσι
1534 2077 1705 2147 μαθη-

143 2152 348 2204 τεύων.
385 2152 448 2204 Τί
497 2155 551 2206 δὲ
596 2158 646 2209 εί
691 2175 772 2210 σοι
822 2163 1167 2233 καταλέγοιμι
1221 2166 1560 2235 Ἡράκλειτον
1613 2171 1704 2221 καὶ

145 2241 283 2304 τοὺς
324 2243 512 2329 ἄλλους
572 2249 852 2320 Ἑλλήνων,
905 2254 970 2305 δι’
1017 2249 1090 2308 ὧν
1126 2257 1477 2328 ἀπελέγχεται
1510 2263 1540 2329 ἡ
1575 2263 1701 2331 παρ’

148 2332 382 2402 Ἕλλησι
415 2337 654 2391 πολιτεία
681 2340 768 2392 τὸν
795 2345 999 2415 μακρὸν
1024 2347 1192 2401 αἰῶνα
1222 2351 1581 2419 πτωχεύουσα,
1609 2353 1702 2404 καὶ

147 2423 906 2527 γφμχὴκπαντὸςμμαθήματος
938 2437 1343 2507 ἀπολειφθεῖσα;
1390 2441 1569 2512 Ἰεροῖς
1605 2444 1700 2511 μὲν

140 2514 244 2565 οὖν
278 2514 434 2582 θεῶν,
471 2519 740 2590 ἀγάλμασί
771 2541 828 2576 τε
859 2526 950 2578 καὶ
982 2527 1310 2598 ἀφιδρύσεσι,
1341 2532 1614 2600 μαντείαις
1640 2551 1699 2585 τε

142 2605 247 2655 καὶ
291 2611 570 2676 χρησμοῖς,
603 2612 694 2663 καὶ
735 2612 810 2682 τῷ
854 2616 1029 2685 πολλῷ
1069 2619 1219 2687 τύφῳ
1250 2615 1699 2677 τῶν-λαοπλάνων

139 2695 416 2767 δαιμόνων
444 2703 852 2769 ἐκαλλωπίζετο,
871 2709 1056 2776 σοφίας
1083 2711 1139 2764 δὲ
1174 2713 1398 2784 ἀληθοῦς
1422 2716 1512 2767 καὶ
1537 2717 1699 2787 μαθή-

145 2806 325 2874 ματος
371 2792 660 2861 βιωφελοῦς
686 2801 764 2860 εἰς
796 2799 856 2850 τὸ
881 2801 1135 2864 παντελὲς
1167 2807 1438 2876 ἐχήρευεν.
1472 2809 1602 2861 Οὺδέ
1647 2828 1697 2862 τι

142 2881 293 2951 πρὸς
315 2882 529 2951 ἀγαθῶν
558 2887 725 2956 λόγων
752 2890 964 2960 εὕρεσιν
998 2895 1174 2957 αὐτοῖς
1203 2897 1270 2949 τά
1301 2899 1541 2969 ἄχρηστα
1567 2917 1698 2971 χρη-ἰν

144 2973 350 3042 στήρια
395 2979 768 3034 συνεϐάλλετο’
803 2984 915 3036 ἀλλ’
966 2986 1071 3037 οὐδ’
1117 2987 1274 3049 αὐτὸς
1319 2989 1346 3038 ὁ
1390 2989 1696 3058 θαυμαστὸς

141 3063 351 3127 Πύθιος
395 3069 471 3131 εἰς
520 3070 828 3140 φιλοσοφίαν
860 3075 1050 3137 αὐτοὺς
1085 3067 1145 3127 τὸ
1187 3079 1440 3146 παράπαν
1479 3079 1691 3147 ὠφέλει,

139 3154 274 3206 οὐδέ
314 3172 393 3218 τις
422 3159 577 3231 ἀλλος
620 3160 753 3215 θεῶν
788 3164 968 3226 αὐτοῖς
999 3168 1075 3227 εἰς
1102 3169 1390 3235 ἀναγκαίου
1415 3169 1553 3232 τινος
1577 3173 1694 3221 ὲπι-

139 3243 394 3308 τήδευσιν
424 3251 702 3320 συνήργει·
734 3253 998 3323 ἀλώμενοι
1021 3249 1075 3308 δὲ
1097 3251 1196 3308 ὧδε
1225 3259 1462 3321 κάκεῖσε,
1493 3259 1694 3313 καὶτὸν

142 3330 268 3400 βίον
312 3333 517 3388 ἅπαντα
549 3342 974 3412 περιτρέχοντες,
1002 3347 1292 3417 ἀλλοτρίοις
1326 3348 1527 3411 πτίλοις
1560 3353 1695 3418 σφᾶς

138 3425 347 3488 αὐτοὺς
370 3428 702 3500 ὲφαίδρυνον,
728 3435 866 3503 κατά
893 3437 982 3487 τὸν
1011 3436 1173 3505 μῦθον
1193 3455 1205 3466 ·
1234 3437 1368 3490 ὥστε
1399 3441 1574 3502 αὐτοῖς
1597 3441 1694 3511 ἤδη

139 3517 248 3586 τὴν
300 3520 475 3572 πᾶσαν
521 3523 828 3592 φιλοσοφίαν
879 3525 934 3591 ἐξ
984 3527 1169 3596 ἐράνου
1220 3529 1491 3598 συστῆναι.
1532 3530 1695 3583 Ἀλλα

137 3607 260 3678 γὰρ
305 3613 428 3672 παρ’
457 3611 626 3666 ἄλλων
669 3616 1100 3688 ἀποματτόμενοι
1147 3620 1696 3692 μαθήματα,’γεωμε-

138 3700 306 3768 τρίαν
351 3703 447 3769 μὲν
488 3705 616 3774 παρ’
662 3707 970 3774 Αίγυπτίων
1017 3709 1205 3779 ἔσχον,
1253 3713 1600 3782 ἀστρολογίαν
1639 3714 1693 3764 δὲ

139 3791 302 3860 παρά
341 3792 643 3856 Χαλδαίων,
673 3798 763 3848 καὶ
811 3794 877 3849 αὖ
908 3799 1062 3850 πάλιν
1096 3800 1252 3871 ἕτερα
1286 3805 1415 3871 παρ’
1460 3804 1657 3872 ἐτέρων
1677 3819 1689 3830 ο

136 3882 298 3935 ME:
323 3881 378 3934 δὲ
408 3885 555 3954 παρά
582 3903 722 3938 τισιν
744 3887 938 3952 ἄλλοις,
975 3885 1083 3940 οἶόν
1105 3906 1248 3953 τινες
1277 3891 1448 3943 αὐτῶν
1476 3892 1534 3943 τὸ
1565 3893 1690 3960 παρ’

156 3971 423 4042 Ἑϐραίων
467 3976 664 4042 ἀγαθὸν
695 3977 932 4048 εὕροντο.
970 3978 1136 4032 Τοῦτο
1180 3980 1234 4032 δὲ
1279 3977 1344 4050 ἦν
1395 3982 1544 4051 ήτοῦ
1586 3983 1692 4036 τῶν

139 4064 287 4118 ὅλων
333 4064 464 4118 Θεοῦ
500 4067 714 4134 γνῶσις,
751 4072 905 4139 κα.ὶή
952 4069 1056 4122 τῶν
1104 4072 1314 4125 οἰκείων
1348 4072 1480 4126 θεῶν
1531 4076 1694 4128 κατά-

137 4165 364 4221 γνωσις,
389 4157 454 4225 ἥν
486 4159 674 4228 μικρὸν
704 4159 800 4229 μὲν
825 4162 943 4213 ὅσον
973 4164 998 4213 ὁ
1021 4161 1173 4229 λόγος
1203 4163 1400 4233 προῖὼν
1418 4165 1690 4229 ἐπιδείξει.

140 4245 414 4297 Τοσοῦτον
446 4247 501 4299 δὲ
532 4249 622 4301 ἐπὶ
666 4251 759 4302 τοῦ
809 4251 1073 4322 παρόντος
1109 4255 1232 4316 τοὺς
1276 4256 1691 4324 ἐντυγχάνοντας

138 4335 584 4404 ἐπισημαίνεται,
617 4339 692 4400 ὡς
715 4341 776 4393 οὐ
808 4342 970 4410 μόνης
1009 4344 1296 4411 ἐστέρηντο
1321 4346 1416 4412 τῆς
1460 4344 1689 4413 ἀληθοῦς

137 4422 420 4489 θεολογίας
472 4426 520 4478 οἱ
573 4427 784 4480 παλαιοὶ
821 4429 925 4481 τῶν
979 4428 1254 4498 Ἑλλήνων,
1299 4431 1429 4483 ἁλλά
1469 4434 1689 4485 καὶτῶν

1806 2004 1922 2056 quae
1958 1990 2186 2041 maxime
2214 1988 2264 2038 in
2291 1985 2448 2056 472
2488 1985 2716 2054 Egypto
2742 1999 2805 2036 ac
2833 1983 2985 2054 Syria
3015 1990 3116 2044 est,
3151 1995 3336 2035 eorum

1804 2078 1962 2146 primi
2005 2078 2124 2141 ,vim
2176 2086 2333 2144 atque
2394 2074 2650 2127 rationem
2692 2075 2871 2126 animo
2906 2070 3194 2124 informare
3247 2084 3337 2138 po-

1807 2178 2058 2222 tuerunt:
2094 2167 2232 2219 unde
2277 2165 2434 2219 etiam
2474 2165 2563 2216 illa
2595 2163 2843 2230 deinceps
2872 2162 3076 2214 infinito
3100 2160 3210 2229 jam
3239 2174 3333 2212 ex-

1803 2260 2009 2329 plorata
2057 2269 2312 2325 tempore,
2345 2271 2407 2310 ac
2452 2253 2813 2307 maturitatem
2860 2259 3105 2306 assecuta
3153 2263 3327 2311 suam,

1802 2367 1920 2405 cum
1952 2350 2016 2402 ad
2063 2358 2244 2417 gentes
2277 2349 2430 2410 alias,
2469 2355 2578 2398 tum
2613 2346 2677 2398 ad
2733 2359 2830 2398 nos
2868 2344 3027 2397 etiam
3081 2355 3336 2409 pervene-

1801 2449 1942 2494 runt.
2001 2438 2160 2491 »Τυηι
2190 2439 2347 2507 paulo
2390 2445 2511 2503 post
2543 2436 2613 2488 ita
2645 2433 2847 2503 colligit
2874 2451 2916 2484 τι
2971 2430 3107 2498 Ergo
3149 2442 3334 2482 secure

1800 2529 2207 2592 concludamus,
2249 2538 2584 2594 quaecunque
2627 2522 2794 2576 Graeci
2840 2537 2869 2573 a
2898 2519 3146 2572 Barbaris
3177 2531 3332 2571 acce-

1799 2620 1992 2688 perint,
2021 2636 2079 2672 ea
2112 2618 2319 2672 tandem
2351 2617 2494 2685 ipsos
2518 2615 2690 2668 facere
2718 2613 2991 2666 meliora.»
3032 2609 3121 2661 Sic
3152 2607 3330 2661 Plato.

1798 2708 1938 2774 Quin
1985 2708 2143 2761 etiam
2179 2716 2301 2759 ante
2349 2704 2649 2764 Platonem,
2711 2700 3072 2753 Democritum
3132 2696 3329 2758 ferunt,

1797 2801 2211 2870 Babyloniorum
2259 2799 2324 2852 de
2368 2798 2610 2850 moribus
2645 2793 3034 2863 disputationes
3077 2789 3331 2850 edidisse,

1797 2894 2038 2959 adeoque
2100 2892 2241 2942 hunc
2284 2889 2335 2940 in
2368 2887 2586 2940 modum
2638 2885 2749 2952 ipse
2793 2881 2989 2935 alicubi
3035 2880 3328 2947 gloriatur:

1800 2983 1978 3046 «Plus,
2032 2983 2222 3051 inquit,
2297 2997 2394 3049 ego
2453 2987 2719 3031 terrarum
2785 2973 2913 3037 obii,
2970 2987 3132 3040 quam
3190 2969 3331 3020 ullus

1795 3075 2113 3145 aequalium;
2175 3069 2599 3141 disjunctissima
2653 3079 2878 3134 quazque
2927 3059 3168 3123 lustravi,
3211 3058 3328 3111 ραιιί

1797 3167 2005 3235 solique
2054 3180 2246 3233 genera
2304 3160 2529 3230 cognovi
2587 3155 3002 3227 quamplurima,
3089 3150 3330 3204 eruditos

1796 3258 2043 3312 homines
2073 3251 2367 3321 permultos
2415 3249 2748 3311 audivi,-nec
2796 3246 2848 3296 in
2884 3240 3140 3296 ducendis
3182 3254 3323 3292 com-

1796 3345 2175 3410 mittendisque
2216 3340 2389 3402 lineis,
2430 3338 2513 3391 vel
2543 3350 2754 3404 eorum,
2784 3333 2875 3401 qui
2905 3331 3043 3399 apud
3078 3327 3322 3398 Egytios

1793 3433 2238 3501 Arsepedonaptae
2269 3427 2633 3489 nominantur,
2679 3425 2963 3493 quisquam
2997 3434 3082 3474 me
3110 3421 3329 3473 demum

1796 3526 2117 3582 strationum
2175 3520 2493 3576 certitudine
2528 3516 2836 3587 superabat,
2894 3513 3090 3581 quibus
3125 3513 3177 3564 in
3209 3525 3324 3563 om-

1796 3618 1957 3672 nibus
1985 3615 2051 3668 ad
2103 3629 2276 3668 annos
2327 3612 2620 3680 octoginta,
2677 3607 2989 3676 peregrinus
3028 3605 3327 3670 hospesque

1793 3714 2036 3760 versatus
2063 3720 2202 3756 sum.
2245 3721 2262 3752 ›
2300 3701 2580 3754 Enimvero
2623 3697 2941 3766 Babylonem
2967 3695 3064 3746 iste
3092 3706 3324 3760 quoque,

1793 3797 2084 3859 Persidem,
2136 3793 2532 3864 Egyptumque
2581 3786 2900 3859 peragravit,
2959 3781 3329 3852 Egyptiisque

1793 3902 1855 3940 ac
1877 3885 2245 3940 sacerdotibus
2280 3897 2500 3952 operam
2541 3880 2704 3934 dedit.
2745 3878 2880 3944 Quid
2933 3876 2976 3930 si
3003 3874 3324 3928 lleraclitum

1791 3987 2119 4045 earterosque
2161 3975 2372 4030 Graecos
2423 3973 2517 4027 tibi
2557 3985 2991 4031 commemorem,
3028 3984 3092 4020 ex
3132 3964 3324 4033 quibus

1793 4068 2074 4122 manifeste
2099 4066 2270 4137 quivis
2294 4064 2571 4132 intelligat,
2601 4061 2906 4117 Graecorum
2930 4055 3316 4137 rempublicam

1795 4174 2005 4214 summa
2052 4157 2271 4230 penuria
2303 4154 2607 4209 diutissime
2658 4133 2957 4211 laborasse,
3009 4154 3168 4213 atque
3209 4158 3324 4196 om-

1793 4250 1951 4303 nibus
2006 4247 2304 4314 disciplinis
2354 4259 2573 4298 vacuam
2631 4241 2938 4308 nudamque
2985 4237 3325 4307 perstitisse?

1794 4339 1974 4392 Saeris
2017 4337 2264 4389 videlicet
2304 4337 2582 4388 numinum
2629 4332 2932 4387 simulacris
2969 4329 3168 4397 passim
3213 4326 3320 4380 eri-

1791 4429 1997 4499 gendis,
2027 4426 2502 4482 vaticinationibus
2539 4433 2592 4478 et
2651 4423 2906 4486 oraculis,
2958 4430 3115 4488 atque
3147 4416 3322 4472 ambi'?

140 4515 430 4585 φιλοσοφίᾳ
468 4501 878 4571 λυσιτελούντων
911 4519 1260 4589 μαθημάτων,
1290 4524 1381 4574 καὶ
1422 4524 1539 4576 οὐδὲ
1571 4525 1688 4576 τού-

1797 4522 1928 4575 liosa
1963 4520 2050 4572 illa
2096 4518 2363 4572 fallacium
2399 4531 2461 4569 ac
2503 4513 2964 4569 fraudulentorum
3016 4508 3318 4563 daamonum

138 4623 255 4659 των
283 4607 456 4676 μόνον,
487 4608 620 4661 ἀλλά
657 4610 748 4663 καὶ
782 4612 888 4678 τῶν
922 4617 1110 4668 κοινῶν
1136 4613 1227 4666 καὶ
1253 4613 1540 4667 πολιτικῶν
1578 4620 1692 4670 ἐπι-

137 4696 510 4767 τηδευμάτων.
584 4700 848 4771 Ἡγοῦμαι
894 4702 948 4755 δέ
998 4720 1084 4773 μοι
1119 4703 1273 4762 τήνδε
1307 4703 1689 4773 συμϐαλεῖσθαι

137 4789 242 4859 τὴν
261 4789 555 4859 σημείωσιν
584 4793 663 4855 εἰς
685 4794 952 4866 ἀπόδειξιν
970 4794 1064 4847 τοῦ
1088 4797 1439 4866 προκειμένου
1468 4797 1685 4850 σκοποῦ’

138 4857 278 4949 εἰήδὴ
306 4857 586 4948 πρόκειταί
628 4884 734 4936 τὸν
769 4857 1140 4968 ὰπξλογισμὸν
1178 4857 1448 4956 ὑποσχεῖν,
1476 4887 1568 4940 τοῦ
1617 4889 1689 4959 μὴ

138 4971 352 5040 ἀλόγως
373 4973 520 5042 ἡμᾶς
549 4974 801 5046 τὴν-παρῖ
840 4977 1104 5047 Ἑϐραίοις
1133 4978 1423 5045 θεολογίαν,
1459 4981 1550 5031 καὶ⁵
1570 4981 1685 5050 τὴν,

139 5063 220 5124 ὡς
247 5061 316 5114 ἂν
336 5062 687 5130 αὑτοὶφαῖεν,
722 5065 988 5136 βάρϐαρον
1019 5067 1116 5135 τῆς
1148 5065 1461 5135 Ἑλληνικῆς
1492 5085 1686 5138 προτε-

137 5147 430 5219 τιμηκέναι
475 5151 802 5221 φιλοσοφίας.
853 5157 914 5208 Et
948 5155 1074 5224 γοῦν
1118 5155 1328 5223 ὀφθεῖεν
1374 5158 1524 5209 αὐτοὶ
1555 5160 1684 5213 πολὺ

141 5241 409 5311 πρότερον
434 5241 502 5294 τὰ
520 5243 876 5316 ’πάνταπαρά
918 5247 1200 5320 βαρϐάρων
1230 5249 1682 5318 έσκευωρημένοι,

143 5324 311 5400 μηδὲν
331 5329 388 5383 δὲ
413 5330 529 5399 μηδ’
559 5331 693 5394 ὅλως
716 5331 878 5404 παράτ
908 5336 1012 5390 τῶν
1040 5337 1246 5390 οἰκείων
1268 5335 1401 5388 θεῶν
1434 5339 1512 5399 εις
1541 5340 1685 5406 φιλο-

171 5643 175 5647 ,
211 5570 426 5651 βεςὲὄξ
441 5569 985 5651 ’ᾼρσεξεδονάπταμ
1006 5573 1444 5651 Arsepedonaptze
1457 5575 1543 5641 qui
1559 5590 1682 5651 pro-

144 5643 261 5715 prie
297 5641 522 5715 fuerint,
564 5641 992 5715 adh'ucquaro,
1037 5641 1188 5696 Alter
1221 5647 1505 5715 manuser.
1557 5641 1682 5710 legit

153 5709 624 5790 ’Λρσεῖξεδονάπαῃ
674 5712 779 5790 ειειὶ
816 5713 866 5763 in
903 5711 1042 5789 dedit.
1080 5712 1468 5790 τιθείη-χηρείᾳ
1493 5709 1677 5781 ae'qUi-

139 5775 283 5838 esca.
323 5775 456 5846 Vox,
486 5781 708 5843 opinor,
743 5779 944 5835 Graeca
973 5788 1070 5845 est,
1099 5798 1207 5838 non
1247 5775 1594 5841 Em’ﬁtiacal
1628 5793 1681 5837 et

1794 4611 1971 4680 specie
1994 4603 2354 4678 gloriabatur;
2401 4619 2538 4658 verae
2572 4603 2863 4671 sapientiae,
2896 4598 3176 4665 omnisque
3213 4609 3319 4647 omo

1789 4704 1919 4756 nino
1960 4699 2233 4760 doctrinm,
2268 4697 2406 4750 unde
2439 4694 2644 4747 fructus
2691 4693 2745 4744 in
2792 4691 2957 4743 vitam
2991 4687 3188 4754 aliquis
3233 4699 3319 4738 re-

1788 4793 2012 4857 dundet,
2067 4789 2328 4859 praesidiis
2371 4786 2604 4840 carebat.
2640 4770 2747 4836 Nec
2783 4794 2912 4834 vero
2938 4778 3230 4847 quidquam
3256 4775 3322 4830 iis

1789 4884 1854 4938 ad
1902 4882 2036 4949 bene
2069 4878 2464 4946 prudenterque
2519 4862 2855 4938 sentiendum
2902 4869 3088 4921 inanes
3129 4880 3318 4920 oracu-

1787 4975 1958 5028 lorum
1983 4983 2140 5022 voces
2170 4965 2536 5020 conducebant
2559 4982 2571 5021 :
2606 4964 2716 5017 imo
2741 4976 2808 5015 ne
2830 4958 3075 5028 egregius
3104 4959 3316 5027 quidem
3339 5002 3341 5005 .

1788 5066 1875 5119 ille
1900 5062 2140 5132 Pythius,
2165 5061 2230 5114 ad
2265 5056 2636 5128 philosophiae,
2671 5061 2764 5108 aut
2801 5052 2942 5108 alius
2963 5067 2993 5107 e
3035 5047 3137 5104 diis
3170 5049 3314 5122 quis-

1786 5171 1968 5225 quam,
1995 5167 2088 5208 eos
2119 5152 2184 5205 ad
2214 5152 2375 5205 ullius
2414 5149 2500 5203 rei-
2536 5147 2852 5202 necessaria)
2897 5143 3188 5214 parandam
3223 5153 3314 5192 eo.

1787 5247 1928 5314 piam
1978 5241 2219 5310 juvabat.
2271 5238 2374 5294 Sed
2425 5235 2572 5314 vario
2603 5233 2730 5289 huc
2761 5243 2929 5303 atque
2961 5233 3087 5286 illuc
3131 5243 3312 5283 errore

1781 5333 1988 5406 iactati,
2023 5349 2084 5388 ac
2129 5341 2238 5400 toto
2273 5333 2392 5387 vita:
2414 5315 2805 5397 chattempore
2834 5326 3222 5385 discursantes,
3247 5334 3309 5374 ex

1782 5571 2047 5636 fortassis,
2079 5586 2142 5624 ex
2185 5569 2370 5636 tribus,
2399 5565 2571 5636 ἄρσις,
2608 5565 2787 5636 πέδον,
2812 5575 2862 5617 et
2905 5563 3310 5636 ἥπτιυροηψαι

1785 5640 1886 5697 sita
1917 5660 1930 5694 :
1970 5631 2453 5710 erantuenim‘isti'
2481 5633 2980 5710 mathematicorum
3024 5631 3154 5710 ﬁlii“
3186 5631 3306 5704 περὶ

1780 5713 1884 5794 τῷν
1917 5708 2185 5780 γραμμῶν
2216 5702 2483 5768 συνθέσεις
2509 5705 2749 5772 occupati
2780 5711 2835 5758 ut
2863 5705 2937 5759 ait
2962 5703 3097 5772 ipse'
3125 5702 3307 5759 Demos

1781 5791 1969 5839 critus.
2413 5813 2416 5816 λ
2461 5813 2463 5818 ‘
