3994 6340
111 379 212 432 789

1279 379 1595 434 l‘lUEPAR.
1640 381 1885 437 EVANG.
1927 383 2054 441 LIB.
2093 384 2152 436 Χ.

3211 369 3309 427 796

111 495 138 547 ὃ
158 497 314 546 ἐστιν
343 494 517 562 ὅμως·
551 494 737 547 ἒπειτα
767 491 894 546 λὰὸδ
920 495 1094 565 (24),ὄ
1117 496 1419 573 ὲστιμάθε·
1452 499 1509 550 τὸ
1531 499 1668 564 ὅλον,

1780 501 2072 567 tnumjoth,
2097 497 2239 568 quod
2274 497 2511 550 redditur
2533 497 2845 564 principium
2872 512 2888 556 ;
2924 494 3189 562 quaeduo,
3209 493 3310 545 Bo-

117 589 308 654 Ὅμως
341 585 494 655 μάθε.
523 585 673 638 Μετὰ
735 585 899 638 ταῦτα
932 587 1365 656 τρισκαιδέκατον
1412 591 1667 658 στοιχεῖόν

113 677 222 728 ἐστι
265 675 329 728 τὸ
351 675 486 746 μὴμ,
512 677 539 728 ὃ
573 678 714 728 ἐστιν
743 677 810 739 ἐξ
838 676 1061 729 αὐτῶν·
1091 677 1278 730 ἔπειτα
1314 678 1497 743 νοῦν,ὃ
1525 683 1667 732 ἐστιν

113 768 354 819 alma-Ia“
385 763 501 819 εἶτα
526 765 691 835 σάμχ,
722 766 749 817 ὃ
769 766 1120 835 ἑρμηνεύεται
1155 769 1432 836 βοήθεια·
1461 766 1578 843 ἵν”ᾖ
1608 769 1667 822 τὸ

115 855 431 926 λεγόμενον·
475 855 561 920 Ἐξ
591 855 765 908 αὐτῶν
786 857 974 908 αἰωνία
1016 857 1252 928 βοήθεια.
1296 861 1416 912 Ἐπὶ
1453 861 1665 924 τούτοις

115 947 172 996 τὸ
203 945 360 1007 ᾶῖν,ὂ
389 944 720 1015 μεταληφοὲν
751 947 1000 1016 σημαίνει
1033 948 1305 1018 πηγὴν-,ἢ
1337 952 1662 1020 ὀφθαλμόν·

118 1036 308 1088 ἔπειτα
368 1036 428 1086 τὸ
461 1036 552 1104 φῆ,
583 1037 774 1102 στόμα
795 1052 808 1065 ·
842 1032 937 1088 εἷθ’
968 1036 1112 1106 ἑξῆς,
1136 1039 1194 1089 τὸ
1229 1039 1379 1107 σάδη,
1407 1038 1669 1092 dducam-

117 1126 318 1192 σύν-ην
340 1141 353 1154 ⁸
377 1120 448 1177 ὦν
497 1128 529 1195 ἡ
563 1125 766 1178 διάνοια
809 1127 955 1178 ἐστι’
985 1128 1157 1197 Πηγὴ,
1192 1128 1224 1197 ἣ
1259 1129 1352 1180 καὶ
1375 1127 1664 1198 ὀφθαλμὸς,

118 1217 207 1267 καὶ
243 1215 414 1284 στόμα
438 1215 795 1286 δικαιοσύνης.
845 1217 996 1270 Μετὰ
1045 1217 1213 1270 ταῦτα
1257 1220 1511 1287 στοιχεῖόν
1555 1221 1666 1271 ἐστι

118 1309 258 1377 κὼφ,
285 1308 314 1360 ὃ
339 1309 687 1378 ἑρμηνεύεται
715 1310 963 1376 κλῆσις·
995 1312 1180 1364 ἔπειτα
1216 1314 1332 1383 ρὴς,
1365 1314 1394 1366 ὃ
1428 1317 1540 1366 ἐστι
1572 1332 1667 1366 κε-

118 1397 276 1464 φαλή
298 1413 310 1423 ’
338 1398 429 1449 καὶ
449 1397 583 1467 μετὰ
614 1397 784 1449 ταῦτα
815 1400 920 1461 σεν,
954 1401 1088 1469 ὅπερ
1119 1400 1260 1452 ἐστὶν
1278 1399 1514 1464 ὀδόντες
1537 1418 1548 1429 ·
1577 1403 1666 1453 ἐπὶ

122 1490 247 1539 πᾶσι
277 1486 337 1539 τὸ
365 1486 445 1538 κ6’
482 1489 735 1555 στοιχεῖον
768 1486 1004 1538 καλεῖται
1027 1490 1152 1558 παρ’
1172 1490 1351 1550 αὐτοῖς
1375 1487 1497 1554 Οαῦ,
1521 1489 1548 1539 ὃ
1571 1488 1666 1558 δη-

119 1576 197 1628 λοῖ
221 1577 473 1644 σημεῖαο
526 1576 634 1646 ἔχοι
678 1578 721 1630 δ’
745 1576 808 1629 ἂν
864 1580 896 1646 ἡ
927 1577 1154 1630 διάνοια·
1191 1579 1394 1648 Κλῆσις
1434 1579 1667 1647 κεφαλῆς

123 1668 210 1718 καὶ
232 1668 458 1719 ὀδόντων
500 1671 713 1738 σημεῖα.
748 1669 855 1720 Καὶ
900 1668 1044 1739 παρά
1079 1669 1176 1738 μὲν
1208 1669 1474 1735 Ἑϐραίοις
1495 1670 1666 1723 τοιάδε

121 1757 198 1818 τίς
222 1759 422 1826 ἐστινὴ
454 1757 558 1809 τῶν
591 1757 860 1826 στοιχείων
891 1759 1221 1829 μετάφρασις
1253 1761 1343 1812 καὶ
1387 1761 1664 1830 ἑρμηνεία,

56 1888 62 1893 .
121 1849 275 1915 λόγου
324 1848 554 1900 διάνοιαν
608 1848 994 1918 ἀπαρτίζουσα,
1028 1853 1091 1918 τῇ
1130 1849 1234 1901 τῶν
1262 1851 1534 1920 στοιχείων
1567 1869 1668 1920 μα-

124 1940 270 2010 θήσει
299 1957 355 1992 τε
390 1941 480 1992 καὶ
532 1939 829 2008 ἐπαγγελία
884 1943 1255 2009 προσήκουσαν
1277 1957 1288 1967 ο
1333 1940 1391 1990 τὺ
1425 1942 1604 2010 ὅμοιον
1627 1942 1670 1994 δ’

122 2033 218 2082 οὐκ
253 2032 317 2083 ἂν
346 2030 522 2101 εὕροις
578 2031 706 2100 παρ’
733 2030 1001 2097 Ἕλλησιν,
1026 2031 1164 2091 ὅθεν,
1207 2032 1277 2093 ὡς
1309 2031 1459 2101 ἔφην,
1490 2033 1672 2101 ὁμολο-

127 2123 235 2184 γεῖν
263 2121 469 2190 ἀνάγκη
505 2120 575 2189 μὴ
608 2119 732 2170 ὄντα
777 2121 950 2171 οἰκεῖα
987 2119 1266 2189 Ἑλλήνων,
1299 2138 1672 2190 παραπεποιη-

75 2233 77 2236 ⁴
127 2212 260 2278 μένα
284 2211 338 2263 δὲ
385 2211 637 2280 ἄντικρυς
665 2209 768 2262 ἀπὸ
814 2212 910 2280 τῆς
945 2211 1217 2281 βαρϐάρου
1240 2212 1440 2281 φωνῆς,
1485 2213 1578 2264 καὶ
1618 2213 1676 2276 ἐξ

127 2302 287 2370 αὐτῆς
313 2301 366 2352 δὲ
389 2301 660 2369 ἐλέγχεται
685 2300 782 2368 τῆς
799 2301 918 2353 καθ’
941 2300 1167 2353 ἕκαστον
1193 2305 1444 2369 στοιχεῖον
1471 2305 1676 2355 ἐπωνυ-

129 2391 269 2458 μίας.
301 2390 362 2440 Τί
379 2390 482 2459 γὰρ
512 2388 604 2440 τοῦ
640 2389 744 2458 ἀλφ
782 2391 840 2442 τὸ
867 2391 1008 2458 ἄλφα
1040 2392 1370 2462 διενήνοχεν;
1408 2393 1438 2462 ἢ
1463 2393 1552 2445 τοῦ
1578 2395 1674 2464 βὴΟ
1702 2395 1715 2407 ⁸

129 2478 184 2527 τὸ
214 2478 362 2545 βῆτα,
397 2479 428 2546 ἦ
454 2477 543 2528 τοῦ
566 2478 758 2548 γάμμα
779 2479 837 2530 τὸ
869 2479 1047 2549 γίμελ,
1085 2479 1116 2550 ἦ
1147 2478 1238 2531 τοῦ
1268 2479 1385 2531 δὲλο
1412 2480 1470 2531 τὸ
1500 2481 1674 2545 δέλτα,

130 2566 158 2636 ἢ
183 2567 316 2638 τοῦη
345 2568 402 2619 τὸ
417 2585 462 2630 ε,
493 2569 519 2637 ἢ
545 2567 636 2620 τοῦ
665 2567 749 2632 {ai
771 2570 830 2621 τὸ
859 2568 1012 2638 ζῆτα,
1037 2570 1068 2639 ἢ
1097 2571 1187 2622 τού
1204 2570 1300 2640 τὴΘ
1325 2570 1381 2622 τὸ
1408 2570 1563 2640 Θῆτα,
1586 2575 1677 2640 καὶ

130 2656 432 2719 ὃσατούτοις
456 2659 838 2728 παραπλησίας
871 2658 1007 2709 ὥστε
1038 2660 1430 2735 ἀναμφίλεκτον
1456 2658 1592 2714 εἶναι
1620 2663 1678 2715 τὸ

131 2745 203 2816 μὴ
253 2747 513 2816 Ἑλλήνων
566 2748 767 2810 οἰκείας
816 2743 952 2800 εἶναι
1006 2748 1100 2811 τὰς
1151 2748 1400 2813 τοιαύτας
1465 2754 1674 2819 φωνάς·

141 2834 398 2905 Ἐϐραίων
422 2837 549 2908 ἄρα,
570 2840 692 2908 παρ’
710 2833 788 2900 οἷς
811 2839 900 2891 καὶ
916 2839 1173 2908 σημαῖνόν
1188 2857 1237 2892 τι
1255 2840 1480 2894 ἕκαστον
1503 2844 1680 2895 αὐτῶν

104 2999 107 3002 Ι
133 2923 516 2979 ἀποδείκνυται.
536 2926 690 2998 Παρά
706 2926 760 2978 δὲ
773 2927 976 2990 τούτοις
992 2928 1222 2999 πρώτοις
1239 2929 1537 2998 ἀρξάμενα.
1559 2951 1683 3003 προ-

134 3012 284 3080 ῆλθεν
315 3014 390 3077 εἷς
420 3033 477 3068 τε
501 3016 687 3079 ἄλλους
716 3017 809 3069 καὶ
853 3016 916 3087 δὴ
940 3019 1029 3069 καὶ
1063 3019 1140 3080 είς
1187 3017 1464 3087 Ἕλληνας.
1502 3021 1684 3076 Ταῦτα

1775 603 1897 640 num
1916 588 2253 656 principium,
2284 587 2536 641 eﬁiciunt.
2574 585 2925 640 Undecitntttn
2970 584 3162 653 chaph,
3207 586 3313 635 hoc

1767 689 1868 739 est,
1900 691 2274 732 verumtamen.
2304 677 2688 730 Duodecimum
2710 676 2851 739 labd,
2886 676 2987 728 hoc
3007 673 3262 736 est,disce
3288 687 3310 726 :

1766 769 1907 835 quod
1939 779 2226 836 utrumque
2256 768 2412 821 simul
2437 776 2517 822 est
2548 783 2560 818 :
2595 767 2974 821 Verumtamen
3015 764 3177 817 disce.
3212 761 3312 815 De-

1766 871 1962 909 cimum
1999 859 2236 922 tertium,
2263 873 2427 921 mem,
2460 859 2601 926 quod
2625 857 2908 928 signiﬁcat,
2937 871 2998 908 ex
3026 855 3169 921 ipsis.
3212 851 3314 906 De-

1767 948 1968 1001 cilium
1991 957 2264 1016 quartum,
2302 965 2410 1002 nun
2439 989 2453 1014 ,
2483 948 2534 1001 id
2578 957 2659 1001 est
2707 959 2971 1000 wtcrnum.
3038 943 3310 998 Decimum

1766 1038 2011 1106 quintum
2043 1038 2246 1098 satnch.
2273 1039 2414 1106 quod
2465 1037 2746 1105 exponitur
2799 1036 3074 1100 auxilium,
3113 1043 3313 1087 utsen-

1767 1143 1860 1181 sus
1890 1129 1975 1180 hic
2005 1128 2228 1181 exsistat
2259 1128 2365 1181 :Ex
2401 1129 2529 1197 ipsis
2557 1134 2812 1180 mternum
2858 1126 3137 1179 auxilium.
3162 1123 3316 1176 Deci-

1767 1233 1914 1270 mum
1963 1229 2194 1281 scxtum,
2251 1219 2360 1282 ain,
2389 1218 2532 1287 quod
2559 1217 2755 1285 fontem
2801 1217 2879 1268 vel
2905 1216 3110 1266 oculum
3155 1213 3315 1280 signi-

1767 1308 1909 1360 llcat.
1944 1307 2216 1361 Decimum
2253 1309 2556 1377 septimum,
2583 1309 2704 1376 plte,
2740 1325 2815 1360 os.
2858 1306 3130 1359 Deeimutn
3168 1313 3314 1356 oeta-

1766 1413 1890 1449 vum
1919 1397 2068 1461 sade,
2104 1383 2205 1452 hoc
2236 1409 2335 1463 est,
2359 1398 2606 1466 justitia;
2637 1400 2777 1452 unde
2821 1399 2956 1451 hanc
2998 1395 3314 1450 sententiam

1767 1489 1984 1541 elicias:
2023 1488 2188 1555 Fons,
2221 1492 2300 1542 vcl
2329 1490 2537 1555 oculus,
2571 1498 2624 1543 et
2663 1504 2724 1542 os
2750 1488 2989 1556 justitize.
3042 1485 3313 1539 Deeimmn

1769 1591 1971 1630 nonum
2011 1579 2170 1646 eoph,
2229 1579 2280 1631 id
2325 1590 2407 1633 est
2461 1579 2761 1646 appellatio.
2824 1575 3151 1629 Vicesimutn
3195 1589 3314 1639 res,

1769 1667 1911 1733 quod
1938 1677 2023 1722 est
2076 1678 2251 1737 caput.
2302 1668 2628 1723 Vicesimutn
2664 1669 2894 1737 primum
2929 1682 3044 1729 seu,
3101 1666 3201 1719 hoc
3238 1673 3320 1718 est

1771 1757 1962 1810 dentes.
1994 1756 2318 1812 Vieesimum
2343 1759 2662 1820 secundum,
2682 1759 2928 1825 idemque
2952 1765 3276 1824 postremum
3300 1793 3314 1816 ,

1775 1859 1994 1904 vocatur
2027 1851 2092 1902 ab
2122 1850 2225 1904 illis
2250 1849 2395 1910 tltau,
2421 1850 2561 1919 rquod
2585 1850 2733 1916 signa
2761 1847 3096 1910 interpretari
3113 1861 3279 1915 queas
3303 1862 3315 1895 :

1774 1939 1877 1993 hoc
1932 1955 2119 2004 sensu,
2153 1940 2454 2009 Appellatio
2486 1940 2695 2007 capitis,
2737 1939 3085 2006 dentiumque
3144 1936 3314 2004 signa.

1775 2027 2095 2096 llujusmodi
2129 2045 2256 2099 ergo
2284 2032 2583 2083 litterarum
2637 2030 2773 2098 apud
2805 2028 3054 2081 llebratos
3084 2027 3318 2094 appella-

1775 2123 1848 2176 tio
1879 2121 2328 2189 signilieationem
2387 2121 2563 2183 habet,
2608 2136 2674 2173 ex
2726 2135 2831 2188 qua
2864 2119 3077 2187 quidem
3107 2119 3323 2187 integra:

1775 2212 2035 2266 orationis
2059 2212 2273 2266 exsistit
2307 2226 2369 2265 ea
2404 2212 2687 2276 sententia,
2729 2226 2847 2280 qua:
2877 2211 3171 2264 litterarum
3202 2211 3326 2283 ista-

1776 2321 1894 2356 rum
1929 2303 2243 2372 cognitioni,
2267 2317 2330 2355 ac
2361 2303 2704 2371 promissioni
2737 2301 2946 2355 cuidam
2977 2301 3107 2354 belle
3143 2301 3319 2353 admo-

1778 2394 1903 2445 dum
1947 2401 2176 2460 apteque
2217 2391 2519 2445 c0nveniat.
2579 2390 2675 2443 Cui
2717 2389 2892 2444 simile
2935 2391 3074 2456 apud
3111 2388 3324 2442 Graecos

1782 2485 1912 2536 nihil
1948 2497 2185 2550 unquam
2212 2481 2471 2550 reperias,
2493 2489 2551 2534 ut
2581 2495 2694 2542 eas,
2724 2480 2865 2548 quod
2897 2481 3054 2546 paulo
3099 2487 3219 2532 ante
3244 2479 3324 2530 tli-

1778 2575 1989 2638 cebam,
2017 2572 2168 2626 lateri
2193 2587 2414 2626 necesse
2470 2572 2538 2626 sit
2581 2571 2892 2625 Griecorum
2945 2572 3189 2640 proprias
3221 2587 3323 2625 non

1778 2678 1916 2727 esse,
1952 2664 2043 2717 sed
2069 2663 2243 2732 palam
2279 2679 2343 2717 ex
2373 2664 2598 2717 barbara
2629 2663 2809 2730 lingua
2845 2664 2944 2716 levi
2979 2663 3212 2730 quadam
3235 2678 3328 2715 vo-

1780 2755 1856 2809 cis
1890 2757 2183 2808 mutatione
2215 2754 2512 2808 traductas.
2545 2754 2598 2806 Id
2655 2754 2801 2822 quod
2830 2769 2894 2807 ex
2929 2754 3110 2807 Graeca
3146 2755 3329 2821 singu-

1781 2843 1954 2896 lorum
2004 2845 2392 2897 elementorum
2433 2843 2789 2910 appellatione
2836 2843 3011 2910 quivis
3049 2843 3324 2907 intelligat.

1778 2933 1939 3007 475
1961 2933 2098 2999 Quid
2124 2934 2266 2989 enim
2319 2933 2439 3000 alph
2477 2934 2542 2986 ab
2578 2933 2733 3002 alpha
2762 2949 3081 3001 magnopere
3125 2932 3332 2999 diﬂ‘ertf?

1782 3026 1910 3094 quid
1936 3033 2113 3078 autem
2164 3024 2244 3077 vel
2297 3023 2452 3077 hetlta
2481 3038 2510 3075 a
2541 3022 2683 3085 belli,
2720 3023 2797 3074 vel
2827 3039 2854 3074 a
2883 3038 3093 3091 gamma
3150 3022 3326 3091 gitnel,

138 3105 232 3173 μὲν
249 3101 336 3158 οὖν
365 3124 451 3176 μοι
479 3108 602 3180 περὶ
625 3107 730 3161 τῶν
749 3108 974 3178 πρώτων
1002 3109 1274 3178 στοιχείων
1300 3109 1551 3178 εἰρήσθω.
1573 3113 1679 3182 Τῆς

1784 3124 1876 3170 aut
1900 3115 2038 3169 delta
2064 3131 2092 3169 a
2126 3115 2290 3176 delth,
2329 3123 2420 3167 aut
2450 3113 2656 3181 epsilon
2699 3113 2764 3166 ab
2791 3113 2876 3174 he,
2896 3123 2985 3166 aut
3010 3128 3038 3166 a
3065 3113 3144 3166 zai
3197 3124 3330 3178 zeta,

137 3195 175 3246 δ’
202 3196 358 3264 αὐτῆς
391 3200 518 3267 ἡμῖν
546 3199 850 3262 ὑποθέσεως
883 3199 1225 3268 ἐφαψάμενος
1253 3200 1342 3252 καὶ
1371 3202 1398 3252 ὁ
1426 3201 1675 3272 Κλήμης,

139 3286 420 3340 ἐπάκουσον
441 3289 475 3342 ἃ.
499 3307 674 3357 φησιν.

1784 3216 1878 3259 aut
1907 3209 2049 3260 theta
2080 3223 2108 3261 a
2133 3208 2300 3270 thctlt,
2333 3215 2630 3275 caeteraque
2651 3205 2939 3275 deinceps?
2965 3206 3332 3275 Maneatergo,

1783 3314 1942 3353 voces
1985 3302 2104 3354 illas
2133 3316 2240 3353 non
2300 3301 2631 3363 Cr'mcorum,
2671 3298 2764 3353 sed
2804 3299 3146 3357 llebrzeorum
3194 3313 3332 3362 esse,

140 3386 272 3444 apud
299 3394 431 3448 quos
455 3395 549 3433 sua
575 3381 769 3448 cuique
793 3381 1111 3450 signiﬁcatio
1137 3381 1410 3434 tribuitur.
1448 3380 1525 3435 lbi
1543 3397 1668 3438 vero
1705 3397 1843 3442 natae
1887 3407 2007 3444 cum
2040 3402 2238 3456 essent,
2273 3409 2394 3446 cum
2421 3393 2484 3445 ad
2540 3387 2675 3442 alios
2712 3393 2904 3454 deinde
2933 3401 3067 3454 ,tum
3095 3391 3158 3444 ad
3190 3390 3335 3457 ipsos

141 3484 340 3538 quoque
367 3470 580 3524 Gnaeos
606 3487 911 3539 pervenere.
934 3472 1107 3541 Atque
1138 3473 1250 3525 haec
1307 3472 1372 3526 de
1423 3474 1613 3542 primis
1663 3477 1960 3535 litterarum
2003 3485 2281 3538 elementis
2311 3486 2470 3540 modo
2510 3486 2662 3539 satis.
2692 3483 2808 3537 Jam
2853 3495 2980 3536 vero
3012 3480 3334 3535 Clementem

141 3561 276 3628 audi,
305 3561 356 3615 in
384 3563 566 3616 eadem
592 3577 802 3616 mecum
820 3563 1179 3631 disputatione
1202 3573 1524 3618 versantem.

645 3654 1035 3707 ΚΕΦΑΛΑΙΟΝ
1066 3657 1152 3720 εῖν.

306 3744 434 3810 Περὶ
473 3742 577 3796 τοῦ
609 3742 814 3804 αὑτοῦ,
845 3743 960 3796 ἀπὸ
991 3742 1107 3794 τῶν
1134 3743 1501 3810 Κλήμεντος.

219 3852 236 3884 ι
284 3834 538 3905 ’ἰατρικὴν
592 3833 699 3905 (‘25)
743 3833 797 3886 δὲ
849 3835 1009 3885 Ἀπιν
1061 3835 1375 3900 Αἰγύπτιον,
1440 3836 1576 3904 μετά
1627 3837 1682 3888 δὲ

146 3925 306 3978 ταῦτα
363 3927 679 3996 Ἀσκληπιὸν
721 3925 946 3996 αὐξῆσαι
971 3925 1064 3994 τὴν
1108 3925 1298 3994 τέχνην
1354 3927 1680 3997 ἱστοροῦσιν.

153 4017 337 4081 Ἀτλας
359 4019 412 4071 δὲ
441 4020 651 4083 όΛίὸυς
692 4019 902 4089 πρῶτος
946 4018 1073 4070 ναῦν
1118 4019 1549 4088 ἐναυπηγήσατο,
1595 4020 1687 4072 καὶ

151 4110 243 4178 τῆν
267 4109 524 4163 Θάλασσαν
541 4111 764 4163 ἔπλευσε
791 4111 918 4178 (26).
940 4109 1048 4161 Καὶ
1079 4109 1428 4178 ἀστρολογίαν
1450 4110 1504 4162 δὲ
1537 4109 1688 4178 πρῶ-

153 4217 228 4252 τοι
254 4201 324 4261 είς
353 4202 665 4271 ἀνθρώπους
707 4202 999 4271 ἐξήνεγκαν
1047 4198 1349 4264 Αἰγύπτιοι,
1393 4198 1590 4267 ὁμοίως
1635 4198 1690 4249 δὲ

156 4292 244 4342 καὶ
273 4290 511 4343 Χαλδαῖοι
541 4293 676 4362 (27).
704 4293 823 4344 Εἰσὶ
852 4293 906 4343 δὲ
935 4291 981 4343 οἳ
1012 4293 1198 4360 Κᾶρας
1233 4293 1328 4358 τὴν
1355 4289 1417 4338 δι’
1452 4287 1692 4356 ἀστέρων

158 4383 436 4453 πρόγνωσιν
459 4384 1105 4454 ὲπινενοηκέναιλέγουσι.
1135 4383 1359 4450 Πτήσεις
1386 4381 1435 4432 δὲ
1467 4380 1692 4449 ὀρνίθων

2398 3657 2623 3712 CAPUT
2663 3656 2750 3709 Vl.

1963 3752 2026 3806 In
2071 3755 2302 3806 eamdem
2331 3751 2640 3805 sententiam
2687 3748 2963 3802 Clementis
2991 3745 3164 3800 verba.

1865 3863 1879 3892 ι
1907 3843 2224 3897 Medicinam
2281 3852 2485 3905 autem,
2526 3841 2701 3910 inquit
2731 3841 2837 3902 ille,
2887 3839 3120 3906 primum
3145 3836 3211 3888 ab
3241 3826 3339 3900 Api

1790 3938 2024 4004 quodam
2060 3935 2312 4005 Egyptio
2348 3935 2639 3996 inventam,
2688 3931 2879 3985 deinde
2910 3928 2978 3981 ab
3031 3924 3339 3991 Aiseulapio

1793 4039 2006 4082 auctam
2069 4043 2189 4082 esse
2237 4027 2426 4079 ferunt.
2487 4026 2636 4077 Atlas
2676 4024 2761 4076 ille
2808 4021 3038 4088 Libycus
3062 4027 3114 4071 et
3161 4017 3338 4069 navim

1792 4119 2071 4172 a‘dilicavit
2135 4118 2375 4186 primus,
2446 4126 2500 4168 et
2573 4114 2779 4182 primus
2843 4125 2988 4163 mare
3055 4108 3337 4175 navigavit.

1793 4208 2028 4278 zEgyptii
2080 4223 2200 4261 cum
2245 4206 2509 4260 Chaldaeis
2555 4204 2901 4273 astrologiam
2946 4204 2996 4254 in
3067 4202 3342 4253 hominum

1794 4314 1963 4366 genus
1994 4297 2262 4365 principes
2294 4297 2634 4349 invexerunt.
2673 4293 2782 4347 Nec
2803 4294 3015 4356 desunt,
3049 4291 3140 4360 qtti
3179 4300 3344 4343 artem

1795 4406 1859 4441 ex
1894 4388 2162 4442 sideribus
2188 4386 2563 4456 praesentiendi
2632 4402 2660 4439 a
2709 4385 2936 4438 Caribus
2990 4383 3344 4448 excogitatam

158 4473 513 4546 παρεφύλαξαν
563 4474 765 4543 πρῶτοι
804 4475 1028 4545 Φρύγες.
1064 4473 1170 4526 Καὶ
1206 4471 1424 4540 Ουτικὴν
1461 4471 1679 4541 ἠκρίϐω

1799 4495 1916 4534 esse
1938 4479 2122 4533 velint.
2150 4479 2340 4530 Avium
2369 4488 2545 4530 autem
2570 4476 2779 4529 volatus
2805 4473 2962 4542 primi
2990 4472 3222 4539 Phryges
3247 4471 3344 4520 oh-

157 4581 249 4616 σαν
292 4563 528 4627 Τούσκοι,
579 4563 804 4626 Ἰταλίας
847 4565 1096 4631 γείτονες.
1175 4565 1408 4632 Ἴσαυροι
1473 4560 1528 4611 δὲ
1601 4563 1691 4612 καὶ

164 4654 376 4724 Ἄραϐες
408 4655 728 4723 ἐξεπόνησαν
758 4653 853 4722 τὴν
888 4654 1244 4724 οἱωνιστικὴν,
1280 4652 1462 4720 ὥσπερ
1503 4651 1692 4719 ἀμέλει

160 4744 454 4815 Τελμισσεῖς
507 4747 601 4817 τὴν
651 4745 715 4797 δι’
761 4744 980 4814 ὀνείρων
1039 4747 1321 4814 μαντικήν.
1367 4743 1692 4812 Τυρρηναίοι

159 4835 215 4887 δὲ
239 4837 487 4907 σάλπιγγα
543 4836 856 4906 ἐπενόησαν,
889 4837 977 4887 καὶ
1017 4836 1222 4904 Φρύγες
1255 4835 1446 4886 αύλὸν·
1487 4831 1693 4899 Φρύγες

159 4923 262 4994 γὰρ
298 4929 456 4999 ἤστην
489 4929 762 4999 Ὄλυμπος
804 4944 859 4978 τε
911 4927 1001 4977 καὶ
1045 4925 1328 4995 Μαρσύας.
1367 4923 1606 4991 Λύχνους
1631 4939 1688 4972 τε

203 5010 228 5030 τ
669 5018 694 5031 υ
941 5016 984 5032 ναι
1281 5016 1290 5028 ο
1559 5013 1570 5030 \

164 5027 230 5069 αν
257 5017 353 5088 (28)
378 5019 548 5074 καίειν
584 5036 785 5091 πρωτοι
823 5015 1132 5078 κατεοειξαν
1161 5018 1463 5082 Αἰγύπτιοι,
1489 5030 1580 5065 και
1606 5013 1693 5062 τὸν

233 5193 527 5264 (24)Λά66.
597 5195 721 5264 Leg.
769 5194 907 5264 λάμδ
943 5210 953 5219 ·
996 5190 1054 5241 τὸ
1094 5189 1140 5258 β,
1208 5191 1408 5258 vulgari
1482 5203 1686 5250 errore,

168 5263 317 5320 subiit
336 5265 385 5317 in
417 5265 591 5317 locum
607 5263 714 5318 -τοῦ
756 5284 811 5320 υ..

237 5284 313 5316 Ulli.
336 5284 385 5317 In
419 5284 714 5318 locum-10o
801 5306 811 5316 .

237 5335 329 5403 (25)
395 5333 690 5401 ἰατρικήν.
756 5284 943 5387 Exstat
1005 5330 1097 5404 hie
1152 5325 1459 5404 Clementis
1507 5327 1692 5404 locus,

173 5393 402 5458 Stroniat.
436 5419 474 5467 ι,
497 5393 628 5470 pag;
647 5405 780 5463 225'.
810 5404 1029 5474 edition.
1049 5393 1520 5474 Δίᾷινῑῑξιῖίξὶτιιιπριιὶ
1545 5395 1694 5447 locus

173 5475 374 5528 subinde
400 5465 478 5527 vel
507 5465 790 5525 truncatur
815 5473 881 5525 ab
906 5471 1154 5531 Eusebio,
1189 5465 1270 5520 vel
1305 5465 1498 5529 insigni
1529 5479 1696 5531 ntem-

174 5544 368 5597 brorum
404 5559 465 5598 ac
499 5542 838 5610 periodorum
886 5530 1194 5610 trajectione
1239 5542 1493 5589 mutatur.
1526 5530 1693 5610 Porro

175 5601 514 5675 Theodoret.,'
553 5610 779 5665 συνείην.
819 5601 988 5677 αῙΤεειῖ
1039 5610 1129 5662 lib.
1179 5624 1214 5670 ι,
1262 5619 1367 5657 non
1417 5601 1693 5677 proculab

177 5681 330 5752 initio,
359 5671 512 5738 simili
560 5671 937 5752 disputationis
967 5681 1032 5752 in
1067 5693 1259 5752 genere
1300 5678 1564 5752 versatur,
1587 5671 1690 5752 _sed

179 5739 389 5807 brevius.
430 5739 854 5808 Fronto-noster
899 5750 925 5799 ὁ
966 5739 1285 5817 Μακαρίτης
1356 5739 1692 5796 dissimulato

1796 4577 2101 4624 servarunt.
2132 4568 2509 4636 Aruspieinam
2579 4563 2739 4618 Tusci
2785 4562 2948 4614 Italia:
2991 4560 3201 4612 finitimi
3254 4573 3345 4624 ap-

1795 4661 1965 4730 prime
1999 4659 2321 4712 calluerunt.
2377 4654 2546 4708 lsauri
2599 4663 2759 4721 atque
2812 4652 3015 4705 Arabes
3048 4649 3347 4718 augurandi

1797 4751 2098 4810 scientiam,
2131 4746 2558 4800 Thelmissenses
2609 4744 2997 4799 divinationem
3031 4758 3092 4794 ex
3122 4742 3348 4796 somniis

1798 4843 2041 4895 haustam
2079 4837 2310 4892 coluere.
2345 4835 2606 4905 Tyrrheni
2657 4836 2856 4895 tubam,
2911 4832 3147 4901 Phryges
3165 4833 3346 4884 tibiam

1797 4929 2089 4979 invenere:
2120 4920 2381 4992 Olympus
2422 4924 2563 4977 enim
2603 4932 2656 4976 et
2719 4921 2956 4988 Marsyas
3007 4936 3070 4972 ex
3123 4919 3347 4988 l'hrygia

1796 5016 2011 5072 oriundi
2031 5024 2207 5068 erant.
2246 5015 2515 5069 Lucernas
2547 5016 2668 5066 item
2727 5011 3018 5064 accendere
3041 5010 3196 5078 primi
3228 5024 3345 5061 om-

1799 5197 2032 5260 nomine,
2063 5195 2238 5248 locum
2285 5194 2432 5246 illum
2470 5189 2760 5260 Clementis
2804 5183 3344 5260 et‘udite__il|ustravit.

1796 5256 2276 5320 Interim—Plinium
2313 5261 2551 5324 consule,
2580 5259 2670 5310 lib.
2708 5275 2800 5323 vtt,
2833 5275 2949 5325 cap.
2983 5256 3068 5308 56.

1867 5336 1976 5401 (“26)
2013 5337 2333 5387 Ἔπλευσε.
2384 5330 2508 5401 Post.
2554 5330 2655 5380 hoc
2689 5330 2932 5388 verbum,
2959 5337 3088 5401 qua;
3111 5338 3348 5392 sequun-

1797 5394 1902 5464 tur.
1938 5394 2241 5468 praecedunt
2270 5400 2408 5469 apud
2435 5400 2784 5469 Clementem,
2811 5413 2928 5469 pag.

1866 5423 1902 5464 r.
1938 5414 2241 5468 praecedunt
2270 5414 2417 5477 apud
2435 5414 2784 5476 Clementem,
2811 5414 2928 5516 pag.
2955 5414 3078 5474 πμ.

1866 5473 2305 5541 (27)Χα.λδαῖοι.
2359 5471 2454 5520 lltc
2488 5475 2650 5520 etiam
2698 5467 2765 5520 ab
2859 5465 3041 5517 usebtn
3092 5465 3346 5518 nonnulla

1795 5555 2125 5596 resecantur.

1868 5613 1976 5679 (28)
2009 5616 2281 5682 Λύχνους
2308 5626 2368 5662 τε
2406 5605 2504 5662 αὗ.
2551 5605 2834 5682 Παιολίιεςιιι
2879 5603 2997 5680 loco
3028 5613 3167 5659 mota
3203 5616 3346 5682 sunt.

1797 5669 1926 5736 Nam
1962 5669 2477 5752 'aputl'Clct'nentern
2518 5693 2658 5752 pa_g._
2682 5674 2804 5752 2‘24,
2837 5673 3016 5726 statim
3063 5685 3181 5744 post
3207 5674 3352 5727 Χαλ-

1797 5754 1953 5810 δαῖοι.
1989 5745 2114 5810 ante
2148 5753 2259 5809 illa.
2289 5750 2394 5802 εἰσὶ
2424 5745 2477 5800 δὲ
2503 5747 2550 5798 οἳ
2581 5746 2755 5814 Κᾶραι
2787 5745 3058 5804 leguntur.
