4038 6330
722 415 828 473 795

1356 360 1620 469 EUSEBH
1660 412 2136 481 CAESARIENSJS
2174 411 2322 466 ΟΡΡ.
2365 411 2542 466 PAHS
2583 410 2642 463 ΙΙ.
2679 442 2745 450 -
2782 407 3272 463 APOLOGETICA.
3859 399 3936 452 795

720 541 842 578 esse
886 523 1113 588 volunt,
1167 541 1260 579 eas
1311 525 1386 577 illi
1439 542 1556 580 sese
1597 542 1625 580 a
1678 525 2024 579 Phoenicibus
2055 534 2261 593 alque:

2381 525 2453 575 Οὐ
2505 523 2606 592 μὴν
2635 523 2740 574 οὐδ’
2774 522 2867 573 ἀπ’
2892 520 3096 572 ἐκείνου
3134 518 3242 588 (41)
3273 518 3364 569 τοῦ
3395 518 3587 586 χρόνου
3622 518 3848 566 δύναιτο
3877 531 3935 574 τις

719 614 924 668 Cadmo
979 617 1254 683 accepisse
1297 617 1614 685 gloriantur.
1659 615 1838 685 Neque
1888 628 2065 670 tamen
2123 615 2275 684 quis-

720 718 880 768 quam
912 710 1003 754 aut
1031 703 1083 754 in
1117 704 1309 768 sacris,
1344 711 1437 755 aut
1469 704 1519 755 in
1565 705 1795 772 publicis
1831 720 2056 772 usquam
2087 717 2274 754 monu-

726 791 957 855 Itlt‘llliS,
1016 793 1313 845 litterarum
1363 793 1528 846 ullum
1585 794 1703 861 ejus
1749 796 2004 861 temporis
2065 799 2278 846 exstare

719 879 1004 946 vestigium
1051 880 1366 946 ostenderit,
1400 897 1522 934 cum
1556 881 1620 934 de
1652 883 1756 934 illis
1805 883 1933 949 ipsis
1962 882 2054 949 qui
2084 879 2273 945 Troja-

720 987 842 1022 nam
875 969 1269 1041 expeditionem
1301 982 1448 1025 tanto
1481 981 1601 1040 post
1630 988 1933 1041 suscepere,
1971 976 2272 1032 dubitatum

720 1063 907 1128 perdiu
943 1065 1339 1132 quatsitumque
1390 1065 1478 1127 sit,
1534 1081 1660 1117 num
1719 1067 1914 1120 litteris
1975 1079 2270 1124 uterentur.

721 1147 836 1211 Qua
864 1151 929 1202 de
955 1166 1010 1202 re
1052 1151 1226 1203 verior
1250 1167 1310 1203 ea
1341 1153 1781 1220 constantior-que
1814 1157 2076 1210 sententia
2109 1158 2275 1229 478

718 1236 830 1302 jam
865 1239 1088 1302 obtinet,
1143 1241 1446 1307 ignoratum
1476 1241 1556 1316 ab.
1586 1241 1652 1294 iis
1690 1243 2007 1298 hodiernum
2059 1248 2270 1302 illarum

721 1343 878 1380 usum
938 1329 1124 1383 fuisse.
1187 1328 1370 1398 Neque
1427 1341 1478 1384 tu
1538 1333 1796 1399 scriptum
1850 1336 2068 1391 omninc
2134 1334 2304 1409 apud.

720 1413 936 1468 Gl'iLCOS
968 1418 1158 1478 ullum,
1193 1419 1348 1482 cujus
1377 1419 1442 1471 de
1476 1420 1576 1472 ﬁde
1612 1423 1770 1473 modo
1799 1435 2030 1490 constet,
2073 1426 2258 1482 Home-

720 1507 834 1558 rica
863 1508 1007 1572 poesi
1033 1508 1306 1575 antiquius
1338 1509 1598 1563 invenias.
1632 1511 1699 1562 At
1727 1527 1848 1564 eum
1884 1525 2007 1581 post
2037 1514 2271 1581 Troiana

718 1602 960 1663 tempora
995 1606 1178 1649 natum
1213 1613 1334 1651 esse
1366 1613 1523 1651 nemo
1556 1617 1660 1652 non
1698 1602 1893 1654 fatetur
1925 1622 1936 1655 :
1973 1605 2080 1658 imo
2110 1622 2176 1658 nc
2205 1607 2272 1659 ab

719 1683 836 1751 ipso
866 1687 1081 1753 quidem
1133 1689 1326 1740 litteris
1369 1704 1519 1740 suam
1569 1690 1712 1742 illam
1743 1691 1927 1757 poesin
1964 1693 2267 1747 mandatam

721 1792 840 1828 esse
875 1777 1079 1841 ferunt,
1126 1779 1218 1830 sed
1245 1788 1599 1846 posterorum
1633 1783 1891 1834 memoria
1922 1795 2267 1852 propagatum

2379 614 2442 665 ἂν
2479 614 2644 675 δεῖξαι
2685 614 2780 681 τὴν
2810 611 3118 680 σωζομένην
3169 608 3484 678 ἀναγραφὴν
3525 606 3648 657 οὔτ’
3683 607 3746 654 ἐν
3803 605 3935 670 ἱεμίς

2375 705 2485 757 οὔτ’
2537 708 2593 757 ὲν
2637 704 2908 772 δημοσίοις
2953 702 3315 771 ἀναθήμασιν*
3366 701 3495 750 ὅπου
3551 715 3620 764 γε
3684 695 3786 746 καὶ
3835 697 3936 761 περὶ

2373 795 2482 847 τῶν
2525 795 2616 847 ἐπὶ
2671 794 2868 864 Τροίας
2921 793 3194 854 τοσούτοις
3235 790 3454 860 ὓστερον
3485 789 3639 840 ἔτεσι
3700 801 3935 852 στρατευ-

2378 887 2581 938 σάντων
2616 884 2781 954 πολλὴ
2808 884 3023 951 γέγονεν
3050 882 3246 951 ἀπορία
3273 881 3364 932 καλ¹
3390 880 3618 950 ζήτησις
3642 918 3658 940 ,
3708 876 3761 927 εἰ
3785 875 3937 941 γράμ-

2378 993 2538 1044 μασιν
2589 975 2860 1044 ἐχρῶντο·
2942 975 3034 1026 καὶ
3085 971 3309 1039 τάληθὲς
3370 971 3670 1039 ἐπικρατεῖ
3729 965 3934 1036 μᾶλλον,

2374 1067 2499 1136 περὶ
2529 1066 2617 1118 τοῦ
2647 1066 2743 1134 τὴν
2770 1063 2862 1117 νῦν
2885 1059 3044 1115 οὖσαν
3071 1062 3175 1114 τῶν
3205 1060 3538 1133 γραμμάτων
3571 1058 3788 1128 χρῆσιν
3817 1056 3936 1108 ὲκεί-

2375 1175 2494 1219 νους
2548 1159 2774 1224 ἀγνοεῖν.
2837 1154 3008 1216 Ὅλως
3041 1153 3096 1205 δὲ
3145 1153 3291 1222 παρὰ
3337 1154 3446 1214 τοῖς
3499 1150 3778 1218 Ἕλλησιν
3808 1147 3938 1197 οὐδὲν

2371 1245 2794 1316 ὁμολογούμενον
2873 1242 3182 1320 ειῇρίσκεται
3255 1240 3488 1310 γράμμα
3538 1239 3646 1305 τῆς
3716 1236 3936 1304 Ὀμήρου

2373 1337 2639 1405 ποιήσεως
2693 1325 3090 1403 πρεσϐύτερον⁹
3154 1325 3306 1392 οὗτος
3361 1331 3417 1382 δὲ
3466 1329 3561 1380 καὶ
3611 1327 3733 1380 τῶν
3787 1326 3938 1394 T997.-

2373 1427 2482 1479 κῶν
2526 1425 2744 1494 ὕστερος
2790 1425 3032 1490 φαίνεται
3083 1422 3382 1493 γενόμενος.
3438 1419 3546 1472 Καί
3603 1433 3782 1485 φασιν
3833 1416 3936 1466 οὐδὲ

2370 1517 2552 1569 τοῦτον
2595 1519 2650 1567 ἐν
2682 1514 2970 1584 γράμμασί
3011 1514 3107 1582 τὴν
3150 1512 3309 1563 αὐτοῦ
3343 1511 3556 1580 ποίησιν
3602 1507 3935 1566 καταλιπεῖν,

2371 1606 2504 1659 ἀλλὰ
2527 1604 3107 1674 διαμνημονευομένην,
3143 1601 3229 1654 διὰ
3261 1601 3604 1670 γραμμάτων
3638 1598 3763 1666 (ὶὲ)
3795 1595 3935 1646 ὔστε-

2375 1714 2464 1765 ρον
2520 1694 2870 1763 συντεθῆναιο
2953 1693 3044 1744 καὶ
3113 1691 3200 1744 διὰ
3243 1690 3398 1743 τοῦτο
3444 1689 3651 1750 πολλάς
3707 1691 3769 1738 ἐν
3816 1687 3934 1752 αὐτῇ

2376 1789 2516 1856 σχεῖν
2571 1786 2666 1846 τὰς
2709 1783 3016 1850 διασωνίας.
3085 1785 3146 1835 Οἱ
3177 1783 3355 1852 μέντοι
3404 1780 3502 1843 τὰς
3548 1778 3806 1848 ἱστορίας
3833 1779 3936 1827 ἐπι-

719 1867 1054 1934 aliquandin,
1106 1869 1266 1921 variis
1296 1884 1358 1922 ex
1410 1871 1692 1924 cantilenis
1722 1872 1999 1926 collectam
2050 1875 2261 1928 demum

2369 1879 2715 1946 χειρὴσαντες
2767 1875 3096 1943 συγγράφειν
3140 1875 3265 1943 παρ’
3300 1874 3512 1933 αὐτοῖς,
3548 1870 3703 1936 λέγω
3737 1868 3797 1920 δὲ
3827 1870 3937 1927 τοὺς

713 1963 767 2005 et
815 1963 1119 2006 contextam
1172 1955 1339 2008 fuisse
1369 1997 1382 2019 ,
1420 1974 1482 2011 ac
1531 1969 1810 2026 propterea
1867 1971 2071 2014 tantum
2125 1963 2176 2015 in
2206 1979 2267 2016 ea

714 2045 871 2112 vulgo
910 2045 1284 2115 discrepantia:
1320 2052 1564 2118 reperiri.
1606 2051 1744 2121 Ergo
1794 2054 1885 2121 qui
1933 2070 1996 2107 ex
2038 2056 2154 2110 illis
2202 2059 2268 2111 ad

713 2136 1051 2188 scribendam
1095 2137 1374 2192 historiam
1409 2143 1648 2194 animum
1675 2145 1926 2211 appulere
1949 2187 1960 2208 ,
2007 2147 2264 2212 Cadmus,

714 2223 961 2289 inquam,
988 2224 1248 2292 Milesius,
1279 2238 1330 2281 et
1372 2231 1658 2286 Acusilaus
1701 2235 1952 2303 Argivus,
2001 2254 2062 2292 ac
2099 2241 2140 2292 si
2175 2241 2264 2308 qui

709 2322 966 2378 prartcrca
1011 2316 1379 2381 nominantur,
1412 2321 1628 2387 paulum
1671 2324 1959 2377 admodum
1991 2327 2264 2382 Persicam

709 2403 967 2458 adversus
993 2404 1207 2461 ϐτιυςοε
1255 2412 1646 2478 expeditionem
1679 2424 1918 2484 tempore
1969 2429 2268 2475 anteverte-

709 2503 854 2544 rnnt.
887 2496 966 2548 Ad
999 2497 1108 2549 haec
1134 2499 1225 2566 qui
1259 2500 1323 2552 de
1349 2502 1504 2556 rebus
1532 2505 1844 2558 cmlestibus
1873 2517 2033 2575 atque
2065 2509 2264 2564 divinis

708 2586 866 2651 primi
902 2587 1040 2654 apud
1082 2604 1174 2641 eos
1208 2591 1577 2659 philosophari
1619 2606 1928 2662 empcrunt,
1971 2609 2028 2651 ut
2067 2598 2266 2654 Phere-

706 2679 867 2745 cydes
899 2678 1086 2746 Syrus,
1120 2679 1452 2750 Pythagoras
1494 2693 1548 2736 et
1582 2683 1796 2748 Thales,
1861 2689 1978 2742 illos
2010 2700 2061 2742 et
2094 2690 2262 2760 Egy-

705 2767 940 2833 ptiorum
973 2767 1456 2839 Chaldzcorumque
1490 2772 1783 2842 discipulos
1817 2776 2002 2842 fuisse,
2036 2795 2133 2833 nec
2161 2783 2262 2836 nisi

705 2873 878 2924 pauca
915 2860 1199 2927 scripsisse
1227 2902 1240 2925 ,
1276 2877 1370 2915 ore
1400 2879 1588 2918 omnes
1623 2881 1730 2918 uno
1760 2871 2110 2935 pronuntiant
2138 2891 2151 2937 ;
2184 2882 2263 2924 at-

703 2963 809 3014 que
847 2949 934 3001 illa
968 2949 1136 3004 Graeci
1173 2968 1295 3006 cum
1343 2959 1586 3009 omnium
1624 2959 1985 3012 vetustissima
2020 2978 2139 3015 esse
2177 2978 2263 3015 ar-

703 3037 992 3104 bitrantur,
1044 3049 1156 3092 tum
1211 3043 1298 3094 vix
1352 3045 1514 3095 etiam
1564 3045 1631 3096 ah
1687 3046 1792 3098 illis
1847 3049 2042 3116 scripta
2097 3051 2262 3105 fuisse

704 3129 950 3181 credunt.
982 3130 1116 3194 Quis
1150 3132 1311 3200 igitur
1343 3150 1480 3187 vano
1512 3136 1816 3205 stolidoque
1859 3138 2003 3193 fastu
2046 3140 2262 3198 Graecos

703 3218 950 3274 laborare
975 3236 1078 3274 non
1112 3223 1305 3287 videat,
1337 3224 1427 3292 qui
1461 3225 1561 3278 sibi
1601 3237 1654 3279 et
1680 3243 1765 3282 res
1798 3231 2048 3299 antiquas
2078 3242 2259 3288 tenere

705 3310 828 3374 soli,
862 3321 914 3364 et
943 3313 1391 3366 soli'aceuratam
1428 3317 1640 3370 illarum
1673 3319 2046 3390 integramque
2074 3328 2256 3378 verita-

705 3410 810 3452 tem
847 3402 1059 3454 tradere
1103 3402 1427 3455 videantur?
1482 3405 1613 3471 lino,
1655 3408 1777 3475 quis
1819 3426 1924 3462 non
1959 3429 2023 3464 ex
2071 3415 2258 3466 iisdem

705 3494 1066 3561 scriptoribus
1097 3495 1226 3548 illud
1257 3495 1512 3564 perfacile
1546 3498 1776 3566 auferat,
1802 3505 2063 3570 perspeeti
2100 3507 2166 3558 ab
2195 3507 2260 3560 iis

708 3583 842 3636 nihil
888 3585 1261 3654 exploratique
1308 3589 1710 3656 conscriptum,
1746 3592 1840 3645 sed
1889 3603 2094 3647 tantum
2124 3612 2250 3664 qua-

709 3680 863 3724 tenus
895 3677 1113 3742 assequi
1141 3677 1451 3746 conjectura
1484 3682 1797 3748 potuerint?
1833 3685 2016 3753 Itaque
2049 3689 2262 3754 scriptis

706 3764 822 3816 suis
873 3764 1010 3818 alios
1056 3767 1257 3832 passim
1308 3772 1399 3823 alii
1433 3774 1876 3839 reprehendunt,
1931 3792 2028 3832 nec
2068 3779 2258 3832 iisdem

706 3856 930 3909 omnino
977 3858 1042 3909 de
1094 3859 1256 3912 rebus
1287 3861 1442 3928 longe
1491 3863 1700 3916 diversa
1735 3865 1882 3932 loqui
1915 3868 2256 3923 erubescunt.

703 3947 816 4015 Ego
849 3964 975 4002 vero
1008 3948 1351 4018 importunus
1384 3962 1435 4004 et
1482 3955 1691 4008 otiosus
1724 3955 1909 4024 utique
1962 3959 2163 4022 videar,
2215 3962 2258 4015 si

703 4038 899 4104 quibus
956 4039 1008 4091 id
1073 4056 1233 4107 quam
1286 4039 1384 4107 ipsi
1436 4041 1564 4093 mihi
1636 4044 1812 4098 notius
1873 4056 1992 4110 est,
2035 4063 2258 4117 percen-

704 4143 822 4180 sere
855 4130 1035 4196 velim,
1087 4148 1249 4199 quam
1284 4134 1336 4185 in
1376 4136 1700 4205 geneaIOgi:e
1738 4139 2041 4194 rationibus
2093 4143 2257 4194 multa

703 4219 830 4278 sint,
861 4219 912 4271 in
943 4223 1140 4288 quibus
1192 4223 1500 4278 Hellanicus
1548 4228 1614 4280 ab
1664 4229 1918 4283 Aeusilao
1956 4231 2256 4287 dissideat:

701 4323 864 4375 quam
915 4311 1055 4377 apud
1102 4309 1392 4369 Hesiodum
1443 4317 1728 4370 Acusilaus
1778 4320 1943 4373 multa
1991 4324 2255 4392 castiget:

699 4416 864 4470 quam
902 4416 1041 4470 scepe
1093 4404 1356 4456 mendacii
1407 4422 1555 4458 reum
1613 4407 1944 4463 Hellanicum
1986 4412 2256 4480 Ephorus,

2370 1969 2496 2038 περὶ
2554 1967 2770 2036 Κάδμον
2822 1983 2878 2017 τε
2928 1966 3015 2018 τὸν
3064 1965 3354 2036 Μιλήσιον,
3417 1962 3640 2015 καὶτὸν
3706 1961 3937 2029 Ἀργεῖον

2381 2059 2742 2122 Ἀκουσίλαον,
2774 2060 2864 2110 καὶ
2911 2057 3042 2126 μετά
3076 2056 3276 2109 τούτων
3311 2056 3364 2106 εἴ
3395 2072 3539 2116 τινες
3573 2053 3730 2105 ἂλλοι
3766 2053 3936 2118 λέγον-

2366 2159 2454 2194 ται
2513 2145 2793 2212 γενέσθαι,
2867 2145 3034 2215 βραχὺ
3072 2146 3168 2215 τῆς
3223 2143 3330 2195 τῶν
3399 2143 3629 2213 Περσῶν
3679 2144 3780 2194 ἐπὶ
3851 2142 3937 2208 τὴν

2379 2233 2599 2288 Ἐλλάδα
2633 2237 3005 2306 διαστρατείας
3048 2235 3122 2304 τῷ
3154 2235 3327 2304 χρόνῳ
3374 2233 3709 2304 προῦλαϐον,
3795 2231 3934 2282 Ἀλλά

2370 2326 2475 2395 μὴν
2529 2328 2618 2378 καὶ
2671 2328 2796 2390 τοὺς
2850 2327 2969 2398 περὶ
3016 2327 3121 2379 τῶν
3149 2326 3408 2396 οὐρανίων
3450 2341 3507 2376 τε
3549 2325 3685 2394 παρ’
3722 2323 3933 2385 ’Ἑλλησι

2367 2415 2457 2464 καὶ
2502 2413 2656 2465 θείων
2695 2414 2938 2485 πρώτους
2991 2414 3480 2484 φιλοσοφήσαντας,
3535 2409 3658 2465 οἷον
3710 2411 3932 2484 Φερεκὺ-

2366 2503 2460 2573 δην
2509 2503 2600 2556 τὸν
2655 2505 2875 2574 Σύριον,
2959 2505 3052 2556 καὶ
3107 2503 3458 2572 Πυθαγόραν,
3545 2504 3646 2556 καὶ
3699 2502 3929 2570 Θάλητα,

2368 2594 2562 2654 πάντες
2593 2611 2654 2645 συ
2665 2593 2894 2663 μιρώνως
2917 2592 3262 2662 ὁμολογοῦσιν
3283 2632 3297 2652 ,
3333 2594 3649 2660 Αἰγυπτίων
3678 2593 3776 2643 καὶ
3807 2591 3932 2642 Χαλ-

2364 2684 2525 2736 δαίων
2567 2685 2884 2752 γενομένους
2929 2684 3200 2753 μαθητὰς,
3249 2685 3402 2751 ὀλίγα
3447 2683 3812 2754 συγγράψαιο
3851 2683 3931 2732 καὶ

2363 2773 2531 2825 ταῦτα
2573 2777 2683 2833 τοῖς
2711 2773 2963 2841 ’Ἓλλησιν
2993 2770 3127 2825 εἶναι
3159 2775 3306 2826 δοκεῖ
3334 2775 3548 2826 πάντων
3577 2772 3928 2843 ἀρχαιότατα,

2363 2865 2456 2915 καὶ
2514 2864 2662 2933 μόλις
2706 2864 2839 2916 αὐτά
2908 2866 3244 2918 πιστεύουσιν
3297 2865 3385 2918 ὑπ’
3435 2865 3664 2916 ἐκείνων
3733 2865 3928 2932 γεγρά-

2309 2942 2317 2952 ’
2364 2955 2512 3023 φθαι.
2567 2955 2688 3015 Πῶς
2722 2952 2814 3006 οὖν
2865 2956 2954 3007 οὐκ
3003 2956 3146 3008 ἔστιν
3196 2955 3381 3022 ἄλογον
3429 2955 3783 3021 τετυφῶσθαι
3814 2957 3928 3013 τοὺς

2365 3044 2656 3113 Ἕλληνας,
2715 3045 2787 3106 ὡς
2829 3045 3017 3114 μόνους
3059 3044 3445 3112 ἐπισταμένους
3496 3045 3744 3112 τάρχαῖα
3774 3083 3788 3104 ,
3848 3043 3929 3093 καὶ

2362 3135 2457 3205 τὴν
2489 3136 2738 3206 ἀλήθειαν
2772 3137 2896 3205 περὶ
2925 3136 3096 3187 αὐτῶν
3120 3134 3354 3204 ἀκριϐῶς
3383 3134 3787 3203 παραδιδόντας
3813 3151 3826 3196 ;
3868 3133 3927 3182 Ἥ

2360 3226 2443 3289 τίς
2475 3228 2534 3279 ου
2567 3227 2714 3296 παρά
2741 3227 2848 3277 τῶν
2882 3226 3057 3277 αὐτῶν
3109 3225 3459 3294 συγγραφέων
3511 3225 3674 3293 μάθοι
3715 3225 3926 3294 ῥᾳδίως,

2361 3319 2440 3371 δτι
2475 3319 2638 3388 μηδὲν
2694 3318 2892 3379 εἰδότες
2945 3318 3172 3386 βεϐαίως
3224 3318 3591 3388 συνέγραφον,
3675 3318 3800 3370 ἀλλ’
3865 3314 3928 3374 ὡς

2361 3411 2575 3463 ἕκαστοι
2631 3410 2754 3478 περὶ
2792 3410 2895 3461 τῶν
2935 3409 3266 3479 πραγμάτων
3299 3409 3541 3471 εἴκαζον;
3601 3409 3782 3459 Πλέον
3811 3405 3928 3473 γοίιν

2361 3501 2446 3553 διὰ
2478 3500 2584 3551 τῶν
2619 3500 2832 3568 βιϐλίων
2865 3499 3121 3568 ἀλλήλους
3146 3500 3452 3569 ἐλέγχουσιν
3493 3500 3588 3552 καὶ
3641 3498 3928 3551 τάναντιώ-

2360 3605 2497 3640 τατα
2525 3588 2651 3657 περὶ
2679 3589 2783 3639 τῶν
2808 3590 2982 3640 αὐτῶν
3009 3589 3181 3655 λέγειν
3210 3591 3307 3642 οὐκ
3337 3589 3570 3641 ὀκνοῦσι.
3633 3587 3926 3658 Περίεργος

2359 3679 2403 3731 δ’
2449 3678 2513 3732 ἂν
2556 3679 2668 3748 εἴην
2712 3679 2850 3745 ἐγὼ,
2885 3682 3007 3742 τοὺς
3036 3679 3166 3750 ἐμοῦ
3203 3681 3398 3750 μᾶλλον
3428 3682 3837 3748 ἐπισταμένους
3864 3682 3926 3730 δε-

2360 3770 2598 3834 δάσκων,
2628 3771 2726 3822 ὅσα
2777 3771 2873 3840 μὲν
2926 3771 3227 3834 Ἑλλάνικος
3281 3770 3610 3838 Ἀκουσιλάῳ
3665 3773 3925 3841 περὶτῶν

2362 3859 2715 3926 γενεαλογιῶν
2743 3861 3182 3931 διαπεφώνηκενο
3238 3862 3338 3912 ὅσα
3378 3859 3432 3910 δὲ
3483 3859 3802 3929 διορθοῦται
3847 3863 3923 3912 τὸν

2373 3949 2606 4001 Ἡσίοδον
2639 3952 2973 4012 Ἀκουσίλαος
2990 3970 3000 3979 ο
3023 3953 3053 4020 ἦ
3076 3952 3192 4002 τίνα
3213 3950 3406 4021 τρόπον
3427 3951 3658 4019 Ἔφορος
3683 3951 3922 4004 Ἑλλάνι-

2362 4057 2453 4091 κον
2472 4042 2525 4091 ὲν
2543 4044 2647 4104 τοῖς
2671 4042 2934 4103 πλείστοις
2949 4041 3267 4110 ψευδόμενον
3289 4041 3664 4103 ἐπιδείκνυσιν,
3694 4044 3922 4114 Ἐᾷορον

2359 4133 2416 4184 δὲ
2464 4132 2686 4202 Τίμαιος
2711 4173 2723 4196 ,
2756 4135 2848 4185 καὶ
2888 4135 3111 4202 Τίμαιον
3153 4134 3200 4182 oi
3235 4132 3348 4200 μετ’
3375 4133 3577 4183 ἐκεῖνον
3606 4139 3920 4202 γεγονότες.

2372 4223 2647 4291 Ἡρόδοτον
2685 4223 2737 4274 δὲ
2767 4223 2977 4282 πάντες.
3040 4219 3173 4271 Ἀλλ’
3199 4219 3316 4270 οὐδὲ
3351 4222 3474 4290 περὶ
3500 4221 3606 4274 τῶν
3632 4225 3920 4278 Σικελικῶν

2359 4315 2468 4375 τοῖς
2497 4313 2620 4381 περὶ
2654 4313 2915 4379 Ἀντίοχον
2943 4311 3034 4363 καὶ
3080 4309 3319 4360 Φίλιστον
3341 4351 3353 4373 ,
3376 4309 3406 4378 ἢ
3433 4310 3671 4364 Καλλίαν
3695 4315 3920 4382 Τίμαιπ

2363 4406 2664 4472 συμφωνεῖν
2687 4404 2914 4472 ἠξίωσεν
2933 4419 2946 4433 ·
2971 4401 3076 4453 οὐδ’
3099 4395 3162 4452 αὖ
3191 4399 3315 4470 περὶ
3336 4398 3440 4452 τῶν
3475 4402 3741 4455 Ἀττικῶν
3764 4408 3818 4455 οἱ
3839 4407 3919 4462 ei;

699 4493 977 4562 Ephorum
1015 4491 1269 4556 Tinimus,
1305 4493 1674 4564 Tim-deumque
1716 4501 2059 4566 recentiores,
2101 4503 2252 4556 deni-

2370 4494 2631 4557 Ἀτθίδας
2683 4492 3214 4564 συγγεγραφότες,ἢ
3267 4493 3362 4556 τάς
3392 4494 3518 4564 περὶ
3567 4495 3677 4546 τῶν
3742 4495 3922 4563 Ἀργο-

698 4600 804 4652 que
832 4583 1160 4638 Herodotum
1194 4587 1430 4640 universi
1480 4599 1754 4656 peragant.
1790 4589 1971 4660 Neque
2009 4610 2134 4646 vero
2162 4604 2254 4648 aut

697 4675 764 4726 de
796 4676 957 4729 rebus
1009 4675 1203 4731 Siculis
1231 4678 1416 4731 eadem
1460 4678 1726 4747 Timaeus,
1760 4699 1879 4752 qtue
1933 4685 2251 4750 Antiochus,

694 4762 977 4827 Philistus,
1011 4777 1061 4820 et
1095 4769 1314 4833 Callias,
1347 4773 1546 4825 sentire
1578 4775 1744 4827 voluit
1774 4794 1785 4827 :
1828 4785 1916 4828 aut
1968 4776 2020 4828 in
2052 4776 2253 4829 Attica-

695 4867 839 4916 rum,
895 4853 976 4905 vel
1030 4856 1398 4925 Argoliearum
1461 4861 1706 4924 historia,
1758 4866 1849 4933 qui
1896 4881 2064 4935 genus
2112 4867 2251 4920 idem

695 4944 965 5001 scribendi
994 4960 1314 5014 suscepere,
1350 4953 1580 5006 aliorum
1617 4956 1706 5009 alii
1737 4973 1954 5010 sensum
1991 4967 2253 5011 mentem-

693 5051 798 5104 que
827 5036 994 5090 secuti
1014 5045 1160 5089 sunt.
1190 5037 1507 5108 Quanquam
1533 5046 1660 5113 quid
1684 5062 1743 5099 ea
1771 5050 2016 5117 persequi
2043 5050 2250 5111 attinet,

691 5140 811 5195 quae
837 5143 932 5197 per
959 5130 1122 5183 urbes
1168 5131 1369 5198 passim
1402 5137 1692 5199 contigere,
1757 5151 1808 5191 et
1847 5141 2251 5210 augustioribus

692 5223 914 5275 omnino
942 5223 1251 5289 regionibus
1273 5224 1642 5292 continentur,
1672 5245 1791 5282 eum
1820 5232 1870 5283 in
1899 5233 2011 5301 ipsa
2036 5248 2251 5302 quoque

693 5306 911 5363 Persica
941 5313 1309 5380 expeditione,
1359 5330 1421 5366 ac
1454 5317 1613 5370 rebus
1643 5319 1695 5371 in
1735 5337 1796 5374 ea
1840 5325 2024 5391 gestis,
2066 5325 2252 5377 lauda-

766 5487 876 5561 (M)
921 5490 1046 5542 Ἀπ’
1071 5492 1305 5546 ἐκείνου
1352 5511 1403 5546 τ.
1448 5513 1503 5561 χ.
1543 5493 1721 5546 Malim
1754 5498 1836 5548 ἐπ’
1868 5501 2090 5561 ἐκείνου,
2126 5515 2248 5554 cum

692 5553 925 5638 losepho
953 5575 966 5609 :
995 5573 1152 5628 negat
1191 5565 1334 5616 enim
1358 5553 1556 5638 certam
1586 5564 1730 5638 illius
1757 5570 1851 5619 aevi
1890 5553 2247 5638 cognitionem

695 5625 922 5692 publicis
971 5644 1036 5681 ex
1069 5625 1437 5687 monumentis
1472 5635 1674 5687 hauriri
1709 5651 1896 5702 posse;
1931 5625 2035 5692 non
2073 5647 2248 5692 autem

697 5711 873 5768 rerum
908 5706 1146 5768 tempore
1175 5702 1265 5754 illo
1300 5705 1675 5768 posteriorum.

769 5764 880 5829 (42)
923 5764 1032 5820 Διὰή
1073 5764 1439 5838 γραμμάτων.
1490 5772 1780 5841 Josephum
1836 5786 2056 5832 secutus
2107 5794 2226 5832 sum

2356 4583 2518 4633 λικῶν
2556 4584 2662 4653 (45)
2690 4585 2738 4633 οἱ
2785 4584 2852 4634 τά
2885 4585 3008 4652 περὶ
3043 4584 3240 4652 Ἀργος
3290 4585 3626 4655 ἱστοροῦντες
3671 4582 3916 4651 ἀλλήλοις

2357 4672 2766 4741 ἢκολουθήκασι.
2806 4672 2912 4723 Καὶ
2941 4672 2991 4722 τί
3024 4671 3100 4723 δεῖ
3140 4673 3314 4740 λέγειν
3350 4676 3475 4745 περὶ
3509 4674 3616 4724 τῶν
3652 4673 3807 4724 κατὰ
3841 4677 3916 4725 πο-

2356 4763 2490 4824 λεις,
2552 4765 2640 4815 καὶ
2692 4763 3034 4832 βραχυτέρων
3061 4804 3074 4826 ,
3128 4765 3256 4816 ὅπου
3296 4783 3357 4834 γε
3401 4765 3525 4834 περὶ
3573 4763 3672 4831 τῆς
3717 4765 3909 4835 Περσιι

2357 4855 2455 4921 κῆς
2511 4855 2792 4923 στρατείας
2851 4855 2942 4904 καὶ
2992 4853 3099 4905 τῶν
3153 4857 3209 4907 ἐν
3267 4857 3399 4923 αὐτῇ
3457 4852 3818 4922 πραχθέντων
3877 4861 3913 4907 οἱ

2353 4945 2702 5015 δοκιμώτατοι
2733 4945 3206 5016 διαπεφωνήκασι;
3259 4945 3434 4996 Πολλά
3481 4943 3536 4994 δὲ
3581 4946 3674 4997 καὶ
3713 4945 3915 4999 Gaum-

2352 5037 2498 5106 δίδης
2539 5037 2612 5099 ὼς
2640 5037 2960 5107 ψευδόμενος
3001 5040 3102 5092 ὑπό
3129 5055 3288 5088 τινων
3329 5039 3739 5104 κατηγορεῖται,
3805 5039 3912 5090 καί·

2352 5146 2431 5180 τοι
2461 5129 2629 5180 δοκῶν
2680 5130 3070 5200 ἀκριϐεστάτην
3119 5128 3233 5180 καθ’
3285 5128 3471 5179 ἑαυτὸν
3501 5128 3744 5199 ἱστορίαν
3793 5147 3887 5195 συγ

2351 5214 2598 5284 γράφειν.
2658 5219 2833 5269 Αἰτίαι
2866 5218 2918 5269 δὲ
2960 5219 3056 5285 τῆς
3108 5216 3360 5285 τοιαύτης
3390 5215 3683 5284 διαφωνίας
3725 5219 3909 5270 πολλαὶ

2356 5307 2450 5375 μὲν
2503 5306 2628 5370 ἴσως
2678 5309 2742 5361 ἂν
2803 5310 2892 5364 καὶ
2941 5309 3119 5376 ἕτεραι
3168 5309 3277 5369 τοῖς
3337 5307 3680 5378 βουλομένοις
3732 5310 3907 5377 ζητεῖν

2352 5507 2489 5574 apud
2519 5523 2679 5576 quem
2725 5506 2939 5576 legitur,
2968 5506 3029 5555 ὲκ
3067 5503 3173 5556 τῶν
3215 5505 3490 5574 ᾀσμάτων,
3523 5518 3644 5573 qua:
3672 5517 3804 5556 vera
3837 5504 3902 5555 le-

2352 5587 2634 5712 magal!
2661 5645 2764 5708 τὰς
2812 5645 2939 5710 περὶ
2983 5643 3116 5722 τῷν-
3139 5645 3362 5722 ‘Amjol:
3394 5642 3631 5722 anino
3659 5641 3758 5703 τάς
3789 5641 3904 5694 illud

2350 5716 2632 5770 delendum
2660 5723 2759 5780 est,
2796 5731 2890 5768 nec
2926 5715 3062 5783 apud
3094 5713 3308 5782 Jtlst‘pil.
3341 5713 3556 5780 legitur.
