4038 6330
171 410 281 466 797

1311 409 1628 465 ΡΚᾹΞΡΑΒ.
1672 407 1922 461 EVANG.
1961 405 2089 460 LIB.
2130 405 2197 458 Χ.

3270 406 3368 458 798

165 525 491 594 ἀναφανεῖεν
508 542 522 554 ·
554 523 662 594 ἐγὼ
703 525 760 578 δὲ
783 525 901 578 δυσὶ
929 527 1045 586 ταῖς
1064 524 1508 606 ἐκτεθησομέναις
1531 525 1723 588 αἰτίαις

1829 523 2161 578 tissimorum
2195 521 2518 590 scriptorum
2572 535 2764 590 magna
2806 521 2874 575 sit
2921 521 3236 590 plerumque
3264 522 3373 574 dis-

165 615 273 686 τὴν
303 617 561 687 μεγίστην
610 618 759 687 ἰσχὺν
786 616 1143 686 ἀναϐήσομαι.
1202 619 1311 669 Καὶ
1362 617 1628 686 προτέραν
1666 633 1730 684 γε

166 706 285 776 ἐρῶ
315 707 410 779 τὴν
437 709 768 778 κυριωτέραν
798 705 931 760 εἶναί
965 725 1051 778 μοι
1077 707 1350 762 δοκοῦσαν.
1387 709 1459 760 Τὸ
1493 709 1600 778 γὰρ
1645 706 1732 773 ἐξ-

164 799 464 868 ετασθῆναι
493 799 602 868 (44)
649 799 723 869 μὴ
752 797 1142 868 σπουδασθῆναι
1185 799 1334 869 παρὰ
1360 803 1470 862 τοῖς
1513 798 1732 869 Ἕλλησι

165 890 410 965 δημοσίᾳ
457 890 697 958 γίνεσθαι
745 890 842 953 τὰς
890 891 1014 960 περὶ
1063 889 1168 942 τῶν
1201 891 1454 943 ἑκάστοτε
1503 907 1733 961 πραττο-

173 979 355 1049 μένων
396 982 739 1052 ἀναγραφάς,
789 981 943 1034 τοῦτο
992 980 1219 1051 μάλιστα
1252 979 1315 1050 δὴ
1349 981 1440 1033 καὶ
1466 981 1564 1050 τὴν
1593 981 1726 1033 πλά-

169 1087 295 1140 νην,
336 1072 428 1124 καὶ
470 1070 565 1141 τὴν
623 1071 864 1135 ἐξουσίαν
912 1070 1005 1124 τοῦ
1058 1070 1375 1123 σπεύδεσθαι
1434 1073 1541 1132 τοῖς
1589 1071 1724 1139 μετά

167 1159 350 1212 ταῦτα
403 1160 702 1231 βουληθεῖσι
759 1161 886 1231 περὶ
940 1160 1046 1213 τῶν
1105 1160 1342 1213 παλαιῶν
1391 1177 1444 1212 τι
1498 1159 1725 1230 γράφειν

173 1251 465 1321 παρέσχεν.
516 1253 589 1304 Οὐ
617 1252 725 1321 γὰρ
777 1253 932 1321 μόνον
981 1252 1127 1323 παρὰ
1172 1255 1281 1314 τοῖς
1315 1251 1492 1314 ἄλλοις
1537 1251 1726 1320 ’Έλλη-

173 1358 262 1394 στν
314 1341 558 1411 ἠμελήθη
610 1341 679 1394 τὰ
735 1342 858 1411 περὶ
902 1342 996 1404 τὰς
1042 1337 1398 1410 ἀναγραφὰς,
1453 1342 1565 1393 ἀλλ’
1608 1342 1724 1394 οὐδὲ

171 1433 311 1502 παρ’
340 1433 516 1494 αὐτοῖς
557 1430 850 1501 Ἀθηναίοις
870 1469 897 1494 ,.
917 1431 1007 1494 οὓς
1036 1431 1354 1500 αὐτόχθονας
1378 1426 1515 1485 εἶναι
1541 1433 1724 1500 λέγου-

169 1541 262 1588 σι,
323 1527 415 1578 καὶ
461 1525 702 1588 παιδείας
747 1524 1047 1594 ἐπιμελεῖς,
1102 1524 1249 1576 οὐδὲν
1301 1523 1535 1576 τοιοῦτον
1582 1524 1725 1592 εὑρί-

175 1631 366 1668 σκεται
411 1615 728 1685 γενόμενον·
799 1614 932 1667 ἀλλά
995 1614 1100 1665 τῶν
1143 1613 1411 1682 δημοσίων
1469 1613 1724 1683 γραμμά-

1829 615 2053 672 sensio?
2084 613 2312 670 Prorsus
2347 614 2511 685 579
2537 623 2595 668 ut
2625 615 2738 683 ipse
2765 629 2981 682 quoque
3013 613 3370 683 Thucydides,

1829 707 1955 761 licet
1984 705 2447 760 accuratissimam
2489 716 2790 774 temporum
2822 719 3044 758 suorum
3091 704 3372 757 historiam

1830 796 2163 865 perscribere
2192 796 2457 862 videatur,
2492 811 2522 849 a
2556 796 2830 849 nonnullis
2859 806 3038 848 tamen
3080 794 3279 848 erroris
3309 810 3374 848 at:

1829 888 2082 942 vanitatis
2127 895 2403 957 arguatur.
2450 886 2618 956 Cujus
2663 902 2793 940 sane
2823 886 3054 948 discidii,
3103 901 3224 938 eum
3256 885 3374 938 alia!

1829 979 2076 1033 fortassis
2115 978 2360 1047 plurima:
2409 977 2532 1032 aliis
2563 979 2616 1030 in
2666 977 2795 1031 illud
2841 977 3246 1045 anquirentibus
3280 993 3373 1030 oc-

1829 1084 2047 1126 currere
2095 1071 2335 1139 possint,
2381 1079 2493 1124 tum
2542 1070 2640 1123 has
2691 1069 2958 1138 praecipue
2990 1069 3126 1122 duas
3176 1071 3372 1123 sunnni

1832 1162 2084 1217 momenti
2110 1177 2304 1216 causas
2332 1176 2452 1216 esse
2481 1161 2737 1229 intelligo.
2766 1160 2941 1228 Atque
2969 1168 3026 1212 nt
3055 1161 3120 1213 ab
3141 1175 3224 1223 ea,
3255 1175 3376 1230 quae

1831 1254 1961 1306 mihi
1992 1253 2164 1322 potior
2197 1253 2423 1314 videtur,
2455 1252 2728 1319 incipiam,
2764 1267 2885 1304 cum
2917 1259 3084 1303 totum
3117 1251 3242 1304 illud
3286 1267 3373 1305 res

1829 1359 1942 1407 cas,
1983 1359 2103 1411 qua:
2135 1343 2331 1411 ubique
2362 1342 2569 1404 fierent,
2617 1340 2860 1409 publicas
2893 1341 2944 1392 in
2987 1341 3198 1393 tabulas
3236 1338 3373 1394 refe—

1828 1434 1980 1488 rendi
2027 1432 2262 1487 studium
2294 1449 2322 1486 a
2366 1431 2566 1486 Grzecis
2590 1432 2702 1500 jam
2748 1448 2920 1500 usque
2967 1433 3034 1485 ab
3081 1433 3234 1485 initio
3284 1448 3374 1484 ne-

1829 1526 2055 1594 glectum
2095 1525 2302 1586 fuisset,
2337 1524 2387 1577 id
2424 1539 2554 1578 sane
2602 1539 2723 1577 cum
2753 1524 2924 1577 errori
2961 1524 3191 1577 maxime
3233 1523 3372 1575 viam

1829 1615 2054 1683 aperuit,
2086 1623 2198 1667 tum
2233 1614 2298 1667 iis
2331 1615 2489 1667 etiam
2523 1613 2793 1673 erunibus,
2826 1613 2918 1680 qui
2952 1613 3016 1666 de
3045 1613 3203 1665 rebus
3233 1612 3375 1664 anti-

169 1724 282 1758 των
337 1707 717 1776 ἀρχαιοτάτους
767 1702 900 1758 εἷναί
947 1722 1076 1774 φασι
1123 1706 1246 1767 τοὺς
1299 1704 1402 1758 ὑπὸ
1433 1707 1724 1775 Δράκοντος

1827 1707 2110 1777 quioribus
2164 1706 2400 1759 scribere
2454 1706 2790 1768 cogitarent,
2857 1706 3122 1757 licentiam
3182 1704 3376 1757 obtulit

179 1791 360 1853 αὐτοῖς
394 1793 520 1863 περὶ
555 1794 661 1845 τῶν
705 1795 934 1862 φονικῶν
977 1796 1276 1865 γραφέντας
1312 1797 1530 1866 νόμους,
1561 1796 1720 1865 ὀλίγῳ

179 1883 444 1952 πρότερον
494 1884 590 1952 τῆς
649 1885 1028 1955 Πεισιστράτου
1087 1887 1387 1956 τυραννίδος
1442 1887 1720 1956 ἀνθρώπου

176 1972 480 2036 γεγονότος.
509 1973 641 2042 Περὶ
688 1973 783 2041 μὲν
828 1975 931 2044 γὰρ
977 1975 1242 2044 Ἀρκάδων
1286 1976 1336 2027 τί
1383 1976 1484 2045 χρὴ
1516 1976 1718 2044 λέγειν,

179 2058 490 2127 αὐχούντων
535 2063 896 2132 ἀρχαιότητα;
943 2062 1090 2132 μόλις
1128 2064 1232 2132 γὰρ
1273 2058 1408 2116 οὗτοι
1453 2065 1542 2114 καὶ
1589 2063 1720 2132 μετά

177 2148 349 2200 ταῦτα
399 2151 715 2219 γράμμασιν
768 2151 1170 2221 ἐπαιδεύθησαν.
1231 2152 1355 2202 "Ars
1420 2153 1482 2219 δὴ
1544 2153 1719 2203 τοίνυν

175 2239 436 2308 οὐδεμιᾶς
482 2241 919 2312 προϐεϐλημένης
975 2243 1316 2312 ἀναγραφῆς,
1370 2242 1402 2310 ἦ
1458 2243 1546 2294 καὶ
1597 2244 1716 2304 τοὺς

179 2329 374 2396 μαθεῖν
409 2331 756 2402 βουλομένους
800 2331 1022 2396 διδάξειν
1064 2334 1269 2402 ἔμελλε,
1313 2336 1404 2386 καὶ
1440 2334 1560 2396 τοὺς
1588 2333 1719 2401 ψευ-

171 2417 431 2485 δομένους
484 2420 716 2488 ἐλέγξειν
738 2465 751 2487 ,
795 2423 829 2493 ἡ
888 2422 1051 2491 πολλὴ
1104 2423 1233 2494 πρὸς
1299 2422 1552 2493 ἀλλήλους
1603 2423 1722 2490 ἐγέ-

167 2531 296 2566 νετο
338 2513 594 2581 διαφωνία
618 2517 729 2577 τοίς
772 2512 1154 2583 συγγραφεῦσι.
1214 2513 1475 2583 Δευτέραν
1503 2512 1559 2564 δὲ
1595 2511 1729 2583 πρὸς

165 2607 377 2674 ταύτην
423 2605 601 2658 θετέον
635 2605 846 2676 ἐκείνην
875 2604 968 2674 τὴν
998 2605 1195 2659 αἰτίαν.
1279 2604 1339 2655 Οἱ
1384 2602 1489 2674 γὰρ
1534 2603 1625 2654 ἐπὶ
1669 2602 1728 2655 τό

164 2699 402 2768 γράφειν
446 2697 778 2766 ὁρμήσαντες
810 2696 869 2748 οὑ
921 2695 1049 2773 περι
1099 2694 1195 2767 τὴν
1245 2693 1494 2764 ἀλήθειαν
1538 2694 1728 2746 ἐσπού-

163 2791 367 2853 δασαν,
416 2789 588 2842 καίτοι
619 2787 772 2840 τοῦτο
811 2787 1096 2857 πρόχειρον
1138 2786 1317 2847 αὐτοῖς
1359 2788 1504 2838 ἐστιν
1541 2787 1627 2838 ἀεὶ⁹
1668 2783 1728 2837 τὸ

166 2881 525 2952 ἐπάγγελμα·
593 2880 764 2946 λόγων
807 2877 863 2929 δὲ
906 2876 1131 2946 δύναμιν
1180 2875 1583 2928 ἐπεδείκνυντο·
1635 2877 1727 2928 καὶ

166 2973 298 3027 καθ’
343 2973 521 3025 ὅντινα
565 2971 763 3042 τρόπον
803 2970 861 3021 ἐν
902 2970 1075 3047 τούτῳ
1116 2968 1577 3038 παρευδοκιμῆσαι
1605 2971 1728 3031 τοὺς

1829 1799 2044 1866 impune
2067 1796 2377 1852 mentiendi.
2408 1794 2516 1849 Nec
2544 1797 2684 1849 enim
2715 1797 2914 1864 reliqua
2941 1796 3199 1848 duntaxat
3227 1795 3374 1848 Gne-

1827 1905 2012 1943 corum
2045 1889 2191 1942 natio
2213 1888 2353 1942 hanc
2380 1888 2682 1942 tabularum
2707 1887 3155 1941 eonﬁciendarum
3186 1901 3373 1938 curam

1821 1979 2003 2046 jacere
2029 1979 2274 2044 permisit
2302 1996 2314 2030 :
2353 1978 2444 2030 sed
2480 1995 2543 2031 ne
2568 1979 2706 2046 apud
2741 1978 3092 2031 Athenienses
3123 1977 3370 2044 quidem,

1828 2086 1975 2139 quos.
1996 2080 2170 2122 tamen
2204 2079 2257 2121 ct
2284 2071 2579 2138 indigenas,
2621 2079 2672 2122 et
2697 2069 3103 2137 ςίἰειυὶιιιὶιιονιιιιι
3135 2069 3373 2134 apprime

1828 2160 2099 2215 studiosos
2128 2174 2246 2212 esse
2293 2158 2487 2217 ferunt,
2535 2157 2825 2226 quidquam
2868 2158 3131 2224 ejusmodi
3173 2157 3370 2210 factum

1829 2249 2062 2318 reperias
2091 2267 2104 2302 ;
2137 2263 2259 2300 eum
2291 2263 2319 2300 e
2363 2247 2590 2316 publicis
2619 2247 2834 2314 quidem
2866 2247 3077 2309 litteris,
3110 2247 3373 2313 antiquis-

1829 2341 1997 2396 simas
2027 2341 2170 2408 leges
2202 2356 2293 2394 eas
2332 2339 2496 2395 fuisse
2523 2341 2754 2403 tradant,
2787 2355 2920 2405 quas
2951 2338 3080 2406 ipsis
3114 2338 3282 2390 Draco
3307 2339 3374 2390 de

1828 2430 1970 2483 caede
1999 2430 2135 2488 tulit,
2169 2424 2334 2482 homo
2360 2429 2450 2496 qui
2487 2428 2726 2500 _nonnisi
2757 2427 2914 2494 paulo
2953 2434 3074 2479 ante
3109 2425 3370 2479 Pisistrati

1825 2521 2166 2590 tyrannidem
2199 2520 2371 2573 lucem
2405 2529 2702 2588 aspexerat.
2736 2517 2867 2571 Nam
2896 2517 3162 2570 Arcadum
3193 2517 3375 2568 memi-

1829 2613 1972 2664 nisse
2015 2611 2144 2679 quid
2191 2611 2398 2674 attinet,
2433 2610 2522 2677 qui
2552 2624 2672 2662 cum
2705 2609 2769 2662 de
2799 2623 2895 2661 sua
2920 2617 3196 2674 tantopere
3223 2615 3374 2659 vetu-

1828 2710 1969 2754 state
1997 2702 2314 2770 glorientur,
2347 2701 2435 2752 vix
2474 2708 2648 2754 tamen
2677 2700 2832 2752 etiam
2865 2707 2984 2767 post
3011 2699 3097 2750 illa
3133 2707 3370 2764 tempora

1827 2792 2124 2846 litterarum
2192 2792 2469 2845 informari
2536 2792 2842 2860 cognitione
2908 2788 3234 2855 coeperunt?
3296 2788 3370 2841 lta

1825 2883 2004 2949 plane,
2030 2899 2150 2935 eum
2177 2884 2432 2934 vetustior
2457 2882 2878 2933 commentarius
2908 2879 3087 2931 nullus
3115 2885 3370 2939 exstaret,

1827 2971 1918 3039 qui
1971 2971 2052 3024 vel
2099 2971 2290 3023 docere
2322 2967 2561 3022 discendi
2611 2968 2874 3034 cupidos,
2923 2964 3004 3016 vel
3058 2963 3373 3016 mentientes

166 3065 366 3125 ἄλλους
391 3063 764 3132 ὑπελάμϐανον
785 3100 798 3124 ,
834 3061 972 3113 κατά
1012 3060 1194 3113 τοῦτον
1229 3059 1552 3130 ὴρμόζοντο·
1588 3060 1724 3122 τινὲς

1826 3077 2045 3131 urgueri~
2072 3070 2271 3130 posset,
2300 3058 2532 3112 maxima
2561 3068 2642 3111 est
2667 3074 2740 3110 set
2759 3057 2956 3123 iptores
2984 3054 3117 3105 inter
3143 3052 3373 3105 excitata

169 3155 275 3224 μὲν
324 3155 415 3204 ἐπὶ
461 3153 520 3204 τὸ
556 3152 864 3224 μυθολογεῖν
911 3150 1270 3221 τραπόμενοι,
1321 3151 1463 3212 τινὲς
1514 3150 1569 3202 δὲ
1596 3150 1728 3220 πρὸς

164 3244 332 3312 χάριν
354 3282 366 3302 ,
417 3242 450 3314 ἢ
477 3241 574 3304 τὰς
606 3241 786 3303 πόλεις
805 3281 818 3303 ,
857 3241 889 3310 ἢ
919 3242 1043 3301 τοὺς
1077 3238 1326 3307 βασιλέας
1354 3241 1692 3303 ἐπαινοῦντες
1711 3257 1724 3270 ⁸

164 3336 318 3388 ἄλλοι
361 3333 418 3385 δὲ
467 3334 556 3384 ἐπί⁵
599 3331 660 3383 τὸ
708 3333 1025 3400 κατηγορεῖν
1069 3331 1175 3380 τῶν
1225 3329 1506 3398 πράξεων,
1560 3330 1728 3399 ῆτῶν

162 3425 518 3498 γεγραφότων
543 3421 850 3493 ἐχώρησαν,
897 3421 1268 3490 εὐδοκιμήσειν
1297 3423 1352 3472 ἐν
1382 3421 1552 3489 τούτῳ
1580 3422 1728 3491 νομί-

166 3524 374 3584 ζοντες.
439 3519 607 3579 Ὅλως
632 3515 778 3568 δὲτὸ
831 3515 1043 3567 πάντων
1097 3513 1475 3565 ἐναντιώτατον
1522 3513 1728 3583 ἱστορίᾳ

167 3611 499 3681 πράττοντες
534 3605 863 3658 διατελοῦσιο
898 3587 996 3672 τῆς
1043 3604 1138 3673 μέν
1185 3603 1291 3674 γάρ
1337 3602 1567 3671 ἀληθοῦς
1613 3603 1726 3654 ἐστι

165 3702 465 3770 τεκμήριον
499 3698 765 3767 ἱστορίας,
809 3697 856 3746 εἰ
891 3695 1016 3764 περὶ
1046 3694 1152 3746 τῶν
1181 3694 1360 3746 αὐτῶν
1393 3695 1627 3756 ἆπαντες
1660 3694 1727 3746 τὰ

170 3793 314 3849 αὑτά
363 3792 455 3843 καὶ
504 3789 711 3856 λέγοιεν
744 3787 833 3838 καὶ
863 3784 1154 3855 γράφοιεν·
1193 3788 1240 3837 οί
1293 3785 1384 3847 δέ,
1435 3787 1484 3837 εἰ
1537 3786 1609 3856 μὴ
1659 3785 1728 3838 τά

170 3884 315 3938 αὐτὰ
367 3879 630 3954 γράψειαν
686 3879 930 3947 ἐτέροις,
992 3874 1160 3936 οὓτως
1219 3874 1525 3944 ἐνομίζοντο
1576 3877 1727 3930 αὐτοὶ

172 3972 455 4041 φαίνεσθαι
509 3970 722 4023 πάντων
780 3965 1142 4036 ἀληθέστατοι.
1202 3983 1219 4014 ι
1284 3965 1531 4020 Τοσαῦτα
1563 3967 1655 4019 καὶ
1699 3967 1728 4017 ὁ

179 4065 456 4134 Ἰώσηπος.
511 4060 678 4128 Εῖηδ’
726 4058 790 4112 ἂν
836 4057 941 4109 τῶν
968 4055 1266 4126 εἰρημένων
1319 4057 1725 4126 ἐπισφράγισμα

167 4155 269 4210 καὶ
294 4157 328 4225 ἡ
362 4154 620 4223 Διοδώρου
665 4150 931 4222 μαρτυρία
956 4189 970 4212 ,
1027 4149 1093 4216 ἣν
1126 4145 1233 4197 ἀπὸ
1264 4146 1353 4221 τοῦ
1388 4146 1598 4215 πρώτου
1627 4149 1726 4216 τῆς

170 4245 528 4314 συναχθείσης
550 4242 695 4311 αὑτῷ
715 4239 1100 4308 Βιϐλιοθήκης
1129 4237 1531 4307 παραθήσομαι,
1557 4237 1725 4300 οὕτως

167 4340 413 4409 ἔχουσαν
433 4334 564 4405 πρὸς
598 4333 759 4396 λέξιν.

1829 3157 2117 3212 dissensio.
2171 3154 2267 3208 Cui
2320 3162 2374 3206 tu
2422 3167 2597 3206 causa:
2647 3151 2869 3203 alteram
2921 3149 3057 3200 hanc
3112 3147 3374 3214 adjungas

1828 3249 1971 3303 licet.
2014 3247 2115 3310 Qui
2145 3247 2285 3300 enim
2314 3247 2380 3299 ad
2421 3243 2762 3299 scribendum
2795 3257 2912 3296 sese
2944 3239 3304 3302 contulerunt,
3335 3237 3370 3289 ii

1829 3353 1934 3390 non
1979 3337 2218 3390 veritatis
2264 3338 2447 3402 utique
2486 3335 2665 3389 studio
2702 3333 3050 3408 ducebantur,
3102 3331 3222 3381 licet
3272 3329 3372 3379 hoc.

1826 3427 2066 3496 proﬁteri
2115 3427 2353 3480 solemne
2382 3407 2582 3495 passim
2641 3423 2891 3477 omnibus
2951 3419 3370 3483 tralatitiumque

1826 3518 1896 3572 sit
1922 3536 1934 3569 :
1965 3517 2055 3570 sed
2095 3517 2202 3568 vim
2233 3515 2494 3568 orationis
2518 3528 2677 3566 unam
2708 3510 3080 3571 ostendebant,
3111 3515 3271 3575 atque
3297 3507 3367 3558 ita

1824 3622 1931 3672 quo
1945 3620 2003 3660 se
2021 3605 2246 3673 quisque
2263 3618 2455 3672 genere
2473 3601 2605 3656 alios
2622 3609 2995 3669 superaturum
3009 3613 3127 3651 esse
3142 3597 3372 3649 maxime

1826 3695 2147 3758 conﬁdebat,
2183 3697 2234 3747 in
2274 3709 2338 3747 eo
2390 3694 2699 3747 elaborabat
2742 3691 3052 3763 plurimum.
3099 3688 3235 3756 Ergo
3279 3687 3368 3739 alii

1824 3789 2035 3842 fabulas
2085 3795 2297 3850 texere,
2331 3785 2419 3838 alii
2461 3785 2737 3839 civitatum
2773 3791 2864 3835 aut
2896 3795 3078 3846 regum
3134 3779 3368 3831 benevo-

1825 3880 2042 3934 lentiam
2093 3888 2145 3933 et
2189 3878 2413 3948 gratiam
2463 3874 2861 3929 laudationibus
2904 3869 3163 3923 eblandiri
3193 3882 3370 3933 cmpe-

1825 3981 1989 4026 runt:
2037 3970 2281 4023 nonnulli
2331 3983 2416 4022 res
2451 3968 2626 4035 ipsas,
2683 3973 2772 4017 aut
2822 3963 3029 4014 illarum
3081 3959 3369 4026 scriptores

1824 4074 2044 4128 carpere
2074 4074 2134 4112 ac
2171 4061 2472 4123 vituperare
2508 4055 2850 4110 maluerunt,
2887 4050 3029 4120 quod
3072 4048 3122 4099 in
3154 4062 3218 4100 eo
3251 4062 3371 4100 sese

1824 4149 2034 4202 facilius
2057 4149 2314 4201 excellere
2341 4159 2498 4213 posse
2523 4151 2816 4211 sperarent.
2846 4141 3108 4193 Cmterum
3135 4139 3219 4191 isti
3247 4152 3368 4190 cum

1823 4239 2063 4292 historia:
2109 4239 2314 4305 legibus
2364 4235 2586 4288 omnino
2632 4241 2888 4302 pugnant.
2924 4231 3059 4285 Cum
3115 4229 3255 4280 enim
3305 4242 3369 4280 eo

1822 4327 2156 4394 potissimum
2176 4331 2490 4393 argumento
2508 4321 2742 4377 historiae
2763 4320 2957 4374 veritas
2974 4315 3366 4384 comprobetor,

167 4407 232 4484 si
263 4429 329 4483 de
355 4425 514 4479 rebus
565 4423 752 4490 iisdem
798 4421 983 4476 eadem
1032 4433 1218 4474 omnes
1262 4416 1610 4486 pronuntient
1657 4433 1721 4472 ac
1756 4419 2038 4484 scribant;
2094 4419 2164 4471 ita
2226 4431 2348 4472 sese
2433 4416 2643 4470 demum
2694 4412 2780 4466 isti
2818 4409 3063 4485 maxime
3138 4407 3369 4474 reliquos

165 4535 362 4578 omnes
390 4515 629 4570 veritatis
679 4515 930 4581 opinione
978 4514 1323 4582 superatur-es
1355 4517 1656 4578 putarunt,
1712 4511 1828 4564 siab
1892 4511 2115 4580 reliquis
2178 4511 2410 4563 maxime
2460 4504 2803 4559 dissiderent.
2841 4519 2859 4551 ι
2910 4498 3176 4552 Hactenus
3208 4499 3366 4549 etiam

171 4624 458 4681 rese-pnus"
500 4604 661 4676 480
695 4603 934 4668 Quorum
969 4606 1214 4658 omnium
1252 4601 1521 4672 quoddam
1565 4603 1719 4670 quasi
1751 4604 1984 4672 sigillum
2020 4614 2137 4657 esto
2168 4601 2379 4654 Diodori
2443 4594 2833 4654 testimonium,
2877 4591 3020 4661 quod
3086 4606 3147 4644 ex
3196 4587 3368 4656 primo

167 4703 415 4760 conflata:
438 4700 506 4754 al)
531 4712 594 4752 eo
615 4696 949 4780 Bibliotheca
975 4695 1328 4776 proferemus.
1363 4694 1452 4748 Sic
1480 4693 1620 4746 enim
1665 4695 1730 4747 ad
1768 4697 1986 4750 verbum
2029 4695 2206 4747 habet.

692 4849 1073 4911 ΚΕΦᾹΛΑΙΟΝ
1119 4859 1162 4908 Η
1177 4865 1207 4906 ’.

307 4955 436 5008 Ἔτι
457 4952 587 5020 περὶ
619 4952 722 5004 τοῦ
750 4945 930 5001 αὐτοῦ
950 4987 963 5008 ,
991 4947 1106 4999 ἀπὸ
1135 4947 1250 4999 τῶν
1280 4947 1583 5014 Διοδώρου.

247 5063 267 5096 ι
287 5044 501 5097 Τούτων
524 5044 566 5095 δ’
591 5045 716 5112 ἡμῖν
743 5040 851 5109 (45)
881 5038 1330 5106 διευκρινημένων
1350 5078 1364 5102 ,
1403 5039 1588 5108 ῥητέον
1610 5038 1720 5090 ὅσοι

167 5137 280 5190 τῶν
325 5135 451 5206 παρ’
501 5133 721 5202 Ἕλλησι
778 5127 1164 5196 δεδοξασμένων
1221 5128 1313 5178 ἐπὶ
1369 5130 1576 5180 συνέσει
1630 5128 1721 5178 καὶ

169 5227 392 5296 παιδείᾳ
437 5223 739 5293 παρέϐαλον
789 5223 868 5284 είς
915 5218 1181 5284 Αἴγυπτον
1223 5218 1279 5268 ἐν
1328 5221 1440 5279 τοῖς
1479 5217 1722 5287 ἀρχαίοις

170 5323 382 5395 χρόνοις
401 5358 416 5380 ,
453 5319 536 5370 ἵνα
573 5316 678 5367 τῶν
708 5315 935 5367 ἐνταῦθα
967 5312 1206 5381 νομίμων
1234 5311 1325 5361 καὶ
1355 5310 1596 5373 παιδείας
1629 5328 1722 5380 με-

169 5417 463 5483 τάσχωσιν.
525 5409 588 5460 Οἱ
625 5406 732 5476 γάρ
762 5406 926 5475 ἱερεῖς
964 5404 1068 5456 τῶν
1095 5400 1397 5468 Αἰγυπτίων
1426 5400 1722 5469 ἱστοροῦσιν

171 5511 238 5558 ἐκ
269 5502 375 5556 τῶν
401 5496 726 5569 ἀναγραφῶν
756 5495 862 5548 τῶν
901 5499 955 5547 ἐν
985 5496 1102 5555 ταῖς
1129 5493 1294 5562 ἱεραῖς
1327 5489 1521 5559 βίϐλοις
1546 5506 1719 5558 παραη

169 5596 358 5650 σαλεῖν
398 5592 530 5663 πρὸς
555 5589 774 5649 ἑαυτοὺς
815 5585 1011 5656 Ὀρφέα
1038 5602 1096 5636 τε
1144 5584 1235 5636 καὶ
1280 5583 1574 5646 Μουσαῖον,
1626 5584 1718 5633 καὶ

173 5727 357 5866 ἑἔξω
373 5719 830 5807 ’Ἐξετασθῆνημ
860 5717 1243 5787 Corrigendum
1267 5731 1329 5770 ex
1353 5713 1584 5783 .losepho
1607 5723 1714 5769 est:

307 5811 456 5866 ρχης-

307 5811 456 5868 exn:-

1753 4863 1801 4917 D
1829 4843 1831 4845 ,

2409 4837 2632 4893 CAPUT
2665 4837 2792 4890 Vlll.

2069 4933 2151 4988 Ex
2187 4933 2410 4985 Diodoro
2439 4934 2488 4984 in
2511 4932 2742 4983 eamdem
2770 4926 3091 4980 sententiam.

1902 5049 1918 5080 ι
1951 5028 2064 5092 liis,
2097 5025 2290 5093 inquit,
2321 5039 2350 5076 a
2380 5024 2532 5077 nobis
2548 5023 2824 5089 diligenter
2844 5016 3155 5079 cuueleatis,
3187 5024 3366 5068 osten-

1825 5120 2057 5179 dendum
2094 5117 2249 5170 nobis
2274 5128 2374 5178 est,
2405 5131 2565 5184 quam
2597 5111 2747 5165 multi
2781 5109 3088 5162 Grtccorum
3131 5121 3237 5160 non
3268 5107 3367 5159 tnie

1828 5228 1928 5264 nus
1979 5206 2301 5277 prudentia,
2357 5220 2515 5274 quam
2565 5201 2866 5254 eruditione
2927 5205 3257 5266 praestantes,
3311 5195 3363 5246 in

1826 5301 2112 5370 Egyptum
2144 5299 2272 5351 olim
2312 5295 2531 5365 profecti
2562 5293 2689 5356 sint,
2728 5301 2783 5343 ut
2811 5291 2929 5359 ejus
2967 5288 3144 5358 populi
3186 5300 3364 5338 mores

1824 5392 2187 5459 doctrinaque
2215 5405 2382 5460 genus
2415 5394 2818 5454 cognoscerent.
2852 5382 3133 5434 Enimvero
3182 5391 3364 5428 sacer-

1824 5485 1972 5536 dotes
2013 5479 2244 5551 Ailgyptii
2295 5491 2569 5532 sacrorum
2603 5475 2858 5527 librorum
2894 5468 3208 5522 auctoritate
3237 5482 3365 5518 cou~

1825 5568 2060 5634 ﬁrmant,
2115 5573 2179 5626 ad
2216 5587 2343 5626 suos
2391 5568 2661 5636 Orpheum
2715 5563 3020 5633 aliquando,
3060 5558 3316 5612 Muswmn
3347 5595 3368 5632 ,γ

1896 5708 2004 5776 (45)
2042 5704 2341 5776 Τούτωκῄ
2376 5699 2772 5776 ἡμῖν-..οἰοιῘΟ-Γί
2805 5698 2954 5752 locus
2997 5704 3076 5750 est
3105 5712 3169 5750 ex
3218 5694 3311 5762 lib.

1824 5768 2093 5843 mutat/1.,
2110 5793 2227 5846 pag.
2251 5774 2338 5838 86,
2354 5773 2476 5826 edit.
2505 5768 2837 5829 Graeco-Lat.
