3994 6340
3816 429 3887 482 800

720 535 1128 604 Melampodem,
1163 551 1224 588 ac
1256 534 1564 598 Daedalum,
1613 553 1823 590 necnon
1876 549 1930 593 et
1989 540 2262 594 llomerun

2383 539 2744 609 Μελάμποδα,
2777 541 2869 592 καὶ
2901 541 3150 592 Δαίδαλον
3170 581 3183 603 ,
3217 539 3348 609 πρὸς
3375 540 3430 591 δὲ
3459 539 3665 602 τούτοις
3697 539 3888 611 Ὀμηῴν

719 636 955 694 poetam,
988 625 1290 696 Lycurgum
1323 627 1670 693 Spartiatem,
1705 627 1956 683 Solonem
1987 632 2266 684 Athenien-

2379 649 2436 681 τε
2481 632 2570 682 τὸν
2633 632 2890 701 ποιητὴν,
2958 635 3050 684 καὶ
3095 632 3399 701 Λυκοῦργον
3431 632 3519 683 τὸν
3562 633 3886 702 Σπαρτιάτην·

720 731 854 782 sem,
888 716 1167 770 Platonem
1195 717 1601 786 philosophum,
1630 718 1986 789 Pythagoram
2013 721 2266 776 Samium,

2379 720 2457 772 ἔτι
2511 721 2562 772 δὲ
2609 722 2821 773 Σόλωνα
2868 723 2959 774 τὸν
3019 723 3330 791 Ἀθηναῖον,
3386 723 3479 774 καὶ
3537 721 3788 774 Πλάτωνα
3827 725 3889 775 τὸν

721 807 1000 861 Eudoxum
1028 809 1471 863 mathematicum
1495 851 1509 875 ,
1547 810 1909 865 Democritum
1945 814 2266 882 Abderitam1

2381 810 2684 879 φιλόσοφον.
2761 811 2962 863 Ἐλθεῖν
2989 812 3044 864 δὲ
3089 813 3181 864 καὶ
3227 811 3541 882 Πυθαγόραν
3584 813 3674 864 τὸν
3714 813 3888 882 Σάμιον,

718 911 769 953 et
798 899 1134 968 (Enopidam
1168 895 1373 954 Chium
1395 904 1711 959 accessisse.
1763 905 2003 970 Quorum
2053 909 2127 961 illi
2161 921 2266 962 mo-

2381 903 2473 956 καὶ
2497 903 2585 956 τὸν
2612 903 2987 974 μαθηματικὸν
3011 904 3231 971 Εΰδοξον
3255 943 3270 967 ,
3295 903 3371 956 ἔτι
3413 905 3468 956 δὲ
3489 906 3582 956 καὶ
3603 905 3890 975 Δημόκριτον

717 1000 968 1044 numenta
1003 979 1248 1060 quaedam
1279 994 1578 1047 etiamnum
1614 1006 2018 1063 reprzesentant,
2049 999 2266 1053 aliorum

2377 994 2470 1046 τὸν
2515 995 2867 1066 Ἀϐδηρίτην,
2921 997 3014 1048 καὶ
3061 995 3338 1064 Οἰνοπίδην
3364 995 3454 1047 τὸν
3495 997 3641 1047 Χῖον.
3713 995 3890 1049 Πάντων

717 1082 936 1150 quidem
999 1086 1284 1154 imagines,
1314 1085 1543 1138 aliorum
1577 1102 1724 1154 vero,
1755 1090 1948 1155 partim
1989 1090 2125 1154 loca,
2161 1107 2266 1159 par-

2378 1085 2435 1136 δὲ
2474 1085 2676 1137 τούτων
2721 1089 2920 1155 σημεῖα
2951 1086 3282 1149 δεικνύουσι,
3330 1085 3435 1138 τῶν
3488 1089 3583 1157 μὲν
3610 1127 3622 1150 ,
3687 1089 3890 1151 εἰκόνας,

717 1175 810 1228 tim
860 1191 1020 1244 opera
1052 1179 1297 1246 quaedam
1330 1178 1570 1246 ipsorum
1607 1181 1978 1246 cognomentis
2025 1181 2266 1251 insignia.

2376 1176 2484 1242 τῶν
2512 1174 2566 1226 δὲ
2597 1174 2774 1226 τόπων
2820 1176 2852 1243 ἢ
2904 1177 3434 1247 κατασκευασμάτων
3481 1176 3588 1246 (46)
3616 1177 3890 1248 ὁμωνύμους

716 1264 1023 1330 Quinetiam
1050 1284 1115 1320 ex
1148 1270 1408 1338 singulari
1437 1272 1701 1340 cujusque
1735 1287 1796 1324 ac
1825 1273 2043 1340 praprio
2071 1272 2266 1326 doctri-

2378 1265 2762 1335 προσηγορίας.
2835 1266 2936 1317 Ἕκ
2966 1281 3024 1353 με
3057 1266 3152 1335 τῆς
3196 1267 3406 1336 ἑκάστῳ
3446 1265 3770 1338 ζηλωθείσης
3796 1285 3890 1320 παι-

717 1374 801 1412 na:
834 1375 1028 1428 genere
1057 1361 1108 1414 id
1143 1363 1315 1430 ipsum
1351 1363 1638 1416 manifeste
1683 1363 1962 1432 colligunt,
1997 1364 2123 1417 dum
2159 1379 2266 1428 eos,

2375 1356 2520 1419 δείας
2555 1356 2851 1422 ἀποδείξεις
2892 1347 3153 1427 φέρουσι,
3195 1359 3531 1421 συνιστάντες
3567 1359 3626 1423 ἐξ
3658 1359 3891 1426 Αἰγύπτου

714 1451 976 1519 quidquid
1025 1461 1231 1505 tantum
1274 1456 1430 1522 ipsis
1461 1455 1601 1524 apud
1648 1453 1864 1509 Grrecos
1903 1455 2266 1508 admirationis

2379 1448 2783 1518 μετενηνοχέναι
2828 1449 3043 1510 πάντα,
3101 1449 3166 1500 δι’
3215 1443 3287 1502 ὧν
3339 1450 3489 1520 παρά
3535 1454 3647 1512 τοῖς
3676 1449 3894 1519 Ἕλλησιν

713 1529 940 1607 peperit,
991 1540 1041 1592 id
1093 1550 1262 1595 totum
1316 1559 1380 1597 ex
1417 1543 1650 1613 Aigypto
1694 1544 2009 1613 deportasse
2052 1545 2266 1598 demon-

2376 1539 2503 1591 ὲθαυ
2512 1538 2687 1608 μάσθη
2696 1555 2810 1592 σαν.

712 1639 906 1683 strant.
943 1631 1172 1701 Quippe,
1202 1632 1475 1702 Orpheum
1520 1637 1664 1690 enim
1692 1647 1896 1705 partem
1927 1637 2274 1706 mysticorum

715 1736 997 1776 sacrorum
1032 1725 1347 1788 maximam,
1378 1742 1606 1795 qumque
1635 1726 1701 1779 de
1727 1719 1898 1795 ipsius
1921 1743 2102 1780 errore
2126 1729 2266 1799 orgia

2376 1719 2486 1789 (47)
2524 1720 2904 1790 ὀργιαζόμενα,
2936 1723 3029 1773 καὶ
3068 1721 3162 1788 τὴν
3200 1721 3304 1774 τῶν
3333 1722 3389 1773 ὲν
3427 1721 3551 1791 ᾅδου
3590 1721 3894 1791 μυθοποιίαν,

713 1813 1075 1877 celebrantur,
1113 1832 1175 1869 ac
1206 1825 1372 1868 totam
1415 1818 1560 1870 illam
1604 1818 1900 1870 inferorum
1937 1818 2172 1870 fabulam
2207 1819 2266 1872 ab

2377 1812 2501 1879 παρ’
2517 1810 2826 1878 Αἰγυπτίων
2849 1812 3266 1878 ἀπενέγκασθαι.
3296 1813 3406 1882 Τὴν
3431 1813 3526 1882 μὲν
3543 1813 3648 1882 γὰρ
3674 1811 3895 1883 Ὀσίριᾰις

714 1903 982 1974 Egyptiis
1030 1908 1326 1961 derivasse.
1385 1907 1520 1961 Nam
1575 1914 1629 1963 'et
1676 1909 1904 1963 Osiridis
1961 1910 2266 1979 religiones,

2375 1900 2592 1971 τελετὴν
2613 1903 2676 1971 τῇ
2706 1902 2954 1954 Διονύσου
2974 1902 3070 1971 τὴν
3101 1902 3265 1972 αὐτὴν
3283 1902 3452 1954 εἶναι’
3480 1903 3579 1972 τὴν
3598 1902 3652 1954 δὲ
3674 1903 3765 1971 τῆς
3787 1882 3895 1954 Ἶσι-

712 1996 832 2049 illas
880 1997 1024 2065 ipsas
1058 2014 1198 2060 esse,
1244 2015 1380 2067 quas
1433 1999 1642 2053 Baccho
1692 2000 1959 2063 attribuit,
2015 2009 2069 2054 et
2119 1999 2266 2055 Isidis

2372 1991 2460 2054 δος
2488 1997 2553 2063 τῇ
2577 1993 2676 2062 τῆς
2707 1995 2991 2064 Δήμητρος
3017 1994 3351 2063 δμοιωτάτην
3375 1994 3636 2064 ὑπάρχειν
3659 2035 3672 2058 ,
3695 1994 3792 2046 τῶν
3809 1995 3895 2045 ὀνο-

713 2089 851 2142 inter
891 2088 1216 2156 Cererisque
1265 2091 1472 2143 cultum
1526 2091 1837 2145 allinitatem
1889 2107 2007 2145 esse
2062 2107 2266 2160 perma-

2375 2082 2556 2151 μάτων
2593 2083 2764 2152 μόνων
2797 2083 3202 2152 ἐνηλλαγμένων
3221 2101 3232 2112 ·
3265 2083 3363 2146 τὰς
3392 2084 3448 2135 δὲ
3479 2083 3684 2135 ἀσεϐῶν
3709 2087 3761 2136 ὲν
3797 2084 3897 2153 ᾅδου

711 2196 892 2250 gnam,
918 2182 1161 2250 adeoque
1197 2184 1367 2235 solam
1404 2184 1683 2237 nominum
1718 2185 2068 2238 mulationem
2107 2184 2272 2237 inter-

711 2289 851 2327 esse.
884 2272 1037 2338 Quod
1079 2283 1256 2326 autem
1301 2284 1354 2325 et
1399 2275 1689 2342 impiorum
1722 2275 1860 2342 apud
1893 2273 2092 2327 inferos
2139 2288 2270 2341 sup-

710 2362 891 2433 plicia,
941 2372 993 2416 et
1042 2377 1192 2430 prata
1247 2365 1460 2432 piorum
1510 2364 1913 2426 amantissima,
1960 2373 2014 2415 et
2058 2362 2273 2417 ﬁctitias

711 2453 832 2506 itlas
869 2455 1180 2523 passimque
1230 2455 1475 2522 volgatas
1530 2465 1866 2508 mortuorum
1917 2454 2136 2507 umbras
2191 2453 2274 2506 in-

710 2547 953 2610 vexerit,
1014 2548 1064 2600 in
1121 2548 1184 2600 iis
1244 2549 1494 2602 omnibus
1547 2549 1816 2603 solemnes
1878 2547 1928 2601 in
1990 2545 2268 2600 funeribus

711 2635 1087 2706 Egyptiorum
1117 2638 1253 2692 ritus
1288 2640 1554 2692 imitatum
1599 2638 1782 2691 fuisse.
1810 2636 1942 2689 Nam
1973 2638 2139 2691 veleri
2171 2635 2267 2690 1E-

709 2729 1015 2798 gyptiorum
1067 2729 1336 2788 instituto,
1376 2728 1700 2782 Mercurium
1756 2728 1905 2782 illum
1939 2727 2266 2782 deducendis

2372 2719 2605 2788 κειμένῳ
2643 2717 2740 2788 τὴν
2774 2716 2866 2769 τοῦ
2904 2718 3178 2789 Κερϐέρου
3215 2721 3530 2790 περιτομήν.
3585 2718 3683 2770 Τοῦ
3721 2719 3775 2772 δὲ
3806 2722 3890 2788 ‘Op

709 2817 994 2869 animabus
1019 2817 1390 2885 priepositum,
1417 2817 1602 2884 Apidis
1626 2816 1942 2883 corpus,ubi
1966 2815 2032 2868 ad
2064 2824 2266 2868 certum

2373 2809 2514 2877 φέως
2551 2807 2706 2862 τοῦτο
2744 2805 3149 2874 καταδείξαντος
3189 2811 3338 2882 παρά
3375 2815 3484 2875 τοῖς
3527 2811 3738 2880 Ἕλλησι
3767 2852 3780 2876 ,
3829 2813 3901 2864 τὸν

710 2921 883 2974 usque
937 2907 1112 2960 locum
1149 2906 1480 2976 perduxerit,
1534 2913 1647 2958 tum
1701 2906 1883 2957 nescio
1930 2904 2014 2957 cui
2063 2903 2266 2957 dimidii

2378 2903 2618 2970 Ὅμηρον
2673 2901 2976 2963 ἀκολούθως
3005 2906 3175 2972 τούτῳ
3210 2902 3376 2954 θεῖναι
3403 2902 3540 2955 κατά
3569 2903 3663 2972 τὴν
3690 2903 3899 2970 ποίησιν

721 422 820 476 799
1351 422 1624 477 EUSEBII
1661 425 2134 480 C/ESARlENSlS
2169 425 2316 481 OPP.
2361 427 2536 479 PARS
2575 425 2634 479 ll.
2672 456 2740 466 -—
2781 425 3271 481 APOLOGETlCA.

2892 1540 3089 1610 Ὀρφέα
3130 1542 3225 1610 μὲν
3262 1540 3369 1611 γὰρ
3401 1542 3506 1594 τῶν
3542 1542 3800 1620 μυστικῶν
3825 1558 3894 1593 τε·

2377 2264 2524 2334 παρὰ
2545 2268 2653 2328 τοῖς
2673 2264 2883 2326 πολλοῖς
2903 2264 3261 2328 εἰδωλοποιίας
3289 2265 3766 2336 ἀναπεπλασμένας
3787 2281 3895 2334 παρ-

2378 2357 2684 2421 εισαγαγεῖν
2700 2393 2714 2415 ,
2742 2356 3112 2424 μιμησάμενον
3129 2355 3195 2408 τὰ
3215 2358 3341 2427 περὶ
3361 2355 3454 2417 τὰς
3469 2356 3644 2424 ταφάς
3675 2357 3768 2420 τὰς
3802 2360 3895 2408 κατ’

2376 2445 2664 2512 Αἴγυπτον.
2725 2444 2826 2497 Τὸν
2859 2445 2955 2514 μὲν
2981 2447 3087 2516 γὰρ
3113 2446 3463 2516 ψυχοπομπὸν
3504 2448 3733 2519 Ἑρμῆν,
3787 2449 3899 2498 κατὰ

2376 2537 2434 2590 τὸ
2456 2536 2680 2591 παλαιὸν
2707 2538 2933 2607 νόμιμον
2964 2541 3089 2609 παρ’
3112 2539 3417 2606 Αἰγυπτίοις
3437 2579 3450 2602 ,
3483 2540 3808 2607 ἀναγαγόντα
3827 2539 3899 2590 τοῦ

710 2996 928 3050 Cerberi
958 2999 1162 3051 larvam
1196 2999 1384 3051 induto
1421 2998 1633 3051 tradere
1663 2998 1904 3051 solitum.
1942 2995 1997 3049 ld
2033 2994 2278 3065 Orpheus
2317 3002 2444 3046 cum’
2477 2991 2677 3048 Graecis
2745 2992 3055 3047 hominibus
3124 2993 3431 3059 indicasset,
3480 2992 3762 3047 Homerum
3801 2995 3902 3062 ejus

708 3087 902 3140 deinde
952 3099 1196 3141 secutum
1251 3091 1495 3157 vestigia,
1543 3092 1656 3145 suis
1695 3092 1768 3143 ita
1827 3090 2071 3143 versibus
2122 3088 2417 3141 inseruisse
2458 3101 2471 3136 :

708 3177 866 3302 ῆι
903 3178 1233 3247 Hcroumque
1273 3183 1478 3233 animus
1513 3181 1782 3250 Cyllenius
1814 3188 1989 3233 evocat
2021 3178 2266 3242 Hermes;

833 3253 997 3318 irgam
1025 3250 1208 3300 dextra
1247 3251 1398 3318 gerit.
1445 3270 1462 3300 ι

2389 3173 2594 3243 Ἐρμῆς
2618 3174 2684 3227 δὲ
2710 3175 2910 3243 ψυχὰς
2943 3173 3271 3240 Κυλλήνιος
3301 3175 3636 3238 ἐξεκαλεῖτο

2387 3244 2636 3312 Ἀνδρῶν
2665 3245 2868 3312 ὴριίκον
2889 3261 2901 3274 ο
2928 3245 3029 3312 ἔχε
3041 3242 3107 3294 δὲ
3113 3243 3336 3311 ῥάϐδον
3356 3247 3503 3312 μετὰ
3525 3263 3636 3315 κερ

2374 3354 2510 3412 Εἶτα
2559 3357 2716 3410 πάλιν
2760 3357 2960 3427 προϐὰς
3007 3357 3272 3424 ἐπιλέγει·
3320 3377 3338 3409 ι
3376 3357 3706 3427 Μελάμποδα
3733 3352 3901 3425 (49)δδ

2375 3466 2503 3518 φασι
2546 3452 2885 3520 μετενεγκεῖν
2924 3449 2981 3514 ἐξ
3026 3450 3294 3518 Αἰγύπτου
3352 3450 3416 3502 τὰ
3449 3449 3681 3516 Διονύσῳ
3708 3444 3900 3517 νομιζό-

2377 3560 2510 3613 μενα
2535 3541 2801 3594 τελεῖσθαι
2831 3541 2978 3612 παρά
3009 3545 3118 3604 τοῖς
3153 3541 3391 3609 Ἕλλησι,
3407 3541 3512 3593 οιαὶ
3546 3541 3613 3592 τὰ
3637 3540 3756 3609 περὶ
3783 3539 3903 3609 Κρό·

2372 3652 2463 3687 νου
2502 3620 2954 3703 μυθολογούμενα,
2991 3633 3083 3684 καὶ
3120 3632 3186 3684 τὰ
3216 3633 3338 3702 περὶ
3377 3632 3475 3702 τῆς
3513 3631 3901 3703 Τιτανομαχίας,

2374 3725 2466 3776 καὶ
2496 3722 2557 3774 τὸ
2588 3722 2802 3774 σύνολον
2831 3721 2926 3790 τὴν
2958 3723 3082 3793 περὶ
3113 3724 3180 3775 τά
3209 3722 3351 3794 πάθη
3377 3723 3481 3775 τῶν
3508 3723 3642 3776 θεῶν
3666 3723 3902 3794 ἱστορίαν.

2374 3816 2474 3868 Τὸν
2523 3815 2578 3867 δὲ
2616 3814 2867 3867 Δαίδαλον
2914 3814 3156 3883 λέγουσιν
3205 3815 3647 3887 ἀπομιμήσασθαι
3690 3818 3783 3884 τὴν
3827 3812 3902 3866 τοῦ

2372 3907 2687 3977 λαϐυρίνθου
2730 3907 2951 3977 πλοκὴν,
2997 3907 3086 3960 τοῦ
3129 3908 3463 3978 διαμένοντος
3507 3909 3602 3976 μὲν
3643 3906 3795 3974 μέχρι
3825 3903 3902 3956 τοῦ

2374 3999 2466 4050 νῦν
2498 3997 2708 4069 καιροῦ,
2739 3997 3172 4068 οἰκοδομηθέντος
3211 3998 3285 4059 δὲ,
3327 3996 3401 4059 ὡς
3443 3997 3537 4066 μέν
3567 3995 3705 4056 τινές
3739 4011 3902 4062 φασιν,

2373 4091 2475 4142 ὑπὸ
2511 4092 2798 4161 Μένδητοςο
2827 4091 2901 4153 ὡς
2942 4091 2984 4143 δ’
3025 4090 3150 4142 ἔνιοι
3188 4089 3451 4154 λέγουσιν,
3485 4088 3587 4140 ὑπὸ
3615 4087 3798 4157 Μάρου
3826 4085 3902 4139 τοῦ

2374 4182 2649 4251 βασιλέως,
2698 4183 2902 4245 πολλοῖς
2941 4181 3081 4233 ἔτεσι
3133 4174 3388 4250 πρότερον
3439 4179 3535 4248 τῆς
3581 4178 3729 4231 Μίνω
3768 4178 3903 4248 βασι-

2372 4273 2550 4336 λείας·
2602 4273 2689 4324 τόν
2727 4290 2785 4324 τε
2828 4271 3029 4341 ῥυθμὸν
3072 4269 3174 4321 τῶν
3224 4269 3457 4338 ἀρχαίων
3501 4269 3616 4321 κατ’
3654 4271 3900 4337 Αἴγυπτον

711 3359 849 3416 Tum
900 3361 1022 3414 aliis
1072 3362 1318 3416 eamdem
1392 3364 1446 3416 in
1499 3379 1612 3416 rem
1663 3363 2126 3428 commemoratis,
2196 3362 2268 3416 ita

713 3455 1111 3524 prosequitum
1132 3453 1519 3522 Melampodem
1533 3470 1747 3524 quoque
1765 3454 1967 3517 ferunt,
1989 3464 2156 3509 statas
2178 3468 2268 3509 so-

712 3541 1024 3610 lemnesque
1046 3541 1357 3596 Graecorum
1395 3541 1447 3594 in
1473 3543 1642 3596 sacris
1666 3543 1862 3596 Bacchi
1893 3542 2267 3605 cazremonias,

711 3648 836 3686 cum
873 3633 939 3687 iis
963 3650 1080 3702 quae
1110 3636 1192 3688 vel
1232 3635 1299 3690 de
1326 3635 1581 3700 Saturno,
1615 3639 1697 3690 vel
1723 3637 1789 3690 de
1817 3637 2110 3690 commisso
2145 3651 2267 3689 cum

710 3720 998 3779 Titanibus
1032 3727 1348 3788 certamine,
1382 3727 1464 3780 vel
1496 3727 1721 3781 omnino
1744 3727 1809 3781 de
1841 3728 2122 3780 numinum
2149 3742 2271 3781 suo-

711 3831 833 3868 rum
870 3815 1091 3867 casibus
1127 3813 1458 3880 fabulantur,
1489 3832 1556 3870 ex
1609 3816 1844 3886 Egypto
1905 3817 2264 3871 transtulisse.

710 3904 779 3958 At
801 3919 929 3958 vero
952 3903 1219 3957 Daedalum
1248 3904 1365 3972 ejus
1395 3905 1684 3974 labyrinthi
1713 3905 1970 3959 flexiones
2001 3907 2267 3959 imitatum

712 4009 853 4058 esse,
876 3995 1020 4063 quia
1052 3993 1314 4060 Mendete,
1353 4006 1410 4050 ut
1445 3997 1688 4050 nonnulli
1717 3997 1955 4060 tradunt,
1982 3998 2064 4049 vel
2089 4006 2146 4050 ut
2171 3997 2270 4050 ali-

713 4084 762 4137 is
787 4085 979 4151 placet,
1009 4102 1037 4139 a
1076 4085 1209 4140 Mari
1235 4103 1376 4157 rege,
1418 4089 1601 4142 multis
1625 4098 1913 4157 antequam
1964 4087 2138 4140 Minos
2180 4102 2264 4141 rc-

711 4183 900 4243 gnaret
924 4174 1104 4236 annis,
1136 4176 1450 4242 aedificatus,
1487 4177 1553 4229 ad
1579 4176 1898 4230 hodiernum
1928 4191 2096 4245 usque
2123 4176 2265 4229 diem

710 4262 921 4316 visitur.
948 4262 1252 4328 Quinetiam
1284 4265 1421 4318 idem
1450 4267 1584 4320 artis
1618 4267 1894 4336 ingenium
1928 4267 1979 4320 in
2028 4265 2267 4333 antiquis

711 4347 1085 4418 Egyp‘liorum
1121 4351 1293 4420 signis
1326 4352 1622 4406 etiamnum
1685 4370 1964 4422 apparere,
2003 4371 2111 4422 quo
2150 4355 2266 4408 Βω-

2372 4363 2696 4432 ἀνδριάντων
2723 4363 2810 4414 τὸν
2842 4363 2998 4414 αὐτὸν
3036 4356 3168 4412 εἶναι
3205 4362 3313 4421 τοῖς
3345 4360 3447 4411 ὑπὸ
3477 4361 3729 4414 Δαιδάλου
3759 4377 3898 4413 κατα·

711 4440 819 4494 dali
851 4442 989 4510 apud
1019 4441 1236 4498 Graecos
1275 4453 1466 4498 statuae
1490 4445 1965 4497 commendantur:
1993 4447 2263 4511 eumdem,

2374 4453 2708 4505 σκευασθεῖσι
2767 4452 2914 4522 παρὰ
2971 4453 3080 4511 τοῖς
3133 4449 3370 4518 Ἕλλησι.
3419 4451 3490 4502 Τὸ
3544 4451 3598 4502 δὲ
3643 4450 3901 4505 κάλλιστον

711 4533 854 4600 quod
890 4533 1351 4601 elegantissimum
1393 4536 1532 4604 apud
1560 4533 1850 4602 Memphim
1875 4533 2099 4606 Vulcani
2131 4543 2264 4588 tem-

2372 4545 2634 4613 πρόπυλον
2671 4546 2726 4596 ὲν
2754 4543 2990 4612 Μέμφιδι
3038 4542 3130 4595 τοῦ
3169 4541 3454 4609 Ἡφαίστου
3487 4543 3736 4596 Δαίδαλον
3764 4543 3898 4610 ἀρχι-

709 4625 782 4692 pli
822 4625 1148 4679 vestibulum
1206 4626 1508 4681 admirabili
1557 4626 1786 4680 artificio
1833 4626 2262 4689 construxisset,

2372 4635 2700 4704 τεκτονῆσαι,
2733 4634 2823 4686 καὶ
2850 4632 3237 4703 θαυμασθέντα,
3266 4637 3444 4703 τυχεῖν
3476 4634 3677 4695 εἰκόνος
3707 4631 3898 4699 ξυλίνης

709 4715 941 4785 ligneam
969 4716 1022 4768 in
1049 4715 1235 4770 eodem
1269 4718 1466 4785 templo
1503 4727 1737 4772 statuam
1764 4718 1878 4772 suis
1935 4717 2104 4786 ipsius
2155 4731 2266 4769 ma-

2372 4725 2507 4778 κατὰ
2537 4725 2596 4777 τὸ
2626 4724 3014 4795 προειρημένον
3051 4724 3208 4793 ἱερὸν,
3247 4727 3362 4788 ταῖς
3397 4723 3550 4784 ἰδίαις
3581 4721 3732 4791 χερσί⁵
3767 4718 3897 4786 δεδη-

710 4805 871 4860 nibus
891 4806 1260 4868 elaboratam;
1299 4806 1408 4858 imo
1434 4807 1662 4871 ldivinos
1700 4807 1864 4861 etiam
1909 4807 2166 4870 honores,
2197 4807 2266 4860 ob

2372 4817 2768 4888 μιουργημένης
2787 4833 2800 4845 ⁸
2838 4815 3007 4886 πέρας
3037 4815 3091 4868 δὲ
3128 4816 3213 4868 διὰ
3245 4817 3340 4886 τὴν
3375 4815 3598 4881 εὐφυΐαν
3625 4809 3897 4875 ἀξιωθέντα

711 4893 1036 4964 singularem
1069 4897 1200 4949 artis
1226 4895 1617 4962 excellentiam,
1648 4914 1755 4966 qua
1792 4907 1845 4951 et
1882 4913 2134 4967 magnum
2162 4898 2261 4951 sibi

710 4997 910 5038 nomen
942 4985 1267 5053 confecerat,
1302 4994 1356 5040 et
1384 5000 1522 5040 nova
1559 4988 1817 5058 pleraque
1847 4989 2263 5058 excogitaverat,

2369 4909 2606 4980 μεγάλης
2654 4908 2839 4977 δόξης,
2882 4909 2974 4961 καὶ
3019 4909 3182 4964 πολλὰ
3230 4905 3684 4979 προσεξευρόντα,
3736 4905 3895 4973 τυχεῖν

2369 4999 2583 5053 ἰσοθέων
2613 4999 2801 5069 τιμῶν.
2837 5000 2989 5053 Κατά
3021 5001 3127 5072 γάρ
3167 4999 3293 5070 μίαν
3339 4995 3444 5048 τῶν
3491 4994 3625 5064 πρὸς
3668 4998 3734 5065 τῇ
3763 4995 3894 5066 Μέμ-

782 5111 893 5184 (ιο)
933 5116 1130 5191 Τόπων·
1168 5118 1205 5187 ἢ
1233 5133 1675 5191 κατασκευασμ.
1711 5121 1982 5191 Interpres
2025 5122 2262 5187 Diodori,

710 5184 1010 5256 desumpta:
1039 5201 1073 5236 α
1098 5184 1224 5240 locis
1255 5200 1346 5241 aut
1372 5184 2022 5256 operibusﬁappcllationes.
2052 5184 2266 5247 Rectius

710 5255 889 5309 visum
912 5263 1016 5317 est,
1039 5257 1401 5329 pa_rl_tm_10ca,
1432 5259 1626 5329 partim
1659 5273 1813 5326 opera
1839 5265 2097 5329 quedam,
2127 5265 2266 5327 ipso-

712 5340 831 5379 rum
859 5325 1200 5402 fognominis
1231 5325 1487 5402 _t'r_t_signia.
1517 5325 1982 5402 Quom'odouenim
2019 5325 2264 5402 iii—Egy-

709 5402 825 5466 μθ,
853 5394 1162 5466 Graecorum
1195 5394 1636 5466 philosOphorum
1677 5398 2058 5466 appellationes
2085 5394 2264 5456 osten-

713 5463 919 5529 ﬂerent,
948 5481 994 5536 a7
1020 5465 1153 5519 locis
1187 5463 1505 5536 operibusve
1554 5463 1922 5536 desumpta?
1947 5470 2126 5526 Facile
2167 5487 2263 5523 au-

714 5535 1110 5610 tem,g_et‘loea
1145 5535 1431 5610 quadam,
1481 5550 1533 5593 et
1578 5535 1760 5607 opera
1793 5537 2032 5606 ipsorum
2064 5556 2264 5610 cogno-

712 5601 910 5676 mentis
962 5601 1198 5676 insignia
1235 5606 1519 5660 ostendere
1551 5601 1882 5676 potuerunt:
1934 5624 2056 5663 cum
2105 5601 2177 5664 ibi
2212 5617 2265 5662 et

711 5669 1124 5738 perdiuversa'ti
1172 5681 1390 5739 essent,
1434 5687 1486 5728 et
1538 5669 1794 5730 nonnulla
1844 5677 2120 5732 industriae
2153 5695 2264 5733 sua».

713 5752 1060 5814 manan
1089 5745 1457 5813 reliquissent.
1503 5743 1616 5814 Hpc
1660 5755 1839 5809 autem
1869 5751 2098 5814 pertinet
2132 5749 2261 5801 illud

716 5809 1019 5877 Strabonis,
1039 5813 1130 5867 lib.
1149 5809 1259 5872 xvii
1288 5832 1300 5866 :
1341 5816 1486 5867 Ἐκεῖ
1513 5811 1604 5868 οὖν
1631 5816 1716 5877 (de
1740 5809 1973 5880 Εενοιο
2003 5819 2259 5874 loauituri

2365 5131 2663 5204 eos.thch
2701 5131 2758 5204 οῖ
2795 5149 2851 5183 τε
2901 5132 3006 5204 τῶν
3062 5131 3248 5204 ἱερέων
3284 5123 3450 5191 οἶκοι,
3486 5127 3579 5180 καὶ
3613 5129 3894 5190 Πλάτωνος.

2366 5200 2710 5276 καῖιξέύδόχξου
2739 5201 3022 5276 διατριϐαί.
3347 5265 3393 5276 __
3432 5267 3464 5276 __
3639 5270 3650 5276 _
3793 5269 3806 5276 -
3872 5265 3891 5276 .

2436 5268 2543 5339 (47)
2604 5270 2720 5337 Τὴν
2773 5265 2989 5326 ἐαύτοῦ
3040 5267 3295 5340 πλάτην.
3347 5265 3554 5340 Mallem
3601 5270 3698 5340 τὴν
3752 5265 3893 5321 αὐτοῦ

2366 5336 2534 5411 «lay.
2551 5340 2603 5392 Id
2638 5336 2737 5406 est,
2776 5343 2872 5411 τὴν
2905 5336 3189 5411 ὑπ’-αὑτορ
3222 5337 3607 5411 πεποιημένην.

2435 5408 2543 5479 (48)
2566 5402 2733 5464 Μετὰ
2750 5402 3135 5479 χερσίτκΡοει
3155 5407 3268 5479 hac
3291 5402 3475 5479 verba,
3500 5402 3889 5479 sequiturapnd

2364 5474 2657 5553 Dicdorum
2698 5474 2956 5553 lo’c'u'sLut
2983 5478 3039 5553 in
3075 5491 3132 5530 re
3164 5474 3436 5553 fabulosa,
3469 5474 3813 5553 ρθτῖιισίεπὲεν
3839 5474 3891 5523 ³⁸

2363 5562 2485 5601 eum
2539 5547 2738 5602 fontem
2786 5545 3336 5617 indicandum,_unde
3378 5544 3649 5617 Homerus
3668 5544 3892 5617 {aliique

2363 5617 2613 5739 geinceps
2650 5626 2820 5688 poeta:
2861 5615 2927 5667 τὰ
2969 5615 3103 5686 πρὸς
3143 5615 3238 5687 τὴν
3280 5616 3496 5670 νεκυίαν
3532 5615 3796 5672 hausisse
3826 5615 3889 5663 Vi-

2399 5701 2495 5739 ean
2525 5704 2606 5739 ur.

2399 5697 2606 5740 cantur.

2435 5756 2545 5826 (49)
2577 5753 2951 5823 Μελάμποδα.
2994 5754 3229 5821 Diodor.,
3254 5769 3372 5826 pag.
3400 5753 3488 5808 87.

2376 1627 2540 1680 λετῶν
2594 1627 2661 1678 τὰ
2696 1626 2916 1680 πλεῖστα
2938 1667 2953 1691 ,
3011 1631 3103 1681 καὶ
3127 1631 3194 1681 τά
3229 1631 3355 1700 περὶ
3384 1631 3481 1699 τὴν
3505 1629 3692 1683 ἑαυτοῦ
3723 1631 3895 1699 πλάνην
3986 1626 3987 1686 l

2376 2175 2639 2245 τιμωρίας
2658 2215 2672 2238 ,
2705 2177 2796 2228 καὶ
2818 2177 2940 2237 τοὺς
2969 2175 3074 2228 τῶν
3101 2175 3334 2228 εὐσεϐῶν
3369 2175 3633 2244 λειμῶνας
3657 2216 3670 2238 ,
3707 2177 3792 2229 καὶ
3822 2176 3896 2238 τὰς
3988 2175 3989 2216 ἰ

2377 2627 2597 2690 Ἀπιδος
2620 2626 2678 2678 τὸ
2710 2626 2867 2696 σῶμα
2899 2626 3056 2697 μέχρι
3075 2629 3215 2691 τινὸς
3236 2668 3252 2694 ,
3301 2629 3642 2698 παραδιδόναι
3670 2629 3741 2697 τῷ
3768 2645 3898 2699 περι·

2655 3221 2902 3312 ἶ
3755 3241 3898 3312 (48).»
3992 3221 3994 3238 ι
