3994 6340
665 307 768 362 8θῦ

1285 309 1544 363 ΕΙΪΞΕΒΙΙ
1585 309 2051 364 (ΖᾸΞΒΑΠΙΕΝΒΙΞ
2088 309 2233 363 OPP.
2274 305 2450 361 PARS
2488 306 2549 361 ll.
2591 337 2659 346 —
2703 305 3192 361 APOLOGETICA.

3925 108 3957 366 l

665 439 786 477 cum
849 423 951 476 alia
1005 424 1274 492 pleraque,
1314 435 1445 501 'tum
1485 428 1616 481 solis
1681 430 1914 483 maxime
1977 443 2201 483 conver-

2311 443 2468 478 σαντα
2496 424 2621 495 παρ’
2644 426 2843 487 αὐτοῖς,
2872 425 2963 477 καὶ
2991 423 3157 477 πολλὰ
3181 423 3290 476 τῶν
3317 425 3597 494 χρησίμων
3627 426 3708 487 εἰς
3735 430 3832 490 τοὺς

662 513 870 567 sionem
903 513 1172 576 didicisse,
1198 524 1363 583 utque
1392 517 1668 585 obliquum
1693 529 1744 571 et
1768 518 2065 572 ﬂexuosum
2088 533 2206 572 cur-

668 619 788 656 sum
816 605 1084 668 instituat,
1121 621 1184 659 ac
1213 615 1358 660 motu
1399 608 1618 675 reliquis
1644 609 1908 664 sideribus
1933 611 2204 664 contrario

664 694 926 760 rapiatur.
954 693 1234 748 Eudoxum
1262 703 1476 762 quoque
1511 706 1630 764 post
1671 706 1915 749 navatam
1953 698 2092 765 apud
2145 711 2204 750 se

663 785 967 854 astrol0gize
1001 801 1239 852 operam,
1262 787 1405 854 quod
1431 787 1596 839 multa
1619 787 1811 840 deinde
1846 803 2071 841 summa:
2100 788 2206 840 uti-

663 874 825 928 litatis
860 890 922 928 ac
958 873 1163 928 fructus
1185 891 1305 929 cum
1328 873 1530 928 Graecis
1555 876 1866 929 hominibus
1897 877 2202 928 communi-

661 970 858 1024 cassct,
899 963 1106 1015 laudem
1143 964 1244 1016 sibi
1277 966 1564 1016 maximam
1599 965 1892 1031 peperisse.
1923 963 2204 1016 Postremo

665 1061 934 1120 quotquot
968 1069 999 1104 e
1034 1053 1225 1120 priscis
1257 1052 1532 1106 lictoribus
1561 1054 1611 1105 in
1647 1053 1922 1106 hominum
1952 1067 2044 1105 ore
2088 1053 2204 1120 plu-

662 1144 857 1196 rimum
913 1152 965 1196 et
1022 1144 1417 1198 existimatione
1477 1145 1668 1198 versati
1717 1153 1861 1208 sunt,
1913 1143 2200 1214 Egyptum

664 1232 1027 1300 frequentasse
1054 1248 1260 1296 omnes,
1293 1244 1453 1300 atque
1491 1235 1626 1286 inter
1648 1235 1784 1288 alios
1817 1234 2114 1299 'l‘craclem,
2140 1249 2203 1288 ac

663 1321 1026 1382 Theodorum,
1069 1323 1228 1377 ambo
1265 1323 1446 1377 theci
1492 1324 1660 1388 ﬁlios,
1695 1325 1786 1391 qui
1843 1324 2039 1378 Samiis
2072 1325 2202 1377 illud

662 1413 923 1480 Apollinis
981 1409 1156 1481 Pythii
1211 1413 1558 1467 simulacrum
1615 1414 1971 1482 perfecerunt.
2014 1435 2032 1465 ι
2090 1414 2203 1468 Huc

663 1519 834 1570 usque
859 1502 1144 1555 Diodorus.
1169 1501 1337 1567 Quam
1381 1505 1511 1572 mihi
1552 1506 1966 1572 disputationem
1991 1545 2006 1566 ,
2038 1521 2201 1573 supe-

665 1594 896 1647 rioribus
912 1593 1233 1646 testimoniis
1266 1594 1474 1646 abunde
1495 1595 1836 1657 illustratam,
1855 1596 1958 1648 hoc
1986 1595 2200 1650 demum

665 1682 784 1736 loco
809 1684 1096 1735 terminare
1127 1683 1272 1734 libet.
1298 1683 1374 1735 Ac
1396 1683 1646 1737 desinant
1684 1685 1771 1737 isti
1809 1701 1969 1754 porro
1993 1702 2093 1740 nos
2127 1695 2203 1739 te-

2305 515 2564 584 Ἓλληνας
2596 515 2834 578 ἐκδόντα,
2865 518 3045 584 τυχεῖν
3068 515 3169 584 τῆς
3199 514 3477 582 ἀξιολόγου
3515 515 3688 584 δόξης.
3719 517 3826 569 Πάν

2299 623 2406 658 των
2439 604 2495 656 δὲ
2538 603 2644 657 τῶν
2687 605 2925 657 παλαιῶν
2967 605 3414 674 ἀγαλματοποιῶν
3454 607 3581 668 τοὺς
3630 606 3831 674 μάλιστα

2298 691 2762 761 διωνομασμένους
2812 694 3205 764 διατετριφέναι
3259 695 3385 764 παρ’
3431 693 3638 757 αὐτοῖς,
3680 695 3830 765 Τηρα-

2301 780 2431 833 κλέα
2477 783 2567 833 καὶ⁹
2607 782 2872 851 Θεόδωρον
2915 783 3054 852 (57),
3109 785 3234 846 τοὺς
3276 784 3480 836 Ῥοίκου
3549 785 3646 853 μὲν
3688 785 3828 846 υἱοὺς,

2301 871 2810 934 κατασκευάσαντας
2840 871 2895 923 δὲ
2925 874 3037 934 τοῖς
3069 872 3287 941 Σαμίοις
3313 872 3374 924 τὸ
3400 872 3494 925 τοῦ
3535 872 3831 935 Ἀπόλλωνος

2298 963 2391 1014 τοῦ
2421 963 2614 1015 Πυθίου
2645 963 2847 1030 ξόανον.
2881 983 2900 1017 ι
2929 964 3173 1017 Τοσαῦτα
3204 965 3260 1018 δὲ
3284 966 3378 1017 καὶ
3409 965 3688 1035 Διόδωρος.
3716 963 3832 1017 Ἀλλ’

2299 1049 2448 1116 οὗτος
2477 1056 2572 1123 μὲν
2595 1057 2622 1107 ό
2644 1055 2815 1122 λόγος,
2850 1049 2950 1107 ὦδέ
2980 1073 3094 1117 πως
3135 1055 3596 1124 ἀποδεδειγμένος,
3628 1054 3832 1107 ἐνταῦθά

2303 1163 2389 1215 μοι
2419 1144 2682 1215 εἰληφέτω
2710 1144 2878 1207 τέλος.
2913 1147 2984 1197 Οὐ
3029 1146 3108 1197 δεῖ
3148 1144 3210 1214 δὴ
3252 1144 3433 1196 λοιπὸν
3462 1144 3675 1212 ἀλογίας
3702 1144 3832 1214 ἡμῶν

2300 1239 2640 1306 κατηγορεῖν,
2663 1237 2708 1287 εί
2733 1235 2796 1305 δὴ
2822 1237 2948 1297 τοὺς
2973 1235 3078 1287 τῶν
3106 1235 3281 1304 σοφῶν
3322 1235 3603 1305 Ἑλλήνων,
3637 1237 3722 1288 καί
3755 1237 3831 1288 αὐ-

2299 1328 2405 1379 τῶν
2431 1344 2494 1395 γε
2519 1327 2624 1379 τῶν
2652 1329 2778 1397 παρ’
2808 1328 2988 1389 αὐτοῖς
3012 1327 3310 1394 φιλοσόφων
3341 1326 3703 1389 διδασκάλους,
3727 1329 3831 1387 τοὺς

2301 1418 2604 1489 βαρὸάρους
2634 1418 2792 1486 λέγω,
2844 1417 2993 1486 πόθῳ
3045 1417 3147 1487 τῆς
3185 1417 3412 1485 ἀληθοῦς
3445 1417 3717 1479 εὐσεϐείας
3755 1417 3832 1470 καὶ

2299 1510 2448 1562 αὐτοὶ
2483 1507 2831 1579 μετήλθομεν,
2863 1507 2916 1556 εἴ
2949 1523 3012 1573 γε
3047 1504 3305 1576 βάρϐαροι
3340 1505 3573 1576 Ἑϐραῖοι
3593 1523 3607 1537 ·
3640 1499 3710 1559 ὧν
3730 1508 3831 1567 τοὺς

2299 1598 2540 1667 χρόνους,
2571 1595 2690 1649 καθ’
2731 1595 2823 1657 οὓς
2863 1597 3114 1666 ἧκμασαν
3159 1596 3393 1665 Μωῦσῆς
3417 1613 3478 1648 τε
3520 1597 3614 1648 καὶ
3644 1599 3687 1648 οἱ
3717 1595 3832 1666 μετὰ

2300 1687 2534 1741 Μωύσέα
2576 1687 2868 1757 προφῆται,
2919 1683 2977 1740 εὖ
3027 1686 3092 1739 ἂν
3139 1687 3250 1756 ἔχοι
3299 1687 3553 1740 διελθεῖν·
3604 1689 3721 1740 ἐπεὶ
3757 1689 3831 1739 καὶ

667 1775 929 1826 meritatis
975 1788 1220 1841 arguere,
1244 1773 1386 1840 quod
1419 1789 1558 1826 verte
1592 1775 1802 1842 pietatis
1833 1778 2029 1840 studio,
2055 1775 2202 1830 Grae-

2311 1775 2442 1828 τοῦτ’
2473 1775 2536 1828 ἂν
2566 1777 2650 1845 εἴη
2695 1777 2751 1827 ἓν
2777 1793 2828 1828 τι
2872 1775 2976 1828 τῶν
3009 1774 3240 1844 μάλιστα
3289 1776 3751 1828 συνεκτικωτάτων
3778 1780 3832 1845 τῇ

665 1865 761 1915 ciae
790 1865 1086 1931 sapientum
1127 1862 1672 1932 philosophorumque
1700 1865 1948 1919 doctores
1967 1907 1982 1931 ,
2017 1865 2205 1917 barba-

665 1971 776 2017 ros,
810 1955 1049 2023 inquam,
1078 1956 1215 2017 illos,
1250 1958 1316 2025 (si
1341 1957 1554 2010 barbari
1589 1967 1768 2008 tamen
1806 1955 2013 2009 Hebraei
2033 1955 2202 2025 sunt).

666 2046 946 2099 consulere
977 2045 1303 2099 voluerimus
1328 2047 1427 2115 ipsi
1455 2061 1688 2113 quoque.
1726 2045 1985 2114 Deinceps
2008 2045 2203 2114 quibus

669 2136 767 2203 ipsi
811 2135 1154 2204 temporibus,
1183 2135 1392 2205 Moyses
1419 2148 1565 2206 puta,
1606 2136 1886 2204 cteterique
1917 2144 2038 2204 post
2080 2151 2202 2189 eum

669 2227 938 2294 propheta:
959 2227 1270 2292 claruerint,
1299 2229 1675 2281 excutiendum
1703 2227 1802 2281 erit
1827 2245 1842 2290 ;
1873 2242 1993 2280 cum
2023 2226 2087 2292 is,
2112 2227 2204 2295 qui

668 2319 733 2369 de
763 2317 890 2371 viris
924 2318 1059 2370 inter
1089 2333 1276 2372 omnes
1311 2319 1631 2372 eruditionis
1664 2333 1726 2370 ac
1751 2317 2025 2386 sapientia:
2046 2317 2203 2370 laude

668 2408 1047 2475 priestaritiltus
1097 2422 1396 2462 sermonem
1429 2410 1692 2471 instituat,
1725 2425 1836 2462 rem
1871 2408 1935 2461 ad
1967 2408 2199 2476 suscepti

669 2496 962 2562 argumenti
985 2497 1217 2549 rationes
1246 2497 1400 2565 longe
1424 2499 1743 2564 pracipuam
1760 2478 2005 2549 tacturus
2029 2496 2202 2549 videa-

669 2596 778 2649 tur,
808 2584 854 2637 si
884 2586 948 2637 de
974 2585 1188 2637 illorum
1216 2587 1534 2653 antiquitate
1552 2587 1679 2639 certi
1710 2587 1858 2654 prius
1882 2587 2079 2654 aliquid
2113 2602 2201 2640 cx-

669 2675 970 2743 ploratique
1009 2676 1317 2729 constituat;
1348 2674 1480 2729 Nam
1519 2677 1590 2729 ita
1625 2676 1859 2740 demum,
1891 2679 1937 2730 si
1989 2678 2203 2745 quando

670 2778 792 2816 cum
828 2761 1167 2817 Hebraeorum
1208 2763 1480 2832 prophetis
1515 2775 1673 2828 atque
1716 2764 1979 2833 theologis
2037 2763 2206 2818 Grzeci

671 2855 1025 2916 consentient,
1055 2855 1170 2908 sine
1219 2855 1322 2906 ulla
1357 2854 1688 2907 dubitatione
1716 2855 2004 2922 intelligas,
2057 2865 2208 2909 utros

2300 1867 2631 1938 προκειμένῃ
2654 1867 3020 1936 πραγματείᾳ,
3042 1866 3119 1928 τὸ,
3141 1865 3425 1934 μέλλοντας
3449 1864 3555 1916 τῶν
3577 1866 3719 1935 παρὰ
3741 1869 3833 1928 τοῖς

2301 1957 2522 2027 ἀνδράσι
2551 1956 2742 2024 λογίων
2774 1957 3124 2026 ἐφάπτεσθαι,
3175 1955 3546 2028 προδιαλαϐεῖν
3592 1957 3712 2026 περὶ
3752 1959 3833 2025 τῆς

2308 2048 2657 2119 ἀρχαιότητος
2707 2047 2915 2100 αὐτῶν⁵
2962 2048 3046 2110 ἵν’,
3099 2049 3146 2100 εί
3201 2049 3410 2114 φανεῖεν
3449 2048 3560 2107 τοίς
3600 2044 3833 2114 Ἐϐραίων

2310 2138 2609 2205 προφήταις
2635 2153 2690 2188 τε
2732 2135 2823 2188 καὶ⁸
2848 2135 3111 2202 θεολόγοις
3153 2135 3201 2186 οἱ
3233 2131 3359 2201 παρ’
3397 2133 3646 2203 Ἕλλησιν
3672 2132 3838 2202 ὁμοδοο

2310 2222 2538 2285 ξοῢντες.
2576 2221 2760 2291 μηκέτ’
2801 2221 3139 2290 ἀμφιϐἀλοις,
3163 2222 3309 2282 τίνας
3345 2215 3410 2289 ἦν
3436 2219 3578 2281 εἰκὸς
3606 2220 3671 2270 τὰ
3706 2219 3834 2288 παρὰ

2305 2313 2460 2363 τίνων
2491 2310 2859 2375 ἀναλέξασθαι’
2883 2311 3082 2381 πότερα
3105 2311 3228 2372 τοὺς
3243 2309 3633 2380 πρεσϐυτέρους
3659 2308 3723 2361 τά
3746 2308 3834 2358 τῶν

2306 2403 2459 2465 νέων,
2499 2402 2778 2472 Ἐϐραίους
2801 2419 2857 2454 τε
2903 2402 2970 2454 τὰ
3010 2401 3288 2471 Ἑλλήνων,
3332 2403 3423 2453 καὶ
3456 2401 3750 2470 βαρϐάρους
3782 2401 3834 2449 τὰ

2307 2493 2622 2563 φιλοσόφων,
2655 2486 2728 2545 ὧν
2758 2493 2875 2545 οὐδὲ
2907 2492 3002 2562 τῆς
3037 2493 3176 2561 ὀπῆς
3201 2491 3340 2555 είκὺς
3375 2492 3607 2543 ἐπαΐειν·
3637 2490 3690 2559 ἢ,
3719 2490 3834 2558 ὅπερ

2308 2584 2623 2654 καὶμᾶλλον
2651 2585 2814 2646 εἰκὸς,
2856 2585 2978 2646 τούς
3008 2585 3157 2646 νέους
3201 2584 3268 2634 τὰ
3309 2583 3415 2633 τῶν
3459 2581 3833 2652 πρεσϐυτέρων.

2309 2676 2402 2728 καὶ
2446 2677 2568 2737 τοὺς
2612 2675 2678 2728 τά
2724 2675 2943 2727 πλεῖστα
2978 2673 3085 2727 τῶν
3135 2673 3299 2726 ἐθνῶν
3344 2670 3833 2742 περιειργασμένους

2315 2764 2594 2834 Ἕλληνας,
2641 2765 2731 2818 καὶ
2774 2765 2841 2831 τὰ
2883 2763 3137 2834 Ἑϐραίων
3177 2765 3250 2833 μὴ
3294 2764 3584 2831 ἀγνοῆσαι,
3625 2758 3834 2831 ἀρχῆθεν

2313 2856 2404 2908 ἐπὶ
2427 2857 2524 2925 τὴν
2558 2856 2776 2908 Ἐλλάδα
2799 2859 2978 2927 φωνὴν
3007 2854 3466 2926 μεταϐεϐλημένα.

671 2947 924 2999 credibile
953 2948 1018 2999 sit
1054 2947 1279 2999 aliorum
1307 2946 1534 3000 mutuari
1599 2949 1933 3012 sententias,
1969 2949 2373 3016 antiquioresne
2419 2949 2720 3017 juniorum,
2789 2948 2840 3000 id
2896 2956 2978 3001 est
3011 2946 3345 3002 Gr:ecorum_
3386 2941 3672 3003 Hebraeos,
3727 2939 3836 2993 bar-

671 3035 938 3104 barosque
955 3037 1406 3104 Ριιίὶοεοβὶτοηηη,
1425 3049 1665 3112 quorum
1691 3039 1772 3092 illi
1797 3054 1860 3090 ne
1892 3054 2076 3092 vocem
2129 3039 2344 3106 quidem
2377 3039 2563 3092 audire
2623 3038 2892 3107 potuerint
2925 3055 2937 3090 :
2971 3035 3130 3107 £83
3183 3051 3271 3099 an,
3336 3034 3478 3103 quod
3517 3031 3668 3099 longe
3703 3041 3819 3081 vero

674 3127 905 3179 similius
933 3126 1303 3194 est,juniores
1345 3134 1721 3214 triquiorum,
1777 3129 2017 3197 adeoque
2063 3129 2276 3183 Grmcos
2344 3130 2486 3194 illos,
2526 3130 2617 3197 qui
2665 3140 2770 3182 tam
2817 3129 3029 3182 curiose
3073 3127 3310 3196 gentium
3378 3122 3721 3192 plurimarum
3764 3119 3836 3170 in.

675 3218 857 3270 stituta
890 3217 1110 3270 scrutati
1137 3227 1283 3280 sunt,
1314 3231 1384 3270 ue
1400 3231 1595 3298 semp“
1619 3219 1835 3300 quidem
1866 3218 2235 3287 Hebraeorum,
2280 3236 2399 3291 quae
2415 3219 2655 3274 Grtecam
2680 3222 2733 3273 in
2753 3220 2984 3288 linguam
3007 3218 3209 3272 fuerint
3230 3227 3379 3269 tanto
3417 3222 3543 3267 ante
3580 3225 3836 3272 conversa,

677 3310 912 3365 latuisse.

1258 3403 1480 3459 CAPUT
1513 3406 1602 3459 ιχ.

679 3493 753 3544 De
785 3492 978 3559 Moysis
1012 3506 1058 3546 et
1089 3495 1451 3562 prop/telarum
1494 3494 1830 3549 Hebrazorum
1873 3499 2201 3566 antiquitate.

747 3649 823 3701 Ac
845 3646 1040 3717 Moysis
1064 3651 1276 3718 quidem
1305 3663 1358 3706 et
1375 3656 1750 3722 prophetarum
1773 3669 1837 3707 eo
1851 3653 2209 3720 posteriorum

650 3741 1074 3823 'antiquitatem,
1105 3743 1218 3796 suis
1260 3745 1310 3796 in
1344 3747 1596 3813 operibus
1639 3746 1726 3797 alii
1752 3745 2055 3811 complures
2093 3745 2212 3798 dili-

680 3837 862 3898 genter
900 3833 1187 3887 admodum
1219 3850 1282 3888 ac
1320 3835 1555 3888 studiose
1584 3835 1983 3903 comprobatam
2010 3842 2062 3886 et
2089 3848 2212 3887 con-

683 3931 926 3974 testatam
978 3922 1326 3990 reliquerant,
1377 3942 1440 3977 ex
1481 3925 1676 3992 quibus
1734 3939 1901 3990 pauca
1969 3924 2210 3990 quaedam

682 4012 839 4078 paulo
863 4019 979 4078 post
1017 4012 1317 4078 subjiciam.
1347 4013 1447 4066 Sed
1476 4022 1651 4066 tamen
1677 4014 1825 4080 prius
1863 4028 2053 4065 novam
2103 4013 2213 4079 ipse

683 4103 823 4154 viam
871 4103 1144 4166 insistens,
1193 4105 1504 4171 ueterisque
1545 4104 1655 4171 jam
1694 4104 1832 4157 trita:
1861 4104 2171 4158 dissimilem
2196 4143 2210 4168 ,

684 4205 805 4260 qua:
835 4193 1076 4259 sequitur
1102 4191 1365 4245 rationem
1397 4207 1459 4245 ac
1480 4194 1786 4247 methodum
1819 4194 1955 4248 inire
1981 4194 2211 4247 decrevi.

683 4282 818 4337 Cum
845 4282 1144 4337 Servatoris
1183 4284 1353 4338 nostri
1386 4284 1612 4336 natalem
1645 4285 1886 4337 omnium
1914 4300 2178 4339 consensu
2197 4324 2212 4348 ,

2838 3395 3226 3448 ΚΕΦΔΛΛΙΟΝ
3262 3393 3337 3445 Θ’.

2311 3489 2447 3555 Περὶ
2495 3486 2602 3555 τῆς
2639 3489 3020 3561 ἀρχαιότητος
3072 3484 3386 3561 Μωῦσέως,
3427 3483 3524 3536 καὶ
3566 3481 3676 3533 τῶν
3721 3481 3836 3542 παρ’

2766 3559 2816 3608 Ἐ
2822 3557 3040 3624 ϐραίοις
3085 3557 3419 3622 προφητῶν.

2385 3649 2652 3711 Μωύσέως
2678 3649 2824 3719 πέρι,
2859 3649 2949 3700 καὶ
2977 3649 3072 3716 τῆς
3106 3644 3212 3696 τῶν
3241 3644 3358 3713 μετ’
3385 3642 3546 3719 αὐτὸν
3576 3637 3839 3710 προφητῶν

2315 3697 2682 3812 ἀρχαιότητος,
2726 3697 2958 3804 πλέίστοι
3154 3697 3298 3792 ἄλλοι
3343 3697 3462 3797 διάλ
3481 3697 3705 3810 σπουδῆς
3735 3697 3838 3801 ¹τὴν

2315 3831 2577 3895 ἀπόδειξιν
2615 3833 2670 3884 ὲν
2712 3830 2926 3891 οἰκείοις
2965 3825 3386 3894 καταϐέϐληνται
3422 3826 3837 3895 συγγράμμασιν,

2316 3923 2404 3987 ἀφ’
2437 3916 2508 3972 ὧν
2533 3922 2723 3972 αὐτίκα
2759 3921 2898 3990 μάλα
2925 3917 3092 3988 μικρά
3112 3916 3244 3970 ἄττα
3273 3917 3648 3987 παραθήσομαι
3667 3931 3680 3943 ·
3707 3911 3840 3978 κάγὼ

2314 4011 2388 4072 δὲ,
2415 4011 2726 4080 καινοτέραν
2755 4007 2904 4078 παρά
2929 4008 3049 4071 τοὺς
3078 4009 3392 4078 εἰρημένους
3423 4008 3658 4070 ὁδεύσας,
3690 4004 3838 4075 ταύτῃ

2316 4101 2578 4169 χρήσομαι
2615 4102 2680 4169 τῇ
2715 4099 2936 4169 μεθόδῳ.
2989 4099 3384 4170 Συντρεχόντων
3427 4097 3841 4166 ὁμολογουμένας

2320 4189 2423 4241 τῶν
2453 4191 2652 4259 χρόνων
2696 4188 2996 4255 Αὐγούστου
3030 4189 3308 4259 Ῥωμαίων
3339 4188 3723 4258 αὐτοκράτορος
3763 4188 3838 4238 καὶ

2320 4280 2412 4348 τῆς
2439 4278 2528 4329 τοῦ
2555 4273 2799 4346 Σωτῆρος
2821 4276 2971 4346 ἡμῶν
2998 4276 3278 4345 γενέσεως,
3300 4277 3472 4346 ἀρχὴν
3497 4294 3553 4328 τε
3582 4277 3676 4344 τῆς
3702 4276 3840 4339 εὐαγ-

685 4370 740 4423 ἰη
759 4370 984 4440 Augusti
1016 4371 1352 4438 imperatoris
1383 4380 1620 4438 tempora
1642 4371 1912 4437 incidisse,
1939 4373 2210 4427 Christum

2319 4367 2534 4435 γελικῆς
2565 4366 2901 4429 διδασκαλίας
2941 4367 3032 4420 τοῦ
3077 4365 3307 4436 Χριστοῦ
3338 4367 3694 4437 ποιησαμένου
3719 4365 3841 4418 κατὰ

684 4474 814 4512 vero
845 4460 984 4511 circa
1025 4458 1288 4512 decimum
1319 4458 1563 4525 quintum
1602 4455 1798 4510 Tiberii
1846 4458 2072 4512 Caesaris
2123 4471 2217 4509 an-

685 4565 812 4606 num
847 4547 1244 4617 proseminandi
1289 4547 1560 4616 Evangelii
1603 4547 1813 4599 initium
1850 4546 2041 4601 fecisse
2092 4562 2220 4600 con-

689 4646 791 4692 stet
821 4657 832 4690 :
867 4640 911 4692 si
934 4638 1054 4707 quis
1089 4637 1155 4690 ab
1181 4637 1367 4690 eodem
1394 4653 1656 4692 annorum
1682 4652 1945 4692 summam
1979 4638 2048 4690 ita
2067 4638 2218 4691 colli-

687 4767 928 4838 Πλάτωνι
1016 4766 1252 4829 Εὔδοξος,
1294 4765 1448 4838 δειξρο
1476 4766 1561 4835 (de
1586 4768 1814 4838 [Egypto
1842 4768 2104 4838 loquitur)
2131 4768 2220 4819 καὶ

689 4835 1052 4905 συνδιέτριψαν
1082 4841 1187 4898 τοῖς
1243 4835 1472 4904 ἱερεῦσιν
1497 4835 1936 4890 ἐκεῖνοιένταῦθα
1991 4838 2225 4905 τρισκαί-

687 4907 816 4959 δεκα
863 4904 974 4974 ἐτη,
1008 4904 1079 4964 ὼς
1111 4905 1316 4974 εἴρηταί
1363 4921 1490 4956 τισι.
1527 4905 1752 4959 Consule
1797 4904 2072 4958 Petavium
2129 4920 2223 4957 no-

691 4983 885 5034 strum,
914 4973 1006 5024 lib.
1036 4988 1094 5031 ll.
1127 4988 1242 5041 cap.
1280 4974 1312 5025 5
1335 4983 1387 5026 et
1411 4975 1658 5035 6,eximii
1687 4977 1862 5041 operis
1890 4975 1964 5026 De
1984 4975 2224 5026 doctrina

694 5055 1017 5112 temporum,
1078 5041 1165 5092 ubi
1201 5045 1460 5112 Scaligeri
1508 5043 1574 5094 de
1617 5044 1856 5104 Eudoxo,
1891 5045 2063 5112 deque
2108 5044 2224 5111 ejus

694 5109 1011 5164 octaeteride
1041 5111 1246 5179 somnia
1274 5109 1620 5179 dissipantur.

763 5180 870 5248 (57)
899 5176 1200 5247 ΤηρακλέοῑΔ
1221 5179 1315 5229 καὶ
1346 5176 1910 5247 Θε’ὀδωρον.Βὶοὰοι·.,
1934 5179 2221 5248 Τηλεκλέα,

695 5251 786 5301 καὶ
824 5248 1287 5317 Θεόδηψιωνῖετιι
1340 5250 1495 5301 lectio
1534 5249 1793 5303 est.'Sed-
1825 5249 2064 5301 addenda
2108 5264 2227 5317 quae

698 5317 876 5369 subdit
899 5331 963 5368 eo
992 5316 1108 5386 loco
1140 5315 1448 5386 historicus,
1472 5317 1538 5370 ad
1567 5318 1696 5371 illud
1728 5317 1987 5383 Apollinis
2014 5315 2225 5386 signum

700 5383 1538 5470 Will'I‘EBd‘llla‘.‘T05.&Yﬂlfdtog‘,
1559 5385 1787 5470 “inquit:
1833 5387 1890 5437 ἐν
1913 5383 2223 5470 My“,

699 5452 1148 5534 ﬁﬁb‘TRKEJ‘tXéQLE
1174 5452 1454 5534 ιστορεῖται
1473 5455 1532 5504 τὸ
1556 5452 1722 5534 ﬂuido
1751 5454 1939 5534 dqptgu
1949 5452 2224 5534 ρπιθῆναις

700 5522 838 5592 κατά
863 5522 918 5572 δὲ
943 5523 1036 5592 τὴν
1074 5524 1298 5589 Ἔφεσον
1316 5563 1330 5585 ,
1363 5523 1464 5592 ὑπὸ
1491 5522 1586 5573 τοῦ
1602 5522 1834 5590 ἀδελφοῦ
1873 5522 2138 5592 Θεὸδὼρου
2167 5525 2228 5574 τὸ

699 5589 878 5661 ἓτερον
946 5589 1104 5661 μέρος
1150 5591 1601 5661 συντελεσθῆναιῇ
1630 5589 1944 5647 συντεθέντα
1987 5589 2059 5643 δὲ’
2096 5593 2228 5661 πρὸς

698 5658 896 5725 ἄλληλα
925 5659 989 5711 τὰ
1023 5659 1082 5727 μέ
1095 5676 1187 5729 ρη,
1220 5658 1518 5729 συμφωνεῖν
1549 5660 1739 5726 οὕτως,
1769 5662 1904 5715 ὥστε
1934 5663 2106 5715 δοκεῖν
2141 5658 2225 5728 ὐφ’

2317 4457 2376 4508 τὸ
2410 4456 2880 4508 πεντεκαιδέκατον
2921 4456 3036 4518 ἔτος
3073 4456 3316 4526 Τιϐερίου
3365 4459 3655 4528 Καίσαρος,
3689 4457 3739 4508 εἴ
3769 4473 3836 4516 τις

2319 4548 2421 4599 ἀπὸ
2447 4547 2630 4599 τούτου
2661 4549 2980 4614 συναγαγεῖν
3009 4547 3175 4599 ἐθέλοι
3203 4549 3293 4600 τὸν
3323 4547 3429 4600 τῶν
3451 4548 3585 4600 ὲτῶν
3609 4544 3834 4617 ἀριθμὸν,

2320 4636 2517 4704 προῖὼν
2547 4637 2637 4687 ἐπὶ
2679 4635 2801 4698 τοὺς
2841 4635 3092 4705 ἀνωτέρω
3137 4637 3374 4706 χρόνους,
3412 4638 3535 4700 τοὺς
3567 4637 3718 4707 μέχρι
3753 4638 3836 4688 Δα-

2320 4767 2433 4829 ὲνὸς
2465 4768 2524 4818 τὸ
2567 4765 2674 4818 πᾶν
2716 4765 2870 4835 σῶμα
2906 4768 3350 4822 κατεσκευάσθαμ
3399 4768 3567 4820 Τοῦτο
3605 4769 3659 4821 δὲ
3701 4768 3836 4836 γένος

2316 4837 2417 4920 τῆς
2443 4836 2729 4920 ἐτργασίας,
2761 4836 2907 4920 παρά
2939 4838 3033 4920 μὲν
3060 4840 3170 4920 τρῖς
3206 4839 3425 4920 Ἕλλησι
3457 4837 3709 4920 μηδαμῶς
3739 4839 3834 4888 ἑπι-

2322 4904 2656 4974 τηδεύέσθαι,
2681 4906 2828 4974 πτερὰ
2850 4905 2906 4957 δὲ
2935 4904 3045 4969 τοῖς
3071 4907 3380 4974 Αἰγυπτίοις
3409 4904 3636 4974 μάλιστα
3679 4921 3835 4958 συντε-

2321 4973 2543 5025 λεῖσθαι.
2582 4972 2704 5025 Hrec
2738 4972 3018 5027 Diodorus.
3078 4972 3158 5026 At
3180 4972 3476 5028 Pausanias
3520 4973 3831 5028 Theodorum

2324 5043 2496 5104 illum,
2524 5042 2751 5095 Teleclis
2786 5057 2889 5095 non
2941 5042 3195 5107 fratrem,
3230 5042 3325 5097 sed
3359 5044 3524 5096 lilium
3559 5043 3725 5096 voeat.
3759 5039 3834 5094 Sic

2323 5113 2464 5190 enirn
2491 5112 2576 5164 ille
2607 5111 2662 5163 in
2684 5112 2980 5197 ‘Arcadicis,
3016 5128 3133 5197 pag.
3162 5113 3306 5196 248':
3338 5110 3832 5197 Διέχεανῇδὲλρλκὺν

2326 5179 2556 5247 πρῶτοι,
2614 5181 2706 5232 καὶ
2761 5179 3045 5249 ἀγάλματα
3092 5179 3460 5249 ἒχωνεύσαντο
3475 5220 3490 5242 ,
3546 5179 3738 5240 Ῥοῖκός
3782 5194 3831 5229 τε

2324 5247 2503 5320 ΙΞιαίου
2523 5288 2537 5311 ,
2584 5250 2675 5299 καὶ
2701 5248 2968 5320 Θεόδωρος
3000 5250 3327 5320 Τηλεκλέους
3345 5250 3598 5320 [Σάμιοι.
3627 5248 3751 5320 T_um
3777 5247 3831 5320 de

2328 5268 2537 5311 Ψιαιου,
2584 5268 2675 5299 και
2701 5268 2968 5320 υεοοωρος
3009 5268 3360 5319 ιηΑεκΑεους,
3388 5268 3464 5302 ια
3511 5268 3598 5300 ιοι.
3636 5268 3751 5301 rum
3777 5268 3829 5297 ue

2328 5315 2965 5389 Theodoro_nominatim
3000 5337 3018 5389 :_
3042 5318 3309 5389 Θεοδώρου
3353 5268 3617 5389 fata:on
3657 5312 3829 5389 sua

2328 5386 2417 5458 ἐπὶ
2437 5385 2533 5458 ,τοῦ
2561 5385 2704 5437 λίθου
2721 5385 2817 5458 τῆς
2847 5387 3153 5458 σμαρὲυίδω
3178 5385 3828 5458 σφραγὶςςῆνῖῐιρλψκρῂς

2326 5455 2559 5527 όίΣάμου
2584 5453 2916 5527 τυραννήσας
2946 5453 3147 5527 ἔιρὀρει.
3183 5453 3385 5510 Similia
3414 5453 3597 5527 scribit
3630 5457 3677 5507 in
3699 5453 3827 5527 Plio;

2329 5519 2484 5584 cicis',
2531 5519 2771 5593 extremo
2804 5519 2900 5577 lib.
2919 5560 2935 5587 ,
2981 5519 3082 5580 nisi
3110 5528 3250 5593 quod
3279 5524 3466 5578 llhceci
3493 5533 3691 5591 patrem
3731 5519 3826 5593 Phr

2330 5593 2506 5651 larum,
2537 5609 2640 5644 non
2674 5592 2929 5657 Phineum,
2957 5605 3012 5646 ut
3043 5597 3093 5646 in
3129 5590 3401 5646 Arcadici:
3433 5590 3702 5646 nemiuat:
3731 5590 3829 5642 licet

2332 5662 2589 5731 interpres
2615 5661 2824 5714 Φιλαίου
2858 5664 3140 5733 utrobique
3164 5664 3378 5731 legerit.
