4038 6330
127 411 246 470 805

1283 416 1600 471 ΡΒΑΞΡΑΒ.
1640 413 1889 470 ΕΥΛΝΟ.
1931 414 2059 469 LIB.
2101 412 2168 466 X.

3252 407 3356 462 806

131 531 292 601 ρείου
339 530 433 583 τοῦ
481 530 701 600 Περσῶν
753 530 1047 600 βασιλέως,
1097 533 1188 583 καὶ
1242 533 1339 600 τῆς
1381 531 1499 582 κατ’
1540 529 1695 581 αὑτὸν

1801 541 1925 593 gere
1947 523 2199 588 voluerit,
2237 532 2293 574 ut
2326 535 2421 588 per
2450 517 2729 588 superiora
2776 529 2918 578 retro
2968 527 3233 588 tempora,
3287 520 3352 573 ad

129 620 488 684 ἀνανεώσεως
510 621 602 672 τοῦ
633 622 691 673 ἐν
727 621 1105 692 Ἰεροσολύμοις
1136 620 1258 682 νεὼ,
1281 620 1316 690 ἡ
1343 621 1529 687 γέγονε
1564 619 1697 687 μετᾶ

129 711 242 781 τὴν
271 712 377 764 ἀπὸ
418 711 728 774 Βαϐυλῶνος
771 712 1024 764 ἐπάνοδον
1051 711 1143 764 τοῦ
1186 712 1452 764 Ἰουδαίων
1486 709 1693 771 ἔθνους·

130 803 292 872 εὖροι
339 801 403 855 ἂν
451 803 557 854 ἀπὸ
606 803 850 872 Τιϐερίου
905 803 994 853 ἐπὶ
1042 803 1102 853 τὸ
1142 802 1385 872 δεύτερον
1436 801 1549 862 ἔτος
1598 803 1699 851 Δαα

133 891 295 959 ρείου
381 889 471 959 ἔτη
539 895 691 958 gem-‘2
761 890 978 958 Δαρείου
1053 891 1148 958 μὲν
1194 891 1300 959 γὰρ
1345 889 1405 940 τὸ
1453 888 1698 957 δεύτερον

130 979 286 1032 κατὰ
311 980 369 1030 τὺ
399 979 608 1048 πρῶτον
648 978 763 1040 ἔτος
791 976 887 1046 τῆς
920 979 990 1044 ξε’
1025 978 1377 1048 Ὀλυμπιάδος
1425 980 1693 1047 καταντᾷ·

132 1065 394 1136 Τιϐερίου
420 1067 476 1118 δὲ
501 1067 560 1118 τὸ
588 1067 1056 1118 πεντεκαιδέκατον
1096 1070 1190 1137 τῆς
1230 1068 1509 1137 Ῥωμαίων
1551 1067 1701 1136 βασι-

132 1155 293 1217 λείας
341 1155 476 1208 κατὰ
517 1156 574 1208 τὸ
628 1157 668 1208 δ’
707 1157 806 1225 τῆς
850 1163 929 1224 στ’
974 1157 1323 1226 Ὀλυμπιάδος
1379 1156 1695 1226 συμπίπτει.

134 1246 388 1300 Γίνονται
414 1248 587 1299 τοίνυν
617 1249 672 1298 αί
704 1248 903 1317 μεταξὺ
941 1249 1163 1317 Δαρείου
1210 1247 1298 1299 τοῦ
1343 1247 1571 1317 Πέρσου,
1607 1248 1698 1299 καὶ

133 1335 396 1406 Τιϐερίου
433 1333 525 1387 τοῦ
567 1335 844 1404 Ῥωμαίων
892 1334 1146 1402 βασιλέως
1185 1333 1536 1401 Ὀλυμπιάδες
1566 1332 1697 1403 ρλζ’,

134 1429 196 1480 αῖ
225 1429 511 1494 συνάγουσι
533 1429 719 1498 χρόνον
742 1428 875 1481 ἐτῶν
897 1434 1046 1497 φμη’,
1071 1427 1382 1497 τετραετίας
1408 1429 1471 1496 τῇ
1508 1426 1702 1494 Ὀλυμ-

135 1519 293 1573 πιάδι
323 1519 686 1591 λογιζομένης.
733 1520 882 1572 Ἐπεὶ
925 1520 979 1571 δὲ
1024 1519 1162 1570 κατὰ
1196 1519 1256 1570 τὸ
1292 1518 1540 1586 δεύτερον
1583 1519 1700 1579 ἔτος

133 1611 369 1680 Δαρείου
394 1611 454 1662 τὸ
485 1610 871 1681 ἑϐδομηκοστὸν
897 1610 1106 1681 ὑπῆρχε
1135 1610 1233 1680 τῆς
1268 1609 1495 1679 ἐρημίας
1520 1607 1613 1660 τοῦ
1643 1609 1700 1660 ἐν

148 1699 542 1771 Ἰεροσολύμοις
574 1686 697 1764 νεὼ,
729 1699 904 1762 καθὼς
933 1700 1000 1752 τὰ
1045 1702 1140 1770 τῆς
1176 1701 1434 1771 Ἑϐραίων
1463 1698 1700 1769 ἱστορίας

135 1792 460 1861 παρίστησι,
489 1791 774 1844 κάντεῦθεν
817 1791 972 1843 πάλιν
1013 1793 1432 1863 ἁνατρεχὸντων,
1462 1790 1567 1843 ἀπὸ
1604 1790 1699 1860 μὲν

1800 611 2019 664 Darium
2042 624 2214 678 usque
2239 607 2523 662 Persarum
2555 622 2754 675 regem,
2778 615 2830 659 ct
2857 609 3216 661 instauratum
3242 605 3359 659 Ilie-

1800 700 2089 769 rosolymis
2115 698 2216 751 sub
2255 712 2320 751 eo
2347 697 2640 764 templum,
2678 695 2730 748 id
2777 696 2920 763 quod
2969 706 3091 764 post
3146 695 3356 749 Iudaici

1798 790 1978 858 p0puli
2003 805 2068 842 ex
2134 788 2407 858 Babylone
2449 787 2684 840 reditum
2725 785 2967 855 conligit,
3022 788 3360 840 numerando

1799 881 2107 949 perveniat;
2139 882 2182 932 is
2217 895 2245 932 a
2282 878 2499 932 Tiberio
2544 878 2610 930 ad
2660 876 2804 929 Darii
2829 878 3123 943 secundum
3145 919 3160 942 ,
3185 893 3358 931 annos

1799 972 2021 1024 omnino
2077 970 2310 1039 reperiat
2353 968 2678 1038 quingentos
2722 978 2775 1022 et
2823 968 3179 1038 quadraginta
3209 977 3354 1021 octo.

1798 1061 1932 1116 Nam
1956 1061 2103 1115 Darii
2129 1061 2346 1131 quidem
2383 1061 2657 1115 secundus
2687 1061 2740 1135 in
2769 1061 3004 1129 primum
3021 1041 3358 1130 lolympiadis

1799 1151 2149 1220 sexagesima:
2191 1151 2409 1220 quintae,
2450 1151 2660 1218 imperii
2692 1166 2820 1204 vero
2869 1150 3070 1206 Tiberii
3116 1146 3358 1208 decimus

1798 1243 2020 1312 quintus
2049 1243 2103 1296 in
2132 1253 2385 1312 quartum
2419 1242 2800 1296 ducentesima:
2823 1243 2992 1296 tertia:
3038 1243 3359 1312 Olympiadis

1784 1334 2047 1388 incurrit.
2083 1334 2350 1400 Quocirca
2398 1334 2620 1387 Darium
2671 1332 2889 1388 Persam
2917 1334 3074 1398 inter,
3103 1349 3167 1387 ac
3199 1333 3359 1388 Tibe-

1800 1427 1940 1478 rium
1973 1423 2344 1481 Romanorum
2367 1425 3010 1494 -imperatorcm,centum
3041 1441 3104 1479 ac
3138 1426 3356 1494 triginta

1800 1525 2003 1584 septem
2029 1516 2366 1585 olympiades
2397 1517 2760 1579 intercedunt,
2796 1532 2916 1585 qua:
2953 1531 3222 1571 summam
3260 1534 3358 1571 an-

1767 1617 1776 1632 '
1798 1620 1995 1658 norum
2022 1606 2441 1674 quingentorum
2456 1614 2508 1659 et
2530 1607 2886 1674 quadraginta
2904 1615 3026 1660 octo
3041 1609 3354 1670 conﬁciunt,

1799 1695 2156 1764 quadriennio
2173 1695 2400 1766 singulis
2423 1697 2817 1766 olympiadibus
2833 1699 3112 1753 attribute.
3134 1699 3200 1752 Et
3221 1715 3357 1768 quo-

1800 1785 1946 1838 niam
1982 1785 2128 1838 Darii
2160 1787 2430 1841 secundus
2485 1803 2683 1850 annus,
2714 1802 2837 1840 cum
2882 1786 3356 1859 llicrosolymitani

131 1881 235 1934 τοῦ
269 1883 518 1954 δευτέρου
548 1883 698 1944 ἔτους
728 1884 948 1952 Δαρείου
989 1884 1079 1934 ἐπὶ
1119 1884 1214 1953 τὴν
1249 1882 1467 1952 πρώτην
1511 1882 1695 1951 Ὀλυμ-

1805 1875 1986 1944 templi
2043 1875 2310 1930 vastitatis
2359 1877 2756 1944 septuagesimo
2805 1877 3136 1946 congruebat
3184 1887 3243 1930 ut
3288 1893 3354 1931 ex

133 1973 310 2025 πιάδα
336 1972 426 2044 ἔτη
463 1973 728 2041 συνάγοιτ’
760 1973 824 2026 ἂν
876 1981 1015 2038 σνς’,
1075 1975 1424 2044 Ὀλυμπιάδες
1470 1973 1568 2037 ξδ’·
1615 1991 1702 2025 το-

136 2062 321 2117 σαῦτα
358 2065 401 2117 δ’
440 2064 504 2116 ἂν
549 2065 726 2133 εὕροις
752 2064 819 2117 τὰ
869 2065 975 2117 ἀπὸ
1007 2063 1099 2116 τοῦ
1147 2065 1370 2118 ὑστάτου
1413 2064 1564 2127 ἔτους
1604 2068 1700 2135 τῆς

132 2153 377 2223 ἐρημίας
409 2154 500 2206 τοῦ
528 2153 849 2223 δηλωθέντος
879 2153 1031 2224 ἱεροῦ·
1067 2155 1158 2206 ἐπὶ
1190 2155 1250 2206 τὸ
1292 2162 1334 2207 ν’
1375 2155 1492 2218 ἔτος
1526 2153 1698 2216 Ὀξίου

131 2241 237 2295 τοῦ
270 2243 378 2295 τῶν
418 2244 678 2298 Ἰουδαίων
713 2243 971 2313 βασιλέως
1012 2243 1194 2307 ἀνιὼν,
1221 2244 1341 2297 καθ’
1367 2245 1425 2298 ὃν
1459 2246 1700 2315 προεφή-

131 2347 300 2384 τευον
339 2332 558 2394 Ἡσαΐας
598 2333 690 2386 καὶ
734 2333 906 2402 Ὠσηὲ,
937 2334 1048 2386 ὅσοι
1093 2351 1149 2386 τε
1201 2333 1404 2398 τούτοις
1448 2333 1699 2402 γεγόνασι

138 2420 461 2492 σύγχρονοι·
508 2422 633 2475 ὥστ’
679 2419 815 2476 εἶναι
863 2423 958 2493 τὴν
1000 2425 1220 2496 πρώτην
1265 2425 1385 2478 καθ’
1435 2426 1699 2500 ’Έλληνας

149 2512 488 2582 Ὀλυμπιάδα
516 2514 807 2584 σύνδρομον
844 2514 918 2583 τῷ
950 2518 1201 2586 προφήτῃ
1241 2516 1432 2584 Ἡσαΐᾳ
1465 2517 1560 2567 καὶ
1591 2521 1700 2576 τοῖς

134 2602 336 2656 τούτου
367 2606 690 2674 συγχρόνοις.
722 2605 885 2658 Πάλιν
907 2606 960 2657 δὲ
992 2606 1094 2657 ἀπὸ
1119 2607 1213 2674 τῆς
1246 2605 1465 2674 πρώτης
1505 2603 1700 2674 Ὀλυμ-

135 2695 353 2756 πιάδος,
385 2695 476 2747 ἐπὶ
519 2696 642 2758 τοὺς
692 2694 993 2764 ἔμπροσθεν
1043 2693 1206 2747 ἀνιὼν
1256 2691 1494 2763 χρόνούς,
1541 2693 1698 2763 μέχρι

133 2783 242 2853 τῆς
284 2783 430 2836 Ἰλίου
473 2783 721 2846 ἁλώσεως
757 2785 1006 2854 εὑρήσεις
1040 2784 1132 2853 ἔτη
1167 2783 1697 2852 συγκεφαλαιούμενα

135 2878 247 2942 υη⁹,
278 2873 352 2936 ὡς
377 2875 433 2925 αἱ
463 2876 588 2944 παρ’
624 2875 841 2944 Ἕλλησι
862 2876 966 2926 τῶν
993 2875 1193 2944 χρόνων
1213 2876 1520 2944 ἀναγραφαὶ
1547 2892 1698 2944 περι-

136 2966 343 3034 έχουσι.
378 2965 484 3016 Kal
518 2964 635 3016 καθ’
672 2965 968 3035 Ἐϐραίους,
1020 2965 1125 3016 ἀπὸ
1162 2964 1519 3034 πεντηκοστοῦ
1553 2964 1700 3026 ἔτους

149 3054 330 3119 Ὀξίου
360 3056 453 3108 τοῦ
485 3055 746 3108 Ἰουδαίων
786 3055 1044 3126 βασιλέως
1094 3056 1253 3108 ἀνιὼν
1295 3057 1385 3108 ἐπὶ
1424 3057 1483 3107 τὸ
1522 3057 1700 3126 τρίτον

135 3145 263 3207 ἐτος
297 3145 514 3199 Λαϐδὼν
548 3149 674 3216 παρ’
717 3147 984 3217 Ἑϐραίοις
1025 3147 1313 3215 γενομένου
1351 3146 1557 3216 κριτοῦ,
1611 3148 1700 3198 τὸν

140 3237 258 3289 ἴσον
314 3238 553 3300 συνάξεις
598 3237 822 3308 ἀριθμὸν
884 3238 1017 3288 ὲτῶν
1063 3245 1172 3306 υη’·
1226 3237 1352 3288 ὥστ’
1409 3233 1543 3288 εἶναι
1602 3237 1698 3307 τὴν

151 3330 306 3381 Ἰλίου
334 3329 528 3382 ἅλωσιν
555 3329 694 3381 κατὰ
720 3329 844 3390 τοὺς
872 3327 1092 3379 Λαϐδὼν
1117 3327 1210 3378 τοῦ
1246 3326 1428 3396 κριτοῦ
1457 3327 1695 3396 χρόνους,

136 3420 282 3473 ἑπτὰ
323 3420 464 3470 ἔτεσι
503 3418 816 3488 πρότερονῆ
851 3415 1082 3485 Σαμψὼν
1128 3415 1284 3486 ἄρξαι
1330 3414 1606 3484 Ἐϐραίων,
1641 3415 1697 3466 ὃν

136 3511 284 3566 κατὰ
307 3511 400 3581 τὴν
428 3510 517 3562 τοῦ
554 3509 800 3580 σώματος
845 3509 1039 3573 ἀλκὴν,⁴
1064 3509 1425 3562 ἀνυπόστατον
1452 3507 1696 3574 γενέσθαι

139 3605 326 3674 φασὶν,
355 3604 563 3655 ἐοικότα
594 3602 671 3674 τῷ
696 3602 950 3672 βοωμένῳ
976 3604 1103 3672 παρ’
1137 3600 1390 3667 Ἕλλησιν
1423 3599 1693 3670 Ἡρακλεῖ.

78 3680 84 3685 ’
138 3696 254 3748 Καὶ
283 3694 522 3747 ἐντεῦθεν
544 3693 599 3745 δὲ
626 3695 715 3745 ἐπὶ
740 3695 863 3754 τοὺς
882 3692 1134 3760 ἀνωτέρω
1167 3691 1410 3760 βαδίζων,
1440 3692 1495 3742 ὲν
1519 3690 1698 3758 ταὺτῷ

137 3801 200 3837 τε
234 3783 544 3852 συναγαγὼν
583 3781 806 3853 ἀριθμὸν
849 3780 982 3833 ὲτῶν
1011 3788 1076 3841 u',
1127 3781 1304 3850 εὕροις
1335 3780 1399 3832 ἂν
1429 3781 1570 3832 κατὰ
1602 3782 1696 3850 μὲν

151 3874 429 3944 Ἐϐραίους
462 3874 714 3937 Μωῦσέα,
752 3873 888 3925 κατὰ
931 3871 985 3924 δὲ
1013 3871 1274 3940 ’Έλληνας
1317 3871 1573 3941 Κέκροπα
1608 3872 1696 3922 τὸν

137 3966 367 4033 γηγενῆ.
396 3963 691 4031 Κατώτερα
728 3963 779 4014 δὲ
813 3961 918 4015 τῶν
946 3961 1224 4030 Κέκροπος
1259 3961 1543 4028 ἱστορεῖται
1569 3961 1696 4028 χῷ-

137 4064 251 4100 νων
275 4047 343 4100 τὰ
363 4048 488 4118 παρ’
515 4049 732 4118 Ἕλλησι
758 4045 1156 4117 Θαυμαζὸμενα.
1196 4043 1402 4096 Γίνεται
1425 4049 1530 4116 γὰρ
1562 4050 1697 4116 μετὰ

137 4138 399 4207 Κέκροπα
441 4139 469 4189 ὁ
512 4137 652 4190 κατὰ
699 4138 1036 4190 Δευκαλίωνα
1087 4137 1482 4207 κατακλυσμὸς,
1536 4140 1626 4191 καὶ
1662 4143 1693 4208 ἡ

137 4227 233 4279 ἐπὶ
276 4227 561 4291 Φαέθοντος
607 4228 942 4299 ἐκπύρωσις,
983 4228 1303 4300 Ἐριχθονίου
1354 4246 1411 4280 τε
1464 4230 1691 4295 γένεσις,

137 4318 322 4385 Κόρης
348 4334 405 4369 τε
452 4319 690 4388 ἁρπαγὴ,
734 4320 824 4370 καὶ
866 4321 1147 4389 Δήμητρος
1187 4321 1473 4390 μυστήρια,
1519 4321 1694 4372 Ἐλευο

139 4407 322 4459 σινίων
356 4406 577 4476 ἵδρυσις,
609 4409 976 4477 Τριπτολέμου
1010 4411 1268 4479 γεωργία,
1304 4409 1566 4480 Εὐρώπης
1592 4412 1694 4463 ὑπὸ

1723 3202 1773 3264 C

1803 1967 2154 2022 Hebrmorum
2185 1967 2414 2021 historia
2445 1967 2616 2036 liquet
2652 1987 2664 2020 :
2701 1968 2745 2022 si
2769 1968 2994 2037 gradum
3029 1970 3192 2022 etiam
3234 1971 3356 2023 inde

1801 2067 1946 2112 retro
1968 2057 2172 2122 ﬂectas,
2202 2061 2269 2112 ab
2289 2074 2433 2112 anno
2466 2059 2610 2112 Darii
2634 2060 2869 2114 secundo
2902 2061 2966 2113 ad
3000 2061 3229 2129 primam
3266 2079 3356 2116 us-

1800 2165 1908 2218 que
1931 2148 2304 2219 Olympiadem
2337 2151 2465 2203 anni
2503 2153 2737 2206 contient
2769 2157 2958 2205 omnes
2995 2152 3358 2221 quinquagin-

1803 2247 1854 2292 ta
1901 2254 1992 2293 sex
2018 2255 2182 2306 supra
2208 2239 2491 2302 ducentos,
2529 2241 2861 2310 olympiades
2887 2257 3016 2294 vero
3050 2251 3282 2311 quatuor
3304 2251 3359 2295 et

1801 2328 2113 2397 sexaginta;
2139 2338 2269 2396 quot
2290 2329 2447 2397 plane
2465 2330 2531 2382 ab
2560 2332 2752 2384 ultimo
2781 2333 2948 2385 excisi
2975 2333 3159 2401 templi
3191 2348 3356 2395 anno.

1802 2421 1868 2474 ad
1899 2418 2039 2473 Osiaz
2061 2417 2374 2473 Judzeorum
2417 2422 2560 2488 regis
2604 2422 3114 2490 quinquagesimum
3170 2440 3357 2478 nume—

1802 2519 2157 2577 rantur;quo
2207 2518 2445 2577 tempore
2493 2509 2656 2580 484
2702 2509 2890 2574 Isaias,
2920 2511 3109 2577 Oseas,
3157 2513 3356 2581 aliique.

1802 2603 2086 2656 amborum
2110 2603 2342 2672 aequales
2390 2605 2661 2672 propheta:
2689 2603 3019 2657 claruerunt.
3056 2605 3129 2658 Ita
3179 2607 3355 2674 prima

1813 2692 2121 2747 Graecorum
2149 2694 2413 2763 Olympias
2435 2710 2557 2747 cum
2588 2695 2722 2747 Isaia
2755 2704 2808 2748 et
2849 2696 3018 2764 ipsius
3056 2698 3354 2765 aequalibus

1801 2785 2070 2852 congruit.
2104 2785 2312 2840 Rursus
2351 2787 2441 2853 qui
2473 2785 2539 2838 ad
2585 2787 2867 2854 superiora
2896 2798 3134 2856 tempora
3166 2803 3355 2842 recur-

1809 2887 1927 2926 rere
1987 2874 2232 2934 voluerit,
2268 2874 2314 2926 is
2360 2873 2426 2925 ab
2466 2873 2769 2942 Olympiade
2801 2875 2973 2942 prima
3019 2876 3087 2929 ad
3142 2887 3353 2944 captam

1801 2977 1974 3031 usque
1999 2962 2233 3031 Trojam,
2267 2979 2531 3018 annorum
2562 2981 2828 3018 summam
2853 2965 3099 3020 conﬁciet
3118 2976 3242 3021 octo
3265 2984 3357 3023 sn-

1801 3069 1896 3123 pra
1951 3055 2412 3123 quadringentos,
2464 3071 2622 3124 quem
2652 3071 2934 3110 numerum
2986 3057 3356 3129 chronologiri

1803 3144 2112 3199 Graecorum
2155 3148 2526 3204 commentarii
2555 3157 2958 3214 reprzesentant.
2996 3147 3258 3202 Similiter
3288 3166 3350 3202 a-

1803 3237 1909 3303 pud
1946 3235 2220 3302 llebrzeos,
2263 3239 2330 3291 ab
2362 3237 2502 3292 Osia:
2534 3236 2840 3291 Judmorum
2899 3238 3038 3308 regis
3087 3241 3350 3309 quinqua-

1801 3329 2027 3393 gesimo,
2061 3329 2104 3381 si
2151 3332 2374 3398 gradum
2411 3331 2476 3382 ad
2531 3329 2800 3385 Labdonis
2845 3330 3049 3386 llebrwi
3077 3335 3353 3400 quondam

1795 3417 1994 3485 judicis
2028 3420 2242 3472 tertium
2272 3419 2481 3482 ieceris,
2512 3423 2770 3489 aequalem
2790 3438 3053 3475 annorum
3092 3424 3350 3490 quadrin-

1799 3510 2082 3575 gentorum
2108 3519 2162 3562 et
2186 3519 2305 3562 octo
2341 3524 2627 3562 numerum
2661 3512 2897 3580 colliges.
2927 3513 3101 3581 Atque
3132 3515 3202 3565 ita
3251 3515 3354 3567 sub

1799 3597 2072 3652 Labdonis
2107 3599 2308 3668 judicis
2343 3609 2584 3668 tempora
2629 3599 2780 3654 Ilium
2814 3602 2992 3668 fuerit,
3023 3615 3223 3674 septem
3257 3621 3352 3660 an-

1799 3692 1884 3744 nis
1909 3701 2198 3760 antequam
2230 3692 2458 3746 Samson
2488 3691 2726 3746 llebrzcis
2757 3695 3061 3762 imperaret,
3089 3714 3246 3767 quem
3281 3703 3354 3751 vi-

1799 3781 1947 3835 ribus
1971 3785 2212 3851 corporis
2247 3783 2375 3836 nihil
2398 3800 2500 3837 non
2519 3799 2826 3851 superasse,
2847 3787 3089 3856 adeoque
3105 3789 3350 3842 omnium

1798 3888 1891 3926 ore
1938 3873 2141 3942 jactato
2181 3873 2489 3928 (Succorum
2552 3875 2767 3930 llerculi
2809 3879 3133 3946 persimilem
3181 3879 3350 3934 fuisse

1797 3963 2035 4015 tradunt.
2090 3964 2290 4028 Quodsi
2315 3967 2381 4017 ab
2414 3967 2502 4018 illo
2526 3976 2782 4036 tempore,
2810 3983 2979 4021 annos
2999 3984 3187 4023 rursus
3213 3987 3349 4038 qua-

1795 4051 2103 4120 dringentos
2127 4069 2348 4107 sursum
2371 4070 2554 4109 versus
2567 4057 3190 4128 numeraveris,Moysem
3209 4064 3348 4129 apud

1800 4139 2068 4206 Hebraeos,
2098 4145 2236 4211 apud
2271 4144 2486 4198 Graecos
2512 4146 2803 4213 Cecropem
2837 4146 2986 4200 illum
3023 4149 3345 4218 terrigenam

1797 4235 2029 4302 reperies
2064 4250 2075 4286 :
2111 4251 2218 4302 quo
2256 4237 2470 4304 quidem
2501 4237 2798 4290 recentiora
2827 4253 2964 4302 esse,
3011 4256 3347 4310 quzecunque

1795 4325 1966 4379 (Irasci
1987 4337 2266 4395 tantopere
2295 4329 2591 4390 celebrant,
2622 4344 2781 4384 nemo
2813 4347 2918 4384 non
2961 4330 3176 4386 fatetur.
3212 4332 3344 4386 Nam

1796 4427 1916 4487 post
1948 4419 2122 4482 illum,
2159 4419 2503 4475 Deucalionis
2551 4421 2840 4485 diluvium,
2877 4421 3224 4478 Phaethontis
3267 4427 3350 4477 in-

138 4497 259 4560 Διδς
286 4498 525 4568 ἁρπαγὴ,
569 4498 892 4562 Ἀπόλλωνος
927 4501 1153 4568 γένεσις,
1198 4501 1415 4570 Κάδμου
1454 4503 1551 4552 ’ἐπὶ
1583 4502 1691 4572 Θή-

1798 4512 2065 4574 eendium,
2091 4522 2241 4566 ortus
2261 4511 2616 4578 Erichthonii,
2646 4511 2983 4582 Proserpina:
3009 4525 3215 4584 raptus,
3239 4531 3348 4585 my-

137 4587 241 4652 ϐας
264 4590 542 4660 παρουσία,
566 4591 657 4642 καὶ
684 4589 760 4641 ἔτι
797 4591 994 4644 τούτων
1021 4591 1268 4663 νεώτεροι
1303 4593 1566 4655 Διόνυσος,
1590 4595 1692 4644 Μί-

117 4697 264 4744 -νως,
306 4682 563 4752 Περσεὺς,
624 4682 971 4750 Ἀσκληπιὸς,
1020 4684 1360 4755 Διόσκουροι,
1399 4684 1683 4754 Ἡρακλῆς.
1719 4712 1724 4718 -

139 4771 353 4825 Τούτων
378 4771 420 4824 δ’
443 4772 691 4825 ἁπάντων
733 4771 1092 4842 πρεσϐύτερος
1121 4775 1353 4843 γεγονὼς
1383 4779 1689 4829 συνίσταται

137 4863 395 4931 Μωῦσῆς,
423 4862 498 4924 ὡς
530 4863 593 4915 ἂν
619 4862 755 4914 κατὰ
780 4862 1034 4932 Κέκροπα
1056 4865 1153 4934 τὴν
1179 4866 1390 4934 ἠλικίαν
1416 4868 1688 4936 ἀκμάσας.

147 4952 282 5019 Ἀπὸ
313 4952 368 5004 δὲ
401 4954 670 5016 Μωῡσέως
706 4953 862 5007 πάλιν
887 4952 1047 5006 ἀνιὼν
1085 4956 1176 5005 ἐπὶ
1228 4956 1286 5007 τὸ
1331 4959 1541 5026 πρῶτον
1575 4958 1690 5020 ἔτος

139 5043 283 5111 ζωῆς
311 5042 574 5112 Ἁϐραάμ,
600 5045 847 5114 εὑρήσεις
867 5044 959 5111 ἔτη
999 5050 1098 5110 cpe“
1121 5045 1357 5098 τοσαῦτα
1390 5047 1443 5098 δὲ
1467 5048 1569 5098 ἀπὸ
1593 5049 1685 5100 τοῦ

137 5132 463 5206 δηλωθέντος
511 5132 660 5196 ἔτους
698 5138 795 5203 τῆς
829 5135 1106 5203 Κέκροπος
1153 5135 1424 5203 βασιλείας
1458 5139 1684 5209 (58-59),

136 5228 227 5279 τὸν
287 5223 539 5293 ἀνωτέρω
591 5226 773 5294 χρόνον
832 5225 1332 5295 ἀπαριθμούμενος,
1380 5231 1469 5280 ἐπὶ
1531 5232 1688 5282 Νῖνον

135 5317 285 5387 ἥξεις
328 5316 418 5368 τὸν
457 5316 738 5386 Ασσύριον,
783 5318 839 5370 ὃν
884 5318 1093 5389 πρῶτόν
1135 5335 1293 5386 φασιν
1335 5321 1547 5388 ἀπάσης
1591 5327 1688 5391 τῆς

151 5404 333 5464 Ἀσίας
371 5403 504 5473 πλὴν
531 5403 701 5456 Ἰνδῶν
744 5408 1135 5476 κεκρατηκέναι
1161 5423 1172 5434 ·
1201 5401 1262 5458 οὗ
1298 5407 1453 5468 Νῖνος
1483 5409 1688 5460 ἐπώνυ-

142 5511 238 5565 μος
259 5493 427 5554 πόλις,
445 5495 478 5562 ἡ
503 5493 683 5546 Νινευῒ
710 5496 838 5563 παρ’
864 5496 1126 5565 Ἑϐραίοις
1145 5497 1473 5565 ὠνόμασται,
1495 5499 1613 5548 καθ’
1628 5500 1685 5550 ὂν

139 5583 492 5658 Ζωροάστρης
520 5587 547 5637 ὁ
575 5585 757 5650 Μάγος
788 5585 1061 5656 Βακτρίων
1090 5587 1416 5640 ἐϐασίλευσε.
1449 5589 1606 5641 Νίνου
1631 5591 1684 5642 δὲ

1798 4601 1960 4654 stcria
2008 4602 2242 4667 Cereris,
2277 4595 2669 4656 El‘eusiniorum
2707 4605 2993 4667 institutio,
3036 4605 3346 4673 Triptolemi

1799 4689 2379 4757 agricultura,Europ:e
2401 4690 2468 4742 ab
2487 4687 2618 4743 Jove
2640 4694 3047 4760 raptus,natalis
3063 4693 3345 4760 Apollinis,

1797 4776 1980 4829 Cadmi
2015 4777 2154 4843 apud
2183 4777 2467 4832 Thebanos
2494 4778 2775 4843 adventus,
2809 4793 2968 4849 atque
3002 4782 3068 4834 iis
3090 4785 3348 4839 omnibus

1789 4867 2027 4934 juniores
2047 4865 2308 4928 Bacchus,
2330 4865 2523 4933 Minos,
2549 4867 2797 4933 Perseus,
2830 4870 3195 4939 :Eseulapius,
3222 4877 3326 4928 Cas

1795 4969 1900 5021 tor,
1941 4970 1992 5010 et
2021 4955 2235 5019 Pollux,
2269 4965 2322 5009 et
2346 4955 2603 5014 Hercules
2641 4961 2913 5013 exstitere.
2946 4959 3093 5024 Quos
3123 4967 3346 5032 proinde

1795 5049 2024 5118 Moyses,
2081 5062 2204 5100 cum
2258 5048 2514 5116 Cecropis
2556 5059 2795 5115 tempore
2845 5048 3124 5115 ﬂoruerit,
3191 5063 3344 5106 relate

1794 5154 1978 5192 omnes
2003 5137 2238 5192 anteivit.
2263 5138 2427 5192 Porro
2445 5139 2488 5192 si
2507 5139 2574 5190 ab
2597 5138 2783 5191 eodem
2808 5137 2988 5209 Moyse
3009 5142 3074 5194 ad
3110 5142 3351 5228 primum.

1798 5243 1965 5296 usque
1985 5229 2278 5284 Abrahami
2312 5232 2432 5283 vitm
2462 5243 2663 5282 annum
2715 5232 3044 5290 recurreris,
3074 5246 3339 5284 summam

1795 5319 2010 5388 colliges
2036 5334 2300 5373 annorum
2327 5321 2565 5388 quinque
2588 5333 2749 5387 supra
2789 5324 3140 5391 quingentos;
3182 5321 3339 5373 item-

1792 5426 1914 5479 que,
1948 5411 2166 5464 totidem
2198 5413 2265 5464 ab
2291 5411 2380 5463 illo
2404 5408 2662 5478 Cecropis
2698 5413 2846 5479 regni
2879 5426 3020 5464 anno
3059 5412 3336 5478 superiora

1792 5515 1979 5553 versus
2008 5510 2246 5570 tempora
2279 5499 2596 5562 numeratis,
2621 5500 2687 5554 ad
2704 5499 2898 5553 Ninum
2917 5499 3195 5568 Assyrium
3221 5517 3314 5570 per

1791 5591 1994 5648 venies.
2019 5607 2177 5658 quem
2208 5591 2450 5644 omnium
2488 5592 2781 5660 principem
2807 5598 2915 5645 tota
2948 5590 3147 5659 passim
3177 5592 3303 5646 Asia

204 5809 414 5875 (53-59)
453 5813 782 5877 Βασιλείας.
818 5814 1130 5871 Addeudurn
1162 5815 1279 5880 ἐπί,
1317 5786 1394 5874 vel
1425 5817 1522 5881 εἰς,
1566 5828 1686 5872 ante
1725 5811 1812 5867 τὸν
1836 5816 1975 5869 ἁνωτ
