3994 6340
732 424 839 481 807

1398 420 1662 477 EUSEBII
1702 420 2175 491 CALSARIENSIS
2206 420 2353 475 OPP.
2397 419 2573 473 PARS
2602 418 2663 470 ll.
2695 448 2764 457 ——
2790 416 3286 510 APQLOGETICA.
3820 420 3896 477 808

731 543 779 596 si
812 553 987 596 tamen
1018 539 1177 593 Indos
1216 524 1476 607 excipias,
1509 536 1843 591 dominatum
1874 552 1993 590 esse
2036 536 2269 591 tradunt.

2375 534 2529 603 γυνὴ,
2548 551 2638 585 και
2659 532 2895 601 διάδοχος
2922 535 3020 601 τῆς
3040 530 3327 600 βασιλείας,
3345 534 3649 603 Σεμίραμις
3663 550 3681 564 ⁶
3706 533 3823 587 ὥστ’
3839 534 3891 588 εἷς

730 629 935 685 Nomen
956 630 1030 683 ab
1060 644 1124 682 eo
1150 626 1320 680 Ninus
1346 626 1558 687 civitas,
1594 612 1757 693 quam
1788 624 2017 677 Niniven
2064 621 2272 674 Hebraei

729 731 943 786 vocant,
966 720 1189 787 accepit,
1216 717 1569 786 ejusdemque
1591 718 1926 784 temporibus
1954 714 2273 767 Zoroastres

728 812 817 864 ille
836 825 1021 879 magus
1052 807 1352 862 Bactrianis
1386 806 1704 873 imperabat.
1736 803 1857 856 Nini
1881 818 2016 856 uxor
2035 802 2272 856 Semira-

729 902 830 954 mis
882 900 1056 954 eidem
1116 896 1375 950 successit
1414 896 1468 947 in
1522 910 1787 963 regnum:
1833 908 2063 961 quorum
2118 902 2274 945 atate

726 991 952 1056 proinde
998 990 1366 1041 Abrahamum
1393 989 1593 1039 vixisse
1639 985 1893 1052 oportuit.
1927 983 2125 1037 Verum
2164 984 2275 1036 haec

725 1097 754 1133 a
780 1082 935 1133 nobis
975 1079 1153 1131 omnia
1193 1079 1351 1132 certis
1403 1077 1736 1147 argumentis
1781 1078 1834 1128 in
1884 1074 2274 1143 Chronologicis

724 1171 926 1223 nostris
971 1169 1253 1237 canonibus
1298 1167 1541 1221 conlecta
1578 1168 1832 1235 reperies.
1867 1164 2021 1218 Nunc
2057 1165 2271 1232 quidem

722 1261 1103 1314 confirmanda:
1130 1259 1331 1329 Moysis
1360 1258 1687 1325 antiquitati,
1720 1258 1785 1310 ad
1818 1258 2098 1325 superiora
2154 1257 2267 1320 illa,

723 1365 890 1402 unum
917 1350 1156 1403 hominis
1181 1351 1335 1417 longe
1359 1365 1481 1401 cum
1506 1346 1762 1411 Hebraeis,
1784 1356 1895 1399 tum
1925 1348 2086 1400 etiam
2114 1348 2270 1401 nobis

723 1440 1106 1502 inimicissimi,
1132 1444 1300 1508 atque
1337 1438 2098 1491 infensissimitestimonium
2145 1438 2271 1491 libet

722 1530 885 1600 485
916 1531 1205 1599 adiungere
1234 1549 1246 1583 :
1282 1530 1659 1599 pitilOSOpltum
1695 1530 1842 1581 illum
1872 1530 2131 1597 aqualem
2170 1543 2269 1580 no-

725 1631 895 1685 strum
938 1623 1193 1690 intelligo,
1225 1623 1313 1690 qui
1347 1638 1411 1675 eo
1454 1621 1506 1673 in
1544 1635 1723 1687 opere,
1777 1620 1919 1687 quod
1948 1615 2185 1672 ’nostros
2220 1619 2271 1670 in

726 1712 971 1765 homines
1004 1713 1079 1766 vis
1108 1713 1222 1780 cjus
1259 1713 1365 1765 odii
1401 1710 1818 1781 magnitudoque
1859 1710 2113 1778 vulgavit,
2163 1724 2271 1762 non

726 1802 885 1853 modo
942 1816 1078 1864 nos,
1119 1802 1211 1855 sed
1252 1800 1503 1855 Hebraeos
1548 1800 1708 1853 etiam
1760 1801 1924 1867 ipsos,
1970 1814 2173 1851 necnon
2221 1810 2274 1851 et

725 1889 983 1959 Moysern,
1015 1892 1418 1959 prophetasque
1462 1898 1582 1958 post
1626 1890 1772 1943 illum
1808 1897 2051 1951 cancros,
2083 1888 2270 1939 iisdem

724 1979 1065 2032 contumeliis
1096 1978 1357 2031 oneravit.
1386 1976 1517 2028 Nam
1548 1976 1619 2027 ita
1649 1976 1865 2027 demum
1896 1978 2205 2038 susceptum
2237 1984 2267 2021 a

724 2070 882 2122 nobis
908 2078 1306 2137 argumentum,
1333 2069 1445 2134 ipsa
1485 2065 1720 2117 hostium
1746 2061 2083 2115 confessione
2110 2069 2273 2113 testa-

727 2170 862 2222 tum,
922 2160 1056 2213 nihil
1110 2140 1362 2226 cuiquam
1414 2155 1764 2209 dubitationis
1810 2154 2121 2206 relicturum
2154 2167 2270 2205 esse

723 2252 955 2303 conlido.
999 2248 1329 2316 Porphyrius
1362 2247 1523 2313 igitur
1551 2244 1688 2296 libro
1735 2243 1817 2295 sui
1863 2243 2147 2295 adversum
2175 2256 2271 2293 nos

723 2342 904 2408 Operis
927 2348 1142 2408 quarto,
1176 2339 1319 2390 hunc
1351 2337 1401 2387 in
1432 2336 1671 2396 modum,
1698 2333 1873 2386 verbis
1898 2333 2117 2385 omnino
2148 2330 2273 2384 toti-

724 2433 842 2484 dem
873 2431 1106 2499 loquitur
1139 2448 1150 2482 :
1189 2446 1206 2477 ι
1246 2427 1415 2480 Porro
1441 2428 1491 2477 in
1524 2427 1827 2489 scribenda,
1864 2424 2055 2491 inquit,
2080 2438 2261 2475 rerum

722 2522 1067 2576 Judaicarum
1121 2518 1368 2580 historia,
1432 2516 1672 2568 veritatis
1727 2513 2131 2565 amantissimus
2191 2519 2273 2563 est

725 2609 1128 2669 Sanchoniatho
1167 2608 1255 2660 ille
1282 2605 1546 2674 Berytius,
1582 2605 1779 2671 quippe
1808 2602 1899 2669 qui
1940 2610 2271 2654 commenta-

724 2705 837 2756 rios
872 2717 991 2754 cum
1022 2713 1209 2752 eorum
1248 2697 1359 2749 sive
1389 2695 1522 2746 locis
1566 2695 1677 2746 sive
1706 2692 2014 2745 nominibus
2040 2692 2271 2743 maxime

725 2796 1101 2858 congruentes,
1136 2787 1202 2838 ab
1240 2784 1579 2837 Hierombalo
1607 2780 1823 2833 Jevonis
1871 2780 1954 2833 dei
1994 2780 2271 2832 sacerdote

726 2878 990 2946 acceperit
1015 2894 1026 2928 :
1054 2875 1145 2943 qui
1170 2888 1321 2926 suam
1345 2872 1626 2925 historiam
1656 2870 1912 2922 Abclbalo
1938 2867 2269 2937 Berytiorum

724 2970 834 3037 rcgi
867 2976 1249 3035 nuncupatam,
1288 2981 1408 3017 cunt
1437 2963 1512 3015 illi
1541 2962 1661 3029 ipsi,
1698 2971 1809 3013 tum
1838 2961 1901 3012 iis
1939 2959 2122 3023 etiam,
2158 2959 2273 3026 qui-

726 3060 826 3111 bus
858 3059 909 3109 in
938 3056 1263 3123 explorando
1320 3067 1448 3107 vero
1511 3049 1835 3103 consiliariis
1865 3058 2024 3116 atque
2054 3048 2271 3101 arbitris

728 3148 997 3209 utebatur,
1028 3144 1289 3213 probavit.
1320 3143 1559 3207 Quorum
1586 3154 1713 3193 sane
1751 3149 1989 3206 tempora
2023 3137 2271 3205 Trojanis

725 3240 885 3292 etiam
916 3238 1019 3289 illis
1043 3236 1347 3303 antiquiora
1383 3244 1527 3294 sunt,
1566 3246 1863 3299 parumque
1915 3229 2203 3282 admodum
2235 3246 2265 3281 a

724 3329 921 3399 Moysis
949 3336 1103 3381 aetate
1131 3327 1488 3392 disjuncta,ut
1510 3338 1571 3375 ex
1596 3321 1883 3375 Plitenicize
1913 3320 2115 3391 Regum
2145 3337 2268 3374 suc-

723 3420 965 3473 cessione
1018 3415 1381 3483 cognoscitur.
1434 3410 1575 3465 idem
1625 3421 1803 3465 autem
1840 3412 2266 3477 Sanchoniatho,

725 3511 819 3577 qui
851 3511 1153 3561 universam
1204 3506 1504 3566 historiam,
1539 3520 1659 3557 cum
1715 3521 1779 3558 ex
1834 3505 2062 3573 publicis
2095 3506 2267 3566 urbis,

728 3611 841 3653 tum
866 3616 896 3654 e
929 3600 1097 3653 sacris
1128 3598 1321 3651 tabulis
1345 3598 1613 3658 haustam,
1643 3612 1855 3649 summo
1883 3612 2003 3650 cum
2032 3598 2271 3651 veritatis

728 3690 906 3745 studio
956 3688 1231 3742 Pbmnicia
1276 3688 1455 3755 lingua
1497 3687 1837 3753 conscripsit,
1899 3685 2270 3740 Semiramidis

725 3775 1069 3850 Assyriorum
1099 3778 1294 3847 regina:
1324 3778 1655 3845 temporibus
1682 3776 1880 3829 ﬂoruit.
1925 3796 1942 3826 )
1978 3776 2102 3831 Haac
2139 3776 2271 3829 Por-

725 3873 966 3943 phyrius.
998 3869 1072 3923 Ex
1100 3870 1296 3939 quibus
1339 3870 1407 3920 ita
1440 3883 1537 3920 nos
1573 3868 1881 3920 ratiocinari
1913 3883 2069 3934 posse
2111 3868 2270 3920 intel—

726 3964 854 4031 ligo.
879 3961 936 4015 Si
966 3959 1370 4014 Sanchoniatlto
1412 3957 1785 4011 Semiramidis
1813 3958 2146 4025 temporibus
2172 3957 2270 4011 llo-

726 4053 857 4116 ruit,
890 4051 1295 4105 Semiramidem
1344 4065 1473 4103 vero
1530 4049 1699 4102 multo
1751 4058 1874 4101 ante
1906 4047 2141 4115 Trojana
2183 4064 2269 4101 re-

725 4156 923 4212 gnasse
948 4147 1181 4203 constat,
1204 4139 1393 4193 iisdem
1420 4155 1633 4208 quoque
1660 4140 1914 4191 vetustior
1938 4138 2270 4191 Sancbonia-

724 4230 818 4281 tho
855 4227 1035 4291 fuerit,
1073 4241 1292 4279 necesse
1329 4233 1429 4278 est.
1474 4226 1635 4292 Atqui
1687 4240 1807 4277 eum
1862 4223 1928 4275 ab
1974 4223 2093 4275 aliis
2147 4236 2269 4275 sese

725 4319 902 4373 adhuc
931 4318 1327 4387 antiquioribus
1384 4316 1801 4369 commentarios
1846 4314 2119 4381 accepisse
2158 4323 2267 4365 tra-

725 4408 878 4470 dunt,
908 4406 998 4474 qui
1025 4408 1183 4459 etiam
1207 4405 1307 4473 ipsi
1341 4403 1539 4473 Moysis
1568 4417 1673 4454 non
1698 4402 1946 4468 azquales,
1988 4401 2079 4453 sed
2106 4400 2262 4453 vicini

2383 641 2467 675 ναι
2500 624 2585 674 τὸν
2630 622 2876 692 Ἀϐραάμ
2904 623 3039 674 κατὰ
3070 621 3306 683 τούτους.
3334 622 3515 674 Ταῦτα
3557 624 3654 693 μὲν
3682 620 3771 676 οὖν
3799 626 3895 677 ἁπο-

2384 714 2659 776 δεικτικῶς
2682 717 2736 766 ἐν
2751 717 2858 776 τοῖς
2880 714 3183 783 πονηθεῖσιν
3206 717 3337 784 μῖν
3353 715 3659 782 Χρονικοῖς
3688 718 3894 770 κανόσιν

2384 802 2549 865 οὕτως
2591 803 2776 872 ἔχοντα
2817 804 3061 874 συνέστη.
3098 805 3219 857 Ἐπὶ
3261 806 3315 857 δὲ
3367 806 3458 857 τοῦ
3502 807 3766 876 παρόντος
3795 809 3893 876 tpl;

2384 901 2490 959 τοῖς
2519 896 2819 966 εἰρημένοις
2864 896 3095 967 μάρτυρι
3135 899 3233 965 τῆς
3274 897 3562 961 Μωῦσέως,
3587 898 3891 968 ἀρχαιότητος

2379 988 2645 1061 χρήσομαι
2671 986 2748 1056 τῷ
2769 974 2980 1039 πάντων
3000 987 3404 1057 δυσμενεστάτῳ
3429 989 3892 1061 καὶιπολεμιωτάτῳ

2387 1081 2643 1150 Ἐϐραίων
2673 1098 2731 1132 τε
2764 1081 2857 1132 καὶ
2886 1081 3059 1149 ἡμῶν,
3092 1082 3233 1151 φημὶ
3260 1081 3316 1133 δὲ
3341 1082 3419 1151 τῷ
3452 1084 3571 1135 καθ’
3596 1085 3743 1152 ἡμᾶς
3780 1083 3890 1151 φιλο-

2378 1169 2552 1237 σόφῳ,
2590 1169 2649 1231 ὃς
2674 1169 2770 1239 τὴν
2796 1169 2915 1220 καθ’
2954 1169 3105 1239 ἡμῶν
3134 1172 3396 1241 συσκευὴν
3432 1173 3698 1242 ὑπερϐολῇ
3742 1173 3889 1241 μίσους

2377 1258 2643 1327 προόεόλη
2653 1258 2826 1327 μένος,
2851 1260 2910 1309 οὐ
2936 1258 3123 1327 μόνους
3144 1262 3309 1328 ἡμᾶς,
3336 1260 3469 1313 ἀλλὰ
3492 1265 3585 1313 καὶ
3626 1262 3887 1331 Ἑϐραίους,

2377 1349 2535 1401 αὐτόν
2557 1366 2614 1400 τε
2643 1348 2876 1401 Μωῦσέα
2905 1349 2995 1400 καὶ
3020 1350 3143 1412 τοὺς
3176 1351 3290 1419 μετ’
3321 1351 3478 1402 αὑτὸν
3505 1353 3778 1421 προφήτας
3800 1354 3889 1412 mi;

2378 1439 2517 1502 ῐσαις
2574 1439 2882 1507 ὑπηγάγετο
2938 1439 3285 1509 δυσφημίαις.
3347 1440 3442 1492 Διά
3502 1441 3608 1511 γὰρ
3661 1442 3756 1509 τῆς
3807 1441 3889 1494 τῶν

2374 1531 2578 1600 ἐχθρῶν
2614 1530 2894 1599 ὁμολογίας
2924 1531 3347 1600 ὰναμφηρίστως
3371 1530 3604 1601 ἡγοῦμαι
3634 1532 3729 1601 τὴν
3754 1534 3889 1599 ἑπαγ-

2374 1622 2555 1688 γελίαν
2602 1619 2994 1673 πιστώσασθαι.
3027 1620 3224 1688 Γράφει
3259 1620 3434 1671 τοίνυν
3468 1622 3524 1671 ὲν
3570 1622 3644 1690 τῷ
3687 1622 3888 1691 τετάρτῳ

2372 1706 2468 1774 τῆς
2492 1706 2611 1759 καθ’
2640 1707 2794 1775 ἡμῶν
2822 1708 3083 1776 συσκευῆς
3110 1708 3138 1758 6
3167 1706 3467 1777 Πορφύριος
3490 1710 3721 1777 ῥήμασιν
3740 1711 3887 1770 αὐτοῖς

2373 1798 2527 1850 τάδε·
2572 1817 2590 1849 ι
2622 1798 2843 1867 Ἱστορεί
2886 1797 2942 1849 δὲ
2978 1798 3044 1849 τά
3084 1799 3209 1868 περὶ
3251 1800 3515 1850 Ἰουδαίων
3548 1799 3882 1865 ἀληθέστατα.

2306 1867 2345 1919 Β
2373 1887 2451 1937 ὃτι
2482 1885 2591 1954 (60)
2621 1887 2711 1938 καὶ
2736 1888 2847 1947 τοῖς
2877 1886 3057 1948 τόποις
3088 1867 3180 1939 καί
3212 1889 3321 1949 τοῖς
3354 1889 3606 1957 ὀνόμασιν
3639 1889 3802 1941 αὐτῶν
3834 1892 3885 1941 τὰ

2373 1992 2434 2027 συ
2443 1976 2760 2044 μφωνότατα
2781 1977 3170 2045 Σαγχωνιάθων
3195 1980 3222 2029 ὁ
3254 1979 3534 2051 Βηρύτιος,
3558 1980 3811 2049 είληφὼςι
3835 1982 3885 2033 τὰ

2370 2066 2731 2135 ὑπομνήματα
2753 2066 2900 2134 παρὰ
2932 2068 3271 2145 Ἰερομῦάλου
3288 2069 3380 2122 τοῦ
3404 2070 3587 2141 ἱερέως
3604 2072 3722 2122 θεοῦ
3749 2073 3883 2133 Ἰενὼ,

2370 2154 2447 2217 6;,
2466 2154 2764 2225 ’Δ6ελ6αλῷ
2787 2148 2987 2226 (61)τῷ
3017 2158 3223 2227 βασιλεῖ
3246 2158 3523 2229 Βηρυτίων
3554 2162 3649 2232 τὴν
3686 2163 3884 2232 ἱστορίαν

2369 2247 2583 2308 ἀναθεὶς
2604 2284 2617 2308 ,
2653 2247 2741 2299 ὑπ’
2775 2246 2981 2298 ἐκείνου
3024 2249 3115 2300 καὶ
3146 2248 3253 2300 τῶν
3287 2252 3405 2302 κατ’
3433 2251 3594 2303 αὑτὸν
3627 2251 3884 2316 ἐξεταστῶν

2368 2337 2465 2405 τῆς
2515 2336 2768 2404 ἀληθείας
2802 2336 3122 2407 παρεδέχθη.
3162 2340 3223 2391 Oi
3257 2340 3311 2392 δὲ
3358 2340 3560 2397 τούτων
3606 2342 3774 2410 χρόνοι
3811 2344 3883 2392 καί

2372 2427 2475 2496 πρὸ
2504 2426 2606 2477 τῶν
2639 2425 2894 2494 Τρωῖκῶν
2930 2429 3183 2480 πίπτουσι
3214 2430 3437 2498 χρόνων,
3473 2434 3565 2483 καὶ
3601 2432 3771 2501 σχεδὸν
3798 2434 3881 2492 τοῖς

2369 2517 2641 2578 Μωῦσέως
2672 2515 3070 2586 πλησιάζουσιν,
3088 2519 3161 2581 ὡς
3185 2523 3237 2571 αἱ
3266 2521 3370 2571 τῶν
3390 2523 3636 2591 Φοινίκης
3663 2521 3880 2591 βασιλέων

2369 2608 2603 2678 διαδοχαὶ
2640 2610 2918 2680 μηνύουσι.
2950 2611 3338 2680 Σαγχωνιάθων
3368 2612 3443 2675 δὲ,
3477 2614 3505 2664 6
3532 2614 3669 2665 κατὰ
3690 2615 3778 2682 τὴν
3797 2614 3881 2665 τῶν

2367 2698 2620 2750 Φοινίκων
2673 2699 2944 2751 διάλεκτον
2986 2699 3289 2770 φιλαληθῶς
3332 2702 3512 2753 πᾶσαν
3550 2702 3647 2771 τὴν
3687 2701 3881 2752 παλαιάν

2372 2789 2605 2858 ἱστορίαν
2637 2791 2698 2841 ὲκ
2732 2790 2836 2841 τῶν
2874 2791 3014 2842 κατὰ
3063 2792 3211 2843 πόλιν
3246 2792 3645 2861 ὑπομνημάτων
3680 2792 3765 2844 καὶ
3802 2791 3879 2843 τῶν

2370 2881 2426 2930 ὲν
2447 2881 2555 2939 τοῖς
2578 2881 2737 2947 ἱεροῖς
2761 2880 3084 2949 ἀναγραφῶν
3116 2882 3430 2948 συναγαγὼν
3458 2884 3550 2934 καὶ
3582 2882 3879 2951 συγγράηξας.

2370 2970 2460 3021 ἐπὶ
2534 2968 2885 3039 Σεμιράμεως
2951 2971 3135 3036 γέγονε
3188 2971 3287 3038 τῆς
3347 2972 3643 3041 Ἀσσυρίων
3709 2970 3876 3040 βασιλί-

2368 3060 2455 3121 δος
2490 3059 2619 3130 (62).
2652 3079 2668 3110 ι
2700 3060 2879 3112 Ταῦτα
2907 3061 2935 3110 ό
2959 3060 3278 3130 Πορφύριος.
3311 3062 3400 3111 Δεῖ
3423 3061 3483 3130 δὴ
3516 3061 3878 3127 συλλογίσασθαι

2372 3152 2438 3203 τὰ
2484 3152 2813 3221 προκείμενα
2845 3144 2946 3203 ὧδέ
2980 3167 3115 3213 πως.
3149 3152 3316 3221 Εἴπερ
3347 3152 3374 3201 6
3407 3153 3782 3220 Σαγχωνιάθων
3812 3153 3877 3202 ὲπί

2373 3240 2722 3309 Σεμιράμεως
2777 3238 3030 3305 γέγονεν,
3081 3239 3113 3306 ἡ
3176 3238 3230 3289 δὲ
3290 3236 3480 3307 μακρῷ
3532 3237 3754 3306 πρόσθεν
3798 3237 3877 3288 τῶν

2368 3331 2621 3403 Τρωῖκῶν
2664 3328 3030 3397 ὁμολογεῖται’
3067 3327 3151 3397 εἴη
3199 3327 3263 3379 ἂν
3316 3328 3407 3379 καὶ
3457 3329 3484 3378 6
3533 3325 3876 3395 Σαγχωνιάθωκ

2366 3424 2473 3476 τῶν
2507 3420 2762 3491 Τρωῖκῶν
2796 3420 3162 3487 παλαιότερος.
3202 3418 3338 3469 Ἀλλ’
3381 3414 3531 3479 οὗτος
3566 3419 3689 3471 παρ’
3716 3418 3875 3486 ἑτέρων

2370 3505 2744 3576 πρεσϐυτέρων
2785 3505 2946 3557 αὑτοῦ
2992 3508 3101 3566 τοῖς
3136 3505 3345 3573 χρόνοις
3392 3504 3662 3575 εἰληφέναι
3702 3500 3875 3571 λέγεται

2368 3597 2433 3647 τὰ
2461 3597 2823 3665 ὑπομνήματα
2847 3611 2859 3623 ·
2892 3597 2940 3646 οἱ
2972 3595 3027 3645 δὲ
3050 3633 3062 3656 ,
3095 3596 3186 3646 καὶ
3218 3594 3368 3645 αὐτοὶ
3398 3595 3727 3664 ἀρχαιότεροι
3760 3594 3874 3655 ὄντες

2369 3685 2528 3738 αὑτοῦ
2550 3725 2563 3748 ,
2593 3686 2770 3754 σχεδὸν
2809 3688 2918 3747 τοῖς
2952 3685 3226 3747 Μωῦσέως
3261 3685 3574 3753 πλησιάζειν
3604 3688 3798 3758 χρόνοις
3822 3687 3866 3738 εί

2372 3793 2589 3847 ρηνται,
2623 3778 2738 3827 οὐδὲ
2797 3776 2963 3845 αὐτοὶ,
2996 3777 3134 3828 κατὰ
3175 3778 3409 3828 Μωῡσέα
3443 3777 3741 3845 γενόμενοι,
3772 3778 3873 3829 ἀλλὰ

2371 3865 2549 3933 σχεδὸν
2577 3868 2684 3927 τοῖς
2720 3866 2921 3916 ἐκείνου
2953 3866 3161 3935 χρόνοις
3192 3858 3603 3932 πλησιάζοντες·
3627 3864 3697 3925 ὡς
3728 3863 3871 3915 comi».

2368 3974 2455 4008 τον
2487 3957 2847 4027 πρεσϐύτερον
2889 3954 3024 4008 εἶναι
3061 3955 3149 4007 τὸν
3196 3955 3428 4007 Μωῡσέα
3469 3954 3563 4007 τοῦ
3608 3955 3871 4023 Σαγχωνιὰ·

2370 4047 2551 4110 θωνος,
2586 4048 2775 4100 ὁπόσον
2804 4048 2868 4101 ἂν
2896 4044 3045 4109 οὗτος
3075 4047 3322 4115 λείπηται
3354 4045 3460 4099 τῶν
3489 4046 3651 4099 αὐτοῦ
3681 4045 3871 4114 πρεσϐυ-

2367 4138 2555 4207 τέρων,
2584 4137 2631 4188 οἳ
2662 4139 2882 4189 Μωῦσεῖ
2908 4134 3221 4206 πλησιάζειν
3250 4135 3686 4205 ὡμολογήθησαν.
3717 4136 3871 4194 Πόσσις

2367 4228 2421 4280 δὲ
2455 4228 2558 4298 ἄρα
2591 4228 2764 4279 ἐτεσιν
2796 4228 2939 4289 είκὸς
2976 4223 3041 4295 ἦν
3082 4225 3313 4278 Μωῦσέα
3339 4224 3628 4292 ὑπεράγειν
3656 4226 3769 4286 τοὺς
3801 4224 3869 4291 δη-

2367 4320 2691 4389 λουμένους,
2723 4321 2923 4388 ἄπορον
2969 4320 3168 4370 είπεῖν·
3216 4316 3400 4384 διόπερ
3438 4315 3587 4367 τοῦτό
3640 4334 3723 4385 μοι
3761 4316 3867 4367 δοιαὶ

2369 4413 2650 4480 παρήσειν.
2682 4410 2811 4471 Δοὺς
2840 4410 2894 4461 δὲ
2921 4411 3036 4461 κατ’
3067 4408 3226 4459 αὑτὸν
3259 4408 3459 4460 ἐκεῖνον
3484 4408 3573 4459 τὸν
3606 4408 3865 4477 Σαγχωνιάο

725 4506 934 4549 tantum
963 4493 1129 4547 fuisse
1155 4494 1423 4546 dicuntur.
1452 4490 1704 4559 Sequitur
1737 4504 1863 4555 ergo
1897 4498 2043 4540 tanto
2076 4489 2261 4541 saltem

2371 4499 2510 4551 θωνα
2550 4498 2783 4552 Μωῦσέα
2818 4498 3125 4566 γεγονέναι,
3158 4497 3249 4548 καὶ
3279 4496 3350 4565 μὴ
3382 4498 3656 4568 πρότερον,
3686 4492 3774 4549 ὦδε
3802 4498 3866 4548 τὸν

724 4584 1003 4639 intervallo
1033 4583 1553 4635 Sanchoniathonem
1591 4595 1619 4631 a
1644 4578 1789 4630 Mosc
1813 4578 2074 4645 superari,
2098 4594 2268 4645 quan-

726 4684 783 4728 to
809 4674 1069 4745 posterior
1099 4671 1203 4723 illis
1236 4680 1337 4733 est,
1360 4684 1495 4736 quos
1525 4666 1736 4721 nonnisi
1762 4666 1967 4718 vicinos
2002 4681 2120 4719 esse
2142 4682 2269 4718 con-

728 4766 961 4817 ﬁtentur.
993 4760 1281 4822 Cmterum,
1312 4766 1443 4824 quot
1476 4757 1630 4809 anuis
1662 4756 1877 4809 eosdem
1928 4763 2269 4822 antegressus

728 4852 1130 4922 Moysesfuerit,
1151 4849 1290 4917 quod
1324 4856 1471 4899 certo
1501 4846 1709 4899 deﬁniri
1741 4854 1991 4913 nequeat,
2018 4845 2270 4896 omitten-

729 4945 857 4997 dum
888 4951 1079 4995 statuo.
1134 4939 1459 5003 Quinetiam,
1491 4936 1756 4987 utdemus
1783 4934 2269 4988 Sanchonialhouis

730 5032 989 5101 aequalem
1018 5032 1234 5082 omnino
1259 5026 1689 5093 luisseMoysem,
1717 5026 1795 5077 sic
1818 5036 1992 5076 tamen
2018 5024 2268 5091 colligere

731 5138 892 5192 atque
923 5136 1032 5174 rem
1071 5123 1329 5173 conlicere
1354 5120 1529 5172 liceat.
1567 5115 1621 5167 Si
1657 5126 1908 5181 regnante
1957 5115 2007 5165 in
2042 5112 2267 5181 Assyria

801 5258 826 5284 ³
850 5248 935 5297 ἶσ.
960 5242 1197 5311 εἴληφεν.

799 5337 908 5405 (60)
962 5336 1395 5401 Ἀληθέστατα,
1458 5337 1562 5389 ὅτι.
1632 5335 1848 5388 Rectius
1908 5338 2115 5389 videtur
2181 5342 2261 5393 ὅτι

729 5406 1057 5477 άληθέστατα
1079 5447 1091 5469 ,
1138 5409 1583 5477 quemadmodum
1626 5407 1751 5477 legit
1786 5406 2020 5477 Scaliger
2054 5426 2065 5458 ε
2099 5424 2259 5473 quam

730 5474 1007 5528 lectionem
1045 5480 1089 5529 si
1124 5491 1429 5541 sequemur,
1456 5474 1683 5541 εἰληφώς
1708 5476 2039 5526 retinendum
2068 5478 2187 5528 erit.

800 5543 905 5616 (61)
955 5543 1293 5607 Ἀὄελὸαλῷ
1352 5544 1500 5616 Apud
1558 5544 1947 5616 scaligermna
1978 5545 2254 5613 Ἀὅιὸάλῳ.

732 5610 918 5665 Utrum
951 5619 1125 5669 verius
1159 5617 1260 5675 sit,
1317 5612 1548 5663 nondum
1580 5613 1771 5664 delinio
1805 5632 1813 5662 :
1850 5613 2125 5677 utriusque
2160 5610 2255 5665 no-

728 5685 859 5733 tatio
908 5683 1078 5738 facilis
1121 5693 1228 5745 est,
1281 5694 1331 5735 et
1381 5696 1501 5733 cum
1548 5678 1802 5733 chraica
1860 5682 2084 5734 tl;:tlt‘tlo
2129 5699 2257 5736 cou-

728 5752 982 5807 sentiens.

2371 4590 2581 4658 ἔλεγχον
2610 4589 2897 4658 ὲφοδεύσω.
2943 4588 3111 4657 Εἴπερ
3144 4588 3233 4638 ἐπὶ
3264 4582 3616 4657 Σεμιράμεως
3655 4588 3745 4655 τῆς
3777 4587 3864 4636 Ἀσ-

2371 4682 2564 4751 συρίων
2597 4680 2857 4749 βασιλίδος
2896 4680 2923 4730 6
2958 4678 3343 4747 Σαγχωνιάθων
3371 4680 3719 4749 ἐγνωρίζετο,
3757 4677 3863 4727 ἔστω

2367 4753 2421 4824 δέ
2441 4771 2533 4822 καὶ
2556 4769 2790 4837 Μωῦσῆς
2814 4769 2974 4837 μηδὲν
2995 4768 3262 4837 προάγων,
3281 4768 3419 4819 κατὰ
3441 4768 3494 4819 δὲ
3520 4768 3698 4819 τοῦτον
3718 4770 3863 4834 ἠκμα-

2367 4857 2493 4920 κὼς,
2523 4860 2711 4926 γένοιτ’
2742 4858 2805 4910 ἂν
2833 4853 2921 4909 οὖν
2954 4859 3043 4910 καὶ
3070 4858 3229 4920 αὐτὸς
3253 4857 3389 4910 κατὰ
3415 4857 3725 4927 Σεμίραμιν.
3757 4856 3859 4909 Ἀλλ’

2366 4952 2393 5000 6
2418 4950 2512 5017 μὲν
2541 4950 2801 5019 ἡμέτερος
2831 4949 2983 5015 λόγος
3006 4948 3097 4999 ἐπὶ
3118 4948 3317 5017 ταύτης
3346 4948 3527 5016 ἐδήλου
3556 4946 3858 5014 γενέσθαιτὼ

2379 5040 2620 5109 Ἀϐραάμ
2645 5057 2657 5068 ·
2689 5043 2715 5091 6
2740 5040 2793 5090 δὲ
2824 5039 2914 5090 τοῦ
2947 5040 3227 5107 φιλοσόφου
3259 5038 3715 5109 παλαιότεροντὸν
3737 5039 3854 5091 Μυοῦς

2368 5129 2460 5180 σέα
2485 5130 2806 5199 συνίστησιν.
2840 5130 2900 5181 Ἡ
2932 5130 2987 5180 δὲ
3014 5130 3312 5199 Σεμίραμις
3343 5126 3448 5181 τῶν
3476 5129 3721 5199 Τρωῐκῶν
3743 5130 3855 5179 ὸιταο

2433 5323 2541 5390 (62)
2583 5320 2693 5387 Τῆς
2736 5322 3052 5389 Ἀσσυρίων
3082 5323 3414 5388 βασιλίδος.
3474 5325 3623 5389 Apud
3666 5320 3851 5390 Scalige‘

2362 5406 2480 5461 rum
2525 5389 2796 5461 adduntur
2838 5408 3005 5458 pauca
3050 5393 3197 5445 haec:
3236 5395 3303 5445 "H
3342 5394 3444 5461 πρὸ
3488 5395 3594 5444 τῶν
3640 5389 3846 5461 Ἰλιακῶν.

2361 5460 2391 5526 ἢ
2428 5460 2545 5511 κατ’
2586 5460 2777 5535 αὐτούς
2796 5478 2885 5535 ’γε
2910 5463 3033 5535 τοὺς
3074 5461 3296 5535 χρόνους
3326 5458 3580 5535 γενέσθαι
3602 5458 3849 5535 άνσγέγρα·

2360 5546 2517 5580 πται·
2550 5529 2625 5579 τὰ
2646 5530 2700 5579 δὲ
2733 5529 2824 5579 τοῦ
2851 5527 3341 5596 ΣαῨχουιῖίάθωνος,
3370 5534 3447 5592 είς
3479 5529 3692 5582 Ἐλλάδα
3717 5527 3846 5595 γλῶσ-

2360 5614 2453 5650 σαν
2484 5600 2789 5667 ἡρμήνευσε
2817 5598 2983 5651 Φίλων
3012 5601 3039 5651 ό
3067 5598 3302 5665 Βύὸλιος.
