3994 6340
107 456 195 513 309

107 660 191 729 τῆς
216 661 320 731 ἄρα
353 662 504 713 ἔσται
529 664 795 725 τοσούτοις
837 664 904 715 τὰ
943 665 1161 735 Τρωϊκὰ
1188 668 1473 735 προάγων,
1506 672 1645 723 κατὰ

110 748 182 799 τὸν
231 749 534 818 φιλόσοφον.
571 752 790 821 Πρῶτος
818 754 873 804 δὲ
905 753 1173 822 βασιλεύει
1215 757 1471 825 Ἀργείων
1498 760 1644 811 Ἵνα-ο

104 854 201 906 χος,
233 837 384 891 οὔπω
415 840 530 890 τότε
583 840 875 910 Ἀθηναίων
919 843 1038 895 οὔτε
1084 845 1180 915 τὴν
1216 846 1367 899 πόλιν
1395 846 1516 900 οὕτε
1548 850 1643 919 τὴν

104 930 455 1000 προσηγορίαν
491 930 737 998 ἐχόντων.
774 934 830 985 Ὀ
869 934 925 985 δὲ
959 934 1171 1003 πρῶτος
1210 937 1466 1006 Ἀργείων
1498 942 1643 1008 ἡγεῖ-

102 1034 179 1070 ται
223 1020 364 1072 κατὰ
404 1020 495 1073 τὸν
526 1020 773 1091 πέμπτον
818 1023 955 1091 μετὰ
1000 1026 1296 1095 Σεμίραμιν
1352 1030 1642 1099 Ἀσσυρίων

104 1112 332 1180 βασιλέα,
368 1120 411 1164 ν’
458 1114 551 1165 καὶ
587 1122 631 1183 ρ’
663 1113 887 1185 ὕστερον
916 1115 1089 1169 ἔτεσιν
1119 1119 1285 1186 αὐτῆς
1312 1136 1369 1170 τε
1400 1122 1491 1171 καὶ
1518 1123 1643 1173 Μω-

104 1204 246 1265 σέως,
271 1205 328 1255 ἐν
356 1198 437 1264 οἷς
464 1203 614 1256 οὐδὲν
654 1204 919 1274 ὲπίσημον
946 1209 1164 1273 γεγονὸς
1194 1211 1478 1279 ἱστορεῖται
1515 1214 1641 1281 παρ’

104 1295 334 1364 Ἕλλησι.
367 1294 522 1347 Κατὰ
565 1295 719 1347 τοῦτο
749 1296 805 1347 δὲ
850 1297 940 1349 τοῦ
987 1301 1176 1367 χρόνου
1211 1304 1339 1371 παρ’
1378 1304 1641 1372 Ἑϐραίοις

102 1385 346 1455 ἡγοῦνται
380 1389 427 1438 οἱ
469 1386 668 1455 κριταί.
714 1383 823 1439 Εἶτ’
865 1384 929 1440 αὖ
964 1390 1122 1442 πάλιν
1158 1392 1264 1444 τῶν
1305 1395 1437 1447 ἐτῶν
1466 1397 1641 1458 ἄλλοις

101 1474 395 1545 κατώτερον
424 1476 630 1545 χρόνοις
653 1516 665 1536 ,
702 1476 799 1545 ἤδη
842 1495 942 1529 που
984 1478 1143 1530 πλέον
1188 1479 1221 1549 ἦ
1264 1488 1305 1531 υ⁹
1337 1483 1469 1536 ἐτῶν
1507 1486 1640 1538 ὅλων

104 1564 588 1634 συμπληρουμένων
632 1567 737 1619 ἀπὸ
784 1567 1173 1637 Σεμιράμεως,
1224 1570 1437 1641 πρῶτος
1487 1574 1640 1644 Ἀθη-

102 1656 252 1707 ναίων
284 1657 554 1725 βασιλεύει
582 1657 801 1727 Κέκροψ
826 1660 855 1709 ὀ
890 1658 1155 1728 βοώμενος
1180 1664 1307 1730 παρ’
1344 1665 1524 1726 αὐτοῖς
1546 1667 1642 1718 αύ-

100 1746 322 1814 τέχθων,
358 1749 592 1818 Ἀργους
634 1749 933 1818 ἡγουμένου
960 1752 1195 1821 Τριόπα,
1234 1752 1293 1813 ὃς
1319 1750 1385 1822 ἦν
1418 1754 1639 1824 ἕϐδομος

102 1834 226 1905 μετὰ
250 1837 341 1890 τὸν
372 1839 585 1909 πρῶτον
634 1841 872 1911 Ἀργεῖον
906 1846 1111 1915 Ἴναχον
1134 1863 1148 1877 ο
1197 1848 1395 1917 μεταξὺ
1437 1852 1491 1903 δὲ
1520 1852 1640 1903 τού-

99 1942 228 1989 των,
279 1930 310 1980 ό
356 1931 447 1981 ἐπὶ
509 1931 732 1998 Ὠγύγου
783 1938 1170 2004 μνημονεύεται
1224 1941 1636 2011 κατακλυσμὸς,

100 2017 301 2085 πρῶτός
342 2037 401 2071 τε
440 2022 602 2084 Ἀπις
633 2024 690 2075 ὲν
734 2025 989 2095 Αίγύπτῳ
1036 2028 1153 2091 θεὸς
1194 2030 1515 2101 ὠνομάσθη,
1548 2036 1639 2087 καὶ

110 2107 185 2160 Ἰὼ
216 2108 456 2181 Θυγάτηρ
492 2112 691 2181 Ἰνάχου
716 2151 731 2176 ,
758 2116 823 2183 ἣν
850 2118 990 2173 Ἶσιν
1033 2118 1313 2185 Αἰγύπτιοι
1345 2125 1637 2193 μετονομά-

100 2214 275 2264 σαντες
302 2202 542 2267 σέϐουσι,
578 2205 894 2275 Προμηθεύς
934 2226 991 2261 τε
1036 2211 1128 2261 καὶ
1174 2212 1371 2275 Ἀτλας
1416 2216 1639 2285 ἐγνωρί-

97 2287 254 2351 ζοντο.
296 2291 426 2344 Ἀπὸ
447 2292 501 2346 δὲ
533 2294 813 2364 Κέκροπος
840 2298 932 2349 ἐπὶ
959 2298 1056 2368 τὴν
1101 2300 1252 2352 Ἰλίου
1283 2300 1477 2355 ἅλωσιν
1505 2305 1638 2357 ἄλλα

99 2368 371 2449 συνάγεται
422 2384 602 2454 μικρῷ
647 2387 754 2453 (65)
782 2388 965 2440 δέοντα
1009 2390 1101 2461 ἐτη
1151 2398 1214 2455 o',
1251 2393 1306 2443 ἐν
1344 2387 1423 2453 οἷς
1467 2394 1533 2446 τὰ
1580 2398 1636 2448 ἐν

99 2470 308 2540 Ἕλλησι
339 2473 611 2543 θαυμάσια
646 2476 1014 2546 μυθολογεῖται
1035 2519 1049 2543 ,
1084 2484 1111 2533 ό
1139 2482 1229 2534 ἐπὶ
1275 2484 1635 2549 Δευκαλίωνος

96 2562 461 2632 κατακλυσμὸς
484 2603 500 2627 ,
534 2566 625 2619 καὶ
650 2568 677 2618 ὁ
707 2568 796 2618 ἐπὶ
826 2570 1115 2633 Φαέθοντος
1143 2573 1483 2642 ἐμπρησμὸς,
1510 2577 1635 2627 πολ-

95 2650 191 2703 λῶν
210 2692 224 2715 ,
253 2652 335 2715 ὡς
359 2654 537 2719 είκὸς,
568 2655 781 2727 φθορῶν
823 2658 926 2727 γῆς
956 2660 1093 2712 κατὰ
1125 2662 1316 2724 τόπους
1340 2667 1633 2734 γεγενημέ-

95 2758 209 2794 νων.
242 2743 459 2811 Πρῶτος
500 2744 557 2796 δὲ
600 2746 820 2816 Κέκροψ
864 2747 1076 2815 λέγεται
1124 2750 1268 2819 Ζῆνα
1314 2754 1631 2823 κεκληκέναι

94 2830 175 2885 τὸν
222 2832 351 2885 Θεὸν
371 2873 385 2897 ,
418 2834 490 2904 μὴ
521 2822 779 2907 πρότερον
809 2836 949 2889 οὕτω
975 2844 1103 2909 παρ’
1150 2822 1475 2914 ἀνθρώποις
1498 2846 1629 2897 (bvo-

97 2924 391 2993 μσμένον·
434 2926 621 2979 ἔπειτα
664 2926 843 2997 βωμὸν
890 2932 1017 3001 παρ’
1076 2931 1373 3010 Ἀθηναίοις
1422 2937 1630 3007 ἱδρῦσαι

94 3014 295 3083 πρῶτος
314 3056 329 3078 ,
360 3017 453 3070 καὶ
480 3017 639 3070 πάλιν
669 3019 883 3089 πρῶτος
924 3019 1149 3089 Ἀθηνᾶς
1188 3022 1405 3093 ἄγαλμα
1434 3030 1629 3099 συστή-

96 3105 308 3168 σασθαι,
357 3107 428 3171 ὡς
461 3108 581 3161 οὐδὲ
626 3109 827 3161 τούτων
874 3111 939 3163 ὲκ
988 3112 1213 3164 παλαιοῦ
1261 3115 1625 3185 ὑπαρχόντων.

1236 461 1558 515 PREPAR.
1600 462 1851 517 EVANG.
1893 461 2019 518 LIB.
2068 464 2132 517 Χ.

106 571 285 632 κοσίοις
306 572 445 634 ὅλοις
472 572 614 624 ἔτεσι
641 572 908 625 δείκνυται
962 575 1350 645 προγενομένη.
1383 578 1489 629 Kal.
1511 578 1626 630 Μω-

1739 577 2112 642 Semiramide,
2162 579 2566 637 Sanchoniatho
2607 585 2805 638 claruit
2862 607 2873 639 :

3194 476 3297 529 8l0

2931 586 3106 642 Moses
3152 600 3296 644 certe

1746 669 1960 736 quidem
1988 709 2004 734 ,
2058 678 2117 722 ut
2163 671 2296 722 nihil
2337 685 2402 725 eo
2452 675 2713 729 vetustior
2764 676 2940 739 fuerit,
2984 678 3149 749 486
3198 681 3294 733 sed

1745 767 1966 820 prorsus
1989 755 2231 822 aequalis,
2261 758 2362 810 sub
2391 760 2637 826 ejusdem
2690 769 2867 817 tamen
2920 764 3293 822 Semiramidis

1745 844 2027 911 imperium
2060 846 2272 913 vixerit,
2307 864 2525 905 necesse
2553 863 2655 907 est.
2699 854 2817 909 Jam
2850 868 2900 910 et
2925 858 3290 914 Ahrahamum

1746 932 2116 990 Semiramidis
2141 940 2472 1006 temporibus
2504 942 2705 999 vixisse
2736 958 2889 1000 antea
2920 949 3289 1016 probavimus,

1742 1033 1795 1077 et
1829 1025 2030 1080 Mosem
2060 1028 2233 1096 ipsum
2265 1030 2353 1083 illa
2397 1035 2777 1089 vestustiorem
2812 1040 3169 1108 phi1050phus
3203 1041 3289 1097 hic

1742 1127 1925 1171 noster
1952 1117 2120 1172 fuisse
2149 1121 2452 1175 conﬁrmat.
2489 1124 2721 1193 Trojana
2750 1143 2874 1182 vero
2899 1136 3143 1199 tempora
3194 1132 3290 1189 Se-

1742 1207 1986 1262 miramis
2025 1210 2183 1263 annis
2229 1210 2450 1279 integris
2476 1217 2795 1284 octingentis
2823 1222 3111 1288 superavit.
3148 1221 3290 1293 Ergo

1744 1300 1962 1353 totidem
1995 1300 2084 1354 illa
2112 1301 2289 1357 Moses
2310 1319 2376 1358 ex
2406 1306 2565 1374 hujus
2598 1309 2901 1379 philosophi
2934 1324 3112 1369 mente
3136 1320 3291 1369 ante-

1741 1391 1984 1444 cesserit.
2036 1390 2295 1447 Praeterea
2325 1411 2445 1449 cum
2476 1398 2681 1465 primus
2710 1402 2848 1469 apud
2893 1403 3117 1473 Argivos
3159 1407 3284 1460 lna-

1742 1479 1877 1535 chus
1917 1482 2221 1550 imperaret,
2277 1486 2505 1541 necdum
2545 1487 2961 1546 Atheniensibus
2983 1504 3075 1548 aut
3099 1495 3289 1552 civitas

1743 1574 1838 1617 aut
1888 1582 2079 1621 nomen
2109 1580 2243 1623 erat.
2275 1570 2525 1639 Ejusdem
2559 1585 2733 1629 autem
2763 1578 2942 1633 Inachi
2978 1598 3198 1653 regnum
3230 1586 3286 1640 in

1741 1655 1986 1721 quintum
2019 1674 2045 1708 a
2082 1659 2437 1713 Semiramide
2476 1661 2816 1732 Assyriorum
2848 1684 3025 1738 regem
3079 1672 3283 1739 incidit,

1742 1745 1898 1798 annis
1929 1756 2051 1814 post
2078 1748 2220 1801 illam
2244 1761 2403 1818 atque
2426 1751 2627 1806 Mosem
2657 1766 2870 1809 centum
2922 1769 2975 1812 et
3019 1763 3288 1831 quinqua-

1741 1834 1907 1902 ginta,
1936 1837 2135 1904 quibus
2176 1839 2309 1892 nihil
2358 1843 2497 1910 apud
2529 1842 2742 1899 Grazcos
2776 1851 3031 1903 memoria
3063 1852 3282 1920 dignum

1742 1934 1948 1996 gestum
1978 1943 2099 1983 esse
2146 1932 2429 1999 reperitur.
2474 1932 2741 1989 Caeterum
2785 1939 2971 1992 eodem
3004 1944 3280 2010 temporis,

1740 2017 1879 2085 apud
1932 2017 2183 2074 Hebrreos
2234 2022 2444 2089 judices
2500 2024 2855 2093 imperabant.
2890 2030 3059 2085 Annis
3091 2032 3283 2087 deinde

1738 2118 1861 2176 post
1900 2109 2306 2165 Semiramidem
2354 2115 2583 2182 amplius
2617 2118 3041 2187 quadringentis,
3072 2123 3281 2190 primus

1736 2199 1960 2255 Athenis
1989 2203 2225 2271 regnavit
2267 2203 2521 2274 Cecrops,
2547 2223 2705 2275 quem
2728 2207 3035 2277 lndigenam
3063 2223 3278 2277 vocant,

1739 2282 1934 2352 Triopa
1964 2297 2220 2355 regnante
2243 2289 2419 2357 Argis,
2452 2294 2543 2360 qui
2574 2296 2834 2362 septimus
2862 2298 2929 2349 ah
2960 2297 3157 2353 Inacho
3197 2316 3280 2355 rc-

1736 2389 1861 2442 gum
1892 2376 2208 2444 Argivorum
2233 2380 2409 2446 primo
2437 2381 2556 2435 fuit.
2589 2382 2707 2447 Quo
2738 2387 2952 2454 quidem
2990 2405 3175 2457 regum
3204 2392 3277 2444 is-

1735 2472 1908 2517 torum
1941 2466 2239 2533 intervallo,
2260 2469 2519 2539 Ogygium
2548 2472 2809 2527 diluvium
2843 2480 3134 2547 contigisse
3154 2496 3276 2533 nar-

1733 2564 1876 2619 rant,
1904 2556 2139 2627 itemque
2166 2562 2305 2629 apud
2340 2562 2620 2632 Egyptios
2656 2566 2889 2633 primum
2933 2567 3088 2636 Apim
3118 2571 3274 2624 deum

1732 2644 2102 2711 nominarunt,
2136 2662 2199 2700 ac
2245 2649 2407 2702 simul
2454 2650 2509 2704 lo
2544 2653 2723 2716 lnachi
2772 2654 2899 2717 ﬁlia,
2929 2672 3089 2724 quam
3120 2658 3276 2712 Isidis

1732 2737 1947 2790 nomine
1988 2738 2173 2792 colunt
2222 2739 2481 2811 Egyptii,
2516 2742 2872 2801 Prometheus
2920 2759 3079 2817 atque
3127 2751 3273 2804 Atlas

1728 2826 1993 2880 celebrari
2039 2841 2337 2897 coeperunt.
2389 2832 2510 2885 Jam
2560 2849 2591 2887 a
2644 2833 2881 2905 Cecrope
2942 2840 3006 2891 ad
3059 2850 3271 2908 captum

1663 2936 1669 2941 ·
1728 2916 1905 2979 Ilium,
1973 2918 2063 2969 alii
2114 2934 2278 2987 prope
2326 2921 2703 2992 quadringenti
2760 2927 3081 2994 colliguntur
3122 2930 3270 2991 anni,

1665 3021 1668 3023 λ
1729 3006 1925 3074 quibus
1956 3006 2042 3059 illa
2071 3007 2380 3061 Graecorum
2412 3008 2610 3065 fabulis
2653 3012 2937 3068 decantata
2990 3016 3267 3078 miraCula,

1730 3093 2088 3163 Deucalionis,
2128 3098 2372 3168 inquam,
2406 3100 2667 3158 diluvium
2688 3112 2740 3157 et
2760 3103 3069 3161 Phaetontis
3094 3109 3271 3162 incen-

95 3194 236 3248 Μετὰ
272 3196 329 3247 δὲ
356 3195 539 3249 τοῦτον
566 3198 658 3250 καὶ
681 3200 733 3249 οί
755 3201 883 3268 παρ’
907 3201 1125 3269 Ἕλλησι
1153 3201 1264 3254 θεοὶ
1301 3204 1498 3269 πάντες
1538 3224 1626 3275 γε-

1727 3185 1875 3240 dium
1901 3189 2210 3258 contigere;
2248 3192 2404 3260 cujus
2447 3192 2726 3263 utriusque
2752 3194 2983 3266 ﬁngendi
3029 3202 3269 3254 occasio-

95 3283 470 3352 νεαλογοῦνται.
503 3289 638 3358 Παρ’
676 3290 942 3360 Ἑϐραίοις
964 3292 1019 3344 δὲ
1046 3295 1102 3345 ὲν
1126 3294 1296 3363 τούτῳ
1323 3298 1369 3348 οί
1403 3297 1508 3349 ἀπὸ
1534 3299 1626 3365 γέ-

96 3394 203 3441 νους
242 3379 403 3432 Δαϐὶδ
450 3380 777 3444 ἐϐασίλευον,
835 3385 927 3436 καὶ
999 3387 1047 3437 οἱ
1101 3387 1235 3456 μετὰ
1287 3390 1487 3442 Μωσέα
1550 3392 1628 3443 δι-

95 3466 319 3537 έλαμπον
346 3472 644 3540 προφῆται·
672 3471 810 3524 ὥστε
842 3474 910 3526 τὰ
936 3477 1108 3531 πάντα
1136 3478 1240 3529 ἀπὸ
1272 3480 1508 3543 Μωσέως
1536 3481 1627 3533 ἐπὶ

91 3559 181 3629 τὴν
220 3560 374 3613 Ἰλίου
407 3561 603 3614 ἅλωσιν
631 3544 950 3630 συνάγεσθέι
980 3566 1157 3619 πλεῖον
1190 3568 1220 3637 ἢ
1257 3560 1351 3637 ἔτη
1380 3577 1455 3633 ω’,
1487 3574 1626 3625 κατὰ

93 3649 179 3720 τὴν
219 3651 522 3705 ὲκτεθεῖσαν
568 3653 661 3705 τοῦ
706 3654 989 3733 φιλοσόφου
1040 3661 1359 3729 μαρτυρίαν.
1412 3664 1528 3714 Ἔτι
1570 3664 1626 3717 δὲ

95 3742 213 3795 πολὺ
250 3744 356 3797 τῶν
382 3744 635 3815 Τρωῖκῶν
674 3739 905 3816 νεώτερα
943 3748 1010 3801 τὰ
1052 3750 1189 3802 κατὰ
1231 3752 1503 3822 Ὅμηρον,
1532 3757 1625 3808 καὶ

103 3831 363 3897 Ἡσίοδον,
396 3835 487 3885 καὶ
530 3834 652 3895 τοὺς
692 3833 907 3896 λοιποὺς
958 3835 1366 3904 μνημονεύεται.
1400 3840 1539 3904 Χθὲς
1566 3841 1623 3893 δὲ

95 3918 179 3970 καὶ
222 3920 408 3991 πρώην
464 3923 599 3991 μετὰ
650 3922 867 3984 τούτους
927 3924 1051 3991 περὶ
1104 3924 1201 3992 τὴν
1259 3930 1621 3996 πεντηκοστὴν

104 4008 415 4083 Ὀλυμπιάδα
444 4014 490 4066 οἱ
517 4014 656 4083 ἀμφὶ
686 4014 1003 4083 Πυθαγόραν
1028 4015 1118 4066 καὶ
1152 4016 1505 4087 Δημόκριτον,
1530 4022 1621 4073 καὶ

94 4098 201 4163 τοὺς
244 4104 380 4174 μετὰ
421 4104 588 4157 ταῦτα
633 4104 947 4173 φιλοσόφους
988 4103 1408 4175 ὠνομάσθησαν,
1456 4111 1620 4176 ἐγγύς

93 4205 181 4243 που
213 4196 348 4262 μετὰ
386 4195 453 4247 τὰ
489 4196 706 4267 Τρωϊκὰ
732 4195 903 4247 ἐτεσιν
946 4196 1300 4260 ἑπτακοσίοις.
1333 4200 1618 4270 Πρατερεῖν

92 4278 185 4347 ιρα
221 4282 419 4351 Μωσῆς
466 4282 559 4336 καὶ
604 4284 654 4335 οί
694 4286 806 4352 μετ’
851 4284 1011 4335 αὐτὸν
1056 4283 1317 4352 Ἐϐραίων
1349 4288 1616 4355 προφῆται

94 4369 409 4424 συνίστανται
456 4372 563 4435 τῶν
611 4375 736 4443 παρ’
791 4374 1012 4443 Ἕλλησι
1073 4373 1370 4441 φιλοσόφων
1429 4377 1616 4445 χιλίοις

92 4461 439 4523 πεντακοσίοις
466 4461 629 4523 ἔτεσι,
655 4461 796 4514 κατὰ
821 4464 916 4533 τὴν
949 4461 1040 4513 τοῦ
1064 4462 1386 4532 δηλωθέντος
1427 4466 1614 4535 ἀνδρὸς

1727 3290 1871 3342 nem,
1909 3292 1972 3331 ex
2006 3280 2209 3346 multis,
2240 3283 2317 3334 uti
2366 3282 2655 3339 verisimile
2739 3291 2800 3347 tt,
2840 3288 3150 3357 crebrisque
3178 3306 3269 3358 per

1724 3379 1789 3418 ea
1828 3367 1943 3420 loca
1967 3377 2233 3424 terrarum
2286 3373 2532 3428 cladibus
2566 3378 2913 3444 nrripueriut.
2954 3378 3138 3433 Jovem
3172 3397 3269 3435 au—

1726 3456 1831 3502 tem
1856 3451 1925 3504 ab
1951 3453 2138 3507 eodem
2171 3457 2411 3523 primum
2465 3460 2704 3533 Cecrope
2732 3460 2889 3516 deum
2945 3466 3263 3532 appellatum

1723 3554 1842 3594 esse
1877 3541 2074 3609 ferunt,
2099 3560 2221 3598 cum
2258 3563 2595 3618 nequaquam
2631 3552 2772 3606 inter
2799 3552 3041 3609 homines
3082 3558 3131 3610 id
3165 3574 3266 3611 an-

1724 3640 1805 3684 tea
1836 3634 2069 3688 nominis
2098 3636 2374 3691 habuisset
2412 3657 2424 3690 :
2459 3641 2526 3693 ab
2551 3640 2739 3695 eodem
2765 3646 3109 3711 postmodum
3151 3650 3263 3715 pri~

1723 3735 1866 3773 mam
1894 3722 2121 3778 Athenis
2144 3727 2433 3780 excitatam
2470 3743 2641 3795 aram,
2697 3733 3039 3802 primumque
3071 3736 3264 3790 Miner-

1722 3824 1799 3861 va!
1847 3811 2061 3879 signum
2114 3814 2402 3868 conﬂatum
2455 3832 2519 3869 ac
2566 3818 2798 3886 positum
2852 3819 3037 3884 fuisse,
3092 3841 3265 3893 neque

1719 3899 1861 3952 enim
1895 3911 2261 3967 pervetustum
2288 3921 2456 3974 genus
2482 3908 2609 3961 illud
2641 3924 2823 3964 rerum
2846 3915 3134 3969 exstitisse.
3161 3915 3261 3968 Ita-

1704 4005 1824 4058 que
1865 4000 1984 4059 post
2018 3991 2307 4063 Cecropem
2359 4005 2469 4049 tota
2503 3999 2591 4052 illa
2618 3998 2924 4054 Graecorum
2976 4006 3257 4057 numinum

1719 4082 2023 4151 genealogia
2050 4085 2264 4137 texitur.
2297 4086 2450 4155 Apud
2477 4071 2727 4142 Hebraeos
2750 4091 2973 4155 interea,
3007 4109 3128 4145 cum
3158 4094 3257 4148 Da-

1719 4170 1855 4222 vidis
1911 4172 2112 4237 posteri
2160 4174 2476 4241 regnabant,
2525 4187 2635 4228 tum
2689 4179 2858 4229 secuti
2893 4178 3089 4233 Mosem
3132 4198 3256 4250 pro-

1716 4260 1886 4325 phetae
1910 4260 2186 4316 ﬂorebant.
2221 4263 2297 4315 lta
2350 4264 2403 4317 si
2424 4274 2666 4318 nostrum
2692 4266 2839 4321 hunc
2877 4271 3254 4339 philosophum

1715 4349 2019 4416 audiamus,
2055 4367 2085 4405 a
2131 4350 2310 4422 Moyse
2340 4354 2405 4407 ad
2435 4365 2647 4423 captum
2677 4357 2833 4410 Ilium
2870 4361 2994 4412 anni
3026 4366 3255 4432 amplius

1714 4440 2004 4509 octingenti
2038 4453 2406 4497 numerentur.
2454 4444 2623 4499 Porro
2661 4448 2813 4517 longe
2847 4448 3095 4518 Trojanis
3150 4456 3255 4508 illis

90 4550 371 4618 ὁμολογίαν.
403 4552 510 4604 Καὶ
537 4550 705 4603 ταῦτα
745 4554 839 4623 μὲν
878 4532 1034 4623 ἡμεῖς
1082 4555 1369 4621 ἑπιτόμως.
1405 4532 1611 4623 Σκέῷαο

1723 4532 2042 4599 temporibus
2088 4534 2435 4602 recentiores,
2482 4536 2795 4601 Homerum,
2849 4538 3134 4595 Hesiodum
3190 4560 3252 4597 ac

94 4640 199 4696 σθαι
224 4642 279 4701 δὲ
308 4645 491 4713 καιρὸς
520 4642 611 4695 καλ⁸
651 4644 748 4705 τὰς
772 4644 878 4696 τῶν
911 4647 1015 4715 πρὸ
1042 4645 1194 4715 ἡμῶν
1233 4648 1357 4714 περὶ
1383 4648 1479 4716 τῆς
1518 4649 1627 4723 ab...

90 4732 175 4799 τῆς
206 4735 500 4796 ὑποθέσεως
542 4733 856 4801 ἀποδείξεις.
912 4736 1167 4802 Γεγόνασι
1211 4736 1271 4805 δὴ
1307 4738 1431 4805 παρ’
1481 4738 1610 4805 ἡμῖν

90 4818 237 4888 λόγιοι
253 4827 454 4897 ἄνδρες,
474 4826 565 4877 καὶ
588 4823 693 4875 τῶν
721 4824 826 4875 ἀπὸ
856 4826 1093 4889 παιδείας
1120 4827 1327 4889 οὐδενὸς
1352 4826 1607 4897 δεύτεροι,

91 4916 184 4975 τοῖς
211 4932 266 4966 τε
304 4917 463 4979 θείοις
497 4918 557 4969 οὺ
621 4914 900 4984 παρέργως
931 4914 1396 4986 καθωμιληκότες,
1432 4918 1479 4967 οἳ
1518 4919 1610 4969 καὶ

88 5000 171 5068 τὴν
201 5003 467 5072 παροῦσαν
492 5005 743 5057 ὑπόθεσιν
778 5005 861 5058 ἐπ’
882 5002 1100 5071 ἀκριϐὲς
1120 5005 1607 5075 διευκρινήσαντες,

89 5092 145 5158 τῇ
174 5092 291 5161 παρ’
332 5094 599 5163 Ἑϐραίοις
632 5094 957 5163 συνέστησαν
986 5094 1351 5165 ἀρχαιολογία,
1382 5097 1608 5165 πλουσίᾳ

89 5181 167 5233 καὶ
205 5183 419 5253 ποικίλῃ
440 5186 747 5254 κατασκευῇ
785 5183 1104 5253 κεχρημένοι
1140 5184 1237 5252 τῆς
1265 5187 1601 5251 ἀποδείξεως.

90 5271 141 5322 Ol
170 5271 261 5341 μὲν
285 5274 387 5343 γὰρ
426 5273 491 5324 εκ
532 5289 687 5327 τινων
727 5273 1159 5343 ὁμολογουμένων
1207 5276 1451 5346 ἱστοριῶν
1482 5278 1605 5341 τοὺς

89 5358 285 5426 χρόνους
330 5359 764 5428 συνελογίσαντο·
813 5364 860 5414 οί
923 5363 979 5413 δὲ
1030 5362 1403 5433 παλαιοτέροις
1474 5368 1604 5419 ἀνα-

89 5448 342 5519 γνώσμασι
372 5452 471 5523 τὴν
507 5452 806 5521 μαρτυρίαν
855 5451 1252 5505 ἐπιστώσαντο·
1297 5456 1388 5506 καὶ
1420 5458 1466 5507 οἱ
1507 5458 1602 5525 μὲν

97 5534 425 5611 Ἕλληπκοις,
454 5543 503 5595 οί
532 5541 587 5593 δὲ
620 5542 713 5593 καὶ
746 5545 855 5606 τοίς
882 5543 948 5595 τὰ
978 5543 1249 5607 1ιοινίκιινν,
1282 5545 1350 5597 τά
1374 5560 1432 5595 τε
1459 5544 1601 5597 Χαλ-

90 5625 229 5683 δαίων
271 5635 364 5687 καὶ
408 5634 720 5701 Αἰγυπτίων
779 5634 1117 5702 ἁναγράψασι
1186 5635 1595 5705 συνεχρήσαντο.

146 5807 246 5879 (εδ)
279 5810 493 5881 Μικρῷ.
530 5811 671 5882 Lege
696 5812 908 5882 μικροῦ.

490 5905 679 5965 Pan.
719 5904 835 5966 Gn.
871 5907 1037 5968 XXI.

1712 4622 1947 4691 reliquos
1974 4623 2141 4677 fuisse
2168 4634 2397 4680 constat.
2430 4625 2556 4681 Inde
2587 4630 2774 4697 nuperi
2809 4631 3047 4692 omnino,
3088 4631 3247 4700 487

1710 4710 2057 4781 Pythagoras,
2095 4713 2454 4778 Democritus,
2482 4720 2770 4786 caeterique
2795 4720 3045 4786 deinceps
3077 4724 3248 4787 philo-

1708 4802 1887 4870 50phi,
1921 4803 2066 4856 circa
2094 4805 2446 4873 Olympiadem
2482 4809 3005 4876 quinquagesimam,
3031 4811 3131 4867 hoc
3167 4823 3246 4866 est

1708 4893 1865 4944 annis
1892 4901 2012 4959 post
2040 4901 2254 4959 captum
2286 4893 2440 4945 Ilium
2478 4908 2642 4962 prope
2676 4898 3044 4966 septingentis,
3072 4917 3245 4955 emer-

1706 4996 1841 5035 sere.
1875 4980 2076 5034 Mosem
2102 4982 2262 5048 igitur
2288 4996 2350 5036 ac
2374 4986 2698 5051 posteriores
2745 4984 2890 5039 Mose
2934 4990 3243 5057 prophetas,

1705 5080 1827 5125 ante
1875 5087 2061 5125 omnes
2108 5072 2329 5127 Graecia
2366 5074 2717 5143 philos0phos
2755 5077 2910 5131 annis
2940 5081 3244 5147 quingentis

1704 5177 1863 5230 supra
1890 5164 2033 5215 mille
2054 5164 2273 5227 vixisse,
2304 5181 2369 5219 ex
2419 5166 2658 5234 ejusdem
2689 5167 2997 5238 philosOphi
3028 5172 3241 5227 confes~

1702 5256 1854 5307 sione
1900 5253 2217 5312 auferimus.
2254 5258 2425 5326 Atque
2468 5257 2581 5309 haec
2623 5271 2653 5310 a
2706 5260 2864 5312 nobis
2903 5261 2974 5313 ita
3008 5262 3241 5315 breviter

1702 5346 1980 5413 perstricta
2000 5356 2181 5403 sunto.
2221 5348 2337 5402 Jam
2366 5361 2574 5417 tempus
2613 5358 2716 5416 est,
2758 5358 2813 5403 ut
2838 5359 3021 5403 eorum
3052 5352 3234 5413 etiam,

1699 5436 1935 5504 quiante
1957 5452 2056 5491 nos
2088 5438 2188 5492 hac
2222 5441 2277 5492 in
2320 5440 2682 5507 disputatione
2721 5440 2918 5493 versati
2968 5448 3113 5505 Sunt,
3150 5457 3239 5493 ar-

1700 5536 1949 5595 gumenta
1995 5529 2291 5583 videamus.
2347 5528 2604 5586 Homines
2650 5532 2920 5584 enimvero
2956 5531 3093 5598 apud
3138 5546 3238 5586 nos

1698 5620 1967 5688 exstitere,
1997 5636 2105 5676 non
2143 5620 2329 5677 diserti
2372 5625 2554 5691 modo,
2585 5624 2679 5680 sed
2704 5622 2865 5677 etiam
2896 5624 3026 5678 nulli
3053 5626 3204 5680 eradi

2853 5904 2929 5961 26
