3994 6340
738 437 831 494 811

1438 444 1702 498 EUSEBII
1744 440 2219 498 CAESARIENSIS
2258 439 2407 494 OPP.
2451 438 2630 493 PARS
2671 438 2734 493 ll.
2776 468 2843 478 --
2881 434 3381 504 APOLQGETICA.
3820 437 3897 488 Sli

737 555 882 608 tione
907 556 1149 620 secundi,
1178 555 1377 622 quique
1425 556 1717 623 plurimum
1767 556 1964 611 divinis
1995 557 2047 609 in
2080 556 2259 609 litteris

2390 551 2553 621 Ὀμοῦ
2575 552 2631 604 δῖε
2658 553 2705 602 οἱ
2735 550 2933 613 πάντες
2953 590 2965 612 ,
3000 550 3066 602 τά
3084 548 3361 619 Ἐλληνικά
3387 549 3481 600 καὶ
3496 546 3565 599 τὰ
3584 546 3830 617 βάρϐαρα,
3849 552 3897 601 τά

738 658 912 712 opera:
942 645 1211 711 studiique
1241 656 1555 711 posuerunt.
1598 644 1637 697 li
1667 660 1782 697 rem
1823 646 1978 697 istam
2025 652 2274 698 accurate

672 799 679 804 τ
737 736 1020 788 admodum
1066 745 1119 787 et
1157 735 1429 788 enucleate
1465 736 1749 802 persecuti,
1800 734 2139 802 antiquitatis
2172 731 2273 786 lie-

735 826 926 880 braicze
956 827 1111 879 tidem
1148 841 1335 893 magna
1370 826 1638 877 rationum
1664 824 1719 877 vi
1754 838 1816 877 ac
1869 822 2130 891 singulari
2174 837 2267 874 va-

735 915 919 968 rietate
956 913 1216 968 fecerunt.
1260 914 1362 966 Alii
1408 914 1608 981 quippe
1654 912 1820 965 certis
1852 911 2173 979 quibusdam
2207 925 2273 961 ex

734 1005 973 1059 historiis
1014 1014 1066 1059 et
1093 1005 1332 1057 omnium
1380 1018 1647 1057 consensu
1676 1002 2006 1070 approbatis,
2064 1009 2272 1068 tempo-

732 1109 850 1147 rum
886 1095 1076 1149 seriem
1111 1096 1461 1161 ordinemque
1509 1094 1777 1146 duxerunt
1825 1109 1837 1143 :
1892 1092 1979 1144 alii
2027 1090 2139 1143 suis
2170 1090 2271 1158 ipsi

732 1185 1055 1237 testimoniis
1108 1184 1415 1237 firmitatem
1475 1198 1536 1235 ac
1585 1182 1749 1234 robur
1795 1198 1857 1234 ex
1904 1182 2269 1250 antiquiorum

731 1274 1049 1341 scriptorum
1082 1273 1399 1325 auctoritate
1438 1271 1782 1339 quazsierunt.
1817 1270 1879 1322 Et
1916 1270 2006 1322 alii
2053 1269 2270 1337 quidem

731 1365 999 1416 adhaesere
1025 1348 1245 1424 Graecis,
1279 1360 1366 1411 alii
1397 1374 1524 1412 vero
1555 1374 1616 1412 ex
1644 1374 1821 1413 rerum
1852 1358 2012 1411 etiam
2050 1356 2268 1411 Phoeni—

731 1455 972 1513 ciarum,
1042 1452 1412 1504 Chal‘dzearum
1470 1459 1521 1503 et
1573 1448 1942 1519 Egyptiarum
1999 1448 2271 1502 historicis

732 1552 1039 1610 argumenta
1083 1542 1393 1609 petierunt:
1427 1549 1481 1593 at
1524 1540 1685 1593 simul
1735 1539 1993 1604 universi,
2047 1538 2268 1601 Graecis,

730 1634 991 1693 barbaris,
1048 1631 1430 1700 llebraicisque
1468 1631 1629 1682 rebus
1679 1630 1779 1682 sub
1833 1643 1941 1682 uno
1994 1629 2272 1682 collocatis

2379 661 2437 695 τε
2466 645 2591 713 παρ’
2614 643 2791 705 αὐτοῖς
2818 642 3085 713 Ἑϐραίοις
3107 640 3519 708 συναγαγόντες,
3546 639 3637 691 καί¹
3664 639 3757 701 τὰς
3780 643 3896 709 παρὰ

2379 736 2544 785 πᾶσιν
2590 734 2825 803 ἱστορίας
2859 731 3225 803 παραθέντες,
3258 730 3458 801 θατέρᾳ
3499 747 3559 782 τε
3606 730 3703 799 τὴν
3741 731 3893 799 ἑτέραν

2377 823 2826 895 συγκρούσαντες,
2860 823 2927 875 τὰ
2952 824 3102 891 παρά
3126 825 3235 884 τοῖς
3265 824 3431 873 πᾶσιν
3457 807 3562 873 ύπὸ
3586 821 3708 883 τοὺς
3736 822 3893 884 αὐτοὺς

2376 914 2594 983 χρόνους
2631 914 2938 983 πραχθέντα
2973 912 3408 982 συνεξητάκασιν.
3456 908 3571 965 Εἶθ’
3603 912 3818 975 ἕκαστος
3838 918 3875 965 οἱ

2378 1004 2551 1066 κείαις
2578 1003 2817 1072 μεθόδοις
2848 993 2945 1072 τὴν
2970 1001 3077 1054 τῶν
3098 1002 3566 1071 ἀποδεικνυμένων
3591 1004 3892 1071 κατασκευὴν

2378 1096 2759 1167 πεποιημένος,
2795 1095 3076 1165 σύμφωνον
3101 1095 3194 1148 καὶ
3221 1095 3652 1164 ὁμολογουμένην
3674 1095 3765 1164 τὴν
3787 1097 3891 1147 ἀπό-

2375 1185 2537 1250 δειξιν
2586 1188 2985 1257 εἱσηνέγκαντο.
3033 1187 3121 1239 Διὸ
3164 1188 3255 1239 καὶ
3303 1187 3533 1256 μάλιστα
3591 1190 3706 1248 ταῖς
3734 1186 3893 1247 αὑταῖς

2375 1276 2663 1346 ἡγησάμην
2709 1277 2819 1329 δεῖν
2876 1276 3266 1347 παραχωρῆσαι
3312 1279 3513 1344 φωναῖς
3552 1276 3641 1328 τὸν
3686 1276 3894 1347 παρόντα

2376 1365 2547 1432 λόγον,
2568 1368 2712 1430 ὅπως
2741 1366 2874 1437 ὁμοῦ
2904 1367 3009 1417 τῶν
3040 1367 3252 1418 οἰκείων
3284 1367 3357 1436 μὴ
3386 1367 3760 1437 άποστεροῖντο
3781 1384 3892 1437 καρ-

2376 1454 2491 1506 πῶν
2533 1458 2579 1507 οἱ
2610 1456 2717 1508 τῶν
2747 1457 2917 1524 λόγων
2961 1457 3189 1523 πατέρες
3208 1458 3344 1519 ,καὶ
3388 1456 3475 1509 διὰ
3506 1458 3755 1510 πλειόνων
3781 1476 3893 1528 μαρ-

2374 1544 2570 1616 τύρων,
2594 1546 2729 1599 ἀλλά
2755 1548 2828 1616 μὴ
2857 1548 2920 1617 δὴ
2942 1542 3056 1609 ὲνδς
3079 1547 3210 1616 ὁμοῦ
3228 1550 3259 1617 ἡ
3278 1546 3531 1611 σύστασις
3549 1549 3649 1617 τῆς
3672 1549 3892 1618 ἀληθείας

2376 1635 2770 1704 ἀναμφίλεκτον
2801 1636 2951 1689 λάϐοι
2984 1638 3079 1706 τὴν
3106 1638 3453 1708 ἐπικύρωσιν.

727 1732 964 1790 aspectu,
1003 1723 1349 1790 omniumque
1391 1720 1707 1788 populorum
1746 1719 1983 1771 historiis
2038 1719 2179 1773 inter
2240 1736 2296 1775 se
2335 1726 2663 1796 propiusque
2687 1729 3015 1791 commissis,
3044 1744 3164 1796 quae
3221 1730 3359 1797 apud
3385 1744 3632 1798 quosque
3660 1730 3755 1782 sub
3775 1730 3891 1782 idem

725 1823 933 1883 tempus
959 1824 1103 1882 gesta
1154 1814 1370 1875 fuerint,
1402 1826 1522 1864 cum
1570 1811 1691 1863 aliis
1737 1811 1839 1863 alia
1890 1810 2172 1879 diligenter
2200 1826 2435 1880 expensa
2494 1819 2860 1871 contulerunt.
2890 1818 3026 1872 Tum
3090 1834 3243 1872 suam
3296 1821 3500 1888 quique
3532 1820 3672 1872 viam
3721 1835 3780 1871 ac
3807 1835 3893 1872 me-

726 1906 945 1957 thodum
994 1904 1183 1965 secuti,
1231 1910 1407 1969 partes
1443 1901 1673 1969 suscepti
1719 1900 1897 1967 operis
1948 1902 2188 1969 singulas
2234 1903 2304 1955 ita
2345 1906 2702 1974 digessernnt,
2738 1918 2798 1962 ut
2843 1925 3031 1964 omnes
3062 1920 3199 1964 Inter
3234 1926 3353 1965 sese
3400 1911 3670 1965 constanti
3720 1910 3893 1963 fuerint

728 2011 788 2049 ac
815 2005 955 2049 certa
992 1993 1449 2048 demonstratione
1476 1993 1761 2061 complexi.
1791 1990 2053 2054 Quocirca
2079 1992 2258 2045 locum
2296 1996 2474 2049 verbis
2522 2011 2803 2052 auctorum
2862 2000 3151 2067 ipsissimis
3197 2002 3298 2055 hac
3341 2002 3395 2055 in
3442 2001 3799 2070 disputatione
3824 2016 3893 2055 re-

727 2088 1073 2155 linquendum
1111 2087 1311 2155 putavi,
1370 2085 1529 2139 simul
1580 2094 1641 2136 ut
1695 2098 1763 2137 ne
1808 2097 2029 2137 suorum
2078 2084 2211 2151 ipsis
2249 2086 2491 2140 laborum
2543 2090 2749 2143 fructus
2792 2090 3148 2157 praeripiatur,
3207 2090 3367 2144 simul
3410 2101 3469 2145 ut
3518 2098 3760 2159 suscepta
3812 2105 3893 2159 pro

725 2178 947 2231 veritate
994 2176 1253 2237 defensio,
1289 2190 1393 2228 non
1444 2189 1508 2227 ex
1556 2174 1736 2238 unius,
1789 2174 1880 2226 sed
1930 2189 1995 2227 ex
2042 2174 2274 2243 plurium
2315 2178 2527 2232 testium
2578 2195 2672 2233 ore
2709 2180 2866 2236 ﬁdem
2908 2182 3057 2235 omni
3110 2183 3442 2239 dubitatione
3493 2184 3745 2252 majorem
3774 2184 3892 2237 acci-

726 2270 853 2339 piat.
887 2268 1171 2322 Ordiamur
1190 2268 1256 2321 ab
1281 2266 1555 2321 Africano.

1307 2348 1555 2411 CAPUT
1596 2358 1661 2411 Χ.

970 2446 1054 2498 Ea:
1093 2448 1327 2514 Africani
1366 2447 1806 2516 Cltronograplziae
1841 2449 2013 2501 tertio.

800 2554 818 2587 ι
862 2540 998 2590 Ante
1032 2537 1392 2606 olympiadum
1430 2537 1647 2599 seriem,
1699 2537 1877 2604 inquit
1912 2537 2019 2598 ille,
2042 2536 2259 2591 Graeco-

725 2640 844 2680 rum
878 2626 931 2678 in
966 2627 1191 2679 historia
1225 2626 1353 2678 certi
1413 2625 1545 2678 nihil
1596 2625 1967 2694 exploratique
1998 2629 2260 2695 reperias,

725 2730 892 2784 usque
924 2715 1056 2767 adeo
1089 2715 1395 2782 perturbata
1425 2724 1550 2769 sunt
1579 2715 1781 2779 omnia,
1825 2730 1924 2769 nec
1946 2716 2053 2769 ulla
2080 2732 2261 2771 secum

721 2820 788 2858 ex
833 2814 979 2872 parte
1008 2805 1370 2869 consentiunt,
1400 2820 1518 2872 quae
1554 2814 1707 2858 antea
1737 2805 2028 2874 contigisse
2066 2822 2265 2862 memo-

721 2904 928 2947 rantur.
985 2895 1052 2947 At
1103 2895 1154 2946 in
1205 2895 1595 2964 olympiadibus
1646 2895 1951 2964 digerendis
2012 2907 2262 2955 accurate

719 2985 883 3056 488
912 2986 1061 3039 multi
1101 2987 1488 3057 diligenterque
1537 2984 1929 3054 versati'sunt,
1980 2989 2121 3057 quod
2153 3004 2262 3044 non

720 3074 880 3143 longo
910 3075 1203 3137 intervallo,
1240 3077 1330 3129 sed
1361 3082 1568 3128 tantum
1601 3089 1701 3127 suo
1724 3075 1987 3144 cujusque
2014 3091 2100 3131 res
2124 3094 2259 3147 qua—

720 3164 965 3217 driennio
990 3166 1236 3219 delinitas
1269 3165 1438 3219 Gr'eci
1481 3166 2006 3235 comprehensasque
2039 3169 2263 3243 perscri;

720 3255 943 3321 pserint.
988 3253 1342 3319 Quamobrem
1384 3270 1448 3309 ex
1479 3254 1736 3310 fabulosis
1773 3256 1898 3320 illis,
1925 3272 2044 3325 quae
2062 3259 2128 3311 ad
2154 3260 2262 3328 pri-

720 3360 859 3397 mam
898 3360 1069 3413 usque
1090 3345 1445 3415 Olympiadem
1481 3346 1619 3399 fama
1644 3350 1855 3403 ezeteris
1885 3359 1937 3402 et
1976 3351 2256 3404 hominum

717 3435 968 3503 opinione
994 3437 1354 3503 praestiterint,
1409 3436 1639 3490 breviter
1691 3440 2002 3507 cursimque
2056 3441 2256 3506 libatis,

718 3540 837 3592 qua;
868 3534 1051 3593 postea
1084 3526 1427 3595 contigerint,
1465 3541 1527 3580 ea
1569 3527 1613 3581 si
1648 3529 1808 3583 modo
1855 3529 2088 3598 insignia
2119 3530 2260 3584 vide-

718 3616 933 3680 buntur,
966 3618 1038 3671 ita
1069 3634 1188 3671 cum
1218 3617 1416 3672 Grecis
1446 3618 1666 3673 Hebraea
1695 3628 1999 3683 contexam,
2026 3630 2084 3675 ut
2107 3620 2257 3675 Grae-

2429 2411 2432 2413 λ
2896 2362 3284 2414 ΚΕΦΑΛΑΙΟΝ
3319 2363 3375 2413 l'.

2376 2454 2507 2506 Ἀπὸ
2547 2452 2652 2507 τοῦ
2693 2455 2888 2522 τρίτου
2922 2454 3036 2505 τῶν
3077 2452 3414 2520 Ἀφρικανοῦ
3442 2452 3886 2521 Χρονοτραφιιῖπ.

2439 2565 2456 2596 ι
2484 2547 2658 2617 Μέχρι
2689 2547 2785 2614 μὲν
2814 2546 3182 2616 Ὀλυμπιάδων
3203 2544 3350 2597 οὐδὲν
3380 2545 3606 2614 ἀκριϐὲς
3640 2546 3887 2616 ἱστόρηται

2361 2638 2469 2699 τοῖς
2491 2637 2732 2707 Ἕλλησι,
2760 2636 2974 2689 πάντων
3003 2636 3434 2706 συγκεχυμένων,
3468 2636 3560 2686 καὶ
3586 2635 3720 2687 κατὰ
3744 2636 3887 2706 μηδὲν

2362 2728 2541 2790 αὐτοῖς
2573 2726 2679 2779 τῶν
2704 2725 2903 2797 προτοῦ
2934 2726 3384 2796 συμφωνούντων·
3416 2727 3470 2777 αἱ
3522 2724 3577 2776 δὲ
3606 2725 3886 2794 ἠκρίϐωντο

2363 2818 2592 2881 πολλοῖς,
2618 2816 2693 2886 τῷ
2716 2817 2788 2886 μὴ
2830 2818 2893 2868 ἐκ
2922 2816 3170 2869 πλείστου
3199 2817 3578 2885 διαστήματος,
3611 2815 3694 2867 διὰ
3715 2832 3885 2885 τετρα-

2363 2908 2508 2970 ετίας
2521 2907 2596 2969 δὲ,
2618 2906 2713 2969 τὰς
2741 2906 3054 2977 ἀναγραφὰς
3081 2906 3255 2958 αὐτῶν
3279 2904 3679 2967 ποιεῖσθαιτοὺς
3704 2903 3880 2970 Ἔλλη-

2362 3014 2477 3060 νας.
2505 2991 2578 3052 Οὖ
2610 2997 2671 3067 δὴ
2704 2997 2859 3067 χάριν
2886 2998 2979 3058 τὰς
3015 2994 3357 3058 ἐνδοξοτάτας
3386 2998 3479 3045 καί
3515 2993 3767 3062 μυθώδεις
3792 2993 3887 3042 ἐπι-

2361 3087 2650 3158 λεξάμενος
2683 3085 2949 3158 ἱστορίας,
2983 3086 3139 3155 μέχρι
3168 3086 3264 3154 τῆς
3300 3084 3517 3154 πρώτης
3556 3084 3885 3153 Ὀλυμπιάδος

2362 3175 2793 3246 ἐπιδραμοῦμαι·
2829 3176 2925 3238 τὰς
2952 3176 3009 3227 δὲ
3053 3174 3188 3243 μετά
3219 3174 3389 3227 ταῦτα
3412 3214 3426 3237 ,
3472 3175 3725 3237 συζεύξας
3761 3175 3884 3227 κατὰ

2362 3265 2547 3335 χρόνον
2575 3266 2839 3328 ἑκάστας,
2870 3264 2921 3316 ετ
2945 3282 3085 3326 τινες
3118 3264 3394 3334 ἐπίσημοι,
3427 3266 3544 3325 ταῖς
3576 3264 3883 3333 Ἑλληνικαῖς

2361 3355 2455 3417 τὰς
2492 3353 2799 3425 Ἐϐραῖκάς,
2827 3353 3111 3423 ὲξιστορῶν
3145 3354 3240 3422 μὲν
3266 3354 3334 3405 τὰ
3370 3352 3649 3422 Ἐϐραίων,
3672 3352 3886 3420 ἐφαπτό-

2365 3461 2519 3513 μενος
2557 3444 2613 3495 δὲ
2647 3444 2753 3496 τῶν
2798 3443 3136 3514 Ἑλληνικῶν,
3172 3443 3463 3514 ὲφαρμὸσω
3494 3444 3639 3495 τόνδε
3663 3444 3749 3495 τὸν
3778 3443 3885 3511 τρό-

2362 3550 2460 3586 πον
2479 3552 2492 3563 ·
2520 3533 2805 3603 λαϐόμενος
2838 3535 2962 3610 μιᾶς
2996 3534 3244 3602 πράξεως
3293 3532 3582 3603 Ἑϐραῖκῆς
3613 3533 3882 3602 ὁμοχρόνου

2364 3621 2555 3692 πράξει
2584 3623 2669 3690 ὑφ’
2707 3621 2968 3691 Ἑλλήνων
2994 3618 3352 3690 ἱστορηθείσῃ,
3375 3621 3466 3672 καὶ
3491 3618 3693 3688 ταύτης
3722 3620 3883 3688 ἐχόμε-

719 3706 799 3760 cis
850 3706 1019 3759 ohiter
1073 3708 1330 3760 duntaxat
1375 3710 1696 3776 perstrictis,
1727 3710 1971 3764 historici
2007 3726 2153 3765 more
2184 3710 2259 3767 fu-

2363 3690 2475 3778 νος,
2508 3715 2753 3786 ἀφαιρῶν
2785 3690 2967 3767 τεκαὶ
3011 3714 3345 3784 προστιθεὶς,
3381 3715 3463 3776 τίς
3489 3731 3546 3765 τε
3595 3714 3809 3784 Ἕλλην,
3853 3714 3880 3782 ἢ

719 3797 831 3849 sius
860 3794 1078 3849 Hebraea
1105 3805 1395 3865 pertexam.
1428 3796 1486 3849 ln
1515 3814 1623 3866 quo
1648 3799 1911 3866 ejusmodi
1936 3799 2117 3854 futura
2141 3817 2257 3857 mea

2363 3806 2588 3875 Πέρσης,
2619 3807 2651 3876 ἢ
2685 3808 2776 3859 καὶ
2800 3805 3040 3858 ὁστισοῦν
3067 3809 3131 3876 τῇ
3166 3805 3430 3887 Ἐϐραίων,
3453 3806 3879 3875 συνεχρόνησενι,

717 3887 855 3939 ratio
878 3894 977 3950 est,
1010 3896 1065 3939 ut
1088 3887 1295 3954 quoties
1319 3886 1635 3940 Hebraicam
1666 3887 1965 3954 historiam,
1994 3904 2111 3958 quae
2134 3905 2257 3944 cum

2363 3898 2868 3967 ὲπισημειούμενος,
2931 3898 3059 3959 ἴσως
3131 3896 3195 3947 ἂν
3249 3894 3342 3946 τοῦ
3395 3894 3595 3946 σκοποῦ
3661 3894 3878 3963 τύχοιμι.

716 3976 898 4031 ϐιωοιι
927 3978 1105 4047 aliqua
1132 3988 1367 4046 tempore
1415 3978 1717 4043 conveniat,
1755 3980 2087 4032 tractandam
2135 3996 2258 4034 sus-

719 4082 929 4135 cepere,
991 4069 1145 4123 toties
1178 4070 1231 4123 in
1268 4085 1328 4122 ea
1361 4076 1675 4123 constanter
1707 4069 1937 4135 haerens,
1978 4071 2254 4135 detractis,

718 4159 808 4211 ubi
842 4173 925 4212 res
971 4159 1175 4224 tulerit,
1224 4159 1515 4229 adjectisve
1563 4159 1858 4222 nonnullis,
1911 4160 2133 4228 quinam
2167 4169 2257 4213 aut

717 4246 1044 4311 Graecorum,
1068 4259 1159 4301 aut
1182 4249 1489 4315 Persarum,
1515 4258 1607 4304 aut
1638 4251 1822 4319 populi
1857 4250 2095 4319 cujusvis
2124 4250 2255 4305 alte-

717 4339 852 4400 rius,
881 4338 1117 4405 ejusdem
1140 4347 1377 4406 tempore
1408 4339 1668 4404 floruerit,
1693 4340 1931 4408 aperiam
1963 4357 1975 4391 :
2012 4340 2091 4393 sic
2110 4340 2252 4393 enim

714 4431 833 4497 ejus
869 4445 956 4483 me
986 4433 1220 4496 demum,
1261 4431 1405 4498 quod
1446 4431 1778 4499 propositum
1815 4430 1947 4482 mihi
1974 4438 2077 4491 est,
2106 4445 2256 4483 com-

716 4528 891 4588 potem
939 4517 1177 4571 futurum
1234 4520 1501 4573 existimo.
1532 4518 1774 4571 Primum
1824 4518 1986 4586 igitur
2017 4518 2254 4571 celebra-

716 4610 925 4663 tissima
955 4608 1043 4661 illa
1068 4606 1408 4662 Hebraeorum
1441 4609 1711 4677 migratio,
1756 4623 1879 4662 cum
1908 4622 1937 4660 a
1966 4606 2255 4663 Nabucho-

715 4700 982 4753 donosore
1036 4697 1321 4767 Babylonis
1373 4689 1501 4767 rege
1555 4701 1607 4751 in
1676 4700 1988 4752 servitutem
2038 4700 2252 4753 abducti

716 4796 861 4851 sunt,
896 4803 1066 4841 annos
1093 4787 1647 4855 tenuitseptuaginta,
1691 4788 1767 4840 uti
1816 4788 2057 4840 futurum
2106 4786 2254 4841 Jeru-

714 4877 852 4929 mias
885 4885 1007 4929 ante
1033 4877 1371 4945 praedixerat.
1398 4874 1567 4928 Porro
1590 4874 2133 4931 Nabuchodonosoris
2155 4876 2254 4930 Be-

2370 3988 2631 4057 Ἑϐραίων
2668 3989 2761 4057 μὲν
2788 3986 2880 4041 οὖν
2916 3990 2948 4057 ἠ
2996 3986 3239 4056 μετοικία
3271 3985 3665 4056 ἐπισημοτάτη,
3701 3988 3880 4053 αἰχμα-

2356 4076 2715 4131 λωτισθέντων
2743 4079 2845 4130 ὑπὸ
2868 4076 3325 4145 Ναϐουχοδονόσορ
3360 4074 3616 4145 βασιλέως
3648 4074 3880 4127 Βαϐυλῶ-

2355 4184 2461 4231 νος,
2486 4168 2795 4237 παρέτεινεν
2813 4168 2904 4237 ἐτη
2927 4174 2989 4232 o',
3013 4166 3151 4219 καθά
3182 4168 3576 4235 προεφήτευσεν
3611 4164 3875 4235 Ἱερεμίας.

2356 4257 2460 4309 Τοῦ
2493 4257 2555 4329 δὴ
2585 4255 3044 4326 Ναϐουχοδονόσορ
3082 4252 3403 4325 μνημονεύεί
3436 4254 3719 4324 Βηρωσσὸς
3748 4257 3774 4307 ὁ
3796 4254 3877 4307 Ba-

2355 4348 2629 4410 ϐυλώνιος.
2652 4348 2806 4402 Μετὰ
2833 4348 2889 4400 δὲ
2915 4346 2982 4399 τά
3012 4353 3052 4399 o'
3084 4347 3181 4415 τῆς
3206 4345 3577 4415 αἰχμαλωσίας
3602 4347 3691 4415 ἔτη
3718 4346 3879 4415 Κῦρος

2354 4438 2577 4508 Περσῶν
2605 4438 2941 4503 ἐϐασίλευεν,
2986 4431 3030 4503 ᾧ
3058 4435 3163 4487 ἔτει
3204 4435 3497 4504 Ὀλυμπιὰς
3530 4437 3664 4505 ἢχθη
3698 4444 3786 4496 ve’,
3816 4436 3878 4495 ὡς

2354 4527 2418 4576 ὲκ
2445 4525 2549 4576 τῶν
2577 4525 2973 4591 Βιϐλιοθηκιῖην·
2999 4522 3257 4593 Διοδώρου
3274 4563 3289 4587 ,
3341 4523 3434 4576 καὶ
3463 4523 3555 4581 τοῦ
3581 4523 3777 4576 Θαλλοῦ
3800 4524 3878 4574 καὶ

2354 4617 2628 4685 Κάστορος
2660 4615 2905 4685 ἱστοριῶν
2924 4654 2938 4678 ,
2970 4613 3047 4665 ἔτι
3089 4614 3147 4667 δὲ
3193 4613 3450 4666 Πολυϐίου
3481 4615 3574 4667 καὶ
3614 4614 3876 4677 Φλέγοντος

2354 4704 2497 4757 ἐστιν
2529 4706 2727 4772 εὑρεῖν,
2759 4702 2893 4755 ἀλλὰ
2923 4702 3015 4755 καὶ
3046 4702 3263 4773 ἐτέρων,
3295 4697 3375 4765 οἷς
3402 4702 3664 4772 ἐμέλησεν
3698 4701 3874 4768 Ὀλυμ-

2354 4797 2589 4849 πιάδωνο
2638 4794 2805 4847 ἆπασι
2848 4795 2955 4863 γὰρ
2989 4793 3359 4863 συνεφώνησεν
3398 4795 3427 4844 ὁ
3475 4794 3683 4863 χρόνος.
3718 4790 3875 4857 Κῦρος

2353 4886 2394 4937 δ’
2425 4882 2515 4939 οὖν
2537 4886 2613 4955 τῷ
2645 4884 2842 4955 πρώτῳ
2866 4884 2961 4952 τῆς
2991 4884 3163 4953 ἀρχῆς
3190 4883 3316 4944 ἔτει,
3343 4883 3478 4949 ὅπερ
3510 4878 3577 4949 ἦν
3609 4876 3876 4949 Ὀλυμπιά-

711 4982 869 5021 rosus
924 4970 1139 5034 quoque
1187 4966 1514 5035 Babylonius
1565 4966 1824 5019 meminit.
1881 4965 2098 5020 Exactis
2144 4966 2249 5019 illis

2363 4975 2437 5037 5ος
2465 4983 2535 5029 νε¹
2568 4976 2684 5035 ἔτος
2711 4974 2770 5025 τὸ
2796 4972 3026 5042 πρῶτον,
3058 4971 3146 5025 διὰ
3179 4968 3508 5040 Ζοροϐάϐελ,
3543 4968 3661 5021 καθ’
3692 4968 3748 5022 δν
3788 4967 3875 5033 ’1η-

710 5057 1048 5128 septuaginta
1079 5057 1401 5124 captivitatis
1428 5055 1607 5118 annis,
1636 5052 1807 5123 Cyrus
1846 5054 2125 5109 Persicum
2159 5070 2247 5107 re-

712 5163 873 5217 gnum
904 5145 1156 5210 obtinuit,
1180 5159 1300 5197 cum
1338 5146 1600 5214 Olympias
1636 5153 1883 5211 ageretur
1912 5145 2251 5212 quinquage-

711 5240 846 5291 sima
876 5237 1083 5305 quinta,
1119 5234 1197 5286 uti
1245 5247 1309 5285 ex
1346 5233 1562 5288 Diodori
1593 5232 1917 5285 Bibliotheca
1939 5272 1953 5295 ,
1984 5233 2164 5285 Thalli
2195 5241 2249 5286 et

709 5327 965 5389 Castoris,
1010 5339 1111 5378 nec
1139 5337 1243 5375 non
1271 5320 1477 5391 Polybii
1522 5332 1577 5376 et
1621 5321 1933 5389 Phlegontis
1980 5322 2245 5384 historiis,

710 5415 917 5467 auferre
954 5415 1109 5477 licet;
1146 5412 1372 5480 aliisque
1422 5422 1699 5480 praeterea,
1746 5412 1837 5478 qui
1884 5412 2246 5481 olympiadum

710 5504 899 5558 seriem
941 5511 1228 5557 texuerunt
1275 5521 1289 5556 :
1328 5503 1578 5557 omnibus
1620 5504 1763 5556 enim
1798 5502 1851 5554 in
1896 5515 1959 5554 eo
2010 5511 2249 5569 tempore

709 5594 1006 5647 deﬁniendo
1039 5592 1306 5647 convenit.
1337 5590 1508 5660 Cyrus
1536 5592 1697 5659 igitur
1738 5604 1879 5644 anno
1920 5590 2129 5657 imperii
2160 5590 2243 5643 sui

631 5736 637 5741 _
709 5682 1357 5751 primo,quiolympiadis
1385 5681 1848 5751 quinquagesima:
1889 5680 2089 5749 quintze
2137 5680 2249 5749 pri-

847 5812 929 5863 ;‘p.
964 5794 1325 5859 συνέχρόνισεν

2354 5064 2477 5126 σούς
2503 5067 2531 5115 ό
2560 5062 2652 5114 τοῦ
2688 5062 2956 5123 Ἰωσεδὲκ,
2984 5062 3079 5131 τὴν
3114 5059 3331 5130 πρώτην
3382 5058 3474 5111 καὶ
3511 5058 3733 5127 μερικὴν
3756 5053 3871 5107 ἀπό-

2353 5152 2556 5220 πεμψιν
2603 5152 2889 5221 ἐποιήσατο
2914 5151 3006 5203 τοῦ
3034 5148 3184 5211 λαοῦ,
3215 5146 3589 5217 πληρωθείσης
3620 5146 3717 5213 τῆς
3742 5141 3873 5195 ἑϐδο-

2357 5242 2763 5311 μηκονταετίας,
2793 5240 2867 5301 ὡς
2892 5242 2948 5292 ὲν
2981 5240 3056 5310 τῷ
3079 5238 3281 5308 Ἐσδρᾳ
3304 5238 3453 5306 παρά
3482 5240 3595 5299 τοῖς
3630 5231 3872 5303 Ἑϐραίοις

2358 5332 2647 5403 ἱστόρηται.
2673 5334 2737 5383 Αἱ
2770 5332 2867 5400 μὲν
2891 5327 2981 5384 οὖν
3009 5330 3233 5398 ἱστορίαι
3257 5326 3811 5400 συντρέχουσι,Κύρου
3824 5340 3870 5374 τε

2358 5418 2626 5485 βασιλείας
2674 5421 2766 5472 καὶ
2810 5420 3179 5489 αἰχμαλωσίας
3216 5418 3434 5480 τέλουςο
3482 5418 3573 5469 καὶ
3615 5414 3753 5467 κατὰ
3792 5412 3871 5471 τάξ

2367 5511 2722 5580 Ὀλυμπιάδας
2751 5510 2917 5571 οὕτως
2944 5511 3023 5572 εἱς
3052 5510 3198 5579 ἡμᾶς
3234 5507 3587 5579 εὑρεθήσεται
3614 5522 3675 5556 συ
3683 5503 3871 5574 μφωνή·

2354 5616 2519 5653 σαντα
2537 5617 2549 5629 ·
2592 5600 2797 5661 τούτοις
2826 5598 2933 5668 γὰρ
2964 5598 3212 5668 ἑπόμενοι
3232 5638 3246 5661 ,
3284 5597 3377 5649 καὶ
3406 5594 3504 5657 τὰς
3532 5595 3720 5655 λοιπὰς
3757 5594 3870 5643 ἱστο-

2356 5692 2473 5759 ρίας
2504 5691 2641 5743 κατὰ
2666 5690 2753 5742 τὸν
2795 5689 2953 5740 αὑτὸν
2995 5690 3147 5741 λόνον
3191 5686 3445 5748 ἀλλήλαις
3485 5685 3867 5755 ὲφαρμόσομεν·
