3994 6340
88 471 177 524 8ιὸ

1208 467 1521 524 ΡΗᾸΞΡΑΒ.
1558 466 1804 521 EVANC.
1847 466 1970 519 LIB.
2018 466 2080 519 Χ.

3147 468 3249 518 814

113 590 167 652 ὰς
203 589 256 642 δὲ
297 588 402 658 πρὸ
445 589 682 652 τούτων,
722 582 822 644 ὧδέ
868 604 981 650 πως
1013 587 1107 656 τῆς
1142 588 1383 656 Ἀττικῆς
1428 603 1598 656 χρονο-

1709 599 1829 638 mus
1859 585 1984 638 item
2009 601 2181 638 annus
2208 595 2338 644 eral.
2378 599 2469 652 per
2490 583 2892 648 Zorohahcletn,
2918 584 3071 651 cujus
3091 586 3248 639 t-tiant

84 678 299 748 γραφιας
326 679 728 749 ἀριθμουμένης
751 697 764 708 ·
811 679 916 732 ἀπὸ
947 677 1167 744 Ὠγύγου
1203 678 1293 729 τοῦ
1321 681 1446 747 παρ’
1471 678 1611 729 ὲκεί-

83 787 178 832 νοις
217 769 530 838 αὐτόχθονος
568 769 936 832 πιστευθέντος
956 809 970 829 ,
1003 768 1084 836 ἐφ’
1118 763 1177 820 οῦ
1203 769 1421 834 γέγονεν
1458 770 1486 819 ὁ
1521 768 1612 836 μέ-

82 869 170 922 γας
233 860 324 909 καὶ
391 857 602 926 πρῶτος
663 857 722 909 ἐν
784 860 851 926 τῇ
923 858 1135 927 Ἀττικῇ
1197 857 1610 924 κατακλυσμὸς.

81 947 351 1016 Φορωνέως
401 947 656 1016 Ἀργείων
709 946 1105 1015 βασιλεύοντος,
1147 946 1218 1009 ὡς
1273 945 1611 1007 Ἀκουσίλαος

85 1039 285 1106 ἱστορεῖ,
311 1037 470 1106 μέχρι
503 1037 721 1105 πρώτης
756 1035 1124 1105 Ὀλυμπιάδος,
1145 1035 1333 1088 ὁπόθεν
1360 1036 1612 1105 ’Έλληνες

82 1127 324 1196 ἀκριϐοῦν
353 1130 476 1188 τοὺς
507 1128 725 1196 χρόνους
745 1127 1125 1196 ὲνόμισαν,έτη
1154 1129 1436 1194 συνάγεται
1469 1129 1610 1197 χίλια

81 1220 281 1270 εἴκοσιν·
335 1217 411 1279 ὡς
445 1220 535 1269 καὶ
568 1221 676 1280 τοῖς
721 1206 1128 1288 προειρημένοις
1183 1223 1486 1286 συμφωνεῖ,
1522 1221 1610 1271 καὶ

82 1311 178 1369 τοῖς
210 1308 335 1376 ἑξῆς
361 1308 718 1376 δειχθήσεται.
769 1308 949 1360 Ταῦτα
989 1309 1095 1379 γὰρ
1148 1309 1434 1377 Ἀθηναίων
1480 1312 1611 1363 ἱστο-

83 1396 284 1462 ροῦντες
336 1397 445 1468 (64)
506 1397 806 1459 Ἑλλάνικός
853 1415 911 1449 τε
958 1399 1047 1450 καὶ
1097 1398 1375 1467 Φιλόχορος
1421 1403 1467 1452 οἱ
1515 1402 1610 1462 τὰς

93 1486 354 1552 Ἀτθίδας,
375 1488 427 1539 οἶ
450 1505 509 1539 τε
534 1489 600 1540 τὰ
625 1489 801 1554 Σύρια
824 1490 1053 1551 Κάστωρ
1080 1489 1171 1540 καὶ
1197 1490 1411 1552 Θαλλὸς,
1429 1493 1517 1543 καὶ
1545 1493 1609 1544 τὰ

83 1576 278 1628 πάντων
310 1577 567 1647 Διόδωρος
599 1579 625 1627 ὁ
668 1577 764 1638 τὰς
809 1577 1192 1642 Βιϐλιοθήκης
1216 1618 1230 1641 ,
1275 1579 1608 1649 Ἀλέξανδρός

77 1683 126 1716 τε
153 1669 178 1719 ὁ
205 1667 531 1738 Πολυΐστωρ,
564 1668 653 1719 καί
687 1684 825 1728 τινες
848 1667 953 1719 τῶν
983 1668 1100 1719 καθ’
1129 1671 1272 1737 ἡμᾶς
1295 1671 1606 1738 ἀκριϐέστε-

81 1773 160 1823 ρον
186 1757 531 1826 ἐμνήσθησαν
553 1799 568 1821 ,
601 1758 690 1809 καὶ
714 1756 818 1809 τῶν
855 1758 1111 1808 Ἀττικῶν
1141 1760 1405 1811 ἁπάντων.
1439 1761 1504 1811 Εἴ
1529 1779 1607 1822 τις

79 1845 159 1899 οὖν
195 1849 249 1899 ἐν
285 1852 396 1910 τοῖς
429 1848 616 1917 χιλίοις
657 1848 852 1900 εἴκοσιν
884 1848 1056 1899 ἐτεσιν
1103 1849 1364 1917 ἐπίσημος
1406 1851 1607 1932 ἱστορία

1710 675 1931 743 αηυιιιίε
1955 676 2092 728 idem
2124 685 2175 729 et
2217 677 2399 730 socius
2442 683 2558 727 erat
2597 673 2754 729 .Iesus
2797 673 3038 727 Joscdcei
3086 676 3246 734 lilius.

1709 766 1918 833 expleta
1947 766 2058 834 jam
2088 766 2423 834 septuaginta
2475 779 2739 817 annorum
2794 780 3024 828 summa,
3070 769 3248 835 popn.i

1709 854 1916 908 Judaici
1965 867 2167 924 partem
2222 857 2456 924 aliquam
2496 857 2728 923 primum
2758 856 2981 916 dimisit,
3019 866 3076 908 ut
3109 859 3246 925 apud

1713 944 1934 999 Esdram
1962 945 2239 998 llebrteum
2271 947 2585 999 historicum
2613 947 2858 1014 legimus.
2901 946 2963 998 Et
2993 948 3244 1014 quoniam

1712 1037 1859 1103 regni
1910 1035 2031 1105 Cyri
2097 1038 2418 1104 principium
2466 1052 2590 1090 cum
2635 1035 2869 1089 Judaicze
2926 1038 3246 1104 captivitatis

1712 1128 1835 1191 line,
1877 1129 2258 1180 historicorum
2295 1128 2534 1180 omnium
2575 1127 2928 1180 consensione
2955 1129 3243 1190 concurrit,

1709 1218 1899 1271 similis
1934 1221 2092 1271 etiam
2120 1220 2171 1271 in
2202 1219 2563 1287 olympiudunt
2589 1217 2767 1280 annis,
2795 1233 2915 1270 eum
2941 1221 3240 1286 utriusque,

1710 1316 1818 1358 tum
1855 1314 2164 1358 czeterorum
2193 1306 2444 1372 deinceps
2467 1305 2836 1358 convenientia
2862 1307 2927 1358 ad
2955 1322 3052 1360 nos
3077 1323 3244 1374 nsque

1708 1396 1940 1460 ducitur,
1975 1397 2168 1464 quippe
2201 1397 2293 1462 qui
2339 1398 2406 1448 ab
2435 1411 2498 1448 eo
2525 1395 2684 1447 veluti
2715 1398 2928 1449 cardine
2958 1401 3242 1466 progressi,

1707 1496 2092 1555 consequentes
2122 1489 2319 1555 pariter
2346 1487 2598 1540 historias
2629 1488 2814 1540 eadem
2853 1489 2989 1541 inter
3019 1505 3135 1543 sese
3158 1506 3242 1542 ra-
3267 1498 3280 1506 '

1707 1576 1853 1629 tione
1876 1578 2217 1631 commissuri
2265 1578 2675 1644 contexturique
2709 1579 2899 1631 simus.
2952 1579 3019 1630 At
3065 1579 3114 1629 iu
3156 1595 3240 1631 sn-

1706 1667 1974 1733 periorum
2011 1668 2390 1732 consignandis
2415 1671 2769 1737 temporibus,
2801 1671 2844 1722 si
2875 1671 3058 1722 Attica:
3080 1672 3240 1722 clzro-

1707 1757 2011 1823 nOgraphize
2047 1756 2308 1810 rationem
2363 1759 2513 1825 sequi
2565 1759 2711 1820 libet,
2744 1760 2809 1811 ab
2851 1758 3047 1828 Ogyge,
3083 1775 3240 1827 quem

1709 1843 1939 1896 indidem
1973 1853 2146 1898 satum
2179 1861 2298 1914 esse
2325 1847 2571 1909 credunt,
2615 1849 2716 1901 sub
2755 1863 2862 1916 quo
2896 1851 3080 1916 ingens
3114 1850 3240 1901 illud

80 1939 338 2006 τυγχάνει,
361 1939 500 1994 κατὰ
527 1941 586 1991 τὸ
606 1939 869 2008 χρήσιμον
899 1939 1262 2007 ὲκλεγήσεται.
1298 1960 1314 1990 ι
1342 1942 1446 1992 Καὶ
1472 1943 1598 2010 μετὰ

1708 1933 2044 2003 primumque
2066 1937 2350 2000 diluvium,
2373 1947 2628 2006 regnante
2648 1939 2802 2007 Argis
2829 1937 3127 2006 Phoroneo,
3149 1939 3237 1993 At-

81 2028 271 2097 βραχέα
307 2029 544 2094 ἐπιλέγει
564 2046 577 2058 ·
601 2048 618 2078 ‹
638 2030 815 2097 Φαμὲν
831 2031 1004 2080 τοίνυν
1030 2031 1090 2082 ἐκ
1114 2047 1169 2081 τε
1197 2031 1304 2099 (ϋῦ)
1333 2031 1480 2083 τοῦδε
1507 2034 1598 2084 τοῦ

79 2119 508 2188 συγγράμματος,
527 2119 775 2185 Ὤγυγον,
800 2119 857 2181 ὃς
879 2119 968 2172 τοῦ
992 2120 1200 2189 πρώτου
1225 2122 1599 2191 κατακλυσμοῦ

77 2206 280 2272 γέγονεν
306 2205 604 2273 ἐπώνυμος,
638 2206 840 2258 πολλῶν
871 2207 1259 2276 διαφθαρέντων
1285 2207 1561 2268 διασωθεὶς
1584 2250 1597 2272 ,

80 2295 204 2347 κατὰ
243 2297 340 2366 τὴν
403 2297 674 2363 Αἴγυπτον
711 2297 818 2366 (66)
868 2298 960 2350 τοῦ
1006 2296 1133 2349 λαοῦ
1179 2297 1316 2365 μετὰ
1363 2297 1599 2359 Μωσέως

76 2385 236 2450 ἔξοδον
268 2386 612 2455 γεγενῆσθαι,
651 2387 796 2440 τόνδε
829 2387 916 2439 τδν
949 2388 1162 2458 τρόπον.
1215 2387 1336 2438 Ἐπὶ
1380 2385 1598 2456 πρώτην

85 2477 404 2547 Ὀλυμπιάδα
459 2477 557 2548 τὴν
614 2479 1008 2548 προειρημένην
1072 2478 1177 2530 ἀπὸ
1227 2479 1447 2544 Ὠγύγου
1504 2477 1595 2547 ἐτη

75 2568 399 2638 δειχθήσεται
448 2568 558 2638 (67)
591 2582 726 2637 ,ακυ
757 2569 862 2622 ἀπὸ
902 2569 956 2618 δὲ
981 2566 1197 2636 πρώτης
1248 2567 1597 2635 Ὀλυμπιάδος

72 2659 279 2728 ὲπὶ·τῆς
315 2667 385 2710 νε¹
415 2659 532 2721 ἔτος
561 2659 790 2728 πρῶτον,
821 2660 1090 2711 τουτέστιν
1119 2657 1210 2708 ἐπὶ
1239 2655 1416 2724 Κύρου
1449 2657 1598 2724 βασι-

76 2748 200 2809 λέως
224 2748 342 2811 ἔτος
372 2749 581 2817 πρῶτον
604 2789 620 2813 ,
650 2751 782 2818 ὅπερ
807 2745 872 2816 ἦν
901 2729 1472 2817 αἰχμαλωσίαςπέλος,
1506 2747 1596 2814 ἐτη

78 2836 164 2899 σις’
183 2853 196 2866 °
227 2839 333 2890 ἀπὸ
366 2839 592 2906 Ὠγύγου
613 2840 786 2891 τοίνυν
807 2840 896 2890 ἐπὶ
930 2839 1106 2908 Κῦρον
1132 2838 1223 2905 ἕτη
1259 2837 1434 2906 γασλζσ.
1466 2837 1526 2888 Εἰ
1552 2837 1596 2889 δ’

75 2928 316 2998 ἀναφέρει
347 2946 430 2990 τις
473 2928 919 2996 ἐπιλογιζόμενος,
979 2928 1083 2980 ἀπὸ
1125 2928 1216 2979 τοῦ
1259 2928 1440 2990 τέλους
1501 2929 1597 2998 τῆς

76 3017 425 3084 αἰχμαλωσίας
452 3015 612 3086 γασλζ¹
657 3015 781 3083 ἐτη,
812 3016 948 3066 κατὰ
991 3015 1241 3066 ἀνάλυσιν
1295 3016 1597 3085 εὑρίσκεται

73 3106 250 3161 ταυτὸν
281 3107 549 3177 διάστημα
578 3105 668 3158 ἐπὶ
698 3105 757 3156 τὸ
787 3104 996 3176 πρῶτον
1033 3103 1147 3165 ἔτος
1175 3105 1273 3172 τῆς
1294 3105 1401 3157 ἀπὸ
1436 3105 1597 3172 Αἰγύ-

81 3208 197 3244 πτου
249 3193 336 3246 διὰ
381 3193 620 3255 Μωσέως
657 3191 830 3259 ὶξόδου
876 3191 1120 3261 Ἰσραὴλ,
1177 3192 1297 3244 ὅσον
1341 3190 1445 3242 ἀπὸ
1497 3192 1596 3260 τῆς

1705 2025 1861 2077 ticam
1895 2027 2155 2080 invasisse
2173 2029 2457 2082 Acusilaus
2485 2039 2672 2082 auctor
2687 2037 2786 2091 est,
2814 2031 2877 2082 ad
2901 2031 3124 2097 primam
3149 2047 3240 2085 us-

1705 2129 1806 2182 que
1828 2113 2197 2182 Olympiadem,
2233 2115 2368 2167 unde
2389 2114 2556 2170 (ἔτωοί
2587 2129 2886 2172 accuratam
2912 2123 3010 2174 sibi
3042 2132 3234 2190 tempo-

1705 2218 1822 2255 rum
1839 2202 2009 2272 'm
2031 2204 2219 2256 seriem
2260 2204 2554 2258 ducendam
2585 2217 2920 2274 putaverunt,
2944 2213 3067 2263 anni
3094 2214 3236 2266 colli.

1705 2303 1902 2360 guntur
1925 2293 2111 2360 viginti
2138 2309 2296 2360 supra
2325 2295 2499 2359 mille;
2525 2298 2614 2364 qui
2643 2313 2896 2353 numerus
2923 2311 2976 2353 et
3005 2319 3123 2356 cum
3150 2319 3241 2356 su-

1703 2381 2001 2448 perioribus
2025 2381 2220 2447 optime
2243 2385 2509 2452 congruit,
2536 2395 2586 2437 et
2616 2401 2678 2438 ex
2704 2392 3036 2455 sequentium
3063 2393 3207 2444 duc-la
3225 2421 3240 2432 -

1697 2475 1898 2526 ratione
1925 2474 2209 2528 constabit.
2244 2457 2369 2527 limi:
2418 2476 2560 2528 enim
2592 2473 2895 2529 Hellanicus
2941 2484 2994 2528 et
3053 2474 3236 2526 Philo-

1695 2563 1912 2626 chorus,
1943 2565 2032 2632 qui
2074 2580 2153 2617 res
2187 2565 2407 2627 Atticas,
2444 2568 2676 2631 itemque
2703 2564 2892 2617 Castor
2914 2573 2965 2616 et
2995 2564 3233 2629 Thallus,

1696 2655 1786 2721 qui
1820 2653 2065 2722 Syriacas
2101 2657 2366 2723 prosecuti
2418 2663 2561 2714 sunt,
2591 2657 2787 2723 quique
2834 2654 3068 2720 gentiqu
3115 2670 3224 2707 om-

1696 2742 1843 2795 nium
1881 2742 2159 2796 historiam
2191 2745 2243 2796 in
2274 2743 2647 2796 Bibliot/tecam
2681 2759 2830 2796 suam
2869 2744 3084 2798 inclusit
3112 2745 3233 2798 Dio-

1695 2831 1878 2896 dorus,
1907 2842 1960 2885 et
1976 2832 2277 2894 Alexander
2319 2833 2621 2902 Polyhistor
2653 2835 2923 2888 memorize
2979 2835 3231 2904 prodide-

1697 2935 1818 2976 runt
1846 2941 1860 2977 :
1895 2937 2120 2992 quorum
2153 2925 2332 2988 etiam,
2361 2939 2391 2978 e
2420 2925 2904 2992 uostris.pra'terea
2951 2925 3187 2978 nonnulli
3217 2967 3230 2989 ,

1694 3014 1996 3082 diligentius
2030 3031 2189 3081 quam
2230 3015 2386 3068 Attici
2419 3029 2605 3068 omnes
2631 3056 2645 3077 ,
2691 3015 3096 3082 accuratiusque
3122 3031 3234 3067 tne-

1695 3103 1915 3156 minere.
1949 3103 2127 3171 Itaque
2149 3144 2162 3164 ,
2193 3102 2236 3156 si
2273 3118 2390 3172 qua:
2437 3104 2579 3176 mille
2609 3118 2672 3157 ac
2725 3101 2911 3172 viginti
2967 3117 3231 3156 annorum

1696 3193 1868 3259 spatio
1899 3193 2055 3260 paulo
2084 3192 2341 3261 insignior
2371 3201 2614 3248 occurret
2646 3192 2886 3256 historia,
2930 3207 3049 3246 eam
3083 3207 3232 3246 com-

77 3284 422 3353 πεντηκοστῆς
451 3284 698 3353 πέμπτης
752 3260 1098 3352 Ὀλυμπιάδος
1133 3283 1223 3334 ἐπὶ
1255 3283 1509 3349 Ὤγυγον,
1537 3282 1594 3344 ὃς

1697 3282 1852 3334 mode
1880 3297 1978 3335 suo
2008 3282 2124 3335 loco
2152 3260 2416 3336 dabimus.
2470 3299 2488 3332 ι
2532 3281 2778 3351 Idemque
2831 3283 3016 3352 paucis
3068 3284 3232 3337 inter-

75 3370 268 3425 ἔκτισεν
306 3373 592 3426 Ἐλευσῖνα.
621 3373 776 3425 Ὅθεν
807 3373 1191 3443 ὲπισημότερόν
1218 3373 1332 3438 ἐστι
1368 3373 1594 3424 καταλα-

76 3461 176 3512 ϐεῖν
200 3461 295 3530 τὴν
333 3462 578 3531 ’Δττικὴν
604 3464 1063 3534 χρονογραφίαν.,ι
1117 3465 1223 3517 Καὶ
1251 3465 1366 3532 μεθ’
1399 3465 1557 3533 ’έτερα
1576 3481 1588 3492 '

84 3555 203 3604 «Καὶ
225 3552 457 3605 τοσαῦτα
483 3553 580 3622 μὲν
603 3555 706 3624 πρὸ
733 3547 972 3620 Ὠγύγου.
993 3555 1146 3605 Κατὰ
1172 3555 1227 3606 δὲ
1253 3557 1375 3616 τοὺς
1406 3555 1591 3607 τούτου

79 3648 279 3717 χρόνους
320 3646 508 3718 ἐξῆλθε
570 3648 769 3716 Μωσῆς
810 3634 902 3698 ἀπ’
929 3647 1218 3713 Αἰγύπτου.
1253 3650 1361 3700 Καὶ
1391 3649 1466 3711 ὡς
1496 3651 1592 3702 οὐκ

76 3734 278 3788 ἄπιστον
300 3735 420 3788 τότε
449 3735 617 3788 ταῦτα
643 3734 928 3805 συμϐῆναι,
954 3735 1232 3804 δείκνυμεν
1256 3736 1442 3798 οὕτως.
1461 3737 1591 3788 Ἀπὸ

75 3822 160 3892 τῆς
185 3825 358 3890 ἐξόδου
384 3825 626 3886 Μωσέως
680 3825 769 3876 ἐπὶ
803 3823 998 3893 Κῦρον,
1026 3823 1083 3886 ὃς
1114 3825 1424 3877 ὲὸασίλευσε
1454 3826 1590 3896 μετὰ

73 3913 157 3983 τὴν
189 3915 580 3986 αἰχμαλωσίαν,
627 3914 722 3985 ἐτη
760 3913 940 3984 ιασλζθ.
969 3915 1204 3977 Μωσέως
1233 3915 1339 3986 γάρ
1385 3916 1476 3986 ἔτη
1519 3917 1590 3969 τὰ

75 4002 214 4057 λοιπὰ
243 4007 671 4076 τεσσαράκοντα’
704 4004 884 4074 ’Ἰησοῦ
929 4003 1020 4055 τοῦ
1054 4005 1167 4072 μετ’
1211 4006 1411 4057 ἐκεῖνον
1452 4009 1588 4076 ἡγη-

78 4094 287 4164 σαμένου
332 4097 424 4166 ἔτη
470 4103 582 4148 κε’·
639 4094 1012 4166 πρεσϐυτέρων
1059 4092 1150 4162 έτη
1195 4094 1258 4157 λ’,
1305 4096 1409 4147 τῶν
1454 4097 1587 4164 μετὰ

86 4185 237 4254 Ἰησοῦ
284 4173 663 4257 κριτῶνο’τῶν
711 4187 767 4240 δὲ
820 4189 876 4238 ὲν
913 4187 982 4253 τῇ
1037 4183 1199 4254 βίϐλῳ
1235 4187 1341 4240 τῶν
1389 4188 1586 4257 κριτῶν

78 4277 448 4346 περιεχομένων
475 4277 568 4346 ἔτη
594 4280 675 4342 ut;
694 4291 708 4307 ο
746 4273 929 4344 ἱερέων
955 4274 1010 4325 δὲ
1043 4273 1187 4326 Ἠλεὶ
1219 4276 1310 4326 καὶ
1340 4274 1586 4345 Σαμουὴλ

77 4362 155 4432 ἔτη
187 4369 252 4430 lt,"
286 4367 391 4417 τῶν
420 4366 475 4418 δὲ
501 4366 624 4436 ἑξῆς
659 4365 913 4434 βασιλέων
926 4363 1186 4433 Ἐϐραίων
1209 4364 1302 4433 ετη
1329 4365 1584 4434 τετρακὸ-

77 4469 152 4505 σια
181 4459 256 4521 ις’
300 4453 365 4528 ἧς
407 4457 469 4508 τὸ
500 4458 800 4510 τελευταῖον
824 4455 932 4525 (68)
963 4453 1077 4516 ἔτος
1114 4449 1181 4524 ἦν
1225 4455 1404 4525 Κύρου
1440 4456 1586 4525 βασι-

77 4542 202 4607 λείας
237 4545 352 4607 ἔτος
383 4546 626 4613 πρῶτον,
653 4547 728 4609 ὡς
752 4546 1168 4616 προειρήκαμεν.
1205 4545 1326 4596 Ἐπὶ
1352 4545 1407 4597 δὲ
1438 4546 1584 4616 πρώ-
1614 4569 1656 4622 D

77 4651 161 4703 της
203 4636 548 4704 Ὀλυμπιάδος
587 4636 693 4688 ἀπὺ
728 4636 965 4698 Μωσέως
999 4633 1089 4704 ἐτη
1126 4640 1252 4702 ,ακ’,
1292 4636 1445 4706 εἴπερ
1488 4637 1580 4688 ἐπὶ

77 4725 414 4794 πεντηκοστῆς
427 4725 676 4793 πέμπτης
694 4725 807 4787 ἔτος
821 4725 1028 4795 πρῶτον
1044 4724 1135 4793 έτη
1153 4725 1325 4793 γασλζη
1343 4728 1456 4778 Κάν
1474 4729 1581 4788 τοῖς

85 4811 379 4884 Ἑλληνικοῖς
421 4813 743 4883 συνέδραμεν
781 4816 810 4866 ό
847 4815 1049 4884 χρόνος.
1081 4815 1231 4867 Μετὰ
1257 4816 1313 4868 δὲ
1354 4817 1580 4884 Ὤγυγον

72 4899 146 4953 διὰ
170 4904 260 4974 τὴν
280 4905 387 4959 ἀπὸ
417 4904 509 4957 τοῦ
546 4902 923 4973 κατακλυσμοῦ
947 4905 1140 4976 πολλὴν
1165 4906 1364 4976 φθορὰν
1393 4908 1578 4959 ἀϐασί-

132 5050 822 5126 (εἱυ-Ταῦτιιχρόιηρλξᾼθην·Ἰ
854 5055 1036 5119 ιστορ.
1072 5052 1248 5106 Malim
1275 5054 1443 5106 ταῦτα
1474 5057 1579 5126 γὰρ

76 5119 366 5190 ἱστοροῦσιν,
401 5119 574 5176 deleto
609 5119 919 5190 Ἀθηναίων.

131 5186 229 5255 (65)
264 5191 367 5241 Ἕκ
397 5207 480 5244 τε.
519 5186 779 5244 Ρετιίουῖιι
818 5206 909 5254 τε,

75 5258 370 5327 autaliquid
395 5259 540 5311 aliud
567 5261 819 5327 postulat.

130 5325 226 5397 (66)
259 5325 584 5397 ᾉῖγυπτονζ
641 5327 766 5382 Dele
794 5328 932 5381 hanc
969 5342 1151 5382 vocem
1175 5369 1190 5394 ,
1241 5338 1332 5382 aut
1379 5345 1576 5397 repone

72 5391 147 5444 ἀπ’
172 5391 449 5463 Αἰγύπτου.

128 5463 226 5534 (θη
256 5463 654 5534 ᾼειχθήσεται.
681 5463 835 5534 Forte
855 5463 1170 5534 δεικνύεται.

79 5545 103 5568 δ
125 5529 222 5601 (68)
255 5529 462 5601 ᾞςῖτό
489 5533 841 5601 τελευταίων.
889 5532 1044 5587 Deest
1079 5534 1164 5586 hic
1195 5532 1418 5600 aliquid.
1452 5532 1572 5597 Quo

73 5597 678 5681 enim'1b_ﬂ¢_rel:eralur?
728 5599 887 5681 [forte
921 5612 1042 5681 ante
1096 5603 1236 5681 hunc.
1284 5597 1567 5681 artifpltitn

73 5669 325 5732 scripserit
356 5669 668 5728 Africanus,
707 5669 805 5736 τῆς
844 5669 887 5720 δ’
933 5670 1296 5739 αλχμαλωσίας
1345 5669 1570 5738 ἑϐδομή-

73 5748 220 5788 κοντα.
239 5737 394 5791 Certe
419 5739 555 5806 δμάς
590 5739 677 5790 illa
711 5737 853 5806 mille
869 5737 1226 5806 ducentorum
1257 5752 1321 5790 ac
1349 5738 1564 5804 triginta

75 5813 242 5872 teptem
281 5803 578 5877 annorum,
611 5819 742 5874 quos
771 5805 837 5858 ab
867 5803 1048 5860 Exodo
1078 5810 1143 5862 ad
1167 5807 1362 5877 Cyrum
1399 5803 1566 5877 usque

953 5199 1046 5244 aut
1083 5192 1428 5260 expungeuda
1464 5203 1575 5255 est,

1689 3370 1846 3438 jectis
1885 3387 1898 3421 :
1930 3389 1948 3421 ι
1981 3371 2240 3425 Volumus
2280 3372 2458 3440 igitur,
2493 3372 2697 3440 inquit,
2723 3373 2906 3442 scripti
2937 3375 3097 3427 etiam
3132 3375 3231 3428 hu-

1688 3460 1775 3526 jus
1805 3459 2120 3513 auctoritate
2149 3458 2288 3524 freti,
2314 3458 2548 3530 Ogygem
2576 3461 2746 3523 illum,
2778 3463 2869 3530 qui
2914 3463 3056 3532 quod
3098 3464 3230 3516 hau-

1691 3549 1790 3601 stis
1824 3564 2083 3617 aquarum
2113 3549 2165 3601 vi
2192 3550 2622 3617 quamplurimis,
2651 3551 2832 3606 salvus
2863 3561 2918 3604 et
2944 3553 3226 3606 incolumis

1689 3647 1948 3703 evaserat,
1983 3639 2156 3707 primo
2184 3639 2387 3691 diluvio
2429 3654 2623 3695 nomen
2649 3639 2812 3703 dedit,
2842 3641 2982 3693 circa
3019 3652 3226 3709 tempus

1692 3730 1841 3792 illud,
1868 3745 1975 3798 quo
2001 3731 2229 3799 populus
2254 3747 2318 3784 ex
2348 3729 2579 3800 Egypto
2615 3746 2735 3784 cum
2767 3730 2911 3784 Mose
2937 3732 3184 3801 migravit
3207 3775 3223 3797 ,

1690 3821 1974 3874 exstitisse.
2003 3821 2058 3875 ω
2082 3822 2222 3889 quod
2257 3822 2400 3874 hunc
2433 3822 2486 3874 in
2520 3823 2736 3876 modum
2767 3820 3100 3875 conﬁcimus.
3142 3823 3224 3876 Ab

1687 3911 1864 3982 Ogyge
1914 3914 1979 3966 ad
2029 3915 2253 3982 primam
2298 3913 2649 3984 Olympiadem
2702 3914 2826 3967 anni
2861 3922 3115 3980 putantur
3145 3913 3222 3966 ti-

1687 4003 1818 4075 ginti
1844 4017 2006 4071 supra
2040 4003 2220 4056 mille:
2251 4005 2320 4056 ab
2363 4002 2662 4072 Olympiade
2694 4004 2864 4071 prima
2889 4002 2956 4055 ad
2987 4001 3218 4070 primum

1686 4092 2139 4162 quinquagesima:
2170 4093 2369 4161 quinta:
2395 4105 2594 4143 annum
2623 4130 2638 4153 ,
2689 4092 2778 4159 qui
2830 4091 3036 4158 primus
3093 4089 3221 4145 item

1685 4181 1809 4248 Cyri
1838 4180 1977 4247 regis
2003 4194 2176 4232 annus
2210 4189 2324 4243 est,
2373 4179 2618 4246 idemque
2639 4179 2960 4248 captivitatis
2988 4177 3222 4237 Judaicaa

1686 4269 1828 4334 linis,
1852 4268 1978 4322 anni
2036 4268 2410 4336 septemdecim
2443 4282 2602 4335 supra
2629 4267 2888 4322 ducentos
2921 4288 2934 4322 :
2985 4284 3111 4339 ergo
3153 4273 3220 4325 ab

1683 4355 1858 4427 Ogyge
1885 4357 1952 4415 ad
1976 4356 2172 4425 Cyrum
2205 4371 2393 4424 usque,
2419 4356 2544 4408 anni
2572 4357 2786 4425 triginta
2829 4368 3027 4426 septem
3058 4374 3218 4428 supra

1684 4449 1825 4502 mille
1859 4462 1921 4503 ac
1967 4448 2223 4502 ducentos
2268 4461 2455 4501 omnes
2504 4448 2842 4516 colliguntur.
2907 4449 3022 4503 Jatn
3050 4491 3064 4513 ,
3125 4454 3216 4520 qui

1685 4555 1901 4595 sursum
1925 4553 2111 4593 versus
2140 4537 2207 4591 ab
2236 4537 2380 4592 exitu
2413 4539 2732 4606 captivitatis
2765 4554 2934 4593 annos
2979 4550 3217 4594 retexere

1681 4629 1927 4695 voluerit,
1958 4629 2004 4683 is
2032 4629 2250 4698 triginta
2283 4636 2484 4696 septem
2523 4643 2681 4694 supra
2710 4628 2852 4682 mille
2872 4643 2932 4681 ac
2959 4629 3216 4686 ducentos

1683 4719 1997 4773 revolvendo
2024 4716 2344 4778 numerabit,
2373 4718 2472 4769 hoc
2494 4725 2571 4768 est
2614 4717 2751 4768 idem
2783 4725 3004 4783 prorsus
3048 4716 3212 4770 inter-

1681 4810 1877 4864 vallum
1908 4809 1973 4862 ad
2026 4822 2147 4861 eum
2192 4821 2362 4873 usque
2410 4821 2648 4867 annum,
2702 4821 2809 4873 quo
2865 4806 3094 4874 primum
3145 4825 3210 4863 ex

1681 4899 1910 4968 Egypto
1944 4912 2036 4967 per
2065 4896 2297 4965 Moysem
2330 4895 2553 4950 eductus
2588 4897 2748 4949 Israel
2775 4907 2855 4950 est
2877 4939 2890 4963 ,
2935 4899 3074 4966 quod
3112 4899 3207 4953 abs

1681 5059 1954 5112 numerat,
1991 5063 2056 5103 ex
2105 5049 2542 5116 consequentium
2593 5063 2852 5102 annorum
2895 5049 3208 5104 collectione

1681 5136 1784 5172 non
1808 5119 2046 5181 exsistet,
2063 5119 2166 5172 nisi
2197 5118 2292 5170 hos
2317 5119 2650 5184 septuaginta
2677 5120 2894 5186 insuper
2915 5119 3202 5171 addideris:

1679 5189 1888 5242 tametsi
1917 5197 1976 5240 ut
2004 5189 2209 5241 deesset
2237 5187 2456 5238 oumino
2488 5188 2648 5249 nihil,
2677 5188 2886 5240 duobus
2915 5197 2966 5238 et
2995 5197 3205 5252 septua-

1679 5259 1826 5324 ginta
1867 5271 2002 5325 opus
2028 5265 2188 5310 esset.
2235 5253 2366 5306 Nam
2393 5255 2644 5311 detractis
2674 5256 3001 5325 septuaginta
3023 5291 3036 5314 ,
3073 5269 3204 5325 cou-

1679 5329 1812 5379 llunt
1838 5324 1997 5378 modo
2027 5325 2168 5377 mille
2190 5332 2399 5375 centum
2426 5335 2477 5376 et
2508 5325 2780 5387 sexaginta
2807 5324 3060 5389 quinque,
3084 5324 3206 5390 qui-

1677 5395 1778 5462 bus
1824 5395 2156 5462 septuaginta
2203 5392 2585 5462 sidaddideris,
2637 5392 2768 5462 1255
2800 5391 3083 5462 habiturus
3121 5408 3200 5444 es.

1679 5456 1802 5523 Sed,
1841 5456 2060 5529 opinor,
2095 5460 2432 5530 anniMoysis
2449 5461 2756 5528 octogesimi
2786 5468 2986 5530 partem
3021 5460 3195 5514 adnu-

1676 5539 1878 5590 Inerat,
1927 5541 1977 5582 et
2011 5545 2207 5582 annum
2240 5529 2558 5596 captivitatis
2587 5529 3033 5594 septuagesimum
3065 5530 3202 5583 ultra

1673 5598 1795 5665 Cyri
1821 5599 2074 5716 l3primum
2144 5601 2416 5651 mensibus
2483 5599 2682 5663 aliquot
2733 5598 3032 5650 excurrisse
3100 5613 3200 5665 pu-

1674 5675 1769 5716 tat.
1865 5682 1948 5716 am
1982 5668 2123 5716 enim
2174 5682 2436 5716 summam
2470 5680 2572 5716 non
2629 5679 2692 5716 ex
2739 5666 3072 5716 librariorum
3113 5684 3198 5716 ero

1674 5675 1769 5717 tat.
1821 5666 1948 5718 Eam
1982 5668 2123 5717 enim
2174 5682 2436 5719 summam
2470 5680 2572 5717 non
2629 5679 2692 5716 ex
2739 5666 3072 5718 librariorum
3113 5684 3198 5717 er.

1673 5749 1812 5792 rore,
1844 5737 1933 5786 sed
1962 5734 2193 5788 Africani
2219 5749 2286 5787 ex
2311 5744 2486 5786 mente
2513 5732 2792 5786 conﬂatam
2839 5749 2956 5788 esse
2991 5745 3202 5794 constat

1671 5819 1734 5857 ex
1770 5803 2136 5873 sequentibus,
2173 5804 2259 5860 ubi
2297 5803 2488 5872 sapius
2519 5802 2700 5858 eadem
2730 5802 3049 5861 inculcetur.
