4038 6330
736 443 844 495 815

1369 444 1629 498 EUSEBII
1661 445 2123 501 CIESARIENSIS
2154 446 2296 500 OPP.
2335 444 2516 504 PARS
2549 442 2612 497 11.
2653 471 2723 486 --
2749 442 3240 499 APOLOGETICA.

3822 438 3911 494 818

738 558 1178 627 quinquagesima
1225 560 1407 625 quinta
1447 562 1744 630 Olympiade
1778 564 1842 615 ad
1888 562 2150 633 Ogygem,
2186 562 2272 630 qui

2378 562 2559 619 λευτος
2575 560 2783 630 ἔμεινεν
2800 562 2831 630 ἡ
2847 560 2941 611 νῦν
2956 560 3171 628 Ἀττικὴ
3187 558 3348 629 μέχρι
3363 558 3645 629 Κέγροπος
3661 560 3761 626 ἐτη

739 649 1041 703 Eleusinem
1084 650 1341 711 condidit,
1376 666 1657 706 excurrere
1704 654 1903 707 dictum
1960 664 2058 707 est.
2104 656 2278 722 Atque

739 737 861 793 inde
888 738 1101 805 quidem
1156 739 1418 807 insignius
1450 741 1633 794 Attica:
1670 744 2032 808 chronologiaa
2077 742 2274 810 princir

737 831 885 901 pium
937 832 1056 885 duci
1105 841 1297 899 potest.
1349 850 1365 881 ι
1402 831 1704 902 lterumque
1732 842 1852 901 post
1873 832 2272 904 aliaquanlam:

746 938 765 970 ‹
790 919 987 975 Verum
1005 920 1068 975 de
1088 930 1321 989 temporc
1365 920 1593 989 Ogygem
1655 931 1961 989 antegresso
2000 923 2275 975 hactenus.

737 1012 997 1064 Cmtcrum
1028 1012 1167 1065 illius
1195 1020 1449 1079 tempore,
1477 1013 1704 1063 excessit
1729 1012 1794 1064 ah
1822 1010 2049 1080 [Egypto
2082 1012 2274 1071 Moses.

737 1101 790 1155 id
822 1101 965 1169 quod
1012 1100 1118 1153 veri
1150 1116 1308 1168 quam
1361 1101 1532 1153 simile
1571 1102 1676 1163 sit,
1738 1102 1880 1154 hunc
1944 1102 1993 1153 in
2058 1102 2276 1153 modum

735 1192 1087 1247 ostendimus.
1116 1192 1195 1244 Ab
1223 1192 1364 1244 exitu
1396 1190 1556 1245 Mosis
1584 1192 1646 1244 ad
1674 1191 1890 1261 Cyrum,
1924 1192 2015 1258 qui
2046 1181 2163 1258 post
2190 1206 2279 1242 ca-

736 1284 1027 1353 ptivitatem
1058 1283 1315 1351 regnavit,
1354 1283 1477 1335 anni
1507 1290 1761 1349 putantur
1792 1282 1935 1334 mille
1961 1297 2023 1334 ac
2063 1280 2277 1333 ducenti

735 1388 858 1429 cum
895 1374 1110 1442 triginta
1164 1382 1383 1440 septem.
1410 1371 1570 1425 Mosis
1599 1373 1739 1424 enim
1775 1372 1965 1439 reliqui
2011 1372 2077 1424 ab
2100 1388 2279 1438 egres-

726 1474 800 1517 ιιι
838 1463 962 1514 anni
1002 1461 1352 1529 quadraginta
1383 1469 1506 1513 sunt
1536 1478 1546 1511 :
1581 1458 1726 1524 Jcsu,
1753 1460 1844 1527 qui
1876 1459 2166 1513 secundum
2215 1458 2279 1510 il-

738 1553 848 1605 lum
882 1551 1077 1619 populo
1102 1550 1410 1603 deducendo
1432 1549 1660 1618 prmfuit,
1694 1550 1928 1619 quinque
1958 1564 2019 1601 ac
2047 1548 2232 1617 viginti
2261 1566 2272 1599 :

737 1641 1031 1703 seniorum,
1056 1642 1143 1708 qui
1178 1650 1295 1708 post
1322 1640 1502 1694 Jcsum
1535 1641 1738 1708 judices
1792 1640 1961 1703 fuere,
2016 1641 2232 1710 triginta
2259 1658 2273 1694 :

733 1728 981 1785 Judicum
1012 1732 1271 1793 omnium,
1306 1731 1397 1799 qui
1444 1732 1657 1800 proprio
1690 1732 1927 1798 ipsorum
1960 1731 2098 1784 libro
2143 1746 2275 1785 con.-

738 1822 989 1885 tineutur,
1014 1824 1299 1889 nonaginta
1340 1837 1499 1890 supra
1527 1821 1941 1890 quadringentos
1970 1840 1981 1874 :
2018 1824 2266 1877 sacerdo-

2378 651 2479 701 Τὸν
2514 650 2620 720 γὰρ
2650 650 2783 719 μετὰ
2820 650 3051 716 Ὤγυγον
3101 648 3374 712 Ἀκταῖον,
3406 648 3439 718 ἢ
3480 650 3549 701 τά
3576 648 3912 718 πλασσόμενα

2379 740 2480 793 τῶν
2504 741 2775 809 ὀνομάτων
2795 780 2808 803 ,
2844 740 2962 791 οὐδὲ
2991 738 3239 806 γενέσθαι
3271 740 3399 807 φησὶ
3431 739 3735 809 Φιλόχορος.
3771 759 3791 790 ι
3819 741 3913 793 Καὶ

2376 826 2528 890 αὖθις
2548 846 2559 857 ·
2602 849 2619 878 ι
2645 828 2775 879 Ἀπὸ
2808 828 3034 894 Ὠγύγου
3064 828 3240 880 τοίνυν
3266 828 3356 880 ἐπὶ
3382 827 3581 895 Κῦρον,
3613 828 3789 881 ὁπόσα
3821 828 3912 881 ἀπὸ

2377 917 2613 978 Μωσέως
2640 917 2729 968 ἐπὶ
2759 915 2847 969 τὸν
2910 916 3066 967 αὐτὸν
3093 916 3306 985 χρόνον,
3335 916 3430 987 ἐτη
3456 917 3635 986 ,ασλζκ
3669 918 3783 969 Καὶ
3808 918 3909 969 Ἦλ-

2377 1007 2547 1075 λήνων
2580 1006 2635 1058 δέ
2683 1024 2824 1069 τινες
2866 1005 3130 1076 ἱστοροῦσι
3160 1007 3295 1059 κατά
3323 1009 3445 1070 τοὺς
3474 1009 3670 1070 αὐτοὺς
3697 1008 3911 1076 χρόνους

2379 1097 2624 1164 γενέσθαι
2653 1098 2851 1150 Μωσέα
2875 1115 2887 1125 ·
2917 1097 3169 1166 Πολέμων
3192 1101 3248 1150 ἐν
3273 1101 3337 1167 τῇ
3360 1098 3547 1170 πρώτῃ
3568 1100 3676 1150 τῶν
3703 1101 3909 1165 Ἐλλη-

2375 1188 2556 1239 νικῶν
2574 1186 2845 1255 ἱστοριῶν
2863 1188 3061 1255 λέγων’
3098 1190 3216 1241 Ἐπὶ
3256 1190 3471 1250 ’Δπιδος
3503 1190 3595 1241 τοῦ
3633 1189 3911 1259 Φορωνέως

2379 1284 2538 1349 μοῖρα
2562 1280 2654 1331 τοῦ
2682 1282 2991 1348 Αἰγυπτίων
3022 1281 3249 1351 στρατοῦ
3278 1282 3525 1345 ἐξέπεσεν
3548 1282 3843 1348 Αἰγύπτου,
3869 1284 3913 1334 οἱ

2375 1371 2432 1421 ἐν
2462 1375 2527 1440 τῇ
2563 1372 2887 1441 Παλαιστίνῃ
2918 1371 3218 1441 καλουμένῃ
3254 1372 3416 1441 Συρία
3444 1373 3502 1424 οὑ
3532 1374 3718 1443 πόρρω
3768 1374 3913 1443 Ἀρα-

2376 1460 2495 1522 ϐίας
2517 1460 2753 1531 ᾤκησαν,
2776 1462 2925 1513 αὐτοὶ
2945 1461 3179 1530 δηλονότι
3206 1462 3261 1530 οἱ
3294 1462 3428 1530 μετά
3443 1464 3702 1525 Μωσέως.
3721 1464 3913 1515 Ἀπίων

2374 1550 2429 1602 δὲ
2459 1553 2485 1602 6
2510 1552 2872 1616 Ποσειδωνίου,
2901 1553 3310 1621 περιεργότατος
3329 1555 3743 1623 γραμματικῶν,
3777 1557 3831 1605 ἐν
3854 1558 3911 1624 τῇ

2378 1637 2523 1690 κατὰ
2552 1639 2848 1694 Ἰουδαίων
2866 1642 3026 1710 βίϐλῳ
3056 1642 3149 1693 καὶ
3205 1643 3261 1694 ὲν
3275 1643 3338 1711 τῇ
3356 1640 3585 1711 τετάρτῃ
3602 1644 3710 1696 τῶν
3743 1644 3917 1698 Ἰστο-

2368 1728 2519 1794 ριῶν
2534 1745 2662 1796 φησι
2683 1770 2697 1794 ,
2723 1728 2859 1780 κατά
2884 1730 3088 1797 Ἴναχον
3114 1729 3343 1796 Ἄργους
3371 1726 3589 1795 βασιλέα
3607 1770 3621 1791 ,
3660 1731 3915 1798 Ἀμὼσιος

2377 1818 2681 1885 Αἰγυπτίων
2725 1818 3125 1887 βασιλεύοντος,
3171 1818 3466 1887 ἀποστῆναι
3512 1811 3914 1883 Ἰουδαίους,ιῖιν

738 1923 848 1967 tum
902 1912 979 1965 Eli
1046 1924 1097 1966 et
1147 1913 1401 1973 Samuel.
1460 1912 1787 1980 nonaginta:
1830 1915 2272 1982 consequentium

2376 1907 2624 1978 ἡγεῖσθαι
2658 1910 2879 1962 Μωσέα.
2947 1909 3231 1977 Μέμνηται
3265 1909 3321 1961 δὲ
3360 1911 3451 1962 καὶ
3502 1911 3781 1979 Ἠρόδϋτϋξ
3824 1912 3917 1979 τῆς

735 2020 917 2073 regum
943 2002 1304 2067 Hebraeorum,
1330 2004 1615 2071 nonaginta
1644 2018 1803 2071 supra
1832 2005 2273 2071 quadringentos,

737 2104 1036 2164 sequuntur
1064 2094 1382 2163 captivitatis
1404 2094 1735 2161 septuaginta
1766 2095 1948 2161 :cujus
1976 2103 2277 2162 postremus

734 2199 932 2248 annus,
960 2186 1107 2254 regni
1124 2186 1243 2255 Cyri
1279 2188 1483 2253 primus
1502 2186 1619 2253 fuit,
1643 2197 1702 2241 ut
1730 2188 1837 2256 jam
1868 2196 1993 2241 ante
2018 2188 2272 2240 diximus.

734 2274 1041 2347 Mlam
1079 2291 1108 2328 a
1153 2274 1299 2349 Mose
1352 2278 1415 2329 ad
1466 2276 1813 2345 Olympiadem
1867 2278 2094 2345 primam
2149 2276 2276 2329 anni

736 2364 909 2420 ﬂuunt
936 2365 1120 2433 viginti
1147 2380 1305 2433 supra
1333 2366 1493 2428 mille,
1528 2382 1649 2420 cum
1682 2367 1749 2419 ab
1791 2367 1978 2420 eodem
2014 2365 2079 2419 ad
2114 2365 2275 2433 quin-

735 2453 1058 2522 quagesimae
1103 2454 1299 2522 quinta:
1332 2469 1529 2506 annum
1560 2455 1826 2522 primum,
1874 2454 2018 2507 mille
2062 2454 2274 2508 ducenti

734 2558 858 2597 cum
910 2543 1121 2612 triginta
1173 2552 1373 2612 septem
1428 2554 1811 2609 numerentur,
1861 2545 1912 2595 in
1964 2557 2071 2612 quo
2122 2542 2275 2595 nobis

735 2634 895 2689 etiam
925 2649 1044 2688 cum
1068 2633 1373 2687 Grzecorum
1418 2634 1746 2701 temporibus
1776 2634 1975 2702 optime
2008 2632 2269 2686 convenit.

732 2725 803 2779 At
823 2738 948 2777 vero
968 2733 1087 2791 post
1115 2722 1365 2793 Ogygem,
1408 2725 1548 2793 quod
1604 2726 1790 2792 ingens
1839 2724 1904 2776 ab
1952 2724 2043 2776 illo
2077 2723 2275 2777 diluvio

735 2823 1023 2867 consecuta
1059 2814 1283 2868 vastitas
1320 2826 1480 2878 esset,
1512 2830 1631 2883 quae
1657 2829 1799 2867 nunc
1824 2814 1995 2867 Attica
2040 2814 2235 2867 dicitur
2256 2853 2271 2876 ,

732 2918 796 2957 ea
825 2904 941 2957 sine
976 2904 1188 2972 regibus
1219 2919 1389 2957 annos
1432 2913 1645 2958 centum
1676 2912 1728 2956 et
1762 2903 2031 2971 octoginta
2059 2917 2270 2962 novem,

734 2996 801 3047 ad
830 2994 1117 3061 Cecropem
1147 3010 1313 3062 usque
1339 2995 1650 3063 permansit.
1672 2993 1908 3046 Actutum
1931 2994 2071 3045 enim
2100 2992 2271 3053 illum,

734 3088 827 3153 qui
852 3094 971 3152 post
998 3083 1225 3154 Ogygem
1262 3096 1598 3157 recensetur,
1642 3099 1866 3152 qumque
1894 3084 2144 3151 deinceps
2175 3083 2275 3135 tin-

733 3182 930 3242 guntur
970 3174 1206 3235 nomina,
1236 3171 1586 3224 Philochorus
1630 3186 1697 3225 ne
1735 3172 2005 3226 exstitisse
2056 3171 2270 3239 quidem

2376 1998 2705 2061 ἀποστασίας
2749 1999 2979 2069 ταύτης,
3026 2001 3118 2051 καὶ
3167 1997 3426 2068 Ἀμώσιος
3464 2001 3518 2051 ὲν
3555 2004 3618 2070 τῇ
3658 2001 3912 2071 δευτέρα·

2375 2090 2555 2157 τρόπῳ
2593 2088 2648 2141 δέ
2682 2107 2787 2141 τινι
2828 2091 2921 2153 καὶ
2962 2090 3226 2142 Ἰουδαίων
3275 2089 3471 2152 αὐτῶν,
3517 2094 3573 2142 ἐν
3617 2095 3729 2153 τοῖς
3768 2109 3917 2162 περι-

2375 2178 2716 2247 τεμνομένοις
2734 2179 2926 2241 αὐτοὺς
2952 2178 3320 2249 καταριθμῶν,
3338 2182 3429 2232 καὶ
3468 2181 3779 2250 Ἀσσυρίους
3800 2184 3917 2245 τοὺς

2376 2270 2432 2322 ἐν
2460 2273 2523 2339 τῇ
2554 2270 2875 2345 Παλαιστίνῃ
2903 2274 3210 2336 ἀποκαλῶν,
3235 2274 3373 2342 τάχα
3400 2274 3465 2325 δι’
3506 2274 3771 2343 Ἀϐραάμ.
3790 2276 3917 2326 Πτο-

2377 2359 2429 2409 λε
2440 2362 2591 2427 μαῖος
2616 2360 2673 2411 δὲ
2698 2362 3057 2432 ὁΜενδήσιος,
3074 2363 3141 2415 τά
3160 2364 3462 2431 Αἰγυπτίων
3494 2363 3752 2415 ἀνέκαθεν
3780 2368 3915 2417 ἱστο-

2380 2449 2504 2517 ρῶν,
2552 2448 2719 2500 ἅπασι
2758 2450 2962 2513 τούτοις
2996 2451 3302 2521 συντρέχει⁶
3330 2452 3467 2503 ὥστε
3510 2452 3615 2505 οὐδ’
3658 2452 3917 2523 ἐπίσημος

2376 2540 2465 2590 ἐπὶ
2490 2538 2646 2589 πλέον
2672 2542 2703 2609 ὴ
2731 2539 2839 2592 τῶν
2865 2542 3066 2610 χρόνων
3098 2544 3443 2613 παραλλαγή.
3475 2545 3815 2614 Σημειωτέον
3842 2547 3914 2611 δὲ,

2374 2632 2446 2693 ὡς
2489 2633 2517 2684 ὃ
2550 2633 2603 2683 τί
2643 2650 2769 2686 ποτε
2800 2634 3070 2705 ἐξαίρετον
3106 2636 3325 2703 Ἕλλησι
3355 2637 3420 2688 δι’
3459 2638 3788 2707 ἀρχαιότητα
3832 2657 3916 2707 μυ-

2374 2722 2605 2787 θεύεται,
2643 2725 2776 2793 μετά
2804 2726 3001 2779 Μωσέα
3029 2727 3173 2778 τοῦθ’
3198 2728 3523 2800 εὑρίσκεται,
3551 2729 3917 2800 κατακλυσμοί

2373 2831 2431 2865 τε
2479 2814 2571 2865 καὶ
2614 2814 2979 2884 ἐκπυρώσεις,
3048 2818 3403 2888 Προμηθεὺς,
3460 2820 3576 2885 Ἰὼ,
3649 2820 3912 2891 Εὐρώπη,

2375 2905 2607 2973 Σπαρτοί
2639 2906 2767 2977 (69),
2800 2908 3253 2980 Κὸρης,ἀρπαγὴ,
3281 2913 3567 2981 μυστήρια,
3593 2914 3913 2981 νομοθεσίαι,

2374 2994 2618 3047 Διονύσου
2656 2998 3166 3068 πράξεις,Περσεὺς,
3196 3001 3561 3070 Ἀργοναῦται,
3593 3004 3911 3072 Κένταυροι,

2372 3086 2736 3156 Μινώταυρος,
2767 3088 2835 3139 τὰ
2860 3089 2984 3157 περί⁸
3010 3088 3184 3153 ΙἸλιον,
3214 3086 3362 3142 ἆθλοι
3399 3091 3723 3160 Ἡράκλειοι,
3752 3093 3914 3161 Ἦρα-

2374 3164 2593 3227 κλειδῶν
2622 3175 2841 3237 κάθοδος
2860 3214 2874 3235 ,
2909 3175 3097 3227 Ἰώνων
3133 3177 3353 3229 ἀποικία
3371 3216 3386 3239 ,
3417 3179 3509 3230 καὶ
3541 3179 3912 3247 Ὀλυμπιάδες.

733 3237 954 3318 omnino
980 3263 1275 3315 conﬁrmat.
1310 3281 1325 3313 ι
1360 3261 1422 3315 Et
1468 3278 1653 3316 rursus
1685 3303 1697 3314 .
1741 3280 1757 3312 ι
1809 3260 1949 3330 Ergo
1979 3262 2045 3315 ab
2070 3237 2268 3331 Ogyge,

2379 3263 2561 3330 Ἔδοξε
2592 3266 2648 3318 δέ
2692 3283 2779 3335 μοι
2814 3265 2911 3333 τῆς
2962 3266 3208 3335 Ἀττικῆς
3242 3237 3509 3339 βασιλείας
3543 3269 3632 3321 τὸν
3660 3237 3915 3341 προειρή-

733 3353 929 3419 iuquit,
960 3353 1024 3405 ad
1054 3351 1249 3420 Cyrum
1280 3368 1449 3419 usque
1473 3353 1800 3406 tantumdem
1820 3367 2270 3420 numeres,quan-

733 3449 846 3495 tum
874 3442 939 3494 ad
968 3443 1211 3494 eumdem
1245 3457 1275 3494 a
1303 3440 1468 3506 Mose,
1496 3444 1595 3496 hoc
1624 3452 1706 3496 est
1740 3458 1909 3495 annos
1941 3443 2197 3496 ducentos
2219 3453 2273 3497 et

2379 3360 2535 3429 μένον
2567 3358 2828 3410 ἐκτιθέναι
2870 3358 3075 3428 χρόνον,
3121 3359 3468 3430 παρατιθέναι
3512 3360 3754 3430 μέλλοντι
3800 3367 3915 3425 ταῖς

2386 3448 2692 3518 Ἑϐραϊκαῖς
2731 3448 2985 3519 ἱστορίαις
3021 3450 3119 3512 τὰς
3160 3450 3486 3519 Ἑλληνικάς.
3538 3453 3778 3518 Ἑξέσται
3811 3455 3914 3524 γὰρ

738 3532 950 3599 triginta
1004 3540 1200 3598 septem
1258 3546 1416 3599 supra
1469 3533 1629 3585 mille.
1679 3532 1744 3585 Et
1782 3547 1912 3585 vero
1961 3532 2267 3586 Graecorum

2375 3539 2451 3607 τῷ
2482 3539 2812 3609 βουλομένῳ,
2862 3542 2984 3609 παρ’
3026 3540 3156 3609 ἐμοῦ
3202 3542 3296 3610 τὴν
3343 3534 3513 3612 ἀρχὴν
3540 3545 3912 3613 κομιζομένῳ,

736 3636 867 3675 sane
895 3620 1134 3674 nonnulli
1174 3619 1371 3675 Mosem
1406 3622 1507 3676 sub
1554 3622 1739 3675 eadem
1791 3630 2028 3690 tempora
2076 3624 2272 3678 vixisse

2374 3629 2674 3697 λογίζεσθαι
2700 3631 2786 3682 τὸν
2820 3631 3049 3700 ἀριθμὸν
3076 3631 3271 3700 ὁμοίως
3296 3634 3436 3702 ἐμοί.
3466 3635 3669 3687 Οὐκοῦν
3702 3636 3808 3689 τῶν
3832 3654 3912 3706 χι-

736 3715 1016 3761 testantur.
1050 3707 1203 3772 Nam,
1233 3709 1449 3764 Polemo
1490 3711 1740 3779 quidem,
1788 3712 1924 3765 libro
1971 3710 2268 3766 Crwcarum

2374 3720 2497 3773 λίων
2522 3723 2612 3773 καὶ
2641 3722 2806 3773 εἴκοσι
2839 3721 3004 3784 ἐτῶν,
3043 3722 3149 3774 τῶν
3178 3724 3336 3793 μέχρι
3366 3723 3583 3797 πρώτης
3622 3726 3915 3796 Ὀλυμπιά-

736 3796 1070 3849 historiarum
1100 3800 1291 3866 primo,
1320 3800 1588 3869 conceptis
1636 3800 1811 3853 verbis
1844 3801 2033 3865 habet,
2085 3803 2270 3871 Apidis

2374 3812 2455 3874 δος
2478 3812 2583 3865 ἀπὸ
2603 3811 2840 3872 Μωσέως
2866 3828 2921 3863 τε
2960 3813 3051 3864 καὶ
3085 3813 3306 3884 Ὠγύγου
3336 3796 3685 3889 ἐκκειμένων,
3720 3817 3914 3887 πρώτῳ

738 3887 999 3941 Phoronei
1030 3887 1122 3939 filii
1152 3897 1407 3957 tempore,
1434 3892 1700 3944 exercitus
1730 3890 2027 3961 Egyptiaci
2061 3906 2265 3960 partem

2374 3902 2469 3969 μὲν
2497 3902 2603 3952 ἔτει
2632 3900 2691 3951 τὸ
2719 3901 2906 3969 Πάσχα
2930 3942 2944 3965 ,
2976 3903 3067 3955 καὶ
3106 3903 3212 3955 τῶν
3252 3887 3514 3974 Ἐϐραίων
3541 3905 3715 3970 ἔξοδος
3753 3909 3786 3976 ἡ
3821 3909 3912 3960 ἀπ’

736 3993 855 4031 sese
897 3978 965 4031 ab
997 3976 1225 4047 Egypto
1261 3980 1611 4043 subduxisse,
1658 3990 1817 4048 atque
1868 3983 1920 4034 in
1955 3981 2266 4049 Palaestina,

2374 3989 2672 4055 Αἰγύπτου,
2706 3990 2763 4061 ὲν
2798 3989 2852 4041 δὲ
2888 3994 2953 4061 τῇ
2989 3992 3204 4061 Ἀττικῇ
3241 3994 3269 4044 ὁ
3306 3995 3397 4045 ἐπὶ
3440 3996 3663 4063 Ὠγύγου
3708 3997 3911 4063 γίνεται

735 4085 894 4139 quam
920 4069 1127 4137 Syriam
1172 4080 1379 4131 vocant,
1408 4070 1548 4123 haud
1597 4071 1782 4137 procul
1818 4070 1884 4123 ab
1911 4072 2104 4126 Arabia
2138 4088 2268 4126 cono

2374 4080 2774 4146 κατακλυσμός·
2812 4081 2902 4131 καὶ
2942 4080 3080 4132 κατά
3120 4082 3292 4148 λόγον.
3327 4083 3445 4135 Τῶν
3471 4085 3576 4154 γάρ
3603 4086 3909 4153 Αἰγυπτίων

736 4158 939 4213 sedisse
967 4178 980 4211 :
1012 4160 1130 4213 illos
1163 4160 1413 4212 nimirum
1449 4160 1592 4229 ipsos
1626 4160 1919 4231 intelligens
1947 4202 1961 4226 ,
2006 4166 2097 4233 qui
2122 4164 2268 4220 Mose

2374 4171 2499 4240 ὀργῇ
2534 4170 2665 4221 Θεοῦ
2702 4171 2960 4238 χαλάζαις
3002 4189 3062 4223 τε
3099 4172 3192 4223 καὶ
3224 4174 3449 4243 χειμῶσι
3482 4176 3905 4246 μαστιζομένων,

740 4247 873 4301 duce
889 4248 1106 4316 profecti
1134 4258 1277 4302 sunt.
1321 4251 1452 4317 Apio
1473 4265 1595 4304 vero
1620 4249 1889 4306 Posidonii
1916 4254 2075 4321 filius,
2100 4256 2267 4310 idem-

736 4352 842 4405 que
890 4338 1356 4405 grammaticorum
1394 4340 1631 4393 omnium
1670 4343 2091 4408 curiosissimus,
2129 4346 2265 4400 libro

742 4428 987 4481 adrersus
1016 4426 1250 4488 Ιιιάωοδ,
1326 4436 1377 4478 et
1420 4424 1774 4483 Historiarum
1806 4442 1997 4499 quarto
2042 4437 2263 4499 scribit,

2364 4262 2507 4322 εἰκὸς
2548 4255 2615 4329 ἦν
2657 4260 2793 4329 μέρη
2839 4262 2955 4314 τινὰ
2999 4263 3329 4332 συμπάσχειν
3378 4267 3475 4336 τῆς
3522 4267 3646 4335 γῆς,
3680 4269 3763 4320 ὃτι
3789 4287 3849 4322 τε
3876 4283 3900 4312 ο

2380 4351 2685 4420 Ἀθηναίους
2731 4350 2837 4402 τῶν
2870 4348 3042 4404 αὐτῶν
3079 4353 3390 4421 Αἰγυπτίοις
3428 4358 3719 4411 ἀπολαύειν
3768 4361 3909 4421 εἰκὸς

2364 4434 2450 4506 ἦν,
2485 4439 2739 4499 ἀποίκους
2765 4438 2980 4491 ἐκείνων
3010 4440 3445 4509 ύπονοουμένους,
3480 4443 3554 4506 ὥς
3578 4462 3743 4512 φασιν
3764 4448 3905 4501 ἄλλοι

738 4509 934 4566 Inacho
967 4514 1123 4582 Argis
1161 4526 1445 4582 regnante,
1518 4515 1728 4571 Iudaeos
1778 4520 1911 4574 duce
1965 4524 2143 4587 Mose,
2198 4527 2264 4578 ab

2374 4545 2423 4578 τε
2457 4530 2547 4580 καὶ
2574 4530 2627 4580 ὲν
2679 4528 2754 4596 τῷ
2789 4530 3116 4597 Τρικαρήνῳ
3148 4530 3481 4601 Θεόπομπος.
3536 4509 3601 4587 '0‘
3626 4537 3681 4589 δὲ
3709 4538 3904 4605 μεταξὺ

737 4606 919 4659 Amosi
978 4604 1345 4676 [Egyptiorum
1400 4625 1519 4676 rege
1568 4610 1842 4665 defecisse.
1895 4614 2059 4683 Cujus
2104 4619 2261 4670 etiam

2374 4618 2554 4684 χρόνος
2585 4618 3033 4687 παραλέλειπται,
3068 4620 3125 4671 ὲν
3156 4614 3201 4688 ᾧ
3235 4621 3394 4691 μηδὲν
3425 4624 3694 4694 ἐξαίρετον
3714 4604 3904 4693 θΕλλη-

702 4758 703 4761 η
737 4693 1069 4761 defectionis,
1100 4699 1365 4766 simulque
1394 4700 1626 4765 Amosis,
1656 4702 1791 4755 libro
1820 4706 2051 4759 secundo
2092 4704 2260 4759 Hero-

735 4782 892 4835 dotus
918 4786 1191 4839 meminit:
1224 4789 1331 4840 imo
1360 4798 1411 4840 et
1438 4790 1669 4857 ipsorum
1699 4807 1910 4859 quoque
1936 4792 2261 4859 Judzeorum,

2370 4723 2449 4756 σιν
2484 4708 2774 4775 ἱστόρηται.
2799 4706 2949 4759 Μετά
2976 4708 3033 4758 δὲ
3065 4709 3301 4779 τέσσαρα
3334 4714 3426 4764 καὶ
3446 4714 3902 4784 ὲννενήκσνταὲτη

2366 4792 2433 4864 ἦν
2474 4796 2817 4866 Προμηθεὺς,
2869 4796 2942 4859 ὦς
2984 4814 3152 4865 τινες,
3196 4801 3252 4863 ὃς
3297 4802 3550 4856 πλάσσειν
3592 4804 3904 4875 ἀνθρώπους

724 4886 871 4950 quos
902 4871 953 4923 in
988 4872 1420 4931 circumcisorum
1468 4878 1690 4932 classem
1714 4884 1954 4949 reponit,
2005 4900 2067 4937 ac
2098 4884 2264 4939 Palae-

2374 4887 2653 4954 ἐμυθεύετο
2675 4904 2689 4916 ’
2724 4886 2880 4954 σοφὸς
2908 4888 3013 4957 γὰρ
3046 4887 3142 4951 ὢν,
3187 4893 3266 4954 εἰς
3306 4893 3548 4945 παιδείαν
3580 4871 3777 4958 αὐτοὺς
3801 4897 3902 4949 ἀπὸ

734 4957 889 5010 stium
918 4958 1165 5027 Assyrios
1198 4963 1467 5026 nominat,
1519 4966 1675 5019 ducta
1720 4967 1959 5024 fortassis
1989 4989 2054 5025 ex
2097 4975 2261 5027 Abra-

2374 4980 2459 5047 τῆς
2500 4979 2632 5044 ἄγαν
2676 4978 2932 5039 ἰδιωτείας
2990 4981 3334 5048 μετέπλαττε.
3385 5001 3403 5033 ι
3448 4982 3629 5036 Ταῦτα
3676 4987 3772 5056 μὲν
3814 4984 3901 5042 οὖν

734 5049 894 5105 hamo
924 5052 1203 5121 utriusque
1228 5069 1409 5109 causa.
1444 5058 1647 5123 Quibus
1671 5076 1791 5116 cum
1822 5065 2065 5119 omnibus
2089 5064 2262 5131 Ptole;

2378 5067 2725 5136 Ἀφρικανός·
2744 5066 3076 5137 Μεταϐὦμεν
3101 5069 3143 5123 δ’
3173 5066 3333 5139 ἡμεῖς
3362 5071 3444 5139 ἐφ’
3474 5072 3676 5143 ἕτερον.

733 5154 867 5194 niteo
900 5158 1113 5213 quoque
1160 5145 1450 5209 Mendesio.
1480 5153 1571 5220 qui
1625 5154 1693 5207 ab
1750 5155 1951 5210 ultimis
1988 5174 2155 5227 usque
2188 5163 2517 5230 temporibus
2544 5160 2914 5231 Egyptiorum
2960 5162 3110 5221 ducit
3135 5163 3438 5229 historiam,
3497 5165 3570 5220 ita
3631 5166 3897 5231 convenit,

732 5240 791 5325 ut
822 5233 957 5288 inter
984 5237 1129 5304 ipsos
1169 5240 1313 5294 nulla
1364 5240 1474 5295 fere
1528 5246 1631 5301 nisi
1685 5247 1951 5303 levissima
2000 5261 2299 5321 temporum
2338 5255 2633 5309 differentia
2696 5255 2870 5307 notari
2913 5258 3101 5325 possit.
3133 5256 3394 5312 Caeterum
3423 5300 3439 5325 ,
3492 5260 3580 5315 hic
3611 5262 3898 5317 observan-

732 5324 1069 5427 dumeuam
1123 5344 1224 5427 est,
1252 5334 1508 5427 quidquid
1539 5341 1696 5407 paulo
1728 5342 1902 5396 rarius
1964 5344 2033 5399 ob
2088 5356 2402 5404 vetustatem
2462 5347 2629 5401 Grarci
2680 5324 3001 5415 fabulantur,
3035 5347 3089 5401 id
3138 5362 3297 5404 omne
3325 5324 3470 5406 Mose
3526 5353 3897 5421 posteriusiu-

732 5418 929 5513 veniri,
983 5421 1217 5484 diluvia,
1266 5425 1542 5491 incendia,
1592 5428 1997 5496 Prometheum,
2056 5434 2141 5501 le,
2200 5437 2496 5506 EurOpam,
2558 5442 2576 5459 '
2635 5434 2967 5503 Proserpina
3040 5447 3251 5507 raptum
3281 5478 3297 5503 ,
3359 5418 3657 5513 mysteria0
3726 5440 3894 5505 letum

729 5512 1051 5580 sanctiones,
1108 5516 1299 5573 Bacchi
1353 5531 1535 5591 gesta,
1594 5522 1880 5592 Perseum,
1930 5528 2295 5599 Argonautas,
2345 5534 2671 5594 Centauros,
2725 5530 3119 5597 Minotaurum,
3170 5548 3257 5588 res
3311 5512 3629 5603 Troianos,
3660 5529 3896 5590 Herculis

798 5637 825 5665 ι
866 5626 949 5681 Ia.
989 5629 1147 5693 τούςσν

800 5717 909 5797 (69)
949 5722 1216 5797 Σπαρτοί.
1273 5724 1859 5797 supplendumcredo.
1904 5730 1987 5785 vel
2018 5732 2256 5797 ὀδόντες,

2361 5744 2481 5808 post
2511 5736 2778 5808 Europam
2800 5776 2814 5799 ,
2867 5737 2933 5792 de
2958 5738 3163 5795 Cadmo
3203 5738 3494 5808 Cadmique
3536 5738 3803 5797 militibus
3832 5754 3889 5795 ex

610 5829 625 5839 .
728 5788 811 5841 vel
853 5790 1204 5857 στρατιῶται,
1250 5788 1568 5863 vel-aliquid
1612 5796 1802 5853 simile.
1838 5788 2071 5856 Omnino
2113 5788 2255 5857 enini
2360 5788 2609 5861 draconis
2632 5788 3158 5879 dentibus
