3994 6340
143 337 232 394 8ἳ1

1322 345 1639 401 ΡΗᾹΞΡΑΒ.
1682 347 1928 404 ΕΥΑΝΕ.
1968 347 2093 404 LIB.
2134 347 2199 403 Χ.

3235 346 3339 400 822

144 453 343 506 πείθειν
368 453 829 524 ἐπαγγελλόμενον
872 456 1273 527 συντομωτέρας
1306 459 1571 513 ποιεῖσθαι
1597 461 1673 514 τὰς

1798 475 1917 516 rum
1947 461 2253 516 testimonia
2279 459 2568 530 proferam.
2595 448 2732 524 Quid
2766 459 2908 513 enim
2933 459 3084 528 plura
3109 474 3339 513 commc-

145 544 264 613 περὶ
287 543 393 594 τῶν
420 543 754 612 πραγμάτων
786 545 917 615 πρὸς
939 547 1061 608 τοὺς
1081 548 1367 610 ἀκούοντας
1387 545 1684 620 διηγήσεις.

147 633 432 700 Βηρωσσδς
459 635 596 703 ἀνὴρ
628 634 973 700 Βαϐυλώνιος,
1024 638 1200 708 ἱερεὺς
1225 639 1316 691 τοῦ
1351 641 1475 710 παρ’
1509 641 1689 704 αὐτοῖς

143 723 336 793 Βήλου,
384 723 522 776 κατὰ
572 724 910 796 Ἀλέξανδρον
961 729 1261 796 γενόμενος,
1320 731 1570 801 Ἀντιόχῳ
1610 733 1686 802 τῷ

143 813 282 880 μετὰ
314 815 570 868 Σέλευκον
601 815 710 886 (85)
738 819 899 887 τρίτῳ
914 818 1010 891 τὴν
1023 819 1332 875 Χαλδαίων
1345 823 1612 890 ἱστορίαν
1628 824 1684 875 ὲν

139 905 278 970 τρισὶ
312 905 530 972 βιϐλίοις
561 907 882 973 κατατάξας,
916 909 1008 962 καὶ
1036 911 1105 964 τὰ
1135 911 1261 980 περὶ
1292 912 1396 964 τῶν
1428 911 1685 980 βασιλέων

143 994 499 1064 ἐκτιθέμενος,
546 998 831 1066 ἁφηγεῖταί
875 1016 1016 1062 τινος
1064 1003 1242 1054 αὐτῶν
1282 1003 1448 1072 ὄνομα
1480 1004 1684 1055 Ναϐου-

142 1082 435 1156 χοδονόσορ,
483 1087 576 1139 τοῦ
628 1089 1113 1160 συστρατεύσαντος
1163 1093 1262 1144 ἐπὶ·
1297 1095 1540 1155 Φοίνικας
1590 1095 1683 1146 καὶ

153 1174 449 1239 Ἰουδαίους,
476 1179 629 1230 ἅτινα
653 1179 738 1231 διὰ
765 1179 869 1232 τῶν
897 1180 1015 1232 καθ’
1040 1183 1182 1250 ἡμᾶς
1213 1182 1496 1252 προφητῶν
1531 1184 1683 1252 ἴσμεν

146 1270 543 1336 κεκηρυγμένα,
602 1270 856 1337 γεγονότα
898 1271 992 1340 μὲν
1026 1273 1155 1324 πολὺ
1187 1274 1281 1343 τῆς
1304 1276 1539 1338 Μωσέως
1573 1277 1684 1345 ἠλι-

143 1353 257 1415 κίας
291 1355 608 1426 κατώτερον,
639 1361 742 1429 πρὸ
772 1363 828 1414 δὲ
866 1363 971 1432 τῆς
1001 1362 1221 1433 Περσῶν
1252 1364 1541 1432 ἡγεμονίας
1571 1365 1682 1416 ἕτε-

145 1459 220 1494 σιν
253 1445 632 1517 ἐϐδομήκοντα.
669 1450 958 1520 Βηρωσσός
987 1451 1039 1504 δέ
1072 1453 1216 1504 ἐστιν
1249 1453 1384 1521 ἀνὴρ
1420 1453 1679 1504 ἱκανώτα-

142 1552 258 1596 τος·
300 1539 390 1589 καὶ
427 1540 610 1612 τούτού
661 1545 949 1612 τεκμήριον
990 1545 1178 1607 Ἰόϐας,
1226 1544 1282 1606 ὃς
1317 1545 1439 1615 περὶ⁵
1495 1545 1681 1596 Ἀσσυ-

146 1627 265 1694 ρίων
311 1627 550 1696 γράφων,
601 1633 747 1702 παρὰ
791 1634 1077 1703 Βηρωσσού
1126 1652 1254 1705 φησι
1311 1634 1679 1705 μεμαθηκέναι

143 1716 232 1785 τὴν
277 1718 527 1788 ἱστορίαν.
579 1721 697 1773 Eiet
752 1723 795 1774 δ’
825 1724 968 1792 αὐτῷ
1010 1723 1177 1792 βίϐλοι
1224 1727 1348 1796 περὶ
1387 1727 1680 1796 Ἀσσυρίων

1798 566 2155 613 morem,cum
2175 549 2415 619 eum,qui
2437 549 2590 602 tidem
2607 564 2663 603 se
2684 548 2948 603 facturum
2965 565 3083 603 esse
3100 550 3318 617 recipiat

1788 642 1972 710 paucis
1998 643 2218 695 omnino
2250 655 2360 696 rem
2397 640 2734 694 auditoribus
2759 641 3032 694 declarare
3064 639 3333 708 oporteat?

1786 730 1946 801 493
1981 731 2210 785 Berosus
2241 746 2370 801 ergo
2410 731 2492 784 vir
2540 729 2884 799 Babylonius,
2933 730 3174 797 idemque
3204 727 3335 795 Beli,

1786 824 1928 890 quod
1954 822 2188 890 ipsorum
2223 837 2416 874 numen
2451 830 2581 884 erat,
2617 820 2865 875 sacerdos
2888 861 2902 885 ,
2933 821 3021 889 qtti
3051 821 3332 874 Alexandri

1785 913 2115 979 temporibus
2159 912 2390 975 vivebat,
2445 912 2493 962 in
2524 925 2607 972 ea,
2641 924 2800 977 quam
2853 911 3022 964 tribus
3052 910 3197 963 libris
3224 910 3333 961 An-

1786 1001 1964 1055 tiocho
2009 1012 2131 1070 post
2181 1001 2461 1055 Seleucum
2499 999 2673 1065 tertio,
2728 1000 2941 1068 scripsit
2973 1001 3332 1053 Clialdteorum

1787 1090 2046 1154 Historia,
2095 1092 2182 1144 ubi
2239 1107 2419 1160 regum
2467 1092 2703 1159 ipsorum
2749 1097 2892 1158 gesta
2926 1096 3329 1151 commemorat,

1783 1179 2328 1234 Nabuchodonosoris
2361 1180 2640 1248 cujusdam
2669 1179 2926 1242 meminit,
2955 1179 3047 1247 qui
3078 1181 3330 1232 adversus

1783 1269 2062 1323 thnicas
2096 1277 2148 1323 ct
2173 1268 2384 1325 Iudaeos
2411 1272 2796 1341 expeditionem
2830 1272 3141 1338 susceperit,
3167 1285 3328 1338 quam

1783 1378 1810 1415 a
1848 1362 2119 1431 pr0phetis
2165 1378 2380 1431 quoque
2422 1365 2619 1416 nostris
2663 1362 2979 1416 celebratam
3014 1377 3132 1415 esse
3174 1362 3327 1414 novi-

1783 1467 1933 1516 mus,
1966 1451 2354 1520 qumque‘cum
2405 1451 2558 1521 longe
2609 1460 2727 1519 post
2778 1451 2972 1506 Mosem
3029 1452 3325 1520 contigerit,

1783 1553 1894 1595 tum
1955 1559 2082 1596 vero
2130 1542 2413 1596 Persarum
2474 1543 2754 1610 imperium
2802 1542 2959 1595 annis
2997 1544 3326 1612 septuaginta

1780 1635 2125 1700 praecesserit.
2183 1631 2342 1701 Atqui
2387 1631 2617 1686 Berosus
2664 1630 2750 1683 ille
2804 1631 3017 1698 quidem
3048 1632 3194 1684 onmi
3227 1631 3329 1684 ﬁde

1779 1724 2128 1792 dignissimus
2153 1733 2254 1787 est,
2298 1724 2376 1777 uti
2407 1725 2487 1776 vel
2519 1738 2582 1777 ex
2618 1721 2764 1775 Joba:
2793 1722 3100 1774 testimonio
3136 1720 3327 1773 intelli-

142 1804 245 1856 δύο.
292 1807 442 1860 Μετὰ
492 1807 547 1860 δὲ
597 1811 721 1873 τοὺς
769 1813 1062 1876 Χαλδαίους
1106 1815 1174 1866 τὰ
1216 1815 1471 1868 Φοινίκων
1512 1814 1673 1876 οὔτως

1781 1829 1902 1882 gere
1938 1829 2247 1882 possumus,
2301 1815 2393 1882 qui
2442 1813 2508 1867 de
2541 1813 2772 1882 Assyriis
2817 1812 3076 1873 scribens,
3114 1812 3324 1865 illorum

145 1895 268 1964 ἔχει.
321 1898 572 1964 Γεγόνασι
613 1905 740 1972 παρ’
774 1905 951 1966 αὐτοῖς
982 1905 1168 1974 ἄνδρες
1210 1909 1377 1974 τρεῖς,
1412 1906 1677 1968 Θεόδοτος,

152 1987 492 2059 Ὑψικράτης,
525 1991 738 2060 Μῶχος.
773 1993 986 2046 Τούτων
1017 1993 1113 2055 τὰς
1142 1994 1351 2062 βίϐλους
1391 1997 1467 2057 είς
1500 1994 1680 2064 Ἐλλη-

144 2076 252 2130 νὶδα
299 2081 548 2147 κατέταξε
591 2083 769 2153 φωνὴν
807 2085 1021 2146 Ἀσιτος
1045 2085 1175 2155 (84),
1206 2088 1233 2138 6
1264 2087 1354 2138 καὶ
1386 2087 1509 2147 τοὺς
1539 2085 1680 2154 βίους

143 2165 242 2216 τῶν
277 2167 570 2237 φιλοσόφων
604 2171 689 2222 ἐπ’
723 2172 943 2242 ἀκριϐὲς
977 2174 1545 2244 πραγματευσάμενος.
1594 2176 1678 2228 Ἐν

142 2252 199 2323 δὴ
236 2261 350 2320 ταῖς
390 2258 493 2310 τῶν
523 2263 927 2331 προειρημένων
963 2265 1218 2334 ἱστορίαις
1261 2264 1510 2333 δηλοῦται
1539 2265 1680 2317 κατά

142 2355 252 2394 τινα
277 2344 377 2396 τῶν
405 2345 661 2414 βασιλέων
688 2347 955 2419 Εὐρώπης
986 2352 1204 2421 ἁρπαγὴ
1235 2351 1526 2419 γεγονέναι,
1567 2355 1678 2406 Ms-

143 2429 318 2483 νελάου
349 2450 403 2484 τε
433 2435 511 2496 εἰς
543 2434 638 2504 τὴν
670 2437 916 2508 Φοινίκην
963 2441 1160 2508 ἄφιξις,
1199 2443 1289 2493 καὶ
1326 2441 1392 2493 τὰ
1425 2444 1549 2512 περὶ
1585 2444 1673 2495 Εἴ-

147 2534 326 2586 ραμον,
373 2524 534 2586 ὅστις,
577 2525 846 2594 Σολομῶνι
891 2529 966 2598 τῷ
1003 2532 1263 2598 Ἰομδαίων
1307 2532 1512 2602 βασιλεῖ
1543 2533 1676 2604 πρὸς

144 2609 306 2677 γάμον
334 2612 450 2677 δοὺς
478 2615 573 2683 τὴν
609 2617 796 2668 ἑαυτοῦ
839 2618 1126 2692 θυγατέρα,
1163 2626 1253 2675 καὶ
1282 2624 1448 2690 ξύλων
1483 2641 1675 2679 παντο-

145 2694 313 2749 δαπῶν
342 2699 464 2770 ὕλην
497 2704 575 2765 είς
606 2703 702 2774 τὴν
731 2706 821 2757 τοῦ
854 2708 954 2759 νεὼ
985 2714 1322 2782 κατασκευὴν
1351 2715 1672 2786 ἐδωρήσατο.

148 2786 246 2878 Καὶ
266 2789 556 2862 Μένανδρος
580 2795 636 2846 δὲ
667 2797 694 2848 ὁ
720 2797 1072 2868 Περγαμηνὸς
1097 2803 1221 2872 περ).
1245 2804 1350 2856 τῶν
1375 2807 1548 2858 αύτῶι
1577 2807 1674 2878 τὴν

147 2876 442 2967 ἀναγραφὴν
491 2887 796 2956 ἐποιήσατο.
865 2889 968 2940 Τοῦ
1017 2891 1072 2943 δὲ
1117 2893 1354 2962 Εἱράμου
1413 2898 1440 2948 6
1487 2876 1674 2967 χρόνος

147 2966 235 3037 ἤδη
279 2987 373 3023 που
414 2979 523 3038 τοῖς
557 2976 800 3041 Ἰλιακοῖς
850 2980 1079 3047 ἐγγίζει·
1117 2985 1360 3053 Σολομὼν
1395 2986 1449 3037 δὲ
1557 2992 1672 3043 κατ’

154 3057 373 3129 Εἶραμον
397 3067 526 3119 πολὺ
548 3068 850 3139 κατώτερός
879 3071 991 3122 ἐστι
1022 3073 1120 3140 τῆς
1145 3075 1382 3137 Μωσέως
1439 3076 1669 3145 ἡλικίας.

1781 1915 1898 1953 sese
1930 1901 2303 1955 historiamcx
2337 1900 2535 1954 Beroso
2579 1900 2827 1954 didicisse
2855 1899 3146 1968 proﬁtetur;
3182 1899 3325 1952 Duos

1780 1999 1955 2044 autem
1986 1992 2071 2045 ille
2096 1993 2160 2046 de
2187 1992 2419 2060 Assyriis
2452 1992 2770 2058 conscripsit
2802 1993 2986 2044 libros.
3046 1989 3323 2044 Phoenices

1778 2097 1906 2135 vero
1931 2082 2072 2150 quod
2098 2082 2315 2144 attinet,
2348 2090 2455 2136 tres
2483 2080 2621 2148 apud
2645 2096 2737 2134 eos
2761 2082 2856 2132 viri
2884 2080 3128 2140 ﬂoruere,
3149 2079 3322 2132 Theo-

1779 2171 2316 2247 dotus,Hypsierates
2353 2180 2406 2224 et
2437 2171 2923 2240 Mochus,quorutn
2953 2171 3116 2224 libros
3146 2168 3324 2223 Graaee

1778 2263 1935 2316 vertit
1965 2262 2166 2325 Asitus,
2219 2264 2262 2317 is
2305 2262 2395 2331 qui
2426 2262 2867 2329 philosophorum
2902 2263 3064 2315 vitam
3115 2276 3323 2316 summa

1776 2353 2050 2421 diligentia
2078 2354 2360 2421 studioque
2389 2353 2725 2420 conscripsit.
2760 2354 2860 2417 Qui
2894 2354 3108 2421 quidem
3136 2366 3323 2407 omnes

1777 2430 1979 2496 suis'in
2022 2443 2400 2505 historiis,sub
2429 2458 2536 2495 uno
2569 2444 2747 2510 aliquo
2779 2459 2919 2510 rege,
2947 2443 3104 2496 simul
3134 2451 3186 2496 et
3219 2442 3318 2494 Eu-

1777 2547 1920 2600 rope
1971 2543 2182 2600 raptum
2236 2543 2289 2586 et
2323 2534 2545 2588 Menelai
2592 2532 2968 2602 profectionem
3015 2534 3066 2586 iu
3099 2533 3321 2587 Phreui-

1776 2620 1937 2686 ciam,
1987 2631 2038 2675 et
2067 2620 2224 2675 Irami
2253 2622 2427 2676 fmdus
2455 2638 2516 2677 ac
2547 2624 2855 2678 societatem
2899 2624 3185 2693 contigisse
3217 2633 3322 2677 tra-

1775 2713 1927 2772 dunt,
1975 2727 2097 2765 cum
2149 2713 2195 2765 is
2246 2711 2520 2765 Salomoni
2561 2713 2865 2768 Judzeorum
2918 2715 3025 2783 regi
3066 2715 3171 2768 lilia
3211 2715 3318 2784 jam

1776 2801 2120 2854 matrimonio
2147 2801 2450 2868 conjuncta,
2470 2806 2575 2854 vim
2612 2804 2826 2870 insuper
2855 2804 3029 2856 omnis
3059 2805 3317 2872 lignorum

1774 2891 1984 2958 generis
2015 2893 2302 2943 maximam
2332 2893 2394 2943 ad
2427 2892 2678 2959 templum
2717 2892 3083 2944 mdilicandum
3133 2903 3320 2958 sponte

1774 2983 1992 3036 donavit
2030 3003 2041 3036 :
2077 3000 2304 3052 quarum
2361 2985 2517 3036 etiam
2557 2998 2734 3035 rerum
2766 2981 3050 3036 Menander
3079 2983 3161 3035 ille
3192 2982 3317 3035 Per-

1774 3086 2032 3136 gamenus
2062 3072 2176 3124 suis
2202 3072 2517 3124 memoriam
2558 3071 2769 3137 sei-iptis
2796 3072 3147 3139 consignavit.
3204 3071 3317 3124 Jam

149 3148 432 3215 Αἰγυπτίων
476 3156 520 3207 δ’
565 3158 699 3210 εἰσὶν
775 3159 1016 3229 ἀκριϐεῖς
1090 3162 1289 3230 χρόνων
1344 3163 1665 3235 ἀναγραφαι.

1775 3158 1929 3212 Irami
1977 3169 2211 3228 tempora
2261 3177 2365 3212 non
2418 3161 2572 3227 longe
2603 3175 2630 3212 a
2660 3159 2907 3227 Trojanis
2943 3160 3156 3220 absunt,
3199 3177 3317 3213 cum

151 3237 246 3289 Καὶ
275 3242 373 3291 τῶν
419 3246 534 3296 κατ’
562 3247 755 3309 αὐτοὺς
787 3250 1123 3318 γραμμάτιον
1173 3252 1436 3320 ἑρμηνεὺς
1480 3256 1670 3307 Πτολε-

154 3331 311 3394 μαῖος,
346 3335 436 3403 οὐχ
478 3337 505 3386 6
545 3336 791 3404 βασιλεὺς
815 3380 827 3402 ,
877 3342 1051 3410 ἱερεὺς
1077 3340 1131 3392 δὲ
1161 3341 1452 3413 Μένδητος.
1482 3337 1667 3408 Οὗτος,

152 3418 235 3482 τὰς
254 3421 352 3472 τῶν
382 3423 638 3491 βασιλέων
674 3427 895 3495 πράξεις
938 3429 1293 3498 ἐκτιθέμενος,
1321 3433 1456 3485 κατὰ
1484 3433 1667 3502 ’Ἀμω-

154 3527 224 3562 σιν
251 3513 507 3580 Αίγύπτου
544 3514 762 3584 βασιλέα
791 3520 1065 3586 γεγονέναι
1110 3522 1374 3584 Ἰουδαίοις
1401 3524 1530 3593 (moi.
1575 3522 1669 3592 τὴν

155 3599 202 3664 ἒξ
225 3605 479 3671 Αἰγύπτου
529 3606 747 3677 πορείαν
797 3611 873 3670 εἰς
923 3611 1062 3680 ἆπερ
1109 3611 1294 3681 ἤθελον
1343 3616 1512 3683 χωρία
1540 3614 1666 3683 (85),

154 3693 367 3758 Μωσέως
427 3698 749 3767 ἡγουμένου·
832 3698 975 3766 λέγει
1039 3701 1094 3752 δὲ
1156 3702 1323 3766 οὕτως
1347 3705 1476 3774 (86)·
1533 3708 1590 3758 ὐ
1616 3707 1670 3760 δὲ

157 3782 370 3852 Ἀμωσις
428 3789 638 3854 ἐγένετο
703 3788 841 3841 κατὰ
889 3791 976 3841 τὸν
1035 3792 1242 3860 Ἴναχον
1287 3796 1376 3847 τὸν
1420 3797 1665 3865 βασιλέα.

154 3870 280 3928 Μετὰ
309 3879 362 3930 δὲ
400 3879 603 3943 τοῦτον,
642 3882 839 3933 Ἀπίων
875 3884 902 3933 6
928 3884 1324 3951 γραμματικὸς,
1360 3888 1494 3957 ἀνὴρ
1527 3889 1669 3941 δοκι-

158 3963 386 4032 μώτατος,
431 3970 487 4022 ὲν
535 3973 599 4040 τῇ
646 3972 874 4044 τετάρτῃ
907 3972 1010 4023 τῶν
1034 3976 1458 4042 Αἰγυπτιακῶν,
1490 3981 1667 4047 (πέντε

152 4052 199 4104 δέ
233 4058 353 4111 εἰσιν
393 4060 537 4130 αύτῷ
583 4065 817 4133 γραφαὶ)
866 4063 1026 4115 πολλὰ
1075 4065 1170 4133 μὲν
1206 4066 1297 4116 καὶ
1342 4067 1494 4130 ἄλλα,
1539 4073 1669 4139 φησὶ

157 4143 189 4163 ⁸Ί
223 4148 242 4160 ’³
719 4154 730 4169 ς
1068 4155 1088 4173 ν

152 4161 176 4195 ο
219 4165 286 4200 οτι
333 4153 635 4221 κατέσκαψε
680 4171 778 4223 την
823 4153 1022 4222 Αὗαριν
1091 4156 1337 4223 Αμωσις,
1392 4157 1529 4208 κατὰ
1578 4158 1668 4208 τὸν

165 4235 376 4306 Ἀργεῖον
429 4245 714 4312 γενόμενος
759 4245 987 4312 Ἴναχον,
1036 4243 1109 4304 ὼς
1163 4245 1218 4295 ὲν
1275 4248 1386 4307 τοῖς
1420 4248 1666 4312 Χρόνοις

156 4327 423 4401 ἀνέγραψεν
453 4336 480 4386 6
504 4335 797 4403 Μενδήσιος
830 4336 1172 4404 Πτολεμαῖος.
1214 4338 1270 4388 '0
1308 4336 1364 4389 δὲ
1396 4337 1501 4389 ἀπὸ
1533 4339 1665 4391 Ἰνά-

156 4437 233 4487 λον
258 4423 434 4493 χρόνος
478 4423 604 4495 ἄχρι
640 4426 738 4496 τῆς
782 4427 933 4479 Ἰλίου
958 4427 1202 4488 ἁλώσεως
1236 4427 1536 4498 ἀποπληροῖ
1571 4447 1662 4497 γε-

158 4511 260 4575 vta;
287 4513 467 4566 εἴκοσι.
509 4515 619 4567 Καὶ
647 4515 715 4569 τὰ
746 4517 843 4590 τῆς
864 4516 1181 4582 άποδείξεως
1211 4517 1394 4584 τοῦτον
1436 4518 1548 4589 ἔχει
1576 4521 1666 4575 τὸν

157 4601 340 4667 τρόπον.
402 4601 689 4670 Γεγόνασιν
736 4603 992 4674 Ἀργείων
1050 4600 1283 4675 βασιλεῖς
1344 4607 1466 4660 οἶδε’
1526 4611 1668 4664 Ἵνα·

158 4705 247 4755 xor,
280 4692 561 4762 Φορωνεύς,
606 4692 789 4754 Ἀπις,
838 4694 1094 4762 Ἀργεῖος,
1139 4695 1391 4765 Κρίασος,
1440 4699 1665 4769 Φόρϐας,

159 4774 392 4844 Τριόπας,
426 4778 743 4850 Κροτωπὺς,
784 4771 1095 4845 Σθενέλαος,
1143 4784 1368 4846 Δαναὸς,
1401 4785 1668 4851 Λυγκεὺς,

161 4863 331 4933 Ἄϐας,
377 4872 631 4941 Προῖτος,
675 4868 974 4938 Ἀκρίσιος,
1022 4872 1292 4942 Περσεὺς,
1342 4875 1666 4944 Εὐρυσθεὺς,

169 4954 375 5028 Ἀτρεὺς,
413 4962 676 5034 Θυέστης,
713 4961 1085 5030 Ἀγαμέμνων,
1123 4957 1184 5016 οὗ
1230 4965 1368 5018 κατὰ
1399 4966 1459 5019 τὸ
1501 4968 1670 5022 ὀκτω-

213 5092 312 5214 (85ὶὲΙ
341 5095 846 5180 ΜετάΣέιιευκον.
896 5092 970 5146 Ita
1001 5107 1188 5148 omnes
1227 5111 1240 5147 :
1279 5097 1537 5153 Tatianus
1589 5110 1669 5155 ta-

213 5175 256 5214 ιη
316 5164 435 5214 abet
459 5181 641 5214 αυτον.
674 5163 818 5214 auod
845 5163 910 5214 ad
944 5162 1304 5214 Alexandrum
1350 5168 1536 5214 referri
1574 5171 1668 5214 dp-

161 5174 256 5233 tuen
282 5162 435 5233 habet
459 5165 641 5233 αὐτόν,
674 5163 818 5233 quod
845 5163 910 5216 ad
944 5162 1304 5233 Alexandrum
1350 5168 1537 5222 referri
1574 5171 1668 5225 de-

161 5227 244 5282 bet.
277 5231 570 5287 Antiochus
596 5227 718 5301 post
747 5230 1108 5301 Alexandrum
1143 5235 1349 5295 tertius,
1376 5238 1514 5291 idem
1546 5254 1668 5294 esse

162 5299 788 5370 nonrpotest,quigtertius
821 5311 943 5370 post
970 5299 1272 5355 Seleucum.
1302 5303 1435 5359 Nam
1471 5308 1665 5363 tertius

160 5367 212 5420 ab
243 5367 532 5440 Alexandro
565 5368 664 5422 fuit
682 5411 704 5440 ,ί
731 5367 1027 5426 Antiochus
1052 5371 1286 5425 nominis
1307 5374 1544 5440 primus,
1572 5393 1667 5429 eo-

161 5449 413 5500 enomento
459 5435 638 5500 Soter,
685 5439 894 5494 Seleuci
944 5441 1124 5494 lilius:
1165 5449 1218 5494 at
1267 5435 1455 5498 tertius
1505 5435 1540 5498 av
1573 5444 1668 5499 Se-

163 5503 303 5580 leuco,
327 5508 630 5580 Antiochus
688 5509 923 5564 nominis
964 5509 1266 5576 secundus,
1310 5525 1664 5580 cognomento

165 5571 296 5641 Deus,
321 5577 517 5631 Soteris
549 5574 708 5629 ﬁlius.

218 5645 315 5716 (84)
352 5649 596 5718 ᾍσιτος.
641 5644 898 5718 Tatianus
930 5664 1137 5718 excus.,
1163 5648 1372 5713 Χαῖτος.
1407 5647 1662 5706 Neutrum

168 5724 328 5768 nomen
352 5716 471 5779 alibi
503 5716 728 5786 reperio.

1772 3259 1947 3303 tamen
1981 3251 2230 3305 Salomon
2271 3250 2508 3320 ejusdem
2537 3251 2777 3319 ecqualis,
2799 3253 2964 3304 multo
2992 3250 3148 3303 fuerit
3177 3250 3320 3304 Mose

1769 3343 2048 3411 posterior.
2080 3342 2450 3412 [Egyptioru‘m
2483 3345 2712 3413 denique
2740 3344 3127 3405 commentarii,
3163 3359 3319 3396 accu-

1770 3442 1883 3486 rate
1917 3434 1969 3486 in
2003 3418 2188 3501 primis
2215 3448 2276 3486 ac
2303 3434 2584 3501 diligenter
2613 3435 2872 3488 elaborati
2897 3443 3040 3504 sunt.
3076 3432 3314 3496 Quorum

1769 3540 1798 3577 e
1833 3541 2058 3578 numero
2080 3567 2093 3588 ,
2125 3525 2419 3577 litterarum
2457 3539 2675 3576 suarum
2712 3524 2971 3590 interpres
3002 3520 3318 3574 Ptolemaeus

1769 3615 1904 3677 fuit,
1954 3632 2055 3669 non
2100 3632 2188 3669 rex
2237 3617 2321 3669 ille
2366 3616 2612 3685 quidem,
2664 3614 2754 3666 sed
2807 3613 3057 3666 sacerdos
3099 3610 3307 3665 Mende-

1770 3718 1877 3762 tus.
1915 3709 1964 3762 Is
1991 3710 2042 3761 in
2078 3725 2250 3778 regum
2287 3707 2651 3777 .Egiyrptiorum
2690 3705 2926 3760 Historia
2951 3746 2965 3768 ,
3008 3704 3106 3757 sub
3133 3705 3314 3757 Amosi

1769 3814 1911 3867 rege,
1967 3800 2208 3867 duceque
2258 3797 2421 3858 Mose.
2478 3798 2692 3852 Judccos
2737 3811 3055 3865 quocunque
3110 3796 3311 3846 libitum

1771 3890 1981 3955 fuisset,
2012 3906 2074 3944 ex
2112 3890 2341 3959 {Egypto
2370 3888 2637 3957 profectos
2670 3903 2786 3943 esse
2821 3895 3060 3939 testatur.
3092 3885 3312 3936 Amosin

1770 3993 1947 4035 autem
1997 3983 2143 4034 illum
2196 3979 2378 4034 lnachi
2426 3980 2756 4047 temporibus
2804 3989 3050 4046 regnasse
3082 3981 3310 4026 constat.

1768 4071 2109 4124 Ptolemmum
2161 4071 2404 4137 sequitur
2449 4069 2619 4136 Apion
2663 4068 3068 4133 grammaticus,
3127 4063 3314 4118 claris-

1769 4161 1887 4213 simi
1919 4160 1999 4212 vir
2027 4158 2283 4222 nominis,
2305 4159 2395 4226 qui
2432 4158 2564 4210 libro
2590 4155 3022 4224 zEgyptiacarum
3050 4154 3313 4208 Historia-

1769 4267 1881 4302 rum
1915 4260 2128 4319 quarto,
2179 4249 2414 4317 quinque
2463 4248 2600 4302 enim
2632 4261 2697 4300 eo
2725 4255 3038 4317 argumento
3079 4247 3310 4316 scripsit,

1767 4356 1889 4394 cum
1938 4342 2041 4394 alia
2091 4342 2375 4410 pleraque,
2409 4349 2518 4392 tum
2561 4339 2664 4391 hoc
2709 4339 2761 4391 in
2805 4338 2992 4406 primis
3025 4338 3210 4401 docet,
3242 4338 3312 4389 ab

1769 4431 1951 4485 Amosi
1995 4447 2235 4485 everSam
2261 4431 2478 4483 Ararim
2523 4428 2724 4491 fuisse,
2753 4429 3103 4494 cutndemque
3133 4426 3310 4492 Argivi

1773 4520 1948 4575 Inachi
2001 4522 2200 4574 vixisse
2253 4519 2600 4588 temporibus,
2655 4516 2817 4587 494
2866 4517 2942 4569 uti
2994 4513 3310 4567 Ptolemaeus

1771 4608 2072 4662 Mendesius
2125 4610 2238 4662 suis
2300 4608 2355 4661 in
2404 4606 2693 4660 Annalibus
2749 4612 2998 4658 testatum
3078 4604 3306 4672 reliquit.

1770 4697 1922 4762 Quod
1951 4698 1994 4750 si
2025 4699 2092 4750 ab
2120 4697 2315 4751 lnacho
2346 4695 2413 4748 ad
2453 4705 2666 4762 captum
2710 4693 2862 4746 ilium
2889 4701 3187 4761 temporum
3222 4708 3309 4747 sc-

1770 4791 1902 4844 riem
1961 4789 2158 4841 ducere
2206 4787 2461 4850 volueris,
2511 4793 2692 4838 aetates
2745 4783 2930 4853 viginti
2983 4783 3306 4838 numerabis.

1769 4880 1939 4948 Atque
1988 4877 2149 4946 hujus
2193 4876 2622 4929 demonstranda:
2652 4874 2888 4926 veritatis
2919 4884 3159 4943 prompta
3201 4873 3311 4926 haac

1769 4980 1823 5025 et
1870 4969 2128 5038 explicata
2176 4968 2314 5021 ratio
2357 4979 2457 5020 eet.
2511 4968 2669 5035 Argis
2708 4969 2832 5022 olim
2865 4950 3190 5035 regnarunt,
3218 4965 3308 5032 qui

1839 5100 1948 5165 (85)
1987 5102 2088 5164 Εἰς
2120 5099 2267 5165 ἅπερ
2313 5098 2532 5165 ἤθελον
2557 5099 2755 5166 χωρία.
2789 5096 3022 5160 Talian.,
3066 5096 3143 5156 εἰς
3170 5096 3310 5164 ἅπερ

1769 5167 1948 5241 ἦλθον,
1976 5169 2116 5241 quod
2159 5167 2348 5241 magis
2364 5171 2552 5238 probo.

1837 5238 1945 5308 (86)
1985 5233 2149 5305 Λέγει
2181 5233 2485 5308 (regemq.
2507 5241 2613 5291 Aut
2645 5234 2989 5308 expungemla
3016 5233 3126 5308 htec
3149 5233 3309 5308 verba

1769 5302 1892 5363 sunt.
1911 5302 2036 5366 {aut
2061 5302 2262 5360 resecta
2289 5302 2554 5362 Ptolemaei
2581 5302 2752 5359 oratio
2768 5313 2865 5361 est,
2883 5305 3036 5368 cujus
3063 5302 3310 5356 fortassis

1768 5378 1976 5432 initium
2008 5375 2201 5436 fuerit,
2233 5379 2376 5443 quod
2407 5378 2666 5444 sequitur,
2697 5373 2817 5444 6__6s
2841 5374 3103 5444 Ἀμωσις,
3138 5369 3307 5444 Ειιιιίτ

1767 5449 1884 5501 dem
1910 5445 2142 5512 expungi
2171 5439 2352 5497 malim
2376 5460 2388 5494 :
2409 5439 2552 5511 quod
2567 5445 2706 5497 enim
2730 5439 2962 5512 Moy_sem
3001 5441 3102 5493 sub
3123 5440 3308 5512 Amosi

1768 5508 2124 5577 constituens:
2157 5508 2567 5581 mqualerneum
2607 5512 2800 5564 Inacho
2830 5508 3088 5563 Tatianus
3123 5508 3304 5566 faciat.

1765 5585 1966 5638 erroris
2004 5583 2148 5651 illius
2181 5591 2263 5636 est
2294 5585 2493 5651 pridem
2535 5581 2843 5643 inveterati,
2893 5596 3051 5646 quem
3106 5582 3309 5646 primus

1767 5651 1982 5709 sustulit
2013 5650 2294 5707 Eusebius.
