4038 6330
685 438 790 492 825

1329 440 1590 497 EUSEBII
1630 443 2104 498 CASSARIENSIS
2137 444 2286 498 OPP.
2329 442 2506 497 PARS
2543 445 2606 498 ll.
2647 474 2714 484 —
2747 444 3241 509 APOLOGETICA.

3785 445 3888 499 82‘

683 567 1018 626 sequuntur:
1049 558 1299 626 Inachus,
1327 559 1662 626 Phoroneus,
1684 565 2221 634 Apis.Argius,Cria.

2335 565 2648 616 καιδὲκατον
2683 564 2798 626 ἔτος
2828 565 2924 631 τῆς
2955 564 3226 633 βασιλείας
3255 563 3414 616 Ἴλιον
3443 562 3606 616 ἐάλω.
3641 561 3757 613 Καὶ
3791 562 3889 632 χρὴ

682 665 795 712 sus,
827 647 1085 714 Phorbas,
1119 650 1378 719 Triopas,
1413 652 1709 721 Crmopus,
1749 655 2089 718 Sthenelaus,
2123 655 2226 707 Da-

681 753 837 803 naus,
868 736 1132 808 Lynceus,
1175 739 1336 805 Abas,
1385 739 1616 806 Prmtus,
1669 745 1930 808 Acrisius,
1976 743 2227 807 Perseus,

680 825 1033 898 Eurystheus,
1084 829 1298 895 Atreus,
1335 830 1608 899 Thyestes,
1638 835 2027 902 Agamemnon,
2070 835 2229 903 cujus

681 933 823 972 anno
851 920 1059 974 decimo
1080 930 1268 974 octavo
1295 923 1454 990 'l‘roja
1485 934 1636 992 capta
1667 935 1767 978 est.
1798 926 1971 993 Atque
1998 926 2086 979 hic
2112 942 2230 994 pru-

677 1009 824 1062 denti
857 1019 907 1062 et
938 1010 1215 1078 ingenioso
1243 1011 1425 1066 lectori
1450 1014 1731 1082 diligenter
1761 1016 1811 1066 in
1833 1015 2019 1083 primis
2038 1017 2226 1070 obser-

676 1098 909 1151 vandum
937 1101 1074 1164 erit,
1109 1101 1192 1153 vel
1224 1116 1288 1154 ex
1321 1103 1434 1169 ipsa
1469 1104 1774 1156 Grmcorum
1815 1104 2092 1158 hominum
2123 1113 2229 1158 tra-

675 1188 876 1242 ditione
910 1200 1176 1254 constare,
1196 1192 1395 1245 nullam
1420 1200 1532 1247 tum
1561 1197 1699 1263 apud
1732 1196 1852 1250 illos
1876 1199 2225 1266 perscriptam

677 1283 851 1338 adhuc
881 1284 1160 1338 historiam
1192 1285 1381 1341 fuisse.
1417 1285 1548 1340 Nam
1566 1290 1660 1356 qui
1682 1289 1979 1353 litterarum
1998 1289 2226 1343 formam

677 1373 807 1440 ipsis
833 1381 886 1426 et
912 1375 1176 1427 rationem
1221 1376 1439 1430 tradidit
1466 1378 1721 1442 Cadmus,
1756 1395 1860 1434 non
1894 1380 1998 1434 nisi
2043 1383 2227 1434 multis

676 1470 796 1527 post
821 1463 1068 1516 aetatibus
1099 1465 1339 1531 pervenit
1375 1466 1426 1518 in
1467 1466 1748 1522 Bmotiam.
1815 1469 1944 1523 Post
1973 1469 2224 1524 Inachum

673 1565 820 1617 vero,
868 1551 1134 1607 Phoronei
1161 1555 1322 1610 ductu
1356 1566 1517 1625 atque
1571 1561 1845 1627 auspiciis,
1883 1562 2126 1616 homines
2158 1564 2226 1616 ab

675 1641 848 1696 ferino
872 1659 1114 1714 vagoque
1141 1647 1260 1700 vita:
1283 1663 1474 1716 genere
1505 1648 1570 1702 ad
1599 1650 1972 1705 humaniorem
2003 1668 2065 1707 ac
2094 1654 2224 1708 libe-

674 1733 923 1786 raliorem
985 1738 1186 1790 cultum
1244 1739 1331 1792 vix
1387 1740 1602 1793 tandem
1659 1742 1950 1811 aliquando
1997 1746 2222 1800 traducti

674 1830 817 1874 sunt.
882 1822 1060 1888 Quare
1088 1827 1132 1892 si
1163 1825 1362 1880 Mosem
1411 1827 1608 1883 Inacho
1639 1831 1897 1899 aequalem
1934 1829 2102 1887 fuisse
2131 1836 2224 1888 ha-

672 1913 939 1980 bebimus,
984 1917 1122 1969 idem
1155 1916 1385 1986 Trojana
1426 1927 1667 1990 tempora
1695 1924 2098 1997 quadringentis
2128 1942 2225 1980 an-

672 2006 969 2068 tecesserit,
1000 2021 1217 2061 necesse
1244 2019 1347 2062 est.
1390 2009 1445 2064 Id
1477 2027 1602 2065 vero
1631 2013 1916 2069 manifeste
1943 2032 2006 2070 ex
2040 2031 2222 2086 regum

672 2109 778 2147 non
819 2096 1116 2151 Atticorum
1151 2101 1346 2167 modo,
1399 2104 1490 2156 sed
1522 2105 1683 2158 etiam
1735 2104 2222 2174 Macedonicorum,

670 2186 1119 2242 Ptolemaieorum
1164 2199 1217 2244 et
1238 2191 1695 2247 Antiochenorum
1730 2199 2071 2252 successione
2096 2214 2225 2253 eon-

672 2277 872 2332 ﬁcitur.
910 2277 1060 2333 Unde
1081 2279 1208 2333 illud
1229 2281 1390 2334 etiam
1413 2283 1653 2350 colligas,
1679 2285 1723 2338 si
1752 2285 2049 2341 clarissima
2079 2305 2225 2357 quae-

670 2372 777 2435 que
808 2366 1114 2422 Graecorum
1147 2371 1247 2424 sub
1279 2372 1458 2426 lnachi
1506 2381 1714 2443 tempus
1743 2385 1796 2430 et
1826 2378 2040 2446 scriptis
2072 2396 2225 2433 man-

670 2458 808 2521 dari,
835 2469 886 2513 et
912 2461 964 2512 in
993 2462 1270 2516 hominum
1303 2464 1610 2533 cognitione
1658 2469 1862 2521 versari
1902 2485 2134 2538 coepere,
2169 2470 2224 2525 id

671 2549 844 2618 ipsum
880 2551 1077 2620 pariter
1110 2555 1210 2608 sub
1253 2553 1419 2611 Mosis
1457 2565 1669 2610 aetatem
1718 2559 2028 2629 contigisse.
2087 2559 2221 2616 Nam

671 2639 972 2707 Phoroneo,
1013 2644 1106 2711 qui
1155 2654 1278 2713 post
1324 2644 1578 2700 Inachum
1623 2649 1887 2717 regnavit,
1937 2666 2220 2720 supparem

667 2731 1023 2787 Athenienses
1050 2733 1281 2805 Ogygem
1313 2735 1550 2801 faciunt,
1601 2741 1702 2793 sub
1732 2756 1840 2808 quo
1869 2741 2101 2811 primum
2135 2746 2216 2798 di-o

668 2821 872 2876 luvium
898 2823 1122 2891 accidit;
1178 2835 1290 2878 tum
1322 2826 1614 2883 Phorbanti
1644 2830 1903 2896 Actaium,
1933 2848 1963 2886 a
1993 2849 2100 2902 quo
2124 2833 2219 2888 At-

667 2915 772 2968 tica
814 2914 1005 2968 Acta-:2
1036 2932 1229 2971 nomen
1262 2919 1506 2974 habuerit
1553 2940 1566 2975 :
1618 2920 1830 2992 Triopae
1857 2924 2048 2978 deinde
2091 2923 2224 2977 Pro-

670 3005 959 3069 metheum,
992 3006 1383 3076 Epimetheum,
1416 3011 1994 3082 Atlantem,geminum
2025 3015 2223 3068 Cecro—

667 3112 809 3166 pem,
836 3108 887 3151 et
911 3099 981 3153 lo.
1045 3102 1123 3154 Ad
1152 3101 1366 3171 Crotopi
1397 3119 1568 3156 arvum
1611 3113 1664 3157 et
1691 3103 2003 3159 Phaetontis
2033 3106 2221 3159 incen-

667 3190 841 3254 dium,
873 3201 925 3243 et
958 3191 1293 3247 Deucalionis
1322 3195 1580 3247 diluvium
1615 3194 1854 3248 referunt
1881 3215 1892 3248 :
1919 3212 2040 3250 eum
2065 3198 2221 3252 Sthe-
2246 3219 2289 3272 ο

668 3281 845 3346 nelao,
889 3281 1295 3352 Amphictyonis
1323 3299 1565 3352 regnum,
1615 3283 1780 3338 Danai
1811 3286 1863 3338 in
1892 3285 2221 3356 Peloponne-

669 3386 790 3425 sum
825 3371 1135 3436 adventum,
1183 3373 1454 3426 conditam
1491 3389 1520 3427 a
1571 3373 1817 3428 Dardano
1874 3374 2218 3440 Dardaniam,

669 3469 724 3513 et
753 3458 978 3527 Europae
1024 3475 1088 3511 ex
1135 3459 1410 3514 Phoenicia
1456 3461 1883 3530 deportationem
1917 3462 1970 3515 in
2005 3462 2218 3516 Cretam

671 3553 924 3619 temporis
958 3550 1211 3605 societate
1260 3548 1612 3621 coniungunt.
1673 3552 1784 3607 Sub
1814 3553 2056 3623 Lynceo,
2088 3554 2222 3609 Pro-

669 3643 895 3711 serpinm
941 3654 1173 3710 raptum,
1233 3642 1502 3713 Eleusynii
1537 3644 1748 3698 delubri
1789 3644 2218 3709 aedificationem,

670 3733 1056 3799 agriculturam
1108 3735 1453 3804 Triptolemi,
1486 3736 1675 3789 Cadmi
1718 3737 2024 3791 Thebanam
2056 3738 2110 3790 in
2140 3738 2219 3791 ci-

667 3821 890 3872 vitatem
945 3822 1261 3886 adventum,
1307 3832 1362 3877 et
1408 3823 1601 3878 Minois
1663 3839 1885 3892 regnum
1931 3826 2216 3880 collocant.

670 3911 748 3964 Ad
777 3911 1015 3966 Prmtum
1041 3911 1286 3981 Eumolpi
1321 3914 1513 3967 bellum
1537 3915 1794 3968 adversus
1822 3902 2176 3968 Athenienses
2201 3933 2217 3980 ;

668 4002 735 4055 ad
774 4001 1046 4056 Acrisium
1075 4002 1288 4072 Pelopis
1317 4004 1682 4074 traiectionem
1716 4021 1783 4059 ex
1826 4004 2088 4077 Phrygia,
2132 4006 2216 4061 lo-

669 4094 756 4149 nis
778 4094 1016 4148 Athenas
1034 4095 1340 4159 adventum,
1363 4095 1651 4165 Cecropem
1673 4097 1898 4150 alterum
1925 4098 2216 4165 juniorem,

670 4178 958 4250 Perseique
1000 4198 1088 4238 res
1113 4193 1290 4253 gestas
1328 4196 1600 4240 revocant.
1657 4185 1937 4242 Postremo
1965 4198 2218 4258 regnante

670 4271 1070 4341 Agamemnone
1102 4285 1315 4344 captum
1349 4285 1431 4332 est
1458 4277 1632 4332 Ilium.
1663 4278 1823 4350 495
1855 4278 1994 4349 Ergo
2029 4296 2092 4334 ex
2124 4296 2218 4334 su-

669 4361 996 4431 perioribus,
1048 4364 1283 4431 Mosem,
1333 4367 1632 4433 heroibus,‘
1657 4370 1982 4434 civitatibus,
2018 4385 2082 4424 ac
2110 4370 2218 4424 die.

667 4453 920 4507 monibus
946 4455 1075 4522 ipsis
1109 4457 1466 4523 antiquiorem
1492 4457 1677 4521 fuisse,
1708 4459 1992 4513 manifesto
2020 4461 2216 4514 intelli-

2331 655 2417 706 τδν
2443 655 2663 723 νουνεχῆ
2691 655 2921 707 συνιέναι
2946 656 3079 723 μετὰ
3107 655 3282 723 πάσης
3307 652 3609 723 ἀκριϐείας,
3637 653 3722 704 ὅτι
3753 653 3890 704 κατὰ

2330 747 2426 814 τὴν
2463 746 2570 798 τῶν
2602 747 2867 816 Ἐλλήνων
2908 746 3201 813 παράδοσιν
3242 744 3350 797 οὐδ’
3405 744 3644 813 ἱστορίας
3688 760 3780 805 τις
3825 738 3891 810 ἦν

2330 840 2457 908 παρ’
2485 839 2666 900 αὐτοῖς
2711 839 3016 908 ἀναγραφή.
3061 837 3276 906 Κάδμος
3315 836 3440 906 γὰρ,
3487 837 3514 886 6
3548 835 3616 887 τὰ
3649 837 3888 902 στοιχεῖα

2327 931 2437 990 τοῖς
2487 928 2896 999 προειρημένοις
2942 927 3232 997 παραδοὺς,
3275 926 3408 996 μετὰ
3447 925 3645 988 πολλὰς
3694 924 3890 991 γενεὰς

2327 1020 2422 1087 τῆς
2445 1019 2700 1079 Βοιωτίας
2741 1019 2930 1088 ἐπέϐη.
2963 1016 3116 1072 Μετὰ
3143 1018 3200 1071 δέ
3226 1019 3431 1086 Ἴναχον
3465 1018 3567 1068 ὑπὸ
3592 1015 3890 1086 Φορωνέως

2331 1111 2482 1179 μόλις
2518 1111 2610 1163 τοῦ
2657 1110 2947 1180 Θηριώδους
2990 1110 3098 1179 βίου
3153 1111 3246 1162 καὶ
3288 1110 3514 1178 νομάδος
3561 1110 3889 1178 περιγραφὴ

2326 1199 2553 1267 γέγονε,
2608 1200 3084 1270 μετεκοσμήθησάν
3129 1217 3187 1251 τε
3240 1201 3289 1252 οἱ
3335 1200 3627 1269 ἄνθρωποι.
3681 1200 3888 1268 Διόπερ

2327 1290 2376 1340 εί
2409 1291 2545 1341 κατὰ
2606 1292 2811 1360 Ἴναχον
2858 1291 3093 1402 ¹ήιέφηνεν
3141 1292 3170 1342 6
3204 1292 3404 1360 Μωσῆς
3440 1290 3699 1358 γεγονὼς,
3760 1308 3890 1360 πρε-

2329 1379 2584 1450 σϐύτερός
2613 1381 2726 1431 ἐστι
2754 1379 3128 1432 τῶν¹Ἰλιακῶν
3144 1379 3286 1432 ἔτεσι
3302 1381 3684 1450 τετρακοσίοις.
3721 1381 3886 1432 Ἀπο-

2324 1471 2592 1522 δείκνυται
2613 1471 2668 1523 δὲ
2684 1471 2826 1522 τοῦθ’
2847 1471 3014 1533 οὕτως
3034 1471 3151 1538 ἔχον
3172 1471 3276 1523 ἀπό
3297 1488 3355 1523 τε
3373 1472 3468 1540 τῆς
3484 1471 3590 1523 τῶν
3620 1470 3890 1524 Ἀττικῶν

2327 1561 2589 1630 βασιλέων
2629 1561 2892 1630 διαδοχῆς,
2920 1561 3302 1614 Μακεδονικῶν
3355 1579 3415 1613 τε
3453 1563 3545 1613 καὶ
3571 1563 3885 1630 Πτολεμαῖ-

2325 1651 2455 1714 κῶν,
2483 1652 2561 1704 ἔτι
2586 1653 2642 1705 δὲ
2666 1653 2757 1704 καὶ
2790 1652 3150 1719 Ἀντιοχικῶν.
3189 1652 3346 1705 Ὅθεν
3371 1655 3416 1706 εί
3448 1652 3586 1705 κατὰ
3611 1652 3702 1704 τὸν
3743 1654 3887 1704 Ἴναο

2323 1758 2414 1809 χον
2435 1741 2640 1810 (87-88)
2673 1742 2729 1792 αἱ
2773 1741 3181 1809 διαφανέστατοι
3218 1741 3441 1812 πράξεις
3474 1743 3601 1811 παρ’
3629 1741 3888 1812 Ἕλλησιν

2324 1833 2638 1902 ἐγράφησάν
2661 1849 2720 1883 τε
2754 1833 2846 1885 καὶ
2883 1831 3257 1901 γινώσκονται,
3305 1832 3475 1902 δῆλον,
3509 1832 3582 1893 ὡς
3613 1832 3706 1885 καὶ
3746 1833 3885 1902 μετά

2327 1923 2547 1977 Μωσέα.
2600 1922 2754 1974 Κατὰ
2803 1924 2898 1992 μὲν
2939 1924 3046 1994 γὰρ
3085 1923 3334 1994 Φορωνέα
3368 1922 3457 1974 τὸν
3519 1923 3635 1991 μετ’
3664 1923 3887 1990 Ἴναχον

2329 2010 2717 2083 μνημονεύεται
2743 2013 2870 2081 παρ’
2897 2011 3194 2082 Ἀθηναίοις
3212 2012 3463 2079 Ὠγυγος,
3499 2012 3580 2078 ἐφ’
3615 2002 3676 2062 οὗ
3706 2027 3875 2062 κατα-

2326 2101 2560 2172 κλυσμὸς
2575 2105 2603 2155 ὁ
2625 2105 2851 2174 πρῶτος·
2878 2104 3016 2156 κατὰ
3042 2103 3098 2155 δὲ
3117 2102 3390 2173 Φόρϐαντα
3423 2102 3684 2162 ’Λκταῖος,
3701 2101 3802 2168 ἀφ’
3824 2095 3884 2154 οὗ

2339 2189 2564 2240 Ἀκταία
2597 2192 2630 2258 ἡ
2657 2191 2894 2261 Ἀττικήο
2932 2189 3072 2243 κατὰ
3095 2190 3150 2241 δὲ
3185 2190 3420 2258 Τριόπαν
3442 2189 3768 2260 Προμηθεὺς
3791 2191 3883 2243 καὶ

2337 2278 2681 2348 Ἐπιμηθεὺς,
2717 2281 2811 2333 καί
2832 2281 3049 2342 Ἄτλας,
3081 2281 3173 2332 καὶ
3199 2282 3227 2332 6
3252 2280 3442 2348 διφυὴς
3463 2277 3708 2349 Κέκροψ,
3733 2280 3883 2347 καὶὴ

2337 2369 2448 2422 Ἰώ”
2484 2372 2624 2425 κατὰ
2651 2372 2707 2424 δέ
2724 2373 3016 2444 Κροτωπὸν
3037 2375 3068 2443 ἡ
3093 2374 3182 2425 ἐπὶ
3213 2372 3505 2434 Φαέθοντος
3542 2370 3879 2440 ἐκπύρωσις,

2323 2462 2416 2515 καὶ
2444 2464 2475 2532 ἡ
2505 2464 2596 2515 ἐπὶ
2615 2463 2979 2527 Δευκαλίωνος
3005 2462 3275 2533 ἐπομϐρία
3297 2481 3308 2493 ·
3336 2462 3474 2515 κατὰ
3501 2462 3557 2513 δὲ
3583 2459 3882 2512 Σθενέλαον

2321 2551 2355 2620 ἦ
2385 2569 2442 2604 τε
2469 2552 2559 2604 τοῦ
2599 2552 2984 2622 Ἀμφικτύονος
3023 2551 3281 2623 βασιλεία,
3317 2552 3410 2603 καὶ
3439 2553 3472 2619 ή
3509 2551 3587 2611 εἰς
3609 2548 3880 2601 Πελοπόν-

2321 2658 2481 2711 νησον
2522 2643 2728 2695 Δαναοῦ
2776 2643 3042 2713 παρουσία
3067 2682 3080 2705 ,
3132 2643 3223 2695 καὶ
3269 2644 3301 2712 ή
3337 2641 3441 2694 ὑπὸ
3479 2639 3757 2710 Δαρδάνου
3780 2639 3878 2707 τῆς

2321 2731 2610 2800 Δαρδανίας
2659 2731 2868 2794 κτίσις,
2914 2732 2948 2799 ἦ
2981 2748 3039 2782 τε
3089 2731 3152 2782 ἐκ
3189 2730 3438 2800 Φοινίκης
3480 2728 3580 2797 τῆς
3607 2723 3880 2798 Εύρῶπης

2321 2822 2399 2883 είς
2440 2821 2536 2890 τὴν
2566 2822 2787 2891 Κρήτην
2838 2820 3134 2892 ἀνακομιδή
3159 2838 3174 2854 ο
3233 2819 3372 2872 κατὰ
3417 2818 3472 2870 δὲ
3513 2818 3734 2884 Λυγκέα
3782 2817 3882 2884 τῆς

2322 2912 2502 2981 Κόρης
2545 2911 2578 2981 ή
2613 2912 2855 2982 ἁρπαγὴ,
2901 2913 2991 2964 καὶ
3034 2911 3186 2981 ήτοῦ
3220 2912 3276 2962 ἐν
3318 2911 3576 2962 Ἐλευσῖνι
3618 2909 3879 2976 τεμένους

2323 3001 2650 3070 καθίδρυσις,
2677 3005 2769 3054 καὶ
2797 3007 2828 3072 ή
2855 3001 3226 3072 Τριπτολέμου
3270 3001 3508 3071 γεωργία
3526 3039 3540 3061 ,
3580 3002 3674 3052 καὶ
3708 3002 3743 3069 ἡ
3768 3001 3880 3052 Κά-

2319 3093 2452 3165 δμου
2481 3097 2559 3159 είς
2587 3096 2764 3166 Θήϐας
2796 3096 3081 3163 παρουσία,
3105 3094 3313 3155 Μίνωός
3340 3110 3398 3144 τε
3431 3092 3676 3160 βασιλεία
3697 3110 3710 3122 ·
3737 3091 3878 3144 κατὰ

2321 3182 2378 3236 δὲ
2407 3186 2649 3255 Προῖτον,
2697 3189 2724 3238 ὁ
2749 3185 3031 3254 Εὐμόλπου
3082 3185 3216 3254 πρὸς
3251 3183 3560 3252 Ἀθηναίους
3607 3182 3877 3252 πόλεμος·

2323 3277 2461 3330 κατὰ
2506 3279 2562 3330 δέ
2599 3279 2884 3349 Ἀκρίσιον,
2922 3277 3158 3338 Πέλοπος
3203 3275 3310 3326 ἀπὸ
3339 3274 3574 3345 Φρυγίας
3608 3273 3876 3335 διάϐασις,

2322 3371 2414 3423 καὶ
2455 3372 2634 3431 Ἴωνος
2679 3371 2753 3431 είς,
2800 3369 2897 3431 τὰς
2948 3368 3174 3436 Ἀθήνας
3197 3366 3395 3434 ἄφιξις,
3424 3366 3517 3417 καὶ
3562 3367 3589 3417 6
3629 3365 3880 3435 δεύτερος

2321 3459 2559 3530 Κέκροψ,
2588 3460 2646 3512 αῖ
2668 3476 2725 3510 τε
2753 3457 3000 3528 Περσέως
3043 3455 3263 3526 πράξεις
3281 3473 3294 3487 °
3333 3457 3559 3526 κατὰ-δὲ
3589 3455 3690 3526 τὴν
3723 3457 3880 3523 ’Δγα-

2324 3553 2581 3622 μέμνονος
2646 3548 2916 3618 βασιλείαν
2973 3547 3131 3602 Ἴλιον
3177 3548 3333 3601 ἑάλω.
3383 3547 3587 3600 Οὐκοῦν
3639 3546 3880 3614 πέφηνεν

2321 3644 2348 3694 6
2375 3639 2578 3708 Μωσῆς
2623 3639 2728 3690 ἀπό
2789 3654 2852 3705 γε
2898 3637 3004 3689 τῶν
3051 3637 3456 3708 προειρημένων
3506 3634 3877 3706 πρεσϐύτατος

2321 3730 2532 3801 ἡρώων,
2568 3729 2792 3791 πόλεων,
2819 3727 3101 3798 δαιμόνων.
3136 3730 3243 3781 Καὶ
3269 3727 3371 3799 χρὴ
3410 3726 3486 3795 τῷ
3518 3725 3878 3796 πρεσϐεύοντι

2320 3820 2462 3874 κατὰ
2501 3819 2838 3890 τὴνὴλικίαν
2873 3819 3145 3872 πιστεύειν
3195 3809 3390 3889 μᾶλλον
3433 3816 3575 3885 ἥπερ
3615 3817 3732 3877 τοῖς
3771 3815 3876 3867 ἀπὸ

2322 3911 2504 3980 πηγῆς
2548 3911 2904 3980 ἀρυσαμένοις
2952 3909 3234 3979 Ἕλλησιν,
3283 3908 3345 3960 οὐ
3388 3908 3504 3957 κατ’
3559 3905 3874 3972 ἐπίγνωσιν,

2320 4001 2567 4054 τάκείνου
2608 4001 2864 4072 δόγματα.
2917 4001 3107 4055 Πολλοὶ
3155 3998 3262 4070 γὰρ
3301 3999 3350 4049 οἱ
3385 3997 3505 4050 κατ’
3548 3997 3746 4059 αὐτοὺς
3793 4013 3874 4050 σο-

2320 4097 2503 4163 φισταὶ
2524 4097 2847 4166 κεχρημένοι
2881 4093 3188 4167 πριεργίᾳ.
3220 4093 3270 4145 οἶ
3297 4093 3395 4145 ὅσα
3421 4091 3572 4162 παρὰ
3596 4091 3709 4144 τῶν
3736 4092 3879 4147 κατὰ

2321 4187 2523 4247 Μωσέα
2565 4189 2658 4241 καί
2685 4189 2790 4240 τῶν
2847 4188 3044 4251 ὁμοίως
3071 4183 3220 4254 αὐτῷ
3249 4182 3677 4252 φιλοσοφούντων
3710 4184 3872 4250 ἔγνω-

2321 4297 2438 4342 σαν,
2490 4279 2923 4350 παραχαράττειν
2962 4275 3357 4345 ἐπειράθησαν·
3401 4273 3612 4343 πρῶτον
3649 4275 3747 4344 μὲν
3790 4274 3871 4325 ἵνα

2317 4390 2368 4424 τι
2407 4372 2582 4439 λέγειν
2606 4374 2736 4425 ἴδιον
2776 4370 3098 4442 νομισθῶσι,
3140 4367 3384 4436 δεύτερον
3422 4366 3466 4418 δ’
3492 4369 3638 4429 ὅπως
3677 4367 3746 4420 τὰ
3777 4369 3871 4418 ὅσα

2324 4462 2397 4532 μὴ
2430 4462 2698 4526 συνίεσαν,
2731 4461 2818 4514 διά
2849 4476 2992 4520 τινος
3035 4456 3363 4510 ἐπιπλάστου
3405 4456 3724 4527 ρητολογίας
3769 4471 3870 4506 πα-

667 4543 829 4614 gitur.
852 4543 1059 4597 .Verius
1086 4557 1263 4599 autem
1293 4545 1532 4614 profecto
1557 4557 1657 4613 est,
1681 4549 1885 4601 homini
1919 4557 2072 4602 :etate
2096 4549 2216 4617 plu-

2327 4555 2778 4624 ρακαλύπτοντες,
2829 4553 2905 4614 ὡς
2957 4550 3277 4620 μυθολογίαν
3319 4549 3428 4620 (89)
3475 4550 3573 4620 τὴν
3621 4548 3871 4618 ἀλήθειαν

667 4637 864 4688 rimum
890 4646 1200 4703 antegresso
1225 4635 1381 4690 ﬁdem
1415 4637 1632 4703 habere,
1668 4652 1830 4706 quam
1857 4636 2076 4701 Graecis,
2124 4638 2216 4706 qui

665 4726 786 4794 ejus
816 4727 1067 4796 dogmata
1096 4737 1152 4780 ut
1182 4743 1245 4781 ex
1278 4729 1505 4796 ipsomet
1533 4727 1677 4784 fonte
1701 4730 2006 4794 hauserint,
2038 4730 2218 4784 minus

666 4826 848 4872 tamen
890 4834 1031 4874 verae
1075 4821 1313 4875 scientia:
1354 4821 1572 4874 ductum
1615 4820 1783 4875 secuti
1814 4828 1956 4875 sunt.
2025 4819 2220 4888 Sophi-

667 4919 783 4961 sms
825 4907 968 4960 enim
997 4909 1291 4976 permultos
1321 4911 1577 4974 habuere,
1627 4910 1720 4978 qui
1773 4911 2072 4964 curiositati
2107 4923 2216 4962 sua:

667 4998 944 5061 obsecuti,
990 5014 1323 5068 quaecunque
1373 5002 1455 5054 vel
1503 5017 1533 5053 a
1581 5000 1765 5066 Mose,
1813 5002 1893 5055 vel
1925 5003 1992 5055 ab
2023 5000 2216 5055 similis

667 5089 1021 5159 philosophia:
1073 5089 1470 5158 professoribus
1517 5102 1852 5162 acceperant,
1913 5093 2217 5146 adulterare

668 5181 850 5236 omnia
885 5179 1063 5234 conati
1091 5187 1218 5234 sunt
1249 5197 1262 5232 :
1288 5179 1519 5247 primum
1549 5191 1608 5234 ut
1633 5181 1900 5250 singulare
1927 5178 2129 5248 aliquid
2152 5192 2216 5231 ac

667 5273 944 5342 proprium
969 5271 1147 5326 dicere
1193 5271 1521 5331 viderentur,
1566 5271 1756 5324 deinde
1787 5279 1847 5323 ut
1889 5286 2008 5339 qua:
2035 5269 2216 5323 minus

667 5372 1104 5432 assequerentur,
1139 5376 1204 5415 ea
1231 5359 1608 5414 commentitiae
1654 5361 1903 5416 dictionis
1929 5362 2106 5431 specie
2133 5362 2215 5414 in-

669 5452 948 5519 volvendo,
995 5453 1297 5508 fabularum
1330 5452 1498 5507 instar
1523 5454 1797 5509 veritatem
1830 5456 2000 5524 ipsam
2033 5456 2214 5511 tradu-

735 5610 952 5681 (87-88)
997 5613 1154 5685 κατὰ
1199 5613 1305 5665 τὸν
1358 5606 1614 5685 Ἴναχον-ζ
1657 5611 1899 5685 T_atiau.,
1946 5617 2086 5685 μετά
2127 5614 2215 5667 τὸν

668 5683 881 5749 Ἴναχον
901 5683 1278 5755 ,_rectius,_ut
1306 5683 1556 5755 existimo
1575 5723 1588 5745 ,
1616 5683 1743 5755 quia
1781 5683 2022 5755 sequitur
2054 5685 2216 5755 paulo

666 5762 820 5821 post,
849 5750 948 5821 καὶ
987 5750 1122 5821 μετὰ
1161 5751 1380 5821 Μωσέα.
1439 5751 1713 5813 Tametsi,
1755 5750 1878 5808 cuni
1909 5750 2216 5810 Graecorum

670 5818 954 5875 historiam
984 5819 1051 5872 ab
1077 5818 1275 5877 Inacho
1297 5820 1406 5878 fere
1433 5821 1557 5878 duci
1588 5822 1882 5891 continuet,
1910 5823 2210 5892 utrobique,

2324 4645 2836 4716 παραϐραϐεύσωσι.
2878 4643 3013 4712 Περὶ
3047 4642 3143 4710 μὲν
3173 4638 3265 4694 οὖν
3305 4641 3405 4711 τῆς
3443 4642 3565 4696 καθ’
3597 4641 3743 4710 ἡμᾶς
3776 4653 3866 4691 πο-

2324 4718 2834 4808 λιτείαςίὶστορίας
2880 4751 2940 4786 τε
2990 4735 3088 4803 τῆς
3125 4734 3262 4788 κατὰ
3293 4735 3416 4797 τοὺς
3445 4731 3744 4801 ἡμετέρους
3792 4729 3873 4780 νό-

2327 4846 2475 4898 μους,
2502 4831 2600 4881 ὃσα
2624 4844 2685 4879 τε
2714 4827 2992 4896 εἰρήκασιν
3023 4827 3072 4879 οἱ
3110 4826 3260 4898 παρὰ
3287 4827 3398 4888 τοίς
3430 4824 3654 4891 Ἕλλησι
3687 4821 3867 4890 λόγιοι,

2323 4921 2414 4970 καὶ
2467 4919 2657 4980 πόσοι,
2701 4917 2792 4969 καὶ
2818 4916 2959 4978 τίνες
3014 4916 3146 4969 εἰσιν
3187 4917 3237 4968 οἱ
3283 4912 3770 4985 μνημονεύσαντες,
3814 4913 3872 4964 ἐν.

2322 5007 2398 5074 τῷ
2434 5008 2569 5077 πρὸς
2596 5007 2720 5068 τοὺς
2755 5006 3196 5077 ἀποφηναμένους
3230 5004 3300 5057 τὰ
3331 5003 3457 5070 περὶ
3482 5000 3617 5052 Θεοῦ
3662 5001 3869 5071 δειχθή-

2324 5113 2502 5148 σεται·
2535 5096 2595 5148 τὸ
2620 5097 2676 5148 δὲ
2706 5095 2798 5149 νῦν
2824 5096 2963 5166 έχον,
2998 5094 3288 5149 σπευστέον
3321 5089 3459 5162 μετὰ
3494 5092 3678 5162 πάσης
3720 5093 3870 5162 ἀκριο

2323 5185 2470 5248 ϐείας
2497 5185 2828 5253 σαφηνίζειν,
2852 5187 2926 5250 ὡς
2946 5187 3044 5256 οὐχ
3070 5184 3304 5254 Ὀμήρου
3329 5180 3483 5251 μόνον
3509 5181 3868 5252 πρεσϐύτερός

2324 5277 2469 5327 ἐστιν
2504 5277 2532 5326 ὸ
2554 5277 2780 5347 Μωσῆς,
2809 5276 2897 5336 ἔτι
2926 5276 2984 5332 δὲ
3010 5273 3102 5334 καὶ
3155 5270 3262 5325 τῶν
3288 5269 3392 5340 πρὸ
3424 5271 3593 5330 αὑτοῦ
3636 5286 3864 5340 συγγρα-

2329 5367 2491 5434 φέων,
2546 5368 2726 5429 Λίνου,
2773 5369 3148 5438 Φιλάμμωνος,
3197 5360 3516 5432 θαμύρδδοςν
3567 5360 3862 5431 ’Ᾱμφίονοςν

2334 5457 2606 5530 Ὀρφέως,
2640 5460 2945 5524 Μουσαίου,
2975 5455 3300 5526 Δημοδόκου,
3327 5455 3556 5527 Φημίοο,
3594 5451 3863 5517 Σιϐύλλης,

2323 5617 2484 5683 κατά,
2505 5633 2612 5674 non
2635 5611 2974 5671 incommode
2999 5609 3100 5680 legi
3118 5610 3306 5680 possit.
3323 5608 3501 5679 Atque
3527 5606 3675 5663 hanc
3702 5603 3863 5658 lectio-

2321 5701 2442 5740 nem
2475 5687 2643 5742 secuti
2677 5698 2884 5740 sumus.

2392 5755 2501 5812 ’89l
2665 5751 3052 5826 μυθολογίαν.
3087 5749 3322 5815 Tatian.,
3351 5749 3473 5811 ταῖς
3509 5741 3860 5816 μυθολογίαις.
