3994 6340
82 446 176 504 813

1226 452 1536 508 PHEPAR.
1578 449 1825 506 EVANG.
1867 448 1991 504 LIB.
2034 452 2098 503 X.

3159 453 3263 507 8‘26

83 566 399 634 Ἐπιμενίδου
429 567 523 620 τοῦ
541 569 773 639 Κρητὸς,
804 572 1050 656 ὅστιςξίς
1086 572 1180 642 τὴν
1227 573 1479 642 Σπάρτην
1513 574 1614 640 ἀφ-

1715 579 1915 624 cerent.
1979 567 2176 622 Verum
2206 569 2270 622 de
2301 568 2606 637 reipublicze
2639 577 2834 622 nostra:
2862 567 3029 622 forma
3049 612 3063 636 ,
3094 570 3266 639 deque

84 657 240 719 ίκετο,
292 660 597 727 Ἀρισταίου
647 661 740 713 τοῦ
793 663 1182 733 Προκοννησίου
1209 703 1223 725 ,
1279 665 1372 715 καὶ
1417 663 1510 716 τοῦ
1545 663 1611 716 τά

92 743 447 811 Ἀριμάσπεια
487 748 921 816 συγγράψαντος,
967 749 1212 802 Ἀσϐόλου
1249 769 1306 802 τε
1334 751 1425 804 τοῦ
1468 754 1603 805 Κεν-

77 833 280 904 ταύρου,
317 837 408 887 καὶ
455 837 721 902 Ἰσάτιδος,
755 838 1040 908 Δρύμωνός
1071 857 1126 891 τε
1167 843 1254 893 καὶ
1281 842 1482 894 Εὗκλου
1511 844 1603 894 τοῦ

80 925 327 994 Κυπρίου,
362 927 455 978 καὶ
486 929 645 1000 Ὤρου
697 929 789 981 τοῦ
835 932 1071 1000 Σαμίου,
1106 934 1196 985 καὶ
1228 935 1608 1005 Προταινίδουι

77 1016 158 1068 τοῦ
197 1018 492 1087 Ἀθηναίου.
532 1022 686 1082 Δῖνος
720 1021 816 1089 μὲν
857 1022 965 1093 γὰρ
1005 1024 1333 1093 Ἡρακλέους
1377 1028 1491 1078 ἐστὶ
1531 1027 1610 1078 δι-

77 1107 352 1171 δάσκαλοςο
401 1113 429 1162 6
469 1111 524 1163 δὲ
563 1112 832 1183 Ἡρακλῆς
868 1116 966 1184 μιᾷ
990 1114 1096 1166 τῶν
1132 1114 1388 1185 Τρωῖκῶν
1417 1135 1612 1188 προγε-

79 1199 310 1272 νέστερος
369 1202 574 1272 πέφηνε
627 1207 806 1275 γενεᾷ.
879 1206 1047 1259 Τοῦτο
1103 1208 1179 1267 δέ,
1218 1210 1331 1260 ἐστι
1384 1211 1612 1280 φανερὸν

80 1292 172 1344 ἀπὸ
198 1294 286 1344 τοῦ
318 1295 504 1357 παιδὸς
532 1296 694 1348 αὑτοῦ
726 1297 1092 1368 Τληπολέμου,
1129 1301 1220 1353 τοῦ
1255 1302 1608 1372 στρατεύσαν-

78 1399 157 1446 τος
197 1385 286 1436 ἐπὶ
323 1386 504 1439 Ἴλιον.
549 1389 778 1458 Ὀρφεὺς
813 1390 867 1441 δὲ
918 1392 1054 1444 κατὰ
1087 1393 1178 1444 τὸν
1225 1395 1387 1446 αὐτὸν
1427 1395 1611 1464 χρόνον

90 1475 328 1543 Ἡρακλεῖ
361 1479 580 1544 γέγονεν
600 1496 612 1508 ·
654 1479 825 1544 ἄλλως
859 1499 915 1534 τε
952 1483 1044 1534 καὶ
1067 1483 1135 1535 τὰ
1167 1485 1243 1546 εἰς
1267 1486 1394 1537 αὐτὸ
1431 1487 1611 1538 ἐπεισ-

80 1567 331 1636 φερόμενά
387 1585 548 1636 φασιν
596 1569 698 1622 ὑπὸ
756 1561 1138 1643 Ὀνομακρίτου
1188 1575 1281 1626 τοῦ
1328 1575 1609 1645 Ἀθηναίου

81 1659 435 1728 συντετάχθαι,
481 1661 767 1730 γενομένου
820 1663 958 1715 κατὰ
987 1663 1083 1734 τὴν
1116 1662 1218 1716 τῶν
1245 1665 1612 1735 Πεισιστρατι-

80 1752 170 1803 δῶν
201 1752 373 1823 ἀρχὴν
411 1754 538 1823 περὶ
565 1753 662 1825 τὴν
704 1754 1069 1825 πεντηκοστὴν
1115 1755 1461 1824 Ὀλυμπιάδα.
1505 1756 1608 1809 Τοῦ

80 1842 116 1893 δ’
130 1843 358 1913 Ὀρφέως
387 1844 658 1906 Μουσαῖος
687 1843 946 1922 μαθητής.
975 1847 1217 1916 Ἀμφίων
1244 1847 1300 1898 δὲ
1331 1847 1449 1899 δυσὶ
1481 1865 1609 1917 προ-

79 1904 456 2002 άγων-γενεαῖς
494 1935 599 1988 τῶν
956 1904 1054 1989 τοῦ
1089 1904 1304 1990 πλείονα
1337 1938 1442 2010 (90)
1477 1904 1611 2010 πρὸς
1643 1904 1683 1957 Β

79 2028 189 2089 τοὺς
205 2027 515 2096 φιλομαθεῖς
538 2028 843 2081 συντάττειν
865 2029 1008 2098 ἡμᾶς
1027 2029 1295 2099 ἀπείργει.
1314 2031 1613 2100 Δημόδοκός

80 2136 127 2171 τε
154 2120 239 2171 καὶ
264 2119 468 2187 Φήμιος
501 2118 620 2172 κατ’
651 2119 810 2170 αὐτὸν
856 2120 945 2172 τὸν
973 2120 1213 2189 Τρωϊκὸν
1261 2121 1490 2190 πόλεμον
1523 2138 1605 2190 γε⁴

79 2210 246 2276 γόνασι
270 2226 284 2239 ·
320 2209 582 2280 διέτριϐον
614 2209 720 2279 γάρ
764 2211 792 2261 6
823 2211 917 2280 μὲν
961 2210 1069 2281 (91)
1114 2211 1281 2281 παρά¹
1308 2214 1418 2274 τοῖς
1480 2229 1616 2283 μνη-

79 2301 289 2373 στῆρσι,
321 2304 350 2357 6
378 2301 559 2373 6%.(93)
591 2302 733 2373 παρά
766 2305 874 2364 τοῖς
923 2303 1131 2368 Φαίαξι.
1171 2302 1280 2355 Καὶ
1323 2304 1350 2354 6
1373 2302 1616 2372 Θάμυρις

80 2394 160 2446 καὶ
198 2394 225 2445 6
256 2393 550 2465 Φιλάμμων
582 2394 643 2445 οὐ
680 2392 812 2446 πολὺ
844 2393 1044 2446 τούτων
1078 2394 1211 2444 εἰσιν
1254 2391 1608 2462 ἀρχαιότεροι.

80 2483 198 2553 Περὶ
234 2485 332 2553 μὲν
371 2480 464 2535 οὖν
488 2484 586 2552 τῆς
614 2482 732 2535 καθ’
759 2482 984 2536 ἕκαστον
1015 2481 1166 2548 λόγον
1213 2479 1611 2551 πραγματείας,

79 2571 268 2641 χρόνων
293 2588 350 2622 τε
377 2572 696 2641 ἀναγραφῆς
725 2571 923 2628 αὐτῶν.
948 2572 1022 2633 ὡς
1050 2566 1217 2640 οἶμαι,
1246 2569 1446 2637 σφόδρα
1479 2568 1615 2637 μετὰ

82 2663 243 2732 πάσης
271 2662 397 2731 ὑμῖν
426 2661 704 2732 ἀκριϐείας
755 2660 1159 2731 ἀνεγράψαμεν.
1200 2660 1316 2711 Ἵνα
1342 2658 1397 2710 δὲ
1427 2659 1521 2709 καὶ
1554 2657 1614 2710 τὸ

84 2752 228 2824 μέχρι
275 2753 369 2806 νῦν
424 2753 598 2806 ἐνδέον
650 2751 1130 2823 ἀποπληρὼσωμεν
1153 2791 1168 2815 ,
1218 2751 1295 2803 ἔτι
1345 2749 1435 2802 καὶ
1488 2748 1614 2819 περὶ

82 2844 176 2897 τῶν
213 2842 581 2913 νομιζομένων
624 2843 801 2912 σοφῶν
846 2844 1156 2913 ποιήσωμεν
1195 2842 1293 2912 τὴν
1325 2840 1609 2906 ἀπόδειξιν.

82 2934 247 2997 Μίνως
285 2935 381 3004 μὲν
421 2934 529 3005 γὰρ
560 2937 587 2988 6
612 2936 789 3005 πάσης
830 2934 1082 3006 προῦχειν
1111 2933 1379 3004 νομισθεὶς
1405 2933 1612 3001 σοφίας,

82 3022 337 3091 ἀγχινοίας
380 3042 440 3078 τε
497 3026 590 3078 καὶ
634 3023 983 3094 νομοθεσίας,
1051 3023 1141 3075 ἐπὶ
1217 3024 1471 3092 Λυγκέως
1520 3023 1615 3077 τοῦ

87 3114 206 3183 μετά
227 3116 423 3169 Δαναὸν
458 3115 866 3186 βασιλεύσαντος
897 3113 1136 3183 γέγονεν,
1175 3115 1431 3186 ἑνδεκάτῃ
1457 3117 1616 3186 γενεᾷ

1712 664 1887 731 legum
1921 671 2226 716 nostrarum
2263 663 2486 716 historia
2514 702 2528 725 ,
2578 663 2717 732 quod
2747 661 3054 716 Graecorum
3086 665 3266 718 erudi-

1711 754 1909 809 tissimi
1942 755 2142 823 quique
2193 754 2528 822 seripserint,
2563 761 2694 822 quot
2721 755 2878 822 quive
2908 754 3050 808 illius
3075 755 3266 808 memi-

1712 846 1912 908 nerint,
1944 846 2203 898 adversus
2229 860 2342 907 eos,
2394 844 2484 911 qui
2511 845 2576 897 de
2612 845 2772 897 rebus
2805 845 2997 898 divinis
3027 845 3266 914 disputa-

1710 943 1858 996 runt,
1891 935 1941 988 in
1975 936 2208 988 medium
2234 935 2537 989 atreremns.
2579 934 2730 989 Nunc
2764 950 2890 988 vero
2921 936 3180 1005 agendum
3210 937 3262 990 id

1711 1029 1865 1082 nobis
1912 1036 2013 1093 est,
2067 1038 2145 1093 ut,
2200 1043 2361 1097 quam
2415 1026 2822 1096 diligentissime
2873 1025 2986 1080 ﬁeri
3047 1027 3259 1096 poterit,

1711 1121 2077 1182 ostendamus,
2115 1135 2220 1173 non
2250 1118 2483 1173 Homero
2510 1119 2680 1173 solum
2710 1119 3066 1212 antiquioriem
3098 1117 3262 1172 fuisse

1710 1213 1911 1268 Mosem
1934 1254 1948 1274 ,
1975 1228 2159 1266 verum
2185 1213 2344 1265 etiam
2368 1212 2749 1266 vetustioribus
2785 1211 3011 1263 llonicro
3037 1211 3263 1277 scripto-

1712 1305 1859 1358 ribus
1879 1343 1893 1367 ,
1925 1303 2087 1366 Lino,
2115 1301 2487 1356 Philammone
2506 1345 2518 1366 ,
2553 1301 2876 1372 Thaniyride
2897 1342 2909 1363 ,
2942 1301 3262 1368 Amphione,

1711 1395 1952 1467 Orpheo,
1987 1397 2182 1450 Musaeo
2202 1437 2216 1461 ,
2247 1395 2568 1457 Demodoco,
2600 1393 2844 1458 Phemio,
2876 1394 3094 1462 Sibylla.
3134 1391 3262 1461 Epi-

1711 1491 1922 1544 menide
1971 1490 2249 1552 Cretensi,
2293 1490 2385 1557 qui
2431 1487 2676 1555 Spartam
2730 1487 3008 1556 migravit,
3041 1486 3266 1540 Aristao

1710 1578 2108 1643 Proconnesio,
2165 1577 2583 1648 Arimaspiorum
2613 1587 2857 1638 auctore,
2898 1576 3097 1629 Asbolo
3124 1575 3264 1630 Cen-

1709 1677 1886 1733 tauro,
1915 1666 2127 1733 lsatide,
2156 1667 2441 1738 Drymone,
2476 1665 2642 1719 Euclo
2667 1665 2886 1736 Cyprio,
2915 1664 3024 1719 Oro
3059 1663 3262 1727 Samio,

1709 1770 1762 1814 et
1791 1759 2091 1813 Protaanide
2119 1759 2455 1812 Atheniensi.
2511 1757 2677 1811 Linus
2704 1756 2845 1809 enim
2880 1754 3124 1808 Herculis
3153 1770 3268 1808 ma—

1712 1851 1876 1920 gister
1922 1849 2054 1912 fuit,
2090 1847 2347 1902 Hercules
2393 1862 2522 1901 vero
2569 1845 2801 1914 Troiana
2849 1853 3084 1912 tempora
3112 1851 3270 1896 aetate

1713 1938 1975 1992 duntaxat
2020 1953 2126 1990 una
2161 1935 2480 1999 antecessit;
2537 1943 2594 1987 ut
2623 1934 2699 1987 vel
2726 1949 2791 1986 ex
2824 1947 2888 1986 eo
2917 1931 3134 2000 intelligi
3165 1946 3264 2001 po-

1712 2039 1836 2096 test,
1871 2030 2012 2099 quod
2037 2028 2376 2098 Tlepolemus
2397 2025 2642 2081 Herculis
2670 2025 2807 2078 ﬁlius
2832 2023 3140 2079 Grzecorum
3170 2022 3267 2078 ad-

1713 2119 2174 2188 versusTrojanos
2194 2117 2550 2189 expeditionis
2581 2117 2762 2170 socius
2797 2115 2975 2169 fuerit.
3013 2113 3266 2182 Ejusdem

1714 2210 1956 2266 Herculis
1986 2211 2234 2280 Orpheus
2266 2211 2486 2279 aqualis
2509 2209 2611 2264 fuit
2641 2228 2654 2264 :
2689 2208 2896 2263 tametsi
2943 2223 3062 2277 qua
3107 2205 3269 2277 vulgo

1713 2303 1815 2372 ipsi
1853 2303 2178 2368 tribuuntur,
2211 2302 2278 2355 ab
2300 2300 2647 2356 Onomacrito
2676 2299 3007 2361 Atheniensi,
3041 2297 3133 2369 qui
3166 2297 3267 2352 sub

1712 2377 2176 2452 Pisistratidarum
2212 2396 2489 2450 dominatu
2511 2438 2526 2460 ,
2574 2395 2716 2450 circa
2748 2394 3102 2465 Olympiadem
3129 2409 3234 2461 qua

1713 2487 2068 2556 dragesimam
2105 2485 2260 2551 vixit,
2291 2486 2596 2553 conscripta
2638 2484 2830 2537 ferant.
2881 2483 3077 2551 Orphei
3105 2498 3268 2552 porro

1714 2575 2009 2645 discipulus
2040 2574 2269 2629 Musaeus
2317 2572 2436 2627 fuit.
2498 2574 2564 2626 At
2592 2573 2895 2642 Amphion,
2941 2572 3034 2640 qui
3057 2572 3267 2628 duabus

1715 2667 1948 2736 Trojana
1973 2676 2216 2736 tempora
2266 2665 2512 2720 aetatibus
2539 2674 2880 2734 antegressus
2906 2655 3013 2728 est,
3034 2663 3213 2732 plures
3235 2678 3265 2716 a

1714 2757 1872 2810 nobis
1887 2759 1953 2812 ad
1981 2759 2188 2825 priores
2212 2757 2334 2812 illos
2357 2756 2614 2811 doctrina:
2631 2755 2902 2810 studiosos
2925 2753 3140 2825 adiungi
3159 2769 3266 2810 non

1715 2847 1934 2918 patitur.
1973 2846 2092 2901 Jam
2127 2847 2463 2902 Demodocus
2477 2853 2530 2904 et
2548 2845 2908 2922 Phemiussub
2936 2845 3106 2912 ipsum
3133 2843 3268 2900 Tro-

1713 2939 1824 3010 jani
1855 2939 1977 2993 belli
2013 2948 2222 3007 tempus
2247 2940 2522 3001 exstitere,
2549 2953 2671 2992 cum
2705 2942 2838 2990 alter
2883 2937 3020 3004 apud
3048 2934 3262 3001 Procas,

1717 3029 1858 3100 apud
1895 3029 2146 3084 Phaeacas
2185 3030 2320 3084 alter
2347 3040 2670 3083 versaretur.
2726 3025 2844 3092 Quo
2872 3035 3098 3096 utroque
3126 3025 3269 3081 Tha-

1717 3124 1888 3193 myris
1921 3138 1984 3176 ac
2006 3121 2346 3175 Philammon
2369 3120 2512 3173 haud
2543 3119 2709 3172 multo
2735 3118 3069 3187 antiquiores
3095 3115 3262 3171 fuere.

88 3206 207 3275 μετὰ
238 3209 446 3278 Ἴναχον
465 3227 479 3240 ·
511 3209 819 3279 Λυκοῦργος
868 3209 946 3271 δὲ,
990 3208 1122 3261 πολὺ
1153 3207 1289 3278 μετὰ
1332 3207 1430 3278 τὴν
1457 3207 1612 3261 ’ῐλίου

1715 3211 1879 3284 ωε
1906 3212 1983 3266 Ac
2012 3212 2076 3265 de
2102 3211 2439 3279 singulorum
2489 3211 2702 3279 quidem
2729 3213 2783 3263 in
2810 3209 3049 3279 quolibet
3073 3222 3268 3278 genere

85 3297 338 3368 γεννηθεὶς
400 3299 598 3354 ἅλωσιν
624 3342 639 3365 ,
703 3300 807 3371 πρὸ
864 3300 970 3353 τῶν
1022 3298 1391 3369 Ὀλυμπιάδων
1446 3297 1620 3351 ἔτεσιν

87 3390 257 3444 ἑκατὸν
301 3392 574 3462 νομοθετεί
603 3394 1069 3463 Λακεδαιμονίοις·
1108 3393 1329 3463 Δράκων
1383 3391 1438 3443 δὲ
1493 3391 1620 3461 περὶ

87 3481 396 3561 Ὀλυμπιάδα
467 3485 793 3557 τριακοστὴν
857 3485 950 3538 καὶ
1006 3485 1227 3553 ὲννάτην
1309 3483 1618 3554 εὑρίσκεται

89 3570 328 3638 γεγονώς·
373 3571 547 3624 Σόλων
594 3572 650 3625 δὲ
682 3576 809 3644 περὶ
843 3581 957 3644 pg"
1001 3572 1318 3644 Πυθαγόρας
1353 3574 1492 3626 κατὰ
1522 3575 1618 3644 τὴν

90 3661 358 3735 ἑξηκοστὴν
405 3663 679 3735 δευτέραν.
722 3665 832 3727 Τάς
881 3667 937 3719 δὲ
983 3666 1347 3736 Ὀλυμπιάδας
1399 3665 1620 3736 ὕστερον

92 3753 182 3806 τῶν
211 3754 448 3810 Ἰλιακῶν
495 3755 667 3808 ἔτεσιν
701 3755 1054 3825 ἀπεδείξαμεν
1101 3757 1384 3824 γεγονυίας
1429 3774 1618 3827 τετρα-

95 3845 274 3909 κοσίοις
299 3847 452 3901 ἑπτά.
484 3847 591 3898 Καὶ
613 3845 676 3916 δὴ
701 3845 901 3898 τούτων
931 3846 1102 3909 οὕτως
1138 3847 1617 3917 ἀποδεδειγμένων,

93 3935 166 3990 διὰ
203 3938 441 4010 βραχέων
490 3939 570 3992 ἔτι
617 3939 708 3992 καὶ
765 3941 891 4008 περὶ
941 3937 1039 4008 τῆς
1091 3937 1202 4007 τῶν,
1249 3938 1385 3992 ἑπτά
1443 3942 1620 4009 σοφῶν

95 4027 281 4098 ἡλικίας
336 4031 735 4102 ἀναγράψομεν.
783 4031 887 4084 Τοῦ
933 4030 1037 4100 γὰρ
1080 4032 1448 4102 πρεσϐυτάτου
1515 4033 1620 4086 τῶν

96 4124 475 4194 προειρημένων
502 4123 760 4194 Θάλητος,
801 4124 1088 4193 γενομένου
1133 4124 1260 4194 περὶ
1295 4109 1392 4195 τῆν
1421 4143 1618 4195 πεντη-

97 4212 267 4284 ιιοστὴν
291 4215 644 4286 Ὀλυμπιάδα,
699 4216 793 4268 καὶ
842 4215 911 4267 τὰ
954 4213 1080 4283 περὶ
1133 4214 1239 4266 τῶν
1297 4217 1417 4268 κατ’
1457 4217 1617 4268 αὑτὸν

98 4303 256 4370 σχεδὸν
298 4306 422 4375 ἡμῖν
464 4306 737 4376 συντόμως
778 4306 1004 4376 εἴρηται.
1051 4304 1213 4356 Ταῦθ’
1249 4307 1394 4374 ὑμῖν,
1429 4307 1618 4374 ἄνδρες

98 4392 350 4462 Ἕλληνες,
396 4395 429 4447 6
473 4394 612 4448 κατά
662 4394 962 4465 βαρϐάρους
1012 4393 1310 4462 φιλοσοφῶν
1358 4395 1618 4458 Τατιανδς

101 4483 365 4550 συνέταξα,
406 4485 683 4554 γεννηθεὶς
724 4486 821 4556 μὲν
867 4489 924 4539 ὲν
963 4488 1027 4555 τῇ
1066 4484 1171 4538 τῶν
1202 4486 1494 4558 Ἀσσυρίων
1525 4489 1613 4555 γῇ,

1720 3303 1933 3365 studiis,
1959 3302 2129 3370 deque
2159 3302 2271 3369 ipsa
2304 3309 2602 3369 temporum
2631 3300 2838 3353 ratione
2882 3297 3056 3365 vobis,
3085 3299 3138 3353 ni
3165 3296 3266 3352 fal-

1717 3396 1820 3457 lor,
1853 3409 2012 3462 quam
2041 3392 2445 3446 accuratissime
2475 3391 2584 3445 ﬁeri
2617 3391 2821 3460 potuit,
2853 3391 3263 3458 disputavimus.

1719 3485 1822 3540 Sed
1850 3494 2027 3539 tamen
2058 3499 2122 3536 ne
2155 3485 2280 3552 quid
2309 3499 2336 3535 a
2361 3485 2517 3538 nobis
2540 3485 2590 3535 in
2615 3483 2890 3552 praesentia
2913 3482 3264 3544 desideretur,

1717 3591 1887 3646 pauca
1920 3574 1986 3627 de
2015 3588 2198 3626 eorum
2239 3571 2488 3637 insuper,
2547 3570 2637 3636 qui
2686 3569 2952 3635 sapientes
2991 3565 3132 3635 apud
3167 3580 3266 3620 vos

1718 3666 1885 3720 habiti
1913 3672 2057 3728 sunt,
2087 3670 2241 3716 atate
2269 3660 2610 3728 subiungam.
2672 3656 2842 3710 Minos
2868 3657 3056 3725 igitur,
3105 3670 3265 3725 quem

1718 3757 1895 3812 omnis
1927 3771 2047 3811 cum
2077 3754 2371 3822 sapientiae,
2405 3760 2520 3804 tum
2552 3750 2800 3810 solertiae,
2823 3749 3062 3818 adeoque
3088 3747 3266 3818 legum
3343 3783 3347 3787 -

1719 3850 2014 3907 sanctionis
2063 3848 2356 3918 principem
2413 3843 2580 3899 fuisse
2625 3851 2841 3912 putant,
2888 3840 3128 3912 Lynceo,
3173 3839 3266 3910 qui

1720 3942 1870 3997 Dano
1911 3942 2192 4005 successit,
2238 3946 2493 4008 regnante
2522 3935 2778 3997 ﬂorebat,
2827 3943 2978 3989 aetate
3005 3940 3123 4002 post
3147 3929 3268 3986 lna-

1720 4036 1879 4089 chum
1910 4033 2207 4087 undecima.
2245 4029 2522 4099 Lycurgus
2550 4042 2697 4090 vero,
2735 4027 2888 4095 longe
2912 4032 3029 4093 post
3052 4032 3265 4091 captum

1720 4124 1897 4184 Ilium,
1927 4122 2083 4174 annis
2110 4129 2232 4172 ante
2255 4116 2584 4187 olympiades
2604 4116 2744 4168 haud
2775 4114 3002 4182 amplius
3031 4121 3266 4175 centum,

1719 4212 2154 4268 Lacedaemonios
2204 4209 2410 4276 legibus
2465 4207 2714 4260 instituit.
2774 4203 3067 4259 Draconem
3123 4203 3266 4259 circa

1719 4305 2074 4376 Olympiadem
2104 4317 2302 4356 nonam
2343 4314 2505 4367 supra
2541 4298 2864 4367 trigesimam
2897 4294 3066 4351 fuisse
3111 4311 3267 4366 repe-

1718 4401 1846 4463 ries,
1867 4399 2116 4452 Solonem
2141 4411 2269 4448 vero
2295 4394 2436 4448 circa
2460 4401 2665 4446 sextam
2695 4400 2749 4445 et
2778 4389 3266 4460 quadragesimam,

1720 4492 2076 4563 Pythagoram
2106 4489 2337 4559 denique
2369 4488 2512 4542 circa
2535 4484 2920 4554 sexagesimam
2954 4480 3262 4535 secundam.

100 4575 374 4639 παιδευθεὶς
417 4575 475 4627 δὲ
509 4575 722 4646 πρῶτον
757 4578 854 4647 μὲν
890 4576 958 4630 τὰ
989 4578 1243 4648 ὑμέτερα,
1284 4576 1531 4646 δεύτερον
1563 4577 1615 4629 δὲ

1721 4560 2062 4654 Olympiades
2092 4591 2265 4634 autem
2301 4579 2456 4633 annis
2484 4586 2688 4645 septem
2719 4589 2877 4643 supra
2907 4572 3268 4642 quadringen-

102 4671 232 4726 ἀτινα
277 4672 364 4726 νῦν
406 4670 693 4742 κηρύττειν
749 4671 1168 4746 ἐπαγγέλλομαι.
1223 4670 1504 4722 Γινώσκων
1562 4671 1618 4723 δὲ

103 4763 257 4817 λοιπὸν
293 4764 370 4828 τίς
406 4765 436 4816 6
474 4761 624 4824 Θεὸς,
671 4752 763 4814 καὶ
807 4764 890 4825 τίς
938 4764 1120 4833 ἠκατ’
1171 4761 1328 4815 αὐτὸν
1383 4762 1614 4832 ποίησις,

104 4861 288 4925 ιτοιμον
320 4855 503 4910 ἑαυτὸν
532 4853 658 4923 ὑμῖν
697 4852 830 4923 πρὸς
855 4851 951 4922 τὴν
973 4854 1254 4925 ἀνάκρισιν
1285 4852 1390 4905 τῶν
1415 4851 1617 4921 δογμά-

109 4962 189 4998 tm
225 4951 541 5020 παρίστημι,
587 4935 846 5020 μενούᾷης
881 4961 969 5013 μοι
1003 4947 1102 5014 τῆς
1133 4947 1272 4999 κατά
1299 4945 1428 4997 Θεὸν
1474 4944 1621 4997 πολι-

109 5033 227 5098 τείας
244 5037 616 5111 ἀνεξαρνήτου.
654 5057 672 5090 ι
719 5032 963 5089 Τοσαῦτα
983 5035 1077 5087 καὶ
1115 5033 1144 5084 6
1168 5036 1444 5098 Τατιανός.
1473 5036 1618 5090 Μετ-

106 5118 249 5190 ίωμεν
273 5123 330 5176 δι
361 5127 456 5178 καὶ
493 5127 595 5179 snt
618 5125 924 5196 Κλήμεντά.

161 5225 185 5254 ι
218 5231 309 5269 nu.
344 5217 715 5288 Πρσναιτίδου.

163 5307 262 5383 (90)
302 5309 408 5363 Τοῦ
435 5310 706 5383 πλείονα,
732 5319 836 5366 etc.
866 5307 1163 5383 Verborum
1194 5309 1477 5383 perspicua
1504 5324 1622 5383 sen-

109 5377 250 5434 tentia
294 5389 405 5443 est,
454 5381 512 5433 at
552 5381 784 5437 obscura
830 5377 1109 5435 sententiae
1139 5377 1295 5433 ratio.
1323 5377 1449 5432 ’Cnr
1476 5379 1618 5433 enim

109 5449 372 5518 Amphion,
404 5447 547 5519 quod
592 5463 680 5519 res
714 5447 974 5519 Trojanas
1003 5447 1498 5519 duabusaatatibus
1525 5464 1621 5519 an—

109 5515 307 5584 tecedat,
334 5515 472 5587 apud
505 5515 778 5587 studiosos
801 5515 955 5587 plura
985 5518 1089 5573 dici
1128 5516 1444 5587 prohibeat?
1475 5517 1620 5587 Alter

111 5601 352 5643 :nanuscr.
367 5584 532 5642 habet
557 5584 826 5656 πλείονος,
867 5603 935 5642 ex
966 5603 1074 5656 quo
1105 5584 1349 5646 πλείονας
1371 5585 1573 5652 conjeci
1605 5604 1618 5638 :

110 5657 240 5722 quasi
284 5657 459 5720 dicat,
506 5655 857 5723 Amphionem
896 5655 1004 5710 tam
1043 5657 1324 5724 antiquum
1363 5668 1482 5724 esse
1562 5663 1621 5707 ut

114 5725 257 5799 alium
292 5737 544 5799 praeterea
558 5722 843 5799 9101.190?)
869 5725 1140 5799 geminem
1167 5722 1331 5799 quam
1365 5722 1618 5799 Eligitur.

168 5792 266 5865 (91)
292 5791 365 5850 ’Ὁ
394 5795 526 5865 μὲν.
558 5791 812 5850 Phemius
829 5791 1099 5865 Videlicet.
1156 5791 1344 5865 Odyss.
1377 5792 1438 5855 P,
1468 5791 1571 5846 262
1606 5812 1630 5854 ι,

115 5901 126 5915 .
161 5862 184 5918 .’
209 5903 223 5920 .
248 5862 277 5923 ⁷.
317 5907 329 5920 .
382 5862 521 5921 ’Ἀνὰ
549 5865 658 5935 γάρ
691 5862 1129 5934 σφισιβάυῑλεϊ
1155 5862 1402 5926 ἀείδειν,

1718 4685 1801 4730 tos
1830 4683 1950 4744 post
1976 4671 2208 4740 Trojana
2255 4679 2497 4737 tempora
2536 4667 2808 4721 institutas
2838 4663 3003 4717 fuisse
3031 4661 3267 4718 ostendi-

1717 4780 1859 4818 mus.
1921 4761 2013 4814 llis
2043 4771 2190 4814 certo
2215 4758 2541 4819 constitutis,
2579 4763 2779 4823 septem
2811 4767 3026 4821 quoque
3061 4753 3268 4820 sapien-

1717 4867 1830 4911 tum
1873 4861 2078 4908 aetatem
2129 4849 2286 4903 facile
2344 4847 2683 4915 breviterque
2730 4846 3066 4899 deﬁniemus.
3130 4845 3262 4899 Nam

1717 4958 1840 4998 cum
1873 4939 2296 4994 vetustissimum
2342 4952 2528 4991 eorum
2572 4934 2874 5003 Thaletem,
2923 4936 3067 4990 circa
3096 4934 3267 5003 olym-

1717 5035 1926 5108 piadem
1994 5029 2493 5100 quinquagesimam
2554 5027 2754 5083 vixisse
2808 5036 3045 5091 constet,
3104 5025 3265 5079 simul

1716 5129 1878 5181 etiam
1921 5137 2028 5177 uno
2076 5121 2232 5191 quasi
2278 5118 2597 5187 compendio
2622 5122 2975 5180 cancrorum,
3009 5128 3145 5183 quos
3177 5113 3266 5169 ille

1719 5299 1928 5368 Φήμιος
1941 5338 1950 5347 .

1719 5372 1779 5424 Et
1795 5363 2005 5436 deyss.
2036 5365 2104 5436 Χ,
2128 5363 2243 5436 7530
2273 5380 2286 5436 ξ

1722 5427 2044 5514 Τερπιῖἱδης
2074 5433 2140 5488 δέ
2171 5432 2217 5485 τ’
2253 5433 2453 5499 ἀοιδὸς
2479 5431 2772 5494 άλύσκαζε
2803 5428 2962 5498 κῆρα
2975 5427 3264 5498 μέλαιναν

1811 5523 1954 5569 μιος.

1789 5565 1927 5642 ἰ92)’
1948 5576 2002 5626 '0
2040 5573 2127 5627 δέ.
2161 5572 2514 5636 Demodocus,
2545 5581 2598 5626 et
2631 5572 2743 5639 ipse
2783 5577 2968 5642 cantor
2992 5565 3262 5642 nobilissi-

1719 5637 1860 5702 mus.
1884 5637 1964 5697 'De
1986 5658 2094 5710 quo
2125 5642 2312 5711 Odyss.
2350 5644 2414 5710 Θ,
2447 5637 2756 5712 saepissime.
2787 5669 2855 5680 -—
2895 5638 2948 5690 Ὁ
2985 5637 3272 5706 Θάμυριςκ

1724 5715 1883 5773 llud.
1909 5715 1971 5779 Β,
2003 5713 2106 5768 595
2131 5727 2145 5764 ι

2177 5825 2190 5836 .
2235 5824 2248 5837 .
2292 5826 2305 5839 .
2349 5824 2362 5836 .
2405 5825 2415 5836 .
2458 5782 2635 5834 Ἔνθα
2661 5797 2724 5833 τε
2745 5778 2977 5833 Μοῦσαι

1733 5858 2061 5927 Ἆντόμεκαι
2078 5895 2093 5922 ,
2117 5855 2373 5925 Θάμυριν
2392 5851 2496 5907 τὸν
2521 5850 2738 5920 Θρήϊκα
2763 5849 3004 5904 παῦσαν
3033 5845 3256 5916 ἀοιδῆς..
