4038 6330
693 404 796 460 827
1334 404 1600 460 EUSEBII
1640 403 2117 460 CAESARIENSIS
2155 404 2301 460 OPP.
2341 403 2516 458 PARS
2554 403 2615 456 11.
2653 433 2720 444 -
2756 403 3245 461 APOLOGETICA.
3817 412 3911 466 8‘28

694 535 956 587 suppares
977 522 1185 588 habuit,
1214 531 1426 576 tetatem
1452 524 1775 592 colligimus.
1808 521 1930 575 llaec
1987 520 2142 576 vobis
2203 533 2322 588 ego,
2366 520 2466 572 viri
2495 518 2688 585 Graeci,
2735 517 2995 574 Tatianus
3025 522 3132 587 ille,
3170 523 3260 592 qui
3292 522 3643 577 barbarorum
3672 524 3909 593 philosoc

695 612 832 679 ptri-.e
858 614 1066 676 studeo,
1097 616 1420 684 conscripsi,
1456 617 1510 669 in
1540 617 1760 686 Assyria
1824 625 1984 670 natus
2019 616 2132 682 ipse
2187 611 2440 680 quidem,
2486 611 2577 664 sed
2606 619 2784 664 tamen
2850 613 3084 681 primum
3142 615 3367 679 vestris,
3421 625 3530 668 tum
3571 616 3636 671 iis
3670 617 3906 680 demum,

695 718 925 769 quorum
969 719 1053 756 me
1095 720 1398 773 przeconem
1452 706 1608 758 hodie
1654 704 1940 771 proﬁteor,
1989 702 2254 756 eruditus.
2294 698 2559 753 Caeterum
2620 702 2734 755 veri
2782 702 2891 770 jam
2925 701 3016 755 Dei
3053 704 3354 774 c0gnitione
3381 705 3708 770 illustratus,
3727 722 3908 774 resque

697 796 764 847 ab
791 809 855 848 eo
886 805 1078 849 create
1126 797 1429 864 cuiusmodi
1463 797 1574 850 sint
1623 797 1945 865 intelligens,
1998 794 2064 848 ad
2117 791 2457 848 subeundum
2515 807 2730 861 quoque
2777 793 3086 863 dogmatum
3112 804 3419 850 nostrorum
3471 812 3701 850 examen
3739 811 3908 866 prom-

696 897 841 953 ptum
879 902 964 940 me
990 887 1143 941 vobis
1201 899 1558 956 paratumque
1608 890 1764 953 sisto,
1812 885 1979 941 divini
2023 894 2183 953 huius
2251 882 2484 936 instituti
2542 892 2860 938 sectatorem
2892 885 3039 939 nullo
3091 901 3177 940 me
3198 899 3432 954 unquam
3465 895 3712 958 tempore
3753 903 3904 957 nega-

699 988 871 1031 turus.
915 997 933 1028 ι
994 975 1266 1032 Hactenus

1283 1092 1509 1146 CAPUT
1546 1093 1661 1146 ΧΙΙ.

838 1206 912 1260 De
940 1208 1140 1270 eadem,
1173 1223 1236 1259 ea:
1260 1206 1538 1272 Clemente,
1573 1208 1894 1261 Stromatum
1924 1207 2112 1276 primo.

777 1380 794 1410 ι
830 1359 920 1414 Est
954 1361 1172 1428 quidem
1201 1361 1269 1414 iis
1298 1361 1365 1415 de
1401 1362 1592 1423 rebus,
1641 1362 1846 1428 inquit,
1884 1375 1913 1414 a
1943 1360 2167 1414 Tatiano
2201 1359 2262 1413 in'

701 1469 796 1506 sua
833 1453 1091 1504 Adversus
1123 1449 1328 1504 Gra'cos
1368 1441 1601 1505 oratione
1629 1461 1876 1506 accurate
1902 1453 2254 1520 disputatum,

700 1539 1036 1607 disputatum
1090 1548 1144 1593 et
1191 1556 1220 1592 a
1251 1540 1513 1594 Cassiano
1545 1542 1598 1594 in
1632 1543 1808 1610 primo
1840 1541 2253 1609 Pontiﬁcalium.

703 1628 804 1683 Sed
836 1639 1011 1683 tamen
1043 1629 1219 1697 operis
1244 1633 1478 1699 suscepti
1506 1631 1642 1684 ratio
1673 1631 1936 1699 postulat,
1971 1640 2028 1684 ut
2049 1646 2167 1699 quae
2190 1631 2257 1684 ab

702 1720 823 1773 aliis
852 1721 988 1773 hanc
1022 1719 1072 1771 in
1112 1736 1223 1774 rem
1251 1722 1465 1795 copiose
1513 1723 1654 1775 dicta
1704 1733 1831 1775 sunt
1859 1763 1873 1786 ,
1927 1737 1988 1776 ea
2024 1723 2256 1776 breviter

701 1812 1118 1878 suimnalimquc
1133 1827 1440 1878 percurram
1452 1851 1463 1862 .
1484 1813 1654 1880 Apion
1676 1814 1837 1882 igitur
1851 1813 2257 1882 grammaticus.

699 1901 748 1954 is
774 1917 928 1968 quem
950 1902 1404 1968 Πλειστονίκην,
1436 1901 1560 1972 [hoc
1575 1912 1655 1955 est
1675 1903 2257 1976 sa’pissimevictorom,]

701 1989 1024 2053 nominant,
1085 1977 1525 2059 ngyptiacarum
1598 1992 1957 2046 Historiarum
2023 2005 2254 2064 quarto,

699 2077 860 2148 497
897 2080 1036 2144 licet,
1069 2091 1128 2134 ut
1157 2080 1439 2152 Egyptius
1473 2093 1608 2147 erat,
1633 2093 1738 2136 tam
1766 2083 1974 2138 infenso
2002 2101 2124 2153 erga
2156 2084 2258 2139 He-

700 2168 874 2224 braeos
909 2172 1086 2222 animo
1121 2171 1302 2232 fuerit,
1355 2182 1412 2225 nt
1441 2173 1604 2225 etiam
1637 2176 1920 2227 adversum
1948 2173 2161 2230 Iudaeos
2193 2176 2259 2228 li-

703 2259 858 2310 brum
893 2261 1140 2322 ediderit,
1168 2262 1383 2314 Amosis
1418 2261 1789 2332 Egyptiorum
1817 2265 2087 2331 quondam
2118 2265 2259 2334 regis

1324 977 1604 1030 Tatianus.
1662 975 1782 1030 Jam
1819 976 1884 1029 ad
1925 974 2253 1029 Clementem
2293 981 2648 1026 transeamus.

2871 1095 3260 1147 ΚΕΦΑΛΑΙΟΝ
3295 1094 3394 1147 IB’.

2373 1185 2504 1238 Ἀπὸ
2548 1185 2652 1238 τοῦ
2696 1185 2922 1253 πρώτου
2967 1187 3081 1238 τῶν
3121 1186 3459 1254 Κλήμεντος
3501 1187 3906 1254 Στρωματέωγ,

2879 1257 3006 1326 περὶ
3046 1256 3149 1308 τοῦ
3181 1257 3382 1309 αὑτοῦ.

2437 1360 2462 1392 ι
2496 1343 2720 1412 Εἴρηται
2779 1346 2875 1412 μὲν
2910 1341 3014 1397 ὀὖν
3072 1345 3182 1412 (95)
3225 1346 3350 1415 περὶ
3409 1344 3608 1396 τούτων
3670 1345 3909 1415 ἁκριόὦς

2362 1432 2608 1502 Τατιανῴ
2647 1436 2704 1486 ἐν
2740 1429 2822 1500 τῷ
2838 1433 3134 1502 πρὸςτσὺς
3149 1435 3467 1502 Ἕλληνας,
3489 1436 3702 1505 εἴρηται
3738 1437 3796 1488 δὲ
3831 1439 3910 1488 καὶ

2363 1523 2647 1592 Κασσιανῷ
2684 1525 2739 1575 ὲν
2766 1525 2843 1593 τῷ
2878 1523 3077 1595 πρώτῳ
3099 1523 3206 1576 τῶν
3235 1525 3643 1594 Ἐξηγητικῶν.
3669 1528 3913 1580 Ἀπαιτεῖ

2360 1613 2402 1664 δ’
2432 1614 2578 1683 ὅμως
2614 1615 2674 1666 τὸ
2711 1614 3007 1684 ὑπόμνημα
3044 1615 3136 1667 καὶ
3165 1616 3309 1685 ἡμᾶς
3335 1617 3653 1688 ἐπιδραμεῖν
3681 1618 3751 1669 τὰ
3783 1620 3911 1670 κατὰ

2363 1703 2450 1754 τὸν
2483 1703 2642 1756 τόπον
2682 1702 2964 1773 εἰρημένα.
2995 1705 3198 1756 Ἀπίων
3225 1703 3400 1756 τοίνυν
3439 1707 3467 1756 6
3505 1711 3908 1776 γραμματικὸς.

2356 1795 2385 1846 6
2427 1793 2807 1864 Πλειστονίκης
2865 1792 3203 1864 ἐπικληθεὶς,
3268 1795 3325 1845 ὲν
3375 1797 3438 1863 τῇ
3485 1794 3527 1846 δ’
3578 1795 3689 1848 τῶν
3741 1799 3911 1863 Atro-

2359 1883 2620 1936 πτιακῶν
2673 1883 2964 1951 ἱστοριῶν,
3029 1886 3201 1937 καίτοι
3255 1885 3743 1955 φιλαπεχθημόνως
3786 1887 3912 1955 πρὸς

2371 1973 2648 2044 Ἐϐραίους
2687 1973 3038 2042 διακείμενος,
3081 1975 3174 2026 ἆτε
3207 1974 3498 2041 Αἰγύπτιος
3537 1976 3596 2026 τὸ
3622 1976 3802 2042 γένος,
3845 1978 3913 2036 ὼς

2361 2065 2454 2116 καὶ
2501 2065 2638 2116 κατὰ
2685 2064 2949 2117 Ἰουδαίων
3000 2065 3354 2128 συντάξασθαι
3405 2065 3621 2134 βιϐλίον,
3648 2068 3915 2136 Ἀμώσιπ

2360 2155 2449 2208 τοῦ
2495 2156 2801 2222 Αἰγυπτίων
2852 2153 3109 2223 βασιλέως
3146 2157 3480 2225 μεμνημένος
3522 2157 3616 2209 καὶ
3654 2157 3765 2209 τῶν
3800 2161 3912 2209 κατ’

2355 2250 2515 2300 αὑτὸν
2573 2246 2851 2317 πράξεων,
2907 2246 3156 2316 μάρτυρα
3198 2247 3548 2316 παρατίθεται
3584 2249 3912 2318 Πτολεμαῖον

702 2365 766 2403 ac
811 2365 990 2404 rerum
1023 2351 1089 2404 ab
1141 2366 1206 2405 eo
1241 2361 1510 2421 gestarum
1563 2354 1831 2408 mentione
1856 2354 2013 2420 faeta,
2067 2362 2253 2408 testem

2360 2340 2444 2392 τὸν
2471 2340 2786 2410 Μενδήσιον.
2831 2340 2936 2390 Καὶ
2965 2337 3031 2390 τὰ
3068 2338 3168 2406 τῆς
3203 2337 3394 2404 λέξεως
3432 2339 3596 2392 αὐτοῦ
3631 2333 3729 2391 ὧδε
3771 2339 3908 2410 ἔχει·

701 2456 886 2494 earum
940 2442 1120 2495 laudat
1175 2442 1517 2498 Ptolemaeum
1578 2446 1859 2513 quemdam
1898 2444 2250 2510 Mendesium,

702 2531 857 2600 cujus
890 2534 1001 2585 hzec
1031 2535 1189 2587 verba
1225 2545 1349 2588 sunt
1379 2554 1390 2588 :
1427 2536 1642 2595 Avarin,
1701 2536 1891 2603 inquit,
1922 2537 2061 2588 eruit
2086 2536 2252 2587 Anto-

703 2622 799 2682 sis,
833 2623 923 2688 qui
954 2623 1176 2688 mqnalis
1223 2624 1404 2677 Inachi
1441 2626 1621 2693 Argivi
1651 2624 1768 2688 fuit,
1822 2635 1878 2677 ut
1902 2629 2159 2693 scriptum
2198 2627 2252 2679 in

703 2710 960 2764 Chronico
993 2711 1294 2767 Mendesius
1323 2714 1640 2769 Ptolemuzus
1677 2717 1908 2784 reliquit.
1945 2715 2040 2770 Hic
2072 2728 2251 2770 autem

703 2797 1049 2856 Ptolenizeus’
1068 2804 1319 2856 sacerdos
1349 2815 1494 2864 erat,
1544 2805 1634 2872 qui
1669 2821 1850 2874 regum
1879 2803 2252 2875 Egyptiorum

701 2889 979 2944 historiam
1018 2894 1166 2948 libris
1202 2897 1370 2949 tribus
1417 2896 1636 2965 integris
1673 2897 2016 2966 complexus,
2069 2897 2255 2951 Amosi

704 2983 758 3034 in
793 2981 1023 3052 Aigypto
1059 2998 1339 3054 regnante,
1369 2985 1580 3040 Judzeos
1612 2987 1813 3041 Mosem
1861 2989 2049 3041 ducem
2099 3003 2254 3040 secu-

703 3081 812 3137 tus,
846 3088 910 3125 ex
941 3073 1170 3144 Aigypto
1202 3078 1460 3144 migrasse
1491 3088 1748 3142 testatur;
1780 3093 1845 3130 ex
1867 3093 1974 3146 quo
2008 3078 2257 3148 intelligi-

702 3171 792 3215 tur
819 3162 1016 3216 Mosem
1053 3166 1228 3220 Inachi
1257 3168 1587 3235 temporibus
1619 3168 1884 3221 floruisse.
1948 3168 2052 3223 Res
2077 3179 2253 3224 autem

702 3253 1015 3322 Argolicas,
1069 3270 1188 3322 quae
1231 3257 1501 3309 ducuntur
1553 3258 1620 3309 ab
1675 3256 1903 3321 Inacho,
1949 3257 2256 3314 Graecarum

703 3345 945 3398 omnium
977 3345 1370 3398 vetustissimas
1396 3345 1674 3409 celebrari,
1703 3345 1986 3416 Dionysius
2019 3345 2259 3402 Halicar-

704 3435 978 3489 nassensis
1012 3436 1064 3488 in
1093 3451 1191 3488 suo
1223 3435 1297 3488 De
1320 3437 1631 3503 temporibus
1659 3438 2042 3490 commentario
2072 3451 2259 3500 auctor

704 3534 809 3579 est.
846 3525 1053 3590 Quibus
1087 3527 1410 3594 posteriores
1439 3542 1556 3580 esse
1587 3529 1710 3581 totis
1743 3527 2097 3597 quadraginta
2127 3537 2256 3582 tela-

706 3615 848 3667 tibus
878 3632 962 3668 res
988 3617 1206 3677 Atticas,
1261 3632 1379 3682 qua:
1403 3618 1470 3670 ab
1499 3617 1733 3685 Cecrope
1763 3619 1872 3683 illo,
1902 3634 2060 3686 quem
2088 3620 2258 3687 gemi.

2355 2430 2675 2499 Κατέσκαψε
2726 2430 2784 2482 δὲ
2831 2427 2924 2498 τὴν
2967 2428 3213 2498 Ἀούαριν
3290 2431 3572 2499 Ἀμωσις,
3635 2430 3779 2483 κατὰ
3827 2431 3912 2484 τὸν

2355 2523 2594 2592 Ἀργεῖον
2663 2510 2970 2591 γενόμενος’
2995 2521 3223 2591 Ἴναχον,
3301 2523 3374 2585 ῶς
3429 2525 3486 2575 ὲν
3529 2526 3644 2585 τοῖς
3671 2525 3914 2594 Χρόνοις

2353 2611 2654 2681 ἀνέγραψεν
2696 2612 2724 2662 6
2769 2610 3062 2680 Μενδήσιος
3105 2612 3451 2682 Πτολεμαῖος.
3505 2613 3564 2664 ’ὓ
3612 2612 3667 2664 δὲ
3714 2614 3911 2665 Πτολε-

2360 2705 2513 2771 μαῖος
2559 2697 2709 2762 οὗτος
2735 2701 2908 2770 ἱερεὺς
2958 2701 3057 2771 μὲν
3088 2698 3175 2772 ἦν,
3217 2703 3313 2764 τὰς
3355 2703 3410 2756 δὲ
3454 2701 3562 2753 τῶν
3603 2705 3913 2772 Αἰγυπτίων

2361 2792 2620 2860 βασιλέων
2645 2792 2868 2862 πράξεις
2899 2795 2955 2847 ὲν
2983 2794 3156 2862 τρισὶν
3187 2795 3335 2856 ὅλαις
3367 2793 3659 2863 ἐκθέμενος
3693 2795 3910 2864 βίϐλοις,

2359 2882 2499 2933 κατὰ
2523 2883 2584 2933 Ἀ
2597 2884 2764 2951 μωσίν
2798 2900 2928 2952 φησι
2985 2885 3074 2936 τὸν
3096 2885 3368 2952 Αἰγύπτου
3408 2884 3648 2953 βασιλέα,
3675 2888 3914 2947 Μωσέως

2361 2975 2695 3042 ἡγουμένου,
2760 2976 3036 3043 γεγονέναι
3089 2976 3360 3036 Ἰουδαίοις
3412 2974 3506 3044 τὴν
3547 2977 3604 3039 ἐξ
3640 2976 3913 3043 Αἰγύπτου

2361 3069 2600 3138 πορείαν,
2644 3069 2700 3136 ἐξ
2743 3066 2815 3123 ῶν
2859 3071 3128 3122 συνῶπται
3178 3068 3318 3121 κατὰ
3356 3070 3562 3138 Ἴναχον
3606 3071 3915 3139 ἠκμακέναι

2357 3158 2446 3211 τὸν
2504 3161 2727 3213 Μωσέα.
2775 3161 3079 3230 Παλαίτερα
3121 3160 3176 3211 δὲ
3209 3159 3313 3212 τῶν
3356 3161 3679 3230 Ἑλληνικῶν
3709 3178 3917 3232 μνημο-

2358 3249 2601 3303 νεύεσθαι
2626 3253 2691 3303 τὰ
2721 3252 3027 3320 Ἀργολικὰ,
3059 3251 3126 3303 τὰ
3155 3251 3259 3303 ἀπὸ
3297 3252 3493 3320 Ἰνάχου
3534 3253 3696 3320 λέγω,
3732 3253 3916 3306 Διονύ-

2361 3359 2470 3405 σιος
2527 3345 2554 3394 6
2602 3343 3056 3413 Ἁλικαρνασσεὺς
3113 3344 3169 3395 ὲν
3221 3346 3332 3406 τοῖς
3360 3346 3604 3411 Χρόνοις
3652 3346 3913 3399 διδάσκει.

2360 3435 2571 3486 Τούτων
2617 3434 2671 3485 δὲ
2715 3436 3114 3508 τεσσαράκοντα
3167 3435 3262 3502 μὲν
3303 3429 3512 3502 γενεαῖς
3566 3438 3808 3508 νεώτερα
3851 3440 3918 3490 τα

2361 3525 2603 3590 Ἀττικὰ,
2629 3528 2695 3578 τὰ
2730 3527 2835 3578 ἀπὸ
2860 3501 3139 3597 Κέκροπύς
3163 3501 3253 3578 τοῦ
3283 3501 3501 3595 διφυοῦς
3531 3529 3595 3597 δὴ
3624 3501 3915 3581 atat-a616-

2361 3613 2565 3682 χθονος,
2596 3613 2669 3676 ὣς
2695 3630 2824 3683 φησι
2858 3615 2994 3667 κατὰ
3022 3613 3162 3677 λέξιν
3192 3616 3219 3666 6
3247 3615 3504 3676 Τατιανός
3524 3631 3536 3642 ·
3573 3614 3729 3666 ὲννέα
3755 3614 3813 3666 δὲ
3852 3618 3920 3666 τα

709 3721 834 3757 nutu
883 3715 1040 3772 atque
1083 3722 1147 3760 ex
1195 3718 1334 3760 terra
1381 3717 1556 3762 satum
1589 3709 1884 3777 appellant,
1921 3709 2128 3781 initium
2165 3710 2255 3762 ha-

2378 3704 2666 3773 Ἀρκαδικὰ
2699 3705 2765 3756 τὰ
2803 3705 2906 3757 ἀπὸ
2943 3704 3246 3772 Πελασγοῦ·
3291 3703 3502 3770 λέγεται
3536 3703 3592 3754 δὲ
3633 3703 3731 3755 καὶ
3763 3697 3919 3766 οὗτος

707 3797 889 3858 buere,
942 3799 1158 3850 totidem
1190 3799 1366 3850 verbis
1390 3797 1649 3850 Tatianus
1693 3799 1802 3849 ait:
1838 3813 2028 3850 novem
2054 3808 2255 3864 autem,

707 3887 1014 3948 Arcadicas,
1045 3903 1073 3939 a
1105 3886 1326 3955 Pelasgo
1350 3902 1506 3954 quem
1541 3895 1591 3938 et
1623 3888 1794 3954 ipsum
1822 3901 1885 3938 ex
1918 3895 2055 3939 terra
2083 3897 2256 3940 satum

704 3992 824 4030 esse
855 3978 1069 4041 volunt,
1112 3977 1362 4043 repetitas
1392 3994 1405 4027 :
1437 3976 1730 4042 iisdemque
1775 3974 1986 4028 duabus
2014 3986 2065 4029 et
2095 3978 2257 4044 quin-

706 4069 957 4136 quaginta
990 4068 1314 4122 recentiores
1355 4083 1474 4120 esse
1517 4055 1827 4130 Phliotieas,
1881 4083 2000 4136 quae
2027 4068 2094 4121 ab
2123 4067 2260 4122 Deuo

703 4159 914 4212 calionc
941 4159 1130 4213 ﬂuunt.
1183 4159 1260 4212 Ab
1291 4158 1489 4212 Inacho
1524 4170 1699 4212 autem
1730 4160 1795 4212 ad
1822 4157 2053 4228 Trojana
2089 4175 2258 4228 usque

706 4258 947 4318 tempora
968 4289 982 4313 ,
1011 4262 1194 4304 :etates
1216 4251 1334 4303 duze
1361 4266 1424 4305 ac
1448 4251 1666 4317 viginti,
1702 4259 1792 4303 aut
1821 4251 1980 4304 etiam
2008 4267 2111 4304 una
2138 4253 2260 4320 plu-

708 4356 795 4394 res
827 4350 1178 4392 numerantur
1202 4380 1217 4404 ,
1252 4340 1377 4392 anni
1411 4356 1536 4393 vero
1561 4380 1574 4403 ,
1619 4351 1677 4393 ut
1702 4356 1889 4395 omnes
1913 4343 2256 4410 complectar,

706 4431 1080 4502 quadringenti
1108 4439 1160 4483 et
1187 4431 1437 4498 amplius.
1479 4429 1597 4482 Jam
1650 4445 1800 4495 vero,
1830 4431 2084 4484 multisne
2109 4432 2260 4484 simi-

706 4525 826 4579 liter
853 4524 1007 4578 annis
1030 4539 1115 4575 res
1141 4521 1482 4590 Assyriorum
1511 4521 1722 4574 Graecas
1754 4522 2156 4585 antecesserint,
2191 4537 2257 4575 ex

706 4617 772 4671 iis
819 4631 939 4685 quae
989 4614 1303 4668 scribuntur
1356 4627 1385 4665 a
1428 4610 1626 4675 Ctesia,
1673 4619 2049 4680 eognoscetur.
2104 4611 2259 4665 Anno

705 4709 901 4776 quippe
929 4706 1166 4762 secundo
1206 4719 1366 4773 supra
1398 4702 1982 4773 quadringentesimum
2009 4701 2259 4773 Assyrio-

710 4810 827 4848 rum
853 4795 1083 4863 imperii,
1131 4794 1347 4848 Beluchi
1381 4803 1559 4848 autem
1605 4797 1780 4848 octavi
1821 4795 2151 4865 principatus
2176 4811 2260 4849 se-

706 4886 884 4939 cundo
913 4901 976 4939 ac
1004 4887 1296 4951 tricesimo,
1325 4888 1425 4940 sub
1456 4887 1640 4941 Amosi
1671 4885 1921 4959 Egyptio
1951 4887 2127 4943 Inachi
2159 4888 2260 4940 Ar-

706 4978 810 5047 givi
856 4976 1069 5044 aequali,
1111 4975 1276 5030 Mosis
1319 4992 1384 5030 ex
1432 4977 1663 5048 Egypto
1709 4979 1967 5047 profectio
2009 4979 2253 5048 contigit.

704 5069 872 5123 Porro
901 5069 952 5121 in
986 5067 1212 5129 Graecia,
1249 5065 1510 5122 Phoronei
1553 5071 1746 5123 Inacho
1776 5071 2092 5139 posterioris
2116 5078 2252 5124 tem-

706 5175 854 5229 pore,
887 5157 1149 5228 Ogygium
1182 5156 1440 5210 diluvium
1475 5158 1700 5222 accidit;
1747 5159 1982 5227 itemque
2029 5173 2253 5228 regnum

707 5251 1039 5321 Sicyonium,
1070 5247 1214 5318 quod
1247 5243 1519 5312 Egialeus
1542 5249 1781 5302 omnium
1827 5250 2034 5319 primus
2063 5249 2254 5312 tenuit,

705 5353 814 5396 tum
847 5342 1055 5411 Europs
1080 5355 1143 5395 ac
1164 5339 1356 5395 deinde
1381 5338 1602 5395 Telchin
1643 5359 1655 5394 :
1707 5342 1973 5412 simulque
1995 5342 2168 5396 Cretis
2199 5341 2253 5394 in

704 5435 862 5489 Creta
905 5449 1148 5503 regnum.
1208 5432 1491 5488 Acusilaus
1526 5432 1669 5486 enim
1698 5431 2038 5489 Phoroneum
2070 5433 2251 5487 homi-

775 5574 803 5602 -
839 5566 964 5619 add.
995 5565 1075 5620 Cl.
1101 5567 1192 5634 ἀφ’
1227 5557 1322 5619 ὧν.

779 5692 886 5760 (93)
911 5695 1147 5762 Εἴρηται
1173 5698 1289 5764 μὲν
1318 5692 1446 5750 οὖν.
1473 5694 1605 5748 Vide
1637 5694 1812 5764 locum
1833 5695 1970 5763 apud
1987 5694 2248 5751 Clement.

708 5763 1095 5835 Cnseo-Latin.
1129 5782 1144 5818 l
1178 5763 1400 5835 Sirone,
1432 5781 1550 5835 pag.
1576 5764 1679 5818 254
1709 5763 1768 5816 E.

780 5833 886 5902 (94)
927 5837 1267 5901 Βουληθείς.
1319 5833 1390 5891 De
1425 5833 1623 5891 Solone
1671 5834 1930 5902 loquitur,
1959 5835 2051 5901 qui
2082 5849 2256 5890 sacer-

2364 3794 2657 3862 αὐτόχθων.
2685 3794 2898 3847 Τούτων
2933 3795 2987 3847 δὲ
3013 3795 3183 3847 ἄλλων
3206 3795 3348 3846 δυοῖν
3383 3793 3618 3862 νεώτερα
3651 3793 3720 3844 τὰ
3743 3795 3918 3847 Φθιω-

2359 3885 2480 3937 τικὰ
2498 3884 2562 3937 τὰ
2585 3886 2688 3937 ἀπὸ
2708 3887 3086 3948 Δευκαλίωνος.
3103 3888 3195 3949 Εἰς
3217 3885 3272 3936 δὲ
3292 3884 3379 3935 τὸν
3399 3885 3588 3953 χρόνον
3611 3885 3718 3936 τῶν
3740 3887 3918 3955 Τρωϊ-

2359 3977 2472 4030 κῶν
2501 3979 2606 4029 ἀπὸ
2631 3979 2834 4049 Ἰνάχου
2878 3980 3061 4048 γενεαὶ
3097 3979 3192 4046 μὲν
3237 3979 3456 4038 εἴκοσιν,
3495 3978 3526 4046 ἣ
3562 3980 3658 4047 μιᾷ
3706 3979 3918 4044 πλείους

2358 4067 2778 4138 διαριθμοῦνται·
2811 4069 2902 4139 ἔτη
2935 4069 3009 4131 δὲ,
3043 4068 3117 4130 ὡς
3145 4067 3271 4129 ἔπος
3293 4069 3484 4129 εἰπεῖν,
3516 4074 3558 4119 υ’
3590 4070 3682 4120 καὶ

2359 4158 2423 4210 Εί
2455 4157 2510 4209 δὲ
2539 4158 2605 4210 τὰ
2653 4160 2946 4228 Ἀσσυρίων
2997 4156 3210 4217 πολλοῖς
3263 4155 3406 4207 ἔτεσι
3441 4156 3784 4230 πρεσϐύτερα
3812 4161 3917 4212 τῶν

2371 4248 2687 4317 Ἑλληνικῶν
2706 4263 2730 4288 ³
2750 4249 2987 4318 Κτησίας
3009 4246 3152 4312 λέγει
3200 4248 3512 4317 φανήσεται.
3540 4249 3629 4317 Τῷ
3683 4251 3915 4320 δευτέρῳ

2359 4338 2452 4390 καὶ
2479 4337 2905 4407 τετρακοσιοστῷ
2929 4335 3035 4387 ἕτει
3057 4337 3155 4404 τῆς
3178 4335 3473 4405 Ἀσσυρίων
3499 4336 3672 4407 ἀρχῆς
3694 4376 3708 4398 ,
3742 4338 3837 4405 τῆς
3857 4335 3913 4386 δὲ

2359 4427 2628 4498 Βηλούχου
2677 4427 2766 4480 τοῦ
2821 4426 3006 4492 ὀγδόου
3069 4424 3380 4487 δυναστείας
3418 4426 3496 4494 τῷ
3539 4427 3776 4496 δευτέρῳ
3822 4427 3914 4476 καὶ

2357 4518 2679 4586 τριακοστῷ,
2717 4521 2749 4586 ὴ
2778 4515 3016 4577 Μωσέως
3045 4515 3186 4568 κατὰ
3237 4516 3478 4585 Ἀμωσιν
3507 4517 3596 4567 τὸν
3621 4515 3910 4582 Αίγύπτιον

2360 4608 2453 4658 καὶ
2489 4608 2628 4660 κατὰ
2660 4610 2866 4675 Ἴναχον
2892 4605 2982 4657 τὸν
3007 4604 3246 4673 Ἀργεῖον
3290 4606 3347 4670 ἐξ
3373 4606 3645 4672 Αίγύπτου
3679 4605 3904 4674 κίνησις.

2359 4693 2465 4750 ’Ἦν
2507 4699 2562 4750 δὲ
2610 4697 2748 4749 κατὰ
2790 4697 2887 4766 τὴν
2923 4697 3142 4750 Ἐλλάδα
3190 4701 3327 4754 κατὰ
3375 4703 3472 4771 μὲν
3509 4700 3780 4770 Φορωνέα,
3825 4699 3909 4751 τον

2363 4790 2478 4858 μετ’
2512 4791 2739 4856 Ἴναχον,
2788 4789 2816 4839 6
2843 4788 2933 4840 ἐπὶ
2961 4788 3186 4858 Ὠγύγου
3236 4789 3634 4857 κατακλυσμὸς,
3664 4790 3757 4842 καὶ
3791 4791 3824 4858 ὴ
3854 4790 3912 4839 ἐν

2359 4878 2588 4931 Σικυῶνι
2643 4877 2881 4946 βασιλεία
2925 4880 3138 4949 πρώτου
3195 4881 3292 4949 μὲν
3317 4878 3648 4946 Αἰγιαλέως,
3700 4877 3816 4931 εἶτα
3852 4879 3907 4931 δὲ

2360 4970 2637 5042 Εῠρωπος,
2682 4967 2796 5024 εἶτα
2833 4972 3108 5042 Τελχῖνος,
3153 4973 3246 5025 καὶ
3285 4971 3318 5039 ὴ
3353 4969 3568 5038 Κρητὸς
3615 4972 3670 5022 ἐν
3699 4972 3906 5042 Κρήτῃ.

2359 5059 2701 5125 Ἀκουσίλαος
2741 5062 2847 5134 γὰρ
2896 5064 3142 5134 Φορωνέα
3195 5058 3408 5130 πρῶτον
3462 5060 3767 5129 ἀνθρώπων
3819 5079 3905 5128 γε-

2359 5152 2542 5204 νέσθαι
2581 5152 2760 5220 λέγει·
2805 5155 2926 5207 ὅθεν
2979 5154 3072 5206 καὶ
3106 5155 3134 5204 ὁ
3172 5152 3270 5220 τῆς
3313 5153 3647 5220 Φορωνίδος
3691 5155 3905 5224 ποιητὴς

2358 5238 2496 5295 εἶναι
2530 5245 2688 5298 αὐτὸν
2727 5245 2828 5316 ἔφη
2856 5245 3063 5315 πατέρα
3108 5241 3315 5311 θνητῶν
3351 5243 3672 5313 ἀνθρώπων.
3705 5243 3904 5298 Ἐντεῦ-

2359 5336 2450 5390 θεν
2498 5339 2526 5390 6
2550 5337 2771 5392 Πλάτων
2808 5341 2865 5390 ὲν
2895 5335 3122 5406 Τιμαίῳ,
3165 5333 3638 5407 κατακολουθήσας
3667 5337 3901 5389 Ἀκουσι-

2357 5426 2489 5497 λάῳ,
2525 5431 2750 5500 γράφει·
2786 5429 2892 5482 Καί
2935 5443 3062 5479 ποτε
3110 5429 3439 5497 προαγαγεῖν
3487 5427 3767 5506 βουληθείς
3799 5425 3900 5495 (94)

2359 5701 2530 5822 ἀοιεῖ
2565 5695 2844 5766 Egyptios
2877 5709 2993 5749 eam
3037 5695 3090 5750 in
3133 5695 3555 5767 disputationem
3607 5694 3900 5763 pertrahere

2359 5786 2494 5822 cona
2535 5780 2671 5822 atur.

2359 5780 2671 5825 conabatur.
