4038 6330
145 387 252 446 899

1315 396 1630 454 PRAEPAB.
1686 398 1929 455 EVA‘NG.
1972 401 2094 454 LIB.
2131 400 2194 453 Χ.

3223 403 3321 458 830

145 505 341 568 αὐτοὺς
371 507 496 580 περὶ
529 507 637 563 τῶν
672 510 909 581 ἀρχαίων
948 511 1026 573 εἰς
1062 511 1268 580 λόγους,
1302 513 1408 570 τῶν
1458 513 1582 584 τῇδε
1617 517 1683 584 τῇ

1789 530 1914 568 num
1962 517 2201 569 omnium
2246 516 2536 585 principem
2564 515 2833 573 exstitisse
2863 519 2944 572 ait
2971 537 2984 571 :
3022 520 3172 588 isque
3200 536 3327 588 pro-

141 595 296 648 πόλει
322 596 432 668 (95)
463 599 549 652 τὰ¹
572 601 894 670 ἀρχαιότατα
936 601 1113 670 λέγειν
1142 605 1429 672 ἐπιχειρεῖν
1458 603 1697 672 (96-97),

143 685 279 753 περὶ
317 687 600 755 Φὶιρωνέως
629 706 688 740 τε
725 689 816 742 τοῦ
845 689 1060 760 πρώτου
1104 691 1397 761 λεχθέντος,
1433 693 1527 745 καὶ
1559 694 1687 745 Νιό-

141 771 272 843 ϐης,
311 775 401 828 καὶ
439 775 507 828 τὰ
551 777 684 845 μετὰ
719 778 808 830 τὸν
847 778 1238 848 κατακλυσμόν.
1289 779 1443 831 Κατὰ
1471 780 1528 831 δὲ
1556 781 1689 850 Φόρ-

143 862 318 917 ϐαντα
362 867 622 929 Ἀκταῖος,
665 869 757 935 ἀφ’
796 863 856 922 οὗ
884 869 1106 922 Ἀκταία
1161 871 1194 939 ὴ
1236 871 1481 940 Ἀττικήο
1547 871 1687 925 κατά

141 953 202 1006 δὲ
225 955 460 1024 Τριόπαν
485 958 822 1028 Προμηθεὺς,
855 959 945 1011 καὶ
964 958 1158 1022 ’Ἄτλας
1175 999 1192 1023 ,
1221 961 1313 1013 καὶ
1335 961 1683 1031 Ἐπιμηθεὺς,

143 1042 242 1092 καὶ
277 1045 304 1093 ὁ
335 1043 526 1113 διφυὴς
552 1046 804 1116 Κέκροψ,
855 1048 947 1100 καὶ
987 1046 1092 1100 Ἰώ·
1140 1049 1278 1102 κατὰ
1313 1050 1368 1102 δὲ
1397 1052 1686 1121 Κροτωπδν

146 1131 183 1198 ἡ
211 1131 304 1182 ἐπὶ
330 1133 615 1197 Φαέθοντος
655 1136 978 1207 ἐκπύρωσις,
1010 1139 1102 1193 καὶ
1154 1136 1303 1211 ἐπὶ
1329 1141 1686 1204 Δευκαλίωνος

145 1220 452 1292 ὲπομϐρία·
501 1227 642 1278 κατὰ
689 1227 745 1280 δὲ
796 1227 1078 1281 Σθενέλαον
1121 1232 1154 1300 ἦ
1195 1248 1253 1283 τε
1301 1231 1684 1302 Ἀμφικτύονος

147 1310 417 1380 βασιλεία,
444 1313 535 1364 καὶ
565 1314 598 1384 ἡ
625 1317 701 1376 εἰς
731 1315 1126 1387 Πελοπόννησον
1153 1321 1352 1374 Δαναοῦ
1400 1323 1683 1392 παρουσία,

146 1403 245 1454 καὶ
288 1405 321 1472 ὴ
369 1403 472 1455 ὑπὸ
522 1405 787 1474 Δαρδάνου
848 1407 944 1476 τῆς
1007 1409 1301 1479 Δαρδανίας
1359 1412 1565 1474 κτίσις,
1628 1412 1688 1464 ὃν

143 1493 381 1564 πρῶτον,
413 1496 575 1566 φησὶν
607 1498 864 1568 Ὄμηρος,
899 1500 1080 1552 τέκετο
1112 1501 1500 1572 νεφεληγερέτα
1523 1492 1706 1566 Ζεύς>

142 1585 276 1671 ἦὶτε
309 1586 370 1636 ὲκ
392 1587 612 1657 Κρήτης
651 1589 758 1657 (98)
792 1593 869 1654 εις
899 1591 1144 1662 Φοινίκην
1180 1592 1474 1662 ἀνακομιδή
1499 1609 1515 1625 ο
1549 1593 1687 1646 κατὰ

145 1675 206 1727 δὲ
247 1675 496 1740 Λυγκέα.
547 1678 645 1746 τῆς
687 1679 868 1748 Κόρης
915 1682 948 1750 ἡ
988 1681 1239 1752 ἁρπαγὴ,
1288 1683 1378 1736 καὶ
1423 1684 1455 1752 ή
1497 1681 1587 1735 τοῦ
1628 1683 1686 1734 ἐν

143 1767 408 1820 Ἐλευσῖνι
450 1769 704 1838 τεμένους
740 1770 1078 1842 καθίδρυσις,
1117 1773 1209 1825 καὶ
1258 1774 1292 1842 η
1320 1773 1682 1843 Τριπτολέμου

144 1859 408 1928 γεωργία,
437 1859 531 1912 καὶ
558 1861 590 1929 ἡ
617 1859 832 1929 Κάδμου
859 1863 936 1922 εἰς
961 1860 1140 1932 Θήὸας
1166 1863 1447 1935 παρουσία,
1476 1861 1683 1926 Μίνωός

139 1965 206 2000 τε
249 1948 489 2016 βασιλεία
511 1966 526 1980 ο
585 1950 722 2003 κατὰ
781 1950 838 2003 δὲ
880 1952 1100 2021 Προῖτον
1147 1955 1173 2005 6
1222 1953 1500 2022 Εὐμόλπου
1554 1953 1687 2023 πρὸς

140 2039 459 2108 Ἀθηναίους
478 2039 706 2110 πόλεμος
724 2057 738 2069 ·
759 2038 903 2092 κατὰ
928 2040 984 2092 δὲ
1016 2040 1281 2109 Ἀκρίσιον
1314 2040 1549 2104 Πέλοπος
1579 2042 1686 2095 ἀπὸ

139 2128 385 2200 Φρυγίας
435 2128 698 2192 διάϐασις,
736 2130 829 2181 καὶ
872 2131 1054 2192 Ἴωνος
1096 2132 1176 2192 εἰς
1219 2130 1444 2201 Ἀθήνας
1485 2129 1683 2196 ἄφιξις,

142 2220 243 2274 καὶ
279 2221 308 2272 ὁ
337 2219 577 2290 δεύτερος
607 2221 841 2292 Κέκροψ,
871 2221 932 2274 αῖ
951 2238 1011 2272 τε
1041 2217 1286 2291 Περσέως
1317 2221 1409 2273 καὶ
1441 2220 1684 2273 Διονύσου

142 2311 406 2381 πράξεις,
457 2313 684 2382 Ὀρφεύς
734 2329 793 2365 τε
841 2313 934 2365 καὶ
979 2314 1264 2374 Μουσαῖος.
1322 2311 1475 2364 Κατὰ
1523 2311 1578 2364 δὲ
1624 2311 1685 2364 τὸ

141 2403 605 2456 ὀκτωκαιδέκατον
661 2404 775 2466 ἔτος
823 2404 921 2473 τῆς
971 2404 1366 2473 Ἀγαμέμνονος
1417 2401 1684 2471 βασιλείας

146 2494 312 2547 Ἴλιον
342 2495 500 2556 ὲάλω,
542 2495 895 2566 Δημοφῶντος
939 2493 1031 2548 τοῦ
1073 2477 1289 2565 Θησέως
1324 2493 1683 2563 βασιλεύοντος

142 2582 446 2653 Ἀθήνῃσι,
493 2583 569 2654 τῷ
625 2585 821 2655 πρώτῳ
877 2586 1019 2647 ἔτει,
1080 2584 1450 2654 Θαργηλιῶνος
1520 2584 1686 2652 μηνὸς

139 2673 372 2744 δευτέρα
403 2675 494 2727 ἐπὶ
540 2674 694 2739 δέκα,
731 2676 806 2738 ὥς
854 2693 983 2744 φησι
1027 2675 1292 2737 Διονύσιος
1342 2676 1370 2726 ὁ
1410 2676 1679 2744 Ἀργεῖος·

148 2767 310 2834 Ἄγις
357 2767 413 2819 δὲ
463 2769 553 2820 καὶ
598 2768 869 2836 Κέρκυλος
914 2766 1019 2835 (99)
1064 2769 1120 2818 ὲν
1170 2770 1234 2836 τῇ
1273 2768 1459 2838 τρίτῃ,
1519 2765 1683 2835 μηνὸς

145 2856 395 2924 Πανέμου
424 2857 580 2927 ὀγδόῃ
606 2857 892 2924 φθίνοντος’
930 2858 1226 2920 Ἑλλάνικος
1253 2859 1522 2928 δωδεκάτῃ
1542 2858 1686 2929 Θαρ-

141 2948 406 3017 γηλιῶνος
438 2950 526 3001 καί
561 2967 699 3013 τινες
729 2949 834 3002 τῶν
865 2950 932 3002 τὰ
959 2950 1173 3002 Ἀττικὰ
1221 2950 1683 3022 συγγραψαμένων

142 3040 305 3112 ὀγδόῃ
352 3041 656 3108 φθίνοντος,
713 3040 1078 3111 βασιλεύοντος
1119 3043 1179 3095 τὸ
1227 3043 1528 3097 τελευταῖον
1568 3043 1684 3104 ἔτος

1786 613 1964 673 pterea
1992 606 2299 658 mortalium
2323 622 2515 675 parens
2543 608 2802 671 onmium,
2848 608 2915 662 ab
2940 624 3003 662 eo
3029 620 3205 678 poeta,
3232 612 3321 678 qui

1789 695 2142 750 Pharonidem
2189 699 2424 764 scripsit,
2460 699 2770 766 appellatur.
2829 699 3006 764 Quare
3033 698 3183 754 Plato
3213 701 3326 769 ipse

1786 784 1838 837 in
1873 782 2066 838 Timeo
2097 787 2406 839 Aeusilaum
2453 797 2668 842 secutus
2707 787 2983 858 :Cumque
3029 790 3080 841 id
3124 797 3322 857 ageret.

1786 875 1979 942 inquit,
2013 884 2073 928 ut
2096 876 2215 931 illos
2241 877 2305 929 ad
2329 891 2632 932 sermonem
2667 878 2730 931 de
2755 878 3175 947 rebusantiquis
3205 893 3326 932 sus~

1784 967 2087 1034 cipiendum
2119 967 2434 1033 adduceret,
2471 983 2680 1032 eorum,
2734 985 2852 1038 qua:
2882 971 3018 1037 apud
3048 984 3144 1023 nos
3177 979 3326 1021 vetu-

1784 1059 2023 1111 stissima
2057 1059 2396 1121 haberentur,
2422 1059 2744 1112 mentionem
2775 1059 3017 1127 injecisse
3042 1075 3119 1120 se,
3143 1060 3326 1125 cujus-

1785 1147 1926 1201 modi
1960 1157 2106 1210 sunt,
2137 1163 2257 1214 qua:
2286 1150 2350 1203 de
2374 1147 2674 1214 Phoroneo,
2706 1164 2865 1218 quem
2892 1150 3119 1218 primum
3147 1149 3323 1200 nomi-

1784 1247 1949 1302 nant,
1981 1238 2152 1306 deque
2174 1236 2373 1299 Niobe,
2405 1253 2503 1293 nec
2532 1255 2638 1292 non
2668 1240 2733 1294 de
2763 1239 2919 1292 rebus
2978 1239 3232 1294 diluvium
3262 1237 3325 1288 il-

1742 1357 1744 1359 »
1785 1325 1875 1376 lud
1928 1325 2231 1378 consecutis
2269 1324 2456 1393 jactari
2501 1326 2692 1378 solent.
2741 1323 3000 1378 Praeterea
3055 1323 3327 1376 Phorban-

1786 1414 1854 1467 tis
1879 1423 2114 1481 tempore
2137 1414 2350 1467 Actwns
2375 1414 2524 1478 vixit,
2543 1431 2570 1467 a
2593 1429 2702 1483 quo
2726 1415 2894 1468 Attica
2918 1416 3106 1467 Actaeae
3131 1428 3324 1466 nomen

1786 1505 1990 1558 invenit
2028 1522 2042 1557 :
2090 1504 2252 1574 498
2295 1503 2503 1572 Triopa:
2528 1505 2715 1557 deinde
2740 1503 3086 1557 Prometheus
3108 1544 3122 1560 .
3153 1503 3326 1566 Atlas,

1785 1597 2148 1665 Epimetheus,
2197 1596 2440 1663 geminus
2468 1595 2704 1664 Cecrops
2724 1635 2738 1659 ,
2788 1603 2840 1648 et
2865 1594 2920 1648 lo
2951 1609 3207 1663 suppares
3239 1594 3325 1646 fu-

1783 1701 1895 1741 ere.
1921 1687 1999 1739 Ad
2023 1686 2242 1753 Crotopi
2259 1701 2453 1751 aevum,
2470 1695 2522 1739 et
2549 1684 2896 1738 Phaethontis
2927 1684 3252 1747 incendium,
3273 1691 3328 1736 et

1787 1776 2127 1832 Deucalionis
2148 1777 2407 1830 diluvium
2442 1775 2699 1829 referunt.
2725 1774 2860 1828 Cum
2897 1773 3203 1833 Sthenelao,
3237 1788 3324 1826 re-

1786 1882 1947 1938 gnum
1992 1865 2422 1936 Amphictyonis,
2463 1863 2628 1917 Danai
2678 1865 2732 1916 in
2784 1862 3204 1931 Peloponnesum
3233 1862 3326 1914 ad-

1781 1963 1994 2015 ventus,
2019 1955 2233 2008 condita
2260 1968 2290 2007 a
2315 1942 2560 2006 Dardano
2588 1951 2850 2005 Dardania
2870 1992 2884 2016 ,
2915 1967 3071 2020 quem
3102 1941 3168 2003 ab
3197 1949 3325 2004 Jove

1787 2046 2055 2114 nubicogo
2085 2045 2317 2113 primum
2354 2041 2618 2097 Homerus
2664 2043 2737 2096 ait
2773 2048 3106 2109 procreatum
3136 2041 3323 2104 fuisse,

1783 2145 1837 2192 et
1864 2135 2089 2203 Europae
2112 2136 2165 2188 in
2191 2133 2405 2188 Cretam
2439 2134 2758 2201 deportatio,
2785 2133 3039 2200 temporis
3070 2132 3328 2186 societate

1778 2225 2098 2295 junguntur.
2118 2222 2246 2276 ‘Sub
2271 2221 2484 2292 Lynceo
2517 2221 2853 2291 Proserpinae
2883 2231 3086 2290 raptus,
3115 2219 3325 2275 Eleusi-

1783 2316 1857 2367 nii
1878 2314 2082 2369 delubri
2108 2313 2413 2378 aediﬁcatio,
2430 2313 2759 2383 agricultura
2785 2312 3116 2380 Triptolemi,
3136 2311 3324 2364 Cadmi

1783 2403 2090 2458 Thebanam
2130 2406 2183 2456 in
2216 2404 2483 2456 civitatem
2511 2403 2854 2466 adventus,et
2879 2402 3066 2455 Minois
3098 2417 3320 2469 regnum

1783 2497 2129 2551 collocantur.
2187 2492 2267 2546 Ad
2292 2491 2456 2547 Prmti
2487 2503 2760 2561 tempora,
2807 2491 3078 2559 Eupolemi
3127 2491 3322 2544 bellum

1783 2587 2038 2642 adversus
2070 2586 2454 2648 Athenienses;
2489 2583 2553 2637 ad
2583 2584 2870 2644 Acrisium,
2917 2581 3125 2649 Pelopis
3166 2581 3326 2648 traje-

1781 2676 2013 2731 ctioncm
2044 2690 2109 2728 ex
2135 2672 2362 2743 Phrygia
2382 2713 2396 2735 ,
2438 2670 2578 2725 lonis
2610 2672 2844 2725 Athenas
2868 2672 3187 2733 adventum,
3224 2667 3325 2722 Ce-

1781 2781 1993 2835 cropem
2026 2765 2250 2818 alterum
2278 2764 2562 2831 juniorem,
2594 2761 2770 2816 Persei
2799 2762 3094 2829 Bacchique
3123 2775 3206 2815 res
3237 2774 3326 2828 ge-

1781 2867 1912 2921 stas,
1937 2855 2209 2924 Orpheum
2233 2853 2463 2921 denique
2492 2868 2554 2905 ac
2581 2852 2834 2906 Musaeum
2865 2860 3148 2922 revocant.
3169 2854 3326 2904 Anno

1780 2948 1930 3018 regni
1983 2943 2403 3015 Agamemnonis
2463 2942 2670 2994 decimo
2721 2944 2910 2995 octavo
2969 2952 3182 3009 captum
3243 2949 3326 2994 est

1781 3037 1955 3102 Ilium,
2008 3035 2374 3102 Demophonte
2415 3030 2605 3084 Thesei
2653 3030 2759 3082 lilio
2803 3030 3020 3083 Athenis
3050 3040 3323 3098 regnante,

142 3130 479 3195 Μενεσθέως,
515 3132 849 3202 πληθυούσης
901 3131 1120 3202 σελήνης
1140 3149 1153 3161 °
1169 3130 1417 3202 Νὺξμὲν
1432 3131 1559 3199 ἕνην⁹
1584 3149 1678 3202 φη.

1786 3131 1958 3198 primo
1986 3126 2103 3194 ejus
2128 3121 2389 3184 anno,die
2417 3134 2543 3172 vero
2571 3117 2939 3188 Thargelionis
2967 3121 3165 3172 mensis
3191 3118 3327 3170 duo—

146 3225 234 3277 σὶν
260 3225 287 3275 ὀ
308 3223 403 3293 τὴν
423 3223 643 3292 μικρὰν
683 3223 903 3284 Ἰλιάδα
932 3225 1263 3298 πεποιηκὼς.

1788 3221 2017 3278 decimo,
2054 3224 2110 3268 ut
2137 3213 2422 3281 Dionysius
2444 3209 2677 3277 Argivus
2701 3218 2885 3263 auctor
2912 3217 3026 3273 est;
3060 3220 3117 3262 ut
3147 3217 3325 3262 autem

141 3317 277 3386 Agis
297 3331 360 3369 ac
383 3317 634 3384 Cercylus
690 3319 824 3372 libro
891 3319 1043 3372 tertio
1097 3317 1352 3378 scribunt,
1408 3314 1626 3368 Panemi
1675 3313 1930 3368 vicesimo
1980 3306 2215 3359 secundo
2261 3321 2274 3356 :
2328 3302 2636 3354 Hellanicus
2678 3299 2929 3369 Dionysio
2962 3300 3324 3353 subscribens.

141 3411 466 3465 duodecimo
515 3410 902 3482 Thargelionis,
938 3412 1024 3464 alii
1051 3425 1177 3464 vero
1205 3411 1466 3474 nonnulli,
1513 3410 1605 3480 qui
1660 3424 1747 3464 res
1783 3406 1987 3461 Atticas
2047 3400 2408 3470 scripserunt,
2463 3396 2702 3466 ejusdem
2757 3395 3009 3466 vigesimo
3067 3395 3321 3462 secundo,

141 3511 476 3569 postremum
504 3504 659 3573 regni
683 3505 765 3559 sui
797 3520 994 3558 annum
1017 3514 1205 3573 agente
1233 3505 1556 3568 Menestheo,
1586 3505 1685 3560 sub
1720 3498 2109 3573 plenilunium;
2136 3510 2200 3549 ex
2251 3507 2360 3562 quo
2386 3491 2514 3544 illud
2565 3499 2754 3563 poclm,
2783 3488 2874 3559 qui
2916 3490 3164 3542 minorem
3197 3487 3324 3542 Ilia-

139 3593 263 3645 dem
292 3593 524 3662 scripsit,

258 3751 294 3763 ..
321 3711 581 3777 Μεσάτα,
614 3713 852 3782 λαμπρὰ
872 3713 922 3767 δ’
950 3713 1228 3767 ἐπέτελλε
1249 3715 1493 3768 σελάνα·

141 3865 321 3936 ἕτεροι
349 3868 405 3920 δὲ
428 3869 849 3940 Σκιροφοριῶνος
885 3873 949 3941 τῇ
980 3871 1111 3942 αὐτῇ
1143 3871 1339 3942 ἡμέρᾳ.
1368 3871 1575 3941 Θησεὺς
1604 3871 1680 3934 δὲ,

153 3956 482 4027 Ἡρακλέους
506 3959 746 4030 ζηλωτὴς
767 3960 858 4024 ὢν,
882 3961 1239 4031 πρεσϐύτερός
1259 3964 1368 4013 ἐστι
1395 3962 1500 4013 τῶν
1515 3961 1686 4031 Τρωϊ-

140 4045 259 4100 κῶν
299 4051 396 4118 μιᾷ
435 4051 612 4120 γενεᾷ*
658 4049 749 4102 τοῦ
797 4050 923 4117 γοῦν
971 4050 1332 4119 Τληπολέμου,
1378 4051 1436 4112 ὃς
1476 4045 1543 4120 ἦν
1575 4051 1686 4112 υἱὸς

154 4135 507 4208 Ἡρακλέους,
537 4143 776 4211 ’Όμηρος
801 4142 1062 4212 μέμνηται
1094 4141 1189 4209 (1),
1216 4141 1306 4192 ἐπὶ
1341 4141 1497 4193 Ἴλιον
1531 4158 1688 4211 στρα-

143 4226 460 4289 τεύσαντος.
495 4229 780 4298 Προτερεῖν
831 4229 936 4298 ἄρα
972 4227 1168 4296 Μωσῆς
1200 4227 1557 4279 ἐπιδείκνυται
1588 4229 1684 4296 τῆς

143 4318 247 4384 μὲν
273 4317 520 4369 Διονύσου
549 4317 898 4380 ἀποθεώσεως
928 4317 1019 4386 ἔτη
1051 4318 1144 4386 χδ’·
1173 4318 1284 4384 εἴγε
1315 4317 1413 4384 τῆς
1437 4318 1684 4388 Περσέως

144 4407 418 4479 βασιλείας
445 4407 520 4477 τῷ
541 4407 837 4478 τριακοστῷ
864 4408 1092 4477 δευτέρῳ
1117 4407 1223 4459 ἔτει
1245 4407 1579 4470 ἀποθεοῦται,
1608 4408 1682 4470 ὥς

1750 3749 1754 3753 .
1856 3705 1977 3759 1am
2003 3711 2150 3755 nocte
2177 3699 2231 3750 in
2264 3695 2454 3762 media,
2484 3693 2630 3763 pleno
2665 3707 2771 3746 sese
2800 3707 2959 3744 aurea
2989 3691 3133 3745 vultu

1864 3773 2086 3844 Cynthia
2110 3767 2316 3821 tollebat
2338 3781 2354 3818 :

1787 3865 1874 3918 alii
1935 3865 2163 3932 denique
2231 3857 2418 3913 eodem
2476 3851 2904 3922 Scirophorionis
2975 3851 3079 3906 die.
3159 3848 3325 3902 Porro

1787 3956 2048 4018 Theseus,
2099 3950 2341 4004 Herculis
2383 3949 2642 4008 aemulus,
2678 3944 2906 4013 Trojana
2954 3943 3038 3994 illa
3089 3949 3324 4006 tempora

1789 4053 1944 4100 aetate
1978 4043 2238 4095 duntaxat
2268 4054 2373 4092 una
2399 4036 2687 4106 superavit,
2715 4050 2834 4087 cum
2866 4030 3149 4101 Tlepolemi
3178 4030 3323 4097 ejus«

1790 4136 1909 4189 dem
1941 4131 2183 4184 Herculis
2208 4129 2324 4191 tllii,‘
2372 4136 2626 4195 tanquam
2669 4122 3020 4191 expeditionis
3054 4121 3106 4173 in
3137 4119 3325 4187 Troja-

1788 4239 1886 4277 nos
1914 4230 2172 4291 suscepta:
2215 4218 2344 4274 socii
2373 4216 2636 4270 llomerns
2681 4215 2795 4283 ipse
2817 4212 3138 4267 meminerit.
3197 4211 3324 4266 Cer-

1788 4325 1897 4369 tum
1926 4315 2084 4384 igitur
2114 4313 2554 4381 cxploratnmquc
2584 4316 2781 4370 manet,
2824 4304 3016 4360 Bacchi
3045 4318 3325 4358 consecra-

1789 4405 2024 4467 tionem,
2083 4402 2238 4454 annis
2289 4397 2536 4454 omnibus
2578 4404 2810 4466 quatuor
2853 4408 3013 4463 supra
3060 4393 3323 4445 sexcentis

142 4473 310 4572 φησιν
342 4473 727 4570 Ἀπολλόδωρος
756 4473 821 4550 ἐν⁷
841 4503 949 4560 τοῖς
973 4473 1291 4566 Χρονικοῖς.
1335 4499 1464 4552 Ἀπὸ
1491 4499 1545 4550 δὲ
1566 4501 1684 4552 Διο-

1787 4501 2152 4562 antegressum
2177 4487 2375 4542 Mosem
2405 4486 2592 4552 luisse,
2641 4500 2764 4540 eum
2796 4485 2860 4547 is,
2891 4491 2948 4535 ut
2971 4479 3323 4549 Apollodorus

141 4592 306 4648 νύσου
339 4590 428 4644 ἐπὶ
475 4590 740 4659 Ἡρακλέα
767 4592 858 4642 καὶ
884 4591 1005 4652 τοὺς
1025 4590 1149 4660 περὶ
1195 4590 1395 4643 Ἰάσονα
1426 4591 1682 4661 ἀριστεῖς,

139 4683 269 4744 τοὺς
302 4683 360 4734 ὲν
396 4683 462 4751 τῇ
515 4680 696 4750 Ἀργοῖ
740 4679 1086 4744 πλεύσαντας,
1136 4682 1420 4749 συνάγεται
1456 4682 1550 4753 ἔτη
1584 4683 1681 4750 ξγ’.

155 4772 478 4841 Ἀσκληπιός
508 4787 564 4822 τε
604 4770 694 4822 καὶ
722 4769 1027 4840 Διόσκουροι
1077 4771 1356 4825 συνέπλεον
1383 4773 1580 4835 αὐτοῖς,
1610 4772 1686 4836 ὡς

147 4866 423 4933 μαρτυρεῖ
447 4865 476 4916 ὁ
514 4861 711 4922 Ῥόδιος
737 4858 1079 4920 Ἀπολλώνιος
1109 4862 1163 4913 έν
1179 4863 1288 4926 τοῖς
1329 4864 1684 4930 Ἀργοναυτι-

216 4995 328 5076 (95)
370 4993 1179 5076 Tﬁ_x_d.1€c._lrrcptitiasvoces
1222 5011 1498 5076 ex_pu.nge,
1547 5012 1683 5076 quas

143 5063 430 5122 Plato’non
453 5066 632 5120 habet.
660 5065 884 5118 Tantum
913 5072 1030 5132 post
1053 5063 1225 5130 λόγος,
1251 5063 1682 5132 distinguendum

146 5134 418 5190 nonnihil.
463 5132 552 5186 Ait
595 5136 736 5188 enim
772 5133 1052 5196 Solonem,
1089 5143 1148 5187 ut
1176 5135 1230 5187 in
1258 5150 1376 5188 eam
1414 5136 1481 5189 de
1521 5137 1682 5191 rebus

143 5201 386 5274 antiquis
421 5202 841 5274 disputationem,
883 5201 1161 5274 Egyptios
1190 5205 1493 5274 sacerdotes
1533 5205 1684 5271 pelli.—

144 5269 312 5337 eeret,
328 5269 718 5342 deGrapcaniea
742 5269 1054 5342 antiquitate
1072 5287 1373 5325 sermonem
1405 5269 1676 5340 injecisse.

146 5344 291 5399 Sunt
316 5341 409 5412 qui
440 5340 564 5411 τῇδε
611 5340 885 5412 accipiant
920 5359 1016 5411 pro
1049 5343 1193 5407 ἐκεῖ,
1241 5342 1332 5395 sed
1375 5355 1675 5412 perperam.

145 5408 352 5468 Locum
385 5408 646 5478 integrum
677 5408 940 5479 Serranus
967 5414 1160 5467 misere
1182 5411 1508 5479 depravavit.

216 5479 428 5552 (96-θῖ)
477 5478 838 5548 Ἐπιχειρεῑν.
891 5480 1162 5552 Clemens,
1211 5478 1498 5552 ἐπιχειρεῖ.⁸
1536 5478 1677 5552 L‘jihil

147 5548 469 5620 mutandum
498 5557 610 5612 est;
645 5563 767 5620 nam
797 5549 936 5620 apud
961 5549 1231 5604 Platonem
1256 5548 1526 5620 praecessit
1547 5548 1672 5620 ἔφη,

148 5620 388 5690 adquod
415 5618 478 5672 τὸ
503 5618 787 5690 ἐπιχειρεῖν
812 5615 1035 5690 refertur
1061 5620 1167 5690 ἀπὸ
1194 5615 1388 5672 κοινοῦ.

221 5684 335 5756 (98)
376 5690 441 5744 Ἦ
460 5705 522 5742 τε
547 5684 626 5742 si
655 5684 931 5756 Κρήτηςκ
958 5684 1068 5741 Hoc
1122 5688 1314 5742 fabulae
1379 5694 1671 5742 monstrum

147 5769 251 5814 est.
283 5755 448 5828 Lege,
475 5767 533 5813 ut
556 5774 717 5828 supra
757 5771 874 5826 pag.
907 5755 1010 5811 494
1033 5773 1095 5812 ex
1122 5757 1374 5814 Taliane.
1401 5757 1539 5812 unde
1572 5757 1671 5811 ista

1786 4584 1839 4636 in
1870 4581 2121 4635 Chronico
2167 4579 2374 4643 statuit,
2427 4591 2567 4631 anno
2594 4576 2740 4645 regni
2769 4573 2945 4627 Persei
2977 4567 3210 4628 secundo
3234 4582 3320 4621 su-

1783 4687 1878 4742 pra
1909 4670 2272 4733 tricesimum,
2320 4668 2426 4722 diis
2481 4667 2746 4734 ascriptus
2795 4662 2971 4716 fuerit.
3029 4659 3109 4713 Ab
3135 4658 3321 4713 eodem

1785 4761 1991 4815 Baccho
2043 4759 2109 4813 ad
2160 4756 2438 4812 llerculem
2509 4768 2570 4808 ac
2639 4763 2887 4806 strenuos
2953 4752 3069 4804 illos
3120 4752 3322 4819 princi-

1782 4867 1876 4923 pes
1925 4848 2136 4904 Iasonis
2196 4849 2250 4901 in
2300 4845 2661 4914 Argonautica
2723 4843 3058 4914 cxpeditione
3125 4842 3320 4906 socios,

1783 4988 2027 5041 Clemens
2052 5002 2064 5037 :
2091 4983 2125 5051 ἦ
2154 4999 2212 5034 τε
2250 4982 2313 5033 ὲκ
2343 4982 2609 5052 Φοινίκης,
2649 4981 2748 5049 τῆς
2773 4976 3067 5048 Εὐρώπης,
3105 4978 3185 5040 είς
3224 4975 3322 5047 τήν

1783 5057 2024 5127 Κρήτηνῷ
2033 5052 2347 5127 ἀνακομιδη.

1850 5115 1970 5192 (99Ῑ
2003 5115 2219 5192 "Arte...
2243 5115 2336 5192 καὶ
2358 5119 2672 5188 Κέρκυλος.
2710 5115 3189 5192 Cleme_ns,_Aiyfa;
3226 5115 3320 5192 καὶ

1779 5187 2081 5265 Δερκύλος(
2098 5190 2316 5245 Diﬂieile
2338 5187 2701 5265 eststatuere,
2729 5196 2845 5265 utra
2880 5188 3182 5265 lectioyera
3201 5187 3314 5265 ‘sit.

1779 5255 2054 5318 Posterius
2092 5275 2287 5314 nomen
2323 5257 2465 5315 quod
2493 5259 2720 5323 attinet,
2764 5257 2943 5323 plures
2977 5255 3164 5322 opinor
3187 5255 3318 5322 Asp—

1779 5333 2030 5395 κύλλους,
2059 5345 2154 5385 seu
2184 5327 2514 5399 Δερκύλους,
2538 5341 2701 5395 quam
2735 5324 3073 5397 Κερκύλους,
3101 5332 3319 5376 vocatos

1780 5415 2039 5457 repertas.

1843 5417 2211 5538 ffi'egmc
2243 5465 2550 5538 μέμνηται,
2591 5463 2908 5538 ζιὶοάη-β-ιει
2928 5461 2970 5514 Ε
3001 5459 3311 5535 saepissime.

1776 5533 2116 5594 Heraclidem
2141 5533 2370 5606 appellat
2398 5533 2559 5588 Iliad.
2591 5534 2651 5596 Β,
2681 5549 2728 5586 v.
2756 5533 2857 5586 554
2884 5547 2898 5582 :

1851 5630 2222 5696 Τληπόλεμος
2253 5627 2304 5680 δ’
2334 5626 2725 5695 Ἡρακλείδης,
2756 5625 2866 5691 ἠῢς
2887 5639 2968 5689 τε,
2989 5619 3172 5692 μέγας
3195 5635 3286 5684 τε,

1773 5726 1827 5772 et
1857 5715 2019 5769 Iliad.
2051 5715 2111 5777 E,
2141 5714 2259 5768 628.
