  <div class='ocr_page' id='page_1' title='image "/cluster/home/n/w/nwhite01/storage/ocr_20150623/21/pst.000004029076/423.png"; bbox 0 0 4038 6330; ppageno 0'>
   <div class='ocr_carea' id='block_1_1' title="bbox 668 396 765 448">
    <p class='ocr_par' dir='ltr' id='par_1_1' title="bbox 668 396 765 448">
     <span class='ocr_line' id='line_1_1' title="bbox 668 396 765 448; baseline 0 -1"><span class='ocrx_word' id='word_1_1' title='bbox 668 396 765 448; x_wconf 77' lang='grc'><strong>851</strong></span> 
     </span>
    </p>
   </div>
   <div class='ocr_carea' id='block_1_2' title="bbox 1295 384 3866 445">
    <p class='ocr_par' dir='ltr' id='par_1_2' title="bbox 1295 384 3866 445">
     <span class='ocr_line' id='line_1_2' title="bbox 1295 384 3866 445; baseline -0.002 -3"><span class='ocrx_word' id='word_1_2' title='bbox 1295 389 1564 445; x_wconf 84' lang='lat' dir='ltr'><strong>EUSEBII</strong></span> <span class='ocrx_word' id='word_1_3' title='bbox 1602 388 2079 445; x_wconf 67' lang='lat' dir='ltr'><strong>CASSARIENSIS</strong></span> <span class='ocrx_word' id='word_1_4' title='bbox 2114 387 2263 443; x_wconf 81' lang='lat' dir='ltr'><strong>OPP.</strong></span> <span class='ocrx_word' id='word_1_5' title='bbox 2298 387 2474 443; x_wconf 79' lang='lat' dir='ltr'><strong>PARS</strong></span> <span class='ocrx_word' id='word_1_6' title='bbox 2511 388 2573 441; x_wconf 89' lang='lat' dir='ltr'><strong>II.</strong></span> <span class='ocrx_word' id='word_1_7' title='bbox 2614 418 2683 430; x_wconf 92' lang='lat'><strong>-—</strong></span> <span class='ocrx_word' id='word_1_8' title='bbox 2718 386 3210 444; x_wconf 84' lang='lat' dir='ltr'><strong>APOLOGETICA.</strong></span> <span class='ocrx_word' id='word_1_9' title='bbox 3783 384 3866 440; x_wconf 68' lang='lat'><strong>832</strong></span> 
     </span>
    </p>
   </div>
   <div class='ocr_carea' id='block_1_3' title="bbox 669 500 2227 577">
    <p class='ocr_par' dir='ltr' id='par_1_3' title="bbox 669 505 2223 577">
     <span class='ocr_line' id='line_1_3' title="bbox 669 505 2223 577; baseline -0.002 -14"><span class='ocrx_word' id='word_1_10' title='bbox 669 508 795 563; x_wconf 79' lang='lat' dir='ltr'><strong>anni</strong></span> <span class='ocrx_word' id='word_1_11' title='bbox 849 516 957 561; x_wconf 87' lang='lat' dir='ltr'><strong>tres</strong></span> <span class='ocrx_word' id='word_1_12' title='bbox 1010 515 1063 561; x_wconf 88' lang='lat' dir='ltr'><strong>et</strong></span> <span class='ocrx_word' id='word_1_13' title='bbox 1118 508 1392 575; x_wconf 73' lang='lat' dir='ltr'><strong>sexaginta</strong></span> <span class='ocrx_word' id='word_1_14' title='bbox 1459 508 1802 577; x_wconf 88' lang='lat' dir='ltr'><strong>colliguntur.</strong></span> <span class='ocrx_word' id='word_1_15' title='bbox 1890 505 2223 572; x_wconf 85' lang='lat' dir='ltr'><strong>Quibuscum</strong></span> 
     </span>
    </p>
   </div>
   <div class='ocr_carea' id='block_1_4' title="bbox 2328 500 3867 577">
    <p class='ocr_par' dir='ltr' id='par_1_4' title="bbox 2328 500 3867 577">
     <span class='ocr_line' id='line_1_4' title="bbox 2328 500 3867 577; baseline -0.005 -17"><span class='ocrx_word' id='word_1_16' title='bbox 2328 508 2470 574; x_wconf 83' lang='grc' dir='ltr'>κοῖς.</span> <span class='ocrx_word' id='word_1_17' title='bbox 2522 510 2651 563; x_wconf 80' lang='grc' dir='ltr'>Ἀπὸ</span> <span class='ocrx_word' id='word_1_18' title='bbox 2678 509 2775 577; x_wconf 81' lang='grc' dir='ltr'>τῆς</span> <span class='ocrx_word' id='word_1_19' title='bbox 2811 504 3135 576; x_wconf 77' lang='grc' dir='ltr'><strong>Ἡρακλέους</strong></span> <span class='ocrx_word' id='word_1_20' title='bbox 3166 505 3222 555; x_wconf 85' lang='grc' dir='ltr'><strong>ὲν</strong></span> <span class='ocrx_word' id='word_1_21' title='bbox 3261 505 3450 573; x_wconf 82' lang='grc' dir='ltr'>Ἀργει</span> <span class='ocrx_word' id='word_1_22' title='bbox 3486 500 3772 572; x_wconf 74' lang='grc' dir='ltr'><strong>βασιλείας</strong></span> <span class='ocrx_word' id='word_1_23' title='bbox 3795 502 3867 553; x_wconf 75' lang='grc' dir='ltr'><strong>ἐπὶ</strong></span> 
     </span>
    </p>
   </div>
   <div class='ocr_carea' id='block_1_5' title="bbox 672 597 2222 669">
    <p class='ocr_par' dir='ltr' id='par_1_5' title="bbox 672 597 2222 669">
     <span class='ocr_line' id='line_1_5' title="bbox 672 597 2222 669; baseline -0.001 -15"><span class='ocrx_word' id='word_1_24' title='bbox 672 598 1013 667; x_wconf 63' lang='lat' dir='ltr'><strong>Esculapius</strong></span> <span class='ocrx_word' id='word_1_25' title='bbox 1073 612 1135 652; x_wconf 83' lang='lat' dir='ltr'><strong>ac</strong></span> <span class='ocrx_word' id='word_1_26' title='bbox 1205 597 1524 669; x_wconf 87' lang='lat' dir='ltr'><strong>Tyndarida</strong></span> <span class='ocrx_word' id='word_1_27' title='bbox 1590 600 1950 668; x_wconf 81' lang='lat' dir='ltr'><strong>navigarunt,</strong></span> <span class='ocrx_word' id='word_1_28' title='bbox 2016 607 2074 652; x_wconf 92' lang='lat' dir='ltr'><strong>ut</strong></span> <span class='ocrx_word' id='word_1_29' title='bbox 2144 609 2222 653; x_wconf 85' lang='lat' dir='ltr'><strong>te-</strong></span> 
     </span>
    </p>
   </div>
   <div class='ocr_carea' id='block_1_6' title="bbox 670 689 2225 759">
    <p class='ocr_par' dir='ltr' id='par_1_6' title="bbox 670 689 2225 759">
     <span class='ocr_line' id='line_1_6' title="bbox 670 689 2225 759; baseline 0.001 -16"><span class='ocrx_word' id='word_1_30' title='bbox 670 699 843 743; x_wconf 69' lang='lat' dir='ltr'><strong>statur</strong></span> <span class='ocrx_word' id='word_1_31' title='bbox 903 690 1224 759; x_wconf 82' lang='lat' dir='ltr'><strong>Apollonius</strong></span> <span class='ocrx_word' id='word_1_32' title='bbox 1280 689 1520 745; x_wconf 81' lang='lat' dir='ltr'><strong>Rhodius</strong></span> <span class='ocrx_word' id='word_1_33' title='bbox 1573 692 1627 744; x_wconf 93' lang='lat' dir='ltr'><strong>in</strong></span> <span class='ocrx_word' id='word_1_34' title='bbox 1692 691 2078 758; x_wconf 80' lang='lat' dir='ltr'><strong>Argonauticis.</strong></span> <span class='ocrx_word' id='word_1_35' title='bbox 2143 692 2225 745; x_wconf 84' lang='lat' dir='ltr'><strong>Ab</strong></span> 
     </span>
    </p>
   </div>
   <div class='ocr_carea' id='block_1_7' title="bbox 669 780 2227 851">
    <p class='ocr_par' dir='ltr' id='par_1_7' title="bbox 669 780 2227 851">
     <span class='ocr_line' id='line_1_7' title="bbox 669 780 2227 851; baseline -0.001 -16"><span class='ocrx_word' id='word_1_36' title='bbox 669 780 916 836; x_wconf 86' lang='lat' dir='ltr'><strong>IIerculis</strong></span> <span class='ocrx_word' id='word_1_37' title='bbox 982 781 1181 850; x_wconf 77' lang='lat' dir='ltr'><strong>Argivo</strong></span> <span class='ocrx_word' id='word_1_38' title='bbox 1239 797 1441 850; x_wconf 80' lang='lat' dir='ltr'><strong>regno,</strong></span> <span class='ocrx_word' id='word_1_39' title='bbox 1498 782 1565 835; x_wconf 88' lang='lat' dir='ltr'><strong>ad</strong></span> <span class='ocrx_word' id='word_1_40' title='bbox 1628 783 1867 851; x_wconf 76' lang='lat' dir='ltr'><strong>ejusdem</strong></span> <span class='ocrx_word' id='word_1_41' title='bbox 1932 797 1996 835; x_wconf 89' lang='lat' dir='ltr'><strong>ac</strong></span> <span class='ocrx_word' id='word_1_42' title='bbox 2066 780 2227 836; x_wconf 88' lang='lat' dir='ltr'><strong>simul</strong></span> 
     </span>
    </p>
   </div>
   <div class='ocr_carea' id='block_1_8' title="bbox 671 872 2228 941">
    <p class='ocr_par' dir='ltr' id='par_1_8' title="bbox 671 872 2228 941">
     <span class='ocr_line' id='line_1_8' title="bbox 671 872 2228 941; baseline -0.001 -14"><span class='ocrx_word' id='word_1_43' title='bbox 671 872 968 941; x_wconf 63' lang='lat' dir='ltr'><strong>Esculapii</strong></span> <span class='ocrx_word' id='word_1_44' title='bbox 1052 876 1551 939; x_wconf 78' lang='lat' dir='ltr'><strong>consecrationem,</strong></span> <span class='ocrx_word' id='word_1_45' title='bbox 1637 876 1763 928; x_wconf 90' lang='lat' dir='ltr'><strong>anni</strong></span> <span class='ocrx_word' id='word_1_46' title='bbox 1827 884 1975 928; x_wconf 82' lang='lat' dir='ltr'><strong>oeto-</strong></span> <span class='ocrx_word' id='word_1_47' title='bbox 2020 882 2074 927; x_wconf 89' lang='lat' dir='ltr'><strong>et</strong></span> <span class='ocrx_word' id='word_1_48' title='bbox 2135 876 2228 927; x_wconf 89' lang='lat' dir='ltr'><strong>tri-</strong></span> 
     </span>
    </p>
   </div>
   <div class='ocr_carea' id='block_1_9' title="bbox 672 966 2224 1035">
    <p class='ocr_par' dir='ltr' id='par_1_9' title="bbox 672 966 2224 1035">
     <span class='ocr_line' id='line_1_9' title="bbox 672 966 2224 1035; baseline 0.001 -20"><span class='ocrx_word' id='word_1_49' title='bbox 672 966 817 1033; x_wconf 88' lang='lat' dir='ltr'><strong>gi&#39;nta</strong></span> <span class='ocrx_word' id='word_1_50' title='bbox 857 968 923 1016; x_wconf 86' lang='lat' dir='ltr'><strong>ab</strong></span> <span class='ocrx_word' id='word_1_51' title='bbox 956 966 1280 1032; x_wconf 82' lang='lat' dir='ltr'><strong>Apollodoro</strong></span> <span class='ocrx_word' id='word_1_52' title='bbox 1347 967 1771 1035; x_wconf 83' lang='lat' dir='ltr'><strong>Chronographo</strong></span> <span class='ocrx_word' id='word_1_53' title='bbox 1852 975 2224 1020; x_wconf 84' lang='lat' dir='ltr'><strong>numerantur.</strong></span> 
     </span>
    </p>
   </div>
   <div class='ocr_carea' id='block_1_10' title="bbox 673 1052 2227 1126">
    <p class='ocr_par' dir='ltr' id='par_1_10' title="bbox 673 1052 2227 1126">
     <span class='ocr_line' id='line_1_10' title="bbox 673 1052 2227 1126; baseline 0.001 -20"><span class='ocrx_word' id='word_1_54' title='bbox 673 1052 839 1126; x_wconf 54' lang='lat'><strong>‘99</strong></span> <span class='ocrx_word' id='word_1_55' title='bbox 867 1053 991 1108; x_wconf 92' lang='lat' dir='ltr'><strong>Inde</strong></span> <span class='ocrx_word' id='word_1_56' title='bbox 1017 1055 1084 1109; x_wconf 89' lang='lat' dir='ltr'><strong>ad</strong></span> <span class='ocrx_word' id='word_1_57' title='bbox 1129 1058 1357 1110; x_wconf 91' lang='lat' dir='ltr'><strong>similem</strong></span> <span class='ocrx_word' id='word_1_58' title='bbox 1392 1055 1634 1111; x_wconf 80' lang='lat' dir='ltr'><strong>Castoris</strong></span> <span class='ocrx_word' id='word_1_59' title='bbox 1667 1074 1731 1111; x_wconf 91' lang='lat' dir='ltr'><strong>ac</strong></span> <span class='ocrx_word' id='word_1_60' title='bbox 1757 1056 1995 1109; x_wconf 87' lang='lat' dir='ltr'><strong>Pollucis</strong></span> <span class='ocrx_word' id='word_1_61' title='bbox 2032 1068 2227 1109; x_wconf 59' lang='lat' dir='ltr'><strong>consec</strong></span> 
     </span>
    </p>
   </div>
   <div class='ocr_carea' id='block_1_11' title="bbox 2327 591 3866 671">
    <p class='ocr_par' dir='ltr' id='par_1_11' title="bbox 2327 591 3866 671">
     <span class='ocr_line' id='line_1_11' title="bbox 2327 591 3866 671; baseline -0.008 -19"><span class='ocrx_word' id='word_1_62' title='bbox 2327 600 2426 671; x_wconf 80' lang='grc' dir='ltr'><strong>τὴν</strong></span> <span class='ocrx_word' id='word_1_63' title='bbox 2486 598 2807 670; x_wconf 80' lang='grc' dir='ltr'><strong>Ἡρακλέους</strong></span> <span class='ocrx_word' id='word_1_64' title='bbox 2849 594 3011 649; x_wconf 75' lang='grc' dir='ltr'>αὑτοῦ</span> <span class='ocrx_word' id='word_1_65' title='bbox 3053 594 3144 647; x_wconf 75' lang='grc' dir='ltr'><strong>καὶ</strong></span> <span class='ocrx_word' id='word_1_66' title='bbox 3198 592 3516 663; x_wconf 84' lang='grc' dir='ltr'>Ἀσκληπιοῦ</span> <span class='ocrx_word' id='word_1_67' title='bbox 3575 591 3866 646; x_wconf 70' lang='grc' dir='ltr'>ἀποθέωσιν</span> 
     </span>
    </p>
   </div>
   <div class='ocr_carea' id='block_1_12' title="bbox 2330 681 3867 761">
    <p class='ocr_par' dir='ltr' id='par_1_12' title="bbox 2330 681 3867 761">
     <span class='ocr_line' id='line_1_12' title="bbox 2330 681 3867 761; baseline -0.007 -19"><span class='ocrx_word' id='word_1_68' title='bbox 2330 691 2422 761; x_wconf 79' lang='grc' dir='ltr'>ἐτη</span> <span class='ocrx_word' id='word_1_69' title='bbox 2465 690 2749 757; x_wconf 83' lang='grc' dir='ltr'>συνάγεται</span> <span class='ocrx_word' id='word_1_70' title='bbox 2781 688 2881 758; x_wconf 85' lang='grc' dir='ltr'>λη’,</span> <span class='ocrx_word' id='word_1_71' title='bbox 2916 684 3051 757; x_wconf 82' lang='grc' dir='ltr'>μετά</span> <span class='ocrx_word' id='word_1_72' title='bbox 3087 686 3177 737; x_wconf 79' lang='grc' dir='ltr'>τὸν</span> <span class='ocrx_word' id='word_1_73' title='bbox 3205 684 3573 756; x_wconf 82' lang='grc' dir='ltr'>χρονογράφον</span> <span class='ocrx_word' id='word_1_74' title='bbox 3628 681 3867 734; x_wconf 74' lang='grc' dir='ltr'>Ἀπολλό-</span> 
     </span>
    </p>
   </div>
   <div class='ocr_carea' id='block_1_13' title="bbox 2332 771 3870 860">
    <p class='ocr_par' dir='ltr' id='par_1_13' title="bbox 2332 771 3870 860">
     <span class='ocr_line' id='line_1_13' title="bbox 2332 771 3870 860; baseline -0.01 -28"><span class='ocrx_word' id='word_1_75' title='bbox 2332 780 2520 850; x_wconf 86' lang='grc' dir='ltr'>δωρον·</span> <span class='ocrx_word' id='word_1_76' title='bbox 2551 779 2793 832; x_wconf 74' lang='grc' dir='ltr'>ἐντεῦθεν</span> <span class='ocrx_word' id='word_1_77' title='bbox 2824 779 2879 831; x_wconf 82' lang='grc' dir='ltr'><strong>δὲ</strong></span> <span class='ocrx_word' id='word_1_78' title='bbox 2916 778 3006 829; x_wconf 79' lang='grc' dir='ltr'><strong>ἐπὶ</strong></span> <span class='ocrx_word' id='word_1_79' title='bbox 3046 777 3141 846; x_wconf 83' lang='grc' dir='ltr'><strong>τὴν</strong></span> <span class='ocrx_word' id='word_1_80' title='bbox 3171 776 3444 845; x_wconf 80' lang='grc' dir='ltr'>Κάστορος</span> <span class='ocrx_word' id='word_1_81' title='bbox 3489 775 3582 826; x_wconf 81' lang='grc' dir='ltr'>καὶ</span> <span class='ocrx_word' id='word_1_82' title='bbox 3622 771 3870 860; x_wconf 52' lang='lat' dir='ltr'><strong>{Ioniae-3.</strong></span> 
     </span>
    </p>
   </div>
   <div class='ocr_carea' id='block_1_14' title="bbox 2333 863 3870 938">
    <p class='ocr_par' dir='ltr' id='par_1_14' title="bbox 2333 863 3870 938">
     <span class='ocr_line' id='line_1_14' title="bbox 2333 863 3870 938; baseline -0.005 -16"><span class='ocrx_word' id='word_1_83' title='bbox 2333 887 2459 932; x_wconf 87' lang='grc' dir='ltr'>κους</span> <span class='ocrx_word' id='word_1_84' title='bbox 2509 870 2804 922; x_wconf 79' lang='grc' dir='ltr'><strong>ἀποθέωσιν</strong></span> <span class='ocrx_word' id='word_1_85' title='bbox 2841 869 2931 938; x_wconf 76' lang='grc' dir='ltr'>ἐτη</span> <span class='ocrx_word' id='word_1_86' title='bbox 2976 874 3080 934; x_wconf 83' lang='grc' dir='ltr'><strong>νγ’·</strong></span> <span class='ocrx_word' id='word_1_87' title='bbox 3124 865 3349 918; x_wconf 69' lang='grc' dir='ltr'>ἐνταῦθά</span> <span class='ocrx_word' id='word_1_88' title='bbox 3394 882 3493 917; x_wconf 86' lang='grc' dir='ltr'><strong>που</strong></span> <span class='ocrx_word' id='word_1_89' title='bbox 3521 865 3619 918; x_wconf 67' lang='grc' dir='ltr'>καὶ</span> <span class='ocrx_word' id='word_1_90' title='bbox 3652 866 3690 933; x_wconf 84' lang='grc' dir='ltr'><strong>ή</strong></span> <span class='ocrx_word' id='word_1_91' title='bbox 3740 863 3870 915; x_wconf 75' lang='grc' dir='ltr'>’ῐὶίου</span> 
     </span>
    </p>
   </div>
   <div class='ocr_carea' id='block_1_15' title="bbox 2333 953 3873 1029">
    <p class='ocr_par' dir='ltr' id='par_1_15' title="bbox 2333 953 3873 1029">
     <span class='ocr_line' id='line_1_15' title="bbox 2333 953 3873 1029; baseline -0.006 -17"><span class='ocrx_word' id='word_1_92' title='bbox 2333 960 2646 1029; x_wconf 70' lang='grc' dir='ltr'>κατάληψις.</span> <span class='ocrx_word' id='word_1_93' title='bbox 2674 960 2736 1011; x_wconf 88' lang='grc' dir='ltr'>Εί</span> <span class='ocrx_word' id='word_1_94' title='bbox 2762 959 2817 1011; x_wconf 76' lang='grc' dir='ltr'><strong>δὲ</strong></span> <span class='ocrx_word' id='word_1_95' title='bbox 2840 954 3237 1027; x_wconf 80' lang='grc' dir='ltr'>χρὴπείθεσθαι</span> <span class='ocrx_word' id='word_1_96' title='bbox 3258 956 3349 1008; x_wconf 66' lang='grc' dir='ltr'><strong>κα)⁵</strong></span> <span class='ocrx_word' id='word_1_97' title='bbox 3382 954 3605 1025; x_wconf 79' lang='grc' dir='ltr'><strong>Ἡσιόδῳ</strong></span> <span class='ocrx_word' id='word_1_98' title='bbox 3630 953 3716 1023; x_wconf 84' lang='grc' dir='ltr'>τῷ</span> <span class='ocrx_word' id='word_1_99' title='bbox 3738 968 3873 1019; x_wconf 71' lang='grc' dir='ltr'>ποιη-</span> 
     </span>
    </p>
   </div>
   <div class='ocr_carea' id='block_1_16' title="bbox 2330 1048 2978 1124">
    <p class='ocr_par' dir='ltr' id='par_1_16' title="bbox 2330 1048 2978 1124">
     <span class='ocr_line' id='line_1_16' title="bbox 2330 1048 2978 1124; baseline -0.006 -21"><span class='ocrx_word' id='word_1_100' title='bbox 2330 1054 2417 1119; x_wconf 83' lang='grc' dir='ltr'><strong>τῇ,</strong></span> <span class='ocrx_word' id='word_1_101' title='bbox 2452 1050 2767 1119; x_wconf 80' lang='grc' dir='ltr'>ἀκούσωμεν</span> <span class='ocrx_word' id='word_1_102' title='bbox 2796 1048 2978 1124; x_wconf 53' lang='grc' dir='ltr'><strong>αυτοῦ⁸</strong></span> 
     </span>
    </p>
   </div>
   <div class='ocr_carea' id='block_1_17' title="bbox 673 1136 3874 1215">
    <p class='ocr_par' dir='ltr' id='par_1_17' title="bbox 673 1136 3874 1215">
     <span class='ocr_line' id='line_1_17' title="bbox 673 1136 3874 1215; baseline -0.004 -15"><span class='ocrx_word' id='word_1_103' title='bbox 673 1145 991 1207; x_wconf 78' lang='lat' dir='ltr'><strong>orationem,</strong></span> <span class='ocrx_word' id='word_1_104' title='bbox 1020 1155 1129 1199; x_wconf 89' lang='lat' dir='ltr'><strong>tres</strong></span> <span class='ocrx_word' id='word_1_105' title='bbox 1158 1155 1211 1199; x_wconf 89' lang='lat' dir='ltr'><strong>et</strong></span> <span class='ocrx_word' id='word_1_106' title='bbox 1234 1146 1649 1214; x_wconf 84' lang='lat' dir='ltr'><strong>quinquaginta,</strong></span> <span class='ocrx_word' id='word_1_107' title='bbox 1681 1162 1790 1215; x_wconf 92' lang='lat' dir='ltr'><strong>quo</strong></span> <span class='ocrx_word' id='word_1_108' title='bbox 1816 1148 2029 1201; x_wconf 85' lang='lat' dir='ltr'><strong>circiter</strong></span> <span class='ocrx_word' id='word_1_109' title='bbox 2051 1146 2213 1198; x_wconf 90' lang='lat' dir='ltr'><strong>etiam</strong></span> <span class='ocrx_word' id='word_1_110' title='bbox 2254 1150 2490 1212; x_wconf 86' lang='lat' dir='ltr'><strong>tempore</strong></span> <span class='ocrx_word' id='word_1_111' title='bbox 2516 1152 2733 1209; x_wconf 88' lang='lat' dir='ltr'><strong>captum</strong></span> <span class='ocrx_word' id='word_1_112' title='bbox 2756 1151 2838 1194; x_wconf 90' lang='lat' dir='ltr'><strong>est</strong></span> <span class='ocrx_word' id='word_1_113' title='bbox 2860 1138 3035 1193; x_wconf 86' lang='lat' dir='ltr'><strong>Ilium.</strong></span> <span class='ocrx_word' id='word_1_114' title='bbox 3092 1136 3247 1203; x_wconf 83' lang='lat' dir='ltr'><strong>Quod</strong></span> <span class='ocrx_word' id='word_1_115' title='bbox 3276 1138 3321 1194; x_wconf 86' lang='lat' dir='ltr'><strong>si</strong></span> <span class='ocrx_word' id='word_1_116' title='bbox 3373 1136 3608 1193; x_wconf 80' lang='lat' dir='ltr'><strong>Hesiodo</strong></span> <span class='ocrx_word' id='word_1_117' title='bbox 3662 1147 3874 1204; x_wconf 86' lang='lat' dir='ltr'><strong>quoque</strong></span> 
     </span>
    </p>
   </div>
   <div class='ocr_carea' id='block_1_18' title="bbox 672 1233 2221 1307">
    <p class='ocr_par' dir='ltr' id='par_1_18' title="bbox 672 1233 2221 1307">
     <span class='ocr_line' id='line_1_18' title="bbox 672 1233 2221 1307; baseline 0.001 -21"><span class='ocrx_word' id='word_1_118' title='bbox 672 1244 842 1302; x_wconf 86' lang='lat' dir='ltr'><strong>poeta</strong></span> <span class='ocrx_word' id='word_1_119' title='bbox 862 1233 1017 1289; x_wconf 81' lang='lat' dir='ltr'><strong>[idem</strong></span> <span class='ocrx_word' id='word_1_120' title='bbox 1043 1235 1240 1289; x_wconf 85' lang='lat' dir='ltr'><strong>habere</strong></span> <span class='ocrx_word' id='word_1_121' title='bbox 1265 1237 1461 1305; x_wconf 83' lang='lat' dir='ltr'><strong>placet,</strong></span> <span class='ocrx_word' id='word_1_122' title='bbox 1492 1253 1587 1307; x_wconf 84' lang='lat' dir='ltr'><strong>age</strong></span> <span class='ocrx_word' id='word_1_123' title='bbox 1612 1239 1884 1299; x_wconf 80' lang='lat' dir='ltr'><strong>hominem</strong></span> <span class='ocrx_word' id='word_1_124' title='bbox 1917 1237 2221 1301; x_wconf 85' lang='lat' dir='ltr'><strong>audiamus,</strong></span> 
     </span>
    </p>
   </div>
   <div class='ocr_carea' id='block_1_19' title="bbox 672 1348 1989 1416">
    <p class='ocr_par' dir='ltr' id='par_1_19' title="bbox 672 1348 1989 1416">
     <span class='ocr_line' id='line_1_19' title="bbox 672 1348 1989 1416; baseline 0.002 -13"><span class='ocrx_word' id='word_1_125' title='bbox 672 1348 916 1416; x_wconf 70' lang='lat' dir='ltr'><strong>Iuppiter</strong></span> <span class='ocrx_word' id='word_1_126' title='bbox 946 1351 1206 1413; x_wconf 77' lang='lat' dir='ltr'><strong>illustrem</strong></span> <span class='ocrx_word' id='word_1_127' title='bbox 1238 1353 1386 1406; x_wconf 81' lang='lat' dir='ltr'><strong>Maia</strong></span> <span class='ocrx_word' id='word_1_128' title='bbox 1422 1370 1485 1408; x_wconf 74' lang='lat' dir='ltr'><strong>ea:</strong></span> <span class='ocrx_word' id='word_1_129' title='bbox 1516 1355 1783 1408; x_wconf 85' lang='lat' dir='ltr'><strong>Atlantide</strong></span> <span class='ocrx_word' id='word_1_130' title='bbox 1808 1364 1989 1408; x_wconf 81' lang='lat' dir='ltr'><strong>natum</strong></span> 
     </span>
    </p>
   </div>
   <div class='ocr_carea' id='block_1_20' title="bbox 678 1419 2039 1493">
    <p class='ocr_par' dir='ltr' id='par_1_20' title="bbox 678 1419 2039 1493">
     <span class='ocr_line' id='line_1_20' title="bbox 678 1419 2039 1493; baseline 0.004 -23"><span class='ocrx_word' id='word_1_131' title='bbox 678 1419 1016 1493; x_wconf 46' lang='lat' dir='ltr'><strong>Herculium,</strong></span> <span class='ocrx_word' id='word_1_132' title='bbox 1056 1425 1207 1475; x_wconf 83' lang='lat' dir='ltr'><strong>terris</strong></span> <span class='ocrx_word' id='word_1_133' title='bbox 1236 1440 1477 1491; x_wconf 81' lang='lat' dir='ltr'><strong>superum</strong></span> <span class='ocrx_word' id='word_1_134' title='bbox 1508 1426 1757 1476; x_wconf 85' lang='lat' dir='ltr'><strong>mandata</strong></span> <span class='ocrx_word' id='word_1_135' title='bbox 1794 1427 2039 1493; x_wconf 80' lang='lat' dir='ltr'><strong>ferentem</strong></span> 
     </span>
    </p>
   </div>
   <div class='ocr_carea' id='block_1_21' title="bbox 678 1489 1971 1562">
    <p class='ocr_par' dir='ltr' id='par_1_21' title="bbox 678 1489 1971 1562">
     <span class='ocr_line' id='line_1_21' title="bbox 678 1489 1971 1562; baseline 0.004 -21"><span class='ocrx_word' id='word_1_136' title='bbox 678 1489 948 1562; x_wconf 65' lang='lat' dir='ltr'><strong>Sustulit,</strong></span> <span class='ocrx_word' id='word_1_137' title='bbox 970 1492 1167 1544; x_wconf 70' lang='lat' dir='ltr'><strong>atherii</strong></span> <span class='ocrx_word' id='word_1_138' title='bbox 1200 1489 1413 1546; x_wconf 67' lang='lat' dir='ltr'><strong>consors</strong></span> <span class='ocrx_word' id='word_1_139' title='bbox 1442 1510 1556 1562; x_wconf 77' lang='lat' dir='ltr'><strong>qua:</strong></span> <span class='ocrx_word' id='word_1_140' title='bbox 1592 1495 1732 1561; x_wconf 77' lang='lat' dir='ltr'><strong>facta</strong></span> <span class='ocrx_word' id='word_1_141' title='bbox 1764 1489 1971 1546; x_wconf 69' lang='lat' dir='ltr'><strong>cabilis.</strong></span> 
     </span>
    </p>
   </div>
   <div class='ocr_carea' id='block_1_22' title="bbox 674 1558 2103 1633">
    <p class='ocr_par' dir='ltr' id='par_1_22' title="bbox 674 1558 2103 1633">
     <span class='ocr_line' id='line_1_22' title="bbox 674 1558 2103 1633; baseline 0.003 -23"><span class='ocrx_word' id='word_1_142' title='bbox 674 1558 743 1611; x_wconf 80' lang='grc' dir='ltr'><strong>Αι</strong></span> <span class='ocrx_word' id='word_1_143' title='bbox 778 1560 977 1613; x_wconf 83' lang='lat' dir='ltr'><strong>Semele</strong></span> <span class='ocrx_word' id='word_1_144' title='bbox 1007 1563 1180 1629; x_wconf 82' lang='lat' dir='ltr'><strong>g&#39;enuit</strong></span> <span class='ocrx_word' id='word_1_145' title='bbox 1218 1558 1495 1630; x_wconf 77' lang='lat' dir='ltr'><strong>proclivem</strong></span> <span class='ocrx_word' id='word_1_146' title='bbox 1520 1566 1573 1616; x_wconf 87' lang='lat' dir='ltr'><strong>in</strong></span> <span class='ocrx_word' id='word_1_147' title='bbox 1592 1558 1796 1633; x_wconf 35' lang='lat' dir='ltr'><strong>&#39;gandia</strong></span> <span class='ocrx_word' id='word_1_148' title='bbox 1822 1562 2103 1615; x_wconf 81' lang='lat' dir='ltr'><strong>Bacchum.</strong></span> 
     </span>
    </p>
   </div>
   <div class='ocr_carea' id='block_1_23' title="bbox 676 1669 2226 1746">
    <p class='ocr_par' dir='ltr' id='par_1_23' title="bbox 676 1669 2226 1746">
     <span class='ocr_line' id='line_1_23' title="bbox 676 1669 2226 1746; baseline 0.003 -22"><span class='ocrx_word' id='word_1_149' title='bbox 676 1669 921 1725; x_wconf 88' lang='lat' dir='ltr'><strong>Cadmus</strong></span> <span class='ocrx_word' id='word_1_150' title='bbox 942 1682 1087 1727; x_wconf 89' lang='lat' dir='ltr'><strong>certe</strong></span> <span class='ocrx_word' id='word_1_151' title='bbox 1119 1675 1333 1743; x_wconf 89' lang='lat' dir='ltr'><strong>quidem</strong></span> <span class='ocrx_word' id='word_1_152' title='bbox 1359 1688 1616 1744; x_wconf 81' lang='lat' dir='ltr'><strong>regnante</strong></span> <span class='ocrx_word' id='word_1_153' title='bbox 1647 1675 1858 1746; x_wconf 90' lang='lat' dir='ltr'><strong>Lynceo</strong></span> <span class='ocrx_word' id='word_1_154' title='bbox 1892 1674 2105 1730; x_wconf 81' lang='lat' dir='ltr'><strong>Thebas</strong></span> <span class='ocrx_word' id='word_1_155' title='bbox 2137 1689 2226 1729; x_wconf 85' lang='lat' dir='ltr'><strong>ve—</strong></span> 
     </span>
    </p>
   </div>
   <div class='ocr_carea' id='block_1_24' title="bbox 677 1762 2227 1836">
    <p class='ocr_par' dir='ltr' id='par_1_24' title="bbox 677 1762 2227 1836">
     <span class='ocr_line' id='line_1_24' title="bbox 677 1762 2227 1836; baseline 0.003 -21"><span class='ocrx_word' id='word_1_156' title='bbox 677 1762 778 1826; x_wconf 85' lang='lat' dir='ltr'><strong>nit,</strong></span> <span class='ocrx_word' id='word_1_157' title='bbox 802 1763 1096 1833; x_wconf 86' lang='lat' dir='ltr'><strong>Gracaque</strong></span> <span class='ocrx_word' id='word_1_158' title='bbox 1120 1766 1319 1834; x_wconf 90' lang='lat' dir='ltr'><strong>reperit</strong></span> <span class='ocrx_word' id='word_1_159' title='bbox 1341 1768 1623 1821; x_wconf 90' lang='lat' dir='ltr'><strong>elementa.</strong></span> <span class='ocrx_word' id='word_1_160' title='bbox 1645 1767 1806 1821; x_wconf 88' lang='lat' dir='ltr'><strong>Isidis</strong></span> <span class='ocrx_word' id='word_1_161' title='bbox 1830 1768 2051 1836; x_wconf 91' lang='lat' dir='ltr'><strong>aqualis</strong></span> <span class='ocrx_word' id='word_1_162' title='bbox 2074 1766 2227 1819; x_wconf 85' lang='lat' dir='ltr'><strong>Trio-</strong></span> 
     </span>
    </p>
   </div>
   <div class='ocr_carea' id='block_1_25' title="bbox 682 1854 2229 1928">
    <p class='ocr_par' dir='ltr' id='par_1_25' title="bbox 682 1854 2229 1928">
     <span class='ocr_line' id='line_1_25' title="bbox 682 1854 2229 1928; baseline 0.003 -21"><span class='ocrx_word' id='word_1_163' title='bbox 682 1870 780 1923; x_wconf 85' lang='lat' dir='ltr'><strong>pas</strong></span> <span class='ocrx_word' id='word_1_164' title='bbox 810 1854 931 1919; x_wconf 82' lang='lat' dir='ltr'><strong>fuit,</strong></span> <span class='ocrx_word' id='word_1_165' title='bbox 964 1866 1119 1910; x_wconf 88' lang='lat' dir='ltr'><strong>atate</strong></span> <span class='ocrx_word' id='word_1_166' title='bbox 1146 1870 1269 1927; x_wconf 89' lang='lat' dir='ltr'><strong>post</strong></span> <span class='ocrx_word' id='word_1_167' title='bbox 1294 1859 1549 1913; x_wconf 86' lang='lat' dir='ltr'><strong>Inachum</strong></span> <span class='ocrx_word' id='word_1_168' title='bbox 1581 1860 1843 1928; x_wconf 84' lang='lat' dir='ltr'><strong>septima:</strong></span> <span class='ocrx_word' id='word_1_169' title='bbox 1879 1862 2064 1914; x_wconf 86' lang='lat' dir='ltr'><strong>Ionem</strong></span> <span class='ocrx_word' id='word_1_170' title='bbox 2100 1873 2229 1913; x_wconf 86' lang='lat' dir='ltr'><strong>vero</strong></span> 
     </span>
    </p>
   </div>
   <div class='ocr_carea' id='block_1_26' title="bbox 678 1948 2231 2018">
    <p class='ocr_par' dir='ltr' id='par_1_26' title="bbox 678 1948 2231 2018">
     <span class='ocr_line' id='line_1_26' title="bbox 678 1948 2231 2018; baseline 0.004 -19"><span class='ocrx_word' id='word_1_171' title='bbox 678 1948 925 2001; x_wconf 87' lang='lat' dir='ltr'><strong>nonnulli</strong></span> <span class='ocrx_word' id='word_1_172' title='bbox 970 1965 1088 2002; x_wconf 90' lang='lat' dir='ltr'><strong>eam</strong></span> <span class='ocrx_word' id='word_1_173' title='bbox 1131 1951 1501 2018; x_wconf 86' lang='lat' dir='ltr'><strong>appellarunt,</strong></span> <span class='ocrx_word' id='word_1_174' title='bbox 1542 1951 1632 2004; x_wconf 86' lang='grc' dir='ltr'><strong>διὰ</strong></span> <span class='ocrx_word' id='word_1_175' title='bbox 1691 1950 1750 2004; x_wconf 82' lang='grc' dir='ltr'><strong>τὸ</strong></span> <span class='ocrx_word' id='word_1_176' title='bbox 1798 1951 1951 2014; x_wconf 79' lang='grc' dir='ltr'>ἰέναι,</span> <span class='ocrx_word' id='word_1_177' title='bbox 1997 1950 2099 2005; x_wconf 89' lang='lat' dir='ltr'><strong>hoc</strong></span> <span class='ocrx_word' id='word_1_178' title='bbox 2147 1959 2231 2005; x_wconf 91' lang='lat' dir='ltr'><strong>est</strong></span> 
     </span>
    </p>
   </div>
   <div class='ocr_carea' id='block_1_27' title="bbox 682 2040 2228 2108">
    <p class='ocr_par' dir='ltr' id='par_1_27' title="bbox 682 2040 2228 2108">
     <span class='ocr_line' id='line_1_27' title="bbox 682 2040 2228 2108; baseline 0.001 -17"><span class='ocrx_word' id='word_1_179' title='bbox 682 2040 828 2108; x_wconf 87' lang='lat' dir='ltr'><strong>quod</strong></span> <span class='ocrx_word' id='word_1_180' title='bbox 860 2047 1029 2094; x_wconf 89' lang='lat' dir='ltr'><strong>totum</strong></span> <span class='ocrx_word' id='word_1_181' title='bbox 1072 2042 1259 2095; x_wconf 90' lang='lat' dir='ltr'><strong>orbem</strong></span> <span class='ocrx_word' id='word_1_182' title='bbox 1291 2043 1524 2097; x_wconf 89' lang='lat' dir='ltr'><strong>errando</strong></span> <span class='ocrx_word' id='word_1_183' title='bbox 1556 2042 1887 2105; x_wconf 83' lang='lat' dir='ltr'><strong>circumiret,</strong></span> <span class='ocrx_word' id='word_1_184' title='bbox 1918 2042 1990 2095; x_wconf 91' lang='lat' dir='ltr'><strong>ita</strong></span> <span class='ocrx_word' id='word_1_185' title='bbox 2021 2056 2228 2095; x_wconf 83' lang='lat' dir='ltr'><strong>nuncu-</strong></span> 
     </span>
    </p>
   </div>
   <div class='ocr_carea' id='block_1_28' title="bbox 686 2130 2230 2199">
    <p class='ocr_par' dir='ltr' id='par_1_28' title="bbox 686 2130 2230 2199">
     <span class='ocr_line' id='line_1_28' title="bbox 686 2130 2230 2199; baseline 0.003 -17"><span class='ocrx_word' id='word_1_186' title='bbox 686 2130 1068 2199; x_wconf 82' lang='lat' dir='ltr'><strong>patam&#39;luisse</strong></span> <span class='ocrx_word' id='word_1_187' title='bbox 1099 2133 1451 2189; x_wconf 89' lang='lat' dir='ltr'><strong>arbitrantur.</strong></span> <span class='ocrx_word' id='word_1_188' title='bbox 1486 2135 1741 2188; x_wconf 86' lang='lat' dir='ltr'><strong>Eamdem</strong></span> <span class='ocrx_word' id='word_1_189' title='bbox 1786 2133 1940 2198; x_wconf 84' lang='lat' dir='ltr'><strong>Ister,</strong></span> <span class='ocrx_word' id='word_1_190' title='bbox 1973 2135 2113 2189; x_wconf 91' lang='lat' dir='ltr'><strong>libro</strong></span> <span class='ocrx_word' id='word_1_191' title='bbox 2155 2133 2230 2187; x_wconf 89' lang='lat' dir='ltr'><strong>De</strong></span> 
     </span>
    </p>
   </div>
   <div class='ocr_carea' id='block_1_29' title="bbox 682 2219 2229 2293">
    <p class='ocr_par' dir='ltr' id='par_1_29' title="bbox 682 2219 2229 2293">
     <span class='ocr_line' id='line_1_29' title="bbox 682 2219 2229 2293; baseline 0.004 -22"><span class='ocrx_word' id='word_1_192' title='bbox 682 2219 1057 2289; x_wconf 62' lang='lat' dir='ltr'><strong>Egyptiorum</strong></span> <span class='ocrx_word' id='word_1_193' title='bbox 1099 2222 1328 2288; x_wconf 86' lang='lat' dir='ltr'><strong>colonia,</strong></span> <span class='ocrx_word' id='word_1_194' title='bbox 1372 2223 1673 2278; x_wconf 88' lang='lat' dir='ltr'><strong>Promethei</strong></span> <span class='ocrx_word' id='word_1_195' title='bbox 1711 2224 1872 2277; x_wconf 79' lang='lat' dir='ltr'><strong>filiam</strong></span> <span class='ocrx_word' id='word_1_196' title='bbox 1909 2232 2091 2289; x_wconf 81' lang='lat' dir='ltr'><strong>vocat,</strong></span> <span class='ocrx_word' id='word_1_197' title='bbox 2136 2223 2229 2293; x_wconf 92' lang='lat' dir='ltr'><strong>qui</strong></span> 
     </span>
    </p>
   </div>
   <div class='ocr_carea' id='block_1_30' title="bbox 683 2308 2229 2381">
    <p class='ocr_par' dir='ltr' id='par_1_30' title="bbox 683 2308 2229 2381">
     <span class='ocr_line' id='line_1_30' title="bbox 683 2308 2229 2381; baseline 0.001 -18"><span class='ocrx_word' id='word_1_198' title='bbox 683 2308 896 2379; x_wconf 89' lang='lat' dir='ltr'><strong>Triopa</strong></span> <span class='ocrx_word' id='word_1_199' title='bbox 923 2326 1145 2379; x_wconf 84' lang='lat' dir='ltr'><strong>suppar,</strong></span> <span class='ocrx_word' id='word_1_200' title='bbox 1178 2314 1305 2366; x_wconf 90' lang='lat' dir='ltr'><strong>totis</strong></span> <span class='ocrx_word' id='word_1_201' title='bbox 1338 2323 1542 2381; x_wconf 89' lang='lat' dir='ltr'><strong>septem</strong></span> <span class='ocrx_word' id='word_1_202' title='bbox 1581 2314 1829 2367; x_wconf 89' lang='lat' dir='ltr'><strong>atatibus</strong></span> <span class='ocrx_word' id='word_1_203' title='bbox 1872 2312 2016 2367; x_wconf 79' lang='lat' dir='ltr'><strong>Mose</strong></span> <span class='ocrx_word' id='word_1_204' title='bbox 2048 2322 2229 2381; x_wconf 88' lang='lat' dir='ltr'><strong>poste-</strong></span> 
     </span>
    </p>
   </div>
   <div class='ocr_carea' id='block_1_31' title="bbox 679 2400 2227 2474">
    <p class='ocr_par' dir='ltr' id='par_1_31' title="bbox 679 2400 2227 2474">
     <span class='ocr_line' id='line_1_31' title="bbox 679 2400 2227 2474; baseline 0.002 -19"><span class='ocrx_word' id='word_1_205' title='bbox 679 2402 791 2456; x_wconf 90' lang='lat' dir='ltr'><strong>rior</strong></span> <span class='ocrx_word' id='word_1_206' title='bbox 823 2400 940 2456; x_wconf 82' lang='lat' dir='ltr'><strong>fuit.</strong></span> <span class='ocrx_word' id='word_1_207' title='bbox 979 2402 1057 2457; x_wconf 88' lang='lat' dir='ltr'><strong>Ex</strong></span> <span class='ocrx_word' id='word_1_208' title='bbox 1106 2404 1305 2474; x_wconf 82' lang='lat' dir='ltr'><strong>quibus</strong></span> <span class='ocrx_word' id='word_1_209' title='bbox 1357 2404 1598 2469; x_wconf 71' lang='lat' dir='ltr'><strong>efﬁcitur,</strong></span> <span class='ocrx_word' id='word_1_210' title='bbox 1642 2405 1843 2459; x_wconf 80' lang='lat' dir='ltr'><strong>Mosem</strong></span> <span class='ocrx_word' id='word_1_211' title='bbox 1888 2415 2012 2459; x_wconf 83' lang='lat' dir='ltr'><strong>ante</strong></span> <span class='ocrx_word' id='word_1_212' title='bbox 2047 2405 2227 2471; x_wconf 88' lang='lat' dir='ltr'><strong>illam,</strong></span> 
     </span>
    </p>
   </div>
   <div class='ocr_carea' id='block_1_32' title="bbox 679 2493 2227 2567">
    <p class='ocr_par' dir='ltr' id='par_1_32' title="bbox 679 2493 2227 2567">
     <span class='ocr_line' id='line_1_32' title="bbox 679 2493 2227 2567; baseline 0.004 -22"><span class='ocrx_word' id='word_1_213' title='bbox 679 2508 802 2565; x_wconf 84' lang='lat' dir='ltr'><strong>qua</strong></span> <span class='ocrx_word' id='word_1_214' title='bbox 842 2510 873 2548; x_wconf 88' lang='lat' dir='ltr'><strong>a</strong></span> <span class='ocrx_word' id='word_1_215' title='bbox 912 2493 1115 2550; x_wconf 85' lang='lat' dir='ltr'><strong>Gracis</strong></span> <span class='ocrx_word' id='word_1_216' title='bbox 1156 2497 1435 2560; x_wconf 87' lang='lat' dir='ltr'><strong>statuitur,</strong></span> <span class='ocrx_word' id='word_1_217' title='bbox 1472 2498 1754 2552; x_wconf 88' lang='lat' dir='ltr'><strong>hominum</strong></span> <span class='ocrx_word' id='word_1_218' title='bbox 1796 2498 2227 2567; x_wconf 85' lang='lat' dir='ltr'><strong>procreationem</strong></span> 
     </span>
    </p>
   </div>
   <div class='ocr_carea' id='block_1_33' title="bbox 677 2581 2226 2657">
    <p class='ocr_par' dir='ltr' id='par_1_33' title="bbox 677 2581 2226 2657">
     <span class='ocr_line' id='line_1_33' title="bbox 677 2581 2226 2657; baseline -0.003 -16"><span class='ocrx_word' id='word_1_219' title='bbox 677 2586 949 2641; x_wconf 81' lang='lat' dir='ltr'><strong>ﬂoruisse.</strong></span> <span class='ocrx_word' id='word_1_220' title='bbox 980 2585 1089 2640; x_wconf 90' lang='lat' dir='ltr'><strong>Leo</strong></span> <span class='ocrx_word' id='word_1_221' title='bbox 1108 2596 1387 2655; x_wconf 88' lang='lat' dir='ltr'><strong>praterea,</strong></span> <span class='ocrx_word' id='word_1_222' title='bbox 1412 2587 1457 2642; x_wconf 88' lang='lat' dir='ltr'><strong>is</strong></span> <span class='ocrx_word' id='word_1_223' title='bbox 1488 2586 1582 2657; x_wconf 89' lang='lat' dir='ltr'><strong>qui</strong></span> <span class='ocrx_word' id='word_1_224' title='bbox 1616 2586 1842 2639; x_wconf 87' lang='lat' dir='ltr'><strong>Deorum</strong></span> <span class='ocrx_word' id='word_1_225' title='bbox 1859 2581 2226 2654; x_wconf 69' lang='lat' dir='ltr'><strong>A‘Egyptiorum</strong></span> 
     </span>
    </p>
   </div>
   <div class='ocr_carea' id='block_1_34' title="bbox 682 2670 2229 2744">
    <p class='ocr_par' dir='ltr' id='par_1_34' title="bbox 682 2670 2229 2744">
     <span class='ocr_line' id='line_1_34' title="bbox 682 2670 2229 2744; baseline 0.004 -20"><span class='ocrx_word' id='word_1_226' title='bbox 682 2670 958 2728; x_wconf 70' lang='lat' dir='ltr'><strong>historiam</strong></span> <span class='ocrx_word' id='word_1_227' title='bbox 1015 2677 1372 2744; x_wconf 86' lang='lat' dir='ltr'><strong>conscripsit,</strong></span> <span class='ocrx_word' id='word_1_228' title='bbox 1425 2675 1531 2730; x_wconf 88' lang='lat' dir='ltr'><strong>Isin</strong></span> <span class='ocrx_word' id='word_1_229' title='bbox 1581 2692 1610 2729; x_wconf 89' lang='lat' dir='ltr'><strong>a</strong></span> <span class='ocrx_word' id='word_1_230' title='bbox 1663 2674 1864 2729; x_wconf 86' lang='lat' dir='ltr'><strong>Gracis</strong></span> <span class='ocrx_word' id='word_1_231' title='bbox 1918 2676 2229 2730; x_wconf 87' lang='lat' dir='ltr'><strong>hominibus</strong></span> 
     </span>
    </p>
   </div>
   <div class='ocr_carea' id='block_1_35' title="bbox 684 2759 2227 2835">
    <p class='ocr_par' dir='ltr' id='par_1_35' title="bbox 684 2759 2227 2835">
     <span class='ocr_line' id='line_1_35' title="bbox 684 2759 2227 2835; baseline 0.006 -22"><span class='ocrx_word' id='word_1_232' title='bbox 684 2759 933 2815; x_wconf 90' lang='lat' dir='ltr'><strong>Cererem</strong></span> <span class='ocrx_word' id='word_1_233' title='bbox 984 2765 1167 2818; x_wconf 79' lang='lat' dir='ltr'><strong>vocari</strong></span> <span class='ocrx_word' id='word_1_234' title='bbox 1223 2766 1399 2829; x_wconf 85' lang='lat' dir='ltr'><strong>docet,</strong></span> <span class='ocrx_word' id='word_1_235' title='bbox 1452 2782 1572 2833; x_wconf 86' lang='lat' dir='ltr'><strong>qua</strong></span> <span class='ocrx_word' id='word_1_236' title='bbox 1619 2764 1817 2835; x_wconf 80' lang='lat' dir='ltr'><strong>Lyncei</strong></span> <span class='ocrx_word' id='word_1_237' title='bbox 1867 2766 2227 2834; x_wconf 86' lang='lat' dir='ltr'><strong>temporibus,</strong></span> 
     </span>
    </p>
   </div>
   <div class='ocr_carea' id='block_1_36' title="bbox 684 2854 2229 2928">
    <p class='ocr_par' dir='ltr' id='par_1_36' title="bbox 684 2854 2229 2928">
     <span class='ocr_line' id='line_1_36' title="bbox 684 2854 2229 2928; baseline 0.003 -21"><span class='ocrx_word' id='word_1_238' title='bbox 684 2860 837 2907; x_wconf 71' lang='lat' dir='ltr'><strong>atate</strong></span> <span class='ocrx_word' id='word_1_239' title='bbox 868 2865 986 2922; x_wconf 90' lang='lat' dir='ltr'><strong>post</strong></span> <span class='ocrx_word' id='word_1_240' title='bbox 1016 2854 1219 2910; x_wconf 80' lang='lat' dir='ltr'><strong>Mosem</strong></span> <span class='ocrx_word' id='word_1_241' title='bbox 1241 2857 1543 2919; x_wconf 91' lang='lat' dir='ltr'><strong>undecima,</strong></span> <span class='ocrx_word' id='word_1_242' title='bbox 1567 2856 1718 2909; x_wconf 80' lang='lat' dir='ltr'><strong>vixit.</strong></span> <span class='ocrx_word' id='word_1_243' title='bbox 1746 2856 1885 2922; x_wconf 87' lang='lat' dir='ltr'><strong>Quin</strong></span> <span class='ocrx_word' id='word_1_244' title='bbox 1908 2858 2069 2911; x_wconf 88' lang='lat' dir='ltr'><strong>etiam</strong></span> <span class='ocrx_word' id='word_1_245' title='bbox 2099 2858 2229 2928; x_wconf 83' lang='lat' dir='ltr'><strong>Apis</strong></span> 
     </span>
    </p>
   </div>
   <div class='ocr_carea' id='block_1_37' title="bbox 681 2944 2225 3013">
    <p class='ocr_par' dir='ltr' id='par_1_37' title="bbox 681 2944 2225 3013">
     <span class='ocr_line' id='line_1_37' title="bbox 681 2944 2225 3013; baseline 0.001 -16"><span class='ocrx_word' id='word_1_246' title='bbox 681 2958 777 2997; x_wconf 87' lang='lat' dir='ltr'><strong>rex</strong></span> <span class='ocrx_word' id='word_1_247' title='bbox 807 2944 1152 3012; x_wconf 74' lang='lat' dir='ltr'><strong>Argivorum,</strong></span> <span class='ocrx_word' id='word_1_248' title='bbox 1183 2954 1242 2998; x_wconf 93' lang='lat' dir='ltr'><strong>ut</strong></span> <span class='ocrx_word' id='word_1_249' title='bbox 1270 2945 1460 2999; x_wconf 89' lang='lat' dir='ltr'><strong>scribit</strong></span> <span class='ocrx_word' id='word_1_250' title='bbox 1500 2945 1806 3013; x_wconf 81' lang='lat' dir='ltr'><strong>Aristippus</strong></span> <span class='ocrx_word' id='word_1_251' title='bbox 1846 2946 1983 2999; x_wconf 92' lang='lat' dir='ltr'><strong>libro</strong></span> <span class='ocrx_word' id='word_1_252' title='bbox 1998 2946 2225 2999; x_wconf 81' lang='lat' dir='ltr'><strong>Arcadi-</strong></span> 
     </span>
    </p>
   </div>
   <div class='ocr_carea' id='block_1_38' title="bbox 2325 1354 3876 1433">
    <p class='ocr_par' dir='ltr' id='par_1_38' title="bbox 2325 1354 3876 1433">
     <span class='ocr_line' id='line_1_38' title="bbox 2325 1354 3876 1433; baseline -0.017 -11"><span class='ocrx_word' id='word_1_253' title='bbox 2325 1365 2471 1430; x_wconf 78' lang='grc' dir='ltr'><strong>Ζηνὶ</strong></span> <span class='ocrx_word' id='word_1_254' title='bbox 2499 1364 2549 1416; x_wconf 83' lang='grc' dir='ltr'>δ’</span> <span class='ocrx_word' id='word_1_255' title='bbox 2584 1362 2672 1429; x_wconf 80' lang='grc' dir='ltr'><strong>ἄρ’</strong></span> <span class='ocrx_word' id='word_1_256' title='bbox 2706 1360 2999 1433; x_wconf 69' lang='grc' dir='ltr'>Ἀτλαντὶς</span> <span class='ocrx_word' id='word_1_257' title='bbox 3020 1360 3181 1433; x_wconf 40' lang='grc' dir='ltr'>Μαίη.</span> <span class='ocrx_word' id='word_1_258' title='bbox 3203 1356 3333 1410; x_wconf 82' lang='grc' dir='ltr'><strong>τέκε</strong></span> <span class='ocrx_word' id='word_1_259' title='bbox 3356 1354 3609 1433; x_wconf 56' lang='lat' dir='ltr'><strong>aniater</strong></span> <span class='ocrx_word' id='word_1_260' title='bbox 3644 1354 3876 1425; x_wconf 59' lang='grc' dir='ltr'>Ἑρμῆν.</span> 
     </span>
    </p>
   </div>
   <div class='ocr_carea' id='block_1_39' title="bbox 2325 1428 3705 1501">
    <p class='ocr_par' dir='ltr' id='par_1_39' title="bbox 2325 1428 3705 1501">
     <span class='ocr_line' id='line_1_39' title="bbox 2325 1428 3705 1501; baseline -0.008 -11"><span class='ocrx_word' id='word_1_261' title='bbox 2325 1428 2543 1501; x_wconf 77' lang='grc' dir='ltr'>Κήρυκ’</span> <span class='ocrx_word' id='word_1_262' title='bbox 2577 1428 2899 1493; x_wconf 82' lang='grc' dir='ltr'><strong>ἀθανάτων,</strong></span> <span class='ocrx_word' id='word_1_263' title='bbox 2936 1428 3093 1501; x_wconf 63' lang='grc' dir='ltr'>ἱερὸν</span> <span class='ocrx_word' id='word_1_264' title='bbox 3114 1428 3289 1501; x_wconf 54' lang='grc' dir='ltr'>λέχος</span> <span class='ocrx_word' id='word_1_265' title='bbox 3318 1428 3705 1501; x_wconf 68' lang='grc' dir='ltr'><strong>εζᾳαναϐᾶᾳα.</strong></span> 
     </span>
    </p>
   </div>
   <div class='ocr_carea' id='block_1_40' title="bbox 2325 1496 3731 1575">
    <p class='ocr_par' dir='ltr' id='par_1_40' title="bbox 2325 1496 3731 1575">
     <span class='ocr_line' id='line_1_40' title="bbox 2325 1496 3731 1575; baseline -0.006 -18"><span class='ocrx_word' id='word_1_266' title='bbox 2325 1496 2589 1575; x_wconf 45' lang='lat' dir='ltr'><strong>lia-dilabi</strong></span> <span class='ocrx_word' id='word_1_267' title='bbox 2612 1503 2663 1575; x_wconf 21' lang='lat'><strong>6&quot;</strong></span> <span class='ocrx_word' id='word_1_268' title='bbox 2698 1501 2823 1575; x_wconf 14' lang='grc' dir='ltr'>ἇραῗ</span> <span class='ocrx_word' id='word_1_269' title='bbox 2844 1497 3072 1575; x_wconf 36' lang='grc' dir='ltr'>Σεμέλη.</span> <span class='ocrx_word' id='word_1_270' title='bbox 3096 1497 3227 1575; x_wconf 61' lang='grc' dir='ltr'>τέκε</span> <span class='ocrx_word' id='word_1_271' title='bbox 3263 1496 3538 1575; x_wconf 60' lang='grc' dir='ltr'><strong>φαιδίμους</strong></span> <span class='ocrx_word' id='word_1_272' title='bbox 3561 1498 3731 1575; x_wconf 57' lang='grc' dir='ltr'><strong>υἱὸξ·ζ</strong></span> 
     </span>
    </p>
   </div>
   <div class='ocr_carea' id='block_1_41' title="bbox 2325 1566 3756 1643">
    <p class='ocr_par' dir='ltr' id='par_1_41' title="bbox 2325 1566 3756 1643">
     <span class='ocr_line' id='line_1_41' title="bbox 2325 1566 3756 1643; baseline -0.006 -15"><span class='ocrx_word' id='word_1_273' title='bbox 2325 1566 2592 1643; x_wconf 57' lang='grc' dir='ltr'><strong>Μιχόεῐθ</strong></span> <span class='ocrx_word' id='word_1_274' title='bbox 2630 1572 2699 1624; x_wconf 80' lang='grc' dir='ltr'><strong>ἐν</strong></span> <span class='ocrx_word' id='word_1_275' title='bbox 2727 1566 3014 1639; x_wconf 56' lang='grc' dir='ltr'>φιλότητι,</span> <span class='ocrx_word' id='word_1_276' title='bbox 3046 1566 3389 1619; x_wconf 82' lang='grc' dir='ltr'>Διώνυσσον</span> <span class='ocrx_word' id='word_1_277' title='bbox 3416 1566 3756 1633; x_wconf 73' lang='grc' dir='ltr'>πολυγηθῆ.</span> 
     </span>
    </p>
   </div>
   <div class='ocr_carea' id='block_1_42' title="bbox 2255 1676 3883 1783">
    <p class='ocr_par' dir='ltr' id='par_1_42' title="bbox 2255 1676 3883 1783">
     <span class='ocr_line' id='line_1_42' title="bbox 2255 1676 3883 1783; baseline -0.006 -45"><span class='ocrx_word' id='word_1_278' title='bbox 2255 1725 2300 1783; x_wconf 77' lang='grc' dir='ltr'><strong>Β</strong></span> <span class='ocrx_word' id='word_1_279' title='bbox 2326 1685 2543 1754; x_wconf 80' lang='grc' dir='ltr'><strong>Κάδμος</strong></span> <span class='ocrx_word' id='word_1_280' title='bbox 2572 1682 2666 1753; x_wconf 79' lang='grc' dir='ltr'><strong>μὲν</strong></span> <span class='ocrx_word' id='word_1_281' title='bbox 2690 1683 2718 1734; x_wconf 86' lang='grc' dir='ltr'><strong>ὁ</strong></span> <span class='ocrx_word' id='word_1_282' title='bbox 2739 1676 2975 1749; x_wconf 72' lang='grc' dir='ltr'>Σεμέλης</span> <span class='ocrx_word' id='word_1_283' title='bbox 3004 1677 3181 1749; x_wconf 81' lang='grc' dir='ltr'>πατὴρ</span> <span class='ocrx_word' id='word_1_284' title='bbox 3210 1676 3301 1729; x_wconf 71' lang='grc' dir='ltr'>ἐπὶ</span> <span class='ocrx_word' id='word_1_285' title='bbox 3326 1677 3579 1744; x_wconf 76' lang='grc' dir='ltr'><strong>Λυγκέως</strong></span> <span class='ocrx_word' id='word_1_286' title='bbox 3613 1679 3668 1738; x_wconf 72' lang='grc' dir='ltr'>ἐς</span> <span class='ocrx_word' id='word_1_287' title='bbox 3695 1676 3883 1747; x_wconf 76' lang='grc' dir='ltr'>Θήὸας</span> 
     </span>
    </p>
   </div>
   <div class='ocr_carea' id='block_1_43' title="bbox 2332 1768 3883 1846">
    <p class='ocr_par' dir='ltr' id='par_1_43' title="bbox 2332 1768 3883 1846">
     <span class='ocr_line' id='line_1_43' title="bbox 2332 1768 3883 1846; baseline -0.001 -22"><span class='ocrx_word' id='word_1_288' title='bbox 2332 1776 2563 1846; x_wconf 73' lang='grc' dir='ltr'>ἔρχεται,</span> <span class='ocrx_word' id='word_1_289' title='bbox 2620 1773 2715 1825; x_wconf 76' lang='grc' dir='ltr'><strong>καὶ</strong></span> <span class='ocrx_word' id='word_1_290' title='bbox 2756 1772 2862 1823; x_wconf 85' lang='grc' dir='ltr'>τῶν</span> <span class='ocrx_word' id='word_1_291' title='bbox 2917 1769 3234 1839; x_wconf 80' lang='grc' dir='ltr'>Ἑλληνικῶν</span> <span class='ocrx_word' id='word_1_292' title='bbox 3274 1768 3609 1838; x_wconf 83' lang='grc' dir='ltr'><strong>γραμμάτων</strong></span> <span class='ocrx_word' id='word_1_293' title='bbox 3651 1769 3883 1839; x_wconf 65' lang='grc' dir='ltr'>εὑρετὴς</span> 
     </span>
    </p>
   </div>
   <div class='ocr_carea' id='block_1_44' title="bbox 2332 1858 3883 1934">
    <p class='ocr_par' dir='ltr' id='par_1_44' title="bbox 2332 1858 3883 1934">
     <span class='ocr_line' id='line_1_44' title="bbox 2332 1858 3883 1934; baseline -0.002 -17"><span class='ocrx_word' id='word_1_294' title='bbox 2332 1867 2557 1934; x_wconf 83' lang='grc' dir='ltr'>γίνεται.</span> <span class='ocrx_word' id='word_1_295' title='bbox 2613 1863 2851 1934; x_wconf 86' lang='grc' dir='ltr'>Τριόπας</span> <span class='ocrx_word' id='word_1_296' title='bbox 2904 1861 2959 1913; x_wconf 78' lang='grc' dir='ltr'><strong>δὲ</strong></span> <span class='ocrx_word' id='word_1_297' title='bbox 3006 1862 3286 1931; x_wconf 82' lang='grc' dir='ltr'>συγχρονεῖ</span> <span class='ocrx_word' id='word_1_298' title='bbox 3340 1858 3489 1910; x_wconf 85' lang='grc' dir='ltr'>Ἴσιδι</span> <span class='ocrx_word' id='word_1_299' title='bbox 3528 1859 3621 1929; x_wconf 73' lang='grc'><strong>(2),</strong></span> <span class='ocrx_word' id='word_1_300' title='bbox 3674 1861 3883 1933; x_wconf 75' lang='grc' dir='ltr'><strong>ἐσδόμῃ</strong></span> 
     </span>
    </p>
   </div>
   <div class='ocr_carea' id='block_1_45' title="bbox 2333 1949 3885 2026">
    <p class='ocr_par' dir='ltr' id='par_1_45' title="bbox 2333 1949 3885 2026">
     <span class='ocr_line' id='line_1_45' title="bbox 2333 1949 3885 2026; baseline -0.003 -18"><span class='ocrx_word' id='word_1_301' title='bbox 2333 1957 2494 2026; x_wconf 78' lang='grc' dir='ltr'>γενεᾷ</span> <span class='ocrx_word' id='word_1_302' title='bbox 2516 1954 2623 2007; x_wconf 81' lang='grc' dir='ltr'>ἀπὸ</span> <span class='ocrx_word' id='word_1_303' title='bbox 2660 1953 2883 2022; x_wconf 86' lang='grc' dir='ltr'><strong>Ἰνάχου.</strong></span> <span class='ocrx_word' id='word_1_304' title='bbox 2911 1952 3030 2003; x_wconf 78' lang='grc' dir='ltr'><strong>Εἰσὶ</strong></span> <span class='ocrx_word' id='word_1_305' title='bbox 3054 1951 3110 2004; x_wconf 83' lang='grc' dir='ltr'><strong>δὲ</strong></span> <span class='ocrx_word' id='word_1_306' title='bbox 3132 1951 3178 2003; x_wconf 81' lang='grc' dir='ltr'>οἳ</span> <span class='ocrx_word' id='word_1_307' title='bbox 3200 1949 3296 2021; x_wconf 83' lang='grc' dir='ltr'>τὴν</span> <span class='ocrx_word' id='word_1_308' title='bbox 3329 1949 3415 2002; x_wconf 85' lang='grc' dir='ltr'><strong>Ἰώ</strong></span> <span class='ocrx_word' id='word_1_309' title='bbox 3436 1950 3508 2019; x_wconf 78' lang='grc'><strong>(5)</strong></span> <span class='ocrx_word' id='word_1_310' title='bbox 3532 1967 3679 2018; x_wconf 83' lang='grc' dir='ltr'>φασι,</span> <span class='ocrx_word' id='word_1_311' title='bbox 3707 1952 3805 2003; x_wconf 76' lang='grc' dir='ltr'><strong>διὰ</strong></span> <span class='ocrx_word' id='word_1_312' title='bbox 3826 1952 3885 2004; x_wconf 69' lang='grc' dir='ltr'>τὸ</span> 
     </span>
    </p>
   </div>
   <div class='ocr_carea' id='block_1_46' title="bbox 2279 2039 3883 2112">
    <p class='ocr_par' dir='ltr' id='par_1_46' title="bbox 2279 2039 3883 2112">
     <span class='ocr_line' id='line_1_46' title="bbox 2279 2039 3883 2112; baseline -0.006 -10"><span class='ocrx_word' id='word_1_313' title='bbox 2279 2097 2283 2102; x_wconf 90' lang='grc'><strong><em>.</em></strong></span> <span class='ocrx_word' id='word_1_314' title='bbox 2337 2046 2469 2098; x_wconf 85' lang='grc' dir='ltr'>ίέναι</span> <span class='ocrx_word' id='word_1_315' title='bbox 2496 2044 2661 2112; x_wconf 77' lang='grc' dir='ltr'>αὐτὴν</span> <span class='ocrx_word' id='word_1_316' title='bbox 2688 2041 2776 2095; x_wconf 80' lang='grc' dir='ltr'><strong>διὰ</strong></span> <span class='ocrx_word' id='word_1_317' title='bbox 2807 2041 2986 2111; x_wconf 82' lang='grc' dir='ltr'>πάσης</span> <span class='ocrx_word' id='word_1_318' title='bbox 3015 2041 3110 2111; x_wconf 83' lang='grc' dir='ltr'><strong>τῆς</strong></span> <span class='ocrx_word' id='word_1_319' title='bbox 3141 2040 3243 2108; x_wconf 82' lang='grc' dir='ltr'><strong>γῆς</strong></span> <span class='ocrx_word' id='word_1_320' title='bbox 3265 2039 3634 2109; x_wconf 87' lang='grc' dir='ltr'>πλανωμένην.</span> <span class='ocrx_word' id='word_1_321' title='bbox 3662 2041 3883 2111; x_wconf 78' lang='grc' dir='ltr'>Ταύτην</span> 
     </span>
    </p>
   </div>
   <div class='ocr_carea' id='block_1_47' title="bbox 2333 2124 3883 2201">
    <p class='ocr_par' dir='ltr' id='par_1_47' title="bbox 2333 2124 3883 2201">
     <span class='ocr_line' id='line_1_47' title="bbox 2333 2124 3883 2201; baseline -0.001 -17"><span class='ocrx_word' id='word_1_322' title='bbox 2333 2134 2379 2184; x_wconf 84' lang='grc' dir='ltr'><strong>δ’</strong></span> <span class='ocrx_word' id='word_1_323' title='bbox 2410 2133 2616 2201; x_wconf 84' lang='grc' dir='ltr'>Ἴστρος</span> <span class='ocrx_word' id='word_1_324' title='bbox 2660 2130 2716 2183; x_wconf 78' lang='grc' dir='ltr'><strong>ἐν</strong></span> <span class='ocrx_word' id='word_1_325' title='bbox 2732 2128 2808 2199; x_wconf 86' lang='grc' dir='ltr'>τῷ</span> <span class='ocrx_word' id='word_1_326' title='bbox 2823 2127 2961 2197; x_wconf 74' lang='grc' dir='ltr'>Περὶ</span> <span class='ocrx_word' id='word_1_327' title='bbox 2976 2126 3419 2199; x_wconf 73' lang='grc' dir='ltr'>τῆςΑἱγυπτίων</span> <span class='ocrx_word' id='word_1_328' title='bbox 3433 2124 3703 2195; x_wconf 74' lang='grc' dir='ltr'><strong>ἀποικίας</strong></span> <span class='ocrx_word' id='word_1_329' title='bbox 3738 2130 3883 2198; x_wconf 81' lang='grc' dir='ltr'>Προ-</span> 
     </span>
    </p>
   </div>
   <div class='ocr_carea' id='block_1_48' title="bbox 2338 2217 3882 2293">
    <p class='ocr_par' dir='ltr' id='par_1_48' title="bbox 2338 2217 3882 2293">
     <span class='ocr_line' id='line_1_48' title="bbox 2338 2217 3882 2293; baseline -0.003 -19"><span class='ocrx_word' id='word_1_330' title='bbox 2338 2222 2547 2293; x_wconf 84' lang='grc' dir='ltr'>μηθέως</span> <span class='ocrx_word' id='word_1_331' title='bbox 2570 2220 2837 2291; x_wconf 84' lang='grc' dir='ltr'>θυγατέρα</span> <span class='ocrx_word' id='word_1_332' title='bbox 2860 2218 3007 2290; x_wconf 86' lang='grc' dir='ltr'>φησί.</span> <span class='ocrx_word' id='word_1_333' title='bbox 3032 2217 3345 2288; x_wconf 80' lang='grc' dir='ltr'>Προμηθεὺς</span> <span class='ocrx_word' id='word_1_334' title='bbox 3368 2218 3423 2270; x_wconf 85' lang='grc' dir='ltr'><strong>δὲ</strong></span> <span class='ocrx_word' id='word_1_335' title='bbox 3450 2219 3585 2271; x_wconf 83' lang='grc' dir='ltr'>κατὰ</span> <span class='ocrx_word' id='word_1_336' title='bbox 3615 2218 3882 2288; x_wconf 83' lang='grc' dir='ltr'>Τριόπαν,</span> 
     </span>
    </p>
   </div>
   <div class='ocr_carea' id='block_1_49' title="bbox 2335 2306 3881 2382">
    <p class='ocr_par' dir='ltr' id='par_1_49' title="bbox 2335 2306 3881 2382">
     <span class='ocr_line' id='line_1_49' title="bbox 2335 2306 3881 2382; baseline -0.003 -17"><span class='ocrx_word' id='word_1_337' title='bbox 2335 2312 2532 2382; x_wconf 76' lang='grc' dir='ltr'>ἐϐδόμῃ</span> <span class='ocrx_word' id='word_1_338' title='bbox 2564 2312 2722 2380; x_wconf 83' lang='grc' dir='ltr'>γενεᾷ</span> <span class='ocrx_word' id='word_1_339' title='bbox 2758 2310 2893 2380; x_wconf 86' lang='grc' dir='ltr'>μετὰ</span> <span class='ocrx_word' id='word_1_340' title='bbox 2930 2308 3145 2361; x_wconf 86' lang='grc' dir='ltr'>Μωσέα·</span> <span class='ocrx_word' id='word_1_341' title='bbox 3184 2306 3320 2361; x_wconf 79' lang='grc' dir='ltr'>ὥστε</span> <span class='ocrx_word' id='word_1_342' title='bbox 3382 2310 3475 2361; x_wconf 76' lang='grc' dir='ltr'>καὶ</span> <span class='ocrx_word' id='word_1_343' title='bbox 3501 2309 3605 2379; x_wconf 79' lang='grc' dir='ltr'><strong>πρὸ</strong></span> <span class='ocrx_word' id='word_1_344' title='bbox 3631 2310 3728 2378; x_wconf 76' lang='grc' dir='ltr'>τῆς</span> <span class='ocrx_word' id='word_1_345' title='bbox 3757 2308 3881 2363; x_wconf 83' lang='grc' dir='ltr'>καθ’</span> 
     </span>
    </p>
   </div>
   <div class='ocr_carea' id='block_1_50' title="bbox 2340 2400 3880 2472">
    <p class='ocr_par' dir='ltr' id='par_1_50' title="bbox 2340 2400 3880 2472">
     <span class='ocr_line' id='line_1_50' title="bbox 2340 2400 3880 2472; baseline -0.001 -17"><span class='ocrx_word' id='word_1_346' title='bbox 2340 2403 2603 2472; x_wconf 81' lang='grc' dir='ltr'>Ἕλληνας</span> <span class='ocrx_word' id='word_1_347' title='bbox 2652 2400 3088 2471; x_wconf 82' lang='grc' dir='ltr'>ἀνθρωπογονίας</span> <span class='ocrx_word' id='word_1_348' title='bbox 3128 2401 3155 2451; x_wconf 91' lang='grc' dir='ltr'><strong>ό</strong></span> <span class='ocrx_word' id='word_1_349' title='bbox 3210 2400 3427 2470; x_wconf 75' lang='grc' dir='ltr'><strong>Μωσῆς.</strong></span> <span class='ocrx_word' id='word_1_350' title='bbox 3468 2400 3614 2453; x_wconf 83' lang='grc' dir='ltr'><strong>Λέων</strong></span> <span class='ocrx_word' id='word_1_351' title='bbox 3654 2400 3709 2453; x_wconf 80' lang='grc' dir='ltr'><strong>δὲ</strong></span> <span class='ocrx_word' id='word_1_352' title='bbox 3746 2402 3779 2453; x_wconf 84' lang='grc' dir='ltr'><strong>ό</strong></span> <span class='ocrx_word' id='word_1_353' title='bbox 3814 2400 3880 2453; x_wconf 67' lang='grc' dir='ltr'>τὸ</span> 
     </span>
    </p>
   </div>
   <div class='ocr_carea' id='block_1_51' title="bbox 2329 2486 3879 2563">
    <p class='ocr_par' dir='ltr' id='par_1_51' title="bbox 2329 2486 3879 2563">
     <span class='ocr_line' id='line_1_51' title="bbox 2329 2486 3879 2563; baseline -0.003 -16"><span class='ocrx_word' id='word_1_354' title='bbox 2329 2494 2467 2563; x_wconf 78' lang='grc' dir='ltr'>Περὶ</span> <span class='ocrx_word' id='word_1_355' title='bbox 2494 2492 2614 2547; x_wconf 78' lang='grc' dir='ltr'><strong>τῶν</strong></span> <span class='ocrx_word' id='word_1_356' title='bbox 2639 2492 2776 2546; x_wconf 81' lang='grc' dir='ltr'>κατ’</span> <span class='ocrx_word' id='word_1_357' title='bbox 2792 2490 3095 2558; x_wconf 77' lang='grc' dir='ltr'>Αἴγυπτον</span> <span class='ocrx_word' id='word_1_358' title='bbox 3116 2486 3266 2542; x_wconf 78' lang='grc' dir='ltr'>θεῶν</span> <span class='ocrx_word' id='word_1_359' title='bbox 3305 2491 3879 2562; x_wconf 82' lang='grc' dir='ltr'>πραγματευσάμενος,</span> 
     </span>
    </p>
   </div>
   <div class='ocr_carea' id='block_1_52' title="bbox 2334 2578 3881 2654">
    <p class='ocr_par' dir='ltr' id='par_1_52' title="bbox 2334 2578 3881 2654">
     <span class='ocr_line' id='line_1_52' title="bbox 2334 2578 3881 2654; baseline -0.001 -17"><span class='ocrx_word' id='word_1_360' title='bbox 2334 2585 2431 2654; x_wconf 83' lang='grc' dir='ltr'>τὴν</span> <span class='ocrx_word' id='word_1_361' title='bbox 2448 2584 2587 2635; x_wconf 74' lang='grc' dir='ltr'>τΙσιν</span> <span class='ocrx_word' id='word_1_362' title='bbox 2612 2580 2714 2633; x_wconf 85' lang='grc' dir='ltr'>ὑπὸ</span> <span class='ocrx_word' id='word_1_363' title='bbox 2744 2578 3005 2650; x_wconf 82' lang='grc' dir='ltr'>Ἐλλήνων</span> <span class='ocrx_word' id='word_1_364' title='bbox 3028 2582 3313 2652; x_wconf 78' lang='grc' dir='ltr'>Δήμητραν</span> <span class='ocrx_word' id='word_1_365' title='bbox 3339 2581 3610 2634; x_wconf 81' lang='grc' dir='ltr'>καλεῖσθαί</span> <span class='ocrx_word' id='word_1_366' title='bbox 3637 2598 3821 2652; x_wconf 75' lang='grc' dir='ltr'>φησιν,</span> <span class='ocrx_word' id='word_1_367' title='bbox 3846 2581 3881 2635; x_wconf 67' lang='grc' dir='ltr'>ἢ</span> 
     </span>
    </p>
   </div>
   <div class='ocr_carea' id='block_1_53' title="bbox 2334 2670 3876 2743">
    <p class='ocr_par' dir='ltr' id='par_1_53' title="bbox 2334 2670 3876 2743">
     <span class='ocr_line' id='line_1_53' title="bbox 2334 2670 3876 2743; baseline -0.004 -15"><span class='ocrx_word' id='word_1_368' title='bbox 2334 2674 2474 2729; x_wconf 85' lang='grc' dir='ltr'>κατὰ</span> <span class='ocrx_word' id='word_1_369' title='bbox 2503 2672 2719 2740; x_wconf 82' lang='grc' dir='ltr'>Λυγκέα</span> <span class='ocrx_word' id='word_1_370' title='bbox 2755 2670 2960 2739; x_wconf 83' lang='grc' dir='ltr'>γίνεται</span> <span class='ocrx_word' id='word_1_371' title='bbox 2998 2670 3255 2743; x_wconf 74' lang='grc' dir='ltr'><strong>ἑνδεκάτῃ</strong></span> <span class='ocrx_word' id='word_1_372' title='bbox 3282 2671 3500 2741; x_wconf 79' lang='grc' dir='ltr'>ὕστερον</span> <span class='ocrx_word' id='word_1_373' title='bbox 3538 2674 3701 2743; x_wconf 77' lang='grc' dir='ltr'>γενεᾷ</span> <span class='ocrx_word' id='word_1_374' title='bbox 3755 2674 3876 2726; x_wconf 81' lang='grc' dir='ltr'><strong>Μω-</strong></span> 
     </span>
    </p>
   </div>
   <div class='ocr_carea' id='block_1_54' title="bbox 2335 2762 3880 2833">
    <p class='ocr_par' dir='ltr' id='par_1_54' title="bbox 2335 2762 3880 2833">
     <span class='ocr_line' id='line_1_54' title="bbox 2335 2762 3880 2833; baseline -0.001 -16"><span class='ocrx_word' id='word_1_375' title='bbox 2335 2765 2490 2827; x_wconf 78' lang='grc' dir='ltr'>σέως.</span> <span class='ocrx_word' id='word_1_376' title='bbox 2539 2764 2701 2824; x_wconf 86' lang='grc' dir='ltr'>Ἀπις</span> <span class='ocrx_word' id='word_1_377' title='bbox 2742 2778 2801 2814; x_wconf 90' lang='grc' dir='ltr'><strong>τε</strong></span> <span class='ocrx_word' id='word_1_378' title='bbox 2828 2764 2856 2815; x_wconf 88' lang='grc' dir='ltr'><strong>ό</strong></span> <span class='ocrx_word' id='word_1_379' title='bbox 2889 2762 3121 2833; x_wconf 81' lang='grc' dir='ltr'>Ἀργους</span> <span class='ocrx_word' id='word_1_380' title='bbox 3152 2762 3398 2832; x_wconf 83' lang='grc' dir='ltr'>βασιλεὺς</span> <span class='ocrx_word' id='word_1_381' title='bbox 3423 2762 3642 2831; x_wconf 80' lang='grc' dir='ltr'>Μέμφιν</span> <span class='ocrx_word' id='word_1_382' title='bbox 3670 2762 3880 2826; x_wconf 71' lang='grc' dir='ltr'>οἰκίζει,</span> 
     </span>
    </p>
   </div>
   <div class='ocr_carea' id='block_1_55' title="bbox 2332 2850 3875 2924">
    <p class='ocr_par' dir='ltr' id='par_1_55' title="bbox 2332 2850 3875 2924">
     <span class='ocr_line' id='line_1_55' title="bbox 2332 2850 3875 2924; baseline -0.001 -17"><span class='ocrx_word' id='word_1_383' title='bbox 2332 2854 2409 2918; x_wconf 86' lang='grc' dir='ltr'>ὥς</span> <span class='ocrx_word' id='word_1_384' title='bbox 2432 2870 2593 2924; x_wconf 84' lang='grc' dir='ltr'>φησιν</span> <span class='ocrx_word' id='word_1_385' title='bbox 2630 2853 2975 2923; x_wconf 82' lang='grc' dir='ltr'>Ἀρίστιππος</span> <span class='ocrx_word' id='word_1_386' title='bbox 2997 2854 3054 2905; x_wconf 80' lang='grc' dir='ltr'><strong>ὲν</strong></span> <span class='ocrx_word' id='word_1_387' title='bbox 3082 2852 3267 2924; x_wconf 81' lang='grc' dir='ltr'>πρώτῃ</span> <span class='ocrx_word' id='word_1_388' title='bbox 3305 2852 3668 2920; x_wconf 76' lang='grc' dir='ltr'><strong>Ἀρκαδικῶν·</strong></span> <span class='ocrx_word' id='word_1_389' title='bbox 3698 2850 3875 2905; x_wconf 65' lang='grc' dir='ltr'>τοῦτοι</span> 
     </span>
    </p>
   </div>
   <div class='ocr_carea' id='block_1_56' title="bbox 2333 2942 3873 3015">
    <p class='ocr_par' dir='ltr' id='par_1_56' title="bbox 2333 2942 3873 3015">
     <span class='ocr_line' id='line_1_56' title="bbox 2333 2942 3873 3015; baseline -0.001 -18"><span class='ocrx_word' id='word_1_390' title='bbox 2333 2944 2389 2997; x_wconf 82' lang='grc' dir='ltr'><strong>δὲ</strong></span> <span class='ocrx_word' id='word_1_391' title='bbox 2424 2942 2699 3015; x_wconf 84' lang='grc' dir='ltr'>Ἀριστέας</span> <span class='ocrx_word' id='word_1_392' title='bbox 2732 2944 2761 2995; x_wconf 89' lang='grc' dir='ltr'><strong>ό</strong></span> <span class='ocrx_word' id='word_1_393' title='bbox 2800 2944 3035 3012; x_wconf 85' lang='grc' dir='ltr'>’Δργεῖος</span> <span class='ocrx_word' id='word_1_394' title='bbox 3068 2942 3496 3012; x_wconf 77' lang='grc' dir='ltr'>ἐπονομασθῆναι</span> <span class='ocrx_word' id='word_1_395' title='bbox 3535 2959 3665 3013; x_wconf 82' lang='grc' dir='ltr'>φησι</span> <span class='ocrx_word' id='word_1_396' title='bbox 3711 2943 3873 3013; x_wconf 78' lang='grc' dir='ltr'>Σάρα-</span> 
     </span>
    </p>
   </div>
   <div class='ocr_carea' id='block_1_57' title="bbox 680 3030 2227 3128">
    <p class='ocr_par' dir='ltr' id='par_1_57' title="bbox 680 3033 2227 3104">
     <span class='ocr_line' id='line_1_57' title="bbox 680 3033 2227 3104; baseline 0.001 -19"><span class='ocrx_word' id='word_1_397' title='bbox 680 3049 860 3086; x_wconf 84' lang='lat' dir='ltr'><strong>carum</strong></span> <span class='ocrx_word' id='word_1_398' title='bbox 887 3033 1250 3087; x_wconf 75' lang='lat' dir='ltr'><strong>Historiarum</strong></span> <span class='ocrx_word' id='word_1_399' title='bbox 1275 3036 1467 3104; x_wconf 89' lang='lat' dir='ltr'><strong>primo,</strong></span> <span class='ocrx_word' id='word_1_400' title='bbox 1481 3034 1769 3103; x_wconf 81' lang='lat' dir='ltr'><strong>Memphim</strong></span> <span class='ocrx_word' id='word_1_401' title='bbox 1793 3034 2051 3099; x_wconf 88' lang='lat' dir='ltr'><strong>condidit,</strong></span> <span class='ocrx_word' id='word_1_402' title='bbox 2069 3050 2227 3103; x_wconf 89' lang='lat' dir='ltr'><strong>quem</strong></span> 
     </span>
    </p>
   </div>
   <div class='ocr_carea' id='block_1_58' title="bbox 2328 3030 3887 3128">
    <p class='ocr_par' dir='ltr' id='par_1_58' title="bbox 2336 3030 3887 3103">
     <span class='ocr_line' id='line_1_58' title="bbox 2336 3030 3887 3103; baseline -0.004 -13"><span class='ocrx_word' id='word_1_403' title='bbox 2336 3053 2449 3100; x_wconf 65' lang='grc' dir='ltr'>τιν,</span> <span class='ocrx_word' id='word_1_404' title='bbox 2477 3036 2569 3089; x_wconf 76' lang='grc' dir='ltr'>καὶ</span> <span class='ocrx_word' id='word_1_405' title='bbox 2598 3032 2784 3087; x_wconf 78' lang='grc' dir='ltr'>τοῦτον</span> <span class='ocrx_word' id='word_1_406' title='bbox 2824 3030 2983 3097; x_wconf 79' lang='grc' dir='ltr'>εἶναι,</span> <span class='ocrx_word' id='word_1_407' title='bbox 3018 3034 3078 3086; x_wconf 81' lang='grc' dir='ltr'><strong>ὃν</strong></span> <span class='ocrx_word' id='word_1_408' title='bbox 3105 3034 3384 3102; x_wconf 77' lang='grc' dir='ltr'>Αἰγύπτιοι</span> <span class='ocrx_word' id='word_1_409' title='bbox 3408 3033 3638 3086; x_wconf 78' lang='grc' dir='ltr'>σέϐουσι.</span> <span class='ocrx_word' id='word_1_410' title='bbox 3664 3033 3887 3103; x_wconf 68' lang='grc' dir='ltr'><strong>Νυμφό⁸</strong></span> 
     </span>
    </p>
   </div>
   <div class='ocr_carea' id='block_1_59' title="bbox 680 3124 2229 3197">
    <p class='ocr_par' dir='ltr' id='par_1_59' title="bbox 680 3124 2229 3197">
     <span class='ocr_line' id='line_1_59' title="bbox 680 3124 2229 3197; baseline 0.002 -21"><span class='ocrx_word' id='word_1_411' title='bbox 680 3124 929 3177; x_wconf 90' lang='lat' dir='ltr'><strong>eumdem</strong></span> <span class='ocrx_word' id='word_1_412' title='bbox 958 3126 1203 3181; x_wconf 84' lang='lat' dir='ltr'><strong>Aristeas</strong></span> <span class='ocrx_word' id='word_1_413' title='bbox 1230 3127 1462 3197; x_wconf 83' lang='lat' dir='ltr'><strong>Argivus</strong></span> <span class='ocrx_word' id='word_1_414' title='bbox 1493 3127 1721 3194; x_wconf 89' lang='lat' dir='ltr'><strong>Sarapin</strong></span> <span class='ocrx_word' id='word_1_415' title='bbox 1757 3126 2117 3188; x_wconf 89' lang='lat' dir='ltr'><strong>nominatum,</strong></span> <span class='ocrx_word' id='word_1_416' title='bbox 2146 3136 2229 3179; x_wconf 91' lang='lat' dir='ltr'><strong>at-</strong></span> 
     </span>
    </p>
   </div>
   <div class='ocr_carea' id='block_1_60' title="bbox 680 3216 2229 3288">
    <p class='ocr_par' dir='ltr' id='par_1_60' title="bbox 680 3216 2229 3288">
     <span class='ocr_line' id='line_1_60' title="bbox 680 3216 2229 3288; baseline 0.006 -24"><span class='ocrx_word' id='word_1_417' title='bbox 680 3230 784 3283; x_wconf 81' lang='lat' dir='ltr'><strong>que</strong></span> <span class='ocrx_word' id='word_1_418' title='bbox 810 3216 958 3268; x_wconf 91' lang='lat' dir='ltr'><strong>illum</strong></span> <span class='ocrx_word' id='word_1_419' title='bbox 992 3216 1168 3285; x_wconf 89' lang='lat' dir='ltr'><strong>ipsum</strong></span> <span class='ocrx_word' id='word_1_420' title='bbox 1200 3233 1319 3272; x_wconf 88' lang='lat' dir='ltr'><strong>esse</strong></span> <span class='ocrx_word' id='word_1_421' title='bbox 1354 3226 1606 3279; x_wconf 82' lang='lat' dir='ltr'><strong>testatur,</strong></span> <span class='ocrx_word' id='word_1_422' title='bbox 1634 3232 1794 3286; x_wconf 90' lang='lat' dir='ltr'><strong>quem</strong></span> <span class='ocrx_word' id='word_1_423' title='bbox 1826 3217 2010 3272; x_wconf 83' lang='lat' dir='ltr'><strong>colunt</strong></span> <span class='ocrx_word' id='word_1_424' title='bbox 2064 3218 2229 3288; x_wconf 67' lang='lat' dir='ltr'><strong>Egy-</strong></span> 
     </span>
    </p>
   </div>
   <div class='ocr_carea' id='block_1_61' title="bbox 680 3306 2230 3377">
    <p class='ocr_par' dir='ltr' id='par_1_61' title="bbox 680 3306 2230 3377">
     <span class='ocr_line' id='line_1_61' title="bbox 680 3306 2230 3377; baseline 0.001 -18"><span class='ocrx_word' id='word_1_425' title='bbox 680 3307 802 3375; x_wconf 87' lang='lat' dir='ltr'><strong>ptii.</strong></span> <span class='ocrx_word' id='word_1_426' title='bbox 846 3306 914 3360; x_wconf 84' lang='lat' dir='ltr'><strong>At</strong></span> <span class='ocrx_word' id='word_1_427' title='bbox 957 3306 1374 3377; x_wconf 85' lang='lat' dir='ltr'><strong>Nymphodorus</strong></span> <span class='ocrx_word' id='word_1_428' title='bbox 1426 3306 1926 3377; x_wconf 79' lang='lat' dir='ltr'><strong>Amphipolitanus,</strong></span> <span class='ocrx_word' id='word_1_429' title='bbox 1974 3307 2112 3361; x_wconf 92' lang='lat' dir='ltr'><strong>libro</strong></span> <span class='ocrx_word' id='word_1_430' title='bbox 2154 3308 2230 3361; x_wconf 87' lang='lat' dir='ltr'><strong>De</strong></span> 
     </span>
    </p>
   </div>
   <div class='ocr_carea' id='block_1_62' title="bbox 683 3400 2229 3470">
    <p class='ocr_par' dir='ltr' id='par_1_62' title="bbox 683 3400 2229 3470">
     <span class='ocr_line' id='line_1_62' title="bbox 683 3400 2229 3470; baseline 0.004 -20"><span class='ocrx_word' id='word_1_431' title='bbox 683 3400 912 3452; x_wconf 77' lang='lat' dir='ltr'><strong>moribus</strong></span> <span class='ocrx_word' id='word_1_432' title='bbox 956 3401 1097 3453; x_wconf 72' lang='lat' dir='ltr'><strong>Asia!</strong></span> <span class='ocrx_word' id='word_1_433' title='bbox 1144 3400 1323 3464; x_wconf 89' lang='lat' dir='ltr'><strong>tertio,</strong></span> <span class='ocrx_word' id='word_1_434' title='bbox 1362 3401 1519 3470; x_wconf 92' lang='lat' dir='ltr'><strong>Apim</strong></span> <span class='ocrx_word' id='word_1_435' title='bbox 1554 3401 1706 3455; x_wconf 91' lang='lat' dir='ltr'><strong>illum</strong></span> <span class='ocrx_word' id='word_1_436' title='bbox 1750 3400 1989 3456; x_wconf 90' lang='lat' dir='ltr'><strong>Taurum</strong></span> <span class='ocrx_word' id='word_1_437' title='bbox 2038 3417 2229 3470; x_wconf 15' lang='lat' dir='ltr'><strong>quem-7</strong></span> 
     </span>
    </p>
   </div>
   <div class='ocr_carea' id='block_1_63' title="bbox 682 3489 2232 3562">
    <p class='ocr_par' dir='ltr' id='par_1_63' title="bbox 682 3489 2232 3562">
     <span class='ocr_line' id='line_1_63' title="bbox 682 3489 2232 3562; baseline 0.001 -19"><span class='ocrx_word' id='word_1_438' title='bbox 682 3489 803 3543; x_wconf 88' lang='lat' dir='ltr'><strong>dam</strong></span> <span class='ocrx_word' id='word_1_439' title='bbox 845 3489 1015 3545; x_wconf 80' lang='lat' dir='ltr'><strong>fuisse</strong></span> <span class='ocrx_word' id='word_1_440' title='bbox 1057 3492 1152 3557; x_wconf 90' lang='lat' dir='ltr'><strong>ait,</strong></span> <span class='ocrx_word' id='word_1_441' title='bbox 1196 3506 1354 3562; x_wconf 82' lang='lat' dir='ltr'><strong>quem</strong></span> <span class='ocrx_word' id='word_1_442' title='bbox 1398 3500 1521 3561; x_wconf 90' lang='lat' dir='ltr'><strong>post</strong></span> <span class='ocrx_word' id='word_1_443' title='bbox 1556 3501 1785 3545; x_wconf 91' lang='lat' dir='ltr'><strong>mortem</strong></span> <span class='ocrx_word' id='word_1_444' title='bbox 1833 3492 1945 3546; x_wconf 88' lang='lat' dir='ltr'><strong>sale</strong></span> <span class='ocrx_word' id='word_1_445' title='bbox 1988 3503 2232 3545; x_wconf 85' lang='lat' dir='ltr'><strong>macera-</strong></span> 
     </span>
    </p>
   </div>
   <div class='ocr_carea' id='block_1_64' title="bbox 682 3583 2230 3651">
    <p class='ocr_par' dir='ltr' id='par_1_64' title="bbox 682 3583 2230 3651">
     <span class='ocr_line' id='line_1_64' title="bbox 682 3583 2230 3651; baseline 0 -16"><span class='ocrx_word' id='word_1_446' title='bbox 682 3590 819 3646; x_wconf 88' lang='lat' dir='ltr'><strong>tum,</strong></span> <span class='ocrx_word' id='word_1_447' title='bbox 866 3591 1031 3651; x_wconf 90' lang='lat' dir='ltr'><strong>atque</strong></span> <span class='ocrx_word' id='word_1_448' title='bbox 1067 3583 1121 3635; x_wconf 91' lang='lat' dir='ltr'><strong>in</strong></span> <span class='ocrx_word' id='word_1_449' title='bbox 1169 3585 1289 3651; x_wconf 82' lang='lat' dir='ltr'><strong>ejus</strong></span> <span class='ocrx_word' id='word_1_450' title='bbox 1330 3584 1592 3637; x_wconf 88' lang='lat' dir='ltr'><strong>damonis</strong></span> <span class='ocrx_word' id='word_1_451' title='bbox 1624 3584 1846 3651; x_wconf 90' lang='lat' dir='ltr'><strong>templo,</strong></span> <span class='ocrx_word' id='word_1_452' title='bbox 1886 3583 2043 3651; x_wconf 88' lang='lat' dir='ltr'><strong>cujus</strong></span> <span class='ocrx_word' id='word_1_453' title='bbox 2092 3596 2230 3651; x_wconf 85' lang='lat' dir='ltr'><strong>pra-</strong></span> 
     </span>
    </p>
   </div>
   <div class='ocr_carea' id='block_1_65' title="bbox 2333 3125 3879 3199">
    <p class='ocr_par' dir='ltr' id='par_1_65' title="bbox 2333 3125 3879 3199">
     <span class='ocr_line' id='line_1_65' title="bbox 2333 3125 3879 3199; baseline -0.005 -16"><span class='ocrx_word' id='word_1_454' title='bbox 2333 3128 2502 3199; x_wconf 82' lang='grc' dir='ltr'>δωρος</span> <span class='ocrx_word' id='word_1_455' title='bbox 2524 3128 2581 3180; x_wconf 85' lang='grc' dir='ltr'><strong>δὲ</strong></span> <span class='ocrx_word' id='word_1_456' title='bbox 2606 3128 2634 3179; x_wconf 87' lang='grc' dir='ltr'>ὁ</span> <span class='ocrx_word' id='word_1_457' title='bbox 2670 3125 3053 3196; x_wconf 74' lang='grc' dir='ltr'>Ἀμφιπολίτης</span> <span class='ocrx_word' id='word_1_458' title='bbox 3084 3128 3141 3177; x_wconf 78' lang='grc' dir='ltr'>έν</span> <span class='ocrx_word' id='word_1_459' title='bbox 3167 3125 3332 3196; x_wconf 85' lang='grc' dir='ltr'>τρίτῳ</span> <span class='ocrx_word' id='word_1_460' title='bbox 3352 3126 3627 3193; x_wconf 75' lang='grc' dir='ltr'><strong>Νομίμων</strong></span> <span class='ocrx_word' id='word_1_461' title='bbox 3668 3125 3879 3189; x_wconf 81' lang='grc' dir='ltr'>Ἀσίας,</span> 
     </span>
    </p>
   </div>
   <div class='ocr_carea' id='block_1_66' title="bbox 2334 3214 3865 3287">
    <p class='ocr_par' dir='ltr' id='par_1_66' title="bbox 2334 3214 3865 3287">
     <span class='ocr_line' id='line_1_66' title="bbox 2334 3214 3865 3287; baseline -0.003 -18"><span class='ocrx_word' id='word_1_462' title='bbox 2334 3216 2423 3270; x_wconf 83' lang='grc' dir='ltr'>τὸν</span> <span class='ocrx_word' id='word_1_463' title='bbox 2461 3218 2621 3269; x_wconf 82' lang='grc' dir='ltr'>’Δπιν</span> <span class='ocrx_word' id='word_1_464' title='bbox 2646 3216 2719 3286; x_wconf 72' lang='grc'><strong>(4)</strong></span> <span class='ocrx_word' id='word_1_465' title='bbox 2742 3216 2836 3268; x_wconf 89' lang='grc' dir='ltr'>τὸν</span> <span class='ocrx_word' id='word_1_466' title='bbox 2861 3216 3067 3287; x_wconf 80' lang='grc' dir='ltr'>Ταῦρον</span> <span class='ocrx_word' id='word_1_467' title='bbox 3094 3214 3481 3285; x_wconf 83' lang='grc' dir='ltr'>τελευτήσαντα</span> <span class='ocrx_word' id='word_1_468' title='bbox 3507 3215 3601 3267; x_wconf 78' lang='grc' dir='ltr'>καὶ</span> <span class='ocrx_word' id='word_1_469' title='bbox 3630 3231 3865 3285; x_wconf 81' lang='grc' dir='ltr'>ταριχευ·</span> 
     </span>
    </p>
   </div>
   <div class='ocr_carea' id='block_1_67' title="bbox 2336 3305 3883 3382">
    <p class='ocr_par' dir='ltr' id='par_1_67' title="bbox 2336 3305 3883 3382">
     <span class='ocr_line' id='line_1_67' title="bbox 2336 3305 3883 3382; baseline -0.003 -19"><span class='ocrx_word' id='word_1_470' title='bbox 2336 3310 2496 3364; x_wconf 86' lang='grc' dir='ltr'>θέντα</span> <span class='ocrx_word' id='word_1_471' title='bbox 2518 3312 2595 3372; x_wconf 85' lang='grc' dir='ltr'><strong>είς</strong></span> <span class='ocrx_word' id='word_1_472' title='bbox 2620 3308 2772 3382; x_wconf 81' lang='grc' dir='ltr'>σορὸν</span> <span class='ocrx_word' id='word_1_473' title='bbox 2804 3306 3177 3361; x_wconf 81' lang='grc' dir='ltr'>ἀποτεθεῖσθαι</span> <span class='ocrx_word' id='word_1_474' title='bbox 3206 3308 3265 3359; x_wconf 82' lang='grc' dir='ltr'><strong>ὲν</strong></span> <span class='ocrx_word' id='word_1_475' title='bbox 3295 3306 3371 3376; x_wconf 85' lang='grc' dir='ltr'>τῷ</span> <span class='ocrx_word' id='word_1_476' title='bbox 3394 3306 3503 3377; x_wconf 83' lang='grc' dir='ltr'>ναῷ</span> <span class='ocrx_word' id='word_1_477' title='bbox 3528 3305 3883 3377; x_wconf 38' lang='grc' dir='ltr'><strong>τοῦκτιμωιιιέ⁴</strong></span> 
     </span>
    </p>
   </div>
   <div class='ocr_carea' id='block_1_68' title="bbox 2335 3400 3873 3474">
    <p class='ocr_par' dir='ltr' id='par_1_68' title="bbox 2335 3400 3873 3474">
     <span class='ocr_line' id='line_1_68' title="bbox 2335 3400 3873 3474; baseline -0.004 -16"><span class='ocrx_word' id='word_1_478' title='bbox 2335 3421 2426 3458; x_wconf 86' lang='grc' dir='ltr'><strong>νου</strong></span> <span class='ocrx_word' id='word_1_479' title='bbox 2451 3403 2721 3473; x_wconf 83' lang='grc' dir='ltr'>δαίμονος,</span> <span class='ocrx_word' id='word_1_480' title='bbox 2770 3402 3054 3457; x_wconf 80' lang='grc' dir='ltr'>κάντεῦθεν</span> <span class='ocrx_word' id='word_1_481' title='bbox 3082 3401 3341 3474; x_wconf 88' lang='grc' dir='ltr'>Σορόαπιν</span> <span class='ocrx_word' id='word_1_482' title='bbox 3371 3401 3633 3473; x_wconf 82' lang='grc' dir='ltr'>κληθῆναι</span> <span class='ocrx_word' id='word_1_483' title='bbox 3660 3401 3752 3453; x_wconf 79' lang='grc' dir='ltr'><strong>καὶ</strong></span> <span class='ocrx_word' id='word_1_484' title='bbox 3778 3400 3873 3453; x_wconf 74' lang='grc' dir='ltr'><strong>Σά-</strong></span> 
     </span>
    </p>
   </div>
   <div class='ocr_carea' id='block_1_69' title="bbox 2341 3490 3883 3566">
    <p class='ocr_par' dir='ltr' id='par_1_69' title="bbox 2341 3490 3883 3566">
     <span class='ocr_line' id='line_1_69' title="bbox 2341 3490 3883 3566; baseline -0.002 -21"><span class='ocrx_word' id='word_1_485' title='bbox 2341 3511 2501 3565; x_wconf 86' lang='grc' dir='ltr'>ραπιν</span> <span class='ocrx_word' id='word_1_486' title='bbox 2526 3494 2601 3563; x_wconf 82' lang='grc'>(5)</span> <span class='ocrx_word' id='word_1_487' title='bbox 2630 3492 2873 3564; x_wconf 75' lang='grc' dir='ltr'>ὕστερον.</span> <span class='ocrx_word' id='word_1_488' title='bbox 2903 3495 3065 3557; x_wconf 79' lang='grc' dir='ltr'>’Δπις</span> <span class='ocrx_word' id='word_1_489' title='bbox 3094 3493 3151 3546; x_wconf 82' lang='grc' dir='ltr'>δὲ</span> <span class='ocrx_word' id='word_1_490' title='bbox 3183 3494 3358 3566; x_wconf 87' lang='grc' dir='ltr'>τρίτος</span> <span class='ocrx_word' id='word_1_491' title='bbox 3384 3494 3491 3548; x_wconf 84' lang='grc' dir='ltr'><strong>άπὸ</strong></span> <span class='ocrx_word' id='word_1_492' title='bbox 3522 3494 3743 3564; x_wconf 78' lang='grc' dir='ltr'>Ἰνάχου.</span> <span class='ocrx_word' id='word_1_493' title='bbox 3776 3490 3883 3546; x_wconf 77' lang='grc' dir='ltr'><strong>Ναὶ</strong></span> 
     </span>
    </p>
   </div>
   <div class='ocr_carea' id='block_1_70' title="bbox 2335 3582 3320 3656">
    <p class='ocr_par' dir='ltr' id='par_1_70' title="bbox 2335 3582 3320 3656">
     <span class='ocr_line' id='line_1_70' title="bbox 2335 3582 3320 3656; baseline 0.005 -23"><span class='ocrx_word' id='word_1_494' title='bbox 2335 3582 2439 3656; x_wconf 76' lang='grc' dir='ltr'>μὴν</span> <span class='ocrx_word' id='word_1_495' title='bbox 2463 3585 2495 3653; x_wconf 80' lang='grc' dir='ltr'><strong>ἡ</strong></span> <span class='ocrx_word' id='word_1_496' title='bbox 2519 3582 2676 3652; x_wconf 89' lang='grc' dir='ltr'>Λητὼ</span> <span class='ocrx_word' id='word_1_497' title='bbox 2709 3583 2847 3636; x_wconf 82' lang='grc' dir='ltr'>κατὰ</span> <span class='ocrx_word' id='word_1_498' title='bbox 2874 3584 3061 3637; x_wconf 87' lang='grc' dir='ltr'>Τιτυὸν</span> <span class='ocrx_word' id='word_1_499' title='bbox 3093 3585 3320 3652; x_wconf 86' lang='grc' dir='ltr'>γίνεται·</span> 
     </span>
    </p>
   </div>
   <div class='ocr_carea' id='block_1_71' title="bbox 682 3671 3878 3746">
    <p class='ocr_par' dir='ltr' id='par_1_71' title="bbox 682 3671 3878 3746">
     <span class='ocr_line' id='line_1_71' title="bbox 682 3671 3878 3746; baseline -0.001 -18"><span class='ocrx_word' id='word_1_500' title='bbox 682 3674 873 3742; x_wconf 88' lang='lat' dir='ltr'><strong>cipuus</strong></span> <span class='ocrx_word' id='word_1_501' title='bbox 934 3672 1075 3741; x_wconf 90' lang='lat' dir='ltr'><strong>apud</strong></span> <span class='ocrx_word' id='word_1_502' title='bbox 1112 3688 1206 3726; x_wconf 91' lang='lat' dir='ltr'><strong>eos</strong></span> <span class='ocrx_word' id='word_1_503' title='bbox 1249 3674 1426 3727; x_wconf 88' lang='lat' dir='ltr'><strong>cultus</strong></span> <span class='ocrx_word' id='word_1_504' title='bbox 1466 3683 1600 3738; x_wconf 91' lang='lat' dir='ltr'><strong>erat,</strong></span> <span class='ocrx_word' id='word_1_505' title='bbox 1642 3671 1803 3743; x_wconf 84' lang='grc' dir='ltr'>σορῷ,</span> <span class='ocrx_word' id='word_1_506' title='bbox 1840 3673 1944 3727; x_wconf 87' lang='lat' dir='ltr'><strong>hoc</strong></span> <span class='ocrx_word' id='word_1_507' title='bbox 1997 3680 2080 3726; x_wconf 88' lang='lat' dir='ltr'><strong>est</strong></span> <span class='ocrx_word' id='word_1_508' title='bbox 2116 3672 2295 3727; x_wconf 88' lang='lat' dir='ltr'><strong>ioculo</strong></span> <span class='ocrx_word' id='word_1_509' title='bbox 2333 3674 2632 3739; x_wconf 89' lang='lat' dir='ltr'><strong>conditum,</strong></span> <span class='ocrx_word' id='word_1_510' title='bbox 2672 3671 2933 3744; x_wconf 87' lang='lat' dir='ltr'><strong>Soroapin</strong></span> <span class='ocrx_word' id='word_1_511' title='bbox 2975 3676 3099 3732; x_wconf 91' lang='lat' dir='ltr'><strong>inde</strong></span> <span class='ocrx_word' id='word_1_512' title='bbox 3129 3677 3325 3746; x_wconf 90' lang='lat' dir='ltr'><strong>primo,</strong></span> <span class='ocrx_word' id='word_1_513' title='bbox 3360 3684 3474 3730; x_wconf 88' lang='lat' dir='ltr'><strong>tum</strong></span> <span class='ocrx_word' id='word_1_514' title='bbox 3504 3672 3737 3744; x_wconf 88' lang='lat' dir='ltr'><strong>Sarapin</strong></span> <span class='ocrx_word' id='word_1_515' title='bbox 3776 3687 3878 3726; x_wconf 87' lang='lat' dir='ltr'><strong>no-</strong></span> 
     </span>
    </p>
   </div>
   <div class='ocr_carea' id='block_1_72' title="bbox 683 3765 3066 3839">
    <p class='ocr_par' dir='ltr' id='par_1_72' title="bbox 683 3765 3066 3839">
     <span class='ocr_line' id='line_1_72' title="bbox 683 3765 3066 3839; baseline 0.003 -20"><span class='ocrx_word' id='word_1_516' title='bbox 683 3766 959 3819; x_wconf 90' lang='lat' dir='ltr'><strong>minarint.</strong></span> <span class='ocrx_word' id='word_1_517' title='bbox 985 3765 1115 3835; x_wconf 86' lang='lat' dir='ltr'><strong>Apis</strong></span> <span class='ocrx_word' id='word_1_518' title='bbox 1139 3777 1315 3820; x_wconf 89' lang='lat' dir='ltr'><strong>autem</strong></span> <span class='ocrx_word' id='word_1_519' title='bbox 1341 3766 1408 3819; x_wconf 90' lang='lat' dir='ltr'><strong>ab</strong></span> <span class='ocrx_word' id='word_1_520' title='bbox 1427 3767 1626 3821; x_wconf 89' lang='lat' dir='ltr'><strong>Inacho</strong></span> <span class='ocrx_word' id='word_1_521' title='bbox 1650 3768 1839 3821; x_wconf 89' lang='lat' dir='ltr'><strong>tertius</strong></span> <span class='ocrx_word' id='word_1_522' title='bbox 1861 3766 2084 3821; x_wconf 78' lang='lat' dir='ltr'><strong>exstitit.</strong></span> <span class='ocrx_word' id='word_1_523' title='bbox 2114 3765 2234 3821; x_wconf 84' lang='lat' dir='ltr'><strong>Jam</strong></span> <span class='ocrx_word' id='word_1_524' title='bbox 2271 3765 2475 3822; x_wconf 89' lang='lat' dir='ltr'><strong>Latona</strong></span> <span class='ocrx_word' id='word_1_525' title='bbox 2511 3766 2650 3839; x_wconf 89' lang='lat' dir='ltr'><strong>Tityi</strong></span> <span class='ocrx_word' id='word_1_526' title='bbox 2684 3770 2905 3839; x_wconf 88' lang='lat' dir='ltr'><strong>aqualis</strong></span> <span class='ocrx_word' id='word_1_527' title='bbox 2930 3780 3066 3837; x_wconf 90' lang='lat' dir='ltr'><strong>erat,</strong></span> 
     </span>
    </p>
   </div>
   <div class='ocr_carea' id='block_1_73' title="bbox 748 3881 2108 3953">
    <p class='ocr_par' dir='ltr' id='par_1_73' title="bbox 748 3881 2108 3953">
     <span class='ocr_line' id='line_1_73' title="bbox 748 3881 2108 3953; baseline 0.001 -18"><span class='ocrx_word' id='word_1_528' title='bbox 748 3881 1007 3935; x_wconf 83' lang='lat' dir='ltr'><strong>Latonam</strong></span> <span class='ocrx_word' id='word_1_529' title='bbox 1044 3882 1147 3936; x_wconf 75' lang='lat' dir='ltr'><strong>sibi</strong></span> <span class='ocrx_word' id='word_1_530' title='bbox 1178 3899 1398 3953; x_wconf 82' lang='lat' dir='ltr'><strong>namque</strong></span> <span class='ocrx_word' id='word_1_531' title='bbox 1427 3882 1571 3937; x_wconf 75' lang='lat' dir='ltr'><strong>lovis</strong></span> <span class='ocrx_word' id='word_1_532' title='bbox 1604 3885 1819 3938; x_wconf 76' lang='lat' dir='ltr'><strong>sociavit</strong></span> <span class='ocrx_word' id='word_1_533' title='bbox 1851 3886 2108 3947; x_wconf 79' lang='lat' dir='ltr'><strong>amicam,</strong></span> 
     </span>
    </p>
   </div>
   <div class='ocr_carea' id='block_1_74' title="bbox 680 3992 2229 4069">
    <p class='ocr_par' dir='ltr' id='par_1_74' title="bbox 680 3992 2229 4069">
     <span class='ocr_line' id='line_1_74' title="bbox 680 3992 2229 4069; baseline 0.002 -23"><span class='ocrx_word' id='word_1_534' title='bbox 680 3992 930 4063; x_wconf 82' lang='lat' dir='ltr'><strong>idemque</strong></span> <span class='ocrx_word' id='word_1_535' title='bbox 982 3994 1117 4047; x_wconf 78' lang='lat' dir='ltr'><strong>vixit</strong></span> <span class='ocrx_word' id='word_1_536' title='bbox 1158 4009 1280 4048; x_wconf 90' lang='lat' dir='ltr'><strong>cum</strong></span> <span class='ocrx_word' id='word_1_537' title='bbox 1316 3993 1560 4049; x_wconf 82' lang='lat' dir='ltr'><strong>Tantalo.</strong></span> <span class='ocrx_word' id='word_1_538' title='bbox 1610 3994 1737 4052; x_wconf 85' lang='lat' dir='ltr'><strong>Jure</strong></span> <span class='ocrx_word' id='word_1_539' title='bbox 1787 3996 1951 4069; x_wconf 84' lang='lat' dir='ltr'><strong>igitur</strong></span> <span class='ocrx_word' id='word_1_540' title='bbox 1989 3995 2229 4052; x_wconf 74' lang='lat' dir='ltr'><strong>Baotius</strong></span> 
     </span>
    </p>
   </div>
   <div class='ocr_carea' id='block_1_75' title="bbox 685 4082 1194 4151">
    <p class='ocr_par' dir='ltr' id='par_1_75' title="bbox 685 4082 1194 4151">
     <span class='ocr_line' id='line_1_75' title="bbox 685 4082 1194 4151; baseline 0 -14"><span class='ocrx_word' id='word_1_541' title='bbox 685 4082 954 4138; x_wconf 83' lang='lat' dir='ltr'><strong>Pindarus</strong></span> <span class='ocrx_word' id='word_1_542' title='bbox 979 4084 1194 4151; x_wconf 86' lang='lat' dir='ltr'><strong>cecinit,</strong></span> 
     </span>
    </p>
   </div>
   <div class='ocr_carea' id='block_1_76' title="bbox 753 4197 1681 4269">
    <p class='ocr_par' dir='ltr' id='par_1_76' title="bbox 753 4197 1681 4269">
     <span class='ocr_line' id='line_1_76' title="bbox 753 4197 1681 4269; baseline 0.004 -19"><span class='ocrx_word' id='word_1_543' title='bbox 753 4197 998 4268; x_wconf 85' lang='lat' dir='ltr'><strong>Tempore</strong></span> <span class='ocrx_word' id='word_1_544' title='bbox 1024 4209 1163 4253; x_wconf 87' lang='lat' dir='ltr'><strong>certo</strong></span> <span class='ocrx_word' id='word_1_545' title='bbox 1189 4210 1341 4253; x_wconf 74' lang='lat' dir='ltr'><strong>natus</strong></span> <span class='ocrx_word' id='word_1_546' title='bbox 1372 4200 1559 4269; x_wconf 81' lang='lat' dir='ltr'><strong>Apollo</strong></span> <span class='ocrx_word' id='word_1_547' title='bbox 1583 4208 1681 4255; x_wconf 80' lang='lat' dir='ltr'><strong>est.</strong></span> 
     </span>
    </p>
   </div>
   <div class='ocr_carea' id='block_1_77' title="bbox 679 4307 2229 4383">
    <p class='ocr_par' dir='ltr' id='par_1_77' title="bbox 679 4307 2229 4383">
     <span class='ocr_line' id='line_1_77' title="bbox 679 4307 2229 4383; baseline 0.005 -21"><span class='ocrx_word' id='word_1_548' title='bbox 679 4307 789 4364; x_wconf 80' lang='lat' dir='ltr'><strong>Nec</strong></span> <span class='ocrx_word' id='word_1_549' title='bbox 815 4310 867 4364; x_wconf 92' lang='lat' dir='ltr'><strong>id</strong></span> <span class='ocrx_word' id='word_1_550' title='bbox 899 4311 1139 4379; x_wconf 78' lang='lat' dir='ltr'><strong>profecto</strong></span> <span class='ocrx_word' id='word_1_551' title='bbox 1168 4316 1365 4370; x_wconf 90' lang='lat' dir='ltr'><strong>mirum</strong></span> <span class='ocrx_word' id='word_1_552' title='bbox 1395 4315 1663 4377; x_wconf 80' lang='lat' dir='ltr'><strong>videatur,</strong></span> <span class='ocrx_word' id='word_1_553' title='bbox 1702 4329 1824 4369; x_wconf 86' lang='lat' dir='ltr'><strong>cum</strong></span> <span class='ocrx_word' id='word_1_554' title='bbox 1864 4324 2089 4383; x_wconf 81' lang='lat' dir='ltr'><strong>Ipsemet</strong></span> <span class='ocrx_word' id='word_1_555' title='bbox 2121 4332 2229 4370; x_wconf 82' lang='lat' dir='ltr'><strong>una</strong></span> 
     </span>
    </p>
   </div>
   <div class='ocr_carea' id='block_1_78' title="bbox 681 4400 2227 4472">
    <p class='ocr_par' dir='ltr' id='par_1_78' title="bbox 681 4400 2227 4472">
     <span class='ocr_line' id='line_1_78' title="bbox 681 4400 2227 4472; baseline 0.003 -17"><span class='ocrx_word' id='word_1_556' title='bbox 681 4416 804 4455; x_wconf 84' lang='lat' dir='ltr'><strong>cum</strong></span> <span class='ocrx_word' id='word_1_557' title='bbox 842 4400 1069 4456; x_wconf 86' lang='lat' dir='ltr'><strong>Hercule</strong></span> <span class='ocrx_word' id='word_1_558' title='bbox 1103 4417 1320 4472; x_wconf 85' lang='lat' dir='ltr'><strong>operam</strong></span> <span class='ocrx_word' id='word_1_559' title='bbox 1357 4404 1588 4458; x_wconf 80' lang='lat' dir='ltr'><strong>Admeto</strong></span> <span class='ocrx_word' id='word_1_560' title='bbox 1627 4405 1943 4458; x_wconf 87' lang='lat' dir='ltr'><strong>mercenarii</strong></span> <span class='ocrx_word' id='word_1_561' title='bbox 1988 4406 2104 4460; x_wconf 78' lang='lat' dir='ltr'><strong>vice</strong></span> <span class='ocrx_word' id='word_1_562' title='bbox 2131 4422 2227 4459; x_wconf 89' lang='lat' dir='ltr'><strong>na-</strong></span> 
     </span>
    </p>
   </div>
   <div class='ocr_carea' id='block_1_79' title="bbox 679 4490 917 4554">
    <p class='ocr_par' dir='ltr' id='par_1_79' title="bbox 679 4490 917 4554">
     <span class='ocr_line' id='line_1_79' title="bbox 679 4490 917 4554; baseline -0.008 -9"><span class='ocrx_word' id='word_1_563' title='bbox 679 4506 742 4545; x_wconf 83' lang='lat' dir='ltr'><strong>va</strong></span> <span class='ocrx_word' id='word_1_564' title='bbox 754 4490 886 4544; x_wconf 75' lang='lat' dir='ltr'><strong>verit</strong></span> <span class='ocrx_word' id='word_1_565' title='bbox 902 4530 917 4554; x_wconf 92' lang='lat'><strong>,</strong></span> 
     </span>
    </p>
   </div>
   <div class='ocr_carea' id='block_1_80' title="bbox 752 4601 1845 4671">
    <p class='ocr_par' dir='ltr' id='par_1_80' title="bbox 752 4601 1845 4671">
     <span class='ocr_line' id='line_1_80' title="bbox 752 4601 1845 4671; baseline -0.002 -14"><span class='ocrx_word' id='word_1_566' title='bbox 752 4601 1089 4671; x_wconf 75' lang='lat' dir='ltr'><strong>.....Magntts</strong></span> <span class='ocrx_word' id='word_1_567' title='bbox 1129 4618 1236 4655; x_wconf 79' lang='lat' dir='ltr'><strong>sese</strong></span> <span class='ocrx_word' id='word_1_568' title='bbox 1266 4602 1389 4655; x_wconf 68' lang='lat' dir='ltr'><strong>dum</strong></span> <span class='ocrx_word' id='word_1_569' title='bbox 1415 4604 1631 4657; x_wconf 74' lang='lat' dir='ltr'><strong>volveret</strong></span> <span class='ocrx_word' id='word_1_570' title='bbox 1659 4619 1845 4658; x_wconf 74' lang='lat' dir='ltr'><strong>annus.</strong></span> 
     </span>
    </p>
   </div>
   <div class='ocr_carea' id='block_1_81' title="bbox 684 4712 2229 4784">
    <p class='ocr_par' dir='ltr' id='par_1_81' title="bbox 684 4712 2229 4784">
     <span class='ocr_line' id='line_1_81' title="bbox 684 4712 2229 4784; baseline 0.003 -17"><span class='ocrx_word' id='word_1_571' title='bbox 684 4712 799 4767; x_wconf 87' lang='lat' dir='ltr'><strong>Sub</strong></span> <span class='ocrx_word' id='word_1_572' title='bbox 836 4712 1026 4770; x_wconf 84' lang='lat' dir='ltr'><strong>Cadmi</strong></span> <span class='ocrx_word' id='word_1_573' title='bbox 1074 4723 1316 4783; x_wconf 87' lang='lat' dir='ltr'><strong>tempora</strong></span> <span class='ocrx_word' id='word_1_574' title='bbox 1364 4712 1564 4769; x_wconf 87' lang='lat' dir='ltr'><strong>Zethus</strong></span> <span class='ocrx_word' id='word_1_575' title='bbox 1608 4721 1661 4768; x_wconf 90' lang='lat' dir='ltr'><strong>et</strong></span> <span class='ocrx_word' id='word_1_576' title='bbox 1694 4713 1965 4784; x_wconf 80' lang='lat' dir='ltr'><strong>Amphion</strong></span> <span class='ocrx_word' id='word_1_577' title='bbox 2005 4714 2229 4771; x_wconf 84' lang='lat' dir='ltr'><strong>musica</strong></span> 
     </span>
    </p>
   </div>
   <div class='ocr_carea' id='block_1_82' title="bbox 683 4804 2229 4876">
    <p class='ocr_par' dir='ltr' id='par_1_82' title="bbox 683 4804 2229 4876">
     <span class='ocr_line' id='line_1_82' title="bbox 683 4804 2229 4876; baseline 0.002 -20"><span class='ocrx_word' id='word_1_578' title='bbox 683 4804 989 4862; x_wconf 74' lang='lat' dir='ltr'><strong>inventores</strong></span> <span class='ocrx_word' id='word_1_579' title='bbox 1030 4810 1303 4863; x_wconf 87' lang='lat' dir='ltr'><strong>exstitere.</strong></span> <span class='ocrx_word' id='word_1_580' title='bbox 1338 4809 1415 4863; x_wconf 91' lang='lat' dir='ltr'><strong>Ac</strong></span> <span class='ocrx_word' id='word_1_581' title='bbox 1446 4807 1489 4862; x_wconf 89' lang='lat' dir='ltr'><strong>si</strong></span> <span class='ocrx_word' id='word_1_582' title='bbox 1545 4807 1667 4876; x_wconf 88' lang='lat' dir='ltr'><strong>quis</strong></span> <span class='ocrx_word' id='word_1_583' title='bbox 1708 4808 1830 4873; x_wconf 90' lang='lat' dir='ltr'><strong>erit,</strong></span> <span class='ocrx_word' id='word_1_584' title='bbox 1876 4807 1969 4876; x_wconf 90' lang='lat' dir='ltr'><strong>qui</strong></span> <span class='ocrx_word' id='word_1_585' title='bbox 2000 4804 2229 4860; x_wconf 84' lang='lat' dir='ltr'><strong>Phemo-</strong></span> 
     </span>
    </p>
   </div>
   <div class='ocr_carea' id='block_1_83' title="bbox 682 4898 2229 4971">
    <p class='ocr_par' dir='ltr' id='par_1_83' title="bbox 682 4898 2229 4971">
     <span class='ocr_line' id='line_1_83' title="bbox 682 4898 2229 4971; baseline 0.003 -24"><span class='ocrx_word' id='word_1_586' title='bbox 682 4910 820 4949; x_wconf 89' lang='lat' dir='ltr'><strong>noen</strong></span> <span class='ocrx_word' id='word_1_587' title='bbox 866 4898 1075 4953; x_wconf 85' lang='lat' dir='ltr'><strong>Acrisio</strong></span> <span class='ocrx_word' id='word_1_588' title='bbox 1115 4900 1344 4969; x_wconf 86' lang='lat' dir='ltr'><strong>primam</strong></span> <span class='ocrx_word' id='word_1_589' title='bbox 1390 4900 1551 4971; x_wconf 80' lang='lat'><strong>500</strong></span> <span class='ocrx_word' id='word_1_590' title='bbox 1583 4900 1803 4955; x_wconf 86' lang='lat' dir='ltr'><strong>oracula</strong></span> <span class='ocrx_word' id='word_1_591' title='bbox 1850 4898 2113 4955; x_wconf 88' lang='lat' dir='ltr'><strong>cecinisse</strong></span> <span class='ocrx_word' id='word_1_592' title='bbox 2146 4898 2229 4953; x_wconf 89' lang='lat' dir='ltr'><strong>di-</strong></span> 
     </span>
    </p>
   </div>
   <div class='ocr_carea' id='block_1_84' title="bbox 682 4985 2227 5061">
    <p class='ocr_par' dir='ltr' id='par_1_84' title="bbox 682 4985 2227 5061">
     <span class='ocr_line' id='line_1_84' title="bbox 682 4985 2227 5061; baseline 0.003 -22"><span class='ocrx_word' id='word_1_593' title='bbox 682 4993 801 5050; x_wconf 84' lang='lat' dir='ltr'><strong>cet,</strong></span> <span class='ocrx_word' id='word_1_594' title='bbox 854 4985 1149 5059; x_wconf 73' lang='lat' dir='ltr'><strong>intelligat,</strong></span> <span class='ocrx_word' id='word_1_595' title='bbox 1205 4998 1329 5061; x_wconf 90' lang='lat' dir='ltr'><strong>post</strong></span> <span class='ocrx_word' id='word_1_596' title='bbox 1371 4992 1615 5047; x_wconf 85' lang='lat' dir='ltr'><strong>eamdem</strong></span> <span class='ocrx_word' id='word_1_597' title='bbox 1674 4990 2019 5045; x_wconf 84' lang='lat' dir='ltr'><strong>Phemonoen</strong></span> <span class='ocrx_word' id='word_1_598' title='bbox 2069 4988 2227 5044; x_wconf 85' lang='lat' dir='ltr'><strong>annis</strong></span> 
     </span>
    </p>
   </div>
   <div class='ocr_carea' id='block_1_85' title="bbox 680 5078 2226 5151">
    <p class='ocr_par' dir='ltr' id='par_1_85' title="bbox 680 5078 2226 5151">
     <span class='ocr_line' id='line_1_85' title="bbox 680 5078 2226 5151; baseline 0.001 -19"><span class='ocrx_word' id='word_1_599' title='bbox 680 5085 883 5145; x_wconf 86' lang='lat' dir='ltr'><strong>septem</strong></span> <span class='ocrx_word' id='word_1_600' title='bbox 930 5092 995 5131; x_wconf 91' lang='lat' dir='ltr'><strong>ac</strong></span> <span class='ocrx_word' id='word_1_601' title='bbox 1033 5081 1242 5150; x_wconf 80' lang='lat' dir='ltr'><strong>viginti,</strong></span> <span class='ocrx_word' id='word_1_602' title='bbox 1284 5082 1580 5151; x_wconf 86' lang='lat' dir='ltr'><strong>Orpheum,</strong></span> <span class='ocrx_word' id='word_1_603' title='bbox 1620 5081 1900 5148; x_wconf 75' lang='lat' dir='ltr'><strong>Musaeum,</strong></span> <span class='ocrx_word' id='word_1_604' title='bbox 1936 5090 2098 5151; x_wconf 86' lang='lat' dir='ltr'><strong>atque</strong></span> <span class='ocrx_word' id='word_1_605' title='bbox 2132 5078 2226 5133; x_wconf 85' lang='lat' dir='ltr'><strong>Li-</strong></span> 
     </span>
    </p>
   </div>
   <div class='ocr_carea' id='block_1_86' title="bbox 680 5156 2229 5239">
    <p class='ocr_par' dir='ltr' id='par_1_86' title="bbox 680 5156 2229 5239">
     <span class='ocr_line' id='line_1_86' title="bbox 680 5156 2229 5239; baseline 0.001 -17"><span class='ocrx_word' id='word_1_606' title='bbox 680 5182 811 5222; x_wconf 90' lang='lat' dir='ltr'><strong>num</strong></span> <span class='ocrx_word' id='word_1_607' title='bbox 838 5164 1085 5220; x_wconf 79' lang='lat' dir='ltr'><strong>Herculis</strong></span> <span class='ocrx_word' id='word_1_608' title='bbox 1129 5184 1509 5239; x_wconf 82' lang='lat' dir='ltr'><strong>praceptorem</strong></span> <span class='ocrx_word' id='word_1_609' title='bbox 1536 5156 1805 5226; x_wconf 68' lang='lat' dir='ltr'><strong>ﬂoruisse.</strong></span> <span class='ocrx_word' id='word_1_610' title='bbox 1836 5170 2102 5225; x_wconf 82' lang='lat' dir='ltr'><strong>Homerus</strong></span> <span class='ocrx_word' id='word_1_611' title='bbox 2132 5185 2229 5223; x_wconf 88' lang='lat' dir='ltr'><strong>au-</strong></span> 
     </span>
    </p>
   </div>
   <div class='ocr_carea' id='block_1_87' title="bbox 682 5255 2228 5331">
    <p class='ocr_par' dir='ltr' id='par_1_87' title="bbox 682 5255 2228 5331">
     <span class='ocr_line' id='line_1_87' title="bbox 682 5255 2228 5331; baseline 0.002 -21"><span class='ocrx_word' id='word_1_612' title='bbox 682 5264 789 5311; x_wconf 87' lang='lat' dir='ltr'><strong>tem</strong></span> <span class='ocrx_word' id='word_1_613' title='bbox 832 5264 885 5312; x_wconf 89' lang='lat' dir='ltr'><strong>et</strong></span> <span class='ocrx_word' id='word_1_614' title='bbox 937 5255 1226 5325; x_wconf 86' lang='lat' dir='ltr'><strong>Hesiodus,</strong></span> <span class='ocrx_word' id='word_1_615' title='bbox 1277 5267 1337 5313; x_wconf 89' lang='lat' dir='ltr'><strong>ut</strong></span> <span class='ocrx_word' id='word_1_616' title='bbox 1378 5258 1628 5329; x_wconf 74' lang='lat' dir='ltr'><strong>Troianis</strong></span> <span class='ocrx_word' id='word_1_617' title='bbox 1678 5262 2011 5331; x_wconf 87' lang='lat' dir='ltr'><strong>temporibus</strong></span> <span class='ocrx_word' id='word_1_618' title='bbox 2058 5259 2228 5313; x_wconf 85' lang='lat' dir='ltr'><strong>multo</strong></span> 
     </span>
    </p>
   </div>
   <div class='ocr_carea' id='block_1_88' title="bbox 674 5345 2228 5421">
    <p class='ocr_par' dir='ltr' id='par_1_88' title="bbox 674 5345 2228 5421">
     <span class='ocr_line' id='line_1_88' title="bbox 674 5345 2228 5421; baseline 0.005 -22"><span class='ocrx_word' id='word_1_619' title='bbox 674 5345 923 5417; x_wconf 72' lang='lat' dir='ltr'><strong>iuniores</strong></span> <span class='ocrx_word' id='word_1_620' title='bbox 962 5346 1135 5413; x_wconf 84' lang='lat' dir='ltr'><strong>fuere,</strong></span> <span class='ocrx_word' id='word_1_621' title='bbox 1164 5348 1238 5403; x_wconf 89' lang='lat' dir='ltr'><strong>ita</strong></span> <span class='ocrx_word' id='word_1_622' title='bbox 1264 5348 1423 5421; x_wconf 79' lang='lat' dir='ltr'><strong>longo</strong></span> <span class='ocrx_word' id='word_1_623' title='bbox 1452 5360 1576 5421; x_wconf 83' lang='lat' dir='ltr'><strong>post</strong></span> <span class='ocrx_word' id='word_1_624' title='bbox 1608 5361 1903 5410; x_wconf 78' lang='lat' dir='ltr'><strong>utrumaue</strong></span> <span class='ocrx_word' id='word_1_625' title='bbox 1946 5350 2228 5409; x_wconf 69' lang='lat' dir='ltr'><strong>intervallo</strong></span> 
     </span>
    </p>
   </div>
   <div class='ocr_carea' id='block_1_89' title="bbox 750 5502 2229 5579">
    <p class='ocr_par' dir='ltr' id='par_1_89' title="bbox 750 5502 2229 5579">
     <span class='ocr_line' id='line_1_89' title="bbox 750 5502 2229 5579; baseline 0.004 -24"><span class='ocrx_word' id='word_1_626' title='bbox 750 5502 827 5574; x_wconf 65' lang='lat'><strong>(3)</strong></span> <span class='ocrx_word' id='word_1_627' title='bbox 865 5505 1057 5579; x_wconf 55' lang='lat' dir='ltr'><strong>&#39;Io’w}.</strong></span> <span class='ocrx_word' id='word_1_628' title='bbox 1098 5502 1321 5579; x_wconf 63' lang='lat' dir='ltr'><strong>Nomen</strong></span> <span class='ocrx_word' id='word_1_629' title='bbox 1350 5504 1505 5579; x_wconf 78' lang='lat' dir='ltr'><strong>Isidis</strong></span> <span class='ocrx_word' id='word_1_630' title='bbox 1534 5522 1603 5562; x_wconf 82' lang='lat' dir='ltr'><strong>ex</strong></span> <span class='ocrx_word' id='word_1_631' title='bbox 1642 5507 1920 5565; x_wconf 76' lang='lat' dir='ltr'><strong>Clernente</strong></span> <span class='ocrx_word' id='word_1_632' title='bbox 1959 5506 2229 5579; x_wconf 76' lang='lat' dir='ltr'><strong>supplevi-</strong></span> 
     </span>
    </p>
   </div>
   <div class='ocr_carea' id='block_1_90' title="bbox 682 5572 2226 5644">
    <p class='ocr_par' dir='ltr' id='par_1_90' title="bbox 682 5572 2226 5644">
     <span class='ocr_line' id='line_1_90' title="bbox 682 5572 2226 5644; baseline 0.006 -20"><span class='ocrx_word' id='word_1_633' title='bbox 682 5572 840 5635; x_wconf 56' lang='lat' dir='ltr'><strong>mus&#39;,</strong></span> <span class='ocrx_word' id='word_1_634' title='bbox 870 5576 1013 5643; x_wconf 90' lang='lat' dir='ltr'><strong>quod</strong></span> <span class='ocrx_word' id='word_1_635' title='bbox 1044 5577 1100 5629; x_wconf 89' lang='lat' dir='ltr'><strong>in</strong></span> <span class='ocrx_word' id='word_1_636' title='bbox 1128 5572 1363 5631; x_wconf 83' lang='lat' dir='ltr'><strong>Eusebio</strong></span> <span class='ocrx_word' id='word_1_637' title='bbox 1396 5576 1617 5642; x_wconf 59' lang='lat' dir='ltr'><strong>deerat;</strong></span> <span class='ocrx_word' id='word_1_638' title='bbox 1656 5580 1763 5634; x_wconf 68' lang='lat' dir='ltr'><strong>his</strong></span> <span class='ocrx_word' id='word_1_639' title='bbox 1797 5581 1943 5635; x_wconf 77' lang='lat' dir='ltr'><strong>enim</strong></span> <span class='ocrx_word' id='word_1_640' title='bbox 1977 5572 2079 5633; x_wconf 63' lang='lat' dir='ltr'><strong>ill&#39;a&#39;</strong></span> <span class='ocrx_word' id='word_1_641' title='bbox 2114 5584 2226 5644; x_wconf 84' lang='lat' dir='ltr'><strong>est,</strong></span> 
     </span>
    </p>
   </div>
   <div class='ocr_carea' id='block_1_91' title="bbox 681 5646 2120 5710">
    <p class='ocr_par' dir='ltr' id='par_1_91' title="bbox 681 5646 2120 5710">
     <span class='ocr_line' id='line_1_91' title="bbox 681 5646 2120 5710; baseline 0.008 -18"><span class='ocrx_word' id='word_1_642' title='bbox 681 5655 845 5710; x_wconf 77' lang='lat' dir='ltr'><strong>quam</strong></span> <span class='ocrx_word' id='word_1_643' title='bbox 875 5656 1130 5699; x_wconf 77' lang='lat' dir='ltr'><strong>secuente</strong></span> <span class='ocrx_word' id='word_1_644' title='bbox 1162 5662 1320 5699; x_wconf 79' lang='lat' dir='ltr'><strong>versu</strong></span> <span class='ocrx_word' id='word_1_645' title='bbox 1355 5648 1412 5698; x_wconf 94' lang='lat' dir='ltr'><strong>Io</strong></span> <span class='ocrx_word' id='word_1_646' title='bbox 1440 5646 1638 5700; x_wconf 82' lang='lat' dir='ltr'><strong>dictam</strong></span> <span class='ocrx_word' id='word_1_647' title='bbox 1662 5662 1788 5704; x_wconf 73' lang='lat' dir='ltr'><strong>esse</strong></span> <span class='ocrx_word' id='word_1_648' title='bbox 1815 5650 2120 5704; x_wconf 77' lang='lat' dir='ltr'><strong>conﬁrmat.</strong></span> 
     </span>
    </p>
   </div>
   <div class='ocr_carea' id='block_1_92' title="bbox 752 5710 2223 5791">
    <p class='ocr_par' dir='ltr' id='par_1_92' title="bbox 752 5710 2223 5791">
     <span class='ocr_line' id='line_1_92' title="bbox 752 5710 2223 5791; baseline 0.006 -27"><span class='ocrx_word' id='word_1_649' title='bbox 752 5710 830 5791; x_wconf 57' lang='grc' dir='ltr'><strong>ᾧ)</strong></span> <span class='ocrx_word' id='word_1_650' title='bbox 867 5714 999 5791; x_wconf 53' lang='lat' dir='ltr'><strong>Iit-gl</strong></span> <span class='ocrx_word' id='word_1_651' title='bbox 1028 5714 1177 5791; x_wconf 54' lang='lat' dir='ltr'><strong>asp:</strong></span> <span class='ocrx_word' id='word_1_652' title='bbox 1201 5715 1315 5791; x_wconf 56' lang='grc' dir='ltr'><strong>(ὴν</strong></span> <span class='ocrx_word' id='word_1_653' title='bbox 1346 5714 1578 5791; x_wconf 62' lang='lat' dir='ltr'><strong>‘Igb,_etc.</strong></span> <span class='ocrx_word' id='word_1_654' title='bbox 1610 5716 1764 5787; x_wconf 85' lang='lat' dir='ltr'><strong>Apud</strong></span> <span class='ocrx_word' id='word_1_655' title='bbox 1786 5716 2119 5775; x_wconf 80' lang='lat' dir='ltr'><strong>Clementem</strong></span> <span class='ocrx_word' id='word_1_656' title='bbox 2152 5716 2223 5773; x_wconf 89' lang='lat' dir='ltr'><strong>ita</strong></span> 
     </span>
    </p>
   </div>
   <div class='ocr_carea' id='block_1_93' title="bbox 680 5778 1731 5855">
    <p class='ocr_par' dir='ltr' id='par_1_93' title="bbox 680 5778 1731 5855">
     <span class='ocr_line' id='line_1_93' title="bbox 680 5778 1731 5855; baseline 0.008 -23"><span class='ocrx_word' id='word_1_657' title='bbox 680 5778 895 5848; x_wconf 76' lang='lat' dir='ltr'><strong>legitur,</strong></span> <span class='ocrx_word' id='word_1_658' title='bbox 919 5783 1056 5837; x_wconf 81' lang='grc' dir='ltr'>Ἶσιν</span> <span class='ocrx_word' id='word_1_659' title='bbox 1084 5784 1161 5849; x_wconf 65' lang='grc' dir='ltr'><strong>δὲ,</strong></span> <span class='ocrx_word' id='word_1_660' title='bbox 1191 5778 1287 5855; x_wconf 69' lang='grc' dir='ltr'><strong>τὴν</strong></span> <span class='ocrx_word' id='word_1_661' title='bbox 1312 5786 1406 5841; x_wconf 77' lang='grc' dir='ltr'>καὶ</span> <span class='ocrx_word' id='word_1_662' title='bbox 1439 5786 1523 5839; x_wconf 78' lang='grc' dir='ltr'><strong>Ἰώ</strong></span> <span class='ocrx_word' id='word_1_663' title='bbox 1547 5778 1731 5855; x_wconf 67' lang='grc' dir='ltr'>φασὶν.</span> 
     </span>
    </p>
   </div>
   <div class='ocr_carea' id='block_1_94' title="bbox 2406 3882 3880 3958">
    <p class='ocr_par' dir='ltr' id='par_1_94' title="bbox 2406 3882 3880 3958">
     <span class='ocr_line' id='line_1_94' title="bbox 2406 3882 3880 3958; baseline 0.001 -18"><span class='ocrx_word' id='word_1_664' title='bbox 2406 3886 2578 3954; x_wconf 80' lang='grc' dir='ltr'>Λητὼ</span> <span class='ocrx_word' id='word_1_665' title='bbox 2605 3886 2678 3958; x_wconf 92' lang='grc'><strong>(6)</strong></span> <span class='ocrx_word' id='word_1_666' title='bbox 2702 3888 2813 3956; x_wconf 78' lang='grc' dir='ltr'><strong>γὰρ</strong></span> <span class='ocrx_word' id='word_1_667' title='bbox 2840 3885 3075 3954; x_wconf 73' lang='grc' dir='ltr'>ἦλκησε</span> <span class='ocrx_word' id='word_1_668' title='bbox 3103 3883 3234 3950; x_wconf 85' lang='grc' dir='ltr'>Διὸς</span> <span class='ocrx_word' id='word_1_669' title='bbox 3263 3882 3494 3952; x_wconf 71' lang='grc' dir='ltr'>κυδρὴν</span> <span class='ocrx_word' id='word_1_670' title='bbox 3517 3882 3880 3951; x_wconf 75' lang='grc' dir='ltr'>παράκοιτιν.</span> 
     </span>
    </p>
   </div>
   <div class='ocr_carea' id='block_1_95' title="bbox 2338 3995 3882 4071">
    <p class='ocr_par' dir='ltr' id='par_1_95' title="bbox 2338 3995 3882 4071">
     <span class='ocr_line' id='line_1_95' title="bbox 2338 3995 3882 4071; baseline 0.001 -19"><span class='ocrx_word' id='word_1_671' title='bbox 2338 3999 2526 4062; x_wconf 77' lang='grc' dir='ltr'>Τιτυὸς</span> <span class='ocrx_word' id='word_1_672' title='bbox 2548 4000 2604 4053; x_wconf 75' lang='grc' dir='ltr'><strong>δὲ</strong></span> <span class='ocrx_word' id='word_1_673' title='bbox 2629 4001 2961 4071; x_wconf 83' lang='grc' dir='ltr'>συνεχρόνισε</span> <span class='ocrx_word' id='word_1_674' title='bbox 2985 3996 3255 4068; x_wconf 70' lang='grc' dir='ltr'>Ταντάλῳ.</span> <span class='ocrx_word' id='word_1_675' title='bbox 3280 3995 3513 4060; x_wconf 85' lang='grc' dir='ltr'>Εἰκότως</span> <span class='ocrx_word' id='word_1_676' title='bbox 3536 3997 3645 4069; x_wconf 80' lang='grc' dir='ltr'>ἄρα</span> <span class='ocrx_word' id='word_1_677' title='bbox 3671 3998 3698 4049; x_wconf 86' lang='grc' dir='ltr'><strong>ό</strong></span> <span class='ocrx_word' id='word_1_678' title='bbox 3717 3996 3882 4054; x_wconf 76' lang='grc' dir='ltr'>Βοιώ-</span> 
     </span>
    </p>
   </div>
   <div class='ocr_carea' id='block_1_96' title="bbox 2328 4089 2969 4160">
    <p class='ocr_par' dir='ltr' id='par_1_96' title="bbox 2328 4089 2969 4160">
     <span class='ocr_line' id='line_1_96' title="bbox 2328 4089 2969 4160; baseline -0.005 -17"><span class='ocrx_word' id='word_1_679' title='bbox 2328 4106 2439 4151; x_wconf 85' lang='grc' dir='ltr'>τιος</span> <span class='ocrx_word' id='word_1_680' title='bbox 2464 4089 2719 4159; x_wconf 85' lang='grc' dir='ltr'>Πίνδαρος</span> <span class='ocrx_word' id='word_1_681' title='bbox 2748 4091 2969 4160; x_wconf 86' lang='grc' dir='ltr'>γράφει·</span> 
     </span>
    </p>
   </div>
   <div class='ocr_carea' id='block_1_97' title="bbox 2479 4178 3444 4268">
    <p class='ocr_par' dir='ltr' id='par_1_97' title="bbox 2479 4178 3444 4268">
     <span class='ocr_line' id='line_1_97' title="bbox 2479 4178 3444 4268; baseline -0.001 -17"><span class='ocrx_word' id='word_1_682' title='bbox 2479 4200 2572 4253; x_wconf 78' lang='grc' dir='ltr'><em>Ἐν</em></span> <span class='ocrx_word' id='word_1_683' title='bbox 2603 4202 2795 4268; x_wconf 81' lang='grc' dir='ltr'>χρόνῳ</span> <span class='ocrx_word' id='word_1_684' title='bbox 2818 4198 2884 4252; x_wconf 81' lang='grc' dir='ltr'><strong>δὲ</strong></span> <span class='ocrx_word' id='word_1_685' title='bbox 2912 4178 3093 4268; x_wconf 60' lang='grc' dir='ltr'><strong>γένετ’</strong></span> <span class='ocrx_word' id='word_1_686' title='bbox 3132 4198 3444 4250; x_wconf 78' lang='grc' dir='ltr'><strong>Ἀπόλλων.</strong></span> 
     </span>
    </p>
   </div>
   <div class='ocr_carea' id='block_1_98' title="bbox 2325 4311 3879 4385">
    <p class='ocr_par' dir='ltr' id='par_1_98' title="bbox 2325 4311 3879 4385">
     <span class='ocr_line' id='line_1_98' title="bbox 2325 4311 3879 4385; baseline 0 -18"><span class='ocrx_word' id='word_1_687' title='bbox 2325 4314 2434 4367; x_wconf 73' lang='grc' dir='ltr'><strong>Καὶ</strong></span> <span class='ocrx_word' id='word_1_688' title='bbox 2462 4313 2609 4367; x_wconf 81' lang='grc' dir='ltr'>οὐδὲν</span> <span class='ocrx_word' id='word_1_689' title='bbox 2650 4312 2972 4383; x_wconf 86' lang='grc' dir='ltr'>θαυμαστὸν,</span> <span class='ocrx_word' id='word_1_690' title='bbox 2997 4312 3123 4364; x_wconf 83' lang='grc' dir='ltr'>ὅπου</span> <span class='ocrx_word' id='word_1_691' title='bbox 3158 4326 3221 4377; x_wconf 84' lang='grc' dir='ltr'>γε</span> <span class='ocrx_word' id='word_1_692' title='bbox 3252 4328 3343 4363; x_wconf 89' lang='grc' dir='ltr'><strong>και</strong></span> <span class='ocrx_word' id='word_1_693' title='bbox 3371 4311 3621 4384; x_wconf 74' lang='grc' dir='ltr'>’Δδμήτῳ</span> <span class='ocrx_word' id='word_1_694' title='bbox 3645 4313 3879 4385; x_wconf 75' lang='grc' dir='ltr'>θητεύων</span> 
     </span>
    </p>
   </div>
   <div class='ocr_carea' id='block_1_99' title="bbox 2325 4400 3178 4475">
    <p class='ocr_par' dir='ltr' id='par_1_99' title="bbox 2325 4400 3178 4475">
     <span class='ocr_line' id='line_1_99' title="bbox 2325 4400 3178 4475; baseline -0.004 -20"><span class='ocrx_word' id='word_1_695' title='bbox 2325 4403 2636 4475; x_wconf 85' lang='grc' dir='ltr'>εὑρίσκεται</span> <span class='ocrx_word' id='word_1_696' title='bbox 2670 4405 2765 4461; x_wconf 83' lang='grc' dir='ltr'>σὺν</span> <span class='ocrx_word' id='word_1_697' title='bbox 2794 4403 2887 4457; x_wconf 76' lang='grc' dir='ltr'><strong>καὶ</strong></span> <span class='ocrx_word' id='word_1_698' title='bbox 2926 4400 3178 4472; x_wconf 83' lang='grc' dir='ltr'>Ἠρακλεῖ</span> 
     </span>
    </p>
   </div>
   <div class='ocr_carea' id='block_1_100' title="bbox 2468 4602 3252 4671">
    <p class='ocr_par' dir='ltr' id='par_1_100' title="bbox 2468 4602 3252 4671">
     <span class='ocr_line' id='line_1_100' title="bbox 2468 4602 3252 4671; baseline 0.003 -18"><span class='ocrx_word' id='word_1_699' title='bbox 2624 4602 2825 4671; x_wconf 62' lang='grc' dir='ltr'>Μέγαν</span> <span class='ocrx_word' id='word_1_700' title='bbox 2849 4603 2936 4663; x_wconf 73' lang='grc' dir='ltr'>εἰς</span> <span class='ocrx_word' id='word_1_701' title='bbox 2963 4602 3252 4656; x_wconf 80' lang='grc' dir='ltr'>ἐνιαυτόν.</span> 
     </span>
    </p>
   </div>
   <div class='ocr_carea' id='block_1_101' title="bbox 2328 4710 3876 4788">
    <p class='ocr_par' dir='ltr' id='par_1_101' title="bbox 2328 4710 3876 4788">
     <span class='ocr_line' id='line_1_101' title="bbox 2328 4710 3876 4788; baseline 0.003 -25"><span class='ocrx_word' id='word_1_702' title='bbox 2328 4710 2495 4781; x_wconf 74' lang='grc' dir='ltr'>Ζῆθος</span> <span class='ocrx_word' id='word_1_703' title='bbox 2537 4712 2593 4764; x_wconf 79' lang='grc' dir='ltr'><strong>δὲ</strong></span> <span class='ocrx_word' id='word_1_704' title='bbox 2633 4713 2725 4765; x_wconf 77' lang='grc' dir='ltr'><strong>καὶ</strong></span> <span class='ocrx_word' id='word_1_705' title='bbox 2774 4714 3014 4784; x_wconf 71' lang='grc' dir='ltr'><strong>⁹Αμφίων</strong></span> <span class='ocrx_word' id='word_1_706' title='bbox 3062 4717 3112 4769; x_wconf 81' lang='grc' dir='ltr'><strong>οἱ</strong></span> <span class='ocrx_word' id='word_1_707' title='bbox 3172 4717 3433 4788; x_wconf 79' lang='grc' dir='ltr'>μουσικῆς</span> <span class='ocrx_word' id='word_1_708' title='bbox 3486 4714 3701 4785; x_wconf 82' lang='grc' dir='ltr'>εὑρεταὶ</span> <span class='ocrx_word' id='word_1_709' title='bbox 3752 4716 3876 4786; x_wconf 79' lang='grc' dir='ltr'>περὶ</span> 
     </span>
    </p>
   </div>
   <div class='ocr_carea' id='block_1_102' title="bbox 2325 4802 3876 4882">
    <p class='ocr_par' dir='ltr' id='par_1_102' title="bbox 2325 4802 3876 4882">
     <span class='ocr_line' id='line_1_102' title="bbox 2325 4802 3876 4882; baseline 0.006 -30"><span class='ocrx_word' id='word_1_710' title='bbox 2325 4803 2423 4872; x_wconf 83' lang='grc' dir='ltr'>τὴν</span> <span class='ocrx_word' id='word_1_711' title='bbox 2463 4802 2681 4872; x_wconf 78' lang='grc' dir='ltr'>Κάδμου</span> <span class='ocrx_word' id='word_1_712' title='bbox 2727 4805 3011 4873; x_wconf 87' lang='grc' dir='ltr'>γεγόνασιν</span> <span class='ocrx_word' id='word_1_713' title='bbox 3054 4808 3285 4879; x_wconf 79' lang='grc' dir='ltr'>ἠλικίαν.</span> <span class='ocrx_word' id='word_1_714' title='bbox 3314 4808 3431 4861; x_wconf 72' lang='grc' dir='ltr'><strong>Κᾶν</strong></span> <span class='ocrx_word' id='word_1_715' title='bbox 3470 4822 3553 4869; x_wconf 84' lang='grc' dir='ltr'><strong>τις</strong></span> <span class='ocrx_word' id='word_1_716' title='bbox 3586 4808 3716 4876; x_wconf 76' lang='grc' dir='ltr'>ἡμῖν</span> <span class='ocrx_word' id='word_1_717' title='bbox 3745 4808 3876 4882; x_wconf 75' lang='grc' dir='ltr'>λέγῃ</span> 
     </span>
    </p>
   </div>
   <div class='ocr_carea' id='block_1_103' title="bbox 2324 4895 3875 4972">
    <p class='ocr_par' dir='ltr' id='par_1_103' title="bbox 2324 4895 3875 4972">
     <span class='ocr_line' id='line_1_103' title="bbox 2324 4895 3875 4972; baseline 0.004 -25"><span class='ocrx_word' id='word_1_718' title='bbox 2324 4895 2602 4966; x_wconf 65' lang='grc' dir='ltr'>Φημονόην</span> <span class='ocrx_word' id='word_1_719' title='bbox 2666 4897 2885 4968; x_wconf 84' lang='grc' dir='ltr'>πρώτην</span> <span class='ocrx_word' id='word_1_720' title='bbox 2942 4901 3327 4972; x_wconf 57' lang='grc' dir='ltr'>χρησμηὴῆσαι</span> <span class='ocrx_word' id='word_1_721' title='bbox 3402 4899 3689 4971; x_wconf 77' lang='grc' dir='ltr'>’Δκρισίῳ,</span> <span class='ocrx_word' id='word_1_722' title='bbox 3764 4901 3875 4953; x_wconf 79' lang='grc' dir='ltr'>ἀλλ’</span> 
     </span>
    </p>
   </div>
   <div class='ocr_carea' id='block_1_104' title="bbox 2332 4986 3876 5061">
    <p class='ocr_par' dir='ltr' id='par_1_104' title="bbox 2332 4986 3876 5061">
     <span class='ocr_line' id='line_1_104' title="bbox 2332 4986 3876 5061; baseline 0.005 -24"><span class='ocrx_word' id='word_1_723' title='bbox 2332 4986 2479 5051; x_wconf 75' lang='grc' dir='ltr'>ἵστω,</span> <span class='ocrx_word' id='word_1_724' title='bbox 2533 4987 2613 5038; x_wconf 85' lang='grc' dir='ltr'><strong>ὃτι</strong></span> <span class='ocrx_word' id='word_1_725' title='bbox 2668 4986 2807 5057; x_wconf 83' lang='grc' dir='ltr'>μετὰ</span> <span class='ocrx_word' id='word_1_726' title='bbox 2860 4990 3160 5061; x_wconf 79' lang='grc' dir='ltr'>Φημονόην,</span> <span class='ocrx_word' id='word_1_727' title='bbox 3214 4989 3387 5041; x_wconf 76' lang='grc' dir='ltr'>ἔτεσιν</span> <span class='ocrx_word' id='word_1_728' title='bbox 3424 4988 3647 5061; x_wconf 78' lang='grc' dir='ltr'>ὕστερον</span> <span class='ocrx_word' id='word_1_729' title='bbox 3689 4992 3791 5057; x_wconf 76' lang='grc' dir='ltr'>κζ’,</span> <span class='ocrx_word' id='word_1_730' title='bbox 3829 4993 3876 5045; x_wconf 75' lang='lat' dir='ltr'><strong>el</strong></span> 
     </span>
    </p>
   </div>
   <div class='ocr_carea' id='block_1_105' title="bbox 2329 5074 3878 5155">
    <p class='ocr_par' dir='ltr' id='par_1_105' title="bbox 2329 5074 3878 5155">
     <span class='ocr_line' id='line_1_105' title="bbox 2329 5074 3878 5155; baseline 0.005 -26"><span class='ocrx_word' id='word_1_731' title='bbox 2329 5077 2456 5147; x_wconf 78' lang='grc' dir='ltr'>περὶ</span> <span class='ocrx_word' id='word_1_732' title='bbox 2501 5077 2733 5147; x_wconf 84' lang='grc' dir='ltr'>Ὀρφέα,</span> <span class='ocrx_word' id='word_1_733' title='bbox 2786 5080 2879 5133; x_wconf 73' lang='grc' dir='ltr'><strong>καὶ</strong></span> <span class='ocrx_word' id='word_1_734' title='bbox 2915 5074 3213 5141; x_wconf 74' lang='grc' dir='ltr'>Μουσαῖον,</span> <span class='ocrx_word' id='word_1_735' title='bbox 3259 5078 3351 5130; x_wconf 80' lang='grc' dir='ltr'>καὶ</span> <span class='ocrx_word' id='word_1_736' title='bbox 3386 5080 3543 5133; x_wconf 80' lang='grc' dir='ltr'>Αἶνον</span> <span class='ocrx_word' id='word_1_737' title='bbox 3583 5081 3679 5136; x_wconf 78' lang='grc' dir='ltr'>τὸν</span> <span class='ocrx_word' id='word_1_738' title='bbox 3718 5084 3878 5155; x_wconf 66' lang='grc' dir='ltr'>Ἦρα-</span> 
     </span>
    </p>
   </div>
   <div class='ocr_carea' id='block_1_106' title="bbox 2328 5165 3875 5242">
    <p class='ocr_par' dir='ltr' id='par_1_106' title="bbox 2328 5165 3875 5242">
     <span class='ocr_line' id='line_1_106' title="bbox 2328 5165 3875 5242; baseline 0.005 -23"><span class='ocrx_word' id='word_1_739' title='bbox 2328 5165 2513 5228; x_wconf 72' lang='grc' dir='ltr'>κλέους</span> <span class='ocrx_word' id='word_1_740' title='bbox 2549 5166 2874 5221; x_wconf 81' lang='grc' dir='ltr'>διδάσκαλον·</span> <span class='ocrx_word' id='word_1_741' title='bbox 2921 5172 3161 5239; x_wconf 82' lang='grc' dir='ltr'>Ὅμηρος</span> <span class='ocrx_word' id='word_1_742' title='bbox 3200 5167 3255 5219; x_wconf 81' lang='grc' dir='ltr'><strong>δὲ</strong></span> <span class='ocrx_word' id='word_1_743' title='bbox 3294 5170 3386 5223; x_wconf 79' lang='grc' dir='ltr'><strong>καὶ</strong></span> <span class='ocrx_word' id='word_1_744' title='bbox 3426 5170 3661 5235; x_wconf 80' lang='grc' dir='ltr'>Ἠσίοδος</span> <span class='ocrx_word' id='word_1_745' title='bbox 3700 5170 3875 5242; x_wconf 75' lang='grc' dir='ltr'>πολλῷ</span> 
     </span>
    </p>
   </div>
   <div class='ocr_carea' id='block_1_107' title="bbox 2326 5254 3874 5328">
    <p class='ocr_par' dir='ltr' id='par_1_107' title="bbox 2326 5254 3874 5328">
     <span class='ocr_line' id='line_1_107' title="bbox 2326 5254 3874 5328; baseline 0 -17"><span class='ocrx_word' id='word_1_746' title='bbox 2326 5254 2577 5328; x_wconf 82' lang='grc' dir='ltr'>νεώτεροι</span> <span class='ocrx_word' id='word_1_747' title='bbox 2616 5258 2725 5312; x_wconf 85' lang='grc' dir='ltr'>τῶν</span> <span class='ocrx_word' id='word_1_748' title='bbox 2762 5257 3021 5321; x_wconf 73' lang='grc' dir='ltr'>Ἰλιακῶν,</span> <span class='ocrx_word' id='word_1_749' title='bbox 3059 5256 3174 5309; x_wconf 82' lang='grc' dir='ltr'>αεθ’</span> <span class='ocrx_word' id='word_1_750' title='bbox 3200 5254 3293 5319; x_wconf 83' lang='grc' dir='ltr'><strong>οὓς</strong></span> <span class='ocrx_word' id='word_1_751' title='bbox 3329 5257 3519 5328; x_wconf 80' lang='grc' dir='ltr'>μακρῷ</span> <span class='ocrx_word' id='word_1_752' title='bbox 3546 5258 3799 5328; x_wconf 77' lang='grc' dir='ltr'>νεώτεροι</span> <span class='ocrx_word' id='word_1_753' title='bbox 3827 5260 3874 5311; x_wconf 85' lang='lat' dir='ltr'><strong>ol</strong></span> 
     </span>
    </p>
   </div>
   <div class='ocr_carea' id='block_1_108' title="bbox 2326 5346 3875 5421">
    <p class='ocr_par' dir='ltr' id='par_1_108' title="bbox 2326 5346 3875 5421">
     <span class='ocr_line' id='line_1_108' title="bbox 2326 5346 3875 5421; baseline 0.001 -21"><span class='ocrx_word' id='word_1_754' title='bbox 2326 5348 2454 5419; x_wconf 83' lang='grc' dir='ltr'>παρ’</span> <span class='ocrx_word' id='word_1_755' title='bbox 2476 5348 2695 5421; x_wconf 81' lang='grc' dir='ltr'>Ἕλλησι</span> <span class='ocrx_word' id='word_1_756' title='bbox 2713 5348 3017 5420; x_wconf 72' lang='grc' dir='ltr'>νομοθέται,</span> <span class='ocrx_word' id='word_1_757' title='bbox 3036 5346 3345 5418; x_wconf 82' lang='grc' dir='ltr'>Λυκοῦργός</span> <span class='ocrx_word' id='word_1_758' title='bbox 3366 5365 3422 5401; x_wconf 78' lang='grc' dir='ltr'><strong>τε</strong></span> <span class='ocrx_word' id='word_1_759' title='bbox 3444 5350 3537 5403; x_wconf 73' lang='grc' dir='ltr'>καὶ</span> <span class='ocrx_word' id='word_1_760' title='bbox 3560 5350 3758 5415; x_wconf 79' lang='grc' dir='ltr'>Σόλων,</span> <span class='ocrx_word' id='word_1_761' title='bbox 3783 5349 3875 5403; x_wconf 75' lang='grc' dir='ltr'>καὶ</span> 
     </span>
    </p>
   </div>
   <div class='ocr_carea' id='block_1_109' title="bbox 2396 5504 3871 5579">
    <p class='ocr_par' dir='ltr' id='par_1_109' title="bbox 2396 5504 3871 5579">
     <span class='ocr_line' id='line_1_109' title="bbox 2396 5504 3871 5579; baseline 0 -19"><span class='ocrx_word' id='word_1_762' title='bbox 2396 5507 2474 5576; x_wconf 74' lang='grc' dir='ltr'>μ)</span> <span class='ocrx_word' id='word_1_763' title='bbox 2516 5508 2628 5563; x_wconf 68' lang='grc' dir='ltr'><strong>Τὸν</strong></span> <span class='ocrx_word' id='word_1_764' title='bbox 2648 5509 2851 5579; x_wconf 65' lang='grc' dir='ltr'>Ἆπιν.</span> <span class='ocrx_word' id='word_1_765' title='bbox 2892 5504 2961 5561; x_wconf 83' lang='lat' dir='ltr'><strong>Et</strong></span> <span class='ocrx_word' id='word_1_766' title='bbox 2987 5505 3124 5563; x_wconf 84' lang='lat' dir='ltr'><strong>hanc</strong></span> <span class='ocrx_word' id='word_1_767' title='bbox 3149 5517 3431 5579; x_wconf 76' lang='lat' dir='ltr'><strong>utramque</strong></span> <span class='ocrx_word' id='word_1_768' title='bbox 3452 5521 3641 5563; x_wconf 79' lang='lat' dir='ltr'><strong>vocem</strong></span> <span class='ocrx_word' id='word_1_769' title='bbox 3663 5521 3730 5561; x_wconf 83' lang='lat' dir='ltr'><strong>ex</strong></span> <span class='ocrx_word' id='word_1_770' title='bbox 3759 5504 3871 5561; x_wconf 83' lang='lat' dir='ltr'><strong>Cle-</strong></span> 
     </span>
    </p>
   </div>
   <div class='ocr_carea' id='block_1_110' title="bbox 2325 5578 2861 5634">
    <p class='ocr_par' dir='ltr' id='par_1_110' title="bbox 2325 5578 2861 5634">
     <span class='ocr_line' id='line_1_110' title="bbox 2325 5578 2861 5634; baseline -0.011 1"><span class='ocrx_word' id='word_1_771' title='bbox 2325 5586 2504 5634; x_wconf 76' lang='lat' dir='ltr'><strong>mente</strong></span> <span class='ocrx_word' id='word_1_772' title='bbox 2537 5578 2861 5631; x_wconf 83' lang='lat' dir='ltr'><strong>addidimus.</strong></span> 
     </span>
    </p>
   </div>
   <div class='ocr_carea' id='block_1_111' title="bbox 2394 5642 3868 5718">
    <p class='ocr_par' dir='ltr' id='par_1_111' title="bbox 2394 5642 3868 5718">
     <span class='ocr_line' id='line_1_111' title="bbox 2394 5642 3868 5718; baseline -0.001 -18"><span class='ocrx_word' id='word_1_773' title='bbox 2394 5646 2607 5718; x_wconf 73' lang='lat' dir='ltr'><strong>(5)_Kal</strong></span> <span class='ocrx_word' id='word_1_774' title='bbox 2652 5644 2931 5718; x_wconf 60' lang='grc' dir='ltr'>Σάραπιν.</span> <span class='ocrx_word' id='word_1_775' title='bbox 2969 5646 3131 5701; x_wconf 87' lang='lat' dir='ltr'><strong>Addit</strong></span> <span class='ocrx_word' id='word_1_776' title='bbox 3168 5646 3417 5702; x_wconf 62' lang='lat' dir='ltr'><strong>Cianus</strong></span> <span class='ocrx_word' id='word_1_777' title='bbox 3459 5652 3583 5700; x_wconf 73' lang='lat' dir='ltr'><strong>ante</strong></span> <span class='ocrx_word' id='word_1_778' title='bbox 3625 5642 3868 5718; x_wconf 71' lang='grc' dir='ltr'>ὕστερον,</span> 
     </span>
    </p>
   </div>
   <div class='ocr_carea' id='block_1_112' title="bbox 2326 5714 3164 5787">
    <p class='ocr_par' dir='ltr' id='par_1_112' title="bbox 2326 5714 3164 5787">
     <span class='ocr_line' id='line_1_112' title="bbox 2326 5714 3164 5787; baseline -0.001 -16"><span class='ocrx_word' id='word_1_779' title='bbox 2326 5714 2578 5787; x_wconf 76' lang='grc' dir='ltr'>συνηθείᾳ</span> <span class='ocrx_word' id='word_1_780' title='bbox 2606 5714 2709 5787; x_wconf 69' lang='grc' dir='ltr'>τινὶ</span> <span class='ocrx_word' id='word_1_781' title='bbox 2731 5715 2844 5787; x_wconf 52' lang='grc' dir='ltr'><strong>ρῶν</strong></span> <span class='ocrx_word' id='word_1_782' title='bbox 2872 5718 3164 5787; x_wconf 75' lang='grc' dir='ltr'><strong>ἐγχωρίων.</strong></span> 
     </span>
    </p>
   </div>
   <div class='ocr_carea' id='block_1_113' title="bbox 2391 5734 3496 5856">
    <p class='ocr_par' dir='ltr' id='par_1_113' title="bbox 2391 5734 3496 5856">
     <span class='ocr_line' id='line_1_113' title="bbox 2459 5734 3164 5787; baseline 0.001 -18"><span class='ocrx_word' id='word_1_783' title='bbox 2459 5734 2578 5783; x_wconf 58' lang='lat' dir='ltr'><strong>seu}</strong></span> <span class='ocrx_word' id='word_1_784' title='bbox 2606 5734 2709 5767; x_wconf 87' lang='grc' dir='ltr'>τινι</span> <span class='ocrx_word' id='word_1_785' title='bbox 2740 5734 2844 5768; x_wconf 68' lang='grc' dir='ltr'><strong>πων</strong></span> <span class='ocrx_word' id='word_1_786' title='bbox 2872 5734 3164 5787; x_wconf 79' lang='grc' dir='ltr'><strong>εγχωριων.</strong></span> 
     </span>
     <span class='ocr_line' id='line_1_114' title="bbox 2391 5734 3496 5856; baseline -0.004 -15"><span class='ocrx_word' id='word_1_787' title='bbox 2391 5734 2473 5856; x_wconf 58' lang='grc' dir='ltr'><strong>ἴέ)</strong></span> <span class='ocrx_word' id='word_1_788' title='bbox 2504 5783 2694 5853; x_wconf 79' lang='grc' dir='ltr'>Δητὼ.</span> <span class='ocrx_word' id='word_1_789' title='bbox 2731 5781 2930 5842; x_wconf 77' lang='lat' dir='ltr'><strong>Versus</strong></span> <span class='ocrx_word' id='word_1_790' title='bbox 2961 5799 3062 5854; x_wconf 72' lang='lat' dir='ltr'><strong>est,</strong></span> <span class='ocrx_word' id='word_1_791' title='bbox 3088 5786 3276 5855; x_wconf 72' lang='lat' dir='ltr'><strong>Odyss.</strong></span> <span class='ocrx_word' id='word_1_792' title='bbox 3304 5785 3369 5849; x_wconf 83' lang='grc' dir='ltr'>Δ,</span> <span class='ocrx_word' id='word_1_793' title='bbox 3393 5780 3496 5837; x_wconf 79' lang='lat'><strong>579</strong></span> 
     </span>
    </p>
   </div>
  </div>
