3994 6340
711 461 817 515 855

1420 461 1684 516 EUSEBII
1722 459 2187 516 CASSARIENSIS
2218 459 2363 514 OPP.
2386 457 2562 515 PARS
2596 458 2742 513 ll.-
2762 453 3247 513 APOLOGETICA.
3779 462 3853 515 856

712 582 947 639 sreptam
1020 571 1278 624 adversus
1310 585 1428 646 .eos
1475 551 1542 623 ab
1587 570 1873 627 Thebaidis
1925 589 1987 627 ac
2038 572 2252 639 reliqua:

2355 569 2583 639 πόλεμον
2640 571 2970 640 συρραγῆναι
3022 571 3189 640 μέγαν
3230 571 3324 622 καὶ
3368 570 3728 639 πολυχρόνιον.
3765 570 3853 624 Ἐπὶ

711 657 923 729 Egypti
963 660 1176 728 regibus
1208 660 1615 727 expeditionem,
1646 662 1952 728 bellumque
1994 676 2154 728 grave
2186 675 2248 713 ac

715 749 1028 801 diuturnum
1073 750 1211 801 inter
1248 750 1396 818 ipsos
1438 754 1726 805 conﬂatum
1771 752 1956 806 fuisse.
2010 751 2247 804 Tandem

719 842 818 891 sub
879 854 1003 907 rege
1059 840 1328 907 quodam,
1388 842 1473 892 cui
1528 842 2008 911 Misphraguthosis
2055 856 2250 893 nomen

715 937 850 989 eral,
907 929 1200 981 debellatos
1252 938 1492 996 pastores
1543 931 1684 990 illos,
1733 946 1797 982 ac
1842 931 2045 997 reliqua
2087 928 2250 997 [Egy—

716 1028 805 1084 pto
848 1019 1052 1085 pulsos,
1101 1034 1267 1069 unum
1312 1018 1364 1070 in
1409 1020 1583 1071 locum
1633 1020 1867 1071 inclusos
1895 1034 2013 1073 esse
2058 1020 2248 1081 tradit,

717 1108 872 1173 cujus
924 1109 1158 1161 ambitus
1219 1108 1399 1161 decem
1442 1109 1687 1175 jugerum
1722 1110 1885 1161 millia
1934 1110 2249 1163 contineret.

717 1198 907 1250 Avaris
965 1200 1116 1250 locus
1159 1198 1246 1250 ille
1297 1199 1603 1261 dicebatur,
1656 1215 1817 1266 quem
1870 1214 1898 1251 a
1947 1198 2251 1266 pastoribus

722 1289 1028 1340 universum
1092 1288 1291 1355 ingenti
1360 1289 1643 1357 validoque
1697 1304 1852 1342 muro
1919 1298 2125 1357 septum
2190 1304 2254 1341 ac

721 1378 983 1429 munitum
1021 1376 1156 1429 idem
1190 1379 1420 1446 scriptor
1448 1380 1554 1441 ait,
1599 1390 1655 1431 ut
1693 1380 1952 1447 quidquid
2001 1380 2102 1432 sibi
2147 1379 2254 1431 for—

723 1474 973 1517 tunarum
1022 1475 1165 1518 esset
1208 1482 1269 1519 ac
1306 1468 1517 1535 praedm,
1568 1468 1617 1519 id
1649 1484 1806 1520 omne
1849 1477 2019 1520 tutum
2068 1484 2128 1521 ac
2172 1484 2255 1520 se—

724 1569 913 1606 curum
966 1552 1163 1606 habere
1204 1565 1439 1623 possent.
1490 1556 1556 1608 At
1604 1572 1728 1609 vero
1776 1557 2252 1625 Misphraguthosis

721 1644 887 1695 lilium
940 1643 1296 1697 Thmuthosin
1353 1646 1589 1707 nomine,
1645 1646 2152 1715 quadringentorum
2202 1655 2253 1699 et

723 1735 991 1801 octoginta
1028 1735 1249 1785 millium
1282 1735 1559 1788 hominum
1595 1738 1829 1790 exercitu
1873 1751 2057 1789 muros
2093 1738 2249 1790 obse--

725 1823 907 1887 disse;
941 1834 1099 1891 atque
1130 1824 1275 1891 ipsos
1313 1838 1406 1891 per
1434 1825 1538 1877 vim
1571 1840 1878 1893 expugnare
1909 1835 2156 1879 conatum
2191 1826 2251 1877 il-

723 1914 831 1965 lum
861 1914 1095 1980 quidem,
1139 1914 1229 1965 sed
1254 1914 1551 1966 obsidionis
1592 1916 1736 1967 exitu
1788 1915 2097 1980 desperato,
2131 1928 2249 1965 cum

724 2003 909 2054 iisdem
952 2018 1012 2055 ea
1055 2004 1361 2056 conditione
1408 2004 1689 2071 pepigisse,
1737 2003 1810 2055 uti
1857 2002 2083 2072 [Egypto
2131 2004 2253 2055 reli-

724 2102 830 2152 cta,
868 2106 1189 2159 quocunque
1220 2092 1433 2153 vellent,
1466 2106 1651 2145 omnes
1698 2094 1811 2144 sine
1862 2094 1969 2144 ullo
2017 2109 2115 2145 suo
2160 2095 2251 2147 de-

728 2184 977 2233 trimento
1023 2183 1455 2250 commigrarent.
1505 2184 1609 2234 Eos
1653 2182 1811 2249 igitur
1858 2198 1977 2236 cum
2034 2185 2250 2237 univer-

728 2271 803 2321 sis
838 2269 1075 2329 familiis,
1120 2279 1278 2337 atque
1305 2269 1448 2322 omni
1494 2271 1832 2337 possessione
1876 2287 1994 2332 sua,
2039 2272 2116 2323 uti
2160 2288 2251 2340 per

726 2362 888 2412 ictum
935 2359 1109 2413 fmdus
1154 2368 1431 2428 poterant,
1479 2361 1617 2412 haud
1679 2361 1958 2427 pauciores
2008 2362 2253 2415 ducentis

726 2457 779 2509 et
829 2448 1179 2516 quadraginta
1229 2448 1483 2508 millibus,
1530 2449 1595 2500 ab
1642 2448 1865 2516 {Egypto
1894 2465 1985 2517 per
2015 2452 2255 2505 solitudi-

730 2552 850 2589 nem
905 2538 955 2587 in
1000 2537 1208 2604 Syriam
1266 2536 1578 2589 tetendisse.
1623 2536 1775 2600 Quod
1830 2546 2005 2589 autem
2054 2540 2154 2592 sibi
2188 2542 2255 2594 ab

726 2626 1064 2693 Assyriorum
1088 2626 1385 2693 principatu
1418 2636 1731 2688 metuerent,
1767 2637 1877 2679 tum
1898 2630 2037 2680 enim
2070 2630 2251 2684 Asiam

727 2716 996 2776 tenebant,
1031 2716 1081 2766 in
1114 2730 1198 2779 ea,
1237 2731 1396 2783 quam
1428 2716 1586 2769 hodie
1631 2716 1865 2770 Judazam
1902 2721 2251 2787 appellamus.

730 2804 944 2867 regione
975 2804 1159 2855 urbem
1200 2804 1514 2861 :ediﬁcasse.
1551 2822 1669 2872 qua:
1713 2816 1791 2859 tot
1828 2807 2106 2877 hominum
2136 2818 2257 2868 mil-

726 2887 797 2939 lia
842 2900 1073 2957 caperet,
1121 2894 1469 2961 eamdemque
1510 2889 2254 2965 Hicrosolymancminasse.»

728 2975 931 3039 Quibus
977 2980 1165 3033 deinde
1216 2998 1400 3049 regum
1444 2981 1818 3056 Aigyptiorum
1864 2992 2253 3046 successionem

730 3078 1063 3137 Ismpusque,
1093 3086 1198 3138 quo
1240 3075 1437 3147 singuli
1483 3090 1794 3148 regnarunt,
1850 3083 1933 3134 ubi
1969 3082 2257 3141 Manethus

2347 657 2403 711 δὲ
2440 659 2713 727 βασιλέως,
2758 653 2801 725 ᾧ
2845 661 3011 729 ὄνομα
3054 655 3187 711 εἶναι
3230 658 3719 729 Μισφραγούθωσις
3753 660 3851 728 (15),

2350 752 2680 819 ἡττωμένους
2731 753 2861 821 φησὶ
2904 753 3027 813 τοὺς
3073 752 3351 819 ποιμένας,
3398 751 3493 803 καὶ
3538 752 3602 801 ἑκ
3650 751 3741 818 μὲν
3780 754 3847 816 τῆς

2348 838 2507 908 ἄλλης
2532 839 2799 905 Αἰγύπτου
2825 841 3091 901 ἐκπεσεῖν,
3132 838 3586 908 κατακλεισθῆναι
3618 839 3675 890 δὲ
3702 842 3767 902 εἰς
3788 840 3833 891 τό

2348 945 2446 980 πον
2468 928 2707 998 ἀρουρῶν
2728 928 2913 997 ἔχοντα
2938 930 3138 998 μυρίων
3158 930 3253 999 τὴν
3284 928 3628 998 περίμετρον.
3650 926 3847 997 Δύαριςι

2349 1019 2513 1087 ὄνομα
2543 1018 2618 1087 τῷ
2645 1019 2826 1085 τόπῳ’
2884 1016 3065 1070 τοῦτόν
3106 1034 3264 1087 φησιν
3304 1019 3331 1069 ὁ
3372 1016 3634 1077 Μάνεθως
3680 1017 3851 1069 ἅπαντα

2348 1108 2511 1177 τείχει
2546 1126 2602 1160 τε
2631 1108 2846 1177 μεγάλῳ
2870 1109 2959 1160 καὶ
2989 1108 3190 1177 ἰσχυρῷ
3218 1106 3522 1176 περιϐαλεῖν
3556 1106 3683 1167 τοὺς
3705 1106 3853 1181 ποιμέ-

2350 1217 2463 1261 νας,
2492 1201 2634 1261 ὃπως
2652 1200 2749 1267 τήν
2774 1216 2830 1250 τε
2858 1200 3031 1249 κτίσιν
3052 1200 3262 1250 ἃπασαν
3285 1198 3473 1267 ἔχωσιν
3498 1199 3555 1249 ἑν
3580 1196 3766 1266 ἐχυρῷ,
3784 1198 3853 1247 καὶ

2350 1288 2443 1356 τὴν
2472 1289 2617 1340 λείαν
2646 1288 2741 1357 τὴν
2771 1287 2991 1338 ἑαυτῶν.
3022 1287 3121 1338 Τὸν
3145 1286 3200 1337 δὲ
3222 1285 3753 1355 Μισφραγουθώσεως
3770 1284 3855 1335 υἱὸν

2326 1376 2662 1447 ΔΘμούθωσιν
2686 1376 2813 1445 (16),
2847 1379 3183 1445 ἐπιχειρῆσαι
3212 1376 3305 1443 μὲν
3335 1376 3527 1437 αὐτοὺς
3552 1374 3641 1425 διὰ
3673 1373 3854 1443 πολιορο

2353 1457 2470 1519 κίαν
2501 1467 2607 1535 (l7)
2638 1466 2772 1517 ἑλεῖν
2802 1465 2939 1518 κατὰ
2970 1464 3184 1535 κράτος,
3214 1463 3350 1515 ὀκτὼ
3374 1465 3465 1515 καὶ⁷
3489 1466 3855 1533 τεσσαράκοντα

2354 1557 2571 1625 μυριάσι
2609 1554 2835 1623 στρατοῦ
2873 1551 3331 1623 προσεδρεύσαντα
3355 1555 3461 1613 τοῖς
3487 1553 3736 1620 τείχεσιν·
3761 1552 3855 1601 ἐπεὶ

2349 1646 2405 1697 δὲ
2446 1645 2539 1697 τὴν
2581 1644 2886 1713 πολιορκίαν
2931 1642 3169 1707 ἀπέγνω,
3219 1641 3538 1709 ποιήσασθαι
3575 1640 3854 1709 συμϐάσεις,

2353 1736 2438 1787 ἵνα
2484 1736 2578 1805 τὴν
2598 1736 2858 1799 Αἴγυπτον
2884 1732 3203 1795 ἐκλιπόντες,
3228 1733 3345 1783 ὅποι
3375 1730 3667 1799 βούλονται,
3691 1731 3855 1790 πάντες

2352 1824 2598 1887 ἀϐλαϐεῖς
2624 1824 2910 1878 ἀπέλθωσι.
2938 1824 3071 1884 Τοὺς
3092 1823 3147 1874 δὲ
3175 1822 3265 1874 ἐπὶ
3284 1825 3397 1883 ταῖς
3422 1819 3724 1889 ὁμολογίαις
3748 1836 3856 1871 παν-

2357 1914 2563 1982 οικεσίᾳ
2596 1913 2726 1980 μετά
2756 1912 2862 1965 τῶν
2890 1914 3145 1982 κτήσεων,
3184 1914 3281 1965 οὐκ
3322 1912 3576 1971 ἐλάσσους
3623 1910 3858 1977 μυριάδων

2357 2004 2510 2065 ὄντας
2551 2006 2716 2055 εἴκοσι
2748 2005 3040 2073 τεσσάρων,
3084 2002 3187 2054 ἀπὸ
3227 2005 3322 2071 τῆς
3349 2001 3618 2067 Αἰγύπτου
3645 1999 3734 2067 τὴν
3757 1998 3859 2068 ἑρηο

2360 2108 2456 2161 μον
2502 2092 2581 2154 είς
2621 2093 2813 2161 Συρίαν
2853 2092 3259 2161 διοδοιπορῆσαι.
3305 2090 3665 2159 Φοϐουμένους
3695 2089 3745 2139 δὲ
3780 2088 3858 2156 τὴν

2368 2186 2657 2251 Ἀσσυρίων
2682 2184 2986 2235 δυναστείαν
3018 2172 3154 2250 (τότε
3191 2182 3295 2251 γὰρ
3319 2181 3553 2241 ἐκείνους
3572 2183 3665 2248 τῆς
3703 2179 3859 2241 Ἀσίας

2357 2277 2612 2347 κρατεῖν),
2654 2278 2709 2327 ὲν
2738 2278 2802 2344 τῇ
2834 2274 2925 2326 νῦν
2962 2275 3181 2344 Ἰουδαίᾳ
3216 2273 3516 2342 καλουμένῃ
3558 2272 3706 2323 πόλιν
3741 2274 3860 2323 οἰκο-

2357 2365 2771 2435 δομησαμένους,
2802 2364 3078 2425 τοσαύταις
3112 2357 3357 2433 μυριάσιν
3398 2362 3689 2429 ἀνθρώπων
3718 2361 3859 2429 ἀρκέ-

2360 2471 2581 2515 σουσαν,
2636 2451 2970 2522 Ἱεροσόλυμα
3026 2453 3222 2520 ταύτην
3272 2452 3552 2521 ὀνομάσαι.
3594 2471 3611 2501 ι
3665 2450 3860 2511 Τούτοις

2358 2545 2481 2615 ἑξῆς
2506 2544 2601 2614 τὴν
2625 2542 2866 2612 διαδοχὴν
2898 2542 2999 2595 τῶν
3028 2543 3143 2596 κατ’
3176 2542 3436 2609 Αἴγυπτον
3468 2542 3722 2610 βασιλέων
3747 2540 3861 2611 μετὰ

2355 2637 2447 2688 τοῦ
2476 2638 2665 2706 χρόνου
2698 2638 2791 2706 τῆς
2811 2636 2979 2709 ἀρχῆς
3002 2633 3175 2691 αὐτῶν
3201 2633 3726 2706 ἀπαριθμησάμενος,
3760 2635 3860 2686 ἑπι-

2357 2731 2521 2796 ἳ.εγει⁸
2555 2749 2571 2780 ι
2613 2726 2794 2781 Ταῦτα
2830 2732 2924 2797 μὲν
2954 2728 3064 2796 (l8)
3099 2728 3125 2778 ὁ
3161 2726 3434 2788 Μάνεθως.
3470 2726 3633 2793 Δῆλον
3656 2726 3698 2777 δ’
3718 2725 3860 2785 ἐστὶν,

2358 2821 2421 2870 ἑκ
2436 2818 2541 2870 τῶν
2556 2818 2850 2887 εἰρημένων
2869 2817 3001 2869 ἑτῶν
3020 2816 3111 2867 τοῦ
3132 2816 3316 2887 χρόνου
3339 2815 3776 2883 συλλογισθέντος,
3796 2815 3864 2866 ὅτι

2360 2910 2407 2959 oi
2444 2906 2753 2975 καλούμενοι
2795 2906 3061 2974 ποιμένες,
3095 2905 3342 2974 ἡμέτεροι
3364 2904 3716 2974 δὲπρόγονοι,
3741 2900 3865 2971 τρισὶ

2360 2998 2451 3050 καὶ
2478 2998 2817 3064 ἐννενήκοντα
2848 2997 2939 3047 καὶ
2978 2994 3295 3065 τριακοσίοις
3338 2994 3561 3063 πρόσθεν
3603 2995 3785 3055 ἐτεσιν,
3814 2995 3866 3043 ἑκ

2357 3087 2746 3158 τῆςΑίγύπτου
2774 3083 3311 3157 άπαλλαγέντες,ητὴν
3336 3082 3515 3154 χώραν
3556 3083 3751 3151 ταύτην
3780 3084 3867 3134 ἀπ-

729 3166 816 3215 ευῖ
840 3163 1031 3232 iunxit,
1060 3175 1173 3224 tum
1205 3170 1413 3227 demum
1433 3173 1507 3228 ita
1526 3178 1821 3233 concludit:
1857 3199 1874 3229 ι
1896 3180 2034 3250 Ergo
2050 3181 2094 3234 si
2118 3190 2252 3233 tem-

2357 3177 2571 3249 ᾤκησαν
2594 3177 2721 3246 (l9),
2755 3177 2788 3246 ἦ
2816 3174 3012 3229 Δαναὸν
3052 3175 3129 3236 είς
3164 3176 3358 3245 Ἀργος
3381 3176 3680 3243 ἀφικέσθαι·
3714 3174 3866 3227 καίτοι

730 3274 831 3325 pus
875 3261 941 3313 ad
978 3261 1160 3314 initam
1207 3280 1471 3319 annorum
1516 3266 1738 3320 istorum
1778 3269 2035 3323 rationem
2078 3273 2257 3340 exige-

728 3360 869 3412 lnus,
914 3351 1178 3402 constabit
1221 3354 1463 3417 omnino,
1507 3370 1643 3421 quos
1683 3366 1919 3422 pastores
1965 3358 2063 3425 ipsi
2102 3373 2259 3410 voca-

728 3434 873 3500 bam,
911 3438 1141 3505 majores
1173 3448 1405 3505 nostrus,
1448 3444 1604 3496 annis
1633 3457 1755 3497 ante
1795 3446 1967 3500 tribus
1990 3457 2043 3500 et
2090 3463 2258 3501 nona-

728 3528 873 3593 ginta
907 3542 1068 3594 supra
1098 3536 1383 3593 treccntos,
1429 3532 1518 3584 ubi
1551 3530 1618 3585 ex
1651 3533 1881 3605 Egypto
1912 3537 2252 3605 migrassent,

734 3616 1005 3681 regionem
1038 3617 1179 3668 illam
1218 3618 1498 3685 insedisse,
1529 3637 1687 3687 quam
1723 3623 1933 3678 Danaus
1972 3626 2141 3695 Argos
2171 3643 2257 3681 ve-

732 3702 919 3764 nisset,
955 3704 1045 3770 qui
1092 3715 1265 3758 tamen
1309 3709 1375 3760 ab
1408 3708 1616 3776 Argivis
1647 3727 1739 3779 pro
1770 3714 2145 3781 antiquissimo
2167 3731 2259 3769 ce-

731 3792 987 3847 lebratur.
1044 3794 1116 3847 Ita
1157 3796 1263 3848 duo
1315 3796 1469 3865 502
1512 3801 1664 3853 nobis
1704 3816 1870 3869 eaque
1917 3818 2045 3856 sane
2080 3806 2259 3872 praeci—

727 3899 865 3951 pua,
920 3885 1022 3937 boc
1064 3884 1326 3948 Manethi,
1377 3888 1518 3955 quod
1548 3887 1913 3957 Egyptiarum
1961 3892 2255 3946 litterarum

729 3973 885 4025 iidem
922 3977 1184 4042 sequitur,
1218 3978 1524 4031 testimonio
1552 3978 1791 4034 confecta
1825 3992 1981 4035 sunt:
2009 3983 2256 4047 alterum,

728 4078 820 4116 eos
862 4064 913 4114 in
954 4064 1239 4133 Egyptum
1282 4068 1493 4121 aliunde
1531 4068 1795 4137 profectos
1827 4085 1977 4133 esse;
2010 4073 2254 4138 alterum,

730 4153 964 4206 indidem
1004 4156 1149 4222 ipsos
1193 4156 1297 4209 alio
1328 4160 1730 4234 commigrasse,
1776 4163 1918 4227 quod
1960 4163 2117 4215 etiam
2165 4178 2258 4231 po-

730 4243 926 4296 sterius
962 4245 1095 4297 adeo
1140 4254 1405 4299 vetustum
1448 4259 1609 4310 esset,
1657 4260 1714 4303 ut
1746 4250 1975 4319 Troiana
2018 4262 2254 4321 tempora

731 4333 887 4385 annis
918 4349 1079 4402 prope
1118 4336 1261 4390 mille
1294 4340 1645 4395 antecederet.
1680 4360 1697 4391 ι
1738 4341 1857 4396 Haec
1897 4342 2159 4413 Josephus
2186 4363 2247 4399 ex

730 4418 1033 4487 Egyptiaca
1084 4424 1305 4477 historia
1344 4427 1502 4493 paulo
1540 4430 1785 4483 solutius.
1823 4431 1962 4484 ldem
1991 4448 2056 4484 ex
2096 4432 2255 4488 Phre-

730 4505 887 4567 nicia,
914 4510 1180 4574 productis
1210 4514 1451 4580 ipsismet
1473 4532 1649 4570 rerum
1679 4518 2070 4573 Phoeniciarum
2115 4525 2245 4576 scri-

2356 3267 2538 3321 τοῦτον
2579 3268 2924 3339 ἀρχαιότατον
2974 3268 3198 3338 Ἀργεῖοι
3241 3264 3528 3335 νομίζουσι.
3574 3265 3674 3318 Δύο
3710 3263 3867 3316 τοίνυν

2355 3362 2384 3412 ὁ
2409 3359 2664 3421 Μάνεθως
2694 3362 2822 3428 ήμῖν
2864 3360 2931 3411 τὰ
2972 3360 3200 3429 μέγιστα
3231 3356 3642 3428 μεμαρτύρηκεν
3674 3358 3737 3407 ὲκ
3776 3353 3870 3405 τῶν

2356 3448 2503 3518 παρὰ
2532 3451 2641 3510 τοῖς
2670 3449 2976 3515 Αίγυπτίοις
3007 3448 3355 3517 γραμμάτωψ
3403 3447 3612 3516 πρῶτον
3659 3448 3754 3515 μὲν
3786 3446 3870 3513 τὴν

2356 3533 2612 3602 ἑτέρωθεν
2644 3535 2821 3601 ἄφιξιν
2843 3536 2920 3596 είς
2945 3534 3231 3602 Αἴγυπτον,
3258 3532 3443 3585 ἔπειτα
3473 3534 3529 3585 δὲ
3558 3533 3650 3601 τὴν
3683 3532 3870 3584 ἐκεῖθεν

2357 3623 2685 3692 ἀπαλλαγήν,
2707 3624 2872 3685 οὕτως
2897 3624 3123 3694 ἀρχαίαν
3144 3626 3253 3684 τοῖς
3272 3622 3476 3690 χρόνοις
3498 3621 3570 3683 ὡς
3599 3621 3756 3687 ἐγγύς
3781 3636 3870 3669 που

2356 3712 2632 3779 προτερεῖν
2665 3710 2829 3779 αὐτὴν
2853 3710 2959 3762 τῶν
3002 3710 3237 3762 Ἰλιακῶν
3261 3708 3401 3760 ἔτεσι
3429 3709 3629 3777 χιλίοις.
3662 3727 3681 3759 ι
3731 3706 3870 3759 Ἄλλὰ

2356 3797 2421 3847 τὰ
2449 3799 2543 3865 μὲν
2571 3798 2673 3848 ἀπὸ
2700 3798 2797 3865 τῆς
2828 3800 3195 3868 Αἰγυπτιακῆς
3230 3798 3461 3868 ἱστορίας
3503 3798 3667 3869 ταύτῃ
3707 3813 3779 3863 πη
3805 3796 3871 3865 τῷ

2368 3886 2607 3955 Ἰωσήπῳ
2640 3887 2778 3939 κατά
2808 3888 3000 3950 πλάτος
3031 3888 3387 3957 ἀνιστόρηταιν
3422 3888 3528 3939 ἀπὸ
3554 3888 3607 3938 δὲ
3640 3887 3738 3954 τῆς
3764 3887 3870 3936 Φοι-

2356 3979 2513 4031 νίκων
2537 3981 2763 4049 μάρτυσι
2786 3982 3117 4051 χρησάμενος
3146 3984 3248 4043 τοῖς
3270 3981 3335 4032 τὰ
3356 3979 3625 4033 Φοινικικά
3652 3994 3871 4045 συγγρα-

2353 4068 2629 4137 ψαμένοις,
2662 4072 2948 4141 παρίστησι
2984 4072 3073 4124 τὸν
3109 4072 3164 4123 ὲν
3200 4070 3581 4141 Ἱεροσολύμοις
3614 4068 3747 4121 νεὼν
3778 4068 3869 4120 ὑπὸ

2354 4159 2653 4228 Σολομῶνος
2690 4160 2780 4212 τοῦ
2826 4160 3080 4229 βασιλέως
3120 4160 3484 4231 ᾠκοδομῆσθαι
3523 4160 3663 4211 ἑτεσι
3698 4160 3870 4211 θᾶττον

2354 4252 2539 4304 ἑκατὸν
2566 4252 2959 4321 τεσσαράκοντα
2988 4252 3080 4304 καὶ
3110 4252 3272 4322 τρισὶ,
3302 4252 3393 4303 καὶ
3417 4251 3578 4321 μησὶν
3599 4250 3759 4315 ὀκτὼ,
3784 4248 3867 4301 τοῦ

2353 4344 2531 4396 κτίσαι
2568 4344 2793 4413 Τυρίους
2835 4345 3167 4414 Καρχηδόνα.
3208 4339 3337 4396 Εἶτα
3373 4332 3753 4413 μεταὸἀςίκαὶ
3776 4340 3870 4393 ἀπὸ

2351 4435 2447 4503 τῆς
2485 4419 2909 4504 περῖΧαλδαίων
2946 4434 3308 4505 ἱστορίαςντὰς
3338 4434 3463 4503 περὶ
3494 4433 3591 4502 τῆς
3622 4432 3869 4502 Ἐὁραίων

2351 4525 2695 4595 ἀρχαιότητος
2724 4524 3070 4595 παρατίθεται
3102 4526 3412 4597 μαρτυρίας.

729 4597 991 4661 ptoribus,
1036 4602 1319 4657 manifesto
1377 4609 1584 4673 probat,
1637 4610 1887 4676 templum
1936 4609 2473 4682 Hierosolymitanum
2516 4618 2583 4669 ab
2613 4616 2901 4669 Salomone
2952 4632 3076 4685 rege
3128 4617 3282 4672 annis
3324 4627 3539 4672 centum
3571 4626 3623 4670 et
3653 4614 3868 4684 quadra-

729 4685 871 4775 ginta
908 4686 1095 4749 tribus,
1126 4703 1244 4742 cum
1279 4702 1397 4745 Octo
1435 4696 1651 4765 insuper
1688 4700 1984 4764 mensibus,
2021 4714 2143 4757 ante
2186 4707 2454 4759 conditam
2499 4721 2529 4759 a
2574 4705 2751 4775 Tyriis
2807 4704 3299 4775 Carthaginiensem,
3338 4708 3657 4761 aediﬁcatum
3696 4704 3866 4775 fuisse.

730 4772 863 4826 Tum
905 4791 1217 4845 progressus
1251 4784 1315 4835 ad
1340 4784 1634 4852 Chaldaeos,
1670 4804 1733 4842 ex
1765 4805 1952 4843 eorum
1985 4796 2145 4848 etiam
2185 4798 2529 4851 monimentis
2575 4796 2920 4850 Hebreorum
2957 4798 3289 4865 antiquitatis
3322 4787 3626 4850 testimonia
3670 4774 3864 4862 repetit.

1293 4872 1512 4928 CAPUT
1548 4878 1683 4933 XIV.

2856 4881 3239 4943 ΚΕΦᾹΛΑῙΟΝ
3285 4890 3378 4941 ΙΔ’.

732 4950 977 5006 Πηίυεηα
1000 4956 1648 5046 pHebrworuinuhistoria
1694 4973 2026 5024 recentiorem
2084 4974 2246 5041 fuisse

2363 4978 2454 5042 Ὠς
2477 4977 2714 5042 ἀπάσης
2736 4976 2840 5043 τῆς
2865 4981 2997 5046 παρ’
3035 4977 3303 5044 Ἑϐραίοις
3336 4980 3595 5043 ἱστορίας
3619 4976 3867 5046 νεώτεροι

999 5024 1291 5082 Grecorum
1318 5032 1731 5100 pl'uo‘olerum
1766 5052 1987 5094 wtatem.
2084 5024 2241 5041 PH"

2371 5024 2412 5029 —
2718 5062 2780 5099 σι
2791 5024 2801 5043 ι
2812 5024 2976 5099 ’rsi'
2985 5024 3155 5113 amp‘r
3164 5024 3413 5112 Ἕλλησι
3454 5024 3809 5114 ξπλόσόφωέ
3823 5044 3868 5093 ιιι

2502 5117 2645 5166 όνομ

2423 5132 2590 5255 {ius
2623 5204 2672 5254 τί
2698 5204 2774 5255 δεῖ
2796 5204 2991 5273 πλῆθος
3020 5207 3137 5267 ταῖς
3166 5204 3491 5269 ἀποδείξεσιν
3515 5202 3864 5273 ἐπισωρεύειν,

731 5266 1205 5321 monstrationihus
1239 5273 1511 5327 cumulare
1543 5290 1763 5330 necesse
1790 5290 1890 5344 est,
1929 5295 2050 5335 cum
2093 5298 2251 5335 nemo

2354 5294 2443 5345 τοῦ
2478 5294 2811 5364 φιλαλήθους,
2858 5266 2989 5350 άλλά
3032 5266 3601 5367 μὴφιλαπεχθήμονος
3647 5266 3740 5347 καὶ
3774 5296 3867 5350 τοῖς

730 5352 821 5415 sit,
863 5353 956 5419 qui
993 5355 1151 5408 modo
1182 5360 1419 5417 veritatis
1466 5368 1732 5417 amantior
1765 5382 1885 5423 esse
1914 5372 2059 5433 velit,
2094 5386 2252 5440 quam

2354 5352 2838 5454 εἰρημένοι’ς’ἀρκου
2848 5352 3296 5455 μένου,.ποικίλην
3318 5352 3623 5455 τέρίέχουσι
3643 5385 3738 5455 τὴν
3760 5387 3866 5451 περὶ

798 5477 822 5502 ι
859 5464 970 5520 lus.
1014 5467 1253 5537 Ἀὀαριν.

951 5560 1487 5627 Μισφραγούθωσις.
1565 5565 1783 5634 Ioseph.
1864 5570 2248 5643 Ἀλιτφραγού-

2425 5574 2531 5649 (Π)
2555 5578 2919 5649 ῌοέιορκίᾳν.
2948 5576 3161 5649 Repone
3192 5578 3519 5649 πολιορκίας,
3542 5594 3605 5632 ex
3632 5579 3861 5649 Josepao.

730 5617 905 5681 Otuatg.
1070 5617 1123 5623 ’⁷
1196 5617 1206 5625 ’
1444 5617 1458 5627 ”
1572 5617 1781 5634 "nr?
1878 5617 2211 5643 "vn-"ﬂ"

800 5692 903 5715 [Ιιξι
935 5695 1157 5715 Ω-·.,-9Λη
1180 5713 1265 5715 Α..-
1345 5695 1413 5715 Ιλ.
1498 5701 1509 5715 I
1594 5703 1627 5715 Λ
1676 5704 1687 5715 ι

2421 5617 2533 5707 r‘ié’)
2555 5617 2760 5697 ’ᾅῖιξῖἕ
2932 5617 3162 5700 ἑιῐνῖἱὶῆ
3196 5617 3613 5715 ϊεῖἓὲῇἳιῗῖἐιξῗῖ
3626 5617 3748 5703 (iii:

799 5693 1285 5779 (illmmqeoéwwtr.
1334 5695 1547 5779 {psepln
1592 5703 1902 5774 θούμωσιν,
1934 5724 2088 5776 quem
2126 5726 2241 5779 pag.

732 5756 753 5806 l
802 5758 881 5823 ιι,
913 5756 1182 5829 Τέομωσιν
1214 5768 1453 5833 appellat.

801 5171 995 5227 Verum
1044 5179 1204 5245 enim,
1259 5184 1389 5251 quid
1439 5200 1597 5253 porro
1630 5188 2116 5248 demonstrationes
2161 5195 2253 5249 de-

2420 5714 2530 5779 (l9)
2571 5714 2930 5787 Ἁπῴκησαν.
2973 5715 3353 5787 Corrigendum
3396 5732 3460 5768 ex
3508 5717 3742 5787 Josepho
3787 5718 3864 5766 ὲπ-

2346 5781 2579 5847 ᾤκησαν,
2608 5784 2707 5837 nisi
2742 5785 2894 5839 malis
2924 5788 2999 5846 εἰς
3024 5785 3119 5853 τὴν
3143 5784 3319 5853 χώραν
3348 5801 3396 5837 τ.
3433 5785 3612 5855 ἀπῴκ.
