4038 6330
105 467 210 523 857

1300 473 1615 528 PBJEPAR.
1660 471 1908 528 EVANG.
1953 475 2076 528 LIB.
2122 475 2186 529 Χ.

3205 484 3308 541 838

104 589 202 641 τοῦ
243 605 594 659 προκειμενου
648 589 934 654 σύστασιν;
985 590 1276 662 Προῦκειτο
1313 593 1368 645 δὲ
1415 593 1547 661 ἡμῖν
1592 590 1648 642 τὰ

1763 592 2153 645 malevolentia:
2199 592 2470 654 tenacior,
2529 594 2614 646 cui
2677 611 2784 648 non
2832 598 3092 653 hactenus
3143 601 3305 654 allata

102 681 347 743 Μωσέως
389 683 481 733 καὶ
509 680 616 733 τῶν
675 682 966 753 προφητῶν
996 683 1296 754 παλαίτερα
1323 684 1430 735 τῶν
1473 683 1658 752 Ἐλλη-

101 773 272 827 νικῶν
295 773 585 837 ἀποδεῖξαι.
624 775 835 844 Ἐπειδὴ
868 775 1042 826 τοίνυν
1068 774 1175 845 (20)
1209 775 1400 846 μακρῷ
1427 775 1658 844 πρόσθεν

101 865 217 917 τῶν
260 865 514 934 Τρωῖκῶν
558 865 757 933 Μωσῆς
789 863 1051 932 ’γεγονὼς
1096 865 1487 929 ἀποδέδεικται,
1539 865 1657 936 φέρ’

104 956 306 1024 ἴδωμεν
338 956 429 1007 καὶ
457 957 580 1017 τους
615 958 731 1024 μετ’
761 956 921 1008 αὐτὸν
979 956 1237 1017 ἃπαντας.
1274 956 1475 1026 Μωσῆς
1501 956 1544 1008 δ’
1577 957 1657 1008 ὃτι

100 1062 214 1097 τω)
255 1047 382 1116 πρὶν
422 1045 632 1114 ἀληθῶς
676 1045 932 1116 Ἐϐραίων
969 1047 1132 1116 Ἔϐερ
1163 1064 1220 1098 τε
1251 1048 1344 1099 καὶ
1386 1045 1652 1116 Ἀϐραὰμ,

99 1139 198 1205 ἀφ’
224 1133 297 1190 ὦν
331 1139 421 1190 καὶ
446 1139 505 1189 τὸ
539 1139 862 1208 παρώνυμον
891 1142 1001 1201 τοῖς
1031 1139 1281 1210 ἀνδράσιν
1306 1139 1652 1204 ἐπιτέθειται,

96 1227 209 1280 τῶν
233 1245 292 1280 τε
322 1227 514 1280 λοιπῶν
544 1228 798 1296 θεοφιλῶν
821 1246 878 1281 τε
900 1229 990 1280 καὶ
1011 1229 1249 1281 παλαιῶν
1272 1230 1475 1299 ἀνδρῶν
1497 1231 1656 1282 ὕστα-

93 1337 190 1381 τος
211 1323 322 1382 τοῖς
342 1320 546 1389 χρόνοις
570 1321 853 1390 παρεφάνη
873 1321 951 1389 τῷ
973 1320 1090 1390 βίῳ,
1118 1322 1268 1390 δῆλον
1293 1322 1398 1374 ἀπὸ
1417 1324 1511 1392 τῆς
1531 1325 1652 1375 κατ’

93 1411 263 1461 αὐτὸν
282 1411 512 1477 ἱστορίας
531 1412 802 1480 τυγχάνει.
834 1411 986 1462 Μετὰ
1009 1412 1206 1464 Μωσέα
1218 1413 1392 1464 τοίνυν
1416 1413 1649 1482 προέστη

92 1497 189 1549 τοῦ
220 1497 483 1550 Ἰουδαίων
510 1498 690 1560 ἔθνους
727 1499 948 1568 Ἰησοῦς,
977 1500 1051 1562 ὥς
1080 1518 1239 1564 τινες,
1268 1501 1408 1552 ἔτεσι
1430 1501 1490 1553 λ’.
1514 1499 1647 1566 Εἴθ’,

93 1585 172 1648 ὣς
196 1602 359 1654 φησιν
377 1589 409 1655 ἡ
440 1587 644 1658 Γραφὴ,
673 1589 973 1658 ἐκράτησαν
997 1589 1271 1656 ἀλλόφυλοι
1298 1589 1468 1642 ἐτεσιν
1488 1591 1645 1643 ὀκτώ·

95 1679 292 1730 ἔπειτα
319 1679 566 1747 Γοθονιὴλ
593 1679 732 1731 ἔτεσι
767 1682 1117 1749 πεντήκοντα·
1166 1680 1282 1750 μεθ’
1319 1680 1377 1733 ὃν
1416 1680 1646 1750 Ἐγλὼμ,

97 1764 351 1833 βασιλεὺς
377 1767 567 1830 Μωὰϐ,
587 1766 678 1836 ἐτη
711 1773 794 1835 ιη’·
828 1767 942 1836 μεθ’
970 1769 1025 1819 ὃν
1066 1768 1213 1820 Ἀὼδ⁴
1238 1768 1329 1838 ἐτη
1355 1777 1426 1821 π’·
1455 1770 1568 1839 μεθ’
1592 1770 1649 1822 ὃν

91 1853 260 1905 πάλιν
282 1853 560 1921 ἀλλόφυλοι
579 1855 669 1923 ἔτη
690 1861 756 1906 κ’·
776 1853 963 1908 ἔπειτα
983 1856 1200 1926 Δεϐώρα
1223 1858 1312 1908 καὶ
1331 1859 1535 1928 Βαράκ,
1553 1858 1647 1927 ἔτη

93 1949 180 2014 μ’·
211 1944 397 1996 ἔπειτα
419 1944 734 2013 Μαδιηναῖοι
762 1945 852 2015 ἐτη
876 1945 918 2008 ζ’
942 1960 954 1973 ·
1000 1945 1187 1998 ἔπειτα
1215 1945 1414 1998 Γεδεὼν
1445 1947 1537 2015 ἔτη
1565 1953 1613 2016 μ’
1633 1963 1645 1977 ⁸

105 2033 395 2104 Ἀϐιμέλεχ
420 2035 510 2104 ἔτη
539 2040 586 2103 γ’
604 2051 618 2065 ο
653 2033 808 2086 Θωλά
835 2041 916 2100 κγ’
939 2051 952 2062 ·
989 2035 1148 2103 Ἰαεὶρ
1171 2035 1250 2100 κβ¹
1270 2052 1282 2064 ·
1330 2036 1649 2105 Ἀμμανῖται

87 2133 166 2195 ιη’
188 2144 200 2157 ·
242 2126 447 2194 Ἰεφθάε
483 2126 576 2194 ἔτη
609 2133 658 2189 ς’
680 2143 694 2155 ο
737 2124 938 2177 Ἑσϐὼν
967 2124 1064 2194 ¹ἔτη
1097 2124 1137 2188 ζ’
1159 2141 1171 2153 '
1217 2125 1425 2178 Αίαλὼν
1463 2126 1557 2195 ἔτη
1587 2133 1644 2179 ι”

91 2215 321 2269 Λαϐδὼν
344 2216 434 2286 ἐτη
473 2223 550 2285 η”
599 2215 876 2281 ἀλλόφυλοι
921 2215 1011 2284 ἔτη
1043 2223 1119 2284 μ’·
1169 2215 1400 2285 Σαμψὼν
1448 2217 1540 2285 ἔτη
1564 2222 1644 2268 κ’·

91 2306 287 2358 ἔπειτα
319 2304 465 2356 Ἠλεὶ
499 2306 692 2374 ἱερεὺς,
733 2304 806 2366 ὡς
845 2304 903 2356 τὸ
943 2303 1239 2372 Ἐϐραῖκὸν,
1279 2304 1370 2375 ἐτη
1415 2312 1490 2375 μ”
1518 2307 1651 2375 περὶ

90 2395 155 2448 ὃν
181 2394 464 2463 συμϐαίνει
488 2394 585 2465 τὴν
615 2394 765 2446 Ἰλίου
794 2396 1059 2463 καταντᾷν
1082 2395 1276 2446 ἀλωσιν
1294 2411 1307 2425 ⁸
1343 2394 1480 2464 μετὰ
1505 2396 1650 2448 Ἠλεὶ

89 2486 190 2537 τὸν
213 2485 360 2554 ἱερέα
386 2486 596 2553 ἡγεῖται
621 2485 713 2536 τοῦ
741 2485 868 2536 λαοῦ
897 2487 1146 2554 Σαμουὴλ
1166 2493 1177 2515 δ
1215 2486 1328 2555 μεθ’
1356 2487 1412 2538 ὂν
1437 2487 1648 2558 πρῶτος

91 2575 278 2650 αὐτῶν
303 2574 568 2642 βασιλεύει
586 2577 751 2627 Each).
768 2576 906 2628 ἔτεσι
933 2583 1002 2645 μ’·
1022 2577 1204 2628 ἔπειτα
1216 2578 1548 2638 Δαϐιδ,ἔτεσι
1571 2585 1644 2647 μ⁹⁶

93 2665 288 2718 ἔπειτα
329 2664 573 2733 Σολομὼν
601 2665 739 2717 ἔτεσι
763 2671 832 2735 μ”
862 2667 919 2727 ὃς
949 2667 1040 2718 καὶ
1073 2666 1161 2718 τὸν
1181 2669 1237 2717 ἐν
1265 2665 1518 2735 Ἰεροσολύ
1529 2684 1647 2736 μοις

92 2755 230 2807 ναὸν
263 2754 508 2825 ἐδείματο
542 2754 769 2823 πρῶτος.
789 2756 940 2808 Μετά
971 2755 1026 2806 δὲ
1054 2753 1335 2824 Σολομῶνα
1379 2754 1645 2823 βασιλεύει

105 2844 346 2912 ῬοΞοὰμ
371 2845 460 2915 ἔτη
483 2844 543 2907 ιζ’
561 2861 572 2873 ⁸
593 2845 742 2896 Ἀϐιά
758 2844 852 2912 ἔτη
863 2851 942 2913 γ’,·
961 2845 1098 2909 Ἀσα
1123 2844 1215 2914 ἔτη
1245 2852 1331 2913 μα’
1353 2862 1365 2874 ’
1383 2843 1644 2911 Ἰωσαφὰθ

92 2935 195 3003 ἔτη
224 2939 301 2985 κε’
321 2934 548 3004 ’Ἰωράμ
572 2933 665 3002 ἔτη
694 2939 767 3002 η’·
797 2935 1036 3004 Ὀχοζίας
1057 2935 1174 2997 ἔτος
1203 2941 1250 2986 α’
1273 2954 1283 2964 ·
1311 2934 1530 2989 Γοθολιά
1553 2936 1644 3004 ἔτη

92 3027 143 3089 ζ’
166 3041 178 3052 ·
213 3022 358 3085 Ἰωάς
391 3023 482 3092 ἔτη
519 3030 602 3092 μ”
645 3024 903 3092 Ἀμασίας
927 3023 1018 3093 ἔτη
1053 3025 1154 3093 μθ’·
1197 3025 1373 3088 Ὀζίας
1412 3025 1502 3094 ἔτη
1534 3025 1643 3093 νβ’*

92 3112 222 3168 καθ’
279 3113 335 3166 ὃν
380 3113 805 3190 προφητεύουσιν
868 3114 1057 3182 Ὠσηὲ,
1110 3105 1328 3182 Ἀμὼς,
1387 3115 1642 3179 Ἡσαΐας,

1761 681 2045 739 sulliciaI-t,
2063 681 2259 750 quibus
2289 691 2395 735 tam
2440 685 2584 735 varia
2616 693 2835 754 tamque
2870 689 3148 756 multiplex
3185 707 3306 745 sus-

1757 771 1895 838 cepti
1939 770 2239 830 argumenti
2283 771 2531 837 probatio
2576 773 2920 828 continetur?
2967 774 3022 829 Si
3085 779 3304 845 quidem

1759 861 1810 912 id
1851 861 2162 928 agebamus,
2215 871 2274 913 ut
2314 860 2480 915 llosis
2533 864 3032 934 prophetarumque'
3064 876 3306 936 tempora

1759 947 2068 1002 Grmeorum
2106 949 2268 1003 rebus
2298 951 2602 1018 antiquiora
2637 967 2756 1007 esse
2786 955 3301 1012 dcmonslraremus.

1757 1037 1909 1092 Nunc
1934 1040 2114 1108 igitur,
2160 1041 2414 1107 quoniam
2448 1043 2693 1094 eumdem
2743 1042 2945 1098 Mosem
2983 1049 3140 1117 longe
3180 1059 3306 1101 ante

1755 1130 2048 1200 Trojanum
2104 1131 2302 1183 bellum
2355 1130 2599 1186 ﬂoruisse
2649 1137 3021 1199 ostendimus,
3068 1155 3164 1207 age
3211 1142 3305 1209 qui

1755 1231 1876 1291 post
1932 1239 2059 1276 eum
2101 1223 2270 1277 secuti
2313 1233 2469 1286 sunt,
2522 1227 2756 1294 reliquos
2800 1229 2962 1281 etiam
3006 1245 3192 1284 omnes
3225 1234 3304 1284 vi—

1753 1313 1997 1364 deamus.
2047 1311 2254 1380 Quippe
2292 1313 2490 1367 Mosetn
2534 1316 2674 1367 enim
2721 1318 2863 1370 veris
2911 1319 3015 1372 illis
3052 1317 3302 1374 Hebraeo-

1753 1417 1871 1453 rum
1910 1403 2244 1471 principibus
2282 1403 2486 1458 llebere
2514 1417 2675 1474 atque
2705 1408 3033 1472 Abraltamo,
3073 1411 3164 1477 qui
3200 1411 3302 1465 hoc

1754 1493 1994 1546 nominis
2038 1495 2220 1562 generi
2271 1496 2535 1548 dederunt
2591 1512 2726 1562 suo;
2782 1514 2879 1552 nec
2918 1500 3020 1552 illis
3057 1511 3297 1566 tantum,

1750 1583 1840 1635 sed
1884 1585 2044 1636 etiam
2082 1585 2202 1638 aliis
2240 1587 2490 1639 omnibus
2539 1589 2612 1639 uti
2669 1588 2776 1641 Deo
2823 1590 3180 1653 charissimis.
3220 1594 3291 1646 ita
3327 1604 3331 1608 '

1750 1673 1906 1742 longe
1933 1674 2336 1739 vetUStissimis,
2376 1676 2646 1744 juniorem
2681 1693 2744 1732 ac
2770 1682 3115 1747 posteriorem
3166 1685 3298 1737 fuis-

1750 1780 1840 1829 se,
1885 1765 1967 1817 vel
2000 1781 2064 1818 ex
2114 1767 2343 1834 ipsamet
2381 1767 2498 1834 ejus
2532 1768 2758 1822 historia
2799 1771 3159 1826 clarissimum
3193 1785 3294 1828 est.

1749 1856 1961 1912 Primus
2010 1874 2138 1927 ergo
2187 1858 2305 1928 pust
2359 1859 2556 1913 Μοτηριῐι
2605 1859 2847 1915 Iudaica:
2892 1862 3035 1929 genti
3081 1862 3300 1930 praefuit

1749 1947 1929 2010 Jesus,
1964 1952 2120 2001 annis
2153 1959 2212 2002 ut
2252 1951 2526 2002 nonnullis
2563 1951 2756 2018 placet,
2796 1952 3034 2019 triginta.
3074 1953 3296 2018 Deinde,

1751 2048 1808 2092 ut
1856 2039 2133 2106 Scriptura
2178 2049 2437 2106 testatur,
2479 2041 2650 2092 eidem
2691 2042 3002 2111 alienigenae
3044 2051 3166 2095 octo
3207 2042 3302 2095 do-

1750 2131 1939 2181 minati
1979 2139 2123 2183 sunt.
2169 2128 2305 2182 Tum
2342 2130 2629 2184 Gothoniel
2676 2132 2833 2184 annis
2883 2132 3294 2200 quinquaginta.

1751 2218 1878 2272 Post
1904 2220 2046 2287 hunc
2075 2219 2261 2288 Eglom
2297 2237 2386 2274 rex
2417 2219 2591 2284 Moab,
2627 2221 2783 2275 annis
2813 2222 3132 2275 octodecim.
3158 2220 3294 2274 Tum

1748 2308 1884 2374 Aod,
1935 2311 2093 2362 annis
2136 2312 2446 2379 octoginta:
2495 2322 2618 2379 post
2662 2327 2820 2380 quem
2868 2313 3061 2365 iterum
3108 2313 3299 2366 alieni-

1749 2413 1896 2466 gena:
1931 2400 2089 2452 annis
2131 2401 2340 2469 viginti.
2392 2400 2594 2456 Deinde
2619 2401 2948 2469 praefuerunt
2984 2402 3192 2455 Drbora
3230 2403 3299 2456 si-

1751 2489 1860 2542 mul
1893 2499 1946 2542 et
1995 2489 2160 2543 Barac
2202 2492 2358 2544 anuis
2403 2491 2778 2560 quadraginta.
2813 2491 2970 2562 503
3019 2491 3154 2545 Tum
3193 2493 3300 2546 Ma-

1748 2578 1967 2631 dianita:
2000 2579 2156 2631 anuis
2202 2588 2423 2645 sei-tem.
2467 2578 2655 2633 Postea
2691 2579 2909 2634 Gedeon
2958 2582 3114 2635 annis
3162 2599 3299 2651 qua-

1748 2669 2035 2736 draginta:
2073 2670 2381 2724 Abimclceh
2420 2673 2577 2724 armis
2601 2671 2794 2736 tribus,
2830 2669 3000 2724 Thola
3033 2674 3204 2725 tribus
3241 2684 3296 2726 et

1747 2759 1976 2827 viginti,
2028 2759 2142 2812 Jair
2180 2760 2394 2815 duobus
2440 2772 2492 2815 et
2532 2762 2741 2830 viginti,
2796 2762 3113 2816 Ammanitae
3147 2773 3298 2818 octo-

1747 2849 1953 2911 decim,
2004 2848 2234 2917 Jephlhe
2280 2865 2409 2911 sex,
2451 2851 2629 2904 Esbon
2673 2860 2911 2919 septem,
2961 2852 3153 2906 Aialon
3203 2854 3296 2908 dc-

1748 2952 1885 2998 eem,
1918 2935 2136 2990 Labdon
2174 2946 2317 3002 octo,
2354 2938 2680 3006 Alienigena:
2718 2940 3093 3008 quadraginta,
3133 2934 3291 2993 sam-

1748 3043 1846 3081 son
1895 3028 2118 3100 viginti;
2161 3040 2270 3082 tum
2323 3029 2435 3083 Heli
2477 3028 2751 3094 sacerdos,
2796 3038 2854 3082 ut
2897 3029 3167 3085 Hebra'cae
3213 3031 3294 3084 lit-

1749 3126 1878 3172 tera
1908 3120 2063 3172 {idem
2098 3121 2320 3182 faciunt,
2355 3115 2512 3173 anuis
2543 3118 2897 3188 quadraginta
2925 3135 2938 3172 :
2971 3120 3128 3188 cujus
3157 3129 3291 3176 tem-

105 3206 315 3266 Ἰωνᾶς.
343 3205 496 3258 Μετὰ
526 3205 581 3257 δέ
629 3205 806 3266 Ὀξίαν
840 3203 1105 3273 βασιλεύει
1143 3205 1375 3274 Ἰωάθαμ
1403 3205 1496 3273 ἔτη
1537 3213 1640 3270 ις’·

1748 3226 1876 3280 pore
1907 3221 2121 3280 captum
2167 3222 2250 3266 cst
2291 3212 2466 3264 Ilium.
2506 3209 2636 3264 Post
2662 3210 2776 3264 lleli
2809 3214 3163 3277 sacerdotem,
3194 3229 3291 3282 po-

93 3293 223 3366 μεθ⁹
254 3295 310 3346 ὃν
341 3295 511 3362 ’Δχαζ
536 3295 625 3364 ἔτη
659 3302 750 3358 ις’.
781 3294 932 3346 Κατὰ
953 3295 1136 3349 τοῦτον
1165 3297 1196 3364 ὴ
1224 3295 1408 3366 πρώτη
1449 3295 1643 3366 Ὀλυμ-

91 3386 230 3448 ma;
253 3385 389 3455 ἢχθη
409 3424 424 3448 ,
456 3385 520 3454 ἣν
562 3386 713 3437 ἐνίκα
743 3385 950 3438 στάδιον
984 3386 1218 3456 Κόροϐος
1265 3387 1485 3448 Ἠλεῖος.
1519 3390 1644 3441 Δια-

89 3479 309 3548 δέχεται
346 3476 400 3529 δὲ
431 3477 520 3528 τὸν
569 3475 745 3546 Ἀχαζ
798 3479 1040 3541 Ἐζεκίας
1088 3477 1227 3529 ἔτεσι
1270 3477 1383 3530 x0"
1426 3477 1545 3530 καθ’
1586 3479 1644 3530 ὃν

105 3568 384 3638 Ῥωμύλος
423 3566 636 3638 Ῥώμην
670 3567 878 3630 ἔκτισε,
908 3555 1000 3630 κάὶ
1031 3568 1356 3621 ἐϐασίλευσε.
1394 3569 1544 3622 Μετὰ
1588 3569 1644 3621 δὲ

13 3682 19 3687 ·
105 3661 356 3725 Ἐζεκίαν
387 3657 653 3728 βασιλεύει
679 3657 968 3726 Μανασσῆς
997 3659 1088 3729 ἐτη
1112 3667 1211 3711 νε¹·
1248 3659 1432 3712 ἔπειτα
1468 3661 1645 3730 Ἀμὼν

89 3749 191 3820 ἔτη
230 3747 302 3817 β’·
335 3747 520 3799 ἔπειτα
555 3745 755 3807 Ἰωσίας
785 3738 1010 3816 ἐτη’λα⁹’
1044 3745 1162 3798 καθ’
1188 3745 1245 3798 ὂν
1277 3747 1644 3817 προφητεύου-

93 3856 182 3894 σιν
220 3838 503 3908 Ἱερεμίας,
536 3838 767 3909 Βαροὺχ,
806 3835 978 3898 Ὀλδᾶ,
1009 3837 1102 3887 καὶ
1148 3838 1294 3889 ἄλλοι
1333 3839 1642 3907 προφῆται·

91 3931 287 3983 ἔπειτα
323 3929 549 3998 Ἰωάχαξ
576 3929 745 3998 μῆνας
771 3935 818 3995 γ’
837 3945 850 3957 ·
897 3926 1012 3996 μεθ’
1043 3927 1101 3979 ὃν
1132 3928 1385 3996 Ἰωακεὶμ
1413 3929 1505 3998 ἐτη
1541 3936 1639 3981 ια’·

94 4024 222 4095 μεθ’
244 4024 304 4077 ὃν
335 4023 549 4076 πάντων
577 4021 801 4084 ὕστατος
827 4021 1072 4081 Σεδεκίας
1103 4019 1195 4087 ἐτη
1234 4018 1502 4072 ιϐ’..Κατὰ
1527 4020 1648 4072 τοῦ·

88 4129 188 4164 τον
221 4111 662 4182 πολιορκηθείσης
694 4111 792 4181 τῆς
822 4109 1169 4180 Ἰερουσαλὴμ
1195 4107 1298 4159 ὑπὸ
1329 4109 1642 4177 Ἀσσυρίων,

91 4201 194 4254 καὶ
245 4200 338 4252 τοῦ
390 4201 535 4272 ἱεροῦ
572 4202 915 4276 ’ἐμπρησμὸν
969 4199 1383 4269 ὑπομείναντος,
1429 4200 1491 4251 τὸ
1539 4202 1646 4253 πᾶν

105 4290 375 4344 Ἰουδαίων
400 4290 547 4354 ἔθνος
571 4277 846 4359 ἀπάγεται
877 4291 955 4353 εἰς
981 4287 1287 4342 Βαϐυλῶνα.
1312 4289 1644 4357 Προφητεύει

90 4386 152 4438 δὲ
179 4382 367 4437 αὐτόθι
404 4381 599 4450 Δανιὴλ
641 4385 732 4435 καὶ
767 4380 1032 4451 Ἑζεκιήλ.
1067 4378 1217 4433 Μετά
1258 4378 1314 4430 δὲ
1355 4377 1489 4430 ἐτῶν
1527 4379 1646 4448 ἀρι-

94 4475 235 4545 θμὸν
261 4478 304 4525 o'
329 4473 356 4524 6
388 4469 566 4542 Κῦρος
596 4470 861 4540 βασιλεύει
892 4469 1133 4539 Περσῶν,
1158 4468 1214 4530 ὃς
1247 4466 1339 4519 καὶ
1364 4465 1523 4535 ἐνῆκε
1546 4466 1642 4536 τὴν

92 4562 469 4635 αἰχμαλωσίαν
496 4561 601 4612 τῶν
643 4561 924 4622 Ἰουδαίων,
953 4559 1244 4629 ἐπιτρέψας
1269 4560 1377 4619 τοῖς
1405 4557 1642 4612 θέλουσιν
1673 4550 1718 4604 Ι)

92 4653 276 4708 αὐτῶν
304 4652 636 4705 παλινοστεῖν
669 4648 759 4700 ἐπὶ
789 4649 886 4718 τὴν
912 4650 1115 4701 οίκείαν
1139 4649 1259 4718 γῆν,
1294 4647 1386 4699 καὶ
1412 4647 1472 4698 τὸ
1500 4647 1660 4723 ἱερὸν.

91 4741 429 4812 ἀνεγείρειν·
470 4740 560 4793 ὅτε
600 4738 702 4791 καὶ·
721 4739 923 4791 ἄνεισιν
956 4738 1159 4808 Ἰησοῦς
1196 4741 1224 4791 6
1247 4737 1336 4790 τοῦ
1382 4737 1639 4800 Ἰωσεδὲκ,

91 4834 194 4888 καί
219 4830 518 4902 Ζοροϐάϐελ
530 4832 557 4883 6
575 4826 667 4880 τοῦ
684 4826 964 4894 Σαλαθιὴλ,
983 4827 1397 4881 καταϐάλλονταί
1417 4843 1473 4879 τε
1493 4825 1548 4878 θε
1558 4843 1645 4896 με-

92 4921 246 4981 λίους
279 4917 719 4988 προφητευόντων
757 4913 958 4965 ὕστατα
999 4915 1211 4967 πάντων
1257 4907 1526 4982 Ἀγγαίου,
1552 4915 1646 4967 καὶ

91 5006 370 5081 Ζαχαρίου
386 5007 479 5060 καὶ
489 5007 787 5077 Μαλαχίου,
804 5005 1019 5074 μεθόὒς
1033 5006 1213 5058 οὐκέτι
1228 5007 1506 5076 προφήτης
1521 5006 1648 5074 παρ’

94 5099 284 5159 αὐτοῖς
307 5096 673 5164 γέγονε.Κατὰ
686 5097 742 5149 δὲ
758 5095 936 5167 Κῦρον
949 5094 1120 5147 Σόλων
1140 5095 1169 5144 6
1195 5094 1465 5163 Ἀθηναῖος
1487 5095 1651 5160 ἐγνω-

98 5193 301 5262 ρίςετο,
319 5188 412 5240 καὶ¹
433 5189 482 5239 οἱ
505 5187 789 5258 κληθέντες
805 5186 941 5239 ἐπτὰ
963 5185 1113 5252 σοφοὶ
1134 5186 1261 5256 παρ’
1276 5185 1548 5255 Ἕλλησιν,
1576 5178 1650 5236 ὧν

97 5279 456 5348 παλαιότερος
478 5277 647 5339 οὐδεὶς
669 5280 795 5347 παρ’
817 5278 994 5338 αὐτοῖς
1017 5270 1427 5344 φιλόσοφος’μνη
1436 5273 1650 5344 μονεύε-

94 5388 213 5424 ται.
245 5367 462 5420 Τούτων
487 5366 550 5436 δὴ
569 5367 677 5419 τῶν
701 5367 838 5419 ἑπτὰ
866 5365 1042 5434 Θαλῆς
1067 5365 1095 5415 ὁ
1117 5363 1398 5431 Μιλήσιος,
1425 5363 1650 5430 φυσικὸς

97 5457 320 5530 πρῶτος
353 5455 617 5524 Ἑλλήνων
640 5453 903 5522 γεγονὼς,
938 5453 1064 5523 περὶ
1103 5449 1316 5520 τροπῶν
1362 5450 1508 5519 ἡλίου
1558 5454 1652 5505 καὶ

99 5548 416 5614 ἐκλείψεως,
462 5547 556 5601 καὶ
594 5534 891 5621 ’φωτισμῶν
933 5542 1176 5611 σελήνης,
1223 5540 1315 5591 καὶ
1366 5541 1650 5611 ἰσημερίας

98 5637 391 5706 διειλέχθη.
432 5621 672 5706 Ἐγένετο
696 5632 740 5687 δ’
771 5635 800 5685 6
841 5633 976 5704 ἀνὴρ
1016 5632 1408 5701 ἐπισημότατος
1443 5633 1500 5684 ἐν
1539 5635 1650 5695 τοῖς

1744 3303 1873 3370 pulo
1925 3302 2141 3355 Samuel
2186 3301 2490 3370 imperavit.
2535 3299 2689 3356 Hunc
2735 3299 2865 3355 Saul
2913 3317 3002 3355 rex
3049 3304 3290 3357 omnium

1744 3393 1953 3460 primus
2001 3393 2245 3460 excepit,
2301 3391 2648 3460 regnavitque
2710 3392 2870 3445 annis
2916 3393 3291 3460 quadraginta.

1744 3482 1880 3535 Tum
1915 3481 2080 3535 David
2115 3482 2270 3534 anuis
2314 3480 2566 3535 totidem:
2599 3480 2722 3533 inde
2755 3478 3007 3560 Salomon
3045 3482 3290 3542 totidem,

1742 3575 1836 3642 qui
1876 3575 2084 3642 primus
2124 3571 2664 3642 Ilierosolymitanum
2711 3571 2965 3638 templum
3003 3574 3288 3625 exstruxit.

1743 3664 1872 3718 Post
1920 3662 2321 3736 Salomonem,
2375 3663 2615 3714 Roboam
2664 3661 2822 3714 annis
2878 3661 3287 3729 septemdecim,

1743 3755 1879 3807 Abia
1938 3754 2095 3807 annis
2148 3753 2338 3817 tribus,
2389 3752 2492 3806 Asa
2543 3767 2652 3805 uno
2696 3759 2750 3805 et
2783 3750 3159 3818 quadraginta,
3207 3740 3291 3802 Jo-

1744 3847 1938 3913 saphat
1997 3844 2186 3913 viginti
2245 3845 2516 3912 quinque,
2593 3841 2772 3896 Joram
2822 3850 2976 3906 octo,
3027 3841 3288 3895 Ochosias

1744 3947 1889 3986 anno
1937 3931 2200 3985 duntaxat
2256 3947 2384 3990 uno,
2425 3929 2674 3983 Gotholia
2711 3936 2936 3996 septem,
2979 3927 3106 3981 Joas
3149 3945 3284 3995 qua-

1742 4022 2007 4090 draginta,
2039 4023 2289 4074 Amasias
2323 4021 2675 4088 qualraginta
2714 4035 2926 4083 novem,
2955 4018 3113 4070 Ozias
3143 4018 3281 4070 duos

1741 4120 1796 4165 et
1819 4111 2229 4179 quinquaginta,
2257 4111 2412 4177 cujus
2458 4116 2695 4177 tempore
2719 4109 2874 4172 Osee,
2901 4109 3084 4170 Amos,
3113 4105 3280 4160 Isaias

1741 4212 1797 4256 et
1835 4200 2001 4255 Jonas
2047 4201 2455 4268 prophetat-unt.
2491 4195 2620 4251 Post
2657 4197 2839 4250 Oziam
2889 4198 3128 4266 reg-navit
3162 4196 3287 4251 Joa-

1745 4295 1892 4348 tham
1923 4290 2082 4344 annis
2123 4287 2379 4353 sedecim,
2428 4297 2540 4341 tum
2575 4287 2758 4340 Achaz
2788 4287 3027 4340 totidem.
3060 4286 3178 4351 Quo
3208 4304 3288 4340 re-

1744 4391 1942 4452 gnante
1969 4379 2142 4448 prima
2173 4376 2436 4445 Olympias
2463 4375 2728 4429 celebrata
2773 4385 2872 4444 est,
2905 4375 2957 4428 in
2987 4391 3090 4444 qua
3119 4389 3282 4428 cursu

1742 4471 1874 4524 vicit
1927 4469 2172 4522 Corobus
2224 4465 2405 4521 Eleus.
2457 4465 2585 4520 Post
2635 4466 2815 4519 Achaz
2863 4466 3107 4534 regnavit
3150 4464 3283 4517 Eze-

1745 4562 1896 4616 chias
1940 4558 2096 4613 annis
2153 4557 2338 4626 viginti
2391 4571 2618 4610 novem:
2676 4556 2833 4624 cujus
2865 4555 3126 4623 'tempore
3175 4553 3282 4604 Ro-

1745 4654 1926 4706 mulus
1964 4660 2016 4703 et
2058 4633 2280 4702 Romam
2312 4647 2572 4707 condidit,
2611 4655 2666 4700 et
2699 4647 2958 4716 regnavit.
2994 4646 3122 4698 Pest
3155 4643 3287 4696 Eze-

1746 4746 1924 4799 chiam
1963 4741 2237 4794 Manasses
2280 4738 2439 4792 annis
2487 4739 2729 4806 quinque
2777 4745 2829 4788 et
2874 4732 3282 4802 quinquaginta.

1748 4836 1948 4889 Deinde
2003 4832 2175 4885 Amon
2227 4831 2385 4884 annis
2425 4830 2673 4894 duobus,
2721 4827 2898 4881 Josias
2938 4839 3045 4876 uno
3083 4820 3142 4876 et
3185 4823 3293 4875 tri»

1746 4925 1914 4992 ginta,
1968 4921 2069 4975 sub
2122 4934 2229 4987 quo
2279 4917 2563 4980 Jereinias,
2622 4914 2848 4977 Baruch,
2907 4910 3039 4964 Olda
3091 4919 3146 4964 et
3193 4910 3284 4962 alii

1745 5012 2016 5081 propheta!
2059 5008 2371 5062 ﬂoruerunt.
2428 5005 2564 5059 Tum
2613 5004 2864 5063 Joachaz,
2896 5000 3172 5053 mensibus
3198 5001 3286 5052 tri.

1747 5099 1867 5161 bus,
1897 5095 2139 5150 Joachim
2174 5097 2332 5149 anuis
2368 5094 2638 5160 undecim,
2669 5099 2721 5143 et
2759 5089 3013 5141 Sedecias
3041 5089 3280 5141 omnium

1747 5197 2053 5256 postremus
2098 5185 2407 5239 duodecim.
2455 5183 2570 5238 Sub
2627 5195 2693 5234 eo
2731 5186 2887 5246 capta
2948 5176 3279 5230 Hierusalem

1749 5276 1817 5329 ab
1846 5273 2102 5342 Assyriis,
2145 5274 2401 5341 templum
2447 5273 2746 5328 incensum,
2777 5267 3028 5319 universa
3071 5263 3279 5317 Judazo-

1744 5380 1865 5418 rum
1910 5363 2054 5416 natio
2085 5361 2407 5431 Babylonem
2443 5351 2693 5421 abducta,
2723 5356 2816 5410 ubi
2845 5353 3029 5408 Daniel
3070 5359 3123 5403 et
3146 5349 3280 5403 Eze-

1744 5453 1881 5506 chiel
1926 5451 2333 5520 prophetarunt.
2375 5449 2504 5502 Post
2544 5462 2719 5500 annos
2749 5446 2874 5498 inde
2910 5439 3281 5510 septuaginta,

1745 5547 1915 5614 Cyrus
1940 5543 2122 5597 Persis
2151 5543 2454 5613 imperavit,
2491 5538 2812 5607 Judaeosque
2852 5535 3106 5589 servitute
3151 5531 3282 5583 libe-

1744 5633 1900 5697 ravit,
1933 5633 2208 5696 omnibus,
2253 5631 2563 5699 quicunque
2591 5628 2808 5688 veHent,
2837 5624 2890 5677 in
2923 5620 3154 5689 patriam
3197 5635 3279 5674 re-

176 5751 288 5820 (20)
332 5748 559 5815 Ἐπειδὴ
596 5747 818 5809 τοίνυν,
862 5754 964 5801 etc.
999 5744 1247 5802 Clemens
1288 5745 1632 5800 Alexandrini.
1673 5747 1765 5802 lib.
1803 5764 1819 5801 t
1851 5745 2128 5812 Stromat.,
2167 5761 2285 5814 pag.
2328 5742 2452 5809 257,
2494 5743 2621 5797 edit.
2673 5731 3012 5791 Graeco-Lat.
3061 5733 3183 5789 eod.
3227 5736 3281 5787 in

102 5829 425 5892 argumento
453 5827 709 5872 versatur.
