4038 6330
690 431 795 487 839

1314 426 1579 483 EUSEBll
1615 426 2081 483 CA‘JSARIENSIS
2119 422 2266 480 OPP.
2307 421 2481 476 PARS
2520 421 2667 477 ll.-
2695 418 3192 477 APOLOGETICA.

3802 415 3885 470 8ιο

692 544 887 599 deundi
922 545 1207 612 templique
1244 538 1575 598 instaurandi
1605 556 1867 613 potestate
1910 544 2228 597 facta.Cum

2347 540 2574 609 Ἕλλησι.
2606 540 2777 591 Θαλοῦ
2805 541 2859 591 δὲ
2898 540 3104 604 γίνεται
3134 510 3421 604 ἀκουστὴς.
3448 532 3881 603 ’Δναξίμανδρος,

691 638 851 689 etiam
912 636 1068 690 Jesus
1124 634 1409 697 Josedeci,
1461 644 1516 689 et
1574 635 1871 697 Zorobabel
1924 634 2230 687 Salathielis

693 726 837 779 ﬁlius
878 735 1232 787 reverterunt,
1274 728 1506 793 novique
1548 728 1726 793 templi
1772 724 2115 777 fundamenta
2147 739 2228 788 po-

694 824 937 881 suerunt,
977 831 1084 883 quo
1120 825 1352 883 tempore
1397 818 1641 884 Aggreus,
1697 816 1983 870 Zacharias
2034 826 2085 869 et
2123 815 2232 867 Ma-

692 905 896 958 lachias
964 907 1203 957 omnium
1264 908 1539 957 novissimi
1590 908 2011 975 prophetahant,
2061 906 2230 958 nemi-

692 1007 812 1043 nem
870 994 1013 1044 enim
1056 1002 1176 1061 post
1229 994 1346 1046 illos
1392 992 1559 1045 Judaei
1614 998 1928 1063 prOpIielam
1975 996 2227 1047 habuere.

687 1082 807 1136 Jam
862 1082 999 1152 Cyro
1050 1095 1303 1151 regnante
1354 1084 1515 1137 Solon
1560 1086 1942 1145 Atheniensis.
1990 1101 2232 1154 quosque

690 1180 893 1238 septem
941 1173 1207 1238 sapientes
1260 1172 1431 1226 Grieci
1478 1184 1691 1237 vocant,
1742 1174 1991 1237 ﬂoruere,
2036 1175 2231 1242 quibus

690 1280 821 1318 sane
868 1265 1125 1316 vetustior
1166 1266 1303 1330 apud
1348 1281 1441 1317 eos
1486 1266 1845 1333 philosophus
1896 1282 2053 1319 nemo
2093 1267 2231 1318 cclc-

693 1354 896 1406 bratur.
932 1353 1007 1405 Ex
1046 1354 1109 1405 iis
1146 1352 1339 1406 Thales
1367 1352 1603 1407 Milesius
1630 1356 1875 1423 princeps
1921 1356 2055 1407 inter
2085 1354 2230 1407 Grae-

690 1459 785 1497 cos
830 1445 894 1495 de
938 1445 1098 1496 rebus
1138 1444 1473 1496 naturalibus
1510 1444 1878 1511 philosophari
1917 1445 2096 1511 cmpit,
2135 1446 2231 1498 de-

692 1550 798 1604 que
840 1535 969 1587 solis
1000 1535 1464 1597 conversionibus,
1499 1534 1656 1604 504
1693 1534 1937 1602 lunaeque
1983 1551 2103 1588 cum
2146 1536 2233 1587 de-

694 1625 940 1689 fectione,
978 1635 1086 1679 tum
1121 1628 1495 1687 illustrationc,
1531 1643 1628 1679 nec
1671 1642 1775 1679 non
1814 1628 1877 1679 de
1911 1630 2229 1695 aequinoctio

694 1718 1007 1786 disputavit.
1051 1716 1228 1781 Quare
1282 1718 1617 1771 clarissimus
1666 1720 1715 1770 in
1769 1719 1969 1773 Greecia
2022 1734 2230 1789 semper

695 1808 906 1862 habitus
960 1816 1059 1859 est.
1102 1807 1335 1860 Thaletis
1390 1808 1600 1860 auditor
1653 1808 1752 1861 fuit
1798 1810 2229 1873 Anaximander,

2334 631 2632 698 Πραξιάδου
2658 632 2753 699 μὲν
2788 633 2933 692 παῖς,
2984 631 3136 696 γένος
3175 628 3232 681 δὲ
3264 628 3357 679 καὶ
3402 626 3569 688 αὐτὸς
3612 626 3864 693 Μιλήσιος

2335 720 2500 783 Οὗτος
2522 723 2729 791 πρῶτος
2754 722 3032 790 γνώμονας
3059 718 3417 772 κατεσκεύασε
3450 720 3593 786 πρὸς
3608 717 3883 782 διάγνωσιν

2334 814 2545 885 τροπῶν
2571 832 2628 865 τε
2668 815 2837 882 ἡλίου,
2871 815 2962 865 καὶ
2995 813 3217 882 χρόνων,
3245 813 3335 863 καὶ
3369 811 3548 881 ὡρῶν,
3578 812 3679 863 καὶ
3719 813 3862 878 ἰσημε

2338 905 2473 975 ρίας.
2510 905 2917 973 Ἀναξιμάνδρου
2955 904 3009 954 δὲ
3046 902 3315 973 γνώριμος
3346 903 3564 969 ἐγένετο
3614 901 3861 969 ’Δναξιμέ

2336 1013 2429 1063 νης
2453 996 2844 1065 Εὐρυστράτου,
2874 994 3151 1063 Μιλήσιος·
3178 993 3363 1045 τούτου
3380 994 3434 1044 δὲ
3472 991 3843 1060 Ἀναξαγόρας
3863 992 3885 1035 6

2347 1081 2749 1151 Ἡγησιϐούλου,
2792 1082 3171 1150 Κλαζομένιος.
3200 1075 3450 1151 Οὗτος-δὴ
3493 1082 3718 1152 πρῶτος
3748 1080 3861 1149 διήρ

2337 1172 2507 1242 θρωσε
2542 1173 2631 1223 τὸν
2659 1172 2783 1243 περ).
2804 1172 2984 1240 ἀρχῶν
3006 1164 3287 1238 λόγον.⁹ού
3322 1172 3427 1242 γάρ
3452 1174 3617 1241 μόνον
3649 1173 3778 1242 περὶ
3803 1175 3885 1240 τῆ-

2337 1266 2545 1316 πάντων
2584 1265 2766 1325 ούσίας
2790 1265 3115 1331 ἀπφήνατο,
3132 1264 3205 1325 ὡς
3224 1265 3271 1314 οί
3298 1265 3400 1333 πρὸ
3429 1263 3621 1327 αὑτοῦ,
3643 1265 3783 1317 άλλὰ
3806 1266 3879 1317 καὶ

2336 1356 2462 1425 περὶ
2490 1355 2580 1405 τοῦ
2614 1355 2880 1415 κινοῦντος
2906 1355 3072 1421 αὐτὴν
3104 1355 3293 1406 αἰτίου.
3327 1374 3344 1405 ι
3377 1352 3482 1408 Ἦν
3507 1357 3621 1425 γὰρ
3663 1357 3766 1425 τὴν
3799 1359 3876 1426 άρσ

2336 1445 2451 1514 χὴν,
2479 1464 2495 1494 ι
2533 1446 2681 1511 φησὶ,
2724 1462 2739 1493 ι
2767 1444 2831 1494 τὰ
2864 1443 3158 1511 πράγματα
3191 1442 3321 1511 ὁμοῦ
3368 1446 3724 1515 πεφυρμένα·
3758 1446 3886 1509 Νοῦς

2334 1534 2375 1585 δ’
2401 1532 2670 1594 εἰσελθὼν,
2707 1532 2842 1582 αὐτὰ
2870 1533 2933 1581 ὲκ
2968 1533 3062 1599 τῆς
3083 1528 3303 1592 ἀταξίας
3332 1532 3409 1592 εἰς
3433 1532 3588 1595 τάξιν
3620 1535 3848 1603 ἢγαγεν,
3866 1553 3883 1582 ι

2348 1622 2698 1691 Ἀναξαγόρου
2711 1620 2763 1670 δὲ
2781 1619 3019 1685 ἐγένοντο
3031 1619 3289 1689 γνώριμοι
3300 1623 3462 1688 τρεῖς,
3479 1622 3876 1692 Περικλῆς,Ἀρ

2336 1716 2539 1784 χέλαος,
2564 1712 2873 1782 Εὐριπίδης.
2893 1710 3156 1779 Περικλῆς
3187 1712 3283 1779 μὲν
3306 1707 3395 1762 οὖν
3412 1710 3711 1779 Ἀθηναίων
3744 1715 3893 1783 πρῶ·

2334 1828 2423 1869 τος
2440 1808 2772 1875 έγένετο,καὶ
2790 1805 2998 1874 πλούτῳ
3009 1806 3100 1857 καὶ
3117 1807 3260 1872 γένει
3274 1806 3379 1856 τῶν
3398 1806 3515 1857 καθ’
3536 1804 3891 1870 ἐαυτῶνζεὶοΊ

698 1898 967 1955 Praxiada:
1010 1898 1170 1959 ﬁlius,
1218 1913 1413 1966 genere
1457 1897 1696 1952 Milesius
1745 1900 1856 1967 ipSe
1899 1916 2131 1968 quoque.
2185 1900 2231 1954 ls

2347 1899 2684 1966 περιήνεγκεν
2701 1898 2751 1934 δ’
2784 1896 3075 1963 Εὐριπίδης
3098 1894 3173 1957 δὲ,
3197 1896 3285 1946 ἐπὶ
3308 1894 3587 1963 ποιητικὴν
3617 1892 3861 1961 μεταϐὰς
3878 1929 3891 1952 ,

694 1986 935 2040 omnium
971 1987 1177 2055 primus
1207 1986 1371 2053 stylos
1397 1986 1462 2037 ad
1496 1986 1888 2051 dignoscendas
1921 1988 2071 2051 solis,
2102 1997 2234 2041 tem-

694 2092 906 2147 porum,
966 2084 1364 2143 tempestatum,
1414 2085 1467 2129 et
1509 2077 1817 2141 aequinoctii
1860 2079 2233 2131 conversiones

694 2164 1005 2218 elaboravit.
1056 2162 1190 2216 Huic
1224 2178 1443 2231 Operam
1499 2164 1649 2217 dedit
1699 2163 2063 2219 Anaximenes
2106 2167 2231 2219 item

697 2252 935 2307 Milesius
982 2251 1478 2323 Eurystratiﬁlius,
1520 2270 1675 2318 quem
1722 2254 1924 2307 audivit
1954 2256 2235 2324 Anaxago-

700 2359 788 2397 ras
832 2344 1230 2404 Clazomenius,
1288 2341 1591 2412 llegesibuli
1636 2346 1797 2398 illius.
1837 2344 1885 2398 ls
1932 2346 1995 2399 de
2038 2348 2235 2413 princi-

700 2435 801 2501 piis
831 2434 1082 2486 distincte
1125 2434 1331 2501 primus
1362 2442 1411 2486 et
1458 2434 1735 2487 enucleate
1775 2434 2084 2503 disputavit.
2132 2434 2234 2488 Ne-

699 2540 804 2591 que
850 2524 991 2576 enim
1046 2525 1110 2576 (lc
1171 2524 1405 2576 universi
1459 2534 1665 2576 tantum
1708 2533 1923 2587 natura,
1966 2526 2044 2578 uti
2093 2526 2234 2592 prio-

702 2628 787 2666 res
839 2613 951 2681 illi,
1001 2614 1093 2664 scd
1142 2614 1304 2665 etiam
1352 2613 1417 2664 de
1458 2613 1576 2679 ipso
1630 2622 1807 2665 motus
1852 2614 1969 2681 ejus
2019 2624 2236 2667 auctore

704 2698 1109 2767 philosophatus
1141 2705 1241 2748 est.
1270 2715 1284 2746 ι
1310 2699 1442 2751 Cum
1460 2698 1603 2752 enim
1637 2715 1721 2752 res
1769 2715 1953 2753 omnes
1975 2742 1988 2765 ,
2033 2703 2232 2769 inquit,

702 2786 943 2841 confusae
983 2787 1144 2839 siInu-l
1180 2787 1551 2854 perniistteque
1581 2788 1645 2840 ab
1676 2789 1826 2841 initio
1859 2787 2055 2852 forent,
2091 2791 2236 2843 Mens

705 2878 915 2947 penitus
948 2891 1038 2929 eas
1080 2892 1380 2944 permeans,
1422 2878 1488 2929 ab
1521 2879 1608 2931 illa
1634 2881 2032 2947 perturbatione
2065 2883 2117 2935 in
2152 2898 2239 2935 or—

704 2968 881 3021 dinem
916 2968 1343 3035 elegantiamque
1370 2966 1675 3023 vindicavit.
1692 2989 1708 3019 ι
1730 2972 2058 3041 Anaxagorae
2078 2973 2242 3026 disci-

707 3058 814 3125 puli
858 3067 963 3110 tres
996 3059 1161 3119 luere,
1198 3056 1451 3117 Pericles,
1480 3057 1793 3124 Archelaus,
1832 3070 1885 3111 et
1938 3059 2237 3130 Euripides.

708 3148 939 3202 Pericles
988 3163 1092 3201 uon
1142 3146 1548 3199 Atheniensium
1584 3147 1744 3201 modo
1798 3148 1951 3202 facile
1998 3154 2239 3220 princeps

708 3238 827 3298 fuit,
865 3252 1048 3289 verum
1083 3236 1241 3289 etiam
1290 3235 1521 3302 aequales
1562 3250 1690 3289 suos
1730 3252 1917 3290 omnes
1960 3241 2154 3306 Opibus
2182 3257 2243 3294 ac

709 3328 984 3380 nobilitate
1036 3327 1325 3395 superavit.
1377 3324 1653 3394 Euripides
1696 3342 1816 3380 cum
1865 3329 1927 3381 ad
1982 3332 2241 3397 poeticam

709 3432 828 3470 sese
863 3418 1203 3479 contulisset,
1235 3418 1478 3471 scenicus
1519 3434 1547 3470 a
1593 3420 2245 3489 nonnullisiphi1050phus

712 3519 927 3563 vocatus
951 3516 1048 3563 est.
1068 3509 1360 3563 Archelaus
1383 3511 1611 3577 denique
1628 3510 1903 3579 Lampsaci
1919 3513 2248 3583 Anaxagora:

712 3614 811 3653 suo
849 3602 899 3651 in
938 3599 1063 3651 ludo
1096 3600 1377 3652 successit.
1416 3598 1542 3653 lude
1588 3616 1708 3653 cum
1753 3602 1990 3654 Athenas
2023 3604 2248 3671 migras-

712 3698 813 3749 set,
862 3688 1073 3741 easdem
1127 3689 1197 3740 ibi
1243 3690 1466 3741 docendi
1511 3700 1689 3757 partes
1734 3706 2038 3760 munusque
2082 3694 2241 3745 susti-

714 3781 852 3843 nuit,
881 3787 935 3830 et
964 3779 1391 3845 quamplurimos
1430 3779 1781 3834 Athenienses
1824 3782 2250 3869 discipulos,.in-

714 3880 899 3937 terque
932 3878 1153 3922 caeteros
1195 3868 1470 3921 Socratem
1508 3869 1712 3925 habuit.
1757 3870 2007 3938 Ejusdem
2038 3868 2250 3925 Anaxa—

714 3978 854 4030 gora:
887 3972 1143 4029 tempore,
1179 3958 1535 4027 Xenophanes
1574 3971 1628 4014 et
1684 3960 2010 4030 Pythagoras
2046 3966 2249 4033 physici

716 4054 973 4105 claruere.
1006 4052 1080 4103 Ac
1105 4050 1413 4120 Pythagora:
1442 4050 1655 4118 quidem
1684 4050 1899 4104 Theano
1926 4070 2077 4116 uxor,
2110 4057 2253 4122 ejus-

716 4157 819 4207 que
841 4141 953 4201 lilii,
978 4140 1237 4208 Telauges
1259 4150 1310 4193 et
1332 4140 1697 4206 Mnesarchus,
1728 4155 2120 4197 successerunt.
2149 4146 2250 4197 Te-

721 4229 889 4297 laugis
916 4232 1127 4283 auditor
1163 4230 1510 4299 Empedocles
1557 4231 1677 4293 fuit,
1706 4234 1859 4300 cujus
1901 4243 2055 4287 :etate
2087 4233 2252 4287 llera—

720 4320 878 4372 clitus
924 4321 1009 4371 ille
1060 4322 1427 4373 tenebricosus
1478 4320 1530 4371 in
1586 4321 1861 4373 hominum
1914 4338 2007 4375 ore
2052 4324 2251 4375 versari

722 4412 902 4477 coepit.
947 4409 1259 4477 Xenophani
1316 4424 1443 4461 vero
1500 4408 1907 4473 Parmenidem,
1954 4411 2253 4465 Parmenidi

2336 1988 2437 2038 ὑπό
2462 2004 2621 2037 τινων
2657 1984 2907 2053 σκηνικὸς
2955 1985 3235 2051 φιλόσοφος
3272 1984 3467 2053 ἐκλήθη
3494 2001 3506 2012 ·
3544 1986 3573 2036 ό
3600 1983 3657 2034 δὲ
3701 1982 3892 2051 Ἀρχέ-

2333 2077 2454 2139 λαος
2492 2078 2546 2128 ὲν
2579 2074 2860 2144 Λαμψάκῳ
2891 2072 3156 2137 διεδέξατο
3183 2072 3277 2141 τὴν
3307 2072 3494 2141 σχολὴν
3520 2070 3630 2123 τοῦ.
3665 2070 3892 2134 Ἀναξα-

2332 2169 2512 2237 γόρου.
2540 2166 2787 2227 Μεταϐάς
2826 2165 2867 2216 δ’
2913 2167 2991 2225 εἰς
3024 2164 3247 2232 Ἀθήνας
3299 2165 3413 2214 ἐκεῖ
3458 2162 3755 2230 ὲσχόλασε,
3805 2160 3895 2213 καὶ

2334 2256 2554 2316 πολλοὺς
2584 2255 2733 2321 ἔσχεν
2774 2251 3065 2319 Ἀθηναίων
3090 2249 3411 2319 γνωρίμους,
3448 2252 3503 2300 ὲν
3530 2246 3610 2310 οἷς
3643 2250 3741 2300 καὶ
3778 2248 3892 2299 Σω-

2334 2346 2557 2415 κράτην.
2607 2343 2761 2395 Κατὰ
2800 2342 2856 2395 δὲ
2895 2341 2985 2391 τὸν
3017 2340 3175 2391 αὐτὸν
3207 2340 3282 2408 τῷ
3320 2339 3650 2408 Ἀναξαγόρᾳ
3700 2338 3895 2406 χρόνον

2335 2438 2583 2505 ἤκμασαν
2624 2433 2810 2501 ἄνδρες
2843 2429 3075 2498 φυσικοὶ,
3115 2428 3416 2499 Ξενοφάνης
3464 2447 3523 2479 τε
3563 2430 3655 2480 καὶ
3702 2428 3895 2480 Πυθαο

2336 2529 2518 2597 γόρας.
2559 2527 2658 2577 Τὸν
2706 2526 2801 2593 μὲν
2834 2520 2924 2574 οὖν
2975 2520 3287 2590 Πυθαγόραν
3330 2520 3587 2583 διεδέξατο
3629 2519 3821 2571 Θεανὼ
3862 2524 3892 2587 ἡ

2335 2616 2488 2685 γυνὴ,
2531 2616 2581 2665 οἴ
2622 2631 2677 2665 τε
2724 2613 2826 2663 υίοὶ
2868 2605 3053 2671 αὑτοῦ,
3088 2608 3369 2679 Τήλαυγὴς
3400 2610 3492 2660 καὶ
3542 2611 3891 2677 Μνήσαρχος.

2336 2702 2643 2773 Τηλαυγοῦς
2665 2700 2718 2752 δὲ
2760 2698 3117 2767 Ἐμπεδοκλῆς
3138 2698 3401 2766 ἀκουστὴς
3425 2697 3649 2763 γίνεται,
3682 2696 3812 2748 καθ’
3841 2696 3896 2747 ὃν

2350 2795 2687 2867 Ἡράκλειτος
2716 2796 2742 2844 ό
2778 2792 3043 2852 σκοτεινὸς
3075 2790 3411 2859 ὲγνωρίζετο.
3439 2789 3537 2841 Τὸν
3559 2789 3612 2840 δὲ
3654 2788 3899 2855 Ξενοφά-

2340 2903 2434 2954 νην
2466 2885 2675 2950 λέγεται
2704 2887 2730 2936 ὁ
2768 2883 3104 2951 Παρμενίδης
3136 2880 3503 2945 διαδέξασθαι,
3546 2878 3899 2947 Παρμενίδην

2339 2977 2394 3028 δὲ
2417 2975 2697 3036 Μέλισσος,
2734 2974 2993 3026 Μέλισσον
3032 2976 3213 3040 Ζήνων
3258 2972 3287 3022 ὁ
3327 2970 3600 3039 Ἐλεάτης·
3643 2971 3701 3021 ὃν
3726 2986 3898 3036 φασιν

2342 3064 2625 3133 ἐπιϐουλὴν
2674 3063 2811 3115 κατὰ
2869 3063 2961 3114 τοῦ
3010 3064 3130 3113 τότε
3184 3060 3439 3130 τυράννου
3487 3060 3899 3129 συστησάμενον

2344 3156 2563 3217 ἁλῶναι,
2597 3153 3009 3223 στρεϐλούμενον
3038 3154 3091 3204 δὲ
3133 3153 3231 3205 ὑπὸ
3256 3151 3348 3203 τοῦ
3402 3151 3660 3220 τυράννου
3684 3189 3698 3213 ,
3741 3152 3898 3215 ὅπως

2346 3248 2465 3308 τοὺς
2496 3248 2589 3298 σὺν
2626 3244 2771 3312 αύτῷ
2812 3244 3125 3313 γενομένους
3161 3243 3355 3311 ἄνδρας
3400 3242 3807 3311 ἀπογράψηται,
3838 3243 3898 3294 οὐ

2346 3337 2767 3408 προσποιηθέντα
2808 3336 2902 3398 τὰς
2934 3335 3024 3387 τοῦ
3063 3334 3317 3404 τυράννου
3351 3335 3611 3403 τιμωρίας
3636 3374 3651 3397 ,
3699 3335 3901 3405 διαμα-

2349 3426 2650 3495 σησάμενω
2671 3425 2766 3493 τὴν
2786 3423 3029 3490 γλῶσσαν
3057 3420 3393 3491 προσπτύσαι
3417 3422 3581 3491 αὐτῷ,
3602 3421 3696 3473 καὶ
3720 3421 3905 3483 οὕτως

2347 3516 2816 3585 ἐγκαρτερήσαντα
2850 3516 2965 3574 ταῖς
2997 3512 3242 3581 βασάνοις
3267 3512 3570 3565 ἀποθανεῖν.
3605 3511 3812 3562 Τούτου
3848 3510 3905 3563 δᾶ

2347 3605 2655 3665 Λεύκιππος
2700 3603 2963 3671 ἀκουστὴς
2994 3603 3224 3669 γέγονε,
3260 3602 3569 3655 Λευκίππου
3616 3601 3672 3652 δὲ
3712 3601 3904 3669 Δημό·

2348 3712 2548 3765 κριτος,
2576 3690 2635 3749 οὗ
2672 3694 3063 3764 Πρωταγόρας,
3089 3693 3207 3746 καθ’
3238 3692 3294 3744 δν
3330 3694 3543 3762 ἤκμασε
3579 3691 3902 3760 Σωκράτης.

2352 3783 2457 3835 Καὶ
2491 3782 2675 3843 ἄλλους
2710 3783 2764 3833 δὲ
2802 3782 3069 3853 σποράδην
3106 3782 3250 3834 ἐστιν
3281 3781 3457 3849 εὑρεῖν
3505 3781 3762 3848 φυσικοὺς
3811 3796 3907 3847 φι-

2350 3874 2600 3940 λοσόφους
2654 3872 2757 3941 πρὸ
2807 3873 3122 3944 Σωκράτους
3168 3852 3519 3940 γενομένους’
3564 3870 3699 3941 πλὴν
3759 3869 3910 3923 ἀλλὰ

2351 3964 2565 4025 πάντες,
2597 3964 2699 4014 ἀπὸ
2724 3963 2893 4015 Θαλοῦ
2929 3962 3236 4033 ἀρξάμενοι,
3260 3962 3561 4033 κατώτερον
3588 3961 3769 4032 Κύρου
3803 3960 3907 4013 τοῦ

2351 4052 2569 4122 Περσῶν
2601 4052 2855 4119 βασιλέως
2884 4053 3155 4120 φαίνονται
3184 4052 3506 4121 ήκμακότες.
3541 4051 3600 4102 '0
3636 4051 3690 4103 δὲ
3713 4049 3907 4121 Κῦρος

2358 4145 2490 4213 μετά
2522 4146 2765 4197 πλεῖστον
2799 4148 2898 4215 τῆς
2942 4146 3020 4207 είς
3062 4144 3351 4197 Βαϐυλῶνα
3388 4143 3756 4213 αἰχμαλωσίας
3805 4142 3908 4197 τοῦ

2366 4233 2627 4285 Ἰουδαίων
2670 4233 2850 4293 ἔθνους
2876 4234 3029 4301 δῆλός
3057 4236 3169 4286 ὲστι
3196 4232 3450 4302 γεγονὼς,
3490 4233 3906 4285 διαλελοιπότων

2355 4324 2449 4393 ήδη
2498 4323 2603 4374 τῶν
2638 4324 2769 4392 ’παρ’
2806 4323 3070 4393 Ἑϐραίοις
3123 4322 3409 4393 προφητῶν
3430 4361 3446 4384 ,
3500 4324 3590 4375 καὶ
3621 4322 3717 4391 τῆς
3747 4324 3905 4393 ἱερᾶς

2362 4413 2732 4483 μητροπόλεως
2760 4414 2933 4465 αὐτῶν
2967 4412 3462 4481 πεπολιορκημένης
3480 4429 3491 4441 ·
3520 4412 3655 4465 ὥστε
3686 4429 3743 4464 σε
3771 4412 3905 4481 by».

722 4500 1029 4559 Melissum,
1078 4499 1287 4553 Mclisso
1346 4500 1613 4552 Zenonem
1660 4499 1893 4552 Eleatem
1932 4502 2243 4556 successisse

2359 4502 2532 4570 λογεῖν
2565 4503 2694 4553 πολὺ
2734 4502 2968 4571 νεώτερα
3024 4502 3263 4565 Μωσέως
3300 4502 3392 4554 καὶ
3432 4500 3540 4555 τῶν
3578 4490 3695 4571 μετ’
3738 4501 3904 4554 αὑτὸν

724 4594 922 4645 ferunt.
962 4590 1036 4642 De
1065 4605 1169 4657 quo
1208 4589 1420 4643 Zenone
1464 4590 1594 4642 illud
1628 4589 1786 4641 etiam
1832 4599 2104 4653 narratur,
2133 4605 2253 4642 cum

725 4685 770 4736 is
807 4680 1197 4749 conjurationis
1233 4681 1487 4733 adversus
1522 4688 1813 4747 tyrannum
1857 4678 1973 4745 ejus
2003 4679 2258 4746 temporis

727 4773 869 4824 initae
917 4774 1166 4839 princeps
1219 4778 1509 4836 auctorque
1560 4769 1926 4837 deprehensus
1976 4776 2152 4829 esset,
2194 4768 2259 4819 ab

727 4878 897 4929 eoque
942 4864 1017 4915 uti
1065 4861 1275 4915 consilii
1324 4860 1502 4912 socios
1549 4861 1830 4922 indicaret,
1888 4867 2258 4926 torqueretur,

729 4954 939 5023 tyranni
988 4952 1263 5019 suppliciis
1318 4960 1569 5016 tanquam
1625 4952 1803 5003 minus
1839 4949 1904 5001 ad
1944 4963 2061 5001 sese
2107 4949 2263 5014 perti-

732 5044 980 5095 nentibus
1038 5044 1257 5094 omnino
1297 5039 1648 5107 contemptis,
1700 5054 2053 5107 praamansam
2094 5038 2264 5090 denti-

733 5134 833 5186 bus
878 5132 1113 5199 linguam
1169 5134 1221 5183 in
1258 5146 1379 5182 eum
1432 5131 1729 5195 exspuisse,
1762 5139 1921 5197 atque
1970 5129 2038 5179 ita
2076 5128 2264 5179 mediis

735 5227 787 5277 iu
820 5223 1152 5276 cruciatibus
1193 5222 1690 5274 constantissimum
1741 5220 1955 5274 obiisse.
2012 5218 2263 5287 Ejusdem

735 5312 945 5364 auditor
976 5309 1275 5376 Leucippus
1316 5308 1445 5373 fuit,
1492 5306 1743 5373 Leucippi
1782 5305 2133 5371 Democritus,
2168 5306 2265 5359 De-

738 5402 949 5454 mocriti
1005 5399 1363 5465 Protagoras,
1430 5399 1582 5465 cujus
1642 5404 1794 5449 aetate
1857 5394 2102 5450 Socrates
2165 5395 2265 5449 ﬂo-

740 5492 865 5545 ruit.
903 5491 981 5553 ,υι
1033 5492 1177 5543 enim
1239 5498 1361 5542 ante
1428 5490 1698 5543 Socratem
1743 5488 1993 5555 physicos
2037 5489 2268 5556 sparsim

743 5578 1028 5632 nonnullos
1091 5576 1357 5645 reperias,
1413 5590 1598 5629 omnes
1653 5587 1829 5629 tamen
1875 5589 1995 5628 cum
2056 5577 2267 5631 initium

815 5678 839 5705 ι
875 5682 973 5717 τηε.
1010 5667 1285 5736 διήνεγκεν

814 5774 944 5844 (20‘)
991 5773 1264 5829 Ἐαυτῶν.
1294 5772 1433 5841 Lege
1470 5772 1672 5827 ἑαυτὸν.
1702 5772 1857 5829 Enn.

2361 4592 2647 4661 προφητῶν
2690 4591 2757 4643 τὰ
2799 4592 2897 4659 τῆς
2942 4591 3201 4660 Ἐλλήνων
3250 4591 3523 4658 γεγονέναι
3566 4590 3900 4659 φιλοσοφίας,

2362 4683 2453 4732 καὶ
2484 4682 2711 4748 μάλιστα
2748 4681 2844 4749 τῆς
2889 4683 3025 4732 κατὰ
3063 4682 3319 4734 Πλάτωνα
3342 4722 3357 4746 ,
3397 4682 3454 4743 δς
3476 4723 3492 4747 ,
3536 4681 3805 4750 ἀκουστὴς
3836 4682 3903 4733 τά

2364 4772 2551 4841 πρῶτα
2577 4772 2859 4839 γενόμενος
2886 4771 3218 4840 Σωκράτους,
3256 4772 3485 4824 κᾶπειτα
3514 4772 3623 4831 τοῖς
3659 4769 3904 4837 Πυθαγο-

2368 4862 2526 4930 ρείοις
2550 4860 2825 4929 ὁμιλήσας,
2853 4861 2972 4921 τοὺς
3000 4861 3102 4929 πρὸ
3134 4861 3295 4913 αὑτοῦ
3321 4861 3522 4923 πάντας
3552 4860 3692 4930 λόγῳ
3717 4878 3775 4925 τε
3810 4864 3904 4916 καὶ

2369 4951 2591 5009 συνέσει,
2632 4951 2721 5001 καὶ
2759 4953 2867 5012 τοῖς
2904 4951 2958 5001 ὲν
2997 4950 3277 5019 φιλοσοφίᾳ
3304 4949 3558 5018 δόγμασιν
3608 4952 3903 5022 ὑπερηκόν-

2366 5053 2498 5087 τισε.
2530 5035 2719 5103 Γέγονε
2748 5036 2787 5087 δ’
2816 5038 2843 5086 ὁ
2872 5036 3093 5088 Πλάτων
3130 5036 3279 5104 ἀμφὶ
3300 5036 3369 5088 τά
3400 5034 3600 5090 ὕστατα
3634 5039 3729 5107 τῆς
3765 5039 3901 5109 Περ-

2370 5128 2473 5179 σῶν
2501 5127 2789 5197 βασιλείας,
2816 5126 2991 5197 μικρῷ
3023 5112 3209 5179 θᾶττον
3251 5125 3587 5199 Ἀλεξάνδρου
3608 5129 3699 5180 τοῦ
3723 5128 3901 5181 Μακε-

2367 5218 2533 5280 δόνος,
2557 5216 2856 5283 Αὐγούστου
2882 5217 2938 5268 δὲ
2959 5214 3050 5268 τοῦ
3076 5214 3337 5268 Σεϐαστοῦ
3368 5217 3428 5269 οὑ
3462 5216 3692 5286 πρόσθεν
3713 5216 3803 5285 ἐτη
3834 5225 3895 5269 ν’.

2370 5310 2429 5359 El
2470 5308 2532 5377 δή
2578 5324 2656 5359 σοι
2697 5307 2975 5379 τοιγαροῦν
3024 5308 3053 5358 ὁ
3105 5306 3343 5373 Πλάτων,
3396 5308 3449 5359 οἴ
3478 5324 3538 5359 τε
3590 5309 3703 5376 μετ’
3746 5308 3899 5359 αὑτὸν

2370 5398 2618 5466 δειχθεῖεν
2660 5398 2725 5450 τά
2774 5398 3033 5467 σύμφωνα
3089 5396 3349 5467 Ἑϐραίοις
3385 5398 3896 5467 πεφιλοσοφηκότες.

2371 5485 2485 5555 ὥρα
2513 5489 2727 5539 σκοπεῖν
2748 5487 2837 5539 τὸν
2860 5485 3188 5555 χρόνονααθ’
3211 5485 3268 5539 ὃν
3294 5480 3443 5549 οὗτος
3469 5486 3684 5555 γέγονε·
3718 5486 3820 5539 τῶν
3848 5488 3899 5537 ὁὶ

2374 5565 2803 5646 παρ”Ἐϐραίοις
2830 5564 3087 5646 θεολόγων
3118 5594 3176 5641 τε
3212 5578 3629 5653 καὶπροφητῶν
3664 5578 3759 5654 τὴν
3806 5594 3899 5633 πα·
