4038 6330
129 470 239 531 μβ
1317 456 1724 513 rnaman.s

1742 454 1927 512 VANG.
1982 454 2106 509 LIB.
2147 450 2239 509 XI.
3235 454 3337 511 su

651 578 1043 636 ΚΕΦΑΛΑῙΟΝ
1079 579 1157 630 Δν.
1708 580 1757 637 Α

1708 580 1757 637 Α
2406 567 2708 624 CAPUTI.
3063 636 3065 639 τ

131 697 236 767 Ὠς
256 699 294 766 ἠ
318 696 467 776 παι-ἀ
485 693 771 749 Πλάτωνα
798 691 1127 761 φιλοσοφία
1140 688 1214 758 τῇ
1235 690 1361 776 καθ’
1392 687 1688 754 Ἐϐραίους

282 769 351 804 ὸν
370 784 496 804 φηη-
516 761 1003 804 ἠνηφνηιητιίτηιρ
1023 761 1531 804 ἐπηκολουθησεν-

1787 682 2030 736 Platonis
2059 679 2461 749 philosophiam,
2500 682 2557 733 in
2585 682 2653 734 iis
2734 696 2813 733 tur
2846 683 3080 735 omnium
3108 683 3326 738 mas-im

1858 752 2150 804 necessaria
2173 761 2314 804 sunt.
2340 767 2462 803 cum
2485 751 2583 803 illa
2618 697 2955 804 [legatorum
2978 755 3265 804 conuenire.

279 749 496 832 δίτοῖς
516 749 1003 833 ἀναγκαιοτάτοις
1020 749 1531 826 ἓπηκὸλούθησεὶν.
1668 749 1675 750 ί
1858 768 1874 804 ι

1669 749 1675 750 ⁷
1858 752 2150 805 necessaria
2173 761 2314 815 sunt,
2340 767 2462 803 cum
2485 751 2583 803 illa
2618 749 2955 804 Hebraeorum
2978 755 3264 807 conuenire.

198 879 296 941 Είς
329 876 458 948 τρία
478 873 739 936 διελόντος
772 870 913 943 μέρη
947 870 1042 922 τοῦ
1070 868 1352 931 Πλάτωνος
1382 868 1475 921 τὸν
1512 866 1690 920 πάντα

1857 865 1935 919 Ac
1963 865 2199 935 primum
2223 864 2465 934 quidem,
2490 878 2620 918 cum
2656 874 2765 919 tres
2797 865 2851 918 in
2889 875 3068 933 partes
3090 878 3127 919 'a
3156 865 3334 921 Plato-

127 972 228 1041 τῆς
260 966 573 1038 φιλοσοφίας
607 965 787 1033 λόγον,
819 964 899 1027 είς
925 961 1171 1031 φυσικὸν,
1202 959 1409 1029 ἠθικὸν,
1439 958 1686 1026 λογικόν·

1788 971 1859 1012 ne
1888 956 2141 1011 universa
2183 955 2537 1025 philosophia:
2584 956 2725 1009 ratio
2757 956 3050 1022 dividatur,
3079 958 3133 1011 in
3184 968 3335 1014 natu-

128 1053 230 1109 εἶτ’
273 1051 340 1109 αὖ
387 1054 547 1107 πάλιν
578 1052 669 1105 ’ὢν
726 1050 952 1119 φυσικὸν
997 1047 1304 1119 διελομένου
1360 1046 1441 1110 εἰς
1486 1062 1545 1099 τε
1588 1045 1689 1115 τὴν

1789 1064 1928 1112 ram,
1977 1063 2183 1114 mores,
2228 1062 2294 1102 ac
2318 1046 2621 1103 disserendi
2660 1046 2808 1100 vim:
2844 1049 3034 1103 deinde
3070 1065 3195 1120 pars
3244 1050 3332 1105 illa

128 1148 242 1202 τῶν
295 1146 567 1217 αἰσθητῶν
620 1143 884 1216 θεωρίαν,
920 1143 1015 1197 καὶ
1060 1141 1158 1214 τὴν
1213 1140 1322 1193 τῶν
1385 1138 1690 1209 ἀσωμάτων

1789 1158 2002 1207 rursus,
2026 1157 2147 1211 qua:
2172 1141 2238 1195 de
2259 1150 2450 1195 natura
2470 1141 2729 1210 disputat,
2761 1142 2814 1195 in
2839 1156 3047 1206 eorum,
3067 1158 3187 1211 quae
3212 1157 3336 1196 sen—

129 1238 487 1309 κατανόησιν·
527 1234 706 1306 εὕροις
754 1233 822 1287 ἂν
858 1233 960 1286 καὶ
982 1234 1112 1303 ⁴παρ’
1161 1231 1426 1303 Ἑϐραίοις
1469 1230 1529 1282 τὸ
1569 1245 1689 1300 τρι-

1789 1233 1941 1289 sibus
1964 1241 2315 1303 usurpantur,
2340 1233 2713 1286 tractationem
2732 1240 2785 1286 et
2803 1242 3119 1287 naturarum
3138 1246 3335 1302 corpo-

133 1330 301 1401 μερὲς
359 1327 515 1382 τοῦτο
570 1326 670 1396 τῆς
722 1324 1066 1387 διδασκαλίας
1117 1317 1283 1385 εἶδος,
1342 1324 1423 1375 ὅτι
1481 1322 1544 1392 δὴ
1597 1321 1690 1375 καὶ

1849 1340 1869 1380 5
1904 1326 2206 1393 expertium
2242 1323 2650 1393 intelligentiam
2682 1324 2751 1377 ab
2781 1323 2968 1377 eodem
3021 1323 3332 1378 tribuatur:

128 1422 265 1491 παρ’
295 1420 474 1480 αὐτοῖς
509 1419 576 1471 τά
602 1417 781 1488 ὅμοια,
814 1414 1043 1488 πρόσθεν
1069 1414 1104 1483 ἢ
1143 1412 1399 1467 Πλάτωνα
1419 1411 1687 1480 γενέσθαι,

1790 1415 1930 1485 apud
1980 1413 2232 1469 Hebraeos
2280 1428 2496 1484 quoque
2535 1414 2864 1483 tripartitum
2910 1414 3037 1467 illud
3079 1415 3336 1469 doctrinae

131 1510 577 1580 πεφιλοσόφηται.
637 1507 859 1579 Πρῶτον
900 1505 957 1558 δὲ
978 1503 1087 1557 τῶν
1129 1503 1409 1565 Πλάτωνος
1462 1500 1689 1555 ἀκοῦσαι

1790 1520 1961 1575 genus
2004 1504 2284 1574 reperias,
2338 1504 2485 1574 quod
2545 1505 2798 1557 nimirum
2850 1513 3138 1573 antequam
3184 1504 3336 1558 Plato

129 1600 303 1667 ἀξιον,
332 1597 427 1653 εἶθ’
456 1599 598 1653 οὕτω
621 1599 715 1652 καὶ
747 1597 815 1651 τά
839 1595 1099 1666 Ἐϐραίων
1123 1594 1504 1663 ὲπισκοπῆσαι.
1532 1592 1691 1662 Θήσω

1790 1605 2126 1659 nasceretur,
2157 1593 2336 1649 alﬁnia
2374 1610 2599 1664 prorsus
2636 1608 2699 1648 ac
2730 1596 2948 1665 gemina
2989 1595 3333 1665 disputarint.

128 1691 186 1744 δὲ
239 1690 305 1745 τὰ
350 1690 644 1760 ἀρέσκοντα
682 1689 923 1741 Πλάτωνι
970 1688 1079 1741 ἀπὺ
1111 1686 1219 1739 τῶν
1248 1685 1319 1737 τά
1362 1683 1523 1738 αὐτοῦ
1557 1701 1690 1755 πρε-

1790 1687 1868 1741 Ac
1907 1686 2184 1741 Platonem
2214 1687 2431 1756 quidem
2479 1686 2653 1757 ipsum
2701 1688 2754 1740 in
2790 1687 2980 1755 primis
3031 1686 3334 1752 audiamus,

133 1781 453 1848 σῦευόντων,
478 1777 552 1835 ὧν
589 1780 850 1845 Ἄττικος,
878 1779 1136 1849 διαφανὴς
1166 1777 1302 1849 ἀνὴρ
1334 1776 1440 1830 τῶν
1475 1777 1691 1829 Πλατω-

1790 1777 1952 1849 509
2002 1786 2060 1832 ut
2107 1776 2367 1833 Hebraica
2421 1778 2673 1847 dogmata
2718 1780 3169 1848 contemplemur.
3224 1777 3334 1835 Nos

130 1871 299 1928 νικῶν
331 1870 769 1942 φιλοσόφων,ὧᾶ
798 1889 875 1943 πη
900 1869 967 1923 τὰ
995 1870 1249 1923 δοκοῦντα
1272 1868 1349 1937 τῷ
1380 1867 1532 1939 ἀνδρὶ
1558 1866 1691 1931 διέξ-
1723 1932 1725 1938 η

1740 1931 1762 1943 _
1793 1885 1921 1925 vero
1967 1868 2208 1923 Platonis
2229 1869 2330 1922 hoc
2354 1869 2408 1921 in
2438 1883 2631 1938 genere
2658 1870 2977 1923 sententiam
2996 1911 3011 1935 ,
3050 1885 3112 1923 ex
3146 1874 3335 1924 eorum

126 1980 291 2039 ¹ιισιν,
318 1930 375 2018 ὲν
405 1958 486 2027 οἷς
513 1930 725 2017 ίσταται
745 1930 879 2034 πρὸς
910 1963 1035 2027 τοὺς
1056 1962 1143 2015 sta
1162 1961 1268 2015 τῶν
1292 1930 1687 2031 ’Ᾰριστότέλους

1742 1932 1763 1985 ³
1790 1962 1885 2033 qui
1916 1962 2314 2017 studiosissime
2344 1960 2579 2015 hominis
2602 1959 2813 2015 decreta
2837 1959 3152 2025 defendunt,
3179 1976 3337 2016 erae.

129 2055 200 2109 τὰ
232 2054 510 2117 Πλάτωνος
532 2054 1012 2125 ὑπισχνουμένους.

1791 2069 1934 2109 mus.
1964 2053 2042 2107 Ex
2068 2054 2135 2109 iis
2158 2061 2337 2109 autem
2355 2052 2588 2115 Atticus,
2612 2052 2695 2106 vir
2719 2052 3028 2108 Platonicos
3051 2055 3190 2108 inter
3214 2056 3335 2125 phi-

131 2144 389 2216 losophos
441 2146 813 2209 clarissimus,
883 2146 1037 2199 hunc.
1074 2144 1128 2197 in
1160 2142 1379 2199 modum
1418 2149 1651 2196 mentem
1694 2142 1866 2213 ipsius
1912 2146 2324 2215 doctrinamque
2356 2144 2727 2215 prosequitur,
2778 2146 2870 2200 ubi
2916 2146 3178 2202 adversus
3220 2148 3341 2201 illos

131 2243 390 2313 disputat,
413 2242 510 2314 qui
531 2241 833 2300 Aristotelis
861 2241 1105 2298 doctrina
1137 2239 1375 2296 Platonis
1406 2253 1524 2294 sese
1555 2239 1953 2311 philosophiam
1976 2243 2112 2297 tueri
2142 2243 2484 2313 proﬁtentur.

664 2330 1053 2383 KEQAAAION
1084 2328 1159 2383 B'.

1129 2328 1159 2383 '.
2410 2332 2638 2387 CAPUT
2664 2331 2724 2387 ll.

138 2421 410 2477 Ἀττικοῦ
439 2421 578 2489 Περὶ
610 2419 717 2475 τοῦ
747 2421 1053 2490 τριμεροῦς
1082 2419 1187 2489 τῆς
1219 2424 1367 2477 κατὰ
1402 2417 1687 2473 Πλάτωνα

732 2492 1107 2560 φιλοσοφίας.

1640 2433 1687 2470 ἀ
1892 2422 1972 2477 De
1996 2424 2268 2493 tripartita
2293 2423 2534 2479 Platonis
2562 2424 2915 2495 philosophia,
2938 2440 3003 2478 ea:
3036 2426 3235 2479 Attico.

211 2621 236 2655 ι
267 2603 437 2675 Τριχῆ
464 2601 641 2655 τοίνυν
677 2601 1051 2672 διαιρουμένης
1081 2603 1178 2671 τῆς
1208 2602 1450 2667 ἐντελοῦς
1474 2604 1683 2674 φιλοσο-

1863 2619 1884 2653 ι
1920 2601 2055 2657 Cum
2074 2604 2259 2673 igitur,
2290 2604 2486 2674 inquit,
2520 2615 2628 2659 tres
2660 2605 2713 2659 in
2743 2614 2922 2674 partes
2939 2605 3143 2676 integra
3168 2603 3338 2673 perfe—

133 2690 284 2759 φίας,
317 2691 395 2752 είς
427 2706 487 2741 τε
526 2688 616 2741 τὸν
648 2688 834 2759 ἠθικὸν
862 2689 1187 2760 καλούμενον
1210 2693 1554 2761 τρόπον,’κα“ι
1592 2695 1683 2747 τὸν

1786 2697 1978 2761 ctaque
2024 2693 2360 2762 philosophia
2410 2695 2695 2762 dividatur,
2748 2696 2850 2749 hoc
2890 2703 2973 2749 est
3002 2694 3064 2747 in
3106 2709 3339 2761 morum,

133 2779 382 2848 φυσικὸν,
409 2780 500 2833 καὶ
543 2779 622 2833 ἔτι
663 2780 755 2833 τὸν
802 2780 1044 2849 λογικόνο
1079 2783 1171 2835 καὶ
1209 2783 1300 2836 τοῦ
1328 2786 1428 2854 μὲν
1469 2774 1682 2858 πρώτου

1787 2792 2017 2850 naturae,
2061 2785 2467 2855 disserendique
2495 2786 2831 2851 doctrinam;
2873 2801 3103 2855 quarum
3160 2785 3334 2854 prima

131 2870 631 2934 κατασκευάζοντος
682 2870 836 2942 mqu
866 2871 1091 2924 ἕκαστον
1134 2872 1295 2927 καλὸν
1337 2876 1429 2927 καὶ
1461 2876 1683 2944 ἀγαθὸν,

1789 2875 1880 2929 illa
1905 2890 2013 2929 non
2046 2876 2289 2945 singulos
2328 2876 2490 2930 modo
2523 2885 2764 2930 nostrum
2816 2876 2988 2929 bonos
3039 2889 3102 2928 ac
3138 2876 3337 2943 probos

132 2958 233 3013 καὶ
259 2961 383 3024 τοὺς
416 2960 595 3025 οἴκους
621 2961 773 3025 ὅλους
802 2962 881 3024 είς
905 2961 967 3014 τὸ
999 2963 1214 3035 ἄριστον
1245 2966 1684 3037 ὲπανορθοῦντος,

1790 2966 2003 3032 alliciat,
2028 2982 2214 3021 verum
2245 2968 2408 3022 etiam
2456 2965 2688 3020 familias
2738 2966 2972 3035 integras
2996 2965 3060 3019 ad
3096 2964 3336 3020 castissi-

130 3052 239 3121 ήδη
264 3051 321 3104 δὲ
353 3054 445 3106 καὶ
462 3053 632 3124 δῆμον
658 3054 942 3124 σύμπαντα
977 3055 1217 3129 πολιτείᾳ
1246 3061 1310 3129 τῇ
1336 3060 1683 3135 διαφερούσῃ,

1790 3073 1931 3112 mam
1956 3058 2075 3113 vita:
2097 3058 2353 3112 rationem
2383 3057 2653 3115 informet.
2672 3057 2911 3124 adeoque
2937 3056 3191 3125 populum
3218 3056 3335 3108 uui-

131 3143 233 3196 καὶ
267 3143 450 3213 νόμοις
478 3148 589 3208 τοῖς
617 3145 1023 3216 ἀκριϐεστάτοις
1050 3149 1403 3220 κοσμοῦντοςο
1434 3150 1528 3209 τοῦ
1563 3152 1685 3206 δευ-

1788 3162 2003 3203 versum
2035 3148 2317 3203 excellenti
2350 3148 2579 3217 quodam
2610 3146 2915 3217 rcipuhlicae
2938 3161 3151 3215 genere,
3182 3155 3235 3200 et
3256 3160 3340 3199 ao-

130 3230 293 3305 τέρου
316 3234 373 3287 δὲ
399 3235 532 3306 πρὸς
559 3235 806 3313 τὴνιπερὶ
833 3236 939 3291 τῶν
981 3237 1139 3291 θείων
1178 3240 1376 3307 γνῶσιν
1396 3242 1689 3313 διήκοντος,
1715 3252 1725 3297 l

1740 3245 1759 3303 ι
1790 3238 2150 3292 curatissimis
2168 3238 2375 3308 legibus
2401 3238 2678 3303 instituat;
2714 3238 2963 3292 ‘secunda
2991 3252 3117 3292 vero
3155 3238 3220 3292 ad
3248 3253 3335 3292 re-

128 3324 314 3378 αὐτῶν
366 3342 425 3378 τε
471 3325 577 3379 τῶν
633 3326 880 3397 πράηων,
926 3330 1020 3381 καὶ
1062 3329 1169 3383 τῶν
1208 3331 1415 3396 αἰτίων,
1447 3332 1541 3385 καὶ
1586 3334 1693 3387 τῶν

1793 3340 1916 3379 rum
1943 3326 2249 3381 divinarum
2278 3327 2643 3396 cognitionem
2672 3326 2742 3379 ita
2765 3325 3046 3395 pertineat,
3066 3324 3142 3379 uti
3174 3326 3335 3381 simul

129 3416 328 3481 ἄλλων,
355 3417 453 3469 ὃσα
504 3418 567 3468 ὲκ
612 3416 811 3470 τούτων
856 3419 1081 3486 γίνεται,
1132 3420 1168 3474 ἃ
1212 3420 1277 3491 δὴ
1309 3423 1435 3495 περὶ
1482 3424 1693 3493 φύσεως

1793 3425 1847 3469 ει
1874 3414 2146 3485 principes
2164 3416 2284 3471 illas
2316 3430 2618 3485 causasque
2650 3426 2989 3480 caeterarum,
3015 3431 3241 3486 quaeque
3267 3431 3332 3472 ex

132 3507 377 3580 ἱστορίαν
406 3508 434 3559 ό
470 3506 689 3561 Πλάτων
729 3508 1009 3588 ὠνόμακεν
1016 3514 1047 3597 lt
1072 3513 1150 3574 είς
1177 3512 1234 3565 δὲ
1260 3512 1359 3583 τήν
1404 3516 1531 3587 περὶ
1571 3517 1692 3570 τού..

1792 3507 1899 3561 illis
1926 3506 2078 3571 liunt,
2108 3506 2343 3576 reliquas
2373 3512 2563 3560 omnes
2613 3508 3023 3575 contempletur,
3056 3521 3217 3577 quam
3243 3523 3335 3560 na-

127 3613 244 3652 των
270 3597 589 3669 ἀμφοτέρων
638 3599 903 3670 διάκρισιν
931 3593 1111 3655 “rs/atat
1151 3601 1364 3672 εὕρεσιν
1392 3604 1483 3659 τοῦ
1511 3606 1691 3676 τρίτου

1791 3602 1927 3650 tura
1975 3594 2253 3649 historiam
2298 3593 2453 3651 Plato
2497 3595 2865 3664 nuncupavit;
2899 3596 3052 3649 tertia
3104 3596 3336 3665 denique

131 3688 723 3759 τοαραλαμὸανομένουο
776 3692 856 3744 ὅτι
912 3692 1008 3769 μὲν
1050 3693 1269 3747 Πλάτων
1320 3696 1554 3766 πρῶτος,
1602 3700 1693 3753 καὶ

1792 3688 1859 3743 ad
1886 3688 2169 3749 certiorem
2198 3687 2493 3757 superioris
2520 3689 2803 3755 utriusque
2852 3687 3242 3742 discussionem
3284 3697 3337 3767 et

133 3778 376 3849 μάλιστα
412 3780 731 3847 συναγείρας
761 3783 839 3844 εἰς
871 3780 929 3835 ἓν
957 3783 1133 3837 πάντα
1165 3784 1232 3837 τά
1256 3784 1353 3855 τῆς
1382 3785 1692 3856 φιλοσοφίας

1793 3778 2151 3834 inventionem
2198 3788 2545 3835 assumatur:
2603 3776 2878 3833 Plutonem
2910 3780 3202 3845 exstitisse,
3243 3781 3335 3850 qui

133 3875 302 3945 μέρη,
328 3874 462 3938 τέως
490 3876 856 3947 ἐσκεδασμένα
890 3878 981 3930 καὶ
1008 3878 1381 3950 διερριμμένα,
1415 3882 1602 3953 ὥσπερ
1626 3883 1693 3936 τὰ

1791 3877 1973 3938 partes
2018 3868 2139 3924 illas
2183 3883 2374 3924 omnes
2416 3869 2770 3939 philosophiae
2802 3871 3089 3941 dissipatas
3113 3882 3335 3929 eatenus

130 3966 231 4019 τοῦ
270 3966 512 4030 Πενθέως
548 3967 701 4037 μέλη,
730 3967 975 4040 καθάπερ
1005 3965 1121 4022 εἶπέ
1148 3987 1248 4033 τις,
1284 3971 1477 4041 σῶμάι
1506 3989 1564 4025 τε
1599 3974 1691 4025 καὶ

1790 3969 1955 4028 atque
2010 3959 2283 4028 disjectas,
2316 3959 2396 4014 sic
2425 3969 2679 4029 tanquam
2710 3959 2930 4015 Penthei
2962 3963 3197 4017 membra
3220 4002 3236 4027 ,
3277 3972 3336 4017 ut

131 4057 273 4122 ζῶον
293 4058 578 4130 ὁλόκληρον
610 4060 850 4132 ἀπέφηνε
888 4062 985 4131 τὴν
1008 4060 1339 4131 φιλοσοφίαν,
1365 4062 1499 4132 δῆλα
1532 4064 1689 4115 παντὶ

1789 4063 2059 4103 nonnemo
2087 4049 2241 4113 dixit,
2272 4049 2481 4117 primus
2506 4050 2646 4103 idem
2705 4052 3044 4119 maximeque
3102 4052 3333 4121 comple-

129 4147 419 4218 λεγόμενα.
444 4149 577 4202 Οὔτε
606 4150 713 4222 γὰρ
741 4154 788 4204 οί
820 4153 944 4221 περὶ
964 4151 1163 4220 Θαλῆν,
1190 4150 1280 4203 καὶ⁵
1317 4151 1686 4221 Ἀναξιμένην,

1788 4154 1911 4204 xus,
1950 4138 2340 4208 philosophiam
2371 4141 2425 4193 in
2462 4143 2621 4195 unius
2650 4141 2927 4209 cujusdam
2957 4143 3217 4211 corporis,
3248 4152 3335 4199 οια-

130 4242 234 4295 καὶ
270 4241 649 4312 Ἀναξαγόραν,
695 4242 788 4295 καὶ
836 4243 947 4294 ὅσοι
995 4240 1136 4294 κατὰ
1190 4240 1382 4295 ταυτὸν
1437 4241 1688 4309 γεγόνασι

1787 4245 1897 4299 que
1946 4231 2136 4302 integri
2163 4232 2454 4287 animantis
2496 4232 2731 4301 speciem
2756 4232 3068 4289 conﬂaverit
3087 4273 3101 4299 ,
3127 4236 3195 4289 ab
3216 4252 3334 4290 om-

130 4331 363 4397 τούτοις,
394 4331 707 4399 ἀγνοοῦνται
736 4330 860 4401 περὶ
889 4332 1050 4401 μόνην
1082 4332 1178 4401 τὴν
1205 4332 1342 4403 ὑπὲρ
1360 4331 1459 4400 τῆς
1478 4331 1688 4400 φύσεως

1788 4322 1948 4379 nibus
2002 4323 2284 4392 praedicari
2338 4333 2574 4379 constat.
2630 4322 2841 4379 Nemini
2870 4327 3065 4397 quippe
3107 4328 3330 4382 dubium

127 4423 249 4477 τῶν
280 4421 445 4475 ὄντων
482 4422 670 4492 σκέψιν
718 4421 1089 4493 διατρίψαντες
1108 4438 1120 4449 ·
1155 4421 1216 4473 οὐ
1262 4421 1367 4491 μὴν
1397 4420 1540 4493 οὐδὲ.
1562 4420 1688 4472 Πιτ-

1786 4422 1871 4468 est
1922 4414 2053 4485 quin
2106 4412 2323 4480 Thales,
2392 4416 2786 4481 Anaximenes,
2834 4417 3225 4487 Anaxagoras,
3279 4427 3332 4473 et

127 4512 320 4577 τακὺς,
367 4513 459 4565 καὶ
491 4511 833 4582 Περίανδρος,
863 4511 956 4563 καὶ
996 4510 1193 4577 Σόλων,
1218 4510 1311 4564 καὶ
1356 4508 1684 4582 Λυκοῦργος,

1788 4512 2056 4574 quotquot
2088 4516 2341 4575 praeterea
2373 4506 2474 4561 sub
2506 4505 2647 4560 idem
2670 4506 2848 4561 vixere
2874 4514 3102 4579 tempus,
3138 4510 3190 4560 in
3216 4509 3330 4562 sola

128 4603 234 4658 καὶ
268 4604 316 4654 οἱ
358 4600 724 4673 παραπλήσιοι
760 4599 987 4664 τούτοις,
1036 4599 1354 4654 λανθάνουσί
1399 4618 1548 4663 τινας
1590 4600 1723 4671 τὴνῖ

1738 4606 1763 4658 )
1792 4594 1991 4650 fuerint
2040 4604 2246 4651 natura:
2282 4611 2463 4651 rerum
2504 4595 2929 4650 consideratione
2971 4596 3191 4650 versati.
3220 4594 3333 4650 Pit—

112 4694 316 4747 αὐτῶν
358 4691 665 4761 φιλοσοφίαν
703 4693 781 4763 είς
813 4691 1079 4745 πολιτείαν
1116 4691 1434 4753 καταθέντες
1456 4709 1467 4720 ·
1504 4691 1687 4761 Ζήνων

1788 4692 1942 4742 tacus
1972 4695 2176 4752 autem,
2195 4686 2505 4751 Periander,
2530 4685 2714 4747 Solon,
2741 4683 3037 4755 Lycurgus,
3063 4701 3125 4741 ac
3154 4687 3330 4743 caeteri

127 4785 214 4847 δὲ,
247 4784 341 4837 καὶ
368 4786 472 4837 πᾶν
507 4784 568 4835 τὸ
611 4783 909 4843 Ἐλεατικὸν
958 4783 1113 4835 τοῦτο
1165 4782 1546 4843 διδασκαλεῖον,
1594 4781 1687 4835 καὶ

1786 4776 1842 4832 id
1866 4791 2055 4847 genus,
2081 4792 2234 4832 suam
2273 4793 2488 4832 omnem
2514 4778 2905 4847 philosOphiam
2945 4778 2997 4831 in
3026 4778 3331 4846 reipublicae

131 4879 270 4931 αὐτὸ
292 4876 561 4947 γνώριμον
583 4878 673 4929 ἐπὶ
694 4880 757 4947 τῇ
782 4877 942 4949 τέχνῃ
955 4877 1061 4929 τῶν
1080 4876 1247 4944 λόγων
1266 4877 1495 4947 μάλιστα
1522 4894 1685 4930 σπουο

1787 4882 1975 4923 curam
2017 4882 2081 4923 ac
2118 4868 2354 4923 studium
2389 4877 2569 4952 aperte
2598 4868 2963 4924 contulerunt.
2993 4868 3139 4937 Zeno
3174 4870 3327 4925 deni-

128 4968 323 5021 δάσαν.
359 4966 575 5027 Τούτοις
618 4966 675 5018 δὲ
726 4968 1100 5036 ἐπιγενόμενος
1151 4966 1392 5030 Πλάτων,
1438 4967 1576 5039 ἀνὴρ
1622 4968 1686 5019 ὲκ

1788 4976 1895 5030 que
1945 4968 1999 5015 et
2060 4958 2151 5013 illa
2201 4959 2379 5013 omnis
2430 4956 2673 5015 Eleatica
2735 4962 2941 5021 schola.
2989 4962 3119 5030 quin
3157 4961 3327 5029 potis-

129 5056 351 5125 φύσεως
377 5054 673 5126 ἀρτιτελὴς,
694 5056 784 5108 καὶ
817 5054 945 5107 πολὺ
970 5055 1272 5123 διενεγκὼν,
1288 5050 1373 5109 οἷα
1404 5058 1684 5128 κατάπεμ-

1787 5051 1988 5107 simum
2062 5050 2117 5105 in
2161 5049 2458 5107 disserendi
2524 5062 2693 5107 artem
2752 5052 3099 5118 incubuerit,
3170 5066 3330 5106 nemo

126 5158 287 5202 πτης,
315 5141 389 5201 ὡς
416 5140 644 5210 ἀληθῶς,
668 5144 731 5194 ὲκ
778 5140 933 5204 θεῶν,
973 5142 1037 5193 ἵν’
1061 5141 1346 5212 ὁλόκληρος
1380 5143 1516 5214 ὀφθῇ
1555 5145 1588 5215 ἡ
1620 5145 1687 5197 δι’

1785 5144 1947 5199 etiam
1974 5151 2074 5209 est,
2102 5142 2196 5212 qui
2240 5143 2465 5198 nesciat.
2495 5144 2563 5197 At
2607 5158 2736 5198 vero
2771 5144 2855 5197 his
2885 5142 3137 5197 omnibus
3178 5141 3330 5197 Plato

127 5228 301 5285 αὑτοῦ
335 5228 444 5298 (21)
488 5230 786 5297 φιλοσοφία,
823 5232 1032 5304 παρῆκέ
1066 5249 1123 5284 τε
1156 5232 1327 5295 οὐδὲν,
1361 5234 1455 5286 καὶ
1481 5236 1685 5289 ἕκαστα

1787 5234 2105 5300 succedens,
2137 5236 2223 5289 vir
2252 5250 2283 5289 a
2309 5245 2501 5290 natura
2534 5233 2694 5305 510
2718 5234 2965 5304 partibus
2989 5235 3245 5289 omnibus
3263 5249 3330 5289 ac

125 5321 429 5391 ἠκρίϐωσε,
446 5322 513 5391 μή
521 5338 576 5372 τε
592 5321 848 5375 ἐλλείπων
865 5324 1067 5392 πρὸςτὸ
1078 5324 1384 5389 ἀναγκαῖον,
1404 5325 1536 5392 μήτε
1553 5326 1687 5395 πρὸς

1788 5323 2029 5379 numeris
2050 5324 2347 5391 absolutus,
2372 5326 2633 5395 longeque
2660 5324 2866 5378 ceteris
2883 5325 3225 5390 antecellens,
3243 5333 3330 5379 ut-

123 5413 194 5465 τὸ
218 5412 483 5482 ἄχρηστον
510 5412 817 5482 ὲξενεχθείς.
859 5414 1006 5465 Ἐπεὶ
1038 5412 1212 5466 τοίνυν
1244 5414 1456 5467 πάντων
1481 5413 1687 5484 ἔφαμεν

1785 5424 1911 5487 pote
1943 5418 2163 5472 deorum
2216 5419 2373 5489 plane
2418 5431 2641 5472 munere
2673 5416 2923 5487 donoque
2962 5417 3181 5479 missus,
3233 5430 3329 5484 per

132 5506 378 5572 μετεῖναι
400 5503 474 5573 τῷ
501 5504 842 5575 Πλατωνικῷ,
872 5506 963 5558 καὶ
994 5505 1411 5575 φυσιολογοῦντι,
1437 5506 1529 5560 καὶ
1561 5510 1687 5579 περὶ

1786 5523 1945 5579 quem
1983 5508 2186 5580 integra
2216 5509 2429 5564 tandem
2468 5508 2755 5580 aliquando
2784 5502 3121 5578 philosophia
3143 5519 3330 5560 cerne-

126 5590 284 5661 ὴθῶν
319 5592 542 5660 λέγοντι,
568 5595 660 5648 καὶ
693 5594 1069 5666 διαλεγομένῳ,
1097 5595 1247 5666 φέρε,
1286 5595 1407 5649 καθ’
1461 5596 1689 5652 ἕκαστον

1785 5608 1955 5665 retur,
1986 5605 2040 5653 et
2060 5598 2320 5669 prateriit
2346 5598 2566 5653 omnino
2596 5598 2749 5656 nihil.
2772 5607 2826 5652 et
2848 5594 3056 5664 singula
3070 5608 3237 5649 suam
3260 5594 3328 5650 ad

128 5683 573 5752 ἑπισκειμῦμεθα.
617 5707 635 5739 ι
661 5686 841 5739 Ταῦτα
875 5688 970 5758 μὲν
994 5688 1023 5740 ό
1064 5686 1323 5751 ’Δττικός.
1353 5688 1689 5775 Ἐπιμαρτυη

1785 5691 2145 5750 maturitatem
2178 5690 2250 5746 ita
2274 5688 2547 5769 perduxit,
2573 5706 2633 5746 ut
2653 5703 2826 5765 neque
2855 5687 3142 5744 necessarii
3177 5684 3334 5759 quid-

208 5805 235 5833 ι
266 5794 348 5847 Ia.
386 5812 457 5849 τι.

208 5905 322 5979 (ﬁt)
358 5906 419 5963 Ἠ
452 5906 526 5962 δι’
543 5906 756 5966 αὐτοῦ.
780 5874 961 5967 Ποιίω
987 5910 1177 5967 abesse
1201 5910 1489 5969 articulum
1516 5912 1575 5981 ὴ.
