3994 6340
787 444 888 506 8η
1430 448 1688 505 EUSEBll
1723 442 2188 504 CESARIENSIS
2224 440 2371 499 OPP.
2412 442 2593 498 PARS
2630 442 2694 498 ll.
2735 474 2801 484 —
2840 440 3329 501 APOLOCETICA.
3873 448 3951 500 858

790 580 951 635 quam
982 563 1295 626 desiderari,
1326 577 1500 640 neque
1527 561 1697 631 abripi
1723 576 1841 615 sese
1866 560 1931 614 ad
1965 560 2144 614 inania
2171 570 2320 629 pate-

2422 562 2505 628 ρεῖ
2526 560 2582 611 δὲ
2611 562 2723 622 τοῖς
2746 560 2925 623 αὐτοῖς
2968 560 3059 613 καὶ
3090 562 3119 613 ὁ
3147 561 3575 633 Περιπατητικὸς
3599 563 3949 633 Ἀριστοκλῆς.

785 670 947 711 retur.
979 657 1241 723 Quoniam
1259 655 1419 723 igitur
1440 652 1698 706 Platonici
1718 652 2019 722 philosophi
2044 650 2317 720 propriam

2424 654 2480 703 ἐν
2504 648 3215 722 ὲὸδόμῳ’συγγράμματι,ὦν
3232 655 3365 721 Περὶ
3394 655 3796 724 φυσιολογίας
3830 655 3951 706 συνέ-

784 745 922 801 hanc
950 748 1110 800 trium
1140 745 1352 799 illorum
1369 743 1801 813 conjunctionem
1826 757 1946 797 csse
1960 740 2320 805 defendimus,

2421 741 2597 806 ταξεν,
2639 736 2740 797 ὦδε
2770 743 2941 810 λέγων
2979 743 3113 814 πρὸς
3144 744 3314 815 ῥῆμα.

753 838 859 900 ,uti
884 837 949 891 de
976 852 1157 891 rerum
1186 843 1376 889 natura
1401 834 1654 902 disputet,
1687 834 1757 887 de
1809 848 2019 887 morum
2082 831 2508 888 conformatione
2541 842 2751 893 tractet.
2777 849 2840 888 ac
2870 834 3028 890 simul
3079 837 3135 890 in
3174 836 3474 895 disserendi
3506 835 3768 892 facultate
3798 851 3954 889 versa-

785 944 873 987 tus
896 933 1142 1000 sit,.age,
1178 929 1500 999 singulaper
1530 943 1649 983 sese
1696 928 1995 984 videamus.
2052 946 2071 978 ι
2101 925 2225 982 Haec
2285 927 2514 982 Atticus.
2566 929 2645 983 Ad
2695 944 2813 999 quae
2878 929 3164 986 Aristoclis
3219 930 3557 1002 Peripatetici
3602 932 3953 986 testimonium

781 1024 1005 1091 accedit,
1054 1022 1148 1093 qui
1179 1021 1328 1090 libro
1360 1021 1587 1089 septimo
1614 1034 1800 1073 eorum
1832 1035 1969 1088 quos
2015 1017 2089 1072 De
2126 1027 2319 1072 natura
2356 1019 2699 1090 conscripsit,
2728 1020 3001 1090 conceptis
3030 1022 3208 1077 verbis
3234 1023 3309 1076 ita
3346 1022 3603 1093 loquitur.

1378 1132 1601 1190 CAPUT
1635 1134 1718 1187 lll.

2950 1135 3336 1189 ΚΕΦΑΛΑΙΟΝ
3384 1137 3455 1191 Γ’.

967 1230 1043 1285 De
1074 1228 1352 1283 Platonica
1380 1225 1719 1295 philosOphia,
1753 1241 1816 1279 ea:
1854 1225 2125 1279 Aristocle.

2438 1228 2900 1296 Ἀριστοκλέους,
2921 1227 3055 1294 Περὶ
3087 1227 3195 1296 τῆς
3235 1228 3383 1285 κατὰ
3410 1226 3699 1283 Πλάτωνα
3734 1230 3950 1282 φιλοσο-

2793 1302 2797 1306 ’
3114 1301 3273 1366 φίας.

852 1408 872 1442 ι
905 1388 1077 1453 Plato,
1123 1387 1295 1457 inquit
1338 1385 1445 1447 ille,
1475 1396 1784 1453 germanum
1810 1379 2232 1449 perfectumque,
2273 1381 2320 1435 si
2500 1407 2519 1440 ‹
2546 1390 2926 1462 Ἐφιλοσόφησε
2945 1390 3001 1444 δὲ
3014 1391 3258 1454 Πλάτων,
3276 1392 3322 1462 εί
3340 1390 3431 1443 καί
3452 1408 3535 1453 τις
3559 1390 3720 1454 ἄλλος
3736 1390 3838 1443 τῶν
3856 1391 3945 1444 mbo

780 1482 1067 1551 quisquam
1098 1480 1256 1567 alius,
1285 1473 1693 1547 philosophandi
1722 1487 1890 1542 genus
1929 1470 2136 1524 habuit.
2178 1468 2311 1524 Nam

2420 1494 2568 1543 ποτε,
2596 1459 2826 1551 γνησίως
2854 1459 2951 1534 καὶ
2997 1481 3231 1543 τελείως.
3260 1459 3320 1567 Ol
3357 1479 3453 1549 μὲν
3498 1481 3605 1551 γὰρ
3652 1482 3765 1534 ἀπὸ
3797 1482 3941 1535 Θαλοῦ

780 1573 1018 1630 Thaletis
1050 1562 1344 1627 sectatores
1385 1571 1442 1624 in
1479 1578 1686 1623 natum
1720 1563 2178 1633 disputationibus
2212 1562 2313 1616 toti

2420 1572 2849 1641 φυσιολογοῦντες
2882 1572 3198 1627 διετέλεσαν·
3217 1564 3283 1625 οί
3303 1571 3357 1624 δὲ
3380 1590 3444 1625 πε
3452 1573 3504 1643 ρί
3528 1573 3847 1644 Πυθαγόραν
3862 1576 3943 1626 ἀπ-

778 1676 934 1723 erant
967 1683 983 1719 :
1020 1663 1335 1735 Pythagorei
1364 1669 1613 1716 texerunt
1631 1669 1793 1727 atque
1819 1656 2160 1709 involverunt
2197 1668 2315 1709 om-

2420 1662 2722 1732 εκρύψαντο
2777 1662 2979 1715 πάντα·
3009 1660 3309 1733 Ξενοφάνης
3338 1661 3395 1715 δὲ
3426 1662 3517 1716 καὶ
3536 1663 3583 1714 oi
3618 1664 3714 1715 ἀπ’
3744 1666 3941 1725 ἐκείνου,

778 1762 866 1813 nia
893 1777 906 1811 :
933 1756 1290 1825 Xenophanes
1319 1753 1545 1822 ejusque
1573 1748 1822 1818 discipuli
1848 1746 1967 1802 suis
2007 1745 2116 1800 illis
2148 1760 2313 1815 argu-

2417 1754 2542 1816 τοὺς
2583 1755 2883 1823 ἐριστικοὺς
2923 1755 3235 1823 κινήσαντες
3280 1753 3485 1821 λόγους,
3528 1752 3697 1804 πολὺν
3747 1755 3837 1823 μὲν
3879 1758 3942 1806 ὲν-

779 1856 1082 1903 mentorum
1150 1842 1623 1905 contentionibus,
1678 1838 1955 1908 vertiginis
2013 1834 2309 1905 plurimum

2417 1842 2602 1896 ἑὸαλον
2641 1842 2839 1911 ἴλιγγον
2880 1846 2988 1905 τοῖς
3034 1843 3350 1911 φιλοσόφοις,
3381 1844 3441 1895 οὐ
3476 1842 3580 1913 μὴν
3621 1842 3869 1913 ἐπόρισάν
3896 1845 3939 1909 γέ

780 1938 1112 2009 phi|050phis
1156 1936 1470 1997 attulerunt,
1498 1932 1616 2001 opis
1649 1938 1829 1985 autem
1860 1928 2196 1997 subsidiique
2224 1927 2311 1979 ni-

2417 1949 2536 1987 τινα
2570 1931 2835 2002 βοήθειαν.
2869 1934 2980 2002 Οὐχ
3028 1933 3225 2002 ἥκιστα
3273 1931 3330 1985 δὲ
3372 1929 3813 2003 καὶΣωκράτης,
3842 1935 3939 1984 αὐτὸ

782 2032 857 2083 hil
881 2050 894 2084 :
923 2028 1174 2083 Socrates
1192 2025 1447 2089 maxime,
1472 2025 1671 2093 ignem,
1703 2021 1843 2091 quod
1876 2020 2047 2084 aiunt,
2069 2020 2317 2090 quodque

779 2120 930 2174 Plato
958 2119 1071 2187 ipse
1098 2116 1397 2177 dictitabat,
1427 2113 1537 2181 igni
1563 2110 1783 2166 addidit.
1814 2109 1947 2164 Nam
1974 2110 2151 2164 indole
2192 2122 2316 2163 cum

781 2217 924 2263 esset
948 2206 1266 2275 ingenioque
1306 2200 1583 2272 singulari,
1618 2201 1857 2269 adeoque
1896 2199 1962 2253 de
1994 2214 2051 2252 re
2080 2198 2319 2269 qualibet

782 2298 1129 2371 quaestionem
1160 2308 1372 2350 movere
1401 2292 1626 2348 solerter
1658 2291 1711 2345 in
1756 2290 1942 2361 primis
1979 2289 2318 2360 graviterque

782 2385 981 2463 possiet,
1034 2401 1200 2443 novas
1238 2383 1463 2455 ipsode
1504 2382 1743 2437 moribus
1770 2419 1785 2445 ,
1810 2380 2001 2451 ,deque
2042 2377 2317 2449 republica

765 2480 1170 2551 disputationes
1198 2476 1417 2539 invexit,
1454 2475 1561 2529 imo
1576 2473 1738 2529 etiam
1756 2472 1820 2527 de
1848 2471 1981 2526 ideis
2011 2486 2167 2540 agere
2198 2484 2317 2525 om-

782 2574 929 2627 nium
954 2571 1160 2641 primus
1186 2568 1417 2623 instituit
1447 2584 1461 2619 :
1495 2564 1741 2619 eumdem
1766 2576 1894 2616 vero
1918 2561 2063 2615 nullo
2086 2575 2193 2615 non
2219 2574 2314 2614 ex-

783 2664 947 2718 citato
992 2659 1375 2715 controversiae
1431 2669 1641 2725 genere,
1673 2654 1845 2723 deque
1879 2652 2129 2706 omnibus
2160 2654 2315 2721 unae-

784 2765 990 2810 rentem
1046 2752 1219 2806 adhuc
1267 2760 1426 2819 atque
1459 2738 1789 2802 dubitantem
1826 2760 1971 2800 mors
2010 2742 2309 2811 occupavit.

784 2848 901 2902 1am
928 2845 1014 2899 alii
1038 2858 1173 2913 quas
1199 2842 1299 2897 sibi
1324 2842 1550 2910 quisque
1573 2837 1861 2909 particulas
1874 2835 2238 2897 absciderant,
2260 2833 2316 2886 in

784 2942 851 2995 iis
882 2940 1081 2993 haesere
1113 2944 1366 3005 perpetuo
1395 2950 1409 2988 :
1436 2943 1594 3003 atque
1616 2932 1684 2985 ita
1698 2928 1941 2985 nonnulli
1968 2927 2314 2990 medicinam,

782 3031 1089 3097 disciplinas
1120 3028 1210 3082 alii
1258 3025 1685 3087 mathematicas,
1718 3022 1981 3091 poeticam
2012 3019 2103 3072 alii
2148 3016 2317 3072 musi-

785 3137 1011 3191 camque
1045 3117 1231 3174 sectati
1253 3124 1395 3171 sunt.
1432 3114 1681 3181 Plerique
1701 3109 1997 3165 disserendi
2043 3108 2095 3161 vi
2143 3122 2205 3161 ac
2232 3104 2315 3160 fa-

785 3214 981 3270 cultate
1010 3209 1170 3279 capti,
1197 3221 1427 3277 quorum
1461 3206 1551 3259 alii
1577 3218 1695 3259 sese
1717 3203 1978 3265 rhetores,
2009 3198 2314 3252 dialecticos

784 3304 873 3359 alii
894 3277 1287 3377 nuncuparunt.
1309 3296 1441 3351 Nam
1468 3296 1559 3365 qui
1594 3293 1799 3349 Socrati
1832 3304 2158 3357 successere,
2193 3304 2313 3343 cum
2343 3277 2385 3337 C

792 3393 1111 3463 multiplices
1164 3389 1449 3443 admodum
1501 3402 1563 3441 ac
1614 3385 1746 3439 varii
1788 3383 1956 3447 fuere,
1997 3390 2109 3434 tum
2154 3380 2313 3433 etiam

792 3469 1401 3556 opinionibus’maxime
1433 3477 1705 3533 contrarii.
1746 3472 1881 3527 Nam
1932 3472 2022 3526 alii
2069 3469 2314 3540 cynicum

787 3577 1165 3643 sordidumque
1221 3574 1344 3627 vita:
1393 3586 1578 3641 genus,
1634 3567 1950 3635 simplicem,
1982 3571 2036 3617 et
2072 3562 2139 3616 ab
2169 3561 2315 3616 omni

787 3664 1208 3723 perturbationis
1238 3676 1397 3717 sensu
1429 3672 1656 3713 vacuum
1690 3656 1928 3710 animum
1962 3671 1976 3708 :
2018 3653 2317 3721 voluptates

793 3755 1093 3828 alii'contra
1122 3732 1500 3822 praedicabant.
1521 3748 1585 3801 Hi
1615 3761 1733 3801 sese
1772 3745 1951 3800 omnia
1986 3745 2123 3798 scire
2156 3742 2319 3810 jacta-

791 3850 936 3911 bant,
968 3844 1042 3898 illi
1069 3844 1222 3912 plane
1250 3840 1401 3895 nihil.
1427 3840 1653 3905 Quidam
1686 3838 1739 3891 in
1769 3836 1942 3890 media
1969 3837 2126 3891 turba
2156 3843 2318 3903 atque

786 3939 1024 3993 omnium
1048 3934 1215 3989 oculis
1239 3932 1580 3986 volvebantur
1595 3929 1772 3999 511,
1801 3944 1922 3983 cum
1953 3928 2134 3981 inﬁma
2168 3927 2319 3996 plebe

791 4027 1030 4084 assidui:
1069 4026 1202 4079 alios
1235 4023 1383 4081 adire
1420 4036 1597 4086 nemo,
1632 4035 1790 4075 nemo
1810 4018 2311 4088 alloquipotuisset.

795 4120 862 4173 At
913 4118 1066 4171 Plato
1117 4132 1240 4171 cum
1284 4129 1445 4169 unam
1477 4100 1826 4181 eamdemque
1860 4109 2164 4165 divinarum
2196 4124 2320 4164 esse

790 4208 1250 4276 humanarumque
1276 4221 1454 4259 rerum
1479 4204 1754 4259 scientiam
1780 4203 1951 4272 probe
1978 4202 2315 4271 intelligeret,

790 4314 906 4353 eam
940 4298 1143 4366 primus
1174 4298 1246 4350 ita
1276 4295 1518 4364 digessit,
1551 4304 1610 4349 ut
1639 4302 1844 4363 partem
1870 4293 2014 4347 illius
2038 4308 2200 4346 unam
2226 4307 2319 4347 ex-

792 4388 1048 4461 plicandae
1072 4386 1305 4441 universi
1334 4394 1556 4451 naturae,
1586 4385 1805 4438 alteram
1837 4398 2019 4437 rerum
2055 4383 2319 4437 humana-

792 4495 908 4535 rum
934 4476 1259 4541 tractationi,
1289 4474 1684 4529 conformanda:
1707 4471 1933 4526 orationi
1966 4471 2174 4525 tertiam
2198 4487 2322 4541 pos-

793 4580 1123 4636 tremamque
1179 4565 1457 4619 tribueret.
1513 4562 1795 4629 Caeterum,
1834 4561 1936 4616 nisi
1969 4561 2145 4615 divina
2195 4576 2318 4630 per-

793 4670 969 4730 specta
997 4660 1146 4727 prius
1166 4666 1218 4711 et
1247 4656 1456 4725 cognita
1480 4655 1792 4717 habeamus,
1814 4653 2076 4723 pervideri
2105 4668 2135 4707 a
2169 4653 2324 4709 nobis

798 4752 1027 4804 humana
1055 4764 1161 4803 non
1193 4764 1350 4817 posse
1374 4748 1657 4802 statuebat.
1688 4744 2149 4811 Quemadmodum
2178 4744 2323 4798 enini

796 4842 1007 4904 medici,
1056 4840 1130 4893 uti
1161 4840 1403 4907 partibus
1431 4838 1751 4908 quibusdam
1784 4838 2121 4900 medeantur,
2154 4837 2207 4889 in
2238 4846 2321 4891 to-

794 4936 901 4989 tius
930 4941 1051 4987 ante
1076 4930 1317 4999 corporis
1345 4931 1675 4985 curationem
1706 4930 2043 4991 incumbunt,
2062 4929 2131 4983 ita
2166 4944 2323 4997 pror-

796 5041 912 5089 sus,
945 5026 1146 5093 quires
1176 5030 1391 5076 nostras
1417 5022 1611 5075 intueri
1634 5022 1777 5087 velit,
1808 5022 2045 5076 universi
2076 5028 2321 5074 naturam

793 5117 945 5186 prius
974 5115 1024 5168 ei
1060 5112 1487 5182 cognoscendam
1544 5128 1661 5167 esse
1690 5130 1701 5165 :
1732 5128 1851 5165 cum
1869 5113 2011 5166 illius
2034 5126 2157 5180 pars
2181 5126 2326 5179 quaa-

794 5205 920 5258 dam
950 5202 1111 5255 homo
1144 5203 1233 5266 sit,
1260 5210 1418 5271 atque
1452 5216 1516 5254 ex
1549 5200 1705 5254 bonis
1730 5199 1960 5263 duobus,
1992 5213 2221 5268 quorum
2250 5197 2327 5248 al-

796 5303 969 5348 terum
998 5291 1063 5344 ad
1087 5304 1206 5355 nos,
1238 5292 1303 5343 ad
1334 5292 1643 5344 universum
1667 5286 1889 5341 alterum
1908 5289 2157 5357 pertinet,
2191 5301 2327 5355 prae-

797 5382 1011 5451 cipuum
1039 5378 1108 5433 sit
1137 5379 1373 5433 universi
1400 5380 1622 5445 bonum,
1650 5377 1795 5447 quod
1820 5376 2174 5445 alterumejus
2207 5391 2329 5429 cau-

798 5486 858 5525 sa
906 5476 1229 5540 procreetur.
1266 5466 1435 5535 Atque
1456 5469 1594 5523 hanc
1617 5468 1869 5521 Indorum
1910 5481 2027 5538 esse
2064 5468 2326 5521 rationem

722 5585 727 5590 -
796 5562 1145 5615 Aristoxenus
1170 5558 1408 5612 musicus
1434 5566 1657 5612 testatur
1692 5576 1704 5609 :
1737 5558 1954 5625 quippe,
1982 5571 2150 5610 unum
2174 5570 2237 5610 ex
2264 5570 2327 5609 ea

798 5651 1011 5704 natione
1032 5651 1261 5717 aliquem
1282 5648 1504 5703 Athenis
1527 5662 1873 5718 congressum
1910 5661 2029 5701 esse
2074 5662 2195 5701 cum
2223 5646 2326 5699 So-

799 5746 963 5801 crate,
990 5753 1054 5791 ex
1085 5754 1255 5807 eoque
1276 5740 1631 5801 sciscitatum,
1664 5738 1794 5807 quid
1826 5740 2089 5809 agendum
2113 5738 2217 5793 sibi
2248 5752 2330 5791 re-

868 5865 894 5892 ι
932 5848 1088 5905 Forte
1105 5852 1294 5906 ἐκεῖνο.

2416 2024 2479 2095 δὴ
2523 2024 2583 2076 τὸ
2622 2023 2928 2092 λεγόμενον,
2971 2024 3185 2090 ἐγένετο
3236 2020 3346 2091 πῦρ
3393 2022 3485 2073 ἐπὶ
3516 2024 3669 2092 πυρὶ,
3727 2023 3935 2091 καθάπρ

2414 2114 2573 2176 αὐτὸς
2606 2112 2706 2183 ἔφη
2743 2113 2981 2165 Πλάτων.
3013 2112 3387 2181 Εὑφυέστατος
3424 2110 3531 2182 γάρ
3556 2110 3653 2176 ῶν,
3690 2114 3781 2165 καί

2414 2206 2683 2276 ἀπορῆσαι
2734 2206 2857 2275 περὶ
2901 2205 3098 2267 παντὸς
3136 2203 3371 2267 ὁτουοῦν,
3401 2204 3756 2275 ἐπεισήνεγκε
3780 2206 3864 2266 τάς
3890 2222 3930 2255 τε

2412 2296 2604 2366 ἠθικὰς
2654 2294 2746 2348 καὶ
2787 2293 3066 2358 πολιτικὰς
3100 2295 3335 2364 σκέψεις,
3364 2296 3441 2349 ἔτι
3474 2295 3531 2348 δὲ
3570 2296 3669 2367 τὴν
3700 2298 3818 2366 περὶ
3853 2297 3930 2346 τῶν

2419 2386 2566 2439 ίδεῶν
2596 2386 2805 2456 πρῶτος
2832 2389 3175 2457 ἐπιχειρήσας
3206 2386 3475 2457 ὁρίζεσθαι
3511 2404 3523 2417 ’
3553 2388 3730 2441 πάντα
3751 2388 3803 2439 δὲ
3824 2388 3924 2454 ἐγείο

2420 2494 2525 2547 ρων
2554 2475 2727 2543 λόγον,
2754 2477 2846 2528 καὶ
2873 2478 3000 2547 περὶ
3025 2476 3235 2529 πάντων
3257 2474 3452 2547 ζητῶν,
3468 2476 3603 2548 ἔφθη
3627 2478 3833 2545 τελευτή
3842 2494 3916 2537 3-1;.

2419 2567 2594 2620 Ἀλλοι
2632 2568 2675 2620 δ’
2716 2568 3104 2638 ἀποτεμόμενοι
3145 2568 3281 2639 μέρη
3327 2567 3468 2631 τινὰ,
3516 2571 3646 2639 περὶ
3692 2569 3845 2623 ταῦτα
3870 2569 3922 2621 6:-

2416 2657 2658 2729 ἐτριψαν,
2676 2659 2725 2711 οἱ
2744 2660 2838 2729 μὲν
2871 2658 3130 2730 ἰατρικὴν,
3164 2662 3211 2711 οί
3239 2660 3294 2713 δὲ
3325 2659 3422 2723 τὰς
3444 2660 3813 2730 μαθηματικὰς
3833 2663 3925 2712 ἐπι-

2418 2750 2621 2820 στήμας
2642 2766 2655 2779 '
2693 2750 2819 2803 ἔνιοι
2860 2750 2915 2803 δὲ
2956 2751 3080 2821 περὶ
3108 2752 3230 2813 τοὺς
3260 2752 3482 2821 ποιητάς
3520 2753 3617 2803 καὶ
3649 2753 3739 2822 τὴν
3770 2769 3921 2821 μουσι-

2415 2841 2535 2910 κήν.
2568 2842 2629 2893 υἱ
2662 2841 2840 2909 μέντοι
2863 2841 3043 2895 πολλοὶ
3066 2840 3162 2905 τὰς
3183 2840 3289 2894 τῶν
3322 2841 3492 2908 λόγων
3525 2842 3767 2913 δυνάμεις
3794 2841 3920 2895 ἐθαύ-

2421 2947 2615 3001 μασαν,
2644 2924 2717 2983 ὧν
2738 2932 2785 2983 οἱ
2818 2930 2912 3001 μὲν
2946 2932 3191 3003 ῥήτορας,
3230 2932 3279 2983 οί
3317 2929 3372 2983 δὲ
3402 2930 3763 2993 διαλεκτικοὺς
3786 2946 3921 3002 προσ·

2394 3018 2564 3073 ἐἶπον
2589 3021 2827 3085 ἑαυτούς.
2867 3022 2929 3074 Ol
2956 3023 3133 3091 μέντοι
3156 3022 3445 3093 Σωκράτην
3471 3022 3821 3110 διαδεξάμενοι
3852 3022 3921 3073 καὶ

2416 3116 2552 3169 πάνυ
2615 3114 2756 3178 τινὲς
2813 3115 3054 3183 ἐγένοντο
3104 3120 3364 3181 παντοῖοι,
3398 3118 3488 3171 aut
3529 3118 3819 3172 ὑπεναντίοι
3852 3118 3920 3173 τὰς

2414 3208 2655 3278 γνώμας.
2708 3209 2769 3261 Ol
2827 3209 2924 3279 μὲν
2966 3209 3072 3280 γὰρ
3120 3211 3435 3281 κυνισμοὺςι
3460 3212 3554 3263 καὶ
3594 3213 3830 3280 ἀτυφίας,
3856 3228 3920 3262 και

2416 3300 2678 3362 ἀπαθείας
2725 3300 2921 3370 ὕμνουν
2942 3319 2954 3332 ·
2984 3301 3127 3356 ἄλλοι
3159 3302 3202 3355 δ’
3233 3298 3297 3356 αὖ
3330 3298 3490 3355 πάλιν
3536 3303 3745 3373 ἡδονάς.
3776 3304 3866 3357 Καὶ
3889 3301 3919 3352 ti

2419 3391 2515 3461 μὲν
2548 3392 2737 3444 εἰδέναι
2789 3392 2960 3445 πάντα
2996 3393 3321 3463 ἐκόμπαζον,
3357 3396 3405 3445 ol
3452 3393 3508 3446 δὲ
3548 3395 3736 3457 ἁπλῶς
3768 3394 3920 3463 μηθέν.

2420 3483 2537 3535 Ἔτι
2563 3482 2606 3533 δ’
2635 3484 2681 3533 οἱ
2719 3483 2813 3551 μὲν
2858 3485 2915 3535 ἐν
2960 3483 3106 3553 μέσῳ
3144 3486 3237 3537 καὶ
3267 3485 3322 3536 ἐν
3354 3484 3471 3553 ὄψει
3504 3484 3719 3538 πάντων
3752 3485 3921 3537 ἐκαλιν-

2415 3572 2615 3637 δοῦντο,
2641 3576 2749 3635 τοῖς
2778 3573 2989 3637 πολλοῖς
3020 3574 3407 3645 ἐξομιλοῦντεςο
3431 3575 3578 3628 ἄλλοι
3600 3576 3644 3628 δ’
3664 3572 3727 3629 αὖ
3748 3576 3925 3627 τούνανο

2415 3660 2527 3713 τίον
2580 3663 2857 3732 ἀπρόσιτοι
2909 3665 2999 3717 καὶ
3053 3665 3447 3736 ἀπροσαύδητοι
3488 3664 3750 3718 διετέλουν
3790 3666 3922 3723 ὅντες.

2417 3753 2637 3807 Πλάτων
2689 3755 2886 3825 μέντοι,
2922 3750 3273 3827 κατανοήσας,
3316 3757 3390 3821 ὡς
3436 3758 3518 3827 είη
3556 3760 3653 3828 μία
3684 3776 3761 3820 τις
3785 3760 3813 3827 ἡ
3837 3756 3919 3807 τῶν

2418 3843 2572 3897 θείων
2604 3846 2693 3898 καὶ
2724 3846 3069 3917 ἀνθρωπίνων
3111 3849 3404 3919 ἐπιστήμη,
3430 3850 3641 3918 πρῶτος
3670 3851 3836 3909 διεῖλε,
3858 3850 3927 3901 xxi

2418 3934 2518 4005 εφη
2544 3936 2639 4007 τὴν
2670 3938 2766 4007 μέν
2792 3954 2911 3991 τινα
2945 3940 3068 4009 περ)⁵
3099 3940 3194 4009 τῆς
3230 3938 3323 3991 τοῦ
3362 3922 3560 4003 παντδς
3594 3940 3798 4009 φύσεως
3823 3936 3927 3991 εἶναι

2418 4026 2810 4095 πραγματείαν,
2842 4026 2939 4095 τὴν
2961 4026 3017 4079 δὲ
3039 4028 3162 4097 περὶ
3192 4025 3298 4078 τῶν
3317 4026 3686 4097 ἀνθρωπίνων,
3708 4028 3871 4098 τρίτην
3886 4025 3927 4077 δὲ

2418 4114 2511 4185 τὴν
2556 4115 2681 4186 περὶ
2708 4116 2829 4177 τοὺς
2860 4114 3065 4183 λόγους.
3108 4115 3285 4183 Ἦξίου
3311 4117 3367 4170 δὲ
3390 4118 3462 4187 μὴ
3490 4109 3744 4170 δύνασθαι
3771 4117 3831 4168 τὰ
3859 4117 3926 4167 ἁν-

2420 4205 2661 4277 θρώπινα
2706 4206 2936 4259 κατιδεῖν
2995 4208 3158 4277 ἡμᾶς,
3209 4211 3256 4261 εἰ
3318 4209 3391 4280 μὴ
3435 4215 3500 4255 τὰ
3545 4211 3662 4261 θεῖα
3707 4207 3925 4279 πρότερον

2418 4299 2625 4369 ὀφθείη.
2662 4298 2922 4370 Καθάπερ
2960 4299 3067 4371 γάρ
3124 4303 3173 4353 oi
3226 4302 3415 4372 ἰατροὶ,
3471 4300 3606 4368 μέρη
3648 4302 3766 4355 τινὰ
3806 4302 3927 4368 θερα-

2420 4390 2687 4453 πεύοντες,
2717 4388 3089 4461 ἐπιμελοῦνται
3119 4390 3225 4444 τῶν
3271 4391 3403 4445 ὅλων
3432 4400 3699 4461 ,σωμάτων
3731 4388 3925 4462 πρῶτον,

2420 4480 2558 4535 οὕτω
2603 4468 2794 4552 χρῆναι
2838 4482 2931 4535 καὶ
2958 4481 3046 4534 τὸν
3080 4480 3335 4551 μέλλοντα
3364 4482 3587 4537 τάνθάδε
3620 4480 3925 4551 κατόψεσθαι.

2426 4572 2524 4644 τὴν
2554 4574 2660 4626 τῶν
2698 4573 2831 4625 ὅλων
2864 4572 3023 4643 φύσιν
3053 4572 3246 4626 εἰδέναι
3273 4564 3553 4645 πρότερον,
3588 4574 3746 4645 μέρος
3773 4588 3825 4624 τε
3849 4568 3928 4620 τῶν

2425 4664 2591 4718 ὄντων
2646 4664 2737 4717 τὸν
2797 4664 3107 4735 ἄνθρωπον·
3154 4664 3246 4717 καὶ
3292 4665 3524 4734 τάγαθὸν
3562 4663 3820 4727 διττὸν,τὺ
3855 4661 3925 4729 μὲν

2421 4758 2705 4827 ἡμέτερον,
2737 4756 2796 4807 τὸ
2844 4756 2900 4807 δὲ
2950 4754 3042 4807 τοῦ
3091 4757 3305 4819 παντὸς,
3341 4756 3665 4827 κυριώτερον
3699 4755 3755 4808 δὲ
3778 4754 3832 4806 τὸ
3858 4748 3925 4803 τοῦ

2425 4848 2619 4922 παντός
2640 4864 2651 4877 ’
2692 4846 2779 4899 διὰ
2821 4845 2927 4916 γὰρ
2962 4846 3207 4899 ἐκείνουι
3238 4848 3329 4899 καὶ
3360 4846 3515 4899 τοῦτο
3545 4846 3797 4913 γίνεσθαι.
3823 4841 3925 4909 Φησὶ

2422 4936 2465 4988 δ’
2499 4933 2853 5006 Ἀριστόξενος
2882 4938 2911 4987 ὁ
2937 4936 3185 5004 μουσικὸς
3210 4935 3380 4988 Ἰνδῶν
3406 4931 3541 4986 εἶναι
3562 4934 3649 4985 τὸν
3672 4934 3816 5001 λόγον
3836 4929 3925 4982 τοῦ-

2424 5044 2533 5079 τον.
2586 5024 2833 5096 Ἀθήνῃσι
2868 5025 2974 5096 γάρ
3020 5028 3252 5095 ἐντυχεῖν
3295 5024 3568 5095 Σωκράτει
3611 5024 3716 5077 τῶν
3757 5020 3922 5091 ἀνδρῶν

2424 5116 2640 5168 ἐκείνων
2682 5114 2775 5167 ’ἐνα
2817 5115 2954 5179 τινὰ,
3002 5117 3231 5168 κᾶπειτα
3276 5114 3435 5166 αὑτοῦ
3492 5111 3852 5171 πυνθάνεσθαι,
3890 5106 3924 5157 τί

2427 5206 2591 5258 ποιῶν
2632 5206 2935 5277 φιλοσοφοίη
2957 5224 2969 5236 -
2999 5204 3092 5258 τοῦ
3139 5206 3194 5257 δὲ
3236 5204 3495 5268 εἰπόντος,
3523 5205 3603 5257 ὅτι
3639 5202 3805 5273 ζητῶν
3828 5200 3921 5267 πμ

2424 5297 2515 5348 τοῦ
2564 5296 2892 5366 ἀνθρωπίνου
2945 5296 3079 5365 βίου,
3123 5295 3482 5363 καταγελάσαι
3533 5294 3621 5348 τὸν
3667 5291 3829 5351 Ἰνδὸν,
3861 5288 3921 5337 3i-

2427 5406 2586 5454 γοντα
2628 5390 2699 5458 μὴ
2745 5388 2995 5441 δύνασθαί
3049 5405 3169 5441 τινα
3221 5387 3290 5439 τὰ
3340 5385 3647 5455 ἀνθρώπινα
3709 5382 3916 5437 κατιδεῖν.

2418 5470 2719 5546 ’ἀγνοοῦντα
2754 5496 2815 5545 γε
2844 5479 2909 5530 τά
2938 5476 3246 5530 θεῖα.Τοῦτο
3277 5478 3371 5547 μὲν
3400 5473 3490 5529 οὖν
3516 5478 3563 5528 εί
3582 5474 3766 5543 ἀληθές
3789 5476 3917 5523 ἐστίν.

2429 5572 2525 5623 οὐκ
2554 5570 2615 5623 ἂν
2637 5570 2847 5623 δύναιτό
2876 5586 2957 5632 τις
2987 5569 3373 5639 διατεινόμενος
3400 5569 3596 5619 εἰπεῖν,
3614 5566 3775 5618 Διεῖλε
3791 5565 3830 5616 δ’
3852 5557 3915 5613 οὖν

2431 5658 2647 5711 Πλάτων
2692 5660 2786 5727 τήν
2836 5674 2896 5709 τε
2933 5659 3058 5727 περὶ
3092 5657 3197 5709 τῶν
3235 5656 3367 5709 ὅλων
3393 5654 3722 5723 φιλοσοφίαν,
3749 5654 3827 5705 καὶ
3850 5648 3915 5715 τὴν

2432 5748 2724 5805 πολιτικὴν.
2756 5747 2832 5800 ἐτι
2864 5748 2917 5799 δὲ
2945 5748 3039 5817 τὴν
3066 5747 3301 5818 λογικήν.
3337 5766 3355 5799 ι
3384 5746 3645 5816 Τοιαύτης
3675 5745 3823 5813 οὔσης
3845 5735 3916 5804 τῆς
