3994 6340
100 390 215 444 849
1325 388 1638 443 ΡΒᾸΞΡΑΒ.

1752 387 1925 445 lANG.
1950 388 2073 443 LIB.
2100 389 2193 443 Χῐ.
3191 388 3293 444 850

99 511 252 564 κατά
280 512 535 565 Πλάτωνα
566 511 905 581 φιλοσοφίας,
937 512 1122 581 καιρὸς
1152 512 1243 564 καὶ
1270 511 1364 582 τὴν
1405 510 1652 581 Ἐϐραίωκ.

1764 526 1882 565 rum
1930 520 2101 576 esset,
2124 512 2200 565 uti
2228 509 2693 579 philosopharetur
2728 528 2739 562 :
2772 524 2879 577 quo
2921 509 3294 577 respondente,

95 601 524 669 ἐπισκέψασθαι,
557 602 745 673 μακρῷ
787 602 1017 673 πρόσθεν
1053 602 1085 671 ἢ
1131 602 1385 654 Πλάτωνα
1419 599 1652 668 γενέσθαι

1766 602 1831 655 de
1856 602 2103 656 humanae
2126 603 2243 655 vitae
2272 601 2569 655 rationibus
2598 600 2942 668 quaerendum
2978 600 3077 669 ipsi
3112 608 3164 654 et
3202 615 3295 654 co-

96 690 199 743 τὺν
246 690 425 761 ὅμοιον
478 694 977 762 πεφιλοσοφηκότων
1024 695 1234 763 τρόπον.
1280 691 1471 762 Εὖροις
1499 691 1543 743 δ’
1571 686 1652 743 οὖν

1762 691 2038 760 gitandu‘m
2077 706 2228 746 esse:
2277 699 2387 744 tum
2420 706 2544 744 vero
2582 690 2763 744 risisse
2792 689 2999 756 lndum,
3033 698 3152 745 eum
3199 705 3294 745 ne-

99 782 205 835 καὶ
248 786 375 853 παρ’
423 786 600 847 αὐτοῖς
624 786 720 855 τήν
764 802 820 836 τε
875 787 1156 854 σύμφωνον
1195 782 1291 853 τὴν
1325 782 1652 852 τριμέρειαν,

1762 791 1915 853 ειη-εει⁵
1935 784 2165 836 humana
2200 797 2519 851 quemquam
2543 783 2819 851 pervidere
2852 797 3029 852 posse,
3050 782 3140 852 qui
3162 782 3298 837 divi-

100 872 316 940 ἡθικῶν
345 893 422 937 τε,
472 877 563 927 καὶ
604 876 853 944 λογικῶν.
886 876 977 929 καὶ
1029 874 1269 944 φυσικῶν
1305 873 1652 945 μαθημάτων,

1762 888 1953 927 norum
2002 874 2335 943 ignoratione
2388 874 2669 927 laboraret.
2697 874 2752 927 Id
2801 888 2964 943 porro
2999 889 3178 927 verum
3205 873 3293 939 sit,

98 962 258 1016 τόνδε
291 967 582 1036 ἐπιστήσας
612 967 701 1018 τὸν
727 967 940 1039 τρόπον.

1764 977 1949 1023 necne,
1980 971 2040 1014 ut
2084 962 2317 1016 maxime
2345 963 2647 1026 contendat,
2669 971 2902 1016 statuere
2924 978 3081 1016 nemo
3103 968 3294 1031 potest.

100 1055 316 1112 Interea
351 1057 497 1113 Plato
529 1044 961 1129 philosophiam,
1010 1060 1063 1113 in
1112 1073 1253 1124 eam,
1312 1074 1431 1128 quae
1480 1056 1545 1111 de
1598 1056 1851 1109 universo
1904 1056 2216 1124 disputaret,
2264 1056 2317 1108 in
2371 1056 2601 1119 civilem,
2654 1072 2718 1111 ac
2773 1054 3071 1111 disserendi
3130 1057 3298 1127 magi-

102 1154 283 1201 stram
323 1151 547 1217 partitus
580 1160 680 1205 est.
723 1170 740 1201 ι
776 1149 909 1203 Cum
946 1151 1106 1219 igitur
1138 1166 1198 1203 ea
1231 1148 1519 1203 Platonica:
1561 1145 1907 1217 philosophias
1940 1147 2073 1199 ratio
2118 1145 2209 1210 sit,
2237 1155 2447 1214 tempus
2499 1154 2579 1200 est
2614 1156 2669 1200 ut
2701 1144 3039 1201 Hebraeorum
3086 1161 3298 1217 quoque

108 1237 514 1307 philosOphiam
574 1242 1033 1309 contemplemur,
1086 1224 1176 1309 qui
1226 1240 1465 1310 proiecto
1510 1239 1667 1306 longe
1705 1246 1991 1305 antequam
2026 1236 2177 1290 Plato
2208 1246 2541 1301 nasceretur,
2582 1239 2854 1307 persimile
2914 1239 3295 1309 philosophan-

104 1327 164 1380 di
226 1344 393 1398 genus
444 1330 769 1386 habuerunt.
821 1331 1109 1387 Enimvero
1166 1333 1487 1402 tripartitam
1528 1331 1667 1401 apud
1705 1345 1817 1393 eos,
1873 1346 2104 1398 cumque
2153 1331 2425 1385 Platonica
2478 1332 2567 1385 illa
2638 1342 3023 1401 congruentem
3057 1333 3294 1402 discipli-

107 1436 323 1485 narum,
352 1425 431 1477 vel
463 1426 529 1479 ad
561 1442 760 1493 mores,
793 1427 876 1481 vel
906 1426 981 1480 ad.
1007 1431 1115 1482 vim
1148 1426 1466 1491 disserendi,
1518 1425 1603 1481 vel
1645 1425 1712 1478 ad
1750 1434 1996 1480 naturam
2032 1427 2202 1495 ipsam
2249 1428 2629 1495 pertinentium
2675 1427 2995 1482 divisionem
3039 1427 3295 1497 reperias,

110 1514 162 1567 si
190 1515 252 1568 de
286 1531 340 1571 re
375 1526 481 1572 tota
522 1521 664 1573 hunc
694 1521 745 1573 in
777 1521 993 1574 modum
1021 1522 1257 1591 cogitare
1290 1520 1449 1576 velis.

634 1614 1022 1667 ΚΕΦΑΛΑῘΟΝ
1065 1616 1135 1669 Δ’.

210 1706 347 1773 Περὶ
373 1704 489 1757 τ(ὶή⁸
519 1705 652 1771 παρ’
692 1706 967 1771 Ἑϐραίοις
991 1705 1209 1772 ἠθικῶν
1231 1707 1547 1775 δογμάτων.

2357 1608 2581 1664 CAPUT
2614 1608 2703 1664 iV.

1987 1702 2060 1755 De
2093 1719 2293 1755 morum
2321 1705 2460 1771 apud
2499 1702 2742 1757 llebrmos
2775 1702 3075 1771 disciplina.

175 1797 256 1849 Τὰ
317 1797 413 1866 μὲν
459 1790 549 1846 οὖν
590 1794 755 1863 ἠθικὰ
800 1793 1091 1865 πρώτιστα⁸
1118 1797 1329 1850 πάντων
1370 1798 1652 1867 φιλοτίμως

1831 1792 1909 1848 Ac
1939 1809 2047 1862 pne
2069 1795 2274 1846 caeteris
2291 1794 2503 1861 quidem
2533 1794 2783 1847 omnibus
2802 1832 2817 1856 ,
2848 1808 2907 1847 ea
2939 1809 3057 1863 quae
3083 1808 3320 1850 morum.

107 1886 509 1955 ἐσπουδασμένα
538 1887 663 1955 παρ’
696 1887 895 1947 αὐτοῖς,
915 1886 1093 1956 ἔργοις
1114 1887 1244 1941 πολὺ
1277 1889 1534 1959 πρότερον
1554 1889 1657 1941 τῶν

104 1982 297 2049 λόγων,
325 1979 511 2049 μάθοις
546 1979 608 2031 ἂν
639 1979 705 2031 τὰ
733 1979 870 2031 κατὰ
898 1982 1019 2041 τοὺς
1043 1980 1238 2049 ἄνδρας
1270 1980 1659 2052 διασκοπούμε-

105 2090 210 2133 νος.
248 2072 401 2123 Ἐπεὶ
434 2072 526 2122 καὶ
557 2070 703 2133 τέλος
753 2069 969 2135 ἀγαθῶν
1016 2070 1108 2122 τοῦ
1154 2088 1210 2123 τε
1255 2072 1534 2142 μακαρίως
1561 2073 1657 2143 ζῇν

104 2162 333 2214 ὕστατον
376 2164 497 2232 ὅρον
544 2161 639 2230 τὴν
688 2160 984 2225 εὐσέϐειαν,
1031 2164 1128 2230 τήν
1177 2179 1235 2213 τε
1281 2162 1365 2214 διὰ
1413 2163 1509 2230 τῆς
1549 2164 1657 2216 τῶν

100 2254 249 2322 ἠθῶν
284 2254 663 2323 κατορθώσεως
694 2253 826 2322 πρὸς
871 2253 960 2305 τὺν
1007 2254 1135 2305 Θεὸν
1174 2255 1349 2322 φιλίαν
1388 2256 1655 2324 ὴγάσαντό

99 2362 159 2396 τε
190 2346 284 2397 καὶ
321 2345 675 2415 μετεδίωξαν·
708 2345 818 2396 ἀλλ’
871 2346 928 2397 οὐ
978 2346 1241 2415 σωμάτων
1287 2346 1494 2416 ἡδονὴν,
1536 2347 1652 2399 κατ’

113 2435 468 2503 Ἐπίκουρον’
527 2435 632 2485 οὐδ’
692 2430 758 2486 αὖ
818 2434 913 2504 τὴν
958 2435 1256 2504 τριγένειαν
1280 2435 1386 2487 τῶν
1418 2436 1651 2503 ἀγαθῶν,

103 2526 223 2577 κατ’
267 2524 659 2593 Ἀριστοτέλην,
690 2526 752 2582 τὰ
805 2526 929 2595 περὶ
971 2526 1144 2594 σῶμα,
1177 2528 1267 2578 καὶ
1309 2526 1376 2578 τά
1417 2526 1567 2590 ἐκτὸς
1597 2530 1651 2579 ἐν

107 2611 205 2681 iam
241 2616 353 2673 τοῖς
400 2614 496 2681 τῆς
539 2612 711 2682 ψυχῆς
754 2612 971 2680 ἀγαθοῖς
1002 2614 1421 2684 ὲκτετιμηκότα·
1455 2615 1513 2667 οὐ
1550 2615 1677 2685 μὴν,

105 2702 221 2754 οὐδὲ
243 2702 339 2772 τὴν
376 2704 602 2773 ἐσχάτην
634 2703 847 2770 ἄγνοιάν
878 2720 935 2753 τε
971 2703 1061 2754 καὶ
1086 2704 1320 2772 ἀμαθίαν
1346 2706 1409 2775 ἢν
1436 2706 1653 2775 ὀνόματι

104 2796 410 2865 σεμνοτέρῳ
432 2796 573 2857 τινὲς
599 2796 794 2865 ἐποχὴν
814 2796 1158 2863 ἀνειρήκασιν
1174 2812 1186 2823 ’
1208 2796 1319 2849 ἀλλ’
1342 2797 1447 2849 οὐδ’
1468 2795 1532 2851 αὖ
1558 2799 1653 2867 τῆς

99 2882 279 2951 ψυχῆς
307 2883 403 2951 τὴν
424 2885 619 2954 ἀρετήν
640 2902 652 2913 ·
679 2885 812 2954 πόση
838 2884 945 2953 γὰρ
969 2885 1025 2935 ὲν
1057 2881 1357 2955 ἀνθρώποις
1382 2886 1536 2957 αὕτη,
1561 2888 1652 2940 καὶ

102 2975 154 3025 τί
199 2973 321 3026 καθ’
356 2976 549 3045 ἑαυτὴν
598 2976 720 3028 ἄνευ
768 2977 900 3029 Θεοῦ
944 2979 1076 3049 πρὸς
1128 2980 1216 3030 τὸν
1261 2978 1461 3031 ἄλυπον
1528 2997 1651 3032 συν-

102 3064 265 3115 τείνοι
324 3066 388 3115 ἂν
439 3066 581 3134 βίονς
630 3067 705 3117 Δι’
765 3068 872 3119 ὃνει
922 3070 988 3120 τὰ
1042 3071 1214 3123 πάντα
1275 3071 1373 3139 τῆς
1430 3072 1506 3133 είς
1562 3071 1651 3123 τὸν

1761 1884 1826 1937 ad
1850 1884 2184 1955 disciplinam
2226 1888 2527 1954 pertinent,
2560 1899 2772 1940 summo
2822 1886 3053 1954 quodam
3092 1887 3159 1941 ab
3191 1886 3307 1942 illis.

1758 1976 2133 2045 praecipueque
2161 1976 2362 2039 studio,
2394 1976 2651 2044 longeque
2682 1983 2804 2030 ante
2830 1975 2989 2030 rebus
3018 1976 3149 2045 ipsis
3178 1977 3298 2031 cul-

1758 2071 1811 2118 ta
1858 2080 1977 2119 esse
2028 2080 2189 2132 quam
2237 2065 2435 2133 verbis,
2488 2065 2533 2118 si
2585 2079 2771 2118 eorum
2796 2065 3036 2143 instituta
3068 2068 3294 2122 scrutari

1755 2154 1949 2223 placet,
1982 2156 2267 2226 intelliges.
2295 2154 2427 2208 Nam
2456 2164 2532 2212 .et
2582 2156 2845 2211 bonorum
2875 2158 2974 2228 ipsi
3009 2159 3197 2226 tinem,
3242 2168 3294 2213 et

1757 2248 2239 2299 summnm'beate
2282 2246 2492 2299 vivendi
2540 2249 2864 2314 terminum,
2910 2250 3193 2317 pietatem,
3241 2258 3293 2303 et

1754 2334 2042 2403 profectam
2084 2350 2147 2389 ex
2197 2351 2405 2388 morum
2455 2336 2756 2405 integritate
2814 2336 2970 2407 512
3012 2354 3132 2392 cum
3184 2339 3291 2393 Deo

1754 2428 2209 2497 conjunctionem,
2243 2437 2348 2482 tam
2376 2429 2656 2496 diligenter
2676 2430 2942 2498 persecuti
2970 2438 3113 2493 sunt,
3131 2445 3291 2499 quam

1753 2520 2011 2589 complexi
2045 2521 2402 2575 vehementer.
2440 2520 2553 2575 Non
2599 2522 2711 2590 jam
2751 2522 2994 2591 corporis
3043 2523 3291 2594 volupta-

1754 2619 1881 2676 tem,
1913 2621 1970 2665 ut
1992 2610 2291 2681 Epicurus:
2336 2627 2440 2665 non
2472 2612 2660 2681 triplex
2694 2612 2822 2666 illud
2863 2611 3163 2669 Aristotelis
3197 2613 3295 2668 bo-

1753 2716 1941 2755 norum
1976 2718 2161 2770 genus,
2188 2703 2279 2771 qui
2324 2703 2563 2771 corporis
2611 2701 2946 2772 fortunaque
2993 2703 3130 2757 bona
3157 2743 3170 2767 ,
3206 2718 3296 2758 eov

1752 2791 1870 2845 dem
1904 2792 1957 2843 in
2003 2792 2121 2846 loco
2149 2794 2464 2861 pretioque,
2516 2807 2623 2862 quo
2672 2792 2837 2846 animi
2891 2808 3021 2862 opes
3067 2794 3290 2848 habuit:

1753 2898 1859 2936 non
1909 2898 2172 2937 summam
2223 2883 2365 2936 illam
2402 2899 2578 2937 rerum
2614 2884 2930 2953 imperitiam
2958 2896 3011 2939 et
3043 2885 3296 2953 ignoran-

1753 2976 1880 3028 tiam
1912 2976 2174 3038 omnium,
2208 2990 2368 3044 quam
2425 2974 2667 3027 nonnulli
2710 2974 3020 3029 honestiore
3058 2976 3291 3045 quodam
3332 2986 3339 2995 ‘

1752 3066 1970 3119 nomine
2018 3066 2347 3121 assensionis
2390 3066 2736 3120 retentionem
2768 3068 3140 3136 appellarunt:
3187 3085 3293 3124 non

104 3154 233 3205 Θεὸν
261 3155 490 3219 ἐλπίδος,
521 3157 814 3226 πείσματος
866 3157 1049 3230 ὥσπερ
1095 3162 1362 3232 ἀρῤαγοῦς
1425 3161 1650 3230 ἐξάψαν-

1752 3158 1980 3227 denique
2012 3158 2259 3211 virtutem
2304 3158 2472 3226 ipsam
2507 3158 2670 3211 animi
2700 3179 2712 3213 :
2750 3176 2871 3213 nam
2894 3162 3152 3229 quantula
3176 3171 3294 3215 tan—

101 3262 210 3307 τες,
266 3246 358 3298 τὸν
412 3233 625 3317 θεοφιλῆ

106 3337 224 3390 Ὀτι
278 3336 339 3405 δὴ
386 3340 412 3389 ὁ
453 3338 663 3391 πάντων
710 3340 925 3405 ἀγαθῶν
966 3342 1162 3411 ταμίας
1210 3342 1359 3409 Θεὸς,
1402 3343 1545 3413 ζωῆς
1575 3343 1649 3397 ὢν

102 3426 357 3495 πάροχος,
391 3427 481 3479 καὶ
524 3428 690 3497 αὐτῆς
740 3431 940 3502 ἀρετῆς
990 3434 1157 3504 πηγὴ,
1190 3435 1296 3487 τῶν
1332 3437 1455 3506 περὶ
1496 3436 1651 3507 σῶμα

101 3518 194 3569 καὶ
227 3517 337 3572 τῶν
368 3520 518 3582 ἐκτὸς
550 3520 797 3573 ἁπάντων
829 3520 1055 3593 χορηγὸς
1086 3525 1357 3596 ὑπάρχων,
1398 3526 1551 3597 μόνος
1585 3526 1649 3580 ἂν

100 3607 184 3678 εἴη
216 3610 353 3680 πρὸς
396 3611 485 3664 τόν
528 3612 789 3683 μακάριον
826 3612 937 3681 βίον
956 3654 969 3677 ,
1000 3614 1085 3685 τῷ,
1104 3615 1359 3687 τὴν-πρὸς
1383 3618 1539 3671 αὐτὸν
1567 3636 1650 3687 φι-

100 3700 218 3752 λίαν
254 3700 341 3753 διά
372 3702 469 3769 τῆς
498 3704 833 3773 παναληθοῢς
865 3706 1139 3769 εὐσεϐείας
1170 3708 1516 3779 στειλαμένῳ,
1550 3712 1648 3762 αὐ-

98 3788 328 3857 τάρκης.
375 3789 559 3841 Ἔνθεν
597 3794 625 3843 ὀ
657 3793 926 3860 πάνσοφος
968 3797 1185 3865 Μωσῆς,
1236 3798 1443 3867 πρῶτος
1482 3800 1650 3851 ἁπάν-

98 3895 205 3931 των
247 3881 427 3949 γραφῇ
477 3883 745 3951 παραδοὺς
793 3886 882 3937 τὸν
914 3885 1021 3938 τῶν
1064 3887 1167 3955 πρὸ
1199 3888 1359 3941 αὐτοῦ
1392 3889 1649 3960 θεοφιλῶν

112 3971 375 4043 Ἐϐραίων
407 3972 535 4042 βίον,
573 3974 661 4027 τὸν
706 3977 975 4031 πολιτικὸν
1024 3978 1154 4049 ὁμοῦ
1205 3981 1297 4033 καὶ
1352 3985 1647 4054 πρακτικὸν

98 4064 162 4117 δι’
207 4067 528 4137 ὑφηγήσεως
582 4069 853 4141 ἱστορικῆς
898 4071 1230 4125 ὐποτέθειται
1281 4075 1496 4145 τρόπον.
1544 4073 1649 4141 Ἧς

102 4155 420 4225 ἀρχόμενος,
448 4159 554 4211 ἀπὸ
583 4159 688 4211 τῶν
720 4161 942 4215 καθόλου
978 4162 1072 4233 τὴν
1098 4161 1437 4217 διδασκαλίαν
1464 4167 1647 4237 ἐποιή-

103 4262 250 4311 σατο,
320 4247 450 4300 Θεὸν
505 4251 609 4303 τῶν
662 4252 793 4305 ὅλων
838 4254 1005 4306 αἴτιον
1057 4256 1507 4325 ὑποστησάμενος,
1561 4274 1648 4308 κο-

102 4338 388 4407 σμογονίαν
417 4342 508 4394 καὶ
529 4343 962 4415 ἀνθρωπογονίαν
991 4343 1447 4417 ὑπογράψας.Είθ’
1480 4348 1645 4411 οὕτως

678 3250 833 3319 μόνον
876 3251 1155 3322 ἀπέφηναν
1191 3249 1328 3304 εἶναι
1368 3255 1644 3323 μακάριον.

1752 3251 1871 3304 dem
1902 3252 2015 3319 ipsa
2041 3252 2175 3304 inter
2203 3251 2448 3303 homines
2476 3248 2653 3303 futura
2686 3260 2847 3317 esset,
2884 3261 2976 3305 aut
3004 3253 3133 3322 quid
3177 3269 3291 3308 om-

1751 3342 1901 3406 nino,
1929 3341 1973 3396 si
2007 3340 2172 3396 Deum
2203 3356 2488 3410 seponeres
2516 3383 2529 3407 ,
2579 3343 2642 3396 ad
2681 3343 2845 3397 vitam
2889 3344 3132 3399 molestia
3156 3344 3294 3399 libe-

1751 3432 1971 3486 randam
2001 3448 2093 3502 per
2119 3449 2237 3488 sese
2264 3435 2479 3503 posset?
2518 3433 2697 3500 Quare
2734 3435 2913 3505 divina
2960 3450 3026 3490 ex
3075 3435 3289 3501 ﬁducia,

1751 3534 2006 3595 tanquam
2037 3541 2102 3581 ex
2130 3526 2256 3580 fune
2297 3528 2526 3595 quodam
2574 3528 2625 3581 vi
2654 3528 2797 3582 nulla
2832 3528 3127 3595 rumpenda
3159 3543 3290 3582 cun-

1752 3628 1835 3673 cta
1866 3619 2270 3687 suspendentes,
2311 3634 2432 3672 eum
2463 3619 2761 3681 duntaxat,
2804 3620 2895 3689 qui
2940 3620 3048 3675 Deo
3092 3622 3292 3677 charus

1749 3718 1910 3774 esset,
1938 3710 2150 3762 beatum
2190 3722 2307 3763 esse
2340 3718 2661 3763 statuerunt.
2700 3708 2840 3764 Deus
2876 3711 3177 3776 enimvero,
3212 3712 3289 3765 uti

1748 3801 2010 3854 bonorum
2029 3800 2275 3853 .omnium
2298 3800 2651 3868 dispensator,
2681 3810 2975 3872 auctorque
3012 3805 3131 3858 vitae
3150 3844 3165 3869 ,
3194 3818 3294 3858 nec

1750 3891 1910 3947 modo
1945 3892 2064 3947 fons
2104 3892 2319 3948 virtutis
2351 3894 2519 3963 ipsius
2543 3935 2557 3961 ,
2615 3910 2797 3950 verum
2848 3896 3010 3951 etiam
3048 3896 3307 3951 omnium.

1749 3994 1859 4040 tam
1893 3986 2136 4056 corporis
2182 4001 2342 4055 quam
2378 3986 2605 4044 fortuna:
2637 3987 2898 4041 bonorum
2926 3986 3145 4055 largitor
3172 3995 3314 4053 est,

1749 4080 1823 4133 ita
1856 4079 2003 4134 solus
2049 4078 2097 4132 ei
2131 4078 2198 4132 ad
2228 4079 2379 4132 beate
2409 4078 2691 4132 vivendum
2738 4080 2879 4132 satis
2907 4079 3131 4131 omnino
3184 4075 3292 4131 fue-

1748 4170 1835 4234 rit,
1864 4168 1956 4238 qui
1982 4167 2099 4237 ejus
2126 4167 2179 4222 in
2208 4168 2495 4223 amicitiam
2527 4183 2653 4223 vera
2684 4168 2753 4225 sit
2794 4183 2857 4222 ac
2903 4168 3077 4223 solida
3096 4169 3291 4238 pietate

1746 4268 2049 4327 susceptus.
2078 4257 2195 4325 Quo
2220 4257 2418 4313 factum
2446 4260 2604 4313 etiam
2631 4267 2733 4323 est,
2755 4260 2832 4313 uti
2859 4260 3290 4329 sapientissimus
3316 4304 3319 4305 ν

1749 4347 1836 4401 ille
1860 4346 2053 4411 Moses,
2085 4363 2207 4403 cum
2264 4350 2472 4418 primus
2526 4350 2788 4417 omnium,
2808 4348 3149 4417 Hebraeorum
3169 4350 3288 4404 illo-

98 4427 204 4479 ἀπὸ
238 4429 347 4481 τῶν
394 4430 614 4484 καθόλου
648 4434 739 4486 ἐπὶ
796 4436 862 4488 τά
908 4436 1047 4488 κατά
1082 4436 1243 4507 μέρος
1272 4438 1540 4507 προελθὼν
1570 4440 1645 4509 τῷ

1752 4454 1869 4494 rum
1919 4441 2105 4504 vitam,
2134 4441 2224 4511 qui
2272 4451 2394 4495 ante
2442 4456 2559 4497 sese
2604 4442 2805 4499 divinae
2850 4443 3011 4513 hujus
3046 4443 3289 4499 amicitiae

99 4518 258 4588 λόγῳ,
298 4521 391 4573 καὶ
432 4521 518 4573 διὰ
548 4522 644 4592 τῆς
673 4525 781 4577 τῶν
806 4528 1047 4581 παλαιῶν
1074 4528 1275 4598 ἀνδρῶν
1315 4530 1530 4600 μνήμης
1567 4532 1645 4595 είς

1752 4533 2034 4604 participes
2066 4532 2309 4596 fuerant,
2364 4534 2930 4604 scriptismandaret,
2975 4550 3082 4589 non
3110 4534 3287 4604 reipu-

98 4610 187 4661 τὸν
213 4610 313 4679 τῆς
340 4611 557 4663 ἐκείνων
579 4613 774 4683 ἀρετῆς
801 4635 859 4668 τε
885 4621 975 4671 καὶ
1008 4618 1309 4683 θεοσεϐείας
1346 4620 1501 4691 ζῆλον
1523 4622 1644 4687 τοὺς

1752 4625 1898 4679 blicae
1955 4624 2135 4690 modo,
2168 4625 2259 4680 sed
2291 4626 2454 4682 etiam
2490 4625 2830 4681 instituenda:
2873 4627 2994 4682 vita:
3020 4624 3246 4680 formam
3268 4666 3282 4690 ,

100 4703 354 4771 φοιτητὰς
394 4708 767 4777 παρορμήσας,
796 4710 852 4791 οὐ
900 4710 1003 4781 μὴν
1034 4711 1165 4764 ἀλλά
1206 4712 1297 4765 καὶ
1346 4714 1503 4777 αὐτὸς
1550 4717 1645 4767 αὐ-

1752 4717 2000 4773 historica
2031 4719 2340 4775 narratione
2363 4720 2671 4788 complexus
2714 4719 2806 4773 sit.
2834 4717 3002 4788 Cujus
3029 4719 3285 4773 doctrinae

98 4791 503 4864 θέντηςσνόμων
532 4797 763 4851 εὐσεϐῶν
794 4798 899 4852 τῶν
929 4804 1062 4871 πρὸς
1099 4804 1259 4858 αὐτοῦ
1290 4805 1648 4859 συντεθέντων

1752 4810 1812 4863 ab
1858 4808 2105 4863 universi
2126 4808 2425 4864 rationibus
2478 4809 2686 4863 initium
2728 4810 2912 4875 duxit,
2958 4825 3136 4864 rerum
3170 4824 3287 4863 om-

97 4885 443 4954 ἀποφανθεὶς,
492 4890 630 4944 κατὰ
680 4874 851 4945 πάντα
890 4892 1041 4963 δῆλος
1075 4896 1139 4949 ἂν
1169 4897 1251 4970 εἴη
1276 4899 1368 4954 τοῦ
1402 4899 1642 4969 φιλοθέου

1752 4902 1892 4955 nium
1925 4909 2197 4955 auctorem
2227 4900 2392 4955 Deum
2432 4909 2705 4965 statuens,
2742 4902 2867 4956 dum
2904 4902 3087 4957 mundi
3126 4902 3303 4959 simula

94 4976 294 5045 τρόπου
330 4979 417 5031 διὰ
456 4981 553 5051 τῆς
589 4982 694 5035 τῶν
740 4982 882 5052 ἠθῶν
921 4987 1232 5054 ἐπιμελείας
1266 4992 1519 5062 πρόνοιαν
1546 5009 1641 5043 πε-

1752 5004 1795 5047 et
1819 4992 2052 5046 hominis
2080 5001 2255 5046 ortum
2307 4992 2743 5065 molitionemque
2771 4995 3019 5050 delineat.
3052 4994 3185 5049 Tum
3215 4995 3283 5049 ab

98 5068 404 5138 ποιημένος,
435 5069 582 5125 ὥσπε
591 5091 621 5145 ρ
644 5070 736 5128 οὖν
768 5076 857 5127 καὶ
886 5074 1037 5127 τοῦτο
1065 5077 1341 5147 προλαϐὼν
1362 5083 1388 5133 ὁ
1415 5082 1567 5150 λόγος
1587 5084 1652 5136 ὲν.

1752 5084 2006 5138 universis
2065 5084 2171 5138 illis
2225 5085 2291 5139 ad
2346 5085 2644 5153 singulares
2699 5090 2941 5143 oratione
2998 5088 3279 5154 delapsus,

94 5161 203 5221 τοῖς
236 5160 467 5229 πρόσθεν
500 5165 726 5235 φανερὸν
747 5169 1123 5237 κατεστήσατο.
1149 5170 1371 5241 Μακρὸν
1400 5174 1443 5227 δ’
1470 5173 1535 5227 ἂν
1558 5173 1637 5243 εἴη

1752 5176 1867 5231 dum
1900 5175 2201 5230 renovanda
2232 5175 2530 5245 priscorum
2576 5162 2789 5232 illorum
2821 5178 3077 5233 memoria
3114 5176 3278 5229 lecto-

94 5249 341 5310 καὶτοὺς
382 5248 507 5318 ἑξῆς
539 5253 675 5319 μετὰ
712 5256 912 5309 Μωσέα
962 5259 1396 5329 προφήτας,τούς
1428 5281 1484 5315 τε
1522 5264 1640 5318 τού-

1752 5283 1827 5323 res
1850 5266 2227 5334 auditoresque
2250 5281 2377 5321 suos
2408 5269 2472 5321 ad
2500 5270 2737 5337 ipsorum
2775 5268 3023 5322 virtutem
3050 5280 3111 5320 ac
3156 5266 3277 5319 reli-

91 5357 199 5394 των
253 5344 675 5411 προτρεπτικῶς
715 5347 812 5415 μὲν
844 5349 1059 5421 ἀρετῆς,
1095 5354 1522 5422 ἁποτρεπτικοὺς
1582 5358 1644 5412 δὲ

1752 5361 1947 5430 ςὶοιιοηι
1986 5358 2296 5413 imitandam
2337 5361 2686 5427 exstimulat;
2738 5361 2843 5415 imo
2887 5360 3012 5413 dum
3058 5360 3280 5429 ipsemet

90 5430 287 5523 κακίας
325 5432 539 5523 ἀπάσης
582 5432 788 5501 λόγους.
824 5440 880 5493 ὲν
911 5442 1042 5512 τῷδε
1086 5444 1525 5499 καταϐάλλεσθαι.
1576 5450 1638 5502 Τί

1752 5467 1911 5521 legum
1960 5450 2417 5507 sanctissimarum
2451 5464 2723 5509 auctorem
2756 5451 2913 5507 simul
2952 5454 3280 5523 latoremque

88 5519 215 5617 6‘s!
244 5520 429 5617 σοιτοιῖ
448 5525 1110 5617 σοφωτάτου-Σολομῶντος
1124 5532 1220 5597 τὰς
1244 5534 1433 5603 ἠθικὰς
1464 5554 1635 5607 παρα-

1752 5519 2045 5612 prolitetur,
2088 5558 2249 5611 quam
2280 5545 2519 5599 studiose
2547 5544 2690 5598 illam
2738 5543 2967 5599 hominis
3000 5560 3123 5599 cum
3171 5519 3277 5600 lico

90 5608 309 5711 φέροιμι
339 5608 704 5677 διδασκαλίαςς
725 5609 803 5675 οἷς
820 5616 848 5655 δ
877 5619 966 5682 καὶ
985 5620 1193 5674 οίκείων
1220 5612 1387 5689 λόγων
1408 5623 1635 5694 ἀνέθηκε

1752 5633 2193 5699 :onsuetudinem,
2224 5642 2466 5703 suscepta
2497 5648 2705 5688 morum
2731 5649 2956 5691 censura
2992 5650 3276 5705 promove-

90 5704 445 5769 σύγγραμμα,
473 5704 783 5771 Παροιμίας
810 5706 1163 5778 ἐπονομάσας,
1197 5713 1481 5783 ὲπιτόμους
1502 5716 1636 5785 γνώ-

1752 5725 1827 5789 Ἧ,
1852 5734 2031 5795 aperte
2052 5726 2300 5781 omnibus
2328 5726 2609 5797 palamque
2638 5733 2885 5790 testatur,
2920 5704 3007 5783 uti,
3029 5729 3143 5799 jam
3180 5742 3274 5783 su-

200 5824 226 5853 ι
259 5812 345 5867 ισ.
374 5813 481 5871 διό.
572 5820 707 5875 1δῖον.
748 5814 854 5884 αἷς.
