3994 6340
662 426 763 485 851
1023 425 1039 435 ’
1316 425 1587 484 EUSEBII
1619 424 2096 484 CAESARIENSIS
2127 423 2275 481 OPP.
2318 425 2496 482 PARS
2532 424 2594 482 ll.
2632 456 2700 468 -
2738 426 3227 485 APOLOGETICA.
3792 425 3884 479 852

654 543 961 615 perioribus
989 544 1144 600 libris
1172 545 1527 602 ostendimus.
1552 546 1624 600 At
1642 546 1863 618 longum
1900 561 2030 601 sane
2051 544 2209 611 foret,

2318 562 2423 617 μας
2452 544 2862 617 ἀποφθέγμασιν
2894 548 3131 611 ἐοικυίας
3150 546 3399 601 ὑποθέσει
3424 546 3747 618 περιλαϐὼν
3775 551 3881 618 μιᾷ.

653 650 779 689 cum
808 637 942 692 alios
970 638 1221 707 deinceps
1266 638 1554 708 prophetas
1577 680 1594 705 ,
1638 640 1733 708 qui
1771 638 1974 694 Mosem
2037 637 2207 693 secuti

2314 636 2421 688 Kal.
2441 637 2529 690 τὸν
2556 638 2653 707 μὲν
2676 637 2861 707 ήθικδν
2886 638 3084 710 τρόπον
3107 638 3275 710 ταύτῃ
3303 656 3377 710 πη
3403 640 3589 703 παῖδες
3615 638 3885 710 Ἐϐραίων

654 736 801 792 sunt,
832 735 944 781 tum
979 728 1219 798 singulos
1246 729 1483 799 ipsorum
1505 770 1520 796 ,
1572 730 1773 801 quibus
1820 731 1903 784 vel
1934 730 2000 785 ad
2038 736 2209 786 virtu-

2314 728 2379 780 ὲκ
2411 727 2671 794 παλαιῶν,
2707 730 2833 800 πρὶν
2878 730 2911 800 ἢ
2962 730 3055 783 καὶ
3090 730 3157 783 τά
3189 730 3379 803 πρῶτα
3411 732 3655 801 στοιχεῖα
3700 730 3887 801 μαθεῖν

656 825 762 873 tem
801 818 1177 883 adhortantur,
1210 822 1292 875 vel
1351 822 1705 877 dehortantur
1741 838 1771 876 a
1811 822 1979 888 vitiis,
2007 821 2206 877 oratio-

2318 819 2600 889 Ἕλληνας,
2632 821 2784 875 αὐτοί
2824 834 2883 874 τε
2925 822 3283 887 ἐπαιδεύοντο,
3310 822 3404 876 καὶ
3444 824 3557 887 τοὶς
3596 822 3886 893 προσιοῦσι

653 924 752 965 nes
790 911 895 966 hoc
923 912 976 966 in
1000 914 1252 968 volumen
1280 914 1571 970 includere.
1606 914 1744 982 Quid
1780 930 1942 984 porro
1965 957 1981 981 ,
2025 915 2079 969 si
2112 913 2209 968 tibi

2314 911 2416 982 τῆς
2446 913 2615 984 αὐτῆς
2640 913 2885 983 ἀφθόνως
2912 912 3222 967 ἐκοινώνουν
3249 914 3513 977 παιδείας.

652 1008 879 1063 moralia
910 1010 1291 1079 sapientissimi
1337 1009 1640 1067 Salomonis
1670 1021 1933 1081 praecepta
1963 1023 2404 1072 commemorem,
2443 1009 2641 1079 quibus
2665 1009 2931 1078 peculiare
2945 1007 3215 1079 quoddam
3242 1008 3587 1062 familiarium
3609 1008 3883 1062 dictorum

650 1118 790 1173 opus
817 1104 1089 1160 addictum
1112 1106 1299 1172 voluit,
1327 1123 1447 1176 qua:
1472 1106 1761 1163 Proverbia
1799 1108 2148 1186 nuncupavit,
2188 1105 2434 1160 concisas
2459 1105 2757 1175 brevesque
2784 1104 3080 1159 sententias
3104 1102 3614 1174 apophthegmatum
3650 1102 3881 1165 similes,

654 1215 764 1255 uno
785 1200 1018 1270 quodam
1043 1204 1343 1272 argumenti
1379 1219 1573 1271 genere
1600 1203 1965 1273 complexus?
2002 1203 2177 1273 Atque
2210 1200 2283 1254 ita
2319 1199 2528 1255 Hebrari
2580 1200 2693 1270 jam
2735 1200 2887 1267 olim,
2937 1198 3095 1269 513
3128 1198 3443 1269 priusquam
3486 1196 3665 1252 Graeci
3712 1197 3879 1265 prima

649 1292 910 1349 elementa
939 1294 1271 1364 didicissent,
1305 1313 1425 1352 cum
1454 1299 1671 1368 optimis
1701 1300 1801 1368 ipsi
1831 1298 2071 1353 moribus
2097 1297 2323 1351 instituti
2357 1304 2503 1359 sunt,
2537 1296 2726 1350 tumin
2755 1295 2995 1381 ejusdem
3024 1294 3183 1349 etiam
3203 1293 3501 1363 disciplina:
3531 1292 3878 1349 communio-

651 1400 798 1449 nem,
828 1395 1088 1457 quotquot
1123 1403 1241 1444 sese
1269 1391 1637 1456 convenirent,
1678 1390 1886 1461 prolixe
1923 1376 2222 1444 admodum.
2239 1403 2302 1442 ac
2323 1386 2617 1445 liberaliter
2640 1376 2981 1457 acceperunt.

1296 1484 1499 1539 IAPUT
1535 1484 1598 1539 V.

1296 1484 1402 1537 ‘AP
1535 1484 1598 1539 V.

721 1567 799 1624 De
818 1570 1157 1626 Hebrworum
1184 1484 1509 1643 ρίιὶῖοωρῖίιά
1542 1577 1597 1629 in
1624 1576 1924 1630 disserenda
1956 1576 2146 1644 posita.

2846 1481 3235 1535 ΚΕΦΔΛΛΙΟΝ
3273 1480 3347 1533 E’.

2383 1574 2531 1642 Περὶ
2547 1573 2658 1642 τῆς
2672 1574 2805 1642 παρ’
2830 1573 3113 1641 Ἑϐραίοις
3128 1576 3297 1641 λογικ
3306 1570 3375 1639 ἧς
3389 1570 3815 1640 πραγματείας.

729 1657 849 1713 Jam
873 1676 1002 1715 vero
1040 1672 1245 1732 partem
1285 1663 1430 1719 illam
1460 1666 1833 1737 philosophiae,
1860 1684 1980 1739 quae
2014 1670 2067 1724 in
2102 1669 2209 1725 dis-

2381 1666 2492 1718 Καὶ¹
2522 1666 2611 1720 τὸν
2639 1664 2849 1733 λογικὸν
2880 1665 2936 1717 δὲ
2974 1665 3172 1735 τρόπον
3213 1664 3311 1733 τῆς
3355 1662 3623 1734 Ἐϐραίων
3666 1663 3875 1731 φιλοσο-

662 1752 873 1806 serendi
918 1753 1126 1809 ratiOne
1164 1767 1432 1820 versatur,
1473 1768 1580 1811 non
1618 1760 1877 1814 contortis
1909 1762 2210 1830 sophisma-

655 1841 748 1906 tis,
784 1852 837 1897 et
871 1842 1152 1899 fallacibus
1185 1847 1666 1913 conclusiunculis,
1702 1858 1761 1904 ut
1800 1849 1971 1905 Graeci
2004 1852 2208 1915 solent,

2313 1755 2440 1823 φίας
2465 1754 2527 1806 οὗ
2554 1754 2803 1826 καθάπερ
2832 1753 3055 1824 Ἕλλησι
3104 1753 3275 1823 φίλον,
3302 1753 3561 1823 δεινότητι
3610 1753 3872 1822 σοφισμά-

2308 1862 2415 1899 των
2447 1845 2541 1897 καὶ
2566 1845 2843 1915 λογισμοῖς
2871 1845 3005 1916 πρός
3036 1845 3248 1914 ἀπάτην
3280 1843 3750 1915 τετεχνασμένοις,
3772 1843 3869 1896 δεῖν

656 1934 1009 1988 excolendam
1075 1936 1176 2005 ipsi
1226 1938 1666 2009 tractandamque
1717 1950 2075 2010 putaverunt,
2116 1941 2209 1996 sed

2311 1935 2473 2006 ῷοντο
2530 1936 2789 2007 μετιέναι,
2840 1935 3135 2007 καταλήψει
3188 1936 3243 1989 δὲ
3295 1936 3462 2005 αὐτῆς
3492 1933 3775 2005 ἀληθείας,
3810 1936 3869 2003 ἢν

657 2025 1015 2094 percipienda:
1056 2025 1236 2080 studio
1267 2028 1539 2082 veritatis:
1574 2029 1641 2082 ad
1676 2045 1839 2098 quam
1872 2030 1909 2083 ii
1941 2046 2091 2093 sane,
2115 2030 2209 2100 qui

658 2114 897 2168 divinam
934 2115 1075 2184 apud
1101 2115 1223 2171 illos
1251 2117 1569 2186 sapientiam
1604 2118 2012 2187 proﬁtebantur,
2048 2120 2207 2173 intel-

660 2203 879 2273 ﬁgentia
910 2204 1169 2260 ‘diviniori
1214 2205 1333 2260 luce
1362 2207 1695 2274 collustrata,
1740 2208 1965 2263 feliciter
2003 2208 2213 2276 aspira-

656 2303 804 2347 runt.
857 2294 1046 2361 Iidem,
1084 2297 1161 2350 uti
1186 2310 1376 2351 eorum
1408 2298 1570 2352 etiam
1618 2298 1853 2364 animos,
1881 2314 2019 2369 quos
2044 2298 2209 2353 disci-

655 2388 818 2456 plinis
840 2387 954 2442 suis
983 2388 1302 2445 imbuendos
1330 2391 1713 2459 suscipiebant,
1742 2392 1809 2445 ad
1844 2392 1988 2445 illam
2022 2406 2207 2462 capesv

658 2479 879 2533 sendam
924 2489 1198 2545 acuerent,
1236 2496 1419 2536 sacras
1457 2482 1523 2535 iis
1554 2483 1869 2548 sententias,
1908 2483 2208 2569 plenasque

658 2570 937 2640 gravitatis
980 2578 1033 2624 et
1079 2570 1376 2627 honestatis
1426 2571 1700 2640 historias,
1753 2588 1876 2626 cum
1914 2572 2207 2627 modulatis

655 2663 986 2735 alternisque
1056 2666 1425 2731 carminibus,
1489 2676 1634 2720 certa
1684 2681 2032 2720 numerorum
2091 2666 2207 2737 lege

657 2757 1084 2827 comprehensis,
1112 2756 1441 2827 problemata
1473 2757 1692 2827 insuper
1713 2766 1873 2827 atque
1899 2760 2202 2829 aenigmata,

657 2848 1055 2918 nonnullasque
1083 2850 1345 2914 eruditas,
1374 2859 1427 2904 et
1454 2850 1727 2919 allegoriis
1758 2833 2028 2905 involutas
2061 2866 2206 2919 quae-

657 2941 887 3005 stiones,
926 2956 1050 2995 cum
1080 2942 1370 2995 verborum
1402 2941 1690 3010 elegantia,
1716 2952 1769 2996 et
1796 2942 1947 2997 suavi
1980 2958 2077 3011 pro
2104 2942 2205 2995 lin-

2309 2028 2413 2080 ὑπὸ
2440 2026 2581 2080 θείου
2608 2028 2781 2096 φωτὸς
2810 2026 2907 2089 τάς
2932 2027 3106 2097 ψυχάς
3149 2027 3615 2095 καταυγασθέντες
3647 2028 3702 2080 οἱ
3750 2029 3867 2098 παρ’

2308 2120 2488 2182 αὐτοῖς
2521 2119 2785 2188 θεόσοφοι,
2822 2113 2977 2191 εὗρον
3022 2137 3079 2172 τε
3112 2121 3204 2173 καὶ
3236 2118 3628 2190 ἐφωτίσθηοαν.
3671 2119 3789 2186 Ἐφ’
3809 2120 3867 2187 ήν

2301 2212 2608 2275 ἀκονῶντες
2646 2215 2771 2275 τοὺς
2803 2210 2871 2264 τὰ
2896 2214 3065 2265 οἰκεῖα
3102 2214 3394 2283 μαθήματα
3430 2210 3860 2280 παιδευομένους,

2306 2304 2477 2371 λόγων
2519 2321 2578 2356 τε
2605 2305 2810 2368 ,αὐτοῖς
2840 2302 2997 2373 ἱερῶν
3036 2303 3387 2371 ἀπαγγελίας,
3417 2304 3666 2374 ἱστοριῶν
3695 2321 3755 2355 τε
3786 2321 3861 2356 σε·

2310 2396 2455 2466 μνῶν
2486 2397 2815 2467 διηγήματα,
2851 2394 3000 2465 ᾠδῶν
3046 2411 3106 2446 τε
3156 2394 3253 2446 καὶ
3302 2394 3523 2466 ἐπῳδῶν
3565 2396 3859 2466 ἐμμέτρους

2309 2489 2601 2554 συνθέσεις,
2650 2490 2743 2541 καὶ
2788 2487 2869 2539 ἔτι
2912 2487 3267 2558 προϐλήματα
3300 2489 3392 2541 καὶ
3432 2490 3753 2558 αἰνίγματα,
3778 2487 3857 2539 καί

2304 2598 2453 2645 τινας
2498 2579 2665 2648 σοφὰς
2701 2579 2793 2632 καὶ
2825 2578 3184 2650 ἀλληγορικὰς
3216 2577 3442 2649 θεωρίας
3477 2579 3613 2649 μετά
3642 2577 3854 2640 κάλλους

2305 2671 2575 2733 εὐεπείας,
2608 2669 2704 2723 καὶ
2730 2670 2826 2739 τῆς
2855 2670 2994 2723 κατά
3014 2669 3113 2741 τὴν
3150 2669 3354 2723 οἰκείαν
3382 2669 3625 2737 γλῶτταν
3671 2670 3851 2739 εὐφρα-

2305 2762 2429 2823 δοῦς
2475 2760 2832 2829 ἀπαγγελίας,
2868 2759 2926 2825 ἐξ
2969 2760 3049 2813 ἔτι
3087 2759 3285 2830 νηπίας
3311 2761 3490 2823 αὐτοῖς
3516 2761 3845 2831 παρεδίδοσαν

2305 2854 2536 2924 ἡλικίας.
2589 2855 2696 2909 Ναὶ
2726 2854 2831 2925 μὴν
2862 2853 2953 2907 καὶ
2982 2854 3089 2907 τῶν
3114 2852 3341 2923 πρώτων
3376 2853 3717 2926 μαθημάτων
3750 2850 3841 2903 δευ-

2306 2946 2535 3016 τερωταί
2579 2962 2720 3008 τινες
2746 2939 2885 3014 ἦσαν
2918 2942 3097 3005 αὐτοῖς
3117 2957 3130 2969 ·
3162 2940 3304 2995 οὕτω
3337 2940 3391 2992 δὲ
3415 2940 3568 3008 φίλον
3592 2940 3722 3002 τοὺς
3744 2938 3842 3004 €51;-

656 3049 776 3104 guaa
815 3034 1024 3088 ratione
1052 3034 1305 3088 dictionis
1346 3036 1527 3103 lepore
1555 3036 1896 3104 eonjunctas,
1940 3051 1970 3089 a
2005 3034 2206 3089 teneris

2311 3037 2476 3106 γητάς
2521 3036 2626 3089 τῶν
2683 3035 2809 3103 παρ’
2854 3038 3035 3096 αυτοῖς
3082 3032 3312 3102 Γραφῶν
3349 3028 3665 3099 ὀνομάζεινο
3706 3030 3753 3081 οἶ
3793 3026 3848 3079 τὰ

659 3124 967 3196 unguiculis
1002 3125 1338 3194 ingerebant.
1367 3124 1479 3179 Imo
1513 3126 1894 3194 primariarum
1925 3125 2087 3178 etiam
2119 3124 2205 3177 di-

652 3215 1004 3284 sciplinarum
1033 3212 1343 3270 deuterotas
1366 3215 1630 3283 quosdam
1659 3215 1895 3269 habuere
1934 3214 2034 3282 (sic
2060 3214 2206 3268 enim

653 3304 955 3362 litterarum
998 3323 1217 3361 suarum
1252 3308 1573 3375 interpretes
1603 3320 1798 3359 vocare
1830 3304 1972 3359 soliti
2006 3302 2204 3373 erant),

655 3397 749 3467 qui
784 3412 872 3452 res
904 3398 1207 3467 aenigmatis
1245 3397 1613 3461 adumbratas,
1660 3411 1769 3449 non
1801 3396 1962 3464 vulgo
1990 3395 2206 3463 quidem

654 3502 720 3541 ac
748 3487 1055 3557 promiscue
1090 3472 1365 3546 omnibus,
1408 3484 1501 3537 sed
1542 3483 1607 3537 iis
1639 3491 1837 3545 tamen,
1880 3482 1971 3551 qui
2015 3480 2083 3535 ad
2113 3496 2207 3537 eo-

654 3595 776 3634 rum
829 3577 1236 3647 intelligentiam
1285 3575 1464 3629 idonei
1512 3582 1882 3638 censerentur,
1933 3572 2209 3626 illustriori

661 3669 1023 3739 explicatione
1052 3669 1344 3737 aperirent.
1393 3665 1449 3721 ld
1486 3666 1644 3735 plane
1677 3675 1897 3721 secutus
1925 3664 2209 3734 sapientis-

658 3760 831 3815 simus
876 3761 1017 3827 apud
1054 3774 1147 3812 eos
1185 3756 1464 3819 Salomon,
1506 3756 1630 3811 inde
1667 3770 1882 3826 quoque
1932 3755 2016 3809 sui
2074 3752 2209 3807 Pro—

659 3852 953 3907 rerbiorum
985 3850 1162 3918 operis
1205 3850 1416 3903 initium
1453 3848 1599 3915 fecit,
1640 3850 1741 3903 hac
1786 3848 1897 3903 fere
1934 3848 1999 3901 de
2044 3864 2210 3904 causa

663 3945 729 3999 ad
765 3945 866 3999 hoc
898 3942 1163 3998 scribendi
1193 3956 1361 4010 genus
1394 3940 1683 3994 adductum
1725 3954 1783 3993 se
1817 3954 1936 3993 esse
1962 3948 2208 4003 testatus,

659 4053 782 4095 eum
830 4035 1050 4089 disertis
1102 4032 1488 4102 conceptisque
1544 4030 1723 4084 verbis
1766 4041 2013 4098 oportere
2045 4029 2209 4093 ait",

665 4146 683 4177 ι
720 4128 1013 4195 quemlibet
1062 4126 1335 4179 hominem
1392 4124 1531 4178 scire
1572 4120 1916 4191 sapientiam,
1957 4129 2011 4175 et
2049 4119 2208 4173 disci-

661 4218 888 4286 plinam,
926 4226 979 4269 et
1012 4216 1308 4284 intelligere
1346 4214 1506 4268 verba
1556 4213 1886 4282 prudentiae:
1936 4211 2212 4280 suscipere

659 4309 1032 4364 cavillationes
1058 4324 1392 4373 sermonum,
1426 4317 1477 4361 et
1508 4307 1802 4375 intelligere
1828 4306 2095 4375 justitiam
2121 4320 2211 4359 ve-

659 4414 798 4462 ram,
833 4407 885 4452 et
912 4398 1176 4467 judicium
1206 4398 1455 4467 dirigere.
1488 4394 1559 4449 Ut
1582 4397 1692 4459 det,
1726 4397 1920 4464 inquit,
1957 4397 2213 4449 innocen-

658 4492 806 4545 tibus
840 4490 1117 4553 astutiam,
1174 4498 1227 4542 et
1270 4487 1596 4541 adolescenti
1637 4503 1881 4553 sensum,
1926 4497 1982 4541 et
2018 4488 2212 4542 intelli-

658 4586 910 4655 gentiam.
942 4582 1067 4637 Haac
1092 4581 1235 4636 enim
1265 4582 1489 4635 audiens
1512 4580 1746 4649 sapiens,
1772 4578 2068 4649 sapientior
2088 4579 2211 4643 erit,

659 4689 714 4733 et
756 4679 1059 4749 intelligens
1097 4674 1459 4746 gubernacula
1497 4672 1812 4742 possidebit.
1863 4669 1927 4723 Et
1970 4669 2214 4724 animad-

662 4779 835 4823 vertet
859 4769 1192 4839 parabolatn,
1223 4778 1275 4822 et
1304 4766 1649 4820 tenebrosum
1690 4775 2015 4825 sermonem,
2050 4760 2213 4816 verba

665 4862 993 4932 sapientum,
1024 4870 1077 4914 et
1107 4861 1412 4930 aenigmata.
1449 4876 1468 4907 ι
1500 4855 1631 4922 Quae
1654 4852 1872 4925 quidem
1906 4853 2085 4923 aperis
2115 4852 2211 4905 hu-

658 4953 751 5021 jus
778 4950 1044 5021 promissa
1074 4951 1337 5017 ejusmodi
1383 4963 1505 5003 cum
1552 4952 1659 5001 sint
1680 4965 1704 5000 ε·
1728 4956 1843 5000 tum
1874 4957 2003 4998 vero
2028 4943 2214 5015 singu-

664 5044 746 5100 las
792 5057 1002 5107 eorum,
1036 5054 1156 5109 qua:
1184 5038 1326 5093 dicta
1373 5042 1501 5105 sint,
1542 5038 1959 5107 propositiones,
1998 5050 2215 5091 earum-

668 5153 775 5207 que
832 5133 994 5205 514
1055 5132 1381 5196 solutiones,
1441 5132 1586 5185 illam
1634 5130 1870 5200 denique
1916 5127 2214 5185 disserendi

668 5241 862 5294 artem,
900 5242 1023 5283 cum
1058 5224 1339 5279 hominum
1369 5224 1583 5277 illorum
1628 5222 1893 5293 sapientia
1920 5222 2216 5291 linguaque

667 5328 1079 5390 congruentem,
1118 5331 1237 5385 qua:
1276 5315 1477 5383 passim
1512 5316 1565 5368 in
1600 5314 1926 5385 propheticis
1965 5311 2216 5367 omnibus

669 5412 909 5482 ipsorum
944 5412 1137 5466 litteris
1167 5409 1397 5470 exsistit,
1426 5408 1711 5462 observare
1731 5407 1953 5477 quilibet
1984 5403 2180 5475 poterit
2199 5444 2213 5469 ,

671 5505 763 5575 qui
796 5505 957 5559 modo
986 5505 1154 5560 libros
1182 5500 1441 5557 orationis
1473 5514 1585 5553 suae
1616 5500 1944 5554 monimenta
1978 5497 2215 5567 comple-

634 5592 637 5595 λ
671 5609 772 5649 xos
798 5596 970 5650 otiose
996 5595 1235 5649 volutare
1262 5609 1325 5648 ac
1353 5590 1626 5661 perlegere
1649 5588 1893 5643 voluerit.
1924 5587 2211 5647 Praeterea,

673 5685 717 5741 si
753 5684 840 5739 cui
870 5684 1005 5739 forte
1031 5685 1254 5741 honesta
1287 5683 1549 5755 cupiditas
1574 5680 1745 5751 ipsius
1777 5692 1992 5750 quoque
2016 5678 2213 5749 lingua

744 5801 788 5831 "
821 5796 973 5855 Prov.
1016 5815 1056 5861 ι,
1093 5800 1140 5853 1.

2304 3127 2369 3178 δι’
2399 3125 2733 3195 αἰνιγμάτων
2775 3122 3201 3193 ὲπεσκιασμένα,
3239 3123 3287 3173 εί
3320 3120 3413 3173 καὶ
3447 3119 3521 3190 μὴ
3554 3122 3666 3182 τοῖς
3712 3119 3846 3177 πᾶσι,

2304 3219 2414 3279 τοῖς
2449 3214 2577 3284 γοῦν
2624 3214 2757 3284 πρὸς
2803 3212 2900 3284 τὴν
2948 3212 3148 3266 τούτων
3204 3211 3369 3281 ἀκοὴν
3411 3210 3754 3280 ἐπιτηδείοις,
3797 3204 3850 3259 δι’

2308 3308 2590 3380 ἑρμηνείας
2617 3307 2708 3359 καὶ
2741 3304 3037 3375 σαφηνείας
3065 3298 3360 3373 ἐξέφαινον.
3388 3301 3573 3375 Ταύτῃ
3595 3318 3676 3354 τοι
3712 3299 3852 3354 πάλιν

2305 3401 2333 3450 ὁ
2358 3398 2659 3465 σοφώτατος
2687 3395 2834 3466 παρά
2860 3394 3029 3447 τοῖσδε
3054 3393 3318 3464 Σολομὼν,
3343 3392 3548 3445 ἐνθένδε
3587 3391 3750 3446 ποθὲν
3768 3388 3850 3459 τὴν

2308 3490 2580 3561 καταρχὴν
2606 3486 2702 3541 τοῦ
2725 3488 2829 3541 τῶν
2857 3484 3185 3556 Παροιμιῶν
3206 3482 3491 3556 ἐποιήσατο
3512 3483 3851 3554 συγγράμμα-

2308 3599 2416 3644 τος,
2443 3580 2718 3650 μονονουχὶ
2745 3579 2842 3648 τὴν
2893 3577 3069 3630 αἰτίαν
3112 3575 3259 3646 αὐτῷ
3293 3576 3390 3645 τῆς
3424 3574 3636 3644 γραφῆς
3666 3574 3848 3641 ταύτην

2308 3669 2445 3725 εἶναι
2488 3670 2721 3735 διδάξας,
2757 3669 2826 3722 δι’
2853 3661 2928 3721 ὧν
2974 3668 3154 3730 αὐτοῖς
3180 3668 3403 3737 ῥήμασι,
3442 3684 3460 3716 ι
3495 3665 3605 3717 δεῖν
3645 3684 3663 3715 ι
3700 3665 3848 3733 ἔφησε

2315 3784 2334 3815 ι
2366 3764 2540 3817 πάντα
2574 3761 2737 3832 ἄνδρα
2764 3759 2963 3828 γνῶναι
2993 3759 3181 3829 σοφίαν
3214 3758 3305 3811 καὶ
3331 3757 3601 3822 παιδείαν,
3631 3759 3723 3812 καὶ
3748 3756 3847 3826 νοῆ-

2312 3874 2399 3910 σαι
2434 3854 2619 3921 λόγους
2665 3854 2992 3925 φρονήσεως,
3021 3849 3272 3915 δέξασθαί
3310 3866 3370 3903 τε
3402 3848 3640 3921 στροφὰς
3673 3850 3847 3915 λόγων,

2310 3948 2493 4017 νοῆσαί
2522 3963 2577 3999 τε
2611 3944 2949 4016 δικαιοσύνην
2979 3943 3172 4015 ἀληθῆ,
3197 3944 3290 3997 καὶ
3321 3944 3493 4013 κρῖμα
3508 3938 3852 3994 κατευθύνειν.

2313 4041 2398 4091 ἵνα
2446 4038 2541 4107 δῷ,
2597 4039 2778 4106 φησϊν,
2813 4038 3038 4099 ἀκάκοις
3088 4032 3442 4104 πανουργίαν,
3480 4029 3636 4083 παιδί
3680 4044 3737 4081 τε
3764 4025 3849 4093 νέῳ

2312 4130 2559 4199 αἴσθησιν
2606 4132 2697 4181 καὶ
2745 4128 2964 4181 ἔννοιαν.
3022 4124 3201 4177 Τῶνδε
3253 4122 3359 4192 γάρ
3408 4118 3647 4182 ἀκούσας
3688 4116 3845 4183 σοφὸς,

2314 4221 2613 4291 σοφώτερος
2634 4220 2817 4273 ἔσται’
2850 4220 2879 4272 ὁ
2906 4218 2961 4269 δὲ
2986 4216 3078 4285 νοή
3088 4231 3203 4285 μων
3238 4213 3560 4283 κυδέρνησιν
3591 4212 3845 4282 κτήσεται,

2314 4314 2493 4382 νοήσει
2515 4329 2573 4364 τε
2603 4308 2933 4382 παραϐολὴν,
2965 4306 3057 4359 καὶ
3086 4302 3354 4357 σκοτεινὸν
3382 4302 3557 4369 λόγον,
3594 4302 3774 4371 ῥήσεις
3798 4311 3848 4347 τε

2318 4407 2514 4476 σοφῶν,
2551 4407 2646 4459 καὶ
2690 4405 3002 4474 αἰνίγματα.
3034 4420 3052 4451 ι
3092 4399 3201 4453 Καὶ
3230 4399 3299 4453 τά
3328 4399 3425 4469 μὲν
3452 4398 3553 4467 τῆς
3577 4396 3673 4451 τοῦ
3704 4396 3851 4466 δηλω-

2315 4495 2495 4557 θέντος
2525 4494 2950 4565 συγγράμματος
3008 4489 3334 4557 ἐπαγγελίας
3361 4486 3589 4541 τοιαῦτά
3618 4504 3738 4541 τινα
3764 4482 3846 4554 ἦν’

2296 4584 2410 4646 -τάς
2435 4585 2479 4636 δ’
2508 4585 2564 4635 ὲν
2591 4583 2741 4655 μέρει
2768 4580 2875 4633 τῶν
2901 4578 3193 4649 λεχθέντων
3219 4578 3524 4651 προτάσεις,
3548 4575 3645 4631 καὶ
3670 4575 3849 4628 τούτων

2314 4674 2412 4737 τὰς
2442 4673 2733 4737 ὲπιλύοεις,
2766 4673 2864 4742 τήν
2889 4687 2948 4723 τε
2980 4670 3201 4741 λογικὴν
3224 4668 3626 4743 πραγματείαν,
3662 4663 3849 4724 οἰκείως

2316 4768 2382 4837 τῇ
2433 4764 2539 4817 τῶν
2579 4761 2785 4836 ἀνδρῶν
2822 4760 2981 4833 σοφίᾳ¹
3023 4778 3081 4815 τε
3114 4763 3208 4817 καὶ
3247 4762 3397 4831 φωνῇ
3423 4758 3513 4811 διά
3554 4754 3849 4810 πασῶντιῖη

2318 4858 2449 4926 παρ’
2491 4857 2671 4917 αὐτοῖς
2711 4854 3063 4926 προφητικῶν
3108 4852 3339 4927 Γραφῶν
3394 4848 3723 4920 φερομένην,
3764 4848 3849 4915 ὅτῳ

2320 4947 2489 5018 φίλον,
2513 4948 2611 5017 τῆς
2637 4944 2838 4999 τούτων
2870 4945 3155 5013 ἐντεύξεως
3171 4944 3271 5006 τὰς
3301 4940 3511 5012 βίϐλους
3546 4939 3641 5015 ἐπὶ
3682 4937 3849 5010 σχολῆς

2324 5036 2461 5108 μετᾶ
2490 5040 2674 5109 χεῖρας
2708 5037 2887 5091 λαϐὼν
2917 5039 3139 5091 εἴσεται.
3172 5035 3236 5087 El
3264 5031 3324 5086 δέ
3348 5047 3431 5095 τις
3457 5033 3551 5085 καὶ
3577 5030 3679 5101 τῆς
3706 5028 3850 5101 γλώτ·

2320 5147 2431 5200 της
2474 5130 2641 5200 αὐτῆς
2682 5130 2979 5200 φιλοκάλως
3019 5127 3225 5198 γένοιτο
3262 5125 3320 5177 έν
3351 5122 3531 5195 πείρᾳ,
3565 5122 3664 5177 ῐδοι
3690 5123 3755 5178 ἀν
3781 5114 3850 5173 οἷο

2324 5221 2471 5293 παρά
2521 5221 2828 5294 βαρϐάροις,
2866 5220 3061 5291 ἄνδρας
3112 5214 3694 5285 λογικοπάτους,οὐδὲν
3724 5229 3848 5283 σοφι-

2325 5313 2465 5367 στῶν
2514 5314 2631 5367 οὐδὲ
2679 5313 2919 5385 ρητόρων
2958 5307 3282 5370 ἀποδέοντας
3328 5308 3396 5378 τῇ
3436 5305 3613 5377 οἰκείᾳ
3639 5305 3847 5373 γλώττῃ.

2324 5400 2444 5457 Εἶεν
2485 5403 2527 5456 δ’
2574 5402 2640 5456 ἀν
2682 5404 2863 5463 αὐτοῖς
2913 5398 3006 5452 καὶ
3039 5397 3300 5469 ἐμμετροι
3326 5397 3589 5468 ποιήσεις,
3618 5394 3696 5459 ὡς
3724 5397 3850 5465 ήμε-

2320 5495 2456 5565 γάλη
2516 5495 2754 5556 Μωσέως
2786 5490 2899 5562 ᾠδὴ
2937 5489 3033 5543 καὶ
3081 5488 3175 5543 τοῦ
3221 5488 3401 5543 Δασὶδ
3430 5490 3461 5540 ό
3505 5485 3610 5556 ριη⁹
3640 5481 3846 5554 ψαλμδς,

2320 5586 2395 5655 τῷ
2439 5586 2753 5654 καλουμένῳ
2790 5582 2917 5653 παρ’
2947 5581 3197 5651 Ἕλλησιν
3215 5580 3376 5654 ἡρώῳ
3408 5579 3592 5650 μέτρῳ
3623 5590 3847 5631 συνεστα-

2325 5678 2686 5750 γμένοιυῡασὶ
2718 5674 2845 5745 γοῦν
2890 5673 3158 5747 ἑξάμετρα
3199 5670 3332 5729 εἶναι
3370 5669 3561 5737 ταῦτα,
3584 5669 3651 5723 δι’
3690 5663 3850 5724 δασὺ
