3994 6340
694 464 801 520 855

1355 464 1624 520 EUSEBH
1660 464 2132 522 CAL'SARIENSIS
2169 465 2317 521 OPP.
2355 466 2534 521 PARS
2573 466 2635 520 ll.
2676 496 2746 507 -—-
2784 464 3279 521 APOLOGETICA.
3813 465 3896 515 856

699 595 811 635 rem
862 577 1168 633 habendum
1211 593 1353 635 esse.
1394 600 1412 632 ι
1441 580 1579 635 Tum
1628 582 1721 637 ubi
1770 599 1961 638 rursus
1987 600 2132 651 eum,
2164 586 2241 639 cui

2358 584 2554 654 στάτην
2605 584 2815 653 ἔχοντος
2856 581 3186 635 διαλεκτικὸν
3232 580 3417 651 ἄνδρα,
3441 580 3487 631 εἰ
3521 579 3702 649 μέλλοι
3733 577 3893 641 καλῶς

700 680 845 726 recta
880 671 1163 724 nominum
1211 672 1351 725 ratio
1382 674 1607 743 cognita“
1641 675 1711 727 sit
1741 682 1900 743 atque
1946 684 2248 745 perspecta,

698 762 1036 817 dialecticum
1079 777 1375 831 verumque
1403 762 1681 816 nominum
1712 773 1986 817 auctorem
2018 748 2250 833 appella-

698 854 794 918 vit,
830 856 903 907 ita
929 854 1274 923 prosequitur
1308 870 1320 904 :
1359 872 1376 905 ι
1417 853 1575 908 Fabri
1599 856 1812 924 quidem
1841 855 2051 924 lignarii
2074 872 2249 925 operte

695 943 878 1005 fuerit,
904 945 1279 1014 gubernatoris
1300 945 1456 1014 jussu
1481 946 1691 1000 clavum
1724 946 1921 1010 moliri,
1950 946 2042 1016 qui
2064 956 2246 1015 aptum

695 1036 855 1089 modo
884 1037 1093 1089 clavum
1130 1036 1292 1091 istum
1322 1036 1517 1091 habere
1540 1036 1701 1091 volet.
1727 1036 1908 1092 Fuerit
1929 1053 2077 1093 sane.
2107 1038 2249 1107 Ergo

696 1124 1022 1193 legislatoris
1047 1127 1231 1194 utique
1260 1125 1440 1195 fuerit,
1472 1144 1535 1182 ex
1567 1128 1801 1183 hominis
1822 1129 2084 1183 dialectici
2110 1146 2247 1199 prte-

695 1222 865 1289 ceptis
898 1234 1094 1274 nomen
1133 1219 1428 1287 imponere,
1461 1220 1506 1275 si
1542 1221 1701 1275 modo
1730 1221 1831 1274 rite
1864 1221 2246 1291 imponendum

692 1315 815 1368 erit.
851 1312 941 1367 Sic
967 1321 1067 1365 est.
1107 1310 1227 1364 Tibi
1261 1312 1441 1380 igitur,
1470 1327 1503 1365 o
1531 1310 1913 1382 Hermogenes,
1946 1312 2243 1378 fatendum,

693 1406 908 1473 opinor,
956 1404 1091 1469 erit,
1143 1401 1281 1457 hanc
1332 1403 1611 1457 nominum
1665 1404 2084 1472 impositionem,
2137 1400 2244 1458 non

694 1494 807 1549 leve
837 1496 1117 1565 quiddam,
1152 1503 1211 1549 ut
1235 1494 1532 1558 existimas,
1577 1509 1674 1548 nec
1704 1494 2002 1564 vulgarium
2040 1512 2103 1550 ac
2136 1497 2246 1567 ple-

692 1587 938 1642 beiorum
966 1587 1245 1641 hominum
1276 1602 1411 1656 opus
1440 1601 1580 1652 esse,
1618 1586 1859 1655 adeoque
1892 1602 2015 1641 vere
2040 1588 2243 1643 dictum

692 1666 964 1751 aCratylo
989 1693 1090 1746 est,
1122 1695 1285 1734 suum
1329 1694 1359 1732 a
1404 1688 1597 1733 natura
1624 1678 1786 1735 rebus
1810 1680 1985 1735 inesse
2022 1697 2241 1747 nomen,

695 1787 795 1826 nec
823 1772 1083 1826 artificem
1132 1770 1412 1824 nominum
1462 1770 1706 1840 quemvis
1752 1785 1871 1825 esse
1917 1788 2097 1841 posse,
2150 1775 2243 1829 sed

690 1880 817 1919 eum
850 1865 1130 1928 duntaxat,
1166 1863 1259 1933 qui
1303 1871 1355 1917 et
1406 1864 1645 1919 innatum
1696 1868 1769 1920 rei
1816 1866 2007 1936 cuique
2046 1882 2241 1921 nomen

2351 675 2517 745 ὄνομα
2543 675 2862 744 τεθήσεσθαι
2885 674 3017 743 (25).
3052 675 3205 727 Ἔστι
3233 673 3421 725 ταῦτα.
3451 671 3891 738 Κινδυνεύειᾶρα,

2349 761 2393 819 ὧ
2437 766 2777 836 Ἑρμόγενες,
2828 761 2964 817 εἶναι
3022 765 3080 816 οὐ
3114 763 3331 831 φαῦλον,
3385 763 3459 825 ὡς
3490 764 3551 814 σὺ
3582 762 3703 824 οἴει,
3752 763 3788 831 ἡ
3819 760 3894 812 τοῦ

2348 858 2604 926 ὀνόματος
2635 856 2800 920 θέσις,
2821 857 2941 909 οὐδὲ
2960 856 3175 924 φαύλων
3198 855 3423 925 ἀνδρῶν,
3446 856 3562 906 οὐδὲ
3582 854 3690 905 τῶν
3717 856 3893 904 ἐπιτυ-

2348 948 2679 1017 χόντων.Καὶ
2694 950 2739 1000 Κ
2750 948 2968 1019 ράτυλος
2981 946 3151 1018 άληθῆ
3164 947 3332 1015 λέγει,
3351 948 3517 1015 λέγων
3535 947 3600 1016 apti
3609 964 3686 999 σει
3698 948 3759 999 τὸ
3774 946 3893 1015 (25")

2347 1040 2580 1108 ὀνόματα
2602 1035 2739 1093 εἶναι
2770 1042 2880 1101 τοῖς
2912 1040 3217 1109 πράγμασι,
3240 1041 3333 1091 καὶ
3356 1040 3415 1091 οὐ
3446 1039 3617 1091 πάντα
3648 1037 3895 1107 δημιουρ-

2346 1132 2439 1201 γὸν
2479 1133 2752 1204 ὀνομάτων
2805 1128 2943 1186 εἶναι
2966 1172 2981 1196 ,
3019 1132 3153 1185 ἀλλὰ
3179 1132 3336 1201 μόνον
3385 1133 3604 1193 ἐκεῖνον,
3639 1131 3729 1181 τὸν
3765 1132 3891 1181 dcto.

2346 1223 2607 1275 ϐλέποντα
2634 1223 2712 1285 εἰς
2740 1221 2800 1275 τὸ
2830 1224 2895 1293 τῇ
2924 1221 3081 1291 φύσει
3113 1220 3277 1291 ὄνομα
3310 1220 3368 1272 ’ὸν
3398 1220 3606 1289 ἑκάστῳ
3628 1259 3643 1283 ,
3684 1219 3783 1271 καὶ
3817 1218 3891 1269 δυ-

2347 1314 2574 1383 νάμενον
2613 1311 2775 1365 αὐτοῦ
2809 1311 2868 1363 τὸ
2910 1308 3045 1374 εἶδος
3076 1311 3277 1363 τιθέναι
3314 1311 3393 1373 εἷς
3425 1327 3483 1362 τε
3507 1310 3573 1362 τά
3597 1310 3890 1379 γράμματα

2346 1402 2561 1466 καὶτὰς
2612 1402 2896 1465 συλλαϐάς.
2931 1422 2949 1453 ι
2982 1401 3231 1454 Τοσαῦτα
3269 1400 3456 1465 εἰπὼν,
3510 1400 3642 1471 μετὰ
3674 1400 3889 1452 πλεῖστα.

2348 1494 2635 1567 βαρϐάρων
2662 1492 2812 1556 αὖθις
2843 1494 3098 1565 ἀναφέρει
3130 1494 3227 1564 τὴν
3259 1495 3476 1564 μνήμην
3499 1532 3512 1557 ,
3555 1493 3789 1547 κᾶπειτα
3826 1495 3890 1555 εἰς

2348 1587 2610 1657 Ἕλληνας
2643 1585 2791 1656 παρὰ
2818 1585 3103 1656 βαρϐάρων
3136 1587 3291 1656 ἥκειν
3322 1585 3390 1637 τά
3420 1584 3586 1637 πολλὰ
3632 1584 3740 1636 τῶν
3783 1584 3889 1637 ὀνο⁶

2348 1678 2531 1746 μάτων
2556 1676 2846 1745 διαρρήδην
2877 1675 3144 1745 ὁμολογεῖ,
3178 1675 3398 1743 φάσκων
3424 1677 3603 1737 αὐτοῖς
3634 1678 3887 1743 ῥήμασιν·

2350 1789 2368 1821 ι
2394 1767 2612 1831 Ἐννοῶ,
2640 1770 2721 1819 ὅτι
2740 1767 2908 1820 πολλὰ
2932 1770 2979 1820 οἱ
3000 1767 3254 1837 ’Έλληνες
3274 1767 3528 1837 ὀνόματα,
3542 1766 3712 1828 ἄλλως
3728 1784 3789 1818 τε
3807 1767 3887 1818 καὶ

2345 1861 2393 1911 οἱ
2439 1859 2541 1912 ὑπὸ
2587 1862 2703 1923 τοῖς
2734 1857 2843 1928 (26)
2885 1857 3177 1929 βαρϐάροις
3226 1856 3495 1920 οἰκοῦντες
3522 1896 3537 1919 ,
3587 1856 3733 1926 παρὰ
3791 1856 3886 1908 τῶν

692 1956 990 2026 pervidere,
1018 1966 1070 2010 et
1094 1958 1237 2011 illius
1259 1957 1423 2027 quasi
1470 1956 1698 2012 formam
1727 1924 2139 2013 litteris-deinde
2181 1974 2241 2013 ac

2346 1949 2635 2020 βαρϐάρων
2664 1924 2934 2019 εἰλήφασι.
2959 1924 3028 2000 ’Τί
3060 1924 3151 2003 οῦν
3183 1949 3244 2021 δή
3267 1949 3410 2020 (27);
3461 1949 3527 2001 Εἴ
3563 1966 3645 2015 τις
3669 1924 3882 2018 ζητοίη,

692 2050 914 2120 syllabis
945 2059 1331 2119 repraesentare
1360 2050 1551 2118 possit.
1584 2070 1603 2102 ι
1644 2049 1768 2103 Haec
1803 2051 1912 2105 ille.
1944 2050 2081 2105 Tum
2121 2052 2241 2121 plu-

690 2142 841 2196 ribus
887 2142 1215 2210 interjectis,
1270 2141 1626 2195 barbarorum
1674 2141 1866 2195 iterum
1918 2143 2240 2197 mentionem

691 2234 863 2301 facit;
916 2235 1108 2289 deinde
1143 2235 1250 2297 vim
1302 2249 1519 2304 quoque
1550 2235 1830 2287 nominum
1878 2234 2167 2288 maximam
2212 2252 2242 2291 a

691 2326 934 2380 barbaris
961 2325 1025 2379 ad
1054 2324 1269 2380 Gnaeos
1294 2324 1585 2394 profectam
1616 2340 1757 2389 esse,
1790 2326 1873 2381 his
1906 2327 2038 2396 ipsis
2066 2328 2243 2383 verbis

690 2420 921 2488 ingenue
947 2417 1263 2472 confitetur:
1292 2436 1307 2467 ι
1349 2416 1606 2487 Equidem
1637 2420 1716 2475 sic
1746 2420 2015 2487 existimo,
2046 2421 2240 2491 inquit,

689 2510 939 2577 (ἑταῖρος,
992 2526 1195 2581 eosque
1249 2510 1539 2579 przesertim
1594 2512 1687 2581 qui
1735 2511 1838 2567 sub
1888 2512 2241 2567 barbarorum

688 2612 954 2673 potestate
989 2605 1259 2670 vixerunt,
1296 2608 1552 2676 pleraque
1579 2609 1799 2663 nomina
1827 2624 1857 2662 a
1877 2609 2121 2665 barbaris
2148 2627 2241 2667 θος

689 2694 917 2762 cepisse.
958 2695 1096 2761 Quid
1122 2706 1234 2751 tum
1272 2707 1456 2767 postea
1483 2700 1506 2751 ?
1532 2698 1819 2765 Nimirum,
1851 2702 1896 2755 si
1931 2700 2052 2771 quis
2079 2718 2241 2771 quam

689 2787 779 2841 illa
822 2797 963 2843 recte
1013 2798 1241 2859 apteque
1289 2792 1627 2857 conveniant,
1672 2808 1739 2847 ex
1787 2792 1985 2848 Graecae
2022 2793 2238 2863 lingua},

688 2897 797 2935 non
844 2897 908 2935 ex
938 2883 1075 2951 ejus,
1126 2883 1266 2937 unde
1294 2893 1479 2937 natum
1513 2884 1765 2954 quodque
1791 2883 1971 2950 fuerit,
2004 2884 2244 2955 proprie-

690 2979 795 3025 tate
845 2981 1071 3041 quazret,
1119 2987 1242 3027 eum
1296 2975 1479 3043 utique
1525 2975 1797 3027 haesurum
1851 2975 2122 3045 intelligis.
2177 2972 2243 3028 Et

688 3060 881 3115 merito
925 3062 1164 3131 quidem.
1206 3082 1227 3114 ι
1278 3061 1547 3117 Hactenus
1584 3062 1757 3118 Plato.
1812 3063 1880 3117 At
1927 3064 2075 3117 illum
2110 3079 2241 3119 sane

688 3152 901 3223 Moyses
947 3155 1249 3219 antevertit,
1282 3154 1376 3223 qui
1423 3164 1607 3224 utpote
1659 3155 2089 3225 sapientissimus
2131 3172 2237 3210 non

2343 2042 2509 2095 ταῦτα
2544 2040 2684 2095 κατὰ
2708 2040 2805 2111 τὴν
2838 2040 3152 2111 Ἑλληνικὴν
3181 2042 3359 2110 φωνὴν
3390 2042 3464 2103 ὠς
3496 2041 3743 2100 ἐοικότως
3784 2039 3880 2109 (9.8)

2342 2136 2537 2197 κεῖται,
2572 2132 2705 2186 ἀλλὰ
2742 2132 2815 2202 μὴ
2845 2134 2963 2184 κατ’
2993 2132 3220 2203 ἐκείνην,
3242 2133 3300 2197 ἐξ
3320 2128 3385 2203 ἦς
3412 2133 3472 2185 τὸ
3497 2132 3664 2201 ὄνομα
3696 2131 3879 2199 τυγχά-

2341 2243 2419 2278 νει
2444 2225 2525 2289 ὃν,
2575 2222 2749 2288 οἶσθα,
2797 2224 2877 2277 ὅτι
2908 2225 3135 2296 ἀποροίη
3166 2225 3249 2279 ἄν.
3303 2226 3561 2287 Εἰκότως.
3601 2242 3620 2275 ›
3649 2223 3826 2275 Ταῦτα
3859 2225 3881 2275 ὀ

2342 2331 2581 2384 Πλάτων.
2623 2330 2815 2384 Φθάνει
2868 2348 2931 2399 γε
2982 2330 3086 2401 μὴν
3120 2332 3280 2384 αὑτὸν
3326 2330 3583 2399 Μωῡσῆς,
3607 2330 3685 2392 ὃς,
3718 2326 3799 2380 οἷα
3825 2329 3879 2398 δή

2344 2421 2501 2488 σοφὸς
2526 2422 2820 2491 νομοθέτης
2862 2420 2936 2474 ὣν
2966 2420 3099 2490 ὁμοῦ
3129 2422 3221 2475 καὶ
3254 2420 3620 2483 διαλεκτικὸς,
3665 2419 3880 2472 ἐπάκου-

2343 2530 2431 2565 σον
2456 2513 2507 2565 τί
2532 2530 2683 2583 φησι·
2719 2534 2736 2565 ι
2768 2514 2878 2565 Καὶ
2899 2514 3125 2566 ἔπλασεν
3142 2516 3183 2578 ,ὁ
3209 2513 3337 2576 Θεὸς
3363 2515 3426 2566 ὲκ
3452 2514 3551 2583 τῆς
3594 2514 3693 2583 γῆς
3722 2514 3879 2566 πάντα

2340 2604 2408 2657 τὰ
2431 2604 2591 2674 θηρία
2611 2603 2701 2657 τοῦ
2737 2604 2927 2673 ἀγροῦ,
2956 2604 3045 2657 καὶ
3071 2604 3242 2658 πάντα
3274 2604 3339 2658 τὰ
3368 2604 3589 2656 πετεινά
3616 2603 3707 2655 τοῦ
3735 2604 3878 2672 οὐρα-

2340 2694 2451 2757 νοῦ,
2482 2694 2575 2747 καὶ
2607 2696 2813 2765 ἢγαγεν
2852 2695 2990 2747 αὐτὰ
3016 2684 3152 2765 πρὸς
3181 2695 3273 2747 τὸν
3313 2694 3500 2763 Ἀδάμ,
3540 2694 3686 2751 ἰδεῖν,
3711 2692 3761 2743 τε
3790 2710 3876 2744 κει-

2340 2785 2482 2837 λέσει
2508 2784 2675 2837 αὑτά’
2709 2784 2801 2837 καὶ
2835 2785 2938 2835 πᾶν
2972 2783 3000 2835 ὃ
3046 2782 3113 2835 ἂν
3150 2781 3402 2834 ἐκάλεσεν
3424 2779 3553 2833 αὐτὸ
3600 2778 3761 2848 ’Δδὰμ
3786 2779 3875 2847 ψυ-

2328 2875 2439 2946 χὴν
2486 2876 2684 2939 ζῶσαν,
2734 2876 2889 2928 τοῦτο
2916 2872 2982 2945 ἦν
3016 2876 3182 2945 δνομα
3236 2873 3418 2927 αὑτοῦ.
3480 2892 3499 2922 ι
3537 2871 3634 2923 Διὰ
3671 2872 3767 2939 γὰρ
3788 2870 3867 2921 τοῦ

2341 2965 2526 3034 φάναι,
2592 2985 2609 3015 ι
2652 2965 2807 3018 τοῦτο
2842 2961 2908 3035 ἦν
2961 2964 3129 3034 ὄνομα
3172 2962 3332 3016 αὑτοῦ
3356 3004 3370 3028 ,
3421 2980 3438 3011 ι
3474 2960 3527 3012 τί
3556 2959 3680 3013 ἄλλο
3702 2959 3732 3027 ἢ
3755 2956 3873 3010 κατὰ

2341 3053 2499 3122 φύσιν
2521 3053 2789 3107 τεθεῖσθαι
2816 3054 2913 3117 τὰς
2938 3052 3305 3124 προσηγορίας
3334 3050 3655 3121 παρίστησι;
3693 3048 3750 3099 τδ
3783 3046 3875 3115 γὰρ

2340 3140 2630 3213 ἐπικληθὲν
2659 3142 2783 3213 ἄρτι
2811 3142 2941 3211 φησὶ
2967 3140 3123 3193 τοῦτο
3147 3141 3238 3193 καὶ
3262 3139 3426 3191 πάλαι
3454 3139 3712 3209 πρότερον
3736 3139 3788 3188 ἐν
3817 3134 3872 3202 τῇ

688 3242 965 3310 legislator
1012 3242 1193 3306 modo,
1244 3243 1337 3297 sed
1380 3243 1540 3296 etiam
1578 3242 1914 3308 dialecticus,
1959 3245 2059 3299 hac
2085 3246 2150 3301 de
2179 3262 2238 3302 re

2343 3233 2497 3301 φύσει
2528 3232 2893 3305 περιέχεσθαι,
2924 3226 3058 3283 εἶναι
3089 3248 3145 3283 τε
3177 3230 3267 3283 καὶ
3300 3230 3668 3299 προϋπάρχειν
3686 3228 3876 3295 ἑκάστῳ

686 3332 816 3401 quid
861 3333 1058 3386 scribat
1094 3334 1275 3401 accipe
1317 3350 1332 3394 ;
1364 3352 1383 3384 ι
1420 3332 1685 3388 Formatis
1730 3333 1894 3406 516
1933 3336 2127 3405 igitur,
2158 3338 2240 3391 in-

685 3425 803 3493 quit
828 3424 893 3490 ’3,
928 3423 1068 3477 Deus
1094 3424 1159 3478 de
1187 3424 1317 3478 limo
1340 3426 1549 3479 cunctis
1580 3426 1945 3482 animantibus
1974 3436 2150 3495 terrae,
2187 3438 2240 3483 et

690 3517 959 3569 universis
1014 3515 1323 3571 volatilibus
1368 3518 1508 3580 caeli,
1557 3518 1778 3573 adduxit
1827 3533 1897 3571 ea
1933 3519 1999 3571 ad
2045 3518 2236 3583 Adam,

689 3617 748 3661 ut
777 3609 1002 3674 videret,
1030 3610 1159 3679 quid
1185 3619 1402 3664 vocaret
1432 3625 1494 3663 ea
1523 3628 1535 3664 :
1567 3618 1620 3663 et
1650 3624 1833 3673 omne,
1859 3610 2004 3680 quod
2034 3612 2239 3665 vocavit
2292 3673 2298 3679 ,

686 3701 854 3775 Adam
876 3701 1068 3755 anima:
1088 3701 1338 3767 viventis,
1360 3702 1534 3772 ipsum
1551 3710 1666 3756 erat
1682 3716 1876 3755 nomen
1894 3702 2031 3771 ejus.
2059 3722 2079 3754 ι
2102 3703 2237 3757 Cum

689 3790 830 3843 enim
850 3791 944 3857 ait,
968 3810 986 3842 ι
1008 3793 1181 3859 ipsum
1204 3802 1320 3847 erat
1342 3808 1536 3846 nomen
1559 3792 1727 3861 ejus,»
1754 3794 1883 3862 quid
1909 3793 2054 3846 aliud
2076 3809 2237 3863 quam

687 3884 1093 3953 appellationes,
1145 3884 1221 3936 uti
1256 3892 1448 3936 natura
1498 3884 1823 3952 postulabat,
1873 3883 2072 3937 inditas
2122 3900 2241 3938 esse

688 3976 997 4048 significat?
1027 3975 1233 4044 Quippe
1271 3978 1414 4045 quod
1440 3976 1663 4046 jamjam
1692 3976 2003 4045 impositum
2044 3991 2239 4029 nomen

689 4067 884 4130 fuerat,
922 4068 1063 4121 idem
1113 4068 1281 4121 multo
1326 4076 1449 4121 ante
1494 4069 1545 4121 in
1588 4069 1701 4138 ipsa
1739 4078 1933 4123 natura
1972 4069 2239 4124 inclusum

688 4156 877 4221 fuisse,
928 4158 1169 4227 adeoque
1219 4173 1373 4213 suam
1428 4159 1573 4211 illam
1622 4160 1676 4213 in
1716 4159 1981 4230 appellato
2026 4177 2240 4231 quoque

690 4248 1097 4315 appellationem
1130 4259 1495 4320 antegressam
1529 4267 1650 4307 esse
1672 4253 1931 4321 declarat,
1958 4270 2119 4324 quam
2147 4255 2237 4308 dc-

689 4336 814 4392 inde
850 4338 931 4388 vir
979 4338 1066 4390 ille
1113 4339 1295 4393 divino
1348 4340 1551 4409 Spiritu
1592 4343 1838 4411 afﬂatus,
1913 4346 1965 4398 vi
2008 4346 2237 4414 quadam

690 4429 970 4497 superiore
1017 4430 1289 4497 imposuit.
1320 4431 1459 4496 Quin
1493 4433 1669 4501 ipsum
1708 4436 1869 4487 etiam
1897 4436 2090 4489 Adami
2136 4450 2238 4487 no-

2337 3321 2445 3374 τῶν
2476 3320 2948 3390 ὲπωνομασμένων
2972 3319 3125 3372 τοῦτο
3148 3319 3331 3390 ὄνομα,
3364 3319 3499 3389 ὅπερ
3525 3320 3553 3369 ὁ
3578 3317 3876 3387 δηλούμενος

2338 3413 2620 3485 ἄνθρωπος
2650 3411 2964 3474 ἐπιθειάσας
2986 3411 3489 3483 δυνάμεικρείττονι
3521 3410 3763 3462 τέθειται.
3778 3406 3877 3460 Καὶ

2338 3518 2470 3572 αὐτὸ
2502 3519 2557 3571 δὲ
2602 3519 2662 3570 τὸ
2725 3518 2913 3588 Ἀδάμ,
2960 3517 3219 3590 Ἐϐραίων
3259 3518 3497 3589 ὑπάρχον
3530 3516 3712 3585 ὄνομα,
3740 3508 3877 3580 παρὰ

2338 3609 2415 3680 τῷ
2434 3611 2620 3663 Μωσεῖ
2655 3607 2747 3661 τοῦ
2774 3608 3033 3679 γηγενοῦς
3077 3608 3359 3679 ἀνθρώπου
3382 3607 3575 3676 γένοιτ’
3596 3605 3660 3658 ἂν
3687 3601 3875 3655 ἐπώνυ-

2342 3716 2459 3770 μον,
2508 3699 2589 3751 ὅτι
2620 3698 2683 3767 δὴ
2726 3699 2853 3769 παρ’
2904 3698 3171 3772 Ἑϐραίοις
3207 3698 3373 3767 Ἀδὰμ
3418 3694 3576 3767 ήῇτῆ
3619 3692 3873 3746 καλεῖται·

2341 3792 2469 3860 παρ’
2498 3789 2526 3841 ὃ
2553 3788 2646 3841 καὶ
2693 3792 2721 3843 ὁ
2768 3791 2979 3861 πρῶτος
3035 3790 3267 3862 γηγενὴς
3310 3774 3520 3857 ἐτύμως
3568 3784 3729 3853 ’Δδάμ
3778 3782 3877 3833 ὑπὸ

2339 3880 2579 3943 Μωσέως
2633 3881 2934 3953 ἀνείρηται.
2977 3884 3128 3951 Ἔχοι
3154 3882 3196 3933 δ’
3224 3880 3287 3933 ἂν
3328 3887 3419 3931 καὶ
3448 3877 3612 3945 ἄλλην
3665 3876 3695 3943 ή
3728 3888 3877 3944 προσ-

2339 3971 2533 4041 ηγορία
2576 3971 2809 4026 διάνοιαν
2835 4012 2849 4037 ,
2889 3976 2966 4037 εἰς
3001 3973 3059 4026 τὸ
3083 3971 3306 4043 ἐρυθρὸν
3354 3955 3873 4040 μεταλαμϐανομένη,

2341 4062 2433 4114 καὶ
2459 4063 2556 4133 τὴν
2587 4064 2678 4116 τοῦ
2726 4064 2973 4134 σώματος
3015 4062 3332 4134 παριστῶσα
3373 4061 3552 4129 φύσιν.
3606 4058 3753 4111 Ἀλλὰ
3790 4058 3873 4109 τὸν

2345 4154 2441 4225 μὲν
2472 4154 2642 4226 γεώδη
2673 4156 2804 4226 (29),
2836 4158 2930 4209 καὶ
2959 4157 3160 4226 γήϊνον,
3188 4155 3279 4205 καὶ
3313 4152 3519 4222 γηγενῆ
3545 4193 3560 4218 ,
3596 4152 3627 4222 ἢ
3655 4152 3738 4203 τὸν
3781 4166 3875 4202 σω·

2343 4258 2566 4329 ματικὸν
2596 4262 2689 4312 καὶ
2718 4260 2971 4330 σάρκινον
3027 4256 3326 4329 ἄνθρωπον,
3354 4256 3429 4325 τῷ
3462 4255 3554 4308 τοῦ
3597 4254 3753 4324 Ἀδὰμ
3788 4254 3873 4303 ὲπ-

2339 4352 2644 4420 εσημήνατο
2673 4352 3033 4422 προσρήματι.
3054 4346 3286 4400 Καλοῦσι
3313 4348 3367 4399 δὲ
3394 4348 3487 4400 καὶ
3513 4347 3681 4409 ἄλλως
3708 4344 3874 4403 παῖδες

2354 4440 2613 4510 Ἐϐραίων
2642 4442 2731 4493 τὸν
2754 4441 3055 4510 ἄνθρωπον,
3095 4436 3256 4501 Ἐνὼς
3288 4437 3724 4509 ἐπονομάζοντες,
3745 4434 3794 4486 ὃν
3813 4431 3869 4500 δή

688 4537 833 4585 men,
890 4521 1033 4591 quod
1079 4520 1399 4577 Hebraicum
1451 4539 1544 4593 per
1597 4540 1717 4579 sese
1763 4534 1865 4593 est,
1918 4530 2040 4596 jure
2097 4529 2236 4597 apud

2346 4548 2504 4599 φασιν
2529 4527 2666 4584 εἶναι
2693 4533 2782 4584 τὸν
2816 4532 2871 4582 ὲν
2897 4532 3023 4599 ἡμῖν
3047 4520 3275 4598 λογικον,
3305 4530 3487 4601 ἕτερον
3517 4530 3643 4582 ὄντα
3672 4527 3760 4598 τὴν
3782 4523 3867 4594 φύ-

688 4614 888 4669 Mosem
922 4615 1153 4669 hominis
1181 4630 1209 4668 e
1242 4624 1379 4669 terra
1433 4619 1546 4671 nati
1576 4627 1991 4689 cognomentum
2014 4634 2235 4674 censea-

687 4714 796 4771 tur,
824 4723 948 4760 cum
975 4707 1114 4777 apud
1150 4706 1402 4763 Hebraeos
1450 4710 1618 4763 Adam
1668 4718 1807 4762 terra
1848 4720 2186 4779 nuncupelur
2222 4730 2233 4763 :

685 4810 752 4850 ex
780 4812 887 4865 quo
914 4797 1109 4853 factum
1142 4800 1233 4864 sit,
1266 4808 1324 4853 ut
1349 4802 1440 4870 qui
1470 4801 1676 4870 primus
1705 4816 1733 4855 e
1758 4810 1898 4855 terra
1926 4812 2083 4857 natus
2102 4810 2247 4866 erat,

759 4884 806 4915 ”
842 4883 974 4938 Gen.
1016 4902 1075 4948 ιι,
1119 4888 1173 4939 7.

685 4986 969 5053 catiost-ro
1002 4978 1435 5053 perspicueAsatis
1464 4982 1692 5049 auferes,
1726 4982 1862 5037 infra
1894 4997 2015 5053 pag.
2046 4981 2169 5035 520.

761 5046 1081 5117 (25)“Ρ1ιιῑο,
1109 5046 1385 5117 θήσεσθαι.

760 5114 893 5187 (25⁸)
934 5117 1021 5169 Τὸ.
1048 5114 1204 5187 Forte
1236 5119 1321 5171 τά.
1350 5118 1505 5173 Enn.

688 5257 738 5311 d_
762 5186 872 5255 (26)
902 5190 962 5239 Ol
995 5187 1107 5238 ὑπὸ
1141 5188 1283 5252 τοῖς.
1314 5189 1614 5243 Articulum
1648 5193 1701 5245 oi
1730 5206 1790 5246 ex
1824 5192 2043 5248 Platone
2086 5192 2236 5247 addi-

728 5273 884 5311 imus.
1569 5294 1573 5299 .

728 5273 884 5311 Imus.
1569 5294 1573 5299 .

761 5327 869 5398 (27)
904 5329 962 5381 Τί
996 5323 1105 5381 οὗν
1130 5325 1242 5392 δή;
1276 5338 1377 5381 etc.
1410 5326 1485 5381 ita
1521 5328 1705 5398 locum_
1730 5331 2089 5397 distinximus,
2122 5332 2242 5385 Pla—

692 5394 870 5470 tonem
926 5398 1115 5464 secuti,
1154 5399 1292 5470 apud
1339 5413 1497 5470 quem
1540 5398 1608 5449 Tt
1650 5394 1740 5451 οὖν
1783 5401 1879 5470 δή;
1913 5394 2087 5458 νει-Μ
2115 5412 2242 5456 sunt

696 5464 1041 5537 Hermogenis
1068 5483 1083 5521 .'
1115 5479 1169 5521 at
1190 5464 1461 5531 Socratis,
1491 5484 1609 5536 quae
1641 5464 1957 5537 seQuuntur.

762 5534 870 5605 (28)
897 5534 1167 5604 Εἰκότως.
1202 5539 1279 5591 Ita
1312 5534 1957 5607 rursus—distinguendum
1991 5543 2125 5605 fuit;
2159 5554 2241 5597 est

697 5607 836 5678 enim
886 5608 988 5678 hoc
1036 5610 1344 5663 adverbium
1398 5605 1749 5678 Hermogenis
1797 5607 2003 5665 Socrati
2051 5630 2236 5668 assen-

695 5674 893 5751 tientis.
924 5676 1059 5731 'lum
1089 5694 1237 5751 vero,
1268 5678 1397 5751 πῦρ,
1434 5674 1821 5751 ὕδωρξκύνας,
1848 5690 1901 5733 et
1929 5683 2062 5736 alias
2095 5684 2239 5751 ejus-

695 5742 836 5818 [ηυδῌί
888 5760 1068 5809 voces,
1104 5742 1363 5818 Phrygias
1415 5742 1593 5816 potius
1636 5764 1755 5803 esse
1802 5765 1962 5817 quam
2000 5742 2233 5813 Grai-as,

690 5816 763 5887 ait
799 5812 1065 5887 Socrates.
1110 5812 1274 5872 idet-if
1296 5812 1472 5872 tamen
1506 5819 1661 5879 infra,
1695 5812 1967 5887 pag—274,
2000 5812 2237 5875 indicare

689 5886 743 5941 vi
777 5894 911 5954 etur,
938 5886 1230 5957 primorum
1262 5890 1538 5944 nominum
1568 5886 1851 5959 rationem,
1875 5890 1955 5946 vel
1986 5893 2049 5947 ad
2086 5893 2234 5960 deos,

2347 4637 2427 4672 σιν
2458 4622 2549 4673 τοῦ
2581 4621 2810 4689 γεώδους
2853 4620 3038 4689 Ἀδάμ.
3080 4620 3321 4673 Διάνοιαν
3360 4620 3415 4673 δὲ
3445 4620 3683 4689 περιέχει
3727 4617 3809 4669 καὶ
3844 4614 3871 4665 ὁ

2352 4708 2513 4774 Ἐνὼς
2539 4710 3113 4779 οἰκείαν,ἑπιλήσμων
3142 4715 3205 4782 τῇ
3237 4713 3500 4783 Ἐλλήνων
3528 4708 3870 4781 ἑρμηνευόμε-

2342 4819 2428 4864 νος
2463 4807 2632 4873 φωνῇ.
2662 4802 2909 4855 Τοιοῦτον
2938 4803 2991 4855 δὲ
3022 4804 3259 4874 πέφυκεν
3294 4805 3555 4875 ὑπάρχειν
3599 4802 3658 4855 τὸ
3685 4804 3737 4855 ἐν
3759 4802 3866 4873 ἡμῖν

2344 4988 2424 5039 vel
2453 4987 2517 5041 ad
2552 4986 2811 5039 barbaros
2843 4988 3087 5043 homines
3123 5000 3374 5041 revocare
3405 4985 3557 5047 velle,
3587 4986 3863 5056 speciosum

2343 5057 2608 5124 quoddam
2661 5057 2805 5109 illius
2854 5058 3108 5127 eﬂugium
3155 5071 3306 5116 esse,
3342 5057 3431 5123 qui
3476 5054 3700 5111 rationis
3731 5054 3868 5120 hujus

2344 5125 2629 5196 reddenda:
2675 5128 2971 5181 molestiam
3011 5128 3321 5196 deprecetur
3354 5144 3365 5176 :
3398 5126 3459 5196 Et
3513 5125 3587 5196 μὴ
3635 5128 3758 5196 ἄρα,
3784 5125 3864 5191 δή,

2815 5152 2971 5181 suam
3011 5152 3309 5183 (ICUIUCCUII
3355 5152 3459 5177 ;nt
3514 5152 3586 5183 μη
3635 5152 3737 5183 αμα
3784 5152 3864 5183 Ui],

2344 5144 2629 5180 reauenuze
2675 5144 2971 5181 mmesuam
3011 5144 3321 5194 deprecetur
3354 5144 3365 5176 :
3399 5144 3459 5177 nt
3513 5144 3587 5196 μη
3635 5144 3737 5197 αρα
3784 5144 3861 5191 οη,

2344 5197 2535 5263 inquit,
2564 5195 2748 5266 ὥσπερ
2775 5200 2821 5249 oi
2844 5195 3246 5267 τραγῳδοποιοὶ,
3269 5195 3483 5267 ἐπειδάν
3513 5214 3565 5267 τι
3591 5195 3861 5267 ἀπορῶσιν,

2344 5268 2433 5316 ἐπὶ
2478 5267 2574 5325 τὰς
2610 5264 2847 5335 μηχανὰς
2880 5264 3477 5337 καταφεύγουσιζθεοὺς
3505 5264 3764 5337 αἴροντες,
3784 5264 3867 5337 καὶ

2343 5337 2501 5403 ἡμεῖς
2538 5334 2713 5399 οὕτως
2747 5339 2986 5398 εἰπόντες
3035 5334 3449 5405 ἀπαλλαγῶμεν.
3480 5334 3660 5390 and
3702 5334 3864 5403 πρῶτα

2342 5402 2579 5487 ὀνόματα
2612 5410 2665 5491 oi
2692 5408 2812 5491 ,θεοὶ
2862 5406 3076 5491 ἔθεσαν..
3108 5402 3249 5489 ’Ἄρα
3294 5402 3387 5483 καὶ
3430 5409 3559 5491 ήμξν
3604 5402 3861 5491 κράτιστος

2341 5468 2491 5546 οὗτος
2514 5477 2620 5530 τῶν
2649 5478 2853 5546 λόγωνς
2885 5476 2915 5543 ἢ
2948 5468 3772 5546 ἐκεῖνος,’ὃτι“παράβαρϐάρων
3797 5487 3860 5521 τι·

2342 5544 2443 5617 νῷν
2468 5548 2613 5617 ,αὐτὰ
2653 5545 3089 5617 παρειλήφαμενς
3126 5547 3249 5617 (εἰσὶ
3276 5546 3331 5597 δὲ
3366 5544 3857 5617 ή⁷μῶνγάρχάιότεροξ

2344 5614 2649 5685 βάρϐαροιο)
2684 5608 2877 5685 ﬁeri;
2899 5608 3026 5685 ὑπὸΔ
3052 5608 3416 5684 παλαιότητοξ
3451 5608 3704 5685 ἀδύνατον
3743 5608 3856 5685 cura

2340 5677 2725 5753 ἐπισκέψασθαι.
2746 5702 2759 5746 ;
2791 5678 2951 5735 Αῦται
2971 5682 3077 5752 γὰρ
3102 5685 3166 5737 ἂν
3191 5677 3355 5737 πᾶσαι
3382 5677 3621 5746 ἐκδύσεις
3639 5678 3757 5753 εἷεν,
3782 5677 3856 5753 κέιὶ

2343 5756 2481 5823 μάλα
2515 5745 2717 5823 κομψαὶ
2744 5753 2816 5819 τῷ
2851 5754 2920 5821 μὴ
2960 5745 3188 5807 ἐθέλοντι
3218 5754 3369 5821 λὰγον
3397 5745 3739 5819 διδόναιπερὶ
3766 5745 3855 5799 τῶν

2340 5824 2565 5896 πρῴτων
2593 5824 2883 5896 ὀνομάτων,
2912 5824 2985 5896 ᾡς
3012 5824 3180 5896 ὀρθῷς
3209 5830 3397 5896 κεῖται.

2407 5895 2515 5964 (29)
2553 5883 2723 5952 Ἀλλᾶ
2756 5894 2854 5947 τὸν
2872 5883 2985 5963 μέν
3012 5883 3207 5965 γὲώδὴ,
3231 5905 3333 5951 etc.
3350 5893 3480 5949 Vide
3504 5907 3658 5963 supra
3680 5904 3726 5960 ρ.
3747 5883 3847 5939 307.
