4038 6330
121 421 250 478 857

1266 414 1579 469 ΡΒᾹΞΡΑΒ.
1623 414 1872 471 EVANG.
1915 413 2040 468 LIB.
2082 410 2175 466 XI.

3243 409 3347 464 858

126 539 361 609 λογικὸν
398 538 496 610 τῆς
525 539 659 611 πρὸς
684 539 746 596 τὸ
789 539 979 611 θνητὸν
1022 539 1113 593 καὶ
1150 536 1340 607 ἄλογον
1383 539 1691 610 συμπλοκῆς

1796 539 1841 593 is
1864 554 1891 591 a
1920 537 2064 593 Mose
2089 537 2323 590 Adamus
2349 550 2476 590 vere
2514 551 2576 589 ac
2610 535 2824 604 proprie
2849 533 3136 589 diceretur.
3166 535 3346 602 Quan-

123 626 329 680 ἓνεκα.
372 626 442 679 Τὸ
495 626 594 697 μὲν
621 625 728 697 γὰρ
772 627 945 697 πάντη
981 625 1236 697 καθαρὸν,
1262 628 1357 680 καὶ⁴
1390 626 1693 696 ἀσώματον,

128 719 242 771 καὶ
276 717 432 782 θεῖον,
469 719 560 770 καὶ
579 717 809 784 λογικὸν,
841 701 898 770 ού
937 717 1092 786 μόνον
1119 716 1226 770 τῶν
1267 717 1495 788 πρόσθεν
1542 735 1694 786 γενο-

131 805 325 875 μένων
352 805 449 877 τὴν
482 807 718 875 μνήμην,
744 805 876 860 ἀλλὰ
910 807 1002 858 καὶ
1030 804 1136 860 τῶν
1161 805 1454 876 μελλόντων
1480 804 1695 858 ἔσεσθαι

130 896 242 967 τὴν
275 898 470 965 γνῶσιν
498 895 562 948 δι’
589 895 761 965 ἄκραν
785 896 982 966 ἀρετὴν
1011 896 1240 967 Θεωρίας
1264 896 1576 968 περιείληφε
1598 914 1610 926 ·
1636 896 1696 948 τὸ

131 988 183 1041 δ’
226 991 285 1042 ἐν
325 989 480 1060 σαρξὶ
509 987 889 1058 πεπιλημένον,
923 987 1125 1051 ὀστέοις
1153 1006 1210 1041 τε
1238 988 1330 1042 καὶ
1358 989 1568 1059 νεύροις
1600 1005 1697 1041 κα-

132 1072 662 1150 ταπεπαραμένονα,
715 1080 875 1147 ὄγκον
914 1097 970 1132 τε
1019 1080 1185 1150 μέγαν
1246 1081 1340 1132 καὶ
1380 1079 1546 1151 βαρὺν
1596 1083 1693 1131 ἐπ-

137 1169 475 1240 ηχθισμένον
529 1168 586 1220 τὸ
633 1169 808 1237 σῶμα,
869 1168 1034 1238 λήθης
1072 1168 1387 1238 πολλῆςκαὶ
1433 1167 1695 1239 ὰμαθείας

133 1260 365 1314 συνιδὼν
407 1261 434 1311 ὀ
484 1261 608 1328 παρ’
650 1260 914 1331 Ἑϐραίοις
946 1259 1431 1329 λόγος,-εὑθυϐόλῳ
1459 1261 1691 1332 κέκληκε

143 1349 509 1418 προσρήματι,
554 1347 715 1411 Ἐνὼς
747 1350 1098 1417 ἐπονομάσας,
1132 1350 1266 1419 ὅπερ
1280 1349 1428 1419 δηλοῖ
1446 1351 1534 1402 τὸν
1575 1351 1692 1401 ἐπι-

133 1421 402 1507 λήΞ-μονα.
433 1440 620 1492 Κεῖται
650 1437 777 1506 γοῦν
805 1441 950 1516 παρά
981 1458 1084 1516 ’τινι
1115 1442 1395 1512 προφήτῃ·
1432 1461 1450 1493 σ
1492 1443 1555 1494 Τί
1580 1445 1692 1494 ἐστι

133 1525 447 1598 ἄνθρωπος,
495 1529 572 1581 ὅτι
612 1532 891 1601 μιμνήσκῃ
930 1523 1126 1595 autat");
1164 1531 1196 1599 ἢ
1245 1533 1356 1594 υἱὸς
1386 1531 1688 1603 ἀνθρώπου,

131 1619 220 1671 ὅτι
252 1619 550 1691 ἐπισκέπτῃ
583 1621 778 1684 αὑτόν;
811 1641 828 1671 ι
871 1622 1008 1675 Ἀνθ’
1053 1617 1112 1676 οὗ
1166 1624 1225 1675 τὸ
1274 1623 1552 1694 Ἐϐραῖκόν
1601 1624 1693 1674 ἐπὶ

139 1711 240 1780 μὲν
275 1711 371 1781 τῆς
421 1709 637 1782 πρώτης
685 1710 776 1764 τοῦ
827 1711 1110 1782 ἀνθρώπου
1141 1713 1380 1784 κλήσεως
1418 1713 1477 1764 τὸ
1533 1712 1691 1775 Ἐνὼς

137 1802 483 1872 περιείληφεν
504 1820 515 1832 ·
545 1801 672 1855 ὡσεὶ
696 1803 843 1870 ἔλεγε
867 1803 1193 1874 σαφέστερον
1218 1822 1230 1834 ·
1272 1806 1333 1857 Τί
1367 1799 1516 1868 οὗτός
1547 1806 1691 1857 ἐστιν

1802 645 1961 699 quam
1995 638 2047 682 et
2076 628 2177 681 alia
2219 641 2434 696 quoque
2457 626 2824 694 appellationis
2855 627 3014 695 hujus
3048 627 3187 681 ratio
3227 643 3349 683 esse

1801 725 1998 787 potest,
2029 717 2184 786 quasi
2221 731 2285 768 ex
2314 715 2480 767 rubro
2514 715 2692 768 colore
2735 715 2982 781 ducatur,
3023 724 3076 768 et
3104 717 3347 784 corporis

1802 814 2051 860 naturam
2093 810 2458 872 repraesentet.
2505 803 2772 857 Caaterum
2812 803 3083 866 hominem
3132 805 3346 872 quidem

1801 895 2028 960 Hebraei,
2063 898 2153 951 sed
2186 904 2478 958 terrenum,
2525 903 2684 963 atque
2729 910 2792 948 ex
2835 906 2974 950 terra
3020 895 3200 966 ﬁctum
3245 911 3344 949 na-

1801 997 2039 1057 tumque,
2065 988 2146 1041 vel
2181 1003 2246 1040 ex
2279 1001 2502 1055 corpore
2537 1000 2804 1054 earneque
2836 985 3123 1052 conﬂatum
3156 986 3344 1039 Adami

1800 1078 2017 1131 nomine
2047 1077 2354 1146 signiﬁcant
2388 1095 2400 1130 :
2435 1085 2488 1130 at
2531 1070 2801 1129 hominem
2840 1076 2966 1128 dum
3000 1078 3216 1147 proprie
3254 1093 3348 1148 ap-

1799 1172 1997 1240 pellare
2043 1171 2248 1232 volunt,
2281 1185 2467 1223 vocem
2519 1167 2662 1221 Enos
2690 1182 2950 1235 usurpare
2995 1165 3184 1231 solent,
3239 1185 3342 1238 qua

1801 1261 1961 1314 homo
1989 1261 2077 1313 ille
2107 1269 2286 1313 noster
2318 1260 2524 1312 ratione
2555 1259 2828 1327 praeditus,
2860 1267 3015 1327 atque
3042 1258 3108 1311 ab
3135 1267 3347 1313 terreno

1798 1351 2003 1403 Adamo
2049 1359 2239 1402 natura
2298 1351 2576 1417 sejunetus
2625 1351 2976 1417 exprimatur.
3029 1347 3140 1402 Hoc
3183 1350 3345 1403 etiam

1798 1438 1942 1493 Enos
1975 1439 2245 1507 singulare
2277 1440 2454 1500 habet,
2490 1447 2546 1491 ut
2573 1441 2921 1490 immemorem
2953 1438 3135 1492 Graeca
3164 1438 3345 1508 lingua

1798 1530 2083 1599 signiticet.
2120 1529 2405 1582 Enimvero
2455 1529 2504 1582 id
2539 1530 2586 1580 ei
2622 1529 2754 1596 parti
2812 1541 3047 1592 nostra,
3089 1544 3210 1597 qua:
3252 1530 3346 1582 ad-

1791 1629 2032 1696 junctam
2076 1627 2336 1680 rationem
2377 1625 2556 1685 habet,
2586 1634 2800 1692 propter
2829 1624 2945 1690 ejus
2974 1640 3095 1676 eum
3130 1626 3345 1678 mortali

1796 1727 1850 1773 et
1884 1718 2111 1771 rationis
2143 1727 2360 1784 experte
2391 1717 2805 1781 commercium,
2844 1732 2941 1770 usu
2995 1716 3160 1769 venit.
3209 1716 3344 1771 Nam

1799 1807 1850 1860 id
1889 1823 2039 1870 sane,
2079 1807 2219 1874 quod
2250 1822 2442 1874 purum
2495 1807 2748 1867 omnino,
2783 1806 2922 1873 quod
2956 1807 3070 1859 sine
3099 1820 3342 1872 corpore,

133 1894 167 1945 ὁ
191 1892 520 1963 ἐπιλήσμων,
547 1895 625 1946 ὅτι
657 1894 740 1956 σὺ,
768 1887 811 1945 ὦ
832 1893 950 1954 Θεὲ,
982 1896 1257 1965 μιμνήσκῃ
1284 1895 1465 1959 αὑτοῦ,
1495 1896 1691 1966 καίπερ

1792 1899 1934 1966 quod
1962 1897 2200 1951 divinum
2234 1911 2296 1950 ac
2323 1897 2529 1949 ratione
2561 1889 2838 1964 praeditum
2867 1907 2966 1958 est,
2988 1912 3091 1950 non
3124 1905 3343 1964 printer-

134 1983 293 2049 δντος
319 1984 705 2054 ἐπιλήσμονος;
735 1985 806 2036 Τὸ
837 1986 911 2048 δὲ,
943 2004 961 2036 ι
995 1987 1064 2037 ’Ἡ
1095 1987 1206 2048 υἱὸς
1239 1987 1518 2056 ἀνθρώπου
1541 2027 1554 2051 ,
1613 1989 1690 2040 ὅτι

137 2077 442 2148 ιπιωιέπτῃ
473 2078 661 2142 αὐτόνς
688 2097 706 2128 ι
742 2097 760 2129 ι
794 2079 863 2129 ’Ἠ
906 2079 1020 2140 υἱὸς
1069 2079 1236 2148 Ἀδὰμ
1272 2099 1288 2130 ι
1320 2083 1496 2132 κεῖται
1545 2080 1692 2150 παρὰ

135 2172 255 2232 τοῖς
277 2170 615 2241 δηλουμένοις
634 2186 648 2200 ·
690 2171 763 2232 ὡς
787 2165 919 2223 εἶναι
955 2172 1044 2225 τὸν
1076 2172 1233 2224 αὑτὸν
1271 2173 1363 2225 καὶ
1412 2173 1577 2241 Ἀδὰμ
1599 2174 1692 2226 καὶ

151 2257 348 2323 Ἐνώς·
379 2261 471 2313 τοῦ
509 2261 605 2331 μὲν
640 2261 898 2331 σαρκικοῦ
930 2262 1015 2315 διὰ
1036 2262 1128 2315 τοῦ
1171 2263 1356 2334 Ἀδάμ,
1389 2264 1480 2317 τοῦ
1519 2265 1572 2317 δὲ
1607 2265 1693 2318 λο-

134 2352 294 2422 γικοῦ
346 2352 431 2406 διὰ
479 2351 571 2404 τοῦ
639 2353 801 2416 Ἐνὼς
849 2355 1270 2424 παρισταμένου.
1326 2355 1434 2408 Καὶ
1464 2355 1533 2409 τὰ
1595 2358 1692 2427 μὲν

149 2445 413 2516 Ἐϐραίων
453 2445 604 2513 λόγια
639 2446 778 2497 οὕτω
804 2465 916 2510 πως
943 2448 1136 2518 διαιρεῖ
1177 2449 1274 2520 τὴν
1324 2448 1690 2518 ὲτυμολογίαν.

147 2535 212 2588 Ὀ
235 2537 290 2589 δὲ
327 2537 545 2589 Πλάτων
575 2537 665 2589 τὸν
686 2539 964 2608 ἄνθρωπον
986 2542 1048 2610 τῇ
1088 2540 1346 2610 Ἑλλήνων
1367 2543 1510 2610 φωνῇ
1543 2542 1691 2610 παρὰ

134 2627 199 2681 τὸ
231 2629 475 2700 ἀναθρεῖ-κ
510 2647 639 2700 φησι
668 2630 981 2699 κεκλῆσθαι,
1016 2631 1216 2698 λέγων·
1250 2651 1267 2682 ι
1316 2632 1372 2682 Ὁ
1399 2633 1453 2684 δὲ
1487 2633 1692 2703 ἄνθρω-

136 2735 241 2781 πος
267 2719 381 2789 ἅμα
413 2720 638 2790 ἑώρακε,
672 2720 824 2772 τοῦτο
846 2720 901 2773 δέ
957 2723 1070 2773 ἐστι
1107 2722 1311 2787 ὄπωπε,
1349 2724 1442 2776 καὶ
1474 2723 1692 2794 ἀναθρεῖ

134 2813 236 2864 καὶ
289 2811 554 2879 λογίζεται
604 2812 756 2862 τοῦτο
809 2811 835 2861 ὃ
881 2811 1123 2874 ὄπωπεν,
1178 2813 1263 2865 ἵνα
1393 2813 1694 2885 ἀναθρῶνᾶ.

133 2901 340 2956 ὄπωπε.
369 2921 386 2952 ›
420 2903 583 2956 Πάλιν
626 2904 856 2972 Ἑϐραῖοι
885 2903 971 2954 τὸν
1001 2904 1163 2974 ἄνδρα
1194 2905 1245 2967 ῖς
1270 2905 1506 2958 καλοῦσι.
1550 2907 1698 2977 Παρ-

135 2995 297 3066 ῆκται
329 2995 383 3047 δὲ
436 2997 616 3059 αὐτοῖς
653 2996 885 3062 τοῦνομα
938 2995 1044 3046 ἀπὸ
1067 2993 1157 3046 τοῦ
1197 2994 1274 3059 ἒς,
1303 2997 1367 3049 δι’
1405 2991 1464 3049 οῦ
1497 2999 1692 3068 σημαί-

133 3102 282 3140 νουσι
312 3086 370 3136 τὸ
403 3086 512 3157 πῦρ
535 3126 548 3148 ,
579 3087 662 3139 ἵνα
773 3097 921 3156 παρα
958 3085 1016 3137 τὸ
1068 3083 1264 3156 θερμὸν
1316 3088 1409 3139 καὶ
1435 3089 1692 3160 διάπυρον

131 3175 238 3246 τῆς
267 3175 357 3226 τοῦ
385 3176 570 3247 ἀνδρὸς
599 3175 808 3246 φύσεως
839 3178 864 3228 ὁ
891 3175 1024 3246 ἀνὴρ
1068 3177 1465 3247 ὠνομασμένος.
1517 3179 1578 3231 Ἦ
1633 3180 1689 3232 δὲ

1791 1990 1986 2044 iterum
2025 1987 2184 2041 modo
2231 1986 2579 2051 memoriam,
2622 1986 2714 2039 sed
2737 1988 2897 2040 etiam
2926 1987 3224 2040 futurorum
3256 2004 3346 2042 co-

1790 2081 2100 2151 gnitionem,
2151 2080 2219 2132 ob
2270 2079 2379 2131 vim
2424 2078 2819 2146 contemplandi
2873 2095 3139 2132 summam
3191 2094 3346 2133 com-

1790 2161 2064 2242 plectitur.
2103 2170 2258 2234 Quod
2289 2179 2465 2223 autem
2495 2170 2643 2223 carni
2681 2179 2932 2238 tanquam
2978 2171 3094 2251 luto
3128 2171 3346 2225 immer-

1791 2278 1909 2316 sum
1942 2270 2048 2323 est,
2088 2261 2232 2329 quod
2281 2275 2348 2314 ex
2392 2261 2608 2315 ossibus
2652 2262 2939 2330 nervisque
2986 2271 3344 2331 compactum,

1790 2350 1933 2418 quod
1965 2337 2217 2416 imposito
2251 2362 2504 2417 corpore,
2534 2349 2678 2402 velut
2707 2348 2908 2416 ingenti
2944 2352 3172 2419 quadam
3208 2351 3347 2405 mole

1792 2454 2134 2509 oppressum,
2164 2437 2214 2490 id
2245 2453 2372 2492 cum
2417 2436 2672 2492 Hebrmus
2701 2441 2870 2493 multa
2898 2456 3020 2494 cum
3053 2443 3342 2511 oblivione,

1790 2541 1904 2584 tum
1948 2531 2219 2600 imperitia
2273 2529 2520 2583 laborare
2568 2530 2905 2598 intelligeret,
2956 2531 3100 2585 Enos
3143 2548 3342 2586 conve-

1790 2622 1960 2676 nienti
1983 2621 2305 2687 admodum,
2333 2629 2386 2674 et
2411 2619 2736 2673 oblivionem
2769 2622 3103 2690 signiﬁcante
3128 2624 3345 2677 nomine

1790 2713 2094 2781 appellavit.
2157 2711 2223 2764 Et
2271 2712 2488 2781 quidem
2549 2711 2686 2779 apud
2740 2713 2973 2781 aliquem
3026 2713 3343 2782 pr0phetam

1791 2804 2016 2874 legimus
2041 2805 2117 2857 9‘z
2163 2823 2179 2854 ι
2217 2802 2355 2867 Quid
2387 2814 2467 2856 est
2493 2803 2674 2869 homo,
2701 2807 2841 2872 quod
2874 2819 3078 2858 memor
3100 2821 3157 2859 es
3185 2805 3344 2874 ejus?

1792 2907 1883 2952 aut
1931 2898 2072 2951 ﬁlius
2108 2895 2342 2949 hominis
2369 2934 2383 2958 ,
2429 2894 2688 2962 quoniam
2739 2897 2925 2952 visitas
2954 2897 3124 2950 eum?
3159 2917 3177 2948 ι
3229 2898 3345 2962 Quo

1793 2991 1910 3044 loco
1936 2989 2196 3044 llebraiea
2227 2988 2409 3057 lingua
2438 3003 2536 3057 pro
2570 2989 2659 3042 illa
2693 2989 2854 3055 priori
2893 2988 3125 3042 hominis
3165 2988 3345 3055 appel-

1793 3081 2012 3144 latione,
2044 3093 2229 3132 vocem
2274 3077 2436 3147 Enos_
2463 3077 2742 3143 adhibuit;
2779 3078 2932 3147 quasi
2961 3077 3160 3131 clarius
3195 3078 3342 3131 dice-

1793 3179 1909 3224 ret:
1960 3169 2102 3235 Quid
2151 3169 2445 3223 obliviosus
2499 3170 2598 3224 iste
2645 3179 2747 3231 est,
2798 3178 2855 3222 ut
2906 3168 3044 3236 ejus,
3096 3183 3129 3221 ο
3176 3167 3341 3231 Deus,

132 3236 290 3337 γύνὴ,
316 3236 537 3337 ἐπείπερ
563 3236 771 3338 εἴρηται
795 3270 855 3321 ἐκ
881 3236 1461 3342 τοῦάνδροςεξλῆφθαι,
1480 3271 1568 3323 καὶ
1592 3271 1688 3341 τὴν

1791 3264 2103 3317 meminisse
2147 3261 2298 3326 velis,
2349 3277 2470 3316 eum
2518 3278 2690 3332 usque
2735 3263 2868 3316 adeo
2916 3262 2986 3315 sit
3016 3260 3346 3315 immemor?

132 3357 497 3427 προσηγορίαν
524 3361 857 3412 ἐπικοινωνεῖ
887 3359 962 3429 τῷ
984 3360 1155 3430 ἀνδρί.
1198 3359 1342 3412 Ἰσσὰ
1370 3361 1476 3431 γὰρ
1500 3364 1531 3430 ἡ
1555 3361 1688 3431 γυνὴ

131 3445 345 3514 λέγεται
378 3446 503 3517 παρ’
528 3449 725 3509 αὐτοῖς,
751 3448 937 3520 ὥσπερ
971 3449 1023 3512 ῖς
1050 3451 1076 3501 ὀ
1100 3450 1256 3519 ἀνήρ.
1298 3450 1352 3502 Ὀ
1383 3449 1440 3501 δὲ
1468 3451 1688 3502 Πλάτων

131 3538 225 3592 τὸν
242 3538 406 3608 ἄνδρα
434 3556 450 3587 ι
490 3538 634 3609 παρὰ
666 3539 762 3609 τὴν
793 3540 902 3592 ἄνω
937 3542 1062 3613 ῥοὴν
1096 3562 1113 3592 ι
1138 3541 1492 3612 ὀνομάζεσθαι
1523 3542 1686 3608 λέγει.

133 3629 247 3684 Kal.
271 3630 504 3695 ἐπιλέγει
523 3647 535 3659 ·
574 3648 592 3680 ι
642 3630 702 3682 'H
733 3631 787 3682 δὲ
812 3633 946 3702 γυνὴ
970 3634 1099 3704 γονὴ
1134 3651 1221 3703 μοι
1245 3633 1485 3702 φαίνεται
1511 3632 1690 3700 βούλε-

134 3721 263 3775 σθαι
307 3717 463 3776 εἷναι.
507 3741 523 3773 ι
556 3721 720 3773 Πάλιν
762 3723 961 3792 Μωσῆς
1001 3724 1091 3776 τὸν
1129 3725 1350 3795 οὐρανὸν
1388 3723 1595 3794 ἐτύμως
1622 3727 1685 3794 τῇ

144 3814 410 3885 Ἐϐραίων
437 3812 652 3884 γλώσσῃ
683 3813 962 3883 στερέωμα
991 3815 1414 3884 προσαγορεύει,
1453 3815 1600 3886 παρὰ
1629 3815 1689 3868 τὸ

132 3906 346 3976 πρῶτον
373 3901 527 3970 εἶναι,
556 3905 689 3975 μετὰ
718 3905 813 3976 τὴν
839 3903 1122 3974 ἀσώματον
1141 3906 1233 3958 καὶ
1262 3906 1452 3974 νοερὰν
1481 3907 1684 3972 οὐσίαν,

130 3996 286 4050 τοῦδε
313 3996 405 4049 τοῦ
445 3995 652 4066 κόσμου’
670 3997 880 4065 στερεὸν
914 3997 1006 4049 καὶ
1033 3996 1282 4066 αἰσθητὸν
1313 3997 1490 4066 σῶμα.
1538 3999 1595 4050 '0
1631 3998 1687 4051 δὲ

132 4084 443 4156 Πλάτωντῷ
470 4087 680 4158 οὐρανῷ
696 4104 854 4158 φησιν
883 4086 1055 4157 ὀρθῶς
1078 4087 1244 4156 ὄνομα
1267 4088 1496 4153 κεῖσθαι,
1515 4089 1599 4142 διὰ
1628 4090 1686 4141 τὸ

131 4175 587 4246 ἅνωόρᾷνποιεῖν.
611 4178 776 4230 Πάλιν
804 4177 1039 4248 Ἑϐραῖοι
1063 4177 1138 4246 τῷ
1159 4177 1254 4246 μὲν
1283 4179 1536 4249 ἀνωτάτω
1555 4179 1685 4250 (29⁸)

133 4264 228 4318 τοῦ
255 4265 384 4318 Θεοῦ
419 4267 602 4337 κύριον
628 4270 793 4338 ὄνομα
826 4269 1061 4339 ἄρρητον
1091 4264 1224 4320 εἶναι
1254 4264 1344 4320 κάλ.
1368 4269 1684 4336 ἄφθεγκτον,

133 4353 254 4406 οὐδὲ
288 4355 551 4425 φαντασίᾳ
575 4356 806 4420 διανοίας
840 4356 1038 4427 ληπτόν
1058 4375 1070 4388 ο
1099 4357 1227 4409 αὐτὸ
1253 4357 1307 4408 δὲ
1336 4358 1491 4410 τοῦτο
1514 4359 1631 4411 καθ’
1659 4359 1687 4411 ὂ

133 4445 265 4498 Θεὸν
285 4442 633 4514 ὀνομάζομεν,
674 4447 869 4516 Ἐλωῒμ
899 4446 1146 4511 καλοῦσι,
1196 4446 1343 4516 παρὰ
1376 4448 1434 4498 τὸ
1464 4447 1528 4517 ἢλ
1554 4449 1684 4516 (50),

133 4536 213 4600 ὡς
241 4537 377 4588 ἔοικε
397 4554 408 4565 ο
445 4535 598 4588 τοῦτο
625 4535 679 4588 δὲ
709 4537 1062 4606 ἑρμηνεύουσι
1101 4539 1271 4606 ἰσχὺν,
1301 4539 1391 4589 καὶ
1425 4538 1649 4608 δύναμιν
1669 4557 1681 4568 ·
1719 4572 1762 4626 D

137 4627 263 4682 ὥστ’
311 4624 445 4680 εἶναι
488 4626 577 4679 τοῦ
637 4627 770 4679 Θεοῦ
813 4628 1046 4701 τοῠνομα
1086 4629 1211 4702 παρ’
1235 4629 1434 4692 αὐτοῖς,
1462 4630 1565 4682 ἀπὸ
1589 4633 1686 4699 τῆς

135 4720 279 4788 ἀμφὶ
304 4719 460 4772 αὐτὸν
488 4717 763 4789 δυνάμεώς
786 4736 844 4771 τε
871 4723 964 4773 καὶ
991 4713 1169 4792 ίσχύος
1203 4721 1686 4791 ἐπιλελογισμένον,

135 4811 203 4863 δι’
229 4805 294 4879 ἧς
318 4814 513 4863 νοεῖται
536 4809 955 4880 παντοδύναμος,
989 4815 1080 4864 καὶ
1128 4815 1302 4866 πάντα
1353 4812 1548 4883 ἰσχύων
1571 4855 1583 4877 ,
1611 4814 1686 4878 ὡς

136 4899 204 4952 ἂν
233 4899 504 4954 τὰ”πάντα
534 4895 950 4972 συστησάμενος.
991 4903 1050 4954 '0
1069 4903 1125 4954 δὲ
1165 4904 1385 4957 Πλάτων
1425 4906 1551 4957 Θεὸν
1591 4907 1684 4958 καὶ

139 4989 313 5052 θεοὺς,
351 4990 500 5060 παρὰ
535 4992 596 5044 τὸ
621 4992 796 5057 θέειν,
849 4993 982 5062 ὅπερ
1035 4993 1150 5044 ἐστὶ
1204 4994 1432 5063 τρέχειν,
1465 4997 1588 5056 τοὺς
1632 4997 1690 5048 ὲν

136 5075 346 5150 οὐρανῷ
370 5079 654 5149 φωστῆρας
682 5081 970 5152 κεκλῆσθαί
998 5098 1146 5151 φησι.
1184 5081 1416 5135 Τοιαῦτα
1456 5083 1516 5153 δή
1548 5101 1686 5149 τινα,

138 5169 216 5233 ὡς
248 5171 304 5222 ὲν
328 5169 481 5238 τύπω
502 5170 684 5237 φάναι,
708 5172 773 5225 τὰ
797 5173 924 5243 παρ’
965 5173 1232 5244 Ἑϐραίοις
1261 5175 1352 5224 καὶ
1383 5173 1529 5244 παρὰ
1549 5175 1690 5227 Πλά-

138 5276 267 5314 τωνι
294 5260 418 5330 περὶ¹
449 5259 729 5330 ὀρθώσεως
758 5264 1029 5333 ὀνομάτων
1051 5263 1416 5335 διηκρίϐωται.
1457 5267 1564 5317 Καὶ
1591 5267 1687 5329 τὰς

140 5354 198 5405 ὲν
249 5349 547 5422 ἀνθρώποις
588 5351 643 5404 δὲ
679 5356 1045 5426 προσηγορίας
1098 5356 1233 5426 μετά
1269 5371 1410 5418 τινος
1454 5355 1686 5421 διανοίας

143 5444 304 5515 φησὶν
329 5446 357 5497 ὀ
381 5443 598 5498 Πλάτων
627 5443 892 5498 τεθεῖσθαι
912 5463 924 5476 ο
958 5449 1052 5501 καὶ
1079 5450 1167 5502 τόν
1209 5465 1269 5518 γε
1309 5447 1461 5515 λόγον
1507 5449 1688 5502 ἀποδιε

210 5533 259 5567 ⁸⁸
287 5534 430 5590 Psal.
469 5550 588 5600 vm,
629 5534 682 5588 5.

208 5637 237 5666 ι
276 5624 404 5690 Ηεη
431 5611 931 5693 καταπεπαρμένον.

211 5715 342 5785 (29‘)
383 5715 467 5786 Τῷ
493 5715 781 5786 ἀνωτάτω,
844 5714 932 5769 Sic
987 5716 1134 5771 editi.
1196 5717 1355 5772 Forte
1412 5717 1694 5786 legendum

142 5785 200 5838 τὸ
231 5785 501 5855 ἀνωτάτω,
531 5787 672 5855 quod
701 5785 957 5839 referatur
985 5788 1049 5839 ad
1075 5786 1448 5855 ὄνομα,,Εοιτ.

212 5856 320 5923 (50)
348 5842 514 5922 Παρὰ
534 5842 597 5909 ἑὸ
645 5855 742 5924 ﬁl.
771 5855 948 5913 Recte.
977 5855 1070 5911 Est
1095 5842 1236 5913 enim
1269 5842 1361 5918 5’8
1389 5856 1644 5914 fortitudo
1668 5879 1678 5890 -

1789 3352 1941 3416 Quod
1975 3360 2154 3405 autem
2186 3351 2534 3421 subjungitur
2561 3394 2574 3416 ,
2610 3353 2769 3423 517
2804 3371 2823 3404 ‹
2857 3361 2951 3406 aut
2977 3353 3344 3407 ﬁlius-homi-

1788 3444 1892 3506 nis,
1918 3444 2176 3512 quoniam
2210 3445 2399 3499 visitas
2426 3460 2550 3498 eum
2573 3446 2595 3496 ?
2627 3464 2644 3494 ι
2697 3443 2900 3498 Hebraei
2951 3445 3154 3512 legunt,
3193 3463 3211 3494 ‹
3251 3450 3344 3496 aut

1787 3535 1929 3588 filius
1955 3535 2145 3588 Adam.
2185 3555 2204 3586 ι
2238 3534 2313 3588 lta
2344 3549 2465 3587 cum
2498 3551 2663 3587 unum
2691 3544 2745 3588 et
2786 3535 3034 3588 eumdem
3061 3549 3163 3587 vox
3194 3543 3341 3586 utra-

1787 3643 1891 3698 que
1921 3626 2206 3695 signiﬁcet,
2242 3640 2540 3695 corporeus
2569 3636 2746 3678 tamen
2780 3626 2991 3689 Adami,
3023 3627 3178 3679 .Enos
3213 3640 3341 3678 vero

1791 3721 2024 3783 nomine,
2056 3720 2266 3773 ratione
2312 3721 2569 3787 prmditus
2617 3719 2950 3788 designatur.
2992 3717 3168 3786 Atque
3198 3719 3340 3772 hunc

1791 3815 1844 3867 in
1882 3815 2101 3868 modum
2133 3811 2409 3866 llebraica:
2445 3813 2634 3866 litterae
2669 3813 2949 3866 ambarum
2992 3826 3183 3865 vocum
3229 3821 3341 3881 ety-

1789 3906 2081 3974 mOIOgiam
2130 3904 2488 3973 distinguunt.
2542 3905 2610 3956 At
2655 3918 2781 3958 vero
2812 3902 2985 3966 Plato,
3019 3902 3295 3973 ἄνθρωπον
3319 3943 3338 3967 ,

1787 3997 2065 4058 hominem,
2103 3993 2285 4048 Grteca
2330 3996 2508 4064 lingua
2544 3995 2692 4065 παρὰ
2743 3995 2802 4047 τὸ
2835 3995 3117 4063 ὰναθρεῖν,
3154 4009 3184 4046 a
3213 4009 3340 4046 con-

1784 4092 2090 4159 templando
2117 4091 2448 4143 nominatum
2475 4104 2595 4142 esse
2612 4088 2913 4142 contendit:
2940 4104 2957 4135 ‹
2982 4085 3152 4139 Homo
3172 4085 3336 4150 enim,

1785 4181 1978 4248 inquit,
2005 4180 2162 4234 simul
2203 4189 2363 4248 atque
2393 4179 2523 4231 vidit
2550 4179 2750 4247 aliquid
2781 4178 2797 4246 (
2824 4179 3007 4229 ὄπωπε
3060 4175 3229 4230 Graeci
3259 4177 3340 4230 di-

1785 4281 1914 4324 cunt
1939 4271 1979 4340 ),
2010 4271 2062 4324 id
2092 4272 2282 4339 ipsum
2305 4271 2448 4338 quod
2479 4269 2692 4334 viderit,
2722 4269 3116 4336 contemplatur
3159 4283 3221 4320 ac
3255 4283 3340 4321 se-

1785 4378 1906 4417 cum
1961 4363 2076 4432 ipse
2137 4371 2369 4432 reputat,
2429 4372 2486 4416 ut
2537 4362 2819 4432 ἄνθρωπος
2875 4361 3127 4423 dicatur,
3182 4362 3338 4429 quasi

1785 4455 2022 4525 ἀναθρῶν
2046 4455 2080 4507 ά
2101 4455 2304 4512 ὄπωπε.
2329 4455 2678 4522 contemplans
2709 4472 2769 4507 ea
2803 4470 2918 4524 quw
2958 4454 3161 4506 viderit.
3193 4471 3210 4503 ι
3249 4449 3338 4504 Vi-

1786 4561 1903 4599 rum
1935 4557 2185 4614 praeterea
2220 4545 2424 4599 llehrrei
2469 4554 2662 4596 vocant
2701 4546 2744 4594 is
2778 4562 2790 4609 ;
2859 4544 2999 4611 quod
3047 4557 3238 4594 nomen
3271 4540 3339 4594 ab

1789 4657 1862 4701 es,
1894 4638 2038 4707 quod
2072 4640 2240 4706 ignem
2268 4638 2554 4706 significat,
2587 4635 2878 4696 derivatur,
2923 4643 2978 4685 ut
3011 4616 3108 4684 viri
3143 4647 3337 4684 nomen

1751 4799 1757 4804 _
1791 4731 1857 4785 ab
1886 4730 2055 4785 calida
2083 4739 2136 4783 et
2159 4731 2312 4798 ignea
2344 4727 2439 4779 viri
2474 4735 2663 4779 natura
2693 4725 2915 4777 inditum
2945 4723 3121 4777 fuerit.
3151 4723 3340 4776 Mulier

1787 4837 1934 4884 vero,
1967 4821 2038 4872 uti
2072 4835 2137 4872 ex
2180 4819 2294 4871 viro
2345 4824 2558 4883 sumpta
2608 4816 2940 4882 perhibetur,
3001 4814 3074 4866 ita
3130 4812 3184 4865 in
3220 4814 3339 4880 ejus

1786 4911 2020 4967 nominis
2041 4910 2471 4963 communionem
2496 4911 2806 4970 vocata‘est;
2837 4908 2946 4957 issa
2967 4905 3108 4957 enim
3137 4904 3203 4956 ab
3232 4905 3338 4958 illis

1788 5013 2144 5070 nuncupatur,
2176 5010 2232 5054 ut
2259 5001 2338 5052 vir
2376 5001 2440 5054 is.
2469 5001 2537 5053 At
2567 5001 2734 5060 Plato,
2767 5012 2886 5051 cum
2922 4995 3109 5065 ἄνδρα,
3145 4996 3335 5060 virum,

1788 5095 1934 5165 παρὰ
1979 5095 2076 5163 τὴν
2117 5092 2227 5145 ἄνω
2272 5094 2417 5163 ῥοήν,
2453 5094 2553 5145 hoc
2586 5100 2668 5144 est
2715 5090 2776 5140 ab
2823 5089 3083 5155 superiore
3128 5088 3338 5155 deﬂuxu

1786 5187 1982 5240 dictum
2000 5199 2117 5237 esse
2138 5183 2387 5247 defendit,
2405 5185 2513 5236 tum
2533 5184 2602 5234 ita
2616 5180 2918 5248 subjungit:
2943 5197 2960 5229 ι
2982 5181 3117 5248 Γυνή
3138 5187 3334 5239 autem,

1788 5275 1976 5338 myh‘er
2012 5316 2024 5338 ,
2061 5275 2214 5341 quasi
2241 5276 2391 5342 γονή,
2436 5273 2590 5340 fetus,
2618 5279 2707 5323 aut
2731 5286 2898 5322 semen
2922 5269 3181 5337 appellata
3206 5266 3338 5319 mihi

1790 5369 2017 5423 videtur.
2043 5387 2058 5417 υ
2102 5369 2307 5421 Rursus
2337 5365 2507 5418 Moses
2533 5363 2727 5416 coelum
2761 5376 2884 5415 vere
2917 5376 2977 5413 ac
3010 5357 3220 5426 proprie
3247 5357 3339 5410 ﬁr-

1792 5468 2126 5515 mamentum
2164 5457 2424 5512 Hebraica
2472 5469 2602 5507 voce
2632 5459 2924 5520 nuncupat,
2955 5447 3098 5516 quod
3145 5461 3338 5500 secun-

1804 5720 1942 5773 unde
1987 5717 2222 5770 nascitur
2261 5699 2332 5772 5t:
2375 5716 2516 5783 quod
2560 5722 2746 5782 prater
2772 5707 3151 5776 fortitudinem,
3179 5707 3335 5762 etiam

1791 5789 2003 5855 fortem,
2036 5787 2306 5855 Deumque
2338 5786 2617 5856 significat.
