3994 6340
665 338 772 396 859

1321 334 1589 393 EUSEBII
1626 332 2096 391 CESARIENSIS
2132 331 2281 388 GPP.
2322 332 2501 388 PARS
2533 332 2593 388 ιι.
2632 364 2700 376 -
2734 332 3223 390 APOLOGETICA.

3743 334 3839 390 860

666 461 794 514 dum
824 458 967 513 illam
998 458 1241 527 corporis
1273 466 1542 527 expertem
1594 456 2203 525 intelligentemqueﬂna-

2321 455 2446 507 ἰόναι
2496 458 2774 525 πειρᾶται·
2805 457 2904 508 οὐκ
2937 451 3033 508 οἷδ’
3068 456 3213 517 ὅπως
3244 453 3334 506 τὸν
3361 454 3460 523 μὲν
3495 453 3734 522 Ἕκτορα
3758 471 3837 507 κε-

670 561 869 613 turam,
914 552 1145 620 primum
1191 550 1352 618 hujus
1396 550 1583 602 mundi
1630 547 1841 601 ﬁrmum
1894 548 1963 601 sit
2012 562 2209 615 corpus

669 654 941 708 sensuque
974 648 1302 707 perceptum.
1337 638 1406 691 At
1453 635 1602 691 Plato
1635 638 1735 689 rite
1778 635 2008 706 οὐρανῷ,
2042 635 2168 688 caelo
2191 678 2207 700 ,

672 730 725 784 id
752 730 983 783 nominis
1014 728 1238 782 inditum
1265 743 1383 782 esse
1413 728 1508 790 ait,
1542 726 1684 795 quod
1712 726 1773 779 τὸ
1796 727 1905 780 ἄνω
1928 728 2077 796 ὁρᾷν,
2108 727 2211 780 hoc

641 830 753 874 .est
787 822 865 873 uti
890 820 1237 888 suspiciamus
1269 818 1478 877 elﬁciat.
1517 817 1719 872 Πεὺηί
1762 832 1956 871 nomen
1988 832 2212 871 summa:

669 910 820 965 illius
870 909 960 964 Dei
997 919 1202 964 natura:
1230 912 1528 979 proprium,
1568 923 1667 962 nec
1696 908 1804 962 ulla
1852 924 1983 962 voce
2011 923 2210 976 reprae-

670 1000 897 1064 sentari,
949 1015 1047 1054 nec
1078 1000 1244 1053 animi
1277 1000 1598 1070 cogitatione
1627 998 2006 1067 comprehendi
2054 1012 2212 1066 posse

673 1108 799 1147 eum
827 1099 1088 1156 statuant,
1119 1094 1262 1162 quod
1290 1108 1317 1145 a
1345 1093 1503 1147 nobis
1525 1091 1617 1146 Dei
1640 1093 1856 1146 nomine
1877 1093 2209 1161 exprimitur,

674 1184 729 1238 id
761 1184 936 1251 ipsum
982 1182 1151 1238 Eloim
1185 1184 1363 1237 dicere
1394 1191 1812 1246 consueverunt,
1854 1183 1921 1236 ab
1952 1184 2021 1248 et,
2050 1190 2109 1237 ut
2134 1183 2215 1236 vi-

673 1272 849 1337 detur,
879 1271 1020 1339 quod
1070 1272 1207 1340 apud
1265 1272 1383 1325 illos
1429 1273 1586 1325 robur
1613 1280 2012 1340 potestatemque
2045 1272 2210 1341 signi-
2247 1287 2252 1291 '

674 1358 819 1423 ticat,
852 1369 909 1413 ut
941 1359 1033 1412 Dei
1068 1376 1261 1415 nomen
1285 1362 1424 1430 apud
1452 1362 1594 1431 ipsos
1623 1363 1691 1415 ab
1715 1363 1831 1431 ejus
1864 1369 2125 1430 potestate
2152 1377 2216 1416 ac

674 1450 870 1504 robore
895 1449 1183 1516 derivetur,
1219 1454 1359 1506 unde
1400 1453 1545 1505 illum
1577 1453 1759 1506 omnia
1787 1452 2008 1505 omnino
2035 1467 2211 1522 posse,

676 1547 862 1608 utpote
910 1540 1002 1608 qui
1040 1541 1259 1595 molitus
1305 1544 1485 1595 omnia
1520 1540 1699 1607 fuerit,
1730 1543 2093 1611 intelligimus.
2148 1544 2215 1597 At

676 1627 827 1684 Plato
871 1630 1036 1685 Deum
1071 1643 1230 1702 atque
1256 1632 1406 1698 deos,
1438 1632 1566 1693 Θεὸν
1600 1635 1691 1685 καὶ
1711 1633 1882 1697 θεούς,
1912 1637 2216 1690 nominatos

674 1733 796 1772 esse
844 1721 1084 1785 mavult,
1113 1722 1258 1790 quod
1303 1721 1388 1774 illa
1434 1723 1554 1776 coeli
1602 1724 1775 1777 sidera
1827 1725 1984 1790 θέειν,
2026 1727 2078 1779 id
2112 1736 2212 1788 est,

674 1826 902 1872 currere,
926 1796 1225 1867 videamus.
1261 1812 1433 1882 Atque
1480 1812 1550 1866 ita
1599 1813 1803 1868 Hebraei
1848 1815 2006 1867 simul
2054 1825 2214 1884 atque

674 1898 867 1967 Plato;
921 1917 1031 1955 rem
1071 1904 1212 1958 enim
1260 1905 1606 1958 adumbrasse
1653 1906 1785 1959 satis
1815 1914 1915 1968 est,
1968 1906 2033 1961 de
2070 1916 2213 1961 recta

677 1992 957 2047 nominum
990 1995 1330 2061 impositione
1359 2003 1675 2049 statuerunt.
1704 1994 1847 2060 Quin
1879 1995 2038 2049 etiam
2070 1996 2215 2065 ipsas

634 2106 637 2109 ν
675 2095 892 2153 quoque
938 2082 1213 2137 hominum
1259 2085 1639 2153 appellationes
1683 2094 1827 2140 certo
1872 2087 2099 2141 consilio
2142 2090 2220 2141 in-

676 2171 817 2226 ditas
848 2172 1013 2226 fuisse
1059 2170 1209 2226 Plato
1263 2176 1564 2239 conﬁrmat,
1613 2184 1665 2229 et
1714 2178 1977 2232 rationem
2029 2194 2215 2233 earum

675 2261 913 2331 aliquam
962 2262 1151 2317 aﬁerre
1208 2272 1449 2319 conatur.
1498 2266 1679 2335 Itaque
1713 2265 1987 2321 Hectorem
2036 2269 2219 2322 nescio

677 2365 788 2419 quo
818 2360 1003 2419 pacto,
1037 2352 1178 2419 quod
1228 2368 1321 2405 rex
1370 2351 1724 2422 Trojanorum
1775 2362 1936 2415 esset,
1990 2354 2096 2406 ἀπὸ
2125 2352 2218 2406 τοῦ

676 2442 819 2512 ἔχειν
860 2444 951 2497 καὶ
993 2447 1229 2514 κρατεῖν,
1262 2460 1380 2514 quae
1412 2445 1594 2499 habere
1625 2462 1686 2498 ac
1723 2447 1981 2513 imperare
2019 2445 2222 2514 signiﬁ-

678 2545 824 2598 cant,
884 2538 1207 2604 appellatum
1268 2553 1389 2591 esse
1438 2536 1715 2605 conjicit;
1766 2538 2219 2606 Agamemnonem

680 2626 845 2697 518
872 2642 1017 2697 vero,
1046 2627 1132 2679 διὰ
1164 2628 1224 2680 τὸ
1259 2628 1394 2695 ἄγαν
1436 2628 1632 2697 μένειν,
1676 2631 1815 2698 quod
1846 2630 2067 2683 nimium
2097 2644 2221 2698 per-

680 2720 915 2781 sisteret,
945 2728 1104 2787 atque
1138 2721 1187 2774 in
1224 2721 1308 2785 iis,
1335 2736 1456 2789 qua:
1480 2722 1737 2776 adversus
1755 2720 2017 2791 Trojanos
2041 2736 2224 2776 susce-

680 2819 853 2881 perat,
908 2813 1149 2867 consiliis
1199 2814 1424 2867 tirmiter
1476 2813 1763 2868 admodum
1813 2823 1867 2867 et
1915 2822 2224 2868 constanter

680 2903 927 2959 hereret.
955 2906 1044 2960 Sic
1063 2904 1325 2970 Orestem,
1343 2906 1429 2958 διὰ
1442 2906 1502 2958 τὸ
1524 2906 1748 2977 ὀρεινόν,
1768 2905 1910 2974 quod
1933 2904 2221 2967 montanis,

682 2992 787 3049 hoc
831 3002 911 3048 est
959 2996 1258 3064 agrestibus
1315 3012 1377 3050 ac
1404 2995 1655 3061 ‘ferinis;
1715 2996 1933 3047 Atreum
1964 3034 1978 3057 ,
2025 2993 2113 3046 διὰ
2166 2993 2224 3044 τὸ

683 3086 924 3158 ἀτηρόν,
982 3089 1125 3156 quod
1177 3088 1491 3157 perniciosis
1542 3103 1604 3141 ac
1652 3085 1925 3155 pestiferis
1984 3086 2297 3173 moribusc

682 3187 829 3233 esset
860 3196 873 3241 ;
900 3177 1167 3247 Pelopem,
1192 3180 1334 3248 quod
1363 3195 1468 3233 non
1500 3194 1581 3241 ea,
1610 3194 1728 3247 qua:
1756 3186 1958 3232 semota
1989 3177 2220 3247 longius,
2247 3194 2249 3196 ·

684 3265 779 3323 led
806 3283 869 3322 ea
900 3269 1176 3331 duntaxat,
1223 3284 1341 3337 qua:
1388 3270 1571 3331 πέλας,
1624 3269 1724 3322 hoc
1752 3278 1830 3323 est
1858 3265 2225 3338 propinquiora

683 3368 887 3424 essent,
920 3360 1123 3413 videret
1148 3378 1161 3427 ;
1190 3359 1469 3414 Tantalum
1497 3360 1649 3429 quasi
1675 3360 2014 3423 ταλάντατον,
2045 3361 2227 3413 miser-

686 3449 899 3514 rimum,
932 3448 1001 3502 ob
1029 3465 1235 3515 earum,
1264 3450 1459 3519 quibus
1509 3466 1801 3519 oppressus
1829 3460 1930 3516 est,
1984 3451 2228 3506 miseria-

687 3555 807 3594 rum
856 3540 1301 3607 magnitudinem.
1341 3542 1447 3594 lsta
1481 3541 1694 3609 quidem
1726 3541 1936 3610 aliaque
1978 3551 2227 3595 sexcenta

689 3649 721 3687 a
750 3632 973 3687 Platone
1002 3633 1142 3687 dicta
1169 3634 1422 3699 reperias,
1447 3632 1640 3700 quibus
1667 3633 1882 3684 nomina
1915 3630 2101 3698 primis
2126 3629 2228 3684 illis

688 3723 999 3777 hominibus
1029 3739 1134 3776 non
1167 3740 1262 3792 pro
1306 3722 1547 3789 arbitrio,
1600 3723 1691 3777 sed
1743 3737 1840 3790 pro
1867 3731 2071 3774 natura:
2097 3736 2229 3775 con—

689 3814 893 3871 ditione
922 3814 1170 3881 imposita
1207 3814 1397 3867 docere
1426 3821 1670 3866 conatur.
1703 3812 1771 3864 At
1799 3804 2070 3865 enim‘vero
2111 3826 2230 3879 qua:

688 3905 832 3976 apud
857 3902 1038 3958 Mosen
1074 3904 1339 3972 leguntur,
1363 3918 1425 3956 ea
1452 3917 1724 3971 nunquam
1759 3909 1848 3954 aut
1880 3911 2063 3954 coacta
2090 3900 2233 3954 dixe-

688 3999 789 4060 ris,
812 4004 905 4051 aut
935 4004 1121 4065 arguta
1146 3995 1233 4049 illa
1263 3993 1624 4063 sophistarum
1654 3993 1709 4045 in
1740 3991 1997 4046 cedendis
2024 3990 2232 4045 voculis

689 4099 807 4143 arte
856 4086 1104 4141 conﬁcta.
1160 4086 1432 4156 Agnosces
1485 4082 1767 4145 videlicet,
1818 4096 1978 4149 quem
2026 4078 2231 4134 Hebrmi

689 4179 916 4233 Cainum
943 4184 1155 4239 vocant,
1203 4174 1586 4229 wntulationem
1618 4173 1756 4241 apud
1784 4170 2007 4225 Graecos-
2027 4172 2233 4240 signiﬁ-

692 4283 837 4331 care,
878 4281 985 4334 quo
1016 4267 1231 4320 nomine
1264 4266 1559 4333 appellatus
1589 4263 1836 4318 nefarius
1861 4263 2022 4316 homo
2050 4261 2229 4329 fuerit,

690 4357 837 4427 quod
873 4355 1129 4409 adversus
1158 4354 1373 4408 fratrem
1405 4353 1744 4408 aemulatione
1785 4352 2095 4419 invidiaque
2136 4349 2233 4405 ﬂa-

2307 544 2533 614 κλῆσθαι
2562 545 2727 597 εἰπὼν
2770 546 2878 599 ἀπὸ
2925 546 3017 598 τοῦ
3049 545 3189 614 ἔχειν
3220 545 3312 598 καὶ
3349 548 3571 615 κρατεῖν
3595 583 3611 607 ,
3665 544 3750 597 διὰ
3785 545 3842 597 τὸ

2308 636 2527 706 βασιλέα
2556 632 2693 689 εἶναι
2718 636 2825 689 τῶν
2853 636 3050 707 Τρώων
3070 654 3084 667 ⁸
3118 637 3208 689 τὸν
3238 637 3294 689 δὲ
3337 636 3739 707 Ἀγαμέμνονα,
3760 637 3844 690 διὰ

2306 726 2366 778 τὸ
2392 726 2528 794 ἄγαν
2554 728 2749 797 μένειν,
2789 727 2881 780 καὶ
2907 730 3018 790 τοῖς
3043 726 3221 791 δόξασι
3261 727 3408 797 παρὰ
3439 738 3464 766 ι
3492 727 3602 780 τῶν
3649 726 3840 798 Τρώων

2308 818 2532 882 εὐτόνως
2561 820 2653 871 καὶ
2676 819 2952 889 καρτερῶς
2980 818 3308 889 παραμένειν
3326 836 3339 848 ·
3372 819 3459 871 τὸν
3482 820 3541 872 δὲ
3570 819 3839 890 Ὀρέστην,

2308 910 2395 963 διὰ
2418 910 2476 962 τὸ
2505 910 2727 980 ὀρεινὸν,
2754 910 2846 962 καὶ
2871 911 3075 981 ἄγριον,
3101 910 3194 962 καὶ
3218 910 3475 980 θηριῶδες
3500 909 3595 963 τοῦ
3624 909 3839 980 τρόπον’

2310 998 2402 1051 καὶ
2434 998 2525 1050 τὸν
2558 998 2655 1067 μὲν
2693 996 2902 1068 Ἀτρέα,
2935 996 3021 1049 διὰ
3046 998 3103 1049 τὸ
3129 998 3325 1069 ἀτηρόν
3348 1016 3467 1052 τινα
3493 996 3770 1066 γεγονέναι
3788 996 3851 1052 ἢ

2308 1086 2436 1159 ἦθος
2455 1107 2468 1118 ·
2490 1088 2581 1141 τὸν
2611 1088 2665 1141 δὲ
2701 1086 2933 1151 Πέλοπα,
2958 1081 3067 1139 οἷόν
3096 1104 3215 1140 τινα
3243 1089 3303 1139 οὐ
3346 1086 3414 1140 τὰ
3454 1089 3644 1158 πόρῤω
3663 1125 3679 1143 .
3714 1086 3841 1141 ἀλλὰ

2315 1180 2447 1250 μόνα
2476 1179 2543 1232 τὰ
2570 1178 2735 1241 πέλας
2764 1179 2856 1232 καὶ
2882 1180 3045 1250 ἔγγὺς
3074 1178 3279 1248 ὁρῶντα
3297 1195 3311 1209 ο
3347 1178 3438 1230 τὸν
3480 1178 3543 1239 δὲ,
3582 1176 3841 1231 Τάνταλον

2310 1270 2635 1324 ταλάπατὸν
2663 1287 2780 1322 τινα
2808 1268 2970 1340 φη¹σι,
3002 1270 3090 1321 διὰ
3128 1270 3196 1321 τὰ
3236 1270 3358 1340 περὶ
3392 1269 3551 1337 αὐτὸν
3588 1268 3841 1339 δυστυχή-

2316 1380 2475 1433 ματα,
2500 1362 2796 1432 σημαίνειν.
2838 1360 3019 1413 Ταῦτα
3050 1362 3140 1414 καὶ
3171 1360 3236 1413 τὰ
3262 1361 3482 1415 τοιαῦτα
3511 1361 3681 1431 μυρία
3720 1360 3841 1415 ἄλλα

2314 1453 2489 1524 εὕροις
2517 1453 2580 1506 ἂν
2624 1454 2891 1524 εἰρημένα
2929 1452 3003 1522 τῷ
3032 1453 3305 1513 Πλάτωνι,
3357 1452 3511 1521 φύσει
3564 1451 3838 1513 τεθεῖσθαι,

2313 1546 2424 1598 ἀλλ’
2448 1546 2508 1597 ού
2537 1545 2679 1596 θέσει
2706 1547 2815 1605 τοῖς
2838 1544 3069 1614 πρώτοις
3088 1544 3153 1597 τὰ
3186 1545 3417 1613 ὀνόματα
3444 1544 3714 1596 διδάσκειν
3736 1559 3841 1595 πει-

2318 1635 2557 1704 ρωμένῳ.
2607 1634 2740 1686 Ἀλλ’
2778 1635 2835 1686 οὐ
2879 1634 2969 1687 καὶ
3000 1634 3067 1687 τὰ
3105 1618 3253 1704 παρὰ
3288 1636 3473 1687 Μωσεῖ
3524 1634 3840 1703 βεϐιασμένα

2314 1720 2378 1777 ἂν
2408 1724 2605 1785 εἴποις,
2637 1724 2754 1776 οὐδέ
2788 1741 2849 1791 γε
2899 1725 3039 1778 κατὰ
3072 1743 3191 1778 τινα
3233 1724 3541 1793 σοφιστικὴν
3588 1724 3840 1793 εὑρεσιλο-
3954 1724 3955 1793 γ

2313 1815 2437 1881 γίαν
2470 1814 2833 1884 πεποιημένα·
2871 1814 3073 1890 μαθὼν,
3101 1817 3175 1880 ὡς
3201 1819 3229 1869 6
3275 1817 3372 1886 μὲν
3414 1818 3541 1887 παρ’
3590 1816 3840 1886 Ἑϐραίοις
3954 1816 3955 1825 “

2314 1907 2450 1959 Κάῐν
2491 1906 2648 1975 ζῆλος
2691 1907 2814 1975 παρ’
2862 1906 3083 1975 Ἕλλησι
3137 1906 3601 1977 μεταλαμϐάνεται
3621 1921 3633 1933 ·
3667 1905 3836 1956 τούτου

2312 1998 2356 2051 δ’
2393 1997 2594 2068 ἠξιώθη
2635 1997 2727 2050 τοῦ
2778 2000 3210 2069 προσρήματοςό
3261 1997 3584 2067 δηλούμενος
3608 2036 3623 2058 ,
3656 1995 3740 2048 διὰ
3790 1997 3855 2047 τὸ

2316 2087 2549 2158 ζηλῶσαι
2578 2087 2665 2139 τὸν
2695 2086 2916 2157 ἀδελφὸν
2948 2089 3037 2140 τὸν
3067 2087 3248 2140 Ἀϐελ.
3274 2088 3381 2140 Καὶ
3408 2089 3436 2138 6
3476 2086 3641 2139 Ἀϐελ
3685 2086 3739 2140 δὲ
3763 2088 3839 2157 έρ-

2320 2177 2603 2250 μηνεύεται
2644 2178 2835 2242 πένθος
2855 2218 2868 2241 ,
2893 2178 2985 2232 τοῦ
3020 2179 3217 2231 τοιοῦδε
3259 2178 3459 2242 πάθους
3480 2176 3715 2246 γεγονὼς
3761 2176 3840 2229 καὶ

2317 2269 2473 2333 αὐτὸς
2504 2272 2610 2333 τοίς
2642 2269 2884 2337 γονεῦσιν
2912 2269 3111 2332 αἴτιος,
3149 2268 3198 2321 οἳ
3237 2270 3376 2324 κατὰ
3423 2286 3543 2323 τινα
3584 2266 3841 2337 θειοτέραν

2318 2360 2650 2429 προμήθειαν
2670 2361 2971 2429 γενομένοις
3009 2363 3117 2423 τοῖς
3161 2362 3316 2413 παισὶ
3350 2361 3548 2425 ταύτας
3599 2360 3838 2411 τέθεινται

2316 2451 2415 2514 τὰς
2445 2452 2770 2522 ἐπωνυμίας.
2804 2452 2868 2503 Τί
2894 2451 2938 2503 δ’
2964 2453 3017 2504 εἴ
3033 2469 3112 2505 σοι
3135 2452 3221 2505 τὸν
3262 2452 3508 2523 Ἀϐραὰμ
3541 2451 3656 2521 (5|)
3687 2468 3839 2521 παρα-

2321 2544 2568 2616 φέρθιμις
2623 2542 3030 2613 Μετεωρολόγος
3090 2559 3173 2606 τις
3222 2535 3410 2605 οὗτος,
3461 2542 3555 2595 καὶ
3614 2540 3708 2610 τῆς
3750 2542 3843 2594 τῶν

2319 2635 2535 2705 ἄστρων
2578 2634 2825 2704 θεωρίας,
2878 2634 2984 2687 τῶν
3027 2651 3085 2687 τε
3131 2634 3248 2687 κατ’
3276 2632 3495 2704 οὐρανὸν
3523 2630 3837 2703 μαθημάτων

2319 2726 2551 2796 είδήμων
2588 2725 2645 2777 τὸ
2697 2726 2841 2797 πρὶν,
2881 2726 2968 2778 ὅτε
3021 2729 3119 2796 τῆς
3164 2725 3468 2794 Χαλδαῖκῆς
3525 2726 3832 2793 μετεποιεῖτο

2322 2814 2529 2883 σοφίας,
2560 2814 2811 2884 γεγονὼς,
2853 2815 3060 2885 Ἀϐρὰμ
3084 2816 3357 2869 ἐκαλεῖτο·
3398 2814 3551 2867 τοῦτο
3594 2814 3640 2866 δ’
3676 2815 3829 2882 Ἐλλή-

2321 2922 2424 2958 νων
2468 2908 2612 2976 φωνῇ
2653 2906 2878 2977 πατέρα-π
2894 2905 3158 2975 μετέωρον
3202 2903 3470 2975 σημαίνει.
3515 2904 3655 2955 Ἀλλ’
3679 2902 3835 2963 ὀΘεός

2321 3012 2383 3063 γε
2410 2997 2588 3059 αὐτὸν,
2620 2996 2725 3048 τῶν
2756 2998 2879 3067 τῇδε
2909 2996 2998 3048 ἐπὶ
3024 2996 3090 3049 τὰ
3115 2994 3347 3063 ἐπιφανῆ
3388 2996 3479 3047 καὶ
3512 2994 3622 3048 τῶν
3654 2993 3846 3066 ὁρωμέ-

2322 3107 2426 3142 νων
2454 3090 2705 3144 ἐπέκεινα
2725 3090 2994 3161 προάγων,
3024 3088 3287 3157 εὐθυϐόλῳ
3318 3086 3577 3156 κέχρηται
3630 3104 3842 3157 μετωνυ-

2326 3182 2483 3254 μία,ι
2508 3182 2734 3246 Οὐκέτι,
2791 3183 3001 3250 φήσας.
3054 3178 3373 3248 κληθήσεται
3429 3178 3489 3229 τὸ
3539 3177 3710 3246 ὄνομα
3768 3190 3841 3226 σω

2334 3273 2563 3344 Ἀϐρὰμ,
2589 3272 2721 3325 ἀλλὰ
2766 3270 3008 3341 Ἀϐραὰμ
3028 3262 3186 3321 ἔσται
3209 3268 3267 3321 τὸ
3292 3266 3458 3337 ὄνομά
3487 3285 3578 3320 σου
3603 3309 3619 3333 ,
3652 3269 3728 3319 ὅτι
3761 3282 3843 3317 πα-

2323 3367 2453 3436 τέρα
2482 3364 2683 3418 πολλῶν
2735 3364 2923 3417 ὲθνῶνλ
2942 3360 3157 3415 τέθεικά
3182 3377 3259 3415 σε.
3300 3379 3318 3412 ι
3381 3361 3550 3414 Τοῦτο
3605 3360 3649 3413 δ’
3684 3358 3856 3420 ὁποίας

2324 3456 2501 3527 ἔχεται
2525 3455 2775 3517 διανοίας,
2815 3451 3035 3524 μακρὸς
3071 3453 3134 3505 ἂν
3161 3452 3242 3522 εἴη
3278 3452 3449 3520 λόγος.
3505 3450 3765 3519 Ἀπαρχεῖ
3800 3448 3843 3499 δὲ

2326 3548 2426 3600 κάν
2453 3546 2622 3615 τούτῳ
2651 3547 2739 3597 τὸν
2763 3545 3018 3598 Πλάτωνα
3049 3544 3293 3615 μάρτυρα
3324 3544 3416 3596 τοῦ
3445 3542 3601 3609 λόγου
3640 3538 3860 3610 παραθέο

2329 3637 2467 3701 σθαι,
2512 3638 2613 3689 ὑπὸ
2643 3636 2912 3706 θειοτέρας
2950 3636 3224 3707 δυνάμεως
3273 3634 3387 3687 ἔνια
3433 3631 3537 3685 τῶν
3592 3631 3842 3699 ὀνομάτων

2326 3727 2593 3780 τεθεῖσθαι
2636 3728 2885 3795 φάμενον.
2937 3727 3096 3794 Λέγει
3147 3725 3189 3776 δ’
3243 3719 3334 3776 οὖν
3385 3723 3564 3783 αὐτοῖς
3610 3721 3840 3790 ῥήμασιν·

2333 3838 2351 3868 ι
2397 3818 2778 3870 Ἐσπουδάσθαι
2826 3816 2931 3888 γὰρ
2983 3814 3210 3869 ἐνταῦθα
3268 3812 3495 3882 μάλιστα
3530 3813 3725 3882 πρέπει
3766 3809 3845 3879 τήν

2329 3909 2473 3961 θέσιν
2494 3908 2597 3961 τῶν
2622 3909 2894 3978 ὀνομάτων
2913 3925 2925 3937 ’
2955 3906 3149 3969 ῖσωςδὲ
3170 3904 3291 3957 ἔνια
3310 3904 3484 3956 αὐτῶν
3501 3904 3594 3955 καὶ
3622 3902 3723 3954 ὑπὸ
3737 3901 3845 3953 θειο-

2328 3998 2488 4069 τέρας
2508 3998 2827 4070 δυνάμεωςῆ
2849 4001 2944 4068 τῆς
2962 3995 3067 4049 τῶν
3083 3992 3377 4064 ἀνθρώπων
3398 3992 3649 4062 ἐγενήθη.
3666 4011 3683 4043 ι
3704 3990 3859 4045 Τοῦτό

2328 4089 2392 4159 γέ
2412 4107 2490 4143 τοι
2509 4090 2636 4143 αὐτὸ
2649 4090 2735 4144 διὰ
2752 4090 3003 4142 πλειόνων
3025 4086 3117 4139 καὶ
3147 4086 3178 4153 ἡ
3205 4087 3329 4153 παρ’
3353 4082 3617 4152 Ἑϐραίοις
3638 4084 3750 4155 ίερὰ
3777 4098 3857 4133 ττι-ν

2330 4183 2542 4236 στοῦται
2574 4183 2781 4254 Γραφή’
2807 4179 3017 4253 πρῶτός
3060 4193 3117 4228 τε
3151 4176 3351 4245 Μωσῆς
3388 4174 3659 4238 ἁπάντων,
3706 4175 3759 4236 ὃς
3795 4175 3861 4225 ὲκ·

2332 4273 2599 4346 θειοτέρας
2614 4274 2886 4343 δυνάμεως
2910 4269 2996 4321 τὸν
3022 4266 3283 4337 Ἀϐραὰμ,
3302 4266 3392 4319 καὶ
3406 4266 3494 4318 τὸν
3505 4267 3691 4318 τούτου
3710 4263 3844 4316 παῖδα

2330 4363 2419 4416 τὸν
2460 4364 2658 4428 Ἰσαὰκ,
2704 4362 2796 4415 καὶ
2827 4360 2904 4411 ἔτι
2942 4358 3032 4409 τὸν
3085 4355 3292 4427 Ἰσραὴλ
3350 4356 3725 4425 ἐπωνομάσθαι
3761 4352 3846 4404 ὲ,δί-

689 4458 870 4523 graret
900 4466 913 4514 ;
952 4446 1166 4500 Abelem
1193 4457 1379 4501 contra
1399 4446 1594 4498 luctum
1623 4460 1834 4509 sonare,
1866 4444 2007 4512 quod
2038 4459 2226 4513 paren-

2336 4453 2479 4518 δαξε.
2524 4453 2695 4515 Γέλως
2717 4452 2772 4504 δὲ
2807 4451 2835 4502 6
2882 4447 3063 4501 Ἰσαὰκ
3116 4446 3493 4517 ἑρμηνεύεται,
3548 4448 3608 4498 τὸ
3636 4446 3731 4512 τῆς
3777 4444 3844 4493 ὲν-

691 4542 839 4596 tibus
868 4539 983 4595 suis
1007 4539 1208 4592 luctum
1245 4537 1513 4590 attulisset
1548 4556 1560 4589 :
1596 4536 1687 4605 qui
1720 4535 1981 4589 diviniore
1999 4536 2231 4604 quodam

691 4631 948 4687 instinctu
979 4628 1312 4696 consilioque
1345 4628 1569 4694 permoti
1603 4628 1867 4697 ejusmodi
1908 4628 2092 4682 liberis
2121 4626 2235 4681 suis

692 4725 913 4778 nomina
947 4722 1255 4776 indiderint.
1289 4718 1427 4784 Quid
1449 4720 1492 4773 si
1522 4719 1884 4773 Abrahamum
1916 4716 2186 4787 proferam
2212 4717 2235 4770 1

692 4814 788 4869 Ille
830 4816 1085 4869 nimirum
1132 4821 1310 4872 antea,
1356 4809 1481 4863 dum
1528 4810 2235 4879 sapientiam'Cbaldaicam

693 4904 1056 4976 proﬁteretur,
1086 4906 1141 4959 in
1175 4918 1356 4959 rerum
1386 4903 1723 4972 superion
1748 4902 2113 4974 disputatione
2138 4915 2233 4956 oc-

694 5002 944 5064 cupatus,
981 5004 1141 5065 atque
1168 4995 1221 5049 in
1255 4994 1512 5059 siderum,
1540 5008 1765 5062 quaeque
1797 4994 1861 5049 ad
1888 4992 2083 5048 ctelum
2112 5005 2238 5061 per-

694 5090 888 5153 tinent,
922 5089 1163 5142 omnium
1216 5086 1669 5156 contemplatione
1720 5086 1992 5149 assiduus,
2035 5083 2236 5137 Abram

696 5179 988 5247 vocabatur
1014 5218 1029 5242 ,
1077 5192 1197 5247 quae
1232 5195 1335 5233 vox
1382 5178 1564 5234 Grmce
1622 5174 1905 5230 sublimem
1960 5182 2237 5245 parentem

694 5268 982 5341 signiﬁcat.
1018 5269 1086 5321 At
1118 5266 1279 5333 Deus,
1312 5285 1435 5324 cum
1462 5267 1710 5325 eumdem
1744 5282 1774 5320 a
1802 5281 1980 5321 rerum
2026 5276 2240 5321 nostra»

697 5376 819 5417 rum
847 5358 1256 5425 consuetudine,
1275 5360 1342 5414 ad
1369 5360 1719 5416 illustriorum
1751 5358 1987 5423 illarum,
2013 5369 2238 5427 quaeque

698 5452 1051 5521 uspectabiles
1084 5464 1274 5505 omnes
1308 5458 1584 5519 superant,
1614 5447 1999 5506 commercium
2044 5446 2240 5503 evehe-

769 5594 798 5625 ι
834 5580 991 5638 Forte
1011 5585 1166 5638 κατὰ.

2335 4542 2524 4613 αρέτου
2554 4542 2722 4611 χαρᾶς
2739 4537 3063 4607 ἐπαγόμενος
3093 4535 3370 4605 σύμϐολον,
3397 4536 3463 4606 ἠν
3482 4537 3593 4596 τοῖς
3607 4528 3860 4598 θεοφιλέσι

2334 4633 2499 4705 γέρας
2534 4631 2801 4699 ἐξαίρετον
2853 4626 3037 4681 δώσειν
3070 4630 3097 4680 6
3142 4628 3287 4691 Θεὸς.
3312 4624 3658 4695 ἐπήγγελται.
3722 4621 3771 4674 '0
3803 4619 3847 4670 δὲ

2328 4725 2512 4777 τούτου
2539 4724 2661 4783 παῖς
2705 4718 2934 4791 Ἰσραὴλ,
2957 4715 3022 4791 ἦν
3058 4721 3153 4790 μὲν
3181 4720 3243 4773 τὸ
3287 4719 3413 4789 πρὶν
3456 4714 3517 4768 τὸ
3540 4712 3633 4767 τοῦ
3684 4707 3858 4766 Ἰακὼϐ

2330 4803 2497 4885 δνομα
2517 4812 2955 4883 ἑπενηνεγμένος,
2975 4814 3092 4867 ἀντὶ⁵
3110 4814 3167 4866 δὲ
3192 4811 3283 4865 τοῦ
3309 4806 3499 4863 Ἰακὼϐ
3524 4809 3553 4860 6
3575 4805 3705 4869 Θεὸς
3724 4801 3848 4871 αὑτῷ

2330 4906 2391 4959 τὸ
2417 4904 2509 4958 τοῦ
2542 4903 2752 4975 Ἰσραὴλ
2795 4903 2965 4975 ὄνομα
3013 4904 3281 4974 δωρεῖται,
3345 4898 3435 4952 τὸν
3494 4897 3731 4969 ἁσκητὴν
3772 4892 3859 4948 καὶ·

2334 4994 2629 5068 πρακτικὸν
2688 4996 2777 5049 ἐπὶ
2833 4984 2923 5048 τὸν
2997 4989 3321 5063 θεωρητικὸν
3380 4990 3846 5061 μεταστησάμενος.

2338 5087 2661 5160 Πτερνιστὴς
2687 5087 2793 5160 γὰρ
2814 5090 2841 5142 6
2880 5083 3068 5141 Ἰακὼϐ
3122 5080 3495 5154 ἑρμηνεύεται,
3534 5082 3611 5145 ὡς
3636 5082 3722 5134 τὸν
3745 5079 3846 5149 ἀρε·

2338 5166 2436 5250 τῆς
2464 5176 2695 5231 έναθλῶν
2720 5177 2921 5247 ἀγῶνα·
2970 5171 3184 5244 Ἰσραὴλ
3211 5171 3268 5225 δὲ
3310 5171 3450 5244 ὀρῶν
3492 5172 3644 5235 Θεὸν,
3695 5167 3851 5225 ὁποῖος

2316 5282 2319 5285 ‘
2341 5259 2406 5321 ἂν
2432 5267 2515 5337 εἴη
2538 5269 2569 5321 6
2585 5267 2876 5335 γνωστικὸς
2894 5264 2986 5317 καὶ
3007 5261 3330 5333 θεωρητικὸς
3360 5263 3429 5315 ὲν»
3445 5259 3710 5332 ἀνθρώπῳ
3725 5252 3857 5337 νοῦςς

2342 5356 2411 5409 Τί
2441 5331 2515 5426 με.
2542 5331 2622 5409 δεῖ
2662 5355 2756 5407 νῦν
2791 5352 2885 5422 τοῦ
2918 5331 3186 5418 πανσόιρου
3229 5348 3468 5410 Μωσέως
3489 5386 3504 5409 ,
3594 5341 3699 5396 τῶν
3738 5331 3851 5426 περὶ

2353 5422 2616 5520 Ἑϐραίοις
2640 5443 2801 5514 «ἱερῶν
2830 5440 3020 5510 λόγων,
3052 5438 3138 5493 διὰ
3172 5437 3375 5511 μυρίων
3399 5435 3571 5491 ἀλλων
3597 5429 3695 5502 τὴν
3722 5422 3848 5491 69⁸6·

769 5700 880 5773 (3|)
910 5700 1023 5763 Τὸν
1062 5698 1317 5771 Ἁϐραάμ.
1354 5696 1487 5756 Vide
1532 5699 1864 5769 quatobiter
1891 5712 2055 5770 supra
2084 5694 2409 5761 notavimus,
2439 5706 2559 5763 pag.
2589 5687 2712 5757 420,
2742 5688 2807 5746 de
2830 5685 3103 5742 Abraham
3131 5681 3366 5741 nomine.
