4038 6330
50 410 158 467 86!

1191 414 1503 472 eamme.
1542 392 1792 472 avsus.
1848 415 1972 470 ua.
2003 412 2093 470 ιι.

3125 379 3228 473 sci

48 522 328 593 τητστῆς
364 522 477 594 τῶν,
511 523 720 577 οίκείων
765 524 1038 597 δνομάτων
1082 524 1275 591 θέσεως
1324 527 1599 593 ὲξαπλοῦν,

1700 537 1800 594 ret,
1851 536 2299 597 perapportunam
2334 527 2453 597 ejus
2494 528 2728 583 nominis
2764 529 3109 583 mutationem
3146 530 3229 583 iu-

53 612 402 683 μακροτέρας
461 614 652 685 σχολῆς
686 614 943 685 δεομένων
972 614 1076 669 τῶν
1130 618 1275 669 κατὰ.
1294 618 1382 671 τὸν
1403 618 1595 683 τόπον;

48 703 267 758 Λύτίκα
286 704 347 775 δὴ
370 704 462 758 καὶ
492 705 597 758 τῶν
646 706 870 777 πρώτων
901 706 997 776 τῆς
1043 709 1427 779 γραμματικῆς
1460 726 1599 762 στοι-

44 794 221 863 χείων
243 791 493 867 Ἕλληνες
517 795 614 864 μὲν
639 797 736 849 οὐκ
784 796 849 849 ἂν
894 796 1063 866 ἔχοιεν
1116 798 1213 860 τὰς
1254 798 1599 868 ἐτυμολογίας

44 887 251 949 εἰπεῖν,
274 886 381 939 οὐδ’
405 886 564 949 αὑτός
594 888 644 953 γ’
672 885 736 939 ἂν
763 886 891 958 φαίη
915 888 1134 941 Πλάτων
1158 887 1248 940 τὸν
1268 887 1419 956 λόγον
1442 888 1474 958 ἢ
1506 888 1597 941 τὸν

43 972 309 1047 λογισμὸν
334 976 439 1029 τῶν
466 976 849 1046 φωνηέντων,ἢ
870 976 973 1030 τῶν
994 976 1308 1047 συμφώνωνο
1337 976 1596 1048 Ἐϐραίων

43 1066 95 1117 δ’
124 1066 197 1121 ἂν
217 1069 414 1121 εἴποιεν
442 1067 627 1131 παῖδες
650 1068 742 1121 τοῦ
765 1086 823 1122 τε
857 1068 996 1139 ἄλφα
1024 1070 1118 1140 τὴν
1164 1070 1357 1131 αἰτίαν,
1386 1070 1415 1122 δ
1466 1071 1593 1142 παρ’

44 1157 240 1221 αὐτοῖς
263 1158 501 1211 καλεῖται
528 1157 658 1227 atq),
690 1158 844 1212 τοῦτο
861 1159 917 1212 δὲ
944 1160 1194 1232 σημαίνει,
1229 1159 1476 1229 μάθησιν·
1504 1163 1595 1213 καὶ

45 1247 147 1301 τοῦ
182 1249 334 1321 βῆτα,
348 1250 481 1320 ὅπερ
503 1248 601 1320 βὴθ
627 1248 777 1317 φίλον
805 1252 984 1315 αὐτοῖς
1011 1251 1598 1323 προσαγορεύειν,οὖτω

44 1340 108 1394 δὲ
138 1341 233 1394 τὸν
258 1338 788 1411 οἷκονόνομάζουσιν·
818 1340 952 1394 ὥστε
984 1342 1172 1413 δηλοῦν
1218 1343 1314 1413 τὴν
1343 1342 1607 1413 διάνοιανέ

46 1430 304 1500 Μάθησις
346 1430 512 1485 οίκουο
566 1432 696 1484 ὡσεὶ
743 1432 1067 1504 σαφέστερον
1118 1432 1348 1503 ἐλέγετοο
1400 1434 1593 1505 Διδαχή

44 1536 137 1583 τις
161 1522 254 1573 καὶ
280 1521 509 1592 μάθησις
554 1522 875 1593 οἱκονομίᾶς.
902 1523 1031 1577 ’Καὶ
1067 1522 1127 1575 τὸ
1168 1524 1359 1594 γάμμα
1380 1525 1436 1577 δὲ
1467 1526 1594 1593 παρ’

45 1611 239 1674 αὐτοῖς
264 1612 441 1683 τρίτον
471 1611 727 1681 κέκληται
751 1614 923 1683 γίμελ·
948 1614 1085 1668 οὕτω
1113 1615 1167 1668 δὲ
1198 1615 1292 1687 τὴν
1324 1616 1596 1687 πλήρωσιν

45 1700 425 1771 ὀνομάζουσιν.
448 1698 561 1753 Εἶτ’
590 1701 772 1772 ἐπειδὴ
817 1702 913 1766 τὰς
942 1696 1151 1766 δέλτους
1199 1704 1321 1756 suo
1355 1704 1592 1769 καλοῦσι,

46 1792 115 1843 τὸ
138 1793 391 1863 τέταρτον
422 1794 676 1862 στοιχεῖον
705 1790 845 1845 οὕτω
866 1797 1171 1863 προσεῖπον,
1210 1796 1342 1865 ὁμοῦ
1375 1797 1460 1850 διὰ
1490 1797 1595 1851 τῶν

1697 617 1889 683 stituit,
1924 617 2011 672 bis
2038 617 2252 671 verbis:
2290 635 2309 667 ι
2344 616 2462 670 Νοη
2483 621 2714 687 amjlius
2743 619 3018 671 vocabitur
3033 633 3226 671 nomen

1695 716 1843 761 tuum
1874 706 2094 773 Abram,
2120 708 2210 762 sed
2236 708 2505 761 Abraham
2540 709 2646 762 erit
2675 723 2866 761 nomen
2904 716 3074 773 tuum,
3102 709 3228 776 quia

1694 787 1897 867 patrem
1929 797 2215 849 multarum
2248 797 2482 865 gentium
2515 796 2666 866 posui
2698 795 2826 849 te".
2860 815 2878 847 ι
2912 796 3077 864 Cujus
3100 811 3228 849 ora-

1695 885 1803 939 culi
1827 885 1933 938 vim
1964 893 2126 953 atque
2153 886 2471 940 sententiam
2509 884 2774 953 explicare
2815 887 3031 956 longum
3064 894 3227 941 esset.

1696 974 1893 1030 Verum
1924 976 2056 1029 satis
2082 976 2183 1030 hoc
2218 976 2381 1029 etiam
2411 976 2533 1032 loco
2579 976 2739 1031 fuerit
2771 978 2909 1030 hanc
2938 976 3004 1030 ad
3037 976 3231 1030 verita-

1694 1077 1804 1123 tem
1842 1065 2083 1122 Platonis
2124 1067 2436 1136 suffragium
2486 1067 2795 1137 adjungere,
2844 1068 2935 1135 qui
2971 1065 3231 1125 diviniora

1694 1160 1869 1229 aliqua
1886 1160 1937 1213 vi
1958 1158 2171 1212 nomina
2189 1157 2429 1225 quaedam
2453 1157 2700 1225 imposita
2719 1155 2883 1210 fuisse
2900 1156 3228 1224 pronuntiat.

1696 1249 1785 1306 Sic
1833 1252 1974 1305 enim
2021 1250 2087 1303 ad
2142 1248 2363 1302 verbum
2412 1249 2547 1317 ipse,
2601 1266 2620 1297 ι
2677 1247 2775 1301 Hic
2822 1248 2985 1311 enim,
3036 1246 3230 1310 inquit,

1693 1341 1949 1407 maxime,
2002 1339 2332 1409 praecipuum
2376 1337 2643 1405 quoddam
2692 1336 2746 1389 in
2794 1336 3099 1391 nominibus
3132 1338 3236 1390 rite

1694 1429 2040 1501 imponendis
2090 1428 2386 1481 adhibitum
2420 1427 2652 1481 studium
2687 1425 2850 1481 fuisse
2892 1427 3042 1481 decet
3074 1445 3088 1491 ;
3124 1427 3237 1482 imo

1694 1536 1763 1575 ex
1812 1520 1880 1573 iis
1912 1520 2073 1573 etiam
2109 1519 2367 1571 nonnulla
2408 1516 2655 1579 fortasse,
2694 1517 2744 1569 vi
2776 1517 3004 1585 quadam
3049 1526 3231 1571 nostra

1696 1610 1796 1664 hac
1826 1610 1983 1679 longe
2010 1608 2263 1662 diviniori
2291 1608 2575 1663 constituta
2602 1615 2743 1662 sunt.
2773 1626 2791 1658 ι
2820 1608 2886 1659 At
2908 1606 3033 1660 illud
3055 1606 3230 1675 ipsum

1694 1698 1887 1753 divinae
1929 1700 2119 1753 litterae
2168 1698 2326 1768 longe
2372 1713 2501 1753 sane
2546 1698 2867 1752 luculentius
2916 1698 3236 1766 uberiusque

1696 1792 2047 1853 conﬁrmant,
2084 1805 2147 1843 ac
2181 1789 2355 1843 Moses
2394 1790 2508 1858 ipse
2564 1804 2672 1857 pra:
2703 1788 2927 1853 caeteris,
2974 1788 3063 1855 qui
3098 1787 3235 1840 divi-

48 1878 149 1931 δύο
182 1880 454 1949 στοιχείων
483 1878 845 1948 σημαίνοντες,
875 1880 955 1931 ὅτι
984 1881 1016 1949 ή
1052 1864 1317 1953 ἔγγραφος
1368 1883 1597 1953 μάθησις

1702 1884 1846 1936 nittts
1875 1881 2243 1935 Abrahamum
2281 1879 2503 1948 ejusque
2550 1879 2715 1931 ﬁlium
2751 1877 2911 1947 519
2956 1876 3192 1931 lsaaeum
3217 1918 3234 1943 ,

54 1971 335 2042 πλήρωσις
366 1972 478 2023 ἐστι
500 1970 713 2023 δέλτων.
759 1968 953 2023 Ἐπιὼν
979 1970 1035 2023 δέ
1080 1988 1163 2035 τις
1211 1974 1303 2025 καὶ
1347 1974 1413 2027 τά
1439 1974 1597 2028 λοιπά

51 2060 159 2128 τῆς
184 2063 564 2132 γραμματικῆς
589 2064 840 2133 στοιχεῖα,
866 2060 1002 2131 μετά
1027 2078 1167 2124 τινος
1194 2064 1369 2125 αἰτίας
1392 2064 1484 2117 καὶ
1509 2065 1597 2117 λο-

53 2150 256 2220 γισμοῦ
283 2149 426 2221 εὖροι
481 2150 546 2204 ἂν
602 2153 803 2205 ἕκαστα
834 2154 958 2221 παρ’
990 2153 1169 2213 αὐτοῖς
1224 2154 1594 2223 ὡνομασμένα.

1701 1986 1801 2025 nec
1847 1984 1952 2023 non
2003 1978 2057 2023 et
2088 1966 2333 2023 lsraelem
2384 1968 2674 2037 appellatos
2706 1984 2825 2021 esse
2876 1975 3117 2021 testatur.
3170 1966 3247 2019 Et“

1710 2062 1876 2113 risum
1939 2061 2153 2128 quidem
2201 2059 2413 2114 lsaacus
2460 2058 2744 2128 signiﬁcat,
2777 2069 2834 2112 ut
2882 2058 2983 2112 hoc
3013 2068 3237 2111 su0'no-

1712 2153 1856 2204 mine
1891 2160 2112 2205 ‘castam
2178 2150 2322 2217 illam
2390 2158 2735 2218 sanctamque
2772 2149 3007 2202 laetitiam
3043 2162 3238 2216 reprae—

66 2241 224 2293 Ἐπεὶ
272 2242 365 2294 καὶ
413 2242 519 2295 τῶν
574 2243 710 2296 ὲπτά
750 2242 1064 2312 φωνηέντων
1122 2243 1218 2312 τὴν
1248 2244 1338 2294 ἐπὶ
1389 2245 1448 2297 τὸ
1472 2246 1598 2297 αὐτὸ

1706 2248 1963 2305 sentaret,
1988 2254 2148 2308 quam
2177 2238 2366 2293 amicis
2391 2239 2502 2294 suis
2524 2238 2663 2293 Deus
2690 2248 2942 2307 tanquam
2972 2237 3239 2305 singulare

58 2330 312 2386 σύνθεσιν
353 2333 479 2402 μιᾶς
523 2350 664 2396 τινος
710 2334 1013 2404 ἀπορρήτου
1057 2334 1415 2403 προσηγορίας
1450 2351 1600 2404 περι-

1704 2344 1899 2383 munus
1961 2341 2023 2383 ac
2075 2330 2351 2398 praemium
2417 2329 2715 2397 pollicetur.
2782 2327 3029 2397 Ejusdem
3096 2327 3239 2382 ﬁlius

51 2418 204 2489 ιχειν
242 2421 399 2488 φασὶν
430 2420 748 2491 ὲκφώνησιν,
789 2422 853 2490 ἢν
888 2420 973 2473 διὰ
1004 2420 1277 2491 τεσσάρων
1329 2423 1598 2491 στοιχείων

1707 2419 1889 2483 lsrael,
1920 2436 2039 2474 cum
2073 2428 2224 2472 antea
2256 2418 2439 2472 Jacobi
2471 2432 2661 2471 nomen
2691 2417 2981 2478 habuisset,
3008 2416 3103 2469 abs
3130 2416 3237 2469 Deo

52 2512 245 2574 παῖδες
277 2512 538 2582 Ἐϐραίων
561 2512 957 2584 σημειούμενοι,
986 2511 1075 2563 ἐπὶ
1107 2514 1202 2581 τῆς
1231 2512 1484 2564 ἀνωτάτω
1504 2513 1595 2564 τοῦ

1704 2518 1888 2577 postea
1920 2509 2130 2563 lsraelis
2162 2525 2356 2563 nomen
2405 2510 2626 2576 accepit,
2662 2524 2725 2561 ex
2759 2518 2982 2561 actuoso
3014 2516 3067 2559 et
3092 2507 3242 2559 labo-

44 2602 191 2655 Θεοῦ
212 2603 487 2673 δυνάμεως
510 2606 950 2667 κατατάττουσιν,
979 2603 1197 2656 ἀλεκτὸν
1232 2621 1283 2655 τι
1331 2604 1439 2664 τοῖς
1478 2602 1598 2655 πολ-

1700 2600 1848 2652 rioso
1885 2601 2101 2652 homine
2149 2600 2532 2667 contemplator
2560 2598 2795 2651 eﬁ‘eclus.
2831 2596 2961 2650 Nam
3011 2596 3240 2650 Jacobus

52 2686 173 2751 λοῖς
198 2689 291 2741 καὶ
318 2690 618 2760 ἀπόρρητον
665 2690 807 2743 τοῦτ’
834 2686 967 2743 εἷναι
1025 2693 1149 2753 παῖς
1211 2689 1358 2759 παρά
1404 2691 1600 2761 πατρὸς

1700 2702 1830 2741 sane
1858 2688 1997 2742 calce
2030 2690 2350 2758 impetentem
2388 2698 2563 2751 sonat,
2611 2689 2766 2756 quasi
2814 2689 3027 2741 virtutis
3070 2698 3242 2741 certa-

51 2778 359 2849 σιληφότες.
394 2782 501 2834 Καὶ
524 2781 629 2835 τῶν
660 2783 786 2853 παρ’
819 2781 1037 2851 Ἕλλησι
1075 2781 1130 2833 δὲ
1158 2780 1351 2849 σοφῶν,
1390 2782 1487 2833 οὐκ
1512 2778 1600 2834 οἷδ’

1702 2777 1848 2829 mine
1872 2776 2248 2846 delungentem
2278 2794 2293 2843 ;
2330 2787 2383 2831 at
2413 2778 2595 2843 Israel,
2627 2795 2740 2830 eum
2767 2780 2853 2847 qui
2890 2777 3051 2831 Deum
3082 2776 3240 2842 videt,

50 2870 252 2924 ὁπόθεν
293 2888 375 2937 τις
426 2871 579 2925 τοῦτο
614 2871 795 2942 μαθὼν
840 2870 1071 2942 ᾐνίξατο,
1132 2863 1230 2923 ῶδέ
1264 2887 1340 2941 πη
1370 2870 1435 2923 δι’
1460 2870 1600 2924 ἐπῶν

1706 2868 1991 2938 signiﬁcat,
2042 2869 2347 2938 cujusmodi
2400 2884 2552 2921 mens
2600 2868 2835 2923 hominis
2861 2883 2980 2923 esse
3032 2867 3240 2933 debeat,

56 2960 259 3028 φήσας·
1514 2994 1525 3003 ι
1706 2976 1823 3030 quae
1851 2961 1903 3013 in
1931 2962 2237 3031 cognitione
2269 2970 2322 3016 et
2345 2962 2797 3030 contemplatione
2823 2970 3083 3015 versetur.
3136 2959 3243 3014 Sed

53 3049 204 3103 enim
232 3049 360 3119 quid
410 3052 597 3105 attinet
626 3052 727 3106 hoc
782 3051 925 3118 loco,
988 3050 1071 3104 vel
1119 3049 1281 3105 Mosis
1326 3050 1469 3105 illius
1510 3050 1909 3119 sapientissimi,
1975 3054 2057 3106 vel
2115 3068 2388 3107 sacrarum
2441 3053 2579 3123 apud
2622 3051 2870 3106 llebrmos
2920 3051 3241 3114 litterarum,

53 3155 330 3195 summam
397 3143 451 3196 in
488 3143 720 3211 propriis
763 3142 1068 3197 nominibus
1127 3143 1463 3210 imponendis
1527 3144 1890 3198 maturitatem
1943 3151 2101 3214 atque
2152 3146 2443 3209 solertiam,
2497 3145 2760 3200 sexcentis
2809 3143 2928 3197 aliis
2989 3143 3245 3211 exemplis

52 3236 348 3300 illustrare,
376 3251 497 3291 cum
521 3232 622 3291 b’oe
644 3239 1017 3307 disputationis
1044 3252 1211 3307 genus
1235 3239 1391 3308 longe
1422 3238 1594 3305 majus
1631 3241 1798 3293 otium
1831 3240 2098 3294 desideret
2127 3240 2149 3292 ?
2186 3240 2469 3295 Enimvero
2502 3257 2569 3295 ne
2632 3242 2928 3310 primorum
2992 3238 3242 3310 quidem,

53 3346 181 3401 quae
231 3333 346 3400 ipso
382 3333 563 3385 statim
610 3332 783 3396 initio,
816 3348 873 3387 se
926 3332 1173 3395 offerunt,
1227 3334 1602 3401 grammatices
1638 3333 2065 3397 elementorum,
2122 3334 2291 3388 Graeci
2356 3336 2599 3389 homines
2662 3335 2992 3388 notationem
3050 3331 3241 3385 aﬁerre

54 3422 309 3493 possint:
343 3424 470 3493 quin
502 3424 698 3477 btereat
726 3424 883 3477 etiam
911 3423 1024 3492 ipse
1051 3423 1225 3486 Plato,
1291 3425 1336 3478 si
1398 3426 1663 3478 vocalium
1704 3435 1794 3479 aut
1822 3429 2233 3481 consonantium
2260 3428 2573 3497 explicanda
2606 3429 2741 3480 ratio
2772 3437 2929 3495 atque
2958 3423 3242 3493 appellatio

54 3517 148 3570 sit.
179 3517 249 3569 At
289 3532 413 3570 vero
456 3515 660 3571 Hebraei
704 3532 820 3570 eam
855 3516 906 3569 in
971 3526 1218 3586 promptu
1261 3517 1475 3571 habent.
1519 3516 1651 3571 Nam
1690 3519 1847 3587 alpha
1875 3520 2109 3587 quidem,
2158 3522 2298 3589 quod
2348 3522 2469 3589 alph
2515 3520 2611 3587 ipsi
2662 3526 2870 3581 vocant,
2904 3512 3236 3581 disciplinam

57 3609 372 3677 signiﬁcat;
407 3610 564 3662 betha
596 3626 752 3672 vero,
815 3610 958 3679 quod
1012 3609 1135 3663 beth
1184 3612 1448 3680 appellare
1500 3614 1687 3677 solent,
1728 3597 1936 3667 domum
1970 3624 2159 3669 sonat:
2192 3625 2478 3681 utrumque
2520 3610 2833 3665 sententiam
2870 3608 3007 3659 bane
3054 3606 3233 3667 ellicit,

59 3701 355 3771 Disciplina
378 3700 604 3754 domus:
648 3702 800 3769 quasi
842 3700 1077 3769 apertius
1135 3702 1418 3766 diceretur,
1444 3703 1683 3757 doctrina
1721 3707 1962 3773 quaedam
2016 3722 2107 3759 seu
2164 3705 2444 3772 disciplina
2503 3704 2576 3755 rei
2627 3702 2949 3755 domestiew.
2999 3698 3243 3757 Gamma,

32 3797 212 3865 quod
283 3795 414 3866 ipsis
480 3809 693 3864 quoque
733 3794 945 3848 tertium
995 3795 1315 3848 elementum
1363 3806 1471 3858 est,
1520 3798 1675 3865 gimel
1712 3798 1915 3861 dicunt,
1965 3813 2133 3866 eoque
2182 3798 2549 3866 plenitudinem
2587 3795 2871 3864 quamdam
2926 3790 3243 3860 signiﬁcant.

54 3887 203 3946 Tum
273 3891 528 3960 quoniam
596 3888 806 3951 δέλτους
850 3888 953 3943 hoc
980 3897 1060 3942 est
1094 3888 1320 3953 tabulas,
1364 3890 1508 3943 delth
1558 3893 1867 3959 nominant;
1917 3906 2109 3962 quarto
2174 3895 2437 3948 elemento
2484 3892 2621 3944 idem
2680 3890 2837 3943 etiam
2872 3901 3063 3939 nomen
3100 3885 3239 3936 indi-

55 3985 211 4049 dere,
239 3992 299 4038 ut
324 3984 603 4037 ambarum
631 3982 927 4036 litterarum
982 3980 1361 4047 conjunctione
1418 3982 1662 4047 doceant,
1704 3987 2142 4051 comprehensam
2175 3988 2377 4052 scripto
2408 3982 2765 4050 disciplinam,
2794 3978 3091 4031 tabularum
3133 3974 3240 4041 ple-

54 4075 363 4131 nitudinem
407 4088 546 4129 esse.
586 4074 758 4143 Atque
794 4075 865 4127 ita
911 4074 1157 4141 deinceps
1198 4074 1458 4128 elementa
1512 4080 1869 4145 grammaticae
1919 4080 2142 4145 reliqua,
2198 4079 2430 4129 nominis
2461 4088 2672 4143 quoque
2720 4071 2799 4124 sui
2845 4069 3075 4137 reperies
3117 4078 3241 4134 pro-

54 4170 236 4238 priam
270 4170 409 4239 apud
444 4168 697 4223 Hebrteos
728 4183 789 4223 ac
825 4169 1147 4239 singularem
1188 4170 1384 4222 habere
1423 4172 1701 4223 rationem.
1741 4170 1871 4223 Nam
1904 4180 1954 4224 et
2005 4181 2200 4238 septem
2232 4185 2439 4238 quoque
2470 4168 2732 4220 vocalium
2778 4168 2914 4219 inter
2939 4179 3055 4217 sese
3097 4177 3245 4216 com-
3342 4150 3344 4153 ’

58 4261 403 4323 missionem,
442 4259 703 4327 ejusmodi
748 4274 938 4312 nomen
1008 4258 1211 4311 elIicere
1242 4260 1447 4322 volunt,
1479 4261 1618 4327 quod
1656 4261 1911 4327 explicari
1953 4275 2079 4312 voce
2121 4276 2222 4313 non
2273 4261 2460 4327 possit,
2495 4259 2742 4327 quodque
2774 4255 2976 4308 llebrzei
3011 4264 3237 4324 quatuor

54 4351 344 4407 clementis
376 4350 641 4402 inclusum
689 4362 912 4401 summae
958 4346 1049 4400 Dei
1094 4350 1343 4414 potestati
1381 4350 1740 4415 exprimenda:
1781 4352 2098 4416 attribuunt,
2132 4353 2208 4405 sic
2238 4362 2411 4405 tamen
2443 4363 2498 4405 ut
2523 4354 2658 4403 idem
2692 4349 2912 4417 proferri
2953 4349 3109 4417 vulgo
3140 4363 3246 4400 non

56 4455 226 4513 posse
271 4432 426 4509 longa
480 4437 620 4493 serie
666 4439 864 4505 posteri
908 4452 937 4489 a
970 4436 1263 4505 majoribus
1301 4439 1619 4506 acceperint.
1670 4439 1733 4493 Et
1763 4457 1908 4505 vero,
1944 4459 2083 4497 unus
2114 4444 2270 4496 etiam
2303 4444 2492 4510 aliquis
2524 4457 2552 4494 e
2575 4440 2790 4494 Gracia:
2816 4439 3163 4508 sapientibus,
3191 4440 3244 4491 id

58 4538 266 4608 ipsum,
321 4531 462 4587 unde
509 4531 648 4585 unde
694 4530 951 4595 hauserit,
980 4530 1309 4585 subobscure
1337 4532 1421 4585 his
1449 4534 1694 4588 versibus
1723 4537 2060 4591 adumbravit

71 4651 263 4709 Ἑπτά
286 4668 361 4721 με
402 4648 715 4721 φωνήεντα
752 4650 897 4704 Θεὸν
928 4649 1111 4721 μέγαν
1132 4648 1376 4718 ἄφθιτον
1399 4652 1553 4705 αἰνεῖ

131 4718 470 4788 Γράιὶματα,
497 4720 601 4773 τὸν
638 4719 871 4772 πάντων
894 4718 1193 4788 ἀκάματον
1222 4721 1457 4787 πατέρα.

131 4740 182 4777 ι’
343 4740 470 4785 ara,
497 4740 601 4773 τον
638 4740 871 4772 παντων
894 4740 1193 4788 ακαματον
1222 4740 1457 4787 πατερα.

60 4740 259 4865 Elufa
238 4740 340 4846 (ζμ
343 4791 454 4863 ἐγὼ
508 4789 746 4871 aran
792 4788 977 4857 χέλυς
1026 4786 1284 4858 ἄφθιτος,
1320 4790 1609 4932 wlv.

398 4929 407 4932 _
565 4928 613 4932 -_
743 4882 754 4932 ι
793 4929 803 4932 ,
940 4929 948 4932 _
1159 4931 1164 4932 ,
1472 4878 1510 4928 η

1642 4660 1682 4717 C
1718 4654 1875 4725 520
1910 4656 1990 4710 Me
2020 4668 2203 4725 septem
2230 4655 2467 4706 interitus
2494 4669 2673 4720 expers
2708 4652 2904 4725 natalia
2935 4648 3159 4710 Numen,

1787 4723 2195 4783 (Itinrloruntque
2230 4725 2435 4775 Patrem
2461 4734 2649 4790 septem
2675 4723 2923 4775 elementa
2948 4728 3145 4790 vocant.

1718 4794 1865 4850 Idem
1893 4808 2086 4850 interna
2135 4794 2298 4861 chelys
2326 4788 2521 4854 rerum,
2542 4808 2751 4861 quasque
2775 4792 2953 4842 ordine
2964 4788 3124 4856 jussit

143 4929 530 5001 ἰιρμοσάμην
553 4928 722 4995 δίνης
743 4897 1036 5013 1(stimulato
1057 4931 1231 5007 pun.

58 5035 266 5115 Εὖροις
296 5042 340 5096 δ’
371 5043 437 5097 ἀν
466 5042 559 5096 καὶ
586 5042 694 5097 τῶν
742 5041 938 5095 λοιπῶν
996 5040 1125 5113 παρ’
1165 5040 1431 5110 Ἑόραίοις
1463 5056 1609 5093 στοι-

58 5133 250 5204 χείων,
279 5131 574 5204 ἐπιστήσας
604 5134 833 5205 ἑκάστῳ,
860 5133 925 5188 τὰ
955 5132 1339 5203 σημαινόμενα.
1369 5130 1610 5185 Τοῦτοδὲ

62 5221 168 5292 ήδη
226 5218 321 5272 καὶ
362 5218 449 5273 διὰ
483 5220 589 5275 τῶν
640 5224 869 5295 πρόσθεν
907 5226 1034 5294 ἡμῖν
1092 5219 1333 5290 συνέστη,
1382 5220 1610 5288 ὁπηνίκα

60 5310 218 5384 παρὰ
252 5309 535 5384 βαρὸάρων
565 5314 632 5367 τὰ
662 5316 834 5369 πάντα
860 5312 1160 5385 ὠφελῆσθαι
1196 5312 1319 5373 τοὺς
1353 5311 1610 5382 Ἕλληνας

60 5393 508 5475 ἀπεδεικνύομεν.
552 5403 756 5475 Πολλὴν
802 5406 846 5458 δ’
878 5405 942 5459 ἄν
993 5421 1073 5466 τις
1122 5400 1455 5471 καταμάθοι,
1514 5401 1611 5472 τὴν

79 5498 343 5571 Ἑϐραίων
367 5495 604 5565 γλῶτταν
634 5493 1106 5565 πολυπραγμονῶν,
1155 5490 1425 5559 ὀνομάτων
1456 5489 1609 5562 ὀρθόο

62 5608 204 5663 τητα
227 5589 381 5661 παρά
428 5590 538 5649 τοῖς
576 5586 796 5657 ἀνδράσι
854 5585 1170 5655 φερομένην·
1219 5583 1337 5636 ἐπεὶ
1365 5581 1456 5635 καὶ
1482 5580 1610 5633 αὐτὸ

61 5683 162 5737 τοῦ
196 5680 393 5744 παντὸς
445 5678 625 5742 ἔθνους
672 5677 732 5733 τδ
764 5678 1149 5751 προσηγορικὸν
1185 5677 1350 5738 δνομα
1379 5672 1484 5727 ἀπὸ
1514 5672 1605 5727 τοῦ

136 5794 187 5827 ⁸⁸
226 5791 361 5850 Gen.
398 5807 532 5861 xvtt,
571 5791 624 5847 5.

1782 4929 2150 4997 Constantique
2173 4926 2347 4996 polum
2374 4926 2558 4978 ducere
2585 4924 2690 4993 lege
2720 4921 2916 5015 modos.

1712 5044 2040 5098 Caeterorum
2072 5040 2196 5092 item
2225 5038 2365 5107 apud
2399 5035 2650 5093 Hebraeos
2676 5033 3061 5087 elementorum
3085 5028 3247 5100 signi-

1716 5134 2014 5197 licationes,
2049 5132 2094 5185 si
2130 5132 2415 5186 enucleare
2464 5126 2672 5195 singula
2724 5122 2978 5184 volueris,
3028 5121 3247 5175 omnino

1713 5226 1944 5297 reperies
1972 5244 1983 5276 :
2014 5225 2157 5294 quod
2187 5225 2360 5292 ipsum
2388 5222 2496 5288 jam
2528 5232 2556 5270 a
2589 5215 2742 5269 nobis
2771 5222 2927 5267 antea
2954 5210 3242 5280 praestitum

1714 5296 1814 5377 est,
1849 5329 1970 5368 cum
2015 5313 2147 5367 nihil
2197 5328 2301 5364 non
2352 5308 2566 5363 Graecos
2613 5319 2643 5357 a
2691 5302 2933 5358 barbaris
2977 5296 3246 5364 accepisse

1714 5408 2223 5461 demonstraremus.
2245 5402 2521 5453 Postremo
2540 5396 2633 5465 qui
2655 5393 2994 5448 Hebraeorum
3010 5387 3243 5455 linguam
3264 5390 3267 5393 ’

1717 5494 1901 5550 rimari
1925 5491 2234 5562 diligentius
2260 5486 2597 5553 scrutarique
2625 5482 2868 5541 voluerit,
2913 5478 2959 5531 is
3007 5472 3249 5544 proiecto

1713 5601 1975 5643 summam
2010 5582 2298 5650 quamdam
2330 5577 2469 5648 apud
2502 5576 2622 5630 illos
2646 5573 2919 5629 nominum
2954 5565 3245 5637 proprieta-

1710 5688 1815 5735 tem
1866 5691 1985 5732 esse
2030 5679 2335 5745 cognoscet.
2386 5669 2559 5738 Atque
2609 5665 2663 5720 id
2708 5662 2807 5733 ’psi
2841 5658 2923 5715 vel
2967 5674 3033 5715 ex
3080 5654 3244 5712 unico
