3994 6340
719 421 827 477 εδδ

1361 427 1626 482 ECSEBH
1666 429 2139 486 CASSARIENSlS
2171 428 2315 483 OPP.
2360 427 2536 486 PARS
2569 430 2630 484 ll.
2671 461 2739 472 --
2775 429 3261 486 APOLOGETICA.
3816 426 3893 482 868

719 537 898 608 gentis
933 537 1198 595 universa:
1229 543 1448 599 nomine
1476 541 1730 600 eonstare
1777 557 1974 616 potest,
2022 546 2162 615 quod
2208 547 2254 598 al

2381 546 2546 616 ’Ἔϐερ
2578 547 2636 600 τὸ
2666 547 2990 618 παρώνυμον
3023 547 3229 616 εἴληφε.
3284 544 3539 616 Σημαίνει
3566 545 3623 597 δὲ
3659 542 3808 596 τοῦτο
3829 545 3894 597 τὸν

720 629 926 686 Hebere
951 633 1246 687 derivatur.
1271 633 1642 690 Transeuntem
1670 639 1811 692 enim
1841 637 2125 708 signiﬁcat,
2150 654 2271 693 cum

719 734 774 778 et
808 728 1094 780 transitum
1114 737 1165 781 et
1194 739 1560 783 transeuntem
1607 729 1869 784 Hebraica
1906 731 2108 800 lingua,
2142 745 2274 784 voce

719 823 899 882 unica,
933 818 1104 876 lleber
1143 823 1390 889 appellet.
1419 821 1481 876 Et
1511 838 1572 876 ea
1596 823 1811 892 quidem
1845 823 2081 877 nominis
2112 822 2272 892 hujus

718 907 861 959 ratio
892 916 994 972 est,
1029 909 1104 961 uti
1143 910 1210 961 ab
1239 926 1415 962 rerum
1458 911 1801 978 praesentium
1833 912 2066 965 vanitate
2093 912 2158 966 ad
2193 911 2273 964 di-

717 998 972 1051 vinarum
1005 1001 1181 1053 studia
1220 1017 1339 1055 sese
1372 1005 1640 1068 conferre,
1674 1018 1772 1057 nec
1809 1005 1862 1056 in.
1911 1019 2120 1068 eorum,
2153 1019 2272 1073 quae

715 1089 988 1154 videntur,
1020 1092 1472 1158 contemplatione
1512 1075 1806 1147 ulloimodo
1832 1093 2174 1163 acquiescere
2209 1109 2272 1147 ac

714 1182 928 1245 sistere,
964 1184 1055 1237 sed
1092 1183 1159 1236 ab
1187 1184 1252 1237 iis
1279 1186 1454 1252 potius
1485 1187 1550 1240 ad
1590 1197 1798 1241 semota
1827 1187 1916 1240 illa
1952 1187 2271 1255 penitusque

715 1280 986 1332 recondita
1034 1280 1099 1333 de
1134 1281 1367 1335 universi
1399 1281 1689 1336 Conditore
1727 1297 1791 1335 ac
1822 1281 2088 1341 molitore,
2123 1279 2270 1333 theo~

715 1369 869 1437 logiae
904 1372 1158 1440 mysteria
1189 1374 1415 1427 transire
1445 1376 1754 1430 doceantur.
1787 1373 1860 1427 Ita
1886 1373 2038 1442 plane
2067 1360 2272 1441 primos

714 1457 836 1512 illos
899 1461 988 1527 qui
1019 1476 1136 1515 sese
1181 1467 1490 1532 prmpotenti
1526 1482 1703 1520 rerum
1735 1467 1976 1519 omnium
2025 1466 2271 1518 modera-

715 1549 817 1600 tori
882 1553 1199 1621 anctorique
1247 1554 1356 1608 Deo
1411 1565 1826 1617 consecrarent,
1890 1565 1944 1609 et
2002 1557 2266 1610 sinceram

711 1657 1001 1710 "aramque
1054 1645 1367 1712 religionem
1424 1647 1707 1716 diligenter
1761 1649 2110 1711 excolerent,
2165 1647 2268 1702 lle-

711 1734 926 1798 lwmos,
988 1735 1141 1802 quasi
1196 1747 1373 1790 mente
1430 1748 1772 1793 transeuntes
1824 1755 1887 1793 ac
1941 1739 2267 1809 trajicientes

711 1835 1129 1891 nuncupm-unt.
1150 1824 1252 1880 Sed
1285 1844 1543 1896 quorsum
1577 1831 1629 1883 in
1659 1830 1954 1900 colligenda
1986 1832 2262 1884 nominum

710 1914 852 1982 apud
888 1915 1138 1971 llebra‘os
1173 1922 1416 1973 omnium
1447 1923 1792 1991 proprietate,
1827 1930 2143 1991 maturaque
2175 1923 2266 1975 ad-

710 2007 927 2058 modum
961 2007 1299 2075 impositione
1329 2013 1535 2066 diutius
1592 2014 1963 2078 immorcmur,
2019 2029 2139 2067 cum
2200 2014 2264 2066 ad

2380 637 2733 710 διαπερῶντα·
2801 640 2919 691 ἐπεὶ
2969 639 3063 690 καὶ
3103 637 3346 699 διάϐασις
3402 637 3495 690 καὶ
3555 634 3817 707 διαπερῶν
3844 639 3891 704 τῇ

2391 731 2653 800 Ἐϐραίων
2707 734 2852 800 φωνῇ
2907 730 3071 800 Ἔϐερ
3123 728 3457 798 ὀνομάζεται.
3516 727 3759 779 Διδάσκει
3799 725 3894 778 8H-

2378 822 2530 888 λόγος
2561 824 2730 892 περᾷν
2781 823 2873 876 καὶ
2925 819 3214 874 διαϐαίνειν
3247 820 3352 871 ἀπὸ
3396 819 3503 871 τῶν
3556 818 3680 887 τῇδε
3740 815 3824 868 ἐπὶ
3847 815 3895 867 τὰ

2379 911 2514 976 θεῖα,
2547 913 2805 983 μηδαμῶς
2839 931 2896 966 τε
2926 915 3270 984 ἐναπομένειν
3305 913 3396 964 καὶ
3426 909 3670 963 ἵστασθαι
3714 908 3802 960 ἐπὶ
3847 911 3894 976 τῇ

2379 1004 2475 1076 θέᾳ
2512 1005 2617 1056 τῶν
2653 1005 2962 1075 ὁρωμένων·
3003 1005 3106 1058 ἀπὸ
3157 1005 3213 1056 δέ
3264 1004 3464 1056 τούτων
3510 1001 3599 1053 ἐπὶ
3641 998 3710 1052 τά
3745 999 3894 1066 ἀφανῆ

2377 1097 2468 1150 καὶ
2493 1097 2694 1167 ἀόρατα
2718 1097 2813 1166 τῆς
2847 1097 2968 1168 περὶ
3017 1096 3108 1148 τοῦ
3162 1097 3266 1149 τῶν
3309 1095 3440 1148 ὅλων
3483 1090 3702 1162 ποιητοῦ
3743 1107 3800 1142 τε
3827 1091 3896 1144 καὶ

2374 1187 2702 1259 δημιουργοῦ
2758 1187 3030 1254 θεολογίας
3089 1187 3394 1239 διαϐαίνειν.
3446 1183 3624 1254 Ταύτῃ
3674 1199 3754 1234 τοι
3795 1182 3893 1242 τοὺς

2376 1280 2620 1349 πρώτους
2661 1278 2803 1348 μόνῳ
2864 1278 2940 1348 τῷ
2997 1278 3325 1347 πανηγεμὸνι
3349 1276 3440 1328 καὶ
3467 1274 3619 1343 αἰτίῳ
3651 1273 3759 1324 τῶν
3787 1271 3892 1323 ὅλων

2375 1369 2776 1438 ἀνακειμένους,
2812 1367 3057 1438 εύσεϐείᾳ
3085 1384 3139 1420 τε
3171 1366 3380 1436 καθαρᾷ
3401 1364 3490 1417 καὶ
3527 1364 3715 1432 ἀληθεῖ
3755 1379 3889 1433 προς-

2376 1461 2684 1531 ανέχοντας,
2732 1459 3008 1531 Ἐϐραίους
3060 1457 3320 1526 ἐφώνουν,
3374 1455 3695 1528 περατικούς
3771 1471 3892 1512 τινας

2374 1554 2467 1606 καὶ
2486 1553 2870 1624 διαϐεϐηκότας
2903 1555 2965 1621 τῇ
2999 1550 3203 1620 διανοίᾳ
3253 1550 3376 1611 τοὺς
3421 1547 3690 1610 τοιούτους
3712 1549 3891 1601 ἀποκα-

2373 1644 2603 1707 λοῦντες.
2631 1646 2741 1697 Kal
2762 1645 2813 1695 τί
2840 1660 2904 1714 με
2937 1643 3013 1694 δεῖ
3045 1641 3135 1693 ἐπὶ
3162 1640 3340 1693 πλεῖον
3371 1638 3645 1710 μηκύνειν,
3663 1639 3729 1691 τά
3748 1639 3892 1690 πάντα

2375 1738 2670 1804 συνάγοντα
2721 1735 2818 1805 τῆς
2872 1734 2974 1788 τῶν
3013 1733 3268 1804 Ἐϐραίων
3314 1733 3586 1801 ὀνομάτων
3633 1728 3891 1799 ὀρθότητος

2371 1846 2429 1880 τε
2450 1829 2542 1880 καὶ
2569 1826 2867 1896 ἀκριϐείας,
2893 1827 2982 1878 τοῦ
3011 1826 3383 1895 προϐλήματος
3422 1821 3620 1882 οἰκείας
3669 1817 3890 1887 δεομένου

2374 1917 2784 1990 πραγματείας;
2817 1916 2978 1987 Πλὴν,
3007 1916 3081 1978 ὡς
3102 1917 3156 1968 ἐν
3181 1916 3334 1982 τύπῳ
3360 1913 3540 1981 φάναι,
3567 1909 3796 1981 ἡγοῦμαι
3819 1909 3889 1958 καί

2371 2011 2456 2062 διὰ
2481 2010 2588 2062 τῶν
2620 2009 2913 2078 λεχθέντων
2962 2009 3059 2076 τῆς
3097 2007 3222 2076 παρ’
3280 2003 3544 2073 Ἑϐραίοις
3580 2001 3796 2069 λογικῆς
3833 1999 3890 2050 δι-

709 2096 850 2149 hanc
902 2099 1253 2164 quaestionem
1309 2101 1514 2170 integra
1564 2105 1805 2173 quaedam
1861 2120 1924 2158 ac
1978 2104 2254 2171 singularis

2369 2101 2658 2163 δασκαλίας
2681 2102 2777 2171 τὴν
2799 2094 3067 2161 ἀπόδειξιν
3105 2095 3518 2166 παρεσχηκέναι·
3551 2095 3596 2144 εἰ
3644 2092 3727 2160 δὴ,
3776 2091 3888 2141 κατὰ

706 2199 869 2252 opera
899 2187 1233 2254 requiratur?
1268 2190 1531 2244 Caeterum
1553 2233 1567 2256 ,
1616 2193 1746 2245 mihi
1792 2194 2003 2259 quidem
2038 2193 2261 2258 videor,

708 2277 984 2343 quomodo
1031 2278 1217 2330 saltem
1275 2278 1612 2334 informanda
1666 2297 1723 2336 re
1778 2282 1889 2334 ﬁeri
1936 2284 2128 2351 potuit,
2161 2282 2264 2336 Hc—

706 2367 975 2422 braeorum
1029 2369 1080 2423 in
1111 2371 1426 2426 disserendo
1471 2373 1577 2426 vim
1629 2384 1789 2443 atque
1824 2374 2154 2439 facultatem,
2182 2377 2265 2428 vel

703 2461 892 2529 paucis
933 2463 1018 2527 iis,
1051 2479 1171 2532 qua”:
1217 2464 1312 2518 abs
1348 2479 1432 2520 me
1478 2476 1899 2520 commemorata
1946 2476 2091 2530 sunt,
2127 2468 2260 2522 satis

704 2553 1003 2618 illustrasse
1029 2573 1047 2608 :-
1072 2556 1336 2623 siquidem
1377 2571 1438 2610 ea
1469 2555 1713 2610 Platonis
1763 2558 2024 2612 sententia
2065 2559 2256 2626 placet,

704 2643 830 2697 dum
881 2645 924 2698 is
973 2645 1306 2712 plebeiorum
1356 2660 1419 2700 ac
1467 2646 1768 2714 vulgarium
1815 2647 2094 2701 hominum
2138 2664 2258 2704 csse

704 2743 880 2803 negat,
922 2734 1138 2802 propria
1186 2735 1473 2804 nativaque
1507 2752 1687 2790 rerum
1736 2739 1954 2792 nomina
1992 2739 2252 2805 invenire,

2365 2193 2455 2247 τὸν
2484 2192 2760 2254 Πλάτωνα,
2782 2191 2842 2242 ού
2869 2189 3081 2258 φαύλων
3104 2183 3167 2259 ἦν
3194 2187 3393 2258 ἀνδρῶν
3416 2185 3536 2238 οὐδὲ
3579 2182 3684 2235 τῶν
3733 2183 3890 2250 τυχόν-

2365 2302 2491 2347 των,
2524 2283 2658 2337 ἀλλά
2699 2281 2859 2351 σοφοῦ
2903 2282 2994 2333 καὶ
3034 2279 3364 2332 διαλεκτικοῦ
3410 2293 3551 2339 τινος
3607 2272 3888 2342 νομοθέτου,

2367 2373 2524 2442 φύσιν
2562 2372 2835 2440 ὀνομάτων
2884 2370 3084 2421 οἰκείαν
3134 2371 3243 2430 τοῖς
3287 2367 3601 2437 πράγμασιν
3643 2362 3890 2433 εὑρέσθαι.

2365 2461 2472 2528 οἷος
2508 2465 2635 2535 ἡμῖν
2662 2463 2688 2514 ὁ
2729 2464 2929 2532 Μωσῆς
2955 2462 3047 2513 καὶ
3065 2460 3129 2513 τὰ
3157 2461 3417 2531 Ἐϐραίων
3440 2457 3797 2511 ἀποδέδεικται
3819 2454 3888 2504 λό-

2364 2575 2475 2626 για.
2533 2558 2596 2609 Τί
2638 2556 2701 2625 δὴ
2725 2552 2816 2608 οὖν
2847 2553 2983 2625 μετά
3027 2553 3091 2606 τὰ
3113 2552 3303 2620 λογικὰ
3339 2549 3596 2618 ἐπεται,ἢ
3620 2548 3688 2602 τά
3713 2546 3886 2617 φυσικᾶ

2363 2647 2787 2715 ἐπισκέψασθαι,
2840 2646 2986 2707 ὅπως
3035 2643 3162 2695 ποτὲ
3209 2643 3300 2694 καὶ
3368 2641 3492 2711 περὶ
3555 2636 3724 2691 ταῦτα
3767 2628 3894 2702 εἶχον

2374 2741 2634 2810 Ἐϐραίων
2671 2737 2854 2800 παῖδες
2874 2754 2888 2802 ;

701 2824 793 2879 sed
865 2833 1072 2879 tantum
1132 2827 1390 2896 sapientis
1450 2828 1794 2898 legislatoris,
1849 2843 1900 2884 et
1963 2832 2191 2886 scienter
2230 2832 2505 2902 periteque
2553 2830 2944 2889 ratiocinantis.
2994 2827 3203 2896 qualem
3244 2827 3483 2897 profecto
3538 2840 3658 2879 cum
3710 2823 3880 2875 Mosen)

700 2919 898 2986 ipsum,
935 2931 1044 2971 tum
1080 2918 1465 2973 llebraicorum
1521 2922 1866 2974 oraculorum
1920 2924 2026 2975 vim
2082 2937 2203 2990 esse
2270 2922 2652 2976 demonstravi.
2709 2921 2849 2987 Quid
2875 2935 3002 2990 ergo
3031 2919 3332 2989 proximum
3363 2916 3597 2984 est,.nisi
3625 2925 3677 2969 ut
3713 2913 3875 2987 quem-

702 3011 986 3066 admodum
1026 3011 1125 3081 ipsi
1158 3013 1224 3067 de
1270 3027 1451 3067 rerum
1484 3026 1675 3067 natura
1720 3016 2083 3084 philosophati
2128 3015 2253 3080 sint,
2294 3016 2688 3086 exquiramus?

1187 3193 1342 3263 521
1373 3191 1597 3247 CAPUT
1642 3169 1746 3247 vn.

932 3323 1009 3376 De
1036 3324 1270 3377 naturali
1300 3325 1641 3380 llebrworum
1671 3310 2022 3398 philosophia.

2904 3190 3288 3244 ΚΕΦΛΛΑῘΟΝ
3313 3191 3385 3242 Z'.

2527 3323 2665 3390 Περὶ
2699 3321 2805 3390 τῆς
2828 3324 2955 3377 καθ’
3003 3321 3295 3389 Ἐϐραίους
3337 3322 3742 3390 φυσιολογίας.

764 3458 1001 3513 Tertiam
1031 3459 1168 3512 hanc
1194 3445 1845 3529 llebraicm‘philosophire
1884 3473 2111 3531 partem,
2130 3481 2249 3534 tum

2422 3460 2532 3512 Kal
2556 3461 2616 3512 τὸ
2639 3460 2819 3530 τρίτον
2843 3460 2900 3512 δέ
2930 3459 3092 3531 μέρος
3116 3461 3213 3530 τῆς
3237 3458 3355 3513 καθ’
3396 3457 3674 3530 Ἑϐραίους
3694 3457 3887 3527 φιλοσο-

699 3551 958 3604 uaturalis
992 3561 1236 3615 vocatur,
1290 3565 1517 3619 quicque
1573 3551 1640 3604 ab
1695 3552 1883 3607 iisdem
1918 3569 2149 3623 quoque,
2193 3557 2245 3609 in

699 3655 877 3694 rerum
928 3641 1043 3693 sola
1080 3649 1256 3694 mente
1282 3649 1692 3710 perceptarum,
1724 3651 1776 3697 et
1803 3645 2048 3713 corporis
2071 3647 2247 3703 omnis

698 3732 990 3802 expertium
1025 3734 1560 3801 contemplationem,
1595 3736 1718 3789 etin
1748 3752 1956 3802 earum,
1991 3754 2110 3806 quae
2127 3755 2248 3793 seu-

697 3825 842 3881 sibus
872 3835 1226 3892 usurpantur,
1260 3826 1633 3879 tractationem
1672 3827 1954 3892 dividitur,
1985 3829 2246 3884 laudatis-

696 3917 816 3972 simi
844 3917 1113 3985 prophetae
1137 3931 1258 3968 cum
1284 3927 1546 3970 noverant
1573 3918 1676 3987 ipsi
1715 3935 1812 3988 per
1835 3937 1977 3985 sese,
2004 3923 2246 3988 tum,ubi

631 4055 634 4057 _
695 4009 989 4078 posntlaret
1048 4008 1299 4071 occasio,
1331 4010 1442 4063 suis
1475 4011 1674 4078 passim
1720 4012 1953 4066 oraculis
2002 4028 2248 4083 asperge-

695 4102 859 4155 bant:
921 4117 1082 4170 quam
1114 4102 1185 4154 illi
1219 4112 1396 4155 tamen
1426 4118 1600 4172 neque
1645 4104 1972 4172 coniecturis
2017 4105 2244 4173 quibus-

693 4191 837 4252 dam.
862 4202 952 4246 aut
973 4194 1219 4248 mortalis
1249 4194 1593 4261 cogitationis
1624 4195 1889 4252 industria
1922 4199 2242 4265 didicerant,

693 4296 872 4349 neque
904 4283 1068 4352 ullius
1103 4298 1221 4337 sese
1256 4283 1477 4335 humani
1529 4286 1870 4354 praeceptoris
1928 4287 2246 4340 auctoritate

692 4369 998 4438 iactabant:
1035 4372 1126 4424 sed
1161 4371 1356 4424 divina:
1379 4371 1592 4423 cuidam
1631 4375 1928 4440 superioris
1965 4375 2245 4442 potestatis

693 4461 766 4525 vi,
803 4461 1078 4528 divinique
1119 4459 1350 4529 Spiritus
1376 4462 1579 4516 alﬂatui
1607 4472 1771 4516 totam
1799 4463 1946 4518 illam
1975 4464 2242 4533 cognitio-

2355 3552 2481 3619 φίας
2508 3551 2682 3618 (τοῦτο
2708 3551 2756 3602 δ’
2778 3547 2845 3621 ἦν
2874 3550 2933 3602 τὸ
2955 3550 3198 3617 φυσικὸν,
3247 3549 3617 3620 διαιρούμενον
3662 3550 3754 3601 καὶ
3779 3547 3889 3617 παρ’

2355 3642 2533 3703 αὐτοῖς
2559 3641 2638 3703 εἴς
2671 3659 2729 3693 τε
2776 3641 2872 3710 τὴν
2916 3640 3021 3692 τῶν
3056 3640 3257 3710 νοητῶν
3319 3642 3411 3693 καὶ
3461 3639 3759 3709 ἀσωμάτων
3808 3639 3891 3689 ἐττ-

2351 3733 2592 3796 οπτείαν,
2627 3733 2719 3784 καὶ
2744 3733 2822 3793 εἱς
2857 3730 2951 3802 τὴν
2978 3729 3081 3784 τῶν
3126 3729 3391 3799 αἰσθητῶν
3444 3728 3801 3798 φυσιολογίαν)
3849 3730 3889 3779 οἰ

2348 3820 2489 3874 κατὰ
2540 3821 2715 3873 πάντα
2761 3819 2952 3872 τέλειοι
3015 3824 3282 3892 προφῆται
3315 3818 3506 3890 ᾕδεσάν
3552 3837 3632 3882 τε,
3677 3820 3891 3879 καὶτοῖς

2347 3914 2581 3976 οἰκείοις,
2609 3913 2697 3964 ὅτε
2723 3912 2783 3982 δὴ
2813 3913 3000 3983 καιρὸς
3050 3913 3249 3976 ἐκάλει,
3297 3901 3654 3980 κατεμίγνυω
3702 3911 3888 3978 λόγοις·

2346 4005 2406 4056 ού
2448 4006 2761 4073 στοχασμοῖς
2790 4006 2880 4057 καὶ
2933 4004 3129 4075 θνητῆς
3154 4002 3384 4065 διανοίας
3431 4001 3766 4072 ἐπιτηδεύσει
3802 4019 3892 4070 μα-

2348 4095 2545 4160 θόντες,
2580 4097 2686 4149 οὐδ’
2720 4097 2809 4150 ἐπὶ
2835 4096 3168 4158 διδασκάλοις
3225 4093 3445 4165 ἀνδράσι
3497 4094 3889 4164 σεμνυνόμενοι,

2349 4187 2662 4259 θεοφορήσει
2687 4190 2743 4242 δὲ
2772 4189 3073 4259 κρείττονος
3103 4186 3395 4254 δυνάμεως,
3422 4186 3515 4240 καί
3563 4186 3701 4240 θείου
3732 4188 3891 4242 Πνεύ-

2351 4297 2516 4349 ματος
2540 4281 2748 4350 ἐπινοίᾳ
2778 4279 2876 4349 τὴν
2901 4277 3097 4347 γνῶσιν
3127 4277 3480 4340 ἀνατιθέντες.
3517 4277 3701 4330 Ἔνθεν
3733 4280 3892 4349 μυρία

2350 4370 2446 4438 μὲν
2470 4370 2648 4433 αὐτοῖς
2673 4371 2798 4441 περὶ
2821 4369 2929 4440 τῶν
2954 4367 3246 4438 μελλόντων
3276 4368 3613 4432 τεθέσπιστο,
3655 4371 3820 4439 μυρία
3842 4369 3891 4419 δὲ

2347 4460 2474 4528 περὶ
2514 4460 2610 4528 τῆς
2633 4458 2724 4511 τοῦ
2759 4458 2958 4521 παντὸς
2989 4458 3293 4521 συστάσεως
3329 4459 3769 4530 πεφυσιολόγητο·
3805 4458 3892 4510 καὶ

694 4567 814 4605 nem
844 4560 1117 4620 acceptam
1154 4553 1412 4609 ferebant.
1471 4553 1643 4620 Quem
1690 4555 1764 4607 illi
1791 4555 2008 4624 quidem
2045 4557 2248 4620 secuti,

2358 4545 2413 4600 ιῦ
2451 4550 2609 4602 πάλιν
2635 4549 2798 4618 μυρία
2820 4549 2947 4619 περὶ
2976 4547 3125 4611 ζώων
3173 4549 3380 4617 φύσεως
3427 4549 3717 4621 διείληπτο·
3751 4549 3891 4601 πλεῖ-

693 4653 752 4697 ut
776 4643 842 4697 de
877 4644 1039 4695 rebus
1076 4639 1273 4695 futuris
1300 4643 1511 4697 inﬁnita
1566 4643 1829 4698 divinitus
1861 4643 2244 4713 praedixerunt,

694 4735 774 4789 sic
795 4735 956 4790 etiam
987 4743 1041 4788 et
1063 4733 1128 4786 de
1158 4732 1391 4788 universi
1412 4734 1688 4788 molitione
1716 4735 1946 4800 inﬁnita,
1978 4751 2087 4804 quo
2124 4751 2244 4790 mo-

693 4826 761 4878 do
779 4835 966 4878 natura
993 4825 1321 4894 postulabat,
1342 4825 1703 4893 disputarunt,
1724 4836 1775 4881 et
1802 4828 1868 4882 de
1886 4826 2244 4881 animantium

695 4916 932 4984 ipsarum
966 4917 1173 4971 naturis
1205 4915 1411 4969 intinita
1437 4925 1736 4972 tractarunt
1765 4937 1778 4982 ;
1811 4919 2009 4988 quibus
2037 4928 2089 4974 et
2122 4933 2245 4973 sex-

693 5015 847 5062 centa
879 5006 944 5059 de
974 5008 1171 5074 plantis
1198 5008 1251 5060 in
1287 5006 1402 5061 suis
1438 5007 1638 5075 quique
1701 5010 1997 5078 prophetiis
2025 5010 2244 5065 addide-

692 5108 838 5153 runt.
862 5097 924 5150 Et
948 5113 1079 5152 sane
1108 5098 1303 5164 Moses,
1333 5100 1424 5168 qui
1452 5099 1689 5166 lapidum
1707 5101 1869 5154 etiam
1897 5103 2041 5157 vires
2066 5101 2246 5179 appri-

692 5207 780 5247 me
805 5191 1042 5250 calleret,
1095 5207 1202 5245 non
1255 5193 1428 5247 obiter
1477 5200 1570 5245 aut
1614 5191 1993 5261 perfunctorie,
2021 5175 2244 5250 cum‘de

693 5283 892 5339 summi
924 5281 1221 5336 sacerdotis
1245 5285 1391 5339 cultu
1425 5286 1749 5347 dissereret,
1784 5284 2056 5340 ineorum
2107 5300 2239 5340 con-

694 5373 1016 5430 Iideratione
1057 5382 1299 5427 versatus
1325 5383 1426 5430 est.
1459 5376 1522 5429 At
1548 5388 1676 5429 vero
1701 5373 1978 5440 Salomon,
2004 5376 2050 5429 si
2093 5376 2245 5446 quis-

693 5481 853 5534 quam
879 5466 1036 5527 alius,
1071 5465 1124 5516 in
1159 5464 1256 5518 hac
1286 5466 1635 5537 physiologia:
1661 5472 1812 5537 parte
1836 5480 2102 5520 summam
2126 5472 2242 5519 om-

695 5558 823 5610 nino
872 5558 1084 5612 laudem
1117 5565 1220 5623 est,
1253 5558 1334 5611 vel
1365 5559 1480 5626 ipso
1532 5560 1726 5613 divinae
1755 5557 2050 5627 Scriptura:
2082 5557 2234 5613 testi--

693 5647 896 5709 iuonio,
941 5658 1285 5705 consecutus.
1345 5647 1434 5703 Sic
1477 5650 1620 5703 enim
1667 5651 1756 5703 illa
1793 5669 1804 5703 :
1848 5668 1865 5700 ι
1896 5648 2134 5703 Locutus
2159 5656 2242 5701 est

695 5754 906 5807 quoque
936 5741 1211 5805 Salomon,
1254 5741 1447 5810 inquit,
1485 5742 1585 5793 tria
1634 5742 1797 5798 millia
1849 5742 2153 5812 parabolas,
2189 5750 2243 5794 et

691 5830 914 5887 ﬁlerunt
939 5833 1183 5888 carmina
1207 5831 1324 5903 ejus
1350 5832 1588 5903 quinque
1630 5841 1683 5887 et
1708 5831 1872 5887 mille.
1906 5831 1970 5886 Et
1994 5832 2238 5902 disputa-

2350 4656 2447 4692 στα
2471 4639 2527 4691 δὲ
2559 4640 2658 4693 ὅσα
2708 4643 2801 4694 καὶ
2854 4640 2980 4710 περὶ
3007 4639 3186 4708 φυτῶν
3237 4645 3353 4704 ταῖς
3408 4643 3632 4702 οἰκείαις
3670 4641 3890 4700 ἕκαστος

2347 4730 2699 4799 προφητείαις
2737 4728 3110 4800 κατεϐέϐλητο.
3141 4731 3343 4802 Μωσῆς
3380 4732 3456 4795 δὲ,
3487 4731 3580 4783 καὶ
3623 4729 3787 4781 λίθων
3809 4728 3890 4781 δυ·

2345 4821 2533 4890 νάμεις
2563 4815 2621 4873 εὖ
2651 4821 2792 4890 μάλα
2821 4821 3253 4891 ἐξεπιστάμενος,
3287 4823 3345 4874 ού
3381 4821 3661 4890 παρέργως
3685 4819 3782 4870 ἐπὶ
3800 4818 3889 4889 τῆς

2343 4912 2435 4964 τοῦ
2460 4912 2752 4982 ἀρχιερέως
2778 4913 2966 4985 στολῆς
2995 4918 3059 4986 τῇ
3085 4915 3286 4968 τούτων
3312 4914 3544 4982 κέχρητο
3564 4912 3785 4983 θεωρίᾳ·
3804 4912 3891 4964 καὶ

2345 4996 2410 5054 αὖ
2438 5002 2596 5056 πάλιν
2618 4993 2884 5074 Σολομὼν,
2917 5008 2965 5060 εἰ
2994 5007 3086 5058 καί
3126 5023 3209 5068 τις
3251 5003 3428 5065 ἄλλος,
3481 5004 3538 5056 ὲν
3580 5006 3643 5074 τῇ
3688 5003 3890 5056 τούτων

2343 5094 2633 5167 διαπρέψαι
2656 5099 2967 5170 φυσιολογίᾳ
3017 5099 3149 5170 πρδς
3198 5096 3296 5166 τῆς
3329 5095 3474 5159 θείας
3539 5102 3888 5170 μαρτυρεῖται

2343 5181 2705 5257 Γμφῆς,ὧδε
2737 5190 3106 5262 περιεχούσης·
3160 5206 3177 5238 ι
3224 5189 3333 5241 Kal
3370 5188 3593 5261 ἐλάλησε
3640 5190 3887 5261 Σολομὼν

2342 5281 2637 5350 τρισχιλίας
2684 5281 3009 5353 παραϐολάς,
3063 5281 3155 5332 καὶ
3206 5275 3342 5350 ἦσαν
3399 5281 3530 5354 ᾠδαὶ
3577 5282 3741 5336 αὐτοῦ
3769 5300 3890 5335 την·

2342 5372 2690 5444 τακισχίλιαι.
2727 5374 2836 5426 Kal
2858 5371 3080 5440 ἐλάλησε
3126 5373 3252 5443 περὶ
3291 5373 3397 5427 τῶν
3427 5373 3598 5441 ξύλων
3652 5375 3764 5428 ἀπὸ
3793 5373 3904 5442 τῆς·

2342 5464 2531 5534 κέδρου
2563 5466 2660 5536 τῆς
2689 5468 2746 5518 ἐν
2773 5463 2848 5534 τῷ
2870 5462 3084 5534 Λιϐάνῳ
3119 5465 3212 5518 καί⁴
3238 5465 3339 5528 ἕως
3368 5465 3464 5536 τῆς
3509 5465 3761 5520 ὑσσώπου
3793 5465 3888 5532 τῆς

2341 5557 2769 5629 ἐκπορευομένης
2817 5554 2902 5608 διά
2959 5554 3048 5607 τοῦ
3101 5555 3297 5627 τοίχου.
3346 5557 3455 5611 Kal
3503 5556 3730 5624 ἐλάλησε
3764 5555 3889 5626 περὶ

2341 5646 2448 5700 τῶν
2475 5647 2704 5718 κτηνῶν,
2731 5646 2823 5698 xal
2850 5645 2974 5714 περί
3006 5645 3111 5700 τῶν
3144 5647 3415 5711 πετεινῶν,
3456 5647 3565 5699 καὶ⁶
3598 5643 3725 5713 περὶ
3781 5643 3890 5697 τῶν

2342 5739 2605 5808 ἑρπετῶν,
2635 5721 2728 5791 κάὶ
2777 5738 2902 5808 περι
2949 5738 3054 5797 τῶν
3108 5738 3319 5807 ἰχθύων.
3362 5736 3467 5791 Kal
3531 5735 3888 5805 παρεγένοντο

2343 5831 2537 5893 πάντες
2565 5830 2616 5883 οί
2638 5829 2752 5885 λαοὶ
2776 5819 2999 5882 ἀκούσαι
3022 5828 3120 5902 τῆς
3161 5827 3348 5898 σοφίας
3385 5825 3745 5898 Σολομῶντος,
3801 5827 3890 5881 καὶ
