4038 6330
137 414 266 473 865

1299 410 1615 466 PRAEPAR.
1659 408 1905 465 EVANG.
1927 408 2054 465 LIB.
2094 409 2185 465 XI.

3264 420 3369 474 866

142 535 432 605 ἐλάμϐανε
461 533 603 605 δῶρα
637 533 785 603 παρά
809 533 1019 586 πάντων
1047 532 1152 584 τῶν
1180 533 1437 602 βασιλέων
1462 533 1559 601 τῆς
1585 532 1697 600 γῆς,

1818 530 1892 584 vit
1920 546 2083 600 super
2106 532 2284 601 lignis,
2325 548 2355 585 a
2389 532 2569 599 cedro,
2600 549 2719 601 quae
2748 544 2829 595 est
2859 534 2911 588 in
2949 534 3174 601 Libano,
3198 554 3368 609 usque

144 626 276 678 ὅσοι
312 626 541 695 ἥκουσαν
569 624 666 694 τῆς
692 623 877 690 σοφίας
909 621 1120 693 αὑτοῦ.)
1163 619 1434 672 Ἐντεῦθεν
1459 619 1710 690 ὁρμώμε-

145 731 251 776 νος
291 716 383 767 καὶ
403 716 431 765 ὁ
462 714 558 784 τὴν
597 713 888 782 πανάρετον
916 710 1099 778 σοφίαν
1124 710 1201 771 είς
1227 706 1389 781 αὑτοῦ
1425 708 1710 778 πρόσωπον

143 805 403 869 ἀναθεὶς,
458 805 584 875 έφητ
631 823 647 854 ι
676 790 841 866 Αὐτὸς
897 803 999 874 γάρ
1036 820 1121 871 μοι
1176 800 1339 853 ἔδωκε
1390 800 1495 852 τῶν
1547 799 1712 851 ὅντων

143 896 364 965 γνῶσιν
394 895 611 965 ἀψευδῆ,
640 893 832 947 εἰδέναι
875 892 1125 945 σύστασιν
1166 890 1389 960 κόσμου,
1422 890 1513 942 καλ⁵
1560 888 1710 958 ὲνέρ-

142 1004 317 1057 γειαν
351 986 639 1055 στοιχείων,
662 984 830 1055 ἀρχὴν
859 985 949 1036 καὶ
973 984 1140 1046 τέλος,
1175 982 1264 1035 καὶ
1294 982 1560 1052 μεσότητα
1588 980 1713 1049 χρό-

144 1098 290 1134 νων.
315 1079 523 1151 τροπῶν
553 1076 805 1144 ἀλλαγὰς,
834 1077 926 1129 καὶ
960 1074 1255 1146 μεταϐολὰς
1284 1072 1507 1143 καιρῶν,
1535 1074 1711 1123 ὲνιαυ-

146 1174 253 1227 τοῦ
291 1174 536 1235 κύκλους,
564 1171 656 1224 καὶ
688 1168 926 1239 ἀστέρων
973 1168 1167 1231 Θέσεις,
1200 1166 1387 1235 φύσεις
1410 1163 1582 1227 ζώων,
1616 1163 1710 1216 καὶ

148 1262 369 1333 θυμοὺς
399 1247 617 1333 θηρίων,
654 1259 968 1328 πνευμάτων
1016 1258 1152 1327 βίας,
1184 1257 1277 1310 καὶ
1331 1256 1708 1325 διαλογισμοὺς

148 1353 478 1424 ἀνθρώπων,
508 1352 598 1405 καὶ
620 1350 874 1419 διαφορὰς
906 1348 1101 1416 φυτῶν,
1122 1348 1215 1401 καὶ
1238 1346 1489 1415 δυνάμεις
1525 1345 1705 1414 ῥιζῶν,

148 1446 259 1498 ὅσα
281 1445 339 1496 τέ
368 1447 480 1496 ὲστι
512 1442 724 1514 κρυπτά
752 1442 844 1493 καὶ
873 1440 1068 1509 ἀφανῆ,
1106 1439 1290 1506 ἔγνων.
1340 1439 1401 1490 Ἡ
1440 1436 1546 1506 γὰρ
1573 1435 1707 1489 πάν-

144 1554 265 1588 των
288 1538 513 1604 τεχνῖτις
537 1532 735 1597 ἐδίδαξε
770 1549 834 1601 με
856 1532 1070 1599 Σοφία.)
1103 1528 1267 1581 Πάλιν
1288 1545 1345 1580 τε
1377 1529 1405 1579 ὁ
1423 1527 1581 1589 αὐτὸς
1609 1527 1706 1578 Σο-

142 1626 335 1698 λομὼν
361 1626 455 1696 τὴν
483 1624 705 1695 ῥευστὴν
726 1624 831 1676 τῶν
865 1624 1123 1690 σωμάτων
1154 1622 1335 1674 οὐσίαν
1358 1618 1703 1689 φυσιολογῶν,

146 1722 209 1771 ὲν
264 1718 649 1787 Ἐκκλησιαστῇ
697 1732 845 1785 φησι’
912 1714 1259 1784 (Ματαιότης
1313 1711 1701 1782 ματαιοτήτων,

146 1811 251 1865 καὶ
283 1813 453 1863 πάντα
488 1807 792 1877 ματαιότης.
826 1806 921 1867 Τίς
949 1806 1230 1875 περισσεία
1266 1805 1342 1874 τῷ
1362 1803 1626 1876 ἀνθρώπῳ
1646 1806 1703 1857 ὲν

1815 620 1882 675 ad
1916 615 2230 692 hyssopum,
2257 637 2377 691 quae
2417 625 2691 692 egreditur
2735 626 2801 679 de
2838 627 3060 696 pariete.
3108 627 3172 684 Et
3203 631 3369 685 disse-

1813 713 1923 766 ruit
1964 715 2029 767 de
2066 715 2347 783 jumentis,
2394 724 2447 769 et
2498 716 2845 784 volucribus,
2887 727 2941 772 et
2969 721 3269 788 reptilibus.
3316 732 3369 776 et

1816 804 2076 873 piscibus.
2128 804 2192 859 Et
2228 807 2513 860 veniebant
2546 808 2613 861 de
2658 810 2869 864 cunctis
2898 813 3132 881 populis,
3172 814 3236 866 ad
3267 828 3367 868 au-

1814 894 2065 949 diendam
2118 896 2436 965 sapientiam
2474 896 2804 964 Salomonis,
2831 910 2884 955 et
2928 903 3225 970 accipiebat
3256 921 3371 958 mu-

1815 1000 1940 1038 nera
1974 986 2041 1040 ab
2068 986 2339 1041 universis
2370 989 2586 1058 regibus
2620 999 2794 1057 terrae,
2840 994 2931 1062 qui
2966 994 3254 1049 audiebant
3281 1012 3366 1050 sa-

1811 1076 2063 1144 pientiam
2089 1078 2205 1146 ejus
2233 1080 2299 1132 9°.
2329 1099 2348 1130 ι
2381 1081 2556 1149 Atque
2588 1084 2690 1136 hac
2719 1083 2834 1152 ipse
2885 1086 3093 1140 ratione
3127 1082 3368 1141 commo-

1810 1177 1915 1232 tus,
1949 1169 2076 1221 dum
2102 1178 2375 1237 parentem
2405 1170 2547 1223 illam
2578 1172 2791 1228 virtutis
2817 1176 2995 1229 omnis
3048 1177 3365 1244 sapientiam

1808 1260 1923 1326 ejus
1945 1260 2205 1313 beneﬁcio
2224 1260 2500 1327 tribueret,
2520 1263 2665 1317 hunc
2689 1264 2740 1317 in
2761 1267 2979 1320 modum
3007 1266 3359 1337 loquebatur:

1815 1370 1832 1402 ι
1869 1350 1985 1419 Ipse
2027 1352 2192 1413 enim,
2225 1352 2416 1421 inquit,
2450 1354 2596 1407 dedit
2625 1357 2755 1409 mihi
2794 1358 3007 1424 horum,
3044 1374 3162 1427 quze
3216 1368 3363 1423 sunt,

1808 1438 2086 1492 scientiam
2117 1455 2319 1505 veram,
2369 1450 2425 1494 ut
2452 1442 2618 1496 sciam
2664 1446 3101 1502 constitutionem
3154 1448 3361 1514 mundi,

1807 1536 1860 1578 et
1880 1528 2102 1581 virtutes
2136 1527 2541 1593 elementorum,
2592 1532 2826 1598 initium,
2858 1545 2910 1588 et
2936 1538 3364 1593 consummatio-
3429 1585 3437 1591 .

1807 1631 1949 1679 nem,
2019 1626 2071 1670 et
2116 1619 2453 1672 medietatem
2523 1632 2858 1691 temporum,
2932 1628 3362 1682 vicissitudinum

1806 1706 2251 1773 permutationes,
2287 1716 2339 1760 et
2366 1712 2817 1767 commutationes
2876 1725 3198 1785 temporum,
3234 1720 3361 1773 anni

1807 1810 2019 1861 cursus,
2050 1806 2103 1849 et
2133 1798 2409 1851 stellarum
2454 1799 2862 1871 dispositiones,
2893 1818 3115 1861 naturas
3150 1810 3361 1865 anima-

148 1904 319 1955 παντὶ
355 1876 531 1971 μιίχθω
574 1896 755 1960 αὑτοῦ,
788 1889 831 1963 ᾧ
866 1897 1048 1966 μοχθεῖ
1073 1897 1176 1948 ὑπὸ
1201 1896 1289 1949 τὸν
1317 1897 1503 1966 ἦλιον;
1540 1915 1559 1946 ›
1597 1895 1697 1948 Καὶ

1811 1885 1965 1952 lium,
2019 1899 2073 1941 et
2103 1889 2211 1942 iras
2239 1890 2553 1955 bestiarum,
2609 1895 2714 1948 vim
2746 1904 3047 1962 ventorum,
3075 1910 3127 1953 et
3153 1905 3360 1970 cogita-

124 1994 411 2060 ¹ἐπιλέγει·
447 2009 465 2041 ι
491 1991 553 2044 Τί
574 1990 632 2042 τὸ
653 1988 901 2057 γεγονός;
936 1987 1074 2039 Αὐτὸ
1106 1988 1166 2039 τὸ
1190 1988 1564 2057 γενησόμενον·
1608 1984 1702 2037 καὶ

152 2084 210 2135 τί
253 2085 314 2138 τὸ
345 2081 742 2151 πεποιημένον;
794 2078 932 2131 Αὐτὸ
987 2078 1045 2162 to
1091 2077 1529 2148 ποιηθησὸμενον·
1609 2078 1702 2131 καὶ

144 2173 255 2223 οὐκ
298 2173 407 2226 ἔστι
431 2174 535 2225 πᾶν
565 2173 865 2243 πρόσφατον
894 2169 995 2221 ὑπὸ
1030 2168 1118 2221 τὸν
1144 2170 1340 2237 ἥλιον.»
1372 2168 1552 2221 Ταῦτα
1598 2168 1704 2238 γὰρ

148 2265 304 2335 αὐτῷ
335 2267 427 2319 καὶ
451 2265 515 2319 τὰ
559 2262 776 2317 τοιαῦτα
816 2259 1263 2330 πεφυσιολόγηται
1298 2261 1423 2330 περὶ
1468 2261 1565 2329 τῆς
1596 2276 1701 2311 σω,

150 2360 390 2429 panicii;
434 2357 636 2419 οὐσίας.
707 2354 897 2426 Εὖροις
969 2353 1011 2405 δ’
1066 2352 1130 2406 ἂν
1186 2353 1279 2405 καὶ
1329 2352 1452 2413 τοὺς
1514 2350 1701 2413 ἄλλους

161 2450 447 2521 Ἐϐραίους
502 2447 668 2501 ἐπιὼν
716 2449 906 2515 σοφοὺς
939 2449 1033 2517 τῆς
1089 2445 1275 2515 ὁμοίας
1314 2444 1410 2495 οὑκ
1446 2443 1702 2511 ἀμοίρους

149 2545 479 2627 ἐπιστήμης·
505 2541 682 2609 φυτῶν
729 2538 877 2608 γοῦν,
898 2538 971 2600 ὡς
996 2535 1246 2627 ἔφην
1282 2535 1559 2627 πράτερον,
1599 2551 1699 2627 pu-

150 2636 250 2705 ρία
277 2623 366 2697 καὶ
388 2631 537 2695 ζώων
565 2629 708 2701 πέρι,
754 2628 1015 2699 χερσαίων
1067 2644 1124 2677 τε
1166 2625 1257 2677 καὶ
1304 2624 1554 2694 ἐνύδρων,
1607 2623 1699 2711 και

146 2720 376 2793 προσέτι
398 2718 608 2789 πτηνῶν
637 2717 843 2793 φύσεως
860 2717 1067 2786 εἴρηται
1101 2715 1298 2775 αὐτοῖς.
1318 2713 1425 2768 Ναὶ
1444 2712 1574 2783 (51⁸)
1594 2712 1698 2782 μὴν

146 2814 251 2867 καὶ
283 2813 409 2883 περὶ
438 2810 544 2864 τῶν
574 2812 629 2863 ὲν
657 2810 865 2881 οὐρανῷ
889 2810 1145 2879 ἀστέρωψ
1172 2809 1291 2860 ἐπεὶ
1316 2808 1411 2859 καὶ
1439 2806 1695 2876 Ἀρκτου,

149 2908 252 2961 καὶ
272 2886 541 2968 Πλειάδος,
576 2904 823 2974 Ὠρίωνός
849 2920 905 2954 τε
924 2902 1014 2955 καὶ
1049 2899 1388 2972 Ἀρκτούρου,
1406 2896 1462 2950 ὃν
1486 2898 1701 2966 Ἀρκτο-

149 2998 370 3066 φύλακα
394 2999 486 3051 καὶ
508 2995 717 3067 Βοώτην
744 2994 961 3063 Ἕλλησι
998 2993 1143 3061 φίλον
1186 2992 1486 3061 ρνομάζειν,
1514 2988 1699 3059 μνήμη

149 3108 239 3154 τις
259 3092 354 3160 οὐχ
389 3093 422 3161 ἡ
455 3089 688 3159 τυχοῦσα
736 3090 845 3150 τοῖς
886 3086 989 3138 τῶν
1034 3086 1367 3156 δηλουμένων
1408 3082 1698 3152 ἐμφέρεται

149 3182 489 3254 γράμμασιν.
527 3179 679 3231 Ἀλλά
698 3180 791 3231 καὶ
815 3178 940 3248 περλ⁴
968 3178 1271 3240 συστάσεως
1298 3176 1517 3270 κόσμου,
1545 3175 1698 3270 τάῌτε
1728 3216 1769 3270 C

153 3273 283 3344 περὶ
303 3270 399 3340 τῆς
423 3267 514 3323 τοῦ
547 3270 740 3331 παντὸς
772 3269 972 3337 τροπῆς
1006 3285 1065 3320 τε
1091 3268 1183 3320 καὶ
1226 3266 1576 3331 ἀλλοιώσεως,
1602 3266 1703 3334 ψυ-

150 3364 257 3433 χῆς
276 3380 333 3415 τε
357 3361 665 3431 περιουσίας
688 3372 735 3422 α,
777 3359 869 3411 καὶ
912 3358 1139 3425 λογικῶν
1190 3359 1439 3411 ἁπάντων
1494 3358 1702 3425 φύσεως

151 3450 429 3519 ὁρωμένης
465 3465 542 3512 τε,
575 3449 663 3499 καὶ
685 3442 917 3514 ἀφανοῦς
960 3444 1327 3523 δημιουργίας,
1367 3447 1462 3517 τῆς
1486 3464 1544 3497 τε
1571 3447 1699 3499 καθ-

149 3542 275 3593 ὀλου
302 3538 565 3611 προνοίας,
595 3538 685 3591 καὶ
708 3536 904 3589 τούτων
931 3532 1035 3615 Eat."
1060 3538 1316 3607 πρότερον
1341 3537 1405 3588 τὰ
1446 3539 1572 3607 περὶ
1608 3535 1698 3590 τοῦ

152 3630 367 3702 πρώτου
394 3630 497 3682 τῶν
520 3630 652 3681 ὅλων
695 3629 885 3690 αἰτίου,
912 3629 1009 3703 τῆς
1034 3646 1090 3680 τε
1140 3626 1229 3679 τοῦ
1255 3627 1499 3697 δευτέρου
1526 3628 1698 3680 θεολο-

149 3720 296 3788 γίας,
329 3720 421 3772 καί
451 3719 555 3771 τῶν
581 3720 748 3772 ἄλλων
774 3718 878 3772 τῶν
902 3719 1101 3787 διανοίᾳ
1124 3718 1257 3788 μόνῃ
1307 3718 1543 3788 ληπτῶν,
1579 3722 1700 3782 τοὺς

150 3810 337 3878 λόγους
368 3810 579 3872 καὶτὰς
617 3808 841 3877 θεωρίας
887 3803 942 3861 εὖ
992 3808 1082 3860 καὶ
1135 3807 1370 3877 ἀκριϐῶς
1429 3808 1698 3878 περιειλή-

152 3915 330 3969 φασιψ
375 3899 448 3961 ὼς
472 3898 567 3977 μὴι
588 3898 651 3951 ἂν
691 3897 1015 3979 ἁμαρτάνειν
1037 3900 1159 3960 τοὺς
1184 3898 1319 3967 μετὰ
1344 3898 1509 3951 ταῦτα
1571 3903 1696 3969 παρ’

152 3986 375 4058 Ἕλλησι
422 3974 514 4057 τὴν
557 3987 756 4039 τούτων
802 3974 958 4054 φύσιν
1006 3988 1436 4057 ἀνηρευνηκότας
1464 3989 1692 4059 πρεσϐύι

146 4089 249 4135 τας
276 4072 302 4111 δ
340 4068 424 4125 οἷα
449 4073 734 4144 νεωτέρους
763 4073 1273 4144 κατηκολουθηκέναι
1302 4075 1481 4143 φάναι.
1516 4075 1695 4129 Ταῦτα

152 4164 253 4235 μὲν
276 4164 337 4233 δὴ
363 4164 454 4217 καί
479 4164 629 4233 περὶ.
657 4163 753 4231 τῆς
786 4164 875 4215 τοῦ
926 4165 1119 4227 παντὸς
1162 4165 1520 4231 φυσιολογίας.
1565 4168 1691 4235 Διχῆ

147 4254 209 4307 δὲ
245 4256 335 4308 καὶ
366 4256 492 4326 περὶ
523 4255 720 4309 τούτων
771 4255 1191 4324 διαστειλάμενοι
1237 4254 1410 4322 λόγον,
1456 4256 1546 4309 τὸν
1597 4258 1691 4327 μὲν

148 4344 407 4413 περὶτῶν
445 4344 731 4415 αἰσθητῶν,
776 4344 1003 4405 οὐκ,είς
1049 4345 1211 4413 ἄκρον
1254 4344 1415 4415 ᾠοντο
1454 4344 1562 4398 δεῖν
1612 4346 1691 4408 είς

147 4436 371 4498 πολλοὺς
392 4436 659 4506 ἐκφέρειν,
710 4434 828 4487 οὐδέ
876 4451 939 4501 γε
967 4434 1062 4497 τάς
1124 4436 1299 4498 αἰτίας
1325 4439 1420 4506 τῆς
1456 4436 1566 4507 (52)
1597 4438 1689 4508 δη-

1812 1981 1985 2035 tiones
2011 1980 2310 2047 hominum,
2329 1984 2655 2040 dilIerentias
2682 1988 3117 2056 virgultorum,et
3137 1993 3360 2048 virtutes

1812 2071 2074 2132 radicum,
2109 2081 2162 2125 et
2190 2088 2522 2143 quzecunque
2548 2088 2674 2130 sunt
2692 2079 2975 2145 absconsa,
2994 2090 3046 2134 et
3070 2083 3358 2151 improvisa

1809 2161 1969 2215 didici
2003 2180 2016 2226 ;
2052 2161 2209 2232 522
2255 2167 2494 2219 omnium
2523 2168 2665 2221 enim
2700 2169 2889 2222 artifex
2918 2171 3099 2225 docuit
3143 2189 3230 2226 me
3261 2173 3359 2229 Sa-

1810 2253 2117 2320 pientia".i
2144 2254 2353 2311 Rursus
2375 2258 2513 2312 idem
2532 2260 2619 2313 ille
2649 2258 2897 2316 Salomon
2922 2263 2987 2316 de
3012 2264 3358 2336 lluxacorpo-

1807 2358 1926 2395 rum
1974 2352 2165 2398 natura
2198 2347 2480 2416 disputans
2533 2350 2588 2403 in
2636 2350 2997 2409 Ecclesiaste:
3055 2375 3073 2406 ι
3117 2357 3353 2422 Vanitas.

1808 2432 2003 2501 inquit,
2042 2436 2359 2504 vanitatum,
2410 2449 2461 2492 et
2503 2442 2683 2494 omnia
2726 2444 2955 2497 vanitas.
3004 2445 3142 2511 Quid
3198 2436 3357 2503 habet

1807 2526 2035 2593 amplius
2071 2527 2234 2581 homo
2268 2530 2333 2582 de
2361 2531 2612 2585 universo
2640 2532 2821 2587 labore
2869 2550 2988 2598 suo,
3021 2552 3127 2603 quo
3150 2538 3356 2591 laborat

1806 2615 1906 2665 sub
1930 2616 2043 2668 sole
2067 2616 2114 2647 ⁸⁸
2138 2620 2161 2671 ?
2185 2636 2201 2668 ι
2232 2617 2810 2690 Etpaucisinterjectis
2839 2642 2849 2677 :
2884 2645 2901 2675 ‹
2931 2624 3068 2691 Quid
3098 2636 3180 2679 est
3210 2630 3354 2696 quod

1804 2708 1948 2763 fuit?
1982 2708 2157 2777 Ipsum
2192 2712 2336 2779 quod
2367 2710 2605 2765 futurum
2639 2722 2739 2767 est.
2790 2715 2928 2781 Quid
2962 2727 3046 2771 est
3086 2719 3227 2785 quod
3278 2720 3355 2772 fa-

1806 2811 1948 2855 ctum
1974 2813 2054 2854 est
2080 2802 2101 2853 ?
2129 2802 2302 2869 ipsum
2334 2804 2476 2869 quod
2506 2805 2807 2859 faciendum
2839 2818 2938 2862 est.
2973 2808 3116 2863 Nihil
3142 2822 3222 2864 est
3252 2812 3353 2865 Sub

1806 2892 1915 2945 sole
1942 2908 2161 2944 novum.
2207 2911 2223 2941 ι
2262 2891 2384 2946 Πειξο
2415 2894 2524 2957 ille,
2547 2895 2759 2963 aliaque
2789 2897 2874 2950 his
2913 2899 3109 2952 similia
3132 2901 3198 2952 de
3231 2912 3352 2954 cor-

1805 2998 1965 3051 porca
2001 2992 2193 3036 natura
2237 2984 2647 3053 philosophatus
2672 2994 2771 3040 est.
2802 2986 3037 3043 Czeteros
3061 2991 3222 3044 etiam
3254 2990 3353 3045 He-

1805 3074 2068 3128 braeorum
2102 3074 2371 3142 sapientes
2425 3076 2470 3129 si
2518 3091 2829 3144 percurrere
2876 3080 3131 3147 volueris,
3164 3083 3347 3137 eadem

1805 3167 2097 3220 instructos
2126 3167 2349 3220 scientia
2372 3166 2540 3221 fuisse
2581 3170 2829 3237 reperies.
2867 3169 2999 3224 Nam
3036 3173 3101 3227 de
3128 3175 3345 3243 plantis,

1804 3257 1879 3309 uti
1905 3256 2017 3325 jam
2049 3265 2171 3310 ante
2216 3246 2364 3323 dixi;
2382 3259 2555 3326 deque
2588 3260 2966 3326 animantium,
3006 3265 3118 3320 sive
3149 3283 3266 3335 qua)
3294 3269 3348 3321 in

1802 3354 1965 3410 terra,
1998 3346 2110 3399 sive
2125 3362 2244 3414 quae
2267 3348 2320 3400 in
2350 3348 2504 3415 aquis
2522 3348 2740 3419 degunt,
2758 3352 2899 3405 aede
2926 3353 3162 3421 ipsarum
3183 3358 3347 3410 etiam

1800 3438 2078 3491 volucrum
2124 3446 2315 3499 natura
2374 3438 2607 3506 plurima
2640 3440 2958 3495 docuerunt.
3000 3443 3111 3498 lmo
3134 3448 3198 3498 de
3226 3448 3347 3501 caeli

1800 3542 2015 3595 quoque
2066 3527 2330 3581 sideribus
2373 3528 2740 3598 disputarunt,
2796 3528 3017 3587 cumet
3072 3533 3241 3599 Ursre,
3295 3548 3348 3591 et

1799 3618 2091 3683 Pleiadum,
2125 3629 2178 3672 et
2202 3619 2438 3686 Orionis,
2471 3630 2519 3674 et
2542 3621 2776 3687 Arcturi,
2798 3638 2957 3691 quem
2992 3624 3344 3698 ArctOphyla-

1798 3725 1933 3771 ccm,
1960 3711 2113 3777 quasi
2145 3709 2297 3764 Ursa:
2330 3712 2630 3775 custodem,
2660 3722 2711 3766 ct
2729 3713 2929 3768 Booten
2963 3715 3130 3770 Grarci
3155 3722 3345 3773 vocare

1799 3802 1988 3864 solent,
2018 3801 2204 3855 crebra
2267 3801 2320 3854 in
2364 3817 2549 3856 eorum
2587 3804 2799 3873 scriptis
2830 3807 3029 3868 mentio
3065 3808 3339 3861 habeatur.

1798 3892 1937 3957 Quin
1967 3892 2127 3945 etiam
2153 3893 2218 3947 de
2243 3893 2390 3947 orbis
2414 3894 2712 3961 molitione,
2738 3895 2912 3964 deque
2936 3898 3173 3951 universi
3201 3914 3336 3952 con-

1799 3984 2046 4037 versione
2079 3998 2142 4037 ac.
2179 3986 2496 4048 mutatione,
2557 3986 2622 4039 de
2684 3987 2850 4039 animi
2914 3989 3247 4055 excellentia,
3275 3991 3341 4044 de

1796 4072 2036 4125 omnium
2070 4074 2279 4128 ratione
2308 4077 2675 4142 praaditorum.
2711 4093 2803 4129 seu
2835 4094 2953 4147 qua:
2987 4080 3217 4145 videtur,
3243 4097 3336 4137 seu

1793 4176 1913 4229 qua:
1954 4178 2059 4215 non
2087 4162 2317 4229 videtur,
2374 4172 2579 4217 natura:
2627 4168 3032 4234 procreatione,
3064 4170 3128 4222 de
3160 4172 3339 4238 provi-

1791 4255 1967 4309 dentia
2001 4271 2179 4309 rerum
2217 4257 2622 4311 universitatem
2680 4260 2977 4327 complexa,
3030 4272 3190 4331 atque
3217 4273 3339 4317 ante

1791 4344 1902 4397 haec
1926 4345 2109 4397 omnia
2152 4344 2219 4398 de
2248 4345 2491 4414 principe
2538 4360 2718 4399 rerum
2749 4348 2989 4401 omnium
3024 4364 3207 4410 causa,
3238 4367 3339 4405 nec

1789 4450 1897 4489 non
1915 4436 1980 4490 de
2005 4437 2241 4489 secundo
2268 4435 2476 4489 illarum
2506 4436 2787 4505 principio,
2820 4441 3129 4506 caeterisque
3160 4441 3335 4495 omni-

151 4526 324 4597 μῶδες
374 4526 571 4595 πλῆθος
622 4525 968 4589 ἐκδιδάσκειν,
1001 4525 1133 4595 πλὴν
1178 4527 1296 4578 ὅσον
1328 4528 1437 4595 (35)
1464 4527 1681 4591 εἰδέναι,

1799 4531 1909 4593 bus,
1940 4543 2060 4597 quae
2094 4528 2208 4582 sola
2256 4536 2433 4582 mente
2468 4528 2855 4597 percipiuntur,
2887 4523 3125 4601 egregias
3160 4532 3312 4599 impri

146 4620 230 4673 ὅτι
259 4635 316 4671 τε
347 4617 419 4687 μὴ
442 4616 897 4687 ἀπηυτομάτισται
944 4617 1003 4669 τὸ
1047 4619 1171 4681 πᾶν,
1208 4618 1325 4689 μηδ’
1347 4620 1463 4690 εἰκῆ
1497 4620 1587 4672 καὶ
1612 4620 1685 4683 ὡς

146 4709 331 4779 ετυχεν
381 4707 440 4772 ἐξ
479 4708 666 4775 ἀλόγου
718 4709 883 4778 φορᾶς
924 4707 1239 4778 ὑφέστηκεν·
1298 4710 1483 4777 ἄγεται
1528 4709 1684 4780 δ’ὑφ’

144 4799 341 4870 ἡνιόχῳ
367 4799 499 4852 Θεοῦ
526 4799 683 4869 λόγῳ,
711 4800 801 4852 καὶ
822 4799 1043 4867 δυνάμει
1083 4801 1269 4867 σοφίας
1314 4801 1545 4872 ἀρρήτου
1572 4801 1682 4856 δια-

148 4890 485 4961 κυϐερνᾶται.
520 4890 652 4959 Περὶ
679 4890 734 4942 δὲ
759 4888 863 4941 τῶν
888 4889 1107 4960 νοητῶν,
1143 4891 1224 4942 ὅτι
1279 4892 1377 4959 μὲν
1403 4891 1535 4954 ἐστι,
1588 4894 1681 4947 καὶ

144 4981 285 5045 τίνα,
314 4980 418 5049 ὅπη
455 4997 513 5031 τε
540 4979 827 5045 διατάξεως
848 4978 975 5048 ἔχει,
1028 4977 1302 5048 δυνάμεώς
1347 4998 1405 5033 τε
1453 4984 1543 5034 καὶ
1568 4982 1680 5035 δια-

147 5072 335 5141 φορᾶς,
367 5070 574 5140 εἴρηται
606 5070 720 5140 μὲν,
747 5072 838 5122 καὶ
866 5072 981 5131 ταῖς
1011 5070 1179 5140 ἱεραῖς
1224 5070 1421 5137 βίϐλοις
1451 5074 1679 5139 ἐγκατα-

147 5159 417 5228 ὁέϐληται,
445 5160 522 5220 εἰς
543 5157 857 5224 ἐξάκουστρν
890 5175 945 5209 τε
970 5160 1079 5219 τοῖς
1130 5160 1261 5209 πᾶσι
1301 5161 1675 5230 παραδέδοται,

148 5251 271 5309 καθ’
292 5253 409 5304 ὅσον
434 5248 625 5302 εἰδέναι
656 5251 789 5320 χρῆν
814 5250 935 5311 τοὺς
979 5248 1253 5311 εὐσεϐείας
1288 5254 1677 5321 μεταποιουμέο

1742 4686 1746 4691 η
1791 4618 1894 4672 mis
1923 4626 1975 4672 et
2003 4628 2280 4671 accuratas
2308 4618 2699 4685 disputationes
2734 4620 2987 4675 habuere.
3024 4624 3099 4673 Ita
3158 4621 3334 4688 profe-

1790 4716 1896 4771 cto,
1911 4708 2043 4761 citra
2067 4720 2225 4759 omne
2250 4706 2531 4758 aberrandi
2556 4707 2876 4773 periculum,
2906 4709 2955 4761 id
2987 4710 3334 4775 pronuntiare

1788 4794 1962 4857 liceat,
1994 4792 2086 4861 qui
2111 4807 2140 4845 e
2164 4790 2360 4845 Graecis
2384 4801 2568 4860 postea
2598 4793 2652 4846 in
2678 4794 2964 4849 scrutanda
2993 4812 3170 4849 rerum
3203 4798 3333 4851 ista-

1784 4900 1907 4938 rum
1936 4890 2131 4937 natura’
2159 4883 2355 4936 versati
2389 4892 2534 4947 sunt,
2571 4900 2685 4947 eos,
2727 4887 3193 4953 utpotejuniores,
3220 4892 3331 4957 pri-

1783 4990 1994 5029 scorum
2021 4974 2231 5026 illorum
2252 4973 2491 5041 vestigiis
2508 4976 2787 5029 institisse.
2806 4978 2979 5043 Atque
2997 4977 3109 5031 hmc
3126 4995 3154 5032 a
3174 4982 3331 5034 nobis

1784 5073 1849 5127 de
1886 5070 2123 5125 universi
2172 5070 2313 5138 apud
2360 5060 2611 5124 Hebraeos
2640 5069 2971 5139 physiol0gia
3012 5071 3150 5125 dicta
3180 5074 3327 5128 suﬂi-
3392 5092 3395 5093 '

1782 5164 1943 5217 ciant.
1967 5160 2227 5214 Cancrum
2255 5160 2353 5225 illi,
2389 5176 2511 5214 cum
2543 5160 2648 5213 duo
2675 5161 3013 5217 tractationis
3044 5163 3204 5231 hujus
3231 5177 3325 5219 ca—

1782 5253 1888 5322 pita
1939 5260 2257 5318 statuerent,
2315 5251 2539 5303 alterum
2576 5249 2724 5313 illud,
2759 5252 2901 5319 quod
2950 5267 3035 5306 res
3078 5252 3326 5311 sensibus

216 5343 264 5375 "
298 5342 364 5396 lll
388 5341 513 5411 Reg.
555 5356 627 5405 tv,
663 5336 767 5394 '59..
821 5340 863 5371 ⁸⁷
903 5338 1026 5405 Sap.
1066 5355 1163 5400 vn,
1203 5340 1287 5391 17.
1364 5342 1407 5372 ⁸⁸
1448 5342 1617 5399 Eccle.
1662 5362 1699 5409 I,
1741 5346 1793 5409 9,
1827 5343 1910 5425 l0.

217 5445 248 5476 ι
283 5432 438 5488 Forte
475 5435 598 5503 περὶ
632 5432 830 5495 οὐσίας.
905 5432 933 5471 ι)
974 5430 1129 5485 Forte
1158 5431 1499 5502 πρεσϐύταις.

216 5526 344 5594 (δι’)
372 5528 501 5582 Ναί.
536 5528 694 5582 Forte
723 5527 831 5581 καί.
867 5528 1020 5581 Eorr.

222 5593 332 5666 ('52)
362 5598 468 5661 Τὰς
494 5598 679 5661 αἰτίας
709 5598 833 5663 τῆς.
870 5593 1045 5651 Facile
1072 5604 1182 5649 erat
1222 5595 1504 5666 conjicere,
1534 5614 1663 5666 sup-

147 5664 396 5735 plendum
433 5681 552 5735 esse
590 5676 681 5719 aut
724 5666 1026 5731 διατάξεως,
1074 5677 1165 5735 aut
1212 5664 1543 5729 συστάσεως,
1574 5664 1665 5721 aut

148 5733 352 5803 φύσεως
374 5734 565 5803 αὐτῶν,
590 5743 680 5787 aut
699 5735 825 5803 aliq.
853 5738 1041 5789 simile.
1072 5733 1298 5786 Montac.
1372 5735 1459 5787 od.
1490 5738 1663 5803 suppl.

148 5802 251 5857 τῶν
280 5801 440 5854 ὄντων
466 5802 691 5871 φύσεως,
718 5801 811 5860 sed
831 5805 1126 5859 addendum
1160 5803 1363 5857 videtur
1394 5801 1667 5873 praeteréa,

1768 5528 2282 5615 τάτθειεξημφδηεξ·

1839 5596 2144 5669 (55)Πλὴ⁷ις
2187 5597 2369 5669 door.
2402 5596 2543 5669 Idem
2608 5596 2835 5669 Montac.
2878 5596 2999 5669 cod.
3044 5598 3221 5669 suppl.
3249 5596 3318 5669 ἦν

1769 5669 2077 5733 ἀναγκαῖον.
2113 5666 2213 5718 Sed
2259 5665 2617 5721 "CllCﬂiSHIUS
2663 5666 2747 5719 his
2776 5665 2997 5719 vocibus
3035 5666 3189 5721 facile
3221 5665 3315 5722 ca-

1772 5745 1904 5857 geat.
1934 5735 2115 5856 Saoélum
2141 5749 2237 5803 pro
2262 5735 2340 5787 ὅτι
2368 5752 2426 5787 τε
2458 5736 2553 5805 μή,
2579 5748 2697 5803 quae
2732 5743 3049 5806 sequuntur,
3076 5738 3313 5802 mallem.

1804 5822 1852 5856 τι
1886 5822 1956 5875 μη
2022 5829 2046 5857 .’
