3994 6340
734 470 838 524 εστ

1364 464 1630 521 EUSEBII
1664 462 2133 521 CESABIENSIS
2170 460 2317 517 OPP.
2360 459 2538 515 PARS
2578 459 2638 514 ll.
2678 491 2747 500 —
2783 456 3274 515 APOLOGETICA.

732 587 969 655 objectas
1006 570 1397 654 complectitur,
1439 598 1547 636 non
1600 581 1867 635 subtiliter
1904 588 1959 635 et
1999 578 2247 634 enucleati

2373 594 2515 641 νους,
2541 578 2620 639 εἰς
2649 575 2908 646 ἀνάληψιν
2929 573 3183 637 εύλαϐοὗς
3212 572 3307 626 καὶ
3345 571 3621 643 σώφρονος
3651 571 3796 644 βίου.
3825 574 3908 629 τιν

730 678 891 747 vulgo
918 677 1316 745 explicandum,
1344 690 1442 730 nec
1475 674 1810 745 singularum
1847 681 2051 726 natura:
2079 684 2273 743 causas

731 768 949 837 plebeiae
991 766 1321 821 multitudini
1386 765 1703 834 aperiendas
1757 771 2119 833 putaverunt,
2165 759 2272 815 nisi

729 864 991 925 quantum
1021 870 1241 911 necesse
1272 865 1410 918 erat,
1445 863 1502 909 ut
1524 852 1714 907 omnes
1743 850 2270 922 intelligerent,nni-

726 962 941 1001 versum
968 947 1071 1001 hoc
1105 961 1277 1015 neque
1296 961 1389 1015 per
1412 960 1553 1010 sese,
1589 958 1764 1013 neque
1794 957 1923 997 casu
1951 956 2015 996 ac
2045 949 2269 1007 temere,

729 1035 951 1091 fortuito
967 1038 1195 1106 quodam
1222 1038 1417 1105 impetu
1445 1036 1721 1090 exstitisse
1747 1052 1760 1088 :
1786 1042 1839 1087 at
1862 1032 2059 1087 summi
2091 1030 2270 1085 Mode-

725 1128 924 1182 ratoris
956 1127 1045 1182 Dei
1097 1130 1327 1192 ratione,
1359 1136 1413 1180 et
1444 1126 1663 1179 inﬁnita:
1720 1123 2009 1193 Sapientiae
2048 1121 2270 1175 nurnine

2374 666 2430 719 δὲ
2450 666 2612 736 βαθὺν
2643 666 2737 719 καί⁵
2784 665 3041 737 λεληθότα
3074 664 3201 735 περὶ
3240 662 3441 716 τούτων
3471 664 3630 731 λόγον
3651 666 3720 717 ὲν
3762 665 3909 723 ἀποι-

2376 758 2560 827 ρήτοις
2591 757 2770 827 ζητεῖν
2797 774 2856 809 τε
2898 757 2988 809 καὶ
3015 754 3353 808 διδάσκεσθαι
3381 754 3795 827 κατελίμπανον
3818 759 3911 820 τῶς

2373 847 2503 909 οἵοις
2528 863 2585 899 τε
2612 848 2679 900 τὰ
2702 846 2877 901 τοιάδε
2918 846 3143 916 μνῆσθαι
3180 859 3225 897 ι.
3260 846 3474 917 Βραχέα
3505 845 3562 899 δὲ
3600 846 3698 900 καὶ
3746 845 3823 911 ὡς
3868 848 3911 898 ὲν

2372 936 2524 1006 τύπῳ
2545 937 2726 1007 φάναι,
2752 933 2812 991 εὖ
2841 939 2907 991 ἂν
2932 938 3042 1008 ἔχοι
3063 937 3157 991 καὶ
3186 938 3281 1008 τῆς
3338 936 3538 991 τούτων
3567 937 3805 991 διελθεῖν
3834 940 3912 990 ἐς·

2373 1028 2609 1092 οπτείας,
2628 1030 2718 1081 τόν
2753 1046 2813 1081 τε
2839 1028 3095 1083 Πλάτωνα
3137 1028 3433 1099 κάντούτῳ
3452 1029 3523 1083 τὰ
3554 1029 3686 1098 φίλα
3718 1046 3909 1101 πεφρο-

2371 1120 2573 1190 ντικότα
2595 1122 2706 1184 τοῖς
2730 1120 3071 1191 δηλουμένοις
3100 1124 3463 1192 παραστῆσαι.

724 1221 1034 1288 gubernari.
1069 1218 1172 1273 Res
1204 1227 1382 1273 autem
1418 1218 1537 1272 illas
1566 1217 1710 1287 quod
1762 1220 1982 1281 attinet,
2012 1207 2133 1285 quae
2170 1213 2285 1268 sola
2323 1221 2500 1267 mente
2528 1213 3013 1282 capiuntur,‘cum
3051 1212 3316 1282 ejusmodi
3362 1195 3571 1284 aliquas
3601 1228 3765 1294 esse,
3810 1221 3909 1269 tum

727 1311 938 1364 illarum
971 1324 1185 1379 quoque
1207 1312 1456 1377 gradum,
1479 1310 1608 1371 vim,
1640 1316 1801 1376 atque
1847 1307 2137 1361 discrimen
2167 1319 2274 1358 non
2315 1304 2473 1358 modo
2498 1318 2665 1358 sacra:
2697 1305 2897 1373 passim
2938 1305 3129 1359 litterae
3160 1306 3478 1372 docuerunt,
3523 1306 3616 1362 sed
3655 1307 3832 1361 etiam
3855 1320 3908 1359 ea

722 1400 1028 1469 promiscue
1058 1414 1271 1467 semper
1295 1400 1548 1457 omnibus
1574 1398 1762 1452 audire
1808 1396 1984 1459 licuit,
2012 1402 2274 1465 quantum
2312 1393 2380 1447 iis
2414 1393 2627 1463 quidem
2660 1401 2787 1446 nota
2825 1409 2944 1448 esse
2974 1392 3301 1461 debuerunt,
3340 1393 3496 1466 533
3526 1396 3617 1465 qui
3653 1396 3905 1465 pietatem

721 1494 1069 1562 proﬁtentur,
1108 1478 1188 1546 χιιι
1230 1492 1587 1561 castigatioris
1628 1500 1682 1543 ct
1713 1490 2040 1545 honestioris
2078 1488 2201 1543 vitae
2242 1488 2476 1542 rationes
2518 1487 2834 1557 intelligant.
2879 1486 2984 1543 Sed
3019 1497 3209 1551 tamen
3256 1487 3500 1543 altiorem
3540 1491 3697 1544 illum
3736 1493 3907 1546 occul-

725 1584 1021 1653 tioremque
1063 1599 1314 1667 sensum,
1352 1599 1511 1652 quem
1548 1583 1868 1648 includunt,
1912 1582 1979 1636 iis
2020 1583 2306 1646 duntaxat,
2345 1580 2436 1650 qui
2460 1577 2577 1646 ejus
2608 1580 2921 1635 meminisse
2956 1589 3194 1650 possent,
3239 1580 3341 1636 sub
3369 1582 3580 1636 arcanis
3614 1582 3904 1636 verborum

720 1674 1181 1729 acsententiarum
1235 1675 1565 1740 involucris,
1606 1674 1953 1742 qnaarendum
1985 1671 2409 1741 discendumque
2456 1670 2807 1739 reliquerunt.
2848 1669 3021 1740 Atque
3080 1670 3167 1724 hic
3204 1685 3382 1741 operae
3427 1671 3654 1740 pretium
3731 1671 3903 1737 fuerit,

717 1780 887 1833 pauca
933 1767 1175 1835 quaedam
1224 1766 1308 1819 vel
1356 1764 1707 1819 informanda:
1752 1766 1827 1819 rei
1871 1765 2076 1834 gratia,
2109 1764 2177 1818 de
2210 1764 2311 1818 hoc
2347 1763 2509 1817 etiam
2558 1762 2728 1817 altero
2758 1776 2952 1832 genere
2996 1762 3283 1828 disserere,
3334 1763 3682 1834 quamquein
3721 1764 3901 1819 eodem

620 3526 623 3527 ν
704 3504 1026 3573 sempiterna
1055 3506 1227 3560 virtus
1252 3517 1339 3577 atq

717 1857 951 1915 Hebreis
982 1860 1159 1915 amnia
1198 1860 1448 1916 similiter
1475 1876 1538 1915 ac
1568 1860 1801 1931 genuina
1827 1859 1978 1915 Plato
2004 1858 2254 1923 senserit,
2292 1858 2691 1912 demonstrare.

1267 1950 1495 2006 CAPUT
1535 1950 1671 2005 VIII.

984 2042 1061 2095 De
1088 2057 1261 2095 rerum
1282 2042 1601 2109 spiritalium
1625 2041 1972 2112 physiologia.

783 2152 1069 2206 Enimvero
1103 2152 1378 2210 Platonem
1415 2154 1563 2207 illum
1584 2194 1600 2219 ,
1647 2168 1807 2222 quem
1842 2163 2132 2223 tantopere-
2146 2169 2261 2208 om-

712 2257 809 2297 nes
834 2243 1188 2307 admirantur,
1208 2243 1261 2296 in
1280 2243 1381 2298 hac
1409 2258 1625 2313 quoque
1652 2259 1832 2298 rerum
1862 2244 2181 2313 spiritalium
2207 2254 2262 2298 et

712 2334 1148 2404 incorporearum
1181 2334 1423 2389 doctrina
1458 2344 1512 2390 et
1544 2337 1752 2390 ratione
1776 2336 2116 2404 explicanda,
2147 2351 2255 2389 non

710 2426 873 2479 modo
920 2425 1377 2494 sapientissimum
1431 2424 1653 2491 Mosem,
1699 2441 1883 2478 verum
1922 2425 2088 2479 etiam
2120 2424 2255 2479 alios

710 2511 1053 2569 Hebraeorum
1099 2517 1411 2586 prophetas,
1438 2524 1685 2570 secutum
1713 2530 1856 2581 esse,
1879 2515 1964 2569 vel
2008 2530 2076 2569 ex
2124 2514 2257 2584 ipsis

708 2604 828 2671 ejus
862 2605 1035 2660 verbis
1084 2603 1371 2660 manifeste
1417 2613 1676 2659 constat:
1723 2605 1837 2660 sive
1881 2620 2000 2659 eam
2038 2604 2178 2658 fama
2205 2614 2259 2659 et

707 2694 983 2749 auditione
1006 2697 1288 2764 acceperit,
1324 2710 1446 2749 cum
1471 2705 1677 2750 certum
1709 2696 1798 2761 sit,
1817 2697 1959 2765 apud
1976 2696 2255 2767 Egyptios

706 2792 839 2838 tunc
882 2786 1141 2854 temporis
1196 2785 1345 2840 illum
1378 2785 1622 2855 degisse,
1665 2801 1789 2840 cum
1828 2779 2034 2840 Hebraei
2085 2785 2255 2854 patria

706 2875 942 2929 secundo
970 2876 1150 2945 pulsi,
1180 2875 1361 2931 Persis
1406 2876 1850 2944 dominantibus,
1910 2878 1965 2931 in
2019 2877 2253 2947 Egypto

705 2975 1050 3021 versarentur
1081 2984 1093 3019 :
1136 2967 1249 3021 sive
1274 2983 1367 3037 per
1400 2982 1521 3022 sese
1566 2968 1842 3036 propriam
1880 2983 2065 3023 rerum
2092 2981 2252 3022 natu-

705 3068 821 3107 ram
852 3054 1097 3121 rimatus,
1130 3055 1242 3110 sive
1281 3069 1608 3125 quocunque
1642 3055 1805 3110 modo
1834 3056 1887 3109 in
1912 3071 2031 3110 eam
2059 3056 2254 3110 divini-

703 3151 797 3197 tus
848 3144 1206 3212 cognitionem
1250 3144 1539 3213 perductus
1580 3144 1758 3199 fuerit.
1791 3164 1810 3197 ι
1844 3145 1983 3200 Deus
2033 3146 2197 3208 enim,
2225 3163 2243 3195 ι

705 3232 879 3300 inquit
904 3234 1191 3302 Apostolus
1221 3235 1287 3301 ",
1328 3253 1346 3285 ι
1374 3236 1511 3305 ipsis
1537 3237 1920 3292 manifestavit.
1957 3237 2245 3292 lnvisibilia

702 3323 849 3377 enim
882 3322 1071 3392 ipsius,
1116 3338 1145 3377 a
1184 3334 1430 3379 creatura
1475 3321 1663 3380 mundi
1694 3368 1710 3393 ,
1736 3342 1830 3396 per
1854 3343 1915 3382 ea
1942 3344 2061 3398 quae
2101 3326 2244 3383 facta

705 3422 851 3475 sunt,
909 3408 1177 3469 intellecta
1230 3418 1670 3487 conspiciuntur,
1728 3420 1844 3491 ipsa
1885 3436 2101 3491 quoque
2128 3423 2244 3493 ejus

1418 3508 1713 3583 divinitas,
1746 3521 1805 3564 ut
1835 3512 1943 3565 sint
1963 3512 2247 3568 inexcusa-

703 3591 860 3647 biles.
898 3613 916 3643 ι
940 3592 1019 3648 Tu
1046 3611 1173 3649 vero
1187 3595 1341 3652 facile
1353 3591 1525 3668 bbjus
1542 3601 1619 3655 rei
1636 3602 1911 3657 veritatem
1930 3619 1996 3657 ex
2018 3618 2247 3673 sequen-

706 3685 849 3740 tibus
876 3684 1160 3756 intelligas.
2136 3707 2143 3713 '

1318 3779 1543 3835 CAPUT
1580 3781 1675 3838 IX.

890 3866 967 3921 De
995 3879 1126 3932 ante,
1160 3867 1241 3921 Ea:
1266 3868 1428 3925 Hosis
1460 3869 1795 3941 Platonisque
1811 3873 2068 3930 doctrina.

769 3956 1046 4026 Ejusmodi
1081 3960 1359 4013 oraculum
1413 3960 1587 4017 Moses
1619 3964 1790 4020 sacris
1830 3965 1886 4019 in
1934 3966 2125 4021 litteris
2176 3983 2243 4021 ex

699 4060 922 4116 persona
951 4047 1044 4103 Dei
1076 4052 1427 4119 pronuntiat‘
1470 4071 1482 4105 :
1521 4070 1540 4103 ι
1576 4052 1688 4123 Ego
1718 4070 1836 4109 sum
1861 4058 1952 4126 qui
1987 4074 2125 4114 sum.
2152 4058 2242 4114 Sic

697 4139 845 4193 dices
872 4139 994 4193 ﬁliis
1018 4140 1180 4195 Israel
1212 4139 1347 4206 :Qui
1370 4150 1477 4205 est,
1500 4144 1647 4203 misit
1666 4144 1733 4198 ad
1756 4162 1843 4201 me
1875 4163 1989 4203 vos.
2016 4167 2035 4199 ι
2064 4148 2239 4219 Atque

700 4228 772 4280 ita
794 4228 961 4283 Deum
988 4246 1155 4284 unum
1170 4246 1237 4286 ex
1254 4233 1505 4287 omnibus
1531 4246 1652 4289 Vere
1680 4251 1821 4299 esse,
1855 4252 1919 4293 ac
1950 4253 2119 4308 genus
2138 4241 2239 4295 hoc

698 4319 933 4373 nominis
959 4320 1014 4371 in
1050 4335 1173 4372 eum
1210 4322 1421 4390 proprie
1455 4324 1630 4376 solum
1658 4333 1886 4394 apteque
1926 4330 2234 4392 convenire,

696 4408 949 4475 declarat.
1006 4407 1264 4489 Similiter
1290 4411 1355 4464 de
1377 4426 1557 4464 rerum
1592 4430 1712 4482 quae
1739 4432 1899 4471 sensu
1930 4420 2237 4489 percipiun-

696 4505 807 4575 tur,
834 4484 1057 4568 quaeque
1084 4515 1309 4570 corpore
1365 4503 1598 4571 praedite
1631 4514 1774 4569 sunt,
1810 4484 1945 4560 ortu
1967 4484 2126 4563 simul
2154 4518 2237 4563 at-

2866 1948 3255 2002 ΚΕΦΔΛΔῙΟΝ
3280 1949 3363 2001 H'.

2568 2037 2703 2107 Περί
2729 2036 2845 2107 τῆς
2866 2037 2983 2092 τῶν
3019 2038 3246 2106 νοητῶν
3289 2037 3694 2106 φυσιολογίας.

2430 2153 2506 2207 Οὐ
2536 2153 2641 2226 μήν
2673 2152 2807 2206 ἀλλὰ
2832 2152 2925 2206 καὶ
2949 2152 3192 2223 περὶτῆς
3210 2150 3316 2205 τῶν
3339 2148 3539 2219 νοητῶν
3564 2151 3659 2204 καὶ
3681 2149 3899 2219 ἀσωμά-

2360 2263 2464 2299 των
2489 2245 2817 2308 παιδεύσεως
2852 2245 2946 2298 καὶ
2969 2244 3198 2316 θεωρίας
3230 2230 3306 2313 τῷ
3330 2243 3582 2312 πανσόφῳ
3602 2243 3799 2295 Mene?
3815 2242 3899 2295 καὶ

2358 2340 2469 2399 τοῖς
2504 2336 2762 2407 Ἑϐραίων
2798 2337 3096 2408 προφήταις
3142 2336 3364 2389 Πλάτων
3408 2336 3439 2387 δ
3466 2335 3770 2405 θαυμάσιος
3812 2337 3899 2387 ἐπ-

2357 2428 2729 2499 ηκολουθηκὼς
2753 2428 2839 2482 διὰ
2862 2428 2971 2480 τῶν
2996 2429 3205 2482 οἰκείων
3227 2426 3430 2495 φωνῶν⁸
3445 2428 3559 2480 ἐστι
3590 2426 3771 2497 δῆλοςο
3810 2427 3897 2479 εἶτ’

2358 2518 2416 2585 ἐξ
2440 2521 2607 2590 ἀκοῆς
2636 2523 2715 2583 εἰς
2736 2519 2894 2572 αὑτὸν
2922 2518 3155 2590 ἡκούσης
3186 2517 3388 2589 μαθὼν,
3405 2519 3527 2571 ἐπεὶ
3545 2520 3640 2571 καὶ
3666 2518 3897 2571 συνίστα-
3992 2520 3994 2543 ¹

2356 2627 2444 2663 ται
2472 2611 2598 2681 παρ’
2622 2612 2932 2680 Αἰγυπτίοις
2952 2609 3200 2681 τηνικάδε
3240 2608 3337 2671 τὰς
3380 2608 3658 2679 διατριῦἀς
3679 2625 3895 2680 πεποιη-

2361 2701 2536 2771 μένος,
2560 2703 2678 2757 καθ’
2696 2703 2754 2757 δν
2797 2704 3053 2773 Ἑϐραῖοι,
3074 2705 3170 2774 τῆς
3193 2701 3393 2764 οἰκείας
3418 2701 3671 2772 δεύτερον
3694 2703 3891 2755 ἀποπε-

2357 2794 2537 2857 σόντες
2557 2798 2676 2864 γῆς,
2722 2795 3031 2863 Αἰγυπτίοις
3086 2790 3469 2863 ἐπεχωρίαζον,
3502 2792 3725 2862 Περσῶν
3773 2794 3888 2844 ἑπι-

2356 2887 2707 2957 κρατούντων·
2734 2888 2844 2939 εἴτε
2878 2887 2972 2939 καὶ
3000 2886 3127 2957 παρ’
3166 2886 3354 2939 ἑαυτοῦ
3406 2888 3474 2955 τῇ
3496 2884 3601 2937 τῶν
3643 2883 3884 2953 πραγμά·

2354 2993 2462 3030 των
2484 2976 2751 3031 ἐπιϐαλὼν
2809 2977 2982 3046 φύσει·
3013 2977 3121 3030 εἴτε
3164 2975 3407 3029 ὁπωσοῦν
3458 2975 3563 3027 ὑπὸ
3594 2974 3727 3026 Θεοῦ
3762 2991 3890 3026 κατ-

2354 3066 2600 3131 αξιωθεὶς
2618 3071 2714 3138 τῆς
2734 3067 3003 3135 γνώσεως.
3039 3086 3057 3118 ι
3093 3068 3161 3119 '0
3184 3065 3314 3129 θεὸς
3336 3067 3499 3137 γὰρμ
3540 3066 3724 3135 φησὶν,
3758 3085 3776 3116 ι
3796 3065 3889 3117 αὖ·

2354 3161 2461 3223 τοῖς
2488 3159 2810 3231 ὲφανέρωσε.
2838 3159 2917 3211 Τὰ
2954 3159 3060 3230 γάρ
3087 3160 3289 3230 ἀόρατα
3314 3158 3475 3211 αὐτοῦ
3514 3157 3621 3211 άπὸ
3674 3159 3891 3221 κτίσει-ς

2354 3249 2555 3319 κόσμου
2592 3253 2702 3313 τοῖς
2730 3251 2992 3321 ποιήμασι
3016 3248 3620 3319 νοούμενα’καθορᾶται,
3649 3249 3685 3319 ἠ
3717 3266 3777 3302 τε
3809 3250 3891 3303 αὑ-

2344 3338 2438 3391 τοῦ
2466 3340 2631 3403 ἀΐδιος
2659 3339 2882 3411 δύναμις
2912 3340 3005 3393 καὶ
3065 3340 3291 3411 θειότης,
3327 3340 3405 3403 εἰς
3432 3340 3494 3393 τὸ
3518 3335 3655 3393 εἷναι
3701 3342 3890 3402 αὐτοὺς

2345 3430 2827 3501 ἀναπολογήτους.»
2855 3431 3059 3495 Μάθοις
3084 3431 3129 3484 δ’
3154 3430 3220 3483 ἂν
3246 3431 3307 3484 τὸ
3328 3431 3611 3502 εἰρημένον
3664 3424 3767 3485 ὧδέ
3816 3449 3887 3500 πη

2343 3520 2807 3591 διασκοπούμενος.

2871 3791 3255 3847 ΚΕΦΔΛΑῙΟΝ
3288 3792 3364 3847 Θ.

2422 3952 2425 3953 ν
2497 3882 2635 3950 Περί
2664 3882 2767 3937 τοῦ
2793 3882 2983 3948 ὄντος,
3006 3884 3369 3950 Μωσέωςκαὶ
3392 3884 3732 3958 Πλάτωνος.

2411 3972 2649 4035 Μωσέως
2692 3975 2747 4025 ὲν
2774 3976 2890 4036 ταῖς
2916 3975 3276 4045 ἰεροφαντίαις
3324 3977 3566 4047 χρησμὸν
3611 3980 3676 4030 ὲκ
3719 3993 3889 4048 προσ-

2342 4060 2491 4135 ώπου
2521 4061 2611 4114 τοῦ
2651 4062 2781 4115 Θεοῦ
2810 4065 3089 4133 φήσαντος·
3122 4082 3140 4114 ι
3182 4063 3320 4132 Ἐγὼ
3370 4066 3484 4134 εἰμι
3516 4065 3544 4117 ὁ
3570 4064 3663 4117 ὢν.
3700 4066 3886 4130 Οὕτως

2339 4151 2481 4221 ἐρεῖς
2510 4145 2620 4214 τοῖς
2640 4153 2771 4214 υίοῖς
2812 4152 3045 4223 Ἰσραήλ·
3099 4153 3156 4205 ’0
3197 4153 3270 4206 ὢν
3296 4155 3604 4208 ἀπέσταλκά
3647 4173 3716 4226 με
3753 4160 3885 4229 πρὸς

2339 4243 2531 4323 ὑμᾶς’»
2569 4242 2939 4313 παραθεμένου
2966 4244 3020 4296 δὲ
3040 4244 3132 4297 καί
3158 4245 3247 4297 τὸν
3283 4245 3411 4299 Θεδν
3444 4245 3601 4317 μόνον
3627 4248 3883 4323 ἄντικρυς

2336 4334 2482 4399 ὄντα,
2510 4334 2598 4385 καὶ
2630 4334 2785 4404 τῆσδε
2819 4335 3018 4405 κυρίως
3064 4337 3153 4388 καὶ
3181 4337 3444 4407 ἁρμοδίως
3467 4339 3766 4411 ἠξιωμένον
3790 4344 3883 4412 τῆς

2337 4424 2572 4495 κλήσεως
2627 4426 3059 4495 ἀποφηναμένου·
3112 4428 3266 4480 πάλιν
3300 4446 3358 4480 τε
3415 4425 3481 4482 αὖ
3543 4432 3882 4502 Σολομῶντος

2335 4517 2461 4587 περὶ
2486 4520 2583 4587 τῇς
2605 4517 2709 4571 τῶν
2753 4517 3017 4590 αἰσθητῶν
3056 4518 3145 4571 καὶ
3177 4516 3498 4589 σωματικῶν
3521 4523 3786 4589 γενέσεώς
3826 4540 3879 4574 τε

697 4603 802 4657 que
837 4587 1051 4643 interitu
1079 4590 1331 4646 Salomon
1365 4594 1436 4646 ita
1472 4594 1711 4662 loquitur
1739 4596 1760 4625 ’
1796 4615 1807 4649 :
1847 4596 2007 4669 525
2040 4618 2056 4648 ι
2094 4597 2232 4664 Quid

2347 4607 2428 4659 ml.
2453 4606 2651 4677 φθορᾶς
2675 4587 2993 4671 ἀνειπόντος·
3030 4627 3046 4658 ι
3077 4609 3140 4659 Τί
3161 4608 3217 4659 τὸ
3249 4587 3496 4677 γεγονόςς
3522 4587 3649 4666 αὐτὸ
3690 4612 3755 4663 τὸ
3791 4628 3877 4680 γε-

694 4686 796 4741 εει,
820 4679 962 4747 quod
994 4677 1094 4731 fuit
1123 4678 1345 4749 iipsum
1378 4685 1519 4752 quod
1543 4684 1786 4739 futurum
1822 4697 1923 4743 est.
1961 4688 2107 4743 Nihil
2133 4691 2233 4746 sub

698 4768 811 4821 sole
840 4784 1057 4823 novum.
1090 4769 1198 4825 Nec
1219 4774 1381 4827 -valet
1408 4776 1692 4846 quisquam
1722 4779 1900 4833 dicere
1931 4798 1944 4833 :
1972 4780 2108 4836 Ecce
2134 4784 2233 4837 hoc

698 4870 882 4909 recens
900 4868 1013 4913 est:
1041 4859 1151 4928 jam
1182 4861 1323 4913 enim
1347 4867 1617 4931 praecessit
1651 4868 1705 4920 in
1733 4870 2098 4939 saeculis,qua3
2116 4870 2230 4925 fue-

695 4956 824 4998 runt
847 4956 968 5014 ante
998 4965 1115 5005 nos.
1151 4968 1168 5000 ι
1198 4948 1359 5005 [idem
1388 4954 1545 5007 nobis
1567 4969 1955 5027 consequenter
1992 4960 2043 5014 id
2070 4976 2230 5015 omne

696 5034 840 5102 quod
865 5044 965 5098 est,
995 5038 1047 5089 in
1079 5039 1185 5093 duo
1212 5055 1405 5110 genera
1457 5044 1784 5111 partiuntur,
1817 5049 2073 5116 spiritale,
2101 5065 2227 5104 sen—

696 5128 866 5193 suque
902 5138 1205 5194 perceptum
1245 5148 1259 5183 :
1312 5139 1365 5184 et
1411 5132 1670 5201 spiritalia
1726 5137 1940 5205 quidem
1999 5155 2225 5211 corpore

696 5214 882 5278 libera,
913 5215 1002 5269 sed
1028 5230 1057 5269 a
1079 5226 1267 5273 natura
1295 5236 1417 5274 cum
1452 5217 1708 5278 instructa
1741 5228 1963 5296 ratione,
1997 5240 2109 5284 tum
2140 5232 2223 5285 in-

696 5306 883 5357 teritus
902 5320 965 5358 ac
990 5306 1176 5359 mortis
1198 5312 1428 5377 expertia
1461 5328 1579 5367 esse
1600 5324 1841 5370 statuunt
1865 5337 1877 5381 ;
1897 5330 2079 5375 contra
2097 5338 2223 5377 vero

696 5394 941 5448 sensibus
983 5394 1157 5458 obvia,
1194 5397 1248 5449 in
1293 5398 1437 5454 ﬂuxu
1476 5412 1528 5456 et
1553 5407 1933 5474 corruptione,
1976 5422 2137 5481 atque
2166 5414 2219 5466 in

696 5482 907 5536 assidua
936 5492 1141 5539 natura:
1171 5499 1281 5541 sua:
1316 5494 1609 5549 mutatione
1642 5500 1865 5552 versari.
1902 5500 1971 5553 At
2006 5503 2218 5558 univer-

695 5572 773 5626 sis
799 5588 961 5627 unum
989 5576 1052 5628 ad
1074 5576 1394 5647 principium
1425 5595 1689 5654 caputque
1736 5590 2017 5644 revocatis.
2052 5609 2217 5648 unum

2340 4694 2649 4763 νησόμενΟΨ
2706 4694 2796 4747 καὶ
2842 4699 2939 4750 οὐκ
2988 4697 3099 4749 ἔστι
3154 4703 3258 4763 πᾶν
3319 4702 3623 4770 πρόσφατον
3656 4705 3765 4757 ὑπὸ
3792 4708 3879 4758 τὸν

2333 4782 2496 4851 ἥλιον.
2526 4783 2619 4843 Ὃς
2644 4782 2857 4852 λαλήσει
2884 4783 2972 4834 καὶ
3002 4784 3130 4855 spei“
3159 4786 3281 4849 Ἴδε,
3314 4790 3468 4843 τοῦτο
3500 4793 3680 4846 καινόν
3703 4798 3870 4849 ἐστιν·

2331 4871 2428 4943 ἤδη
2460 4872 2671 4941 γέγονεν
2706 4873 2761 4924 ὲν
2788 4876 2898 4936 τοῖς
2940 4874 3093 4926 αἰῶσι
3138 4879 3244 4940 τοῖς
3289 4881 3601 4950 γενομένοις
3626 4883 3735 4939 ἀπὺ
3774 4888 3870 4959 ζμ-

2330 4962 2558 5032 προσθεν
2580 4962 2783 5032 ήμῶν·›
2814 4962 3011 5015 τούτων
3039 4962 3093 5014 δὲ
3126 4965 3216 5016 καὶ
3263 4969 3389 5035 ἡμῖν
3432 4970 3745 5036 ἀκολούθως
3796 4979 3873 5039 εἰς

2329 5052 2419 5105 δύο
2444 5053 2503 5106 τὸ
2530 5056 2636 5106 πᾶν
2661 5053 3021 5125 διαιρούντων,
3047 5055 3122 5117 εἷς
3156 5072 3211 5107 τε
3237 5058 3421 5128 νοητὸν
3474 5063 3570 5136 καὶ
3595 5066 3866 5136 αἰσθητόν·

2331 5145 2421 5196 καὶ
2452 5143 2510 5195 τὸ
2541 5144 2636 5213 μὲν
2678 5146 2858 5215 νοητὸν
2889 5144 3169 5214 ἀσώματον
3205 5148 3296 5198 καὶ
3320 5132 3531 5217 λογικδν
3559 5154 3651 5226 τὴν
3686 5132 3871 5224 φύσιν,

2328 5230 2595 5301 ἄφθαρτον
2640 5247 2696 5281 τε
2755 5232 2846 5283 καὶ
2893 5231 3149 5285 ἀθάνατον
3181 5230 3679 5309 εἰναιὸριζομένων·
3717 5247 3781 5298 τὺ
3826 5246 3869 5298 δ’

2328 5322 2576 5392 αἰσθητὸν
2605 5321 2832 5391 ὲν-ῥύσει
2855 5324 2947 5375 καὶ
2979 5323 3167 5395 φθορᾷ,
3201 5328 3461 5399 μεταϐολῇ
3484 5348 3544 5384 τε
3572 5335 3662 5387 καὶ
3686 5341 3867 5407 τροπῇ

2328 5416 2425 5483 τῆς
2454 5414 2635 5475 οὐσίας
2658 5414 2933 5485 ὑπάρχειν
2966 5416 3176 5469 πάντων
3198 5418 3243 5470 δ’
3265 5420 3356 5471 ἐπὶ
3383 5421 3512 5490 μίαν
3541 5424 3711 5495 ἀρχὴν
3745 5428 3864 5481 ἀνα.

2328 5503 2611 5567 κεφαλαιου
2620 5504 2809 5575 μένων,
2836 5506 2891 5557 ἓν
2913 5499 3130 5587 τεεῖντιι
3155 5506 3431 5577 ἀγένητον,
3458 5514 3553 5565 καὶ
3576 5514 3639 5566 τὸ
3659 5519 3861 5587 κυρίως

2328 5594 2417 5646 καὶ
2438 5593 2644 5681 άληθῶς
2674 5594 2732 5649 ὃν
2754 5585 3190 5667 δογματιξὸντων.
3222 5596 3281 5649 τὸ
3313 5600 3526 5655 πάντων
3558 5585 3859 5675 ἀσωμάτων

763 5681 808 5712 ’⁸
846 5679 997 5735 Rom.
1039 5698 1078 5746 ι,
1110 5684 1201 5739 20.
1278 5688 1294 5717 ¹
1337 5687 1503 5747 Exod.
1545 5709 1625 5762 ιιι,
1667 5696 1751 5752 Η.
1829 5701 1848 5731 ¹
1888 5684 2062 5758 Eccle.
2109 5721 2148 5767 ι,
2178 5702 2349 5771 9,10.

764 5802 793 5833 ο
830 5789 988 5848 Forte
1021 5798 1339 5871 μεμνῆσθαι.
