3994 6340
676 445 770 502 8'”
1341 437 1606 494 EUSEBII
1644 434 2117 492 CIESARIENSIS
2155 434 2302 489 OPP.
2341 433 2518 488 PARS
2557 433 2619 488 ll.
2666 464 2734 474 —
2773 431 3262 490 APOLOGETlCA.
3795 435 3893 489 87?.

677 573 794 631 pter
823 562 995 630 ipsum
1023 567 1231 628 tempus
1259 548 1434 627 neque
1466 558 1729 612 vetustius
1757 573 2020 630 unquam,
2054 571 2229 624 neque

2345 554 2502 622 λόγων
2536 556 2633 625 τὴν
2675 554 2907 606 διάνοιαν
2933 553 3262 622 ἐκφαίνουσι.
3305 553 3528 620 Πλεῑους
3569 554 3668 625 μὲν
3700 549 3791 608 οὖν
3822 558 3892 616 εἰς

681 653 948 708 recentius
971 652 1084 706 ﬁeri
1112 659 1288 720 potest
1317 669 1328 702 :
1357 649 1513 718 525
1538 651 1647 702 imo
1676 665 1851 717 neque
1882 648 2080 702 factum
2111 663 2233 703 esse

2345 645 2433 714 τὴν
2466 643 2665 699 τούτων
2722 643 3114 715 ἐπιϐεϐλήκασι
3170 643 3421 715 θεωρίανο
3451 647 3574 715 ἐμοὶ
3599 647 3643 698 δ’
3671 645 3888 715 ἐξαρκεῖ

679 743 1207 809 διες-ιιιειιάο,ιηεψιο
1255 754 1399 791 nunc
1429 741 1659 806 primum
1707 739 1979 791 exstitisse
2005 778 2018 795 .
2058 753 2230 806 neque

2345 735 2495 787 τανῦν
2531 735 2718 803 ἀνδρὸς
2749 731 3043 803 ἐπιφανοῦς
3067 732 3372 804 Νουμηνίου
3407 735 3499 789 τοῦ
3529 736 3893 807 Πυθαγορείου

679 833 899 885 omnino
930 830 1171 884 futurum
1203 845 1321 884 esse
1344 870 1358 892 ,
1408 843 1505 882 nec
1545 843 1731 882 eorum
1763 828 1908 881 aliud
1938 828 2229 896 quidquam

2345 827 2668 898 παραθέσθαι
2687 825 2879 889 λέξεις,
2907 824 2972 888 ἂς
2997 830 3054 880 ἐν
3082 824 3156 896 τῷ
3211 826 3352 894 Περὶ
3381 828 3639 898 τάγαθοῦ
3662 828 3894 899 δευτέρῳ

679 922 882 983 subire,
912 937 1030 988 quae
1060 921 1286 988 ipsemet
1309 929 1460 974 ortus
1506 920 1593 982 iis,
1628 934 1749 986 qua:
1771 934 2026 972 sensuum
2059 919 2232 972 incer-

2345 921 2725 992 συγγράμματι
2747 913 2849 974 ὧδέ
2872 935 2947 989 πη
2974 919 3245 987 διέξεισιν.

678 1011 1219 1079 titudinejuctantur,
1251 1009 1531 1078 adjunxit:
1562 1024 1686 1062 cum
1746 1010 1849 1063 ista
1906 1006 2092 1061 formae
2140 1008 2384 1076 quaedam
2425 1011 2530 1064 sint
2554 1019 2841 1079 partesque
2865 1011 3305 1082 temporis,quod
3363 1015 3719 1069 aeternitatem
3770 1011 3893 1067 imi-

679 1113 823 1157 tetur
847 1105 1084 1174 quidem,
1117 1102 1210 1156 sed
1237 1113 1412 1155 tamen
1465 1110 1610 1154 certa
1675 1100 1904 1168 quadam
1954 1114 2302 1151 numerorum
2341 1100 2697 1154 conversione
2725 1101 2988 1153 volvatur.
3023 1119 3041 1151 ι
3076 1100 3192 1165 Quo
3231 1104 3394 1157 etiam
3425 1106 3525 1158 ista
3576 1104 3848 1172 pertinent
3877 1117 3890 1154 :

685 1212 702 1242 σ
739 1194 889 1266 Quod
924 1193 1122 1248 factum
1151 1195 1241 1256 sit,
1274 1193 1326 1245 id
1354 1207 1472 1245 esse
1500 1191 1698 1245 factum
1743 1191 1924 1260 :quod
1975 1192 2086 1255 liat,
2117 1188 2169 1243 id
2200 1206 2318 1244 esse
2355 1192 2498 1260 quod
2533 1193 2592 1245 tit
2627 1210 2639 1244 :
2681 1192 2911 1260 denique
2965 1193 3108 1262 quod
3161 1193 3399 1249 futurum
3431 1197 3523 1260 sit,
3570 1195 3814 1249 futurum
3845 1193 3891 1248 id

681 1301 820 1339 esse.
856 1304 874 1336 ι
907 1286 984 1339 A’c
1013 1300 1079 1337 ne
1107 1284 1229 1352 quis
1268 1281 1568 1350 phil050phi
1597 1282 1754 1335 verba
1787 1282 1839 1334 iu
1866 1280 2100 1334 alienum
2136 1295 2220 1332 me
2258 1295 2476 1334 sensum
2518 1291 2770 1351 torquere
2819 1282 3157 1348 criminetur,
3218 1300 3312 1340 eos
3356 1287 3502 1356 ipsos
3554 1294 3891 1340 commenta-

683 1380 809 1438 rios,
843 1377 1039 1445 quibus
1082 1376 1292 1429 illorum
1340 1375 1602 1428 sententia
1631 1375 1956 1436 declaratur,
1981 1375 2222 1452 prol‘erre
2257 1374 2429 1442 juvat.
2459 1374 2596 1428 Cum
2628 1384 2808 1429 autem
2837 1377 2940 1432 hoc
2989 1377 3043 1430 in
3105 1377 3492 1446 interpretandi
3538 1395 3731 1448 genere
3781 1380 3890 1449 ple.

680 1471 833 1539 rique
856 1467 1049 1520 versati
1075 1468 1200 1529 sint,
1236 1464 1364 1517 mihi
1403 1465 1618 1532 quidem
1653 1465 1785 1518 satis
1840 1467 1941 1518 hoc
1994 1465 2112 1517 loco
2176 1463 2360 1524 fuerit,
2409 1460 2659 1518 Numenii
2709 1462 3074 1536 Pythagorici,
3141 1465 3297 1536 cujus
3358 1469 3664 1539 percelebne
3695 1484 3889 1525 nomen

681 1574 784 1627 est,
811 1547 1078 1633 ipsissima
1108 1558 1303 1628 quibus
1325 1556 1564 1610 secundo
1595 1555 1670 1608 De
1695 1555 1825 1607 bono
1849 1555 2037 1620 utitur,
2070 1554 2231 1608 verba
2272 1554 2533 1626 proferre.

1283 1645 1509 1702 CAPUT
1550 1644 1622 1703 Χ.

750 1745 831 1798 Ea:
857 1743 989 1797 libro
1027 1744 1250 1795 secundo
1277 1738 1529 1792 Numenii
1557 1737 1902 1807 pythagorici,
1932 1734 2007 1789 De
2025 1735 2178 1789 bono.

759 1920 776 1951 ι
822 1900 932 1970 Age
953 1916 1102 1960 vero,
1124 1899 1299 1968 inquit
1330 1899 1437 1960 ille,
1476 1907 1635 1965 atque
1673 1896 1738 1949 ad
1766 1895 1921 1957 illud,
1959 1895 2106 1964 quod
2135 1903 2239 1959 est,

685 1992 1401 2061 quantumlicet,aspiremus
1433 2009 1445 2042 :
1472 1989 1802 2056 omninoque
1835 1986 2241 2055 pronuntiemus

685 2081 826 2147 quod
845 2090 944 2142 est,
973 2080 1023 2134 id
1039 2096 1211 2150 neque
1228 2079 1392 2133 fuisse
1407 2093 1644 2147 unquam
1660 2091 1833 2144 neque
1853 2091 2089 2145 unquam
2107 2074 2246 2128 futu-

685 2186 803 2226 rum
822 2185 960 2234 esse,
976 2179 1027 2223 at
1041 2180 1184 2223 certo
1199 2171 1455 2223 duntaxat
1473 2168 1830 2236 prmseutique
1854 2178 2089 2234 tempore
2104 2182 2243 2220 sem-

686 2277 780 2329 per
805 2276 950 2312 esse:
971 2261 1110 2328 quod
1136 2275 1264 2314 sane
1285 2269 1493 2328 tempus
1509 2259 1607 2312 hoc
1621 2258 1780 2311 modo
1800 2258 2107 2326 praesens,si
2121 2257 2241 2326 quis

691 2353 1041 2405 aeternitatem
1073 2351 1252 2405 dicere
1281 2347 1548 2412 voluerit,
1584 2365 1670 2406 me
1697 2357 1918 2403 auctore
1939 2349 2152 2417 quidem
2190 2349 2241 2402 id

685 2441 862 2495 faciat.
898 2441 963 2493 At
990 2457 1115 2494 vero
1161 2449 1372 2508 tempus
1429 2439 1758 2508 praeteritum
1781 2477 1797 2502 ,
1850 2438 2112 2506 ejusmodi
2143 2451 2240 2490 nos

686 2534 989 2587 existimare
1048 2531 1410 2599 decet,qquod
1458 2530 1570 2599 jam
1633 2543 1861 2598 prorsus
1945 2526 2238 2597 aufugerit,

685 2635 846 2693 atque
874 2625 945 2675 ita
976 2622 1284 2686 evanuerit,
1313 2630 1371 2674 ut
1399 2620 1615 2689 penitus
1651 2633 1770 2673 esse
1797 2617 2019 2672 desierit
2046 2636 2057 2671 :
2099 2617 2241 2672 futu-

687 2731 807 2769 rum
841 2722 1037 2773 autem,
1095 2713 1238 2781 quod
1274 2710 1515 2765 nondum
1570 2710 1673 2770 sit,
1704 2709 1917 2764 tametsi
1955 2717 2013 2762 ut
2047 2714 2116 2763 sit
2139 2711 2238 2762 ali-

688 2805 922 2873 quando,
949 2803 1144 2856 habere
1177 2816 1335 2871 posse
1386 2801 1612 2855 dicatur.
1656 2800 1831 2856 Minus
1857 2817 1982 2872 ergo
2014 2817 2241 2857 consen—

689 2906 844 2949 tanec
867 2894 1069 2958 fecerit,
1088 2894 1202 2962 qui,
1227 2895 1366 2961 quod
1392 2900 1495 2956 est,
1526 2892 1576 2945 id
1609 2892 1788 2960 ipsum
1819 2907 1926 2946 uno
1951 2894 2242 2960 eodemque

695 2985 875 3048 modo,
908 2986 990 3038 vel
1018 2985 1258 3038 absolute
1292 2999 1398 3036 non
1440 2999 1579 3049 esse,
1603 2984 1684 3037 vel
1722 2999 1827 3037 non
1859 2983 2112 3051 amplius,
2159 2985 2242 3036 vel

693 3075 928 3130 nomium
972 3089 1092 3128 esse
1140 3075 1408 3127 statuerit.
1445 3072 1547 3138 Qui
1602 3074 1746 3127 enim
1779 3075 1858 3128 sic
1894 3074 2168 3142 loquatur,
2198 3074 2242 3127 is

694 3182 832 3230 rem,
866 3181 987 3233 quae
1045 3180 1319 3232 nunquam
1373 3164 1526 3232 plane
1559 3163 1672 3218 ﬁeri
1724 3164 1938 3234 possit,
1993 3164 2242 3232 loquatur

2875 1635 3268 1698 ΚΕΦΑΛΑΙΟΝ
3319 1647 3370 1697 l'.

2350 1735 2484 1788 Ἀπὸ
2507 1735 2613 1790 τοῦ
2645 1735 2921 1803 δευτέρου
2947 1736 3084 1802 Περὶ
3112 1735 3388 1802 τάγαθοῦ,
3421 1736 3760 1803 Νουμηνίου
3792 1738 3892 1794 τοῦ

2873 1807 2878 1814 “
2906 1806 3321 1874 Πυθαγορείου.

2419 1913 2438 1944 ‹
2493 1894 2625 1966 Φέρε
2656 1889 2766 1960 οὖν,
2810 1895 2908 1966 ὅση
2955 1894 3199 1965 δύναμις,
3244 1895 3513 1964 ἐγγύτατα
3563 1896 3696 1967 πρὸς
3739 1897 3803 1949 rb
3838 1898 3891 1951 ὃν

2345 1984 2688 2054 ἀναγώμεθα,
2721 1986 2813 2038 καὶ
2844 1983 3194 2055 λέγωμεν,Τὸ
3226 1986 3285 2039 ὃν
3311 1986 3434 2039 οὔτε
3476 1989 3606 2039 ποτέ
3637 1983 3724 2058 ἦν,
3774 1987 3890 2042 οὔτε

2345 2075 2470 2126 ποτὲ
2497 2075 2568 2143 μὴ
2592 2074 2809 2144 γένηται
2831 2091 2843 2102 ·
2872 2073 2983 2126 ἀλλ’
3019 2073 3162 2126 ἐστιν
3189 2075 3272 2126 ἀεὶ
3314 2076 3370 2126 ἐν
3396 2075 3567 2145 χρόνῳ
3588 2076 3887 2147 ὡρισμένῳ,

2342 2166 2415 2235 τῷ
2458 2165 2706 2218 ἐνεστῶτι
2738 2165 2900 2235 μόνῳ.
2933 2165 3129 2218 Τοῦτον
3161 2166 3257 2236 μὲν
3288 2161 3381 2217 οὖν
3408 2166 3498 2219 τὸν
3547 2168 3812 2220 ἐνεστῶτα
3847 2169 3893 2220 ετ

2339 2275 2419 2320 τις
2447 2257 2615 2309 ἐθέλει
2644 2257 2824 2310 καλεῖν
2851 2256 3041 2320 αἰῶνα,
3073 2255 3225 2324 κάγὼ
3264 2256 3610 2326 συμϐουλεύω
3635 2269 3661 2297 ι
3685 2272 3700 2287 ’
3726 2258 3819 2310 τὸν
3843 2259 3892 2311 δέ

2341 2345 2668 2416 παρελθόντα
2701 2345 2887 2415 χρόνον
2911 2346 3113 2399 οἴεσθαι
3143 2346 3246 2417 χρὴ
3279 2349 3447 2417 ἡμᾶς,
3474 2347 3887 2415 διαπεφευγότα,

2339 2436 2438 2505 ἤδη
2485 2435 2917 2503 διαπεφευγέναι,
2965 2437 3383 2507 ἀποδεδρακέναι
3435 2455 3493 2490 τε
3536 2439 3616 2500 εἰς
3663 2439 3722 2490 rb
3753 2435 3888 2491 εἶναι

2344 2527 2566 2598 μηκέτιο
2601 2527 2628 2578 ὃ
2661 2543 2718 2578 τε
2751 2523 2816 2580 αὖ
2854 2527 3056 2596 μέλλων
3087 2529 3200 2580 ἐστὶ
3236 2529 3330 2597 μὲν
3367 2529 3598 2589 οὐδέπω,
3629 2529 3889 2596 ἐπαγγέλ-

2337 2619 2487 2672 λεται
2540 2618 2596 2670 δὲ
2644 2612 2752 2680 οἷός
2799 2635 2857 2669 τε
2908 2617 3119 2670 ἔσεσθαι
3162 2619 3309 2689 ἥξειν
3360 2625 3437 2683 εἰς
3481 2622 3539 2672 τὸ
3573 2618 3730 2674 εἶναι.
3759 2622 3891 2674 Οὐι-

2337 2711 2430 2764 οὖν
2637 2709 2781 2770 εἰκός
2827 2710 2970 2760 ἐστιν
3013 2709 3090 2760 ἐνί
3121 2726 3184 2776 γε
3232 2711 3414 2781 τρόπῳ
3455 2711 3694 2780 νομίζειν
3739 2710 3797 2763 rb
3836 2711 3890 2763 ὃν

2340 2802 2458 2872 ἦτοι
2502 2801 2573 2870 μὴ
2602 2796 2760 2863 εἶναι,
2802 2799 2833 2870 ἢ
2871 2801 3086 2873 μηκέτι,
3127 2799 3160 2870 ἢ
3216 2801 3454 2871 μηδέπω.
3488 2803 3670 2864 Ὥστε,
3712 2801 3886 2854 τούτου

2341 2907 2403 2959 γε
2427 2889 2596 2952 οὕτως
2633 2889 2942 2959 λεγομένου,
2973 2891 3029 2944 ἒν
3060 2891 3264 2958 γίνεταί
3291 2908 3342 2944 τι
3384 2893 3440 2942 ἐν
3475 2891 3551 2961 τῷ
3581 2892 3724 2962 λόγῳ
3759 2892 3888 2961 μέγα

2342 2980 2617 3043 ἀδύνατον,
2645 2976 2780 3033 εἷναί
2805 2998 2864 3032 τε
2906 2980 3040 3052 ὁμοῦ
3084 2980 3294 3045 ταυτὸν,
3323 2983 3416 3033 καὶ
3453 2983 3526 3052 μὴ
3555 2977 3712 3035 εἶναι.
3756 2983 3816 3034 El
3838 2982 3888 3034 δὲ

2341 3073 2509 3138 οὓτως
2547 3075 2677 3144 ἔχει,
2720 3076 2879 3146 σχολῇ
2905 3077 2955 3145 γ’
2997 3077 3062 3128 ἂν
3106 3074 3231 3127 ἄλλο
3272 3072 3499 3128 τιεῖναι
3532 3076 3767 3142 δύναιτο,
3805 3072 3888 3127 τοῦ

2343 3165 2489 3228 ὄντος
2530 3167 2692 3218 αὑτοῦ
2729 3168 2801 3238 μὴ
2844 3167 2994 3231 ὄντος
3036 3171 3173 3224 κατὰ
3215 3169 3345 3222 αὐτὸ
3379 3167 3438 3219 τὸ
3477 3168 3556 3220 ὅν.
3589 3169 3661 3219 Τὸ
3693 3167 3799 3237 γὰρ
3838 3166 3889 3219 δν

694 3258 832 3312 idem
859 3272 977 3310 esse
1005 3255 1165 3308 simul
1191 3271 1251 3308 ac
1281 3271 1386 3307 nou
1424 3271 1562 3310 esse.
1588 3255 1818 3324 Quippe,
1849 3256 1949 3310 hoc
1981 3257 2025 3309 si
2076 3256 2241 3310 semel

2346 3259 2510 3312 ἀΐδιόν
2543 3277 2622 3321 τε,
2659 3259 2873 3329 βέϐαιόν
2922 3261 2980 3313 τέ
3020 3262 3186 3327 ἐστιν,
3232 3261 3318 3314 ἀεὶ
3361 3258 3499 3311 κατά
3551 3258 3768 3324 ταυτὸν,
3810 3259 3888 3311 καὶ

693 3360 878 3400 verum
897 3361 1014 3397 esse
1046 3343 1279 3404 dabitur,
1307 3359 1444 3412 aegre
1469 3360 1596 3398 sane
1617 3346 1902 3398 admodum
1933 3344 2074 3398 aliud
2091 3344 2246 3413 quid-

694 3439 776 3493 vis
829 3452 948 3491 esse
990 3435 1204 3506 poterit,
1264 3435 1353 3487 ubi
1403 3434 1452 3486 id
1489 3435 1662 3502 ipsum
1699 3436 1893 3502 ,quod
1925 3445 2044 3497 est,
2080 3436 2248 3488 etiam

695 3546 799 3599 qua
839 3530 940 3583 tale
965 3540 1064 3591 est,
1094 3527 1298 3580 nullum
1322 3526 1442 3580 erit.
1477 3524 1631 3590 Quod
1665 3526 1806 3578 enim
1840 3533 1940 3586 est,
1969 3524 2021 3576 id
2049 3523 2246 3592 sempi-

700 3632 906 3675 ternum
967 3628 1068 3685 est,
1116 3626 1276 3687 atque
1323 3616 1509 3670 eodem
1552 3631 1669 3669 sese
1717 3615 1877 3668 modo
1935 3623 2246 3668 constanter

699 3711 857 3764 habet
884 3728 899 3774 ;
934 3726 1041 3762 non
1066 3719 1242 3762 autem
1275 3708 1356 3760 vel
1395 3708 1465 3759 ita
1491 3706 1611 3771 fuit,
1651 3715 1711 3758 ut
1741 3705 1931 3759 deinde
1961 3706 2242 3765 interierit,

701 3802 782 3853 vel
805 3800 973 3853 crevit
999 3799 1181 3861 modo,
1211 3799 1370 3853 modo
1399 3796 1656 3860 decrevit,
1687 3795 1771 3848 vel
1802 3795 1979 3862 majus
2007 3796 2244 3850 nondum

702 3900 793 3945 aut
818 3891 992 3944 minus
1022 3889 1212 3944 evasit.
1261 3888 1523 3941 Praeterea
1551 3902 1648 3939 nec
1691 3887 1796 3938 alio
1825 3885 2015 3954 quovis
2071 3893 2248 3938 motus

702 3998 914 4054 genere,
947 3997 1045 4036 nec
1088 3983 1367 4036 locotenus
1385 3995 1618 4048 unquam
1639 3978 1956 4032 movebitur.
1977 3976 2081 4032 Fas
2103 3977 2245 4032 enim

702 4078 888 4144 utique
927 4088 1034 4127 non
1056 4082 1158 4136 est,
1190 4075 1264 4128 uti
1291 4073 1434 4141 quod
1466 4087 1591 4126 vere
1626 4080 1729 4135 est,
1780 4071 1920 4124 idem
1951 4078 2247 4124 retrorsum

704 4170 786 4220 vel
813 4175 1116 4220 antrorsum
1144 4184 1158 4228 ;
1204 4181 1417 4220 sursum
1457 4173 1549 4217 aut
1581 4164 1832 4217 deorsum
1868 4178 1882 4225 ;
1911 4161 2248 4216 dextrorsum

705 4255 788 4306 vel
829 4252 988 4322 526
1009 4253 1380 4306 sinistrorsum
1416 4251 1620 4304 moveri
1653 4250 1873 4303 omnino
1901 4246 2250 4303 translerrive

707 4343 879 4412 possit
911 4359 924 4394 :
950 4357 1011 4394 ac
1034 4357 1099 4394 ne
1129 4343 1268 4395 circa
1300 4341 1383 4395 sui
1408 4341 1623 4408 quidem
1672 4340 1840 4406 ipsius
1863 4338 2098 4392 medium
2135 4352 2252 4391 mo-

707 4437 969 4491 vebitur:
1022 4434 1112 4488 sed
1161 4433 1382 4486 ha‘rebit
1410 4432 1612 4501 potius,
1673 4439 1726 4483 et
1755 4431 2039 4483 immotum
2094 4438 2253 4496 atque

2347 3352 2537 3405 ταυτόν
2557 3369 2568 3381 ·
2602 3353 2694 3404 καὶ
2722 3352 2841 3405 οὐδέ
2865 3353 3054 3420 γέγονε
3080 3355 3195 3424 μὲν,
3230 3351 3438 3422 ἐφθάρη
3464 3350 3541 3414 δέ,
3568 3350 3676 3402 οὐδ’
3708 3353 3889 3419 ἐμεγε-

2345 3442 2537 3496 θύνατο
2573 3443 2691 3512 μὲν,
2723 3443 2956 3514 ἐμειώθη
2980 3444 3067 3496 δέ·
3097 3445 3215 3497 οὐδέ
3257 3444 3329 3514 μὴ
3359 3444 3572 3512 ἐγένετό
3605 3459 3692 3494 πω
3721 3442 3892 3494 πλεῖον

2343 3534 2377 3604 ἢ
2406 3534 2623 3587 ἔλασσον
2641 3551 2652 3562 ·
2690 3536 2782 3586 καὶ
2816 3534 2912 3603 μὲν
2939 3534 3001 3605 δὴ
3034 3534 3100 3587 τά
3124 3551 3181 3586 τε
3213 3535 3366 3597 ἄλλα,
3399 3535 3490 3586 καὶ
3517 3535 3635 3585 οὐδὲ
3663 3535 3892 3596 τοπικῶς

2345 3624 2710 3695 κινηθήσεται.
2754 3623 2887 3676 Οὐδὲ
2915 3625 3020 3696 γὰρ
3060 3624 3214 3694 θέμις
3257 3624 3403 3694 αὑτῷ
3445 3623 3750 3693 κινηθῆναι,
3785 3624 3893 3676 οὐδὲ

2349 3718 2445 3786 μὲν
2467 3717 2658 3782 ὀπίσω,
2695 3716 2812 3769 οὐδὲ
2845 3717 3028 3788 πρόσω
3053 3734 3066 3746 °
3097 3716 3216 3769 οὔτε
3247 3718 3355 3771 ἄνω
3391 3716 3538 3777 ποτὲ,
3569 3715 3688 3766 οὔτε
3718 3717 3892 3767 κάτω’

2345 3808 2449 3860 οὐδ’
2478 3809 2555 3870 εἰς
2587 3808 2753 3872 δεξιὰ,
2784 3807 2888 3860 οὐδ’
2915 3810 2995 3870 εἰς
3024 3807 3280 3877 ἀριστερά
3313 3804 3734 3875 μετατεθήσεταξ
3769 3820 3893 3855 ποτε

2345 3900 2404 3951 rb
2432 3900 2488 3951 δν
2507 3917 2520 3929 ·
2551 3899 2673 3952 οὔτε
2699 3900 2825 3971 περὶ
2845 3899 2904 3950 rb
2941 3899 3101 3968 μέσον
3128 3897 3255 3950 ποτὲ
3287 3896 3475 3949 ἐαυτοῦ
3512 3896 3857 3966 κινηθήσεται
3878 3910 3893 3927 ·

2347 3990 2480 4042 ἀλλά
2505 3991 2698 4060 μᾶλλον
2731 3991 2823 4043 καὶ
2862 3989 3158 4059 ἑστήξεται,
3190 3988 3281 4040 καὶ
3307 3987 3505 4058 ἀραρός
3541 4004 3596 4040 τε
3625 3986 3718 4038 καὶ
3745 3987 3900 4054 ἐπη-

2347 4081 2440 4143 κὺς
2472 4080 2619 4133 ἔσται
2645 4081 2783 4134 κατὰ
2825 4079 2994 4132 ταυτά
3032 4079 3150 4149 ἕχον
3181 4079 3285 4140 ἀεὶ,
3310 4079 3401 4131 καὶ
3431 4077 3705 4138 ὡσαύτως.
3739 4095 3758 4127 ›
3796 4077 3898 4128 Καὶ

2349 4172 2471 4240 ἑξῆς
2509 4171 2622 4240 μεθ’
2667 4173 2826 4240 ἕτερα
2873 4170 3139 4236 ἐπιλέγει·
3195 4187 3212 4220 ι
3247 4166 3490 4220 Τοσαῦτα
3529 4167 3621 4236 μὲν
3663 4163 3763 4218 οὖν
3815 4182 3898 4234 μοι

2352 4266 2453 4335 πρὸ
2492 4264 2630 4316 ὁδοῦ.
2679 4263 2848 4325 Αὐτὸς
2900 4262 2943 4314 δ’
2988 4261 3166 4312 οὐκέτι
3213 4257 3736 4328 σχηματισθήσομαι,
3796 4256 3896 4308 οὐδ’

2354 4357 2562 4423 ἀγνοεῖν
2590 4356 2744 4423 φῆσω
2771 4353 2830 4405 rb
2858 4337 3144 4421 ὄνοματοῦ
3178 4349 3464 4417 ἀσωμάτου
3493 4364 3505 4376 °
3537 4347 3627 4400 καὶ
3657 4347 3773 4416 γὰρ
3799 4364 3900 4398 κιν-

2350 4444 2554 4496 δυνεύει
2577 4444 2667 4496 νῦν
2699 4443 2795 4513 ἤδη
2822 4441 2948 4494 ἴδιον
2978 4441 3006 4480 δ
3039 4436 3174 4492 εἶναι
3203 4439 3370 4491 εἰπεῖν
3403 4437 3616 4513 μᾶλλον,
3649 4437 3682 4506 ἢ
3721 4436 3797 4507 μὴ
3832 4437 3901 4487 ει.

711 4527 1090 4581 inconcussum
1122 4539 1213 4592 per
1241 4538 1358 4577 sese
1414 4537 1626 4591 semper
1651 4559 1674 4588 ,1
1697 4521 1990 4588 eademque
2044 4520 2246 4573 ratione

2353 4538 2492 4586 πεῖν.
2526 4533 2635 4585 Καὶ
2667 4511 2798 4603 δῆτα
2841 4532 2981 4599 λέγω
3017 4531 3077 4581 rb
3103 4530 3269 4598 ὄνομα
3300 4528 3443 4597 αὐτῷ
3481 4511 3614 4581 εἶναι
3653 4527 3820 4580 τοῦτο
3845 4526 3898 4578 τὺ

710 4617 987 4670 consistet.
1025 4633 1044 4664 ι
1079 4613 1327 4683 Idemque
1375 4612 1650 4668 nonnullis
1704 4611 1998 4678 interjectis
2025 4649 2039 4674 ,
2092 4609 2246 4662 dein-

2354 4624 2514 4676 πάλαι
2549 4602 2890 4691 ζητούμενον.
2933 4620 3090 4674 Ἀλλά
3139 4622 3213 4690 μὴ
3242 4620 3520 4688 γελασάτω
3550 4637 3647 4682 τις,
3690 4620 3794 4672 ἐὰν
3823 4619 3898 4688 φῶ

712 4723 836 4774 ceps
867 4708 938 4758 ita
967 4704 1309 4773 prosequitur
1336 4722 1348 4755 :
1396 4722 1413 4753 ι
1461 4705 1634 4772 Atque
1664 4701 1778 4755 hiet:
1823 4700 2123 4754 munienda:
2155 4700 2251 4752 vize

714 4799 880 4864 gratia
906 4797 1034 4850 mihi
1065 4796 1206 4848 dicta
1237 4803 1395 4847 sunto
1418 4781 1551 4847 'Jam
1575 4808 1702 4847 vero
1737 4791 2077 4846 simulatione
2104 4790 2250 4846 omni

717 4892 910 4958 posita,
956 4903 1116 4942 nosse.
1143 4901 1227 4940 me
1251 4886 1552 4953 incorporei
1586 4901 1782 4939 nomen
1833 4885 2064 4954 ingenue
2086 4882 2250 4950 proli-

716 4981 905 5043 tebor;
937 4997 1057 5033 cum
1089 4981 1135 5033 id
1182 4994 1324 5033 nunc
1361 4978 1576 5044 quidem
1606 4976 1942 5046 pronuntiari
1963 4973 2252 5042 jucundius

717 5070 955 5122 futurum
982 5069 1245 5131 videatur,
1276 5083 1438 5137 quam
1483 5067 1649 5120 sileri.
1679 5066 1742 5119 Et
1767 5067 1983 5135 quidem
2017 5049 2145 5116 illud
2177 5064 2254 5130 ip-

717 5177 858 5222 sum,
889 5175 996 5228 quo
1023 5160 1087 5212 de
1124 5159 1442 5229 jampridem
1494 5157 1771 5225 quaeritur,
1804 5158 1852 5211 ei
1893 5171 2090 5210 nomen
2134 5169 2253 5208 esse

717 5250 1004 5303 contendo.
1037 5247 1144 5301 Nec
1166 5250 1335 5302 rideat
1356 5250 1441 5301 hic
1475 5248 1780 5316 quisquam,
1801 5248 1927 5300 dum
1953 5246 2102 5300 audit
2128 5259 2254 5313 pro-

719 5343 893 5409 priurn
921 5338 1218 5407 incorporei
1243 5355 1460 5401 nomen,
1481 5337 1837 5392 substantiam
1857 5347 2016 5406 atque
2042 5336 2092 5389 id
2110 5335 2255 5405 quod

721 5442 820 5494 est,
853 5433 948 5486 abs
975 5446 1058 5484 me
1088 5431 1358 5482 constitui.
1401 5430 1644 5482 Nominis
1694 5429 1888 5498 quippe
1943 5429 2104 5497 hujus
2136 5442 2254 5480 eam

722 5537 838 5574 esse
872 5537 1090 5574 causam
1144 5519 1421 5587 intelligat,
1447 5521 1589 5588 quod
1645 5534 1816 5586 neque
1845 5528 2021 5573 ortum
2055 5518 2256 5572 habue-

795 5625 818 5650 α
857 5612 980 5675 Ms.,
1019 5610 1404 5681 συμϐούλομαι.
1481 5612 1507 5650 b
1548 5611 1671 5674 315.,
1711 5610 1875 5679 ἥδιον.

796 5725 904 5789 (45)
935 5727 1180 5779 Οὐκοῦν.
1229 5723 1428 5794 Legere
1459 5726 1621 5777 malui
1654 5723 1874 5778 οὔκουν.
1912 5721 2080 5792 Negat
2106 5723 2253 5776 enim

727 5796 934 5862 opinor,
962 5795 1101 5855 εἰκός
1130 5810 1266 5858 esse,
1314 5795 1450 5861 quod
1503 5796 1773 5862 sequitur;
1826 5809 1933 5848 non
1981 5795 2254 5847 allirmat:

727 5863 922 5932 alioqui
952 5864 1238 5932 pugnantia
1276 5865 1598 5932 loqueretur.

2328 4711 2440 4763 τοῦ
2469 4711 2753 4778 ἀσωμάτου
2779 4704 2915 4762 εἶναι
2941 4710 3108 4778 ὄνομα
3131 4709 3314 4761 οὐσίαν
3339 4709 3430 4762 καὶ
3455 4709 3533 4761 ὃν.
3573 4709 3632 4760 'H
3661 4707 3725 4759 δὲ
3759 4708 3897 4761 αἰτία

2348 4802 2437 4853 τοῦ
2467 4801 2614 4862 όντος
2639 4799 2896 4868 ὀνόματός
2942 4798 3048 4870 (46)
3083 4801 3195 4851 ἐστι
3233 4800 3293 4850 rb
3334 4797 3408 4869 μὴ
3435 4797 3740 4865 γεγονέναι,
3774 4797 3897 4866 μηδὲ

2352 4889 2735 4963 φθαρήσεσθαι,
2771 4890 2888 4959 μηδ’
2920 4891 3081 4962 ἄλλην
3115 4893 3249 4961 μήτε
3287 4891 3496 4960 κίνησιν
3529 4889 3794 4959 μηδεμίαν
3823 4892 3898 4942 ἐν·

2350 4982 2613 5052 δέχεσθαι,
2637 4981 2764 5050 μηδὲ
2780 4980 2911 5052 (46‘)
2927 4983 3220 5053 μεταϐολὴν
3232 4981 3459 5053 κρείττω
3477 4980 3510 5049 ἦ
3525 4980 3754 5050 φαύληνα
3771 4977 3898 5034 εἶναι

2347 5075 2406 5125 δὲ
2431 5072 2630 5127 ἁπλοῦν
2662 5072 2753 5124 καὶ
2779 5073 3149 5137 ἀναλλοίωτον,
3179 5074 3271 5126 καὶ
3298 5075 3355 5125 ἐν
3386 5072 3499 5142 ἰδέᾳ
3531 5075 3596 5142 τῇ
3619 5072 3784 5141 αὐτῇ,
3813 5070 3899 5122 καὶ

2357 5169 2490 5236 μήτε
2536 5164 2828 5217 ἐθελούσιον
2871 5165 3178 5230 ἐξίστασθαι
3219 5167 3318 5236 τῆς
3363 5167 3708 5234 ταυτότητος,
3779 5163 3896 5233 μήθ’

2355 5257 2441 5323 ὑφ’
2485 5253 2667 5322 ἐτέρου
2718 5253 3272 5323 προσαναγκάζεσθαι.
3329 5256 3472 5323 Ἔφη
3501 5254 3557 5305 δὲ
3588 5254 3677 5306 καὶ
3709 5237 3742 5305 ό
3769 5253 3899 5305 Πλά-

2352 5363 2456 5400 των
2485 5347 2540 5396 ἐν
2565 5347 2848 5412 Κρατύλῳ
2871 5347 2937 5398 τὰ
2968 5346 3207 5416 ὀνόματα
3229 5345 3481 5415 ὁμοιώσει
3519 5346 3624 5398 τῶν
3651 5346 3898 5413 πραγμάο

2355 5454 2456 5488 των
2484 5432 2617 5488 εἶναι
2642 5436 2777 5488 αὐτὰ
2808 5437 3048 5489 ἐπίθετα.
3079 5438 3253 5489 Ἔστω
3279 5431 3369 5488 οὖν
3395 5436 3486 5487 καὶ
3509 5433 3741 5487 δεδόσθω
3772 5430 3896 5486 εἶναι

2355 5526 2413 5578 rb
2436 5527 2492 5578 ὃν
2525 5528 2583 5578 τὸ
2610 5526 2913 5596 ἀσώματον.
2939 5522 3092 5579 »Εἶθ’
3111 5525 3456 5588 ὑποκαταϐὰς
3483 5525 3754 5592 ἐπιλέγει·
3781 5546 3799 5577 ι
3819 5525 3888 5579 τὸ

2425 5725 2534 5796 (46)
2575 5728 2678 5807 Τοῦ
2709 5727 2877 5793 ὄντος
2907 5729 3211 5799 ὀνόματος.
3240 5726 3437 5785 Vocem
3481 5729 3634 5796 ὄντος
3678 5729 3895 5787 libenter

2357 5813 2724 5865 expunxertm.

2428 5866 2559 5936 (46')
2594 5865 2771 5934 Μηδὲ.
2809 5866 2970 5922 Forte
3001 5868 3154 5936 μήτε.
3187 5865 3341 5924 Enn.
