3994 6340
634 465 638 476 ’
734 474 836 529 875

1350 470 1617 529 EUSEBII
1653 469 2123 526 CESARIENSIS
2160 470 2307 522 ΟΡΡ.
2352 468 2531 520 l’Altb
2571 470 2634 521 ll.
2668 497 2735 509 -
2773 471 3271 528 APOLOGETICA.

3814 480 3927 537 87‘

730 600 912 643 etnon
935 596 1130 651 mutor,
1165 606 1183 639 ι
1212 598 1323 642 tum
1347 589 1509 643 etiam
1535 568 1770 652 alterius,
1791 587 2063 657 quiDeum
2088 588 2261 654 ipsum
2300 591 2372 635 ita
2402 585 2778 652 compellabat,
2818 605 2837 637 ι
2876 586 2955 640 'l'u
3012 601 3190 645 autem
3248 588 3386 647 idem
3431 594 3547 664 ipse
3586 612 3670 661 es,
3703 616 3725 648 ι
3759 614 3901 652 men

729 693 836 738 tem
868 691 1026 750 atque
1060 684 1373 737 sententiam
1396 682 1724 737 Plutarchus
1780 684 1832 737 in
1872 698 1970 736 suo
1996 683 2067 737 De
2097 679 2302 753 syllaba
2330 676 2387 735 εἴ
2410 676 2514 748 (es)
2551 695 2670 750 quae
2698 681 2952 751 Delphico
3003 685 3206 753 templo
3231 686 3489 758 inscripta
3538 698 3642 752 est,
3674 705 3926 759 opuscn.

728 773 802 840 lo,
829 775 1165 844 interpretari
1195 774 1325 829 velle
1350 776 1614 837 videatur,
1647 776 1731 829 his
1768 775 1970 828 verbis.

1312 864 1539 919 CAPUT
1581 863 1669 917 XI.

2876 839 3264 892 ΚΕΦΑΛΑῙΟΝ
3289 841 3388 896 IA'.

732 952 814 1009 Ea:
836 953 1106 1010 Plutarchi
1129 956 1393 1022 opusculo.
1421 956 1483 1007 de
1507 955 1710 1023 syllaba
1734 951 1785 1006 εἷ
1804 953 2047 1022 Delphico
2074 952 2243 1021 templi

2365 918 3899 1023 "nvidpzezﬁﬂifgﬁjiflmeﬁfroa,we

1362 1025 1632 1092 inscripta.

801 1131 822 1164 ι
866 1112 1121 1184 Equidem
1146 1130 1315 1182 neque
1346 1130 1651 1177 numerum,
1677 1129 1851 1183 neque
1878 1114 2142 1176 ordinem,
2160 1126 2263 1166 .ne-

730 1220 833 1273 que
859 1204 1149 1268 vinculum,
1176 1222 1345 1272 neque
1367 1206 1508 1257 aliud
1532 1206 1807 1274 quodlibet
1829 1204 2118 1257 dimidiata
2143 1219 2264 1271 par-

728 1294 904 1348 ticulae
952 1310 1119 1363 genus
1166 1310 1228 1348 ea
1289 1295 1493 1364 syllaba
1539 1295 1830 1364 signiﬁcari
1861 1293 2129 1347 existimo.
2166 1291 2262 1346 Est

727 1385 944 1439 omnino
970 1383 1059 1437 Dei
1091 1384 1383 1453 perfectum
1407 1401 1471 1438 ex
1503 1401 1619 1439 sese
1645 1384 2015 1453 integrumque
2043 1398 2259 1446 nomen,

726 1471 867 1539 quod
898 1472 967 1535 ei,
999 1486 1027 1523 a
1052 1486 1157 1537 quo
1181 1473 1577 1539 pronuntiatur,
1613 1487 1716 1525 una
1764 1487 1884 1525 cum
1926 1487 2054 1525 voce
2085 1472 2257 1539 ipsum

725 1558 977 1611 continuo
1008 1560 1285 1628 potestatis
1313 1560 1507 1614 divinae
1548 1576 1766 1615 sensum
1799 1570 1850 1615 et
1882 1561 2257 1630 cogitationem

723 1646 945 1712 injiciat.
976 1645 1104 1699 Nam
1130 1636 1249 1700 cum
1288 1664 1722 1717 unumquemque
1750 1657 2016 1711 nostrum,
2058 1650 2148 1717 qui
2194 1664 2258 1702 eo

722 1737 1048 1799 accedimus,
1078 1738 1176 1791 hac
1218 1740 1372 1793 veluti
1410 1738 1550 1794 Deus
1599 1740 1918 1793 salutatione
1946 1740 2250 1808 compellat,

720 1823 891 1879 Nosne
925 1836 973 1879 te
1008 1827 1199 1895 ipsum,
1232 1831 1374 1897 quod
1414 1830 1627 1899 quidem
1663 1830 1830 1883 nihilo
1865 1830 2044 1884 minus
2074 1840 2253 1896 sonat,

719 1930 877 1984 quam
905 1914 1055 1971 Salve
1100 1935 1117 1971 :
1168 1928 1278 1973 tum
1312 1935 1437 1974 vero
1482 1936 1599 1984 nos,
1656 1920 1981 1974 resalutandi
2018 1921 2254 1974 numinis

719 2009 907 2075 gratia,
934 2011 1318 2077 respondemus
1350 2006 1400 2062 εἷ
1430 2012 1550 2081 (es),
1586 2010 1738 2080 quasi
1786 2026 1965 2063 veram
2014 2025 2079 2073 ac
2128 2026 2253 2077 pro-

718 2104 907 2170 priam,
965 2104 1204 2171 adeoque
1258 2103 1426 2157 solam
1483 2103 1639 2171 eique
1691 2103 1791 2167 soli
1847 2103 2249 2155 convenientem

2635 997 2836 1069 ματος,
2866 997 3002 1063 Περὶ
3036 998 3142 1048 τοῦ
3168 998 3236 1049 ἐν
3270 997 3514 1066 Δελφοῖς
3537 998 3624 1053 Εἴ.

2436 1139 2454 1169 ι
2487 1115 2621 1170 Utica
2645 1110 2735 1167 οὖν
2774 1110 2881 1180 (51)
2915 1108 3161 1178 ἀριθμὸν,
3191 1108 3311 1161 οὔτε
3345 1109 3513 1175 τάξιν,
3559 1111 3679 1164 οὔτε
3722 1114 3905 1166 σύνδε-

2363 1224 2517 1276 σμον,
2546 1203 2665 1256 οὕτε
2694 1200 2817 1254 ἄλλο
2844 1198 2948 1249 τῶν
2977 1196 3204 1249 ἐλλιπῶν
3235 1198 3434 1268 μορίων
3466 1198 3611 1251 οὐδὲν
3648 1196 3807 1271 οἶμαι
3857 1204 3917 1255 τὸ

2361 1296 2590 1367 γράμμα
2637 1290 2949 1361 σημαίνειν’
2988 1287 3099 1339 ἀλλ’
3126 1286 3269 1340 ἔστιν
3304 1288 3588 1359 αὐτοτελής
3626 1290 3715 1342 τοῦ
3772 1292 3914 1345 Θεοῦ

2361 1383 2779 1457 προσαγόρευσις
2824 1382 2915 1433 καὶ
2963 1379 3356 1449 προσφώνησιςν
3412 1380 3526 1450 ἅμα
3578 1382 3651 1451 τῷ
3698 1386 3909 1454 ῥήματ’

2359 1478 2448 1528 τὸν
2480 1474 2837 1543 φθεγγόμενον
2872 1472 2947 1532 εἰς
2978 1470 3183 1523 ἔννοιαν
3212 1469 3507 1523 καθιστᾶσα
3528 1473 3621 1541 τῆς
3649 1474 3741 1525 τοῦ
3771 1474 3914 1526 Θεοῦ

2358 1567 2646 1634 δυνάμεως.
2686 1564 2740 1616 '0
2772 1562 2878 1632 γὰρ
2919 1560 3047 1621 Θεὸς
3082 1560 3306 1612 ἕκαστον
3332 1560 3485 1629 ἡμῶν
3526 1562 3631 1614 τῶν
3670 1563 3913 1615 ἐνταῦθα

2357 1656 2681 1727 προσιόντων
2728 1649 2834 1705 οἷον
2878 1641 3265 1719 ἀσπαζόμενος
3296 1653 3680 1722 προσαγορεύει
3738 1654 3809 1720 τὸ
3861 1665 3910 1719 ι,

2356 1744 2545 1799 Γνῶθι
2563 1744 2807 1803 σαυτὸν,
2857 1742 2884 1793 ὃ
2931 1740 3021 1793 τοῦ
3063 1739 3234 1806 Χαῷε
3256 1738 3319 1809 δὴ
3346 1740 3493 1792 οὐδὲν
3538 1730 3695 1810 μεῖόῖ
3722 1734 3906 1796 ἔστιν.

2366 1835 2551 1904 Ἡμεῖς
2600 1834 2656 1886 δὲ
2690 1832 2867 1894 πάλιν,
2902 1830 3242 1899 ἀμειϐόμενοι
3282 1831 3371 1882 τὸν
3405 1830 3555 1893 Θεὸν,
3600 1829 3661 1883 Ei
3694 1849 3905 1902 φαμεν,

2353 1924 2425 1986 ὡς
2455 1923 2626 1994 ἀληθῆ
2656 1924 2743 1974 καί
2765 1921 2986 1989 ἀψευδῆ,
3013 1922 3105 1973 καὶ
3134 1921 3298 1991 μόνην
3330 1921 3471 1990 μόνῳ
3501 1923 3901 1992 προσήκουσαν,

2354 2014 2447 2082 τὴν
2489 2013 2583 2066 τοῦ
2627 2008 2689 2063 Εἴ
2738 2011 3163 2081 προσαγόρευσιν
3212 2010 3565 2074 ἀποδιδόντες.
3600 2011 3763 2081 Ἡμῖν
3798 2014 3902 2085 γὰρ

2354 2101 2516 2163 ὅντως
2551 2098 2640 2151 τοῦ
2674 2095 2809 2149 εἶναι
2846 2098 3091 2167 μέτεστιν
3137 2098 3316 2149 οὐδέν·
3351 2098 3486 2151 ἀλλὰ
3534 2098 3695 2168 θνητὴ
3750 2102 3902 2154 πᾶσι

721 2192 859 2245 hanc
898 2210 925 2245 a
971 2193 1125 2246 nobis
1182 2194 1590 2261 appellationem
1624 2193 1786 2244 tribui
1822 2190 2101 2244 fateamur.
2144 2190 2243 2245 Nos

2354 2190 2509 2257 φύσις
2540 2192 2595 2240 έν
2629 2190 2773 2258 μέσῳ
2818 2188 3019 2258 φθορᾶς
3051 2189 3142 2240 καὶ
3189 2189 3449 2255 γενέσεως
3487 2192 3771 2259 γενομένη,
3803 2194 3902 2261 φάο

715 2283 857 2333 enim
885 2281 1042 2349 528
1064 2297 1185 2335 vere
1208 2284 1353 2335 nullo
1381 2287 1535 2335 modo
1561 2298 1744 2335 sumus
1776 2300 1787 2333 :
1821 2282 1910 2335 sed
1942 2281 2116 2334 omnis
2138 2296 2252 2333 om-

715 2371 842 2423 nino
866 2380 1051 2423 natura
1080 2372 1339 2436 mortalis,
1372 2372 1423 2424 in
1450 2373 1683 2440 quodam
1709 2374 1957 2424 interitus
1989 2380 2249 2439 ortuSque

718 2462 889 2515 medio
932 2464 1238 2527 constituta,
1272 2465 1512 2516 umbram
1562 2463 1643 2517 sui
1696 2462 1955 2515 duntaxat
1989 2461 2246 2529 aliquam,

714 2552 1011 2631 clecmque
1052 2568 1113 2605 ac
1141 2553 1395 2606 lubricam
1445 2554 1750 2622 opinionem
1787 2551 2054 2615 ostendit;
2086 2566 2247 2619 quam

714 2643 757 2693 si
791 2642 1127 2695 incumbente
1155 2643 1206 2695 in
1237 2658 1355 2695 eam
1386 2658 1567 2695 animo
1593 2642 2043 2709 comprehendere
2074 2641 2249 2694 volue-

713 2730 808 2793 ris,
834 2738 945 2782 tum
974 2746 1115 2796 vero,
1149 2733 1595 2799 quemadmodum
1635 2746 1829 2799 aquam
1875 2730 1916 2783 si
1960 2745 2119 2782 manu
2169 2745 2249 2783 ve-

714 2812 1013 2869 hementius
1044 2818 1271 2870 retinere
1318 2818 1551 2877 coneris,
1595 2819 1719 2871 dum
1774 2817 1991 2886 premis,
2026 2816 2151 2869 dum
2191 2818 2245 2870 in

713 2921 878 2959 unum
910 2908 1077 2975 cogis,
1098 2908 1262 2961 eﬂluit
1288 2909 1373 2961 illa
1395 2910 1712 2976 penitusque
1740 2908 2018 2961 dilabitur.
2053 2905 2143 2960 Sic
2168 2923 2248 2961 ra-

712 2996 805 3055 tio,
840 2997 964 3049 dum
997 3013 1202 3061 eorum,
1234 3014 1351 3066 qua!
1382 2999 1560 3053 varios
1589 2999 1814 3052 subinde
1844 3014 2003 3050 casus
2032 3013 2093 3051 ac
2128 3013 2245 3050 mu-

712 3088 937 3141 tationes
972 3089 1218 3152 subeunt,
1245 3091 1501 3143 illustrem
1534 3091 1700 3151 illam,
1730 3104 1849 3156 quae
1884 3089 1983 3143 sibi
2018 3088 2243 3157 ohjicia-

709 3187 816 3241 tur,
859 3181 1085 3247 speciem
1136 3181 1354 3247 propius
1393 3180 1710 3247 insequitur,
1745 3179 1956 3231 aberrat
2001 3194 2063 3231 ac
2106 3178 2242 3231 ludi-

708 3277 815 3329 tur,
842 3267 1005 3336 quod,
1042 3268 1233 3335 partim
1271 3269 1322 3319 in
1360 3269 1411 3319 id
1438 3267 1576 3335 quod
1608 3267 1801 3329 oritur,
1853 3267 2046 3334 partim
2084 3267 2135 3319 in
2167 3267 2242 3327 id,

706 3359 849 3427 quod
894 3359 1093 3419 interit,
1156 3363 1231 3413 sic
1281 3359 1538 3419 incurrat,
1574 3357 1705 3410 nihil
1738 3364 1793 3409 ut
1834 3358 1976 3425 quod
2010 3367 2240 3420 maneat,

705 3448 955 3518 quodque
987 3464 1109 3502 vere
1138 3450 1228 3513 sit,
1261 3448 1711 3517 comprehendere
1766 3448 1988 3501 omnino
2046 3450 2234 3517 possit.

705 3538 837 3593 Nam
868 3548 927 3591 ut
969 3541 1213 3593 eumdem
1259 3538 1501 3602 ﬂuvium,
1537 3538 1679 3608 quod
1731 3537 2032 3592 Heraclitus
2062 3540 2239 3593 dicere

706 3631 933 3695 solebat,
962 3632 1045 3685 bis
1080 3646 1236 3684 nemo
1266 3631 1447 3685 subire
1474 3638 1647 3699 potest
1677 3647 1689 3682 :
1723 3630 1793 3682 ita
1839 3608 2118 3683 mortalem
2152 3645 2243 3683 na-

706 3731 879 3777 turam
912 3722 1101 3777 eodem
1132 3722 1181 3775 in
1208 3731 1346 3776 statu
1378 3721 1664 3775 haerentem
1701 3736 1858 3773 nemo
1889 3721 1970 3774 bis
1991 3722 2237 3787 attingat,

707 3811 799 3865 sed
824 3812 1099 3878 repentino
1129 3809 1440 3862 mutationis
1491 3808 1690 3877 impetu
1722 3808 2017 3876 dissipatur
2072 3808 2235 3871 illico,

703 3888 1026 3967 misumque
1051 3900 1351 3967 colligitur;
1398 3900 1480 3953 vel
1513 3900 1709 3968 potius,
1763 3914 1830 3952 ne
1874 3914 2087 3951 rursum
2120 3898 2239 3966 qui-

703 3990 823 4043 dem
854 3998 945 4041 aut
973 3998 1177 4057 postea,
1204 3991 1294 4041 sed
1324 3988 1531 4041 exsistit
1562 3987 1721 4040 simul
1753 4002 1815 4039 ac
1844 3986 2060 4048 desinit,
2086 4000 2240 4039 acce-

702 4080 782 4133 dit
815 4079 974 4132 simul
996 4077 1263 4146 simulque
1288 4076 1532 4129 discedit.
1563 4073 1635 4127 lta
1668 4090 1788 4143 qua:
1818 4089 1943 4143 pars
1973 4075 2116 4126 illius
2144 4088 2237 4125 na-

704 4170 889 4233 scitur,
911 4184 969 4221 ea
994 4182 1287 4237 nunquam,
1312 4176 1369 4219 ut
1384 4164 1615 4234 perfecte
1636 4165 1724 4229 sit,
1746 4164 2068 4232 assequitur,
2095 4163 2236 4232 quod

701 4269 851 4313 ortus
880 4260 965 4312 ille
1007 4272 1179 4327 neque
1208 4272 1439 4325 unquam
1492 4255 1720 4318 desinat,
1756 4269 1928 4321 neque
1976 4254 2237 4307 consistat

701 4364 948 4416 usquam,
984 4348 1075 4402 sed
1101 4348 1212 4416 jam
1246 4347 1367 4400 inde
1414 4346 1482 4399 ab
1523 4346 1746 4409 semine,
1796 4343 1962 4397 fetum
2019 4343 2237 4396 inchoa-

696 4426 839 4502 tum,
862 4452 982 4490 mox
1025 4436 1303 4499 infantem,
1339 4450 1562 4502 puerum
1592 4435 1737 4494 inde,
1772 4434 1894 4487 inde
1920 4432 2235 4486 adolescen-

700 4536 827 4589 tem,
859 4537 969 4579 tum
1005 4525 1277 4592 juvenem,
1306 4538 1509 4577 senem.
1543 4522 1803 4585 vetulum,
1828 4516 2085 4575 continua
2118 4537 2235 4572 mu-

704 4619 900 4670 tatione
928 4616 1098 4683 ﬁngit,
1129 4630 1191 4667 ac
1216 4616 1423 4682 priores
1448 4622 1599 4666 ortus
1627 4621 1914 4680 aetatesque
1943 4612 2085 4663 delet
2110 4626 2233 4664 suc-

702 4706 945 4759 cessione
975 4718 1251 4757 novarum.
1300 4704 1365 4757 At
1412 4688 1509 4755 nos
1544 4700 1765 4754 ridicule
1803 4714 1931 4753 sane
1983 4699 2229 4763 facimus,

626 4852 630 4857 ,
700 4793 793 4861 qui
828 4800 1049 4844 mortem
1087 4806 1244 4842 unam
1280 4791 1586 4854 timeamus,
1633 4790 1747 4858 jam
1804 4790 1997 4855 mortui
2045 4790 2226 4851 toties,
2261 4830 2305 4885 Β

702 4884 961 4947 totiesque
991 4880 1298 4934 morientes.
1332 4878 1437 4933 Nec
1490 4882 1631 4934 enim
1677 4881 1855 4941 modo,
1888 4880 2030 4948 quod
2068 4877 2229 4932 Hera-

771 4984 795 5011 ι
831 4968 983 5023 Forte
1014 4969 1108 5039 τῷ.

770 5060 875 5128 (51)
909 5060 1049 5111 Οὔτε
1085 5054 1215 5121 οὖν,
1242 5068 1343 5112 etc.
1378 5060 1474 5111 Adi
1508 5058 1847 5114 Plutarchum
1893 5059 1947 5111 in
1982 5057 2224 5110 Maralib.

701 5128 948 5200 pag._39l
963 5170 975 5190 ,
1004 5130 1311 5200 θιὼ-ϐοείη,

771 5192 876 5265 (5%)
907 5192 1181 5262 Παθητών
1217 5197 1314 5249 καὶ
1345 5194 1740 5263 μεταϐλητῶν.
1772 5194 1985 5251 Rectius
2006 5238 2018 5259 ,
2061 5205 2117 5247 ut
2148 5195 2229 5246 vi-

698 5264 867 5326 detur,
901 5280 1063 5333 quam
1100 5268 1235 5333 apud
1268 5264 1539 5318 Plutarch.
1574 5265 1677 5315 τῶν
1714 5265 2039 5334 παθημάτων
2071 5281 2231 5333 μετα-

698 5338 1254 5473 δαῖἔῗῖνλενέργειαν.
1286 5402 1631 5455 Plutarchum
1667 5411 1877 5455 secutus
1915 5418 2053 5467 sum,
2086 5400 2227 5468 apud

698 5472 852 5542 quem
881 5472 1077 5542 editum
1110 5480 1189 5521 est
1218 5472 1514 5542 ἐνάργειαν.

769 5541 872 5609 (54)
898 5538 1199 5611 Σκίδνησι,
1231 5537 1326 5611 καῖ
1355 5537 1535 5611 πάλιν
1567 5537 1826 5611 συνάγει.
1856 5538 2060 5593 Clarius
2093 5540 2229 5611 lege-

700 5608 1162 5665 ιιοιιινσκίδναται,
1198 5608 1287 5658 καὶ
1312 5610 1467 5659 πάλιν
1493 5610 1793 5675 συνάγεται.

769 5676 875 5745 (55)
918 5677 1065 5742 Ἀέρι
1096 5676 1345 5743 γένεσις.
1390 5676 1643 5731 Librariis
1679 5676 1989 5731 Eusebianis
2022 5679 2231 5731 excide-

699 5755 823 5799 runt
852 5760 970 5812 qua:
1002 5756 1322 5810 seauuntur,
1351 5748 1442 5798 καὶ
1484 5746 1638 5815 ἀέρος
1680 5745 1917 5811 θάνατος,
1948 5746 2093 5799 ὕδατι
2139 5747 2228 5814 γέ-

698 5829 858 5876 νιοις.

2353 2298 2463 2349 σμα
2498 2281 2721 2349 παρέχει
2750 2280 2839 2330 καὶ
2871 2279 3084 2349 δόκησιν
3115 2280 3355 2349 ἀμυδρὰν
3403 2280 3495 2331 καὶ
3534 2280 3783 2333 ἀϐέϐαιον
3808 2286 3900 2335 αὑ-

2349 2372 2461 2441 τῆς.
2498 2372 2593 2423 "Av
2617 2371 2670 2422 δὲ
2693 2370 2789 2439 τὴν
2819 2370 3051 2431 διάνοιαν
3074 2371 3336 2443 ἀπερείσῃ
3360 2387 3460 2432 τις,
3487 2370 3739 2423 λαϐέσθαι
3781 2371 3899 2441 βου-

2348 2463 2585 2531 λόμενος,
2616 2460 2800 2531 ὥσπερ
2827 2464 2858 2531 ή
2889 2460 3084 2530 σφόδρα
3107 2462 3412 2531 περίδραξις
3440 2462 3645 2523 ὓδατος,
3668 2462 3746 2531 τῷ
3778 2465 3895 2516 ττιέ⁹

2349 2552 2457 2614 ζειν
2490 2552 2580 2603 καὶ
2606 2553 2682 2613 είς
2713 2550 2873 2603 ταυτὸ
2896 2550 3159 2618 συνάγειν,
3183 2549 3424 2618 διαρρέον
3446 2550 3702 2603 ἀπόλλυσι
3720 2552 3783 2602 τὸ
3806 2569 3894 2603 πε-

2348 2640 2801 2711 ριλαμϐανόμενον
2821 2657 2834 2669 ο
2862 2640 3002 2693 οὓτω
3030 2640 3135 2692 τῶν
3151 2640 3403 2709 παθητῶν
3424 2641 3516 2693 καὶ
3548 2626 3893 2711 μεέαϐλητῶν

2347 2730 2457 2799 (52)
2489 2732 2714 2783 ἕκαστον
2730 2732 2839 2799 τὴν
2865 2731 2999 2798 ἀγαν
3026 2730 3297 2800 ἐνέργειαν
3322 2730 3484 2800 (53).ό
3508 2730 3658 2796 λόγος
3686 2729 3890 2783 διώκων

2348 2822 2763 2890 ἀποσφάλλεται,
2796 2824 2859 2890 τῇ
2894 2822 2989 2891 μὲν
3019 2824 3095 2882 εἰς
3127 2822 3186 2872 τὸ
3217 2821 3490 2889 γινόμενον
3522 2820 3708 2881 αὑτοῦ,
3734 2825 3797 2889 cf,
3834 2823 3886 2874 δὲ

2346 2913 2423 2972 είς
2461 2912 2522 2962 τὸ
2553 2911 2915 2982 φθειρόμενον,
2966 2911 3173 2972 οὐδενὸς
3202 2909 3453 2963 λαϐέσθαι
3484 2911 3747 2980 μένοντος,
3771 2912 3881 2964 οὐδὲ

2344 2999 2491 3061 ὄντος
2530 3000 2711 3061 ὅντως,
2743 3000 3046 3068 δυνάμενος.
3084 2999 3314 3070 Ποταμῷ
3340 3001 3445 3071 γὰρ
3475 3004 3573 3054 οὐκ
3617 3004 3760 3055 ἔστιν
3789 3007 3881 3073 ἑμ-

2344 3089 2500 3158 ϐῆναι
2544 3091 2623 3153 δὶς
2653 3092 2727 3160 τῷ
2770 3090 2915 3160 αὑτῷ
2960 3090 3077 3142 καθ’
3115 3091 3475 3161 Ἡράκλειτον,
3526 3092 3645 3144 οὐδὲ
3694 3094 3883 3162 θνητῆς

2342 3181 2523 3242 οὐσίας
2546 3181 2626 3243 δὶς
2653 3181 2887 3249 ἅψασθαι
2912 3181 3050 3232 κατά
3084 3180 3215 3246 ἴξιν,
3247 3182 3358 3231 ἀλλ’
3390 3180 3603 3250 ὀξύτητι
3653 3185 3743 3234 καὶ
3798 3185 3883 3235 τά-

2344 3289 2425 3339 χει
2456 3272 2751 3339 μεταϐολῆς
2779 3271 3016 3339 σκίδνησι
3053 3271 3145 3323 καὶ
3172 3270 3328 3324 πάλιν
3359 3272 3575 3338 συνάγει
3763 3275 3883 3343 μᾶλ·

2343 3359 2428 3411 λον
2448 3361 2501 3411 δὲ
2524 3360 2649 3411 οὐδὲ
2669 3360 2853 3421 πάλιν,
2883 3360 3002 3411 οὐδὲ
3027 3357 3267 3430 ὕστερον,
3296 3360 3407 3412 ἀλλ’
3440 3360 3551 3430 ἅμα
3579 3364 3881 3417 συνίσταται

2342 3452 2431 3501 καὶ
2456 3450 2753 3513 ἀπολείπει,
2789 3450 2880 3501 καὶ
2912 3450 3152 3520 πρόσεισι
3187 3453 3278 3504 καὶ
3309 3453 3541 3505 ἄπεισιν.
3581 3454 3736 3505 Ὀθεν
3764 3456 3884 3507 οὐδὲ

2340 3540 2417 3598 είς
2446 3539 2504 3589 τὸ
2545 3534 2678 3611 εἶναι
2717 3537 2956 3607 περαίνει
2990 3537 3049 3589 τὸ
3087 3538 3364 3608 γινόμενον
3390 3541 3573 3609 αὐτῆς,
3598 3541 3676 3611 τῷ
3724 3543 3881 3612 μηδέο

2340 3644 2467 3679 ποτε
2512 3627 2693 3696 λήγειν
2743 3628 2863 3697 μηδ’
2915 3628 3157 3681 ἵστασθαι
3195 3630 3292 3699 τὴν
3332 3632 3571 3697 γένεσιν·
3616 3633 3733 3684 ἀλλ’
3777 3635 3883 3685 ἀπο

2341 3715 2648 3783 σπέρματος
2666 3716 2749 3767 ἀεὶ
2779 3714 3226 3785 μεταϐάλλουσαν,
3249 3715 3478 3784 ἔμϐρυον
3501 3719 3742 3785 ἐμποιεῖν
3764 3714 3878 3770 εἶτα

2342 3805 2524 3865 παῖδα,
2563 3805 2835 3873 μειράκιον
2864 3804 3087 3873 ἐφεξῆς,
3108 3804 3401 3869 νεανίσκον,
3428 3807 3613 3874 ἄνδρα,
3645 3810 3879 3877 πρεσϐύ-

2337 3914 2454 3966 την,
2496 3898 2738 3965 γέροντα,
2777 3897 2870 3959 τὰς
2908 3896 3121 3967 πρώτας
3162 3897 3482 3966 φθείρουσαν
3522 3900 3760 3965 γενέσεις
3788 3906 3878 3954 καὶ

2338 3989 2546 4058 ήλικίας
2572 3992 2688 4050 ταῖς
2724 3988 3138 4057 ἐπιγινομέναις.
3186 3988 3320 4040 Ἀλλ’
3350 3990 3509 4057 ἡμεῖς
3548 3990 3641 4041 ἕνα
3686 3991 3875 4057 φοϐού-

2341 4076 2476 4144 μεθα
2512 4076 2729 4142 γελοίως
2780 4076 3019 4139 θάνατον,
3066 4075 3287 4137 πολλοὺς
3324 4077 3742 4145 ἀποτεθνηκότες
3774 4081 3871 4149 ἤδη

2336 4166 2669 4235 θνήσκοντες.
2718 4165 2790 4216 Οὐ
2834 4165 2939 4235 γὰρ
2989 4166 3161 4233 μόνον,
3206 4165 3277 4227 ὡς
3320 4167 3662 4233 Ἡράκλειτος
3704 4170 3870 4238 ἔλεγε,

2337 4258 2500 4322 πυρὸς
2529 4256 2769 4317 θάνατος,
2810 4255 2928 4325 ἀέρι
2960 4256 3165 4322 γένεσις
3195 4254 3326 4324 (55),
3363 4255 3473 4306 ἀλλ’
3504 4256 3613 4308 ἔστι
3643 4258 3749 4326 (56)
3784 4277 3869 4310 σα-

2335 4346 2587 4413 φέστερον
2617 4346 2699 4395 ἐπ’
2731 4344 2904 4396 αὐτῶν
2929 4342 3102 4412 ήμῶν.
3132 4342 3409 4413 Φθείρεται
3437 4346 3534 4413 μὲν
3562 4348 3590 4397 6
3615 4348 3866 4416 ἀκμάζων

2334 4436 2613 4503 γενομένου
2646 4434 2910 4507 γέροντος,
2942 4433 3143 4503 ἐφθάρη
3170 4434 3227 4486 δὲ
3256 4436 3285 4486 6
3316 4436 3431 4498 νέος
3459 4439 3537 4498 είς
3568 4440 3655 4489 τὸν
3705 4440 3872 4507 ἀκμά-

2334 4524 2509 4587 ζοντα,
2543 4524 2631 4576 καὶ
2664 4526 2691 4575 6
2724 4506 2847 4585 παῖς
2879 4526 2957 4585 εἰς
2989 4524 3075 4574 τὸν
3106 4524 3243 4587 νέον,
3285 4528 3361 4587 είς
3399 4526 3454 4577 δὲ
3503 4526 3591 4577 τὸν
3623 4506 3791 4579 παῖδα
3815 4530 3870 4581 τὸ

2332 4618 2535 4682 νήπιον,
2565 4618 2591 4665 6
2614 4614 2667 4666 δὲ
2703 4613 2823 4681 χθὲς
2853 4615 2929 4674 εἰς
2961 4613 3047 4665 τὸν
3082 4617 3315 4684 σήμερον
3341 4614 3613 4684 τέθνηκεν,
3640 4620 3667 4669 6
3690 4618 3745 4670 δὲ
3776 4620 3868 4689 σή-

2336 4722 2515 4773 μερον,
2552 4706 2628 4766 είς
2664 4704 2751 4755 τὸν
2780 4702 2985 4773 αὔριον.
3030 4704 3192 4757 Μένει
3217 4704 3273 4755 δὲ
3304 4705 3421 4756 οὐδὲ
3455 4702 3551 4771 εἷς,
3580 4708 3695 4760 οὑδὲ
3724 4710 3869 4761 ἐστιν

2332 4790 2428 4855 εἷς,
2455 4794 2585 4846 ἀλλά
2630 4792 2883 4861 γινόμεθα
2914 4794 3111 4855 πολλοὶ,
3136 4796 3260 4862 περὶ
3291 4795 3346 4845 έν
3372 4812 3421 4846 τι
3464 4798 3749 4866 φάντασμα
3781 4801 3868 4851 καὶ

2334 4886 2504 4937 κοινὸν
2528 4885 2811 4953 ἐκμαγεῖον
2835 4885 2941 4954 (57)
2973 4884 3100 4951 ὕλης
3128 4884 3627 4955 περιελαυνομένης,
3653 4889 3743 4941 καὶ
3771 4890 3866 4942 61t-

2404 5056 2513 5128 (σε)
2538 5057 2722 5128 λΑλλῘ
2744 5059 2893 5128 ἐστι,
2922 5064 3022 5109 etc.
3062 5055 3338 5128 Plutarch.
3360 5058 3472 5110 ἀλλ’
3502 5059 3580 5111 ἔτι
3614 5077 3737 5128 σαφ.
3781 5063 3863 5114 ἐπ’

2334 5126 2507 5201 αρτίρν
2537 5126 2661 5201 ίζδοις
2825 5126 2960 5201 Lege
2996 5140 3142 5194 ergo,
3175 5127 3287 5178 ἀλλ’
3315 5127 3394 5178 ἔτι
3426 5126 3751 5201 σαφέστερον
3778 5133 3862 5185 ἐπ’

2335 5194 2506 5245 αὐτῶν
2532 5196 2681 5263 ἡμῶν
2711 5196 2834 5255 ἴδοις
2861 5195 2941 5245 ἄν.

2404 5263 2512 5330 (57)
2546 5265 2757 5314 Homer
2802 5262 3123 5331 ἐκμαγεῖον.
3170 5264 3405 5331 Corpus,
3455 5275 3549 5319 aut
3595 5268 3860 5322 hominem

2337 5331 2530 5413 ipsum,
2556 5342 2719 5413 .certa
2758 5333 3201 5413 quadam-specie
3244 5334 3519 5413 ﬁguraque
3555 5338 3857 5413 praditum,

2335 5402 2505 5451 κοινὸν
2552 5402 2835 5468 ἐκμαγεῖον
2868 5410 3019 5453 vocat
3055 5418 3069 5451 :
3103 5404 3318 5454 materia
3366 5402 3506 5456 enim
3554 5402 3672 5457 licet
3721 5407 3857 5457 assi-

2333 5472 2466 5521 duas
2510 5484 2614 5520 nuo
2670 5471 2719 5519 in
2772 5484 2991 5537 corpore
3042 5472 3359 5524 mutatiOnes
3412 5474 3619 5532 eﬂiciat.
3668 5488 3857 5539 corpus

2333 5548 2505 5609 tamen
2534 5550 2721 5609 unum,
2753 5539 2905 5604 quasi
2936 5553 3215 5609 commune
3254 5540 3522 5609 quoddam
3571 5545 3852 5608 exemplar,

2330 5606 2468 5674 quod
2504 5606 2798 5659 adulterare
2844 5609 2913 5661 sit
2958 5606 3126 5671 nefas,
3159 5606 3411 5662 intuetur.
3462 5611 3533 5662 De
3579 5609 3671 5662 alia
3708 5606 3854 5664 vocs

2331 5676 2490 5742 hujus
2521 5676 2843 5745 acceptione,
2895 5690 2997 5743 qua
3046 5690 3141 5743 pro
3184 5680 3565 5745 conceptaculo
3602 5682 3847 5739 sumitur,

2328 5741 2545 5796 consule
2572 5741 2842 5797 Petavium
2878 5741 3116 5797 nostrum
3158 5746 3211 5798 in
3242 5741 3367 5799 Not:
3416 5748 3481 5799 ad
3507 5748 3794 5800 orationem
3822 5748 3843 5798 l

2329 5814 2606 5865 'l‘hemistii
2630 5827 2751 5883 pag.
2786 5811 2905 5866 5l7.
2936 5810 3067 5870 Vide
3093 5816 3251 5869 etiam
3289 5813 3428 5870 infra
3457 5830 3573 5887 pag.
3603 5815 3724 5881 845,
3757 5815 3842 5870 ubi
