3994 6340
742 495 846 550 879

1383 487 1644 544 EUSEBII
1681 485 2144 543 CESARIENSIS
2183 484 2325 540 OPP.
2363 482 2536 537 PARS
2567 475 2629 534 ll.
2671 511 2738 521 --
2770 478 3255 534 APOLOGETICA.
3768 477 3847 536 888

740 612 865 667 dum
897 611 979 664 vel
1012 610 1234 674 instans,
1266 607 1350 661 vel
1390 623 1640 677 prmsens,
1689 608 1768 659 vel
1809 624 1949 660 nunc
1992 607 2218 660 dicimus
2240 646 2253 666 ,
2285 610 2317 665 Α

2285 610 2330 665 Α
2358 600 2762 671 παρῳχημένον,
2821 599 2935 651 οὐδὲ
2988 596 3363 668 πρεσϐύτερον,
3430 597 3543 649 οὐδὲ
3597 595 3844 668 νεώτερον·

734 701 913 756 soluta
940 701 1296 768 dissipataque
1317 698 1452 752 ratio
1481 696 1758 750 confestim
1792 697 2013 750 amittit:
2041 697 2258 765 perinde

741 793 885 846 enim
913 792 966 845 in
1015 790 1250 844 futurum
1284 805 1347 843 ac
1389 789 1713 857 prmteritum
1759 788 1889 840 elisa
1921 786 2255 851 distrahitur,

743 881 880 934 utin
921 880 1192 934 oculorum
1227 877 1391 932 mdiis
1426 893 1525 933 usu
1559 877 1721 938 venit,
1756 876 1800 928 si
1834 876 1954 942 quis
1983 875 2120 942 quod
2162 890 2255 926 sua

743 969 967 1038 quadam
1016 970 1331 1024 necessitate
1399 968 1722 1036 disjunctum
1785 975 1942 1032 atque
1990 965 2255 1018 divulsum

742 1069 843 1123 est,
877 1061 928 1113 id
959 1061 1118 1114 semel
1151 1059 1340 1112 intueri
1373 1059 1512 1111 velit.
1548 1056 1661 1110 Jam
1692 1057 1733 1110 si
1765 1056 1944 1108 eadem
1977 1056 2108 1122 ipsa,
2141 1069 2258 1121 quae

741 1149 966 1217 tempori
1020 1147 1250 1201 metienti
1295 1147 1632 1206 conveniunt,
1683 1160 1765 1206 ea,
1818 1158 1976 1211 quam
2023 1143 2254 1215 metitur,

742 1245 931 1291 natura
960 1237 1164 1299 subeat,
1191 1251 1257 1290 ne
1289 1236 1401 1303 ipsa
1431 1235 1642 1303 quidem
1673 1243 1762 1286 aut
1792 1242 1988 1293 manet,
2017 1241 2109 1284 aut
2138 1247 2258 1284 vere

743 1335 845 1388 est,
878 1326 968 1379 sed
1001 1333 1154 1393 prout
1196 1324 1419 1391 tempori
1455 1322 1830 1382 contribuitur,
1873 1321 1952 1371 vel
1996 1320 2255 1380 nascitur,

742 1416 1052 1469 vel-interit.
1088 1415 1262 1479 Quare
1296 1411 1426 1465 nihil
1473 1411 1750 1479 ejusmodi,
1799 1410 1937 1478 quod
1985 1425 2076 1476 per
2114 1419 2258 1468 erat,

743 1506 969 1566 velerit,
1016 1503 1360 1572 significetur,
1395 1501 1461 1554 de
1489 1514 1553 1552 eo
1593 1499 1732 1564 quod
1766 1506 1864 1563 est,
1908 1498 2011 1550 dici
2057 1507 2214 1565 queat
2243 1514 2254 1547 :

743 1609 865 1648 cum
901 1595 1003 1646 ista
1052 1591 1311 1661 ejusmodi
1361 1591 1458 1655 rei,
1502 1604 1620 1658 qua
1649 1604 1740 1657 per
1770 1603 1885 1642 sese
1935 1587 2159 1640 ﬁrmiter
2208 1598 2260 1639 et

2356 692 2467 744 ἀλλ’
2501 686 2579 753 εἷς
2620 689 2712 750 ὢν,
2753 691 2830 741 ἐνὶ
2871 689 2944 757 τῷ
2976 681 3067 740 νῦν
3091 689 3148 740 τὸ
3177 689 3258 739 ἀεὶ⁵
3287 689 3599 758 πεπλήρωκε
3627 705 3642 717 ⁸
3669 689 3752 739 καὶ
3781 690 3852 756 μδ-

2357 799 2441 833 νον
2473 780 2585 832 ἐστὶ
2622 780 2681 830 τὸ
2719 781 2835 830 κατ’
2881 779 3006 830 αὐτὸ
3043 779 3150 844 (Ἠ)
3181 778 3342 840 ὅντως
3380 777 3457 835 δν,
3491 777 3602 829 οὐδὲ
3652 779 3851 844 γεγονὸς,

2358 871 2474 922 οὐδὲ
2527 870 2795 938 ἐσόμενον,
2841 869 2958 920 οὐδὲ
3003 868 3316 937 ἀρξάμενον,
3366 867 3483 918 οὐδὲ
3535 869 3851 936 παυσόμενον.

2358 958 2536 1018 Οὕτως
2563 952 2652 1008 οὖν
2679 956 2804 1007 αὐτὸ
2825 955 2902 1006 δεῖ
2924 956 3235 1024 σεϐομένους
3257 956 3586 1018 ἀσπάζεσθαι
3611 956 3700 1006 καὶ
3723 973 3853 1024 προσ-

2362 1046 2655 1116 αγορεύειν,
2685 1046 2716 1115 ἦ
2747 1048 2835 1098 καὶ
2865 1046 2928 1113 νὴ
2954 1045 3047 1109 Δί’,
3076 1045 3147 1107 ὡς
3172 1045 3294 1096 ἔνιοι
3317 1046 3419 1097 τῶν
3444 1046 3695 1107 παλαιῶν,
3721 1043 3775 1098 Εἴ
3793 1049 3851 1099 ἓν.

2364 1139 2436 1190 Οὐ
2486 1139 2590 1207 γὰρ
2623 1137 2785 1189 πολλὰ
2811 1137 2869 1186 τὸ
2897 1137 3044 1189 Θείόν
3069 1139 3082 1186 .'
3110 1155 3229 1198 .‘ctv,
3264 1138 3335 1198 ὡς
3366 1137 3517 1204 ἡμῶν
3557 1127 3783 1201 ἕκαστος,
3809 1141 3854 1188 ἐκ

2366 1228 2568 1296 μυρίων
2587 1227 2843 1297 διαφορῶν
2864 1227 3124 1295 ἐμπάθεσι
3144 1244 3168 1270 a
3187 1229 3471 1295 γινομένων
3490 1227 3744 1299 ἄθροισμα
3763 1247 3849 1280 παν

2361 1323 2599 1382 τοδαπὸν,
2627 1324 2716 1373 καὶ
2747 1322 3101 1390 πανηγυρικὸν
3128 1322 3154 1360 b
3187 1323 3527 1391 μεμιγμένον.
3573 1323 3698 1374 Ἀλλ’
3723 1323 3770 1372 ἓν
3803 1318 3858 1372 εἷ-

2365 1431 2447 1464 ναι
2487 1411 2561 1463 δεί¹
2605 1412 2662 1463 τὸ
2710 1411 2787 1476 ὃν,
2833 1411 3015 1480 ὥσπερ
3043 1410 3099 1463 ὃν
3138 1410 3194 1462 τὸ
3221 1411 3276 1462 ἓν
3299 1429 3309 1439 ·
3339 1415 3369 1480 ή
3399 1412 3451 1463 δὲ
3484 1411 3740 1480 ἑτερότης,
3769 1412 3836 1464 δια

2365 1501 2500 1571 φορὰ
2532 1501 2622 1552 τοῦ
2670 1502 2836 1564 ὄντος,
2884 1502 3202 1568 εἱςγένεσιν
3246 1501 3512 1565 ἐξίσταται
3557 1500 3648 1552 τοῦ
3687 1501 3752 1569 μὴ
3791 1501 3835 1551 ὸν

2361 1608 2469 1652 τος.
2512 1610 2528 1640 ι

744 1696 1047 1740 constanter
1095 1701 1210 1739 esse
1259 1700 1361 1737 non
1432 1691 1625 1752 potest,
1691 1682 2060 1734 inclinationes
2101 1681 2341 1748 quaedam
2381 1698 2471 1735 seu
2523 1673 2858 1750 trajectiones
2906 1685 3332 1753 deflexionesque
3380 1687 3504 1738 sint.
3550 1686 3616 1737 At
3667 1700 3776 1737 vero
3804 1687 3856 1736 ita

746 1775 900 1843 plane
960 1772 1299 1840 loquendum,
1369 1769 1506 1823 Deus
1549 1777 1650 1830 est,
1683 1783 1778 1820 nec
1819 1779 1990 1820 tamen
2036 1769 2148 1834 ipse
2195 1778 2428 1836 tempore
2487 1771 2596 1822 ullo
2650 1781 2748 1836 est,
2793 1773 2882 1825 sed
2936 1775 3227 1827 aeternitate
3271 1774 3556 1835 duntaxat,
3604 1789 3716 1838 qua:
3741 1786 3856 1825 motu

745 1868 890 1920 omni
917 1868 1165 1934 omnique
1189 1873 1422 1932 tempore
1449 1862 1605 1915 simul
1653 1869 1706 1914 et
1736 1861 2074 1914 inclinatione
2123 1871 2265 1915 caret
2302 1869 2512 1930 :‘cmus
2545 1879 2642 1917 nec
2692 1865 2838 1932 prius
2869 1866 3155 1934 quidquam
3189 1875 3288 1931 est,
3335 1881 3432 1919 nec
3471 1867 3748 1934 quidquam
3785 1881 3858 1931 pov

747 1963 958 2029 sterius,
989 1960 1223 2014 futurum
1254 1957 1405 2020 nihil,
1447 1957 1576 2008 nihil
1607 1959 1964 2024 praeteritum,
2007 1957 2265 2009 vetustius
2305 1958 2458 2020 nihil,
2500 1957 2737 2025 nihilque
2783 1959 3065 2012 recentius.
3129 1959 3230 2012 Sed
3270 1959 3357 2027 qui
3423 1975 3561 2011 unus
3605 1968 3701 2016 est.
3748 1957 3856 2008 idem

747 2065 854 2102 uno
900 2050 1057 2101 etiam
1116 2061 1275 2108 nunc,
1322 2042 1629 2110 sempiterni
1678 2043 2006 2094 durationem
2061 2042 2239 2109 implet
2282 2059 2293 2092 :
2336 2043 2573 2110 adeoque
2619 2045 2746 2096 illud
2796 2061 2958 2098 unum
2998 2055 3098 2108 est,
3140 2047 3279 2114 quod
3328 2061 3449 2100 vere
3493 2062 3588 2113 per
3646 2061 3751 2099 sese
3777 2054 3856 2106 est,

748 2154 854 2193 non
886 2146 1059 2191 autem
1117 2143 1208 2187 aut
1242 2131 1375 2196 fuit,
1436 2141 1524 2184 aut
1585 2130 1820 2183 futurum
1876 2140 1989 2193 est;
2031 2132 2476 2197 quemadmodum
2508 2149 2603 2186 nec
2637 2135 2923 2202 aliquando
2971 2137 3150 2204 cmpit,
3197 2151 3294 2190 nec
3337 2153 3569 2205 unquam
3604 2139 3856 2190 desiturum

747 2238 848 2284 est.
881 2228 971 2281 Sic
995 2227 1151 2296 igitur
1175 2225 1310 2279 idem
1366 2225 1538 2293 ipsum
1591 2222 1909 2288 venerando,
1961 2223 2190 2277 salutare
2220 2240 2337 2289 nos,
2376 2234 2427 2279 et
2458 2228 2721 2295 appellare
2752 2229 2922 2293 decet,
2971 2239 3062 2282 aut
3102 2229 3284 2283 saltem
3307 2270 3323 2293 ,
3357 2230 3441 2283 his
3486 2231 3686 2294 verbis,
3723 2230 3859 2283 Umtr.

749 2334 848 2382 ea,
898 2319 950 2370 id
989 2316 1129 2384 quod
1176 2315 1472 2383 priscorum
1522 2313 1761 2367 nonnulli
1815 2311 2142 2366 factitabant.
2200 2312 2305 2368 Nec
2340 2317 2478 2369 enim
2536 2318 2688 2386 plura
2735 2318 2871 2373 Deus
2918 2329 3027 2382 est,
3070 2322 3144 2374 uti
3205 2329 3444 2374 nostrum
3509 2321 3749 2389 quilibet,
3784 2310 3858 2387 qui

749 2408 1023 2478 congeries
1071 2406 1307 2475 quaedam
1373 2418 1581 2466 sumus,
1641 2418 1705 2455 ex
1759 2403 1903 2454 omni
1956 2412 2324 2457 sexcentarum
2363 2408 2678 2460 varietatum
2732 2408 2959 2462 diversis
3024 2426 3088 2464 ex
3139 2412 3350 2466 casibus
3408 2412 3857 2479 mutationibusque

749 2503 1080 2558 nascentium
1130 2513 1338 2570 genere,
1376 2506 1429 2550 et
1459 2495 1685 2566 quadam
1723 2495 1879 2547 veluti
1915 2497 2256 2550 universitate
2292 2498 2513 2552 conflata
2575 2512 2735 2570 atque
2784 2503 3054 2570 permista.
3115 2502 3216 2556 Sed
3254 2519 3420 2557 unum
3473 2514 3677 2572 oportet
3703 2504 3856 2557 idesse

751 2594 893 2663 quod
920 2603 1018 2657 est,
1049 2607 1109 2644 ac
1140 2589 1372 2644 vicissim
1443 2587 1492 2640 id
1547 2602 1668 2640 esse
1715 2587 1855 2648 quod
1890 2603 2050 2640 unum
2085 2598 2184 2643 est.
2217 2588 2348 2642 Nam
2387 2592 2608 2645 alterum
2648 2593 2772 2660 quid
2816 2593 2860 2646 si
2904 2593 3134 2659 additur,
3178 2595 3306 2647 illttd
3341 2609 3466 2647 sane
3503 2603 3744 2662 tanquam
3769 2594 3860 2661 ejus

750 2687 890 2757 quod
936 2696 1034 2751 est,
1089 2683 1402 2744 differentia,
1449 2681 1511 2734 ad
1559 2682 1673 2746 ejus
1717 2681 1856 2750 quod
1889 2682 2088 2735 nullum
2137 2691 2236 2748 est,
2278 2689 2691 2751 procreationem
2732 2688 2977 2742 declinat.
3011 2709 3027 2739 ι
3063 2687 3326 2742 Hactenus
3356 2687 3670 2742 Plutarchus

1326 2772 1547 2826 CAPUT
1579 2772 1689 2826 xu.
2303 2791 2344 2841 Β
2877 2783 2903 2834 ις

2303 2791 2344 2841 Β
2877 2783 3260 2835 ΚΕΦΑΛΑΙΟΝ
3301 2783 3397 2834 lB'.

1029 2865 1185 2918 Deum
1216 2861 1376 2917 verbis
1407 2861 1658 2929 explicari
1692 2878 1793 2914 non
1833 2879 2001 2930 posse.

1906 2879 2001 2916 sse.
2793 2873 2903 2923 Ὅτι
2926 2873 3176 2939 ᾶρρητον
3208 2871 3269 2924 τὸ
3303 2873 3483 2924 Θεῖον.

826 2956 1080 3011 Similiter
1115 2970 1235 3008 cum
1276 2952 1483 3022 Moyses
1529 2967 1588 3005 ac
1629 2952 1896 3020 propheta:
1936 2951 2274 3007 Hebraeorum

2443 2958 2676 3019 Μωσέως
2718 2962 2808 3011 καὶ
2837 2961 2943 3012 τῶν
2972 2964 3094 3031 παρ’
3131 2962 3392 3032 Ἑϐραίοις
3433 2962 3712 3032 προφητῶν
3735 2962 3859 3014 ἁπάν-

757 3048 1013 3112 universi,
1048 3053 1290 3098 naturam
1338 3041 1494 3112 530
1536 3041 1765 3095 divinam
1808 3043 1982 3096 verbis
2026 3044 2276 3111 explicari

2375 3063 2478 3096 των
2511 3047 2737 3117 ἄρρητον
2766 3046 2898 3100 εἶναι
2927 3050 2985 3102 τὸ
3016 3051 3165 3103 Θεῖον
3186 3050 3550 3123 διδασκόντων,
3581 3052 3667 3101 καὶ
3693 3052 3776 3119 τῆς
3795 3052 3862 3118 ἀρ-

757 3155 862 3195 non
886 3153 1042 3209 posse
1065 3139 1310 3200 doceant,
1329 3138 1549 3206 ejusque
1571 3134 1825 3188 reconditi
1852 3135 2081 3188 nominis
2100 3151 2280 3202 quam-

2380 3137 2542 3204 ῥήτου
2579 3140 2938 3209 προσηγορίας
2967 3140 3027 3192 τὸ
3051 3140 3307 3208 σύμϐολον
3334 3140 3420 3192 διὰ
3444 3140 3542 3207 τῆς
3575 3142 3694 3210 παρ’
3720 3141 3861 3198 αὐτοῖς

757 3233 880 3286 dam
907 3230 1068 3284 veluti
1099 3241 1304 3292 notam,
1340 3226 1619 3296 singulari,
1655 3239 1813 3292 quam
1853 3223 2063 3299 ipsimet
2092 3224 2280 3277 efferre

2378 3227 2747 3297 ἀνεκφωνήτου
2781 3229 3118 3298 σημειώσεως
3143 3230 3553 3297 ὑποφαινόντων,
3583 3230 3771 3291 τούτοις
3795 3231 3863 3280 καὶ

760 3338 868 3378 ιιοιι
919 3321 1159 3393 possint,
1214 3319 1599 3392 elementorum
1658 3313 2033 3368 informatione
2087 3330 2281 3384 reprae-

2378 3319 2405 3368 ὸ
2438 3317 2654 3370 Πλάτων
2687 3320 2980 3388 συμφώνως
3023 3321 3199 3381 αὐτοῖς
3233 3322 3462 3390 ῥήμασιν
3497 3323 3552 3372 ἐν
3594 3325 3656 3390 τῇ
3697 3319 3864 3389 μεγάλῃ

763 3419 994 3474 sentent,
1038 3408 1235 3461 videsis
1269 3421 1431 3474 quam
1487 3406 1620 3458 belle
1652 3403 1801 3456 Plato
1831 3419 1950 3457 cum
2003 3404 2186 3457 iisdem
2228 3405 2279 3456 in

2381 3408 2623 3477 ἐπιστολῇ
2661 3405 2746 3460 οἷά
2793 3425 2951 3477 φησιν
2992 3412 3180 3463 ἄκουεο
3232 3428 3250 3458 ι
3296 3411 3476 3480 Ῥητὸν
3521 3411 3624 3478 γὰρ
3665 3408 3864 3477 οὐδαμὰ

762 3516 951 3568 magna
991 3501 1080 3552 illa
1104 3498 1327 3566 epistola
1375 3497 1694 3555 consentiat,
1729 3494 1853 3548 dum
1901 3495 1971 3547 ita
2004 3495 2276 3562 loquitur:

2383 3497 2544 3557 ἐστιν,
2570 3498 2640 3560 ὠς
2673 3496 2802 3550 ἄλλα
2850 3499 3156 3568 μαθήματα,
3181 3499 3290 3550 ἀλλ’
3315 3502 3378 3552 ὲκ
3411 3499 3600 3569 πολλῆς
3634 3498 3865 3558 συνουσίας

769 3611 788 3641 ι
829 3589 937 3645 Nec
964 3589 1126 3651 enim,
1173 3586 1365 3655 inquit,
1414 3587 1489 3637 uti
1525 3586 1729 3651 reliqua
1769 3584 2169 3650 disciplinarum
2202 3597 2284 3650 ge-

2381 3586 2658 3655 γινομένης
2691 3591 2815 3658 περὶ
2835 3590 2893 3641 τὸ
2914 3592 3135 3658 πρᾶγμα
3160 3590 3304 3652 αὐτὸ,
3328 3591 3420 3641 καὶ
3445 3589 3536 3641 τοῦ
3566 3587 3738 3657 συζῆν,
3763 3587 3866 3651 tiae

767 3693 894 3731 nera
941 3677 1131 3740 solent,
1176 3675 1279 3728 ulla
1316 3673 1524 3742 penitus
1565 3671 1788 3739 exprimi
1809 3665 2086 3724 verborum
2117 3671 2282 3738 signi-

2385 3692 2517 3744 φνης
2547 3673 2653 3727 οἷον
2682 3679 2787 3729 ἀπὸ
2831 3680 3002 3749 πυρὸς
3048 3679 3376 3748 πηδήσαντος
3424 3678 3645 3747 ἐξαφθὲν
3684 3678 3783 3745 φῶς
3817 3676 3863 3744 τῗι

767 3767 1013 3820 ﬁcatione
1041 3775 1247 3835 potest:
1295 3764 1382 3818 sed
1419 3773 1642 3828 tantum,
1680 3772 1798 3831 post
1831 3763 2037 3829 longam
2067 3776 2185 3813 cum
2222 3775 2284 3813 eo

2383 3766 2523 3834 ψυχῇ
2553 3769 2850 3836 γενόμενον,
2884 3771 3010 3822 αὐτὸ
3047 3771 3202 3823 ἑαυτὸ
3236 3770 3329 3841 ήδη
3357 3770 3558 3840 τρέφει.
3599 3788 3618 3820 ι
3660 3770 3756 3821 Καὶ
3780 3768 3866 3820 τάδε

767 3859 888 3912 vita:
921 3855 1376 3916 consuetudinem,
1433 3862 1645 3922 repente
1697 3854 1874 3906 lumen
1927 3851 2159 3919 aliquod,
2210 3851 2287 3903 sic

2385 3855 2438 3906 δὲ
2502 3857 2590 3907 τοῦ
2658 3859 2829 3924 φωτὸς
2896 3860 2954 3912 τὸ
3026 3862 3362 3931 παράδειγμα
3395 3858 3695 3929 ,προλαϐὼν
3749 3857 3869 3916 ἄλλος

766 3959 1020 4017 tanquam
1046 3946 1323 4000 exsiliente
1369 3947 1487 4013 igne
1518 3959 1854 4008 succensum,
1897 3943 1987 3995 ubi
2025 3942 2185 3995 semel
2233 3942 2284 3993 in

2397 3944 2654 4014 Ἐϐραίων
2707 3952 2982 4020 προφήτης
3041 3952 3371 4020 παρέστησεν
3422 3948 3584 4000 εἰπών
3622 3967 3634 3978 ο
3694 3968 3710 3998 ι
3749 3948 3869 3998 Ἐσηε

769 4037 1003 4093 animum
1059 4037 1263 4097 incidit,
1312 4035 1534 4102 se'ipso
1578 4035 1828 4100 deinceps
1875 4032 2033 4084 alitur
2093 4038 2146 4082 et
2190 4031 2288 4098 gli-
2323 4102 2346 4109 _

2323 4102 2352 4109 _
2392 4037 2588 4106 μειώθη
2632 4040 2711 4105 ἐφ’
2753 4042 2895 4109 ἡμᾶς
2933 4042 2991 4093 τὸ
3038 4042 3149 4108 φῶς
3192 4041 3281 4092 τοῦ
3331 4041 3612 4108 προσώπου
3663 4035 3871 4101 manlii-

773 4131 889 4183 scit.
938 4146 956 4177 ι
1013 4127 1184 4196 Atque
1226 4125 1364 4178 hanc
1403 4125 1559 4177 etiam
1603 4123 1819 4175 luminis
1863 4120 2285 4183 similitudinem,
2314 4102 2350 4156 (ἶ

2314 4102 2355 4156 C
2392 4102 2470 4193 ριε
2493 4143 2504 4154 ·
2540 4145 2556 4175 ι
2579 4102 2693 4180 ἰκαζι
2718 4102 3079 4192 ἄλλοςῗπάλιν·
3171 4132 3256 4183 Ἐν
3298 4102 3534 4201 τῷπφωτί
3562 4148 3652 4183 σου
3678 4125 3871 4197 ὀψόμεθα

775 4217 911 4269 alius
933 4214 1273 4269 Hebraorum
1306 4212 1682 4281 prephetarum
1716 4225 1822 4263 non
1851 4223 2007 4262 nemo
2033 4209 2139 4278 jam
2169 4219 2289 4262 ante
2393 4216 2524 4281 φῶς.
2569 4240 2588 4272 ι

776 4315 1143 4374 occupaverat,
1187 4307 1271 4360 his
1308 4307 1504 4369 verbis,
1537 4324 1554 4356 ι
1595 4303 1866 4374 Signatum
1910 4311 1991 4356 est
2050 4319 2208 4372 super
2249 4319 2346 4359 nos
2383 4308 2559 4364 lumen
2620 4313 2792 4367 vultus
2831 4316 2926 4377 tui,
2973 4315 3190 4384 Domine
3213 4318 3254 4368 ⁸.
3293 4335 3310 4366 ι
3347 4317 3582 4385 Itemque
3610 4317 3753 4377 alius,
3779 4331 3794 4360 ‹
3830 4311 3872 4359 lu

776 4402 973 4456 lumine
997 4409 1106 4464 tuo,
1161 4400 1347 4469 inquit,
1401 4401 1695 4453 videbimus
1720 4399 1898 4451 lumen
1925 4397 1965 4450 ‘.
2001 4415 2019 4448 ›

1342 4491 1563 4545 CAPUT
1599 4490 1735 4543 Xlll.

1119 4583 1287 4637 Unum
1317 4601 1375 4637 ac
1418 4583 1583 4636 solum
1621 4598 1728 4635 esse
1765 4582 1949 4634 Deum.

847 4673 1131 4735 Praeterea,
1184 4689 1303 4727 cum
1360 4674 1424 4726 de
1489 4671 1722 4725 universi
1775 4671 2111 4722 moderatore
2155 4668 2297 4734 Deo,

780 4781 946 4821 unum
983 4762 1189 4833 Moyses
1238 4762 1399 4814 Deum
1443 4763 1589 4815 illum
1617 4775 1734 4814 esse
1780 4759 2118 4827 pronuntiet,
2174 4761 2297 4814 dum

783 4856 857 4909 ait
879 4855 922 4921 ',
971 4873 989 4904 ι
1021 4853 1180 4912 Audi,
1215 4852 1392 4914 Israel,
1439 4851 1695 4905 Dominus
1743 4848 1883 4902 Deus
1927 4858 2132 4912 noster,
2191 4848 2297 4903 Do-

784 4945 958 4997 minus
986 4959 1124 4997 unus
1151 4951 1251 5004 est,
1288 4961 1305 4992 ι
1333 4941 1483 4994 Plato
1513 4955 1700 4992 rursus
1730 4954 1849 4992 cum
1874 4952 1936 4991 eo
1960 4939 2299 5001 conveniens,

2298 4984 2299 4991 η
2403 4940 2570 5010 τούτῳ
2613 4941 2927 5009 συντρέχων,
2965 4941 3059 4993 ἕνα
3097 4941 3224 4993 Θεὸν
3263 4937 3414 5005 εἶναι,
3453 4941 3525 4999 ὡς
3571 4939 3660 4990 καὶ
3695 4933 3875 5003 οὐρανὸν

785 5034 865 5086 uti
904 5035 1092 5086 coelum
1126 5047 1313 5096 unum,
1364 5032 1436 5083 ita
1471 5028 1634 5081 Deum
1668 5044 1833 5082 unum
1866 5043 1983 5082 esse
2016 5027 2210 5081 docens
2249 5029 2298 5078 in

2297 5053 2298 5078 λ
2404 5029 2495 5082 ἕνα
2521 5031 2775 5090 διδάσκει,
2816 5024 2916 5081 ὧδὲ
2946 5047 3020 5098 πη
3058 5029 3222 5097 λέγων
3260 5031 3314 5082 ὲν
3357 5030 3588 5096 Τίμαιον
3636 5045 3654 5076 ι
3690 5025 3874 5093 Πότερον

791 5123 1015 5177 Timwo:
1047 5141 1063 5172 ι
1089 5122 1313 5176 Rectene
1345 5122 1523 5190 igitur,
1556 5119 1745 5190 inquit,
1774 5120 1964 5172 ccelum
1995 5134 2156 5172 unum
2186 5133 2302 5170 esse
2333 5108 2368 5160 Ι]

2300 5142 2302 5166 ε
2333 5108 2375 5160 Ι)
2402 5113 2491 5169 οὖν
2524 5118 2692 5187 ὀρθῶς
2719 5118 2811 5169 ’ἐνα
2838 5116 3058 5189 οὐρανὸν
3088 5120 3501 5190 προειρήκαμεν,
3529 5117 3562 5184 ἢ
3594 5115 3793 5174 πολλοὺς
3810 5109 3877 5162 καὶ

787 5222 942 5265 antea
977 5212 1275 5275 statuimus,
1325 5226 1390 5263 an
1420 5223 1544 5261 vero
1579 5207 1798 5267 multos,
1843 5209 2079 5276 adeoque
2128 5205 2302 5258 infini-

2300 5235 2302 5240 -
2405 5206 2653 5276 ἀπείρους
2681 5206 2855 5272 λέγειν
2881 5203 2946 5276 ἦν
2990 5208 3293 5278 ὀρθότερον;
3326 5209 3476 5270 Ἕνα,
3506 5205 3653 5274 εἴπερ
3681 5202 3799 5256 κατὰ
3834 5196 3877 5248 τὸ

790 5313 871 5354 tos
915 5299 1154 5368 posuisse
1190 5299 1513 5366 prmstabat?
1567 5294 1738 5349 Unum
1792 5297 2006 5363 utique,
2051 5296 2094 5348 si
2148 5294 2304 5347 modo

2298 5314 2304 5342 ι
2408 5295 2742 5363 παράδειγμα
2767 5294 3273 5366 δεδημιουργημένος
3301 5295 3466 5348 ἔσται.
3496 5295 3567 5347 Τὸ
3611 5294 3709 5361 γὰρ
3755 5304 3875 5354 περι·

791 5405 946 5444 suum
986 5390 1050 5443 ad
1099 5389 1364 5456 exemplar
1406 5386 1793 5441 conformatum
1844 5386 1971 5438 illud
2025 5393 2141 5437 esse
2179 5399 2304 5436 con-

2299 5413 2304 5421 ι
2407 5382 2522 5448 έχον
2554 5383 2725 5435 πάντα
2763 5384 2931 5437 ὁπόσα
2967 5386 3125 5453 νοητὰ
3164 5380 3294 5448 ζῶα,
3327 5385 3441 5454 μεθ’
3475 5383 3651 5453 ἐτέρου
3679 5379 3876 5445 δεύτερον

793 5482 1047 5533 cedimus.
1096 5477 1245 5542 Quod
1276 5493 1413 5529 enim
1445 5480 1739 5529 animantes
1780 5485 1968 5527 Omnes
2013 5474 2306 5540 intelligen-

2300 5502 2306 5510 -
2405 5473 2501 5523 οὐκ
2530 5474 2590 5524 ἄν
2620 5491 2743 5525 ποτε
2772 5475 2877 5541 εἴη.
2915 5494 2933 5524 ι
2967 5475 3127 5544 Δῆλος
3142 5471 3209 5527 ’δέ
3236 5477 3378 5528 ἐστιν
3405 5476 3496 5527 ἕνα
3522 5473 3646 5525 Θεὸν
3674 5467 3820 5530 εἰδὼς.
3844 5463 3877 5514 εί

863 5594 884 5624 ⁸
918 5593 1053 5647 Psal.
1095 5609 1167 5658 tv,
1208 5593 1257 5644 7.
1333 5592 1351 5621 ‘
1391 5590 1523 5642 Psal.
1565 5607 1714 5642 xxxv.
1764 5590 1845 5645 50.
1919 5588 1937 5616 "
1979 5586 2127 5640 Deut.
2167 5602 2239 5648 γι,
2274 5586 2309 5638 4

867 5719 892 5744 ι
922 5709 1000 5756 Pl.
1026 5707 1080 5757 ὲν
1109 5704 1320 5757 πάθεσι.
1396 5703 1423 5740 b
1456 5701 1540 5755 Pl.
1573 5697 1945 5766 πανηγυρικῶς

871 5791 978 5862 (τι)
1003 5797 1134 5848 Κατ’
1160 5796 1315 5850 αὑτό.
1359 5786 1424 5848 Et
1466 5792 1565 5848 hoc
1599 5791 1814 5853 rectius,
1857 5802 2016 5856 quam
2047 5795 2104 5841 ut
2145 5785 2282 5855 apud
2307 5783 2448 5838 Pluta

1398 5786 1424 5848 .t
1466 5792 1565 5848 hoc
1599 5791 1814 5853 rectius,
1857 5802 2016 5856 quam
2047 5795 2104 5841 ut
2145 5785 2282 5855 apud
2307 5782 2577 5838 Plutarch.
2609 5779 2744 5834 κατὰ
2773 5779 2975 5831 τοῦτον.

2899 4497 3278 4548 ΚΕΦΑΛΑΙΟΝ
3311 4497 3404 4549 II".

2777 4585 2892 4636 Ὅτι
2923 4585 3062 4649 Θεὸς
3085 4581 3169 4651 εἷς
3201 4588 3326 4639 ἐστι
3341 4589 3535 4654 μόνος.

2468 4672 2700 4733 Μωσέως
2741 4673 2866 4740 περι⁵
2905 4672 2996 4723 τοῦ
3032 4672 3135 4724 τῶν
3172 4673 3303 4724 ὅλων
3351 4672 3481 4724 Θεοῦ
3522 4675 3786 4742 φήσαντος,
3813 4668 3874 4719 ὅτι

2402 4761 2528 4824 Θεὸς
2574 4756 2656 4825 εἷς
2702 4765 2814 4814 ἐστι
2857 4763 3039 4832 μόνοςο
3089 4782 3106 4812 ι
3149 4764 3359 4829 Ἀκουε,
3392 4763 3618 4832 Ἰσραὴλ,
3652 4754 3874 4830 Κύριοςδ

2377 4851 2529 4913 ⁸Θεὸς
2568 4852 2739 4922 ἡμῶν,
2786 4854 2984 4922 Κύριος
3023 4845 3101 4913 εἷς
3142 4853 3286 4904 ἐστι·
3335 4871 3352 4902 ι
3405 4853 3559 4904 πάλιν
3606 4853 3633 4901 ὁ
3675 4849 3872 4905 Πλάτων.
