4038 6330
1305 455 1645 526 ῬΗᾹΞΡΑΠ.
1690 470 1930 527 EVANG.
1966 472 2090 528 LIB.
2130 473 2223 528 χι.

3250 477 3352 533 88‘1

198 578 294 630 καὶ
336 578 571 648 συνήθως
603 582 841 653 Ἕλλησι,
872 589 935 656 τῇ
979 584 1085 638 τῶν
1122 589 1374 641 πλειόνων
1414 592 1566 643 εἴωθε
1610 593 1710 663 χρῆ

1808 594 1908 649 tia
1957 595 2203 661 przedilas
2238 596 2637 663 complectatur,
2693 595 2744 648 id
2793 610 2919 649 sane
2967 611 3235 664 nunquam
3273 598 3353 651 al-

202 667 324 718 σθαι
356 672 685 742 προσηγορίᾳ
714 676 804 726 καὶ
825 676 928 727 ἀπὸ
956 678 1051 745 τῆς
1081 679 1213 747 πρὸς
1242 677 1503 733 Διονύσιον
1532 682 1735 734 ἐπιστο-

200 755 318 825 λῆς,
350 761 407 810 ὲν
510 760 743 830 σύμϐολα
770 764 957 827 διδοὺς,
990 767 1094 818 τῶν
1124 786 1178 819 τε
1209 768 1292 820 διά
1338 771 1564 838 σπουδῆς
1592 772 1734 840 αὐτῷ

200 850 551 918 γραφομένων
579 854 887 919 ἐπιστολῶν,
934 858 1025 910 καὶ
1051 859 1156 910 τῶν
1194 861 1363 923 ἄλλως
1400 862 1733 931 ἀπερριμμέ-

197 952 323 999 νων,
361 938 467 990 τῶν
506 941 603 1008 μὲν
643 943 803 1012 μηδὲν
845 946 1075 1019 ἐχουσῶν
1105 948 1379 1001 σπουδαῖον
1418 954 1633 1019 σημεῖον
1672 951 1731 1002 τὸ

198 1023 308 1078 τῶν
336 1027 469 1081 θεῶν
496 1029 660 1099 ὄνομα
690 1016 1009 1101 προστάξειν
1031 1049 1055 1075 ιι
1085 1038 1270 1107 ἔφησε,
1301 1041 1406 1093 τῶν
1432 1016 1731 1113 δὲτπεφρον-

196 1114 459 1184 τισμένως
486 1118 631 1188 αὑτῴ
678 1124 1103 1192 συνταττομένων
1140 1126 1200 1177 τὸ
1246 1127 1336 1179 τοῦ
1374 1129 1524 1181 Θεοῦ.
1569 1131 1728 1197 Λέγει

196 1204 243 1259 δ’
269 1203 361 1259 οὖν
389 1201 485 1260 ὦδε
514 1213 647 1263 κατᾶ
687 1212 824 1276 λέξιν
844 1232 856 1244 ο
905 1236 923 1262 σ
965 1218 1095 1287 Περὶ
1120 1218 1175 1271 δὲ
1204 1219 1293 1271 τοῦ
1327 1220 1585 1289 συμϐόλου
1617 1222 1726 1291 (72)

195 1294 286 1349 τοῦ
318 1298 449 1366 πρὸς
485 1300 578 1362 τάς
620 1304 899 1366 ἐπιστολὰς
929 1306 1057 1375 (75),
1089 1309 1236 1369 ὅσας
1261 1326 1317 1360 τε
1348 1309 1409 1362 ἂν
1438 1311 1726 1371 ἐπιστέλλω

200 1386 418 1454 σπουδῇ,
466 1390 557 1441 καὶ
608 1391 734 1452 ὅσας
794 1392 900 1461 μὴ..
935 1389 1082 1469 οἶμαι
1135 1396 1228 1461 μέν
1286 1413 1345 1448 σε
1402 1399 1721 1469 μεμνῆσθαι,

195 1472 339 1541 ὅμως
374 1475 418 1526 δ’
448 1479 630 1539 ὲννόει,
662 1483 754 1533 καὶ⁷
798 1466 994 1554 σφόδρα
1024 1471 1246 1557 πρόσεχε
1282 1489 1372 1540 τὸν
1406 1466 1535 1541 *νοῦν
1556 1466 1573 1518 ‘7
1604 1491 1723 1541 πολ-

195 1561 276 1615 λοὶ
312 1565 416 1634 γὰρ
460 1568 506 1618 οἱ
535 1568 837 1635 κελεύοντες
866 1574 1112 1643 γράφειν,
1170 1577 1260 1640 οὓς
1305 1582 1364 1631 οὑ
1403 1580 1576 1649 ῥᾴδιον
1632 1599 1721 1649 φα-

195 1655 363 1724 νερῶς
388 1657 702 1713 διωθεῖσθαι.
735 1662 845 1732 Τῆς
885 1665 980 1734 μὲν
1008 1664 1097 1720 οὖν
1120 1656 1405 1732 σπουδαίας
1444 1672 1722 1742 ἐπιστολῆς

193 1742 223 1793 ὀ
259 1745 388 1807 Θεὸς
433 1748 604 1816 ἄρχει,
647 1749 757 1803 θεοὶ
800 1752 855 1805 δὲ
896 1756 990 1823 τῆς
1026 1751 1204 1826 ἦττον.
1247 1779 1264 1808 ο
1316 1762 1612 1832 Διαρρήδην
1666 1763 1719 1814 δὲ

1839 693 2007 736 terum
2050 685 2116 737 ab
2147 685 2312 738 altero
2354 686 2529 739 fuerit.
2569 704 2586 735 ι
2631 684 2883 738 Eumdem
2924 700 3100 753 porro,
3138 696 3195 739 ut
3231 686 3350 740 vul-

1834 773 1943 837 gari
1996 772 2300 826 Graecorum
2356 790 2503 826 more
2546 775 2777 842 plurium
2815 775 3085 828 numinum
3128 777 3352 845 appellao

1833 862 1975 914 tione
2018 862 2092 913 uti
2140 863 2327 925 soleat,
2374 861 2537 915 Deum
2593 873 2763 916 tamen
2815 880 2976 917 unum
3030 880 3342 933 agnoscere,

1828 949 1909 1001 vel
1954 964 2017 1001 ex
2074 966 2155 1014 ea,
2193 966 2353 1018 quam
2405 952 2469 1002 ad
2525 949 2829 1020 Dionysium
2873 953 3079 1017 scribit,
3124 952 3345 1019 epistola

1828 1041 2001 1107 quivis
2034 1041 2321 1110 intelligat:
2359 1042 2447 1094 ubi
2501 1057 2632 1109 quas
2665 1044 2899 1096 studiose
2942 1058 3005 1097 ac
3049 1045 3184 1101 serio
3215 1060 3360 1122 con:

1828 1130 2085 1183 scriberet
2134 1132 2411 1199 epistolas,
2460 1133 2528 1185 ab
2574 1133 2721 1195 aliis,
2768 1148 2902 1202 quas
2939 1143 3135 1188 temere
3181 1137 3342 1204 negli-

1826 1228 2111 1288 genterque
2165 1221 2524 1287 profunderet,
2559 1237 2656 1273 sua
2702 1224 2927 1290 quadam
2984 1234 3105 1278 nota
3164 1240 3341 1279 secer.

1827 1324 1995 1375 nens;
2032 1326 2149 1379 quae
2191 1326 2349 1379 grave
2389 1310 2523 1362 nihil
2572 1326 2636 1364 ac
2676 1312 2871 1365 serium
2901 1313 3248 1379 continerent,
3276 1315 3340 1369 iis

1827 1398 2086 1462 deorum,
2127 1416 2244 1468 quae
2288 1415 2414 1452 vero
2463 1400 2741 1469 diligenter
2768 1401 2862 1455 abs
2903 1417 2961 1456 se
2992 1418 3055 1456 ac
3094 1404 3340 1457 meditato

1823 1489 2197 1552 scriberentur,
2231 1491 2334 1544 illis
2374 1490 2464 1543 Dei
2498 1505 2615 1544 sese
2655 1506 2870 1554 nomen,
2911 1494 3181 1559 preprium
3228 1494 3341 1548 vel-

1824 1578 1896 1630 uti
1944 1579 2304 1633 characterem
2365 1583 2747 1648 impressnrum
2788 1596 2905 1634 esse
2949 1582 3198 1635 declarat.
3251 1583 3341 1639 Sic

1819 1669 1960 1719 enim
1991 1668 2055 1719 ad
2104 1669 2319 1722 verbum
2374 1672 2602 1725 scribit:
2661 1691 2679 1721 ι
2715 1669 2985 1739 Pr0priam
3024 1672 3165 1739 quod
3212 1674 3338 1731 attic-

1820 1766 1909 1810 net
1953 1758 2299 1825 epistularum
2336 1771 2540 1826 notam,
2592 1776 2685 1815 seu
2731 1777 2864 1829 quas
2907 1762 3072 1825 serio,
3110 1763 3336 1831 dataque

195 1836 224 1887 ὁ
262 1837 418 1899 αὐτὸς
462 1841 704 1909 ὁμολογεῖ
754 1845 818 1896 ἐκ
864 1847 1099 1901 παλαιῶν
1154 1851 1211 1903 τὸ
1266 1855 1389 1922 περὶ
1442 1853 1532 1905 τοῦ
1586 1855 1710 1906 Θεοῦ

1820 1861 2001 1914 Opera,
2046 1864 2138 1901 seu
2181 1864 2314 1916 quas
2357 1851 2706 1918 negligentius
2734 1852 2928 1913 scribo,
2973 1853 3181 1907 tametsi
3219 1854 3336 1922 ejus

192 1924 359 1997 δόγμα
387 1929 771 1999 μεμαθηκέναι,
797 1933 963 2000 λέγων
984 1936 1039 1987 ὲν
1069 1939 1179 1999 τοῖς
1204 1916 1433 2006 Νόμοις·
1475 1960 1493 1991 ι
1543 1942 1598 1993 Ὁ
1625 1943 1710 2011 μὲι.

1820 1947 1871 1989 te
1901 1939 2204 1993 meminisse
2232 1940 2498 2005 existimo,
2546 1956 2687 1995 nunc
2721 1951 2897 1995 tamen
2950 1943 3092 1997 illam
3137 1945 3335 2014 cogites

191 2016 252 2085 δὴ
292 2016 419 2080 Θεὸς
464 2019 593 2087 (74),
636 2021 710 2085 ὡς
749 2024 841 2075 καὶ
880 2026 907 2077 ό
944 2025 1163 2089 παλαιὸς
1208 2027 1377 2095 λόγος,
1422 2032 1590 2101 ἀρχὴν
1630 2035 1719 2084 καὶ

189 2104 436 2178 τελευτὴν
459 2110 550 2162 καὶ
580 2112 717 2180 μέσα
744 2114 851 2167 τῶν
877 2116 1039 2169 ὅντων
1068 2119 1311 2173 ἁπάντων
1330 2164 1343 2185 ,
1380 2124 1583 2175 εὐθεῖαν
1606 2127 1715 2194 (75)

193 2195 429 2264 περαίνει
460 2199 596 2251 κατὰ
648 2201 803 2268 φύσιν
848 2208 1346 2277 περιπορευόμενος.
1390 2211 1475 2279 Τῷ
1527 2212 1569 2263 δ’
1610 2216 1716 2267 αἰεὶ

192 2279 467 2345 ξυνέπεται
490 2286 638 2356 Δίκη,
675 2289 777 2340 τῶν
798 2291 1228 2362 ἀπολειπομένων
1258 2294 1351 2348 τοῦ
1383 2296 1523 2349 θείου
1555 2300 1712 2369 νόμου

188 2373 448 2440 τιμωρός·
479 2370 545 2444 ἦς
574 2378 601 2428 ὁ
648 2378 740 2445 μὲν
796 2380 1193 2451 εὐδαιμονήσειν
1235 2384 1434 2453 μέλλων
1470 2388 1714 2456 ἐχόμενος
1754 2430 1757 2431 ν

189 2462 486 2529 ξυνέπεται,
534 2468 797 2533 ταπεινὸς,
839 2472 1268 2540 κεκοσμημένος·
1304 2477 1332 2527 ὁ
1361 2474 1417 2526 δέ
1443 2491 1522 2538 τις
1556 2476 1711 2547 ἐξαρ-

188 2550 297 2613 θεὶς
340 2552 442 2604 ὑπὸ
493 2553 870 2626 μεγαλαυχίας,
913 2560 1213 2631 ἢχρήμασι
1264 2565 1628 2635 ἐπαιρόμενος,
1678 2566 1710 2637 ἢ

186 2644 384 2709 τιμαῖς,
416 2642 448 2711 ᾖ
483 2644 571 2695 καὶ
627 2645 867 2715 σώματος
918 2651 1200 2722 εὐμορφίᾳ,
1246 2654 1356 2723 ἅμα
1380 2656 1581 2726 νεότητι
1621 2659 1711 2711 καὶ⁵

186 2730 357 2800 ἀνοίᾳ,
378 2730 633 2799 ’φλέγεται
686 2737 782 2806 τὴν
809 2738 981 2808 ψυχὴν
1008 2740 1123 2808 μεθ’
1156 2740 1380 2810 ὕϐρεως.
1416 2743 1551 2796 ὥστε
1591 2744 1711 2797 οὔτε

182 2820 435 2903 ἄρχοντος
456 2822 573 2876 οὔτε
600 2827 737 2888 τινὸς
780 2831 1036 2899 ἡγεμόνος
1058 2832 1318 2901 δεόμενος,
1363 2834 1491 2887 ἀλλὰ
1516 2838 1605 2888 καὶ
1628 2838 1712 2890 ἆλ-

185 2909 294 2973 λοις
322 2914 497 2976 ἱκανὸς
525 2913 599 2967 ὢν
631 2919 893 2987 ἡγεῖσθαι,
924 2922 1297 2976 καταλείπεται
1335 2927 1535 2996 ἔρημος
1555 2928 1706 2980 Θεοῦ.

188 3001 670 3071 Καταλειφθεὶςδὲ,
716 3010 807 3061 καὶ
846 3009 924 3062 ἔτι
965 3011 1149 3075 ἄλλους
1190 3015 1450 3077 τοιούτους
1491 3018 1712 3086 προσλα-

184 3089 308 3155 ϐὼν,
326 3096 514 3164 σκιρτᾷ
537 3097 813 3166 ταράττων
828 3102 996 3155 πάντα
1020 3092 1149 3173 ὁμοῦ
1168 3106 1216 3169 b,
1234 3106 1324 3157 καὶ
1353 3107 1559 3169 πολλοῖς
1573 3126 1709 3163 τισιν

182 3180 509 3287 ἔδοξενεῐναί
568 3204 668 3251 τις,
697 3190 832 3279 μετὰ
853 3192 908 3245 δὲ
952 3195 1135 3265 χρόνον
1166 3198 1225 3248 οὐ
1259 3194 1421 3250 πολὺν
1461 3200 1705 3269 ὑποσχὼν
1732 3234 1771 3287 C

179 3272 440 3342 τιμωρίαν
470 3276 529 3326 οὐ
571 3273 819 3349 μεμπτὴν
852 3284 917 3350 τῇ
940 3283 1305 3355 Δίκῃ,νὲαυτόν
1331 3303 1388 3338 τε
1421 3288 1511 3340 καὶ
1540 3284 1703 3351 οἷκον,

178 3364 271 3415 καὶ
305 3364 450 3416 πόλιν
476 3366 641 3437 ἄρδην
666 3370 956 3425 ἀνάστατον
987 3374 1220 3443 ἐποίησε.
1262 3395 1279 3427 ν
1309 3377 1488 3431 Ταῦτα
1511 3381 1539 3431 ό
1570 3380 1704 3431 Πλά-

174 3468 302 3504 των.
339 3454 406 3505 Σὺ
435 3454 489 3507 δέ
515 3473 574 3524 γε
591 3458 688 3520 τῷ,
720 3477 738 3508 ι
778 3460 833 3512 Ὀ
855 3463 949 3529 μὲν
970 3462 1031 3531 δὴ
1055 3462 1185 3525 Θεὸς
1212 3466 1381 3534 ἀρχὴν
1406 3469 1497 3519 καὶ
1528 3470 1705 3521 τελευ-

174 3542 275 3610 τὴν
293 3544 381 3594 καὶ
430 3546 565 3614 μέσα
603 3546 708 3599 τῶν
742 3548 905 3601 ὄντων
945 3548 1190 3604 ἁπάντων
1230 3554 1383 3623 ἔχων,
1415 3575 1432 3605 ι
1467 3559 1704 3627 παράθες

172 3632 282 3685 ἀπὸ
301 3635 396 3704 τῆς
436 3636 688 3707 Ἐὄραίων
714 3642 1037 3711 προφητείας
1060 3644 1136 3705 τὸ,
1175 3663 1192 3694 ‹
1244 3645 1379 3710 Ἐγὼ
1401 3646 1527 3710 Θεὸς
1558 3650 1703 3719 πρῶ-

168 3740 283 3786 τος,
317 3727 408 3779 καὶ
435 3726 541 3795 ἐγὼ
560 3729 694 3797 μετά
726 3731 892 3784 ταῦτα
910 3750 921 3761 ·
957 3752 975 3785 ι
1006 3734 1081 3803 τῷ
1121 3734 1195 3799 δὲ,
1222 3754 1239 3784 ι
1267 3735 1487 3790 Εὐθεῖαν
1514 3743 1700 3811 περαί-

172 3830 253 3866 νει
290 3815 427 3868 κατά
468 3817 623 3885 φύσιν
674 3820 1134 3892 ἐπιπορευόμενος,
1173 3843 1191 3873 ι
1228 3825 1302 3890 τὸ,
1328 3846 1345 3876 ε
1398 3828 1701 3894 Εὑθύτητας

170 3900 279 3958 εἶδε
310 3907 369 3959 τὸ
402 3908 683 3977 πρόσωπον
698 3911 877 3964 αὐτοῦ.
902 3933 919 3964 ι
953 3915 1060 3967 Καὶ
1082 3917 1214 3986 πρὸς
1245 3917 1325 3978 τὸ,
1366 3936 1383 3967 ι
1412 3920 1499 3989 Τῷ
1524 3920 1570 3971 δ’
1592 3922 1699 3973 αἰεὶ

166 3993 447 4060 ξυνέπεται
481 3998 607 4070 Δίκη
648 4002 754 4055 τῶν
782 4005 1209 4076 ἀπολειπομένων
1243 4008 1334 4061 τοῦ
1362 4009 1502 4062 θείου
1539 4013 1698 4081 νόμου

162 4088 421 4156 τιμωρὸς,
451 4108 469 4139 ι
498 4091 779 4162 σύγκρινον
822 4096 903 4158 τὸ,
938 4115 955 4149 ι
1001 4098 1211 4161 Δίκαιος
1244 4100 1458 4172 Κύριος,
1507 4104 1597 4154 καὶ
1632 4104 1709 4154 δικ

166 4177 454 4241 καιοσύνας
500 4182 778 4253 ἠγάπησεν
800 4203 811 4215 ·
852 4210 869 4237 ι
903 4190 994 4240 καὶ
1030 4190 1107 4253 τὸ,
1143 4209 1161 4239 ι
1208 4191 1357 4260 Ἐμοὶ
1406 4192 1695 4261 ἐκδίκησις,

165 4268 279 4336 ἐγὼ
332 4271 702 4339 ἀνταποδώσω,
758 4277 901 4345 λέγει
953 4282 1207 4351 Κύριοςοι
1242 4283 1335 4335 καὶ
1380 4284 1459 4343 τὸ,
1501 4303 1517 4334 ι
1557 4286 1696 4338 Διότι

163 4359 375 4424 ἔκδικος
427 4363 649 4433 Κύριος,
706 4368 797 4418 καὶ
835 4370 1216 4427 ἀνταποδίδωσι
1274 4377 1385 4436 τοῖς
1431 4376 1697 4445 περισσῶς

162 4450 401 4505 ποιοῦσιν
435 4443 816 4525 ὑπερηφανίαν·
859 4478 877 4509 ι
908 4458 989 4535 τῷ
1028 4462 1101 4528 δὲ,
1134 4462 1161 4514 ἰ
1190 4458 1295 4527 τΗς
1327 4468 1354 4518 ὁ
1388 4443 1695 4538 εὐδαιμονή-

1816 2028 1995 2091 velim,
2028 2044 2089 2082 ac
2118 2029 2395 2099 diligenter
2438 2031 2700 2086 attendas.
2744 2030 2853 2086 Nos
2905 2035 3043 2086 enim
3075 2036 3334 2101 permulti

1815 2118 1880 2169 ad
1912 2118 2019 2171 sibi
2060 2120 2399 2173 scribendum
2451 2122 2689 2189 invitant,
2725 2124 2918 2191 quibus
2952 2124 3002 2177 id
3051 2124 3203 2179 facile
3243 2141 3334 2180 ne-

1814 2210 1922 2275 gari
1948 2222 2049 2260 non
2080 2220 2266 2276 possit.
2295 2209 2457 2279 igitur
2485 2210 2562 2265 sic
2595 2212 2786 2265 habeto
2815 2228 3000 2282 :quam
3037 2214 3175 2267 serio
3208 2216 3332 2269 scri-

1814 2299 2007 2363 bimus,
2054 2299 2192 2353 hanc
2221 2315 2248 2352 a
2287 2298 2394 2353 Deo
2422 2301 2780 2369 auspicamur,
2826 2317 2855 2355 a
2896 2304 2997 2356 diis
3034 2318 3174 2366 vero,
3212 2319 3331 2371 quae

1813 2390 1987 2441 minus
2027 2376 2184 2442 habet
2220 2390 2399 2444 studii.
2444 2409 2463 2442 ι
2501 2390 2563 2442 Ει
2592 2405 2716 2443 vero
2757 2406 2813 2446 se
2852 2392 2918 2445 ab
2945 2393 3329 2461 antiquioribus

1811 2494 1993 2531 sanam
2026 2480 2092 2531 de
2138 2479 2245 2533 Deo
2290 2482 2602 2535 sententiam
2642 2482 2793 2552 531
2846 2484 3085 2537 hausisse
3139 2499 3329 2537 concc-

1810 2572 1913 2637 ptis
1957 2572 2068 2647 ipse
2108 2572 2430 2640 disertisque
2469 2574 2644 2627 verbis
2690 2574 2743 2626 in
2774 2572 2988 2643 Legibus
3030 2575 3329 2642 conﬁtetur,

1808 2661 1932 2713 dum
1972 2664 2078 2714 ait:
2122 2682 2139 2713 ε
2174 2648 2315 2717 Deus
2360 2672 2502 2717 certe
2549 2665 2784 2731 quidem,
2830 2666 2904 2717 uti
2934 2680 2998 2718 ex
3031 2666 3329 2733 priscorum

1808 2752 2047 2803 doctrina
2101 2761 2341 2815 constat,
2393 2767 2569 2805 rerum
2629 2754 2991 2807 universarum
3031 2754 3326 2821 principia,

1810 2842 1964 2894 linem
1995 2842 2334 2911 mediumque
2366 2843 2695 2910 complexus,
2745 2852 2886 2897 recta
2917 2843 3025 2908 illa,
3059 2844 3328 2915 quomodo

1810 2941 1999 2985 natura
2040 2933 2304 3001 postulat,
2349 2933 2592 2987 obeundo
2634 2934 2855 3002 perlicit.
2899 2934 3030 2987 Eum
3078 2944 3328 3004 perpetuo

1807 3024 2018 3080 Justilia
2060 3025 2319 3092 sequitur,
2369 3039 2574 3089 eorum,
2612 3025 2703 3093 qui
2743 3024 2837 3079 abs
2866 3025 3048 3078 divina
3078 3026 3191 3095 lege
3214 3027 3328 3080 dis-

1809 3114 2026 3175 cedunt,
2092 3114 2250 3168 ultrix
2293 3123 2449 3183 atque
2493 3114 2722 3168 vindex:
2766 3116 2857 3185 cui
2893 3117 3103 3184 quidem
3142 3115 3328 3170 aﬁixus

1808 3207 2040 3259 demisso
2076 3200 2477 3274 compositoque
2520 3206 2701 3260 animo
2741 3207 3044 3270 comitatur,
3083 3207 3329 3277 quisquis

1808 3295 1874 3347 ad
1927 3294 2229 3355 felicitatem
2284 3290 2753 3363 a‘spiratz'contra
2801 3312 2925 3351 vero
2972 3298 3061 3366 qui
3113 3299 3190 3353 vel
3240 3315 3329 3353 su-

1806 3386 1987 3453 perbia
2021 3387 2399 3446 intumescens,
2449 3387 2528 3440 vel
2570 3402 2729 3455 opum
2758 3388 2807 3440 vi
2851 3389 3107 3457 copiaque
3149 3390 3326 3443 subla-

1808 3484 1913 3536 tus,
1960 3474 2040 3528 vel
2086 3476 2249 3529 etiam
2298 3475 2563 3529 honorum
2603 3478 2982 3545 amplitudine,
3027 3478 3326 3547 corporisve

1804 3563 1999 3631 specie,
2050 3579 2169 3616 cum
2212 3563 2511 3632 iuventutis
2560 3564 2688 3619 ﬂore
2740 3567 3066 3634 stultitiaque
3102 3566 3326 3634 conjun—

1800 3661 1883 3704 cta
1927 3651 2271 3716 insolescens,
2300 3652 2477 3706 animo
2509 3653 2829 3724 petulantius
2869 3653 3181 3719 exardescit,
3211 3669 3322 3721 per-

1802 3743 1923 3795 inde
1976 3741 2104 3795 utsi
2148 3758 2245 3797 nec
2286 3742 2549 3811 principe,
2594 3759 2690 3797 nec
2740 3744 3070 3797 moderatore
3108 3743 3214 3797 ullo
3242 3745 3325 3796 in-

1800 3834 1993 3902 digeat,
2052 3834 2144 3887 sed
2178 3835 2369 3904 potius
2408 3834 2473 3888 ad
2516 3834 2721 3889 caeteris
2762 3834 3124 3902 imperandum
3168 3842 3322 3902 aptus

1798 3926 2028 3993 ipsemet
2072 3926 2396 3994 idoneusque
2441 3926 2531 3989 sit,
2583 3924 2630 3977 is
2684 3923 2791 3977 Deo
2828 3938 3029 3977 vacuus
3076 3925 3323 3991 relinqui-

1801 4025 1925 4066 tur:
1975 4014 2191 4067 relictus
2230 4012 2709 4091 au_tem,’adhibitis
2754 4012 2895 4067 illleo
2936 4014 3155 4083 geminae
3195 4026 3316 4080 pro-

1801 4102 1979 4155 terviae
2018 4102 2198 4167 sociis,
2234 4103 2462 4158 exsultat
2490 4110 2680 4156 cuncta
2706 4103 3015 4165 miscendo,
3058 4110 3210 4169 atque
3244 4102 3322 4152 in-

1801 4191 1953 4242 terim
2006 4190 2207 4258 aliquid
2248 4206 2364 4246 esse
2411 4192 2691 4260 permultis
2743 4193 2966 4267 videtur,
3011 4199 3065 4243 at
3111 4189 3321 4243 modico

1798 4291 1919 4349 post
1957 4292 2214 4352 tempore,
2246 4283 2435 4354 dignas
2471 4284 2537 4337 ab
2568 4297 2633 4336 eo
2675 4298 2855 4350 pmnas
2888 4282 3129 4351 exigente
3169 4280 3319 4335 Justi-

1799 4374 1890 4439 tia,
1924 4374 2181 4443 seipsum,
2213 4374 2535 4444 domumque
2562 4373 2738 4433 simul,
2779 4387 2899 4427 cum
2932 4382 3037 4427 tota
3082 4372 3319 4426 funditus

1799 4465 2009 4519 civitate
2050 4465 2238 4533 perdit.
2274 4484 2293 4515 ι
2327 4464 2446 4517 Haec
2480 4462 2645 4516 Plato.
2688 4461 2802 4541 Jam
2848 4478 2996 4527 vero,
3027 4480 3143 4517 cum
3180 4463 3329 4523 illis,

161 4560 280 4595 σειν
306 4543 505 4611 μέλλων
532 4546 781 4616 ἐχόμενος
805 4548 1103 4614 ξυνέπεται,
1125 4556 1391 4619 ταπεινὸς,
1429 4574 1694 4629 κεκοσμη-

1808 4574 1820 4605 ι
1866 4555 2003 4610 Deus
2033 4564 2175 4609 certe
2212 4555 2445 4622 quidem,
2493 4569 2667 4606 rerum
2713 4554 3079 4608 universarum
3122 4551 3318 4620 princi-

160 4633 342 4703 μένος,
371 4652 389 4685 ι
415 4636 671 4705 ἑπόμενὸν
700 4639 811 4689 ἐστι
834 4639 911 4704 τὸ,
931 4659 949 4691 ι
988 4643 1185 4696 Ὀπίσω
1216 4646 1427 4713 Κυρίου,
1442 4649 1533 4699 τοῦ
1563 4650 1691 4701 Θεοῦ

156 4744 255 4780 σου
289 4730 552 4804 πορεύσῃ·
581 4752 599 4784 ›
618 4733 694 4803 τῷ
712 4734 789 4800 δὲ,
818 4753 835 4783 ι
882 4735 937 4786 Ὁ
963 4735 1007 4786 δ’
1038 4736 1277 4805 ἐξαρθεὶς
1298 4740 1399 4791 ὑπὸ
1425 4742 1691 4809 μεγαλαυ-

152 4816 281 4891 χίας
299 4817 671 4874 καταλείπεται
692 4822 785 4893 ἐρη
796 4840 889 4894 μος
912 4822 1064 4885 Θεοῦ,
1091 4844 1107 4873 ι
1153 4824 1231 4887 τὸ,
1280 4842 1296 4873 ι
1316 4826 1485 4889 ὀΘεὸς
1529 4830 1691 4900 ὑπερ-

156 4907 392 4978 ηφάνοις
416 4910 807 4979 ἀντιτάσσεται,
851 4904 1117 4988 ταπεινοῖς
1162 4916 1216 4967 δὲ
1241 4915 1417 4968 δίδωσι
1447 4918 1633 4988 χάριν·
1668 4940 1685 4970 ›

148 4996 271 5059 καὶ,
300 5015 319 5046 ε
354 4996 606 5068 Χαρμονὴ
630 4999 686 5051 δὲ
710 4996 935 5067 ἀσεϐῶν,
961 5003 1153 5074 πτῶμα
1183 5003 1427 5066 ἐξαίσιον.
1454 5026 1471 5056 ι
1510 5008 1690 5061 Ταῦτα

150 5104 257 5155 μεν
311 5083 400 5141 οὖν
448 5088 553 5141 ἀπὸ
604 5092 809 5169 μυρίων
858 5096 1059 5165 σμικρά
1098 5094 1336 5165 περὶτοῦ
1362 5097 1450 5146 ἐπὶ
1480 5098 1690 5163 πάντων

146 5177 308 5232 Θεοῦ.
352 5178 459 5231 Θέα
508 5179 563 5231 δὲ
589 5182 679 5234 καὶ
703 5182 775 5239 τὰ,
832 5186 956 5254 περὶ
998 5185 1089 5238 τοῦ
1133 5186 1377 5255 δευτέρου
1404 5186 1572 5253 αἰτίου
1605 5184 1689 5239 οἷα

142 5274 214 5342 τῇ
245 5270 449 5340 διανοίᾳ
480 5271 631 5323 εἰσίν.

224 5364 248 5395 ⁸
286 5364 387 5418 lsa.
424 5336 537 5430 xu,
578 5365 629 5421 4.
704 5368 724 5398 ⁸
764 5366 904 5421 Psal.
944 5384 995 5429 x,
1038 5368 1089 5421 8.
1152 5336 1208 5401 Ὶ¹⁰
1250 5370 1373 5423 ibid.

217 5466 247 5494 ι
291 5454 446 5509 Forte
481 5458 695 5528 προτάξ.
773 5459 799 5497 b
840 5458 937 5512 Ms.
975 5472 1021 5511 et
1052 5460 1135 5511 Pl.
1176 5460 1306 5528 ἅμα.

223 5550 339 5623 (72)
369 5551 505 5623 Περὶ
552 5552 618 5605 δὲ
662 5555 763 5608 τοῦ
807 5556 1127 5622 συμϐόλου.
1161 5553 1394 5607 Platonis
1432 5556 1546 5609 haec
1576 5557 1699 5623 epi-'

150 5622 293 5675 stola
316 5629 419 5692 _e_st_
449 5622 858 5692 decimaLlertia,
891 5626 952 5677 ad
985 5624 1293 5692 Dionysium
1322 5639 1445 5676 vero
1480 5622 1688 5692 quarta,

149 5703 279 5757 pag.
316 5687 419 5757 ηδ
475 5692 602 5743 edit.

151 5755 492 5834 cuinnDcum
541 5764 932 5832 cognovissent,
988 5755 1092 5819 non
1136 5773 1310 5820 tamen
1352 5767 1485 5819 sicut
1529 5755 1694 5823 Deum

146 5828 601 5883 Lorilicaverunt.

644 5679 981 5747 Ficini.'Fuit
1021 5682 1178 5762 igitur
1210 5710 1273 5747 ex
1309 5694 1375 5746 iis
1402 5679 1571 5757 Plaio,
1602 5679 1691 5763 qui
1742 5700 1758 5712 ”

1798 4646 1917 4715 pia,
1974 4647 2157 4709 tinem,
2204 4644 2541 4711 mediumque
2585 4645 2913 4713 complexus,
2950 4662 2967 4694 ι
3016 4644 3125 4695 ἵκεο
3163 4649 3217 4693 tu
3253 4656 3317 4694 ex

1799 4736 2140 4790 Hebrmrum
2184 4734 2458 4802 prophetia
2500 4732 2779 4804 compone,
2817 4754 2835 4786 ι
2892 4733 2999 4802 Ego
3036 4733 3173 4785 Deus
3216 4733 3322 4801 pri-

1797 4842 1939 4887 mus,
1966 4833 2019 4879 et
2049 4825 2369 4879 novissimus
2400 4840 2496 4893 ego
2525 4841 2640 4879 sum
2664 4827 2716 4892 ⁸;
2752 4845 2769 4877 ›
2806 4825 3036 4891 itemque
3062 4837 3182 4876 cum
3206 4823 3317 4890 illo,

1802 4936 1820 4967 ι
1862 4915 2022 4970 Recta
2052 4914 2276 4983 perlicit,
2316 4933 2334 4965 ›
2369 4916 2591 4969 alterum
2626 4916 2743 4977 hoc,
2780 4931 2797 4963 ι
2839 4912 3200 4968 Rectitudines
3230 4928 3320 4968 no-

1795 5008 1869 5061 vit
1910 5006 2088 5059 vultus
2111 5006 2227 5074 ejus
2258 5006 2297 5058 ‘.
2333 5025 2350 5057 ι
2405 5005 2601 5059 Deinde
2639 5020 2758 5058 cum
2813 5003 2938 5068 illis,
2972 5022 2989 5053 ‹
3038 5004 3171 5058 Eum
3201 5019 3317 5071 per—

1795 5106 1953 5167 petuo
1976 5093 2186 5165 Iustitia
2215 5097 2475 5165 sequitur,
2504 5109 2709 5157 eorum,
2741 5094 2831 5163 qui
2866 5095 2959 5149 abs
2988 5096 3163 5149 divina
3206 5095 3317 5160 lege

1795 5188 2097 5249 discedunt,
2134 5188 2292 5242 ultrix
2324 5189 2485 5254 atqde
2510 5185 2720 5247 vindex,
2757 5203 2773 5233 ο
2809 5186 2907 5239 ista
2942 5186 3142 5249 cenl‘er,
3174 5202 3193 5233 ι
3223 5182 3316 5236 Ju-

1793 5288 1908 5332 stus
1938 5277 2213 5343 Dominus,
2240 5285 2295 5331 et
2316 5274 2549 5344 justitias
2579 5274 2763 5328 dilexit
2788 5278 2867 5341 ¹⁰;
2900 5295 2918 5327 ι
2954 5278 3179 5343 itemque
3204 5274 3317 5328 lure

1866 5558 1978 5627 (75)
2006 5548 2666 5627 Πρὸς-τὰςλέπιστ.-Ριεεο
2692 5554 2812 5627 περὶ
2839 5541 3075 5627 «agam,
3102 5550 3314 5627 melius.

1866 5622 1975 5693 (74)
2013 5626 2063 5693 ’ρ
2108 5623 2222 5688 μὲν
2268 5622 2341 5688 δὴ
2398 5625 2557 5688 Θεός.
2614 5623 2857 5693 Ρι-οῃῲια
2906 5622 3026 5693 haec
3053 5622 3214 5693 *δυηιί
3248 5634 3314 5676 ex

1796 5688 1985 5763 quarto
2019 5690 2224 5761 Legum,
2250 5708 2367 5763 pag.
2402 5693 2501 5745 600
2524 5695 2672 5763 λίξάίιἶ
2698 5688 3023 5763 Graeco-Lat.
3053 5689 3239 5763 Ficini.

1867 5762 1975 5837 (‘75)
2008 5759 2273 5837 ῌὺθείαν.
2303 5760 2563 5837 Manuscr.
2583 5761 2775 5837 εὐθέα.
2803 5759 2903 5819 Sed
2946 5760 3079 5815 infra
3098 5776 3161 5837 ’p.
3193 5760 3314 5825 793,

1700 5860 1703 5861 ν
1800 5828 1966 5899 huius
1980 5833 2104 5889 edit.
2128 5832 2332 5888 Atticus
2361 5833 2484 5896 legit
2517 5830 2714 5894 εὐθείᾳ.
