3994 6340
86 499 194 555 885

1228 504 1540 562 PREPAR.
1580 504 1828 561 EVANG.
1873 505 1994 559 LIB.
2026 502 2115 557 XI.

3189 489 3292 549 886

80 624 277 692 Διήκει
300 623 355 675 δὲ
390 624 482 677 καὶ
514 629 681 696 χωρεί
705 627 794 681 διὰ
813 629 1029 683 πάντων
1053 631 1139 683 διὰ
1159 630 1253 701 τὴν
1288 630 1640 700 καθαρότητα.

1755 647 1772 677 ι
1818 628 1910 681 Est
1962 627 2127 686 enim,
2178 624 2381 693 inquit,
2434 622 2547 690 ipsa
2607 618 2840 689 Spiritus
2888 612 3291 685 intelligentia,

94 715 295 785 ’Λτμὶς
323 718 429 787 γάρ
464 720 577 769 ἐστι
600 720 696 789 τῆς
743 720 836 773 τοῦ
866 721 999 773 Θεοῦ
1030 722 1325 793 δυνάμεως,
1366 725 1459 775 καὶ
1481 721 1648 791 ἀπόρ-

85 807 207 875 ῥοια
246 808 344 876 τῆς
387 808 481 860 τοῦ
520 809 959 882 Παντοκράτορος
1006 812 1162 883 δόξης
1208 813 1520 883 εἰλικρινής.
1553 813 1649 865 Διὰ

82 895 244 947 τοῦτο
295 897 447 949 οὐδὲν
499 900 899 970 μεμολυσμένον
935 904 1014 965 είς
1052 903 1216 974 αὐτὴν
1254 903 1643 973 παρεμπίπτει.

95 985 466 1056 Ἀπαύγασμα
515 989 624 1062 γάρ
675 990 789 1043 ἔστι
826 992 998 1059 φωτὸς
1026 993 1221 1057 ἀϊδίου,
1256 994 1349 1045 καὶ
1393 993 1647 1061 ἔσοπτρον

82 1076 418 1145 ἀκηλίδωτον
454 1080 552 1150 τῆς
581 1082 674 1134 τοῦ
720 1082 853 1135 Θεοῦ
897 1084 1192 1152 ἐνεργείας,
1239 1070 1331 1137 καὶ
1372 1084 1530 1136 εἰκὼν
1553 1083 1651 1152 τῆς

85 1168 424 1239 ἁγαθότητος
448 1171 629 1223 αὑτοῦ.
675 1192 763 1222 ›-
779 1192 797 1224 ι
832 1176 1088 1226 Διατείνει
1124 1175 1179 1227 δὲ
1203 1175 1307 1227 ἀπὸ
1330 1174 1556 1245 πέρατος
1575 1175 1652 1235 είς

85 1260 264 1330 πέρας
301 1262 605 1334 εὐρώστως,
634 1266 723 1317 καὶ
749 1264 1024 1319 διοικεῖται
1048 1267 1115 1319 τὰ
1137 1267 1310 1319 πάντα
1334 1265 1599 1337 χρηστῶςο
1628 1284 1645 1316 ’

86 1350 277 1405 Ταῦτα
295 1353 392 1422 μὲν
421 1356 453 1424 ή
486 1356 695 1427 Γραφή.
713 1357 821 1427 Τὴν
843 1356 898 1409 δὲ
926 1357 1008 1410 διὰ
1033 1357 1121 1409 τοῦ
1138 1358 1395 1427 δόγματος
1421 1356 1650 1409 διάνοιαν

84 1440 257 1493 Φίλων
290 1446 319 1495 ό
358 1444 603 1514 Ἐϐραῖος
635 1445 940 1518 λευκότερον
971 1446 1280 1517 ἑρμηνεύων
1317 1445 1460 1498 τόνδε
1492 1444 1649 1516 παρί-

86 1546 245 1603 στησι
282 1533 369 1585 τὸν
388 1534 606 1604 τρόπον.

1752 728 1997 781 sanctus,
2030 716 2359 785 unigenitus,
2400 713 2699 781 multiplex,
2751 708 2995 771 subtilis,
3042 705 3291 771 mobilis,

1753 809 2011 873 disertus,
2049 806 2511 875 incoinquinatus,
2543 816 2756 857 omnem
2789 800 2990 854 habens
3016 798 3292 862 virtutem,

1753 900 1934 954 omnia
1967 899 2319 967 prospiciens,
2355 910 2543 948 omnes
2589 908 2873 963 permeans
2918 890 3166 960 spiritus,
3212 887 3295 940 in-

1752 989 2069 1059 telligibiles,
2093 1002 2277 1057 puros,
2300 986 2643 1039 tenuissimus
2665 1003 2676 1035 :
2699 982 2854 1052 533
2880 980 3129 1042 omnibus
3148 976 3292 1031 enim

1750 1079 2041 1133 mobilibus
2079 1078 2329 1131 mobilior
2355 1085 2438 1129 est
2472 1073 2781 1143 Sapientia:
2828 1077 3073 1138 penetrat
3115 1076 3293 1121 autem

1750 1188 1813 1226 ac
1849 1170 2089 1239 pervadit
2140 1169 2320 1223 omnia
2364 1174 2581 1236 propter
2612 1180 2762 1219 suam
2812 1162 3148 1215 munditiam.
3190 1156 3292 1209 Va-

1749 1277 1847 1330 por
1878 1262 2128 1316 est'enim
2174 1261 2387 1313 virtutis
2413 1258 2522 1319 Dei,
2559 1266 2611 1311 et
2641 1255 2911 1310 emauatio
2942 1255 3183 1322 quaedam
3211 1263 3295 1305 est

1750 1348 2144 1419 Omnipotcntis
2179 1350 2362 1419 gloriae
2402 1350 2632 1403 sincera.
2670 1345 2735 1398 Et
2775 1346 2893 1398 ideo
2936 1343 3064 1396 nihil
3111 1340 3289 1410 inqui-

1754 1452 1941 1495 natum
2000 1441 2053 1494 in
2111 1456 2227 1494 eam
2287 1438 2533 1492 incurrit.
2581 1436 2790 1489 Candor
2841 1443 2923 1486 est
2968 1434 3106 1486 enim
3158 1431 3293 1485 lucis

1754 1541 1985 1597 aeternae,
2018 1541 2071 1586 et
2112 1532 2388 1600 speculum
2429 1530 2546 1583 sine
2576 1526 2784 1580 macula
2820 1524 2913 1579 Dei
2943 1522 3294 1588 efﬁcacitatis,

82 1627 139 1675 et
162 1622 346 1692 imago
390 1624 643 1680 bonitatis
678 1626 819 1680 illius
840 1627 906 1679 ".
942 1645 961 1677 ι
1012 1658 1055 1665 ρ-
1090 1644 1108 1676 ι
1137 1625 1358 1695 Attingit
1386 1633 1561 1677 autem
1597 1638 1625 1675 a
1655 1621 1756 1675 iiuc
1796 1639 1965 1693 usque
2002 1623 2066 1677 ad
2109 1625 2265 1677 linem
2300 1622 2528 1681 fortiter,
2561 1618 2863 1685 etdispouit
2896 1617 3076 1670 omnia
3113 1614 3295 1669 suavi-

85 1721 168 1767 ter
194 1716 265 1767 ”.
310 1736 329 1767 ι
381 1716 503 1773 Hzec
556 1718 854 1787 Scriptura.
908 1718 1076 1789 Cujus
1122 1722 1338 1790 quidem
1393 1718 1648 1774 doctrinm
1686 1733 1903 1771 sensum
1964 1716 2119 1771 Philo
2177 1716 2431 1771 Hebrazus
2468 1727 2757 1783 exponens,
2817 1711 3013 1765 clarius
3056 1711 3198 1763 hunc
3239 1710 3293 1762 in

90 1812 311 1865 modum
348 1814 724 1885 illustriusque
760 1829 1124 1887 repraesentat.

598 1911 987 1965 ΚΕΦΛΛΛΙΟΝ
1034 1915 1131 1966 ΙΕ’.

324 2001 587 2067 Φίλωνος
614 2004 748 2071 περὶ
775 2004 875 2057 τοῦ
904 2004 1181 2073 δευτέρου
1206 2007 1412 2060 αίτιου.

162 2107 181 2139 σ
210 2090 489 2161 Εύπρεπὲς
507 2092 615 2163 (76)
641 2094 746 2165 γὰρ
772 2098 881 2159 τοῖς
913 2098 1151 2168 ἑταιρίαν
1178 2096 1319 2165 πρὸς
1339 2096 1644 2165 ἐπιστήμην

90 2180 332 2249 θεμένοις
365 2182 605 2251 ἐφίεσθαι
640 2186 737 2254 μὲν
770 2186 861 2238 τοῦ
895 2187 955 2238 τὸ
1001 2186 1059 2239 ὃν
1094 2187 1245 2239 ίδεῐν·
1284 2189 1329 2239 εί
1369 2186 1423 2239 δὲ
1453 2187 1525 2257 μὴ
1557 2185 1644 2237 δύ-

87 2289 283 2335 ναιντο,
307 2274 404 2343 τὴν
436 2274 564 2342 γοῦν
592 2277 775 2329 εἰκόνα
807 2278 969 2331 αὑτοῦ
989 2279 1078 2331 τὸν
1108 2278 1389 2349 ἱερώτατον
1416 2278 1637 2345 Λόγον.»

102 2362 187 2412 Ἐν
219 2363 297 2432 τῷ
323 2364 369 2415 δ’
397 2364 543 2435 αὐτῷ
593 2368 973 2439 συγγράμματι
1004 2369 1095 2422 καὶ
1120 2369 1242 2421 τάδε
1271 2368 1399 2438 φησι
1422 2385 1434 2397 ·
1469 2387 1487 2418 ι
1528 2368 1642 2420 Κᾶν

94 2454 313 2521 μηδέπω
377 2454 555 2523 μέντοι
610 2459 845 2528 τυγχάνῃ
893 2476 977 2522 τις
1028 2460 1315 2531 ἀξιόχρεως
1354 2458 1463 2520 υἱὸς
1508 2457 1640 2510 Θεοῦ

90 2548 605 2620 προσαγορεύεσθαι,
654 2552 998 2617 σπουδαζέτω
1032 2554 1346 2624 κοσμεῖσθαι
1386 2551 1522 2603 κατὰ
1550 2550 1641 2603 τὸν

92 2640 424 2708 πρωτόγονον
458 2641 617 2693 αὐτοῦ
650 2642 839 2710 Λόγον,
876 2644 967 2696 τὸν
998 2645 1236 2712 ἀγγέλων
1258 2643 1638 2714 πρεσϐύτατον,

89 2729 181 2781 καὶ
204 2730 274 2792 ὡς
306 2730 374 2781 ἂν
425 2731 753 2801 ἀρχάγγελον
798 2734 1143 2805 πολυώνυμον
1176 2734 1499 2804 ὑπάρχοντα.
1532 2733 1641 2785 Καὶ

90 2820 196 2892 γὰρ
252 2822 414 2893 ἀρχὴ,
447 2824 539 2875 καὶ
569 2824 733 2894 ὄνομα
748 2825 902 2889 Θεοῦ,
926 2828 1018 2879 καὶ
1036 2827 1222 2894 Λόγος,
1256 2827 1347 2877 καὶ
1372 2827 1398 2876 6
1425 2828 1541 2877 κατ’
1570 2827 1642 2876 εί-

88 2914 215 2965 κόνα
252 2912 552 2984 ἄνθρωπος,
585 2916 675 2968 καὶ
704 2918 732 2968 ό
754 2916 1135 2988 όρῶνῚσραὴλ,
1165 2917 1638 2986 προσαγορεύεται.

96 3004 177 3056 Διὸ
209 3004 484 3075 προήχθην
517 3006 678 3075 ὀλίγῳ
722 3009 978 3079 πρότερον
1018 3008 1293 3061 ἐπαινέσαι
1318 3007 1412 3071 τὰς
1445 3010 1641 3079 ἀρετὰς

90 3097 195 3148 τῶν
222 3098 531 3163 φασκόντων
561 3100 643 3151 ὅτι
674 3101 866 3163 πάντες
888 3101 1050 3170 ἐσμὲν
1073 3085 1177 3153 υίοῖ
1199 3101 1313 3163 ἐνὸς
1334 3100 1637 3172 ἀνθρώπου.

95 3190 197 3240 Καὶ
220 3190 328 3259 γὰρ
348 3191 395 3241 εί
438 3190 604 3261 μήπω
644 3192 818 3244 ἱκανοὶ
839 3192 969 3243 Θεοῦ
995 3194 1177 3256 παῖδες
1216 3191 1523 3262 νομίζεσθαι
1550 3209 1639 3259 γε-

2327 1896 2552 1954 CAPUT
2597 1895 2714 1951 XV.

2021 1993 2097 2048 De
2131 1992 2352 2048 secundo
2387 1991 2667 2060 principio,
2704 2002 2767 2042 ea:
2798 1987 3030 2040 Philone.

1821 2128 1841 2160 ι
1877 2108 2039 2164 Decet
2067 2109 2232 2173 enim,
2264 2106 2459 2177 inquit,
2500 2121 2625 2167 eos,
2668 2105 2757 2173 qui
2795 2119 2914 2157 cum
2947 2101 3166 2155 scientia
3206 2113 3295 2153 so-

1748 2201 1993 2254 cietatem
2034 2201 2274 2254 inierunt
2312 2200 2431 2269 ejus
2464 2199 2606 2269 quod
2653 2206 2754 2261 est,
2790 2196 3001 2248 vivendi
3031 2194 3295 2248 desiderio

1751 2293 1918 2347 teneri
1946 2310 1960 2357 ;
2002 2292 2115 2357 aut,
2164 2294 2208 2347 si
2241 2294 2420 2346 minus
2468 2292 2517 2345 id
2550 2291 2778 2360 possint,
2801 2287 2919 2357 ejus
2946 2287 3132 2341 saltem
3164 2286 3296 2339 ima-

1747 2385 1907 2452 ginis,
1948 2384 2053 2438 hoc
2097 2393 2179 2438 est
2217 2383 2567 2438 sacratissimi
2618 2381 2796 2437 Verbi.
2848 2400 2865 2433 ι
2914 2380 3066 2446 Quod
3107 2379 3292 2434 eodem

1747 2478 1905 2541 libro,
1961 2477 2076 2530 haec
2134 2476 2316 2536 etiam,
2371 2491 2492 2545 qua:
2538 2484 2852 2543 sequuntur,
2892 2475 3092 2526 habet:
3147 2490 3165 2522 ι
3224 2468 3293 2526 Ut

1748 2570 1877 2637 quis
1914 2569 2095 2622 minus
2124 2568 2299 2621 adhuc
2326 2566 2446 2620 Filii
2470 2565 2559 2619 Dei
2580 2565 2929 2634 appellatione
2957 2563 3147 2631 «lignus
3175 2561 3292 2616 fue-

1748 2661 1834 2723 rit,
1868 2675 1926 2713 se
1971 2660 2144 2726 ipsum
2196 2668 2374 2713 tamen
2407 2658 2473 2712 ad
2504 2658 2919 2727 primogenitum
2970 2655 3112 2709 illius
3160 2651 3293 2708 Ver-

1746 2752 1895 2813 bum,
1934 2753 2026 2819 qui
2068 2752 2383 2820 angelorum
2423 2750 2855 2819 antiquissimus,
2903 2764 2966 2803 ac
3010 2750 3167 2802 veluti
3202 2763 3292 2801 ar—

1744 2843 2041 2911 changelus
2084 2842 2335 2911 plurimis
2384 2842 2696 2895 nominibus
2737 2841 2963 2910 insignis
3009 2848 3110 2903 est,
3158 2854 3291 2893 con-

1746 2932 1979 2987 furmare
2018 2943 2263 2987 conetur.
2304 2931 2511 2985 Etenim
2552 2931 2893 3001 principium,
2936 2930 3028 2983 Dei
3061 2926 3287 2993 Nomen,

1747 3023 2011 3091 Verbum,
2056 3023 2228 3079 llomo
2288 3025 2581 3079 secundum
2616 3013 2956 3092 imaginem,
3008 3029 3061 3075 et
3108 3019 3290 3074 videns

1748 3115 1906 3170 Israel
1958 3118 2274 3186 appellatur.
2338 3116 2521 3187 Itaque
2602 3116 2665 3168 ad
2709 3113 3056 3169 celebrandas
3102 3128 3288 3167 eorum

1744 3207 1969 3260 virtutes
2000 3208 2161 3275 paulo
2189 3215 2313 3260 ante
2354 3214 2630 3276 permotus
2660 3220 2801 3267 sum,
2847 3204 2939 3273 qui
2972 3218 3071 3258 nos
3104 3217 3289 3256 omnes

92 3279 343 3349 γόναμεν,
375 3280 509 3334 ἀλλά
550 3299 631 3335 τοι
674 3283 772 3351 τῆς
797 3284 1003 3347 ἀειδοῦς
1046 3286 1249 3348 εἰκόνος
1277 3284 1437 3337 αὑτοῦ
1470 3285 1639 3352 Λόγου

1746 3296 1981 3350 hominis
2033 3298 2193 3350 unius
2243 3296 2383 3352 filios
2431 3312 2553 3352 esse
2603 3296 2808 3349 dicunt.
2872 3293 3002 3347 Nam
3053 3302 3111 3347 ut
3147 3308 3292 3374 .uou-

91 3372 180 3424 τοῦ
214 3373 502 3442 ἱερωτάτου
523 3391 536 3403 ·
589 3371 725 3427 Θεοῦ
772 3375 877 3446 γὰρ
909 3376 1070 3429 alitth
1102 3378 1269 3445 Λόγος
1288 3380 1316 3430 ὁ
1345 3376 1641 3448 πρεσϐύτα-

97 3472 201 3515 τος.
236 3476 253 3504 ι
301 3458 408 3508 Καὶ
452 3459 610 3512 πάλιν
654 3460 921 3541 επιλέγεισ
976 3482 993 3512 ι
1034 3464 1272 3517 Ἤκουσα
1314 3468 1490 3536 μέντοι
1540 3466 1631 3519 καὶ

98 3543 202 3595 τῶν
234 3547 470 3610 Μωσέως
501 3547 725 3619 ἑταίρων
764 3549 903 3609 τινὸς
940 3552 1411 3623 ἀποφθεγξαμένου
1436 3556 1630 3608 τοιόνδε

96 3635 267 3702 λόγιον
290 3653 302 3665 ·
342 3638 472 3691 Ἰδοὺ
513 3636 788 3708 ἄνθρωπος
910 3640 1075 3710 ὄνομα
1123 3644 1394 3715 Ἀνατολή.
1434 3648 1629 3699 Καινο-

91 3731 221 3802 τάτη
257 3734 567 3805 πρόσρησις,
596 3734 691 3787 ἐάν
736 3750 796 3801 γε
830 3734 916 3786 τὸν
949 3735 1009 3785 ὲκ
1060 3735 1302 3804 σώματος
1336 3739 1427 3791 καὶ
1465 3739 1639 3808 ψυχῆς

93 3825 392 3876 συνεστῶτα
435 3825 682 3892 λέγεσθαι
726 3824 977 3895 νομίσῃς·
1015 3824 1108 3876 ἐὰν
1146 3824 1200 3875 δὲ
1233 3827 1321 3877 τὸν
1357 3826 1638 3898 ἀσώματον

92 3913 291 3967 ἐκεῖνον
318 3914 465 3968 θείαν
503 3916 643 3969 ἰδέαν
689 3915 971 3986 φοροῦντα,
1030 3915 1224 3977 ἱκανῶς
1268 3917 1635 3988 ὁμολογήσεις,

92 4006 168 4057 ὅτι
216 4007 641 4060 εὐθυϐολὼτατον
680 4008 846 4077 ὄνομα
898 4008 1237 4079 ὲπειρημὶσθη
1276 4009 1334 4061 τὸ
1398 4012 1635 4083 Λνατολὴ

94 4098 253 4167 αὐτῷ.
280 4099 474 4152 Τοῦτον
509 4101 604 4169 μὲν
637 4100 741 4171 γὰρ
773 4100 1138 4170 πρεσϐύτατον
1166 4100 1291 4152 Υἰὸν
1312 4104 1339 4154 ό
1372 4104 1477 4157 τῶν
1504 4104 1637 4155 ὅλων

94 4189 321 4243 ἀνέτειλε
366 4191 570 4261 Πατὴρ,
605 4191 663 4243 ὃν
710 4192 930 4261 ἑτέρωθι
976 4192 1323 4261 Πρωτὸγονον
1368 4194 1629 4262 ὠνόμασε.

92 4283 196 4335 Καὶ
226 4283 253 4332 ὁ
284 4282 561 4351 γεννηθεὶς
590 4284 789 4353 μέντοι,
831 4283 1157 4353 μιμούμενος
1184 4283 1279 4346 τὰς
1304 4284 1396 4335 τοῦ
1428 4284 1634 4354 Πατρὸς

91 4374 253 4435 ὁδοὺς,
266 4372 394 4442 πρὸς
410 4374 669 4443 παραδείν
677 4392 817 4446 ματα
827 4376 1097 4445 ἀρχέτυπα
1110 4376 1178 4427 τὰ
1190 4377 1391 4429 ἐκείνου
1404 4377 1631 4446 βλέπων,

92 4465 322 4534 ὲμόρφου
346 4465 411 4517 τὰ
442 4465 576 4535 εἴδη.
617 4491 634 4516 ο
670 4464 853 4518 Ταῦτά
880 4485 967 4536 μοι
1000 4467 1105 4519 ἀπὸ
1132 4467 1223 4518 τοῦ
1270 4468 1513 4538 Ἑϐραίου
1541 4469 1634 4521 Φί-

90 4555 249 4619 λωνος
280 4556 513 4609 ἐνταῦθα
543 4556 761 4620 κείσθω,
799 4558 1068 4627 ληφθέντα
1097 4560 1158 4610 ὲκ
1192 4559 1632 4630 συγγράμματος,

1744 3386 1871 3438 dum
1904 3387 2075 3439 idonei
2117 3386 2323 3452 simus,
2370 3388 2460 3456 qui
2506 3403 2605 3457 pro
2636 3385 2727 3442 Dei
2765 3386 2944 3440 liberis
2977 3384 3288 3443 habeamur,

1744 3477 1863 3542 ejus
1893 3477 2108 3545 quidem
2156 3477 2407 3546 imaginis
2450 3492 2666 3531 sensum
2704 3490 2913 3529 onmem
2959 3472 3287 3541 superantis,

1744 3564 1925 3632 Verbi,
1973 3567 2232 3635 inquam,
2281 3567 2631 3621 sacratissimi
2664 3582 2780 3621 esse
2837 3581 3147 3635 possumus.
3194 3563 3286 3617 Dei

1742 3657 1886 3710 enim
1939 3657 2116 3727 imago
2173 3655 2405 3711 Verbum
2473 3657 2573 3708 hoc
2627 3654 3062 3725 antiquissimum
3110 3663 3208 3707 est.
3262 3670 3285 3705 ο

1744 3743 1879 3803 Tum
1910 3749 2013 3804 ista
2038 3747 2347 3817 subjungit:
2387 3765 2405 3797 ι
2438 3744 2579 3812 Quin
2610 3747 2767 3800 etiam
2806 3746 2871 3800 ab
2908 3746 3056 3800 socio
3088 3745 3291 3817 Moysis

1744 3842 1925 3910 aliquo
1967 3839 2237 3911 ejusmodi
2272 3839 2675 3910 pronuntiatum
2720 3853 2837 3892 esse
2870 3838 3147 3891 oraculum
3184 3852 3283 3890 au-

1739 3936 1974 3989 divimus
2014 3955 2029 3991 :
2083 3933 2220 3989 Ecce
2246 3934 2429 3995 homo,
2463 3934 2547 3987 cui
2582 3946 2776 3984 nomen
2812 3928 2999 3984 Oriens
3056 3926 3125 3980 ’⁸.
3181 3924 3288 3980 No-

1742 4043 1866 4080 vum
1902 4025 2141 4096 profecto
2177 4041 2396 4088 nomen,
2444 4024 2490 4078 si
2531 4023 2764 4091 aliquem
2800 4037 2863 4075 ex
2895 4034 3118 4088 corpore
3164 4018 3284 4071 ani-

1742 4130 1939 4182 moque
1982 4113 2276 4167 conﬂatum
2330 4112 2613 4180 intelligas.
2668 4109 2761 4162 Sin
2814 4118 2990 4162 autem
3034 4108 3287 4176 incorpo-

1732 4217 1890 4258 ‘reum
1924 4205 2071 4256 illum
2098 4218 2161 4257 ac
2187 4202 2426 4256 divinum
2452 4200 2728 4269 exemplar
2753 4198 3007 4253 ferentem
3034 4197 3287 4267 accipias,

1740 4302 1855 4347 tum
1887 4292 2184 4357 enimvero,
2217 4290 2785 4345 convenientissimum
2824 4290 2925 4343 hoc
2954 4290 3058 4359 ipsi
3101 4289 3287 4344 Orien-

1741 4385 1809 4439 tis
1839 4399 2031 4438 nomen
2075 4382 2385 4452 impositum
2433 4398 2573 4445 esse,
2609 4382 2763 4436 facile
2802 4382 3087 4436 admodum
3121 4382 3290 4435 liben—

1741 4484 1924 4544 terque
1983 4472 2255 4529 fateberis.
2307 4472 2442 4527 Eum
2490 4472 2685 4542 quippe
2731 4471 2925 4525 Filium
2974 4471 3287 4539 antiquissi-

1742 4582 1887 4620 mum
1918 4565 2084 4620 edidit
2112 4566 2348 4619 universi
2378 4564 2605 4627 Parens,
2636 4578 2794 4632 quem
2829 4563 2988 4617 etiam
3022 4562 3146 4616 alibi
3176 4560 3289 4614 Pri-

91 4639 135 4713 ᾧ
180 4649 413 4700 τέθειται
465 4647 761 4717 ἐπιγραφὴ,
822 4626 957 4716 Περὶ
994 4650 1099 4703 τοῦ
1139 4651 1206 4703 τὸ
1247 4626 1638 4719 χεῖρώα-αῠτῷ

1746 4658 2067 4726 mogenituin
2116 4659 2421 4725 .ppellavit.
2470 4655 2519 4709 ls
2565 4666 2743 4709 autem
2780 4670 2843 4707 ex
2889 4652 2998 4707 Deo
3040 4653 3287 4721 genitus,

93 4740 373 4804 κρείττονι
401 4738 510 4807 (77)
546 4737 741 4806 φιλεῖν
766 4738 1149 4794 ἐπιτίθεσθαι.
1178 4742 1311 4813 Ἤδη
1335 4741 1390 4793 δέ
1426 4760 1514 4811 μοι
1548 4744 1640 4795 καὶ

1746 4746 1899 4817 534
1949 4746 2000 4799 in
2053 4746 2337 4813 archetypa
2383 4745 2526 4798 illius
2574 4742 2901 4811 exemplaria
2953 4741 3288 4811 respiciendo

93 4825 267 4878 ἄλλοτε
317 4828 386 4881 τὰ
428 4829 524 4897 τῆς
586 4826 694 4879 τῶν
740 4827 981 4893 παλαιῶν
1048 4831 1313 4902 Ἑϐραίων
1364 4834 1640 4896 εὐσεὸείας

1746 4837 2005 4892 formavit.
2046 4855 2064 4887 ι
2100 4834 2369 4889 Hactenus
2399 4850 2462 4889 ex
2506 4834 2599 4888 illo
2644 4833 2852 4887 Ποιητιιὶ
2880 4830 3125 4889 Philonis
3156 4849 3287 4902 ope-

90 4916 318 4985 δόγματα
347 4919 704 4991 παραθεμένῳ
726 4919 786 4970 ἐν
807 4923 915 4981 τοῖς
943 4924 1037 4991 τῆς
1062 4925 1467 4993 Εὐαγγελικῆς
1493 4929 1640 4994 Προ-

1746 4942 1829 4992 re,
1860 4926 2014 4993 cujus
2042 4924 2129 4977 hic
2165 4924 2355 4978 titulus
2394 4932 2508 4977 est:
2556 4922 2797 4976 Deterius
2827 4922 3126 4992 perfectiori
3156 4938 3285 4975 senio

94 5010 487 5077 παρασκευῆς,
514 5013 607 5065 καὶ
629 5011 697 5063 τὰ
729 5010 853 5080 περί⁴
890 5010 984 5061 τοῦ
1030 5012 1279 5085 δευτέρου
1314 5015 1479 5066 αίτίου
1508 5015 1640 5067 διεί-

1746 5035 1825 5070 per
1867 5016 2115 5084 infestum
2159 5031 2287 5069 esse.
2324 5011 2523 5067 Verum
2564 5030 2686 5069 cum
2728 5016 2837 5084 jam
2878 5014 3003 5067 alibi
3041 5021 3280 5065 veterum

90 5096 277 5169 ληπται
333 5102 638 5173 αὐτάρκως,
689 5104 772 5171 ἐφ’
822 5102 858 5155 ἃ
910 5104 1003 5154 καὶ
1035 5103 1131 5153 νῦν
1170 5108 1294 5169 τοὺς
1322 5105 1636 5176 φιλομαθεῖς

1746 5109 2091 5165 Hebraeorum
2124 5107 2373 5174 dogmata
2410 5106 2661 5176 pietatem
2691 5106 3109 5177 religionemque
3134 5117 3286 5156 com-

88 5188 404 5259 ὰναπέμψω.
442 5193 718 5246 Τοσούτων
748 5192 844 5247 οὖν
886 5194 1014 5263 παρ’
1046 5193 1335 5264 Ἑϐραίοις,
1363 5197 1456 5248 καὶ
1486 5198 1633 5249 τόνδε

1746 5200 1893 5268 plexa
1926 5196 2260 5266 protulerim,
2282 5204 2396 5255 tum
2423 5212 2548 5250 vero
2572 5212 2691 5267 quae
2716 5194 3008 5249 secundum
3034 5194 3097 5245 ad
3127 5193 3276 5260 prin-

89 5283 174 5335 τὸν
198 5285 391 5355 τρόπον
423 5286 551 5355 περὶ
574 5288 665 5340 τοῦ
691 5288 938 5357 δευτέρου
968 5286 1074 5337 τῶν
1100 5285 1235 5338 ὅλων
1267 5289 1437 5341 αἰτίου
1457 5290 1633 5342 τεθεοα-

1746 5290 1934 5358 cipium
1967 5289 2255 5357 pertinent,
2289 5289 2392 5343 hoc
2435 5288 2489 5341 in
2514 5284 2837 5355 Evangelia
2876 5279 3283 5348 Przparationis

89 5375 411 5447 λσγημένων,
459 5378 648 5448 καιρὸς
691 5379 790 5451 ἤδη
836 5380 929 5433 καὶ
982 5378 1074 5431 τοῦ
1128 5377 1409 5441 Πλάτωνος
1452 5384 1509 5433 ὲν
1556 5382 1633 5452 τῷ

1746 5395 1919 5450 opere,
1956 5381 2090 5434 satis
2115 5378 2213 5433 abs
2245 5396 2329 5433 me
2357 5394 2457 5449 pro
2483 5378 2729 5432 instituto
2758 5374 2976 5443 quidem
3014 5387 3134 5427 meo
3169 5372 3277 5427 dis-

100 5468 430 5539 Ἐπιμενίδῃ
451 5468 563 5537 (78)
585 5469 707 5522 τάδε
738 5470 982 5539 λέγοντος
1021 5468 1334 5523 ἐπακοῦσαι.

1746 5482 1925 5543 putata
1982 5481 2128 5538 sunt,
2176 5472 2402 5541 ad‘quae
2442 5470 2667 5539 proinde
2704 5482 2849 5520 nunc
2891 5466 2968 5519 rei
3014 5464 3287 5520 studiosos

150 5604 199 5639 ³⁸
224 5607 355 5676 Bap.
388 5622 485 5675 ut,
521 5604 611 5663 22.
686 5606 731 5639 ⁸⁸
752 5606 879 5681 Sap.
912 5625 1030 5673 vui,
1068 5608 1122 5665 Ι.
1195 5608 1241 5639 ⁸⁸
1261 5606 1424 5662 Zach.
1464 5624 1537 5671 Vt,
1577 5610 1665 5665 i2.

157 5717 262 5788 (τε)
306 5717 636 5786 Εὐκρεπές.
677 5716 925 5788 Nondum
968 5721 1203 5775 occurrit
1249 5718 1339 5773 hic
1384 5718 1628 5775 Philonis

1746 5726 1891 5777 τθαι.
1934 5718 2041 5785 Qui
2092 5719 2224 5772 liber
2275 5717 2563 5770 etiamnum
2619 5722 2830 5775 exstat,
2882 5725 3056 5780 neque
3107 5720 3286 5765 tamen

91 5786 805 5859 loeusLiProﬁtt-turquidem
839 5787 1105 5844 Eusebius
1134 5790 1324 5859 pagina
1368 5790 1630 5859 seq.ihzec
1744 5793 1885 5845 hanc
1913 5792 2031 5858 ejus
2056 5790 2352 5859 orationem
2376 5792 2749 5859 repraesentat.

90 5858 222 5925 apud
253 5858 532 5914 Philonem
574 5850 777 5921 haberi,
811 5872 876 5911 eo
908 5860 960 5911 iu
991 5860 1084 5911 lib.
1111 5850 1463 5912 c'uivtitulum:
1485 5858 1631 5912 iece-

1808 5860 1922 5922 (77)
1942 5850 2128 5921 Ἀὐτῷ
2154 5857 2331 5924 κρείτ.
2374 5850 2592 5925 Repone
2620 5852 2696 5925 τῷ
2718 5850 2921 5922 κρείτ-τ.

90 5919 174 5995 rit,
204 5929 334 5999 Περὶ
369 5929 475 5983 τοῦ
493 5929 696 5998 χεῖρον
724 5919 804 5996 τῷ
829 5930 1115 5997 κρείττονι
1154 5930 1349 5996 φιλεῖν
1379 5930 1631 5982 exstitis-

1805 5919 1916 5985 i78l
1964 5930 2063 5984 Ἐν
2099 5919 2200 5989 τιῖί
2224 5919 2587 5987 Ἐπιμενίδῃ.
2621 5919 2696 5978 na
2726 5919 2929 5979 amnes.
2956 5930 3053 5975 nec
3068 5927 3286 5973 mutare
