3994 6340
738 397 839 456 899

1345 390 1609 449 ευδεωι
1643 388 2110 444 (ΖᾹΞΞΛΒΙΕΝΞΙΞ
2147 389 2294 443 OPP.

2400 385 2501 442 .RS
2541 386 2604 443 ll.
2635 418 2701 428 -—-
2735 385 3223 442 APOLOGETICA.
3782 386 3866 440 900

736 509 824 565 nis
850 505 1112 569 adhibuit,
1136 488 1352 572 perinde
1374 511 1432 555 ut
1459 502 1503 555 si
1533 502 1655 569 quis
1682 502 1825 554 hunc
1859 501 1913 554 in
1945 501 2161 555 modum
2188 500 2267 553 lo-
2294 550 2300 563 ί

2400 501 2748 571 προειληφότες
2785 501 3041 571 Ἐϐραίων
3082 504 3129 554 οἱ
3174 502 3352 568 σοφοὶ,
3384 502 3647 559 δέδεικται
3681 502 3762 554 διὰ
3787 503 3867 553 τῶν

738 604 1008 667 queretur.
1060 593 1227 658 Quam
1254 606 1351 643 vos
1381 599 1611 643 mentem
1639 589 1885 644 homines
1910 604 2031 643 esse
2056 589 2275 655 conjici-

740 692 844 751 tis.
890 705 950 743 ea
995 686 1207 757 quidem
1260 672 1428 753 prima
1480 697 1589 737 non
1638 689 1765 735 est:
1800 680 2069 749 antiquior
2112 681 2277 733 altera

2371 590 2773 660 ἑκτεθειμένων.
2799 591 3030 653 Εἰκότως
3049 591 3181 659 δῆτα
3211 592 3303 642 καὶ
3335 591 3440 643 τῶν
3462 590 3756 659 φιλοσόφων
3784 591 3870 643 διι-

2372 680 2543 749 φανὴς
2574 679 2805 747 γεγονὼς
2838 681 3093 750 ’Ᾱμέλιος,
3118 681 3215 749 τῆς
3239 677 3516 742 Πλάτωνος
3538 680 3629 732 καὶ
3657 681 3820 743 αὑτὸς,
3838 686 3871 731 εἰ

741 780 979 849 quaedam
1028 785 1111 831 est
1158 786 1317 843 atque
1367 774 1617 828 divinior.
1654 791 1672 821 ι
1734 771 1968 840 Itemque
2008 770 2281 823 nonnullis

2400 770 2463 822 κιί
2488 788 2567 833 τις
2593 771 2765 832 ἄλλος,
2795 771 3034 843 ζηλωτὴς
3079 772 3405 840 φιλοσοφίας,
3439 772 3578 840 πλὴν
3776 771 3873 841 βάρ-

743 870 1089 938 interpositis,
1128 884 1147 917 ς
1181 865 1378 935 Utique
1427 866 1580 917 navis
1629 863 1972 932 gubernator,
2001 860 2173 913 medio
2194 860 2276 928 ja-

744 948 913 1015 Ctatus
937 960 1089 1019 mari,
1119 959 1269 1011 clavo
1296 955 1509 1025 quidem
1536 955 1780 1008 sublimis
1809 953 2067 1012 insidens,
2099 951 2273 1004 navim

745 1049 1111 1119 gubernaculis
1136 1048 1268 1115 regit
1298 1064 1314 1100 :
1348 1056 1398 1099 at
1420 1045 1605 1099 oculos
1635 1043 1791 1097 simul
1836 1050 1995 1108 atque
2026 1050 2277 1102 mentem,

747 1150 886 1192 recta
913 1153 1177 1189 summum
1209 1138 1263 1187 in
1305 1135 1499 1188 carlum
1546 1132 1799 1185 intentam
1843 1131 2176 1194 delixamque
2203 1136 2280 1180 te-

2374 861 2535 930 ϐαρον
2576 861 2841 929 ὀνομάσας
2883 861 2969 914 τὸν
3004 862 3260 932 Ἐόραίων
3285 861 3391 931 (26)
3436 861 3700 927 θεολόγον,
3736 864 3780 912 εί
3807 864 3875 913 καὶ

2383 950 2455 1021 μὴ
2486 952 2569 1002 ἐπ’
2596 952 2849 1019 ὀνόματος
2878 952 3071 1020 tilum:
3103 951 3193 1005 τοῦ
3241 951 3618 1018 εὐαγγελιστοῦ
3666 952 3875 1003 Ἰωάννσυ

2385 1044 2595 1112 μνήμην
2632 1043 2949 1111 ποιήσασθαι
2971 1084 2983 1104 ,
3017 1047 3367 1114 ἐπιμαρτυρεῖ
3406 1045 3446 1095 δ’
3473 1041 3565 1096 οὖν
3612 1044 3756 1112 ὅμως
3788 1046 3879 1105 ταῖς

2381 1130 2541 1181 αὑτοῦ
2588 1133 2785 1198 φωναῖς
2811 1170 2826 1193 ,
2879 1132 3015 1184 αὐτὰ
3062 1132 3123 1203 δὴ
3181 1132 3348 1184 ταῦτα
3398 1131 3529 1202 πρὸς
3576 1132 3724 1201 ῥῆμα
3770 1130 3879 1198 τρά-

747 1241 866 1296 net,
899 1244 1099 1298 suaque
1132 1227 1495 1289 hommi,dum
1522 1225 1743 1279 inferius
1768 1238 1915 1275 mare
1950 1222 2165 1289 trajicit,
2199 1220 2281 1271 via
2385 1238 2516 1288 φων.

748 1323 993 1390 superius
1019 1335 1107 1386 per
1150 1319 1342 1370 celum
1405 1316 1701 1369 conficitur.
1754 1314 1829 1366 Ita
1895 1322 2077 1365 noster
2108 1311 2191 1363 hic
2219 1309 2430 1372 artifex,
2464 1326 2529 1364 ne
2588 1320 2679 1364 aut
2737 1313 3010 1366 materiam
3053 1312 3167 1381 ipse
3208 1313 3455 1381 disjiciat,
3501 1322 3597 1365 aut
3624 1311 3883 1379 dissipetur

748 1426 862 1485 Lpsa
914 1431 1008 1482 per
1051 1427 1198 1474 sese,
1226 1426 1340 1464 eam
1405 1410 1493 1463 ubi
1559 1408 1942 1476 temperatione
1983 1406 2285 1473 colligavit,
2310 1405 2479 1457 cidem
2500 1444 2514 1467 ,
2544 1406 2760 1473 perinde
2817 1416 2873 1460 ut
2914 1408 2966 1459 in
2997 1408 3127 1460 mari
3156 1423 3377 1461 summa:
3407 1408 3559 1469 navi,
3594 1407 3673 1459 sic
3698 1406 3883 1465 insidet,

749 1516 809 1559 ut
858 1507 997 1559 illam
1040 1504 1203 1572 ipsius
1256 1504 1687 1570 temperationein
1754 1501 1886 1553 idcis
1952 1500 2291 1567 quibusdam.
2340 1500 2490 1567 quasi
2539 1499 2930 1567 gubernaculis,
2974 1502 3275 1554 moderetur
3322 1518 3335 1552 :
3402 1501 3628 1562 emtique
3677 1499 3790 1551 loco
3813 1515 3885 1551 διι-
3944 1474 3945 1525 Ὺ

753 1600 1009 1667 periorem
1042 1599 1092 1649 iii
1140 1597 1325 1660 Deum,
1384 1612 1510 1649 suos
1562 1596 1729 1663 ipsius
1768 1594 1953 1646 oculos
2013 1595 2065 1645 in
2121 1608 2237 1646 sese
2290 1602 2678 1646 convertentem
2729 1594 2987 1658 intuitus,
3034 1609 3098 1647 ex
3142 1593 3584 1661 contemplatione
3640 1592 3885 1659 judicandi

750 1693 878 1755 vim,
912 1700 967 1742 ut
994 1706 1057 1741 ex
1090 1699 1275 1757 suopte
1303 1688 1568 1741 desiderio
1625 1687 2030 1754 propensionem
2069 1694 2118 1738 et
2178 1686 2431 1754 impetum
2485 1687 2727 1754 accipiat.
2762 1706 2780 1737 ι
2815 1686 3019 1752 Quibus
3066 1702 3194 1740 sane
3232 1686 3535 1763 philosophi
3561 1686 3738 1739 verbis
3759 1685 3887 1738 aliine

750 1783 878 1835 illud
936 1792 1017 1835 est
1066 1781 1363 1834 Servatoris
1428 1780 1595 1833 nostri
1620 1780 1684 1841 ”,
1726 1798 1743 1829 t
1787 1777 1949 1842 Nihil,
1999 1778 2189 1846 inquit,
2235 1789 2406 1846 potest
2463 1778 2628 1832 Filius
2686 1779 2858 1833 facere
2892 1796 2921 1833 a
2968 1782 3285 1849 semetipso,
3324 1781 3425 1834 nisi
3463 1779 3657 1833 viderit
3701 1778 3887 1831 Patrem

754 1870 1046 1927 facientem.
1089 1894 1106 1923 ι
1159 1872 1350 1925 Verum
1377 1888 1441 1925 ex
1469 1869 1732 1923 Numenio
1783 1871 1994 1937 quidem
2052 1872 2152 1924 hac
2176 1872 2239 1925 de
2298 1888 2355 1925 re
2390 1874 2549 1926 modo
2574 1872 2723 1927 satis.
2758 1871 2913 1942 550
2942 1871 3054 1936 Qua
3088 1874 3298 1941 quidem
3328 1874 3598 1937 oratione,
3640 1884 3696 1924 ut
3736 1869 3887 1924 Plato-

755 1964 839 2016 nis
887 1977 1028 2023 vere,
1075 1977 1179 2013 non
1227 1976 1377 2013 suam
1413 1960 1479 2012 ab
1506 1973 1570 2011 eo
1601 1960 1976 2027 propriamque
2004 1959 2298 2013 doctrinam
2337 1962 2587 2028 explicari
2618 1962 2792 2029 quivis
2821 1961 3093 2028 intelligat,
3136 1977 3352 2015 necesse
3403 1962 3534 2014 nihil
3582 1972 3666 2016 est
3708 1962 3811 2014 hac
3837 1960 3888 2011 ad

752 2057 869 2125 ejus
891 2057 1046 2109 verba
1075 2055 1365 2123 quidquam
1408 2054 1711 2122 adiungere.
1744 2054 1786 2106 A
1817 2053 2034 2107 Platone
2082 2070 2207 2108 vero
2254 2071 2356 2107 non
2397 2057 2505 2109 hoc.
2538 2056 2763 2124 primum
2811 2056 3063 2109 doctrinae
3104 2070 3268 2123 genus
3298 2057 3582 2119 traditum,
3617 2057 3709 2109 sed
3750 2056 3811 2108 ab
3840 2055 3891 2105 iis

756 2150 843 2215 qui
872 2148 1009 2215 apud
1040 2145 1289 2199 Hebraeos
1338 2146 1594 2212 sapientia
1626 2145 1959 2209 eminebant,
1992 2154 2305 2212 occupatum
2346 2145 2544 2210 fuisse,
2594 2145 2888 2199 manifestis
2924 2147 3027 2197 iam
3067 2149 3389 2213 argumentis
3443 2147 3721 2199 evicimus.
3772 2145 3891 2210 Quin

756 2240 915 2291 etiam
942 2237 1195 2296 Amelius,
1258 2237 1579 2289 recentiores
1639 2235 1775 2287 inter
1814 2236 2156 2302 philosophos
2208 2237 2564 2299 clarissimus,
2616 2236 2858 2305 idemque
2892 2235 3171 2289 Platonica:
3199 2236 3542 2304 philosophiae
3581 2236 3895 2289 studiosissi-

758 2343 916 2393 mus,
950 2328 994 2381 si
1036 2328 1315 2395 quisquam
1345 2329 1499 2391 alius,
1548 2328 1858 2391 mmulator,
1892 2327 2119 2393 ingenue
2149 2337 2291 2380 certe
2327 2328 2562 2395 quidem,
2599 2329 2699 2381 nisi
2749 2331 2891 2396 quod
2937 2325 3211 2380 Hebraeum
3263 2328 3376 2395 ipse
3398 2327 3698 2394 theologum
3725 2326 3896 2377 barba-

759 2436 877 2473 rum
910 2421 1154 2487 appellat,
1189 2429 1245 2473 ut
1265 2419 1485 2473 Joannis
1530 2421 1865 2489 evangelista:
1921 2436 2110 2473 nomen
2173 2436 2368 2488 ponere
2405 2422 2663 2485 noluerit,
2712 2420 2826 2489 ejus
2873 2428 3048 2475 tamen
3092 2424 3381 2473 orationem
3429 2421 3543 2475 suis
3574 2422 3693 2489 ipse
3743 2418 3897 2473 verbis

760 2512 1170 2579 testimonioque
1224 2512 1540 2571 conlirmat,
1589 2512 1714 2563 dum
1771 2511 1913 2565 hunc
1962 2512 2013 2564 in
2072 2513 2288 2565 modum
2327 2511 2528 2563 scribit.

1324 2602 1546 2658 CAPUT
1592 2602 1729 2655 XIX.

764 2714 840 2767 De
888 2713 1105 2766 Joannis
1158 2712 1293 2780 apud
1358 2725 1464 2830 no;
1499 2711 1822 2828 erlangelista:
1885 2696 2179 2776 theologia,
2230 2722 2293 2759 ex

1467 2795 1541 2829 me
1566 2794 1631 2829 to.

1467 2794 1631 2829 meno.

838 2873 1036 2940 «Atque
1073 2873 1171 2924 hoc
1200 2871 1353 2939 plane
1377 2868 1609 2923 Verbum
1635 2879 1768 2931 erat,
1798 2869 1990 2937 inquit,
2018 2882 2111 2935 per
2129 2866 2294 2934 quod,

768 2965 1141 3030 sempiternum
1190 2977 1309 3014 cum
1340 2969 1514 3023 esset,
1548 2960 1877 3013 exsistebant
1921 2958 2126 3017 omnia,
2180 2972 2297 3023 quae

768 3055 981 3119 ﬁebant,
1008 3053 1448 3122 quemadmodum
1468 3051 1765 3103 Heraclitus
1791 3051 2097 3117 loqueretur
2122 3065 2134 3098 :
2157 3046 2297 3113 quod

771 3146 942 3212 ipsum
971 3142 1211 3195 videlicet
1244 3141 1504 3193 barbarus
1553 3141 1711 3192 etiam
1746 3140 1851 3199 ille,
1883 3140 2017 3205 apud
2054 3137 2214 3190 Deum
2246 3136 2297 3188 in

773 3235 1013 3303 principii
1063 3233 1228 3302 gradu
1274 3246 1334 3283 ac
1377 3230 1635 3296 dignitate
1683 3229 2054 3291 constitutum,
2106 3227 2212 3279 imo
2249 3237 2302 3277 et

775 3320 939 3373 Deum
984 3322 1141 3373 simul
1182 3335 1298 3372 esse
1329 3320 1638 3386 pronuntiat
1668 3336 1679 3370 :
1716 3333 1805 3384 per
1831 3318 1971 3384 quod
1999 3316 2135 3369 facta
2176 3317 2301 3369 sim-

776 3411 983 3478 pliciter
1013 3410 1190 3461 omnia
1220 3410 1345 3470 sint,
1383 3408 1433 3457 in
1462 3422 1568 3474 quo
1602 3406 1859 3474 quidquid
1891 3405 2085 3457 factum
2108 3413 2209 3468 est,
2250 3413 2303 3455 et

775 3500 979 3560 vivens,
1006 3506 1057 3549 et
1101 3496 1224 3557 vita,
1252 3505 1302 3546 et
1329 3495 1522 3561 aliquid
1565 3509 1659 3561 pro
1692 3509 1785 3547 sua
1837 3494 2086 3563 quodque
2114 3500 2301 3544 natura

778 3588 937 3641 fuerit
965 3606 978 3639 :
1006 3587 1140 3639 idem
1167 3600 1323 3652 porro
1353 3584 1404 3635 in
1428 3598 1647 3651 corpora
1676 3584 1845 3635 delabi
1868 3584 2046 3645 tradit,
2064 3591 2116 3635 et
2145 3596 2305 3634 carne

782 3680 1020 3731 indutum
1042 3716 1057 3740 ,
1093 3676 1379 3727 humanam
1429 3672 1657 3739 speciem
1692 3687 1799 3738 pra:
1824 3687 1880 3723 se
1910 3673 2077 3732 ferre,
2122 3673 2197 3723 sic
2224 3681 2303 3721 ta-

778 3783 899 3822 men
926 3776 983 3820 ut
1018 3781 1126 3820 suze
1172 3765 1370 3816 interea
1418 3771 1619 3815 natura:
1663 3762 1991 3828 majestatem
2020 3762 2260 3814 ostendat
2290 3798 2303 3821 ,

780 3859 1017 3924 adeoque
1059 3858 1285 3909 solutum
1320 3856 1409 3907 ubi
1450 3854 1557 3922 jam
1598 3853 1786 3915 fuerit,
1818 3853 1908 3906 Dei
1936 3854 2109 3906 locum
2136 3853 2307 3904 denuo

2898 2603 3283 2655 ΚΕΦΛΛΛΙΟΝ
3318 2601 3415 2654 19'.

2404 2716 2667 2782 Ἀμελίου
2715 2716 2822 2784 (9.7)
2857 2717 2983 2781 περὶ
3023 2714 3127 2779 τῆς
3165 2714 3433 2768 Ἰωάννου
3479 2715 3581 2768 τοῦ
3620 2716 3754 2783 παρ’
3781 2714 3903 2783 ἡμῖν

2764 2783 3180 2852 εὐαγγελιστοῦ
3216 2785 3535 2850 θεολογίας.

2468 2892 2485 2923 ι
2513 2875 2620 2925 Καὶ
2649 2869 2795 2935 οὗτος
2824 2874 2927 2944 ἄρα
2954 2871 3018 2943 ἦν
3048 2875 3076 2923 ὁ
3104 2874 3286 2939 Λόγος,
3317 2872 3433 2923 καθ’
3458 2874 3514 2924 ὃν
3554 2876 3662 2926 αἰεὶ
3702 2875 3825 2927 ὄντα
3849 2874 3906 2926 τὰ

2395 2964 2646 3033 γινόμενα
2705 2965 2939 3031 ἐγίνετο,
2985 2965 3058 3025 ὡς
3102 2963 3166 3015 ἂν
3220 2964 3310 3014 καὶ
3364 2964 3707 3033 Ἡράκλειτος
3765 2964 3908 3030 ἀξιώ-

2399 3070 2507 3105 σειε
2535 3054 2663 3121 (28),
2696 3053 2882 3123 καὶ’νὴ
2925 3054 3002 3104 Δί’
3026 3054 3082 3105 ὃν
3110 3057 3137 3107 ὁ
3172 3053 3434 3123 βάρϐαρος
3456 3056 3592 3118 ἀξιοῖ
3627 3057 3684 3106 ὲν
3714 3058 3779 3123 τῇ
3825 3056 3907 3121 τῆς

2397 3142 2565 3212 ἀρχῆς
2594 3142 2737 3206 τάξει
2766 3160 2822 3194 τε
2861 3145 2951 3195 καὶ
2975 3143 3096 3213 ἀξίᾳ
3117 3145 3223 3213 (29)
3248 3144 3607 3212 καθεστηκότα
3636 3145 3775 3213 πρὸς
3795 3145 3910 3195 Θεὸν

2398 3230 2551 3295 εἶναι,
2574 3235 2664 3285 καὶ
2686 3233 2813 3284 Θεὸν
2836 3230 2993 3289 εἶναι·
3018 3234 3083 3285 δι’
3106 3229 3164 3287 οὗ
3190 3234 3339 3287 πάνθ’
3365 3234 3543 3294 ἁπλῶς
3566 3233 3907 3300 γεγενῆσθαι·

2400 3325 2455 3374 ὲν
2478 3316 2520 3387 ᾧ
2540 3320 2599 3372 τὸ
2624 3322 2902 3390 γενόμενον
2936 3322 3058 3384 ζῶν,
3080 3322 3169 3372 καὶ
3192 3322 3349 3391 ζωὴν,
3385 3322 3475 3372 καὶ
3501 3323 3562 3373 ὃν
3600 3323 3911 3389 πεφυκέναιο

2401 3412 2490 3463 καὶ
2519 3414 2595 3473 εἰς
2620 3412 2685 3463 τὰ
2721 3410 2939 3481 σώματα
2967 3411 3197 3473 πίπτειν,
3221 3412 3310 3463 καὶ
3342 3413 3512 3479 σάρκα
3553 3410 3912 3479 ἐνδυσάμὲνιιν,

2402 3501 2751 3569 φαντάζεσθαι
2777 3501 3071 3570 ἄνθρωπον,
3096 3502 3230 3570 μετὰ
3264 3503 3351 3552 καὶ
3375 3500 3465 3552 τοῦ
3492 3500 3790 3570 τηνικαῦτα
3827 3499 3917 3550 δει-

2403 3589 2578 3640 κνύειν
2604 3590 2697 3657 τῆς
2746 3589 2951 3656 φύσεως
2987 3588 3046 3641 τὸ
3093 3588 3395 3657 μεγαλεῖον·
3435 3589 3623 3657 ἀμέλει
3662 3588 3757 3639 καὶ
3792 3590 3915 3639 ἁνα-

2402 3680 2620 3731 λυθέντα
2648 3680 2803 3732 πάλιν
2837 3679 3205 3753 ἀποθεοῦσθαι.
3244 3680 3333 3730 καὶ
3367 3679 3495 3731 Θεὸν
3530 3675 3687 3739 εἶναι,
3722 3676 3831 3741 οἷος
3860 3674 3919 3747 ἦν

2406 3767 2506 3837 πρὸ
2533 3768 2621 3820 τοῦ
2644 3769 2721 3829 είς
2749 3768 2807 3819 τὸ
2835 3769 3007 3836 σῶμα,
3039 3769 3129 3820 καὶ
3157 3768 3248 3836 τὴν
3276 3769 3467 3837 σάρκα,
3499 3769 3589 3819 καὶ
3614 3768 3701 3819 τὸν
3727 3769 3920 3837 ἂνθρω-

2407 3872 2503 3906 πον
2533 3856 2855 3924 καταχθῆναι
2892 3854 3215 3924 (50).)Ταῦτ⁹
3252 3856 3445 3929 οὐκέτ’,
3472 3856 3919 3925 ὲπεσκιασμένως,

780 3960 1077 4015 capessere,
1105 3960 1165 3997 ac
1189 3944 1352 3996 Deum
1378 3958 1597 4011 prorsus
1624 3944 1868 3997 eumdem
1883 3958 2020 4008 esse,
2052 3944 2142 4011 qui
2173 3952 2300 4008 erat,

2407 3946 2515 3997 ἀλλ’
2568 3921 2815 4016 ἀντικρνς
2846 3921 2942 4016 ἤδη
2980 3921 3159 4016 γυμνῇ
3212 3949 3275 4015 τῇ
3329 3926 3529 4017 κεφαλῇ
3583 3921 3921 4016 μετακεερρα-

782 4038 1093 4106 priusquam
1120 4035 1170 4085 in
1197 4049 1392 4100 corpus
1422 4042 1579 4100 atque
1610 4034 1663 4085 in
1692 4048 1903 4086 carnem
1936 4033 2305 4099 hominemque

785 4129 1143 4182 descenderet.
1172 4144 1190 4191 φ
1230 4122 1350 4175 Haec
1374 4123 1479 4187 ille,
1506 4139 1623 4189 qua:
1646 4124 1881 4189 profecto
1911 4138 2014 4175 non
2042 4124 2150 4189 jam
2183 4122 2307 4175 sub-

786 4219 1012 4271 obscure
1051 4216 1397 4278 adumbrata,
1457 4212 1546 4264 sed
1595 4214 1799 4278 palam,
1844 4213 2120 4279 nudaque,
2168 4210 2305 4276 quod

787 4307 968 4367 aiunt,
1015 4305 1219 4369 fronte,
1268 4320 1332 4357 ex
1378 4303 1464 4355 illa
1512 4303 1720 4354 barbari
1773 4302 2005 4353 hominis
2047 4300 2305 4366 theologia

791 4396 1044 4449 translata
1072 4411 1187 4448 esse
1214 4410 1368 4447 nemo
1394 4409 1499 4446 non
1528 4393 1689 4445 videt.
1722 4390 1984 4443 Barbarus
2005 4399 2178 4442 autem
2202 4390 2306 4452 ille,

792 4503 947 4557 quem
971 4499 1138 4549 vocat,
1168 4488 1349 4553 ecquis
1380 4500 1537 4553 porro
1577 4484 1693 4545 fuit,
1722 4484 1822 4535 nisi
1859 4481 2089 4534 Joannes
2120 4480 2309 4531 Serva-

795 4584 923 4634 toris
968 4578 1130 4629 nostri
1175 4576 1513 4645 evangelista,
1555 4574 1643 4641 qui
1688 4572 1935 4625 Hebraeus
1980 4586 2043 4622 ex
2078 4568 2311 4622 Hebraeis

793 4670 946 4722 erat?
974 4666 1136 4730 Cujus
1168 4668 1276 4715 lnec
1300 4674 1379 4716 est
1409 4666 1523 4731 ipso
1552 4665 1727 4714 statim
1758 4660 2024 4727 Evangelii
2052 4660 2129 4713 sui
2155 4676 2310 4712 exor-

794 4758 880 4805 dio
906 4754 1162 4819 theologia
1196 4769 1205 4801 :
1246 4768 1261 4798 ι
1298 4754 1349 4800 In
1382 4751 1635 4817 principio
1669 4757 1783 4801 erat.
1812 4746 2071 4809 Verbum,
2103 4758 2154 4800 et
2180 4746 2309 4799 Ver-

797 4845 920 4894 bum
950 4851 1061 4893 erat
1098 4840 1233 4906 apud
1278 4837 1463 4902 Deum,
1491 4849 1542 4890 et
1582 4838 1717 4891 Deus
1763 4846 1876 4889 erat
1906 4838 2154 4889 Verbum.
2204 4837 2312 4891 Hoc

866 4952 907 4979 ³⁹
943 4948 1093 5002 Joan.
1130 4966 1179 5013 v,
1220 4948 1303 5001 19.

872 5080 981 5150 (26)
1028 5081 1313 5145 Ἐϐραίων.
1344 5079 1559 5131 Rectius
1597 5079 1855 5146 Ἐϐραῖον,
1882 5092 1999 5131 cum
2033 5077 2181 5130 alter.
2211 5094 2317 5131 ma-

802 5152 1090 5217 nuscripto.

2408 4037 2578 4104 σμὲνα
2602 4038 2663 4088 ἐκ
2688 4038 2781 4106 τῆς
2799 4037 3066 4107 βαρόάρου
3090 4036 3356 4103 θεολογίας
3375 4037 3505 4105 δῆλα
3529 4035 3714 4104 ἂνεῖη.
3750 4055 3767 4086 ι
3791 4037 3846 4087 Ὀ
3875 4035 3923 4086 δέ.

2406 4143 2467 4193 γε
2492 4128 2753 4197 βάρϐαρος
2789 4129 2869 4190 τίς
2897 4124 2963 4197 ἦν
3000 4127 3161 4195 αὐτῷ,
3192 4130 3238 4179 εί
3263 4128 3335 4197 μὴ
3368 4127 3455 4179 τοῦ
3502 4126 3753 4195 Σωτῆρος
3781 4125 3924 4194 ἡμῶν

2406 4217 2779 4286 εὐαγγελιστὴς
2827 4219 3103 4286 Ἰωάννης,
3148 4218 3385 4286 Ἐὁραίοξ
3417 4216 3489 4268 ὢν
3525 4216 3582 4279 ἐξ
3636 4217 3925 4286 Έὸραίωνς

2407 4308 2461 4368 ὃς
2492 4325 2589 4358 που
2622 4308 2914 4376 ἀρχόμενος
2950 4307 3046 4374 τῆς
3079 4308 3276 4368 οἰκείας
3306 4308 3535 4375 γραφῆς,
3566 4300 3664 4358 ὦδέ
3711 4323 3789 4373 πη
3817 4307 3925 4358 Oeo-

2406 4398 2575 4464 λογεῖ·
2607 4418 2623 4447 ι
2659 4399 2744 4452 Ἐν
2775 4401 2909 4467 ἀρχῇ
2932 4394 2997 4467 ἦν
3027 4402 3054 4450 ὁ
3090 4399 3284 4467 Λόγος·
3316 4400 3408 4449 καὶ
3434 4402 3460 4449 ό
3498 4399 3660 4463 Λόγος
3701 4393 3773 4466 ἦν
3803 4398 3929 4466 πρὸς

2406 4488 2493 4538 τὸν
2526 4471 2798 4539 Θεὸν-’καὶ
2841 4488 2965 4549 Θεὸς
3009 4484 3074 4556 ἦν
3113 4490 3139 4539 ὁ
3177 4488 3359 4554 Λόγος.
3390 4482 3551 4547 Οὗτος
3580 4482 3645 4554 ἧν
3693 4489 3752 4537 ἐν
3798 4488 3927 4553 ἀρχῇ

2411 4579 2540 4647 πρὸς
2563 4579 2646 4629 τὸν
2661 4578 2875 4645 Θεόν(“51
2890 4580 2925 4643 ).
2945 4579 3119 4629 Πάντα
3138 4578 3200 4629 δι’
3220 4576 3380 4629 αὑτοῦ
3406 4577 3629 4643 ἐγένετο,
3656 4578 3752 4628 καὶ
3772 4578 3930 4645 χωρὶς

2411 4668 2567 4719 αὐτοῦ
2606 4669 2810 4735 ἐγένετο
2845 4668 2959 4719 οὐδὲ
2987 4669 3063 4733 ἓν,
3091 4668 3118 4719 ὃ
3147 4668 3361 4734 γέγονεν
3381 4685 3392 4695 ·
3441 4670 3495 4717 ὲν
3526 4666 3665 4733 αὐτῷ
3696 4666 3813 4733 ζωὴ
3850 4662 3929 4733 ἦν,

2410 4761 2499 4810 καὶ
2534 4762 2565 4827 ἡ
2604 4757 2710 4827 ζωὴ
2748 4755 2812 4826 ἦν
2840 4760 2896 4809 τὸ
2926 4759 3036 4825 φῶς
3082 4758 3184 4808 τῶν
3222 4757 3515 4825 ἀνθρώπων
3580 4756 3687 4808 Καὶ
3712 4759 3742 4807 ὁ
3772 4758 3932 4821 Λόγος

2413 4848 2544 4919 σὰρξ
2570 4847 2801 4914 ἐγένετο,
2839 4849 2925 4899 καὶ
2968 4850 3265 4917 ἐσκήνωσεν
3306 4850 3362 4901 ὲν
3398 4850 3546 4916 ἡμῖν.
3572 4848 3675 4899 Καὶ
3706 4848 3932 4899 ἐθεασά-

2414 5103 2593 5227 εΝᾶιθ)
2634 5154 2734 5207 Καὶ
2752 5154 2921 5227 gari,
2956 5154 3030 5208 ita
3062 5158 3393 5227 reposuimus
3434 5174 3496 5212 ex
3542 5159 3931 5227 manuscripto,

874 5214 1297 5297 ςΩἹΓΑμελί-οέ).
1329 5214 1839 5297 Adil'i'heodoretum
1870 5216 1966 5297 lib:
1994 5230 2029 5293 ιι
2054 5215 2300 5297 Πενςῖηερλ

2416 5214 2502 5297 ςιῄ
2528 5214 2725 5276 suiniles
2752 5214 3183 5297 Tlieodoretus'et
3214 5225 3463 5295 Cyrillus,
3496 5244 3617 5281 cum
3651 5214 3930 5297 per‘peiaui

804 5285 995 5355 affect"
1046 5302 1162 5353 pag.
1200 5285 1311 5355 53g,
1347 5295 1397 5336 et
1437 5285 1689 5352 Cyrillum
1739 5285 2076 5355 Alex_andr_in.
2119 5286 2206 5335 lib.
2260 5288 2309 5334 in

802 5352 1072 5408 Iulianum
1108 5370 1217 5413 vni,
1248 5352 1336 5404 fol.
1368 5355 1483 5414 177,
1513 5369 1561 5419 p.
1596 5355 1617 5403 1
1670 5353 1787 5405 cod.
1835 5352 1999 5403 Graeci
2043 5368 2329 5417 inamiscr.,

848 5428 897 5476 ui
936 5428 1087 5475 ambo
1120 5425 1291 5474 locum
1322 5424 1457 5473 hu'nc
1488 5423 1672 5473 Amelii
1716 5420 2009 5488 proferunt,
2040 5422 2139 5473 nisi
2173 5421 2313 5486 quod

808 5443 1031 5545 Evrillus
1060 5509 1177 5544 eum
1222 5507 1282 5542 ex
1334 5491 1619 5545 l’orphvrio
1652 5494 1823 5545 potius
1851 5528 1863 5545 .
1913 5489 2003 5539 sed
2054 5491 2311 5539 Amelium

2416 5293 2552 5343 editu
2564 5308 2609 5342 m
2635 5302 2772 5343 esset
2799 5291 3003 5353 ἀταξία.

2482 5360 2587 5433 (£50)
2618 5360 3002 5433 καταχθῆναι.
3024 5361 3203 5433 Cyrili.
3234 5364 3632 5433 κατενεχθῆναι.

2482 5383 2587 5429 (ου)
2618 5383 3002 5425 Λαῖαχυτιναι.
3027 5383 3203 5429 bynu.
3234 5383 3419 5415 κατενε
3441 5383 3632 5433 δυηναι.

2476 5428 2583 5493 (3t)
2618 5428 2767 5494 Πρὸς
2798 5429 2898 5480 τὸν
2927 5432 3085 5481 Θεόν.
3130 5431 3390 5485 Hactenus
3522 5432 3746 5486 Joannis
3777 5436 3932 5487 verba

856 5495 1031 5569 yrilluis
1060 5509 1177 5569 eum
1222 5507 1282 5542 ex
1334 5491 1619 5568 l’orphyrip
1652 5494 1823 5557 potius
1851 5528 1879 5569 ,ι
1913 5489 2016 5569 sed
2054 5491 2311 5569 Aurelium
2410 5496 2460 5569 in
2487 5489 3241 5569 ‘pt'ioriveditionercitabautur
3274 5520 3285 5551 :
3324 5518 3419 5554 nos
3451 5512 3650 5564 tamen,
3684 5505 3831 5569 quod
3866 5506 3931 5555 ita

813 5558 965 5641 suum
998 5562 1270 5623 laudante,
1310 5574 1468 5623 quam
1501 5574 1561 5610 ex
1596 5560 1815 5625 ipsumet
1855 5558 2083 5619 Amelio,
2114 5558 2317 5609 videtur
2412 5558 2577 5641 lacus“
2608 5568 2813 5632 “igere
2859 5568 3155 5633 videretur,
3203 5570 3404 5639 reliqua
3453 5586 3516 5623 ex
3565 5558 3932 5641 magna“,qu

814 5632 1340 5766 Ιηὲόῗδῗλξιάυειε.
1391 5695 1515 5749 Post
1556 5693 1857 5759 ἀξιώσειεν,
1901 5695 2047 5749 addit
2090 5694 2316 5765 Cyrillus

2412 5634 2722 5688 addidimus.
