4038 6330
52 354 193 409 ὀἱ
1242 346 1563 405 PREPAR.
1605 347 1853 402 EVANG.
1895 346 2025 403 UB.
2066 347 2155 402 XI.
3227 348 3333 403 903

64 468 255 538 μιθα
296 468 400 541 τὴν
442 467 595 531 δόξαν
625 464 806 529 αὐτοῦ,
851 464 1004 529 δόξαν
1030 464 1105 526 ὡς
1149 462 1479 531 Μονογενοῦς
1530 463 1671 534 παρὰ

1775 472 1893 518 erat
1940 465 1997 517 in
2044 464 2309 533 principio
2358 464 2496 533 apud
2529 463 2719 520 Deum.
2782 463 2977 518 Omnia
3018 478 3114 533 per
3155 463 3331 532 ipsum

57 558 355 626 Πατρός.
387 579 408 611 ι
432 558 536 611 Τοῦ
557 558 601 611 δ’
622 556 784 611 αὑτοῦ
804 557 927 628 πέρι
956 556 1050 609 καὶ
1071 554 1224 617 ἄλλος
1238 554 1478 625 Ἐϐραῖος
1499 553 1671 605 θεολό-

1774 553 1915 607 l’acta
1944 563 2161 617 sunt,et
2187 556 2302 606 sine
2331 554 2446 621 ipso
2461 553 2663 607 factum
2686 563 2769 608 est
2785 555 2942 615 nihil,
2972 554 3113 623 quod
3132 554 3332 607 factum

59 666 189 717 τος
219 650 541 703 ἐπάκουσον
556 643 641 701 οἷα
658 645 904 710 διέξεισιν
919 662 933 674 ·
966 664 985 695 ι
1014 645 1109 707 Ὃς
1125 646 1237 696 ἐστι
1257 642 1417 695 εἰκὼν
1432 642 1524 694 τοῦ
1540 641 1671 694 Θεοῦ

1774 652 1877 697 est.
1912 642 1970 695 In
2007 644 2124 712 ipso
2150 645 2255 697 vita
2283 654 2418 708 erat,
2440 653 2492 697 ct
2517 646 2621 696 vita
2643 654 2757 697 erat
2782 645 2879 696 lux
2911 632 3212 697 hominum.
3268 644 3334 699 Ει

60 736 185 790 τοῦ
223 738 508 807 ἀοράτου,
537 735 879 806 Πρωτότοκος
905 733 1081 801 πάσης
1113 731 1210 801 τῆς
1236 732 1484 792 κτίσεως.
1507 731 1588 782 ὅτι
1617 730 1671 784 ὲν

1776 733 2008 787 Verbum
2042 750 2169 788 caro
2196 734 2395 788 factum
2417 743 2583 797 est,et
2606 734 2863 787 habitavit
2891 734 2943 785 in
2969 735 3143 787 nobis.
3163 733 3229 787 Et
3252 736 3333 787 vi-

65 827 266 898 αὐτῷ
308 828 529 897 ἐκτίσθη
575 828 746 879 πάντα
778 822 847 876 τά
879 827 936 877 ἐν
964 828 1075 885 τοῖς
1107 826 1352 895 οὐρανοῖς
1385 826 1477 876 καὶ
1499 826 1565 876 τά
1586 825 1671 876 ἐπὶ

1774 826 1954 878 dimus
1968 826 2195 893 gloriam
2211 826 2347 893 ejus,
2364 825 2584 894 gloriam
2602 824 2755 893 quasi
2772 822 3042 892 Unigeniti
3063 841 3092 877 a
3114 818 3291 877 Patre.
3306 842 3328 875 ι

64 917 195 985 τῆς
234 920 373 988 γῆς’
393 920 481 970 καὶ
503 918 676 971 πάντα
698 916 761 967 δι’
789 915 950 967 αὑτοῦ
978 916 1286 985 συνέστηκε,
1305 916 1397 967 καὶ
1415 915 1481 966 τὰ
1504 916 1671 967 πάντα

1784 915 1937 985 541
1980 914 2082 968 Sed
2120 916 2243 967 audi
2277 915 2403 983 quid
2434 915 2570 967 alius
2594 914 2814 982 quoque
2841 916 3121 983 theologus
3144 914 3210 968 de
3237 928 3329 966 eo-

69 1008 142 1059 ὲν
178 998 357 1080 αὑτῷ
383 1006 621 1076 ἐκτίσθη,
645 1006 712 1059 τά
739 1023 794 1057 τε
824 1004 989 1075 ὀρατά
1022 1006 1113 1057 καὶ
1138 1006 1204 1056 τὰ
1228 1006 1447 1076 ἀόρατα.
1477 1025 1496 1057 ι
1527 1006 1671 1058 Ἀλλά

1783 1008 1925 1069 dem,
1975 1006 2231 1059 Hebraeus
2272 1015 2324 1059 et
2368 1007 2503 1075 ipse,
2540 1006 2876 1074 pronuntiet:
2932 1006 3061 1069 «Qui
3097 1015 3201 1066 est,
3242 1004 3331 1057 in-

72 1098 191 1148 καὶ
230 1099 315 1150 τὰ
341 1098 465 1167 περὶ
494 1098 589 1166 τῆς
605 1096 695 1149 τοῦ
722 1096 970 1167 δευτέρου
996 1096 1165 1147 αἰτίου
1189 1095 1491 1159 συστάσεώς
1513 1114 1570 1148 τε
1593 1097 1671 1149 καῖ

1784 1099 1922 1167 quit,
1981 1098 2157 1165 imago
2207 1095 2299 1149 Dci
2356 1098 2662 1161 invisibilis,
2714 1097 3102 1165 primogenitus
3153 1096 3333 1150 omnis

72 1187 426 1250 οὗσιώσεως
447 1182 545 1240 ὧδε
570 1190 682 1247 τοῖς
721 1186 967 1255 Ελλήνων
985 1189 1161 1253 σοφοῖς
1182 1189 1315 1258 πρὸς
1330 1188 1397 1241 τὰ
1424 1188 1671 1257 Ἐϐραίωι

1783 1199 2063 1250 creatum,
2094 1189 2350 1256 quoniam
2386 1188 2439 1240 in
2476 1189 2593 1256 ipso
2632 1189 2846 1242 condita
2888 1198 3017 1241 sunt
3051 1188 3327 1248 universa.

76 1279 554 1349 συμπεφώνηται
574 1295 588 1307 ’
621 1277 889 1348 μετίωμεν
914 1276 1048 1346 δῆτα
1074 1279 1167 1330 καὶ
1196 1280 1279 1345 ἐφ’
1308 1278 1511 1348 ἕτερον.

1787 1278 1840 1331 in
1863 1279 2014 1332 cmlts
2040 1288 2090 1329 et
2118 1277 2169 1327 in
2200 1287 2374 1329 terra:
2403 1285 2455 1330 et
2485 1279 2665 1329 omnia
2702 1293 2795 1345 per
2834 1279 3005 1346 ipsum
3036 1279 3331 1335 constituta

78 1385 269 1436 sunt,
305 1381 359 1425 et
390 1370 569 1423 omnia
614 1370 667 1421 in
720 1369 836 1437 ipso
885 1379 1063 1421 creata
1122 1378 1266 1433 sunt,
1304 1385 1436 1423 .cum
1474 1369 1727 1431 visibilia,
1766 1377 1878 1421 tum
1916 1368 2206 1420 invisibilia
2224 1368 2294 1419 ³ο.
2332 1386 2351 1417 ι
2389 1366 2463 1420 Ac
2491 1367 2557 1421 de
2586 1368 2807 1421 secundi
2838 1370 3051 1437 quidem
3083 1368 3328 1438 principii

84 1461 494 1529 generatione,
551 1468 605 1511 et
655 1458 1051 1511 communicata
1112 1473 1233 1511 cum
1286 1459 1377 1512 illo
1430 1459 1664 1512 essentia
1730 1460 1986 1511 hactenus
2022 1472 2118 1521 ea,
2184 1459 2235 1510 in
2283 1458 2476 1526 quibus
2528 1456 2835 1512 Cra-corum
2892 1460 3157 1527 sapientes
3204 1475 3327 1515 cum

84 1552 479 1610 Hebraeorum
535 1544 778 1605 doctrina
840 1551 1203 1603 consentiunt.
1275 1549 1391 1603 Jam
1446 1549 1512 1603 ad
1561 1551 1665 1604 alia
1706 1561 2062 1603 transeamus.

646 1644 1031 1697 ΚΕΦΑΛΑΙΟΝ
1075 1645 1156 1694 Κ’.

275 1738 417 1806 Περὶ
455 1735 571 1789 τῶν
606 1734 779 1802 τριῶν
817 1732 1073 1800 ἀρχιδιῶν
1106 1731 1512 1786 ὺποστιίσεων.

2350 1638 2577 1695 CAPUT
2612 1640 2728 1693 XX.

1870 1731 1945 1784 De
1974 1731 2138 1783 tribus
2168 1718 2495 1792 substantiis,
2522 1730 2764 1798 principii
2794 1730 2893 1782 vim
2923 1729 3247 1783 habentibus.

167 1829 313 1883 Τῶν
342 1831 467 1898 παρ’
500 1826 768 1898 Ἑϐραίοις
796 1824 987 1888 λογίων
1019 1823 1154 1892 μετά
1186 1824 1273 1875 τὸν
1307 1824 1432 1893 περὶ
1472 1823 1671 1893 Πατρὸς

1853 1820 2160 1874 Secundum
2212 1820 2423 1873 Patrem
2471 1835 2535 1873 ac
2586 1818 2807 1885 Filium,
2866 1822 3080 1874 tertium
3137 1822 3329 1875 ordine

88 1924 201 1973 καὶ
242 1920 382 1972 Υίοῦ
406 1920 560 1986 λόγον
593 1920 648 1969 ὲν
672 1916 830 1987 τρίτῃ
850 1914 997 1978 τάξει
1017 1913 1075 1965 τὸ
1098 1914 1248 1980 ἆγιον
1275 1914 1493 1983 Πνεῦμα
1515 1930 1671 1966 κατα-

1780 1910 2037 1980 Spiritum
2100 1920 2343 1965 sanctum
2405 1908 2626 1961 Hebraea
2681 1911 2898 1963 oracula
2966 1912 3325 1974 constituunt,

86 2009 405 2077 λεγόντων,
439 2008 531 2060 καὶ
573 2008 669 2076 τήν
701 2022 762 2072 γε
808 2004 965 2070 ἁγίαν
1009 2002 1103 2055 καὶ
1157 2003 1424 2071 μακαρίαν
1477 2002 1671 2073 Τριάδα

1776 2014 2122 2072 sanctamque
2150 2019 2213 2056 ac
2246 2003 2454 2055 beatam
2490 1999 2807 2053 Trinitatem
2839 2016 2903 2054 eo
2937 2016 2994 2055 se
3030 2003 3190 2055 modo
3232 2003 3328 2055 ha-

86 2101 310 2153 τοῦτον
350 2096 743 2166 ὑποτιθεμένων
786 2093 875 2144 τὸν
914 2091 1141 2162 τρόπον,
1169 2090 1241 2152 ὼς
1268 2091 1331 2142 ἂν
1365 2091 1459 2159 τῆς
1491 2091 1671 2160 τρίτης

1775 2095 1922 2160 bere,
1978 2095 2344 2162 pronuntiant.
2381 2100 2437 2145 ut
2476 2092 2573 2146 abs
2598 2093 2790 2145 virtute
2824 2094 2922 2145 hac
2958 2102 3132 2155 tertia,
3171 2094 3328 2163 quid—

89 2192 401 2261 δυνάμεως
426 2189 602 2241 πᾶσαν
644 2182 1072 2254 ὑπερδεδηκυίας
1096 2173 1335 2250 ’γενητὴν
1364 2181 1520 2248 φύσιν
1539 2197 1552 2209 ·
1585 2176 1671 2232 οῦ-

1773 2184 1900 2252 quid
1930 2185 2118 2252 genita:
2149 2194 2352 2238 natura:
2387 2194 2469 2237 est
2496 2184 2762 2253 superari,
2791 2184 3149 2251 "eandemque
3198 2199 3322 2237 cum

92 2280 209 2332 σάν
269 2298 331 2331 τε
383 2276 602 2348 πρώτην
654 2274 750 2343 μὲν
799 2272 903 2324 τῶν
945 2271 1030 2323 διὰ
1078 2270 1170 2323 τοῦ
1212 2271 1340 2322 Υίοῦ
1398 2269 1671 2321 συστασῶν

1775 2277 2116 2345 spiritalium,
2160 2292 2279 2345 quae
2324 2292 2416 2345 per
2448 2276 2643 2330 Filium
2691 2277 2965 2338 exstitere,
3008 2287 3322 2329 naturarum

94 2369 325 2439 νοερῶν
352 2366 573 2428 οὐσιῶν,
608 2363 794 2432 τρίτην
836 2362 891 2413 δὲ
923 2361 1028 2413 ἀπὸ
1068 2358 1159 2412 τοῦ
1201 2358 1412 2428 πρώτου
1463 2357 1634 2409 αίτίου
1658 2374 1671 2386 ·

1775 2369 2093 2437 principem,
2144 2380 2255 2421 tum
2308 2369 2376 2421 ab
2426 2369 2602 2435 prium
2652 2367 2916 2435 principio
2948 2366 3159 2419 tertiam
3204 2382 3326 2420 esse

96 2460 210 2511 θέα.
253 2459 403 2519 ὅπως
447 2456 538 2507 καὶ
577 2455 606 2504 ὁ
645 2454 863 2506 Πλάτων
898 2451 1121 2504 τοιαῦτά
1153 2467 1269 2503 τινα
1324 2447 1539 2518 ᾐνίξατο
1590 2446 1671 2498 διά

1776 2459 1959 2510 velint.
1990 2455 2106 2509 Jam
2143 2457 2360 2521 videsis,
2398 2456 2851 2524 quemadmodum
2886 2455 2973 2507 illa
3007 2456 3121 2523 ipsa
3144 2454 3320 2518 Plato,

97 2548 217 2616 τῆς
248 2547 388 2618 πρὸς
407 2545 672 2598 Διονύσιον
701 2542 1001 2611 ἐπιστολῆς,
1036 2542 1204 2608 λέγων
1222 2557 1236 2569 ο
1272 2558 1289 2589 ι
1315 2538 1580 2607 Φραστέον
1612 2536 1671 2607 δή

1775 2548 2105 2600 subobscure
2126 2546 2270 2609 licet,
2303 2546 2353 2598 in
2379 2562 2441 2599 ea
2466 2560 2625 2613 quam
2656 2544 2721 2598 ad
2743 2543 3053 2613 Dionysium
3083 2544 3322 2610 scripsit,

101 2652 197 2687 σοι
232 2635 307 2687 δι’
334 2628 682 2702 αἰνιγμάτων,
707 2633 771 2684 ἶν’
795 2631 857 2684 ἄν
885 2648 935 2683 τι
964 2629 1159 2693 δέλτος,
1184 2628 1215 2697 ἦ
1244 2626 1519 2694 πόντου,,ἢ
1549 2624 1671 2692 γῆς,

1772 2636 2016 2705 epistola,
2048 2637 2131 2691 bis
2177 2637 2353 2690 verbis
2389 2636 2720 2689 aduinhrarit
2750 2634 2933 2688 :illaec
2966 2635 3323 2702 :enigmatice,

80 2727 166 2778 -ὲν
194 2728 430 2793 πτυχαῖς
458 2724 622 2795 πάθῃ,
643 2726 670 2775 6
699 2721 960 2787 ἀναγνοὺς
987 2719 1060 2789 μὴ
1086 2717 1214 2787 γνῷ.
1240 2711 1366 2769 ’Ὧδε
1399 2717 1506 2786 γὰρ
1530 2715 1638 2783 ἔχει
1656 2731 1671 2744 ο

1774 2726 1967 2794 inquit,
2026 2725 2311 2794 aperienda
2371 2727 2463 2778 tibi
2519 2735 2665 2789 sunt,
2700 2724 2777 2777 uti
2814 2737 2899 2787 ne,
2933 2723 2977 2775 si
3013 2722 3141 2790 quid
3186 2716 3325 2775 forte

101 2817 283 2885 Παρὰ
337 2814 425 2866 τὸν
469 2814 681 2863 πάντων
738 2808 957 2877 βασιλέα
1018 2806 1171 2857 πάντ’
1212 2806 1348 2866 ἐστὶ,
1392 2806 1482 2856 καὶ
1530 2804 1671 2855 ὲκεί-

1773 2818 1908 2870 mari
1941 2826 2169 2881 terrave,
2223 2817 2464 2884 epistola:
2510 2815 2671 2883 hujus
2705 2814 2916 2882 paginis
2963 2812 3164 2865 factum
3195 2811 3319 2873 erit,

105 2923 205 2958 νου
240 2906 405 2957 ἕνεκα
436 2903 627 2963 πάντα,
648 2899 742 2952 καὶ
774 2900 974 2958 ἐκεῖνος
998 2882 1164 2947 άῐτιον
1191 2896 1438 2947 ἁπάντων
1468 2893 1669 2947 καλῶν·

106 2995 374 3065 δεύτερον
404 2994 458 3046 δὲ
502 2991 651 3063 παρά
678 2988 747 3043 τά
790 2988 1042 3058 δεύτερα,
1078 2985 1167 3037 καὶ
1197 2985 1376 3053 τρίτον
1417 2985 1563 3054 παρά
1608 2983 1675 3036 τά

108 3087 303 3157 τρίτα.
347 3086 408 3137 Ἦ
451 3080 541 3136 οὖν
585 3080 892 3152 ἀνθρωπίνη
920 3076 1062 3147 ψυχὴ
1100 3076 1224 3144 περὶ
1254 3075 1387 3126 αὐτὰ
1425 3075 1671 3144 ὀρέγεται

1773 2909 2066 2977 intelligere
2100 2907 2288 2976 possit,
2324 2907 2415 2974 qui
2465 2906 2670 2974 legerit.
2728 2904 2816 2956 Sic
2847 2904 2989 2956 enim
3023 2918 3079 2956 se
3106 2918 3191 2956 res
3224 2902 3323 2954 ha-

1775 3001 1859 3053 bet
1886 2998 2063 3052 :Circa
2092 3000 2464 3051 universorum
2499 3010 2672 3065 regem
2723 2994 2902 3048 omnia
2937 3004 3080 3059 sunt,
3110 3008 3171 3045 ac
3195 3006 3323 3060 pro-

1772 3101 1889 3161 pter
1921 3091 2094 3159 ipsum
2146 3088 2347 3141 omnia.
2407 3087 2549 3141 Idem
2585 3087 2846 3139 bonorum
2892 3084 3133 3138 omnium
3166 3084 3320 3151 prin-

113 3175 318 3246 μαθεῖν
348 3177 471 3225 ποῖα
505 3174 638 3227 ἄττα
666 3171 801 3232 ἐστὶ,
843 3168 1111 3239 βλέπουσα
1138 3168 1214 3226 εἰς
1246 3164 1311 3216 τά
1341 3164 1509 3232 αὐτῆς
1544 3181 1671 3231 συγ-

1774 3181 1975 3249 cipium
2000 3190 2101 3233 est.
2144 3180 2210 3230 At
2246 3178 2388 3230 circa
2432 3178 2747 3245 secundum,
2787 3189 2847 3227 ea
2890 3189 3009 3242 qua:
3052 3173 3321 3226 secundo:

110 3266 277 3335 γενῆ.
305 3283 324 3315 s
351 3263 528 3317 Ταῦτα
560 3264 609 3313 οί
634 3262 721 3314 τὸν
759 3259 1015 3312 Πλάτωνα
1042 3256 1315 3324 διασαφεῖν
1346 3254 1670 3324 πειρώμενοι

114 3358 213 3408 ἐπὶ
243 3356 336 3407 τὸν
370 3353 580 3424 πρῶτον
610 3351 741 3403 Θεὸν
776 3353 1080 3418 ἀνάγουσιν,
1109 3349 1197 3400 ὲπί
1238 3365 1294 3399 τε
1324 3346 1382 3400 τὸ
1427 3346 1669 3415 δεύτερον

114 3447 317 3510 αἴτιον,
344 3445 435 3507 καὶ
460 3443 638 3513 τρίτον
657 3441 751 3510 τὴν
780 3440 869 3492 τοῦ
897 3441 1099 3510 κόσμου
1126 3440 1318 3509 ψυχὴν,
1337 3439 1466 3491 Θεὸν
1494 3438 1669 3508 τρίτον

116 3537 216 3589 καὶ
244 3535 411 3602 αὐτὴν
441 3532 737 3605 ὁριζόμενοι
762 3528 916 3583 εἶναι.
946 3533 1007 3583 0i
1038 3526 1093 3583 δέ
1128 3548 1189 3598 γε
1222 3530 1351 3599 θεῖοι
1394 3530 1537 3597 λόγοι
1576 3530 1671 3596 τὴν

115 3626 285 3693 ἁγίαν
319 3626 409 3677 καὶ
435 3624 702 3694 μακαρίαν
737 3622 959 3692 Τριάδα,
996 3618 1223 3691 Πατρὸς,
1260 3623 1350 3693 καὶ
1386 3621 1535 3685 Υίοῦ,
1579 3622 1672 3673 καὶ

120 3705 281 3784 ἀγίοῦ
310 3716 615 3785 Πνεῦματος
642 3716 699 3765 ὲν
732 3713 907 3783 ἀρχῆς
934 3708 1073 3781 λόγῳ
1101 3712 1382 3775 τάττουσι,
1424 3712 1562 3763 κατά
1605 3710 1672 3763 τὰ

119 3806 514 3875 ἀποδεδομένα·
546 3805 733 3856 ἕπεται
757 3802 960 3864 τούτοις
987 3800 1082 3871 τὴν
1117 3800 1209 3852 τοῦ
1250 3800 1450 3868 ἀγαθοῦ
1494 3801 1673 3865 ἐξετά-

124 3915 217 3949 σαι
249 3898 454 3949 οὐσίαν.

1772 3270 1914 3326 circa
1949 3270 2183 3333 tertium,
2235 3282 2297 3321 ea
2339 3282 2458 3335 qua:
2520 3266 2677 3319 tertio
2727 3264 2915 3318 ordine
2947 3263 3318 3327 continentur,

1772 3366 1965 3410 cuncta
2010 3364 2311 3410 versantur.
2364 3354 2493 3418 Quae
2545 3354 2757 3421 quidem
2815 3351 3052 3404 hominis
3082 3350 3316 3411 animus,

1775 3448 1827 3499 in
1862 3462 1947 3498 res
1977 3445 2079 3498 sibi
2112 3453 2369 3511 cognatas
2402 3445 2666 3503 intentus,
2696 3441 2999 3508 cuiusmodi
3030 3440 3157 3501 sint,
3194 3451 3316 3504 per-

1774 3544 1953 3602 specta
2004 3542 2056 3586 et
2096 3533 2368 3598 explorata
2405 3532 2600 3584 habere
2647 3531 2823 3598 gestit.
2862 3548 2879 3578 ι
2917 3527 3039 3580 Haec
3080 3525 3320 3577 Platonis

1776 3624 1958 3687 verba,
1982 3624 2074 3691 qui
2105 3622 2474 3690 explicandam
2516 3619 2825 3688 philosophi
2872 3626 3101 3669 mentem
3131 3630 3321 3670 susce-

1776 3728 1920 3780 pere,
1961 3713 2031 3765 ad
2048 3713 2277 3781 primum
2325 3710 2514 3774 Deum,
2564 3709 2964 3776 secundumque
2998 3707 3316 3776 principium
3350 3712 3365 3733 κ

1778 3804 2035 3867 referunt,
2053 3818 2151 3857 nec
2176 3818 2281 3857 non
2304 3804 2367 3855 ad
2394 3802 2609 3855 tertium
2628 3816 2818 3870 ,quam
2847 3799 3029 3852 mundi
3056 3798 3316 3858 animam,

1775 3894 2043 3963 deumque
2068 3893 2283 3946 tertium
2317 3893 2417 3960 ipsi
2442 3906 2657 3960 quoque
2696 3891 2964 3958 appellare
3008 3888 3197 3941 solent.
3250 3886 3318 3937 At

120 3998 369 4045 sanctam
398 3990 540 4055 illam
580 3988 896 4054 beatamque
942 3982 1121 4036 Patris
1177 3990 1231 4035 et
1287 3979 1425 4040 Filii.
1479 3991 1531 4034 et
1553 3979 1791 4050 Spiritus
1839 3985 2008 4037 sancti
2071 3983 2386 4046 trinitatem,
2438 3979 2705 4049 principii,
2773 3988 2829 4030 ut
2870 3978 2978 4045 jam
3026 3986 3149 4028 ante
3178 3974 3317 4027 dixi-

124 4099 274 4147 mus,
307 4084 414 4135 vim
462 4091 516 4135 et
549 4079 811 4133 rationem
856 4074 1050 4127 habere
1102 4072 1293 4125 divina:
1326 4071 1519 4125 littera:
1549 4073 1829 4126 deﬁniunt.
1873 4071 2143 4140 Sequitur,
2173 4082 2231 4123 ut
2254 4071 2379 4123 boni
2406 4079 2649 4121 naturam
2680 4069 3048 4134 exquiramus.

624 4169 1009 4253 ιςΕΦΑΑΑιοΝ
1046 4166 1173 4217 ΚΑ’.
1212 4218 1219 4225 ,

413 4263 550 4331 Περὶ
592 4260 699 4327 τῆς
730 4261 835 4314 τοῦ
879 4255 1099 4326 ἀγαθοῦ
1142 4254 1370 4317 οὐσίας.

193 4359 307 4428 Τῆς
344 4357 466 4425 παρ’
514 4352 774 4421 Ἑϐραίοις
819 4350 965 4411 Θείας
1013 4344 1229 4416 Γραφῆς
1274 4342 1540 4412 διαφόρως
1567 4342 1663 4411 τὴν
1697 4374 1742 4431 D

123 4449 219 4501 τοῦ
272 4443 469 4513 ἀγαθοῦ
524 4442 745 4501 οὐσίαν,
813 4440 906 4490 καὶ
962 4435 1089 4489 αὐτὸ
1148 4434 1206 4486 τὸ
1265 4432 1461 4499 ἀγαθὸν
1521 4431 1667 4483 οὐδὲν

125 4539 253 4592 ἄλλο
308 4532 442 4587 εἶναι
503 4533 536 4602 ἢ
586 4530 677 4584 τοῦ
721 4529 852 4581 Θεοῦ
902 4525 1288 4591 διδασκούσης,
1355 4523 1417 4573 δι’
1473 4515 1546 4574 ὧν
1608 4522 1665 4573 τέ

127 4646 321 4698 φησιν,
366 4646 384 4676 ι
432 4621 651 4690 Ἀγαθὺς
704 4620 902 4688 Κύριος
955 4620 1085 4669 πᾶσι
1144 4617 1253 4676 τοῖς
1316 4613 1668 4681 ὑπομένουσιν

133 4721 318 4772 αὐτόν·
362 4716 526 4785 ψυχῇ,
552 4714 587 4783 ἡ
639 4710 921 4779 ὲκζητήσει
953 4708 1141 4761 αὐτόν’
1178 4725 1196 4756 ι
1232 4706 1357 4767 καὶ,
1394 4724 1409 4753 ι
1456 4704 1671 4772 Ἐξομο-

130 4809 370 4877 λογεῖσθε
402 4808 478 4876 τῷ
506 4804 710 4875 Κυρίῳ,
738 4802 816 4853 ὅτι
844 4798 1061 4865 ἀγαθὸς,
1083 4800 1161 4853 ὅτι
1201 4800 1275 4859 είς
1304 4797 1390 4847 τὸν
1420 4796 1583 4847 αἰῶνα
1611 4796 1667 4845 τὸ

135 4902 276 4963 ἕλεος
306 4897 468 4952 αὑτοῦ
487 4916 501 4930 ο
535 4918 553 4949 ι
574 4897 639 4949 δι’
675 4888 747 4946 ὧν
771 4909 827 4944 τε
852 4894 878 4943 6
911 4891 1179 4959 Σωτήριος
1207 4889 1359 4955 λόγος
1398 4888 1529 4956 πρὸς
1578 4885 1667 4936 τὸν

136 4993 259 5061 περὶ
286 4989 433 5041 τοῦδε
472 4988 725 5056 ἐρόμενον
749 4982 1056 5049 ἀπεφήνατο
1080 4978 1266 5039 εἰπὼν,
1300 4997 1317 5027 ι
1343 4977 1405 5027 Τί
1435 4994 1499 5046 με
1536 4977 1668 5061 ἱερω-

132 5060 225 5152 τᾷς
250 5080 373 5148 περὶ
413 5076 505 5128 τοῦ
543 5073 783 5143 ἀγαθοῦ;
844 5071 1027 5131 Οὐδεὶς
1074 5067 1271 5134 ἀγαθὸς
1300 5070 1346 5119 εἰ
1396 5068 1469 5135 μὴ
1519 5060 1595 5127 εἷς
1639 5066 1667 5115 6

133 5173 277 5232 Θεός.
312 5188 329 5219 r
376 5166 701 5219 Ἐπάκουσον
742 5162 833 5215 τοῦ
866 5162 1175 5219 Πλάτωνος,
1208 5158 1242 5209 ἀ
1282 5173 1441 5224 φησιν
1480 5158 1537 5207 ὲν
1581 5158 1667 5207 Tt-

137 5264 295 5331 μαίῳ·
321 5278 338 5310 ι
358 5258 613 5325 Λέγωμεν
631 5255 692 5323 δὴ
714 5231 907 5323 (32-33)
935 5251 998 5302 δι’
1028 5250 1211 5318 ἥντινα
1243 5248 1414 5299 αίτίαν
1435 5247 1661 5312 γένεσιν,

136 5354 224 5404 καὶ
251 5351 310 5402 τὸ
341 5352 442 5401 πᾶν
469 5347 583 5398 τόδε
616 5347 643 5397 6
670 5344 911 5412 ξυνιστὰς
952 5341 1285 5407 ξυνέστησεν.
1319 5336 1539 5403 Ἀγαθὸς
1566 5332 1659 5403 ἦν·

140 5442 315 5511 ἀγαθῷ
357 5440 401 5492 δ’
444 5437 613 5499 οὐδεὶς
659 5435 783 5505 περὶ
844 5432 1051 5499 οὐδενὸς
1100 5429 1333 5484 οὐδέποτ’
1380 5426 1663 5493 ὲγγίγνοιτ⁹

2247 4161 2406 4232 542
2451 4160 2676 4213 CAPUT
2724 4158 2863 4211 XXI.

2306 4253 2381 4303 De
2408 4263 2596 4303 natura
2628 4251 2765 4303 boni.

1836 4340 1966 4395 Boni
1997 4352 2262 4404 naturam,
2294 4343 2578 4411 ipsumque
2607 4345 2740 4394 adeo
2772 4342 2994 4405 bonum,
3026 4341 3167 4394 aliud
3194 4356 3313 4396 esse

1770 4433 1921 4497 nihil,
1954 4449 2110 4501 quam
2144 4432 2231 4485 Dei
2256 4443 2500 4484 naturam
2528 4443 2687 4499 atque
2718 4431 3007 4484 banitatem
3037 4431 3312 4500 Scriptura

1769 4522 2108 4577 Hebraeorum
2140 4522 2319 4576 divina
2360 4522 2602 4589 pluribus
2634 4532 2858 4574 testatur
2882 4522 3075 4583 modis,
3098 4531 3163 4573 ut
3186 4538 3307 4575 cum

1769 4615 1931 4667 ait“:
1958 4632 1975 4663 ι
2003 4614 2182 4667 Bonus
2201 4612 2459 4666 Dominus
2484 4615 2733 4666 omnibus
2750 4614 3135 4665 sustinentibus
3150 4628 3270 4663 eum
3295 4630 3308 4664 :

1768 4706 1957 4758 anima:
1979 4719 2095 4771 qua:
2117 4705 2349 4771 requiret
2370 4698 2929 4770 ipsum,iitemque"‘,
2945 4702 3309 4755 «Conﬁtemini
3338 4708 3339 4711 ‘

1772 4794 2017 4855 Domino,
2048 4794 2299 4859 quoniam
2330 4793 2521 4855 bonus,
2553 4794 2804 4859 quoniam
2837 4793 2888 4844 in
2921 4792 3172 4844 saeculum
3211 4792 3309 4843 mi-
3408 4852 3409 4855 η

1766 4883 2054 4936 sericordia
2080 4881 2217 4948 ejus.
2251 4898 2271 4929 ι
2314 4881 2384 4933 Ita
2411 4880 2660 4933 Servator
2692 4881 2803 4946 ipse
2838 4890 3039 4943 noster,
3070 4880 3136 4933 ad
3160 4882 3305 4933 illum

1766 4975 1860 5027 abs
1885 4988 1990 5041 quo
2009 4971 2314 5039 rogabatur,
2344 4989 2363 5019 ι
2391 4969 2526 5034 Quid
2558 4985 2642 5022 me
2670 4972 2971 5037 interregas
3000 4972 3065 5023 de
3094 4972 3300 5024 bono?»

1765 5062 1970 5129 inquit:
2016 5077 2033 5108 ι
2068 5058 2234 5112 Nemo
2268 5061 2459 5125 bonus,
2498 5061 2599 5114 nisi
2650 5062 2794 5113 solus
2827 5058 2967 5114 Deus
2992 5062 3054 5111 ”.
3098 5081 3115 5111 ι
3155 5060 3306 5114 Nunc

1765 5152 2017 5205 Platonis
2048 5151 2099 5202 in
2136 5149 2329 5204 Timaeo
2364 5153 2680 5207 sententiam
2742 5152 2922 5219 accipe
2952 5171 2963 5203 :
3002 5171 3020 5202 ι
3056 5152 3306 5205 Dicanms

1767 5259 1913 5313 ergo,
1944 5257 2106 5310 quam
2134 5244 2202 5296 0b
2231 5260 2470 5308 causam,
2507 5245 2702 5310 inquit,
2730 5255 2917 5296 auctor
2955 5245 3042 5296 ille
3071 5243 3305 5295 molitor.

1766 5354 1871 5407 que
1924 5335 2062 5388 Deus
2107 5338 2267 5391 rebus
2310 5345 2485 5389 ortum
2524 5335 2670 5395 dare,
2716 5343 2875 5402 atque
2923 5334 3023 5386 hoc
3087 5330 3302 5383 univer-

1768 5444 1884 5482 sum
1913 5423 2153 5483 condere
2182 5426 2446 5482 statuerit.
2504 5423 2685 5479 Bonus
2726 5437 2875 5489 erat;
2910 5424 3082 5477 bonus
3121 5429 3299 5474 autem

204 5557 246 5587 ”
280 5555 487 5609 Coloss.
529 5568 566 5618 ι,
608 5550 691 5603 l5.
778 5547 822 5579 “
864 5542 1063 5597 Thren.
1093 5545 1287 5608 111,25.
1352 5544 1415 5574 ³¹⁶
1444 5541 1585 5599 Psal.
1620 5554 1707 5603 CV.
1741 5540 1802 5595 l.’
1851 5538 1895 5571 "
1924 5536 2111 5596 Matth.
2139 5560 2247 5611 nx,
2285 5547 2367 5600 l7.

204 5684 406 5753 (δε-35)
435 5680 701 5753 Λέτωμεν
732 5675 828 5747 61l-
876 5674 1108 5732 Paucula
1154 5674 1264 5727 haec
1301 5671 1441 5739 leges
1481 5669 1532 5721 iu
1578 5666 1671 5720 Tin

1789 5705 1804 5733 ,
1833 5666 1933 5721 sub
1963 5665 2171 5719 initium
2204 5680 2321 5735 pag.
2352 5665 2453 5719 527
2483 5665 2744 5721 versionis
2772 5662 2961 5717 Ficini.
