3994 6340
719 439 820 495 εοσ

1381 431 1644 491 EUSEBII
1678 432 2145 489 CAESARIENSIS
2172 430 2316 485 OPP.
2359 427 2533 482 PARS
2567 426 2627 480 ll.
2663 454 2729 466 —-
2758 421 3243 481 APOLOGETICA.
3792 418 3876 471 9N

719 553 864 606 nulla
905 567 1138 619 unquam
1177 552 1283 604 ullo
1315 553 1366 605 in
1401 566 1593 605 genere
1619 551 1825 604 laborat
1864 551 2081 602 invidia.
2108 548 2256 601 -Cum

2358 545 2420 597 ἂν
2449 545 2554 614 (54)
2587 542 2790 619 φθόνος.
2825 541 3021 592 Τούτου
3064 539 3118 591 δὲ
3153 536 3305 596 ἐκτὸς
3336 534 3428 595 ὢν,
3479 532 3656 584 πάντα
3685 532 3763 582 ὅτι
3796 535 3857 600 μα

724 643 884 710 igitur
913 657 970 694 ea
1007 651 1238 705 vacaret,
1291 639 1470 694 Omnia
1503 641 1602 694 sibi
1645 657 1804 709 quam
1843 641 2112 693 simillima
2143 654 2260 692 esse

720 734 936 785 voluita
973 732 1111 784 Idem
1153 734 1205 785 iu
1254 732 1365 785 suis
1399 731 1471 786 De
1519 733 1693 799 repub.
1743 732 1934 784 libris:
1972 750 1988 780 ι
2014 729 2261 795 Nunquid

720 839 866 889 vero,
886 822 993 888 'ait,
1020 840 1141 876 cum
1192 824 1272 877 sol
1305 826 1418 891 ipse
1454 824 1601 876 visus
1632 838 1737 875 non
1770 823 1856 886 sit,
1890 824 1954 874 ab
1978 837 2040 874 eo
2064 830 2257 885 tamen,

721 916 877 984 cujus
923 917 1010 969 ille
1046 930 1207 968 causa
1240 924 1340 976 est,
1387 916 1669 968 cernitur?
1731 914 1912 976 Plane,
1946 913 2118 981 inquit
2153 913 2256 964 ille.

719 1002 871 1057 Hunc
912 1006 1073 1073 igitur
1128 1005 1341 1070 habeto,
1399 1006 1639 1072 inquam,
1697 1003 1828 1055 Boni
1858 1004 2022 1055 lilium
2055 1003 2148 1054 abs
2177 1018 2260 1054 me

723 1094 920 1159 vocari,
970 1111 1126 1162 quem
1202 1097 1403 1150 Bonum
1463 1097 1545 1148 sui
1597 1095 1823 1147 similem
1879 1093 2150 1162 genuerit:
2204 1103 2260 1145 ut

721 1185 862 1254 quod
899 1185 1071 1252 ipsum
1126 1187 1178 1237 in
1240 1185 1359 1238 loco
1391 1185 1611 1253 spiritali
1658 1194 1758 1244 est,
1791 1199 1911 1236 cum
1960 1191 2154 1247 mente,
2181 1197 2260 1235 re-

722 1282 926 1343 busque
955 1284 1130 1327 mente
1154 1276 1419 1343 perceptis
1458 1284 1860 1342 comparatum;
1894 1275 1943 1326 id
1976 1274 2055 1326 sol
2097 1275 2149 1325 in
2180 1273 2258 1325 lo-

721 1379 784 1417 co
815 1365 1121 1431 aspcctabili
1157 1365 1243 1427 sit,
1281 1364 1322 1417 si
1354 1379 1472 1418 cum
1509 1365 1627 1417 visu
1668 1380 1730 1418 ac
1763 1366 1923 1418 rebus
1950 1366 2050 1418 sub
2077 1366 2252 1418 visum

721 1456 1032 1508 cadentibus
1081 1453 1439 1508 conferetur.)
1467 1453 1527 1507 Et
1551 1457 1709 1523 paulo
1761 1467 1899 1524 post,
1938 1474 1953 1503 ι
1985 1455 2137 1519 Quod
2171 1455 2259 1523 igi-

722 1555 811 1599 tur
839 1555 889 1599 et
942 1547 1006 1598 iis
1050 1546 1212 1599 rebus
1264 1561 1382 1612 qua:
1414 1559 1814 1612 cognoscuntur
1854 1548 2126 1600 veritatem
2165 1550 2258 1600 tri—

722 1635 856 1699 buit,
889 1645 942 1688 et
970 1635 1325 1702 cognoscendi
1351 1635 1454 1686 vim
1492 1634 1904 1704 facultatemque
1933 1638 2254 1705 suppeditat,

721 1726 773 1778 id
829 1735 882 1778 tu
936 1727 1061 1778 boni
1111 1725 1281 1778 ideam
1317 1740 1433 1777 esse
1487 1726 1725 1778 statuito.
1788 1726 2023 1796 Itemque
2070 1731 2254 1796 solem,

721 1815 933 1883 opinor,
987 1815 1052 1867 iis
1102 1829 1220 1882 qua:
1250 1812 1518 1876 videntur,
1565 1829 1669 1865 non
1707 1815 1756 1867 id
1814 1814 1973 1867 modo
2025 1816 2256 1869 tribuere

2363 638 2516 688 λιστα
2531 634 2787 704 ἐϐουλήθη
2815 631 3060 701 γενέσθαι
3078 627 3423 699 παραπλήσια
3447 623 3638 692 ἐαυτῷ.
3663 641 3682 672 ι
3709 622 3808 673 Καὶ
3831 624 3872 672 ἐν

2359 731 2423 797 τῇ
2446 727 2715 791 Πολιτείᾳ
2747 726 2801 777 δέ
2843 724 3010 776 ταῦτά
3048 737 3223 791 φησιν·
3250 738 3268 768 σ
3292 713 3414 786 ’Ἆρ’
3435 712 3526 767 οῦν
3547 715 3605 766 οὐ
3627 714 3712 762 καὶ
3731 713 3825 780 (55)
3856 733 3875 763 ο

2359 818 2502 888 ἥλιος
2537 817 2653 885 ὄψις
2686 815 2781 885 μὲν
2811 817 2907 867 οὐκ
2943 814 3105 875 ἔστιν,
3131 813 3296 872 αἴτιος
3329 808 3370 859 δ’
3393 807 3464 858 ὢν
3516 807 3681 874 αὐτῆς
3710 805 3873 873 ὁρᾶται

2361 908 2626 975 ὑπἀὐτῆς
2649 906 2846 974 ταύτης
2866 923 2880 969 ;
2900 904 3100 967 Οὕτως,
3120 899 3206 972 ἧδ’
3223 901 3298 962 ὃς.
3318 898 3514 950 Τοῦτον
3537 896 3733 958 τοίνυν,
3758 890 3816 963 ἦν
3839 894 3873 945 δ’

2359 997 2484 1064 ἐγὼ,
2525 997 2684 1063 φάναι
2717 996 2781 1064 μὲ
2822 994 2995 1060 λέγειν
3024 993 3111 1044 τὸν
3141 990 3231 1041 τοῦ
3260 989 3479 1055 Ἀγαθοῦ
3499 987 3733 1053 ἔκγονον,
3762 984 3874 1034 am

2357 1088 2572 1155 Ἀγαθὸν
2589 1087 2872 1156 ἐγέννησεν
2901 1084 3154 1150 ἀνάλογον
3195 1079 3386 1148 ἐαυτῷ,
3421 1079 3448 1130 ὃ
3479 1082 3530 1132 τί
3557 1093 3660 1145 περ
3690 1075 3809 1127 αὐτὸ
3828 1076 3874 1124 ἐν

2355 1179 2430 1248 τῷ
2451 1177 2620 1247 νοητῴ
2649 1177 2795 1244 τόπῳ
2825 1176 2953 1244 πρός
2983 1192 3039 1226 τε
3063 1172 3182 1225 νοῦν
3204 1170 3294 1223 καὶ
3321 1169 3388 1221 τὰ
3410 1167 3690 1235 νοούμενα,
3717 1163 3873 1215 τοῦτον

2357 1273 2411 1322 ἐν
2430 1271 2505 1340 τῷ
2520 1270 2693 1340 ὁρατῷ
2723 1268 2854 1337 πρός
2884 1285 2940 1318 τε
2969 1266 3085 1333 ὄψιν
3118 1264 3210 1316 καὶ
3237 1263 3301 1314 τὰ
3317 1260 3615 1330 ὁρώμενα.)
3639 1256 3741 1307 Καὶ
3769 1255 3872 1322 ἐξῆς

2357 1362 2621 1428 ἐπιλέγει·
2658 1380 2675 1410 ι
2707 1358 2874 1419 Τοῦτο
2903 1357 3078 1408 τοίνυν
3126 1356 3184 1406 τὸ
3228 1352 3323 1421 τὴν
3373 1350 3622 1419 ἀλήθειαν
3665 1345 3872 1414 παρέχον

2357 1456 2466 1514 τοῖς
2491 1449 2958 1520 γιγνωσκομένοις,
2995 1447 3083 1498 καὶ
3113 1445 3173 1497 τὸ
3205 1442 3556 1511 γιγνώσκοντι
3600 1438 3697 1509 τὴν
3740 1437 3871 1488 δύνα-

2360 1561 2447 1613 μιν
2475 1541 2769 1602 ἀποδιδοῦν,
2817 1539 2913 1608 τὴν
2947 1536 3036 1588 τοῦ
3079 1533 3277 1602 ἀγαθοῦ
3327 1532 3462 1583 ἰδέαν
3509 1528 3638 1597 φάθι
3682 1522 3867 1579 εἶναι.»

2357 1636 2461 1686 Καὶ
2493 1632 2647 1684 πάλιν
2683 1631 2842 1699 φησί’
2880 1649 2895 1677 ι
2922 1629 3022 1679 Τὸν
3051 1629 3194 1695 ἥλιον
3229 1627 3336 1686 τοῖς
3369 1620 3661 1689 ὁρωμένοις
3698 1617 3754 1668 οὐ
3790 1614 3870 1684 μό-

2354 1741 2458 1786 νον,
2488 1719 2654 1792 οἷμαι,
2678 1723 2773 1790 τὴν
2797 1718 2886 1770 τοῦ
2915 1717 3138 1788 ὁρᾶσθαι
3165 1714 3387 1781 δύναμιν
3409 1709 3662 1778 παρέχειν
3688 1707 3867 1773 φήσεις,

2357 1816 2486 1866 ἀλλὰ
2514 1815 2604 1865 καὶ
2631 1813 2725 1881 τὴν
2751 1811 2957 1877 γένεσιν
3004 1808 3094 1860 καὶ
3133 1807 3298 1874 αὑξην
3346 1804 3436 1856 καὶ
3463 1800 3684 1871 τροφὴν,
3718 1798 3772 1849 οὐ
3798 1796 3870 1863 γέ-

721 1908 887 1967 dices,
923 1914 978 1956 ut
1011 1902 1176 1955 videri
1208 1913 1424 1970 queant,
1457 1919 1638 1958 verum
1671 1906 1828 1956 etiam
1881 1914 2056 1957 ortum
2105 1907 2254 1972 ipsis,

2357 1923 2497 1958 νεσιν
2527 1904 2679 1956 αὐτὸν
2706 1903 2856 1953 ὅντα’
2895 1899 3010 1959 πῶς
3041 1898 3180 1966 γάρ;
3207 1896 3312 1948 Καὶ
3345 1896 3452 1954 τοῖς
3485 1889 3871 1959 γινωσκομένοις

724 1996 1078 2058 incrementa,
1156 1994 1615 2062 nutritionetnque
1664 1994 1865 2064 largiri,
1921 2012 2040 2048 cum
2083 2007 2257 2050 tamen

725 2096 876 2142 artus
912 2086 1023 2152 ipse
1058 2099 1164 2136 non
1189 2087 1290 2138 sit:
1318 2085 1406 2152 qui
1443 2085 1584 2136 enim
1615 2099 1733 2138 esse
1755 2086 1925 2152 possit
1950 2086 1970 2136 ‘3
2021 2085 2155 2155 Ergo
2188 2086 2258 2138 si-

722 2178 915 2230 militer
962 2190 1045 2228 res
1088 2189 1201 2235 eas,
1240 2190 1357 2241 quae
1393 2185 1808 2242 cognoscuntur,
1843 2189 1872 2226 a
1920 2173 2065 2226 Bono
2095 2176 2255 2240 dices,

727 2283 831 2320 non
859 2276 915 2319 ut
940 2277 1331 2334 cognoscantur
1358 2265 1535 2331 modo.
1569 2265 1657 2318 sed
1681 2264 1838 2317 etiam
1868 2274 1923 2316 ut
1953 2267 2077 2327 sint,
2107 2265 2259 2319 adeo-

726 2375 831 2420 que
879 2357 1148 2425 propriam
1205 2356 1450 2429 essentia:
1503 2371 1611 2408 sure
1658 2357 1915 2408 rationem
1964 2357 2030 2407 ab
2070 2357 2254 2408 eodem

724 2449 984 2516 accipere,
1017 2448 1227 2501 tametsi
1253 2446 1456 2499 Bonum
1483 2448 1711 2500 essentia
1738 2463 1843 2499 non
1870 2449 1959 2511 sit,
1987 2448 2076 2500 sed
2103 2448 2255 2516 longe

721 2551 881 2602 supra
914 2536 1200 2588 essentiam
1245 2550 1457 2588 onmem
1499 2536 1778 2602 majestate
1822 2536 1980 2588 simul
2021 2551 2081 2587 ac
2111 2544 2252 2602 pote-

723 2637 860 2681 state
915 2616 1196 2680 emineat.»
1239 2626 1361 2680 Haec
1397 2626 1568 2692 Plato,
1597 2627 1793 2695 quibus
1825 2629 2122 2681 clarissime
2162 2628 2255 2680 (lo-

721 2728 830 2781 cet,
873 2719 1144 2786 spiritales
1178 2719 1636 2786 iutelligeutesque
1676 2729 1892 2771 naturas
1921 2735 1948 2770 a
1986 2718 2130 2770 Bono
2161 2719 2257 2786 (sic

722 2819 902 2860 autem
943 2806 1109 2859 Deum
1143 2808 1388 2875 appellat)
1419 2824 1523 2860 non
1565 2820 1622 2860 ut
1661 2807 1909 2876 cognosci
1942 2809 2103 2860 modo
2131 2823 2256 2875 pos-

723 2901 854 2963 sint,
899 2913 1085 2950 verum
1128 2899 1284 2950 etiam
1345 2907 1403 2950 ut
1444 2900 1569 2962 sint,
1617 2914 1678 2949 ac
1711 2898 1980 2965 propriam
2012 2900 2256 2951 essentia:

719 3003 833 3042 sua:
872 2986 1130 3039 rationem
1176 2987 1458 3054 accipere:
1503 2985 1708 3038 Bonum
1748 2995 1923 3038 tamen
1970 2986 2142 3053 ipsum
2173 3002 2257 3038 es—

720 3078 945 3129 sentiam
979 3092 1082 3128 non
1120 3091 1257 3139 esse,
1287 3077 1376 3129 sed
1408 3076 1691 3129 essentiam
1736 3090 1945 3127 omnem
1984 3075 2256 3140 majestate

722 3168 884 3220 simul
939 3184 1000 3220 ac
1052 3176 1313 3235 potestate
1371 3167 1526 3234 longe
1588 3168 1922 3234 multumque
1973 3182 2246 3232 superare.
2281 3202 2320 3258 Ο

722 3257 904 3323 Itaque
942 3266 1161 3308 naturas
1186 3257 1331 3332 ‘illas
1379 3271 1475 3308 nec
1509 3257 1748 3322 ejusdem
1784 3271 1904 3308 cum
1938 3255 2026 3306 illo
2060 3271 2244 3308 essen—

723 3349 807 3401 tiae
839 3349 1045 3408 statuit,
1080 3363 1175 3398 nec
1207 3355 1326 3399 ortu
1360 3362 1542 3399 carere
1575 3347 1887 3410 arbitratur,
1915 3347 2109 3413 quippe
2133 3362 2252 3414 qua:

723 3443 782 3486 ut
809 3443 1006 3495 essent,
1035 3449 1097 3486 ac
1147 3426 1413 3501 propriam
1457 3435 1698 3486 essentia:
1735 3449 1845 3486 sum
1877 3435 2158 3497 rationem,
2187 3435 2252 3487 ab

721 3540 785 3578 eo
814 3527 956 3593 quod
983 3527 1214 3579 essentia
1247 3541 1351 3577 non
1403 3535 1503 3588 est,
1557 3525 1712 3596 543
1749 3527 1840 3578 sed
1885 3527 2162 3594 majestate
2193 3541 2253 3578 ac

719 3626 981 3684 potestate
1030 3619 1316 3670 essentiam
1349 3632 1559 3669 omnem
1607 3618 1915 3686 longissime
1946 3629 2254 3686 praetergre—

722 3708 865 3760 ditur
886 3747 900 3771 ,
928 3709 1259 3775 acceperint:
1289 3722 1445 3775 quem
1472 3717 1748 3774 propterea
1785 3708 1906 3776 jure
1929 3710 2142 3776 quidem
2193 3723 2253 3760 ac

725 3798 918 3851 merito
972 3799 1143 3851 solum
1203 3797 1424 3852 Hebraea
1473 3799 1687 3851 oracula
1730 3798 1895 3851 Deum
1942 3799 2249 3867 prredicant,

726 3904 850 3942 cum
885 3889 1040 3941 rebus
1069 3889 1275 3941 czeteris
1319 3888 1568 3942 omnibus
1608 3889 1854 3941 essentia).
1891 3888 2010 3941 fons
2051 3888 2252 3955 princi-

724 3982 980 4049 piumque
1011 3981 1098 4033 sit.
1133 3979 1253 4032 lllas
1283 3988 1458 4032 autem
1507 3994 1714 4042 omnes,
1761 3979 1954 4047 quibus
1986 3994 2158 4046 neque
2197 3987 2253 4029 ut

723 4072 850 4133 sint,
899 4060 1070 4138 neque
1120 4086 1213 4123 sua
1247 4070 1507 4137 cujusque
1549 4070 1794 4122 essentia
1838 4069 2029 4121 ratioa
2061 4068 2250 4135 seipsis

722 4161 880 4222 inest,
913 4161 1020 4211 imo
1051 4175 1116 4211 ne
1147 4159 1275 4211 Boni
1310 4159 1524 4226 quidem
1557 4166 1760 4210 naturze
1789 4157 2121 4218 communio,
2159 4156 2255 4208 ab-

2357 1997 2565 2056 τοίνυν,
2605 1994 2677 2062 μὴ
2733 1991 2888 2059 μόνον
2933 1989 2994 2040 τὸ
3039 1985 3391 2055 γινώσκεσθαι
3438 1983 3595 2050 φάναι
3645 1979 3744 2030 ὑπὸ
3795 1974 3868 2026 τοῦ

2353 2083 2576 2148 Ἀγαθοῦ
2598 2085 2856 2155 παρεῖναι,
2877 2079 3012 2134 ἀλλὰ
3044 2078 3135 2130 καὶ
3161 2078 3221 2127 τὸ
3259 2071 3394 2126 εἳναί
3423 2073 3531 2141 (56)
3565 2087 3620 2121 τε
3669 2069 3755 2120 καὶ
3791 2066 3869 2134 τὴν

2354 2173 2554 2235 οὐσίαν,
2593 2174 2679 2224 ὑπ’
2728 2171 2932 2222 ἐκείνου
2984 2169 3163 2229 αὐτοῖς
3217 2167 3520 2237 προσεῖναι,
3569 2161 3668 2212 οὐκ
3712 2157 3870 2216 οὐσίας

2307 2289 2310 2291 ·
2354 2263 2503 2326 ὄντος
2537 2262 2627 2314 τοῦ
2669 2259 2916 2328 Ἀγαθοῦ,
2951 2260 3061 2311 ἀλλ’
3099 2257 3351 2309 ἐπέκεινα
3393 2253 3590 2314 οὐσίας,
3637 2246 3872 2318 πρεσϐεία

2354 2355 2442 2406 καὶ
2467 2354 2685 2420 δυνάμει
2712 2351 3080 2420 ὑπερέχοντος.
3107 2367 3125 2399 ›
3164 2347 3472 2413 Σαῳέστατα
3497 2342 3580 2393 διὰ
3609 2340 3804 2391 τούτων
3823 2337 3872 2386 οὐ

2357 2445 2510 2513 μόνον
2531 2443 2588 2495 τὸ
2607 2440 2959 2510 γινώσκεσθαι
2991 2442 3106 2501 ταῖς
3125 2450 3148 2477 α
3170 2441 3380 2506 νοηταῖς
3403 2434 3624 2493 οὐσίαις,
3652 2430 3779 2482 ἀλλὰ
3797 2430 3872 2478 καὶ

2353 2536 2411 2586 τὸ
2448 2535 2586 2586 εἷναί
2624 2551 2677 2585 τε
2717 2533 2807 2583 καὶ
2832 2532 2924 2600 τὴν
2953 2530 3137 2582 οὑσίαν
3170 2528 3308 2596 ἔχειν
3338 2525 3484 2595 παρὰ
3520 2523 3606 2575 τοῦ
3644 2517 3869 2586 Ἀγαθοῦ.

2353 2625 2545 2694 δηλαδὴ
2583 2623 2673 2675 τοῦ
2694 2620 2844 2683 Θεοῦ,
2880 2621 3038 2690 φησιν
3067 2622 3093 2670 ὁ
3123 2619 3366 2670 Πλάτων·
3392 2616 3450 2667 τό
3475 2632 3531 2666 τε
3565 2609 3786 2678 Ἀγαθὸν
3813 2607 3872 2676 μὴ

2354 2712 2488 2766 εἶναι
2521 2715 2724 2775 οὐσίαν,
2749 2713 2857 2764 ἀλλ’
2893 2712 3140 2762 ἐπέκεινα
3166 2709 3262 2777 τῆς
3287 2707 3488 2766 οὐσίας,
3519 2701 3774 2772 πρεσϐεία
3797 2697 3871 2749 καὶ

2353 2805 2574 2872 δυνάμει
2609 2801 2894 2871 ὑπερέχον·
2923 2801 3058 2852 ὥστε
3085 2798 3154 2867 μὴ
3186 2795 3438 2866 ὀμοούσια
3469 2792 3599 2845 αὐτὰ
3631 2789 3893 2845 τίθεσθαι..

2354 2896 2485 2950 ἀλλὰ
2535 2893 2663 2963 μηδὲ
2711 2893 2969 2962 ἁγέννητα
3001 2889 3273 2958 νομίζειν,
3305 2888 3381 2938 ὅτι
3431 2886 3491 2954 δὴ
3542 2883 3631 2935 καὶ
3677 2883 3735 2933 τὸ
3758 2875 3873 2931 εἶναι

2357 2984 2445 3034 καὶ
2465 2983 2558 3049 τὴν
2602 2982 2781 3033 οὐσίαν
2833 2979 3018 3048 εἴληφε
3073 2978 3218 3047 παρὰ
3255 2976 3346 3028 τοῦ
3395 2977 3467 3045 μὴ
3515 2974 3665 3035 ὄντος
3688 2971 3870 3030 οὐσίας,

2357 3073 2464 3124 ἀλλ’
2500 3075 2749 3124 ἐπέκεινα
2797 3071 2978 3131 οὐσίας
3013 3067 3269 3140 πρεσϐεία
3315 3067 3406 3118 καὶ
3462 3065 3685 3132 δυνάμει
3733 3064 3874 3129 ὑπερ-

2358 3161 2594 3230 έχοντος
2629 3162 2684 3212 ὃν
2715 3160 2776 3228 δὴ
2810 3159 2901 3210 καὶ
2932 3157 3086 3226 μόνον
3126 3154 3343 3213 εἰκότως
3376 3151 3502 3202 Θεὸν
3532 3150 3595 3200 τά
3634 3149 3875 3216 Ἐϐραίων

2354 3250 2663 3321 ἀναγορεύει
2690 3250 2860 3314 λόγια,
2893 3248 2964 3308 ὼς
2994 3245 3056 3297 ἂν
3089 3247 3194 3304 τοῖς
3226 3241 3426 3294 πᾶσινδ
3448 3242 3606 3292 αἱτιον
3636 3240 3780 3290 ὄντα.
3810 3236 3875 3286 Τὰ

2353 3343 2414 3411 δὴ
2438 3339 2525 3393 οῦν
2560 3343 2691 3410 μήτε
2733 3340 2790 3392 τὸ
2832 3335 2985 3400 εἶναι,
3026 3339 3159 3406 μήτε
3203 3334 3296 3402 τὴν
3323 3332 3502 3383 οὐσίαν
3534 3331 3661 3400 παρ’
3693 3325 3874 3379 ἑαυτῶν

2357 3432 2557 3500 ἔχοντα,
2597 3431 2726 3482 ἀλλὰ
2757 3429 2884 3498 μηδέ
2918 3429 3012 3496 τῆς
3045 3424 3276 3492 τάγαθοῦ
3314 3424 3520 3489 φύσεως
3551 3420 3698 3481 ὂντα,
3740 3419 3794 3469 οὑ
3821 3415 3873 3482 δὴ

2357 3522 2569 3588 εὐλογον
2601 3521 2752 3582 θεοὺς
2775 3517 2906 3571 εἶναι
2937 3519 3199 3588 ἡγεῖσθαι,
3222 3514 3298 3577 οἷς
3325 3515 3396 3584 μὴ
3427 3516 3579 3580 φύσει
3607 3511 3668 3562 τὸ
3697 3507 3875 3577 ἀγαθὸν

2360 3616 2659 3684 πρόσεστιν.
2702 3611 2944 3681 Ἑνὶιγὰρ
2996 3611 3148 3661 τοῦτο
3201 3607 3361 3674 μόνῳ,
3417 3603 3506 3655 καὶ
3541 3600 3712 3652 οὐδενὶ
3755 3598 3876 3664 ἄλλῳ

2358 3705 2656 3768 ἀναθετέον,
2689 3705 2764 3772 τῷ
2796 3703 2934 3771 μόνῳ
2953 3697 3213 3769 Ἀγαθῷ,ὃ
3237 3697 3296 3764 δὴ
3327 3696 3415 3746 καὶ
3444 3693 3692 3744 ἐπέκεινα
3719 3689 3872 3755 πάσης

2354 3797 2552 3858 οὐσίας,
2579 3792 2838 3864 πρεσϐεία
2865 3808 2919 3841 τε
2943 3789 3033 3839 καὶ
3060 3788 3277 3855 δυνάμει
3303 3784 3556 3852 ὑπερέχον
3585 3779 3873 3849 θαυμασίοις

2356 3887 2382 3936 ὁ
2407 3885 2622 3935 Πλάτων
2652 3879 2974 3946 ἀνεφώνησε.
3019 3877 3182 3928 Πάλιν
3217 3876 3271 3925 δέ
3297 3877 3324 3926 ὁ
3360 3874 3658 3942 Νουμήνιος
3698 3874 3752 3922 ἐν
3781 3870 3875 3927 τοῖς

2355 3975 2488 4040 Περὶ
2511 3973 2613 4024 τοῦ
2656 3969 2892 4037 ἀγαθοῦ,
2920 3967 3012 4037 τὴν
3046 3967 3135 4017 τοῦ
3161 3965 3437 4026 Πλάτωνος
3459 3964 3688 4015 διάνοιαν
3721 3963 3872 4028 ἑρμη-

2354 4062 2537 4123 νεύων,
2574 4059 2754 4111 τοῦτον
2784 4057 2994 4119 διέξεισι
3021 4056 3109 4107 τὸν
3142 4054 3352 4124 τρόπον.

724 4255 883 4307 surde
908 4268 1128 4322 prorsus
1176 4267 1237 4304 ac
1264 4252 1425 4304 stulte
1468 4253 1596 4305 deos
1637 4267 1756 4305 esse
1797 4252 2091 4319 putaveris,
2127 4263 2246 4301 cum
2288 4249 2404 4312 ipso
2447 4259 2660 4312 quoque
2712 4245 2852 4296 bono
2890 4255 2987 4295 sua
3042 4254 3132 4306 per
3189 4251 3307 4290 sese
3353 4245 3544 4287 natura
3575 4232 3872 4322 spolientur.

727 4342 840 4396 Hoc
899 4318 1177 4396 enimvero
1242 4343 1330 4393 uni
1386 4343 1645 4394 duntaxat
1693 4318 2031 4394 tribuendum
2089 4347 2202 4403 est,
2247 4346 2495 4405 prmterea
2547 4334 2764 4396 nemini,
2799 4333 2921 4394 soli,
2968 4332 3206 4397 inquam,
3237 4327 3312 4384 illi
3356 4324 3522 4384 Bono.
3554 4323 3693 4393 quod
3714 4318 3873 4388 'maje-

728 4445 864 4491 state
899 4437 1054 4488 simul
1094 4452 1155 4488 ac
1185 4442 1443 4504 potestate
1469 4433 1637 4493 Plato.
1671 4436 1824 4504 longe
1851 4448 2009 4501 supra
2039 4432 2322 4484 essentiam
2348 4445 2556 4482 omnem
2574 4429 2808 4482 eminere
2839 4435 2942 4480 tam
2989 4422 3209 4492 egregie
3263 4421 3621 4501 prteclareque
3657 4430 3873 4486 pronun-

723 4532 840 4584 tiat.
863 4527 1027 4596 Cujus
1055 4529 1241 4580 iterum
1267 4526 1579 4581 sententiam
1607 4525 1897 4579 Numenius
1920 4527 1972 4578 in
1992 4525 2119 4580 suis
2154 4513 2226 4576 De
2252 4524 2395 4575 Bono
2417 4522 2566 4576 libris
2593 4534 2882 4588 exponens,
2912 4518 3054 4569 hunc
3075 4517 3125 4568 in
3159 4516 3372 4576 modum
3396 4511 3810 4580 philosophatur.

1279 4640 1503 4695 CAPUT
1536 4639 1695 4693 xxu.
1888 4705 1896 4717 ι

2847 4634 3230 4688 ΚΕΦΑΛΑΙΟΝ
3262 4632 3386 4684 KB'.

1132 4751 1378 4804 Numenii
1409 4754 1470 4804 de
1497 4752 1639 4804 Bono
1664 4752 1833 4806 verba.

794 4865 1142 4933 «Corporum,
1198 4864 1390 4930 inquit,
1434 4874 1679 4917 naturam
1735 4860 2028 4930 intelligere
2060 4877 2249 4928 possu-

723 4971 865 5017 mus,
895 4958 1019 5010 dum
1057 4957 1248 5023 partim
1279 4957 1330 5007 in
1354 4955 1574 5007 aliorum
1607 4954 1860 5007 similium
1893 4952 2248 5013 conditiones,

723 5048 916 5117 partim
949 5049 1014 5110 in,
1048 5049 1291 5115 proprias
1339 5054 1392 5098 et
1430 5046 1616 5097 insitas
1657 5045 1813 5098 obvio
1867 5044 2058 5110 cuique
2099 5053 2252 5095 notas

723 5141 1014 5192 intuemur.
1051 5138 1119 5190 At
1165 5137 1290 5190 boni
1329 5137 1587 5189 rationem
1614 5150 1822 5202 capere,
1866 5134 2012 5186 nullo
2034 5147 2254 5199 prorsus

723 5229 903 5292 modo,
937 5243 1107 5295 neque
1134 5228 1290 5282 ullius
1320 5244 1383 5282 ex
1406 5227 1482 5280 rei
1511 5212 1788 5294 praesentis
1816 5233 2055 5292 aspectu,
2081 5237 2252 5290 neque

791 5373 815 5400 ι
838 5359 990 5411 Forte
1011 5357 1124 5418 τάς.
1200 5357 1227 5394 δ
1247 5356 1402 5409 Forte
1428 5356 1551 5409 add.
1588 5354 1678 5406 τοῦ
1703 5348 1857 5406 εἶναι.

793 5530 898 5595 (34)
947 5529 1282 5598 ’Ξῖ-γίγνοιτ’
1313 5527 1405 5578 ἄν,
1439 5527 1585 5579 Plato
1628 5526 1798 5578 Ficini
1837 5533 1888 5577 et
1917 5521 2255 5598 Serr_ani_§y—

726 5589 1358 5664 γίγνεται,’ήυ’ὶι)υερυῐη
1410 5606 1780 5664 οιηῐηδιιυεοτ.
1834 5594 2094 5660 congruit.
2146 5589 2257 5642 Hoc

729 5663 879 5740 Certe
901 5663 1072 5740 magis:
1089 5667 1437 5740 ex_suavitate
1457 5663 1722 5740 Platonis.

795 5735 902 5800 (55)
952 5726 1070 5801 ”Ᾰρ’
1109 5732 1218 5801 οὖν
1259 5735 1330 5785 οὐ
1371 5734 1484 5786 καί.
1531 5731 1714 5788 Exstat
1759 5732 1912 5787 locus
1960 5729 2052 5784 lib.
2099 5743 2151 5782 Vl
2182 5726 2256 5781 De

729 5799 898 5856 revub.
930 5799 1045 5869 03g.
1077 5804 1175 5856 4³14
1205 5799 1315 5857 Fic.
1794 5816 1795 5819 ‘

2720 4746 3051 4814 Νουμηνίου
3082 4743 3208 4809 περὶ
3236 4742 3508 4812 τάγαθοῦ.

2425 4881 2442 4911 ι
2490 4860 2569 4912 Τὰ
2595 4854 2683 4910 οῦν
2714 4856 2933 4926 σώματα
2973 4854 3149 4906 λαϐεῖν
3183 4857 3308 4924 ημῖν
3337 4853 3528 4917 ἔξεστι,
3567 4847 3874 4919 σημαινομέ-

2352 4968 2459 5012 νοις
2493 4951 2553 5000 έκ
2581 4966 2637 4999 τε
2669 4950 2883 5016 ὁμοίων,
2918 4946 3022 4998 ἀπό
3043 4963 3098 4996 τε
3129 4943 3230 4996 τῶν
3257 4946 3310 4995 ἐν
3337 4945 3444 5003 τοῖς
3477 4939 3873 5008 παρακειμένοις

2354 5039 2738 5108 γνωρισμάτων
2769 5037 2987 5088 ἐνόντων
3009 5053 3021 5064 ο
3049 5034 3279 5101 τάγαθὸν
3297 5031 3374 5091 δὲ,
3403 5029 3610 5091 οὐδενὸς
3634 5031 3694 5080 ἐκ
3717 5043 3870 5094 παρα-

2357 5128 2622 5198 κειμένου,
2643 5128 2744 5179 οὐδ’
2764 5124 2852 5179 οὖν
2870 5127 2973 5177 ἀπὸ
2987 5125 3168 5194 ὁμοίου
3187 5120 3436 5190 αἰσθητοῦ
3455 5123 3567 5172 ἐστι
3593 5119 3768 5170 λαϐεῖν
3789 5131 3875 5182 μγ,-

2357 5222 2488 5290 χανή
2512 5237 2590 5282 τις
2613 5218 2847 5288 οὐδεμία.
2881 5215 3037 5268 Ἀλλὰ
3062 5215 3258 5282 δεήσει,
3284 5207 3390 5264 οἷον
3414 5211 3464 5262 εἴ
3486 5227 3564 5271 τις
3595 5210 3685 5260 ἐπὶ⁴
3719 5206 3872 5270 σκοπῇ

2426 5515 2530 5585 (56)
2574 5515 2752 5585 Ἀλλὰ
2781 5513 2874 5564 καὶ
2907 5513 2970 5565 τὸ
2996 5507 3327 5585 cimoliae
3363 5520 3532 5585 usque
3564 5503 3637 5584 .ad
3673 5503 3767 5585 οὐκ
3796 5503 3868 5585 Si».

2360 5568 2527 5647 σίᾶζί
2561 5601 2625 5638 ex
2677 5573 3327 5649 Platonesupplcvimus,
3377 5568 3604 5649 alibqgi_
3631 5568 3872 5649 pendebat

2358 5641 2509 5706 illud
2541 5655 2613 5723 μὴ
2671 5652 2832 5723 ,μόνον
2855 5644 2884 5712 ,-
2921 5641 3062 5723 quod
3113 5641 3474 5723 praecesserat:
3506 5641 3871 5723 ’Librar'i‘oru‘n]

2358 5705 2551 5775 oculos.
2576 5705 2865 5776 verborum,
2899 5705 3145 5790 παρεῖναι
3187 5728 3240 5772 et
3287 5715 3560 5782 προσεῖναι
3604 5705 3872 5766 similitudo

2360 5793 2655 5860 παρήγαγε.
