3994 6340
78 432 191 486 993

80 547 397 615 καθήμενος
416 585 430 608 ,

77 637 192 687 τῶν
245 636 603 705 ὲπακτρίδων,
645 633 749 685 τῶν
788 633 977 702 μόνων,
1023 634 1165 702 μίαν,
1205 635 1388 705 μόνην,
1420 635 1646 705 ἔρημον,

81 728 455 795 μετακυμίαις
480 725 735 794 ἐχομένην
769 724 1139 793 ὀξυδεδορκὼς,
1162 727 1257 794 μιᾷ
1286 725 1407 795 βολῇ
1443 727 1647 779 κατεῖδε

80 821 181 889 τὴν
230 818 392 871 ναῦν·
435 818 571 869 οὕτω
600 818 661 883 δή
704 834 823 867 τινα
870 816 1164 869 ἀπελθόντα
1209 818 1521 888 πόρῤωάπὸ
1543 818 1649 869 τῶν

78 909 384 979 αἰσθητῶν,
443 908 696 977 ὁμιλῆσαι
735 906 810 976 τῷ
863 908 1047 976 ἀγαθῷ
1102 908 1241 977 μόνῳ
1288 908 1463 976 μόνον,
1524 908 1648 961 ἔνθα

83 1002 226 1069 μήτε
251 1018 336 1062 τις
361 998 658 1069 ἄνθρωπος,
698 1000 827 1067 μήτε
859 1016 907 1049 τι
938 998 1071 1060 ζῶον
1096 998 1299 1068 ἕτερον,
1336 998 1464 1067 μηδὲ
1494 1000 1646 1067 σῶμα

82 1094 253 1161 μέγα,
300 1093 434 1162 μηδὲ
464 1092 708 1159 σμικρὸν,
740 1090 870 1143 ἀλλὰ
894 1107 973 1151 τις
1006 1089 1205 1157 ἄφατος
1243 1091 1334 1141 καὶ
1364 1091 1649 1159 ἀδιήγητος

78 1182 331 1250 ἀτεχνῶς
380 1181 578 1250 ἐρημία
623 1180 919 1241 Θεσπέσιος,
969 1178 1094 1231 ἔνθα
1129 1179 1219 1231 τοῦ
1276 1179 1476 1245 ἀγαθοῦ
1524 1180 1645 1249 ἤθη,

78 1275 361 1345 διατριϐαί
394 1292 452 1325 τε
495 1275 585 1326 καὶ
618 1274 854 1340 ἀγλαΐαι,
895 1272 1020 1321 αὐτὸ
1051 1270 1104 1320 δὲ
1147 1272 1203 1321 ὲν
1234 1272 1441 1341 εἰρήνῃ,
1477 1271 1533 1321 ὲν
1564 1272 1649 1321 εὐ-

82 1367 303 1435 μενείᾳ,
336 1367 393 1418 τὸ
428 1367 645 1435 ἡρεμον,
678 1364 736 1414 τὸ
770 1361 1104 1431 ἡγεμονικὸν,
1151 1361 1322 1421 ἵλεων,
1355 1361 1647 1429 ἐποχούμε-

80 1477 169 1511 νον
202 1459 297 1509 ἐπὶ
343 1461 407 1527 τῇ
443 1458 615 1527 οὐσία.
649 1458 708 1507 Εἰ
755 1454 808 1506 δέ
840 1470 919 1515 τις
956 1453 1088 1521 πρὸς
1133 1454 1238 1512 τοῖς
1272 1452 1540 1521 αἰσθητοῖς
1568 1453 1647 1503 λι-

82 1548 303 1618 παρῶν,
336 1549 395 1599 τὸ
419 1548 614 1614 ἀγαθὸν
651 1546 1008 1613 ὲφιπτάμενον
1034 1542 1378 1610 φαντάζεται,
1422 1544 1649 1595 κᾶπειτα

79 1640 307 1709 τρυφῶν
351 1639 511 1691 οἴοιτο
534 1638 608 1705 τῷ
646 1636 830 1705 ἀγαθῷ
857 1635 1285 1704 ἐντετυχηκέναι,
1320 1634 1411 1685 τοῦ
1456 1634 1649 1696 παντὸς

82 1730 415 1798 ἁμαρτάνει.
467 1728 554 1796 Τῷ
589 1727 693 1797 γὰρ
732 1728 841 1778 ὗντι
886 1728 943 1778 οὐ
994 1726 1197 1796 ῥᾳδίας,
1234 1725 1377 1787 Θείας
1423 1725 1477 1775 δὲ
1519 1726 1649 1795 πρὸς

82 1823 215 1873 αὐτὸ
245 1822 331 1873 δεῖ
362 1820 575 1890 μεθόδου
596 1836 607 1847 ·
644 1820 731 1871 καὶ
763 1819 873 1871 ἐστι
905 1818 1207 1889 κράτιστον,
1252 1818 1356 1869 τῶν
1385 1817 1648 1887 αίσθητῶν

83 1912 445 1981 ἀμελήσαντι,
478 1909 905 1977 νεανιευσαμένῳ
924 1908 1057 1979 πρὸς
1087 1907 1151 1959 τὰ
1183 1907 1495 1976 μαθήματα.
1528 1911 1647 1970 τοὺς

84 2002 359 2072 ἀριθμοὺς
388 2000 717 2069 θεασαμένῳ,
746 2000 913 2061 οὕτως
942 1998 1296 2067 ὲκμελετῆσαι
1320 1997 1559 2066 μάθημα·
1584 1998 1647 2049 Τί

83 2093 198 2142 ἐστι.
254 2090 318 2142 τὸ
371 2089 446 2141 ἓν.
493 2110 509 2141 ι
542 2088 721 2142 Ταῦτα
764 2090 859 2157 μὲν
903 2090 958 2139 ὲν
1008 2087 1083 2155 τῷ
1128 2086 1352 2155 πρώτῳ·
1389 2088 1443 2137 ὲν
1476 2087 1530 2137 δὲ
1572 2088 1648 2156 τῷ

82 2182 326 2250 πέμπτῳ
370 2180 542 2233 ταῦτα
592 2196 783 2248 φησιν’
822 2196 841 2227 ι
876 2179 936 2229 El
994 2178 1036 2229 δ’
1080 2178 1193 2229 ἐστὶ
1245 2178 1341 2247 μὲν
1390 2178 1573 2246 νοητὸν
1614 2180 1646 2247 ἡ

80 2272 241 2324 οὐσία
272 2272 370 2324 καὶ
398 2273 429 2340 ὴ
462 2272 589 2333 ίδέα,
632 2270 831 2339 ταύτης
862 2270 902 2319 δ’
937 2268 1255 2337 ὡμολογήθη
1288 2268 1647 2338 πρεσδύτερον

84 2364 175 2413 καὶ
205 2362 383 2413 αῖτιον
407 2356 539 2411 εἶναι
565 2362 591 2411 6
623 2359 763 2422 νοῦς,
794 2359 950 2421 αὐτὸς
972 2352 1123 2420 οὗτος
1150 2360 1304 2426 μόνος
1332 2358 1551 2428 εὓρηται
1576 2358 1649 2409 ὢν

84 2452 142 2502 τὸ
172 2450 398 2518 ἀγαθόν.
433 2450 537 2501 Καὶ
579 2449 683 2519 γὰρ
713 2452 758 2501 εί
788 2452 814 2501 6
847 2450 943 2519 μὲν
970 2451 997 2500 6
1030 2449 1349 2518 δημιουργὸς
1376 2449 1503 2511 Θεός
1536 2452 1649 2501 ἐστι

85 2542 358 2615 γενέσεως
397 2539 558 2610 ἁρχὴ,
600 2540 657 2591 τὸ
681 2540 877 2606 ἀγαθὸν
904 2541 1085 2602 οὐσίας
1120 2540 1264 2591 ἐστὶν
1296 2540 1455 2608 ἀρχή.
1495 2540 1649 2590 Ἀνά-

84 2632 240 2697 λογον
278 2631 339 2683 δὲ
388 2633 556 2700 τούτῳ
606 2632 701 2700 μὲν
748 2634 775 2682 6
820 2630 1139 2701 δημιουργὸς
1183 2630 1331 2691 Θεὸς,
1367 2630 1440 2681 ὣν
1488 2629 1649 2681 αὐτοῦ

90 2722 356 2791 μιμητὴς,
384 2725 446 2791 τῇ
471 2722 525 2773 δὲ
552 2723 705 2790 οὐσίᾳ
728 2724 759 2789 ἡ
783 2722 1010 2787 γένεσις,
1034 2721 1190 2773 εἰκὼν
1217 2722 1381 2789 αὐτῆς
1408 2717 1537 2773 οὖσα
1562 2721 1651 2771 καὶ

89 2815 339 2881 μίμημα.
378 2813 435 2863 Εί
480 2812 587 2881 γὰρ
620 2814 647 2862 6
674 2812 996 2881 δημιουργὸς
1037 2814 1063 2863 6
1092 2812 1189 2880 τῆς
1216 2812 1477 2879 γενέσεώς
1507 2814 1651 2863 ἐστιν

87 2904 311 2970 ἀγαθὸς,
364 2900 502 2972 ἦπου
568 2902 715 2953 ἔσται
757 2904 848 2954 καὶ
880 2905 908 2953 6
956 2903 1051 2971 τῆς
1097 2904 1279 2964 οὐσίας
1333 2904 1653 2973 δημιουργὸς

88 2993 447 3060 αὐτοαγαθόν,
480 2992 750 3061 σύμφυτον
775 2996 837 3062 τῇ
864 2992 1038 3060 οὐσία.
1057 2992 1114 3043 ὐ
1136 2992 1242 3060 γὰρ
1268 2992 1532 3061 δεύτερος,
1554 2993 1652 3044 διτ-

87 3086 173 3147 τὸς
199 3085 275 3136 ὢν
307 3085 488 3147 αὐτὸς,
524 3089 661 3137 ποιεῖ
689 3086 787 3155 τήν
818 3102 875 3136 τε
906 3084 1045 3137 ἰδέαν
1088 3083 1279 3135 ἑαυτοῦ
1308 3086 1398 3135 καὶ
1444 3084 1532 3134 τὸν
1562 3085 1650 3135 κό-

92 3192 243 3243 σμον,
271 3176 598 3246 δημιουργὸς
624 3176 698 3228 ὢν
723 3194 734 3204 ·
763 3176 950 3229 ἔπειτα
985 3174 1310 3245 θεωρητικὸς
1335 3174 1488 3236 ὅλως.
1516 3175 1647 3225 Συλ-

91 3268 482 3336 λελογισμένων
504 3270 547 3321 δ’
572 3272 602 3337 ἡ
612 3268 723 3337 μῶν
751 3269 985 3336 ὀνόματα
1019 3267 1290 3336 τεττάρων
1319 3267 1650 3335 πραγμάτων

91 3360 325 3427 τέτταρα
362 3358 497 3410 ἔστω
522 3360 718 3411 ταῦτα’
760 3360 817 3409 '0
845 3358 939 3431 μὲν
975 3358 1183 3427 πρῶτος
1208 3358 1355 3419 Θεὸς,
1391 3357 1653 3423 αὐτοαγα-

93 3448 208 3501 θον·
235 3453 263 3501 6
298 3449 359 3501 δὲ
402 3449 585 3500 τούτου
636 3451 890 3517 μιμητὴς,
930 3448 1252 3518 δημιουργὸς
1297 3448 1493 3514 ἀγαθός
1514 3464 1525 3475 ·
1552 3449 1583 3515 ἡ
1611 3447 1653 3497 δ’

95 3543 243 3595 cisia
273 3542 376 3611 μία
401 3541 545 3610 μὲνὴ
572 3538 662 3591 τοῦ
691 3539 923 3606 πρώτου,
951 3540 1109 3607 ἑτέρα
1128 3539 1183 3590 δὲ
1214 3540 1245 3606 ἡ
1267 3537 1357 3589 τοῦ
1381 3537 1649 3606 δευτέρου·

93 3631 155 3702 ἧς
204 3636 452 3704 μίμημα,
484 3633 688 3695 ὁκαλὸς
737 3633 954 3699 κόσμος,
983 3629 1481 3697 κεκαλλωπισμένας
1527 3646 1652 3697 μετ-

94 3726 247 3795 ουσία
316 3725 412 3776 τοῦ
460 3724 642 3777 καλοῦ.
685 3744 703 3774 ι
746 3724 852 3774 Καὶ
882 3722 937 3772 ὲν
970 3720 1044 3788 τῷ
1088 3721 1227 3788 ἕκτῳ
1272 3720 1329 3771 δὲ
1377 3721 1650 3786 ἐπιλέγει·

101 3834 118 3865 ι
155 3816 467 3885 Μετέχειδὲ
506 3814 667 3867 αὐτοῦ
700 3816 767 3867 τὰ
812 3813 1123 3883 μετέχοντα,
1163 3811 1255 3860 καὶ
1300 3810 1355 3861 ἐν
1387 3810 1529 3879 ἄλλῳ
1558 3812 1654 3879 μὲν

95 3906 284 3968 οὐδενὶ,
324 3910 383 3959 ἐν
416 3907 471 3958 δὲ
505 3906 647 3975 μόνῳ
690 3906 767 3976 τῷ
812 3908 1023 3976 φρονεῖν
1048 3920 1060 3932 ·
1093 3904 1259 3972 ταύτῃ
1295 3904 1398 3972 ἄρα
1438 3905 1653 3971 καὶτῆς

98 3997 299 4063 ἀγαθοῦ
338 3998 650 4066 συμὸάσεως
678 4000 893 4051 ὀνίναιτ¹
927 3998 1012 4061 ἂν,
1036 3996 1205 4057 ἄλλως
1239 3996 1281 4047 δ’
1305 3994 1383 4047 οὐ.
1414 3996 1522 4047 Καὶ
1557 3995 1653 4063 μὲν

100 4088 159 4157 δὴ
191 4090 252 4139 τὸ
280 4092 495 4158 φρονεῖν
525 4089 677 4141 τοῦτο
707 4088 813 4139 δεῖν
862 4086 1214 4154 συντετύχηκε
1248 4086 1357 4152 (57)
1406 4085 1549 4154 μόνῳ
1576 4084 1652 4151 τῷ

101 4177 315 4247 πρώτῳ.
359 4180 474 4246 Ὑφ’
508 4176 565 4233 οὐ
592 4175 681 4232 οὖν
712 4180 777 4232 τὰ
814 4181 943 4232 ἄλλα
976 4177 1355 4247 ἀποχραίνεται
1390 4176 1486 4227 καὶ
1522 4177 1653 4241 ἀγα-

102 4268 304 4331 θοῦται,
341 4270 436 4320 ἐὰν
460 4268 614 4322 τοῦτο
640 4271 827 4337 ἐκείνῳ
864 4272 1018 4339 μόνον
1048 4269 1190 4337 μόνῳ
1215 4271 1409 4336 προσῇ,
1439 4266 1677 4318 ἁϐελτέ-.

104 4378 197 4427 ρας
243 4361 312 4413 ἂν
359 4360 441 4429 εἴη
492 4361 668 4431 ψυχῆς
711 4363 785 4414 ἔτι
831 4362 1159 4431 ἀμφιλογεῖν.
1197 4360 1257 4410 Εί
1303 4358 1410 4428 γὰρ
1454 4357 1651 4424 ἀγαθός

104 4451 243 4502 ἐστιν
274 4452 304 4502 6
346 4449 587 4515 δεύτερος
614 4452 672 4502 οὐ
718 4452 844 4521 παρ’
877 4450 1084 4511 ἑαυτοῦ,
1118 4449 1263 4517 παρὰ
1285 4448 1338 4499 δὲ
1380 4446 1471 4498 τοῦ
1506 4446 1652 4515 πρὼ-

1176 430 1495 485 ΡΠΑΞΡΑΒ.
1542 430 1789 485 EVANG.
1837 432 1959 485 LIB.
2004 430 2094 485 XI.

504 545 628 596 ναῦν
699 543 900 596 ἁλιάδα
943 543 1191 613 βραχεῖαν
1266 561 1382 596 τινα
1444 544 1645 597 τούτων

1749 562 1810 599 ex
1858 547 2177 615 Cujusquam
2224 544 2465 607 omnino,
2516 558 2635 612 qua:
2680 546 2926 598 sensibus
2974 547 3296 613 percipiatur

3190 432 3292 483 ΥΟΕ

1750 632 2103 687 similitudine
2130 646 2441 701 possumus.
2480 630 2585 685 Sed
2620 647 2836 685 necesse
2860 632 3039 698 fuerit,
3076 637 3295 702 perinde

1752 734 1809 777 ut
1837 725 1880 778 si
1913 724 2035 793 quis
2062 725 2114 777 iu
2140 725 2282 779 edita
2308 723 2523 793 specula
2554 724 2862 786 considens,
2897 727 3141 795 cymbam
3175 744 3289 780 me-

1750 817 1837 868 dio
1870 816 1923 869 in
1968 817 2102 869 mari
2136 819 2475 886 perexiguam
2526 834 2687 870 unam
2742 834 2803 870 ex
2836 819 3143 886 piseatoriis
3194 820 3298 873 illis

1752 911 2008 976 aliquam,
2050 926 2168 978 quae
2194 912 2319 963 solre
2350 926 2605 979 apparere
2637 910 2830 970 solent,
2864 912 3007 961 omni
3042 910 3296 963 curmtatu

1752 1000 1970 1065 nudam,
2020 1000 2352 1068 alternisque
2408 1000 2657 1053 fluctibus
2707 1001 2988 1060 inclusam,
3024 1016 3125 1067 qua
3159 1003 3299 1054 Valet

1750 1093 1864 1145 acie
1889 1092 2239 1159 prOSpiciens,
2269 1093 2508 1160 eunjectu
2538 1094 2811 1145 oculorum
2842 1106 2947 1144 uno
2983 1104 3144 1144 totam
3182 1108 3296 1160 pcr-

1750 1184 1947 1244 videat,
2004 1184 2073 1235 ita
2108 1200 2375 1251 quemque
2426 1185 2610 1252 procul
2646 1185 2711 1237 ab
2740 1184 2885 1236 omni
2936 1200 3133 1244 rerum,
3179 1199 3297 1251 quae

1752 1291 1913 1329 sensu
1978 1276 2283 1343 capiuutur,
2328 1292 2427 1328 usu
2482 1276 2913 1342 commercioque
2965 1275 3293 1341 sejunctum,

1753 1382 1875 1418 cum
1908 1366 2025 1419 solo
2071 1367 2211 1419 bono
2262 1368 2433 1419 solum
2468 1382 2645 1434 agere,
2681 1367 2767 1419 ubi
2800 1383 2901 1417 non
2955 1368 3133 1427 homo,
3190 1381 3295 1417 non

1752 1458 1955 1521 anima,
2008 1473 2113 1510 non
2170 1458 2335 1510 ullum
2379 1459 2603 1510 omnino
2650 1473 2851 1524 corpus
2896 1466 3164 1519 occurrat,
3205 1458 3295 1509 sed

1750 1556 1899 1600 vasta
1946 1547 2190 1616 quaedam
2237 1549 2493 1616 omnique
2530 1549 2773 1603 oratione
2821 1551 3014 1619 major,
3050 1566 3110 1602 ac
3144 1550 3298 1616 plane

1750 1637 1929 1690 divina
1972 1639 2205 1692 solitudo
2238 1655 2250 1688 :
2311 1640 2362 1693 in
2402 1657 2507 1707 qua
2543 1640 2665 1693 boni
2706 1655 2903 1702 mores,
2940 1641 3295 1698 consuetudo,

1750 1728 2058 1797 deliciaeque
2078 1739 2358 1783 versantur
2379 1731 2659 1798 ipsumque
2685 1730 2815 1783 adeo
2836 1732 3056 1794 bonum,
3087 1748 3296 1785 summa

1751 1832 1899 1883 pace,
1946 1833 2009 1870 ac
2037 1818 2402 1885 placidissima
2435 1820 2663 1886 quadam
2701 1821 2865 1872 animi
2909 1822 3296 1887 tranquillitate.

1684 1889 1721 1941 Β
1754 1908 1957 1970 fruens,
1990 1909 2238 1977 princeps
2288 1908 2429 1961 idem
2457 1910 2818 1977 omnibusque
2858 1912 3144 1979 pr0pitium
3200 1928 3295 1963 na-

1750 2006 1882 2050 tura:
1916 1999 2109 2053 insidet
2155 1999 2434 2053 universae.
2472 1998 2604 2052 Nam
2636 2001 2726 2068 qui
2771 2001 2898 2054 dum
2926 2002 2976 2053 in
3016 2002 3175 2055 rebus
3210 2003 3294 2064 iis,

1749 2102 1868 2154 qua:
1894 2102 2106 2140 sensum
2129 2087 2347 2152 feriunt,
2377 2088 2628 2142 assiduus
2652 2104 2713 2141 ac
2743 2097 2887 2142 totus
2915 2098 3017 2152 est,
3052 2089 3175 2142 boui
3209 2106 3297 2142 ne-

1712 2168 1723 2181 “
1750 2177 1863 2231 scio
1890 2194 2049 2246 quam
2081 2181 2224 2232 velut
2276 2196 2339 2234 eo
2370 2179 2669 2234 devolantis
2714 2180 3091 2248 cogitationem
3131 2180 3297 2232 infor-

1751 2279 1879 2330 mat.
1931 2285 1995 2324 ac
2040 2272 2231 2325 deinde
2266 2272 2411 2327 illius
2458 2288 2516 2327 se
2548 2272 2908 2325 familiaritate
2950 2287 3106 2324 usum
3139 2273 3299 2324 homo

1750 2361 2007 2416 delicatus
2036 2378 2101 2415 ac
2131 2365 2499 2431 voluptuarius
2524 2365 2815 2426 existimat,
2840 2379 2922 2417 na:
2950 2365 2995 2417 is
3023 2365 3301 2417 vehemen-

1752 2460 1831 2502 ter
1876 2459 2035 2503 errat.
2092 2450 2200 2506 Nec
2250 2454 2392 2508 enim
2430 2454 2604 2522 ipsum
2639 2453 2785 2509 facili
2824 2468 2889 2508 ac
2934 2452 3157 2513 ludicra,
3208 2454 3297 2506 sed

1752 2542 1908 2610 plane
1934 2543 2109 2597 divina
2147 2545 2378 2613 quadam
2408 2555 2520 2599 arte
2544 2546 2799 2600 industrii
2814 2560 2915 2612 1ue
2954 2546 3297 2615 quairendum

1750 2644 1852 2691 est.
1906 2634 2024 2699 Quo
2057 2635 2108 2687 in
2140 2650 2332 2705 genere
2362 2636 2623 2703 Optimum
2657 2651 2785 2690 sane
2820 2633 2999 2698 fuerit,
3049 2638 3299 2690 omnibus

1751 2724 1835 2788 iis,
1860 2740 1979 2793 qua:
2013 2726 2063 2777 in
2092 2740 2310 2778 sensum
2347 2726 2563 2789 cadunt,
2598 2726 2898 2795 praeteritis,
2927 2727 2979 2780 in
3009 2728 3302 2781 mathema—

1750 2816 1884 2870 ticas
1911 2815 2221 2885 disciplinas
2261 2817 2499 2869 animose
2546 2815 2810 2883 inprimis
2849 2824 3008 2884 atque
3054 2816 3302 2870 ardenter

1751 2907 2080 2969 incumbere,
2110 2919 2270 2973 atque
2301 2906 2390 2959 ubi
2420 2920 2769 2959 numerorum
2800 2905 3110 2960 discrimina
3139 2908 3300 2960 ratio-

1751 3009 1952 3061 nesque
1997 2990 2287 3062 pervideris
2338 3001 2451 3046 tum
2503 2994 2554 3045 in
2603 2994 2703 3047 hac
2739 2994 2955 3047 demum
2980 2996 3298 3063 quaestione,

1749 3082 1888 3149 Quid
1920 3100 2087 3138 unum
2140 3094 2193 3139 et
2235 3084 2535 3155 cujusmodi
2570 3085 2657 3145 sit,
2694 3083 2912 3138 assidua
2956 3085 3302 3140 meditatione

1752 3172 2175 3245 versamus“
2201 3172 2323 3228 Haec
2348 3175 2400 3227 in
2428 3175 2601 3241 primo
2626 3173 2919 3229 Numenius
2944 3194 2957 3241 ;
2982 3187 3035 3231 at
3066 3192 3181 3245 quae
3213 3192 3299 3231 se-

1755 3272 2014 3331 quuntur,
2060 3267 2114 3319 in
2154 3266 2342 3334 quinto
2376 3284 2387 3318 :
2431 3284 2449 3315 ι
2478 3263 2616 3329 1am,
2654 3265 2849 3334 inquit,
2884 3266 2929 3320 si
2960 3276 3069 3319 tam
3115 3281 3300 3319 essen—

1757 3356 1850 3415 tia,
1888 3368 2051 3421 quam
2083 3354 2200 3408 idea
2234 3354 2474 3421 spiritale
2510 3353 2763 3421 quiddam
2798 3363 2901 3416 est,
2928 3364 2978 3408 et
3001 3355 3045 3407 si
3080 3363 3302 3422 utraque

1754 3445 2131 3513 antiquiorem,
2157 3446 2265 3498 imo
2294 3454 2347 3499 et
2375 3461 2591 3499 causam
2622 3445 2902 3514 utriusque
2929 3454 3157 3499 mentem
3185 3463 3305 3501 esse.

1756 3538 2110 3597 confitemur,
2148 3553 2265 3589 eam
2316 3535 2555 3605 profecto
2602 3535 2769 3590 solam
2818 3535 3017 3588 bonum
3062 3551 3181 3589 esse.
3206 3552 3299 3589 ne-

1754 3644 1905 3683 cesse
1940 3638 2040 3682 est.
2074 3627 2205 3680 Nam
2240 3628 2283 3683 si
2315 3626 2505 3681 artifex
2542 3626 2680 3679 Deus
2714 3626 3072 3694 generationis
3099 3629 3301 3695 princi-

1754 3722 1900 3789 pium
1948 3716 2051 3784 est,
2094 3721 2292 3773 bonum
2336 3720 2510 3787 ipsum
2552 3716 2788 3785 profecto
2820 3720 3064 3772 essentia:
3104 3720 3302 3787 princi—

1754 3813 1900 3881 pium
1922 3812 2045 3866 erit.
2074 3812 2361 3865 Enimvero
2390 3820 2449 3864 ut
2489 3809 2675 3863 artifex
2708 3809 2795 3863 ille
2829 3809 2965 3863 Deus
2988 3824 3111 3863 cum
3136 3808 3298 3871 bono,

1754 3904 1911 3971 cujus
1948 3904 2228 3957 aemulator
2255 3912 2355 3964 est,
2410 3902 2482 3955 ita
2506 3918 2625 3955 cum
2660 3902 2892 3954 essentia
2924 3900 3197 3968 generatio
3226 3900 3300 3953 si-

1754 3992 2072 4045 militudinis
2096 4000 2256 4057 atque
2285 3989 2554 4043 afﬁnitatis
2588 3988 2784 4055 aliquid
2808 3987 2983 4050 habet,
3008 3987 3149 4055 quod
3181 3986 3299 4054 ejus

1755 4082 1929 4149 imago
1964 4082 2205 4148 quaedam
2234 4088 2287 4133 et
2328 4078 2555 4131 imitatio
2585 4078 2671 4131 sit.
2728 4075 2879 4140 Quod
2905 4076 2950 4129 si
2985 4075 3176 4129 artifex
3211 4092 3299 4144 ge-

1755 4171 2047 4225 nerationis
2076 4178 2263 4223 auctor
2289 4170 2463 4223 bonus
2491 4178 2571 4223 est
2594 4208 2606 4230 ,
2654 4168 2899 4221 essentia:
2928 4167 3139 4236 quidem
3170 4169 3300 4220 arti-

1760 4261 1861 4323 fex,
1890 4262 2177 4329 ipsummet
2200 4276 2291 4328 per
2317 4275 2435 4315 sese
2466 4258 2664 4312 bonum
2698 4258 2819 4317 erit.
2850 4266 3007 4325 atque
3039 4256 3091 4309 in
3117 4264 3301 4311 essen-

1758 4354 1839 4405 tia:
1870 4355 2130 4406 rationem
2178 4360 2231 4405 ει
2277 4363 2520 4405 naturam
2554 4350 2883 4403 immersum.
2940 4346 3072 4401 Nam
3104 4365 3300 4403 SCCUD-

1752 4446 1855 4496 dus
1903 4459 2066 4508 sane,
2118 4442 2313 4510 duplex
2357 4442 2470 4509 ipse
2514 4454 2636 4493 cum
2672 4439 2773 4503 sit,
2810 4439 3056 4507 idemque
3084 4438 3298 4499 artifex,

102 4557 210 4604 του,
235 4537 476 4603 ττῶςοῖόν
500 4558 555 4593 τε
577 4542 664 4609 ὐφ’
692 4536 751 4593 οὐ
782 4543 1063 4609 μετουσίας
1089 4541 1231 4591 ἐστὶν
1254 4535 1405 4599 οὗτος
1430 4538 1646 4598 ἀγαθὸς,

1753 4537 1984 4603 primum
2031 4534 2245 4603 quidem
2294 4544 2347 4586 et
2385 4533 2555 4585 ideam
2601 4530 2713 4597 ipse
2756 4544 2911 4582 suam
2955 4539 3009 4582 et
3039 4530 3297 4582 mundum

108 4635 179 4702 μὴ
208 4634 410 4702 ἀγαθὸν
442 4629 595 4694 εἶναι,
626 4632 793 4689 ἄλλως
822 4650 903 4694 τε,
931 4632 1029 4684 κᾶν
1053 4632 1187 4701 τύχῃ
1226 4629 1386 4683 αὐτοῦ
1416 4629 1490 4689 ὡς
1520 4630 1649 4693 ἀγα-

106 4725 194 4776 θοῦ
230 4724 547 4794 μεταλαχὼν
586 4727 613 4776 6
654 4723 931 4791 δεύτερος;
978 4723 1118 4774 οὓτω
1144 4740 1223 4773 τοι
1268 4725 1295 4773 6
1330 4721 1546 4771 Πλάτων
1587 4722 1650 4770 ἐκ

109 4815 458 4883 συλλογισμοῦ
498 4814 574 4883 τῷ
612 4815 702 4878 ὀξύ
738 4812 981 4881 βλέποντι
1020 4814 1259 4865 ἀπέδωκε
1286 4813 1395 4881 (38)
1423 4813 1481 4862 τὸ
1513 4812 1647 4877 ἁγα-

109 4904 213 4966 θὸν,
236 4907 318 4957 ὃτι
347 4906 489 4957 ἐστὶν
518 4906 594 4956 ἓν.
620 4924 637 4955 ›
662 4906 767 4955 Καὶ
798 4904 954 4954 πάλιν
980 4904 1106 4970 ἑξῆς
1140 4921 1295 4972 φησι·
1332 4922 1350 4952 ‹
1380 4902 1557 4956 Ταῦτα
1597 4903 1649 4954 δὲ

108 4994 271 5055 οὕτως
318 4994 525 5063 ἔχοντα,
566 4995 659 5062 ἔθη
682 5008 707 5034 ι
741 4994 833 5063 μὲν
863 4996 891 5045 6
936 4993 1173 5054 Πλάτων,
1222 4994 1351 5065 ἄλλῃ
1382 4996 1471 5045 καὶ
1520 4993 1649 5063 ἄλλη

110 5085 342 5153 χωρίσας
362 5101 373 5111 ·
408 5084 509 5153 ἰδία
540 5085 636 5152 μὲν
663 5085 768 5153 γὰρ
798 5085 884 5134 τὸν
910 5082 1158 5135 κυκλικὸν
1187 5084 1296 5150 (39)
1324 5085 1413 5133 ἐπὶ
1432 5082 1523 5133 τοῦ
1552 5086 1649 5149 Δη-

177 5208 200 5235 ι
242 5196 378 5261 forte
414 5194 511 5245 ἔτι,

178 5330 284 5396 (57)
314 5329 445 5380 Δεῖν
470 5342 889 5395 συντετυχηκε.
922 5327 1260 5396 Subobscura
1290 5326 1494 5379 videtur
1521 5328 1650 5396 hyp-

114 5398 294 5462 allage,
327 5413 426 5465 pro
450 5396 531 5447 δεῖ
556 5397 635 5448 vel
663 5396 766 5465 ἔδει
800 5395 1262 5464 συντετυχηκέναι.

178 5466 287 5532 (38)
322 5466 629 5520 Ἀπέδωκε.
664 5464 773 5518 Vox
797 5469 1023 5519 contrita
1054 5464 1403 5533 philosophis.
1431 5479 1491 5516 ac
1518 5466 1647 5517 viris

113 5536 334 5590 eruditis
366 5538 569 5603 pridem
604 5535 901 5603 observata,
937 5537 1035 5587 hoc
1064 5544 1144 5586 est
1165 5576 1177 5597 ,
1209 5534 1488 5586 dialectico
1514 5550 1647 5600 prae-

118 5605 293 5656 sertim
344 5602 493 5657 more
543 5603 741 5670 aliquid
773 5602 996 5666 efﬁcere,
1046 5604 1444 5663 demonstrare,
1473 5612 1525 5655 et
1576 5606 1649 5653 si-

118 5674 326 5733 militer.
354 5672 475 5737 Quo
528 5688 685 5725 sensu
715 5672 1000 5737 aliquando
1036 5671 1125 5722 τὸν
1155 5671 1304 5737 λόγον
1339 5672 1644 5738 adjunclum

120 5740 288 5818 liabet,
329 5742 618 5818 aliquando
660 5756 749 5818 per
793 5741 1050 5818 se‘solum
1086 5738 1647 5818 poniturL‘Numenius

122 5809 201 5863 hic
224 5812 323 5863 ista
350 5808 650 5879 conjunxit,
675 5813 736 5861 ὲκ
767 5808 1112 5877 συλλογισμοῦ
1146 5810 1466 5862 ἀποδιδόναι.

543 5901 729 5959 Pun.
762 5898 879 5961 Gn.
910 5899 1079 5959 XXI.

1754 4623 1895 4675 hunc
1919 4630 2183 4689 procreat,
2217 4619 2407 4673 deinde
2439 4633 2564 4670 vero
2592 4626 2735 4670 totus
2763 4618 2814 4669 in
2852 4616 3298 4683 contemplatione

1752 4726 2013 4769 versatur.
2050 4712 2225 4778 Quare
2244 4752 2257 4775 ,
2287 4719 2345 4763 ut
2370 4724 2548 4763 rerum
2576 4718 2807 4777 quatuor
2831 4709 3045 4762 nomina
3073 4706 3295 4775 colliga-

1751 4824 1892 4870 mus,
1923 4814 2155 4874 quatuor
2179 4803 2290 4856 baec
2318 4817 2435 4855 esse
2465 4802 2705 4869 possint:
2730 4800 2871 4853 Deus
2898 4799 3121 4867 primus,
3153 4800 3296 4865 quod

1751 4898 1925 4965 ipsum
1952 4911 2043 4965 per
2086 4908 2203 4947 sese
2230 4894 2428 4947 bonum
2461 4901 2542 4944 est
2572 4909 2587 4955 ;
2630 4890 2867 4959 ejusdem
2902 4888 3135 4941 imitator
3162 4888 3294 4941 arti-

1751 4990 1836 5043 fex
1892 4990 2110 5049 bonus;
2150 4986 2379 5039 essentia
2423 4984 2637 5051 duplex,
2687 4979 2843 5049 primi
2898 4978 3084 5039 altera,
3130 4978 3296 5032 altera

1750 5079 1992 5141 secundi,
2033 5076 2189 5143 cujus
2234 5076 2461 5129 imitatio
2500 5083 2585 5127 est
2625 5071 2844 5139 pulcher
2896 5070 2982 5123 ille
3041 5069 3293 5131 mundus,

1821 5324 1929 5391 (59)
1964 5322 2085 5387 Γὰρ
2122 5316 2549 5391 τὸν-κυκλικὸν.
2584 5312 2787 5391 Mallem
2834 5312 3041 5391 abesset
3067 5305 3292 5391 τδιγάρ,

1750 5378 2072 5460 ut‘postula't
2119 5388 2374 5460 orationis
2416 5398 2602 5460 nexus.
2636 5380 3027 5460 Gmtertnn‘vel
3053 5378 3292 5460 addeiuta

1750 5448 1851 5514 vox.
1897 5462 2081 5527 λόγον,
2130 5459 2210 5510 vel
2252 5464 2393 5508 certe
2433 5453 2722 5527 supplenda
2756 5468 2766 5500 :
2811 5448 3061 5527 κυβλικόν
3098 5451 3290 5527 autem

1750 5534 1900 5598 λόγον
1952 5515 2424 5599 appellat,_0pinor
2460 5515 2729 5599 vulgatam
2764 5531 2818 5599 et
2848 5515 3289 5599 philosophorum

1750 5585 1840 5656 ore
1874 5585 2051 5652 tritam
2083 5585 2400 5654 orationem,
2428 5585 2723 5664 quae'nibil
2754 5585 3041 5664 admodum
3072 5585 3292 5664 baberet

1748 5654 2025 5738 exquisiti,
2070 5664 2379 5738 cujusmo‘di
2428 5654 2509 5717 est
2573 5658 3032 5738 quoil_sequitur,
3079 5654 3287 5707 Bonum

1750 5728 1903 5802 Boni,
1933 5728 2169 5804 adeoque
2195 5733 2413 5787 artificis
2441 5728 2673 5785 numinis
2702 5728 2873 5781 ideam
2901 5740 3039 5778 esse.

2942 5877 3017 5936 29
