3994 6340
695 387 800 443 907
1232 376 1517 436 EUSEBII
1557 377 1665 433 CxE
1675 370 2032 430 SARIENSIS
2070 370 2219 426 OPP.

2330 372 2439 425 tRS
2479 369 2544 426 II.
2583 400 2652 412 —
2689 367 3191 429 Διδοιοσετιω.
3779 370 3885 423 οη

695 494 904 567 pulchri
951 492 1324 548 communione
1366 495 1675 542 exornatus.
1716 503 1733 535 ι
1772 483 1913 537 Idem
1962 497 2147 536 rursus
2182 482 2231 535 in

2339 480 2592 551 μιουργοῦ
2617 479 2888 550 ἐγράψατο
2907 481 2963 532 ιν
2997 479 3203 548 Τιμαίῳ
3223 478 3389 531 εἰπών
3406 494 3419 507 ο
3457 498 3475 529 ι
3500 478 3553 531 ’Δ
3564 480 3723 548 γαθὸς
3742 476 3837 551 ἦν·
3859 500 3884 530 ο

696 565 845 643 sexto
875 605 887 639 :
927 604 945 636 ι
980 583 1273 645 Caeterum,
1318 579 1524 647 inquit,
1566 574 1825 645 quidquid
1857 574 1972 641 ejus
2011 572 2061 625 in
2089 587 2227 625 com-

2340 572 2399 621 ὲν
2422 570 2477 623 δὲ
2501 573 2565 639 τῇ
2594 572 2865 637 Πολιτείᾳ
2886 572 2944 623 τὸ
2978 570 3200 638 Ἀγαθὸν
3215 565 3365 623 εἶπεν
3385 588 3404 620 ι
3436 570 3660 638 ’Δγαθοῦ
3693 571 3882 624 ἰδέαν»

698 679 1000 731 munionem
1024 682 1267 737 vocatur,
1312 670 1471 725 unius
1504 676 1709 721 tantum
1750 666 1802 717 in
1833 663 2109 733 sapientia
2142 678 2228 714 vo-

2341 662 2413 723 ὡς
2437 661 2500 729 δὴ
2531 660 2623 714 τοῦ
2654 660 2989 732 Δημιουργοῦ
3038 661 3174 714 ἰδέαν
3206 657 3366 715 οὖσαν
3391 663 3450 715 τὸ
3494 663 3717 730 ἀγαθὸν,
3743 664 3885 725 ὅστις

699 780 868 831 ratur,
907 766 1102 836 quippe
1125 762 1266 831 quod
1302 762 1374 815 ita
1407 759 1621 815 demum
1651 772 1715 809 ex
1746 756 1916 824 ipsius
1945 755 2072 809 boni
2104 769 2231 807 con-

2344 755 2609 821 πέφανται
2656 755 2787 823 ἡμῖν
2833 750 3032 819 ἀγαθὸς
3062 751 3312 821 μετουσίᾳ
3342 748 3434 803 τοῦ
3472 751 3685 823 πρώτου
3709 769 3768 804 τε
3794 750 3891 805 καὶ

692 858 965 925 junctione
997 854 1226 907 fructum
1260 850 1493 918 aliquem
1528 859 1719 914 capere
1744 844 1933 913 possit,
1965 856 2122 897 secus
2146 856 2231 893 au-

2348 842 2526 911 μόνου.
2558 840 2741 905 "Ome;
2780 839 2887 909 γάρ
2919 839 3187 910 ἄνθρωποι
3224 841 3319 909 μὲν
3344 840 3586 909 λέγονται
3621 840 3889 894 tumeb-

694 959 796 1000 tem
824 946 1048 999 nullum.
1110 942 1279 1009 Cujus
1306 938 1521 1008 quidem
1552 936 1823 1004 sapientia!
1876 933 1997 989 Ions
2023 931 2231 987 nonnisi

2344 947 2434 993 τες
2464 930 2567 984 ὑπὸ
2609 930 2707 1000 τῆς
2755 928 3037 1001 ἀνθρώπου
3060 930 3218 992 ἰδέας,
3254 929 3371 998 βόες
3390 930 3434 981 δ’
3460 930 3563 984 ὑπὸ
3598 930 3701 1000 τῆς
3724 929 3886 1000 υἱοὺς,

694 1050 854 1103 penes
888 1034 1119 1103 primum
1155 1031 1303 1083 illum
1338 1042 1457 1083 esse
1497 1026 1697 1078 debuit.
1762 1022 2040 1090 Siquidem
2075 1035 2105 1073 a
2129 1035 2231 1088 quo

2340 1022 2432 1073 καὶ
2465 1020 2618 1073 ἵπποι
2645 1019 2890 1090 ὑπὸτῆς]
2926 1021 3087 1072 ἵππου
3124 1019 3263 1081 ἰδέας
3284 1036 3297 1048 ’
3331 1019 3473 1074 οὕτω
3518 1022 3613 1074 καὶ
3640 1021 3885 1081 εἰκότως,

693 1138 879 1181 caztera
930 1123 1108 1178 omnia
1161 1136 1282 1175 cum
1330 1117 1709 1187 perfectionem
1748 1114 1862 1183 ipsa
1908 1128 2083 1173 suam,
2122 1120 2231 1165 tum

2338 1113 2366 1163 ὁ
2394 1109 2726 1181 Δημιουργὸς
2754 1109 2909 1180 εἰπερ
2932 1112 3046 1163 ἐστὶ
3063 1112 3314 1181 μετουσίᾳ
3329 1112 3420 1165 τοῦ
3446 1112 3653 1182 πρώτου
3685 1110 3888 1179 ἀγαθοῦ

693 1216 924 1285 aliquam
959 1213 1084 1265 boni
1118 1212 1371 1263 rationem
1400 1206 1699 1275 accipiunt,
1733 1204 1855 1257 eine
1907 1212 2111 1255 tantum
2136 1202 2229 1255 uni

2334 1200 2553 1268 ἀγαθὸς,
2579 1200 2691 1254 ἰδέα
2715 1200 2779 1255 ἀν
2810 1201 2894 1272 εἰη
2923 1203 2952 1253 ὁ
2981 1201 3191 1272 πρῶτος
3217 1202 3358 1264 νοῦς,
3388 1201 3463 1254 ὢν
3487 1202 3838 1269 αὐτοαγαθόν.
3864 1221 3883 1252 ι

692 1308 805 1359 haec
835 1303 1055 1374 perfecti
1103 1301 1226 1356 boni
1255 1301 1485 1368 dignitas
1525 1298 1673 1362 insit,
1733 1303 1989 1364 praeterea
2048 1292 2312 1355 dubitare,
2352 1291 2529 1347 stolidi
2560 1290 2799 1361 profecto
2820 1308 2883 1347 ac
2908 1294 3153 1348 vecordis
3200 1294 3365 1347 animi
3410 1293 3590 1347 fuerit.
3647 1291 3705 1347 Si
3745 1293 3885 1346 enim

693 1395 958 1450 secundus
982 1408 1088 1446 non
1116 1406 1208 1460 per
1236 1405 1353 1444 sese
1377 1392 1550 1443 bonus
1576 1401 1689 1450 εει,
1715 1384 1809 1439 sed
1840 1393 2043 1437 tantum
2068 1383 2224 1451 primi
2265 1382 2551 1446 beneﬁcio;
2603 1382 2695 1451 qui
2742 1383 2954 1438 tandem
2998 1384 3113 1438 ﬁeri
3170 1392 3383 1453 posset,
3417 1392 3477 1437 ut
3508 1384 3664 1450 cujus
3729 1384 3887 1438 unius

693 1486 1068 1541 communione
1103 1484 1274 1537 bonus
1310 1480 1441 1534 alter
1467 1481 1567 1533 iste
1630 1478 1720 1543 sit,
1756 1477 1800 1530 is
1841 1476 2017 1545 ipsum
2082 1489 2173 1543 per
2199 1488 2320 1528 sese
2355 1472 2554 1526 bonum
2588 1488 2694 1528 non
2723 1484 2892 1540 esset;
2924 1473 3157 1529 maxime
3187 1490 3343 1539 vero,
3378 1489 3501 1529 cum
3528 1474 3794 1531 secundus
3826 1490 3887 1530 eo

694 1581 949 1633 duntaxat
979 1590 1080 1644 qua
1115 1573 1288 1626 bonus
1323 1582 1405 1627 est
1427 1569 1762 1640 perfruatur?
1810 1566 1885 1622 Ita
1949 1582 2076 1622 sane
2101 1564 2273 1629 Plato,
2312 1563 2354 1617 si
2422 1578 2546 1619 renr
2565 1574 2721 1621 acute
2769 1567 3058 1638 dispicias,
3108 1566 3309 1621 bonum
3353 1582 3523 1620 unum
3564 1582 3686 1621 esse
3728 1582 3885 1637 argi.

695 1680 871 1723 mento
934 1664 1181 1721 coniecit.
1252 1682 1271 1713 ι
1322 1661 1560 1729 Itemque
1601 1660 1759 1729 paulo
1806 1665 1928 1727 post
1958 1675 1971 1710 :
2007 1675 2026 1707 ι
2076 1653 2188 1708 Hoc
2252 1653 2604 1722 philosophia:
2646 1670 2847 1725 genus,
2894 1656 3018 1711 alibi
3066 1656 3281 1724 quidem
3336 1656 3491 1712 aliter
3542 1656 3885 1711 informatum

694 1762 841 1813 Plato
902 1772 963 1812 ac
1021 1754 1333 1808 distinctum
1382 1750 1611 1818 reliquit.
1664 1746 1795 1800 Nam
1848 1747 1938 1814 qui
1986 1745 2229 1813 privatim
2260 1744 2314 1795 in
2356 1741 2576 1807 Timco,
2626 1744 2897 1814 vulgarem
2944 1745 3229 1814 quamdam
3269 1742 3882 1801 artiﬁciDeoratiouem

693 1846 994 1916 descripsit,
1024 1845 1147 1897 dum
1173 1842 1267 1901 ait,
1292 1859 1309 1891 ι
1336 1841 1509 1894 bonus
1532 1846 1645 1892 erat
1675 1854 1689 1889 :
1724 1857 1740 1887 ι
1761 1838 1899 1891 idem
1924 1838 1975 1889 in
2001 1833 2299 1903 Republica,
2318 1834 2514 1889 bonum
2538 1852 2555 1884 ι
2586 1834 2709 1888 boni
2733 1834 2902 1888 ideam
2928 1852 2946 1884 ι
2975 1849 3095 1888 esse
3115 1836 3445 1904 pronuntiat,
3466 1837 3661 1905 quippe
3681 1837 3877 1892 bonum

693 1939 913 1992 artiﬁcis
943 1950 1062 1991 esse
1087 1932 1375 1997 deﬁniens,
1426 1945 1585 2000 quem
1635 1929 1849 1984 nonnisi
1891 1928 2049 1997 primi
2091 1927 2235 1981 illius
2286 1927 2559 1997 soliusque
2604 1926 2730 1981 boni
2779 1927 3154 1981 communione
3217 1928 3415 1984 bonum
3477 1943 3598 1983 esse
3634 1930 3878 1999 cognovi-

694 2026 1313 2094 inus.Qnemadmodum
1377 2023 1516 2077 enim
1580 2020 1829 2074 homines
1882 2014 2137 2081 hominis,
2188 2015 2447 2085 bovisque
2475 2017 2656 2081 boves,
2704 2017 2829 2086 equi
2874 2016 3117 2073 similiter
3156 2018 3273 2071 idea
3315 2015 3678 2072 conIormatos
3716 2034 3882 2089 equos

694 2122 967 2180 dicimus;
1001 2120 1071 2172 ita
1103 2134 1267 2181 sane,
1293 2131 1415 2171 cum
1444 2111 1632 2165 artifex
1656 2109 1818 2179 primi
1862 2108 1989 2162 boni
2047 2106 2425 2161 communione
2452 2109 2625 2162 bonus
2657 2108 2759 2173 sit,
2798 2123 2951 2163 mens
3012 2109 3124 2177 ipsa
3185 2109 3392 2178 prima,
3433 2124 3550 2179 quae
3595 2110 3882 2179 ipsummet

699 2227 790 2279 per
814 2226 933 2265 sese
956 2210 1151 2263 bonum
1188 2208 1277 2270 sit,
1313 2205 1429 2258 idea
1458 2204 1579 2272 jure
1607 2202 1838 2255 dicatur.
1870 2218 1891 2251 ι

1150 2299 1307 2371 545
1338 2295 1563 2358 CAPUT
1589 2294 1773 2348 XXIII.

1175 2392 1249 2444 De
1277 2390 1567 2442 Platonici:
1592 2388 1743 2441 ἰάσει.

768 2504 787 2537 ι
817 2486 950 2538 Cum
986 2484 1165 2553 igitur,
1208 2481 1383 2549 inquit
1410 2479 1582 2541 Plato,
1624 2483 1937 2546 procreatus
1976 2473 2047 2548 ita
2076 2470 2233 2525 fuerit

695 2574 949 2643 (mundus
970 2572 1257 2637 videlicet),
1306 2570 1547 2638 sequitur
1570 2568 1745 2636 ipsum
1803 2566 1869 2618 ad
1909 2562 2231 2631 exemplaris

699 2666 950 2733 alicujus,
973 2662 1116 2733 quod
1170 2661 1376 2713 ratione
1417 2667 1622 2712 tantum
1658 2671 1721 2709 ac
1764 2667 1941 2709 mente
1968 2655 2237 2723 capiatur;

696 2755 944 2824 quodque
982 2754 1165 2807 eodem
1196 2765 1252 2804 se
1281 2749 1440 2803 modo
1493 2762 1704 2816 semper
1734 2745 1946 2811 habeat,
1976 2744 2231 2797 imitatio-

697 2861 813 2900 nem
844 2844 1175 2899 eIaboratum
1199 2841 1385 2895 fuisse.
1431 2838 1486 2892 Id
1536 2839 1678 2907 quod
1706 2838 1750 2890 si
1785 2836 1949 2891 semel
1986 2834 2233 2889 concedi-

692 2950 803 3002 tur,
838 2936 1096 2989 mundum
1130 2934 1290 2986 etiam
1342 2931 1487 2983 hunc
1516 2922 1745 2997 alicujus
1792 2928 2078 2995 imaginem
2113 2940 2233 2979 esse

698 3025 1041 3086 concedatur,
1067 3037 1284 3075 necesse
1308 3029 1408 3073 est.
1435 3018 1567 3071 Nam
1603 3018 1874 3085 exemplar
1897 3017 2112 3083 quidem
2169 3015 2233 3067 il-

696 3116 787 3167 lud
817 3115 921 3167 vim
946 3112 1263 3181 spiritalium
1293 3107 1641 3162 animantium
1672 3107 2000 3166 universam,
2036 3107 2109 3159 uti
2137 3120 2232 3159 nos

699 3208 798 3257 iste
843 3204 1091 3265 mundus,
1124 3202 1175 3254 in
1211 3215 1327 3255 sese
1370 3197 1758 3267 complectitur.
1786 3214 1805 3246 ι
1842 3194 1965 3249 Haec
1998 3195 2149 3248 Plato
2180 3196 2233 3248 in

703 3296 912 3347 Timn‘o.
946 3292 1114 3360 Cujus
1146 3308 1241 3360 ego
1270 3291 1368 3343 loci
1416 3290 1754 3353 sententiam,
1799 3302 1864 3341 ex
1890 3289 1973 3350 iis,
2006 3302 2124 3355 quae
2154 3285 2234 3338 Di-

700 3386 887 3454 dymus
926 3384 989 3437 de
1018 3381 1252 3435 Platonis
1284 3379 1626 3448 opinionibus
1667 3377 2008 3444 conscripsit,
2038 3376 2090 3427 in
2124 3390 2233 3428 me-

700 3474 843 3524 iliurn
877 3471 1157 3539 proferam.
1184 3468 1271 3522 Sic
1293 3476 1469 3521 autem
1502 3467 1611 3535 ipse
1646 3466 1879 3533 loquitur
1914 3482 1925 3514 :
1969 3485 1985 3514 ι
2009 3462 2229 3525 Eorum,

702 3561 891 3629 inquit,
912 3575 1028 3627 quae
1053 3575 1147 3627 pro
1176 3568 1378 3612 natura:
1417 3573 1527 3611 sua:
1547 3559 1773 3621 ratione,
1801 3557 2050 3611 sensibus
2078 3572 2234 3609 usur-

702 3663 913 3719 pantur,
946 3659 1089 3701 certa
1112 3650 1351 3717 quaedam
1392 3649 1444 3701 in
1504 3662 1712 3717 quoque
1769 3660 1960 3715 genere
2007 3661 2069 3700 ac
2109 3647 2231 3700 deli-

700 3744 809 3795 nito
832 3740 1148 3807 exemplaria
1173 3782 1185 3803 ,
1220 3752 1355 3806 quas
1410 3738 1554 3791 ideas
1576 3737 1823 3799 vocabat,
1860 3733 2007 3788 Plato
2032 3736 2231 3788 consti-

700 3834 817 3897 tuit,
847 3832 1039 3902 quibus
1057 3830 1267 3900 pr0prie
1290 3844 1411 3883 cum
1456 3829 1709 3889 scientiae,
1743 3836 1854 3879 tum
1909 3826 2231 3880 deﬁnitionis

699 3926 834 3978 ratio
882 3922 1180 3977 conveniat.
1237 3921 1445 3982 Etenim
1500 3929 1689 3989 przeter
1736 3932 1925 3971 omnes
1964 3917 2228 3980 homines,

701 4013 1003 4077 hominem;
1034 4020 1222 4080 praeter
1241 4025 1428 4078 equos,
1460 4023 1687 4075 equum;
1742 4016 1901 4076 atque
1932 4008 1984 4068 in
2019 4008 2233 4060 univero

702 4117 816 4153 sum
840 4110 1036 4169 prmter
1075 4101 1373 4153 animantes
1428 4114 1635 4161 omnes,
1687 4099 2009 4150 animantem
2045 4110 2235 4164 quem-

704 4193 822 4244 dam
846 4202 965 4245 ortu
989 4192 1145 4250 simul
1175 4191 1504 4257 interituque
1531 4197 1800 4240 carentem
1854 4186 2034 4237 animo
2084 4184 2225 4250 cogi-

707 4281 825 4332 tari.
864 4278 1391 4347 thuemadmodum
1451 4280 1609 4330 unius
1664 4276 2012 4344 ejusdemque
2072 4275 2231 4342 sigilli

703 4381 964 4435 expressa:
988 4368 1285 4435 complures
1303 4366 1485 4421 formae
1515 4365 1721 4433 virique
1781 4363 1945 4415 unius
1975 4362 2232 4430 imagines

704 4457 974 4525 permulta:
1027 4470 1141 4509 esse
1185 4468 1439 4525 possunt;
1469 4458 1537 4511 ita
1568 4470 1787 4524 prorsus
1817 4469 1881 4507 ex
1912 4466 2232 4521 unaquaque

704 4560 860 4599 sensu
888 4552 1257 4615 perceptorum
1281 4560 1567 4614 corporum
1594 4544 1731 4607 idea,
1777 4543 1882 4594 vim
1918 4552 2231 4594 naturarum

705 4638 967 4703 ingentem
991 4636 1277 4689 exsistere:
1302 4619 1445 4688 verbi
1476 4650 1639 4689 causa
1669 4650 1733 4687 ex
1786 4632 2063 4692 hominum
2092 4631 2229 4690 idea,

705 4726 942 4779 homines
983 4725 1292 4788 universos;
1325 4725 1465 4792 quod
1496 4726 1675 4793 ipsqu
1704 4724 1768 4777 de
1797 4722 2004 4777 caeteris
2055 4720 2231 4773 omni-

704 4819 801 4870 bus
827 4820 893 4872 sit
923 4833 1018 4888 pro
1036 4834 1130 4872 sua
1163 4819 1422 4885 cujusque
1443 4826 1631 4869 natura
1666 4815 2027 4870 statuendum.
2054 4811 2230 4866 Ideam

2827 2290 3213 2345 ΚΕΦΛΛΑῘΟΝ
3242 2289 3365 2343 KI".

2604 2382 2741 2449 Περί
2780 2381 2898 2435 τῶν
2939 2383 3095 2450 παρὰ
3124 2382 3389 2436 Πλάτωνι
3420 2378 3606 2435 ἰδεῶν.

2405 2494 2421 2524 ι
2482 2473 2635 2526 Οὕτω
2690 2474 2745 2527 δὲ
2794 2473 3150 2544 γεγενημένος
3209 2474 3318 2545 (40)
3376 2474 3643 2545 (δηλονότι
3693 2478 3726 2527 δ
3795 2474 3883 2527 κό-

2333 2580 2463 2633 σμος
2489 2563 2653 2635 (41),)
2670 2565 2805 2636 πρὸς
2823 2565 2881 2616 τὸ
2897 2564 3035 2635 λόγῳ
3052 2565 3143 2619 καὶ
3160 2566 3412 2635 φρονήσει
3426 2566 3775 2635 περιληπτὸν,
3798 2564 3885 2620 καὶ

2330 2656 2468 2709 κατά
2500 2657 2567 2709 τὰ
2596 2657 2732 2709 αὐτά
2763 2656 2881 2726 ἔχον
2909 2656 3375 2727 δεδημιούργηται.
3402 2657 3611 2710 Τούτων
3635 2658 3689 2710 δὲ
3714 2659 3886 2729 ὕπαρ-

2330 2744 2549 2813 χόντων,
2584 2739 2648 2796 αὖ
2698 2747 2845 2797 πᾶσα
2881 2746 3089 2815 ἀνάγκη
3138 2744 3280 2797 τόνδε
3329 2745 3418 2797 τὸν
3461 2746 3656 2815 κόσμον
3701 2748 3885 2800 εἰκόνα

2330 2834 2470 2897 τινὸς
2494 2828 2630 2887 εἷναι
2663 2835 2793 2904 (42).
2828 2836 2907 2887 Τὰ
2937 2837 3043 2906 γὰρ
3075 2836 3139 2906 δὴ
3173 2835 3335 2906 νοητά
3365 2835 3477 2898 ζῶα
3509 2837 3678 2890 πάντα
3711 2839 3886 2891 ὲκεῖνο

2332 2924 2614 2993 περιλαϐὸν
2636 2924 2747 2995 ἔχει
2774 2927 2830 2979 ἐν
2852 2926 3045 2995 ἑαυτῷ,
3064 2928 3311 2998 καθάπερ
3325 2928 3394 2980 ὅδ’
3412 2928 3441 2979 ὁ
3465 2928 3659 2997 κόσμος
3672 2931 3849 2999 ἡμᾶς.
3863 2948 3881 2978 ι

2331 3014 2513 3068 Ταῦτα
2563 3016 2661 3086 μὲν
2693 3019 2720 3068 ὁ
2754 3016 2972 3069 Πλάτων
2998 3018 3056 3070 ἐν
3104 3020 3328 3087 Τιμαίῳ.
3363 3018 3470 3089 τὴν
3496 3018 3550 3071 δὲ
3598 3019 3702 3071 τῶν
3741 3024 3885 3090 εἰρη-

2333 3106 2507 3175 μένων
2536 3105 2769 3159 διάνοιαν
2812 3108 2875 3159 ὲκ
2922 3105 3030 3160 τῶν
3067 3106 3282 3178 Διδύμῳ
3310 3107 3420 3177 (ιδ)
3461 3109 3584 3179 περὶ
3618 3108 3733 3161 τῶν
3762 3112 3885 3180 ἀρεο

2332 3198 2563 3249 σχόντων
2600 3198 2842 3251 Πλάτωνι
2874 3199 3307 3268 συντεταγμένων
3339 3198 3648 3270 ἐκθήσομαι.
3674 3201 3885 3271 Γράφει

2329 3284 2383 3337 δὲ
2419 3284 2587 3347 οὕτως
2609 3300 2621 3315 ο
2654 3304 2672 3333 ι
2712 3284 2830 3338 Τῶν
2867 3286 3006 3339 κατά
3050 3285 3207 3354 φύσιν
3249 3287 3515 3357 αἰσθητῶν
3548 3288 3681 3341 κατά
3732 3291 3885 3356 γένος

2329 3372 2603 3445 ὡρισμένα
2628 3376 2746 3427 τινὰ
2764 3376 3169 3447 παραδείγματα
3192 3377 3425 3447 φάμενος
3444 3372 3577 3429 εἶναι
3594 3377 3685 3439 τὰς
3718 3378 3883 3441 ἰδέας,

2329 3457 2402 3516 ὧν
2448 3464 2545 3527 τὰς
2591 3467 2891 3535 ἐπιστήμας
2931 3467 3172 3533 γίνεσθαι
3201 3468 3294 3520 καὶ
3340 3469 3464 3531 τοὺς
3514 3469 3682 3539 ὄρους.
3731 3470 3884 3540 Παρὰ

2334 3554 2537 3615 πάντας
2574 3554 2678 3624 γὰρ
2705 3554 3017 3625 ἀνθρώπους
3045 3555 3323 3626 ἄνθρωπόν
3354 3573 3471 3609 τινα
3498 3556 3765 3609 νοεῖσθαι·
3798 3560 3884 3611 καὶ

2332 3641 2479 3710 παρά
2511 3643 2711 3705 πάντας
2734 3643 2930 3707 ἵππους
2957 3645 3145 3697 ἵππον·
3166 3645 3255 3698 καὶ
3285 3646 3475 3708 κοινῶς
3503 3645 3652 3715 παρά
3675 3647 3749 3700 τὰ
3776 3647 3885 3710 ζῶα

2330 3734 2465 3796 ζῶον
2495 3736 2751 3807 ἀγένητον
2792 3738 2885 3789 καὶ¹
2923 3737 3208 3809 ἄφθαρτον.
3248 3739 3341 3791 ’ον
3384 3740 3582 3809 τρόπον
3624 3741 3681 3794 δὲ
3722 3758 3883 3812 σφρα-

2329 3824 2471 3893 γῖδος
2503 3827 2626 3894 μιᾶς
2656 3829 2921 3895 ἐκμαγεῖα
2944 3826 3181 3893 γίνεσθαι
3210 3827 3397 3886 πολλὰ.
3433 3829 3535 3881 καὶ
3568 3830 3771 3899 συχνάς
3810 3834 3883 3883 εἰ·

2330 3916 2489 3977 κόνας
2538 3916 2652 3978 ἐνὸς
2700 3918 2921 3987 ἀνδρός·
2952 3918 3120 3981 οὕτως
3169 3920 3233 3972 ἐκ
3288 3921 3412 3988 μιᾶς
3451 3920 3685 3991 ἑκάστης
3740 3921 3880 3983 ἰδέας

2330 4006 2595 4075 αἰσθητῶν
2622 4007 2883 4075 σωμάτων
2910 4007 3097 4076 φύσεις
3134 4009 3495 4078 παμπληθεῖς,
3529 4011 3628 4078 τῆς
3664 4012 3763 4078 μὲν
3789 4015 3879 4064 ἀν-

2331 4096 2557 4167 θρώπων
2589 4097 2899 4166 ἀνθρώπους
2931 4098 3191 4163 ἅπαντας,
3215 4100 3306 4151 καὶ
3339 4099 3475 4151 κατά
3494 4100 3584 4151 τὸν
3613 4102 3777 4152 αὑτὸν
3808 4101 3882 4153 λό-

2330 4205 2423 4255 γον
2470 4188 2559 4239 ὲπὶ
2606 4188 2712 4240 τῶν
2756 4188 2925 4240 ἄλλων
2969 4189 3075 4242 τῶν
3108 4190 3246 4242 κατά
3277 4189 3453 4257 φύσιν.
3483 4186 3634 4243 Εἶναι
3686 4191 3745 4243 δὲ
3786 4192 3880 4262 τὴν

2334 4278 2495 4341 ἰδέαν,
2544 4278 2707 4347 ἀΐδιον
2738 4279 2921 4331 οὺσίαν
2967 4279 3143 4332 αἰτίαν
3186 4280 3278 4331 καὶ
3310 4279 3478 4349 ἀρχὴν
3509 4280 3602 4333 τοῦ
3650 4281 3880 4335 ἕκαστον

2330 4363 2466 4419 εἶναι
2488 4367 2743 4430 τοιοῦτον,
2762 4368 2847 4419 οἷα
2875 4371 3017 4421 ἐστὶν
3038 4368 3196 4439 αὕτη.
3221 4369 3479 4439 Καθάπερ
3503 4365 3595 4421 οὖν
3617 4370 3716 4432 τὰς
3741 4371 3879 4424 κατὰ

2334 4456 2492 4525 μέρος
2524 4456 2707 4525 ῶσπερ
2739 4458 3035 4527 ἀρχέτυπον
3074 4457 3180 4510 τῶν
3219 4458 3485 4527 αἰσθητῶν
3522 4460 3878 4527 προηγεῖσθαι

2332 4549 2611 4615 σωμάτων,
2654 4547 2821 4608 οὓτως
2852 4548 2946 4617 τὴν
2983 4548 3156 4609 πάσας
3203 4550 3258 4599 ὲν
3291 4550 3455 4619 ἑαυτῇ
3499 4550 3876 4620 περιέχουσαν,

2330 4637 2617 4706 καλλίστην
2640 4639 2733 4689 καὶ
2757 4637 3087 4709 τελειοτάτην
3113 4635 3294 4703 οὖσαν,
3322 4640 3580 4711 ὑπάρχειν
3598 4640 3756 4693 τοῦδε
3784 4657 3878 4692 πα-

2333 4729 2591 4797 ράδειγμα
2634 4727 2725 4779 τοῦ
2773 4729 2990 4799 κόσμου.
3038 4732 3177 4801 Πρὸς
3206 4731 3311 4801 γὰρ
3365 4731 3564 4800 ταύτην
3602 4732 3876 4800 ἀφομοιω-

2333 4819 2489 4872 θέντα
2524 4819 2627 4870 ὑπὸ
2653 4818 2740 4869 τοῦ
2792 4820 3275 4891 δημιουργήσαντος
3316 4820 3473 4873 αὐτὸν
3512 4820 3873 4897 ἀπειργάσθαι

704 4922 860 4975 porro
880 4909 1253 4977 sempiternam
1282 4907 1569 4976 quamdam
1621 4906 1908 4960 essentiam
1958 4918 2076 4957 esse
2100 4904 2229 4963 vult,

2336 4909 2485 4969 Θεοῦ,
2527 4907 2661 4959 κατὰ
2686 4908 2951 4976 πρόνοιαν,
2984 4911 3047 4961 ὲκ
3076 4910 3171 4978 τῆς
3193 4910 3366 4977 πάσης
3390 4908 3591 4970 οὐσίας.
3636 4928 3655 4959 ι
3693 4907 3873 4962 Ταῦτα

705 5012 821 5063 qua:
844 4998 998 5050 rebus
1026 5000 1247 5067 singulis
1278 5012 1437 5051 causa
1468 4996 1895 5063 principiumque
1920 4996 2008 5056 sit,
2032 5001 2231 5061 utqua-

2324 5000 2416 5049 καὶ
2450 4998 2555 5049 ἀπὸ
2588 4997 2677 5049 τοῦ
2706 4998 3063 5069 δεδηλωμένου
3094 4998 3301 5068 ἀνδρός.
3332 4997 3521 5050 Φθάνει
3558 5016 3621 5067 γε
3650 5001 3760 5070 μὴν
3785 5002 3872 5052 καὶ

708 5090 767 5137 lis
802 5088 914 5153 ipsa
937 5097 1034 5149 est,
1060 5089 1188 5141 tales
1210 5104 1327 5141 esse
1355 5087 1579 5155 possint.
1632 5082 1699 5138 Ut
1747 5086 1907 5153 igitur
1936 5084 2231 5153 peculiares

2330 5087 2492 5140 ταῦτα
2515 5088 2744 5157 Μωῦσῆς
2768 5092 2796 5139 ὁ
2826 5090 3111 5156 πάνσοφος,
3134 5089 3239 5159 πρὸ
3258 5088 3351 5141 τοῦ
3374 5092 3695 5159 φαινομένου
3723 5092 3869 5159 ἡλίου

640 5214 663 5247 ,ν
708 5182 834 5227 idea:
871 5190 1027 5228 sensu
1045 5188 1283 5245 percepta
1318 5192 1565 5244 corpora,
1608 5176 1685 5228 sic
1744 5186 1995 5241 tanquam
2045 5174 2235 5227 arche-

777 5329 881 5393 μοι
912 5329 1067 5379 Οὕτω
1099 5328 1163 5378 δὲ
1184 5330 1580 5397 γεγεν-γυιένος.
1609 5326 1730 5397 Haec
1768 5324 1939 5397 fusius
1961 5341 1988 5377 a
2015 5325 2231 5378 Platone

708 5396 1041 5466 tiis'ptttantur
1071 5397 1120 5448 in
1158 5397 1363 5457 Timaza,
1384 5394 1511 5466 pag.
1544 5395 1646 5466 526
1674 5394 1863 5447 Ficini.

778 5465 883 5541 (αἱ)
911 5468 1181 5531 Δηλονότι
1230 5469 1261 5517 ό
1297 5461 1533 5531 κόάμός.
1582 5465 1703 5518 11ωο
1743 5462 2078 5532 parenthesis
2124 5461 2229 5515 Eu-

710 5533 1079 5665 κῗξὶῗεὲλινὲς
1105 5598 1267 5653 εἶναι.
1295 5602 1419 5653 Post
1447 5601 1555 5652 haec
1585 5602 1762 5661 verba,
1798 5599 1962 5652 multa
1994 5614 2228 5665 sequun-

713 5674 793 5719 tur
824 5669 873 5721 in
908 5667 1115 5725 Platone
1146 5688 1262 5736 quae
1298 5671 1647 5737 prcetermittit
1691 5669 1967 5723 Eusebius.
1997 5668 2226 5722 Paucula

2326 5181 2417 5231 καὶ
2461 5180 2687 5247 ἄστρων,
2739 5181 2827 5231 καὶ
2860 5180 2963 5248 πρὸ
3007 5178 3100 5230 τοῦ
3149 5180 3420 5249 ὁρωμένου
3463 5180 3717 5249 οὐρανοῦ,
3746 5181 3777 5231 δ
3810 5180 3868 5247 δὴ

2336 5371 2461 5407 vero
2489 5372 2605 5423 qua:
2638 5355 2926 5423 subtexuit.
2958 5368 3096 5421 .egcs
3126 5352 3251 5405 ibid.
3280 5368 3400 5422 pag.
3426 5352 3547 5423 52?.

2406 5419 2521 5491 (43f
2546 5425 2783 5491 Διδύμῳ.
2814 5421 2996 5489 Notus
3020 5419 3106 5475 ille
3132 5431 3231 5485 est,
3266 5419 3330 5474 de
3357 5419 3471 5489 quo
3509 5422 3621 5491 haec
3649 5419 3867 5489 Suidas,

2333 5489 2575 5562 Δίδυμος,
2606 5489 2797 5562 inquit,
2830 5492 3053 5562 Ἀτήῐος,
3082 5491 3114 5559 ἢ
3144 5492 3355 5562 "Arctoe
3384 5489 3753 5562 mutantia-ac,
3780 5508 3861 5557 φι-

2333 5509 2575 5562 Διουμος,
2606 5509 2797 5561 inquit,
2842 5509 2915 5542 Δτ
2961 5509 3053 5554 ιος,
3082 5509 3114 5559 η
3166 5509 3355 5552 Arcto;
3384 5509 3745 5558 χρηματισας,
3780 5509 3861 5557 φι-

2333 5563 2548 5628 λόσοφος
2607 5509 2993 5629 Ἀκαδημαῑᾶ
3020 5600 3035 5621 ,
3091 5558 3338 5629 πιθανῶν
3366 5559 3459 5629 καὶ
3525 5561 3865 5627 σοφισμάτων

2332 5626 2506 5693 λύσεις
2531 5634 2586 5683 ὲν
2614 5626 2830 5698 βιϐλίοις
2859 5628 2922 5697 β’,
2953 5631 3041 5681 καὶ
3064 5629 3194 5683 ἄλλα
3228 5626 3409 5679 πολλὰ.
