  <div class='ocr_page' id='page_1' title='image "/cluster/home/n/w/nwhite01/storage/ocr_20150623/21/pst.000004029076/463.png"; bbox 0 0 4038 6330; ppageno 0'>
   <div class='ocr_carea' id='block_1_1' title="bbox 738 423 834 478">
    <p class='ocr_par' dir='ltr' id='par_1_1' title="bbox 738 423 834 478">
     <span class='ocr_line' id='line_1_1' title="bbox 738 423 834 478; baseline -0.042 0"><span class='ocrx_word' id='word_1_1' title='bbox 738 423 834 478; x_wconf 86' lang='lat' dir='ltr'><strong>9H</strong></span> 
     </span>
    </p>
   </div>
   <div class='ocr_carea' id='block_1_2' title="bbox 1361 413 3253 481">
    <p class='ocr_par' dir='ltr' id='par_1_2' title="bbox 1361 413 3253 481">
     <span class='ocr_line' id='line_1_2' title="bbox 1361 413 3253 481; baseline 0.003 -6"><span class='ocrx_word' id='word_1_2' title='bbox 1361 419 1621 476; x_wconf 81' lang='lat' dir='ltr'><strong>EUSEBII</strong></span> <span class='ocrx_word' id='word_1_3' title='bbox 1660 417 2125 473; x_wconf 66' lang='lat' dir='ltr'><strong>CESARIENSIS</strong></span> <span class='ocrx_word' id='word_1_4' title='bbox 2167 415 2311 469; x_wconf 81' lang='lat' dir='ltr'><strong>(lPP.</strong></span> <span class='ocrx_word' id='word_1_5' title='bbox 2356 413 2531 469; x_wconf 75' lang='lat' dir='ltr'><strong>PARS</strong></span> <span class='ocrx_word' id='word_1_6' title='bbox 2568 418 2625 471; x_wconf 91' lang='lat' dir='ltr'><strong>ll.</strong></span> <span class='ocrx_word' id='word_1_7' title='bbox 2670 452 2733 460; x_wconf 93' lang='lat'>—</span> <span class='ocrx_word' id='word_1_8' title='bbox 2769 422 3253 481; x_wconf 73' lang='lat' dir='ltr'><strong>APOLUGETICA.</strong></span> 
     </span>
    </p>
   </div>
   <div class='ocr_carea' id='block_1_3' title="bbox 3824 431 3918 482">
    <p class='ocr_par' dir='ltr' id='par_1_3' title="bbox 3824 431 3918 482">
     <span class='ocr_line' id='line_1_3' title="bbox 3824 431 3918 482; baseline 0.032 -3"><span class='ocrx_word' id='word_1_9' title='bbox 3824 431 3918 482; x_wconf 72' lang='grc' dir='ltr'><strong>ΜΞ</strong></span> 
     </span>
    </p>
   </div>
   <div class='ocr_carea' id='block_1_4' title="bbox 738 534 3916 616">
    <p class='ocr_par' dir='ltr' id='par_1_4' title="bbox 738 534 3916 616">
     <span class='ocr_line' id='line_1_4' title="bbox 738 534 3916 616; baseline 0.001 -18"><span class='ocrx_word' id='word_1_10' title='bbox 738 557 886 602; x_wconf 89' lang='lat' dir='ltr'><strong>vero.</strong></span> <span class='ocrx_word' id='word_1_11' title='bbox 919 541 1361 612; x_wconf 83' lang='lat' dir='ltr'><strong>quemadmodum</strong></span> <span class='ocrx_word' id='word_1_12' title='bbox 1407 557 1676 595; x_wconf 89' lang='lat' dir='ltr'><strong>sacrarum</strong></span> <span class='ocrx_word' id='word_1_13' title='bbox 1722 543 1893 611; x_wconf 69' lang='lat' dir='ltr'><strong>legum</strong></span> <span class='ocrx_word' id='word_1_14' title='bbox 1945 542 2261 606; x_wconf 86' lang='lat' dir='ltr'><strong>interpretes</strong></span> <span class='ocrx_word' id='word_1_15' title='bbox 2305 534 2548 592; x_wconf 67' lang='lat' dir='ltr'><strong>Mosaicm</strong></span> <span class='ocrx_word' id='word_1_16' title='bbox 2589 542 2842 597; x_wconf 71' lang='lat' dir='ltr'><strong>doctrinm</strong></span> <span class='ocrx_word' id='word_1_17' title='bbox 2893 557 3204 600; x_wconf 79' lang='lat' dir='ltr'><strong>sententiam</strong></span> <span class='ocrx_word' id='word_1_18' title='bbox 3264 552 3521 616; x_wconf 81' lang='lat' dir='ltr'><strong>aperiant.</strong></span> <span class='ocrx_word' id='word_1_19' title='bbox 3583 545 3742 600; x_wconf 81' lang='lat' dir='ltr'><strong>Philo</strong></span> <span class='ocrx_word' id='word_1_20' title='bbox 3799 565 3916 601; x_wconf 74' lang='lat' dir='ltr'><strong>sane</strong></span> 
     </span>
    </p>
   </div>
   <div class='ocr_carea' id='block_1_5' title="bbox 739 628 2932 704">
    <p class='ocr_par' dir='ltr' id='par_1_5' title="bbox 739 628 2932 704">
     <span class='ocr_line' id='line_1_5' title="bbox 739 628 2932 704; baseline 0 -16"><span class='ocrx_word' id='word_1_21' title='bbox 739 635 991 690; x_wconf 76' lang='lat' dir='ltr'><strong>chrzcus</strong></span> <span class='ocrx_word' id='word_1_22' title='bbox 1013 636 1190 700; x_wconf 88' lang='lat' dir='ltr'><strong>homo,</strong></span> <span class='ocrx_word' id='word_1_23' title='bbox 1219 635 1391 704; x_wconf 77' lang='lat' dir='ltr'><strong>gentis</strong></span> <span class='ocrx_word' id='word_1_24' title='bbox 1423 651 1532 688; x_wconf 77' lang='lat' dir='ltr'><strong>suze</strong></span> <span class='ocrx_word' id='word_1_25' title='bbox 1577 635 1766 688; x_wconf 74' lang='lat' dir='ltr'><strong>litteris</strong></span> <span class='ocrx_word' id='word_1_26' title='bbox 1797 634 2088 702; x_wconf 74' lang='lat' dir='ltr'><strong>explicans,</strong></span> <span class='ocrx_word' id='word_1_27' title='bbox 2141 628 2357 684; x_wconf 81' lang='lat' dir='ltr'><strong>totidem</strong></span> <span class='ocrx_word' id='word_1_28' title='bbox 2389 634 2565 686; x_wconf 83' lang='lat' dir='ltr'><strong>verbis</strong></span> <span class='ocrx_word' id='word_1_29' title='bbox 2599 637 2666 688; x_wconf 90' lang='lat' dir='ltr'><strong>ita</strong></span> <span class='ocrx_word' id='word_1_30' title='bbox 2701 638 2932 691; x_wconf 75' lang='lat' dir='ltr'><strong>disserit.</strong></span> 
     </span>
    </p>
   </div>
   <div class='ocr_carea' id='block_1_6' title="bbox 1281 726 1842 795">
    <p class='ocr_par' dir='ltr' id='par_1_6' title="bbox 1281 726 1842 795">
     <span class='ocr_line' id='line_1_6' title="bbox 1281 726 1842 795; baseline 0.002 -16"><span class='ocrx_word' id='word_1_31' title='bbox 1281 726 1502 780; x_wconf 81' lang='lat' dir='ltr'><strong>CAPUT</strong></span> <span class='ocrx_word' id='word_1_32' title='bbox 1528 727 1714 780; x_wconf 81' lang='lat' dir='ltr'><strong>xxtv.</strong></span> <span class='ocrx_word' id='word_1_33' title='bbox 1836 790 1842 795; x_wconf 92' lang='lat'><em>_</em></span> 
     </span>
    </p>
   </div>
   <div class='ocr_carea' id='block_1_7' title="bbox 1042 816 1948 879">
    <p class='ocr_par' dir='ltr' id='par_1_7' title="bbox 1042 816 1948 879">
     <span class='ocr_line' id='line_1_7' title="bbox 1042 816 1948 879; baseline 0.001 -9"><span class='ocrx_word' id='word_1_34' title='bbox 1042 817 1116 870; x_wconf 85' lang='lat' dir='ltr'><strong>De</strong></span> <span class='ocrx_word' id='word_1_35' title='bbox 1157 816 1400 870; x_wconf 76' lang='lat' dir='ltr'><strong>Mosaicis</strong></span> <span class='ocrx_word' id='word_1_36' title='bbox 1426 818 1554 869; x_wconf 79' lang='lat' dir='ltr'><strong>ideis</strong></span> <span class='ocrx_word' id='word_1_37' title='bbox 1576 858 1590 879; x_wconf 92' lang='lat'><strong>,</strong></span> <span class='ocrx_word' id='word_1_38' title='bbox 1622 834 1683 870; x_wconf 75' lang='lat' dir='ltr'><strong>ex</strong></span> <span class='ocrx_word' id='word_1_39' title='bbox 1715 817 1948 871; x_wconf 83' lang='lat' dir='ltr'><strong>Philone.</strong></span> 
     </span>
    </p>
   </div>
   <div class='ocr_carea' id='block_1_8' title="bbox 812 907 2260 976">
    <p class='ocr_par' dir='ltr' id='par_1_8' title="bbox 812 907 2260 976">
     <span class='ocr_line' id='line_1_8' title="bbox 812 907 2260 976; baseline 0.001 -17"><span class='ocrx_word' id='word_1_40' title='bbox 812 927 828 958; x_wconf 79' lang='grc' dir='ltr'><strong>ι</strong></span> <span class='ocrx_word' id='word_1_41' title='bbox 857 908 911 960; x_wconf 85' lang='lat' dir='ltr'><strong>Si</strong></span> <span class='ocrx_word' id='word_1_42' title='bbox 947 907 1278 976; x_wconf 89' lang='lat' dir='ltr'><strong>quis,inquit</strong></span> <span class='ocrx_word' id='word_1_43' title='bbox 1296 907 1402 970; x_wconf 91' lang='lat' dir='ltr'><strong>ille,</strong></span> <span class='ocrx_word' id='word_1_44' title='bbox 1430 907 1757 975; x_wconf 82' lang='lat' dir='ltr'><strong>planioribus</strong></span> <span class='ocrx_word' id='word_1_45' title='bbox 1788 908 1964 962; x_wconf 83' lang='lat' dir='ltr'><strong>verbis</strong></span> <span class='ocrx_word' id='word_1_46' title='bbox 1995 908 2069 961; x_wconf 90' lang='lat' dir='ltr'><strong>uti</strong></span> <span class='ocrx_word' id='word_1_47' title='bbox 2102 909 2260 970; x_wconf 86' lang='lat' dir='ltr'><strong>volet,</strong></span> 
     </span>
    </p>
   </div>
   <div class='ocr_carea' id='block_1_9' title="bbox 738 997 2260 1065">
    <p class='ocr_par' dir='ltr' id='par_1_9' title="bbox 738 997 2260 1065">
     <span class='ocr_line' id='line_1_9' title="bbox 738 997 2260 1065; baseline -0.001 -14"><span class='ocrx_word' id='word_1_48' title='bbox 738 999 782 1051; x_wconf 88' lang='lat' dir='ltr'><strong>is</strong></span> <span class='ocrx_word' id='word_1_49' title='bbox 825 999 964 1051; x_wconf 83' lang='lat' dir='ltr'><strong>aliud</strong></span> <span class='ocrx_word' id='word_1_50' title='bbox 1014 998 1144 1050; x_wconf 89' lang='lat' dir='ltr'><strong>nihil</strong></span> <span class='ocrx_word' id='word_1_51' title='bbox 1200 997 1458 1050; x_wconf 92' lang='lat' dir='ltr'><strong>mundum</strong></span> <span class='ocrx_word' id='word_1_52' title='bbox 1505 999 1650 1050; x_wconf 92' lang='lat' dir='ltr'><strong>illum</strong></span> <span class='ocrx_word' id='word_1_53' title='bbox 1706 1006 1880 1051; x_wconf 87' lang='lat' dir='ltr'><strong>mente</strong></span> <span class='ocrx_word' id='word_1_54' title='bbox 1932 1007 2260 1065; x_wconf 85' lang='lat' dir='ltr'><strong>perceptum,</strong></span> 
     </span>
    </p>
   </div>
   <div class='ocr_carea' id='block_1_10' title="bbox 735 1086 2262 1156">
    <p class='ocr_par' dir='ltr' id='par_1_10' title="bbox 735 1086 2262 1156">
     <span class='ocr_line' id='line_1_10' title="bbox 735 1086 2262 1156; baseline 0 -17"><span class='ocrx_word' id='word_1_55' title='bbox 735 1105 891 1156; x_wconf 90' lang='lat' dir='ltr'><strong>quam</strong></span> <span class='ocrx_word' id='word_1_56' title='bbox 925 1089 1014 1142; x_wconf 82' lang='lat' dir='ltr'><strong>Dei</strong></span> <span class='ocrx_word' id='word_1_57' title='bbox 1047 1091 1303 1141; x_wconf 89' lang='lat' dir='ltr'><strong>mundum</strong></span> <span class='ocrx_word' id='word_1_58' title='bbox 1330 1088 1469 1141; x_wconf 88' lang='lat' dir='ltr'><strong>hunc</strong></span> <span class='ocrx_word' id='word_1_59' title='bbox 1491 1103 1547 1141; x_wconf 89' lang='lat' dir='ltr'><strong>re</strong></span> <span class='ocrx_word' id='word_1_60' title='bbox 1574 1089 1684 1156; x_wconf 90' lang='lat' dir='ltr'><strong>ipsa</strong></span> <span class='ocrx_word' id='word_1_61' title='bbox 1727 1088 1994 1142; x_wconf 89' lang='lat' dir='ltr'><strong>molientis</strong></span> <span class='ocrx_word' id='word_1_62' title='bbox 2031 1086 2262 1140; x_wconf 84' lang='lat' dir='ltr'><strong>Verbum</strong></span> 
     </span>
    </p>
   </div>
   <div class='ocr_carea' id='block_1_11' title="bbox 734 1177 2263 1248">
    <p class='ocr_par' dir='ltr' id='par_1_11' title="bbox 734 1177 2263 1248">
     <span class='ocr_line' id='line_1_11' title="bbox 734 1177 2263 1248; baseline 0 -18"><span class='ocrx_word' id='word_1_63' title='bbox 734 1194 849 1231; x_wconf 81' lang='lat' dir='ltr'><strong>esse</strong></span> <span class='ocrx_word' id='word_1_64' title='bbox 877 1177 1036 1232; x_wconf 86' lang='lat' dir='ltr'><strong>dicat.</strong></span> <span class='ocrx_word' id='word_1_65' title='bbox 1071 1177 1226 1248; x_wconf 70' lang='grc'><strong>547</strong></span> <span class='ocrx_word' id='word_1_66' title='bbox 1261 1177 1364 1231; x_wconf 82' lang='lat' dir='ltr'><strong>Nec</strong></span> <span class='ocrx_word' id='word_1_67' title='bbox 1399 1178 1539 1231; x_wconf 91' lang='lat' dir='ltr'><strong>enim</strong></span> <span class='ocrx_word' id='word_1_68' title='bbox 1577 1178 1718 1231; x_wconf 87' lang='lat' dir='ltr'><strong>aliud</strong></span> <span class='ocrx_word' id='word_1_69' title='bbox 1775 1187 1859 1232; x_wconf 90' lang='lat' dir='ltr'><strong>est</strong></span> <span class='ocrx_word' id='word_1_70' title='bbox 1909 1179 2036 1232; x_wconf 90' lang='lat' dir='ltr'><strong>urbs</strong></span> <span class='ocrx_word' id='word_1_71' title='bbox 2086 1189 2263 1231; x_wconf 87' lang='lat' dir='ltr'><strong>mente</strong></span> 
     </span>
    </p>
   </div>
   <div class='ocr_carea' id='block_1_12' title="bbox 735 1268 2260 1338">
    <p class='ocr_par' dir='ltr' id='par_1_12' title="bbox 735 1268 2260 1338">
     <span class='ocr_line' id='line_1_12' title="bbox 735 1268 2260 1338; baseline -0.001 -17"><span class='ocrx_word' id='word_1_72' title='bbox 735 1280 997 1338; x_wconf 87' lang='lat' dir='ltr'><strong>percepta,</strong></span> <span class='ocrx_word' id='word_1_73' title='bbox 1031 1285 1191 1338; x_wconf 90' lang='lat' dir='ltr'><strong>quam</strong></span> <span class='ocrx_word' id='word_1_74' title='bbox 1249 1270 1470 1338; x_wconf 88' lang='lat' dir='ltr'><strong>ipsamet</strong></span> <span class='ocrx_word' id='word_1_75' title='bbox 1523 1268 1797 1322; x_wconf 84' lang='lat' dir='ltr'><strong>architecti</strong></span> <span class='ocrx_word' id='word_1_76' title='bbox 1860 1270 2020 1332; x_wconf 82' lang='lat' dir='ltr'><strong>ratio,</strong></span> <span class='ocrx_word' id='word_1_77' title='bbox 2075 1269 2260 1322; x_wconf 89' lang='lat' dir='ltr'><strong>urbem</strong></span> 
     </span>
    </p>
   </div>
   <div class='ocr_carea' id='block_1_13' title="bbox 735 1358 2260 1428">
    <p class='ocr_par' dir='ltr' id='par_1_13' title="bbox 735 1358 2260 1428">
     <span class='ocr_line' id='line_1_13' title="bbox 735 1358 2260 1428; baseline 0 -17"><span class='ocrx_word' id='word_1_78' title='bbox 735 1360 875 1412; x_wconf 87' lang='lat' dir='ltr'><strong>illam</strong></span> <span class='ocrx_word' id='word_1_79' title='bbox 904 1375 1064 1428; x_wconf 90' lang='lat' dir='ltr'><strong>quam</strong></span> <span class='ocrx_word' id='word_1_80' title='bbox 1095 1360 1272 1412; x_wconf 92' lang='lat' dir='ltr'><strong>animo</strong></span> <span class='ocrx_word' id='word_1_81' title='bbox 1327 1358 1629 1413; x_wconf 78' lang='lat' dir='ltr'><strong>informavit</strong></span> <span class='ocrx_word' id='word_1_82' title='bbox 1657 1375 1774 1423; x_wconf 91' lang='lat' dir='ltr'><strong>suo,</strong></span> <span class='ocrx_word' id='word_1_83' title='bbox 1809 1359 1984 1426; x_wconf 87' lang='lat' dir='ltr'><strong>reipsa</strong></span> <span class='ocrx_word' id='word_1_84' title='bbox 2031 1358 2260 1411; x_wconf 90' lang='lat' dir='ltr'><strong>condere</strong></span> 
     </span>
    </p>
   </div>
   <div class='ocr_carea' id='block_1_14' title="bbox 736 1448 2260 1518">
    <p class='ocr_par' dir='ltr' id='par_1_14' title="bbox 736 1448 2260 1518">
     <span class='ocr_line' id='line_1_14' title="bbox 736 1448 2260 1518; baseline 0.001 -17"><span class='ocrx_word' id='word_1_85' title='bbox 736 1451 1039 1503; x_wconf 77' lang='lat' dir='ltr'><strong>statuentis.</strong></span> <span class='ocrx_word' id='word_1_86' title='bbox 1079 1448 1206 1514; x_wconf 73' lang='lat' dir='ltr'><strong>Qua:</strong></span> <span class='ocrx_word' id='word_1_87' title='bbox 1234 1450 1446 1518; x_wconf 82' lang='lat' dir='ltr'><strong>quidem</strong></span> <span class='ocrx_word' id='word_1_88' title='bbox 1505 1451 1748 1504; x_wconf 82' lang='lat' dir='ltr'><strong>doctrina</strong></span> <span class='ocrx_word' id='word_1_89' title='bbox 1799 1449 1962 1503; x_wconf 84' lang='lat' dir='ltr'><strong>Mosis</strong></span> <span class='ocrx_word' id='word_1_90' title='bbox 2008 1461 2108 1512; x_wconf 89' lang='lat' dir='ltr'><strong>est,</strong></span> <span class='ocrx_word' id='word_1_91' title='bbox 2155 1465 2260 1503; x_wconf 91' lang='lat' dir='ltr'><strong>non</strong></span> 
     </span>
    </p>
   </div>
   <div class='ocr_carea' id='block_1_15' title="bbox 733 1540 2261 1608">
    <p class='ocr_par' dir='ltr' id='par_1_15' title="bbox 733 1540 2261 1608">
     <span class='ocr_line' id='line_1_15' title="bbox 733 1540 2261 1608; baseline -0.001 -15"><span class='ocrx_word' id='word_1_92' title='bbox 733 1558 871 1595; x_wconf 88' lang='lat' dir='ltr'><strong>mea.</strong></span> <span class='ocrx_word' id='word_1_93' title='bbox 911 1540 1211 1604; x_wconf 88' lang='lat' dir='ltr'><strong>Enimvero,</strong></span> <span class='ocrx_word' id='word_1_94' title='bbox 1268 1541 1357 1594; x_wconf 91' lang='lat' dir='ltr'><strong>ubi</strong></span> <span class='ocrx_word' id='word_1_95' title='bbox 1408 1541 1640 1595; x_wconf 90' lang='lat' dir='ltr'><strong>hominis</strong></span> <span class='ocrx_word' id='word_1_96' title='bbox 1671 1541 2094 1608; x_wconf 84' lang='lat' dir='ltr'><strong>procreationem</strong></span> <span class='ocrx_word' id='word_1_97' title='bbox 2149 1541 2261 1608; x_wconf 91' lang='lat' dir='ltr'><strong>ipse</strong></span> 
     </span>
    </p>
   </div>
   <div class='ocr_carea' id='block_1_16' title="bbox 731 1631 2257 1702">
    <p class='ocr_par' dir='ltr' id='par_1_16' title="bbox 731 1631 2257 1702">
     <span class='ocr_line' id='line_1_16' title="bbox 731 1631 2257 1702; baseline -0.002 -17"><span class='ocrx_word' id='word_1_98' title='bbox 731 1633 1000 1694; x_wconf 84' lang='lat' dir='ltr'><strong>describit,</strong></span> <span class='ocrx_word' id='word_1_99' title='bbox 1027 1649 1338 1702; x_wconf 78' lang='lat' dir='ltr'><strong>progressus</strong></span> <span class='ocrx_word' id='word_1_100' title='bbox 1367 1633 1718 1700; x_wconf 82' lang='lat' dir='ltr'><strong>aliquantum,</strong></span> <span class='ocrx_word' id='word_1_101' title='bbox 1747 1633 1812 1686; x_wconf 90' lang='lat' dir='ltr'><strong>ad</strong></span> <span class='ocrx_word' id='word_1_102' title='bbox 1851 1633 2133 1700; x_wconf 79' lang='lat' dir='ltr'><strong>imaginem</strong></span> <span class='ocrx_word' id='word_1_103' title='bbox 2171 1631 2257 1684; x_wconf 85' lang='lat' dir='ltr'><strong>Dei</strong></span> 
     </span>
    </p>
   </div>
   <div class='ocr_carea' id='block_1_17' title="bbox 732 1722 2258 1787">
    <p class='ocr_par' dir='ltr' id='par_1_17' title="bbox 732 1722 2258 1787">
     <span class='ocr_line' id='line_1_17' title="bbox 732 1722 2258 1787; baseline -0.002 -11"><span class='ocrx_word' id='word_1_104' title='bbox 732 1725 1015 1777; x_wconf 80' lang='lat' dir='ltr'><strong>formatum</strong></span> <span class='ocrx_word' id='word_1_105' title='bbox 1044 1726 1188 1778; x_wconf 90' lang='lat' dir='ltr'><strong>illum</strong></span> <span class='ocrx_word' id='word_1_106' title='bbox 1208 1725 1389 1787; x_wconf 82' lang='lat' dir='ltr'><strong>fuisse,</strong></span> <span class='ocrx_word' id='word_1_107' title='bbox 1412 1725 1610 1778; x_wconf 89' lang='lat' dir='ltr'><strong>diserte</strong></span> <span class='ocrx_word' id='word_1_108' title='bbox 1634 1723 1917 1779; x_wconf 86' lang='lat' dir='ltr'><strong>conﬁtetur</strong></span> <span class='ocrx_word' id='word_1_109' title='bbox 1943 1724 2007 1775; x_wconf 85' lang='grc'><strong>³⁸.</strong></span> <span class='ocrx_word' id='word_1_110' title='bbox 2037 1722 2186 1787; x_wconf 87' lang='lat' dir='ltr'><strong>Quod</strong></span> <span class='ocrx_word' id='word_1_111' title='bbox 2215 1723 2258 1777; x_wconf 89' lang='lat' dir='ltr'><strong>si</strong></span> 
     </span>
    </p>
   </div>
   <div class='ocr_carea' id='block_1_18' title="bbox 729 1815 2260 1884">
    <p class='ocr_par' dir='ltr' id='par_1_18' title="bbox 729 1815 2260 1884">
     <span class='ocr_line' id='line_1_18' title="bbox 729 1815 2260 1884; baseline -0.001 -18"><span class='ocrx_word' id='word_1_112' title='bbox 729 1830 851 1881; x_wconf 88' lang='lat' dir='ltr'><strong>pars</strong></span> <span class='ocrx_word' id='word_1_113' title='bbox 877 1815 1060 1868; x_wconf 86' lang='lat' dir='ltr'><strong>mundi</strong></span> <span class='ocrx_word' id='word_1_114' title='bbox 1102 1815 1279 1884; x_wconf 89' lang='lat' dir='ltr'><strong>aliqua</strong></span> <span class='ocrx_word' id='word_1_115' title='bbox 1326 1815 1572 1883; x_wconf 78' lang='lat' dir='ltr'><strong>imaginis</strong></span> <span class='ocrx_word' id='word_1_116' title='bbox 1628 1817 1804 1884; x_wconf 79' lang='lat' dir='ltr'><strong>imago</strong></span> <span class='ocrx_word' id='word_1_117' title='bbox 1828 1826 1928 1878; x_wconf 92' lang='lat' dir='ltr'><strong>est,</strong></span> <span class='ocrx_word' id='word_1_118' title='bbox 1963 1816 2098 1868; x_wconf 89' lang='lat' dir='ltr'><strong>idem</strong></span> <span class='ocrx_word' id='word_1_119' title='bbox 2137 1830 2260 1882; x_wconf 86' lang='lat' dir='ltr'><strong>pro-</strong></span> 
     </span>
    </p>
   </div>
   <div class='ocr_carea' id='block_1_19' title="bbox 729 1903 2257 1974">
    <p class='ocr_par' dir='ltr' id='par_1_19' title="bbox 729 1903 2257 1974">
     <span class='ocr_line' id='line_1_19' title="bbox 729 1903 2257 1974; baseline -0.001 -19"><span class='ocrx_word' id='word_1_120' title='bbox 729 1904 866 1958; x_wconf 75' lang='lat' dir='ltr'><strong>recto</strong></span> <span class='ocrx_word' id='word_1_121' title='bbox 893 1905 957 1958; x_wconf 91' lang='lat' dir='ltr'><strong>de</strong></span> <span class='ocrx_word' id='word_1_122' title='bbox 986 1906 1237 1958; x_wconf 87' lang='lat' dir='ltr'><strong>universa</strong></span> <span class='ocrx_word' id='word_1_123' title='bbox 1266 1903 1364 1956; x_wconf 92' lang='lat' dir='ltr'><strong>hac</strong></span> <span class='ocrx_word' id='word_1_124' title='bbox 1393 1905 1586 1973; x_wconf 87' lang='lat' dir='ltr'><strong>specie,</strong></span> <span class='ocrx_word' id='word_1_125' title='bbox 1617 1913 1750 1967; x_wconf 90' lang='lat' dir='ltr'><strong>toto,</strong></span> <span class='ocrx_word' id='word_1_126' title='bbox 1787 1905 2030 1974; x_wconf 88' lang='lat' dir='ltr'><strong>inquam,</strong></span> <span class='ocrx_word' id='word_1_127' title='bbox 2059 1904 2257 1957; x_wconf 87' lang='lat' dir='ltr'><strong>mundo</strong></span> 
     </span>
    </p>
   </div>
   <div class='ocr_carea' id='block_1_20' title="bbox 731 1994 2253 2064">
    <p class='ocr_par' dir='ltr' id='par_1_20' title="bbox 731 1994 2253 2064">
     <span class='ocr_line' id='line_1_20' title="bbox 731 1994 2253 2064; baseline 0 -17"><span class='ocrx_word' id='word_1_128' title='bbox 731 1997 828 2049; x_wconf 87' lang='lat' dir='ltr'><strong>hoc</strong></span> <span class='ocrx_word' id='word_1_129' title='bbox 854 1995 1160 2064; x_wconf 85' lang='lat' dir='ltr'><strong>aspectabili</strong></span> <span class='ocrx_word' id='word_1_130' title='bbox 1215 1994 1549 2047; x_wconf 84' lang='lat' dir='ltr'><strong>statuendum</strong></span> <span class='ocrx_word' id='word_1_131' title='bbox 1585 1995 1707 2058; x_wconf 89' lang='lat' dir='ltr'><strong>erit,</strong></span> <span class='ocrx_word' id='word_1_132' title='bbox 1744 1997 1835 2063; x_wconf 91' lang='lat' dir='ltr'><strong>qui</strong></span> <span class='ocrx_word' id='word_1_133' title='bbox 1879 1997 2091 2063; x_wconf 85' lang='lat' dir='ltr'><strong>quidem</strong></span> <span class='ocrx_word' id='word_1_134' title='bbox 2119 1997 2253 2047; x_wconf 80' lang='lat' dir='ltr'><strong>ima-</strong></span> 
     </span>
    </p>
   </div>
   <div class='ocr_carea' id='block_1_21' title="bbox 2865 727 3403 784">
    <p class='ocr_par' dir='ltr' id='par_1_21' title="bbox 2865 727 3403 784">
     <span class='ocr_line' id='line_1_21' title="bbox 2865 727 3403 784; baseline 0.009 -6"><span class='ocrx_word' id='word_1_135' title='bbox 2865 727 3250 781; x_wconf 72' lang='grc' dir='ltr'><strong>ΚΕΦΔΛῙΛΟΝ</strong></span> <span class='ocrx_word' id='word_1_136' title='bbox 3285 730 3403 784; x_wconf 68' lang='lat' dir='ltr'><strong>KA’.</strong></span> 
     </span>
    </p>
   </div>
   <div class='ocr_carea' id='block_1_22' title="bbox 2530 817 3754 885">
    <p class='ocr_par' dir='ltr' id='par_1_22' title="bbox 2530 817 3754 885">
     <span class='ocr_line' id='line_1_22' title="bbox 2530 817 3754 885; baseline 0.003 -18"><span class='ocrx_word' id='word_1_137' title='bbox 2530 817 2787 880; x_wconf 70' lang='grc' dir='ltr'>Φίλωνος</span> <span class='ocrx_word' id='word_1_138' title='bbox 2815 819 2940 883; x_wconf 72' lang='grc' dir='ltr'>περὶ</span> <span class='ocrx_word' id='word_1_139' title='bbox 2976 817 3091 870; x_wconf 73' lang='grc' dir='ltr'><strong>τῶν</strong></span> <span class='ocrx_word' id='word_1_140' title='bbox 3123 820 3274 885; x_wconf 81' lang='grc' dir='ltr'>παρὰ</span> <span class='ocrx_word' id='word_1_141' title='bbox 3306 819 3754 872; x_wconf 72' lang='grc' dir='ltr'><strong>Μωῢσεῖιδεῶν.</strong></span> 
     </span>
    </p>
   </div>
   <div class='ocr_carea' id='block_1_23' title="bbox 2456 905 3910 980">
    <p class='ocr_par' dir='ltr' id='par_1_23' title="bbox 2456 905 3910 980">
     <span class='ocr_line' id='line_1_23' title="bbox 2456 905 3910 980; baseline 0.001 -20"><span class='ocrx_word' id='word_1_142' title='bbox 2456 905 2562 960; x_wconf 86' lang='grc' dir='ltr'><strong>ΙΕί</strong></span> <span class='ocrx_word' id='word_1_143' title='bbox 2617 906 2669 958; x_wconf 87' lang='grc' dir='ltr'><strong>δέ</strong></span> <span class='ocrx_word' id='word_1_144' title='bbox 2725 924 2805 969; x_wconf 86' lang='grc' dir='ltr'><strong>τις</strong></span> <span class='ocrx_word' id='word_1_145' title='bbox 2852 907 2958 976; x_wconf 63' lang='grc'>(49)</span> <span class='ocrx_word' id='word_1_146' title='bbox 3000 908 3235 978; x_wconf 76' lang='grc' dir='ltr'><strong>ἐθελήσει</strong></span> <span class='ocrx_word' id='word_1_147' title='bbox 3287 911 3613 979; x_wconf 87' lang='grc' dir='ltr'>γυμνότερον</span> <span class='ocrx_word' id='word_1_148' title='bbox 3645 923 3669 948; x_wconf 72' lang='grc' dir='ltr'>ι</span> <span class='ocrx_word' id='word_1_149' title='bbox 3717 913 3910 980; x_wconf 74' lang='grc' dir='ltr'>χρήσα-</span> 
     </span>
    </p>
   </div>
   <div class='ocr_carea' id='block_1_24' title="bbox 2366 995 3910 1071">
    <p class='ocr_par' dir='ltr' id='par_1_24' title="bbox 2366 995 3910 1071">
     <span class='ocr_line' id='line_1_24' title="bbox 2366 995 3910 1071; baseline 0.004 -25"><span class='ocrx_word' id='word_1_150' title='bbox 2366 995 2485 1046; x_wconf 85' lang='grc' dir='ltr'>σθαι</span> <span class='ocrx_word' id='word_1_151' title='bbox 2549 1000 2655 1059; x_wconf 84' lang='grc' dir='ltr'>τοῖς</span> <span class='ocrx_word' id='word_1_152' title='bbox 2709 999 2984 1067; x_wconf 79' lang='grc' dir='ltr'>ὀνόμασιν,</span> <span class='ocrx_word' id='word_1_153' title='bbox 3051 999 3198 1050; x_wconf 79' lang='grc' dir='ltr'>οὐδὲν</span> <span class='ocrx_word' id='word_1_154' title='bbox 3260 999 3325 1051; x_wconf 86' lang='grc' dir='ltr'><strong>ἂν</strong></span> <span class='ocrx_word' id='word_1_155' title='bbox 3377 1002 3560 1071; x_wconf 70' lang='grc' dir='ltr'>ἕτερον</span> <span class='ocrx_word' id='word_1_156' title='bbox 3620 1003 3763 1054; x_wconf 72' lang='grc' dir='ltr'>εἴποι</span> <span class='ocrx_word' id='word_1_157' title='bbox 3831 1002 3910 1052; x_wconf 74' lang='grc' dir='ltr'><strong>τὸν</strong></span> 
     </span>
    </p>
   </div>
   <div class='ocr_carea' id='block_1_25' title="bbox 2363 1089 3911 1160">
    <p class='ocr_par' dir='ltr' id='par_1_25' title="bbox 2363 1089 3911 1160">
     <span class='ocr_line' id='line_1_25' title="bbox 2363 1089 3911 1160; baseline 0.005 -24"><span class='ocrx_word' id='word_1_158' title='bbox 2363 1089 2546 1156; x_wconf 77' lang='grc' dir='ltr'>νοητὸν</span> <span class='ocrx_word' id='word_1_159' title='bbox 2608 1089 2806 1157; x_wconf 77' lang='grc' dir='ltr'><strong>κόσμον</strong></span> <span class='ocrx_word' id='word_1_160' title='bbox 2863 1091 2894 1160; x_wconf 85' lang='grc' dir='ltr'>ἦ</span> <span class='ocrx_word' id='word_1_161' title='bbox 2945 1089 3076 1142; x_wconf 89' lang='grc' dir='ltr'>Θεοῦ</span> <span class='ocrx_word' id='word_1_162' title='bbox 3140 1091 3306 1158; x_wconf 90' lang='grc' dir='ltr'>Λόγον</span> <span class='ocrx_word' id='word_1_163' title='bbox 3355 1093 3456 1160; x_wconf 77' lang='grc' dir='ltr'>ἢθη</span> <span class='ocrx_word' id='word_1_164' title='bbox 3515 1093 3911 1160; x_wconf 77' lang='grc' dir='ltr'>κοσμοποιοῦν-</span> 
     </span>
    </p>
   </div>
   <div class='ocr_carea' id='block_1_26' title="bbox 2364 1179 3912 1252">
    <p class='ocr_par' dir='ltr' id='par_1_26' title="bbox 2364 1179 3912 1252">
     <span class='ocr_line' id='line_1_26' title="bbox 2364 1179 3912 1252; baseline 0.005 -24"><span class='ocrx_word' id='word_1_165' title='bbox 2364 1195 2468 1239; x_wconf 87' lang='grc' dir='ltr'>τος.</span> <span class='ocrx_word' id='word_1_166' title='bbox 2499 1180 2629 1231; x_wconf 72' lang='grc' dir='ltr'><strong>Οὐδὲ</strong></span> <span class='ocrx_word' id='word_1_167' title='bbox 2681 1179 2784 1250; x_wconf 82' lang='grc' dir='ltr'><strong>γάρ</strong></span> <span class='ocrx_word' id='word_1_168' title='bbox 2830 1180 3050 1250; x_wconf 79' lang='grc' dir='ltr'>ηνοητὴ</span> <span class='ocrx_word' id='word_1_169' title='bbox 3107 1181 3256 1243; x_wconf 87' lang='grc' dir='ltr'>πόλις</span> <span class='ocrx_word' id='word_1_170' title='bbox 3303 1182 3477 1252; x_wconf 76' lang='grc' dir='ltr'>ἕτερόν</span> <span class='ocrx_word' id='word_1_171' title='bbox 3533 1200 3580 1233; x_wconf 83' lang='grc' dir='ltr'><strong>τι</strong></span> <span class='ocrx_word' id='word_1_172' title='bbox 3621 1184 3796 1245; x_wconf 74' lang='grc' dir='ltr'>ἐστὶν,</span> <span class='ocrx_word' id='word_1_173' title='bbox 3824 1185 3854 1252; x_wconf 75' lang='grc' dir='ltr'><strong>ἢ</strong></span> <span class='ocrx_word' id='word_1_174' title='bbox 3886 1186 3912 1236; x_wconf 80' lang='grc' dir='ltr'><strong>ό</strong></span> 
     </span>
    </p>
   </div>
   <div class='ocr_carea' id='block_1_27' title="bbox 2363 1267 3911 1341">
    <p class='ocr_par' dir='ltr' id='par_1_27' title="bbox 2363 1267 3911 1341">
     <span class='ocr_line' id='line_1_27' title="bbox 2363 1267 3911 1341; baseline 0.005 -24"><span class='ocrx_word' id='word_1_175' title='bbox 2363 1267 2448 1318; x_wconf 82' lang='grc' dir='ltr'><strong>τοῦ</strong></span> <span class='ocrx_word' id='word_1_176' title='bbox 2500 1269 2865 1338; x_wconf 75' lang='grc' dir='ltr'><strong>ἀρχιτέκτονος</strong></span> <span class='ocrx_word' id='word_1_177' title='bbox 2918 1269 3187 1338; x_wconf 72' lang='grc' dir='ltr'>λογισμὸς,</span> <span class='ocrx_word' id='word_1_178' title='bbox 3243 1269 3339 1340; x_wconf 72' lang='grc' dir='ltr'>ἤδη</span> <span class='ocrx_word' id='word_1_179' title='bbox 3386 1272 3481 1340; x_wconf 80' lang='grc' dir='ltr'><strong>τὴν</strong></span> <span class='ocrx_word' id='word_1_180' title='bbox 3521 1272 3719 1341; x_wconf 76' lang='grc' dir='ltr'>νοητὴν</span> <span class='ocrx_word' id='word_1_181' title='bbox 3763 1272 3911 1324; x_wconf 74' lang='grc' dir='ltr'>πόλιν</span> 
     </span>
    </p>
   </div>
   <div class='ocr_carea' id='block_1_28' title="bbox 2363 1357 3910 1430">
    <p class='ocr_par' dir='ltr' id='par_1_28' title="bbox 2363 1357 3910 1430">
     <span class='ocr_line' id='line_1_28' title="bbox 2363 1357 3910 1430; baseline 0.004 -22"><span class='ocrx_word' id='word_1_182' title='bbox 2363 1357 2560 1420; x_wconf 70' lang='grc' dir='ltr'>κτίζειν</span> <span class='ocrx_word' id='word_1_183' title='bbox 2604 1359 2996 1428; x_wconf 81' lang='grc' dir='ltr'>διανοουμένου.</span> <span class='ocrx_word' id='word_1_184' title='bbox 3030 1360 3101 1410; x_wconf 83' lang='grc' dir='ltr'>Τὸ</span> <span class='ocrx_word' id='word_1_185' title='bbox 3129 1359 3184 1411; x_wconf 83' lang='grc' dir='ltr'><strong>δὲ</strong></span> <span class='ocrx_word' id='word_1_186' title='bbox 3245 1359 3414 1430; x_wconf 83' lang='grc' dir='ltr'><strong>δόγμα</strong></span> <span class='ocrx_word' id='word_1_187' title='bbox 3458 1360 3612 1413; x_wconf 88' lang='grc' dir='ltr'>τοῦτο</span> <span class='ocrx_word' id='word_1_188' title='bbox 3672 1363 3910 1424; x_wconf 81' lang='grc' dir='ltr'>Μωσέως</span> 
     </span>
    </p>
   </div>
   <div class='ocr_carea' id='block_1_29' title="bbox 2362 1434 3908 1521">
    <p class='ocr_par' dir='ltr' id='par_1_29' title="bbox 2362 1434 3908 1521">
     <span class='ocr_line' id='line_1_29' title="bbox 2362 1434 3908 1521; baseline 0.005 -25"><span class='ocrx_word' id='word_1_189' title='bbox 2362 1448 2522 1511; x_wconf 71' lang='grc' dir='ltr'>ἐστὶν,</span> <span class='ocrx_word' id='word_1_190' title='bbox 2545 1447 2641 1498; x_wconf 74' lang='grc' dir='ltr'><strong>οὐκ</strong></span> <span class='ocrx_word' id='word_1_191' title='bbox 2673 1449 2819 1516; x_wconf 80' lang='grc' dir='ltr'>ἐμόν.</span> <span class='ocrx_word' id='word_1_192' title='bbox 2854 1448 2961 1518; x_wconf 78' lang='grc' dir='ltr'>Τὴν</span> <span class='ocrx_word' id='word_1_193' title='bbox 2980 1434 3119 1516; x_wconf 26' lang='grc' dir='ltr'>νγοῦν</span> <span class='ocrx_word' id='word_1_194' title='bbox 3145 1448 3424 1520; x_wconf 85' lang='grc' dir='ltr'>ἀνθρώπου</span> <span class='ocrx_word' id='word_1_195' title='bbox 3445 1451 3656 1518; x_wconf 87' lang='grc' dir='ltr'>γένεσιν</span> <span class='ocrx_word' id='word_1_196' title='bbox 3672 1454 3908 1521; x_wconf 79' lang='grc' dir='ltr'>ἀναγρά-</span> 
     </span>
    </p>
   </div>
   <div class='ocr_carea' id='block_1_30' title="bbox 2362 1538 3908 1612">
    <p class='ocr_par' dir='ltr' id='par_1_30' title="bbox 2362 1538 3908 1612">
     <span class='ocr_line' id='line_1_30' title="bbox 2362 1538 3908 1612; baseline 0.005 -26"><span class='ocrx_word' id='word_1_197' title='bbox 2362 1554 2504 1604; x_wconf 69' lang='grc' dir='ltr'>ςρων,</span> <span class='ocrx_word' id='word_1_198' title='bbox 2537 1538 2593 1587; x_wconf 83' lang='grc' dir='ltr'>ὲν</span> <span class='ocrx_word' id='word_1_199' title='bbox 2630 1541 2735 1599; x_wconf 62' lang='grc' dir='ltr'>τοῖς</span> <span class='ocrx_word' id='word_1_200' title='bbox 2779 1538 2975 1591; x_wconf 76' lang='grc' dir='ltr'>οέπειτα</span> <span class='ocrx_word' id='word_1_201' title='bbox 3043 1540 3331 1610; x_wconf 75' lang='grc' dir='ltr'>διαρρήδην</span> <span class='ocrx_word' id='word_1_202' title='bbox 3383 1541 3664 1608; x_wconf 75' lang='grc' dir='ltr'>ὁμολογεῖ,</span> <span class='ocrx_word' id='word_1_203' title='bbox 3705 1542 3782 1604; x_wconf 81' lang='grc' dir='ltr'>ὡς</span> <span class='ocrx_word' id='word_1_204' title='bbox 3811 1545 3908 1612; x_wconf 70' lang='grc' dir='ltr'>ἄρα</span> 
     </span>
    </p>
   </div>
   <div class='ocr_carea' id='block_1_31' title="bbox 2361 1625 3911 1697">
    <p class='ocr_par' dir='ltr' id='par_1_31' title="bbox 2361 1625 3911 1697">
     <span class='ocr_line' id='line_1_31' title="bbox 2361 1625 3911 1697; baseline 0.003 -22"><span class='ocrx_word' id='word_1_205' title='bbox 2361 1625 2478 1676; x_wconf 78' lang='grc' dir='ltr'>κατ’</span> <span class='ocrx_word' id='word_1_206' title='bbox 2502 1627 2680 1677; x_wconf 77' lang='grc' dir='ltr'>εἰκόνα</span> <span class='ocrx_word' id='word_1_207' title='bbox 2726 1625 2857 1676; x_wconf 81' lang='grc' dir='ltr'>Θεοῦ</span> <span class='ocrx_word' id='word_1_208' title='bbox 2903 1627 3216 1696; x_wconf 83' lang='grc' dir='ltr'>διετυπώθη.</span> <span class='ocrx_word' id='word_1_209' title='bbox 3285 1627 3344 1678; x_wconf 82' lang='grc' dir='ltr'><strong>ΕΞ</strong></span> <span class='ocrx_word' id='word_1_210' title='bbox 3368 1627 3422 1678; x_wconf 82' lang='grc' dir='ltr'>δὲ</span> <span class='ocrx_word' id='word_1_211' title='bbox 3455 1627 3513 1678; x_wconf 83' lang='grc' dir='ltr'><strong>τὸ</strong></span> <span class='ocrx_word' id='word_1_212' title='bbox 3545 1628 3712 1697; x_wconf 79' lang='grc' dir='ltr'>μέρος</span> <span class='ocrx_word' id='word_1_213' title='bbox 3753 1628 3911 1679; x_wconf 78' lang='grc' dir='ltr'>εἰκὼν</span> 
     </span>
    </p>
   </div>
   <div class='ocr_carea' id='block_1_32' title="bbox 2361 1712 3908 1786">
    <p class='ocr_par' dir='ltr' id='par_1_32' title="bbox 2361 1712 3908 1786">
     <span class='ocr_line' id='line_1_32' title="bbox 2361 1712 3908 1786; baseline 0.003 -22"><span class='ocrx_word' id='word_1_214' title='bbox 2361 1714 2580 1776; x_wconf 89' lang='grc' dir='ltr'>είκόνος,</span> <span class='ocrx_word' id='word_1_215' title='bbox 2618 1714 2850 1783; x_wconf 85' lang='grc' dir='ltr'>δηλονότι</span> <span class='ocrx_word' id='word_1_216' title='bbox 2884 1716 2974 1766; x_wconf 68' lang='grc' dir='ltr'><strong>καὶ</strong></span> <span class='ocrx_word' id='word_1_217' title='bbox 3021 1715 3082 1767; x_wconf 85' lang='grc' dir='ltr'>τὸ</span> <span class='ocrx_word' id='word_1_218' title='bbox 3113 1717 3229 1768; x_wconf 84' lang='grc' dir='ltr'>ὅλον</span> <span class='ocrx_word' id='word_1_219' title='bbox 3261 1712 3397 1779; x_wconf 77' lang='grc' dir='ltr'>εἶδος</span> <span class='ocrx_word' id='word_1_220' title='bbox 3421 1757 3435 1780; x_wconf 89' lang='grc'><strong>,</strong></span> <span class='ocrx_word' id='word_1_221' title='bbox 3485 1716 3706 1786; x_wconf 75' lang='grc' dir='ltr'>σύμπας</span> <span class='ocrx_word' id='word_1_222' title='bbox 3763 1712 3908 1779; x_wconf 71' lang='grc' dir='ltr'>οὗτος</span> 
     </span>
    </p>
   </div>
   <div class='ocr_carea' id='block_1_33' title="bbox 2358 1802 3909 1876">
    <p class='ocr_par' dir='ltr' id='par_1_33' title="bbox 2358 1802 3909 1876">
     <span class='ocr_line' id='line_1_33' title="bbox 2358 1802 3909 1876; baseline 0.003 -22"><span class='ocrx_word' id='word_1_223' title='bbox 2358 1807 2385 1854; x_wconf 85' lang='grc' dir='ltr'><strong>ό</strong></span> <span class='ocrx_word' id='word_1_224' title='bbox 2411 1802 2659 1871; x_wconf 73' lang='grc' dir='ltr'>αἰσθητὸς</span> <span class='ocrx_word' id='word_1_225' title='bbox 2696 1805 2915 1873; x_wconf 87' lang='grc' dir='ltr'>κόσμος,</span> <span class='ocrx_word' id='word_1_226' title='bbox 2969 1807 3015 1857; x_wconf 87' lang='grc' dir='ltr'><strong>εί</strong></span> <span class='ocrx_word' id='word_1_227' title='bbox 3043 1805 3238 1873; x_wconf 79' lang='grc' dir='ltr'>μείζων</span> <span class='ocrx_word' id='word_1_228' title='bbox 3271 1807 3381 1874; x_wconf 98' lang='grc'>(50)</span> <span class='ocrx_word' id='word_1_229' title='bbox 3425 1807 3520 1876; x_wconf 84' lang='grc' dir='ltr'>τῆς</span> <span class='ocrx_word' id='word_1_230' title='bbox 3563 1806 3909 1875; x_wconf 70' lang='grc' dir='ltr'><strong>ἀνθρωπίνης</strong></span> 
     </span>
    </p>
   </div>
   <div class='ocr_carea' id='block_1_34' title="bbox 2359 1895 3905 1965">
    <p class='ocr_par' dir='ltr' id='par_1_34' title="bbox 2359 1895 3905 1965">
     <span class='ocr_line' id='line_1_34' title="bbox 2359 1895 3905 1965; baseline 0.002 -21"><span class='ocrx_word' id='word_1_231' title='bbox 2359 1895 2472 1945; x_wconf 73' lang='grc' dir='ltr'>ἐστὶ</span> <span class='ocrx_word' id='word_1_232' title='bbox 2504 1895 2722 1964; x_wconf 90' lang='grc' dir='ltr'>μίμημα</span> <span class='ocrx_word' id='word_1_233' title='bbox 2749 1895 2893 1956; x_wconf 81' lang='grc' dir='ltr'>θείας</span> <span class='ocrx_word' id='word_1_234' title='bbox 2916 1896 3117 1957; x_wconf 75' lang='grc' dir='ltr'>εἰκόνος</span> <span class='ocrx_word' id='word_1_235' title='bbox 3148 1895 3411 1964; x_wconf 76' lang='grc' dir='ltr'>δηλονότι·</span> <span class='ocrx_word' id='word_1_236' title='bbox 3468 1898 3557 1947; x_wconf 67' lang='grc' dir='ltr'><strong>καὶ</strong></span> <span class='ocrx_word' id='word_1_237' title='bbox 3681 1897 3905 1964; x_wconf 68' lang='grc' dir='ltr'>ἀρχέτυ-</span> 
     </span>
    </p>
   </div>
   <div class='ocr_carea' id='block_1_35' title="bbox 2361 1981 3906 2052">
    <p class='ocr_par' dir='ltr' id='par_1_35' title="bbox 2361 1981 3906 2052">
     <span class='ocr_line' id='line_1_35' title="bbox 2361 1981 3906 2052; baseline 0.002 -21"><span class='ocrx_word' id='word_1_238' title='bbox 2361 1998 2455 2041; x_wconf 87' lang='grc' dir='ltr'><strong>πος</strong></span> <span class='ocrx_word' id='word_1_239' title='bbox 2479 1984 2706 2051; x_wconf 73' lang='grc' dir='ltr'>σφραγὶς</span> <span class='ocrx_word' id='word_1_240' title='bbox 2733 1983 2788 2034; x_wconf 81' lang='grc' dir='ltr'>ὃν</span> <span class='ocrx_word' id='word_1_241' title='bbox 2817 2000 2990 2052; x_wconf 79' lang='grc' dir='ltr'>φαμεν</span> <span class='ocrx_word' id='word_1_242' title='bbox 3024 1983 3207 2052; x_wconf 72' lang='grc' dir='ltr'>νοητὸν</span> <span class='ocrx_word' id='word_1_243' title='bbox 3241 1981 3375 2035; x_wconf 77' lang='grc' dir='ltr'>εἶναι</span> <span class='ocrx_word' id='word_1_244' title='bbox 3397 1984 3619 2052; x_wconf 79' lang='grc' dir='ltr'>κόσμον,</span> <span class='ocrx_word' id='word_1_245' title='bbox 3656 1985 3820 2040; x_wconf 69' lang='grc' dir='ltr'>αὐτὸς</span> <span class='ocrx_word' id='word_1_246' title='bbox 3851 1985 3906 2034; x_wconf 76' lang='lat' dir='ltr'><strong>iv</strong></span> 
     </span>
    </p>
   </div>
   <div class='ocr_carea' id='block_1_36' title="bbox 729 2054 2254 2154">
    <p class='ocr_par' dir='ltr' id='par_1_36' title="bbox 729 2083 2254 2154">
     <span class='ocr_line' id='line_1_36' title="bbox 729 2083 2254 2154; baseline -0.002 -18"><span class='ocrx_word' id='word_1_247' title='bbox 729 2086 867 2154; x_wconf 80' lang='lat' dir='ltr'><strong>ginis</strong></span> <span class='ocrx_word' id='word_1_248' title='bbox 883 2083 1308 2136; x_wconf 59' lang='lat' dir='ltr'><strong>divinasimitatio</strong></span> <span class='ocrx_word' id='word_1_249' title='bbox 1328 2089 1428 2144; x_wconf 84' lang='lat' dir='ltr'><strong>est,</strong></span> <span class='ocrx_word' id='word_1_250' title='bbox 1457 2083 1688 2135; x_wconf 88' lang='lat' dir='ltr'><strong>humana</strong></span> <span class='ocrx_word' id='word_1_251' title='bbox 1721 2083 1876 2151; x_wconf 85' lang='lat' dir='ltr'><strong>longe</strong></span> <span class='ocrx_word' id='word_1_252' title='bbox 1907 2083 2076 2151; x_wconf 85' lang='lat' dir='ltr'><strong>major</strong></span> <span class='ocrx_word' id='word_1_253' title='bbox 2098 2093 2254 2150; x_wconf 89' lang='lat' dir='ltr'><strong>atque</strong></span> 
     </span>
    </p>
   </div>
   <div class='ocr_carea' id='block_1_37' title="bbox 2355 2054 3907 2154">
    <p class='ocr_par' dir='ltr' id='par_1_37' title="bbox 2358 2073 3907 2143">
     <span class='ocr_line' id='line_1_37' title="bbox 2358 2073 3907 2143; baseline -0.001 -18"><span class='ocrx_word' id='word_1_254' title='bbox 2358 2075 2462 2143; x_wconf 79' lang='grc' dir='ltr'>εἴη,</span> <span class='ocrx_word' id='word_1_255' title='bbox 2501 2074 2562 2126; x_wconf 85' lang='grc' dir='ltr'>τὸ</span> <span class='ocrx_word' id='word_1_256' title='bbox 2603 2073 2978 2143; x_wconf 86' lang='grc' dir='ltr'>παράδειγμα,</span> <span class='ocrx_word' id='word_1_257' title='bbox 3010 2075 3309 2143; x_wconf 83' lang='grc' dir='ltr'>ἀρχέτυπος</span> <span class='ocrx_word' id='word_1_258' title='bbox 3357 2074 3468 2126; x_wconf 85' lang='grc' dir='ltr'>ἰδέα</span> <span class='ocrx_word' id='word_1_259' title='bbox 3497 2074 3602 2125; x_wconf 80' lang='grc' dir='ltr'><strong>τῶν</strong></span> <span class='ocrx_word' id='word_1_260' title='bbox 3670 2074 3845 2135; x_wconf 81' lang='grc' dir='ltr'>ἰδεῶν,</span> <span class='ocrx_word' id='word_1_261' title='bbox 3882 2074 3907 2124; x_wconf 82' lang='grc' dir='ltr'><strong>ό</strong></span> 
     </span>
    </p>
   </div>
   <div class='ocr_carea' id='block_1_38' title="bbox 728 2173 2257 2242">
    <p class='ocr_par' dir='ltr' id='par_1_38' title="bbox 728 2173 2257 2242">
     <span class='ocr_line' id='line_1_38' title="bbox 728 2173 2257 2242; baseline -0.001 -16"><span class='ocrx_word' id='word_1_262' title='bbox 728 2173 1030 2242; x_wconf 82' lang='lat' dir='ltr'><strong>perfectior.</strong></span> <span class='ocrx_word' id='word_1_263' title='bbox 1069 2173 1142 2225; x_wconf 79' lang='grc' dir='ltr'><strong>Ει</strong></span> <span class='ocrx_word' id='word_1_264' title='bbox 1178 2189 1284 2238; x_wconf 90' lang='lat' dir='ltr'><strong>quo</strong></span> <span class='ocrx_word' id='word_1_265' title='bbox 1337 2176 1496 2227; x_wconf 91' lang='lat' dir='ltr'><strong>etiam</strong></span> <span class='ocrx_word' id='word_1_266' title='bbox 1543 2174 1716 2241; x_wconf 87' lang='lat' dir='ltr'><strong>quivis</strong></span> <span class='ocrx_word' id='word_1_267' title='bbox 1769 2173 2043 2242; x_wconf 81' lang='lat' dir='ltr'><strong>intelligat,</strong></span> <span class='ocrx_word' id='word_1_268' title='bbox 2071 2174 2257 2226; x_wconf 88' lang='lat' dir='ltr'><strong>arche—</strong></span> 
     </span>
    </p>
   </div>
   <div class='ocr_carea' id='block_1_39' title="bbox 728 2262 2257 2332">
    <p class='ocr_par' dir='ltr' id='par_1_39' title="bbox 728 2262 2257 2332">
     <span class='ocr_line' id='line_1_39' title="bbox 728 2262 2257 2332; baseline 0 -16"><span class='ocrx_word' id='word_1_269' title='bbox 728 2275 907 2332; x_wconf 84' lang='lat' dir='ltr'><strong>typum</strong></span> <span class='ocrx_word' id='word_1_270' title='bbox 966 2263 1094 2316; x_wconf 91' lang='lat' dir='ltr'><strong>illud</strong></span> <span class='ocrx_word' id='word_1_271' title='bbox 1151 2263 1573 2331; x_wconf 88' lang='lat' dir='ltr'><strong>primariumque</strong></span> <span class='ocrx_word' id='word_1_272' title='bbox 1625 2262 1893 2331; x_wconf 83' lang='lat' dir='ltr'><strong>sigillum,</strong></span> <span class='ocrx_word' id='word_1_273' title='bbox 1954 2278 2110 2331; x_wconf 90' lang='lat' dir='ltr'><strong>quem</strong></span> <span class='ocrx_word' id='word_1_274' title='bbox 2159 2278 2257 2316; x_wconf 87' lang='lat' dir='ltr'><strong>nos</strong></span> 
     </span>
    </p>
   </div>
   <div class='ocr_carea' id='block_1_40' title="bbox 728 2353 2257 2422">
    <p class='ocr_par' dir='ltr' id='par_1_40' title="bbox 728 2353 2257 2422">
     <span class='ocr_line' id='line_1_40' title="bbox 728 2353 2257 2422; baseline 0 -16"><span class='ocrx_word' id='word_1_275' title='bbox 728 2353 982 2406; x_wconf 88' lang='lat' dir='ltr'><strong>mundum</strong></span> <span class='ocrx_word' id='word_1_276' title='bbox 1005 2361 1178 2406; x_wconf 85' lang='lat' dir='ltr'><strong>mente</strong></span> <span class='ocrx_word' id='word_1_277' title='bbox 1206 2362 1530 2422; x_wconf 86' lang='lat' dir='ltr'><strong>perceptum,</strong></span> <span class='ocrx_word' id='word_1_278' title='bbox 1558 2369 1831 2418; x_wconf 89' lang='lat' dir='ltr'><strong>vocamus,</strong></span> <span class='ocrx_word' id='word_1_279' title='bbox 1863 2355 2134 2422; x_wconf 84' lang='lat' dir='ltr'><strong>exemplar</strong></span> <span class='ocrx_word' id='word_1_280' title='bbox 2171 2370 2257 2406; x_wconf 91' lang='lat' dir='ltr'><strong>ar-</strong></span> 
     </span>
    </p>
   </div>
   <div class='ocr_carea' id='block_1_41' title="bbox 725 2445 2257 2515">
    <p class='ocr_par' dir='ltr' id='par_1_41' title="bbox 725 2445 2257 2515">
     <span class='ocr_line' id='line_1_41' title="bbox 725 2445 2257 2515; baseline 0.003 -18"><span class='ocrx_word' id='word_1_281' title='bbox 725 2447 1009 2514; x_wconf 81' lang='lat' dir='ltr'><strong>chetypum</strong></span> <span class='ocrx_word' id='word_1_282' title='bbox 1069 2445 1347 2513; x_wconf 88' lang='lat' dir='ltr'><strong>ideantque</strong></span> <span class='ocrx_word' id='word_1_283' title='bbox 1381 2447 1640 2508; x_wconf 88' lang='lat' dir='ltr'><strong>idearum,</strong></span> <span class='ocrx_word' id='word_1_284' title='bbox 1679 2447 1778 2501; x_wconf 90' lang='lat' dir='ltr'><strong>hoc</strong></span> <span class='ocrx_word' id='word_1_285' title='bbox 1834 2457 1916 2500; x_wconf 91' lang='lat' dir='ltr'><strong>est</strong></span> <span class='ocrx_word' id='word_1_286' title='bbox 1970 2447 2257 2515; x_wconf 90' lang='lat' dir='ltr'><strong>ipsummet</strong></span> 
     </span>
    </p>
   </div>
   <div class='ocr_carea' id='block_1_42' title="bbox 727 2535 2252 2606">
    <p class='ocr_par' dir='ltr' id='par_1_42' title="bbox 727 2535 2252 2606">
     <span class='ocr_line' id='line_1_42' title="bbox 727 2535 2252 2606; baseline 0.003 -18"><span class='ocrx_word' id='word_1_287' title='bbox 727 2535 817 2589; x_wconf 89' lang='lat' dir='ltr'><strong>Dei</strong></span> <span class='ocrx_word' id='word_1_288' title='bbox 841 2536 1063 2590; x_wconf 85' lang='lat' dir='ltr'><strong>Verbum</strong></span> <span class='ocrx_word' id='word_1_289' title='bbox 1091 2552 1228 2590; x_wconf 89' lang='lat' dir='ltr'><strong>esse.</strong></span> <span class='ocrx_word' id='word_1_290' title='bbox 1253 2536 1491 2606; x_wconf 80' lang='lat' dir='ltr'><strong>Explicat</strong></span> <span class='ocrx_word' id='word_1_291' title='bbox 1507 2537 1647 2592; x_wconf 86' lang='lat' dir='ltr'><strong>enim</strong></span> <span class='ocrx_word' id='word_1_292' title='bbox 1671 2537 1784 2605; x_wconf 88' lang='lat' dir='ltr'><strong>ipse</strong></span> <span class='ocrx_word' id='word_1_293' title='bbox 1808 2539 2252 2606; x_wconf 80' lang='lat' dir='ltr'><strong>quemadmodum</strong></span> 
     </span>
    </p>
   </div>
   <div class='ocr_carea' id='block_1_43' title="bbox 726 2625 2254 2694">
    <p class='ocr_par' dir='ltr' id='par_1_43' title="bbox 726 2625 2254 2694">
     <span class='ocr_line' id='line_1_43' title="bbox 726 2625 2254 2694; baseline 0.002 -16"><span class='ocrx_word' id='word_1_294' title='bbox 726 2626 779 2678; x_wconf 92' lang='lat' dir='ltr'><strong>in</strong></span> <span class='ocrx_word' id='word_1_295' title='bbox 811 2627 1071 2694; x_wconf 85' lang='lat' dir='ltr'><strong>principio</strong></span> <span class='ocrx_word' id='word_1_296' title='bbox 1121 2625 1302 2680; x_wconf 81' lang='lat' dir='ltr'><strong>fecerit</strong></span> <span class='ocrx_word' id='word_1_297' title='bbox 1362 2625 1498 2680; x_wconf 90' lang='lat' dir='ltr'><strong>Deus</strong></span> <span class='ocrx_word' id='word_1_298' title='bbox 1553 2626 1748 2680; x_wconf 72' lang='lat' dir='ltr'><strong>cmlum</strong></span> <span class='ocrx_word' id='word_1_299' title='bbox 1805 2635 1856 2681; x_wconf 90' lang='lat' dir='ltr'><strong>et</strong></span> <span class='ocrx_word' id='word_1_300' title='bbox 1910 2634 2127 2690; x_wconf 86' lang='lat' dir='ltr'><strong>terram,</strong></span> <span class='ocrx_word' id='word_1_301' title='bbox 2166 2629 2254 2681; x_wconf 91' lang='lat' dir='ltr'><strong>ubi</strong></span> 
     </span>
    </p>
   </div>
   <div class='ocr_carea' id='block_1_44' title="bbox 725 2714 2253 2785">
    <p class='ocr_par' dir='ltr' id='par_1_44' title="bbox 725 2714 2253 2785">
     <span class='ocr_line' id='line_1_44' title="bbox 725 2714 2253 2785; baseline 0.001 -19"><span class='ocrx_word' id='word_1_302' title='bbox 725 2714 969 2784; x_wconf 88' lang='lat' dir='ltr'><strong>principii</strong></span> <span class='ocrx_word' id='word_1_303' title='bbox 1007 2715 1243 2777; x_wconf 89' lang='lat' dir='ltr'><strong>nomine,</strong></span> <span class='ocrx_word' id='word_1_304' title='bbox 1302 2731 1407 2769; x_wconf 92' lang='lat' dir='ltr'><strong>non</strong></span> <span class='ocrx_word' id='word_1_305' title='bbox 1460 2715 1588 2768; x_wconf 89' lang='lat' dir='ltr'><strong>illud</strong></span> <span class='ocrx_word' id='word_1_306' title='bbox 1612 2731 1759 2781; x_wconf 90' lang='lat' dir='ltr'><strong>sane,</strong></span> <span class='ocrx_word' id='word_1_307' title='bbox 1794 2726 1852 2768; x_wconf 90' lang='lat' dir='ltr'><strong>ut</strong></span> <span class='ocrx_word' id='word_1_308' title='bbox 1883 2717 2122 2769; x_wconf 90' lang='lat' dir='ltr'><strong>nonnulli</strong></span> <span class='ocrx_word' id='word_1_309' title='bbox 2154 2733 2253 2785; x_wconf 87' lang='lat' dir='ltr'><strong>pu-</strong></span> 
     </span>
    </p>
   </div>
   <div class='ocr_carea' id='block_1_45' title="bbox 726 2798 2252 2874">
    <p class='ocr_par' dir='ltr' id='par_1_45' title="bbox 726 2798 2252 2874">
     <span class='ocr_line' id='line_1_45' title="bbox 726 2798 2252 2874; baseline 0 -15"><span class='ocrx_word' id='word_1_310' title='bbox 726 2816 860 2866; x_wconf 87' lang='lat' dir='ltr'><strong>tant,</strong></span> <span class='ocrx_word' id='word_1_311' title='bbox 886 2805 1103 2873; x_wconf 81' lang='lat' dir='ltr'><strong>quodex</strong></span> <span class='ocrx_word' id='word_1_312' title='bbox 1137 2814 1374 2872; x_wconf 87' lang='lat' dir='ltr'><strong>tempore</strong></span> <span class='ocrx_word' id='word_1_313' title='bbox 1407 2806 1617 2858; x_wconf 89' lang='lat' dir='ltr'><strong>ducitur</strong></span> <span class='ocrx_word' id='word_1_314' title='bbox 1653 2806 1929 2874; x_wconf 80' lang='lat' dir='ltr'><strong>intelligit;</strong></span> <span class='ocrx_word' id='word_1_315' title='bbox 1965 2822 2061 2860; x_wconf 89' lang='lat' dir='ltr'><strong>nec</strong></span> <span class='ocrx_word' id='word_1_316' title='bbox 2112 2798 2252 2859; x_wconf 79' lang='lat' dir='ltr'><strong>enim</strong></span> 
     </span>
    </p>
   </div>
   <div class='ocr_carea' id='block_1_46' title="bbox 725 2886 2254 2962">
    <p class='ocr_par' dir='ltr' id='par_1_46' title="bbox 725 2886 2254 2962">
     <span class='ocr_line' id='line_1_46' title="bbox 725 2886 2254 2962; baseline 0.002 -15"><span class='ocrx_word' id='word_1_317' title='bbox 725 2886 848 2948; x_wconf 76' lang='lat' dir='ltr'><strong>ante</strong></span> <span class='ocrx_word' id='word_1_318' title='bbox 893 2893 1150 2946; x_wconf 89' lang='lat' dir='ltr'><strong>mundum</strong></span> <span class='ocrx_word' id='word_1_319' title='bbox 1206 2903 1412 2962; x_wconf 89' lang='lat' dir='ltr'><strong>tempus</strong></span> <span class='ocrx_word' id='word_1_320' title='bbox 1451 2902 1585 2955; x_wconf 89' lang='lat' dir='ltr'><strong>erat,</strong></span> <span class='ocrx_word' id='word_1_321' title='bbox 1621 2896 1710 2949; x_wconf 88' lang='lat' dir='ltr'><strong>sed</strong></span> <span class='ocrx_word' id='word_1_322' title='bbox 1743 2905 1836 2948; x_wconf 89' lang='lat' dir='ltr'><strong>aut</strong></span> <span class='ocrx_word' id='word_1_323' title='bbox 1861 2911 1980 2948; x_wconf 91' lang='lat' dir='ltr'><strong>cum</strong></span> <span class='ocrx_word' id='word_1_324' title='bbox 2006 2912 2067 2949; x_wconf 89' lang='lat' dir='ltr'><strong>eo</strong></span> <span class='ocrx_word' id='word_1_325' title='bbox 2094 2898 2254 2950; x_wconf 91' lang='lat' dir='ltr'><strong>simul</strong></span> 
     </span>
    </p>
   </div>
   <div class='ocr_carea' id='block_1_47' title="bbox 724 2981 2251 3051">
    <p class='ocr_par' dir='ltr' id='par_1_47' title="bbox 724 2981 2251 3051">
     <span class='ocr_line' id='line_1_47' title="bbox 724 2981 2251 3051; baseline -0.001 -15"><span class='ocrx_word' id='word_1_326' title='bbox 724 2992 816 3036; x_wconf 81' lang='lat' dir='ltr'><strong>aut</strong></span> <span class='ocrx_word' id='word_1_327' title='bbox 848 2992 965 3051; x_wconf 90' lang='lat' dir='ltr'><strong>post</strong></span> <span class='ocrx_word' id='word_1_328' title='bbox 994 2997 1114 3036; x_wconf 92' lang='lat' dir='ltr'><strong>eum</strong></span> <span class='ocrx_word' id='word_1_329' title='bbox 1144 2998 1260 3036; x_wconf 86' lang='lat' dir='ltr'><strong>esse</strong></span> <span class='ocrx_word' id='word_1_330' title='bbox 1292 2983 1469 3050; x_wconf 74' lang='lat' dir='ltr'><strong>C(Bpit.</strong></span> <span class='ocrx_word' id='word_1_331' title='bbox 1495 2981 1629 3034; x_wconf 90' lang='lat' dir='ltr'><strong>Cum</strong></span> <span class='ocrx_word' id='word_1_332' title='bbox 1662 2983 1803 3034; x_wconf 90' lang='lat' dir='ltr'><strong>enim</strong></span> <span class='ocrx_word' id='word_1_333' title='bbox 1833 2991 2040 3049; x_wconf 88' lang='lat' dir='ltr'><strong>tempus</strong></span> <span class='ocrx_word' id='word_1_334' title='bbox 2067 2984 2251 3036; x_wconf 91' lang='lat' dir='ltr'><strong>mundi</strong></span> 
     </span>
    </p>
   </div>
   <div class='ocr_carea' id='block_1_48' title="bbox 724 3071 2253 3139">
    <p class='ocr_par' dir='ltr' id='par_1_48' title="bbox 724 3071 2253 3139">
     <span class='ocr_line' id='line_1_48' title="bbox 724 3071 2253 3139; baseline -0.002 -12"><span class='ocrx_word' id='word_1_335' title='bbox 724 3084 902 3127; x_wconf 88' lang='lat' dir='ltr'><strong>motus</strong></span> <span class='ocrx_word' id='word_1_336' title='bbox 928 3073 1264 3126; x_wconf 81' lang='lat' dir='ltr'><strong>intervallum</strong></span> <span class='ocrx_word' id='word_1_337' title='bbox 1295 3072 1561 3139; x_wconf 89' lang='lat' dir='ltr'><strong>quoddam</strong></span> <span class='ocrx_word' id='word_1_338' title='bbox 1582 3072 1670 3134; x_wconf 90' lang='lat' dir='ltr'><strong>sit,</strong></span> <span class='ocrx_word' id='word_1_339' title='bbox 1699 3086 1795 3124; x_wconf 87' lang='lat' dir='ltr'><strong>nec</strong></span> <span class='ocrx_word' id='word_1_340' title='bbox 1822 3081 1998 3124; x_wconf 87' lang='lat' dir='ltr'><strong>motus</strong></span> <span class='ocrx_word' id='word_1_341' title='bbox 2029 3087 2090 3124; x_wconf 87' lang='lat' dir='ltr'><strong>eo</strong></span> <span class='ocrx_word' id='word_1_342' title='bbox 2113 3071 2253 3139; x_wconf 91' lang='lat' dir='ltr'><strong>quod</strong></span> 
     </span>
    </p>
   </div>
   <div class='ocr_carea' id='block_1_49' title="bbox 728 3161 2255 3230">
    <p class='ocr_par' dir='ltr' id='par_1_49' title="bbox 728 3161 2255 3230">
     <span class='ocr_line' id='line_1_49' title="bbox 728 3161 2255 3230; baseline -0.001 -14"><span class='ocrx_word' id='word_1_343' title='bbox 728 3171 970 3216; x_wconf 80' lang='lat' dir='ltr'><strong>movetur</strong></span> <span class='ocrx_word' id='word_1_344' title='bbox 996 3161 1140 3230; x_wconf 88' lang='lat' dir='ltr'><strong>prior</strong></span> <span class='ocrx_word' id='word_1_345' title='bbox 1164 3175 1283 3214; x_wconf 91' lang='lat' dir='ltr'><strong>esse</strong></span> <span class='ocrx_word' id='word_1_346' title='bbox 1313 3170 1495 3229; x_wconf 87' lang='lat' dir='ltr'><strong>queat,</strong></span> <span class='ocrx_word' id='word_1_347' title='bbox 1540 3161 1634 3214; x_wconf 90' lang='lat' dir='ltr'><strong>sed</strong></span> <span class='ocrx_word' id='word_1_348' title='bbox 1678 3162 1980 3214; x_wconf 87' lang='lat' dir='ltr'><strong>necessario</strong></span> <span class='ocrx_word' id='word_1_349' title='bbox 2007 3161 2086 3212; x_wconf 87' lang='lat' dir='ltr'><strong>vel</strong></span> <span class='ocrx_word' id='word_1_350' title='bbox 2140 3161 2255 3229; x_wconf 85' lang='lat' dir='ltr'><strong>ipso</strong></span> 
     </span>
    </p>
   </div>
   <div class='ocr_carea' id='block_1_50' title="bbox 724 3250 2251 3321">
    <p class='ocr_par' dir='ltr' id='par_1_50' title="bbox 724 3250 2251 3321">
     <span class='ocr_line' id='line_1_50' title="bbox 724 3250 2251 3321; baseline -0.001 -16"><span class='ocrx_word' id='word_1_351' title='bbox 724 3252 1006 3321; x_wconf 86' lang='lat' dir='ltr'><strong>posterior,</strong></span> <span class='ocrx_word' id='word_1_352' title='bbox 1035 3251 1114 3304; x_wconf 87' lang='lat' dir='ltr'><strong>vel</strong></span> <span class='ocrx_word' id='word_1_353' title='bbox 1147 3265 1268 3304; x_wconf 90' lang='lat' dir='ltr'><strong>cum</strong></span> <span class='ocrx_word' id='word_1_354' title='bbox 1291 3265 1354 3303; x_wconf 93' lang='lat' dir='ltr'><strong>eo</strong></span> <span class='ocrx_word' id='word_1_355' title='bbox 1387 3250 1546 3305; x_wconf 90' lang='lat' dir='ltr'><strong>simul</strong></span> <span class='ocrx_word' id='word_1_356' title='bbox 1573 3251 1815 3311; x_wconf 84' lang='lat' dir='ltr'><strong>exsistat,</strong></span> <span class='ocrx_word' id='word_1_357' title='bbox 1855 3259 2062 3318; x_wconf 91' lang='lat' dir='ltr'><strong>tempus</strong></span> <span class='ocrx_word' id='word_1_358' title='bbox 2093 3251 2251 3304; x_wconf 88' lang='lat' dir='ltr'><strong>etiam</strong></span> 
     </span>
    </p>
   </div>
   <div class='ocr_carea' id='block_1_51' title="bbox 725 3341 2321 3428">
    <p class='ocr_par' dir='ltr' id='par_1_51' title="bbox 725 3341 2321 3428">
     <span class='ocr_line' id='line_1_51' title="bbox 725 3341 2321 3428; baseline -0.001 -32"><span class='ocrx_word' id='word_1_359' title='bbox 725 3344 906 3411; x_wconf 87' lang='lat' dir='ltr'><strong>utique</strong></span> <span class='ocrx_word' id='word_1_360' title='bbox 928 3341 1009 3394; x_wconf 89' lang='lat' dir='ltr'><strong>vel</strong></span> <span class='ocrx_word' id='word_1_361' title='bbox 1037 3341 1239 3409; x_wconf 84' lang='lat' dir='ltr'><strong>aequale</strong></span> <span class='ocrx_word' id='word_1_362' title='bbox 1264 3341 1468 3402; x_wconf 89' lang='lat' dir='ltr'><strong>mundi,</strong></span> <span class='ocrx_word' id='word_1_363' title='bbox 1493 3341 1575 3394; x_wconf 89' lang='lat' dir='ltr'><strong>vel</strong></span> <span class='ocrx_word' id='word_1_364' title='bbox 1590 3342 1746 3394; x_wconf 86' lang='lat' dir='ltr'><strong>etiam</strong></span> <span class='ocrx_word' id='word_1_365' title='bbox 1765 3356 1828 3394; x_wconf 91' lang='lat' dir='ltr'><strong>eo</strong></span> <span class='ocrx_word' id='word_1_366' title='bbox 1849 3341 2112 3395; x_wconf 88' lang='lat' dir='ltr'><strong>recentius</strong></span> <span class='ocrx_word' id='word_1_367' title='bbox 2133 3356 2249 3395; x_wconf 89' lang='lat' dir='ltr'><strong>esse</strong></span> <span class='ocrx_word' id='word_1_368' title='bbox 2277 3369 2321 3428; x_wconf 66' lang='grc' dir='ltr'><strong><em>ε</em></strong></span> 
     </span>
    </p>
   </div>
   <div class='ocr_carea' id='block_1_52' title="bbox 725 3429 2251 3498">
    <p class='ocr_par' dir='ltr' id='par_1_52' title="bbox 725 3429 2251 3498">
     <span class='ocr_line' id='line_1_52' title="bbox 725 3429 2251 3498; baseline -0.003 -12"><span class='ocrx_word' id='word_1_369' title='bbox 725 3448 940 3487; x_wconf 85' lang='lat' dir='ltr'><strong>necesse</strong></span> <span class='ocrx_word' id='word_1_370' title='bbox 967 3440 1074 3497; x_wconf 83' lang='lat' dir='ltr'><strong>est;</strong></span> <span class='ocrx_word' id='word_1_371' title='bbox 1110 3447 1231 3484; x_wconf 91' lang='lat' dir='ltr'><strong>nam</strong></span> <span class='ocrx_word' id='word_1_372' title='bbox 1262 3430 1533 3498; x_wconf 85' lang='lat' dir='ltr'><strong>antiquius</strong></span> <span class='ocrx_word' id='word_1_373' title='bbox 1562 3429 1732 3484; x_wconf 82' lang='lat' dir='ltr'><strong>facere</strong></span> <span class='ocrx_word' id='word_1_374' title='bbox 1761 3431 1910 3494; x_wconf 84' lang='lat' dir='ltr'><strong>velle,</strong></span> <span class='ocrx_word' id='word_1_375' title='bbox 1957 3447 2075 3484; x_wconf 91' lang='lat' dir='ltr'><strong>cum</strong></span> <span class='ocrx_word' id='word_1_376' title='bbox 2104 3432 2251 3484; x_wconf 90' lang='lat' dir='ltr'><strong>omni</strong></span> 
     </span>
    </p>
   </div>
   <div class='ocr_carea' id='block_1_53' title="bbox 724 3519 2253 3590">
    <p class='ocr_par' dir='ltr' id='par_1_53' title="bbox 724 3519 2253 3590">
     <span class='ocr_line' id='line_1_53' title="bbox 724 3519 2253 3590; baseline 0.001 -17"><span class='ocrx_word' id='word_1_377' title='bbox 724 3519 1055 3590; x_wconf 84' lang='lat' dir='ltr'><strong>philosophia</strong></span> <span class='ocrx_word' id='word_1_378' title='bbox 1081 3536 1318 3590; x_wconf 84' lang='lat' dir='ltr'><strong>pugnare</strong></span> <span class='ocrx_word' id='word_1_379' title='bbox 1355 3529 1454 3574; x_wconf 89' lang='lat' dir='ltr'><strong>est.</strong></span> <span class='ocrx_word' id='word_1_380' title='bbox 1489 3519 1640 3584; x_wconf 88' lang='lat' dir='ltr'><strong>Quod</strong></span> <span class='ocrx_word' id='word_1_381' title='bbox 1691 3521 1734 3574; x_wconf 92' lang='lat' dir='ltr'><strong>si</strong></span> <span class='ocrx_word' id='word_1_382' title='bbox 1786 3521 1886 3573; x_wconf 92' lang='lat' dir='ltr'><strong>hoc</strong></span> <span class='ocrx_word' id='word_1_383' title='bbox 1909 3520 2025 3574; x_wconf 91' lang='lat' dir='ltr'><strong>loco</strong></span> <span class='ocrx_word' id='word_1_384' title='bbox 2055 3521 2253 3588; x_wconf 89' lang='lat' dir='ltr'><strong>princi-</strong></span> 
     </span>
    </p>
   </div>
   <div class='ocr_carea' id='block_1_54' title="bbox 722 3611 2250 3681">
    <p class='ocr_par' dir='ltr' id='par_1_54' title="bbox 722 3611 2250 3681">
     <span class='ocr_line' id='line_1_54' title="bbox 722 3611 2250 3681; baseline 0 -17"><span class='ocrx_word' id='word_1_385' title='bbox 722 3628 868 3679; x_wconf 78' lang='lat' dir='ltr'><strong>pium</strong></span> <span class='ocrx_word' id='word_1_386' title='bbox 902 3612 1028 3665; x_wconf 89' lang='lat' dir='ltr'><strong>illud</strong></span> <span class='ocrx_word' id='word_1_387' title='bbox 1061 3627 1166 3664; x_wconf 91' lang='lat' dir='ltr'><strong>non</strong></span> <span class='ocrx_word' id='word_1_388' title='bbox 1195 3612 1459 3681; x_wconf 86' lang='lat' dir='ltr'><strong>intelligit,</strong></span> <span class='ocrx_word' id='word_1_389' title='bbox 1495 3611 1638 3680; x_wconf 90' lang='lat' dir='ltr'><strong>quod</strong></span> <span class='ocrx_word' id='word_1_390' title='bbox 1669 3626 1730 3665; x_wconf 81' lang='lat' dir='ltr'><strong>ex</strong></span> <span class='ocrx_word' id='word_1_391' title='bbox 1762 3620 1995 3680; x_wconf 88' lang='lat' dir='ltr'><strong>tempore</strong></span> <span class='ocrx_word' id='word_1_392' title='bbox 2022 3611 2250 3676; x_wconf 90' lang='lat' dir='ltr'><strong>ducitur,</strong></span> 
     </span>
    </p>
   </div>
   <div class='ocr_carea' id='block_1_55' title="bbox 725 3702 2253 3780">
    <p class='ocr_par' dir='ltr' id='par_1_55' title="bbox 725 3702 2253 3780">
     <span class='ocr_line' id='line_1_55' title="bbox 725 3702 2253 3780; baseline -0.001 -25"><span class='ocrx_word' id='word_1_393' title='bbox 725 3720 819 3771; x_wconf 87' lang='lat' dir='ltr'><strong>par</strong></span> <span class='ocrx_word' id='word_1_394' title='bbox 848 3702 1065 3756; x_wconf 89' lang='lat' dir='ltr'><strong>omnino</strong></span> <span class='ocrx_word' id='word_1_395' title='bbox 1090 3703 1246 3756; x_wconf 79' lang='lat' dir='ltr'><strong>fuerit</strong></span> <span class='ocrx_word' id='word_1_396' title='bbox 1275 3703 1420 3772; x_wconf 87' lang='lat' dir='ltr'><strong>quod</strong></span> <span class='ocrx_word' id='word_1_397' title='bbox 1485 3703 1537 3780; x_wconf 70' lang='lat' dir='ltr'><strong>ig</strong></span> <span class='ocrx_word' id='word_1_398' title='bbox 1590 3717 1815 3756; x_wconf 87' lang='lat' dir='ltr'><strong>nuntero</strong></span> <span class='ocrx_word' id='word_1_399' title='bbox 1845 3710 2088 3755; x_wconf 88' lang='lat' dir='ltr'><strong>versatur</strong></span> <span class='ocrx_word' id='word_1_400' title='bbox 2116 3705 2253 3754; x_wconf 89' lang='lat' dir='ltr'><strong>acci-</strong></span> 
     </span>
    </p>
   </div>
   <div class='ocr_carea' id='block_1_56' title="bbox 725 3791 2249 3862">
    <p class='ocr_par' dir='ltr' id='par_1_56' title="bbox 725 3791 2249 3862">
     <span class='ocr_line' id='line_1_56' title="bbox 725 3791 2249 3862; baseline 0.001 -17"><span class='ocrx_word' id='word_1_401' title='bbox 725 3809 865 3862; x_wconf 87' lang='lat' dir='ltr'><strong>pere,</strong></span> <span class='ocrx_word' id='word_1_402' title='bbox 893 3803 950 3845; x_wconf 90' lang='lat' dir='ltr'><strong>ut</strong></span> <span class='ocrx_word' id='word_1_403' title='bbox 977 3792 1127 3856; x_wconf 90' lang='lat' dir='ltr'><strong>illud,</strong></span> <span class='ocrx_word' id='word_1_404' title='bbox 1161 3810 1178 3841; x_wconf 77' lang='lat' dir='ltr'><strong>t</strong></span> <span class='ocrx_word' id='word_1_405' title='bbox 1211 3793 1262 3844; x_wconf 91' lang='lat' dir='ltr'><strong>in</strong></span> <span class='ocrx_word' id='word_1_406' title='bbox 1293 3793 1554 3861; x_wconf 84' lang='lat' dir='ltr'><strong>principio</strong></span> <span class='ocrx_word' id='word_1_407' title='bbox 1587 3791 1726 3855; x_wconf 75' lang='lat' dir='ltr'><strong>fecit,</strong></span> <span class='ocrx_word' id='word_1_408' title='bbox 1759 3813 1776 3842; x_wconf 72' lang='grc' dir='ltr'><strong>ι</strong></span> <span class='ocrx_word' id='word_1_409' title='bbox 1804 3792 1940 3846; x_wconf 92' lang='lat' dir='ltr'><strong>idem</strong></span> <span class='ocrx_word' id='word_1_410' title='bbox 1970 3793 2249 3860; x_wconf 73' lang='lat' dir='ltr'><strong>signiﬁcet,</strong></span> 
     </span>
    </p>
   </div>
   <div class='ocr_carea' id='block_1_57' title="bbox 723 3881 2253 3951">
    <p class='ocr_par' dir='ltr' id='par_1_57' title="bbox 723 3881 2253 3951">
     <span class='ocr_line' id='line_1_57' title="bbox 723 3881 2253 3951; baseline -0.001 -15"><span class='ocrx_word' id='word_1_411' title='bbox 723 3898 783 3936; x_wconf 83' lang='lat' dir='ltr'><strong>ac</strong></span> <span class='ocrx_word' id='word_1_412' title='bbox 805 3883 1030 3951; x_wconf 88' lang='lat' dir='ltr'><strong>primum</strong></span> <span class='ocrx_word' id='word_1_413' title='bbox 1060 3881 1182 3934; x_wconf 80' lang='lat' dir='ltr'><strong>fecit</strong></span> <span class='ocrx_word' id='word_1_414' title='bbox 1206 3882 1419 3933; x_wconf 74' lang='lat' dir='ltr'><strong>cmlum.</strong></span> <span class='ocrx_word' id='word_1_415' title='bbox 1450 3881 1571 3933; x_wconf 88' lang='lat' dir='ltr'><strong>Inde</strong></span> <span class='ocrx_word' id='word_1_416' title='bbox 1597 3882 1796 3949; x_wconf 89' lang='lat' dir='ltr'><strong>aliquot</strong></span> <span class='ocrx_word' id='word_1_417' title='bbox 1814 3883 2120 3950; x_wconf 84' lang='lat' dir='ltr'><strong>interjectis,</strong></span> <span class='ocrx_word' id='word_1_418' title='bbox 2139 3881 2253 3935; x_wconf 88' lang='lat' dir='ltr'><strong>Pri-</strong></span> 
     </span>
    </p>
   </div>
   <div class='ocr_carea' id='block_1_58' title="bbox 724 3971 2252 4041">
    <p class='ocr_par' dir='ltr' id='par_1_58' title="bbox 724 3971 2252 4041">
     <span class='ocr_line' id='line_1_58' title="bbox 724 3971 2252 4041; baseline 0.001 -16"><span class='ocrx_word' id='word_1_419' title='bbox 724 3989 866 4026; x_wconf 92' lang='lat' dir='ltr'><strong>mum</strong></span> <span class='ocrx_word' id='word_1_420' title='bbox 888 3989 1032 4041; x_wconf 80' lang='lat' dir='ltr'><strong>ergo,</strong></span> <span class='ocrx_word' id='word_1_421' title='bbox 1059 3973 1248 4040; x_wconf 89' lang='lat' dir='ltr'><strong>inquit,</strong></span> <span class='ocrx_word' id='word_1_422' title='bbox 1279 3972 1520 4026; x_wconf 88' lang='lat' dir='ltr'><strong>conditor</strong></span> <span class='ocrx_word' id='word_1_423' title='bbox 1543 3972 1628 4024; x_wconf 92' lang='lat' dir='ltr'><strong>ille</strong></span> <span class='ocrx_word' id='word_1_424' title='bbox 1653 3971 1788 4026; x_wconf 84' lang='lat' dir='ltr'><strong>Deus</strong></span> <span class='ocrx_word' id='word_1_425' title='bbox 1803 3974 2040 4040; x_wconf 86' lang='lat' dir='ltr'><strong>corporis</strong></span> <span class='ocrx_word' id='word_1_426' title='bbox 2066 3989 2252 4041; x_wconf 80' lang='lat' dir='ltr'><strong>expers</strong></span> 
     </span>
    </p>
   </div>
   <div class='ocr_carea' id='block_1_59' title="bbox 722 4061 2246 4126">
    <p class='ocr_par' dir='ltr' id='par_1_59' title="bbox 722 4061 2246 4126">
     <span class='ocr_line' id='line_1_59' title="bbox 722 4061 2246 4126; baseline -0.001 -12"><span class='ocrx_word' id='word_1_427' title='bbox 722 4063 915 4115; x_wconf 64' lang='lat' dir='ltr'><strong>caelum</strong></span> <span class='ocrx_word' id='word_1_428' title='bbox 968 4063 1185 4126; x_wconf 86' lang='lat' dir='ltr'><strong>creavit,</strong></span> <span class='ocrx_word' id='word_1_429' title='bbox 1225 4076 1320 4114; x_wconf 92' lang='lat' dir='ltr'><strong>nec</strong></span> <span class='ocrx_word' id='word_1_430' title='bbox 1378 4076 1482 4113; x_wconf 89' lang='lat' dir='ltr'><strong>non</strong></span> <span class='ocrx_word' id='word_1_431' title='bbox 1551 4069 1781 4114; x_wconf 69' lang='lat' dir='ltr'><strong>«terram</strong></span> <span class='ocrx_word' id='word_1_432' title='bbox 1835 4061 2193 4126; x_wconf 85' lang='lat' dir='ltr'><strong>invisibilem,</strong></span> <span class='ocrx_word' id='word_1_433' title='bbox 2230 4083 2246 4113; x_wconf 72' lang='grc' dir='ltr'><strong>ι</strong></span> 
     </span>
    </p>
   </div>
   <div class='ocr_carea' id='block_1_60' title="bbox 725 4149 2252 4219">
    <p class='ocr_par' dir='ltr' id='par_1_60' title="bbox 725 4149 2252 4219">
     <span class='ocr_line' id='line_1_60' title="bbox 725 4149 2252 4219; baseline 0 -15"><span class='ocrx_word' id='word_1_434' title='bbox 725 4153 967 4219; x_wconf 80' lang='lat' dir='ltr'><strong>aerisque</strong></span> <span class='ocrx_word' id='word_1_435' title='bbox 989 4151 1147 4204; x_wconf 91' lang='lat' dir='ltr'><strong>simul</strong></span> <span class='ocrx_word' id='word_1_436' title='bbox 1178 4151 1346 4204; x_wconf 91' lang='lat' dir='ltr'><strong>ideam</strong></span> <span class='ocrx_word' id='word_1_437' title='bbox 1371 4160 1440 4204; x_wconf 91' lang='lat' dir='ltr'><strong>et.</strong></span> <span class='ocrx_word' id='word_1_438' title='bbox 1461 4151 1634 4204; x_wconf 86' lang='lat' dir='ltr'><strong>vacui.</strong></span> <span class='ocrx_word' id='word_1_439' title='bbox 1655 4149 1695 4201; x_wconf 85' lang='lat' dir='ltr'><strong>E</strong></span> <span class='ocrx_word' id='word_1_440' title='bbox 1717 4150 1910 4218; x_wconf 89' lang='lat' dir='ltr'><strong>quibus</strong></span> <span class='ocrx_word' id='word_1_441' title='bbox 1935 4150 2156 4204; x_wconf 88' lang='lat' dir='ltr'><strong>alterum</strong></span> <span class='ocrx_word' id='word_1_442' title='bbox 2190 4153 2252 4204; x_wconf 94' lang='lat' dir='ltr'><strong>il-</strong></span> 
     </span>
    </p>
   </div>
   <div class='ocr_carea' id='block_1_61' title="bbox 725 4242 2251 4311">
    <p class='ocr_par' dir='ltr' id='par_1_61' title="bbox 725 4242 2251 4311">
     <span class='ocr_line' id='line_1_61' title="bbox 725 4242 2251 4311; baseline 0.001 -17"><span class='ocrx_word' id='word_1_443' title='bbox 725 4242 813 4294; x_wconf 91' lang='lat' dir='ltr'><strong>lud</strong></span> <span class='ocrx_word' id='word_1_444' title='bbox 835 4243 1074 4295; x_wconf 85' lang='lat' dir='ltr'><strong>tenebras</strong></span> <span class='ocrx_word' id='word_1_445' title='bbox 1103 4242 1403 4310; x_wconf 86' lang='lat' dir='ltr'><strong>appellavit,</strong></span> <span class='ocrx_word' id='word_1_446' title='bbox 1438 4243 1578 4310; x_wconf 92' lang='lat' dir='ltr'><strong>quod</strong></span> <span class='ocrx_word' id='word_1_447' title='bbox 1625 4252 1810 4295; x_wconf 88' lang='lat' dir='ltr'><strong>natura</strong></span> <span class='ocrx_word' id='word_1_448' title='bbox 1852 4257 1949 4295; x_wconf 86' lang='lat' dir='ltr'><strong>sua</strong></span> <span class='ocrx_word' id='word_1_449' title='bbox 1987 4243 2251 4311; x_wconf 85' lang='lat' dir='ltr'><strong>nigrorem</strong></span> 
     </span>
    </p>
   </div>
   <div class='ocr_carea' id='block_1_62' title="bbox 723 4333 2252 4402">
    <p class='ocr_par' dir='ltr' id='par_1_62' title="bbox 723 4333 2252 4402">
     <span class='ocr_line' id='line_1_62' title="bbox 723 4333 2252 4402; baseline 0 -15"><span class='ocrx_word' id='word_1_450' title='bbox 723 4349 814 4387; x_wconf 78' lang='lat' dir='ltr'><strong>aer</strong></span> <span class='ocrx_word' id='word_1_451' title='bbox 835 4333 1142 4401; x_wconf 89' lang='lat' dir='ltr'><strong>adjunctum</strong></span> <span class='ocrx_word' id='word_1_452' title='bbox 1179 4334 1408 4399; x_wconf 86' lang='lat' dir='ltr'><strong>habeat;</strong></span> <span class='ocrx_word' id='word_1_453' title='bbox 1439 4334 1662 4387; x_wconf 90' lang='lat' dir='ltr'><strong>alterum</strong></span> <span class='ocrx_word' id='word_1_454' title='bbox 1711 4333 1813 4387; x_wconf 89' lang='lat' dir='ltr'><strong>hoc</strong></span> <span class='ocrx_word' id='word_1_455' title='bbox 1847 4333 2120 4402; x_wconf 88' lang='lat' dir='ltr'><strong>abyssum,</strong></span> <span class='ocrx_word' id='word_1_456' title='bbox 2151 4333 2252 4387; x_wconf 88' lang='lat' dir='ltr'><strong>hoc</strong></span> 
     </span>
    </p>
   </div>
   <div class='ocr_carea' id='block_1_63' title="bbox 721 4423 2250 4494">
    <p class='ocr_par' dir='ltr' id='par_1_63' title="bbox 721 4423 2250 4494">
     <span class='ocr_line' id='line_1_63' title="bbox 721 4423 2250 4494; baseline -0.001 -16"><span class='ocrx_word' id='word_1_457' title='bbox 721 4425 935 4480; x_wconf 83' lang='lat' dir='ltr'><strong>estsine</strong></span> <span class='ocrx_word' id='word_1_458' title='bbox 961 4423 1143 4484; x_wconf 79' lang='lat' dir='ltr'><strong>fundo,</strong></span> <span class='ocrx_word' id='word_1_459' title='bbox 1172 4425 1312 4492; x_wconf 91' lang='lat' dir='ltr'><strong>quod</strong></span> <span class='ocrx_word' id='word_1_460' title='bbox 1355 4425 1676 4479; x_wconf 90' lang='lat' dir='ltr'><strong>altissimum</strong></span> <span class='ocrx_word' id='word_1_461' title='bbox 1707 4426 1957 4494; x_wconf 87' lang='lat' dir='ltr'><strong>quiddam</strong></span> <span class='ocrx_word' id='word_1_462' title='bbox 2023 4440 2250 4478; x_wconf 82' lang='lat' dir='ltr'><strong>vacuum</strong></span> 
     </span>
    </p>
   </div>
   <div class='ocr_carea' id='block_1_64' title="bbox 722 4516 2252 4586">
    <p class='ocr_par' dir='ltr' id='par_1_64' title="bbox 722 4516 2252 4586">
     <span class='ocr_line' id='line_1_64' title="bbox 722 4516 2252 4586; baseline -0.001 -16"><span class='ocrx_word' id='word_1_463' title='bbox 722 4519 811 4578; x_wconf 88' lang='lat' dir='ltr'><strong>sit,</strong></span> <span class='ocrx_word' id='word_1_464' title='bbox 839 4527 996 4586; x_wconf 89' lang='lat' dir='ltr'><strong>atque</strong></span> <span class='ocrx_word' id='word_1_465' title='bbox 1013 4517 1398 4570; x_wconf 77' lang='lat' dir='ltr'><strong>vastissimum.</strong></span> <span class='ocrx_word' id='word_1_466' title='bbox 1418 4516 1551 4569; x_wconf 88' lang='lat' dir='ltr'><strong>Tum</strong></span> <span class='ocrx_word' id='word_1_467' title='bbox 1576 4533 1726 4586; x_wconf 76' lang='lat' dir='ltr'><strong>aquae</strong></span> <span class='ocrx_word' id='word_1_468' title='bbox 1744 4517 1990 4570; x_wconf 83' lang='lat' dir='ltr'><strong>similiter</strong></span> <span class='ocrx_word' id='word_1_469' title='bbox 2018 4532 2079 4570; x_wconf 92' lang='lat' dir='ltr'><strong>ac</strong></span> <span class='ocrx_word' id='word_1_470' title='bbox 2095 4517 2252 4585; x_wconf 90' lang='lat' dir='ltr'><strong>spiri-</strong></span> 
     </span>
    </p>
   </div>
   <div class='ocr_carea' id='block_1_65' title="bbox 724 4605 2250 4675">
    <p class='ocr_par' dir='ltr' id='par_1_65' title="bbox 724 4605 2250 4675">
     <span class='ocr_line' id='line_1_65' title="bbox 724 4605 2250 4675; baseline 0.001 -17"><span class='ocrx_word' id='word_1_471' title='bbox 724 4617 808 4661; x_wconf 89' lang='lat' dir='ltr'><strong>tus</strong></span> <span class='ocrx_word' id='word_1_472' title='bbox 833 4615 1097 4675; x_wconf 79' lang='lat' dir='ltr'><strong>expertem</strong></span> <span class='ocrx_word' id='word_1_473' title='bbox 1134 4605 1374 4671; x_wconf 86' lang='lat' dir='ltr'><strong>corporis</strong></span> <span class='ocrx_word' id='word_1_474' title='bbox 1422 4607 1772 4659; x_wconf 86' lang='lat' dir='ltr'><strong>substantiam</strong></span> <span class='ocrx_word' id='word_1_475' title='bbox 1801 4625 1812 4658; x_wconf 92' lang='lat'><strong>:</strong></span> <span class='ocrx_word' id='word_1_476' title='bbox 1863 4607 1998 4659; x_wconf 88' lang='lat' dir='ltr'><strong>lucis</strong></span> <span class='ocrx_word' id='word_1_477' title='bbox 2023 4607 2250 4675; x_wconf 88' lang='lat' dir='ltr'><strong>denique</strong></span> 
     </span>
    </p>
   </div>
   <div class='ocr_carea' id='block_1_66' title="bbox 2355 2164 3906 2234">
    <p class='ocr_par' dir='ltr' id='par_1_66' title="bbox 2355 2164 3906 2234">
     <span class='ocr_line' id='line_1_66' title="bbox 2355 2164 3906 2234; baseline -0.001 -17"><span class='ocrx_word' id='word_1_478' title='bbox 2355 2165 2484 2218; x_wconf 80' lang='grc' dir='ltr'>Θεοῦ</span> <span class='ocrx_word' id='word_1_479' title='bbox 2521 2165 2705 2230; x_wconf 82' lang='grc' dir='ltr'>Λόγος.</span> <span class='ocrx_word' id='word_1_480' title='bbox 2739 2166 2872 2234; x_wconf 80' lang='grc' dir='ltr'>Φησὶ</span> <span class='ocrx_word' id='word_1_481' title='bbox 2897 2165 2940 2215; x_wconf 78' lang='grc' dir='ltr'>δ’</span> <span class='ocrx_word' id='word_1_482' title='bbox 2993 2165 3066 2218; x_wconf 78' lang='grc' dir='ltr'>ὡς</span> <span class='ocrx_word' id='word_1_483' title='bbox 3115 2167 3175 2216; x_wconf 75' lang='grc' dir='ltr'>ἑν</span> <span class='ocrx_word' id='word_1_484' title='bbox 3231 2167 3367 2234; x_wconf 81' lang='grc' dir='ltr'>ἀρχῇ</span> <span class='ocrx_word' id='word_1_485' title='bbox 3427 2164 3680 2234; x_wconf 77' lang='grc' dir='ltr'>ἐποίησεν</span> <span class='ocrx_word' id='word_1_486' title='bbox 3723 2167 3752 2216; x_wconf 85' lang='grc' dir='ltr'><strong>ό</strong></span> <span class='ocrx_word' id='word_1_487' title='bbox 3782 2165 3906 2226; x_wconf 67' lang='grc' dir='ltr'>Θεὸς</span> 
     </span>
    </p>
   </div>
   <div class='ocr_carea' id='block_1_67' title="bbox 2356 2253 3905 2324">
    <p class='ocr_par' dir='ltr' id='par_1_67' title="bbox 2356 2253 3905 2324">
     <span class='ocr_line' id='line_1_67' title="bbox 2356 2253 3905 2324; baseline 0 -18"><span class='ocrx_word' id='word_1_488' title='bbox 2356 2257 2444 2306; x_wconf 78' lang='grc' dir='ltr'>τ’ὸν</span> <span class='ocrx_word' id='word_1_489' title='bbox 2472 2255 2692 2324; x_wconf 75' lang='grc' dir='ltr'>οὐρανὸν</span> <span class='ocrx_word' id='word_1_490' title='bbox 2749 2255 2840 2305; x_wconf 75' lang='grc' dir='ltr'><strong>καὶ</strong></span> <span class='ocrx_word' id='word_1_491' title='bbox 2881 2255 2973 2323; x_wconf 74' lang='grc' dir='ltr'><strong>τὴν</strong></span> <span class='ocrx_word' id='word_1_492' title='bbox 3005 2253 3106 2322; x_wconf 79' lang='grc' dir='ltr'>γῆν</span> <span class='ocrx_word' id='word_1_493' title='bbox 3131 2270 3142 2284; x_wconf 90' lang='grc'><strong>·</strong></span> <span class='ocrx_word' id='word_1_494' title='bbox 3201 2256 3298 2323; x_wconf 81' lang='grc' dir='ltr'><strong>τὴν</strong></span> <span class='ocrx_word' id='word_1_495' title='bbox 3342 2254 3511 2323; x_wconf 81' lang='grc' dir='ltr'>ἀρχὴν</span> <span class='ocrx_word' id='word_1_496' title='bbox 3549 2253 3905 2323; x_wconf 72' lang='grc' dir='ltr'>παραλαμὸἀο</span> 
     </span>
    </p>
   </div>
   <div class='ocr_carea' id='block_1_68' title="bbox 2356 2346 3904 2416">
    <p class='ocr_par' dir='ltr' id='par_1_68' title="bbox 2356 2346 3904 2416">
     <span class='ocr_line' id='line_1_68' title="bbox 2356 2346 3904 2416; baseline -0.001 -17"><span class='ocrx_word' id='word_1_497' title='bbox 2356 2365 2478 2408; x_wconf 83' lang='grc' dir='ltr'>νων,</span> <span class='ocrx_word' id='word_1_498' title='bbox 2509 2348 2624 2414; x_wconf 74' lang='grc' dir='ltr'>οὐχ,</span> <span class='ocrx_word' id='word_1_499' title='bbox 2654 2347 2726 2408; x_wconf 82' lang='grc' dir='ltr'>ὡς</span> <span class='ocrx_word' id='word_1_500' title='bbox 2751 2347 2944 2398; x_wconf 80' lang='grc' dir='ltr'>οἴονταί</span> <span class='ocrx_word' id='word_1_501' title='bbox 2988 2363 3147 2409; x_wconf 87' lang='grc' dir='ltr'>τινες,</span> <span class='ocrx_word' id='word_1_502' title='bbox 3175 2347 3272 2415; x_wconf 79' lang='grc' dir='ltr'>τὴν</span> <span class='ocrx_word' id='word_1_503' title='bbox 3307 2347 3444 2399; x_wconf 84' lang='grc' dir='ltr'><strong>κατά</strong></span> <span class='ocrx_word' id='word_1_504' title='bbox 3496 2346 3688 2415; x_wconf 83' lang='grc' dir='ltr'>χρόνον</span> <span class='ocrx_word' id='word_1_505' title='bbox 3709 2364 3720 2375; x_wconf 90' lang='grc'><strong>·</strong></span> <span class='ocrx_word' id='word_1_506' title='bbox 3783 2349 3904 2416; x_wconf 79' lang='grc' dir='ltr'>χρό-</span> 
     </span>
    </p>
   </div>
   <div class='ocr_carea' id='block_1_69' title="bbox 2355 2433 3904 2507">
    <p class='ocr_par' dir='ltr' id='par_1_69' title="bbox 2355 2433 3904 2507">
     <span class='ocr_line' id='line_1_69' title="bbox 2355 2433 3904 2507; baseline 0 -17"><span class='ocrx_word' id='word_1_507' title='bbox 2355 2456 2440 2500; x_wconf 86' lang='grc' dir='ltr'><strong>νος</strong></span> <span class='ocrx_word' id='word_1_508' title='bbox 2471 2439 2576 2507; x_wconf 86' lang='grc' dir='ltr'><strong>γάρ</strong></span> <span class='ocrx_word' id='word_1_509' title='bbox 2609 2439 2705 2488; x_wconf 76' lang='grc' dir='ltr'><strong>οὐκ</strong></span> <span class='ocrx_word' id='word_1_510' title='bbox 2737 2433 2802 2505; x_wconf 80' lang='grc' dir='ltr'>ἦν</span> <span class='ocrx_word' id='word_1_511' title='bbox 2833 2437 2935 2506; x_wconf 85' lang='grc' dir='ltr'><strong>πρὸ</strong></span> <span class='ocrx_word' id='word_1_512' title='bbox 2959 2438 3178 2505; x_wconf 87' lang='grc' dir='ltr'>κόσμου,</span> <span class='ocrx_word' id='word_1_513' title='bbox 3210 2437 3319 2488; x_wconf 81' lang='grc' dir='ltr'>ἀλλ’</span> <span class='ocrx_word' id='word_1_514' title='bbox 3351 2437 3382 2505; x_wconf 79' lang='grc' dir='ltr'>ἢ</span> <span class='ocrx_word' id='word_1_515' title='bbox 3423 2437 3516 2489; x_wconf 80' lang='grc' dir='ltr'><strong>σὺν</strong></span> <span class='ocrx_word' id='word_1_516' title='bbox 3564 2437 3714 2506; x_wconf 75' lang='grc' dir='ltr'>αὐτῷ</span> <span class='ocrx_word' id='word_1_517' title='bbox 3751 2438 3904 2504; x_wconf 84' lang='grc' dir='ltr'>γέγο-</span> 
     </span>
    </p>
   </div>
   <div class='ocr_carea' id='block_1_70' title="bbox 2354 2526 3906 2596">
    <p class='ocr_par' dir='ltr' id='par_1_70' title="bbox 2354 2526 3906 2596">
     <span class='ocr_line' id='line_1_70' title="bbox 2354 2526 3906 2596; baseline 0.001 -18"><span class='ocrx_word' id='word_1_518' title='bbox 2354 2544 2460 2587; x_wconf 90' lang='grc' dir='ltr'>νεν,</span> <span class='ocrx_word' id='word_1_519' title='bbox 2493 2527 2524 2596; x_wconf 84' lang='grc' dir='ltr'>ἢ</span> <span class='ocrx_word' id='word_1_520' title='bbox 2562 2526 2675 2594; x_wconf 89' lang='grc' dir='ltr'>μετ’</span> <span class='ocrx_word' id='word_1_521' title='bbox 2709 2526 2897 2578; x_wconf 79' lang='grc' dir='ltr'>αὐτόν·</span> <span class='ocrx_word' id='word_1_522' title='bbox 2931 2527 3048 2577; x_wconf 74' lang='grc' dir='ltr'>ἐπεὶ</span> <span class='ocrx_word' id='word_1_523' title='bbox 3086 2526 3192 2596; x_wconf 72' lang='grc' dir='ltr'><strong>γὰρ</strong></span> <span class='ocrx_word' id='word_1_524' title='bbox 3240 2526 3508 2594; x_wconf 77' lang='grc' dir='ltr'>διάστημα</span> <span class='ocrx_word' id='word_1_525' title='bbox 3550 2527 3650 2595; x_wconf 76' lang='grc' dir='ltr'><strong>τῆς</strong></span> <span class='ocrx_word' id='word_1_526' title='bbox 3686 2527 3781 2579; x_wconf 88' lang='grc' dir='ltr'><strong>τοῦ</strong></span> <span class='ocrx_word' id='word_1_527' title='bbox 3822 2530 3906 2580; x_wconf 79' lang='grc' dir='ltr'>κό-</span> 
     </span>
    </p>
   </div>
   <div class='ocr_carea' id='block_1_71' title="bbox 2356 2615 3903 2688">
    <p class='ocr_par' dir='ltr' id='par_1_71' title="bbox 2356 2615 3903 2688">
     <span class='ocr_line' id='line_1_71' title="bbox 2356 2615 3903 2688; baseline 0.002 -19"><span class='ocrx_word' id='word_1_528' title='bbox 2356 2635 2491 2688; x_wconf 89' lang='grc' dir='ltr'>σμου</span> <span class='ocrx_word' id='word_1_529' title='bbox 2520 2617 2628 2687; x_wconf 78' lang='grc'>(51)</span> <span class='ocrx_word' id='word_1_530' title='bbox 2666 2615 2921 2686; x_wconf 81' lang='grc' dir='ltr'>κινήσεώς</span> <span class='ocrx_word' id='word_1_531' title='bbox 2961 2618 3102 2668; x_wconf 76' lang='grc' dir='ltr'>ἐστιν</span> <span class='ocrx_word' id='word_1_532' title='bbox 3135 2617 3368 2686; x_wconf 73' lang='grc' dir='ltr'>όχρόνος</span> <span class='ocrx_word' id='word_1_533' title='bbox 3389 2656 3402 2678; x_wconf 91' lang='grc'><strong>,</strong></span> <span class='ocrx_word' id='word_1_534' title='bbox 3434 2618 3699 2687; x_wconf 83' lang='grc' dir='ltr'>πρότερον</span> <span class='ocrx_word' id='word_1_535' title='bbox 3730 2619 3788 2671; x_wconf 77' lang='grc' dir='ltr'>δὲ</span> <span class='ocrx_word' id='word_1_536' title='bbox 3818 2621 3903 2672; x_wconf 84' lang='grc' dir='ltr'><strong>τοῦ</strong></span> 
     </span>
    </p>
   </div>
   <div class='ocr_carea' id='block_1_72' title="bbox 2355 2708 3903 2779">
    <p class='ocr_par' dir='ltr' id='par_1_72' title="bbox 2355 2708 3903 2779">
     <span class='ocr_line' id='line_1_72' title="bbox 2355 2708 3903 2779; baseline -0.002 -18"><span class='ocrx_word' id='word_1_537' title='bbox 2355 2709 2667 2776; x_wconf 82' lang='grc' dir='ltr'>κινουμένου</span> <span class='ocrx_word' id='word_1_538' title='bbox 2698 2709 2904 2777; x_wconf 83' lang='grc' dir='ltr'>κίνησις</span> <span class='ocrx_word' id='word_1_539' title='bbox 2926 2709 3021 2760; x_wconf 79' lang='grc' dir='ltr'><strong>οῦκ</strong></span> <span class='ocrx_word' id='word_1_540' title='bbox 3046 2708 3108 2760; x_wconf 81' lang='grc' dir='ltr'>ἂν</span> <span class='ocrx_word' id='word_1_541' title='bbox 3131 2709 3356 2775; x_wconf 82' lang='grc' dir='ltr'>γένοιτο,</span> <span class='ocrx_word' id='word_1_542' title='bbox 3392 2708 3503 2761; x_wconf 81' lang='grc' dir='ltr'>ἀλλ’</span> <span class='ocrx_word' id='word_1_543' title='bbox 3607 2711 3903 2777; x_wconf 79' lang='grc' dir='ltr'>ἀναγκαῖον</span> 
     </span>
    </p>
   </div>
   <div class='ocr_carea' id='block_1_73' title="bbox 2353 2796 3904 2874">
    <p class='ocr_par' dir='ltr' id='par_1_73' title="bbox 2353 2796 3904 2874">
     <span class='ocr_line' id='line_1_73' title="bbox 2353 2796 3904 2874; baseline 0.001 -22"><span class='ocrx_word' id='word_1_544' title='bbox 2353 2799 2518 2868; x_wconf 79' lang='grc' dir='ltr'>αὐτὴν</span> <span class='ocrx_word' id='word_1_545' title='bbox 2541 2796 2778 2868; x_wconf 70' lang='grc' dir='ltr'>ὕστερον,</span> <span class='ocrx_word' id='word_1_546' title='bbox 2823 2799 2855 2868; x_wconf 80' lang='grc' dir='ltr'><strong>ἢ</strong></span> <span class='ocrx_word' id='word_1_547' title='bbox 2887 2799 2998 2867; x_wconf 76' lang='grc' dir='ltr'><strong>ἅμα</strong></span> <span class='ocrx_word' id='word_1_548' title='bbox 3038 2799 3412 2852; x_wconf 75' lang='grc' dir='ltr'>συνίστασθαι·</span> <span class='ocrx_word' id='word_1_549' title='bbox 3464 2801 3760 2867; x_wconf 82' lang='grc' dir='ltr'>ἀναγκαῖον</span> <span class='ocrx_word' id='word_1_550' title='bbox 3805 2803 3904 2874; x_wconf 81' lang='grc' dir='ltr'><strong>ἀρα</strong></span> 
     </span>
    </p>
   </div>
   <div class='ocr_carea' id='block_1_74' title="bbox 2354 2887 3900 2959">
    <p class='ocr_par' dir='ltr' id='par_1_74' title="bbox 2354 2887 3900 2959">
     <span class='ocr_line' id='line_1_74' title="bbox 2354 2887 3900 2959; baseline 0.001 -19"><span class='ocrx_word' id='word_1_551' title='bbox 2354 2889 2445 2940; x_wconf 78' lang='grc' dir='ltr'><strong>καὶ</strong></span> <span class='ocrx_word' id='word_1_552' title='bbox 2477 2887 2565 2939; x_wconf 84' lang='grc' dir='ltr'>τὸν</span> <span class='ocrx_word' id='word_1_553' title='bbox 2598 2888 2780 2957; x_wconf 84' lang='grc' dir='ltr'>χρόνον</span> <span class='ocrx_word' id='word_1_554' title='bbox 2808 2887 2839 2956; x_wconf 82' lang='grc' dir='ltr'>ἢ</span> <span class='ocrx_word' id='word_1_555' title='bbox 2877 2887 3088 2955; x_wconf 79' lang='grc' dir='ltr'>ἰσήλικα</span> <span class='ocrx_word' id='word_1_556' title='bbox 3133 2887 3334 2955; x_wconf 83' lang='grc' dir='ltr'>κόσμου</span> <span class='ocrx_word' id='word_1_557' title='bbox 3361 2890 3638 2956; x_wconf 86' lang='grc' dir='ltr'>γεγονέναι</span> <span class='ocrx_word' id='word_1_558' title='bbox 3659 2930 3672 2953; x_wconf 86' lang='grc'><strong>,</strong></span> <span class='ocrx_word' id='word_1_559' title='bbox 3711 2891 3741 2959; x_wconf 81' lang='grc' dir='ltr'><strong>ἣ</strong></span> <span class='ocrx_word' id='word_1_560' title='bbox 3778 2894 3900 2943; x_wconf 76' lang='grc' dir='ltr'>νεώ-</span> 
     </span>
    </p>
   </div>
   <div class='ocr_carea' id='block_1_75' title="bbox 2353 2977 3899 3051">
    <p class='ocr_par' dir='ltr' id='par_1_75' title="bbox 2353 2977 3899 3051">
     <span class='ocr_line' id='line_1_75' title="bbox 2353 2977 3899 3051; baseline 0.002 -21"><span class='ocrx_word' id='word_1_561' title='bbox 2353 2996 2502 3048; x_wconf 88' lang='grc' dir='ltr'>τερον</span> <span class='ocrx_word' id='word_1_562' title='bbox 2528 2980 2762 3030; x_wconf 77' lang='grc' dir='ltr'>ἐκείνου·</span> <span class='ocrx_word' id='word_1_563' title='bbox 2791 2977 3148 3046; x_wconf 76' lang='grc' dir='ltr'>πρεσϐύτερον</span> <span class='ocrx_word' id='word_1_564' title='bbox 3179 2978 3234 3029; x_wconf 84' lang='grc' dir='ltr'><strong>δὲ</strong></span> <span class='ocrx_word' id='word_1_565' title='bbox 3263 2980 3659 3046; x_wconf 80' lang='grc' dir='ltr'>ἀποφαίνεσθαι</span> <span class='ocrx_word' id='word_1_566' title='bbox 3697 2982 3899 3051; x_wconf 70' lang='grc' dir='ltr'>τολμᾷι</span> 
     </span>
    </p>
   </div>
   <div class='ocr_carea' id='block_1_76' title="bbox 2352 3068 3900 3139">
    <p class='ocr_par' dir='ltr' id='par_1_76' title="bbox 2352 3068 3900 3139">
     <span class='ocr_line' id='line_1_76' title="bbox 2352 3068 3900 3139; baseline 0.001 -19"><span class='ocrx_word' id='word_1_567' title='bbox 2352 3069 2670 3137; x_wconf 71' lang='grc' dir='ltr'>ἀφιλόσοφον</span> <span class='ocrx_word' id='word_1_568' title='bbox 2717 3069 2847 3137; x_wconf 72' lang='grc'>(52).</span> <span class='ocrx_word' id='word_1_569' title='bbox 2899 3069 2960 3120; x_wconf 77' lang='lat' dir='ltr'><strong>Ei</strong></span> <span class='ocrx_word' id='word_1_570' title='bbox 2991 3068 3034 3119; x_wconf 87' lang='grc' dir='ltr'>δ’</span> <span class='ocrx_word' id='word_1_571' title='bbox 3082 3068 3220 3138; x_wconf 77' lang='grc' dir='ltr'>ἀρχὴ</span> <span class='ocrx_word' id='word_1_572' title='bbox 3277 3069 3350 3138; x_wconf 84' lang='grc' dir='ltr'>μὴ</span> <span class='ocrx_word' id='word_1_573' title='bbox 3415 3069 3900 3139; x_wconf 67' lang='grc' dir='ltr'>παραλαμϐάνεται</span> 
     </span>
    </p>
   </div>
   <div class='ocr_carea' id='block_1_77' title="bbox 2351 3157 3900 3230">
    <p class='ocr_par' dir='ltr' id='par_1_77' title="bbox 2351 3157 3900 3230">
     <span class='ocr_line' id='line_1_77' title="bbox 2351 3157 3900 3230; baseline 0.001 -22"><span class='ocrx_word' id='word_1_574' title='bbox 2351 3158 2574 3228; x_wconf 82' lang='grc' dir='ltr'>τανῦνή</span> <span class='ocrx_word' id='word_1_575' title='bbox 2626 3158 2763 3211; x_wconf 84' lang='grc' dir='ltr'><strong>κατά</strong></span> <span class='ocrx_word' id='word_1_576' title='bbox 2790 3157 2995 3227; x_wconf 86' lang='grc' dir='ltr'>χρόνον,</span> <span class='ocrx_word' id='word_1_577' title='bbox 3043 3157 3184 3218; x_wconf 77' lang='grc' dir='ltr'>είκὸς</span> <span class='ocrx_word' id='word_1_578' title='bbox 3214 3157 3276 3208; x_wconf 81' lang='grc' dir='ltr'><strong>ἀν</strong></span> <span class='ocrx_word' id='word_1_579' title='bbox 3329 3159 3410 3226; x_wconf 82' lang='grc' dir='ltr'><strong>εἴη</strong></span> <span class='ocrx_word' id='word_1_580' title='bbox 3450 3159 3748 3228; x_wconf 75' lang='grc' dir='ltr'>μηνόεσθαι</span> <span class='ocrx_word' id='word_1_581' title='bbox 3806 3163 3900 3230; x_wconf 71' lang='grc' dir='ltr'><strong>τὴν</strong></span> 
     </span>
    </p>
   </div>
   <div class='ocr_carea' id='block_1_78' title="bbox 2351 3247 3902 3317">
    <p class='ocr_par' dir='ltr' id='par_1_78' title="bbox 2351 3247 3902 3317">
     <span class='ocr_line' id='line_1_78' title="bbox 2351 3247 3902 3317; baseline 0.001 -16"><span class='ocrx_word' id='word_1_582' title='bbox 2351 3251 2466 3302; x_wconf 87' lang='grc' dir='ltr'>κατ’</span> <span class='ocrx_word' id='word_1_583' title='bbox 2490 3248 2736 3317; x_wconf 83' lang='grc' dir='ltr'>ἀριθμὸν,</span> <span class='ocrx_word' id='word_1_584' title='bbox 2771 3249 2844 3310; x_wconf 85' lang='grc' dir='ltr'>ὡς</span> <span class='ocrx_word' id='word_1_585' title='bbox 2865 3248 2923 3300; x_wconf 84' lang='grc' dir='ltr'>τὸ</span> <span class='ocrx_word' id='word_1_586' title='bbox 2960 3267 2977 3297; x_wconf 73' lang='grc' dir='ltr'><strong>ι</strong></span> <span class='ocrx_word' id='word_1_587' title='bbox 3019 3249 3102 3299; x_wconf 84' lang='grc' dir='ltr'>Ἐν</span> <span class='ocrx_word' id='word_1_588' title='bbox 3128 3249 3266 3317; x_wconf 77' lang='grc' dir='ltr'>ἀρχῇ</span> <span class='ocrx_word' id='word_1_589' title='bbox 3297 3249 3545 3317; x_wconf 79' lang='grc' dir='ltr'>ἐποίησεν</span> <span class='ocrx_word' id='word_1_590' title='bbox 3578 3269 3595 3300; x_wconf 76' lang='grc' dir='ltr'><strong><em>ι</em></strong></span> <span class='ocrx_word' id='word_1_591' title='bbox 3628 3252 3740 3302; x_wconf 73' lang='grc' dir='ltr'>ἴσον</span> <span class='ocrx_word' id='word_1_592' title='bbox 3767 3247 3902 3304; x_wconf 79' lang='grc' dir='ltr'>εἶναι</span> 
     </span>
    </p>
   </div>
   <div class='ocr_carea' id='block_1_79' title="bbox 2350 3335 3897 3410">
    <p class='ocr_par' dir='ltr' id='par_1_79' title="bbox 2350 3335 3897 3410">
     <span class='ocr_line' id='line_1_79' title="bbox 2350 3335 3897 3410; baseline 0.002 -19"><span class='ocrx_word' id='word_1_593' title='bbox 2350 3339 2446 3408; x_wconf 82' lang='grc' dir='ltr'><strong>τῷ,</strong></span> <span class='ocrx_word' id='word_1_594' title='bbox 2507 3338 2722 3409; x_wconf 85' lang='grc' dir='ltr'>Πρῶτον</span> <span class='ocrx_word' id='word_1_595' title='bbox 2756 3339 2973 3408; x_wconf 83' lang='grc' dir='ltr'>ὲποίησε</span> <span class='ocrx_word' id='word_1_596' title='bbox 3006 3339 3093 3389; x_wconf 82' lang='grc' dir='ltr'><strong>τὸν</strong></span> <span class='ocrx_word' id='word_1_597' title='bbox 3124 3339 3367 3407; x_wconf 79' lang='grc' dir='ltr'>οὐρανόν.</span> <span class='ocrx_word' id='word_1_598' title='bbox 3413 3335 3524 3391; x_wconf 81' lang='grc' dir='ltr'><strong>Εἶθ’</strong></span> <span class='ocrx_word' id='word_1_599' title='bbox 3559 3339 3684 3410; x_wconf 75' lang='grc' dir='ltr'>ἑξῆς</span> <span class='ocrx_word' id='word_1_600' title='bbox 3732 3343 3897 3410; x_wconf 80' lang='grc' dir='ltr'>λέγει·</span> 
     </span>
    </p>
   </div>
   <div class='ocr_carea' id='block_1_80' title="bbox 2353 3426 3898 3502">
    <p class='ocr_par' dir='ltr' id='par_1_80' title="bbox 2353 3426 3898 3502">
     <span class='ocr_line' id='line_1_80' title="bbox 2353 3426 3898 3502; baseline 0.003 -20"><span class='ocrx_word' id='word_1_601' title='bbox 2353 3431 2570 3499; x_wconf 80' lang='grc' dir='ltr'>Πρῶτον</span> <span class='ocrx_word' id='word_1_602' title='bbox 2592 3426 2681 3482; x_wconf 77' lang='grc' dir='ltr'><strong>οὗν</strong></span> <span class='ocrx_word' id='word_1_603' title='bbox 2715 3430 2870 3496; x_wconf 81' lang='grc' dir='ltr'>(55)ό</span> <span class='ocrx_word' id='word_1_604' title='bbox 2904 3429 3068 3481; x_wconf 84' lang='grc' dir='ltr'>ποιῶν</span> <span class='ocrx_word' id='word_1_605' title='bbox 3109 3430 3277 3482; x_wconf 75' lang='grc' dir='ltr'>ἐποίει</span> <span class='ocrx_word' id='word_1_606' title='bbox 3317 3431 3541 3499; x_wconf 75' lang='grc' dir='ltr'>οὐρανὸν</span> <span class='ocrx_word' id='word_1_607' title='bbox 3587 3432 3898 3502; x_wconf 77' lang='grc' dir='ltr'>ἀσώματον,</span> 
     </span>
    </p>
   </div>
   <div class='ocr_carea' id='block_1_81' title="bbox 2351 3519 3900 3591">
    <p class='ocr_par' dir='ltr' id='par_1_81' title="bbox 2351 3519 3900 3591">
     <span class='ocr_line' id='line_1_81' title="bbox 2351 3519 3900 3591; baseline 0 -17"><span class='ocrx_word' id='word_1_608' title='bbox 2351 3524 2444 3575; x_wconf 73' lang='grc' dir='ltr'><strong>καὶ</strong></span> <span class='ocrx_word' id='word_1_609' title='bbox 2480 3543 2496 3573; x_wconf 80' lang='lat' dir='ltr'><strong>t</strong></span> <span class='ocrx_word' id='word_1_610' title='bbox 2529 3523 2630 3590; x_wconf 83' lang='grc' dir='ltr'>γῆν</span> <span class='ocrx_word' id='word_1_611' title='bbox 2658 3523 2900 3591; x_wconf 89' lang='grc' dir='ltr'>ἀόρατον,</span> <span class='ocrx_word' id='word_1_612' title='bbox 2934 3541 2952 3571; x_wconf 72' lang='grc' dir='ltr'><strong>ι</strong></span> <span class='ocrx_word' id='word_1_613' title='bbox 2986 3521 3076 3573; x_wconf 72' lang='grc' dir='ltr'><strong>καὶ</strong></span> <span class='ocrx_word' id='word_1_614' title='bbox 3108 3521 3266 3591; x_wconf 82' lang='grc' dir='ltr'>ἀέρος</span> <span class='ocrx_word' id='word_1_615' title='bbox 3313 3523 3450 3574; x_wconf 72' lang='grc' dir='ltr'>ἰδέαν</span> <span class='ocrx_word' id='word_1_616' title='bbox 3477 3524 3567 3574; x_wconf 69' lang='grc' dir='ltr'><strong>καὶ</strong></span> <span class='ocrx_word' id='word_1_617' title='bbox 3596 3525 3755 3576; x_wconf 85' lang='grc' dir='ltr'>κενοῦ</span> <span class='ocrx_word' id='word_1_618' title='bbox 3780 3542 3793 3553; x_wconf 86' lang='grc'><strong>·</strong></span> <span class='ocrx_word' id='word_1_619' title='bbox 3826 3519 3900 3578; x_wconf 78' lang='grc' dir='ltr'>ὧν</span> 
     </span>
    </p>
   </div>
   <div class='ocr_carea' id='block_1_82' title="bbox 2349 3613 3896 3685">
    <p class='ocr_par' dir='ltr' id='par_1_82' title="bbox 2349 3613 3896 3685">
     <span class='ocr_line' id='line_1_82' title="bbox 2349 3613 3896 3685; baseline 0 -19"><span class='ocrx_word' id='word_1_620' title='bbox 2349 3616 2408 3666; x_wconf 82' lang='grc' dir='ltr'><strong>τὸ</strong></span> <span class='ocrx_word' id='word_1_621' title='bbox 2444 3615 2538 3683; x_wconf 79' lang='grc' dir='ltr'><strong>μὲν</strong></span> <span class='ocrx_word' id='word_1_622' title='bbox 2576 3616 2875 3682; x_wconf 80' lang='grc' dir='ltr'>ὲπεφήμισε</span> <span class='ocrx_word' id='word_1_623' title='bbox 2932 3613 3135 3674; x_wconf 79' lang='grc' dir='ltr'>σκότος,</span> <span class='ocrx_word' id='word_1_624' title='bbox 3180 3613 3362 3683; x_wconf 78' lang='grc' dir='ltr'>ἐπειδὴ</span> <span class='ocrx_word' id='word_1_625' title='bbox 3415 3613 3578 3683; x_wconf 82' lang='grc' dir='ltr'>μέλας</span> <span class='ocrx_word' id='word_1_626' title='bbox 3607 3615 3637 3664; x_wconf 83' lang='grc' dir='ltr'><strong>ό</strong></span> <span class='ocrx_word' id='word_1_627' title='bbox 3681 3615 3791 3685; x_wconf 73' lang='grc' dir='ltr'>ἀὴρ</span> <span class='ocrx_word' id='word_1_628' title='bbox 3837 3621 3896 3684; x_wconf 79' lang='grc' dir='ltr'>τῇ</span> 
     </span>
    </p>
   </div>
   <div class='ocr_carea' id='block_1_83' title="bbox 2353 3703 3901 3775">
    <p class='ocr_par' dir='ltr' id='par_1_83' title="bbox 2353 3703 3901 3775">
     <span class='ocr_line' id='line_1_83' title="bbox 2353 3703 3901 3775; baseline 0 -18"><span class='ocrx_word' id='word_1_629' title='bbox 2353 3706 2544 3772; x_wconf 81' lang='grc' dir='ltr'>φύσει·</span> <span class='ocrx_word' id='word_1_630' title='bbox 2577 3706 2673 3774; x_wconf 81' lang='grc' dir='ltr'><strong>τὴν</strong></span> <span class='ocrx_word' id='word_1_631' title='bbox 2699 3705 2753 3756; x_wconf 85' lang='grc' dir='ltr'>δὲ</span> <span class='ocrx_word' id='word_1_632' title='bbox 2792 3704 3052 3756; x_wconf 70' lang='grc' dir='ltr'>ἄϐυσσον·</span> <span class='ocrx_word' id='word_1_633' title='bbox 3083 3703 3377 3758; x_wconf 81' lang='grc' dir='ltr'>πολύϐυθον</span> <span class='ocrx_word' id='word_1_634' title='bbox 3419 3705 3526 3775; x_wconf 77' lang='grc' dir='ltr'>γὰρ</span> <span class='ocrx_word' id='word_1_635' title='bbox 3568 3706 3627 3757; x_wconf 86' lang='grc' dir='ltr'><strong>τό</strong></span> <span class='ocrx_word' id='word_1_636' title='bbox 3673 3722 3736 3772; x_wconf 86' lang='grc' dir='ltr'><strong>γε</strong></span> <span class='ocrx_word' id='word_1_637' title='bbox 3783 3725 3901 3758; x_wconf 56' lang='grc' dir='ltr'>και-</span> 
     </span>
    </p>
   </div>
   <div class='ocr_carea' id='block_1_84' title="bbox 2351 3791 3898 3865">
    <p class='ocr_par' dir='ltr' id='par_1_84' title="bbox 2351 3791 3898 3865">
     <span class='ocr_line' id='line_1_84' title="bbox 2351 3791 3898 3865; baseline 0.001 -18"><span class='ocrx_word' id='word_1_638' title='bbox 2351 3795 2436 3847; x_wconf 74' lang='grc' dir='ltr'><strong>νον</strong></span> <span class='ocrx_word' id='word_1_639' title='bbox 2493 3794 2597 3862; x_wconf 69' lang='grc'>(54)</span> <span class='ocrx_word' id='word_1_640' title='bbox 2642 3797 2733 3846; x_wconf 79' lang='grc' dir='ltr'><strong>καὶ</strong></span> <span class='ocrx_word' id='word_1_641' title='bbox 2763 3795 2956 3862; x_wconf 84' lang='grc' dir='ltr'>ἀχανές</span> <span class='ocrx_word' id='word_1_642' title='bbox 2975 3812 2988 3824; x_wconf 88' lang='grc'><strong>·</strong></span> <span class='ocrx_word' id='word_1_643' title='bbox 3017 3791 3112 3846; x_wconf 79' lang='grc' dir='ltr'>εἷθ’</span> <span class='ocrx_word' id='word_1_644' title='bbox 3142 3795 3347 3858; x_wconf 78' lang='grc' dir='ltr'>ὓδατος</span> <span class='ocrx_word' id='word_1_645' title='bbox 3377 3795 3666 3865; x_wconf 82' lang='grc' dir='ltr'>ἀσώματον</span> <span class='ocrx_word' id='word_1_646' title='bbox 3718 3799 3898 3850; x_wconf 70' lang='grc' dir='ltr'>ῦῦσίαν</span> 
     </span>
    </p>
   </div>
   <div class='ocr_carea' id='block_1_85' title="bbox 2352 3882 3899 3951">
    <p class='ocr_par' dir='ltr' id='par_1_85' title="bbox 2352 3882 3899 3951">
     <span class='ocr_line' id='line_1_85' title="bbox 2352 3882 3899 3951; baseline 0.001 -17"><span class='ocrx_word' id='word_1_647' title='bbox 2352 3883 2442 3934; x_wconf 75' lang='grc' dir='ltr'><strong>καὶ</strong></span> <span class='ocrx_word' id='word_1_648' title='bbox 2476 3882 2806 3950; x_wconf 80' lang='grc' dir='ltr'>πνεύματος·</span> <span class='ocrx_word' id='word_1_649' title='bbox 2827 3882 2918 3935; x_wconf 83' lang='grc' dir='ltr'>καὶ</span> <span class='ocrx_word' id='word_1_650' title='bbox 2962 3883 3053 3934; x_wconf 73' lang='grc' dir='ltr'>ὲπὶ</span> <span class='ocrx_word' id='word_1_651' title='bbox 3081 3885 3242 3933; x_wconf 76' lang='grc' dir='ltr'>πᾶσιν</span> <span class='ocrx_word' id='word_1_652' title='bbox 3264 3882 3488 3951; x_wconf 75' lang='grc' dir='ltr'>ἑϐδόμου</span> <span class='ocrx_word' id='word_1_653' title='bbox 3517 3883 3714 3950; x_wconf 72' lang='grc' dir='ltr'>φωτὸς,</span> <span class='ocrx_word' id='word_1_654' title='bbox 3745 3884 3774 3934; x_wconf 78' lang='grc' dir='ltr'>ὃ</span> <span class='ocrx_word' id='word_1_655' title='bbox 3799 3886 3899 3935; x_wconf 75' lang='grc' dir='ltr'>πά-</span> 
     </span>
    </p>
   </div>
   <div class='ocr_carea' id='block_1_86' title="bbox 2351 3971 3899 4042">
    <p class='ocr_par' dir='ltr' id='par_1_86' title="bbox 2351 3971 3899 4042">
     <span class='ocr_line' id='line_1_86' title="bbox 2351 3971 3899 4042; baseline 0 -17"><span class='ocrx_word' id='word_1_656' title='bbox 2351 3975 2430 4026; x_wconf 88' lang='grc' dir='ltr'><strong>λιν</strong></span> <span class='ocrx_word' id='word_1_657' title='bbox 2463 3973 2743 4042; x_wconf 77' lang='grc' dir='ltr'>ἀσώματον</span> <span class='ocrx_word' id='word_1_658' title='bbox 2771 3971 2856 4042; x_wconf 80' lang='grc' dir='ltr'>ἦν,</span> <span class='ocrx_word' id='word_1_659' title='bbox 2887 3974 2980 4026; x_wconf 69' lang='grc' dir='ltr'>καὶ</span> <span class='ocrx_word' id='word_1_660' title='bbox 3007 3973 3190 4042; x_wconf 78' lang='grc' dir='ltr'>νοητὸν</span> <span class='ocrx_word' id='word_1_661' title='bbox 3222 3973 3369 4042; x_wconf 80' lang='grc' dir='ltr'>ἡλίου</span> <span class='ocrx_word' id='word_1_662' title='bbox 3401 3973 3774 4041; x_wconf 80' lang='grc' dir='ltr'>παράδειγμα.</span> <span class='ocrx_word' id='word_1_663' title='bbox 3813 3976 3899 4025; x_wconf 73' lang='grc' dir='ltr'><strong>καὶ</strong></span> 
     </span>
    </p>
   </div>
   <div class='ocr_carea' id='block_1_87' title="bbox 2352 4061 3995 4131">
    <p class='ocr_par' dir='ltr' id='par_1_87' title="bbox 2352 4061 3995 4131">
     <span class='ocr_line' id='line_1_87' title="bbox 2352 4061 3995 4131; baseline -0.001 -18"><span class='ocrx_word' id='word_1_664' title='bbox 2352 4062 2524 4113; x_wconf 77' lang='grc' dir='ltr'>πάντα</span> <span class='ocrx_word' id='word_1_665' title='bbox 2558 4062 2686 4129; x_wconf 88' lang='grc'>(55),</span> <span class='ocrx_word' id='word_1_666' title='bbox 2728 4061 2824 4111; x_wconf 84' lang='grc' dir='ltr'><strong>ὅσα</strong></span> <span class='ocrx_word' id='word_1_667' title='bbox 2870 4061 3126 4131; x_wconf 85' lang='grc' dir='ltr'>φωσφόρα</span> <span class='ocrx_word' id='word_1_668' title='bbox 3160 4061 3330 4131; x_wconf 77' lang='grc' dir='ltr'>ἄστρα</span> <span class='ocrx_word' id='word_1_669' title='bbox 3363 4061 3498 4112; x_wconf 86' lang='grc' dir='ltr'><strong>κατά</strong></span> <span class='ocrx_word' id='word_1_670' title='bbox 3555 4062 3642 4112; x_wconf 81' lang='grc' dir='ltr'><strong>τόν</strong></span> <span class='ocrx_word' id='word_1_671' title='bbox 3676 4064 3899 4131; x_wconf 71' lang='grc' dir='ltr'>οὐρανόν</span> <span class='ocrx_word' id='word_1_672' title='bbox 3994 4087 3995 4097; x_wconf 61' lang='grc' dir='ltr'><strong>ι</strong></span> 
     </span>
    </p>
   </div>
   <div class='ocr_carea' id='block_1_88' title="bbox 2351 4148 3897 4222">
    <p class='ocr_par' dir='ltr' id='par_1_88' title="bbox 2351 4148 3897 4222">
     <span class='ocr_line' id='line_1_88' title="bbox 2351 4148 3897 4222; baseline -0.001 -18"><span class='ocrx_word' id='word_1_673' title='bbox 2351 4152 2537 4222; x_wconf 74' lang='grc' dir='ltr'>ἔμελλε</span> <span class='ocrx_word' id='word_1_674' title='bbox 2580 4148 2942 4202; x_wconf 84' lang='grc' dir='ltr'>συνίστασθαι.</span> <span class='ocrx_word' id='word_1_675' title='bbox 2965 4151 3262 4220; x_wconf 85' lang='grc' dir='ltr'>Προνομίας</span> <span class='ocrx_word' id='word_1_676' title='bbox 3291 4151 3344 4203; x_wconf 82' lang='grc' dir='ltr'>δὲ</span> <span class='ocrx_word' id='word_1_677' title='bbox 3377 4151 3436 4202; x_wconf 92' lang='grc' dir='ltr'><strong>τό</strong></span> <span class='ocrx_word' id='word_1_678' title='bbox 3463 4169 3519 4202; x_wconf 89' lang='grc' dir='ltr'><strong>τε</strong></span> <span class='ocrx_word' id='word_1_679' title='bbox 3557 4151 3777 4220; x_wconf 83' lang='grc' dir='ltr'>πνεῦμα</span> <span class='ocrx_word' id='word_1_680' title='bbox 3811 4153 3897 4202; x_wconf 71' lang='grc' dir='ltr'><strong>καὶ</strong></span> 
     </span>
    </p>
   </div>
   <div class='ocr_carea' id='block_1_89' title="bbox 2350 4238 3898 4310">
    <p class='ocr_par' dir='ltr' id='par_1_89' title="bbox 2350 4238 3898 4310">
     <span class='ocr_line' id='line_1_89' title="bbox 2350 4238 3898 4310; baseline -0.003 -17"><span class='ocrx_word' id='word_1_681' title='bbox 2350 4243 2408 4293; x_wconf 76' lang='grc' dir='ltr'>τὸ</span> <span class='ocrx_word' id='word_1_682' title='bbox 2436 4241 2545 4308; x_wconf 79' lang='grc' dir='ltr'>φῶς</span> <span class='ocrx_word' id='word_1_683' title='bbox 2569 4239 2779 4310; x_wconf 71' lang='grc' dir='ltr'>ἠξιοῦτο</span> <span class='ocrx_word' id='word_1_684' title='bbox 2797 4256 2808 4268; x_wconf 92' lang='grc'><strong>·</strong></span> <span class='ocrx_word' id='word_1_685' title='bbox 2837 4238 2897 4290; x_wconf 79' lang='grc' dir='ltr'>τὸ</span> <span class='ocrx_word' id='word_1_686' title='bbox 2930 4241 3025 4306; x_wconf 80' lang='grc' dir='ltr'>μὲν</span> <span class='ocrx_word' id='word_1_687' title='bbox 3044 4239 3148 4308; x_wconf 79' lang='grc' dir='ltr'>γὰρ</span> <span class='ocrx_word' id='word_1_688' title='bbox 3172 4240 3415 4308; x_wconf 86' lang='grc' dir='ltr'>ὠνόμασε</span> <span class='ocrx_word' id='word_1_689' title='bbox 3441 4240 3571 4291; x_wconf 82' lang='grc' dir='ltr'>Θεοῦ</span> <span class='ocrx_word' id='word_1_690' title='bbox 3595 4239 3742 4307; x_wconf 86' lang='grc'>(56),</span> <span class='ocrx_word' id='word_1_691' title='bbox 3769 4240 3898 4291; x_wconf 83' lang='grc' dir='ltr'>διότι</span> 
     </span>
    </p>
   </div>
   <div class='ocr_carea' id='block_1_90' title="bbox 2352 4330 3989 4400">
    <p class='ocr_par' dir='ltr' id='par_1_90' title="bbox 2352 4330 3989 4400">
     <span class='ocr_line' id='line_1_90' title="bbox 2352 4330 3989 4400; baseline -0.002 -16"><span class='ocrx_word' id='word_1_692' title='bbox 2352 4330 2716 4396; x_wconf 71' lang='grc' dir='ltr'>ζωτικώτατον</span> <span class='ocrx_word' id='word_1_693' title='bbox 2741 4332 2799 4383; x_wconf 86' lang='grc' dir='ltr'><strong>τὸ</strong></span> <span class='ocrx_word' id='word_1_694' title='bbox 2832 4331 3061 4400; x_wconf 87' lang='grc' dir='ltr'>πνεῦμα,</span> <span class='ocrx_word' id='word_1_695' title='bbox 3097 4331 3236 4398; x_wconf 76' lang='grc' dir='ltr'><strong>ζωῆς</strong></span> <span class='ocrx_word' id='word_1_696' title='bbox 3261 4330 3314 4381; x_wconf 88' lang='grc' dir='ltr'>δὲ</span> <span class='ocrx_word' id='word_1_697' title='bbox 3346 4331 3477 4393; x_wconf 78' lang='grc' dir='ltr'>Θεὸς</span> <span class='ocrx_word' id='word_1_698' title='bbox 3512 4330 3685 4392; x_wconf 82' lang='grc' dir='ltr'>αίτιος</span> <span class='ocrx_word' id='word_1_699' title='bbox 3705 4349 3718 4359; x_wconf 88' lang='grc'><strong>·</strong></span> <span class='ocrx_word' id='word_1_700' title='bbox 3746 4330 3811 4381; x_wconf 83' lang='grc' dir='ltr'>τὸ</span> <span class='ocrx_word' id='word_1_701' title='bbox 3847 4331 3896 4381; x_wconf 78' lang='grc' dir='ltr'>δὲ</span> <span class='ocrx_word' id='word_1_702' title='bbox 3987 4385 3989 4388; x_wconf 56' lang='grc'><strong>,</strong></span> 
     </span>
    </p>
   </div>
   <div class='ocr_carea' id='block_1_91' title="bbox 2352 4420 3987 4490">
    <p class='ocr_par' dir='ltr' id='par_1_91' title="bbox 2352 4420 3987 4490">
     <span class='ocr_line' id='line_1_91' title="bbox 2352 4420 3987 4490; baseline -0.001 -18"><span class='ocrx_word' id='word_1_703' title='bbox 2352 4422 2483 4488; x_wconf 83' lang='grc' dir='ltr'>φῶς,</span> <span class='ocrx_word' id='word_1_704' title='bbox 2523 4423 2601 4473; x_wconf 85' lang='grc' dir='ltr'>ὅτι</span> <span class='ocrx_word' id='word_1_705' title='bbox 2657 4420 2988 4489; x_wconf 78' lang='grc' dir='ltr'>ὑπερϐάλλον</span> <span class='ocrx_word' id='word_1_706' title='bbox 3039 4420 3150 4488; x_wconf 84' lang='grc'>(57)</span> <span class='ocrx_word' id='word_1_707' title='bbox 3191 4420 3368 4472; x_wconf 88' lang='grc' dir='ltr'>καλόν.</span> <span class='ocrx_word' id='word_1_708' title='bbox 3419 4420 3670 4488; x_wconf 72' lang='grc' dir='ltr'>Τοσούτῳ</span> <span class='ocrx_word' id='word_1_709' title='bbox 3710 4420 3900 4490; x_wconf 68' lang='grc' dir='ltr'>γὰρτὸ</span> <span class='ocrx_word' id='word_1_710' title='bbox 3985 4459 3987 4490; x_wconf 55' lang='grc' dir='ltr'><strong>Ι</strong></span> 
     </span>
    </p>
   </div>
   <div class='ocr_carea' id='block_1_92' title="bbox 2352 4511 3895 4583">
    <p class='ocr_par' dir='ltr' id='par_1_92' title="bbox 2352 4511 3895 4583">
     <span class='ocr_line' id='line_1_92' title="bbox 2352 4511 3895 4583; baseline -0.003 -18"><span class='ocrx_word' id='word_1_711' title='bbox 2352 4515 2532 4582; x_wconf 81' lang='grc' dir='ltr'>νοητὸν</span> <span class='ocrx_word' id='word_1_712' title='bbox 2556 4514 2646 4565; x_wconf 84' lang='grc' dir='ltr'><strong>τοῦ</strong></span> <span class='ocrx_word' id='word_1_713' title='bbox 2678 4513 2868 4583; x_wconf 77' lang='grc' dir='ltr'>ὁρατοῦ</span> <span class='ocrx_word' id='word_1_714' title='bbox 2899 4513 3269 4582; x_wconf 83' lang='grc' dir='ltr'>λαμπρότερόν</span> <span class='ocrx_word' id='word_1_715' title='bbox 3311 4529 3369 4563; x_wconf 87' lang='grc' dir='ltr'><strong>τε</strong></span> <span class='ocrx_word' id='word_1_716' title='bbox 3404 4513 3496 4564; x_wconf 69' lang='grc' dir='ltr'>καὶ</span> <span class='ocrx_word' id='word_1_717' title='bbox 3525 4511 3772 4578; x_wconf 79' lang='grc' dir='ltr'>αὐγοειδὲ</span> <span class='ocrx_word' id='word_1_718' title='bbox 3785 4528 3895 4562; x_wconf 81' lang='grc' dir='ltr'>στε-</span> 
     </span>
    </p>
   </div>
   <div class='ocr_carea' id='block_1_93' title="bbox 2357 4593 3985 4673">
    <p class='ocr_par' dir='ltr' id='par_1_93' title="bbox 2357 4593 3985 4673">
     <span class='ocr_line' id='line_1_93' title="bbox 2357 4593 3985 4673; baseline -0.002 -19"><span class='ocrx_word' id='word_1_719' title='bbox 2357 4621 2463 4673; x_wconf 84' lang='grc' dir='ltr'>ρον,</span> <span class='ocrx_word' id='word_1_720' title='bbox 2491 4605 2701 4673; x_wconf 82' lang='grc' dir='ltr'>ὅσῳπερ</span> <span class='ocrx_word' id='word_1_721' title='bbox 2725 4603 2891 4671; x_wconf 77' lang='grc' dir='ltr'>ἥλιος,</span> <span class='ocrx_word' id='word_1_722' title='bbox 2910 4597 3078 4670; x_wconf 77' lang='grc' dir='ltr'>οἶμαι,</span> <span class='ocrx_word' id='word_1_723' title='bbox 3103 4602 3344 4663; x_wconf 78' lang='grc' dir='ltr'>σκότους,</span> <span class='ocrx_word' id='word_1_724' title='bbox 3363 4603 3455 4654; x_wconf 74' lang='grc' dir='ltr'><strong>καὶ</strong></span> <span class='ocrx_word' id='word_1_725' title='bbox 3480 4602 3660 4671; x_wconf 79' lang='grc' dir='ltr'>ἡμέρα</span> <span class='ocrx_word' id='word_1_726' title='bbox 3687 4601 3894 4659; x_wconf 73' lang='grc' dir='ltr'>νυκτὸς.</span> 
     </span>
    </p>
   </div>
   <div class='ocr_carea' id='block_1_94' title="bbox 723 4689 2254 4762">
    <p class='ocr_par' dir='ltr' id='par_1_94' title="bbox 723 4695 2249 4762">
     <span class='ocr_line' id='line_1_94' title="bbox 723 4695 2249 4762; baseline 0.002 -16"><span class='ocrx_word' id='word_1_727' title='bbox 723 4695 1111 4762; x_wconf 72' lang='lat' dir='ltr'><strong>septimae,qua:</strong></span> <span class='ocrx_word' id='word_1_728' title='bbox 1155 4708 1377 4760; x_wconf 85' lang='lat' dir='ltr'><strong>corpore</strong></span> <span class='ocrx_word' id='word_1_729' title='bbox 1423 4708 1608 4747; x_wconf 86' lang='lat' dir='ltr'><strong>carens</strong></span> <span class='ocrx_word' id='word_1_730' title='bbox 1652 4697 1762 4761; x_wconf 89' lang='lat' dir='ltr'><strong>ipsa</strong></span> <span class='ocrx_word' id='word_1_731' title='bbox 1794 4711 2027 4762; x_wconf 87' lang='lat' dir='ltr'><strong>quoque,</strong></span> <span class='ocrx_word' id='word_1_732' title='bbox 2073 4705 2249 4749; x_wconf 91' lang='lat' dir='ltr'><strong>mente</strong></span> 
     </span>
    </p>
   </div>
   <div class='ocr_carea' id='block_1_95' title="bbox 2355 4689 3894 4762">
    <p class='ocr_par' dir='ltr' id='par_1_95' title="bbox 2355 4689 3894 4760">
     <span class='ocr_line' id='line_1_95' title="bbox 2355 4689 3894 4760; baseline -0.001 -17"><span class='ocrx_word' id='word_1_733' title='bbox 2355 4694 2445 4744; x_wconf 75' lang='grc' dir='ltr'><strong>καὶ</strong></span> <span class='ocrx_word' id='word_1_734' title='bbox 2472 4693 2538 4743; x_wconf 87' lang='grc' dir='ltr'><strong>τά</strong></span> <span class='ocrx_word' id='word_1_735' title='bbox 2567 4693 2816 4760; x_wconf 78' lang='grc' dir='ltr'>κριτήρια</span> <span class='ocrx_word' id='word_1_736' title='bbox 2852 4691 2958 4758; x_wconf 86' lang='grc'>(58)</span> <span class='ocrx_word' id='word_1_737' title='bbox 2987 4690 3106 4752; x_wconf 83' lang='grc' dir='ltr'>νοῦς</span> <span class='ocrx_word' id='word_1_738' title='bbox 3135 4694 3161 4742; x_wconf 90' lang='grc' dir='ltr'>ὁ</span> <span class='ocrx_word' id='word_1_739' title='bbox 3187 4691 3282 4760; x_wconf 82' lang='grc' dir='ltr'>τῆς</span> <span class='ocrx_word' id='word_1_740' title='bbox 3307 4691 3433 4759; x_wconf 82' lang='grc' dir='ltr'>ὅλης</span> <span class='ocrx_word' id='word_1_741' title='bbox 3454 4690 3627 4758; x_wconf 74' lang='grc' dir='ltr'>ψυχῆς</span> <span class='ocrx_word' id='word_1_742' title='bbox 3648 4689 3894 4758; x_wconf 76' lang='grc' dir='ltr'>ἡγεμὼν.</span> 
     </span>
    </p>
   </div>
   <div class='ocr_carea' id='block_1_96' title="bbox 722 4784 2250 4852">
    <p class='ocr_par' dir='ltr' id='par_1_96' title="bbox 722 4784 2250 4852">
     <span class='ocr_line' id='line_1_96' title="bbox 722 4784 2250 4852; baseline 0.001 -18"><span class='ocrx_word' id='word_1_743' title='bbox 722 4793 1022 4852; x_wconf 90' lang='lat' dir='ltr'><strong>perceptum</strong></span> <span class='ocrx_word' id='word_1_744' title='bbox 1049 4784 1198 4847; x_wconf 84' lang='lat' dir='ltr'><strong>solis,</strong></span> <span class='ocrx_word' id='word_1_745' title='bbox 1251 4797 1315 4836; x_wconf 89' lang='lat' dir='ltr'><strong>ac</strong></span> <span class='ocrx_word' id='word_1_746' title='bbox 1363 4792 1670 4836; x_wconf 71' lang='lat' dir='ltr'><strong>caeterorum</strong></span> <span class='ocrx_word' id='word_1_747' title='bbox 1727 4785 1964 4836; x_wconf 87' lang='lat' dir='ltr'><strong>omnium</strong></span> <span class='ocrx_word' id='word_1_748' title='bbox 2011 4785 2250 4838; x_wconf 85' lang='lat' dir='ltr'><strong>clarissi-</strong></span> 
     </span>
    </p>
   </div>
   <div class='ocr_carea' id='block_1_97' title="bbox 791 4893 1195 4959">
    <p class='ocr_par' dir='ltr' id='par_1_97' title="bbox 791 4893 1195 4959">
     <span class='ocr_line' id='line_1_97' title="bbox 791 4893 1195 4959; baseline 0 -13"><span class='ocrx_word' id='word_1_749' title='bbox 791 4895 833 4924; x_wconf 75' lang='grc' dir='ltr'>ιε</span> <span class='ocrx_word' id='word_1_750' title='bbox 868 4893 999 4946; x_wconf 86' lang='lat' dir='ltr'><strong>Gen.</strong></span> <span class='ocrx_word' id='word_1_751' title='bbox 1042 4895 1195 4959; x_wconf 76' lang='grc'>1,27.</span> 
     </span>
    </p>
   </div>
   <div class='ocr_carea' id='block_1_98' title="bbox 790 4983 1433 5055">
    <p class='ocr_par' dir='ltr' id='par_1_98' title="bbox 790 4983 1433 5055">
     <span class='ocr_line' id='line_1_98' title="bbox 790 4983 1433 5055; baseline 0.005 -20"><span class='ocrx_word' id='word_1_752' title='bbox 790 4997 819 5026; x_wconf 77' lang='grc' dir='ltr'>ι</span> <span class='ocrx_word' id='word_1_753' title='bbox 859 4983 1030 5047; x_wconf 81' lang='lat' dir='ltr'><strong>Philo,</strong></span> <span class='ocrx_word' id='word_1_754' title='bbox 1070 4986 1433 5055; x_wconf 82' lang='grc' dir='ltr'>γυμνοτέροις.</span> 
     </span>
    </p>
   </div>
   <div class='ocr_carea' id='block_1_99' title="bbox 788 5072 2245 5146">
    <p class='ocr_par' dir='ltr' id='par_1_99' title="bbox 788 5072 2245 5146">
     <span class='ocr_line' id='line_1_99' title="bbox 788 5072 2245 5146; baseline -0.002 -16"><span class='ocrx_word' id='word_1_755' title='bbox 788 5077 897 5146; x_wconf 76' lang='grc'>(49)</span> <span class='ocrx_word' id='word_1_756' title='bbox 930 5077 995 5127; x_wconf 78' lang='grc' dir='ltr'><strong>Εἰ</strong></span> <span class='ocrx_word' id='word_1_757' title='bbox 1025 5075 1088 5146; x_wconf 66' lang='grc' dir='ltr'><strong>δέ</strong></span> <span class='ocrx_word' id='word_1_758' title='bbox 1123 5093 1228 5139; x_wconf 80' lang='grc' dir='ltr'>τις,</span> <span class='ocrx_word' id='word_1_759' title='bbox 1261 5088 1361 5130; x_wconf 89' lang='lat' dir='ltr'><strong>etc.</strong></span> <span class='ocrx_word' id='word_1_760' title='bbox 1410 5075 1678 5142; x_wconf 75' lang='lat' dir='ltr'><strong>Leguntur</strong></span> <span class='ocrx_word' id='word_1_761' title='bbox 1726 5073 1838 5146; x_wconf 67' lang='lat' dir='ltr'><strong>haec</strong></span> <span class='ocrx_word' id='word_1_762' title='bbox 1887 5074 2022 5141; x_wconf 91' lang='lat' dir='ltr'><strong>apud</strong></span> <span class='ocrx_word' id='word_1_763' title='bbox 2065 5072 2245 5128; x_wconf 83' lang='lat' dir='ltr'><strong>Philo-</strong></span> 
     </span>
    </p>
   </div>
   <div class='ocr_carea' id='block_1_100' title="bbox 721 5143 1784 5212">
    <p class='ocr_par' dir='ltr' id='par_1_100' title="bbox 721 5143 1784 5212">
     <span class='ocr_line' id='line_1_100' title="bbox 721 5143 1784 5212; baseline -0.005 -14"><span class='ocrx_word' id='word_1_764' title='bbox 721 5143 862 5202; x_wconf 81' lang='lat' dir='ltr'><strong>nem.</strong></span> <span class='ocrx_word' id='word_1_765' title='bbox 898 5145 988 5197; x_wconf 87' lang='lat' dir='ltr'><strong>lib.</strong></span> <span class='ocrx_word' id='word_1_766' title='bbox 1025 5144 1094 5195; x_wconf 85' lang='lat' dir='ltr'><strong>De</strong></span> <span class='ocrx_word' id='word_1_767' title='bbox 1124 5148 1297 5195; x_wconf 83' lang='lat' dir='ltr'><strong>mundi</strong></span> <span class='ocrx_word' id='word_1_768' title='bbox 1333 5146 1555 5212; x_wconf 73' lang='lat' dir='ltr'><strong>api/icio,</strong></span> <span class='ocrx_word' id='word_1_769' title='bbox 1586 5159 1703 5211; x_wconf 80' lang='lat' dir='ltr'><strong>pag.</strong></span> <span class='ocrx_word' id='word_1_770' title='bbox 1732 5143 1784 5194; x_wconf 74' lang='grc'>4.</span> 
     </span>
    </p>
   </div>
   <div class='ocr_carea' id='block_1_101' title="bbox 787 5211 2243 5282">
    <p class='ocr_par' dir='ltr' id='par_1_101' title="bbox 787 5211 2243 5282">
     <span class='ocr_line' id='line_1_101' title="bbox 787 5211 2243 5282; baseline -0.003 -14"><span class='ocrx_word' id='word_1_771' title='bbox 787 5215 895 5282; x_wconf 80' lang='grc'>(50)</span> <span class='ocrx_word' id='word_1_772' title='bbox 924 5215 989 5266; x_wconf 83' lang='lat' dir='ltr'><strong>El</strong></span> <span class='ocrx_word' id='word_1_773' title='bbox 1029 5212 1252 5282; x_wconf 55' lang='grc' dir='ltr'>μείζων,</span> <span class='ocrx_word' id='word_1_774' title='bbox 1288 5224 1387 5266; x_wconf 89' lang='lat' dir='ltr'><strong>etc.</strong></span> <span class='ocrx_word' id='word_1_775' title='bbox 1421 5213 1617 5266; x_wconf 86' lang='lat' dir='ltr'><strong>Locum</strong></span> <span class='ocrx_word' id='word_1_776' title='bbox 1664 5215 1804 5264; x_wconf 89' lang='lat' dir='ltr'><strong>hunc</strong></span> <span class='ocrx_word' id='word_1_777' title='bbox 1849 5211 2243 5282; x_wconf 77' lang='lat' dir='ltr'><strong>emcndabimus</strong></span> 
     </span>
    </p>
   </div>
   <div class='ocr_carea' id='block_1_102' title="bbox 720 5281 2241 5348">
    <p class='ocr_par' dir='ltr' id='par_1_102' title="bbox 720 5281 2241 5348">
     <span class='ocr_line' id='line_1_102' title="bbox 720 5281 2241 5348; baseline -0.003 -15"><span class='ocrx_word' id='word_1_778' title='bbox 720 5281 1057 5342; x_wconf 56' lang='lat' dir='ltr'><strong>“Philone,</strong></span> <span class='ocrx_word' id='word_1_779' title='bbox 1098 5281 1233 5348; x_wconf 89' lang='lat' dir='ltr'><strong>apud</strong></span> <span class='ocrx_word' id='word_1_780' title='bbox 1264 5296 1417 5347; x_wconf 83' lang='lat' dir='ltr'><strong>quem</strong></span> <span class='ocrx_word' id='word_1_781' title='bbox 1450 5283 1518 5334; x_wconf 89' lang='lat' dir='ltr'><strong>ita</strong></span> <span class='ocrx_word' id='word_1_782' title='bbox 1551 5291 1836 5348; x_wconf 87' lang='lat' dir='ltr'><strong>conceptus</strong></span> <span class='ocrx_word' id='word_1_783' title='bbox 1867 5290 1966 5342; x_wconf 90' lang='lat' dir='ltr'><strong>est,</strong></span> <span class='ocrx_word' id='word_1_784' title='bbox 2003 5281 2030 5330; x_wconf 82' lang='grc' dir='ltr'>ὃ</span> <span class='ocrx_word' id='word_1_785' title='bbox 2065 5281 2241 5348; x_wconf 77' lang='grc' dir='ltr'>μεῖζόν</span> 
     </span>
    </p>
   </div>
   <div class='ocr_carea' id='block_1_103' title="bbox 721 5348 2242 5420">
    <p class='ocr_par' dir='ltr' id='par_1_103' title="bbox 721 5348 2242 5420">
     <span class='ocr_line' id='line_1_103' title="bbox 721 5348 2242 5420; baseline -0.001 -18"><span class='ocrx_word' id='word_1_786' title='bbox 721 5355 851 5413; x_wconf 76' lang='grc' dir='ltr'>ἐστι,</span> <span class='ocrx_word' id='word_1_787' title='bbox 884 5352 980 5419; x_wconf 80' lang='grc' dir='ltr'>τῆς</span> <span class='ocrx_word' id='word_1_788' title='bbox 1009 5348 1367 5419; x_wconf 85' lang='grc' dir='ltr'>ἀνθρωπίνης,</span> <span class='ocrx_word' id='word_1_789' title='bbox 1407 5350 1620 5420; x_wconf 84' lang='grc' dir='ltr'>μίμημα</span> <span class='ocrx_word' id='word_1_790' title='bbox 1651 5348 1796 5412; x_wconf 86' lang='grc' dir='ltr'>θείας</span> <span class='ocrx_word' id='word_1_791' title='bbox 1839 5351 2057 5410; x_wconf 79' lang='grc' dir='ltr'>εἰκόνος·</span> <span class='ocrx_word' id='word_1_792' title='bbox 2093 5349 2242 5416; x_wconf 79' lang='grc' dir='ltr'>δῆλον</span> 
     </span>
    </p>
   </div>
   <div class='ocr_carea' id='block_1_104' title="bbox 717 5420 1367 5510">
    <p class='ocr_par' dir='ltr' id='par_1_104' title="bbox 717 5420 1367 5510">
     <span class='ocr_line' id='line_1_104' title="bbox 717 5420 1367 5510; baseline -0.005 -40"><span class='ocrx_word' id='word_1_793' title='bbox 717 5420 772 5470; x_wconf 84' lang='grc' dir='ltr'><strong>δὲ</strong></span> <span class='ocrx_word' id='word_1_794' title='bbox 798 5421 875 5470; x_wconf 77' lang='grc' dir='ltr'>ὅτι</span> <span class='ocrx_word' id='word_1_795' title='bbox 910 5421 999 5471; x_wconf 73' lang='grc' dir='ltr'>καὶ</span> <span class='ocrx_word' id='word_1_796' title='bbox 1033 5423 1063 5489; x_wconf 82' lang='grc' dir='ltr'>ἡ</span> <span class='ocrx_word' id='word_1_797' title='bbox 1093 5422 1238 5510; x_wconf 53' lang='lat' dir='ltr'><strong>cit/91.,</strong></span> <span class='ocrx_word' id='word_1_798' title='bbox 1267 5429 1367 5469; x_wconf 92' lang='lat' dir='ltr'><strong>etc.</strong></span> 
     </span>
     <span class='ocr_line' id='line_1_105' title="bbox 791 5485 1367 5510; baseline 0 0"><span class='ocrx_word' id='word_1_799' title='bbox 791 5488 893 5510; x_wconf 66' lang='lat' dir='ltr'><strong>IE&quot;\</strong></span> <span class='ocrx_word' id='word_1_800' title='bbox 926 5489 1033 5510; x_wconf 65' lang='lat' dir='ltr'><strong>&#39;l&#39;_,‘,</strong></span> <span class='ocrx_word' id='word_1_801' title='bbox 1072 5506 1122 5510; x_wconf 37' lang='grc' dir='ltr'>-.ν</span> <span class='ocrx_word' id='word_1_802' title='bbox 1149 5504 1295 5510; x_wconf 55' lang='lat'><strong>-__.-.._.</strong></span> <span class='ocrx_word' id='word_1_803' title='bbox 1354 5485 1367 5510; x_wconf 87' lang='lat' dir='ltr'>I</span> 
     </span>
    </p>
   </div>
   <div class='ocr_carea' id='block_1_105' title="bbox 812 5485 1911 5556">
    <p class='ocr_par' dir='ltr' id='par_1_105' title="bbox 812 5485 1911 5556">
     <span class='ocr_line' id='line_1_106' title="bbox 812 5485 1911 5556; baseline 0.001 -18"><span class='ocrx_word' id='word_1_804' title='bbox 812 5488 895 5552; x_wconf 79' lang='grc'>51)</span> <span class='ocrx_word' id='word_1_805' title='bbox 926 5485 1316 5554; x_wconf 52' lang='grc' dir='ltr'>Τοῦάὸιτμου.</span> <span class='ocrx_word' id='word_1_806' title='bbox 1351 5485 1520 5556; x_wconf 71' lang='lat' dir='ltr'><strong>Philo,</strong></span> <span class='ocrx_word' id='word_1_807' title='bbox 1554 5485 1639 5556; x_wconf 77' lang='grc' dir='ltr'><strong>τοῦ</strong></span> <span class='ocrx_word' id='word_1_808' title='bbox 1672 5487 1911 5556; x_wconf 78' lang='grc' dir='ltr'>οὐρανοῦ.</span> 
     </span>
    </p>
   </div>
   <div class='ocr_carea' id='block_1_106' title="bbox 811 5552 1947 5623">
    <p class='ocr_par' dir='ltr' id='par_1_106' title="bbox 811 5552 1947 5623">
     <span class='ocr_line' id='line_1_107' title="bbox 811 5552 1947 5623; baseline 0 -16"><span class='ocrx_word' id='word_1_809' title='bbox 811 5556 895 5620; x_wconf 73' lang='lat' dir='ltr'>Si)</span> <span class='ocrx_word' id='word_1_810' title='bbox 938 5552 1346 5623; x_wconf 62' lang='grc' dir='ltr'>Ἀφιλόσοφον.</span> <span class='ocrx_word' id='word_1_811' title='bbox 1391 5552 1542 5623; x_wconf 73' lang='lat' dir='ltr'><strong>Philo</strong></span> <span class='ocrx_word' id='word_1_812' title='bbox 1572 5555 1690 5606; x_wconf 87' lang='lat' dir='ltr'><strong>add.</strong></span> <span class='ocrx_word' id='word_1_813' title='bbox 1718 5552 1792 5623; x_wconf 79' lang='grc' dir='ltr'><strong>τῷ</strong></span> <span class='ocrx_word' id='word_1_814' title='bbox 1819 5558 1947 5607; x_wconf 75' lang='grc' dir='ltr'>ὄντι.</span> 
     </span>
    </p>
   </div>
   <div class='ocr_carea' id='block_1_107' title="bbox 810 5622 2242 5689">
    <p class='ocr_par' dir='ltr' id='par_1_107' title="bbox 810 5622 2242 5689">
     <span class='ocr_line' id='line_1_108' title="bbox 810 5622 2242 5689; baseline -0.001 -13"><span class='ocrx_word' id='word_1_815' title='bbox 810 5625 895 5689; x_wconf 82' lang='grc'><strong>55)</strong></span> <span class='ocrx_word' id='word_1_816' title='bbox 929 5625 1160 5689; x_wconf 71' lang='grc' dir='ltr'>Πρῶτον</span> <span class='ocrx_word' id='word_1_817' title='bbox 1204 5622 1333 5678; x_wconf 83' lang='grc' dir='ltr'>οὖν.</span> <span class='ocrx_word' id='word_1_818' title='bbox 1384 5622 1533 5673; x_wconf 83' lang='lat' dir='ltr'><strong>Philo</strong></span> <span class='ocrx_word' id='word_1_819' title='bbox 1582 5633 1699 5674; x_wconf 70' lang='lat' dir='ltr'><strong>post</strong></span> <span class='ocrx_word' id='word_1_820' title='bbox 1730 5622 1826 5676; x_wconf 86' lang='lat' dir='ltr'><strong>has</strong></span> <span class='ocrx_word' id='word_1_821' title='bbox 1879 5641 1994 5677; x_wconf 87' lang='lat' dir='ltr'><strong>voc.</strong></span> <span class='ocrx_word' id='word_1_822' title='bbox 2045 5633 2165 5677; x_wconf 87' lang='lat' dir='ltr'><strong>ante</strong></span> <span class='ocrx_word' id='word_1_823' title='bbox 2216 5626 2242 5674; x_wconf 88' lang='grc' dir='ltr'>ὀ</span> 
     </span>
    </p>
   </div>
   <div class='ocr_carea' id='block_1_108' title="bbox 719 5690 2239 5761">
    <p class='ocr_par' dir='ltr' id='par_1_108' title="bbox 719 5690 2239 5761">
     <span class='ocr_line' id='line_1_109' title="bbox 719 5690 2239 5761; baseline -0.003 -14"><span class='ocrx_word' id='word_1_824' title='bbox 719 5690 880 5747; x_wconf 80' lang='grc' dir='ltr'>ποιῶν</span> <span class='ocrx_word' id='word_1_825' title='bbox 917 5696 1117 5750; x_wconf 88' lang='lat' dir='ltr'><strong>inserit,</strong></span> <span class='ocrx_word' id='word_1_826' title='bbox 1149 5695 1290 5761; x_wconf 87' lang='grc' dir='ltr'><strong>παρά</strong></span> <span class='ocrx_word' id='word_1_827' title='bbox 1322 5692 1410 5743; x_wconf 85' lang='grc' dir='ltr'><strong>τοῦ</strong></span> <span class='ocrx_word' id='word_1_828' title='bbox 1457 5690 1638 5759; x_wconf 84' lang='grc' dir='ltr'>νοητοῦ</span> <span class='ocrx_word' id='word_1_829' title='bbox 1673 5692 1888 5760; x_wconf 84' lang='grc' dir='ltr'>κόσμου.</span> <span class='ocrx_word' id='word_1_830' title='bbox 1942 5694 2020 5744; x_wconf 74' lang='lat' dir='ltr'><strong>Ex</strong></span> <span class='ocrx_word' id='word_1_831' title='bbox 2067 5695 2239 5743; x_wconf 81' lang='lat' dir='ltr'><strong>mundi</strong></span> 
     </span>
    </p>
   </div>
   <div class='ocr_carea' id='block_1_109' title="bbox 718 5761 2240 5827">
    <p class='ocr_par' dir='ltr' id='par_1_109' title="bbox 718 5761 2240 5827">
     <span class='ocr_line' id='line_1_110' title="bbox 718 5761 2240 5827; baseline -0.001 -13"><span class='ocrx_word' id='word_1_832' title='bbox 718 5774 876 5815; x_wconf 74' lang='lat' dir='ltr'><strong>mente</strong></span> <span class='ocrx_word' id='word_1_833' title='bbox 906 5764 1122 5827; x_wconf 74' lang='lat' dir='ltr'><strong>percepti</strong></span> <span class='ocrx_word' id='word_1_834' title='bbox 1153 5763 1451 5826; x_wconf 74' lang='lat' dir='ltr'><strong>exemplari,</strong></span> <span class='ocrx_word' id='word_1_835' title='bbox 1479 5763 1580 5826; x_wconf 76' lang='lat' dir='ltr'><strong>vel,</strong></span> <span class='ocrx_word' id='word_1_836' title='bbox 1607 5761 1672 5812; x_wconf 84' lang='lat' dir='ltr'><strong>ad</strong></span> <span class='ocrx_word' id='word_1_837' title='bbox 1696 5763 1869 5813; x_wconf 80' lang='lat' dir='ltr'><strong>mundi</strong></span> <span class='ocrx_word' id='word_1_838' title='bbox 1893 5776 1960 5813; x_wconf 83' lang='lat' dir='ltr'><strong>m.</strong></span> <span class='ocrx_word' id='word_1_839' title='bbox 1989 5779 2037 5827; x_wconf 89' lang='lat' dir='ltr'><strong>p.</strong></span> <span class='ocrx_word' id='word_1_840' title='bbox 2071 5777 2240 5814; x_wconf 68' lang='lat' dir='ltr'><strong>exem-</strong></span> 
     </span>
    </p>
   </div>
   <div class='ocr_carea' id='block_1_110' title="bbox 2353 4777 3893 4849">
    <p class='ocr_par' dir='ltr' id='par_1_110' title="bbox 2353 4777 3893 4849">
     <span class='ocr_line' id='line_1_111' title="bbox 2353 4777 3893 4849; baseline -0.019 -1"><span class='ocrx_word' id='word_1_841' title='bbox 2353 4781 2636 4848; x_wconf 69' lang='grc' dir='ltr'>ὀφθαλμῶν</span> <span class='ocrx_word' id='word_1_842' title='bbox 2667 4781 2770 4847; x_wconf 75' lang='grc'>(59)</span> <span class='ocrx_word' id='word_1_843' title='bbox 2806 4780 3067 4849; x_wconf 86' lang='grc' dir='ltr'>σώματος.</span> <span class='ocrx_word' id='word_1_844' title='bbox 3096 4779 3166 4831; x_wconf 82' lang='grc' dir='ltr'>Τὸ</span> <span class='ocrx_word' id='word_1_845' title='bbox 3189 4779 3244 4831; x_wconf 85' lang='grc' dir='ltr'>δὲ</span> <span class='ocrx_word' id='word_1_846' title='bbox 3278 4779 3501 4848; x_wconf 83' lang='grc' dir='ltr'>ἀόρατον</span> <span class='ocrx_word' id='word_1_847' title='bbox 3528 4777 3635 4847; x_wconf 84' lang='grc'>(60)</span> <span class='ocrx_word' id='word_1_848' title='bbox 3662 4778 3755 4830; x_wconf 80' lang='grc' dir='ltr'>καὶ</span> <span class='ocrx_word' id='word_1_849' title='bbox 3782 4795 3893 4844; x_wconf 75' lang='grc' dir='ltr'>νοη-</span> 
     </span>
    </p>
   </div>
   <div class='ocr_carea' id='block_1_111' title="bbox 2350 5077 3485 5146">
    <p class='ocr_par' dir='ltr' id='par_1_111' title="bbox 2350 5077 3485 5146">
     <span class='ocr_line' id='line_1_112' title="bbox 2350 5077 3485 5146; baseline -0.002 -15"><span class='ocrx_word' id='word_1_850' title='bbox 2350 5083 2484 5146; x_wconf 79' lang='lat' dir='ltr'><strong>plar,</strong></span> <span class='ocrx_word' id='word_1_851' title='bbox 2519 5095 2645 5141; x_wconf 89' lang='lat' dir='ltr'><strong>non,</strong></span> <span class='ocrx_word' id='word_1_852' title='bbox 2674 5087 2730 5131; x_wconf 95' lang='lat' dir='ltr'><strong>ut</strong></span> <span class='ocrx_word' id='word_1_853' title='bbox 2759 5080 2826 5130; x_wconf 92' lang='lat' dir='ltr'><strong>al.</strong></span> <span class='ocrx_word' id='word_1_854' title='bbox 2855 5079 2907 5130; x_wconf 79' lang='lat' dir='ltr'><strong>in</strong></span> <span class='ocrx_word' id='word_1_855' title='bbox 2937 5079 3126 5130; x_wconf 75' lang='lat' dir='ltr'><strong>mundo</strong></span> <span class='ocrx_word' id='word_1_856' title='bbox 3151 5077 3485 5146; x_wconf 62' lang='lat' dir='ltr'><strong>utteljigibili.</strong></span> 
     </span>
    </p>
   </div>
   <div class='ocr_carea' id='block_1_112' title="bbox 2422 5145 3509 5213">
    <p class='ocr_par' dir='ltr' id='par_1_112' title="bbox 2422 5145 3509 5213">
     <span class='ocr_line' id='line_1_113' title="bbox 2422 5145 3509 5213; baseline -0.002 -13"><span class='ocrx_word' id='word_1_857' title='bbox 2422 5149 2529 5212; x_wconf 74' lang='grc'>(54)</span> <span class='ocrx_word' id='word_1_858' title='bbox 2566 5148 2795 5199; x_wconf 83' lang='grc' dir='ltr'>Καινόν.</span> <span class='ocrx_word' id='word_1_859' title='bbox 2831 5147 2968 5213; x_wconf 76' lang='lat' dir='ltr'><strong>Lege</strong></span> <span class='ocrx_word' id='word_1_860' title='bbox 3000 5147 3152 5199; x_wconf 86' lang='grc' dir='ltr'>κενόν</span> <span class='ocrx_word' id='word_1_861' title='bbox 3177 5162 3241 5198; x_wconf 74' lang='lat' dir='ltr'><strong>ex</strong></span> <span class='ocrx_word' id='word_1_862' title='bbox 3269 5145 3509 5200; x_wconf 85' lang='lat' dir='ltr'><strong>Philone.</strong></span> 
     </span>
    </p>
   </div>
   <div class='ocr_carea' id='block_1_113' title="bbox 2421 5217 2994 5278">
    <p class='ocr_par' dir='ltr' id='par_1_113' title="bbox 2421 5217 2994 5278">
     <span class='ocr_line' id='line_1_114' title="bbox 2421 5217 2994 5278; baseline -0.005 -9"><span class='ocrx_word' id='word_1_863' title='bbox 2421 5220 2531 5278; x_wconf 82' lang='grc'>(55)</span> <span class='ocrx_word' id='word_1_864' title='bbox 2562 5218 2730 5278; x_wconf 81' lang='lat' dir='ltr'><strong>Philo,</strong></span> <span class='ocrx_word' id='word_1_865' title='bbox 2764 5217 2994 5269; x_wconf 85' lang='grc' dir='ltr'>πάντων.</span> 
     </span>
    </p>
   </div>
   <div class='ocr_carea' id='block_1_114' title="bbox 2420 5286 2921 5348">
    <p class='ocr_par' dir='ltr' id='par_1_114' title="bbox 2420 5286 2921 5348">
     <span class='ocr_line' id='line_1_115' title="bbox 2420 5286 2921 5348; baseline -0.004 -9"><span class='ocrx_word' id='word_1_866' title='bbox 2420 5288 2528 5348; x_wconf 76' lang='grc'>(56)</span> <span class='ocrx_word' id='word_1_867' title='bbox 2559 5286 2730 5346; x_wconf 83' lang='lat' dir='ltr'><strong>Philo,</strong></span> <span class='ocrx_word' id='word_1_868' title='bbox 2759 5286 2921 5337; x_wconf 85' lang='grc' dir='ltr'>θείου.</span> 
     </span>
    </p>
   </div>
   <div class='ocr_carea' id='block_1_115' title="bbox 2418 5351 3660 5422">
    <p class='ocr_par' dir='ltr' id='par_1_115' title="bbox 2418 5351 3660 5422">
     <span class='ocr_line' id='line_1_116' title="bbox 2418 5351 3660 5422; baseline 0.001 -15"><span class='ocrx_word' id='word_1_869' title='bbox 2418 5357 2530 5418; x_wconf 79' lang='grc'>(57)</span> <span class='ocrx_word' id='word_1_870' title='bbox 2567 5352 3164 5422; x_wconf 36' lang='grc' dir='ltr'><strong>Ὑπερϐάλλονηῐηήιο</strong></span> <span class='ocrx_word' id='word_1_871' title='bbox 3195 5351 3660 5422; x_wconf 72' lang='grc' dir='ltr'>ὑπερϐαλλόντως.</span> 
     </span>
    </p>
   </div>
   <div class='ocr_carea' id='block_1_116' title="bbox 2417 5421 3890 5492">
    <p class='ocr_par' dir='ltr' id='par_1_116' title="bbox 2417 5421 3890 5492">
     <span class='ocr_line' id='line_1_117' title="bbox 2417 5421 3890 5492; baseline -0.002 -15"><span class='ocrx_word' id='word_1_872' title='bbox 2417 5426 2525 5492; x_wconf 87' lang='grc'>(58)</span> <span class='ocrx_word' id='word_1_873' title='bbox 2566 5426 2636 5476; x_wconf 82' lang='grc' dir='ltr'><em>Τὰ</em></span> <span class='ocrx_word' id='word_1_874' title='bbox 2669 5425 2949 5490; x_wconf 81' lang='grc' dir='ltr'>κριτήρια.</span> <span class='ocrx_word' id='word_1_875' title='bbox 2983 5421 3198 5489; x_wconf 74' lang='lat' dir='ltr'><strong>Repone</strong></span> <span class='ocrx_word' id='word_1_876' title='bbox 3221 5421 3325 5473; x_wconf 78' lang='grc' dir='ltr'>τῶν</span> <span class='ocrx_word' id='word_1_877' title='bbox 3353 5421 3687 5489; x_wconf 71' lang='grc' dir='ltr'>αἰσθητικῶν</span> <span class='ocrx_word' id='word_1_878' title='bbox 3710 5439 3890 5492; x_wconf 68' lang='grc' dir='ltr'>κριτη-</span> 
     </span>
    </p>
   </div>
   <div class='ocr_carea' id='block_1_117' title="bbox 2351 5493 2862 5560">
    <p class='ocr_par' dir='ltr' id='par_1_117' title="bbox 2351 5493 2862 5560">
     <span class='ocr_line' id='line_1_118' title="bbox 2351 5493 2862 5560; baseline 0.002 -18"><span class='ocrx_word' id='word_1_879' title='bbox 2351 5494 2498 5560; x_wconf 84' lang='grc' dir='ltr'>ρίων,</span> <span class='ocrx_word' id='word_1_880' title='bbox 2528 5511 2588 5545; x_wconf 74' lang='lat' dir='ltr'><strong>ex</strong></span> <span class='ocrx_word' id='word_1_881' title='bbox 2626 5493 2862 5545; x_wconf 84' lang='lat' dir='ltr'><strong>Philone.</strong></span> 
     </span>
    </p>
   </div>
   <div class='ocr_carea' id='block_1_118' title="bbox 2415 5561 3144 5629">
    <p class='ocr_par' dir='ltr' id='par_1_118' title="bbox 2415 5561 3144 5629">
     <span class='ocr_line' id='line_1_119' title="bbox 2415 5561 3144 5629; baseline -0.003 -16"><span class='ocrx_word' id='word_1_882' title='bbox 2415 5563 2523 5629; x_wconf 88' lang='grc'>(59)</span> <span class='ocrx_word' id='word_1_883' title='bbox 2552 5562 2722 5622; x_wconf 83' lang='lat' dir='ltr'><strong>Philo,</strong></span> <span class='ocrx_word' id='word_1_884' title='bbox 2748 5563 2837 5612; x_wconf 75' lang='grc' dir='ltr'><strong>καὶ</strong></span> <span class='ocrx_word' id='word_1_885' title='bbox 2868 5561 3144 5628; x_wconf 76' lang='grc' dir='ltr'>ὀφθαλμοί.</span> 
     </span>
    </p>
   </div>
   <div class='ocr_carea' id='block_1_119' title="bbox 2417 5627 3884 5698">
    <p class='ocr_par' dir='ltr' id='par_1_119' title="bbox 2417 5627 3884 5698">
     <span class='ocr_line' id='line_1_120' title="bbox 2417 5627 3884 5698; baseline -0.001 -16"><span class='ocrx_word' id='word_1_886' title='bbox 2417 5627 2525 5698; x_wconf 87' lang='grc'>(60)</span> <span class='ocrx_word' id='word_1_887' title='bbox 2567 5631 2633 5683; x_wconf 84' lang='grc' dir='ltr'><strong>Τὸ</strong></span> <span class='ocrx_word' id='word_1_888' title='bbox 2665 5630 2732 5682; x_wconf 80' lang='grc' dir='ltr'>δὲ</span> <span class='ocrx_word' id='word_1_889' title='bbox 2759 5627 3158 5695; x_wconf 42' lang='grc' dir='ltr'>ἀόραείινμοιε.</span> <span class='ocrx_word' id='word_1_890' title='bbox 3189 5628 3467 5698; x_wconf 83' lang='lat' dir='ltr'><strong>Philonem</strong></span> <span class='ocrx_word' id='word_1_891' title='bbox 3505 5627 3776 5682; x_wconf 81' lang='lat' dir='ltr'><strong>Eusebius</strong></span> <span class='ocrx_word' id='word_1_892' title='bbox 3807 5631 3884 5681; x_wconf 68' lang='lat' dir='ltr'><strong>de-</strong></span> 
     </span>
    </p>
   </div>
   <div class='ocr_carea' id='block_1_120' title="bbox 2346 5697 3888 5766">
    <p class='ocr_par' dir='ltr' id='par_1_120' title="bbox 2346 5697 3888 5766">
     <span class='ocr_line' id='line_1_121' title="bbox 2346 5697 3888 5766; baseline -0.003 -17"><span class='ocrx_word' id='word_1_893' title='bbox 2346 5702 2590 5752; x_wconf 81' lang='lat' dir='ltr'><strong>curtavit.</strong></span> <span class='ocrx_word' id='word_1_894' title='bbox 2627 5699 2715 5752; x_wconf 90' lang='lat' dir='ltr'><strong>Sic</strong></span> <span class='ocrx_word' id='word_1_895' title='bbox 2746 5715 2884 5749; x_wconf 79' lang='lat' dir='ltr'><strong>enim</strong></span> <span class='ocrx_word' id='word_1_896' title='bbox 2916 5701 3018 5759; x_wconf 83' lang='lat' dir='ltr'><strong>ille,</strong></span> <span class='ocrx_word' id='word_1_897' title='bbox 3061 5699 3148 5749; x_wconf 79' lang='grc' dir='ltr'><strong>τὸν</strong></span> <span class='ocrx_word' id='word_1_898' title='bbox 3187 5698 3240 5749; x_wconf 86' lang='grc' dir='ltr'><strong>δὲ</strong></span> <span class='ocrx_word' id='word_1_899' title='bbox 3274 5697 3529 5766; x_wconf 86' lang='grc' dir='ltr'>ἀόρατον,</span> <span class='ocrx_word' id='word_1_900' title='bbox 3581 5699 3676 5749; x_wconf 70' lang='grc' dir='ltr'><strong>καὶ</strong></span> <span class='ocrx_word' id='word_1_901' title='bbox 3715 5699 3888 5765; x_wconf 58' lang='grc' dir='ltr'>νοητόν</span> 
     </span>
    </p>
   </div>
   <div class='ocr_carea' id='block_1_121' title="bbox 2347 5765 3884 5832">
    <p class='ocr_par' dir='ltr' id='par_1_121' title="bbox 2347 5765 3884 5832">
     <span class='ocr_line' id='line_1_122' title="bbox 2347 5765 3884 5832; baseline -0.002 -12"><span class='ocrx_word' id='word_1_902' title='bbox 2347 5770 2481 5820; x_wconf 87' lang='grc' dir='ltr'>θεῖον</span> <span class='ocrx_word' id='word_1_903' title='bbox 2510 5770 2693 5830; x_wconf 84' lang='grc' dir='ltr'>Λόγον,</span> <span class='ocrx_word' id='word_1_904' title='bbox 2725 5769 2810 5818; x_wconf 71' lang='grc' dir='ltr'>καὶ</span> <span class='ocrx_word' id='word_1_905' title='bbox 2843 5767 2972 5818; x_wconf 83' lang='grc' dir='ltr'>Θεοῦ</span> <span class='ocrx_word' id='word_1_906' title='bbox 3008 5768 3193 5832; x_wconf 82' lang='grc' dir='ltr'>Λόγον,</span> <span class='ocrx_word' id='word_1_907' title='bbox 3229 5765 3406 5818; x_wconf 76' lang='grc' dir='ltr'>εἰκόνα</span> <span class='ocrx_word' id='word_1_908' title='bbox 3440 5765 3587 5830; x_wconf 80' lang='grc' dir='ltr'>λέγει</span> <span class='ocrx_word' id='word_1_909' title='bbox 3612 5767 3769 5819; x_wconf 68' lang='grc' dir='ltr'>θεοῦ·</span> <span class='ocrx_word' id='word_1_910' title='bbox 3805 5773 3884 5817; x_wconf 68' lang='grc' dir='ltr'>καὶ</span> 
     </span>
    </p>
   </div>
  </div>
