4004 6342
738 429 835 480 ‘Jl‘J

1395 428 1660 483 EUSL‘BH
1703 429 2174 483 C.£S-ARlE.\S|S
2216 429 2359 482 UPP.
2397 428 2572 482 PARS
2607 429 2665 480 ll.
2712 459 2776 467 -κ
2816 427 3304 482 APULOGETICA.
3842 432 3926 481 9-2”

737 541 800 592 ad
840 542 940 591 \im
975 541 1136 590 animi
1164 540 1590 606 p'rspiciemlam
1626 552 1859 603 utemur,
1892 551 2050 610 atque
2081 553 2149 594 ita
2190 558 2266 595 no.

2391 542 2464 610 τῷ
2499 541 2841 608 Ἀλκιϐιάδῃ.
2891 542 2976 592 Ἐν
3005 541 3058 592 δὲ
3088 541 3164 609 τῷ
3195 538 3328 607 Περὶ
3368 539 3570 607 ψυχῆς
3619 539 3927 609 πλατύτερίν

712 634 878 700 ipsos
927 631 1196 699 perviilere
1250 632 1478 682 maxime
1534 646 1593 685 ac
1643 648 1799 686 nosse
1843 635 2151 700 poterimus.
2215 633 2287 686 Ita

736 737 975 788 prorsus.
1006 741 1022 770 ι
1055 721 1173 774 “an
1210 723 1259 774 in
1287 726 1574 775 Alcibiade.
1609 724 1672 774 At
1701 725 1752 775 in
1784 724 1995 791 dialogo
2020 723 2090 776 De
2111 725 2287 776 anima

735 814 907 864 locum
941 813 1079 865 hunc
1115 814 1332 866 uberius
1368 814 1647 882 fusiusque
1690 825 1946 877 tractans,
1996 815 2075 868 sic
2111 814 2278 882 loqui-

733 913 816 952 tur
845 921 854 952 :
898 922 912 950 ι
956 901 1219 960 Placetne.
1257 904 1428 974 inquit
1453 905 1721 964 Socrates,
1743 905 1850 958 duo
1878 922 2056 959 rerum
2091 921 2287 974 genera

731 1003 1034 1044 statuamus
1057 1034 1070 1052 ,
1126 973 1445 1062 aspectaliilc
1493 1011 1658 1048 unum
1680 1036 1693 1057 ,
1744 997 1966 1048 alterum
1998 1012 2102 1050 non
2133 1011 2286 1065 aspe-

731 1081 959 1133 Ctabilc?
989 1081 1185 1145 Placet,
1220 1083 1410 1150 inquit.
1441 1084 1501 1136 Et
1536 1086 1634 1137 hoc
1657 1087 1871 1152 quidem
1912 1100 2016 1138 non
2042 1095 2285 1154 aspecta-

731 1179 864 1239 bile,
919 1181 1101 1231 eodem
1153 1195 1362 1248 semper
1410 1182 1566 1232 modo
1615 1198 1670 1234 se
1697 1182 1924 1242 habere;
1961 1181 2284 1249 aspectabile

729 1280 905 1320 autem
946 1269 1092 1325 illud.
1150 1257 1468 1337 nunquam?
1518 1271 1579 1322 Et
1605 1271 1701 1324 hoc
1727 1287 1940 1340 quoque
1977 1274 2170 1339 placet,
2203 1271 2301 1333 in—l

727 1372 863 1430 quit.
900 1372 1006 1438 Age
1035 1373 1166 1439 jam,
1202 1374 1374 1440 inquit
1401 1375 1485 1425 ille
1508 1414 1520 1434 ,
1554 1390 1619 1425 an
1647 1375 1843 1441 aliquid
1875 1377 1926 1427 in
1965 1375 2120 1428 nobis
2149 1390 2292 1442 praz-~

727 1468 806 1512 ter
837 1478 1031 1528 corpus
1053 1465 1400 1530 animumque
1431 1466 1701 1531 reperias?
1733 1466 1872 1518 Nihil
1906 1482 2050 1527 vero,
2079 1466 2276 1534 inquit.

730 1551 843 1604 Utri
874 1569 1000 1620 ergo
1046 1555 1222 1621 generi
1265 1571 1456 1622 corpus
1488 1566 1731 1609 nostrum
1766 1559 1935 1610 simile
1975 1560 2144 1626 magis
2187 1574 2277 1611 c0-

726 1657 1052 1712 gnatumque
1085 1645 1420 1698 dixerimus?
1485 1647 1690 1700 Nemini
1742 1665 1886 1711 vero,
1937 1650 2128 1716 inquit,
2173 1649 2273 1700 du-

726 1737 893 1797 bium,
925 1739 1052 1805 quin
1081 1739 1406 1806 aspectabili.
1462 1739 1596 1804 Quid
1626 1742 1838 1792 animus
1875 1742 2084 1793 autem?
2137 1741 2273 1795 Num

725 1828 1045 1894 aspectabile
1092 1829 1218 1894 quid
1263 1839 1364 1892 est,
1415 1845 1482 1881 an
1527 1831 1700 1896 potius
1754 1847 1859 1883 non
1911 1833 2277 1898 aspectabile?

2392 632 2675 700 ἑρμηνεύει
2702 631 2768 682 τὰ
2798 635 2930 683 κατᾶ
2961 632 3180 692 τούτους
3209 632 3401 692 τόπους
3431 642 3455 668 ι
3487 632 3514 680 ὁ
3545 630 3702 691 αὑτὸς
3726 673 3737 691 ,
3772 630 3922 696 λέγων

2387 723 2574 783 οὕτως.
2613 741 2628 771 ι
2659 721 2846 791 Θῶμεν
2875 718 2966 774 οὖν
2988 722 3097 787 (76)
3130 721 3321 787 βούλει,
3380 721 3500 790 ἔφη,
3549 719 3642 771 δύο
3694 719 3806 790 εἴδη
3835 723 3920 772 τῶν

2386 813 2570 871 ὄντων,
2604 813 2662 863 τὸ
2694 813 2790 880 μὲν
2820 814 3030 882 ὁρατὸν,
3061 813 3118 862 τὸ
3138 811 3191 863 δὲ
3214 812 3414 873 ἀειδὲς;
3437 810 3648 878 Θῶμεν,
3675 810 3798 881 ἔφη.
3832 814 3920 863 Καὶ

2386 905 2443 955 τὸ
2477 905 2574 971 μὲν
2616 903 2787 966 ἀειδὲς
2831 904 2914 954 ἀεὶ
2964 903 3099 954 κατὰ
3128 901 3192 953 τὰ
3222 902 3358 953 αὐτὰ
3379 901 3531 969 ἔχον,
3565 901 3625 952 τὺ
3667 901 3722 952 δὲ
3749 904 3921 970 ὁρατὸν

2389 995 2647 1064 μηδέποτε
2680 994 2816 1045 κατὰ
2845 995 3042 1054 ταυτας
3075 993 3182 1045 Καὶ
3212 993 3401 1054 ταῦτα,
3432 992 3556 1061 ἔφη,
3578 991 3777 1060 θῶμεν.
3801 994 3917 1061 Φέρε

2383 1086 2463 1154 δὴ,
2521 1081 2555 1155 ἦ
2594 1086 2637 1136 δ’
2667 1086 2744 1147 ὃς,
2807 1084 2931 1136 ἄλλο
2979 1085 3040 1154 δή
3088 1101 3139 1135 τι
3183 1084 3290 1154 (77)
3321 1083 3474 1153 ημῶν
3525 1083 3704 1135 αὐτῶν
3750 1083 3808 1134 τὸ
3837 1086 3919 1151 μὲν

2384 1175 2542 1243 σῶμα
2572 1175 2678 1246 (78)
2711 1177 2846 1236 ἐστι,
2882 1175 2940 1227 τὸ
2963 1175 3017 1227 δὲ
3046 1175 3222 1245 ψυχη;
3268 1175 3430 1228 Οὐδὲν
3478 1175 3638 1238 ἄλλο,
3673 1175 3793 1243 ἔφη.
3833 1176 3915 1225 [Ιο-

2379 1267 2518 1336 τέρῳ
2547 1262 2637 1319 οὖν
2692 1266 3012 1336 ὁμοιώτερον
3040 1266 3116 1335 τῷ
3147 1266 3272 1318 εἴδει
3320 1269 3518 1335 φαῖμεν
3565 1265 3632 1317 ἂν
3679 1263 3810 1317 εἶναι
3837 1267 3912 1318 καὶ

2381 1357 2793 1426 συγγενέστερον
2824 1357 2881 1408 τὸ
2902 1356 3055 1426 σῶμα
3076 1373 3088 1420 ;
3112 1357 3301 1420 Παντὶ,
3323 1357 3446 1424 ἔφη,
3477 1355 3633 1408 τοῦτό
3662 1373 3724 1422 γε
3753 1355 3910 1424 δῆλον.

2379 1449 2456 1500 ὅτι
2589 1448 2782 1519 ὁρατῷ.
2819 1450 2880 1500 Τί
2901 1448 2954 1500 δὲ
2984 1451 3015 1518 ἡ
3044 1450 3219 1518 dum;
3250 1449 3474 1520 ὁρατὸν,
3520 1449 3552 1516 ἢ
3585 1449 3789 1510 ἁειδές;
3819 1448 3909 1516 Οὐχ

2379 1538 2478 1588 ὑπὸ
2525 1537 2820 1607 ἀνθρώπων
2876 1555 2956 1604 γε,
2988 1533 3031 1589 ὧ
3063 1537 3362 1608 Σώκρατες,
3421 1538 3544 1607 ἔφη.
3615 1538 3774 1588 Ἀλλὰ
3821 1537 3908 1605 μὴν

2380 1631 2531 1697 ἡμεῖς
2561 1645 2621 1695 γε
2650 1629 2716 1681 τὰ
2743 1628 2908 1698 ὁρατὰ
2939 1630 3029 1680 καὶ
3056 1629 3122 1682 τὰ
3155 1631 3227 1700 μὴ
3257 1632 3324 1700 τῇ
3355 1630 3458 1681 τῶν
3500 1629 3798 1698 ἀνθρώπων
3827 1628 3909 1696 φύ-

2379 1736 2457 1771 σει
2487 1720 2762 1789 ἐλέγομεν,
2793 1721 2824 1790 ἢ
2857 1720 2990 1791 ἄλλῃ
3007 1722 3109 1773 τιν).
3138 1721 3235 1773 οἴει
3256 1722 3361 1791 ;Τῇ
3389 1721 3496 1773 τῶν
3525 1720 3906 1790 ἀνθρώπωντί

2375 1807 2464 1862 οὖν
2494 1813 2618 1882 περὶ
2658 1811 2831 1881 ψυχῆς
2880 1812 3131 1881 ἐλέγομεν
3160 1813 3378 1881 ὁρατὸν,
3410 1812 3442 1881 ἢ
3490 1813 3718 1880 ἀόρατον
3755 1806 3907 1872 εἷναι,

723 1915 837 1970 Non
871 1920 1180 1975 hominibus
1231 1930 1372 1974 certe
1416 1923 1651 1990 quidem,
1702 1937 1736 1976 ο
1785 1923 2055 1978 Socrates.
2108 1926 2266 1995 Atqui

2373 1903 2483 1970 Οὐχ
2498 1902 2705 1970 ὁρατόν.
2735 1901 2927 1964 Ἀειδὲς
2955 1903 3090 1971 ἄρας
3127 1903 3250 1957 Ναί.
3294 1901 3629 1971 Ὀμοιότερον
3652 1899 3756 1969 ἄρα
3782 1899 3904 1968 dum

725 2024 821 2062 nos
852 2025 981 2064 sane
1007 2027 1129 2064 cum
1156 2012 1478 2080 aspectabile
1517 2023 1609 2065 aut
1635 2029 1739 2065 non
1776 2015 2097 2082 aspectabile
2125 2016 2266 2069 dice-

710 2110 925 2162 ‘remus,
960 2102 1206 2156 humanae
1235 2115 1436 2156 naturae
1469 2116 1712 2171 respectu
1740 2114 2026 2175 utrumque
2052 2107 2268 2160 diceba-

723 2207 843 2245 mus
878 2214 890 2245 ;
921 2192 998 2246 Tu
1033 2209 1156 2247 vero
1183 2196 1410 2249 alianine
1445 2197 1679 2264 aliquam
1726 2198 2045 2266 cogitabas?
2101 2197 2266 2267 Equi-

719 2283 838 2336 dem
892 2282 1179 2337 bnmanam
1230 2302 1444 2355 quoque
1498 2288 1683 2341 solam.
1754 2287 1942 2342 Utrum
1997 2289 2156 2358 igitur
2203 2290 2268 2344 de

721 2375 900 2430 animo
939 2376 1268 2439 dicebamus,
1323 2380 1484 2432 videri
1534 2395 1655 2433 eum
1704 2395 1879 2448 posse,
1927 2396 1994 2433 an
2044 2382 2268 2434 contra?

717 2463 832 2518 Non
859 2483 1036 2534 posse,
1074 2470 1264 2538 inquit.
1313 2471 1444 2526 Esse
1475 2473 1634 2540 igitur
1661 2473 1858 2542 aliquid
1889 2486 1993 2526 non
2021 2483 2268 2541 aSpecta-

719 2557 866 2610 bile?
909 2557 1060 2613 Esse.
1096 2561 1324 2614 Animus
1365 2579 1495 2633 ergo
1525 2564 1597 2617 rei
1625 2579 1730 2616 non
1759 2564 2068 2632 aspectabili
2108 2564 2262 2617 simi-

718 2648 822 2701 lior
851 2660 951 2714 est,
1004 2667 1165 2721 quam
1199 2669 1427 2722 corpus;
1477 2657 1577 2710 hoc
1606 2672 1733 2710 vero
1766 2657 2076 2725 aspectabili
2109 2657 2260 2709 simi—

717 2738 855 2792 lius?
880 2739 1105 2796 Necesse
1135 2745 1185 2798 id
1211 2761 1456 2814 prorsus,
1483 2763 1515 2799 ο
1543 2746 1812 2802 Socrates.
1851 2747 2008 2816 552
2042 2746 2177 2800 Num
2208 2747 2260 2800 id

717 2844 968 2897 praeterea
1013 2835 1352 2900 dicebamus,
1401 2839 1638 2892 animum
1694 2841 1905 2908 quoties
1955 2839 2020 2890 ad
2063 2839 2261 2907 aliquid

717 2908 1144 2991 investigandum
1176 2929 1418 2994 corporis
1445 2943 1661 2996 operam
1695 2929 2133 2998 interponit,sive
2163 2930 2263 2982 hoc

716 3016 830 3066 visu
857 3014 968 3078 ﬁat,
1020 3018 1131 3070 sive
1174 3018 1380 3080 auditu,
1429 3022 1540 3074 sive
1590 3021 1690 3074 alio
1730 3037 2051 3090 quocunque
2100 3037 2261 3075 sensu

717 3103 877 3170 (quod
904 3106 1045 3157 enim
1074 3122 1235 3161 sensu
1263 3112 1582 3177 percipitur,
1615 3112 1857 3178 corporis
1884 3126 2044 3178 opera
2080 3113 2261 3179 utique

715 3195 1046 3263 percipitur),
1081 3197 1237 3250 toties
1266 3198 1505 3266 ejusdem
1537 3201 1779 3267 corporis
1808 3201 1888 3262 vi,
1923 3202 1987 3253 ad
2014 3215 2098 3265 ea,
2142 3217 2260 3268 quae

713 3301 985 3353 nunquam
1015 3287 1204 3340 eodem
1252 3304 1308 3341 se
1355 3290 1515 3342 modo
1561 3290 1757 3344 habent
1784 3292 2040 3359 pertrahi,
2083 3307 2266 3346 errare

713 3390 893 3453 simul,
941 3393 1266 3460 perturhari,
1319 3405 1371 3447 et
1414 3394 1646 3463 quadam
1679 3397 1935 3466 vertigine
1982 3398 2062 3452 sic
2110 3401 2263 3467 quasi

710 3482 918 3537 ebrium
947 3485 1314 3548 circumferri,
1358 3487 1499 3555 quod
1529 3503 1707 3540 rerum
1741 3489 1962 3543 istarum
1989 3491 2264 3544 tractatio-

715 3587 834 3628 nem
881 3577 1158 3645 attigerit?
1220 3577 1470 3632 Omnino.
1525 3581 1595 3632 At
1637 3581 1726 3633 ubi
1772 3597 1866 3649 per
1910 3597 2029 3636 sese
2063 3582 2262 3651 aliquid

713 3667 826 3735 ipse
848 3671 1270 3747 contemplatur,
1302 3683 1412 3726 tum
1441 3673 1568 3728 illuc
1602 3689 1730 3727 sane
1759 3675 2138 3742 proﬁciscitur,
2170 3675 2261 3729 ubi

712 3775 831 3813 sese
856 3760 922 3812 ad
957 3770 1161 3813 natura:
1192 3765 1509 3831 purissimae,
1527 3781 1646 3834 qua:
1672 3767 2018 3833 sempiterna,
2039 3768 2261 3820 immor-

712 3854 866 3916 talis,
915 3863 967 3906 et
1013 3855 1237 3907 rationis
1281 3871 1488 3922 semper
1515 3856 1756 3924 ejusdem
1788 3865 1903 3920 est,
1953 3857 2259 3908 societatem

710 3945 952 4013 adjungit
989 3964 1001 3997 :
1033 3946 1269 4015 adeoque
1301 3955 1555 4016 tanquam
1582 3947 1682 4014 ipsi
1715 3956 1996 4017 cognatus,
2043 3963 2165 4000 cum
2199 3963 2262 4001 ea

708 4046 954 4090 versatur
997 4039 1243 4102 assidue,
1289 4039 1525 4107 quandiu
1573 4037 1791 4107 quidem
1836 4047 1891 4091 et
1939 4038 2078 4107 apud
2143 4055 2261 4093 sese

710 4136 811 4189 est,
861 4139 910 4180 et
939 4129 1040 4197 ipsi
1076 4131 1198 4182 licet
1227 4147 1239 4181 :
1275 4130 1454 4198 itaque
1482 4130 1550 4183 ab
1573 4131 1721 4183 omni
1764 4145 1946 4183 errore
1979 4130 2257 4194 liberatur,

708 4228 761 4271 et
804 4220 944 4272 circa
979 4235 1146 4288 genus
1177 4221 1305 4274 illud
1334 4235 1512 4274 rerum
1541 4221 1728 4275 eodem
1775 4236 1834 4275 se
1858 4221 2019 4275 modo
2050 4236 2261 4290 semper

708 4311 890 4376 habet,
925 4314 1066 4380 quod
1115 4315 1168 4365 in
1218 4329 1402 4366 earum
1450 4328 1569 4368 sese
1621 4317 2002 4368 commercium
2032 4314 2255 4369 dederit.

707 4402 820 4478 Qui
855 4404 1070 4472 quidem
1119 4405 1284 4457 animi
1316 4421 1508 4460 sensus
1555 4406 1838 4473 prudentia
1893 4416 2254 4473 nuncupatur.

708 4495 869 4549 Recte
894 4510 1113 4564 prorsus
1144 4511 1205 4548 ac
1235 4510 1355 4548 vere
1381 4497 1638 4563 loqueris,
1664 4511 1697 4548 ο
1721 4495 1990 4550 Socrates.
2026 4494 2105 4548 Tu
2132 4511 2260 4564 ergo

2378 1992 2621 2060 σώματός
2639 1995 2751 2044 εστι
2769 1992 2842 2061 τῷ
2856 1993 2912 2043 de
2923 1993 3034 2051 ιδει,
3050 1993 3107 2043 τὸ
3126 1992 3178 2044 δὲ
3195 1992 3270 2062 τῷ
3286 1991 3460 2061 ὁρατῷ
3481 2007 3493 2053 ;
3517 1991 3673 2042 Πᾶσα
3693 1991 3901 2057 ἀνάγκη,

2374 2078 2418 2134 ὦ
2450 2082 2751 2153 Σώκρατες.
2773 2083 2980 2135 Ούκοῦν
3003 2084 3092 2135 καὶ
3121 2084 3235 2136 τόδε
3267 2083 3542 2153 ἐλέγομεν,
3573 2083 3655 2133 ὅτι
3686 2084 3717 2151 ἡ
3758 2082 3899 2148 ψυχὴ,

2374 2174 2498 2226 ὅταν
2531 2174 2624 2242 μὲν
2653 2173 2728 2242 τῷ
2759 2172 2966 2243 σώματι
2997 2174 3328 2244 προσχρῆται
3352 2175 3428 2235 εἰς
3449 2173 3507 2224 τὸ
3534 2176 3750 2225 σκοπεῖν
3779 2188 3844 2230 τι,

2375 2263 2459 2315 διὰ
2488 2263 2578 2316 τοῦ
2611 2265 2767 2334 όρᾷν,
2801 2265 2832 2333 ἢ
2862 2264 2945 2316 διὰ
2991 2263 3082 2316 τοῦ
3113 2264 3324 2316 ἀκούειν
3349 2303 3362 2326 ,
3393 2264 3425 2334 ἢ
3456 2265 3521 2316 δι’
3566 2264 3729 2333 ἄλλης
3778 2261 3899 2322 τινος

2375 2353 2693 2424 αἰσθήσεωςο
2719 2355 2908 2423 (τοῦτο
2935 2356 3040 2424 γάρ
3069 2357 3180 2408 ἐστι
3209 2356 3268 2407 τὸ
3294 2355 3379 2409 διὰ
3406 2356 3498 2408 τοῦ
3544 2357 3786 2426 σώματος
3809 2395 3822 2418 ,
3850 2352 3903 2404 τὸ

2372 2446 2437 2497 δι’
2459 2446 2753 2516 αἰσθήσεως
2787 2448 3000 2497 σκοπεῖν
3027 2462 3078 2496 τι
3181 2447 3296 2498 τότε
3331 2448 3424 2516 μὲν
3453 2446 3668 2498 ἕλκεται
3700 2447 3795 2497 ὑπὸ
3821 2446 3895 2497 τοῦ

2375 2533 2615 2603 σώματος
2633 2536 2708 2597 εἰς
2737 2535 2804 2586 τὰ
2822 2535 3083 2603 μηδέποτε
3104 2534 3240 2588 κατὰ
3255 2536 3418 2588 ταύτὰ
3436 2536 3626 2606 ἔχοντα
3646 2553 3657 2564 ·
3679 2537 3766 2588 καὶ
3782 2537 3897 2605 αὐτῇ

2372 2623 2652 2685 πλανᾶται,
2685 2625 2778 2676 καὶ
2806 2625 3143 2692 ταράττεται,
3176 2627 3267 2678 καὶ
3290 2626 3515 2697 ἰλιγγιᾷ,
3547 2627 3731 2697 ὥσπερ
3757 2628 3895 2696 μεθύ-

2370 2731 2519 2772 ουσα,
2545 2715 2636 2766 dte
2652 2712 2900 2766 τοιούτων
2919 2716 3288 2785 ἐφαπτομένη;
3311 2717 3454 2769 Πάνυ
3478 2735 3561 2784 γε.
3597 2719 3754 2770 Ὅταν
3781 2717 3896 2783 δέγε

2370 2802 2503 2871 αὐτὴ
2535 2803 2650 2853 καθ’
2683 2803 2874 2871 ἑαυτὴν
2907 2805 3078 2872 σκοπῇ
3107 2844 3120 2866 ,
3152 2806 3326 2856 ἐκεῖσε
3371 2805 3597 2875 οἴχεται,
3625 2809 3703 2868 εἰς
3729 2807 3785 2858 τὸ
3811 2825 3891 2859 κα-

2330 2926 2333 2932 -
2370 2893 2530 2962 θαρόν
2559 2910 2619 2943 τε
2652 2894 2742 2944 καὶ
2771 2895 2855 2945 ἀεὶ
2884 2893 2941 2945 ὃν
2965 2897 3056 2946 καὶ
3085 2895 3366 2962 ἀθάνατον,
3384 2901 3475 2951 καὶ
3503 2898 3756 2961 ὡσαύτως
3771 2899 3895 2969 ἔχον,

2369 2987 2459 3037 καὶ
2487 2985 2558 3048 ὼς
2591 2984 2846 3056 ξυγγενὴς
2876 2984 3006 3039 οὖσα
3035 2989 3216 3052 αὑτοῦ,
3249 2991 3331 3042 ἀεὶ
3364 2992 3477 3060 μετ’
3508 2991 3712 3042 ἐκείνου
3741 3009 3795 3044 τε
3825 2994 3892 3058 γί-

2367 3096 2534 3141 νεται,
2565 3081 2689 3132 ὅταν
2723 3098 2824 3152 περ
2855 3083 2988 3151 αὑτὴ
3019 3084 3139 3135 καθ’
3170 3085 3361 3153 ἑαυτὴν
3391 3085 3646 3154 γένηται,
3689 3088 3779 3140 καὶ
3814 3088 3893 3154 ἐξῇ

2371 3173 2503 3240 αὐτῇ
2525 3189 2538 3199 ·
2576 3173 2667 3225 καὶ
2691 3174 2958 3227 πέπαυται
2986 3193 3044 3226 τε
3074 3175 3164 3227 τοῦ
3197 3176 3415 3237 πλάνου,
3447 3179 3539 3229 καὶ
3569 3180 3696 3248 περ)⁸
3733 3182 3890 3232 ἐκεῖνα

2295 3268 2336 3326 C
2369 3259 2454 3310 ἀεὶ
2484 3261 2621 3313 κατὰ
2649 3261 2714 3312 τὰ
2743 3261 2879 3314 αὐτὰ
2909 3263 3000 3314 καὶ
3048 3263 3301 3326 ὡσαύτως
3347 3265 3456 3334 ἔχει
3479 3305 3494 3327 ,
3525 3267 3615 3319 ἆτε
3661 3269 3888 3320 τοιούτων

2364 3349 2729 3418 ἐφαπτομένη.
2760 3352 2866 3404 Καὶ
2906 3351 3062 3404 τοῦτο
3103 3353 3266 3422 αὐτῆς
3296 3352 3354 3402 τὸ
3383 3351 3607 3422 πάθημα
3658 3354 3892 3423 φρόνησις

2364 3438 2639 3508 κέκληται.
2706 3441 3088 3504 Παντάπασιν,
3141 3441 3282 3511 ἔφη,
3339 3442 3547 3507 καλῶς,
3594 3445 3687 3496 καὶ
3739 3443 3891 3509 ἁληθῆ

2363 3529 2558 3596 λέγεις,
2589 3524 2634 3580 ὦ
2662 3529 2962 3600 Σώκρατες.
3021 3531 3235 3602 Ποτέρῳ
3291 3530 3382 3586 οὖν
3425 3530 3489 3586 αὖ
3536 3552 3614 3586 σοι
3659 3536 3798 3586 δοκεῖ
3820 3531 3882 3598 τῷ

2363 3619 2488 3671 εῖδει
2519 3621 2610 3671 καὶ
2639 3621 2702 3670 ὲκ
2730 3620 2835 3672 τῶν
2867 3619 3096 3688 πρόσθεν
3127 3623 3445 3693 εἰρημένων,
3478 3625 3568 3676 καὶ
3597 3625 3661 3675 ὲκ
3681 3624 3784 3674 τῶν
3809 3620 3892 3675 νῦν

2362 3709 2683 3778 λεγομένων,
2715 3712 2750 3779 ὴ
2776 3709 2918 3780 ψυχὴ
2948 3713 3250 3782 ὁμοιότερον
3280 3709 3415 3766 εἶναι
3445 3714 3534 3765 καὶ
3565 3711 3887 3779 συγγενέστε-

2365 3816 2485 3872 ρον;
2543 3801 2655 3862 Πᾶς
2707 3799 2771 3852 ἂν
2791 3839 2804 3863 ,
2836 3801 3016 3872 ἔμοιγε
3044 3804 3206 3867 δοκεῖ,
3236 3800 3270 3874 ἦ
3299 3804 3340 3856 δ’
3389 3804 3476 3866 ὃς,
3520 3803 3848 3872 συγχωρήσω
3870 3839 3888 3864 ,

2361 3884 2406 3942 ὦ
2435 3887 2732 3959 Σώκρατες,
2764 3891 2826 3942 ὲκ
2855 3893 3051 3961 ταύτης
3079 3893 3173 3962 τῆς
3205 3893 3420 3962 μεθόδου
3451 3891 3542 3943 καὶ
3578 3894 3605 3944 ὁ
3640 3889 3884 3960 δυσμαθὲ-

2364 3998 2550 4043 στατος
2570 4020 2584 4042 ,
2615 3983 2695 4034 ὃτι
2724 3983 2826 4052 ὅλῳ
2856 3986 2948 4036 καὶ
2990 3987 3148 4037 παντὶ
3176 3985 3481 4054 ὁμοιότερον
3511 3986 3654 4035 ἐστιν
3700 3986 3732 4053 ἡ
3760 3983 3882 4051 ψυχὴ

2360 4069 2435 4139 τῷ
2456 4071 2538 4122 ἀεὶ
2566 4070 2821 4134 ὡσαύτως
2858 4073 3031 4143 ἔχοντι
3082 4072 3304 4143 μᾶλλον,
3367 4072 3394 4141 ἢ
3450 4071 3525 4141 τῷ
3582 4071 3677 4141 μή.
3731 4071 3790 4123 Τί
3833 4069 3883 4123 δὲ

2359 4162 2420 4213 τὸ
2477 4162 2667 4232 σῶμα;
2743 4165 2830 4234 Τῷ
2884 4166 3070 4235 ἑτέρῳ.
3138 4166 3276 4234 ὐρα
3324 4164 3387 4233 δὴ
3433 4165 3525 4216 καὶ
3585 4165 3734 4233 τῇδε·
3781 4165 3882 4218 ’θτι

2359 4253 2574 4306 ἐπειδὰν
2603 4256 2659 4305 ἐν
2688 4255 2764 4325 τῷ
2792 4255 2935 4326 αύτῷ
2962 4250 3063 4307 ὦσι
3091 4255 3234 4324 ψυχὴ
3264 4255 3546 4326 καὶσῶμα,
3575 4255 3649 4325 τῷ
3681 4258 3771 4326 μὲν
3789 4255 3881 4308 δον·

2358 4344 2531 4398 λεύειν
2560 4348 2650 4398 καὶ
2677 4346 2983 4418 ἄρχεσθαιὴ
3007 4346 3163 4414 φύσις
3184 4347 3522 4416 προστάττει,
3544 4350 3610 4418 τῇ
3637 4348 3691 4401 δὲ
3716 4348 3884 4418 ἄρχειν

2359 4437 2451 4488 καὶ
2499 4437 2802 4501 δεσπόζεινο
2863 4438 2958 4490 καὶ
3010 4437 3147 4488 κατὰ
3177 4431 3345 4489 ταῦτα
3400 4435 3486 4501 αὖ,
3549 4439 3762 4510 πότερόν
3811 4451 3878 4487 σοι

2358 4527 2537 4594 ὅμοιον
2577 4529 2719 4580 δοκεῖ
2758 4529 2834 4597 τῷ
2881 4528 3006 4597 θείῳ
3039 4523 3197 4592 εἶναι,
3229 4528 3320 4580 καὶ
3352 4530 3571 4600 πότερον
3600 4531 3676 4601 τῷ
3695 4525 3880 4595 omni”,

705 4603 826 4640 eum
873 4585 1270 4656 superioribus,
1319 4594 1431 4639 tum
1458 4587 1522 4640 iis
1555 4595 1841 4654 praeterea,
1893 4602 2013 4655 quae
2038 4601 2068 4639 a
2102 4586 2258 4640 nobis

2367 4585 2435 4667 “i1
2465 4619 2524 4669 ού
2553 4618 2696 4670 δοκεῖ
2741 4585 2820 4670 σοι
2856 4620 2916 4671 τὸ
2955 4585 3049 4688 μὲν
3079 4585 3217 4670 θεῖον
3253 4619 3436 4690 ἄρχειν
3463 4585 3521 4672 τε
3566 4585 3676 4673 καί·
3696 4585 3876 4686 ﬁre-pec

705 4682 1000 4734 etiamnum
1045 4681 1422 4750 disputantur,
1472 4681 1768 4747 adductus,
1812 4682 1920 4735 utri
1947 4681 2159 4734 tandem
2193 4695 2256 4735 ex

708 4783 798 4836 illo
829 4784 1025 4852 duplici
1074 4801 1267 4854 genere
1312 4784 1624 4837 similiorem
1670 4782 1930 4847 animum,
1981 4782 2259 4851 magisque

706 4883 992 4942 cognatum
1020 4875 1337 4928 arbitraris?
1388 4873 1555 4928 Nemo
1583 4875 1725 4928 enim
1760 4875 1968 4942 opinor,
2002 4888 2035 4926 ο
2068 4873 2259 4926 Socra-

709 4971 788 5015 tes
809 5001 822 5022 ,
857 4963 1196 5016 tardissimus
1218 4965 1341 5017 licet
1372 4973 1530 5032 atque
1559 4965 1943 5034 pinguisslmus
1963 5005 1978 5029 ,
2021 4980 2126 5017 non
2159 4964 2258 5016 hac

711 5063 796 5109 tua
827 5055 1289 5121 argumentatione
1322 5057 1601 5110 convictus
1627 5066 1900 5126 agnoscat,
1924 5056 1977 5109 iu
2006 5057 2257 5110 omnibus

711 5147 952 5207 omnino,
1001 5152 1205 5196 natura
1236 5144 1309 5195 illi
1343 5147 1656 5199 similiorem
1700 5161 1820 5200 esse
1872 5148 2109 5201 animum
2136 5162 2257 5217 quae

709 5239 894 5292 eodem
943 5253 1001 5291 se
1052 5236 1210 5289 modo
1252 5249 1461 5303 semper
1491 5234 1716 5301 habeat,
1763 5253 1924 5308 quam
1953 5241 2001 5293 ei
2032 5255 2149 5308 qua:
2173 5255 2257 5294 se-

709 5346 826 5385 cus.
860 5329 1070 5398 Corpus
1094 5343 1224 5382 vero
1245 5326 1413 5396 quid?
1448 5328 1614 5380 Alteri
1650 5330 1916 5385 videlicet.
1966 5330 2086 5386 Jam
2124 5331 2252 5385 mihi

709 5436 920 5489 quoque
950 5422 1091 5473 istud
1123 5420 1332 5474 attende
1365 5437 1382 5469 ;
1414 5419 1539 5470 dum
1572 5419 1732 5472 simul
1788 5423 1996 5477 animus
2027 5438 2255 5491 corpus-

709 5530 813 5581 que
844 5523 1157 5576 versantur,
1194 5513 1318 5566 huic
1349 5513 1655 5565 servitutem
1685 5520 1738 5565 et
1766 5513 2084 5584 obsequium
2155 5516 2254 5568 im-

780 5681 801 5707 ι
842 5667 996 5721 Forte
1023 5669 1208 5722 τοῦτον
1240 5671 1329 5723 τὸν
1362 5672 1542 5725 τόπον.

782 5757 1127 5832 Gulf-imper
1166 5757 1292 5832 ca'ir.
1337 5762 1622 5830 Sequentia
1668 5766 1811 5831 leges
1862 5768 1912 5822 iu
1969 5770 2250 5832 Phrtdone,

714 5846 828 5897 pag.
857 5828 957 5882 585
990 5829 1176 5891 Ι-ἰςιιιι,
1205 5828 1621 5888 Scrraniaulem
1660 5828 1742 5888 79'.

2359 4707 2529 4759 νεύειν
2584 4709 2893 4776 πεφυκέναι,
2951 4709 3009 4760 τὺ
3054 4709 3110 4761 δὲ
3159 4710 3344 4781 θνητὸν
3392 4709 3648 4782 ἄρχεσθαί
3692 4724 3746 4759 τε
3798 4703 3872 4756 καὶ

2357 4796 2647 4861 δουλεύειν;
2709 4799 2952 4869 Ἔμοιγε.
3034 4801 3251 4873 Ποτέρῳ
3301 4798 3392 4856 οὖν
3443 4804 3477 4872 ἡ
3532 4797 3673 4868 ψυχὴ
3725 4796 3873 4855 ἔοικεὶ

2357 4887 2582 4956 Δηλαδὴ,
2615 4883 2658 4941 ὦ
2689 4888 2989 4959 Σώκρατες,
3021 4892 3101 4944 ὅτι
3130 4896 3162 4963 ἡ
3196 4895 3292 4964 μὲν
3319 4892 3462 4962 ψυχὴ
3493 4889 3567 4958 “In?!
3587 4888 3728 4956 θείῳ,
3757 4885 3870 4938 τὸδὲ

2358 4977 2513 5046 σῶμα
2567 4977 2640 5046 τῷ
2670 4978 2863 5048 θνητῷ.
2917 4981 3111 5033 Σκόπει
3141 4981 3240 5051 δὴ,
3271 4983 3395 5050 ἔφη,
3437 4973 3482 5029 ὦ
3507 4976 3704 5047 Κέϐης,
3752 4977 3794 5027 el
3818 4975 3869 5026 ἐκ

2358 5071 2570 5122 πάντων
2598 5069 2704 5122 τῶν
2732 5073 3029 5143 εἰρημένων
3048 5074 3172 5127 τάδε
3195 5076 3322 5142 ἡμῖν
3352 5069 3630 5141 ξυμῦαίνει
3649 5088 3662 5099 θ
3691 5067 3762 5140 τῷ
3789 5067 3866 5138 μὲν

2357 5158 2503 5229 θείῳ,
2535 5163 2627 5213 καὶ
2655 5162 2923 5234 ἀθανάτῳ,
2969 5167 3061 5218 καὶ⁵
3089 5163 3280 5232 νοητῷ,
3337 5164 3432 5213 καὶ
3482 5161 3747 5230 μονοειδεῖ,
3792 5157 3869 5210 καὶ

2356 5253 2636 5323 ἁδιαλύτῳ,
2669 5257 2760 5308 καὶ
2789 5258 2875 5309 dei.
2896 5256 3171 5318 ὡσαύτως,
3193 5253 3283 5305 καὶ
3311 5251 3449 5306 κατὰ
3476 5253 3544 5305 τὰ
3571 5253 3703 5306 αὐτὰ
3720 5252 3866 5319 ἔχοντι

2356 5345 2531 5412 ἑαυτὸ,
2562 5349 2869 5418 ὁμοιότατον
2916 5346 3052 5402 εἶναι
3091 5347 3296 5415 ψυχήν·
3341 5345 3415 5416 τῷ
3438 5345 3493 5398 δὲ
3537 5344 3862 5419 ἀνθρωπίνῳν

2355 5438 2446 5489 καὶ
2475 5438 2668 5508 θνητῷ,
2701 5441 2793 5493 καὶ
2821 5440 3046 5507 ἀνοήτῳ,
3073 5437 3163 5488 καὶ
3196 5435 3475 5500 πολυειδεῖ,
3524 5437 3615 5489 καὶ
3640 5428 3857 5496 διαλυτῷ,

2355 5531 2446 5580 καὶ
2479 5531 2738 5601 μηδέποτε
2769 5531 2906 5583 κατὰ
2928 5529 2996 5580 τὰ
3022 5527 3159 5582 αὐτὰ
3188 5527 3358 5597 ἔχοντι
3387 5528 3567 5592 ἑαυτὸ,
3585 5529 3859 5598 όμοώτατῦν

2424 5771 2534 5834 (77)
2567 5774 2741 5842 Ἄλλο
2759 5770 2830 5833 δή
2857 5788 2928 5842 τι.
2969 5769 3371 5842 Ριειιορπιίουι.
3403 5773 3464 5842 δή
3485 5787 3588 5826 non
3616 5763 3851 5838 agnoscit.

2423 5842 2533 5905 (Ἱὸ)
2567 5841 2633 5894 Τὸ
2658 5842 2767 5906 μὲν
2798 5840 2982 5906 σῶμα.
3015 5840 3162 5898 Plato
3191 5843 3226 5910 ἧ
3254 5844 3312 5896 τὸ
3345 5840 3638 5913 μὲν-σῶμα.
