4038 6330
78 445 185 498 921

1275 445 1582 499 ΡΠίΕΡΛΙι.
1623 443 1864 498 EVANG.
1907 443 2027 496 LIB.
2076 443 2160 496 XI.

3197 436 3302 488 nea

76 555 156 611 αὖ
183 555 320 612 εἶναι
349 558 407 611 τὸ
439 559 611 628 σῶμα.
636 559 867 627 ’Έχομέν
895 576 944 610 τι
965 559 1110 631 παρὰ
1127 560 1294 610 ταῦτα
1315 560 1438 612 ἄλλο
1455 559 1628 626 λέγειν

1756 558 1960 625 perium
2009 558 2080 610 illi
2123 565 2283 624 atque
2334 556 2689 615 dominatum,
2734 555 2800 608 ab
2844 556 3069 622 ipsamet
3111 563 3302 607 natura

73 642 128 702 ὦ
162 651 283 718 φίλε
314 651 510 718 Κέϐης,
527 650 600 711 ὡς
621 651 715 718 οὐχ
733 649 900 710 οῦτως
919 650 1056 718 ἔχει;
1081 651 1191 702 Οὐκ
1212 651 1420 718 ἔχομεν.
1449 651 1510 701 Τί
1528 646 1649 711 οῦν;

74 741 292 794 τούτων
318 742 485 803 οῦτως
503 741 748 809 ἐχόντων,
778 737 863 810 ἆρ’
881 742 938 792 οὐ
977 741 1181 810 σώματι
1209 744 1302 810 μὲν
1320 743 1450 810 ταχὺ
1481 742 1652 793 διαλυ-

73 831 243 887 εαθαι
263 834 542 904 προσήκει,
562 833 702 901 ψυχῇ
726 834 778 884 δὲ
801 830 862 884 αὖ
887 835 1200 903 τοπαράπαν
1218 831 1647 902 ἀδιαλύτῳεῖναι,

75 922 114 990 ἢ
153 922 319 990 ἐγγύς
339 940 387 973 τι
411 924 626 987 τούτου;
651 924 770 985 Πῶς
800 924 906 995 γὰρ
931 923 989 975 οῦ
1013 942 1102 987 ;-
1126 925 1364 985 Συννοεῖς
1389 921 1499 985 οὖν,
1524 927 1645 992 ἔφη,

72 1014 164 1065 ὖτι
202 1014 416 1065 ἐπειδὰν
450 1013 692 1082 ἀποθάνῃ
724 1015 750 1063 ὁ
784 1013 1083 1083 ἄνθρωπος,
1114 1014 1172 1065 τὸ
1211 1015 1305 1081 μὲν
1334 1015 1522 1084 ὁρατὸν
1549 1016 1645 1066 αὐ-

72 1108 179 1158 τοῦ
211 1107 270 1158 τὸ
299 1106 452 1176 σῶμα
483 1107 573 1158 καὶ
599 1109 654 1157 ὲν
683 1105 859 1175 ὁρατῴ
893 1106 1158 1175 κείμενον,
1191 1107 1217 1158 ὃ
1241 1106 1302 1175 δὴ
1337 1105 1521 1176 νεκρὸν
1553 1125 1646 1158 κα-

73 1194 302 1265 λοῦμεν,
403 1197 660 1265 προσήκει
704 1193 1026 1257 διαλύεσθαι,
1075 1197 1168 1248 καὶ
1197 1195 1519 1257 διαπίπτειν,
1554 1195 1645 1246 κάι

73 1287 441 1349 διαπνεῖσθαι,
478 1289 572 1339 οὐκ
603 1288 762 1348 εὐθὺς
801 1287 999 1337 τούτων
1029 1287 1176 1339 οὐδὲν
1214 1286 1494 1348 πέπονθεν,
1533 1286 1642 1337 ἀλλ’

76 1378 344 1440 ἐπιεικῶς
383 1377 570 1447 συχνὸν
614 1378 854 1447 ἐπιμένει
901 1377 1112 1448 χρόνον·
1162 1378 1253 1428 ἐὰν
1302 1379 1396 1446 μέν
1432 1396 1512 1440 τις
1555 1380 1644 1430 καὶ

77 1471 381 1538 χαριέντως
416 1471 549 1539 ἔχων
581 1471 639 1522 τὸ
676 1471 828 1540 σῶμα
860 1469 1172 1541 τελευτήσῃ,
1203 1472 1292 1522 καὶ
1324 1473 1379 1521 ἐν
1411 1474 1474 1539 τῇ
1507 1471 1640 1540 αῦτῇ

73 1562 222 1632 ὥρᾳ,
275 1563 365 1613 καὶ
414 1563 547 1614 πάνυ
597 1563 754 1630 μάλα.
807 1562 1087 1630 Συμπεσὸν
1133 1562 1239 1631 γὰρ
1272 1562 1328 1612 τὸ
1363 1563 1516 1630 σῶμα
1551 1564 1642 1613 καὶ

72 1652 416 1723 ταριχευθὲν,
443 1652 625 1722 ῶσπερ
645 1656 691 1704 οἱ
717 1657 771 1704 ὲν
799 1654 1052 1722 Αἰγύπτῳ
1076 1653 1500 1723 ταριχευθέντες,
1529 1653 1638 1704 ἁλί-

75 1761 180 1811 γου
216 1745 331 1799 ὅλον
367 1745 510 1814 μένει
539 1747 813 1812 ἀμήχανον
845 1746 962 1796 ὅσον
993 1745 1194 1814 χρόνον.
1237 1746 1388 1795 Ἕνια
1418 1745 1470 1795 δὲ
1503 1745 1638 1814 μέρη

71 1835 172 1889 τοῦ
209 1835 473 1906 σώματος,
515 1837 606 1888 καὶ
633 1837 723 1888 ἐὰν
759 1840 924 1905 σαπῇ,
955 1838 1086 1888 ὁστᾶ
1111 1853 1167 1887 τε
1202 1837 1292 1889 καὶ
1326 1836 1508 1904 νεῦρα,
1547 1836 1637 1886 καὶ

69 1928 150 1982 τὰ
181 1926 403 1979 τοιαῦτα
443 1928 635 1989 πάντα,
675 1928 837 1995 ὅμως,
883 1927 956 1989 ὼς
990 1927 1115 1989 ἕπος
1161 1929 1350 1987 εἰπεῖν,
1399 1925 1636 1978 ἀθάνατά

73 2021 248 2081 ἐστιν,
279 2019 311 2088 ἢ
343 2017 400 2069 οὔ
423 2037 436 2083 ;
462 2048 528 2057 -
555 2019 676 2070 Ναί.
725 2019 879 2070 Ἡδὲ
909 2017 1051 2087 ψυχὴ
1093 2019 1216 2086 ἀρα,
1256 2017 1334 2086 (τὸ
1360 2017 1548 2078 ἀειδὲς,
1580 2016 1638 2068 τὸ

70 2112 159 2173 εἰς
191 2110 424 2163 τοιοῦτον
466 2111 624 2163 τόπον
673 2111 855 2181 ἕτερον
895 2111 1189 2180 οἰχόμενον,
1235 2113 1496 2177 γενναῖον,
1547 2109 1638 2160 καὶ

67 2203 336 2274 καθαρὸν,
361 2204 472 2255 ’καὶ
513 2204 684 2274 ἀειδῆ,
722 2207 799 2266 εἰς
832 2203 977 2274 ᾅδου,
1009 2203 1082 2264 ὡς
1110 2202 1338 2272 ἀληθῶς,
1368 2202 1516 2271 παρὰ
1548 2200 1637 2252 τὸν

68 2294 282 2361 ἀγαθὸν
316 2296 407 2347 καὶ
442 2295 696 2365 φρόνιμον
723 2293 872 2368 Θεὸν,
905 2290 971 2358 οἵ,
1009 2296 1100 2346 ἐὰν
1127 2297 1152 2346 ὁ
1176 2294 1303 2355 Θεὸς
1333 2294 1504 2364 ἐθέλῃ,
1539 2294 1636 2344 αὺ-

65 2385 206 2438 τίκα
235 2387 325 2439 καὶ
454 2389 558 2456 ἐμῇ
587 2386 727 2455 ψυχῇ
761 2385 944 2454 ἰτέονο)
968 2385 1102 2454 αὕτη
1138 2385 1191 2436 δὲ
1224 2386 1284 2454 δὴ
1317 2386 1445 2454 ἡμῖν
1473 2387 1504 2452 ἠ
1529 2399 1636 2435 τοι-

65 2478 247 2548 αύτη,
294 2480 386 2530 καὶ
424 2478 565 2531 οὕτω
600 2480 888 2546 πεφυκυῖα,
937 2476 1373 2544 ἀπαλλαττομένη
1408 2474 1498 2526 τοῦ
1537 2473 1636 2525 σώ-

70 2588 267 2642 ματος,
298 2571 454 2632 εὐθὺς
483 2570 893 2639 διαπεφύσηται,
930 2571 1022 2621 καὶ
1051 2569 1342 2626 ἀπόλωλεν,
1377 2566 1449 2627 ὥς
1478 2581 1635 2632 φασιν

67 2665 125 2715 οἱ
189 2663 370 2716 πολλοὶ
428 2663 731 2732 ἄνθρωποι;
783 2659 982 2713 Πολλοῦ
1022 2678 1084 2727 γε
1142 2660 1234 2712 καὶ
1281 2658 1389 2718 δεῖ,
1433 2651 1476 2707 ὦ
1520 2655 1634 2723 φίλε

70 2751 258 2821 Κέϐης
285 2770 342 2804 τε
374 2755 464 2806 καὶ
496 2753 719 2822 Σιμμία.
767 2752 924 2804 Ἀλλά
957 2749 1132 2818 πολλῷ
1164 2750 1357 2820 μᾶλλον
1381 2743 1478 2802 ὧδε
1503 2747 1631 2816 ἔχει’

82 2842 212 2894 Ἐὰν
241 2843 335 2911 μὲν
362 2844 573 2915 καθαρὰ
605 2843 1006 2913 ἀπαλλάττηται
1038 2841 1127 2893 τοῦ
1161 2841 1425 2910 σώματος,
1475 2840 1633 2910 μηδὲν

70 2933 490 3001 συνεφέλκουσα,
519 2935 611 2986 ἆτε
643 2934 790 2986 οὐδὲν
821 2934 1143 2986 κοινωνοῦσα
1174 2931 1317 2999 αὐτῷ
1350 2934 1404 2984 ὲν
1429 2931 1503 3000 τῷ
1539 2931 1634 2999 βίῳ

66 3020 276 3073 ἑκοῦσα
307 3020 479 3086 εἶναι,
522 3023 656 3076 ἀλλά
710 3022 978 3090 φεύγουσα
1024 3022 1179 3083 αὑτὸῖ
1222 3021 1311 3073 καὶ
1360 3020 1636 3092 συνηθροι-

68 3111 248 3182 σμένη
274 3112 408 3182 αὐτὴ
446 3115 525 3177 εἰς
553 3112 766 3183 ἑαυτὴν,
790 3113 882 3165 ἆτε
916 3111 1191 3182 μελετῶσα
1215 3110 1322 3180 (79)
1352 3111 1435 3162 ἀεὶ
1457 3109 1628 3162 τοῦτο·

1756 647 2062 700 mandatum
2111 660 2250 698 esse.
2297 645 2504 710 Quibus
2531 659 2561 698 e
2595 641 2801 696 duobus
2821 653 2997 696 utrum
3031 658 3186 712 porro
3217 645 3298 696 di-

1753 741 1907 803 vina},
1941 750 2116 792 utrum
2143 739 2353 792 mortali
2386 748 2588 799 natura:
2618 735 2768 788 aﬂine
2799 736 3120 789 arbitraris?
3162 735 3300 790 Num

1752 833 1846 886 tibi
1883 840 1940 884 ut
1970 833 2232 899 imperare
2260 845 2324 882 ac
2356 828 2656 892 moderari,
2689 828 2949 888 divinum,
2984 827 3054 880 ita
3079 827 3301 898 obquui

1751 939 1813 976 ac
1849 924 2071 986 servire,
2117 923 2343 976 mortale
2372 921 2469 973 tibi
2505 919 2756 988 quiddam
2784 919 3028 972 videtur?
3081 917 3302 974 Videtur

1748 1030 1895 1069 sane.
1958 1012 2144 1068 Utrius
2199 1029 2326 1082 ergo
2373 1012 2564 1065 similis
2604 1012 2812 1063 animus
2837 1010 2955 1063 est?
3014 1009 3304 1064 Enimvero

1746 1106 1939 1159 divina}
1966 1105 2239 1167 animum,
2289 1119 2484 1172 corpus
2513 1103 2722 1155 mortali
2753 1102 2926 1155 simile
2964 1117 3080 1158 esse
3110 1101 3296 1170 liquet,

1746 1209 1777 1246 o
1808 1192 2071 1247 Socrates.
2115 1192 2242 1246 Vide
2269 1194 2450 1261 igitur,
2483 1193 2675 1260 inquit,
2718 1207 2750 1245 o
2782 1191 2967 1254 Cebes,
2994 1207 3119 1244 num
3154 1194 3203 1246 id
3230 1210 3294 1246 ex

1745 1285 2112 1354 superioribus
2159 1287 2411 1340 omnibus
2465 1299 2878 1357 consequatur:
2919 1291 3139 1355 divinae,
3191 1293 3294 1346 im-

1745 1376 1990 1438 mortali,
2043 1376 2304 1442 spiritali,
2336 1377 2599 1446 simplici,
2653 1380 3044 1446 indissolubili,
3086 1398 3300 1450 unoque

1745 1483 1954 1536 semper
1979 1476 2029 1520 et
2061 1468 2244 1520 eodem
2281 1484 2336 1520 se
2367 1470 2524 1521 modo
2553 1470 2766 1523 habenti
2813 1482 3049 1538 natura,
3088 1475 3298 1528 similli-

1742 1576 1887 1611 mum
1915 1575 2034 1612 csse
2062 1560 2297 1612 animum
2331 1577 2345 1614 :
2380 1576 2574 1629 corpus
2606 1573 2810 1625 contra,
2853 1564 3117 1628 humanae,
3151 1582 3296 1619 mor-

1743 1650 1854 1712 tali,
1903 1649 2098 1702 mentis
2140 1651 2363 1717 experti,
2395 1652 2698 1720 multiplici,
2734 1654 2988 1708 solutioni
3031 1657 3293 1715 obnoxiae.

1742 1756 1838 1794 nec
1868 1742 2124 1794 rationem
2157 1758 2366 1810 semper
2387 1744 2627 1796 eamdem
2674 1746 2985 1814 vultumque
3025 1748 3292 1806 retinenti.

1742 1831 2094 1886 simillimum.
2163 1833 2420 1886 Causaene
2489 1835 2718 1889 dicimus
2782 1838 3014 1906 aliquid,
3085 1839 3292 1892 charis-

1739 1923 1873 1976 sime
1903 1924 2106 1986 Cebes,
2155 1926 2447 1991 quominus
2477 1942 2600 1980 vera
2648 1927 2746 1981 ista
2779 1929 3097 1982 videantur?
3149 1928 3293 1983 Nihil

1737 2015 1909 2082 plane.
1971 2012 2093 2068 Haec
2118 2031 2243 2084 ergo
2276 2032 2395 2069 cum
2431 2018 2500 2070 ita
2549 2019 2675 2083 sint,
2729 2021 2968 2089 nunquid
3015 2023 3291 2091 proprium

1737 2104 1789 2157 id
1834 2107 2078 2174 corporis
2127 2115 2229 2171 est,
2280 2106 2356 2159 uti
2404 2107 2550 2161 brevi
2593 2109 2853 2174 solvatur,
2886 2112 3049 2164 animi
3083 2122 3289 2176 contra,

1735 2199 1817 2253 vel
1863 2209 1921 2252 ut
1967 2216 2240 2268 nunquam
2277 2201 2490 2268 penitus
2535 2202 2752 2256 dissolvi
2787 2206 2987 2273 possit,
3023 2208 3102 2260 vel
3147 2208 3290 2262 aliud

1735 2289 1987 2357 quiddam
2042 2290 2202 2356 hujus
2249 2291 2805 2348 conditionis‘aﬂine?
2853 2295 3008 2366 553
3061 2298 3287 2367 Quippe.

1733 2381 1849 2435 Jam
1880 2381 2128 2450 intelligis
2174 2383 2286 2451 ipse
2318 2399 2546 2449 mecum,
2580 2387 2769 2454 inquit,
2805 2389 2892 2441 ubi
2928 2391 3087 2442 homo
3120 2391 3288 2444 inter-

1735 2475 1875 2538 ierit,
1928 2489 2125 2542 corpus
2174 2475 2274 2529 hoc
2319 2476 2435 2543 ejus
2479 2478 2834 2545 aspectabile,
2871 2481 3011 2548 quod
3043 2481 3093 2533 in
3129 2498 3184 2534 re
3217 2484 3286 2536 si-

1734 2567 1932 2619 militer
1980 2566 2291 2634 aspectabili
2316 2566 2475 2634 jacet.
2512 2583 2630 2637 qua:
2680 2584 2709 2620 a
2755 2569 2909 2624 nobis
2943 2571 3168 2624 cadaver
3193 2589 3287 2641 ap-

1734 2657 2152 2727 pellatur,cujus
2187 2658 2237 2711 id
2267 2660 2538 2727 proprium
2568 2669 2669 2723 est,
2696 2670 2752 2715 ut
2781 2663 3038 2728 solvatur,
3061 2663 3281 2725 dillluat,

1733 2757 2040 2812 evanescat,
2082 2749 2344 2818 ejusmodi
2403 2760 2578 2805 tamen
2612 2753 2868 2807 continuo
2903 2754 3084 2807 subire
3114 2756 3286 2818 nihil;

1735 2841 1825 2894 sed
1858 2839 2034 2908 potius
2065 2842 2198 2893 satis
2233 2841 2396 2894 multo
2449 2851 2687 2910 tempore
2738 2845 3034 2898 consistere
3082 2865 3092 2897 :
3131 2848 3290 2899 adeo-

1735 2945 1837 2998 que
1867 2931 1910 2983 si
1942 2931 2062 2998 quis
2090 2929 2327 2984 formoso
2370 2941 2421 2984 et
2467 2934 2688 3002 eleganti
2724 2949 2945 3002 corpore
2976 2935 3284 2999 decesserit,

1736 3021 1881 3075 illam
1916 3021 2084 3088 ipsam
2118 3020 2430 3090 dignitatem
2482 3038 2544 3075 ac
2589 3024 2819 3090 speciem
2849 3024 3133 3077 admodum
3159 3029 3288 3079 reli-

1737 3129 1880 3168 nere.
1925 3112 1987 3166 Et
2011 3126 2138 3165 vero
2170 3121 2509 3178 posteaquam
2539 3113 2866 3167 exsiccatum
2910 3115 3068 3168 fuerit
3097 3118 3284 3171 condi-

70 3203 254 3274 (τοῦτο
278 3205 333 3256 δὲ
363 3205 510 3259 οὐδὲν
542 3206 668 3260 ἄλλο
696 3207 838 3257 ἐστὶν
867 3204 898 3274 ἦ
932 3203 1103 3274 ὀρθῶς
1131 3201 1510 3270 φιλοσοφοῦσα,
1543 3203 1633 3254 καὶ

1738 3217 1956 3276 tumque
1999 3223 2215 3276 corpus,
2267 3217 2319 3260 ut
2351 3207 2440 3276 qui
2471 3208 2609 3275 apud
2646 3207 2926 3278 Egyptios
2960 3211 3165 3263 condiri
3196 3225 3287 3265 so-

68 3295 151 3365 τῴ
183 3295 294 3348 ὖντι
318 3295 561 3350 τεθνάναι
596 3296 869 3367 μελετῶσα
900 3293 1110 3365 ῥαδίως·
1145 3295 1175 3364 ἢ
1201 3295 1259 3345 οὺ
1289 3293 1428 3344 τοῦτ’
1455 3292 1518 3344 ἂν
1547 3293 1627 3362 εἴη

72 3386 272 3456 μελέτη
305 3386 530 3440 θανάτου
555 3405 568 3453 ;
592 3419 658 3428 ——
682 3385 994 3440 Παντάπασί
1020 3383 1128 3453 γε’)
1153 3384 1345 3436 οὐκοῦν
1372 3384 1509 3435 οὕτω
1535 3382 1630 3452 μὲν

69 3480 290 3549 ἔχουσα,
335 3479 412 3540 εἰς
441 3478 501 3529 τὸ
530 3478 709 3546 ὅμοιον
748 3479 880 3548 αὐτῇ
930 3476 986 3529 τὺ
1018 3474 1190 3536 ἀειδὲς
1222 3474 1536 3542 ἀπέρχεται,
1573 3473 1630 3523 τὸ

69 3571 216 3624 Θεῖόν
240 3587 321 3634 τε,
351 3570 444 3622 καὶ
475 3569 757 3632 ἀθάνατον,
792 3570 884 3621 καὶ
929 3569 1202 3638 φρόνιμον·
1244 3558 1299 3616 οἵ
1333 3564 1630 3634 ἀφικομένῃ

68 3664 308 3733 ὑπάρχει
353 3662 488 3732 αὐτῇ
533 3661 805 3730 εὐδαίμονι
848 3658 1004 3723 εἶναι,
1045 3659 1270 3726 πλάνης,
1306 3657 1398 3710 καὶ
1428 3656 1627 3718 ἀνοίας,

69 3757 166 3809 καὶ
206 3753 406 3823 φόϐων,
441 3752 532 3806 καὶ
574 3753 776 3824 ἀγρίων
808 3751 1041 3821 ὲρὼτων,
1079 3753 1171 3804 καὶ
1198 3751 1304 3803 τῶν
1332 3750 1501 3802 ἄλλων
1532 3767 1629 3801 κα-

69 3846 186 3899 κῶν
216 3845 324 3898 τῶν
356 3844 702 3916 ἀνθρωπείων
727 3842 1132 3912 ἀπηλλαγμένῃ.
1162 3843 1367 3912 Ὥσπερ
1397 3841 1452 3892 δὲ
1483 3839 1631 3906 λέγε-

68 3953 161 3990 ται
207 3937 344 3990 κατὰ
374 3936 480 3988 τῶν
513 3935 894 4005 μεμυημένων,
943 3933 1018 3993 ὼς
1071 3931 1280 4001 ἀληθῶς
1329 3932 1416 3983 τὸν
1450 3931 1630 3982 λοιπὸν

69 4026 260 4097 χρόνον
294 4026 429 4097 μετά
454 4025 588 4078 θεῶν
621 4025 892 4092 διὰγουσα·
935 4021 1075 4074 οὕτω
1103 4020 1309 4089 φῶμεν,
1343 4016 1387 4073 ῶ
1426 4019 1626 4088 Κέϐης,

69 4118 104 4189 ἢ
138 4117 342 4182 ἀλλωςς
376 4150 445 4158 —
469 4118 652 4180 υῦτως
685 4118 748 4188 νὴ
775 4117 890 4177 Δία,
927 4115 1026 4184 ἔφη
1059 4115 1086 4164 ὁ
1110 4112 1308 4182 Κέϐης.
1344 4114 1437 4164 "Av
1465 4111 1519 4162 δέ
1546 4127 1628 4177 γε,

67 4203 245 4278 οἶμαι,
278 4208 615 4278 μεμιασμένη
639 4208 730 4259 καὶ
752 4205 1052 4274 ἀκάθαρτος
1072 4201 1163 4254 τοῦ
1193 4199 1438 4270 σώματος
1461 4201 1631 4252 ἀπαλ-

68 4299 348 4368 λάττηται,
383 4299 477 4350 ἅτε
517 4298 724 4368 σώματι
759 4300 844 4351 ἀεὶ
871 4296 1125 4364 ξυνοῦσα,
1162 4296 1252 4346 καὶ
1284 4292 1439 4344 τοῦτο
1470 4293 1628 4363 θερα--

70 4389 333 4457 πεύουσα,
370 4388 462 4441 καὶ
506 4389 705 4459 ὲρῶσα,
755 4389 846 4441 καὶ
885 4386 1244 4459 γοητευομένη
1300 4385 1388 4436 ὑπ’
1445 4384 1627 4443 αὐτοῦ,

72 4484 179 4542 ὑπό
209 4499 268 4535 τε
297 4480 401 4534 τῶν
439 4480 738 4549 ἐπιθυμιῶν
759 4483 852 4534 καὶ
885 4481 1102 4552 ἡδονῶν,
1136 4479 1273 4530 ὥστε
1315 4477 1475 4547 μηδὲν
1507 4475 1630 4528 ἄλλο

1733 3302 1860 3362 lent,
1893 3300 2088 3352 mirum
2118 3298 2354 3366 quandiu
2393 3307 2560 3352 totum
2613 3299 2722 3354 fere
2765 3300 3136 3370 integrumque
3176 3317 3288 3355 ma-

1731 3398 1872 3446 neat.
1930 3387 2069 3453 Quin
2117 3397 2170 3441 et
2211 3398 2389 3457 partes
2418 3391 2658 3459 corporis
2683 3391 2908 3460 aliqum,
2943 3395 3151 3447 tametsi
3177 3395 3288 3463 jam

1729 3480 2048 3543 extabucrit,
2082 3494 2206 3532 ossa
2255 3479 2535 3543 videlicet,
2574 3483 2743 3544 nervi,
2787 3499 2850 3537 ac
2897 3495 3102 3539 caetera:
3127 3487 3174 3538 id
3199 3501 3289 3554 ge-

1732 3587 1833 3624 nus
1863 3585 2073 3634 omnes,
2108 3569 2462 3629 immm'talcs,
2518 3586 2655 3639 pene
2703 3573 2950 3634 dixerim,
2999 3587 3288 3643 supersunt

1731 3659 1858 3726 ipsa:
1887 3668 2085 3724 tamen,
2120 3659 2336 3712 nonne?
2397 3658 2486 3713 Sic
2517 3669 2618 3713 est.
2683 3661 2753 3712 At
2775 3675 2921 3721 vero,
2959 3661 3170 3716 animus
3201 3662 3290 3716 ille

1730 3760 1912 3804 noster
1946 3750 2057 3818 (qui
2084 3751 2247 3804 videri
2277 3765 2382 3802 nou
2413 3759 2603 3818 potest,
2643 3750 2734 3818 qui
2770 3751 2822 3804 in
2850 3753 3070 3806 alteram
3100 3770 3288 3815 quam-

1729 3842 1848 3895 dam
1882 3841 2224 3910 similemque
2251 3843 2430 3896 sedem
2464 3844 2846 3912 commigrans,
2880 3859 3103 3913 eamque
3130 3844 3284 3898 nobi—

1730 3932 1830 3985 lem
1863 3932 2023 3985 simul
2049 3939 2102 3984 et
2131 3941 2358 3995 castam,
2389 3943 2548 4001 atque
2590 3934 2658 3988 ab
2703 3935 2850 3988 omni
2886 3947 3171 4003 conspectu
3202 3950 3286 3988 se-

1726 4023 1965 4092 junctam
2029 4024 2168 4092 apud
2221 4021 2455 4086 inferos,
2508 4026 2572 4079 ad
2618 4026 2816 4079 bonum
2868 4027 3095 4094 aliquem
3143 4026 3285 4079 haud

1730 4116 1890 4170 dubie
1937 4116 2344 4184 sapientemque
2379 4117 2545 4170 Deum
2591 4117 2975 4186 proficiscitur;
3017 4133 3123 4184 quo
3165 4118 3288 4185 qui-

1731 4209 1872 4271 dem,
1923 4209 1968 4262 si
2019 4206 2126 4261 Deo
2174 4208 2466 4275 placuerit,
2499 4209 2678 4262 animo
2704 4209 2789 4261 isti
2821 4223 2940 4260 meo
2980 4208 3282 4264 abeundum

1726 4299 1947 4368 jamjam
1975 4299 2130 4367 erit);
2158 4299 2263 4358 ille,
2286 4300 2523 4366 inquam,
2548 4306 2728 4352 noster
2760 4297 3132 4360 animus,talis
3158 4316 3283 4354 cum

1731 4391 1799 4444 sit
1842 4391 1909 4444 ab
1957 4400 2145 4444 natura
2172 4401 2342 4453 salus,
2389 4389 2547 4441 simul
2581 4399 2742 4458 atque
2767 4390 3025 4446 liberatus
3059 4408 3285 4462 corpore

1732 4480 1910 4544 fuerit,
1945 4488 2226 4534 evanescet
2263 4480 2425 4540 illico,
2483 4495 2546 4532 ac
2572 4477 2836 4545 funditus,
2885 4493 2944 4535 ut
2971 4483 3160 4552 vulgus
3187 4485 3283 4536 ho—

69 4577 244 4632 δυεῖν
273 4569 408 4626 εἶναι
439 4573 631 4643 ἀληθὲς
660 4573 769 4624 ἀλλ’
804 4574 834 4643 ἢ
872 4573 931 4626 τὸ
967 4569 1339 4642 σωματοειδὲς,
1373 4563 1430 4619 οῦ
1460 4568 1522 4619 ἄν
1554 4583 1633 4626 τις

1737 4572 1941 4624 miuum
1976 4569 2232 4638 loquitur,
2270 4570 2542 4622 interibit?
2596 4569 2924 4627 Permultum
2977 4575 3024 4627 id
3070 4574 3282 4641 quidem

68 4669 286 4737 ἅψαιτο,
329 4666 422 4719 καὶ
454 4665 570 4726 ἴδοι,
607 4665 698 4717 καὶ
732 4665 886 4728 πίοι,,
911 4667 1005 4737 καὶ¹
1032 4665 1213 4733 φάγοι,
1254 4661 1345 4714 καὶ⁴
1389 4660 1522 4729 πρὸς
1564 4658 1628 4710 τὰ

69 4760 358 4832 ἀφροδίσια
372 4760 656 4830 χρήσαιτο·
687 4757 746 4807 τὸ
777 4755 831 4807 δὲ
865 4759 971 4818 τοῖς
1002 4757 1208 4826 ὅμμασι
1239 4753 1514 4813 σκοτῶδες,
1540 4751 1630 4802 καὶ

69 4853 464 4922 ἀειδὲς,ναητὸν
485 4851 539 4903 δὲ
562 4849 652 4902 καὶ
675 4848 955 4918 φιλοσοφία
972 4849 1203 4918 αἱρετὸν,
1240 4848 1394 4900 τοῦτο
1423 4845 1476 4896 δὲ
1503 4842 1633 4894 εἰθι-

70 4943 246 5016 σμένη
279 4946 454 5014 μισεῖν
476 4961 553 5005 τε,
580 4943 670 4994 καὶ
701 4940 936 5009 τρέμεα,
979 4940 1071 4992 καὶ
1107 4939 1340 5006 φεύγειν·
1400 4937 1539 4990 οὕτω
1570 4934 1631 5003 δὴ

70 5034 300 5100 ἔχουσαν
319 5032 420 5086 οῐει
438 5033 612 5104 ψυχὴν
633 5029 796 5098 αὐτὴν
827 5027 945 5080 καθ’
981 5027 1147 5096 αὐτὴν
1172 5029 1432 5098 εἰλικρινῆ
1465 5025 1633 5079 ἀπαλ-

69 5120 352 5186 λάξεσθαι;
377 5123 498 5177 Οὐδ’
529 5119 844 5181 ὁπωστιοῦν,
890 5118 1008 5185 ἔφη.
1038 5137 1055 5168 ι
1091 5119 1273 5171 Ταῦτα
1303 5123 1330 5172 ὁ
1391 5118 1628 5171 Πλάτων.

70 5210 389 5275 Ἐξαπλοῖδὲ
408 5212 503 5282 τὴν
518 5214 748 5267 διάνοιαν
763 5214 790 5264 ὁ
808 5209 1124 5280 Πορφύριος,
1141 5211 1195 5266 ὲν
1218 5210 1295 5278 τῷ
1314 5211 1507 5282 πρώτῳ
1528 5208 1633 5260 τῶν

70 5306 206 5375 πρὸς
224 5299 424 5372 Βοηθδν
438 5303 576 5369 Περὶ
597 5303 802 5374 ψυχῆς
818 5302 999 5355 τοῦτον
1031 5299 1254 5370 γράφων
1270 5301 1358 5353 τὸν
1386 5303 1599 5372 τρόπον.

1733 4661 1899 4718 abest,
1935 4659 2004 4712 mi
2031 4659 2222 4721 Cebes,
2257 4669 2420 4727 tuque
2445 4675 2475 4713 o
2502 4658 2748 4715 Simmia.
2799 4665 2911 4716 lmo
2933 4664 3084 4730 longe
3109 4661 3286 4729 profe-

1731 4762 1816 4806 cto
1845 4753 2024 4806 verius
2053 4752 2193 4819 quod
2223 4751 2483 4819 sequitur.
2530 4752 2585 4806 Si
2631 4770 2796 4823 purus
2825 4770 2891 4808 ex
2913 4768 3135 4821 corpore
3169 4754 3282 4808 dis-

1730 4843 1975 4911 cesserit,
2018 4843 2258 4911 nihilque
2306 4859 2489 4898 secum
2540 4861 2601 4899 ex
2632 4862 2695 4900 eo
2725 4846 2961 4908 trahens,
2993 4843 3139 4911 quod
3164 4843 3286 4898 nul-

1738 4935 1845 4987 lum
1877 4949 2108 5001 unquam
2156 4934 2255 4988 hac
2280 4933 2332 4987 in
2360 4935 2468 4990 vita
2497 4953 2617 4990 cum
2643 4952 2708 4990 eo
2733 4935 2964 5004 prudens
2996 4934 3291 5004 volensque

1738 5029 2117 5084 commercium
2145 5030 2424 5096 habuerit,
2471 5032 2562 5086 sed
2591 5031 2763 5100 potius
2791 5028 2918 5082 illud
2949 5029 3157 5096 fugiens
3177 5070 3189 5090 ,
3228 5029 3284 5083 in

1741 5142 1796 5180 se
1824 5124 1998 5190 ipsum
2029 5121 2288 5178 collectus
2322 5123 2631 5194 perstiterit,
2678 5118 2822 5188 quod
2866 5120 2917 5172 in
2963 5133 3027 5172 eo
3060 5119 3288 5173 medita-

1739 5213 1901 5267 tionis
1925 5228 2116 5282 genere
2144 5223 2289 5268 totus
2318 5228 2527 5282 semper
2550 5219 2692 5264 esset
2724 5209 2886 5278 (quod
2909 5209 3036 5262 dum
3071 5208 3281 5275 agebat,

1744 5304 1844 5356 hoc
1874 5317 2003 5355 sane
2034 5302 2224 5371 agebat
2251 5318 2436 5364 unum,
2482 5301 2557 5352 uti
2605 5305 2748 5354 recte
2797 5299 3283 5368 philosopharetur,

70 5415 133 5453 ac
159 5410 216 5449 re
245 5395 357 5463 ipsa
383 5391 536 5447 facile
562 5395 822 5449 moriendi
856 5395 1114 5447 rationem
1147 5407 1328 5445 secum
1371 5393 1485 5460 ipse
1547 5403 1812 5456 versaret,
1853 5393 1982 5462 quid
2009 5393 2190 5447 enim?
2235 5408 2301 5445 an
2333 5393 2444 5444 haec
2475 5390 2569 5442 tibi
2600 5390 2789 5450 mortis
2854 5389 3128 5462 meditatio
3178 5409 3285 5447 non

71 5487 317 5546 videtur?
363 5485 435 5540 Ita
465 5487 642 5554 plane)
677 5505 690 5540 :
727 5488 959 5552 animus,
991 5487 1231 5554 inquam,
1258 5484 1358 5537 hoc
1386 5495 1526 5540 statu
1566 5489 1612 5541 si
1649 5488 1907 5547 discedet.
1952 5486 2018 5539 ad
2053 5486 2178 5538 illud
2230 5484 2487 5537 continuo
2534 5498 2653 5536 sese
2725 5483 2963 5550 recipiet,
3001 5483 3144 5552 quod
3203 5488 3286 5539 al"-

71 5589 180 5641 iine
209 5583 308 5638 sibi
334 5592 435 5643 est,
470 5581 804 5651 spectarique
837 5599 941 5635 non
968 5590 1161 5652 potest,
1194 5580 1434 5633 divinum
1497 5583 1752 5650 quiddam
1812 5583 2015 5650 utique,
2077 5577 2381 5632 immortale
2444 5577 2603 5630 simul
2652 5591 2715 5631 ac
2767 5577 3000 5645 sapiens,
3049 5594 3287 5646 quocum

72 5678 406 5751 pervenerit,
454 5687 568 5729 tum
616 5676 830 5730 demum
879 5677 1002 5732 felix
1049 5692 1169 5731 esse
1201 5676 1414 5744 incipit,
1473 5676 1541 5730 ab
1599 5693 1801 5744 errore,
1835 5675 2065 5735 inscitia,
2135 5672 2451 5733 terroribus,
2501 5671 2702 5726 insanis
2761 5670 3064 5731 amoribus.
3099 5687 3161 5726 ac
3193 5687 3285 5728 re.

145 5835 258 5904 (79)
307 5832 654 5898 Μελετῶσα,
693 5838 774 5886 etc
844 5813 1098 5887 t‘criodus
1157 5831 1429 5887 Platonico
1481 5845 1630 5885 more
1665 5831 1943 5898 producta,
1979 5840 2257 5896 suspensa,
2293 5825 2566 5894 impedita.
