4004 6342
769 497 876 551 923
1038 552 1041 553 ν
1409 497 1675 556 EUSEBII
1714 499 2193 557 CAESARIENSIS
2228 497 2377 554 OPP.
2419 496 2599 552 PARS
2631 497 2692 551 Il.
2732 529 2800 539 —
2835 495 3329 552 APOLOGETICA.
3864 489 3937 541 ενδ-4

766 616 909 684 liqua
957 618 1217 672 malorum
1260 619 1618 674 humanorum
1667 624 1987 691 contagione
2035 622 2312 674 liberatus.
2351 619 2559 687 Atque,
2613 628 2670 670 ut
2710 617 2777 671 de
2808 617 3029 670 initiatis
3092 614 3201 668 dici
3261 613 3420 681 vulgo
3448 609 3617 670 solet,
3666 606 3722 658 in
3753 604 3938 658 deorum

764 710 1283 780 societatedeiuceps
1299 720 1445 766 totus
1462 729 1583 769 vere
1607 730 1669 767 ac
1687 725 1974 783 perpetuus
2035 725 2134 769 est.
2206 714 2395 768 Utrum
2435 712 2527 764 tibi
2562 712 2699 772 hoc,
2744 710 2816 763 mi
2847 706 3051 769 Cebes,
3078 722 3248 777 genus
3290 701 3550 798 orationis
3589 698 3938 798 probatur-.19

763 803 906 856 aliud
933 806 1145 871 placet?
1194 805 1320 858 Mihi
1350 822 1477 861 vero
1532 809 1822 861 admodum
1884 810 2161 877 probatur,
2213 807 2387 889 inquit
2422 806 2628 865 Cebes,
2674 804 2747 855 ita
2775 817 2860 856 me
2884 799 3090 870 Jupiter
3129 807 3288 851 amet.
3324 793 3487 889 55‘.
3508 793 3577 889 at
3607 804 3770 889 vero.
3802 788 3937 889 Oiddi.

761 895 983 962 opinor,
1032 895 1077 949 si
1120 898 1520 951 contaminatus
1548 914 1613 953 ex
1643 915 1869 969 corpore
1898 888 2317 969 inquinatusque
2353 896 2625 967 migrabit,
2689 894 2832 962 quod
2896 892 3145 946 assiduus
3168 905 3289 943 cum
3315 886 3585 948 coluerit,
3621 880 3767 953 quod
3802 880 3939 947 ipsum

759 988 987 1040 coluerit
1016 999 1179 1058 atque
1207 993 1501 1057 amaverit,
1536 994 1761 1062 ejusque
1819 995 1981 1049 simul
2041 995 2393 1064 cupiditatum
2432 980 2873 1059 voluptatumque
2930 988 3209 1041 veneﬁciis
3261 999 3430 1054 usque
3484 981 3621 1081 adeo
3681 978 3941 1081 fasciuaw!

758 1089 1056 1148 captusque
1108 1082 1298 1147 luerit,
1352 1084 1486 1136 nihil
1546 1094 1602 1138 ut
1655 1086 1799 1139 aliud
1870 1102 2049 1140 rerum
2103 1094 2334 1154 putaret,
2406 1096 2570 1152 quam
2616 1081 2761 1150 quod
2822 1089 2963 1134 esset
3003 1091 3355 1149 corporeum,
3405 1074 3547 1145 quod
3597 1082 3746 1126 tactu
3792 1074 3942 1123 visure

761 1170 1142 1237 perciperetur,
1192 1172 1335 1241 quod
1370 1174 1712 1241 poculentutn
1740 1186 1833 1230 aut
1858 1178 2193 1231 esculentum
2224 1183 2386 1239 esset,
2450 1184 2543 1228 aut
2596 1176 2650 1227 in
2678 1174 2841 1227 rebus
2867 1172 3110 1225 venereis
3175 1169 3351 1223 locum
3417 1166 3637 1220 haberet
3666 1181 3681 1216 :
3713 1163 3942 1232 quidquid

759 1275 934 1317 autem
981 1266 1060 1320 sic
1102 1269 1276 1320 oculis
1307 1270 1597 1323 obscurum
1626 1278 1802 1335 esset,
1835 1280 1893 1325 ut
1916 1272 1983 1325 ab
2011 1272 2078 1326 iis
2127 1287 2233 1325 non
2298 1270 2570 1324 videretur
2610 1268 2847 1336 quidem,
2899 1265 2991 1319 sed
3037 1271 3215 1317 mente
3253 1271 3431 1317 tamen
3498 1274 3562 1314 ac
3623 1256 3941 1327 philosophi:

757 1358 808 1407 \i
834 1368 1135 1424 caperetur,
1166 1360 1216 1411 id
1250 1368 1419 1412 totum
1480 1360 1680 1421 odisse.
1713 1361 2002 1415 formidare
2046 1377 2112 1416 ac
2160 1360 2349 1431 lugere
2386 1361 2583 1415 soleret
2618 1377 2630 1411 :
2666 1373 2734 1410 an
2765 1365 2823 1410 tu
2850 1370 2997 1431 eum,
3070 1353 3165 1423 qui
3191 1360 3529 1421 comparatus
3560 1348 3633 1401 ita
3656 1346 3752 1409 sit,
3782 1362 3941 1415 purum

758 1467 819 1505 ac
842 1451 1309 1519 sincerum,atque
1332 1456 1401 1507 ab
1425 1455 1572 1509 omni
1604 1470 1699 1523 per
1729 1471 1847 1511 sese
1912 1456 2032 1511 labe
2087 1452 2389 1525 sejunctum
2426 1470 2493 1509 ex
2543 1467 2767 1522 corpore
2808 1442 3169 1506 discessurum
3218 1445 3530 1501 arbitraris’
3580 1442 3743 1500 Nullo
3794 1442 3939 1501 modo,

759 1544 934 1613 inquit
984 1547 1091 1611 ille.
1130 1565 1149 1597 ι
1218 1546 1488 1602 Hactenus
1533 1548 1702 1603 Plato.
1768 1548 1938 1617 Cujus
1991 1550 2310 1604 sententiam
2351 1549 2572 1603 uberius
2617 1560 2893 1615 exponens
2943 1554 3283 1612 tractansque
3329 1540 3692 1611 Porphyrius,
3771 1538 3819 1591 in
3873 1552 3940 1589 eo-

762 1651 880 1689 rum
914 1637 1108 1705 primo,
1163 1656 1290 1707 quos
1320 1642 1387 1691 ad
1416 1640 1667 1694 Boetlmm
1712 1644 1919 1705 scribit,
1950 1644 2021 1697 ita
2046 1644 2111 1697 de
2138 1644 2319 1697 animo
2355 1642 2613 1711 loquitur.

1283 1731 1511 1787 CAPUT
1559 1733 1793 1787 XXVIII.

1164 1822 1236 1874 Dc
1262 1825 1462 1887 eadem,
1492 1842 1555 1879 ea:
1586 1824 1900 1895 Porphyrio.

828 1930 853 1963 ο
884 1912 961 1965 Ad
991 1913 1447 1970 immortalitatem
1486 1919 1648 1971 animi
1678 1917 2090 1983 defendendam,
2118 1919 2313 1987 inquit,

757 2001 1061 2073 promptum
1098 2006 1147 2059 id
1195 2007 1519 2077 lirmumque
1564 2020 1943 2080 argumentum
1996 2009 2316 2064 Platenivi-

754 2111 895 2160 sum,
927 2098 1068 2168 quod
1096 2113 1159 2151 ex
1190 2100 1267 2154 rei
1299 2101 1493 2155 similis
1530 2104 1734 2156 ratione
1762 2104 2068 2159 duceretur.
2105 2100 2235 2155 Nam
2267 2103 2313 2157 si

756 2193 959 2241 natura-
983 2189 1199 2253 divinas,
1246 2206 1366 2258 qua:
1394 2202 1448 2245 et
1478 2193 1799 2247 immortalis
1832 2180 1939 2255 est,
1993 2208 2092 2248 nec
2120 2192 2311 2255 videri,

752 2286 847 2330 aut
871 2277 1148 2347 dissipari,
1203 2282 1447 2350 solvique
1496 2293 1690 2351 potest,
1744 2284 1834 2337 sed
1866 2286 1917 2337 in
1951 2285 2065 2352 ipsa
2094 2284 2314 2354 integri-

756 2377 865 2421 tate
882 2369 1048 2421 sitam
1081 2370 1240 2424 habet
1268 2385 1320 2425 et
1350 2375 1731 2427 consistentem
1764 2377 2079 2437 essentiam,
2139 2373 2313 2428 alIinis

753 2466 841 2511 est
907 2459 1150 2525 animus;
1198 2461 1383 2528 quidni
1432 2464 1552 2531 ejus
1597 2478 1813 2532 quoque
1870 2465 2078 2526 generis
2108 2464 2194 2518 ille
2219 2466 2309 2529 sit,

753 2549 893 2617 quod
921 2565 1080 2604 suum
1108 2552 1240 2605 illud
1269 2554 1541 2621 exemplar
1572 2553 2002 2607 imitetur?Cum
2030 2557 2194 2620 enim,
2218 2554 2309 2609 ubi

753 2652 965 2691 summa
998 2639 1106 2693 duo
1135 2640 1378 2708 quzedam
1414 2643 1552 2695 inter
1579 2658 1697 2697 sese
1741 2646 1933 2712 opponi
1963 2654 2191 2709 constat,
2216 2660 2312 2699 cu-

750 2727 990 2794 iusmodi
1017 2739 1144 2783 sunt
1184 2733 1395 2785 ratione
1418 2735 1722 2800 praeditum,
1759 2747 1811 2789 et
1846 2736 2071 2790 rationis
2097 2752 2306 2804 expers.

752 2815 819 2870 de
848 2820 1005 2869 tertio
1034 2819 1215 2887 aliquo
1243 2820 1541 2885 dubitatur,
1598 2824 1772 2877 utrius
1819 2826 1872 2876 in
1919 2824 2091 2879 classe
2121 2840 2305 2878 nume-

753 2921 922 2976 roque
968 2911 1274 2976 ponendum
1305 2912 1373 2964 sit
1403 2929 1417 2965 :
1456 2920 1568 2965 tum
1608 2913 1655 2967 is
1696 2929 1911 2981 quoque
1937 2916 2147 2982 probari
2175 2918 2310 2969 solet

747 2999 1148 3052 demonstrandi
1182 3002 1373 3054 modus
1393 3042 1409 3065 ,
1447 3018 1558 3071 quo
1606 3003 1711 3055 utri
1738 3021 1768 3057 ε
1794 3005 2009 3059 duobus
2040 3006 2214 3058 simile
2238 3006 2308 3059 sit

749 3090 1069 3141 ostenditur.
1142 3089 1233 3143 Sic
1262 3093 1435 3154 enim,
1468 3070 1679 3146 tametsi
1711 3094 1882 3161 prima
1917 3094 2152 3147 hominis
2175 3103 2304 3149 mtas
2335 3070 2377 3125 Β

750 3178 973 3231 rationis
999 3189 1052 3231 ct
1076 3181 1292 3234 consilii
1324 3182 1530 3234 laboret
1565 3184 1767 3251 inepia,
1793 3184 2053 3252 multique
2079 3194 2303 3251 pnetcr—

745 3284 807 3319 ca
834 3269 900 3321 ad
958 3270 1127 3336 ipsam
1163 3286 1335 3339 usque
1362 3282 1694 3327 senectutem
1747 3277 1799 3327 in
1832 3275 2079 3342 plurimis
2105 3277 2304 3345 impru-

746 3358 926 3411 dentia
977 3374 1039 3412 ac
1082 3362 1377 3416 temeritate
1411 3362 1699 3417 labantur:
1733 3366 1875 3434 quod
1912 3376 2089 3419 tamen
2125 3367 2302 3419 homi-

748 3465 875 3503 num
904 3466 1072 3519 genus
1114 3469 1236 3507 cum
1271 3468 1331 3508 ea
1378 3465 1590 3522 natura,
1635 3463 1793 3524 cujus
1824 3459 2028 3527 integra
2062 3458 2302 3513 sincera-

745 3555 850 3609 que
900 3543 1037 3595 ratio
1076 3554 1181 3607 est,
1230 3546 1525 3600 multarum
1578 3548 1989 3602 similitudinum
2047 3551 2303 3603 societate

745 3632 1095 3699 conjunctum
1129 3637 1232 3697 sit,
1265 3637 1405 3690 idem
1440 3639 1553 3707 jam
1606 3640 1732 3692 inde
1778 3641 1845 3693 ab
1890 3640 2043 3694 initio
2079 3641 2301 3695 rationis

745 3736 966 3790 compos
1000 3724 1244 3778 habitum
1278 3734 1380 3779 est.
1433 3724 1567 3779 Cum
1603 3728 1781 3797 itaque
1807 3728 2023 3785 divinus
2050 3730 2137 3784 ille
2170 3732 2300 3784 deo.

744 3827 863 3868 i'um
900 3825 1101 3879 cintus,
1139 3817 1270 3870 nihil
1306 3833 1577 3888 unquam,
1613 3832 1670 3873 ut
1704 3830 1941 3886 constat,
1995 3821 2299 3877 detrimenti

743 3919 934 3971 capere
981 3908 1147 3973 possit
1184 3927 1195 3960 :
1231 3918 1492 3964 terrestre
1522 3920 1708 3966 contra
1755 3928 1921 3983 genus
1968 3915 2298 3983 corruptioni

743 3995 1038 4048 obnoxium
1076 4013 1194 4051 esse
1236 4015 1394 4053 nemo
1432 4018 1539 4055 non
1572 4003 1747 4057 videat
1791 4024 1804 4056 :
1842 4005 1896 4057 in
1945 4006 2032 4058 illa
2062 4006 2300 4074 profecto

741 4086 1096 4149 dubitatione,
1133 4103 1236 4154 qua
1284 4093 1522 4144 nonnulli
1550 4094 1769 4158 haerent,
1824 4105 2004 4147 utrum
2036 4096 2100 4149 ad
2131 4112 2300 4165 genus

743 4177 983 4231 animum
1034 4179 1325 4247 adjungere
1356 4181 1603 4244 debeant,
1636 4183 1757 4249 jure
1793 4184 1947 4236 Plato
1975 4185 2301 4253 investigan-

740 4266 864 4318 dam
906 4282 974 4321 ex
1024 4270 1380 4325 similitudine
1431 4274 1709 4326 veritatem
1766 4276 1992 4342 putavit.
2030 4274 2187 4346 555
2235 4275 2301 4329 Et

740 4358 998 4423 quoniam
1050 4360 1165 4429 ipse
1205 4377 1326 4415 cum
1357 4378 1419 4437 ea
1448 4372 1638 4416 natura
1683 4380 1803 4433 qua;
1831 4366 2051 4419 dissolvi
2100 4377 2294 4436 potest,

738 4460 859 4513 quae
883 4457 1066 4502 mente
1106 4450 1267 4505 simul
1309 4469 1372 4506 ac
1396 4456 1502 4507 vita
1538 4464 1703 4519 caret,
1738 4473 1965 4526 quaeque
1998 4467 2143 4513 tactu
2174 4474 2298 4529 pro-

739 4542 916 4601 pterea
944 4537 1260 4606 ueterisque
1288 4544 1538 4597 sensibus
1568 4548 1820 4615 usurpari
1867 4548 2025 4602 solita
2052 4587 2069 4611 ,
2118 4550 2297 4603 nasci-

737 4633 825 4678 tur
849 4628 1050 4694 pariter
1090 4638 1143 4681 et
1186 4634 1550 4700 etstinguitur
1570 4677 1584 4699 ,
1615 4637 1888 4692 aﬂinitatis
1917 4637 2050 4692 nihil
2086 4640 2247 4693 habet
2279 4659 2293 4693 :

735 4730 857 4769 cum
894 4732 958 4771 ea
991 4733 1119 4772 vero
1149 4719 1438 4788 plurimum
1458 4764 1474 4787 ,
1525 4740 1641 4792 quae
1669 4726 1847 4779 divina
1878 4736 1933 4780 et
1976 4729 2297 4782 immortalis

736 4816 840 4869 est,
877 4823 996 4875 qua
1027 4825 1134 4863 non
1166 4810 1306 4871 visu,
1340 4812 1431 4864 sed
1463 4822 1638 4867 mente
1672 4816 1981 4883 percipitur,
2030 4832 2151 4884 quae
2174 4818 2299 4871 vita:

734 4898 1002 4967 particeps
1049 4910 1132 4954 est
1180 4913 1515 4971 cognataque
1566 4904 1795 4966 veritati,
1847 4920 1910 4959 ac
1953 4888 2162 4961 ceteris
2212 4908 2293 4960 in-

736 4994 939 5039 structa
972 4989 1211 5057 dotibus,
1262 5009 1398 5061 quas
1432 4995 1484 5046 in
1511 4995 1695 5047 animo
1744 4995 2098 5065 philosophus
2126 5012 2294 5065 agno-

735 5078 839 5130 scit
874 5095 886 5129 :
916 5079 1108 5133 adduci
1135 5085 1305 5150 potuit
1336 5100 1633 5153 nunquam,
1665 5093 1723 5139 ut
1752 5086 1887 5140 alias
1914 5085 2008 5139 Dei
2040 5088 2292 5141 similitu-

734 5169 887 5221 dines
936 5169 989 5221 in
1038 5184 1103 5223 eo
1152 5175 1374 5239 reperiri
1406 5176 1756 5240 concederet,
1789 5178 2036 5231 essentia:
2060 5178 2289 5247 conjun-

734 5260 962 5312 ctionem
998 5270 1051 5313 et
1075 5260 1382 5319 alﬁnitatem
1431 5278 1680 5337 negaret,
1719 5270 1875 5336 cujus
1918 5272 2079 5325 unius
2126 5288 2289 5326 causa

735 5350 789 5402 in
818 5361 1133 5405 exterarum
1185 5368 1624 5414 ornamentorum
1668 5365 2101 5418 communionem
2133 5379 2289 5419 voea-

804 5502 913 5570 (80)
941 5506 1047 5558 Kal
1077 5506 1279 5559 αὑτοῦ.
1310 5506 1447 5572 Quid
1477 5510 1520 5564 si
1552 5514 1642 5565 καὶ
1663 5514 1857 5577 ἀπτοῦ,
1884 5516 1967 5569 vel
1994 5517 2085 5569 καὶ
2106 5514 2285 5578 λυτοῦ,

734 5587 1045 5645 quaevoces
1075 5578 1235 5645 paqu
1268 5589 1387 5645 post
1411 5580 1749 5637 adhibentur.

805 5640 915 5722 (ill)
952 5640 1292 5722 Ιζερὶαιρῷνξ
1342 5646 1488 5722 Alias
1514 5658 1833 5722 περιαιρεῖν,
1890 5656 2282 5717 circumcidere,

665 5732 681 5747 ο
740 5720 832 5763 aut
863 5713 1297 5795 omninqtpllere
1322 5726 1433 5781 est;
1472 5718 1559 5773 hic
1588 5713 1655 5773 ἰιι
1700 5713 1928 5787 videtur,
1976 5713 2284 5795 περιλαϐεῖν

734 5796 826 5833 aeu
854 5781 1191 5837 καταλαϐεῖν.

806 5850 913 5917 (8³2)
948 5853 1046 5901 Ὀν
1077 5857 1379 5922 πεποίηκε.
1408 5856 1644 5912 Dubitari
1671 5876 1774 5915 non
1805 5872 1998 5929 potest,
2027 5862 2154 5931 quin
2191 5862 2282 5916 dc-

2904 1727 3293 1784 ΚΕΦΔΔΑΙΟΝ
3337 1726 3437 1778 ΚΗ
3455 1765 3469 1778 .

2752 1822 3085 1890 Πορφυρίου
3119 1820 3248 1887 περὶ
3292 1817 3397 1871 τοῦ
3431 1813 3635 1870 αὑτοῦ.

2488 1936 2507 1967 ι
2555 1914 2760 1969 Αὐτίκα
2788 1914 2944 1980 λόγον
2990 1911 3203 1982 ἰσχυρὸν
3248 1904 3381 1961 εἶναι
3424 1904 3681 1958 δοκοῦντα
3720 1902 3796 1972 τῷ
3832 1901 3937 1954 1m-

2413 2009 2641 2070 τωνιείς
2664 2005 2999 2076 παράστασιν
3028 2003 3122 2070 τῆς
3146 2002 3322 2070 ψυχῆς
3350 1995 3664 2061 ἀθανασίας,
3683 1994 3775 2045 τὸν
3795 1995 3851 2045 ἐκ

2412 2088 2617 2167 ὁμοίου.
2666 2096 2729 2149 Ei
2772 2093 2879 2165 γάρ
2928 2092 3089 2163 ὁμοία
3136 2089 3212 2161 τῷ
3249 2088 3396 2158 θείῳ,
3444 2088 3537 2140 καὶ
3572 2086 3841 2153 ἀθανάτῳ,
3869 2084 3939 2136 ad

2412 2189 2597 2253 ἀειδεῖ,
2624 2188 2716 2239 καὶ
2741 2185 3074 2253 ἀσκεδάστῳ,
3099 2184 3189 2236 καὶ
3210 2179 3492 2250 ἀδιαλύτῳ,
3514 2179 3607 2231 καὶ
3630 2176 3935 2246 οὐσιωμὲφε,

2412 2280 2505 2331 καὶ
2546 2277 2835 2330 συνεστῶτι
2873 2279 2931 2329 ὲν
2980 2272 3271 2342 ἀφθαρσίᾳο
3302 2270 3418 2333 πῶς
3459 2271 3520 2321 οὐ
3559 2268 3655 2321 τοῦ
3685 2269 3867 2335 γένους
3890 2268 3939 2317 ἰν

2412 2369 2497 2437 εἴη
2526 2367 2621 2420 τοῦ
2653 2366 2791 2419 κατά
2821 2366 2881 2419 τὸ
2910 2362 3283 2434 παράδειγμας
3326 2361 3492 2412 Ὀταν
3524 2357 3635 2428 γάρ
3673 2356 3771 2409 δύο
3810 2354 3940 2405 τινῶν

2410 2457 2591 2528 ἀκρων
2615 2454 2856 2525 ἐναργῶς
2878 2450 3151 2512 ἐναντίων,
3181 2444 3292 2502 οἷον
3310 2444 3526 2515 λογικοῦ
3552 2463 3611 2498 τε
3633 2446 3729 2498 καὶ
3750 2443 3935 2510 ἀλόγου.

2410 2548 2534 2603 ἀλλο
2553 2565 2605 2600 τι
2626 2545 3052 2617 ἀμφισϐητῆται,
3080 2543 3237 2605 ποίας
3260 2539 3376 2593 ἐστὶ
3403 2538 3640 2608 μερίδος,
3674 2532 3759 2598 εἷς
3784 2531 3846 2605 ἦν
3865 2536 3936 2586 καὶ

2408 2658 2563 2702 ουτος
2588 2640 2789 2708 τρόπος
2813 2635 3155 2700 ἀποδείξεως,
3184 2631 3271 2686 διὰ
3296 2630 3389 2683 τοῦ
3414 2628 3580 2693 δεῖξαι
3608 2630 3715 2680 τίνι
3747 2628 3846 2679 τῶν
3869 2629 3939 2677 ἁν-

2407 2730 2724 2800 τικειμένων
2749 2729 2947 2795 ὅμοιον.
2971 2726 3126 2780 Οὕτω
3156 2726 3283 2794 γὰρ,
3306 2721 3505 2791 καίπερ
3530 2723 3587 2773 ὲν
3613 2718 3807 2789 ἀλογίᾳ,
3827 2718 3937 2770 κατὰ

2409 2819 2630 2891 πρώτην
2646 2818 2855 2889 ἠλικίαν
2874 2816 2965 2869 τοῦ
2986 2813 3318 2885 ἀνθρωπίνου
3334 2811 3520 2879 γένους
3536 2823 3777 2878 κατεσχη
3785 2807 3933 2875 μένου.

2409 2912 2614 2965 πολλῶν
2635 2926 2693 2961 τε
2714 2910 2839 2979 ἄχρι
2857 2909 3042 2979 γήρως
3057 2909 3115 2958 ὲν
3128 2906 3238 2965 τοῖς
3252 2904 3349 2974 τῆς
3369 2900 3587 2968 ἀλογίας
3608 2899 3936 2969 ἁμαρτήμασι

2410 3003 2823 3066 πλεοναζόντων,
2847 3002 2993 3070 ὅμως
3007 2996 3094 3049 διὰ
3115 2996 3175 3048 τὸ
3188 2994 3263 3064 τῷ
3284 2992 3532 3063 καθαρῶς
3547 2989 3752 3059 λογικῷ
3770 2988 3937 3043 πολλὰς

2403 3095 2721 3165 ὁμοιότητας
2735 3093 2937 3163 φέρειν,
2950 3087 3161 3154 λογικὸν
3174 3082 3309 3139 εἶναι
3324 3085 3382 3137 τὺ
3395 3084 3547 3151 γένος
3559 3080 3717 3134 τοῦτο
3734 3080 3935 3171 ἐξαρχῆς

2403 3187 2713 3256 ἐπιστεύθη.
2743 3187 2929 3244 Ὀντος
2959 3177 3051 3234 οὖν
3083 3179 3224 3233 θείου
3258 3177 3612 3247 συστήματος,
3638 3174 3737 3225 καὶ
3756 3172 3934 3241 ἀκηρά-

2402 3299 2513 3343 του,
2533 3281 2627 3332 καὶ
2644 3275 2948 3346 ἀλυμάντου
2973 3270 3280 3344 προφανῶς,
3312 3267 3404 3321 τοῦ
3429 3266 3535 3319 τῶν
3554 3265 3712 3319 θεῶν’
3739 3266 3878 3324 ὄντος
3895 3262 3934 3312 δὲ

2402 3373 2562 3423 πάλιν
2596 3367 2839 3439 ἐναργῶς
2868 3366 2962 3418 τοῦ
2992 3364 3200 3435 χθονίου
3226 3358 3493 3413 καὶαύτοῦ
3515 3356 3646 3426 (80),
3668 3358 3768 3409 καὶ⁵
3785 3358 3838 3407 ὲν
3849 3354 3936 3405 8::-

2402 3462 2575 3531 φθορᾷ
2604 3459 2876 3529 κειμένου,
2910 3452 3421 3543 ἀμφισόητουμένης
3446 3449 3501 3500 δὲ
3725 3463 3833 3543 τισι
3861 3444 3938 3543 τῇς

2399 3552 2595 3621 ψυχῆς,
2614 3549 2718 3601 τίνι
2733 3546 3100 3622 προκειμένων
3120 3542 3269 3613 μέρει
3291 3538 3764 3611 προσκεχώρηκεν·
3785 3540 3844 3589 ὲκ
3861 3538 3937 3601 τῆς

2401 3641 2709 3711 ὁμοιότητος
2742 3638 2889 3709 ᾠήθη
2930 3638 2958 3689 ὁ
2990 3633 3211 3687 Πλάτων
3240 3632 3348 3685 δεῖν
3376 3630 3672 3701 ἀνιχνεύειν
3703 3630 3802 3699 τὴν
3827 3627 3934 3693 ἀλή-

2402 3734 2567 3785 θειαν.
2588 3732 2693 3784 Καὶ
2714 3728 2897 3797 ἐπειδὴ
2915 3725 2994 3795 τῷ
3015 3725 3111 3795 μὲν
3132 3724 3306 3794 θνητῷ
3326 3740 3385 3775 τε
3406 3723 3498 3775 καὶ
3516 3720 3683 3790 λυτῷ,
3710 3721 3803 3771 καὶ
3843 3719 3935 3769 ἀνεν-

2400 3826 2533 3895 ήτῳ,
2556 3823 2651 3875 καὶ
2671 3820 2814 3887 ζωῆς
2834 3817 3080 3887 ἀμετόχῳ
3097 3818 3189 3869 καὶ
3209 3816 3296 3871 διά
3315 3814 3470 3868 τοῦτο
3488 3811 3646 3881 ἀπτῷ
3682 3828 3742 3863 τε
3765 3813 3852 3862 καὶ
3869 3813 3933 3861 αξ-

2401 3913 2600 3984 σθητῷ,
2626 3913 2718 3965 καὶ
2737 3910 3021 3980 γινομένῳ,
3044 3910 3138 3961 καὶ
3158 3906 3506 3975 ἀπολλυμένῳ
3522 3902 3777 3972 οὐδαμῶς
3792 3903 3930 3954 ἔοικε·

2398 4003 2473 4072 τῷ
2493 4004 2550 4055 δὲ
2572 4002 2718 4070 θείῳ,
2738 4001 2831 4053 καὶ
2846 4001 3111 4069 ἀθανάτῳ,
3140 4000 3234 4053 καὶ
3253 3997 3435 4059 ἀειδεῖ,
3468 3995 3559 4048 καὶ
3577 3993 3772 4064 νοερῷ,
3801 3993 3936 4058 ζῶντί

2399 4108 2457 4143 τε
2492 4092 2584 4143 καὶ
2614 4090 2868 4159 ἀληθείας
2898 4092 3164 4158 συγγενεῖ,
3206 4088 3300 4140 καὶ
3326 4087 3427 4138 ὅσα
3468 4086 3671 4145 ἐκεῖνος
3704 4085 3831 4155 περὶ
3854 4086 3935 4139 αδ-

2398 4187 2494 4253 τῆς
2513 4183 2905 4250 ἀναλογίζεται·
2930 4182 3100 4235 ἐδόκει
3128 4180 3201 4248 μὴ
3216 4178 3314 4239 τάς
3334 4177 3431 4245 μὲν
3452 4176 3611 4238 ἄλλας
3635 4178 3935 4246 ὁμοιότητας

2396 4275 2489 4327 τοῦ
2510 4274 2643 4327 Θεοῦ
2671 4277 2866 4327 ἐνεῖναι
2897 4273 3213 4342 συγχωρεῖν,
3242 4268 3303 4320 τὸ
3320 4268 3375 4320 δὲ
3392 4268 3491 4337 τῆς
3509 4267 3696 4331 οὐσίας
3722 4268 3935 4338 ἐμφερὲς

2398 4370 2489 4421 ἀπ’
2524 4369 2692 4439 αὐτῆς
2738 4367 2938 4420 ἐθέλειν
2972 4363 3201 4425 ἀθετεῖν,
3244 4360 3312 4413 δι’
3356 4359 3385 4411 ὃ
3423 4360 3513 4412 καί
3554 4358 3763 4413 τούτων
3793 4358 3935 4424 αὐτὴν

2324 4423 2365 4479 C
2398 4463 2578 4530 τυχεῖν
2628 4423 2989 4529 συμϐέϐηκεν.
3051 4423 3259 4522 Ὠσττερ
3305 4449 3414 4521 γάρ
3455 4451 3521 4503 τὰ
3552 4451 3851 4522 ἐνεργείαις

2396 4549 2515 4618 Θεῷ
2537 4550 2763 4617 ἀνόμοια
2783 4547 2943 4607 εὐθὺς
2968 4544 3059 4596 καὶ
3086 4545 3152 4612 τῇ
3182 4542 3431 4595 συστάσει
3458 4543 3555 4610 τῆς
3582 4542 3773 4603 οὐσίας
3798 4536 3933 4604 ἑξήλο

2395 4638 2578 4703 λακτο,
2629 4637 2799 4698 οὕτως
2845 4632 3129 4688 ἀκόλουθον
3174 4628 3311 4687 εἶναι
3349 4633 3418 4687 τά
3457 4632 3564 4685 τῶν
3614 4631 3792 4685 αὐτῶν
3836 4644 3933 4687 πως

2395 4727 2679 4798 ἐνεργειῶν
2718 4727 2916 4797 μέτοχα
2943 4723 3158 4791 φθάνειν
3189 4726 3289 4797 τὴν
3320 4724 3606 4795 ὁμοιότητα
3636 4722 3740 4789 τῆς
3768 4718 3932 4777 οὐσίας

2395 4818 2721 4886 κεκτημένα.
2750 4814 2849 4867 Διά
2870 4813 2979 4885 γὰρ
2996 4815 3093 4885 τὴν
3116 4816 3270 4868 ⁴ιυοιάν
3287 4815 3495 4876 οὐσίαν,
3514 4810 3673 4873 ποιὰς
3696 4805 3833 4862 εῖναι
3852 4807 3929 4859 ναὶ

2393 4906 2490 4968 τὰς
2521 4905 2815 4973 ἐνεργείας,
2842 4904 2919 4967 ὡς
2956 4904 3021 4957 ἂν
3049 4906 3142 4958 ἀπ’
3170 4906 3340 4977 αὐτῆς
3378 4902 3622 4975 ῥεούσας,
3652 4899 3749 4953 καὶ
3780 4899 3926 4966 αὐτῆς

2392 4996 2452 5048 οὐ
2460 5013 2555 5059 σας
2583 4994 2949 5066 βλαστήματα.
2981 4996 3182 5050 Τούτου
3197 4996 3373 5050 τοίνυν
3388 4992 3480 5046 τοῦ
3505 4992 3659 5059 λόγου
3673 4992 3776 5061 τὴν
3790 4990 3925 5043 δύνα-

2394 5109 2485 5160 μιν
2514 5089 2807 5161 περιαιρῶν
2824 5088 2931 5160 (81)
2957 5093 2984 5143 ὁ
2999 5091 3218 5161 Βοηθὸς,
3235 5088 3529 5141 ὲπάκουσον
3558 5084 3720 5148 εὐθὺς
3734 5087 3791 5137 ὲν
3805 5086 3926 5155 ἀρχῇ

2390 5181 2481 5232 τοῦ
2512 5181 2668 5248 λόγου
2699 5182 2756 5233 ὃν
2785 5183 3049 5253 πεποίηκε
3076 5178 3444 5251 (82),γράφων
3473 5174 3660 5238 οὕτως·
3698 5195 3717 5227 ι
3755 5177 3816 5230 El
3844 5176 3927 5246 μὲν

2390 5272 2650 5335 ἀθάνατός
2673 5275 2818 5327 ἔστιν
2839 5278 2873 5345 ἡ
2901 5274 3065 5344 ψυχὴ,
3098 5273 3190 5325 καὶ
3210 5268 3405 5329 παντὸς
3438 5267 3653 5340 ὀλέθρου
3684 5268 3926 5339 κρείττων

2388 5382 2472 5427 τις
2498 5365 2677 5433 φύσις,
2703 5367 2927 5428 πολλοὺς
2958 5364 3318 5433 ἀναμείναντα
3353 5359 3458 5432 χρὴ
3482 5363 3573 5416 καὶ
3600 5360 3922 5433 περιητηεά-

2389 5520 2651 5575 sideretur
2700 5522 2923 5591 aliquid.
2953 5519 3135 5591 forte
3190 5516 3627 5591 subaudiendum
3663 5518 3741 5591 ὡς
3779 5514 3918 5591 αὐτὸν

2387 5592 2721 5661 ἀποδέχεται,
2744 5581 2827 5645 vel
2852 5590 2927 5651 ὡς
2946 5586 3294 5659 διεξέρχεται,
3337 5597 3432 5641 aut
3469 5588 3538 5640 al.
3586 5588 3784 5641 simile.
3820 5581 3915 5662 Nisi

2387 5662 2545 5715 malis
2589 5678 2697 5730 quo
2732 5662 2824 5714 alt.
2862 5662 3212 5730 manuscript.
3245 5666 3609 5730 repraesentat,
3634 5668 3918 5730 τεεριαιρων

2385 5731 2413 5801 ὁ
2447 5725 2653 5801 βοηθὸς,
2686 5732 2744 5783 ὲν
2791 5730 2929 5801 ἀρχῇ
2972 5725 3067 5780 τοῦ
3109 5727 3264 5795 λόγου
3305 5725 3576 5801 γέγραφεν
3619 5725 3924 5787 abrumpet.

2388 5798 2759 5870 imperativum
2788 5798 3086 5851 ἐπάκουσον
3116 5800 3372 5875 agnoscit.
