4004 6342
34 519 134 573 925

1140 519 1449 575 ΡΒΑΕΡΛΒ.
1494 520 1736 577 EVANG.
1778 522 1903 577 LIB.
1944 522 2040 576 XI.

3079 524 3179 578 926

39 653 188 708 pem
214 638 407 706 λόγους
428 639 820 708 ἀποφήνασθαι.
846 640 917 691 Τὸ
938 639 1114 709 μέντοι
1142 640 1246 693 τῶν
1272 642 1395 709 περὶ
1419 642 1564 709 ἡμᾶς

1669 650 1749 695 tns
1770 651 1931 696 esset.
1965 639 2032 694 Ut
2052 639 2191 695 enim
2215 654 2333 709 qua:
2362 637 2473 691 Deo
2497 638 2685 707 agendi
2711 638 2764 690 vi
2784 639 2994 707 rituque
3020 638 3181 691 dissi-

33 729 336 799 δμοιότερον
360 730 525 800 μηδὲν
550 731 793 797 γενέσθαι
818 730 933 800 Θεῷ
957 731 1158 799 ψυχῆς,
1190 731 1473 799 οὑνπολλῆς
1502 732 1564 783 ἄν

34 834 112 880 τις
139 817 353 887 δεηθεὶς
395 819 769 889 πραγματείας
815 818 1163 871 πιστεύσειεν·
1203 820 1265 871 οὐ
1299 820 1453 888 μόνον
1481 818 1568 869 διά

36 909 90 961 τὺ
120 909 343 978 συνεχὲς
382 912 475 962 καὶ
511 909 781 963 ἄπαυστον
810 910 907 978 τῆς
937 910 1212 978 κινήσεως,
1260 911 1325 978 ήν
1356 910 1412 960 ὲν
1439 910 1566 976 ήμῑν

36 998 319 1060 ινδίδωσιν,
352 1000 498 1059 ἀλλά,
530 999 624 1052 τοῦ
662 998 779 1051 καθ’
816 999 1007 1069 ἑαυτὴν
1038 999 1146 1051 νοῦ.
1181 1001 1271 1061 El;
1300 1001 1433 1067 ὅπερ
1459 1000 1566 1050 ἀπ-

41 1088 154 1140 ιδὼν
178 1088 273 1141 καὶ
289 1090 321 1140 6
347 1088 724 1159 Κροτωνιάτης
747 1088 968 1157 φυσικὸς
990 1088 1123 1158 (83),
1140 1085 1288 1141 εἶπεν
1307 1088 1567 1141 ἀθάνατον

38 1178 197 1244 αὐτὴν
246 1172 436 1239 οὖσαν,
496 1179 589 1230 καὶ
624 1180 802 1230 πᾶσαν
844 1177 1071 1248 ἠρεμίαν
1120 1178 1275 1245 φύσει
1328 1176 1565 1245 φεύγειν,

40 1268 215 1337 ὧσπερ
232 1265 307 1319 τά
327 1266 447 1319 θεῖα
466 1266 572 1321 τῶν
597 1268 875 1338 σωμάτων.
910 1269 1063 1320 Ἀλλά
1087 1270 1177 1320 καὶ
1200 1268 1447 1333 καθάπαξ
1472 1268 1568 1338 τὴν

43 1357 175 1408 ίδέαν
200 1360 301 1426 τῆς
330 1357 528 1427 ψυχῆς,
562 1360 655 1412 καὶ
684 1358 912 1428 μάλιστα
943 1359 1029 1410 τὸν
1066 1358 1295 1428 ἄρχοντα
1340 1361 1396 1410 ὲν
1441 1360 1568 1427 ἡμῖν

42 1441 171 1505 νοῦν,
200 1444 439 1512 ὁπηλίκα
459 1445 788 1515 βουλεύματα
809 1448 898 1498 καὶ
919 1447 1091 1515 ὁρμάς
1117 1446 1369 1509 πολλάκις
1385 1450 1569 1509 ὁποίας

44 1531 294 1593 ὑποκινεῖ,
334 1532 415 1601 τῷ
458 1536 839 1603 κατανοήσαντι
879 1533 1041 1603 πολλή
1083 1551 1161 1596 τις
1192 1534 1257 1586 ἀν
1304 1536 1437 1605 πρὸς
1479 1536 1569 1587 τὸν

44 1620 161 1673 Θεὸν
184 1622 441 1692 ὁμοιότης
462 1625 777 1694 ὑποφανείή.
814 1645 837 1676 ι
868 1627 975 1677 Καὶ
1008 1624 1130 1694 ἑξῆς
1159 1625 1412 1693 ἐπιλέγει·
1451 1646 1470 1676 ι
1507 1628 1569 1679 Εἰ

45 1710 141 1777 γάρ
180 1712 256 1773 ὡς
295 1714 606 1781 ὁμοιότατον
646 1714 723 1786 τῷ
767 1714 897 1785 θείῳ
943 1716 1153 1767 πάντων
1196 1717 1484 1785 χρημάτων
1534 1720 1571 1786 ἡ

46 1800 176 1871 ψυχὴ
201 1801 497 1866 δείκνυται,
530 1805 613 1867 τίς
648 1804 725 1858 ἔτι
752 1805 906 1874 χρεία
934 1805 1040 1857 τῶν
1066 1806 1233 1859 ἀλλων
1258 1807 1457 1861 δεῖσθαι
1489 1810 1573 1861 λό-

47 1906 145 1957 γων
168 1894 247 1953 είς
275 1893 545 1957 ἀπόδειξιν
570 1896 669 1964 τῆς
694 1895 981 1959 ἀθανασίας
1017 1898 1201 1967 αὐτῆς,
1235 1897 1571 1968 προοιμιαζὸ-

50 1994 213 2047 μενον,
246 1982 341 2033 καὶ
367 1984 443 2053 μὴ
478 1984 569 2036 καὶ
594 1984 776 2037 τοῦτον
819 1986 894 2048 ὼς
938 1986 1030 2039 ἕνα
1060 1986 1195 2055 μετά
1221 1987 1325 2039 τῶν
1363 1988 1568 2042 πολλῶν

48 2070 490 2139 καταριθμοῦντα,
528 2074 705 2126 ῖκανὸν
730 2076 856 2129 ὄντα
885 2077 1131 2146 ὲντρέψαι
1157 2079 1279 2139 τοὺς
1304 2076 1570 2146 εὐγνώμο-

48 2176 151 2221 νας,
175 2160 250 2223 ὡς
283 2161 387 2214 οὐκ
410 2162 475 2215 ἂν
506 2164 609 2217 τῶν
636 2166 882 2234 ἐμφερῶν
898 2166 974 2235 τῷ
992 2168 1124 2236 θείῳ
1142 2169 1396 2237 μετέσχεν
1424 2172 1570 2237 ὲνερ-

49 2250 217 2315 τειιῖιν,
248 2253 324 2321 μή
348 2268 429 2303 τοι
456 2251 569 2304 θεία
592 2270 655 2319 γε
686 2251 818 2306 οὖσα
842 2256 932 2307 καὶ
955 2255 1117 2325 αὐτή;
1152 2257 1211 2307 Εἰ
1238 2256 1343 2325 γὰρ
1374 2258 1569 2326 καίπερ

49 2340 100 2390 ἂν
132 2339 207 2409 τῷ
452 2342 546 2395 καὶ
581 2343 741 2412 λυτῷ,
772 2345 864 2396 καὶ
896 2347 1118 2415 ἀνοήτῳ,
1148 2346 1239 2398 καὶ
1270 2346 1388 2399 καθ’
1414 2347 1570 2399 ἑαυτὸ

56 2431 230 2501 νεκρῷ,
266 2434 361 2484 καὶ
392 2433 480 2486 ἀεὶ
506 2434 872 2504 ἀπολλυμένῳ,
913 2438 1003 2489 καὶ
1038 2438 1334 2507 διαρῤἐοντι
1370 2440 1449 2501 είς
1474 2440 1570 2509 τὴν

48 2522 137 2587 τῆς
169 2522 443 2585 ἀπολειας
482 2525 794 2595 μεταϐολήν,
822 2528 1270 2597 κατορωρυγμένη
1289 2568 1303 2590 ,
1343 2530 1471 2581 αὑτό
1511 2546 1569 2580 τε

52 2613 181 2662 ποιεῖ
206 2612 298 2663 καὶ
326 2614 559 2681 συνέχει,
584 2616 676 2667 καί
697 2615 791 2685 τὴν
819 2617 1009 2685 ἑαυτῆς
1036 2616 1182 2671 θείαν
1209 2618 1569 2671 ἀναδείκνυσιν

51 2701 249 2764 οὐσίαν,
296 2704 497 2772 καίπερ
540 2706 999 2775 ἔπιπροσθουμένη
1050 2709 1141 2759 καὶ
1182 2707 1570 2779 ἐμποδιζομένη

54 2791 146 2843 ὑπὸ
172 2791 262 2845 τοῦ
291 2796 644 2864 προκειμένου
674 2797 808 2866 αὐτῇ
855 2798 1195 2867 πανωλέθρου
1241 2797 1566 2866 πλάσματος·

54 2880 159 2943 πῶς
185 2884 233 2934 εί
260 2882 340 2952 τῷ
370 2884 513 2953 λόγῳ
545 2885 851 2955 χωρισθείη,
886 2886 1068 2956 ὥσπερ
1100 2888 1314 2957 χρυσίον
1347 2905 1566 2959 περιπε-

55 2970 345 3040 πλασμένου
390 2974 581 3043 πηλοῦ,
618 2976 715 3027 οὐκ
757 2976 972 3027 αὐτόθεν
1013 2976 1079 3027 ἂν
1109 2976 1167 3028 τὸ
1209 2978 1402 3047 ἑαυτῆς
1441 2974 1572 3040 εἶδος

54 3060 341 3131 ικφήνειεν,
375 3064 451 3128 ὡς
477 3066 709 3135 ἐμφερὲς
745 3065 801 3118 ὃν
850 3067 1001 3135 μόνον
1040 3066 1115 3135 τῷ
1145 3066 1281 3136 Θεῷ,
1318 3068 1449 3121 ἀλλά
1480 3070 1571 3123 καὶ

56 3147 135 3201 διά
162 3150 220 3201 τὸ
252 3150 474 3221 μέτοχον
524 3152 685 3205 αὑτοῦ
725 3148 879 3214 εἶναι,
920 3153 1010 3203 καὶ
1044 3152 1137 3214 τὰς
1172 3155 1228 3204 ὲν
1266 3156 1382 3215 ταῖς
1420 3155 1570 3223 ἐνερ·

57 3238 211 3303 τείαις
235 3241 552 3311 ὁμοιότητας
578 3240 850 3306 διασώζον,
879 3245 969 3295 καὶ
1008 3246 1064 3294 ὲν
1092 3242 1167 3312 τῷ
1203 3242 1377 3313 θνητῷ
1410 3245 1572 3314 αὐτῆς

59 3325 246 3398 (ὥσπερ
269 3330 416 3382 ἐστὶν
436 3332 559 3385 ὅταν
580 3335 636 3384 ὲν
654 3332 732 3402 τῷ
758 3333 931 3403 θνητῷ
962 3334 1292 3405 καθειρχθῇ),
1317 3336 1401 3388 διά
1419 3337 1572 3389 τοῦτο

62 3416 493 3488 μὴδιαλυόμενον,
518 3422 597 3474 ὅτι
622 3424 827 3490 φύσεως
845 3421 910 3492 ἦν
930 3426 1025 3493 τῆς
1047 3426 1265 3496 ἀμοίρου
1292 3426 1520 3495 φθορᾶςὲ
1548 3446 1567 3476 ³

62 3508 155 3559 Καὶ
183 3510 524 3573 ὐτυοκαταϐάς
555 3530 733 3582 φησιν·
765 3533 783 3564 ι
816 3515 1047 3576 Εἰκότως
1071 3516 1125 3567 δὲ
1151 3517 1240 3567 καὶ
1263 3515 1377 3567 θεία
1396 3517 1575 3582 φαίνε-

60 3615 136 3652 ται
163 3602 265 3654 ἀπὺ
288 3606 387 3673 τῆς
410 3603 543 3673 πρὸς
564 3604 654 3655 τὸν
685 3606 968 3674 ἀμέριστον
994 3606 1310 3674 ὁμοιώσεως·
1346 3608 1438 3658 καὶ
1458 3605 1575 3676 θνη-

61 3689 117 3757 τὴ
144 3693 231 3759 ἀφ’
251 3686 327 3746 ὧν
351 3691 712 3763 προσπελάζει
737 3699 800 3765 τῇ
832 3696 993 3766 θνητῇ
1024 3696 1199 3762 φύσει,
1223 3696 1315 3748 καὶ
1344 3697 1571 3760 κάτεισι,

61 3784 140 3833 καὶ
168 3784 357 3846 ἄνεισι,
389 3784 482 3837 καὶ
508 3783 809 3855 θνητοειδής
843 3788 973 3849 ἐστι,
1023 3789 1113 3839 καί
1156 3791 1265 3850 τοῖς
1296 3788 1575 3850 ἀθανάτοις

61 3872 306 3943 ἐμφερής.
340 3877 653 3947 Ἄνθρωπος
688 3878 794 3949 γὰρ
834 3880 924 3930 καὶ
965 3880 993 3931 ὁ
1030 3875 1327 3948 γαστρίζων
1366 3881 1573 3943 ἑαυτὸν,

61 3964 143 4015 καὶ
164 3967 477 4036 κειοορὲσθαι
516 3968 842 4032 σπουδάζων,
872 3970 945 4032 ὡς
984 3970 1048 4022 τὰ
1078 3972 1265 4041 κτήνη·
1302 3972 1577 4043 ἄνθρωπος

60 4052 108 4104 δὲ
132 4057 220 4108 καὶ
249 4060 278 4109 ὸ
317 4058 506 4121 σώζειν
544 4063 601 4113 ὲν
633 4062 849 4129 πελάγει
886 4063 952 4115 δι’
979 4064 1281 4132 ἐπιστήμης
1318 4065 1373 4116 ἐν
1403 4064 1578 4115 κινδύ-

63 4160 159 4207 νοις
198 4142 307 4209 οἷός
346 4165 405 4202 τι
443 4150 518 4202 ὣν
559 4151 655 4221 τὴν
694 4153 840 4216 ναῦν,
881 4154 973 4204 καὶ
1011 4156 1039 4205 ὁ
1076 4152 1261 4217 σώζειν
1288 4155 1343 4204 ὲν
1384 4154 1573 4215 νόσοις.

63 4234 143 4283 καὶ
165 4234 194 4285 ὃ
218 4252 281 4302 γε
308 4237 405 4307 τὴν
434 4240 533 4308 μὲν
564 4241 815 4311 ἀλήθειαν
846 4243 1125 4313 εὑρίσκων,
1168 4243 1487 4312 μεθοδεύσας
1520 4244 1577 4294 δὲ

65 4325 305 4395 καὶπρὸς
347 4329 595 4394 γνώσεως
638 4332 976 4403 καταλήψεις,
1024 4333 1226 4403 πυρίων
1258 4349 1315 4383 τε
1343 4333 1578 4401 εὑρέσεις

65 4412 145 4464 καὶ
171 4414 541 4482 ὡροσκοπείων
584 4424 865 4490 τηρήσεις,
911 4422 1003 4473 καὶ
1032 4410 1299 4491 μιμήσεις
1332 4422 1438 4474 τῶν
1485 4421 1575 4474 τοῦ

65 4502 377 4573 Mummi
417 4509 728 4575 ποιημάτων
777 4511 1233 4578 μηχανησάμενος·
1270 4510 1578 4581 Ἀνθρωπος

1664 731 1806 785 milia
1834 739 1981 797 sunt,
2015 732 2197 785 eadem
2224 730 2477 783 continuo
2502 728 2571 782 ab
2591 729 2801 796 propria
2834 729 2979 782 illius
3002 744 3185 782 essen-

1664 823 1749 877 tia‘.
1788 823 1993 879 ratione
2036 820 2357 874 discedunt:
2398 803 2471 870 ita
2501 818 2654 885 plane
2690 831 3022 884 consequens
3044 832 3181 878 esse.

1662 923 1723 968 ut
1744 929 1864 983 qua:
1887 928 1974 967 res
1998 912 2235 966 eamdem
2258 899 2829 978 propemodum,quam
2850 908 2982 976 ipse,
2997 909 3183 976 agendi

1662 1009 1767 1061 vim
1793 1024 1854 1061 ac
1874 1008 2131 1060 rationem
2154 1004 2367 1067 habent,
2388 1004 2497 1072 jam
2522 1018 2607 1057 ea
2625 1004 2773 1071 prius
2794 1001 3039 1055 essentia:
3061 1014 3182 1051 cum

1662 1114 1728 1153 eo
1756 1095 2155 1152 similitudinem
2201 1096 2519 1162 acceperint.
2578 1091 2720 1146 Talis
2762 1090 2901 1144 enim
2943 1088 3185 1142 essentne
3264 1110 3275 1119 ο

1662 1189 1851 1259 gratia,
1876 1186 2008 1239 tales
2032 1183 2191 1237 etiam
2219 1197 2339 1235 esse
2358 1181 2545 1250 agendi
2578 1181 2739 1242 vires,
2760 1178 2953 1247 quippe
2976 1189 3095 1242 quae
3117 1173 3186 1225 ah

1662 1296 1726 1333 ea
1772 1284 2020 1341 manent,
2068 1284 2121 1327 et
2163 1273 2402 1343 quaedam
2434 1273 2551 1339 eius
2588 1273 2745 1339 quasi
2774 1268 3008 1337 germina
3056 1264 3184 1317 sint.

1664 1370 1832 1437 Cujus
1871 1363 2168 1435 argumenti
2223 1363 2331 1414 vim
2376 1376 2498 1414 cum
2538 1360 2735 1428 optime
2770 1356 3000 1410 Boethus
3030 1365 3187 1420 cape-

1665 1469 1763 1521 ret,
1792 1456 1921 1510 audi
1954 1456 2031 1509 sis
2050 1451 2492 1523 quemadmodum
2529 1444 2642 1517 ipso
2668 1449 2845 1502 statim
2876 1459 2985 1499 sua:
3005 1443 3188 1509 dispu—

1664 1547 1882 1601 tationis
1928 1544 2145 1597 exordio
2202 1550 2550 1608 persequatur
2601 1555 2615 1590 :
2674 1554 2693 1587 ι
2727 1530 2953 1597 Uthm,
2997 1532 3194 1599 inquit,

1667 1634 1981 1690 immortalis
2011 1632 2081 1685 sit
2110 1630 2345 1693 animus,
2389 1626 2639 1694 omnique
2686 1621 2900 1678 interitu
2926 1620 3187 1688 superior,

1666 1724 1758 1792 qui
1793 1737 1900 1775 rem
1947 1735 2040 1788 per
2070 1734 2187 1773 sese
2216 1718 2581 1772 demonstrare
2601 1713 2786 1777 vellet,
2840 1710 3023 1764 multis
3068 1724 3189 1761 eum

1668 1828 1796 1869 sane
1840 1827 1902 1865 ac
1944 1808 2270 1879 longissimis
2312 1805 2730 1873 disputationum
2760 1792 3085 1853 ~ilexionibus
3116 1792 3191 1849 uti

1668 1893 1954 1971 upot‘teret.
2011 1900 2079 1951 At
2108 1914 2253 1959 vero,
2298 1906 2356 1949 ut
2384 1911 2447 1949 ex
2480 1894 2636 1947 rebus
2662 1891 2876 1953 nostris,
2909 1888 3014 1941 Deo
3041 1888 3193 1940 simi-

1663 1998 1766 2048 lius
1796 1993 1927 2046 nihil
1968 2006 2086 2045 esse
2132 2004 2292 2058 quam
2328 1988 2588 2049 animum,
2623 1983 2797 2053 quivis
2836 1981 2937 2035 sibi
2980 1994 3195 2049 persua-

1664 2088 1818 2149 deat,
1865 2099 1969 2137 non
2007 2082 2234 2151 spissam
2280 2078 2562 2131 admodum
2596 2085 2649 2130 et
2670 2083 2943 2129 actuosam
2973 2082 3191 2125 conten-

1664 2179 1860 2233 tionem
1884 2174 2146 2228 desideret
2191 2191 2204 2224 :
2248 2187 2353 2224 non
2389 2169 2548 2222 modo
2576 2166 2714 2237 quod
2744 2167 2857 2235 ipse
2881 2164 3191 2218 continuum

1666 2270 1719 2322 in
1746 2267 1899 2321 nobis
1924 2278 2313 2333 perennemque
2344 2269 2543 2313 motum
2570 2257 2778 2318 efﬁciat.
2813 2256 2905 2310 sed
2935 2256 3093 2309 etiam
3120 2255 3194 2307 ob

1665 2358 1782 2426 ejus
1825 2371 1931 2425 qua
1987 2354 2239 2422 praeditus
2262 2344 2351 2406 est
2375 2351 2569 2403 mentis
2598 2346 2982 2402 excellentiam.
3044 2343 3193 2408 Quod

1667 2448 1881 2516 quidem
1920 2445 2175 2514 physicus
2200 2448 2364 2496 etiam
2396 2442 2482 2493 ille
2510 2439 2844 2492 Crotoniates
2893 2437 3019 2489 dum
3050 2434 3195 2486 video

1665 2546 1763 2598 ret,
1794 2538 2029 2589 animum
2057 2534 2197 2587 illico
2222 2544 2484 2592 nostrum,
2525 2527 2841 2582 immortalis
2861 2525 3001 2593 quod
3030 2532 3193 2583 esset,

1667 2627 1894 2695 quietem
1918 2638 2151 2686 omnem,
2187 2623 2488 2675 divinorum
2518 2633 2664 2672 more
2688 2631 2993 2685 corporum,
3012 2624 3197 2682 suapte

1668 2726 1857 2770 natura
1886 2716 2114 2783 deligere
2159 2711 2539 2781 pronuntiavit.
2598 2708 2662 2762 Et
2707 2722 2852 2767 vero.
2896 2706 2987 2774 qui
3033 2704 3203 2756 semel

1667 2806 1831 2859 animi
1868 2806 2026 2873 hujus
2075 2804 2247 2857 ideam
2299 2801 2523 2863 nmerit,
2565 2816 2628 2853 ac
2666 2798 2955 2868 praesertim
2998 2803 3205 2864 quanta-

1669 2915 1819 2954 mens
1844 2899 1931 2953 illa
1960 2898 2127 2951 nostri
2163 2896 2484 2949 moderatrix
2536 2894 2697 2962 agitet
2722 2899 3000 2955 versetque
3027 2886 3209 2941 consiv-

1669 2992 1759 3053 lia,
1808 2998 1901 3043 aut
1944 2986 2244 3056 cujusmodi
2278 2985 2573 3052 saepissime
2598 2984 2651 3035 in
2678 2981 2829 3056 nobis
2862 2981 3087 3046 impetus
3115 2975 3198 3030 ef-

1669 3050 1840 3142 ﬁciat,
1876 3050 2026 3129 idem.
2044 3076 2279 3144 profecto
2324 3050 2719 3127 similitudinem
2752 3050 2885 3135 'ejus
2931 3081 3051 3118 cum
3091 3066 3206 3118 Deo

1670 3170 1956 3223 maximam
2000 3166 2373 3233 deprehendet.
2414 3183 2432 3214 ι
2492 3161 2625 3214 Tum
2653 3160 2860 3226 aliquot
2888 3155 3195 3222 interjeCtis.

1678 3280 1696 3311 ι
1718 3261 1846 3314 Nam
1876 3259 1920 3312 si
1958 3256 2434 3325 animum,{inquit,
2470 3262 2670 3304 natura:
2709 3249 2902 3302 divinae
2959 3246 3197 3300 omnium

1672 3352 1827 3418 longe
1872 3348 2201 3405 simillimum
2249 3359 2370 3397 esse
2412 3342 2729 3405 constiterit,
2776 3352 3033 3408 quorsum
3068 3337 3199 3389 alias

1670 3440 1941 3505 deinceps,
1971 3435 2125 3502 quasi
2150 3432 2403 3502 praefandi
2430 3446 2612 3494 causa,
2639 3431 2755 3499 ejus
2784 3426 3197 3482 immortalitatis

1669 3528 1956 3599 probandae
2000 3526 2229 3578 rationes
2251 3524 2520 3591 exquiras,
2570 3537 2635 3575 ac
2676 3535 2780 3574 non
2829 3519 2984 3571 istam
3024 3516 3200 3583 potius

1671 3632 1829 3670 unam
1860 3616 1995 3668 inter
2016 3615 2291 3683 plerasque
2317 3627 2553 3674 censeas,
2567 3607 2825 3678 ejusmodi
2854 3620 2973 3659 cum
3000 3604 3087 3665 sit,
3109 3603 3196 3653 cui

1670 3724 1775 3762 non
1794 3707 1978 3761 cedere
2003 3705 2348 3758 modestiores
2364 3713 2416 3759 et
2434 3702 2690 3768 aequiores
2709 3697 2856 3750 salvo
2880 3709 2979 3747 suo
2998 3692 3200 3760 pudore

1672 3813 1777 3851 non
1804 3796 2029 3865 possint,
2052 3793 2194 3862 quod
2222 3792 2469 3844 nimirum
2496 3788 2602 3839 Deo
2625 3785 2824 3839 similes
2845 3781 3029 3850 agendi
3060 3780 3199 3829 vires

1673 3888 1966 3955 accepisset
2004 3896 2297 3951 nunquam,
2328 3880 2429 3931 nisi
2457 3885 2599 3930 esset
2636 3876 2749 3942 ipse
2772 3871 3013 3927 divinus?
3040 3867 3199 3937 556

1672 3978 1803 4030 Nam
1835 3977 1881 4028 si
1910 3974 2117 4027 mortali
2151 3969 2379 4037 corpori,
2422 3967 2566 4020 ﬂuxo
2608 3974 2662 4018 et
2698 3965 2813 4017 sine
2842 3968 3042 4021 mente,
3090 3958 3197 4010 imo

1671 4064 1829 4115 etiam
1859 4073 1985 4111 vero
2006 4073 2068 4111 ex
2098 4072 2217 4111 sese
2244 4056 2509 4121 cadaveri,
2551 4042 2689 4121 quod
2735 4047 3086 4115 exstinguitur
3112 4061 3199 4099 as-

1673 4151 1843 4211 sidue,
1880 4156 2039 4214 atque
2068 4146 2121 4198 in
2146 4144 2392 4199 interitus
2422 4142 2770 4195 mutationem
2801 4136 3070 4198 dilabitur,
3118 4135 3199 4186 in-

1672 4242 1851 4295 fossus
1898 4240 1985 4292 ille
2029 4240 2155 4291 dum
2196 4244 2307 4299 est,
2351 4249 2455 4287 non
2500 4230 2627 4285 illud
2675 4228 2834 4282 mdo
2863 4225 3009 4293 lingit
3041 4234 3202 4292 atque

1672 4336 1989 4391 conservat,
2043 4326 2135 4380 sed
2187 4333 2390 4376 natura:
2439 4333 2649 4388 quoque
2708 4310 2818 4371 sine
2871 4314 3198 4367 divinitatem

1673 4418 1925 4481 ostendit,
1956 4413 2170 4467 tametsi
2194 4411 2423 4465 exitialis
2455 4408 2634 4474 hujus,
2656 4405 2796 4473 quod
2820 4404 3033 4457 obvium
3060 4416 3199 4454 sein—

1673 4498 2004 4575 perhabeat,
2036 4500 2272 4569 ﬁgmenti
2311 4498 2478 4563 moles
2506 4496 2677 4548 lucem
2708 4494 2821 4561 ejus
2867 4494 3080 4558 vimque
3104 4490 3195 4541 de-

66 4589 160 4661 γάρ
196 4594 478 4664 ἐπενόησεν
506 4597 597 4648 ἐπὶ
624 4598 725 4666 γῆς
757 4594 997 4659 συνόδους
1024 4597 1128 4675 τῷν
1150 4600 1286 4652 ἑπτά
1314 4579 1445 4670 μετά
1471 4600 1572 4651 τῶν

1678 4597 1883 4669 hilitet;
1908 4591 2175 4661 quomodo
2204 4589 2434 4652 tandem,
2467 4586 2555 4647 ubi
2580 4585 2741 4639 semel
2770 4584 3022 4636 rationem
3054 4579 3195 4629 illam

68 4686 310 4753 κινήσεων
334 4686 395 4755 δη
405 4690 745 4758 μιουργῆσαι,
769 4688 853 4740 διὰ
883 4691 1277 4759 μηχανημάτων
1305 4692 1373 4744 τὰ
1401 4693 1459 4744 ὲν
1486 4692 1576 4743 οὑ-

71 4774 199 4843 ρανῷ
227 4776 571 4847 μιμούμενος.
606 4779 713 4845 Καὶ
752 4780 803 4831 τί
840 4780 944 4851 γάρ
986 4782 1082 4832 οὐκ
1112 4770 1417 4853 ἐπενόησεν,
1450 4783 1581 4835 ἀπο-

299 4868 420 4960 τὸν-
437 4869 578 4922 θεῖον
610 4871 703 4923 καὶ
753 4870 869 4941 Θεῷ
898 4874 1264 4942 παρισωμένον
1306 4875 1362 4925 ὲν
1408 4873 1579 4941 ἐαυτῷ

71 4950 211 5016 νοῦνς
246 4956 361 5024 Ἀφ’
385 4950 459 5009 ὧν
498 4958 757 5027 ὀλυμπίου
807 4959 863 5010 τε
886 4962 998 5029 ,καὶ
1028 4960 1190 5024 θείου,
1224 4962 1316 5013 καὶ
1335 4961 1578 5029 οὐδαμῶς

72 5036 246 5140 θνητοῦ
284 5046 601 5118 τολμήματα
636 5031 940 5140 διαξραίνιιη,
968 5052 1091 5113 τοὺς
1131 5051 1347 5113 πολλοὺς
1377 5051 1463 5102 διὰ
1491 5069 1577 5119 φι-

70 5127 270 5187 λαυτίαν
316 5140 411 5206 τῆς
432 5204 437 5209 ἢ
458 5140 635 5193 αὐτῶν
662 5127 740 5203 είς
765 5142 1005 5195 τά·κάτω
1031 5146 1198 5213 ῥοπῆς
1247 5144 1370 5194 ίδείν
1418 5143 1579 5194 αὑτὸν

72 5222 155 5291 οὔχ
172 5224 306 5288 οἵους
328 5243 387 5279 τε
405 5228 580 5293 ὄντας,
604 5234 669 5283 ὲκ
692 5231 797 5284 τῶν
818 5233 1012 5296 ἔξωθεν
1035 5234 1362 5302 φαινομένων
1381 5234 1578 5301 ὁμοίως

72 5314 233 5377 αὑτοῖς
268 5316 555 5388 ’θνητοειδῆ
599 5319 833 5385 δοξάζειν
863 5325 1017 5376 αὐτὸν
1060 5324 1429 5376 ἀναπέπεικεν·
1462 5322 1578 5386 ἑνὸς

73 5402 205 5465 δντος
231 5404 321 5458 καὶ
348 5405 533 5490 τούτου
559 5409 756 5476 τρόπου
781 5414 876 5480 τῆς
906 5415 968 5464 ὲκ
995 5413 1186 5475 κακίας
1214 5412 1575 5483 παραμυθίας,

72 5493 143 5558 ad,
166 5497 230 5564 τῇ
248 5495 587 5548 άντανισὼσει
610 5500 706 5568 τῆς
726 5500 929 5552 ἑαυτῶν
950 5502 1252 5571 ἀθλιότητος
1269 5502 1355 5554 διά
1372 5504 1438 5555 τά
1450 5502 1575 5566 ἐξω-

78 5581 156 5637 θιν
179 5587 461 5657 φαινόμενα
491 5592 1078 5659 προσαναπαυομένους,
1107 5592 1309 5645 πείθειν
1338 5594 1575 5658 ἑαυτοὺς,

77 5675 149 5730 δτι
168 5676 240 5741 ὣς
266 5678 333 5732 τά
354 5678 477 5745 ἔξω,
493 5680 586 5732 καὶ
605 5672 674 5732 τά
700 5681 827 5733 εἴσω
848 5683 1017 5751 ὅμοιοι
1034 5684 1229 5746 πάντες
1247 5684 1537 5756 ἂνθρωποι.
1552 5707 1572 5739 ι

140 5786 657 5863 (ῢλιςροτωνιὰτης
704 5794 971 5863 φυσικός.
1007 5792 1361 5863 Pythagoras.
1398 5798 1574 5852 credo.

83 5851 199 5911 Nam
220 5851 444 5915 Crotone
472 5851 805 5928 potissimum
828 5851 1017 5919 italicae
1051 5851 1398 5927 philosophia:
1422 5851 1588 5922 scho-

1676 4704 1849 4752 suam,
1895 4685 2039 4739 velut
2064 4696 2274 4745 aurum,
2318 4676 2385 4731 ab
2428 4675 2733 4731 circumfusi
2762 4674 2857 4726 luti
2888 4668 3197 4735 contagione

1677 4790 1937 4837 secretam
1962 4792 2026 4831 ac
2049 4772 2343 4841 sejunctam
2367 4769 2630 4832 habuerit,
2657 4780 2806 4821 suam
2823 4778 2916 4831 per
2942 4774 3058 4812 sese
3088 4757 3197 4809 for-

1676 4890 1817 4929 mam
1866 4871 2202 4941 speciemque
2244 4862 2541 4933 patefaciet,
2572 4876 2691 4929 quae
2735 4872 2838 4911 non
2878 4852 3047 4906 amnis
3080 4861 3196 4905 tan-

1678 4970 1787 5014 tum
1822 4959 1931 5011 Deo
1975 4958 2077 5019 sit,
2127 4968 2311 5006 verum
2354 4951 2514 5005 etiam
2556 4957 2766 5018 propter
2806 4945 2941 4995 hanc
2978 4957 3097 4996 cum
3133 4955 3198 4994 eo

1677 5049 2124 5110 communionem,
2165 5054 2218 5099 et
2256 5044 2444 5112 agendi
2493 5041 2747 5093 rationem
2788 5036 2836 5089 ei
2878 5034 3197 5103 persimilem

1676 5141 1850 5193 adhuc
1873 5140 2116 5202 retineat,
2149 5147 2202 5190 ct
2227 5151 2372 5197 vero,
2408 5146 2511 5200 qua
2536 5129 2617 5182 sui
2644 5135 2791 5195 parte
2834 5124 3070 5179 mortalis
3096 5131 3194 5181 est,

1676 5240 1735 5282 ut
1758 5244 1887 5281 sane
1911 5237 2012 5291 est,
2045 5228 2171 5279 dum
2201 5222 2407 5277 mortali
2452 5232 2679 5285 corpore
2720 5215 2956 5269 inclusus
2980 5211 3198 5267 constri-

1676 5329 1899 5386 ctusque
1930 5324 2138 5377 manet,
2184 5328 2248 5366 eo
2274 5319 2477 5363 tantum
2523 5323 2628 5360 non
2674 5308 3022 5365 dissolvatur,
3052 5301 3195 5368 quod

1675 5412 1797 5478 ejus~
1838 5417 2040 5461 natura:
2074 5405 2164 5467 sit,
2192 5416 2310 5469 quae
2337 5400 2537 5452 nullam
2576 5398 2965 5467 corruptionem
3010 5388 3194 5442 interi-

1676 5510 1896 5566 tumque
1909 5495 2139 5563 patiatur
2151 5493 2199 5543 τι
2224 5490 2417 5545 Deinde
2434 5486 2989 5561 progressusjulterius,
3000 5502 3016 5530 ι
3028 5480 3196 5545 Idem,

1679 5588 1870 5655 inquit,
1898 5591 2171 5651 praeterea,
2215 5582 2290 5635 uti
2320 5596 2382 5634 ex
2404 5598 2500 5636 sua
2530 5596 2651 5635 cum
2677 5595 2741 5633 eo
2763 5575 2853 5644 qui
2877 5581 3025 5641 parte
3050 5572 3197 5623 omni

1676 5686 1841 5739 caret,
1871 5673 2237 5736 similitudine,
2285 5673 2498 5726 divinus
2543 5671 2732 5723 merito
2767 5664 2930 5718 videri
2972 5673 3145 5731 pateat
3178 5680 3193 5716 :

1642 5779 1649 5783 ’
1677 5791 1804 5847 lam,
1837 5793 1894 5837 ut
1936 5792 2164 5846 constat,
2191 5783 2415 5851 aperuit,
2445 5792 2498 5835 et
2528 5794 2622 5847 pro
2648 5778 2946 5851 animorum
2977 5780 3195 5836 immor-

1677 5858 1879 5913 talitate
1911 5852 2147 5909 studiose
2172 5847 2468 5920 acriterque
2493 5847 2759 5917 pugnavit.
