4038 6330
756 440 862 494 953

1416 439 1680 494 EUSEBII
1723 436 2192 491 (sziSARlENSlS
2234 435 2379 488 OPP.
2428 437 2606 489 PARS
2649 438 2707 489 ll.
2754 471 2818 478 ——
2853 437 3341 493 APOLOGETICA.

3909 441 3978 493 ςεπι

755 566 1029 621 praecones
1064 539 1368 613 habuimus,
1417 553 1500 604 cui
1533 553 1663 605 lides
1694 552 1871 613 hodie,
1904 562 2103 604 temere
2133 551 2284 604 nimis

2400 550 2603 601 πολλῶν
2649 552 2744 602 οὐκ
2798 554 2970 619 ὀρθῶς
3020 553 3382 605 ἀπιστοῦνται.
3439 554 3513 604 Τὸ
3557 552 3681 621 γὰρ
3734 551 3978 606 ἐντεῦθεν.

755 660 818 697 ac
857 644 1041 696 leviter
1073 659 1099 696 a
1142 644 1409 711 plerisque
1452 644 1770 696 detrahitur.
1818 641 1951 695 Nam
1983 643 2122 708 quod
2175 643 2297 694 inde

755 749 1087 802 consequens
1117 746 1217 796 est,
1246 734 1348 786 hoc
1379 735 1430 785 in
1465 734 1652 801 primis
1684 733 1915 801 cogitare
1945 749 2040 785 nos
2067 743 2294 800 oportet.

755 825 902 888 Quod
949 825 1089 876 enim
1133 838 1419 891 puerorum
1467 823 1520 874 in
1553 830 1798 875 naturam
1834 837 1990 876 senes
2043 823 2295 886 redeant,

754 917 878 968 huic
912 931 1034 968 vero
1073 915 1347 968 collati-ens
1377 921 1429 965 et
1461 912 1615 965 aliine
1644 923 1744 974 est,
1782 921 1839 964 ut
1869 913 2202 966 exvmortuis
2236 928 2298 966 ac

753 1011 889 1053 terra
919 1000 1270 1067 consepultis,
1303 1000 1666 1053 coalescentes
1690 1002 1866 1052 denuo
1892 1001 2298 1055 reviviscentes-

751 1108 851 1157 que
903 1095 1190 1154 nonnulli,
1247 1108 1441 1146 novam
1500 1093 1903 1146 conversionem
1961 1102 2292 1160 sequantur,

750 1197 870 1238 ortu
903 1185 1063 1237 simul
1097 1185 1214 1252 ipso
1256 1183 1586 1236 contrarium
1619 1183 1670 1234 in
1699 1183 1882 1235 orbem
1916 1183 2195 1235 revoluto:
2233 1197 2297 1236 ac

749 1278 989 1342 proinde,
1022 1277 1164 1344 quod
1200 1275 1342 1328 hunc
1378 1275 1429 1327 in
1465 1277 1680 1326 modum
1712 1290 1776 1327 ex
1805 1283 1948 1327 terra
1978 1275 2078 1327 sati
2116 1288 2298 1326 neces-

748 1369 893 1419 sario
925 1368 1201 1434 prodeant,
1231 1367 1307 1419 sic
1330 1369 1488 1417 etiam
1518 1365 1731 1418 nomine
1757 1366 1918 1418 simul
1948 1374 1998 1417 et
2024 1363 2294 1417 communi

749 1460 1024 1511 hominum
1047 1475 1290 1513 sermone
1309 1460 1931 1527 appellentur,quotquot
1955 1473 2017 1511 ex
2049 1458 2112 1510 iis
2135 1458 2292 1511 aliam

749 1551 802 1602 in
835 1561 1028 1604 sortem
1059 1550 1165 1604 Deo
1191 1553 1547 1605 transcribere
1568 1566 1672 1614 non
1697 1550 1914 1617 placuit.
1941 1548 2052 1603 Hoc
2077 1551 2292 1618 quidem

746 1656 808 1692 ex
841 1642 1204 1708 superioribus
1229 1643 1450 1695 omnino
1478 1641 1737 1710 sequitur.
1772 1640 1945 1700 iiTum
1979 1655 2294 1709 progressus

745 1733 906 1784 etiam
941 1733 1183 1796 ulterius,
1211 1733 1275 1786 de
1303 1747 1554 1798 supremo
1584 1731 1768 1785 mundi
1797 1731 1920 1792 line,
1948 1730 2292 1784 llebrworum

745 1822 1004 1875 doctrina:
1035 1822 1248 1890 gemina
1280 1821 1704 1889 philosophatur,
1743 1820 1886 1874 hunc
1914 1822 1967 1873 in
1999 1819 2239 1874 modum.

1189 1932 1345 2002 562
1375 1930 1597 1984 CAPUT
1624 1931 1859 1984 xxxw.

1004 2093 1010 2098 _
1168 2023 1239 2076 De
1267 2041 1500 2090 supremo
1534 2025 1712 2076 mundi
1751 2026 1872 2092 ﬁne.

819 2133 837 2163 ι
860 2113 1210 2183 Posteaquam
1243 2116 1381 2166 enim
1412 2115 1636 2168 istorum
1669 2117 1909 2168 omnium
1932 2125 2139 2184 tempus
2162 2132 2288 2169 exa-

745 2213 889 2256 ctum
937 2215 1106 2265 esset,
1158 2221 1277 2256 cum
1327 2206 1543 2258 evenire
1592 2206 1944 2259 mutationem
1995 2219 2284 2274 Oporteret,

741 2296 959 2364 jamque
993 2297 1126 2349 adeo
1175 2307 1441 2350 terrenum
1493 2313 1658 2366 genus
1694 2300 2001 2351 universum
2048 2299 2288 2351 funditus

745 2385 1068 2438 exhaustum
1097 2395 1238 2438 esset
1266 2404 1278 2438 :
1313 2387 1508 2455 quippe
1536 2387 1678 2454 quod
1713 2402 1838 2439 suas
1860 2403 2046 2440 omnes
2075 2387 2287 2441 animus

741 2476 966 2544 quilibet
1009 2478 1379 2541 generationes
1416 2487 1890 2545 repraesentaverat
1923 2494 2042 2532 cum
2096 2480 2148 2532 in
2183 2489 2288 2532 ter-

742 2580 856 2617 ram
887 2567 1140 2634 imperata
1167 2566 1265 2618 sibi
1291 2567 1521 2634 quisque
1549 2567 1753 2620 semina
1784 2567 2109 2634 profudisset
2134 2582 2148 2620 :
2173 2579 2284 2622 tum

742 2670 869 2706 vero
899 2656 1133 2708 universi
1175 2656 1492 2720 Moderator,
1523 2656 1600 2710 sic
1638 2663 1892 2724 tanquam
1937 2659 2286 2726 gubernaculi

744 2746 966 2799 dimisso
1000 2747 1170 2808 clavo,
1207 2761 1326 2799 sese
1359 2748 1608 2815 deinceps
1638 2747 1702 2802 ad
1731 2749 1814 2802 sui
1852 2749 2021 2816 ipsius
2049 2759 2286 2802 contem-

742 2838 1036 2906 plationem
1072 2839 1288 2906 recepit,
1325 2837 1598 2907 fatumque
1622 2854 1813 2892 rursus
1845 2839 2112 2907 insitaque
2136 2841 2288 2907 cupi-

737 2929 878 2983 di’as
927 2930 1188 2983 mundum
1231 2945 1447 2982 versare
1479 2932 1659 2997 cmpit.
1696 2929 1835 2998 Ergo
1861 2930 2038 2983 caeteri
2071 2944 2285 2998 quoque

737 3019 832 3081 dii,
874 3035 1086 3073 summo
1114 3036 1235 3072 cum
1263 3019 1493 3072 Numine
1537 3020 1650 3073 suis
1681 3020 1880 3087 quique
1931 3018 2164 3088 przefecti
2201 3035 2284 3072 re-

739 3110 1012 3177 gionibus,
1062 3111 1151 3162 uhi
1201 3125 1311 3174 rem
1346 3110 1752 3175 intellexissent,
1802 3120 1980 3178 partes
2029 3111 2283 3164 continuo

2399 636 2569 708 οἶμαι,
2598 641 2699 709 χρὴ
2733 641 2978 702 ξυννοεῐν.
3022 643 3300 712 Ἐχὸμενον
3333 644 3429 712 μὲν
3461 643 3580 711 γάρ
3618 645 3751 692 ἐστι
3790 641 3864 708 τῷ
3887 646 3979 704 τοὺς

2402 730 2704 799 πρεσϐύτας
2748 733 2837 783 ἐπὶ
2879 734 2976 802 τὴν
3006 734 3096 785 τοῦ
3134 735 3315 795 παιδὸς
3373 735 3507 786 ίέναι
3532 733 3743 800 φύσιν,
3793 734 3856 782 ἐκ

2399 821 2847 893 τετελευτηκότων
2871 821 2956 886 αὖ,
2977 825 3234 894 κειμένων
3254 825 3295 876 δ’
3316 829 3372 877 ὲν
3399 829 3492 894 γῇ,
3513 825 3701 877 πάλιν
3730 825 3854 874 ἐκεῖ
3883 841 3975 874 :4:-

2401 916 2712 984 ισταμένους
2739 919 2829 969 καὶ
2851 918 3368 986 ἁναϐιωσκομένους,
3404 918 3655 976 ’ἔπεσθαι
3707 920 3782 986 τῇ
3808 922 3973 986 τροπῇ.

2399 1003 2963 1074 ξυνανακυκλουμένης
3005 1009 3082 1067 εἰς
3126 1007 3378 1058 τάναντία
3412 1007 3512 1074 τῆς
3541 1006 3872 1072 γενέσεως·
3905 1011 3975 1055 κ;ὶ

2397 1099 2642 1162 γηγενεῖς
2671 1096 2724 1147 δὲ
2757 1097 2891 1148 κατὰ
2913 1096 3098 1148 τοῦτον
3135 1098 3220 1150 τὸν
3249 1099 3444 1167 τρόπον
3476 1098 3537 1160 ἐξ
3572 1099 3848 1165 ἀνάγκης
3873 1115 3972 1163 ζιζὲῦ-

2401 1188 2607 1256 μένους,
2655 1186 2825 1249 οὕτως
2882 1187 3021 1256 ἐχειν
3063 1187 3296 1258 τοῦνομα
3329 1191 3420 1241 καὶ
3457 1190 3553 1240 τὸν
3609 1188 3811 1254 λόγον,
3845 1187 3971 1248 ὅσοις

2401 1280 2472 1348 μὴ
2506 1279 2634 1341 Θεὸς
2662 1278 2835 1330 αὐτῶν
2877 1280 2954 1340 εἰς
2982 1279 3143 1348 ἀλλην
3181 1283 3368 1348 μοῖραν
3407 1281 3647 1349 ἐκόμισε
3711 1278 3850 1346 (Η).
3893 1282 3971 1331 Κε-

2401 1369 2526 1437 μιδῆ
2555 1370 2648 1437 μὲν
2673 1365 2762 1421 οὖν
2799 1367 2953 1420 τοῦτό
2993 1385 3053 1436 γε
3092 1370 3277 1422 ἕπεται
3305 1373 3410 1432 τοῖς
3442 1370 3807 1439 ἔμπροσθεν.
3846 1389 3862 1420 ι
3883 1366 3969 1420 Εἶτ’

2396 1455 2464 1510 αὖ
2488 1460 2642 1511 πάλιν
2662 1460 2785 1528 ἑξῆς
2808 1458 3027 1530 προῖὼν,
3051 1460 3118 1513 τὰ
3133 1461 3290 1530 ὅμοια
3304 1465 3414 1523 τοῖς
3436 1462 3733 1532 Ἐϐραίων
3761 1462 3967 1529 δόγμα

2396 1551 2522 1619 περὶ
2558 1550 2654 1619 τῆς
2697 1549 2789 1602 τοῦ
2835 1550 3034 1620 κόσμου
3070 1551 3372 1614 συντελείας
3400 1552 3599 1604 τοῦτον
3628 1553 3869 1617 διέξεισι
3897 1555 3967 1603 τῇ

2394 1640 2611 1708 τρόπον.

2894 1922 3280 1976 ΚΕΦΑΛΔῙΟΝ
3323 1926 3439 1976 ΛΔ’.

2690 2013 2824 2079 Περὶ
2859 2016 3211 2080 συντελείας
3244 2015 3347 2068 τοῦ
3391 2016 3656 2084 κόσμου.

2463 2119 2483 2152 ι
2507 2102 2717 2172 Ἐπειδὴ
2750 2103 2857 2172 (15)
2884 2103 2990 2174 γὰρ
3020 2106 3233 2158 πάντων
3263 2106 3464 2159 τούτων
3494 2107 3706 2175 χρόνος
3744 2108 3962 2160 ἐτελειώ-

2387 2193 2474 2264 θη,
2492 2196 2584 2247 καὶ¹
2611 2195 2905 2266 μεταϐολὴν
2935 2197 3036 2248 ἔδει
3061 2198 3323 2265 γενέσθαι,
3357 2199 3450 2250 καὶ
3469 2199 3532 2270 δὴ
3561 2202 3664 2252 καὶ
3699 2205 3769 2254 τὸ
3804 2206 3960 2272 γήϊνον

2388 2284 2486 2353 ήδη
2539 2288 2644 2337 πᾶν
2685 2287 2923 2356 ἀνήλωτο
2950 2290 3120 2355 γένος,
3147 2291 3321 2353 πάσας
3372 2290 3619 2362 ἑκάστης
3655 2295 3770 2362 τῆς
3807 2295 3958 2361 ψυχῆς

2386 2377 2481 2437 τὰς
2499 2377 2736 2443 γενέσεις
2753 2378 3154 2440 ἀποδεδοκυίας,
3173 2381 3368 2432 mea:
3395 2377 3460 2450 ἦν
3491 2384 3715 2454 ἑκάστῃ
3739 2403 3958 2454 προστι-

2390 2465 2549 2518 θέντα
2569 2466 2701 2535 (16),
2719 2467 2949 2520 τοσαῦτα
2972 2469 3048 2529 είς
3069 2469 3168 2537 γῆν
3195 2470 3480 2538 σπέρματα
3523 2473 3828 2543 πεσούσης
3847 2476 3954 2543 (Ππ

2387 2555 2503 2604 τότε
2548 2554 2609 2622 δὴ
2642 2553 2733 2605 τοῦ
2771 2556 2965 2616 παντὸς
2992 2557 3019 2607 ὁ
3053 2557 3142 2624 μὲν
3172 2558 3524 2626 κυϐερνήτης,
3550 2556 3646 2612 οἷα
3695 2563 3956 2630 πηδαλίω-

2387 2643 2567 2705 οἴακος
2599 2644 2886 2713 ἀφέμενος,
2927 2647 3003 2707 εἰς
3053 2647 3149 2716 τὴν
3188 2646 3346 2698 αὑτοῦ
3391 2652 3686 2720 περιωπήν
3724 2654 3931 2720 ἀπέστη

2386 2733 2472 2784 τὸν
2503 2734 2556 2784 δὲ
2580 2734 2643 2802 δὴ
2671 2735 2869 2802 κόσμον
2899 2735 3058 2787 πάλιν
3085 2736 3406 2805 ἀνέστρεφεν
3432 2739 3764 2811 εἱμαρμένη
3804 2760 3861 2794 τε
3889 2748 3958 2793 καὶ

2387 2821 2657 2891 ξύμφυτος
2686 2824 2961 2893 ἐπιθυμία.
2992 2827 3195 2890 Πάντες
3220 2823 3309 2879 οὖν
3335 2830 3382 2879 οἱ
3407 2829 3545 2881 κατά
3575 2833 3713 2894 τοὺς
3731 2845 3760 2872 ι
3783 2835 3959 2895 τόπους

2387 2909 2733 2982 ξυνάρχοντες
2763 2914 2838 2984 τῷ
2871 2917 3106 2985 μεγίστῳ
3128 2918 3335 2987 δαίμονι
3357 2919 3489 2980 θεοὶ,
3523 2922 3764 2988 γνόντες
3790 2925 3889 2994 ᾖδη

2385 3005 2715 3074 γιγνόμενον,
2766 3007 2992 3073 ἀφίεσαν
3047 3003 3112 3060 αὖ
3170 3000 3239 3059 τὰ
3293 3009 3429 3081 μέρη
3479 3008 3574 3060 τοῦ
3624 3011 3850 3080 κόσμου
3877 3014 3958 3080 τῆς

2387 3097 2561 3148 αὐτῶν
2596 3098 2926 3166 ἐπιμελείας.
2972 3101 3031 3150 '0
3055 3099 3131 3161 δὲ,
3169 3100 3675 3171 μεταστρεφόμενος
3704 3106 3808 3156 καὶ
3843 3104 3957 3173 ξυμ-

749 3215 892 3253 cur:e
947 3216 1057 3253 suae
1123 3200 1356 3252 creditas
1409 3201 1758 3267 reliquerunt.
1818 3200 2001 3269 itaque
2052 3202 2283 3256 mundus

2390 3188 2621 3254 ϐάλλων,
2662 3190 2832 3259 ἀρχῆς
2893 3207 2951 3241 τε
3012 3190 3104 3242 καὶ
3171 3190 3419 3259 τελευτῆς
3479 3193 3744 3244 ἐναντίαν
3795 3196 3954 3264 ὁρμὴν

740 3307 876 3344 nova
910 3306 1090 3345 secum
1120 3293 1231 3359 ipse
1261 3290 1608 3343 conversione
1633 3302 2036 3353 concurrens,et
2063 3301 2278 3345 contra-

738 3384 820 3437 rio
857 3383 1103 3451 principii
1135 3382 1293 3436 simul
1327 3397 1388 3435 ac
1429 3382 1550 3434 linis
1598 3382 1794 3448 impetu
1829 3383 2080 3449 agilatus,
2125 3382 2282 3435 vehe-

739 3473 1003 3525 mentiore
1028 3473 1110 3526 sui
1139 3474 1308 3540 ipsius
1332 3474 1706 3534 concussione,
1732 3473 1890 3525 aliam
1914 3471 2088 3525 denuo
2105 3473 2281 3540 generi

739 3562 1091 3614 animantium
1124 3564 1268 3614 omni
1293 3572 1493 3631 pestem
1518 3563 1735 3616 creavit.
1769 3561 1914 3626 lude,
1937 3562 2084 3630 justo
2105 3561 2283 3629 aliquo

741 3651 994 3719 temporis
1028 3651 1325 3714 intervallo,
1357 3652 1422 3703 ab
1439 3652 1584 3705 omni
1610 3652 1718 3720 jam
1737 3652 1987 3714 tumultu,
2008 3651 2288 3719 perturba-

739 3745 884 3796 tione
905 3751 955 3796 et
977 3743 1323 3812 quassatione
1344 3750 1642 3807 recreatus,
1677 3758 1804 3810 pace
1829 3758 1889 3795 ac
1907 3742 2288 3810 tranquillitate

738 3835 1073 3902 succedente,
1092 3837 1308 3891 solitum
1332 3837 1396 3889 ad
1434 3851 1650 3890 cursum
1684 3835 1827 3888 illico
1848 3849 1965 3888 sese
1989 3831 2282 3893 revocavit,

737 3927 924 3994 suique
941 3928 1136 3994 pariter
1164 3942 1228 3980 ac
1256 3942 1433 3980 rerum
1459 3942 1592 3995 quas
1622 3927 1823 3980 ambitu
1857 3941 1956 3979 suo
1977 3926 2283 3980 continebat

738 4017 976 4070 omnium
1027 4016 1542 4070 administrationem
1569 4025 1622 4070 et
1649 4017 1931 4086 imperium
1966 4031 2126 4084 capes
2144 4015 2231 4069 sit.
2259 4036 2276 4068 ι

739 4101 985 4173 Idemque
1017 4106 1200 4174 paucis
1227 4105 1556 4172 interiectis:
1591 4123 1609 4156 ι
1655 4104 2032 4169 Quamobrem,
2088 4107 2278 4173 inquit,

739 4192 877 4247 Deus
920 4195 1022 4257 ille,
1059 4196 1150 4264 qui
1203 4210 1324 4249 eum
1382 4201 1447 4248 ab
1487 4195 1641 4248 initio
1691 4202 1800 4246 tam
1826 4193 2055 4262 eleganti
2091 4194 2277 4247 ordine

737 4283 1047 4350 digesserat,
1063 4295 1120 4337 ut
1143 4295 1418 4339 nutantem
1443 4286 1616 4354 ipsum
1636 4284 2090 4351 fluctuantemque
2117 4283 2276 4346 videt,

736 4382 1068 4440 peramanter
1093 4390 1302 4440 cavens,
1344 4393 1409 4430 ne
1434 4379 1534 4431 hac
1555 4384 1865 4444 tempestate
1898 4390 1961 4428 ac
1993 4373 2271 4442 perturba-

734 4467 879 4518 tione
909 4465 1219 4535 dissipatus,
1255 4468 1513 4522 immensa
1555 4467 1785 4535 quadam
1818 4465 2274 4519 dissimilitudinis

2389 3280 2665 3350 ὁρμηθεὶς,
2700 3281 2918 3350 σεισμὸν
2963 3281 3127 3333 πολὺν
3170 3281 3226 3332 ἐν
3261 3281 3432 3351 ἑαυτῴ
3466 3285 3657 3348 ποιῶν,
3691 3288 3872 3357 ἄλλην
3902 3283 3954 3340 αὖ

2391 3370 2591 3440 φθορὰν
2619 3369 2769 3433 ζώων
2798 3372 3059 3424 παντοίων
3090 3373 3471 3443 ἀπειργάσατο.
3498 3375 3656 3428 Μετά
3682 3377 3750 3430 δὲ
3777 3379 3955 3441 ταῦτα,

2390 3461 2735 3532 προελθόντος
2770 3461 2952 3514 ἱκανοῦ
2986 3463 3197 3531 χρόνου,
3233 3463 3456 3535 θορύϐου
3491 3482 3548 3517 τε
3584 3467 3684 3518 καὶ
3719 3471 3956 3540 ταραχῆς

2389 3552 2488 3621 ἤδη
2519 3553 2834 3621 παυόμενος,
2870 3553 2963 3604 καὶ
2991 3552 3097 3604 τῶν
3129 3554 3383 3622 σεισμῶν,
3411 3554 3658 3625 γαλήνης
3706 3558 3953 3610 £1“).qu-

2391 3660 2566 3712 μενος,
2589 3644 2665 3706 εἷς
2705 3661 2761 3695 τε
2799 3645 2888 3696 τὸν
2929 3644 3153 3696 εἰωθότα
3192 3645 3385 3714 δρόμον
3426 3645 3517 3697 τὸν
3557 3647 3770 3699 ἑαυτοῦ
3803 3667 3954 3701 κατα-

2387 3734 2749 3802 κοσμούμενος
2782 3735 2887 3802 ᾔει,
2923 3735 3233 3796 ἐπιμέλειαν
3257 3736 3348 3787 καὶ
3377 3736 3575 3804 κράτος
3609 3736 3757 3805 ἔχων
3808 3741 3952 3799 αὐτὰ

2383 3823 2489 3875 τῶν
2521 3827 2576 3874 ἐν
2600 3824 2742 3892 αὑτῷ
2770 3841 2826 3874 τε
2858 3825 2949 3874 καὶ
2975 3823 3184 3876 ἑαυτοῦ.
3227 3842 3244 3874 ι
3299 3826 3408 3877 Καὶ
3459 3827 3598 3893 μετά
3636 3830 3852 3897 βραχέα
3894 3826 3951 3881 αξ

2386 3933 2515 3986 φησι
2540 3932 2551 3943 ⁸
2585 3939 2600 3962 ι
2635 3915 2810 3985 Διὸδὴ
2845 3915 2935 3966 καὶ
2962 3915 3068 3966 τότ’
3108 3915 3204 3984 ήδη
3237 3913 3362 3976 Θεὸς
3395 3916 3422 3967 6
3453 3919 3746 3988 κοσμήσας
3777 3922 3948 3978 αὐτξ-ν,

2385 4006 2624 4075 καθορῶν
2651 4007 2706 4055 ὲν
2737 4005 2984 4074 ἀπορίαις
3006 4006 3152 4066 ὄντα,
3185 4005 3470 4074 κηδόμενος
3501 4008 3589 4058 ἵνα
3632 4011 3733 4078 μὴ,
3762 4030 3947 4080 χειμα-

2385 4097 2547 4158 σθεὶς,
2575 4096 2676 4147 ὑπὸ
2707 4096 2945 4165 ταραχῆς
2970 4095 3253 4160 διαλυθεὶς,
3281 4099 3358 4157 είς
3384 4097 3475 4147 τὸν
3498 4096 3601 4164 τῆς
3633 4101 3948 4172 ρνομοιάτη.

2379 4206 2467 4252 τος
2483 4188 2705 4256 ἄπειρον
2729 4187 2857 4238 ὄντα
2885 4186 3045 4240 τόπον
3067 4186 3184 4258 δύῃ,
3216 4185 3372 4238 πάλιν
3400 4187 3624 4258 ἔφεδρος
3660 4192 3834 4243 αὑτοῦ
3853 4194 3944 4244 τῶν

2380 4277 2648 4348 πηδαλίων
2685 4278 2987 4345 γενόμενος,
3026 4277 3092 4328 τά
3123 4279 3418 4346 νοσήσαντα
3471 4279 3565 4330 καὶ
3600 4280 3842 4335 λυθέντα
3896 4287 3942 4334 ὲν

2378 4372 2439 4438 τῇ
2463 4367 2576 4420 κατ’
2598 4350 2754 4418 αὑτὸν
2770 4366 2877 4436 (l8)
2897 4365 3129 4436 προτέρᾳ
3149 4367 3376 4436 περιόδῳ
3406 4369 3666 4438 στρέψας,
3681 4375 3940 4442 κοσμεῖτε

2379 4462 2470 4513 καὶ
2492 4460 2917 4530 ὲπανελθὼνβθ)
2935 4461 3193 4514 ἀθάνατον
3215 4463 3371 4515 αὑτὸν
3402 4463 3497 4515 καὶ
3522 4465 3761 4534 ἀγήρων
3789 4471 3942 4536 ἁπερ-

735 4557 988 4626 voragine
1040 4556 1337 4621 hauriatur,
1365 4560 1586 4628 receptis
1616 4559 1732 4627 ejus
1777 4559 1969 4612 iterum
2011 4557 2277 4626 guberna-

2390 4551 2619 4619 γάζεται.
2640 4552 2806 4604 Τοῦτο
2835 4552 2930 4621 μὲν
2955 4551 3101 4614 τέλος
3127 4553 3338 4604 πάντων
3365 4553 3594 4622 εἴρηται.
3648 4575 3662 4604 ι

762 4648 888 4710 nlis,
915 4664 1084 4718 aegras
1113 4649 1429 4716 luxatasque
1455 4661 1630 4718 partes
1654 4651 1717 4702 ad
1744 4649 2048 4701 institutum
2081 4647 2175 4700 abs
2206 4659 2322 4698 sese
2341 4643 2712 4697 conversionis
2735 4643 2918 4696 orbem
2950 4652 3185 4705 revocat,
3209 4651 3367 4710 atque
3389 4644 3536 4697 omni
3569 4661 3772 4703 errore
3795 4651 3938 4704 casti'

732 4747 875 4806 gato,
906 4756 1062 4792 suum
1115 4742 1214 4808 ipsi
1251 4749 1496 4793 ornatum
1531 4742 1781 4805 restituit,
1801 4750 1852 4793 et
1875 4738 2229 4792 immortalem
2253 4750 2376 4789 eum
2399 4734 2670 4804 deinceps,
2695 4750 2757 4788 ac
2778 4734 3070 4789 senectutis
3106 4742 3375 4802 expertem
3404 4750 3527 4790 esse
3559 4736 3749 4804 jubet.
3780 4742 3935 4810 Atque

736 4831 818 4884 hic
846 4847 1023 4885 rerum
1045 4834 1165 4888 ﬁnis
1194 4836 1431 4888 omnium
1464 4836 1754 4903 appellatus
1784 4843 1882 4889 est.
1922 4853 1940 4885 ι

1274 4927 1497 4982 CAPUT
1527 4927 1741 4982 ΧλΧν.

738 5009 968 5064 Morinos
985 5015 1232 5080 quosdam
1255 5015 1497 5066 revixisse
1520 5011 1676 5063 Plato
1693 5013 1890 5070 scribit,
1910 5028 2025 5064 cum
2043 5009 2274 5062 llebrwis

1009 5082 1101 5132 hoc
1134 5086 1288 5134 etiam
1322 5086 1372 5136 in
1404 5098 1583 5151 genere
1612 5084 1954 5141 consentiens.

812 5171 1007 5238 tAtqui
1038 5171 1256 5232 nullius,
1284 5171 1522 5239 inquam,
1560 5171 1659 5224 ista
1686 5170 1768 5222 vel
1801 5171 2003 5222 numeri
2039 5169 2166 5231 sint,
2192 5167 2274 5221 vel

803 5295 827 5321 ι
857 5283 1012 5335 Forte
1033 5283 1133 5334 del.
1171 5282 1308 5343 τούς.

736 5395 999 5453 ﬂcantius.
1047 5399 1175 5464 Qua:
1208 5398 1363 5450 verba
1402 5399 1478 5451 sic
1525 5397 1770 5461 Ficinus,
1820 5398 1907 5466 qui
1943 5398 2119 5450 statim
2152 5407 2266 5465 post

735 5468 955 5535 primum
994 5469 1358 5522 revolutionem
1397 5469 1497 5518 orti
1530 5479 1669 5531 sunt,
1700 5482 1807 5535 quo
1837 5467 1992 5519 unico
2028 5470 2268 5519 membro

736 5534 914 5590 Gneca
939 5539 1044 5591 duo
1070 5537 1382 5606 complexus
1406 5545 1507 5588 est.
1533 5535 1642 5605 Ego
1664 5534 1948 5604 utrumque
1970 5549 2266 5604 exprimere

737 5618 852 5654 sum
886 5617 1124 5660 conatus.
1262 5617 1266 5622 '

807 5676 913 5742 (Μ)
953 5676 1119 5735 Plato,
1147 5676 1433 5744 ἐκόσμησε.

805 5741 913 5808 (is)
965 5746 1209 5809 Ἐπειδὴ.
1249 5741 1397 5797 Plato
1424 5745 1473 5795 in
1501 5743 1685 5798 eodem
1713 5743 1960 5811 Politico,
1987 5759 2108 5813 pag.
2147 5741 2265 5796 176.

809 5815 912 5871 (16)
955 5813 1120 5878 l’lato,
1162 5813 1544 5881 προσαχθέντα.

2888 4915 3272 4969 ΚΕΦΛΛΑΙΟΝ
3316 4914 3434 4966 ΛΕ”.

2395 5013 2488 5076 Ὠς
2514 5008 2610 5060 καὶ
2634 5006 2879 5073 νεκροὺς
2902 5005 3201 5073 ἐγηγέρθαι
3224 5007 3257 5057 δ
3283 5003 3538 5076 Πλάτωνί
3575 5007 3805 5075 ὁμοίως
3835 5009 3933 5074 τοῖς

2774 5079 2785 5094 ”
2806 5072 3062 5141 Εϐραίων
3089 5077 3286 5141 λόγοις
3310 5072 3548 5138 ιστορεῖ.

2459 5189 2474 5217 ι
2498 5168 2679 5220 Ταῦτα
2692 5168 2864 5217 τοίνυν
2879 5164 3008 5233 (20),
3026 5160 3145 5216 ἱνδ⁵
3167 5161 3295 5230 ἐγὼ,
3311 5161 3459 5214 οὐδέν
3479 5163 3599 5216 ἐστι
3614 5168 3820 5240 πλήθει
3833 5169 3932 5220 asa

2451 5409 2557 5475 (i7)
2603 5408 2928 5469 Πείγούσης.
2972 5401 3155 5475 Active
3187 5399 3450 5467 sumpsit,
3493 5414 3596 5469 pro
3633 5403 3927 5475 βαλούσης.

2380 5494 2499 5530 raro
2529 5474 2813 5530 admodum
2846 5474 3108 5538 exemplo.

2450 5548 2556 5613 (18)
2596 5545 2765 5605 Plato,
2803 5543 2918 5593 καθ’
2945 5541 3124 5613 αὐτόν.

2449 5610 2557 5682 (19)
2603 5616 2767 5672 Plato,
2806 5610 3131 5682 ἐπανορθῶν.

2450 5677 2555 5753 (2Οῂ
2599 5684 2782 5735 Ταῦτα
2813 5677 3043 5753 -τοίνιὶν,
3067 5677 3562 5753 ,δεᾳυεηιίιιυ-Ιςεθε
3606 5685 3755 5752 apud
3790 5698 3927 5740 eum.

2379 5745 2496 5808 dein
2521 5753 2654 5807 Ριιι.
2684 5753 2773 5805 lib.
2801 5749 2872 5802 De
2903 5748 3097 5814 republ.
3126 5745 3178 5812 κ,
3212 5760 3329 5815 pag.
3364 5745 3464 5799 518
