4004 6342
718 457 820 515 945
1305 451 1561 507 EUSEBII
1594 448 2063 505 CESARIENSIS
2099 446 2244 501 OPP.
2285 446 2460 502 PARS
2498 443 2562 502 ιι.
2601 479 2669 491 -—
2708 447 3200 503 APOLOGETICA.
3761 454 3846 509 944

715 571 909 637 quibus
953 571 1180 637 pictores
1210 568 1520 622 abutuntur.
1560 567 1628 620 At
1671 581 1798 620 vero
1847 575 2043 621 terram
2091 566 2234 618 illam

2339 565 2580 634 ξυνεχὲς,
2632 567 2723 618 καὶ
2764 565 3000 618 ποικίλον
3049 565 3420 634 φαντάζεσθαι.
3477 567 3560 618 Ἐν
3610 568 3662 619 ὀὶ
3704 569 3846 640 ταύτῃ

713 675 779 714 ex
805 661 870 714 iis
901 661 1217 721 universam,
1257 658 1515 725 longeque
1542 657 1716 710 adhuc
1739 656 2120 711 illustrioribus
2142 671 2238 724 pu-

2338 651 2466 721 οὔσῃ
2491 651 2706 724 τοιαύτῃ
2729 652 2982 720 ἀνάλογον
3014 652 3081 704 τὰ
3102 651 3317 705 τοιαῦτα
3349 653 3572 722 φύεσθαι
3601 655 3774 727 δένδρα
3802 673 3848 709 τε

719 749 1048 816 rioribusqne
1080 758 1341 800 constare.
1389 746 1674 800 Enimvero
1702 761 2018 815 purpuream
2049 745 2157 808 hic,
2187 755 2239 798 et

2342 745 2431 794 καὶ
2453 743 2606 811 ἄνθη,
2630 743 2817 811 ἔχοντα
2844 743 2963 804 τοὺς
3001 743 3266 813 καρπούς·
3313 745 3404 796 καὶ
3443 741 3508 797 αὖ
3543 746 3606 796 τὰ
3648 747 3741 816 ὄρη
3763 747 3850 799 ὠσ-

717 836 1113 904 pulchritudine
1149 834 1446 887 admirabili
1474 831 1838 902 conspicuam,
1861 847 2076 887 auream
2110 832 2239 894 illic,

2339 833 2532 896 αύτως,
2571 835 2661 884 καὶ
2703 833 2824 893 τοὺς
2871 831 3086 901 βουνοὺς
3108 832 3214 900 (50)
3245 833 3380 903 ἐχειν
3413 836 3552 888 κατὰ
3586 836 3673 888 τὸν
3715 838 3851 888 αὑτὸν

718 927 840 979 alibi
875 941 1036 995 gypso
1063 942 1123 978 ac
1156 926 1274 978 nive
1305 924 1703 988 candidiorem',
1729 937 1829 978 nec
1857 937 1964 978 non
2004 923 2121 976 aliis
2166 923 2237 976 si-

2340 923 2490 990 λόγον
2518 924 2614 993 τὴν
2639 923 2937 992 τελειότητα
2963 925 3054 975 καὶ
3077 923 3175 992 τὴν
3196 923 3520 990 διαφάνειαν,
3545 926 3717 978 καὶτὰ
3739 927 3851 996 χρώ-

720 1015 911 1067 miiiter
959 1014 1269 1076 coloribus,
1307 1013 1399 1080 qui
1449 1022 1660 1066 nostros
1706 1011 1931 1066 multum
1987 1013 2239 1064 varietate

2342 1030 2481 1082 ματα
2504 1013 2718 1065 καλλίω.
2749 1007 2844 1065 Ὧν
2873 1014 2964 1064 καὶ
2997 1014 3065 1065 τὰ
3110 1013 3289 1065 ἐνθάδε
3320 1015 3512 1066 λιθίδια
3546 1012 3676 1068 εἶναι
3707 1018 3848 1068 ταῦτα

717 1104 910 1170 pariter
942 1118 1004 1155 ac
1034 1103 1206 1155 nitore
1229 1111 1499 1169 superent,
1530 1101 1864 1156 intertextam
1893 1102 2079 1155 videri.
2108 1100 2237 1154 Nam

712 1209 973 1248 concavas
998 1197 1155 1249 etiam
1183 1195 1347 1261 ipsius
1375 1194 1702 1258 altitudines,
1726 1209 1876 1262 aqua:
1897 1194 2055 1247 simul
2073 1193 2241 1246 aeris-

714 1298 817 1351 que
871 1285 1095 1353 plenas,
1153 1285 1378 1352 speciem
1434 1283 1690 1351 ejusmodi
1753 1283 1946 1338 coloris
2007 1283 2237 1350 aliquam

714 1377 1008 1437 ostendere,
1037 1390 1154 1442 qum
1183 1375 1263 1426 vel
1290 1375 1340 1425 in
1391 1386 1533 1427 tanta
1568 1375 1893 1441 reliquorum
1937 1374 2242 1426 diversitate

715 1466 1217 1536 refulgeat,.\itaque
1267 1480 1424 1516 unam
1479 1464 1621 1515 illius
1675 1462 1885 1524 faciem,
1933 1461 2237 1513 continuam

713 1558 874 1610 simul
906 1565 957 1609 et
985 1556 1183 1608 variam
1213 1570 1487 1622 apparere.
1522 1554 1666 1608 Talis
1709 1568 1870 1621 porro
1895 1567 2014 1604 cum
2057 1566 2115 1602 ea
2149 1550 2236 1607 sit.

715 1651 766 1702 in
797 1649 978 1701 eadem
1014 1649 1180 1701 sativa
1204 1663 1438 1716 quoque,
1463 1657 1517 1700 ut
1547 1647 1782 1708 arbores,
1813 1644 1970 1697 ﬂores
2015 1642 2241 1695 fructus-

715 1757 819 1807 que
873 1741 1016 1792 nasci
1074 1749 1488 1793 οοηεθηιαηειιηι
1536 1746 1652 1791 est:
1700 1744 1905 1788 montes
1955 1742 2236 1802 praeterea,

2337 1103 2404 1154 τὰ
2430 1101 2757 1170 ἀγαπώμενα
2791 1103 2971 1172 μόρια,
3007 1103 3194 1171 σάρδιά
3249 1119 3307 1154 τε
3349 1103 3441 1153 καὶ
3485 1105 3741 1166 ίάσπιδας,
3777 1107 3851 1158 καὶ

2342 1193 2695 1262 σμαράγδους,
2741 1193 2833 1244 καὶ
2869 1192 3040 1244 πάντα
3071 1194 3136 1245 τά
3181 1192 3413 1245 τοιαῦτα.
3456 1195 3599 1245 Ἐκεῖ
3636 1195 3688 1247 δὲ
3726 1195 3852 1247 οὐδὲν

2338 1283 2511 1334 ὁτιοῦν
2535 1281 2763 1334 τοιοῦτον
2791 1283 2887 1333 οὐκ
2916 1278 3068 1344 εἶναι,
3097 1283 3186 1334 καὶ
3216 1282 3293 1334 ἔτι
3328 1281 3526 1335 τούτων
3555 1283 3764 1336 καλλίω.
3795 1282 3852 1336 Τὸ

2338 1373 2380 1424 δ’
2415 1373 2580 1424 αἴτιον
2616 1371 2800 1423 τούτου
2842 1369 2996 1434 εἶναι,
3029 1373 3108 1423 ὅτι
3145 1374 3334 1423 ἐκεῖνοι
3378 1373 3426 1422 oi
3466 1371 3600 1423 λίθοι
3655 1372 3851 1443 καθαροί

2340 1464 2460 1524 εἰσι,
2499 1462 2590 1514 καὶ
2618 1462 2677 1512 ού
2712 1461 3169 1530 κατεδηδεσμένοι,
3204 1461 3319 1513 οὐδὲ
3357 1461 3745 1532 διεφθαρμένοι,
3766 1463 3852 1521 ὥο-

2340 1571 2442 1622 περ
2476 1555 2524 1605 οἱ
2563 1553 2743 1605 ἐνθάδε
2791 1552 2893 1604 ὑπὸ
2941 1544 3224 1620 σηπεδόνος
3268 1554 3358 1604 καὶ
3407 1553 3599 1623 ἅλμης,
3634 1555 3723 1606 καὶ
3762 1554 3850 1606 τῶν

2337 1645 2489 1714 δεῦρο
2518 1643 2964 1714 ξυνερρυηκότων,
2994 1644 3029 1696 ὃ.
3051 1644 3142 1696 καὶ
3181 1642 3362 1705 λίθοις,
3389 1646 3482 1694 καὶ
3511 1647 3601 1713 γῇ,
3644 1646 3730 1696 καὶ
3760 1649 3850 1709 τοῖς

2340 1736 2514 1798 ἄλλοις
2546 1734 2699 1798 ζώοις
2729 1751 2786 1786 τε
2807 1735 2899 1786 καὶ
2931 1737 3112 1802 φυτοῖς
3145 1733 3303 1805 αἴσχη
3330 1752 3386 1785 τε
3417 1736 3506 1786 καὶ
3534 1737 3709 1799 νόσους
3739 1754 3850 1807 παρ-

713 1831 1015 1897 lapidesque
1061 1829 1338 1892 similiter,
1381 1829 1753 1897 perfectionem
1784 1839 2051 1892 quemque
2087 1838 2238 1876 suam

2343 1825 2473 1893 έχει.
2516 1824 2623 1893 Τὴν
2654 1824 2708 1875 δὲ
2732 1823 2833 1892 γῆν
2862 1824 3026 1893 αὐτὴν
3064 1823 3424 1893 κεκοσμῆσθαι
3456 1823 3657 1886 τούτοις
3686 1826 3850 1885 ἅπασι,

714 1935 832 1972 cum
886 1920 1262 1988 perspicuitate
1315 1934 1377 1972 ac
1416 1917 1754 1970 suavioribus
1792 1913 2063 1968 coloribus
2105 1911 2239 1964 obti-

2345 1915 2434 1967 καὶ
2459 1915 2532 1964 ἔτι
2563 1911 2744 1982 χρυσῷ
2763 1928 2820 1964 τε
2853 1912 2945 1964 καὶ
2971 1912 3189 1982 ἀργύρῳ
3217 1914 3307 1964 καὶ
3334 1915 3444 1973 τοῖς
3472 1913 3644 1975 ἄλλοις
3671 1909 3732 1964 αὖ
3761 1917 3851 1977 τοῖς

713 2025 856 2063 nere.
911 2011 1146 2074 Quorum
1207 2006 1418 2080 quidem
1472 2007 1746 2076 particula:
1795 2014 2000 2058 tantum
2053 2004 2243 2071 aliqua:

714 2097 822 2150 sint
873 2097 1033 2163 lapilli
1093 2098 1223 2158 isti,
1282 2112 1416 2164 quos
1473 2105 1745 2162 tantopere
1793 2093 2239 2160 concupiscimus,

715 2188 875 2239 sardii
925 2188 1196 2250 videlicet,
1227 2188 1481 2256 jaspides,
1518 2186 1805 2254 smaragdi,
1838 2185 2032 2252 aliique
2060 2184 2110 2236 id
2154 2199 2242 2252 ge-

717 2291 836 2328 u-rs.
873 2275 979 2327 lllic
1005 2286 1179 2329 autem
1213 2278 1342 2329 nihil
1380 2292 1484 2329 non
1521 2291 1640 2330 esse
1672 2275 2002 2343 hujusmodi,
2033 2275 2240 2342 aliaque

2345 2005 2613 2064 τοιούτοις.
2663 2002 2895 2071 Ἐκφανῆ
2948 2002 3054 2071 γάρ
3101 2002 3234 2053 αὐτὰ
3299 2001 3628 2069 πεφυκέναι,
3682 1998 3751 2054 ὧν
3798 2005 3852 2056 τὰ

2345 2093 2509 2145 πολλὰ
2544 2092 2651 2160 (5|)
2681 2091 2853 2161 πλήθη
2900 2093 2992 2143 καὶ
3051 2091 3274 2159 μεγάλα,
3326 2092 3418 2142 κα)⁵
3477 2090 3729 2160 πολλαχοῦ
3762 2092 3852 2162 (32)

2343 2186 2437 2252 τῆς
2487 2183 2584 2252 γῆς
2626 2182 2761 2235 ὥστε
2803 2182 2969 2252 αὐτὴν
3017 2181 3121 2233 δεῖν
3178 2175 3310 2233 εἶναι
3355 2180 3529 2250 θέαμα
3561 2181 3854 2251 εὐδαιμόνων

2345 2273 2565 2326 θεατῶν.
2603 2290 2620 2322 ι

719 2370 892 2423 adhuc
944 2371 1096 2440 longe
1131 2371 1452 2439 pulchriora.
1503 2371 1668 2437 Cujus
1705 2371 1777 2422 rei
1830 2384 2046 2423 causam
2088 2369 2245 2421 aliam
2283 2383 2401 2422 esse
2443 2368 2664 2429 nullam,
2695 2381 2853 2434 quam
2914 2366 3054 2433 quod
3113 2364 3312 2433 lapides
3350 2365 3423 2416 illi
3455 2365 3572 2432 puri
3607 2363 3728 2419 sint.
3763 2378 3851 2414 non

717 2469 892 2516 autem
924 2469 979 2511 ut
1011 2460 1198 2519 nostri,
1235 2460 1352 2512 tabe
1404 2473 1464 2510 ac
1512 2459 1801 2527 salsugine,
1855 2458 2187 2524 aliarumque
2245 2471 2423 2510 rerum
2465 2455 2657 2523 injuria
2699 2455 2842 2507 exesi
2891 2462 3048 2520 atque
3108 2453 3364 2521 corrupti,
3433 2467 3552 2520 quae
3597 2453 3696 2504 huc
3739 2467 3851 2506 con-

715 2551 953 2605 ﬂuentes.
987 2548 1266 2616 lapidibus,
1300 2557 1481 2609 terrae,
1511 2561 1574 2599 ac
1605 2547 1825 2614 reliquis
1864 2555 1969 2598 tam
2004 2546 2383 2609 animantibus,
2432 2560 2590 2613 quam
2643 2543 2836 2612 plantis
2860 2543 2983 2595 vitia
3022 2542 3340 2609 morbosque
3383 2551 3582 2596 creant.
3631 2539 3777 2612 567
3797 2542 3852 2596 At

715 2657 841 2695 vero
888 2650 1084 2693 terram
1139 2639 1280 2690 illam
1320 2652 1441 2689 cum
1494 2637 1576 2689 his
1623 2636 1910 2697 omnibus,
1964 2645 2073 2687 tum
2130 2638 2263 2687 auro
2301 2635 2458 2687 etiam
2491 2644 2647 2703 atque
2680 2641 2927 2702 argento,
2990 2647 3053 2685 ac
3099 2632 3322 2693 caeteris,
3355 2631 3404 2684 id
3435 2646 3599 2698 genus
3629 2645 3849 2684 ornatam

716 2743 779 2781 ac
806 2730 1104 2782 decoralam
1170 2740 1308 2779 esse.
1339 2724 1404 2776 Et
1435 2725 1684 2793 quoniam
1725 2741 1785 2778 ea
1836 2726 1942 2779 sint
1991 2741 2110 2778 cum
2157 2727 2326 2778 nitore
2364 2725 2640 2794 singulari,
2691 2732 2799 2776 tum
2858 2722 3057 2791 ingenti
3109 2735 3331 2773 numero
3386 2735 3447 2773 ac
3493 2721 3849 2787 magnitudine.

715 2825 952 2890 adeoque
995 2830 1186 2874 terram
1221 2829 1482 2888 occupant
1528 2821 1851 2885 universam,
1897 2820 2013 2887 ejus
2071 2822 2289 2876 proinde
2327 2830 2539 2888 aspectu
2606 2818 2745 2882 frui,
2811 2833 2993 2870 verum
3057 2817 3106 2869 id
3162 2816 3539 2884 propriumque
3599 2817 3847 2869 beatorum

718 2913 1076 2980 spectaculum
1104 2912 1223 2980 jure
1250 2926 1312 2964 ac
1343 2911 1532 2963 merito
1561 2912 1740 2964 haberi
1775 2928 1950 2980 posse.
1994 2932 2014 2964 ι

1207 3002 1428 3056 CAPUT
1458 3002 1738 3056 XXXVIII.

720 3096 793 3150 De
828 3097 1049 3162 judicio,
1094 3095 1227 3163 quod
1274 3105 1488 3146 mortem
1538 3095 1783 3162 excipiat,
1820 3096 2084 3149 Platonem
2123 3099 2223 3150 lle-

1167 3165 1315 3216 brwis
1341 3165 1512 3230 afﬁnia
1541 3167 1776 3217 sensisse.

704 3307 712 3318 ,
791 3256 1082 3316 Postremo,
1115 3269 1234 3307 cum
1266 3252 1602 3306 Hebrteorum
1630 3253 1838 3317 litterae,
1865 3255 2069 3309 animos
2099 3267 2241 3323 post-

720 3362 942 3414 eaquam
972 3362 1000 3398 e
1041 3358 1260 3412 corpore
1298 3339 1678 3411 migravernnt,
1731 3345 1967 3399 divinum
2011 3347 2238 3399 tribunal

726 3453 786 3490 ac
832 3436 1088 3503 judicium
1141 3435 1383 3501 excipere
1436 3434 1763 3498 denuntient,
1813 3451 1930 3487 cum
1979 3436 2240 3490 sexcentis

723 3525 859 3585 aliis,
911 3531 1020 3576 tum
1069 3523 1172 3574 hoc
1221 3524 1377 3574 etiam
1433 3523 1591 3575 loco:
1624 3541 1640 3572 ι
1699 3523 1989 3589 Jndicium,
2047 3527 2235 3593 inquit,

721 3615 1067 3666 constitutum
1101 3621 1200 3671 est,
1245 3618 1296 3662 et
1342 3610 1460 3662 libri
1506 3612 1671 3676 aperti
1709 3623 1852 3675 sunt,
1901 3623 1951 3666 et
1977 3615 2240 3682 Antiquus

723 3702 924 3754 dierum
979 3702 1130 3754 sedit.
1187 3699 1406 3752 Fluvins
1458 3699 1593 3767 ignis
1643 3702 1948 3755 volvebatur
2008 3706 2059 3756 in
2113 3719 2241 3756 con-

723 3801 900 3860 spectu
924 3792 1039 3859 ejus
1067 3811 1077 3844 :
1107 3793 1281 3846 decies
1314 3791 1504 3843 millies
1533 3801 1753 3845 centena
1785 3795 1945 3845 millia
1975 3795 2243 3846 ministra-

723 3883 848 3936 bant
873 3882 940 3945 ei,
969 3893 1019 3936 et
1047 3884 1205 3937 millia
1231 3884 1450 3936 millium
1487 3885 1802 3938 assistebant
1821 3899 1997 3937 coram
2024 3899 2085 3936 eo
2117 3884 2236 3936 9⁵⁸.»

723 3973 855 4025 Audi
887 3987 1025 4026 nunc
1066 3972 1356 4034 Platonem,
1391 3973 1832 4041 quemadmodum
1865 3982 1918 4026 et.
1965 3973 2127 4026 divini
2155 3975 2241 4042 ju-

722 4063 868 4126 dit-ii,
901 4071 952 4116 et
985 4063 1118 4129 ignei
1153 4063 1388 4115 ﬂuminis
1414 4063 1730 4145 nominatim
1757 4064 2073 4124 meminerit,
2101 4064 2239 4115 mu!-

724 4167 908 4225 tasque
934 4159 1139 4225 piorum
1172 4156 1343 4218 sedes,
1395 4164 1444 4208 et
1484 4154 1765 4222 impiorum
1793 4157 1937 4210 varia
1983 4157 2238 4223 supplicia

697 4247 1060 4301 'liebraorum
1111 4262 1172 4300 ex
1222 4261 1377 4300 sensu
1429 4245 1774 4313 doctrinaque
1825 4245 2106 4298 describat.
2148 4245 2240 4297 'Sic

723 4338 864 4391 enim
920 4337 970 4388 in
1001 4336 1208 4404 dialogo
1237 4337 1304 4389 De
1327 4338 1498 4389 animo
1529 4337 1805 4402 loquitur:
1843 4354 1861 4384 ι
1890 4333 2002 4387 Jam
2034 4335 2238 4398 tertius,

729 4428 917 4496 inquit.
946 4426 1134 4480 ﬂuvius
1161 4427 1433 4480 amborum
1461 4428 1689 4494 erumpit
1719 4441 1744 4478 e
1770 4425 1962 4487 medio,
1988 4425 2238 4493 prirnum-

2835 2996 3217 3049 ΚΕΦΛΛΑΙΟΝ
3255 2997 3377 3048 ΑΠ’.

2351 3092 2438 3157 Ὠς
2453 3092 2541 3144 καί
2563 3091 2630 3142 τὰ
2650 3089 2777 3155 περὶ
2798 3086 2900 3152 τῆς
2912 3086 3053 3154 μετὰ
3068 3085 3170 3157 τὸν
3188 3085 3436 3157 θάνατον
3465 3088 3708 3152 κρΙσεως
3739 3089 3851 3153 ὁμο⁹

2249 3168 2288 3219 C
2391 3154 2490 3225 [ως
2519 3154 2788 3224 Ἑϐραίοις
2808 3158 2901 3207 καὶ
2921 3160 2952 3207 ό
2978 3154 3220 3208 Πλάτων
3241 3155 3481 3207 ἔσεσθαι
3503 3159 3774 3207 πιστεύει.

2407 3252 2515 3319 Τῆς
2542 3250 2664 3317 παρ’
2693 3246 2953 3315 Ἑϐραίοις
2980 3244 3194 3313 γραφῆς
3219 3242 3346 3294 Θεοῦ
3379 3241 3747 3313 δικαιωτήριον
3772 3245 3849 3296 καὶ

2340 3343 2514 3411 κρίσιν
2566 3337 2745 3406 ψυχῶν
2804 3336 2908 3404 (33)
2969 3334 3102 3403 μετὰ
3148 3334 3245 3404 τὴν
3294 3334 3494 3386 ἐνθένδε
3559 3333 3849 3401 ἀπαλλαγὴν

2341 3429 2550 3482 ἔσεσθαι
2588 3429 3066 3498 προαγορευούσης,
3101 3425 3184 3477 διά
3211 3441 3266 3476 τε
3310 3427 3511 3495 μυρίων
3551 3425 3739 3488 ἄλλων,
3769 3424 3848 3478 καὶ

2338 3521 2402 3572 δι’
2431 3515 2503 3572 ὦν
2541 3533 2688 3586 φησι’
2722 3536 2739 3567 ι
2784 3519 3069 3587 Κριτήριον
3106 3516 3335 3578 ἐκάθισε,
3381 3517 3471 3567 καὶ
3508 3515 3672 3584 βίϐλοι
3699 3512 3846 3584 ἠνεῴ-

2339 3609 2560 3678 χθησαν,
2598 3608 2690 3659 καὶ
2737 3608 2764 3657 ὁ
2811 3607 3035 3666 Παλαιὸς
3077 3605 3293 3674 ἡμερῶν
3334 3603 3581 3674 ἐκάθητο.

2341 3699 2506 3768 πυρὸς
2556 3692 2730 3749 εἷλκεν
2783 3695 3079 3765 ἔμπροσθεν
3131 3695 3319 3746 αὑτοῦ·
3382 3695 3563 3766 μύριαι
3618 3693 3847 3765 μυριάδας

2340 3787 2702 3856 ἐλειτούργουν
2737 3785 2899 3854 αὐτῷ,
2933 3786 3025 3837 καὶ
3056 3785 3218 3854 χίλιαι
3262 3786 3485 3854 χιλιάδες
3520 3785 3854 3856 παρειστήκει

2343 3897 2435 3931 σαν
2486 3876 2782 3947 ἔμπροσθεν
2829 3876 3016 3929 αὑτοῦ·
3060 3896 3078 3928 ι
3118 3877 3412 3929 ἐπάκουσον
3450 3876 3540 3928 τοῦ
3588 3876 3848 3939 Πλάτωνος

2339 3969 2432 4037 τῆς
2465 3967 2606 4028 θείας
2636 3968 2861 4037 κρίσεως
2891 3968 2982 4018 καὶ
3021 3966 3084 4035 δὴ
3115 3967 3206 4018 καὶ
3233 3966 3322 4019 τοῦ
3351 3965 3585 4038 ποταμοῦ
3612 3966 3848 4036 ὀνομαστὶ

2341 4059 2701 4127 μεμνημένου,
2740 4057 2932 4117 πολλάς
2965 4073 3023 4108 τε
3064 4056 3224 4126 μονὰς
3261 4056 3366 4108 τῶν
3400 4056 3646 4119 εὐσεϐῶν,
3687 4055 3847 4124 διαφό-

2343 4163 2463 4215 ρους
2509 4162 2566 4196 τε
2615 4144 2717 4196 τῶν
2761 4144 3026 4196 δυσσεϐῶν
3079 4146 3372 4215 τιμωρίας,
3420 4144 3714 4215 συμφώνως
3752 4145 3845 4208 τοὶς

2351 4236 2608 4308 Ἐϐραίων
2649 4234 3042 4303 ὑπογράφοντος
3086 4235 3277 4302 λύγοις.
3319 4237 3449 4304 Φησὶ
3490 4235 3532 4288 δ’
3570 4232 3657 4288 οὖν
3699 4239 3752 4288 ἑν
3785 4233 3848 4304 τῷ

2341 4329 2474 4395 Περὶ
2514 4322 2714 4395 ψυχῆς
2744 4326 2862 4378 τάδε
2882 4343 2893 4354 ·
2922 4344 2941 4374 τι
2982 4325 3168 4395 Τρίτος
3189 4326 3244 4378 δὲ
3275 4327 3508 4396 ποταμὸς
3536 4326 3639 4397 (54)
3668 4327 3846 4383 τούτων

2343 4417 2479 4468 κατὰ
2526 4411 2682 4484 μέσον
2711 4413 2971 4477 ἐκϐάλλει,
3013 4415 3105 4465 καὶ
3145 4415 3305 4480 ἐγγὺς
3340 4413 3434 4481 τῆς
3469 4412 3686 4480 ἐκϐολῆς
3709 4409 3845 4463 ἐκπί-

728 4534 828 4587 que
854 4517 953 4570 sub
975 4517 1194 4579 exitum,
1227 4517 1276 4568 in
1310 4526 1514 4571 vastum
1547 4516 1824 4584 quemdam
1852 4516 2025 4568 locum
2052 4515 2238 4578 inﬂuit,

2346 4516 2460 4553 πτει
2501 4482 2578 4564 είς
2614 4502 2772 4552 τόπον
2821 4501 3007 4567 μέγαν,
3045 4501 3177 4570 πυρὶ
3217 4500 3392 4569 πολλῷ
3433 4499 3724 4568 καιόμενον,
3765 4498 3845 4552 καὶ

728 4607 894 4660 multo
933 4607 1050 4676 igne
1079 4605 1514 4674 conﬂagrantem,
1542 4606 1629 4658 ubi
1659 4604 1898 4672 paludem
1926 4604 2079 4657 eﬂicit
2113 4605 2244 4656 mari

729 4708 911 4752 nostro
960 4698 1237 4765 majorem,
1278 4705 1330 4749 et
1381 4712 1516 4763 aqua
1565 4696 1722 4749 simul
1768 4710 1830 4746 ac
1873 4695 1982 4747 luto
2027 4693 2245 4748 eﬂ'erve-

734 4797 986 4842 scentem.
1020 4787 1143 4841 Inde
1183 4785 1429 4840 turbidus
1455 4785 1510 4837 in
1543 4785 1721 4838 orbem
1757 4799 2107 4851 emnosnsque
2141 4783 2244 4835 fer-

733 4889 838 4941 tur,
867 4887 1121 4944 terraeque
1158 4873 1534 4935 circumfusus,
1591 4889 1707 4927 cum
1755 4875 1858 4927 alio
1887 4876 2102 4944 passim,
2133 4884 2238 4928 tum

731 4969 795 5021 ad
844 4975 1130 5020 extremam
1160 4980 1369 5035 quoque
1398 4963 1644 5031 paludem
1681 4964 2021 5019 Acherusiam
2054 4965 2241 5017 all-abi-

730 5069 854 5112 tur:
889 5058 964 5109 sic
1001 5066 1176 5108 tamen
1220 5066 1276 5110 ut
1307 5056 1453 5109 nullo
1479 5056 1635 5109 modo
1661 5070 1780 5108 cum
1826 5055 1941 5124 ejus
1971 5070 2109 5123 aqua
2143 5055 2238 5106 mi-

735 5154 942 5201 sceatur
970 5162 984 5208 ;
1012 5145 1100 5196 sed
1133 5147 1298 5199 multo
1339 5144 1437 5199 sub
1464 5153 1657 5199 terram
1703 5142 1861 5206 ﬂexu,
1888 5145 2096 5197 tandem
2128 5158 2238 5198 ses:

730 5236 1037 5301 penitiorem
1091 5235 1140 5285 in
1193 5233 1471 5288 Tartarum
1521 5244 1794 5289 exoneret.
1844 5234 2013 5301 Atque
2065 5234 2111 5286 is
2164 5241 2235 5291 ea

802 5326 866 5354 ⁸⁸⁸
896 5326 1025 5377 Dan.
1065 5339 1157 5386 vn,
1180 5324 1230 5386 9,
1264 5325 1375 5399 10..

801 5413 904 5483 (30)
941 5415 1109 5483 Plato,
1132 5414 1327 5476 λίθους.
1382 5481 1391 5483 Ξ
1467 5482 1476 5483 7
2074 5481 2112 5483 ,.

802 5479 908 5551 (51)
948 5479 1052 5536 Ὧν
1093 5486 1162 5537 τὰ
1203 5481 1413 5536 πολλά.
1459 5482 1639 5546 Plato,
1671 5483 1796 5535 ὅντα
1842 5480 2004 5535 πολλά
2034 5481 2216 5551 πλήθει

734 5550 897 5614 longe
919 5555 1120 5606 melius.

801 5619 905 5683 (Ὦ)
942 5622 1270 5688 Πολλαχοῦ.
1305 5621 1473 5677 Plato,
1512 5624 1809 5688 πανταχοῦ.-

802 5688 906 5754 (35)
928 5686 1375 5758 Κρίσιν
1407 5688 1528 5741 Vide
1557 5686 1952 5758 Tlfismegiﬂllm
1974 5687 2026 5742 in
2052 5687 2219 5742 Esca

733 5757 890 5820 (apio,
923 5771 1035 5822 Cap.
1075 5759 1155 5821 10,
1182 5757 1282 5811 non
1310 5758 1566 5812 absimilis
1599 5757 1971 5823 disputantem.

2341 4589 2526 4658 λίμνην
2559 4592 2697 4639 ποιεί
2723 4586 2885 4656 μείζω
2911 4589 3005 4654 τῆς
3033 4590 3156 4656 παρ’
3183 4590 3308 4656 ἡμῖν
3339 4587 3614 4658 θαλάττης,
3645 4588 3845 4652 ζέουσαν

2343 4679 2524 4740 ὓδατος
2568 4679 2658 4729 καὶ
2693 4676 2878 4746 πηλοῦ.
2936 4674 3206 4729 Ἐντεῦθεν
3241 4677 3294 4730 δὲ
3333 4682 3495 4749 χωρεῖ
3546 4679 3720 4748 κύκλῳ

2343 4769 2551 4838 θολερὸς
2582 4771 2672 4822 καὶ
2701 4769 2964 4837 πηλὼδης,
3011 4768 3460 4839 περιελιττόμενος
3499 4770 3554 4822 δέ
3588 4786 3649 4837 γε
3681 4772 3741 4840 τῇ
3766 4771 3841 4837 τῇ.

2342 4859 2524 4912 ἄλλοσέ
2551 4876 2607 4910 τε
2637 4861 2954 4926 ἀφικνεῖται,
2987 4861 3078 4911 καὶ
3109 4862 3234 4928 παρ’
3263 4859 3460 4929 ἔσχατα
3485 4857 3580 4929 τῆς
3621 4862 3851 4931 ’Δχεροντ

2342 4949 2514 5010 σιάδος
2540 4949 2747 5017 λίμνης,
2795 4948 2854 5000 οὐ
2901 4947 3326 5018 συμμιγνύμενος
3371 4947 3448 5017 τῷ
3497 4946 3675 5012 ὕδατι,
3713 4963 3844 5017 περιο

2342 5038 2563 5106 ελιχθεὶς
2606 5037 2660 5089 δὲ
2705 5037 2952 5101 πολλάκις
2984 5039 3085 5090 ὑπὸ
3124 5040 3242 5108 γῆς,
3290 5037 3536 5108 ἐμϐάλλει
3581 5040 3843 5108 κατωτέρω

2341 5125 2428 5177 τοῦ
2480 5125 2776 5196 Ταρτάρου.
2805 5120 2965 5188 Οὗτος
3009 5125 3052 5177 δ’
3082 5127 3243 5188 ἐστὶν,
3270 5125 3327 5178 ὃν
3369 5126 3446 5178 ἔτι
3483 5126 3840 5197 ἐπονομάζουσι

2342 5215 2818 5287 Πυριφλεγέθοντα,
2837 5211 2896 5269 οὗ
2921 5217 3010 5269 καὶ
3030 5217 3077 5268 οἱ
3106 5215 3300 5286 ῥύακες
3326 5217 3716 5287 amendatum
3733 5218 3837 5270 ἁνα-

2388 5410 2542 5491 ,ενι
2560 5409 2751 5491 τρίτος
2774 5409 3141 5491 δάίτρταμδςο
3167 5411 3264 5466 Adi
3295 5409 3628 5491 Ρέιιεάοειαιρ
3652 5406 3835 5491 ιι-..ιοοε

2341 5478 2471 5534 Fiei.
2503 5479 2602 5545 Qui
2643 5479 2796 5534 locus
2814 5478 3026 5535 citaer
3052 5485 3210 5534 etiam
3257 5497 3284 5534 ι
3325 5478 3766 5536 τὶιεοᾱοηιοιὶι).
3803 5489 3835 5531 n

2342 5548 2415 5620 pe
2457 5547 2752 5602 amcorum
2797 5547 3191 5615 ululantibus,
3235 5565 3353 5620 pag.
3385 5547 3487 5603 154
3529 5549 3617 5602 lib.
3647 5545 3836 5602 Gnaeo-

2340 5615 2530 5753 Μῗδε)
2566 5685 2800 5748 litium.
2841 5686 2917 5741 Ita
2948 5683 3096 5741 Plato
3133 5693 3184 5741 et
3217 5699 3484 5742 manuscr.
3526 5693 3697 5748 recte,
3739 5693 3833 5739 non

2349 5757 2564 5825 κύκλα,
2600 5766 2656 5811 ιιι
2683 5767 2824 5812 ante.
