  <div class='ocr_page' id='page_1' title='image "/cluster/home/n/w/nwhite01/storage/ocr_20150623/21/pst.000004029076/480.png"; bbox 0 0 4002 6340; ppageno 0'>
   <div class='ocr_carea' id='block_1_1' title="bbox 192 440 297 497">
    <p class='ocr_par' dir='ltr' id='par_1_1' title="bbox 192 440 297 497">
     <span class='ocr_line' id='line_1_1' title="bbox 192 440 297 497; baseline -0.01 0"><span class='ocrx_word' id='word_1_1' title='bbox 192 440 297 497; x_wconf 68' lang='grc' dir='ltr'><strong>ηις</strong></span> 
     </span>
    </p>
   </div>
   <div class='ocr_carea' id='block_1_2' title="bbox 1382 434 2275 494">
    <p class='ocr_par' dir='ltr' id='par_1_2' title="bbox 1382 434 2275 494">
     <span class='ocr_line' id='line_1_2' title="bbox 1382 434 2275 494; baseline -0.004 -1"><span class='ocrx_word' id='word_1_2' title='bbox 1382 435 1693 494; x_wconf 68' lang='grc' dir='ltr'><strong>ΡΒΑΞΡΑΒ.</strong></span> <span class='ocrx_word' id='word_1_3' title='bbox 1734 434 1981 491; x_wconf 77' lang='lat' dir='ltr'><strong>EVANG.</strong></span> <span class='ocrx_word' id='word_1_4' title='bbox 2020 434 2145 492; x_wconf 79' lang='lat' dir='ltr'><strong>LIB.</strong></span> <span class='ocrx_word' id='word_1_5' title='bbox 2185 434 2275 489; x_wconf 73' lang='lat' dir='ltr'><strong>XI.</strong></span> 
     </span>
    </p>
   </div>
   <div class='ocr_carea' id='block_1_3' title="bbox 3264 434 3364 489">
    <p class='ocr_par' dir='ltr' id='par_1_3' title="bbox 3264 434 3364 489">
     <span class='ocr_line' id='line_1_3' title="bbox 3264 434 3364 489; baseline 0.02 -2"><span class='ocrx_word' id='word_1_6' title='bbox 3264 434 3364 489; x_wconf 64' lang='grc' dir='ltr'><strong>ΜΒ</strong></span> 
     </span>
    </p>
   </div>
   <div class='ocr_carea' id='block_1_4' title="bbox 193 549 1752 628">
    <p class='ocr_par' dir='ltr' id='par_1_4' title="bbox 193 550 1740 628">
     <span class='ocr_line' id='line_1_4' title="bbox 193 550 1740 628; baseline -0.003 -17"><span class='ocrx_word' id='word_1_7' title='bbox 193 555 450 625; x_wconf 59' lang='lat' dir='ltr'><strong>quatiam,</strong></span> <span class='ocrx_word' id='word_1_8' title='bbox 477 558 579 627; x_wconf 83' lang='grc' dir='ltr'>ὅπη</span> <span class='ocrx_word' id='word_1_9' title='bbox 608 557 669 609; x_wconf 77' lang='grc' dir='ltr'><strong>ἀν</strong></span> <span class='ocrx_word' id='word_1_10' title='bbox 702 556 899 625; x_wconf 86' lang='grc' dir='ltr'>τύχωσι</span> <span class='ocrx_word' id='word_1_11' title='bbox 930 556 1028 628; x_wconf 80' lang='grc' dir='ltr'>τῆς</span> <span class='ocrx_word' id='word_1_12' title='bbox 1059 560 1178 628; x_wconf 80' lang='grc' dir='ltr'>γῆς.</span> <span class='ocrx_word' id='word_1_13' title='bbox 1210 557 1404 609; x_wconf 79' lang='grc' dir='ltr'>Τούτου</span> <span class='ocrx_word' id='word_1_14' title='bbox 1436 556 1491 610; x_wconf 82' lang='grc' dir='ltr'><strong>δὲ</strong></span> <span class='ocrx_word' id='word_1_15' title='bbox 1524 550 1583 610; x_wconf 72' lang='grc' dir='ltr'>αὖ</span> <span class='ocrx_word' id='word_1_16' title='bbox 1614 572 1740 627; x_wconf 74' lang='grc' dir='ltr'>κατ-</span> 
     </span>
    </p>
   </div>
   <div class='ocr_carea' id='block_1_5' title="bbox 1852 549 3362 628">
    <p class='ocr_par' dir='ltr' id='par_1_5' title="bbox 1852 549 3362 623">
     <span class='ocr_line' id='line_1_5' title="bbox 1852 549 3362 623; baseline -0.003 -17"><span class='ocrx_word' id='word_1_17' title='bbox 1852 566 1995 620; x_wconf 75' lang='grc' dir='ltr'>ιιιεω</span> <span class='ocrx_word' id='word_1_18' title='bbox 2026 549 2569 623; x_wconf 78' lang='lat' dir='ltr'><strong>Pyriphlegethontem</strong></span> <span class='ocrx_word' id='word_1_19' title='bbox 2606 550 2903 615; x_wconf 89' lang='lat' dir='ltr'><strong>nominant,</strong></span> <span class='ocrx_word' id='word_1_20' title='bbox 2954 553 3105 622; x_wconf 83' lang='lat' dir='ltr'><strong>cujus</strong></span> <span class='ocrx_word' id='word_1_21' title='bbox 3132 554 3362 621; x_wconf 78' lang='lat' dir='ltr'><strong>particu.</strong></span> 
     </span>
    </p>
   </div>
   <div class='ocr_carea' id='block_1_6' title="bbox 198 640 1740 719">
    <p class='ocr_par' dir='ltr' id='par_1_6' title="bbox 198 640 1740 719">
     <span class='ocr_line' id='line_1_6' title="bbox 198 640 1740 719; baseline -0.003 -16"><span class='ocrx_word' id='word_1_22' title='bbox 198 648 414 719; x_wconf 67' lang='lat' dir='ltr'><strong>avrtpr</strong></span> <span class='ocrx_word' id='word_1_23' title='bbox 464 651 492 701; x_wconf 99' lang='lat'><strong>6</strong></span> <span class='ocrx_word' id='word_1_24' title='bbox 536 649 786 719; x_wconf 78' lang='grc' dir='ltr'><strong>τέταρτος</strong></span> <span class='ocrx_word' id='word_1_25' title='bbox 817 650 1064 701; x_wconf 73' lang='grc' dir='ltr'>ἐκπίπτει</span> <span class='ocrx_word' id='word_1_26' title='bbox 1096 652 1173 712; x_wconf 87' lang='grc' dir='ltr'><strong>είς</strong></span> <span class='ocrx_word' id='word_1_27' title='bbox 1204 648 1364 701; x_wconf 81' lang='grc' dir='ltr'><strong>τόπον</strong></span> <span class='ocrx_word' id='word_1_28' title='bbox 1392 640 1601 718; x_wconf 86' lang='grc' dir='ltr'>πρῶτον</span> <span class='ocrx_word' id='word_1_29' title='bbox 1634 647 1740 700; x_wconf 82' lang='grc' dir='ltr'>δει-</span> 
     </span>
    </p>
   </div>
   <div class='ocr_carea' id='block_1_7' title="bbox 203 738 1741 811">
    <p class='ocr_par' dir='ltr' id='par_1_7' title="bbox 203 738 1741 811">
     <span class='ocr_line' id='line_1_7' title="bbox 203 738 1741 811; baseline -0.001 -20"><span class='ocrx_word' id='word_1_30' title='bbox 203 738 278 793; x_wconf 69' lang='grc' dir='ltr'><strong>οἳν</strong></span> <span class='ocrx_word' id='word_1_31' title='bbox 316 756 375 792; x_wconf 86' lang='grc' dir='ltr'><strong>τε</strong></span> <span class='ocrx_word' id='word_1_32' title='bbox 428 742 520 792; x_wconf 75' lang='grc' dir='ltr'>καὶ</span> <span class='ocrx_word' id='word_1_33' title='bbox 564 741 778 811; x_wconf 72' lang='grc' dir='ltr'>ἄγριον,</span> <span class='ocrx_word' id='word_1_34' title='bbox 812 740 887 802; x_wconf 88' lang='grc' dir='ltr'>ὼς</span> <span class='ocrx_word' id='word_1_35' title='bbox 924 739 1170 807; x_wconf 88' lang='grc' dir='ltr'>λέγεται,</span> <span class='ocrx_word' id='word_1_36' title='bbox 1215 738 1410 810; x_wconf 80' lang='grc' dir='ltr'>χρῶμα</span> <span class='ocrx_word' id='word_1_37' title='bbox 1463 739 1518 791; x_wconf 77' lang='grc' dir='ltr'>δὲ</span> <span class='ocrx_word' id='word_1_38' title='bbox 1556 738 1741 808; x_wconf 80' lang='grc' dir='ltr'>ἔχοντα</span> 
     </span>
    </p>
   </div>
   <div class='ocr_carea' id='block_1_8' title="bbox 198 824 1741 900">
    <p class='ocr_par' dir='ltr' id='par_1_8' title="bbox 198 824 1741 900">
     <span class='ocr_line' id='line_1_8' title="bbox 198 824 1741 900; baseline -0.002 -18"><span class='ocrx_word' id='word_1_39' title='bbox 198 830 308 884; x_wconf 59' lang='grc' dir='ltr'>ὅλον</span> <span class='ocrx_word' id='word_1_40' title='bbox 335 824 442 882; x_wconf 87' lang='grc' dir='ltr'>οόν</span> <span class='ocrx_word' id='word_1_41' title='bbox 470 833 497 883; x_wconf 93' lang='lat'><strong>6</strong></span> <span class='ocrx_word' id='word_1_42' title='bbox 528 831 740 892; x_wconf 72' lang='grc' dir='ltr'>κυανὸς,</span> <span class='ocrx_word' id='word_1_43' title='bbox 773 830 832 883; x_wconf 83' lang='grc' dir='ltr'><strong>δν</strong></span> <span class='ocrx_word' id='word_1_44' title='bbox 857 830 921 898; x_wconf 85' lang='grc' dir='ltr'>δὴ</span> <span class='ocrx_word' id='word_1_45' title='bbox 950 828 1337 900; x_wconf 75' lang='grc' dir='ltr'><strong>ἐπονομάζουσι</strong></span> <span class='ocrx_word' id='word_1_46' title='bbox 1368 829 1607 896; x_wconf 82' lang='grc' dir='ltr'>Στύγιον.</span> <span class='ocrx_word' id='word_1_47' title='bbox 1634 830 1741 880; x_wconf 77' lang='lat' dir='ltr'><strong>Ka‘t</strong></span> 
     </span>
    </p>
   </div>
   <div class='ocr_carea' id='block_1_9' title="bbox 193 918 1741 991">
    <p class='ocr_par' dir='ltr' id='par_1_9' title="bbox 193 918 1741 991">
     <span class='ocr_line' id='line_1_9' title="bbox 193 918 1741 991; baseline -0.002 -17"><span class='ocrx_word' id='word_1_48' title='bbox 193 919 287 991; x_wconf 71' lang='grc' dir='ltr'><strong>τὴν</strong></span> <span class='ocrx_word' id='word_1_49' title='bbox 338 920 531 991; x_wconf 88' lang='grc' dir='ltr'>λίμνην</span> <span class='ocrx_word' id='word_1_50' title='bbox 578 924 719 972; x_wconf 74' lang='grc' dir='ltr'>ποιεῖ</span> <span class='ocrx_word' id='word_1_51' title='bbox 759 923 786 975; x_wconf 89' lang='lat'><strong>6</strong></span> <span class='ocrx_word' id='word_1_52' title='bbox 830 922 1067 991; x_wconf 75' lang='grc' dir='ltr'>ποταμὸς</span> <span class='ocrx_word' id='word_1_53' title='bbox 1115 920 1392 990; x_wconf 77' lang='grc' dir='ltr'>ἐμϐάλλων</span> <span class='ocrx_word' id='word_1_54' title='bbox 1445 918 1653 985; x_wconf 80' lang='grc' dir='ltr'>Στύγα·</span> <span class='ocrx_word' id='word_1_55' title='bbox 1714 920 1741 971; x_wconf 89' lang='lat'><strong>6</strong></span> 
     </span>
    </p>
   </div>
   <div class='ocr_carea' id='block_1_10' title="bbox 196 1008 1741 1079">
    <p class='ocr_par' dir='ltr' id='par_1_10' title="bbox 196 1008 1741 1079">
     <span class='ocr_line' id='line_1_10' title="bbox 196 1008 1741 1079; baseline -0.002 -19"><span class='ocrx_word' id='word_1_56' title='bbox 196 1010 229 1060; x_wconf 66' lang='grc' dir='ltr'><em>ἲ</em></span> <span class='ocrx_word' id='word_1_57' title='bbox 275 1009 525 1079; x_wconf 77' lang='grc' dir='ltr'>ἐμπεσὼν</span> <span class='ocrx_word' id='word_1_58' title='bbox 572 1009 820 1074; x_wconf 75' lang='grc' dir='ltr'>ἐνταῦθα,</span> <span class='ocrx_word' id='word_1_59' title='bbox 867 1012 957 1063; x_wconf 78' lang='lat' dir='ltr'><strong>xa‘t</strong></span> <span class='ocrx_word' id='word_1_60' title='bbox 992 1010 1167 1073; x_wconf 75' lang='grc' dir='ltr'>δεινὰς</span> <span class='ocrx_word' id='word_1_61' title='bbox 1196 1010 1445 1077; x_wconf 84' lang='grc' dir='ltr'>δυνάμεις</span> <span class='ocrx_word' id='word_1_62' title='bbox 1477 1008 1652 1060; x_wconf 78' lang='grc' dir='ltr'>λαῦὼν</span> <span class='ocrx_word' id='word_1_63' title='bbox 1686 1009 1741 1058; x_wconf 79' lang='grc' dir='ltr'>ἐν</span> 
     </span>
    </p>
   </div>
   <div class='ocr_carea' id='block_1_11' title="bbox 196 1099 1743 1171">
    <p class='ocr_par' dir='ltr' id='par_1_11' title="bbox 196 1099 1743 1171">
     <span class='ocr_line' id='line_1_11' title="bbox 196 1099 1743 1171; baseline -0.003 -19"><span class='ocrx_word' id='word_1_64' title='bbox 196 1099 263 1170; x_wconf 73' lang='grc' dir='ltr'><strong>τῷ</strong></span> <span class='ocrx_word' id='word_1_65' title='bbox 297 1100 466 1163; x_wconf 76' lang='grc' dir='ltr'>ὕδατι,</span> <span class='ocrx_word' id='word_1_66' title='bbox 498 1101 590 1163; x_wconf 79' lang='grc' dir='ltr'><strong>δὺς</strong></span> <span class='ocrx_word' id='word_1_67' title='bbox 636 1101 777 1155; x_wconf 80' lang='grc' dir='ltr'><strong>κατά</strong></span> <span class='ocrx_word' id='word_1_68' title='bbox 821 1102 919 1170; x_wconf 77' lang='grc' dir='ltr'>τῆς</span> <span class='ocrx_word' id='word_1_69' title='bbox 968 1103 1087 1171; x_wconf 81' lang='grc' dir='ltr'>γῆς,</span> <span class='ocrx_word' id='word_1_70' title='bbox 1142 1101 1234 1153; x_wconf 69' lang='grc' dir='ltr'>καὶ</span> <span class='ocrx_word' id='word_1_71' title='bbox 1280 1099 1743 1168; x_wconf 86' lang='grc' dir='ltr'>περιελιττόμενος</span> 
     </span>
    </p>
   </div>
   <div class='ocr_carea' id='block_1_12' title="bbox 190 1192 1741 1265">
    <p class='ocr_par' dir='ltr' id='par_1_12' title="bbox 190 1192 1741 1265">
     <span class='ocr_line' id='line_1_12' title="bbox 190 1192 1741 1265; baseline -0.002 -20"><span class='ocrx_word' id='word_1_72' title='bbox 190 1196 352 1263; x_wconf 68' lang='grc' dir='ltr'>’ζωρεῐ</span> <span class='ocrx_word' id='word_1_73' title='bbox 401 1193 636 1255; x_wconf 79' lang='grc' dir='ltr'>ἐναντίος</span> <span class='ocrx_word' id='word_1_74' title='bbox 677 1193 754 1263; x_wconf 82' lang='grc' dir='ltr'>τῷ</span> <span class='ocrx_word' id='word_1_75' title='bbox 801 1194 1268 1265; x_wconf 81' lang='grc' dir='ltr'>Πυριφλεγέθοντι,</span> <span class='ocrx_word' id='word_1_76' title='bbox 1314 1193 1405 1245; x_wconf 74' lang='grc' dir='ltr'><strong>καὶ</strong></span> <span class='ocrx_word' id='word_1_77' title='bbox 1443 1192 1655 1258; x_wconf 73' lang='grc' dir='ltr'>ἀπαντᾷ</span> <span class='ocrx_word' id='word_1_78' title='bbox 1685 1192 1741 1242; x_wconf 88' lang='grc' dir='ltr'><strong>έν</strong></span> 
     </span>
    </p>
   </div>
   <div class='ocr_carea' id='block_1_13' title="bbox 197 1281 1741 1357">
    <p class='ocr_par' dir='ltr' id='par_1_13' title="bbox 197 1281 1741 1357">
     <span class='ocr_line' id='line_1_13' title="bbox 197 1281 1741 1357; baseline -0.006 -17"><span class='ocrx_word' id='word_1_79' title='bbox 197 1285 251 1353; x_wconf 65' lang='grc' dir='ltr'>τῇ</span> <span class='ocrx_word' id='word_1_80' title='bbox 296 1283 607 1355; x_wconf 79' lang='grc' dir='ltr'>Ἀχερουσία</span> <span class='ocrx_word' id='word_1_81' title='bbox 649 1285 809 1357; x_wconf 81' lang='grc' dir='ltr'>λίμνῃ</span> <span class='ocrx_word' id='word_1_82' title='bbox 853 1284 1174 1348; x_wconf 76' lang='grc' dir='ltr'>ἐξεναντίας.</span> <span class='ocrx_word' id='word_1_83' title='bbox 1221 1285 1327 1336; x_wconf 76' lang='lat' dir='ltr'><strong>Kal.</strong></span> <span class='ocrx_word' id='word_1_84' title='bbox 1358 1282 1476 1334; x_wconf 81' lang='grc' dir='ltr'>οὐδὲ</span> <span class='ocrx_word' id='word_1_85' title='bbox 1516 1282 1573 1333; x_wconf 74' lang='grc' dir='ltr'><strong>τὸ</strong></span> <span class='ocrx_word' id='word_1_86' title='bbox 1618 1281 1741 1332; x_wconf 87' lang='grc' dir='ltr'>τού-</span> 
     </span>
    </p>
   </div>
   <div class='ocr_carea' id='block_1_14' title="bbox 175 1368 1741 1445">
    <p class='ocr_par' dir='ltr' id='par_1_14' title="bbox 175 1368 1741 1445">
     <span class='ocr_line' id='line_1_14' title="bbox 175 1368 1741 1445; baseline -0.003 -19"><span class='ocrx_word' id='word_1_87' title='bbox 175 1391 279 1427; x_wconf 60' lang='lat' dir='ltr'><strong>«ou</strong></span> <span class='ocrx_word' id='word_1_88' title='bbox 329 1374 470 1445; x_wconf 80' lang='grc' dir='ltr'>ὓδωρ</span> <span class='ocrx_word' id='word_1_89' title='bbox 503 1375 677 1428; x_wconf 75' lang='grc' dir='ltr'>οὐδενὶ</span> <span class='ocrx_word' id='word_1_90' title='bbox 733 1375 1013 1445; x_wconf 89' lang='grc' dir='ltr'>μίγνυται,</span> <span class='ocrx_word' id='word_1_91' title='bbox 1065 1374 1197 1428; x_wconf 91' lang='grc' dir='ltr'><strong>ἀλλά</strong></span> <span class='ocrx_word' id='word_1_92' title='bbox 1242 1374 1334 1426; x_wconf 69' lang='grc' dir='ltr'>καὶ</span> <span class='ocrx_word' id='word_1_93' title='bbox 1370 1368 1517 1435; x_wconf 69' lang='grc' dir='ltr'>οὗτος</span> <span class='ocrx_word' id='word_1_94' title='bbox 1562 1371 1741 1441; x_wconf 81' lang='grc' dir='ltr'><strong>κύκλῳ</strong></span> 
     </span>
    </p>
   </div>
   <div class='ocr_carea' id='block_1_15' title="bbox 184 1459 1740 1536">
    <p class='ocr_par' dir='ltr' id='par_1_15' title="bbox 184 1459 1740 1536">
     <span class='ocr_line' id='line_1_15' title="bbox 184 1459 1740 1536; baseline 0.004 -19"><span class='ocrx_word' id='word_1_95' title='bbox 184 1464 501 1535; x_wconf 81' lang='grc' dir='ltr'>περιελθὼν,</span> <span class='ocrx_word' id='word_1_96' title='bbox 534 1466 776 1520; x_wconf 81' lang='grc' dir='ltr'>ὲκὸἀλλει</span> <span class='ocrx_word' id='word_1_97' title='bbox 820 1467 1029 1529; x_wconf 77' lang='grc' dir='ltr'>είςτὸν</span> <span class='ocrx_word' id='word_1_98' title='bbox 1076 1466 1352 1536; x_wconf 89' lang='grc' dir='ltr'>Τάρταρον</span> <span class='ocrx_word' id='word_1_99' title='bbox 1390 1463 1626 1523; x_wconf 73' lang='grc' dir='ltr'><strong>ἐναντίος</strong></span> <span class='ocrx_word' id='word_1_100' title='bbox 1665 1459 1740 1530; x_wconf 76' lang='grc' dir='ltr'>τῷ</span> 
     </span>
    </p>
   </div>
   <div class='ocr_carea' id='block_1_16' title="bbox 184 1549 1739 1625">
    <p class='ocr_par' dir='ltr' id='par_1_16' title="bbox 184 1549 1739 1625">
     <span class='ocr_line' id='line_1_16' title="bbox 184 1549 1739 1625; baseline -0.003 -18"><span class='ocrx_word' id='word_1_101' title='bbox 184 1555 658 1624; x_wconf 82' lang='grc' dir='ltr'>Πυριφλεγέθοντι.</span> <span class='ocrx_word' id='word_1_102' title='bbox 692 1558 893 1625; x_wconf 88' lang='grc' dir='ltr'>Ὄνομα</span> <span class='ocrx_word' id='word_1_103' title='bbox 926 1554 980 1608; x_wconf 83' lang='grc' dir='ltr'><strong>δὲ</strong></span> <span class='ocrx_word' id='word_1_104' title='bbox 1011 1555 1181 1622; x_wconf 84' lang='grc' dir='ltr'>τούτῳ</span> <span class='ocrx_word' id='word_1_105' title='bbox 1206 1556 1369 1617; x_wconf 68' lang='grc' dir='ltr'>ἐστὶν,</span> <span class='ocrx_word' id='word_1_106' title='bbox 1401 1554 1475 1616; x_wconf 85' lang='grc' dir='ltr'>ὡς</span> <span class='ocrx_word' id='word_1_107' title='bbox 1505 1549 1553 1604; x_wconf 88' lang='grc' dir='ltr'>οἱ</span> <span class='ocrx_word' id='word_1_108' title='bbox 1588 1569 1739 1622; x_wconf 86' lang='grc' dir='ltr'>ποιη-</span> 
     </span>
    </p>
   </div>
   <div class='ocr_carea' id='block_1_17' title="bbox 186 1644 1737 1714">
    <p class='ocr_par' dir='ltr' id='par_1_17' title="bbox 186 1644 1737 1714">
     <span class='ocr_line' id='line_1_17' title="bbox 186 1644 1737 1714; baseline -0.002 -17"><span class='ocrx_word' id='word_1_109' title='bbox 186 1648 279 1700; x_wconf 72' lang='grc' dir='ltr'>ταὶ</span> <span class='ocrx_word' id='word_1_110' title='bbox 305 1646 537 1714; x_wconf 82' lang='grc' dir='ltr'>λέγουσι,</span> <span class='ocrx_word' id='word_1_111' title='bbox 574 1649 839 1710; x_wconf 82' lang='grc' dir='ltr'>Κωκυτός.</span> <span class='ocrx_word' id='word_1_112' title='bbox 876 1647 1088 1699; x_wconf 79' lang='grc' dir='ltr'><strong>Τούτων</strong></span> <span class='ocrx_word' id='word_1_113' title='bbox 1124 1648 1182 1713; x_wconf 16' lang='grc' dir='ltr'><strong>,δὲ</strong></span> <span class='ocrx_word' id='word_1_114' title='bbox 1217 1646 1357 1700; x_wconf 72' lang='grc' dir='ltr'>οὕτω</span> <span class='ocrx_word' id='word_1_115' title='bbox 1404 1644 1737 1714; x_wconf 80' lang='grc' dir='ltr'><strong>πεφυκότων,</strong></span> 
     </span>
    </p>
   </div>
   <div class='ocr_carea' id='block_1_18' title="bbox 186 1730 1737 1807">
    <p class='ocr_par' dir='ltr' id='par_1_18' title="bbox 186 1730 1737 1807">
     <span class='ocr_line' id='line_1_18' title="bbox 186 1730 1737 1807; baseline -0.003 -18"><span class='ocrx_word' id='word_1_116' title='bbox 186 1737 406 1790; x_wconf 66' lang='grc' dir='ltr'>ἐπειδὰν</span> <span class='ocrx_word' id='word_1_117' title='bbox 435 1738 731 1805; x_wconf 80' lang='grc' dir='ltr'>ἀφίκωνται</span> <span class='ocrx_word' id='word_1_118' title='bbox 766 1738 812 1788; x_wconf 81' lang='grc' dir='ltr'>οἱ</span> <span class='ocrx_word' id='word_1_119' title='bbox 850 1738 1285 1807; x_wconf 84' lang='grc' dir='ltr'>τετελευτηκότες</span> <span class='ocrx_word' id='word_1_120' title='bbox 1316 1730 1394 1799; x_wconf 85' lang='grc' dir='ltr'><strong>είς</strong></span> <span class='ocrx_word' id='word_1_121' title='bbox 1438 1736 1526 1788; x_wconf 77' lang='grc' dir='ltr'>τὸν</span> <span class='ocrx_word' id='word_1_122' title='bbox 1555 1735 1737 1797; x_wconf 86' lang='grc' dir='ltr'>τόπον,</span> 
     </span>
    </p>
   </div>
   <div class='ocr_carea' id='block_1_19' title="bbox 185 1821 1742 1901">
    <p class='ocr_par' dir='ltr' id='par_1_19' title="bbox 185 1821 1742 1901">
     <span class='ocr_line' id='line_1_19' title="bbox 185 1821 1742 1901; baseline -0.003 -22"><span class='ocrx_word' id='word_1_123' title='bbox 185 1821 287 1879; x_wconf 76' lang='grc' dir='ltr'>οἷό</span> <span class='ocrx_word' id='word_1_124' title='bbox 306 1828 519 1897; x_wconf 85' lang='grc' dir='ltr'>Δαίμων</span> <span class='ocrx_word' id='word_1_125' title='bbox 544 1828 763 1881; x_wconf 75' lang='grc' dir='ltr'>ἕκαστον</span> <span class='ocrx_word' id='word_1_126' title='bbox 787 1829 1015 1901; x_wconf 69' lang='grc' dir='ltr'>κομίζει,</span> <span class='ocrx_word' id='word_1_127' title='bbox 1036 1829 1244 1899; x_wconf 87' lang='grc' dir='ltr'>πρῶτον</span> <span class='ocrx_word' id='word_1_128' title='bbox 1272 1828 1366 1898; x_wconf 79' lang='grc' dir='ltr'><strong>μὲν</strong></span> <span class='ocrx_word' id='word_1_129' title='bbox 1383 1826 1742 1879; x_wconf 83' lang='grc' dir='ltr'>διεδικάσαντο</span> 
     </span>
    </p>
   </div>
   <div class='ocr_carea' id='block_1_20' title="bbox 1840 640 3364 713">
    <p class='ocr_par' dir='ltr' id='par_1_20' title="bbox 1840 640 3364 713">
     <span class='ocr_line' id='line_1_20' title="bbox 1840 640 3364 713; baseline 0.002 -19"><span class='ocrx_word' id='word_1_130' title='bbox 1840 642 1921 696; x_wconf 83' lang='lat' dir='ltr'><strong>las</strong></span> <span class='ocrx_word' id='word_1_131' title='bbox 1955 642 2053 711; x_wconf 82' lang='lat' dir='ltr'><strong>ipsi</strong></span> <span class='ocrx_word' id='word_1_132' title='bbox 2079 657 2292 711; x_wconf 88' lang='lat' dir='ltr'><strong>quoque</strong></span> <span class='ocrx_word' id='word_1_133' title='bbox 2324 640 2441 705; x_wconf 92' lang='lat' dir='ltr'><strong>rivi,</strong></span> <span class='ocrx_word' id='word_1_134' title='bbox 2469 657 2679 710; x_wconf 88' lang='lat' dir='ltr'><strong>quaqua</strong></span> <span class='ocrx_word' id='word_1_135' title='bbox 2711 650 2972 695; x_wconf 87' lang='lat' dir='ltr'><strong>terrarum</strong></span> <span class='ocrx_word' id='word_1_136' title='bbox 2990 644 3169 708; x_wconf 85' lang='lat' dir='ltr'><strong>datur,</strong></span> <span class='ocrx_word' id='word_1_137' title='bbox 3185 647 3364 713; x_wconf 73' lang='lat' dir='ltr'><strong>exani-</strong></span> 
     </span>
    </p>
   </div>
   <div class='ocr_carea' id='block_1_21' title="bbox 1840 731 3366 803">
    <p class='ocr_par' dir='ltr' id='par_1_21' title="bbox 1840 731 3366 803">
     <span class='ocr_line' id='line_1_21' title="bbox 1840 731 3366 803; baseline 0.003 -18"><span class='ocrx_word' id='word_1_138' title='bbox 1840 742 1980 786; x_wconf 86' lang='lat' dir='ltr'><strong>rant.</strong></span> <span class='ocrx_word' id='word_1_139' title='bbox 2008 731 2142 788; x_wconf 80' lang='lat' dir='ltr'><strong>Huic</strong></span> <span class='ocrx_word' id='word_1_140' title='bbox 2166 734 2421 787; x_wconf 81' lang='lat' dir='ltr'><strong>adversus</strong></span> <span class='ocrx_word' id='word_1_141' title='bbox 2448 732 2569 785; x_wconf 93' lang='lat' dir='ltr'><strong>item</strong></span> <span class='ocrx_word' id='word_1_142' title='bbox 2596 743 2840 801; x_wconf 83' lang='lat' dir='ltr'><strong>quartus,</strong></span> <span class='ocrx_word' id='word_1_143' title='bbox 2863 735 3092 803; x_wconf 90' lang='lat' dir='ltr'><strong>primum</strong></span> <span class='ocrx_word' id='word_1_144' title='bbox 3116 736 3166 788; x_wconf 90' lang='lat' dir='ltr'><strong>in</strong></span> <span class='ocrx_word' id='word_1_145' title='bbox 3193 737 3366 791; x_wconf 89' lang='lat' dir='ltr'><strong>locum</strong></span> 
     </span>
    </p>
   </div>
   <div class='ocr_carea' id='block_1_22' title="bbox 1840 823 3368 895">
    <p class='ocr_par' dir='ltr' id='par_1_22' title="bbox 1840 823 3368 895">
     <span class='ocr_line' id='line_1_22' title="bbox 1840 823 3368 895; baseline 0.003 -18"><span class='ocrx_word' id='word_1_146' title='bbox 1840 823 2070 891; x_wconf 81' lang='lat' dir='ltr'><strong>erumpit</strong></span> <span class='ocrx_word' id='word_1_147' title='bbox 2102 824 2432 882; x_wconf 88' lang='lat' dir='ltr'><strong>horribilem,</strong></span> <span class='ocrx_word' id='word_1_148' title='bbox 2462 832 2519 876; x_wconf 94' lang='lat' dir='ltr'><strong>ut</strong></span> <span class='ocrx_word' id='word_1_149' title='bbox 2544 825 2712 889; x_wconf 86' lang='lat' dir='ltr'><strong>aiunt,</strong></span> <span class='ocrx_word' id='word_1_150' title='bbox 2738 833 2788 877; x_wconf 88' lang='lat' dir='ltr'><strong>et</strong></span> <span class='ocrx_word' id='word_1_151' title='bbox 2821 826 3143 895; x_wconf 89' lang='lat' dir='ltr'><strong>squalidum,</strong></span> <span class='ocrx_word' id='word_1_152' title='bbox 3173 836 3368 882; x_wconf 89' lang='lat' dir='ltr'><strong>totum-</strong></span> 
     </span>
    </p>
   </div>
   <div class='ocr_carea' id='block_1_23' title="bbox 1840 914 3371 989">
    <p class='ocr_par' dir='ltr' id='par_1_23' title="bbox 1840 914 3371 989">
     <span class='ocr_line' id='line_1_23' title="bbox 1840 914 3371 989; baseline 0.003 -22"><span class='ocrx_word' id='word_1_153' title='bbox 1840 929 1946 982; x_wconf 89' lang='lat' dir='ltr'><strong>que</strong></span> <span class='ocrx_word' id='word_1_154' title='bbox 1975 915 2155 968; x_wconf 91' lang='lat' dir='ltr'><strong>colore</strong></span> <span class='ocrx_word' id='word_1_155' title='bbox 2198 914 2424 968; x_wconf 79' lang='lat' dir='ltr'><strong>caeruleo</strong></span> <span class='ocrx_word' id='word_1_156' title='bbox 2483 915 2738 982; x_wconf 84' lang='lat' dir='ltr'><strong>persitnili</strong></span> <span class='ocrx_word' id='word_1_157' title='bbox 2772 916 3013 981; x_wconf 89' lang='lat' dir='ltr'><strong>tinctum,</strong></span> <span class='ocrx_word' id='word_1_158' title='bbox 3044 918 3203 986; x_wconf 79' lang='lat' dir='ltr'><strong>vulgo</strong></span> <span class='ocrx_word' id='word_1_159' title='bbox 3254 919 3371 989; x_wconf 74' lang='lat' dir='ltr'><strong>Sty-</strong></span> 
     </span>
    </p>
   </div>
   <div class='ocr_carea' id='block_1_24' title="bbox 1841 1006 3367 1080">
    <p class='ocr_par' dir='ltr' id='par_1_24' title="bbox 1841 1006 3367 1080">
     <span class='ocr_line' id='line_1_24' title="bbox 1841 1006 3367 1080; baseline 0.004 -23"><span class='ocrx_word' id='word_1_160' title='bbox 1841 1006 1983 1075; x_wconf 78' lang='lat' dir='ltr'><strong>gium</strong></span> <span class='ocrx_word' id='word_1_161' title='bbox 2008 1006 2304 1059; x_wconf 91' lang='lat' dir='ltr'><strong>nominant.</strong></span> <span class='ocrx_word' id='word_1_162' title='bbox 2344 1006 2388 1060; x_wconf 89' lang='lat' dir='ltr'><strong>Is</strong></span> <span class='ocrx_word' id='word_1_163' title='bbox 2419 1023 2523 1074; x_wconf 89' lang='lat' dir='ltr'><strong>qua</strong></span> <span class='ocrx_word' id='word_1_164' title='bbox 2561 1023 2677 1061; x_wconf 87' lang='lat' dir='ltr'><strong>sese</strong></span> <span class='ocrx_word' id='word_1_165' title='bbox 2710 1018 2856 1077; x_wconf 85' lang='lat' dir='ltr'><strong>parte</strong></span> <span class='ocrx_word' id='word_1_166' title='bbox 2885 1009 3126 1070; x_wconf 68' lang='lat' dir='ltr'><strong>ell‘und&#39;st.</strong></span> <span class='ocrx_word' id='word_1_167' title='bbox 3148 1008 3367 1080; x_wconf 83' lang='lat' dir='ltr'><strong>Stygem</strong></span> 
     </span>
    </p>
   </div>
   <div class='ocr_carea' id='block_1_25' title="bbox 1841 1086 3367 1170">
    <p class='ocr_par' dir='ltr' id='par_1_25' title="bbox 1841 1086 3367 1170">
     <span class='ocr_line' id='line_1_25' title="bbox 1841 1086 3367 1170; baseline 0.005 -23"><span class='ocrx_word' id='word_1_168' title='bbox 1841 1110 2053 1163; x_wconf 89' lang='lat' dir='ltr'><strong>quoque</strong></span> <span class='ocrx_word' id='word_1_169' title='bbox 2088 1095 2331 1162; x_wconf 84' lang='lat' dir='ltr'><strong>paludem</strong></span> <span class='ocrx_word' id='word_1_170' title='bbox 2362 1096 2548 1161; x_wconf 79' lang='lat' dir='ltr'><strong>efﬁcit,</strong></span> <span class='ocrx_word' id='word_1_171' title='bbox 2605 1100 2656 1151; x_wconf 93' lang='lat' dir='ltr'><strong>in</strong></span> <span class='ocrx_word' id='word_1_172' title='bbox 2690 1115 2847 1167; x_wconf 88' lang='lat' dir='ltr'><strong>quam</strong></span> <span class='ocrx_word' id='word_1_173' title='bbox 2898 1101 3021 1154; x_wconf 91' lang='lat' dir='ltr'><strong>dum</strong></span> <span class='ocrx_word' id='word_1_174' title='bbox 3054 1086 3367 1170; x_wconf 77' lang='lat' dir='ltr'><strong>prcrumpit,</strong></span> 
     </span>
    </p>
   </div>
   <div class='ocr_carea' id='block_1_26' title="bbox 1841 1185 3417 1259">
    <p class='ocr_par' dir='ltr' id='par_1_26' title="bbox 1841 1185 3417 1259">
     <span class='ocr_line' id='line_1_26' title="bbox 1841 1185 3417 1259; baseline 0.007 -22"><span class='ocrx_word' id='word_1_175' title='bbox 1841 1185 1995 1239; x_wconf 90' lang='lat' dir='ltr'><strong>novis</strong></span> <span class='ocrx_word' id='word_1_176' title='bbox 2036 1185 2153 1253; x_wconf 83' lang='lat' dir='ltr'><strong>ejus</strong></span> <span class='ocrx_word' id='word_1_177' title='bbox 2184 1201 2336 1255; x_wconf 82' lang='lat' dir='ltr'><strong>aquae</strong></span> <span class='ocrx_word' id='word_1_178' title='bbox 2366 1189 2586 1242; x_wconf 89' lang='lat' dir='ltr'><strong>viribus‘</strong></span> <span class='ocrx_word' id='word_1_179' title='bbox 2614 1191 2863 1259; x_wconf 83' lang='lat' dir='ltr'><strong>majorem</strong></span> <span class='ocrx_word' id='word_1_180' title='bbox 2898 1192 2948 1245; x_wconf 92' lang='lat' dir='ltr'><strong>in</strong></span> <span class='ocrx_word' id='word_1_181' title='bbox 2984 1193 3197 1247; x_wconf 91' lang='lat' dir='ltr'><strong>modum</strong></span> <span class='ocrx_word' id='word_1_182' title='bbox 3228 1194 3370 1247; x_wconf 90' lang='lat' dir='ltr'><strong>intu-</strong></span> <span class='ocrx_word' id='word_1_183' title='bbox 3413 1224 3417 1228; x_wconf 88' lang='lat'><strong><em>-</em></strong></span> 
     </span>
    </p>
   </div>
   <div class='ocr_carea' id='block_1_27' title="bbox 1841 1279 3370 1353">
    <p class='ocr_par' dir='ltr' id='par_1_27' title="bbox 1841 1279 3370 1353">
     <span class='ocr_line' id='line_1_27' title="bbox 1841 1279 3370 1353; baseline 0.007 -24"><span class='ocrx_word' id='word_1_184' title='bbox 1841 1292 2104 1343; x_wconf 86' lang='lat' dir='ltr'><strong>mcscens,</strong></span> <span class='ocrx_word' id='word_1_185' title='bbox 2127 1279 2285 1331; x_wconf 87' lang='lat' dir='ltr'><strong>altam</strong></span> <span class='ocrx_word' id='word_1_186' title='bbox 2314 1280 2412 1333; x_wconf 89' lang='lat' dir='ltr'><strong>sub</strong></span> <span class='ocrx_word' id='word_1_187' title='bbox 2438 1288 2633 1333; x_wconf 86' lang='lat' dir='ltr'><strong>terram</strong></span> <span class='ocrx_word' id='word_1_188' title='bbox 2656 1283 2817 1348; x_wconf 86' lang='lat' dir='ltr'><strong>subit,</strong></span> <span class='ocrx_word' id='word_1_189' title='bbox 2846 1283 2932 1336; x_wconf 91' lang='lat' dir='ltr'><strong>ubi</strong></span> <span class='ocrx_word' id='word_1_190' title='bbox 2964 1285 3119 1353; x_wconf 85' lang='lat' dir='ltr'><strong>longo</strong></span> <span class='ocrx_word' id='word_1_191' title='bbox 3147 1286 3370 1340; x_wconf 75' lang='lat' dir='ltr'><strong>circuitu</strong></span> 
     </span>
    </p>
   </div>
   <div class='ocr_carea' id='block_1_28' title="bbox 1840 1368 3371 1446">
    <p class='ocr_par' dir='ltr' id='par_1_28' title="bbox 1840 1368 3371 1446">
     <span class='ocr_line' id='line_1_28' title="bbox 1840 1368 3371 1446; baseline 0.008 -25"><span class='ocrx_word' id='word_1_192' title='bbox 1840 1368 2095 1422; x_wconf 86' lang='lat' dir='ltr'><strong>adversus</strong></span> <span class='ocrx_word' id='word_1_193' title='bbox 2126 1368 2492 1439; x_wconf 84' lang='lat' dir='ltr'><strong>Phlegethonti</strong></span> <span class='ocrx_word' id='word_1_194' title='bbox 2544 1373 2793 1439; x_wconf 73' lang='lat' dir='ltr'><strong>volvitur,</strong></span> <span class='ocrx_word' id='word_1_195' title='bbox 2838 1375 3010 1430; x_wconf 91' lang='lat' dir='ltr'><strong>donec</strong></span> <span class='ocrx_word' id='word_1_196' title='bbox 3043 1378 3161 1446; x_wconf 88' lang='lat' dir='ltr'><strong>ipsi,</strong></span> <span class='ocrx_word' id='word_1_197' title='bbox 3207 1378 3371 1432; x_wconf 85' lang='lat' dir='ltr'><strong>altera</strong></span> 
     </span>
    </p>
   </div>
   <div class='ocr_carea' id='block_1_29' title="bbox 1839 1460 3371 1539">
    <p class='ocr_par' dir='ltr' id='par_1_29' title="bbox 1839 1460 3371 1539">
     <span class='ocr_line' id='line_1_29' title="bbox 1839 1460 3371 1539; baseline 0.007 -27"><span class='ocrx_word' id='word_1_198' title='bbox 1839 1474 1903 1513; x_wconf 78' lang='lat' dir='ltr'><strong>ex</strong></span> <span class='ocrx_word' id='word_1_199' title='bbox 1922 1460 2157 1529; x_wconf 84' lang='lat' dir='ltr'><strong>parte,ad</strong></span> <span class='ocrx_word' id='word_1_200' title='bbox 2174 1462 2517 1516; x_wconf 84' lang='lat' dir='ltr'><strong>Acherusiam</strong></span> <span class='ocrx_word' id='word_1_201' title='bbox 2534 1465 2775 1533; x_wconf 87' lang='lat' dir='ltr'><strong>paludem</strong></span> <span class='ocrx_word' id='word_1_202' title='bbox 2794 1468 3223 1539; x_wconf 77' lang='lat' dir='ltr'><strong>occurrat.568</strong></span> <span class='ocrx_word' id='word_1_203' title='bbox 3237 1471 3371 1525; x_wconf 88' lang='lat' dir='ltr'><strong>Idem</strong></span> 
     </span>
    </p>
   </div>
   <div class='ocr_carea' id='block_1_30' title="bbox 1839 1554 3371 1627">
    <p class='ocr_par' dir='ltr' id='par_1_30' title="bbox 1839 1554 3371 1627">
     <span class='ocr_line' id='line_1_30' title="bbox 1839 1554 3371 1627; baseline 0.003 -20"><span class='ocrx_word' id='word_1_204' title='bbox 1839 1568 2001 1623; x_wconf 90' lang='lat' dir='ltr'><strong>porro</strong></span> <span class='ocrx_word' id='word_1_205' title='bbox 2031 1554 2225 1608; x_wconf 90' lang='lat' dir='ltr'><strong>undam</strong></span> <span class='ocrx_word' id='word_1_206' title='bbox 2272 1570 2485 1626; x_wconf 89' lang='lat' dir='ltr'><strong>quoque</strong></span> <span class='ocrx_word' id='word_1_207' title='bbox 2534 1573 2686 1611; x_wconf 89' lang='lat' dir='ltr'><strong>suam</strong></span> <span class='ocrx_word' id='word_1_208' title='bbox 2742 1558 2831 1610; x_wconf 84' lang='lat' dir='ltr'><strong>alii</strong></span> <span class='ocrx_word' id='word_1_209' title='bbox 2881 1561 3193 1627; x_wconf 85' lang='lat' dir='ltr'><strong>permistam</strong></span> <span class='ocrx_word' id='word_1_210' title='bbox 3244 1562 3371 1613; x_wconf 75' lang='lat' dir='ltr'><strong>nulli</strong></span> 
     </span>
    </p>
   </div>
   <div class='ocr_carea' id='block_1_31' title="bbox 1840 1646 3373 1714">
    <p class='ocr_par' dir='ltr' id='par_1_31' title="bbox 1840 1646 3373 1714">
     <span class='ocr_line' id='line_1_31' title="bbox 1840 1646 3373 1714; baseline 0.005 -17"><span class='ocrx_word' id='word_1_211' title='bbox 1840 1646 2077 1700; x_wconf 87' lang='lat' dir='ltr'><strong>retinens</strong></span> <span class='ocrx_word' id='word_1_212' title='bbox 2106 1686 2120 1710; x_wconf 90' lang='lat'><strong>,</strong></span> <span class='ocrx_word' id='word_1_213' title='bbox 2172 1658 2291 1714; x_wconf 87' lang='lat' dir='ltr'><strong>post</strong></span> <span class='ocrx_word' id='word_1_214' title='bbox 2337 1650 2533 1705; x_wconf 89' lang='lat' dir='ltr'><strong>multas</strong></span> <span class='ocrx_word' id='word_1_215' title='bbox 2574 1650 2787 1704; x_wconf 85' lang='lat' dir='ltr'><strong>demum</strong></span> <span class='ocrx_word' id='word_1_216' title='bbox 2834 1648 3106 1713; x_wconf 80' lang='lat' dir='ltr'><strong>ﬂexiones,</strong></span> <span class='ocrx_word' id='word_1_217' title='bbox 3157 1667 3272 1706; x_wconf 89' lang='lat' dir='ltr'><strong>sese</strong></span> <span class='ocrx_word' id='word_1_218' title='bbox 3322 1652 3373 1705; x_wconf 88' lang='lat' dir='ltr'><strong>in</strong></span> 
     </span>
    </p>
   </div>
   <div class='ocr_carea' id='block_1_32' title="bbox 1840 1735 3377 1809">
    <p class='ocr_par' dir='ltr' id='par_1_32' title="bbox 1840 1735 3377 1809">
     <span class='ocr_line' id='line_1_32' title="bbox 1840 1735 3377 1809; baseline 0.004 -19"><span class='ocrx_word' id='word_1_219' title='bbox 1840 1735 2120 1791; x_wconf 73' lang='lat' dir='ltr'><strong>Tartarum</strong></span> <span class='ocrx_word' id='word_1_220' title='bbox 2167 1736 2649 1809; x_wconf 78' lang='lat' dir='ltr'><strong>Pyriphlegethonti</strong></span> <span class='ocrx_word' id='word_1_221' title='bbox 2695 1741 2939 1795; x_wconf 88' lang='lat' dir='ltr'><strong>similiter</strong></span> <span class='ocrx_word' id='word_1_222' title='bbox 2985 1742 3242 1796; x_wconf 85' lang='lat' dir='ltr'><strong>adversus</strong></span> <span class='ocrx_word' id='word_1_223' title='bbox 3283 1758 3377 1796; x_wconf 80' lang='lat' dir='ltr'><strong>ex-</strong></span> 
     </span>
    </p>
   </div>
   <div class='ocr_carea' id='block_1_33' title="bbox 1846 1830 3372 1903">
    <p class='ocr_par' dir='ltr' id='par_1_33' title="bbox 1846 1830 3372 1903">
     <span class='ocr_line' id='line_1_33' title="bbox 1846 1830 3372 1903; baseline 0.002 -19"><span class='ocrx_word' id='word_1_224' title='bbox 1846 1838 2052 1884; x_wconf 85' lang='lat' dir='ltr'><strong>onerat.</strong></span> <span class='ocrx_word' id='word_1_225' title='bbox 2084 1830 2166 1895; x_wconf 80' lang='lat' dir='ltr'><strong>Ei,</strong></span> <span class='ocrx_word' id='word_1_226' title='bbox 2196 1832 2240 1886; x_wconf 87' lang='lat' dir='ltr'><strong>si</strong></span> <span class='ocrx_word' id='word_1_227' title='bbox 2271 1833 2440 1899; x_wconf 87' lang='lat' dir='ltr'><strong>poetis</strong></span> <span class='ocrx_word' id='word_1_228' title='bbox 2486 1834 2773 1899; x_wconf 89' lang='lat' dir='ltr'><strong>credimus,</strong></span> <span class='ocrx_word' id='word_1_229' title='bbox 2825 1834 3023 1903; x_wconf 77' lang='lat' dir='ltr'><strong>Cocyto</strong></span> <span class='ocrx_word' id='word_1_230' title='bbox 3056 1848 3246 1887; x_wconf 87' lang='lat' dir='ltr'><strong>nomen</strong></span> <span class='ocrx_word' id='word_1_231' title='bbox 3273 1842 3372 1887; x_wconf 89' lang='lat' dir='ltr'><strong>est.</strong></span> 
     </span>
    </p>
   </div>
   <div class='ocr_carea' id='block_1_34' title="bbox 182 1905 1752 1992">
    <p class='ocr_par' dir='ltr' id='par_1_34' title="bbox 182 1911 1749 1987">
     <span class='ocr_line' id='line_1_34' title="bbox 182 1911 1749 1987; baseline -0.001 -17"><span class='ocrx_word' id='word_1_232' title='bbox 182 1918 242 1970; x_wconf 83' lang='grc' dir='ltr'>οἶ</span> <span class='ocrx_word' id='word_1_233' title='bbox 267 1935 324 1971; x_wconf 89' lang='grc' dir='ltr'><strong>τε</strong></span> <span class='ocrx_word' id='word_1_234' title='bbox 363 1918 541 1980; x_wconf 71' lang='grc' dir='ltr'>καλῶς</span> <span class='ocrx_word' id='word_1_235' title='bbox 575 1920 663 1973; x_wconf 79' lang='grc' dir='ltr'><strong>καὶ</strong></span> <span class='ocrx_word' id='word_1_236' title='bbox 690 1919 846 1982; x_wconf 83' lang='grc' dir='ltr'>ὁσίως</span> <span class='ocrx_word' id='word_1_237' title='bbox 888 1922 978 1974; x_wconf 70' lang='grc' dir='ltr'><strong>καὶ</strong></span> <span class='ocrx_word' id='word_1_238' title='bbox 1009 1912 1225 1982; x_wconf 84' lang='grc' dir='ltr'>δικαίως</span> <span class='ocrx_word' id='word_1_239' title='bbox 1260 1917 1566 1987; x_wconf 83' lang='grc' dir='ltr'>βιώσαντες,</span> <span class='ocrx_word' id='word_1_240' title='bbox 1586 1916 1677 1969; x_wconf 74' lang='grc' dir='ltr'><strong>καὶ</strong></span> <span class='ocrx_word' id='word_1_241' title='bbox 1702 1911 1749 1968; x_wconf 85' lang='grc' dir='ltr'>οἱ</span> 
     </span>
    </p>
   </div>
   <div class='ocr_carea' id='block_1_35' title="bbox 1852 1905 3376 1992">
    <p class='ocr_par' dir='ltr' id='par_1_35' title="bbox 1852 1920 3376 1992">
     <span class='ocr_line' id='line_1_35' title="bbox 1852 1920 3376 1992; baseline 0.003 -18"><span class='ocrx_word' id='word_1_242' title='bbox 1852 1920 1962 1976; x_wconf 82' lang='lat' dir='ltr'><strong>Hoc</strong></span> <span class='ocrx_word' id='word_1_243' title='bbox 1991 1931 2131 1976; x_wconf 87' lang='lat' dir='ltr'><strong>statu</strong></span> <span class='ocrx_word' id='word_1_244' title='bbox 2170 1937 2372 1986; x_wconf 90' lang='lat' dir='ltr'><strong>rerum,</strong></span> <span class='ocrx_word' id='word_1_245' title='bbox 2424 1932 2482 1976; x_wconf 93' lang='lat' dir='ltr'><strong>ut</strong></span> <span class='ocrx_word' id='word_1_246' title='bbox 2514 1924 2743 1992; x_wconf 86' lang='lat' dir='ltr'><strong>primum</strong></span> <span class='ocrx_word' id='word_1_247' title='bbox 2776 1940 2839 1979; x_wconf 88' lang='lat' dir='ltr'><strong>eo</strong></span> <span class='ocrx_word' id='word_1_248' title='bbox 2869 1926 3062 1978; x_wconf 89' lang='lat' dir='ltr'><strong>mortui</strong></span> <span class='ocrx_word' id='word_1_249' title='bbox 3096 1926 3376 1987; x_wconf 87' lang='lat' dir='ltr'><strong>devenere,</strong></span> 
     </span>
    </p>
   </div>
   <div class='ocr_carea' id='block_1_36' title="bbox 189 2005 1746 2079">
    <p class='ocr_par' dir='ltr' id='par_1_36' title="bbox 189 2005 1746 2079">
     <span class='ocr_line' id='line_1_36' title="bbox 189 2005 1746 2079; baseline -0.004 -16"><span class='ocrx_word' id='word_1_250' title='bbox 189 2011 265 2079; x_wconf 70' lang='grc' dir='ltr'>μή</span> <span class='ocrx_word' id='word_1_251' title='bbox 307 2011 413 2061; x_wconf 81' lang='lat' dir='ltr'><strong>Kal.</strong></span> <span class='ocrx_word' id='word_1_252' title='bbox 434 2009 487 2067; x_wconf 73' lang='grc' dir='ltr'><strong>⁴οἳ</strong></span> <span class='ocrx_word' id='word_1_253' title='bbox 510 2011 603 2078; x_wconf 81' lang='grc' dir='ltr'>μὲν</span> <span class='ocrx_word' id='word_1_254' title='bbox 626 2010 688 2061; x_wconf 83' lang='grc' dir='ltr'><strong>ἂν</strong></span> <span class='ocrx_word' id='word_1_255' title='bbox 708 2010 894 2075; x_wconf 76' lang='grc' dir='ltr'>δόξωσι</span> <span class='ocrx_word' id='word_1_256' title='bbox 916 2011 1093 2078; x_wconf 82' lang='grc' dir='ltr'>μέσως</span> <span class='ocrx_word' id='word_1_257' title='bbox 1116 2009 1446 2079; x_wconf 78' lang='grc' dir='ltr'>βεϐιωκέναι,</span> <span class='ocrx_word' id='word_1_258' title='bbox 1468 2005 1746 2076; x_wconf 78' lang='grc' dir='ltr'>πορευθέν-</span> 
     </span>
    </p>
   </div>
   <div class='ocr_carea' id='block_1_37' title="bbox 186 2096 1748 2172">
    <p class='ocr_par' dir='ltr' id='par_1_37' title="bbox 186 2096 1748 2172">
     <span class='ocr_line' id='line_1_37' title="bbox 186 2096 1748 2172; baseline -0.002 -23"><span class='ocrx_word' id='word_1_259' title='bbox 186 2116 281 2161; x_wconf 80' lang='grc' dir='ltr'><strong>τες</strong></span> <span class='ocrx_word' id='word_1_260' title='bbox 308 2100 398 2151; x_wconf 74' lang='grc' dir='ltr'>ἐπὶ</span> <span class='ocrx_word' id='word_1_261' title='bbox 424 2099 515 2151; x_wconf 86' lang='grc' dir='ltr'><strong>τὸν</strong></span> <span class='ocrx_word' id='word_1_262' title='bbox 544 2101 842 2172; x_wconf 79' lang='grc' dir='ltr'>Ἀχέροντα,</span> <span class='ocrx_word' id='word_1_263' title='bbox 871 2102 1162 2162; x_wconf 73' lang='grc' dir='ltr'>ἀναϐάντες</span> <span class='ocrx_word' id='word_1_264' title='bbox 1183 2100 1217 2152; x_wconf 84' lang='grc' dir='ltr'><strong>ἀ</strong></span> <span class='ocrx_word' id='word_1_265' title='bbox 1236 2099 1299 2169; x_wconf 79' lang='grc' dir='ltr'>δὴ</span> <span class='ocrx_word' id='word_1_266' title='bbox 1320 2100 1408 2150; x_wconf 73' lang='grc' dir='ltr'>καὶ</span> <span class='ocrx_word' id='word_1_267' title='bbox 1434 2099 1611 2162; x_wconf 75' lang='grc' dir='ltr'>αὐτοῖς</span> <span class='ocrx_word' id='word_1_268' title='bbox 1629 2096 1748 2164; x_wconf 75' lang='grc' dir='ltr'><strong>ὀχήο</strong></span> 
     </span>
    </p>
   </div>
   <div class='ocr_carea' id='block_1_38' title="bbox 192 2188 1743 2262">
    <p class='ocr_par' dir='ltr' id='par_1_38' title="bbox 192 2188 1743 2262">
     <span class='ocr_line' id='line_1_38' title="bbox 192 2188 1743 2262; baseline -0.003 -19"><span class='ocrx_word' id='word_1_269' title='bbox 192 2192 339 2259; x_wconf 81' lang='grc' dir='ltr'>ματά</span> <span class='ocrx_word' id='word_1_270' title='bbox 371 2195 533 2253; x_wconf 76' lang='grc' dir='ltr'>ἐστιν,</span> <span class='ocrx_word' id='word_1_271' title='bbox 564 2194 651 2244; x_wconf 73' lang='grc' dir='ltr'><strong>ἐπὶ</strong></span> <span class='ocrx_word' id='word_1_272' title='bbox 675 2194 855 2245; x_wconf 74' lang='grc' dir='ltr'>τοῦτον</span> <span class='ocrx_word' id='word_1_273' title='bbox 887 2194 994 2262; x_wconf 81' lang='grc'>(56)</span> <span class='ocrx_word' id='word_1_274' title='bbox 1021 2190 1365 2261; x_wconf 74' lang='grc' dir='ltr'>ἀφικνοῦνται</span> <span class='ocrx_word' id='word_1_275' title='bbox 1396 2191 1473 2251; x_wconf 82' lang='grc' dir='ltr'><strong>είς</strong></span> <span class='ocrx_word' id='word_1_276' title='bbox 1500 2190 1598 2256; x_wconf 80' lang='grc' dir='ltr'>τὴν</span> <span class='ocrx_word' id='word_1_277' title='bbox 1619 2188 1743 2255; x_wconf 90' lang='grc' dir='ltr'>λίμ-</span> 
     </span>
    </p>
   </div>
   <div class='ocr_carea' id='block_1_39' title="bbox 187 2267 1745 2351">
    <p class='ocr_par' dir='ltr' id='par_1_39' title="bbox 187 2267 1745 2351">
     <span class='ocr_line' id='line_1_39' title="bbox 187 2267 1745 2351; baseline -0.002 -18"><span class='ocrx_word' id='word_1_278' title='bbox 187 2299 310 2351; x_wconf 82' lang='grc' dir='ltr'>νην.</span> <span class='ocrx_word' id='word_1_279' title='bbox 343 2283 449 2335; x_wconf 65' lang='grc' dir='ltr'>Καὶ</span> <span class='ocrx_word' id='word_1_280' title='bbox 483 2285 595 2335; x_wconf 77' lang='grc' dir='ltr'>ἐκεῖ</span> <span class='ocrx_word' id='word_1_281' title='bbox 648 2284 849 2335; x_wconf 79' lang='grc' dir='ltr'>οίκοῦσί</span> <span class='ocrx_word' id='word_1_282' title='bbox 890 2302 948 2335; x_wconf 93' lang='grc' dir='ltr'><strong>τε</strong></span> <span class='ocrx_word' id='word_1_283' title='bbox 993 2284 1085 2336; x_wconf 74' lang='grc' dir='ltr'><strong>καὶ</strong></span> <span class='ocrx_word' id='word_1_284' title='bbox 1126 2281 1522 2351; x_wconf 80' lang='grc' dir='ltr'>καθαιρόμενοι,</span> <span class='ocrx_word' id='word_1_285' title='bbox 1551 2267 1745 2331; x_wconf 69' lang='grc' dir='ltr'>τῶν’τε</span> 
     </span>
    </p>
   </div>
   <div class='ocr_carea' id='block_1_40' title="bbox 189 2368 1746 2443">
    <p class='ocr_par' dir='ltr' id='par_1_40' title="bbox 189 2368 1746 2443">
     <span class='ocr_line' id='line_1_40' title="bbox 189 2368 1746 2443; baseline -0.003 -18"><span class='ocrx_word' id='word_1_286' title='bbox 189 2373 538 2443; x_wconf 71' lang='grc' dir='ltr'>ἀδικημάτων</span> <span class='ocrx_word' id='word_1_287' title='bbox 569 2374 790 2437; x_wconf 86' lang='grc' dir='ltr'>διδόντες</span> <span class='ocrx_word' id='word_1_288' title='bbox 816 2375 985 2437; x_wconf 75' lang='grc' dir='ltr'>δίκας,</span> <span class='ocrx_word' id='word_1_289' title='bbox 1020 2373 1336 2427; x_wconf 81' lang='grc' dir='ltr'>ἀπολύονται</span> <span class='ocrx_word' id='word_1_290' title='bbox 1362 2370 1413 2423; x_wconf 75' lang='grc' dir='ltr'><strong>εί</strong></span> <span class='ocrx_word' id='word_1_291' title='bbox 1440 2369 1520 2432; x_wconf 90' lang='grc' dir='ltr'><strong>τίς</strong></span> <span class='ocrx_word' id='word_1_292' title='bbox 1554 2387 1605 2421; x_wconf 88' lang='grc' dir='ltr'><strong>τι</strong></span> <span class='ocrx_word' id='word_1_293' title='bbox 1632 2368 1746 2437; x_wconf 67' lang='grc' dir='ltr'>ἡδί-</span> 
     </span>
    </p>
   </div>
   <div class='ocr_carea' id='block_1_41' title="bbox 190 2460 1747 2536">
    <p class='ocr_par' dir='ltr' id='par_1_41' title="bbox 190 2460 1747 2536">
     <span class='ocr_line' id='line_1_41' title="bbox 190 2460 1747 2536; baseline -0.003 -20"><span class='ocrx_word' id='word_1_294' title='bbox 190 2480 330 2532; x_wconf 89' lang='grc' dir='ltr'>κηκε</span> <span class='ocrx_word' id='word_1_295' title='bbox 352 2483 364 2495; x_wconf 92' lang='grc'><strong>·</strong></span> <span class='ocrx_word' id='word_1_296' title='bbox 396 2466 499 2517; x_wconf 82' lang='grc' dir='ltr'><strong>τῶν</strong></span> <span class='ocrx_word' id='word_1_297' title='bbox 531 2484 587 2518; x_wconf 88' lang='grc' dir='ltr'><strong>τε</strong></span> <span class='ocrx_word' id='word_1_298' title='bbox 616 2466 936 2536; x_wconf 74' lang='grc' dir='ltr'>εὐεργεσιῶν</span> <span class='ocrx_word' id='word_1_299' title='bbox 968 2468 1129 2536; x_wconf 74' lang='grc' dir='ltr'>τιμὰς</span> <span class='ocrx_word' id='word_1_300' title='bbox 1177 2466 1443 2535; x_wconf 80' lang='grc' dir='ltr'>φέρονται,</span> <span class='ocrx_word' id='word_1_301' title='bbox 1476 2460 1613 2514; x_wconf 85' lang='grc' dir='ltr'><strong>κατά</strong></span> <span class='ocrx_word' id='word_1_302' title='bbox 1651 2460 1747 2530; x_wconf 73' lang='grc' dir='ltr'>τὴν</span> 
     </span>
    </p>
   </div>
   <div class='ocr_carea' id='block_1_42' title="bbox 189 2549 1747 2620">
    <p class='ocr_par' dir='ltr' id='par_1_42' title="bbox 189 2549 1747 2620">
     <span class='ocr_line' id='line_1_42' title="bbox 189 2549 1747 2620; baseline -0.004 -14"><span class='ocrx_word' id='word_1_303' title='bbox 189 2554 348 2619; x_wconf 75' lang='grc' dir='ltr'>ἀξίαν</span> <span class='ocrx_word' id='word_1_304' title='bbox 374 2555 628 2619; x_wconf 75' lang='grc' dir='ltr'>ἕκαστος·</span> <span class='ocrx_word' id='word_1_305' title='bbox 663 2556 709 2608; x_wconf 75' lang='grc' dir='ltr'>οἳ</span> <span class='ocrx_word' id='word_1_306' title='bbox 736 2557 776 2607; x_wconf 81' lang='grc' dir='ltr'>δ’</span> <span class='ocrx_word' id='word_1_307' title='bbox 805 2556 867 2609; x_wconf 81' lang='grc' dir='ltr'>ἂν</span> <span class='ocrx_word' id='word_1_308' title='bbox 890 2556 1105 2618; x_wconf 76' lang='grc' dir='ltr'>δόξωσιν</span> <span class='ocrx_word' id='word_1_309' title='bbox 1136 2556 1363 2614; x_wconf 78' lang='grc' dir='ltr'>ἀνιάτως</span> <span class='ocrx_word' id='word_1_310' title='bbox 1395 2551 1534 2620; x_wconf 74' lang='grc' dir='ltr'>ἔχειν</span> <span class='ocrx_word' id='word_1_311' title='bbox 1566 2549 1651 2601; x_wconf 77' lang='grc' dir='ltr'>διὰ</span> <span class='ocrx_word' id='word_1_312' title='bbox 1680 2549 1747 2601; x_wconf 79' lang='grc' dir='ltr'>τὰ</span> 
     </span>
    </p>
   </div>
   <div class='ocr_carea' id='block_1_43' title="bbox 197 2638 1750 2717">
    <p class='ocr_par' dir='ltr' id='par_1_43' title="bbox 197 2638 1750 2717">
     <span class='ocr_line' id='line_1_43' title="bbox 197 2638 1750 2717; baseline -0.006 -16"><span class='ocrx_word' id='word_1_313' title='bbox 197 2648 399 2717; x_wconf 78' lang='grc' dir='ltr'><strong>μεγέθη</strong></span> <span class='ocrx_word' id='word_1_314' title='bbox 442 2646 547 2697; x_wconf 90' lang='grc' dir='ltr'><strong>τῶν</strong></span> <span class='ocrx_word' id='word_1_315' title='bbox 574 2648 997 2717; x_wconf 77' lang='grc' dir='ltr'>ἁμαρτημάτων,</span> <span class='ocrx_word' id='word_1_316' title='bbox 1024 2646 1055 2715; x_wconf 84' lang='grc' dir='ltr'>ἢ</span> <span class='ocrx_word' id='word_1_317' title='bbox 1105 2644 1399 2717; x_wconf 75' lang='grc' dir='ltr'>ἱεροσυλίας</span> <span class='ocrx_word' id='word_1_318' title='bbox 1429 2640 1625 2702; x_wconf 75' lang='grc' dir='ltr'>πολλὰς</span> <span class='ocrx_word' id='word_1_319' title='bbox 1657 2638 1750 2692; x_wconf 73' lang='grc' dir='ltr'>καὶ</span> 
     </span>
    </p>
   </div>
   <div class='ocr_carea' id='block_1_44' title="bbox 197 2728 1750 2805">
    <p class='ocr_par' dir='ltr' id='par_1_44' title="bbox 197 2728 1750 2805">
     <span class='ocr_line' id='line_1_44' title="bbox 197 2728 1750 2805; baseline -0.005 -17"><span class='ocrx_word' id='word_1_320' title='bbox 197 2736 456 2803; x_wconf 80' lang='grc' dir='ltr'>μεγάλας,</span> <span class='ocrx_word' id='word_1_321' title='bbox 490 2736 521 2804; x_wconf 80' lang='grc' dir='ltr'><strong>ἥ</strong></span> <span class='ocrx_word' id='word_1_322' title='bbox 548 2736 734 2805; x_wconf 77' lang='grc' dir='ltr'>φόνους</span> <span class='ocrx_word' id='word_1_323' title='bbox 767 2736 979 2795; x_wconf 80' lang='grc' dir='ltr'>ἀδίκους</span> <span class='ocrx_word' id='word_1_324' title='bbox 1020 2734 1113 2787; x_wconf 68' lang='grc' dir='ltr'><strong>καὶ</strong></span> <span class='ocrx_word' id='word_1_325' title='bbox 1156 2733 1496 2803; x_wconf 79' lang='grc' dir='ltr'>παρανόμους</span> <span class='ocrx_word' id='word_1_326' title='bbox 1530 2728 1750 2792; x_wconf 70' lang='grc' dir='ltr'>πολλοὺς</span> 
     </span>
    </p>
   </div>
   <div class='ocr_carea' id='block_1_45' title="bbox 193 2820 1745 2897">
    <p class='ocr_par' dir='ltr' id='par_1_45' title="bbox 193 2820 1745 2897">
     <span class='ocr_line' id='line_1_45' title="bbox 193 2820 1745 2897; baseline -0.006 -17"><span class='ocrx_word' id='word_1_327' title='bbox 193 2827 683 2897; x_wconf 74' lang='grc' dir='ltr'>ὲξειργασμένοι,ἢ</span> <span class='ocrx_word' id='word_1_328' title='bbox 728 2827 859 2880; x_wconf 79' lang='grc' dir='ltr'>ἄλλα</span> <span class='ocrx_word' id='word_1_329' title='bbox 900 2828 997 2879; x_wconf 78' lang='grc' dir='ltr'><strong>ὅσα</strong></span> <span class='ocrx_word' id='word_1_330' title='bbox 1038 2825 1256 2878; x_wconf 76' lang='grc' dir='ltr'>τοιαῦτα</span> <span class='ocrx_word' id='word_1_331' title='bbox 1300 2822 1553 2891; x_wconf 79' lang='grc' dir='ltr'>τυγχάνει</span> <span class='ocrx_word' id='word_1_332' title='bbox 1594 2820 1745 2872; x_wconf 74' lang='grc' dir='ltr'>ὄντα·</span> 
     </span>
    </p>
   </div>
   <div class='ocr_carea' id='block_1_46' title="bbox 191 2912 1752 2989">
    <p class='ocr_par' dir='ltr' id='par_1_46' title="bbox 191 2912 1752 2989">
     <span class='ocr_line' id='line_1_46' title="bbox 191 2912 1752 2989; baseline -0.003 -20"><span class='ocrx_word' id='word_1_333' title='bbox 191 2917 415 2980; x_wconf 79' lang='grc' dir='ltr'>τούτους</span> <span class='ocrx_word' id='word_1_334' title='bbox 444 2920 499 2971; x_wconf 77' lang='grc' dir='ltr'>δὲ</span> <span class='ocrx_word' id='word_1_335' title='bbox 529 2922 561 2989; x_wconf 79' lang='grc' dir='ltr'>ἡ</span> <span class='ocrx_word' id='word_1_336' title='bbox 593 2919 935 2989; x_wconf 82' lang='grc' dir='ltr'>προσήκουσα</span> <span class='ocrx_word' id='word_1_337' title='bbox 969 2920 1130 2987; x_wconf 85' lang='grc' dir='ltr'>μοῖρα</span> <span class='ocrx_word' id='word_1_338' title='bbox 1174 2918 1349 2985; x_wconf 79' lang='grc' dir='ltr'>ῥίπτει</span> <span class='ocrx_word' id='word_1_339' title='bbox 1384 2916 1461 2976; x_wconf 87' lang='grc' dir='ltr'><strong>είς</strong></span> <span class='ocrx_word' id='word_1_340' title='bbox 1492 2914 1580 2989; x_wconf 69' lang='grc' dir='ltr'><strong>τὸν</strong></span> <span class='ocrx_word' id='word_1_341' title='bbox 1613 2912 1752 2981; x_wconf 85' lang='grc' dir='ltr'>Τάρ-</span> 
     </span>
    </p>
   </div>
   <div class='ocr_carea' id='block_1_47' title="bbox 194 2988 1749 3078">
    <p class='ocr_par' dir='ltr' id='par_1_47' title="bbox 194 3002 1749 3078">
     <span class='ocr_line' id='line_1_47' title="bbox 194 3002 1749 3078; baseline -0.005 -18"><span class='ocrx_word' id='word_1_342' title='bbox 194 3025 380 3078; x_wconf 84' lang='grc' dir='ltr'>ταρον,</span> <span class='ocrx_word' id='word_1_343' title='bbox 404 3010 521 3062; x_wconf 77' lang='grc' dir='ltr'>ὅθεν</span> <span class='ocrx_word' id='word_1_344' title='bbox 549 3009 738 3062; x_wconf 69' lang='grc' dir='ltr'>οὔποτε</span> <span class='ocrx_word' id='word_1_345' title='bbox 766 3008 1096 3060; x_wconf 77' lang='grc' dir='ltr'>ἐκϐαίνουσιν</span> <span class='ocrx_word' id='word_1_346' title='bbox 1116 3024 1129 3036; x_wconf 88' lang='grc'><strong>·</strong></span> <span class='ocrx_word' id='word_1_347' title='bbox 1159 3006 1207 3058; x_wconf 80' lang='grc' dir='ltr'>οἳ</span> <span class='ocrx_word' id='word_1_348' title='bbox 1255 3007 1300 3058; x_wconf 83' lang='grc' dir='ltr'>δ’</span> <span class='ocrx_word' id='word_1_349' title='bbox 1323 3005 1389 3058; x_wconf 82' lang='grc' dir='ltr'>ἂν</span> <span class='ocrx_word' id='word_1_350' title='bbox 1421 3003 1609 3073; x_wconf 76' lang='grc' dir='ltr'>ἰάσιμα</span> <span class='ocrx_word' id='word_1_351' title='bbox 1634 3002 1749 3072; x_wconf 80' lang='grc' dir='ltr'>μὲν,</span> 
     </span>
    </p>
   </div>
   <div class='ocr_carea' id='block_1_48' title="bbox 201 3087 1750 3175">
    <p class='ocr_par' dir='ltr' id='par_1_48' title="bbox 201 3087 1750 3175">
     <span class='ocr_line' id='line_1_48' title="bbox 201 3087 1750 3175; baseline -0.005 -24"><span class='ocrx_word' id='word_1_352' title='bbox 201 3099 411 3167; x_wconf 82' lang='grc' dir='ltr'>μεγάλα</span> <span class='ocrx_word' id='word_1_353' title='bbox 456 3101 511 3153; x_wconf 79' lang='grc' dir='ltr'>δὲ</span> <span class='ocrx_word' id='word_1_354' title='bbox 548 3103 763 3167; x_wconf 76' lang='grc' dir='ltr'>δόξωσιν</span> <span class='ocrx_word' id='word_1_355' title='bbox 806 3097 1177 3170; x_wconf 77' lang='grc' dir='ltr'>ἡμαρτηκέναι</span> <span class='ocrx_word' id='word_1_356' title='bbox 1226 3095 1611 3175; x_wconf 79' lang='grc' dir='ltr'>ἁμαρτήματα,</span> <span class='ocrx_word' id='word_1_357' title='bbox 1643 3087 1750 3147; x_wconf 75' lang='grc' dir='ltr'>οἷον</span> 
     </span>
    </p>
   </div>
   <div class='ocr_carea' id='block_1_49' title="bbox 197 3184 1757 3262">
    <p class='ocr_par' dir='ltr' id='par_1_49' title="bbox 197 3184 1757 3262">
     <span class='ocr_line' id='line_1_49' title="bbox 197 3184 1757 3262; baseline -0.007 -17"><span class='ocrx_word' id='word_1_358' title='bbox 197 3192 335 3262; x_wconf 77' lang='grc' dir='ltr'>πρὸς</span> <span class='ocrx_word' id='word_1_359' title='bbox 373 3193 577 3262; x_wconf 81' lang='grc' dir='ltr'>πατέρα</span> <span class='ocrx_word' id='word_1_360' title='bbox 608 3192 638 3262; x_wconf 79' lang='grc' dir='ltr'>ἢ</span> <span class='ocrx_word' id='word_1_361' title='bbox 678 3192 880 3262; x_wconf 84' lang='grc' dir='ltr'>μητέρα</span> <span class='ocrx_word' id='word_1_362' title='bbox 910 3192 999 3241; x_wconf 74' lang='grc' dir='ltr'><strong>ὑπ’</strong></span> <span class='ocrx_word' id='word_1_363' title='bbox 1031 3188 1197 3259; x_wconf 78' lang='grc' dir='ltr'>ὀργῆς</span> <span class='ocrx_word' id='word_1_364' title='bbox 1242 3186 1411 3256; x_wconf 84' lang='grc' dir='ltr'>βίαιόν</span> <span class='ocrx_word' id='word_1_365' title='bbox 1444 3203 1496 3240; x_wconf 87' lang='grc' dir='ltr'><strong>τι</strong></span> <span class='ocrx_word' id='word_1_366' title='bbox 1526 3184 1757 3254; x_wconf 83' lang='grc' dir='ltr'>πράξαν-</span> 
     </span>
    </p>
   </div>
   <div class='ocr_carea' id='block_1_50' title="bbox 196 3275 1752 3351">
    <p class='ocr_par' dir='ltr' id='par_1_50' title="bbox 196 3275 1752 3351">
     <span class='ocr_line' id='line_1_50' title="bbox 196 3275 1752 3351; baseline -0.005 -18"><span class='ocrx_word' id='word_1_367' title='bbox 196 3298 311 3344; x_wconf 72' lang='grc' dir='ltr'>τες,</span> <span class='ocrx_word' id='word_1_368' title='bbox 357 3281 446 3335; x_wconf 69' lang='grc' dir='ltr'>καὶ</span> <span class='ocrx_word' id='word_1_369' title='bbox 489 3282 787 3351; x_wconf 85' lang='grc' dir='ltr'>μεταμέλον</span> <span class='ocrx_word' id='word_1_370' title='bbox 832 3281 1011 3342; x_wconf 79' lang='grc' dir='ltr'>αὐτοῖς</span> <span class='ocrx_word' id='word_1_371' title='bbox 1054 3280 1145 3331; x_wconf 76' lang='grc' dir='ltr'><strong>τὸν</strong></span> <span class='ocrx_word' id='word_1_372' title='bbox 1193 3278 1347 3332; x_wconf 75' lang='grc' dir='ltr'>ἄλλον</span> <span class='ocrx_word' id='word_1_373' title='bbox 1387 3277 1500 3346; x_wconf 85' lang='grc' dir='ltr'>βίον</span> <span class='ocrx_word' id='word_1_374' title='bbox 1547 3275 1752 3345; x_wconf 88' lang='grc' dir='ltr'>βιῶσιν,</span> 
     </span>
    </p>
   </div>
   <div class='ocr_carea' id='block_1_51' title="bbox 197 3365 1749 3440">
    <p class='ocr_par' dir='ltr' id='par_1_51' title="bbox 197 3365 1749 3440">
     <span class='ocr_line' id='line_1_51' title="bbox 197 3365 1749 3440; baseline -0.009 -12"><span class='ocrx_word' id='word_1_375' title='bbox 197 3371 233 3436; x_wconf 73' lang='grc' dir='ltr'>ἢ</span> <span class='ocrx_word' id='word_1_376' title='bbox 273 3370 381 3438; x_wconf 81' lang='grc'><strong>(57)</strong></span> <span class='ocrx_word' id='word_1_377' title='bbox 409 3369 736 3440; x_wconf 77' lang='grc' dir='ltr'>ἀνδροφόνοι,</span> <span class='ocrx_word' id='word_1_378' title='bbox 766 3371 797 3438; x_wconf 78' lang='grc' dir='ltr'>ἦ</span> <span class='ocrx_word' id='word_1_379' title='bbox 827 3368 1046 3437; x_wconf 83' lang='grc' dir='ltr'>τοιούτῳ</span> <span class='ocrx_word' id='word_1_380' title='bbox 1082 3366 1265 3437; x_wconf 84' lang='grc' dir='ltr'>τρόπῳ</span> <span class='ocrx_word' id='word_1_381' title='bbox 1294 3366 1433 3435; x_wconf 81' lang='grc' dir='ltr'><strong>ἄλλῳ</strong></span> <span class='ocrx_word' id='word_1_382' title='bbox 1462 3365 1749 3433; x_wconf 80' lang='grc' dir='ltr'>γένωνται·</span> 
     </span>
    </p>
   </div>
   <div class='ocr_carea' id='block_1_52' title="bbox 197 3457 1755 3531">
    <p class='ocr_par' dir='ltr' id='par_1_52' title="bbox 197 3457 1755 3531">
     <span class='ocr_line' id='line_1_52' title="bbox 197 3457 1755 3531; baseline -0.006 -14"><span class='ocrx_word' id='word_1_383' title='bbox 197 3460 420 3525; x_wconf 80' lang='grc' dir='ltr'>τούτους</span> <span class='ocrx_word' id='word_1_384' title='bbox 460 3462 504 3515; x_wconf 82' lang='grc' dir='ltr'>δ’</span> <span class='ocrx_word' id='word_1_385' title='bbox 546 3462 802 3530; x_wconf 68' lang='grc' dir='ltr'>ἐμπεσεῖν</span> <span class='ocrx_word' id='word_1_386' title='bbox 834 3462 929 3531; x_wconf 83' lang='grc' dir='ltr'>μὲν</span> <span class='ocrx_word' id='word_1_387' title='bbox 969 3465 1047 3524; x_wconf 87' lang='grc' dir='ltr'><strong>είς</strong></span> <span class='ocrx_word' id='word_1_388' title='bbox 1080 3462 1169 3514; x_wconf 81' lang='grc' dir='ltr'><strong>τὸν</strong></span> <span class='ocrx_word' id='word_1_389' title='bbox 1212 3457 1490 3529; x_wconf 85' lang='grc' dir='ltr'>Τάρταρον</span> <span class='ocrx_word' id='word_1_390' title='bbox 1522 3457 1755 3526; x_wconf 83' lang='grc' dir='ltr'>ἀνάγκη,</span> 
     </span>
    </p>
   </div>
   <div class='ocr_carea' id='block_1_53' title="bbox 197 3549 1758 3627">
    <p class='ocr_par' dir='ltr' id='par_1_53' title="bbox 197 3549 1758 3627">
     <span class='ocr_line' id='line_1_53' title="bbox 197 3549 1758 3627; baseline -0.005 -21"><span class='ocrx_word' id='word_1_391' title='bbox 197 3553 536 3627; x_wconf 70' lang='grc' dir='ltr'>ὶμπεσόντας</span> <span class='ocrx_word' id='word_1_392' title='bbox 563 3551 619 3604; x_wconf 83' lang='grc' dir='ltr'><strong>δὲ</strong></span> <span class='ocrx_word' id='word_1_393' title='bbox 644 3552 854 3612; x_wconf 77' lang='grc' dir='ltr'>αὐτοὺς,</span> <span class='ocrx_word' id='word_1_394' title='bbox 889 3552 979 3602; x_wconf 74' lang='grc' dir='ltr'>καὶ</span> <span class='ocrx_word' id='word_1_395' title='bbox 1012 3550 1251 3603; x_wconf 74' lang='grc' dir='ltr'>ἐνιαυτὸν</span> <span class='ocrx_word' id='word_1_396' title='bbox 1294 3551 1408 3602; x_wconf 73' lang='grc' dir='ltr'>ἐκεῖ</span> <span class='ocrx_word' id='word_1_397' title='bbox 1440 3549 1758 3617; x_wconf 86' lang='grc' dir='ltr'>γενομένους</span> 
     </span>
    </p>
   </div>
   <div class='ocr_carea' id='block_1_54' title="bbox 200 3639 1760 3713">
    <p class='ocr_par' dir='ltr' id='par_1_54' title="bbox 200 3639 1760 3713">
     <span class='ocr_line' id='line_1_54' title="bbox 200 3639 1760 3713; baseline -0.007 -12"><span class='ocrx_word' id='word_1_398' title='bbox 200 3645 449 3701; x_wconf 70' lang='grc' dir='ltr'>ἐκσὰλλει</span> <span class='ocrx_word' id='word_1_399' title='bbox 480 3644 537 3697; x_wconf 83' lang='grc' dir='ltr'><strong>τὸ</strong></span> <span class='ocrx_word' id='word_1_400' title='bbox 574 3643 742 3713; x_wconf 81' lang='grc' dir='ltr'>κῦμα,</span> <span class='ocrx_word' id='word_1_401' title='bbox 793 3642 916 3704; x_wconf 76' lang='grc' dir='ltr'>τοὺς</span> <span class='ocrx_word' id='word_1_402' title='bbox 959 3643 1053 3711; x_wconf 87' lang='grc' dir='ltr'>μὲν</span> <span class='ocrx_word' id='word_1_403' title='bbox 1095 3642 1462 3711; x_wconf 74' lang='grc' dir='ltr'>ἀνδροφόνους,</span> <span class='ocrx_word' id='word_1_404' title='bbox 1498 3639 1634 3693; x_wconf 87' lang='grc' dir='ltr'><strong>κατά</strong></span> <span class='ocrx_word' id='word_1_405' title='bbox 1669 3639 1760 3691; x_wconf 82' lang='grc' dir='ltr'><strong>τὸν</strong></span> 
     </span>
    </p>
   </div>
   <div class='ocr_carea' id='block_1_55' title="bbox 200 3730 1761 3804">
    <p class='ocr_par' dir='ltr' id='par_1_55' title="bbox 200 3730 1761 3804">
     <span class='ocr_line' id='line_1_55' title="bbox 200 3730 1761 3804; baseline -0.007 -10"><span class='ocrx_word' id='word_1_406' title='bbox 200 3737 481 3799; x_wconf 68' lang='grc' dir='ltr'>κωκυτὸν,</span> <span class='ocrx_word' id='word_1_407' title='bbox 510 3736 631 3799; x_wconf 79' lang='grc' dir='ltr'>τοὺς</span> <span class='ocrx_word' id='word_1_408' title='bbox 674 3736 729 3787; x_wconf 81' lang='grc' dir='ltr'><strong>δὲ</strong></span> <span class='ocrx_word' id='word_1_409' title='bbox 779 3732 1099 3804; x_wconf 80' lang='grc' dir='ltr'>πατραλῲας</span> <span class='ocrx_word' id='word_1_410' title='bbox 1140 3733 1232 3785; x_wconf 64' lang='grc' dir='ltr'><strong>καὶ¹</strong></span> <span class='ocrx_word' id='word_1_411' title='bbox 1270 3732 1589 3803; x_wconf 82' lang='grc' dir='ltr'>μητραλῴας</span> <span class='ocrx_word' id='word_1_412' title='bbox 1622 3730 1761 3783; x_wconf 87' lang='grc' dir='ltr'><strong>κατά</strong></span> 
     </span>
    </p>
   </div>
   <div class='ocr_carea' id='block_1_56' title="bbox 198 3822 1760 3899">
    <p class='ocr_par' dir='ltr' id='par_1_56' title="bbox 198 3822 1760 3899">
     <span class='ocr_line' id='line_1_56' title="bbox 198 3822 1760 3899; baseline -0.007 -16"><span class='ocrx_word' id='word_1_413' title='bbox 198 3830 296 3885; x_wconf 78' lang='grc' dir='ltr'><strong>τὸν</strong></span> <span class='ocrx_word' id='word_1_414' title='bbox 314 3826 804 3899; x_wconf 83' lang='grc' dir='ltr'>Πυριφλεγέθοντα·</span> <span class='ocrx_word' id='word_1_415' title='bbox 833 3822 1047 3876; x_wconf 78' lang='grc' dir='ltr'>ἐπειδὰν</span> <span class='ocrx_word' id='word_1_416' title='bbox 1077 3823 1131 3875; x_wconf 85' lang='grc' dir='ltr'>δὲ</span> <span class='ocrx_word' id='word_1_417' title='bbox 1154 3822 1469 3892; x_wconf 84' lang='grc' dir='ltr'>φλεγόμενοι</span> <span class='ocrx_word' id='word_1_418' title='bbox 1502 3822 1760 3889; x_wconf 76' lang='grc' dir='ltr'>γένωνται</span> 
     </span>
    </p>
   </div>
   <div class='ocr_carea' id='block_1_57' title="bbox 203 3914 1760 3988">
    <p class='ocr_par' dir='ltr' id='par_1_57' title="bbox 203 3914 1760 3988">
     <span class='ocr_line' id='line_1_57' title="bbox 203 3914 1760 3988; baseline -0.004 -15"><span class='ocrx_word' id='word_1_419' title='bbox 203 3918 349 3977; x_wconf 64' lang='grc' dir='ltr'><strong>κατά</strong></span> <span class='ocrx_word' id='word_1_420' title='bbox 400 3917 495 3988; x_wconf 77' lang='grc' dir='ltr'>τὴν</span> <span class='ocrx_word' id='word_1_421' title='bbox 544 3918 735 3987; x_wconf 85' lang='grc' dir='ltr'>λίμνην</span> <span class='ocrx_word' id='word_1_422' title='bbox 778 3915 874 3985; x_wconf 79' lang='grc' dir='ltr'><strong>τὴν</strong></span> <span class='ocrx_word' id='word_1_423' title='bbox 912 3914 1307 3986; x_wconf 81' lang='grc' dir='ltr'>Ἀχερουσιάδα,</span> <span class='ocrx_word' id='word_1_424' title='bbox 1346 3914 1570 3967; x_wconf 72' lang='grc' dir='ltr'>ἐνταῦθα</span> <span class='ocrx_word' id='word_1_425' title='bbox 1600 3914 1760 3983; x_wconf 75' lang='grc' dir='ltr'>βοῶσι</span> 
     </span>
    </p>
   </div>
   <div class='ocr_carea' id='block_1_58' title="bbox 199 4005 1762 4078">
    <p class='ocr_par' dir='ltr' id='par_1_58' title="bbox 199 4005 1762 4078">
     <span class='ocr_line' id='line_1_58' title="bbox 199 4005 1762 4078; baseline -0.006 -13"><span class='ocrx_word' id='word_1_426' title='bbox 199 4028 267 4065; x_wconf 68' lang='grc' dir='ltr'>τι</span> <span class='ocrx_word' id='word_1_427' title='bbox 310 4012 401 4065; x_wconf 76' lang='grc' dir='ltr'>καὶ</span> <span class='ocrx_word' id='word_1_428' title='bbox 446 4011 714 4071; x_wconf 74' lang='grc' dir='ltr'>καλοῦσιν,</span> <span class='ocrx_word' id='word_1_429' title='bbox 763 4011 812 4062; x_wconf 75' lang='lat' dir='ltr'><strong>oi</strong></span> <span class='ocrx_word' id='word_1_430' title='bbox 856 4008 949 4078; x_wconf 83' lang='grc' dir='ltr'><strong>μὲν</strong></span> <span class='ocrx_word' id='word_1_431' title='bbox 994 4005 1083 4069; x_wconf 82' lang='grc' dir='ltr'><strong>οὓς</strong></span> <span class='ocrx_word' id='word_1_432' title='bbox 1129 4006 1467 4069; x_wconf 81' lang='grc' dir='ltr'>ἀπέκτειναν,</span> <span class='ocrx_word' id='word_1_433' title='bbox 1500 4008 1548 4058; x_wconf 81' lang='lat' dir='ltr'><strong>oi</strong></span> <span class='ocrx_word' id='word_1_434' title='bbox 1583 4006 1639 4059; x_wconf 83' lang='grc' dir='ltr'>δὲ</span> <span class='ocrx_word' id='word_1_435' title='bbox 1670 4005 1762 4068; x_wconf 86' lang='grc' dir='ltr'><strong>οὒς</strong></span> 
     </span>
    </p>
   </div>
   <div class='ocr_carea' id='block_1_59' title="bbox 204 4095 1762 4174">
    <p class='ocr_par' dir='ltr' id='par_1_59' title="bbox 204 4095 1762 4174">
     <span class='ocr_line' id='line_1_59' title="bbox 204 4095 1762 4174; baseline -0.004 -20"><span class='ocrx_word' id='word_1_436' title='bbox 204 4101 463 4174; x_wconf 72' lang='grc' dir='ltr'>ὕϐρισαν·</span> <span class='ocrx_word' id='word_1_437' title='bbox 499 4100 818 4162; x_wconf 88' lang='grc' dir='ltr'>καλέσαντες</span> <span class='ocrx_word' id='word_1_438' title='bbox 840 4099 895 4152; x_wconf 82' lang='grc' dir='ltr'><strong>δὲ</strong></span> <span class='ocrx_word' id='word_1_439' title='bbox 925 4095 1236 4161; x_wconf 79' lang='grc' dir='ltr'>ἱκετεύουσι,</span> <span class='ocrx_word' id='word_1_440' title='bbox 1263 4097 1355 4148; x_wconf 74' lang='grc' dir='ltr'><strong>καὶ</strong></span> <span class='ocrx_word' id='word_1_441' title='bbox 1379 4096 1583 4150; x_wconf 86' lang='grc' dir='ltr'>δέονται</span> <span class='ocrx_word' id='word_1_442' title='bbox 1606 4097 1762 4148; x_wconf 76' lang='grc' dir='ltr'>ἐᾶσαι</span> 
     </span>
    </p>
   </div>
   <div class='ocr_carea' id='block_1_60' title="bbox 205 4184 1761 4263">
    <p class='ocr_par' dir='ltr' id='par_1_60' title="bbox 205 4184 1761 4263">
     <span class='ocr_line' id='line_1_60' title="bbox 205 4184 1761 4263; baseline -0.006 -16"><span class='ocrx_word' id='word_1_443' title='bbox 205 4195 351 4259; x_wconf 75' lang='grc' dir='ltr'>σφᾶς</span> <span class='ocrx_word' id='word_1_444' title='bbox 386 4192 609 4263; x_wconf 81' lang='grc' dir='ltr'>έκόῆναι</span> <span class='ocrx_word' id='word_1_445' title='bbox 639 4194 716 4253; x_wconf 84' lang='grc' dir='ltr'><strong>είς</strong></span> <span class='ocrx_word' id='word_1_446' title='bbox 747 4190 842 4261; x_wconf 78' lang='grc' dir='ltr'><strong>τὴν</strong></span> <span class='ocrx_word' id='word_1_447' title='bbox 871 4189 1082 4259; x_wconf 83' lang='grc' dir='ltr'>λίμνην,</span> <span class='ocrx_word' id='word_1_448' title='bbox 1109 4187 1200 4239; x_wconf 77' lang='grc' dir='ltr'><strong>καὶ</strong></span> <span class='ocrx_word' id='word_1_449' title='bbox 1228 4186 1496 4250; x_wconf 78' lang='grc' dir='ltr'>δέξασθαι.</span> <span class='ocrx_word' id='word_1_450' title='bbox 1530 4186 1638 4239; x_wconf 81' lang='lat' dir='ltr'><strong>Kal.</strong></span> <span class='ocrx_word' id='word_1_451' title='bbox 1669 4184 1761 4237; x_wconf 83' lang='grc' dir='ltr'><strong>ἐάν</strong></span> 
     </span>
    </p>
   </div>
   <div class='ocr_carea' id='block_1_61' title="bbox 208 4275 1759 4354">
    <p class='ocr_par' dir='ltr' id='par_1_61' title="bbox 208 4275 1759 4354">
     <span class='ocr_line' id='line_1_61' title="bbox 208 4275 1759 4354; baseline -0.006 -18"><span class='ocrx_word' id='word_1_452' title='bbox 208 4284 311 4354; x_wconf 76' lang='grc' dir='ltr'><strong>μὲν</strong></span> <span class='ocrx_word' id='word_1_453' title='bbox 335 4283 610 4344; x_wconf 84' lang='grc' dir='ltr'>πείσωσιν,</span> <span class='ocrx_word' id='word_1_454' title='bbox 636 4281 940 4334; x_wconf 75' lang='grc' dir='ltr'>ἐκϐαίνουσί</span> <span class='ocrx_word' id='word_1_455' title='bbox 972 4297 1027 4333; x_wconf 90' lang='grc' dir='ltr'><strong>τε</strong></span> <span class='ocrx_word' id='word_1_456' title='bbox 1059 4280 1151 4331; x_wconf 74' lang='grc' dir='ltr'><strong>καὶ</strong></span> <span class='ocrx_word' id='word_1_457' title='bbox 1175 4278 1397 4349; x_wconf 79' lang='grc' dir='ltr'>λήγουσι</span> <span class='ocrx_word' id='word_1_458' title='bbox 1421 4276 1525 4328; x_wconf 89' lang='grc' dir='ltr'><strong>τῶν</strong></span> <span class='ocrx_word' id='word_1_459' title='bbox 1553 4275 1759 4329; x_wconf 84' lang='grc' dir='ltr'>κακῶν·</span> 
     </span>
    </p>
   </div>
   <div class='ocr_carea' id='block_1_62' title="bbox 205 4365 1763 4443">
    <p class='ocr_par' dir='ltr' id='par_1_62' title="bbox 205 4365 1763 4443">
     <span class='ocr_line' id='line_1_62' title="bbox 205 4365 1763 4443; baseline -0.006 -15"><span class='ocrx_word' id='word_1_460' title='bbox 205 4378 257 4428; x_wconf 80' lang='grc' dir='ltr'><strong>εί</strong></span> <span class='ocrx_word' id='word_1_461' title='bbox 286 4373 340 4427; x_wconf 81' lang='grc' dir='ltr'>δὲ</span> <span class='ocrx_word' id='word_1_462' title='bbox 372 4373 462 4442; x_wconf 82' lang='grc' dir='ltr'>μὴ,</span> <span class='ocrx_word' id='word_1_463' title='bbox 495 4372 743 4443; x_wconf 81' lang='grc' dir='ltr'>φέρονται</span> <span class='ocrx_word' id='word_1_464' title='bbox 770 4366 923 4435; x_wconf 78' lang='grc' dir='ltr'>αὖθις</span> <span class='ocrx_word' id='word_1_465' title='bbox 961 4372 1039 4431; x_wconf 84' lang='grc' dir='ltr'><strong>είς</strong></span> <span class='ocrx_word' id='word_1_466' title='bbox 1070 4369 1157 4421; x_wconf 80' lang='grc' dir='ltr'>τὸν</span> <span class='ocrx_word' id='word_1_467' title='bbox 1190 4369 1487 4438; x_wconf 77' lang='grc' dir='ltr'>Τάρταρον,</span> <span class='ocrx_word' id='word_1_468' title='bbox 1518 4365 1763 4419; x_wconf 81' lang='grc' dir='ltr'>κακεῖθεν</span> 
     </span>
    </p>
   </div>
   <div class='ocr_carea' id='block_1_63' title="bbox 206 4457 1762 4532">
    <p class='ocr_par' dir='ltr' id='par_1_63' title="bbox 206 4457 1762 4532">
     <span class='ocr_line' id='line_1_63' title="bbox 206 4457 1762 4532; baseline -0.006 -13"><span class='ocrx_word' id='word_1_469' title='bbox 206 4464 371 4519; x_wconf 84' lang='grc' dir='ltr'>πάλιν</span> <span class='ocrx_word' id='word_1_470' title='bbox 404 4464 483 4527; x_wconf 79' lang='grc' dir='ltr'>εἰς</span> <span class='ocrx_word' id='word_1_471' title='bbox 514 4464 635 4526; x_wconf 80' lang='grc' dir='ltr'>τοὺς</span> <span class='ocrx_word' id='word_1_472' title='bbox 678 4463 981 4532; x_wconf 82' lang='grc' dir='ltr'>ποταμούς·</span> <span class='ocrx_word' id='word_1_473' title='bbox 1031 4461 1121 4514; x_wconf 70' lang='grc' dir='ltr'>καὶ</span> <span class='ocrx_word' id='word_1_474' title='bbox 1162 4460 1330 4513; x_wconf 79' lang='grc' dir='ltr'>ταῦτα</span> <span class='ocrx_word' id='word_1_475' title='bbox 1376 4459 1668 4528; x_wconf 86' lang='grc' dir='ltr'>πάσχοντες</span> <span class='ocrx_word' id='word_1_476' title='bbox 1702 4457 1762 4509; x_wconf 84' lang='grc' dir='ltr'><strong>ού</strong></span> 
     </span>
    </p>
   </div>
   <div class='ocr_carea' id='block_1_64' title="bbox 207 4550 1758 4628">
    <p class='ocr_par' dir='ltr' id='par_1_64' title="bbox 207 4550 1758 4628">
     <span class='ocr_line' id='line_1_64' title="bbox 207 4550 1758 4628; baseline -0.006 -17"><span class='ocrx_word' id='word_1_477' title='bbox 207 4557 471 4628; x_wconf 81' lang='grc' dir='ltr'>πρότερον</span> <span class='ocrx_word' id='word_1_478' title='bbox 504 4556 781 4617; x_wconf 88' lang='grc' dir='ltr'>παύονται,</span> <span class='ocrx_word' id='word_1_479' title='bbox 816 4555 943 4624; x_wconf 74' lang='grc' dir='ltr'>πρὶν</span> <span class='ocrx_word' id='word_1_480' title='bbox 971 4553 1036 4607; x_wconf 79' lang='grc' dir='ltr'><strong>ἂν</strong></span> <span class='ocrx_word' id='word_1_481' title='bbox 1061 4555 1315 4605; x_wconf 82' lang='grc' dir='ltr'>πείσωσιν</span> <span class='ocrx_word' id='word_1_482' title='bbox 1353 4550 1445 4615; x_wconf 81' lang='grc' dir='ltr'><strong>οὓς</strong></span> <span class='ocrx_word' id='word_1_483' title='bbox 1470 4550 1725 4621; x_wconf 69' lang='grc' dir='ltr'>ἠδίκησαν</span> <span class='ocrx_word' id='word_1_484' title='bbox 1746 4566 1758 4578; x_wconf 91' lang='grc'><strong>·</strong></span> 
     </span>
    </p>
   </div>
   <div class='ocr_carea' id='block_1_65' title="bbox 202 4640 1759 4721">
    <p class='ocr_par' dir='ltr' id='par_1_65' title="bbox 202 4640 1759 4721">
     <span class='ocr_line' id='line_1_65' title="bbox 202 4640 1759 4721; baseline -0.008 -16"><span class='ocrx_word' id='word_1_485' title='bbox 202 4651 346 4720; x_wconf 78' lang='grc' dir='ltr'>αὕτη</span> <span class='ocrx_word' id='word_1_486' title='bbox 374 4648 478 4721; x_wconf 83' lang='grc' dir='ltr'><strong>γάρ</strong></span> <span class='ocrx_word' id='word_1_487' title='bbox 510 4649 544 4718; x_wconf 80' lang='grc' dir='ltr'>ἡ</span> <span class='ocrx_word' id='word_1_488' title='bbox 577 4646 696 4715; x_wconf 84' lang='grc' dir='ltr'>δίκη</span> <span class='ocrx_word' id='word_1_489' title='bbox 726 4645 829 4697; x_wconf 81' lang='grc' dir='ltr'>ὑπὸ</span> <span class='ocrx_word' id='word_1_490' title='bbox 878 4646 985 4698; x_wconf 88' lang='grc' dir='ltr'><strong>τῶν</strong></span> <span class='ocrx_word' id='word_1_491' title='bbox 1021 4645 1287 4699; x_wconf 82' lang='grc' dir='ltr'>δικαστῶν</span> <span class='ocrx_word' id='word_1_492' title='bbox 1336 4644 1513 4705; x_wconf 81' lang='grc' dir='ltr'>αὐτοῖς</span> <span class='ocrx_word' id='word_1_493' title='bbox 1543 4640 1759 4712; x_wconf 72' lang='grc' dir='ltr'>ἐτάχθη.</span> 
     </span>
    </p>
   </div>
   <div class='ocr_carea' id='block_1_66' title="bbox 206 4730 1765 4809">
    <p class='ocr_par' dir='ltr' id='par_1_66' title="bbox 206 4730 1765 4809">
     <span class='ocr_line' id='line_1_66' title="bbox 206 4730 1765 4809; baseline -0.01 -14"><span class='ocrx_word' id='word_1_494' title='bbox 206 4743 277 4795; x_wconf 74' lang='grc' dir='ltr'><strong>υἱ</strong></span> <span class='ocrx_word' id='word_1_495' title='bbox 320 4741 376 4796; x_wconf 70' lang='grc' dir='ltr'>δὲ</span> <span class='ocrx_word' id='word_1_496' title='bbox 430 4740 492 4809; x_wconf 80' lang='grc' dir='ltr'>δὴ</span> <span class='ocrx_word' id='word_1_497' title='bbox 540 4738 604 4792; x_wconf 85' lang='grc' dir='ltr'>ἂν</span> <span class='ocrx_word' id='word_1_498' title='bbox 652 4736 839 4801; x_wconf 79' lang='grc' dir='ltr'>δόξωσι</span> <span class='ocrx_word' id='word_1_499' title='bbox 887 4735 1248 4805; x_wconf 81' lang='grc' dir='ltr'>διαφερόντως</span> <span class='ocrx_word' id='word_1_500' title='bbox 1299 4732 1433 4803; x_wconf 79' lang='grc' dir='ltr'>πρὸς</span> <span class='ocrx_word' id='word_1_501' title='bbox 1484 4731 1545 4784; x_wconf 63' lang='grc' dir='ltr'>τὸ</span> <span class='ocrx_word' id='word_1_502' title='bbox 1608 4730 1765 4791; x_wconf 80' lang='grc' dir='ltr'>ὁσίως</span> 
     </span>
    </p>
   </div>
   <div class='ocr_carea' id='block_1_67' title="bbox 210 4817 1764 4901">
    <p class='ocr_par' dir='ltr' id='par_1_67' title="bbox 210 4817 1764 4901">
     <span class='ocr_line' id='line_1_67' title="bbox 210 4817 1764 4901; baseline -0.012 -17"><span class='ocrx_word' id='word_1_503' title='bbox 210 4829 439 4901; x_wconf 81' lang='grc' dir='ltr'>βιῶναι,</span> <span class='ocrx_word' id='word_1_504' title='bbox 480 4821 623 4881; x_wconf 72' lang='grc' dir='ltr'>οὗτοί</span> <span class='ocrx_word' id='word_1_505' title='bbox 676 4829 811 4878; x_wconf 71' lang='grc' dir='ltr'>εἰσιν</span> <span class='ocrx_word' id='word_1_506' title='bbox 862 4826 908 4876; x_wconf 79' lang='grc' dir='ltr'><strong>οἱ</strong></span> <span class='ocrx_word' id='word_1_507' title='bbox 954 4822 1117 4876; x_wconf 88' lang='grc' dir='ltr'>τῶνδε</span> <span class='ocrx_word' id='word_1_508' title='bbox 1163 4823 1260 4892; x_wconf 84' lang='grc' dir='ltr'><strong>μὲν</strong></span> <span class='ocrx_word' id='word_1_509' title='bbox 1298 4822 1404 4873; x_wconf 88' lang='grc' dir='ltr'><strong>τῶν</strong></span> <span class='ocrx_word' id='word_1_510' title='bbox 1438 4820 1612 4873; x_wconf 89' lang='grc' dir='ltr'>τόπων</span> <span class='ocrx_word' id='word_1_511' title='bbox 1657 4817 1764 4868; x_wconf 85' lang='grc' dir='ltr'><strong>τῶν</strong></span> 
     </span>
    </p>
   </div>
   <div class='ocr_carea' id='block_1_68' title="bbox 207 4902 1761 4992">
    <p class='ocr_par' dir='ltr' id='par_1_68' title="bbox 207 4902 1761 4992">
     <span class='ocr_line' id='line_1_68' title="bbox 207 4902 1761 4992; baseline -0.012 -17"><span class='ocrx_word' id='word_1_512' title='bbox 207 4926 272 4976; x_wconf 68' lang='grc' dir='ltr'>ὲν</span> <span class='ocrx_word' id='word_1_513' title='bbox 312 4925 376 4991; x_wconf 80' lang='grc' dir='ltr'>τῇ</span> <span class='ocrx_word' id='word_1_514' title='bbox 422 4925 491 4992; x_wconf 79' lang='grc' dir='ltr'>γῇ</span> <span class='ocrx_word' id='word_1_515' title='bbox 544 4902 973 4989; x_wconf 75' lang='grc' dir='ltr'>ὲλευθερούμενοί</span> <span class='ocrx_word' id='word_1_516' title='bbox 1023 4931 1080 4965; x_wconf 90' lang='grc' dir='ltr'><strong>τε</strong></span> <span class='ocrx_word' id='word_1_517' title='bbox 1128 4914 1221 4965; x_wconf 73' lang='grc' dir='ltr'><strong>καὶ</strong></span> <span class='ocrx_word' id='word_1_518' title='bbox 1272 4909 1761 4978; x_wconf 83' lang='grc' dir='ltr'>ἀπαλλαττόμενοι,</span> 
     </span>
    </p>
   </div>
   <div class='ocr_carea' id='block_1_69' title="bbox 208 4997 1765 5081">
    <p class='ocr_par' dir='ltr' id='par_1_69' title="bbox 208 4997 1765 5081">
     <span class='ocr_line' id='line_1_69' title="bbox 208 4997 1765 5081; baseline -0.012 -16"><span class='ocrx_word' id='word_1_519' title='bbox 208 5012 402 5081; x_wconf 82' lang='grc' dir='ltr'>ὥσπερ</span> <span class='ocrx_word' id='word_1_520' title='bbox 436 5011 836 5081; x_wconf 74' lang='grc' dir='ltr'>δεσμωτηρίων,</span> <span class='ocrx_word' id='word_1_521' title='bbox 862 5008 971 5061; x_wconf 80' lang='grc' dir='ltr'><strong>ἀνω</strong></span> <span class='ocrx_word' id='word_1_522' title='bbox 1006 5006 1060 5058; x_wconf 75' lang='grc' dir='ltr'>δὲ</span> <span class='ocrx_word' id='word_1_523' title='bbox 1089 5007 1167 5067; x_wconf 84' lang='grc' dir='ltr'>εἰς</span> <span class='ocrx_word' id='word_1_524' title='bbox 1216 5003 1311 5073; x_wconf 78' lang='grc' dir='ltr'>τὴν</span> <span class='ocrx_word' id='word_1_525' title='bbox 1353 5000 1593 5072; x_wconf 83' lang='grc' dir='ltr'>καθαρὰν</span> <span class='ocrx_word' id='word_1_526' title='bbox 1617 4997 1765 5067; x_wconf 71' lang='grc' dir='ltr'>οἴκη-</span> 
     </span>
    </p>
   </div>
   <div class='ocr_carea' id='block_1_70' title="bbox 184 5092 1767 5172">
    <p class='ocr_par' dir='ltr' id='par_1_70' title="bbox 184 5092 1767 5172">
     <span class='ocr_line' id='line_1_70' title="bbox 184 5092 1767 5172; baseline -0.011 -12"><span class='ocrx_word' id='word_1_527' title='bbox 184 5100 302 5159; x_wconf 26' lang='grc' dir='ltr'>κσιν</span> <span class='ocrx_word' id='word_1_528' title='bbox 332 5101 733 5172; x_wconf 73' lang='grc' dir='ltr'>ἀφικνούμενοι,</span> <span class='ocrx_word' id='word_1_529' title='bbox 764 5101 857 5153; x_wconf 76' lang='grc' dir='ltr'>καὶ</span> <span class='ocrx_word' id='word_1_530' title='bbox 891 5100 980 5151; x_wconf 73' lang='grc' dir='ltr'><strong>ἐπὶ</strong></span> <span class='ocrx_word' id='word_1_531' title='bbox 1000 5098 1095 5167; x_wconf 79' lang='grc' dir='ltr'>τῆς</span> <span class='ocrx_word' id='word_1_532' title='bbox 1128 5095 1231 5165; x_wconf 78' lang='grc' dir='ltr'>γῆς</span> <span class='ocrx_word' id='word_1_533' title='bbox 1262 5094 1601 5164; x_wconf 76' lang='grc' dir='ltr'>οίκιζόμενοι.</span> <span class='ocrx_word' id='word_1_534' title='bbox 1635 5092 1767 5143; x_wconf 76' lang='grc' dir='ltr'>Τού-</span> 
     </span>
    </p>
   </div>
   <div class='ocr_carea' id='block_1_71' title="bbox 206 5184 1765 5261">
    <p class='ocr_par' dir='ltr' id='par_1_71' title="bbox 206 5184 1765 5261">
     <span class='ocr_line' id='line_1_71' title="bbox 206 5184 1765 5261; baseline -0.007 -14"><span class='ocrx_word' id='word_1_535' title='bbox 206 5209 322 5247; x_wconf 85' lang='grc' dir='ltr'><strong>των</strong></span> <span class='ocrx_word' id='word_1_536' title='bbox 378 5190 433 5246; x_wconf 69' lang='grc' dir='ltr'>δὲ</span> <span class='ocrx_word' id='word_1_537' title='bbox 488 5190 664 5249; x_wconf 78' lang='grc' dir='ltr'>αὐτῶν</span> <span class='ocrx_word' id='word_1_538' title='bbox 720 5194 769 5244; x_wconf 92' lang='grc' dir='ltr'><strong>οί</strong></span> <span class='ocrx_word' id='word_1_539' title='bbox 822 5190 1101 5261; x_wconf 76' lang='grc' dir='ltr'>φιλοσοφίᾳ</span> <span class='ocrx_word' id='word_1_540' title='bbox 1148 5187 1341 5249; x_wconf 84' lang='grc' dir='ltr'>ἱκανῶς</span> <span class='ocrx_word' id='word_1_541' title='bbox 1405 5184 1765 5257; x_wconf 82' lang='grc' dir='ltr'>καθηράμενοι</span> 
     </span>
    </p>
   </div>
   <div class='ocr_carea' id='block_1_72' title="bbox 207 5274 1767 5351">
    <p class='ocr_par' dir='ltr' id='par_1_72' title="bbox 207 5274 1767 5351">
     <span class='ocr_line' id='line_1_72' title="bbox 207 5274 1767 5351; baseline -0.009 -13"><span class='ocrx_word' id='word_1_542' title='bbox 207 5284 343 5339; x_wconf 68' lang='grc' dir='ltr'>ἄνευ</span> <span class='ocrx_word' id='word_1_543' title='bbox 373 5298 431 5334; x_wconf 81' lang='grc' dir='ltr'><strong>τε</strong></span> <span class='ocrx_word' id='word_1_544' title='bbox 455 5282 713 5351; x_wconf 76' lang='grc' dir='ltr'>καμάτων</span> <span class='ocrx_word' id='word_1_545' title='bbox 737 5282 843 5350; x_wconf 81' lang='lat'><strong>(58)</strong></span> <span class='ocrx_word' id='word_1_546' title='bbox 864 5281 994 5346; x_wconf 77' lang='grc' dir='ltr'>ζῶσι</span> <span class='ocrx_word' id='word_1_547' title='bbox 1025 5277 1343 5348; x_wconf 86' lang='grc' dir='ltr'>τοπαράπαν</span> <span class='ocrx_word' id='word_1_548' title='bbox 1363 5277 1441 5339; x_wconf 84' lang='grc' dir='ltr'><strong>είς</strong></span> <span class='ocrx_word' id='word_1_549' title='bbox 1470 5276 1557 5329; x_wconf 85' lang='grc' dir='ltr'><strong>τὸν</strong></span> <span class='ocrx_word' id='word_1_550' title='bbox 1584 5274 1767 5349; x_wconf 73' lang='grc' dir='ltr'>ἔπειτα</span> 
     </span>
    </p>
   </div>
   <div class='ocr_carea' id='block_1_73' title="bbox 206 5365 1767 5449">
    <p class='ocr_par' dir='ltr' id='par_1_73' title="bbox 206 5365 1767 5449">
     <span class='ocr_line' id='line_1_73' title="bbox 206 5365 1767 5449; baseline -0.007 -20"><span class='ocrx_word' id='word_1_551' title='bbox 206 5375 425 5448; x_wconf 80' lang='grc' dir='ltr'>χρόνον,</span> <span class='ocrx_word' id='word_1_552' title='bbox 456 5365 548 5426; x_wconf 66' lang='grc' dir='ltr'>καῖ</span> <span class='ocrx_word' id='word_1_553' title='bbox 574 5375 655 5438; x_wconf 84' lang='grc' dir='ltr'><strong>είς</strong></span> <span class='ocrx_word' id='word_1_554' title='bbox 708 5372 945 5441; x_wconf 84' lang='grc' dir='ltr'>οἰκήσεις</span> <span class='ocrx_word' id='word_1_555' title='bbox 991 5372 1069 5425; x_wconf 73' lang='grc' dir='ltr'>ἔτι</span> <span class='ocrx_word' id='word_1_556' title='bbox 1115 5372 1313 5423; x_wconf 88' lang='grc' dir='ltr'>τούτων</span> <span class='ocrx_word' id='word_1_557' title='bbox 1369 5368 1616 5449; x_wconf 82' lang='grc' dir='ltr'>καλλίους</span> <span class='ocrx_word' id='word_1_558' title='bbox 1641 5369 1767 5433; x_wconf 66' lang='grc' dir='ltr'>ἀφιο</span> 
     </span>
    </p>
   </div>
   <div class='ocr_carea' id='block_1_74' title="bbox 210 5458 1771 5533">
    <p class='ocr_par' dir='ltr' id='par_1_74' title="bbox 210 5458 1771 5533">
     <span class='ocr_line' id='line_1_74' title="bbox 210 5458 1771 5533; baseline -0.007 -13"><span class='ocrx_word' id='word_1_559' title='bbox 210 5466 486 5529; x_wconf 81' lang='grc' dir='ltr'>κνοῦνται,</span> <span class='ocrx_word' id='word_1_560' title='bbox 547 5465 612 5527; x_wconf 74' lang='grc' dir='ltr'><strong>ἀς</strong></span> <span class='ocrx_word' id='word_1_561' title='bbox 656 5461 779 5516; x_wconf 78' lang='grc' dir='ltr'>οὔτε</span> <span class='ocrx_word' id='word_1_562' title='bbox 822 5464 998 5533; x_wconf 77' lang='grc' dir='ltr'>ῥᾴδιον</span> <span class='ocrx_word' id='word_1_563' title='bbox 1047 5462 1301 5532; x_wconf 80' lang='grc' dir='ltr'>δηλῶσαι,</span> <span class='ocrx_word' id='word_1_564' title='bbox 1350 5458 1469 5513; x_wconf 75' lang='grc' dir='ltr'>οὔτε</span> <span class='ocrx_word' id='word_1_565' title='bbox 1514 5461 1542 5512; x_wconf 89' lang='lat'><strong>6</strong></span> <span class='ocrx_word' id='word_1_566' title='bbox 1586 5459 1771 5529; x_wconf 83' lang='grc' dir='ltr'>χρόνος</span> 
     </span>
    </p>
   </div>
   <div class='ocr_carea' id='block_1_75' title="bbox 290 5645 859 5723">
    <p class='ocr_par' dir='ltr' id='par_1_75' title="bbox 290 5645 859 5723">
     <span class='ocr_line' id='line_1_75' title="bbox 290 5645 859 5723; baseline -0.018 -18"><span class='ocrx_word' id='word_1_567' title='bbox 290 5647 402 5723; x_wconf 59' lang='grc' dir='ltr'>(δῇ)</span> <span class='ocrx_word' id='word_1_568' title='bbox 440 5647 610 5723; x_wconf 60' lang='grc' dir='ltr'>ξίοίο,</span> <span class='ocrx_word' id='word_1_569' title='bbox 640 5645 859 5723; x_wconf 60' lang='grc' dir='ltr'>τούτων.</span> 
     </span>
    </p>
   </div>
   <div class='ocr_carea' id='block_1_76' title="bbox 320 5714 1490 5835">
    <p class='ocr_par' dir='ltr' id='par_1_76' title="bbox 320 5714 1490 5835">
     <span class='ocr_line' id='line_1_76' title="bbox 320 5714 1490 5835; baseline -0.007 -62"><span class='ocrx_word' id='word_1_570' title='bbox 320 5714 406 5778; x_wconf 55' lang='grc'><strong>57⁷)</strong></span> <span class='ocrx_word' id='word_1_571' title='bbox 445 5716 615 5772; x_wconf 84' lang='lat' dir='ltr'><strong>Plato.</strong></span> <span class='ocrx_word' id='word_1_572' title='bbox 644 5732 747 5779; x_wconf 76' lang='lat' dir='ltr'><strong>out.</strong></span> <span class='ocrx_word' id='word_1_573' title='bbox 1148 5779 1157 5789; x_wconf 37' lang='grc' dir='ltr'>ι</span> <span class='ocrx_word' id='word_1_574' title='bbox 1483 5778 1490 5784; x_wconf 30' lang='grc' dir='ltr'><strong>η</strong></span> 
     </span>
     <span class='ocr_line' id='line_1_77' title="bbox 320 5776 1490 5835; baseline -0.005 0"><span class='ocrx_word' id='word_1_575' title='bbox 320 5788 403 5835; x_wconf 63' lang='grc' dir='ltr'><strong>ω</strong></span> <span class='ocrx_word' id='word_1_576' title='bbox 445 5786 781 5835; x_wconf 49' lang='lat' dir='ltr'><strong>Haliartum,</strong></span> <span class='ocrx_word' id='word_1_577' title='bbox 848 5785 973 5835; x_wconf 89' lang='lat' dir='ltr'><strong>lato.</strong></span> <span class='ocrx_word' id='word_1_578' title='bbox 1013 5795 1293 5835; x_wconf 65' lang='grc' dir='ltr'>σωματων.</span> <span class='ocrx_word' id='word_1_579' title='bbox 1339 5776 1490 5833; x_wconf 84' lang='lat' dir='ltr'><strong>0mm</strong></span> 
     </span>
    </p>
   </div>
   <div class='ocr_carea' id='block_1_77' title="bbox 316 5776 1770 5857">
    <p class='ocr_par' dir='ltr' id='par_1_77' title="bbox 316 5776 1770 5857">
     <span class='ocr_line' id='line_1_78' title="bbox 316 5776 1770 5857; baseline -0.021 -10"><span class='ocrx_word' id='word_1_580' title='bbox 316 5776 403 5857; x_wconf 70' lang='grc'><strong>58)</strong></span> <span class='ocrx_word' id='word_1_581' title='bbox 444 5776 746 5856; x_wconf 68' lang='grc' dir='ltr'>Καμάςωκ.</span> <span class='ocrx_word' id='word_1_582' title='bbox 778 5776 973 5845; x_wconf 48' lang='grc' dir='ltr'>νΡΙοίο,</span> <span class='ocrx_word' id='word_1_583' title='bbox 1013 5779 1293 5857; x_wconf 73' lang='grc' dir='ltr'>σωμάτων.</span> <span class='ocrx_word' id='word_1_584' title='bbox 1339 5776 1572 5857; x_wconf 47' lang='lat' dir='ltr'><strong>Omnino</strong></span> <span class='ocrx_word' id='word_1_585' title='bbox 1607 5776 1770 5833; x_wconf 68' lang='grc' dir='ltr'><strong>Ειηε.</strong></span> 
     </span>
    </p>
   </div>
   <div class='ocr_carea' id='block_1_78' title="bbox 215 5846 1768 5929">
    <p class='ocr_par' dir='ltr' id='par_1_78' title="bbox 215 5846 1768 5929">
     <span class='ocr_line' id='line_1_79' title="bbox 215 5846 1768 5929; baseline -0.012 -10"><span class='ocrx_word' id='word_1_586' title='bbox 215 5846 634 5929; x_wconf 61' lang='grc' dir='ltr'>Μύίκαμάτων</span> <span class='ocrx_word' id='word_1_587' title='bbox 664 5856 807 5926; x_wconf 78' lang='lat' dir='ltr'><strong>legit,</strong></span> <span class='ocrx_word' id='word_1_588' title='bbox 830 5846 1277 5925; x_wconf 76' lang='lat' dir='ltr'><strong>quemadmodum</strong></span> <span class='ocrx_word' id='word_1_589' title='bbox 1310 5858 1359 5901; x_wconf 91' lang='lat' dir='ltr'><strong>et</strong></span> <span class='ocrx_word' id='word_1_590' title='bbox 1383 5846 1768 5911; x_wconf 85' lang='lat' dir='ltr'><strong>Thcodoretus,</strong></span> 
     </span>
    </p>
   </div>
   <div class='ocr_carea' id='block_1_79' title="bbox 1848 2015 3377 2086">
    <p class='ocr_par' dir='ltr' id='par_1_79' title="bbox 1848 2015 3377 2086">
     <span class='ocr_line' id='line_1_80' title="bbox 1848 2015 3377 2086; baseline 0.001 -19"><span class='ocrx_word' id='word_1_591' title='bbox 1848 2029 1956 2084; x_wconf 93' lang='lat' dir='ltr'><strong>quo</strong></span> <span class='ocrx_word' id='word_1_592' title='bbox 1981 2015 2186 2069; x_wconf 67' lang='lat' dir='ltr'><strong>daemon</strong></span> <span class='ocrx_word' id='word_1_593' title='bbox 2219 2030 2485 2084; x_wconf 87' lang='lat' dir='ltr'><strong>quemque</strong></span> <span class='ocrx_word' id='word_1_594' title='bbox 2519 2016 2676 2085; x_wconf 88' lang='lat' dir='ltr'><strong>rapit,</strong></span> <span class='ocrx_word' id='word_1_595' title='bbox 2721 2016 2980 2086; x_wconf 87' lang='lat' dir='ltr'><strong>judicium</strong></span> <span class='ocrx_word' id='word_1_596' title='bbox 3032 2030 3153 2071; x_wconf 83' lang='lat' dir='ltr'><strong>ante</strong></span> <span class='ocrx_word' id='word_1_597' title='bbox 3200 2020 3377 2071; x_wconf 82' lang='lat' dir='ltr'><strong>omnia</strong></span> 
     </span>
    </p>
   </div>
   <div class='ocr_carea' id='block_1_80' title="bbox 1848 2106 3376 2178">
    <p class='ocr_par' dir='ltr' id='par_1_80' title="bbox 1848 2106 3376 2178">
     <span class='ocr_line' id='line_1_81' title="bbox 1848 2106 3376 2178; baseline 0 -18"><span class='ocrx_word' id='word_1_598' title='bbox 1848 2106 2098 2172; x_wconf 87' lang='lat' dir='ltr'><strong>subeunt,</strong></span> <span class='ocrx_word' id='word_1_599' title='bbox 2133 2115 2244 2161; x_wconf 91' lang='lat' dir='ltr'><strong>tum</strong></span> <span class='ocrx_word' id='word_1_600' title='bbox 2278 2108 2370 2175; x_wconf 91' lang='lat' dir='ltr'><strong>qui</strong></span> <span class='ocrx_word' id='word_1_601' title='bbox 2426 2108 2580 2173; x_wconf 88' lang='lat' dir='ltr'><strong>bene,</strong></span> <span class='ocrx_word' id='word_1_602' title='bbox 2627 2118 2811 2162; x_wconf 85' lang='lat' dir='ltr'><strong>sancte</strong></span> <span class='ocrx_word' id='word_1_603' title='bbox 2838 2110 3082 2178; x_wconf 80' lang='lat' dir='ltr'><strong>justeque</strong></span> <span class='ocrx_word' id='word_1_604' title='bbox 3117 2109 3376 2171; x_wconf 78' lang='lat' dir='ltr'><strong>vixerunt,</strong></span> 
     </span>
    </p>
   </div>
   <div class='ocr_carea' id='block_1_81' title="bbox 1848 2181 3380 2268">
    <p class='ocr_par' dir='ltr' id='par_1_81' title="bbox 1848 2181 3380 2268">
     <span class='ocr_line' id='line_1_82' title="bbox 1848 2181 3380 2268; baseline 0 -17"><span class='ocrx_word' id='word_1_605' title='bbox 1848 2208 1959 2251; x_wconf 88' lang='lat' dir='ltr'><strong>tum</strong></span> <span class='ocrx_word' id='word_1_606' title='bbox 1992 2198 2083 2266; x_wconf 84' lang='lat' dir='ltr'><strong>qui</strong></span> <span class='ocrx_word' id='word_1_607' title='bbox 2133 2213 2307 2253; x_wconf 89' lang='lat' dir='ltr'><strong>secus.</strong></span> <span class='ocrx_word' id='word_1_608' title='bbox 2339 2197 2498 2262; x_wconf 89' lang='lat' dir='ltr'><strong>lnde,‘</strong></span> <span class='ocrx_word' id='word_1_609' title='bbox 2534 2199 2625 2268; x_wconf 90' lang='lat' dir='ltr'><strong>qui</strong></span> <span class='ocrx_word' id='word_1_610' title='bbox 2660 2200 2884 2253; x_wconf 89' lang='lat' dir='ltr'><strong>mediam</strong></span> <span class='ocrx_word' id='word_1_611' title='bbox 2920 2200 3054 2254; x_wconf 89' lang='lat' dir='ltr'><strong>inter</strong></span> <span class='ocrx_word' id='word_1_612' title='bbox 3101 2181 3380 2267; x_wconf 80' lang='lat' dir='ltr'><strong>utramque</strong></span> 
     </span>
    </p>
   </div>
   <div class='ocr_carea' id='block_1_82' title="bbox 1846 2286 3378 2353">
    <p class='ocr_par' dir='ltr' id='par_1_82' title="bbox 1846 2286 3378 2353">
     <span class='ocr_line' id='line_1_83' title="bbox 1846 2286 3378 2353; baseline 0.002 -16"><span class='ocrx_word' id='word_1_613' title='bbox 1846 2286 1969 2338; x_wconf 74' lang='lat' dir='ltr'><strong>vita:</strong></span> <span class='ocrx_word' id='word_1_614' title='bbox 2017 2286 2277 2353; x_wconf 75' lang='lat' dir='ltr'><strong>rationem</strong></span> <span class='ocrx_word' id='word_1_615' title='bbox 2329 2289 2562 2341; x_wconf 90' lang='lat' dir='ltr'><strong>tenuisse</strong></span> <span class='ocrx_word' id='word_1_616' title='bbox 2608 2289 2906 2351; x_wconf 87' lang='lat' dir='ltr'><strong>videantur,</strong></span> <span class='ocrx_word' id='word_1_617' title='bbox 2949 2290 2984 2343; x_wconf 87' lang='lat' dir='ltr'><strong>ii</strong></span> <span class='ocrx_word' id='word_1_618' title='bbox 3030 2290 3378 2343; x_wconf 85' lang='lat' dir='ltr'><strong>Acberontem</strong></span> 
     </span>
    </p>
   </div>
   <div class='ocr_carea' id='block_1_83' title="bbox 1848 2377 3379 2447">
    <p class='ocr_par' dir='ltr' id='par_1_83' title="bbox 1848 2377 3379 2447">
     <span class='ocr_line' id='line_1_84' title="bbox 1848 2377 3379 2447; baseline 0.001 -19"><span class='ocrx_word' id='word_1_619' title='bbox 1848 2382 2110 2443; x_wconf 83' lang='lat' dir='ltr'><strong>petentes,</strong></span> <span class='ocrx_word' id='word_1_620' title='bbox 2137 2377 2449 2430; x_wconf 88' lang='lat' dir='ltr'><strong>conscensis</strong></span> <span class='ocrx_word' id='word_1_621' title='bbox 2484 2377 2591 2431; x_wconf 90' lang='lat' dir='ltr'><strong>illic</strong></span> <span class='ocrx_word' id='word_1_622' title='bbox 2621 2378 2736 2430; x_wconf 86' lang='lat' dir='ltr'><strong>suis</strong></span> <span class='ocrx_word' id='word_1_623' title='bbox 2766 2379 2966 2447; x_wconf 87' lang='lat' dir='ltr'><strong>quique</strong></span> <span class='ocrx_word' id='word_1_624' title='bbox 2993 2379 3269 2440; x_wconf 84' lang='lat' dir='ltr'><strong>vehiculis,</strong></span> <span class='ocrx_word' id='word_1_625' title='bbox 3314 2381 3379 2430; x_wconf 58' lang='lat' dir='ltr'><strong>ait</strong></span> 
     </span>
    </p>
   </div>
   <div class='ocr_carea' id='block_1_84' title="bbox 1849 2466 3384 2538">
    <p class='ocr_par' dir='ltr' id='par_1_84' title="bbox 1849 2466 3384 2538">
     <span class='ocr_line' id='line_1_85' title="bbox 1849 2466 3384 2538; baseline 0.002 -20"><span class='ocrx_word' id='word_1_626' title='bbox 1849 2466 2091 2535; x_wconf 86' lang='lat' dir='ltr'><strong>paludem</strong></span> <span class='ocrx_word' id='word_1_627' title='bbox 2131 2481 2302 2534; x_wconf 87' lang='lat' dir='ltr'><strong>usque</strong></span> <span class='ocrx_word' id='word_1_628' title='bbox 2334 2466 2663 2521; x_wconf 83' lang='lat' dir='ltr'><strong>deferuntur.</strong></span> <span class='ocrx_word' id='word_1_629' title='bbox 2695 2466 2769 2524; x_wconf 86' lang='lat' dir='ltr'><strong>lbi</strong></span> <span class='ocrx_word' id='word_1_630' title='bbox 2823 2469 3019 2536; x_wconf 84' lang='lat' dir='ltr'><strong>degunt</strong></span> <span class='ocrx_word' id='word_1_631' title='bbox 3052 2469 3384 2538; x_wconf 79' lang='lat' dir='ltr'><strong>aliquandiu,</strong></span> 
     </span>
    </p>
   </div>
   <div class='ocr_carea' id='block_1_85' title="bbox 1849 2559 3382 2629">
    <p class='ocr_par' dir='ltr' id='par_1_85' title="bbox 1849 2559 3382 2629">
     <span class='ocr_line' id='line_1_86' title="bbox 1849 2559 3382 2629; baseline 0 -16"><span class='ocrx_word' id='word_1_632' title='bbox 1849 2559 2020 2613; x_wconf 88' lang='lat' dir='ltr'><strong>donec</strong></span> <span class='ocrx_word' id='word_1_633' title='bbox 2047 2574 2269 2627; x_wconf 87' lang='lat' dir='ltr'><strong>prorsus</strong></span> <span class='ocrx_word' id='word_1_634' title='bbox 2314 2559 2532 2627; x_wconf 76' lang='lat' dir='ltr'><strong>expiati,</strong></span> <span class='ocrx_word' id='word_1_635' title='bbox 2565 2562 2844 2629; x_wconf 61' lang='lat' dir='ltr'><strong>poenisque</strong></span> <span class='ocrx_word' id='word_1_636' title='bbox 2883 2561 3164 2615; x_wconf 89' lang='lat' dir='ltr'><strong>criminum</strong></span> <span class='ocrx_word' id='word_1_637' title='bbox 3200 2575 3382 2629; x_wconf 81' lang='lat' dir='ltr'><strong>perso-</strong></span> 
     </span>
    </p>
   </div>
   <div class='ocr_carea' id='block_1_86' title="bbox 1849 2646 3380 2719">
    <p class='ocr_par' dir='ltr' id='par_1_86' title="bbox 1849 2646 3380 2719">
     <span class='ocr_line' id='line_1_87' title="bbox 1849 2646 3380 2719; baseline 0.001 -20"><span class='ocrx_word' id='word_1_638' title='bbox 1849 2646 1999 2712; x_wconf 91' lang='lat' dir='ltr'><strong>lutis,</strong></span> <span class='ocrx_word' id='word_1_639' title='bbox 2031 2647 2289 2718; x_wconf 90' lang='lat' dir='ltr'><strong>quidquid</strong></span> <span class='ocrx_word' id='word_1_640' title='bbox 2318 2658 2440 2702; x_wconf 84' lang='lat' dir='ltr'><strong>ante</strong></span> <span class='ocrx_word' id='word_1_641' title='bbox 2469 2651 2820 2717; x_wconf 83' lang='lat' dir='ltr'><strong>peccaverint,</strong></span> <span class='ocrx_word' id='word_1_642' title='bbox 2846 2651 3226 2703; x_wconf 88' lang='lat' dir='ltr'><strong>absolvuntur:</strong></span> <span class='ocrx_word' id='word_1_643' title='bbox 3252 2652 3380 2719; x_wconf 89' lang='lat' dir='ltr'><strong>quin</strong></span> 
     </span>
    </p>
   </div>
   <div class='ocr_carea' id='block_1_87' title="bbox 1850 2737 3384 2811">
    <p class='ocr_par' dir='ltr' id='par_1_87' title="bbox 1850 2737 3384 2811">
     <span class='ocr_line' id='line_1_88' title="bbox 1850 2737 3384 2811; baseline 0.002 -21"><span class='ocrx_word' id='word_1_644' title='bbox 1850 2737 2008 2791; x_wconf 89' lang='lat' dir='ltr'><strong>etiam</strong></span> <span class='ocrx_word' id='word_1_645' title='bbox 2058 2738 2439 2792; x_wconf 84' lang='lat' dir='ltr'><strong>beneﬁciorum</strong></span> <span class='ocrx_word' id='word_1_646' title='bbox 2489 2754 2704 2808; x_wconf 87' lang='lat' dir='ltr'><strong>quoque</strong></span> <span class='ocrx_word' id='word_1_647' title='bbox 2747 2756 2966 2795; x_wconf 85' lang='lat' dir='ltr'><strong>suorum</strong></span> <span class='ocrx_word' id='word_1_648' title='bbox 3014 2743 3247 2809; x_wconf 76' lang='lat' dir='ltr'><strong>praemia,</strong></span> <span class='ocrx_word' id='word_1_649' title='bbox 3287 2755 3384 2811; x_wconf 85' lang='lat' dir='ltr'><strong>pro</strong></span> 
     </span>
    </p>
   </div>
   <div class='ocr_carea' id='block_1_88' title="bbox 1852 2829 3385 2901">
    <p class='ocr_par' dir='ltr' id='par_1_88' title="bbox 1852 2829 3385 2901">
     <span class='ocr_line' id='line_1_89' title="bbox 1852 2829 3385 2901; baseline 0.001 -17"><span class='ocrx_word' id='word_1_650' title='bbox 1852 2844 1947 2884; x_wconf 82' lang='lat' dir='ltr'><strong>sua</strong></span> <span class='ocrx_word' id='word_1_651' title='bbox 1979 2830 2179 2898; x_wconf 88' lang='lat' dir='ltr'><strong>quique</strong></span> <span class='ocrx_word' id='word_1_652' title='bbox 2212 2830 2469 2899; x_wconf 72' lang='lat' dir='ltr'><strong>dignitate</strong></span> <span class='ocrx_word' id='word_1_653' title='bbox 2495 2829 2687 2885; x_wconf 82' lang='lat' dir='ltr'><strong>ferunt.</strong></span> <span class='ocrx_word' id='word_1_654' title='bbox 2720 2834 2786 2884; x_wconf 87' lang='lat' dir='ltr'><strong>At</strong></span> <span class='ocrx_word' id='word_1_655' title='bbox 2816 2834 2929 2901; x_wconf 92' lang='lat' dir='ltr'><strong>qui,</strong></span> <span class='ocrx_word' id='word_1_656' title='bbox 2976 2842 3187 2901; x_wconf 87' lang='lat' dir='ltr'><strong>propter</strong></span> <span class='ocrx_word' id='word_1_657' title='bbox 3220 2834 3385 2887; x_wconf 83' lang='lat' dir='ltr'><strong>scele-</strong></span> 
     </span>
    </p>
   </div>
   <div class='ocr_carea' id='block_1_89' title="bbox 1853 2922 3386 2991">
    <p class='ocr_par' dir='ltr' id='par_1_89' title="bbox 1853 2922 3386 2991">
     <span class='ocr_line' id='line_1_90' title="bbox 1853 2922 3386 2991; baseline 0.001 -15"><span class='ocrx_word' id='word_1_658' title='bbox 1853 2938 1971 2976; x_wconf 90' lang='lat' dir='ltr'><strong>rum</strong></span> <span class='ocrx_word' id='word_1_659' title='bbox 2002 2923 2360 2986; x_wconf 84' lang='lat' dir='ltr'><strong>atrocitatem,</strong></span> <span class='ocrx_word' id='word_1_660' title='bbox 2390 2922 2565 2976; x_wconf 88' lang='lat' dir='ltr'><strong>locum</strong></span> <span class='ocrx_word' id='word_1_661' title='bbox 2595 2925 2829 2977; x_wconf 86' lang='lat' dir='ltr'><strong>remedio</strong></span> <span class='ocrx_word' id='word_1_662' title='bbox 2869 2924 3071 2976; x_wconf 90' lang='lat' dir='ltr'><strong>nullum</strong></span> <span class='ocrx_word' id='word_1_663' title='bbox 3108 2924 3386 2991; x_wconf 72' lang='lat' dir='ltr'><strong>reliquisse</strong></span> 
     </span>
    </p>
   </div>
   <div class='ocr_carea' id='block_1_90' title="bbox 1830 3006 3383 3078">
    <p class='ocr_par' dir='ltr' id='par_1_90' title="bbox 1830 3006 3383 3078">
     <span class='ocr_line' id='line_1_91' title="bbox 1830 3006 3383 3078; baseline 0.004 -23"><span class='ocrx_word' id='word_1_664' title='bbox 1830 3006 2151 3071; x_wconf 32' lang='lat' dir='ltr'><strong>,videantur,</strong></span> <span class='ocrx_word' id='word_1_665' title='bbox 2194 3015 2373 3075; x_wconf 86' lang='lat' dir='ltr'><strong>utpote</strong></span> <span class='ocrx_word' id='word_1_666' title='bbox 2404 3006 2605 3060; x_wconf 87' lang='lat' dir='ltr'><strong>crebris</strong></span> <span class='ocrx_word' id='word_1_667' title='bbox 2632 3016 2683 3059; x_wconf 88' lang='lat' dir='ltr'><strong>et</strong></span> <span class='ocrx_word' id='word_1_668' title='bbox 2715 3006 3036 3061; x_wconf 77' lang='lat' dir='ltr'><strong>immanibus</strong></span> <span class='ocrx_word' id='word_1_669' title='bbox 3072 3008 3383 3078; x_wconf 78' lang='lat' dir='ltr'><strong>sacrilegiis.</strong></span> 
     </span>
    </p>
   </div>
   <div class='ocr_carea' id='block_1_91' title="bbox 1855 3085 3387 3168">
    <p class='ocr_par' dir='ltr' id='par_1_91' title="bbox 1855 3085 3387 3168">
     <span class='ocr_line' id='line_1_92' title="bbox 1855 3085 3387 3168; baseline 0.001 -18"><span class='ocrx_word' id='word_1_670' title='bbox 1855 3106 1946 3150; x_wconf 85' lang='lat' dir='ltr'><strong>aut</strong></span> <span class='ocrx_word' id='word_1_671' title='bbox 1970 3097 2215 3167; x_wconf 88' lang='lat' dir='ltr'><strong>plurimis</strong></span> <span class='ocrx_word' id='word_1_672' title='bbox 2247 3097 2479 3151; x_wconf 75' lang='lat' dir='ltr'><strong>caedibus</strong></span> <span class='ocrx_word' id='word_1_673' title='bbox 2510 3096 2710 3150; x_wconf 81' lang='lat' dir='ltr'><strong>nefarie</strong></span> <span class='ocrx_word' id='word_1_674' title='bbox 2734 3105 2784 3151; x_wconf 89' lang='lat' dir='ltr'><strong>et</strong></span> <span class='ocrx_word' id='word_1_675' title='bbox 2814 3106 2999 3157; x_wconf 81' lang='lat' dir='ltr'><strong>contra</strong></span> <span class='ocrx_word' id='word_1_676' title='bbox 3032 3085 3172 3168; x_wconf 54' lang='lat' dir='ltr'><strong>leges</strong></span> <span class='ocrx_word' id='word_1_677' title='bbox 3203 3114 3387 3152; x_wconf 80' lang='lat' dir='ltr'><strong>omnes</strong></span> 
     </span>
    </p>
   </div>
   <div class='ocr_carea' id='block_1_92' title="bbox 1859 3189 3388 3260">
    <p class='ocr_par' dir='ltr' id='par_1_92' title="bbox 1859 3189 3388 3260">
     <span class='ocr_line' id='line_1_93' title="bbox 1859 3189 3388 3260; baseline 0 -17"><span class='ocrx_word' id='word_1_678' title='bbox 1859 3190 2197 3258; x_wconf 86' lang='lat' dir='ltr'><strong>perpetratis,</strong></span> <span class='ocrx_word' id='word_1_679' title='bbox 2232 3199 2283 3242; x_wconf 87' lang='lat' dir='ltr'><strong>ct</strong></span> <span class='ocrx_word' id='word_1_680' title='bbox 2311 3190 2429 3242; x_wconf 88' lang='lat' dir='ltr'><strong>aliis</strong></span> <span class='ocrx_word' id='word_1_681' title='bbox 2454 3189 2717 3257; x_wconf 83' lang='lat' dir='ltr'><strong>ejusmodi</strong></span> <span class='ocrx_word' id='word_1_682' title='bbox 2752 3190 2974 3258; x_wconf 89' lang='lat' dir='ltr'><strong>piaculis</strong></span> <span class='ocrx_word' id='word_1_683' title='bbox 3006 3190 3217 3260; x_wconf 83' lang='lat' dir='ltr'><strong>obligati</strong></span> <span class='ocrx_word' id='word_1_684' title='bbox 3248 3209 3259 3244; x_wconf 90' lang='lat'>:</span> <span class='ocrx_word' id='word_1_685' title='bbox 3291 3192 3388 3244; x_wconf 79' lang='lat' dir='ltr'><strong>hos</strong></span> 
     </span>
    </p>
   </div>
   <div class='ocr_carea' id='block_1_93' title="bbox 1859 3278 3387 3349">
    <p class='ocr_par' dir='ltr' id='par_1_93' title="bbox 1859 3278 3387 3349">
     <span class='ocr_line' id='line_1_94' title="bbox 1859 3278 3387 3349; baseline 0.001 -18"><span class='ocrx_word' id='word_1_686' title='bbox 1859 3294 1985 3333; x_wconf 89' lang='lat' dir='ltr'><strong>vero</strong></span> <span class='ocrx_word' id='word_1_687' title='bbox 2019 3280 2177 3349; x_wconf 81' lang='lat' dir='ltr'><strong>digna</strong></span> <span class='ocrx_word' id='word_1_688' title='bbox 2210 3280 2367 3349; x_wconf 85' lang='lat' dir='ltr'><strong>plane</strong></span> <span class='ocrx_word' id='word_1_689' title='bbox 2399 3296 2517 3335; x_wconf 84' lang='lat' dir='ltr'><strong>sors</strong></span> <span class='ocrx_word' id='word_1_690' title='bbox 2547 3281 2597 3333; x_wconf 91' lang='lat' dir='ltr'><strong>in</strong></span> <span class='ocrx_word' id='word_1_691' title='bbox 2624 3278 2930 3344; x_wconf 77' lang='lat' dir='ltr'><strong>Tartarum,</strong></span> <span class='ocrx_word' id='word_1_692' title='bbox 2960 3281 3097 3333; x_wconf 83' lang='lat' dir='ltr'><strong>unde</strong></span> <span class='ocrx_word' id='word_1_693' title='bbox 3120 3295 3387 3349; x_wconf 89' lang='lat' dir='ltr'><strong>nunquam</strong></span> 
     </span>
    </p>
   </div>
   <div class='ocr_carea' id='block_1_94' title="bbox 1854 3368 3392 3441">
    <p class='ocr_par' dir='ltr' id='par_1_94' title="bbox 1854 3368 3392 3441">
     <span class='ocr_line' id='line_1_95' title="bbox 1854 3368 3392 3441; baseline -0.001 -16"><span class='ocrx_word' id='word_1_694' title='bbox 1854 3382 2149 3439; x_wconf 77' lang='lat' dir='ltr'><strong>emergant,</strong></span> <span class='ocrx_word' id='word_1_695' title='bbox 2188 3372 2486 3441; x_wconf 70' lang='lat' dir='ltr'><strong>praecipites</strong></span> <span class='ocrx_word' id='word_1_696' title='bbox 2531 3371 2657 3439; x_wconf 80' lang='lat' dir='ltr'><strong>agit.</strong></span> <span class='ocrx_word' id='word_1_697' title='bbox 2705 3368 2821 3422; x_wconf 82' lang='lat' dir='ltr'><strong>Jam</strong></span> <span class='ocrx_word' id='word_1_698' title='bbox 2858 3384 2993 3437; x_wconf 89' lang='lat' dir='ltr'><strong>quos</strong></span> <span class='ocrx_word' id='word_1_699' title='bbox 3038 3385 3097 3423; x_wconf 91' lang='lat' dir='ltr'><strong>ca</strong></span> <span class='ocrx_word' id='word_1_700' title='bbox 3144 3386 3392 3438; x_wconf 88' lang='lat' dir='ltr'><strong>peccasso</strong></span> 
     </span>
    </p>
   </div>
   <div class='ocr_carea' id='block_1_95' title="bbox 1855 3461 3391 3532">
    <p class='ocr_par' dir='ltr' id='par_1_95' title="bbox 1855 3461 3391 3532">
     <span class='ocr_line' id='line_1_96' title="bbox 1855 3461 3391 3532; baseline 0 -17"><span class='ocrx_word' id='word_1_701' title='bbox 1855 3463 2173 3528; x_wconf 85' lang='lat' dir='ltr'><strong>constiterit,</strong></span> <span class='ocrx_word' id='word_1_702' title='bbox 2214 3479 2328 3530; x_wconf 67' lang='lat' dir='ltr'><strong>quae</strong></span> <span class='ocrx_word' id='word_1_703' title='bbox 2374 3472 2432 3515; x_wconf 89' lang='lat' dir='ltr'><strong>ul</strong></span> <span class='ocrx_word' id='word_1_704' title='bbox 2472 3461 2809 3515; x_wconf 86' lang='lat' dir='ltr'><strong>curationem</strong></span> <span class='ocrx_word' id='word_1_705' title='bbox 2857 3461 3161 3525; x_wconf 88' lang='lat' dir='ltr'><strong>admittant,</strong></span> <span class='ocrx_word' id='word_1_706' title='bbox 3212 3464 3391 3532; x_wconf 75' lang='lat' dir='ltr'><strong>gravia</strong></span> 
     </span>
    </p>
   </div>
   <div class='ocr_carea' id='block_1_96' title="bbox 1857 3553 3392 3623">
    <p class='ocr_par' dir='ltr' id='par_1_96' title="bbox 1857 3553 3392 3623">
     <span class='ocr_line' id='line_1_97' title="bbox 1857 3553 3392 3623; baseline 0 -18"><span class='ocrx_word' id='word_1_707' title='bbox 1857 3560 2033 3606; x_wconf 87' lang='lat' dir='ltr'><strong>tamen</strong></span> <span class='ocrx_word' id='word_1_708' title='bbox 2084 3568 2178 3623; x_wconf 90' lang='lat' dir='ltr'><strong>per</strong></span> <span class='ocrx_word' id='word_1_709' title='bbox 2210 3568 2329 3607; x_wconf 90' lang='lat' dir='ltr'><strong>sese</strong></span> <span class='ocrx_word' id='word_1_710' title='bbox 2376 3554 2526 3617; x_wconf 86' lang='lat' dir='ltr'><strong>sint;</strong></span> <span class='ocrx_word' id='word_1_711' title='bbox 2577 3562 2638 3606; x_wconf 94' lang='lat' dir='ltr'><strong>ut</strong></span> <span class='ocrx_word' id='word_1_712' title='bbox 2683 3554 2726 3605; x_wconf 93' lang='lat' dir='ltr'><strong>si</strong></span> <span class='ocrx_word' id='word_1_713' title='bbox 2767 3553 3023 3607; x_wconf 80' lang='lat' dir='ltr'><strong>adversus</strong></span> <span class='ocrx_word' id='word_1_714' title='bbox 3069 3564 3270 3623; x_wconf 76' lang='lat' dir='ltr'><strong>patrem</strong></span> <span class='ocrx_word' id='word_1_715' title='bbox 3302 3566 3392 3605; x_wconf 84' lang='lat' dir='ltr'><strong>aut</strong></span> 
     </span>
    </p>
   </div>
   <div class='ocr_carea' id='block_1_97' title="bbox 1858 3642 3393 3715">
    <p class='ocr_par' dir='ltr' id='par_1_97' title="bbox 1858 3642 3393 3715">
     <span class='ocr_line' id='line_1_98' title="bbox 1858 3642 3393 3715; baseline -0.001 -17"><span class='ocrx_word' id='word_1_716' title='bbox 1858 3656 2080 3700; x_wconf 86' lang='lat' dir='ltr'><strong>matrem</strong></span> <span class='ocrx_word' id='word_1_717' title='bbox 2126 3645 2402 3715; x_wconf 80' lang='lat' dir='ltr'><strong>indignum</strong></span> <span class='ocrx_word' id='word_1_718' title='bbox 2436 3644 2708 3715; x_wconf 85' lang='lat' dir='ltr'><strong>quidpiam</strong></span> <span class='ocrx_word' id='word_1_719' title='bbox 2770 3645 3041 3699; x_wconf 86' lang='lat' dir='ltr'><strong>iracundia</strong></span> <span class='ocrx_word' id='word_1_720' title='bbox 3088 3642 3393 3697; x_wconf 81' lang='lat' dir='ltr'><strong>stimulante</strong></span> 
     </span>
    </p>
   </div>
   <div class='ocr_carea' id='block_1_98' title="bbox 1858 3731 3393 3806">
    <p class='ocr_par' dir='ltr' id='par_1_98' title="bbox 1858 3731 3393 3806">
     <span class='ocr_line' id='line_1_99' title="bbox 1858 3731 3393 3806; baseline -0.004 -17"><span class='ocrx_word' id='word_1_721' title='bbox 1858 3735 2246 3802; x_wconf 89' lang='lat' dir='ltr'><strong>commiserint,</strong></span> <span class='ocrx_word' id='word_1_722' title='bbox 2270 3749 2467 3806; x_wconf 83' lang='lat' dir='ltr'><strong>eosque</strong></span> <span class='ocrx_word' id='word_1_723' title='bbox 2502 3736 2702 3804; x_wconf 85' lang='lat' dir='ltr'><strong>reliqua</strong></span> <span class='ocrx_word' id='word_1_724' title='bbox 2735 3736 2981 3802; x_wconf 78' lang='lat' dir='ltr'><strong>deinceps</strong></span> <span class='ocrx_word' id='word_1_725' title='bbox 3006 3734 3110 3786; x_wconf 87' lang='lat' dir='ltr'><strong>vita</strong></span> <span class='ocrx_word' id='word_1_726' title='bbox 3140 3731 3393 3799; x_wconf 75' lang='lat' dir='ltr'><strong>paenitue-</strong></span> 
     </span>
    </p>
   </div>
   <div class='ocr_carea' id='block_1_99' title="bbox 1862 3816 3394 3894">
    <p class='ocr_par' dir='ltr' id='par_1_99' title="bbox 1862 3816 3394 3894">
     <span class='ocr_line' id='line_1_100' title="bbox 1862 3816 3394 3894; baseline 0.004 -25"><span class='ocrx_word' id='word_1_727' title='bbox 1862 3816 1971 3883; x_wconf 85' lang='lat' dir='ltr'><strong>rit;</strong></span> <span class='ocrx_word' id='word_1_728' title='bbox 2010 3828 2101 3875; x_wconf 84' lang='lat' dir='ltr'><strong>aut</strong></span> <span class='ocrx_word' id='word_1_729' title='bbox 2139 3824 2183 3878; x_wconf 90' lang='lat' dir='ltr'><strong>si</strong></span> <span class='ocrx_word' id='word_1_730' title='bbox 2224 3826 2326 3883; x_wconf 77' lang='lat' dir='ltr'><strong>alis</strong></span> <span class='ocrx_word' id='word_1_731' title='bbox 2378 3838 2700 3894; x_wconf 88' lang='lat' dir='ltr'><strong>quocunque</strong></span> <span class='ocrx_word' id='word_1_732' title='bbox 2738 3824 2898 3876; x_wconf 88' lang='lat' dir='ltr'><strong>modo</strong></span> <span class='ocrx_word' id='word_1_733' title='bbox 2943 3821 3102 3874; x_wconf 69' lang='lat' dir='ltr'><strong>caedis</strong></span> <span class='ocrx_word' id='word_1_734' title='bbox 3149 3822 3394 3875; x_wconf 70' lang='lat' dir='ltr'><strong>humanm</strong></span> 
     </span>
    </p>
   </div>
   <div class='ocr_carea' id='block_1_100' title="bbox 1860 3912 3395 3982">
    <p class='ocr_par' dir='ltr' id='par_1_100' title="bbox 1860 3912 3395 3982">
     <span class='ocr_line' id='line_1_101' title="bbox 1860 3912 3395 3982; baseline -0.003 -13"><span class='ocrx_word' id='word_1_735' title='bbox 1860 3916 1936 3969; x_wconf 87' lang='lat' dir='ltr'><strong>rei</strong></span> <span class='ocrx_word' id='word_1_736' title='bbox 1964 3914 2197 3973; x_wconf 81' lang='lat' dir='ltr'><strong>fuerint:</strong></span> <span class='ocrx_word' id='word_1_737' title='bbox 2226 3930 2317 3969; x_wconf 87' lang='lat' dir='ltr'><strong>eos</strong></span> <span class='ocrx_word' id='word_1_738' title='bbox 2341 3914 2553 3982; x_wconf 89' lang='lat' dir='ltr'><strong>quidem</strong></span> <span class='ocrx_word' id='word_1_739' title='bbox 2579 3915 2629 3966; x_wconf 90' lang='lat' dir='ltr'><strong>in</strong></span> <span class='ocrx_word' id='word_1_740' title='bbox 2657 3913 2939 3966; x_wconf 86' lang='lat' dir='ltr'><strong>Tartarum</strong></span> <span class='ocrx_word' id='word_1_741' title='bbox 2959 3912 3150 3967; x_wconf 81' lang='lat' dir='ltr'><strong>cadere</strong></span> <span class='ocrx_word' id='word_1_742' title='bbox 3179 3927 3395 3967; x_wconf 79' lang='lat' dir='ltr'><strong>necesse</strong></span> 
     </span>
    </p>
   </div>
   <div class='ocr_carea' id='block_1_101' title="bbox 1859 4007 3393 4073">
    <p class='ocr_par' dir='ltr' id='par_1_101' title="bbox 1859 4007 3393 4073">
     <span class='ocr_line' id='line_1_102' title="bbox 1859 4007 3393 4073; baseline -0.001 -12"><span class='ocrx_word' id='word_1_743' title='bbox 1859 4020 1962 4070; x_wconf 77' lang='grc' dir='ltr'>εει,</span> <span class='ocrx_word' id='word_1_744' title='bbox 1994 4009 2085 4061; x_wconf 89' lang='lat' dir='ltr'><strong>sed</strong></span> <span class='ocrx_word' id='word_1_745' title='bbox 2119 4017 2294 4060; x_wconf 92' lang='lat' dir='ltr'><strong>tamen</strong></span> <span class='ocrx_word' id='word_1_746' title='bbox 2322 4018 2509 4061; x_wconf 76' lang='lat' dir='ltr'><strong>exacto</strong></span> <span class='ocrx_word' id='word_1_747' title='bbox 2534 4007 2659 4060; x_wconf 86' lang='lat' dir='ltr'><strong>anni</strong></span> <span class='ocrx_word' id='word_1_748' title='bbox 2688 4008 2845 4062; x_wconf 89' lang='lat' dir='ltr'><strong>unius</strong></span> <span class='ocrx_word' id='word_1_749' title='bbox 2874 4007 3162 4073; x_wconf 87' lang='lat' dir='ltr'><strong>curriculo,</strong></span> <span class='ocrx_word' id='word_1_750' title='bbox 3182 4008 3393 4062; x_wconf 81' lang='lat' dir='ltr'><strong>eosdem</strong></span> 
     </span>
    </p>
   </div>
   <div class='ocr_carea' id='block_1_102' title="bbox 1860 4086 3397 4168">
    <p class='ocr_par' dir='ltr' id='par_1_102' title="bbox 1860 4086 3397 4168">
     <span class='ocr_line' id='line_1_103' title="bbox 1860 4086 3397 4168; baseline 0.001 -16"><span class='ocrx_word' id='word_1_751' title='bbox 1860 4098 2055 4153; x_wconf 81' lang='lat' dir='ltr'><strong>ﬂuctus</strong></span> <span class='ocrx_word' id='word_1_752' title='bbox 2082 4099 2247 4168; x_wconf 90' lang='lat' dir='ltr'><strong>ejicit,</strong></span> <span class='ocrx_word' id='word_1_753' title='bbox 2282 4108 2335 4152; x_wconf 84' lang='lat' dir='ltr'><strong>et</strong></span> <span class='ocrx_word' id='word_1_754' title='bbox 2380 4100 2673 4154; x_wconf 84' lang='lat' dir='ltr'><strong>homicidas</strong></span> <span class='ocrx_word' id='word_1_755' title='bbox 2702 4086 2916 4167; x_wconf 84' lang='lat' dir='ltr'><strong>quidem</strong></span> <span class='ocrx_word' id='word_1_756' title='bbox 2948 4110 3168 4154; x_wconf 65' lang='lat' dir='ltr'><strong>ceteros</strong></span> <span class='ocrx_word' id='word_1_757' title='bbox 3200 4100 3251 4153; x_wconf 93' lang='lat' dir='ltr'><strong>in</strong></span> <span class='ocrx_word' id='word_1_758' title='bbox 3296 4098 3397 4153; x_wconf 88' lang='lat' dir='ltr'><strong>Co-</strong></span> 
     </span>
    </p>
   </div>
   <div class='ocr_carea' id='block_1_103' title="bbox 1860 4190 3396 4262">
    <p class='ocr_par' dir='ltr' id='par_1_103' title="bbox 1860 4190 3396 4262">
     <span class='ocr_line' id='line_1_104' title="bbox 1860 4190 3396 4262; baseline -0.003 -16"><span class='ocrx_word' id='word_1_759' title='bbox 1860 4201 2061 4262; x_wconf 83' lang='lat' dir='ltr'><strong>cytum,</strong></span> <span class='ocrx_word' id='word_1_760' title='bbox 2112 4192 2407 4260; x_wconf 85' lang='lat' dir='ltr'><strong>parricidas</strong></span> <span class='ocrx_word' id='word_1_761' title='bbox 2439 4202 2614 4246; x_wconf 88' lang='lat' dir='ltr'><strong>autem</strong></span> <span class='ocrx_word' id='word_1_762' title='bbox 2652 4192 2734 4245; x_wconf 66' lang='lat' dir='ltr'><strong>vel</strong></span> <span class='ocrx_word' id='word_1_763' title='bbox 2779 4192 3087 4247; x_wconf 72' lang='lat' dir='ltr'><strong>matricidas</strong></span> <span class='ocrx_word' id='word_1_764' title='bbox 3137 4192 3189 4245; x_wconf 91' lang='lat' dir='ltr'><strong>in</strong></span> <span class='ocrx_word' id='word_1_765' title='bbox 3241 4190 3396 4261; x_wconf 76' lang='lat' dir='ltr'><strong>Pyri—</strong></span> 
     </span>
    </p>
   </div>
   <div class='ocr_carea' id='block_1_104' title="bbox 1862 4281 3399 4351">
    <p class='ocr_par' dir='ltr' id='par_1_104' title="bbox 1862 4281 3399 4351">
     <span class='ocr_line' id='line_1_105' title="bbox 1862 4281 3399 4351; baseline -0.001 -17"><span class='ocrx_word' id='word_1_766' title='bbox 1862 4281 2319 4351; x_wconf 78' lang='lat' dir='ltr'><strong>phlegethoutem.</strong></span> <span class='ocrx_word' id='word_1_767' title='bbox 2358 4281 2421 4336; x_wconf 89' lang='lat' dir='ltr'><strong>lli</strong></span> <span class='ocrx_word' id='word_1_768' title='bbox 2453 4292 2733 4351; x_wconf 85' lang='lat' dir='ltr'><strong>postquam</strong></span> <span class='ocrx_word' id='word_1_769' title='bbox 2772 4283 2835 4336; x_wconf 85' lang='lat' dir='ltr'><strong>ad</strong></span> <span class='ocrx_word' id='word_1_770' title='bbox 2867 4282 3214 4336; x_wconf 79' lang='lat' dir='ltr'><strong>Acherusiam</strong></span> <span class='ocrx_word' id='word_1_771' title='bbox 3248 4281 3399 4351; x_wconf 79' lang='lat' dir='ltr'><strong>palu—</strong></span> 
     </span>
    </p>
   </div>
   <div class='ocr_carea' id='block_1_105' title="bbox 1863 4373 3397 4443">
    <p class='ocr_par' dir='ltr' id='par_1_105' title="bbox 1863 4373 3397 4443">
     <span class='ocr_line' id='line_1_106' title="bbox 1863 4373 3397 4443; baseline -0.002 -16"><span class='ocrx_word' id='word_1_772' title='bbox 1863 4376 1983 4427; x_wconf 88' lang='lat' dir='ltr'><strong>dem</strong></span> <span class='ocrx_word' id='word_1_773' title='bbox 2009 4374 2167 4428; x_wconf 89' lang='lat' dir='ltr'><strong>delali</strong></span> <span class='ocrx_word' id='word_1_774' title='bbox 2205 4373 2421 4439; x_wconf 89' lang='lat' dir='ltr'><strong>fuerint,</strong></span> <span class='ocrx_word' id='word_1_775' title='bbox 2460 4384 2569 4428; x_wconf 91' lang='lat' dir='ltr'><strong>tum</strong></span> <span class='ocrx_word' id='word_1_776' title='bbox 2606 4375 2802 4442; x_wconf 75' lang='lat' dir='ltr'><strong>ingenti</strong></span> <span class='ocrx_word' id='word_1_777' title='bbox 2844 4374 3080 4427; x_wconf 86' lang='lat' dir='ltr'><strong>clamore</strong></span> <span class='ocrx_word' id='word_1_778' title='bbox 3114 4374 3397 4443; x_wconf 88' lang='lat' dir='ltr'><strong>appellant.</strong></span> 
     </span>
    </p>
   </div>
   <div class='ocr_carea' id='block_1_106' title="bbox 1866 4462 3397 4534">
    <p class='ocr_par' dir='ltr' id='par_1_106' title="bbox 1866 4462 3397 4534">
     <span class='ocr_line' id='line_1_107' title="bbox 1866 4462 3397 4534; baseline -0.005 -13"><span class='ocrx_word' id='word_1_779' title='bbox 1866 4466 1977 4521; x_wconf 89' lang='lat' dir='ltr'><strong>sive</strong></span> <span class='ocrx_word' id='word_1_780' title='bbox 2001 4481 2141 4533; x_wconf 87' lang='lat' dir='ltr'><strong>quos</strong></span> <span class='ocrx_word' id='word_1_781' title='bbox 2172 4464 2560 4529; x_wconf 89' lang='lat' dir='ltr'><strong>interfecerint,</strong></span> <span class='ocrx_word' id='word_1_782' title='bbox 2588 4464 2700 4517; x_wconf 85' lang='lat' dir='ltr'><strong>sive</strong></span> <span class='ocrx_word' id='word_1_783' title='bbox 2726 4464 2922 4532; x_wconf 83' lang='lat' dir='ltr'><strong>quibus</strong></span> <span class='ocrx_word' id='word_1_784' title='bbox 2967 4464 3217 4534; x_wconf 78' lang='lat' dir='ltr'><strong>injuriam</strong></span> <span class='ocrx_word' id='word_1_785' title='bbox 3262 4462 3397 4515; x_wconf 85' lang='lat' dir='ltr'><strong>fece-</strong></span> 
     </span>
    </p>
   </div>
   <div class='ocr_carea' id='block_1_107' title="bbox 1794 4551 3397 4639">
    <p class='ocr_par' dir='ltr' id='par_1_107' title="bbox 1794 4551 3397 4639">
     <span class='ocr_line' id='line_1_108' title="bbox 1794 4551 3397 4639; baseline -0.001 -34"><span class='ocrx_word' id='word_1_786' title='bbox 1794 4585 1837 4639; x_wconf 80' lang='lat' dir='ltr'><strong>D</strong></span> <span class='ocrx_word' id='word_1_787' title='bbox 1865 4552 1995 4615; x_wconf 86' lang='lat' dir='ltr'><strong>rint,</strong></span> <span class='ocrx_word' id='word_1_788' title='bbox 2030 4554 2315 4607; x_wconf 86' lang='lat' dir='ltr'><strong>obsecrant</strong></span> <span class='ocrx_word' id='word_1_789' title='bbox 2344 4551 2535 4605; x_wconf 89' lang='lat' dir='ltr'><strong>deinde</strong></span> <span class='ocrx_word' id='word_1_790' title='bbox 2567 4560 2727 4620; x_wconf 85' lang='lat' dir='ltr'><strong>atque</strong></span> <span class='ocrx_word' id='word_1_791' title='bbox 2764 4553 3114 4617; x_wconf 87' lang='lat' dir='ltr'><strong>obtestantur,</strong></span> <span class='ocrx_word' id='word_1_792' title='bbox 3150 4554 3224 4605; x_wconf 91' lang='lat' dir='ltr'><strong>uti</strong></span> <span class='ocrx_word' id='word_1_793' title='bbox 3258 4567 3314 4604; x_wconf 87' lang='lat' dir='ltr'><strong>se</strong></span> <span class='ocrx_word' id='word_1_794' title='bbox 3348 4552 3397 4604; x_wconf 90' lang='lat' dir='ltr'><strong>in</strong></span> 
     </span>
    </p>
   </div>
   <div class='ocr_carea' id='block_1_108' title="bbox 1869 4641 3396 4714">
    <p class='ocr_par' dir='ltr' id='par_1_108' title="bbox 1869 4641 3396 4714">
     <span class='ocr_line' id='line_1_109' title="bbox 1869 4641 3396 4714; baseline -0.003 -16"><span class='ocrx_word' id='word_1_795' title='bbox 1869 4659 1987 4698; x_wconf 86' lang='lat' dir='ltr'><strong>eam</strong></span> <span class='ocrx_word' id='word_1_796' title='bbox 2014 4644 2257 4712; x_wconf 87' lang='lat' dir='ltr'><strong>paludem</strong></span> <span class='ocrx_word' id='word_1_797' title='bbox 2288 4643 2488 4709; x_wconf 88' lang='lat' dir='ltr'><strong>subire,</strong></span> <span class='ocrx_word' id='word_1_798' title='bbox 2519 4644 2697 4711; x_wconf 90' lang='lat' dir='ltr'><strong>ibique</strong></span> <span class='ocrx_word' id='word_1_799' title='bbox 2728 4645 2889 4714; x_wconf 87' lang='lat' dir='ltr'><strong>recipi</strong></span> <span class='ocrx_word' id='word_1_800' title='bbox 2930 4645 3219 4714; x_wconf 86' lang='lat' dir='ltr'><strong>patiantur.</strong></span> <span class='ocrx_word' id='word_1_801' title='bbox 3249 4641 3396 4708; x_wconf 80' lang='lat' dir='ltr'><strong>Quod</strong></span> 
     </span>
    </p>
   </div>
   <div class='ocr_carea' id='block_1_109' title="bbox 1866 4726 3399 4803">
    <p class='ocr_par' dir='ltr' id='par_1_109' title="bbox 1866 4726 3399 4803">
     <span class='ocr_line' id='line_1_110' title="bbox 1866 4726 3399 4803; baseline 0 -18"><span class='ocrx_word' id='word_1_802' title='bbox 1866 4735 2080 4803; x_wconf 91' lang='lat' dir='ltr'><strong>quidem</strong></span> <span class='ocrx_word' id='word_1_803' title='bbox 2113 4728 2397 4802; x_wconf 84' lang='lat' dir='ltr'><strong>impetrare</strong></span> <span class='ocrx_word' id='word_1_804' title='bbox 2427 4735 2470 4788; x_wconf 91' lang='lat' dir='ltr'><strong>si</strong></span> <span class='ocrx_word' id='word_1_805' title='bbox 2498 4726 2736 4802; x_wconf 85' lang='lat' dir='ltr'><strong>possint,</strong></span> <span class='ocrx_word' id='word_1_806' title='bbox 2772 4744 2881 4788; x_wconf 90' lang='lat' dir='ltr'><strong>tum</strong></span> <span class='ocrx_word' id='word_1_807' title='bbox 2914 4750 2976 4787; x_wconf 90' lang='lat' dir='ltr'><strong>eo</strong></span> <span class='ocrx_word' id='word_1_808' title='bbox 3010 4735 3258 4794; x_wconf 76' lang='lat' dir='ltr'><strong>subeunt,</strong></span> <span class='ocrx_word' id='word_1_809' title='bbox 3293 4750 3399 4785; x_wconf 78' lang='lat' dir='ltr'><strong>Illa-</strong></span> 
     </span>
    </p>
   </div>
   <div class='ocr_carea' id='block_1_110' title="bbox 1865 4822 3401 4894">
    <p class='ocr_par' dir='ltr' id='par_1_110' title="bbox 1865 4822 3401 4894">
     <span class='ocr_line' id='line_1_111' title="bbox 1865 4822 3401 4894; baseline -0.001 -16"><span class='ocrx_word' id='word_1_810' title='bbox 1865 4825 2147 4894; x_wconf 88' lang='lat' dir='ltr'><strong>lorumque</strong></span> <span class='ocrx_word' id='word_1_811' title='bbox 2182 4841 2401 4880; x_wconf 90' lang='lat' dir='ltr'><strong>suorum</strong></span> <span class='ocrx_word' id='word_1_812' title='bbox 2450 4825 2605 4880; x_wconf 85' lang='lat' dir='ltr'><strong>finem</strong></span> <span class='ocrx_word' id='word_1_813' title='bbox 2651 4828 2933 4894; x_wconf 81' lang='lat' dir='ltr'><strong>accipiunt.</strong></span> <span class='ocrx_word' id='word_1_814' title='bbox 2967 4822 3060 4876; x_wconf 87' lang='lat' dir='ltr'><strong>Sin</strong></span> <span class='ocrx_word' id='word_1_815' title='bbox 3111 4824 3309 4886; x_wconf 86' lang='lat' dir='ltr'><strong>minus,</strong></span> <span class='ocrx_word' id='word_1_816' title='bbox 3348 4825 3401 4877; x_wconf 86' lang='lat' dir='ltr'><strong>in</strong></span> 
     </span>
    </p>
   </div>
   <div class='ocr_carea' id='block_1_111' title="bbox 1865 4910 3398 4985">
    <p class='ocr_par' dir='ltr' id='par_1_111' title="bbox 1865 4910 3398 4985">
     <span class='ocr_line' id='line_1_112' title="bbox 1865 4910 3398 4985; baseline 0 -19"><span class='ocrx_word' id='word_1_817' title='bbox 1865 4910 2145 4969; x_wconf 86' lang='lat' dir='ltr'><strong>Tartarum</strong></span> <span class='ocrx_word' id='word_1_818' title='bbox 2195 4916 2425 4985; x_wconf 87' lang='lat' dir='ltr'><strong>indeque</strong></span> <span class='ocrx_word' id='word_1_819' title='bbox 2472 4931 2665 4971; x_wconf 77' lang='lat' dir='ltr'><strong>rursus</strong></span> <span class='ocrx_word' id='word_1_820' title='bbox 2713 4916 2764 4966; x_wconf 92' lang='lat' dir='ltr'><strong>in</strong></span> <span class='ocrx_word' id='word_1_821' title='bbox 2812 4913 3027 4983; x_wconf 64' lang='lat' dir='ltr'><strong>numina</strong></span> <span class='ocrx_word' id='word_1_822' title='bbox 3077 4913 3398 4966; x_wconf 80' lang='lat' dir='ltr'><strong>referuntur.</strong></span> 
     </span>
    </p>
   </div>
   <div class='ocr_carea' id='block_1_112' title="bbox 1864 4999 3401 5074">
    <p class='ocr_par' dir='ltr' id='par_1_112' title="bbox 1864 4999 3401 5074">
     <span class='ocr_line' id='line_1_113' title="bbox 1864 4999 3401 5074; baseline -0.003 -19"><span class='ocrx_word' id='word_1_823' title='bbox 1864 5003 1984 5069; x_wconf 86' lang='lat' dir='ltr'><strong>Quo</strong></span> <span class='ocrx_word' id='word_1_824' title='bbox 2035 5003 2282 5071; x_wconf 89' lang='lat' dir='ltr'><strong>supplicii</strong></span> <span class='ocrx_word' id='word_1_825' title='bbox 2328 5019 2519 5074; x_wconf 79' lang='lat' dir='ltr'><strong>genere</strong></span> <span class='ocrx_word' id='word_1_826' title='bbox 2570 5017 2675 5056; x_wconf 88' lang='lat' dir='ltr'><strong>non</strong></span> <span class='ocrx_word' id='word_1_827' title='bbox 2714 5008 2833 5053; x_wconf 89' lang='lat' dir='ltr'><strong>ante</strong></span> <span class='ocrx_word' id='word_1_828' title='bbox 2881 4999 3197 5065; x_wconf 73' lang='lat' dir='ltr'><strong>liberantur,</strong></span> <span class='ocrx_word' id='word_1_829' title='bbox 3243 5015 3401 5068; x_wconf 88' lang='lat' dir='ltr'><strong>quam</strong></span> 
     </span>
    </p>
   </div>
   <div class='ocr_carea' id='block_1_113' title="bbox 1865 5090 3403 5166">
    <p class='ocr_par' dir='ltr' id='par_1_113' title="bbox 1865 5090 3403 5166">
     <span class='ocr_line' id='line_1_114' title="bbox 1865 5090 3403 5166; baseline -0.007 -15"><span class='ocrx_word' id='word_1_830' title='bbox 1865 5112 1957 5151; x_wconf 86' lang='lat' dir='ltr'><strong>eos</strong></span> <span class='ocrx_word' id='word_1_831' title='bbox 1988 5096 2188 5166; x_wconf 90' lang='lat' dir='ltr'><strong>quibus</strong></span> <span class='ocrx_word' id='word_1_832' title='bbox 2220 5096 2465 5165; x_wconf 83' lang='lat' dir='ltr'><strong>injuriosi</strong></span> <span class='ocrx_word' id='word_1_833' title='bbox 2516 5092 2734 5155; x_wconf 72' lang='lat' dir='ltr'><strong>fuerint,</strong></span> <span class='ocrx_word' id='word_1_834' title='bbox 2778 5093 3086 5145; x_wconf 79' lang='lat' dir='ltr'><strong>exorarint:</strong></span> <span class='ocrx_word' id='word_1_835' title='bbox 3116 5093 3227 5145; x_wconf 68' lang='lat' dir='ltr'><strong>hazc</strong></span> <span class='ocrx_word' id='word_1_836' title='bbox 3262 5090 3403 5141; x_wconf 85' lang='lat' dir='ltr'><strong>enim</strong></span> 
     </span>
    </p>
   </div>
   <div class='ocr_carea' id='block_1_114' title="bbox 1867 5177 3407 5255">
    <p class='ocr_par' dir='ltr' id='par_1_114' title="bbox 1867 5177 3407 5255">
     <span class='ocr_line' id='line_1_115' title="bbox 1867 5177 3407 5255; baseline -0.005 -15"><span class='ocrx_word' id='word_1_837' title='bbox 1867 5187 1972 5241; x_wconf 92' lang='lat' dir='ltr'><strong>illis</strong></span> <span class='ocrx_word' id='word_1_838' title='bbox 1998 5203 2027 5241; x_wconf 90' lang='lat' dir='ltr'><strong>a</strong></span> <span class='ocrx_word' id='word_1_839' title='bbox 2066 5186 2339 5255; x_wconf 87' lang='lat' dir='ltr'><strong>judicibus</strong></span> <span class='ocrx_word' id='word_1_840' title='bbox 2361 5184 2647 5240; x_wconf 87' lang='lat' dir='ltr'><strong>constituta</strong></span> <span class='ocrx_word' id='word_1_841' title='bbox 2675 5196 2833 5251; x_wconf 76' lang='lat' dir='ltr'><strong>poma</strong></span> <span class='ocrx_word' id='word_1_842' title='bbox 2860 5192 2958 5237; x_wconf 90' lang='lat' dir='ltr'><strong>est.</strong></span> <span class='ocrx_word' id='word_1_843' title='bbox 2991 5180 3285 5239; x_wconf 87' lang='lat' dir='ltr'><strong>Postremo,</strong></span> <span class='ocrx_word' id='word_1_844' title='bbox 3314 5177 3407 5247; x_wconf 89' lang='lat' dir='ltr'><strong>qui</strong></span> 
     </span>
    </p>
   </div>
   <div class='ocr_carea' id='block_1_115' title="bbox 1866 5272 3407 5347">
    <p class='ocr_par' dir='ltr' id='par_1_115' title="bbox 1866 5272 3407 5347">
     <span class='ocr_line' id='line_1_116' title="bbox 1866 5272 3407 5347; baseline -0.006 -14"><span class='ocrx_word' id='word_1_845' title='bbox 1866 5274 2153 5333; x_wconf 78' lang='lat' dir='ltr'><strong>excellenti</strong></span> <span class='ocrx_word' id='word_1_846' title='bbox 2174 5278 2401 5347; x_wconf 74' lang='lat' dir='ltr'><strong>quadam</strong></span> <span class='ocrx_word' id='word_1_847' title='bbox 2432 5285 2485 5329; x_wconf 90' lang='lat' dir='ltr'><strong>et</strong></span> <span class='ocrx_word' id='word_1_848' title='bbox 2513 5273 2708 5329; x_wconf 83' lang='lat' dir='ltr'><strong>eximia</strong></span> <span class='ocrx_word' id='word_1_849' title='bbox 2738 5274 2858 5330; x_wconf 65' lang='lat' dir='ltr'><strong>vita:</strong></span> <span class='ocrx_word' id='word_1_850' title='bbox 2892 5272 3239 5330; x_wconf 81' lang='lat' dir='ltr'><strong>sanctimonia</strong></span> <span class='ocrx_word' id='word_1_851' title='bbox 3272 5286 3407 5339; x_wconf 57' lang='lat' dir='ltr'><strong>prte-</strong></span> 
     </span>
    </p>
   </div>
   <div class='ocr_carea' id='block_1_116' title="bbox 1868 5365 3409 5439">
    <p class='ocr_par' dir='ltr' id='par_1_116' title="bbox 1868 5365 3409 5439">
     <span class='ocr_line' id='line_1_117' title="bbox 1868 5365 3409 5439; baseline -0.006 -13"><span class='ocrx_word' id='word_1_852' title='bbox 1868 5371 2066 5426; x_wconf 85' lang='lat' dir='ltr'><strong>stitisse</strong></span> <span class='ocrx_word' id='word_1_853' title='bbox 2078 5368 2646 5439; x_wconf 27' lang='lat' dir='ltr'><strong>videantur,ii&#39;demum</strong></span> <span class='ocrx_word' id='word_1_854' title='bbox 2661 5383 2721 5422; x_wconf 78' lang='lat' dir='ltr'><strong>ex</strong></span> <span class='ocrx_word' id='word_1_855' title='bbox 2743 5369 2965 5422; x_wconf 85' lang='lat' dir='ltr'><strong>terrenis</strong></span> <span class='ocrx_word' id='word_1_856' title='bbox 2982 5367 3125 5420; x_wconf 87' lang='lat' dir='ltr'><strong>hisce</strong></span> <span class='ocrx_word' id='word_1_857' title='bbox 3138 5365 3409 5432; x_wconf 82' lang='lat' dir='ltr'><strong>locis,qui-</strong></span> 
     </span>
    </p>
   </div>
   <div class='ocr_carea' id='block_1_117' title="bbox 1869 5454 3385 5534">
    <p class='ocr_par' dir='ltr' id='par_1_117' title="bbox 1869 5454 3385 5534">
     <span class='ocr_line' id='line_1_118' title="bbox 1869 5454 3385 5534; baseline -0.005 -15"><span class='ocrx_word' id='word_1_858' title='bbox 1869 5465 2092 5519; x_wconf 82' lang='lat' dir='ltr'><strong>busdam</strong></span> <span class='ocrx_word' id='word_1_859' title='bbox 2109 5460 2274 5534; x_wconf 65' lang='lat'><strong>539</strong></span> <span class='ocrx_word' id='word_1_860' title='bbox 2300 5459 2455 5529; x_wconf 90' lang='lat' dir='ltr'><strong>quasi</strong></span> <span class='ocrx_word' id='word_1_861' title='bbox 2472 5460 2778 5515; x_wconf 81' lang='lat' dir='ltr'><strong>carceribus</strong></span> <span class='ocrx_word' id='word_1_862' title='bbox 2794 5458 2965 5514; x_wconf 89' lang='lat' dir='ltr'><strong>educti</strong></span> <span class='ocrx_word' id='word_1_863' title='bbox 2983 5464 3141 5525; x_wconf 86' lang='lat' dir='ltr'><strong>atque</strong></span> <span class='ocrx_word' id='word_1_864' title='bbox 3176 5454 3385 5511; x_wconf 84' lang='lat' dir='ltr'><strong>liberali</strong></span> 
     </span>
    </p>
   </div>
   <div class='ocr_carea' id='block_1_118' title="bbox 1872 5634 3409 5709">
    <p class='ocr_par' dir='ltr' id='par_1_118' title="bbox 1872 5634 3409 5709">
     <span class='ocr_line' id='line_1_119' title="bbox 1872 5634 3409 5709; baseline 0.002 -18"><span class='ocrx_word' id='word_1_865' title='bbox 1872 5648 1926 5692; x_wconf 92' lang='lat' dir='ltr'><strong>ut</strong></span> <span class='ocrx_word' id='word_1_866' title='bbox 1955 5645 2161 5709; x_wconf 74' lang='lat' dir='ltr'><strong>constat</strong></span> <span class='ocrx_word' id='word_1_867' title='bbox 2182 5650 2247 5689; x_wconf 76' lang='lat' dir='ltr'><strong>ex</strong></span> <span class='ocrx_word' id='word_1_868' title='bbox 2280 5637 2451 5703; x_wconf 89' lang='lat' dir='ltr'><strong>primo</strong></span> <span class='ocrx_word' id='word_1_869' title='bbox 2477 5656 2631 5695; x_wconf 81' lang='lat' dir='ltr'><strong>versu</strong></span> <span class='ocrx_word' id='word_1_870' title='bbox 2666 5639 2850 5692; x_wconf 74' lang='lat' dir='ltr'><strong>littera:</strong></span> <span class='ocrx_word' id='word_1_871' title='bbox 2874 5634 2936 5698; x_wconf 84' lang='lat' dir='ltr'><strong>D,</strong></span> <span class='ocrx_word' id='word_1_872' title='bbox 2983 5634 3118 5709; x_wconf 82' lang='lat' dir='ltr'><strong>infra</strong></span> <span class='ocrx_word' id='word_1_873' title='bbox 3162 5636 3261 5691; x_wconf 89' lang='lat' dir='ltr'><strong>hac</strong></span> <span class='ocrx_word' id='word_1_874' title='bbox 3286 5654 3409 5709; x_wconf 65' lang='lat' dir='ltr'><strong>pag.</strong></span> 
     </span>
    </p>
   </div>
   <div class='ocr_carea' id='block_1_119' title="bbox 1872 5705 3409 5779">
    <p class='ocr_par' dir='ltr' id='par_1_119' title="bbox 1872 5705 3409 5779">
     <span class='ocr_line' id='line_1_120' title="bbox 1872 5705 3409 5779; baseline 0.003 -21"><span class='ocrx_word' id='word_1_875' title='bbox 1872 5709 1959 5779; x_wconf 73' lang='lat' dir='ltr'><strong>ubi</strong></span> <span class='ocrx_word' id='word_1_876' title='bbox 1992 5705 2176 5759; x_wconf 75' lang='lat' dir='ltr'><strong>eadem</strong></span> <span class='ocrx_word' id='word_1_877' title='bbox 2209 5722 2308 5779; x_wconf 80' lang='lat' dir='ltr'><strong>vox</strong></span> <span class='ocrx_word' id='word_1_878' title='bbox 2338 5719 2389 5762; x_wconf 89' lang='lat' dir='ltr'><strong>et</strong></span> <span class='ocrx_word' id='word_1_879' title='bbox 2428 5711 2701 5779; x_wconf 71' lang='lat' dir='ltr'><strong>repetitur,</strong></span> <span class='ocrx_word' id='word_1_880' title='bbox 2733 5716 2782 5760; x_wconf 88' lang='lat' dir='ltr'><strong>et</strong></span> <span class='ocrx_word' id='word_1_881' title='bbox 2817 5720 2936 5759; x_wconf 86' lang='lat' dir='ltr'><strong>cum</strong></span> <span class='ocrx_word' id='word_1_882' title='bbox 2974 5708 3253 5777; x_wconf 69' lang='lat' dir='ltr'><strong>scriptum</strong></span> <span class='ocrx_word' id='word_1_883' title='bbox 3286 5705 3409 5763; x_wconf 56' lang='lat' dir='ltr'><strong>ver-</strong></span> 
     </span>
    </p>
   </div>
   <div class='ocr_carea' id='block_1_120' title="bbox 1872 5778 2334 5851">
    <p class='ocr_par' dir='ltr' id='par_1_120' title="bbox 1872 5778 2334 5851">
     <span class='ocr_line' id='line_1_121' title="bbox 1872 5778 2334 5851; baseline 0 -21"><span class='ocrx_word' id='word_1_884' title='bbox 1872 5778 1952 5851; x_wconf 85' lang='lat' dir='ltr'><strong>bis</strong></span> <span class='ocrx_word' id='word_1_885' title='bbox 1978 5778 2334 5845; x_wconf 82' lang='lat' dir='ltr'><strong>componitur.</strong></span> 
     </span>
    </p>
   </div>
  </div>
