4002 6340
78 366 191 423 973

588 480 976 532 ΚΕΦΛΛΛΙΟΝ
1012 481 1079 532 ll‘
1092 520 1107 533 .

245 572 382 639 Πφὶ
406 570 513 623 τοῦ
531 570 760 637 πρώτου
792 570 909 623 τῶν
944 572 1263 637 ἀνθρώπων
1281 573 1442 635 βίου.

142 658 415 721 Malo;
447 659 536 711 τὸν
564 659 773 728 πρῶτον
815 659 921 711 τῶν
966 660 1209 728 γηγενῶν
1244 661 1355 729 βίον
1383 662 1618 731 ὑπογρά-

69 752 338 820 ψαντοςὲν
367 750 669 819 παραδείσῳ
695 750 827 803 Θεοῦ
878 752 1170 818 γεγονέναι,
1204 752 1333 803 Θεὸν
1360 770 1416 803 τε
1443 754 1621 805 αὐτῶν

70 837 317 906 ἡγεῖσθαι
379 838 437 888 ἰν
484 836 782 907 άχρημάτῳ
852 838 943 889 καὶ
994 839 1258 905 ἀκτήμονι
1342 837 1575 908 διαγωγῇ
1602 882 1615 901 ,

68 929 325 999 ἄσπαρτα
371 945 429 981 τε
486 929 663 990 αὐτοῖς
716 929 807 980 καὶ
852 929 1087 997 ἀνήροτα
1141 928 1313 981 πάντα
1359 929 1619 995 φύεσθαι,

68 1019 307 1087 γυμνούς
346 1035 407 1076 τε
448 1014 585 1072 εἶναι
638 1019 735 1088 τῆς
770 1019 903 1088 μετά
953 1022 1119 1071 ταῦτα
1152 1019 1455 1090 περιϐολῆς·
1490 1023 1621 1073 έπά-

68 1126 261 1161 ιωυσον
280 1109 373 1162 τοῦ
395 1110 677 1178 φιλοσόφου
707 1111 977 1179 μονονουχὶ
1004 1112 1141 1163 αύτά
1163 1112 1227 1180 δὴ
1243 1112 1415 1165 ταῦτα
1443 1113 1621 1183 Ἐλλη-

68 1200 193 1267 vui?)
218 1199 282 1267 τῇ
308 1200 457 1266 φωνῇ
485 1196 939 1267 διερμηνεύοντος.
970 1199 1126 1266 Λέγει
1145 1196 1309 1252 δὀὗνο
1326 1198 1483 1263 ιΘεδς
1505 1202 1620 1252 ἶνε-

69 1303 175 1353 μεν
202 1286 311 1354 (73)
340 1288 554 1349 αὐτοὺς,
589 1289 748 1351 αὐτὸς
775 1290 1095 1350 ἐπιστατῶν,
1127 1290 1372 1360 καθάπερ
1403 1290 1496 1343 νῦν
1519 1295 1615 1345 ἄν-

68 1375 295 1447 θρωποι,
310 1375 442 1440 ζῶον
459 1378 519 1430 ὃν
531 1378 714 1450 ἕτερον
726 1379 1006 1449 θειότερον,
1025 1381 1156 1434 ἄλλα
1180 1382 1307 1451 γένη
1323 1383 1616 1452 φαυλότερα

70 1469 251 1521 αὐτῶν
276 1472 577 1541 νομεύουσι.
607 1472 877 1541 Νέμοντος
925 1472 967 1524 δ’
996 1474 1223 1535 ἐκείνου,
1277 1473 1533 1526 πολιτεῖαί
1561 1492 1618 1526 τε

69 1561 170 1614 οὐκ
189 1557 346 1631 ἦσαν,
377 1563 494 1615 οὐδὲ
519 1565 734 1633 κτήσεις
754 1563 1021 1629 γυναικῶν
1050 1565 1139 1616 καὶ
1166 1564 1385 1615 παίδων·
1412 1564 1493 1632 (ἐκ
1519 1565 1619 1633 γῆς

67 1652 179 1721 γὰρ
229 1652 615 1707 ἀνεσιὼσκοντο
656 1654 871 1716 πάντες,
930 1655 1079 1706 οὐδὲν
1134 1654 1462 1725 μεμνημένοι
1512 1656 1618 1708 τῶν

1234 362 1551 418 ΡΒᾸΞΡᾹΡ..
1593 362 1839 417 ενΑΝο.
1880 360 2003 417 LIB.
2047 362 2156 417 Xll.

1645 488 1697 545 Δ

3158 369 3261 421 9η

2202 480 2368 551 εκ
2392 475 2619 533 carm
2655 478 2783 530 xm.

2140 570 2210 623 De
2234 573 2403 637 prima
2436 572 2701 624 hominum
2730 573 2849 623 vita.

1794 658 2030 713 Primam
2060 659 2341 713 hominum
2376 660 2539 713 vitam
2571 662 2624 714 in
2654 660 2746 715 Dei
2781 660 3028 729 paradiso
3061 661 3265 730 Moyses

1721 750 1938 804 ductam
1988 766 2107 805 esse
2153 751 2362 816 scribit,
2395 752 2484 804 ubi
2529 765 2717 804 eorum
2756 767 2939 805 curam
2992 753 3108 806 sine
3156 754 3265 805 ullo

1720 842 2025 917 divitiarum
2052 855 2321 910 npumqne
2354 843 2680 897 commercio
2723 842 2862 896 Deus
2894 844 3004 910 ipse
3035 855 3261 911 gereret,

1721 934 2011 1002 omniaque
2043 933 2171 1002 ipsis
2208 935 2409 1002 absque
2454 934 2561 987 ulla
2590 935 2668 987 vel
2701 946 2957 999 semente,
2998 937 3077 988 vel
3111 952 3265 1005 agro-

1721 1040 1840 1077 rum
1888 1026 2096 1079 cultura
2145 1035 2535 1089 nascerentur,
2581 1039 2703 1079 eum
2749 1027 2961 1081 interim
3015 1043 3078 1080 eo
3106 1070 3121 1090 ,
3172 1029 3265 1096 qui

1719 1115 1909 1169 deinde
1937 1126 2157 1171 secutus
2189 1127 2293 1181 est,
2327 1120 2528 1172 amictu
2550 1119 2685 1173 nudi
2710 1128 2907 1172 essent.
2934 1118 3063 1183 Qua:
3083 1120 3263 1171 omnia

1720 1204 2101 1274 philosophum
2142 1208 2287 1270 audi,
2321 1207 2506 1263 Graec
2530 1209 2755 1261 totidem
2786 1222 2920 1276 pene
2950 1209 3125 1262 verbis
3157 1224 3265 1261 -ex-

1721 1294 2025 1362 plicantem.
2071 1313 2089 1345 ι
2133 1295 2277 1359 Illos,
2313 1298 2504 1367 inquit,
2552 1298 2806 1365 pascebat
2838 1296 2994 1361 Deus,
3030 1309 3138 1350 tum
3170 1314 3263 1353 eos

1720 1398 1815 1451 per
1842 1399 1957 1437 sese
1983 1399 2192 1455 regens,
2222 1400 2331 1453 quo
2362 1386 2522 1438 modo
2552 1401 2693 1439 nunc
2741 1386 3004 1445 homines,
3034 1388 3263 1439 divinio-

1722 1476 2114 1531 risanimantis
2144 1490 2392 1532 naturam
2421 1479 2613 1539 sortiti,
2640 1479 2739 1531 alia
2769 1478 3011 1547 qumdam
3044 1478 3265 1532 inferio-

1723 1566 1798 1619 ris
1828 1581 1891 1619 ac
1917 1565 2201 1619 deterioris
2243 1567 2562 1621 conditionis
2606 1568 2854 1620 animalia
2887 1582 3105 1636 pascere
3134 1582 3264 1620 con-

1723 1665 2028 1710 sueverunt.
2055 1656 2173 1721 Quo
2204 1657 2330 1711 dum
2355 1660 2469 1727 ipse
2489 1674 2712 1728 munere
2742 1659 3073 1727 fungeretur,
3106 1659 3264 1711 nulla!

65 1742 341 1809 πρόσθεν·)
370 1744 501 1796 ἀλλά
521 1743 589 1796 τὰ
611 1745 706 1813 μὲν
730 1744 945 1801 τοιαῦτα
978 1743 1122 1812 ἀπῆν
1152 1745 1342 1808 πάντα,
1380 1748 1617 1813 καρποὺς

1723 1744 1848 1798 dum
1884 1747 2195 1815 respublica:
2224 1757 2396 1813 erant,
2437 1762 2535 1802 nec
2561 1748 2893 1801 ducebantur
2917 1764 3130 1811 uxores,
3166 1762 3265 1802 nec

63 1831 121 1882 δὲ
151 1831 409 1898 ἀφθόνους
437 1831 579 1903 εἶχον
596 1834 701 1886 ἀπό
731 1851 789 1885 τε
807 1834 980 1903 δρυῶν
1000 1835 1091 1886 καὶ
1112 1833 1305 1903 πολλῆς
1322 1835 1432 1902 ’74)
1467 1835 1617 1903 ῦλης,

1723 1834 1876 1888 liberi
1907 1814 2333 1905 suscipiebantur
2360 1840 2379 1905 (
2411 1852 2599 1891 omnes
2637 1837 2832 1906 quippe
2860 1847 2971 1890 tum
3004 1853 3069 1892 ex
3100 1846 3264 1898 terra,

62 1922 165 1990 οὐχ
197 1922 299 1974 ὑπὸ
318 1925 587 1995 γεωργίας
618 1925 936 1994 φυομένους,
988 1923 1100 1976 ἀλλ’
1137 1924 1440 1994 αύτομάτης
1489 1924 1619 1976 ἀνα-

62 2012 312 2085 διδούσης
342 2016 438 2086 τῆς
467 2018 587 2085 γῆς.
629 2018 829 2086 Γυμνοὶ
856 2018 910 2070 δὲ
942 2018 1034 2069 καὶ
1059 2017 1321 2085 ἄστρωτοι
1349 2015 1482 2083 (75),
1523 2016 1617 2068 θυ-

67 2106 390 2177 ραυλοῦντες
438 2110 504 2163 τά
559 2110 724 2163 πολλά
753 2111 1020 2180 ἐνέμοντο.
1064 2108 1136 2163 Τὸ
1165 2110 1270 2179 γὰρ
1320 2108 1427 2160 τῶν
1462 2108 1620 2177 ὠριῖδν

62 2199 249 2262 αὐτοῖς
301 2201 502 2255 ἄλυπον
548 2202 831 2273 ἐκέκρατο·
869 2202 1114 2272 μαλακὰς
1168 2202 1225 2255 δὲ
1275 2201 1435 2264 εὐνὰς
1474 2195 1619 2270 εῐχον

60 2290 439 2361 ἀναφυομένης
465 2294 529 2345 ὲκ
560 2293 661 2361 γῆς
690 2292 824 2357 πόας
852 2294 1100 2363 ἀφθόνου.
1119 2323 1181 2332 -
1198 2292 1302 2345 Τὸν
1326 2292 1390 2362 δὴ
1415 2292 1546 2361 βίον,
1573 2286 1618 2345 ὦ

61 2380 369 2451 Σώκρατες,
403 2383 617 2445 ἀκούεις
641 2384 736 2453 μὲν
760 2384 850 2436 τὸν
870 2383 978 2437 τῶν
1007 2382 1098 2436 ἐπὶ
1120 2382 1345 2451 Κρόνου’
1380 2382 1525 2434 τόνδε
1548 2380 1616 2442 δ’,

59 2470 139 2534 ὡς
190 2470 343 2538 λόγος
398 2474 491 2526 ἐπὶ
537 2474 657 2538 Διὸς
711 2470 867 2539 εἶναι,
917 2476 1006 2529 τὸν
1059 2474 1153 2527 νῦν
1207 2472 1393 2544 παρὼν
1458 2472 1619 2535 αὐτὸς

57 2559 319 2629 ⁴ᾔσθησαι.
333 2582 351 2613 ι

1719 1927 2057 1995 superiorum
2107 1931 2347 1982 omnium
2385 1930 2555 1991 obliti,
2582 1930 3030 1998 reviviseebant);
3076 1944 3263 1983 verum

1720 2016 1820 2071 ista
1849 2032 1971 2071 cum
1996 2018 2249 2073 abessent
2269 2021 2471 2082 omnia,
2500 2020 2770 2073 fructuum
2794 2018 2993 2072 aﬂ'atim
3020 2032 3083 2071 ex
3110 2032 3265 2087 quer-

1717 2110 1912 2171 cubus,
1965 2110 2190 2179 aliisque
2240 2114 2440 2180 passim
2474 2111 2757 2166 arboribus
2795 2110 3128 2178 suppetebat,
3161 2110 3264 2162 uti-

1718 2214 1841 2267 que,
1876 2214 2014 2268 quos
2046 2201 2162 2255 sine
2212 2202 2323 2254 ullo
2374 2202 2542 2264 cultu,
2579 2203 2691 2269 ipsa
2726 2210 2914 2267 sponte
2964 2208 3101 2253 terra
3134 2214 3263 2267 pro-

1718 2290 1983 2355 funderet.
2032 2288 2171 2344 Nudi
2222 2300 2497 2359 praaterea,
2547 2292 2815 2359 nullisque
2862 2298 2921 2342 ut
2970 2290 3261 2358 plurimum

1719 2382 1973 2451 stragulis
2007 2382 2107 2435 sub
2136 2382 2227 2435 dio
2275 2383 2474 2450 passim
2506 2380 2805 2451 degebant;
2858 2381 3050 2449 quippe
3090 2380 3179 2449 qui
3208 2390 3264 2433 et

1718 2481 2096 2543 tempestatum
2142 2475 2475 2528 clementiori
2516 2473 2900 2542 temperatione
2942 2481 3259 2533 uterentur,

1717 2573 1773 2617 et
1797 2564 1851 2617 in
1893 2574 2038 2618 tanta
2082 2565 2133 2617 vi
2183 2565 2465 2618 herbarum
2503 2574 2589 2619 ex'
2606 2574 2761 2619 terra:
2796 2564 3091 2618 visceribus
3113 2564 3257 2616 exsi-

58 2656 343 2719 stet-tium,
378 2659 618 2714 mollium
651 2673 867 2728 quoque
895 2668 1137 2715 tororum
1184 2654 1396 2730 copiam
1454 2658 1734 2713 haberent.
1774 2688 1839 2695 —
1878 2656 2074 2721 Vitam,
2103 2659 2175 2710 mi
2224 2658 2493 2723 Socrates,
2531 2660 2805 2713 hominum
2839 2660 2967 2713 olim
3028 2660 3128 2712 sub
3161 2659 3262 2711 Sa-

58 2755 229 2798 twno
253 2748 555 2818 degentium
617 2750 832 2805 audiisti
870 2759 1226 2826 :praesentem
1254 2765 1403 2816 vero,
1477 2750 1689 2819 qualem
1728 2748 1831 2803 sub
1863 2747 1991 2803 Jove
2024 2748 2190 2804 fuisse
2228 2746 2425 2813 ferunt,
2484 2764 2717 2817 praesens
2776 2750 2889 2817 ipse
2923 2764 2987 2801 ac
3037 2765 3129 2817 per
3161 2757 3265 2801 tete

60 2841 262 2895 sentis.
306 2860 324 2891 ι

576 2961 962 3014 ΚΕΦᾹΛΛῘΟΝ
1012 2964 1106 3015 IA'.

268 3051 394 3104 Ὀτι
422 3054 516 3106 καὶ
540 3054 660 3119 τοῖς
682 3055 922 3121 ἀλόγοις
942 3054 1098 3119 ζώοις
1125 3054 1405 3123 ὡμίλουν.

2292 2952 2514 3010 CAPUT
2544 2950 2680 3006 XIV.

1742 3050 1960 3105 Eosdem
1988 3064 2103 3101 cum
2134 3049 2295 3101 brutis
2325 3049 2479 3099 etiam
2508 3046 2857 3097 animantium
2880 3054 3105 3096 versatos
3132 3061 3259 3096 esse.

132 3141 301 3195 Πάλιν
324 3144 597 3207 Μωῡσέως
617 3144 1037 3215 ἀναγράψαντος,
1067 3146 1146 3197 ὅτι
1167 3141 1233 3215 ἦν
1251 3146 1279 3197 ὁ
1297 3144 1417 3212 ὄφις
1441 3162 1617 3214 φρονι-

1792 3139 2017 3208 Scripsit
2041 3138 2199 3191 etiam
2240 3136 2467 3207 Moyses,
2521 3153 2539 3185 ι
2571 3135 2713 3204 quod
2753 3149 2972 3202 serpens
3012 3137 3250 3189 crateal-

58 3232 309 3303 μάντερος
342 3236 554 3288 πάντων
584 3235 690 3288 τῶν
711 3237 929 3306 θηρίων,
956 3231 1043 3289 οἷά
1086 3254 1146 3288 τε
1181 3232 1331 3288 εἶπεν
1355 3237 1383 3287 δ
1408 3235 1525 3303 ὄφις
1552 3238 1616 3305 τῇ

55 3328 303 3394 γυναικὶ,
345 3330 436 3380 καὶ
491 3331 525 3398 ἡ
576 3329 709 3399 γυνὴ
748 3329 825 3399 τῷ
872 3330 1011 3397 ὄφει,
1038 3332 1130 3383 καὶ
1150 3330 1246 3392 τὰς
1269 3330 1481 3399 ὁμιλίας
1525 3328 1617 3381 τοῦ

51 3416 240 3484 δφεως
270 3416 576 3486 ἐκθεμένου*
606 3420 634 3469 ὁ
682 3417 901 3471 Πλάτων
929 3413 1015 3474 οἷα
1053 3419 1249 3489 γράφει
1301 3420 1613 3473 ἐπάκουσον.

62 3528 83 3557 ι
129 3508 195 3558 Εἰ
224 3507 321 3574 μὲν
364 3506 540 3558 τοίνυν
565 3506 677 3576 (ῗϐ)
697 3508 1014 3578 οίτρόφιμοι
1040 3508 1133 3561 τοῦ
1161 3508 1617 3583 Κρόνου,παρού-

56 3616 169 3669 cmi;
198 3599 377 3661 αὐτοῖς
408 3597 548 3651 οὓτω
574 3596 769 3675 πολλῆς
791 3600 979 3669 σχολῆς
1012 3602 1104 3653 καὶ
1140 3601 1437 3671 δυνάμεως,
1486 3601 1618 3668 πρὸς

54 3688 127 3740 τὸ
160 3689 235 3759 μὴ
266 3690 422 3759 μόνον
440 3688 759 3759 ἀνθρώποις,
789 3689 924 3745 ἀλλὰ
946 3692 1038 3743 καὶ
1082 3691 1291 3760 Θηρίοις
1333 3691 1419 3743 διὰ
1452 3691 1619 3758 λόγων

54 3778 321 3831 δύνασθαι
344 3779 705 3847 ξυγγίνεσθαι,
728 3778 1063 3850 κατεχρῶντο
1095 3779 1300 3841 τούτοις
1348 3779 1619 3847 σύμπασιν

54 3872 162 3923 ἐπὶ
189 3870 520 3937 φιλοσοφίαν,
554 3872 688 3939 μετά
731 3889 787 3924 τε
840 3870 1037 3940 θηρίων
1098 3871 1189 3921 καὶ
1237 3871 1348 3937 μετ’
1381 3870 1618 3940 ἀλλήλων

53 3960 396 4031 ὁμιλοῦντες,
427 3959 519 4013 καὶ
550 3960 934 4029 πυνθανόμενοι
969 3958 1114 4027 παρά
1162 3960 1336 4027 πάσης
1388 3960 1615 4025 φύσεως,

54 4055 119 4106 εῐ
147 4052 271 4105 τινά
298 4068 380 4113 τις
409 4050 541 4102 ἰδίαν
566 4049 789 4119 δύναμιν
846 4050 1037 4118 ἔχουσα
1079 4047 1267 4116 ᾔσθετό
1294 4064 1345 4098 τι
1374 4047 1618 4117 διάφορον

50 4142 177 4197 τῶν
199 4140 369 4197 ἄλλων
404 4144 480 4203 εἰς
509 4140 844 4211 ξυναγυρμὸν
872 4141 1195 4209 φρονήσεως·
1230 4137 1493 4206 εύκριτον,
1540 4138 1618 4186 ὅτι

50 4235 179 4288 τῶν
202 4231 295 4283 νῦν
320 4232 370 4283 οἱ
395 4235 515 4283 τότε
544 4232 748 4301 μυρίως
780 4231 889 4299 (77)
921 4230 1054 4297 πρὸς
1090 4227 1427 4295 εὐδαιμονίαν
1449 4226 1618 4293 διέφε-

57 4339 186 4394 ρον.
214 4321 277 4373 Εἰ
306 4321 346 4372 δ’
373 4320 771 4390 ἐμπιπλάμενοι
796 4322 953 4373 σίτων
1002 4318 1129 4388 ἄδην
1175 4318 1265 4369 καὶ
1308 4317 1479 4368 πότων
1516 4317 1620 4368 διε-

1721 3228 1879 3281 lidior
1903 3230 2111 3282 cunctis
2138 3226 2500 3280 animantibus
2524 3228 2605 3291 5';
2642 3245 2659 3276 ι
2695 3241 2898 3279 necnon
2926 3226 3121 3295 quibus
3145 3240 3265 3279 ver-

1721 3319 1803 3373 bis
1830 3330 1883 3373 et
1907 3333 2129 3387 serpens
2153 3333 2273 3372 cum
2307 3318 2550 3382 muliere,
2568 3327 2620 3372 et
2654 3318 2845 3371 mulier
2867 3333 2989 3371 eum
3020 3328 3265 3385 serpente

1720 3410 1897 3464 locuta
1930 3408 2108 3473 fuerit,
2151 3411 2430 3477 ipsamque
2474 3408 2611 3463 adeo
2655 3410 2917 3477 serpentis
2947 3410 3133 3478 agendi
3181 3425 3268 3460 ra-

1720 3504 1920 3555 tionem
1968 3502 2233 3569 exposuit.
2284 3499 2401 3553 Jam
2450 3500 2576 3554 audi
2629 3502 2757 3569 quid
2790 3503 2841 3554 in
2883 3502 3043 3555 simili
3074 3515 3268 3571 genere

1720 3589 1868 3644 Plato
1899 3591 2193 3659 scripserit.
2232 3608 2250 3639 ι
2303 3588 2358 3642 Si
2390 3589 2591 3642 alumni
2624 3588 2861 3655 Saturni,
2894 3591 3085 3659 inquit,
3116 3604 3266 3644 sum-

1722 3698 1809 3735 mo
1837 3683 1887 3735 in
1919 3684 2031 3735 otio
2081 3697 2396 3751 summaque
2425 3695 2530 3733 non
2574 3695 2696 3733 cum
2742 3680 3049 3733 hominibus
3082 3682 3263 3743 modo,

1722 3772 1813 3824 sed
1861 3772 2020 3824 etiam
2063 3787 2185 3823 eum
2234 3771 2417 3823 bestiis
2468 3769 2717 3822 familiari
2776 3784 3024 3823 sermone
3074 3769 3264 3838 agendi
3348 3767 3351 3769 ’

1721 3867 2004 3926 potestate,
2050 3859 2116 3911 iis
2144 3859 2394 3912 omnibus
2418 3859 2485 3912 ad
2514 3859 2865 3927 philosophia:
2890 3859 3124 3913 studium
3156 3866 3267 3909 uteo

1722 3950 1953 4001 bantur:
1990 3948 2148 4017 587
2200 3959 2308 4001 tam
2351 3949 2488 4002 inter
2534 3964 2651 4003 sese
2691 3958 2896 4009 mutuo,
2940 3963 3101 4015 quam
3138 3962 3261 3999 cum

1722 4040 1903 4091 bestiis
1938 4040 2066 4107 ipsis
2100 4038 2381 4101 versando,
2414 4037 2555 4091 etab
2600 4051 2921 4105 unaquaque
2950 4046 3139 4088 natura
3166 4036 3266 4088 sci-

1721 4127 1981 4191 scitando,
2028 4128 2267 4195 nunquid
2314 4127 2586 4180 diversum
2642 4126 2709 4178 ab
2751 4127 2869 4179 aliis
2938 4126 2987 4177 vi
3028 4126 3263 4195 quadam

1720 4220 1976 4288 singulari
2028 4220 2349 4288 prOpriaque
2395 4220 2635 4283 sentiret,
2688 4228 2745 4271 ut
2778 4218 2878 4270 hoc
2912 4228 3067 4285 pacto
3104 4233 3257 4271 suam

1720 4311 2005 4380 quamdam
2048 4326 2076 4363 a
2113 4311 2416 4379 quibusqtte.
2471 4309 2764 4377 prudentiaa
2811 4308 3000 4376 stipem
3053 4309 3261 4376 accipe-

54 4412 288 4479 λὲγοντο
316 4408 447 4479 πρὸς
479 4408 733 4479 ἀλλήλους
755 4410 846 4461 καὶ
892 4410 960 4461 τὰ
987 4408 1146 4479 θηρία
1182 4406 1399 4477 μύθους,
1434 4401 1532 4458 οἷοι
1556 4406 1617 4476 δὴ

1722 4410 1838 4455 rent
1867 4420 1878 4453 :
1910 4401 2076 4470 liquet
2106 4403 2346 4465 omnino,
2379 4400 2552 4453 aetatis
2588 4398 2731 4452 illius
2766 4398 3012 4453 homines
3042 4398 3263 4451 inﬁnitis

55 4503 168 4556 καὶ
197 4499 357 4552 τανῦν
378 4498 503 4567 περὶ
539 4496 717 4551 αὐτῶν
749 4498 1009 4564 λέγονται·
1041 4498 1132 4549 καὶ
1164 4498 1324 4560 τοῦθ’,
1360 4496 1526 4559 οὕτως
1555 4515 1616 4563 γε

1722 4492 1787 4544 ad
1845 4491 1997 4545 beate
2048 4492 2331 4545 vivendum
2378 4488 2643 4557 praesidiis
2700 4497 2910 4542 nostros
2958 4493 3259 4555 superasse.

53 4591 193 4643 κατ’
226 4588 334 4655 (78)
358 4588 494 4659 ἐμὴν
518 4586 670 4648 δόξαν
703 4587 1099 4656 ἀποφήνασθαι,
1134 4588 1224 4639 καὶ
1275 4586 1414 4655 μάλα
1441 4587 1617 4657 εῧκρι-

1722 4584 1814 4638 Sin
1846 4594 2021 4637 autem
2058 4582 2352 4645 abdomini,
2390 4581 2674 4633 lielluando
2701 4596 2764 4634 ac
2790 4576 3118 4649 perpotando
3147 4591 3260 4629 ser-

49 4697 181 4732 την.
216 4677 464 4745 Ὀμωςδ
494 4672 585 4730 οὖν
613 4676 779 4729 ταῦτα
828 4678 924 4745 μὲν
960 4678 1203 4747 ἀφῶμεν,
1242 4679 1344 4739 ἕως
1393 4676 1458 4729 ἂν
1490 4679 1617 4745 ἡμῖν

1720 4677 1943 4737 vientes,
1986 4674 2193 4727 fabulas
2249 4680 2455 4725 tantum
2508 4670 2805 4740 ejusmodi,
2840 4682 2975 4735 quas
3017 4666 3084 4719 de
3134 4665 3263 4735 ipsis

60 4769 316 4839 μηνυτής
347 4786 425 4829 τις
460 4768 636 4829 ἱκανὸς
690 4769 847 4835 φανῇ,
886 4767 1123 4836 ποτέρως
1155 4769 1202 4817 οἱ
1230 4767 1346 4817 τότε
1378 4766 1477 4827 τὰς
1508 4768 1617 4817 ὲπι-

1724 4767 1881 4835 vulgo
1910 4763 2315 4830 circumferunt,
2350 4764 2402 4816 in
2440 4773 2622 4816 mutua
2666 4764 2750 4814 illa
2792 4776 2913 4813 cum
2961 4761 3097 4815 inter
3124 4775 3261 4821 sese,

54 4859 273 4927 θυμίας
302 4855 441 4926 εἶχον
467 4859 589 4928 περί
618 4875 677 4909 τε
709 4857 1020 4925 ἐπιστημῶν
1066 4856 1159 4908 καὶ
1198 4856 1293 4924 τῆς
1324 4856 1430 4907 τῶν
1454 4856 1617 4921 λόγων

1726 4866 1836 4908 tum
1866 4856 2023 4909 etiam
2056 4869 2175 4906 cum
2212 4854 2397 4907 bestiis
2419 4851 2804 4908 consuetudine
2830 4850 3163 4914 tractabant;
3196 4849 3264 4901 de

50 4949 312 5020 χρείας-ι
1729 4945 1829 4997 hoc
1855 4959 2087 5012 quoque,
2116 4959 2233 4997 meo
2263 4944 2477 5012 quidem
2520 4942 2742 5009 judicio,
2779 4938 2931 4992 facile
2976 4939 3258 4991 admodum

52 5040 386 5109 liquidoque
416 5049 697 5095 statuatur.
755 5039 947 5094 Verum
1009 5038 1109 5091 ista
1149 5036 1362 5107 quidem
1418 5036 1578 5089 missa
1643 5036 1921 5098 faciamus,
1956 5037 2079 5087 dum
2131 5035 2285 5089 nobis
2336 5035 2511 5087 idonei
2552 5031 2829 5107 cujusdam
2863 5031 3052 5083 indicis
3108 5033 3260 5097 copia

51 5137 214 5188 facta
249 5131 337 5195 sit,
376 5145 441 5183 ex
470 5145 577 5199 quo
624 5131 939 5195 resciamus,
987 5146 1113 5183 num
1169 5129 1307 5182 illius
1356 5129 1453 5181 azvi
1511 5129 1770 5190 homines,
1818 5128 1989 5195 aliqua
2060 5121 2316 5180 doctrinae
2358 5141 2419 5178 ac
2464 5124 2598 5177 bene
2665 5121 3000 5189 scienterque
3051 5120 3257 5173 dicendi

54 5221 367 5292 cupiditate
398 5220 737 5284 ducerentur.
774 5240 791 5269 ι

140 5360 190 5392 ⁸⁸
218 5356 351 5412 Gen.
382 5371 459 5423 In,
498 5359 549 5410 1.

140 5452 257 5533 (75)
296 5448 437 5514 Θεὸς
476 5449 700 5517 ἔνεμεν.
747 5444 899 5501 Plato
934 5445 993 5501 in
1033 5444 1293 5511 Politico,
1346 5458 1465 5515 pag.
1513 5442 1614 5497 175

1793 5442 1898 5506 (76)
1944 5442 2004 5486 Ei
2039 5442 2151 5503 μὲν
2182 5442 2266 5483 τοι

1791 5510 1897 5533 ,Ἶτι
1939 5504 2085 5533 Di..."
2148 5498 2270 5533 uvth

144 5504 157 5519 η
214 5504 253 5532 ,ι
413 5504 430 5514 .
570 5504 588 5517 .
1278 5504 1291 5511 -
1346 5504 1362 5515 .
1416 5504 1444 5515 ..

40 5524 265 5579 Firint.

1789 5504 1898 5579 (⁷77)
1939 5504 2108 5579 Plato.
2146 5504 2333 5569 μυρίῳ.
2405 5571 2415 5579 _
2476 5568 2520 5579 __
2558 5569 2589 5579 υ
2778 5572 2791 5579 Δ
2868 5564 2877 5573 ,

298 5587 449 5641 Plato
483 5586 602 5641 add.
636 5584 825 5655 illnc.
960 5651 1011 5655 ι
1175 5651 1225 5655 -Α
1267 5652 1277 5655 Α

1788 5562 2157 5655 (ΝΣ-Οὕτως
2290 5562 2436 5621 'xaz'.
2476 5568 2696 5651 ilelius,
2738 5572 2796 5618 ut
2831 5562 3057 5625 videtur,
3097 5577 3258 5634 quam

141 5638 259 5728 (ἠέ)
298 5638 733 5728 ‘Aéipiiééiﬁua
756 5638 919 5710 etiam
960 5651 1130 5712 Plato.
1171 5651 1387 5714 F-icinus
1432 5662 1606 5711 tanien

1720 5638 1854 5716 apud
1884 5638 2184 5703 Platonem,
2214 5638 2349 5691 ὥστε
2387 5640 2545 5691 κατὰ.

41 5726 253 5793 venit,
276 5726 523 5796 “pediti.

1793 5437 1898 5506 (76)
1940 5438 2004 5506 ξε
2039 5434 2151 5503 μὲν
2182 5432 2402 5506 τοίνυν.
2436 5429 2577 5483 Idem
2614 5428 2794 5488 Plato,
2823 5421 2947 5475 ibid.
2983 5438 3100 5491 pag.
3139 5424 3255 5477 176.
