4004 6342
713 432 821 486 915

1287 540 1525 595 'CAPU'I'
1564 540 1675 595 XV.

885 635 1329 702 Quemadmodum
1358 634 1508 686 ambo
1536 633 1720 685 diluvii
1752 632 2093 684 meminerint.

788 725 996 795 onses
1023 738 1146 777 cum
1178 722 1233 775 in
1262 722 1439 790 legum
1460 718 1769 772 hominibus
1789 716 2126 771 ferendarum
2157 730 2253 769 co-

717 817 976 885 gitatione
1003 821 1327 874 versaretur,
1360 826 1542 865 rerum
1585 809 1689 863 sibi
1719 809 2059 877 antiquarum
2105 821 2256 859 eom-

718 905 1176 965 nternoratiouem,
1231 904 1349 972 ipso
1400 900 1580 956 statim
1630 899 1852 953 exordio
1898 897 2259 951 necessariam

720 998 944 1064 putavit.
1005 994 1245 1049 Primum
1290 995 1471 1061 itaque
1520 990 1744 1053 diluvii,
1793 999 1954 1058 atque
1984 988 2256 1043 hominum

718 1089 813 1157 qui
838 1089 906 1141 ab
938 1102 1005 1141 eo
1035 1087 1378 1147 exstiterunt,
1400 1082 1522 1137 vita
1540 1082 1814 1147 meminit;
1848 1090 1960 1134 tum
1990 1079 2259 1149 antiquioo

720 1194 838 1232 rum
881 1178 1044 1231 etiam
1089 1175 1454 1239 Bebraaorum,
1504 1188 1598 1228 seu
1639 1187 1779 1242 quos
1806 1172 2075 1241 praecipuo
2120 1169 2294 1224 Deus-

718 1283 904 1322 amore
921 1266 1198 1331 dilexerat,
1214 1279 1310 1320 seu
1331 1280 1467 1334 quos
1489 1262 1800 1333 improbitas
1817 1272 1972 1316 notos
1997 1261 2262 1330 insignes-

716 1372 826 1427 que
851 1357 1072 1422 fecerat,
1116 1369 1297 1409 mores
1335 1355 1602 1423 exposuit,
1646 1366 1795 1407 ratus
1825 1352 2173 1420 conjtmctum
2205 1349 2259 1402 in

715 1448 908 1517 primis
936 1461 1062 1499 cum
1083 1444 1175 1512 iis,
1200 1460 1333 1513 quas
1363 1458 1472 1514 pra:
1501 1444 1751 1497 manibus
1780 1442 2009 1495 habebat
2033 1440 2259 1508 legibus,

718 1540 823 1593 hoc
861 1537 1101 1607 historia:
1124 1552 1291 1606 genus
1326 1536 1588 1599 futurum.
1656 1534 1809 1587 Plato
1838 1532 2106 1596 similiter,
2134 1546 2259 1584 cum

717 1628 959 1682 animum
989 1627 1054 1680 ad
1095 1625 1409 1681 scribendas
1457 1625 1598 1694 leges
1640 1622 1889 1692 appellit,
1922 1620 2163 1673 eamdem
2197 1636 2261 1673 ac

717 1716 927 1787 Iloyses
953 1716 1095 1769 viam
1117 1715 1231 1784 ipse
1257 1728 1323 1767 ac
1346 1712 1609 1767 rationem
1638 1711 1938 1764 aemulatur.
1972 1710 2111 1763 Audi
2133 1724 2261 1778 ergo

717 1807 1169 1877 quemadmodum
1211 1806 1330 1874 ipso
1373 1802 1569 1873 Legum
1613 1817 1833 1857 suarum
1886 1802 2150 1870 principio
2176 1800 2259 1852 lo-

716 1871 933 1968 quatur.
980 1916 999 1949 ι
1036 1897 1119 1951 An
1145 1871 1326 1965 igitur,
1360 1871 1553 1964 inquit,
1602 1894 1807 1963 priscas
1843 1892 1965 1946 illas
1992 1890 2256 1944 uarratio-
2289 1871 2333 1925 Β

716 2007 815 2045 nes
841 2004 998 2045 veras
1024 1986 1343 2042 arbitraris!
1374 2015 1439 2027 —
1478 1984 1626 2050 Quas
1652 1985 1868 2037 tandem
1884 1982 1907 2034 τ
1926 2011 1992 2022 -
2030 1980 2256 2035 Crebros

716 2081 846 2133 olim
868 2078 1149 2133 hominum
1171 2076 1443 2139 interitus,
1472 2074 1710 2137 diluviis,
1745 2073 1966 2136 morbis,
2009 2086 2074 2125 ac
2098 2079 2258 2125 επιε-

716 2172 795 2225 ris
824 2171 877 2224 id
901 2185 1069 2239 genus
1094 2169 1384 2233 exstitisse,
1433 2183 1502 2222 ex
1543 2167 1740 2237 quibus
1767 2167 1920 2235 pauci
1968 2166 2256 2220 admodum

717 2263 965 2316 homines
1010 2260 1293 2318 evaserint.
1336 2288 1406 2300 —
1443 2257 1635 2312 Totum
1685 2258 1736 2312 id
1784 2259 1999 2328 quidem
2057 2259 2259 2313 nemini

718 2368 976 2423 perquam
1007 2351 1299 2406 verisimile
1317 2366 1423 2405 non
1454 2349 1909 2417 videatur.—-Age
1926 2363 2074 2415 vero,
2092 2362 2260 2401 unum

718 2448 869 2500 illum
896 2460 962 2498 ex
994 2444 1259 2513 pluribus,
1284 2456 1445 2512 quem
1474 2440 1735 2495 diluvium
1765 2441 2094 2509 importavit,
2126 2454 2258 2493 con-

716 2538 1034 2592 sideremus.
1069 2564 1141 2575 -—
1181 2533 1320 2600 Quid
1362 2546 1526 2602 porro
1556 2545 1587 2583 a
1620 2531 1778 2586 nobis
1825 2532 1880 2583 in
1921 2542 1989 2583 eo
2036 2529 2259 2599 cogitari

716 2627 799 2680 vis
818 2622 1026 2688 l—Qui
1054 2631 1169 2675 tum
1197 2622 1503 2674 vastitatem
1536 2619 1682 2673 illam
1711 2618 1943 2688 effugere
1968 2619 2259 2687 potuerint,

718 2722 1002 2769 montanos
1050 2713 1312 2766 duntaxat
1357 2718 1600 2779 pastores
1654 2710 1861 2778 aliquot
1920 2709 2121 2777 fuisse,
2169 2712 2261 2779 qui

717 2804 943 2859 summis
966 2804 1021 2857 in
1045 2802 1451 2865 cacuminibus,
1492 2810 1747 2871 tanquam
1794 2802 1984 2871 exigua
2015 2802 2261 2870 quaedam

718 2894 929 2965 generis
959 2893 1178 2947 humani
1209 2892 1436 2953 semina.
1463 2892 1636 2946 relicti
1667 2892 1975 2959 servatique
2005 2892 2263 2945 constite-

717 2989 845 3039 rint.
868 3009 937 3025 -ι-
955 2984 1305 3053 Perspicuum
1336 2982 1388 3036 id
1413 2982 1650 3052 quidem.
1667 3011 1731 3020 —
1757 2980 1891 3035 Istos
1915 2996 2099 3050 porro,
2135 2982 2265 3035 tales

718 3091 843 3129 cum
905 3084 1105 3139 essent,
1167 3090 1291 3128 cum
1354 3075 1422 3126 ab
1470 3068 1677 3129 caeteris
1733 3072 1939 3125 artibus
1975 3072 2265 3141 imparatos

1303 424 1571 497 l-LUSEBII
1609 420 2081 479 CESARIENSIS
2108 418 2260 474 OPP.
2301 416 2479 473 PARS
2516 421 2579 473 11.
2618 451 2688 460 -
2723 418 3215 475 Αροιοοεηω.

3790 415 3886 468 976

2873 537 3262 590 ΚΕΦΛΔΑΙΟΝ
3293 536 3393 587 1Ε’.

2477 630 2675 694 Ὅπως
2702 630 2828 695 περὶ
2861 628 2971 693 τοῦ
2999 626 3420 694 κατακλυσμοῦ
3454 624 3802 693 μέμνηνται.

2424 720 2693 788 Μωῦσῆς,
2725 718 3039 789 νομοθεσίαν
3080 716 3377 787 ἀνθρώποις
3414 711 3892 779 καταϐεϐλημένος,

2356 811 2600 881 ἐνόμισεν
2629 809 2776 880 αὖτῷ
2804 811 2914 862 δεῖν
2944 808 3319 879 ἀρχαιολογίας
3348 808 3405 856 ὲν
3433 806 3547 865 τοῖς
3578 802 3890 871 προοιμίοις.

2352 903 2692 976 Μνημονεύει
2718 903 2774 955 δὲ
2797 902 2889 953 τοῦ
2916 896 3292 969 κατακλυσμοῦ
3338 897 3430 949 καὶ
3454 894 3548 948 τοῦ
3589 895 3703 964 μετ’
3746 893 3894 945 αὐτὸν

2357 997 2471 1066 βίου
2524 994 2631 1047 τῶν
2676 992 2970 1063 ἀνθρώπιον
2989 1008 3004 1021 ⁸
3035 992 3222 1043 ἔπειτα
3271 988 3510 1042 παλαιῶν
3538 985 3750 1056 ἀνδρῶν
3799 983 3894 1035 τῶν

2356 1087 2485 1156 παρ’
2525 1085 2791 1155 Ἐδραὶοις
2816 1082 3093 1152 θεοφιλῶν,
3115 1081 3209 1134 και
3233 1080 3341 1133 τῶν
3369 1079 3426 1131 δὲ
3448 1077 3619 1138 ἄλλως
3639 1077 3702 1127 ἐν
3728 1074 3894 1144 πλημ-

2361 1176 2599 1247 μελείαις
2627 1175 3000 1245 ὲξητασμένων
3030 1174 3127 1242 τὴν
3150 1170 3424 1223 πολιτείαν
3457 1170 3770 1237 ὑφηγεῖται,
3810 1183 3897 1218 κτι-

2357 1268 2613 1335 τάλληλον
2636 1262 2716 1330 οἷς
2750 1265 3047 1336 ἐνομοθέτει
3079 1264 3176 1334 τὴν
3217 1264 3343 1333 περὶ
3372 1261 3571 1313 τούτων
3616 1258 3895 1329 ἡγησάμε-

2360 1376 2446 1421 νος
2472 1358 2705 1428 ἱστορίαν
2732 1356 2966 1409 ἔσεσθαι.
2988 1355 3097 1408 Καὶ
3118 1355 3147 1404 ὁ
3173 1354 3391 1405 Πλάτων
3414 1353 3467 1403 δὲ
3490 1350 3774 1411 eum,
3802 1366 3896 1401 πα-

2362 1448 2560 1521 ρελθὼν
2596 1450 2687 1500 ἐπὶ
2729 1448 2826 1516 τὴν
2854 1447 2963 1499 τῶν
3000 1447 3206 1513 Νόμων
3232 1443 3472 1513 γραφὴν,
3514 1441 3601 1492 τὸν
3636 1441 3807 1493 αὑτὸν

2358 1540 2560 1606 Μωῦσῇ
2586 1538 2737 1605 ζηλοῖ
2758 1538 2972 1606 τρόπον.
2988 1536 3074 1587 Ἐν
3090 1526 3387 1605 προοιμίοις
3407 1532 3535 1599 γοῦν
3562 1531 3668 1582 τῶν
3696 1531 3897 1597 Κῴων

2359 1739 2443 1788 γοι
2476 1722 2603 1789 ὑμῖν
2633 1718 2883 1783 ἀλήθειάν
2914 1735 3036 1769 τινα
3069 1717 3211 1784 ἔχειν
3236 1713 3481 1778 δοκοῦσις
3524 1745 3592 1754 --
3619 1714 3775 1764 Ποῖοι
3799 1712 3895 1779 of];

2361 1843 2429 1852 -—
2452 1812 2524 1862 Τὸ
2551 1808 2746 1870 πολλὰς
2776 1806 3072 1877 ἀνθρώπων
3098 1805 3297 1874 φθορὰς
3326 1804 3604 1871 γεγονέναι
3634 1800 3900 1854 κατακλυο

2361 1903 2514 1971 σμοῖς
2534 1917 2593 1951 τε
2628 1900 2721 1951 καὶ
2755 1898 2927 1958 νόσοις
2950 1896 3042 1949 καὶ
3070 1895 3247 1958 ἄλλοις
3282 1894 3518 1957 πολλοῖς,
3546 1895 3603 1943 ἐν
3625 1887 3709 1954 οἷς
3736 1891 3895 1961 βραχύ

2352 1973 2530 2043 τιτῶν
2558 1988 2853 2058 ἀνθρώπων
2879 1988 3153 2039 λείπεσθαι
3178 1987 3347 2053 γένος.
3380 2016 3447 2025 -
3480 1985 3625 2036 Πάνυ
3661 1984 3768 2051 μὲν
3812 1978 3895 2032 οὖν

2354 2082 2569 2134 πιθανὸν
2604 2081 2663 2133 τὸ
2682 2080 2915 2132 τοιοῦτον
2944 2081 3050 2132 πᾶν
3074 2078 3250 2131 παντί.
3268 2107 3335 2114 -
3350 2077 3484 2146 Φέρε
3514 2075 3597 2144 δὴ,
3618 2076 3894 2143 νοήσωμεν

2358 2174 2481 2243 μίαν
2510 2173 2615 2224 τῶν
2648 2173 2853 2225 πολλῶν
2878 2170 3101 2239 ταύτην,
3132 2171 3230 2239 τὴν
3270 2169 3348 2238 τῷ
3390 2164 3760 2234 κατακλυσμῷ
3794 2164 3894 2231 (80)

2356 2264 2748 2334 γενομένην.-
2778 2263 2852 2314 Τὸ
2879 2263 3027 2313 ποῖον
3054 2260 3119 2330 δὴ
3143 2261 3269 2331 περὶ
3296 2260 3464 2326 αὐτῆς
3496 2256 3893 2327 διανοηθέντες

2356 2382 2425 2393 -α-
2458 2356 2545 2417 Ὧς
2595 2357 2642 2406 οἱ
2689 2355 2808 2406 τότε
2869 2352 3257 2423 περιφυγόντες
3303 2350 3400 2420 τὴν
3457 2348 3660 2419 φθορὰν
3726 2347 3898 2416 σχεδον

2357 2447 2521 2517 ὄρειοί
2546 2462 2686 2508 τινες
2715 2444 2781 2498 ἂν
2814 2441 2921 2496 εἷεν
2947 2446 3149 2513 νομεῖς,
3179 2444 3236 2493 ἐν
3256 2442 3516 2511 κορυφαῖς
3567 2456 3675 2491 που
3704 2437 3898 2506 σμικρὰ

2359 2538 2580 2609 ζώπυρα
2614 2537 2705 2589 τοῦ
2728 2537 2836 2589 τῶν
2869 2534 3163 2604 ἀνθρώπων
3188 2532 3589 2600 διατεσωσμὲνα
3614 2528 3824 2596 γένους.
3840 2554 3897 2563 -

2359 2630 2543 2698 Δῆλον.
2573 2657 2639 2666 -—
2668 2629 2777 2680 Καὶ
2797 2628 2859 2697 δὴ
2883 2628 3005 2688 τοὺς
3035 2624 3300 2685 τοιούτους
3336 2640 3397 2690 γε
3428 2622 3638 2689 ἀνάγκη
3668 2637 3772 2672 που
3801 2618 3897 2669 τῶν

2358 2721 2528 2774 ἄλλων
2546 2720 2798 2789 ἀπείρους
2819 2713 2955 2769 εἶναι
2982 2715 3201 2785 τεχνῶν,
3236 2713 3327 2766 καὶ
3357 2713 3462 2764 τῶν
3499 2713 3554 2762 ἐν
3581 2714 3695 2772 τοῖς
3722 2713 3896 2763 ἄστεσι

2360 2811 2493 2881 πρὸς
2517 2810 2772 2879 ἀλλήλους
2805 2808 3076 2878 μηχανῶν,
3103 2806 3180 2869 εἷς
3204 2822 3263 2856 τε
3294 2802 3595 2865 πλεονεξίας
3616 2842 3631 2865 ,
3679 2802 3773 2852 καὶ
3816 2818 3896 2869 9t-

2360 2900 2643 2962 λονεικίας,
2679 2900 2770 2951 καὶ
2803 2900 2973 2951 ὁπόσα
3000 2897 3130 2950 ἀλλα
3178 2894 3603 2964 κακουργήματα
3648 2894 3784 2960 πρὸς
3816 2891 3899 2943 ἀλ-

2360 2990 2549 3058 λήλους
2581 2988 2899 3041 ἐπινοοῦσιν.
2926 3017 2994 3025 -
3022 2988 3181 3049 Εἰκὸς
3210 2985 3358 3053 γοῦν.
3394 3016 3461 3024 -
3489 2982 3681 3051 Θῶμεν
3708 2983 3774 3052 δὴ
3809 2982 3897 3043 τὰς

2361 3084 2419 3133 ὲν
2445 3085 2553 3143 τοῖς
2587 3081 2782 3143 πεδίοις
2812 3078 3013 3140 πόλεις,
3052 3077 3302 3147 καὶπρὸς
3343 3076 3574 3143 Θαλάττῃ
3618 3074 3897 3125 κατοικού-

721 3164 888 3218 fuisse
920 3165 1139 3217 necesse
1169 3176 1270 3226 est,
1292 3172 1405 3215 tum
1432 3162 1499 3215 ab
1526 3162 1761 3216 iisetiam
1783 3160 2061 3216 fraudibus
2089 3172 2143 3216 et
2172 3178 2261 3217 ca-

2364 3190 2479 3236 σας,
2502 3171 2666 3242 ἄρδην
2690 3170 2746 3223 ὲν
2778 3169 2855 3239 τῷ
2880 3169 2998 3221 τότε
3026 3169 3198 3237 χρόνῳ
3223 3164 3645 3234 διαφθείρεσθαι.
3685 3196 3755 3204 --
3791 3164 3893 3215 θῶ-

719 3254 939 3306 lumniis
967 3253 1168 3308 alienos
1186 3295 1200 3317 ,
1228 3254 1425 3323 quibus
1453 3268 1571 3308 sese
1602 3252 1766 3323 588
1794 3253 1995 3322 passim
2022 3255 2076 3308 in
2106 3254 2254 3309 urbi-

720 3346 843 3407 bus,
872 3344 1128 3409 avaritize,
1163 3344 1535 3410 contentionis,
1553 3359 1615 3397 ac
1646 3344 1974 3413 reliquorum
2004 3345 2056 3399 id
2088 3362 2257 3415 genus

718 3433 1101 3487 inaleliciorum
1132 3441 1265 3486 aestu
1292 3433 1517 3501 abrepti,
1563 3433 1700 3488 alios
1742 3433 1833 3487 alii
1876 3443 2112 3490 evertere
2141 3451 2260 3489 mo-

719 3523 941 3574 liunttir.
960 3549 1031 3559 —
1049 3519 1115 3572 Et
1132 3521 1233 3575 hoc
1256 3520 1413 3589 plane
1443 3530 1880 3576 consentaneum.
1905 3553 1972 3563 —-
1990 3521 2259 3577 Ponamus

721 3613 882 3681 igitur
911 3621 1236 3680 campestres
1262 3611 1421 3666 simul
1446 3626 1510 3666 ac
1529 3613 1829 3669 maritimas
1854 3614 2015 3667 urbes
2041 3629 2104 3666 eo
2128 3623 2261 3668 tem-

723 3718 851 3770 pore
903 3701 1142 3757 funditus
1195 3703 1437 3771 periisse.
1468 3728 1540 3742 -—
1570 3702 1858 3756 Ponamus.
1888 3730 1957 3741 --
1991 3700 2220 3755 Proinde
2242 3745 2256 3768 ,

721 3794 979 3863 quidquid
993 3794 1154 3847 etiam
1169 3794 1643 3847 instrumentorum
1659 3793 2110 3863 fuerat,quidquid
2128 3796 2258 3849 artis

725 3884 887 3937 ullius
902 3883 1195 3953 pr0prium,
1210 3898 1305 3936 seu
1324 3883 1517 3948 civilis,
1538 3898 1632 3937 seu
1657 3884 1875 3940 alterius
1892 3886 2258 3954 cujuscunque

724 3973 1002 4043 peritiae,id
1038 3983 1207 4027 totum
1246 3974 1432 4027 eadem
1460 3974 1617 4027 ruina
1649 3975 1809 4029 simul
1840 3992 1903 4031 ac
1930 3978 2093 4032 semel
2126 3978 2259 4031 hau-

722 4076 862 4116 stum
910 4080 974 4117 ac
1011 4064 1275 4133 sepultum
1323 4063 1491 4118 fuisse
1535 4061 1819 4120 dicendum
1866 4078 1965 4122 est.
2001 4088 2021 4119 ι
2057 4068 2257 4127 Deinde

720 4157 923 4235 aliquot
948 4156 1237 4226 interiectis
1272 4174 1285 4209 :
1316 4174 1337 4208 ι
1370 4155 1582 4211 Maneat
1616 4158 1795 4226 igitur,
1822 4159 2015 4227 inquit,
2044 4162 2116 4213 ita
2142 4177 2259 4217 sese

722 4253 817 4313 p‘er
844 4246 1107 4314 ejusmodi
1148 4248 1356 4302 cladem
1402 4262 1492 4301 res
1525 4248 1799 4301 hominum
1851 4250 2138 4317 habuisse;
2170 4267 2260 4304 va-

722 4349 858 4389 stam
882 4338 1077 4405 quippe
1098 4338 1514 4408 horribilemque
1541 4338 1902 4406 solitudinem,
1944 4342 2158 4411 vimque
2183 4342 2260 4397 fe-

720 4427 1164 4480 cundissimarum
1222 4438 1483 4483 terrarum
1546 4430 1859 4484 immensam
1897 4434 2184 4487 exstitisse.
2234 4453 2253 4485 ι

2363 3280 2477 3332 μεν.
2508 3294 2574 3301 —
2602 3260 2806 3313 Οὐκοῦν
2832 3259 3033 3329 ὄργανὰ
3052 3276 3110 3310 τε
3142 3259 3314 3311 πάντα
3340 3256 3689 3317 ἀπόλλυσθαι,
3720 3257 3812 3307 καὶ
3857 3256 3901 3304 εί

2358 3371 2411 3404 τι
2440 3353 2629 3421 τέχνης
2652 3347 2718 3421 ἦν
2744 3350 2994 3419 ἐχόμενον
3028 3347 3322 3408 σπουδαίωέ
3366 3347 3474 3417 (8³)
3512 3346 3811 3415 εὑρημένον
3829 3385 3841 3406 ’
3867 3344 3895 3412 ἦ

2361 3441 2654 3509 πολιτικῆς,
2686 3441 2718 3509 ἢ
2745 3441 2835 3492 καὶ
2859 3440 3047 3507 σοφίας
3072 3439 3214 3502 τινὸς
3245 3440 3451 3509 ἐτέρας,
3489 3439 3663 3489 πάντα
3703 3437 3893 3505 ἔρρειν.

2359 3563 2428 3571 --
2454 3530 2631 3583 Ταῦτα
2677 3532 2733 3582 ὲν
2763 3530 2840 3599 τῷ
2889 3532 3007 3582 τότε
3040 3530 3213 3600 χρόνῳ
3260 3531 3517 3601 φήσομεν.
3554 3549 3570 3578 ι
3631 3529 3747 3580 Καὶ
3790 3525 3896 3583 μεθ’

2359 3622 2521 3691 ἓτερά
2552 3638 2711 3689 φησιν
2730 3639 2742 3651 ·
2779 3640 2797 3671 ι
2835 3620 3039 3693 Οὐκοῦν
3066 3621 3203 3673 οὓτω
3223 3620 3286 3689 δὴ
3312 3620 3550 3689 λέγωμεν
3582 3618 3729 3686 ἔχειν
3762 3618 3894 3677 τότε,

2358 3713 2445 3764 ὅτε
2473 3712 2683 3779 ἐγένετο
2709 3714 2743 3781 ἡ
2772 3712 2961 3782 φθορὰ,
2994 3712 3063 3764 τὰ
3107 3713 3231 3779 περὶ
3258 3714 3383 3773 τοὺς
3411 3710 3726 3778 ἀνθρώπους
3770 3710 3898 3778 πρά-

2364 3821 2564 3873 γματα,
2619 3803 2815 3873 μυρίαν
2862 3804 2959 3873 μὲν
2983 3820 3100 3854 τινα
3125 3802 3355 3872 φοϐερὰν
3378 3802 3604 3870 ἐρημίαν
3629 3842 3645 3861 ,
3702 3800 3807 3867 *ἧς
3846 3798 3895 3849 δὲ

2358 3894 2582 3960 ἀφθόνου
2612 3893 2806 3959 πλῆθος
2826 3894 3099 3963 πάμπολυ.
3122 3912 3139 3944 ι
3168 3882 3357 3944 Ταῦτα
3381 3894 3473 3945 καὶ
3499 3891 3719 3944 τοιαῦτα
3745 3892 3897 3961 ἕτερα

2358 3984 2544 4046 εἰπὼν,
2577 3984 2918 4053 ἐπεξέρχεται
2942 3985 3086 4054 βίους
3113 3984 3219 4037 τῶν
3250 3984 3383 4053 μετὰ
3402 3983 3491 4035 τὸν
3519 3983 3894 4049 κατακλυσμὸν

2357 4074 2669 4145 ἀνθρώπων.
2696 4070 2806 4126 Εἶθ’
2829 4075 3013 4145 ὥσπερ
3034 4075 3269 4143 Μωῦσῆς
3287 4076 3385 4144 τὴν
3404 4074 3511 4126 τῶν
3533 4073 3697 4125 πάλαι
3723 4073 3892 4139 050;:-

2356 4165 2462 4216 λῶν
2520 4165 2779 4235 Ἑϐραίων
2830 4164 3098 4217 πολιτείαν
3150 4164 3495 4216 ὲπισυνάπτει
3523 4166 3586 4233 τῇ
3623 4162 3764 4231 μετά
3810 4162 3892 4212 τὸν

2359 4255 2731 4325 κατακλυσμὸν
2763 4257 3047 4324 ὑφηγήσει,
3076 4256 3169 4307 καὶ
3189 4256 3217 4305 ὁ
3243 4254 3461 4307 Πλάτων
3487 4252 3707 4323 ὁμοίως,
3768 4253 3895 4320 μετά

2357 4346 2477 4407 τοὺς
2512 4345 2654 4414 βίους
2686 4346 2792 4398 τῶν
2821 4344 2960 4414 μετὰ
3008 4346 3096 4396 τὸν
3122 4344 3497 4413 κατακλυσμὸν
3521 4344 3586 4397 τὰ
3617 4342 3895 4413 Ἑλληνικὰ

2350 4436 2606 4507 ’πειρᾶται
2628 4436 3013 4505 ἀρχαιολογεῖν,
3037 4434 3109 4497 ὡς
3136 4436 3337 4497 ἐκεῖνος
3362 4433 3430 4486 τὰ
3470 4434 3751 4503 Ἐῦραίιυν.
3784 4433 3893 4485 Τῶν

724 4517 845 4571 llaec
868 4519 954 4571 ille
988 4519 1289 4587 similiaque
1318 4522 1591 4588 praefatus,
1645 4521 1922 4575 hominum
1950 4538 2133 4577 eorum
2168 4526 2261 4579 de-

2360 4545 2416 4579 τε
2448 4528 2537 4578 ἐπὶ
2560 4527 2755 4596 Τροίας
2784 4526 3126 4595 μνημονεύει,
3149 4526 3241 4577 καὶ
3274 4525 3369 4593 τῆς
3388 4525 3603 4595 πρώτης
3626 4526 3685 4575 ὲν
3730 4525 3892 4575 Λακε-

719 4610 923 4679 inceps,
956 4609 1050 4678 qui
1085 4617 1206 4676 post
1229 4609 1485 4663 diluvium
1513 4610 1714 4672 vixere,
1758 4625 1936 4665 mores
1982 4614 2259 4683 persequi-

724 4710 828 4752 tur.
870 4699 1013 4764 lnde,
1048 4699 1245 4768 Moysis
1272 4699 1531 4767 exemplo,
1554 4702 1647 4770 qui
1674 4717 1852 4756 rerum
1879 4718 1910 4755 a
1938 4703 2137 4758 diluvio
2169 4722 2261 4775 ge-

724 4800 925 4842 starum
962 4790 1195 4842 historiae
1240 4788 1565 4841 sanctiorum
1614 4790 1741 4844 olim
1787 4790 2129 4846 Hebraeorum
2181 4795 2262 4846 in-

722 4884 909 4936 stituta
941 4881 1245 4949 subjungit;
1274 4889 1395 4949 post
1421 4895 1603 4934 eorum
1632 4883 1721 4951 qui
1744 4885 1983 4951 proxime
2002 4884 2259 4942 diluvium

2360 4617 2567 4685 δαίμονι
2596 4616 2883 4678 πολιτείας,
2910 4615 3127 4685 Περσῶν
3158 4633 3215 4667 τε
3248 4616 3341 4667 καὶ
3367 4614 3473 4667 τῶν
3500 4614 3647 4685 παρά
3668 4614 3891 4673 τούτοις,

2361 4707 2455 4759 εἴτ’
2484 4707 2676 4777 ὀρθῶς,
2702 4705 2809 4757 εἴτε
2842 4705 2932 4757 καὶ
2978 4706 3050 4776 μὴ
3079 4704 3425 4774 βεόιωκότων.
3473 4701 3602 4757 Εἶτα
3637 4706 3776 4773 μετά
3803 4704 3891 4769 τὴν

2359 4799 2555 4850 τούτων
2601 4796 2865 4865 ἱστορίαν,
2900 4796 3196 4866 ἀπάρχεται
3232 4796 3331 4863 τῆς
3362 4794 3469 4847 τῶν
3501 4795 3709 4863 Νόμων
3750 4793 3891 4846 ἐκθέ-

2364 4907 2516 4951 σεως,
2550 4888 2648 4940 κάν
2673 4885 2844 4955 τούτῳ
2866 4888 3083 4940 Μωῡσεῖ
3110 4885 3593 4956 κατακολουθήσας.

723 4972 896 5026 secuti
925 4980 1047 5024 sunt
1075 4972 1233 5024 vitam
1258 5010 1272 5033 ,
1317 4985 1406 5024 res
1453 4968 1788 5040 Graecorum,
1820 4982 1879 5027 ut
1906 4972 2250 5030 Hebraeorum
2288 4979 2518 5048 Moyses,
2565 4978 2634 5031 ad
2666 4976 3091 5045 antiquissimam
3118 4987 3261 5030 retro
3298 4979 3611 5030 memoriam
3640 4988 3888 5030 revocare

726 5072 965 5119 conatur.
1022 5061 1159 5126 Quin
1206 5062 1364 5115 etiam
1402 5060 1792 5131 Trojanorum,
1851 5066 2143 5136 primaque
2185 5068 2713 5124 Lacedaemoniorum
2761 5068 3097 5136 reipublicae,
3142 5082 3205 5121 ac
3243 5065 3526 5119 Persarum
3570 5069 3885 5122 mentionem

729 5154 876 5216 facit,
904 5167 1197 5219 eorumque
1221 5153 1401 5216 simul,
1448 5154 1540 5222 qui
1566 5154 1705 5221 apud
1736 5167 1827 5206 eos
1853 5168 1945 5207 seu
1971 5155 2125 5221 bene,
2168 5174 2261 5213 seu
2297 5159 2433 5211 male
2456 5158 2733 5211 vixissent.
2774 5156 2949 5226 Atque
2993 5158 3093 5211 hac
3141 5155 3451 5228 perfunctus
3483 5157 3706 5212 histbria
3782 5168 3884 5212 tum

726 5253 937 5303 demum
983 5261 1109 5299 suas
1151 5246 1265 5314 ipse
1303 5246 1442 5315 leges
1468 5246 1703 5301 scribere
1743 5247 2067 5314 auspicatur,
2102 5250 2153 5303 in
2186 5267 2251 5305 eo
2286 5266 2498 5321 quoque
2528 5250 2759 5321 Moysem
2785 5251 3084 5306 amulatus.

724 5384 915 5505 β’ῑὲίὲίῖ
945 5379 1061 5449 Ἆρ’
1112 5376 1240 5435 οὖν·
1295 5378 1475 5449 Ρ¹³⁸⁰ν
1528 5382 1621 5438 In"
1666 5399 1727 5439 "‘
1777 5383 1899 5454 ιεθι
1925 5427 1941 5453 ν
1991 5402 2109 5459 Pas-
2154 5389 2257 5443 585

2430 5388 2538 5455 (80';
2578 5387 2725 5441 Plato
2758 5389 2878 5442 add.
2910 5392 3058 5445 ποτέ.

2431 5458 2539 5530 (81)
2578 5458 2746 5525 Plato,
2778 5460 3085 5524 σπουδαίας.
