4002 6340
143 476 245 531 977

640 589 1025 641 ΚΕΦΔΛΑΙΟΝ
1055 589 1149 654 ις’

140 676 296 758 ’Ὃςι⁵
318 675 389 728 τὰ
419 674 528 758 πῆς
556 676 1180 758 ςῖιὸασκσιὶἰας,,ὀρθῶς
1224 682 1370 758 ἡμῖν’
1562 683 1683 736 τῶν

208 701 269 727 ’τι
318 701 389 728 τα
419 701 528 743 της
556 701 965 742 οιυιισιαιιιας,
997 701 1180 747 optimc
1224 701 1262 746 η
1288 701 1370 734 ιη’
1411 701 1525 737 asto
1562 702 1679 736 των

208 746 380 823 (ξε-[ωρ-
422 746 735 823 ἀρχόμρνα,
771 747 1085 823 κμταᾳῄγει
1109 754 1195 813 εὶς
1218 701 1290 823 τό
1328 753 1679 821 ἀνθρώπινα.

221 813 353 867 Ἀπὸ
374 813 480 866 τοῦ
502 814 731 882 πρώτου
753 815 871 868 τῶν
895 813 1089 886 Νόμων
1124 813 1456 885 Πλάτωνος-ἶ

209 905 479 968 Μωῦσέως
501 906 600 977 τὴν
626 908 804 959 πᾶσαν
822 909 985 961 αὐτοῦ
1006 911 1338 981 νομοθεσίαν,
1360 915 1457 982 τήν
1479 931 1537 965 τε
1561 916 1678 967 κατ’

136 996 301 1049 αὑτὸν
320 995 615 1060 πολιτείαν,
640 997 912 1061 εὐσεϐείας
938 998 1030 1052 τοῦ
1061 1000 1167 1053 τῶν
1192 1002 1325 1055 ὅλων
1352 1002 1487 1056 Θεοῦ
1517 1005 1681 1075 ἀναρ-

134 1086 429 1155 τήσαντος,
471 1087 580 1139 ἀπό
612 1105 673 1140 τε
709 1088 801 1140 τοῦ
850 1091 1064 1142 πάντων
1093 1093 1420 1163 δημιουργοῦ
1457 1096 1553 1165 τὴν
1581 1113 1680 1149 κα-

129 1176 349 1247 ταρχὴν,
378 1177 477 1246 τῆς
524 1177 835 1247 νομοθεσίας
891 1184 1255 1252 πεποιημένου
1276 1202 1290 1216 ·
1335 1185 1522 1239 ἔπειτα
1573 1187 1679 1241 τῶν

131 1265 293 1319 θείων
319 1267 534 1333 ἀγαθῶν
564 1270 869 1339 ἐξέρχεσθαι
900 1271 965 1323 τὰ
1005 1273 1315 1343 ἀνθρώπινα
1353 1276 1677 1343 διδάξαντος,

126 1358 201 1409 τα
224 1375 283 1410 τε
315 1359 432 1410 θεῖα
460 1360 550 1411 ἐπὶ
574 1359 664 1411 τὸν
688 1361 899 1414 πάντων
928 1363 1166 1433 ἡγεμόνα
1191 1364 1334 1418 Νοῦν
1350 1404 1377 1430 ,-
1411 1368 1571 1420 αὐτὸν
1613 1367 1679 1438 δὴ

126 1447 221 1501 τὸν
250 1449 358 1500 τῶν
376 1450 511 1503 ὅλων
542 1450 671 1502 Θεὸν
694 1451 980 1520 ἀναθέντος
1003 1472 1015 1484 ·
1049 1453 1147 1508 θέα
1169 1456 1315 1518 ὅπως
1343 1448 1435 1509 καὶ
1476 1460 1505 1509 ό
1529 1458 1679 1510 Φιλό-

126 1555 310 1604 σοφος,
338 1541 448 1601 τοῖς
480 1541 659 1603 αὐτοῖς
684 1541 877 1610 βαίνων
910 1544 1107 1612 ἴχνεσιν
1128 1587 1144 1611 ,
1177 1547 1541 1616 ἐπιμέμφεται
1578 1546 1677 1615 μὲν

121 1630 237 1689 τοῖς
263 1629 489 1700 Κρητῶν
523 1633 615 1683 καὶ
642 1633 1075 1703 Λακεδαιμονίων
1116 1637 1428 1706 νομοθέταις
1451 1678 1468 1702 ,
1510 1638 1599 1690 τὸν
1629 1638 1675 1689 δ’

120 1717 422 1786 ἀρέσκοντα
442 1720 518 1790 τῷ
540 1723 669 1775 Mm?)
678 1726 758 1775 σεῖ
774 1724 934 1794 νόμον
958 1726 1276 1789 ἐκδιδάσκει,
1294 1728 1465 1796 λέγων
1482 1729 1669 1793 οὕτως·

126 1825 147 1857 ι
187 1808 269 1879 Πῆ
300 1810 363 1881 δὴ
382 1807 473 1864 οὖν
504 1813 611 1882 (82)
649 1831 707 1865 σε
734 1813 808 1866 ἐτ’
840 1814 905 1867 ἂν
933 1816 1227 1888 ἐϐουλόμην
1252 1818 1558 1889 διελόμενον
1584 1821 1671 1874 λέ-

1281 472 1598 529 ΡΒΞΡΑΒ.
1634 426 1883 527 ενΑΝοζ
1917 471 2044 526 LIB.
2085 470 2197 525 XII.

3214 460 3320 516 978

2337 581 2563 637 CAPUT
2600 578 2735 634 XVI.

1781 676 1952 741 Quam
1974 677 2225 744 proicit":
2252 674 2502 744 doctrina
2524 681 2724 744 nostr¢_
2743 669 2969 744 ratione:
2997 681 3029 717 α
3043 665 3320 744 lebadi—

1849 733 1987 799 rim's'
2010 745 2289 810 «apicati,
2327 746 2382 796 in
2412 743 2663 795 [innima
2690 739 3006 792 desimus.
3035 733 3119 787 Ea:
3150 737 3318 802 primo

1850 815 2049 885 Legum
2079 814 2338 867 Platonis.

1848 906 2127 959 Rationem
2157 904 2332 972 legum
2365 916 2430 956 ac
2455 898 2761 969 reipublic:
2787 910 2897 950 sua:
2922 893 3225 948 universam
3250 909 3317 947 ει

1777 995 1996 1055 summi.
2016 993 2262 1047 Numinis
2293 990 2552 1062 religione
2605 1001 2920 1057 suspensam
2945 984 3155 1054 Moyses
3195 1000 3318 1037 esse

1776 1102 1900 1140 cum
1927 1084 2103 1148 vellet,
2158 1083 2303 1137 illam
2335 1081 2406 1136 ab
2432 1080 2623 1135 eodem
2667 1092 2845 1133 rerum
2888 1076 3126 1130 omnium
3158 1074 3317 1128 moli-

1776 1187 1892 1231 tore
1933 1177 2244 1244 auspicatus
2288 1180 2370 1226 est
2399 1189 2413 1224 :
2448 1171 2640 1225 deinde
2666 1166 2924 1237 quidquid
2958 1168 3314 1219 humanorum

1774 1268 2041 1321 bonorum
2082 1272 2186 1327 est,
2232 1263 2284 1316 id
2324 1275 2485 1315 omne
2541 1274 2573 1312 a
2597 1257 2794 1312 divinis
2820 1255 3087 1326 prolicisci
3109 1252 3313 1316 docuit,

1774 1360 1998 1429 ipsaque
2029 1356 2211 1410 divina
2242 1354 2308 1407 ad
2334 1358 2568 1406 mentem
2619 1350 2764 1403 illam
2794 1357 3109 1403 cunctorum
3132 1345 3313 1399 mode-

1774 1455 2048 1515 ratricem,
2074 1448 2177 1503 hoc
2198 1458 2303 1509 est,
2329 1446 2394 1499 ad
2421 1443 2665 1499 eumdem
2696 1441 2844 1495 illum
2874 1439 3109 1494 universi
3148 1438 3317 1492 Deum

1772 1540 2059 1594 revocavit.
2128 1537 2301 1606 Hujus
2345 1534 2585 1605 vestigiis
2642 1516 2897 1586 insistens
2947 1530 3317 1600 philosophus,

1772 1632 1892 1686 vide
1917 1631 2392 1701 quemadmodum,
2421 1625 2757 1697 reprehensis
2776 1623 3112 1677 Cretensium
3134 1633 3189 1676 et
3214 1622 3319 1675 La—

1772 1719 2651 1791 cedzmoniorumlegislatoribus,
2683 1715 2845 1785 589
2871 1715 3132 1768 sancitam
3168 1712 3316 1766 illam

1772 1815 1840 1869 ab
1867 1814 2045 1886 Moyse
2071 1815 2241 1884 legem
2273 1813 2516 1868 edoceat.
2545 1810 2696 1863 «Vin’
2722 1819 2801 1874 tu,
2822 1807 3016 1877 inquit,
3029 1805 3204 1859 dicam
3240 1806 3318 1856 in-

117 1914 259 1965 γειν,
300 1902 459 1965 αύτός
504 1904 548 1956 τ’
576 1905 809 1969 ἀκούειν,
840 1905 1017 1975 βούλει
1044 1926 1127 1961 σοι
1165 1910 1392 1980 (priuigni;
1431 1942 1497 1951 —
1522 1911 1658 1965 Πάνυ

1772 1921 1962 1977 genue,
1992 1920 2098 1974 qua
2129 1913 2180 1957 te
2203 1903 2290 1956 via
2319 1910 2373 1956 et
2399 1901 2587 1955 ordine
2609 1907 2782 1953 totum
2814 1899 2918 1951 hoc
2937 1894 3317 1962 disputationis

120 1989 222 2059 μὶν
254 1987 365 2045 οὖν.
399 2024 465 2033 --
492 1990 562 2047 Ὦ
580 1995 717 2059 ξένε,
751 1998 913 2068 ἐχρῆν
944 2000 1135 2051 εἰπεῖν’
1170 2001 1218 2052 oi
1248 2001 1478 2073 Κρητῶν
1514 2004 1666 2073 νόμοι

114 2078 218 2133 οὔκ
242 2084 347 2134 είσι
378 2084 553 2156 μάτην
574 2086 932 2157 διαφερόντως
952 2089 1011 2141 ὲν
1037 2090 1201 2141 πᾶσιν
1251 2092 1521 2162 εὐδόκιμοι
1555 2096 1667 2155 τοίς

117 2170 371 2242 Ἕλλησιν
391 2193 404 2205 ·
434 2175 611 2245 ἔχουσι
640 2178 748 2249 γὰρ
773 2178 964 2249 ὀρθῶς,
989 2180 1113 2243 τοὺς
1138 2181 1321 2245 αὐτοῖς
1358 2185 1665 2253 χρωμένους

111 2261 429 2334 εὐδαίμονας
447 2268 847 2332 ἀτωτελοῦντες.
877 2271 1121 2324 Ἀπαντα
1144 2271 1250 2344 γὰρ
1277 2274 1485 2341 τάγαθὰ
1510 2276 1664 2346 πορί-

112 2353 287 2416 ζουσι.
318 2356 475 2408 Διττά
506 2356 551 2408 δ’
581 2358 758 2425 ἀγαθά
784 2361 919 2423 ἐστι,
946 2360 1015 2414 τά
1042 2362 1138 2431 μὲν
1161 2363 1491 2432 ἀνθρώπινα,
1519 2365 1587 2418 τὰ
1606 2366 1665 2419 δὲ

109 2442 256 2499 θεῖα.
290 2448 556 2519 Ἤρτηται
600 2449 657 2501 δὲ
708 2452 773 2503 ἐκ
802 2451 909 2503 τῶν
940 2452 1097 2506 θείων
1148 2454 1376 2524 θάτερα·
1439 2458 1532 2509 καὶ
1567 2456 1663 2511 ἐὰν

110 2535 215 2603 μὲν
245 2536 459 2607 δέχηται
506 2537 576 2589 τὰ
631 2540 849 2607 μείζονα
882 2542 1051 2605 πόλις,
1075 2545 1264 2597 κτᾶται
1290 2546 1383 2598 καὶ
1413 2546 1481 2599 τά
1508 2547 1669 2601 ἐλάτέ

103 2641 259 2678 τονα·
304 2631 352 2680 εὶ
381 2628 435 2681 δὲ
470 2628 565 2698 μὴ,
601 2630 844 2701 στέρεται
878 2634 1097 2701 ἀμφοῖν.
1153 2636 1305 2687 Ἔστι
1358 2636 1415 2688 δὲ
1457 2636 1527 2690 τὰ
1562 2638 1661 2708 μὲν

103 2715 384 2781 ἐλάττονα,
413 2712 488 2771 ὧν
517 2721 725 2789 ἡγεῖται
755 2721 950 2788 ὑγίεια,
988 2723 1178 2787 κάλλος
1206 2726 1260 2778 δὲ
1303 2726 1571 2798 δεύτερον,
1598 2726 1661 2780 τὸ

100 2806 164 2858 δὲ
195 2808 395 2878 τρίτον,
417 2812 584 2880 ἰσχὺς,
606 2811 687 2873 εἷς
715 2830 773 2864 τε
797 2813 1012 2883 δρόμον,
1040 2816 1131 2868 καὶ
1155 2818 1235 2881 εἰς
1256 2818 1355 2881 τὰς
1376 2819 1537 2881 ἄλλας
1557 2818 1660 2872 πά-

102 2911 207 2959 σας
236 2900 472 2969 κινήσεις
502 2900 579 2971 τῷ
607 2900 818 2971 σώματι
836 2919 849 2930 °
877 2904 1131 2975 τέταρτον
1153 2907 1208 2958 δὲ
1236 2908 1299 2979 δὴ
1328 2908 1572 2973 πλοῦτος,
1596 2910 1657 2961 ού

98 2984 321 3053 τυφλὸς,
352 2989 464 3041 ἀλλ’
489 2990 580 3054 ὀξὺ
607 2989 813 3060 βλέπων
838 3032 853 3054 ,
895 2992 1065 3063 ἄνπερ
1094 2994 1189 3063 ἀμ’
1221 2994 1418 3066 ἕπηται
1462 3000 1661 3069 φρονή-

102 3093 212 3132 σει,
236 3080 301 3130 Ὃ
326 3079 388 3150 δὴ
414 3081 625 3152 πρῶτον
648 3078 713 3134 αὖ
731 3082 839 3134 τῶν
868 3082 977 3154 (85)
1010 3083 1167 3136 θείων
1186 3086 1486 3155 ἡγεμονοῦν
1513 3091 1660 3143 ἐστιν

97 3166 327 3234 ἀγαθῶν
351 3171 459 3240 (8i)
485 3174 517 3241 ὴ
550 3173 805 3242 φρόνησις
838 3172 982 3243 (85)·
1009 3172 1255 3244 δεύτερον
1296 3176 1351 3228 δὲ
1374 3178 1512 3247 μετὰ
1535 3178 1659 3231 νοῦν

1769 2012 1937 2066 genus
1959 1996 2324 2049 instituentem
2342 1992 2569 2047 libenter
2592 1988 2915 2044 audiissem?
2938 1985 3238 2038 —Maxime
3259 1983 3313 2035 id

1768 2084 1981 2153 quidem
2010 2083 2189 2137 velim.
2206 2078 2566 2149 —Ejusmodi
2589 2091 2738 2147 ergo,
2753 2075 2827 2128 mi
2851 2074 3070 2141 hospes,
3088 2079 3176 2123 tua
3195 2082 3316 2123 esse

1767 2171 1943 2228 oratio
1970 2171 2176 2225 debuit.
2234 2167 2354 2223 Non
2388 2167 2667 2243 immerito
2710 2163 3046 2220 Cretensium
3100 2161 3244 2229 leges
3281 2172 3314 2211 a

1767 2261 1968 2317 Graecis
2014 2260 2266 2315 omnibus
2308 2273 2521 2314 summa
2575 2272 2700 2313 cum
2749 2255 2906 2309 laude
2950 2252 3308 2306 celebrantur.

1765 2354 1900 2409 Nam
1928 2355 2032 2408 hoc
2063 2354 2181 2422 ipso
2204 2359 2349 2406 recte
2374 2349 2595 2404 omnino
2621 2347 2848 2402 condita
2872 2352 3028 2407 sunt,
3077 2342 3221 2411 quod
3246 2340 3311 2393 iis

1766 2448 1859 2519 qui
1898 2446 2087 2500 vivunt
2113 2445 2301 2498 beatos
2328 2440 2578 2503 eﬂiciant,
2598 2438 2726 2492 dum
2753 2435 2910 2491 bonis
2934 2448 3028 2489 eos
3056 2431 3311 2485 omnibus

1763 2536 2063 2592 cumulant.
2123 2532 2332 2602 Quippe
2367 2546 2489 2585 cum
2531 2527 2639 2583 duo
2668 2527 2935 2607 bonorum
2959 2537 3153 2591 genera
3179 2520 3308 2579 sint.

1764 2627 2120 2681 humanorum
2146 2638 2335 2690 unum,
2362 2623 2585 2675 alterum
2604 2608 2929 2677 diviiiorum,
2948 2624 3065 2667 tum
3090 2628 3215 2665 vere
3241 2626 3307 2664 ex

1762 2717 1963 2771 divinis
2006 2716 2241 2768 humana
2286 2712 2538 2781 pendent.
2616 2709 2794 2775 Quare
2836 2721 2956 2776 qua:
3004 2703 3308 2772 respublica

1762 2804 1970 2875 majora
2004 2802 2322 2871 susceperit,
2355 2800 2541 2853 eadem
2586 2798 2797 2851 minora
2822 2810 3037 2864 quoque
3062 2792 3307 2861 posside—

1761 2897 1842 2951 bit
1870 2914 1883 2949 :
1918 2896 2003 2949 sin
2029 2904 2228 2956 autem,
2256 2891 2497 2959 utrisque
2525 2896 2706 2942 careat
2732 2900 2951 2940 necesse
2972 2892 3075 2938 est.
3109 2881 3175 2935 Et
3205 2881 3308 2933 mi-

1763 3003 1896 3043 nora
1922 2986 2135 3057 quidem
2159 2990 2423 3037 vocantur
2453 2981 2543 3035 illa
2574 2992 2803 3049 quorum
2830 2975 3078 3046 princeps
3108 2980 3191 3027 est
3216 2986 3304 3026 sa-

1763 3078 1937 3142 nitas;
1959 3074 2252 3131 secundum
2281 3069 2658 3143 pulchritudo;
2693 3067 2907 3123 tertium
2938 3066 3082 3120 vires
3113 3078 3305 3131 corpo-

1761 3169 1839 3223 ris
1869 3167 1934 3221 ad
1965 3181 2183 3222 cursum
2214 3165 2455 3234 aliosque
2480 3171 2659 3217 motus
2698 3159 3011 3223 obeundos;
3050 3165 3300 3227 quartum

100 3256 339 3327 σώφρων
374 3260 548 3331 ψυχῆς
599 3263 739 3327 ἐξιςο
766 3266 832 3317 ἐκ
884 3264 940 3316 δὲ
994 3264 1194 3318 τούτων
1229 3267 1363 3336 μετά
1412 3269 1658 3338 ἀνδρείας

1758 3258 1978 3324 divitia,
2012 3274 2129 3328 qua:
2160 3268 2271 3312 tum
2298 3256 2513 3311 demum
2538 3268 2691 3308 cacas
2715 3268 2822 3307 non
2849 3261 3025 3311 erunt.
3056 3251 3148 3305 sed
3174 3266 3306 3304 acu-

99 3347 433 3417 κραθέντων,
476 3352 654 3421 τρίτον
692 3354 758 3407 ἀν
794 3356 878 3425 εἴη
922 3356 1230 3428 δικαιοσύνη
1250 3374 1264 3387 ·
1316 3358 1569 3430 τέταρτον
1598 3360 1657 3413 δὲ

96 3433 343 3505 ἀνδρεία.
368 3436 547 3490 Ταῦτα
564 3440 619 3491 δὲ
643 3440 820 3494 πάντα
839 3444 1058 3498 ἐκείνων
1076 3445 1380 3517 ἔμπροσθεν
1400 3449 1655 3501 τέτακται

96 3524 285 3594 φύσει.
318 3527 427 3580 Καὶ
457 3527 519 3597 δὴ
557 3530 649 3583 καὶ¹
672 3530 749 3600 τῷ
783 3534 1044 3606 νομοθέτῃ
1071 3537 1294 3590 τακτέον
1316 3537 1456 3591 οὕτω
1479 3556 1492 3569 ·
1520 3540 1656 3610 μετὰ

96 3616 164 3668 δὲ
213 3616 381 3668 ταῦτα
421 3617 519 3679 τὰς
573 3618 735 3681 ἄλλας
783 3624 1103 3690 προστάξεις
1147 3629 1260 3689 τοῖς
1291 3628 1530 3691 πολίταις
1574 3630 1654 3692 είς

98 3705 275 3758 ταῦτα
301 3706 595 3777 βλεπούσας
621 3709 801 3772 αὐτοῖς
826 3707 961 3763 εἶναι
983 3713 1407 3772 διακελευστέον.
1439 3720 1654 3773 Τούτων

95 3794 161 3847 δὲ
187 3796 255 3849 τὰ
289 3797 385 3866 μὲν
416 3798 723 3869 ἀνθρώπινα
746 3803 826 3863 εἰς
849 3801 917 3854 τὰ
940 3802 1056 3856 θεῖα
1080 3846 1095 3869 ,
1124 3806 1191 3859 τὰ
1218 3807 1273 3859 δὲ
1306 3808 1422 3861 θεῖα
1454 3814 1534 3874 είς
1562 3812 1653 3865 τὸν

97 3887 344 3956 ἡγεμόνα
370 3889 493 3943 νοῦν
526 3892 809 3961 σύμπαντα
833 3892 1016 3963 βλέπει
1042 3896 1172 3966 (86),
1198 3901 1324 3970 περί
1353 3919 1413 3954 τε
1445 3905 1653 3974 γάμους

94 3977 349 4079 ἀλλήλοις
380 3985 937 4058 ἐπικοινωνουμένους.
986 3989 1138 4042 Μετά
1164 3990 1220 4044 δέ
1250 3992 1423 4047 ταῦτα
1449 3997 1507 4048 ἐν
1532 4000 1653 4060 ταῖς

92 4073 212 4120 τῶν
237 4073 439 4127 παίδων
462 4077 741 4147 γεννήσεσι
763 4080 855 4132 καὶ
883 4084 1106 4149 τροφαῖς
1127 4122 1141 4144 ,
1173 4082 1287 4135 ὅσοι
1327 4102 1387 4137 τε
1429 4085 1651 4155 ἄρσενες

96 4157 198 4208 καὶ
223 4158 341 4211 ὅσαι
361 4161 586 4232 θήλειαι,
620 4166 753 4219 νέων
776 4185 834 4220 τε
866 4168 1030 4221 ὄντων
1058 4171 1152 4223 καὶ
1197 4172 1289 4223 ἐπὶ
1316 4172 1378 4224 τὸ
1410 4176 1649 4245 πρεσϐύ-

89 4262 259 4317 τερον
288 4249 489 4317 ἰόντων,
526 4256 685 4326 μέχρι
709 4259 892 4328 γήρως
912 4259 1150 4330 τιμῶντα
1181 4260 1355 4330 ὀρθῶς
1375 4263 1647 4333 ἐπιμελεί-

97 4336 227 4391 σθαι
260 4338 358 4402 δεῖ,
392 4343 484 4394 καὶ
528 4346 858 4415 ἀτιμάζοντα
910 4350 967 4401 ὲν
1021 4351 1253 4413 ἀπάσαις
1278 4355 1397 4415 ταῖς
1447 4353 1648 4407 τούτων

90 4427 335 4498 ὁμιλίαις
366 4427 508 4501 (87)'
556 4436 655 4498 τάς
688 4455 748 4489 τε
780 4440 951 4505 λύπας
980 4442 1153 4494 αὐτῶν
1193 4443 1284 4495 καὶ
1311 4443 1409 4505 τὰς
1434 4446 1643 4515 ήδονάς,

95 4522 195 4573 καὶ
223 4520 320 4583 τὰς
344 4524 653 4593 ἐπιθυμίας,
672 4527 991 4597 ξυμπάντων
1018 4552 1077 4586 τε
1108 4533 1323 4605 ἐρώτων
1347 4535 1447 4598 τὰς
1482 4554 1646 4590 σπου.

89 4614 196 4676 δὰς
217 4614 615 4684 ἐπεσκεμμένον
661 4620 755 4671 καὶ
784 4625 1271 4695 παραπεφυλαχότα
1293 4666 1307 4689 ,
1352 4626 1536 4695 ψέγειν
1584 4645 1644 4680 τε

88 4705 291 4775 ὀρθῶς,
332 4709 425 4761 καὶ
476 4710 713 4761 ἐπαινεῖν
744 4710 812 4762 δι’
842 4713 1018 4766 αὐτῶν
1074 4715 1183 4769 τῶν
1223 4719 1421 4787 νόμων.
1482 4736 1501 4768 ι
1536 4719 1645 4772 Καὶ

93 4796 239 4866 μετὰ
266 4798 467 4869 βραχέα
488 4800 639 4869 φησί.
678 4819 697 4849 ι
731 4801 975 4857 Κατιδὼν
1005 4806 1061 4857 δὲ
1082 4808 1111 4857 ό
1137 4808 1248 4870 θεὶς
1272 4808 1397 4871 τοὺς
1427 4809 1642 4878 νόμους,

90 4889 231 4940 πᾶσι
247 4890 451 4954 τούτοις
478 4893 715 4959 φύλακας
742 4894 1041 4963 ἐπιστήσει,
1067 4900 1191 4961 τοὺς
1214 4900 1311 4967 μὲν
1338 4900 1426 4951 διά
1450 4903 1645 4971 φρονή-

92 4991 255 5055 σεως,
278 4979 403 5041 τοὺς
430 4981 487 5033 δέ
514 4982 581 5034 δι’
620 4979 846 5052 ἀληθοῦς
876 4982 1032 5052 δόξης
1074 4984 1185 5053 (88)
1234 4988 1410 5051 ἰόντας
1432 5007 1446 5017 ⁸
1495 4991 1642 5053 ὅπως

436 5112 512 5190 δῂ
703 5113 873 5199 Plato,
904 5114 995 5199 lib:
1081 5113 1226 5181 Leg.,
1258 5130 1379 5182 pag.
1411 5117 1535 5171 567.

135 5178 280 5261 '(_8_3)
316 5178 404 5261 ᾼῦ
617 5183 690 5237 Ita
724 5195 897 5261 _recte_
938 5184 1088 5261 Plato
1136 5178 1641 5261 vocem—utramque

87 5249 409 5324 distinguit;
445 5254 585 5324 male
616 5256 974 5324 conjungebat
1004 5254 1146 5319 prior
1176 5253 1356 5306 editio.

165 5317 279 5458 ἕδη
327 5319 605 5388 Ἀγαθῶν.
644 5317 1067 5391 ΡΙείιοῘάγαθόν.

188 5387 257 5441 85
289 5457 292 5458 ν
318 5392 629 5457 Φρόνησις.
657 5393 940 5458 Glossema
960 5395 1122 5447 videri
1152 5393 1294 5458 possi

188 5387 298 5469 85).
318 5387 629 5469 Φρόνησις.
657 5387 940 5469 Glossema
960 5395 1122 5447 videri
1152 5393 1340 5461 possit.
1372 5391 1524 5469 Plato
1557 5404 1641 5469 ta-

89 5473 221 5533 men
252 5460 515 5533 ejusmodi
550 5476 709 5515 voces
729 5503 745 5526 ,
776 5465 957 5517 minus
985 5480 1123 5533 sazpe
1152 5460 1485 5519 necessarias
1504 5506 1519 5530 ,
1556 5466 1639 5518 in-

90 5528 310 5583 culcare
344 5530 497 5581 solet.

165 5596 276 5666 (86)
314 5598 547 5681 Βλέπει.
574 5596 1199 5681 ΙξΙαιο,λβλέπειν,ι-ςμο‹ξ
1223 5600 1405 5681 μηρε
1445 5603 1634 5681 probo.

165 5617 276 5666 κου)
314 5617 547 5651 rusum.
576 5617 747 5662 rlato,
777 5617 1017 5669 βλέπειν,
1055 5617 1197 5672 quoa
1236 5617 1405 5669 magis
1480 5617 1634 5658 rono.

88 5667 227 5747 Quae
267 5669 840 5747 sequuntur‘trajectm
855 5675 1109 5747 nonnihil
1151 5672 1417 5747 videntur.
1445 5617 1636 5747 Etaque

88 5739 269 5821 legere
312 5740 491 5821 ιιιξιιίιιξ
542 5736 774 5821 βλέπειν.
819 5741 974 5793 Μετά
1005 5742 1062 5793 δὲ
1106 5745 1309 5803 ταῦτα,
1346 5742 1469 5811 περὶ
1510 5736 1633 5806 τοὺς

89 5807 299 5877 γάμους
326 5807 440 5859 ἀλλ.
470 5810 615 5859 ἐπικ.
650 5810 707 5859 ἐν
734 5812 857 5873 ταῖς,
880 5810 988 5860 τῶν
1026 5813 1191 5874 παίδ.,
1220 5821 1321 5865 etc.

164 5877 276 5948 (87)
329 5879 621 5947 Ὁμιλίαις.
650 5878 724 5932 Ita
752 5879 850 5932 hoc
886 5882 1183 5935 membrum
1225 5898 1253 5933 a
1285 5882 1632 5952 sequentibus

1758 3348 1971 3403 tissimo
2018 3340 2133 3401 visu
2177 3345 2429 3415 praedita,
2468 3345 2513 3397 si
2558 3341 2721 3396 modo
2752 3338 3048 3408 prudentiae
3079 3354 3300 3391 manum

1756 3447 2067 3509 sequentur.
2102 3436 2232 3502 Quae
2247 3435 2461 3504 quidem
2488 3432 2791 3503 prudentia,
2807 3431 3111 3486 divinorum
3141 3432 3302 3487 etiam

1754 3533 2021 3587 bonorum
2052 3527 2162 3582 dux
2207 3528 2450 3596 quaedam
2496 3532 2611 3590 est;
2665 3538 2826 3594 quam
2874 3523 3037 3577 veluti
3070 3532 3299 3577 mentem

1752 3622 1996 3692 proxime
2026 3620 2268 3688 sequitur
2308 3623 2565 3671 constans
2598 3614 2764 3669 animi
2803 3614 3152 3683 temperantia
3183 3630 3196 3665 :
3232 3627 3296 3665 ex

1751 3714 1822 3768 iis
1850 3711 2059 3767 duabus
2100 3724 2223 3764 cum
2268 3706 2582 3762 fortitudine
2622 3705 2923 3775 conjunctis
2949 3705 3158 3757 exsistit
3203 3702 3296 3769 ju-

1752 3804 1931 3871 stitia;
1964 3817 2100 3872 quas
2126 3800 2355 3870 denique
2384 3813 2572 3853 omnes
2597 3796 2853 3851 fortitudo
2892 3794 3106 3861 excipit.
3165 3793 3295 3846 Haec

1752 3897 1935 3951 omnia
1998 3894 2251 3950 humanis
2302 3892 2408 3946 illis
2452 3897 2657 3943 natura:
2710 3886 2970 3957 dignitate
3017 3892 3292 3954 prtestant.

1751 3986 2013 4053 Quocirca
2053 3987 2101 4040 is
2130 3984 2289 4051 etiam
2340 3982 2474 4035 ordo
2502 3977 2796 4050 legislatori
2843 3978 3137 4031 servandus
3169 3978 3291 4030 erit.

1752 4077 1952 4132 Deinde
1977 4090 2105 4129 vero
2127 4075 2272 4129 cives
2300 4073 2419 4126 aliis
2444 4068 2700 4124 institutis
2718 4081 2885 4136 ,quze
2909 4076 3085 4121 tamen
3113 4068 3295 4136 priora

1750 4182 1961 4236 semper
1989 4166 2078 4219 illa
2106 4170 2364 4233 spectent,
2389 4157 2731 4223 informabit;
2778 4159 2851 4213 ita
2873 4158 3089 4228 quidem
3119 4169 3178 4213 ut
3209 4175 3295 4212 res

1748 4258 1998 4310 humana:
2043 4253 2111 4309 ad
2142 4253 2369 4319 divinas,
2421 4252 2488 4306 ad
2516 4261 2745 4306 mentem
2776 4251 3074 4320 principem
3101 4251 3295 4305 divinae

1747 4361 1936 4402 omnes
1963 4345 2286 4401 referantur.
2318 4342 2538 4408 Deinde,
2557 4343 2759 4398 mutuis
2790 4342 2992 4413 nuptiis
3016 4344 3156 4396 inter
3176 4358 3293 4396 sese

1746 4438 2056 4501 contractis,
2103 4435 2529 4505 procreationem
2582 4435 3061 4503 educationemque
3096 4434 3290 4485 libero-

1748 4545 1867 4584 rum
1894 4529 2135 4583 studiose
2161 4526 2393 4591 curabit,
2424 4534 2479 4581 et
2501 4542 2597 4581 seu
2626 4542 2804 4581 mares
2831 4527 2906 4579 illi
2935 4525 3163 4585 fuerint,
3194 4538 3286 4574 seu

1745 4619 1976 4683 feminae,
1999 4619 2260 4689 quidquid
2291 4618 2361 4673 ab
2388 4618 2456 4673 iis
2487 4619 2570 4673 vel
2598 4616 3044 4679 adolescentibus,
3065 4613 3147 4665 vel
3172 4613 3285 4682 jam

1741 4719 1896 4767 aetate
1924 4711 2327 4775 maturioribus,
2359 4710 2427 4764 ad
2460 4710 2631 4781 ipsam
2660 4723 2830 4777 usque
2856 4715 3205 4766 senectutem,
3234 4705 3287 4758 in

1744 4812 1929 4857 mutua
1959 4802 2349 4857 consuetudine
2372 4810 2514 4856 recte
2545 4813 2768 4854 secusve
2795 4797 2904 4859 ﬁat,
2936 4796 3159 4850 altemm
3192 4797 3288 4849 lio-

1743 4908 1873 4947 nore
1904 4892 2121 4956 afficiet,
2152 4892 2376 4947 alterum
2406 4888 2696 4960 ignominia
2730 4905 2747 4940 :
2781 4887 2945 4941 simul
2970 4888 3131 4941 etiam
3157 4885 3285 4955 quid

1742 4982 1808 5036 iis
1834 4991 1926 5035 aut
1954 4982 2125 5037 dolori
2155 4982 2245 5047 sit,
2272 4987 2366 5033 aut
2384 4978 2666 5047 voluptati,
2695 4978 2893 5047 quibus
2922 4978 3004 5033 vel
3032 4977 3286 5045 cupidita-

1738 5116 2174 5185 distinguendum
2206 5134 2219 5170 :
2246 5131 2404 5170 secus
2444 5130 2549 5185 non
2583 5114 2717 5170 levis
2748 5124 2831 5170 est
2875 5114 3150 5170 sententia:
3192 5111 3276 5163 l‘u-

1738 5196 1858 5239 tura
1892 5184 2239 5252 perturbatio,
2272 5196 2328 5238 ut
2357 5201 2422 5238 ex
2454 5184 2620 5239 Ficini
2648 5186 2892 5239 versione
2918 5196 3158 5237 constare
3183 5198 3278 5249 po-

1742 5264 1862 5308 test.
1904 5252 2037 5306 Nam
2064 5270 2183 5321 quae
2210 5264 2537 5322 sequuntur.
2588 5257 2657 5309 ita
2687 5255 2861 5310 reddit
2892 5274 2903 5306 :
2938 5253 3131 5306 Contra
3163 5267 3278 5301 vero

1737 5324 1970 5386 dolores,
2010 5324 2296 5392 voluptates
2326 5334 2374 5377 et
2397 5326 2723 5394 cupiditates,
2760 5326 2814 5376 in
2840 5324 2979 5394 omni
3011 5337 3282 5394 cont'ersa-

1740 5395 1874 5445 tione
1901 5391 2190 5461 vituperet,
2242 5403 2347 5449 etc.
2376 5391 2540 5464 Atqui
2587 5397 2798 5451 nolebat
2847 5392 2995 5443 Plato
3038 5391 3275 5447 dolorem

1736 5477 1951 5516 omnem
1999 5471 2093 5516 aut
2147 5479 2361 5519 omnem
2406 5467 2568 5520 animi
2629 5470 3041 5520 commotionem
3095 5477 3277 5528 repre-

1737 5532 1926 5614 hendi,
1979 5534 2072 5614 sed
2104 5537 2280 5603 potius
2310 5538 2540 5614 quodin
2568 5549 2777 5614 quaque
2807 5540 3009 5614 rectum
3043 5532 3275 5612 laudari.

1739 5603 2028 5670 vituperari
2056 5602 2242 5677 contra
2265 5602 2406 5677 quod
2428 5602 2703 5665 vitiosum,
2727 5612 2782 5655 ut
2806 5619 2870 5655 ex
2895 5602 3277 5669 disputationis

1737 5682 1984 5743 contextu
2020 5676 2301 5730 manifeste
2331 5688 2489 5743 patet.

1806 5740 1913 5811 (88)
1950 5744 2226 5812 Ἀληθοῦς
2261 5740 2459 5811 δόξης.
2488 5743 2863 5812 Ε’ῑεὶηυδμενα
2896 5743 3149 5809 opinione.
3174 5741 3274 5812 Sed

1736 5827 1857 5880 qua:
1899 5810 2110 5867 tandem
2137 5810 2256 5869 vera
2291 5810 2402 5867 haec
2452 5813 2670 5879 opinio?
2702 5810 2831 5863 Etsi
2864 5828 2969 5881 qua
3001 5822 3082 5865 est
3103 5854 3116 5874 ,
3148 5811 3275 5880 quid

1735 5898 1854 5938 eam
1900 5884 2037 5938 inter
2082 5886 2521 5955 prudentiamque
2572 5882 2937 5937 discriminis?
2980 5883 3110 5945 Δόξα
3157 5881 3273 5942 bit,
