4002 6340
63 432 190 489 989

1218 434 1529 490 PBIEPAR.
1569 434 1819 489 EVANG.
1855 434 1977 487 LIB.
2021 434 2129 487 XII.

3165 434 3267 491 990

62 547 468 614 αἰσθάνεσθαι,
514 549 606 601 καὶ
650 550 710 601 τὸ
749 550 1000 619 παράπαν
1054 550 1169 620 ζῇν,
1225 551 1473 620 μέγιστον
1528 551 1626 623 μὲν

1728 550 1902 604 omnis
1926 549 2174 603 cumulus
2201 549 2447 612 habetur,
2464 556 2520 601 ut
2544 549 2774 617 primum
2809 551 2922 605 haec
2938 552 3117 605 omnia
3143 567 3269 606 coa-

64 640 258 695 κακὸν
279 640 370 694 τὸν
405 640 684 711 ξύμπαντα
714 641 900 712 χρόνον
928 642 1190 693 ἀθάνατον
1233 643 1362 695 ὄντα
1407 645 1500 696 καὶ
1546 662 1634 698 κε-

64 747 188 802 κτη
198 732 360 801 μένον
395 734 568 785 πάντα
597 734 663 786 τὰ
685 733 943 803 λεγόμενα
974 734 1167 800 ἀγαθὰ,
1200 734 1339 804 πλὴν
1364 735 1634 788 δικαιοσύ-

60 840 183 894 νης
218 842 281 878 τε
310 826 401 878 καὶ
424 826 619 895 ἀρετῆς
642 824 885 895 ἁπάσης·
913 825 1128 877 ἔλαττον
1154 826 1231 887 δὲ,
1254 826 1347 877 ἐὰν
1368 826 1444 890 ὡς
1464 828 1633 895 ὀλίγι-

62 930 215 966 στον
243 917 275 967 ὁ
320 914 558 976 τοιοῦτος
611 915 799 985 χρόνον
830 915 1056 987 ὲπιζῴῃ.
1115 908 1296 968 Ταῦτα
1347 917 1411 986 δὴ
1458 918 1634 985 λέγειν

57 998 239 1073 οἴμαι
263 1006 387 1068 τοὺς
410 1005 536 1076 παρ’
564 1006 688 1074 ὑμῖν
713 1006 955 1076 ποιητὰς,
980 1008 1121 1076 ἆπερ
1146 1007 1275 1075 ἐγὼ,
1297 1008 1510 1060 πείσετε
1539 1009 1633 1062 καὶ

56 1091 421 1160 ἀναγκάσετε
441 1133 457 1157 ,
495 1094 574 1146 ἔτι
602 1093 809 1159 τούτοις
855 1096 1149 1166 ἑπομένους
1188 1096 1425 1167 ῥυθμούς
1452 1115 1509 1150 τε
1536 1094 1635 1151 καὶ

56 1183 348 1252 ἁρμονίας
375 1184 685 1247 ἀποδόντας,
710 1185 978 1239 παιδεύειν
997 1185 1137 1247 οὕτω
1150 1188 1275 1261 τοὺς
1292 1189 1443 1251 νέους
1458 1189 1629 1259 ὑμῶν.

54 1268 152 1325 Ἠ
184 1273 299 1345 γὰρ
321 1275 479 1344 ὁρᾶτε
504 1274 655 1343 (25);
699 1275 835 1342 Ἐγὼ
856 1275 953 1345 μὲν
998 1274 1107 1345 γὰρ
1137 1276 1278 1343 λέγω
1318 1278 1519 1346 σαφῶς,
1565 1279 1632 1332 τὰ

59 1364 181 1433 μὲν
206 1365 351 1418 κακὰ
380 1365 641 1435 λεγόμενα
669 1365 846 1434 ἀγαθὰ
870 1368 980 1428 τοῖς
1007 1366 1207 1429 ἀδίκοις
1232 1362 1367 1419 εἶναι
1390 1407 1405 1432 ,
1438 1372 1550 1431 τοῖς
1576 1370 1632 1422 δὲ

53 1453 314 1516 δικαίοις
332 1455 506 1507 κακά·
538 1456 607 1509 τὰ
626 1455 685 1506 δὲ
709 1445 906 1522 ἀγαθὰ,
931 1457 1039 1518 τοῖς
1068 1456 1164 1524 μὲν
1205 1456 1425 1524 ἀγαθοῖς
1466 1457 1632 1520 δντως

56 1543 286 1611 ἀγαθὰ,
320 1547 428 1606 τοῖς
453 1544 507 1597 δὲ
534 1548 718 1607 κακοῖς
746 1546 903 1597 κακά.
933 1547 1105 1615 Ὅπερ
1138 1540 1227 1597 οὖν
1264 1546 1494 1617 ἠρόμην,
1523 1543 1631 1617 ἆρα

58 1634 472 1705 ξυμφωνοῦμεν
491 1634 600 1704 ἐγώ
624 1653 682 1688 τε
714 1638 807 1690 καὶ
831 1639 1003 1708 ὑμεῖς,
1056 1638 1088 1707 ἢ
1117 1637 1261 1701 πῶς;
1292 1626 1310 1688 ι
1342 1638 1417 1691 Οὐ
1446 1636 1631 1708 πόρῤω

55 1724 253 1777 ταῦτα
292 1728 543 1797 τυγχάνει
584 1727 691 1780 τῶν
715 1727 807 1779 τοῦ
838 1727 996 1779 Δαϐὶδ
1020 1728 1278 1798 Ψαλμῶν,
1313 1727 1402 1790 οὓς
1430 1728 1631 1799 προλα-

55 1812 190 1864 ϐὼν
215 1813 346 1883 θείῳ
371 1814 633 1885 πνεύματι
661 1813 909 1878 συνέταξε
932 1814 998 1865 δι’
1020 1815 1171 1883 ᾠδῶν
1191 1816 1285 1867 καὶ
1314 1814 1515 1885 ὓμνων,
1548 1817 1631 1880 τίς

58 1904 179 1971 μὲν
212 1905 243 1955 ὁ
292 1903 504 1974 ἀληθῶς
560 1904 840 1975 μακάριος,
876 1903 960 1965 τίς
1010 1904 1065 1954 δὲ
1094 1905 1121 1955 ὁ
1167 1903 1337 1974 τούτῳ
1369 1906 1628 1969 ἐναντίος,
1663 1898 1705 1953 Β

57 1992 393 2055 παιδεύσας.
452 1994 723 2047 Ἐντεῦθεν
762 1992 889 2061 γοῦν
925 1992 1072 2061 αὐτῷ
1102 1996 1194 2047 καὶ
1243 1995 1624 2065 κατάρχεταιή

59 2084 259 2151 βίϐλος
282 2084 509 2153 φήσαντι
532 2100 546 2113 ο
571 2102 589 2133 ι
618 2086 896 2155 Μακάριος
923 2084 1057 2154 ἀνὴρ
1080 2083 1248 2146 δςούκ
1277 2086 1541 2156 ἐπορεύθη
1570 2086 1628 2139 ὲν

57 2176 243 2245 βουλῇ
278 2174 513 2228 ἀσεϐῶν
555 2194 574 2227 ι
618 2176 710 2227 καὶ
756 2177 823 2228 τὰ
852 2177 1027 2245 ὃμοια.
1060 2175 1128 2226 Ἀ
1154 2175 1217 2244 δὴ
1250 2175 1563 2245 μεταϐαλὼν
1598 2176 1627 2226 ὁ

56 2266 326 2329 Πλάτων,
361 2266 491 2335 φησὶ
541 2264 650 2319 δεῖν
694 2266 819 2329 τοὺς
851 2264 1075 2333 ποιητὰς
1118 2264 1314 2332 λέγειν,
1371 2266 1445 2329 ὡς
1473 2269 1501 2318 ό
1530 2266 1626 2335 μὲν

54 2355 284 2423 ἀγαθὸς
309 2356 465 2426 ἀνὴρ,
500 2355 726 2427 σώφρων
745 2356 818 2409 ὢν
850 2358 944 2409 καὶ
970 2356 1194 2419 δίκαιος,
1227 2356 1491 2425 εὐδαίμων
1513 2358 1629 2408 ἐστι

54 2448 172 2501 καὶ
209 2448 506 2518 μακάριος·
555 2446 648 2499 ἐὰν
676 2448 732 2499 δὲ
785 2448 893 2519 ἄρα
937 2449 1166 2520 πλουτῇ,
1219 2444 1253 2523 ᾖ
1313 2448 1370 2501 δὲ
1425 2448 1625 2511 ἄδικος,

53 2538 262 2601 ἄθλιός
299 2541 463 2592 ἐστιν.
503 2539 568 2591 Ὃ
599 2538 692 2590 καὶ
724 2538 852 2590 αὐτὸ
901 2534 1062 2593 πάλιν
1100 2541 1130 2591 ὁ
1158 2538 1317 2591 Δαϐὶδ
1360 2532 1460 2591 ὧδέ
1512 2555 1627 2601 τως

54 2630 307 2694 ἐξέδωκε
331 2630 419 2683 διὰ
442 2630 551 2697 τῶν
575 2629 816 2699 Ψαλμῶν
844 2629 1011 2684 είπών
1031 2646 1045 2659 ⁸
1080 2650 1099 2681 ι
1130 2630 1360 2693 Πλοῦτος
1384 2630 1476 2682 ἐὰν
1507 2630 1623 2699 ῥέῃ,

59 2724 154 2793 μὴ
187 2721 538 2791 προσ-τίθεσθε
567 2721 789 2791 καρδίαν
811 2736 824 2749 ⁸
864 2738 883 2772 ι
916 2722 1008 2773 καὶ
1028 2720 1187 2773 πάλιν
1210 2739 1224 2752 ·
1265 2740 1283 2773 ι
1314 2721 1403 2792 Μὴ
1436 2720 1622 2789 φοϐοῦ,

52 2808 207 2868 ὅταν
234 2811 502 2883 πλουτήσῃ
529 2811 808 2882 ἅνθρωπος
828 2849 847 2874 ,
880 2812 914 2883 ἢ
948 2812 1075 2863 ὅταν
1109 2810 1381 2882 πληθυνθῇ
1424 2813 1457 2882 ἡ
1502 2811 1629 2874 δόξα

56 2905 174 2958 τοῦ
200 2906 345 2957 οἴκου
372 2904 551 2957 αὐτοῦ.
587 2922 607 2954 ι
654 2903 776 2955 Ἐπὶ
809 2902 1001 2972 σχολῆς
1028 2902 1071 2953 δ’
1114 2901 1181 2953 ἂν
1219 2898 1401 2972 εὕροις
1427 2902 1630 2954 ἕκαστα

55 2998 188 3050 τῶν
215 2997 513 3067 εἰρημένων
538 2997 617 3068 τῷ
644 2995 932 3065 φιλοσόφῳ,
959 2994 1095 3063 πρὸς
1122 2992 1266 3056 λέξιν
1308 2994 1535 3064 κείμενα
1558 2995 1626 3047 δι’

54 3088 209 3157 ὅλης
232 3086 332 3155 τῆς
350 3088 497 3158 ἱερᾶς
521 3089 628 3141 τῶν
655 3084 893 3155 ιΙ¹ἀλμ.ῶν
917 3085 1150 3154 γραφῆς.

1734 650 1949 695 secutus
1995 641 2140 704 eris,
2191 640 2447 694 continuo
2494 639 2847 694 immortalem
2892 644 3132 696 evadere.
3202 645 3269 697 At

1732 729 1996 799 ejusmodi
2041 740 2165 784 cum
2213 737 2410 792 vester,
2457 728 2668 797 opinor,
2711 738 2826 783 tum
2867 745 3018 785 meus
3055 746 3269 800 quoque
3328 736 3331 737 ⁷

1732 836 1923 876 sensus
1948 828 2049 881 est,
2069 820 2200 872 viris
2229 819 2448 888 quidem
2472 818 2632 886 justis
2656 833 2719 873 ac
2743 820 2844 888 piis
2872 821 3123 889 optimam
3148 836 3271 876 esse

1730 927 1910 966 rerum
1943 911 2167 964 istarum
2198 910 2439 963 omnium
2472 910 2865 977 possessionem
2887 951 2903 976 ,
2933 919 2987 964 at
3014 911 3267 979 improbis

1732 1003 1888 1072 longe
1921 993 2237 1072 pésSimam,
2274 986 2442 1053 ‘initio
2466 1001 2536 1054 ab
2564 1003 2793 1068 ipsamet
2835 1002 3061 1055 sanitate
3084 1001 3263 1055 ducto.

1729 1092 1863 1147 Nam
1887 1090 2090 1155 videre,
2136 1091 2345 1156 audire,
2382 1091 2599 1155 sentire,
2631 1092 2956 1161 omninoque
2982 1093 3177 1156 vivere,
3209 1100 3269 1147 ut

1730 1181 2022 1236 maximum
2070 1181 2120 1233 ei
2158 1180 2361 1232 malum
2405 1177 2583 1241 fuerit,
2632 1180 2723 1249 qui
2765 1180 2881 1232 haec
2922 1181 3120 1243 omnia,
3149 1194 3269 1248 qua:

1728 1273 1890 1341 vulgo
1918 1258 2060 1324 bona
2084 1268 2355 1346 dicuntur,
2380 1263 2705 1337 sempiterno
2733 1272 2968 1337 teniporc
2989 1268 3267 1323 immorta-

1730 1362 1798 1417 lis
1826 1361 2131 1431 possideat,
2164 1374 2196 1413 a
2234 1350 2443 1429 justitia
2492 1368 2546 1413 et
2584 1351 2779 1413 virtute
2813 1359 3080 1430 seiuncta;
3111 1361 3189 1414 sic
3218 1360 3268 1414 ei

1728 1458 1887 1527 longe
1921 1456 2121 1519 minus,
2156 1455 2247 1522 qui
2279 1447 2402 1509 talis
2447 1462 2572 1507 etim
2614 1436 2777 1519 esset,
2810 1454 3025 1508 nonnisi
3068 1451 3271 1507 brevis-

1729 1548 1870 1604 simo
1900 1556 2140 1615 tempore
2166 1543 2381 1599 vixerit.
2448 1540 2574 1598 Hec
2603 1543 2789 1613 utique
2830 1546 2991 1600 vestri
3025 1554 3083 1599 ut
3105 1554 3272 1621 poetae

1728 1645 1945 1703 canant,
1958 1636 2043 1690 vel
2056 1635 2427 1704 impetrabitis,
2440 1635 2533 1695 vel
2547 1634 2953 1704 extorquebitis,
2967 1636 3188 1691 necnon
3214 1644 3273 1689 ut

1730 1736 1911 1798 aptum
1960 1727 2027 1781 iis
2057 1733 2111 1779 et
2154 1726 2449 1780 cohaerens
2478 1709 2823 1779 numerorum
2877 1735 3271 1792 concentusque

1732 1834 1899 1889 genus
1944 1816 2267 1880 adhibeant,
2308 1813 2455 1885 quod
2500 1814 2804 1868 erudiendis
2847 1814 3270 1869 adolescentibus

1730 1910 1926 1964 vestris
1958 1918 2317 1978 opportunum
2347 1907 2417 1961 sit
2443 1904 2701 1963 futurum.
2769 1904 2955 1960 Utrum
2999 1900 3139 1960 enim
3169 1907 3271 1960 hoc

1729 1998 2003 2054 advertitis
2019 1996 2371 2067 ?—Equidem
2403 1996 2455 2049 id
2487 1996 2627 2049 clare
2647 1995 2952 2063 pronuntio,
2980 2010 3099 2064 qua:
3130 1996 3269 2051 mala

1728 2089 2000 2150 dicuntur,
2019 2088 2234 2157 injustis
2259 2088 2574 2153 bona,mala
2596 2087 2759 2157 justis
2782 2101 2931 2150 esse;
2963 2101 3082 2155 quae
3109 2087 3268 2149 bona,

1728 2179 1883 2233 bonis
1910 2171 2222 2243 vere'bona,
2244 2179 2402 2233 malis
2423 2188 2600 2232 autem
2629 2176 3057 2232 mala.——-Utrum
3087 2178 3269 2246 igitur,

1729 2270 1779 2321 in
1805 2282 1869 2321 eo
1899 2267 2043 2335 quod
2070 2268 2345 2334 rogabam,
2404 2269 2542 2324 inter
2567 2283 2665 2323 nos
2695 2269 3056 2331 convenimus,
3087 2282 3154 2320 an
3185 2282 3271 2345 se:-

1726 2358 1859 2412 cus?
1890 2377 1909 2409 ι
1942 2358 2223 2412 Platonica
2268 2360 2374 2413 ista
2404 2375 2510 2414 non
2535 2360 2820 2414 admodum
2849 2373 2879 2410 a
2910 2356 3137 2411 Psalmis
3170 2357 3273 2411 Da-

1724 2451 1864 2505 vidis
1891 2451 2124 2515 absunt,
2165 2466 2305 2520 quos
2336 2451 2551 2520 quidem
2579 2451 2693 2519 ipse
2722 2448 2902 2503 divino
2932 2446 3137 2501 afﬂatus
3162 2438 3270 2501 Nu-

1726 2544 1871 2597 mine
1899 2552 2048 2598 tanto
2093 2554 2216 2598 ante
2242 2559 2307 2598 ex
2337 2546 2583 2598 cantibus
2612 2540 2930 2611 hymnisque
2973 2541 3265 2605 contexuit,

1729 2634 1979 2702 quisnam
2001 2649 2127 2687 vere
2152 2642 2245 2687 aut
2265 2634 2475 2695 beatus,
2500 2641 2593 2685 aut
2615 2632 2778 2685 miser
2799 2639 2959 2695 esset,
2973 2644 3265 2699 exponens.

1729 2721 1796 2775 Et
1818 2722 2033 2791 quidem
2063 2737 2221 2777 suum
2266 2722 2379 2790 ipse
2402 2722 2594 2773 librum
2618 2704 2742 2773 inde
2771 2720 3107 2787 auspicatur,
3140 2720 3267 2773 dum

1729 2813 1843 2867 ait:
1880 2829 1899 2862 ι
1932 2811 2127 2865 Beatus
2156 2811 2259 2877 vir,
2304 2810 2397 2880 qui
2446 2826 2550 2864 non
2598 2809 2759 2881 596
2802 2809 2931 2863 abiit
2960 2809 3012 2862 in
3044 2811 3268 2864 consilio

1731 2904 2015 2975 impiorum
2043 2904 2083 2934 ⁸¹
2107 2920 2155 2968 ;»
2192 2914 2244 2957 et
2268 2902 2486 2965 similia,
2519 2903 2714 2970 quibus
2741 2901 2985 2956 nonnihil
3014 2902 3267 2955 immuta-

1731 2994 1821 3061 tis,
1850 2992 2001 3047 Plato
2030 2992 2169 3046 hanc
2190 2991 2363 3061 poetis
2390 2990 2758 3046 necessitatem
2786 2991 3041 3061 imponit,
3088 2992 3164 3045 uti
3187 2990 3269 3045 vi-

1732 3100 1853 3137 rum
1903 3074 2141 3148 bonum,
2194 3082 2273 3139 vel
2321 3082 2425 3135 hoc
2450 3082 2596 3148 ipso,
2628 3096 2737 3150 quo
2785 3082 3185 3151 temperantiam
3214 3088 3269 3136 et

58 3178 385 3247 aequitatem
428 3179 603 3243 colat,
633 3178 840 3233 felicem
882 3176 1202 3244 beatumque
1230 3176 1616 3245 pronuntient;
1655 3175 1958 3244 improbum
2000 3184 2202 3241 autem,
2249 3184 2311 3229 ut
2344 3175 2545 3229 divitiis
2596 3173 2951 3239 circumﬂuat,
3011 3175 3265 3228 miserum

56 3268 387 3339 praedicent.
427 3267 579 3333 Quod
608 3270 782 3339 ipsum
836 3266 1002 3321 David
1034 3266 1087 3320 in
1120 3267 1234 3321 suis
1282 3282 1497 3335 quoque
1522 3264 1753 3322 Psalmis
1781 3266 2067 3334 expreSsit,
2112 3266 2199 3321 his
2219 3267 2443 3320 verbis:
2495 3284 2514 3315 ι
2547 3256 2751 3319 Divitiae
2793 3264 2839 3319 si
2892 3264 3125 3325 afﬂuant,
3170 3279 3267 3317 no-
3328 3314 3331 3317 .

57 3360 174 3414 lite
212 3373 308 3412 cor
348 3371 610 3428 apponere
634 3358 701 3413 ⁶².
733 3378 752 3410 ι
788 3360 961 3429 Atque
995 3359 1209 3424 iterum,
1242 3376 1262 3408 ι
1294 3356 1369 3412 Ne
1412 3359 1620 3421 timeas,
1661 3372 1783 3410 cum
1806 3357 1957 3411 dives
1982 3357 2159 3413 factus
2184 3358 2345 3413 fuerit
2374 3359 2557 3423 homo,
2601 3366 2694 3411 aut
2750 3372 2871 3411 cum
2923 3354 3266 3423 multiplicata

60 3450 244 3506 fuerit
268 3448 433 3519 gloria
457 3447 650 3502 domus
681 3449 818 3517 ejus.
847 3450 912 3504 “.
948 3470 967 3502 ι
1002 3448 1141 3515 Quin
1171 3452 1331 3505 etiam
1356 3449 1618 3520 quidquid
1655 3463 1719 3502 eo
1749 3449 1869 3504 loco
1896 3450 2097 3505 dictum
2129 3465 2159 3503 a
2197 3444 2518 3519 philosopho
2550 3460 2666 3517 est,
2715 3450 2770 3504 id
2824 3460 2879 3505 tu
2907 3465 3062 3504 omne
3116 3450 3264 3520 sigil-

62 3542 257 3605 latim,
304 3542 360 3595 in
398 3554 553 3595 sacro
581 3534 913 3592 Psalmorum
957 3541 1261 3604 volumine,
1296 3540 1363 3593 ad
1399 3541 1617 3594 verbum
1659 3553 1997 3609 expressum,
2032 3539 2236 3608 majore
2258 3540 2375 3593 otio
2391 3540 2650 3608 reperies.

578 3631 965 3704 KE‘PAAAION
998 3631 1122 3681 KB'.
1647 3637 1688 3692 C
2279 3627 2505 3683 CAPUT
2545 3626 2705 3681 XXII.

65 3723 205 3776 Ὅτι
235 3723 307 3775 οὐ
337 3684 572 3773 πάντων
599 3691 726 3772 έσὲι
756 3719 862 3781 τὰς
888 3718 1062 3785 ὀρθὰς
1088 3718 1241 3781 ᾠδὰς
1265 3718 1359 3770 και
1385 3718 1456 3770 τὰ
1476 3719 1631 3787 μέλη

1730 3720 1853 3775 Νοη
1882 3719 2109 3787 cujusvis
2154 3735 2264 3773 esse
2307 3718 2595 3771 laudabiles
2635 3719 2763 3772 odos
2788 3727 2837 3772 et
2865 3721 3100 3774 carmina
3136 3722 3265 3773 scri-

149 3792 440 3843 δύνασθαι
470 3789 678 3855 ποιεῖν,
716 3790 850 3843 ἀλλ’
882 3787 920 3855 ἢ
958 3787 1148 3856 μόνου
1195 3788 1362 3853 Θεοῦ,
1394 3788 1432 3855 ἢ
1471 3789 1631 3842 θείου

1795 3790 1911 3843 bere
1931 3829 1945 3852 ,
1977 3792 2064 3843 sed
2104 3789 2180 3843 vel
2220 3789 2372 3842 unius
2408 3788 2527 3854 Dei,
2558 3790 2633 3842 vel
2681 3789 2842 3842 divini
2875 3791 3143 3857 cujusdam
3174 3793 3264 3841 Iw-

152 3860 315 3923 τινὸς
344 3858 577 3927 ἀνδρός.
1149 3920 1157 3929 ο

1797 3861 1973 3913 minis.

159 3967 179 3998 ι
211 3946 568 4017 Νομοθετικὸν
595 3946 703 4018 (24)
726 3946 822 4017 μὲν
843 3939 939 3998 οὖν
954 3944 1045 3997 καὶ
1060 3943 1329 3996 πολιτικὸν
1355 3946 1624 4016 ὑπερϐαλ-

66 4039 303 4102 λὸντως.
338 4038 475 4093 Ἀλλ’
500 4040 659 4110 ἕτερα
690 4038 865 4106 φαῦλα
894 4038 958 4091 ἂν
1005 4036 1181 4107 εὕροις
1212 4037 1395 4090 αὐτόθι
1420 4055 1434 4067 υ
1454 4038 1625 4107 ,τοῦτο

63 4131 125 4184 δ’
163 4125 259 4181 οὖν
306 4129 367 4180 τὸ
408 4129 533 4199 περὶ
583 4129 840 4198 μουσικὴν
880 4126 1072 4195 ἀληθές
1108 4142 1167 4177 τε
1216 4127 1309 4177 καὶ
1363 4125 1510 4187 ἄξιον
1538 4129 1625 4179 ὲν-

67 4221 232 4283 νοίας
250 4237 265 4250 ’
291 4223 370 4273 ὅτι
398 4222 615 4274 δυνατὸν
640 4222 744 4293 ἄρα
784 4218 851 4291 ἦν
896 4221 1021 4291 περὶ
1050 4219 1155 4270 τῶν
1185 4218 1435 4270 τοιούτων
1477 4236 1626 4288 νομο-

69 4310 371 4373 θετεῖσθαι,
394 4310 619 4379 βεϐαίως
641 4312 959 4382 θαρροῦντα,
995 4310 1126 4379 μέλη
1151 4308 1217 4361 τὰ
1238 4309 1333 4377 τὴν
1363 4307 1627 4377 ὀρθότητα

74 4402 249 4471 φύσει
281 4398 640 4469 παρεχόμενα.
674 4400 841 4451 Τοῦτο
876 4401 931 4451 δὲ
956 4397 1089 4451 Θεοῦ
1128 4398 1160 4468 ἢ
1192 4396 1331 4448 θείου
1356 4394 1498 4457 τινὸς
1534 4397 1626 4447 ἀν-

72 4493 213 4565 δρὸς
244 4492 306 4544 ἂν
333 4491 435 4559 είη.
467 4508 484 4540 ι
520 4490 751 4552 Εἰκότως
775 4491 880 4560 ἄρα
905 4492 997 4543 καὶ
1023 4492 1148 4561 παρ’
1190 4488 1451 4557 Ἑϐραίοις
1482 4503 1625 4538 νενο-

75 4584 369 4655 μοθέτητο,
433 4581 562 4651 μηδὲ
598 4580 783 4642 ἄλλους
843 4582 1040 4652 ὕμνους
1074 4584 1165 4634 καὶ
1196 4581 1334 4650 ᾠδὰς
1395 4582 1450 4632 ἐν
1506 4582 1622 4641 ταῖς

1803 3969 1821 4002 ι
1853 3953 1988 4016 ιωο,
2014 3950 2156 4019 quod
2180 3949 2375 4004 summi
2401 3959 2621 4019 prorsus
2651 3950 2824 4019 inquit
2849 3949 3016 4012 Plato,
3058 3963 3177 4001 cum
3208 3948 3260 4003 in

1726 4040 1931 4112 legibus
1960 4041 2346 4108 lerendis,tum
2382 4043 2436 4095 in
2463 4040 2833 4101 constituenda
2856 4038 3121 4106 republica
3152 4053 3265 4091 mo.

1728 4133 1893 4187 menti
1926 4132 2014 4187 sit.
2053 4128 2187 4195 Nam
2217 4140 2277 4185 ut
2300 4132 2405 4185 alia
2426 4130 2666 4198 quadam
2694 4114 2829 4207 apud
2856 4141 2949 4181 eos
2972 4127 3262 4181 leviuscnla

1727 4224 1993 4290 reperias;
2024 4222 2127 4275 hoc
2158 4236 2287 4275 sane
2314 4220 2457 4289 quod
2484 4222 2539 4270 in
2564 4217 2770 4271 musica
2812 4225 3072 4279 statuunt,
3101 4226 3154 4271 et
3176 4233 3263 4269 ve-

1724 4327 1865 4375 rum,
1883 4320 1937 4365 et
1966 4310 2340 4387 observatione
2362 4310 2580 4377 dignum
2604 4316 2685 4362 est
2715 4324 2728 4360 :
2757 4308 2867 4362 ﬁeri
2892 4309 3139 4362 nimirum
3170 4325 3263 4377 po-

1723 4403 1890 4455 tuisse
1911 4440 1925 4464 ,
1956 4409 2014 4453 ut
2061 4401 2163 4455 hoc
2203 4401 2364 4454 etiam
2414 4401 2467 4453 in
2510 4415 2703 4470 genere
2734 4402 3027 4471 legislator,
3060 4402 3105 4455 si
3133 4415 3261 4454 eon—

1726 4500 1931 4544 stantcr
1960 4487 2182 4544 auderet
2210 4491 2389 4554 modo,
2433 4500 2731 4545 concentus
2752 4507 2846 4545 eos
2873 4493 2985 4559 lege
3008 4472 3255 4549 sanciret,

1724 4579 1815 4648 qui
1842 4593 1933 4647 per
1960 4593 2078 4633 sese
2104 4579 2437 4635 honestatem
2481 4589 2684 4634 natura:
2721 4596 2783 4635 ac
2820 4567 3138 4648 probitatem
3160 4576 3255 4627 ad-

72 4675 258 4737 θείαις
283 4671 637 4733 διδασκαλίαις
669 4671 1015 4741 ἀποδέχεσθαι
1045 4673 1077 4741 ἧ
1103 4673 1200 4735 τὰς
1224 4673 1328 4724 ὑπὸ
1357 4671 1447 4723 τοῦ
1480 4671 1620 4723 θείου

1728 4670 2023 4737 iungerent.
2059 4668 2325 4723 Cancrum
2354 4670 2409 4724 id
2432 4673 2514 4726 vel
2540 4672 2655 4739 Dei,
2687 4671 2767 4726 vel
2793 4669 2954 4725 divini
2982 4666 3254 4735 cujusdam

72 4764 397 4832 Πνεύματος
457 4762 542 4815 διὰ
570 4761 673 4813 τῶν
697 4761 854 4813 θείων
906 4762 997 4815 καὶ
1044 4761 1388 4833 προφητικῶν
1416 4761 1619 4832 ἀνδρῶν

75 4855 473 4925 πεποιημένας,
527 4856 596 4907 τά
649 4866 709 4905 τε
747 4850 949 4911 τούτοις
1006 4852 1309 4922 κατάλληλα
1358 4852 1509 4921 μέλη,
1545 4850 1620 4921 τῷ

77 4941 309 5011 συνήθει
336 4945 462 5015 παρ’
494 4944 671 5004 αὐτοῖς
698 4939 925 5011 ᾀδόμενα
945 4937 1145 5006 τρόπῳ.
1506 4944 1512 4953 ‘

1724 4757 1958 4812 hominis
1986 4760 2259 4828 proprium
2292 4761 2476 4814 fuerit.
2515 4780 2533 4812 ι
2570 4760 2843 4827 Ιυιιονοτεο
2869 4765 3084 4811 cautum
3118 4758 3257 4825 apud

1722 4845 1969 4901 Hebraeos
1999 4846 2130 4912 fuit,
2166 4860 2225 4902 ut
2251 4864 2317 4903 ne
2347 4849 2436 4903 alii
2465 4848 2659 4901 divinis
2696 4847 2749 4899 in
2787 4844 3043 4900 doctrinis
3077 4843 3256 4913 hymni

1722 4947 2019 5007 cantusque
2048 4939 2228 4993 locum
2256 4939 2535 5000 haberent,
2558 4950 2718 5004 quam
2740 4949 2877 5004 quos
2911 4935 3122 4989 divinus
3146 4933 3257 5000 ipse

77 5034 323 5103 Spiritus
376 5036 677 5090 divinorum
734 5050 796 5089 ac
853 5030 1283 5099 propheticorum
1341 5031 1621 5085 hominum
1679 5047 1773 5087 ore
1829 5032 2077 5097 fudisset,
2126 5046 2299 5100 eoque
2344 5038 2599 5099 praeterea
2646 5026 2981 5082 modulorum
3043 5037 3254 5095 genere,

73 5125 232 5199 quod
256 5138 460 5181 etcum
502 5128 635 5197 ipsis
678 5113 985 5187 cohaereret,
1028 5130 1080 5174 et
1115 5121 1337 5175 solemni
1364 5125 1503 5191 apud
1534 5139 1628 5179 eos
1662 5132 1985 5195 receptoque
2008 5138 2157 5177 more
2182 5130 2481 5175 caneretur.

578 5215 963 5270 ΚΕΦΑΛΔΙΟΝ
995 5213 1118 5265 Kl".

24 5286 31 5289 ⁷
77 5268 235 5376 Περὶ.
251 5303 369 5359 τῶν
397 5303 882 5439 δοκιμάζειτυοέῗν
1148 5300 1296 5357 κατὰ
1342 5300 1489 5355 Θεὸν
1518 5315 1623 5355 περ

598 5390 695 5427 ποι
846 5391 917 5439 ας
1026 5390 1114 5436 ας.

598 5390 917 5427 ποιηιιεναί·
943 5390 1114 5427 ωοαρ.

166 5375 172 5376 ί
478 5439 492 5452 ⁸
598 5375 917 5443 ποιημένας
943 5375 1114 5439 ᾠδάς.

166 5486 185 5519 ι
214 5462 482 5535 Συγχωρῶ
521 5444 718 5532 (Ξ5Ῠγε
741 5466 803 5517 τό
830 5482 893 5533 γε
922 5465 1167 5517 τοσοῦτον
1215 5461 1307 5517 καὶ
1356 5459 1466 5529 ἐγὼ
1511 5463 1623 5523 τοῖς

157 5561 202 5591 ⁸³
238 5559 380 5613 Psal.
417 5572 458 5619 ι,
490 5556 540 5612 ι.
618 5556 663 5587 ⁸³
690 5555 831 5617 Psal.
867 5573 977 5623 ui,
1008 5558 1092 5611 11.
1170 5556 1214 5588 ⁸³
1239 5554 1381 5611 Psal.
1404 5569 1593 5619 nvm,
1629 5552 1713 5609 Π.

158 5651 270 5719 (25)
307 5647 516 5731 ᾚτὰρ
542 5647 733 5716 ὁρᾶτε.
767 5647 1100 5712 Familiaris,
1150 5660 1208 5734 ut.
1231 5663 1242 5672 '
1265 5650 1318 5732 in
1344 5648 1622 5776 dialogis,

160 5722 448 5776 mnellatio.
476 5734 573 5773 nec
611 5719 905 5771 vernacula:
931 5728 1123 5772 nostra:
1151 5721 1429 5775 dissimilis
1450 5756 1465 5776 .
1539 5734 1620 5776 ar.

85 5721 448 5790 compellatio,
476 5734 573 5773 nec
611 5719 905 5790 vernacula:
931 5728 1132 5790 nostrae
1151 5719 1429 5775 dissimilis
1450 5756 1465 5785 ,
1495 5719 1620 5787 Car,

86 5787 401 5862 scyth-rcus
441 5790 574 5844 bien.
608 5787 765 5853 Mais,
796 5803 1090 5856 coges-vom
1116 5788 1251 5844 hicn.

2271 5210 2497 5266 CAPUT
2530 5210 2715 5267 XXIII.

1808 5302 1885 5355 De
1914 5301 1979 5354 iis
2008 5303 2095 5370 qui
2123 5302 2323 5355 divinos
2353 5302 2473 5358 illo:
2506 5313 2689 5357 cantus
2712 5303 2926 5373 probare
2952 5300 3166 5368 possint.

1797 5474 1817 5510 ι
1850 5450 1962 5526 Ego
1992 5473 2140 5525 vero,
2174 5458 2349 5528 inquit
2388 5458 2561 5525 Plato,
2610 5460 2661 5515 id
2706 5454 3027 5512 multitudini
3059 5470 3250 5510 conco-

1786 5628 2346 5717 (εθζινομοθετικάν.
2409 5646 2592 5711 Plato,
2640 5642 2825 5697 eodem
2878 5642 2971 5699 lib.
3020 5659 3059 5700 ιι
3100 5644 3250 5717 ιιι..

1717 5731 1782 5787 pa
1825 5756 1838 5768 .
1876 5716 1998 5780 577,
2033 5716 2094 5769 D.

1785 5732 1900 5859 ἶῖὅ)
1945 5784 2249 5857 Συγχωρῶ.
2279 5784 2354 5840 Id.
2386 5783 2538 5850 ibim,
2564 5796 2681 5854 pag.
2714 5778 2837 5848 578,
2860 5780 2925 5836 C.
