4002 6340
742 442 841 502 991

1365 440 1631 497 ευεειιιι
1668 441 2143 499 C/ESARIENSIS
2179 444 2297 497 ΟΝ

2399 444 2550 507 'ARS
2582 443 2643 499 ΙΙ.
2680 475 2751 487 -
2785 443 3271 501 APOLOGETICA.

742 560 867 613 dam
898 558 1009 627 ipse
1035 573 1247 628 quoque
1266 599 1282 624 ,
1318 561 1578 613 musicam
1621 561 1891 629 voluptate
1920 561 2092 613 metiri
2123 576 2283 629 opor-

2399 562 2615 623 πολλοῖς,
2643 562 2752 613 δεῖν
2778 562 2873 630 τὴν
2906 561 3161 631 μουσικὴν
3185 561 3344 630 ἡδο·ιῇ
3358 557 3658 628 κρίνεσθαι
3679 570 3696 584 ⁸
3817 560 3903 625 ξέν-

746 657 890 712 tere,
938 650 1017 702 sic
1069 659 1245 702 tamen
1266 688 1281 712 ,
1313 659 1372 702 ut
1402 666 1508 702 non
1544 650 1598 703 in
1628 651 1956 719 plebeiorum
2006 653 2282 705 hominum

744 738 1011 805 voluptate
1050 739 1480 805 acquiescamus,
1520 740 1613 793 sed
1646 741 1903 808 optimam
1934 740 2043 795 fere
2074 757 2283 795 musam

746 827 887 879 illam
936 844 1054 881 esse
1099 838 1433 895 statuamus,
1488 846 1608 899 qua:
1655 831 1885 899 optimos
1939 840 2099 900 atque
2127 832 2283 901 597

744 914 942 981 optimc
970 915 1267 979 institutos,
1300 920 1531 972 maxime
1558 934 1683 973 vero
1721 935 1841 987 qua:
1870 936 2032 973 unum
2056 922 2284 989 aliquem

745 1004 957 1058 virtute-
983 1006 1335 1076 doctrinaque
1375 1018 1715 1078 praestantem
1750 1011 2056 1064 delectabit.
2111 1012 2287 1076 Quare

744 1096 995 1151 virtutem
1028 1098 1082 1151 in
1112 1100 1299 1165 primis
1328 1100 1628 1154 carminum
1659 1102 1869 1154 illorum
1893 1102 2163 1169 judicibus
2196 1118 2287 1155 ne-

745 1188 1031 1242 cessariam
1077 1204 1194 1242 esse
1236 1189 1595 1253 defendimus,
1628 1207 1749 1245 cum
1792 1192 1826 1244 ii
1865 1207 1971 1245 non
2007 1192 2287 1260 prudentia

746 1281 925 1339 modo,
948 1295 1129 1332 verum
1157 1279 1317 1333 etiam
1344 1285 1645 1335 constantia
1665 1283 1870 1351 prmditi
1898 1298 2017 1337 esse
2039 1283 2284 1337 debeant.

747 1365 854 1420 Nec
885 1368 1026 1420 enim
1072 1369 1312 1435 profecto
1336 1370 1541 1432 deceat,
1578 1381 1635 1425 ut
1675 1387 1862 1440 :equus
1900 1388 2165 1442 verusque
2197 1372 2287 1439 ju-

746 1458 866 1519 dcx,
893 1468 982 1510 aut
1012 1458 1079 1510 ab
1107 1458 1337 1527 ipsomet
1362 1461 1571 1513 theatro
1589 1464 1833 1526 edoctus,
1859 1472 1910 1516 et
1935 1464 2124 1530 partim
2153 1464 2290 1516 mul-

748 1548 987 1601 titudinis
1022 1551 1267 1617 strepitu,
1305 1552 1498 1619 partim
1535 1552 1757 1606 stultitia
1790 1554 2003 1622 propria
2049 1554 2289 1621 stupefa-

745 1648 863 1689 ctus
886 1639 1145 1704 jlldil‘iﬂﬂl
1182 1639 1347 1705 ferat;
1382 1652 1473 1695 aut
1504 1643 1631 1695 dum
1658 1646 1819 1697 etiam
1864 1646 1977 1713 ipse
2016 1648 2289 1699 veritatem

747 1730 1020 1795 agnoscit,
1058 1731 1265 1797 ignavia
1316 1740 1494 1785 tamen
1543 1734 1850 1788 debilitatus
1890 1751 1951 1790 ac
2000 1747 2166 1800 metu,
2202 1738 2292 1791 illo

748 1817 863 1883 ipso
886 1831 999 1883 ore,
1034 1834 1141 1884 quo
1166 1820 1325 1884 paulo
1356 1830 1479 1873 ante
1507 1837 1629 1875 cum
1665 1823 1729 1875 ad
1756 1823 2103 1891 judicandum
2137 1841 2291 1881 acce-

2386 670 2466 705 τοι
2511 652 2617 703 τῶν
2643 670 2703 719 γε
2730 653 3105 720 ἐπιτυχόντων,
3143 650 3277 701 ἀλλά
3319 649 3504 717 σχεδὸν
3534 647 3766 714 ἐκείνην
3810 644 3905 699 εἶναι

2388 739 2605 793 Μοῦσαν
2637 739 2941 807 καλλίστην,
2970 740 3088 808 ἥτις
3114 739 3236 801 τοὺς
3262 738 3580 805 βελτίστους
3618 735 3718 787 καί
3759 736 3905 797 iutilth

2389 830 2843 900 πεπαιδευμένους
2889 831 3111 899 τέρπει,
3172 829 3396 899 μάλιστα
3436 829 3496 881 δὲ
3558 828 3694 896 ἧτις
3742 826 3908 877 tua-.5»

2388 923 2554 990 ἀρετῇ
2587 939 2645 973 τε
2668 922 2757 973 καὶ
2790 922 3004 989 παιδεία
3037 920 3367 991 διαφέροντα.
3398 919 3497 971 Διά
3528 917 3717 969 ταῦτα
3742 916 3794 967 δὲ
3818 919 3909 983 ἀρε-

2388 1014 2485 1081 τῆς
2512 1031 2688 1082 φαμεν
2710 1013 2909 1065 δεῖσθαι
2940 1014 3064 1075 τοὺς
3104 1013 3301 1065 τούτων
3334 1013 3556 1082 κριτάς,
3609 1012 3701 1063 ὅτι
3746 1009 3834 1076 τῆς
3873 1028 3909 1061 τε
3964 1050 3965 1053 η

2389 1103 2551 1172 ἄλλης
2585 1103 2837 1171 μετόχους
2858 1102 3049 1163 αὐτοὺς
3075 1098 3209 1155 εῐναι
3239 1103 3319 1154 δεῖ
3354 1104 3692 1172 φρονήσεως
3710 1141 3725 1161 ,
3768 1102 3846 1150 καὶ
3870 1100 3911 1167 δή

2392 1194 2483 1244 καὶ
2503 1192 2598 1259 τῆς
2630 1192 2891 1260 ἀνδρείας.
2923 1190 3057 1256 Οὔτε
3081 1190 3186 1260 γάρ
3231 1194 3378 1260 παρά
3424 1192 3675 1261 θατέρου
3724 1190 3827 1255 (26)
3859 1191 3912 1240 δεῖ

2389 1283 2477 1334 τόν
2500 1300 2561 1348 γε
2588 1282 2759 1350 ἀληθῆ
2777 1284 2961 1363 κριτίην
2986 1283 3185 1352 κρίνειν
3217 1284 3583 1351 μανθάνοντα,
3606 1281 3709 1332 καὶ
3729 1280 3913 1345 ἐκπλητ-

2390 1375 2612 1442 τόμενον
2641 1373 2744 1425 ὑπὸ
2766 1373 2858 1424 τοῦ
2888 1373 3109 1441 θορύϐου
3136 1373 3241 1426 τῶν
3265 1374 3490 1436 πολλῶν,
3525 1374 3632 1424 καὶ
3665 1372 3764 1439 τῆς
3794 1372 3915 1423 αὐτοὶ

2391 1464 2771 1524 ἀπαιδευσίας,
2824 1462 2933 1514 οὔτ’
2960 1459 3026 1516 αὖ
3065 1462 3442 1530 γιγνώσκοντα,
3504 1464 3578 1514 δι’
3642 1461 3916 1527 ἀνανδρείκν

2393 1554 2486 1605 καὶ
2516 1551 2729 1614 δειλίαν,
2760 1554 2823 1603 ἐκ
2845 1552 2935 1603 τοῦ
2956 1552 3113 1604 αὐτοῦ
3140 1555 3420 1622 στόματος,
3444 1547 3633 1623 οὗπερ
3654 1552 3780 1613 10°);
3803 1551 3916 1609 eam;

2393 1642 2771 1703 ἐπεκαλέσατο,
2802 1642 3005 1709 μέλλων
3033 1642 3250 1711 κρίνειν,
3288 1643 3351 1693 ὲκ
3388 1642 3588 1693 τούτου
3635 1640 3917 1707 ψευδόμεννη

2394 1732 2779 1799 ἀποφαίνεσθαι
2813 1732 3067 1801 ῥᾳθύμως
3088 1733 3183 1801 τὴν
3210 1733 3403 1802 κρίσιν.
3435 1733 3516 1783 Οὐ
3549 1732 3669 1799 γὰρ
3694 1728 3917 1798 μαθητὴς.
3968 1784 3969 1789 η

2395 1824 2529 1877 ἀλλά
2554 1822 2885 1884 διδάσκαλος,
2920 1824 2978 1885 ὃς
3010 1824 3119 1891 (‘27)
3151 1840 3212 1889 γε
3243 1824 3303 1877 τὸ
3330 1823 3561 1884 δίκαιον,
3595 1819 3803 1873 θεατῶν
3825 1822 3919 1887 ιὼς

745 1908 913 1968 deret,
948 1918 1111 1962 testes
1142 1911 1426 1978 appellavit
1449 1912 1598 1974 deos,
1631 1911 1819 1966 falsam
1852 1930 2151 1985 vanamque
2176 1932 2297 1971 sen-

2399 1912 2485 1965 λον
2511 1913 2540 1962 ὁ
2569 1911 2758 1982 κριτὴς
2808 1910 3033 1975 καθίζει,
3078 1913 3169 1964 καὶ
3200 1912 3666 1979 ἐναντιωσόμενος
3715 1912 3818 1970 tot;
3854 1912 3919 1977 τὴν

748 2000 967 2050 tentiam
1002 2000 1213 2069 indigne
1244 2005 1569 2069 pronuntiet.
1601 2002 1707 2057 Nec
1734 2007 1876 2058 enim
1903 2006 2015 2075 ipse
2042 2017 2293 2077 tanquam

748 2088 1066 2156 discipulus,
1108 2093 1200 2144 sed
1246 2104 1498 2163 tanquam
1544 2106 1935 2166 spectatorum,
1968 2099 2043 2152 uti
2072 2116 2167 2167 par
2190 2110 2291 2167 est,

750 2181 1005 2246 magister
1043 2182 1280 2246 futurus,
1310 2187 1519 2256 illisque
1550 2190 1704 2253 adeo,
1746 2191 1789 2242 si
1822 2190 2146 2258 voluptatem
2178 2206 2297 2259 per-

751 2284 932 2337 peram
968 2281 1019 2323 et
1051 2273 1226 2326 alieno
1260 2276 1379 2329 loco
1414 2292 1521 2343 prae
1554 2292 1611 2331 se
1642 2277 1847 2343 ferent,
1878 2286 2186 2332 constanter
2213 2293 2299 2331 re-

751 2372 1085 2429 pugnaturus
1110 2365 1277 2418 sedet.
1312 2386 1331 2416 ι
1374 2364 1572 2420 Eodem
1628 2367 1783 2435 plane
1834 2369 2024 2432 modo,
2070 2384 2174 2421 non
2219 2368 2300 2419 in-

750 2451 889 2505 fitnze
914 2455 1182 2521 quondam
1216 2458 1354 2524 apud
1380 2456 1629 2511 Hebraeos
1655 2458 2015 2513 multitudinis
2044 2468 2178 2522 erat,
2206 2468 2299 2511 aut

750 2542 816 2594 de
864 2543 925 2597 iis
958 2546 1047 2612 qui
1090 2556 1341 2616 tanquam
1383 2549 1565 2603 divino
1597 2548 1795 2618 Spiritu
1827 2549 1987 2603 alllati
2033 2550 2295 2618 produce-

752 2642 954 2697 rentur,
987 2644 1080 2687 aut
1118 2636 1184 2688 de
1230 2638 1426 2692 divinis
1474 2641 1604 2707 ipsis
1650 2641 1977 2694 carminibus
2010 2648 2241 2693 statuere
2279 2659 2293 2693 :

2398 2002 2587 2072 ἡδονὴν
2612 2001 2686 2071 μὴ
2715 2002 3089 2070 προσηκόντως
3128 2002 3258 2071 μηδὲ
3290 2002 3460 2071 ὀρθῶς
3486 2001 3808 2054 ἀποδιδοῦσι
3834 2000 3921 2051 θεα-

2396 2094 2534 2155 ταῖς.
2573 2112 2591 2143 ι
2625 2092 2733 2145 Καὶ
2782 2095 2907 2163 παρ’
2950 2093 3213 2164 Ἑϐραίοις
3239 2093 3299 2144 τὸ
3343 2093 3585 2146 παλαιὸν
3609 2093 3677 2144 οὒ
3712 2091 3803 2143 τοῦ
3825 2092 3923 2157 ειελῄ
3970 2098 3971 2139 1

2399 2185 2522 2248 θους
2542 2180 2609 2255 ἦν
2639 2185 2699 2237 τὸ
2723 2184 2926 2256 κρίνειν
2956 2187 3080 2247 τοὺς
3111 2187 3175 2238 ὲκ
3216 2185 3355 2237 θείου
3391 2185 3726 2253 Πνεύματος
3764 2199 3921 2252 προᾳ-

2399 2278 2675 2347 ρομένους,
2704 2277 2915 2340 καὶτὰς
2942 2276 3153 2339 ὲνθὲους
3178 2277 3351 2347 ᾠδὰς,
3392 2276 3510 2329 ἀλλ’
3541 2272 3695 2346 ἦσαν
3750 2273 3922 2344 βραχεῖς

2398 2371 2491 2421 καὶ
2521 2370 2732 2422 σπάνιοι
2757 2369 2969 2439 μέτοχοι
2999 2368 3089 2421 καὶ
3131 2369 3280 2421 αὐτοὶ
3320 2368 3462 2420 θείου
3498 2368 3825 2435 Πνεύματος
3845 2366 3922 2416 διι-

2401 2462 2642 2533 κριτικοῦ
2670 2462 2777 2513 τῶν
2806 2462 3125 2530 λεγομένων,
3154 2455 3232 2524 οἷς
3262 2462 3353 2514 καὶ
3378 2462 3569 2530 μόνοις
3611 2458 3747 2527 ἐξῆν
3778 2458 3921 2524 ἐγκρί-

2400 2568 2530 2613 νειν,
2559 2551 2652 2603 καὶ
2683 2552 2747 2619 δὴ
2778 2549 3029 2619 ἀφιεροῦν
3056 2550 3153 2613 ea;
3184 2550 3473 2621 προφητῶν
3505 2549 3762 2619 βίϐλους,
3790 2549 3871 2608 τὰς
3890 2547 3923 2597 ἃ

2400 2641 2505 2693 τιῖιν
2536 2640 2608 2709 μὴ
2637 2639 2886 2692 τοιούτων
2912 2640 3342 2709 ἀποδοκιμάζειν.

751 2722 841 2774 sed
869 2726 1020 2791 pauci
1048 2737 1233 2790 erant,
1267 2729 1449 2784 divino
1491 2730 1690 2800 Spiritu
1715 2771 1731 2793 .
1768 2732 1925 2799 cujus
1966 2734 2177 2800 propria
2207 2732 2292 2785 illa
2332 2732 2664 2785 describendi
2696 2732 2780 2785 vis
2812 2743 2913 2798 est,
2954 2732 3112 2787 amati
3140 2733 3237 2801 ipsi
3294 2747 3511 2800 quoque
3558 2732 3772 2801 quibus
3801 2730 3923 2783 etiam

754 2816 873 2870 unis
908 2834 969 2871 ea
998 2820 1063 2873 de
1092 2836 1147 2874 re
1173 2832 1429 2887 statuere,
1464 2824 1715 2895 ipsosque
1742 2827 1876 2881 adeo
1919 2828 2300 2896 prophetarum
2340 2826 2506 2880 libros
2552 2842 2892 2889 consecrare,
2955 2838 3176 2883 caeteros
3221 2842 3348 2881 vero
3384 2835 3657 2894 tanquam
3706 2823 3925 2878 adulteri-

752 2924 852 2963 nos
883 2925 946 2963 ac
973 2914 1187 2980 spurios
1221 2916 1532 2984 abjudieare
1562 2919 1760 2972 liceret.

1302 3013 1526 3067 CAPle
1562 3015 1749 3069 XXIV.

756 3114 953 3168 Cautus
994 3120 1156 3194 etiam
1183 3122 1235 3173 in
1264 3125 1505 3194 conviviis
1523 3164 1537 3183 .
1567 3134 1812 3192 tanquam
1839 3125 2124 3179 convivales
2152 3141 2302 3194 quas-

1124 3191 1244 3242 dam
1270 3192 1421 3258 leges,
1454 3196 1771 3260 recipiendos
1793 3213 1918 3247 esse.

834 3298 852 3327 ι
881 3278 1166 3343 Caeterum,
1202 3284 1373 3351 inquit
1418 3283 1588 3347 Plato,
1635 3286 1776 3353 quod
1810 3304 1837 3340 a
1865 3289 2019 3341 nobis
2057 3298 2300 3357 suscepta

2895 3010 3279 3065 ΚΕΦΑΛΔΙΟΝ
3316 3011 3439 3062 KA'.

2406 3127 2525 3178 Ὅτι
2574 3126 2670 3177 καὶ
2705 3125 2772 3177 ἐν
2827 3125 2948 3189 τοῖς
2994 3123 3347 3192 συμποσίοις
3390 3123 3827 3189 παραληπτέον
3853 3124 3926 3183 τὰς
3976 3146 3977 3189 ξ

2522 3196 2695 3261 ᾠδὰς,
2718 3194 2917 3262 ὥσπερ
2949 3196 3112 3257 τινὰς
3141 3196 3358 3259 νόμους
3391 3197 3830 3259 συμποτικούς.

2478 3308 2495 3339 ι
2538 3289 2645 3341 Καὶ
2674 3290 2808 3356 ὅπερ
2838 3288 2945 3356 (‘28)
2978 3288 3006 3336 ὁ
3037 3287 3187 3352 λόγος
3219 3286 3274 3336 ὲν
3304 3286 3494 3353 ἀρχαῖς
3525 3286 3833 3355 ἐϐουλήθη,
3860 3283 3927 3349 τὴν

760 3370 991 3437 primum
1041 3372 1335 3440 disputatio
1371 3376 1712 3443 sequebatur,
1751 3388 1807 3431 ut
1848 3380 1967 3446 opis
2002 3381 2199 3449 aliquid
2235 3382 2297 3433 ad

2401 3379 2477 3447 τῷ
2500 3380 2591 3431 τοῦ
2621 3379 2869 3432 Διονύσου
2896 3375 3039 3445 χορῷ
3072 3375 3314 3444 βοήθειαν
3344 3375 3611 3438 ἐπιδεῖξαι
3662 3376 3841 3435 καλὰ
3872 3374 3928 3422 λε-

760 3458 953 3514 Baccbl
976 3464 1198 3516 chorum
1229 3468 1393 3533 probe
1420 3469 1804 3522 instituendum
1835 3471 2065 3534 afferret,
2098 3473 2149 3525 id
2178 3475 2303 3525 liae-

760 3561 917 3606 tenus
966 3571 1061 3623 pro
1099 3556 1351 3611 facultate
1385 3565 1565 3613 nostra
1599 3562 1971 3616 disseruimus.
2005 3561 2154 3616 Nunc
2176 3578 2302 3631 ergo

764 3651 1038 3704 videamus
1071 3664 1251 3705 utrum
1279 3669 1309 3708 a
1339 3654 1494 3707 nobis
1526 3655 1819 3724 perfectum
1852 3656 1901 3707 id
1930 3654 2112 3707 fuerit.
2165 3656 2305 3707 Sane

763 3750 1078 3793 conventum
1104 3744 1367 3807 ejusmodi
1396 3760 1614 3798 necesse
1632 3744 2027 3812 quodammodo
2046 3752 2145 3805 est,
2175 3746 2301 3796 dum

765 3832 1091 3899 compotatio
1114 3833 1284 3901 magis
1318 3850 1529 3903 semper
1560 3835 1836 3903 magisque
1870 3834 2057 3900 fervet,
2113 3838 2303 3891 turbn-

766 3924 1041 3976 lentiorem
1075 3924 1329 3989 evadere;
1363 3926 1505 3995 quod
1540 3927 1699 3979 etiam
1740 3926 1807 3979 ab
1845 3927 1996 3979 initio
2029 3928 2113 3982 his
2144 3929 2194 3979 in
2223 3944 2306 3981 re—

766 4012 899 4077 bus,
935 4015 1000 4068 de
1030 4014 1225 4084 quibus
1271 4030 1413 4068 nunc
1458 4017 1668 4084 agitur,
1717 4018 2031 4071 necessitate
2074 4020 2305 4087 quadam

764 4107 975 4160 evenire
1009 4108 1306 4174 posuimus.
1339 4136 1409 4145 —-
1443 4106 1669 4161 Necesse
1716 4109 1765 4161 id
1814 4109 2049 4177 quidem.
2075 4141 2144 4148 —
2170 4110 2302 4163 Tum

770 4210 893 4248 vero
923 4198 1149 4266 quisque
1190 4199 1347 4252 solito
1391 4198 1559 4253 levior
1594 4198 1833 4268 indulget
1862 4201 1985 4265 sibi,
2018 4218 2079 4255 ac
2124 4203 2305 4256 laetitia

770 4285 975 4340 solutus
1008 4297 1066 4340 ut
1109 4290 1329 4343 liberius
1355 4290 1686 4357 effusiusque
1728 4292 1983 4359 loquitur,
2032 4292 2102 4345 ita
2133 4294 2305 4345 nemi—

769 4392 888 4430 uem
920 4378 1128 4429 interim
1150 4394 1214 4431 ex
1235 4381 1423 4433 vicinis
1450 4381 1721 4443 audit,sed
1750 4384 1929 4450 potius
1958 4383 2182 4438 idoneus
2204 4385 2304 4438 sibi

767 4467 1005 4536 quidam,
1053 4478 1106 4521 et
1130 4469 1233 4531 sui,
1273 4479 1325 4521 et
1352 4480 1665 4525 caaterorum
1713 4476 1952 4526 omnium
2002 4474 2307 4527 moderator

769 4559 993 4612 videtur.
1026 4588 1092 4596 ——
1116 4555 1337 4626 Quippe.
1360 4585 1427 4594 —
1450 4557 1559 4613 Nos
1596 4575 1722 4613 vero
1760 4562 2019 4625 diximus,
2066 4563 2155 4614 ubi
2194 4563 2306 4615 haec

768 4650 1040 4713 eveniunt,
1057 4649 1347 4701 bibentium
1368 4650 1597 4711 animos,
1620 4659 1963 4719 posteaquam
1983 4651 2157 4720 ignem
2178 4650 2306 4703 ferri

770 4754 917 4813 more
947 4739 1479 4809 conceperint,598
1498 4740 1769 4795 molliores
1798 4758 1859 4795 ac
1884 4743 2127 4809 juniores
2153 4741 2263 4793 fieri
2290 4759 2304 4807 ;

771 4836 827 4879 ut
844 4827 1059 4893 perinde
1089 4830 1310 4881 omnino
1339 4844 1400 4881 ac
1424 4830 1549 4883 dum
1579 4831 1870 4885 teneriores
1900 4831 2075 4884 adhuc
2107 4840 2305 4895 essent,

770 4913 817 4967 ei
851 4916 939 4980 qui
971 4916 1103 4970 alios
1128 4919 1339 4972 erudire
1372 4935 1435 4973 ae
1464 4919 1657 4988 fingere
1687 4921 1855 4988 possit
1881 4936 1943 4973 ac
1974 4922 2201 4984 noverit,
2237 4920 2309 4973 fa-

772 5004 983 5057 ciliores
1008 5020 1123 5057 sese
1156 5016 1267 5059 tum
1292 5025 1352 5061 ac
1384 5009 1772 5063 traetabiliores
1804 5009 2090 5076 praebeant.
2126 5008 2305 5061 Ficto—

776 5115 885 5151 rem
918 5114 1074 5166 porro
1104 5101 1388 5157 statuimus
1436 5104 1587 5157 illum
1634 5104 1827 5171 ipsum,
1856 5102 1948 5170 qui
1995 5114 2107 5154 tum
2135 5103 2307 5155 bonus

772 5192 932 5244 etiam
966 5189 1121 5243 nobis
1149 5189 1417 5258 Iegislator
1450 5205 1584 5249 erat.
1640 5194 1735 5249 Hic
1766 5194 2071 5248 convivales
2094 5208 2308 5261 quoque

773 5282 916 5349 leges
941 5282 1226 5345 describet,
1262 5284 1457 5349 quibus
1488 5287 1811 5353 petulantior
1859 5285 1961 5339 ista
1991 5284 2309 5339 confidentis

776 5384 826 5426 et
851 5373 1095 5426 audaculi
1126 5373 1378 5436 hominis,
1412 5375 1502 5441 qui
1533 5376 1735 5429 nullum
1757 5376 1865 5443 jam
1897 5375 2162 5434 ordinem,
2187 5372 2306 5423 nul-

778 5465 855 5516 las
885 5465 1071 5518 silendi
1100 5480 1161 5517 ac
1191 5464 1463 5533 loquendi,
1508 5467 1678 5521 nullas
1723 5466 1935 5520 bibendi
1978 5464 2309 5531 canendique

2337 4526 2380 4578 D

849 5597 957 5663 (‘20)
999 5598 1269 5665 Quréﬁmr.
1303 5598 1376 5650 Ita
1406 5597 1564 5649 etiam
1608 5595 1789 5659 Plato;
1840 5596 1935 5650 sed
1974 5597 2194 5651 omnino
2223 5607 2308 5647 re-

783 5669 1075 5737 ρυιιιιιιόιιιιι
1110 5670 1353 5737 θεάτρου.
1380 5684 1442 5719 ex
1477 5667 1570 5719 alt.
1602 5681 1870 5719 maltuscr.

851 5735 957 5800 αἴ)
998 5736 1145 5787 Plato
1170 5750 1219 5787 et
1243 5735 1367 5795 ins.,
1394 5737 1487 5797 ῶς.

852 5806 961 5871 tib)
1002 5807 1104 5856 Καὶ
1137 5807 1295 5873 ὅπερ.
1330 5809 1480 5874 lbid.,
1519 5822 1635 5875 pag.
1670 5804 1791 5869 585,
1820 5803 1881 5857 C.

2402 3470 2653 3538 γομένην,
2684 3470 2761 3529 είς
2789 3468 3010 3535 δύναμιν
3032 3466 3237 3536 εἴρηκε.
3273 3466 3610 3536 Σκοπώμεθα
3637 3467 3715 3535 δὴ
3751 3470 3797 3518 εί
3821 3463 3928 3515 τοῦθ’

2400 3560 2541 3612 οὕτω
2564 3559 2771 3625 γέγονε,
2794 3556 3093 3627 θορυϐώδης
3122 3558 3216 3626 μέν
3242 3575 3340 3609 που
3371 3560 3398 3609 ὁ
3427 3557 3693 3623 ξύλλογος
3728 3560 3758 3608 ὁ
3795 3554 3927 3607 τοιοῦ-

2402 3669 2491 3713 τος
2540 3649 2598 3712 ὲξ
2645 3648 2923 3716 ἀνάγκης,
2958 3647 3241 3716 προϊούσης
3289 3648 3384 3715 τῆς
3432 3648 3646 3706 πόσεως
3702 3646 3786 3697 ἑτι
3830 3646 3929 3713 μεῖν

2405 3743 2494 3794 λον
2668 3742 2752 3793 ἀεὶ
2780 3741 2910 3809 (50),
2945 3740 3224 3808 ξυμὸαίνει
3247 3738 3550 3805 γενόμενος,
3588 3737 3744 3806 ὅπερ
3774 3736 3928 3788 ὑπεθέ-

2408 3833 2540 3902 μεθα
2570 3834 2685 3884 κατ’
2716 3832 2885 3901 ἀρχάς
2913 3833 3198 3897 ἀναγκαῖον
3231 3825 3362 3879 εἶναι
3403 3827 3651 3893 γίνεσθαι
3690 3827 3823 3897 περὶ
3855 3828 3931 3877 τῶν

2404 3922 2498 3975 νῦν
2525 3922 2822 3991 λεγομένων
2841 3922 2971 3990 (5|).
2990 3948 3058 3958 —
3087 3920 3336 3984 Ἀνάγκη.
3366 3947 3433 3955 -
3468 3918 3582 3977 Πᾶς
3614 3916 3678 3968 δέ
3718 3934 3786 3983 γε
3810 3918 3931 3976 αὖθις

2404 4014 2565 4067 αὑτοῦ
2600 4015 2914 4084 κουφότερος
2938 4013 3162 4084 αἴρεται,
3181 4009 3271 4061 καὶ
3298 4006 3491 4076 γέγηθέ
3510 4024 3572 4057 τε
3613 4008 3719 4058 καὶ
3758 4010 3931 4077 παρῤῃο

2407 4109 2523 4169 σίας
2578 4107 2971 4177 ἐμπίμπλαται,
3022 4104 3114 4155 καὶ
3141 4100 3490 4171 ἀνηκουστίας
3519 4100 3580 4149 ὲν
3613 4099 3701 4169 τῷ
3745 4100 3929 4165 τοιούτῳ

2404 4200 2509 4252 τῶν
2546 4200 2726 4260 πέλας,
2750 4200 2928 4268 ἄρχων
2950 4196 2993 4247 δ’
3025 4193 3200 4253 ἱκανὸς
3229 4190 3365 4254 ἀξιοῖ
3405 4189 3568 4241 αὑτοῦ
3614 4208 3677 4242 τε
3738 4193 3832 4246 καὶ
3858 4191 3931 4240 τίη

2405 4291 2577 4343 ἄλλων
2604 4290 2895 4358 γεγονέναι.
2925 4317 2991 4327 —-
3010 4284 3073 4335 Τί
3100 4285 3201 4353 μήν
3225 4300 3239 4346 ;
3273 4312 3339 4321 —-
3364 4281 3567 4333 Οὐκοῦν
3597 4284 3821 4352 ἔφαμεν
3841 4285 3931 4333 ὅτιι

2405 4382 2615 4449 γίνηται
2643 4380 2830 4439 ταῦτα,
2853 4377 3099 4443 καθάπερ
3124 4372 3241 4425 τινά
3268 4372 3494 4441 σίδηρον,
3517 4374 3620 4435 τὰς
3641 4374 3831 4443 ψυχὰς
3857 4372 3931 4422 τῶν

2408 4470 2663 4523 πινόντων
2715 4466 3005 4535 διαπύρους
3054 4463 3364 4533 γενομένας,
3421 4464 3827 4532 μαλακωτέρας
3854 4460 3927 4525 (Si

2407 4558 2645 4625 γίνεσθαι
2674 4557 2765 4609 καὶ
2780 4556 3061 4624 νεωτέρας,
3078 4553 3201 4605 ὥστ’
3218 4553 3521 4621 εὐαγώγους
3544 4554 3609 4617 ξυ
3618 4554 3869 4621 μδαίνειν
3882 4549 3931 4613 τῷ

2405 4646 2682 4715 δυναμένῳ
2706 4662 2763 4695 τε
2791 4646 2881 4695 καὶ
2914 4643 3251 4712 ἐπισταμένῳ
3272 4642 3535 4695 παιδεύειν
3563 4659 3629 4691 τε
3665 4644 3773 4691 καὶ
3800 4640 3927 4690 7:31:-

2404 4755 2535 4799 τειν,
2570 4737 2813 4805 καθάπερ
2833 4737 2906 4787 ὅτ’
2937 4732 3073 4805 ἦσαν
3100 4736 3210 4788 νέαι
3228 4752 3240 4765 ο
3262 4736 3443 4787 τοῦτον
3470 4734 3524 4784 δὲ
3545 4728 3694 4782 εἶναι
3723 4732 3817 4782 τὸν
3841 4731 3929 4780 :23-

2407 4846 2535 4897 στην
2560 4828 2649 4879 τὸν
2672 4828 2849 4891 αὑτὸν,
2876 4828 3039 4897 ὅνπερ
3069 4829 3185 4879 τότε
3236 4827 3325 4879 τὸν
3368 4823 3564 4891 ἀγαθὸν
3618 4822 3926 4889 νομοθέτην

2404 4912 2464 4969 οὗ
2494 4918 2696 4986 νόμους
2741 4913 2875 4969 εἶναι
2923 4918 3003 4969 δεῖ
3052 4918 3429 4985 συμποτικοὺς,
3478 4911 3822 4979 δυναμένους
3867 4912 3927 4962 τὸν

2406 5008 2618 5060 εὔελπιν
2650 5008 2740 5059 καὶ
2772 5008 3061 5079 θαρραλέον
3088 5011 3287 5060 ἐκεῖνον
3316 5003 3592 5071 γινόμενον
3611 5040 3629 5064 ,
3659 5005 3765 5056 καὶ
3810 5009 3926 5057 ava-

2408 5100 2750 5171 σχυντότερον
2777 5101 2869 5152 τοῦ
2896 5101 3121 5161 δέοντος,
3149 5099 3239 5149 καὶ
3265 5097 3325 5147 οὐ
3350 5094 3568 5146 θέλοντα
3610 5097 3776 5160 τάξιν
3796 5137 3809 5155 ,
3864 5100 3927 5146 καὶ

2404 5189 2463 5240 τὸ
2495 5190 2630 5241 κατὰ
2660 5189 2818 5260 μέρος
2845 5190 2997 5257 σιγῆς
3023 5188 3113 5239 καὶ
3138 5185 3313 5249 λόγου,
3345 5183 3435 5233 καὶ
3466 5183 3674 5245 πόσεως
3707 5186 3805 5237 καὶ
3833 5184 3919 5253 μον

2408 5295 2504 5347 σης
2537 5280 2839 5349 ὑπομένειν,
2869 5279 3069 5331 ἐθέλειν
3100 5277 3266 5325 ποιεῖν
3298 5274 3467 5325 πάντα
3510 5275 3727 5339 τούτοις
3768 5279 3925 5328 τάνανο

2406 5371 2519 5423 τία·
2548 5374 2639 5423 καὶ
2666 5373 2879 5423 εἰσιόντι
2907 5368 2983 5436 τῷ
3018 5366 3091 5436 μὴ
3131 5364 3279 5433 καλῷ
3308 5364 3494 5434 adipes:
3528 5367 3620 5420 τὸν
3668 5370 3925 5423 κάλλιστον

2405 5464 2791 5533 διαμαχόμενον
2824 5460 2981 5528 φόὸον
3008 5456 3345 5525 εἰσπέμπειν,
3368 5456 3509 5521 οἴους
3546 5476 3607 5510 τε
3633 5456 3779 5513 εἶναι
3823 5458 3925 5525 peti

3493 5590 3654 5642 ἄλλον
3671 5630 3684 5649 .
3722 5606 3787 5643 ex
3815 5588 3923 5640 Plat.

2476 5595 2586 5664 (29)
2630 5596 2755 5647 Ἔτι
2786 5590 3033 5664 μᾷνῖ-λον.
3066 5586 3277 5664 Prmstal
3323 5589 3414 5664 Eni.

3482 5661 3748 5714 latonem.

2498 5660 2583 5732 δι’)
2633 5665 2759 5732 [Αει.
2792 5661 2978 5712 Melius
3006 5673 3164 5732 quam
3193 5660 3239 5709 εί
3271 5660 3409 5728 apud

2498 5669 2583 5732 δι’)
2637 5669 2759 5715 Ἀει.
2792 5669 2978 5712 Melius
3006 5673 3164 5725 quam

2476 5669 2587 5801 ὶδι)
2626 5731 2796 5795 Plato,
2824 5728 3167 5801 γιγνομένων.

2480 5799 2588 5873 (52)
2630 5801 2799 5865 Plato,
2833 5799 3264 5869 μαλθακωτέρας.
