4002 6340
24 392 147 469 993

1209 420 1522 475 ΙὶΙιᾸίΡᾹῐὶ.
1566 421 1810 477 EYANG.
1852 421 1977 476 LIB.
2019 423 2129 478 XII.

3144 440 3252 495 994

24 528 229 599 δίκης,
258 529 319 581 ὃν
348 528 478 583 αἰδῶ
497 546 555 582 τε
590 532 682 582 καὶ
730 533 987 603 αίσχὺνην
1014 534 1151 589 θεῖον
1183 538 1344 605 φόϐον
1382 539 1588 609 ὼνομὰι

1701 541 1844 594 vices
1892 540 2033 597 ferre
2074 543 2265 611 possit,
2304 543 2629 613 impudentia
2665 549 2730 602 ad
2771 554 3056 606 contrariae
3084 555 3249 610 hone-

25 635 249 687 καμεν.
266 647 333 657 -
352 620 504 671 ’Ἐστι
521 620 997 676 ταῦτα.--Τούτων
1008 625 1062 677 δέ
1079 642 1140 691 γε
1157 627 1262 678 τῶν
1277 628 1451 697 νόμων
1461 627 1597 684 εἶναι

24 710 425 778 νομοφύλακας
449 712 541 762 καὶ
570 712 1018 785 συνδημιουργοὺς
1036 718 1214 780 αὐτοῖς
1236 720 1357 781 τοὺς
1399 721 1598 790 ἀθορύ-

26 798 178 861 ϐους
232 800 327 853 καὶ
378 804 658 871 νήφοντας.
696 823 716 855 ι
745 805 978 869 Εἰκότως
1022 808 1307 879 τοιγαροῦν
1348 810 1441 862 καὶ
1467 813 1598 882 ἡμῖν

24 891 230 954 αὐτοῖς
260 894 317 945 ἐν
348 897 456 956 τοῖς
497 896 812 963 συμποσίοις
841 898 983 967 ᾠδὰς
1008 902 1096 952 καὶ
1119 900 1314 970 ὕμνους
1355 904 1434 965 εἰς
1464 903 1598 976 Θεὸν

26 989 452 1057 πεποιημένους
482 988 626 1058 ᾅδειν
663 990 1052 1059 παραδέδοται,
1089 992 1181 1044 τοῦ
1231 995 1596 1064 προτήκοντος

26 1078 254 1148 κόσμου
275 1081 382 1132 τῶν
406 1082 530 1150 παρ’
560 1082 692 1150 ἡμῖν
722 1082 970 1149 φυλάκων
1001 1082 1422 1154 ἐπιμελομένων.

1699 633 1852 684 statis
1877 642 1931 685 et
1956 634 2229 687 modestia:
2259 634 2431 688 ollicia
2460 647 2743 692 revocetur
2773 658 2787 693 :
2821 653 2979 711 alque
3008 646 3077 697 ita
3113 649 3243 715 sub-

1698 722 1843 774 cunti
1889 724 2142 790 paulatim
2174 724 2528 794 gliscentiquc
2572 732 2873 797 proterviae,
2907 735 3249 792 adversarius

1700 823 2002 879 opponatur
2036 814 2453 871 honestissimus
2502 819 2590 871 ille
2625 832 2820 884 metus,
2854 824 3101 894 idemque
3126 844 3249 885 cum

1700 905 1950 972 aequitate
2004 908 2348 975 eonjunctus,
2397 928 2557 979 quem
2613 917 2871 983 pudorem
2903 933 2966 973 ac
2992 936 3251 985 verecun-

1699 995 1866 1057 diam,
1895 996 2136 1050 divinum
2166 998 2351 1068 utique
2374 1011 2597 1068 metum,
2627 1001 3128 1073 appellavimnsi—
3162 1012 3252 1067 Sic

1699 1096 1802 1141 est.
1832 1117 1899 1127 ——
1932 1086 2131 1143 llarum
2164 1102 2418 1159 praeterea
2453 1095 2630 1163 legum
2659 1102 2928 1162 custodes.
2973 1104 3062 1173 qui
3096 1121 3248 1157 suam

26 1168 153 1222 illis
182 1184 404 1237 Operam
438 1179 729 1232 navarent,
778 1170 992 1239 quietos
1023 1171 1271 1226 homines
1297 1188 1362 1229 ac
1387 1173 1600 1229 sobrios
1634 1190 1756 1229 esse
1810 1178 2101 1241 voluimus.
2136 1199 2155 1230 ι
2194 1181 2319 1235 Haec
2344 1182 2451 1236 ille.
2498 1183 2629 1240 Jure
2652 1187 2813 1256 igitur
2853 1194 2939 1247 hic
2986 1168 3125 1260 apud
3154 1212 3251 1250 nos

23 1260 211 1313 etiam
256 1260 313 1312 in
353 1259 634 1325 conviviis,
680 1261 812 1313 odas
835 1270 889 1314 et
916 1263 1144 1331 hymnos
1166 1264 1219 1316 in
1254 1262 1345 1317 Dei
1378 1264 1589 1318 laudem
1628 1267 1853 1320 canendi
1908 1280 2155 1338 receptus
2186 1288 2305 1327 mos
2332 1283 2417 1329 est
2448 1293 2464 1330 :
2498 1292 2609 1345 quo
2641 1279 2693 1333 in
2721 1297 2937 1351 genere,
2986 1259 3251 1345 honestati

24 1365 99 1403 ac
134 1349 417 1403 modestia
458 1350 625 1402 nostri
658 1365 875 1417 quoque
914 1352 1281 1407 moderatores
1312 1352 1592 1423 invigilant
1626 1367 1789 1425 atque
1816 1362 2169 1430 prospiciunt.

548 1443 934 1495 ΚΕΦΛΛΑΙΟΝ
974 1444 1097 1495 κε’.

22 1576 165 1629 Ὅτι
188 1578 264 1629 οὐ
292 1576 476 1630 πᾶσιν
496 1577 872 1644 ἐπιτρεπτέον
905 1578 1017 1645 τὴν
1047 1579 1151 1632 τοῦ
1189 1580 1355 1633 οἶνον
1393 1581 1591 1635 πόσιν.

107 1707 132 1737 σ
178 1689 241 1740 Εἰ
268 1688 368 1757 μέν
392 1705 475 1749 τις
514 1687 626 1757 (33)
679 1687 860 1750 πόλις,
895 1689 968 1751 ὡς
1000 1689 1163 1760 οὔσης
1214 1692 1464 1761 σπουδῆς,
1517 1692 1595 1761 τῷ

20 1770 437 1849 ἐπιτηδεύματι
462 1777 538 1847 τῷ
562 1777 657 1829 νῦν
674 1779 940 1848 εἰρημένῳ
965 1782 1221 1850 χρήσεται
1255 1783 1390 1852 μετὰ
1417 1785 1593 1852 νόμων

19 1877 131 1927 καὶ
171 1874 399 1937 τάξεως,
421 1873 495 1934 ὡς
519 1871 610 1924 τοῦ
636 1876 923 1941 σωρρονεῖν
947 1874 1054 1942 (54)
1079 1875 1258 1927 εἵνεκα
1278 1874 1470 1948 μελέτῃ
1485 1878 1592 1945 (33$)

19 1966 321 2035 χρωμένη,
353 1966 444 2018 καὶ
473 1964 580 2017 τῶν
608 1964 778 2017 ἄλλων
810 1964 1008 2033 ἡδονῶν
1033 1965 1106 2034 μὴ
1135 1943 1387 2033 ἀφέξεται
1415 1943 1594 2019 ὧ-σαύέ
1627 1943 1665 1995 Β

16 2074 144 2119 τως
179 2058 275 2108 καὶ
317 2056 452 2107 κατὰ
484 2056 574 2109 τὸν
611 2055 771 2107 αὑτὸν
802 2055 975 2121 λόγον,
1027 2056 1118 2107 τοῦ
1168 2059 1384 2125 κρατεῖν
1421 2057 1594 2109 αὐτῶν

18 2148 202 2198 ἓνεκα
240 2147 633 2216 μηχανωμένη,
664 2146 846 2198 τοῦτον
882 2146 981 2215 μὲν
1038 2145 1127 2197 τὸν
1177 2147 1377 2216 τρόπον
1424 2148 1593 2199 ἅπασι

17 2238 251 2299 τούτοις
280 2238 535 2306 χρηστέον
555 2254 567 2264 ·
591 2239 637 2287 εί
663 2236 706 2287 δ’
729 2236 804 2297 ὡς
830 2235 1012 2304 παιδιᾷ
1039 2252 1097 2286 τε
1134 2238 1226 2289 καὶ
1262 2236 1475 2299 ἐξέσται
1517 2237 1596 2306 τῷ

20 2328 369 2397 βουλομένῳ,
402 2328 492 2378 καὶ
520 2327 646 2379 ὅταν
680 2325 951 2394 βούληται,
980 2326 1071 2376 καὶ
1108 2325 1223 2393 μεθ’
1264 2320 1339 2378 ὧν
1378 2326 1443 2378 ἂν
1476 2326 1595 2395 βού-

18 2419 219 2487 ληται,
256 2419 426 2470 πίνειν
457 2418 572 2488 μετ’
596 2417 1033 2486 ἐπιτηδευμάτων
1054 2416 1381 2469 ὡντινωνοῦν
1404 2418 1590 2469 ἄλλων·

17 2511 135 2561 οὐκ
166 2510 233 2561 ἂν
261 2508 501 2577 τιθείμην
530 2507 725 2575 ταύτην
751 2506 845 2575 τὴν
869 2506 1064 2575 ψῆφον,
1094 2507 1167 2568 ὼς
1189 2506 1270 2557 δεῖ
1296 2523 1423 2559 ποτε
1459 2507 1596 2577 μέθῃ

17 2600 277 2670 χρῆσθαι
313 2598 512 2667 ταύτην
543 2600 639 2668 τὴν
666 2597 816 2649 πόλιν
848 2598 880 2665 ἢ
914 2596 1097 2648 τοῦτον
1119 2598 1208 2648 τὸν
1244 2598 1429 2665 ἄνδρα,
1479 2598 1594 2649 ἀλλ’

18 2695 109 2743 ἔτι
152 2690 355 2761 μᾶλλον
383 2689 480 2757 τῆς
516 2688 747 2757 Κρητῶν
795 2688 887 2761 καὶ
928 2687 1359 2756 Λακεδαιμονίων
1410 2686 1594 2757 χρείας

17 2782 377 2852 πῳτθείμην
400 2780 464 2833 ἂν
493 2779 569 2847 τῷ
586 2759 962 2847 Καρχηδονίων
996 2779 1171 2853 νόμῳ,
1203 2780 1464 2848 μηδέποτε
1493 2798 1594 2847 μη-

15 2875 157 2923 δένα
183 2874 280 2924 ἐπὶ
307 2869 659 2941 στρατοπέδου
694 2866 944 2934 γεύεσθαι
980 2868 1166 2920 τούτου
1199 2869 1290 2920 τοῦ
1333 2869 1591 2939 πόματος,

201 2962 543 3034 ὑδροποσίαις
604 2957 941 3027 συγγίνεσθαι
1008 2959 1193 3011 τοῦτον
1258 2960 1348 3010 τὸν
1407 2961 1592 3029 χρόνον

18 3059 285 3107 ἆπαντασ
329 3055 421 3107 καὶ
452 3053 589 3105 κατὰ
636 3055 807 3118 πόλιν,
839 3056 972 3124 μήτε
1010 3052 1189 3104 δοῦλον
1240 3053 1372 3121 μήτε
1404 3052 1593 3121 δούλην

17 3144 296 3211 γεύεσθαι
326 3143 606 3211 μηδέποτε,
636 3144 765 3211 μηδὲ
789 3145 1045 3213 ἄρχοντας
1073 3142 1257 3193 τοῦτον
1286 3141 1376 3191 τὸν
1418 3141 1593 3191 ἐνιαυ-

2265 1455 2492 1511 CAPUT
2524 1458 2689 1512 XXV.

1833 1542 1957 1598 Vini
1981 1546 2189 1600 bibendi
2211 1551 2414 1626 copiqm
2450 1567 2557 1626 non
2584 1555 2820 1609 omnibus
2844 1562 3133 1626 promiscue

2253 1620 2547 1686 faciendam
2574 1639 2703 1676 esse.

1773 1723 1792 1753 ι
1836 1705 1890 1759 Si
1918 1722 2039 1775 qua:
2068 1708 2278 1773 civitas,
2310 1711 2485 1780 inquit
2507 1712 2681 1779 Plato,
2711 1727 2766 1770 ut
2798 1718 2848 1770 in
2883 1735 2937 1771 re
2969 1723 3104 1775 seria
3137 1726 3250 1779 lieri

1698 1795 1853 1861 solet,
1907 1798 2051 1851 hunc
2098 1815 2325 1863 morem,
2360 1813 2521 1869 prout
2563 1805 2736 1872 legum
2770 1808 3080 1878 ordinisquc
3116 1816 3251 1868 ratio

1697 1886 2005 1952 postulabit,
2049 1904 2309 1957 usurpare
2354 1893 2513 1956 volet,
2566 1895 2788 1962 perinde
2824 1912 2885 1950 ac
2922 1900 2965 1950 si
3002 1904 3250 1967 paranda:

1698 1978 2065 2045 temperantia:
2091 1981 2281 2049 gratia,
2312 1984 2693 2040 exercitatione
2714 1990 2945 2054 quadam
2971 2001 3246 2047 uteretur:

1697 2064 1933 2133 itemque
1983 2068 2027 2120 si
2061 2070 2130 2122 ab
2168 2070 2288 2125 aliis
2322 2072 2568 2128 similiter
2617 2077 3003 2145 voluptatibus,
3055 2085 3245 2137 eodem

1695 2157 1943 2221 consilio,
1973 2173 2078 2211 non
2113 2160 2422 2225 abstinebit,
2453 2174 2510 2217 ut
2543 2182 2728 2221 earum
2764 2170 2864 2223 liae
2892 2173 3104 2226 tandem
3135 2189 3250 2229 arte

1696 2244 1884 2298 victrix
1919 2262 2039 2301 esse
2075 2262 2237 2317 queat
2266 2270 2278 2303 :
2313 2254 2413 2307 hoc
2442 2270 2573 2309 sane
2594 2261 2755 2310 modo
2785 2261 2944 2315 rebus
2978 2265 3042 2317 iis
3075 2268 3249 2318 omni-

1694 2335 1794 2388 bus
1822 2352 1917 2404 per
1945 2354 2030 2393 me
2060 2350 2241 2395 utatur
2270 2343 2410 2396 licet.
2446 2344 2541 2399 Sin
2581 2356 2759 2401 autem
2804 2351 2854 2403 id
2892 2362 3060 2407 totum
3091 2356 3249 2408 ludus

1694 2428 1917 2492 quidam
1944 2432 2067 2494 erit,
2121 2434 2166 2486 si
2213 2443 2267 2487 et
2311 2437 2509 2491 volenti
2541 2440 2775 2504 cuilibet,
2811 2452 2863 2494 et
2889 2444 3000 2506 ubi,
3033 2459 3096 2499 ac
3126 2448 3247 2514 qui-

1694 2519 1919 2572 buscutn
1961 2520 2073 2587 ipse
2118 2523 2371 2590 voluerit,
2426 2526 2495 2578 ita
2546 2529 2728 2583 bibere
2786 2533 3139 2599 permittetur,
3189 2546 3247 2591 ut

1694 2623 1790 2676 pro
1838 2609 2062 2663 arbitrio
2117 2612 2261 2667 aliud
2314 2615 2474 2667 simul
2523 2618 2799 2684 quodlibet
2848 2625 3246 2678 exercitationis

1692 2715 1862 2766 genus
1895 2701 2189 2771 adjungat;
2234 2694 2505 2774 nunquam
2540 2710 2784 2776 equidem
2816 2722 2999 2764 auctor
3032 2714 3243 2779 fin-riui,

1695 2802 1752 2845 ut
1785 2795 2047 2861 ejusmodi
2093 2796 2173 2849 vel
2216 2798 2348 2864 reip.
2382 2798 2460 2852 vel
2496 2799 2699 2853 homini
2732 2802 3053 2871 largioribus
3081 2822 3244 2873 pocu-

1692 2884 1759 2937 lis
1802 2885 2079 2950 ludulgere
2126 2888 2303 2941 liceat.
2338 2887 2476 2941 Tum
2521 2892 2797 2945 enimvero
2837 2894 3245 2962 Carthaginien-

1693 2975 1831 3026 sium
1873 2976 2040 3044 legem
2084 2979 2255 3031 multo
2300 2979 2495 3047 magis,
2546 2996 2706 3047 quam
2742 2994 2833 3035 aut
2881 2981 3240 3050 Cretensium,

1693 3078 1783 3118 aut.
1814 3065 2340 3121 Lacedaemoniorum
2371 3071 2813 3124 consuetudinem
2846 3076 3138 3140 probarim,
3167 3078 3240 3129 uti

1694 3174 1851 3212 nemo
1912 3176 2146 3229 unquam
2201 3162 2253 3214 in
2304 3164 2542 3217 exercitu
2595 3180 2764 3232 genus
2826 3165 2925 3217 hoc
2977 3170 3240 3234 poculenti

16 3238 121 3289 τὸν
150 3238 211 3288 ὃν
246 3236 311 3287 ἂν
341 3238 565 3305 ἄρχωσι,
597 3236 717 3305 μηδ’
740 3232 804 3287 αὖ
845 3234 1177 3304 κυϐερνήτας
1202 3273 1216 3295 ,
1272 3232 1403 3302 μηδὲ
1444 3232 1588 3283 δικα-

1692 3261 1889 3321 gustet,
1952 3252 2044 3305 sed
2096 3262 2211 3305 toto
2262 3254 2465 3308 militia:
2524 3263 2761 3323 tempore
2813 3232 3006 3324 aquam
3064 3260 3244 3313 bibere

19 3330 167 3391 eti;
198 3329 453 3397 ἐνεργοὺς
492 3329 683 3389 ὄντας,
715 3328 853 3379 οἴνου
897 3325 1145 3391 γεύεσθαι
1194 3325 1253 3376 τὸ
1296 3323 1547 3401 παράπαν
1573 3339 1584 3350 ·

20 3420 172 3489 μηδὲ
204 3419 353 3479 ὅστις
382 3416 788 3487 βουλευσόμενος
835 3417 912 3477 εἰς
947 3415 1138 3484 βουλὴν
1175 3413 1324 3476 ἀξίαν
1353 3412 1472 3464 τινὰ
1506 3411 1590 3463 λό-

14 3527 131 3577 γου
168 3509 512 3577 συνέρχεται·
546 3508 675 3577 μηδέ
704 3524 765 3575 γε
798 3504 910 3576 μεθ’
936 3508 1142 3577 ἡμέραν
1173 3504 1368 3574 μηδένα
1392 3503 1451 3553 τὸ
1488 3520 1589 3554 πα-

20 3598 242 3671 ράπαν,
269 3601 314 3650 εἰ
344 3599 415 3668 μὴ
447 3599 757 3667 σωμασκίας
785 3598 817 3667 ἢ
842 3599 1005 3649 νόσων
1033 3598 1209 3648 ἕνεκα·
1242 3596 1363 3665 μηδ’
1411 3589 1476 3646 αὖ
1500 3593 1589 3646 νύ-

17 3709 185 3760 κτωρ
240 3692 363 3743 ὅταν
404 3693 585 3760 ἐπινοῇ
619 3708 699 3751 τις
743 3689 932 3752 παῖδας
962 3687 1221 3740 ποιεῖσθαι
1254 3686 1389 3755 ἀνὴρ
1421 3686 1454 3755 ἢ
1497 3685 1589 3737 καὶ

16 3786 196 3851 γυνή.
235 3784 342 3834 Καὶ
374 3783 503 3836 ἄλλα
528 3783 582 3835 δὲ
614 3782 897 3851 πάμπολλα
931 3782 992 3832 ἄν
1036 3798 1118 3843 τις
1160 3780 1326 3845 λέγοι,
1372 3778 1443 3841 ὡς
1476 3781 1588 3841 τοῖς

15 3876 159 3927 νσιῦν
199 3890 259 3924 τε
282 3874 372 3926 καὶ
418 3875 577 3943 νόμον
621 3875 827 3943 ἔχουσιν
887 3872 1039 3942 ὀρθὸν
1093 3872 1151 3923 οὐ
1183 3870 1371 3931 ποτέος
1426 3864 1583 3929 οἶνος.

17 3965 201 4015 Ὥστε
256 3965 391 4016 κατὰ
422 3964 692 4031 τὸνλόγον
737 3964 919 4017 τοῦτον
979 3964 1083 4016 οὐδ’
1140 3959 1468 4031 ἀμπελώνων
1522 3958 1586 4009 ἂν

15 4056 250 4107 πολλῶν
270 4055 373 4107 δέοι
402 4056 459 4106 οὐ
486 4055 546 4124 δή
574 4072 675 4107 τινι
697 4054 806 4123 (56)
832 4054 981 4106 πόλει
1001 4070 1014 4080 ·
1048 4052 1218 4104 τακτὰ
1245 4051 1299 4103 δὲ
1331 4049 1493 4102 τᾶλλα
1521 4049 1585 4101 ἂν

14 4148 115 4215 εἴη
153 4148 540 4216 γεωργήματα,
567 4147 659 4196 καὶ
687 4148 885 4214 πᾶσαή
915 4145 1105 4196 δίαιτα.
1147 4163 1164 4193 ι
1211 4142 1318 4194 Καὶ
1349 4140 1583 4208 Μωῦσῆς

13 4238 104 4298 δὲ,
149 4235 431 4306 προλαϐὼν
472 4237 545 4307 μὴ
574 4237 681 4288 δεῖν
707 4237 828 4297 τοὺς
852 4235 1027 4303 ἱερέας
1059 4233 1198 4284 οἴνου
1226 4229 1583 4298 ἀπογεύεσθαι

14 4325 181 4379 κατὰ
206 4325 299 4376 τὸν
325 4324 422 4393 τῆς
451 4325 750 4394 ἱερουργίας
794 4323 979 4392 καιρὸν
1016 4322 1289 4390 νομοθετεῖ
1330 4321 1549 4387 φάσκων
1568 4338 1581 4351 ·

23 4437 46 4467 ι
80 4416 202 4469 Καὶ
226 4413 449 4484 ὲλάλησε
476 4416 671 4485 Κύριος
695 4414 769 4484 τῷ
805 4414 1008 4485 Ἀαρὼν
1032 4454 1047 4478 ,
1078 4414 1249 4480 λέγων
1269 4430 1281 4442 ο
1313 4407 1449 4463 οἶνον
1492 4411 1584 4463 καὶ

16 4509 231 4577 σίκερα
251 4506 311 4558 οὗ
341 4504 550 4557 πίεσθαι
572 4506 635 4557 σὺ
662 4507 753 4558 καὶ
780 4507 828 4557 οἱ
862 4507 962 4557 υἱοί
988 4522 1079 4557 σου
1107 4503 1239 4573 μετὰ
1279 4502 1393 4563 σοῦ,
1424 4503 1583 4573 ἡνίκα

1689 3334 2052 3395 consuescat:
2090 3342 2235 3395 domi
2286 3358 2435 3407 vero,
2472 3359 2540 3396 ne
2588 3360 2776 3398 servus
2814 3346 3097 3414 quisquam
3152 3358 3242 3400 aut

1689 3432 1879 3485 ancilla
1904 3433 2085 3485 vinum
2116 3434 2339 3503 attingat
2361 3451 2598 3504 unquam
2627 3455 2638 3489 :
2663 3452 2729 3489 ne
2756 3438 3096 3505 magistratus
3130 3448 3242 3490 toto

1691 3520 1785 3574 illo
1822 3536 2111 3591 anno,quo
2142 3522 2524 3593 rempublicam
2556 3537 2757 3596 gerent,
2786 3546 2852 3581 ne
2880 3530 3242 3584 moderatores

1690 3622 1779 3665 aut
1803 3611 2033 3680 judices,
2064 3614 2225 3683 599
2255 3618 2495 3684 quandiu
2524 3618 2726 3685 judicia
2757 3620 3099 3682 cxcreebuut,
3137 3636 3239 3672 neu

1686 3704 1972 3772 quisquam
2022 3708 2087 3759 de
2124 3723 2181 3760 re
2227 3708 2455 3775 alicujus
2502 3710 2757 3762 momenti
2807 3712 3125 3764 sententiam
3168 3711 3235 3763 .in

1687 3798 1918 3852 concilio
1944 3798 2189 3852 dicturus
2215 3817 2229 3862 ;
2260 3800 2368 3852 imo
2394 3800 2553 3853 etiam
2582 3802 2781 3854 nemini
2823 3817 3044 3869 prorsus
3075 3806 3237 3858 inter-

1686 3890 1799 3952 diu,
1829 3892 1955 3943 vino
1996 3891 2072 3942 uti
2099 3892 2479 3954 concesserim,
2513 3893 2617 3946 nisi
2668 3895 2746 3947 vel
2777 3896 3085 3949 exercitatio
3118 3915 3237 3950 eor-

1686 3981 1853 4048 poris,
1880 3981 1961 4034 vel
1988 3981 2161 4033 morbi
2193 3983 2329 4035 ratio
2364 3983 2692 4051 postulabit;
2722 3999 2891 4053 neque
2927 3996 3106 4049 noctu,
3138 4003 3231 4038 seu

1686 4072 1789 4136 vir,
1830 4089 1923 4127 seu
1955 4075 2148 4127 mulier
2178 4074 2358 4135 fuerit,
2395 4076 2439 4129 si
2470 4090 2685 4142 operam
2720 4076 2899 4129 liberis
2930 4077 3055 4129 dare
3083 4079 3231 4146 cogi-

1686 4164 1839 4217 tabit.
1881 4164 2003 4220 llam
2034 4174 2087 4218 et
2123 4166 2226 4217 alia
2269 4166 2523 4234 pleraque
2557 4164 2732 4218 all‘erri
2780 4167 3007 4234 possint,
3039 4184 3228 4235 qnam-

1685 4251 1869 4305 obrem
1896 4253 2022 4306 vino
2049 4254 2319 4306 abstinere
2346 4253 2596 4318 debeant,
2625 4254 2717 4322 qui
2745 4265 2798 4307 et
2826 4258 3226 4325 maturijudieii

1684 4356 1735 4397 ct
1767 4352 1924 4396 recta:
1962 4343 2094 4411 legis
2137 4343 2355 4397 ductum
2399 4355 2711 4411 sequantur.
2749 4345 2823 4397 Ex
2856 4364 2964 4415 quo
3014 4366 3140 4402 sane
3179 4351 3231 4403 id

1682 4433 1941 4499 eﬂicitur,
1977 4434 2121 4487 nulla
2166 4444 2224 4487 ut
2261 4436 2451 4489 civitas
2499 4436 2683 4489 multis
2729 4438 3016 4492 admodum
3062 4442 3231 4495 vineis

1686 4527 1917 4594 indigeat
1951 4542 1963 4577 :
2002 4525 2091 4580 sed
2124 4528 2322 4595 potius,
2351 4537 2407 4580 ut
2428 4542 2549 4581 eum
2588 4527 2829 4595 reliquus
2856 4532 3031 4583 omnis
3072 4547 3227 4599 agro-

12 4600 91 4652 ἆν
156 4598 526 4669 είσπορεύησθ’
559 4598 637 4660 εἰς
671 4597 768 4667 τὴν
810 4598 1009 4667 σκηνὴν
1044 4595 1137 4647 τοῦ
1174 4596 1488 4664 μαρτυρίου,
1544 4594 1576 4663 ἢ

1688 4632 1801 4668 ι·ιιιη
1828 4616 2035 4680 cultus,
2082 4618 2404 4671 tum"etiam
2438 4617 2572 4669 ratio
2615 4617 2788 4672 victus
2833 4620 3079 4671 universa
3117 4638 3227 4671 mo-

16 4688 550 4757 προσπορευομένων
592 4688 741 4757 ὑμῶν
766 4688 899 4757 πρὸς
941 4688 999 4739 τὸ
1033 4686 1443 4755 Θυσιαστήριον,
1488 4686 1579 4737 καὶ

13 4782 83 4832 οὐ
150 4778 225 4847 μὴ
277 4780 575 4849 ἀποθάνητε
600 4798 612 4810 ·
646 4780 868 4849 νόμιμον
914 4780 1123 4831 αἰώνιον
1155 4780 1232 4840 είς
1264 4778 1359 4838 τὰς
1392 4777 1579 4843 γενεὰς

14 4870 209 4940 ὑμῶν.
251 4888 267 4918 ι
316 4871 371 4921 ὐ
394 4870 448 4922 δὲ
485 4870 644 4931 αὐτὸς
672 4872 763 4922 καὶ
792 4872 899 4931 τοῖς
943 4869 1102 4939 εὐχὴν
1138 4869 1444 4937 εὐχομένοις
1492 4885 1577 4919 νο-

18 4960 253 5032 μοθετεῖ
282 4960 449 5026 λέγων
468 4979 480 4991 ·
523 4980 541 5010 ι
587 4961 743 5031 Ἀνὴρ
770 4961 801 5028 ἦ
827 4961 979 5030 γυνὴ,
1014 4961 1071 5022 ὃς
1109 4961 1173 5013 ἂν
1219 4959 1464 5028 μεγάλως
1492 4958 1580 5010 εὗ-

15 5054 191 5121 ξηται
217 5050 397 5121 εὐχὴν,
429 5050 817 5117 ἁφαγνίσασθαι
842 5052 1057 5116 ἁγνείαν
1079 5052 1285 5119 Κυρίῳ,
1308 5050 1413 5102 άπὸ
1436 5050 1575 5100 οῐνου

13 5145 128 5197 καὶ
155 5142 344 5211 σίκερα
373 5140 748 5209 άγνισθήσεται
770 5158 781 5167 ·
808 5142 900 5193 καὶ
935 5140 1052 5202 ὅξος
1083 5140 1140 5203 ὲξ
1159 5141 1296 5191 οίνου
1331 5142 1424 5191 καὶ
1460 5140 1576 5203 ὅξος

14 5238 89 5286 ὲκ
131 5234 321 5301 σίκερα
354 5234 411 5284 οὐ
439 5234 637 5285 πίεται.
675 5252 691 5281 ι
734 5232 889 5283 Ἀλλὰ
910 5232 1001 5281 καὶ
1029 5230 1272 5299 Σολομὼν
1311 5233 1433 5292 τοὺς
1476 5229 1571 5299 άρ-

17 5340 230 5395 χοντας
257 5325 346 5375 καὶ
380 5326 501 5385 τοὺς
519 5322 771 5385 δικαστὰς
792 5323 1072 5391 εἶργειτῆς
1099 5324 1361 5391 χρήσεως,
1384 5320 1570 5383 λέγων·

20 5434 44 5466 α
90 5413 254 5467 Μετὰ
286 5412 473 5483 βουλῆς
502 5415 676 5466 πάντα
705 5413 863 5474 ποίει,
893 5413 1025 5481 μετὰ
1062 5412 1249 5480 βουλῆς
1291 5409 1570 5462 οἱνοπότει.

14 5505 88 5557 Oi
164 5502 412 5555 δυνάσται
448 5503 708 5573 θυμώδεις
750 5504 902 5568 εἰσὶν,
949 5497 1086 5555 οἶνον
1122 5503 1194 5571 μὴ
1254 5500 1571 5564 πινέτωσαν,

95 5612 152 5642 ⁸⁵
182 5609 349 5665 Levit.
382 5626 436 5672 ι,
472 5610 524 5664 9.

252 5703 320 5779 ξε
341 5698 454 5779 μέν
482 5718 590 5765 τις.
622 5701 875 5779 Ρίαιοεειι.
904 5702 1048 5768 Leg.,
1077 5701 1283 5779 LEM,
1316 5698 1377 5752 Ι).
1538 5767 1562 5778 _

98 5769 218 5835 (Μ)
262 5768 370 5823 Τοῦ
399 5772 738 5837 σωφρονεῖν.
778 5772 909 5826 Male
952 5772 1089 5839 apud
1143 5768 1450 5851 Platonem,
1496 5768 1572 5836 τῷ

20 5854 208 5909 mag.

1679 4705 1814 4759 dicis
1839 4705 2061 4759 omnino
2100 4706 2295 4758 tinibus
2328 4704 2652 4760 includatur.
2688 4726 2706 4757 ι
2745 4708 2815 4759 lta
2853 4707 3018 4760 Plato.
3055 4704 3225 4772 Quem

1651 4810 1653 4812 ‘
1678 4807 1799 4848 ante
1815 4795 1926 4863 jam
1950 4795 2157 4864 Moyses
2176 4807 2544 4863 occupaverat,
2563 4812 2684 4850 cum
2709 4798 3095 4861 sacerdotibus,
3118 4816 3226 4867 quo

1678 4894 1916 4952 tempore
1963 4886 2132 4937 sacris
2160 4885 2492 4951 operandam
2528 4895 2663 4948 erat,
2697 4888 2821 4938 vino
2865 4886 3221 4950 interdiceret,

1679 4973 1763 5027 bis
1784 4973 1993 5026 verbis:
2030 4991 2048 5022 ι
2083 4971 2224 5025 Dixit
2257 4989 2473 5042 quoque
2498 4974 2756 5028 Dominus
2794 4974 2857 5026 ad
2884 4975 3060 5029 Aaron
3087 4995 3099 5029 :
3133 4976 3225 5031 Vi-

1678 5081 1804 5118 num
1836 5077 1887 5118 et
1905 5080 2063 5120 omne
2090 5067 2231 5135 quod
2273 5069 2537 5122 inebriare
2564 5076 2754 5133 potest,
2785 5083 2891 5121 non
2924 5071 3131 5132 bibetis,
3165 5083 3221 5125 tu

1676 5166 1728 5209 et
1774 5155 1863 5207 lilii
1892 5158 1968 5208 tui
2008 5165 2205 5220 tecum,
2236 5159 2451 5226 quando
2485 5158 2696 5211 intratis
2727 5160 2780 5211 in
2815 5161 3218 5214 tabernaculum

1676 5248 1985 5312 testimonii,
2020 5259 2111 5302 aut
2140 5266 2263 5303 cum
2306 5250 2559 5303 acceditis
2588 5250 2652 5302 ad
2693 5252 2879 5315 altare,
2923 5266 2988 5302 ne
3024 5253 3220 5302 moria—

1675 5338 1806 5389 mini
1838 5356 1849 5389 :
1885 5338 2177 5407 legitimum
2222 5340 2605 5407 sempiternum
2637 5342 2689 5393 in
2732 5341 3099 5409 generationes
3132 5355 3218 5391 ie-

1676 5437 1815 5482 stras
1843 5429 1907 5480 “.
1951 5448 1968 5479 ι
2020 5430 2159 5482 Idem
2208 5430 2336 5482 viris
2386 5431 2584 5497 pariter
2626 5446 2689 5484 ac
2738 5428 3045 5483 mulieribus
3092 5437 3215 5479 vota

1674 5521 2126 5590 nuncupantibus,
2148 5522 2283 5574 hanc
2314 5521 2478 5590 legem
2506 5521 2668 5574 dicit:
2700 5518 2849 5580 ινιτ,
2871 5518 2979 5571 sive
3004 5517 3216 5580 mulier.

1744 5697 1851 5763 (35)
1892 5694 2141 5759 Μελέτῃ,
2194 5695 2265 5746 Ita
2299 5696 2638 5762 reposuimus
2672 5710 2731 5745 ev
2763 5708 3055 5755 manuscn.
3090 5693 3215 5747 licet

1673 5768 1830 5819 ctiam
1858 5767 1992 5830 apul
2021 5765 2290 5834 l’la_loueu_t
2324 5766 2545 5834 μελέτης
2587 5767 2888 5817 haberetur.

1745 5835 1853 5902 ('56)
1894 5834 2061 5899 l‘lalu,
2093 5830 2127 5902 ἦ
2165 5834 2204 5884 δ’
2236 5832 2296 5886 οἱ
2327 5830 2452 5887 τινι.
