4004 6342
740 366 872 419 1005

1327 365 1589 419 EUSEBll
1625 361 2097 419 CACSAMENSIS
2134 361 2284 418 ΟΡΡ.
2324 363 2498 419 PARS
2537 363 2600 418 ll.
2641 396 2709 404 —
2746 363 3235 421 APOLOGETICA.

3788 372 3896 423 ιοιν

739 484 842 536 nisi
885 484 1023 550 quod
1078 483 1170 536 abs
1206 462 1442 551 tyrannis
1505 496 1564 533 ac
1634 480 1848 549 regibus
1904 478 2167 534 diﬂicilius
2211 496 2273 533 ac

2378 479 2756 548 καταφαίνεται
2818 479 3196 549 σμικρολογίας
3242 479 3383 546 (55).
3434 480 3553 530 Ὀτι
3604 480 3694 531 καὶ
3752 483 3781 532 ὁ
3823 484 3897 533 ἀπ’

739 574 909 640 magis
940 573 1250 627 insidiosum
1298 571 1585 625 animantis
1619 585 1808 637 genus,
1842 573 2009 636 quam
2049 569 2114 622 ab
2156 569 2274 622 aliis

738 664 882 728 pasci
915 678 972 716 ac
997 664 1217 731 mulgeri
1249 662 1533 715 existimat.
1568 659 1855 712 Enimvero
1899 658 2271 726 philosophum

738 765 915 817 istum,
940 756 1081 823 ’quod
1108 771 1284 807 rerum
1316 770 1413 808 usu
1451 753 1596 805 nullo
1622 752 1710 814 sit,
1742 751 2085 804 nihilominus
2113 766 2274 819 quam

742 858 979 899 castores
1006 847 1149 913 ipsos
1181 846 1438 898 rusticum
1467 858 1527 897 ac
1566 842 1749 895 rudem
1773 858 1889 895 esse
1922 857 2138 897 necesse
2171 850 2272 906 est,

740 936 830 999 qui
864 936 1130 989 moenibus
1155 935 1204 985 in
1234 934 1385 994 urbe,
1412 947 1515 984 non
1550 947 1703 985 secus
1734 946 1793 984 ac
1826 931 1992 985 caulis
2018 932 2069 983 in
2098 940 2277 984 monte

739 1023 996 1089 cingatur.
1020 1022 1180 1091 θοή,
1220 1021 1365 1073 Idem
1414 1021 1455 1073 si
1493 1020 1628 1072 forte
1663 1020 1844 1073 decem
1879 1020 2124 1087 jugerum
2153 1018 2274 1071 mil-

738 1113 826 1177 lia,
860 1114 938 1166 vel
970 1115 1127 1166 etiam
1156 1114 1303 1181 plura
1339 1112 1745 1165 commemorari
1776 1111 2024 1171 audierit,
2054 1109 2295 1178 perinde.

734 1216 796 1254 uc
851 1201 893 1253 si
942 1216 1126 1253 eorum
1179 1214 1454 1267 possessor
1497 1198 1603 1249 vim
1662 1213 1912 1266 agrorum
1960 1200 2275 1251 immensam

735 1290 1060 1357 possideret;
1088 1292 1336 1359 exiguum
1367 1290 1466 1343 sibi
1495 1290 1748 1358 quiddam
1782 1288 1966 1341 audire
1990 1287 2274 1351 videbitur,

736 1383 875 1448 quod
909 1384 1092 1435 orbem
1131 1391 1392 1435 terrarum
1438 1383 1745 1435 universum
1785 1382 1961 1433 animo
1998 1379 2277 1447 complecti

736 1474 922 1524 soleat.
946 1470 1059 1525 Jam
1092 1473 1182 1540 qui
1215 1473 1277 1525 ad
1306 1472 1629 1525 eﬂ‘erendam
1672 1470 1881 1538 generis
1922 1470 2147 1537 alicujus
2184 1485 2279 1522 an-

735 1563 1030 1629 tiquitatem
1057 1602 1069 1625 ,
1103 1577 1231 1616 avos
1270 1562 1338 1614 ab
1372 1563 1460 1615 illo
1501 1570 1724 1630 septem,
1753 1575 1952 1629 eosque
1991 1561 2278 1628 locupletes

736 1651 997 1703 nominari
1041 1666 1197 1719 posse
1236 1650 1514 1713 dictitant,
1545 1665 1711 1719 genus
1743 1650 1844 1703 hoc
1888 1650 2077 1715 laudis,
2105 1650 2279 1702 homi-

736 1757 860 1794 num
898 1757 1015 1795 esse
1052 1743 1227 1794 obtusi
1259 1742 1541 1794 admodum
1588 1741 1909 1809 angustique
1946 1742 2092 1794 visus
2129 1740 2275 1793 arbi—

2387 571 2782 640 Ἀμφιτρύωνος
2828 573 2904 631 είς
2953 571 3012 621 τὸ
3041 570 3150 621 ἀνω
3175 572 3666 634 πεντεκαιεικοστὸς
3692 572 3898 636 τοιοῦτος

2375 657 2459 729 ἦν,
2483 661 2565 710 οἵα
2592 660 2895 711 συνέϐαινεν
2919 659 3063 728 αὐτῷ
3092 662 3243 730 τύχῃ,
3272 662 3363 712 καὶ
3389 663 3417 713 ὁ
3438 664 3795 731 πεντηκοστὴ
3826 665 3897 714 ἀπ’

2376 746 2557 807 αὑτοῦ,
2599 747 2749 815 γελᾷ,
2783 748 2841 798 οὐ
2870 746 3173 815 δυναμένων
3204 741 3503 814 λογίζεσθαί
3532 765 3590 799 τε
3620 750 3713 800 καὶ
3733 752 3899 817 χαυνό-

2374 855 2509 907 τητα
2538 838 2760 907 ἀνοήτου
2782 838 2954 906 ψυχῆς
2984 838 3355 889 ἀπαλλάττειν.
3399 841 3484 892 Ἐν
3511 840 3681 891 ἅπασι
3710 841 3764 891 δὲ
3799 844 3898 891 τούν

2374 945 2483 989 τοις
2518 929 2545 978 ό
2572 927 2807 989 τοιοῦτος
2834 928 2936 979 ὑπὸ
2956 928 3057 978 τῶν
3086 928 3289 979 πολλῶν
3321 930 3699 995 καταγελᾶται,
3723 929 3789 981 τά
3822 933 3897 997 μὲν

2377 1019 2732 1087 ὑπερηφάνως
2763 1018 2897 1085 ἔχων
2924 1017 2997 1079 ὡς
3045 1017 3223 1080 δοκεῖ,
3254 1018 3321 1069 τά
3360 1018 3401 1069 δ’
3432 1020 3487 1069 ὲν
3520 1018 3675 1070 ποσὶν
3721 1019 3899 1084 ἀγνοῶν

2375 1125 2430 1160 τε
2453 1110 2544 1161 καὶ
2570 1110 2627 1160 ὲν
2657 1110 2909 1170 ἑκάστοις
2936 1108 3168 1177 ἀπορῶν.
3201 1136 3267 1145 —
3296 1108 3607 1160 Παντάπασι
3638 1108 3709 1159 τά
3750 1111 3900 1174 γιγνέ-

2381 1216 2511 1273 μενα
2541 1199 2713 1265 λέγεις
2732 1239 2745 1261 ,
2776 1194 2820 1250 ὧ
2857 1197 3155 1268 Σώκρατες.
3183 1226 3253 1236 -
3284 1199 3449 1251 Ὅταν
3478 1199 3532 1250 δέ
3560 1198 3620 1265 γέ
3676 1213 3794 1249 τινα
3820 1200 3899 1247 αὑ-

2375 1290 2463 1352 τὸς
2486 1290 2613 1359 (55),
2640 1285 2685 1341 ὦ
2716 1290 2855 1356 φίλε,
2898 1289 3100 1358 ἐλκύσῃ
3141 1290 3270 1352 ἀνω,
3297 1291 3389 1343 καὶ
3442 1289 3669 1359 ἐθελήσῃ
3700 1306 3781 1350 τις
3816 1291 3899 1340 ἀὑ-

2377 1381 2480 1430 τῶν
2508 1380 2617 1448 (56)
2647 1381 2867 1448 έκόἧναι
2890 1379 2954 1429 ἐκ
2980 1378 3094 1440 τοῦ,
3121 1379 3184 1430 Τί
3212 1377 3320 1446 ἐγώ
3358 1396 3413 1432 σε
3438 1379 3603 1430 ἀδικῶ
3633 1380 3665 1447 ἢ
3714 1380 3775 1429 σὺ
3800 1379 3899 1445 ἐμὲ,

2378 1471 2455 1531 είς
2483 1470 2669 1537 σκέψιν
2693 1464 2757 1521 αὖ
2784 1468 3123 1536 δικαιοσύνης
3150 1485 3208 1519 τε
3234 1469 3325 1520 καὶ
3351 1468 3559 1529 ἀδικίας
3576 1507 3592 1529 ,
3621 1468 3675 1518 τί
3706 1484 3763 1518 τε
3796 1468 3903 1519 ἑκά-

2377 1575 2532 1628 τερον
2560 1559 2761 1620 αὑτοῖν,
2797 1560 2887 1610 καὶ
2922 1558 2973 1609 τί
3002 1557 3106 1609 τῶν
3139 1558 3350 1611 πάντων
3393 1556 3426 1626 ἢ
3470 1557 3711 1626 ἀλλήλων
3746 1558 3903 1623 διαφέ-

2380 1668 2530 1721 ρετον
2548 1668 2559 1680 ·
2586 1651 2618 1721 ἢ
2645 1652 2708 1702 ὲκ
2728 1650 2839 1711 τοῦ,
2858 1650 2919 1701 El
2951 1648 3197 1717 βασιλεὺς
3223 1648 3488 1717 εὐδαίμων
3513 1650 3829 1717 κεκτημένος
3856 1667 3899 1699 τε

2379 1739 2445 1792 αὗ
2476 1740 2606 1792 πολὺ
2637 1739 2873 1809 χρυσίον,
2901 1742 2977 1801 εἰς
3005 1739 3276 1807 βασιλείας
3309 1738 3433 1805 πέρι
3459 1739 3550 1789 καὶ
3588 1737 3900 1806 ἀνθρωπίνης

736 1839 923 1893 tratur,
963 1830 1052 1897 qui
1088 1830 1323 1883 stultitiae
1360 1844 1469 1883 sua:
1492 1829 1623 1881 vitio
1666 1843 1842 1880 rerum
1879 1827 2276 1881 universitatem

2379 1830 2510 1889 ὅλως
2543 1803 2883 1897 εὐδαιμονίας
2912 1803 3015 1878 καὶ-
3030 1826 3338 1896 ἀθλιότητος
3360 1803 3663 1892 ἐπίσκεψιν,
3689 1803 3829 1876 ’ποίω
3856 1827 3900 1875 τί

734 1928 990 1987 perpetuo
1030 1918 1438 1987 circumspicere
1476 1934 1582 1971 non
1626 1917 1867 1984 possint,
1912 1931 2011 1969 nec
2058 1916 2276 1969 omnino

738 2009 991 2076 cogitare,
1044 2007 1485 2060 innumerabilem
1532 2008 1725 2074 cuique
1761 2020 1981 2058 avorum
2022 2020 2140 2059 esse.
2165 2020 2278 2057 ma-

736 2095 1021 2163 iorumque
1067 2096 1478 2159 multitudinem,
1529 2096 1580 2148 in
1634 2111 1737 2163 qua
1776 2110 1913 2163 saepe
1960 2095 2183 2147 divitum
2227 2101 2279 2147 et

738 2186 975 2253 inopum,
1002 2201 1185 2255 regum
1215 2196 1265 2239 et
1294 2201 1589 2251 servorum,
1620 2187 1967 2239 barbarorum
1992 2192 2043 2237 et
2069 2183 2279 2237 Graeco—

741 2292 857 2327 rum
907 2277 1069 2329 series
1104 2276 1307 2329 inﬁnita
1341 2277 1586 2330 ducatur.
1622 2276 1721 2341 Qui
1757 2276 1799 2329 si
1843 2275 2077 2343 quinque
2107 2288 2169 2327 ac
2197 2274 2276 2325 vi-

737 2367 867 2435 ginti
907 2368 1169 2435 majorum
1197 2374 1472 2420 stemmate
1503 2368 1815 2435 glorientur,
1840 2374 1930 2419 aut
1954 2380 2109 2419 suum
2138 2378 2277 2433 quo-

738 2474 841 2527 que
871 2474 1034 2526 genus
1075 2459 1140 2511 ad
1185 2457 1460 2511 Herculem
1505 2457 1905 2527 Amphitryonis
1944 2456 2108 2509 ﬁlium
2142 2453 2277 2509 refe-

738 2557 877 2609 rant,
903 2548 1005 2599 vile
1038 2546 1201 2601 nimis
1247 2562 1309 2601 ac
1337 2548 1576 2615 putidum
1618 2547 1887 2614 iactantia
1928 2559 2093 2613 genus
2130 2546 2279 2597 arbi-

658 2619 666 2633 ’
740 2648 928 2692 tratur.
960 2637 1091 2690 Nam
1124 2638 1266 2705 quod
1298 2639 1435 2691 alius
1465 2650 1607 2691 retro
1649 2638 1867 2706 quintus
1899 2651 1960 2689 ac
1993 2634 2279 2689 vicesimus

740 2730 806 2782 ab
836 2728 1237 2799 Amphitryone,
1274 2730 1410 2783 alius
1455 2729 1521 2781 ab
1564 2728 1746 2781 eodem
1781 2725 2279 2796 quinquagesimus,

740 2835 804 2873 eo
836 2828 989 2873 natus
1019 2828 1242 2888 uterque
1276 2820 1392 2872 loco
1422 2820 1508 2884 sit,
1536 2833 1693 2888 quem
1726 2833 1823 2871 sua
1853 2820 2045 2885 cuique
2068 2815 2279 2869 fortuna

741 2910 1005 2973 statuerit,
1046 2910 1215 2964 risum
1256 2918 1433 2962 tenere
1474 2925 1577 2961 non
1624 2917 1817 2975 potest,
1846 2922 1969 2959 cum
2012 2908 2145 2960 istos
2182 2920 2282 2958 nec

739 3014 920 3052 secum
953 3000 1001 3051 id
1041 2983 1293 3067 cogitare,
1328 3014 1427 3051 nec
1460 2998 1668 3051 stolida:
1712 2997 1904 3050 mentis
1935 2996 2158 3063 ineptias
2190 3011 2282 3048 ex-

738 3091 919 3143 cutere
949 3103 1103 3157 posse
1130 3089 1523 3142 animadvertit.
1563 3087 1702 3141 Idem
1737 3102 1863 3140 vero
1897 3086 1950 3139 in
1991 3086 2071 3141 his
2105 3086 2278 3142 omni-
2307 3127 2346 3185 C

715 3180 839 3232 'hus
866 3180 931 3231 ab
964 3180 1236 3232 hominum
1266 3180 1421 3249 vulgo
1451 3180 1741 3246 deridetur,
1780 3178 1972 3245 partim
2006 3176 2145 3245 quod
2176 3190 2278 3229 cte-

740 3279 884 3323 teros
925 3279 1234 3339 arroganter
1277 3271 1547 3338 despicere
1588 3271 1864 3332 videatur,
1899 3267 2091 3336 partim
2135 3265 2278 3335 quod

739 3361 791 3411 in
824 3360 993 3413 obviis
1026 3361 1327 3429 quibusque
1362 3361 1601 3416 excutiat
1633 3375 1695 3413 ac
1722 3358 1929 3412 titubet.
1960 3386 2026 3395 -—
2053 3354 2279 3409 Prorsus

737 3449 813 3500 uti
852 3464 936 3501 res
968 3458 1047 3502 est
1078 3450 1331 3516 loqueris,
1361 3450 1432 3501 mi
1458 3446 1724 3501 Socrates.
1752 3476 1817 3487 —
1842 3447 1909 3501 At
1934 3460 2081 3509 vero,
2113 3441 2280 3497 Theo-

740 3540 887 3601 dore,
918 3539 959 3591 si
992 3554 1148 3603 quem
1183 3537 1418 3591 vicissim
1441 3551 1505 3590 ει
1535 3537 1651 3590 istis
1677 3551 1894 3590 sursum
1930 3532 2278 3603 philosophus

739 3628 987 3692 traxerit,
1016 3643 1245 3695 eumque
1275 3626 1570 3696 angustiori
1613 3626 1710 3680 hac
1739 3626 2031 3694 quaestione
2072 3622 2276 3685 relicta,

706 3712 853 3781 'Qua
890 3717 940 3767 in
970 3733 1029 3768 re
1059 3717 1135 3768 vel
1162 3730 1261 3785 ego
1286 3726 1355 3778 te,
1387 3716 1467 3769 vel
1494 3726 1548 3769 tu
1582 3730 1663 3767 me
1692 3715 1805 3783 ipse
1829 3713 2047 3775 laeseris,
2078 3714 2143 3765 ad
2174 3712 2281 3778 ple-

740 3820 862 3856 nam
895 3807 1037 3856 illam
1068 3813 1120 3857 et
1150 3807 1405 3873 integram
1432 3806 1495 3858 de
1517 3804 1719 3873 iustitia
1747 3811 1799 3856 et
1822 3801 2082 3871 injustitia
2104 3801 2282 3868 dispu-

738 3892 987 3945 tationem
1033 3892 1302 3953 accedere,
1333 3891 1454 3959 quid
1496 3905 1588 3959 per
1619 3905 1735 3945 sese
1768 3899 1995 3958 utraque
2026 3888 2112 3951 sit,
2151 3888 2279 3957 quid

742 3982 821 4033 vel
860 3982 1027 4034 ambae
1057 3997 1083 4033 a
1115 3980 1319 4033 cal-teris
1363 3981 1629 4043 omnibus,
1658 3980 1739 4033 vel
1769 3980 1936 4034 alter:
1974 3977 2180 4033 ϐίασαι
2214 3978 2280 4032 ab

739 4070 919 4133 altera,
967 4072 1243 4124 enucleare
1280 4070 1544 4139 jusserit:
1580 4076 1669 4121 aut
1713 4066 1760 4121 si
1801 4065 2144 4121 cuii-ab
2190 4066 2281 4121 illo

740 4157 963 4224 vulgari,
993 4156 1181 4210 Utrum
1212 4156 1513 4211 fortunatus
1540 4170 1635 4210 nx
1670 4154 1759 4213 tuo
1784 4154 1875 4214 sit.
1910 4153 2001 4223 qd
2033 4167 2280 4221 ψ
2310 4213 2314 4217 .

742 4243 857 4295 auri
890 4244 995 4295 vim
1044 4244 1329 4311 possideat,
1373 4243 1439 4297 ad
1489 4243 1794 4295 universam
1829 4240 1978 4309 regni
2044 4240 2281 4307 adeoque

739 4334 905 4386 totius
938 4333 1184 4386 humanae
1231 4332 1497 4387 felicitatis
1542 4338 1634 4384 aut
1680 4329 1911 4384 miseria
1951 4328 2281 4395 οωιεωριιο

2376 1919 2485 1971 τινέ
2518 1920 2699 1982 ὲστον,
2742 1918 2835 1970 καὶ
2861 1918 2981 1968 τίνα
3009 1916 3204 1986 τρόπον
3256 1914 3540 1985 ἀνθρώπου
3572 1914 3729 1982 φύσει
3759 1931 3903 1983 προσ-

2378 2013 2497 2080 ήκει
2527 2010 2585 2061 τὸ
2611 2010 2707 2079 μὲν
2736 2010 3034 2081 κτήσασθαι
3062 2008 3261 2071 αὑτοῖν,
3285 2007 3345 2059 τὸ
3365 2007 3418 2059 δὲ
3442 2009 3738 2073 ἀποφυγεῖν
3756 2024 3771 2036 ·
3797 2006 3904 2071 περὶ

2378 2101 2588 2153 πάντων
2611 2100 2811 2151 τούτων
2838 2100 2964 2151 ὅταν
2990 2092 3053 2151 αὖ
3075 2097 3179 2150 δέοι
3206 2098 3358 2163 λόγον
3378 2096 3570 2148 διδόναι
3588 2096 3677 2147 τὸν
3705 2094 3904 2163 σμικρὸν

2378 2194 2579 2244 ἐκεῖνον
2612 2192 2707 2261 τὴν
2735 2192 2930 2260 ψυχὴν,
2959 2192 3051 2242 καὶ
3078 2189 3294 2259 δριμὺν,
3322 2190 3413 2241 καὶ
3436 2188 3726 2247 δικανικὸν,
3769 2186 3903 2237 πάλιν

2378 2280 2444 2334 αὗ
2471 2282 2792 2353 ἀντίστροφα
2820 2281 3138 2333 ἀποδίδωσιν
3156 2295 3169 2309 ·
3211 2279 3448 2347 ἰλιγγιῶν
3478 2296 3535 2331 τε
3568 2279 3674 2348 γὰρ
3706 2278 3798 2328 καὶ
3820 2277 3905 2326 at”)

2378 2372 2580 2442 ὑψηλοῦ
2632 2370 2975 2442 κρεμασθεὶς,
3026 2370 3118 2422 καὶ
3150 2368 3355 2437 βλέπων
3408 2369 3676 2439 μετέωρος
3725 2366 3903 2419 ἄνωθεν

2378 2464 2482 2514 ὑπὸ
2536 2461 2788 2532 ἀληθείας
2818 2460 2926 2530 (57)
2956 2459 3234 2529 ἀδημονῶν
3264 2475 3355 2522 τε,
3402 2460 3496 2511 καὶ
3542 2457 3763 2526 ἀπορῶν
3788 2497 3801 2517 ,
3834 2460 3906 2505 καί

2380 2551 2738 2623 βαρὸαρίζων,
2772 2552 2977 2619 γέλωτα
2999 2548 3265 2619 Θράτταις
3292 2547 3387 2617 μὲν
3410 2547 3469 2599 ού
3506 2548 3735 2615 παρέχει
3756 2584 3771 2607 ,
3816 2545 3904 2594 οὐδ

2379 2642 2522 2709 ἄλλῳ
2553 2639 2857 2708 ἀπαιδεύτῳ
2880 2640 3069 2701 οὐδενὶ,
3100 2640 3160 2691 οὺ
3194 2637 3300 2706 γὰρ
3340 2636 3710 2703 αἰσθάνονται·
3747 2638 3850 2695 τοᾷ
3871 2634 3904 2682 δ’

2379 2732 2651 2792 ἐναντίως,
2680 2732 2713 2800 ἢ
2768 2730 2841 2791 ὡς
2869 2729 3213 2798 ἀνδραπόδοις
3245 2729 3492 2800 τραφεῖσι
3531 2726 3714 2776 πᾶσιν.
3762 2718 3904 2782 07m;

2380 2821 2443 2890 δὴ
2477 2820 2731 2890 ἑκατέρου
2762 2819 2977 2889 τρόπος,
3007 2812 3051 2868 ὧ
3093 2816 3353 2883 Θεόδωρε.
3390 2816 3446 2867 Ὀ
3472 2815 3590 2883 μὲν,
3624 2812 3702 2881 τῷ
3731 2814 3837 2864 bim
3862 2817 3905 2862 ἐν

2385 2912 2667 2981 ἐλευθερία
2702 2927 2760 2962 τε
2786 2910 2878 2961 καὶ
2906 2909 3063 2978 σχολῇ
3086 2905 3543 2976 τεθραμμένου,ὂν
3566 2904 3629 2972 δὴ
3646 2903 3905 2970 φιλόσοφον

2382 3002 2582 3063 καλεῖς,
2610 2995 2652 3066 ᾧ
2682 3002 3007 3069 ἀνεμέσητον
3036 2998 3215 3068 εὐήθει
3238 2996 3422 3081 δοκεῖν
3434 2996 3528 3067 καὶ
3557 2990 3903 3058 οὐδενᾺῖναιρ

2384 3093 2609 3155 omet;
2634 3088 3502 3162 δωλικάὲμπὲσῃδιακονήματα,
3541 3083 3652 3142 οἷον
3682 3104 3906 3159 στρωμα-

2379 3182 2629 3251 τόδεσμον
2669 3182 2741 3251 μὴ
2766 3182 3117 3250 ἐπιστάμενος
3144 3178 3595 3240 συσκευάσασθαι,
3635 3180 3767 3248 μηδὲ
3797 3180 3905 3246 θᾲτν

2378 3271 2561 3340 ἡδῦναι
2591 3311 2605 3334 ,
2636 3270 2668 3340 ἢ
2724 3270 2907 3331 θῶπας
2935 3271 3121 3335 λόγους
3141 3286 3153 3298 ·
3188 3268 3217 3317 ὁ
3240 3268 3283 3320 δ’
3311 3265 3398 3332 αὖ,
3451 3267 3520 3319 τὰ
3560 3270 3659 3337 μὲν
3708 3268 3905 3320 τοιαῦτα

2381 3358 2552 3410 πάντα
2575 3357 2864 3426 δυναμένου
2900 3356 3069 3425 τορῶς
3107 3372 3163 3408 τε
3198 3356 3287 3408 καὶ
3312 3355 3472 3419 ὀξέως
3493 3356 3779 3416 διακονεῖν,
3803 3358 3906 3407 ἀνα-

2380 3447 2659 3503 ϐάλλεσθαι
2693 3448 2749 3498 δὲ
2776 3449 2875 3498 οὐκ
2902 3447 3260 3515 ἐπισταμένου
3288 3447 3380 3498 ἐπὶ
3416 3446 3559 3509 δεξιά
3608 3446 3902 3515 ἐλευθέρως.

2378 3538 2483 3589 οὐδ’
2514 3539 2771 3607 ἁρμονίαν
2801 3536 2911 3606 (58)
2940 3536 3109 3604 λόγων
3158 3537 3407 3599 λαὸόντος
3460 3536 3633 3607 ὀρθῶς
3688 3536 3905 3605 ὑμνῆσαι

2380 3628 2514 3680 θεῶν
2540 3646 2597 3679 τε
2636 3629 2728 3681 καὶ
2770 3626 2973 3699 ἀνδρῶν
3025 3627 3351 3697 εὐδαιμόνων
3380 3628 3491 3696 βίον
3532 3626 3729 3696 ἀληθῆ.
3759 3654 3826 3665 -
3856 3627 3905 3676 ΕΞ

2380 3720 2601 3780 πάντας,
2628 3712 2673 3769 ὦ
2706 3716 3006 3789 Σώκρατες,
3044 3718 3244 3779 πείθοις
3282 3717 3317 3769 ἃ
3354 3717 3528 3784 λέγεις
3566 3716 3757 3786 ὥσπερ
3802 3715 3904 3783 ip).

2380 3808 2577 3861 πλείων
2605 3808 2670 3859 ἀν
2717 3809 2900 3879 εἰρήνη
2927 3808 3020 3859 καὶ
3044 3808 3187 3859 κακά
3210 3806 3413 3860 ἐλάττω
3450 3808 3567 3859 κατ’
3608 3804 3904 3875 ἀνθριίηωυς

2378 3898 2485 3968 εἰη,
2515 3925 2581 3937 —
2618 3897 2756 3950 Ἀλλ’
2806 3897 2916 3950 οὖτ⁹
2946 3895 3235 3950 ἀπολέσθαι
3289 3897 3356 3950 τά
3413 3896 3557 3949 κακά
3604 3896 3844 3957 δυνατὸν,
3869 3888 3906 3945 ὦ

2380 3986 2617 4058 Θεόδωρε
2658 3986 3007 4053 (ὑπεναντίον
3048 3986 3156 4056 γάρ
3208 4003 3258 4039 τι
3286 3985 3363 4055 τῷ
3404 3987 3587 4055 ἀγαθῷ
3638 3988 3749 4039 αἰεὶ
3787 3982 3906 4038 εἶναι

2380 4073 2647 4144 ἀνάγκη),
2674 4073 2788 4127 οὒτ’
2812 4077 2870 4127 ὲν
2895 4074 3038 4137 θεοῖς
3060 4074 3197 4128 αὐτά
3224 4074 3483 4144 Was.
3514 4074 3622 4144 Τὴν
3638 4075 3697 4127 δὲ
3726 4074 3906 4144 θνητὴν

2357 4168 2539 4235 φύσιν
2563 4167 2656 4217 καὶ
2680 4165 2827 4217 τόνδε
2851 4165 2940 4217 τὸν
2971 4164 3129 4216 τόπον
3149 4162 3426 4232 περιπολεῖ
3448 4163 3506 4225 ἐξ
3536 4164 3801 4232 ἀνάγκης.
3827 4164 3906 4215 Διὸ

2379 4257 2468 4309 καί
2496 4253 2781 4326 πειρᾶσθαι
2801 4254 2903 4324 χρὴ
2929 4250 3132 4311 ἐνθένδε
3151 4254 3325 4303 ἐκεῖσε
3344 4251 3554 4318 φεύγειν
3573 4253 3653 4304 ὅτι
3672 4255 3900 4323 τάχιστα.

2377 4347 2522 4417 Φυγὴ
2543 4345 2599 4397 δὲ
2631 4345 2883 4415 ὁμοίωσις
2904 4342 3021 4411 Θεῷ
3040 4343 3189 4395 κατὰ
3212 4344 3273 4394 τὸ
3296 4342 3512 4394 δυνατόν
3533 4361 3544 4373 ·
3584 4345 3838 4412 ὁμοίωσις
3858 4344 3903 4394 δέ

736 4428 940 4478 tionem
972 4423 1285 4485 traduxerit.
1320 4433 1381 4478 ut
1405 4430 1624 4485 statuat.
1653 4430 1761 4473 tum
1788 4434 2033 4488 quacum
2059 4421 2272 4487 propria

2378 4433 2489 4482 tam
2536 4431 2739 4483 δίκαιον
2790 4431 2882 4481 καὶ
2912 4430 3052 4481 ὅσιον
3099 4428 3234 4497 μετά
3287 4432 3588 4500 φρονήσεως
3648 4431 3898 4498 γενέσθαι.

741 4516 810 4567 sit
852 4516 1127 4583 utriusque
1164 4513 1331 4577 ratio,
1362 4522 1471 4566 tum
1514 4509 1965 4581 quemadmodum
1999 4518 2277 4577 utramque

740 4604 824 4657 vel
857 4606 1127 4671 suspicere
1161 4603 1241 4655 vel
1284 4602 1550 4655 declinare
1581 4599 1814 4653 hominis
1847 4606 2052 4653 natura:
2082 4612 2274 4651 conve-

742 4693 873 4745 niat.
901 4692 975 4745 De
1007 4694 1089 4746 his
1117 4692 1362 4747 omnibus
1388 4706 1505 4745 cum
1536 4699 1719 4743 nostro
1752 4689 1875 4742 huic
1900 4698 2007 4742 tam
2040 4688 2278 4755 angustre

743 4783 965 4845 mentis,
998 4798 1152 4849 quam
1194 4782 1305 4836 acri
1351 4797 1414 4835 ac
1461 4781 1756 4833 vehementi
1797 4778 1995 4831 rabula
2042 4792 2277 4844 pronun-

743 4873 983 4927 tiandum
1023 4873 1154 4931 erit,
1202 4882 1315 4924 tum
1348 4871 1617 4924 enimvero
1656 4868 1941 4935 quamdam
1982 4866 2145 4919 veluti
2202 4874 2279 4917 ta—

746 4962 900 5015 lionis
945 4962 1114 5028 legem
1151 4962 1364 5014 subibit.
1400 4958 1531 5012 Nam
1576 4972 1605 5010 e
1631 4948 1905 5023 superiore
1930 4956 2047 5008 loco
2078 4955 2279 5023 pendu-

745 5050 848 5110 lus,
881 5057 931 5101 et
962 5046 1211 5100 interiora
1244 5047 1539 5115 despiciens
1564 5084 1579 5107 ,
1625 5042 1905 5095 insolentia
1941 5043 2018 5095 rei
2068 5043 2275 5111 vertigi-

746 5151 865 5188 nem
912 5137 1087 5190 subito
1122 5135 1366 5203 patietur,
1411 5146 1464 5189 et
1510 5133 1699 5203 partim
1738 5132 2032 5194 aestuando,
2085 5134 2276 5201 partim

820 5269 928 5337 (54)
953 5269 1391 5336 Σμικρολογίας.
1417 5266 1554 5335 Lege
1586 5267 1677 5333 τῆς
1708 5262 1949 5331 σμικρολ.
1973 5279 2035 5317 ex
2060 5263 2277 5316 Platone

747 5347 799 5388 et
831 5342 1207 5390 manuscrinto.

818 5405 923 5472 (55)
963 5398 1166 5470 Αὐτός.
1218 5407 1408 5464 Recte,
1456 5416 1558 5472 non
1598 5401 1797 5472 αὐτόν,
1832 5400 1985 5472 utin
2037 5398 2272 5472 Platone.

750 5469 1001 5539 Deinceps
1028 5477 1167 5525 enim
1194 5476 1255 5526 de
1288 5471 1599 5539 philosopho
1627 5474 1760 5539 ipso
1786 5469 2039 5539 loquitur,
2070 5470 2159 5535 qui
2194 5471 2275 5519 vi-

749 5537 1237 5594 cissim‘hominem
1287 5537 1634 5607 ἀφιλόσοφον,
1683 5537 1773 5587 καὶ
1822 5537 2071 5606 ἀγοραῖόν
2122 5553 2273 5598 τινα,

749 5608 1005 5667 traducat,
1042 5612 1422 5675 ridendumque
1449 5616 1722 5675 proponet.

820 5677 927 5743 (ὃὸ)
974 5678 1061 5739 Τίς
1085 5679 1290 5730 αὐτῶν.
1322 5676 1526 5731 Mallem
1560 5678 1744 5728 abuse
1780 5678 1889 5740 τὶς,
1935 5685 1985 5729 el
2016 5675 2186 5727 αὐτῶν
2222 5675 2271 5728 in

2373 5609 2407 5660 ἀ

2391 4518 2547 4571 Ἀλλά
2571 4520 2696 4588 γάρ,
2731 4514 2775 4571 ὦ
2797 4520 3001 4589 ἀριστε,
3045 4519 3104 4569 οὐ
3138 4519 3275 4570 πάνυ
3304 4536 3357 4571 τι
3388 4521 3561 4590 ῥᾴδιον
3609 4525 3814 4584 πεῖσαι,
3841 4520 3902 4580 ὡς

2376 4609 2480 4677 ἀρα
2505 4609 2600 4676 οὐχ
2650 4605 2723 4661 ὧν
2773 4610 2927 4660 ἕνεκα
2949 4610 2996 4658 οί
3030 4608 3205 4659 πολλοί
3231 4626 3359 4677 φασι
3398 4610 3503 4660 δεῖν
3532 4611 3792 4679 πονηρίαν
3821 4609 3902 4678 μὲν

2377 4694 2614 4761 φεύγειν,
2676 4694 2868 4764 ἀρετὴν
2906 4695 2961 4746 δὲ
2991 4694 3221 4757 διώκειν,
3270 4696 3469 4749 τούτων
3522 4696 3679 4763 χάριν
3728 4698 3787 4748 τὸ
3820 4698 3902 4764 μὲν

2378 4782 2763 4849 ἐπιτηδευτέον,
2789 4782 2847 4832 τὸ
2871 4782 2921 4832 δ’-
2940 4780 3020 4842 οὓ,
3048 4782 3133 4833 ἴνα
3157 4782 3211 4833 δὲ
3253 4782 3361 4850 (59)
3391 4781 3463 4850 μὴ
3495 4782 3683 4845 κακὸς,
3707 4783 3800 4834 καὶ
3831 4784 3899 4836 ἵνα

2378 4871 2571 4936 ἀγαθὸς
2605 4871 2731 4941 δοκῇ
2757 4868 2913 4923 εἶναι.
2946 4870 3129 4923 Ταῦτα
3156 4872 3251 4939 μὲν
3272 4872 3377 4939 γάρ
3401 4873 3543 4922 ἐστιν
3568 4871 3596 4921 ό
3631 4871 3901 4941 λεγόμενος

2376 4958 2555 5026 γραῶν
2603 4958 2774 5020 ὕθλος,
2817 4960 2890 5019 ὡς
2917 4959 3035 5025 ἐμοὶ
3069 4958 3345 5025 φαίνεται·
3375 4958 3435 5009 τὸ
3473 4958 3528 5010 δὲ
3578 4959 3777 5029 ἀληθὲς
3814 4954 3898 5011 ὦδε

2376 5046 2617 5116 λέγομεν.
2656 5048 2785 5109 Θεὸς
2820 5048 3026 5116 οὐδαμῆ
3045 5047 3290 5115 οὐδαμῶς
3308 5046 3506 5108 ἄδικος,
3541 5041 3673 5101 ἀλλ’
3704 5048 3780 5110 ὡς
3807 5043 3898 5099 οων

2375 5151 2433 5185 τε
2456 5136 2781 5197 δικαιότατος
2800 5153 2813 5165 ·
2855 5137 2946 5187 καὶ
2972 5137 3068 5187 οὐκ
3093 5134 3237 5186 ἔστιν
3266 5134 3410 5203 αὐτῷ
3439 5138 3747 5205 ὁμοιότερον
3769 5136 3897 5186 οὐδὲν

2376 5269 2533 5338 αὐτόν
2579 5271 2810 5332 mutari,
2840 5284 3000 5323 sensu
3042 5269 3377 5334 clarissimo,
3407 5270 3499 5338 qui
3540 5269 3745 5336 alioqui
3790 5282 3894 5336 per-

2376 5337 2913 5477 οῠῗὲῗῖυέῗιξληθεζαςς
2942 5405 3350 5477 Beponendum,
3381 5420 3447 5459 ex
3469 5404 3689 5460 Platone
3712 5414 3767 5457 et
3796 5419 3892 5455 ma~

2376 5477 2682 5541 nuscriptis,
2716 5474 2951 5543 ἀηθείας.

2445 5540 2575 5610 (58)
2596 5543 2728 5595 Οὐδ’
2761 5540 3064 5611 ἁρμονίαν.
3093 5542 3279 5597 Melius
3321 5556 3388 5596 ex
3431 5540 3672 5607 Platone,
3699 5541 3814 5595 οὐδέ
3839 5552 3892 5609 τι

2414 5625 2551 5747 ρε9)
2594 5680 2713 5733 "Ira
2744 5680 2828 5733 δέ.
2860 5680 2995 5749 Lege
3024 5680 3107 5732 ἵνα
3134 5680 3217 5749 δή,
3248 5689 3305 5733 ut
3336 5679 3475 5748 apud
3491 5639 3801 5734 .Platonetl.
