4002 6340
112 457 251 511 1017
1233 449 1546 503 PB/EPAR.
1589 447 1628 500 E

1731 446 1839 501 NG.
1881 446 2006 502 LIB.
2051 447 2161 502 XII.
3082 490 3083 493 η
3171 452 3306 508 1θ18

103 578 204 628 ἐὰν
253 574 560 628 λωποδύτην
618 574 953 645 ἀμυνόμενος
1026 573 1352 643 ἀποκτείνῃ,
1392 570 1628 653 ,καθαρδ

1730 570 2059 638 terfecerit,
2103 572 2365 627 innocens
2405 580 2540 627 esto.
2595 572 2854 628 Similiter
2891 577 2982 644 qui
3036 589 3307 645 grassato-

1760 677 1896 728 rem,
1919 662 2047 716 dum
2069 662 2177 716 vim
2198 662 2249 717 vi
2278 664 2514 732 repellit,
2539 663 2815 730 occiderit,
2847 664 3107 720 innocens
3129 677 3300 720 esto»

2322 750 2548 805 CAPUT
2585 751 2743 805 XLII.

2351 842 2426 895 De
2438 842 2695 910 jumento.

1835 950 1854 983 ι
1884 931 1939 985 Si
1969 932 2294 1001 iumentum,
2323 932 2498 1001 inquit
2523 931 2696 1001 Plato,
2726 943 2818 987 aut
2842 935 2987 987 aliud
3012 934 3304 990 animantis

1757 1016 1927 1091 genus
1956 1023 2263 1090 quempiam
2294 1022 2644 1087 interfecerit,
2683 1024 2789 1077 nisi
2820 1031 2997 1077 tamen
3027 1026 3094 1077 ab
3122 1025 3303 1093 aliquo

1755 1128 1820 1167 ex
1849 1114 1916 1168 iis
1943 1129 2062 1182 qua:
2083 1114 2148 1167 ad
2180 1114 2425 1182 publicos
2451 1115 2825 1184 solemnesque
2856 1116 3012 1171 ludos
3039 1116 3303 1169 adhiben-

1757 1213 1863 1266 tur,
1899 1204 1952 1256 in
1987 1204 2107 1271 ipso
2132 1205 2442 1259 certaminis
2480 1215 2609 1259 aastu
2658 1205 2710 1258 id
2753 1206 2933 1270 ﬁeret,
2964 1206 3124 1261 caedis
3149 1223 3297 1259 reum

1756 1295 1824 1348 ab
1865 1293 2130 1348 interfecti
2174 1294 2489 1364 propinquis
2536 1305 2839 1365 peragatur.
2891 1296 3007 1360 Qua
3040 1297 3107 1350 de
3135 1313 3295 1351 causa

1754 1394 2081 1454 cognoscant
2110 1401 2362 1455 agrorum
2396 1396 2674 1441 curatores
2707 1387 2766 1449 ii,
2794 1388 2991 1455 quibus
3021 1403 3050 1441 a
3081 1390 3298 1458 propin-

101 666 265 716 ἔστω.
291 683 310 714 ι

602 755 989 808 ΚΕΦΛΛΑΙΟΝ
1030 756 1160 807 MB’.

622 844 763 911 Περὶ
814 843 1148 912 ὑποζυγίου.

178 955 197 986 ι
252 938 374 989 Ἐὰν
423 936 480 989 δὲ
527 936 632 1006 άρα
849 934 1137 1004 ὑποζύγιον
1178 936 1217 1006 ἢ
1259 934 1392 998 ζῶον
1435 934 1561 989 ἄλλο
1607 952 1659 987 τι

96 1027 337 1099 φονεύσῃ
366 1028 505 1093 τινὰ,
529 1027 671 1096 πλὴν
711 1026 819 1079 τῶν
866 1027 965 1079 ὃσα
994 1027 1051 1078 ὲν
1081 1026 1252 1093 άγῶνι
1292 1025 1399 1079 τῶν
1425 1024 1660 1095 δημοσίᾳ

91 1117 391 1189 τιθεμένων
418 1117 711 1170 ἀθλεύοντά
740 1134 791 1170 τι
821 1117 1054 1171 τοιοῦτον
1105 1116 1297 1187 δράσῃ,
1332 1109 1659 1181 ἐπεξίτωσαν

95 1206 202 1275 μὶν
227 1209 274 1258 oi
300 1209 660 1279 προσήκοντες
690 1206 783 1260 τοῦ
817 1207 975 1275 φόνου
998 1206 1076 1277 τῷ
1099 1206 1385 1259 κτείναντι·
1423 1205 1659 1258 διαδικα-

90 1295 297 1359 ζόντων
320 1297 377 1349 δὲ
400 1298 506 1350 τῶν
532 1297 869 1368 ἀγρονόμων,
893 1291 1031 1348 οἷσιν
1050 1295 1115 1348 ἂν
1145 1288 1240 1347 καὶ
1263 1294 1479 1357 ὁπόσοις
1500 1311 1660 1366 προσ-

87 1385 235 1457 τάξῃ
262 1387 290 1439 6
326 1387 633 1456 προσήκων.
695 1386 768 1438 Τὸ
803 1386 861 1438 δὲ
888 1384 1047 1454 δφλον
1101 1384 1204 1449 ἕξω
1253 1383 1360 1436 τῶν
1390 1385 1529 1454 ὅρων
1557 1384 1657 1453 τῆς
1754 1394 2081 1454 cognoscant
2110 1401 2385 1468 agrorum

87 1476 279 1547 χώρας
298 1476 717 1539 ἀποκτείναντας
763 1471 1012 1545 διορίσαι.
1052 1494 1071 1526 ι
1130 1472 1312 1527 Ταῦτα
1358 1475 1387 1525 6
1411 1472 1628 1526 Πλάτων

1752 1492 1862 1546 quo
1902 1477 2214 1530 mandatum
2274 1480 2544 1546 negotium
2574 1480 2695 1541 erit.
2742 1478 2781 1531 li
2825 1493 2954 1532 vero
2985 1480 3293 1532 damnatum

101 1567 166 1621 ⁸0
193 1567 252 1620 δὲ
275 1568 510 1636 Μωῡσῆς
536 1566 817 1638 προλαϐών
849 1584 1031 1638 φησιν·
1070 1586 1089 1619 ι
1124 1566 1247 1623 Ἐὰν
1284 1565 1341 1618 δὲ
1396 1565 1628 1636 κερατίσπ

1748 1568 2075 1637 iumentum,
2106 1570 2197 1622 ubi
2238 1579 2411 1623 morte
2452 1570 2815 1632 multaverint,
2840 1587 2907 1625 ex
2940 1573 3084 1627 illius
3130 1573 3300 1642 regio-

83 1658 293 1731 ταῦρος
327 1659 494 1731 ἄνδρα
532 1660 565 1729 ἢ
595 1663 847 1727 γυναῖκα,
898 1661 992 1713 καὶ
1023 1658 1285 1729 ἀποθάνῃ,
1321 1657 1486 1720 λίθοις
1514 1656 1628 1709 λιθο

1751 1657 1837 1711 nis
1865 1658 2061 1713 finibus
2084 1658 2320 1725 ejiciant.
2344 1678 2364 1711 ι
2397 1660 2519 1714 Haec
2545 1661 2713 1714 Plato.
2742 1664 2880 1715 Ante
2908 1678 3063 1731 quem
3088 1662 3294 1733 Moyses

83 1750 448 1822 σοληθήσεται
474 1752 503 1802 6
529 1749 747 1821 ταῦρος,
776 1750 867 1803 καὶ
892 1750 954 1801 οὐ
980 1749 1314 1821 βρωθήσεται
1340 1747 1409 1802 τὰ
1452 1748 1628 1819 κρέατι

1750 1747 1823 1799 ita
1845 1746 1979 1815 jam,
2013 1748 2115 1801 hoc
2146 1748 2200 1800 in
2232 1761 2424 1817 genere
2452 1758 2733 1813 statuerat,
2767 1769 2787 1801 ι
2819 1750 2875 1804 Si
2902 1760 3089 1807 taurus
3118 1755 3291 1806 virum

80 1840 278 1895 αὑτοῦ·
318 1844 348 1894 6
391 1841 448 1895 δὲ
479 1841 666 1913 κύριος
686 1840 777 1893 τοῦ
797 1839 997 1910 ταύρου
1023 1840 1198 1915 ἀθῷος
1217 1838 1386 1893 ἔσται.
1417 1858 1437 1891 ι

1751 1845 1845 1890 aut
1868 1836 2027 1908 613
2051 1836 2328 1891 mulierem
2351 1853 2520 1892 cornu
2551 1841 2901 1907 percusserit,
2929 1841 2975 1893 si
3005 1856 3294 1909 percussus

1750 1936 1997 1981 mortuus
2026 1926 2225 1993 fuerit;
2252 1928 2578 1999 lapidabitur
2594 1939 2802 1992 taurus,
2827 1947 2925 1985 nec
2944 1934 3295 1988 comedentur

1748 2030 1939 2071 carnes
1965 2017 2381 2087 ejus:dominus
2399 2035 2528 2073 vero
2556 2020 2694 2074 tauri
2726 2021 2987 2077 innocens
3013 2023 3117 2076 erit
3137 2024 3212 2075 ’.ι

2296 2108 2521 2163 CAPUT
2554 2109 2737 2165 XLIII.
2832 2130 2835 2131 ν

2299 2219 2447 2295 tribus
2466 2220 2801 2291 Hebmontnt
2822 2222 3290 2287 “uerisimilitu-

579 2113 965 2169 KEOAAAION
1031 2112 1161 2165 MP.

118 2230 220 2282 Ou
233 2225 357 2292 τοῖς
379 2226 583 2290 αὐτοῖς
600 2230 632 2281 ό
644 2225 910 2290 Πλάτων,
927 2220 1018 2289 οἷς
1036 2224 1135 2278 καί
1150 2225 1189 2291 ἠ
1207 2223 1342 2291 παρ’
1369 2221 1628 2292 Ἑϐραίοις

332 2297 546 2339 mnam-ii-
597 2294 875 2339 migrantur
914 2293 1402 2339 παοαδεινιωσιν-

1742 2213 2018 2271 Platonem
2041 2218 2360 2339 iisdem,

332 2288 570 2366 Win
596 2294 875 2364 κέχρηται
898 2288 1402 2363 παραδείγμασιν.
1454 2288 1471 2292 ⁷
1624 2288 1628 2289 “

2072 2352 2089 2373 ι
2247 2288 2456 2343 dntibus
2487 2307 2640 2343 usum
2668 2288 2798 2345 esse.

154 2386 267 2457 Τῆς
316 2385 656 2457 «pom-uici};
715 2385 930 2457 γραφῆς
984 2384 1248 2455 λεγούσης
1277 2399 1291 2411 ·
1363 2402 1382 2433 ι
1430 2382 1526 2435 Υἱὲ
1551 2383 1628 2435 ἀν

1810 2375 2092 2446 Propheta
2133 2393 2238 2432 vox
2279 2380 2438 2433 est‘:
2486 2398 2505 2430 ι
2547 2379 2646 2433 Fili
2702 2382 2936 2436 hominis
2964 2398 2979 2435 :
3006 2399 3130 2438 ecce
3163 2384 3289 2439 facti

71 2476 335 2547 ορώπουο
370 2476 477 2530 ίδοὺ
528 2475 783 2545 γεγόνασί
831 2492 920 2546 μοι
947 2476 977 2527 6
1012 2471 1159 2537 οἶκος
1198 2473 1412 2546 Ἰσραὴλ
1436 2474 1628 2543 ἀναμε-

1741 2476 1869 2521 sunt
1902 2468 2035 2521 mihi
2062 2468 2257 2522 domus
2287 2466 2484 2535 Israel,
2528 2470 2770 2538 permisti
2828 2486 3015 2527 omnes
3055 2489 3191 2540 mre,
3234 2486 3288 2530 et

74 2568 339 2640 μιγμένοι
361 2566 558 2630 πάντες
589 2565 775 2637 χαλκῷ
796 2569 888 2619 καὶ
921 2568 1244 2638 κασσιτέρῳ,
1272 2567 1377 2625 καὶ,
1418 2565 1628 2636 σιδήρῳ,

1739 2564 1958 2623 staano,
2003 2566 2055 2613 et
2078 2556 2223 2612 ferro
2241 2596 2257 2622 ,
2284 2567 2338 2612 et
2365 2559 2606 2627 plumbo.
2642 2560 2700 2613 In
2729 2562 2906 2615 medio
2938 2561 3173 2619 fornacis
3200 2581 3288 2619 ar-

70 2660 172 2714 καὶ
208 2658 472 2728 μολύϐδῳ.
510 2659 597 2711 Ἐν
645 2658 792 2728 μέσῳ
842 2660 1069 2728 καμίνου
1126 2659 1386 2731 ἀργυρίου
1440 2659 1628 2728 ἀναμε-

1738 2646 1881 2716 genti
1918 2646 2159 2715 permisti
2206 2657 2353 2701 sunt.
2388 2646 2675 2717 Propterea
2713 2651 2836 2705 die:
2871 2651 2994 2707 Haec
3022 2653 3153 2709 dicit
3181 2653 3287 2709 Do-

72 2748 482 2819 μιγμὲνοιείσί.
516 2749 616 2801 Διά
661 2749 818 2802 τοῦτο
856 2751 995 2802 είπέ·
1036 2751 1172 2804 Τάδε
1213 2748 1360 2819 λέγει
1418 2748 1628 2821 Κύριος·

1738 2735 1919 2789 minus
1950 2734 2097 2789 :Pro
2138 2750 2204 2789 eo
2239 2736 2381 2805 quod
2426 2736 2551 2791 facti
2580 2740 2716 2793 estis
2748 2756 2937 2795 omnes
2971 2744 3024 2795 in
3050 2759 3283 2801 massam

83 2838 233 2893 'AVO'
263 2831 338 2892 ὧν
382 2840 631 2907 ἐγένεσθε
670 2840 865 2903 πάντες
911 2842 991 2903 είς
1040 2841 1332 2919 σύγκρασιν
1380 2842 1526 2911 μίαν,
1554 2838 1628 2892 διὰ

1738 2842 1922 2901 unam,
1948 2836 2228 2896 propterea
2255 2844 2353 2898 ego
2376 2831 2668 2899 suscipiam
2698 2847 2815 2898 vos,
2832 2835 3281 2902 quemadmodum

64 2926 239 2983 τοῦτο
266 2927 376 2996 ἐγὼ
404 2929 707 2999 εἰσδέξομαι
744 2931 907 3000 ὑμᾶς,
952 2929 1132 2992 καθὼς
1152 2916 1447 2999 εἰσδέχεται
1472 2930 1628 3001 ἄργυ-

1736 2916 2027 2984 suscipitur
2055 2926 2357 2986 argentum,
2380 2926 2434 2971 et
2454 2934 2549 2984 aes,
2573 2929 2627 2975 et
2650 2919 2874 2985 ferrum,
2902 2933 2955 2975 et
2982 2924 3282 2992 plumbum,

69 3037 196 3093 ρος,
229 3020 324 3073 καὶ
356 3021 572 3091 χαλκὸς,
602 3024 697 3076 καὶ
729 3023 960 3094 σίδηρος,
984 3022 1093 3074 καὶ
1109 3020 1382 3091 μόλυὸδος,
1406 3022 1499 3074 καὶ
1514 3037 1628 3073 κασ-

1735 3019 1791 3064 et
1827 3020 2080 3082 stannum
2111 3011 2166 3063 in
2199 3012 2377 3065 medio
2407 3012 2664 3079 fornacis,
2693 3023 2753 3068 ut
2778 3014 3078 3068 insuliletur
3105 3014 3158 3068 in
3188 3032 3283 3071 eos

65 3111 291 3183 σίτιρος
318 3112 397 3189 εἰς
441 3114 602 3182 μέσον
640 3115 888 3185 καμίνου,
937 3113 1029 3167 τοῦ
1073 3112 1383 3182 ἐμφυσῆσαι
1417 3115 1498 3177 είς
1541 3113 1628 3166 αύε

1736 3101 1897 3172 ignis,
1928 3101 2137 3171 ipsique
2173 3102 2491 3157 conflentur.
2525 3123 2543 3155 ι
2577 3103 2696 3158 Jam
2750 3106 2953 3161 audisis
2983 3112 3143 3171 quam
3175 3106 3283 3161 am-

64 3204 207 3266 τοδς
243 3200 373 3273 πῦρ,
401 3204 495 3257 τοῦ
524 3206 873 3276 χωνευθῆναι.
913 3225 931 3257 ι
980 3205 1091 3258 Καὶ
1142 3206 1172 3256 6
1209 3202 1431 3256 Πλάτων
1456 3201 1628 3256 ὡσαύ-

1738 3193 1825 3246 nia
1874 3193 2122 3261 loquatur
2151 3188 2304 3250 Plato
2337 3212 2351 3247 :
2390 3213 2409 3244 ι
2439 3194 2653 3248 Fabulae
2676 3196 2865 3265 igitur,
2894 3198 3099 3265 inquit,
3137 3200 3281 3265 quod

1734 3294 1979 3353 superest
2018 3285 2279 3339 auditote.
2333 3284 2620 3341 Enimvero
2656 3297 2921 3357 quotquot
2965 3289 3018 3342 in
3069 3290 3281 3344 civitate

1732 3392 2016 3430 versamur
2041 3377 2156 3446 '(sic
2179 3378 2323 3431 enim
2366 3378 2505 3432 hanc
2532 3380 2600 3434 iis
2624 3378 2861 3433 fabulam
2895 3383 3277 3451 pertexemus),

1732 3469 1925 3525 fratres
1954 3486 2143 3525 sumus
2168 3486 2379 3527 omnes.
2425 3472 2625 3528 Verum
2670 3476 2824 3532 ﬁctor
2870 3479 2960 3532 ille
3010 3476 3181 3543 Deus,
3221 3489 3279 3532 ut

62 3312 185 3357 ⁴τως
206 3290 506 3349 ἐπάκουσον
530 3295 566 3349 ά
596 3315 779 3368 φησιν·
812 3315 831 3347 ι
859 3295 1065 3351 Οὐκοῦν
1088 3294 1310 3349 ἀκούετε
1336 3294 1520 3347 λοιπὸν
1541 3293 1634 3346 τοῦ

68 3386 274 3459 μύθου.
316 3385 511 3455 Ἐσμὲν
557 3387 666 3459 γὰρ
716 3388 912 3458 δὴ(85)
948 3389 1145 3451 πάντες
1181 3388 1231 3439 οἱ
1275 3388 1333 3439 ὲν
1369 3387 1435 3455 τῇ
1485 3372 1633 3438 πόλει

60 3476 317 3545 ἀδελφοὶ,
348 3475 425 3539 ὡς
478 3478 720 3547 φήσομεν
762 3480 895 3549 πρὸς
938 3480 1133 3540 αὐτοὺς
1198 3475 1631 3547 μυθολογοῦντες.

76 3567 253 3632 Ἀλλ’,
288 3567 576 3636 ὦςφασιν,
609 3571 639 3621 6
669 3569 817 3632 Θεὸς
856 3570 1119 3632 πλάττων,
1160 3570 1275 3622 ὅσοι
1338 3570 1435 3639 μὲν
1478 3568 1633 3640 ἡμῶν

63 3661 255 3715 Iuvat
284 3655 490 3732 ἄρχειν,
515 3661 712 3731 χρυσὸν
755 3662 813 3713 ὲν
864 3664 930 3731 τῇ
962 3662 1173 3729 γενέσει
1198 3660 1512 3730 ξυνέμισγεν
1537 3660 1633 3713 αὺ-

60 3753 207 3816 τοῖς,
243 3751 377 3804 διότι
395 3751 710 3822 τιμιώτατοί
729 3752 883 3804 εἰσιν·
913 3752 1023 3803 ὅσοι
1070 3750 1114 3803 δ’
1135 3749 1429 3819 ἐπίκουροι,
1463 3748 1631 3821 ιργυ·

62 3857 191 3910 ρονθ
232 3841 446 3913 σίδηρον
481 3843 539 3894 δὲ
570 3844 665 3896 καὶ
709 3841 904 3911 χαλκὸν
941 3842 1052 3902 τοῖς
1079 3841 1359 3910 γεωργοῖς,
1386 3838 1478 3891 καὶ
1516 3841 1630 3903 τοῖς

60 3928 255 3992 ἄλλοις
275 3930 640 4000 δημιουργοῖς.
674 3930 803 3982 ’Δτε
845 3924 937 3983 οὖν
976 3928 1248 3999 ξυγγενεῖς
1289 3928 1439 3991 ὄντες
1461 3928 1630 3993 ᾇπαν-

48 4036 185 4082 τες,
212 4020 275 4072 τὸ
303 4020 400 4090 μὲν
424 4020 555 4074 πολὺ
587 4020 803 4091 ὁμοίους
845 4020 910 4074 ἂν
949 4022 1080 4091 ἡμῖν
1130 4019 1309 4082 αὐτοῖς
1335 4018 1617 4089 γεννῶμεν

54 4109 188 4169 ιατι
216 4108 261 4161 δ’
303 4111 391 4162 ὅτε
431 4113 495 4163 ὲκ
529 4110 729 4182 χρυσοῦ
760 4110 1043 4183 γεννηθείη
1085 4110 1151 4164 ἂν
1194 4110 1485 4182 ἀργυροῦν,
1520 4096 1627 4165 ’καὶ

55 4198 123 4264 ὶξ
153 4190 397 4271 ἀργυροῦ
452 4202 687 4272 χρυσοῦν
730 4202 968 4272 ἔγγονον,
1023 4203 1117 4255 καὶ
1153 4202 1318 4255 τᾶλλα
1368 4203 1543 4255 πάντα
1568 4204 1625 4266 ἐξ

54 4289 313 4359 ἀλλήλων
340 4290 530 4356 οὕτως.
587 4284 711 4363 Τοῖς
740 4290 848 4347 γοῦν
898 4294 1123 4364 ἄρχουσι
1147 4294 1241 4345 καὶ
1271 4291 1484 4361 πρῶτον
1534 4294 1625 4344 καὶ

58 4378 305 4451 μάλιστα
342 4380 703 4449 παραγγέλλει
755 4384 784 4434 6
820 4382 970 4444 Θεὸς,
1016 4382 1163 4445 ὅπως
1212 4380 1433 4451 μηδενὸς
1484 4380 1623 4433 οὕτω

1730 4394 1987 4444 aureum,
2020 4389 2319 4448 ceteraque
2366 4381 2607 4434 vicissim
2662 4380 2842 4434 omnia
2880 4396 2946 4435 ex
2998 4384 3119 4439 aliis
3162 4386 3268 4439 alia

53 4469 306 4539 φύλακες
336 4468 529 4537 ἁγαθοὶ
549 4471 828 4537 γένωνται,
862 4470 983 4542 μηδ’
1016 4470 1157 4523 οὕτω
1211 4469 1411 4540 σφόδρα
1450 4468 1620 4538 φυλά-

1730 4476 2064 4534 generentur.
2128 4467 2469 4538 Principibus
2526 4470 2689 4538 igitur
2747 4486 2811 4527 ac
2868 4475 3267 4545 magistratibus

49 4561 200 4628 ξωσι
244 4559 429 4631 μηδὲν,
456 4560 531 4624 ὡς
559 4562 685 4623 τοὺς
712 4550 985 4637 ἐγγόνους,
1016 4561 1112 4613 ὅτι
1144 4560 1324 4622 αὐτοῖς
1349 4558 1547 4611 τούτων
1566 4560 1622 4610 ὲν

1730 4560 1954 4626 primum
2013 4561 2116 4613 hcc
2160 4559 2302 4616 Deus
2341 4578 2403 4615 ac
2434 4563 2701 4631 praecipue
2733 4568 2988 4631 mandat,
3028 4569 3103 4621 uti
3133 4567 3267 4619 nihil

48 4654 185 4711 ἠις
213 4651 408 4723 ψυχαῖς
448 4652 881 4724 παραμέμικται.
931 4653 1039 4705 Καὶ
1095 4651 1188 4704 ἐὰν
1230 4652 1484 4721 σφέτερος
1526 4650 1618 4718 εγ-

1730 4664 1871 4717 nque
1902 4649 2186 4719 diligenter
2215 4666 2278 4705 ac
2304 4655 2543 4708 studiose
2581 4658 2883 4711 curandum
2930 4658 3027 4711 sibi
3056 4671 3120 4708 ac
3146 4671 3265 4723 pro-

48 4761 222 4813 γονος
276 4745 577 4815 ὑπόχαλκος
637 4746 671 4817 ἢ
722 4746 1043 4819 ὑποσίδηρος
1099 4746 1360 4817 γένηται,
1434 4745 1616 4816 μηδενὶ

1730 4739 2007 4793 videndum
2042 4741 2346 4797 existiment
2367 4785 2382 4807 ,
2416 4760 2579 4813 quam
2614 4756 2668 4801 ut
2694 4763 2757 4805 ex
2786 4748 2852 4801 iis
2879 4746 3104 4799 metallis
3133 4746 3259 4814 quid

1732 3561 1903 3626 aiunt,
1927 3561 2020 3630 qui
2049 3576 2115 3615 ex
2143 3562 2300 3617 nobis
2327 3566 2393 3624 ad
2418 3566 2793 3635 imperandum
2822 3568 2929 3635 apti
2951 3576 3151 3631 essent,
3176 3583 3273 3619 au-

1730 3668 1851 3706 rum
1881 3653 1948 3706 iis
1975 3653 2103 3705 dum
2132 3668 2548 3722 procrearentur
2577 3658 2887 3721 admiscuit,
2924 3673 2990 3711 ex
3022 3672 3127 3725 quo
3155 3657 3276 3725 plu—

1727 3849 1843 3888 ram
1881 3835 2003 3889 aliis
2053 3835 2354 3889 navandam
2389 3836 2568 3890 idonei
2606 3838 2821 3903 forent,
2876 3838 2960 3892 his
2993 3846 3270 3907 argentum

1727 3926 1999 3994 aspersit:
2031 3927 2282 3996 agricolis
2328 3927 2560 3995 denique
2607 3943 2670 3981 ac
2717 3928 2925 3987 caeteris
2968 3929 3268 3997 opiﬁcibus,

1726 4016 1928 4073 ferrum
1963 4027 2124 4086 atque
2176 4032 2251 4072 tes
2295 4017 2509 4073 infudit.
2550 4018 2690 4089 Ergo
2739 4036 2861 4073 cum
2896 4028 3041 4075 tanta
3084 4035 3269 4075 omnes

1726 4109 2047 4177 cognatione
2085 4110 2361 4179 conjuncti
2390 4111 2563 4164 simus
2582 4152 2597 4175 ,
2626 4110 2779 4165 nobis
2815 4111 3031 4183 quidem
3066 4118 3125 4162 ut
3152 4110 3271 4179 plu-

1724 4198 1923 4252 rimum
1973 4199 2180 4253 similes
2222 4214 2609 4268 procreamus:
2642 4200 2734 4253 sed
2787 4210 2962 4253 tamen
3012 4200 3269 4269 contingit

1723 4288 2032 4356 aliquando,
2063 4297 2123 4341 ut
2146 4305 2211 4342 ex
2239 4305 2403 4343 aureo
2430 4300 2739 4357 argenteum
2766 4328 2780 4351 ,
2814 4288 2895 4342 vel
2920 4303 2983 4343 ex
3015 4300 3267 4359 argenteo

1728 3745 1924 3798 rimum
1954 3744 2233 3813 dignitatis
2263 3748 2537 3799 consecuti
2560 3755 2715 3816 sunt.
2746 3746 2848 3812 Qui
2877 3762 3005 3801 vero
3046 3746 3111 3799 ad
3147 3762 3276 3815 ope‘

44 4837 253 4907 τρόιαῳ
308 4838 722 4907 κατελεήσωσιν,
756 4836 902 4921 γάλλά
934 4838 1032 4907 τὴν
1089 4839 1154 4907 τῇ
1207 4837 1361 4904 φύσει
1416 4838 1617 4907 προσή·

46 4941 264 4983 mum
287 4930 450 4998 τιμὴν
480 4928 836 4999 άποδιδόντᾲς,
878 4927 954 4989 ὡς
988 4922 1158 4991 οὖσιν,
1201 4928 1233 4997 ἢ
1266 4929 1341 4990 ὠς
1369 4928 1617 5000 δημιουρ-

41 5018 210 5085 γοὺς,
237 5015 271 5083 ἢ
314 5016 607 5086 γεωργούς.
660 5018 771 5070 Καὶ
835 5016 929 5069 ἐὰν
955 5013 1021 5073 αὖ
1061 5019 1126 5073 ἐκ
1162 5018 1364 5072 τούτων
1406 5020 1439 5089 ἢ
1492 5021 1615 5073 ὑπό-

42 5114 260 5177 χρυσος
284 5098 317 5168 ἢ
345 5098 654 5169 ὑπάργυρος
683 5102 790 5169 φυῇ
840 5116 944 5163 τις,
988 5102 1313 5169 τιμήσαντες
1362 5103 1612 5169 ἀνάξουσι

39 5194 184 5252 τοὺς
212 5188 310 5258 μὲν
358 5191 438 5249 είς
463 5188 727 5265 φυλακὴν,
770 5192 895 5251 τοὺς
943 5189 987 5241 δ’
1026 5192 1106 5252 είς
1150 5192 1488 5261 ἐπικουρίαν·
1540 5195 1615 5258 ὡς

39 5278 325 5353 χρήσιμον
354 5276 503 5337 ὄντος
538 5278 657 5331 τότε
710 5279 809 5349 τὴν
855 5276 1006 5332 πάλιν
1058 5280 1438 5352 διαφθαρῆναι’
1486 5286 1612 5340 ὅταν

35 5369 222 5440 αὐτὴν
266 5371 295 5421 6
340 5368 588 5439 σιδηροῦς
663 5370 835 5438 φύλαξ
878 5370 910 5441 ἢ
944 5374 972 5424 6
1016 5372 1245 5441 χαλκοῦς
1293 5373 1607 5447 διαφυλάξῃ.

36 5462 256 5519 Τοῦτον
284 5456 375 5514 οὖν
394 5461 483 5514 τὸν
512 5461 681 5531 μῦθον
714 5464 861 5525 ὅπως
883 5463 948 5516 ἂν
988 5462 1281 5528 πεισθεῖεν,
1314 5464 1455 5534 ἔχεις
1489 5470 1609 5521 τινὰ

38 5553 379 5629 ueletiam
556 5638 557 5649 γ

122 5668 145 5698 ³
190 5663 362 5718 Exod.
395 5680 507 5724 ut,
537 5658 627 5717 28.
702 5667 722 5695 '
763 5665 955 5719 Ezecli.
985 5683 1132 5731 uti,
1171 5668 1257 5722 18.

137 5753 211 5808 ει
284 5752 420 5807 Ἐὰν
445 5752 512 5806 δὲ
546 5752 675 5821 ἄρα.
695 5752 866 5818 Plato,
904 5756 1056 5819 ibid.,
1089 5755 1149 5809 C.

108 5754 233 5896 {85;
284 5824 497 5893 Ἐσμὲν
523 5826 631 5895 γὰρ
657 5823 752 5892 δή.
788 5824 966 5895 Plato,
1008 5826 1099 5882 lib.
1145 5844 1149 5881 1

1712 4832 1912 4909 cuique
1962 4833 2250 4888 liberorum
2299 4846 2657 4907 nepotumque
2689 4853 2904 4892 suorum
2952 4838 3129 4891 animo
3166 4837 3262 4892 ad-

1721 4923 1943 4977 mistum
1998 4925 2099 4989 sit,
2134 4926 2457 5000 intelligant.
2507 4930 2653 4997 Quos
2702 4944 2857 4999 porro
2903 4944 2965 4981 ex
3018 4930 3123 4985 illis
3167 4945 3260 4986 aut

1718 5014 2013 5078 subserens,
2037 5026 2131 5068 aut
2153 5019 2457 5075 subferreos
2485 5037 2602 5075 esse
2630 5020 2998 5086 c0gnoverint,
3031 5023 3095 5075 iis
3126 5023 3259 5076 nihil

1716 5120 1939 5173 prorsus
1980 5108 2324 5177 indulgeant,
2377 5114 2467 5164 sed
2517 5112 2636 5163 illos
2686 5122 2845 5179 prout
2894 5124 3096 5167 natura:
3145 5130 3256 5169 sum

1716 5197 1952 5250 conditio
1996 5200 2321 5267 postulabit,
2376 5202 2427 5252 in
2469 5201 2718 5269 Opificum
2771 5212 2865 5257 aut
2899 5206 3250 5274 agricolarum

1713 5289 1939 5344 classem
1969 5282 2319 5357 ordinemque
2368 5293 2749 5349 trenscribant.
2796 5294 3067 5357 Similiter,
3120 5311 3254 5362 quos

1711 5381 1794 5433 vel
1839 5380 2165 5445 subaureos,
2217 5381 2301 5433 vel
2353 5381 2735 5452 subargenteos
2786 5401 2814 5438 a
2848 5396 3033 5438 natura
3082 5385 3255 5441 factos.

1709 5485 1829 5523 esse
1853 5470 2336 5535 deprehenderint,
2382 5486 2475 5526 eos
2519 5488 2615 5542 pro
2648 5492 2743 5530 sua
2773 5488 3034 5544 quemque
3075 5474 3248 5542 digiti-

1711 5569 1817 5612 tate
1835 5601 1850 5625 ,
1881 5558 1949 5611 ad
1975 5560 2366 5630 rempublicam
2395 5564 2476 5619 vel
2502 5567 2783 5636 gerendam
2808 5605 2820 5628 ,
2852 5566 2931 5617 vel
2956 5548 3242 5632 juvandam

284 5824 497 5893 Ὲσμὲν
523 5826 631 5895 γὰρ
657 5823 752 5892 δή.
788 5824 966 5895 Plato,
1008 5826 1099 5882 lib.
1145 5842 1205 5883 ιιι
1250 5826 1325 5882 De
1355 5830 1572 5898 republ.,
1615 5847 1735 5903 pag.
1768 5833 1889 5901 445,
1915 5831 1980 5889 Η.
