4004 6342
742 466 876 523 1019

1366 467 1630 523 EUSEBII
1668 466 2143 523 CIESARIENS'S
2175 469 2321 523 ΟΡΡ.
2364 468 2541 524 PARS
2577 471 2636 525 ll.
2678 501 2745 513 —-
2784 471 3272 527 AFOLOGETICA.

3800 474 3908 526 1020

731 582 1070 635 admoveant.
1097 580 1231 634 Tum
1264 582 1408 635 enim
1440 586 1627 650 utique
1656 583 2042 651 rempublicam
2070 584 2288 638 interire
2326 587 2617 652 oportebit,
2671 604 2794 642 cum
2826 589 2945 656 ejus
2989 585 3514 640 administrationem
3554 584 3760 640 ferreus
3786 590 3906 655 quis-

730 673 873 740 piam
902 687 1140 726 rreusve
1173 682 1359 727 custos
1389 672 1702 741 susceperit.
1724 665 1893 743 '615
1918 672 2052 727 Num
2082 684 2141 728 tu
2196 689 2322 728 vero
2360 684 2529 729 artem
2593 678 2827 746 aliquam
2869 686 3028 746 atque
3075 676 3336 730 rationem
3384 674 3437 726 in
3470 684 3728 743 promptu
3776 676 3905 731 babes

728 780 834 835 qua
867 768 981 821 bzrc
1016 767 1083 820 iis
1114 766 1296 820 fabula
1332 767 1642 833 persuaderi
1674 768 1881 834 possit?
1916 787 1935 818 ι

1267 856 1492 910 CAPUT
1536 856 1715 909 XLIV.

1192 946 1268 998 De
1303 948 1485 999 iisdem
1522 948 1797 1000 similibus.

794 1037 909 1089 Alia
957 1037 1201 1104 quaedam
1237 1040 1377 1105 apud
1419 1036 1668 1091 Hebrmos
1708 1040 1987 1107 prophetia
2026 1018 2275 1109 est,‘qua

718 1127 897 1193 populi
947 1129 1215 1193 principes
1262 1128 1331 1180 ita
1385 1130 1774 1195 compellantur
1826 1148 1894 1182 τι
1936 1128 1981 1182 Ο
2028 1142 2274 1199 pastores

719 1214 902 1275 Israel.
935 1218 1174 1284 nunquid
1201 1228 1441 1285 pastores
1465 1218 1782 1284 semetipsos
1812 1220 2070 1285 pascunt?
2096 1235 2273 1273 nonne

718 1314 961 1373 pastores
996 1322 1123 1360 oves
1158 1324 1283 1360 suas
1314 1310 1576 1375 pascunt?
1611 1307 1744 1361 Ecce
1775 1309 1857 1362 lac
1889 1310 2190 1369 comeditis,
2218 1319 2273 1364 et

2879 852 3271 907 ΚΕΦΑΛΑΙΟΝ
3303 852 3432 905 MA'.

2309 947 2353 1000 Δ
2564 946 2692 997 Ἔτι
2730 944 2860 1012 περὶ
2902 943 3016 996 τῶν
3060 944 3273 1013 ὁμοίων
3302 943 3765 1012 ὑποδειγμάτων.

2449 1033 2559 1101 Τῆς
2591 1035 2720 1104 παρ’
2762 1033 3025 1103 Ἑϐραίοις
3071 1034 3398 1104 προφητείας
3436 1034 3753 1103 φασκούσης
3802 1035 3904 1102 πρὸς

2375 1126 2498 1185 τοὺς
2522 1124 2861 1193 προεστῶτας
2888 1124 2975 1174 τοῦ
2996 1123 3246 1193 πλήθους·
3279 1121 3375 1175 ΠΩ
3414 1124 3664 1193 ποιμένες
3700 1124 3888 1194 Ἰσραὴλ

2377 1215 2451 1282 μὴ
2507 1212 2757 1281 βόσκουσι
2811 1214 3064 1282 ποιμένες
3116 1213 3383 1277 ὲαυτούςς
3435 1214 3497 1265 οὐ
3555 1213 3623 1265 τὰ
3690 1212 3893 1280 πρόϐατε

2376 1303 2658 1371 βόσκουσιν
2686 1304 2735 1354 οἱ
2759 1303 3049 1372 ποιμένες;
3101 1303 3207 1356 ἰδοὺ
3239 1303 3299 1355 τὸ
3320 1303 3456 1370 γάλα
3490 1301 3815 1363 κατεσθίετε,
3832 1302 3903 1353 καὶ

713 1396 855 1460 quod
890 1410 1132 1448 crassum
1159 1405 1238 1447 est
1268 1398 1548 1463 jngulatis,
1575 1407 1626 1448 et
1649 1395 1785 1449 lanis
1811 1391 2117 1463 operimiui,
2142 1412 2249 1451 ove:

2369 1394 2430 1443 τὸ
2460 1395 2603 1461 παχὺ
2640 1393 2892 1460 σφάζετε,
2929 1393 3020 1465 καὶ
3063 1394 3128 1445 τὰ
3159 1394 3278 1461 ἔρια
3306 1391 3714 1462 περιϐάλλεσθε,
3741 1392 3824 1444 καὶ
3850 1392 3902 1444 τὰ

712 1494 890 1534 autem
925 1499 1071 1535 meas
1102 1500 1204 1535 non
1238 1486 1456 1550 pascitis
1486 1502 1497 1534 :
1535 1486 1676 1552 quod
1715 1485 1945 1552 perierat
1973 1501 2076 1537 non
2116 1502 2238 1553 qua:

2371 1483 2617 1554 πρόϐατα
2642 1501 2741 1552 μου
2770 1485 2829 1535 οὐ
2858 1483 3094 1552 βόσκετε’
3128 1485 3218 1536 καὶ
3240 1484 3299 1535 τὸ
3321 1483 3591 1545 ἀπολωλὸς
3618 1484 3716 1534 οὐκ
3736 1484 3901 1553 ἐζητή-

711 1571 901 1629 siistis.
934 1586 981 1623 ei
1017 1572 1158 1639 quod
1190 1572 1526 1626 confractum
1562 1581 1677 1624 erat
1725 1587 1827 1623 non
1878 1571 2169 1639 alligastis,
2214 1586 2249 1624 e‘

2371 1591 2515 1635 σατε,
2554 1574 2643 1625 καὶ
2676 1574 2737 1624 τὸ
2771 1574 3222 1643 συντετριμμένον
3248 1575 3307 1625 οὺ
3335 1574 3687 1643 κατεδήσατε,
3738 1573 3823 1625 καὶ
3852 1574 3898 1623 τὸ

712 1663 855 1729 quod
903 1671 1176 1713 erraverat
1212 1678 1315 1712 non
1346 1659 1693 1714 reduxistis‘.
1732 1678 1749 1709 ι
1785 1659 1903 1723 Quo
1932 1661 2092 1711 etiam
2136 1660 2249 1712 illuc

2368 1667 2713 1736 πλανώμενον
2740 1670 2835 1718 οὐκ
2864 1667 3254 1737 ἐπεστρέψατε·
3304 1686 3321 1717 ι
3347 1666 3481 1719 ἀλλὰ
3507 1668 3598 1720 καὶ
3622 1666 3711 1718 τοῦ
3750 1682 3897 1734 σωτη·

710 1752 961 1803 salutaris
991 1751 1258 1817 Evangelii
1289 1753 1533 1818 pertinet,
1567 1768 1585 1799 ι
1618 1748 1796 1801 Bonus
1822 1758 2005 1815 pastor
2029 1748 2249 1800 auimarr

2368 1761 2484 1828 ρίου
2518 1759 2676 1825 λόγου
2709 1760 3021 1825 φάσκοντος,
3052 1778 3069 1807 ι
3120 1760 3175 1810 '0
3200 1760 3398 1827 ποιμὴν
3436 1761 3463 1809 ὁ
3497 1758 3657 1818 καλὸς
3676 1758 3772 1825 τὴν
3814 1758 3897 1824 ψυ-

708 1858 861 1896 suam
892 1845 1040 1910 ponit
1088 1860 1181 1910 pro
1216 1845 1407 1896 ovibus
1456 1843 1569 1895 suis
1605 1857 1617 1891 :
1653 1840 2017 1893 mercenarius
2049 1849 2249 1891 autem.

2365 1846 2461 1916 χὴν
2494 1846 2684 1899 ἑαυτοῦ
2713 1846 2919 1913 τίθησιν
2949 1845 3086 1914 ὑπὲρ
3118 1846 3221 1896 τῶν
3251 1844 3550 1913 προϐάτων·
3571 1845 3601 1894 ὁ
3629 1842 3683 1894 δὲ
3719 1841 3898 1911 μισῧωο

707 1944 761 1988 et
790 1935 880 2002 qui
912 1951 1015 1985 non
1049 1945 1128 1985 est
1159 1933 1550 2009 pastor,_cujus
1574 1946 1681 1984 non
1709 1941 1834 1984 sunt
1857 1945 1984 1983 oves
2013 1931 2249 1999 propria

2362 1938 2471 1999 τὸς,
2508 1938 2599 1989 καὶ
2622 1937 2717 1987 οὐκ
2742 1935 2815 1987 ὢν
2854 1936 3073 2004 ποιμὴν,
3108 1931 3167 1987 οὗ
3217 1935 3314 1986 οὐκ
3352 1933 3495 1985 ἔστιν
3537 1932 3643 1984 ἴδια
3677 1932 3748 1983 τὰ
3790 1933 3897 2001 πρόν

707 2024 929 2076 dimittit
989 2026 1133 2077 cas’.
1169 2044 1185 2074 ι
1218 2024 1335 2077 Jam
1366 2039 1490 2077 vero
1516 2022 1789 2075 Platonem
1826 2023 1971 2086 audi,
2006 2023 2249 2090 quemad-

2363 2026 2520 2084 ϐατα,
2553 2026 2865 2079 καταλείπει
2898 2026 3085 2077 αὐτά-ι
3115 2025 3411 2077 ἐπάκουσον
3442 2024 3534 2075 καὶ
3574 2022 3667 2074 τοῦ
3700 2023 3894 2074 Πλάτω-

712 2117 928 2168 ιηοιΙιιιιι
976 2117 1062 2168 illa
1097 2118 1210 2184 ipsa
1242 2117 1415 2184 primo
1459 2115 1532 2167 De
1558 2114 1815 2183 republica
1859 2114 2249 2182 interpretetur.

2364 2135 2471 2178 νος,
2509 2120 2563 2168 ὲν
2591 2116 2666 2185 τῷ
2696 2115 2895 2188 πρώτῳ
2926 2116 3023 2184 τῆς
3066 2116 3368 2179 Πολιτείας
3397 2114 3544 2175 ὅπως
3594 2114 3725 2165 ποτε
3752 2111 3897 2163 ταῦτα

712 2227 730 2257 ι
766 2206 916 2261 Nunc
949 2218 1162 2268 autem,
1210 2208 1406 2275 inquit,
1437 2206 1607 2269 vides,
1636 2207 1706 2257 mi
1739 2204 2140 2274 Thrasymache
2178 2205 2249 2273 (ut

2357 2204 2716 2273 διερμηνιύει.
2748 2204 2918 2259 «Νῦν
2946 2203 3002 2256 δὲ
3034 2205 3162 2273 ὁρᾷς
3188 2202 3315 2271 (86),
3356 2198 3399 2255 ὦ
3446 2202 3775 2271 Θρασύμαχε
3816 2201 3897 2268 (ἔτι

600 2281 606 2287 ’
704 2298 977 2364 superiora
1011 2298 1098 2348 illa
1130 2296 1306 2348 denuo
1343 2297 1688 2364 repetamus),
1714 2304 1785 2357 te,
1818 2296 1908 2361 qui
1936 2310 2120 2347 verum
2148 2311 2249 2347 me-

2359 2296 2464 2365 γὲιρ
2495 2295 2561 2347 τὰ
2591 2296 2891 2365 ἔμπροσθεν
2946 2294 3401 2362 ἐπισκεψώμεθα),
3428 2294 3508 2345 ὅτι
3539 2294 3629 2345 τὸν
3683 2292 3758 2354 ὡς
3786 2291 3897 2361 dir,-

699 2388 879 2440 dicum
932 2388 1192 2455 principio
1251 2386 1560 2451 deﬁnieris,
1614 2388 1863 2453 deinceps
1920 2397 2095 2440 tamen
2145 2388 2249 2439 veri

2358 2386 2464 2447 Θῶς
2506 2388 2683 2456 ίατρδν
2720 2387 2826 2454 (87)
2852 2386 2909 2438 τὸ
2934 2386 3141 2455 πρῶτον
3170 2384 3497 2455 ὁριζόμενος,
3542 2385 3635 2436 τὸν
3675 2384 3750 2447 ὠς
3789 2385 3897 2451 ἁλτι-

702 2479 934 2546 pastoris
961 2492 1078 2530 esse
1110 2479 1365 2537 noluisse,
1386 2477 1663 2545 diligenter
1689 2492 1749 2529 ac
1779 2476 2017 2529 studiose
2042 2492 2252 2547 gregem

700 2568 1010 2631 custodire,
1068 2570 1158 2621 sed
1197 2568 1373 2634 potius
1405 2582 1560 2627 eum,
1603 2577 1868 2634 quatenus
1918 2576 2099 2633 pastor
2142 2574 2251 2629 est',

700 2658 780 2710 sic
805 2673 933 2712 oves
965 2673 1091 2710 suas
1124 2672 1343 2724 pascere
1364 2698 1377 2718 ,
1413 2667 1468 2709 ut
1502 2672 1603 2709 non
1631 2658 1741 2724 jam
1772 2657 1864 2724 qui
1894 2671 2020 2710 oves
2055 2658 2254 2724 Optime

702 2748 952 2806 habeant.
970 2747 1060 2799 sed
1084 2747 1331 2814 epulonis
1354 2746 1632 2813 cujusdam
1650 2746 1955 2799 convivium
1981 2746 2251 2798 instruen-

698 2838 768 2892 tis
813 2853 993 2899 more,
1021 2838 1112 2905 qui
1150 2838 1292 2890 laute
1322 2839 1577 2891 convivas
1606 2852 1734 2892 suos
1763 2838 2015 2904 excipiat,
2053 2844 2253 2889 attente

693 2930 997 2983 consideret
1029 2947 1042 2993 ;
1085 2931 1163 2981 vel
1201 2945 1331 2983 sane
1360 2930 1807 2998 quemadmodum
1847 2945 1959 2990 eas,
1995 2938 2250 2996 tanquam

694 3027 990 3071 :eruscator
1019 3018 1236 3086 aliquis,
1272 3034 1379 3070 non
1409 3027 1662 3085 tanquam
1701 3029 1902 3085 pastor,
1960 3032 2059 3069 suo
2096 3032 2251 3069 coni-

694 3107 891 3173 pendio
922 3107 1137 3161 vendat.
1171 3109 1285 3160 Arti
1321 3124 1451 3161 sane
1481 3109 1734 3175 pastorali
1764 3123 1910 3162 cura:
1943 3108 2089 3161 aliud
2118 3109 2249 3160 nihil

692 3209 805 3255 est.
839 3214 1000 3266 quam
1039 3208 1097 3251 ut
1128 3199 1346 3251 creditis
1392 3200 1491 3252 sibi
1541 3200 1953 3266 commissisque
1998 3200 2249 3267 gregibus

690 3290 891 3357 optima
920 3304 1145 3357 quaeque
1179 3305 1242 3343 ac
1270 3290 1622 3343 saluberrima
1658 3288 1950 3356 provideat.
1983 3287 2117 3340 Nam
2157 3303 2247 3340 ar-

695 3384 802 3430 tem
850 3378 1017 3445 ipsam
1067 3382 1209 3447 quod
1241 3380 1457 3441 attinet,
1492 3378 1724 3442 abunde,
1759 3378 1812 3431 ni
1864 3378 2038 3443 lallor,
2087 3380 2247 3433 rebus

694 3480 789 3533 per
813 3482 929 3519 sese
963 3470 1237 3529 omnibus,
1272 3478 1328 3521 ut
1358 3470 1556 3537 optima
1592 3470 1679 3521 illa
1705 3478 1935 3537 vereque
1962 3471 2246 3538 pastoralis

693 3556 919 3609 omnino
950 3557 1041 3618 sit,
1075 3560 1397 3613 necessariis
1427 3561 1687 3613 instructa
1724 3570 1823 3613 est.
1857 3558 1931 3611 Ita
1963 3574 2106 3611 nunc
2128 3560 2247 3627 qui-

688 3647 808 3699 dem
873 3646 1025 3700 fateri
1074 3664 1291 3702 necesse
1340 3665 1457 3703 esse
1508 3650 1830 3711 arbitrabar,
1880 3649 2242 3717 principatum

686 3753 900 3791 omnem
926 3779 939 3800 ,
972 3748 1238 3808 quatenus
1276 3740 1605 3808 principatus
1638 3749 1753 3802 est,
1785 3739 2051 3807 ejusmodi
2086 3754 2238 3801 esse,

685 3827 782 3896 qui
841 3830 992 3881 alteri
1057 3831 1298 3893 nemini,
1346 3846 1505 3898 quam
1552 3830 1802 3898 potestati
1856 3844 1969 3882 suae
2014 3828 2243 3897 ﬁdeique

2357 2476 2463 2537 Οῶς
2488 2477 2714 2546 ποιμένα
2747 2476 2924 2527 οὐκέτι
2955 2474 3059 2543 ᾣου
3096 2476 3205 2526 δεῖν
3230 2475 3450 2544 ὕστερον
3475 2474 3717 2545 ἀκριϐῶς
3746 2475 3894 2540 φυλα-

2358 2566 2464 2629 ξαι·
2492 2566 2625 2618 ἀλλὰ
2685 2566 2989 2634 ποιμαίνειν
3032 2566 3143 2635 (88)
3182 2566 3280 2617 οἴει
3318 2567 3475 2617 αὑτὸν
3527 2564 3597 2616 τὰ
3649 2566 3893 2634 πρόϐατα,

2355 2659 2582 2710 καθόσον
2637 2659 2837 2728 ποιμήν
2889 2658 3054 2717 ἐστιν,
3117 2656 3174 2708 οὑ
3207 2656 3424 2725 πρὸςτὸ
3466 2655 3574 2708 τῶν
3631 2655 3897 2725 προϐάτων

2355 2749 2624 2818 βέλτιστον
2666 2749 2945 2817 βλέποντα,
2982 2746 3092 2799 ἀλλ’
3119 2747 3303 2817 ὥσπερ
3330 2746 3620 2814 δαιτυμόνα
3652 2747 3791 2807 τινὰ,
3819 2746 3898 2797 καὶ

2357 2840 2615 2907 μέλλοντα
2656 2837 3026 2899 ἑστιάσασθαι,
3060 2837 3192 2907 πρὸς
3220 2838 3316 2906 τὴν
3338 2835 3589 2903 εὑωχίαψ
3620 2836 3651 2906 ἢ
3679 2833 3748 2889 αὖ
3778 2834 3896 2906 πρὸς

2351 2927 2411 2978 τὸ
2434 2928 2743 2987 ἀποδόσθαι,
2773 2926 2957 2997 ὥσπερ
3002 2926 3390 2998 χρηματιστὴν,
3425 2925 3539 2977 ἀλλ’
3567 2926 3629 2978 οὐ
3658 2926 3894 2995 ποιμένα.

2352 3018 2428 3087 Τῇ
2461 3022 2742 3088 ποιμενικῇ
2777 3019 2819 3069 δ’
2843 3019 2902 3070 οὐ
2938 3018 3105 3086 δήπου
3159 3018 3317 3070 ἄλλου
3346 3034 3437 3069 του
3493 3017 3661 3085 μέλει,
3696 3017 3732 3087 ἢ
3762 3008 3896 3083 ὲφῚῖ»

2348 3110 2624 3171 τέτακται,
2677 3110 2822 3170 ὅπως
2862 3108 3033 3178 τούτῳ
3058 3110 3119 3161 τὸ
3181 3108 3451 3177 βέλτιστον
3493 3109 3760 3180 ἐκποριεῦ
3791 3108 3898 3157 ἐπὶ

2347 3201 2417 3253 τά
2473 3218 2535 3268 γε
2562 3201 2749 3269 αὐτῆς,
2787 3201 2910 3252 ὥστ’
2966 3197 3100 3253 εἶναι
3152 3199 3433 3268 βελτίστη,
3487 3198 3681 3260 ἱκανῶς
3743 3197 3896 3266 δῇπω

2349 3291 2757 3360 ἐκπεπόρισται,
2791 3292 2894 3353 ἕως
2928 3308 2991 3358 γε
3022 3292 3085 3343 ἂν
3124 3289 3281 3359 μηδὲν
3327 3288 3475 3360 ἐνδέῃ
3496 3287 3587 3341 τοῦ
3621 3288 3893 3357 ποιμενικὴ

2349 3376 2503 3432 εἶναι.
2545 3379 2697 3432 Οὕτω
2728 3380 2790 3449 δὴ
2820 3379 2974 3448 ᾤμην
3003 3380 3174 3445 ἔγωγε
3218 3378 3310 3429 νῦν
3350 3378 3411 3449 δὴ
3453 3381 3746 3444 ἀναγκαῖον
3773 3373 3894 3427 εἶναι

2349 3473 2479 3539 ἡμῖν
2502 3472 2799 3539 ὁμολογεῖν,
2835 3472 3008 3521 πᾶσαν
3044 3468 3233 3537 ἀρχὴν,
3267 3468 3491 3520 καθόσον
3519 3468 3682 3537 ἀρχὴ,
3718 3464 3893 3535 μηδενὶ

2350 3561 2493 3628 ἄλλῳ
2518 3562 2577 3611 τὸ
2606 3561 2875 3629 βέλτιστον
2904 3559 3219 3610 σκοπεῖσθαι
3251 3559 3283 3627 ἢ
3306 3560 3494 3628 ἐκείνῳ
3520 3558 3596 3628 τῷ
3624 3556 3897 3628 ἀρχομένῳ

2348 3668 2407 3703 τε
2431 3652 2524 3703 καὶ
2557 3648 2990 3720 θεραπευομένῳ,
3008 3652 3063 3701 ἐν
3087 3650 3329 3720 πολιτικῇ
3360 3654 3451 3705 καὶ
3475 3652 3713 3718 ίδιωτικῇ
3740 3649 3891 3718 ἀρχῇ.

2348 3741 2419 3791 Σὺ
2457 3738 2511 3789 δὲ
2546 3740 2666 3800 τοὺς
2700 3739 2963 3808 ἄρχοντας
2989 3740 3044 3790 ὲν
3072 3744 3187 3802 ταῖς
3218 3741 3420 3806 πόλεσι,
3450 3744 3573 3803 τοὺς
3590 3741 3667 3803 ὡς
3691 3738 3895 3808 ἀληθῶς

2347 3830 2627 3899 ἄρχοντας,
2670 3830 2889 3892 ἑκόντας
2912 3833 3007 3884 οίει
3038 3834 3257 3903 ἄρχειν;
3289 3853 3306 3884 ι

686 3922 1233 3989 commissis,optima
1266 3938 1491 3991 quaeque
1522 3922 1835 3991 prospiciat,
1867 3937 1965 3975 seu
2022 3922 2269 3991 publicus
2304 3921 2393 3974 ille
2444 3922 2559 3985 sit,
2606 3936 2699 3973 sru
2751 3924 2989 3989 privatus
3051 3925 3211 3977 etiam
3264 3923 3616 3991 principatus.
3646 3920 3728 3973 Tu
3776 3936 3893 3974 vero

686 4011 1212 4079 rerumpublicarum
1245 4012 1533 4080 principes,
1569 4014 1613 4066 si
1643 4029 1765 4067 vere
1792 4013 1953 4066 modo
1976 4011 2246 4082 principes
2287 4010 2503 4071 fuerint,
2535 4011 2887 4079 principatum
2920 4013 3059 4064 ultro
3090 4026 3271 4079 gerere
3296 4012 3612 4064 arbitraris?
3644 4030 3662 4061 ι

1071 4126 1230 4197 615
1280 4127 1506 4181 CAPUT
1558 4127 1719 4183 XLV.

1310 4217 1385 4271 De
1408 4219 1609 4270 iisdem.

755 4306 989 4360 Alterius
1022 4308 1162 4375 apud
1207 4306 1460 4361 Hebraeos
1492 4308 1762 4376 prophetae
1794 4323 1898 4361 vox
1928 4318 2012 4364 est
2052 4329 2064 4362 :
2105 4328 2125 4360 ι
2158 4308 2236 4364 Ex

2852 4126 3240 4177 ΚΕΦΑΛΑΙΟΝ
3264 4126 3391 4177 ME'.

2816 4218 2939 4269 Ἔτι
2966 4216 3093 4282 περὶ
3119 4215 3221 4269 τοῦ
3247 4216 3449 4269 αὐτοῦ.

2414 4322 2435 4355 ι
2476 4304 2586 4373 Τῆς
2618 4309 2746 4376 παρ’
2789 4307 3052 4377 Ἑϐραίοις
3084 4307 3411 4375 προφητείας
3435 4308 3711 4381 λεγούσης·
3752 4329 3771 4362 r
3807 4311 3890 4363 Ἕκ

685 4396 877 4448 timore
904 4406 1015 4459 tuo,
1052 4397 1297 4462 Domine,
1336 4402 1387 4451 in
1434 4409 1587 4453 utero
1628 4399 1993 4469 concepimus,
2023 4410 2076 4455 et
2110 4416 2234 4469 paro

2352 4394 2431 4447 τοῦ
2464 4397 2624 4464 φόϐου
2662 4414 2774 4461 σου,
2818 4397 3004 4466 Κύριε,
3028 4398 3084 4447 ὲν
3108 4400 3300 4467 γαστρὶ
3327 4398 3619 4470 ἐλάϐομεν,
3651 4404 3744 4454 καὶ
3776 4402 3892 4453 ὡδι-

684 4487 991 4547 turivimus,
1021 4497 1071 4539 et
1102 4491 1407 4556 peperimus
1452 4490 1697 4558 spiritum
1748 4491 1997 4547 salutis’.
2031 4511 2049 4544 ι
2084 4491 2237 4547 Plato

2352 4488 2595 4555 ιήσαμεν,
2624 4489 2717 4540 καὶ
2749 4488 3002 4555 ὲτέκομεν
3029 4486 3239 4554 πνεῦμα
3266 4491 3583 4559 σωτηρίας»
3617 4492 3645 4541 ὁ
3672 4492 3890 4543 Πλάτων

685 4592 861 4632 autem
900 4578 952 4631 in
978 4577 1231 4632 ΤΙιριειειο
1266 4581 1536 4636 Socratem
1569 4583 1640 4634 ita
1664 4583 1971 4652 loquentem
1994 4585 2232 4641 inducit:

2338 4578 2394 4627 ὲν
2416 4577 2704 4641 Θεαιτήτῳ
2730 4577 2852 4629 τάδε
2869 4575 3091 4643 λέγοντα
3104 4578 3391 4649 Σωκράτην
3408 4584 3567 4632 ποιεῖ·
3591 4600 3609 4631 ι
3623 4581 3889 4648 Πάσχουσι

688 4690 709 4721 ε
741 4668 843 4736 Qui
876 4671 1265 4724 consuetudine
1316 4690 1431 4728 mea
1465 4686 1709 4740 utuntur,
1734 4675 1930 4744 inquit,
1959 4677 1997 4729 ii
2024 4676 2236 4733 feminis

2429 4672 2481 4720 οι
2540 4670 2664 4735 ἐμοὶ
2719 4666 3087 4735 συγγινόμενοι
3143 4669 3332 4723 ταύτὸν
3388 4674 3508 4733 ταῖς
3566 4669 3885 4729 τικτούσαις.

683 4763 1016 4829 parientibus
1060 4764 1362 4831 persimiles
1412 4776 1556 4819 sunt.
1598 4767 1912 4822 Parturiunt
1958 4769 2035 4822 illi
2062 4770 2234 4839 siqui-

682 4853 824 4915 dem,
852 4863 905 4906 et
937 4864 1119 4908 noctes
1143 4865 1303 4923 atque
1328 4856 1442 4910 dies
1468 4859 1601 4926 ipsis
1644 4862 1804 4913 etiam
1836 4860 2110 4928 puerperis
2139 4874 2233 4913 ve—

686 4941 987 4998 hementius
1036 4947 1157 5015 angi
1202 4946 1396 5000 solent.
1427 4946 1580 5004 Hunc
1611 4965 1738 5003 vero
1776 4958 1962 5019 partus
1994 4950 2234 5003 dolorem
2294 5018 2295 5021 η

684 5031 816 5084 artis
842 5048 972 5087 meae
1010 5037 1207 5091 vicum
1240 5038 1476 5093 excitare
1524 5041 1656 5109 ipse,
1688 5050 1802 5094 tum
1857 5042 2020 5095 etiam
2056 5041 2235 5096 levare
2268 5090 2274 5095 .

685 5136 926 5187 possum.
958 5142 978 5174 ι

758 5273 985 5330 'Ezech.
1020 5293 1199 5343 xxxrv,
1230 5283 1282 5335 2.
1360 5282 1547 5340 'JOan.
1580 5304 1634 5354 ι,
1668 5288 1752 5341 Η.
1813 5287 2118 5355 'lsa.uv1,
2143 5290 2226 5345 18.

755 5414 866 5551 (86)
902 5415 1031 5469 Νῦν
1054 5416 1120 5470 δὲ
1151 5417 1312 5486 ὁρᾷς.
1348 5421 1528 5479 Primo
1559 5427 1635 5482 De
1676 5428 1897 5497 republ.,
1927 5445 1979 5498 p.
2011 5429 2135 5492 M7,
2166 5429 2230 5484 C.

755 5485 843 5551 (87
915 5488 1147 5551 Ἰατρόν.
1204 5490 1331 5545 Post
1376 5493 1514 5549 hanc
1560 5514 1741 5551 vocem
1795 5501 1982 5551 deesse
2028 5499 2229 5551 aliquid

755 5485 866 5563 (87)
915 5488 1147 5569 ’Ῑαῖῼόνε
1181 5485 1331 5569 Ροδι
1376 5493 1515 5569 hanc
1560 5485 1741 5553 vocem
1795 5485 1982 5554 deesse
2028 5485 2229 5569 aliquid

680 5560 953 5636 pauSpicor,
989 5560 1041 5611 id
1094 5560 1347 5636 nimirum
1369 5565 1518 5636 quod
1547 5570 1813 5622 medicum
1848 5585 1967 5623 esse
2013 5560 2229 5631 deﬁnit,

692 5639 743 5710 ν,
782 5640 861 5710 c.,
879 5629 992 5710 τῷν
1022 5629 1715 5710 κξμνόγτωνρθεραπευτήν.
1741 5638 1831 5710 _lta
1860 5640 2001 5710 enim
2038 5629 2229 5707 supra;

689 5708 807 5762 pag.
836 5695 939 5751 H5
958 5736 974 5758 .
1022 5698 1079 5751 '0
1100 5695 1176 5769 τῷ
1197 5695 1583 5774 ἀκριϐεῖ’λόγῳ
1618 5695 1814 5776 ἰατρὸς,
1853 5709 2074 5778 πότερον
2103 5695 2231 5778 im;

2352 4758 2605 4809 ’Qtirovm
2640 4758 2765 4827 γὰρ,
2823 4757 2914 4808 καὶ
2965 4758 3191 4828 ἀπορίας
3220 4760 3580 4829 ἐμπίπλανται
3609 4759 3806 4819 νύκτας
3834 4775 3885 4808 τε

2341 4853 2433 4903 καὶ
2462 4851 2686 4923 ἡμέρας,
2720 4850 2849 4903 πολὺ
2892 4852 3085 4920 μᾶλλον
3115 4854 3147 4924 ἦ
3182 4856 3399 4906 ἐκεῖναι.
3455 4853 3666 4920 Ταύτην
3697 4850 3764 4920 δὴ
3793 4853 3885 4919 τὴν

2341 4938 2519 5003 ὠόδα
2546 4936 2779 5018 ἐγείρειν
2821 4958 2880 4994 τε
2912 4944 3003 4997 καὶ
3059 4944 3356 4997 ἁποπαύειν
3397 4944 3431 5010 ή
3462 4941 3569 5011 ἐμὴ
3600 4940 3760 5011 τέχνη
3799 4941 3883 4994 δύο

2342 5044 2507 5081 vacat
2523 5071 2533 5082 .
2555 5047 2577 5079 Ι

2422 5438 2605 5515 τιστής
2636 5429 2863 5515 5}:va}
2904 5442 3010 5515 τῶν
3036 5442 3344 5515 καμνόντων
3362 5441 3707 5515 θεραπευτής
3732 5461 3747 5508 ;
3772 5442 3879 5515 lini

2339 5511 2459 5580 λέγε
2496 5511 2587 5566 τὸν
2605 5519 2683 5585 τῷ
2700 5512 2817 5568 ὄντι
2850 5511 3031 5582 ἰατρὸν
3060 5511 3203 5566 ὄντα.
3242 5512 3359 5565 Τῶν
3392 5511 3724 5583 καμνόντων,
3757 5513 3875 5579 ἔφη.

2338 5576 2674 5649 Θεραπευτής
2764 5646 2771 5649 _
2844 5648 2850 5649 γ
2970 5648 2979 5649 7

2402 5600 2910 5725 ἵὲὃτῗἨὲιῖιαιήἱη
2938 5648 3060 5719 lt,
3084 5651 3334 5720 πιαίνειν,
3350 5652 3493 5725 quod
3518 5652 3665 5708 valde
3684 5651 3877 5721 probo.
