4004 6342
72 424 206 480 i021

581 543 971 597 ΚΕοΑΑΑιοΝ
1008 544 1153 608 Μετ’.

516 631 643 685 Ἔτι
701 634 832 701 περὶ
880 634 984 687 τοῦ
1047 634 1247 686 αὑτοῦ.

134 719 249 773 Τοῦ
276 725 560 793 προφήτου
613 722 863 791 Ἰεζεκιὴλ
897 726 1158 792 φήσαντος
1183 742 1194 753 ⁸
1237 744 1254 775 ι
1296 727 1401 777 Καὶ
1430 726 1639 793 ἐγένετο

67 814 151 865 ὶπ’
184 814 293 881 ἐμὲ
354 816 475 883 χεὶρ
514 814 740 883 Κυρίου,
790 816 882 866 καὶ
926 811 1079 877 εἶδον,
1137 818 1229 869 καὶ
1275 816 1378 867 ἰδοὺ
1425 816 1638 886 πνεῦμα.

65 902 289 972 ὲξαῖρον
321 905 522 974 ἤρχετο
550 905 656 957 ἀπὸ
689 906 919 976 Βορῤἄη
952 907 1042 957 καὶ
1070 905 1194 974 ἑξῆς
1217 908 1476 970 εἰπόντος,
1502 910 1637 961 (Καὶ

65 995 120 1044 ἐν
151 993 232 1062 τῷ
270 995 449 1062 μέσῳ,
508 994 582 1056 ὡς
627 995 875 1065 ὁμοίωμα
930 998 1205 1067 τεσσάρων
1238 996 1404 1060 ζώων.
1464 1001 1633 1069 Καὶὴ

63 1087 264 1153 ὅρασις
292 1086 499 1137 αὐτῶν*
528 1086 602 1146 ὡς
624 1087 869 1155 ὁμοίωμα
900 1087 1181 1156 ἀνθρώπου
1213 1091 1298 1140 ἐπ’
1323 1090 1517 1150 αὐτοῖς,
1545 1091 1634 1142 καὶ

66 1177 348 1244 πρόσωπα
372 1176 609 1245 τέσσαρα
637 1176 713 1245 τῷ
739 1177 835 1230 ἑνί.
887 1177 995 1229 Καὶ
1024 1178 1273 1246 ὁμοίωσις
1294 1178 1396 1230 τῶν
1427 1181 1633 1248 προσώ-

67 1283 181 1317 πων
232 1267 443 1325 αὐτῶν,
501 1261 787 1339 πρόσωπον
841 1268 1119 1339 ἀνθρώπου
1191 1271 1281 1321 καὶ
1349 1273 1631 1340 πρόσωπον

65 1350 278 1417 λέοντος
297 1357 367 1407 ὲκ
387 1356 573 1421 δεξιῶν
597 1362 707 1420 τοῖς
723 1358 997 1428 τέσσαρσι,
1025 1361 1114 1411 καὶ
1138 1361 1415 1428 πρόσωπον
1436 1362 1628 1431 μόσχου

67 1444 122 1507 ἐξ
164 1447 478 1515 ἀριστερῶν
534 1451 644 1509 τοῖς
692 1449 963 1517 τέσσαρσι.
1021 1451 1127 1503 Καὶ
1164 1452 1443 1521 πρόσωπον
1473 1453 1627 1504 ἀετοῦ

66 1537 172 1597 τοῖς
200 1537 522 1606 τέσσαρσιοι
554 1538 647 1588 καὶ
702 1541 729 1588 ὁ
778 1539 997 1591 Πλάτων
1054 1542 1270 1609 ὁμοίως,
1300 1542 1543 1602 ἄκουσον,
1595 1544 1628 1595 ἆ

72 1643 221 1693 φησι·
258 1645 278 1675 ι
320 1627 437 1679 Νῦν
490 1628 568 1691 δ’,
642 1628 777 1695 ἔφην
840 1629 946 1697 (89)
1006 1632 1166 1700 αὐτῷ·
1229 1632 1622 1701 Διαλεγὼμεθα,

66 1718 251 1785 ἐπειδὴ
278 1717 818 1788 διωμολογησάμεθα,
846 1720 903 1770 τό
936 1737 994 1771 τε
1018 1722 1217 1773 ἀδικεῖν
1245 1725 1336 1774 καὶ
1366 1724 1423 1773 τὸ
1448 1724 1625 1775 δίκαια

68 1808 354 1874 πράττειν,
390 1810 456 1877 ἢν
485 1809 737 1878 ἑκάτερον
762 1808 870 1876 ἔχει
914 1808 1154 1878 δύναμιν.
1216 1814 1368 1874 Πῶς;
1412 1813 1533 1881 ἔφη.
1557 1844 1623 1851 --

1272 427 1586 485 ΡῐὶᾸίΡΑΒ.
1643 430 1887 487 EVANG.
1930 432 2055 485 LIB.
2091 431 2200 483 XII.

1368 532 1371 533 ⁷
1666 553 1716 607 Α
2296 545 2520 600 CAPUT
2549 546 2729 601 XLVI.

3152 434 3281 487 102?.

2352 635 2425 688 De
2457 636 2657 688 iisdem.

1817 726 2113 780 Ezechielis
2142 727 2414 796 praphetae
2441 736 2523 781 est
2552 729 2693 782 (ιιιοά
2732 730 2973 797 sequitur
3011 748 3023 782 :
3063 749 3082 780 ι
3115 730 3177 783 Et
3204 731 3282 786 fa-

1742 825 1827 868 cta
1870 823 1952 868 est
1998 830 2158 882 super
2203 829 2287 867 me
2338 830 2531 868 manus
2570 814 2800 879 Domini,
2832 828 2884 869 et
2924 818 3050 881 vidi,
3077 828 3129 871 et
3156 834 3279 871 ecce

1740 916 1932 960 ventus
1980 906 2209 959 turbinis
2236 906 2483 958 veniebat
2512 906 2581 959 ab
2612 907 2872 973 Aquilone
2894 909 2908 937 ¹
2942 928 2954 961 ;
2983 928 3000 957 ›
3033 920 3086 961 et
3121 910 3279 976 paulo

1740 1007 1855 1066 post
1885 1015 1897 1048 :
1933 1015 1949 1045 ι
1982 995 2041 1048 Et
2071 997 2122 1048 in
2155 996 2349 1057 medio,
2382 997 2537 1063 quasi
2573 997 2868 1051 similitudo
2901 1006 3131 1065 quatuor
3159 999 3277 1051 ani-

1740 1087 1980 1139 malium.
2009 1078 2075 1137 Et
2123 1087 2207 1137 hic
2250 1096 2499 1152 aspectus
2544 1101 2752 1140 eorum.
2783 1087 2944 1150 Quasi
2983 1087 3276 1140 similitudo

1738 1178 1970 1229 hominis
2016 1178 2068 1228 in
2119 1178 2217 1239 eis,
2249 1189 2302 1229 et
2350 1187 2581 1244 quatuor
2634 1176 2798 1229 facies
2827 1179 2937 1230 Uni.
2973 1178 3274 1230 Similitudo

1735 1279 1909 1323 autem
1975 1268 2208 1319 vultuum
2265 1284 2472 1329 eorum,
2518 1268 2680 1321 facies
2734 1270 2984 1331 hominis,
3014 1278 3065 1321 et
3111 1268 3273 1323 facies

1734 1362 1905 1414 leonis
1961 1375 1991 1411 a
2044 1359 2245 1411 dextris
2293 1361 2530 1426 ipsorum
2587 1370 2843 1426 quatuor;
2883 1358 3044 1412 facies
3092 1369 3269 1411 autem

1733 1449 1885 1503 vituli
1913 1465 1941 1501 a
1974 1448 2205 1500 sinistris
2241 1450 2476 1513 ipsorum
2514 1459 2763 1514 quatuor.
2799 1447 2861 1498 Et
2892 1447 3052 1499 facies
3081 1447 3272 1514 aquilae

1734 1543 1971 1608 ipsorum
2022 1540 2311 1606 quatuor‘.
2352 1557 2369 1587 ι
2425 1536 2575 1588 Nunc
2622 1538 2825 1589 audisis
2873 1554 3031 1605 quam
3078 1530 3267 1589 similia

1730 1631 1878 1684 Plato
1896 1632 2161 1697 loquatur.
2193 1648 2208 1677 ι
2235 1628 2350 1679 Jam
2384 1644 2509 1680 vero
2532 1628 2627 1695 (sic
2658 1629 2719 1680 ad
2748 1628 2920 1696 ipsum
2951 1629 3179 1696 ego)hac
3204 1630 3269 1681 de

1680 1720 1681 1723 “
1730 1740 1786 1775 re
1808 1720 2261 1790 philosophemur,
2293 1719 2725 1785 quandoquidem
2766 1720 2904 1770 inter
2944 1734 3040 1771 nos
3074 1734 3268 1771 conve-

1731 1815 1827 1876 nit,
1860 1811 2069 1880 qualem
2099 1808 2293 1875 injuste
2322 1823 2382 1860 ac
2407 1808 2549 1874 juste
2580 1823 2635 1860 se
2668 1822 2849 1874 gerere
2886 1809 2987 1859 vim
3016 1818 3068 1860 et
3097 1809 3266 1860 ratio—

67 1893 260 1948 Εἰκόδα
292 1898 595 1961 πλάσαντες
628 1900 723 1967 τῆς
748 1900 921 1968 ψυχῆς
950 1902 1105 1970 λόγῳ,
1133 1904 1215 1954 ἵνα
1257 1904 1366 1972 εἰδῇ
1399 1905 1425 1953 ὁ
1451 1906 1615 1955 ἐκεῖνο

1729 1919 1848 1956 nem
1869 1898 2451 1962 habeat.——Quomodo,
2479 1898 2671 1963 inquit,
2691 1898 3050 1963 philosophari
3073 1898 3265 1963 placet?

68 1986 253 2053 λέγων.
283 1990 404 2041 οἷαν
439 1988 683 2057 ἔλεγε.-
704 1989 861 2043 Ποίαν
884 1993 1029 2055 τινά;
1060 1990 1137 2063 ἧδ’
1155 1996 1300 2054 ὅς.-
1321 1994 1435 2045 Τῶν
1458 1993 1625 2045 τοιού-

67 2092 165 2126 των
199 2076 349 2136 τινὰ,
378 2072 445 2146 ἦν
469 2076 512 2127 δ’
540 2076 667 2144 ἐγὼ,
695 2072 800 2129 οἷαι
829 2078 1237 2146 μυθολογοῦνται
1275 2079 1493 2130 παλαιαὶ
1532 2097 1623 2146 γε-

66 2148 245 2216 νέσθαι
278 2164 493 2231 φύσεις,
543 2166 576 2233 ἥ
608 2183 666 2216 τε
720 2166 1009 2236 Χιμαίρας,
1041 2166 1133 2217 καὶ
1174 2170 1204 2237 ἡ
1250 2166 1502 2235 Σκύλλης,
1533 2168 1623 2219 καὶ

66 2256 369 2325 Κερϐέρου,
419 2258 513 2307 καὶ
568 2256 720 2308 ἄλλαι
762 2257 900 2313 τινὲς
950 2258 1137 2326 συχναὶ
1196 2258 1437 2324 λέγονται
1487 2274 1622 2326 συμ-

69 2348 362 2412 πεφυκυῖαι
386 2346 519 2397 ίδέαι
535 2345 718 2398 πολλαὶ
734 2348 809 2408 εἰς
827 2346 881 2397 ἓν
896 2346 1482 2415 γενέσθαι.-Λέγονται
1496 2348 1618 2417 γὰρ,

68 2434 181 2502 ἔφη.
216 2466 286 2474 —
322 2435 531 2487 Πλάττε
578 2436 753 2488 τοίνυν
780 2437 903 2505 μίαν
934 2438 1026 2505 μὲν
1062 2437 1197 2488 ἰδέαν
1237 2439 1419 2505 θηρίου
1451 2440 1622 2489 ποικί-

68 2525 151 2574 λου
181 2526 276 2576 καὶ
302 2526 696 2595 πολυκεφάλου,
750 2528 967 2596 ἡμέρων
992 2527 1045 2578 δὲ
1070 2527 1267 2598 θηρίων
1288 2529 1502 2596 ἔχοντας
1517 2520 1617 2579 ’κε-

69 2616 233 2683 eali;
268 2617 457 2687 κύκλῳ
484 2621 576 2671 καὶ
606 2618 827 2689 ἀγρίων,
876 2620 967 2670 καὶ
1007 2618 1226 2670 δυνατοῦ
1272 2619 1617 2688 μεταϐάλλειν

69 2706 155 2757 καὶ
185 2706 342 2773 φύειν
380 2708 441 2773 ἐξ
467 2708 630 2761 αὑτοῦ
655 2709 820 2760 ταῦτα
855 2710 1041 2761 πάντα.
1062 2740 1129 2751 ——
1148 2710 1327 2762 Δεινοῦ
1359 2711 1614 2772 πλάστου,

68 2796 184 2865 ἔφη,
236 2798 301 2848 τὸ
339 2796 516 2866 ἔργον·
554 2799 701 2866 ὅμως
754 2798 937 2867 ἐπειδὴ
991 2799 1406 2868 εὐπλαστότερον
1446 2800 1614 2870 κηροῦ

70 2888 155 2938 καὶ
194 2885 303 2937 τῶν
338 2886 591 2938 τοιούτων
618 2889 645 2938 ὁ
697 2887 869 2953 λόγος,
922 2888 1229 2941 πεπλάσθω.
1268 2921 1332 2928 -
1366 2891 1504 2943 Μίαν
1554 2892 1615 2960 δὴ

69 2978 236 3031 τοίνυν
288 2978 455 3049 ἀλλην
482 2979 620 3031 ἰδέαν
644 2978 869 3043 λέοντος,
906 2980 1032 3048 μίαν
1064 2979 1118 3031 δὲ
1147 2980 1449 3051 ἀνθρώπου·
1482 2982 1613 3035 πολὺ

70 3068 119 3119 δὲ
156 3070 411 3138 μέγιστον
435 3072 573 3123 ἔστω
619 3073 677 3124 τὸ
707 3072 936 3143 πρῶτον,
978 3074 1068 3125 καὶ
1112 3073 1355 3143 δεύτερον
1408 3075 1466 3125 τὸ
1494 3074 1612 3127 δεύ-

70 3161 496 3229 τερον.-Ταῦτ“,
531 3163 655 3232 ἔφη,
693 3165 809 3233 ρᾁ
842 3166 932 3217 καὶ
967 3164 1608 3217 πέπλασται.-Σύναπτε

70 3250 232 3302 τοίνυν
265 3253 407 3305 αὐτὰ
430 3256 507 3316 εἰς
538 3254 615 3317 ἓν,
633 3256 755 3325 qia
781 3256 925 3319 ὄντα,
948 3255 1084 3307 ὣστε
1110 3274 1180 3324 πη
1214 3254 1611 3323 ξυμπεφυκέναι

72 3341 328 3409 ἀλλήλοις.
352 3370 424 3382 --
452 3345 743 3414 Ξυνῆπται,
785 3347 975 3415 ἔφη.-
994 3346 1323 3415 Περίπλασον
1359 3346 1415 3396 δὲ
1436 3348 1612 3409 αὐτοῖς

74 3431 253 3496 ἔξωθεν
284 3434 402 3496 ἐνὸς
424 3436 621 3499 εἰκόνα,
652 3437 749 3505 τὴν
781 3437 873 3487 τοῦ
926 3436 1226 3505 ἀνθρώπου,
1252 3436 1388 3489 ὥστε
1437 3437 1512 3507 τῷ
1538 3439 1609 3507 μὴ

74 3523 338 3595 δυναμένῳ
366 3526 431 3578 τὰ
467 3526 613 3589 ἐντὸς
637 3529 785 3597 όρᾷν,
834 3527 963 3578 ἀλλά
996 3528 1055 3579 τὸ
1080 3526 1181 3590 ἔξω
1225 3530 1377 3597 μόνον
1398 3528 1610 3598 ἔλυτρον

73 3614 333 3682 ὁρῶντι,ἓν
348 3616 481 3679 ζῶον
496 3615 772 3684 φαίνεσθαι
784 3614 1075 3684 ἄνθρωπον.
1085 3644 1146 3652 —
1156 3615 1353 3685 Περιπέ
1361 3616 1584 3669 πλασται
1594 3656 1607 3679 ,

76 3704 184 3771 ἔφη.
207 3738 275 3745 -
299 3708 559 3777 Λέγωμεν
584 3707 646 3777 δη
674 3706 750 3776 τῷ
796 3706 1022 3773 λέγοντι,
1052 3708 1125 3768 ὡς
1158 3706 1416 3759 λυσιτελεῖ
1440 3708 1609 3778 τούτῳ

76 3795 263 3849 ἀδικεῖν
291 3798 369 3867 τῷ
397 3798 686 3868 ἀνθρώπῳ,
733 3798 912 3851 δίκαια
944 3799 998 3851 δὲ
1039 3800 1291 3868 πράττειν
1313 3799 1371 3852 οὐ
1408 3800 1610 3869 ξυμφέ-

81 3902 168 3952 ρει,
195 3887 327 3939 διότι
356 3888 505 3940 οὑδὲν
556 3888 682 3941 ἄλλο
742 3891 898 3958 φήσει
931 3889 962 3958 ἢ
997 3889 1287 3941 λυσιτελεῖν
1331 3890 1495 3960 αὐτῷ,
1549 3891 1608 3942 τὸ

76 3978 393 4032 παντοδαπὸν
447 3981 629 4051 θηρίον
672 3980 975 4050 εὐωχοῦντι,
1039 3986 1207 4033 ποιεῖν
1260 3982 1473 4052 ἰσχυρὸν
1518 3982 1606 4032 τὸν

77 4065 247 4121 λέοντα
277 4072 371 4122 καὶ
404 4073 471 4124 τὰ
530 4073 654 4143 περὶ
689 4072 778 4124 τὸν
831 4072 1032 4124 λέοντα·
1086 4075 1174 4125 τὸν
1224 4073 1280 4125 δὲ
1328 4074 1605 4142 ἄνθρωπον

77 4156 415 4226 λιμοκτονεῖν,
449 4166 540 4215 καὶ
569 4166 738 4215 ποιεῖν
778 4164 995 4230 ἀσθενῆ,
1034 4164 1171 4215 ὥστε
1228 4163 1472 4215 ἕλκεσθαι
1499 4165 1601 4232 ὅπη

80 4246 137 4299 ἂν
160 4251 369 4306 ἐκείνων
416 4253 671 4321 ὁπότερον
714 4253 839 4324 ἄγῃ·
891 4254 982 4305 καὶ
1024 4253 1182 4322 μηδὲν
1227 4253 1405 4322 ἕτερον
1438 4253 1639 4322 ἑτέρων

79 4337 369 4405 ξυνεθίζειν,
403 4341 537 4411 μηδὲ
564 4342 713 4410 φίλον
739 4345 926 4403 ποιεῖν,
972 4342 1083 4395 ἀλλ’
1118 4345 1208 4412 ὲᾷν
1250 4343 1383 4394 αὐτὰ
1422 4346 1479 4394 ὲν
1511 4345 1605 4395 αύ-

78 4433 173 4494 τοῖς
220 4431 501 4486 δάκνεσθαί
555 4450 613 4484 τε
669 4435 759 4485 καὶ
808 4436 1083 4505 μαχόμενα
1143 4433 1335 4486 ἐσθίειν
1384 4435 1599 4505 ἄλληλα.

1723 2022 1791 2031 —
1822 1990 1894 2043 Ita
1923 1990 2197 2050 nimirum,
2233 1989 2468 2054 inquam,
2500 1996 2556 2039 ut
2578 1988 2857 2055 imaginem
2884 1987 3047 2038 animi
3075 2002 3263 2054 quam-

1722 2082 1842 2133 dam
1871 2080 2113 2130 oratione
2149 2078 2429 2142 tingamus,
2463 2085 2520 2127 ut
2544 2076 2786 2143 quisquis
2818 2077 2900 2127 illa
2933 2090 3262 2129 commemo-

1722 2168 1878 2227 rabit,
1916 2182 2023 2233 quo
2051 2166 2116 2217 de
2142 2156 2389 2232 loquatur
2434 2159 2715 2231 intelligat.
2746 2193 2809 2203 —
2845 2163 3011 2228 Quam
3061 2164 3262 2232 porro?

1722 2259 1895 2326 inquit
1934 2258 2037 2309 ille:
2066 2286 2133 2294 -~
2163 2254 2261 2307 Cui
2309 2271 2426 2322 ego.
2462 2256 2706 2322 Aliquam
2750 2257 3031 2323 ejusmodi,
3074 2257 3259 2324 quales

1723 2361 1939 2402 naturas
1991 2349 2114 2399 olim
2155 2347 2451 2410 Chimaerze,
2503 2346 2706 2415 Scyllaz,
2750 2347 2987 2405 Cerberi.
3020 2348 3258 2415 aliasque

1720 2460 1826 2495 non
1878 2458 2075 2510 paucas
2129 2441 2295 2494 fuisse
2327 2440 2649 2499 fabulantur,
2687 2455 2909 2505 quarum
2939 2440 3255 2507 multiplices

1717 2533 1904 2586 forma:
1929 2534 2067 2585 inter
2112 2546 2227 2583 sese
2274 2532 2583 2596 complexae,
2614 2545 2777 2582 unum
2812 2530 2863 2581 in
2899 2530 3098 2597 aliquid
3132 2540 3252 2583 ortu

1716 2624 1833 2691 ipso
1880 2623 2260 2675 coalescerent.
2291 2652 2354 2659 -
2394 2620 2551 2680 Sane,
2600 2621 2791 2687 inquit,
2841 2620 3103 2687 ejusmodi
3158 2621 3254 2672 ali-

1715 2729 1853 2782 quas
1885 2713 2156 2766 exstitisse
2189 2711 2387 2765 ferunt.
2416 2740 2473 2751 -—
2504 2712 2611 2777 Age
2644 2726 2789 2779 ergo,
2834 2711 3072 2778 inquam,
3115 2710 3253 2779 ﬁnge

1716 2803 1853 2856 mihi
1883 2802 2042 2855 varia:
2063 2802 2342 2868 cujusdam
2375 2816 2436 2854 ac
2460 2801 2789 2869 multicipitis
2823 2802 3108 2854 animantis
3131 2816 3253 2867 spe-

1714 2895 1847 2948 ciem
1881 2910 2042 2948 unam
2101 2894 2243 2946 illam
2293 2893 2531 2961 quidem,
2585 2894 2676 2945 sed
2733 2902 2905 2944 tamen
2961 2891 3246 2957 ejusmodi,

1712 3002 1831 3055 quae
1878 2987 2068 3055 partim
2118 2987 2383 3047 cicurum,
2417 2986 2610 3054 partim
2639 2984 2870 3038 ferarum
2902 2984 3164 3050 capitibus
3193 2983 3250 3035 in

1711 3078 1893 3131 orbem
1925 3077 2169 3145 pluribus
2200 3078 2481 3139 instructa,
2520 3076 2702 3129 eadem
2744 3089 2853 3127 non
2902 3084 3108 3126 mutare
3135 3088 3240 3127 mo-

1711 3170 1800 3234 do,
1831 3168 1922 3221 sed
1966 3170 2124 3221 etiam
2176 3167 2471 3236 producere
2512 3167 2689 3219 omnia
2717 3181 2779 3218 ex
2815 3180 2930 3219 sese
2961 3168 3148 3234 possit.
3178 3192 3247 3205 —-

1714 3258 1960 3321 Fictoris,
1991 3259 2183 3327 inquit,
2220 3274 2353 3326 opus
2389 3271 2574 3309 narras
2632 3256 2825 3324 oppido
2876 3274 3033 3324 quam
3078 3258 3244 3310 soler—

1714 3351 1781 3401 tis
1810 3367 1821 3401 :
1855 3349 1944 3401 sed
1978 3358 2171 3411 tamen,
2198 3347 2412 3414 quando
2442 3348 2553 3399 istis
2582 3347 2741 3399 etiam
2768 3350 2832 3399 de
2860 3348 3017 3400 rebus
3047 3349 3124 3399 vel
3158 3362 3246 3399 ce-

1711 3454 1767 3491 ra
1800 3438 1913 3504 ipsa
1942 3436 2149 3489 facilior
2179 3453 2241 3489 ac
2272 3437 2479 3490 mollior
2508 3438 2571 3491 ad
2600 3439 2900 3507 tingendum
2941 3439 3111 3489 oratio
3142 3448 3241 3501 est,

1711 3527 1937 3595 tingatur
1990 3526 2117 3580 illud
2163 3542 2311 3580 sane.
2350 3556 2415 3564 -—
2444 3526 2603 3590 Tum,
2634 3528 2792 3582 aliam
2828 3527 2952 3579 mihi
2998 3526 3243 3592 deinceps

1710 3619 1879 3671 leonis
1925 3618 2153 3686 speciem
2204 3618 2361 3685 tinge,
2392 3618 2626 3685 itemque
2669 3614 2902 3669 hominis
2932 3614 3086 3667 aliam
3122 3632 3132 3665 :
3172 3615 3242 3666 ita

1709 3711 1921 3779 quidem
1975 3719 2032 3762 ut
2083 3710 2231 3777 prior
2264 3710 2351 3761 ille
2388 3710 2541 3776 longe
2576 3708 2807 3759 maxima
2852 3706 2941 3764 sit.
2984 3700 3243 3773 posterior

1709 3815 1834 3852 vero
1882 3799 2243 3866 magnitudine
2272 3811 2485 3866 quoque
2513 3797 2793 3863 posterior.
2828 3827 2889 3833 ——
2914 3795 3033 3851 Haec
3074 3812 3197 3849 vero
3226 3838 3239 3858 ,

1710 3890 1920 3957 inquit,
1972 3888 2131 3940 etiam
2186 3886 2425 3939 faciliora
2472 3896 2641 3947 sunt,
2688 3888 2868 3955 itaque
2916 3890 3035 3941 licta
3083 3888 3245 3957 616

1703 3981 1812 4047 jam
1852 3985 1995 4031 sunt.
2031 4007 2097 4017 —
2133 3976 2251 4031 Jam
2300 3993 2463 4031 unum
2512 3978 2563 4031 in
2619 3979 2820 4047 aliquid
2855 3980 2954 4031 tria
2985 3980 3083 4031 ista
3114 3992 3241 4029 con-

1704 4072 1850 4133 ﬂato,
1883 4072 2037 4139 quasi
2065 4060 2169 4125 ’sub
2200 4080 2377 4124 ortum
2408 4070 2546 4124 inter
2574 4087 2691 4123 sese
2720 4067 3242 4124 coaluerint.--Con-

1705 4166 1825 4215 flata
1856 4174 1999 4226 sunt,
2034 4164 2224 4231 inquit.
2253 4193 2323 4204 -—
2350 4162 2417 4216 Iis
2448 4174 2500 4216 tu
2533 4177 2692 4231 porro
2726 4160 3059 4212 extrinsecus
3089 4172 3239 4210 com-

1704 4271 1920 4308 munem
1976 4255 2155 4318 unius,
2188 4255 2279 4308 sed
2334 4254 2565 4306 hominis
2613 4250 2855 4317 effigiem,
2887 4248 3239 4313 circumdato,

1706 4348 1900 4416 utqui,
1936 4347 2077 4415 quod
2126 4346 2431 4399 interiorem
2494 4343 2636 4394 illam
2687 4341 2916 4409 speciem
2966 4343 3240 4408 perviderc

1703 4456 1807 4493 non
1862 4440 2048 4507 possit,
2099 4446 2377 4490 externum
2431 4435 2531 4486 hoc
2573 4433 2835 4486 duntaxat
2902 4434 3235 4487 involucrum

80 4552 136 4563 —
164 4526 471 4580 Παντάπασι
496 4527 621 4599 γάρ,
653 4526 775 4597 ἔφη,
812 4528 956 4579 ταῦτ’
997 4528 1059 4580 ἂν
1091 4526 1280 4594 λέγοιὸ
1316 4528 1374 4579 τὸ
1404 4528 1603 4582 ἀδικεῖν

1713 4530 2087 4600 aspiciet,huic
2116 4542 2279 4579 unum
2313 4525 2527 4592 aliquod
2559 4526 2780 4589 animal,
2801 4525 3234 4590 homo,inquam,

82 4616 312 4672 ἐπαινῶν.
347 4651 414 4659 -
442 4618 645 4673 Οὐκοῦν
672 4615 737 4674 αὖ
763 4621 789 4671 ὁ
814 4619 878 4673 τὰ
910 4619 1087 4672 δίκαια
1114 4619 1281 4686 λέγων
1312 4619 1602 4672 λυσιτελεῖν

1703 4639 1842 4675 unus
1893 4629 2167 4687 appareat.
2199 4649 2266 4656 —
2293 4616 2698 4669 Circumdatam
2751 4626 2897 4685 puta,
2946 4614 3137 4680 inquit.
3171 4641 3236 4650 -—

80 4708 195 4777 φαὶη
221 4709 283 4762 ἂν
314 4712 423 4765 δεῖν
440 4710 619 4781 ςταῦτα
657 4712 927 4781 πράττειν,
968 4710 1058 4762 καὶ
1083 4710 1249 4762 ταῦτα
1280 4708 1602 4777 λέγειν,ὃθεν

1713 4712 1850 4764 Nunc
1898 4710 1944 4762 ei
1993 4710 2227 4772 demunt,
2268 4709 2359 4776 qui
2412 4709 2608 4776 injuste
2668 4722 2823 4775 agere
2861 4704 2985 4758 huic
3031 4703 3233 4755 homini

79 4792 159 4846 τοῦ
175 4774 531 4869 ἀνθρώπουλύ
557 4774 1017 4872 ’ὲντδξζάνθρωπος
1049 4802 1196 4854 ἔσται
1244 4774 1601 4870 ἐγκρατέστα-

79 4898 173 4946 τος·
200 4891 287 4941 καὶ
329 4890 423 4945 τοῦ
449 4880 815 4961 πολυκεφάλου
862 4892 1168 4962 θρέμματος
1197 4892 1596 4961 ἐπιμελήσεται,

81 4972 245 5047 ὥσπερ
270 4984 527 5052 γεωργὸς,
587 4983 654 5035 τὰ
701 4983 794 5052 μὲν
819 4982 999 5051 ἥμερα
1046 4983 1255 5052 τρέφων
1288 4982 1379 5033 καὶ
1420 4980 1597 5033 τιθασ-

1701 4802 1998 4856 conducere
2039 4801 2183 4864 velit,
2214 4800 2358 4868 juste
2404 4800 2541 4853 idem
2586 4800 2836 4867 prodesse
2886 4802 3059 4860 neget,
3088 4794 3231 4846 aliud

1696 4906 1816 4944 eum
1848 4890 1977 4942 nihil
2010 4890 2185 4942 dicere
2217 4905 2571 4958 opponamus,
2605 4900 2763 4955 quam
2814 4883 2864 4936 id
2900 4883 2998 4952 ipsi
3028 4883 3229 4937 condu-

1696 4995 1834 5042 cere,
1870 4980 1945 5031 uti
1976 4980 2101 5032 dum
2148 4980 2373 5033 bestiam
2424 4979 2566 5031 illam
2602 4974 2770 5043 pascit
2806 4974 2947 5027 adeo
2980 4974 3233 5042 multipli-

81 5063 249 5131 σεύων,
276 5073 341 5123 τὰ
368 5073 424 5126 δὲ
451 5073 614 5139 ἄγρια
660 5071 987 5123 ἀποκωλύων
1037 5070 1281 5139 φύεσθαι,
1318 5070 1595 5139 ξύμμαχον

1713 5088 1830 5134 :em,
1872 5073 2078 5127 leonem
2115 5073 2329 5141 quidem
2372 5069 2646 5135 iconisque
2690 5075 2870 5136 partes
2905 5067 3107 5121 viribus
3143 5080 3235 5119 au-

147 5194 369 5253 ‘Ezech.
410 5218 447 5265 I,
474 5203 529 5256 4.
601 5202 621 5233 ⁸
650 5200 780 5265 ibid.
808 5202 860 5259 5-

138 5304 403 5380 (89)__Nt°)r
443 5311 495 5365 δ’
540 5312 709 5380 ἔφην.
753 5309 936 5372 Plato,
989 5310 1081 5363 lib.
1136 5327 1185 5362 ix
1232 5310 1589 5380 iDeJepubI”

215 5375 345 5453 509_,
381 5379 445 5453 β,
475 5382 544 5434 At
568 5375 647 5453 i'in'
679 5379 933 5453 Phardro,
982 5396 1095 5448 pag.
1127 5379 1248 5453 _3__44
1272 5422 1284 5443 ,
1391 5375 1415 5441 ,⁷
1438 5381 1592 5450 longe

84 5445 400 5519 διίστηέηίιηὶ
433 5450 771 5519 hominisque
793 5445 1020 5517 speciem
1053 5445 1285 5503 exhibet.
1316 5447 1407 5519 Sic
1447 5445 1588 5504 enim

86 5514 171 5574 ille,
203 5515 375 5569 Ἔοικε
500 5523 567 5590 τῇ
606 5514 860 5590 ξυμφύτῴ
887 5518 1105 5590 δυνάμει
1133 5518 1431 5586 ὑποπτέρου
1467 5519 1587 5582 ζεύ-

84 5600 279 5660 γιδδςμτε
311 5587 436 5660 ’καὶ-
459 5587 733 5660 ἡνιόχου(
775 5587 841 5643 Et
882 5588 1197 5660 quibusdam
1226 5589 1540 5660 __interjectis
1572 5607 1583 5641 :

86 5653 151 5723 [Ιῆ
190 5652 369 5729 δὴ-οὗν
394 5652 700 5729 Δθνήτπόῖτιι
746 5661 835 5712 καὶ
881 5652 1136 5711 ἀθάνατον
1175 5656 1316 5729 ,ζῶον
1354 5652 1585 5729 ἐκλήθη,

88 5726 330 5807 πειρατέον
359 5727 551 5807 εἰπεῖν.
588 5729 822 5807 ἰζ-ψυχὴ
858 5731 1004 5783 πᾶσα
1034 5728 1228 5807 παντδς
1259 5726 1588 5807 ἐπιμελεῖται

87 5794 159 5845 τοῦ
192 5796 406 5866 ἀψύχου,
434 5794 943 5870 «ansae-obpetva
976 5797 1274 5869 περιπολεῖ,
1310 5794 1489 5853 ἄλλοτε
1530 5800 1585 5851 ἐν

1690 5312 1867 5372 ἀλλοις
1912 5311 2071 5363 εἴδεσι
2112 5306 2418 5375 γιγνομένη.
2456 5304 2590 5357 Tum
2632 5305 2697 5358 de
2742 5302 3009 5375 perfec_ta_.
3062 5300 3229 5375 Τελέᾳ

1738 5385 1791 5434 ὲν
1820 5380 1910 5436 οὖν
1941 5377 2070 5432 οὖσα
2099 5372 2190 5429 καῖ
2218 5372 2585 5444 ἐπτερωμένη,
2616 5372 2995 5444 μετεὼροπρλεί
3018 5386 3119 5444 τε,
3138 5373 3229 5444 καὶ

1730 5471 1902 5505 παντα
1931 5451 2019 5501 τὸν
2054 5449 2252 5518 κόσμον
2280 5440 2482 5518 διόικέῖζ
2519 5440 2675 5518 Αιιίθ
2702 5440 3026 5518 imperfecta,
3147 5440 3226 5503 δὲ,

1690 5520 2136 5592 πτεροῤῥυήξασα
2156 5509 2412 5592 φέρεται,
2457 5516 2559 5577 ἓως
2590 5515 2654 5592 ειν
2687 5509 2895 5592 στερξοῦ
2923 5526 3064 5592 τινος
3092 5509 3231 5587 ἀντι-

1688 5578 2040 5660 λάόἧταὶκοξ
2086 5578 2511 5660 καῌέοίκισθεῖσα,
2544 5578 2921 5660 -σῶ-μαιγήῖνον
2959 5578 3224 5660 λαϐοῦσα,

1687 5648 1821 5712 animi;
1852 5658 1980 5711 αὐτὸ
2016 5654 2202 5707 δοκοῦν
2246 5658 2412 5708 κινεῖν
2433 5698 2446 5719 ,
2483 5656 2576 5726 διὰ¹
2598 5648 2701 5755 τὴν»
2724 5648 2931 5718 ικείνης
2968 5648 3188 5718 δύναμιν
3208 5688 3225 5711 ,

1695 5730 1820 5755 ιιι-⁸.-..
1854 5730 1909 5755 -3.
1940 5726 2150 5755 :.'.........
2182 5726 2373 5755 1.9.1.0...
2422 5725 2564 5755 ,ου-,δι
2586 5736 2654 5755 -.ν
2708 5719 2858 5755 αιτιοι..
2885 5720 3054 5755 enim!“
3081 5733 3093 5750 ο
3118 5731 3202 5755 om

1689 5730 1820 5789 illm
1854 5730 1910 5780 τὸ
1937 5726 2150 5796 ξύμπαν
2180 5726 2394 5797 ἐκλήθη,
2708 5719 2860 5789 σῶμα
2885 5720 3054 5789 παγέν
3081 5733 3093 5750 ο
3118 5731 3221 5774 etc.
