4002 6340
116 408 248 465 ὶο29

1248 402 1568 458 ΡΒλῈΡΔΒ.
1612 396 1859 455 EVANC.
1903 402 2025 457 LIB.
2068 401 2177 455 XH.

3168 403 3303 455 1030

107 547 217 591 κου,
235 530 318 581 ὅτε
338 528 526 599 ἐξη.-
544 529 771 596 Λέγεται
802 528 906 596 γαρ
923 523 1029 588 οὖν,
1051 523 1113 594 ἦν
1140 527 1179 576 δ’
1211 527 1338 592 ἐγώ.
1375 525 1509 577 Ἀλλ’
1528 524 1638 584 οἴει,

1749 522 2197 590 quemadmodum
2234 519 2583 589 Pythagoras,
2619 534 2738 571 cum
2777 520 2889 587 ipse
2923 534 3025 586 per
3060 533 3116 571 se
3164 518 3301 569 mul-

105 612 151 669 ὦ
185 616 450 676 Γλαύκων,
474 619 520 667 εί
552 615 629 684 τῷ
657 615 766 667 δντι
795 611 902 676 οἶός
953 631 1007 664 τε
1036 610 1101 681 ἦν
1146 612 1416 663 παιδεύειν
1445 609 1649 678 ἀνθρώ-

108 725 236 769 πους
263 709 349 759 καὶ
377 706 609 775 βελτίους
659 705 1055 774 ἀπεργάζεσθαι
1090 706 1348 772 Ὄμηρος,
1394 704 1488 755 az:
1525 704 1650 771 περὶ

104 800 299 851 τούτων
322 800 381 850 οὐ
418 797 718 866 μιμεῖσθαι,
741 798 872 849 ἀλλὰ
904 798 1184 863 γινώσκειν
1211 796 1520 862 δυνάμενος,
1551 795 1649 844 οὐκ

104 890 192 956 ἄρ’
213 887 273 939 ἂν
304 886 523 949 πολλοὺς
551 886 792 953 ἑταίρους
825 887 1128 953 ἐποιήσατο,
1160 886 1249 935 καὶ
1287 885 1528 951 ἐτιμᾶτο,
1558 885 1647 934 καὶ

104 980 347 1045 ἠγαπᾶτο
380 978 468 1029 ὑπ’
499 977 701 1039 αὑτῶν;
745 977 894 1028 Ἀλλὰ
923 976 1280 1043 Πρωταγόρας
1306 971 1379 1037 (9.)
1414 974 1511 1041 μὲν
1544 975 1648 1042 ἄρα

99 1068 130 1116 δ
175 1066 503 1136 ’Δϐὂηρίτης,
537 1067 627 1118 καὶ
666 1065 917 1135 Πρόδικος
942 1067 969 1116 ὁ
999 1066 1171 1126 Κεῖος,
1212 1065 1301 1114 καὶ
1333 1064 1476 1115 ἄλλοι
1506 1064 1649 1130 πάμ-

102 1155 278 1209 πολλοι
324 1156 572 1209 δύνανται
628 1159 736 1218 τοῖς
795 1156 879 1221 ἐφ’
930 1153 1132 1205 ἑαυτῶν
1199 1154 1527 1221 παρεστάναι
1572 1154 1646 1219 (5)

104 1243 211 1313 ἰδία
239 1245 629 1313 συγγινόμενοι,
657 1244 731 1305 ὡς
755 1242 875 1295 οὔτε
908 1243 1081 1294 οἰκίαν
1101 1242 1219 1294 οὗτε
1255 1243 1403 1293 πόλιν
1427 1242 1521 1310 τὴν
1550 1243 1647 1293 αὑ-

97 1334 209 1385 τῶν
232 1335 395 1386 οἰκεῖν
426 1335 500 1401 (4)
528 1329 627 1386 οἶοί
660 1351 717 1385 τε
769 1334 997 1392 ἔσονται,
1045 1334 1134 1384 ἐὰν
1173 1334 1246 1402 μὴ
1304 1335 1440 1398 σφᾶς
1472 1333 1647 1383 αὐτῶν

98 1423 202 1483 τῆς
233 1422 472 1486 παιδείας
493 1426 910 1493 ὲπιστατήσωσι,
938 1425 1028 1475 καὶ
1076 1424 1169 1475 ἐπὶ
1187 1422 1357 1493 ταύτῃ
1387 1428 1449 1492 τῇ
1490 1425 1648 1493 σοφία

96 1514 239 1567 οὕτω
270 1514 470 1583 σφόδρα
496 1513 787 1582 φιλοῦνται,
816 1512 950 1563 ὥστε
979 1514 1133 1581 μόνον
1166 1514 1262 1565 οὐκ
1296 1516 1386 1565 ἐπὶ
1419 1516 1534 1575 ταῖς
1559 1532 1646 1564 κε-

99 1604 288 1671 φαλαῖς
315 1604 690 1673 περιφέρουσιν
736 1603 926 1663 αὐτοὺς
971 1605 1016 1652 οἱ
1064 1604 1282 1670 ἑταῖροι·
1323 1605 1565 1673 Ὅμηρον
1592 1605 1646 1656 δὲ

95 1695 205 1763 ἄρα
230 1696 275 1745 οἱ
307 1694 392 1745 ἐπ’
421 1694 645 1751 ἐκείνου,
682 1695 831 1761 εἴπερ
864 1688 969 1754 οἶός
1000 1710 1055 1742 τε
1079 1688 1144 1761 ἦν
1168 1695 1301 1760 πρὸς
1327 1694 1522 1764 ἀρετὴν
1547 1696 1650 1746 ὀνι-

1750 622 1925 663 torum
1960 613 2060 665 hoc
2102 612 2153 663 in
2202 626 2394 678 genere
2440 610 2876 677 approbationem
2911 610 3096 662 habuit
3142 608 3299 676 plane

1750 704 2095 770 singularem,
2125 712 2234 754 tum
2273 702 2431 753 etiam
2477 703 2726 752 exstitere
2772 700 3041 767 deinceps,
3077 700 3168 768 qui
3197 698 3300 768 Py-

1750 796 2084 858 thagoream,
2121 803 2179 845 ut
2203 802 2415 852 vecant,
2443 794 2564 844 vita:
2593 792 2857 845 rationem
2889 793 3152 859 hodieque
3173 806 3299 859 pro-

1751 887 1991 945 ﬁtentes,
2030 885 2169 938 inter
2210 897 2430 938 czeteros
2474 885 2709 938 eminere
2758 881 3203 937 videantur.—Ne
3248 881 3301 934 id

1748 976 1986 1041 quidem.
2048 973 2179 1027 Nam
2226 975 2540 1042 Creophilus
2574 974 2810 1044 quidem,
2861 989 2893 1026 o
2924 973 3204 1033 Socrates,
3254 972 3300 1025 is

1748 1068 1838 1134 qui
1886 1065 2098 1118 Homeri
2144 1064 2325 1118 socius
2377 1065 2541 1118 fuisse
2572 1064 2788 1125 dicitur,
2831 1064 3116 1131 disciplina
3163 1061 3300 1114 forte

1750 1155 1959 1221 magis,
1990 1170 2151 1223 quam
2204 1154 2419 1207 nomine
2468 1155 2585 1222 ipso
2632 1154 2889 1205 ridiculus
2942 1154 3300 1222 appareat,si

1749 1261 1873 1298 vera
1924 1245 2083 1298 modo
2140 1244 2266 1304 sint,
2322 1260 2441 1311 quae
2497 1244 2563 1297 de
2611 1243 2843 1297 Homero
2892 1242 3296 1296 circumferunt.

1749 1336 1973 1404 Quippe,
2036 1337 2180 1388 illum
2223 1336 2385 1397 enim,
2439 1334 2599 1387 etiam
2641 1335 2769 1387 dum
2813 1336 3031 1396 viveret,
3067 1336 3135 1387 ab
3186 1334 3299 1388 suis

1746 1427 2041 1495 :equalibus
2066 1429 2361 1494 negiectnm
2391 1425 2676 1478 admodum
2726 1424 2892 1479 fuisse
2939 1434 3177 1478 narrant.
3231 1454 3301 1466 -—

1744 1515 1977 1568 Narrant
2009 1531 2157 1573 sane.
2193 1516 2431 1583 inquam.
2486 1514 2720 1568 Putasne
2766 1530 2913 1577 vero,
2953 1517 3023 1567 mi
3053 1515 3277 1573 Glauco.
3317 1584 3326 1595 Χ

1748 1607 2060 1667 Hoiiierum,
2081 1608 2125 1660 si
2146 1622 2263 1660 vere
2286 1607 2793 1673 bominestanquam
2831 1608 2879 1658 in
2907 1622 3093 1660 eorum
3120 1610 3301 1676 cogni-

1750 1696 1891 1748 tione
1948 1697 2126 1762 potius
2174 1712 2332 1762 quam
2383 1697 2678 1750 imitatione
2722 1707 2984 1761 versatus,
3022 1698 3302 1751 instituere

96 1783 252 1835 νάναι
272 1781 656 1848 ἀνθρώπους,ἧ
695 1781 947 1842 Ἡσίοδον,
979 1781 1233 1850 ῥαψῳδεῖν
1258 1781 1320 1834 ἂν
1346 1783 1638 1851 περιιόντας

1750 1800 1811 1837 ac
1841 1784 2088 1837 meliores
2144 1784 2357 1837 efficere
2388 1786 2668 1850 potuisset,
2702 1786 2901 1839 amicos
2934 1785 3034 1837 sibi
3056 1787 3298 1839 sodales-

95 1874 241 1933 εἴων,
272 1873 363 1924 καὶ
416 1872 533 1940 οὐχ).
565 1872 757 1941 μᾶλλον
807 1872 871 1925 ἂν
910 1872 1084 1925 αὐτῶν
1135 1873 1436 1941 ἀντείχοντο
1475 1873 1507 1941 ἦ
1551 1876 1643 1926 τοῦ

93 1960 314 2030 χρυσοῦ,
346 1963 436 2013 καί
466 1962 766 2030 ⁴Ιγνάγκαξον
808 1964 954 2034 παρὰ
983 1964 1158 2029 σφίσιν
1203 1962 1337 2014 οἶκοι
1375 1964 1447 2032 (5)
1477 1961 1642 2028 εἷναι;

94 2051 128 2119 ἦ
161 2053 208 2102 εί
236 2053 306 2123 μὴ
328 2052 559 2114 ἔπειθον,
583 2054 732 2105 αὐτοὶ
756 2054 821 2105 ἂν
842 2052 1265 2120 ἐπαιδαγώγουν,
1327 2055 1431 2123 ὅπη
1456 2054 1641 2124 ᾔεσαν,

91 2143 200 2204 ἕως
216 2141 407 2205 ἱκανῶς
419 2142 659 2204 παιδείας
673 2143 1012 2211 μεταλάϐοιεν
1033 2159 1119 2205 ;-—
1136 2144 1499 2205 Παντάπασιν,
1518 2145 1640 2215 ἔφη,

90 2233 266 2296 δοκεῖς
293 2228 772 2303 μοι,ὧΣώκρατες,
793 2231 960 2302 ἀληθῆ
985 2233 1459 2299 λέγειν.-οὑκοῦν
1486 2235 1645 2287 τιθῶ-

93 2339 217 2393 μεν,
244 2323 347 2375 άττὺ
390 2325 621 2394 Ὁμήρου
678 2322 987 2393 ἀρξάμενοι,
1041 2326 1243 2387 πάντας
1276 2322 1399 2389 τοὺς
1439 2344 1644 2395 ποιητι-

90 2414 223 2475 κοὺς
253 2408 488 2482 μιμητὰς
521 2412 747 2465 εἰδώλων
779 2415 976 2483 ἀρετῆς
1016 2411 1175 2480 εἶναι,
1208 2416 1425 2467 καὶτῶν
1469 2417 1642 2470 ἄλλων

90 2506 223 2573 περὶ
250 2496 322 2556 ὧν
345 2504 573 2564 ποιοῦσι,
603 2507 700 2575 τῆς
726 2504 771 2556 δ’
791 2505 1040 2575 ἀληθείας
1070 2508 1165 2577 οὺχ
1194 2508 1473 2560 ἅπτεσθαι·
1506 2508 1639 2573 ἀλλ’,

88 2595 280 2664 ὥσπερ
303 2595 396 2646 νῦν
414 2595 478 2665 δὴ
503 2595 819 2665 ὲλέγομεν,ὁ
838 2597 1118 2666 ζωγράφος
1143 2600 1462 2668 σκυτοτόμον
1489 2602 1643 2670 ποιή-

91 2700 180 2736 σει
203 2684 455 2737 δοκοῦντα
480 2682 635 2747 εἶναι,
658 2687 813 2746 αὐτὸς
839 2686 893 2737 δὲ
932 2688 1027 2738 οὐκ
1077 2689 1277 2740 ἐπαΐων
1300 2692 1425 2758 περὶ
1454 2706 1643 2742 σκυτο-

88 2774 306 2843 τομίας,
337 2775 428 2826 καὶ
460 2777 571 2837 τοῖς
605 2775 678 2845 μὴ
708 2764 1004 2851 ἐπαΐουσιν,
1039 2779 1101 2829 ἐκ
1126 2778 1231 2830 τῶν
1258 2781 1558 2849 χρωμάτων
1586 2782 1642 2833 δὲ

88 2862 190 2916 καὶ
251 2865 537 2933 σχημάτων
594 2865 871 2936 θεωροῦσι.
893 2897 959 2906 -
978 2867 1123 2919 Πάνυ
1159 2868 1256 2937 μὲν
1280 2865 1388 2922 οὖν.
1407 2871 1643 2923 -Οὖτω

86 2952 179 3023 δὴ,
205 2949 373 3023 οἶμαι,
407 2956 500 3007 καὶ
526 2955 615 3008 τὸν
664 2958 938 3026 ποιητικὸν
966 2958 1202 3028 φήσομεν
1229 2961 1489 3030 χρώματα
1508 2964 1641 3015 ἄττα

87 3043 305 3113 ἑκάστῳ
328 3047 400 3113 (6)
415 3046 521 3099 τῶν
541 3046 737 3117 τεχνῶν
761 3050 871 3109 τοῖς
898 3049 1118 3117 ὀνόμασι
1152 3050 1244 3101 καὶ
1270 3052 1504 3121 ῥήμασιν
1526 3054 1641 3103 ἐπι-

1747 1875 2023 1943 que620
2047 1876 2307 1942 plurimos
2337 1888 2771 1943 comparaturum
2798 1891 2902 1928 non
2930 1876 3160 1935 fuisse,a
3179 1877 3300 1944 qni—

1744 1964 1845 2018 bus
1891 1975 1944 2017 et
1991 1966 2374 2018 observaretur
2418 1974 2471 2017 et
2518 1966 2821 2018 amaretur?
2862 1965 3148 2020 Enimvero
3174 1983 3295 2034 eum

1744 2063 1797 2106 et
1822 2052 2142 2121 Protagoras
2168 2056 2469 2117 Abderites,
2493 2065 2546 2108 et
2574 2054 2831 2108 Prodicus
2861 2057 2948 2108 ille
2969 2056 3155 2119 Chius,
3180 2057 3296 2109 alii-

1743 2158 1847 2209 que
1883 2146 2169 2211 permulti,
2221 2145 2519 2212 aequalibus
2563 2146 2678 2198 suis
2721 2146 2917 2213 quibus
2965 2145 3300 2199 familiariter

1744 2244 1985 2297 utuntur,
2018 2236 2341 2302 persuadere
2372 2236 2597 2303 possint,
2643 2236 2882 2288 futurum
2919 2238 2992 2289 uti
3021 2252 3295 2305 nunquam

1743 2324 1843 2390 ipsi
1894 2339 2007 2376 rem
2063 2323 2379 2378 familiarem
2413 2334 2528 2377 'aut
2593 2325 2859 2392 publicam
2914 2326 3297 2379 administrare

1741 2422 1940 2481 queant
1968 2414 2071 2467 nisi
2099 2430 2284 2468 eorum
2323 2414 2517 2467 studiis
2548 2423 2601 2468 et
2641 2416 2930 2467 eruditioni
2962 2417 3293 2483 praetulerint.

1741 2506 1963 2574 ejusque
1996 2505 2270 2573 sapientia:
2305 2506 2354 2559 vi
2390 2514 2601 2559 tantum
2633 2506 2734 2559 sibi
2767 2513 2982 2574 tamque
3009 2507 3295 2561 vehemen-

1741 2604 1846 2649 tem
1873 2605 2198 2649 sectatorum
2227 2612 2449 2649 suorum
2478 2611 2715 2649 amorem
2748 2597 3054 2659 concilient,
3090 2606 3148 2650 ut
3176 2608 3297 2651 tan-

1740 2695 1853 2739 tum
1885 2687 2064 2764 nonin
2097 2687 2271 2754 capite
2298 2688 2364 2739 ab
2387 2687 2453 2739 iis
2488 2686 2729 2741 ferantur
2759 2706 2773 2741 :
2804 2686 3116 2752 Homerum,
3140 2690 3298 2743 obse-

1740 2788 1858 2839 cro,
1897 2775 1978 2827 vel
2005 2772 2320 2835 Hesiodum,
2357 2774 2401 2827 si
2427 2789 2644 2841 operam
2678 2776 2988 2829 hominibus
3019 2778 3083 2828 ad
3106 2792 3295 2848 capes-

1740 2865 1961 2917 sendam
1988 2865 2238 2917 virtutem
2275 2880 2470 2917 navare
2500 2875 2739 2933 possent,
2773 2868 2948 2919 aetatis
2982 2882 3093 2920 sua:
3122 2867 3295 2920 homi-

1739 2967 1836 3005 nes
1866 2952 2108 3005 carmina
2133 2968 2229 3006 sua
2253 2954 2581 3013 cautitando,
2602 2954 2780 3022 vagari
2808 2954 3009 3021 passim
3027 2962 3080 3005 et
3110 2968 3293 3009 errare

1739 3054 2072 3112 paterentur,
2110 3061 2174 3099 ac
2222 3060 2327 3097 non
2358 3061 2450 3098 eos
2480 3047 2656 3114 potius
2695 3060 2829 3098 auro
2877 3046 2991 3113 ipso
3016 3046 3290 3099 chariores

92 3135 471 3231 χρωματίζειν,
507 3138 667 3191 αὑτὸν
705 3140 804 3190 οὐκ
840 3140 1110 3200 ἐπαΐοντα,
1141 3140 1253 3192 ἀλλ’
1278 3140 1309 3209 ἢ
1339 3142 1633 3209 μιμεῖσθαι,

1742 3134 2022 3199 baberent,
2051 3150 2115 3188 ac
2134 3135 2216 3188 vel
2246 3136 2297 3188 in
2321 3135 2514 3189 adium
2534 3150 2752 3188 suarum
2778 3146 2924 3210 parte
2946 3137 3288 3196 collocarent,

90 3218 231 3271 ὥστε
265 3220 463 3290 ἑτέροις
480 3224 732 3288 τοιούτοις
760 3228 822 3278 ἐκ
849 3227 952 3278 τῶν
981 3227 1147 3294 λόγων
1171 3227 1426 3300 θεωροῦσι
1442 3231 1632 3283 δοκεῖν’

88 3311 186 3362 ἐάν
216 3327 274 3362 τε
334 3313 459 3382 περὶ
512 3319 864 3386 σκυτοτομίας
914 3336 963 3372 τι
1021 3319 1148 3390 λέγῃ
1198 3322 1254 3373 ὲν
1311 3320 1491 3391 μέτρῳ
1548 3324 1639 3374 καὶ

88 3393 283 3492 ῥυθμῷ
306 3398 397 3448 καὶ
422 3398 671 3492 ἁρμονίᾳ,
703 3402 839 3454 πάνυ
868 3396 926 3492 ιβ
957 3402 1128 3456 δοκεῖν
1156 3401 1423 3471 λέγεσθαι,
1453 3406 1546 3458 ὲάν
1573 3423 1631 3459 τε

89 3482 220 3551 περὶ
245 3485 584 3553 στρατηγίας,
626 3486 717 3539 ὲάν
766 3504 824 3539 τε
856 3482 982 3559 περὶ
1006 3490 1161 3543 ἄλλου
1215 3493 1447 3546 ὁτουοῦν.
1481 3496 1633 3550 Οὕτω

89 3571 251 3661 φύσει
288 3574 423 3626 αὐτὰ
442 3574 610 3627 ταῦτα
645 3578 881 3661 μεγάλε-,ν
908 3579 1023 3631 τινὰ
1045 3581 1268 3651 κήλησιν
1285 3583 1417 3652 ἔχει·
1450 3588 1659 3655 ἐπιγυ-·

88 3658 367 3726 μνωθέντα
398 3662 474 3733 (7)
501 3680 563 3729 γε
590 3664 696 3715 τῶν
726 3658 825 3734 τῆς
850 3670 1106 3737 μουσικῆς
1156 3672 1473 3741 χρωμάτων,
1513 3678 1634 3740 τάδε

84 3748 196 3801 τῶν
221 3751 473 3820 ποιητῶν,
497 3754 633 3806 αὐτὰ
660 3757 744 3823 ἐφ’
759 3757 960 3809 ἑαυτῶν
982 3758 1263 3829 λεγόμενα,
1290 3756 1439 3830 οἶμαί
1469 3782 1527 3817 σε
1557 3769 1635 3818 εί-

80 3838 233 3892 δέναι
259 3837 345 3892 οἷα
383 3843 645 3910 φαίνεται.
675 3846 937 3903 Τεθὲασαι
974 3849 1099 3919 γὰρ,
1127 3849 1159 3919 ἢ
1199 3850 1298 3915 οὓς
1332 3851 1634 3924 -Ἐγὼγκ

60 3928 247 3999 lem.)
279 3930 387 3986 Καὶ
414 3934 614 3987 τούτων
643 3935 698 3988 δδ
731 3936 900 4001 οὕτως
942 3940 1189 4009 δχόντων,
1244 3937 1301 3994 εὖ
1353 3962 1442 4013 μοι
1495 3946 1635 4015 ἔχειν

80 4018 234 4071 δοκεῖ
258 4020 455 4092 βραχέα
491 4024 624 4077 ἄττα
652 4026 758 4079 τῶν
782 4026 1059 4091 Πλάτωνος
1091 4028 1334 4093 διελθεῖν,
1363 4032 1429 4084 δι’
1452 4027 1525 4087 ὧν
1550 4034 1634 4087 λο-

81 4108 381 4181 γικώτερον
399 4114 489 4166 τὸν
512 4112 639 4184 περὶ
662 4116 795 4168 Θεοῦ
830 4118 1199 4187 καὶηπρονοίας
1226 4121 1499 4192 συνίστησι
1552 4125 1635 4176 λὸ-

82 4216 200 4266 γον,
234 4205 345 4263 τοῖς
370 4204 630 4273 Ἐϐραίων
650 4210 751 4259 κάν
771 4208 940 4277 τούτῳ
958 4209 1353 4278 παριστάμενος
1379 4211 1632 4282 δόγμασι.

80 4288 285 4359 Πρῶτα
324 4291 380 4343 δὲ
413 4292 748 4363 θεασώμεθα,
781 4299 925 4360 ὅπως
978 4300 1075 4362 τὰς
1112 4299 1264 4362 δόξας
1312 4300 1417 4353 τῶν
1458 4303 1631 4358 ἀθέων

78 4380 349 4449 ἐκτίθησι.

1737 3224 1820 3277 vel
1841 3225 1885 3278 si
1916 3224 2095 3278 minus
2121 3224 2223 3277 hoc
2256 3224 2323 3277 ab
2345 3225 2410 3278 iis
2433 3225 2803 3292 impetrarent,
2836 3226 3020 3277 tandiu
3043 3236 3187 3279 certe
3223 3226 3284 3277 il-

1735 3310 1932 3372 lorum,
1966 3310 2273 3379 ubicunque
2302 3311 2574 3379 degerent,
2613 3313 2891 3380 praeceptis
2926 3314 3287 3367 informareu-

1736 3408 1841 3460 tur,
1875 3397 2003 3450 dum
2028 3398 2158 3451 satis
2192 3400 2245 3450 in
2268 3414 2457 3451 eorum
2502 3400 2782 3468 disciplina
2804 3401 3288 3468 profecissent?—

1736 3488 2045 3551 Verissime,
2079 3504 2111 3540 ο
2141 3486 2406 3553 Socrates,
2436 3488 2485 3541 id
2517 3491 2611 3543 abs
2635 3499 2685 3544 te
2711 3492 2913 3545 dictum
2948 3488 3287 3544 arbitror..—

1741 3579 1951 3634 Maneat
1993 3580 2153 3648 igitur
2197 3589 2378 3648 poetas
2422 3594 2640 3641 omnes,
2675 3580 2908 3635 Homero
2937 3583 3054 3649 ipso
3094 3596 3285 3659 agmen

1738 3672 1985 3735 ducente,
2005 3671 2215 3725 virtutis
2244 3687 2305 3724 ac
2336 3674 2751 3735 cmterorum,de
2775 3673 2970 3741 quibus
2998 3660 3286 3741 aliquando

1740 3762 2028 3826 scribunt,
2106 3763 2392 3815 simulacra
2448 3770 2653 3815 tantum
2710 3763 2940 3828 imitari,
3004 3764 3280 3817 veritatem

1738 3854 1909 3922 ipsam
1939 3868 2212 3921 nunquam
2237 3853 2511 3920 attingere.
2542 3851 3278 3923 Videlicet,quemadmodum

1736 3945 1897 4012 paulo
1922 3952 2044 3997 ante
2072 3944 2401 4006 dicebamus,
2451 3944 2640 4012 pictor,
2673 3944 2767 4012 qui
2803 3946 2867 3997 de
2898 3954 3011 3998 arte
3053 3944 3277 3997 ceriaria

1736 4034 1869 4087 nihil
1895 4049 2128 4103 unquam
2159 4035 2447 4089 inaudierit
2465 4074 2478 4097 ,
2505 4037 2795 4089 coriarium
2827 4046 3004 4089 tamen
3028 4034 3107 4089 sic
3129 4033 3278 4088 efﬁn-

1737 4125 1831 4193 git,
1857 4134 1914 4177 ut
1939 4126 2069 4180 artis
2096 4126 2334 4194 ejusdem
2368 4128 2829 4195 imperitis,atque
2848 4140 3007 4179 unam
3035 4124 3276 4179 colorum

1732 4230 1795 4268 ae
1826 4217 2114 4283 figurarum
2147 4203 2377 4286 Speciem
2410 4218 2772 4281 intuentibus,
2802 4218 3067 4271 coriarius
3095 4218 3276 4271 videa-

1738 4293 2412 4377 tur.——Utique.—Eodem
2440 4310 2595 4377 plane
2623 4310 2781 4361 modo
2805 4319 3038 4377 poetam,
3064 4310 3273 4376 opinor,

1668 4389 1711 4442 Ῑ)
1738 4400 2052 4463 dixerimus,
2097 4402 2358 4467 hospitem
2384 4399 2582 4467 alioqui
2610 4414 2672 4452 ac
2699 4400 3034 4469 peregrinum
3066 4403 3119 4454 in
3143 4402 3272 4454 arti-

76 4469 221 4560 bus,
258 4487 391 4539 quas
424 4479 628 4527 tantum
670 4476 867 4531 imitari
917 4481 1164 4538 noverit.
1201 4481 1278 4536 sic
1327 4484 1545 4537 nomina
1618 4493 1793 4540 tamen
1840 4498 1893 4541 et
1958 4489 2212 4541 vocabula
2263 4489 2611 4555 singularum
2641 4491 2911 4544 coloribus
2952 4491 3271 4560 quibusdam

78 4558 362 4627 inducere,
388 4572 447 4615 ut
501 4578 611 4617 rem
644 4564 833 4632 ipsam.
868 4569 960 4637 qui
1008 4572 1237 4639 speciem
1271 4589 1431 4625 unam
1474 4576 1733 4634 orationis
1798 4578 2097 4643 attendunt,
2143 4578 2320 4631 videre
2364 4579 2465 4632 sibi
2511 4580 2812 4635 videantur.
2867 4558 3043 4646 Quare
3066 4582 3177 4633 sive
3203 4582 3271 4635 de

75 4654 334 4719 ceriaria,
382 4658 495 4710 sive
524 4658 587 4711 de
614 4658 976 4727 imperatoria,
1008 4668 1120 4718 slve
1151 4665 1217 4718 de
1276 4669 1512 4735 qualibet
1555 4657 1656 4723 alia
1697 4687 1772 4734 re,
1804 4688 1962 4725 versu
1998 4687 2282 4726 numerose
2350 4688 2413 4726 ac
2451 4674 2718 4729 modulate
2745 4678 3013 4736 cecinerit,
3063 4677 3271 4745 egregia

74 4746 372 4802 admodum
405 4750 617 4805 loeutus
644 4762 877 4821 putetur.
918 4752 1145 4810 Tantam
1174 4769 1361 4814 natura
1406 4777 1502 4815 sua
1527 4775 1820 4819 concentus
1876 4765 1961 4819 ille
2007 4767 2225 4819 suavior
2249 4765 2583 4820 demulcendi
2627 4769 2733 4821 vim
2774 4770 2947 4822 habet.
2976 4766 3107 4819 Nam
3137 4782 3265 4836 pne-

70 4846 259 4893 tarum
290 4854 472 4909 opera,
508 4842 633 4895 dum
689 4858 783 4913 per
810 4859 947 4907 sese,
974 4853 1133 4915 atque
1167 4849 1275 4905 illis
1330 4853 1563 4907 musicae
1600 4855 1800 4909 nudata
1856 4855 2127 4909 coloribus
2180 4856 2492 4923 audiuntur,
2540 4860 2717 4928 qualia
2747 4859 2960 4912 demum
2988 4858 3156 4912 videri
3178 4874 3269 4914 ao—

144 5038 647 5124 _H_pforardpa£.
664 5043 986 5124 Notissimus
1014 5047 1118 5111 hic,
1137 5050 1217 5124 ve_l
1240 5053 1612 5124 philosophus,

340 5058 986 5128 ξιξῖξιτᾴρατςταοιιεειῳυε
1015 5058 1118 5111 hic,
1137 5058 1217 5128 ve_l
1240 5058 1612 5128 philosophus,
1720 5074 1858 5128 opus
1890 5058 2132 5128 attribuit
2160 5060 2224 5113 de
2253 5058 2479 5116 Hercule
2512 5063 2566 5114 in
2600 5059 2763 5128 bivio,
2794 5073 2952 5128 quem
2984 5061 3110 5114 hinc
3140 5060 3264 5115 inde

63 5108 156 5184 vel
178 5108 459 5184 ‘sopbista,
486 5125 551 5163 ex
580 5109 832 5184 Diogene,
875 5108 1145 5179 Athenaeo,
1181 5108 1365 5184 Sdida,
1392 5108 1616 5179 Platone

1772 5132 1903 5180 irtus
1930 5138 1982 5209 et
2004 5126 2593 5209 Volup_tas_alliceren.t.
2645 5127 2775 5209 Quae
2812 5126 3003 5182 civitas
3028 5132 3145 5209 ejus
3171 5139 3270 5184 aut

61 5178 151 5267 i3;
162 5174 729 5267 92159931551155?
752 5174 976 5267 passim,
987 5198 1048 5267 ¹εει
1082 5174 1151 5265 at;
1176 5174 1615 5267 οῇοεεήέξῗιὶὶίῐ
1720 5174 2861 5267 prgam;iuiﬁFgabB'é'L'éJ'iHuiiTnoE
2878 5174 3111 5267 ἶέῖιὲιιῖὂῖ

60 5248 196 5336 {103.
219 5245 683 5336 9219123959?»
704 5245 852 5336 eos.
880 5254 1083 5336 ’κρῖνε
1116 5245 1441 5336 insudarit.
1474 5245 1611 5317 τυτῐε

1739 5245 1771 5250 ⁷·
1785 5245 2503 5336 βῑῇᾱρςῑτῖέιξδέῖῇεῑεῑις
2539 5245 2896 5336 gaesa;
2914 5245 3255 5321 ἵίβῑέιοηε.

60 5268 188 5298 rius
219 5268 394 5297 suiqu
426 5268 683 5312 nominat,
713 5268 849 5319 quos
880 5268 1083 5321 legions
1116 5268 1400 5313 Instituerit
1428 5280 1441 5313 :
1474 5268 1611 5317 forte

60 5328 203 5401 equi
216 5312 676 5401 At-hepisrpulsgs,
694 5333 812 5399 eam
840 5322 891 5374 in
920 5322 1079 5401 Italia:
1104 5339 1275 5401 oram,
1298 5325 1612 5401 Pythagora

1784 5268 1860 5395 $5)
1901 5268 2288 5331 Παρεστάναι.
2330 5268 2503 5320 Malim
2540 5283 2597 5318 πε

1808 5334 1860 5401 4)
1905 5334 2115 5389 Οἱκεῐν.
2157 5335 2324 5397 Plato.
2363 5336 2597 5387 διοικεῖν.

60 5386 843 5472 ﬁlveptufidi‘seiplina‘jam
864 5392 1135 5472 celebrem
1168 5386 1609 5472 migraéseL'Nec
1895 5386 2074 5472 Οῑκὸι.
2102 5386 2657 5458 'Hane'voeeinPlato
2695 5419 2800 5460 non
2835 5405 3095 5472 agnoscit.

60 5402 309 5459 adventu
338 5402 389 5435 et
416 5402 695 5453 disciplina
734 5402 843 5453 1am
874 5402 1135 5445 celebrem
1168 5402 1469 5463 migrasset.
1500 5402 1609 5453 Nec

60 5451 336 5504 Prodicus
368 5452 614 5519 ignotior,
644 5456 833 5521 patria,
864 5460 1039 5521 Κεῖος,
1079 5465 1178 5516 hoc
1205 5474 1286 5515 est
1319 5462 1470 5527 Ceus,
1502 5481 1609 5521 non

60 5521 254 5579 Χείος,
278 5529 369 5591 aut
393 5522 549 5591 Χῖος,
575 5523 626 5575 id
658 5535 738 5577 est
764 5526 940 5587 Chius,
968 5540 1024 5581 ut
1051 5531 1186 5584 hanc
1219 5532 1269 5584 in
1296 5533 1605 5591 editionem.

1809 5403 1841 5455 5
1895 5402 2074 5455 Οἶκοι.
2117 5402 2262 5457 Hanc
2295 5419 2476 5458 vocem
2506 5403 2657 5458 Plato
2695 5419 2800 5460 non
2835 5405 3095 5472 agnoscit.

1909 5471 2182 5539 Ἐκάστῳ.
2245 5472 2393 5527 Plato
2420 5512 2434 5533 ,
2483 5474 2741 5527 ἑκάστων.
2797 5473 3057 5526 Neutrum
3120 5470 3257 5529 satis
3330 5472 3332 5475 ’

1739 5554 1783 5591 ni
1831 5556 1843 5590 I
1880 5543 2163 5591 Drobatur:
2192 5542 2400 5591 mallem
2428 5544 2646 5591 ἑκάστη.

58 5521 549 5615 assume.
574 5523 626 5615 ν
658 5535 738 5615 es:
764 5526 945 5615 ιιίεεες
1219 5532 1269 5584 in
1296 5521 1605 5615 εαεηοξιεφ.

1880 5521 2400 5615 grandaeuos.
2420 5521 2646 5615 tota:

58 5588 529 5670 quemadmodum
571 5598 623 5644 et
684 5594 744 5670 in_
780 5592 1334 5670 Ficini_versionem,_
1372 5588 1604 5670 irrepsit.

61 5656 297 5738 §iiidam
345 5659 748 5738 φωρ-16η-ηυί
778 5679 899 5738 eum
944 5664 1248 5738 Protagorae
1288 5656 1607 5738 discipulum

57 5725 243 5779 fuisse
268 5726 445 5778 tradit.
479 5725 611 5781 Huic
626 5725 942 5799 xenOphon,
973 5725 1296 5793 Μεηιόωιξι.
1332 5725 1462 5807 ιι,
1484 5737 1606 5806 737,

1783 5606 1856 5677 (7)
1909 5609 2428 5677 Ἐπιγυμνωθέντα.
2470 5606 2659 5667 Ρυτίὃτ
2691 5626 2754 5665 ac
2780 5609 2973 5666 tersior
3011 5606 3251 5665 Platonis

1712 5677 2014 5756 lectio_est,
2036 5677 2165 5756 ἐπεὶ
2208 5680 2552 5756 γυμνωθέντα
2582 5698 2644 5749 γε
2676 5697 2724 5733 τ.
2760 5696 2811 5731 τ.
2848 5697 2907 5749 μ.
2943 5696 2994 5747 χ.
3041 5678 3121 5732 τὰι
3144 5679 3251 5731 τῶν

1714 5755 1967 5810 ποιητων,
1997 5755 2098 5799 etc.
