4002 6340
69 534 210 592 1033

1190 527 1504 581 l‘llAil‘AR.
1546 528 1789 583 EVANG.
1829 529 1951 583 LIB.
1996 528 2101 583 ΧΙΙ.

3123 525 3249 579 1034

65 650 183 706 ἀλλ’
206 648 668 721 ἀμφισῦητοῦντας
693 649 947 701 διατελεῖν
971 647 1213 715 ἀλλήλοις
1232 686 1245 704 ,
1272 646 1362 696 καὶ
1390 660 1604 712 μετατι-

1708 653 1846 705 cent,
1873 659 1992 713 qua:
2023 658 2142 698 cum
2189 642 2240 693 in
2273 650 2494 700 natnrrc,
2528 648 2635 690 tum
2677 639 2727 691 in
2771 640 2900 690 artis
2934 640 3097 690 multo
3137 657 3251 691 nta-

66 740 319 810 θεμένους
344 742 429 793 ἀεὶ
448 741 636 794 ταῦτα·
656 741 691 793 ἃ
716 740 759 792 δ’
776 739 841 793 ἂν
863 737 1195 807 μετάθωνται
1219 736 1309 787 καὶ
1329 736 1473 793 ὅταν,
1496 734 1610 785 τότε

66 830 230 899 κύρια
258 830 458 882 ἕκαστα
477 826 633 890 εἶναι,
665 828 954 897 γιγνόμενα
981 825 1139 894 τέχνῃ
1165 823 1256 875 καὶ
1277 824 1386 884 τοῖς
1412 821 1611 889 νόμοις.

66 921 181 972 ἀλλ’
205 921 265 972 οὐ
285 921 347 990 δή
378 938 479 972 τινι
510 922 684 990 φύσει.
736 919 895 971 Ταῦτ’
924 918 1070 971 ἐστὶν
1089 956 1103 977 ,
1133 909 1179 968 ῶ
1203 913 1343 982 φίλοι
1362 953 1376 974 ,
1404 912 1613 964 ἅπαντα

65 1010 273 1079 ἀνδρῶν
316 1010 490 1077 σοφῶν
529 1010 676 1081 παρά
721 1010 857 1071 νέοις
888 1005 1218 1078 ἀνθρώποις,
1255 1002 1471 1055 ἰδιωτῶν
1502 1001 1611 1068 (15)

66 1100 125 1152 δὲ
147 1104 240 1154 καὶ
261 1101 511 1171 ποιητῶν,
543 1103 852 1170 φασκόντων
878 1096 1012 1151 εἶναι
1042 1098 1102 1150 τὸ
1129 1095 1477 1154 δικαιότατον,
1511 1093 1540 1144 ὃ
1563 1093 1612 1144 τί

66 1209 153 1254 τις
170 1193 233 1245 ἂν
252 1194 375 1262 νικᾷ
395 1192 722 1262 βιαζόμενος.
750 1192 907 1244 Ὅθεν
923 1188 1165 1243 ἀσέϐειαί
1183 1204 1241 1239 τε
1259 1185 1613 1253 ἐμπίπτουσιν

68 1281 369 1352 ἀνθρώποις
410 1282 579 1346 νέοις,
614 1283 690 1345 ὡς
729 1284 826 1335 οὐκ
854 1282 1021 1333 ὄντων
1054 1279 1188 1331 θεῶν
1224 1279 1367 1339 οἴους
1396 1277 1425 1327 ὁ
1455 1276 1613 1343 νόμος

65 1375 391 1444 προστάττει
426 1374 742 1427 διανοεῖσθαι
784 1373 922 1425 δεῖν·
979 1371 1191 1431 στάσεις
1220 1370 1277 1421 δὲ
1308 1368 1393 1420 διά
1423 1366 1610 1428 ταῦτα,

62 1463 327 1516 ἑλκόντων
357 1462 490 1532 πρὸς
519 1463 611 1515 τὸν
641 1461 776 1514 κατά
799 1460 957 1529 φύσιν
986 1460 1095 1528 βίον
1122 1459 1296 1528 ὀρθὸν,
1325 1458 1381 1518 ὃς
1410 1460 1523 1509 ἐστι
1546 1459 1609 1524 τῇ

60 1551 293 1621 ἀληθείᾳ
315 1551 613 1622 κρατοῦντα
631 1551 727 1620 ζῇν
751 1551 858 1603 τῶν
882 1550 1072 1613 ἄλλων,
1095 1551 1184 1601 καὶ
1209 1549 1282 1617 μὴ
1302 1547 1612 1600 δουλεύοντα

64 1644 298 1712 ἑτέροισι
326 1643 463 1696 κατά
477 1644 728 1713 νόμον.-
745 1637 865 1694 Οἶον
878 1643 1208 1712 διελήλυθας,
1224 1636 1269 1693 ὦ
1285 1640 1419 1707 ξένε,
1437 1640 1607 1707 λόγον,

62 1735 164 1787 καὶ
204 1735 334 1802 ὅσην
376 1734 552 1803 λώϐην
593 1732 887 1804 ἀνθρώπων
927 1734 1058 1784 νέων
1085 1732 1314 1801 δημοσίᾳ
1344 1731 1525 1783 πόλεσί
1555 1747 1612 1782 τε

59 1825 163 1877 καὶ
209 1824 352 1887 ίδίοις
393 1824 559 1886 οἴκοις
584 1826 597 1876 l
627 1844 646 1874 ι
695 1825 799 1876 Καὶ
832 1821 948 1892 μεθ’
978 1824 1137 1891 ἕτερά
1169 1838 1361 1891 φησιν·
1402 1840 1421 1872 ι
1457 1820 1612 1873 Ἀλλά

57 1931 127 1982 γε
249 1914 427 1977 πάλιν,
452 1915 572 1982 λέγε
593 1932 701 1983 μοι,
731 1914 966 1974 Κλεινία,
992 1914 1082 1964 καί
1108 1913 1169 1963 σύ
1192 1930 1204 1941 ·
1236 1912 1483 1964 κοινωνὸν
1502 1913 1607 1983 γὰρ

54 2004 145 2057 δεῖ
169 2021 225 2057 σε
247 2001 383 2058 εἶναι
402 2006 508 2057 τῶν
536 2006 703 2071 λόγων
721 2021 733 2034 ’
760 2003 1051 2056 κινδυνεύει
1070 2003 1139 2069 γὰ
1147 2020 1177 2072 ρ
1200 2005 1228 2053 ὁ
1249 2003 1418 2069 λέγων
1442 2002 1608 2054 ταῦτα

58 2097 197 2167 πῦρ,
214 2099 305 2149 καὶ
321 2098 482 2168 ὕδωρ,
508 2099 599 2150 καὶ
625 2097 746 2164 γῆν,
765 2095 856 2148 καὶ
878 2095 1035 2164 ἀέρα,
1060 2094 1247 2164 πρῶτα
1268 2094 1375 2145 τῶν
1397 2094 1609 2145 πάντων

54 2188 310 2257 ἡγεῖσθαι
338 2185 493 2251 εἶναι,
526 2189 617 2239 καὶ
647 2188 744 2257 τὴν
774 2187 933 2254 φύσιν
959 2185 1237 2255 ὀνομάζειν
1258 2184 1425 2238 ταῦτα
1449 2185 1605 2245 αὐτὰ,

54 2278 241 2347 ψυχὴν
266 2278 311 2329 δ’
341 2281 405 2330 ἐκ
435 2277 633 2330 τούτων
662 2276 900 2345 ὕστερον.
952 2277 1131 2327 Ἔοικε
1158 2275 1215 2326 δὲ
1244 2275 1305 2325 ού
1336 2273 1605 2326 κινδυνεύ-

55 2388 143 2422 ειν
164 2409 181 2431 ,
222 2369 334 2422 ἀλλ’
362 2370 527 2433 δντως
573 2370 850 2437 σημαίνειν
884 2370 1053 2421 ταῦτα
1091 2370 1217 2437 ἡμῖν
1246 2365 1323 2435 τῷ
1350 2366 1506 2435 λόγῳ.
1543 2357 1626 2405 -’

55 2460 213 2512 Πάνυ
243 2459 339 2528 μὲν
370 2454 481 2511 οὖν.
499 2455 689 2526 —'Ap‘
710 2454 800 2511 οὖν
829 2460 963 2528 πρὸς
994 2459 1112 2514 Διὸς
1141 2452 1249 2509 οἷον
1279 2459 1455 2526 πηγήν
1489 2473 1605 2508 τινα

53 2551 287 2621 ἀνοήτου
329 2550 483 2621 δόξης
522 2552 893 2621 ἀνευρήκαμεν
919 2549 1246 2618 ἀνθρώπων,
1276 2549 1458 2603 ὁπόσοι
1493 2546 1606 2599 πώ-

52 2658 195 2695 ποτε
225 2641 330 2695 τῶν
373 2643 498 2712 περὶ
530 2641 738 2710 φύσεως
770 2642 1041 2710 ἐφήψαντο
1076 2639 1435 2708 ζητημάτων;
1472 2636 1603 2689 Σκό-

55 2748 155 2783 πει
183 2733 356 2785 πάντα
377 2732 528 2797 λόγον
553 2730 841 2794 ἐξετάζων·
868 2732 928 2782 ού
950 2730 1054 2799 γὰρ
1079 2728 1308 2798 σμικρόν
1329 2745 1391 2794 γε
1410 2727 1469 2779 τὸ
1495 2727 1605 2778 δια-

54 2821 259 2893 φέρον,
290 2823 339 2873 εί
370 2823 581 2888 φανεῖεν
608 2822 656 2873 ot
683 2821 852 2888 λόγων
876 2820 1164 2889 ἁπτόμενοι
1194 2818 1401 2870 ἀσεϐῶν
1432 2817 1605 2878 ἀλλοις

51 2932 119 2967 τε
146 2913 457 2983 ἐξάρχοντες
487 2913 617 2983 μηδὲ
643 2911 701 2966 εὖ
730 2917 839 2976 τοῖς
864 2914 1057 2981 λόγοις,
1090 2912 1202 2964 ἀλλ’
1226 2911 1602 2981 ἐξημαρτημέ-

52 3023 169 3069 νως
192 3003 475 3075 χρώμενοι.
492 3035 557 3045 —
572 3007 725 3058 Δοκεῖ
750 3005 925 3057 τοίνυν
949 3019 1038 3071 μοι
1062 3003 1230 3056 ταῦτα
1249 3002 1418 3065 οὕτως
1440 2999 1600 3071 ἔχειν.

54 3093 137 3150 Εὖ
169 3096 343 3164 λέγεις
364 3137 377 3161 ,
398 3096 510 3150 ἀλλ’
530 3097 635 3166 ὅπη
657 3097 739 3166 δὴ,
762 3095 933 3165 πειρῶ
951 3094 1192 3164 φράζειν.
1215 3125 1282 3133 —-
1306 3095 1485 3146 Ἐοικε
1504 3092 1607 3145 τοί-

55 3207 161 3242 νυν
190 3187 526 3259 ἀηθεστέρων
541 3189 740 3242 ἁπτέον
770 3184 907 3239 εἶναι
932 3186 1153 3254 λόγων.)
1187 3187 1295 3239 Καὶ
1325 3184 1459 3255 μετὰ
1479 3184 1604 3254 βρα-

57 3282 167 3350 χέα
196 3280 427 3347 ἐπιλέγει
445 3298 458 3309 ·
498 3298 518 3330 ι
541 3279 748 3350 Ψυχὴν,
773 3273 819 3332 ὧ
847 3280 1045 3348 ἑταῖρε,
1061 3277 1398 3371 ’ἠγνοηκέναι
1430 3276 1604 3328 κινδυ-
1628 3315 1670 3371 c

56 3371 276 3423 νεύουσι
323 3370 419 3439 μὲν
452 3369 626 3436 ὀλίγου
656 3368 957 3438 ξύμπαντες
980 3407 994 3429 ,
1031 3362 1140 3419 οἷόν
1162 3383 1221 3419 τε
1250 3367 1306 3419 δν
1332 3364 1601 3434 τυγχάνει,

56 3462 157 3512 καὶ
195 3460 415 3527 δύναμιν
444 3459 509 3527 ἣν
537 3458 646 3528 ἔχει
669 3496 684 3519 ,
728 3457 833 3509 τῶν
873 3473 939 3549 τε]
965 3456 1135 3509 ἀλλων
1164 3456 1332 3525 αὐτῆς
1364 3456 1486 3525 πέρι
1515 3455 1605 3507 καὶ

53 3555 123 3623 δὴ
154 3553 250 3605 καὶ
276 3552 533 3620 γενέσεως
570 3552 644 3615 ὼς
676 3554 734 3602 ἐν
772 3546 1003 3621 πρώτοις
1032 3550 1177 3613 ἐστὶ,
1212 3548 1473 3617 σωμάτων
1509 3546 1605 3615 ἒμ-

54 3642 295 3715 προσθεν
335 3643 444 3710 (16)
495 3642 708 3694 πάντων
752 3642 1010 3711 γενομένη
1032 3680 1047 3702 ,
1092 3640 1184 3692 καὶ
1218 3638 1509 3708 μεταϐολῆς
1546 3654 1604 3689 τε

56 3714 244 3788 αὖτῶν
264 3728 356 3787 καὶ
378 3734 827 3803 μετακοσμήσεως
845 3714 1063 3800 ’ἀπάσης
1083 3730 1235 3799 ἄρχει
1259 3728 1455 3790 παντὸς
1483 3727 1606 3796 μᾶλ-

55 3825 173 3876 λον.
227 3824 287 3876 Εί
317 3824 361 3875 δ’
392 3823 503 3875 ἔστι
530 3822 696 3874 ταῦτα
722 3821 888 3884 οὕτως
912 3861 926 3883 ,
956 3816 1041 3889 ἆρ’
1071 3820 1167 3870 οὐκ
1189 3820 1246 3883 ἐξ
1275 3819 1511 3886 ἀνάγκης
1538 3817 1604 3869 τὰ

54 3913 240 3983 ψυχῆς
269 3914 499 3981 συγγενῆ
529 3914 765 3981 πρότερα
791 3910 855 3963 ἂν
875 3909 957 3979 εἴη
982 3908 1236 3977 γεγονότα
1267 3908 1372 3960 τῶν
1396 3908 1603 3977 σώματι

57 4004 441 4073 προσηκόντων
466 4042 479 4063 ,
511 4002 672 4071 οὔσης
696 4019 757 4068 γε
782 4001 949 4070 αὐτῆς
972 3998 1338 4070 πρεσϐυτέρας
1361 4000 1393 4068 ἢ
1426 3998 1605 4068 σώμα-

56 4109 151 4153 τος
172 4109 187 4155 ;
213 4123 279 4131 --
302 4094 560 4162 Ἀνάγκη.
588 4122 655 4133 -——-
677 4091 809 4156 Δόξα
828 4093 890 4161 δὴ
913 4092 1003 4144 καὶ
1025 4090 1319 4159 ἐπιμέλεια,
1344 4090 1436 4141 καὶ
1461 4090 1602 4153 νοῦς,

58 4185 155 4235 καὶ
184 4182 345 4253 τέχνη
370 4222 384 4241 ,
415 4186 507 4237 καὶ
538 4186 726 4253 νόμος,
763 4182 1007 4252 σκληρῶν
1026 4223 1040 4244 ,
1071 4183 1160 4234 καὶ
1190 4181 1441 4249 μαλακῶν
1461 4220 1474 4243 ,
1512 4183 1604 4235 καὶ

60 4272 309 4343 βαρέων,
338 4276 427 4326 καὶ
457 4274 666 4341 κούφων
703 4275 935 4343 πρότερα
961 4273 1025 4324 ἀν
1061 4271 1177 4340 εἴη·
1209 4256 1302 4323 καὶ
1328 4271 1391 4341 δὴ
1419 4273 1510 4322 κα)⁵
1538 4273 1602 4323 τὰ

62 4365 276 4433 μεγάλα
296 4366 387 4416 καὶ
406 4364 590 4433 πρῶτα
612 4366 743 4433 ἔργα
763 4365 855 4417 καὶ
876 4363 1096 4434 πράξεις
1114 4363 1301 4431 τέχνης
1320 4361 1385 4413 ἂν
1407 4362 1604 4427 γίγνοι-

61 4473 144 4516 το,
178 4456 307 4508 ὄντα
347 4459 402 4507 ἐν
428 4454 676 4525 πρώτοις·
703 4456 769 4506 τά
794 4455 848 4506 δὲ
876 4455 1031 4523 φύσει
1064 4455 1156 4506 καὶ
1182 4452 1360 4520 φύσις,
1402 4453 1467 4520 ἢν
1507 4453 1605 4503 οὐκ

60 4544 241 4613 (ρθῶς
266 4544 416 4595 αὐτοὶ
441 4544 549 4612 (17)
583 4543 995 4610 ἐπονομάζωσι,
1029 4544 1213 4594 τούτου
1250 4541 1477 4610 ὕστερα,
1514 4543 1604 4592 καὶ

1714 734 1795 800 gis
1821 734 2252 787 communionem
2276 748 2337 784 ac
2364 732 2666 783 societatem
2701 740 2934 782 \‘nct‘tttr.
2973 730 3132 799 622
3165 731 3253 784 Sic

1714 834 1874 876 totam
1905 824 2067 878 istam
2092 825 2234 893 leges
2255 822 2516 876 condendi
2550 824 2807 874 rationem
2839 822 2906 873 ab
2934 830 3045 873 arte
3073 823 3250 888 potius

1711 930 1870 982 quam
1902 916 1997 968 abs
2036 922 2225 967 natura
2258 914 2543 981 prolicisci,
2573 912 2725 980 cujus
2751 914 2911 965 etiam
2948 913 3252 966 sanctiones

1711 1017 1871 1075 atque
1921 1006 2181 1075 principia
2231 1005 2455 1061 veritate
2495 1016 2825 1060 careant.——
2857 1007 2974 1070 Quo
3038 1017 3090 1058 tu
3151 1006 3251 1059 ista

1713 1098 1997 1151 sensu?—
2021 1097 2183 1160 Deos,
2213 1098 2293 1150 vir
2323 1098 2553 1165 optime,
2588 1099 2638 1149 in
2678 1098 2864 1166 primis
2910 1098 2994 1151 isti
3044 1100 3246 1160 volunt,

1713 1207 1817 1244 non
1844 1191 1955 1260 jam
1989 1202 2201 1252 natura,
2237 1190 2329 1244 sed
2370 1199 2504 1252 arte,
2548 1191 2647 1242 IlOC
2673 1198 2755 1243 est
2799 1189 3000 1257 legilms
3030 1190 3249 1256 quibus-

1710 1283 1832 1335 dam
1863 1283 2140 1341 exsistere,
2161 1281 2402 1350 adeoque
2428 1281 2561 1333 alios
2588 1281 2741 1332 aliter
2766 1296 2823 1333 se
2855 1280 3065 1342 habere,
3093 1291 3247 1345 prout

1713 1372 1850 1424 inter
1879 1387 2016 1437 sese,
2051 1372 2256 1442 legibus
2302 1371 2551 1433 instituti,
2586 1371 2756 1439 magis
2790 1372 3030 1424 minusve
3057 1386 3250 1423 convc-

1712 1465 1879 1517 niant.
1946 1463 2021 1517 Ex
2070 1464 2224 1517 bonis
2269 1463 2550 1523 similiter,
2596 1463 2696 1515 alia
2747 1472 2963 1524 ratura,
3004 1463 3115 1529 lege
3144 1464 3247 1517 alia

1711 1555 1844 1608 lieri.
1889 1553 1995 1607 Res
2034 1564 2209 1607 autem
2242 1554 2436 1621 justas,
2470 1564 2670 1607 natura:
2715 1553 2762 1603 vi
2817 1554 2989 1605 nullas
3029 1556 3250 1606 omnino

1708 1662 1857 1711 esse;
1891 1656 1947 1701 at
1986 1647 2038 1699 in
2090 1647 2156 1700 iis
2203 1646 2516 1700 deﬁniendis
2565 1646 2806 1700 homines
2858 1646 2925 1699 ab
2968 1646 3087 1700 aliis
3115 1646 3248 1699 alios

1710 1746 1963 1804 perpetuo
1991 1736 2295 1797 dissentire,
2330 1751 2572 1803 novaque
2593 1735 2817 1789 subinde
2843 1744 3091 1789 statuere.
3119 1735 3248 1800 Quae

1710 1838 1855 1887 vero,
1886 1834 1939 1877 et
1969 1826 2395 1893 quandocunque
2439 1826 2733 1888 sanxerint,
2782 1842 2844 1880 ea
2894 1836 3004 1879 tum
3033 1828 3245 1881 demum

1709 1915 1905 1976 valere,
1934 1930 2040 1967 non
2066 1916 2249 1982 utique
2278 1924 2487 1976 natura,
2536 1915 2628 1969 sed
2657 1926 2770 1969 arte
2799 1932 2862 1970 ac
2892 1918 3095 1986 legibus
3120 1934 3245 1972 con-

1709 2006 1911 2058 stituta.
1946 2003 2066 2057 "asc
2090 2005 2289 2067 omnia,
2320 2020 2353 2058 ο
2379 2006 2565 2071 amici,
2601 2007 2791 2076 partim
2819 2022 2847 2060 a
2873 2008 3042 2062 doctis
3072 2009 3244 2062 homi-

1709 2097 1889 2157 nibus,
1923 2098 2113 2165 partim
2140 2097 2206 2149 ab
2242 2097 2421 2150 idiotis
2445 2108 2498 2150 et
2526 2098 2694 2166 poetis
2718 2100 2854 2166 apud
2882 2100 3126 2167 iuniores
3158 2116 3245 2154 ce-

1710 2185 2000 2247 lebrantur,
2028 2202 2255 2254 quorum
2301 2202 2399 2239 vox
2442 2202 2504 2241 ea
2544 2189 2845 2243 communis
2872 2200 2972 2251 est,
3004 2191 3247 2258 aequissi-

1709 2292 1853 2330 mum
1885 2277 1935 2329 id
1971 2279 2255 2336 essequod
2285 2294 2373 2346 per
2405 2280 2510 2331 vim
2558 2282 2862 2335 extorseris.
2918 2281 3036 2345 Quo
3069 2284 3124 2334 ﬁt
3145 2322 3158 2343 ,
3189 2291 3249 2336 ut

1702 2364 1941 2432 juniores
1969 2366 2041 2419 illi
2071 2381 2191 2419 cum
2221 2367 2541 2435 impietatem
2574 2368 2850 2433 imbiliant,
2875 2372 3017 2439 quod
3046 2386 3137 2425 eos
3163 2382 3242 2427 ta.

1708 2459 1783 2512 les
1815 2457 1941 2511 deos
1973 2471 2092 2511 esse
2119 2472 2223 2511 non
2261 2460 2499 2521 credant,
2551 2460 2736 2527 quales
2760 2470 2817 2513 ut
2846 2461 3139 2515 habeantur
3166 2463 3242 2518 le-

1706 2550 1860 2616 gibus
1906 2550 2170 2604 sancitum
2202 2559 2283 2603 est
2333 2569 2343 2603 :
2394 2560 2505 2603 tum
2550 2552 2708 2604 etiam
2740 2552 2939 2605 mutuis
2972 2564 3244 2621 propterea

1704 2639 2129 2693 dissensionibus
2171 2639 2430 2705 laborent,
2475 2641 2600 2693 dum
2628 2641 2693 2695 ad
2724 2652 2919 2694 rectam
2957 2645 3115 2696 vitam
3147 2659 3246 2696 na--

1706 2743 1941 2800 turaeque
1981 2740 2393 2784 consentaneam
2442 2732 2745 2800 pertrahere
2792 2742 3073 2795 conantur,
3129 2751 3246 2803 quae

1703 2824 1914 2893 quidem
1957 2824 2059 2876 alia
2088 2838 2270 2878 revera
2302 2837 2407 2876 non
2453 2824 2555 2885 sit,
2589 2839 2748 2893 quam
2784 2836 2841 2877 ut
2866 2826 3134 2894 quomodo
3156 2842 3243 2879 ve-

1704 2932 1819 2969 rum
1850 2917 1971 2979 erit,
2022 2916 2248 2969 aliorum
2281 2913 2532 2966 dominus
2558 2914 2724 2979 vivas,
2760 2930 2859 2970 nec
2886 2916 3004 2969 aliis
3024 2934 3087 2971 ex
3114 2918 3244 2987 legis

1705 3005 2010 3073 prtescripto
2055 3004 2276 3058 servias.
2297 3032 2368 3040 -—
2405 3002 2451 3056 0
2474 3018 2633 3071 quam
2665 3013 2719 3057 tu
2754 3018 2862 3058 rem
2882 3048 2897 3069 ,
2927 3007 2998 3058 mi
3028 3006 3240 3076 hospes,

1703 3110 1973 3165 quamque
2012 3110 2225 3166 gravem
2273 3095 2548 3163 juniorum
2578 3102 2800 3162 pestem,
2829 3110 2951 3150 cum
2984 3098 3035 3149 in
3063 3098 3245 3150 civita—

1704 3187 1847 3240 tibus
1869 3187 2096 3254 publice,
2112 3195 2223 3239 tum
2250 3186 2495 3255 privatim
2518 3188 2661 3241 domi
2687 3197 3015 3257 grassantem
3037 3189 3244 3258 aperui-

1704 3280 1767 3329 sti
1790 3276 1980 3329 li—Et
1998 3277 2183 3345 paucis
2200 3278 2517 3347 quibusdam
2542 3279 2827 3346 interjeetis
2852 3298 2863 3331 :
2895 3278 3140 3344 cVerum,
3164 3282 3245 3332 in-

1704 3364 1838 3433 quit,
1872 3365 1945 3418 mi
1973 3364 2165 3426 Clinia,
2209 3365 2312 3417 hoc
2356 3379 2569 3420 rursum
2599 3366 2729 3418 mihi
2760 3366 3039 3433 responde,
3070 3376 3241 3420 tecum

1703 3453 1843 3506 enim
1869 3454 2101 3505 rationes
2130 3454 2243 3507 ista:
2266 3453 2652 3507 communicari
2684 3453 2897 3507 debent.
2941 3453 3125 3508 Nonne
3151 3458 3243 3525 qui

1705 3543 1775 3593 ita
1800 3541 2068 3609 loquatur,
2105 3540 2152 3593 is
2175 3548 2407 3608 quatuor
2431 3542 2517 3594 illa
2547 3542 2745 3613 ignem,
2776 3558 2990 3611 aquam,
3021 3554 3242 3611 terram,

1704 3648 1903 3696 aerem,
1929 3633 2169 3688 omnium
2192 3634 2415 3686 omnino
2442 3634 2610 3701 prima
2637 3642 2902 3702 statuere,
2928 3636 3112 3690 eadem
3146 3653 3244 3697 na-

1706 3731 1879 3775 turam
1901 3722 2186 3791 appellare.
2241 3721 2582 3790 animamque
2600 3722 2866 3789 posterius
2890 3738 2955 3777 ex
2982 3723 3087 3777 illis
3114 3706 3243 3793 ipsis

1705 3813 1936 3867 conﬂare
1956 3812 2234 3867 videatur?
2263 3810 2579 3880 Quanquam
2604 3826 2708 3865 non
2733 3812 2939 3867 videtur
2958 3826 3099 3869 certe
3118 3818 3242 3885 qui-

1704 3904 1846 3965 dem,
1881 3915 2064 3957 verum
2092 3901 2249 3955 nobis
2280 3901 2331 3954 id
2361 3900 2515 3969 plane
2544 3902 2644 3955 hoc
2681 3901 2926 3972 loquendi
2958 3919 3147 3973 genere
3169 3907 3245 3958 si-

1703 3991 1936 4061 gniﬁcat.
1963 4018 2032 4029 —
2061 3987 2136 4043 Ita
2185 4003 2427 4057 prorsus.
2454 4019 2521 4027 —
2546 3988 2793 4059 Nunquid
2833 3992 2992 4061 igitur
3038 3993 3243 4046 stolida:

1705 4080 1979 4135 hominum
2012 4094 2197 4133 eorum
2225 4078 2493 4147 opinionis
2514 4082 2795 4147 quemdam
2835 4080 2988 4147 quasi
3041 4080 3241 4135 fontem

1702 4170 2019 4239 reperimus,
2067 4170 2158 4238 qui
2202 4184 2381 4222 rerum
2436 4168 2754 4221 naturalium
2797 4170 3117 4235 questiones
3143 4185 3242 4221 un-

1704 4276 1865 4329 quam
1897 4259 2195 4334 attigerint?
2243 4260 2320 4311 Ac
2347 4259 2475 4312 mihi
2496 4296 2511 4321 ,
2544 4272 2759 4326 quaeso,
2786 4274 2893 4312 rem
2926 4268 3087 4313 totam
3119 4258 3242 4314 dili-

1702 4352 1913 4421 gentius
1938 4349 2236 4405 considera.
2276 4346 2385 4402 Nec
2411 4348 2555 4401 enim
2586 4363 2772 4417 parum
2803 4350 3044 4413 interest,
3068 4352 3113 4405 si
3146 4354 3238 4420 qui

1702 4446 1756 4491 et
1787 4438 1927 4491 hanc
1947 4435 2235 4504 impietatis
2264 4434 2561 4489 doctrinam
2591 4444 2861 4489 sectantur
2885 4438 3006 4506 ipsi,
3033 4448 3090 4494 et
3120 4438 3239 4493 aliis

1701 4527 1939 4595 ejusdem
1963 4534 2212 4580 auctores
2238 4540 2357 4579 sese
2379 4526 2729 4593 doctoresque
2770 4526 3084 4595 proﬁtentur
3101 4566 3117 4588 ,
3141 4542 3239 4583 eos

56 4633 337 4702 ἀρχόμενα
362 4630 425 4684 ἂν
449 4633 511 4684 ἐκ
535 4632 726 4700 τέχνης
745 4631 827 4699 εἴη
855 4632 947 4683 καὶ
970 4630 1080 4682 νοῦ.
1115 4662 1183 4670 -
1214 4630 1335 4691 Πῶς
1357 4646 1369 4693 ;
1395 4660 1459 4667 ——
1492 4630 1600 4680 Οὐκ

1706 4628 1809 4666 non
1834 4624 1977 4668 recte
2015 4614 2129 4668 suis
2160 4615 2266 4669 illis
2291 4615 2615 4683 argumentis
2634 4653 2647 4674 ,
2681 4625 2732 4667 at
2766 4630 3039 4683 perperam
3068 4616 3235 4679 abuti,

56 4722 238 4791 ὀρθῶς
284 4722 439 4790 φύσιν
484 4722 751 4790 βούλονται
782 4721 955 4788 λέγειν
986 4724 1193 4788 γένεσιν
1244 4724 1338 4792 τὴν
1382 4724 1505 4793 περὶ
1536 4722 1603 4773 τά

60 4811 278 4881 πρῶτα.
310 4812 373 4865 Et
401 4812 458 4865 δέ
495 4814 786 4881 φανήσεται
813 4812 955 4881 ψυχὴ
981 4812 1211 4882 πρῶτον,
1241 4815 1301 4865 ού
1330 4813 1458 4883 πῦρ,
1486 4812 1601 4864 ούδέ

59 4902 203 4970 ἀὴρ,
238 4899 383 4970 ψυχὴ
406 4902 451 4953 δ’
480 4904 535 4954 ἐν
592 4901 822 4971 πρώτοις
852 4902 961 4970 (18)
992 4905 1327 4972 γεγενημένη
1353 4943 1366 4963 ,
1424 4901 1603 4971 σχεδόν

58 4990 329 5058 ὀρθότατα
376 4990 565 5056 λέγοιτ’
616 4991 681 5042 ἀν
728 4985 863 5042 εἶναι
894 4990 1249 5060 διαφερόντως
1282 4992 1437 5057 φύσει
1470 4990 1599 5057 (19).

60 5246 362 5316 intellexit;
390 5246 544 5301 vertit
566 5248 708 5300 enim
728 5257 933 5316 ,iproat
966 5247 1158 5316 singuli
1188 5262 1356 5299 secum
1385 5264 1603 5301 consen-

65 5317 253 5369 tiam
282 5314 387 5384 lege
412 5326 715 5385 sanxerunt.
752 5315 968 5372 Rectius
996 5314 1162 5385 multo
1205 5317 1272 5369 de
1314 5316 1417 5369 diis
1449 5320 1602 5385 ipsis,

66 5400 168 5453 pro
193 5385 373 5453 legum
399 5384 710 5439 diversitate
725 5385 977 5449 diversis,
1013 5384 1296 5452 intelligas.

138 5473 255 5542 (15)
304 5470 574 5542 Ἰόιωτῶν,
614 5470 790 5536 Quare
820 5470 1038 5527 Ficinus
1082 5470 1292 5531 ίδιιίιτας
1326 5471 1602 5537 scriptores

68 5540 315 5603 verterit,
346 5557 453 5595 non
485 5540 692 5595 video.’
724 5542 758 5557 ”

139 5628 253 5699 (ιο)
304 5628 588 5698 Σωμάτων
625 5630 973 5699 ἔμπροσθεν.
1034 5627 1601 5699 Ποεᾉειςειιωοῃιυιη,

68 5694 184 5768 quo
204 5694 509 5768 animorum
538 5694 992 5768 immortalitatem
1034 5694 1336 5760 concludit,
1386 5696 1604 5748 uberius

70 5765 126 5819 in
154 5766 417 5821 Phcdone
440 5765 798 5837 persequitur.

141 5855 255 5926 (17)
306 5855 507 5926 Ὀρθῶς
534 5856 703 5926 αὐτοί
718 5894 753 5926 ,Α
772 5864 881 5926 etc1
905 5852 1056 5926 Plato
1084 5855 1194 5909 haec
1226 5855 1297 5907 ita
1326 5846 1483 5926 legit,
1514 5851 1605 5921 ὀρ⁴

141 5870 255 5926 (Π)
310 5870 507 5922 υρσως
534 5870 697 5909 autat
718 5894 733 5917 ,
772 5870 874 5908 etc.
907 5870 1056 5906 rtaw
1084 5870 1194 5909 nare
1226 5870 1297 5907 tta
1328 5870 1375 5906 te
1414 5870 1483 5913 ιι,
1514 5870 1604 5921 ορ⁴

73 5921 178 5987 θῶς
206 5923 620 5995 ἐπονομάζουσιν
643 5924 769 5976 αὐτὸ
795 5923 966 5985 τοῦτο,
998 5922 1211 5994 ὕστερα,
1232 5933 1334 5979 etc.
1364 5870 1492 5988 δαῖε
1518 5938 1604 5973 ve-

462 6017 727 6076 Panos.
767 6015 883 6075 Gn.
922 6020 1086 6076 XXI.

1703 4705 1921 4775 fallique
1953 4706 2268 4761 constiterit.
2299 4734 2356 4746 —
2398 4703 2524 4757 Mihi
2566 4707 2777 4773 quidem
2824 4707 3025 4759 videtur
3056 4706 3127 4759 ita
3152 4721 3238 4763 res

1702 4798 1915 4851 habere.
1957 4797 2023 4851 Et
2061 4797 2190 4850 mihi
2220 4811 2430 4865 quoque
2473 4812 2581 4850 rem
2614 4800 2821 4865 probas.
2882 4796 2994 4857 Sed
3036 4813 3130 4866 age
3159 4806 3239 4851 ta-

1703 4902 1845 4949 men,
1878 4901 2102 4956 eamque
2147 4886 2303 4941 nobis
2353 4886 2550 4940 clarius
2594 4887 2639 4940 si
2681 4896 2829 4954 potes
2869 4885 3138 4953 eloquere.
3169 4916 3237 4925 ——

1704 4977 1769 5030 At
1819 4976 2217 5032 insolentiorem
2268 4976 2399 5029 mihi
2454 4977 2865 5044 disputationem
2923 4976 3172 5043 imponis.
3215 4997 3231 5026 ι

1706 5234 1814 5284 rior
1838 5232 2117 5297 lectionest.
2147 5227 2286 5283 Sane
2315 5229 2453 5297 apud
2484 5226 2770 5280 Eusebiqu
2802 5204 2987 5278 τούτου
3015 5226 3232 5294 saepe,

1705 5303 1758 5353 in
1779 5299 1975 5352 τούτων
1998 5295 2192 5367 ὕστερα
2221 5295 2533 5352 mutandum
2560 5305 2721 5349 esset.

1773 5410 1883 5480 (l8)
1926 5408 2096 5476 Ψυχὴ
2132 5408 2182 5480 δ’
2222 5408 2290 5459 ἐν
2325 5404 2589 5480 πρώτοις.
2632 5402 3232 5480 ιξιοιοηίυατοόυοάοη-

1705 5474 1791 5535 ιίέ
1821 5474 1934 5539 est,
1976 5474 2095 5544 quae
2135 5479 2187 5529 in
2220 5476 2567 5544 sequentibus
2599 5475 2757 5544 etiam
2790 5474 3024 5544 eernitgr
3045 5512 3060 5535 ,
3110 5487 3229 5544 cum

1704 5548 1849 5603 addit
1876 5537 2140 5616 tvjomv
2165 5561 2245 5616 τις
2270 5537 2501 5616 ariete“
2532 5541 2899 5616 πρεσϐυτέραν
2928 5537 3090 5616 οὖσαν

1706 5634 1889 5689 ματος.
1926 5610 2005 5668 'l‘u
2028 5610 2116 5678 ,"s't
2151 5614 2320 5681 placet
2345 5654 2360 5677 ,
2388 5610 2589 5669 Graeca
2617 5628 2739 5666 cum
2788 5610 2955 5664 Ficini
2989 5610 3231 5663 versione

1704 5700 1981 5754 compone.

1771 5776 1877 5844 (19)
1916 5774 2305 5844 summac
2334 5774 2542 5843 φύσει,
2593 5782 2695 5829 etc.
2742 5767 3099 5844 corrigendus
3145 5769 3231 5844 hic

1702 5837 2207 5929 ex'Plautone'locus,
2232 5837 2580 5929 apu‘dJ‘quem
2613 5844 2691 5929 ita.
2714 5837 3230 5929 ίεςίιῌυτζιδιαφερόν-

1704 5930 1809 5976 τως
1832 5953 1846 5977 ,
1875 5912 2135 5981 ὄτιηύσει
2161 5911 2328 5968 ταῦτά
2349 5910 2455 5964 ἐσθ’
2476 5910 2642 5973 οὕτως
2668 5910 2873 5977 ἔχοντα,
2900 5917 3003 5959 etc.

2903 5995 2977 6055 33
