4004 6342
836 427 966 480 {035
1399 494 1403 505 Ι
1482 420 1736 478 EUSEBII
1768 419 2231 477 CJESARIENSIS
2256 421 2397 476 OPP.
2433 421 2606 476 PARS
2637 422 2694 476 ll.
2738 451 2804 463 -
2842 377 3326 480 APOLOGETICA.
3854 424 3946 479 1036

773 604 777 606 Ἴ
811 541 1130 611 ﬁctumque
1158 550 1272 609 post
1300 555 1489 609 pauca,
1533 559 1546 588 ι
1582 538 1855 601 Videntur,
1890 539 2078 606 inquit.
2107 554 2137 590 ι)
2169 539 2355 602 amice,

2459 539 2618 592 Ταῦτ’
2668 539 2775 592 ἔσθ’
2810 540 2978 604 οὕτως
3023 542 3240 612 ἔχοντα,
3285 542 3349 596 ἂν
3396 543 3571 613 ψυχήν
3626 561 3710 605 τις
3758 545 3952 617 ἐπιδείξῃ

829 633 1065 702 plerique
1093 648 1277 686 omnes
1303 634 1593 700 ignorasse,
1622 626 1730 682 tum
1759 630 1884 697 quid
1910 630 2086 682 anima
2112 631 2179 684 sit
2198 671 2210 692 ,
2245 639 2353 684 tum

2461 627 2820 699 πρεσϐυτέραν
2865 626 3023 684 οὖσαν
3062 631 3324 701 σώματος,
3373 633 3949 703 ammoniacum.—

833 739 965 791 quas
1008 724 1119 792 ipsa
1161 725 1300 776 vires
1342 723 1551 782 habeat,
1602 735 1699 773 nec
1724 721 1774 772 in
1810 721 2015 783 caneris
2048 720 2208 774 modo
2237 735 2355 788 quae

2470 720 2820 788 ’Λληθέστατα
2839 720 3028 788 λέγεις.

833 819 946 884 ejus
969 818 1178 886 prepria
1204 825 1560 878 sunt,rverum
1593 809 1749 865 etiam
1780 814 1829 865 in
1863 813 2095 880 ejusdem
2156 820 2274 866 ortu
2339 812 2574 880 hospites
2640 828 2702 866 ac
2738 815 2999 882 peregrini
3037 813 3224 880 fuisse,
3254 814 3412 886 623
3435 829 3558 869 cum
3583 829 3703 868 eam
3737 825 3792 869 et
3820 815 3869 869 in
3894 832 3950 868 rc-

833 924 949 979 rum
992 909 1286 976 principum
1345 921 1585 966 numero,
1629 914 1681 958 et
1714 905 2025 972 corporibus
2054 905 2301 960 omnibus
2358 905 2609 973 priorem,
2639 907 2874 976 adeoque
2908 923 3016 976 pra:
3055 909 3261 964 exteris
3303 925 3518 965 causam
3562 911 3670 964 illis
3708 925 3772 964 ac
3797 910 3952 964 ionica

833 1001 1143 1053 mutationis
1183 999 1357 1051 omnis
1404 1012 1472 1049 ac
1517 996 1838 1050 diversitatis
1883 1010 2000 1049 esse
2055 995 2356 1049 nescierint.
2396 993 2546 1060 Quod
2573 996 2787 1064 quidem
2828 998 2874 1053 si
2912 1013 3094 1052 verum
3143 1009 3258 1062 est,
3286 1015 3462 1054 nonne
3517 1003 3780 1056 continuo
3820 1005 3953 1070 sequi-

831 1101 935 1150 tur,
968 1098 1024 1142 ut
1054 1102 1172 1156 quae
1204 1087 1267 1140 ad
1300 1086 1490 1138 animm
1540 1085 1794 1137 rationem
1848 1085 2129 1152 pertinent,
2190 1082 2398 1149 eadem,
2437 1091 2495 1136 ut
2545 1099 2768 1153 corpore
2814 1089 3079 1156 antiquior
3117 1090 3290 1142 anima
3317 1101 3431 1156 est,
3464 1092 3541 1145 sic
3583 1091 3839 1144 omnibus
3873 1106 3955 1158 qu:

833 1181 1046 1247 corpori
1073 1179 1400 1242 tribuuntur,
1416 1177 1717 1230 necessario
1746 1175 1921 1243 priora
1956 1175 2368 1230 babeantur?-—
2403 1174 2632 1231 Omnino
2683 1170 2941 1247 sequitur.
2963 1209 3032 1221 —
3056 1179 3216 1251 Igitur
3263 1184 3459 1251 opinio,
3499 1199 3649 1244 cura,
3683 1197 3856 1247 mens,
3877 1199 3954 1238 ars.

833 1281 989 1337 atque
1034 1269 1137 1332 lex,
1165 1267 1314 1322 duris
1355 1277 1408 1320 et
1447 1267 1733 1328 mollibus,
1770 1267 2017 1334 gravibus
2060 1275 2112 1320 et
2158 1267 2359 1321 levibus
2397 1268 2601 1334 priores
2659 1269 2765 1322 sint
2819 1281 3042 1340 oportet.
3086 1272 3196 1327 Imo
3228 1257 3385 1328 etiam
3421 1289 3614 1343 magna
3666 1275 3756 1328 illa
3801 1274 3956 1343 prim-

837 1375 938 1428 que
971 1372 1180 1431 opera,_
1199 1358 1513 1427 similesque
1563 1357 1838 1420 actiones,
1871 1356 1933 1408 ad
1972 1363 2136 1410 artem
2173 1357 2490 1419 referentur,
2552 1366 2813 1426 quotquot
2858 1362 3152 1428 primorum
3197 1363 3249 1414 in
3289 1363 3460 1417 classe
3494 1378 3557 1417 ac
3617 1379 3845 1418 numero
3867 1378 3957 1416 cca.

796 1450 1103 1504 vsebantur.
1146 1444 1275 1512 Qua:
1293 1460 1420 1500 vero
1476 1455 1663 1498 natura
1720 1446 1875 1509 liunt,
1921 1443 2144 1512 ipsaque
2189 1443 2320 1497 adeo
2375 1455 2561 1498 natura
2599 1445 2790 1514 (quam
2839 1436 3073 1516 quidem
3101 1449 3188 1504 isti
3232 1433 3508 1520 perperam
3561 1453 3668 1509 hoc
3735 1457 3959 1526 appellant

836 1545 1066 1608 nomine)
1115 1541 1371 1611 posterior
1412 1539 1517 1593 illis
1557 1537 1738 1600 fuerit,
1773 1546 1932 1605 atque
1962 1537 2028 1595 ab
2079 1545 2192 1590 arte
2224 1537 2381 1591 simul
2420 1553 2482 1591 ac
2545 1549 2720 1593 mente
2761 1540 2968 1594 initium
3019 1542 3232 1611 aliquod
3270 1544 3530 1599 habuerit.
3560 1577 3631 1588 —
3657 1545 3761 1613 Qui
3787 1553 3958 1604 tandem

836 1633 1006 1687 istuc?
1032 1662 1096 1671 ——
1125 1629 1342 1697 Nempe,
1376 1638 1621 1681 naturam
1677 1627 1783 1690 isti,
1836 1627 2225 1695 generationem
2252 1628 2437 1695 primis
2487 1629 2538 1682 in
2597 1629 2754 1684 rebus
2792 1639 3090 1685 versantem
3135 1632 3236 1687 dici
3289 1643 3550 1702 oportere,
3576 1651 3686 1691 non
3740 1640 3959 1694 ποιέοι.

835 1716 1067 1783 tendunt.
1111 1719 1267 1787 Atqui
1311 1717 1354 1771 si
1402 1718 1656 1782 animam,
1690 1726 1780 1770 aut
1812 1716 2078 1784 primam',
2110 1725 2201 1770 aut
2241 1725 2382 1771 certe
2418 1732 2538 1771 cum
2591 1719 2795 1787 primis,
2824 1733 2929 1774 non
2981 1720 3154 1790 ignem
3179 1722 3258 1775 vel
3282 1737 3475 1790 aerem,
3521 1735 3702 1781 natam
3726 1743 3845 1783 esse
3867 1745 3960 1784 coa-

831 1815 1053 1875 stitent;
1119 1810 1273 1864 simul
1315 1810 1477 1864 etiam
1528 1809 1726 1877 optime
1770 1824 1830 1862 ac
1866 1810 2134 1878 praecipuo
2197 1809 2424 1876 quodam
2473 1810 2592 1878 jure
2633 1812 2861 1877 dicatur,
2915 1813 3033 1867 illas
3080 1814 3221 1882 ipsas
3265 1823 3467 1871 natura:
3498 1818 3547 1871 vi
3576 1820 3892 1887 consistere;
3927 1829 3962 1886 ti

830 1912 990 1964 modo
1043 1919 1275 1958 animam
1329 1916 1554 1971 corpore
1597 1901 1959 1971 antiquiorem
2036 1916 2154 1956 esse
2199 1903 2582 1957 demonstraris
2635 1921 2649 1958 :

833 2000 1028 2066 qneris.
1064 2016 1081 2046 ι

1421 2086 1638 2141 CAPUT
1677 2087 1756 2140 Ll.

959 2175 1395 2241 Quemadmodum
1431 2173 1580 2227 Plato
1613 2175 1675 2226 de
1702 2174 1804 2227 Deo
1828 2175 2226 2242 philosophetur.

906 2289 919 2317 ι
955 2270 1062 2338 Age
1101 2281 1244 2334 ergo,
1287 2265 1455 2332 inquit
1488 2265 1652 2327 Plato,
1686 2264 1729 2316 si
1773 2262 1910 2318 Deus
1940 2264 2093 2318 nobis
2123 2277 2354 2332 unquam

831 2359 1152 2413 invocandns
1195 2356 1312 2418 fuit,
1349 2370 1489 2408 nunc
1529 2354 1744 2423 quidem
1794 2355 1843 2407 id
1887 2355 2106 2408 omnino
2154 2353 2355 2408 facien-

828 2453 972 2502 dum.
1009 2449 1189 2516 Itaque
1215 2448 1352 2498 hanc
1383 2446 1446 2498 ad
1473 2445 1905 2513 disputationem,
1941 2456 2059 2511 quae
2088 2451 2196 2496 tota
2233 2443 2356 2496 deo-

829 2556 944 2593 rum
977 2549 1076 2600 est,
1108 2544 1286 2605 utpote
1314 2551 1414 2601 qua
1443 2535 1559 2589 illos
1593 2548 1708 2588 esse
1749 2533 2208 2586 demonstrandum
2240 2548 2357 2586 sus-

830 2630 1073 2696 cipimus,
1134 2640 1316 2679 eorum
1361 2639 1510 2692 opem
1559 2625 1701 2677 omni
1746 2624 1920 2677 studio
1965 2625 2352 2693 imploremus:

830 2719 1093 2784 simulque
1124 2725 1333 2784 arrepto
1372 2715 1470 2769 hoc
1502 2723 1751 2782 tanquam
1777 2723 1923 2767 certo
1950 2715 2177 2782 quodam
2205 2729 2355 2768 secu—

830 2823 992 2874 roque
1035 2806 1158 2858 fune
1179 2846 1191 2868 ,
1228 2804 1551 2872 propositum
1586 2803 1738 2855 nobis
1765 2815 2061 2854 sermonem
2093 2800 2353 2854 ineamus.

829 2898 902 2950 Ac
931 2895 1056 2948 mihi
1091 2895 1299 2962 quidem
1332 2894 1429 2945 hoc
1459 2893 1508 2943 in
1538 2904 1748 2959 genere,
1781 2889 2064 2942 admodum
2101 2889 2357 2957 probatur

829 3003 887 3038 ea
924 2985 1076 3049 ratio,
1107 2992 1165 3035 ut
1188 2982 1404 3050 perinde
1435 2996 1496 3034 ac
1522 2981 1566 3033 si
1601 2979 1721 3047 quis
1747 2993 1831 3036 me
1859 2978 2016 3033 certis
2040 2979 2355 3047 quibusdam

831 3073 1328 3142 interrogationibus
1359 3078 1754 3138 percunctetur,
1803 3068 1880 3121 sie
1919 3067 2152 3121 vicissim
2189 3067 2234 3120 ei
2272 3081 2355 3120 rc-

832 3165 1134 3234 spondcam,
1168 3164 1308 3214 hunc
1333 3161 1384 3213 in
1415 3160 1649 3212 modum.
1687 3156 1895 3220 Utrum,
1933 3155 2007 3208 mi
2035 3156 2223 3223 hospes
2250 3160 2358 3222 (ro-

829 3268 914 3327 get
941 3272 1023 3308 me
1056 3251 1363 3323 quispiam),
1396 3251 1466 3304 ita
1493 3248 1794 3303 consistunt
1823 3246 2021 3310 omnia,
2055 3254 2115 3299 ut
2142 3260 2352 3298 movea-

832 3360 914 3402 tur
943 3349 1101 3408 nihil;
1138 3361 1203 3398 an
1241 3343 1456 3397 omnino
1505 3339 1697 3395 secus?
1750 3338 1827 3390 An
1862 3337 2039 3405 potius
2080 3347 2356 3390 moventur

2707 1919 2862 1959 secus
2911 1920 3065 1985 vero,
3131 1921 3422 1977 nunquam.
3451 1939 3519 1949 —
3555 1908 3849 1968 Verissime
3906 1915 3960 1967 lo-

2937 2091 3314 2145 ΚΕΦΑΛΔΙΟΝ
3349 2093 3438 2144 ΝΑ
3451 2099 3484 2143 ’.

2471 2179 2564 2241 Ὠς
2587 2181 2618 2231 ό
2639 2180 2880 2233 Πλάτων
2901 2180 3004 2232 τὸν
3031 2182 3157 2249 περὶ
3180 2182 3323 2235 Θεοῦ
3350 2179 3774 2241 κατασκευάζει
3796 2183 3955 2250 λάτον.

2508 2317 2511 2319 ,
2534 2287 2551 2318 ι
2575 2271 2704 2335 Ἀγε
2723 2270 2784 2338 δὴ
2814 2271 2922 2339 (ω)
2950 2271 3078 2324 Θεὸν
3103 2271 3210 2342 (21)
3237 2272 3428 2324 εἴποτε
3449 2271 3827 2343 παρακλητέον
3845 2273 3959 2341 ἡμῖν.

2460 2356 2550 2409 νῦν
2574 2356 2708 2410 ἔστω
2734 2358 2886 2411 τοῦτο
2909 2357 3049 2412 οὕτω
3071 2361 3347 2430 γενόμενον
3357 2371 3378 2391 ⁸·
3404 2362 3496 2413 ἐπί
3523 2378 3588 2428 γε
3612 2361 3875 2423 ἀπόδειξιν
3893 2361 3960 2427 τὴν

2461 2448 2631 2500 αὐτῶν
2653 2485 2668 2509 ,
2713 2446 2786 2510 ὡς
2818 2449 2920 2500 εἰσὶ
2947 2488 2962 2512 ,
2997 2448 3192 2518 σπουδῇ
3227 2451 3370 2520 πάσῃ
3399 2449 3834 2520 παρακεκλήσθω
3861 2449 3959 2516 (19)..

2472 2535 2740 2606 Ἐχόμενοι
2763 2535 2817 2586 δέ
2845 2535 2954 2605 (23)
2981 2535 3054 2598 ὦς
3077 2553 3215 2598 τινος
3247 2536 3510 2604 ἀσφαλοῦς
3535 2537 3855 2607 πείσματος,
3877 2539 3962 2587 ἐτη.-

2460 2625 2723 2694 6αίνωμεν
2747 2626 2821 2687 εἰς
2843 2624 2932 2676 τὸν
2952 2623 3046 2676 νῦν
3068 2625 3238 2691 λόγον.
3267 2625 3372 2678 Καί
3397 2641 3484 2697 μοι
3505 2625 3848 2694 ἐλεγχομένῳ
3870 2626 3964 2691 api

2458 2712 2523 2765 τὰ
2543 2711 2776 2771 τοιαῦτα,
2803 2713 3094 2780 ἐρωτήσεσι
3121 2714 3344 2765 τοιαῖσδε
3366 2713 3745 2781 ἀσφαλέστατα
3773 2712 3962 2780 ἀποκρί-

2459 2800 2637 2852 νεσθαι
2664 2800 2904 2866 φαίνεται
2933 2800 3068 2852 κατὰ
3093 2801 3213 2853 τάδε
3232 2802 3337 2870 (24)
3357 2818 3370 2831 ’
3402 2798 3469 2854 Ὦ
3502 2802 3619 2867 ξένε
3640 2840 3654 2864 ,
3687 2803 3882 2855 ὁπόταν
3909 2801 3961 2866 qi-

2458 2906 2574 2954 τις,
2611 2885 2717 2958 ἆρα
2746 2889 2936 2959 ἕστηκε
2974 2890 3068 2958 μὲν
3098 2889 3303 2953 πάντα,
3345 2895 3568 2943 κινεῖται
3617 2892 3675 2944 δὲ
3727 2891 3869 2944 οὐδὲν
3891 2932 3902 2952 ,
3941 2891 3962 2955 ἦ

2460 2979 2624 3047 τούτῳ
2651 2980 2755 3030 πᾶν
2782 2978 3110 3042 τούναντίονς
3143 2978 3176 3047 ἢ
3209 2978 3276 3031 τὰ
3307 2979 3602 3048 μέναὺτῶν
3635 2984 3893 3040 κινεῖται,
3917 2975 3962 3030 τὸ

2458 3069 2513 3124 δὲ
2551 3069 2728 3138 μένεις
2767 3068 2845 3120 Τὰ
2875 3068 2968 3137 μὲν
3000 3066 3222 3120 κινεῖται
3246 3083 3346 3118 που
3368 3106 3382 3131 ,
3417 3069 3569 3135 φήσω
3591 3107 3606 3129 .
3636 3070 3708 3120 τὰ
3741 3069 3800 3122 δὲ
3831 3068 3950 3138 μένει

2458 3191 2524 3200 —
2547 3160 2674 3213 Μῶν
2700 3155 2789 3227 οὖν
2819 3160 2914 3211 οὐκ
2944 3160 3001 3210 ἐν
3028 3157 3177 3229 χώρᾳ
3205 3158 3309 3211 τινὶ
3335 3158 3403 3210 τά
3432 3175 3491 3211 τε
3536 3159 3757 3213 ἑστῶτα
3781 3161 3965 3229 ἕστηκε.

2459 3251 2549 3301 καὶ
2586 3249 2653 3301 τὰ
2683 3250 2970 3318 κινούμενα
2995 3250 3247 3313 κινεῖται;
3280 3279 3347 3288 --
3374 3248 3493 3310 Πῶς
3527 3251 3634 3318 γὰρ
3659 3248 3768 3314 ob;
3801 3280 3865 3290 -—
3887 3248 3965 3301 Καὶ

2457 3338 2524 3391 τὰ
2553 3340 2648 3408 μέν
2679 3355 2741 3405 γε
2769 3342 2824 3390 ἐν
2861 3340 2956 3408 μιᾷ
2981 3337 3108 3407 ἕδρᾳ
3138 3355 3236 3390 που
3269 3337 3420 3390 τοῦτο
3449 3339 3515 3392 ἂν
3547 3339 3695 3410 δρῴη
3722 3380 3738 3402 ,
3770 3341 3836 3392 τὰ
3861 3338 3907 3389 δὲ
3927 3341 3965 3388 ἓν

830 3439 953 3498 alia,
989 3437 1088 3488 alia
1119 3432 1432 3501 quiescunt?
1488 3429 1587 3483 Cui
1619 3444 1745 3498 ego,
1793 3427 2088 3491 Hoventur,
2122 3427 2356 3494 inquam,

2462 3429 2681 3481 πλείοσι.
2747 3429 2826 3480 Τὰ
2856 3429 2950 3497 τὴν
2977 3429 3080 3483 τῶν
3123 3427 3361 3481 ἑστώτων
3392 3430 3447 3480 ἐν
3479 3428 3625 3497 μέσῳ
3653 3427 3968 3496 λαμϐάνοντι

833 3528 951 3587 alia,
984 3525 1081 3597 alia
1113 3523 1484 3591 quiescunt.-
1515 3518 1756 3584 Nunquid
1777 3518 1935 3588 igitur
1962 3524 2106 3570 certo
2133 3517 2359 3584 quodam

832 3619 882 3667 in
914 3616 1046 3674 loco,
1070 3613 1148 3664 vel
1171 3613 1449 3679 quiescunt
1479 3610 1586 3672 illa,
1615 3609 1695 3662 vel
1724 3615 2002 3661 moventur
2019 3604 2362 3657 ?——Plane.-—

830 3706 894 3757 Et
922 3705 1022 3756 alia
1055 3702 1262 3770 quidem
1293 3702 1342 3753 in
1371 3716 1471 3752 una
1492 3700 1665 3768 aliqua
1696 3698 1820 3755 sede
1854 3697 1903 3749 id
1933 3695 2151 3760 faciunt,
2179 3695 2279 3746 alia
2309 3695 2358 3745 in
2393 3693 2400 3699 ’

829 3795 1086 3865 pluribus.
1126 3790 1240 3843 Vin‘
1286 3801 1361 3852 tu,
1404 3791 1644 3858 inquam,
1675 3802 1780 3840 uno
1807 3788 1859 3839 in
1897 3776 2012 3838 loco
2040 3800 2099 3838 ea
2141 3783 2358 3846 moveri,

829 3902 945 3954 quae
975 3881 1375 3938 consistentium
1411 3882 1461 3932 in
1501 3880 1675 3933 medio
1700 3878 1805 3930 vim
1851 3878 2213 3942 rationemque
2248 3888 2362 3926 sor-

831 3979 1063 4038 tiuntur;
1095 3987 1201 4040 quo
1229 3972 1386 4024 modo
1414 3970 1754 4031 circulorum,
1789 3981 1922 4035 quos
1947 3975 2085 4020 stare
2112 3963 2356 4025 dicimus,

829 4069 997 4138 624,
1017 4067 1290 4121 conversio
1322 4061 1931 4130 volvitur?-—-Equidem,
1960 4058 2182 4125 inquit.»
2223 4055 2356 4108 Tum

832 4157 1116 4222 interiectis
1155 4154 1471 4220 quibusdam
1507 4154 1592 4220 ita
1625 4150 1918 4220 {subiungit
1965 4167 1977 4201 :
2016 4166 2033 4197 ‹
2073 4146 2358 4215 Pergamus

833 4261 973 4308 vero,
999 4247 1186 4313 inquit,
1217 4246 1560 4320 eamdemque
1592 4257 1749 4311 porro
1782 4236 2048 4309 quasrendi
2073 4237 2265 4304 pariter
2298 4251 2358 4288 ac

831 4336 1171 4405 reSpondendi
1239 4336 1493 4389 rationem
1573 4344 1866 4387 teneamus.
1928 4327 1984 4382 Si
2031 4339 2148 4382 orta
2199 4326 2354 4379 simul

820 4428 1024 4489 omnia,
1058 4434 1112 4479 ut
1139 4426 1361 4479 istorum
1403 4425 1639 4493 plerique
1672 4434 1979 4476 asseverare
2016 4419 2228 4482 audent,
2263 4431 2356 4486 per

829 4533 943 4571 sese
970 4517 1271 4578 constitere,
1303 4529 1456 4580 quem
1482 4515 1692 4567 tandem
1725 4551 1738 4573 ,
1765 4527 1829 4564 ex
1860 4511 1926 4562 iis
1951 4523 2086 4577 quos
2116 4517 2235 4560 ante
2263 4522 2355 4574 po-

830 4608 1051 4668 suimus.
1085 4605 1369 4658 excitatum
1414 4605 1464 4655 in
1502 4604 1606 4656 illis
1665 4615 1782 4658 esse
1823 4607 2022 4678 motum
2057 4597 2355 4664 oportebit?

2443 3515 2696 3586 δύναμιν,
2723 3517 2894 3584 λέγεις
2921 3515 3201 3586 (φήσομεν)
3231 3518 3285 3567 ἐν
3316 3516 3394 3567 ἐνὶ
3417 3515 3678 3568 κινεῖσθαι
3696 3555 3718 3580 ,
3755 3515 3968 3581 καθάπερ

2460 3609 2490 3675 ὴ
2525 3607 2626 3659 τῶν
2651 3607 2862 3658 ἑστάναι
2885 3602 3180 3675 λεγομένων
3212 3604 3418 3657 κύκλων
3452 3605 3747 3673 στρέφεται
3777 3620 3968 3674 περιφο-

2463 3694 2778 3765 ράς-Ναί.
2805 3713 2822 3744 ι
2849 3694 2956 3745 Καὶ
2979 3693 3101 3761 ἑξῆς
3129 3693 3362 3760 ἐπιλέγει
3381 3709 3395 3722 '
3427 3713 3443 3742 ι
3472 3696 3589 3746 Ἔτι
3611 3695 3714 3746 καὶ
3739 3696 3862 3765 τῇδε
3886 3693 3964 3762 (ἳὸέ

2458 3783 2711 3852 εἴπωμεν,
2738 3784 2828 3834 καὶ
2851 3780 3258 3852 ἀποκρινώμεθα
3283 3782 3438 3835 πάλιν
3463 3777 3592 3851 ἡμῖν
3622 3784 3885 3836 αὐτοῖσιν,
3926 3783 3968 3833 [.5

2461 3872 2612 3942 σταίη
2644 3890 2756 3935 πως
2783 3872 2849 3924 τὰ
2877 3871 3049 3924 πάντα
3074 3870 3206 3941 ὁμοῦ
3234 3872 3494 3941 γενόμενα
3514 3911 3528 3934 ,
3563 3871 3826 3943 καθάπερ

2460 3977 2567 4012 στοι
2587 3961 2688 4014 τῶν
2708 3960 2952 4014 τοιούτων
2973 3956 3204 4028 τολμῶσι
3227 3960 3403 4033 λέγειν
3419 4001 3433 4024 ,
3460 3961 3576 4014 τινα
3596 3963 3712 4031 ἄρα
3741 3966 3810 4014 ἐν.
3825 3965 3970 4022 nimi;

2457 4050 2658 4120 ἀνάγκη
2705 4049 2917 4120 πρώτην
2958 4051 3162 4118 κίνησιν
3213 4049 3453 4116 γενέσθαι
3502 4050 3608 4103 τῶν
3657 4054 3969 4123 εἰρημένη

2458 4139 2564 4208 Τὴν
2578 4141 2739 4210 αὐτὴν
2756 4141 2948 4209 ἑαυτὴν
2963 4140 3128 4210 δήπου
3149 4137 3414 4191 κινοῦσαν.
3439 4141 3556 4193 ⁹Υπ’
3573 4140 3740 4193 ἄλλου
3766 4144 3873 4212 (9.6)
3889 4142 3970 4209 γὰρ

2455 4230 2511 4281 οὐ
2545 4232 2744 4298 μήποτε
2773 4229 3076 4298 ἔμπροσθεν
3097 4228 3396 4298 μεταπέσῃ,
3431 4229 3703 4298 μηδεμιᾶς
3737 4234 3792 4299 γ’
3821 4234 3873 4282 ἐν
3899 4231 3969 4280 αὔ-

2454 4322 2560 4381 τοίς
2589 4313 2749 4388 οὔσης
2775 4318 3071 4388 ἔμπροσθεν
3101 4313 3505 4388 μεταπτώσευκ.
3547 4320 3755 4390 Ἀρχὴν
3787 4323 3888 4390 ἄρα
3909 4339 3969 4371 1‘;-

2452 4409 2654 4476 νήσεων
2674 4407 2858 4459 πασῶν
2876 4445 2889 4467 ,
2915 4408 3006 4460 καὶ
3032 4407 3267 4478 πρώτην,
3298 4408 3353 4459 έν
3377 4424 3434 4460 τε
3459 4408 3653 4461 ἑστῶσι
3675 4415 3969 4481 γενομένην.

2454 4500 2542 4549 καὶ
2561 4500 2616 4550 ἐν
2645 4497 2968 4566 κινουμένοις
2991 4492 3166 4561 οὖσαν,
3189 4499 3291 4568 ,τὴν
3313 4498 3504 4567 ἑαυτὴν
3525 4499 3812 4564 κινοῦσαν,
3837 4502 3970 4571 φή»

2455 4602 2550 4655 μεν
2568 4585 2870 4653 ἀναγκαίως
2890 4581 3026 4637 εἶναι
3051 4585 3439 4656 πρεσϐυτάτην,
3462 4587 3554 4640 καὶ
3578 4590 3881 4658 κρατίστην
3902 4607 3970 4656 μιν

831 4695 958 4749 Eum
987 4696 1243 4759 videlicet,
1261 4708 1367 4760 quo
1390 4693 1512 4760 quid
1536 4707 1591 4746 se
1617 4693 1786 4759 ipsum
1817 4672 2043 4742 moveat.
2083 4683 2190 4740 Nec
2207 4685 2344 4738 enim

2456 4671 2682 4726 ταὸολῶν
2702 4670 2883 4724 πασῶν
2899 4688 2912 4700 ·
3047 4667 3104 4723 δὲ
3137 4670 3508 4743 ἀλλοιουμένην
3534 4672 3622 4738 ὑφ’
3646 4673 3843 4744 ἑτέρου
3859 4714 3875 4738 ,
3912 4692 3970 4725 n-

765 4789 770 4795 '
832 4785 899 4841 ab
923 4784 1029 4839 alio
1059 4787 1303 4853 quopiam
1349 4798 1410 4836 ea
1455 4791 1811 4841 mutarentur,
1862 4778 1965 4832 nisi
2000 4777 2171 4844 aliqua
2202 4777 2346 4842 prius

2456 4764 2638 4816 νοῦσαν
2653 4761 2706 4813 δὲ
2727 4761 2902 4831 ἕτερα,
2923 4760 3189 4830 δευτέραν.
3220 4791 3287 4802 --
3313 4761 3672 4831 ’ἀληθέστατα
3694 4763 3892 4832 λέγεις.
3923 4792 3968 4804 -

835 4873 887 4925 in
920 4873 984 4925 iis
1009 4875 1142 4939 ipsis
1174 4873 1396 4926 mutatio
1438 4871 1787 4938 contingeret.
1837 4867 2158 4934 Principium
2192 4866 2348 4933 igitur

833 4961 957 5014 illud
987 4962 1317 5028 primumque
1347 4966 1585 5012 motuum
1611 4956 1864 5019 omnium,
1889 4954 1979 5023 qui
2007 4953 2088 5005 vel
2117 4951 2168 5004 in
2201 4954 2349 5020 quie-

2459 4851 2640 4904 Ὁπότε
2665 4850 2728 4918 δὴ
2759 4849 2928 4901 τοίνυν
2948 4850 3175 4902 ἐνταῦθα
3191 4851 3359 4919 ἐσμεν
3383 4848 3475 4901 τοῦ
3504 4850 3694 4916 λόγου,
3719 4855 3842 4907 τάδε
3865 4855 3967 4908 ἁτε-

2451 4938 2770 5009 κρινώμεθα.
2807 4970 2873 4979 -
2903 4939 2973 4991 Τὸ
3015 4942 3194 5002 ποῖον;
3225 4970 3290 4979 -
3335 4939 3458 4993 Ἐὰν
3501 4929 3708 5008 ἴδωμέν
3744 4960 3844 4996 που
3869 4945 3966 4994 ταύ-

832 5049 1118 5112 sccntibus,
1149 5050 1229 5101 vel
1262 5050 1312 5100 in
1344 5049 1408 5101 iis
1428 5061 1546 5115 quae
1572 5055 1871 5106 moventur,
1905 5042 2181 5104 excitatur,
2224 5055 2345 5092 cum

2456 5041 2545 5093 την
2575 5025 2862 5094 γενομένην
2888 5027 2944 5077 ἐν
2969 5025 3046 5095 τῷ
3070 5026 3266 5094 γηΐνῳ,
3296 5026 3327 5094 ἢ
3364 5025 3591 5096 ἐνύδρῳ,
3623 5028 3659 5097 ἦ

900 5225 1007 5292 (‘20)
1050 5226 1173 5289 Ἄγε
1203 5222 1308 5292 δή,
1338 5234 1435 5277 etc.
1475 5223 1643 5284 Plato,
1683 5220 1872 5292 Legum
1901 5236 1950 5283 ι,
1985 5235 2102 5292 pag.
2131 5217 2250 5292 (itii,
2284 5215 2346 5271 F.

898 5289 1205 5376 (Ξίχϐεόγ.
1241 5290 1405 5376 Forte
1445 5292 1622 5354 θεούς,
1670 5291 1908 5357 sequitur
1956 5291 2096 5342 enim
2148 5289 2235 5337 ἐπί
2287 5303 2348 5352 γε

832 5361 1092 5427 ἀπόδειξιν
1124 5361 1217 5428 τὴν
1248 5361 1435 5412 αὐτῶν.

839 5497 850 5499 ξ
897 5431 1007 5499 (Q2)
1057 5425 1535 5499 ﬂammam-ricam.
1594 5428 1700 5499 lta,
1745 5412 1971 5499 si___lleév-
1998 5424 2260 5490 legamus;
2304 5425 2347 5477 si

833 5494 997 5578 egeni;
1025 5495 1566 5566 παρακεκλήσθωσαν.
1612 5496 1762 5564 Apud
1789 5494 2084 5551 Platonem,
2116 5508 2350 5559 παρακε-

835 5565 1350 5700 κλῗὲἓῗϊὲχόμενοι
1389 5629 1472 5694 δέ,
1508 5639 1606 5681 etc.
1639 5629 1875 5691 Ficinus,
1899 5631 2246 5700 rationemque
2269 5630 2348 5678 in-

835 5697 1150 5762 qrediumur,
1172 5697 1463 5753 rudentibus
1496 5701 1745 5751 tutissime
1776 5702 1945 5750 tensis.
1974 5697 2177 5749 Judica.

2521 5220 2628 5289 (ει)
2668 5222 2931 5273 Φαίνεται
2962 5222 3106 5274 κατὰ
3137 5221 3293 5277 τάδε.
3346 5220 3480 5276 Hinc
3518 5224 3806 5280 emendari
3844 5220 3968 5289 Ρῑμο

2452 5291 2618 5408 ἕρεεὲ
2638 5290 3011 5419 ὶέῖιέυάὲιὲιοαι
3039 5290 3228 5344 vitiose
3266 5291 3494 5360 legitur,
3839 5288 3965 5361 uti

2525 5397 2538 5418 ,
2773 5394 2790 5418 ,
2911 5395 2924 5409 .
3723 5389 3761 5413 κ,

2522 5426 2651 5496 (25)-
2671 5427 2786 5476 Ἔτι
2810 5424 2913 5496 _x_al
2940 5421 3119 5496 tace:
3139 5423 3306 5496 Plato,
3337 5425 3464 5479 ibid.
3496 5424 3717 5496 p._688,
3748 5425 3814 5493 Ι),
3850 5427 3966 5481 nd!

2455 5494 2778 5560 sumpsimus
2809 5493 2926 5544 Ἔτι
2957 5499 3051 5560 pro
3066 5493 3214 5548 Ἐπεί
3242 5496 3382 5560 quod
3411 5493 3536 5547 ante
3564 5493 3878 5560 legebatur;
3899 5511 3965 5547 ιι-

2453 5559 2667 5626 qnentia
2701 5561 2791 5630 καὶ
2821 5559 3170 5630 τῇδείτειίηιιί
3194 5601 3210 5628 ,
3257 5559 3379 5617 licet
3404 5562 3547 5630 apud
3572 5559 3856 5620 Flam
3890 5566 3963 5615 ba-

2457 5629 2659 5698 bcatur,
2691 5629 2751 5698 δὴ
2780 5629 2870 5680 καὶ
2888 5629 3021 5698 τρδε.

2526 5697 2632 5764 (26)
2653 5695 2886 5749 Ἀλλου.
2912 5695 3000 5751 Sic
3025 5696 3188 5764 Plato,
3206 5712 3313 5752 non
3339 5696 3524 5767 ἄλλης,
3542 5705 3600 5751 ιιι
3624 5701 3788 5768 prior
3807 5699 3957 5756 editis.
