4004 6342
773 495 796 545 1
806 490 905 543 039

1371 542 1375 552 ι
1414 476 1677 535 EUSEBll
1715 469 2182 531 CA'ISARIENSIS
2219 468 2365 525 OPP.
2402 466 2577 537 PARS
2614 465 2675 518 11.
2717 496 2781 502 -
2808 463 3271 519 APOLOGETICA

3830 464 3848 515 l
3858 464 3933 517 οι]

774 616 1000 667 moveat,
1047 602 1311 659 secundus
1339 599 1457 667 jure
1490 598 1745 650 habeatur
1766 635 1780 655 ,
1825 602 1982 661 atque
2013 592 2144 644 adeo
2175 604 2307 659 quo—

2418 586 2630 637 δικαίων
2667 602 2723 635 τε
2773 585 2865 636 καὶ
2900 585 3096 635 ἀδίκων
3118 622 3131 645 ,
3167 582 3258 633 καὶ
3304 580 3518 634 πάντων
3542 580 3648 632 τῶν
3690 580 3931 635 sianum.

773 711 859 754 tus
887 700 1076 767 cuique
1116 696 1198 748 vel
1243 691 1552 761 longissime
1595 686 1925 741 numerando
1954 683 2310 753 progredienti

774 780 1046 859 placuerit,
1068 804 1190 857 curn
1215 782 1441 837 inanimi
1469 780 1706 847 corporis
1732 793 1853 831 vere
1884 776 2106 828 mutatio
2130 775 2198 828 sit
2223 775 2314 824 ἳ-

773 883 898 936 Jure
926 880 1182 952 profecto.
1204 875 1446 928 ——Rccte
1470 873 1630 941 igitur
1651 886 1711 924 ac
1745 870 1971 939 proprie,
2003 869 2110 920 imo
2140 866 2312 919 veris-

776 975 908 1038 sime
938 970 1428 1041 perfectissimcque
1460 962 1792 1027 dixerimus,
1843 975 2043 1023 annon,
2078 959 2311 1011 animam

773 1080 996 1133 corpore
1018 1062 1250 1133 priorem
1281 1072 1425 1123 esse;
1461 1070 1655 1125 corpus
1676 1050 1802 1107 vero
1828 1052 2141 1115 secundum,
2158 1058 2315 1118 atque

772 1156 1072 1223 posterius,
1120 1151 1390 1218 animique
1424 1147 1645 1215 imperio
1690 1155 1876 1213 suapte
1906 1153 2097 1197 natura
2130 1141 2315 1197 subdi-

776 1247 929 1302 tum?
954 1278 1019 1287 —
1047 1244 1355 1298 Verissime.
1380 1269 1447 1280 ——
1470 1238 1586 1292 Jam
1616 1252 1772 1301 vero,
1812 1237 1912 1289 hac
1941 1235 2006 1289 de
2034 1250 2090 1288 re
2124 1234 2313 1287 memi-

774 1343 953 1394 nimus
989 1340 1126 1391 inter
1146 1351 1240 1389 nos
1262 1383 1265 1391 ,
1286 1347 1444 1403 supra
1476 1329 1787 1384 convenisse
1807 1370 1819 1391 ,
1846 1336 1906 1380 ut
1934 1328 1977 1381 si
2011 1325 2167 1380 modo
2193 1325 2309 1378 ani-

776 1447 923 1485 mum
952 1444 1176 1499 corpore
1207 1427 1435 1497 priorem
1483 1437 1601 1477 esse
1629 1427 1930 1481 constaret,
1963 1427 2072 1471 tum
2100 1432 2218 1486 qua?
2246 1416 2310 1469 ad

781 1523 940 1577 animi
972 1522 1233 1575 rationem
1254 1517 1541 1588 pertinent,
1575 1513 1639 1567 iis
1667 1527 1784 1581 quae
1806 1510 2016 1579 corpori
2068 1508 2312 1561 tribuun-

781 1622 892 1674 tur,
948 1614 1121 1679 priora
1176 1602 1814 1662 censerentur?—Sane
1864 1601 2315 1655 meminimus.—

780 1701 953 1756 Mores
981 1702 1159 1770 igitur,
1208 1698 1476 1766 animique
1526 1709 1736 1759 sensus,
1767 1694 2084 1756 voluntates,
2112 1692 2314 1763 cogita-

778 1795 972 1858 tiones,
1026 1808 1164 1847 verze
1204 1791 1504 1861 Opiniones,
1539 1802 1711 1852 curae,
1742 1785 2156 1847 recordationes,
2194 1798 2312 1837 cor-

779 1900 967 1953 porum
1020 1882 1369 1953 proceritate,
1410 1879 1799 1941 crassitudine,
1831 1877 2108 1931 altitudine
2141 1891 2201 1929 ac
2228 1891 2314 1927 ro-

776 1977 905 2032 bore
952 1975 1159 2044 priores
1202 1973 1401 2027 fuerint
1444 1978 1670 2040 oportet,
1716 1970 1760 2023 si
1806 1970 2046 2021 animum
2095 1982 2317 2035 corpore

777 2070 1007 2138 priorem
1043 2067 1207 2121 fuisse
1236 2060 1880 2131 concedimus-Utique
1902 2076 2118 2115 necesse
2145 2070 2318 2114 est.—

782 2159 916 2214 Hine
935 2173 1092 2228 porro
1112 2157 1352 2225 nunquid
1379 2154 1681 2209 necessario
1700 2154 1959 2221 sequitur,
1981 2160 2037 2204 ut
2059 2152 2315 2227 animum,

783 2251 828 2304 si
861 2249 1100 2304 omnium
1146 2264 1361 2303 causam
1409 2246 1553 2300 illam
1599 2260 1716 2299 esse
1742 2244 2008 2305 volumus,
2058 2243 2316 2297 bellorum

781 2342 941 2396 simul
968 2351 1021 2395 et
1052 2342 1335 2401 malorum,
1380 2340 1725 2393 honestorum
1770 2351 1833 2389 ac
1862 2336 2117 2405 turpium,
2147 2334 2320 2402 justo-

786 2450 901 2488 rum
929 2445 981 2489 et
1013 2426 1350 2502 injustorum,
1386 2431 1625 2499 adeoque
1657 2428 2046 2482 contrariorum
2078 2425 2317 2480 omnium

779 2539 994 2586 causam
1023 2538 1141 2577 esse
1169 2521 1522 2576 dicamus?—
1551 2520 1683 2585 Quis
1712 2519 1983 2587 neget?—-
2008 2517 2193 2571 Nonne
2221 2516 2318 2584 igi-

782 2625 869 2669 tur
899 2628 1116 2666 necesse
1148 2620 1249 2678 est,
1294 2612 1529 2665 animum
1581 2610 1673 2679 qui
1728 2610 1888 2663 rebus
1924 2609 2172 2662 omnibus
2202 2622 2318 2675 quae

783 2719 1211 2775 quoquoversum
1247 2711 1558 2765 moventur,
1597 2710 1649 2754 et
1680 2700 2016 2764 moderetur,
2048 2708 2099 2753 et
2148 2699 2200 2750 in
2255 2698 2318 2749 il-

782 2796 849 2849 lis
880 2795 1216 2864 insit,ipsum
1243 2807 1454 2862 quoque
1476 2791 1668 2845 cmlum
1698 2806 1791 2859 per
1819 2805 1936 2843 sese
1953 2789 2215 2842 moderari
2228 2788 2317 2840 ?——

781 2882 1352 2940 Omnino.—Unumne
1378 2891 1553 2936 autem
1579 2898 1644 2934 an
1672 2880 1886 2949 plures?
1919 2880 2104 2933 Plures
2136 2887 2277 2932 certe
2302 2896 2313 2928 :

782 2991 904 3029 nam
955 2991 1051 3046 pro
1100 2976 1251 3029 vobis
1300 2973 1618 3042 respondere
1657 2972 1824 3040 juvat.
1884 2968 1991 3024 Nec
2037 2969 2318 3037 pauciores

785 3066 993 3119 duobus
1026 3077 1167 3120 recte
1200 3066 1536 3133 posuerimus
1559 3104 1571 3126 ,
1613 3053 1906 3117 beneficum
1938 3062 2191 3124 alterum,
2241 3059 2319 3112 al-

782 3149 951 3211 terum
985 3154 1439 3210 maleficum-«Et
1471 3155 1571 3208 hoc
1597 3155 1724 3207 mibi
1756 3154 2093 3207 vehementer
2125 3152 2315 3220 proba-

784 3244 1261 3315 tum—Haecigitur
1285 3260 1404 3299 cum
1433 3245 1502 3297 ita
1518 3244 1626 3298 sint
1656 3263 1667 3296 :
1695 3243 1918 3297 Animus
1944 3252 2084 3297 certe
2100 3243 2314 3311 quidem
2343 3276 2386 3332 ε

788 3338 1035 3392 universa
1067 3337 1170 3401 illa,
1191 3352 1310 3406 qua:
1341 3335 1483 3401 cmli,
1503 3344 1785 3399 terrarum,
1805 3333 2137 3403 mariumque
2169 3350 2316 3389 com-

785 3431 972 3500 plexus
1001 3431 1185 3494 ambit,
1214 3430 1326 3485 suis
1348 3430 1457 3498 ipsa
1484 3429 1714 3482 motibus
1739 3430 1848 3500 agit
1868 3444 1931 3483 ac
1958 3439 2157 3493 versat,
2183 3445 2318 3497 quo-

781 3537 899 3576 rum
952 3521 1064 3575 haec
1112 3520 1327 3575 nomina
1373 3528 1515 3584 sunt,
1548 3519 1711 3589 626
1754 3520 1905 3583 velle,
1952 3518 2314 3581 considerare,

784 3622 992 3671 curare,
1027 3607 1252 3676 opinari,
1288 3623 1380 3664 seu
1415 3623 1557 3672 vere,
1588 3624 1679 3663 seu
1712 3606 1867 3672 falso,
1894 3607 2080 3669 lauari,
2115 3605 2345 3671 dolere,

783 3699 999 3761 audere,
1032 3708 1284 3763 metuere,
1310 3700 1507 3763 odisse,
1542 3699 1789 3767 diligere,
1821 3713 1883 3751 ae
1907 3698 2113 3752 caeteris
2141 3699 2319 3752 omni-

751 3789 919 3849 .bus,
966 3790 1057 3857 qui
1101 3789 1182 3842 vel
1212 3790 1435 3843 istorum
1483 3789 1664 3843 afﬁnes
1705 3804 1768 3842 ac
1815 3789 2009 3857 gemini
2039 3796 2204 3852 sunt,
2240 3790 2320 3842 vel

788 3878 1025 3945 primarii
1077 3877 1353 3947 fontesque
1387 3879 1733 3947 reliquorum,
1766 3880 2056 3947 assumptis
2086 3895 2187 3932 una
2222 3895 2321 3948 po-

788 3967 1101 4021 sterioribus
1142 3983 1424 4037 corporum
1467 3970 1717 4031 motibus,
1764 3972 1815 4023 in
1858 3972 2105 4025 omnibus
2130 3970 2321 4025 deinde

786 4058 1133 4113 accretionem
1168 4064 1257 4111 aut
1289 4059 1692 4113 diminutionem
1720 4100 1734 4123 ,
1782 4062 2052 4115 raritatem
2081 4071 2174 4116 aut
2199 4063 2323 4115 den-

786 4150 1015 4214 sitatem,
1046 4165 1269 4220 qumque
1296 4146 1393 4205 hos
1422 4152 1761 4212 comitantur,
1817 4152 2046 4215 calores,
2096 4152 2315 4222 frigora.

786 4238 1090 4304 gravitates,
1137 4238 1393 4303 levitates,
1429 4240 1619 4291 durum
1654 4247 1706 4292 et
1742 4240 1918 4302 molle,
1954 4240 2131 4293 album
2164 4252 2217 4296 et
2248 4241 2325 4291 ni-

789 4337 972 4389 grum,
1004 4324 1282 4388 acerbum,
1318 4325 1496 4386 dulce,
1533 4340 1770 4377 amarum
1806 4325 2068 4389 efﬁciunt,
2104 4337 2321 4379 caetera—

787 4428 892 4481 que
916 4427 1133 4481 prorsus
1164 4415 1373 4477 omnia,
1418 4415 1611 4483 quibus
1638 4416 1847 4468 animus
1889 4416 2015 4469 dum
2046 4417 2240 4481 utitur,
2280 4419 2321 4470 si

782 4503 1142 4564 intellectum,
1175 4502 1313 4557 Deus
1341 4504 1483 4572 ipse,
1512 4503 1675 4557 Deum
1726 4515 1982 4569 assumat,
2018 4515 2208 4559 cuncta
2240 4523 2322 4561 re-

2412 677 2565 746 είπερ
2590 677 2697 727 τῶν
2732 677 2943 728 πάντων
2964 692 3026 741 γε
3051 674 3215 744 αὐτὴν
3244 673 3478 742 θήσομεν
3504 672 3683 724 αἰτίαν
3710 688 3723 733 ;
3759 701 3820 709 -
3841 672 3935 731 1123;

2410 768 2515 836 γάρ
2551 765 2735 828 οῠ;-
2760 764 2947 834 Ψυχὴν
2987 763 3049 833 δὴ
3088 761 3389 815 διοικοῦσαν
3424 761 3518 811 καὶ
3553 759 3861 811 ἐνοικοῦσαν
3896 763 3933 810 ἐν

2411 856 2578 909 ἅπασι
2605 858 2713 917 τοῖς
2737 855 2904 925 πάντη
2947 853 3299 923 κινουμένοις,
3326 852 3440 921 μῶν
3467 851 3528 903 ού
3566 851 3661 902 καὶ
3692 850 3783 901 τὸν
3806 850 3934 917 οὖρα-

2410 951 2496 1002 νὸν
2546 950 2750 1018 ἀνάγκη
2796 948 3011 1001 διοικεῖν
3048 947 3238 1014 φάναι;
3266 972 3325 980 -
3354 941 3417 993 Τί
3464 943 3597 1011 μήκη
3637 968 3708 978 —-
3758 940 3933 1009 Μίανῆ

2412 1039 2939 1105 πλείουςφηλείους·
2989 1035 3096 1105 ἐγὼ
3152 1036 3288 1104 ὑπὲρ
3342 1032 3485 1100 σφῶν
3538 1032 3933 1101 ἀποκρινοῦμαι.

2410 1136 2560 1185 Δυοῖν
2592 1132 2688 1202 μέν
2709 1131 2772 1199 γέ
2803 1148 2901 1182 που
2924 1129 3137 1181 ἔλαττον
3165 1127 3326 1196 μηδὲν
3364 1125 3627 1195 τιθῶμεν,
3657 1125 3758 1192 τῆς
3788 1140 3840 1174 τε
3866 1127 3933 1174 εὑ-

2411 1223 2697 1293 εργέτιδος,
2728 1222 2819 1279 καὶ
2844 1220 2940 1289 τῆς
2956 1220 3208 1272 τάναντία
3228 1218 3527 1287 δυναμένης
3548 1217 3634 1281 es:
3644 1214 3929 1285 ργάζεσθαε.

2412 1349 2477 1357 --
2515 1315 2720 1383 Σφόδρα
2764 1312 2935 1384 ὀρθῶς
2983 1312 3224 1382 εἴρηκας.
3257 1308 3484 1362 -Είεν,
3526 1310 3685 1376 Ἀγει
3738 1307 3833 1378 μὲν
3889 1309 3933 1373 δὴ

2409 1408 2552 1478 ψυχή
2581 1409 2756 1461 πάντα
2778 1406 2844 1458 τά
2868 1406 2986 1458 κατ’
3015 1402 3257 1473 οὐρανὸν,
3288 1402 3379 1453 καὶ
3406 1401 3527 1470 γῆν,
3546 1402 3643 1454 καὶ
3677 1399 3935 1455 θάλατταν.

2409 1502 2525 1562 ταῖς
2554 1499 2719 1569 αὐτῆς
2744 1491 3052 1566 κινήσεσιν,
3071 1491 3157 1557 αἷς
3193 1493 3429 1563 ὀνόματά
3460 1496 3597 1555 ἐστι,
3644 1492 3936 1561 βούλεσθαι,

2412 1588 2742 1651 σκοπεῖσθαι,
2773 1586 3160 1658 ἐπιμελεῖσθαι,
3191 1584 3553 1656 βουλεύεσθαι,
3592 1584 3937 1652 δοξάζειν,όρ-

2411 1680 2536 1742 θῶς,
2554 1677 2911 1748 ἐψευσμένως,
2931 1675 3616 1749 χαίρουσαν,λυπουμένην,
3631 1672 3937 1745 θαρροῦσαν.

2413 1768 2765 1840 φοὸουμένην,
2793 1768 3052 1837 μισοῦσαν
3071 1808 3085 1830 ,
3116 1768 3461 1837 στέργουσαν,
3490 1765 3587 1819 καὶ
3616 1764 3820 1826 πάσαις
3843 1765 3939 1815 ὅσαι

2412 1862 2611 1915 τούτων
2651 1859 2921 1928 ξυγγενεῖς
2952 1861 2985 1929 ἢ
3016 1861 3351 1931 πρωτουργοὶ
3381 1860 3623 1928 κινήσεις
3650 1857 3751 1920 τάς
3790 1858 3939 1909 δευτε-

2346 1934 2387 1986 B
2422 1954 2678 2024 ρουργοὺς
2715 1948 2780 2004 αὖ
2824 1951 3333 2022 παραλαμϐάνουσαι
3380 1953 3619 2019 κινήσεις
3666 1948 3939 2017 σωμάτων,

2418 2046 2602 2112 ἄγουσι
2632 2046 2803 2098 πάντα
2831 2045 2907 2105 είς
2934 2042 3174 2113 αὔξησιν,
3201 2044 3292 2095 καὶ
3320 2042 3518 2110 φθίσιν,
3551 2043 3647 2094 καὶ
3676 2043 3940 2111 διάκρισιν,

2418 2137 2508 2187 καὶ
2529 2135 2825 2205 σύγκρισιν,
2856 2134 2947 2187 καὶ
2971 2133 3176 2197 τούτοις
3194 2133 3455 2203 ἑπομένας
3484 2133 3843 2203 θερμότητας,
3862 2132 3941 2198 d9-

2420 2226 2546 2289 ξεις,
2580 2226 2903 2297 βαρύτητας,
2923 2226 3255 2296 κουφότητας
3274 2266 3287 2289 ,
3323 2225 3555 2297 σκληρὸν
3584 2227 3680 2278 καὶ
3708 2223 3944 2293 palumbi.

2417 2316 2601 2368 λευκὸν
2628 2316 2719 2368 καὶ
2753 2315 2935 2385 μέλαν,
2974 2316 3239 2387 αὐστηρὸν
3278 2317 3371 2387 καὶ
3402 2315 3596 2383 γλυκὺ,
3628 2317 3726 2368 καὶ
3757 2316 3942 2384 πικρὶν,

2418 2408 2509 2459 καὶ
2542 2408 2700 2459 πᾶσιν
2732 2402 2812 2469 οἷς
2842 2407 2985 2477 ψυχὴ
3012 2407 3295 2478 χρωμένη,
3321 2407 3442 2459 νοῦν
3473 2407 3571 2477 μὲν
3620 2408 3943 2477 προσλαμεά·

2419 2516 2597 2560 νουσα,
2622 2498 2727 2551 αίεὶ
2753 2498 2901 2560 θεὸν,
2920 2498 3049 2561 Θεὸς
3077 2494 3227 2558 οὖσα,
3254 2497 3386 2569 ὀρθά
3409 2498 3501 2550 καὶ
3529 2498 3827 2567 εὐδαίμονα
3849 2516 3946 2549 παι-

2416 2592 2647 2658 δαγωγεῖ
2661 2590 2851 2643 πάντα·
2872 2589 3023 2659 ἀνοία
3034 2589 3089 2641 δὲ
3106 2588 3484 2658 ξυγγενομένη,
3501 2588 3685 2641 πάντα
3696 2584 3767 2641 αὖ
3785 2591 3946 2640 τάναν-

2416 2683 2503 2734 τία
2524 2681 2729 2743 τούτοις
2752 2680 3134 2750 ἀπεργάζεται.
3156 2674 3403 2748 Τιθῶμεν
3424 2678 3599 2731 ταῦτα
3622 2677 3801 2739 οὕτως
3833 2680 3945 2745 ἔχειε

2417 2774 2448 2842 ἢ
2478 2773 2554 2825 ἔτι
2580 2772 2893 2842 διστάζομεν
2914 2813 2927 2833 ,
2954 2774 3001 2823 εί
3026 2772 3222 2842 ἑτέρως
3253 2789 3367 2832 πως
3401 2770 3509 2840 ἔχει
3533 2787 3548 2834 ;
3582 2802 3649 2810 -
3688 2769 3943 2837 Οὐδαμῶς.

2417 2896 2483 2904 ~-
2504 2865 2732 2935 Πότερον
2762 2862 2850 2915 οὖν
2869 2863 2931 2933 δὴ
2954 2862 3127 2933 ψυχῆς
3155 2864 3215 2915 τὸ
3243 2861 3393 2929 γένος
3418 2861 3689 2932 ἐγκρατὲς
3723 2861 3945 2931 οὐρανοὶ

2417 2955 2506 3006 καὶ
2533 2954 2653 3022 γῆς,
2680 2953 2771 3004 καὶ
2791 2954 2967 3022 πάσης
2986 2952 3082 3021 τῆς
3104 2952 3346 3022 περιόδου
3377 2953 3654 3020 γεγονέναι
3684 2951 3889 3021 φῶμεν,
3907 2952 3948 2999 τὸ

2417 3044 2692 3115 φρόνιμον,
2720 3044 2812 3094 καὶ
2840 3043 3034 3112 ἀρετῆς
3056 3042 3275 3113 πλῆρες,
3314 3042 3346 3111 ἢ
3372 3043 3431 3094 τὸ
3461 3041 3739 3112 μηδέτερα
3784 3059 3949 3107 κεκτη·

2418 3139 2573 3207 μένον
2597 3152 2610 3201 ;
2636 3134 2891 3186 Βούλεσθε
2915 3129 3005 3186 οὖν
3043 3132 3177 3204 πρὸς
3194 3133 3363 3186 ταῦτα
3388 3127 3487 3186 ὧδε
3513 3133 3945 3204 ἀποκρινώμεθα

2417 3254 2483 3265 -—-
2511 3226 2663 3292 Πῶς;
2689 3257 2756 3267 -
2782 3228 2843 3279 Εἰ
2880 3226 2995 3297 μὲν,
3023 3219 3067 3278 ὦ
3091 3225 3373 3295 θαυμάσιε,
3397 3226 3580 3295 φῶμεν
3600 3266 3614 3288 ,
3643 3229 3682 3295 ἡ
3716 3226 3948 3294 ξύμπασα

2419 3320 2646 3391 ούρανοῦ
2678 3320 2793 3381 ὁδὸς
2815 3319 2928 3389 ἅμα
2959 3320 3049 3371 καὶ
3088 3318 3229 3389 φορὰ
3248 3359 3262 3381 ,
3288 3320 3379 3371 καὶ
3403 3318 3508 3372 τῶν
3537 3320 3599 3369 ἐν
3631 3319 3787 3389 αὐτῷ
3814 3319 3947 3369 Emi

2416 3410 2696 3474 ἁπάντων,
2724 3410 2815 3462 νοῦ
2844 3411 3050 3479 κινήσει
3093 3411 3183 3463 καὶ
3218 3411 3515 3480 περιφορᾷ,
3556 3411 3657 3462 καὶ
3699 3410 3950 3477 λογισμοῐς

2417 3503 2603 3572 ὁμοίαν
2629 3501 2786 3570 φύσιν
2817 3502 2958 3571 ἔχει,
3000 3501 3091 3552 καὶ
3125 3500 3391 3568 ξυγγενῶς
3421 3500 3665 3569 ἔρχεται,
3702 3500 3861 3566 δῆλον
3897 3499 3951 3555 ὡς

2417 3596 2512 3664 τὴν
2536 3595 2759 3664 ἀρίστην
2794 3593 2965 3663 ψυχὴν
2995 3593 3187 3664 φατέον
3226 3591 3597 3660 ἐπιμελεῖσθαι
3626 3590 3727 3642 τοῦ
3774 3591 3949 3658 κόσμον

2421 3686 2637 3747 παντὸς,
2672 3684 2765 3736 καὶ
2795 3683 2946 3752 ἄγειν
2978 3658 3264 3750 αὺτὺν’τὴν
3295 3681 3540 3751 τοιαύτην
3579 3681 3703 3733 ὁδὸν
3745 3681 3949 3747 ἐκείνην,

2421 3806 2484 3813 -—
2512 3776 2733 3846 Ὀρθῶς.
2752 3808 2818 3817 —
2843 3777 2904 3829 Εί
2931 3774 2986 3828 δὲ
3014 3772 3250 3843 μανικῶς
3266 3789 3323 3825 τε
3345 3772 3434 3825 καὶ
3456 3772 3712 3841 ἀτάκτως
3742 3772 3950 3841 ἔρχεται,

2421 3864 2513 3932 τὴν
2544 3864 2732 3933 κακήν.
2775 3876 2831 3901 —‘—
2852 3865 2958 3916 Καὶ
2981 3863 3129 3916 ταῦτ’
3159 3861 3350 3933 ὀρθῶς.
3388 3850 3612 3914 -νΤίνα
3657 3858 3757 3914 οὖν
3784 3863 3847 3931 δὴ
3884 3860 3951 3911 νοῦ

2421 3954 2626 4023 κίνησις
2650 3954 2805 4027 φύσιν
2821 3954 2951 4024 ἔχει,
2982 3953 3121 4006 τοῦτ’
3168 3954 3265 4023 ἤδη
3288 3952 3535 4021 χαλεπὸν,
3566 3947 3616 4003 ὦ
3647 3953 3819 4021 φίλοι,
3850 3954 3956 4021 £541:-

2422 4062 2484 4113 τη
2494 4064 2567 4113 μα
2597 4047 3013 4115 ἀποκρινόμενον
3038 4046 3208 4097 εἰπεῖν
3229 4038 3526 4113 ἐμφρόνως.
3552 4043 3648 4095 Διδ
3673 4044 3742 4113 δὴ
3766 4045 3857 4095 καὶ
3879 4044 3952 4109 ἐμὲ

2420 4140 2517 4205 τῆς
2533 4137 2863 4205 ἀποκρίσεως
2882 4137 3007 4205 ὑμῖν
3026 4134 3226 4187 δίκαιον
3250 4134 3408 4187 τανῦν
3422 4134 3831 4203 προλαμϐάνειν
3848 4134 3949 4203 (ὅθί.

2423 4224 2564 4278 -Εὖ
2594 4226 2955 4296 λέγεις.-Μὴ
2980 4225 3156 4278 τοίνυν
3200 4223 3520 4290 ἐξεναντίας,
3548 4218 3666 4276 οἷον
3710 4228 3795 4287 είς
3834 4225 3953 4292 ilus

2423 4318 2830 4380 ἀποϐλέποντες,
2859 4317 3025 4370 νύκτα
3042 4309 3423 4387 ἐν’μεσημϐρίᾳ
3445 4318 3807 4387 ἐπαγόμενοι,
3826 4335 3951 4380 ποτη-

2425 4410 2640 4479 σώμεθα
2662 4410 2757 4479 τὴν
2786 4409 3089 4479 ἀπόκρισιν,
3112 4409 3185 4471 ὡς
3211 4408 3330 4461 νοῦν
3347 4426 3474 4461 ποτε
3496 4408 3723 4478 θνητοῖς
3744 4410 3953 4479 δμμαᾱε

2424 4500 2671 4569 ὀιῖμόμενοί
2699 4518 2755 4552 τε
2807 4502 2899 4552 καὶ
2928 4500 3248 4570 γνωσόμενοι
3280 4501 3492 4563 ἱκανῶς.
3529 4501 3680 4570 Πρὸς
3712 4502 3773 4554 δὲ
3802 4502 3953 4553 εἰκόνα

788 4600 872 4645 cte
898 4606 959 4644 ac
985 4591 1206 4645 feliciter
1237 4592 1574 4651 moderatur;
1615 4591 1694 4644 sin
1723 4600 1900 4644 autem
1929 4608 2048 4645 cum
2097 4595 2320 4646 amentia

2426 4590 2517 4642 τοῦ
2560 4590 2907 4661 ἐρωτωμένου
2942 4590 3250 4657 βλέποντας,
3285 4592 3689 4660 ἀσφαλέστερον
3735 4594 3951 4662 opim»-

788 4684 1174 4752 conjungatur,
1201 4682 1469 4736 contraria
1506 4681 1667 4736 efficit
1688 4681 1885 4735 omnia.
1930 4681 2199 4737 Damusne
2226 4684 2323 4736 ista

791 4775 933 4826 hunc
960 4774 1012 4825 in
1042 4775 1256 4827 modum
1282 4789 1339 4828 se
1361 4774 1654 4839 habere,an
1682 4774 1854 4827 adhuc
1882 4789 2005 4826 num
2028 4774 2153 4844 quid
2185 4758 2324 4827 aliud

792 4874 1110 4924 statuamus,
1142 4865 1328 4917 incerti
1359 4866 1641 4917 sumus?—
1658 4864 1872 4918 Minime
1906 4865 2324 4919 vero.——Utrum

792 4956 954 5023 igitur
998 4955 1163 5007 animi
1212 4969 1379 5023 genus
1400 4995 1415 5017 ,
1449 4956 1567 5009 (εαξη
1596 4972 1658 5009 ac
1691 4944 1983 5017 terrarum,
2016 4957 2125 5008 imo
2167 4956 2327 5009 totius

790 5046 938 5100 orbis
980 5045 1336 5114 principatum
1383 5054 1561 5099 tenere
1605 5047 1895 5100 volumus?
1942 5046 2139 5099 illudne
2186 5048 2327 5114 quod

792 5136 1073 5205 prudentia
1099 5146 1151 5190 et
1173 5137 1367 5189 virtute
1394 5137 1668 5204 pneditum
1700 5148 1799 5200 est,
1832 5154 1897 5190 an
1931 5138 2071 5206 quod
2106 5146 2330 5205 utraque

794 5229 971 5283 caret?
1005 5226 1141 5280 Num
1185 5229 1249 5282 ad
1290 5228 1399 5282 ham
1433 5230 1505 5281 ita
1532 5230 1838 5297 responderi
1869 5230 2074 5297 placet?
2095 5256 2164 5268 —--
2186 5227 2330 5292 Quo-

795 5319 989 5373 modo?
1037 5348 1095 5358 --
1132 5318 1207 5371 Ita
1240 5321 1499 5375 videlicet.
1540 5321 1593 5372 Si
1632 5321 1880 5380 universa
1910 5321 2027 5374 cceli
2054 5321 2138 5373 via
2173 5329 2331 5389 atque

795 5409 1095 5475 conversio,
1130 5426 1417 5479 eorumque
1444 5414 1601 5465 simul
1632 5412 1870 5465 omnium
1895 5426 2013 5464 aure
2042 5412 2175 5465 emlo
2201 5426 2331 5464 con-

865 5544 970 5673 ἓῦθ)
1012 5544 1123 5598 Fic.
1152 5554 1205 5598 et
1232 5559 1356 5607 ms.,
1388 5547 1838 5614 προσλαμδάνειν.

889 5614 975 5673 51)
1020 5614 1138 5666 Τῶν
1165 5612 1455 5665 ἁπάντων.
1499 5614 1624 5667 Post
1652 5616 1838 5667 άπάντι

889 5614 975 5681 51)
1020 5614 1138 5666 Τῶν
1165 5612 1455 5665 ἁπάντων.
1499 5612 1624 5667 Post
1652 5616 1901 5668 ἁπάντων
1926 5615 2122 5682 prioris
2146 5612 2333 5667 editio-

803 5678 883 5751 nis
923 5678 1074 5748 turpe
1103 5685 1366 5748 glossema
1396 5698 1518 5735 cum
1558 5682 1777 5737 Platone
1806 5678 2157 5744 sustulimus;
2195 5684 2333 5751 lege-

802 5748 1140 5821 balurenim,
1173 5753 1375 5804 τούτοιν
1406 5752 1468 5820 δὴ
1495 5756 1605 5802 τοῖν
1637 5755 1928 5821 κινήσεσιν.

868 5818 979 5886 (52)
1023 5820 1136 5885 Τὴν
1162 5823 1227 5872 ἐν
1259 5823 1343 5873 ἑνὶ
1385 5818 1849 5889 φερομένηνξιιιι
1898 5825 2107 5889 reposui
2150 5839 2208 5875 ex
2239 5821 2363 5873 alt.’

2430 4680 2549 4742 Πῶς
2568 4681 2773 4747 λέγεις;
2805 4711 2869 4719 ——
2893 4674 2969 4749 τῌ
3002 4680 3280 4749 προσέοικε
3309 4681 3513 4749 κινήσει
3548 4679 3682 4741 νοῦς
3712 4681 3822 4733 τῶν
3854 4680 3953 4731 δέξει

2428 4771 2643 4823 ἐκείνων
2661 4771 2940 4838 κινήσεων,
2955 4771 3050 4841 τὴν
3065 4772 3244 4823 εἰκόνα
3263 4769 3525 4838 λάϐωμεν·
3549 4770 3617 4837 ἣν
3640 4788 3954 4839 συναναμνη-

2430 4861 2571 4923 σθεὶς
2599 4862 2724 4930 ὑμῖν
2764 4861 2872 4929 ἐγὼ
2911 4865 3059 4932 κοινῆ
3096 4861 3192 4931 τὴν
3234 4860 3518 4929 ἀπόκρισιν
3558 4864 3879 4931 ποιήσομαι.
3907 4893 3949 4899 —

2427 4951 2695 5005 Κάλλιστα
2728 4951 2793 5005 ἂν
2818 4951 3013 5019 λέγοις.
3031 4983 3098 4991 -
3120 4949 3453 5020 Μεμνήμεθα
3480 4952 3662 5003 τοίνυν
3690 4954 3756 5006 τό
3779 4972 3839 5021 γε
3858 4969 3952 5003 τοι-

2426 5043 2578 5096 οῧτον
2612 5044 2715 5095 τῶν
2751 5044 2871 5096 τότε
2898 5044 2999 5106 ἔτι,
3032 5044 3112 5095 ὅτι
3136 5042 3243 5095 τῶν
3267 5043 3517 5096 ἁπάντων
3545 5044 3664 5113 (Si)
3689 5045 3767 5119 τά
3790 5047 3951 5114 phn-

2428 5138 2662 5201 νεῖσθαι,
2696 5139 2761 5190 τά
2793 5139 2848 5192 δὲ
2882 5138 3060 5206 μένειν
3090 5137 3298 5207 ἔθεμεν.
3334 5167 3404 5175 —
3424 5137 3549 5189 Ναί.
3580 5169 3655 5177 -
3690 5139 3815 5191 Τῶν
3839 5139 3877 5189 δ’
3903 5133 3949 5187 αἱ

2430 5231 2771 5299 κινουμένων,
2798 5229 2865 5281 τὰ
2893 5229 2987 5297 μὲν
3021 5230 3077 5280 ὲν
3114 5228 3192 5279 ἐνὶ
3219 5228 3367 5297 τόπῳ
3404 5228 3670 5281 κινεῖσθαι
3695 5269 3712 5291 ,
3754 5230 3821 5282 τά
3852 5229 3888 5280 δ’
3914 5230 3953 5278 ἐν

2432 5320 2631 5371 πλείοσι
2666 5319 2953 5389 φερόμενα.
2976 5348 3044 5356 -—
3069 5319 3219 5371 Ἔστι
3238 5318 3424 5371 ταῦτα.
3442 5320 3764 5374 -Ταύταιν
3787 5322 3847 5390 δὴ
3864 5322 3951 5371 ταῖς

2432 5414 2696 5481 κινήσεοιν
2729 5411 2825 5479 τὴν
2852 5411 2908 5462 έν
2942 5412 3019 5463 ἑνὶ
3053 5411 3349 5482 φερομένην
3379 5410 3491 5480 (52)
3518 5411 3627 5472 ἀεὶ,
3662 5411 3794 5482 περί
3824 5412 3877 5479 γέ
3917 5428 3951 5459 7.

2434 5582 2558 5628 ms.,
2602 5580 2723 5617 cum
2767 5572 2820 5616 et
2850 5564 2904 5616 in
2936 5563 3101 5631 priori
3118 5564 3367 5617 ‘editione
3408 5572 3464 5615 et
3508 5564 3654 5631 apud
3707 5564 3949 5618 Platonem

2436 5636 2713 5701 legeretur,
2735 5637 2845 5686 τοῖν
2872 5635 2928 5684 ὲν
2952 5634 3030 5703 έν).
3062 5633 3395 5703 φερομένοιν.
3426 5631 3569 5703 Sane
3594 5650 3723 5701 qua
3746 5648 3949 5701 sequun-

2436 5716 2539 5763 tur,
2574 5704 2769 5772 αύτὴν,
2798 5702 3155 5770 οἰκειοτάτην,
3200 5702 3421 5770 ὁμοίαν,
3463 5702 3588 5757 huic
3620 5704 3951 5759 emendationi

2434 5773 2641 5841 egregie
2674 5772 3049 5841 suﬂ'ragantur.
