4004 6342
66 404 192 454 ιυιε

1217 399 1525 458 PILEPAR.
1562 400 1804 455 EVANG.
1848 400 1969 454 UB.
2008 402 2117 456 XII.

3121 411 3249 480 una

61 540 228 589 μέσον
270 526 480 595 ἀνάγκη
527 526 817 591 κινεῐσἿαι,
856 527 962 579 τῶν
1004 529 1263 595 ἐντόρνων
1312 524 1470 579 οὖσαν
1501 526 1583 594 (55

1712 523 1964 585 tinentur,
1999 524 2289 578 intellectus
2321 526 2503 590 motui,
2535 529 2861 581 conversioni
2891 539 2942 582 et
2973 532 3250 600 cogitatio-

59 614 289 682 μίμημά
311 632 361 667 τι
392 617 619 679 κύκλων,
648 616 781 670 εἶναί
804 635 861 670 τε
892 618 1057 688 αὐτὴν
1090 621 1154 688 τῇ
1188 618 1279 670 τοῦ
1311 617 1397 671 νοῦ
1429 617 1611 685 περιό-

54 706 129 772 ὄῳ
158 704 395 770 πάντως,
410 706 481 770 ὡς
513 708 751 774 δυνατὸν,
774 710 1102 779 οἰκειοτάτην
1124 726 1180 760 τε
1208 712 1297 761 καὶ
1324 709 1612 779 ὁμοίαν.-

58 794 183 856 Πῶς
211 796 493 865 λέγειςς-
515 798 586 850 Τὸ
614 799 753 850 κατὰ
782 798 951 851 ταύτά
995 799 1185 867 δήπου,
1215 800 1306 851 καὶ
1333 799 1607 862 ὡσαύτως,

60 887 151 934 καὶ
184 889 244 938 ἐν
264 888 340 958 τῷ
362 890 525 959 αὐτῷ,
554 890 643 942 καὶ
670 890 796 959 περὶ
824 890 891 942 τά
916 891 1069 953 αὐτὰ,
1092 891 1185 944 καὶ
1206 891 1337 959 πρὸς
1357 890 1425 942 τὰ
1450 891 1605 954 αὑτά,

58 976 152 1025 καὶ
207 976 304 1030 ἕνα
349 978 522 1045 λόγον,
572 981 663 1032 καὶ
693 980 843 1045 τάξιν
872 980 1014 1049 μίαν,
1046 978 1208 1049 άμφω
1236 979 1493 1032 κινεῖσθαι
1521 980 1607 1030 λέ-

58 1080 268 1129 γοντες,
296 1068 437 1129 νοῦν,
460 1070 557 1137 τήν
579 1086 636 1121 τε
663 1070 721 1123 ἐν
753 1070 831 1122 ἐνὶ
865 1070 1163 1139 φερομένην
1195 1071 1421 1139 κίνησιν,
1453 1070 1607 1137 σφαί-

58 1170 160 1221 ρας
194 1158 437 1227 ἐντόρνου
484 1159 857 1229 ἀπεικασμένα
883 1160 990 1229 (δι)
1021 1163 1225 1230 φοραῖς,
1247 1162 1343 1210 οὐκ
1373 1160 1436 1212 ἄν
1480 1176 1603 1211 ποτε

58 1249 321 1315 φανεῖμεν
349 1247 536 1313 φαῦλοι
558 1248 870 1320 δημιουργοὶ
898 1250 1035 1320 λόγῳ
1062 1250 1235 1312 καλῶν
1269 1250 1505 1303 εἰκόνων.
1538 1280 1606 1288 ~—

68 1335 365 1405 Ὀροὸτατα
378 1336 640 1405 λέγεις.-
658 1338 864 1391 Οὐκοῦν
888 1339 1021 1407 αὕτη
1044 1357 1127 1407 γε,
1155 1341 1186 1409 ἡ
1209 1324 1467 1409 μηδέποτε
1497 1339 1595 1391 ὠσ-

58 1424 257 1490 αύτως,
281 1427 411 1496 μηδὲ
433 1429 568 1480 κατὰ
601 1430 669 1482 τά
687 1430 845 1493 αὐτὰ,
874 1430 991 1500 μηδ’
1020 1432 1076 1482 ἐν
1100 1430 1297 1499 ταύτῷ,
1318 1430 1448 1500 μηδὲ
1478 1448 1542 1482 πε
1550 1433 1602 1501 pi.

56 1518 260 1582 ταύτὰ,
311 1519 442 1588 μηδὲ
482 1520 614 1590 πρὸς
655 1521 722 1575 τὰ
754 1521 915 1585 αὐτὰ,
951 1523 1071 1592 μηδ’
1098 1523 1154 1575 ἐν
1200 1523 1277 1575 ἐνὶ
1311 1523 1598 1592 φερομένη,

59 1608 177 1676 μηδ’
212 1611 271 1661 ὲν
297 1611 500 1681 κόσμῳ,
541 1613 661 1682 μηδ’
700 1615 757 1665 ἐν
790 1613 960 1679 τάξει,
1000 1614 1118 1684 μηδ’
1153 1614 1208 1667 ἐν
1237 1615 1597 1683 τινιλόγῳκί-

54 1716 226 1767 νησις,
266 1703 445 1766 άνοίας
476 1705 541 1758 ἂν
561 1700 624 1757 αὖ
657 1704 833 1774 πάσης
863 1705 945 1775 εἴη
976 1706 1254 1777 ξυγγενὴς.
1279 1737 1344 1744 -·
1372 1707 1469 1778 Εῐη
1492 1708 1597 1777 γὰρ

54 1790 113 1841 ἂν
140 1789 567 1860 ἀληθέστατα.-
581 1795 756 1848 Τανῦν
775 1795 837 1865 δὴ
861 1796 1088 1866 χαλεπὸν
1105 1797 1252 1850 οὐδὲν
1280 1797 1357 1850 ἔτι
1372 1800 1592 1869 διαρρη-

53 1880 142 1948 δην
168 1884 362 1947 εἰπεῖν,
395 1883 497 1949 ὼς,
534 1886 715 1956 ἐπειδὴ
746 1886 885 1957 ψυχὴ
918 1888 1013 1957 μέν
1040 1890 1182 1940 ἐστιν
1209 1891 1593 1960 ήπεριάγουσα

50 1972 177 2040 ἡμῖν
200 1974 396 2041 πάντα,
432 1977 528 2045 τὴν
561 1977 617 2029 δὲ
655 1978 878 2048 οὐρανοῦ
930 1979 1224 2050 περιφοράν
1256 1979 1313 2043 ἐξ
1353 1981 1591 2050 ἀνάγκης

53 2065 331 2133 περιάγειν
356 2067 546 2133 φατέον
568 2068 995 2139 ἐπιμελουμένην
1018 2072 1106 2123 καὶ
1129 2073 1453 2140 κοσμοῦσαν,
1476 2074 1590 2143 ἦτοι

50 2153 142 2221 τὴν
168 2155 397 2226 ἀρίστην
420 2157 614 2227 ψυχὴν,
638 2159 670 2228 ἢ
702 2159 799 2229 τὴν
832 2160 1092 2215 ἐναντίαν.
1126 2192 1193 2202 —
1216 2158 1285 2213 Ὦ
1316 2163 1450 2228 ξένε,
1478 2165 1589 2217 ἀλλ’

52 2241 109 2292 ἐκ
133 2258 195 2307 γε
234 2244 343 2294 τῶν
369 2244 464 2297 νῦν
490 2246 808 2315 εἰρημένων,
847 2248 957 2316 οὐδ’,
996 2250 1138 2302 ὅσιον
1171 2250 1342 2314 άλλως
1370 2252 1531 2321 ἔχειν,
1556 2254 1587 2323 ἢ

56 2332 224 2384 πᾶσαν
254 2334 453 2406 ἀρετὴν
483 2334 707 2405 ἔχουσαν
732 2338 907 2409 ψυχὴν
938 2342 1090 2410 μίαν,
1123 2344 1409 2413 ιιι-πλείους
1440 2364 1591 2416 περι-

51 2422 196 2487 άγειν
230 2425 389 2477 αὐτά.
411 2426 779 2493 -Κάλλιστα,
814 2430 858 2483 ὦ
891 2434 1129 2496 Κλεινία,
1158 2436 1465 2507 ὑπήκουσας
1480 2442 1588 2501 τοῖς

51 2513 240 2579 λόγοις.
281 2516 410 2568 Τόδε
444 2516 498 2569 δὲ
522 2522 955 2589 προσεπάκουσον
991 2524 1086 2577 ἔτι.
1112 2558 1176 2566 —
1210 2529 1279 2579 Τὸ
1311 2531 1484 2591 ποῖον;
1517 2560 1583 2569 --

54 2602 250 2667 Ἥλιον,
275 2604 369 2656 καὶ
397 2604 642 2677 σελήνην,
670 2610 849 2663 καὶτὰ
877 2610 1009 2664 ἄλλα
1035 2613 1225 2683 ἄστρα,
1262 2614 1414 2684 εἴπερ
1443 2614 1583 2685 ψυχὴ

51 2694 294 2762 περιάγει
324 2695 518 2758 πάντα,
549 2693 636 2766 ἆρ’
665 2698 722 2750 οὐ
756 2691 847 2751 καὶ
879 2699 935 2751 ἓν
966 2701 1187 2753 ἕκαστον
1213 2718 1226 2765 ;
1256 2730 1321 2739 —-
1354 2705 1416 2755 Τί
1446 2708 1581 2774 μήν;

52 2814 113 2826 -
134 2784 265 2854 Περὶ
295 2785 412 2849 ἑνὸς
432 2786 493 2857 δὴ
518 2788 863 2859 ποιησώμεθα
885 2790 1088 2859 λόγους,
1118 2794 1166 2845 οἳ
1190 2794 1280 2845 καὶ
1301 2796 1390 2848 ἐπὶ
1414 2796 1585 2851 πάντα

53 2875 400 2943 ἁρμόττοντες
444 2880 571 2946 ἡμῖν
621 2877 687 2929 τά
722 2879 894 2950 άστρα
930 2880 1235 2949 φανοῦνται,
1284 2913 1351 2922 —
1402 2886 1581 2950 Tivog;

52 2994 111 3002 —
135 2964 311 3016 Ἡλίου
342 2964 448 3028 πᾶς
472 2966 751 3037 ἅνθρωπος
778 2968 932 3038 σῶμα
954 2969 1050 3039 μὲν
1071 2973 1188 3042 ὁρᾷ,
1216 2973 1386 3045 ψυχὴν
1414 2976 1469 3027 δὲ
1498 2978 1585 3028 οὺ-

51 3052 166 3113 δείς·
193 3055 313 3106 οὐδὲ
341 3055 448 3127 γὰρ
475 3056 631 3110 ἄλλου
672 3057 917 3128 σώματος
945 3060 1171 3126 οὐδενὸς,
1212 3064 1330 3117 οὔτε
1365 3066 1579 3130 ζῶντος,

1626 1860 1665 1911 Β

1716 614 1871 671 nibus
1900 622 2087 667 natura
2116 617 2304 670 similis
2333 626 2431 680 est,
2464 626 2516 669 et
2538 616 2743 671 amnem
2773 619 2818 672 ei
2848 635 3061 673 cursum
3093 624 3248 677 insti-

1713 707 1841 771 tuit;
1875 707 2118 776 sequitur
2164 710 2402 774 omnino,
2448 721 2505 762 ut
2546 710 2799 778 optimum
2825 712 2974 765 illum
3006 715 3242 767 animum

1712 799 1875 853 totius
1906 799 2139 853 universi
2182 815 2363 854 curam
2393 816 2572 869 gerere
2594 842 2608 865 ,
2638 810 2796 870 atque
2822 802 2949 857 illud
2978 820 3071 872 per
3102 808 3237 859 hanc

1712 892 1876 958 ipsam
1909 891 2049 961 viam
2084 906 2238 959 agere
2274 890 2551 947 fateamur.
2576 922 2644 936 --
2668 891 2826 947 Recte
2851 893 2901 947 id
2927 896 3243 962 quidem.—

1712 979 1803 1033 Sin
1855 990 2029 1034 autem
2079 982 2279 1035 furiose
2328 999 2391 1035 ac
2438 984 2740 1051 perturbate
2768 985 3019 1049 volvitur,
3044 995 3101 1041 ut
3144 988 3242 1041 huc

1708 1071 1846 1124 idem
1877 1070 2014 1123 malo
2051 1072 2229 1123 animo
2273 1073 2726 1128 tribuamus—Et
2754 1077 2890 1130 istud
2916 1076 3130 1156 quisque
3159 1094 3240 1133 rc-

1705 1172 1806 1214 cte.
1833 1193 1898 1201 —
1919 1160 2069 1215 Nunc
2104 1178 2229 1215 vero
2268 1164 2421 1231 cujus
2468 1167 2680 1220 tandem
2712 1177 2914 1222 natura:
2944 1170 3238 1223 intellectus

1707 1263 1903 1307 motum
1951 1270 2069 1307 esse
2113 1253 2467 1308 arbitramur?
2518 1256 2652 1311 Huic
2699 1273 2827 1313 sane
2869 1260 3176 1328 quazstiuni,
3206 1277 3238 1313 o

1706 1347 1881 1409 amici,
1916 1346 2181 1414 sapienter
2225 1347 2545 1415 respondere
2576 1346 2787 1402 dillicile
2812 1358 2909 1402 est.
2952 1347 3124 1414 Quare
3149 1364 3236 1402 ve-

1703 1455 1819 1492 rum
1856 1437 2013 1491 fuerit
2041 1440 2091 1491 in
2122 1439 2570 1506 praasentiaJianc
2600 1453 2684 1492 me
2706 1439 2854 1493 vobis
2885 1440 3232 1508 respondendi

1701 1544 1883 1582 curam
1920 1530 2207 1597 suscipere.
2251 1556 2318 1568 —-—
2354 1527 2525 1582 Probe
2554 1529 2805 1597 loqueris.
2835 1561 2903 1569 —
2940 1530 3234 1585 Caveamus

1701 1620 1880 1685 igitur,
1916 1635 1979 1673 ne
2011 1619 2236 1673 adverso
2282 1620 2436 1688 quasi
2468 1621 2611 1674 vultu
2658 1621 2711 1674 in
2755 1622 2920 1675 solem
2950 1622 3231 1687 intuentes,
3276 1620 3281 1626 ’

1700 1710 1916 1777 ipsaque
1943 1708 2161 1762 meridie
2181 1718 2387 1761 noctem
2414 1708 2743 1774 inducentes,
2774 1712 2990 1778 perinde
3014 1728 3232 1782 resp0n-

1696 1800 1934 1860 deamus,
1953 1808 2007 1851 ut
2040 1800 2082 1852 si
2107 1800 2418 1853 mortalibus
2448 1801 2618 1855 oculis
2648 1802 2941 1856 intellectus
2975 1805 3086 1872 ipse
3114 1821 3231 1873 per-

1694 1890 1859 1943 videri
1896 1890 2180 1958 aliquando
2215 1901 2413 1957 posset,
2446 1894 2766 1962 penitusque
2813 1896 3078 1963 cognosci.
3133 1898 3227 1951 Se~

1691 1982 1873 2035 curius
1896 1981 2071 2050 itaque
2099 1980 2275 2047 fuerit,
2311 1982 2455 2035 illum
2490 1987 2659 2052 ipsum
2690 1985 2861 2039 delixo
2883 1987 2933 2039 in
2956 1987 3070 2054 ejus
3098 1987 3229 2041 ima-

1690 2079 1864 2144 ginem
1892 2075 2084 2136 obtutu
2114 2076 2478 2143 contemplari.
2505 2107 2573 2116 —
2594 2075 2873 2142 Quomodo
2904 2079 3004 2134 hoc
3032 2080 3224 2134 intelli-

1690 2166 1889 2235 gis?—
1910 2165 2073 2233 Cujus
2102 2180 2165 2219 ex
2190 2166 2371 2220 decem
2403 2167 2507 2220 illis
2540 2168 2775 2223 motibus
2801 2170 3024 2224 similior
3077 2172 3228 2226 intel-

1690 2266 1858 2318 lectus
1888 2256 2066 2319 fuerit,
2098 2258 2217 2325 ejus
2265 2268 2323 2311 ut
2367 2259 2651 2329 imaginem
2680 2261 3005 2331 deligamus;
3064 2280 3222 2333 quam

1691 2350 1777 2403 ubi
1810 2348 1955 2402 vobis
1985 2349 2035 2400 in
2057 2348 2366 2410 memoriam
2393 2359 2791 2412 revocaro,tum
2820 2355 3219 2420 responsionem

1689 2438 1924 2491 omnium
1979 2450 2136 2491 causa
2182 2438 2573 2506 subjiciam.—
2617 2438 2825 2508 Optime
2875 2443 3127 2511 loqueris.
3154 2476 3221 2485 —-

1687 2527 2103 2597 Principio,illud
2118 2528 2300 2581 saltem
2316 2530 2655 2586 meminimus
2665 2534 3007 2588 constitutum
3022 2551 3051 2589 a
3066 2536 3219 2589 nobis

1687 2618 1869 2684 fuisse,
1888 2634 1952 2672 ex
1978 2619 2123 2673 omni
2142 2635 2318 2673 rerum
2337 2621 2676 2678 multitudine
2705 2627 2904 2681 moveri
2922 2629 3073 2692 alias,
3088 2629 3219 2682 alias

1685 2711 2046 2779 quiescere.--
2063 2710 2488 2766 Meminimus.——
2512 2714 2671 2785 627
2693 2715 2888 2772 Deinde
2917 2735 2981 2773 ex
3011 2721 3076 2774 iis
3102 2736 3219 2789 qua:

1686 2812 1981 2865 moventur,
2028 2804 2130 2856 alia
2177 2818 2285 2856 uno
2336 2805 2555 2872 inloco,
2594 2808 2645 2859 in
2675 2808 2913 2876 pluribus
2963 2811 3063 2863 alia
3104 2828 3216 2863 nm-

1686 2896 1813 2949 vcri.
1842 2925 1906 2934 —
1934 2895 2021 2950 Sic
2047 2905 2145 2951 est.
2171 2925 2235 2934 ——
2257 2894 2349 2951 His
2382 2898 2539 2966 igitur
2562 2913 2625 2951 ex
2657 2902 2885 2955 motibus
2906 2941 2918 2964 ,
2966 2918 3085 2955 eum
3123 2904 3211 2971 qui

1685 3001 1791 3038 uno
1830 3000 2037 3054 semper
2086 2986 2139 3037 in
2174 2986 2289 3039 loco
2337 2998 2603 3051 versetur,
2646 2990 2786 3042 circa
2836 2990 3065 3044 medium
3117 2994 3213 3044 ali-

1684 3075 1845 3144 quod,
1898 3076 1970 3127 uti
2016 3075 2242 3129 circulos
2296 3085 2449 3133 torno
2476 3075 2666 3140 factos,
2716 3078 2957 3135 videmus
3000 3082 3209 3149 agitari.
3262 3113 3269 3122 -

50 3142 158 3195 οὒτε
188 3145 546 3213 ἀποθανόντος
575 3190 589 3213 ,
631 3152 736 3205 τῶν
777 3152 927 3216 ζώων
962 3155 1187 3217 οὐδενός.
1243 3158 1395 3210 Ἀλλὰ
1433 3162 1583 3231 ἐλπὶς

1688 3175 1843 3233 atque
1874 3166 1936 3219 ad
1969 3166 2264 3219 intellectus
2290 3169 2690 3222 conversionem
2723 3169 3018 3226 imitatione
3050 3189 3112 3228 ac
3135 3176 3211 3229 si-

52 3234 204 3303 πολλὴ
232 3235 367 3305 (55),
397 3239 458 3289 τὸ
478 3241 733 3309 παράπαν
758 3242 817 3293 τὸ
838 3242 987 3309 γένος
1001 3246 1131 3313 ἡμῖν
1157 3245 1310 3297 τοῦτο
1330 3250 1581 3322 ἀναίσθη-

50 3341 129 3376 τον
159 3327 359 3389 πάσαις
385 3330 501 3390 ταῖς
529 3330 620 3382 τοῦ
657 3332 899 3400 σώματος
926 3333 1198 3402 αἰσθήσεσι
1232 3346 1583 3407 περιπεφυκέ-

50 3433 144 3477 ναι,
172 3418 358 3487 νοητὸν
398 3418 452 3470 δὲ
490 3422 663 3489 μόνον.
700 3420 801 3491 NQ
829 3422 891 3493 δὴ
934 3424 1024 3475 καὶ
1058 3418 1280 3495 νοήματι
1333 3428 1579 3502 λάὸωμεν

51 3508 198 3561 αὑτοῦ
232 3509 359 3578 περὶ
390 3509 447 3562 τὸ
478 3511 691 3565 τοιόνδε.
723 3542 788 3549 -
813 3514 997 3578 Ποῖον;
1028 3545 1095 3553 ——
1117 3517 1297 3571 ’Ἥλιον
1329 3523 1376 3578 ει
1430 3540 1579 3595 περι-

51 3592 155 3659 άγει
174 3594 343 3666 ψυχὴ,
372 3596 537 3668 τριῶν
559 3598 721 3670 αὐτὴν
742 3598 799 3653 ἓν
826 3600 1070 3669 λέγοντες
1096 3604 1242 3676 δρᾷν,
1282 3611 1461 3680 σχεδὸν
1481 3592 1576 3666 οὐκ

49 3684 459 3758 ἀποτευξόμεθα.
487 3719 555 3728 —
580 3690 776 3757 Τινων;
810 3723 877 3731 -
913 3693 997 3755 Ὠς
1025 3694 1055 3763 ἢ
1097 3696 1289 3752 ἐνοῦσα
1328 3703 1473 3768 ἐντὸς
1502 3706 1575 3775 τῷ

50 3780 319 3848 περιφερεῖ
337 3779 507 3848 τούτῳ
533 3783 833 3852 φαινομένῳ
867 3784 1091 3854 σώματι,
1126 3788 1299 3860 πάντη
1340 3793 1577 3865 διακομί-

48 3861 121 3927 ζει
156 3867 213 3920 τὸ
248 3869 514 3933 τοιοῦτον,
562 3871 806 3943 καθάπερ
854 3876 996 3944 ἡμᾶς
1031 3880 1061 3944 ἡ
1114 3882 1241 3949 παρ’
1271 3884 1401 3951 ἡμῖν
1433 3861 1572 3955 ψυχὴ

49 3956 204 4027 πάντη
230 3962 530 4031 περιφέρει’
554 3961 586 4031 ἦ
615 3963 772 4015 ποθεν
795 3963 987 4028 ἔξωθεν
1015 3966 1168 4038 σῶμα
1195 3972 1326 4041 αὐτῇ
1356 3990 1572 4042 πορισαο

52 4046 168 4117 μένη
190 4050 358 4119 πυρὸς
383 4052 417 4121 ἦ
447 4068 589 4116 τινος
612 4054 769 4123 άέρος
786 4095 800 4117 ,
831 4057 905 4119 ὡς
928 4056 1078 4124 λόγος
1107 4060 1219 4111 ἐστι
1247 4079 1423 4126 τινων,
1446 4065 1574 4118 ὠθεῖ

158 4138 365 4208 σώματι
421 4142 677 4215 σῶμαοῆ
720 4146 918 4214 τριτον,
968 4147 1103 4217 αὐτὴ
1149 4148 1274 4219 ψιλὴ
1328 4152 1570 4221 σώματος

46 4220 182 4289 οὖσα,
211 4228 411 4298 ἔχουσα
425 4230 480 4283 δὲ
494 4232 743 4303 δυνάμεις
760 4235 920 4299 ἄλλας
945 4238 1095 4299 τινὰς
1120 4220 1565 4309 ὑπερϐαλλούσας,

49 4316 260 4387 θαύματι
312 4321 545 4391 ποδηγεῖ.
588 4356 652 4364 -
680 4325 803 4378 Ναί.
844 4358 910 4367 —-
942 4328 1108 4381 Τοῦτο
1170 4332 1266 4400 μὲν
1320 4336 1523 4411 άνάγκη
1551 4380 1563 4401 ,

48 4407 229 4461 τούτων
254 4410 316 4463 ἓν
340 4412 403 4479 γέ
427 4429 479 4464 τι
504 4412 707 4483 δρῶσαν
732 4415 905 4486 ψυχὴν
943 4419 1114 4472 πάντα
1146 4407 1347 4490 διάγειν
1385 4426 1511 4496 (56).
1545 4450 1561 4481 ι

1689 3257 2002 3318 militudine,
2034 3270 2189 3323 quam
2224 3257 2461 3323 proxime
2494 3257 2607 3311 ﬁeri
2640 3263 3097 3328 potest,accedere
3124 3283 3213 3319 ne-

1684 3360 1832 3399 cesse
1881 3352 1980 3398 est.
2009 3372 2075 3383 -
2099 3341 2307 3398 Clarius
2354 3346 2528 3413 istud,
2578 3364 2772 3417 quaso.
2800 3382 2869 3389 —
2902 3351 3132 3421 Nempe,
3166 3358 3209 3408 si

1684 3445 2002 3503 utrumque,
2039 3437 2358 3490 intellectum
2381 3476 2394 3499 ,
2432 3438 2643 3508 inquam
2665 3482 2679 3507 ,
2723 3451 2773 3495 et
2804 3452 3004 3496 motum
3037 3445 3207 3509 illum,

1681 3523 1770 3591 qui
1802 3538 1905 3577 uno
1934 3540 2143 3593 semper
2173 3527 2225 3579 in
2256 3527 2371 3581 loco
2396 3537 2657 3593 versatur,
2705 3546 2811 3599 quo
2848 3534 3005 3587 modo
3034 3537 3202 3603 sphae-

1682 3631 1794 3668 ram
1822 3616 2049 3685 aliquam
2074 3618 2209 3671 volvi
2238 3620 2445 3673 solitam
2475 3621 2851 3699 videmus,una
2885 3639 3093 3693 semper
3120 3642 3208 3679 ea-

1680 3707 1906 3777 demque
1936 3710 2159 3776 ratione,
2200 3711 2251 3763 in
2287 3712 2492 3773 eodem,
2537 3713 2675 3765 circa
2705 3715 2909 3775 eadem,
2952 3723 3111 3782 atque
3139 3716 3205 3767 ad

1679 3796 1881 3862 eadem,
1915 3813 2126 3866 unoque
2155 3799 2341 3852 ordine
2372 3801 2605 3853 converti
2633 3800 2953 3868 dixerimus;
2984 3804 3200 3867 nemini,

1678 3886 1885 3953 Opinor,
1920 3886 2199 3953 praeclaras
2244 3887 2496 3955 imagines
2520 3889 2885 3957 ratiocinando
2927 3907 3201 3961 perperam

1677 3974 1870 4042 fingere
1923 3975 2109 4027 merito
2142 3976 2431 4051 videamur.
2463 4004 2530 4017 -—
2556 3976 2762 4045 Optime
2790 3981 2839 4033 id
2867 3984 3100 4049 quidem.
3132 4016 3203 4026 —

1676 4062 1811 4133 Ergo
1843 4064 1971 4117 alter
2004 4064 2087 4117 ille
2109 4075 2305 4130 motus,
2351 4068 2439 4136 qui
2476 4085 2747 4138 nunquam
2782 4073 3068 4142 similiter,
3103 4093 3200 4132 nec

1672 4154 1960 4207 secundum
1992 4155 2195 4216 eadem,
2229 4172 2323 4209 nec
2369 4158 2422 4209 in
2464 4158 2668 4223 eodem,
2710 4175 2807 4213 nec
2832 4160 2971 4216 circa
2994 4166 3198 4231 eadem,
3239 4195 3247 4202 -

1672 4259 1771 4300 nec
1791 4246 1853 4299 ad
1884 4246 2087 4313 eadem,
2115 4263 2212 4301 nec
2242 4262 2350 4303 uno
2378 4249 2429 4301 in
2454 4250 2591 4313 loco,
2620 4266 2717 4305 nec
2739 4258 2861 4320 apto
2893 4257 3121 4323 quodam
3148 4272 3198 4313 et

1672 4339 1896 4409 eleganti
1930 4339 2133 4405 ordine,
2179 4356 2274 4395 nec
2309 4351 2451 4396 certa
2481 4345 2687 4397 ratione
2714 4356 3195 4410 versatur,sumn.a

1673 4444 1793 4484 cum
1846 4433 2073 4485 amentia
2118 4433 2433 4501 coniunctus
2466 4435 2648 4489 haberi
2692 4436 2955 4491 debet.—
2986 4440 3050 4494 Et
3097 4443 3195 4498 hoc

50 4498 209 4553 Ταῦτα
238 4502 337 4570 μὲν
363 4497 454 4555 οὖν
482 4504 540 4555 ἐν
565 4504 642 4575 τῷ
662 4506 866 4577 δεκάτῳ
890 4509 994 4561 τῶν
1018 4514 1225 4581 Νόμων
1252 4515 1459 4587 εἴρηται
1490 4522 1567 4590 τῷ

1684 4538 1880 4591 quoque
1909 4524 2263 4577 verissimum.
2295 4556 2361 4564 —
2385 4524 2500 4579 Jam
2523 4542 2647 4597 ergo
2678 4530 2849 4597 palam
2881 4535 3111 4600 proﬁteri
3134 4534 3194 4584 lt-

50 4589 317 4662 φιλοσόφῳ.
335 4595 443 4647 Καὶ
479 4595 535 4648 ὲν
556 4596 634 4666 τῷ
661 4598 889 4667 Φιλήϐῳ
907 4600 961 4653 δὲ
977 4603 1289 4670 ἐπάκουσον,
1308 4608 1451 4672 ὅπως
1472 4589 1567 4664 xa—

48 4684 344 4749 τασκευάζει
375 4685 627 4740 διάνοιαν.
648 4706 666 4738 ι
690 4688 891 4753 Πάντες
924 4690 1029 4763 γὰρ
1050 4694 1159 4764 (57)
1197 4700 1566 4766 συμφωνοῦσιν

49 4772 91 4822 ol
118 4777 278 4843 σοφοὶ,
304 4777 471 4844 ὅντως
494 4780 620 4850 (38)
660 4783 877 4846 ἑαυτοὺς
916 4786 1260 4853 σεμνύνοντες
1282 4829 1293 4850 ,
1323 4791 1396 4852 ὼς
1444 4793 1565 4854 νοῦς

50 4860 148 4913 ἐστι
174 4864 422 4932 βασιλεὺς
448 4872 576 4939 ἡμῖν
612 4854 836 4947 οὐρανοῦ
857 4891 915 4925 τε
949 4877 1039 4927 καὶ
1066 4877 1184 4947 γῆς’
1222 4880 1311 4930 καὶ
1352 4881 1475 4943 ἴσως
1504 4878 1560 4933 εὖ

49 4948 260 5018 λέγουσι,
278 4957 377 5010 Διὰ
394 4945 738 5035 μακροτέρων
758 4964 822 5026 δ’,
841 4966 887 5016 ει
912 4963 1103 5033 βούλει,
1125 4945 1224 5035 τὴν
1246 4968 1433 5035 σκέψιν
1462 4972 1559 5021 αὐ-

49 5042 128 5096 τοῦ
166 5046 254 5100 τοῦ
295 5050 482 5116 γένους
521 5054 887 5125 ποιησώμεθα.
916 5088 973 5095 -
1004 5055 1135 5123 Λέγε
1177 5058 1319 5119 ὅπως
1357 5058 1557 5126 βούλει,

108 5198 219 5283 (ξεί).
246 5204 468 5283 Οὖσαιζ.
509 5206 843 5283 Sieomnino
873 5213 1147 5283 legendum
1169 5257 1183 5278 ,
1226 5230 1328 5267 non
1366 5216 1555 5279 οὐσῶν,

64 5278 101 5322 ιι
122 5269 260 5342 Plato
284 5283 335 5327 et
364 5277 510 5342 prior
533 5279 717 5332 editio.

109 5340 208 5417 (54)
252 5340 686 5417 Ἀπέικιισμένω
725 5346 797 5402 Ita
843 5360 987 5403 recte
1033 5351 1211 5417 Plato,
1256 5370 1359 5408 non
1408 5357 1559 5410 ἀπει-

58 5411 317 5489 (ασ-μένην,
334 5415 487 5489 quod
511 5411 791 5489 perperam
800 5428 933 5489 ante
960 5411 1246 5489 legebatur.
1292 5459 1296 5463 ι

108 5480 209 5551 (35)
253 5480 450 5549 Ἐλέτὶς
494 5480 713 5551 imitri.
771 5486 884 5541 Non
922 5480 1080 5543 vertit
1130 5490 1363 5548 Fieinus.
1416 5495 1553 5551 Idem

53 5556 149 5611 est,
186 5566 258 5624 ac_
283 5553 604 5619 κινδυνεύει,
635 5556 833 5621 ἔοικεν,
868 5558 1147 5624 φαίνεται,
1196 5569 1248 5615 et
1274 5574 1459 5618 ca-tera
1506 5570 1554 5621 id

56 5632 196 5701 genus
231 5621 435 5679 Platoni
470 5625 780 5691 familiaria,
808 5621 928 5681 cum
953 5629 1240 5683 verisimile
1272 5634 1400 5701 quid
1436 5653 1554 5691 esse

54 5698 130 5739 ειη.
1234 5742 1239 5747 .

111 5758 207 5830 (36)
242 5763 481 5833 Διάγειν.
524 5766 714 5823 Mirum
756 5776 835 5823 est
881 5770 1198 5838 praeteritam
1235 5772 1297 5827 ab
1326 5773 1551 5832 Eusebio

1666 4624 1810 4677 ceat,
1879 4615 2305 4684 quandoquidem
2364 4618 2575 4672 animus
2628 4620 2672 4673 is
2724 4630 2839 4685 est,
2878 4626 2967 4690 qui
3023 4632 3193 4676 versat

1666 4708 1862 4771 omnia,
1897 4709 2062 4775 ipsam
2093 4724 2305 4777 quoque
2330 4710 2449 4764 οωΙί
2479 4716 2872 4768 conversionem
2906 4716 3063 4766 animi
3089 4717 3189 4768 ali»

1663 4800 1837 4866 cujus,
1869 4814 1962 4851 seu
2006 4800 2151 4854 boni.
2189 4816 2281 4854 seu
2326 4806 2575 4857 contrarii
2612 4807 2832 4859 arbitrio
2856 4820 2917 4857 ac
2942 4805 3189 4859 modera-

1663 4889 1807 4939 tione
1836 4887 2525 4956 gubernari.—Enimvero,
2557 4896 2625 4946 mi
2658 4895 2865 4961 hospes,
2886 4908 2949 4946 ex
2982 4895 3047 4947 iis
3073 4911 3191 4962 qua:

1655 4976 1875 5047 jamjam
1904 4978 2042 5034 dicta
2080 4990 2222 5046 sunt,
2256 4984 2397 5037 aliud
2428 4985 2733 5053 "quidquam
2781 4992 3013 5047 statuere
3040 4985 3188 5039 nefas

1660 5068 1761 5135 sit,
1797 5085 1955 5139 quam
1981 5072 2090 5127 sive
2120 5089 2283 5128 unum
2314 5075 2541 5143 aliquem
2583 5074 2839 5140 animum,
2874 5076 2983 5129 sive
3008 5076 3186 5147 plures

1660 5233 1963 5297 sequentem
1993 5227 2285 5294 periodum,
2311 5245 2426 5297 qua:
2452 5230 2720 5297 conceptis
2744 5230 2915 5287 verbis
2946 5232 3180 5285 animum

1660 5293 1826 5353 illum.
1856 5293 2017 5347 alium
2058 5313 2158 5349 non
2188 5312 2304 5350 esse
2328 5293 2489 5363 quam
2528 5293 2712 5355 Deum.
2757 5300 2826 5352 ita
2868 5301 3133 5354 concludit
3166 5322 3176 5354 :

1656 5363 1825 5446 θύτοῦ
1853 5364 2041 5453 (ἠξίου)
2071 5365 2131 5433 δὴ
2152 5367 2372 5453 1invenire}
2408 5366 2605 5453 ταύτην
2634 5368 3095 5453 τὴνηψυχηνηεῐτε
3125 5373 3181 5423 ἐν

1658 5433 1891 5505 ἅρμασιν
1918 5433 2266 5505 ἔχουσαγήμῖν
2294 5434 2438 5502 ἥλιον
2457 5476 2469 5495 ,
2511 5436 2628 5502 άγει
2670 5433 2781 5505 φῶς
2810 5433 2918 5499 τοῖς
2961 5439 3179 5505 ἅπασιν,

1657 5504 1750 5578 εἴτ’
1767 5502 1978 5578 ἔξωθεν,
2002 5502 2277 5578 εἴθ’ᾕπως,
2311 5502 2712 5578 εἴθ’-ὅπη,Θεὸν
2737 5507 2980 5578 ἡγεῖσθαι
3004 5502 3177 5578 χρεὼν

1658 5574 1825 5647 πάντα
1866 5572 2129 5647 ἄνδρα,ιῆ
2164 5572 2435 5647 πῷςλκαὶ
2459 5614 2471 5635 ,
2515 5571 2601 5627 τόν
2644 5571 2705 5642 γέ
2738 5571 2838 5627 που
2881 5577 2953 5647 μὴ
3002 5571 3093 5633 Eii-tl.
3121 5583 3179 5634 τὸ

1654 5642 1870 5709 ἔσχατον
1900 5642 2187 5709 ἀφιγμένον
2214 5642 2409 5704 ἀνοίας.

1725 5710 1828 5776 (57)
1857 5709 2078 5774 Πάντες
2105 5711 2228 5782 γᾴρ.
2258 5712 2423 5776 Plato,
2455 5729 2572 5782 pag.
2604 5712 2666 5766 79
2698 5712 2756 5766 Ι).

1722 5781 1828 5848 (58)
1865 5782 2089 5846 Ὄντως.
2127 5780 2310 5837 Melius
2342 5780 2496 5851 quam
2530 5780 2595 5838 'ut
2628 5784 2677 5837 iu
2712 5784 2949 5856 Platone,
2984 5790 3166 5852 οὕτως.
