4004 6342
795 438 924 492 1οιίὸ

1437 436 1695 492 EUSEBII
1714 434 2176 492 CA‘JSARIEN'SlS
2214 433 2299 484 υἱ)

2411 433 2580 487 ιιυιδ
2623 435 2683 489 ΙΙ.
2727 469 2788 478 -—-
2843 439 3329 494 APULOGETICA.

3822 441 3914 491 mu
3972 441 3973 508 ξ

791 551 932 603 oumi
964 550 1166 602 virtutis
1196 565 1384 618 genere
1411 561 1751 617 prmstantes,
1794 565 2075 614 corporum
2104 548 2299 600 illorum

2426 549 2584 614 μηδὲν
2617 550 2781 618 μῆκος
2817 551 3254 620 ὑπολογιζόμενος
3295 554 3438 619 ἡμῖν,
3474 544 3518 602 ὥ
3545 550 3841 617 Σώκρατες,
3868 551 3915 610 re;
3972 589 3973 592 η

791 641 1124 693 conversioni
1157 654 1398 707 pla-csse.
1426 670 1493 680 -——
1520 641 1736 710 Egregie
1755 682 1769 704 ,
1797 641 1868 692 mi
1890 641 2061 693 Clinia
2083 681 2096 696 .
2133 638 2323 704 dispu-

792 731 1006 782 tationis
1033 729 1188 796 hujus
1219 730 1323 781 vim
1355 730 1560 796 cepisti.
1613 728 1713 782 Sed
1751 739 1924 781 tamen
1959 728 2161 780 audisis
2193 727 2322 778 illud

789 834 1017 888 quoque.
1048 850 1115 860 ——
1155 817 1545 883 Quiduam?—
1589 819 1798 881 Solem,
1849 821 2024 871 lunam
2070 828 2326 885 astraque

787 919 1008 970 caetera,
1047 908 1092 963 si
1132 910 1341 964 animus
1385 911 1627 964 universa
1669 909 2013 980 circumagit,
2059 909 2322 975 numquid

787 999 944 1050 etiam
976 999 1174 1066 singula
1191 999 1214 1049 ?
1231 1029 1297 1039 —
1319 998 1512 1064 Quidni
1534 1000 1712 1067 enimi?
1736 1029 1793 1040 —
1833 986 1906 1052 De
1931 1014 2038 1052 uno
2068 999 2226 1068 igitur
2253 1013 2321 1053 ea

788 1087 1049 1149 dicamus,
1100 1104 1217 1156 qua:
1266 1091 1315 1141 in
1365 1091 1620 1158 reliquam
1654 1090 1888 1143 siderum
1923 1090 2318 1144 multitudinem

785 1181 1065 1232 convenire
1115 1180 1334 1245 possint.
1365 1211 1432 1220 -
1471 1181 1589 1246 Quo
1613 1181 1676 1234 de
1700 1183 2001 1234 aitem‘3—
2022 1180 2161 1235 Solis
2194 1195 2312 1234 wr-

789 1281 886 1333 pus
913 1283 1067 1322 nemo
1094 1285 1196 1321 non
1225 1270 1382 1334 videt,
1429 1272 1667 1324 animum
1702 1272 1842 1324 videt
1871 1287 2043 1343 nemo.
2076 1301 2143 1309 -—
2175 1270 2312 1336 Quid

788 1355 1101 1407 mirum?—-
1128 1354 1203 1410 Ne
1238 1358 1395 1410 ullius
1437 1360 1650 1426 quidem
1702 1359 1920 1413 alterius
1961 1361 2309 1413 animantium

784 1445 1041 1512 corporis,
1072 1461 1162 1500 seu
1189 1447 1411 1500 viventis
1435 1448 1628 1508 adhuc,
1670 1464 1761 1502 seu
1791 1449 1900 1516 jam
1929 1450 2143 1503 mortui.
2207 1450 2308 1502 Sed

785 1533 1032 1587 nimirum
1057 1537 1326 1600 probabile
1348 1536 1630 1591 admodum
1657 1547 1756 1601 est,
1794 1552 1959 1607 genus
1986 1539 2110 1591 illud
2141 1547 2307 1591 totmn

782 1624 1038 1689 ejusmodi
1065 1640 1214 1690 esse,
1248 1627 1391 1694 quod
1431 1642 1616 1682 omnes
1643 1630 1881 1696 corporis
1914 1644 2104 1682 sensus
2127 1629 2196 1681 ita
2224 1628 2306 1680 fu—

783 1713 911 1781 giat,
942 1725 996 1766 ut
1031 1723 1204 1769 tamen
1242 1717 1599 1786 intelligentia:
1624 1718 1671 1770 vi
1702 1719 1957 1786 capiatur.
2014 1717 2184 1772 Mente
2212 1719 2306 1786 igi-

782 1811 867 1855 tur
892 1812 1049 1872 atque
1077 1805 1439 1875 intelligentia,
1467 1810 1606 1876 quod
1639 1825 1668 1862 a
1700 1809 1850 1862 nobis
1871 1809 1935 1862 de
1961 1808 2051 1861 illo
2075 1810 2303 1874 additur,

2425 641 2518 689 οὐκ
2547 639 2992 709 άπεχοησόμεκθος.
3035 670 3097 678 -
3129 641 3314 704 Καλῶς
3340 639 3513 702 εἶπας.
3560 640 3851 708 augmine;
3972 635 3973 694 Ῑ

2423 745 2535 790 πως
2571 723 2669 780 ὧδε
2723 729 3179 798 ἐπανερωτῶντες.
3215 760 3277 768 --
3311 730 3430 791 Πῶς
3455 746 3468 790 ;
3495 759 3562 766 -
3596 728 3849 796 Πότερον,
3888 722 3914 776 ὦ

2423 820 2732 890 Πρώταρχε,
2774 822 2838 874 τά
2869 821 3186 888 ξύμπαντα,
3227 822 3317 872 καὶ
3360 820 3474 872 τόδε
3522 819 3582 871 τὸ
3635 817 3913 886 καλούμενοι

2419 911 2562 972 ὅλον,
2611 912 2976 980 ἐπιτροπεύειν
3009 912 3189 980 φῶμεν
3228 911 3321 979 τὴν
3358 911 3446 962 τοῦ
3479 909 3675 976 ἀλόγου
3721 908 3804 960 καὶ
3828 910 3914 974 εἰκῆ

2419 1001 2659 1068 δύναμιν,
2689 1002 2778 1054 καὶ
2801 1002 2870 1052 τὰ
2897 1004 2999 1069 ὅπη
3027 1002 3246 1070 ἐτυχενς
3275 1002 3306 1070 ἢ
3333 999 3609 1063 τάναντία,
3631 997 3860 1067 καθάπερ
3882 1003 3914 1049 0-!

2419 1090 2646 1158 1:96:02»
2671 1091 2823 1160 ἡμῶν
2851 1092 3049 1158 ἔλεγον,
3075 1091 3193 1143 νοῦν
3215 1092 3307 1141 καὶ
3329 1090 3583 1159 φρόησίν
3603 1107 3722 1145 τινα
3751 1089 3914 1156 Θαυμα-

2419 1181 2544 1248 στὴν
2574 1182 2959 1234 συντάττουσαν
2981 1180 3331 1250 διακυϐερνᾷν
3355 1179 3602 1242 ;-Οὑδὲν
3627 1179 3734 1230 τῶν
3759 1178 3914 1236 αὐτῶν.

2417 1264 2461 1321 ὦ
2488 1270 2749 1339 θαυμάσιε
2773 1271 3068 1339 Σώκρατες.
3110 1272 3172 1321 ’Ὁ
3205 1270 3304 1338 μὲν
3329 1270 3436 1339 γάρ
3468 1270 3530 1338 δὴ
3555 1271 3618 1322 σὺ
3648 1268 3914 1336 λέγειςηῦν

2417 1362 2520 1412 οὐδ’
2546 1363 2689 1413 ὅσιον
2713 1356 2845 1413 εἶναί
2881 1379 2985 1429 μοι,
3008 1362 3252 1429 φαίνεται
3279 1379 3290 1390 ’
3317 1360 3377 1412 τὸ
3397 1361 3453 1411 δὲ
3488 1360 3612 1412 νοῦν
3639 1360 3808 1412 πάντα
3827 1359 3914 1410 δια-

2417 1447 2633 1513 κοσμεῖν
2662 1446 2798 1497 αὐτὰ
2824 1445 2984 1513 φάναι
3000 1489 3014 1510 ,
3039 1447 3131 1498 καὶ
3157 1446 3252 1514 τῆς
3281 1446 3450 1513 ὂψεως
3485 1445 3580 1498 τοῦ
3610 1447 3823 1513 κόσμου,
3848 1449 3915 1498 καὶ

2415 1533 2582 1601 ἡλίου,
2611 1534 2702 1585 καὶ
2735 1534 2977 1603 σελήνης,
3026 1534 3117 1586 καὶ
3153 1533 3379 1603 ἄστρων,
3411 1533 3502 1585 καὶ
3538 1533 3717 1603 πάσης
3739 1533 3826 1602 τῆς

2414 1627 2634 1693 ριιρορᾶς
2671 1624 2836 1688 ἄξιον,
2863 1627 2954 1678 καὶ
2978 1625 3257 1687 οῦκάλλως
3281 1624 3440 1691 ἔγωγ’
3462 1622 3526 1676 ἄν
3553 1641 3679 1675 ποτε
3718 1625 3914 1693 περὶαύ-

2414 1715 2522 1770 τῶν
2541 1716 2765 1782 εἴποιμι,
2797 1716 2906 1767 οὐδ’
2929 1716 2992 1768 ἂν
3007 1714 3488 1784 δόξαιμι.-Βούλει
3519 1715 3653 1782 δῆτα
3684 1715 3772 1766 καὶ
3793 1718 3915 1785 ἡμεῖς

2407 1808 2522 1865 τοῖς
2577 1803 2875 1873 ἔμπροσθεν
2920 1804 3354 1872 ὁμολογουμένοις
3419 1803 3819 1872 ξυμφήσωμεν,
3861 1807 3914 1864 ὡς

780 1891 1143 1947 informemus.
1173 1925 1237 1933 -—
1269 1896 1404 1960 Quid
1435 1898 1560 1951 illud
1585 1899 1682 1949 ?——
1704 1898 1879 1951 Solem
1904 1901 1948 1953 si
1974 1900 2185 1953 animus
2211 1901 2299 1952 eir-

2407 1894 2560 1948 ταῦθ’
2588 1872 2754 1958 οὕτως
2775 1895 2913 1964 ἔχεις
2955 1897 3047 1946 καὶ
3085 1887 3156 1962 μὴ
3187 1893 3341 1962 μόνον
3365 1893 3471 1962 (59)
3496 1893 3734 1962 οἰώμεθα
3754 1895 3847 1946 δεῖν
3870 1894 3915 1944 τὰ

780 1983 1034 2051 cumagit,
1089 2000 1117 2037 e
1165 1986 1334 2040 tribus
1385 2003 1546 2039 unum
1590 1989 1655 2040 ab
1686 2005 1748 2042 eo
1778 1990 1889 2042 lieri
1922 1991 1965 2044 si
1993 1991 2305 2056 dixerimus,

779 2072 937 2136 haud,
961 2075 1168 2142 opinor,
1218 2077 1807 2143 aberrabimus—Quae
1836 2089 1888 2133 tu
1919 2081 2047 2133 mihi
2078 2082 2177 2134 tria
2199 2083 2220 2132 ?
2244 2113 2310 2120 —

776 2157 1072 2224 Nimirum,
1109 2173 1200 2216 aut
1247 2166 1508 2219 inclusum
1537 2169 1702 2238 628
1728 2169 1955 2223 rotundo
2002 2171 2122 2233 illo,
2165 2171 2306 2239 quod

775 2250 1062 2317 cernimus,
1092 2267 1312 2320 corpore
1337 2257 1593 2318 animum,
1631 2259 1756 2311 illud
1780 2275 1989 2312 omnem
2025 2261 2075 2311 in
2102 2271 2303 2327 partem

773 2339 1134 2404 circumferre,
1167 2344 1243 2395 uti
1273 2359 1699 2412 quoquoversum
1732 2363 1760 2400 a
1787 2359 1972 2403 nostro
2001 2350 2097 2418 ipsi
2123 2350 2302 2403 animo

773 2430 1197 2486 eireumferimnr
1237 2449 1252 2487 :
1300 2445 1390 2488 aut
1417 2438 1662 2491 eumdem
1706 2439 1890 2494 induto
1925 2441 2025 2495 sibi
2074 2441 2303 2503 aliunde,

773 2521 852 2573 vel
880 2521 1053 2590 igneo,
1090 2524 1167 2577 vel
1202 2541 1280 2579 aen
1297 2527 1346 2578 io
1369 2542 1607 2596 corpore,
1633 2529 1772 2597 quod
1807 2532 2048 2585 nonnulli
2078 2531 2302 2596 malunt,

770 2611 1010 2678 corporis
1044 2613 1090 2664 vi
1112 2629 1308 2682 corpus
1337 2617 1601 2685 impellere
1639 2639 1648 2670 :
1685 2631 1774 2672 aut
1801 2635 2092 2683 posrremo,
2128 2622 2302 2689 ipsum

772 2699 940 2764 illum,
969 2712 1026 2754 ut
1058 2718 1279 2772 corpore
1301 2709 1442 2759 omni
1476 2723 1566 2775 per
1596 2724 1713 2763 sese
1743 2720 1939 2772 careat,
1980 2712 2098 2764 aliis
2128 2722 2300 2765 tamen

767 2790 1083 2858 eximiisque
1112 2794 1313 2848 viribus
1342 2795 1679 2859 instructum,
1737 2800 2033 2852 admirabili
2069 2801 2300 2869 quodam

769 2880 927 2935 modo
960 2883 1122 2936 solem
1154 2884 1507 2940 deducere.—
1542 2886 1698 2942 Sane.
1733 2920 1798 2928 —
1831 2889 1911 2942 Ab
1941 2891 2142 2952 animo,
2172 2891 2300 2943 dum

765 2973 926 3029 exiis
957 2992 1120 3030 unum
1163 2979 1362 3047 aliquid
1411 2980 1586 3046 eﬂieil,
1618 2983 1818 3034 versari
1861 2983 2039 3035 omnia
2086 2984 2300 3052 regique

767 3077 983 3118 necesse
1026 3078 1126 3120 est.
1167 3086 1185 3117 ι
1221 3068 1392 3135 Atque
1437 3071 1548 3124 hrre
1595 3071 1939 3138 philosophus
1978 3070 2165 3139 Legum
2207 3071 2300 3124 de-

765 3154 1118 3244 cim-oauAudi
1144 3156 1254 3224 jam
1282 3158 1726 3226 quemadmodum
1757 3161 1810 3213 in
1837 3159 2055 3211 Philebo
2086 3170 2297 3212 senten-
2325 3187 2367 3244 ο

767 3241 892 3294 tiam
929 3241 1015 3296 ille
1044 3258 1194 3296 suam
1227 3254 1451 3298 astruat.
1493 3266 1510 3295 ι
1536 3245 1833 3314 Sapientes,
1861 3248 2053 3314 inquit,
2086 3264 2293 3311 omnes,

764 3331 854 3397 qui
882 3332 1038 3386 modo
1062 3333 1183 3400 jure
1233 3336 1332 3388 hoc
1378 3337 1590 3390 nomine
1619 3339 1942 3406 gloriantur,
1977 3340 2297 3394 intellectum

765 3420 884 3473 εαξη
916 3431 1282 3492 terrarumque
1315 3441 1486 3493 regem
1511 3443 1628 3481 esse
1655 3430 2016 3482 consentiunt.
2059 3432 2134 3484 Ae
2164 3430 2298 3483 forte

764 3513 977 3579 quidem
1023 3526 1123 3566 noc
1172 3527 1331 3569 recte.
1373 3516 1479 3571 Nos
1520 3534 1646 3573 vero
1679 3519 1721 3573 si
1754 3525 1952 3588 placet,
1984 3521 2155 3575 fusms
2185 3537 2295 3574 rem

764 3613 925 3656 totam
946 3604 1265 3672 uberiusque
1285 3607 1743 3662 tractemus—Tu
1770 3611 1994 3670 vero,uti
2015 3609 2293 3674 videbitur,

761 3709 796 3748 o
825 3694 1092 3759 Socrates,
1127 3712 1222 3751 nec
1256 3697 1414 3751 ullam
1448 3700 1547 3753 hoc
1592 3700 1643 3752 in
1693 3715 1884 3768 genere
1912 3699 2294 3770 longitudinem

762 3797 1000 3848 vereare,
1033 3801 1154 3838 cum
1187 3788 1382 3841 nemini
1412 3789 1667 3844 molestus
1693 3791 1768 3845 sis
1793 3790 2023 3844 futurus.
2055 3821 2124 3830 —
2155 3790 2293 3844 Prae-

762 3877 922 3929 clare.
989 3876 1304 3946 Incipiamus
1369 3879 1529 3948 igitur
1584 3881 1724 3934 hunc
1781 3881 1834 3934 in
1877 3881 2093 3934 modum
2149 3896 2293 3949 qua:-

763 3985 898 4023 rere.
917 3999 983 4009 —
1011 3969 1197 4035 Quem,
1230 3971 1508 4024 sodes?—
1537 3969 1744 4037 Utrum,
1771 3977 1840 4027 mi
1870 3958 2179 4036 Protarehe,
2211 3989 2294 4028 res

760 4075 969 4126 omnes,
1005 4071 1162 4130 atque
1201 4061 1320 4123 hoc,
1357 4062 1431 4114 uti
1475 4077 1747 4126 vocamus,
1797 4066 2100 4118 universum
2134 4081 2292 4120 casus

759 4163 811 4206 et
862 4152 1083 4206 fortuna:
1129 4153 1177 4205 vi
1209 4137 1422 4206 temere
1469 4154 1552 4222 agi
1613 4153 1929 4219 statuimus;
1973 4171 2038 4208 an
2090 4165 2289 4219 contra,

760 4244 1204 4310 quemadmodum
1239 4244 1468 4311 majores
1514 4246 1680 4298 nostri
1731 4245 1961 4307 voluere,
2013 4246 2206 4298 mentis
2233 4262 2294 4299 ac

762 4333 1031 4400 sapientia:
1059 4333 1335 4400 cujusdam
1368 4333 1697 4388 admirabilis
1724 4336 1949 4390 consilio
1976 4336 2294 4404 gubernari?

758 4448 776 4454 -
807 4446 822 4454 -
845 4417 1013 4481 Absit,
1049 4432 1080 4469 ο
1105 4418 1493 4485 sapientissime
1521 4418 1782 4482 Socrates.
1812 4421 1884 4471 uti
1913 4422 2059 4487 prius
2099 4420 2227 4474 illud
2262 4437 2290 4473 a

2410 1988 2660 2055 ἀλλότρια
2680 1988 2803 2040 ἄνευ
2836 1983 3086 2037 κινδύνων
3131 1985 3301 2051 λέγειν
3326 2024 3339 2046 ,
3369 1983 3501 2035 ἀλλὰ
3545 1985 3638 2035 καὶ
3673 1984 3915 2049 συγκινδυ-

2415 2077 2657 2142 νειῖωμεν
2676 2111 2689 2134 ,
2722 2073 2810 2126 καὶ
2845 2073 3148 2142 μετέχωμεν
3178 2071 3269 2123 τοῦ
3307 2072 3472 2140 ψόγου
3492 2114 3505 2132 ,
3535 2073 3663 2122 ὅταν
3690 2071 3818 2140 ἀνὴρ

2407 2169 2490 2229 νὸς
2523 2169 2595 2236 φῇ
2617 2166 2782 2218 ταῦτα
2821 2165 2893 2235 μὴ
2919 2165 3103 2227 οῦτως,
3138 2165 3247 2217 ἀλλ’
3269 2164 3512 2224 ἀτάκτως
3538 2163 3719 2231 ἔχειν;
3750 2163 3916 2223 -Πῶς

2407 2259 2509 2329 γὰρ
2550 2259 2651 2311 οὐκ
2685 2257 2748 2308 ἂν
2779 2256 3094 2325 βουλοίμηνς
3127 2286 3188 2294 -
3226 2254 3426 2322 Ἰθιδὴ,
3459 2253 3546 2304 τὸν
3577 2255 3796 2305 ἐπιόντα
3820 2255 3915 2319 περὶ

2403 2351 2603 2402 τούτων
2630 2348 2723 2400 νῦν
2749 2350 2876 2416 ἡμῖν
2913 2346 3064 2412 λόγον
3098 2344 3266 2414 ἄθρει.
3294 2363 3359 2382 —‘-—
3394 2344 3526 2410 Λέγε
3569 2344 3751 2412 μόνον.
3775 2374 3833 2382 -—
3857 2342 3915 2392 Ti

2409 2443 2533 2510 περὶ
2565 2458 2666 2503 την
2703 2438 2809 2488 τῶν
2856 2436 3118 2504 σωμάτων
3159 2434 3317 2501 φύσιν
3353 2436 3601 2487 ἁπάντων
3628 2434 3737 2485 τῶν
3772 2433 3914 2494 ζώων,

2412 2533 2542 2601 πῦρ,
2567 2534 2658 2584 καὶ
2682 2529 2845 2597 ὕδωρ,
2871 2528 2957 2578 καὶ
2984 2526 3197 2594 πνεῦμα
3230 2523 3537 2593 καθορῶμεν
3560 2540 3688 2582 που,
3716 2522 3806 2573 καὶ
3819 2521 3915 2588 γῆν,

2404 2622 2646 2690 καθάπερ
2711 2619 2760 2672 οἱ
2810 2615 3187 2685 χειμαζόμενοι
3257 2630 3412 2680 φασιν
3442 2653 3456 2674 ,
3521 2613 3713 2664 ἐνόντα
3771 2614 3823 2662 ἐν
3867 2611 3913 2674 τῇ

2405 2710 2697 2772 συστάσεις
2757 2735 2825 2744 —-
2878 2706 2986 2757 Καὶ
3049 2705 3209 2774 μάλα.
3277 2734 3345 2744 -
3392 2702 3775 2772 Χειμαζόμεθα
3833 2699 3916 2765 γᾶρ

2400 2801 2565 2861 ὅντως
2615 2797 2717 2850 ὑπὸ
2762 2796 2989 2866 ἀπειρίας
3039 2797 3096 2846 ἐν
3126 2796 3236 2855 τοῖς
3297 2792 3391 2845 νῦν
3447 2792 3648 2859 λόγοις.
3705 2791 3830 2857 Φέρε
3866 2788 3914 2852 δή

2402 2891 2524 2958 περὶ
2576 2890 2800 2940 ἑκάστου
2848 2887 2954 2939 τῶν
3003 2885 3127 2955 παρ’
3175 2887 3300 2953 ἡμῖν
3345 2884 3471 2936 λάϐε
3515 2884 3576 2934 τὸ
3622 2881 3835 2934 τοιόνδε.
3863 2908 3914 2918 —-

2405 2983 2557 3033 Ποῖον
2578 2998 2591 3040 ς
2611 2981 2809 3032 -Ὄτι
2847 2977 3072 3048 σμικρόν
3103 2993 3153 3027 τι
3174 2976 3371 3028 τούτων
3402 2977 3627 3026 ἕκαστον
3659 2974 3787 3040 παρ’
3810 2972 3915 3038 ἠῷν

2400 3072 2594 3132 ἔνεστι,
2624 3071 2713 3122 καὶ
2754 3070 2970 3136 φαῦλον,
3007 3068 3098 3120 καὶ
3125 3065 3328 3135 οὐδαμῆ
3377 3063 3626 3132 οὐδαμῶς
3661 3061 3914 3128 εἰλικρινὲς

2400 3159 2479 3222 δν,
2516 3160 2606 3211 καὶ
2626 3158 2717 3227 τὴν
2742 3159 2963 3226 δύναμιν
2989 3159 3086 3208 οὐκ
3110 3154 3260 3216 αξίαν
3291 3153 3386 3220 τῆς
3417 3151 3627 3217 φύσεως
3674 3151 3810 3218 ἕχον.
3847 3148 3914 3197 Ἐν

2398 3252 2474 3302 ἐνὶ
2508 3249 2561 3301 δὲ
2603 3248 2794 3309 λαϐὼν,
2848 3250 2972 3318 περὶ
3012 3249 3223 3300 πάντων
3269 3243 3374 3294 νόει
3420 3242 3610 3293 ταύτόν
3631 3259 3642 3269 ·
3678 3237 3788 3292 οἷον
3829 3239 3912 3305 πῦρ

2398 3341 2511 3391 ἐστι
2548 3341 2644 3408 μέν
2674 3356 2772 3390 που
2805 3340 2928 3406 παρ’
2956 3337 3102 3405 ἡμῖν,
3142 3335 3253 3386 ἔστι
3285 3333 3327 3383 δ’
3368 3334 3425 3382 ἐν
3465 3331 3539 3399 τῷ
3578 3332 3842 3383 παντί.-ί
3864 3328 3913 3379 Τί

2401 3430 2621 3497 μήν;-
2652 3429 2855 3480 Οὐκοῦν
2905 3425 3126 3495 σμικρὸν
3170 3425 3267 3493 μέν
3309 3440 3358 3475 τι
3387 3422 3446 3474 τὸ
3487 3423 3616 3490 παρ’
3663 3422 3812 3489 ἡμῖν.
3842 3417 3912 3467 καὶ

2399 3517 2636 3578 ἀσθενὲς,
2674 3519 2764 3568 καὶ
2807 3518 3033 3584 φαῦλον,
3063 3516 3121 3566 τὸ
3161 3515 3204 3565 δ’
3243 3516 3299 3567 ἐν
3341 3515 3416 3583 τῷ
3447 3513 3624 3575 παντὶ,
3657 3511 3843 3578 πλήθει

2397 3607 2696 3677 Θαυμαστὸν
2729 3609 2820 3660 καὶ
2851 3608 3048 3667 κάλλει,
3082 3608 3170 3658 καὶ
3202 3608 3344 3674 πάσῃ
3375 3605 3592 3672 δυνάμει
3623 3607 3688 3670 τῇ
3725 3601 3843 3669 ’περὶ
3868 3599 3914 3648 τὸ

2397 3693 2504 3762 πῦρ
2535 3692 2785 3763 οὕσῃ;--
2819 3695 2924 3746 Καὶ
2972 3693 3107 3763 μάλα
3140 3693 3330 3762 ἀληθὲς
3371 3693 3398 3743 ὃ
3428 3691 3625 3756 λέγεις.
3659 3719 3729 3729 --
3751 3689 3812 3739 Τί
3843 3687 3910 3740 ὄές

2394 3785 2646 3852 τρέφεται
2674 3786 2761 3835 καὶ
2792 3785 2990 3851 γίνεται
3019 3787 3081 3835 ὲκ
3120 3785 3326 3844 τούτου,
3357 3782 3448 3834 καὶ
3490 3781 3716 3849 ἄρχεται
3759 3779 3816 3828 τὸ
3840 3776 3911 3827 τοῦ

2395 3875 2590 3935 παντὸς
2625 3874 2750 3943 πῦρ,
2785 3875 2884 3926 ὑπὸ
2913 3874 3003 3926 τοῦ
3043 3875 3166 3943 παρ’
3188 3877 3315 3942 ἡμῖν
3340 3871 3524 3941 πυρὸς,
3551 3870 3582 3938 ἢ
3607 3870 3909 3924 τούναντίον,

2394 3965 2483 4017 ὑπ’
2509 3966 2711 4017 ἐκείνου
2736 3967 2793 4016 τό
2811 3984 2866 4017 τε
2891 3967 3038 4034 ἐμὸν,
3073 3965 3163 4017 καὶ
3188 3965 3247 4015 τὸ
3276 3964 3384 4024 σὸν,
3419 3964 3510 4015 καὶ
3535 3964 3594 4014 τὸ
3623 3964 3734 4014 τῶν
3764 3963 3911 4015 ἄλλων

2392 4056 2562 4117 ζωων,
2596 4058 2781 4109 ἅπαντ’
2817 4057 2950 4127 ἴσχει
2972 4056 3172 4118 ταῦτα;
3198 4086 3261 4093 --
3296 4053 3464 4105 Τοῦτο
3497 4054 3592 4122 μὲν
3641 4055 3762 4106 οὐδὲ
3801 4057 3910 4106 ἀπο·

2393 4153 2619 4215 κρίσεως
2648 4150 2791 4214 ἄξιον
2818 4149 3123 4217 ἐρωτᾷς.-
3157 4145 3374 4214 Ὀρθῶς.
3415 4145 3591 4197 Ταυτά
3629 4147 3740 4217 γὰρ
3772 4149 3910 4216 ἐρεῖς,

2392 4245 2557 4309 οἶμαι,
2592 4240 2714 4309 περί
2743 4256 2799 4290 τε
2827 4240 2921 4306 τῆς
2955 4241 3009 4288 ἐν
3040 4239 3148 4297 τοῖς
3174 4235 3327 4298 ζώοις
3351 4235 3451 4304 γῆς
3479 4237 3573 4304 τῆς
3599 4237 3807 4298 ἐνθάδε,
3839 4237 3911 4289 καὶ

2391 4332 2486 4399 τῆς
2518 4335 2574 4382 ἐν
2600 4330 2674 4398 τῷ
2704 4329 2895 4404 παντίξ
2938 4327 3027 4379 καὶ
3069 4327 3174 4378 τῶν
3202 4325 3370 4378 ἄλλων
3407 4326 3470 4396 δὴ
3505 4328 3642 4380 ὅσων
3676 4329 3910 4397 ἠρώτησα

2391 4423 2560 4488 ὀλίγον
2593 4419 2915 4490 ἔμπροσθεν,
2950 4416 3118 4477 οὕτως
3139 4417 3501 4488 ἀποκρινῇ.-
3529 4419 3621 4480 Τίς
3655 4420 3767 4488 γὰρ
3797 4421 3907 4470 ἀπο·

759 4508 910 4562 nobis
930 4509 1313 4576 dieatur,quod
1343 4509 1419 4560 vel
1442 4524 1532 4562 ore
1555 4519 1708 4563 tenus
1736 4509 1959 4576 proferri
1991 4509 2141 4564 nefas
2170 4526 2288 4564 esse

2398 4512 2698 4580 κρινόμενος
2717 4509 2885 4570 ἄλλως
2909 4508 3154 4575 ὑγιαίνων
3176 4509 3236 4560 ἄν
3270 4527 3393 4562 ποτε
3419 4511 3605 4579 φανείη
3626 4519 3645 4570 ;’
3659 4540 3727 4546 -
3746 4508 3911 4577 Σχεδὸν

756 4600 999 4653 dixerim.
1043 4600 1108 4652 At
1141 4615 1266 4652 vero
1295 4601 1455 4653 menti
1502 4616 1676 4654 rerum
1707 4600 2076 4653 universarum
2107 4601 2286 4653 mode-

756 4694 1013 4746 rationem
1063 4690 1355 4757 assignare,
1409 4691 1456 4744 id
1507 4691 1752 4760 equidem
1799 4702 1852 4744 et
1900 4691 2080 4744 mundi
2125 4690 2286 4759 lmjus

755 4792 991 4850 aspectu,
1021 4791 1073 4833 et
1107 4779 1255 4840 solis,
1290 4781 1424 4833 luna:
1473 4782 1804 4851 aliorumque
1836 4781 2092 4846 siderum,
2127 4782 2283 4835 adeo-

755 4888 858 4939 que
905 4871 1048 4924 omni
1103 4871 1200 4923 hac
1242 4871 1588 4925 conversione
1630 4873 1844 4942 dignum
1875 4873 2156 4935 existimo,
2189 4890 2282 4927 nec

754 4961 906 5014 aliter
939 4978 1168 5030 unquam
1209 4962 1305 5014 hac
1337 4961 1400 5015 de
1428 4977 1483 5014 re
1516 4971 1606 5013 aut
1634 4963 1820 5030 loquar
1852 4973 1941 5016 aut
1966 4965 2282 5017 sentiam.—

757 5049 851 5104 Vis
882 5051 1170 5112 enimvero,
1217 5054 1288 5105 uti
1317 5053 1412 5105 hac
1442 5051 1492 5103 in
1522 5067 1696 5104 rerum
1731 5051 2091 5106 moderatione
2119 5063 2281 5105 statu-

754 5143 909 5199 enda.
945 5143 1086 5210 quod
1114 5154 1312 5196 veteres
1345 5159 1449 5196 uno
1475 5158 1735 5197 consensu
1784 5143 2006 5209 professi
2051 5153 2192 5206 sunt,
2231 5145 2279 5196 id

758 5232 957 5286 nostris
984 5231 1080 5298 ipsi
1112 5233 1282 5285 verbis
1318 5233 1723 5300 comprobemus
1745 5273 1756 5295 ,
1789 5249 1887 5284 nec
1913 5234 2136 5285 aliorum
2169 5249 2281 5285 sen-

756 5324 970 5375 tentiam
1003 5322 1134 5375 citra
1180 5325 1466 5387 perieulum
1502 5324 1689 5377 afferre
1735 5325 1991 5385 contenti,
2041 5326 2278 5376 eamdem

753 5432 909 5484 quam
939 5417 1034 5485 ipsi
1067 5416 1234 5468 aleam
1263 5418 1785 5486 maledictionemque
1816 5419 2120 5481 subeamus,
2159 5432 2278 5469 eum

756 5517 972 5577 argutus
1025 5521 1083 5560 ac
1144 5507 1423 5561 vehemens
1450 5509 1734 5577 quispiam,
1783 5525 1888 5564 non
1919 5525 1982 5563 eo
2019 5524 2124 5576 quo
2150 5509 2279 5563 dici-

823 5683 1061 5756 (59)‘Ka}
1087 5684 1170 5750 μὴ
1196 5687 1400 5756 μόνον,
1435 5682 1807 5756 etc;JF'ieinlts,
1838 5702 1926 5738 nec
1968 5684 2114 5736 modo
2140 5693 2277 5751 pute-

757 5769 863 5804 mus
899 5753 1000 5804 alia
1030 5756 1134 5805 sine
1168 5755 1394 5820 periculo
1442 5752 1659 5820 proferri
1688 5769 1786 5806 non
1815 5771 1979 5821 posse,
2020 5755 2180 5819 nullo,
2221 5762 2276 5806 ut

2391 4603 2495 4653 οὐδ’
2522 4601 2795 4654 ὁστισοῦν·
2837 4600 2968 4652 ἀλλὰ
3010 4601 3069 4653 τὸ
3097 4601 3373 4670 μογμετά
3403 4602 3557 4653 τοῦτο
3605 4601 3734 4668 Eii};
3777 4602 3907 4650 ἕπου,

2392 4695 2570 4745 Πάντα
2602 4692 2707 4762 γὰρ
2732 4692 2898 4744 ταῦτα
2931 4694 3084 4763 ἡμεῖς
3114 4692 3274 4744 τανῦν
3297 4693 3360 4762 δὴ
3397 4691 3665 4759 λεχθέντα,
3695 4687 3782 4758 ἆρ’
3808 4688 3907 4744 οὐκ.

2391 4787 2465 4846 εἰς
2499 4784 2554 4836 ἓν
2591 4785 2913 4853 συγκείμενα
2943 4785 3156 4845 ἰδόντες,
3189 4781 3610 4849 ἐπωνομάσαμεν
3643 4781 3799 4847 σῶμα
3821 4795 3833 4841 ;
3855 4807 3907 4817 -

2389 4873 2449 4925 Τί
2483 4876 2586 4943 μήν
2607 4873 2905 4935 ;-Ταύτὸν
2934 4873 2996 4941 δὴ
3023 4872 3147 4925 λάϐε
3184 4871 3418 4936 καὶπερὶ
3452 4868 3619 4929 τοῦδε,
3639 4869 3701 4921 ὃν
3733 4871 3907 4935 κόσμον

2388 4968 2609 5034 λέγομεν
2629 4985 2640 4995 ·
2666 4966 2750 5018 διὰ
2777 4967 2864 5016 τὸν
2898 4963 3054 5016 αὑτὸν
3078 4962 3180 5030 γὰρ
3205 4961 3398 5028 τρόπον
3421 4958 3484 5010 ἂν
3509 4961 3592 5028 εἴη
3623 4977 3724 5012 που
3753 4960 3903 5026 σῶμα.

2391 5058 2631 5109 σύνθετον
2647 5057 2701 5108 ὃν
2719 5057 2780 5106 ἐκ
2797 5055 2899 5106 τῶν
2915 5053 3178 5104 αὐτῶν.-
3195 5049 3478 5121 Ὀροότατα
3494 5049 3904 5116 λέγειζ.-Πότς-

2389 5165 2477 5214 ρον
2502 5144 2590 5197 οὖν
2612 5149 2673 5198 ἐκ
2695 5145 2878 5196 τούτου
2893 5141 2983 5192 τοῦ
3003 5141 3240 5209 σώματος
3257 5140 3375 5191 ὅλου
3386 5141 3444 5192 τὸ
3461 5143 3586 5210 παρ’
3604 5143 3734 5210 μῖν
3753 5141 3901 5205 σῶμα.

2387 5235 2595 5304 ῆέκτοῦ
2623 5235 2745 5302 παρ“
2770 5235 2895 5301 ἡμῖν
2916 5231 3077 5282 ’τοῦτο
3107 5231 3356 5301 τρέφεταί
3384 5249 3463 5292 τε,
3496 5234 3588 5284 καὶ
3613 5234 3712 5283 ὅσα
3745 5231 3830 5282 νῦν
3853 5230 3900 5291 δὴ

2388 5344 2451 5376 πε
2462 5327 2506 5394 pi.
2523 5325 2692 5375 αὐτῶν
2720 5322 3023 5389 ἐπείπομεν,
3042 5321 3220 5390 εἴληφέ
3235 5339 3292 5372 τε
3314 5324 3403 5373 καὶ
3428 5322 3535 5390 ἔχει
3560 5322 3766 5385 ;—Ka‘.
3784 5317 3901 5369 toi-6'

2384 5419 2583 5486 ἓτερον,
2613 5410 2655 5467 ὦ
2680 5413 2956 5484 Σώκρατες
2975 5455 2987 5475 ,
3018 5413 3113 5466 οὐκ
3141 5413 3282 5476 ἄξιον
3312 5415 3642 5483 ἐρωτήσεως.
3664 5444 3730 5452 —-
3747 5413 3804 5463 ΤΞ
3827 5410 3898 5464 δέ;

2383 5509 2494 5559 τόδε
2537 5503 2641 5576 ἆρα
2676 5505 2816 5570 ἄξιον
2856 5506 3198 5576 ἐρωτήσεως;
3229 5503 3388 5574 ἧπῶς
3417 5506 3556 5573 ἐρεῖς
3579 5521 3591 5567 ;
3616 5500 3829 5565 -Λὲγε
3856 5498 3899 5545 τὲ

2386 5685 2842 5756 \‘iclelur,sensu,
2860 5693 2950 5740 aut
2970 5685 3124 5756 plane
3151 5681 3435 5736 contrario.

2455 5755 2561 5824 (50)
2596 5755 2749 5809 Forte
2782 5755 2873 5822 τῷ.
