4004 6342
64 440 180 495 .0-55

1196 448 1503 503 PllASPAlt.
1544 450 1788 506 EVANG.
1828 451 1949 505 LIB.
1994 450 2099 505 ΧΠ.

3093 458 3219 512 “HG

62 560 208 607 ποῖον.
233 581 299 594 ~
336 557 405 610 Τὲ.
431 560 551 628 παρ’
581 563 710 629 ἡμῖν
755 562 909 632 σῶμα
938 559 1020 634 ἆρ’
1055 566 1113 617 οὐ
1150 566 1320 635 ψυχην
1356 576 1592 637 φήσομεν

1700 585 1815 623 mus
1848 570 2051 634 ordine,
2092 569 2180 623 sed
2211 570 2514 638 perturbate
2545 584 2606 623 ac
2648 580 2841 623 temere
2883 570 3003 624 ferri
3035 586 3220 626 cuneta

60 643 213 715 Exstv;
240 677 315 688 —-
336 649 519 718 Δῆλον,
553 652 633 702 ὅτι
667 653 919 721 φήσομεν.
942 683 1006 690 -
1031 654 1214 719 Πόθεν,
1237 650 1281 709 ὧ
1308 656 1423 723 φίλε
1448 656 1598 725 Πρώ-

58 748 233 801 ιιιρχε,
266 734 454 797 λαϐὸν,
495 738 649 807 εἴπερ
686 740 759 808 μὴ
791 741 849 792 τό
880 758 941 807 γε
961 743 1051 794 τοῦ
1085 744 1277 805 παντὸς
1313 744 1470 815 σῶμα
1498 745 1597 814 ἔμ-

56 820 208 891 ψυχον
236 824 300 877 ὃν
345 827 637 895 ἐτύγχανε,
686 832 854 883 ταῦτα
880 848 941 899 γε
989 832 1106 900 ἔχον
1138 833 1306 901 τούτῳ
1329 873 1344 895 ,
1392 835 1483 887 καὶ
1521 836 1597 887 ἔτι

56 913 220 983 Iahn;
255 915 627 980 καλλίονα;-
654 918 837 987 Δῆλον,
864 921 937 983 ὼς
964 921 1253 991 οὐδαμόθεν
1284 921 1517 985 ἄλλοθεν,
1553 917 1597 975 ὦ

54 1000 525 1073 abruperam—0‘3
561 1008 666 1077 γάρ
694 1025 793 1060 που
826 1008 1082 1081 δοκοῦμέν
1098 1012 1188 1077 γε,
1218 1006 1261 1063 ὦ
1286 1012 1593 1083 Πρώταρχε,

52 1091 370 1164 τὰτέτταρα
407 1096 606 1158 ἐκεῖνα,
644 1098 833 1167 πέρας,
867 1102 958 1152 καὶ
986 1101 1224 1171 ἄπειρον,
1259 1104 1351 1154 καὶ
1399 1104 1592 1169 κοινὸν,

52 1184 138 1234 καὶ
173 1183 236 1235 τὸ
286 1185 389 1254 τῆς
418 1187 593 1249 αίτίας
634 1188 786 1255 γένος
842 1192 898 1242 ὲν
951 1191 1115 1244 ἅπασι
1160 1193 1413 1263 τέταρτον
1448 1193 1593 1253 ἐνὸν,

50 1273 188 1326 τοῦτ’
218 1275 280 1326 ὲν
319 1276 417 1344 μὲν
448 1280 559 1341 τοῖς
592 1279 717 1348 παρ’
751 1280 877 1349 ἡμῖν
913 1280 1095 1351 ψυχήν,
1128 1300 1185 1335 τε
1218 1284 1466 1353 παρέχον,
1506 1286 1597 1334 καὶ

52 1366 369 1433 σωμασκίαν
402 1367 509 1435 (ιι)
543 1368 820 1436 ἐμποιοῦν,
860 1371 955 1422 καὶ
1001 1372 1320 1433 πταίσαντος
1352 1371 1595 1438 σώματος

54 1454 320 1524 ἰατρικὴν,
362 1458 456 1508 καὶ
509 1458 566 1509 ὲν
603 1457 777 1521 ἄλλοις
818 1459 948 1512 ἄλλα
987 1461 1226 1513 συντιθὲν
1270 1463 1362 1513 καὶ
1404 1462 1596 1513 ἀσκού-

57 1560 228 1612 μενον,
253 1546 435 1597 πᾶσαν
457 1547 547 1598 καὶ
570 1548 822 1599 παντοίαν
854 1549 1038 1615 σοφίαν
1062 1550 1423 1601 ἐπικαλεῖσθαι
1448 1568 1460 1578 ·
1492 1551 1595 1602 τῶν

52 1632 103 1685 δὲ
136 1634 317 1687 αὐτῶν
338 1634 540 1687 τούτων
575 1638 630 1687 ὲν
654 1637 757 1705 ὅλῳ
776 1655 832 1689 τε
870 1638 1097 1709 οὐρανῷ,
1124 1642 1214 1693 καὶ
1239 1641 1373 1693 κατὰ
1396 1642 1594 1709 μεγάλα

56 1723 210 1791 μέρη,
238 1725 335 1777 καὶ
362 1726 579 1795 προσέτι
600 1726 773 1778 καλῶν
792 1728 882 1778 καὶ
902 1728 1217 1797 είλικρινῶν,
1234 1732 1287 1780 ὲν
1305 1730 1509 1791 τούτοις
1540 1730 1593 1781 δὲ

53 1814 142 1864 οὐκ
169 1813 278 1884 ἄρα
304 1816 711 1885 μεμηχανῆσθαι
732 1816 825 1885 τὴν
852 1817 953 1867 τῶν
980 1818 1275 1869 καλλίστων
1298 1820 1388 1870 καὶ
1408 1836 1595 1884 τιμιω-

1699 658 2274 729 pugnabit.-—Quidni
2324 660 2462 713 enim
2519 660 2568 712 id
2618 660 2805 714 velim?
2908 664 3039 730 ‘Age
3074 681 3219 736 ergo,

1699 762 1760 799 ac
1808 747 1934 798 mihi
1991 748 2426 816 consequentiam
2462 748 2621 815 hujus
2654 749 3026 817 disputationis
3055 762 3223 805 atten-

1698 837 1780 891 de.
1804 866 1870 876 —-
1895 836 2057 905 Perge
2111 845 2163 892 tu
2206 840 2383 891 modo.
2404 867 2471 877 -
2495 838 2731 902 Quatuor
2778 840 2893 900 illa,
2925 856 2985 893 ex
3029 843 3221 909 quibus

1698 921 2044 985 animantium
2092 924 2329 975 omnium
2382 938 2659 992 corporum
2714 933 2901 977 natura
2959 927 3219 989 COIlslslll,

1699 1011 1902 1078 ignem,
1933 1024 2157 1079 aquam,
2201 1012 2442 1080 spiritum
2487 1026 2545 1064 ac
2595 1022 2821 1076 terram,
2855 1031 2978 1067 num
3020 1018 3069 1068 in
3109 1019 3219 1083 ipsa

1696 1116 1874 1153 eorum
1904 1102 2237 1155 concretione
2265 1116 2532 1171 utcunque
2577 1104 2931 1171 agnoscimus,
2956 1108 3220 1172 quomodo

1696 1190 1935 1243 videlicet
1965 1190 2206 1243 homines
2236 1192 2525 1259 loquuntur
2560 1200 2865 1259 tempestate
2902 1194 3123 1261 ja‘ctati?
3154 1226 3219 1232 —

1698 1278 1855 1332 Sane.
1885 1309 1951 1317 —
1980 1277 2087 1332 Hoc
2119 1280 2259 1331 enim
2295 1281 2345 1331 in
2377 1281 2635 1333 orationis
2674 1296 2893 1349 genere,
2920 1294 3049 1335 :estu
3084 1298 3215 1351 quo-

1697 1367 1816 1420 dam
1851 1368 2242 1421 incertitudinis
2270 1384 2392 1422 vere
2431 1370 2712 1437 jactamur.
2754 1370 2915 1440 629
2944 1373 3047 1440 Age
3075 1388 3216 1436 vero,

1697 1470 1756 1508 ac
1782 1456 1843 1509 de
1871 1455 2103 1524 quolibet
2130 1472 2310 1509 eorum
2354 1474 2472 1525 qua:
2513 1458 2667 1511 nobis
2715 1461 2924 1523 insunt,
2960 1462 3216 1529 ejusmodi

1697 1546 1893 1614 aliquid
1936 1550 2133 1617 accipe.
2162 1578 2228 1585 ——
2251 1549 2385 1612 Quid
2412 1587 2424 1610 ,
2471 1548 2727 1601 obsecro?
2752 1579 2816 1587 ——
2839 1550 3093 1620 Exiguam
3126 1555 3219 1605 ali-

1696 1648 1856 1699 quam
1881 1643 1933 1686 et
1962 1634 2334 1702 despicabilem
2366 1650 2394 1688 e
2443 1636 2663 1703 singulis
2695 1636 3003 1703 particulam
3049 1640 3220 1695 inesse

1697 1722 1869 1785 nobis,
1907 1741 2025 1791 qua:
2058 1741 2151 1779 nec
2181 1727 2286 1778 ullo
2314 1727 2469 1779 modo
2496 1741 2621 1794 pura
2650 1728 2958 1797 sinceraque
2987 1734 3051 1785 sit
3075 1775 3085 1795 ,
3123 1751 3219 1787 ncc

1698 1815 1799 1865 vim
1826 1824 1877 1867 et
1904 1814 2203 1868 facultatem
2236 1816 2423 1868 habeat
2460 1824 2643 1867 natura
2676 1816 2903 1885 dignam.
2947 1819 3094 1884 Quod
3131 1822 3213 1873 ubi

54 1902 220 1956 τάτων
234 1904 639 1972 φύσιν.-’Δλλ’
671 1906 913 1975 οὐδαμῶς
945 1906 1096 1959 τοῦτὸ
1119 1910 1166 1973 γ’
1200 1909 1263 1959 ἂν
1292 1908 1443 1975 λόγον
1460 1908 1588 1975 ἔχοι.

1696 1898 1756 1951 de
1787 1915 1893 1953 uno
1921 1900 2099 1969 aliquo
2146 1903 2416 1966 statueris,
2446 1912 2552 1955 tum
2588 1904 2651 1956 de
2680 1906 2940 1959 universis
2973 1908 3105 1960 idem
3141 1909 3218 1959 in-

58 1992 324 2046 -Οὑκοῦν
354 1996 403 2045 εί
434 1994 507 2063 μὴ
530 1995 701 2057 τοῦτο,
735 1998 846 2065 μετ’
877 1997 1078 2048 ἐκείνου
1103 1996 1191 2048 τοῦ
1213 1997 1367 2061 λόγου
1384 1997 1447 2050 ἂν
1479 1999 1592 2049 ἐπό-

58 2102 197 2151 μενοι
233 2084 443 2154 βέλτιον
472 2086 735 2155 λέγοιμεν,
767 2088 841 2149 ὡς
858 2087 1018 2147 ἔστιν,
1043 2088 1077 2140 ἃ
1102 2088 1350 2149 πολλάκις
1376 2089 1590 2157 εἰρήκα-

58 2191 168 2240 μεν,
189 2174 416 2245 ἀπειρόν
437 2192 495 2227 τε
529 2177 585 2227 ὲν
606 2174 682 2245 τῷ
712 2178 867 2228 παντὶ
901 2177 1051 2239 πολὺ,
1080 2178 1170 2227 καὶ
1196 2177 1361 2245 πέρας
1395 2176 1589 2237 ἱκανὸν,

55 2264 138 2315 καί
168 2282 251 2327 τις
273 2267 360 2317 ἐπ’
386 2266 564 2327 αὐτοῖς
594 2265 737 2317 αῑτία
772 2266 831 2317 οὐ
864 2265 1054 2333 φαύλη,
1092 2264 1364 2333 κοσμοῦσὰ
1401 2281 1460 2316 τε
1502 2266 1592 2317 καὶ

56 2355 409 2408 σνντάττωσα
434 2355 703 2417 ἐνιαυτούς
729 2372 785 2407 τε
810 2356 901 2407 καὶ
921 2354 1065 2425 ὥρας
1090 2354 1179 2406 καὶ
1210 2354 1399 2422 μῆνας,
1438 2354 1592 2421 σοφία

56 2444 139 2494 καὶ
154 2444 280 2506 νοῦς
293 2444 556 2514 λεγομένη
568 2445 872 2499 δικαιότατα
888 2445 1355 2499 ἄν.-Δικαιότατα
1373 2445 1592 2514 δῆτα.-

55 2531 212 2599 Σοφία
230 2534 338 2604 μὴν
364 2534 457 2586 καὶ
474 2534 595 2597 νοῦς
613 2535 739 2588 ἄνευ
759 2536 930 2605 ψυχῆς
950 2538 1047 2588 οὑκ
1068 2536 1130 2588 ἄν
1151 2553 1274 2587 ποτε
1296 2534 1591 2605 γενοίσθην.

58 2648 118 2658 -
142 2619 440 2689 οὺγαροῦν.
476 2647 539 2659 -——
570 2620 771 2674 Οὐκοῦν
812 2624 883 2672 ὲν-
907 2622 1002 2689 μὲν
1046 2624 1112 2691 τῇ
1156 2619 1246 2672 τοῦ
1283 2619 1401 2680 Διὸς
1452 2621 1589 2687 ἐρεῖς

55 2708 205 2779 φύσει
236 2709 519 2781 βασιλικὴν
564 2712 659 2781 μὲν
685 2710 878 2781 ψυχὴν,
910 2712 1177 2780 βασιλικὸν
1214 2709 1268 2761 δὲ
1295 2706 1415 2759 νοῦν
1443 2706 1587 2774 ὲγγί-

54 2798 255 2861 νισθαι,
275 2799 364 2853 διὰ
384 2801 480 2871 τὴν
503 2801 600 2870 τῆς
620 2802 795 2862 αἰτίας
816 2800 1036 2870 δύναμιν
1058 2819 1069 2830 ·
1110 2803 1163 2851 ὲν
1185 2799 1240 2851 δὲ
1259 2797 1432 2859 ἄλλοις
1462 2796 1587 2849 ἄλλα

1697 1989 1888 2057 tellige.
1949 1990 2121 2059 ignis,
2158 1993 2378 2059 exempli
2430 2007 2624 2052 causa,
2663 2007 2925 2063 utcunque
2968 1998 3019 2049 in
3067 2000 3217 2052 nobis

1695 2086 1793 2140 est,
1824 2086 1903 2130 est
1934 2078 2092 2131 etiam
2144 2080 2194 2130 in
2225 2080 2488 2133 universo.
2530 2109 2587 2118 --
2620 2080 2825 2149 Utique.
2854 2113 2921 2122 ——
2946 2085 3076 2138 Cum
3124 2088 3219 2155 ἱείς

1697 2178 1815 2229 tur,
1850 2167 1938 2234 qui
1985 2169 2035 2220 in
2076 2169 2229 2223 nobis
2258 2172 2369 2231 ρει,
2404 2171 2448 2223 is
2477 2181 2523 2223 et
2559 2176 2779 2242 exiguus
2825 2174 3135 2238 admodum,
3164 2188 3219 2231 et

1698 2256 2012 2321 imbecillus,
2045 2273 2106 2311 ac
2136 2259 2415 2328 languidus
2445 2264 2530 2327 sit,
2587 2272 2694 2316 tum
2726 2279 2851 2318 vero
2880 2266 2967 2333 qui
3020 2267 3071 2319 in
3102 2270 3218 2321 uni-

1697 2360 1851 2400 verso
1874 2348 2060 2410 est,,is
2087 2349 2235 2416 copia
2270 2350 2427 2403 simul
2464 2368 2524 2405 ac
2551 2355 2968 2421 pulchritudine,
3004 2369 3219 2412 cuncta-

1696 2449 1797 2501 que
1827 2434 1958 2488 adeo
1994 2438 2064 2497 vi,
2095 2452 2213 2503 quas
2263 2438 2399 2506 ignis
2430 2444 2641 2509 propria
2674 2454 2771 2505 est,
2808 2446 2962 2512 plane
2990 2448 3217 2503 admira-

1700 2525 1842 2579 bilis.
1869 2557 1934 2566 —
1968 2525 2258 2583 Verissime
2294 2532 2545 2599 loqueris.
2571 2562 2631 2571 -
2660 2532 2793 2597 Quid
2829 2538 2993 2588 vero?
3033 2534 3216 2589 Utrum

1695 2613 1941 2685 deinceps
1983 2617 2156 2686 ignem
2203 2620 2351 2673 illum
2383 2621 2649 2683 universi,
2685 2624 2748 2675 ab
2774 2638 2835 2677 eo
2863 2626 2952 2693 qui
2985 2627 3033 2677 in
3066 2625 3217 2677 nobis

1693 2716 1790 2771 est,
1836 2708 1925 2772 ali,
1962 2708 2085 2763 duci
2133 2709 2348 2779 regique
2380 2711 2687 2776 arbitraris,
2737 2730 2802 2767 an
2838 2716 3006 2783 potius
3042 2716 3105 2767 ab
3129 2715 3217 2767 illo

1694 2802 1800 2846 tam
1830 2810 2027 2858 meum,
2063 2812 2220 2864 quam
2248 2806 2417 2863 tuum,
2447 2815 2508 2853 ac
2530 2812 2837 2857 caeterorum
2869 2804 3216 2857 animantium

57 2888 209 2953 ulla,
239 2890 426 2944 καθότι
467 2891 618 2959 φίλον
644 2890 909 2953 ἑκάστοις,
942 2888 1211 2957 λέγεσθαι.

1696 2884 1866 2952 ignem
1894 2884 2003 2938 haec
2026 2887 2207 2939 omnia
2234 2888 2737 2957 suscipere?—Hoc
2761 2907 2884 2945 vero
2913 2908 2979 2945 ne
3006 2906 3219 2958 respon-

57 2978 199 3031 sione
228 2980 444 3049 quidem
470 2980 684 3051 dignum
734 2981 999 3035 existimo.
1025 3008 1092 3018 —
1121 2977 1181 3031 Et
1244 2980 1431 3033 merito
1457 2993 1602 3033 sane.
1644 2975 1747 3031 Nec
1808 2978 1977 3042 aliter,
2026 2978 2236 3046 opinor,
2268 2996 2389 3034 cum
2422 2982 2485 3034 de
2510 2983 2607 3035 hac
2644 2993 2802 3047 terra,
2838 3000 2955 3052 quae
2980 2984 3218 3035 animan-

56 3068 192 3139 tibus
219 3070 391 3136 inest,
422 3079 531 3124 tum
560 3071 625 3125 de
654 3072 737 3125 illa
788 3088 906 3141 quae
957 3072 1010 3125 in
1046 3070 1315 3132 universo,
1346 3070 1605 3140 loquare:
1649 3084 1710 3124 ac
1752 3069 1815 3122 de
1867 3069 1985 3123 aliis
2028 3071 2294 3132 omnibus.
2322 3074 2385 3125 de
2413 3075 2605 3142 quibus
2655 3077 2810 3143 paulo
2855 3085 2974 3129 ante
3014 3090 3215 3143 quaere-

60 3159 202 3223 bam,
242 3159 384 3215 idem
425 3161 641 3215 omnino
686 3159 1024 3229 respondeas.
1080 3187 1146 3199 —
1194 3156 1327 3223 Quis
1382 3159 1553 3219 enim,
1598 3158 1640 3210 si
1696 3157 1851 3211 modo
1893 3173 2055 3213 sanus
2097 3160 2219 3224 erit,
2281 3160 2421 3214 aliud
2498 3177 2728 3231 unquam
2777 3166 3124 3232 respondeat?
3154 3193 3219 3203 -—

56 3246 271 3317 Opinor,
327 3267 503 3307 nemo.
545 3252 648 3308 Sed
690 3268 966 3322 pergamus
1014 3252 1077 3305 ad
1102 3260 1312 3304 czetera.
1364 3248 1611 3317 Nunquid
1650 3248 1735 3302 illa
1793 3259 2037 3319 quatuor,
2103 3252 2189 3305 ubi
2221 3252 2442 3306 conﬂata
2484 3255 2535 3307 in
2562 3271 2722 3309 unum
2752 3256 3060 3319 coaluerint,
3097 3272 3216 3310 cor-

58 3357 153 3412 pus
192 3343 551 3412 appellamus:
584 3375 648 3383 —
680 3342 777 3396 Ita.
804 3371 870 3381 —
899 3343 1037 3396 Idem
1089 3341 1251 3410 igitur
1292 3340 1358 3393 de
1405 3353 1470 3392 eo
1518 3352 1674 3406 quem
1717 3341 1973 3393 mundum
2005 3356 2258 3396 vocamus
2319 3344 2564 3411 intellige.
2607 3344 2654 3398 ls
2685 3346 2824 3399 enim
2854 3346 3036 3399 eodem
3065 3346 3219 3413 plane

58 3433 210 3487 modo
234 3448 431 3503 corpus
480 3434 662 3489 haberi
689 3435 868 3500 debet,
896 3448 1017 3489 cum
1048 3448 1111 3486 ex
1138 3432 1322 3486 iisdem
1349 3428 1605 3483 conﬂatus
1644 3429 1729 3483 sit.
1756 3458 1826 3470 -—
1847 3430 2161 3487 Rectissime
2214 3434 2466 3503 loqueris.
2502 3466 2568 3472 —
2599 3432 2784 3487 Utrum
2816 3435 2975 3503 igitur
3009 3434 3075 3485 ab
3098 3436 3216 3487 uni-

62 3537 208 3578 verso
232 3522 325 3577 illo
351 3538 573 3593 corpore
632 3534 871 3579 nostrum
915 3526 1052 3589 hoc,
1087 3540 1152 3578 an
1182 3523 1358 3591 potius
1394 3538 1423 3575 a
1476 3528 1659 3574 nostro
1684 3513 1823 3573 illud
1858 3532 1909 3575 et
1934 3523 2110 3589 alitur,
2160 3533 2210 3578 et
2256 3518 2441 3595 caetera
2476 3541 2590 3593 quae
2642 3525 2857 3593 jamjam
2896 3524 3217 3589 addidimus,

60 3615 575 3686 accipin—Neque
620 3618 723 3672 hoc
775 3618 1021 3681 alterum,
1056 3634 1088 3673 ο
1118 3617 1381 3680 Socrates,
1442 3613 1786 3682 responsione
1832 3615 2048 3687 dignum
2098 3614 2450 3683 est.—Q‘nid
2504 3633 2628 3671 vero
2690 3616 2899 3669 tertium
2950 3616 3084 3670 hoc?
3128 3633 3216 3670 rc-

61 3707 343 3773 spousioue
376 3707 591 3774 dignum
638 3711 761 3770 erit,
810 3721 878 3760 an
932 3708 1119 3761 secus?
1146 3737 1214 3747 —-
1237 3705 1420 3761 Profer
1478 3703 1604 3757 illud
1643 3704 1736 3758 sis.
1766 3734 1830 3743 --
1854 3704 2099 3761 Nostrum
2162 3707 2261 3760 hoc
2296 3720 2488 3775 corpus
2522 3707 2765 3760 animone
2799 3707 3073 3773 praeditum
3100 3723 3219 3761 esse

61 3794 786 3853 fatebimurY—Fatebimur
841 3797 1314 3867 utique.—Unde
1345 3808 1518 3853 autem
1575 3798 1720 3852 illum
1784 3799 2038 3861 hauserit,
2104 3799 2175 3851 mi
2227 3796 2532 3859 Protarcho,
2588 3798 2688 3852 nisi
2734 3798 2967 3851 universi
3026 3812 3209 3865 corpus

62 3892 349 3953 animatum
384 3892 559 3958 fuerit,
586 3872 645 3946 et
674 3890 858 3945 iisdem
917 3890 1157 3955 omnino,
1193 3890 1387 3959 quibus
1443 3892 1542 3945 hoc
1603 3901 1862 3955 nostrum,
1911 3892 2171 3959 longeque
2216 3885 2857 3958 adeo'praestantioribus
2902 3895 3215 3945 instructum

62 3976 433 4036 facultatibus?
462 4011 529 4022 —
568 3980 773 4051 Liquet,
804 3995 837 4033 ο
862 3976 1126 4041 Socrates,
1198 3979 1336 4033 unde
1391 3987 1637 4048 potuerit,
1675 3994 1790 4033 esse
1819 3970 1966 4031 nihil.
1996 4009 2065 4019 --
2097 3977 2398 4041 Enimvero,
2432 3994 2534 4033 non
2580 3980 2917 4039 arbitramur,
2947 3996 2977 4032 0
3008 3977 3215 4029 Protar-

62 4069 173 4132 cbe,
204 4079 433 4139 quatuor
497 4070 605 4136 illa,
648 4071 967 4131 terminum,
998 4067 1295 4130 infinitum,
1338 4068 1553 4122 mistum
1606 4084 1666 4121 ex
1709 4078 1961 4138 utroque,
2002 4076 2110 4121 tum
2153 4082 2278 4122 vero
2322 4077 2567 4135 quartum
2612 4066 2760 4125 illud.
2804 4066 2950 4135 quod
2974 4068 3215 4119 omnbus

62 4156 213 4219 ille“.
236 4175 411 4214 causa
432 4176 616 4230 genus,
645 4153 787 4229 quod
821 4159 1019 4213 nostris
1078 4165 1131 4211 et
1162 4158 1392 4210 animum
1427 4158 1686 4223 infundat,
1756 4169 1802 4213 et
1869 4161 2102 4228 corporis
2151 4160 2231 4213 vel
2289 4159 2599 4221 exercendi,
2634 4158 2734 4221 vel,
2770 4157 2813 4211 si
2840 4161 3215 4224 quoquomodo

61 4244 404 4310 laboraverit,
443 4250 664 4315 curandi
717 4248 1014 4304 facultatem
1050 4248 1275 4310 tribuat,
1329 4257 1381 4301 et
1421 4249 1472 4300 in
1508 4250 1625 4303 aliis
1664 4261 1939 4318 componat
1985 4252 2119 4312 alia,
2168 4251 2269 4302 alia
2329 4259 2563 4316 reparet;
2600 4260 2818 4300 summa:
2848 4248 3124 4315 cujusdam
3161 4259 3213 4303 ct

62 4333 312 4389 absolutae
337 4337 607 4405 sapientiae
647 4339 862 4391 nomine
909 4337 1124 4405 dignum
1157 4349 1275 4388 esse
1343 4353 1355 4387 :
1413 4334 1573 4404 630
1622 4338 1801 4390 eadem
1832 4353 1947 4390 cum
1982 4348 2033 4389 et
2062 4339 2111 4388 in
2142 4346 2251 4388 toto
2275 4336 2408 4388 ratio
2430 4375 2442 4396 ,
2480 4344 2529 4386 et
2559 4335 2607 4385 in
2650 4334 2940 4401 majoribus
2971 4337 3073 4389 illis
3099 4354 3216 4405 par-

65 4426 197 4485 tibus
241 4426 414 4481 loeum
452 4428 698 4492 habeant,
746 4446 843 4484 nec
895 4428 1070 4497 specie
1100 4427 1289 4491 modo,.
1326 4429 1416 4481 sed
1473 4432 1631 4483 etiam
1676 4431 1973 4496 integritate
2026 4438 2291 4496 prmstent,
2343 4428 2427 4479 illa
2478 4436 2651 4480 Iamen
2702 4442 2878 4481 rerum
2927 4430 3217 4496 pulcherri-

64 4531 286 4582 marum,
320 4532 383 4572 ac
408 4517 862 4573 nobilissimarum
908 4526 1094 4573 natura
1127 4533 1323 4573 carere.
1355 4550 1421 4557 —
1452 4518 1653 4588 Quippe.
1690 4520 1915 4572 alienum
1958 4520 2005 4572 id
2043 4520 2108 4571 ab
2141 4520 2284 4571 omni
2320 4520 2519 4571 ratione
2551 4517 2725 4572 fuerit.
2761 4550 2827 4559 —-
2861 4521 2987 4573 Illud
3018 4537 3142 4589 ergo

64 4611 361 4681 rejicimus,
407 4616 681 4675 superest,
716 4618 773 4662 ut
812 4611 1032 4665 rationis
1065 4610 1222 4677 hujus
1255 4610 1359 4662 vim
1387 4612 1572 4672 secuti,
1615 4611 1801 4662 melius
1860 4610 1931 4661 ita
1998 4619 2314 4670 statuamus,
2360 4624 2473 4662 esse
2510 4610 2781 4671 nimirum,
2818 4612 2954 4677 quod
2982 4611 3087 4676 jam
3118 4626 3213 4662 sre-

64 4718 346 4773 penumero
372 4701 626 4764 diximus,
661 4700 763 4755 hoc
794 4703 846 4755 in
880 4707 1149 4767 universo,
1185 4719 1305 4758 cum
1356 4705 1671 4757 immensum
1731 4704 1979 4771 quiddam
2033 4713 2189 4772 atque
2239 4704 2520 4763 infinitum,
2576 4714 2683 4757 tum
2729 4706 2885 4757 etiam
2931 4706 3214 4758 terminum

62 4797 106 4847 ei
129 4794 546 4871 convenientem,
592 4805 806 4846 causam
858 4795 1075 4861 insuper
1106 4796 1331 4863 aliquam
1368 4808 1471 4847 non
1520 4809 1853 4848 communem
1909 4805 2064 4861 atque
2111 4795 2413 4863 vulgarem,
2451 4811 2567 4862 quae
2616 4808 2811 4855 annos,
2856 4804 3213 4863 tempestates,

62 4898 370 4953 mensesque
425 4874 663 4952 digerat,
712 4889 869 4949 atque
924 4884 1265 4951 moderetur,
1317 4885 1627 4953 sapientiam
1696 4896 1851 4955 atque
1893 4886 2211 4939 intellectum
2269 4886 2389 4953 jure
2445 4886 2642 4942 optimo
2695 4885 3119 4949 nuncupandum.
3150 4918 3215 4927 ~—

59 4974 263 5047 Optimo
295 4994 441 5034 sane.
468 5009 535 5021 —
561 4974 827 5047 Sapientia
868 4991 1027 5043 porro
1078 4988 1236 5046 atque
1281 4980 1579 5034 tntedectus
1646 4981 1711 5032 ab
1773 4980 1948 5032 animo
1980 4980 2181 5046 sejungi
2230 4996 2333 5033 non
2386 4990 2624 5047 possunt.
2657 5007 2722 5016 -
2749 4974 2900 5028 Nullo
2940 4980 3116 5034 modo.
3152 5013 3213 5022 -η

60 5067 352 5125 Concludas
380 5070 541 5140 igitur
576 5078 811 5139 oportet.
850 5082 1023 5121 causa:
1069 5070 1227 5135 hujus
1284 5073 1357 5135 vi,
1404 5082 1455 5126 et
1489 5075 1631 5128 Joris
1674 5082 1935 5134 naturam,
1982 5074 2183 5140 regium
2235 5073 2513 5141 quemdam
2543 5070 2776 5121 animum
2809 5085 2867 5121 ac
2901 5072 3100 5136 regium
3137 5076 3215 5127 lt».-

63 5160 317 5227 telleqtum
338 5156 715 5231 possiderefet
754 5164 805 5215 in
838 5160 956 5215 aliis
981 5162 1230 5229 praeclara
1272 5167 1511 5231 quaedam
1552 5169 1592 5220 al

1696 5168 1928 5234 reperiri,
1966 5168 2063 5221 hoc
2094 5169 2247 5221 ill0\e
2274 5168 2502 5225 nomine,
2536 5175 2687 5232 prout
2724 5180 2818 5217 sua
2842 5167 3100 5235 cujusque
3135 5187 3218 5221 ra.

65 5251 135 5304 tio
160 5250 412 5320 postulet,
439 5253 768 5322 appellanda.
807 5272 824 5301 ι
860 5251 1122 5305 Hactenus
1150 5250 1317 5304 Plato.

56 5347 59 5350 ’
542 5344 927 5397 ΚΕΟΔΔΔΙΟΝ
965 5340 1085 5394 NB’.
1295 5347 1299 5351 ’

65 5430 241 5497 ὀπως
264 5430 393 5552 πᾶρὶ
420 5434 523 5485 τοῦ
569 5434 841 5501 προνοεῖν
891 5433 993 5487 τοῦ
1037 5431 1254 5513 ξαντρς
1303 5434 1406 5485 τὸν
1445 5438 1586 5489 Θεὸν

256 5500 293 5551 δ
346 5500 536 5552 εεισιν
556 5502 625 5552 ἐν
645 5504 725 5552 τῶ
751 5503 976 5552 δεκάτω
999 5519 1113 5552 των
1143 5501 1352 5552 Νομων.

256 5500 536 5562 διέξεισιν
556 5502 625 5554 ἐν
645 5504 725 5567 τῷ
751 5503 976 5566 δεκάτῳ
999 5500 1113 5577 ζῶν
1143 5500 1352 5569 Νόμων.

129 5610 146 5641 ι
169 5589 270 5644 τὸν
291 5590 333 5641 δ’
357 5591 646 5659 ἡγούμενον
673 5592 780 5661 (ιε)
812 5595 908 5661 μὲν
937 5593 1087 5653 θεοὺς
1125 5588 1280 5652 εἶναι,
1321 5591 1393 5661 μὴ
1426 5610 1580 5661 φρον-

2264 5339 2486 5393 CAPUT
2529 5340 2631 5392 Lll.

1694 5436 2133 5501 Quemadmodum
2175 5434 2305 5483 idem
2339 5433 2441 5497 ipse
2486 5432 2641 5483 Deum
2680 5434 2895 5483 universi
2932 5444 3105 5481 curam
3141 5446 3218 5495 ge-

2017 5518 2124 5553 rere
2154 5502 2553 5568 philosophetur.
2597 5502 2791 5569 Legum
2832 5501 2889 5550 Χ.

1761 5613 1776 5641 ι
1816 5591 1926 5644 1am
1958 5606 2107 5653 vero,
2153 5592 2325 5660 inquit
2354 5591 2522 5655 Plato,
2558 5590 2899 5658 alloquendus
2930 5588 3013 5639 ille
3046 5588 3217 5649 nobis,

1695 5729 1915 5778 animum
1942 5712 2229 5794 ,corpusque
2261 5728 2466 5793 pra'bet.
2503 5726 2621 5775 dum
2649 5724 2919 5794 imprimit
2968 5722 3219 5794 umbram,

126 5722 233 5788 (Μ)
264 5705 628 5792 Σωμασκίαν.
679 5722 847 5785 Plato,
890 5726 1073 5786 σῶμα,
1105 5726 1257 5779 σκιάν
1279 5764 1291 5785 ,
1322 5724 1580 5792 flagitiose

1760 5796 1865 5863 (:52)
1890 5796 1991 5847 Tir
2019 5791 2067 5847 δ’
2096 5791 2433 5865 ἡγούμενον.
2463 5796 2607 5846 l’lato
2636 5792 2751 5858 ιρι.
2784 5809 2828 5857 x,
2891 5810 2987 5861 pug
3032 5792 3133 5844 b7t)
3165 5791 3223 5842 ll.

62 5805 251 5853 errore.
283 5794 370 5852 qui
407 5791 586 5847 Ficino
609 5792 893 5849 admodum
924 5796 1174 5863 imposuit
1202 5814 1213 5861 ;
1245 5791 1404 5849 vertit
1420 5798 1579 5851 enim.
