4004 6342
772 383 898 435 tut?

1425 387 1685 445 EUSEBII
1719 391 2190 449 CAESARIENSIS
2224 396 2353 449 OPP
2411 398 2586 454 PARS
2621 399 2681 455 ll.
2716 401 3294 462 —APOLOGETICA.

3817 417 3910 469 l0£8

768 500 856 564 qui
892 497 1019 551 deus
1048 515 1165 552 esse
1200 516 1319 552 cum
1364 505 1650 568 evistinict,
1683 509 1746 571 iis
1780 517 1953 562 tamen
2002 526 2176 565 rerum
2207 515 2288 564 hu-

2403 515 2567 576 τέξειν
2591 517 2647 569 δὲ
2667 519 2861 582 αὐτοὺς
2892 520 2999 574 τῶν
3027 522 3371 592 ἀνθρωπῶων
3402 533 3760 594 πραγμάτων,
3782 545 3911 598 παρις

771 605 1047 641 manarum
1082 608 1264 643 curam
1295 594 1506 661 eripiat.
1545 596 1696 661 Quod
1743 609 1830 666 tu,
1874 605 1950 652 vir
1979 603 2179 670 optime
2212 603 2311 671 (sic

770 680 908 730 vttitlt
943 682 1114 749 ipsum
1144 685 1570 754 compellemus),
1603 689 1734 745 deos
1760 707 1880 746 esse
1908 693 2104 758 credis,
2130 695 2309 749 divina

770 770 1007 833 -;u;cdam
1037 771 1284 833 allinitas,
1323 776 1386 828 ad
1416 788 1696 847 cognatum
1719 783 1810 836 tibi
1839 799 2033 838 numen
2063 795 2116 839 et
2142 801 2309 856 agno-

771 861 1018 913 scendum
1042 902 1055 923 ,
1091 874 1142 915 et
1173 866 1473 930 colemlum,
1500 878 1572 932 te,
1603 881 1660 924 ut
1689 874 1928 938 videtur,
1965 877 2200 932 adducit.
2241 881 2307 932 At

773 963 893 1002 vero
926 950 1289 1020 improborum
1323 967 1375 1010 et
1406 958 1724 1027 injustorum
1778 965 2053 1022 hominum
2074 969 2305 1037 ,privata

769 1042 1086 1112 publicaque
1112 1044 1350 1114 fortuna,
1383 1067 1501 1112 qua:
1531 1070 1651 1108 cum
1686 1072 1742 1110 re
1767 1059 1877 1126 ipsa
1906 1059 2175 1117 felicitatis
2209 1063 2305 1128 ha-

769 1131 885 1185 beat
907 1134 1036 1187 nihil
1057 1176 1070 1199 ,
1109 1140 1250 1207 vulgi
1280 1151 1455 1195 tamen
1487 1146 1739 1212 Opinione
1773 1149 2083 1207 felicissima
2116 1154 2305 1222 pradi-

766 1234 935 1288 catur,
967 1227 1206 1297 adeoque
1242 1232 1360 1286 talis
1390 1244 1441 1288 et
1473 1237 1821 1303 carminibus,
1846 1251 1896 1295 et
1919 1246 2065 1297 omni
2096 1261 2302 1300 sermo-

767 1330 891 1367 num
921 1332 1114 1385 genere
1161 1336 1435 1390 perperam
1487 1327 1817 1396 celebratur,
1858 1333 2226 1390 vehementius
2255 1346 2304 1390 te

765 1421 925 1472 quam
966 1412 1175 1468 cautius
1220 1415 1286 1467 ad
1341 1418 1661 1485 impietatem
1713 1422 1928 1492 abripit.
1991 1426 2097 1480 Aut
2140 1416 2308 1483 etiam.

768 1497 929 1561 forte,
967 1500 1091 1555 dum
1127 1504 1355 1560 nefarios
1403 1509 1648 1566 homines
1691 1512 1756 1566 ad
1799 1524 2090 1569 extremam
2132 1534 2303 1588 usque

765 1599 1086 1645 senectutem
1117 1600 1391 1663 pervenire
1413 1601 1580 1664 vides,
1610 1603 1911 1674 liberosque
1937 1609 2099 1662 simul
2125 1625 2188 1666 ac
2212 1627 2303 1665 ne-

764 1687 913 1745 potes
941 1685 1165 1739 summis
1211 1688 1262 1740 in
1306 1689 1600 1747 honoribus
1624 1696 1943 1753 constitutos
1977 1701 2297 1771 relinquere,

761 1772 973 1838 gravius
1018 1777 1367 1840 perturbaris.
1422 1782 1594 1850 Atque
1636 1785 1730 1850 ita,
1764 1788 1890 1842 dum
1924 1791 2001 1843 vel
2029 1793 2300 1848 auditione

761 1862 978 1929 accipis,
1013 1865 1095 1918 vel
1123 1869 1294 1923 oculis
1340 1870 1450 1939 ipse
1494 1874 1615 1946 tuis.
1637 1879 1923 1934 nonnullos
1958 1880 2186 1938 fortasse
2218 1885 2297 1937 vi-

2413 603 2696 675 μυθητέον.
2724 604 2794 659 Ὦ
2822 609 3008 679 ἄριστε
3053 611 3136 682 δὴ,
3168 612 3372 680 φῶμεν,
3413 615 3492 666 ὃτι
3527 615 3626 683 μὲν
3657 618 3761 686 ἡγῇ
3797 618 3910 683 0:94,;
3974 621 3975 624 ‘

2411 696 2693 762 συγγένειά
2723 714 2804 761 τις
2832 699 2959 762 ῖσως
2991 717 3050 753 σε
3096 701 3214 754 θεία
3246 704 3378 772 πρὸς
3409 704 3469 756 τὸ
3521 705 3794 774 ξύμφυτον
3827 709 3911 776 ἀγει

2408 787 2570 855 τιμᾷν
2597 788 2687 840 καὶ
2736 789 2972 858 νομίζειν
3013 785 3150 844 εἶναι
3170 809 3183 821 ·
3223 794 3403 846 κακῶν
3430 795 3487 847 δὲ
3528 796 3823 866 ἀνθρώπων
3848 802 3911 851 καὶ

2408 875 2602 930 ἀδίκων
2627 878 2782 947 τύχαι
2816 881 2918 951 ίδίᾳ
2949 885 3041 936 καὶ
3074 885 3322 956 δημοσία,
3343 886 3570 956 ἀληθείᾳ
3605 886 3705 956 μὲν
3725 891 3816 942 οὐκ
3853 895 3913 944 εὑ.

2405 963 2671 1033 δαίμονες,
2700 967 2873 1033 δόξαις
2890 969 2946 1021 δὲ
2969 971 3458 1043 εὐδαιμονιζόμεναι
3487 976 3715 1044 σφόδρα,
3732 978 3913 1031 ἀλλὀὐκ

2405 1055 2674 1122 ἐμμελῶς,
2687 1057 2875 1124 ἄγουσί
2906 1076 2963 1112 σε
2994 1061 3129 1131 πρὸς
3147 1063 3414 1129 ἀσέϐειαν,
3434 1065 3492 1118 ἐν
3510 1082 3566 1118 τε
3605 1066 3825 1137 μούσαις
3843 1072 3915 1121 οὐκ

2405 1144 2576 1214 ὀρθῶς
2613 1147 2938 1217 ὑμνούμεναι
2984 1152 3097 1221 ἅμα
3132 1153 3221 1206 καὶ
3266 1156 3325 1207 ὲν
3363 1156 3637 1220 παντοίοις
3664 1157 3844 1225 λόγοις.
3866 1163 3914 1212 'H

2405 1236 2495 1287 καὶ
2526 1237 2658 1307 πρὸς
2688 1237 2834 1301 τέλος
2865 1240 2992 1304 ίσως
3016 1244 3256 1308 ἀνοσίους
3276 1245 3589 1317 ἀνθρώπους
3611 1248 3756 1319 ὁρῶν
3778 1249 3915 1300 ἐλθόν-

2403 1343 2499 1389 τας
2526 1331 2802 1397 γηραιοὺς,
2831 1333 3022 1408 παῖδας
3047 1334 3246 1386 παίδων
3271 1335 3663 1400 καταλιπόντας
3688 1340 3746 1391 ἑν
3769 1344 3915 1408 τιμαξ

2401 1420 2519 1479 ταῖς
2542 1419 2841 1486 μεγίσταις,
2887 1419 3123 1494 τάράττῃ
3153 1426 3315 1478 τανῦν
3339 1428 3476 1497 (45),
3507 1428 3641 1480 ὅταν
3676 1431 3734 1480 ὲν
3779 1430 3914 1483 ἅπασι

2400 1507 2605 1571 τούτοις
2635 1508 2779 1572 ἰδὼν,
2818 1511 2850 1579 ἢ
2879 1513 2946 1564 δι’
2979 1513 3146 1584 ἀκοῆς
3170 1514 3553 1588 αίσθόμενος,ἢ
3605 1520 3701 1571 καὶ
3750 1523 3914 1573 παντά-

2403 1613 2564 1652 πασιν
2590 1598 2749 1662 αὐτὸς
2771 1601 2945 1653 αὐτῶν
2968 1620 3072 1656 τινι
3095 1605 3362 1675 αὐτόπτης
3384 1608 3724 1678 προστυχὼν,
3749 1610 3916 1662 πολλῶν

2400 1688 2754 1758 ἀσεϐημάτων
2801 1694 2892 1744 καὶ
2931 1695 3116 1748 δεινῶν
3154 1700 3454 1768 γενομένων
3495 1702 3644 1766 τισὶ,
3690 1702 3757 1754 δι’
3810 1704 3918 1755 αὐτὰ

2398 1778 2568 1831 ταῦτα
2612 1781 2742 1850 ὁρᾷς
2785 1783 2848 1833 ὲκ
2899 1785 3140 1856 σμικρῶν
3187 1787 3267 1849 είς
3301 1789 3615 1857 τυραννίδας
3655 1807 3715 1841 τε
3758 1792 3839 1843 καὶ
3869 1793 3917 1843 τὰ

2403 1868 2630 1938 μέγιστα
2663 1872 3053 1943 ἀφικομένους,
3085 1876 3202 1928 τότε
3248 1877 3336 1930 διά
3388 1879 3561 1932 πάντα
3606 1882 3680 1933 τά
3733 1881 3915 1933 τοιαῦτα

759 1950 873 2012 des,
897 1955 982 2021 qui
1021 1959 1353 2023 gravissimis
1383 1964 1622 2020 obstricti
1653 1968 2048 2033 sceleribus,ob
2070 1973 2157 2026 illa
2187 1975 2288 2044 ipsa

2396 1958 2549 2028 δῆλος
2579 1956 2630 2011 εἴ
2657 1962 2958 2032 μέμφεσθαι
2993 1966 3090 2034 μὲν
3134 1966 3287 2029 θεοὺς
3310 1968 3383 2030 ὡς
3423 1969 3630 2032 αἰτίους
3661 1970 3813 2031 ὄντας
3835 1972 3915 2022 τιῖιν

758 2057 820 2095 ev
856 2044 1038 2100 humili
1071 2052 1320 2120 tenuique
1351 2052 1563 2110 fortuna
1596 2058 1662 2111 ad
1693 2063 2027 2129 tyrannidem
2065 2080 2288 2136 opesque

2395 2051 2645 2104 τοιούτων
2669 2052 2755 2105 διὰ
2786 2055 3093 2121 ξυγγένειαν
3124 2059 3222 2110 οὐκ
3254 2058 3318 2111 ἂν
3347 2058 3562 2123 ἐθέλων,
3601 2062 3855 2132 ἀγόμενος
3877 2063 3914 2112 ἃ

761 2137 1020 2193 maximas
1048 2141 1341 2198 evehantur
1394 2166 1404 2199 :
1459 2161 1569 2201 tum
1597 2153 1872 2209 enimvero
1902 2156 2031 2210 deos
2059 2158 2288 2226 quidem,

2399 2140 2502 2191 ύπό
2523 2158 2578 2193 τε
2612 2141 2830 2210 ἀλογίας
2875 2146 2988 2214 ἃμα
3015 2148 3106 2198 καὶ
3144 2149 3204 2199 ού
3249 2148 3536 2218 δυνάμενος
3573 2151 3914 2221 δυσχεραίνειν

2398 2230 2547 2254 n__}_
2605 2235 2676 2254 ,1,
2714 2235 2855 2254 _,‘,,
2933 2237 2956 2246 ὀ
3051 2237 3065 2254 \
3152 2239 3199 2254 on
3272 2240 3423 2254 ..λης
3473 2241 3496 2254 Α
3656 2242 3678 2254 σ-
3759 2243 3772 2254 α
3831 2237 3849 2254 r

757 2226 911 2290 quasi
947 2242 1122 2282 rerum
1153 2231 1373 2287 istarum
1424 2249 1692 2306 auctores,
1727 2244 1942 2312 promer
1990 2246 2288 2302 affinitatem

2398 2230 2568 2295 θεοὺς,
2601 2235 2678 2297 εἰς
2710 2235 2865 2287 τοῦτο
2899 2237 2990 2289 νῦν
3015 2237 3076 2289 τὸ
3097 2239 3288 2306 πάθος]
3309 2240 3567 2310 ἐλήλυθας
3591 2281 3608 2304 ,
3645 2242 3772 2294 ὥστ’
3807 2237 3914 2294 εἶναι

757 2327 878 2366 cum
911 2316 1013 2371 illis
1043 2328 1184 2372 tuam
1216 2325 1488 2380 criminari
1525 2345 1629 2384 non
1658 2333 1770 2399 vis;
1818 2337 1909 2389 sed
1940 2338 2128 2404 partim
2154 2354 2288 2393 caaco

759 2404 1004 2436 alumnum
1054 2422 1179 2436 ...υ-η
1256 2418 1440 2436 --.ηιμ
1517 2421 1530 2436 ι
1631 2422 1684 2436 ιιι
1791 2425 1801 2436 .
1851 2427 1861 2436 .
1887 2427 1897 2436 .
2190 2427 2202 2436 .

2399 2325 2496 2394 μὲν
2523 2326 2692 2380 δοκεῖν
2718 2331 2929 2393 αὐτοὺς,
2964 2333 3068 2383 τῶν
3112 2333 3155 2385 δ’
3205 2333 3552 2405 ἀνθρωπίνων
3590 2338 3915 2405 καταφρονεῖν

756 2404 1007 2472 abreptus
1052 2422 1203 2477 aestu,
1254 2418 1446 2482 partim
1499 2421 1564 2473 de
1614 2422 1718 2477 diis
1772 2425 2017 2479 dubitare
2059 2427 2288 2494 nescius,

756 2492 902 2528 ea:
947 2511 1061 2528 nnrn
1099 2499 1146 2528 :..
1175 2504 1367 2528 manu-
1399 2507 1702 2528 ..__:.__n:,,_
1748 2527 1754 2528 ,
1813 2513 1824 2528 ι
1966 2514 1976 2525 -
2016 2516 2048 2528 --
2162 2525 2172 2528 _

2396 2418 2487 2469 καὶ
2516 2418 2730 2486 ἀμελεῖν
2759 2422 3112 2490 πραγμάτων.
3140 2423 3256 2475 Ἵνα
3279 2420 3368 2476 οὖν
3394 2426 3468 2495 μὴ
3498 2427 3588 2477 ἐπὶ
3617 2424 3797 2494 μεῖζον
3813 2425 3913 2494 ἔλθῃ

2401 2523 2472 2528 _-_
2505 2507 2668 2528 _;n__
2709 2509 2833 2528 __\_
2891 2511 3010 2528 27!,
3206 2512 3220 2528 ι
3293 2513 3316 2522 -ι
3494 2515 3503 2525 ι
3604 2517 3656 2528 ιιι
3835 2517 3911 2528 .ε«.

755 2492 910 2562 631
947 2511 1062 2549 eam
1098 2499 1148 2551 in
1174 2504 1370 2557 mentis
1397 2507 1762 2576 aegritudinem
1793 2513 2072 2574 devenisti,
2121 2525 2179 2569 ut
2201 2531 2288 2570 eos

2397 2523 2476 2558 σοι
2502 2507 2669 2570 πάθος
2702 2509 2834 2577 πρὸς
2880 2511 3130 2564 ἀσέϐειαν
3173 2512 3231 2564 τὸ
3260 2513 3352 2566 νῦν
3381 2515 3548 2585 παρὸν
3597 2517 3797 2584 δόγμα,

758 2585 969 2650 quidem
997 2602 1116 2642 esse
1149 2591 1365 2659 fateare,
1400 2607 1648 2652 ceterum
1685 2601 1752 2654 ab
1777 2602 1963 2658 iisdem
1993 2606 2293 2672 resbuma-

757 2686 854 2725 nas
884 2671 1122 2730 funditus
1153 2681 1344 2751 negligi
1374 2685 1649 2741 arbitrere.
1692 2689 2074 2756 Quamobrem,
2111 2712 2177 2750 ne
2209 2705 2290 2750 ta-

747 2761 820 2816 lis
854 2765 1034 2830 opinio
1063 2779 1111 2821 te
1148 2770 1198 2822 in
1226 2774 1523 2840 graviorem
1559 2778 1846 2847 impietatis
1895 2793 2092 2850 pestem
2123 2787 2294 2857 conji-

759 2854 883 2918 ciat,
915 2872 958 2910 SI
988 2874 1094 2927 quo
1129 2862 1285 2915 modo
1306 2879 1445 2927 eam,
1493 2883 1559 2922 ne
1598 2869 1810 2940 longius
1839 2883 2051 2943 serpat,
2083 2877 2289 2931 amoliri

757 2947 952 3014 verbis,
975 2954 1199 3020 etquasi
1243 2970 1596 3015 averruncare
1637 2964 1947 3031 poterimus,
1981 2981 2289 3037 sequentem

750 3033 1184 3106 disputationem,
1203 3058 1322 3096 cum
1348 3047 1526 3114 priore
1548 3050 1834 3121 illa,quam
1859 3033 2117 3112 adversus
2142 3075 2285 3124 eum,

2393 2598 2485 2651 ὲάν
2507 2618 2620 2662 πως
2640 2595 2749 2652 οἷον
2767 2602 3337 2674 ἀποδιοπομπήσασθαι
3359 2607 3533 2674 λόγοις
3560 2609 3697 2660 αὐτὸ
3727 2608 3911 2678 προσιὸν

2395 2687 2529 2758 (44)
2589 2689 2869 2766 γενώμεθα
2920 2692 3161 2758 δυνατοὶ,
3205 2695 3551 2766 πειρώμεθα,
3611 2699 3911 2766 συνῆσαν-τες

2390 2778 2480 2831 τὸν
2507 2779 2631 2848 ἑξῆς
2661 2779 2833 2848 λόγον,
2866 2775 2911 2848 ᾧ
2950 2785 3086 2854 πρὸς
3115 2784 3203 2837 τὸν
3233 2789 3488 2856 παράπαν
3518 2789 3613 2857 οὐχ
3644 2789 3911 2858 ἡγούμενον

2393 2869 2546 2932 θεοὺς
2592 2871 2649 2936 ἐξ
2697 2873 2869 2942 ἀρχῆς
2895 2874 3338 2946 διεπερανάμεθα,
3372 2878 3544 2948 τούτῳ
3575 2880 3743 2932 τανῦν
3774 2897 3910 2950 προσ-

2391 2962 2709 3031 χρήσασθαι.
2738 2965 2809 3016 Σὺ
2836 2965 2900 3027 δ’,
2936 2961 2980 3017 ὦ
3016 2966 3234 3020 Κλεινία
3265 2985 3322 3019 τε
3368 2968 3464 3020 καὶ
3513 2968 3770 3036 Μέγιλλε,
3797 2972 3909 3038 ὑπὲρ

2389 3050 2481 3102 τοῦ
2510 3052 2650 3114 νέου,
2676 3053 2922 3125 καθάπερ
2955 3056 3013 3107 ἐν
3039 3059 3151 3119 τοῖς
3174 3057 3496 3126 ἑμπροσθεν,
3525 3058 3908 3129 ἀποκρινόμενοι

751 3126 841 3194 qui
874 3128 1000 3182 deos
1044 3146 1267 3198 prorsus
1313 3151 1431 3192 esse
1478 3140 1654 3196 nullos
1682 3145 1933 3211 putabat,
1965 3148 2080 3217 ipso
2109 3151 2286 3204 statim

2390 3141 2709 3211 διαδέχεσθε.
2753 3145 2874 3196 Ἐὰν
2906 3145 2961 3197 δέ
2993 3162 3043 3197 τι
3076 3146 3324 3199 δύσκολον
3351 3126 3686 3216 ἐγγίγνηται-
3845 3151 3910 3202 λό-

751 3222 902 3275 initio
925 3225 1310 3291 pertexuimus,
1348 3242 1595 3286 accurate
1634 3249 1697 3289 ac
1723 3238 1963 3292 studiose
2003 3243 2291 3314 conjunga-

749 3328 888 3367 mus.
932 3315 994 3369 Et
1020 3332 1114 3370 vos
1141 3319 1378 3386 quidem,
1411 3337 1444 3374 ο
1466 3320 1662 3388 Clinia,
1715 3335 1876 3396 tuque
1902 3328 2128 3401 Megille,
2157 3336 2288 3388 ado-

751 3402 996 3457 lescentis
1030 3405 1198 3460 vicem
1243 3409 1328 3464 hic
1352 3427 1566 3480 quoque
1599 3415 1907 3481 subeuntes,
1955 3420 2124 3489 ipsius
2152 3432 2286 3489 meo,

745 3492 1191 3558 quemadmodum
1249 3497 1360 3565 jam
1431 3510 1552 3555 ante
1614 3503 1837 3572 fecistis,
1896 3513 2283 3577 respondetote.

751 3580 879 3651 Ego,
907 3584 950 3637 si
988 3586 1114 3653 quid
1153 3587 1416 3642 interdum
1461 3593 1687 3661 spissius
1713 3595 1978 3655 inciderit.
2013 3616 2109 3654 vos
2140 3611 2288 3656 trans

745 3671 995 3736 lluvium,
1048 3676 1121 3728 uti
1168 3677 1342 3731 adhuc
1392 3677 1524 3742 feci,
1552 3682 1836 3751 trajiciam.
1864 3713 1936 3728 —
1963 3686 2144 3743 Recte.
2182 3690 2287 3744 Fac.

748 3765 904 3818 modo
951 3767 1093 3832 quod
1144 3769 1444 3848 polliceris,
1496 3788 1594 3828 nos
1637 3775 1873 3831 vicissim
1929 3781 2066 3848 quod
2104 3783 2282 3850 jubes,

747 3863 1005 3919 quantum
1041 3858 1092 3909 in
1121 3860 1276 3913 nobis
1303 3861 1425 3923 erit,
1458 3860 1738 3926 faciemus.
1760 3893 1825 3908 κ
1851 3867 2142 3943 Principio,
2177 3872 2283 3927 dif.

746 3945 902 4008 Iicilc,
930 3948 1138 4015 Opinor,
1177 3951 1229 4004 id
1262 3952 1448 4006 saltem
1468 3958 1748 4012 ostendere
1796 3976 1903 4014 non
1935 3961 2131 4028 fuerit,
2179 3965 2284 4019 diis

745 4052 829 4090 res
869 4052 1061 4107 parvas
1091 4054 1195 4092 non
1240 4041 1416 4096 minus
1455 4057 1597 4100 cura:
1623 4061 1741 4101 esse
1783 4065 1943 4118 quam
1997 4054 2279 4108 maximas.

745 4129 1037 4183 Audiebam
1068 4131 1209 4184 enim
1247 4141 1406 4203 atque
1465 4136 1773 4204 intereram,
1821 4156 1942 4195 cum
1973 4146 2132 4211 paulo
2160 4157 2282 4200 ante

742 4217 1029 4282 diceretur,
1059 4235 1152 4274 eos
1177 4237 1297 4275 cum
1324 4223 1520 4278 virtute
1547 4227 1691 4279 omni
1725 4229 1976 4295 praeditos
2002 4246 2141 4298 esse,
2165 4240 2277 4287 tum

743 4323 919 4359 rerum
969 4311 1334 4366 universarum
1384 4331 1566 4370 curam
1623 4319 1855 4374 maxime
1898 4325 2168 4392 propriam
2216 4341 2280 4381 ac

739 4397 1060 4464 peculiarem
1094 4400 1306 4456 habere.
1335 4435 1403 4444 —-
1427 4406 1536 4472 Ego
1567 4424 1690 4462 vero
1720 4409 1770 4463 id
1798 4412 1958 4465 etiam
1989 4414 2275 4471 admodum

2391 3250 2525 3300 γοις,
2557 3235 2666 3302 ἐγὼ
2700 3236 2865 3303 σφῶν,
2895 3236 3082 3306 ὥσπερ
3111 3237 3204 3289 νῦν
3234 3237 3327 3307 δὴ,
3365 3237 3674 3308 δεξάμενος,
3716 3241 3909 3294 διαϐιϐῶ

2388 3325 2477 3376 τὸν
2510 3327 2762 3394 ποταμόν.
2781 3358 2844 3366 -
2883 3328 3082 3398 Ὀρθῶς
3124 3328 3328 3395 λέγεις,
3363 3332 3454 3382 καί
3507 3332 3570 3404 συ
3600 3333 3747 3386 οὕτω
3769 3333 3908 3386 ταῦτα

2388 3416 2508 3482 δρᾶ,
2542 3418 2830 3486 ποιήσομέν
2854 3435 2909 3469 τε
2946 3421 3103 3488 ἡμεῖς
3133 3421 3210 3481 εἰς
3243 3419 3298 3472 τὸ
3322 3422 3560 3486 δυνατὸν,
3589 3425 3623 3476 a
3654 3425 3908 3491 λέγεις.-

2401 3505 2537 3556 Ἀλλ’
2577 3506 2726 3558 οὐδὲν
2752 3507 2868 3577 τάχ’
2909 3509 2975 3560 ἂν
3026 3510 3153 3571 ἴσως
3201 3512 3283 3582 εἴη
3336 3513 3569 3582 χαλεπὸν
3605 3516 3907 3581 ἐνδείξασθαι

2387 3594 2542 3647 τοῦτό
2565 3612 2646 3663 γε,
2676 3597 2750 3659 ὼς
2781 3598 3052 3668 ἐπιμελεῖς
3086 3602 3329 3672 σμικρῶν
3363 3607 3466 3656 είσι
3495 3605 3606 3659 θεοὶ
3647 3608 3745 3673 οὐχ
3775 3602 3906 3675 ἦττον

2385 3684 2417 3754 ἢ
2440 3684 2515 3753 τῷ
2537 3686 2749 3754 μεγέθει
2776 3687 3386 3759 διαφερόντων.Ἦκουον
3406 3693 3514 3763 γάρ
3532 3711 3656 3754 που,
3676 3695 3768 3746 καὶ
3788 3710 3904 3763 παρ·

2383 3776 2450 3845 ἧν
2489 3780 2600 3841 τοῖς
2639 3778 2732 3830 νῦν
2761 3779 2822 3848 δὴ
2847 3779 3172 3851 λεγομένοις,
3195 3784 3268 3846 ὠς
3290 3785 3478 3850 ἀγαθοί
3498 3800 3561 3850 γε
3583 3784 3734 3846 ὄντες
3755 3786 3906 3836 πᾶσαν

2383 3866 2599 3937 ἀρετὴν,
2615 3868 2710 3937 τὴν
2725 3858 2830 3922 τῶν
2849 3872 3058 3926 πάντων
3078 3874 3388 3944 ἐπιμέλειαν
3407 3874 3739 3944 οἰκειοτάτην
3759 3873 3906 3927 αὐτῶν

2382 3952 2543 4010 οὖσαν
2575 3957 2878 4028 κέκτηνται.
2902 3992 2970 4002 ——
2993 3963 3099 4015 Καὶ
3140 3964 3340 4032 σφόδρα
3366 3980 3428 4030 γε
3461 3965 3824 4032 ἑπήκουον.-
3850 3964 3906 4015 Τὸ

2385 4046 2521 4116 μετὰ
2548 4047 2701 4101 τοῦτο
2721 4051 2894 4104 τοίνυν
2921 4055 3068 4122 κοινῇ
3105 4053 3710 4124 συνεξετάζωμενμτΐνᾳ
3748 4055 3903 4124 λέγον-

2378 4153 2468 4198 τες
2493 4137 2687 4208 ἀρετὴν
2711 4139 2909 4206 αὐτῶν,
2925 4139 3283 4210 ὁμολογοῦμεν
3305 4142 3494 4205 αὐτοὺς
3513 4123 3747 4212 ἀγαθοῦς
3767 4141 3902 4198 εἶναι.

2377 4228 2530 4298 Φέρε,
2551 4231 2610 4283 τὸ
2621 4237 2908 4303 σωφρονεῖν
2929 4235 3048 4286 νοῦν
3072 4250 3130 4286 τε
3163 4233 3475 4302 κεκτῆσθαι,
3504 4234 3680 4305 φαμὲν
3711 4237 3902 4307 ἀρετῆς

2377 4320 2442 4373 τὰ
2475 4321 2530 4373 δὲ
2552 4324 2781 4388 ἐναντία,
2816 4325 3042 4387 κακίας;
3067 4353 3136 4361 -
3169 4324 3365 4393 Φαμὲν.
3389 4353 3454 4362 -·
3478 4325 3540 4377 Τί
3585 4327 3700 4391 Gai;
3728 4326 3902 4397 ἀρετῆς

2382 4412 2478 4480 μὲν
2510 4413 2754 4486 ἀνδρείαν
2800 4411 2956 4479 εῖναι,
2991 4414 3187 4467 δειλίαν
3217 4416 3274 4468 δὲ
3301 4417 3528 4481 κακίας;
3553 4450 3621 4459 —
3647 4420 3794 4473 Πάνυ
3822 4419 3900 4488 μὲν

737 4485 1004 4538 exaudivi.
1028 4515 1099 4528 —
1123 4487 1273 4551 Quod
1319 4507 1444 4560 ergo
1496 4498 1767 4565 sequitur,
1802 4501 2086 4569 conjuncta
2135 4522 2279 4561 nunc

2390 4498 2492 4557 οὖν.
2514 4535 2582 4542 -
2602 4485 2707 4556 Ka‘t
2732 4503 2800 4556 τὰ
2820 4507 2916 4573 μὲν
2941 4506 3138 4575 αἰσχρὰ
3159 4505 3379 4571 τούτων,
3411 4511 3481 4564 τά
3498 4510 3554 4563 δὲ
3587 4512 3726 4566 καλά
3755 4485 3900 4581 vit-60-

736 4592 900 4644 opera
943 4578 1238 4642 videamus,
1272 4597 1492 4650 ecquam
1525 4587 1590 4641 iis
1617 4590 1867 4644 virtutem
1909 4595 2141 4650 maxime
2183 4599 2279 4652 tri-

738 4668 984 4730 buamus,
1046 4684 1167 4722 cum
1222 4685 1316 4723 eos
1365 4672 1532 4728 bonos
1579 4691 1698 4730 esse
1747 4679 2086 4737 confitemur.
2144 4686 2276 4756 Age,

738 4773 912 4812 nonne
948 4762 1318 4828 temperantia,
1373 4772 1426 4815 et
1479 4765 1804 4836 intelligendi
1850 4771 2102 4828 facultate
2144 4791 2278 4842 prae-

633 4847 639 4852 ’
734 4859 896 4913 stare,
950 4851 1129 4905 virtuti
1180 4853 1540 4921 assignamus,
1571 4859 1810 4927 vitioque
1867 4866 2277 4918 contraria?—

736 4939 896 5002 Sane,
928 4943 1288 5013 assignamus.
1315 4976 1382 4986 —
1406 4945 1546 5010 Quid
1575 4951 1738 5003 vero?
1769 4967 1874 5005 non
1901 4955 2061 5008 etiam
2092 4957 2275 5010 virtuti

735 5028 1093 5086 fortitudinem
1115 5074 1132 5097 ,
1167 5036 1501 5092 timiditatem
1557 5040 1717 5094 vitio?
1737 5073 1803 5083 —
1825 5042 2074 5101 Prorsus.
2102 5079 2172 5088 —
2199 5048 2274 5102 Ex

735 5119 922 5173 iisdem
952 5125 1190 5191 nunquid
1227 5127 1329 5181 alia
1363 5129 1536 5198 turpia
1559 5170 1573 5193 ,
1603 5131 1826 5188 honesta
1869 5136 1972 5189 alia
2005 5153 2125 5193 esse
2144 5141 2275 5193 dici-

733 5209 898 5264 mus?
925 5241 991 5250 —
1021 5210 1086 5265 Et
1130 5222 1454 5275 necessario.
1485 5251 1536 5260 —
1583 5222 1860 5286 Prmterca,
1886 5229 1930 5280 si
1977 5245 2095 5296 qua:
2125 5231 2177 5285 in
2209 5226 2275 5286 iis

798 5453 907 5517 (45)
945 5453 1201 5530 Ταράττῃ
1230 5456 1588 5530 ζανιξνκιίαεο
1621 5465 1757 5530 apud
1786 5464 2055 5521 Platonem
2090 5469 2158 5521 ita
2198 5470 2272 5522 le-

730 5538 838 5586 ges,
873 5526 1110 5596 ταράττῃ
1137 5526 1298 5577 τανῦν
1343 5528 1399 5577 ἐν
1441 5527 1606 5580 ἅπασι
1639 5526 1862 5597 τούτοις·
1903 5537 2020 5589 ἰδὼν
2061 5539 2090 5597 ἦ
2129 5540 2192 5590 δι’
2218 5559 2271 5592 α.

730 5557 838 5586 διο,
884 5557 1110 5596 burna-ty”
1149 5557 1298 5577 ιιινυν
1343 5557 1399 5577 ιν
1441 5557 1606 5580 υιιιιιυι
1639 5557 1862 5597 τυντως·
1903 5557 2020 5589 ιοιυν
2129 5557 2176 5590 Οί.
2218 5559 2271 5592 α.

730 5607 780 5640 a.
809 5608 861 5658 η.
892 5610 944 5644 κ.
974 5611 1028 5646 π.
1066 5595 1224 5656 αὐτὸς
1251 5597 1518 5665 αὐτόπτης
1565 5604 1873 5671 προστυχὼν
1897 5649 1908 5666 ,
1935 5619 2034 5659 etc.
2061 5557 2184 5677 1530
2215 5611 2273 5662 Ii-

730 5658 740 5677 Ι
835 5670 845 5677 .
995 5666 1021 5677 η,
1061 5667 1076 5676 ς
1603 5673 1607 5676 .

730 5658 909 5711 buntur
951 5666 1122 5715 αὐτῶν
1173 5684 1274 5717 τινι
1321 5658 1691 5734 ρςβιιιῖιριῖιιι,
1744 5658 1979 5738 δίῖιιιιιιιιι·
2024 5658 2162 5730 cmi}.
2210 5681 2274 5732 de

727 5729 968 5795 pluribus
999 5737 1293 5804 γενομένων
1329 5729 1450 5790 τιὸι.
1482 5741 1540 5792 At
1575 5729 1699 5795 ὅταν
1730 5729 1948 5808 retineo,
1981 5752 2270 5815 plmscltim

2381 4609 2513 4662 μεν;
2541 4623 2611 4631 —
2645 4596 2896 4663 Ἀνάγκη.
2918 4624 2987 4633 --
3028 4596 3136 4648 Καὶ
3167 4596 3271 4650 τῶν
3303 4601 3399 4669 μὲν
3443 4605 3740 4672 προσήκειν
3771 4605 3900 4672 ἡμῖν,

2378 4683 2531 4751 εῖπερ
2557 4682 2727 4734 ὁπόσα
2752 4682 2984 4753 φλαῦρα,
3013 4683 3150 4750 θεοῖς
3177 4687 3231 4740 δὲ
3249 4687 3371 4743 οὔτε
3393 4692 3534 4762 μέγα
3549 4691 3671 4744 οὔτε
3699 4690 3901 4760 σμικρὸν

2376 4769 2482 4821 τῶν
2513 4770 2763 4822 τοιούτων
2817 4773 2974 4839 μετὸν
3019 4777 3280 4849 ὲροῦμεν;
3308 4811 3373 4821 -—
3415 4781 3524 4834 Kal.
3571 4780 3723 4834 ταῦθ’
3757 4780 3901 4842 οὕτως

2377 4857 2624 4926 ὁμολογοί
2652 4862 2756 4924 πᾶς
2788 4863 3011 4918 ain—Ti
3046 4867 3164 4934 δαίς
3196 4870 3455 4940 ἀμέλειάν
3481 4886 3560 4933 τε,
3587 4871 3682 4922 καὶ
3708 4870 3897 4942 ἀργίαν,

2379 4950 2470 5001 καὶ
2499 4951 2722 5021 τρυφὴν,
2757 4955 2834 5017 εἰς
2874 4957 3071 5030 ἀρετὴν
3111 4960 3286 5032 ψυχῆς
3317 4961 3580 5029 θήσομεν;
3611 4961 3645 5031 ἢ
3688 4960 3798 5024 πῶς
3826 4959 3896 5011 λέ-

2377 5056 2521 5106 γεις;
2545 5073 2611 5080 —
2633 5045 2740 5097 Καὶ
2763 5047 2877 5110 πῶς
2898 5064 2910 5111 ;
2934 5079 3002 5087 —
3037 5051 3171 5103 Ἀλλ’
3200 5053 3279 5114 είς
3306 5051 3612 5104 τούναντίον
3627 5069 3713 5117 ;—
3725 5054 3894 5106 Ναί.-

2377 5133 2639 5187 Τάναντία
2668 5137 2771 5206 ἄρα
2803 5140 3007 5217 τούτοις
3028 5144 3106 5204 είς
3133 5140 3464 5206 τούναντίον;
3488 5171 3557 5179 ——
3585 5139 3891 5196 Τούναντῖον.

2375 5254 2442 5262 ——
2472 5225 2535 5276 Τί
2583 5223 2706 5293 οὖν;
2767 5230 3016 5301 τρυφῶν,
3063 5233 3156 5284 καὶ
3189 5230 3391 5301 ἀμελὴς
3412 5270 3426 5294 ,
3457 5233 3623 5302 ἀργός
3661 5252 3752 5298 τε,
3795 5234 3891 5296 δηνό

2377 5489 2495 5553 cum
2532 5485 2788 5556 sequatur
2817 5477 2952 5556 τότε,
2982 5475 3155 5530 Credo
3185 5476 3342 5530 etiam
3367 5475 3488 5530 ἰδών
3523 5478 3714 5534 abesse
3729 5491 3884 5556 pagg.

2379 5544 2477 5621 nisi
2514 5546 2613 5610 sit,
2655 5546 2828 5621 εὶδῴς,
2873 5547 3010 5621 scire
3043 5556 3218 5600 autem
3254 5557 3445 5616 potest,
3474 5565 3570 5605 seu
3601 5544 3751 5621 quod
3768 5545 3886 5603 vidc-

2379 5613 2462 5672 l‘il,
2499 5631 2588 5666 seu
2623 5617 2760 5682 quod
2792 5616 3037 5667 audierit.

2447 5685 2555 5752 (li)
2589 5688 2858 5752 Πρεπαίν.
2891 5684 3095 5739 Mallem
3129 5689 3324 5758 προῐὸν.
