4004 6342
90 446 119 499 1
130 446 236 503 αις)

1221 444 1530 501 ΡΙιιΕΡΑΙὶ.
1577 443 1824 500 EVANG.
1855 446 1978 499 LIB.
2023 444 2133 499 XII.

3136 444 3266 497 10.30

87 561 321 629 ποιητὴς
367 561 498 629 (45)
544 561 747 630 κηφῆσι
801 560 1094 629 κοθούροισι
1146 562 1372 629 μάλιστα
1431 560 1632 613 εἴκελον

1737 562 1921 614 vitiosa
1952 570 2097 621 sunt,
2128 575 2188 613 ea
2218 559 2390 611 locum
2424 560 2474 611 in
2514 560 2668 613 nobis
2704 561 2897 613 habere
2945 574 3119 626 posse,
3154 560 3267 611 uul~

86 650 329 719 ἔφασκεν
385 649 553 715 εἶναι,
582 650 801 720 γίγνοιτ’
834 651 898 703 ἂν
947 654 974 702 6
1024 650 1254 713 τοιοῦτος
1311 650 1418 719 (46)
1477 653 1637 703 πᾶσιν

86 734 337 815 ήμίνςτ-
364 735 654 803 Ὀρθὸτατά
680 752 741 803 γε
767 734 948 786 εἰπών.
972 766 1037 775 --
1064 733 1268 786 Οὐκοῦν
1298 735 1387 785 τόν
1412 752 1474 802 γε
1508 734 1638 787 Θεὸν

84 824 155 876 οὐ
192 826 380 895 ῥητέον
414 826 555 893 ἔχειν
581 822 711 895 ἦθος
728 826 983 890 τοιοῦτον,
1012 828 1039 878 ὃ
1059 825 1121 892 γέ
1150 842 1230 877 τοι
1262 826 1421 888 αὐτὸς
1457 829 1634 895 μισεῖ·

82 912 169 981 τῷ
198 913 258 965 δέ
281 930 333 965 τι
354 913 587 965 τοιοῦτον
616 914 938 982 φθέγγεσθαι
961 914 1272 984 πειρωμένῳ
1292 914 1389 965 οὐκ
1427 915 1639 982 ἐπιτρε-

87 1003 274 1057 πτέον.
300 1034 367 1043 -—
401 1004 475 1056 Οὐ
508 1004 606 1072 μὲν
637 1004 734 1075 δή·
784 1006 899 1067 πῶς
932 1005 1037 1075 γάρ
1062 1006 1157 1069 dy;
1180 1034 1246 1043 ——
1278 998 1347 1075 ᾯ
1375 1004 1436 1073 δὴ
1474 1020 1635 1074 προσ-

85 1096 217 1161 ήκει
270 1096 368 1164 μὲν
417 1098 671 1166 πράττειν
716 1099 808 1149 καὶ
869 1095 1239 1166 ἐπιμελεῖσθαι
1285 1096 1639 1165 διαφερόντως

83 1179 267 1241 τινός·
322 1182 351 1231 ὁ
384 1180 439 1233 δὲ
496 1182 682 1234 τούτου
730 1182 820 1235 τοῦ
862 1183 1046 1250 γένους
1090 1183 1194 1236 τῶν
1246 1184 1343 1253 μὲν
1396 1183 1638 1252 μεγάλων

84 1272 450 1341 ιπιμελεῐται,
478 1273 586 1326 τῶν
617 1274 859 1345 σμικρῶν
883 1275 939 1327 δὲ
990 1274 1196 1345 ἀμελεῖ,
1230 1274 1368 1327 κατὰ
1408 1276 1523 1327 τίνα
1548 1271 1639 1327 οὖν

83 1361 437 1427 ἐπαινοῦντες
478 1365 567 1417 τὸν
611 1365 845 1418 τοιοῦτον
876 1365 1049 1433 λόγον,
1080 1367 1179 1418 οὐκ
1225 1365 1291 1418 ἂν
1332 1367 1639 1419 παντάπασι

82 1452 526 1525 πλημμελοῖμενς
546 1456 839 1525 Σκοπῶμεν
855 1456 909 1508 δὲ
931 1450 1248 1525 ὧδεΪΑρόὑ
1268 1457 1403 1508 κατὰ
1422 1455 1511 1507 δύο
1528 1456 1637 1526 εἴδη

80 1545 148 1596 τὸ
159 1546 394 1598 τοιοῦτον
410 1548 670 1616 πράττειὸ
683 1549 950 1619 πράττων,
964 1549 1067 1600 εῐτε
1080 1548 1325 1609 Θεὸςεῐτε
1339 1549 1433 1601 ἀνθ
1441 1566 1637 1619 ρωπος;

80 1634 319 1703 -Ποίῳ
342 1635 403 1703 δὴ
433 1636 658 1705 λέγομεν
682 1636 820 1706 (47);
843 1638 989 1688 -Ἢ
1015 1636 1267 1707 διαφέρον
1292 1638 1438 1690 οὐδὲν
1460 1638 1638 1706 οἰόμε-

81 1740 177 1785 νος
204 1719 343 1776 εἶναι
361 1725 436 1794 τῷ
455 1726 580 1795 ὅλῳ,
602 1726 980 1795 ἀμελουμένων
1010 1726 1117 1779 τῶν
1140 1727 1398 1797 σμικρῶν,
1417 1727 1448 1795 ἢ
1476 1728 1635 1796 ῥαθυ-

85 1814 191 1885 μίᾳ
214 1818 308 1868 καὶ
332 1820 530 1887 τρυφῇ.
550 1819 597 1869 εἰ
621 1817 865 1887 διαφέρει
891 1821 921 1870 6
938 1818 994 1869 δὲ
1024 1819 1230 1887 ἀμελεῖ·
1254 1820 1286 1889 ἢ
1314 1819 1455 1871 ἐστιν
1471 1820 1639 1881 ἄλλως

1738 651 1845 703 lum
1876 651 1928 703 in
1951 650 2185 705 diis?—
2221 649 2293 703 Ne
2326 651 2464 703 istud
2492 653 2704 722 quidem
2737 668 2765 703 a
2800 666 3067 720 quoquam
3113 665 3267 719 nege—

1738 740 2097 805 tur.—Jam,
2147 742 2539 810 negligentiam,
2587 742 2751 795 otium
2827 751 2987 810 atque
3032 741 3267 801 delicias,

1737 840 1915 885 utrum
1947 830 2111 883 animi
2154 830 2332 882 virtuti
2366 829 2670 892 tribuimus,
2708 846 2772 882 an
2802 830 2946 882 non?
2994 828 3093 894 Qui
3127 829 3266 881 enim

1736 922 2075 977 tribuamus?
2109 920 2242 974 Num
2277 921 2437 989 igitur
2471 921 2836 974 contrario?—-
2867 918 3113 973 Certe.—
3142 919 3270 983 Quae

1737 1024 1860 1066 sunt
1892 1012 2053 1081 igitur
2075 1012 2141 1065 iis
2166 1012 2452 1073 contraria,
2478 1014 2747 1065 contrario
2771 1010 3178 1080 assignabimus.
3203 1037 3271 1047 —-

1736 1100 1809 1153 lta
1833 1142 1847 1163 ,
1878 1102 2167 1153 contrario.
2196 1130 2263 1138 —
2290 1099 2426 1165 Quid
2468 1101 2660 1171 igitur?
2707 1101 2961 1169 Quisquis
3000 1100 3268 1162 deliciose,

1738 1192 2061 1260 negligenter
2101 1202 2152 1245 et
2192 1192 2359 1244 otiose
2389 1192 2548 1255 vivit,
2595 1207 2771 1245 nonne
2801 1193 2845 1245 is
2870 1191 3129 1259 ejusmodi
3162 1206 3272 1244 me—

1737 1284 1841 1336 rito
1868 1298 1895 1334 a
1921 1282 2075 1335 nobis
2120 1282 2371 1334 omnibus
2418 1282 2692 1345 habeatur,
2734 1295 2891 1349 quem
2924 1280 3061 1333 fucis
3089 1280 3271 1332 inerti—

1738 1372 1838 1424 bus
1888 1369 2216 1423 simillimum
2269 1376 2425 1437 poeta
2468 1366 2972 1436 vocat?——Optime
3030 1367 3115 1419 ille
3158 1368 3273 1434 qui-

1737 1462 1973 1513 dem.—
2005 1457 2145 1527 Ergo
2187 1474 2285 1511 nec
2337 1458 2369 1510 ii
2429 1474 2604 1510 mores
2651 1457 2755 1511 Deo
2803 1456 3084 1517 tribuendi,
3134 1470 3273 1524 quos

1737 1553 1960 1621 ipsemet
1991 1550 2182 1614 oderit,
2219 1565 2317 1604 nec
2341 1550 2588 1603 ferendus
2619 1551 2923 1617 quisquam,
2956 1551 3045 1617 qui
3095 1548 3165 1599 ita
3196 1548 3273 1599 lo-

1736 1643 1829 1709 qui
1880 1642 2091 1694 audeat.
2116 1670 2183 1679 —
2208 1639 2465 1693 Neutrum
2492 1655 2619 1693 sane
2652 1658 2662 1690 :
2701 1640 2791 1709 qui
2817 1641 2957 1693 enim
2982 1638 3273 1692 deceat?—

1736 1729 1853 1782 Jam
1884 1730 2039 1797 cujus
2067 1730 2137 1782 sit
2160 1728 2356 1796 aliquid
2381 1728 2584 1780 clIiccrc
2609 1727 2800 1789 simul,
2832 1736 2886 1780 et
2931 1727 3185 1793 majorem
3220 1725 3274 1777 in

1742 1818 1958 1872 modum
1992 1833 2203 1883 curare,
2242 1817 2286 1869 is
2313 1816 2356 1869 si
2388 1831 2447 1868 ex
2478 1831 2541 1868 eo
2570 1831 2760 1885 genere
2795 1816 2997 1882 majora
3043 1815 3274 1879 curabit,

82 1923 205 1970 πως
233 1908 522 1977 γιγνομένη
548 1909 805 1978 ἀμέλεια;
834 1909 908 1961 Οὐ
931 1910 1038 1978 γάρ
1064 1926 1185 1973 που,
1204 1910 1331 1963 ὅταν
1356 1929 1416 1979 γε
1445 1912 1637 1963 ἀδύνα-

1740 1906 1967 1984 negliget
1996 1905 2223 1969 minora,
2282 1920 2386 1973 qua
2416 1905 2622 1958 tandem
2653 1918 2773 1956 eum
2804 1904 2959 1956 laude
2987 1918 3276 1971 proseque-

83 2012 180 2047 τον
276 1997 382 2048 τῶν
414 2000 625 2051 πάντων
657 1999 1045 2069 ἐπιμελεῖσθαι,
1078 2002 1196 2053 τότε
1239 2002 1462 2071 ἀμέλεια
1491 2002 1638 2054 ἔσται

84 2088 195 2139 τῶν
231 2089 475 2158 σμικρῶν
502 2090 534 2160 ἢ
588 2090 861 2160 μεγάλων,
900 2089 971 2161 μὴ
1004 2091 1439 2161 ἐπιμελουμένῳ,
1470 2088 1543 2145 ὧν
1574 2090 1639 2144 ἂν

81 2178 313 2247 δυνάμει
333 2179 481 2242 Θεὸς,
508 2181 538 2250 ἦ
571 2182 767 2248 φαῦλός
790 2198 871 2244 τις
902 2181 973 2233 ὢν
1006 2181 1240 2253 ἐλλιπὴς,
1265 2184 1356 2235 καὶ
1389 2183 1461 2253 μὴ
1486 2183 1639 2236 δυνα-

79 2271 175 2332 τὸς
204 2271 578 2340 ἐπιμελεῖσθαι
611 2272 877 2343 γίγνηται.
917 2304 984 2314 -
1007 2272 1129 2335 Πῶς
1160 2259 1397 2342 γὰρ’ἀν;
1433 2304 1501 2312 -
1527 2273 1637 2325 Νῦν

79 2362 147 2430 δὴ
175 2361 271 2432 δῷο
294 2362 442 2425 ὄντες
473 2364 646 2430 τρισὶν
680 2366 809 2433 ἡμῖν
847 2361 995 2417 οὖσιν
1043 2363 1540 2435 ἀποκρινάσθωσαν,
1587 2366 1635 2415 οἱ

83 2452 244 2513 θεοὺς
284 2454 378 2522 μὲν
406 2456 697 2525 ἀμφότεροι
731 2454 1109 2525 ὁμολογοῦντες
1172 2451 1329 2518 εἶναι,
1369 2471 1635 2525 παραιτη-

80 2547 211 2607 τοὺς
234 2545 290 2596 δὲ
326 2546 539 2615 ἔτερος,
588 2550 615 2600 6
648 2547 701 2599 δὲ
733 2548 947 2617 ἀμελεῖς
976 2547 1082 2599 τῶν
1115 2545 1375 2618 σμικρῶν.
1423 2545 1637 2615 Πρῶτον

86 2637 187 2705 μὲν
220 2636 374 2699 θεοὺς
405 2638 698 2707 ἀμφότεροί
732 2656 864 2706 φατε
892 2638 1196 2706 γινώσκειν,
1240 2639 1332 2690 καὶ
1364 2637 1515 2706 ὁρᾷν,
1545 2636 1638 2688 καὶ

82 2725 306 2778 ἀκούειν
339 2726 532 2789 πάντα,
564 2726 743 2780 λαθεῖν
772 2728 829 2779 δὲ
858 2730 1051 2791 αὐτοὺς
1078 2728 1229 2781 οὐδὲν
1253 2726 1469 2778 δυνατὸν
1501 2720 1637 2776 εἶναι

83 2815 193 2867 τῶν
237 2817 446 2869 ὁπόσων
499 2818 635 2869 εἰσὶν
683 2820 736 2869 αἱ
774 2819 1047 2889 αἰσθήσεις
1086 2835 1141 2870 τε
1186 2817 1278 2869 καὶ
1324 2815 1634 2884 ἐπιστῆμαι.

84 2905 273 2977 Ταύτῃ
295 2908 352 2960 δέ
384 2925 447 2976 γε
472 2909 653 2977 λέγετε
681 2910 823 2979 ἔχειν
871 2910 1058 2972 ταῦτα,
1090 2909 1123 2977 ἢ
1173 2910 1322 2970 πιῖιςς
1353 2938 1415 2945 —
1435 2906 1634 2966 Οὕτως.

87 3028 153 3036 —-
183 2998 249 3049 Τί
281 3000 401 3064 δαί;
452 3000 704 3053 δύνασθαι
732 3001 905 3054 πάντα
930 3002 1137 3053 ὁπόσων
1167 2995 1230 3051 αὖ
1262 2999 1483 3069 δύναμίς
1528 3001 1639 3050 ἐστι

86 3091 303 3161 θνητοῖς
321 3107 379 3143 τε
404 3092 503 3144 καῖ
522 3074 803 3155 ἀθανάτοις
820 3091 1030 3157 ;-Πῶς
1052 3090 1159 3161 γὰρ
1185 3091 1245 3141 οὐ
1270 3092 1642 3161 συγχωρήσον-

86 3198 175 3232 ται
210 3182 304 3233 καὶ⁵
331 3182 497 3234 ταῦτα
520 3182 689 3243 οὕτως
722 3182 892 3250 ἔχειν;
918 3210 987 3221 —-
1016 3180 1125 3232 Καὶ
1169 3180 1272 3248 μὴν
1304 3179 1537 3245 ἀγαθούς
1581 3196 1638 3231 τε

1738 2012 1877 2058 mur,
1903 1995 2030 2063 quin
2064 2002 2178 2047 toto
2207 1994 2344 2048 coelo
2366 1994 2722 2061 aberremus!
2748 1993 3030 2045 Enimvero
3057 1992 3134 2045 sic
3157 1993 3277 2061 phi—

1739 2086 2100 2153 los0phemur.
2138 2082 2327 2137 Nonne
2353 2083 2513 2153 632
2537 2082 2625 2150 qui
2660 2082 2856 2149 aliquid
2900 2082 3161 2149 ejusmodi
3196 2081 3276 2134 fa—

1737 2178 1861 2240 ciat,
1898 2177 1942 2229 is
1970 2176 2083 2229 sive
2111 2174 2249 2227 Deus
2280 2173 2461 2235 fuerit,
2494 2175 2605 2226 sive
2653 2173 2831 2236 homo,
2859 2172 3069 2226 duobus
3101 2172 3277 2225 modis

1739 2267 1837 2318 hoc
1868 2254 2087 2319 iecerit?
2117 2294 2183 2302 —-
2211 2264 2414 2328 Quibus
2444 2263 2689 2316 tandem?
2713 2291 2779 2301 —
2800 2261 2925 2322 Aut,
2957 2262 3097 2329 quod
3126 2262 3268 2315 illam

1736 2371 1911 2407 rerum
1938 2356 2203 2415 minorum
2236 2354 2659 2421 despicientiaui,
2680 2354 2841 2405 totius
2873 2354 3107 2406 universi
3142 2354 3276 2405 nihil

1738 2448 1994 2501 interesse
2008 2441 2187 2515 ’putet,
2234 2459 2325 2499 aut
2354 2447 2397 2499 si
2429 2461 2550 2499 cum
2583 2445 2815 2509 intersit,
2845 2446 3075 2513 negligat
3100 2456 3273 2497 tamen

1736 2539 1876 2608 quod
1928 2538 2136 2607 pigritia
2183 2539 2498 2606 deliciisque
2553 2537 2839 2589 vincatur:
2876 2537 2978 2590 nisi
3022 2537 3124 2589 alia
3180 2536 3276 2589 tibi

1734 2631 1975 2699 quaedam
2027 2633 2262 2685 occurrit
2308 2630 2637 2699 negligentiae
2684 2631 2837 2683 ratio.
2896 2626 3005 2681 Nec
3050 2628 3190 2680 enim
3231 2628 3275 2679 si

1737 2723 1975 2774 omnium
2013 2722 2232 2775 omnino
2262 2721 2447 2797 haberi
2495 2737 2621 2774 cura
2676 2736 2781 2775 non
2812 2721 3012 2790 possit,
3039 2720 3088 2773 ei
3113 2718 3279 2788 negli-

1736 2813 1926 2882 gentia:
1956 2814 2261 2878 tribuatur,
2292 2814 2383 2882 qui
2428 2828 2608 2867 rerum
2637 2815 2715 2867 vel
2750 2815 3017 2867 minorum
3054 2814 3134 2867 vel
3164 2827 3278 2865 ma—

1733 2904 1910 2973 jorum
1936 2917 2119 2956 curam
2153 2917 2257 2955 non
2301 2903 2591 2972 suscipiat,
2620 2904 2815 2971 quibus
2855 2904 3131 2969 curandis,
3164 2905 3279 2959 sive

1736 2996 1898 3061 Deus,
1935 2997 2046 3050 sive
2078 2995 2330 3049 humilior
2358 2997 2647 3065 quispiam,
2678 3006 2889 3065 propter
2914 2995 3270 3049 inﬁrmitatem

1739 3102 1889 3141 suam
1919 3101 2013 3155 par
2032 3100 2151 3140 esse
2178 3100 2282 3139 non
2308 3085 2494 3153 possit.
2525 3114 2594 3123 —
2624 3084 2757 3150 Quis
2779 3086 2922 3138 enim
2954 3084 3004 3137 id
3042 3084 3162 3153 jure
3200 3083 3277 3138 fe-

1742 3178 1909 3235 cerit?
1933 3207 2000 3217 —
2027 3172 2180 3231 Nunc
2223 3177 2381 3245 igitur
2423 3177 2575 3229 nobis
2607 3177 2777 3230 tribus
2801 3168 2909 3230 duo
2932 3176 3018 3229 isti
3054 3190 3278 3244 respon-

88 3270 179 3320 καὶ
201 3270 453 3339 ἀρίστους
472 3270 897 3339 ὡμολογήκαμεν
920 3269 1112 3330 αὐτοὺς
1133 3264 1269 3321 εἶναι
1292 3268 1449 3320 πέντε
1470 3268 1635 3331 ὄντες.

1740 3271 1918 3331 deant,
1951 3269 2041 3336 qui
2070 3282 2190 3321 cum
2224 3268 2381 3320 ambo
2410 3268 2539 3321 deos
2571 3283 2689 3321 esse
2716 3267 2981 3321 fateantur
3000 3306 3013 3329 ,
3062 3268 3275 3320 eosdem

89 3388 155 3397 ._.
174 3358 386 3428 Σφόδρα
408 3375 489 3426 γε,
509 3388 577 3397 -
597 3354 719 3431 Ἆρ’
752 3356 843 3412 οὖν
874 3361 932 3412 οὐ
965 3359 1201 3429 ῥᾳθυμίᾳ
1231 3359 1327 3428 μὲν
1352 3361 1443 3411 καὶ
1462 3362 1636 3429 τρυφῇ

86 3449 347 3502 ἀδύνατον
378 3452 574 3513 αὐτοὺς
594 3450 871 3521 ὁμολογεῖν
902 3453 1156 3522 πράττειν
1180 3450 1352 3503 ὁτιοῦν
1375 3450 1434 3501 τὸ
1463 3451 1637 3520 παρά-

89 3553 226 3601 παν,
275 3538 433 3600 ὄντας
459 3555 521 3605 γε
557 3539 699 3602 οἴους
731 3540 954 3609 λέγομεν
981 3557 995 3603 ;
1040 3539 1243 3601 Δειλίας
1273 3538 1380 3609 γάρ
1428 3538 1639 3606 ἔγγονος

89 3630 143 3681 ἑν
175 3645 244 3697 γε
272 3631 402 3698 ἡμῖν
439 3626 622 3697 ἀργία,
654 3630 890 3699 ῥᾳθυμία
921 3632 975 3683 δὲ
1005 3630 1198 3699 ἀργίας
1227 3631 1317 3681 καί
1342 3630 1641 3699 τρυφῆς.-

101 3720 466 3790 ’Δληθέστατα
508 3721 701 3795 λέγεις.
726 3749 793 3757 —
829 3722 1018 3792 Ἀργίᾳ
1073 3723 1166 3789 μὲν
1195 3723 1257 3791 δὴ
1288 3723 1375 3773 καὶ
1406 3720 1641 3790 meum;

90 3817 267 3879 οὐδεὶς
296 3816 486 3888 άμελεῐ
519 3816 680 3868 θεῶν·
718 3816 776 3867 οὐ
809 3816 917 3886 γὰρ
945 3818 1188 3885 μέτεστιν
1227 3818 1372 3887 αὐτῷ
1406 3835 1503 3869 που
1524 3818 1640 3877 ,δει-

90 3907 232 3970 λίας.
274 3938 343 3948 -
390 3908 680 3977 ὐρθότατα
726 3906 919 3973 λέγεις.
960 3939 1027 3947 -
1072 3908 1275 3962 Οὐκοῦν
1325 3908 1385 3959 τὸ
1428 3909 1639 3971 λοιπὸν,

90 3998 247 4069 εἴπερ
276 3998 531 4068 ἀμελοῦσι
555 3998 661 4050 τῶν
691 3998 930 4068 σμικρῶν
961 3998 1051 4071 καὶ
1084 3998 1277 4063 ὀλίγων
1298 3997 1403 4050 τῶν
1436 4000 1559 4068 περὶ
1583 3999 1642 4050 τὸ

94 4092 222 4152 πᾶν,
268 4090 301 4159 ἢ
345 4088 727 4157 γινώσκοντες,
759 4090 833 4151 ὡς
874 4088 933 4141 τὸ
980 4090 1238 4158 παράπαν
1283 4089 1487 4152 οὐδενὸς
1537 4089 1641 4141 τῶν

93 4180 346 4233 τοιούτων
370 4179 740 4250 ἐπιμελεῖσθαι
768 4180 864 4245 δεῖ,
911 4179 1080 4249 δρῷεν
1112 4177 1176 4230 ἂν
1215 4178 1388 4243 τοῦτο,
1429 4180 1461 4248 ἢ
1492 4180 1544 4229 τί
1584 4179 1642 4231 τὺ

92 4270 274 4323 λοιτὼν
300 4272 439 4341 πλὴν
474 4273 569 4325 τοῦ
598 4271 880 4340 γινώσκειν
907 4270 1243 4333 τοὺναντίον;
1268 4297 1336 4306 -
1369 4270 1549 4323 Οὐδέν.
1575 4299 1642 4309 —-

94 4362 327 4433 Πότερον
352 4359 463 4424 οὖν,
497 4357 543 4415 ὦ
570 4364 755 4434 ἄριστε
791 4363 883 4415 καὶ
940 4360 1179 4429 βέλτιστε
1200 4399 1213 4423 ,
1242 4359 1419 4427 θῶμέν
1461 4376 1519 4409 σε
1552 4358 1639 4409 λέ-

100 4470 285 4520 γοντα,
318 4453 391 4516 ὡς
424 4454 746 4519 ἀγνοοῦντάς
802 4470 881 4517 τε,
936 4451 1061 4513 καὶ,
1093 4450 1207 4503 δέον
1252 4450 1639 4519 ἐπιμελεῖσθαι,

95 4546 157 4597 δι’
183 4545 405 4611 ἄγνοιαν
433 4544 782 4613 ἀμελοῦντας,
816 4546 849 4616 ἢ
886 4544 1245 4613 γινώσκοντας
1289 4544 1370 4595 ὅτι
1402 4543 1480 4595 δεῖ
1515 4544 1640 4611 (κα-

97 4636 269 4705 θάπερ
301 4637 348 4687 οἱ
375 4634 693 4702 φαυλότατοι
727 4635 833 4688 τῶν
859 4636 1155 4706 ἀνθρώπων
1178 4636 1421 4703 λέγονται
1447 4637 1637 4696 ποιεῖν,

98 4729 291 4789 εἰδότες
313 4725 442 4779 ἄλλα
464 4721 596 4777 εἶναι
619 4724 808 4793 βελτίω
826 4729 1101 4796 πράττειν,
1120 4721 1193 4781 ὧν
1216 4729 1277 4799 δὴ
1306 4728 1637 4797 πράττουσι),

98 4818 179 4870 διά
202 4836 351 4881 τινας
394 4818 557 4886 ἥττας
590 4815 788 4884 ἡδονῶν
817 4816 849 4885 ἢ
890 4816 1069 4869 λυπῶν
1100 4818 1159 4869 οὐ
1212 4820 1408 4880 ποιεῖν;
1431 4849 1496 4855 -
1523 4818 1641 4879 Πῶς

99 4909 199 4979 γὰρ
224 4909 289 4961 ἄν
309 4907 607 4968 ;-Οὑκοῧν
636 4908 698 4975 δὴ
718 4907 789 4975 τά
807 4924 869 4973 γε
895 4907 1205 4977 ἀνθρώπινα
1230 4908 1523 4977 πράγματα
1545 4910 1640 4978 τῆς

97 5016 151 5051 τε
193 5001 436 5070 ἐμψύχου
467 5000 675 5069 μετέχει
707 4990 915 5066 φύσεως
940 4998 1072 5067 ἅμα,
1108 5000 1199 5050 καὶ
1233 4998 1638 5054 θεοσεϐέστατον

100 5091 224 5143 αὐτό
255 5095 369 5145 ὲστι
417 5094 627 5147 πάντων
663 5090 809 5157 ζώων
845 5088 1141 5159 ἄνθρωπος.
1176 5119 1241 5127 --
1278 5092 1455 5144 Ἔοικε
1490 5093 1632 5160 γοῦν.

100 5179 329 5231 -Θεῶν
355 5198 419 5247 γε
463 5182 569 5252 μὴν
601 5180 852 5251 κτήματά
900 5193 1076 5248 φαμεν
1106 5178 1243 5231 εἶναι
1271 5180 1442 5233 πάντα
1469 5184 1637 5235 ὁπόσα

103 5266 265 5339 θνητὰ
286 5270 401 5334 ζῶα
426 5273 463 5342 ἢ
491 5272 669 5344 νοερὰ,
690 5267 883 5343 ὦνπερ
913 5272 1005 5324 καὶ
1035 5270 1126 5323 τὸν
1155 5272 1377 5341 οὐρανὸν
1405 5275 1540 5327 ὅλον.
1574 5304 1637 5316 —-

103 5427 279 5552 euois)
316 5429 371 5479 'o
408 5430 673 5498 ποιητής.
715 5430 997 5509 Hesiodus,
1023 5431 1177 5499 cujus
1212 5430 1265 5483 in
1308 5430 1461 5499 Ἕρτ.
1506 5431 1647 5485 illud‘

231 5636 244 5656 .
412 5638 634 5656 ,
706 5578 785 5656 ἠ
839 5570 1487 5656 ,οηῬςὶεενᾴερΐδς

171 5639 315 5707 Ζφη,
349 5655 423 5703 κη
471 5639 654 5707 ἠνῃσι
680 5642 981 5707 κοθούροις
1011 5642 1239 5705 εἴκελος
1266 5639 1458 5707 ὁρμήν.

108 5701 310 5777 Virgil.,
332 5725 383 5762 Iv
410 5656 592 5778 georg.
618 5723 636 5759 :

175 5780 425 5846 Ignavum
460 5780 601 5844 fucos
691 5796 782 5832 cu
816 5796 847 5831 α
872 5783 1182 5848 prmepibus
1207 5788 1401 5831 arcent.

175 5851 276 5902 llGl
316 5848 593 5902 Τοιοῦτος.
629 5796 847 5902 vicinus
873 5860 923 5902 et
955 5850 1217 5902 Serranus
1256 5857 1482 5902 vertunt.
1513 5850 1596 5899 odi

172 5851 276 5919 (46)
316 5850 609 5918 Tomi):GC
634 5850 847 5903 Ficinus
873 5860 923 5903 et
955 5850 1217 5905 Serranus
1256 5857 1482 5913 vertunt,
1513 5850 1627 5900 odio

1737 3374 1915 3413 tamen
1952 3360 2084 3411 alter
2126 3359 2335 3413 exorari
2367 3358 2543 3421 facile,
2573 3360 2705 3412 alter
2731 3374 2817 3413 res
2852 3358 3086 3410 minores
3112 3356 3278 3425 negli-

1738 3466 1859 3519 gere
1885 3449 2178 3503 contendit.
2236 3447 2543 3518 Principio,
2597 3452 2726 3504 deos
2772 3451 2930 3503 ambo
2985 3462 3165 3509 nosse,
3199 3448 3277 3500 vi—

1737 3542 1882 3605 dere,
1918 3540 2105 3594 audire
2133 3542 2318 3593 omnia
2343 3542 2670 3607 conceditis,
2704 3556 2767 3595 ac
2799 3540 2932 3593 nihil
2962 3552 3147 3592 eorum
3183 3552 3283 3605 pe-'

1739 3634 1883 3687 nitus
1914 3633 2077 3685 latere
2106 3646 2287 3700 posse,
2317 3644 2438 3699 qua:
2464 3631 2542 3683 vel
2576 3644 2788 3694 sensus,
2811 3629 2894 3682 vel
2919 3629 3137 3682 scientia
3160 3643 3280 3696 per-

1738 3728 1921 3795 cipiat.
1966 3723 2153 3778 Utrum
2198 3724 2250 3775 in
2280 3738 2343 3775 eo
2376 3724 2833 3797 cmiveiiiiiius,-an
2875 3722 3015 3775 non?
3042 3751 3111 3760 --
3134 3722 3279 3775 Con-

1739 3820 2001 3873 venimus.
2036 3847 2103 3855 —
2135 3815 2273 3881 Quid
2325 3816 2492 3868 illud?
2543 3831 2670 3868 num
2720 3815 2839 3869 illos
2883 3814 3047 3868 etiam
3100 3813 3278 3865 omnia

1739 3926 1918 3980 posse,
1944 3924 2064 3978 quae
2092 3908 2145 3961 in
2176 3908 2385 3961 mortali
2431 3916 2524 3961 aut
2553 3906 2841 3960 immortali
2870 3914 3127 3974 potestate
3159 3917 3278 3955 ver-
3342 3900 3345 3905 ’

1741 4000 2163 4059 sentur?—Nam
2191 3999 2312 4072 quis
2339 4001 2441 4055 hoc
2465 4000 2627 4054 etiam
2652 4008 2807 4068 neget
2825 3996 3075 4064 Y—Atqui
3106 3993 3277 4046 bonos

1743 4096 1862 4149 illos
1883 4109 2020 4158 esse,
2051 4093 2290 4162 adeoque
2319 4092 2551 4160 optimos
2571 4130 2585 4153 ,
2614 4090 2725 4158 jam
2754 4104 2852 4141 nos
2882 4087 3120 4155 quinque
3151 4099 3278 4146 con-

1742 4189 2024 4243 cessimus.
2052 4215 2121 4228 -—-
2154 4186 2217 4240 Et
2248 4186 2462 4254 quidem
2494 4181 2862 4241 libentissime.
2887 4208 2956 4218 —-
2983 4176 3121 4231 Fieri
3152 4191 3279 4241 ergo

1740 4297 1846 4335 non
1872 4289 2065 4348 potest,
2102 4289 2159 4331 ut
2187 4278 2328 4346 quod
2360 4274 2621 4344 ejusmodi
2666 4266 3178 4333 esse‘del'endimus,
3212 4269 3279 4321 ab

1739 4370 1804 4422 iis
1830 4369 2120 4436 quidquam
2155 4367 2375 4419 omnino
2420 4364 2501 4417 vel
2547 4362 2752 4417 desidia
2802 4362 2884 4415 vel
2922 4360 3141 4415 mollitie
3166 4357 3279 4411 ﬁeri

1740 4460 1984 4512 velimus.
2043 4455 2175 4509 Nam
2212 4465 2265 4508 et
2308 4454 2447 4522 apud
2479 4468 2577 4505 nos
2606 4452 2909 4505 timiditatis
2939 4450 3078 4503 fetus
3109 4450 3277 4501 otium

1741 4558 1855 4611 est,
1890 4547 2091 4601 desidia
2124 4561 2250 4599 vero
2273 4554 2431 4613 atque
2467 4545 2718 4597 mollities
2759 4545 2873 4598 otii.
2897 4571 2967 4582 -—
2993 4539 3278 4593 Verissime

1743 4642 1843 4695 hoc
1882 4648 1936 4692 tu
1972 4640 2204 4709 quidem.
2234 4669 2302 4677 ——
2331 4637 2558 4691 Deorum
2608 4650 2735 4703 ergo
2778 4634 2955 4686 nullus
2984 4630 3275 4697 quidquam

1740 4749 1850 4804 prie
1881 4733 1991 4786 otio
2028 4730 2337 4799 desidiaque
2366 4729 2602 4798 negligit,
2636 4740 2756 4780 cum
2788 4722 3043 4775 timiditas
3074 4720 3123 4770 in
3152 4734 3276 4773 eum

1740 4827 1883 4881 nulla
1917 4826 2091 4880 cadat.
2118 4854 2187 4863 ——
2218 4821 2280 4877 Et
2310 4822 2450 4876 istud
2482 4833 2641 4890 quam
2670 4814 2887 4884 optime.
2914 4842 2980 4851 -——
3019 4811 3201 4876 Igitur,
3231 4812 3276 4865 si

1740 4938 1918 4975 rerum
1954 4921 2055 4974 hoc
2084 4921 2135 4973 in
2171 4919 2424 4972 universo
2452 4915 2716 4968 minorum
2751 4926 2813 4962 ac
2849 4910 3151 4964 tenuiorum
3184 4923 3277 4961 cu-

1738 5030 1852 5067 ram
1884 5011 2439 5082 abjiciunt,reliquuin
2465 5018 2564 5068 est,
2601 5006 2651 5058 id
2676 5012 2735 5057 ut
2766 5002 2982 5066 faciant,
3014 5012 3105 5055 aut
3136 5002 3277 5069 quod

1738 5102 1869 5156 nihil
1903 5117 2123 5170 prorsus
2148 5114 2334 5151 eorum
2370 5096 2471 5149 sibi
2518 5094 2817 5149 curandum
2851 5108 2970 5163 esse
2998 5102 3273 5155 statuant;

1736 5204 1828 5247 aut
1852 5194 1978 5261 quid
2011 5191 2154 5243 aliud
2180 5196 2444 5256 superest,
2495 5188 2598 5241 nisi
2630 5197 2687 5241 ut
2709 5198 2893 5241 contra
2920 5182 3187 5238 sentiant?
3210 5210 3275 5219 --

1734 5284 1897 5337 Nihil.
1934 5314 2002 5322 ——
2033 5280 2221 5334 Utrum
2252 5279 2435 5349 igitur,
2470 5279 2550 5331 vir
2588 5280 2807 5349 Optime,
2843 5278 2970 5329 deos
2998 5273 3276 5327 existimas

1733 5435 1998 5488 habeatur.
2030 5432 2158 5499 Qua:
2200 5433 2381 5488 odium
2425 5433 2703 5503 signiticet,
2736 5445 2832 5483 vox
2864 5427 3004 5503 nulla
3030 5435 3143 5503 est;
3179 5426 3271 5503 sed

1731 5505 1999 5559 Platonica
2042 5495 2321 5572 trajectio,
2363 5495 2517 5572 quasi
2562 5503 2769 5572 diceret
2804 5497 3034 5558 τοιοῡτος
3081 5495 3143 5572 ay
3187 5497 3271 5561 γί-

1732 5591 1937 5643 γνοιτο,
1971 5573 2029 5625 ὃν
2058 5576 2085 5625 6
2131 5566 2394 5643 ποιητής,
2426 5584 2525 5627 etc.
2572 5568 2841 5623 Articulus
2873 5572 3047 5619 autem
3090 5566 3118 5616 6
3150 5582 3269 5618 cum

1730 5644 1963 5706 τοιοῦτος
2000 5646 2170 5697 Attice
2197 5645 2636 5711 conjunctus_est.

1799 5714 1907 5782 (47)
1940 5702 2092 5781 llo/cp
2118 5714 2193 5780 δὴ
2222 5702 2483 5779 λέγομεν.
2521 5708 2761 5772 Rectius,
2793 5720 2950 5775 quam
2973 5703 3121 5777 apud
3144 5702 3267 5760 Pla-

1698 5774 1706 5784 ’
1731 5774 1903 5838 [Otlcui
1935 5774 2071 5853 Ποίιρ
2096 5786 2155 5854 δή
2228 5774 2467 5850 λέγομεν.
