4002 6340
120 481 261 538 1053

1265 480 1572 536 PIH‘SPAR.
1616 480 1856 535 EVANG.
1898 476 2019 533 LIB.
2054 476 2160 531 XII.

3157 477 3290 534 105i

118 599 195 653 Σὺ
228 599 284 652 δὲ
333 599 675 666 ἀγανακτεῖς,
725 599 928 666 ἀγνοῶν
960 600 1063 671 ὅπη
1086 602 1147 654 τὸ
1181 601 1307 672 περὶ
1339 602 1397 654 σὲ
1422 601 1641 671 ἄριστον

1761 596 2095 650 mediocriter
2128 610 2252 649 cum
2280 593 2495 647 homine
2514 594 2852 648 contentiosa
2879 594 3220 663 disputassﬂ
3243 627 3288 636 -—

112 687 198 759 τῷ
240 690 400 742 παντὶ
443 688 721 759 ξυμϐαίνει
770 692 862 742 καὶ
897 692 977 743 σοὶ
1017 691 1152 744 κατὰ
1196 691 1421 761 δύναμιν
1451 691 1547 760 τὴν
1568 689 1663 757 τῆς

100 782 303 851 Δποινῆς
349 782 632 850 γενέσεως.
682 781 831 833 Ἐπεὶ
858 781 914 834 δὲ
961 782 1046 835 ἀεὶ
1075 782 1220 852 ψυχὴ
1262 765 1660 850 συντεταγμένη

113 871 330 943 σώματι
354 872 472 924 τοτὲ
494 872 592 941 μὲν
610 871 772 940 ἄλλῳ,
796 873 914 925 τοτὲ
937 872 981 924 δ’
1007 872 1165 941 ἄλλῳ,
1190 872 1504 942 μεταϐάλλει
1524 887 1661 922 παν.

110 965 266 1027 τοίας
291 962 586 1034 μεταϐολὰς
610 962 674 1015 δι’
699 962 894 1033 ἑαυτὴν
924 963 956 1033 ἢ
978 964 1045 1016 δι’
1077 966 1263 1035 ἑτέραν
1286 956 1481 1033 ψυχὴν,
1515 962 1662 1014 οὐδὲν

108 1054 243 1109 ἄλλο
266 1054 422 1125 ἔργον
442 1052 520 1125 τῷ
550 1054 807 1123 πεττευτῇ
856 1053 1095 1109 λείπεται
1127 1055 1261 1124 πλὴν
1300 1038 1658 1122 μετατιθέναι,

106 1144 173 1198 τὸ
205 1146 302 1217 μὲν
329 1144 549 1214 ἄμεινον
576 1145 854 1214 γινόμενον
880 1140 1008 1213 ἦθος
1031 1146 1109 1206 εἰς
1133 1144 1322 1213 βελτίω
1342 1144 1523 1208 τόπον,
1550 1146 1661 1213 χεῖ-

107 1251 210 1307 ρον
254 1234 309 1288 δὲ
363 1236 443 1297 είς
464 1234 555 1287 τὸν
582 1234 813 1304 χείρονα,
857 1234 994 1288 κατὰ
1016 1233 1078 1287 τὸ
1100 1234 1302 1303 πρέπον
1326 1231 1501 1286 αὐτῶν
1527 1232 1657 1286 ἕκα-

108 1336 258 1382 στον,
284 1319 371 1372 ’ίνα
402 1319 502 1388 τῆς
548 1320 924 1391 προσηκούσης
965 1321 1153 1391 μοίρας
1190 1320 1447 1390 λατχάνῃ.
1478 1352 1544 1361 -
1573 1320 1655 1390 Πῆ

106 1409 324 1479 λέγειςς
356 1442 423 1451 -—
448 1404 633 1483 'ﬂnsp
662 1412 727 1464 ἂν
756 1411 865 1481 ἔχοι
892 1410 1046 1479 λόγον
1075 1409 1316 1481 ῥᾳστώνη
1349 1409 1657 1481 ἐπιμελείας

103 1501 246 1555 Θεοῦ
278 1501 383 1554 τῶν
413 1503 647 1566 πάντων,
696 1502 865 1575 ταύτῃ
896 1519 983 1572 μοι
1015 1502 1153 1555 δοκῶ
1198 1502 1437 1571 φράζειν.
1472 1503 1534 1554 Et
1559 1502 1655 1573 μὲν

104 1591 220 1663 γὰρ
252 1592 386 1663 πρὸς
411 1592 472 1644 τὸ
496 1592 613 1645 ὅλον
649 1593 733 1644 ἀεὶ
774 1576 988 1661 βλέπων
1016 1592 1232 1645 πλάττοι
1258 1609 1360 1654 τις,
1388 1607 1654 1661 μετασχη-

104 1681 351 1752 ματίζων
362 1683 431 1737 τὰ
447 1684 620 1737 πάντα
639 1679 767 1753 (οἷον
788 1687 849 1736 ὲκ
865 1684 1032 1753 πυρὸς
1049 1682 1190 1753 ὕδωρ
1220 1682 1474 1753 ἐμψύχων
1491 1681 1648 1753 [56]).

101 1772 201 1824 καὶ
236 1772 311 1843 μὴ
343 1772 619 1842 ξύμπολλα
644 1772 703 1837 ἐξ
730 1773 843 1836 ἑνὸς
880 1775 913 1844 ἢ
948 1778 1011 1828 ὲκ
1036 1772 1241 1827 πολλῶν
1266 1771 1343 1831 ἒν,
1372 1769 1591 1841 πρώτης
1615 1771 1648 1841 ἢ

99 1858 438 1931 δεύτερας,ῆ
471 1862 564 1913 καὶ
588 1860 774 1932 τρίτης
799 1861 1060 1929 γενέσεως
1110 1858 1482 1929 μετειληφότα,
1514 1856 1648 1926 πλή-

1760 684 1933 739 Certe.
1963 714 2032 725 -
2066 683 2264 738 Saltem
2301 692 2359 737 ut
2405 685 2451 737 is
2494 698 2765 753 perperam
2799 699 2857 739 se
2888 686 3123 739 locutum
3171 700 3290 741 esse

1760 778 1911 833 fateri
1936 789 2174 846 cogatur.
2212 776 2279 829 At
2313 790 2456 830 nunc
2486 776 2657 830 eidem
2688 776 3005 844 quibusdam
3039 785 3289 845 praeterea

1758 868 2139 924 verisimilibus
2164 867 2523 937 argumentis,
2557 868 2712 935 quasi
2756 866 3065 920 cantionum
3111 868 3291 921 illece-

1757 961 1866 1014 bris
1901 976 2037 1029 opus
2062 960 2289 1014 videtur.
2316 990 2384 1000 --
2407 957 2612 1023 Quibus
2652 958 2884 1021 tandem,
2920 956 3059 1011 bone
3080 960 3165 1012 vir
3182 960 3205 1012 ?
3221 987 3292 1000 -ι-

1756 1048 1961 1116 Quibus
2010 1049 2273 1103 adductus
2310 1048 2623 1104 adolescens
2672 1049 2773 1103 hoc
2817 1049 2916 1104 sibi
2952 1050 3287 1119 persuadeat,

1756 1143 1845 1211 qui
1875 1141 2109 1197 universi
2138 1156 2321 1200 curam
2353 1128 2667 1209 susceperit,
2699 1156 2821 1195 eum
2866 1142 2931 1195 ad
2976 1141 3119 1196 illius
3140 1140 3287 1195 salu-

1756 1243 1860 1287 tem
1887 1232 2101 1302 vimque
2147 1232 2570 1286 conservandam
2590 1273 2606 1295 ,
2649 1233 2889 1292 ordinata
2915 1241 2969 1287 et
2997 1232 3287 1286 Constituta

1756 1324 1951 1377 habere
1978 1322 2157 1376 omnia
2179 1361 2193 1383 ,
2238 1322 2317 1376 sic
2345 1331 2403 1375 ut
2450 1330 2625 1390 partes
2663 1322 2821 1377 etiam
2847 1323 3099 1392 singulas,
3127 1323 3286 1392 quid-

1753 1414 1879 1483 quid
1910 1412 1976 1467 ad
2008 1428 2101 1467 eas
2127 1412 2389 1483 pertinet,
2412 1418 2507 1482 p‘ro
2529 1413 2643 1468 suis
2673 1414 2878 1469 viribus
2907 1414 3197 1483 patiantur,
3230 1421 3291 1468 et

1754 1516 1929 1576 agant.
1977 1506 2064 1560 Eae
2091 1507 2174 1560 vel
2198 1506 2569 1561 minutissimis
2597 1506 2649 1559 in
2685 1507 2844 1560 rebus
2868 1543 2883 1567 ,
2912 1519 3031 1572 quae
3057 1503 3159 1558 sibi
3188 1510 3289 1557 aut

1753 1599 2039 1653 subeundae
2065 1599 2192 1663 sint,
2226 1608 2319 1651 aut
2346 1596 2691 1667 praestandae,
2727 1610 2854 1650 suos
2885 1608 3107 1663 quaeque
3140 1593 3285 1662 priu-

1750 1692 1895 1759 cipes
1920 1705 1983 1745 ac
2014 1688 2293 1758 prmfectos
2341 1690 2569 1752 habent,
2614 1688 2706 1758 qui
2739 1687 2898 1741 tinem
2941 1687 3008 1741 ad
3043 1686 3285 1739 ultimam

1752 1798 1919 1850 usque
1966 1782 2281 1851 particulam
2333 1783 2533 1852 integre
2580 1788 2930 1848 accurateque
2972 1779 3280 1848 perducant.

1746 1871 1907 1943 635
1948 1870 1989 1925 E
2034 1874 2231 1942 quibus
2264 1888 2369 1926 una
2409 1874 2569 1927 etiam
2603 1880 2687 1927 est
2726 1880 2839 1931 tua.
2867 1869 3091 1935 miselle,
3119 1870 3283 1939 parti-

99 1946 253 2000 θεσιν
272 1948 451 2019 ἄπειρ’
482 1947 548 2000 ἂν
579 1949 681 2017 εἴη,
712 1947 809 2016 τῆς
852 1946 1271 2018 μετατιθεμένης
1305 1944 1416 2015 (57)
1456 1946 1641 2014 κοσμή·

1747 1933 1898 2025 (ulla:
1918 1976 2037 2031 qua:
2053 1933 2270 2015 tametsi
2303 1962 2587 2031 perpusilla
2628 1963 2729 2026 sit,
2761 1961 2827 2015 ad
2854 1933 3155 2015 universum
3187 1968 3282 2014 ta-

99 2056 242 2103 σεως
260 2056 275 2070 ·
303 2039 397 2093 νῦν
430 2039 474 2092 δ’
496 2038 607 2091 ἐστι
649 2038 925 2109 θαυμαστὴ
948 2037 1189 2109 ῥᾳστώνη
1222 2036 1298 2106 τῷ
1322 2034 1414 2088 τοῦ
1452 2034 1651 2095 παντὸς

97 2127 528 2198 ἐπιμελουμένῳ.
555 2157 619 2167 -
652 2127 774 2191 Πῶς
809 2123 875 2180 αὗ
915 2126 1114 2193 λέγειςς
1152 2157 1213 2165 --—
1248 2122 1392 2177 Ὧδε.
1434 2122 1645 2193 Ἐπειδὴ

96 2218 343 2271 κατεῖδεν
370 2218 526 2288 ἡμῶν
555 2221 585 2272 ὁ
611 2217 859 2289 βασιλεὺς
898 2218 1169 2288 ἐμψύχους
1194 2214 1356 2277 οὔσας
1382 2215 1479 2278 τὰς
1501 2214 1643 2285 πρά-

97 2307 216 2373 ξεις
246 2309 481 2373 ἁπάσας,
523 2310 616 2361 καὶ
662 2308 858 2379 πολλὴν
890 2308 986 2377 μὲν
1022 2308 1219 2378 ἀρετὴν
1256 2306 1313 2358 ὲν
1340 2307 1528 2370 αὐταῖς
1554 2300 1645 2359 οὖα

98 2410 223 2458 σαν,
256 2393 453 2465 πολλὴν
480 2395 537 2447 δὲ
575 2397 786 2449 κακίαν’
827 2394 1120 2465 ἀνώλεθρον
1152 2395 1206 2447 δὲ
1235 2394 1294 2447 ὃν
1337 2394 1639 2466 γενόμενον,

93 2486 214 2538 ἀλλ’
238 2486 336 2538 οὐκ
363 2484 595 2550 αἰώνιον,
627 2488 801 2558 ψυχὴν
822 2488 915 2540 καὶ
938 2486 1115 2557 σῶμα,
1148 2486 1394 2557 καθάπερ
1428 2488 1477 2539 ol
1505 2488 1641 2540 κατὰ

92 2577 263 2648 νόμον
288 2577 436 2643 ὅντες
463 2579 602 2632 θεοί·
636 2580 861 2647 (γένεσις
894 2579 996 2648 γὰρ
1012 2580 1109 2631 οὐκ
1130 2580 1193 2632 ἄν
1222 2595 1347 2631 ποτε
1372 2574 1439 2648 ἦν
1469 2577 1638 2641 ζώων,

88 2666 428 2739 ἀπολομένου
447 2669 651 2723 τούτοιν
670 2668 896 2739 θατέρου
919 2668 956 2737 ·)
991 2670 1081 2721 καὶ
1094 2670 1153 2721 τὸ
1185 2669 1281 2739 μὲν
1308 2667 1531 2736 ὠφελεῖν
1553 2668 1639 2720 ἀεὶ

91 2759 337 2827 πεφυκὸς
380 2761 458 2823 ὃν,
512 2760 710 2828 ἀγαθὸν
754 2760 947 2829 ψυχῆς,
983 2759 1245 2830 διενοήθη,
1284 2758 1346 2812 τό
1372 2758 1427 2811 δὲ
1474 2758 1637 2811 κακὸν

92 2846 355 2917 βλάπτειν
406 2850 517 2920 (58)
540 2868 551 2881 '
582 2849 752 2903 ταῦτα
791 2851 960 2902 πάντα
986 2847 1221 2913 ξυνιδὼν,
1268 2851 1639 2921 ἐμηχανήσατο

88 2936 214 2991 ποῦτ
245 2939 490 3008 κείμενον
528 2939 756 2993 ’ἑκαστον
804 2937 909 2991 τῶν
946 2939 1122 3009 μερῶν
1150 2939 1382 2993 νικῶσαν
1420 2941 1635 3012 ἀρετὴν,

89 3029 414 3101 ἡττωμένην
461 3029 517 3083 δὲ
570 3029 761 3082 κακίαν
787 3032 843 3082 ὲν
873 3030 949 3101 τῷ
980 3031 1138 3082 παντὶ⁸
1174 3032 1395 3101 παρέχοι
1428 3031 1635 3100 μάλιστ’

87 3119 163 3174 ἂν
179 3121 275 3175 καὶ
295 3123 466 3192 ῥᾷστα
492 3121 585 3174 καὶ
610 3120 823 3192 ἄριστα.
861 3123 1252 3193 Μεμηχὰνηται
1277 3122 1339 3193 δὴ
1367 3123 1497 3193 πρὸς
1530 3125 1635 3176 πᾶν

1746 2066 1866 2104 men
1901 2067 1994 2120 per
2023 2066 2140 2106 sese
2174 2051 2340 2105 tendit
2366 2067 2575 2121 semper
2607 2067 2669 2106 ac
2702 2052 2955 2121 respicit;
2979 2050 3197 2121 Ignoras
3222 2060 3283 2106 tu

1742 2156 1870 2195 vero
1918 2142 2152 2205 interea,
2185 2149 2337 2197 ortus
2380 2157 2558 2195 rerum
2597 2157 2786 2196 omnes
2838 2141 3071 2196 universi
3113 2156 3278 2195 causa

1744 2230 1879 2295 ﬁeri,
1908 2228 1965 2285 ut
1986 2232 2145 2285 vitam
2170 2232 2289 2301 ejus
2318 2234 2592 2302 complexa
2633 2242 2821 2289 natura
2851 2233 2904 2301 in
2934 2248 3139 2287 summa
3167 2231 3281 2287 feli-

1742 2324 1902 2378 citate
1936 2334 2175 2378 verset-ur
2207 2342 2220 2377 :
2251 2325 2342 2392 qui
2366 2323 2614 2393 'profecto
2643 2324 2786 2379 illius
2809 2324 2976 2393 gratia
3000 2322 3171 2378 factus
3196 2338 3276 2386 es,

1742 2429 1844 2466 non
1879 2413 1967 2466 illa
2000 2415 2097 2472 tui.
2140 2413 2412 2482 Siquidem
2461 2415 2701 2469 medicus
2750 2415 2957 2478 omnis,
2997 2416 3279 2482 omnisque

1739 2504 1945 2571 peritus
1977 2504 2166 2558 artifex
2187 2546 2202 2568 ,
2235 2506 2313 2560 sic
2341 2505 2506 2561 totius
2528 2520 2692 2560 causa
2722 2505 2901 2565 omnia
2927 2504 3132 2574 perlicit
3154 2546 3167 2570 ,
3199 2505 3278 2560 sic

1738 2608 1901 2647 unum
1934 2593 2060 2651 illud
2087 2595 2228 2663 quod
2259 2597 2615 2651 communiter
2642 2597 2901 2665 Optimum
2924 2596 2995 2651 sit
3016 2596 3299 2683 intuetur"
3362 2636 3368 2641 .

1738 2693 1795 2737 ut
1820 2685 1983 2739 totius
2003 2701 2162 2739 causa
2185 2697 2410 2755 partem,
2451 2701 2557 2741 non
2583 2694 2751 2742 totum
2783 2688 2949 2757 partis
2970 2702 3132 2743 causa
3163 2701 3278 2740 mo-

1737 2774 1913 2829 liatur.
1954 2775 2034 2829 Tu
2065 2792 2193 2831 vero
2222 2777 2537 2848 indignaris,
2562 2777 2705 2847 quod
2730 2780 2956 2841 nescias,
2981 2778 3030 2831 id
3054 2775 3195 2847 quod
3218 2776 3274 2831 in

1734 2875 1789 2922 te
1816 2868 2075 2937 optimum
2110 2879 2212 2932 est.
2236 2871 2685 2939 quemadmodum
2714 2871 2762 2923 vi
2796 2871 3022 2939 quadam
3044 2878 3279 2927 commit.

1736 2959 1820 3013 nis
1842 2968 2014 3025 ortus,
2050 2961 2302 3016 universo
2342 2963 2543 3027 tibique
2568 2962 2870 3015 conveniat.
2928 2959 2993 3013 Et
3019 2961 3299 3029 quoniam‘

1734 3049 1944 3104 animus
1976 3066 2099 3105 cum
2143 3066 2367 3120 corpore
2415 3066 2643 3118 semper,
2696 3050 2803 3103 alio
2846 3059 3022 3103 tamen
3062 3050 3275 3116 alioque

1734 3142 2066 3211 complexus,
2094 3143 2296 3195 nullum
2322 3157 2425 3194 non
2447 3141 2758 3195 mutationis
2783 3156 2950 3211 genus
2974 3142 3133 3205 subit,
3151 3158 3278 3196 cum

85 3210 274 3277 τοῦτο,
312 3213 375 3267 τὸ
424 3213 571 3266 ποῖόν
620 3230 671 3266 τι
721 3213 1032 3283 γιγνόμενον
1076 3215 1160 3267 ἀεὶ
1193 3214 1347 3266 ποίαν
1372 3214 1527 3284 ’έδραν
1557 3215 1636 3267 δεῖ

1741 3248 1856 3296 sua,
1888 3242 1998 3287 tum
2023 3234 2241 3287 alterius
2267 3232 2545 3300 cujusdam
2573 3233 2735 3285 animi
2763 3249 2948 3294 causa,
2991 3233 3152 3287 sortis
3179 3248 3275 3286 no-

90 3300 504 3373 μεταλαμϐάνον
526 3302 817 3367 οἰκίζεσθαι
846 3304 1106 3367 καὶτίνας
1136 3305 1261 3356 ποτὲ
1289 3306 1484 3369 τόπους
1508 3323 1521 3336 ο
1540 3309 1639 3376 τῆς

83 3393 150 3445 δὲ
181 3391 446 3460 γενέσεως
486 3394 578 3447 τοῦ
612 3395 761 3446 ποίου
801 3394 941 3457 τινὸς
967 3396 1141 3464 ἀφῆκε
1172 3397 1286 3459 ταῖς
1330 3395 1640 3466 βουλήσεσιν

88 3485 337 3538 ἑκάστων
360 3484 513 3554 ἡμῶν
535 3485 631 3547 τὰς
660 3485 855 3548 αἰτίας.
876 3486 1026 3555 ιὌπη
1054 3486 1158 3556 γὰρ
1178 3486 1242 3539 ἂν
1261 3486 1515 3558 ἐπιθυμῇ,
1546 3488 1639 3541 καὶ

84 3573 273 3637 ὁποῖός
299 3591 383 3637 τις
409 3573 485 3625 ὣν
512 3574 610 3644 τὴν
630 3573 824 3645 ψυχὴν,
852 3576 1018 3646 ταύτῃ
1051 3575 1231 3644 σχεδὸν
1261 3576 1513 3630 ἑκάστοτε
1546 3580 1639 3631 καὶ

85 3664 331 3726 τοιοῦτος
351 3663 591 3731 γίγνεται
618 3664 759 3727 ἅπας
785 3668 817 3734 ἡ
826 3664 959 3734 μῶν,
986 3664 1059 3726 ὠς
1086 3666 1299 3718 τοπολύ.
1322 3697 1387 3706 -
1406 3668 1478 3719 Τὸ
1510 3668 1638 3735 γοῦν

84 3752 259 3817 εἰκός.
281 3781 351 3795 --
379 3752 712 3806 Μεταϐἀλλει
763 3754 862 3823 μὲν
905 3755 1081 3807 τοίνυν
1124 3754 1276 3809 πάνθ’
1310 3757 1409 3810 ὅσα
1440 3759 1638 3829 μέτοχὰ

85 3842 209 3895 ἐστι
229 3841 423 3913 ψυχῆς,
457 3840 514 3892 ὲν
539 3841 718 3903 αὐτοῖς
749 3842 1053 3912 κεκτημένα
1082 3843 1178 3913 τὴν
1215 3844 1311 3914 τῆς
1339 3847 1636 3917 μεταϐολῆς

83 3932 271 3986 αἰτίαν
289 3948 302 3961 ο
326 3930 720 4001 μεταϐάλλοντα
737 3932 791 3985 δὲ
808 3933 1027 4004 φέρεται
1053 3934 1189 3988 κατὰ
1212 3934 1307 4005 τὴν
1326 3935 1424 4005 τῆς
1448 3939 1635 4009 εἱμαρ-

86 4023 260 4093 μένης
296 4021 447 4088 τάξιν
505 4025 597 4075 καὶ¹
641 4024 833 4094 νόμον·
864 4026 1189 4096 σμικρότερα
1233 4026 1329 4095 μὲν
1359 4027 1464 4080 τῶν
1492 4028 1635 4097 ἠθῶν

86 4112 510 4180 μεταϐάλλοντα,
540 4114 743 4167 ἐλάττω
766 4114 900 4183 (59),
931 4115 1063 4168 κατὰ
1099 4115 1157 4166 τὸ
1186 4116 1281 4185 τῆς
1312 4118 1490 4187 χώρας
1519 4116 1634 4171 ἐπί-

82 4205 249 4257 πεδον
279 4206 700 4277 μεταπορεύεται
715 4222 727 4235 ⁸
750 4206 914 4257 πλείω
930 4206 984 4258 δὲ
1016 4206 1108 4257 καὶ
1128 4206 1443 4278 ἀδικώτερα,
1469 4227 1631 4278 μετα-

83 4291 319 4344 πεσόντα
344 4295 423 4356 είς
445 4294 623 4362 βάθος,
650 4294 718 4346 τά
748 4311 806 4344 τε
839 4294 984 4346 κάτω
1018 4294 1275 4363 λεγόμενα
1306 4298 1410 4350 τῶν
1436 4302 1629 4366 τόπων,

77 4381 187 4434 ὅσα
214 4378 346 4450 ᾅδην
376 4397 459 4441 τε,
486 4382 578 4433 καὶ
604 4382 673 4433 τὰ
725 4380 925 4432 τούτων
962 4380 1189 4449 ἐχόμενα
1222 4383 1327 4436 τῶν
1359 4386 1631 4454 ὀνομάτων

81 4472 529 4541 ἐπονομάζοντες,
565 4473 763 4543 σφόδρα
800 4471 1081 4538 φοϐοῦνται
1110 4474 1202 4526 καὶ
1238 4476 1629 4545 ὁνειροπολοῦσι

1739 3333 1863 3379 ειη)
1886 3325 2203 3379 moderatori
2241 3325 2502 3393 reliquum
2530 3324 2634 3380 hoc
2684 3341 2849 3379 unum
2892 3334 3004 3391 est,
3040 3327 3115 3379 uti
3158 3340 3274 3379 mo-

1738 3432 1843 3475 res.
1878 3418 1923 3471 si
1955 3418 2205 3471 meliores
2236 3417 2407 3472 eﬂecti
2434 3428 2613 3481 erunt,
2643 3420 2939 3480 meliorem,
2988 3420 3067 3494 sin
3096 3427 3271 3471 autem

1734 3507 2046 3571 deteriores,
2081 3508 2398 3563 deteriorem
2435 3509 2486 3562 in
2520 3509 2693 3564 locum
2742 3525 2837 3574 pro
2886 3523 2980 3563 sua
3012 3508 3273 3576 cujusque

1735 3597 1942 3651 ratione
1964 3598 2228 3663 traducat,
2262 3610 2317 3653 ut
2343 3599 2521 3655 sedem
2546 3600 2754 3667 singula
2780 3599 3179 3652 convenientem
3209 3614 3273 3652 ac

1735 3691 1999 3758 propriam
2035 3692 2345 3745 sortiantur.
2366 3690 2657 3743 -—Clarius
2688 3690 2813 3750 ista,
2842 3688 3090 3744 sodes.——
3112 3686 3273 3757 Equi-

1734 3780 1852 3834 dem
1882 3781 1952 3833 ita
1980 3782 2191 3849 loquor,
2214 3774 2599 3849 quomodores
2631 3794 2818 3834 omnes
2857 3779 2964 3833 Deo
2992 3794 3132 3834 cura:
3153 3793 3271 3834 esse

1737 3868 1945 3922 facilius
1974 3866 2192 3937 intelligi
2224 3871 2417 3937 possit.
2473 3869 2704 3934 Etenim,
2734 3869 2778 3924 si
2813 3870 2937 3939 quis
2969 3885 3177 3939 semper
3202 3870 3270 3924 ad

1734 3967 1899 4012 totum
1932 3958 2259 4027 respiciens.
2296 3960 2367 4013 ita
2393 3961 2612 4029 lingeret
2662 3975 2726 4015 ac
2775 3961 3051 4031 rellngeret
3091 3961 3269 4013 omnia

1733 4048 1813 4118 (ut
1838 4050 1881 4102 si
1911 4064 2104 4118 aquam
2132 4049 2252 4119 igne
2275 4050 2558 4122 animaret)
2581 4091 2596 4113 ,
2625 4059 2798 4105 tamen
2824 4061 2879 4103 ut
2910 4064 3079 4116 neque
3104 4048 3268 4101 multa

1731 4156 1795 4194 ex
1828 4155 1965 4204 uno,
2015 4156 2187 4209 neque
2216 4156 2247 4194 c
2273 4142 2455 4195 multis
2498 4156 2664 4194 unum
2694 4138 2894 4207 aliquid
2921 4137 3178 4197 ediceret.
3205 4151 3267 4189 ea

1733 4242 1860 4283 sane
1888 4238 2232 4297 posteaquam
2261 4228 2484 4296 primam
2506 4269 2520 4291 ,
2551 4236 2644 4280 aut
2685 4225 2971 4280 secundam
2993 4265 3006 4288 ,
3048 4233 3141 4277 aut
3170 4234 3272 4281 ter-

1732 4318 1858 4370 tiam
1891 4318 2284 4387 generationem
2312 4318 2633 4379 subiissent,
2680 4316 2779 4370 ista
2812 4331 2990 4370 rerum
3034 4316 3269 4370 ordinis-

1728 4422 1833 4475 que
1846 4407 2441 4469 mutatione,infinitum
2468 4416 2725 4475 quantum
2750 4416 3089 4477 augerentur.
3120 4404 3271 4460 Nunc

1728 4513 1875 4561 vero,
1908 4498 2140 4552 universi
2173 4499 2495 4553 moderatori
2547 4498 2774 4555 facilitas
2810 4500 3053 4569 quaedam
3092 4496 3264 4551 admi-

83 4564 318 4627 ζῶντες,
362 4563 695 4627 διαλυθέντες
748 4581 805 4617 τε
865 4564 969 4617 τῶν
1017 4566 1293 4634 σωμάτων.
1341 4569 1521 4631 Msle
1569 4569 1631 4638 δὴ

1741 4588 1919 4642 rabilis
1951 4590 2204 4657 suppetit.
2234 4618 2301 4630 —
2333 4589 2567 4645 Necdum
2599 4591 2739 4645 istud
2774 4563 3025 4658 intelligo.
3046 4616 3110 4627 —
3130 4587 3267 4641 Audi

81 4654 240 4726 ψυχὴ
266 4654 373 4725 (60)
400 4656 595 4717 κακίας
641 4655 673 4724 ἢ
702 4655 897 4725 ἀρετῆς
952 4655 1148 4708 ὁπόταν
1196 4656 1513 4727 μεταϐάλλῃ,
1548 4657 1633 4710 διὰ

82 4747 191 4818 ei}:
221 4747 385 4816 αὐτῆς
414 4745 660 4816 βούλησίν
689 4762 747 4798 τε
786 4746 879 4799 καὶ
908 4747 1119 4817 ὁμιλίαν
1151 4748 1443 4819 γενομένην
1486 4751 1630 4818 ἰσχυ-

86 4836 217 4908 ρὰν,
243 4836 437 4890 ὁπόταν
464 4836 563 4907 μὲν
588 4838 753 4909 ἀρετῇ
766 4837 885 4908 θείᾳ
917 4838 1253 4907 προσμίξασα
1283 4839 1494 4909 γίνηται
1514 4840 1626 4891 διαο

83 4926 361 4997 φερόντως
412 4928 625 4981 τοιαῦτα
684 4929 1001 5007 διαφέροντα
1044 4930 1180 4998 (61),
1230 4931 1321 4982 καὶ
1378 4931 1631 5000 μετέϐαλε

161 5095 277 5157 (56)
338 5096 659 5168 Ὲμψύχων.
706 5096 999 5169 Legebatur
1041 5099 1312 5169 ἔμψυχον,
1378 5114 1435 5155 ιιι
1493 5104 1630 5169 apud

82 5163 401 5235 Platonem,
578 5163 803 5221 adnotat
836 5163 1097 5222 Serranus
1124 5163 1267 5224 'al'ibi
1301 5163 1477 5224 etiam
1529 5163 1629 5235 legi

83 5231 418 5314 meum“
453 5253 571 5314 quo_
599 5238 855 5314 έμψύχων
900 5237 1073 5314 facere
1106 5240 1301 5302 malui;
1338 5256 1457 5314 vere
1490 5231 1629 5314 enim

85 5316 234 5374 aqua
260 5303 374 5374 illa,
402 5304 521 5371 quae
550 5303 918 5374 frigida—prius
950 5316 1002 5359 et
1029 5308 1247 5362 immota
1280 5311 1626 5371 consistebat,

84 5370 336 5449 subjecto
364 5370 483 5440 igne
519 5370 867 5449 incalescens
884 5386 947 5449 et
964 5377 1222 5449 ebulliens
1242 5417 1256 5439 ,
1283 5370 1630 5449 μετασχημαὲ

82 5438 316 5511 τίζεται,
347 5438 410 5511 ac
437 5442 820 5509 propemodum
852 5443 1165 5511 ὲμιίέῷχεται.

162 5500 273 5579 (57)
305 5500 421 5571 ’Τῆς
440 5500 912 5579 Μεταθεμένηᾲ
936 5500 1199 5567 Usitatius
1238 5525 1290 5567 et
1327 5517 1524 5571 clarius
1551 5518 1629 5570 di-

85 5578 325 5642 ceretur,
357 5578 776 5648 μετατιθεμένης
800 5581 895 5647 τῆς
920 5583 1252 5648 κοσμήσεως.

162 5596 325 5642 retur,
398 5596 776 5648 ’τατιυεμενης
800 5596 895 5647 της
920 5596 1252 5648 κοσμησεως.

162 5648 276 5719 (58)
311 5596 479 5724 Tyde
501 5648 707 5713 κακὸν,
726 5649 1036 5713 βλάπτειν.
1067 5650 1291 5716 Mallem,
1318 5652 1379 5704 τὸ
1413 5653 1469 5705 δὲ
1502 5655 1627 5724 βλά-

84 5718 269 5780 πτειν,
302 5718 483 5772 κακόν.

163 5788 277 5861 (59)
315 5786 584 5846 Ἐλάττω.
616 5786 791 5850 Forte,
838 5788 1037 5841 ἐλάττω
1063 5789 1160 5861 μὲν
1190 5790 1279 5861 καὶ
1302 5792 1624 5861 δικαιότερα,

85 5869 153 5913 ιιι
177 5859 243 5921 iis
273 5867 610 5929 opponantur
641 5875 755 5928 qua:
793 5862 947 5930 paulo
970 5868 1086 5930 post
1110 5860 1273 5914 πλείω
1312 5863 1399 5914 καὶ
1434 5859 1624 5915 ἁδικὼ-

1739 4695 1884 4749 crgo.
1936 4678 2091 4733 Novit
2121 4695 2213 4733 rex
2252 4680 2343 4734 ille
2405 4691 2607 4743 noster,
2655 4682 2888 4735 actiones
2927 4693 3111 4731 omnes
3150 4679 3267 4731 ani-

1733 4782 1901 4824 matas
1921 4772 2291 4833 esse,easdem
2328 4789 2449 4827 cum
2477 4773 2691 4825 virtutis
2722 4768 2931 4829 habere,
2968 4780 3076 4821 tum
3105 4769 3265 4823 etiam

1732 4864 2035 4918 vitiositatis
2066 4864 2349 4932 plurimum
2395 4882 2409 4917 :
2451 4864 2685 4918 animum
2731 4863 2852 4914 item
2881 4870 2935 4913 et
2961 4877 3180 4937 corpus,
3209 4872 3267 4916 ut

1732 4962 1931 5021 pestem
1959 4969 2022 5007 ex
2046 4969 2102 5008 se
2129 4954 2329 5009 nullam
2356 4954 2602 5016 habeant,
2630 4966 2813 5005 carere
2841 4962 3015 5006 tamen
3047 4954 3263 5005 immor-

1731 5123 1914 5257 ἱεῖῧῤ)
1946 5178 2126 5257 {llatae
2154 5178 2229 5245 δὴ
2245 5177 2456 5257 ΐψυχή..
2491 5177 2919 5257 {lorruptusmhic
2945 5179 3111 5257 locus
3133 5190 3263 5257 _est.

1734 5243 1903 5299 Editio
1946 5243 2471 5318 FicinigehSerrani
2494 5243 2681 5318 habet;
2712 5248 2907 5318 μείζων
2940 5248 2997 5318 δὲ
3018 5248 3175 5318 νὸὴλψ.
3208 5265 3261 5301 κ.

1731 5332 1784 5402 ηέ
1823 5330 1875 5365 α.
1893 5314 2287 5402 εοκμεταλαϐη.
2322 5314 2682 5402 Conjiciejtam
2703 5314 2724 5379 ,’
2746 5317 2960 5402 μείζων,
2980 5316 3043 5384 δὴ
3164 5336 3264 5370 κα-

1964 5385 2123 5452 ἀρετῇ
2168 5382 2270 5452 (vel
2304 5382 2497 5475 κακίαν
2544 5382 2822 5457 ἢάρετῆν)
2866 5382 3061 5437 ὁπόταν
3087 5382 3264 5455 μετα-

1797 5505 1907 5585 (ϐί)
1940 5518 2183 5591 (etaim:
2217 5520 2584 5591 διαφέροντα.
2620 5523 2798 5585 Plato,
2827 5521 3041 5591 τοιαύτη
3087 5523 3265 5590 διαφέ-

1762 5586 2223 5665 ovem-Serranus
2271 5586 2429 5665 aliain
2488 5592 2761 5665 lectionem
2809 5590 2993 5654 all‘ert,
3031 5586 3263 5665 ’τοιαύτη

1756 5656 2253 5742 ιαφερέται.“Ει·ερ,
2287 5663 2333 5715 si
2372 5662 2589 5742 τοιαυτη
2635 5662 3035 5742 τθιίηιξςιιιιι-ηοι
3059 5656 3265 5742 dna-eas}

1728 5726 1906 5794 ροντα,
1941 5726 2015 5780 vel
2060 5726 2713 5798 διαφέρεταιἰἐιεῇὶίτίξιιιιι·⁹
2757 5729 3098 5782 obscuritatis
3134 5726 3263 5785 nihil

1727 5795 2010 5867 admodum
2045 5795 2155 5852 fore
2189 5798 2634 5863 amaret—Legi
2668 5815 2823 5867 posse
2856 5801 3103 5867 opinatur
3140 5801 3265 5854 llci-

1728 5864 1919 5921 nichn
1945 5866 2179 5939 τοιαύτη,
2212 5842 2520 5939 διαξέροντα
2551 5842 2639 5921 κᾶὶ
2669 5842 2942 5938 ξιετέϐαλιέ.
2974 5868 3129 5923 Eutr.
