4002 6340
672 380 806 435 1055

1292 380 1557 435 EUSEBiI
1601 380 2073 439 (ἷιΕΒᾹῆΙΕΝὸΙΒ
2097 384 2243 441 ΟΡΡ.
2285 388 2462 443 PARS
2500 390 2559 443 ΙΙ.
2605 423 2669 431 —
2705 392 3197 448 APOLOGETICA.
3306 406 3310 409 '

3747 394 3879 446 1050'

672 503 904 562 talitate,
940 516 1043 569 qua
1079 502 1187 554 veri
1215 501 1539 571 legitimique
1585 504 1656 557 dii
1688 504 2029 572 perfruantur
2061 508 2214 573 (alio-

2345 513 2472 562 όπον
2497 513 2647 579 ἆγιον
2662 512 2799 575 ὅλον,
2838 513 3287 580 μετακομισθεῖσα
3304 514 3378 573 εἰς
3411 512 3625 580 ἀμείνω
3652 511 3776 561 τινὰ
3801 509 3880 559 τός

672 610 763 661 qui
794 594 933 646 nulla
966 609 1202 662 unquam
1234 595 1587 648 animantium
1634 597 1907 664 generatio
1940 599 2107 659 fieret.
2144 600 2218 652 al-

673 696 791 738 tero
814 696 983 737 morte
1008 684 1241 753 sublato)
1268 703 1282 747 ;
1310 686 1375 740 ad
1404 697 1726 751 extremum,
1753 688 2008 756 quidquid
2033 690 2221 757 juvare

675 792 768 845 per
808 788 926 828 sese
955 783 1163 841 potest,
1214 775 1265 828 id
1303 789 1462 830 omne
1500 778 1665 829 animi
1695 777 1895 832 bonum
1916 819 1932 843 ,
1963 780 2219 848 quidquid

677 883 871 923 nocere
903 868 1058 932 solet,
1088 868 1287 921 malum
1321 884 1441 923 esse
1472 872 1677 925 statuit.
1737 871 1946 937 Quibus
1974 876 2223 928 omnibus

672 960 984 1029 exploratis,
1013 960 1233 1015 molitus
1255 960 1358 1015 hoc
1386 960 1600 1016 demum
1644 973 1746 1027 est,
1776 966 2221 1032 quemadmodum

651 1038 748 1134 "ita
796 1060 974 1117 partes
1022 1049 1247 1118 singula:
1287 1051 1770 1115 constituerentur,
1820 1053 1895 1106 uti
1948 1069 2076 1107 cum
2115 1070 2224 1107 ma-

660 1141 838 1202 txime.
868 1150 979 1193 tum
1010 1140 1169 1193 etiam
1199 1138 1450 1194 facillime
1480 1150 1641 1210 atque
1671 1143 1899 1210 optime,
1927 1154 2129 1197 certam
2174 1147 2225 1197 in

662 1231 929 1288 universo
955 1231 1172 1283 virtutis
1197 1230 1475 1284 victoriam
1501 1230 1759 1297 facerent,
1796 1234 2084 1304 vitiositate
2108 1252 2226 1303 pro—

680 1332 865 1375 strata.
930 1321 1102 1388 Quam
1146 1325 1198 1377 in
1250 1339 1360 1377 rem
1412 1325 1649 1379 universi
1698 1328 1837 1383 bono
1881 1330 2225 1399 excogitavit,
2272 1347 2277 1351 '

678 1430 840 1481 quam
886 1416 1137 1484 quodque
1180 1416 1358 1469 sedem
1388 1432 1486 1485 pro
1516 1425 1718 1471 natura:
1764 1434 1875 1473 sum
1902 1421 2225 1485 conditione,

677 1520 946 1573 quemque
978 1506 1153 1559 locum
1184 1506 1472 1574 aliquando
1500 1508 1679 1561 sortiri
1717 1509 1929 1563 firmum
1974 1526 2035 1564 ac
2066 1513 2229 1565 stabi-

680 1596 785 1649 lem
812 1604 1105 1663 oporteret.
1148 1598 1215 1648 At
1242 1612 1388 1659 vero,
1429 1607 1489 1650 ut
1517 1598 1638 1652 talis
1664 1600 1894 1669 quisque
1926 1604 2111 1655 talisve
2140 1603 2230 1655 tie-

2322 621 2418 655 πον
2448 604 2629 674 ἕτερον
2652 620 2665 633 ⁶
2694 606 2819 657 ὅταν
2846 604 2901 655 δὲ
2930 604 3181 656 τάναντία
3226 605 3315 655 ἐπὶ
3343 604 3607 655 τάναντία
3644 599 3884 669 μεθιδρύ-

2322 709 2450 744 σατο
2478 694 2586 761 (6‘2)
2615 694 2705 747 τὸν
2730 695 2896 763 αὐτῆς
2924 693 3052 761 βίον.
3072 693 3216 761 Αὕτη
3231 710 3307 745 τοι
3328 693 3450 761 δίκη
3492 692 3611 744 ἐστὶ
3651 691 3815 751 θεῶν,
3840 690 3882 743 οἱ

2326 784 2598 854 Ὄλυμπον
2618 786 2845 855 ἔχουσιν,
2870 779 2914 837 ὦ
2940 788 3054 845 παῖ,
3069 785 3159 836 καὶ
3170 784 3430 847 νεανίσκε,
3448 782 3781 852 ἀμελεῖσθαι
3808 782 3863 834 δο

2324 876 2431 925 κῶν
2450 876 2551 927 ὑπὸ
2568 875 2720 927 θεῶν·
2753 876 2925 928 κακίω
2947 876 3043 945 μὲν
3064 876 3359 945 γινόμενον,
3381 876 3520 943 πρὸς
3539 874 3643 936 τὰς
3666 873 3886 937 κακίους

2323 965 2513 1032 ψυχὰς.
2535 966 2740 1033 ἀμείνω
2754 966 2811 1017 δὲ
2828 965 2957 1036 «pob;
2980 965 3074 1029 τὰς
3086 965 3333 1035 ἀμείνους
3349 967 3747 1035 πορευόμενον,
3768 964 3823 1016 ἔν
3838 982 3885 1015 τε

2327 1054 2434 1122 ζωῇ
2461 1054 2550 1105 καὶ
2574 1056 2630 1105 ἐν
2659 1056 2791 1106 πᾶσι
2808 1052 3073 1115 θανάτοις,
3094 1055 3316 1123 πάσχειν
3329 1070 3384 1105 τε
3400 1053 3510 1121 (65)
3540 1051 3578 1103 ἀ
3614 1050 3885 1121 προσῆκον

2326 1147 2456 1215 δρᾷν
2491 1146 2603 1197 ἐστι
2627 1146 3064 1215 τοῖς·προσφυέσι
3096 1144 3205 1213 (64)
3232 1144 3351 1207 τοὺς
3388 1144 3753 1213 προσφερεῖς,
3804 1145 3887 1194 καὶ

2330 1239 2516 1287 ποιεῖν.
2546 1236 2755 1304 Ταύτης
2777 1236 2874 1304 τῆς
2896 1236 3047 1304 δίκης
3073 1235 3193 1288 οὔτε
3226 1236 3288 1288 σὺ
3328 1236 3554 1303 μήποτε,
3585 1233 3705 1286 οὒτ’
3742 1233 3888 1294 ἄλλος

2330 1327 2531 1395 ἀτυχὴς
2561 1327 2669 1393 (65)
2692 1326 2973 1395 γενόμενος
2999 1325 3276 1391 ἐπεύξεται
3311 1323 3699 1394 περιγενέσθαι
3736 1323 3886 1375 θεῶ-ι’

2331 1417 2393 1481 ἣν
2421 1414 2608 1467 πασῶν
2636 1415 2790 1483 δίκην
2810 1415 2970 1466 δικῶν
3002 1412 3355 1482 διαφερόντως
3398 1412 3595 1474 ἔταξάν
3622 1428 3685 1463 τε
3717 1414 3768 1462 οἱ
3806 1412 3890 1462 τά-

2332 1505 2535 1568 ξαντες,
2562 1502 2732 1575 χρεών
2755 1521 2810 1555 τε
2842 1503 3235 1569 ἐξευλαϐεῖσθαι
3265 1503 3325 1554 τὸ
3369 1504 3657 1571 παράπαν.
3684 1503 3761 1554 οὐ
3790 1503 3890 1569 γάρ

2333 1595 2647 1666 ἀμεληθήσῃ
2680 1595 2807 1647 ποτὲ
2863 1594 2953 1645 ὑπ’
3001 1594 3201 1663 αὐτῆς“
3246 1595 3339 1662 οὐχ
3374 1594 3514 1645 οὕτω
3547 1593 3789 1662 σμικρὸς
3822 1591 3888 1643 ὣν

679 1698 792 1750 ret,
825 1702 1019 1741 causas
1058 1703 1247 1741 omnes
1294 1702 1492 1741 nosme
1536 1690 1586 1741 in
1636 1691 1927 1745 voluntatis
1973 1701 2232 1760 potestate

2339 1689 2467 1759 δύσῃ
2496 1690 2631 1741 κατὰ
2664 1688 2721 1739 τὺ
2756 1687 2851 1755 τῆς
2895 1687 2995 1755 γῆς
3026 1685 3201 1753 βάθος,
3232 1686 3337 1738 οὐδ’
3372 1685 3571 1753 ὑψηλὸς
3604 1687 3889 1755 γενόμενος

680 1779 914 1849 reliquit.
973 1778 1159 1844 Qualis
1202 1780 1344 1831 enim
1384 1779 1544 1849 635
1590 1782 1881 1849 cupiditate
1923 1785 2151 1852 quisque
2181 1795 2232 1838 et

2339 1781 2411 1839 εἰς
2440 1780 2527 1829 τὸν
2560 1778 2781 1848 οὐρανὸν
2796 1778 3076 1849 ἀναπτήσῃ
3098 1793 3111 1804 '
3133 1776 3299 1838 τίσεις
3320 1776 3373 1827 δὲ
3404 1776 3586 1846 σαυτῷ
3614 1774 3718 1844 τὴν
3735 1790 3890 1843 προσ-

680 1872 861 1925 animo
886 1870 1065 1935 fuerit,
1100 1871 1220 1924 talis
1257 1870 1365 1924 fere
1398 1872 1595 1938 passim
1624 1888 1743 1927 esse
1768 1872 2071 1927 solet.-Et
2102 1890 2227 1927 con-

2339 1871 2567 1935 ήκουσαν
2590 1868 2853 1937 τιμωρίαν
2878 1867 2970 1918 εἴτ’
2996 1847 3175 1919 ἐνθάδε
3206 1866 3397 1935 μένων,
3429 1867 3540 1917 εἴτε
3570 1867 3674 1916 καὶ
3692 1868 3750 1917 ὲν
3777 1865 3889 1933 ᾅδου

680 1972 994 2017 sentaneum
1030 1963 1079 2015 id
1108 1962 1345 2031 quidem.
1368 1991 1436 2001 —
1464 1965 1809 2033 Quaecunque
1864 1965 2024 2033 igitur
2053 1966 2231 2021 animo

682 2054 903 2121 praedita
950 2062 1113 2114 sunt,
1160 2062 1438 2106 mutantur
1483 2055 1698 2121 omnia,
1742 2057 1882 2123 quod
1931 2057 1984 2108 iu
2014 2072 2072 2110 se
2102 2059 2231 2125 ipsis

682 2158 903 2198 causam
935 2144 1250 2197 mutationis
1279 2144 1529 2197 habeant.
1570 2144 1685 2210 Qua
1713 2146 1766 2199 in
1793 2148 2108 2210 mutatione,
2139 2148 2232 2203 fati

683 2236 1053 2304 praescriptum
1097 2249 1161 2289 ac
1204 2235 1371 2304 legem
1418 2245 1736 2304 sequuntur.
1803 2237 2044 2303 Quorum
2090 2242 2233 2293 enim

683 2327 989 2381 animorum
1007 2326 1400 2381 tolerabiliores
1430 2326 1629 2382 fuerint
1652 2328 2095 2398 reniissioresque
2118 2345 2235 2383 nio-

684 2432 793 2482 res.
829 2419 864 2471 ii
898 2418 1026 2472 dum
1049 2433 1113 2471 ea
1146 2418 1375 2471 mutatio
1410 2418 1487 2481 fit,
1520 2428 1703 2488 utpote
1728 2421 1975 2487 leviores,
2000 2422 2052 2474 in
2088 2436 2235 2475 sum-

683 2522 829 2561 mum
883 2509 1117 2577 regionis
1160 2508 1335 2562 solum
1379 2522 1717 2575 commeant;
1772 2526 2002 2579 quorum
2056 2520 2235 2564 autem

682 2600 962 2669 graviores
1001 2610 1055 2653 et
1105 2599 1439 2667 iujustiores,
1487 2601 1521 2652 ii
1559 2611 1761 2654 vastam
1794 2602 1845 2654 in
1879 2602 2233 2666 altitudinem,

681 2700 738 2745 et
764 2691 1104 2760 depressiora
1152 2691 1268 2745 loca
1294 2691 1675 2754 detruduntur,
1703 2708 1823 2760 qua:
1842 2693 1933 2760 qui
1957 2693 2131 2745 adhuc
2162 2694 2237 2745 vi-

684 2792 837 2845 vunt,
868 2783 1070 2852 quique
1093 2783 1414 2852 corporibus
1442 2783 1603 2837 soluti
1622 2783 1732 2851 jam
1751 2794 1897 2845 sunt,
1920 2782 2234 2845 inferorum,
2266 2828 2269 2831 λ

688 2889 756 2928 ac
786 2874 1057 2929 similibus
1091 2874 1212 2929 aliis
1246 2874 1555 2928 nominibus
1581 2875 1868 2928 admodum
1893 2875 2141 2936 horrere,
2176 2889 2240 2927 ac

687 2964 885 3031 sapius
920 2966 1188 3019 somniare
1219 2966 1411 3020 solent.
1464 2964 1557 3031 lta,
1590 2966 1746 3034 cujus
1780 2966 1942 3019 animi
1968 2980 2091 3020 cum
2117 2982 2239 3018 sua-

689 3064 776 3123 pte
804 3056 1098 3117 voluntate,
1148 3064 1256 3109 tum
1303 3058 1415 3109 aeri
1461 3066 1514 3109 et
1553 3057 1905 3109 corroborata
1946 3066 2240 3108 consuetu-

2334 1956 2722 2025 διαπορευθεὶς,
2776 1958 2883 2008 εἴτε
2930 1955 3021 2008 καί⁵
3067 1955 3266 2007 τούτων
3299 1956 3376 2017 είς
3420 1954 3736 2023 ἀγιώτερον
3790 1955 3888 2023 (66)

2338 2051 2415 2100 ἔτι
2463 2048 2826 2117 διακομισθεὶς
2870 2048 3049 2101 τόπον.
3093 2047 3149 2099 Ὀ
3185 2048 3342 2109 αὐτὸς
3388 2046 3443 2098 δὲ
3488 2046 3657 2114 λόγος
3698 2064 3779 2098 σοι
3808 2049 3890 2097 καὶ

2338 2144 2463 2211 περὶ
2488 2142 2705 2193 ἐκείνων
2727 2141 2793 2193 ἂν
2818 2142 2923 2210 είη,
2952 2140 3057 2191 τῶν
3080 2139 3170 2202 οὓς
3203 2139 3264 2190 σὺ
3287 2138 3515 2192 κατιδὼν
3548 2141 3618 2190 ὲκ
3656 2140 3891 2208 σμικρῶν

2337 2234 2597 2302 μεγάλους
2624 2232 2924 2300 γεγονότας,
2950 2232 3482 2302 ἀνοσιουργήσαντας,
3517 2232 3552 2301 ἦ
3586 2247 3645 2282 τι
3669 2230 3894 2282 τοιοῦτον

2337 2328 2661 2399 πράξαντας,
2694 2326 2876 2397 ᾠήθης
2908 2326 2965 2391 ἐξ
3013 2327 3206 2379 ἀθλίων
3233 2328 3552 2397 εὐδαίμονας
3592 2329 3891 2395 γεγονέναι,

2338 2424 2427 2474 καὶ
2464 2422 2537 2485 ὡς
2570 2424 2625 2473 ὲν
2674 2420 2990 2489 κατόπτροις
3037 2419 3211 2471 αὐτῶν
3251 2422 3368 2482 ταῖς
3409 2420 3688 2495 πράξεσιν
3724 2423 3895 2490 ήτήσιι

2339 2513 2741 2584 καθεωρακέναι
2769 2512 2868 2581 τὴν
2900 2511 3111 2564 πάντων
3141 2511 3393 2581 ἀμέλειαν
3427 2512 3592 2575 θεῶν,
3617 2513 3731 2564 οὐκ
3760 2511 3891 2573 εἰδὼς

2335 2603 2509 2656 αὐτῶν
2539 2603 2633 2673 τὴν
2666 2602 2985 2663 συντέλειαν,
3034 2603 3136 2671 ὅπη
3168 2602 3293 2653 ποτὲ
3309 2600 3382 2670 τῷ
3400 2603 3563 2653 παντὶ
3595 2599 3894 2669 ξυμϐάλλε-

2334 2714 2421 2748 ται
2474 2694 2761 2746 Γινὼσκειν
2793 2693 2847 2744 δὲ
2871 2693 3051 2763 αὐτὴν,
3079 2686 3122 2745 ὦ
3150 2694 3358 2745 πάντων
3378 2692 3893 2763 ἀνδρειόντατε,πρὺς

2337 2788 2484 2839 οὐδὲν
2509 2787 2679 2846 δοκεῖς
2701 2784 2853 2853 (66⁸),
2881 2785 2946 2853 ἦν
2972 2802 3053 2845 τις
3080 2784 3150 2855 μὴ
3173 2784 3468 2851 γινώσκων,
3503 2784 3618 2836 οὐδ’
3656 2783 3728 2836 ἂν
3747 2782 3896 2835 τύπον

2340 2880 2435 2931 ἴδοι
2471 2877 2615 2939 ποτὲ,
2640 2876 2758 2927 οὐδὲ
2793 2875 2943 2943 λόγον
2972 2874 3360 2946 ξυμϐάλλεσθαι
3383 2877 3510 2944 περὶ
3538 2874 3665 2943 βίου
3691 2876 3895 2936 δυνατὸς

2338 2968 2402 3019 ἀν
2426 2968 2645 3035 γένοιτο,
2670 2968 2747 3029 είς
2785 2968 3120 3037 εὐδαιμονίαν
3135 2983 3191 3018 τε
3219 2968 3309 3019 καὶ
3334 2966 3675 3035 δυσδαίμονα
3712 2966 3889 3034 τύχην.

2341 3058 2523 3111 Ταῦτα
2552 3061 2597 3111 εἰ
2635 3060 2731 3128 μὲν
2782 3075 2839 3111 σε
2874 3058 3045 3112 πείθει
3094 3058 3341 3119 Κλεινίας
3370 3056 3474 3118 ὅδε,
3513 3056 3611 3108 καὶ
3650 3055 3897 3125 ξύμπασα

689 3147 815 3202 dine
856 3148 1030 3217 major
1062 3158 1155 3201 aut
1188 3147 1486 3212 vitiositas,
1524 3158 1617 3200 aut
1659 3148 1830 3201 virtus
1862 3148 2145 3209 exstiterit,
2196 3147 2238 3199 is

2342 3151 2492 3220 ἡμῶν
2523 3150 2617 3220 ἣδε
2655 3153 2687 3219 ἡ
2738 3150 3007 3218 γερουσία,
3059 3150 3183 3219 περὶ
3210 3148 3344 3200 θεῶν
3370 3148 3444 3208 ὡς
3480 3148 3586 3199 οὐκ
3617 3143 3785 3200 οἶσθα
3807 3150 3832 3201 ὃ
3853 3166 3897 3199 τι

688 3240 793 3294 sub
836 3240 981 3293 illam
1012 3242 1386 3305 mutationem,
1423 3242 1468 3293 si
1499 3240 1733 3293 divinam
1779 3238 1843 3291 ad
1873 3240 2119 3292 virtutem
2147 3238 2239 3291 ad-

691 3330 930 3392 bzeserit,
957 3332 1183 3399 ejusque
1227 3332 1574 3401 singulariter
1595 3340 1649 3385 et
1685 3330 1881 3383 eximie
1908 3329 2098 3384 similis
2132 3328 2243 3383 fue-

692 3423 786 3485 rit,
808 3422 991 3477 sedem
1024 3437 1240 3491 quoque.
1266 3438 1421 3476 suam
1445 3422 1646 3491 alioqui
1677 3422 2091 3490 sanctissimam.
2120 3437 2241 3477 cum

688 3513 796 3569 alia
823 3512 1053 3581 quadam
1078 3514 1255 3568 adhuc
1274 3514 1493 3568 meliore
1508 3521 1820 3590 cqmmutat.
1848 3512 1949 3577 Qui
1968 3527 2094 3566 vero
2114 3527 2244 3566 cou-

690 3606 915 3659 trariam
943 3607 1084 3660 viam
1101 3605 1377 3669 institerit,
1399 3605 1560 3659 vitam
1587 3618 1802 3672 quoque
1828 3604 2079 3671 deinceps
2114 3618 2242 3657 con-

694 3696 873 3751 trariis
904 3697 956 3751 in
983 3697 1137 3760 locis,
1162 3706 1216 3751 et
1248 3696 1516 3751 contraria
1547 3702 1693 3750 sorte
1721 3693 1884 3763 degit.
1958 3691 2031 3745 Ea
2056 3693 2241 3761 judicii

688 3784 854 3846 ratio,
882 3786 954 3837 mi
986 3784 1322 3852 adolescens,
1356 3785 1448 3855 qui
1485 3794 1537 3840 te
1574 3800 1604 3838 a
1650 3784 1756 3850 dijs
1782 3783 1977 3853 negligi
2015 3782 2244 3855 arbitra-

694 3874 792 3940 ris,
819 3890 849 3928 a
880 3874 985 3929 diis
1010 3876 1101 3943 qui
1132 3876 1184 3929 in
1214 3874 1440 3945 Olympo
1469 3884 1773 3936 versantur,
1800 3873 2091 3943 constituta
2112 3882 2192 3927 est
2228 3892 2238 3925 :

694 3976 753 4021 ut
781 3968 873 4035 qui
903 3966 1137 4020 deterior
1186 3965 1368 4029 fuerit,
1413 3968 1478 4021 ad
1525 3967 1879 4031 deteriorum;
1914 3966 2005 4035 qui
2033 3965 2240 4026 melior.

695 4055 763 4108 ad
802 4057 1085 4110 meliorum
1136 4056 1440 4111 animorum
1468 4058 1779 4110 societatem
1810 4058 2156 4124 eommigret;
2194 4065 2246 4109 et

694 4162 819 4202 cum
848 4147 900 4201 in
926 4147 1055 4212 vita,
1084 4155 1200 4201 tum
1227 4146 1467 4215 quolibet
1490 4145 1681 4200 mortis
1708 4146 1760 4197 in
1792 4158 2007 4213 genere,
2052 4143 2246 4211 quibus

694 4249 729 4289 ι
776 4234 1042 4290 similibus
1087 4236 1291 4291 similes
1339 4235 1475 4291 allici
1524 4236 1748 4298 deccat,
1804 4234 2038 4303 patiatur
2086 4242 2247 4302 atque

697 4334 822 4396 agat
846 4325 1046 4379 omnia.
1101 4324 1215 4383 Hoc
1254 4328 1519 4397 judicium
1566 4341 1740 4396 neque
1769 4335 1859 4387 tu,
1904 4339 2075 4393 neque
2109 4326 2245 4379 alius

696 4417 983 4486 quisquam
1030 4416 1301 4486 defugisse
1344 4435 1422 4483 se,
1454 4430 1617 4489 atque
1644 4420 1717 4473 ita
1747 4420 1878 4473 deos
1921 4420 2065 4487 ipsos
2088 4434 2244 4486 supe-

699 4526 850 4566 rasse
871 4510 1188 4581 gloriabitur
1240 4529 1251 4563 :

698 4602 839 4669 xime
869 4617 976 4670 pne
1002 4602 1207 4655 ueteris
1236 4603 1509 4656 omnibus:
1531 4614 1779 4659 sanctum
1806 4618 1928 4658 esse
1958 4602 2241 4663 voluerint,

698 4692 1027 4762 omninoque
1053 4703 1333 4763 propterea
1364 4694 1533 4745 vereri
1579 4702 1857 4762 oporteat;
1894 4709 1992 4747 nec
2014 4694 2156 4746 enim
2184 4685 2247 4744 il-

701 4783 790 4836 lud
826 4792 877 4836 te
905 4801 1140 4854 unquam
1167 4785 1479 4855 przeteribit.
1521 4782 1629 4837 Nec
1660 4794 1764 4838 tam
1791 4784 2019 4851 pusillus
2051 4782 2249 4836 tenuis-

699 4890 805 4945 que
829 4874 944 4939 θος,
969 4884 1027 4929 ιιι.
1054 4877 1122 4931 ab
1144 4892 1214 4932 eo
1234 4887 1288 4942 te.
1319 4878 1370 4929 in
1401 4874 1609 4929 abditos
1630 4882 1785 4928 terra:
1810 4874 1963 4927 sinus
1993 4872 2251 4926 latebras-

699 4984 805 5037 que
833 4968 1105 5022 subdueas
1135 4987 1148 5021 τ
1178 4985 1279 5025 nec
1308 4984 1436 5023 vero
1465 4977 1572 5022 tam
1598 4966 1942 5027 sublimis,ut
1966 4966 2020 5018 in
2052 4965 2249 5019 caelum

699 5060 897 5113 evoles.
947 5059 1017 5111 At
1044 5058 1235 5128 dignas
1281 5061 1504 5114 omnino
1554 5074 1743 5129 pmnas
1772 5059 1997 5112 daturus
2025 5058 2137 5127 ipse
2166 5073 2245 5120 es,

701 5156 814 5208 sive
841 5154 928 5207 hic
951 5167 1195 5214 maneas,
1224 5154 1338 5208 sive
1363 5155 1652 5223 trajiciaris
1682 5154 1747 5207 ad
1777 5152 2001 5215 inferos,
2047 5153 2159 5206 sive
2184 5152 2251 5206 ad

702 5242 878 5298 locum
922 5245 1157 5313 aliquem
1218 5243 1287 5298 iis
1336 5246 1511 5301 adhuc
1563 5246 1917 5301 horridiorem
1968 5243 2247 5298 deferaris.

777 5440 887 5514 (63)
915 5441 1342 5514 Meocdpiicmto.
1379 5441 1566 5499 Melius
1596 5460 1757 5513 quam
1791 5445 1929 5514 apud
1960 5444 2250 5506 Platonem,

709 5509 1099 5633 ξιὲἓὶξρύσασα,
1122 5513 1372 5569 convenit
1402 5515 1547 5568 enim
1588 5509 1711 5568 cum
1743 5509 2063 5584 praecedenti
2126 5530 2253 5584 μετ-

782 5649 893 5718 (65)
919 5649 1182 5773 Πάἕέειγ
1210 5671 1290 5709 τε.
1317 5653 1467 5709 Plato
1493 5663 1612 5724 post
1636 5653 1859 5723 πάσχειν
1880 5673 1960 5714 τε.
1992 5653 2139 5707 addit
2163 5654 2254 5705 καὶ

786 5723 902 5773 ιείν.
932 5736 1003 5773 (ιιι
1105 5723 1191 5773 hic
1216 5725 1269 5773 in
1300 5726 1501 5773 mriodi
1540 5724 1695 5773 ﬁnem
1721 5725 1975 5773 reiicitnr.

709 5723 902 5795 ποιεῖν,
932 5723 1073 5795 quod
1105 5723 1193 5795 hie
1216 5725 1269 5778 in
1300 5723 1506 5795 periodi
1540 5724 1695 5779 finem
1721 5725 1975 5789 rejicitur.

785 5789 896 5861 (δι)
922 5792 1280 5859 Προσςρυέσι.
1300 5789 1485 5863 Ῥίειιο,
1507 5795 1857 5867 προσφερέσι,
1887 5794 2098 5860 melius,
2131 5807 2254 5847 cum

2342 3243 2535 3308 λέγεις,
2558 3242 2733 3305 καλῶς
2784 3243 2847 3295 ἀν
2882 3260 2960 3294 σοι
2986 3243 3114 3304 Θεὸς
3136 3241 3294 3303 αὐτὸς
3332 3237 3708 3308 ξυλλαμὸάνοι
3729 3257 3743 3269 ·
3774 3242 3825 3292 εί
3852 3241 3893 3291 δ’

2342 3333 2555 3403 ἐπιδεὴς
2587 3333 2665 3384 ἔτι
2689 3331 2844 3399 λόγου
2877 3332 2941 3385 ἂν
2966 3334 3097 3401 είης,
3127 3331 3387 3398 λεγόντων
3416 3331 3579 3400 ήμῶν
3635 3331 3780 3402 πρὸς
3820 3332 3896 3382 es»

2340 3424 2518 3493 τρίτον
2547 3424 2800 3486 ἐπάκουε,
2826 3424 2873 3474 εί
2902 3422 3023 3473 νοῦν
3048 3423 3139 3474 καὶ
3165 3421 3404 3474 ὁπωσοῦν
3426 3422 3590 3492 ἔχεις.
3639 3443 3658 3473 ι
3696 3422 3898 3475 Τούτων

2341 3516 2369 3564 ὁ
2394 3512 2534 3575 νοῦς,
2562 3515 2608 3564 εί
2641 3513 2733 3564 καὶ
2768 3512 2839 3581 μὴ
2884 3512 2951 3564 τά
3008 3514 3241 3581 ῥήματα,
3275 3513 3330 3564 ὲν
3362 3515 3472 3575 τοῖς
3518 3513 3800 3583 Ἐϐραίων
3827 3512 3900 3563 λο-

2343 3606 2482 3672 γίοις
2517 3602 3038 3673 πφκαταὸἐὸληται,
3074 3602 3468 3672 συντομώτατα,
3500 3604 3596 3655 καὶ
3624 3605 3699 3655 δι’
3723 3603 3897 3667 ὀλίγων

2342 3694 2437 3764 τῆς
2461 3693 2691 3754 διανοίας
2712 3693 3113 3762 περιεχομένης.
3135 3693 3207 3743 Τό
3226 3709 3281 3744 τε
3303 3694 3458 3761 γάρ,‹
3480 3693 3594 3760 υῦχ
3617 3692 3769 3744 οὕτω
3787 3707 3899 3759 σμι-

2346 3784 2475 3853 κρὸς
2502 3783 2576 3835 ὢν
2633 3784 2765 3853 δύσῃ
2807 3784 2945 3836 κατά
2969 3784 3027 3836 τὸ
3070 3785 3166 3853 τῆς
3195 3786 3297 3854 γῆς
3334 3784 3513 3852 βάθος,
3545 3783 3662 3833 οὐδ’
3712 3780 3901 3850 ὑψηλὸς

2350 3877 2631 3944 γενόμενος
2653 3876 2731 3937 εἰς
2758 3875 2847 3927 τὸν
2880 3876 3103 3946 οὐρανὸν
3126 3877 3424 3943 ἀναπτήσῃ,
3458 3894 3475 3924 ι
3496 3876 3694 3941 ὅμοιον
3718 3872 3784 3923 ἀν
3824 3874 3899 3937 εἴη

2351 3968 2427 4037 τῷ
2451 3967 2598 4037 παρὰ
2629 3966 2703 4035 τῷ
2730 3966 2908 4029 Δαυῖδ,
2934 3967 3116 4019 τοῦτον
3158 3968 3327 4036 ἔχοντι
3353 3966 3441 4017 τὸν
3469 3965 3679 4033 τρόπον
3698 3980 3712 3993 ο
3745 3985 3764 4013 ι
3802 3964 3896 4015 Ποῦ

2352 4060 2592 4131 πορευθῶ
2624 4061 2730 4111 ἀπὸ
2759 4060 3058 4129 πνεύματός
3100 4076 3212 4120 σου,
3242 4059 3332 4110 καὶ
3356 4058 3461 4109 ἀπὸ
3482 4057 3577 4109 τοῦ
3610 4058 3899 4125 προσώπου

2350 4169 2438 4203 σου
2468 4151 2567 4204 ποῦ
2593 4151 2781 4219 φύγω;
2828 4152 2949 4204 Ἐὰν
2975 4149 3157 4204 ἀναδῶ
3180 4152 3256 4212 είς
3286 4149 3373 4201 τὸν
3400 4148 3655 4219 οὐρανὸν,
3694 4151 3759 4201 σὺ
3801 4152 3900 4201 ἐκεί

2347 4239 2395 4294 εἶ
2418 4259 2432 4273 ·
2458 4243 2549 4295 ἐὰν
2582 4241 2800 4295 καταδῶ
2838 4246 2915 4304 εἰς
2947 4241 3036 4294 τὸν
3067 4240 3216 4309 ᾅδην,
3252 4240 3433 4309 πάρει.
3485 4238 3549 4292 El
3579 4241 3901 4309 άναλάύοιμι

2348 4334 2636 4404 πτέρυγας,
2687 4336 2778 4387 καὶ
2831 4330 3307 4402 κατασκηνώσαιμι
3354 4332 3430 4393 εἰς
3460 4330 3530 4383 τὰ
3564 4330 3775 4402 ἔσχατα
3815 4334 3899 4400 τῆς

2347 4424 2615 4492 θαλάσσης
2641 4441 2652 4452 ·
2689 4424 2914 4491 καὶγὰρ
2956 4423 3070 4473 ἐκεῖ
3096 4423 3129 4490 ή
3179 4421 3297 4490 χείρ
3323 4436 3415 4473 σου
3438 4421 3701 4492 ὁδηγήσει
3738 4439 3805 4491 με
3836 4441 3846 4453 ο
3887 4445 3899 4473 ι

1306 4514 1503 4580 quippe
1531 4514 1671 4583 quod
1699 4513 1818 4581 ejus
1848 4521 2095 4567 auctores
2127 4519 2238 4567 ma:

2349 4516 2481 4567 ἀλλά
2526 4516 2617 4567 καὶ
2648 4516 2708 4567 τό
2731 4532 2744 4544 ο
2782 4532 2801 4563 ι
2831 4515 2893 4566 οι
2931 4511 3144 4583 οὐρανοὶ
3197 4511 3503 4581 διηγοῦνται
3536 4512 3702 4575 δόξαν
3757 4515 3904 4567 Θεοῦ.

2344 4607 2437 4658 καὶ
2468 4606 2678 4674 ποίησιν
2704 4603 2899 4673 χειρῶν
2941 4602 3101 4655 αὐτοῦ
3128 4603 3441 4671 ἀναγγέλλει
3479 4604 3540 4656 τὸ
3564 4620 3656 4656 στε
3667 4604 3774 4673 ρέω
3786 4621 3901 4670 μαι

2346 4696 2453 4747 Καὶ
2480 4696 2637 4747 πάλιν
2670 4696 2723 4745 ὲν
2756 4694 2831 4763 τῷ
2868 4695 3060 4765 Ἡσαΐᾳ
3086 4696 3173 4747 τό·
3205 4714 3221 4745 ι
3263 4694 3619 4763 Ἀνασλέψατε
3663 4695 3745 4755 είς
3788 4692 3903 4758 ὕφος

2346 4788 2470 4849 τοὺς
2499 4786 2801 4856 ὀφθαλμοὺς
2832 4786 3002 4854 ὑμῶν,
3036 4787 3124 4839 καὶ
3148 4788 3403 4849 ῐδετε,τίς
3435 4786 3715 4848 κατέδειξε
3748 4782 3905 4834 ταῦτα

2349 4879 2561 4929 ’πάντα⁸
2620 4898 2637 4928 ι
2690 4878 2782 4929 καὶ
2832 4878 2922 4929 τό·
2969 4897 2987 4929 ι
3036 4880 3126 4931 Ἐκ
3182 4879 3439 4949 μεγέθους
3491 4878 3588 4929 καὶ
3643 4873 3899 4939 καλλονῆς

2350 4966 2655 5035 κτισμάτων
2712 4967 2985 5036 ἀναλόγως
3030 4970 3058 5020 ό
3090 4966 3463 5036 Γενεσιουργὸς
3523 4964 3812 5034 θεωρεῖται
3846 4980 3855 4991 ⁸
3884 4982 3898 5011 ι

2353 5060 2442 5111 καὶ
2465 5060 2524 5111 τὸ
2547 5076 2559 5089 ·
2590 5077 2607 5107 ι
2669 5059 2747 5112 Τὰ
2794 5060 2901 5131 γὰρ
2935 5061 3137 5131 ἀόρατα
3168 5057 3332 5113 αὑτοῦ
3360 5098 3374 5120 ,
3422 5056 3532 5109 ἀπὸ
3564 5056 3801 5117 κτίσεως
3833 5054 3901 5105 κό-

2353 5170 2485 5223 σμου
2514 5154 2624 5214 τοῖς
2658 5154 2920 5224 ποιήμασι
2949 5153 3205 5222 νοούμενα
3234 5148 3553 5217 καθορᾶται,
3584 5148 3618 5215 ἥ
3658 5165 3716 5199 τε
3748 5148 3895 5204 dioto;

2351 5242 2514 5295 αὑτοῦ
2539 5242 2763 5312 δύναμις
2795 5245 2886 5295 καὶ
2903 5242 3107 5308 θειότης
3125 5258 3139 5271 ·
3173 5260 3190 5290 ι
3215 5236 3346 5290 ἀλλὰ
3364 5236 3455 5289 καὶ
3476 5237 3558 5298 τὸ,
3584 5256 3603 5288 ι
3632 5239 3894 5309 Eii-ileon

2354 5451 2605 5513 δείιιίιθιυτ
2639 5444 2979 5513 προσφερεῖςε

2444 5512 2533 5598 (ἐξ)
2569 5505 2831 5598 Σᾼτύκήξ-
2852 5505 3529 5598 ἐίοὲξξιὲ9,¹θεὲέ.ν,εὲἷιέκήε·
3699 5579 3714 5598 .
3750 5578 3871 5598 μέ

2445 5581 2532 5651 66)
2569 5577 2914 5650 ’Λτιώ’τερον.
2956 5577 3127 5639 Plato,
3173 5577 3543 5651 ἀγριώτερονι
3562 5579 3716 5648 quod
3749 5578 3895 5651 magis

2356 5648 2543 5719 placet,
2573 5648 2653 5706 vel
2682 5651 3037 5717 ἀτοπώτερον.
3075 5657 3130 5699 ut
3175 5651 3333 5702 etiam
3378 5648 3477 5717 legi
3511 5648 3791 5706 Serranus
3818 5649 3893 5703 ad-

2358 5732 2557 5860 ngg‘)
2600 5789 2734 5859 Lege
2767 5788 2889 5851 Πῶς
2923 5788 2979 5840 οὐ
3013 5787 3138 5844 δεῖν.
