4002 6340
114 442 245 500 1087

1270 431 1587 487 PIUEPAIL
1620 430 1863 486 EVANG.
1906 428 2030 484 LIB.
2063 429 2194 484 XIII.

3168 432 3307 489 1058

113 560 203 613 επὶ
239 558 475 627 ἀνόμοις,
524 557 738 627 εἰρήνην
782 552 1117 627 ἁμαρτωλῶν
1150 551 1396 621 θεωρῶν·
1436 569 1454 600 ι
1484 566 1646 618 μετα-
1678 557 1709 609 Α

1753 546 1902 612 Quod
1947 563 2119 617 ipsum
2162 547 2255 601 tibi
2305 548 2371 603 de
2415 549 2517 603 illis
2562 565 2778 621 quoque
2826 550 3169 606 statuendum
3200 559 3303 614 est,

113 651 418 723 πεφράσθαι
465 668 551 720 μοι
597 649 742 701 δοκεῖ
784 648 887 700 ὑπὸ
925 645 1017 699 τοῦ
1070 644 1345 707 Πλάτωνος
1388 643 1475 697 διὰ
1522 642 1645 695 τοῦ·

118 766 135 795 ι
188 743 244 795 Ὀ
266 743 422 804 αὐτὸς
453 740 509 793 δὲ
552 739 704 808 λόγος
738 755 819 791 σοι
858 738 949 791 καὶ
995 738 1121 807 περὶ
1163 736 1382 787 ἐκείνων
1432 734 1497 787 ἂν
1543 734 1649 801 εἴη,

108 835 216 885 τῶν
241 832 334 895 οὓς
359 831 423 884 σὺ
453 829 678 885 κατιδὼν
723 830 787 881 ὲκ
829 827 1030 900 μικρῶν
1060 826 1321 897 μεγάλους
1344 824 1649 893 γεγονότας,

110 922 649 993 ἀνοσιουργήσαντας,
681 920 714 989 ἡ
753 937 805 971 τι
848 916 1078 971 τοιοῦτον
1105 914 1431 987 πράξαντας,
1471 912 1653 985 ᾠήθης

110 1014 168 1077 ἐξ
199 1012 393 1066 ἀθλίων
450 1011 765 1081 εὐδαίμονας
792 1010 1083 1080 γεγονέναι.
1118 1028 1136 1059 ι
1173 1009 1283 1062 Καὶ
1313 1009 1381 1063 τὰ
1404 1007 1535 1063 ἄλλα
1574 1008 1650 1072 δὲ,

111 1104 210 1155 ὅσα
232 1104 437 1165 τούτοις
462 1104 660 1173 ὁμοίως
682 1101 911 1173 εἴρηται,
935 1099 1200 1172 προῦλαϐε
1222 1099 1319 1171 τὴν
1347 1100 1425 1164 εἰς
1458 1100 1653 1163 πλάτος

114 1195 419 1250 ὲκτεθεῖσαν
445 1193 536 1247 τοῦ
563 1194 841 1256 Πλάτωνος
865 1193 1150 1264 ἑρμηνείαν
1173 1194 1229 1245 ἐν
1253 1194 1364 1254 τοῖς
1393 1191 1655 1263 Ἐϐραίων

113 1286 307 1355 λόγοις.
336 1286 601 1341 Ἕκαστον
630 1285 673 1338 δ’
694 1280 785 1338 οὖν
818 1284 993 1338 αὐτῶν
1024 1283 1163 1336 κατὰ
1193 1281 1354 1353 μέρος
1377 1281 1555 1352 εὕροις
1588 1280 1655 1333 ἂν

112 1378 350 1449 ἀκριϐῶς
412 1377 673 1444 ἐξετάζων
740 1380 851 1439 τοῖς
932 1374 1190 1445 Ἑϐραίων
1248 1372 1656 1445 ,συμφερόμενον

112 1472 418 1541 γράμμασι.
473 1470 733 1541 Ἑϐραίων
763 1469 819 1522 δὲ
868 1463 1002 1521 εἶναι
1044 1466 1252 1533 λόγους,
1292 1463 1354 1516 οὐ
1394 1463 1550 1533 μόνον
1586 1462 1655 1535 ﬁ.

116 1560 263 1630 παρὰ
300 1562 501 1630 Μωῦσῇ
538 1548 690 1627 λόγιά
717 1576 875 1630 φημι.
932 1554 1065 1611 ἀλλὰ
1110 1555 1202 1607 καὶ
1248 1553 1317 1607 τὰ
1339 1552 1449 1605 τῶν
1488 1551 1658 1606 ἄλλων

124 1651 263 1723 μετὰ
288 1651 520 1705 Μωῦσέα
548 1649 805 1717 θεοφιλῶν
831 1647 1054 1719 ἀνδρῶν,
1095 1646 1201 1699 εἴτε
1225 1643 1512 1718 προφητῶν
1552 1643 1658 1695 εἴτε

114 1746 207 1798 καὶ
240 1744 542 1798 ἀποστόλων
575 1741 669 1794 τοῦ
708 1741 952 1809 Σωτῆρος
977 1738 1149 1809 ἡμῶν,
1174 1729 1298 1801 ῶνή
1324 1735 1429 1787 τῶν
1460 1733 1659 1802 δογμὰ-

1749 653 1888 708 quos
1911 648 1969 693 ιιι
1992 654 2114 713 cum
2140 656 2205 695 ex
2228 642 2408 710 parvis
2435 658 2660 713 magnos
2696 644 2953 710 evasisse,
3000 654 3121 714 post
3144 658 3306 713 grave

1750 731 1967 801 aliquod
2018 731 2101 785 vel
2141 732 2449 801 impietatis,
2493 735 2577 789 vel
2608 734 2830 790 alterius
2875 736 3094 792 sceleris
3121 749 3307 788 exem-

1750 822 1896 891 plum
1923 822 2153 889 videres,
2188 823 2375 878 beatos
2401 840 2466 879 ex
2502 826 2716 885 miseris
2744 826 2917 884 factos
2944 829 3212 899 putabas;
3247 836 3303 883 et

1750 926 1980 980 quorum
2027 912 2081 965 in
2128 912 2428 977 maleficiis,
2465 925 2718 986 tanquam
2764 919 2819 973 in
2852 918 3105 988 speculis,
3139 932 3304 987 quam

1752 1004 1849 1058 abs
1879 1003 1987 1059 diis
2034 1006 2214 1060 omnia
2265 1006 2623 1078 negligantur,
2656 1011 2837 1067 videre
2884 1013 2978 1067 tibi
3034 1012 3303 1074 videbare,

1754 1097 2006 1167 ignorans
2037 1098 2306 1163 videlicet,
2352 1100 2443 1169 qui
2474 1100 2688 1155 tandem
2722 1114 2813 1157 aut
2844 1119 2950 1160 oua
2993 1115 3141 1173 parte
3172 1104 3303 1156 isto-
3368 1135 3372 1139 η

1755 1206 1873 1244 rum
1920 1190 2042 1246 ﬁnis
2074 1192 2336 1246 etexitus
2363 1208 2485 1246 cum
2530 1196 2769 1250 universi
2805 1197 3106 1253 rationibus
3128 1199 3306 1252 colla:-

1754 1293 1913 1339 reret.
1968 1284 2120 1339 Illum
2149 1301 2346 1355 porro,
2380 1286 2462 1341 vir
2489 1291 2934 1358 generosissime,
2967 1292 3059 1361 qui
3089 1292 3305 1346 tandem

1754 1376 1933 1430 sciens
1963 1377 2255 1445 volensque
2302 1378 2571 1448 negligere
2612 1393 2763 1449 potes
2783 1421 2798 1443 ,
2827 1383 2916 1450 qui
2947 1391 3125 1437 tamen
3160 1384 3307 1453 ejus-

1755 1467 1898 1519 modi
1927 1475 2030 1530 est,
2064 1475 2123 1520 ut
2148 1468 2242 1537 qui
2279 1470 2345 1522 ab
2380 1470 2498 1539 ejus
2523 1471 2824 1541 c0gnitione
2868 1472 3031 1544 636
3075 1474 3305 1543 impara—

1757 1567 1844 1613 tus
1870 1558 1959 1620 sit,
2001 1559 2133 1612 nihil
2166 1574 2403 1629 unquam
2452 1563 2535 1615 vel
2579 1564 2763 1616 animo
2798 1563 3086 1621 informare
3116 1566 3305 1634 possit,

1757 1663 1855 1702 nec
1884 1648 2045 1701 ullam
2072 1649 2137 1703 tle
2166 1650 2416 1705 humana:
2441 1652 2561 1706 vitae
2583 1666 2676 1707 seu
2704 1652 2976 1718 felicitate,
3011 1669 3105 1710 seu
3142 1655 3306 1711 mise-

1757 1741 1836 1793 ria
1864 1738 2279 1809 disputationem
2303 1742 2602 1798 instituere.
2644 1742 2756 1799 lloc
2782 1745 2828 1799 si
2862 1747 2957 1801 tibi
2974 1745 3180 1803 Clinias
3206 1748 3308 1802 iste

110 1854 221 1913 των
242 1836 545 1908 συμψωνία,
586 1837 711 1906 μιᾶς
748 1833 968 1895 εἰκότως
998 1833 1188 1895 αὐτοὺς
1210 1831 1303 1885 καὶ
1342 1830 1438 1900 τῆς
1466 1844 1659 1897 προση·

1758 1830 1825 1882 de
1851 1830 1977 1895 diis,
2012 1845 2075 1885 ac
2103 1840 2324 1887 senatus
2358 1833 2445 1888 hic
2468 1843 2651 1889 noster
2674 1835 2850 1893 omnis
2873 1837 3192 1907 persuadere
3213 1854 3310 1909 po-

112 1929 301 2000 γοριας
327 1928 621 1995 ἀξιώσειεν.
1689 1918 1709 1971 1

1764 1922 1943 1983 tuerit,
1984 1921 2191 1976 nescire
2217 1930 2267 1977 te
2287 1923 2415 1992 quid
2446 1925 2687 1995 loquare,
2701 1927 2972 1996 singulare
2998 1943 3027 1982 a
3053 1928 3160 1983 Deo
3189 1931 3309 1999 ipso
3388 1936 3393 1940 ‘

112 2018 429 2074 beneficium
460 2016 749 2085 acceperis.
804 2012 897 2067 Sin
931 2010 1159 2080 longiori
1192 2010 1369 2064 adhuc
1406 2012 1653 2064 oratione
1690 2025 1827 2078 opus
1859 2010 2100 2079 habebis,
2141 2028 2239 2083 age
2280 2030 2465 2085 porro,
2520 2032 2727 2088 nosque
2785 2019 2848 2075 de
2880 2023 3038 2075 tertio
3087 2022 3177 2076 illo
3200 2024 3309 2077 dis-

113 2120 390 2174 serentes,
422 2110 470 2165 si
511 2109 639 2179 quid
671 2107 893 2163 omnino
945 2105 1137 2159 mentis
1202 2104 1387 2168 habes,
1424 2103 1659 2156 attende.
1694 2122 1711 2153 ι
1758 2102 1879 2158 Ilaec
1912 2104 2083 2159 Plato.
2141 2106 2379 2172 Quorum
2417 2124 2548 2164 sane
2597 2126 2786 2174 mens,
2833 2113 2880 2167 si
2925 2113 3105 2168 minus
3149 2112 3313 2168 verba

115 2206 256 2274 ipsa,
305 2203 475 2258 multo
516 2212 639 2256 ante
694 2198 1034 2255 Hebraeorum
1068 2198 1314 2252 exstabat
1348 2198 1401 2250 in
1437 2196 1648 2259 litteris,
1690 2196 1782 2249 sed
1820 2197 2133 2254 brevissime
2161 2215 2225 2255 ac
2272 2201 2617 2270 paucissimis
2662 2206 2888 2260 vocibus
2923 2205 3311 2275 comprehensa

112 2297 400 2352 sententia.
449 2294 582 2349 Nam
631 2295 759 2349 illud
807 2294 1052 2363 quidem,
1085 2311 1102 2342 ι
1138 2291 1245 2347 Nec
1286 2290 1659 2361 tam-pusillus
1699 2291 1815 2357 fies,
1848 2300 1907 2346 ut
1931 2292 2001 2348 ab
2033 2293 2151 2360 ejus
2183 2304 2237 2350 te
2284 2297 2460 2352 oculis
2502 2298 2557 2352 in
2602 2298 2815 2353 abditos
2844 2308 3000 2354 terra
3046 2299 3201 2354 sinus
3229 2299 3311 2352 la-

116 2391 405 2460 tebrasque
437 2390 741 2454 subducas;
779 2405 875 2442 nec
924 2404 1049 2441 vero
1080 2397 1189 2441 tam
1250 2387 1497 2441 sublimis
1518 2427 1532 2451 ,
1565 2396 1625 2441 ut
1666 2388 1717 2441 in
1779 2389 1978 2463 malum
2001 2394 2230 2457 evoles,»
2254 2390 2401 2447 dicto
2430 2392 2555 2448 huic
2583 2393 2836 2449 Davidico
2857 2394 3160 2464 proximum
3187 2406 3306 2449 est:

123 2506 139 2536 ι
166 2484 293 2562 (ξιιο⁸
319 2486 408 2539 ibo
436 2500 467 2539 a
493 2485 679 2554 spiritu
714 2485 841 2537 tuo?
872 2492 925 2537 et
953 2497 1058 2551 quo
1080 2498 1110 2536 a
1141 2482 1275 2536 t‘acie
1338 2490 1427 2535 tua
1476 2480 1717 2549 fugiam?
1754 2480 1807 2534 Si
1836 2484 2128 2536 ascendero
2160 2464 2212 2537 in
2242 2485 2459 2550 coelum,
2497 2494 2552 2539 tu
2579 2487 2685 2540 illic
2708 2502 2797 2551 es;
2828 2488 2873 2541 si
2903 2488 3231 2542 descendero
3256 2488 3311 2540 in

120 2579 416 2641 infernum,
445 2580 591 2633 ades.
627 2578 683 2632 Si
710 2591 989 2645 sumpsero
1017 2590 1241 2645 pennas,
1271 2584 1324 2629 et
1351 2574 1664 2629 habitavero
1704 2576 1755 2628 in
1806 2577 2060 2631 extremis
2093 2579 2289 2643 maris;
2331 2580 2528 2634 etenim
2562 2581 2686 2636 illuc
2717 2598 2909 2637 manus
2968 2590 3057 2636 tua
3090 2582 3315 2642 deducet

116 2684 204 2723 me
231 2671 319 2736 ¹;ι
357 2669 549 2724 deinde
577 2670 679 2723 hoc
709 2667 945 2736 ejusdem
975 2666 1243 2735 prophetae
1290 2684 1303 2718 :
1340 2664 1507 2718 «Coeli
1556 2676 1811 2720 enarrant
1840 2669 2062 2737 gloriam
2100 2668 2215 2734 Dei,
2254 2679 2309 2725 et
2356 2686 2520 2740 opera
2584 2688 2838 2726 tnanuum
2871 2673 2990 2743 ejus
3031 2674 3314 2727 annuntiat

114 2763 513 2820 ﬁrmamentum
542 2763 594 2827 ’ς
638 2782 655 2812 ι
689 2763 921 2830 itemque
948 2761 1073 2814 illud
1116 2760 1303 2814 Isaiae:
1344 2777 1363 2809 ι
1400 2758 1592 2813 Tollite
1616 2760 1667 2812 in
1707 2762 1875 2816 altum
1919 2762 2107 2818 oculos
2144 2773 2376 2829 vestros,
2436 2775 2490 2820 et
2552 2766 2743 2831 videte,
2777 2768 2901 2837 quis
2924 2768 3157 2822 ostendit
3198 2769 3315 2823 bac

114 2854 302 2908 omnia
328 2856 381 2919 ⁸;
423 2871 440 2903 ι
472 2854 690 2908 ethoc:
721 2869 740 2903 ι
766 2852 837 2905 Ex
902 2850 1268 2921 magnitudine
1310 2860 1364 2905 et
1404 2850 1801 2919 pulchritudine
1845 2864 2214 2909 creaturarum
2264 2855 2487 2909 Creator
2539 2873 2660 2912 cum
2716 2851 3062 2928 proportione
3104 2870 3314 2928 speeta-

117 2956 206 3000 tur
231 2947 281 3012 ⁶;
316 2965 334 2997 ι
366 2956 419 2999 et
445 2948 582 3000 hoc:
620 2964 638 2996 ι
669 2946 957 3000 Invisibilia
1007 2947 1146 3000 enim
1173 2947 1289 3014 ejus
1333 2961 1364 2999 a
1405 2956 1652 3001 creatura
1692 2948 1897 3008 mundi.
1935 2964 2030 3017 per
2078 2949 2190 3004 haec
2235 2966 2356 3019 quas
2407 2951 2545 3006 facta
2602 2963 2760 3018 sunt,
2809 2954 3073 3008 intellecta
3098 2955 3313 3025 conspi-

114 3038 359 3097 ciuntur,
401 3038 723 3106 sempiterna
770 3051 981 3105 quoque
1025 3036 1144 3105 ejus
1176 3036 1343 3089 virtus
1397 3050 1458 3091 ac
1513 3037 1769 3091 divinitas
1796 3040 1850 3103 ';
1882 3056 1901 3089 ι
1941 3048 2214 3107 postremo
2242 3042 2382 3095 istud
2414 3061 2428 3095 :
2463 3061 2481 3093 ι
2520 3041 2700 3096 Zelavi
2748 3058 2908 3112 super
2947 3045 3185 3113 iniquos,
3216 3061 3313 3115 pa-

115 3146 238 3185 rens
266 3142 602 3201 peccatorum
633 3131 817 3185 videns
840 3138 901 3182 σε
943 3148 963 3181 ι
1003 3130 1115 3184 hac
1152 3132 1333 3184 omnia
1387 3132 1764 3200 interpretatus
1819 3133 2029 3188 videtur
2081 3133 2233 3189 Plato
2263 3136 2388 3190 dum
2425 3138 2519 3202 ait,
2555 3156 2572 3187 ι
2613 3137 2724 3192 Hoc
2770 3139 2944 3208 ipsum
2975 3140 3068 3194 tibi
3104 3140 3171 3194 de
3209 3139 3317 3195 illis

115 3240 337 3294 quoque
363 3228 701 3280 statuendum
729 3234 829 3287 est,
849 3236 983 3292 quos
1040 3231 1096 3276 tu
1127 3236 1277 3277 cum‘
1315 3239 1380 3277 ex
1425 3225 1606 3292 parvis
1663 3240 1887 3294 magnos
1932 3230 2199 3293 evasisse,
2249 3239 2371 3299 post
2414 3246 2573 3299 grave
2615 3232 2828 3302 aliquod
2876 3234 3201 3303 impietatis,
3230 3236 3315 3289 vel

115 3321 345 3375 alterius
373 3321 590 3375 sceleris
608 3319 906 3388 exemplum
939 3319 1166 3381 videres,
1197 3320 1378 3372 beatos
1404 3333 1468 3371 ex
1520 3320 1732 3373 miseris
1768 3319 1939 3385 factos
1971 3323 2217 3390 putabas.
2253 3342 2270 3374 ι
2306 3325 2381 3378 Ac
2410 3334 2600 3379 etetera
2641 3342 2761 3395 quae
2815 3328 3059 3381 eamdem
3086 3325 3138 3378 in
3193 3341 3317 3381 sen—

113 3411 342 3464 tentiam
392 3413 531 3465 dicta
580 3418 728 3473 sunt,
788 3412 840 3466 in
900 3409 1240 3468 Hebraeorum
1300 3412 1646 3465 monimentis
1711 3411 1971 3465 fusiorem
2029 3413 2173 3466 illam
2219 3412 2455 3471 Platonis
2504 3419 2913 3486 explicationem
2963 3426 3314 3487 occuparunt.

114 3502 254 3565 Qua:
303 3513 357 3556 tu
410 3503 651 3570 singula,
684 3503 729 3557 si
762 3512 1013 3556 accurate
1068 3517 1129 3556 ac
1182 3502 1464 3570 diligenter
1508 3502 1794 3571 expendes,
1830 3518 1954 3556 cum
2018 3503 2363 3559 Hebraeorum
2420 3508 2665 3561 doctrina
2718 3510 3023 3564 consentire
3059 3511 3313 3580 reperies.

62 3604 65 3605 '
116 3591 467 3645 Hebreorum
493 3600 668 3645 autem
702 3589 956 3643 librorum
1017 3591 1265 3650 nomine,
1295 3606 1401 3645 non
1464 3590 1576 3645 sola
1629 3590 1829 3661 Moysis
1871 3596 2089 3648 oracula
2141 3596 2396 3665 intelligo,
2432 3598 2523 3651 sed
2576 3600 2802 3651 aliorum
2852 3601 3012 3654 etiam
3058 3602 3148 3671 qui
3194 3610 3317 3671 post

112 3703 246 3742 eum
280 3691 563 3756 scripsere,
615 3686 888 3739 hominum
948 3684 1055 3739 Deo
1110 3686 1579 3748 charissimorum,
1636 3701 1729 3740 seu
1771 3689 2061 3757 prophetae,
2111 3704 2207 3743 seu
2256 3691 2422 3744 nostri
2471 3708 2687 3760 quoque
2738 3691 3038 3748 Servatoris
3089 3694 3312 3763 apostoli

116 3784 359 3847 fuerint,
409 3784 606 3852 quibus
670 3782 739 3835 ob
818 3796 1080 3835 summam
1148 3782 1455 3852 dogtnatum
1532 3782 1982 3847 consensionem,
2036 3800 2141 3838 una
2228 3798 2388 3851 atque
2462 3787 2646 3840 eadem
2710 3788 2994 3857 appellatio
3045 3785 3165 3856 jure
3221 3788 3315 3842 tri-

117 3880 345 3932 buntur.

191 3996 209 4025 ¹
250 3991 392 4047 Psal.
422 4007 681 4056 cunni,
722 3992 775 4044 7.
851 3993 871 4022 ¹
906 3990 1046 4046 Psal.
1076 4006 1225 4055 xvtn,
1255 3990 1307 4043 ἓ.
1384 3991 1404 4021 ³
1432 3988 1535 4043 Isa.
1567 4004 1653 4054 ιι,
1681 3988 1709 4041 Ξ

1757 4028 1769 4040 .
1849 3986 1869 4017 ’⁵
1898 3987 2024 4055 Sap.
2060 4002 2176 4053 xm,
2206 3988 2258 4039 5.
2332 3989 2353 4019 ⁸
2385 3988 2541 4083 Ilum.
2578 4004 2614 4054 ι,
2641 3989 2729 4043 20.
2806 3990 2828 4021 ⁸
2858 3988 3001 4043 Psal.
3032 4005 3199 4054 usti,
3226 3991 3277 4043 3.

507 4304 1809 4461 ΠΡΟΠΑΡΑΣΚΕΥΗΣ
1866 4336 2919 4458 ΕΥΑΓΓΕΛΙΚΗΣ

1018 4562 1443 4647 ΒΙΒΛΙΟΝ
1519 4559 2490 4649 ΤΡΙΣΚΑΙΔΕΚΑΤΟΝ.

623 4920 1699 5040 ΡΒᾹΞΡΑΒΑΤΙΟΝΙ

1753 4922 1785 5033 ἰ
1894 4917 2832 5035 EVANGELlC/E

918 5168 1278 5258 LIBER
1358 5159 1877 5253 DECIMUS
1926 5157 2493 5252 TERTIUS.

120 5522 312 5574 ΤΑΔΕ
362 5519 698 5572 ΠΕΡΙΕΧΕΙ
752 5516 1510 5641 rguzggzxuwmrozv
1556 5524 1661 5577 BI—

111 5686 184 5734 α’.
250 5679 441 5744 Ὅπως
493 5682 526 5747 ό
583 5677 825 5733 Πλάτων
879 5677 988 5744 τῆς
1050 5678 1402 5747 Ἑλληνικῆς
1460 5684 1659 5735 θεολο-
1769 5688 1818 5741 1.

187 5749 356 5889 ἷιιίαῗὲυ
386 5746 687 5817 ἁπήλεγχε
740 5749 850 5816 τὴν
907 5748 1172 5802 ἀτοπίαν.
1242 5746 1359 5803 Ἐκ
1400 5750 1503 5803 τοῦ
1566 5752 1660 5803 Τι-

1869 5531 2028 5603 637
2070 5526 2276 5583 LIBRI
2316 5521 2585 5579 DECIMI
2627 5519 2875 5576 TERTII
2914 5518 3200 5575 CAPITA.

1860 5681 2496 5751 Quemadmodumfﬁl’lato
2544 5679 2739 5734 Curta:
2786 5680 3050 5751 theologia:
3087 5682 3307 5749 ineptias

1838 5757 2149 5824 coarguerit.
2188 5753 2269 5806 Ea:
2300 5750 2521 5807 Timaeo.
