4004 6342
717 408 850 464 4071
1360 407 1623 462 EUSEBII
1663 407 2130 462 CA‘ZSARIENSIS
2168 407 2312 460 Ol'P.
2355 406 2529 461 PARS
2570 405 2631 460 ΙΙ.
2671 439 2740 446 -
2779 408 3265 465 APOLOGETICA.
3773 403 3903 457 ΑΙοῊ

704 533 831 585 nino
883 530 1140 599 sequitur.
1182 557 1249 569 —-
1279 529 1356 581 An
1392 545 1516 582 vero
1559 545 1652 595 per
1697 545 1812 585 sese
1854 530 2032 584 varias
2067 528 2224 598 645

2331 529 2499 588 Πᾶσα,
2531 528 2653 597 ἔφη,
2690 529 2896 598 ἀνάγκη
2928 529 3109 597 ἔμοιγε
3154 530 3316 580 δοκεῖ.
3338 557 3402 566 -
3427 527 3627 595 Μηδεὶς
3678 526 3822 593 ἄρα,
3856 518 3905 589 ἦν

702 623 820 676 illas
841 623 922 677 sui
952 623 1272 676 mutationes
1297 631 1348 674 et
1369 623 1749 678 conversiones
1781 622 2006 676 eﬂiciet?
2032 651 2098 662 —
2120 620 2229 672 Elli-

2333 619 2377 670 δ’
2408 619 2534 686 ἐγὼ,
2561 613 2604 670 ὦ
2636 619 2840 688 ἄριστε,
2866 621 3070 686 λεγέτω
3102 621 3232 689 ἡμῖν
3258 618 3364 670 τῶν
3389 618 3645 686 ποιητῶν,

698 714 819 776 ciet,
858 713 1046 781 inquit,
1079 713 1122 765 si
1157 712 1371 781 quando
1399 712 1804 767 mutabitur.—
1831 711 2020 766 Utrum
2083 711 2242 779 igitur
2274 708 2325 760 in
2365 709 2554 762 melius
2612 724 2730 762 sese
2789 709 2987 777 aliquid
3028 709 3475 787 pra-stantiusque
3523 706 3795 764 mutabit,
3850 719 3902 755 an

699 815 882 858 contra
950 807 1003 859 in
1051 806 1284 859 deterius
1339 821 1400 859 ac
1461 806 1710 874 turpius?
1754 833 1824 845 -—-
1863 805 1919 858 In
1970 804 2226 865 deterius,
2302 803 2502 870 inquit,
2555 802 2888 866 necessario,
2940 803 2982 856 si
3035 811 3288 855 mutetur.
3348 801 3573 870 Quippe,
3617 811 3902 865 nunquam

697 898 832 951 enim
895 897 1002 950 Deo
1058 896 1464 965 pulchritudinis
1515 897 1802 965 quidquam
1859 904 1950 950 aut
2013 895 2221 948 virtutis
2261 894 2444 947 deesse
2494 894 2810 946 dixerimus.
2846 922 2914 931 —-
2947 892 3265 946 Rectissime
3322 891 3580 959 loqueris,
3643 890 3896 955 inquam~

697 987 829 1053 Sed,
883 1003 1003 1042 cum
1065 988 1165 1041 hoc
1216 987 1286 1040 ita
1340 988 1427 1051 sit,
1481 1004 1607 1040 num
1658 988 1781 1050 tibi,
1835 1003 1869 1041 o
1923 987 2224 1050 Adimante,
2295 986 2456 1039 Deum
2501 986 2784 1054 quisquam
2829 992 2918 1035 aut
2966 984 3264 1045 hominum,
3311 997 3424 1035 sese
3469 981 3750 1033 ullatenus
3817 979 3898 1026 du-

697 1080 941 1141 leriorem
995 1079 1133 1131 ultro
1180 1076 1416 1132 facturus
1470 1060 1803 1132 νὶάὸιυτῗ-
1836 1076 1975 1132 Fieri
2041 1093 2145 1131 non
2202 1085 2394 1145 potest,
2463 1074 2652 1142 inquit.
2701 1103 2768 1111 ——
2808 1071 2914 1126 Nec
2954 1073 3070 1156 heri
3113 1088 3242 1141 ergo
3299 1079 3492 1139 potest,
3527 1071 3792 1137 inquam,
3827 1069 3891 1117 uti

699 1172 835 1229 Deus
869 1187 925 1226 se
954 1173 1124 1241 ipsum
1153 1181 1359 1226 mutare
1388 1173 1513 1225 velit
1543 1190 1555 1226 :
1590 1172 1681 1249 sed
1709 1173 1907 1240 potius,
1939 1180 1996 1225 ut
2046 1172 2229 1240 liquet,
2270 1171 2486 1223 deorum
2535 1167 2730 1238 quivis,
2757 1182 2877 1221 cum
2906 1182 3000 1236 pro
3052 1182 3110 1221 se
3133 1181 3292 1235 quam
3327 1165 3728 1233 pulcherrimus
3761 1165 3899 1228 quis-

698 1281 819 1335 que,
870 1276 1027 1336 atque
1075 1270 1308 1338 optimus
1348 1271 1434 1335 sit,
1487 1272 1567 1325 sui
1613 1287 1818 1339 semper
1877 1270 2098 1325 omnino
2165 1268 2355 1322 similis
2408 1266 2654 1333 idemque
2710 1272 2909 1318 manet.
2940 1293 3010 1304 -—
3055 1262 3282 1317 Prorsus
3313 1264 3414 1316 hoc
3457 1261 3588 1314 mihi
3634 1273 3898 1314 necessa-

699 1361 835 1414 rium
867 1362 1093 1416 videtur.
1146 1393 1217 1404 -—-
1251 1364 1467 1419 Desinat
1507 1381 1656 1436 ergo,
1705 1366 1785 1419 vir
1825 1366 2043 1435 optime,
2076 1373 2229 1433 poeta
2267 1361 2513 1431 quilibet,
2542 1361 2679 1412 istnc
2708 1358 2864 1411 nobis
2893 1357 3158 1421 occinerc,

1194 1508 1244 1519 -—
1285 1479 1561 1548 Peregrina
1591 1480 1804 1532 numina
1837 1479 2001 1538 cultu.

700 1545 1005 1615 Omnigenos
1046 1547 1229 1600 induta
1264 1545 1489 1611 habitus,
1529 1563 1706 1602 nostra
1743 1549 1930 1616 oppida
1975 1549 2223 1600 lustrant.

699 1653 802 1708 Nec
834 1656 973 1711 ullus
1005 1657 1058 1709 in
1098 1665 1370 1725 posterum
1403 1659 1468 1712 de
1497 1658 1690 1712 Proteo
1721 1674 1783 1712 ac
1824 1657 2045 1712 Thetide
2076 1674 2225 1712 men-

698 1744 845 1798 dacia
870 1745 970 1799 ista
999 1747 1267 1816 contingat
1293 1765 1306 1800 :
1336 1763 1432 1802 nec
1459 1749 1510 1800 in
1540 1748 1830 1813 tragmdiis,
1857 1756 1947 1799 aut
1973 1747 2076 1799 alio
2103 1762 2227 1815 poc-

2432 1476 2521 1538 Ὧς
2560 1471 2676 1527 Οεοι
2716 1471 3002 1534 ξείνοισιν
3039 1468 3147 1537 (80)
3184 1467 3436 1538 ἐοικότες
3474 1465 3895 1529 (ληίδα-τοῖσι,

2407 1536 2677 1596 Παῗτοῖοι
2715 1536 3071 1604 τελέθογτεςί,
3105 1536 3511 1605 ἐπιστρωφῶσι
3545 1539 3833 1601 πόληας·

2331 1653 2476 1723 Μηδέ
2513 1653 2772 1721 Πρωτέως
2819 1668 2876 1702 τε
2933 1651 3027 1703 καὶ
3069 1649 3281 1709 Θέτιδος
3335 1638 3757 1717 καταψευδέσθω
3798 1664 3894 1716 μη-

2330 1745 2469 1806 δείς⁶
2528 1743 2646 1812 μηδ’
2706 1745 2762 1794 ἐν
2826 1741 3173 1811 τραγῳδίαις,
3243 1740 3360 1810 μηδ’
3433 1741 3490 1791 ἐν
3547 1743 3658 1801 τοῖς
3713 1740 3894 1802 ἄλλοις

697 1835 852 1888 matis
880 1851 1068 1905 genere
1094 1835 1358 1891 Junonem
1395 1837 1716 1903 introducat,
1767 1853 1887 1906 quin
1934 1839 2228 1892 sacerdotis

2338 1835 2631 1903 ποιήμασιν
2663 1833 2926 1898 εἰσαγέτω
2947 1833 3123 1902 ’Ἦραν
3156 1831 3513 1899 ἠλλοιωμένην
3540 1830 3614 1892 ὡς
3660 1830 3889 1898 ἱέρειαν,

697 1925 751 1976 in
802 1925 1031 1992 speciem
1080 1926 1413 1996 formamque
1463 1936 1687 1993 mutata,
1714 1928 1868 1981 almis
1902 1928 2004 1982 illis
2046 1928 2225 1982 Inachi

698 2017 876 2085 Argivi
924 2016 1070 2070 ﬂuvii
1116 2018 1297 2072 liberis
1335 2019 1526 2087 stipem
1567 2028 1832 2089 corroget.
1865 2017 1988 2072 llzec
2020 2021 2228 2088 aliaque

699 2106 748 2156 id
782 2115 947 2172 genus
996 2114 1240 2158 sexcenta
1293 2120 1447 2159 nemo
1492 2106 1742 2174 deinceps
1795 2106 2103 2159 mentiatur.
2133 2107 2228 2158 Ca-

697 2202 854 2246 veant
896 2203 1148 2262 praeterea
1201 2203 1430 2258 matres,
1488 2211 1556 2249 ne
1603 2195 1794 2250 hausta
1845 2195 2008 2249 semel
2049 2210 2226 2249 rerum

699 2285 924 2338 istarum
974 2285 1223 2350 Opinione
1275 2284 1452 2338 ﬁliolis
1502 2293 1760 2338 terrorem
1803 2284 2067 2353 injiciant,
2099 2285 2227 2338 dum

697 2374 960 2442 ejusmodi
1016 2383 1314 2429 commenta
1368 2390 1642 2444 perperam
1703 2373 2044 2439 fabulantur,
2098 2375 2227 2428 deos

701 2474 857 2517 noctu
895 2465 1178 2518 nonnullos
1207 2465 1456 2518 oberrare
1483 2465 1783 2533 omnigenis
1828 2464 2131 2532 hospitibus
2155 2465 2230 2516 si-

699 2555 872 2619 miles,
906 2569 972 2608 ne
997 2555 1158 2608 simul
1185 2555 1442 2623 injuriose
1471 2556 1536 2608 de
1577 2555 1680 2608 diis
1707 2555 1972 2623 impieque
1999 2555 2224 2623 loquan-

700 2654 806 2707 tur,
851 2643 1009 2696 simul
1037 2643 1230 2698 liberos
1252 2659 1462 2711 quoque
1498 2660 1624 2698 suos
1664 2645 2087 2699 meticulosiores
2113 2645 2228 2698 elli-

700 2732 861 2784 ciant.
891 2760 959 2768 —
980 2730 1286 2785 Cavendum
1317 2732 1365 2786 id
1394 2747 1542 2794 sane,
1580 2732 1770 2800 inquit.
1811 2762 1878 2770 —
1911 2731 2047 2786 Num
2080 2748 2225 2796 vero,

702 2823 940 2889 inquam,
975 2822 1047 2876 dii
1082 2830 1139 2874 ut
1179 2833 1366 2890 suapte
1412 2831 1600 2876 natura
1629 2823 1823 2875 mutari
1862 2837 1967 2875 non
1998 2824 2223 2890 possint,

634 2965 638 2970 ,
700 2906 752 2959 id
808 2916 982 2960 tamen
1045 2906 1382 2963 illusionibus
1441 2924 1504 2963 ac
1565 2910 1846 2978 prastigiis
1905 2911 2224 2978 quibusdam

701 3005 880 3062 agunt,
917 2995 1072 3049 nobis
1107 3009 1162 3048 ut
1187 2997 1328 3049 omni
1367 2996 1658 3052 formarum
1702 3013 1894 3068 genere
1935 3001 2104 3054 induti
2143 3002 2222 3052 vi-

702 3083 971 3136 deantur?
989 3108 1054 3120 —-
1077 3081 1236 3137 Forte
1256 3099 1344 3147 an,
1377 3085 1573 3153 inquit.
1599 3115 1669 3126 —-
1696 3086 1807 3156 Ego
1847 3104 1993 3153 vero,
2018 3089 2228 3144 Fierine

701 3172 892 3239 possit,
925 3171 999 3224 uti
1029 3172 1167 3224 Deus
1195 3182 1285 3224 aut
1306 3170 1503 3236 verbis,
1532 3181 1624 3225 aut
1651 3185 1708 3227 re
1749 3176 1861 3242 ipsa
1895 3177 2131 3230 inanium
2164 3179 2226 3231 ii-

705 3275 955 3327 gurarum
1007 3260 1212 3328 objecta
1255 3261 1430 3329 specie
1469 3263 1680 3316 mentiri
1715 3267 1880 3318 velit?
1910 3296 1978 3320 τ-
2015 3266 2226 3333 Nescio,

702 3348 894 3417 inquit.
925 3378 994 3387 —
1021 3347 1204 3403 Nescis
1235 3357 1312 3415 tu,
1354 3350 1591 3419 inquam,
1617 3368 1782 3422 genus
1807 3356 1906 3410 hoc
1943 3360 2225 3423 mendacii,

703 3439 976 3503 omnibus,
1005 3448 1062 3491 ut
1085 3438 1155 3491 ita
1193 3439 1400 3508 loquar,
1431 3441 1533 3495 diis
1562 3451 1615 3495 et
1659 3443 1962 3511 hominibus
1995 3447 2226 3502 invisum

703 3529 854 3582 esse?
895 3557 964 3565 —
1003 3527 1213 3581 Clarius
1255 3530 1393 3583 istuc
1426 3531 1667 3585 obsecro.
1715 3563 1784 3574 -—
1823 3532 2107 3601 Nimirum,
2143 3540 2228 3592 in-

705 3633 888 3685 quam,
920 3631 1077 3669 nemo
1107 3624 1187 3669 est
1212 3617 1471 3683 omnium,
1497 3619 1587 3686 qui
1616 3620 1861 3688 libenter,
1884 3632 1938 3676 et
1965 3635 2112 3692 parte
2145 3629 2228 3680 sui

705 3709 991 3776 prazcipua,
1027 3716 1081 3761 et
1119 3708 1398 3778 praecipuis
1423 3710 1475 3763 in
1509 3712 1668 3766 rebus
1696 3710 1804 3766 falli
1835 3715 1976 3780 velit,
2006 3717 2114 3772 imo
2137 3719 2229 3788 qui

707 3812 811 3851 non
840 3815 1004 3866 genus
1045 3800 1142 3854 hoc
1179 3802 1438 3855 mendacii
1477 3817 1584 3870 prie
1623 3807 1827 3859 cazteris
1867 3809 2117 3864 omnibus
2155 3828 2232 3866 re-

705 3885 974 3940 formidet.
1005 3917 1071 3926 —
1113 3886 1189 3942 Ne
1217 3904 1359 3943 nunc
1389 3891 1622 3958 quidem,
1666 3893 1857 3961 inquit,
1896 3899 2026 3951 satis
2060 3900 2111 3953 id
2149 3917 2230 3953 ca-

705 3979 814 4048 pio.
856 4008 924 4018 -—
955 3977 1229 4044 Videlicet,
1272 3980 1508 4049 inquam,
1551 3983 1745 4036 mirum
1795 4003 1878 4040 me
1922 3989 2120 4058 aliquid
2158 3991 2232 4044 di-

706 4086 829 4126 cere
859 4071 1156 4126 arbitraris.
1211 4071 1323 4141 Ego
1368 4088 1494 4128 vero
1533 4075 1694 4146 646
1723 4087 1927 4131 tantum
1963 4081 2063 4134 hoc
2087 4081 2229 4145 dico,

708 4163 778 4215 ita
814 4171 1147 4230 comparatos
1175 4177 1361 4217 omnes
1383 4179 1521 4230 esse,
1551 4174 1609 4218 ut
1632 4166 1683 4219 in
1716 4182 1894 4220 rerum
1926 4171 2232 4225 notionibus

708 4252 1079 4318 informandis,
1104 4255 1184 4307 vel
1229 4254 1398 4323 decipi
1429 4270 1505 4318 se,
1549 4258 1630 4310 vel
1660 4258 1908 4327 deceptos
1946 4260 2232 4328 aliquando

707 4358 846 4408 esse,
895 4344 1131 4411 adeoque
1176 4345 1471 4413 ignorantia
1517 4345 1782 4413 laborare,
1813 4361 2234 4420 conceptumque

709 4432 1042 4486 mendacium
1089 4433 1267 4485 animo
1309 4431 1510 4498 fovere,
1539 4449 1645 4486 non
1681 4445 1886 4488 tantum
1919 4440 2234 4505 permoleste

2331 1925 2653 1994 ἀγείρουσαν
2689 1923 2885 1991 Ἰνάχου
2923 1922 3161 1992 Ἀργείου
3211 1919 3451 1989 ποταμοῦ
3496 1921 3648 1972 παισὶ
3694 1918 3888 1986 βιοδώ-

2338 2033 2479 2086 ροις·
2511 2016 2603 2068 καὶ
2627 2014 2759 2067 ἄλλα
2785 2013 3005 2066 τοιαῦτα
3034 2012 3200 2063 πολλὰ
3227 2011 3298 2081 μὴ
3329 2014 3458 2080 ἡμῖν
3485 2011 3884 2078 ψευδέσθωσαν.

2298 2090 2309 2102 ’
2342 2106 2480 2175 Μηδ⁹
2512 2101 2576 2158 αὖ
2616 2104 2720 2155 ὑπὸ
2757 2103 2956 2155 τούτων
3004 2101 3417 2170 ἀναπειθόμεναι
3455 2101 3507 2152 αἱ
3550 2100 3796 2168 μητέρες
3828 2101 3888 2150 τὰ

2331 2198 2516 2250 παιδία
2561 2195 3044 2265 ἐκδειματούντων,
3087 2194 3335 2262 λέγουσαι
3378 2193 3501 2254 τοὺς
3541 2191 3745 2260 μύθους
3790 2208 3883 2242 κα-

2332 2289 2460 2350 κῶς,
2486 2287 2560 2349 ὡς
2588 2288 2693 2355 ἄρα
2729 2286 2838 2337 Θεοί
2866 2303 3007 2347 τινες
3033 2286 3402 2354 περιέρχονται
3435 2284 3642 2352 νύκτωρ
3669 2283 3882 2344 πολλοῖς

2330 2374 2494 2438 ξένοις
2541 2375 2631 2426 καὶ
2680 2372 3032 2433 παντοδαποῖς
3087 2371 3464 2441 ἰνδαλλόμενοι,
3519 2371 3602 2422 ἵνα
3640 2371 3714 2439 μὴ
3771 2372 3881 2439 ἅμα

2329 2467 2513 2536 μένείς
2532 2465 2681 2526 θεοὺς
2699 2463 3099 2533 βλασφημῶσιν,
3129 2462 3243 2532 ἅμα
3267 2462 3322 2514 δὲ
3341 2465 3463 2525 τοὺς
3488 2462 3676 2522 παῖδας
3708 2464 3882 2530 ἀπερ-

2336 2555 2601 2623 γάζωνται
2629 2555 2973 2624 δειλοτέρους.
2995 2584 3062 2593 -ο
3081 2555 3170 2622 Μὴ
3197 2552 3323 2622 γὰρ,
3353 2553 3473 2620 ἔφη.
3496 2578 3566 2593 -
3593 2551 3731 2603 Ἀλλ’
3754 2549 3876 2620 ἆρα,

2332 2643 2398 2716 ἦν
2428 2645 2470 2697 δ’
2503 2643 2631 2711 ἐγὼ,
2680 2645 2828 2695 αὐτοὶ
2863 2644 2959 2712 μὲν
2989 2645 3038 2696 οἱ
3069 2642 3179 2694 θεοί
3211 2643 3344 2693 εἰσιν
3373 2637 3474 2694 οἶοι
3511 2643 3580 2710 μὴ
3613 2641 3871 2710 μεταϐαλ-

2330 2738 2459 2798 λειν,
2495 2737 2637 2804 ἡμᾶς
2661 2735 2717 2785 δὲ
2743 2734 2947 2786 ποιοῦσι
2975 2734 3145 2785 δοκεῖν
3180 2751 3320 2801 σφας
3354 2733 3720 2792 παντοδαποὺς
3757 2735 3876 2798 φαί-

2324 2826 2524 2890 νεσθαι,
2548 2823 2912 2888 ἐξαπατῶντες
2932 2827 3022 2878 καὶ
3043 2827 3386 2895 γοητεύοντες
3411 2842 3425 2887 ;
3454 2827 3703 2885 -“Ἰσως,
3753 2826 3874 2892 ἔτη.

2327 2918 2389 2968 Τί
2438 2917 2521 2980 δέ;
2567 2912 2633 2985 ἦν
2677 2915 2719 2966 δ’
2757 2915 2895 2982 ἐγὼ,
2936 2916 3217 2984 ψεύδεσθαι
3247 2919 3274 2968 ὁ
3317 2916 3446 2978 Θεὸς
3490 2915 3656 2966 ἐθέλοι
3701 2914 3877 2976 ἂν,-

2325 3008 2358 3076 ἣ
2386 3005 2574 3074 λόγῳῆ
2604 3005 2745 3074 ἔργῳ
2773 3007 3125 3074 φαντάσματα
3143 3007 3435 3075 προτεξνων
3462 3022 3478 3069 ;
3501 3035 3566 3044 --
3593 3006 3703 3057 Οὐκ
3737 3003 3873 3065 οἶδα,

2328 3093 2410 3165 ἧδ’
2433 3095 2508 3156 ὃς.
2531 3123 2598 3133 —
2618 3095 2728 3145 Οὐκ
2752 3090 2902 3145 οἶσθα
2920 3134 2934 3157 ,
2963 3091 3028 3163 ἦν
3056 3096 3099 3146 δ’
3130 3095 3256 3161 ἐγὼ,
3280 3096 3358 3146 ὅτι
3390 3095 3448 3146 τό
3479 3110 3541 3160 γε
3567 3093 3640 3156 ὡς
3667 3094 3877 3162 ἀληθῶς

2337 3184 2552 3251 ψεῦδος,
2590 3185 2636 3234 εξ
2669 3177 2777 3233 οἷόν
2817 3200 2875 3234 τε
2905 3184 3049 3235 τοῦτ’
3083 3185 3271 3243 εἰπεῖν,
3317 3183 3513 3243 πάντες
3545 3182 3653 3234 θεοί
3692 3199 3751 3233 τε
3787 3185 3874 3233 καὶ

2333 3269 2598 3339 ἅνθρωποι
2617 3269 2828 3338 μισοῦσι
2846 3287 2858 3331 ;
2879 3269 3098 3335 -Πὼς,
3118 3271 3219 3338 ἔφη
3243 3310 3258 3333 ,
3277 3269 3450 3336 λέγεις
3469 3285 3482 3331 ;
3501 3298 3568 3307 -—
3587 3269 3790 3332 Οὕτως,
3812 3268 3873 3338 ἦν

2332 3358 2377 3409 δ’
2413 3359 2541 3426 ἐγὼ,
2585 3360 2663 3410 ὅτι
2711 3361 2788 3427 τῷ
2827 3360 3144 3429 κυριωτάτῳ
3185 3361 3389 3411 ἑαυτῶν
3435 3359 3736 3428 ψεύδεσθαι,
3784 3363 3873 3410 καὶ

2335 3449 2460 3518 περὶ
2489 3448 2556 3500 τά
2587 3448 2890 3518 κυριώτατα
2917 3451 3088 3512 οὐδεὶς
3117 3452 3254 3502 ἑκὼν
3281 3451 3470 3514 ἐθέλει,
3505 3452 3636 3504 ἀλλὰ
3663 3453 3871 3504 πάντων

2337 3540 2562 3607 μάλιστα
2584 3539 2820 3606 φοϐεῖται
2854 3541 2966 3591 ἐκεῖ
3005 3541 3133 3592 αὐτὸ
3181 3541 3493 3610 κεκτῆσθαι.
3519 3573 3582 3583 -
3607 3542 3735 3593 Οὐδὲ
3780 3542 3871 3593 νῦν

2336 3646 2438 3691 πω,
2468 3624 2502 3696 ἦ
2531 3631 2573 3680 δ’
2597 3629 2672 3691 ὃς,
2710 3629 3063 3698 μανθάνωέ-
3081 3632 3192 3684 Οἴει
3210 3633 3314 3701 γάρ
3341 3632 3390 3684 τί
3409 3649 3496 3702 με,
3515 3633 3666 3702 ἔφην,
3684 3633 3870 3700 σεμνὸν

2334 3718 2540 3787 λέγειν·
2583 3721 2691 3787 ἐγὼ
2737 3721 2791 3772 δὲ
2841 3721 2999 3787 λέγω,
3054 3722 3133 3773 ὅτι
3175 3725 3240 3791 τῇ
3289 3723 3432 3792 ψυχῇ
3483 3725 3605 3791 περὶ
3640 3723 3706 3774 τὰ
3747 3723 3870 3773 ὅντα

2334 3811 2614 3878 ψεύδεσθαί
2655 3830 2743 3875 τε,
2791 3814 2882 3865 καὶ
2921 3811 3194 3879 ἐψεῦσθαι,
3231 3813 3336 3864 καὶ*
3361 3812 3541 3882 ἀμαθῆ
3589 3809 3743 3873 εἶναι,
3779 3815 3869 3865 καὶ

2337 3903 2563 3954 ἐνταῦθα
2609 3905 2746 3971 ἔχειν
2785 3921 2842 3954 τε
2880 3904 2971 3954 καὶ
3007 3901 3300 3970 κεκτῆσθαι
3334 3905 3394 3955 τὸ
3433 3903 3642 3971 ψεῦδος,
3678 3907 3868 3966 πάντες

2335 3995 2507 4063 ἥκιστ’
2536 3994 2598 4045 ἂν
2626 3995 2882 4059 δέξαιντο,
2912 3995 3003 4046 καὶ
3038 3994 3250 4062 μισοῦσι
3293 3997 3520 4064 μάλιστα
3555 3998 3681 4050 αὗτδ
3712 3999 3767 4048 ἐν
3791 3998 3865 4065 τῷ

2333 4087 2570 4152 τοιούτῳ.
2597 4084 2814 4137 -Πολύ
2835 4087 2904 4151 γ’,
2923 4085 3118 4153 ἔφη.-
3133 4085 3287 4139 Ἀλλά
3307 4085 3409 4154 μὴν
3446 4087 3706 4156 ὀρθότατά
3720 4087 3861 4152 γ’ἄν,

2335 4175 2362 4225 ὃ
2389 4174 2480 4226 νῦν
2519 4175 2581 4244 δὴ
2624 4175 2823 4241 ἔλεγον,
2871 4175 3023 4227 τοῦτο
3067 4176 3141 4238 ὡς
3171 4176 3386 4247 ἀληθῶς
3415 4177 3604 4244 ψεῦδος
3640 4179 3858 4239 καλοῖτο,

2337 4267 2446 4333 ήέν
2480 4268 2542 4334 τῇ
2565 4266 2702 4334 ψυχῇ
2731 4265 2823 4317 τοῦ
2866 4266 3187 4334 ἐψευσμένου
3229 4266 3415 4334 ἄγνοια
3436 4285 3449 4297 ·
3490 4270 3606 4321 ἐπεὶ
3641 4270 3698 4321 τό
3721 4287 3778 4336 γε
3803 4271 3861 4320 ἐν

2334 4358 2444 4417 τοῖς
2490 4341 2687 4421 λόγοις,
2734 4349 2953 4426 μίμημά
2985 4374 3036 4407 τι
3082 4355 3174 4409 τοῦ
3228 4359 3282 4409 ἐν
3329 4361 3393 4428 τῇ
3436 4359 3575 4429 ψυχῇ
3625 4360 3857 4430 (81)ἐστι

2333 4444 2682 4514 ⁴παθήματος,
2725 4447 2816 4497 καὶ
2857 4446 3074 4515 ὕστερον
3112 4448 3328 4513 γεγονὸς
3369 4448 3599 4511 εἴδωλον,
3638 4451 3692 4501 οὐ
3723 4450 3856 4502 πάνυ

711 4523 904 4587 ferant,
931 4522 1020 4574 sed
1044 4521 1203 4574 etiam
1237 4522 1303 4573 ab
1328 4538 1391 4574 eo
1410 4523 1509 4576 hac
1538 4523 1588 4574 in
1621 4536 1769 4590 parte
1794 4527 2128 4582 vehementer
2148 4531 2229 4582 ab-

2333 4536 2562 4604 ἄκρατον
2589 4535 2777 4602 ψεῦδος
2797 4553 2811 4566 ο
2846 4535 2878 4603 ἢ
2899 4536 2994 4604 οὐχ
3025 4535 3164 4588 οὕτω
3180 4553 3193 4598 ;
3209 4538 3431 4590 -Πάνυ
3468 4541 3565 4607 μὲν
3588 4536 3692 4592 οὖν.
3708 4571 3769 4579 -
3787 4541 3856 4591 Τὸ

713 4614 1057 4665 horreant.——
1073 4610 1320 4674 Prorsus,
1340 4611 1530 4679 inquit.
1546 4614 1801 4682 —Atqui,
1818 4627 1976 4679 recte,
1994 4618 2230 4687 inquam,

713 4700 952 4764 omnino,
1000 4699 1141 4767 quod
1181 4698 1400 4766 jamjam
1436 4700 1529 4754 abs
1558 4717 1642 4755 me
1672 4703 1970 4767 dicebatur,
2013 4705 2114 4761 hoc
2150 4718 2234 4762 est

712 4804 828 4856 quae
857 4791 906 4840 in
935 4790 1165 4842 hominis
1199 4788 1401 4856 decepti
1431 4789 1607 4844 animo
1641 4800 1882 4845 versatur
1913 4793 2230 4860 ignorantia,

714 4877 1045 4940 mendacium
1092 4878 1422 4944 appelletur;
1469 4877 1610 4945 quod
1658 4881 1799 4932 enim
1840 4880 1890 4933 in
1936 4882 2110 4936 verbis
2155 4895 2235 4938 est

713 4966 969 5034 positum,
1015 4967 1063 5017 id
1111 4967 1227 5034 ejus
1280 4967 1672 5032 tantum,quod
1711 4969 1946 5021 animum
1989 4983 2229 5039 occupat,

712 5057 828 5109 vitii
869 5056 1094 5108 imitatio
1118 5057 1357 5124 quaedam
1388 5065 1489 5119 est,
1517 5072 1932 5127 expressumque
1973 5064 2234 5128 posterius

712 5149 1078 5208 simulacrum,
1115 5164 1216 5200 non
1256 5158 1430 5202 autem
1475 5163 1665 5215 purum
1701 5150 1915 5203 omnino
1944 5163 2234 5222 potumque

715 5235 1070 5288 mendacium.
1115 5233 1196 5284 Au
1230 5250 1332 5286 non
1373 5236 1444 5286 ita
1489 5234 1608 5288 est?
1650 5262 1717 5271 —
1768 5236 1845 5287 lta
1885 5253 2122 5303 prorsus,
2167 5270 2235 5278 _

718 5325 867 5388 Quod
889 5338 1013 5392 ergo
1039 5338 1094 5376 re
1115 5322 1228 5391 ipsa
1258 5324 1585 5376 mendacium
1617 5333 1717 5385 est,
1745 5323 1794 5374 id
1820 5340 1923 5377 non
1949 5327 2023 5379 dii
2055 5330 2231 5391 modo,

717 5429 898 5467 verum
933 5415 1088 5468 etiam
1109 5412 1348 5466 homines
1377 5427 1593 5465 exosum
1622 5414 1834 5465 habent.
1851 5443 1919 5452 -—
1938 5413 2158 5484 Habent,
2179 5431 2236 5472 ut

947 5549 1035 5612 Ὠς
1087 5548 1205 5600 θεοὶ
1256 5546 1556 5609 ξείνοισιν,
1621 5545 1884 5601 Homerus
1935 5547 2119 5615 Odyss.
2171 5553 2232 5613 Ρ,

721 5754 928 5821 Ervom,
962 5757 992 5806 ἡ
1021 5756 1107 5806 τοῦ
1138 5755 1476 5812 ἐψευσμένου.
1517 5753 1719 5807 Mallem
1760 5753 1946 5824 τῇτοῦ
1983 5753 2065 5828 ut;
2100 5753 2236 5811 [τιιιιζ

2336 4626 2430 4693 μὲν
2466 4624 2527 4693 δὴ
2567 4624 2645 4691 τῷ
2683 4625 2793 4676 ὄντι
2839 4624 3027 4691 ψεῦδος
3073 4625 3134 4675 οὐ
3181 4627 3334 4693 μόνον
3381 4627 3483 4678 ὑπὸ
3529 4628 3680 4688 θεῶν,
3727 4627 3850 4680 ἀλλὰ

2332 4716 2424 4765 καὶ
2463 4714 2564 4764 ὑπὸ
2602 4714 2896 4783 ἀνθρώπων
2932 4721 3180 4785 μισεῖται.
3201 4747 3266 4756 ——
3287 4723 3438 4772 Δοκεῖ
3485 4739 3591 4790 μοι.
3620 4752 3684 4761 -
3705 4722 3762 4772 ΤΞ
3795 4721 3850 4772 δὲ

2330 4802 2391 4870 δὴ
2419 4803 2477 4853 τὸ
2507 4804 2561 4853 ἐν
2590 4806 2696 4862 τοῖς
2725 4802 2900 4869 λόγοις
2923 4806 3141 4873 ψεῦδος,
3168 4810 3294 4860 πότε
3313 4849 3328 4872 ,
3365 4811 3460 4862 καὶ
3493 4811 3545 4861 τί
3579 4812 3845 4880 χρήσιμον.

2330 4891 2464 4942 ὥστε
2503 4893 2574 4959 μὴ
2615 4893 2759 4957 ἄξιον
2798 4890 2932 4945 εἷναι
2982 4896 3200 4964 μίσουςς
3234 4886 3353 4967 τΑρ’
3394 4900 3453 4950 οὺ
3489 4900 3621 4968 πρός
3651 4916 3704 4950 τε
3735 4899 3849 4958 τοὺς

2334 4980 2456 5031 πολε
2465 4981 2615 5048 μίους
2641 4983 2733 5032 καὶ
2757 4981 2860 5034 τῶν
2886 4983 3222 5054 καλουμένων
3248 4987 3411 5054 φίλων
3444 4989 3611 5049 τινας,
3636 4991 3746 5039 ὅταν
3766 4986 3845 5036 διὰ

2334 5068 2521 5134 μανίαν
2552 5071 2584 5138 ἦ
2612 5086 2729 5121 τινα
2756 5071 2933 5123 ἄνοιαν
2967 5074 3130 5125 κακόν
3153 5091 3204 5125 τι
3229 5075 3539 5145 ἐπιχειρῶσι
3583 5077 3835 5144 πράττειν,

2331 5159 2445 5209 τότε
2477 5161 2786 5228 ἀποτροπῆς
2817 5162 2975 5216 ἕνεκα
2997 5164 3070 5226 ὡς
3094 5165 3373 5234 φάρμακον
3407 5173 3663 5236 χρήσιμον
3687 5167 3843 5232 γίγνε-

2331 5263 2450 5308 ται;
2483 5249 2588 5298 Καὶ
2624 5251 2680 5299 ἐν
2711 5245 2796 5311 αἷς
2823 5251 2914 5303 νῦν
2946 5252 3008 5320 δὴ
3049 5253 3323 5323 ἐλέγομεν,
3353 5260 3470 5318 ταῖς
3505 5257 3836 5326 μυθολογίαις,

2331 5334 2416 5386 διὰ
2449 5337 2506 5387 τὸ
2546 5338 2617 5406 μὴ
2657 5338 2876 5401 εἰδέναι,
3051 5344 3273 5411 τάληθὲς
3304 5345 3411 5414 ἔχει
3447 5347 3573 5415 περὶ
3615 5345 3709 5395 τῶν
3746 5360 3838 5393 πα-

2333 5424 2510 5488 λαιῶν,
2554 5429 2929 5496 ἀφομοιοῦντες
2967 5432 3041 5501 τῷ
3077 5433 3262 5503 ἀληθεί
3309 5437 3369 5486 τὸ
3396 5436 3603 5504 ψεῦδος,
3637 5436 3706 5486 ὅτι
3743 5433 3834 5498 μά-

2333 5568 2433 5633 nus
2455 5593 2468 5615 ,
2508 5557 2560 5606 in
2591 5557 2762 5609 animo
2805 5561 3095 5633 mentientis
3136 5565 3360 5617 inscitia.
3391 5565 3522 5626 lmo,
3551 5564 3634 5633 qui
3664 5565 3831 5633 menti-

2333 5631 2437 5697 tur,
2484 5634 2664 5697 contra
2715 5638 2942 5681 mentem
2998 5631 3108 5697 ipse
3159 5649 3333 5696 suam,
3381 5650 3443 5687 ac
3493 5631 3666 5687 verum
3696 5632 3827 5689 illud.

2333 5691 2877 5816 :iélcléonscius
2902 5691 3284 5768 estfloquitur.
3320 5691 3412 5758 Est
3438 5718 3564 5774 ergo
3589 5702 3827 5772 passivum
