4002 6340
123 571 261 624 I073

1281 567 1594 622 PIUEPAR.
1636 567 1879 623 EVANG.
1922 566 2047 622 LIB.
2089 565 2220 620 XIII.

3155 569 3176 620 I
3185 570 3286 621 074

119 684 273 739 λιστα
303 685 440 737 οὕτω
458 687 716 755 χρήσιμον
745 685 1034 755 ποιοῦμεν;
1061 716 1127 729 —-
1151 687 1257 738 Kal.
1306 687 1463 756 μάλα,
1481 683 1545 756 ἦδ
1579 687 1655 750 ὃς,

1761 687 1984 741 videtur.
2014 715 2081 725 —
2119 685 2234 738 Jam
2267 697 2393 740 vero
2424 684 2563 754 quod
2610 683 2662 736 in
2689 682 2863 737 verbis
2896 683 3036 737 inest
3068 683 3287 737 menda-

117 774 288 837 οὕτως
321 773 447 844 ἔχει.
476 802 543 814 —-
569 775 720 828 Κατὰ
752 775 813 846 δὴ
849 777 898 826 τί
931 772 1023 828 οὖν
1043 776 1104 845 δὴ
1140 777 1360 839 τούτων,
1382 777 1582 845 τῴθεῷ
1599 778 1659 828 τὸ

109 864 307 935 ψεῦδος
347 868 638 935 χρήσιμον;
695 866 948 934 πότερον,
994 866 1078 919 διὰ
1129 869 1188 918 τὸ
1235 868 1306 937 μὴ
1357 870 1548 922 εἰδέναι
1594 869 1661 920 τά

114 955 319 1008 παλαιὰ
337 996 351 1018 ,
380 956 654 1024 ἀφομοιῶν
673 956 737 1008 ἂν
783 957 1060 1025 ψεύδοιτος
1100 988 1163 996 -
1186 959 1391 1011 Γελοῖον
1419 961 1558 1028 μέντ’
1597 960 1660 1012 ἂν

107 1045 190 1114 ειή
217 1086 231 1108 ,
266 1046 458 1116 ἔφη-
481 1046 708 1116 Ποιητὴς
745 1046 840 1114 μὲν
869 1045 972 1116 ἄρα
1001 1060 1054 1097 εν
1069 1046 1186 1115 Θεῷ
1214 1047 1409 1118 ψευδὴς
1433 1049 1528 1100 οὐκ
1553 1048 1658 1112 ἐνι;

104 1133 271 1187 -Οὖ
322 1151 408 1203 μοι
455 1133 704 1188 δοκεῖ.-
733 1135 890 1188 ’Λλλὰ
929 1136 1110 1198 δεδιὼς
1155 1139 1276 1200 τοὺς
1329 1139 1550 1208 ἐχθροὺς
1597 1139 1661 1191 ἂν

106 1223 389 1291 ψεύδοιτπ
419 1255 486 1262 —
521 1224 718 1276 Πολλοῦ
771 1242 833 1293 γε
893 1226 993 1277 δεῖ.
1036 1257 1102 1264 -
1146 1227 1299 1279 Ἀλλὰ
1340 1228 1403 1278 δι’
1450 1231 1661 1280 οἰκείων

108 1314 294 1365 ἄνοιαν
327 1313 359 1383 ἧ
394 1313 844 1382 μανίαν;--Ἀλλ’
883 1314 1081 1379 οὐδεὶς,
1116 1316 1214 1384 ἓιρη
1238 1358 1250 1376 ,
1289 1315 1395 1368 τῶν
1425 1318 1660 1386 ἀνοήτων

111 1405 206 1456 καὶ
242 1405 591 1474 μαινομένων,
617 1405 882 1476 θεοξιλής.
925 1406 1036 1457 Οὐκ
1061 1406 1164 1477 ἄρα
1204 1406 1366 1467 ἐστὶν,
1409 1399 1469 1457 οὗ
1506 1406 1662 1459 ἕνεκα

111 1491 177 1542 ἂν
204 1492 330 1555 Θεὸς
352 1491 613 1560 ψεύδοιτο.
634 1525 700 1532 —
724 1495 835 1546 Οὐκ
869 1494 1002 1545 ἔστι.
1020 1523 1087 1531 -—
1105 1494 1280 1563 Πάντη
1308 1493 1414 1563 ἄρα
1439 1493 1660 1561 ἀψευδὲς

111 1583 172 1634 τὸ
195 1582 467 1652 δαιμόνιόν
499 1601 557 1635 τε
583 1585 674 1636 καὶ
698 1585 757 1636 τὸ
775 1585 944 1637 Θεῖον.
975 1614 1033 1624 —-
1069 1585 1380 1637 Παντάπασι
1414 1586 1509 1654 μὲν
1548 1581 1657 1646 οὖν,

111 1676 305 1746 ἔφη-
315 1677 518 1747 Κομιδῇ
534 1677 637 1748 ἄρα
653 1680 678 1728 ὁ
693 1675 821 1738 Θεὸς
839 1675 1038 1728 ἁπλοῦν
1054 1677 1144 1728 καὶ
1173 1676 1363 1746 ἀληθὲς
1382 1678 1436 1726 ὲν
1458 1675 1503 1726 τ’
1521 1675 1660 1742 ἔργῳ

113 1767 206 1819 καὶ
229 1766 388 1836 λόγῳ.
440 1768 547 1819 Καὶ
588 1765 709 1819 οὔτε
754 1766 913 1829 αὐτὸς
952 1767 1290 1836 μεθίσταται,
1327 1766 1447 1818 οὕτε
1475 1765 1660 1828 ἄλλους

111 1858 377 1928 ἐξαπατᾷ,
416 1856 536 1911 οὔτε
576 1858 714 1909 κατᾶ
764 1857 1077 1926 φαντασίας,
1119 1856 1242 1910 οὔτε
1279 1858 1416 1911 κατὰ
1454 1858 1657 1925 λόγους,

106 1947 234 2000 οὔτε
273 1947 412 2001 κατὰ
450 1948 686 2020 σημείων
723 1949 975 2019 πομπάς,
1028 1947 1140 2001 οὗθ’
1176 1949 1321 2019 ὕπαρ
1357 1948 1467 2000 οὔτ’
1507 1949 1655 2019 ὄναρ.

1761 779 1925 839 cium,
1963 777 2178 845 quando
2212 776 2446 840 tandem,
2491 786 2544 829 et
2571 775 2711 844 quod
2733 790 2849 829 eam
2880 776 3160 829 utilitatem
3190 776 3288 828 ha-

1760 869 1867 932 bet,
1891 877 1949 920 ut
1972 868 2095 921 odio
2116 867 2336 935 dignum
2370 867 2548 920 haberi
2579 881 2684 919 non
2711 867 2931 920 debeat?
2959 864 3144 920 Nonne
3165 881 3288 919 cum

1760 958 2014 1012 adversus
2045 958 2247 1022 hostes,
2286 965 2399 1010 tum
2437 958 2596 1010 etiam
2632 971 2754 1026 erga
2789 956 3069 1009 nonnullos
3101 971 3286 1010 eorum

1760 1063 1893 1116 quos
1939 1047 2142 1101 amicos
2188 1061 2465 1112 vocamus,
2511 1048 2553 1100 si
2587 1047 2801 1114 quando
2830 1046 2911 1099 vel
2941 1046 3044 1100 acti
3086 1045 3287 1109 furore,

1759 1139 1840 1192 vel
1883 1138 2184 1206 ignorantia
2218 1137 2372 1206 lapsi,
2423 1137 2544 1190 mali
2580 1137 2778 1206 aliquid
2815 1137 3130 1201 moliantur,
3174 1137 3289 1204 ejus

1760 1229 2027 1284 avertendi
2078 1244 2261 1291 causa,
2301 1238 2555 1297 tanquam
2599 1229 2886 1281 amuletum
2937 1228 3146 1296 aliquod
3195 1241 3290 1294 op-

1762 1327 2050 1386 portunum
2083 1319 2198 1372 est?
2228 1317 2364 1382 Quin
2399 1318 2556 1370 etiam
2598 1317 2652 1370 in
2697 1317 2800 1371 illis
2826 1318 2974 1385 ipsis,
3004 1318 3068 1370 de
3097 1318 3293 1385 quibus

1760 1409 1918 1478 paulo
1947 1417 2070 1463 ante
2099 1410 2404 1478 agebamus,
2439 1408 2655 1471 fabulis,
2695 1408 2836 1476 quod
2864 1423 2961 1462 nos
2988 1424 3162 1460 rerum
3198 1422 3295 1460 an-

1760 1499 2028 1566 tiquarum
2051 1499 2258 1550 veritas
2284 1497 2462 1549 lateat.
2504 1494 2639 1550 Dum
2667 1497 2732 1549 ad
2759 1496 2869 1550 veri
2891 1497 3291 1550 similitudinem

1761 1588 2092 1642 mendacium
2125 1588 2405 1651 trahimus,
2447 1602 2623 1640 nonne
2651 1595 2783 1652 tum,
2819 1597 2876 1641 ut
2904 1587 3098 1656 aliquid
3125 1603 3190 1641 ex
3222 1602 3288 1641 eo

1759 1679 1966 1733 lructus
1995 1679 2192 1747 percipi
2230 1678 2419 1746 possit,
2454 1677 2758 1732 edicimus?
2785 1708 2853 1718 -—
2879 1678 3054 1743 Certe,
3101 1679 3290 1747 inquit.

1759 1796 1828 1808 -—
1875 1769 2120 1843 Quonam
2167 1767 2328 1838 igitur
2371 1783 2434 1822 ex
2485 1769 2590 1823 illis
2633 1767 2968 1831 nominibus,
3018 1768 3144 1840 utile
3185 1767 3292 1821 Deo

1760 1860 2096 1915 mendacium
2125 1875 2245 1915 esse
2283 1860 2478 1929 queat?
2520 1858 2731 1924 Utrum,
2766 1860 2906 1928 quod
2937 1874 3114 1912 rerum
3153 1859 3292 1911 anti-

1761 1969 1989 2023 quarum
2035 1953 2368 2022 ignoratione
2407 1952 2627 2015 laboret,
2656 1950 2883 2019 quadam
2923 1949 3034 2004 veri
3074 1949 3294 2003 simula-

107 2038 328 2102 Οὕτως,
365 2039 497 2110 ἔφη,
525 2039 710 2110 ἔμοιγε
743 2041 834 2092 καὶ
870 2039 1014 2110 αὐτῷ
1050 2039 1325 2108 φαίνεται,
1356 2039 1447 2091 σοῦ
1475 2039 1658 2106 λέγον-

1761 2049 1903 2098 tione
1939 2044 2261 2098 mentietur?
2289 2072 2359 2100 -τ-
2390 2041 2711 2104 Ridiculum,
2751 2041 2942 2109 inquit,
2970 2041 3072 2095 hoc
3112 2040 3291 2096 fuerit.

104 2145 223 2192 τος.
257 2130 559 2200 Συγλωρεῐς
615 2131 750 2200 ἄρα,
797 2131 938 2199 ἔφη,
979 2129 1162 2183 τοῦτον
1210 2130 1455 2200 δεύτερον
1499 2130 1661 2182 τύπον

105 2213 287 2285 εἶναι,
333 2221 392 2272 ὲν
430 2213 474 2288 ᾦ
514 2219 593 2272 δεῖ
629 2222 758 2290 περὶ
794 2221 930 2272 θεῶν
987 2222 1079 2273 καὶ
1117 2220 1293 2289 λέγειν
1335 2223 1427 2274 καὶ
1469 2225 1660 2283 ποιεῖν,

102 2310 184 2374 ὡς
249 2313 383 2382 μήτε
442 2312 636 2375 αὐτοὺς
699 2313 900 2382 γόητας
973 2312 1131 2376 ὄντας
1180 2313 1258 2382 τῷ
1318 2313 1661 2383 μεταϐάλλειν

103 2404 354 2467 ἑαυτοὺς,
386 2403 510 2473 μήθ’
533 2405 683 2474 ἡμᾶς
717 2402 932 2472 ψεύδεσι
979 2405 1242 2473 παράγειν
1282 2406 1338 2457 ἐν
1361 2405 1501 2474 λόγῳ
1539 2406 1571 2475 ἢ
1608 2407 1664 2457 ἐν

103 2497 257 2567 ἔργῳ
277 2513 292 2562 ;
309 2526 378 2536 ——-
395 2498 684 2569 Συηωρῶ.
701 2499 957 2552 -Πολλὰ
987 2499 1095 2569 ἄρα
1129 2501 1364 2570 Ὀμήρου
1391 2497 1665 2550 ἐπαινοῦν-

101 2603 199 2648 τες
235 2586 388 2652 ἄλλα,
411 2588 568 2640 τοῦτο
591 2589 1126 2660 ούκέπαινεσόμεθα,
1159 2591 1256 2660 τὴν
1293 2590 1384 2642 τοῦ
1421 2573 1663 2641 ὲνυπνίού

103 2677 334 2745 πομπὴν
351 2669 466 2747 ’(8Ξ)
483 2677 587 2731 ὑπὸ
606 2679 728 2742 Διὸς
747 2678 824 2748 τῷ
848 2679 1221 2749 Ἀγαμέμνονι·
1243 2680 1363 2732 Οὐδ’
1380 2660 1662 2747 Αἰσχύλου,

99 2770 240 2822 ὅταν
269 2771 341 2838 φῇ
383 2772 416 2839 ή
449 2769 606 2834 Θέτις
641 2771 730 2823 τὸν
766 2772 1002 2825 Ἀπόλλω
1038 2774 1095 2822 ὲν
1121 2774 1230 2833 τοῖς
1268 2771 1434 2839 αὐτῆς
1470 2769 1666 2839 γάμοις

98 2859 299 2931 ᾄδοντα
309 2879 321 2889 ⁸

1758 2161 1827 2174 -
1859 2134 2081 2188 Mendax
2125 2134 2286 2202 igitur
2330 2133 2382 2184 in
2430 2131 2538 2184 Deo
2586 2141 2741 2200 poeta
2789 2147 2894 2184 non
2937 2140 3036 2186 est.
3067 2161 3136 2170 —
3166 2130 3297 2184 Mihi

1760 2226 1974 2294 quidem
2025 2241 2129 2276 non
2181 2225 2406 2277 videtur.
2454 2251 2518 2260 —-
2566 2225 2645 2275 An
2677 2238 2804 2276 vero
2839 2222 3068 2276 hostium
3117 2221 3297 2275 metu?

1761 2317 1928 2370 Absit.
1948 2345 2014 2352 —
2031 2315 2108 2366 An
2128 2314 2661 2382 proptcr‘amicorum
2681 2314 3058 2367 autstultitiam
3091 2322 3183 2366 aut
3209 2312 3296 2366 fu-

1762 2405 1972 2459 rorem?
2013 2432 2084 2470 -τ
2131 2402 2198 2457 At
2251 2403 2466 2466 stultus,
2517 2402 2709 2470 inquit,
2753 2402 3093 2471 furiosusque
3140 2417 3299 2456 nemo

1763 2495 1967 2550 amicus
2020 2494 2127 2549 Deo
2175 2509 2292 2548 esse
2341 2501 2532 2562 potest.
2569 2491 2756 2546 Causae
2801 2492 2962 2560 igitur
3010 2491 3141 2545 nihil
3193 2499 3296 2556 est,

1764 2586 2113 2656 quamobrem
2167 2585 2452 2638 mentiatur
2484 2582 2645 2636 Deus.
2673 2611 2744 2620 ——
2769 2580 2929 2636 Nihil.
2973 2612 3043 2622 ——
3083 2583 3299 2636 Semota

1764 2696 1890 2749 ergo
1921 2679 1987 2733 ab
2015 2677 2161 2732 omni
2209 2674 2487 2728 mendacio
2533 2682 2618 2726 est
2653 2673 2932 2726 numinum
2972 2673 3302 2742 deorumqbe

1765 2776 1977 2822 natura.
2028 2797 2096 2806 —
2144 2764 2394 2827 Omnino,
2426 2762 2617 2831 inquit.
2664 2795 2732 2804 —
2774 2762 2914 2819 Deus
2955 2764 3111 2832 igitur
3135 2779 3298 2832 quam

1767 2856 2197 2926 simplicissimus
2227 2862 2329 2918 est,
2359 2851 2607 2922 idemque
2631 2862 2736 2906 tam
2765 2869 2841 2917 re,
2870 2869 3030 2922 quam
3057 2854 3301 2907 oratione

97 2953 442 3018 verissimus,
486 2968 583 3006 nec
629 2961 866 3008 mutatur
922 2953 1054 3024 ipse,
1097 2970 1195 3008 nec
1258 2953 1392 3008 alios
1423 2962 1514 3006 aut
1551 2950 1798 3006 simulata
1860 2947 2056 3017 specie,
2120 2955 2212 3000 aut
2247 2945 2444 3009 verbis,
2491 2954 2582 2997 aut
2623 2945 2896 3013 signorum
2929 2943 3169 3009 ostentis,
3208 2951 3301 2999 aut

97 3047 262 3110 visis,
317 3057 409 3100 aut
453 3048 710 3116 somniis,
753 3049 807 3102 in
848 3064 1086 3104 errorem
1163 3050 1378 3104 inducit.
1451 3048 1638 3103 Restat
1684 3047 1864 3117 igitur,
1934 3053 1994 3098 ut
2036 3042 2323 3098 secundam
2389 3041 2527 3094 hanc
2568 3040 2792 3093 formam
2837 3054 2955 3094 esse
3014 3042 3297 3105 concedas,

95 3157 271 3211 quam
315 3152 559 3198 oratores
614 3153 667 3199 et
726 3154 913 3214 poetae,
958 3161 1079 3200 cum
1124 3144 1190 3199 de
1235 3146 1338 3200 diis
1381 3147 1697 3214 loquuntur,
1756 3138 1950 3196 intueri
1992 3137 2237 3200 debeant,
2290 3151 2383 3190 eos
2431 3149 2527 3187 nec
2574 3147 2692 3186 sese
2742 3141 2992 3204 tanquam
3037 3136 3300 3189 veneﬁcos

98 3237 416 3304 immutare,
456 3255 554 3295 nec
589 3241 783 3306 verbis,
813 3250 904 3296 aut
964 3258 1020 3297 re
1067 3242 1182 3312 ipsa
1243 3241 1565 3306 mentiendo,
1631 3239 1788 3293 nobis
1846 3237 2136 3306 imponere.
2165 3263 2230 3271 ——
2255 3228 2521 3284 Concedo.
2554 3256 2620 3264 —
2655 3225 2836 3296 Itaque
2878 3225 3188 3296 Homerum,
3245 3238 3303 3282 ut

96 3333 164 3387 in
199 3331 322 3387 aliis
347 3335 614 3404 plerisque
659 3335 958 3400 laudemus,
1003 3338 1057 3391 in
1114 3353 1178 3391 eo
1233 3347 1412 3391 tamen
1476 3352 1580 3389 non
1644 3337 2004 3403 laudabimus,
2062 3335 2203 3404 quod
2248 3334 2514 3388 somnium
2555 3332 2682 3386 illud
2708 3330 3090 3401 Agamemnoni
3123 3327 3302 3382 aJove

95 3424 413 3482 immissum
477 3431 812 3484 conﬁnxerit.
862 3430 1024 3503 647
1079 3430 1188 3486 Nec
1233 3431 1547 3501 Aischylum
1615 3431 1996 3500 probabimus,
2055 3443 2178 3482 cum
2230 3425 2510 3481 Thetidem
2585 3425 2911 3489 introducit,
2978 3420 3294 3491 Apollinem,

99 3523 286 3592 ipsum
316 3538 473 3592 quem
520 3525 576 3578 in
612 3525 725 3580 suis
779 3526 867 3578 illa
901 3526 1102 3595 nuptiis
1133 3536 1406 3580 cautorem
1457 3527 1738 3591 habuerat,

636 3637 646 3651 1

189 3634 607 3708 ᾘνδαιτεῖσθαι
630 3637 739 3708 (85)
770 3639 873 3702 τὰς
905 3639 1006 3704 ἑὰς
1025 3639 1351 3704 εὐπαιδίας,

201 3657 607 3690 ιινοαιτεισσαι
651 3657 739 3708 oo)
770 3657 873 3702 τας
905 3657 1006 3704 ειις
1025 3657 1351 3704 ευπαιοιας,

176 3705 394 3789 ρκ’-’ᾄσων
421 3657 806 3789 τερςξεὲρορς,
836 3709 931 3789 καὶ
955 3709 1324 3789 μακραζωτςος
1342 3709 1486 3789 βίου
1526 3711 1656 3780 (Si),

176 3775 503 3848 Ξύμῖταντά
533 3779 578 3830 τ’
608 3775 809 3848 εἰπὼν,
835 3775 1124 3848 θεοριλεῖς
1152 3778 1296 3846 ἐμὰς
1320 3783 1502 3848 τύχας

179 3844 379 3917 Πᾳιὼν
411 3847 856 3917 ἐπευφήμησεν,
895 3844 1165 3917 εὐθυμῶν
1181 3844 1314 3917 ἐμέ.

181 3915 352 3984 Κάγὼ
374 3915 455 3988 *τὸ
488 3915 698 3988 Φρίϐου
737 3918 894 3972 θεῖον
928 3915 1186 3986 ἀψευδὲς
1222 3915 1414 3988 στόμα

182 3985 460 4066 Ἠλίξιζον
483 3985 664 4066 εἶναι,
697 3988 961 4066 μαντικῇ.
987 3990 1181 4066 ,ϐρύον
1203 3985 1419 4066 rexi-7;.

193 4056 249 4107 '0
280 4056 331 4127 δέ
356 4056 535 4127 αὐτὸς
565 4056 786 4126 ὑμνῶν,
825 4059 1004 4124 αὐτὸς
1029 4056 1098 4112 ἐν
1123 4056 1288 4125 θοίνῃ
1306 4056 1524 4127 παρὼν,

178 4126 372 4191 Αὐτὸς
395 4126 520 4179 τάδ’
544 4127 744 4192 εἰπὼν,
774 4131 954 4194 αὑτός
975 4129 1145 4181 ἐστιν
1175 4134 1205 4182 ό
1231 4126 1460 4182 κτανὼν

186 4195 302 4251 Τὸν
338 4196 519 4250 παῖδα
555 4197 660 4250 τὸν
694 4199 856 4266 ἐμόν.

101 4309 283 4360 ὀταν
330 4325 413 4370 τις
457 4307 676 4362 τοιαῦτα
719 4309 850 4380 λέγῃ
888 4313 1010 4382 περὶ
1051 4311 1207 4370 θεῶν,
1258 4308 1661 4379 χαλεπανοῦμέν

96 4411 190 4457 τε,
221 4394 315 4446 καὶ
339 4395 495 4465 χορὸν
522 4397 582 4448 οὐ
611 4396 848 4466 δώσομεν
873 4398 1002 4467 (85),
1031 4398 1148 4449 οὐδὲ
1173 4401 1296 4460 τοὺς
1321 4399 1662 4461 διδασκάλους

99 4488 346 4556 ἐάσομεν
374 4489 465 4548 ἐπὶ
492 4487 703 4558 παιδεία
733 4489 964 4560 χρῆσθαι
990 4487 1096 4541 τῶν
1121 4489 1274 4552 νέων,
1308 4491 1354 4540 εἰ
1387 4489 1662 4558 μέλλουσιν

96 4585 246 4654 ἡμῖν
291 4584 338 4634 οἱ
381 4581 615 4650 φύλακες
661 4581 930 4644 θεοσεϐεῖς
973 4598 1031 4633 τε
1079 4584 1170 4635 καὶ
1201 4582 1329 4635 θεῖοι
1362 4584 1659 4651 γίγνεσθαι,

1903 3638 2096 3692 Risisse
2123 3645 2308 3690 sortem
2334 3636 2493 3704 prolis
2523 3635 2775 3704 egregiam
2795 3647 2922 3690 sum,

1909 3708 2040 3762 Mihi
2068 3724 2186 3760 nam
2216 3699 2456 3766 valentes,
2490 3699 2921 3771 ataae'longmvos
2955 3699 3064 3767 fore

1909 3779 2044 3831 Dum
2073 3787 2274 3830 caneret
2311 3777 2418 3842 ipse
2443 3775 2651 3833 liberos,
2681 3772 2754 3823 m'l
2783 3773 2992 3842 insuper

1911 3847 2030 3900 Non
2063 3854 2239 3914 sponte
2266 3840 2410 3910 pmori
2439 3841 2896 3914 addidit,_cltar_am
2922 3840 3030 3914 deis

1918 3909 2115 3968 Vacuus
2147 3909 2426 3978 parentem,
2458 3927 2634 3980 meque
2667 3909 2852 3962 la'titia
2879 3910 3112 3980 eﬁ'erens,

1909 3984 2161 4052 Equidem
2193 3983 2364 4034 subire
2387 3978 2590 4052 fraudis
2614 3997 2674 4033 ac
2707 3980 2832 4048 falsi
2862 3978 2990 4052 nihil

1909 4050 2097 4106 Divina
2127 4053 2258 4104 vatis
2294 4067 2385 4102 ora
2416 4051 2734 4102 credideram
2763 4050 2918 4102 sacri.

1909 4123 2009 4175 Ille
2038 4124 2141 4190 ipse
2162 4137 2329 4188 praeco
2363 4130 2641 4190 noster,ac
2664 4132 3059 4190 mensmcomes.

1908 4187 2110 4245 Cuncta
2135 4187 2228 4244 illa
2246 4192 2482 4260 jactans,
2514 4189 2681 4260 [ilium
2713 4187 2898 4240 occidit
2924 4201 3128 4240 meum.,

1761 4301 1885 4358 Hinc
1913 4303 2218 4372 similiaque
2245 4303 2311 4356 de
2333 4302 2437 4355 diis
2463 4317 2492 4354 a
2522 4313 2840 4369 quocunque
2866 4296 3132 4362 dicantur,
3164 4295 3300 4351 fere-

1766 4410 1886 4450 mus
1935 4394 2188 4464 graviter,
2239 4407 2337 4446 nec
2379 4389 2582 4460 legendi
2627 4386 2959 4456 docendique
3007 4387 3156 4441 chori
3199 4401 3297 4456 po--

1763 4497 2005 4541 testatem
2033 4487 2078 4538 ei
2114 4484 2392 4545 faciemus,
2425 4494 2522 4532 nec
2557 4477 2622 4531 iis
2658 4486 3007 4546 praeceptores
3045 4479 3098 4531 in
3121 4478 3299 4546 junio-

1761 4579 1912 4631 ribus
1943 4573 2296 4629 informandis
2340 4568 2483 4624 abuti
2529 4567 2826 4635 patiemur;
2877 4567 2922 4622 si
2974 4567 3132 4621 modo
3162 4565 3292 4633 reip.

99 4673 338 4730 καθόσον
360 4672 456 4725 ἀνθ
465 4671 626 4742 ρώπῳ
646 4671 737 4724 ἐπὶ
754 4671 1001 4724 πλεῖστον
1016 4666 1126 4724 οἷόν
1143 4689 1294 4725 τε.-
1311 4673 1656 4726 Παντάπασιν

1763 4679 1955 4723 nostrae
1984 4663 2236 4719 custodes
2272 4661 2547 4730 religiosos
2591 4667 2663 4723 et,
2703 4668 2961 4729 quantum
3005 4655 3204 4709 homini
3237 4655 3301 4706 li—

99 4769 240 4836 ἐιρη,
285 4763 454 4833 ἔγωγε
499 4763 623 4826 τοὺς
663 4763 865 4826 τύπους
905 4763 1120 4826 τούτους
1163 4763 1425 4833 συγχωρῶ
1462 4764 1553 4815 καὶ
1589 4764 1661 4824 ὼς

99 4860 300 4928 νόμοις
345 4856 408 4910 ἂν
448 4857 627 4930 αὐτοῖς
662 4854 904 4925 χρῴμην.
933 4874 952 4905 ι
999 4854 1181 4907 Ταῦτα
1226 4856 1322 4924 μὲν
1364 4859 1392 4907 ὁ
1420 4855 1658 4906 Πλάτων.

98 4948 309 5019 Εὖροις
337 4947 381 4999 δ’
411 4947 476 5000 ἂν
500 4947 597 5019 τὴν
629 4945 888 5018 Ἐϐραίων
913 4944 1146 5014 γραφὴν,
1175 4943 1415 5012 οὐδαμῶς
1444 4945 1538 5012 μὲν
1571 4942 1662 5010 μύ-

100 5039 240 5100 θους
264 5039 520 5109 αἰσχροὺς
545 5038 780 5104 περὶτοῦ
801 5025 906 5102 τῶν
933 5035 1068 5088 ὅλων
1087 5034 1240 5097 Θεοῦ,
1264 5034 1376 5085 ἀλλ’
1397 5033 1513 5084 οὐδὲ
1536 5033 1660 5100 περὶ

99 5129 222 5183 τῶν
254 5129 566 5197 ἁμφάὐτὺν
610 5129 764 5182 θείων
801 5129 1061 5197 ἀγγέλων,
1098 5125 1217 5178 ούὸἐ
1267 5141 1329 5192 γε
1387 5125 1513 5193 περὶ
1550 5120 1658 5173 τῶν

101 5218 374 5288 θεοφιλῶν
414 5217 640 5289 ἀνδρῶν,
671 5220 866 5289 ὁμοίως
899 5223 1016 5281 ταῖς
1058 5217 1388 5287 Ἑλληνικαῖς
1434 5212 1658 5283 μυθολο-⁸

103 5316 260 5381 γίαις
281 5311 646 5380 περιέχουσαν·
673 5312 761 5365 τὸν
776 5311 832 5362 δὲ
852 5312 955 5362 ὑπὸ
973 5310 1064 5363 τοῦ
1083 5291 1358 5369 Πλάτωνος
1378 5305 1660 5358 ἐκτεθέντα

93 5407 304 5463 τύπον,
334 5401 414 5452 ὅτι
461 5416 517 5450 τε
547 5398 742 5466 ἀγαθὸς
786 5398 860 5450 ὣν
897 5401 924 5450 ὁ
953 5399 1084 5464 Θεὸς
1127 5398 1409 5469 τυγχάνει,
1458 5397 1549 5448 καὶ
1590 5397 1658 5450 τὰ

180 5553 296 5625 (82)
348 5551 656 5604 Ἐνυπνίου
715 5550 976 5620 πομπήν.
1033 5551 1298 5604 Homerus
1355 5546 1519 5602 Iliad.
1582 5549 1704 5613 B,.

94 5638 298 5766 ιηιὶἓό
351 5689 776 5766 Ἑνέᾳιτεῖσθω
833 5688 955 5766 Hm.
999 5687 1136 5766 τριΞά
1194 5686 1658 5766 {schyluinnon

105 5757 236 5836 legi.
265 5757 416 5836 Apud
447 5761 718 5815 Platonem
747 5768 830 5836 est
851 5764 1194 5836 ὲνόατεισθαιἶ
1223 5757 1661 5836 ΗοεγοΙιίομὲνδα-

101 5828 372 5904 τοῖιμένῖη,
399 5849 502 5886 non
525 5903 535 5904 ί
555 5840 760 5904 tantum
795 5828 1266 5904 ἐπιλαμϐανομένη
1290 5869 1303 5891 ,
1325 5829 1680 5904 μερίζουσα,

107 5899 228 5960 90ιῖ
253 5899 412 5957 etiam
459 5901 854 5971 ἐνδατούμενος.
899 5901 1069 5971 οἱονεὶ,
1105 5899 1283 5962 κακῶς
1325 5899 1493 5971 λέῗγων
1529 5918 1656 5971 σφο-

106 5975 276 6044 δρῶς.
304 5971 401 6027 Hic
424 5973 628 6028 videtur
651 5969 768 6028 esse
787 5969 1158 6035 ενδαιτεῖσθαι,
1190 5986 1283 6026 seu
1314 5970 1656 6038 ἐνδατεῖσθαι,

1764 4769 1866 4822 cet,
1895 4756 2102 4809 divinos
2132 4752 2328 4805 habere
2361 4751 2664 4820 cupiamus.
2694 4781 2761 4790 —-
2795 4751 2903 4819 Ego
2927 4763 3071 4808 vero,
3105 4746 3296 4815 inquit,

1763 4849 1964 4900 formas
1998 4845 2115 4897 illas
2156 4843 2499 4896 vehementer
2531 4845 2720 4912 probo,
2751 4843 2920 4909 iisque
2945 4848 3193 4905 tanquam
3224 4839 3296 4891 le-

1761 4937 1917 5004 gibus
1946 4935 2176 4987 maxime
2209 4937 2286 4987 uti
2319 4935 2501 4988 velim.
2538 4957 2558 4986 ι
2595 4933 2859 4986 Hactenus
2883 4928 3051 4982 Plato.
3082 4927 3196 4982 1am
3241 4931 3293 4982 in

1762 5026 2106 5079 Hebraeorum
2154 5026 2366 5092 litteris,
2414 5041 2677 5094 nusquam
2720 5022 2957 5084 omnino,
3011 5031 3192 5091 turpes
3230 5024 3296 5077 de

1761 5117 1994 5170 universi
2023 5117 2361 5171 moderatore
2406 5115 2530 5180 Deo,
2561 5129 2622 5167 ac
2668 5128 2730 5165 ne
2758 5113 2822 5165 de
2855 5111 3052 5169 divinis
3075 5114 3290 5183 quidem

1762 5209 1931 5277 ipsius
1979 5210 2203 5278 angelis,
2239 5211 2346 5263 imo
2391 5223 2486 5260 nec
2530 5207 2594 5258 dc
2646 5205 2952 5260 hominibus
2983 5207 3144 5259 etiam
3191 5205 3298 5258 Deo

1763 5302 1938 5356 charis
1991 5301 2233 5363 fabulas,
2283 5299 2481 5353 Graecis
2527 5296 2630 5349 illis
2671 5296 2873 5351 similes
2930 5298 3183 5367 reperias.
3233 5297 3299 5345 At

1761 5395 2021 5448 sancitam
2065 5394 2207 5447 illam
2238 5407 2268 5444 a
2309 5390 2528 5442 Platone
2570 5388 3029 5459 formam.passim
3061 5388 3298 5440 invenias

1759 5553 1816 5604 ὲν
1848 5552 1996 5618 δαιτῇ
2028 5547 2447 5618 κατειρωνεύειν.
2480 5546 2681 5602 Sensus
2707 5547 2914 5616 quidem
2950 5545 3000 5597 id
3041 5542 3290 5611 postulat.

1760 5621 1975 5676 Ficinus
2007 5621 2105 5670 hoc
2133 5618 2350 5670 verbum
2383 5619 2634 5685 praeterit.

1831 5688 2328 5758 (84)._Maxpaim-oc
2344 5684 2504 5750 βίου.
2531 5687 2641 5742 Iloc
2666 5687 2804 5739 malo
2830 5697 2983 5752 quam
3014 5684 3291 5753 μακραίω-

1757 5778 1847 5822 νας
1883 5759 2043 5826 βίους.
2076 5766 2134 5808 ιιι
2167 5759 2305 5824 apud
2333 5758 2624 5826 Platonem.

1830 5821 1938 5896 (85)
1962 5826 2148 5892 Χορόν
2179 5821 2248 5880 οὺ
2277 5828 2557 5896 δώσομεν.
2589 5825 2769 5896 Neque
2790 5821 2839 5874 id
2870 5821 3027 5896 vertit
3057 5821 3294 5896 Fioinus.

1760 5891 1946 5952 Notum
1991 5891 2072 5950 est
2123 5898 2213 5965 qui
2271 5891 2577 5967 tragm'diam
2626 5891 2880 5956 docebat,
2924 5891 3294 5967 hmc'legendi

1761 5983 1972 6041 quoque
2011 5964 2340 6035 docendique
2358 5964 2523 6022 'cbori
2567 5972 2879 6033 potestatem
2916 5964 3030 6017 lieri
3062 5964 3293 6019 solitam.
