4002 6340
109 432 245 486 1081

1256 434 1564 486 Ρίἶιίἰίἣδιῐῖ.
1606 433 1845 489 ΕΥᾹΝϋ.
1885 434 2007 487 LIB.
2046 435 2179 487 XIII.

3134 439 3268 496 1082

106 560 201 609 μοι
240 542 331 610 ἥδε
366 542 397 609 ἡ
432 542 563 609 τύχη
597 542 840 609 γέγονεν·
878 542 1010 593 ἀλλὰ
1034 542 1207 609 σχεδόν
1236 560 1283 591 τι
1321 544 1488 608 ὅμοιοι
1520 542 1624 609 φαί-

1744 542 1869 593 ιιιίΙιί
1902 558 2011 594 rem
2040 552 2237 596 attente
2282 544 2530 611 cogitanti
2558 545 2755 613 Optima
2798 548 3058 602 videatur.
3114 548 3272 616 Atqui

105 633 289 684 νονταί
337 649 442 699 μοι,
491 633 731 693 καὶτοὺς
776 633 965 693 αὐτοὺς
1007 631 1285 700 πρεσϐεύω
1338 633 1429 682 καὶ
1488 632 1641 699 τιμῶ,

105 724 313 792 ὠσπερ
341 722 431 772 καὶ
460 722 710 791 πρότερον
735 721 861 789 (91)·
899 716 993 771 Ὧν
1020 722 1109 772 ἐὰν
1138 722 1208 789 μὴ
1236 720 1420 788 βελτίω
1441 722 1644 789 ἔχωμεν

102 809 283 879 λέγειν
310 815 363 864 ἐν
395 812 469 879 τῷ
520 812 737 880 παρόντι
777 808 833 863 εὖ
872 812 996 872 ἴσθι,
1031 813 1108 863 ὅτι
1142 813 1198 862 οὐ
1233 814 1300 879 μή
1335 829 1410 863 σοι
1441 828 1645 879 συγχω-

98 904 279 967 ρήσω,
310 900 413 951 οὐδ’
448 901 512 951 ἂν
551 900 714 951 πλείω
752 900 857 950 τῶν
888 900 978 951 νῦν
1007 900 1280 967 παρόντων
1378 897 1481 949 τῶν
1520 898 1644 948 πολ-

94 990 210 1041 λῶν
262 992 502 1058 δύναμις,
555 990 737 1058 ῶσπερ
792 991 982 1051 παῖδας
1005 992 1146 1058 ἡμᾶς
1198 988 1640 1059 μορμολύττηται,

94 1078 331 1147 δεσμούς
364 1096 419 1129 τε
450 1079 541 1129 καὶ
571 1077 826 1139 Θανάτους
876 1078 1269 1146 ἐπιπέμπουσα,
1311 1078 1402 1128 καὶ
1437 1076 1643 1145 χρημά-

95 1184 211 1218 των
240 1169 560 1236 ἀφαιρέσεις.
596 1167 715 1228 Πῶς
748 1164 838 1218 οὖν
860 1167 923 1218 ἂν
951 1168 1282 1237 μετριώτατα
1318 1166 1643 1233 σκοποίμεϐα

94 1259 277 1320 αὑτάς
314 1259 371 1308 ΕΞ
407 1258 612 1328 πρῶτον
648 1258 741 1326 μὲν
768 1258 948 1309 τοῦτον
977 1257 1065 1309 τὸν
1098 1254 1249 1321 λόγον
1273 1256 1640 1323 ἀναλάϐωμεν,

91 1348 159 1397 ὃν
202 1350 266 1410 σὺ
310 1350 501 1414 λέγεις,
535 1348 622 1399 τὸν
671 1350 794 1419 περὶ
844 1348 949 1399 τῶν
992 1346 1173 1409 δοξῶν,
1211 1347 1429 1415 πότερον
1470 1346 1642 1407 καλῶς

93 1438 317 1504 ἐλέγετο
370 1441 641 1500 ἑκάστοτε,
679 1440 709 1508 ἢ
762 1439 840 1501 οὒ,
869 1440 946 1491 ὅτι
978 1441 1093 1501 ταῖς
1128 1439 1220 1506 μὲν
1251 1438 1328 1488 δεῖ
1349 1437 1451 1488 τῶν
1480 1438 1641 1501 δοξῶν

92 1528 386 1597 προσέχειν
407 1529 495 1580 τὸν
524 1528 662 1590 νοῦν,
692 1533 807 1591 ταῖς
833 1530 908 1590 8'5,
937 1528 995 1580 οὗ
1017 1547 1029 1558 ·
1058 1529 1090 1597 ἢ
1125 1529 1249 1597 πρίν
1288 1545 1351 1598 με
1376 1528 1481 1579 δεῖν
1511 1530 1641 1579 ἀπο-

92 1619 368 1687 Θνήσκειν,
409 1619 581 1681 καλῶς
614 1619 843 1685 ἐλέγετο,
883 1619 973 1671 νῦν
993 1620 1047 1671 δὲ
1086 1619 1375 1688 κατάδηλος
1402 1619 1504 1687 ἄρα
1525 1617 1640 1682 ἐγέ-

91 1724 242 1768 νετο,
281 1709 359 1758 ὅτι
397 1708 567 1769 ἄλλως
601 1708 759 1759 ἕνεκα
803 1707 956 1773 λόγου
990 1708 1222 1774 ἐλέγετο,
1259 1703 1324 1776 ἦν
1362 1707 1416 1758 δέ
1458 1705 1638 1757 ποιιὸιᾶ

91 1799 195 1847 καὶ
221 1797 451 1866 φλυαρία
481 1797 553 1859 ὡς
586 1797 812 1867 ἀληθῶς.
852 1798 1123 1867 Ἐπιθυμῶ
1147 1798 1189 1849 δ’
1223 1797 1390 1863 ἔγωγε
1422 1795 1638 1847 ἐπισκέ-

89 1885 320 1951 ψασθαι,
353 1879 396 1935 ὦ
428 1885 657 1955 Κρίτων,
693 1888 838 1955 κοινῇ
869 1886 1002 1955 μετὰ
1028 1885 1118 1937 σοῦ
1156 1884 1207 1936 εἴ
1233 1886 1282 1937 τί
1324 1902 1408 1953 μοι
1438 1883 1637 1936 ἀλλοιόο

88 1992 258 2044 τερος
286 1979 546 2042 φανεῖται,
569 1977 748 2043 ἐπειδὴ
781 1970 869 2028 ὧδ’
904 1976 1027 2045 ἔχω,
1060 1976 1092 2044 ἢ
1129 1978 1156 2027 ὁ
1189 1975 1346 2037 αὐτὸς
1371 1977 1461 2027 καὶ
1490 1976 1639 2027 ἐάσο-

94 2081 201 2132 μεν
233 2065 459 2137 χαίρειν,
486 2064 516 2133 ἢ
556 2064 844 2131 πεισόμεθα
870 2063 1030 2131 αὐτῷ.
1066 2063 1307 2129 Ἐλέγετο
1327 2062 1383 2114 δέ
1415 2080 1547 2125 πως,
1566 2062 1638 2124 ὡς

88 2151 328 2220 ἐγῷμαι,
369 2154 619 2204 ἑκάστοτε
667 2146 765 2204 ὧδε
812 2153 915 2204 ὑπὸ
943 2152 1047 2203 τῶν
1080 2152 1331 2219 οἰομένων
1365 2168 1415 2201 τι
1445 2151 1635 2217 λέγειν,

88 2242 283 2311 ὥσπερ
328 2243 419 2293 νῦν
459 2241 520 2310 δὴ
552 2240 658 2308 ἐγὼ
687 2242 884 2309 ἔλεγον,
909 2243 987 2293 ὅτι
1023 2242 1126 2293 τῶν
1156 2240 1318 2304 δοξῶν
1365 2241 1428 2301 ἂς
1463 2244 1509 2292 οἱ
1545 2241 1636 2293 ἄν·

86 2332 721 2402 Ορωποιδοξαζουσι,δέοι
748 2333 845 2395 τὰς
871 2334 963 2401 μὲν
996 2334 1119 2403 περὶ
1146 2333 1333 2384 πολλοῦ
1356 2333 1635 2395 ποιεῖσθαι,

86 2424 191 2484 τὰς
218 2424 273 2474 δὲ
302 2425 392 2493 μή.
430 2423 594 2475 Τοῦτο
630 2424 761 2493 πρὸς
784 2423 938 2484 θεῶν,
970 2418 1012 2475 tit
1036 2425 1339 2491 Κρίτων,οὑ
1368 2424 1509 2475 δοκεῖ
1539 2441 1635 2474 κα-

84 2512 201 2574 λῶς
238 2530 315 2563 σοι
348 2512 624 2579 λέγεσθαι;
649 2515 719 2564 Συ
746 2514 871 2584 γὰρ,
889 2516 986 2565 ὅσα
1018 2531 1079 2581 γε
1104 2513 1458 2581 τάνθρώπεια,
1486 2514 1635 2575 ἐκτὸς

86 2601 142 2654 εἴ
180 2604 274 2655 τοῦ
320 2604 526 2672 μέλλειν
565 2604 919 2674 ἀποθνήσκειν
969 2605 1171 2675 αὔριον,
1202 2606 1292 2657 καὶ
1342 2604 1438 2656 οὐκ
1479 2606 1541 2657 ἄν
1576 2622 1633 2656 σε

83 2696 428 2765 παρακρούοι
478 2700 508 2765 ἡ
551 2698 795 2767 παροῦσα
846 2697 1110 2767 συμφορά.
1141 2697 1333 2747 Σκόπει
1376 2697 1467 2765 δή.
1524 2694 1633 2764 Οὐχ

88 2787 295 2847 ἱκανῶς
337 2788 479 2839 δοκεῖ
512 2806 588 2839 σοι
622 2788 889 2854 λέγεσθαι,
930 2789 1009 2839 ὅτι
1042 2789 1100 2839 οὐ
1142 2787 1316 2851 πάσας
1348 2787 1449 2857 χρὴ
1481 2787 1634 2850 δόξας

82 2876 191 2937 τὰς
219 2876 325 2927 τῶν
363 2878 655 2947 ἀνθρώπων
690 2881 869 2947 τιμᾷν,
909 2878 1038 2931 ἀλλὰ
1068 2879 1165 2940 τὰς
1201 2880 1315 2947 μὲν,
1347 2880 1441 2941 τὰς
1467 2880 1508 2930 δ’
1540 2879 1629 2943 0‘3;

80 2968 212 3019 οὐδὲ
249 2970 483 3031 πάντων,
536 2970 666 3022 ἀλλὰ
721 2968 826 3020 τῶν
877 2970 990 3038 μὲν,
1025 2969 1130 3019 τῶν
1180 2970 1223 3022 δ’
1267 2969 1357 3031 οὖ;
1395 2970 1457 3021 Τί
1500 2969 1630 3039 φῄς

80 3057 261 3110 ταῦτα
285 3060 400 3128 οὐχὶ
430 3061 600 3123 καλῶς
624 3060 867 3127 λέγεται;
894 3091 959 3099 --
993 3060 1202 3123 Καλῶς.
1231 3093 1293 3099 -
1313 3060 1514 3112 Οὐκοῦν
1540 3061 1633 3122 τὰς

1746 648 1809 684 ne
1838 632 1890 683 in
1916 632 2017 684 hac
2041 632 2249 699 quidem
2282 632 2513 695 fortuna,
2546 650 2652 702 qua
2681 652 2819 689 nunc
2854 648 2994 691 utor.
3031 654 3149 706 quae
3174 655 3272 690 an-

1746 722 1897 774 tehac
1941 723 2035 775 abs
2083 738 2165 773 me
2195 724 2460 789 disputata
2510 734 2652 788 sunt,
2687 729 2963 794 repudiare
3008 744 3269 803 possunt;

1744 806 1813 856 ita
1842 802 1950 855 fere
1987 805 2114 856 mibi
2151 820 2361 872 semper
2384 808 2465 859 sui
2495 808 2686 862 similia
2727 812 2998 879 videntur;
3035 821 3274 890 adeoque

1743 896 1829 948 illa
1877 897 2019 965 ipsa,
2064 914 2181 963 qua}
2225 899 2409 966 prius,
2451 901 2737 966 amplector
2776 907 3062 960 etiamnum
3103 926 3164 962 ac
3190 928 3274 965 se-

1741 1001 1893 1053 quor.
1937 986 2139 1051 Quibus
2182 989 2403 1054 proinde
2444 990 2487 1041 si
2538 992 2728 1045 melius
2776 994 2943 1057 nihil,
2995 998 3094 1050 hoc
3129 1010 3268 1053 statu

1743 1092 1953 1139 rerum,
2005 1078 2144 1144 quod
2191 1078 2453 1141 dicamus,
2503 1084 2756 1145 occurrit,
2802 1101 3090 1152 nunquam,
3138 1092 3267 1143 mihi

1740 1172 1926 1231 crede,
1977 1169 2067 1220 tibi
2110 1168 2400 1231 assentiar;
2451 1185 2517 1222 ne
2563 1171 2607 1222 si
2653 1173 2805 1226 nobis
2844 1176 3049 1242 quidem
3094 1180 3265 1246 plura,

1743 1275 1899 1327 quam
1928 1260 2100 1312 adhuc
2128 1259 2424 1319 videamus,
2464 1260 2897 1317 terriculamenta
2937 1267 3013 1318 vis
3054 1268 3135 1320 illa
3171 1286 3267 1338 po-

1740 1350 1847 1416 puli
1873 1359 2121 1417 tanquam
2150 1350 2325 1416 pueris
2350 1348 2636 1413 obiecerit,
2669 1353 2875 1406 vincula
2899 1396 2913 1419 ,
2939 1366 3133 1411 mortes
3151 1400 3163 1421 ,
3202 1374 3265 1411 ac

1738 1442 1995 1493 bonorum
2026 1441 2348 1508 direptiones
2401 1442 2729 1494 intentando.
2769 1444 2900 1507 Quis
2927 1446 3086 1512 igitur
3114 1463 3143 1499 a
3178 1464 3267 1501 no-

1738 1529 1820 1581 bis
1849 1528 2081 1596 optimus
2112 1529 2193 1580 bis
2224 1528 2274 1579 in
2313 1528 2471 1580 rebus
2516 1529 2839 1584 aestimandis
2888 1512 3127 1585 adhiberi
3160 1550 3268 1586 mo-

1736 1618 1835 1671 dus
1882 1619 2109 1685 poterit?
2157 1617 2427 1685 Principio
2470 1618 2710 1685 quidem,
2748 1621 2790 1671 si
2835 1630 2977 1673 tuam
3021 1622 3162 1675 illam
3201 1626 3267 1677 de

1737 1707 2076 1774 Opiniouibus
2105 1707 2515 1775 disputationem
2544 1709 2853 1776 repetimus,
2891 1721 3102 1770 rectene
3123 1714 3266 1767 vide-

1738 1798 1876 1856 licet.
1910 1814 1975 1850 an
2008 1813 2181 1859 secus,
2211 1800 2412 1850 dictum
2444 1799 2687 1851 universe
2714 1798 2890 1863 fuerit,
2917 1802 2967 1852 in
2996 1805 3264 1857 nonnullis

1738 1888 2075 1955 opinionibus
2104 1889 2546 1955 acquiescendum
2586 1903 2724 1948 esse,
2764 1889 2813 1940 in
2846 1890 2964 1942 aliis
2996 1892 3213 1943 minime
3246 1910 3259 1945 :

1738 1995 1802 2032 an
1842 1979 2050 2048 potius,
2103 1990 2385 2047 antequam
2434 1979 2563 2031 mibi
2614 1989 2755 2033 esset
2799 1981 3056 2035 moriendi
3088 1982 3262 2035 oblata

1737 2072 2026 2125 necessitas
2046 2113 2058 2134 ,
2088 2080 2227 2123 recte
2260 2072 2308 2123 id
2338 2087 2400 2124 ac
2434 2087 2554 2124 rere
2576 2072 2840 2125 diceretur
2863 2112 2877 2136 ,
2916 2089 3055 2127 nunc
3087 2082 3259 2127 autem

1738 2160 1891 2228 plane
1914 2160 2243 2223 constiterit,
2278 2169 2391 2212 tum
2417 2157 2628 2228 quidem
2653 2162 2823 2223 aliter,
2852 2164 2943 2216 sed
2972 2164 3103 2218 dicis
3144 2174 3263 2218 tan-

1737 2260 1848 2303 tum
1883 2266 2041 2302 causa
2094 2250 2445 2317 disputatum,
2477 2254 2647 2320 reipsa
2677 2262 2850 2305 tamen
2882 2254 3062 2306 ludum
3096 2256 3145 2307 id
3180 2265 3260 2307 to-

1737 2350 1846 2393 tum
1876 2356 1937 2393 ac
1968 2355 2134 2409 nugas
2160 2339 2342 2395 fuisse.
2369 2342 2478 2409 Ego
2504 2358 2628 2395 vero
2658 2352 2828 2395 tecum
2859 2359 2982 2404 una,
3002 2344 3071 2395 mi
3092 2344 3257 2408 Crito,

1736 2432 2005 2484 attendere
2031 2420 2170 2484 n'unc
2192 2439 2245 2484 et
2266 2432 2539 2499 explorare
2568 2416 2723 2499 cupio
2743 2474 2757 2498 ,
2784 2449 2909 2485 num
2945 2434 3079 2487 alius
3104 2435 3255 2498 mihi,

1735 2528 2009 2585 postquam
2035 2520 2183 2572 hunc
2214 2520 2265 2571 in
2298 2521 2471 2573 locum
2501 2520 2875 2590 fortunamque
2910 2523 3047 2582 veni,
3083 2539 3259 2576 sermo

1734 2608 1820 2659 ille
1850 2608 2109 2673 videatur,
2144 2608 2303 2677 652
2343 2624 2408 2661 an
2436 2625 2659 2677 prorsus
2683 2611 2827 2663 idem
2875 2630 2887 2663 :
2935 2625 2998 2664 ac
3038 2614 3259 2678 proinde

1735 2706 1913 2751 utrum
1963 2714 2082 2751 eum
2124 2698 2383 2753 facessere
2421 2701 2739 2768 jubeamus.
2782 2716 2847 2753 an
2874 2702 3041 2753 cidem
3074 2717 3258 2769 parea-

1732 2799 1872 2836 mus.
1916 2783 2048 2837 Tum
2083 2785 2319 2852 quidem,
2352 2788 2561 2854 Opinor,
2601 2790 2677 2841 uti
2706 2789 2925 2855 jamjam
2976 2789 3086 2854 ipse
3113 2790 3256 2843 dice-

1730 2872 1874 2934 bam,
1922 2874 1972 2926 id
2024 2875 2292 2926 communi
2324 2872 2566 2941 quodam
2601 2891 2805 2939 eorum,
2842 2878 2930 2942 qui
2974 2876 3170 2944 aliquid
3200 2894 3259 2929 se

1730 2963 1905 3025 dicere
1948 2965 2359 3027 existimabant,
2406 2965 2608 3030 judicio
2658 2968 3023 3030 statuebatur;
3074 2982 3138 3020 ex
3190 2969 3257 3023 iis

1731 3068 1848 3122 quae
1876 3053 1927 3105 in
1971 3054 2243 3107 hominum
2271 3055 2523 3123 opinione
2547 3066 2826 3109 versantur
2849 3096 2864 3119 ,
2915 3060 3014 3110 alia
3043 3059 3257 3125 plurimi

85 3148 193 3216 μὲν
247 3150 482 3218 χρηστὰς
530 3152 708 3219 τιμᾷν,
742 3150 937 3212 τὰςδδέ
993 3150 1226 3220 πονηρὰς
1258 3151 1360 3220 μή;
1396 3182 1464 3189 -
1501 3149 1622 3201 Ναί.

1734 3142 1969 3198 facienda
2016 3159 2153 3205 esse,
2201 3145 2305 3197 alia
2352 3160 2523 3198 secus.
2584 3145 2695 3199 lIoc
2737 3147 2898 3215 igitur
2931 3164 3021 3216 per
3043 3150 3190 3213 deos,
3223 3166 3257 3203 ο

80 3238 337 3304 Χρησταὶ
365 3238 419 3289 δὲ
446 3241 539 3307 οὐχ
574 3243 625 3291 αἱ
654 3240 757 3292 τῶν
791 3240 1059 3308 φρονίμων
1096 3242 1317 3308 πονηραὶ
1352 3240 1406 3289 δὲ
1440 3242 1491 3291 αἱ
1523 3240 1628 3291 τῶν

81 3326 369 3395 ἀφρόνων;
404 3358 469 3366 ——
513 3329 633 3389 Πῶς
662 3329 715 3379 δὲ
754 3329 848 3393 οὔ;
895 3330 1027 3397 Φέρε
1074 3330 1156 3398 δὴ,
1192 3328 1306 3390 πῶς
1338 3324 1403 3380 αὖ
1432 3329 1497 3379 τὰ
1526 3346 1631 3379 τοι-

80 3416 225 3467 αὔτα
264 3415 499 3482 ἐλέγετο;
538 3417 939 3486 Γυμναζόμενος
972 3417 1129 3485 ἀνὴρ,
1160 3416 1249 3466 καὶ
1279 3416 1430 3467 τοῦτο
1458 3418 1628 3485 πράτ-

79 3522 194 3555 των
224 3504 352 3571 (9'2),
386 3506 605 3574 πότερον
641 3507 836 3568 παντὸς
868 3505 1053 3574 ἀνδρὸς
1083 3506 1304 3574 ἐπαίνῳ,
1344 3507 1433 3558 καὶ
1458 3494 1623 3576 eam,

78 3595 180 3645 καὶ
211 3594 333 3665 δόξῃ
359 3595 445 3647 τὴν
476 3594 596 3647 νοῦν
621 3596 887 3665 προσέχει,
918 3594 949 3664 ἧ
975 3595 1088 3656 ἐνὸς
1124 3595 1279 3663 μόνου
1315 3597 1539 3661 ἐκείνου,
1570 3598 1626 3659 ὃς

76 3686 150 3737 ἂν
179 3686 415 3756 τυγχάνῃ
446 3685 642 3754 ἰατρὸς,
670 3684 700 3754 ἢ
727 3683 1068 3753 παιδοτρίϐης
1105 3681 1207 3743 ῶνς
1238 3715 1305 3723 --
1341 3684 1485 3747 Ἑνὸς
1536 3686 1623 3754 μό-

77 3774 490 3827 νου.-Οὐκοῦν
513 3773 783 3842 φοὸεῖσθαι
808 3774 908 3843 χρὴ
942 3775 1063 3834 τοὺς
1092 3772 1304 3840 ψόγους,
1332 3776 1423 3825 καὶ
1454 3776 1624 3828 ἁσπάε

76 3865 271 3925 ζεσΘαι
301 3869 422 3927 τοὺς
454 3866 700 3928 ἐπαίνους
717 3866 838 3937 τοὺς
857 3863 946 3917 τοῦ
972 3866 1084 3926 ἐνὸς
1119 3866 1319 3916 ἐκείνου
1342 3864 1468 3933 (95),
1495 3866 1624 3918 ἀλλὰ

79 3955 161 4022 μὴ
193 3958 315 4017 τοὺς
342 3955 446 4007 τῶν
472 3955 695 4007 πολλῶν.
732 3955 1037 4025 -Δηλαδή.
1069 3987 1127 3994 —-
1148 3956 1324 4025 Ταύτῃ
1354 3955 1457 4026 ἄρα
1484 3973 1622 4026 πρα-

74 4046 238 4097 κτέον
283 4047 447 4115 αὐτῷ,
487 4049 577 4099 καὶ
627 4047 976 4116 γυμναστέον,
1014 4048 1104 4098 καὶ
1137 4047 1372 4099 ἐδεστέον
1417 4045 1621 4112 γε,·καὶ

74 4132 346 4208 ποτέον,ᾖ
378 4139 441 4189 ἂν
465 4137 540 4206 τῷ
573 4139 651 4189 ἐν)⁵
687 4139 811 4207 δοκῇ
850 4136 925 4205 τῷ
963 4135 1351 4203 ἐπιστάτῃ,καὶ
1384 4136 1619 4186 ἐπαΐοντι

74 4225 301 4295 μᾶλλον,
348 4227 379 4295 ἢ
424 4224 660 4297 ξ-Ξμπασι
701 4231 811 4289 τοῖς
861 4227 1054 4286 ἄλλοις.
1082 4254 1145 4261 --
1172 4226 1321 4275 Ἐστι
1352 4224 1619 4275 ταῦτα.-

70 4313 225 4370 Εἵεν.
273 4317 593 4381 Ἀπειθήσας
622 4317 675 4368 δὲ
698 4316 773 4384 τῷ
813 4316 891 4365 ἐνὶ
928 4315 1016 4365 καὶ
1046 4315 1309 4381 ἀτιμάσας
1334 4313 1491 4364 αὑτοῦ
1522 4314 1616 4382 τὴν

67 4407 235 4471 δόξαν
270 4407 361 4457 καὶ
407 4407 529 4467 τοὺς
559 4406 823 4467 ἐπαίνους,
856 4406 1088 4472 τιμήσας
1111 4404 1165 4455 δὲ
1204 4406 1324 4466 τοὺς
1353 4404 1458 4455 τῶν
1488 4404 1607 4456 πολ-

1730 3232 1897 3295 Crito,
1925 3248 2029 3285 non
2057 3233 2149 3285 tibi
2176 3242 2317 3286 recte
2345 3235 2503 3287 statui
2529 3235 2773 3288 videtur?
2827 3235 2956 3289 Nam
2982 3247 3056 3300 tu,
3090 3254 3257 3306 quan-

1728 3330 1837 3374 tum
1864 3338 1991 3377 sane
2036 3324 2345 3377 humanitus
2371 3325 2621 3379 alIirmari
2650 3336 2846 3395 potest,
2873 3337 3020 3381 extra
3048 3328 3255 3394 pericu-

1726 3409 1833 3461 lum
1865 3426 1922 3464 es
1951 3414 2185 3464 crastino
2219 3414 2302 3464 die
2329 3414 2613 3478 moriendi,
2633 3432 2729 3469 nec
2750 3417 2990 3483 estquod
3023 3431 3255 3483 prwscns

1726 3499 1811 3553 hic
1840 3510 1889 3553 te
1919 3516 2075 3555 casus
2102 3511 2463 3561 transversum
2489 3488 2644 3573 agat.
2672 3506 2892 3558 Attende
2920 3520 3064 3573 ergo.
3115 3504 3250 3559 Num

1726 3598 1779 3641 tu
1805 3600 1923 3657 apte
1951 3592 2074 3642 illud
2107 3607 2169 3645 ac
2195 3593 2315 3660 jure
2344 3591 2446 3645 dici
2494 3594 2788 3656 arbitraris,
2839 3610 2935 3647 nec
2977 3595 3255 3662 opiniones

1724 3680 1999 3731 hominum
2048 3696 2232 3735 omnes
2277 3688 2396 3735 esSe
2437 3681 2748 3745 laudandus,
2781 3684 2870 3736 sed
2902 3685 3107 3751 aliquas
3138 3696 3252 3737 tan-

1726 3778 1858 3829 tum,
1882 3770 2017 3823 alias
2049 3786 2153 3823 non
2180 3771 2304 3824 item
2338 3790 2349 3824 :
2382 3788 2477 3825 nec
2501 3773 2737 3824 omnium
2764 3775 2923 3826 etiam
2954 3776 3248 3831 liouiinum.

1678 3889 1684 3894 -
1722 3861 1811 3912 sed
1837 3861 2137 3927 aliquorum
2169 3861 2447 3922 duntaxat,
2484 3863 2708 3915 aliorum
2739 3865 2927 3916 secus?
2965 3863 3099 3926 Quid
3125 3863 3201 3914 ais
3228 3862 3251 3911 ?

1720 3950 1969 4019 Nunquid
2013 3952 2151 4005 istud
2196 3964 2339 4006 recte
2373 3953 2604 4006 dicitur?
2629 3984 2697 3993 —-
2731 3955 2972 4005 Rectc.—
3008 3951 3249 4005 Laudan-

1722 4042 1818 4093 das
1864 4056 1994 4108 ergo
2027 4059 2145 4111 qua:
2176 4044 2327 4097 bona:
2376 4055 2517 4107 sunt,
2564 4059 2682 4111 qua:
2726 4058 2920 4110 pravae,
2966 4042 3249 4109 repudiati»

1719 4130 1854 4185 das?
1881 4161 1945 4169 -—
1969 4133 2065 4184 Ita.
2094 4164 2162 4171 —
2192 4133 2365 4186 Bonas
2389 4144 2564 4185 autem
2598 4148 2698 4183 non
2730 4147 2820 4184 eas
2848 4139 2900 4183 tu
2926 4145 3101 4195 vocas,
3129 4148 3249 4201 qua

1719 4240 1746 4275 a
1780 4224 2149 4291 prudentibus,
2197 4225 2367 4276 malas
2410 4232 2625 4285 contra,
2661 4237 2777 4289 qua:
2803 4221 2869 4273 ab
2896 4220 3248 4287 imprudenti-

1716 4312 1815 4364 bus
1883 4312 2250 4364 itubibuutur?
2300 4334 2359 4352 -—‘—
2409 4311 2542 4374 Quid
2588 4312 2727 4362 enim
2781 4311 2923 4364 aliud
2982 4312 3247 4365 dicerem?

1714 4402 1822 4466 Age
1869 4406 2029 4462 hunc,
2079 4401 2523 4467 quemadmodum
2560 4402 2657 4454 ista
2704 4418 2862 4469 porro
2902 4404 3244 4471 disputaban-

72 4497 185 4548 λῶν
208 4498 295 4548 καὶ
319 4496 477 4566 μηδὲν
503 4494 811 4557 ἐπαϊόντων,
840 4490 945 4563 ἆρα
975 4494 1121 4546 οὐδὲν
1156 4495 1317 4547 κακὸν
1345 4494 1611 4557 πείσεται;

1725 4495 1838 4548 tur?
1869 4494 1968 4559 Qui
2003 4499 2053 4547 in
2090 4497 2484 4565 gymnasiorum
2518 4489 2985 4550 cicrcitationibus
3008 4496 3253 4550 studiose

148 4674 261 4743 (91)
298 4674 527 4743 Οὖσπερ
569 4671 663 4743 καὶ
711 4674 1007 4740 πρότερον.
1047 4673 1269 4726 Animus
1302 4673 1610 4741 philosopho

70 4742 295 4808 dignus.
322 4742 457 4794 Audi
488 4753 537 4795 et
569 4742 846 4799 Senecam.
880 4744 968 4795 sed
988 4744 1095 4809 jam
1114 4758 1329 4805 ,seuem,
1365 4759 1425 4795 ac
1454 4746 1608 4795 morti

70 4813 547 4881 propinquiorem,
590 4814 742 4878 epist.
772 4812 839 4863 26
871 4829 883 4863 :
922 4811 1030 4880 Ego
1066 4823 1212 4881 certe.
1258 4813 1445 4878 inquit,
1478 4812 1610 4863 velut

69 4880 449 4948 appropinquat
493 4884 913 4946 experimentum,
958 4891 1004 4933 et
1048 4880 1133 4931 ille
1172 4880 1371 4931 laturus
1404 4892 1607 4932 senten-

70 4957 206 5002 tiam
235 4949 295 4999 de
322 4950 552 5001 omnibus
586 4952 734 5001 annis
766 4952 887 5001 meis
931 4952 1037 5000 dies
1067 4950 1254 4999 venerit
1300 4950 1372 4999 ita
1415 4966 1492 5000 me
1520 4950 1608 5000 ob-

69 5033 221 5071 servo
252 5026 300 5068 et
344 5018 599 5085 alloquor.
642 5016 795 5069 Nihil
836 5027 945 5078 est,
979 5020 1207 5085 inquam,
1248 5017 1433 5077 adhuc,
1472 5022 1605 5085 quod

67 5095 166 5139 aut
204 5085 372 5145 rebus,
412 5083 501 5136 aut
546 5086 708 5137 verbis
750 5086 1090 5136 exhibuimus.
1126 5083 1279 5135 Levia
1318 5096 1435 5137 sunt
1482 5083 1600 5148 ista,

64 5166 117 5208 et
160 5154 374 5222 fallacia
406 5154 623 5221 pignora
655 5155 837 5215 animi,
862 5154 1136 5221 multisque
1157 5153 1385 5205 involuta
1414 5155 1604 5207 lenoci-

68 5221 195 5275 niis.
247 5221 382 5284 Quid
423 5223 751 5286 profecerim,
790 5223 942 5272 morti
989 5222 1275 5272 crediturus
1317 5239 1447 5273 sum.
1484 5224 1600 5276 Non

70 5290 254 5344 timide
286 5306 559 5356 componor
602 5290 668 5340 ad
698 5290 844 5340 illum
888 5293 1040 5352 diem,
1074 5306 1191 5355 quo,
1228 5294 1431 5342 remotis
1462 5305 1600 5343 stro-

73 5362 189 5429 phis
224 5375 282 5409 ac
312 5359 464 5424 fucis,
486 5359 558 5429 ide
588 5374 665 5409 me
701 5359 1031 5429 judicaturns
1056 5374 1188 5429 sum.
1222 5369 1393 5429 utrum
1420 5360 1602 5426 loquar

68 5427 239 5495 fortia
268 5444 333 5479 an
362 5428 581 5479 sentiam
612 5444 628 5477 :
660 5427 888 5494 nunquid
918 5428 1179 5477 simulatio
1217 5427 1395 5492 fuerit,
1422 5440 1465 5479 et
1501 5433 1599 5481 mi-

67 5516 223 5559 mus,
266 5496 513 5564 quidquid
562 5504 740 5545 contra
794 5497 1053 5561 fortunam
1083 5495 1279 5559 jactari
1334 5497 1599 5549 verborum

68 5569 468 5620 contumacium.
504 5564 884 5626 Disputationes
923 5574 968 5614 et
996 5564 1217 5615 litterata
1243 5564 1519 5631 colloquia,
1551 5580 1597 5618 et

68 5652 139 5689 ea:
188 5636 455 5702 pra'ceptis
494 5634 798 5700 sapientium
830 5632 975 5684 verba
1019 5634 1250 5695 collecta,
1278 5644 1323 5684 et
1364 5636 1597 5687 eruditus

68 5720 260 5765 sermo,
301 5720 398 5757 non
428 5703 695 5754 ostendunt
741 5718 909 5752 verum
936 5703 1089 5753 robur
1128 5703 1307 5753 animi.
1344 5702 1430 5753 Est
1465 5707 1597 5755 enim

70 5774 244 5826 oratio
284 5776 439 5825 etiam
475 5773 811 5824 timidissimis
862 5774 1050 5823 audax.
1086 5772 1218 5833 Quid
1250 5774 1439 5830 tueris.
1479 5784 1594 5825 tunc

1705 4670 1989 4738 apparebit,
2034 4684 2146 4719 cum
2188 4669 2415 4739 animum
2458 4686 2595 4739 ages.
2644 4669 2777 4723 Vide
2825 4680 2875 4723 et
2906 4668 3111 4735 epistol.
3147 4668 3233 4721 30.

1704 4741 1886 4805 Qualis
1931 4748 2166 4791 extremo
2212 4738 2301 4789 illo
2336 4738 2503 4801 actu,
2532 4740 2698 4805 rcipsa
2752 4739 2937 4795 fuerit,
2971 4738 3141 4789 disces
3172 4756 3236 4791 ex

1704 4810 1914 4871 Tacito,
1958 4808 2046 4859 lib.
2086 4806 2274 4858 Annal.
2313 4824 2416 4867 xv,
2453 4825 2570 4861 nam
2623 4822 2896 4875 supremas
2938 4806 3052 4873 ejus
3082 4823 3235 4859 voces

1705 4889 1997 4941 temporum
2031 4876 2214 4927 invidit
2247 4877 2463 4943 injuria.

1772 4948 1883 5012 (9:2:
1912 4946 2085 4998 Τοῦτο
2114 4945 2396 5010 πράττων.
2443 4945 2600 4997 Malui
2632 4959 2735 5012 uno
2766 4943 2945 5005 verbo,
2982 4944 3227 4995 studiose.

1703 5008 1842 5067 Idem
1872 5025 2045 5067 tamen
2082 5008 2179 5077 est,
2206 5016 2344 5082 quod
2389 5014 2559 5066 Latini
2597 5027 2624 5061 a
2666 5008 2833 5063 Numa
2866 5014 3110 5071 instituti,
3148 5028 3233 5064 sc-

1704 5087 1799 5137 riis
1828 5086 1879 5135 in
1912 5086 2088 5147 rebus,
2120 5099 2181 5136 ac
2220 5084 2507 5149 praesertim
2543 5082 2592 5131 in
2626 5082 2789 5149 sacris
2833 5083 3181 5134 admonebant
3215 5098 3227 5131 ε

1708 5154 1816 5205 Hoc
1853 5170 1962 5221 age.
1996 5145 2264 5205 Plutarch.
2312 5153 2360 5202 in
2391 5149 2581 5221 Numa
2614 5165 2631 5200 :
2656 5145 2762 5221 fﬂy
2800 5150 2941 5218 ἴχνος
2986 5169 3045 5221 τι
3076 5150 3231 5221 μέχρι

1703 5223 1794 5273 νῦν
1820 5218 2331 5287 διασώζοντεςηὸταν
2371 5219 2545 5288 ἄρχων
2578 5218 2709 5286 πρὸς
2740 5219 2938 5288 ὄρνισιν
2970 5220 2998 5286 ἢ
3028 5218 3231 5288 θυσίαις

1704 5293 1943 5360 ὃιατρίϐῃ
1964 5332 1975 5351 ,
2000 5358 2010 5360 ᾼ
2034 5286 2538 5360 βοῶσινΟΚ-ΑῘῘΕ.
2589 5286 2832 5356 σημαίνει
2880 5289 2933 5339 δὲ
3059 5287 3226 5360 φωνῇ,

1708 5352 1877 5412 Τοῦὲο
1906 5352 2154 5426 ἓρᾶὸτσε.
2194 5357 2332 5426 Ideni
2369 5356 2417 5405 in
2454 5355 2596 5407 “om.
2628 5352 2936 5426 qiucstiona:
2978 5352 3225 5426 Ῥωμαῖοι

1699 5430 1757 5480 τὸ
1803 5422 2020 5480 παλαιὸν
2054 5429 2106 5475 ἐν
2145 5428 2261 5484 ταῖς
2309 5425 2513 5492 ἑορταῖς
2561 5422 2709 5477 οὐδὲν
2754 5425 3077 5493 ᾠκονόμουν,
3111 5422 3226 5493 οὐδὲ

1702 5498 2021 5567 ἐφρόντιζον,
2055 5494 2162 5543 ἀλλ’
2205 5493 2235 5561 ἢ
2270 5495 2393 5563 περὶ
2425 5496 2546 5556 τοὺς
2592 5496 2740 5556 Οεοὺς
2770 5492 3100 5561 ἠσχολοῦντο,
3135 5492 3226 5542 καὶ

1698 5568 1848 5617 τοῦτο
1880 5566 2155 5631 ἔπραττον.

1768 5636 1872 5699 (95)
1898 5629 2001 5683 7255
2018 5632 2149 5693 ἑνὸς
2167 5632 2647 5685 éxec’rov.'Seueca
2691 5633 2740 5683 in
2778 5641 3001 5699 quantum
3030 5629 3184 5696 epist.
3207 5647 3223 5685 :

1698 5696 2060 5767 AI'iI'HlN’Nlum
2111 5703 2316 5766 pessimi
2377 5703 2523 5752 turba
2574 5712 2666 5751 est.
2727 5700 2834 5753 Et;
2885 5696 3228 5753 Νηηιεγαηαα

1699 5789 1793 5823 non
1822 5780 1933 5822 sunt
1966 5771 2175 5831 iudicia,
2210 5773 2293 5823 sed
2327 5771 2671 5827 ponderanda.
