4004 6342
47 436 183 490 1089

1132 432 1439 486 ΡΒᾹλΡΔΙὶ.
1481 429 1729 483 EVANG.
1772 431 1894 484 LIB.
1924 431 2055 484 XIII.

3097 436 3234 488 1090

41 552 163 603 σθαί
199 566 264 616 γε
297 551 422 620 χρή.
476 549 609 600 Ἀλλ’
643 550 705 600 ὲκ
749 551 842 618 μὲν
876 549 1072 601 τούτων
1102 552 1204 602 τῶν
1236 553 1410 603 τόπων
1439 561 1572 603 απα-

1681 550 1816 613 apu.l
1852 551 2094 602 homines
2118 550 2168 601 in
2206 551 2373 617 pretio
2397 566 2516 604 esse
2546 552 2774 605 debere?
2816 551 2919 607 Nec
2944 564 3094 621 turpe.
3125 554 3227 606 Su'

41 642 174 707 ρεῖς,
215 640 364 707 ἥξεις
392 640 447 690 δέ
486 641 562 700 εἰς
591 640 898 701 Θετταλίαν,
926 642 1071 710 παρά
1108 644 1230 703 τοὺς
1258 641 1433 704 ξένους
1465 643 1587 702 τοὺς

40 731 336 797 Κρίτωνος.
391 731 532 782 Ἐκεῖ
558 730 663 798 γάρ
696 731 758 799 δὴ
793 731 1012 800 πλείστη
1053 732 1240 794 ἀταξία
1270 734 1359 784 καὶ
1398 732 1589 784 ἀκολα-

41 823 148 870 σία.
199 823 310 874 Καὶ
363 823 487 883 ἴσως
518 821 582 873 ἂν
627 822 792 890 ἡδέως
823 839 911 874 σου
945 823 1204 885 ἀκούοιεν,
1251 824 1323 886 ὡς
1373 824 1587 888 γελοίως

39 909 99 956 ἐκ
131 908 226 958 τοῦ
275 909 644 978 δεσμωτηρίου
692 911 1097 980 ἁπεδίδρασκες,
1132 915 1328 981 σκευήν
1372 916 1428 965 τὲ
1472 932 1588 966 τινα

41 997 395 1066 περιθέμενος
427 1001 457 1066 ἧ
498 1001 748 1070 δισθέραν
772 1001 962 1061 λαϐὼν.
990 1003 1020 1072 ἧ
1047 1003 1174 1055 ἄλλα
1205 999 1288 1055 οἷα
1318 1005 1378 1073 δὴ
1403 1005 1585 1057 εἰώθα-

43 1100 122 1134 σιν
159 1088 574 1150 ἐνσκευάζεσθαι
612 1090 662 1139 οἱ
688 1089 1178 1160 ἀποδιδράσκοντες,
1207 1094 1298 1144 καὶ
1323 1094 1382 1144 τὸ
1407 1095 1584 1161 σχῆμα.

41 1177 97 1227 τὸ
125 1177 326 1228 σαυτοῦ
362 1179 708 1247 μεταλλάξας.
740 1183 858 1235 Ὅτι
898 1184 951 1235 δὲ
983 1185 1157 1254 γέρων
1191 1185 1358 1252 ἀνὴρ,
1393 1185 1584 1253 μικροῦ

44 1268 231 1335 χρόνου
274 1267 349 1335 τῷ
377 1270 474 1337 βίῳ
499 1270 680 1324 λοιποῦ
713 1273 880 1336 ὄντος,
909 1274 980 1336 ὡς
1011 1276 1070 1324 τὸ
1099 1275 1261 1338 εἰκὸς,
1293 1275 1586 1344 ἐτόλμησας

43 1358 176 1409 οὕτω
202 1359 468 1428 γλίσχρως
495 1360 772 1430 ἐπιθυμεῖν
801 1361 916 1432 ζῇν,
941 1366 1131 1432 νίμους
1152 1365 1273 1424 τοὺς
1305 1365 1585 1433 μεγίστους

45 1448 326 1515 παραϐάς·
379 1450 548 1512 ούδεὶς
600 1451 658 1512 ὃς
713 1454 823 1520 ἐρεῖ
849 1453 958 1521 (Ι);
997 1455 1186 1516 Ἴσως,
1247 1452 1310 1504 ἂν
1366 1454 1584 1521 μήτινα

43 1537 284 1606 λυπήσῃς
305 1555 318 1566 ο
348 1541 394 1590 εἰ
423 1539 475 1590 δὲ
506 1541 598 1609 μὴ.
639 1541 862 1610 ἀκούσῃ,
895 1536 938 1592 ὦ
965 1541 1264 1611 Σώκρατες,
1301 1542 1464 1594 πολλὰ
1493 1543 1583 1595 καὶ

44 1628 230 1692 ἀνάξια
261 1629 474 1680 σαυτοῦ.
525 1631 914 1701 ’Υπερχόμενος
959 1632 1020 1701 δὴ
1058 1632 1226 1704 βιώσῃ
1253 1634 1454 1695 πάντας
1495 1635 1584 1685 ἀν-

44 1719 306 1787 θρώπους,
331 1720 422 1770 καὶ
453 1719 728 1773 δουλεύων
762 1722 811 1772 τί
845 1721 1006 1773 ποιῶν
1032 1739 1044 1786 ;
1083 1722 1113 1791 ἢ
1139 1722 1498 1791 εὐωχούμενος
1527 1725 1581 1773 ἐν

40 1810 334 1879 θετταλίας
391 1810 575 1880 ὥσπερ
621 1812 709 1862 ἐπὶ
758 1811 967 1864 δεῖπνον
1024 1813 1440 1882 ἀποδεδημηκὼς
1501 1815 1579 1876 εἰς

1685 638 1845 689 cratis
1881 638 2074 690 factum
2114 639 2281 690 visum
2332 640 2394 690 iri
2446 641 2756 694 existimas?
2809 646 2876 695 At
2915 646 3226 698 existiman-

1684 725 1808 776 dum
1842 741 1988 779 sane.
2048 725 2275 788 Verum,
2324 727 2388 778 iis
2437 736 2489 779 tu
2540 729 2739 784 relictis
2784 731 2914 784 locis
2964 733 3229 795 videlicet,

1686 812 2019 868 Thessaliam
2044 817 2267 883 cogitas,
2292 817 2525 871 Critonis
2553 819 2790 887 hospites
2819 820 3080 876 aditurus.
3122 824 3230 876 Illis

1685 904 1824 954 cuitu
1853 905 2016 957 effusa
2057 908 2297 973 qu;edam
2334 907 2558 961 licentia:
2586 910 2663 962 vis
2700 918 2800 972 est,
2836 927 2898 965 ac
2925 913 3234 979 petulantia:

1686 995 1855 1060 copia.
1902 994 1962 1046 lit
1991 995 2235 1048 fortassis
2265 1012 2326 1048 ex
2366 1007 2414 1050 te
2442 999 2668 1052 libenter
2699 1001 2937 1065 audient,
2963 1020 3124 1072 quam
3165 1008 3232 1057 ri-

1686 1086 1860 1137 dicule
1884 1085 2154 1154 aufugeris
2184 1103 2244 1139 cx
2279 1104 2512 1149 carcere,
2547 1091 2729 1143 habitu
2758 1095 2939 1146 nescio
2965 1109 3074 1160 quo
3094 1134 3107 1156 ,
3137 1105 3232 1146 aut

1685 1174 1817 1241 pelie
1846 1176 2074 1242 quadam
2109 1178 2396 1239 involutus,
2428 1189 2518 1231 aut
2541 1180 2646 1233 alio
2668 1183 2902 1249 quolibet
2940 1185 3224 1251 ejusmodi,

1684 1263 1824 1329 quod
1867 1263 2089 1317 induere
2122 1265 2364 1319 homines
2394 1267 2600 1337 fugitivi
2632 1271 2822 1334 solent,
2851 1273 3052 1325 vultum
3086 1274 3227 1328 insu-

1685 1367 1780 1418 per
1799 1354 2140 1421 ‘speciemque
2168 1364 2308 1408 tuam
2345 1359 2618 1412 mentitus.
2674 1358 2810 1424 Quid
2847 1363 3042 1429 porro?
3073 1373 3225 1417 vetu-

1685 1442 1790 1492 lum
1817 1442 2104 1506 hominem,
2132 1445 2239 1506 cui,
2272 1453 2327 1498 ut
2357 1447 2530 1500 simile
2554 1450 2665 1502 veri
2691 1466 2789 1517 est,
2821 1467 3008 1519 parum
3039 1455 3224 1509 admo-

1685 1529 1808 1583 dum
1859 1533 1976 1586 vita:
2020 1533 2339 1602 superesset,
2382 1536 2715 1605 gravissimis
2739 1541 2948 1610 legibus
2989 1546 3224 1604 violatis.

1686 1630 1790 1670 tam
1838 1622 2048 1675 sordide
2097 1639 2158 1676 ac
2203 1627 2383 1693 putide
2425 1627 2634 1682 vivendi
2691 1632 2980 1699 cupiditate
3009 1645 3223 1703 captum

1683 1707 1877 1774 fuisse;
1911 1727 2066 1766 nemo
2107 1714 2208 1768 erit
2248 1717 2337 1784 qui
2368 1718 2617 1785 objiciat‘!
2654 1718 2820 1775 Nemo
2846 1723 2980 1778 forte
3002 1766 3016 1789 ,
3059 1728 3104 1779 si
3133 1743 3222 1779 ne-

1684 1799 1813 1852 mini
1843 1802 2102 1858 molestus
2135 1822 2368 1874 unquam
2399 1810 2526 1863 eris.
2585 1809 2676 1864 Sin
2701 1825 2912 1879 autem;
2949 1817 3220 1886 pleraque,

39 1899 508 1965 051:1).iav..\6yo:
524 1901 576 1952 δὲ
600 1903 787 1953 ἐκεῖνοι
809 1904 853 1953 οξ
878 1903 1002 1970 περὶ
1019 1902 1351 1973 δικαιοσύνης
1374 1904 1572 1972 καὶτῆς

1685 1889 1953 1953 Socrates,
1981 1907 2042 1945 ac
2074 1902 2123 1947 te
2155 1910 2375 1962 prorsus
2413 1898 2628 1968 indigna
2671 1879 2964 1958 auditurus
2997 1922 3073 1960 cs.
3125 1907 3218 1960 Ita-

40 1988 194 2057 ἀλλης
229 1991 426 2060 ἀρετῆς
456 1992 554 2043 ποῦ
576 1993 702 2060 ἡμῖν
725 1992 960 2056 ἕσονταις
992 1994 1145 2047 Ἀλλά
1170 1994 1230 2062 δὴ
1255 1994 1357 2044 τῶν
1381 1995 1578 2046 παίδων

39 2077 187 2130 ῐνεκα
210 2080 388 2148 βούλει
414 2080 528 2150 ζῇν,
551 2082 631 2132 ἵνα
651 2083 841 2144 αὐτοὺς
861 2083 1124 2154 ὲκθρέψῃς
1145 2085 1234 2135 ml.
1259 2085 1573 2156 παιδεύσῃς;

40 2168 97 2217 Τί
121 2169 196 2226 δὲ,
231 2173 311 2233 εὶς
331 2170 616 2223 Θετταλίαν
640 2173 830 2232 αὐτοὺς
863 2173 1097 2238 ἀγαγὼν,
1131 2172 1343 2241 θρέψεις
1387 2191 1442 2225 τε
1485 2176 1577 2225 καὶ

44 2260 359 2322 παιδεύσεις,
383 2261 559 2324 ξένους
580 2262 824 2330 ποιήσας,
845 2262 926 2312 ἵνα
948 2264 1037 2313 καὶ
1056 2262 1208 2313 τοῦτό
1236 2279 1324 2314 σου
1346 2263 1575 2315 ἀπολαύ-

43 2365 216 2411 σωσι-ι,
239 2351 270 2418 ἢ
288 2349 440 2401 τοῦτο
461 2351 555 2419 μὲν
570 2350 648 2402 οῦ·
667 2351 824 2402 αὑτοῦ
838 2352 890 2402 δὲ
913 2351 1342 2420 τρεᾷόμενοιβοῦ
1361 2352 1571 2415 ζῶντος,

43 2439 232 2507 βέλτιον
264 2439 547 2509 θρέψονται
579 2443 669 2492 καὶ
700 2442 1085 2503 παιδεύσονται,
1115 2442 1186 2510 μὴ
1213 2443 1451 2506 συνόντος
1483 2461 1573 2494 σου

43 2530 246 2592 αύτοῖς;
278 2532 325 2580 οἱ
357 2530 461 2599 γάρ
483 2532 764 2600 ἐπιτήδειοι
791 2532 837 2583 οἱ
862 2532 938 2582 σοὶ
956 2531 1356 2600 ἐπιμελήσονται
1378 2533 1568 2583 αὐτῶν.

45 2603 258 2688 Πότερον
291 2619 364 2679 δὲ,
389 2620 480 2671 ἐὰν
514 2620 610 2688 μὲν
643 2622 718 2681 είς
748 2620 1032 2671 Θετταλίαν
1062 2621 1428 2690 ἀπώημήσῃς,
1458 2621 1571 2670 ἐπι-

46 2710 369 2777 μελήσονταιο
405 2712 498 2762 ἐάν
528 2711 579 2762 δέ
607 2713 682 2772 εἰς
706 2710 824 2780 ᾇδου
848 2709 1214 2779 ἀποδημήσῃς,
1240 2710 1356 2778 οὐχ).
1381 2711 1571 2788 ἐπιμε⁴

44 2797 314 2868 him-1:12;
349 2802 513 2871 Εἴπερ
552 2801 612 2866 τέ
647 2817 696 2851 τι
737 2799 920 2867 ὄφελος
959 2799 1130 2850 αὐτῶν
1179 2802 1309 2860 ἐστι,
1341 2800 1444 2850 τῶν
1493 2818 1570 2852 σοι

45 2893 338 2956 ᾳασκὸντων
368 2892 678 2960 ἐπιτηδείων
695 2887 850 2954 εἶναι,
878 2890 1077 2942 οἴεσθαί
1107 2907 1167 2958 γε
1189 2892 1312 2960 χρή.
1345 2891 1496 2951 Ἀλλ’,
1526 2887 1569 2944 ὧ

46 2980 328 3049 Σώκρατες,
364 2981 669 3050 πειθόμενος
694 2984 821 3049 ἡμῖν
856 2984 963 3042 τοῖς
999 2983 1106 3042 σοῖς
1131 2981 1399 3052 τροφεῦσι,
1437 2986 1567 3051 μήτε

45 3071 221 3132 παῖδας
252 3073 380 3141 περὶ
408 3072 641 3133 πλείονος
669 3071 838 3135 ποιοῦ,
873 3073 1006 3141 μήτε
1029 3072 1085 3124 τὸ
1123 3074 1245 3142 ζῇν,
1292 3075 1423 3142 μήτε
1447 3074 1568 3126 ἄλλο

49 3160 193 3227 μηδὲν
235 3163 339 3230 πρὸ
379 3161 470 3212 τοῦ
516 3161 736 3213 δικαίου·
789 3163 870 3212 ἵνα
915 3164 992 3223 είς
1033 3162 1154 3232 ᾅδου
1193 3161 1389 3224 ἐλθὼν,
1442 3163 1567 3233 ἔχῃς

45 3250 194 3302 ταῦτα
222 3252 393 3303 πάντα
426 3250 858 3322 ἀπολογήσασθαι
885 3254 992 3312 τοῖς
1011 3253 1124 3302 ἐκεῖ
1143 3252 1411 3322 ἄρχουσιν.
1431 3253 1564 3304 Οῦτε

46 3340 136 3408 γάρ
168 3341 345 3393 ἐνθάδε
374 3359 453 3392 σοι
485 3343 725 3408 φαίνεται
755 3342 921 3393 ταῦτα
948 3343 1228 3409 πράττοντι
1253 3344 1467 3410 ἄμεινον
1492 3341 1564 3396 εἷ-

46 3446 137 3490 ναι,
163 3431 276 3482 ούδέ
302 3430 642 3499 δικαιότερον,
673 3431 788 3482 ούδὲ
815 3429 954 3498 ἄλλῳ
980 3430 1083 3480 τῶν
1107 3430 1208 3480 σῶν
1227 3431 1416 3492 οὐδενὶ,
1445 3431 1562 3483 οῦτε

45 3519 199 3571 ἐκεῖσε
231 3520 536 3590 ἀφικομένῳ
565 3519 776 3585 ἄμεινον
807 3519 995 3592 ἔσται..
1017 3520 1168 3571 ’Λλλὰ
1201 3520 1291 3571 νῦν
1327 3521 1421 3588 μὲν
1454 3522 1563 3588 ἠδι-

47 3609 257 3675 κημένος
285 3611 410 3660 ἄπει
442 3609 553 3675 (ἐὰν
583 3608 783 3677 ἀπίῃς),
817 3591 910 3677 οὐχ
931 3611 1018 3677 ὑφ’
1049 3609 1200 3678 ἡμῶν
1229 3611 1332 3661 τῶν
1366 3612 1559 3681 νόμων,

45 3696 140 3746 ἀλλ’
168 3699 254 3750 ὑπ’
290 3699 582 3769 ἀνθρώπων
603 3717 614 3729 ο
645 3701 735 3751 ἐάν
767 3689 818 3750 δέ
852 3699 1065 3769 ἐξέλθῃς
1105 3699 1271 3762 οὕτως
1308 3703 1558 3771 αἰσχρῶς,

48 3787 376 3860 ἐῖνεαδικήσας
432 3808 490 3842 τε
533 3791 623 3842 καὶ
663 3792 1188 3861 ἀντικακουργήσας,
1228 3792 1321 3854 τάς
1366 3793 1558 3844 σαυτοῦ

43 3875 298 3944 ἐμολογίας
321 3896 379 3929 τε
405 3881 496 3930 καὶ
519 3879 778 3956 συνθήκας
811 3877 904 3941 τὰς
942 3881 1073 3947 πρὸς
1106 3883 1250 3949 ἡμᾶς
1290 3883 1557 3951 παραϐάς,

46 3968 125 4017 καὶ
149 3970 285 4021 κακά
309 3969 660 4038 ἐργαζόμενος
683 3969 918 4032 τούτους,
948 3968 1038 4030 οὒς
1067 3971 1257 4039 ἥκιστα
1281 3972 1400 4035 ἔδει,
1430 3991 1557 4026 σαυ-

45 4055 117 4106 τόν
146 4074 220 4121 τε,
242 4061 473 4120 καὶτοὺς
491 4059 688 4126 φίλους.
710 4058 798 4110 καὶ
833 4058 1070 4127 πατρίδα,
1099 4060 1188 4110 καὶ
1221 4063 1382 4130 ἡμᾶς·
1404 4064 1558 4131 ἡμεῖς

47 4145 94 4194 τί
124 4163 194 4197 σοι
225 4148 620 4216 χαλεπανοῦμεν
674 4147 864 4210 ζῶντι,
919 4148 1007 4198 καὶ
1054 4149 1168 4199 ἐκεῖ
1213 4152 1258 4200 οί
1307 4153 1555 4222 ἡμέτεροι

46 4233 248 4302 ἀδελφοὶ,
276 4241 322 4289 οἱ
359 4241 415 4290 ἐν
444 4239 567 4308 ᾅδου
599 4238 766 4306 νόμοι,
801 4237 896 4288 οῦκ
927 4237 1165 4306 εὐμενῶς
1194 4256 1249 4290 σε
1276 4241 1552 4305 ὑποδέξον-

46 4337 137 4386 ται,
162 4327 345 4389 εἰδότες
382 4329 458 4379 ὅτι
497 4328 587 4380 καὶ
619 4329 760 4396 ἡμᾶς
789 4328 1138 4396 ἐπεχείρησας
1172 4329 1456 4394 ἀπολέσαι,
1497 4332 1554 4382 τὸ

48 4414 122 4465 σὸν
142 4418 312 4486 μέρος.
346 4437 362 4467 ι

1641 2011 1645 2016 -
1682 1992 1786 2044 que
1810 1979 1938 2032 nulli
1968 1996 2073 2033 non
2113 1983 2400 2050 obnoxius,
2436 2002 2496 2040 ac
2523 1991 2659 2041 servi
2691 2007 2839 2044 more
2870 1993 3113 2048 addictus
3141 1997 3220 2047 vi.

1682 2083 1792 2120 ves.
1832 2066 1965 2122 Nam
2009 2071 2134 2139 quid
2180 2089 2304 2140 ages
2345 2079 2634 2143 praetcrea?
2669 2079 2803 2134 Num
2854 2084 2906 2135 in
2938 2083 3215 2138 Thessalia

1681 2161 1921 2214 convivia
1968 2163 2300 2218 celebrabis?
2335 2169 2555 2235 perinde
2597 2171 2845 2225 nimirum
2870 2213 2883 2236 ,
2929 2176 3056 2229 utsi
3095 2192 3215 2230 cum

1682 2247 2010 2304 Thessaliam
2047 2262 2248 2320 peteres
2272 2295 2286 2317 ,
2330 2259 2518 2324 epulas
2558 2274 2856 2328 sequerere.
2899 2264 2966 2317 At
2995 2268 3217 2334 egregize

1685 2341 1787 2393 illa:
1817 2342 1882 2394 de
1910 2342 2116 2410 justitia
2139 2383 2153 2406 ,
2208 2345 2376 2414 deque
2402 2349 2544 2400 omni
2580 2351 2792 2404 virtutis
2825 2368 3015 2419 genere
3042 2355 3198 2423 dispu

1682 2431 1925 2495 lationes,
1947 2448 2053 2501 quo
2073 2435 2282 2487 tandem
2305 2437 2598 2490 avolarint?
2621 2437 2902 2494 Enimvero
2924 2443 3211 2498 liberorum

1679 2530 1733 2573 tu
1762 2537 1922 2575 causa
1953 2525 2161 2577 vivendi
2187 2527 2412 2593 cupidus
2432 2519 2511 2588 es,
2551 2535 2607 2580 ut
2643 2530 2760 2583 illos
2799 2532 3030 2586 educare
3056 2543 3212 2603 atque

1679 2611 1954 2665 instituere
1977 2615 2168 2680 possis.
2213 2615 2315 2670 Eos
2339 2617 2568 2686 igitur-in
2595 2619 2925 2676 Thessaliam
2955 2626 3213 2680 abductos

1675 2705 1926 2758 educabis
1953 2717 2005 2759 ct
2037 2707 2303 2770 institues,
2329 2710 2415 2760 ubi
2451 2710 2687 2778 hospites
2709 2713 2868 2765 etiam
2894 2729 2956 2767 ac
2983 2717 3206 2785 pcregri-

1677 2811 1776 2847 nos
1809 2795 2018 2861 feceris,
2058 2799 2132 2851 uti
2156 2799 2255 2853 hoc
2281 2816 2494 2868 quoque
2519 2803 2611 2855 tibi
2638 2813 2911 2872 acceptum
2939 2804 3211 2859 referant!

1673 2881 1834 2952 659
1862 2884 1940 2936 An
1976 2887 2024 2959 id
2059 2887 2270 2953 quidem
2315 2890 2534 2943 minimc
2566 2876 2805 2946 facturus
2841 2908 2935 2954 es;
2990 2895 3082 2948 scd
3119 2904 3207 2949 ta-

1676 2988 1830 3034 men,
1879 2990 1999 3026 cum
2047 2976 2131 3026 hic
2165 2977 2570 3042 cducabuntur,
2617 2991 2776 3049 atque
2827 2983 3209 3050 instituentur,

1675 3063 1862 3116 melius
1892 3065 1939 3115 id
1975 3074 2025 3116 te
2054 3067 2341 3133 superstite
2364 3108 2378 3130 ,
2414 3068 2633 3122 absente
2665 3071 2816 3136 licet,
2845 3071 3084 3127 futurum
3116 3090 3196 3128 ar-

1675 3153 1921 3217 bitraris,
1956 3157 2097 3222 quod
2126 3159 2410 3210 necessarii
2446 3159 2519 3211 tui
2555 3176 2738 3213 curam
2778 3177 2964 3216 eorum
3005 3167 3230 3234 gesturi'

1671 3245 1814 3297 sint?
1851 3245 2028 3310 Quid?
2053 3245 2106 3297 Si
2143 3247 2194 3298 in
2245 3245 2574 3302 Thessaliam
2626 3253 2938 3321 migraveris
2964 3296 2980 3320 ,
3018 3271 3202 3310 curam

1669 3337 1879 3388 illorum
1918 3347 2128 3404 gerent;
2187 3337 2230 3388 si
2288 3339 2594 3409 migraveris
2618 3356 2682 3394 au
2735 3343 2965 3412 inferos,
3003 3346 3203 3401 nullam

1669 3427 1881 3492 gerent?
1920 3427 2116 3479 Gerent
2145 3427 2400 3494 profecto,
2436 3432 2480 3483 si
2521 3434 2647 3500 quid
2691 3430 2742 3486 in
2775 3435 2840 3488 iis
2870 3451 3027 3499 vere,
3075 3440 3202 3506 quid

1671 3524 1793 3569 tuos
1821 3530 1878 3568 se
1911 3518 2240 3569 necessarios
2270 3531 2386 3571 esse
2414 3519 2694 3584 dictitant,
2726 3523 2843 3590 opis
2865 3533 2944 3577 est
2981 3541 3042 3579 ac
3067 3543 3203 3596 pra:-

1666 3605 1784 3658 sidii
1806 3606 2174 3659 constitutum.
2205 3607 2557 3676 Quanquam,
2602 3611 2801 3679 agesis,
2847 3627 2879 3665 ο
2921 3611 3200 3681 Socrates,

1665 3710 1866 3764 nosque
1897 3696 2132 3750 nutrices
2180 3707 2298 3764 tuas
2341 3699 2494 3761 audi,
2545 3715 2713 3769 neque
2757 3701 2986 3768 liiicros,
3030 3720 3202 3775 neque

1662 3788 1853 3850 vitam,
1879 3802 2051 3855 neque
2085 3787 2226 3841 aliud
2256 3790 2545 3858 quidquam
2575 3791 2653 3856 ei,
2685 3793 2824 3860 quod
2855 3793 3056 3862 justum
3083 3805 3160 3849 est
3183 3835 3198 3856 .

1663 3886 2040 3946 anteponezut
2083 3894 2202 3931 cum
2251 3879 2313 3931 ad
2354 3880 2552 3934 inferos
2583 3892 2817 3955 ventum
2865 3885 2995 3949 erit,
3038 3885 3103 3938 iis
3142 3886 3194 3937 in

1662 3969 1910 4021 omnibus
1937 3985 2154 4021 causam
2183 3969 2453 4037 judicihus
2479 3973 2582 4026 illis
2622 3983 2764 4026 tuam
2802 3975 3030 4043 probare
3068 3963 3193 4041 pos-

1660 4060 1763 4112 sis:
1792 4058 1921 4112 Nam
1950 4060 2001 4113 id
2030 4075 2156 4113 sane
2184 4061 2379 4129 liquet,
2419 4063 2530 4116 haec
2567 4073 2624 4116 ut
2647 4062 2837 4117 feceris
2857 4103 2870 4127 ,
2909 4079 3081 4132 neque
3111 4074 3190 4118 te-

1658 4165 1777 4203 cum
1823 4159 2099 4218 prapterea
2135 4151 2327 4205 melius
2352 4190 2366 4212 ,
2414 4165 2585 4219 neque
2639 4167 2760 4206 cum
2800 4162 3011 4207 tuorum
3050 4156 3192 4222 ulc,

1659 4240 1852 4292 melius
1883 4239 1969 4291 hic
2003 4246 2092 4290 aut
2128 4239 2333 4306 arquius
2365 4242 2666 4295 sanctiusve
2699 4251 2873 4297 actum
2903 4244 2964 4296 iri
2997 4264 3006 4297 :
3035 4260 3098 4299 ac
3129 4262 3197 4300 ne

1657 4329 1766 4381 illic
1793 4329 2008 4396 quidem
2046 4326 2275 4382 felicius.
2309 4327 2447 4393 Quin
2477 4340 2530 4385 tu
2565 4332 2722 4400 igitur
2759 4334 3004 4402 deccdis,
3039 4338 3080 4390 si
3114 4345 3193 4389 ta-

1652 4435 1770 4472 men
1803 4418 2159 4471 dcccdendum
2187 4431 2301 4484 est,
2331 4436 2434 4473 non
2464 4436 2491 4474 a
2523 4421 2676 4475 nobis
2712 4425 2960 4492 quidem,
3006 4427 3095 4480 sed
3125 4426 3193 4478 ab

50 4511 324 4566 hominibus
373 4511 628 4580 injuriose
678 4514 973 4566 tractatus?
1019 4511 1150 4566 Nam
1181 4513 1224 4567 si
1300 4514 1431 4567 adeo
1483 4514 1706 4580 turpiter
1773 4510 2074 4581 aufugeris,
2120 4512 2342 4575 injurias
2398 4529 2518 4566 cum
2570 4513 2813 4582 injuriis,
2861 4533 2983 4571 cum
3025 4516 3190 4570 male“

48 4601 160 4654 liciis
194 4602 444 4656 maleficia
511 4604 919 4671 compensando,
953 4613 1100 4670 βαι-ια
1138 4605 1411 4658 uobiscum
1470 4606 1596 4658 inita
1636 4602 1903 4664 violando,
1949 4602 2146 4655 malum
2198 4603 2264 4655 iis
2306 4603 2494 4666 etiam,
2536 4605 2732 4672 quibus
2773 4608 2988 4660 minime
3026 4621 3189 4675 oper-

49 4692 161 4754 luit,
209 4695 334 4759 tibi,
385 4695 572 4746 amicis
597 4735 610 4756 ,
634 4695 833 4762 patriae,
880 4709 941 4747 ac
988 4695 1139 4746 nobis
1179 4696 1310 4763 ipsis
1340 4696 1568 4748 creando
1607 4712 1619 4747 :

1661 4710 1781 4748 eum
1818 4693 1943 4761 ipsa!
1971 4692 2062 4744 tibi
2103 4690 2333 4760 graviter
2359 4692 2534 4747 adhuc
2565 4695 2684 4749 vivo
2717 4693 3150 4751 succensebinms
3170 4725 3193 4744 μ

49 4790 139 4834 tnm
163 4785 260 4838 illic
285 4800 495 4839 sorores
525 4785 683 4836 etiam
715 4792 939 4846 nostra,
975 4784 1076 4836 hoc
1123 4794 1204 4837 est
1257 4785 1545 4839 inferorum
1611 4785 1754 4851 leges
1778 4826 1790 4847 ,
1825 4798 1888 4836 eo
1923 4791 1971 4836 te
2019 4783 2256 4850 asperius
2312 4783 2611 4851 excipient,
2649 4800 2755 4853 quo
2789 4795 2838 4838 te
2883 4787 3028 4847 illum
3067 4803 3186 4862 esse

50 4871 341 4942 intelligent,
378 4875 469 4942 qui
508 4889 644 4933 nos,
693 4881 948 4940 quantum
996 4873 1041 4924 Il.
1101 4882 1151 4925 te
1169 4873 1269 4926 fuit
1293 4916 1305 4939 ,
1351 4874 1690 4941 exstinguere
1719 4873 1793 4927 sis
1822 4888 1882 4926 ac
1913 4870 2191 4940 proﬂigare
2217 4882 2462 4925 conatus.
2506 4892 2525 4924 ι

540 4961 918 5015 ΚΕΦΑΛΑΙΟΝ
970 4963 1025 5012 ι’.
1582 4971 1620 5022 ι)

50 5072 145 5125 Ὀτι
169 5075 244 5143 μὴ
266 5074 385 5128 δέοι
410 5077 644 5142 φεύγειν
669 5073 770 5125 τὸν
795 5073 941 5139 ὑπὲρ
970 5071 1244 5143 ἀιηθείας
1268 5071 1537 5127 θάνατον.

293 5145 422 5196 Ἀπὸ
450 5141 558 5210 τῆς
584 5143 894 5212 Σωκράτους
934 5141 1266 5207 Ἀπολογίας.

109 5236 278 5297 «Ἴσως
309 5236 354 5287 δ’
387 5233 459 5302 (2)
484 5234 549 5286 ἂν
573 5231 666 5286 οὖν
687 5234 824 5286 εἴποι
853 5248 953 5293 τιςο
982 5227 1091 5282 Εἶτ’
1113 5233 1210 5283 οὐκ
1242 5231 1484 5299 αίσχύνῃ,
1502 5225 1544 5282 ὦ

2165 4997 2168 4999 λ
2253 4962 2477 5017 CAPUT
2518 4962 2584 5016 Χ.

1720 5069 1934 5122 Mortem
1964 5072 2192 5144 raritati;
2221 5087 2380 5124 causa
2417 5088 2659 5144 nonAesse
2689 5074 3004 5144 fugiendam.
3039 5079 3121 5133 E1:

2141 5140 2378 5195 Socratis
2404 5140 2680 5210 Apologia.

1720 5245 1738 5278 ι
1786 5226 1981 5281 Verum
2003 5270 2016 5292 ,
2049 5229 2259 5299 inquit,
2283 5230 2353 5281 ita
2383 5227 2519 5302 forte
2558 5231 2679 5298 quis
2721 5233 2972 5300 objiciat,
3006 5232 3143 5300 Quid

49 5321 323 5394 Σώκρατες,
367 5324 598 5376 τοιοῦτον
639 5323 964 5392 ἐπιτήδευμα
1004 5321 1369 5388 ἐπιτηδεύσας,
1397 5319 1455 5382 ἐξ
1485 5315 1543 5372 οὗ

50 5413 328 5478 κινδυνεύεις
368 5415 484 5466 νυνὶ
527 5414 841 5478 ἁποθανεϊν;
888 5411 1024 5478 Ἐγὼ
1050 5412 1106 5463 δὲ
1139 5412 1305 5478 τούτῳ
1343 5410 1544 5462 δίκαιον

53 5496 100 5550 ἂν
119 5501 250 5571 λόγον
271 5506 592 5573 ἀντείποιμι,
613 5507 692 5557 ὅτι
718 5506 775 5557 οὺ
796 5503 968 5564 καλῶς
986 5503 1181 5569 λέγεις,
1201 5494 1246 5553 ὦ
1272 5499 1538 5570 ἄνθρωπε,

52 5591 86 5639 tl
108 5591 190 5644 οἴει
210 5595 309 5648 δεῖν
342 5595 573 5648 κίνδυνον
596 5593 996 5661 ὑπολογίζεσθαι
1017 5590 1108 5643 τοῦ
1142 5588 1258 5659 ζῇν,
1293 5589 1327 5658 ἢ
1356 5590 1542 5642 τεθνά-

1649 5331 1753 5369 ηοη
1781 5332 1908 5387 ergo
1957 5328 2009 5374 te
2058 5321 2251 5392 pudet,
2299 5335 2332 5372 ο
2389 5321 2670 5386 Socrates,
2716 5323 2836 5377 vita:
2874 5324 3172 5378 institutum

1650 5407 1915 5474 ejusmodi
1944 5420 2182 5463 secutum
2218 5423 2335 5462 esse
2356 5451 2368 5473 ,
2395 5426 2502 5479 quo
2537 5411 2632 5465 tibi
2673 5411 2775 5466 hoc
2808 5414 2996 5467 mortis
3035 5419 3148 5482 peri

1644 5497 1823 5550 culum
1857 5498 2108 5552 creares?
2135 5498 2230 5551 Cui
2259 5515 2356 5569 ego
2382 5502 2504 5570 jure
2544 5504 2621 5558 sic
2655 5518 2905 5571 reponam
2926 5544 2940 5567 ,
2977 5505 3172 5572 Erras,

1646 5586 1718 5638 mi
1752 5586 1912 5641 homo
1935 5627 1948 5651 ,
1983 5589 2026 5642 3i
2059 5589 2198 5656 apud
2229 5605 2353 5646 eum
2377 5633 2390 5658 ,
2422 5595 2514 5663 qui
2550 5595 2804 5662 aliqvam
2833 5611 3057 5652 numero
3083 5602 3170 5666 sit,

191 5726 482 5801 Qﬁdslcoc
502 5725 636 5801 ἐρεῖ.
666 5725 742 5801 Ita
779 5734 920 5801 recte
945 5724 1127 5801 scribit
1153 5722 1532 5801 distingttitqtte
1569 5726 1572 5774 3

1672 5737 1744 5787 to;
1773 5723 1907 5778 male
1951 5725 2003 5779 in
2031 5725 2193 5794 priori
2227 5726 2478 5792 editione,
2501 5727 2667 5792 οϋδείς
2702 5747 2759 5783 σε
2799 5732 2913 5801 ἐρεῖ
2950 5733 3098 5799 ῐσως.

107 5791 168 5852 εἳ)
191 5796 354 5858 Ἴσως
386 5795 469 5849 δέ.
499 5791 646 5852 Plato
673 5795 725 5850 in
759 5794 969 5858 Apuloq.
1004 5792 1231 5855 Socrat.,
1263 5807 1311 5856 p.
1338 5791 1438 5845 363
1466 5791 1506 5842 υ
