4004 6342
800 372 898 425 1159
912 373 928 425 l

1438 360 1698 419 EUSEBH
1726 363 2187 418 C£SARlENSIS
2218 363 2363 416 OPP.
2406 361 2579 414 PARS
2614 361 2675 413 ll.
2710 391 2776 398 —
2809 359 3287 413 APOLOGETICA.

3821 353 3930 408 ιθθξ

797 486 919 537 vita!
946 479 1192 533 mortisve
1222 477 1513 546 periculum
1544 478 1673 529 tanti
1698 492 1815 530 esse
1845 488 2029 544 putes;
2060 490 2157 527 nec
2194 475 2318 527 illud

2429 491 2505 525 ναι
2541 474 2701 542 ἄνδρα
2723 514 2735 536 ,
2777 474 2893 524 ὅτου
2917 490 2962 523 τι
3005 473 3093 522 καὶ
3144 470 3368 539 σμικρὸν
3401 470 3589 537 ὄφελὸς
3628 470 3810 519 ἐστιν·

800 574 980 643 potius
1014 585 1175 624 unum
1206 569 1273 620 ab
1304 583 1368 621 eo
1397 567 1619 635 cogitari
1645 608 1658 628 ,
1682 567 1894 633 justeue
1918 582 1985 618 an
2019 566 2210 633 injuste
2241 580 2324 618 re-

802 665 902 719 bus
926 664 975 715 in
1008 661 1254 713 omnibus
1292 674 1408 713 sese
1434 666 1616 725 gerat,
1654 657 1865 725 virique
1918 658 2077 718 boni,
2109 671 2173 707 an
2225 656 2324 707 im-

798 754 952 822 probi
979 751 1114 803 facta
1143 755 1507 816 persequatur.
1536 744 1818 797 Enimvero
1839 785 1853 807 ,
1890 744 1931 797 si
1954 743 2077 812 quid
2104 754 2188 795 tua
2212 744 2324 795 lucc

797 845 957 897 t-llicit
976 841 1168 904 oratio,
1194 853 1419 906 nequam
1453 836 1647 888 fuerint
1672 849 1884 889 necesse
1911 844 1992 887 est
2030 835 2219 887 heroes
2246 834 2320 885 illi

799 945 1021 989 omnes,
1074 928 1163 993 qui
1212 925 1350 992 apud
1401 922 1611 989 Trojam
1642 921 1817 973 obiere
1846 959 1861 982 ,
1911 920 2123 988 ipseque
2166 919 2326 987 660

798 1015 931 1067 adeo
962 1011 1198 1065 Thetidis
1225 1010 1397 1072 lilius,
1437 1010 1522 1077 qui
1556 1024 1660 1075 pra:
1703 1007 2046 1075 turpitudinis
2082 1017 2137 1061 .ct
2171 1005 2326 1075 igno-

800 1104 981 1155 minia:
1013 1110 1185 1161 metu,
1220 1100 1290 1151 ita
1343 1098 1635 1164 periculum
1673 1112 1832 1149 omne
1876 1094 2227 1173 contempsit,
2269 1103 2327 1147 ut

799 1205 919 1243 cum
956 1204 1077 1242 eum
1100 1187 1293 1241 aedem
1328 1184 1567 1238 Hectoris
1612 1185 1979 1248 anhelantem,
2012 1181 2116 1235 Dea
2160 1191 2326 1234 mater

801 1280 901 1332 hoc
934 1277 1046 1331 fere
1071 1277 1225 1330 modo
1258 1290 1503 1329 revocare
1529 1283 1828 1327 conaretur.
1861 1270 1918 1325 Si
1954 1270 2195 1325 Hectoris
2224 1286 2326 1325 ca:-

803 1369 869 1421 de
887 1410 901 1431 ,
943 1366 1015 1419 ﬁli
1043 1366 1148 1429 mi,
1172 1364 1409 1436 Patrocli
1435 1378 1619 1417 necem
1643 1362 1902 1415 ulciscare
1919 1401 1934 1427 ,
1976 1360 2242 1430 periturus
2268 1374 2326 1414 es

805 1457 921 1522 ipse
954 1446 1196 1523 quoque,

840 1544 976 1605 Nam
1002 1554 1215 1597 tercerta
1242 1552 1409 1595 manet
1430 1583 1443 1602 ,
1475 1543 1679 1610 inquit,
1712 1558 1848 1599 mors
1878 1541 2098 1595 Hectore
2128 1557 2291 1595 caeso:

806 1634 923 1704 Ipse
956 1634 1039 1687 his
1076 1634 1272 1687 auditis
1296 1673 1311 1696 ,
1349 1633 1656 1700 calcataque
1703 1626 1891 1685 mortis
1938 1634 2082 1685 omni
2131 1631 2326 1685 discri-

806 1724 949 1776 mine
968 1764 983 1787 ,
1009 1723 1148 1789 quod
1172 1723 1331 1774 vitam
1370 1723 1536 1790 ipsam
1559 1736 1679 1774 cum
1705 1721 1909 1790 ignavia
1940 1723 2275 1790 conjunctam
2303 1762 2318 1782 ,

2421 564 2517 615 οὐκ
2544 566 2712 615 ἐκεῖνο
2746 562 2896 630 μόνον
2930 564 3165 624 σκοπεῖν,
3194 561 3317 612 ὅταν
3354 560 3585 629 πράττῃ,
3623 559 3848 625 πότερον
3875 560 3929 608 ξί-

2421 652 2602 719 καιαῆ
2636 650 2790 702 ἄδικα
2836 653 3073 718 πράττει·
3122 650 3231 701 καὶ⁶
3252 649 3440 718 ἀνδρὸς
3476 646 3683 714 ἀγαθοῦ
3721 648 3877 716 ἔργα,
3906 648 3930 715 ἦ

2422 740 2608 793 κακοῦ.
2632 740 2823 793 Φαῦλοι
2852 741 2953 809 γὰρ
2979 742 3063 801 ἂν,
3084 739 3159 807 τῷ
3186 755 3247 805 γε
3275 738 3348 806 σῷ
3372 738 3511 805 λόγῳ
3542 734 3670 797 εἷεν,
3707 738 3813 787 τῶν
3832 738 3930 803 ἡμι-

2422 829 2551 879 θέων
2576 830 2685 880 ὅσοι
2724 833 2778 880 ἐν
2811 830 2973 898 Τροίᾳ
2996 829 3425 896 τετελευτήκασιν
3449 869 3463 892 ,
3492 828 3600 877 οἵτε
3628 826 3783 878 ἄλλοι
3809 828 3888 877 καὶ
3912 830 3931 875 ι

2420 919 2515 987 τῆς
2536 918 2742 980 Θέτιδος
2769 920 2895 979 υἱὸς,
2932 920 2987 980 ὃς
3013 919 3256 971 τοσοῦτον
3288 917 3378 969 τοῦ
3412 917 3652 969 κινδύνου
3692 916 3930 983 κατεσςιιί-

2422 1027 2567 1079 νησε,
2594 1011 2735 1081 παρὰ
2769 1012 2825 1060 τὸ
2850 1012 3060 1079 αἰσχρόν
3085 1028 3135 1061 τι
3166 1011 3464 1078 ὑπομεῖναι,
3491 1008 3654 1070 ῶστε,
3674 1008 3855 1071 ἐπειδὴ
3868 1004 3928 1056 εἷ-

2422 1102 2573 1168 πενή
2607 1102 2782 1168 μήτηρ
2812 1100 2954 1167 αὐτῷ
2996 1099 3411 1169 προθυμουμένῳ
3429 1099 3667 1168 Ἕκτορα
3708 1099 3930 1148 ἀποκττί-

2423 1208 2527 1253 ναι,
2569 1190 2683 1253 θεὸς
2712 1187 2866 1253 οὖσα,
2907 1192 3093 1242 οὑτωσί
3139 1208 3270 1252 πως,
3298 1190 3370 1251 ὡς
3403 1184 3632 1257 ἐγῷμαι,
3656 1184 3729 1239 Ὦ
3764 1192 3868 1247 παῖ,
3895 1193 3929 1238 εὶ

2422 1283 2745 1350 τιμωρήσεις
2774 1281 3061 1350 Πατρόκλῳ
3083 1280 3157 1349 τῷ
3179 1281 3373 1349 ἑταίρῳ
3397 1279 3484 1330 τὸν
3510 1281 3692 1346 φόνον,
3711 1278 3929 1331 καὶἚκ-

2424 1390 2552 1443 τορα
2602 1374 2930 1435 ἀποκτενεῖς,
2972 1371 3127 1433 αὑτὸς
3167 1369 3400 1439 ἀποθανῇ
3425 1387 3436 1398 ·

2424 1554 2639 1607 Αὐτίκα
2655 1552 2757 1620 γάρ
2778 1570 2881 1612 τοι,
2896 1552 3059 1619 μησὶ,
3072 1552 3193 1619 μεθ’
3211 1550 3691 1617 ’Ἐκτεραετότμος
3708 1547 3929 1615 ἑτοῖμος

2436 1643 2493 1694 Ὀ
2518 1644 2574 1695 δὲ
2601 1642 2750 1693 τοῦτο
2772 1641 3018 1705 ἀκούσας,
3036 1640 3125 1692 τοῦ
3146 1642 3239 1710 μὲν
3254 1640 3476 1692 θανάτου
3492 1638 3700 1691 καὶτοῦ
3717 1637 3932 1689 κινδύνου

2428 1729 2753 1799 ὠλιγώρησε,
2772 1730 2900 1780 πολὺ
2930 1730 2984 1781 δὲ
3001 1729 3371 1797 μᾶλλονδείσας
3392 1728 3451 1779 τὸ
3468 1730 3562 1797 ζῇν
3576 1728 3746 1789 κακὸς
3756 1725 3847 1785 ὢν,
3862 1728 3935 1775 καὶ

808 1827 1132 1880 suorumque
1161 1812 1346 1867 mortis
1375 1812 1553 1863 inultae
1574 1812 1823 1878 probrum
1862 1812 2018 1881 longe
2044 1811 2325 1865 vehemen-

2429 1822 2534 1881 τοῖς
2551 1820 2716 1886 φίλοις
2728 1819 2798 1888 μὴ
2822 1822 3092 1887 τιμωρεῖν,
3113 1819 3342 1879 αὐτίκα,
3360 1819 3508 1886 φησί’
3522 1807 3933 1883 τεθναίην-δίκην

809 1904 914 1958 tius
942 1901 1267 1969 formidaret,
1292 1902 1363 1953 ita
1395 1901 1757 1968 responderit,
1782 1900 2024 1952 Protinus
2047 1917 2075 1953 ο
2097 1904 2332 1969 peream!

810 1994 902 2046 sed
932 1993 1103 2059 pinnis
1133 1994 1199 2045 ab
1226 1991 1415 2045 infesto
1434 1994 1644 2045 homine
1670 1993 1923 2060 repetitis,
1944 2008 2011 2045 ne
2034 1994 2119 2047 hic
2135 1995 2334 2049 diutius

811 2082 1033 2135 classem
1065 2081 1130 2134 ad
1162 2096 1333 2134 meam
1358 2082 1611 2135 ridiculus
1642 2084 1908 2147 sessitem,
1933 2085 2133 2137 telluris
2156 2087 2335 2139 inutile

810 2170 1031 2238 pondus.
1054 2169 1204 2225 Hunc
1221 2180 1273 2224 tu
1305 2173 1568 2226 hominem
1589 2174 1654 2227 de
1680 2185 1847 2227 morte
1868 2191 1929 2228 ac
1947 2176 2180 2243 periculo
2192 2178 2340 2232 solli-

812 2260 974 2313 citum
988 2260 1155 2315 fuisse
1173 2262 1483 2316 arbitraris?
1507 2264 1730 2332 Quippe,
1751 2267 1821 2318 ita
1845 2268 1985 2320 enim
2004 2267 2155 2334 plane
2175 2282 2231 2320 se
2255 2283 2337 2321 res

815 2348 993 2414 habet,
1019 2350 1365 2405 Athenienses
1394 2370 1407 2404 :
1434 2369 1544 2421 quo
1560 2356 1847 2423 quisquein
1869 2357 1986 2412 loco
2003 2358 2082 2410 vel
2102 2358 2336 2425 seipsum

813 2438 1177 2503 constituerit,
1209 2442 1464 2505 Optimum
1520 2444 1570 2495 id
1598 2458 1715 2496 esse
1743 2455 1919 2506 ratus,
1968 2446 2051 2498 vel
2087 2448 2339 2499 constitu-

816 2535 903 2580 tus
925 2541 955 2579 a
987 2527 1296 2596 magistratu
1329 2528 1517 2593 fuerit,
1557 2530 1609 2581 in
1643 2545 1706 2583 eo
1738 2533 1812 2585 sic
1842 2531 2159 2585 manendum
2202 2532 2299 2599 ipsi
2322 2572 2334 2595 ,

817 2629 881 2667 ac
908 2614 1200 2682 periculum
1228 2631 1383 2672 omne
1418 2619 1746 2670 subeundum
1773 2633 1889 2670 esse
1917 2628 2119 2684 statuo,
2150 2628 2209 2672 ut
2233 2634 2339 2686 pra:

817 2716 926 2756 uno
974 2702 1314 2771 turpitudinis
1360 2710 1539 2767 metu,
1601 2721 1697 2759 nec
1754 2719 2008 2770 mortem,
2049 2722 2147 2761 nec
2197 2709 2338 2761 aliud

815 2792 1102 2861 quidquam
1128 2793 1209 2843 vel
1237 2794 1390 2846 nauci
1438 2793 1613 2846 faciat.
1648 2793 1904 2860 Equidem
1950 2794 2157 2850 facinus
2194 2798 2336 2849 indi-

817 2898 977 2947 gnum
1002 2881 1328 2935 admitterem
1355 2922 1370 2946 ,
1399 2883 1747 2937 Athenienses
1768 2923 1782 2946 ,
1808 2886 1853 2937 si
1883 2900 2037 2951 quem
2081 2886 2210 2938 mihi
2256 2887 2335 2939 lo-

818 2985 938 3023 cum
966 2972 1311 3038 imperatores
1333 2973 1405 3024 illi
1439 2973 1595 3026 vestri
1625 3012 1640 3035 ,
1672 2974 1866 3041 quibus
1912 2989 1996 3027 me
2033 2991 2217 3043 parere
2240 2992 2335 3028 vo-

818 3059 995 3112 luistis
1016 3097 1030 3121 ,
1060 3061 1169 3112 sive
1191 3062 1325 3126 apud
1350 3060 1652 3127 Potidazam,
1673 3065 1783 3116 sive
1796 3064 1931 3130 apud
1952 3064 2304 3132 Amphipolim

818 3146 930 3199 sive
975 3146 1111 3213 apud
1158 3146 1387 3212 Delium,
1429 3150 1539 3201 sive
1563 3152 1739 3203 ubiubi
1788 3153 2153 3220 assignarant,
2195 3153 2244 3205 iu
2270 3169 2333 3206 eo

817 3250 940 3289 cum
968 3236 1217 3288 hmrerem
1245 3274 1258 3297 ,
1285 3245 1341 3288 ut
1369 3238 1540 3305 quivis
1588 3240 1720 3293 alius
1765 3242 2058 3310 mortisque
2101 3244 2331 3296 subirau

820 3325 1051 3393 pericula
1081 3343 1093 3390 ;
1120 3335 1227 3378 tum
1255 3342 1375 3378 vero
1398 3342 1564 3391 nunc,
1596 3344 1713 3381 cum
1745 3331 1813 3382 ita
1844 3332 1908 3384 de
1941 3347 2023 3384 me
2044 3373 2057 3395 ,
2084 3335 2336 3399 quemad-

821 3414 1037 3466 modum
1062 3415 1171 3483 jam
1198 3416 1325 3467 inibi
1353 3416 1552 3483 pridem
1581 3419 1857 3484 persuasi,
1907 3420 2043 3473 Deus
2082 3423 2193 3489 ipse
2231 3432 2337 3475 sta-

823 3502 1016 3565 tuerit,
1071 3514 1128 3555 ut
1175 3520 1257 3557 me
1299 3506 1595 3573 philosophi
1633 3507 1791 3559 vitam
1845 3509 2053 3571 vivere,
2098 3527 2194 3564 nec
2255 3527 2339 3564 me

824 3590 997 3657 ipsum
1028 3592 1219 3657 modo,
1253 3609 1430 3646 verum
1458 3597 1614 3648 etiam
1656 3597 1790 3650 alios
1836 3607 2035 3652 tentare
2085 3600 2339 3665 probare-

823 3695 927 3747 que
956 3681 1213 3746 voluerit,
1252 3686 1437 3739 mortis
1465 3696 1557 3740 aut
1602 3689 1821 3741 alterius
1859 3690 2223 3757 cujuscunque
2265 3691 2339 3743 rei

825 3780 998 3833 metu,
1028 3776 1244 3840 gradum
1285 3773 1425 3827 hunc
1472 3791 1646 3829 meum
1701 3779 2085 3845 stationemque
2132 3780 2342 3833 desere-

825 3872 936 3910 i'em
974 3877 986 3911 :
1011 3859 1314 3927 Indignum,
1341 3863 1556 3929 inquam
1584 3901 1598 3925 ,
1623 3865 1876 3935 ﬂagitium
1905 3878 2081 3932 esset,
2125 3879 2342 3935 tumque

826 3950 955 4001 adeo
983 3963 1066 4001 me
1085 3950 1226 4016 juste
1255 3952 1375 4019 quis
1408 3954 1658 4017 omnino,
1685 3956 1838 4022 quasi
1873 3956 2000 4008 deos
2025 3973 2143 4010 esse
2162 3959 2336 4011 nullos

828 4045 1110 4101 putarem,
1157 4037 1439 4105 impietatis
1493 4048 1816 4105 arcesseret;
1863 4042 2054 4109 quippe
2107 4045 2198 4111 qui
2248 4061 2343 4099 nec

828 4125 1040 4177 oraculo
1069 4140 1330 4192 parerem,
1371 4137 1422 4179 et
1453 4138 1678 4197 mortem
1703 4131 2101 4184 extimescerem
2125 4173 2139 4196 ,
2180 4146 2232 4185 et
2265 4150 2349 4201 sa-r

830 4216 979 4281 piens
1010 4216 1213 4269 viderer
1238 4217 1352 4283 ipse
1385 4218 1554 4283 mihi,
1600 4237 1717 4275 cum
1756 4237 1858 4276 non
1894 4237 2089 4277 essem.
2122 4222 2342 4277 Mortem

828 4302 969 4355 enim
1010 4304 1221 4367 timere,
1254 4304 1633 4372 Athenienses,
1682 4309 1820 4362 aliud
1866 4312 1994 4363 nihil
2036 4322 2147 4376 est,
2183 4328 2341 4380 quam

2315 3105 2329 3127 ’
2359 3106 2399 3162 C

2430 1910 2627 1971 ἐπιθεὶς
2652 1909 2739 1978 τῷ·
2755 1908 3036 1971 ἀδικοῦντι,
3064 1910 3145 1958 ἵνα
3171 1907 3241 1975 μὴ
3274 1906 3627 1974 ἐνθάδε-μένω
3662 1905 3934 1970 καταγέλα-

2432 2017 2550 2061 στος
2575 2000 2719 2069 παρὰ
2748 2000 2899 2067 νηυσί
2920 1994 3224 2067 κορωνίσιν,
3250 1997 3429 2063 ἄχθος
3459 1998 3737 2063 ἀρούρης.
3763 1996 3847 2062 Μὴ
3862 1996 3935 2045 αὖ·

2429 2090 2519 2142 τὸν
2548 2090 2646 2141 οἴει
2684 2088 2955 2157 φροντίσαι
2987 2088 3207 2140 θανάτου
3236 2088 3327 2139 καὶ
3356 2087 3589 2138 κινδύνου
3618 2102 3633 2148 ;
3667 2084 3824 2137 υῦτω
3849 2086 3935 2152 γὰρ

2433 2181 2559 2248 ἔχει,
2584 2175 2626 2231 ὦ
2653 2180 2836 2247 ἄνδρες
2873 2179 3151 2246 Ἀθηναῖοι,
3173 2181 3236 2247 τῇ
3262 2176 3498 2247 ἀληθεία·
3526 2172 3584 2228 οὗ
3607 2176 3675 2228 ἄν
3693 2192 3778 2236 τις
3799 2175 3932 2226 αὑτὴν

2431 2270 2583 2339 τάξῃ,
2625 2268 2960 2339 ἡγησάμενος
3007 2267 3269 2335 βέλτιστον
3301 2265 3465 2329 εἶναι,
3493 2268 3525 2335 ἢ
3556 2267 3661 2320 ὑπὸ
3706 2268 3935 2335 ἄρχοντος

2433 2361 2599 2428 ταχθῇ
2619 2398 2632 2420 ,
2674 2342 2899 2409 ἐνταῦθα
2930 2358 3005 2409 δεῖ
3024 2397 3037 2418 ,
3067 2359 3139 2420 ὡς
3181 2359 3301 2426 ἐμοὶ
3321 2359 3492 2421 δοκεῖ,
3526 2358 3761 2425 μένοντα
3783 2356 3932 2407 κινδυ-

2434 2449 2630 2509 νεύειν,
2672 2444 2831 2514 μηδὲν
2877 2444 3328 2514 ὑπολογιζόμενον,
3370 2445 3501 2513 μήτε
3530 2444 3786 2504 θάνατον,
3823 2446 3935 2512 μήτε

2433 2539 2557 2591 ἄλλο
2583 2536 2762 2606 μηδὲν,
2793 2536 2895 2603 πρὸ
2923 2533 3011 2587 τοῦ
3037 2533 3275 2604 αἰσχροῦ.
3314 2534 3448 2601 Ἐγὼ
3469 2530 3558 2585 οὖν
3581 2534 3730 2586 δεινὰ
3751 2533 3814 2585 ἂν
3844 2534 3936 2596 εἴην

2435 2630 2795 2697 εἰργασμένος,
2832 2623 2876 2680 ὧ
2901 2626 3435 2696 ἄνδρεςἈθηναῐοι,εἱ
3458 2626 3544 2676 ὅτε
3578 2624 3679 2692 μέν
3704 2641 3772 2691 με
3800 2624 3935 2689 οἱᾶρ-

2436 2736 2613 2789 χοντες
2644 2720 2876 2783 ἔταττον,
2909 2718 2999 2780 οὓς
3019 2721 3168 2787 ὑμεῖς
3199 2716 3400 2768 εἵλεσθε
3420 2715 3603 2784 ἄρχειν
3631 2731 3763 2785 μου,
3790 2714 3938 2765 και-ἑν

2436 2809 2701 2878 Ποτιδαίᾳ,
2730 2811 2821 2861 καὶ
2852 2811 2908 2861 ὲν
2946 2808 3274 2877 Ἀμφιπόλει,
3298 2807 3390 2859 καὶ
3414 2807 3506 2858 ἐπὶ
3531 2806 3731 2875 Δηλίῳ,
3749 2805 3839 2857 καί
3868 2803 3936 2856 ἆλ-

2435 2898 2545 2951 λοθί
2572 2884 2691 2957 που.
2722 2895 2777 2951 οὗ
2803 2902 2991 2951 ἐκεῖνοι
3015 2899 3245 2959 ἔταττον,
3272 2898 3453 2965 ἔμενον
3480 2895 3665 2964 ὥσπερ
3695 2897 3788 2947 καί
3810 2894 3936 2954 ἄλλος

2436 3009 2534 3054 τις,
2568 2992 2657 3043 καὶ
2686 2990 3008 3043 ἐκινδύνευον
3036 2988 3315 3040 ἀποθανεῖν
3336 3004 3349 3015 ·
3378 2974 3485 3055 τοῦ.
3505 2986 3561 3038 δὲ
3587 2984 3723 3036 Θεοῦ
3750 2985 3937 3039 terrav-

2437 3098 2543 3143 τος,
2572 3081 2644 3141 ὡς
2667 3082 2772 3147 ἐγὼ
2794 3079 2971 3148 ᾠήθην
2997 3094 3052 3129 τε
3075 3078 3163 3127 καὶ
3185 3075 3461 3138 ὑπέλαϐον,
3488 3072 3865 3141 φιλοσοφοῦντα
3887 3089 3936 3139 με

2430 3173 2535 3223 δεῖν
2559 3173 2674 3239 ζῇν,
2705 3171 2794 3222 καὶ
2824 3168 3131 3232 ἐξετάζοντα
3170 3166 3400 3235 ἐμαυτὸν
3422 3203 3437 3225 ,
3479 3164 3572 3215 καὶ
3594 3164 3720 3227 τοὺς
3742 3163 3936 3223 ἄλλους·

2431 3258 2651 3309 ἐνταῦθα
2667 3257 2739 3317 δὲ,
2758 3256 3020 3325 φοϐηθεὶς,
3036 3257 3067 3324 ἦ
3086 3254 3305 3307 θάνατον
3326 3253 3355 3321 ἦ
3380 3252 3502 3305 ἄλλο
3526 3250 3701 3304 ὁτιοῦν
3716 3254 3937 3320 πρᾶγμα,

2431 3349 2634 3415 λίποιμι
2664 3347 2757 3415 τὴν
2784 3346 2929 3409 τάξιν
2953 3364 2966 3406 ;
2995 3346 3167 3397 Δεινὸν
3202 3344 3342 3413 μέντ’
3368 3344 3439 3394 ἂν
3461 3343 3565 3410 εἴη,
3597 3343 3694 3393 καὶ
3733 3342 3809 3402 ὡς
3833 3340 3938 3407 ἁλη-

2434 3438 2538 3499 θῶς
2564 3437 2665 3487 τότ’
2692 3436 2755 3487 ἂν
2799 3452 2861 3503 με
2894 3434 3105 3495 δικαίως
3147 3434 3346 3499 είσάγοι
3382 3449 3463 3492 τις
3498 3434 3573 3493 εἰς
3601 3431 3936 3498 δικαστήριον,

2434 3527 2514 3577 δτι
2544 3526 2601 3576 οὐ
2634 3524 2832 3591 νομίζω
2854 3524 3007 3587 θεοὺς
3030 3519 3163 3573 εἶναι
3182 3564 3195 3586 ,
3223 3520 3455 3573 ἀπειθῶν
3491 3524 3555 3589 τῇ
3590 3520 3842 3589 μαντείᾳ,
3865 3518 3936 3570 καὶ

2435 3614 2613 3676 δεδιὼς
2640 3614 2878 3673 θάνατον,
2918 3614 3007 3665 καὶ
3033 3613 3263 3680 οἰόμενος
3296 3610 3450 3677 σοφὸς
3475 3605 3627 3670 εἶναι,
3648 3610 3750 3660 οὐκ
3776 3609 3863 3661 ὢν.
3883 3607 3937 3658 Τδ

2437 3705 2538 3772 γὰρ
2566 3721 2645 3754 τοι
2671 3704 2888 3755 θάνατον
2908 3702 3145 3763 δεδιέναι,
3181 3695 3223 3751 ὧ
3255 3699 3460 3767 ἄνδρες,
3488 3699 3636 3751 οὐδὲν
3662 3699 3791 3751 ἄλλο
3815 3698 3934 3749 ἐστὶν

2436 3794 2469 3861 ἦ
2493 3793 2659 3844 δοκεῖν
2684 3794 2839 3859 σοᾳὸν
2867 3792 3019 3845 εἶναι.
3054 3793 3123 3861 μὴ
3153 3791 3293 3842 ὄντα.
3322 3791 3501 3841 Δοκεῖν
3527 3792 3633 3859 γὰρ
3652 3791 3844 3842 εἰδέναι
3868 3792 3933 3839 ἐς·

2430 3883 2535 3944 τὶν,
2564 3882 2598 3935 δι
2624 3884 2719 3933 οὐκ
2749 3880 2903 3933 οἶδεν.
2935 3877 3054 3933 Οἵδε
3094 3880 3189 3948 μὲν
3224 3879 3327 3948 γὰρ
3372 3880 3543 3941 οὐδεὶς
3577 3879 3665 3930 τὸν
3713 3879 3933 3935 θάνατον.

2436 3970 2541 4020 οὐδ’
2584 3972 2630 4020 εἰ
2665 3970 2911 4037 τυγχάνει
2953 3969 3028 4037 τῷ
3064 3966 3345 4036 ἀνθρώπῳ,
3378 3969 3589 4019 πάντων
3624 3967 3867 4035 μέγιστον
3896 3964 3941 4013 ἰν

2437 4059 2540 4110 τῶν
2561 4059 2771 4126 ἀγαθῶν
2790 4077 2802 4088 ·
2825 4059 3019 4115 δεδίασι
3050 4058 3103 4110 δὲ
3140 4058 3213 4119 ὡς
3235 4058 3330 4109 οὐκ
3357 4058 3575 4119 εἰδότες,
3607 4058 3687 4109 ὅτι
3717 4057 3940 4124 μέγιστον

2437 4150 2539 4200 τῶν
2566 4150 2744 4201 κακῶν
2780 4150 2909 4199 ἐστι.
2954 4148 3138 4199 Καίτοι
3160 4148 3268 4209 πῶς
3295 4148 3391 4198 οὐκ
3413 4147 3616 4214 ἀμαθία
3648 4148 3795 4199 ἐστὶν
3825 4144 3937 4210 αὓτη

2439 4243 2469 4307 ἡ
2506 4240 2873 4303 ἐπονείδιστος,
2922 4242 2953 4307 ή
3003 4239 3093 4311 τοβ
3140 4239 3338 4290 οἴεσθαι
3377 4238 3568 4290 εἰδέναι
3605 4238 3641 4291 ἃ
3676 4240 3775 4290 οὐκ
3801 4232 3937 4293 οἷδενς

2451 4330 2585 4398 Ἐγὼ
2605 4331 2669 4393 δ’,
2692 4315 2736 4384 ὦ
2768 4332 2971 4400 ἄνδρες,
2991 4331 3159 4399 τούτῳ
3198 4330 3288 4381 καὶ
3326 4330 3551 4382 ἐνταῦθα
3590 4329 3826 4399 διαφέρω
3857 4328 3939 4379 τῶν

830 4395 1119 4462 sapientem
1150 4395 1349 4459 videri,
1385 4398 1472 4465 qui
1514 4412 1619 4450 non
1654 4400 1740 4453 sit.
1783 4400 2012 4469 Nempe,
2036 4404 2201 4492 vigori
2243 4404 2339 4455 hoc

2446 4395 2643 4471 πολλῶν
2681 4418 2806 4481 ἴσως
2834 4395 3142 4487 ἀλιθρώπωνζ
3172 4418 3261 4468 καὶ
3287 4421 3333 4469 εί
3356 4419 3417 4487 δή
3442 4434 3518 4486 τῳ
3552 4395 3846 4486 σοφώτερός
3867 4432 3935 4465 του

829 4486 923 4539 tibi
960 4484 1096 4537 scire
1134 4493 1242 4550 est,
1275 4489 1412 4552 Quod
1457 4490 1685 4542 nescias.
1728 4489 1858 4544 Nam
1907 4507 2050 4545 mors
2076 4484 2191 4565 ipsa
2220 4495 2340 4561 qui-

830 4574 977 4638 dem,
1014 4589 1138 4627 num
1168 4573 1318 4642 quasi
1350 4575 1607 4631 bonorum
1634 4580 1870 4631 omnium
1914 4582 2204 4634 maximum
2250 4583 2346 4635 ho-

832 4664 1249 4731 minieveniat,
1282 4679 1437 4717 nemo
1486 4654 1634 4729 novit
1662 4687 1678 4721 :
1707 4679 1759 4723 et
1811 4670 1966 4737 vulgo
2007 4680 2179 4723 tamen
2226 4688 2344 4726 eam

831 4753 1211 4816 extimescunt,
1247 4756 1399 4823 quasi
1432 4756 1689 4810 malorum
1739 4772 1853 4812 eam
1896 4775 2014 4814 esse
2054 4764 2343 4817 maximum

830 4845 1025 4909 Optime
1052 4858 1286 4899 nossent.
1316 4846 1445 4911 Quis
1472 4856 1645 4900 autem
1685 4848 2043 4904 foedissimum
2082 4852 2214 4905 illud
2273 4853 2347 4906 in-

832 4932 996 4985 scitize
1014 4947 1175 5000 genus
1206 4950 1321 4989 esse
1348 4945 1519 5004 neget,
1537 4950 1656 4988 cum
1679 4952 1739 4990 ea
1768 4940 1904 4994 scire
1932 4943 2051 5009 quis
2084 4942 2183 4995 sibi
2205 4943 2349 4995 vide-

834 5028 947 5081 tur,
973 5034 1089 5086 quae
1139 5021 1352 5072 nesciat.
1401 5022 1653 5090 Equidem
1677 5064 1691 5087 ,
1730 5024 2074 5082 Athenienses
2099 5068 2113 5092 ,
2156 5029 2255 5082 hac
2296 5029 2350 5081 in

835 5118 982 5177 parte
1015 5108 1259 5162 fortassis
1306 5111 1371 5163 ab
1417 5112 2033 5184 hominibus‘plerisque
2076 5118 2347 5172 dissideo:

832 5197 986 5265 661
1026 5208 1077 5251 et
1106 5199 1149 5253 si
1177 5214 1279 5266 qua
1307 5198 1357 5250 in
1385 5215 1442 5251 re
1472 5202 1602 5255 mihi
1628 5218 1895 5272 quoquam
1945 5209 2233 5274 sapientior
2276 5212 2353 5262 vi-

835 5290 984 5338 derer
1003 5327 1016 5350 ,
1056 5288 1109 5338 in
1151 5288 1248 5341 bac
1272 5302 1399 5341 sane
1429 5289 1626 5343 viderer
1646 5334 1659 5356 ,
1690 5293 1829 5360 quod
1863 5295 1939 5347 uti
1968 5310 2054 5348 res
2083 5298 2186 5350 illa:
2226 5298 2352 5352 infe-
2418 5314 2423 5317 ‘

838 5390 1014 5428 rerum
1039 5377 1331 5444 cujusmodi
1366 5379 1473 5431 sint
1498 5418 1511 5441 ,
1544 5368 1650 5434 non
1677 5386 1803 5437 satis
1858 5386 2094 5455 intelligo
2115 5428 2129 5452 ,
2161 5390 2231 5442 ita
2256 5406 2354 5445 nec

838 5478 929 5516 eas
966 5480 1048 5518 me
1081 5467 1210 5519 satis
1239 5467 1528 5535 intelligere
1558 5472 1799 5525 sentiam.
1840 5474 1908 5528 At
1957 5492 2082 5529 vero
2118 5488 2168 5531 et
2214 5456 2353 5548 inju-

842 5552 972 5602 riam
1004 5551 1172 5605 facere
1189 5593 1203 5615 ,
1228 5562 1281 5606 et
1304 5555 1350 5607 ei
1376 5570 1531 5622 quem
1560 5561 1882 5624 superiorem
1905 5578 2164 5632 agnoscas
2186 5606 2201 5629 ,
2243 5569 2355 5623 sive

842 5638 980 5695 Deus
1007 5642 1091 5696 ille
1122 5642 1315 5712 fuerit,
1353 5646 1461 5703 sive
1508 5648 1698 5714 homo,
1747 5664 1851 5706 non
1900 5643 2121 5722 parere,
2154 5658 2253 5714 hoc
2300 5670 2351 5715 et

2444 4509 2605 4576 φαίην
2625 4504 2780 4568 εἶναι,
2814 4508 2977 4576 τούτῳ
2998 4508 3082 4569 ἂν,
3105 4508 3181 4557 ὃτι
3205 4507 3300 4558 οὐκ
3320 4505 3467 4569 εἰδὼς
3500 4508 3694 4568 ἱκανῶς
3726 4505 3938 4574 περὶτῶν

2442 4601 2501 4651 ὲν
2531 4599 2674 4667 ᾅδου,
2703 4597 2841 4649 οὕτω
2864 4600 2954 4649 καὶ
2986 4599 3158 4666 οἴομαι
3183 4599 3277 4650 οὐκ
3312 4598 3527 4649 εἰδέναι.
3562 4598 3635 4648 Τὸ
3653 4598 3708 4649 δὲ
3746 4598 3935 4655 ἀδικεῖν,

2442 4691 2534 4742 καὶ
2561 4689 2618 4739 τὸ
2638 4688 2872 4741 ἀπειθεῖν
2907 4689 2981 4758 τῷ
3016 4689 3254 4758 βελτίονι,
3285 4688 3375 4740 καὶ
3396 4688 3532 4755 Θεῷ,
3558 4689 3652 4740 καὶ
3681 4686 3935 4756 ἀνθρώπῳ.

2442 4781 2523 4837 ὅτι
2555 4780 2717 4830 κακὸν
2749 4781 2838 4830 καὶ
2867 4782 3081 4850 αἰσχρόν
3121 4782 3288 4836 ἐστιν,
3318 4775 3450 4830 οἶδα.
3486 4779 3597 4847 Πρὸ
3619 4775 3709 4830 οὖν
3735 4778 3835 4828 τῶν
3862 4792 3937 4826 κα·

2444 4868 2570 4929 κῶν,
2593 4860 2663 4918 ῶν
2686 4862 2797 4917 οἶδα
2822 4870 2899 4919 ὅτι
2928 4870 3066 4921 κακά
3097 4869 3257 4929 ἐστιν,
3278 4867 3312 4918 ἂ
3352 4867 3423 4935 μὴ
3455 4862 3589 4925 οἴδα,
3615 4868 3662 4916 εί
3685 4869 3775 4917 καὶ
3795 4862 3937 4932 ἀγαθὰ

2444 4958 2567 5009 ὄντα
2596 4958 2862 5025 τυγχάνει,
2910 4958 3153 5009 οὐδέποτε
3184 4957 3504 5023 φοϐήσομαι,
3534 4955 3653 5007 οὐδὲ
3686 4955 3932 5023 φεύξομαι.

2450 5048 2624 5107 Ὥστε,
2651 5048 2756 5098 οὐδ’
2777 5047 2826 5097 εἴ
2862 5063 2925 5114 με
2970 5046 3060 5097 νῦν
3096 5048 3246 5113 ὑμεῖς
3274 5044 3473 5110 ἀφίετε,
3514 5044 3938 5117 Ἀνύτῳιάπιπή-

2450 5148 2650 5195 σαντες·
2686 5134 2759 5200 (ὃς
2783 5132 2905 5200 ἔφη,
2938 5133 2970 5200 ἧ
2996 5133 3090 5200 τὴν
3112 5133 3278 5200 ἀρχὴν
3304 5132 3362 5181 οὐ
3384 5130 3491 5180 δεῖν
3520 5132 3616 5198 ἐμὲ
3636 5130 3788 5199 δεῦρο
3809 5126 3939 5179 εἰσελι

2450 5221 2577 5283 θεῖν,
2612 5223 2643 5290 ἢ
2682 5221 2862 5289 ἐπειδὴ
2895 5222 3149 5290 εἰσῆλθον,
3187 5221 3281 5287 οὐχ
3298 5213 3405 5269 οἷόν
3429 5235 3488 5269 τε
3519 5216 3655 5271 εἶναι
3687 5221 3746 5270 τὸ
3769 5218 3837 5287 μὴ
3862 5218 3935 5266 οὐκ

2450 5311 2753 5363 ἀποκτεῖναί
2782 5327 2845 5379 με
2863 5348 2877 5371 ,
2922 5310 3087 5376 λέγων
3118 5310 3247 5379 πρὸς
3277 5309 3443 5375 ὑμᾶς,
3463 5308 3559 5370 ὡς,
3596 5312 3644 5359 εί
3672 5306 3934 5375 διαφευξοὲ-

2454 5417 2576 5468 μην,
2602 5402 2699 5469 ἤδη
2730 5400 2791 5451 ἂν
2824 5400 2970 5469 ὑμῶν
2996 5403 3043 5451 οἱ
3072 5401 3222 5460 υἱεῖς,
3267 5398 3665 5467 ἐπιτηδεύοντες
3694 5397 3728 5448 ἃ
3758 5395 3935 5462 rma-

2450 5500 2545 5551 της
2601 5485 2863 5546 διδάσκει,
2905 5486 3095 5546 πάντες
3126 5486 3434 5537 παντάπασι
3487 5482 3934 5553 διαςςθαρήσοντειθ)

2454 5576 2504 5626 εἴ
2532 5591 2617 5641 μοι
2641 5576 2771 5644 πρὸς
2797 5576 2962 5628 ταῦτα
2990 5576 3207 5634 εἴποιτε,
3231 5572 3297 5625 Ὦ
3318 5574 3616 5643 Σώκρατες,
3653 5576 3741 5626 νῦν
3778 5574 3935 5635 Ἀνύτῳ

2454 5667 2510 5717 οὑ
2534 5665 2842 5729 πεισόμεθα,
2862 5666 2974 5721 ἀλλ’
2997 5666 3217 5729 ἀφίεμέν
3250 5681 3325 5726 σε,
3350 5665 3437 5717 ἐπὶ
3466 5665 3637 5720 τούτω
3672 5667 3847 5727 μέντοι.
3872 5663 3931 5717 ἐφ’
