4002 6340
94 318 232 374 1095

90 429 192 501 ᾧτε
225 438 296 505 (5)
320 440 517 508 μηκέτι
551 442 606 491 ἐν
628 442 798 512 ταύτῃ
826 445 888 513 τῇ
922 444 1140 513 ζητήσει
1169 445 1479 516 διατρίϐειν,
1509 450 1641 517 μηδὲ

89 530 416 595 φιλοεοφεῖν·
441 532 532 583 ἐὰν
545 532 597 584 δὲ
624 532 760 601 ἁλῷς
787 534 864 585 ἔτι
892 535 1045 586 τοῦτο
1075 538 1347 606 πράττων,
1376 538 1638 610 αποθανῇ,

90 622 151 671 ΕΞ
184 618 274 673 οὖν
308 640 394 691 με,
430 625 561 693 ὅπερ
606 620 899 688 εἷπον,,ἐπ“ι
925 628 1129 690 τούτοις
1162 630 1365 697 άιρέοιτε
1393 648 1404 659 ·
1439 635 1643 701 εἴποιμι

88 709 155 760 ἂν
182 712 327 780 ὑμῖν,
362 714 441 764 ὅτι
489 715 624 779 Ἐγὼ
653 716 811 784 ὑμεῖς,
843 711 886 768 ὧ
919 719 1105 785 ἄνδρες
1148 720 1436 789 Ἀθηναῖοι,
1478 722 1643 774 ἀσπά-

91 800 257 868 ζιμαι
290 803 385 870 μὲν
414 804 505 855 καὶ
534 805 669 870 φιλῶ
692 845 705 867 ,
748 808 1001 876 πείσομαι
1033 809 1087 859 δὲ
1120 809 1315 878 μᾶλλον
1344 812 1419 878 τῷ
1461 811 1576 879 Θεῷ
1609 813 1642 882 ἦ

92 891 240 958 ὑμῖν·
282 893 372 943 καὶ
408 893 619 963 ἕωσπερ
646 895 711 947 ἂν
748 898 994 964 ἐμπνέω,
1027 902 1116 951 καὶ
1144 896 1251 962 οἷός
1280 918 1335 952 τε
1366 896 1409 953 ὦ
1431 943 1443 964 ,
1481 905 1538 954 οὐ
1570 904 1643 973 μὴ

91 983 367 1051 παύσομαι
402 985 723 1052 φιλοσοφῶν,
759 990 850 1039 καὶ
877 990 1005 1058 ὑμῖν
1038 992 1533 1062 παρακελευόμενος
1562 1012 1640 1055 τε,

91 1077 186 1126 καὶ
212 1077 605 1145 ἐνδεικνύμενος
626 1120 637 1140 ,
674 1080 778 1146 ὅτῳ
806 1080 870 1131 ἂν
900 1083 985 1132 ἀεὶ
1024 1083 1328 1150 ἐντυγχάνω
1364 1085 1534 1152 ὑμῶν,
1566 1085 1645 1135 λέ-

71 1185 205 1242 .γων
247 1166 333 1223 οἷά
367 1190 468 1241 περ
495 1174 677 1225 εἴωθα.
711 1194 728 1226 ι
769 1176 876 1227 Καὶ
900 1178 1033 1245 μετὰ
1057 1177 1258 1247 βραχέα
1290 1180 1363 1247 (4)
1387 1181 1639 1248 ἐπιλέγει⁶

83 1278 114 1314 ,ι
142 1260 583 1330 Ἐνκλοήσωμενδὴ
608 1264 701 1315 καὶ
734 1264 879 1332 τῇδε,
906 1267 980 1327 ὡς
1011 1266 1175 1337 πολλὴ
1209 1268 1358 1331 ἐλπίς
1394 1270 1469 1337 (5)
1500 1272 1643 1324 ἐστιν

94 1348 298 1416 ἀγαθὸν
330 1351 457 1401 αὐτὸ
477 1346 631 1406 εἶναι.
656 1355 806 1405 Δυοῑν
838 1354 945 1424 γὰρ
980 1355 1200 1427 θάτερόν
1228 1361 1340 1411 ἐστι
1372 1360 1432 1411 τὸ
1465 1361 1644 1413 τεθνάο

96 1457 209 1494 ναι·
240 1441 271 1509 ἦ
302 1443 407 1511 γὰρ
434 1437 541 1494 οἷον
577 1446 739 1514 μηδέν
768 1464 815 1497 τι
850 1442 1020 1510 εἶναι,
1053 1450 1182 1519 μηδὲ
1205 1451 1451 1521 αἴσθησιν
1483 1454 1643 1522 μηδε⁶

100 1533 230 1600 μίαν
262 1534 482 1601 μηδενὸς
520 1535 662 1604 ἔχειν
688 1537 777 1588 τὸν
799 1537 1087 1591 τεθνεῶτα·
1132 1541 1164 1611 ἢ
1198 1542 1335 1595 κατὰ
1368 1544 1453 1612 ,τά
1493 1544 1644 1611 λεγόε

89 1641 250 1691 μενα,
284 1625 545 1695 μεταϐολή
589 1643 672 1689 τις
716 1630 963 1697 τυγχάνει
988 1628 1154 1697 οὖσα,
1195 1636 1285 1687 καὶ
1336 1636 1641 1706 μετοίκησις

86 1718 186 1785 τῆς
219 1716 393 1785 ψυχῆς
415 1717 506 1769 τοῦ
532 1718 695 1770 τόπον
722 1719 812 1772 τοῦ
835 1722 1039 1776 ἐνθένδε
1060 1729 1135 1789 εἰς
1152 1727 1305 1779 ἄλλον
1334 1729 1512 1781 τόπον.
1533 1732 1641 1782 Καὶ

87 1809 197 1860 εἴτε
229 1809 291 1879 δὴ
322 1809 555 1879 μηδεμία
583 1812 825 1881 αἴσθησίς
842 1817 1005 1879 ἐστιν,
1031 1814 1262 1871 ἀλλὀἷον
1289 1819 1470 1882 ὕπνος,
1496 1824 1639 1873 ἐπει-

86 1898 181 1951 δάν
214 1916 297 1962 τις
336 1900 603 1953 καθεύδων
639 1904 770 1972 μηδέ
809 1904 937 1975 ὄναρ
989 1908 1148 1976 μηδὲν
1179 1911 1297 1979 ὁρᾷ,
1347 1911 1639 1979 θαυμάσιον

88 1992 277 2061 κέρδος
304 1991 367 2043 ἂν
394 1992 477 2062 εἴη
505 1995 533 2045 ό
564 1992 804 2057 θάνατος.
850 1996 985 2062 Ἐγὼ
1006 1998 1112 2067 γὰρ
1142 2000 1205 2051 ἂν
1226 1996 1393 2068 οἶμαι,
1423 2002 1489 2053 ιεῖ
1518 2019 1640 2071 τινα.

86 2082 442 2150 ἐκλεξάμενον
465 2082 569 2134 δέοι
602 2083 800 2153 ταύτην
822 2087 919 2154 τὴν
950 2088 1136 2150 νύκτα,
1174 2091 1230 2140 ἐν
1335 2090 1474 2143 οὕτω
1507 2108 1637 2143 κειτ-

85 2169 332 2240 έδαρθεν,
355 2171 491 2235 ὥστε
520 2173 682 2242 μηδὲν
709 2174 839 2245 δναρ
867 2177 1010 2240 ἰδεῖν,
1031 2180 1122 2230 καὶ
1151 2180 1243 2242 τὰς
1263 2180 1420 2243 ἄλλας
1444 2182 1638 2245 νύκτας

87 2277 145 2312 τε
174 2262 267 2314 καὶ
290 2262 498 2332 ἡμέρας
524 2264 618 2326 τὰς
645 2265 736 2317 τοῦ
767 2266 878 2333 βίον
894 2269 985 2320 τοῦ
1002 2270 1187 2322 ἐαυτοῦ
1214 2272 1639 2342 ἀντιπαραθέντα

85 2349 259 2419 ταύτῃ
290 2353 354 2419 τῇ
404 2352 595 2413 νυκτὶ,
630 2356 678 2404 εἰ
705 2354 809 2406 δέοι
851 2358 1182 2427 σκεψάμενον
1211 2362 1398 2425 εἰπεῖν,
1439 2365 1638 2425 ὁπόσας

82 2438 309 2506 ἄμεινον
353 2443 445 2494 καὶ
477 2441 621 2511 ἥδιον
667 2446 875 2514 ἡμέρας
927 2451 1017 2500 καὶ
1066 2450 1263 2513 νύκτας
1310 2453 1507 2523 ταύτης
1536 2455 1633 2521 τῆς

85 2529 280 2591 νυκτός
304 2529 559 2599 βεϐίωκεν
584 2534 639 2585 ἐν
656 2533 733 2603 τῷ
758 2537 946 2589 ἑαυτοῦ
968 2538 1084 2607 βίῳ,
1118 2536 1266 2609 οἶμαι
1290 2540 1353 2593 ἂν
1371 2543 1470 2594 οὐκ
1501 2542 1639 2594 ἰδιώ-

84 2635 188 2689 την
219 2622 357 2685 τινὰ,
391 2622 523 2675 άλλὰ
552 2627 642 2678 τὸν
671 2628 840 2695 μέγαν
874 2630 1090 2697 βασιλέα
1117 2630 1210 2699 (6),
1246 2633 1635 2703 εὐαριθμήτους

83 2708 154 2762 ᾶν
184 2713 360 2778 εὑρεῖν
388 2716 549 2768 αὑτὸν
564 2718 762 2780 ταύτας
794 2722 926 2788 πρὸς
952 2722 1045 2785 τὰς
1062 2723 1222 2787 ἄλλας
1238 2716 1442 2797 ἡμέρας
1472 2745 1527 2779 τε
1547 2731 1637 2781 καὶ

86 2802 308 2867 νύκτας.
330 2806 389 2858 Εἰ
419 2804 510 2861 οὖν
541 2809 773 2862 τοιοῦτον
808 2814 835 2863 ό
854 2812 1075 2875 θάνατός
1092 2817 1227 2879 ἐστι,
1251 2818 1433 2887 κέρδος
1463 2820 1634 2887 ἔγωγε

84 2891 250 2959 λέγωο
280 2898 371 2947 καὶ
415 2898 520 2969 γάρ
552 2900 702 2952 οὐδὲν
750 2902 928 2955 πλεῖον
962 2904 990 2954 ὁ
1021 2908 1126 2969 πᾶς
1159 2910 1342 2975 χῴνος
1391 2912 1633 2976 φαίνεται

82 2982 229 3034 οὕτω
265 2984 325 3053 δὴ
375 2982 509 3039 εἶναι
547 2989 579 3058 ἢ
619 2993 713 3059 μία
755 2994 865 3057 νύξ.
904 2997 964 3047 ΕΞ
989 2995 1031 3046 δ’
1068 2994 1131 3048 αὖ
1161 2992 1267 3049 οἷον
1292 3000 1633 3069 ἀποδημῆσαί

70 3074 237 3124 ἐστιν
271 3075 299 3124 ὁ
336 3075 560 3142 θάνατος
586 3082 791 3135 ἐνθένδε
823 3088 900 3148 εἰς
936 3086 1090 3139 ἄλλον

81 3166 202 3215 ἐστι
222 3165 288 3216 τά
312 3165 569 3235 λεγόμενα
590 3210 603 3234 ,
632 3172 705 3235 ὡς
730 3175 836 3243 ἄρα
870 3177 984 3229 ἐκεῖ
1007 3180 1140 3229 εἰσιν
1170 3177 1402 3240 ἅπαντες
1428 3181 1476 3229 ol
1517 3180 1633 3231 τεθ-

84 3254 303 3319 νεῶτες
327 3259 382 3310 τί
412 3261 590 3329 μεῖζον
617 3265 818 3331 ἀγαθὸν
849 3268 1033 3319 τούτου
1048 3270 1132 3337 εἴη
1161 3268 1243 3331 ἂν,
1270 3264 1313 3320 ὦ
1342 3270 1527 3340 ἄνδρες
1553 3271 1631 3323 δι-

82 3349 282 3401 κασταί
307 3365 321 3412 ἓ
352 3351 520 3421 είγάρ
556 3370 637 3414 τις
656 3395 669 3416 .
702 3355 1021 3425 ἀφικόμενος
1039 3360 1116 3420 εἰς
1145 3358 1289 3429 ᾆδον,
1308 3362 1632 3429 ἀπαλλαγεὶς

89 3438 290 3491 τούτων
319 3440 423 3494 τῶν
456 3443 763 3509 φασκόντων
786 3446 1047 3499 δικαστῶν
1075 3438 1233 3516 εἶναι,
1257 3453 1472 3522 εὑρήσει
1512 3455 1634 3515 τοὺς

90 3530 158 3594 ὓς
183 3532 396 3602 ἀληθῶς
435 3534 706 3609 δικαστᾲς,
741 3537 894 3605 οἵπερ
922 3540 1012 3590 καὶ
1063 3540 1304 3608 λέγονται
1338 3545 1451 3595 ἐκεῖ
1494 3544 1637 3596 δικάρ

88 3624 219 3685 ζειν,
248 3624 427 3686 Μίνως
480 3641 563 3686 τε,
595 3630 685 3677 καὶ
734 3627 1125 3696 Ῥαδάμανθυς,
1161 3633 1253 3684 καὶ
1295 3634 1512 3698 Αἰακὸς,
1543 3634 1635 3686 καὶ

93 3714 474 3783 Τριπτόλεμος,
506 3716 600 3769 καὶ
622 3717 894 3771 ωλοιόσοι
923 3720 1276 3790 τῶνήμιθέων
1300 3724 1493 3777 δίκαιοι
1526 3726 1636 3792 ἐγέο

89 3821 239 3855 θοντο
269 3806 326 3856 ἐν
356 3805 432 3874 τῷ
455 3806 655 3860 ἑαυτῶν
682 3808 799 3879 βίῳ,
834 3806 941 3881 ἆρα
970 3811 1141 3882 φαύλη
1166 3813 1231 3865 ἂν
1263 3814 1346 3883 εἴη
1372 3817 1403 3885 ἡ
1434 3816 1634 3885 ἀποδη-

84 3895 225 3962 μία;
278 3897 311 3967 ἢ
371 3893 436 3950 αὖ
479 3899 659 3969 Ὀρφεῖ
697 3900 1043 3968 ξυγγενέσθαι
1088 3905 1178 3956 καὶ
1223 3906 1495 3975 Μουσαίῳ,
1543 3910 1634 3960 καὶ

92 3990 324 4059 Ἡσιόδῳ
347 4030 361 4054 ,
394 3993 486 4044 καὶ
531 3993 777 4063 Ὁμήρῳ,
811 3996 902 4047 ἐπὶ
943 3996 1090 4064 πόσῳ
1116 3996 1182 4048 ἂν
1217 4014 1301 4058 τις
1349 3997 1543 4060 δέξαιτ’
1569 4000 1634 4052 ἂν

84 4079 273 4147 ὒμῶν,
312 4080 449 4149 Ἐγὼ
480 4083 576 4152 μὲν
604 4084 711 4153 γὰρ
744 4086 835 4137 καὶ
869 4084 1120 4147 πολλάκις
1160 4085 1324 4139 ἐθέλω
1359 4087 1632 4152 τεθνάναι,

83 4170 245 4239 εἰπερ
288 4171 455 4226 ταῦτά
503 4174 647 4226 ἐστιν
691 4175 884 4244 ἀληθῆ.
934 4177 1082 4228 Ἐπεὶ
1136 4177 1318 4246 ἔμοιγε
1354 4181 1445 4231 καὶ
1490 4180 1634 4250 αὐτῷ

83 4261 369 4331 θαυμαστὴ
394 4261 458 4313 ἂν
485 4265 568 4333 εἴη
593 4266 625 4333 ἡ
652 4264 897 4335 διατριϐὴ
933 4266 1136 4333 αὐτόθι,
1168 4270 1327 4321 ὁπότε
1359 4271 1632 4342 ἐντύχοιμι

84 4350 419 4421 Παλαμήδει,
446 4353 537 4404 καὶ
562 4354 744 4406 Αἴαντι
774 4354 851 4423 τῷ
869 4355 1185 4425 Τελαμῶνος
1206 4399 1219 4418 ,
1251 4359 1343 4411 καὶ
1375 4360 1521 4423 εἴτις
1549 4361 1634 4414 άλ-

1205 292 1524 385 ΡιιᾸΞΡΑη.
1567 331 1813 387 cum.
1854 334 1977 390 ue.
2019 337 2149 394 xui.

3153 353 3283 407 lim

1670 465 1713 515 Δ
1744 475 1942 527 malum
1972 487 2026 529 et
2048 487 2201 548 turpe
2222 493 2342 534 esse
2374 482 2613 550 profecto
2642 487 2785 538 novi.
2810 486 3103 558 Nunquam
3130 492 3287 559 igitur

1743 579 1805 616 ea
1835 580 1954 630 qua:
1989 568 2125 621 bona
2174 570 2279 624 sint
2309 587 2472 626 necne
2518 575 2703 628 dubito
2729 618 2744 639 ,
2775 588 3004 631 metuam
3062 579 3288 649 fugiant.-

1743 670 1846 720 que
1871 656 2236 712 vehementius
2264 700 2277 722 ,
2328 678 2485 728 quam
2512 680 2572 716 ea
2621 669 2758 718 mala
2779 708 2792 728 ,
2828 685 2947 735 qnze
2979 686 3097 723 vere
3152 676 3286 722 maia

1742 759 1862 799 esse
1900 748 2040 799 novi.
2075 748 2469 819 Quamobrem,
2500 770 2564 807 ne
2602 758 2643 808 si
2679 773 2759 808 un:
2781 760 2996 826 quidem
3025 778 3164 813 nunc
3193 762 3284 814 ab.-

1744 839 2019 889 Solveretis
2050 840 2173 905 (illa
2194 844 2351 910 Anyti
2387 846 2627 897 oratione
2653 849 2845 913 ri-jectn
2869 890 2885 911 ,
2925 867 3044 903 cum
3074 862 3281 918 negaret

1743 937 1835 979 aut
1866 931 2031 995 ine-in
2056 932 2145 997 jus
2179 939 2400 987 omnino
2436 920 2730 989 iocandum
2783 942 2981 1004 luis~c,
3031 953 3120 993 aut
3152 959 3281 1009 quo-

1743 1020 1885 1072 niam
1920 1034 2142 1077 vocatus
2185 1040 2336 1087 sum,
2394 1027 2473 1080 fas
2522 1030 2629 1096 jam
2664 1047 2780 1082 esse
2824 1033 3001 1091 vobis.
3038 1049 3121 1087 me
3168 1051 3287 1088 non

1743 1124 1913 1166 morte
1942 1114 2199 1181 damnare
2228 1135 2240 1168 :
2282 1119 2476 1186 quippe
2525 1121 2616 1186 qui
2659 1121 2893 1173 lulurum
2928 1124 3159 1189 dliCI't'l,
3193 1134 3286 1190 ut,

1742 1204 1788 1256 si
1822 1204 2101 1281 absolutus
2116 1193 2291 1261 essem
2315 1250 2330 1272 ,
2358 1210 2518 1263 vestri
2546 1211 2797 1279 deinceps
2826 1214 2998 1277 liberi,
3029 1231 3058 1267 e
3087 1210 3286 1269 δυση-

1685 1339 1689 1343 .
1744 1293 1813 1347 tis
1838 1295 2118 1364 disciplina
2158 1299 2432 1365 viventes,
2482 1317 2671 1355 omnes
2714 1306 2935 1357 omnino
2974 1308 3286 1380 col-rumpe-

1744 1389 1979 1451 rentur),
2015 1388 2058 1439 si
2094 1404 2177 1440 me
2199 1426 2213 1449 ,
2242 1388 2494 1456 inquam,
2537 1391 2634 1442 bac
2653 1392 2769 1457 ejus
2797 1395 2976 1444 audita
3007 1394 3247 1447 oratione
3266 1433 3281 1456 ,

1743 1474 1887 1529 hunc
1918 1476 1969 1528 in
2005 1480 2219 1530 modum
2262 1481 2652 1547 compellaretis
2672 1497 2690 1533 :
2714 1480 2865 1535 Nunc
2911 1484 3123 1551 quidem
3143 1526 3159 1550 ,
3188 1483 3287 1538 So-

1742 1559 1951 1631 crates,
1984 1571 2153 1635 misso
2191 1572 2401 1625 interim
2452 1573 2657 1642 Anyto.
2689 1584 2739 1627 te
2774 1575 3138 1638 absolvimus,
3189 1578 3282 1631 sed

1741 1676 1801 1714 ea
1832 1662 1973 1730 lege,
2003 1660 2060 1715 ut
2081 1673 2248 1715 totum
2286 1665 2424 1717 istuc
2481 1666 2532 1717 in
2576 1674 2846 1734 posterum
2890 1667 3190 1734 inquirendi
3219 1682 3283 1721 ac

1673 1786 1715 1842 Β
1742 1752 2151 1820 pliilosOpbandi
2195 1770 2363 1823 genus
2384 1756 2638 1819 omittas;
2682 1771 2803 1808 nam
2840 1757 2885 1811 si
2926 1767 2976 1810 te
3021 1757 3197 1811 adhuc
3230 1760 3281 1811 id

1742 1847 1965 1899 actitare
1987 1846 2328 1908 constiterit,
2355 1848 2600 1902 moriere.
2656 1847 2765 1903 llac
2801 1852 2845 1903 si
2893 1866 2977 1905 me
3003 1890 3016 1912 ,
3066 1853 3138 1905 uti
3167 1852 3280 1921 jam

1740 1938 1984 1990 dicebam
2010 1978 2023 2001 ,
2049 1938 2355 1992 cenditione
2382 1939 2683 1992 absolutum
2718 1942 2921 1995 velletis
2942 1982 2956 2000 .
2989 1953 3173 1995 contra
3205 1942 3282 1996 sic

1741 2028 2157 2093 responderem.
2196 2027 2302 2081 Vos
2358 2029 2643 2095 equidem,
2700 2030 3083 2096 Athenienses,
3129 2048 3283 2086 com-

1741 2130 1771 2181 ι·
1830 2124 1944 2167 ctor
1973 2130 2035 2168 ac
2061 2116 2224 2185 diligo
2248 2155 2264 2179 ,
2300 2116 2391 2170 scd
2427 2126 2603 2169 tamen
2636 2116 2743 2171 Deo
2767 2122 2946 2189 potius
2986 2138 3147 2191 quam
3183 2123 3282 2175 ho—

1740 2207 1976 2259 minibus
2005 2210 2387 2275 obtemperabo
2411 2250 2425 2274 ,
2465 2224 2562 2262 nec
2608 2211 2733 2263 dum
2783 2214 2988 2278 spirare
3029 2215 3279 2281 quidem,

1737 2297 1893 2365 eique
1920 2302 1994 2349 rei
2019 2313 2207 2351 vacare
2235 2309 2439 2367 potero,
2472 2300 2831 2369 philosophari
2860 2305 3123 2365 desinam,
3157 2320 3281 2357 vos-

1737 2404 1841 2457 que
1867 2389 2133 2442 cohortari
2156 2430 2169 2453 ,
2196 2400 2248 2444 et
2278 2391 2329 2443 in
2358 2408 2731 2463 quemcunque
2753 2402 2987 2447 vestrum
3014 2396 3276 2458 incidero,

1736 2498 1858 2535 eum
1878 2499 2025 2534 more
2059 2499 2177 2535 meo
2207 2483 2370 2537 libere
2402 2501 2463 2538 ac
2495 2486 2717 2539 ﬁdenter
2743 2486 3051 2540 admonere.
3084 2508 3103 2539 ι
3140 2486 3277 2541 Τιιιιι

1735 2574 1923 2641 paucis
1980 2575 2183 2642 aliquot
2235 2576 2552 2643 iuterjectis,
2602 2597 2620 2627 ι
2650 2577 2820 2643 Quam
2869 2595 3060 2647 magna
3116 2595 3279 2648 porro

1734 2678 1885 2730 spes,
1928 2665 2136 2732 inquit,
2169 2675 2348 2719 tenere
2387 2682 2486 2720 nos
2523 2667 2743 2729 debeat,
2778 2669 2901 2722 boni
2945 2669 3142 2736 aliquid
3174 2670 3277 2723 hoc

1736 2754 1911 2821 ipsum
1940 2771 2092 2820 esse,
2123 2756 2194 2809 ita
2237 2772 2453 2825 quoque
2493 2757 2895 2810 ratiocinemur.
2930 2750 3159 2812 Necesse
3194 2769 3277 2813 est

1733 2846 1872 2898 enim
1898 2846 2030 2897 mori
2055 2844 2123 2897 sit
2152 2845 2376 2898 alterum
2402 2846 2470 2899 de
2496 2840 2730 2907 duobus,
2755 2855 2809 2911 ul
2842 2856 2931 2899 aut
2965 2847 3017 2899 in
3047 2846 3272 2901 nihilum

1735 2946 1981 2989 mortuus
2019 2935 2272 3000 intereat,
2307 2951 2370 2990 ac
2417 2950 2606 2990 sensus
2643 2937 2863 2989 omnino
2901 2951 3047 2991 mors
3088 2952 3276 2993 omnes

1735 3026 1979 3090 auferat;
2009 3036 2099 3079 aut
2154 3028 2206 3080 iu
2236 3028 2399 3080 alium
2430 3028 2713 3096 quemdam
2765 3029 2973 3091 locum,
3007 3037 3065 3081 ut
3113 3030 3273 3098 vulgo

1126 3087 1303 3150 τόπον,
1333 3096 1424 3141 καὶ
1460 3090 1630 3158 ἀληθῆ

1735 3116 2022 3179 dictitant,
2046 3131 2110 3169 ex
2145 3116 2230 3169 bis
2262 3116 2392 3170 locis
2415 3128 2584 3170 morte
2614 3121 2888 3184 migretur.
2916 3118 3274 3182 Quamobrem

1734 3203 1845 3255 sive
1872 3219 2063 3257 sensus
2091 3205 2487 3273 exstinguitur,
2511 3222 2761 3274 morsque
2800 3208 2846 3273 ei
2883 3222 3075 3261 somno
3123 3206 3275 3260 simi-

1732 3291 1800 3344 lis
1827 3302 1909 3344 est
1932 3333 1945 3356 ,
1974 3293 2064 3360 qui
2096 3308 2485 3362 nonnunquam
2517 3297 2676 3349 etiam
2716 3298 2831 3351 sine
2861 3299 2990 3351 visis
3034 3298 3273 3351 somnio-

1732 3398 1883 3446 rum,
1916 3384 2330 3451 placatissimam
2372 3386 2604 3452 quietem
2640 3387 2825 3448 alIcrt,
2857 3389 2927 3440 dii
2960 3388 3113 3450 boni,
3140 3387 3272 3456 quid

1733 3473 1867 3527 lucri
1892 3483 1974 3526 est
1992 3473 2200 3549 emori?
2224 3472 2482 3541 Equidem
2521 3476 2600 3529 sic
2633 3476 2914 3538 existimo,
2952 3478 2997 3529 si
3038 3477 3123 3529 cui
3152 3486 3270 3530 tan-

1733 3580 1893 3634 quam
1932 3567 2127 3618 eximia
2178 3565 2477 3634 seponenda
2551 3580 2655 3618 nox
2710 3566 2795 3619 illa
2874 3566 3065 3630 fuerit,
3107 3560 3271 3636 quain

1735 3658 1849 3710 sine
1878 3656 2122 3709 molestia
2154 3657 2486 3710 somniorum
2516 3657 2619 3708 ulla
2649 3657 2973 3716 traduxerit.
3005 3658 3127 3712 licet
3146 3673 3269 3718 cum

1733 3757 1794 3798 ea
1830 3744 1945 3797 dies
1974 3746 2095 3797 vitae
2123 3753 2412 3812 noctesque
2446 3747 2722 3798 universas
2739 3744 3083 3810 conferendo,
3105 3762 3266 3816 quam

1733 3834 1928 3888 multas
1959 3846 2070 3889 toto
2100 3835 2192 3888 illo
2228 3836 2401 3904 spatio
2424 3836 2716 3904 jucundius
2740 3852 2802 3889 ac
2834 3838 3052 3891 suavius
3078 3837 3267 3906 egerit.

1732 3924 1939 3992 aperiat
1963 3963 1979 3989 ,
2010 3924 2107 3977 bas
2127 3963 2142 3985 ,
2168 3924 2235 3978 ab
2263 3938 2328 3978 eo
2364 3914 2580 3993 quidem
2600 3966 2615 3989 ,
2648 3937 2708 3980 ut
2743 3942 2837 3979 rex
2864 3926 3270 3996 potentissimus

1732 4012 1895 4068 fuerit
1923 4054 1938 4080 ,
1976 4016 2172 4069 nedum
2202 4022 2261 4068 ut
2287 4015 2529 4085 privatus
2555 4018 2846 4086 quispiam.
2892 4032 2999 4085 prze
3036 4017 3263 4071 aliarum

1733 4102 2073 4158 multitudine
2092 4145 2107 4170 ,
2133 4102 2291 4159 facile
2321 4106 2609 4160 admodum
2643 4115 2981 4158 numeratum
3006 4106 3268 4179 irim

1732 4192 1916 4263 Itaque
1941 4196 1986 4249 si
2040 4211 2187 4251 mors
2220 4196 2485 4265 ejusmodi
2533 4196 2730 4262 aliquid
2772 4205 2887 4258 est,
2939 4206 3163 4251 mortem
3214 4199 3267 4251 in

1732 4286 1884 4340 lucro
1916 4300 2059 4354 pono
2094 4304 2108 4340 :
2138 4303 2260 4341 cum
2292 4288 2341 4341 ei
2374 4285 2515 4339 nocti
2543 4285 2735 4339 similis
2775 4284 2951 4366 futura
2984 4288 3052 4339 sit
3083 4302 3269 4356 perpe—

1732 4375 1896 4429 tuitas
1922 4376 2097 4431 omnis
2114 4376 2493 4446 consequentis
2519 4377 2797 4443 temporis.
2826 4377 2919 4432 Sin”
2958 4377 3133 4446 aliqua
3157 4376 3268 4430 vel-

83 4455 178 4503 λος
211 4441 317 4493 τῶν
337 4442 575 4494 παλαιῶν
606 4443 692 4496 διὰ
724 4445 900 4514 κρίσιν
924 4446 1102 4499 ἄδικον
1132 4448 1388 4519 τέθνηκεν
1411 4450 1486 4518 (Ι)
1506 4467 1520 4480 ο
1543 4452 1633 4502 ἀν-

1735 4464 1812 4516 uti
1843 4464 2091 4533 migratio
2125 4474 2207 4519 est
2255 4441 2313 4518 in
2352 4465 2484 4519 alias
2538 4441 2797 4534 quasdam
2844 4482 3000 4529 oras,
3039 4481 3271 4535 veraque

82 4531 535 4602 τιπαραϐάλλοντι
571 4535 637 4587 τὰ
666 4537 895 4605 ἐμαυτοῦ
934 4538 1101 4608 πάθη,
1133 4539 1267 4609 πρὸς
1293 4541 1357 4592 τά
1390 4540 1643 4607 ἐκείνων,’

80 4624 161 4685 ὡς
184 4617 413 4693 ἐγῷμαι,
451 4626 549 4677 οὐκ
578 4625 643 4678 ἂν
676 4626 837 4696 ἀηδὲς
865 4629 967 4698 εἴη.
1003 4630 1109 4681 Καὶ
1137 4630 1199 4699 δὴ
1229 4632 1321 4683 καὶ
1362 4631 1422 4681 τὸ
1476 4632 1630 4699 μέγι-

86 4732 237 4778 στον,
264 4716 387 4777 τοὺς
404 4718 516 4768 ἐκεῖ
527 4716 839 4782 ἐξετάζοντα
867 4719 957 4772 καὶ
974 4721 1288 4789 ἐρευνῶντα,
1307 4720 1491 4790 ὥσπερ
1510 4726 1633 4785 τοὺς

83 4802 320 4856 ἐνταῦθα
338 4844 353 4867 ,
382 4806 615 4872 διάγειν,
648 4808 729 4870 τίς
760 4810 935 4861 αὐτῶν
957 4812 1112 4877 σοφός
1134 4813 1276 4871 ἐστι,
1307 4809 1398 4861 καὶ
1427 4810 1505 4872 τίς
1528 4811 1634 4863 οἴε-

81 4910 177 4946 ται
200 4894 295 4962 μὲν
325 4894 436 4946 ἐστι
461 4895 504 4946 δ’
530 4894 610 4949 οὕ.
649 4915 667 4946 ι
698 4897 803 4948 Καὶ
829 4901 955 4968 παρ’
987 4901 1135 4969 ἡμῖν,
1166 4919 1185 4949 ι
1224 4898 1635 4968 Πειθαρχεῖνδεῖ

80 4986 209 5055 Θεῴ
244 4986 499 5055 μᾶλλοννῆ
530 4986 847 5056 ἀνθρώποις,
879 5006 898 5039 ι
934 4972 1165 5059 εἶρήται·
1204 4990 1327 5050 καὶ,
1369 5009 1385 5039 ι
1417 4990 1507 5059 Μὴ
1541 5009 1632 5059 φο-

81 5080 268 5134 cereos
286 5079 392 5132 ἀπὸ
413 5079 514 5131 τῶν
535 5080 949 5134 ἀποκτεινόντων
980 5082 1039 5133 τὸ
1064 5081 1239 5151 σῶμα,
1267 5082 1365 5152 τὴν
1385 5080 1440 5133 δέ
1459 5082 1631 5153 ψυχὴν

160 5210 239 5278 (3)
275 5208 431 5263 Forte
462 5226 547 5277 γε.
631 5268 639 5275 _
934 5261 951 5278 .

262 5226 802 5350 (Eglrﬁslzﬂnazéa.
834 5261 951 5332 lmo.
972 5282 1101 5333 satis
1124 5282 1319 5346 multa;
1355 5284 1628 5350 sequentia

83 5348 236 5402 enim
269 5346 529 5399 habentur
561 5346 685 5413 pag.
715 5350 837 5402 568.

163 5364 236 5398 ini
269 5364 529 5399 nauentur
595 5364 679 5413 ag.
715 5364 837 5402 oua.

162 5412 238 5479 (5)
277 5414 366 5477 Ὡς
393 5364 593 5477 πολλὲ
627 5417 815 5481 ἐλπίς.
849 5416 1035 5471 Cicero
1067 5418 1277 5471 Tuscul.
1315 5435 1353 5479 ι,
1386 5429 1515 5473 seet.
1541 5421 1627 5485 97,

84 5486 269 5538 locum
302 5485 443 5556 bune
474 5486 732 5556 conrertit
755 5488 991 5556 quidem,
1019 5488 1109 5539 sed
1142 5499 1315 5541 tamen
1354 5504 1493 5556 saepe
1527 5489 1627 5543 So-

84 5503 269 5538 locum
302 5503 443 5536 nunc
474 5503 732 5538 convertit
796 5503 991 5549 utdeln,
1019 5503 1109 5539 seu
1142 5503 1315 5541 tamen
1354 5504 1493 5556 saepe
1528 5503 1626 5543 δο-

82 5562 290 5624 cratem
308 5551 505 5624 minus
534 5552 670 5624 κατὰ
696 5503 859 5624 πόδας
882 5558 1138 5624 sequitur.
1162 5557 1428 5621 Quantum
1457 5559 1626 5623 licuit,

84 5621 259 5695 divini
307 5620 540 5695 nominis
582 5622 635 5695 in
677 5622 897 5695 dicendo
942 5620 1097 5683 voces
1134 5620 1293 5695 atque
1336 5620 1630 5685 sententias

83 5691 323 5746 orationi
356 5698 550 5745 nostra:
579 5691 921 5749 intexuitnus.

1734 4564 1859 4607 sunt
1883 4569 1945 4609 ea
1976 4572 2096 4623 qua:
2121 4556 2373 4609 dicuntur
2392 4596 2407 4621 ,
2438 4556 2529 4623 qui
2553 4573 2582 4610 e
2609 4559 2717 4611 vita
2743 4566 3087 4612 excesserunt
3107 4596 3121 4619 ,
3146 4556 3269 4612 illas

1733 4646 2012 4700 universos
2038 4645 2270 4700 incolere
2311 4664 2323 4698 :
2356 4647 2480 4715 quid
2517 4649 2628 4716 jam
2661 4665 2727 4704 eo
2754 4648 2961 4702 beatius
3009 4656 3130 4717 est,
3182 4648 3270 4717 ju-

1732 4736 1878 4790 dices
1896 4777 1914 4803 ,
1933 4745 1983 4789 te
2008 4750 2131 4789 cum
2154 4736 2220 4789 ab
2246 4736 2343 4799 iis,
2366 4738 2458 4804 qui
2482 4754 2541 4793 se
2564 4738 2797 4806 iudicum
2832 4753 3055 4791 numero
3085 4738 3268 4791 haberi

1731 4824 1948 4885 volunt,
1970 4823 2234 4887 evaseris,
2263 4823 2327 4877 ad
2352 4840 2445 4879 eos
2473 4826 2719 4879 devenire
2737 4864 2752 4888 ,
2776 4826 2867 4893 qui
2900 4842 3024 4880 vere
3059 4827 3268 4896 judiccs

1732 4912 2087 4979 appellentur,
2132 4909 2386 4977 Minoem,
2447 4914 2947 4979 Rhadamanthum,
3006 4914 3266 4979 discum,

1732 4998 2135 5075 Triptolemum,
2181 5002 2570 5071 convenireque
2609 5002 2798 5056 heroes
2830 5004 2972 5071 illos,
3005 5006 3097 5075 qui
3126 5005 3271 5074 jusie

1730 5100 1783 5143 et
1817 5104 1939 5142 cum
1969 5088 2069 5143 ﬁde
2101 5090 2367 5145 vixerint?
2399 5090 2521 5145 Haec
2554 5094 2914 5162 peregrinatio
2957 5096 3150 5149 vilisne
3177 5109 3271 5144 vo-

1774 5219 1873 5289 ‘(6)
1907 5221 2015 5273 Τὸν
2050 5222 2239 5295 μέγαν
2269 5222 2549 5295 βασιλέα.
2579 5222 2861 5279 Persarum
2885 5241 3085 5295 regem,
3119 5224 3267 5277 οπρ-

1729 5303 1915 5343 corum
1955 5305 2125 5353 more,
2178 5292 2423 5363 fortassis
2454 5293 2749 5363 intelligit;
2794 5292 2970 5363 malui
2995 5304 3167 5346 tamen
3202 5296 3269 5349 de

1730 5373 2051 5427 quocunque
2084 5361 2339 5426 accipere,
2372 5371 2429 5413 ut
2454 5360 2613 5417 latius
2646 5360 2847 5430 pateret
2878 5361 3116 5415 Socratis
3146 5378 3271 5415 ora-

1729 5438 1806 5481 ῑιο
1833 5444 1846 5491 ;
1880 5445 2040 5493 quam
2074 5430 2173 5482 boc
2203 5435 2336 5490 loco,
2366 5431 2568 5492 minus,
2601 5441 2659 5483 ut
2683 5430 2813 5484 mihi
2840 5432 3065 5489 videtur.
3097 5432 3268 5485 lideli-

1731 5506 1811 5551 ter
1864 5499 2125 5572 cupressu
2166 5495 2395 5572 _Ficinus
2424 5539 2437 5562 ,
2480 5509 2551 5572 ιιι⁸
2584 5500 2740 5572 facile
2782 5499 3138 5569 deprehendet
3176 5503 3267 5572 qui

1730 5581 1850 5621 eum
1887 5566 2111 5634 singulis
2136 5566 2340 5632 singula
2373 5568 2677 5625 contulerit.

1800 5634 1875 5705 (7)
1902 5634 2057 5691 Forte
2080 5634 2200 5690 add.
2229 5634 2356 5691 Καί.
