4002 6340
663 460 799 516 1005
1007 456 1010 475 ¹
1256 501 1264 517 .
1306 451 1568 510 lZUSEBll
1594 448 2058 505 CASSARIENSIS
2104 446 2250 501 OPP.
2290 444 2465 515 PARS
2501 442 2561 495 ll.
2595 473 2655 481 ——
2698 439 3187 496 APOLOGETICA.
3729 432 3858 491 i096

661 581 744 633 bis
770 586 822 631 et
854 571 1236 630 contemnenda
1265 571 1428 623 videri
1457 571 1671 639 potest?
1710 568 1777 621 Ut
1804 579 1929 621 vero
1957 566 2191 633 colloqui

2320 563 2360 614 r5
2387 560 2690 631 δυναμένων
2718 561 3045 611 ἀποκτεῖναι.
3078 557 3283 610 Εἱδέναι
3317 573 3395 633 τε,
3423 556 3527 616 ὅτι,
3559 555 3655 606 ἐὰν
3688 555 3725 622 ἡ
3753 555 3860 605 ἐπί-

663 686 788 725 cum
833 668 1075 736 Orpheo,
1129 664 1363 726 Musaeo,
1416 660 1681 725 Hesiodo,
1731 658 1960 712 llomero
2009 658 2199 716 liccat,

2320 671 2452 718 τειος
2479 652 2629 722 ἡμῶν
2661 653 2803 703 οἰκία
2825 650 2917 702 τοῦ
2953 652 3177 720 σκήνους
3215 646 3525 716 καταλυθῇ,
3577 647 3862 714 οἰκοδομὴν

664 761 849 831 quanti
882 735 1093 812 tandem
1136 754 1446 810 aestimatis?
1477 752 1734 822 Equidem
1772 764 1905 817 smpe
1929 749 2063 801 mori
2090 748 2200 799 vcl—

2320 747 2369 795 ὲκ
2402 742 2532 795 Θεού
2583 741 2794 811 ἔχομεν,
2850 742 3024 793 οἰκίαν
3054 739 3483 807 ἀχειροποίητον,
3543 735 3770 789 αἰώνιον
3811 741 3861 787 ὲν

663 825 764 907 lem
787 895 801 918 ,
833 861 890 906 ut
920 866 983 905 ea
1015 864 1134 919 qu:e
1157 848 1276 902 dico
1302 847 1434 900 mibi
1480 846 1663 898 liceret
1693 832 1951 895 invenire.
1992 839 2200 904 Quanta

2320 836 2415 896 τοῖς
2478 834 2535 885 οὐ
2546 834 2739 901 ρανοῖς’
2766 832 2845 884 ὅτι
2871 848 2930 882 τε
2951 828 3306 899 ἐκδημοῦντες
3332 825 3438 879 ἀπὸ
3458 827 3554 879 τοῦ
3590 827 3859 895 σώματος.

666 959 824 1014 porro
861 942 1211 997 delectatione
1244 940 1477 992 aﬂicerer
1500 980 1514 1003 ,
1547 952 1665 990 cum
1692 934 2051 995 Palamedem,
2078 945 2199 984 cum

664 1035 878 1098 Ajacem
907 1033 1032 1085 olim
1063 1031 1211 1083 illum
1246 1027 1552 1081 Telamonis
1597 1026 1795 1088 tilium,
1829 1038 1950 1077 cum
1996 1030 2202 1074 veteres

660 1123 796 1175 alios
839 1120 1041 1189 judicio
1069 1120 1372 1188 iniquorum
1401 1117 1794 1169 circumventos
1843 1121 2003 1179 atque
2050 1111 2200 1162 dam-

661 1224 815 1265 natos
866 1210 1242 1264 convenirem?
1293 1208 1485 1272 Quidni
1535 1192 1676 1260 enim
1735 1203 2028 1274 jucundum
2077 1200 2203 1253 mihi

667 1301 844 1365 foret,
893 1318 1065 1355 meam
1112 1315 1231 1354 cum
1275 1314 1458 1353 eorum
1501 1298 1714 1351 casibus
1761 1294 2030 1348 fortunam
2059 1306 2204 1346 com-

662 1392 898 1458 ponere?
926 1389 1057 1444 Illud
1088 1404 1241 1452 vero,
1273 1388 1469 1457 quanti
1505 1387 1616 1439 tieri
1654 1386 1870 1445 debeat,
1921 1398 2013 1437 eus
2045 1383 2204 1435 etiam

2309 923 2638 994 ἐνὸημοῦμεν
2670 921 2745 991 τῷ
2777 921 2985 991 Κυρίῳ·
3024 939 3042 971 ι
3065 921 3123 983 ὃς
3156 921 3247 972 καὶ
3278 920 3408 971 πᾶσι
3441 923 3556 980 τοῖς
3591 919 3673 978 εἰς
3712 918 3863 969 atina

2306 1016 2584 1085 Ιἤλπικόσιν
2626 1013 2971 1083 ἐπήγγελται,
3022 1013 3101 1075 εἰς
3153 1012 3380 1073 κόλπους
3428 1009 3729 1080 Ἀϐραὰμ,
3783 1010 3861 1059 καὶ

2319 1107 2519 1170 Ἰσαὰκ,
2549 1108 2640 1159 καὶ
2675 1105 2864 1158 Ἰακὼὸ
2892 1103 3311 1163 ἀναπαύσεσθαι,
3363 1104 3499 1171 μετά
3526 1118 3589 1152 τε
3626 1100 3741 1150 τῶν
3779 1100 3862 1151 ἆλ-

2306 1198 2411 1250 λων
2459 1197 2589 1265 παρ’
2630 1193 2898 1264 Ἑϐραίοις
2958 1191 3215 1258 θεοφιλῶν
3280 1190 3573 1261 προφητῶν
3627 1205 3722 1251 τε,
3781 1187 3861 1239 ui

2304 1288 2551 1350 δικαίων,
2585 1288 2639 1338 ὲν
2686 1284 2924 1356 μακαρία
2986 1283 3097 1353 ζωῇ
3141 1282 3230 1334 τὸν
3274 1284 3479 1352 μακρὸν
3529 1280 3713 1333 αἰῶνα
3758 1278 3864 1330 δια-

2307 1378 2438 1443 ξειν.

664 1483 755 1551 qui
827 1482 935 1537 illic
999 1494 1312 1545 versentur,
1370 1480 1587 1549 perinde
1644 1489 1704 1532 ut
1753 1479 1844 1545 qui
1877 1479 1976 1531 bac
2020 1478 2073 1529 in
2111 1476 2221 1527 vita
2252 1472 2484 1542 degunt,
2516 1480 2722 1526 tentare
2744 1468 3084 1536 scrutarique
3107 1476 3294 1536 posse;
3341 1464 3464 1533 quis
3500 1479 3570 1518 ex
3614 1465 3865 1517 omnibus

664 1587 789 1627 vere
846 1573 1051 1642 sapiat,
1095 1573 1217 1641 quis
1271 1582 1478 1626 tantum
1511 1571 1763 1639 opinione
1786 1568 1985 1623 tenus!
2012 1586 2030 1618 ι
2059 1565 2183 1619 Haec
2214 1564 2319 1617 ille.
2344 1564 2554 1628 Quibus
2586 1572 2767 1616 nostra
2800 1563 2911 1616 haec
2942 1560 3173 1631 gemina,
3210 1556 3474 1611 «Obedire
3506 1565 3733 1625 oportet
3770 1556 3866 1609 Deo

663 1667 865 1733 magis,
896 1680 1055 1733 quam
1112 1665 1420 1717 hominibus
1462 1664 1525 1714 “.
1553 1661 1730 1715 Nolite
1801 1662 1986 1714 timere
2043 1674 2168 1723 eos,
2207 1660 2297 1728 qui
2335 1657 2587 1712 occidunt
2630 1670 2857 1724 corpus,
2891 1654 3124 1708 animam
3149 1660 3326 1705 autem
3366 1653 3478 1703 nou
3511 1662 3757 1718 possunt
3782 1667 3866 1705 oc-

666 1757 922 1812 cidere“.
950 1755 1102 1809 Scire
1138 1756 1320 1815 etiam,
1367 1754 1508 1821 quod
1548 1753 1592 1807 si
1649 1754 1920 1806 terrestris
1957 1751 2150 1806 domus
2209 1759 2390 1804 nostra
2423 1748 2586 1816 hujus
2645 1745 2992 1799 habitationis
3050 1745 3402 1807 dissolvatur,
3450 1742 3868 1798 aediﬁcationem

665 1864 730 1902 ex
780 1845 887 1900 Deo
922 1846 1214 1908 habemus,
1260 1846 1477 1899 domum
1530 1858 1638 1896 non
1698 1857 1860 1896 manu
1902 1840 2127 1905 factum,
2179 1852 2431 1895 aeternam
2500 1840 2552 1893 in
2616 1837 2784 1892 caelis.
2820 1835 2886 1889 Et
2925 1836 3326 1905 peregrinantes
3371 1849 3402 1888 a
3442 1851 3718 1905 corpore,
3763 1854 3865 1892 ver-

664 1955 845 1992 samur
881 1953 1003 1990 cum
1042 1936 1268 1990 Domino
1303 1938 1387 1998 “;
1434 1953 1453 1985 ι
1486 1934 1578 2002 qui
1610 1932 1773 1987 etiam
1819 1933 2105 1995 omnibus,
2131 1934 2220 2000 qui
2262 1934 2313 1985 in
2362 1947 2484 1985 eum
2540 1929 2907 1999 speraverint,
2951 1941 3166 1981 suavem
3200 1925 3254 1979 in
3288 1926 3553 1988 Abrahae,
3611 1925 3788 1980 lsaaci
3824 1940 3867 1981 et

665 2031 847 2085 Jacobi
905 2031 1028 2083 sinu
1064 2029 1335 2095 quietem,
1400 2026 1656 2102 atquein
1695 2033 2010 2079 cancrorum
2067 2027 2444 2093 pmpbctarum
2496 2024 2875 2093 iustorumque
2918 2021 3231 2087 consortio,
3278 2021 3371 2090 qui
3423 2018 3691 2074 Hebraeos
3740 2022 3866 2075 inter

669 2117 776 2170 Deo
806 2117 953 2169 cbari
981 2114 1182 2167 fuerint
1200 2154 1214 2178 ,
1245 2113 1583 2181 sempiterna:
1604 2114 1726 2167 vita:
1760 2111 2074 2166 felicitatem
2099 2113 2401 2180 pollicetur.

1248 2371 1474 2427 CAPUT
1524 2370 1615 2424 XI.

670 2487 1113 2553 Quemadmodum
1148 2502 1324 2538 eorum
1374 2494 1608 2546 mortem,
1650 2484 1943 2555 quia-itaut
1987 2482 2211 2552 gloriose

793 2556 1139 2624 profuderint,
1163 2555 1409 2608 celebrari
1441 2551 1693 2622 oporteat.
1720 2552 1800 2605 Ex
1833 2551 2074 2606 Platone.

640 2648 644 2651 l
737 2665 898 2736 663
924 2664 1040 2718 Jam
1068 2679 1193 2718 vero
1219 2703 1233 2726 ,
1282 2664 1456 2732 inquit
1500 2663 1682 2724 Plato,
1713 2662 1806 2729 qui
1847 2671 1969 2729 post
2001 2662 2210 2731 egregia

674 2758 883 2811 virtutis
907 2756 1149 2825 exempla
1170 2796 1184 2820 ,
1218 2757 1499 2809 honestam
1528 2756 1578 2807 in
1617 2754 1755 2818 bello
1781 2763 2004 2807 mortem
2053 2769 2212 2807 occur

580 2917 584 2923 _
676 2846 920 2909 buerint,
963 2844 1202 2912 nunQuid
1239 2858 1333 2897 eos
1362 2844 1415 2896 in
1460 2843 1647 2911 primis
1685 2856 1747 2895 ex
1799 2856 1963 2895 aureo
1989 2841 2081 2894 illo
2122 2857 2211 2911 ge-

676 2950 801 2988 nere
830 2935 996 2988 fuisse
1027 2935 1302 2988 dicemus?
1355 2963 1425 2975 —
1482 2932 1706 2986 Maxime
1760 2948 1907 2987 vero.
1964 2963 2008 2972 —
2076 2931 2211 2985 Num

674 3029 833 3079 etiam
862 3024 1149 3094 Hesiodum
1182 3026 1492 3085 audiemus,
1531 3025 1657 3078 dum
1696 3040 1759 3079 ex
1788 3040 1853 3078 eo
1886 3040 2079 3093 genere
2121 3023 2213 3092 qui

675 3117 887 3171 vivendi
915 3116 1071 3170 linem
1096 3114 1351 3181 fecerint,
1380 3116 1445 3169 de
1471 3116 1575 3169 illis
1601 3118 1671 3168 ita
1698 3117 2008 3184 pronuntiat
2026 3155 2040 3178 ,

678 3226 811 3280 Sunt
833 3224 930 3276 alii
957 3227 1135 3293 heroes
1166 3225 1332 3281 casti.
1388 3235 1647 3291 terrasque
1682 3225 2043 3293 frequentant,

674 3296 846 3363 "Atque
870 3293 1008 3346 ultro
1031 3292 1173 3345 mala
1196 3293 1458 3362 depellunt
1488 3333 1500 3356 ,
1532 3294 1861 3362 hominesque
1884 3293 2132 3345 tuentur?

678 3456 744 3465 —
772 3424 913 3478 Sane
940 3424 1244 3478 audiemus.
1300 3454 1370 3465 -—-
1407 3424 1664 3478 Consulto
1719 3417 1900 3493 itaque
1951 3423 2212 3490 Numine,

679 3527 913 3582 quonam
942 3509 1132 3565 heroes
1156 3512 1274 3565 illos
1298 3527 1362 3565 ac
1389 3513 1651 3567 semideos
1674 3514 1801 3579 ritu,
1824 3530 1996 3583 quove
2023 3514 2215 3568 discri-

682 3605 824 3657 mine
855 3588 1159 3658 consecrari
1191 3611 1468 3671 oporteat,
1512 3603 1763 3671 religiose
1810 3604 2031 3657 omnino
2063 3605 2216 3672 quid-

2819 2376 3205 2428 ΚΕΦΑΛΑΙΟΝ
3255 2377 3323 2428 1A
3344 2413 3358 2427 .

2313 2480 2500 2549 Ὅπως
2531 2485 2650 2559 δέοι
2668 2484 2860 2559 armis»
2896 2487 3002 2540 τὸν
3032 2486 3295 2559 θάνατον
3329 2487 3446 2559 τῶν
3473 2488 3749 2555 εὐκλεῶς
3774 2506 3870 2559 με·

2413 2556 2835 2620 ταλλαξάντων
2864 2558 2971 2610 τὸν
3000 2558 3160 2619 βίον.
3203 2560 3301 2611 Ἐκ
3333 2558 3439 2610 τοῦ
3463 2556 3815 2625 Πλάτωνος.

2386 2685 2403 2716 ι
2440 2666 2558 2718 Τῶν
2577 2666 2630 2718 δὲ
2649 2666 2710 2734 δὴ
2741 2666 2814 2736 (8)
2850 2666 3223 2720 ἀποθανόντων
3249 2667 3340 2720 ἐπὶ
3371 2668 3697 2738 στρατείας,
3721 2669 3871 2757 ὃςιᾶι

2312 2753 2667 2823 εὐδοκιμήσας
2692 2754 3003 2826 τελευτήσῃ,
3033 2751 3119 2827 ἆρ’
3147 2759 3205 2807 οὐ
3241 2756 3455 2825 πρῶτον
3485 2758 3589 2826 μὲν
3636 2751 3873 2828 φήσομεν

2313 2842 2405 2895 τοῦ
2433 2843 2630 2913 χρυσοῦ
2677 2843 2860 2906 γένους
2888 2841 3052 2909 εἷναι;
3081 2846 3193 2897 Πᾶν
3226 2863 3289 2913 γε
3326 2846 3588 2915 μάλιστα.
3817 2851 3870 2901 τις,

2316 2934 2610 3003 πεισόμεθα
2645 2934 2886 2999 Ἡσιόδῳ,
2931 2936 3144 2988 ἐπειδάν
3187 2953 3329 2999 τινες
3369 2937 3465 2990 τοῦ
3505 2939 3755 2992 τοιούτου
3788 2941 3872 3007 ’τέ-

2316 3040 2437 3087 νους
2462 3024 2872 3094 τελευτήσωσιν,
2901 3028 2975 3089 ὡς
3002 3027 3132 3096 ἄρα,
3256 3024 3281 3031 ”

2321 3222 2383 3292 ρζ
2400 3220 2838 3292 [tendamst
2863 3223 3027 3290 ἁγνοὶ
3052 3208 3368 3292 ἐπιχθόνιοι
3392 3226 3780 3291 τελέθουσιν,

2330 3289 2577 3353 Ἐσθλοὶ,
2595 3289 2956 3355 ἀλεξίκακοι,
2972 3289 3234 3361 puluinar
3242 3296 3519 3362 μερόπων
3530 3289 3876 3364 dav-aptatur;

2320 3397 2621 3493 Πεισόμεθα
2648 3424 2742 3493 μὲν
2770 3420 2880 3479 οὖν.
2905 3426 3290 3496 Διαπυθόμενοι
3315 3429 3423 3499 ἄρα
3448 3428 3549 3482 τοῦ
3574 3430 3739 3491 Θεοῦ,
3770 3433 3876 3493 sub;

2320 3514 2421 3583 χρὴ
2447 3515 2571 3575 τοὺς
2609 3513 2908 3583 δαιμονίους
2942 3532 3001 3568 τε
3033 3518 3127 3569 καὶ
3165 3518 3337 3581 θείους
3371 3520 3608 3583 τιθέναι,
3659 3522 3758 3575 καὶ
3784 3524 3876 3574 τίνι

2321 3603 2576 3673 διαιξὸρῳ,
2609 3603 2749 3657 οὕτω
2797 3606 2887 3657 καὶ
2919 3607 3101 3678 ’ταύτῃ
3132 3608 3383 3678 ϐήσομεν,
3495 3610 3568 3664 ἂν
3597 3613 3877 3681 ἐξηγῆται.

680 3696 810 3765 quid
841 3694 1210 3764 responderit,
1237 3694 1665 3748 observabimus.
1710 3722 1775 3734 ν-
1815 3693 2098 3749 Enimvero
2140 3694 2215 3747 fa-

2320 3694 2383 3746 Τί
2413 3694 2457 3746 δ’
2500 3695 2557 3746 οὐ
2606 3694 2899 3767 μὲλλομεν;
2930 3697 3038 3751 Καὶ
3083 3699 3175 3751 τὸν
3216 3699 3398 3753 λοιπον
3433 3699 3500 3767 δὴ
3549 3701 3775 3771 χρόνον,
3813 3704 3879 3764 ὡς

682 3786 943 3851 οἰοηᾶιιιῐι
965 3786 1017 3840 id
1052 3786 1173 3839 erit.
1217 3814 1287 3825 —
1337 3783 1473 3837 Tum
1504 3784 1625 3837 illos
1673 3784 1921 3853 deinceps
1965 3796 2218 3855 tanquam

684 3878 878 3931 heroas
909 3874 1312 3939 venerabimur,
1345 3889 1639 3944 eorumque
1672 3876 1916 3944 sepulcra
1953 3877 2220 3931 sanctiore

686 3968 832 4021 cultu
866 3979 1275 4035 prosequemur.
1328 3963 1522 4019 Eadem
1556 3982 1714 4035 porro
1761 3967 2083 4031 statuimus,
2130 3968 2220 4021 ubi

687 4059 809 4125 quis
836 4065 959 4127 post
980 4057 1142 4109 vitam
1168 4070 1289 4109 cum
1321 4056 1626 4111 excellentis
1651 4058 1932 4127 probitatis
1969 4059 2223 4128 Opinione

690 4148 1017 4211 traductam,
1051 4161 1359 4215 supremum
1419 4155 1511 4200 aut
1546 4148 1727 4212 senio,
1761 4157 1853 4202 aut
1900 4150 2003 4202 alio
2033 4151 2223 4218 quovis

693 4238 851 4291 modo
898 4239 1036 4292 diem
1072 4238 1280 4292 obierit.
1321 4256 1340 4289 ι
1390 4234 1512 4291 [lare
1543 4236 1707 4293 Plato.
1743 4238 1871 4305 Qua:
1921 4242 2134 4310 quidem
2169 4243 2223 4295 in

696 4329 971 4383 hominum
1004 4332 1111 4383 Deo
1143 4330 1583 4383 charissimorum
1623 4330 1801 4397 obitus
1834 4333 2044 4401 egregie
2095 4346 2223 4387 con-

692 4418 946 4481 veniunt,
976 4433 1113 4486 quos
1142 4433 1279 4472 vera:
1298 4419 1511 4487 pietatis
1539 4419 1734 4474 milites
1769 4420 1890 4487 jure
1918 4421 2220 4489 appellaris.

694 4502 827 4557 Nam
849 4514 899 4557 el
926 4516 1109 4556 eorum
1140 4503 1382 4570 sepulcra
1411 4500 1680 4558 celebrare
1702 4545 1715 4567 ,
1743 4513 1796 4558 et
1825 4521 2008 4573 preces
2034 4506 2103 4558 ibi
2130 4521 2221 4557 vo-

696 4605 853 4662 taque
877 4606 1209 4659 nuncupare,
1248 4599 1299 4644 et
1339 4591 1520 4649 beatas
1559 4594 1771 4649 illorum
1815 4596 2021 4662 animas
2069 4610 2225 4649 vene—

697 4682 802 4734 rari
832 4681 1238 4744 consuevimus,
1270 4680 1429 4748 idque
1476 4698 1507 4735 a
1546 4684 1702 4737 nobis
1744 4686 1937 4737 merito
1961 4686 2073 4739 ﬁeri
2115 4696 2225 4740 sta-

697 4771 916 4824 tuimus.
948 4771 1122 4841 Atque
1150 4786 1215 4824 ex
1266 4769 1503 4826 Platonis
1558 4775 1811 4842 Operibus
1859 4777 1968 4828 h:ec
2010 4792 2038 4829 ιι
2077 4778 2225 4831 nobis

696 4860 890 4914 se'lecta
916 4870 1042 4915 sunt
1075 4881 1088 4915 :
1121 4862 1271 4930 plura
1308 4862 1581 4918 studiosus
1633 4866 1892 4933 quilibet,
1947 4881 2044 4919 nec
2087 4869 2223 4935 apud

696 4950 869 5018 ipsum
905 4950 1097 5014 modo,
1131 4950 1223 5004 sed
1253 4949 1415 5003 etiam
1449 4949 1698 5006 fortassis
1730 4954 1869 5022 apud
1907 4954 2074 5019 alios,
2103 4972 2221 5009 cum

2323 3786 2573 3854 δαίμονας
2635 3788 2939 3854 γεγονότας,
2990 3789 3130 3842 οὕτω
3184 3784 3607 3860 Θεραπεύσομέν.
3652 3808 3742 3854 τε,
3795 3794 3879 3846 καὶ

2298 3876 2301 3878 ’
2325 3877 2764 3947 προσκυνήσομεν
2798 3878 2972 3931 αὐτῶν
2996 3879 3089 3940 τὰς
3120 3878 3312 3949 θήκας.
3342 3879 3421 3932 Τὰ
3457 3880 3605 3932 αὐτὰ
3633 3880 3695 3934 δὲ
3722 3880 3880 3933 ταῦτα

2327 3963 2632 4033 νομιοῦμεν,
2665 3967 2790 4018 ὅταν
2832 3967 2914 4029 τὶς
2952 3968 3097 4038 γήρα
3124 3968 3158 4036 ἧ
3184 3984 3285 4021 τινι
3313 3966 3455 4038 ἄλλῳ
3478 3970 3685 4040 τρόπῳ
3711 3969 3880 4023 τελευ-

2326 4056 2462 4123 τήσῃ
2489 4054 2594 4106 τῶν
2619 4057 2729 4107 ὅσοι
2753 4055 2817 4109 ἂν
2847 4056 3202 4127 διαφερόντως
3224 4059 3280 4110 ἐν
3302 4057 3380 4127 τῷ
3412 4058 3517 4127 βίῳ
3538 4060 3750 4127 ἀγαθοὶ
3776 4079 3881 4130 κρι-

2327 4143 2475 4196 Θῶσι.
2511 4163 2529 4196 ι
2558 4146 2666 4197 Καὶ
2691 4146 2861 4201 ταῦτα
2885 4147 2941 4199 δὲ
2981 4147 3203 4217 ἁρμόζει
3233 4149 3323 4201 ἐπὶ
3363 4150 3431 4218 τῇ
3465 4148 3583 4201 τῶν
3624 4149 3881 4219 Θεοφιλῶν

2318 4235 2577 4307 τελευτῇ,
2598 4238 2689 4300 οὐς
2720 4238 3050 4308 στρατιώτας
3074 4239 3171 4307 τῆς
3204 4238 3433 4307 ἀληθοῦς
3466 4241 3772 4307 εὐσεϐείας
3795 4246 3881 4295 οὐκ

2328 4326 2392 4378 ἂν
2431 4328 2690 4399 ἁμάρτοις
2739 4328 2925 4393 εἰπὼν,
2958 4330 3511 4400 παραλαμϐάνεσθαι.
3573 4334 3752 4387 Ὅθεν
3800 4337 3882 4387 καί

2328 4417 2420 4468 ἐπὶ
2446 4418 2542 4479 τὰς
2586 4418 2757 4488 θήκας
2786 4421 2963 4473 αὐτῶν
3002 4420 3121 4495 ἔθος
3154 4422 3283 4490 ἡμῖν
3322 4423 3607 4494 παριέναι,
3656 4429 3760 4478 καὶ
3795 4428 3883 4486 τὰς

2327 4509 2487 4576 εὐχὰς
2525 4510 2672 4580 παρὰ
2702 4511 2919 4573 ταύταις
2962 4510 3246 4575 ποιεῖσθαι,
3284 4514 3450 4583 τιμᾷν
3474 4530 3541 4566 τε
3572 4515 3685 4579 τὰς
3720 4534 3881 4586 pexa.

2330 4600 2446 4668 ρίας
2469 4598 2640 4654 αὐτῶν
2668 4602 2858 4671 ψυχὰς,
2884 4604 2958 4667 ὡς
2980 4604 3212 4672 εὐλόγως
3242 4606 3332 4658 καὶ
3360 4604 3569 4657 τούτων
3598 4608 3703 4676 ὑφ’
3740 4609 3880 4678 ἡμῶν

2327 4694 2669 4762 γιγνομένων.
2711 4694 2864 4747 Ἀλλὰ
2910 4695 3015 4766 γὰρ
3060 4699 3219 4766 ἡμεῖς
3279 4697 3375 4765 μὲν
3422 4695 3606 4750 ταῦτα
3649 4701 3736 4752 ’ἐκ
3788 4700 3881 4751 τῶν

2332 4779 2606 4843 Πλάτωνος
2645 4778 3004 4851 ἀνελεξάμεθα
3024 4800 3036 4812 ο
3068 4785 3348 4851 φιλόκαλος
3378 4784 3437 4836 δέ
3477 4801 3569 4847 τις
3604 4786 3780 4851 ἄλλος
3804 4790 3879 4839 καὶ

2329 4870 2526 4923 τούτων
2554 4874 2631 4925 ἔτι
2665 4873 2831 4925 πλείω
2861 4874 2926 4927 ἂν
2955 4876 3101 4946 εὖροι
3129 4878 3278 4946 παρὰ
3303 4875 3380 4945 τῷ
3405 4877 3579 4947 αὐτῷ,
3614 4879 3877 4950 σύμφωνα

2329 4962 2437 5020 τοῖς
2475 4962 2753 5032 ἡμετέροις
2789 4962 3034 5031 δόγμασι,
3073 4964 3210 5032 τάχα
3247 4963 3301 5015 δὲ
3341 4965 3434 5016 καὶ
3465 4967 3601 5036 παρ’
3660 4970 3875 5040 ἑτέροις.

694 5049 894 5091 nostra:
916 5037 1171 5092 doctrina:
1210 5041 1509 5095 rationibus
1548 5044 1919 5097 convenientia
1974 5046 2215 5114 reperiat.

2338 5049 2485 5101 Ἐπεὶ
2525 5051 2580 5103 δὲ
2626 5053 2723 5121 τῆς
2770 5053 2936 5123 αὐτῆς
2977 5054 3105 5123 ἡμῖν
3161 5053 3461 5119 ὑποθέσεως
3516 5037 3879 5128 προλαϐόντες

695 5126 758 5179 Ει
786 5127 1041 5195 quoniam
1065 5126 1167 5181 hoc
1195 5129 1367 5196 ipsum
1394 5138 1763 5199 argumentum
1816 5144 1938 5189 ante
1984 5151 2082 5190 nos
2133 5136 2223 5189 alii

695 5230 909 5284 quoque
936 5215 1182 5268 nonnulli
1219 5210 1547 5286 occuparunt
1568 5260 1583 5283 ,
1619 5235 1792 5288 opera:
1822 5226 2051 5290 pretium
2078 5226 2225 5281 vide-

770 5426 810 5455 “
846 5426 963 5478 Act.
993 5441 1052 5490 v,
1080 5424 1169 5477 29.
1247 5425 1288 5454 “
1325 5424 1502 5479 Matth.
1530 5442 1593 5493 ι,
1642 5426 1728 5481 28.

1812 5430 1852 5458 “
1890 5428 1951 5481 Ill
1996 5432 2116 5486 Cor.
2150 5450 2202 5497 v,
2242 5435 2275 5485 l.

2329 5138 2597 5207 ἐφήψαντο
2636 5142 2728 5195 καὶ
2754 5141 2918 5207 ἄλλοι,
2946 5139 3004 5195 εὖ
3035 5160 3123 5213 μοι
3154 5144 3298 5198 δοκεῖ
3329 5147 3747 5216 ἐπισκέψασθαι
3789 5152 3878 5203 δεῖν

2332 5230 2422 5279 καὶ
2463 5230 2527 5282 τὰ
2570 5231 2776 5295 τούτοις
2810 5234 3175 5305 πεπονημένα.
3220 5235 3533 5306 Παραθήσω
3571 5238 3635 5291 δὲ
3676 5240 3877 5311 πρώτω

772 5618 845 5697 (8)
874 5618 992 5671 Τῶν
1012 5620 1079 5672 δὲ
1100 5619 1191 5699 δή..
1226 5618 1377 5673 Plato
1417 5617 1508 5699 Iib_.
1536 5635 1570 5699 χ
1604 5622 1676 5674 De
1700 5621 1917 5690 republ..
1948 5639 2065 5695 ang.
2104 5624 2222 5691 464,
2264 5623 2323 5691 Β,
2362 5624 2419 5679 C.
2458 5626 2662 5693 Quibus
2707 5625 2899 5681 similia
2940 5622 3218 5682 lennem)
3261 5633 3399 5693 toto,
3444 5629 3739 5699 sapienter
3771 5640 3823 5689 et

702 5688 913 5746 copiose
944 5690 1297 5754 persequitur,
1326 5705 1442 5754 pag.
1469 5687 1571 5742 4ιὲ
1601 5702 1647 5744 et
1680 5687 1790 5757 seq.
