4002 6340
115 420 265 472 “05

1265 427 1579 484 PRAEPAR.
1623 429 1866 484 EVANC.
1908 430 2032 485 LIB.
2075 430 2206 484 XIII.

3153 433 3286 488 “06

107 550 220 602 νην
273 535 405 604 πρὸς
462 536 658 600 αὐτῶν,
692 538 856 610 τὸμὴ
890 541 1002 593 τόδε
1052 542 1246 613 (51),ἢ
1293 547 1365 615 μὴ
1412 546 1490 609 ὃν,
1531 548 1646 616 πρὸς

1765 550 2024 618 principia
2044 554 2346 610 numerant,
2362 560 2467 600 non
2493 545 2815 615 principium
2841 561 3006 600 unum
3025 556 3284 601 statuunt.

109 620 213 673 τοῦ
245 623 519 688 Πλάτωνος
567 628 833 696 εἰρῆσθαι,
877 632 968 682 καί
1025 634 1093 701 μὴ
1139 650 1226 684 τι·
1267 637 1661 704 μυστικώτατα.

109 711 267 766 Μίαν
296 717 401 786 γάρ
431 718 526 787 την
559 718 720 782 ὅντως
743 714 913 773 οὖσαν
945 723 1111 794 ἀρχὴν
1152 725 1322 789 εἰδὼς,
1369 729 1425 778 ὲν
1460 728 1536 797 τῷ
1583 732 1665 781 Τι-

103 806 270 870 μαίῳ
294 807 478 868 αὐταῖς
521 826 648 878 φησι
707 811 906 874 λέξεσι·
943 831 962 862 ι
988 814 1099 865 Νῦν
1133 815 1194 884 δὴ
1236 813 1326 870 οὖν
1361 818 1418 868 τό
1447 833 1508 884 γε
1536 821 1662 888 παρ’

107 893 274 962 ἡμῶν
295 890 390 948 ὧδε
417 899 613 966 ὲχέτω·
648 901 744 970 τὴν
779 903 876 971 μὲν
909 904 1033 974 περὶ
1056 906 1321 968 ἁπάντων,
1355 907 1461 960 εἴτε
1494 910 1662 979 ἀρχὴν

104 986 226 1037 ιῖτε
285 987 471 1056 ἀρχὰς,
516 991 621 1041 εἴτε
641 993 744 1062 ὅπη
804 993 948 1045 δοκεί
991 995 1190 1049 τούτων
1231 998 1372 1066 πέρι,
1412 1000 1573 1051 τανῦν
1600 1001 1660 1053 οὐ

108 1077 308 1146 ῥητέον
360 1078 424 1129 δι’
465 1079 590 1132 ἄλλο
634 1083 729 1151 μὲν
762 1083 932 1145 οὐδὲν,
968 1085 1054 1138 διὰ
1091 1086 1146 1138 δὲ
1181 1089 1238 1139 τὸ
1269 1089 1495 1156 χαλεπὸν
1524 1086 1660 1142 εἶναι

108 1170 257 1220 κατὰ
286 1169 374 1221 τὸν
425 1172 663 1242 παρόντα
697 1175 889 1242 τρόπον
919 1175 1016 1245 τῆς
1060 1177 1286 1242 διεξόδου
1328 1179 1560 1248 δηλῶσαι
1593 1183 1658 1234 τὰ

101 1259 417 1314 δοκοῦντα.)
460 1266 662 1328 Ἀλλως
692 1283 747 1317 τε
780 1273 810 1336 ἡ
845 1267 984 1332 λέξις
1022 1270 1053 1338 ἡ
1101 1270 1400 1339 προφητικὴ
1444 1272 1656 1342 ἐκείνη·

109 1369 132 1399 ‹
181 1353 245 1404 Ἥ
293 1353 347 1405 δὲ
392 1355 461 1424 γῆ
515 1351 581 1425 ἦν
639 1358 899 1427 ἀόρατος,
959 1360 1052 1411 καὶ
1106 1361 1594 1424 ἀκατασκεύαστος,
1630 1383 1650 1410 ι

98 1441 360 1512 ἀφορμὰς
385 1447 563 1509 αὐτοῖς
595 1448 782 1516 ὑλικῆς
810 1449 992 1512 οὐσίας
1041 1450 1368 1520 παρέσχηται
1388 1467 1400 1479 ⁸
1429 1453 1534 1502 Ναὶ
1556 1455 1657 1523 μὴν

115 1531 423 1605 Ἐπικούρῳ
475 1539 572 1608 μὲν
624 1543 656 1609 ἡ
705 1539 792 1590 τοῦ
845 1541 1146 1608 αὐτομάτου
1189 1543 1551 1611 παρείσδυσις,
1596 1546 1655 1595 οὐ

100 1627 638 1698 παρακολουθήσαντι
669 1630 743 1699 τῷ
773 1631 936 1699 ῥητῷ,
955 1632 1170 1698 γέγονεν
1197 1635 1456 1698 ἐντεῦθεν,
1488 1656 1504 1686 ι
1535 1638 1656 1689 Μα-

99 1717 325 1786 ταιότης
357 1724 740 1792 ματαιοτήτων,
772 1722 839 1774 τὰ
872 1726 1044 1778 πάντα
1077 1727 1368 1798 ματαιότης
1388 1745 1400 1756 ·
1444 1749 1460 1778 ι
1510 1729 1654 1797 Ἀρι-

102 1809 342 1862 στοτέλει
374 1811 428 1864 δὲ
475 1813 630 1883 μέχρι
661 1813 884 1884 σελήνης
923 1816 1120 1884 ὲπῆλθε
1180 1823 1507 1886 καταγαγεῖν
1557 1819 1652 1888 τὴν

1763 641 1922 708 Atqui
1955 641 2126 692 sciant
2158 639 2245 694 isti
2274 638 2454 704 velim,
2474 638 2752 690 materiam
2770 637 2934 700 illam,
2959 653 3118 705 quam
3142 639 3286 691 omni

1762 740 1812 784 et
1845 731 2101 799 qualitate
2133 737 2186 783 et
2219 729 2386 798 ﬁgura
2420 743 2601 782 carere
2624 727 2829 789 dicunt,
2855 744 2884 780 a
2915 727 3132 782 Platone
3155 744 3288 795 quo.
3370 771 3376 776 .

1761 836 1865 888 que
1894 835 1999 874 non
2023 829 2224 872 certum
2243 818 2391 887 quid,
2421 818 2530 871 sive
2561 818 2610 871 id
2643 819 2784 886 quod
2811 834 2914 870 non
2933 828 3033 879 est,
3058 819 3287 884 appella-

1763 923 1867 964 tam
1885 927 2021 972 esse,
2045 911 2284 978 adeoque
2308 926 2414 962 non
2434 908 2631 977 aliquid
2665 949 2678 962 .
2702 909 2841 977 quod
2864 908 3073 974 quidem
3103 907 3288 976 mysti-

1760 1017 1880 1055 cum
1910 1002 2064 1054 valde
2109 1016 2172 1054 ac
2216 1000 2546 1053 reconditum
2595 999 2800 1053 censeri
2830 999 3001 1053 debet.
3035 997 3164 1050 Nam
3194 998 3283 1065 qui

1760 1107 1942 1144 verum
1978 1091 2104 1144 illud
2165 1107 2327 1143 unum
2379 1090 2692 1159 principium
2739 1098 3066 1159 agnosceret,
3115 1089 3165 1140 in
3198 1087 3285 1140 Ti-

1760 1196 1888 1232 mwo
1922 1179 2032 1232 haec
2079 1178 2240 1232 habet
2282 1179 2568 1247 ipsissima.
2603 1195 2624 1237 ς
2658 1176 2846 1231 Nostra
2903 1193 3047 1239 vero,
3091 1177 3280 1244 inquit,

1756 1271 2022 1339 ejusmodi
2047 1272 2186 1322 ratio
2215 1281 2312 1322 est.
2365 1269 2436 1322 De
2491 1269 2724 1321 universi
2762 1285 2853 1322 seu
2883 1269 3140 1336 principio
3187 1284 3280 1322 seu

1757 1362 2055 1430 principiis,
2103 1361 2296 1430 quidve
2338 1361 2402 1413 de
2437 1360 2501 1413 iis
2533 1360 2850 1422 sentiamus,
2903 1362 2954 1412 in
3005 1361 3282 1427 praesentia

1756 1453 1930 1505 dicere
1955 1452 2328 1515 omittendum,
2362 1466 2458 1504 nec
2491 1451 2592 1503 alia
2625 1452 2687 1503 de
2731 1466 2911 1514 causa,
2947 1467 3105 1520 quam
3141 1453 3280 1518 quod

1755 1539 1972 1594 difﬁcile
2001 1540 2086 1599 sit,
2113 1555 2174 1592 ea
2198 1554 2354 1607 quam
2387 1539 2662 1606 sequimur
2695 1539 3000 1607 disputandi
3037 1540 3140 1604 via,
3165 1555 3282 1607 qua:

1757 1631 1912 1684 nobis
1934 1630 2032 1683 hoc
2049 1629 2100 1681 in
2122 1644 2315 1698 genere
2333 1629 2631 1691 videantur,
2652 1645 2932 1697 exponere.
2951 1649 2967 1680 ι
2996 1629 3278 1693 ϐαδιεῖ-ατη,

1754 1720 2122 1787 propheticum
2159 1719 2318 1772 illud:
2345 1739 2361 1769 ι
2394 1719 2555 1773 Terra
2585 1728 2760 1772 autem
2789 1729 2902 1772 erat
2931 1720 3209 1772 invisibilis
3229 1729 3281 1772 et

1755 1811 2016 1879 indigesta
2049 1810 2087 1873 ¹,
2123 1829 2140 1859 ›
2175 1809 2432 1878 ﬁngenda:
2460 1811 2618 1878 hujus
2662 1810 2896 1863 materia:
2943 1815 3278 1865 occasionem

101 1897 390 1968 Πρόνοιαν,
412 1904 473 1953 ὲκ
489 1903 635 1954 τοῦδε
659 1904 747 1954 τοῦ
765 1904 996 1973 ψαλμοῦ·
1022 1924 1040 1955 ι
1061 1908 1249 1976 Κύριε,
1268 1908 1326 1958 ἐν
1354 1907 1430 1975 τῷ
1445 1908 1646 1976 οὐρανῷ

1754 1899 1818 1953 iis
1862 1900 2027 1953 dedit.
2066 1899 2130 1953 Et
2173 1899 2432 1968 Epicurus
2481 1913 2630 1959 sane,
2681 1909 2740 1952 ut
2774 1916 2901 1952 casu
2951 1915 3013 1953 ae
3059 1899 3279 1954 fortuito

96 1991 168 2043 τδ
205 1992 347 2056 ἔλεός
376 2013 488 2059 σου,
529 1997 675 2067 καὶὴ
713 1999 933 2068 ἀλήθειά
968 2017 1056 2051 σου
1091 2000 1192 2061 ἓως
1219 2001 1322 2053 τῶν
1347 2000 1598 2070 νεφελῶν.
1630 2022 1646 2049 ι

97 2081 328 2136 Οὐδέπω
363 2085 468 2155 γὰρ
489 2086 890 2138 ἀπεκαλύπτετο
916 2089 948 2157 ἡ
985 2087 1091 2138 τῶν
1118 2088 1461 2156 προφητικῶν
1487 2087 1652 2157 δήλω-

99 2189 189 2235 σις
223 2178 526 2245 μυστηρίων
555 2177 657 2246 πρὸ
693 2177 791 2246 τῆς
813 2177 907 2229 τοῦ
962 2178 1161 2249 Κυρίου
1202 2179 1514 2248 παρουσίας.
1543 2179 1652 2241 Τάς

91 2281 161 2317 τε
213 2285 278 2319 αυ
317 2267 450 2335 μετά
500 2268 722 2321 θάνατον
778 2269 1040 2332 κολάσεις,
1085 2270 1178 2322 καὶ
1217 2270 1313 2340 τὴν
1342 2270 1428 2323 διὰ
1477 2272 1644 2340 πυρὸς

91 2358 385 2428 τιμωρίαν,
414 2359 518 2411 ἀπὸ
560 2360 656 2429 τῆς
688 2358 956 2429 βαρϐάρου
1000 2360 1309 2428 φιλοσοφίας
1345 2362 1378 2429 ἦ
1412 2379 1467 2412 τε
1494 2379 1648 2430 ποιη-

93 2447 230 2516 τικὴ
257 2449 400 2500 πᾶσα
439 2448 631 2517 μοῦσα,
677 2451 808 2506 ἀλλά
855 2451 946 2503 καὶ
979 2452 1011 2519 ή
1060 2451 1334 2520 Ἑλληνικὴ
1369 2451 1648 2518 φιλοσοφία

94 2536 365 2604 ὑφείλετο.
392 2534 610 2592 Πλάτ⁶ων
638 2540 764 2607 γοῦν
796 2541 852 2593 ὲν
879 2541 954 2609 τῷ
991 2541 1276 2609 τελευταίῳ
1326 2541 1423 2609 τῆς
1471 2545 1643 2592 Πολι-

90 2630 262 2692 τείας
292 2631 476 2692 αὐταῖς
511 2648 640 2700 φησι
668 2635 784 2694 ταῖς
823 2633 1054 2696 λέξεσινο
1095 2650 1113 2681 ι
1160 2629 1415 2682 Ἐνταῦθα
1442 2631 1504 2700 δὴ
1538 2631 1646 2699 (52)

91 2717 289 2786 ἄνδρες
318 2721 494 2790 ἄγριοι
520 2721 766 2791 διάπυροι
797 2723 942 2786 ἰδεῖν,
972 2722 1328 2792 παρεστῶτες,
1360 2723 1451 2773 καὶ
1479 2740 1643 2774 καται

94 2805 458 2874 μανθάνοντες
507 2809 566 2861 τὸ
617 2811 832 2879 φθέγμα
879 2812 1010 2878 (55),
1046 2813 1167 2872 τοὺς
1216 2812 1311 2879 μὲν
1341 2811 1444 2881 ίδίᾳ
1474 2829 1645 2881 παρα-

87 2897 348 2960 λαϐόντες
393 2894 552 2969 ἦγον·
594 2901 683 2952 τὸν
714 2901 770 2953 δὲ
810 2903 1067 2972 Ἀριδαῖον
1103 2901 1209 2971 (54)
1257 2903 1346 2954 καὶ
1382 2903 1505 2964 τοὺς
1557 2902 1646 2954 ἀλ-

86 2984 221 3047 λους
261 2988 696 3056 συμποδίσαντες,
729 2991 912 3060 χεῖράς
932 3007 988 3041 τε
1023 2991 1114 3042 κα).
1142 2992 1321 3054 πόδας,
1358 2993 1448 3044 καὶ
1474 3009 1643 3058 κεφα-

85 3071 194 3139 λὴν
225 3073 609 3136 καταϐαλόντες
640 3077 770 3144 (55),
801 3079 891 3130 καὶ
915 3078 1267 3149 ἐκδείραντες,
1288 3075 1466 3132 εἷλκον
1497 3080 1643 3150 παρὰ

89 3160 196 3228 τὴν
229 3160 343 3212 ὁδὸν
380 3163 535 3226 ἐκτὸς
574 3167 656 3216 ἔπ’
709 3167 1028 3219 ἀσπαλάθων
1072 3169 1406 3236 κάμπτοντες
1445 3169 1575 3236 (56).
1620 3189 1637 3219 ι
1670 3203 1710 3258 c

86 3255 158 3304 Οί
194 3253 289 3321 μὲν
327 3255 432 3324 γὰρ
461 3257 644 3326 ἄνδρες
667 3257 778 3326 (57)
804 3260 852 3308 οἱ
885 3260 1151 3332 διάπυροι,
1201 3261 1458 3327 ἀγγέλους
1497 3260 1641 3329 αὐτῷ

88 3340 370 3410 βούλονται
418 3343 632 3412 δηλοῦν,
692 3345 739 3396 οἳ
793 3347 1191 3415 παραλαϐόντες
1245 3350 1368 3408 τούς
1429 3347 1641 3412 ἀδίκους

84 3432 424 3496 κολάζουσιν.
465 3453 482 3486 ι
531 3435 587 3488 '0
626 3436 810 3499 ποιῶν,
873 3439 1021 3506 φησὶ,
1071 3439 1195 3499 τούς
1242 3438 1499 3505 ἀγγέλους
1545 3439 1641 3490 αὐ-

83 3526 185 3579 τοῦ
235 3525 546 3595 πνεύματα,
594 3527 832 3590 καὶτοὺς
868 3527 1202 3598 λειτουργοὺς
1248 3528 1352 3597 πῦρ
1395 3528 1634 3596 φλέγον.»

85 3617 325 3669 Ἐπεται
368 3616 422 3668 δὲ
460 3617 683 3679 τούτοις,
718 3619 816 3687 τὴν
852 3617 1023 3688 ψυχὴν
1067 3614 1200 3670 εἶναι
1247 3618 1526 3671 ἀθάνατον.
1570 3620 1641 3671 Τὸ

84 3707 201 3777 γὰρ
230 3707 644 3781 κολαζόμενον,ἣ
681 3711 1074 3778 παιδευόμενον,
1113 3713 1168 3762 ὲν
1188 3712 1428 3782 αίσθήσει
1446 3711 1523 3772 ὃν,
1550 3710 1636 3781 ζῇ,

82 3799 195 3852 κᾶν
225 3803 445 3868 πάσχειν
476 3801 723 3872 βούληται
753 3801 874 3871 (58).
896 3801 1028 3853 Τίδέ
1051 3818 1065 3865 ;
1091 3802 1220 3871 Οὐχὶ
1233 3799 1406 3854 οἷδενό
1425 3802 1640 3854 Πλάτων

87 3891 193 3942 καὶ
253 3891 418 3962 πυρὸς
453 3895 743 3962 ποταμοὺς,
777 3894 870 3946 καὶ
920 3894 1015 3963 τῆς
1062 3894 1163 3962 γῆς
1198 3895 1256 3945 τὸ
1312 3894 1501 3962 βάθος,
1547 3895 1642 3964 τὴν

85 3981 234 4050 πρὸς
263 3982 368 4036 τῶν
395 3983 676 4055 βαρϐάρων
723 3985 942 4052 γέενναν
973 3985 1303 4054 καλουμένην
1321 4025 1333 4046 ,
1368 3984 1643 4053 Τάρταρον

83 4073 385 4140 ποιητικῶς
431 4071 537 4143 (59)
581 4076 889 4145 ὀνομάζων,
952 4076 1204 4127 Κωκυτόν
1243 4092 1300 4126 τε
1361 4077 1453 4126 κα).
1492 4075 1640 4142 Ἀχέ-

87 4175 276 4227 ροντα,
311 4163 402 4213 καὶ
431 4160 910 4232 Πυριφλεγέθοντα,
953 4163 1045 4213 κα).
1073 4163 1139 4213 τά
1170 4162 1390 4214 τοιαῦτά
1414 4181 1534 4216 τινα
1565 4165 1642 4225 είς

84 4251 192 4319 τὴν
223 4252 495 4304 παίδευσιν
519 4254 906 4324 σωφρονίζοντα
927 4253 1265 4322 παρεισάγων
1293 4253 1638 4324 κολαστήρια;

79 4338 210 4392 Τῶν
259 4342 498 4411 σμικρῶν
545 4344 620 4407 δὲ,
660 4343 799 4395 κατά
830 4345 926 4415 τὴν
957 4341 1192 4414 Γραφὴν,
1217 4345 1309 4396 καὶ
1345 4344 1636 4413 ἐλαχίστων

164 4452 181 4481 ⁸
225 4450 416 4506 Cenes.
447 4469 484 4506 ι.
510 4454 558 4505 1.
633 4455 654 4484 ⁸
695 4454 896 4510 Eccles.
925 4472 960 4520 I,
988 4455 1041 4508 ‘2.

158 4570 274 4638 (3i)
309 4569 376 4622 Τὸ
399 4569 483 4637 μὴ
529 4570 680 4633 τόδε,
725 4582 826 4626 etc.
858 4572 981 4626 Haec
1025 4573 1162 4640 apud
1202 4573 1631 4630 Clementemita
1663 4579 1710 4637 D

79 4650 348 4716 congepta
377 4643 626 4716 reperies,
652 4643 744 4716 καὶ
769 4643 1156 4714 τολμηρότερον
1176 4645 1278 4716 Δἤδη
1313 4644 1383 4713 μὴ
1419 4644 1475 4696 ὃν
1501 4645 1634 4716 πρὸς

78 4729 135 4784 τ.
186 4707 575 4784 Π.⁷είρῆσθαι,
623 4713 713 4763 καὶ
748 4717 816 4784 μή
864 4707 1335 4782 τι”μυστικὼτατα
1374 4707 1507 4782 ’μίαν
1539 4707 1634 4784 τὴν

79 4782 277 4852 ῥντως,
304 4789 405 4832 etc.
436 4779 641 4852 Quibus
677 4779 868 4835 similia
902 4779 1148 4852 leguntur
1172 4784 1224 4834 in
1261 4799 1362 4836 ms.
1382 4779 1632 4837 Eusebii.

79 4847 236 4900 Nihil
271 4857 443 4901 tamen
482 4851 532 4916 i_n
584 4859 764 4903 nostra
804 4847 1028 4904 lectione
1076 4855 1386 4904 mutandum
1419 4868 1632 4916 censeo,

79 4918 384 4991 pra:_sertim
411 4933 531 4991 cum
558 4935 621 4972 ex
658 4921 765 4971 illis
791 4923 882 4973 καὶ
911 4922 980 4991 μή
1014 4939 1064 4972 τι
1091 4938 1304 4990 μυστικ.
1335 4925 1464 4975 satis
1490 4937 1636 4975 com-

79 4985 802 5059 modaerprimrsententia
825 4985 1070 5059 nequeat.

158 5053 602 5174 (ζ5εέ1ᾀιίὄταῦθα
648 5057 742 5122 δή.
793 5053 1117 5129 Platolibro
1159 5076 1191 5112 ι
1239 5059 1312 5113 De
1345 5061 1627 5129 republica,

121 5138 213 5188 ag.
241 5138 340 5174 om
373 5138 430 5175 υ.

77 5139 663 5270 Ρῆῗξλὸῗκῖὸυὲᾲἐγμα.
696 5192 955 5270 Ilervetus
998 5199 1187 5259 reddit,
1221 5216 1504 5270 sermonem
1550 5202 1631 5253 in-

82 5261 392 5338 telligenles.
440 5261 657 5340 Φθέγμα
707 5263 797 5340 hic.
843 5266 1256 5340 de‘rrochest,
1305 5279 1386 5340 et_
1407 5269 1633 5340 μύκημα

81 5331 318 5397 mugitus
339 5370 354 5392 ,
389 5345 547 5397 quem
581 5331 1039 5388 immanishiatus
1068 5337 1325 5390 ediderat.
1361 5331 1635 5392 Praecessit

78 5400 383 5477 enimapud
401 5399 674 5477 Platonem
705 5399 794 5477 οὓς
817 5402 1080 5477 (homines
1099 5407 1433 5477 teterrimos)
1456 5409 1632 5477 οἰομέ-

78 5487 210 5546 νοξρς
226 5467 320 5546 ἤδη
343 5467 832 5546 ἀναϐήσεσθαι,ρίηι⁷
848 5471 1050 5546 ἐδέχετο
1068 5471 1123 5524 τὸ
1138 5473 1372 5546 στόμιον,
1388 5467 1498 5527 ἄλλ’
1513 5467 1637 5546 ε’μυ-

79 5538 255 5614 κᾷτο,
271 5538 443 5614 gnere
459 5538 540 5601 τις
560 5539 678 5614 τῶν
694 5538 860 5614 οὐτως
885 5541 1110 5614 ἀνιάτως
1136 5538 1358 5608 ἐχόντων
1375 5546 1452 5605 είς
1478 5538 1637 5614 πονη-

79 5610 243 5682 Ρίαὲν,
267 5609 297 5677 ἢ
320 5610 398 5682 ,μὴ
432 5608 625 5682 ἔκαενῶς
655 5606 1087 5682 ξεδωξίὼςῄδίκην,
1119 5606 1378 5682 timum;
1403 5606 1617 5666 twévm'.

159 5679 272 5748 (54)
318 5677 611 5748 Ἀριδαῖον.
655 5677 730 5730 Ita
777 5679 974 5733 Justin.
1019 5677 1308 5748 Mai-tyrio
1342 5680 1626 5746 Parumst,

80 5749 325 5820 pagi“).
359 5747 549 5808 Clem.,
595 5747 885 5820 νἈρίδιιον,
919 5758 974 5802 at
1003 5747 1170 5807 Plato,
1220 5749 1498 5820 ‘Apfitaiov.

159 5818 268 5885 (55)
295 5819 748 5882 Καταόαλόντες.
785 5818 1051 5886 Clemens,
1097 5817 1496 5880 καταλαδὸντες.

1751 1990 1929 2043 omnia
1955 1991 2066 2043 ﬁeri
2099 1992 2317 2053 diceret,
2354 1991 2405 2042 in
2436 1991 2671 2043 animum
2721 1991 2946 2053 induxit,
2969 1993 3109 2060 quod
3138 1993 3279 2047 illius

1750 2082 1876 2135 dicti
1912 2083 2016 2147 vim
2046 2097 2148 2135 non
2187 2089 2430 2149 caperet:
2475 2099 2492 2130 ι
2517 2079 2735 2134 Vanitas
2757 2084 3073 2148 vanitatum,
3101 2085 3278 2136 omnia

1751 2173 1958 2225 vanitas
1989 2174 2044 2234 ²;
2079 2191 2094 2220 ι
2145 2173 2592 2239 quemadmodum
2641 2174 2975 2240 Aristoteles,
3008 2183 3064 2228 ut
3104 2176 3275 2228 lunari

1749 2264 1875 2346 orbe
1905 2263 2296 2346 Providentiam
2323 2264 2584 2330 deﬁniret,
2609 2281 2672 2318 ex
2707 2266 2796 2317 illo
2820 2266 3025 2334 psalmo
3066 2266 3275 2320 hausit:

1753 2341 1778 2421 ι’
1803 2353 2026 2408 Domine
2046 2394 2060 2417 ,
2084 2341 2134 2406 in
2160 2355 2297 2410 coelo
2327 2355 2693 2409 misericordia
2735 2366 2846 2419 tua,
2884 2366 2936 2409 et
2963 2357 3158 2410 veritas
3187 2364 3278 2409 tua

1749 2459 1916 2512 usque
1949 2445 2015 2498 ad
2039 2445 2206 2498 nubes
2232 2446 2304 2498 ³.ι
2327 2445 2506 2514 Neque
2527 2447 2665 2498 enim
2702 2454 2825 2499 ante
2853 2444 3056 2498 Domini
3085 2446 3279 2498 adven-

1746 2542 1857 2585 tum
1883 2534 2314 2601 pmpheticorum
2344 2536 2517 2586 adhuc
2547 2534 2920 2600 mysteriorum
2946 2535 3279 2602 aperiebatur

1746 2623 2029 2677 sententia.
2059 2621 2175 2674 Jam
2195 2622 2383 2674 luenda
2405 2637 2617 2690 quoque
2635 2632 2752 2691 post
2781 2623 2982 2676 obitum
3000 2623 3276 2693 supplicia,

1743 2713 1932 2766 etillos
1963 2712 2162 2780 ignium
2194 2712 2615 2776 crueiatus,cum
2645 2723 2812 2781 poetae
2836 2715 3033 2781 passim
3067 2729 3276 2779 omnes,

1745 2815 1855 2858 tum
1899 2805 2066 2860 Graeci
2104 2805 2261 2857 etiam
2299 2807 2596 2874 philosophi
2637 2822 2665 2860 a
2696 2807 2916 2859 barbara
2943 2806 3276 2874 philosOphia

1743 2896 2119 2962 compilarunt.
2141 2892 2288 2950 Plato
2308 2896 2521 2964 quidem
2543 2898 2592 2946 in
2621 2895 2803 2947 ultimo
2819 2894 2890 2946 De
2917 2894 3176 2956 republica
3191 2895 3275 2947 di-

1743 2986 1898 3039 sertis
1925 2986 2297 3056 conceptisque
2317 2985 2522 3038 Verbis:
2548 3004 2563 3033 ι
2589 2982 2723 3036 Τυηι
2763 2983 3053 3044 enimvero,
3084 2983 3274 3052 inquit,

1744 3076 1838 3130 feri
1857 3077 2122 3140 homines,
2147 3086 2199 3130 et
2225 3086 2436 3144 aspectu
2458 3076 2614 3143 ignei,
2631 3075 2812 3126 audito
2833 3075 3057 3141 mugitu,
3079 3083 3271 3142 praasto

1743 3170 1982 3232 aderant,
2024 3170 2249 3236 aliisque
2296 3181 2534 3219 seorsum
2582 3165 2845 3230 abductis,
2888 3166 3156 3220 Aridmum
3209 3182 3272 3220 ac

1742 3270 1980 3323 caeteros,
2011 3260 2256 3311 manibus
2286 3256 2441 3308 simul
2498 3271 2556 3309 ac
2587 3255 2808 3324 pedibus
2853 3256 3266 3323 cervicibusque

1744 3351 2070 3409 constrictis,
2108 3349 2254 3400 humi
2302 3347 2549 3410 alllictos,
2582 3356 2634 3400 et
2681 3356 2803 3400 cute
2852 3347 3108 3409 detracta,
3143 3347 3274 3400 foris

1745 3454 1900 3492 secus
1957 3439 2096 3490 viam
2149 3453 2244 3505 per
2303 3438 2505 3490 medias
2556 3437 2837 3505 raptabant
2888 3437 3214 3506 aspalathos.
3248 3456 3267 3486 ι

1744 3526 1875 3580 Nam
1908 3528 1994 3582 isti
2016 3527 2228 3595 quidem
2261 3527 2503 3580 homines
2531 3525 2688 3595 ignei,
2712 3528 2928 3596 angelos
2973 3527 3111 3594 apud
3150 3540 3270 3578 eum

1746 3619 2068 3688 signiﬁcant,
2114 3619 2205 3687 qui
2233 3629 2471 3687 arreptos
2495 3619 2778 3671 sceleratos
2809 3618 3033 3686 puniunt
3068 3635 3080 3669 :
3117 3617 3272 3684 juxta

1744 3710 1916 3764 illud:
1948 3729 1965 3760 ι
2001 3708 2102 3775 Qui
2162 3708 2287 3762 facit
2326 3709 2541 3776 angelos
2583 3723 2707 3760 suos
2739 3707 2976 3774 spiritus,
3017 3715 3070 3759 et
3117 3707 3273 3760 mini-

1746 3811 1886 3857 stros
1917 3786 2279 3872 ignem'670
2309 3808 2545 3854 urentem
2577 3799 2619 3847 ⁵.
2663 3815 2680 3849 ο
2720 3796 2794 3850 Ex
2823 3799 3017 3865 quibus
3048 3799 3270 3852 immor-

1749 3894 1906 3946 talem
1935 3877 2174 3944 animum
2216 3905 2333 3943 esse
2381 3887 2744 3954 consequitur.
2789 3888 2942 3952 Quod
2987 3889 3127 3941 enim
3180 3903 3271 3945 aut

1747 3985 1987 4052 punitur,
2008 3991 2100 4035 aut
2121 3981 2382 4040 eruditur,
2434 3979 2484 4031 id
2520 3994 2639 4031 cum
2676 3994 2831 4031 sensu
2864 3980 3141 4046 praeditum
3177 3984 3267 4045 sit,

1743 4076 1886 4126 vivat
1908 4088 2124 4126 necesse
2158 4080 2258 4133 est,
2294 4070 2500 4122 etiamsi
2529 4071 2632 4137 pati
2657 4069 2880 4122 dicatur.
2914 4068 3048 4135 Quid
3081 4073 3272 4139 porro?

1741 4163 2009 4232 Numquid
2057 4162 2215 4215 etiam
2260 4160 2427 4224 Plato,
2473 4170 2524 4213 et
2574 4163 2710 4231 ignis
2760 4160 2967 4224 ﬂuvios,
3019 4173 3073 4216 et
3124 4165 3266 4217 illam

1741 4265 1895 4308 terra;
1913 4253 2248 4307 altitudinem
2277 4251 2511 4320 agnovit,
2536 4267 2653 4319 qua:
2685 4267 2712 4303 a
2762 4252 3000 4308 barbaris
3032 4257 3268 4323 gehenna

1741 4347 1956 4409 dicitur,
2006 4360 2163 4413 quem
2198 4345 2309 4413 ipse
2359 4343 2639 4397 Tartarum
2685 4346 2891 4413 poetice
2941 4347 3265 4411 nominavit;

1146 4455 1166 4486 ⁸
1205 4455 1315 4508 Pal.
1349 4472 1530 4521 xxxv,
1584 4454 1635 4508 6.
1713 4456 1734 4486 ‘
1781 4453 1919 4509 Psal.
1957 4453 2146 4516 cnl,4.

1786 4573 1915 4642 .(36)
1965 4570 2356 4640 Κάμπτοντες.
2413 4571 2643 4642 ,Ιυειίηη
2683 4572 3064 4639 γνάμπτοντες.
3117 4567 3266 4642 Plato

1737 4641 2124 4712 κνάμπτοντες,
2152 4646 2338 4696 eodem
2390 4658 2569 4696 sensu.
2603 4641 2845 4712 Clemens
2876 4651 2925 4691 et
2958 4655 3058 4712 ms.
3093 4641 3266 4710 κνάμ-

1738 4710 1978 4776 πτοντες.
2011 4712 2160 4777 Quod
2209 4722 2533 4779 postremum
2581 4712 2622 4762 si
2661 4710 2941 4779 probatur,
2984 4710 3263 4764 dicendum

1736 4798 1818 4839 est
1859 4799 1951 4837 eos
1991 4798 2093 4835 non
2150 4777 2419 4850 utcunque
2464 4790 2673 4850 carptos
2717 4789 2772 4850 _ct
2819 4777 3074 4831 laceratos
3126 4795 3264 4845 esse,

1738 4869 1919 4905 verum
1949 4852 2110 4904 etiam
2157 4852 2220 4903 ad
2260 4848 2514 4917 majorem
2563 4848 3010 4918 dolorisgsensum
3055 4851 3264 4918 aspala-

1736 4925 1843 4976 this
1876 4923 2173 4988 impositos.
2207 4919 2315 4986 Ego
2343 4916 2564 4988 alterum
2594 4916 2935 4988 prwtulerim.

1808 4992 1916 5061 (57)
1952 4984 2150 5056 ὒὶμέν
2324 4987 2548 5061 ἄνδρες.
2583 4984 2843 5061 Justinus,
2880 4986 2998 5061 inde
3026 5001 3267 5061 resurre-

1736 5053 1927 5115 ctionis
1960 5053 2117 5112 etiam
2154 5053 2342 5122 dogma
2384 5058 2680 5119 colligens:
2722 5053 3011 5119 Ἐνταῦθά,
3063 5056 3264 5120 inquit,

1740 5149 1827 5199 μοι
1860 5130 2021 5204 Δδοκεῖ
2066 5129 2092 5176 ὁ
2127 5126 2373 5203 ηΙῐλάτιυν,
2419 5124 2478 5173 οὐ
2534 5122 2691 5204 μόνον
2722 5124 2976 5204 τὸνιπερ)
3018 5124 3264 5204 κρίσεως,

1738 5192 1883 5269 παρά
1917 5197 2024 5269 τῷν
2055 5193 2340 5269 προφητῶν
2390 5192 2968 5269 μεμαθηκέναικ-λόγον,
3017 5192 3144 5269 ἀλλὰ
3177 5193 3267 5269 καὶ

1735 5262 1828 5320 τὸν
1867 5267 1990 5335 περξι
2029 5262 2128 5335 τῆς
2157 5262 2549 5335 ἀπιστουμένης
2594 5263 2996 5335 παρ’-Ἕλλησιν
3042 5262 3267 5335 ἀναστά-

1739 5352 1890 5397 σεως
1935 5330 1993 5386 τὸ
2037 5330 2143 5401 γὰρ
2187 5331 2319 5400 μετὰ
2359 5330 2602 5401 σώματος
2648 5330 2916 5400 κρίνεσθαι
2949 5331 3054 5401 τὴν
3093 5331 3266 5400 ψυχὴν

1740 5407 1925 5473 φῆσαι,
1957 5400 2320 5473 οὐδὲιίέτερον
2352 5400 2526 5473 δηλοῖ,
2553 5401 2588 5473 ἢ
2621 5403 2699 5473 ὅτι
2731 5401 2813 5473 Δτῷ
2846 5400 2967 5468 περ).
2989 5400 3102 5473 ’τῆς
3143 5401 3268 5473 ἀνα-

1743 5468 1976 5533 στάσεως
2006 5468 2280 5524 ἐπίστευσε
2311 5468 2468 5538 λόγῳ.
2499 5468 2698 5540 Οὐγάρ
2725 5470 2783 5538 δή
2820 5486 2925 5540 που.
2948 5468 3045 5540 τὴν
3074 5469 3263 5540 ψυχὴν.

1741 5541 1994 5610 κεφαλὴν,
2040 5541 2132 5594 καὶ
2163 5537 2390 5611 χεῖρας,
2427 5541 2516 5593 καὶ
2550 5537 2741 5601 πόδας,
2783 5538 2873 5593 καὶ
2905 5537 3095 5606 δέρμα,
3128 5537 3266 5608 ἔχειν

1739 5615 2017 5681 φήσουσιν.

1806 5681 1914 5745 458)
1941 5681 2133 5743 Clem.,
2169 5681 2404 5750 λέγηται.

1790 5750 1913 5818 ’(59)
1944 5749 2629 5822 Ποιητικῷςζυιεῐηεηιεω
2671 5749 2894 5821 corrige,
2925 5752 3062 5822 apud
3107 5763 3265 5821 quem

1735 5823 1890 5886 male,
1916 5820 2275 5890 προφητικῶς.
