4002 6340
753 471 877 523 llll

1402 468 1663 524 EUSEBII
1703 471 2174 527 CAESARIENSIS
2207 473 2351 527 OI’P.
2396 474 2569 528 ΡΑιιδ
2595 474 2665 532 .ll.
2684 471 3248 530 —APOLOGETICA.

3805 475 3912 526 illi

751 585 941 638 similis
970 594 1046 639 est
1074 603 1088 650 ;
1124 601 1228 654 qua
1256 600 1312 639 re
1341 587 1417 639 uti
1439 585 1504 641 ad
1536 585 1698 641 Deum
1742 590 1901 642 etiam
1943 592 2170 656 accedit,
2206 593 2272 645 ita

2377 592 2707 656 ἀσπάζεσθαί
2739 610 2796 645 τε
2825 592 2915 645 καὶ
2945 591 3114 658 φιλεῖν
3147 591 3362 652 τούτους
3407 591 3504 660 μὲν
3532 587 3721 643 ταῦτα
3755 591 3833 657 ἐφ’
3855 587 3911 651 εἷς

749 690 852 728 non
889 675 1008 726 boni
1063 684 1263 728 tantum
1318 678 1522 738 omnis,
1579 678 1669 731 sed
1729 679 1896 748 ipsius
1934 695 2143 750 quoque
2187 682 2277 736 Dei

749 765 948 816 amicus
979 770 1080 815 est.
1119 781 1136 813 ι
1180 763 1279 828 Qui
1333 766 1460 818 mihi
1511 767 1660 821 locus
1708 769 1934 821 alterum
1991 771 2141 824 illum
2177 774 2279 826 sub

753 851 933 906 Timwi
962 853 1117 906 finem
1155 855 1207 908 in
1237 859 1546 910 memoriam
1587 869 1821 920 revocat,
1853 861 1944 913 ubi
1994 862 2148 916 docet
2180 865 2281 917 hoc

749 944 917 995 cuivis
947 944 1205 1011 agendum
1232 961 1369 1011 esse,
1404 956 1462 999 ut
1502 949 1879 1017 intelligentiae,
1921 950 2026 1003 vim
2053 953 2128 1005 rei
2157 967 2280 1020 pcr-

751 1044 932 1102 ccptae,
961 1045 1220 1103 quatenus
1248 1038 1481 1104 pristina:
1525 1048 1728 1092 natura:
1760 1042 1895 1095 ratio
1923 1042 2170 1109 postulet,
2207 1041 2282 1094 si-

747 1127 922 1177 milem
959 1125 1147 1178 efliciat
1181 1145 1192 1181 :
1227 1129 1368 1194 quod
1404 1129 1489 1180 ubi
1518 1128 1816 1196 perfecerit,
1848 1139 1959 1183 tum
2005 1147 2128 1184 eum
2159 1133 2281 1184 vita

745 1214 955 1279 optima:
989 1214 1295 1269 hominibus
1321 1233 1347 1269 a
1378 1217 1483 1269 diis
1505 1220 1810 1286 propositae,
1833 1219 1988 1276 finem
2015 1220 2277 1285 obtinere,

745 1306 833 1371 qui
863 1319 967 1355 non
999 1320 1232 1371 prmsrns
1259 1307 1412 1358 modo
1443 1317 1671 1375 tempus,
1712 1308 1802 1361 sed
1834 1309 1992 1361 etiam
2039 1309 2277 1365 futurum

745 1395 1146 1460 complectatur.
1190 1413 1206 1444 ι
1236 1394 1357 1448 Haec
1384 1398 1649 1451 Clemens.
1667 1400 1766 1463 Qui
1794 1399 2292 1470 paucisioterjcctis‘

744 1483 1020 1550 additquce
1044 1497 1373 1552 sequuntur:
1404 1506 1420 1535 ι
1455 1488 1594 1552 Quin
1622 1490 1780 1542 etiam
1808 1490 1997 1544 fratres
2019 1508 2136 1546 esse
2159 1508 2276 1555 nos,

743 1583 995 1640 tanquam
1034 1575 1193 1627 unius
1224 1577 1310 1627 Dei
1347 1577 1505 1642 filios,
1530 1594 1592 1632 ac
1619 1580 1912 1650 discipulos
1936 1587 2278 1653 praeceptoris

741 1664 922 1725 unius,
953 1663 1101 1718 Plato
1125 1667 1257 1720 satis
1286 1667 1556 1722 declarare
1579 1672 1724 1723 visus
1750 1682 1848 1736 est,
1892 1675 2032 1729 hunc
2073 1676 2124 1728 in
2162 1691 2277 1730 mo-

740 1753 865 1804 dum
909 1771 920 1807 :
954 1772 971 1803 ‹
1003 1756 1294 1824 Quotquot,
1337 1759 1525 1826 inquit,
1548 1760 1598 1812 in
1627 1762 1839 1816 civitate
1863 1765 2148 1817 versamini
2177 1766 2278 1831 (sic

740 1845 880 1895 enim
933 1844 1069 1898 hanc
1116 1847 1182 1901 iis
1233 1846 1462 1902 fabulam
1510 1852 1890 1921 pertexemus),
1930 1854 2118 1907 fratres
2148 1856 2275 1908 estis

2379 685 2594 754 γνῶσις,
2632 683 2864 746 ἐκείνους
2892 683 2946 735 δὲ
2973 681 3054 748 ἐφ’
3078 675 3156 743 οἷς
3198 683 3229 750 ὴ
3268 679 3409 745 δόξα.
3454 699 3472 730 ι
3509 682 3675 741 Ἴσως
3705 678 3812 749 γὰρ
3841 682 3913 746 τὴν

2381 775 2636 844 ἐκλεκτὴν
2659 773 2858 841 ταύτην
2891 773 3049 841 φύσιν
3073 772 3319 839 γνώσεως
3353 771 3647 840 ἐφιεμένην
3687 773 3913 839 μαντεύε-

2379 882 2495 918 ται·
2527 866 2574 917 sl
2606 864 2783 934 μήτις
2813 863 2919 932 (50)
2950 865 3096 932 τρεῖς
3135 879 3282 925 τινας
3310 861 3701 930 ὑποτιθέμενος
3731 859 3911 926 φύσεις,

2378 957 2524 1027 τρεῖς
2558 953 2843 1016 πολιτείας,
2872 953 2946 1014 ὡς
2979 952 3240 1005 ὑπέλαδόν
3285 960 3461 1014 τινες,’
3481 950 3819 1019 διαγράφει·
3844 951 3912 998 nl

2390 1044 2652 1096 Ἰουδαίων
2712 1043 2808 1113 μὲν
2867 1045 3128 1114 ἀργυρᾶν,
3171 1042 3428 1112 Ἐλλήνων
3474 1041 3531 1092 δὲ
3573 1041 3678 1109 τὴν
3730 1039 3911 1108 τρίτην,

2378 1136 2709 1204 Χριστιανῶν
2742 1135 2796 1186 δὲ
2830 1135 2958 1203 (51),
2989 1129 3069 1194 οἷς
3116 1134 3144 1184 ὁ
3178 1133 3367 1202 χρυσὸς
3399 1133 3425 1183 ὁ
3460 1128 3749 1200 βασιλικὸς
3783 1131 3912 1193 ἐγκα-

2378 1228 2727 1295 ταμέμικται,
2772 1225 2831 1277 τὸ
2876 1227 3022 1291 ἅγιον
3073 1223 3310 1292 Πνεῦμα.
3358 1223 3458 1276 Τόν
3486 1238 3544 1272 τε
3591 1218 3906 1290 Χριστιανιίπι

2380 1318 2490 1386 βίον
2509 1319 2802 1386 ἐμφαίνων,
2834 1317 2972 1444 κἲά
3017 1316 3157 1380 λέξιν
3187 1315 3378 1383 γράφει
3414 1315 3470 1364 ἐν
3497 1312 3575 1380 τῷ
3601 1311 3910 1370 Θεαιτήτῳ·

2384 1427 2402 1444 ι
2452 1409 2703 1444 Αὲνωηςυ
2745 1407 2806 1444 δεῇ
2836 1406 2891 1444 [ἓξ
2931 1406 2946 1444 \
2984 1406 3100 1444 enni
3128 1404 3230 1444 ηιτνι
3268 1401 3577 1444 νηηιιτεαίιιιν
3607 1417 3619 1429 ·
3647 1401 3705 1444 τί
3741 1402 3841 1444 γάβ
3866 1400 3910 1444 ἇτι

2384 1427 2402 1459 ι
2445 1409 2703 1476 Λέγωμεν
2745 1407 2808 1476 δὴ
2836 1400 2946 1475 (52)
2984 1406 3105 1474 περὶ
3128 1404 3230 1456 τῶν
3268 1401 3577 1473 κορυφαίων
3607 1417 3619 1429 ·
3647 1401 3705 1451 τί
3741 1402 3841 1468 γὰρ
3866 1400 3912 1450 ἄν

2376 1515 2457 1559 τις
2489 1497 2611 1560 τούς
2641 1513 2698 1566 γε
2727 1497 2940 1562 φαύλως
2961 1494 3322 1562 διατρίϐοντας
3346 1496 3400 1544 ἐν
3422 1491 3722 1558 φιλοσοφίᾳ⁵
3755 1489 3910 1553 λέγω

2377 1582 2533 1641 Οὗτοι
2562 1587 2617 1639 δέ
2672 1603 2771 1638 που
2805 1585 2924 1637 οὔτε
2957 1587 3033 1646 είς
3082 1583 3280 1653 ἀγορὰν
3328 1583 3469 1634 ίσασι
3501 1582 3604 1650 τὴν
3637 1579 3786 1639 ὁδὸν,
3814 1579 3911 1630 οὔτε

2377 1680 2506 1731 ὅπου
2536 1679 2896 1746 δικαστήριον,
2932 1675 2963 1744 ἢ
2996 1674 3384 1743 βουλευτήριον,
3421 1672 3456 1739 ἦ
3487 1687 3538 1721 τι
3575 1669 3764 1722 κοινὸν
3811 1670 3914 1722 illa

2373 1770 2471 1838 τῆς
2498 1769 2700 1830 πόλεως
2731 1770 3032 1837 συνέδριον)
3059 1767 3246 1835 νόμους
3279 1766 3332 1817 δὲ
3365 1767 3455 1816 καὶ
3491 1764 3826 1833 ψηφίσματα
3847 1762 3912 1812 λε·

2377 1863 2595 1930 γύμενα,
2627 1859 2659 1929 ἢ
2690 1858 3059 1929 γεγραμμένα,
3099 1855 3219 1908 οὗτε
3260 1855 3451 1924 δρῶσιν
3476 1852 3605 1905 οὔτε
3641 1852 3910 1903 ἀκούουσι·

739 1948 946 1988 omnes.
983 1933 1175 1989 Verum
1207 1940 1358 1992 lictor
1387 1941 1474 1993 ille
1509 1942 1664 2004 Deus,
1688 1944 1778 2011 qui
1802 1958 1867 1997 ex
1903 1946 2051 1998 vobis
2077 1946 2141 1999 ad
2173 1947 2272 1999 im-

2377 1926 2598 2003 ἁπόυδαι
2631 1926 2684 2001 δὲ
2710 1926 2978 2018 ἑταιριῶν,
3018 1945 3112 1998 καὶ
3147 1943 3347 1996 σύνοδοι
3371 1943 3454 1994 ἐπ’
3485 1940 3686 2010 ἀρχὰς,
3722 1941 3811 1991 καὶ
3839 1943 3913 1991 πε

728 2027 1033 2094 perandum
1067 2038 1172 2096 apti
1204 2040 1401 2094 essent,
1437 2047 1626 2086 aurum
1661 2034 1724 2088 iis
1757 2034 1882 2088 dum
1925 2053 2274 2104 procrearen-

740 2125 846 2176 tur,
876 2118 1182 2179 admiscuit,
1225 2135 1288 2173 ex
1320 2137 1426 2189 quo
1460 2123 1747 2191 plurimum
1789 2126 2059 2196 dignitatis
2083 2143 2273 2182 conse-

738 2206 846 2256 cuti
876 2217 1019 2260 sunt.
1059 2206 1162 2271 Qui
1188 2224 1312 2261 vero
1344 2210 1410 2262 ad
1440 2227 1652 2280 operam
1687 2215 1805 2269 aliis
1832 2218 2126 2269 navandam
2160 2217 2276 2269 ido-

736 2296 822 2350 nei
848 2296 1040 2361 forent,
1077 2299 1160 2351 his
1184 2311 1458 2368 argentum
1489 2306 1748 2371 aspersit:
1778 2307 2026 2374 agricolis
2043 2307 2275 2374 denique

739 2402 799 2444 ac
829 2389 1033 2442 czetcris
1056 2390 1335 2456 opilicibus
1371 2390 1569 2445 ferrum
1602 2404 1760 2462 atque
1788 2411 1862 2448 aes
1893 2395 2104 2449 infudit.
2151 2415 2168 2445 ι
2199 2394 2273 2450 Ex

738 2491 844 2542 quo
867 2477 918 2528 id
963 2481 1267 2534 necessario
1300 2497 1635 2548 consequens
1663 2499 1783 2538 esse
1829 2486 1922 2549 ait,
1953 2495 2012 2538 ut
2043 2487 2130 2538 alii
2155 2500 2274 2553 qum

737 2569 801 2618 ad
860 2571 1216 2636 cognitionem
1283 2575 1589 2641 pertinent,
1649 2592 1768 2643 qua:
1827 2586 1953 2630 sunt
2003 2579 2274 2644 opinionis

735 2657 825 2710 alii
862 2659 1283 2726 complectantur
1313 2677 1373 2715 ac
1400 2663 1640 2730 diligant.
1675 2664 1832 2718 Forte
1856 2667 1996 2718 enim
2029 2677 2271 2720 naturam

738 2745 887 2803 illaut
943 2749 1193 2801 eximiam
1252 2761 1302 2804 et
1335 2753 1657 2821 c0gnitionis
1693 2755 1898 2808 avidam
1956 2757 2269 2823 prmsentit:

739 2837 841 2892 nisi
871 2839 1049 2906 potius
1076 2839 1268 2908 triplici
1307 2841 1407 2896 hoc
1444 2854 1756 2896 naturarum
1810 2846 2142 2908 discrimine,
2171 2847 2271 2898 tria

735 2930 1251 2996 rerumpuhlicarum
1303 2947 1495 3001 genera
1523 2972 1538 2996 ,
1588 2943 1646 2987 ut
1690 2936 1931 2989 nonnulli
1962 2937 2270 3004 opinantur,

737 3019 988 3073 informat
1024 3039 1036 3073 :
1066 3031 1125 3074 ut
1151 3020 1456 3076 «Iudaeorum
1502 3025 1719 3093 quidem
1767 3036 2093 3093 argenteam,
2124 3027 2270 3082 Grae-

734 3121 919 3159 corum
951 3111 1179 3172 tertiam,
1210 3111 1659 3177 Christianorum,
1689 3115 1886 3182 quibus
1929 3129 2118 3166 aurum
2144 3115 2271 3168 illud

733 3197 887 3270 plane
940 3201 1166 3267 regium,
1204 3213 1445 3268 sanctus,
1481 3205 1723 3272 inquam,
1776 3203 2008 3271 Spiritus
2061 3203 2272 3257 infusus

731 3298 832 3354 est,
878 3306 1093 3344 auream
1132 3294 1431 3361 appellarit.
1487 3291 1626 3344 Sane
1676 3291 1891 3359 quidem
1935 3289 2268 3344 Christiano-

733 3397 850 3434 rum
904 3382 1016 3450 ipse
1045 3383 1208 3436 vitam
1248 3384 1332 3437 his
1386 3383 1439 3436 in
1475 3382 1727 3436 Theaeteto
1767 3383 1942 3435 verbis
1972 3384 2266 3450 expressit:

737 3490 755 3526 ι
792 3470 1042 3528 Dicamus
1073 3475 1252 3542 igitur,
1294 3475 1486 3543 inquit,
1519 3476 1586 3528 de
1641 3475 1868 3528 summis
1903 3476 2007 3528 illis
2034 3475 2243 3543 philoso

2374 2040 2651 2110 αὐλητρίσι
2695 2037 2898 2107 κῶμοι,
2954 2035 3070 2088 οὐδὲ
3116 2034 3246 2104 δναρ
3293 2033 3547 2103 πράττειν
3612 2030 3913 2100 προΐσταται

2377 2131 2576 2190 αὐτοῖς.
2603 2125 2673 2179 Εὖ
2706 2126 2761 2178 δέ
2790 2125 2820 2195 ἢ
2855 2126 3036 2187 κακῶς
3069 2125 3120 2176 τί
3147 2125 3362 2192 γέγονεν
3402 2125 3458 2174 ἐν
3491 2120 3668 2180 πόλει,
3703 2120 3740 2188 ἢ
3771 2121 3819 2169 τί
3857 2137 3914 2185 τῳ

2375 2222 2539 2271 κακόν
2589 2221 2700 2271 ἐστι
2755 2216 2969 2284 γεγονὸς
3023 2217 3087 2268 ἐκ
3136 2215 3432 2287 προγόνων,
3487 2211 3694 2282 μᾶλλον
3745 2208 3917 2271 cum};

2373 2310 2588 2380 λέληθεν
2617 2308 2648 2377 ἢ
2674 2311 2719 2360 oi
2744 2309 2840 2377 τῆς
2869 2307 3134 2375 θαλάσσης
3155 2305 3423 2374 λεγόμενοι
3451 2303 3595 2372 χόες.
3631 2302 3747 2352 Καὶ
3768 2299 3917 2352 ταῦτα

2373 2401 2481 2451 οὗθ’
2514 2402 2595 2452 ὃτι
2641 2401 2740 2451 οὐκ
2790 2394 2930 2450 οἶδεν
2950 2405 2973 2460 ,’
2997 2393 3165 2451 οἶδεν·
3196 2395 3324 2452 ἀλλά
3371 2393 3446 2461 τῷ
3498 2392 3617 2443 ὄντι
3667 2392 3733 2442 τὸ
3780 2391 3916 2457 σῶμα

2377 2495 2530 2561 μόνον
2560 2495 2614 2548 ἐν
2647 2494 2711 2561 τῇ
2749 2491 2894 2541 πόλει
2922 2490 3094 2542 κεῖται
3134 2485 3293 2539 αὑτοῦ
3328 2486 3419 2537 καὶ
3453 2483 3743 2552 ἐπιδημεῖ,
3779 2483 3916 2541 αὐτὸς

2371 2585 2426 2637 δὲ
2457 2584 2700 2645 πέταται,
2732 2581 2868 2635 κατὰ
2899 2579 3176 2648 Πίνδαρον,
3205 2577 3304 2644 γῆς
3337 2573 3655 2644 ὑπένερθεν,
3706 2570 3914 2642 οὐρανςῦ

2373 2693 2427 2727 τε
2461 2675 2598 2744 ὓπερ
2630 2671 2994 2741 ἀστρονομῶν,
3021 2669 3112 2722 καὶ
3151 2669 3324 2719 πᾶσαν
3355 2665 3528 2734 πάντη
3572 2664 3745 2732 φύσιν
3788 2667 3916 2728 ἐρευ-

2372 2759 2624 2829 νώμενος.
2641 2779 2657 2808 ι
2681 2758 2842 2811 Πάλιν
2862 2753 2926 2809 αὖ
2953 2757 3027 2826 τῷ
3046 2754 3137 2809 τοῦ
3164 2753 3362 2822 Κυρίου
3389 2752 3556 2821 ῥητῷ,
3583 2752 3683 2818 «ζῷ’
3723 2770 3742 2800 ι
3761 2753 3916 2801 Ἔστω

2373 2851 2523 2920 ὑμῶν
2552 2850 2630 2912 τὸ,
2654 2848 2767 2911 ναί,
2791 2849 2910 2911 ναί,
2933 2849 3023 2900 καὶ
3053 2848 3112 2899 τὸ
3132 2889 3144 2910 ,
3184 2845 3264 2909 οὗ,
3296 2845 3379 2907 οὔ,
3404 2864 3423 2896 ι
3466 2847 3657 2898 ἐκεῖνα
3707 2844 3917 2894 ἀπεω-

2375 2942 2543 2992 στέον·
2574 2960 2590 2988 ι
2616 2940 2770 2991 Ἀλλά
2798 2957 2885 3009 μοι
2910 2939 3097 3007 ψεῦδος
3136 2940 3480 3010 συγχωρῆσαι
3499 2975 3511 2997 ,
3536 2935 3635 2987 καὶ
3677 2933 3917 3002 ἀλήθειαν

2373 3034 2626 3101 ἀφανίσαι
2655 3031 2898 3101 οὐδαμῶς
2933 3031 3142 3100 θέμις.»
3170 3030 3246 3098 Τῇ
3292 3045 3350 3079 τε
3402 3027 3526 3096 περὶ
3581 3025 3677 3076 τοῦ
3744 3026 3916 3094 apem

2371 3118 2730 3187 ἀπαγορεύσει
2765 3119 2974 3193 συνᾴδει
3011 3119 3103 3186 ἥδε
3143 3118 3176 3187 ἡ
3217 3118 3272 3166 ἐν
3301 3115 3378 3184 τῷ
3421 3114 3637 3182 δεκάτῳ
3673 3112 3787 3164 τῶν
3827 3115 3917 3164 Iid-

2368 3227 2494 3277 μων
2515 3207 2652 3273 λέξις
2670 3227 2683 3239 ο
2725 3228 2743 3260 ι
2786 3209 3040 3270 Ἐπαινός
3069 3223 3148 3268 τε,
3171 3207 3326 3275 ὅρκος
3348 3222 3405 3256 τε
3433 3206 3542 3274 (53)
3575 3206 3709 3273 περὶ
3741 3206 3919 3265 sumi;

2372 3301 2606 3356 ἀπέστω.
2645 3322 2662 3352 ι
2701 3301 2808 3354 Καὶ
2845 3300 2906 3352 τὸ
2949 3298 3162 3350 σύνολον
3215 3296 3532 3364 Πυθαγόρας
3566 3336 3584 3357 ,
3635 3296 3917 3365 Σωκράτης

2370 3394 2462 3445 καὶ
2522 3393 2767 3453 Πλάτων,
2819 3391 3058 3457 λέγοντες
3105 3387 3316 3441 ἀκούειν
3369 3387 3551 3456 φωνῆς
3608 3387 3751 3439 Θεοῦ
3771 3390 3812 3445 ,⁸

2371 3483 2708 3552 κατασκευὴν
2736 3483 2840 3534 τῶν
2866 3481 2999 3533 ὅλων
3026 3479 3368 3551 θεωροῦντες,
3395 3477 3643 3547 ἀκριϐῶς
3673 3478 3785 3530 ὑπὸ
3803 3473 3918 3528 Θεσῦ

730 3565 928 3636 phandi
965 3567 1486 3636 principibus:qu
1537 3567 1680 3620 enim
1713 3581 1806 3622 eos
1849 3583 2139 3633 moremur,
2177 3567 2272 3635 qui

2375 3574 2669 3640 γεγονυῖαν,
2705 3571 2796 3623 καὶ
2842 3569 3196 3639 συνεχομένην
3226 3568 3619 3639 ἀδιαλείπτως,
3663 3565 3919 3632 amicost.

731 3653 1084 3722 philosophia:
1129 3657 1306 3710 studio
1330 3672 1606 3726 perperam
1639 3658 1974 3711 abutuntur?
2013 3656 2160 3710 Viam
2193 3657 2248 3709 ilI

730 3760 848 3812 quae
875 3745 927 3797 in
972 3745 1146 3802 forum
1171 3749 1332 3801 ducat
1365 3749 1652 3815 ignorant:
1689 3749 1780 3801 ubi
1810 3749 1890 3802 vel
1917 3757 2266 3802 exerceantur

724 3835 947 3904 judicia,
994 3837 1076 3888 vel
1130 3850 1367 3902 senatus,
1409 3841 1489 3893 vel
1544 3841 1815 3909 publicum
1862 3840 2003 3891 aliud
2036 3839 2270 3893 civitatis

733 3928 1021 3982 concilium
1053 3928 1330 3993 habeatur,
1357 3931 1602 3983 nesciunt
1631 3949 1644 3983 :
1690 3931 1832 3998 leges
1865 3945 1927 3982 ac
1971 3930 2267 3995 plebiscita,

730 4032 901 4087 neque
943 4019 1070 4072 dum
1128 4021 1560 4088 promulgantur,
1612 4021 1872 4078 audiunt;
1905 4019 2065 4093 673
2101 4033 2272 4086 neque

2379 3664 2460 3715 ,οὗ
2479 3661 2746 3723 Μωῦσέως
2767 3661 3008 3733 λέγοντος
3024 3679 3067 3716 ⁸(
3094 3656 3242 3722 Εἶπε,
3263 3661 3354 3712 καὶ
3376 3659 3613 3726 ἐγένετο,
3630 3677 3649 3709 ι
3670 3657 3767 3708 rev
3782 3657 3919 3720 λάξ-σν

2382 3748 2463 3804 ,οὗ
2493 3747 2624 3799 Θεοῦ
2657 3747 2812 3817 ἔργον
2852 3743 2987 3800 εἷναι
3011 3748 3408 3817 διαγράφοντος.
3452 3745 3575 3797 Ἐπί
3605 3761 3668 3796 τε
3702 3744 3805 3812 τῆς
3842 3741 3921 3792 τεῦ

2373 3835 2653 3904 ἀνθρώπου
2691 3840 2753 3889 ἐκ
2791 3837 2911 3903 χοὸς
2932 3836 3265 3897 διαπλάσεως
3296 3836 3596 3902 ἱστάμενοι,
3623 3834 3812 3901 γήϊνον
3839 3833 3920 3899 μὲι.

2374 3927 2421 3982 οἱ
2458 3924 2726 3992 φιλόσοφοι
2762 3926 2889 3993 παρ’
2928 3924 3129 3976 ἕκαστα
3158 3923 3218 3974 τὸ
3264 3922 3418 3990 σῶμα
3467 3921 3918 3990 ἀναγορεύευ-σενο

2377 4016 2620 4084 Ὄμηρος
2643 4013 2699 4065 δὲ
2731 4015 2827 4065 οὐκ
2860 4015 3004 4067 ὀκνεῖ
3027 4015 3083 4065 ἐν
3110 4013 3348 4081 κατάρας
3390 4011 3543 4084 μέρει
3577 4011 3826 4062 τίθεσθαι
3854 4010 3918 4058 τό·

728 4110 1019 4178 perscripta
1075 4126 1197 4164 cum
1265 4111 1480 4175 fuerint,
1529 4111 1748 4165 omnino
1782 4110 2008 4163 vident:
2054 4109 2420 4162 sodalitiorum
2467 4108 2532 4160 ad
2570 4106 2915 4175 magistratus
2967 4106 3225 4159 creandos
3261 4103 3545 4168 factiones,
3607 4115 3920 4164 conventus,

727 4204 780 4246 et
848 4201 1262 4252 comessationes
1314 4214 1434 4252 cum
1489 4197 1757 4262 tibicinis;
1797 4199 1987 4251 borum
2040 4198 2171 4266 ipsis
2224 4193 2514 4264 quidquam
2565 4195 2830 4260 iactitare,
2878 4211 2943 4250 ne
2977 4211 3070 4264 per
3116 4194 3382 4249 somnium
3414 4193 3637 4261 quidem
3688 4193 3748 4247 in
3785 4211 3921 4248 men-

730 4292 837 4338 tem
890 4289 1052 4339 venit.
1108 4287 1362 4351 Rectene,
1420 4303 1486 4342 an
1545 4304 1701 4343 secus
1737 4286 1938 4343 factum
1991 4288 2044 4341 in
2096 4288 2309 4342 civitate
2347 4287 2474 4356 quid
2530 4284 2736 4339 fuerit:
2791 4302 2918 4339 num
2967 4285 3196 4355 cuipiam
3230 4284 3354 4339 mali
3394 4299 3424 4340 a
3483 4284 3793 4340 maioribus
3835 4285 3918 4335 ali-

734 4375 858 4442 quid
914 4377 1209 4442 obvenerit,
1255 4380 1425 4447 magis
1482 4380 1628 4449 ipsos
1667 4380 1812 4444 latet,
1859 4395 2021 4449 quam
2075 4394 2352 4442 numerus,
2394 4377 2537 4446 quod
2574 4379 2742 4442 aiunt,
2783 4392 3086 4436 arenarum.
3128 4376 3301 4444 Atque
3344 4375 3457 4429 haec
3503 4376 3593 4431 ille
3635 4378 3822 4430 omnia
3859 4381 3920 4429 sic

734 4464 961 4531 ignorat,
995 4474 1054 4519 ut
1084 4467 1268 4520 eadem
1313 4471 1409 4522 abs
1460 4484 1578 4523 sese
1627 4469 1860 4538 ignorari
1902 4470 2142 4529 nesciat;
2172 4469 2261 4522 sed
2301 4484 2485 4522 revera
2541 4468 2714 4522 solum
2759 4467 2878 4535 ejus
2916 4481 3112 4534 corpus
3161 4467 3213 4518 in
3237 4467 3451 4521 civitate
3486 4477 3740 4518 versatur
3763 4476 3813 4520 et
3838 4468 3920 4518 ba-

733 4559 899 4624 liitat;
960 4560 1072 4629 ipse
1125 4561 1339 4628 quidem
1389 4563 1612 4625 interea,
1663 4573 1721 4616 ut
1774 4562 1969 4616 cecinit
2012 4561 2296 4626 Pindarus,
2320 4577 2479 4629 supra
2533 4571 2730 4614 terram
2779 4561 2974 4624 evolat,
3015 4573 3300 4627 rerumque
3336 4559 3641 4614 cmlestium
3694 4561 3920 4614 rationes

729 4649 1079 4705 astronomia
1136 4643 1187 4701 vi
1242 4651 1538 4716 enucleat,
1598 4663 1957 4722 naturamque
2021 4654 2153 4710 adeo
2213 4662 2380 4707 totam
2436 4655 2649 4720 penitus
2706 4652 3012 4720 investigat.
3061 4671 3080 4703 ι
3123 4649 3242 4706 Jam
3313 4667 3440 4705 vero
3493 4667 3622 4705 cum
3660 4653 3767 4706 hoc
3829 4655 3920 4705 Do—

731 4743 1017 4798 minidicto
1048 4762 1061 4797 :
1089 4763 1105 4794 ι
1135 4742 1215 4798 Sit
1239 4759 1414 4797 sermo
1440 4754 1634 4807 vester.
1663 4754 1764 4810 est,
1793 4755 1907 4810 est;
1936 4761 2065 4808 non,
2091 4761 2197 4798 non
2242 4746 2312 4810 ⁸,»
2358 4746 2585 4798 alterum
2611 4744 2740 4797 illud
2768 4743 3000 4796 conferri
3031 4745 3200 4811 possit
3231 4762 3244 4797 :
3270 4763 3288 4793 ι
3318 4747 3385 4797 Δι
3421 4744 3553 4796 mihi
3590 4759 3694 4796 nec
3736 4742 3916 4796 falsa

729 4838 1037 4899 concedere,
1065 4854 1162 4895 nec
1196 4855 1379 4893 verum
1410 4841 1671 4908 perimere
1701 4840 1810 4893 ullo
1847 4839 2008 4893 modo
2049 4841 2133 4893 fas
2169 4849 2268 4893 est.
2314 4859 2332 4891 ι
2378 4838 2443 4897 Et
2471 4854 2591 4892 cum
2624 4838 2902 4892 interdicto
2935 4838 3088 4890 nobis
3117 4837 3492 4906 jurejurando,
3521 4837 3780 4905 congruit
3801 4835 3918 4887 illati

728 4924 916 4976 decimi
975 4923 1208 4994 Legum;-
1249 4948 1265 4980 ι
1312 4931 1370 4981 ln
1422 4927 1564 4983 omni
1627 4943 1684 4980 re
1725 4927 1844 4982 laus
1883 4937 1935 4981 et
1976 4927 2340 4996 juramentnm
2382 4929 2585 4981 abesto.
2620 4945 2638 4978 ι
2673 4925 2736 4980 Ει
2785 4925 3116 4997 Pythagoras
3160 4926 3406 4994 quidem,
3441 4925 3736 4988 Socrates,
3773 4937 3917 4995 atque

729 5014 896 5077 Plato,
948 5016 1038 5082 qui
1085 5015 1176 5068 Dei
1224 5034 1282 5071 se
1331 5034 1512 5073 vocem
1554 5017 1807 5076 exaudire
1847 5018 2185 5080 conﬁrmant,
2219 5019 2346 5071 dum
2386 5017 2642 5072 fabricam
2670 5017 2831 5086 hujus
2854 5017 3107 5079 universi,
3137 5031 3296 5085 quam
3319 5016 3502 5070 divina
3526 5032 3731 5073 manus
3749 5031 3912 5088 etper-

729 5110 862 5164 lecte
900 5109 1211 5173 elaboravit,
1272 5121 1320 5168 et
1375 5121 1655 5169 conservat
1716 5118 2003 5179 perpetuo,
2058 5108 2516 5176 contemplantur;
2570 5109 2700 5162 illud
2768 5109 2991 5161 omnino
3042 5105 3241 5176 lloysis
3271 5107 3542 5161 audiere:
3591 5127 3612 5159 ε
3651 5109 3830 5171 Dixit.
3872 5120 3918 5162 et

731 5205 925 5259 factum
959 5202 1102 5263 est”,
1135 5217 1153 5249 ι
1192 5214 1300 5267 quo
1356 5201 1447 5255 Dei
1500 5217 1682 5256 vocem
1736 5216 1873 5270 opus
1907 5200 2081 5269 ipsum
2130 5213 2250 5254 esse
2275 5199 2529 5253 declarat.
2582 5197 2717 5251 Dum
2757 5207 2933 5251 autem
2971 5198 3023 5251 in
3057 5199 3144 5252 illa
3168 5197 3401 5251 hominis
3423 5213 3492 5252 ex
3523 5201 3752 5269 pulvere
3776 5203 3908 5255 moli-

730 5298 873 5348 tione
898 5301 1198 5353 versantur,
1247 5300 1513 5346 terrenum
1561 5292 1761 5362 passim
1800 5288 2102 5362 philosophi
2159 5301 2356 5358 corpus
2392 5288 2656 5357 appellant
2695 5305 2709 5343 :
2758 5285 3021 5344 Homerus
3059 5300 3186 5341 vero
3235 5286 3286 5341 id
3321 5286 3486 5345 etiam
3517 5289 3914 5363 imprecatioaas

733 5387 850 5444 lg:~o
879 5400 1078 5455 ponere
1108 5397 1215 5438 non
1249 5382 1460 5437 dubitat
1493 5401 1506 5438 :

804 5541 818 5574 ί
853 5539 1038 5594 Hatth.
1067 5556 1121 5606 ν,
1149 5540 1238 5598 37.
1311 5540 1332 5570 ’
1355 5537 1487 5596 Gen.
1521 5555 1603 5604 ιιι,
1631 5541 1683 5608 6,
1719 5540 1770 5605 7,
1791 5542 2014 5612 passim.

806 5670 915 5736 (50)
937 5671 1129 5733 Clem,
1157 5689 1229 5724 τι.

805 5738 915 5814 l
941 5738 1098 5814 orte
1128 5743 1248 5794 add.
1273 5759 1377 5814 την
1392 5740 1632 5814 χρυσῆν.

807 5805 915 5881 (52')
949 5807 1217 5882 [λέγωμεν
1260 5805 1354 5877 δή.
1392 5805 1591 5870 nam
1637 5811 1780 5867 hanc
1812 5810 2076 5880 integrum
2115 5826 2276 5883 supra

2381 5670 2545 5739 leges,
2580 5681 2702 5740 pag.
2737 5667 2861 5723 602:

2451 5740 2562 5809 (55)
2603 5740 2868 5804 Ἐπαινός
2900 5753 2980 5799 τες
3011 5735 3185 5809 ὅρκος
3227 5735 3434 5809 τι,Ῑῇ
3459 5737 3778 5807 juramento
3803 5733 3910 5801 prs-

2382 5803 2799 5879 rib'us'disputat
2824 5803 2916 5864 lib.
2950 5803 3201 5876 ιηἰις..
3229 5821 3282 5877 p.
3308 5803 3430 5860 ϐω.
