4002 6340
61 461 198 517 1117

1131 472 1445 528 ΡΒΕΡΔΒ.
1485 472 1731 530 EVANG.
1775 473 1900 530 LIB.
1944 473 2079 530 XIII.

3081 471 3217 526 1118

59 579 139 630 Οὐ
157 579 578 651 παραπέμπομαι
592 582 683 634 καὶ
692 583 779 636 τὸν
801 584 1178 655 Ἐμπεδοκλέα.
1194 589 1251 640 '0
1268 589 1486 656 φυσικὸς
1499 582 1587 641 οὕ-

1693 588 1908 643 interitu
1951 586 2286 651 duodecimo,
2329 587 2439 656 jam
2481 602 2610 657 rogo
2635 585 2940 655 impositum
2968 585 3221 640 revixisse

63 684 156 730 τος
174 669 266 736 τῆς
277 668 380 723 τῶν
395 671 606 724 πάντων
619 673 927 742 ἀναλήψεως
945 675 1230 746 μέμνηται,
1245 669 1320 739 ὡς
1330 679 1590 747 ἐσομένης

58 758 191 810 ποτὲ
221 762 297 822 εἰς
314 761 411 832 τὴν
440 763 531 815 τοῦ
558 763 722 834 πυρὸς
751 765 931 817 οὐσίαν
953 766 1260 836 μεταϐολῆς.
1282 768 1592 837 Σαφέστατα

55 848 103 900 δ’
141 850 479 926 Ἡράκλειτος
505 853 534 904 ό
562 854 799 920 Ἐφέσιος
825 854 1020 924 ταύτης
1040 857 1155 908 ἐστὶ
1187 858 1284 926 τῆς
1305 856 1480 926 δόξης,
1503 857 1592 908 τὸν

58 939 161 1006 μέν
187 925 302 994 τίνα
342 942 538 1012 κόσμον
571 943 733 997 άῖδιον
760 941 892 998 εἶναι
928 947 1240 1017 δοκιμάσας,
1269 947 1360 1000 τὸν
1389 948 1444 999 δέ
1475 966 1593 1001 τινα

57 1028 432 1100 φθειρόμενον,
459 1033 548 1084 τὸν
587 1033 726 1086 κατὰ
762 1034 856 1104 τὴν
895 1036 1266 1108 διακόσμησιν,
1301 1035 1452 1100 εἰδὼς
1497 1039 1592 1107 οὐχ

54 1120 239 1191 ἕτερον
263 1121 386 1174 ὄντα
415 1124 618 1176 ἐκείνου
644 1140 758 1187 πως
789 1125 1014 1194 ἔχοντος,
1050 1127 1184 1179 Ἀλλ’
1207 1129 1284 1181 ὅτι
1311 1129 1406 1197 μὲν
1430 1129 1591 1181 ἀΐδιον

53 1210 148 1263 τὸν
177 1214 234 1277 ἐξ
262 1213 472 1283 ἀπάσης
514 1215 610 1284 τῆς
647 1216 825 1278 οὐσίας
854 1219 1032 1281 ἁῖδίως
1063 1220 1208 1272 ποιδν
1248 1221 1464 1289 κόσμον.
1493 1220 1589 1292 ἡδη

55 1305 286 1374 φανερὸν
326 1309 484 1368 ποιεῖ,
538 1306 708 1372 λέγων
766 1308 934 1362 οὕτω·
970 1329 987 1361 ι
1023 1311 1234 1381 Κόσμον
1299 1312 1387 1364 τὸν
1436 1312 1591 1364 αὐτὸν

53 1395 270 1447 πάντων
326 1395 447 1448 οὕτε
497 1415 579 1460 τις
628 1397 760 1450 Θεῶν
798 1398 915 1451 οὕτε
968 1400 1260 1470 ἀνθρώπων
1306 1401 1552 1472 ἐποίησεν
1575 1441 1589 1464 ,

52 1485 169 1536 ἀλλ’
194 1481 259 1555 ἦν
283 1488 387 1548 ἀεὶ,
416 1489 506 1540 καὶ
531 1488 662 1551 ἐστι,
689 1489 780 1542 καὶ
798 1489 973 1554 ἔσται,
1009 1491 1117 1561 πῦρ
1154 1490 1396 1556 ἀείζωον,
1433 1493 1592 1545 ἀπτό-

55 1593 216 1644 μενον
252 1577 431 1647 μέτρῳ
461 1578 589 1647 (6Ξ),
615 1581 707 1634 καὶ
731 1579 1022 1633 ἀποσϐεννύ
1031 1599 1185 1651 μενον
1208 1582 1408 1653 μέτρῳ,
1435 1603 1454 1634 ι
1474 1585 1592 1637 Ὅτι

51 1667 111 1720 δὲ
139 1667 226 1718 καὶ
253 1669 522 1738 γεννητὸν,
543 1672 633 1723 καὶ
659 1672 887 1743 φθαρτὸν
915 1672 1073 1725 αὑτὸν
1100 1668 1232 1729 εἶναι
1256 1674 1590 1744 ἐδογμάτιζε,

53 1758 246 1828 μηνύει
275 1759 341 1812 τὰ
373 1761 750 1832 ὲπιφερόμενω
777 1783 794 1814 ι
819 1764 989 1834 Πυρδς
1013 1767 1226 1836 τροπαὶ,
1260 1767 1466 1837 πρῶτον
1498 1767 1591 1821 Θά-

49 1847 246 1913 λασσα,
281 1848 551 1921 θαλάσσης
589 1853 644 1904 δὲ
676 1855 734 1906 τὸ
777 1853 873 1924 μὲν
897 1855 1063 1925 ἥμισυ
1107 1855 1178 1924 γῆ
1199 1895 1215 1916 ,
1248 1856 1308 1909 τὸ
1335 1857 1392 1910 δὲ
1424 1858 1592 1927 ἥμισυ

48 1941 323 2011 πρηστὴρ.
351 1960 370 1992 ι
410 1943 641 2013 Δυνάμει
675 1945 779 2016 γάρ
805 1945 969 2013 λέγει,
1005 1945 1085 1998 ὅτι
1114 1947 1176 2000 τὸ
1206 1948 1317 2018 πῦρ
1350 1949 1452 2002 ὑπὸ
1501 1947 1591 2001 τοῦ

46 2033 374 2098 διοικοῦντος
402 2036 571 2104 Λόγου
606 2039 696 2090 καὶ
738 2037 869 2092 Θεοῦ
913 2039 981 2093 τὰ
1022 2039 1301 2110 σύμπαντα
1340 2040 1407 2092 δι’
1435 2041 1592 2111 ἀέρος

43 2125 308 2194 τρέπεται
334 2129 412 2190 είς
438 2129 619 2199 ὑγρὸν,
642 2129 702 2182 τδ
724 2129 798 2192 ὡς
819 2131 1030 2202 σπέρμα
1060 2133 1154 2201 τῆς
1173 2132 1589 2202 διακοσμήσεως,

39 2215 77 2267 ὖ
107 2217 262 2269 καλεῖ
284 2219 551 2273 θάλασσαν
572 2238 586 2252 ο
605 2221 667 2272 ὲκ
693 2220 747 2274 δὲ
775 2221 958 2274 τούτου
981 2220 1132 2286 αὖθις
1150 2222 1350 2290 γίνεται
1372 2193 1594 2294 οὐρανὸς

45 2307 147 2359 καὶ
175 2308 385 2378 γῆ,”καὶ
409 2310 478 2362 τά
504 2311 948 2382 ἐμπεριεχόμενα.
978 2314 1163 2376 Ὅπως
1194 2314 1250 2366 δὲ
1279 2313 1436 2366 πάλιν
1465 2316 1592 2366 ἀνα-

45 2398 384 2468 λαμϐάνεται
409 2401 502 2452 καὶ
535 2401 879 2472 ἐκπυροῦται,
921 2405 1102 2472 σαφῶς
1132 2404 1217 2458 διὰ
1256 2405 1453 2458 τούτων
1499 2405 1593 2474 δη-

44 2487 164 2539 λοῖο
189 2508 208 2538 ι
228 2488 479 2542 Θάλασσα
502 2488 787 2559 διαχέεται,
814 2493 904 2544 καὶ
927 2493 1203 2562 μετρέεται
1228 2495 1306 2549 είς
1328 2493 1415 2545 τὸν
1435 2493 1594 2545 αὐτὸν

41 2578 228 2645 λόγον,
249 2579 418 2641 ὁκοῖος
440 2580 666 2651 πρόσθεν
681 2576 790 2651 ἦνῆ
813 2581 1054 2649 γενέσθαι
1069 2582 1195 2652 (63).
1220 2602 1236 2633 ι
1266 2583 1488 2652 Ὀμοίως
1503 2585 1594 2636 καὶ

41 2668 179 2739 περὶ
198 2669 302 2720 τῶν
313 2669 483 2723 ἄλλων
505 2671 776 2740 στοιχείων
796 2672 860 2723 τὰ
886 2671 1038 2725 αὑτά.
1052 2672 1407 2742 Παραπλήσια
1426 2673 1594 2742 τούτῳ

40 2759 146 2811 καὶ
169 2761 220 2811 οἱ
240 2759 648 2830 ὲλλογιμώτατοι
675 2762 780 2812 τῶν
793 2761 1037 2814 Στωϊκῶν
1056 2761 1446 2831 δογματίζουσι,
1471 2763 1594 2835 περί

38 2867 105 2902 τε
139 2851 499 2920 ἐκπυρώσεως
542 2850 1015 2920 διαλαμϐάνοντες,
1052 2853 1140 2905 καὶ
1175 2853 1374 2921 κόσμου
1397 2854 1597 2923 διοικὴ-

41 2958 215 3004 σεως,
248 2943 340 2993 καὶ
365 2941 455 2994 τοῦ
489 2941 627 3004 ίδίως
656 2941 806 2994 ποιοῦ
836 2942 1035 3011 κόσμου
1067 2959 1122 2993 τε
1153 2943 1241 2994 καὶ
1274 2943 1552 3014 ἀνθρώπου
1579 2986 1592 3009 ,

39 3033 144 3084 καὶ
187 3032 284 3101 τῆς
310 3033 416 3084 τῶν
448 3033 724 3103 ἡμετέρων
752 3032 934 3102 ψυχῶν
962 3035 1323 3104 ἐπιδιαμονῆς.
1347 3035 1510 3087 Πάλιν
1538 3052 1594 3086 τε

36 3116 116 3173 αὖ
147 3121 175 3170 ὁ
214 3120 434 3172 Πλάτων
467 3124 522 3173 έν
554 3122 646 3191 μὲν
673 3121 746 3194 τῷ
779 3121 985 3192 ἑϐδόμῳ
1013 3122 1109 3190 τῆς
1149 3122 1468 3185 Πολιτείας,
1499 3123 1595 3192 τὴν

37 3210 501 3282 ἐνταῦθαὴμέραν
518 3214 824 3284 νυκτερινὴν
850 3214 1057 3284 ἡμέραν
1083 3213 1331 3282 κέκληκε,
1360 3213 1446 3265 διὰ
1471 3215 1594 3275 τοὺς

37 3302 491 3376 κοσμοκράτορας
509 3343 523 3366 ,
554 3299 702 3373 οἶμαι
717 3345 731 3367 ,
763 3305 854 3357 τοῦ
873 3306 1088 3366 σκότους
1109 3304 1289 3356 τούτου
1309 3321 1322 3333 ·
1363 3304 1524 3356 ὕπνον
1538 3303 1593 3357 δὲ

36 3393 144 3444 καὶ
169 3392 392 3446 Θάνατον
419 3395 517 3462 τὴν
538 3397 613 3456 είς
633 3396 914 3464 σῶμαρδὸν
929 3396 1024 3465 τῆς
1043 3395 1216 3464 ψυχῆς
1232 3434 1245 3457 ,
1273 3396 1408 3447 κατὰ
1427 3393 1594 3446 ταύτά

34 3483 126 3552 τῷ
167 3483 512 3553 Ἡρακλείτῳ.
559 3485 665 3536 Καὶ
708 3486 778 3556 μή
814 3502 865 3536 τι
902 3486 1054 3537 τοῦτο
1087 3487 1176 3537 ἐπὶ
1208 3485 1297 3536 τοῦ
1352 3485 1594 3555 Σωτῆρος

39 3573 410 3642 προεθέσπιζε
462 3575 521 3627 τὺ
574 3576 791 3644 Πνεῦμα
821 3615 834 3637 ,
895 3576 978 3628 διὰ
1031 3576 1120 3628 τοῦ
1189 3576 1349 3633 Δαὸῖδ
1405 3576 1592 3644 λέγον·

43 3683 62 3712 c
95 3663 241 3730 Ἐγὼ
255 3663 563 3735 ὲκοιμήθην,
588 3666 678 3718 καὶ
700 3665 916 3719 ὕπνωσα
935 3683 948 3696 ο
973 3666 1285 3739 ἐξηγέρθην,
1304 3668 1594 3743 ὃτιΚὺριος

34 3755 394 3824 ἀντιλήψεται
442 3774 538 3826 μου
558 3774 570 3788 ο
601 3777 616 3806 ι
649 3758 708 3808 οὐ
749 3757 853 3828 γὰρ
883 3757 978 3827 τὴν
1011 3759 1294 3811 ἀνάστασιν
1323 3759 1477 3829 μόνον
1502 3760 1593 3812 τοῦ

36 3848 302 3916 Σωτῆρος
329 3848 556 3918 Χριστοῦ
585 3847 641 3915 ἐξ
670 3847 830 3900 ὕπνου
858 3848 1067 3918 ἔγερσιν
1085 3888 1096 3910 ,
1128 3848 1257 3901 ἀλλά
1285 3851 1372 3902 καὶ
1395 3851 1494 3920 τὴν
1517 3852 1596 3912 είς

39 3938 232 4007 σάρκα
255 3939 472 3993 κάθοδον
497 3941 587 3992 τοῦ
621 3941 841 4010 Κυρίου,
877 3939 1036 3993 ὕπνον
1065 3940 1361 4011 ἀλληγορεῖ.
1392 3942 1595 3994 Αὐτίκα

34 4033 68 4080 ὁ
106 4030 270 4092 αὐτὸς
300 4031 485 4101 Σωτὴρ
515 4032 832 4108 παρεγγυᾷ,
868 4032 1216 4100 Γρηγορεῖτε·
1260 4026 1398 4092 οἷον,
1425 4031 1593 4083 Μελε-

33 4122 182 4171 τᾶτε
212 4122 327 4192 ζῇν,
357 4123 447 4174 καὶ
479 4122 725 4192 χωρίζειν
757 4123 853 4192 τὴν
885 4122 1055 4189 ψυχὴν
1084 4121 1174 4173 τοῦ
1205 4120 1449 4190 σώματος
1478 4138 1595 4172 πει-

37 4210 239 4286 ρᾶσθε.
296 4213 402 4281 Τήν
434 4231 491 4264 τε
525 4213 799 4283 Κυριακὴν
833 4213 1038 4280 ἡμέραν
1081 4212 1136 4262 έν
1165 4209 1240 4278 τῷ
1271 4211 1474 4280 δεκάτῳ
1499 4212 1592 4280 τῆς

34 4304 361 4367 Πολιτείας
399 4306 426 4356 ὁ
475 4305 696 4356 Πλάτων
747 4304 830 4360 διὰ
861 4302 1057 4354 τούτων
1099 4303 1589 4370 κατοιμαντεύεται⁸

41 4416 60 4444 ι
105 4393 325 4462 Ἔπειδὴ
355 4392 409 4443 δὲ
442 4394 552 4454 τοῖς
581 4392 689 4461 (64)
720 4394 777 4445 ὲν
818 4391 893 4463 τῷ
918 4391 1134 4460 λειμῶνι
1172 4392 1414 4453 ἑκάστοις
1458 4392 1594 4444 έπτά

34 4484 254 4554 ἡμέραι
298 4483 529 4550 γένοιντο
550 4523 562 4544 ,
614 4484 942 4547 ἀναστάντας
973 4482 1213 4537 ἐντεῦθεν
1240 4483 1317 4535 δεῖ
1340 4487 1403 4555 τῇ
1438 4484 1592 4556 ὀγδόῃ

1690 684 1969 729 memorat.
2001 675 2164 746 676
2193 674 2400 740 Quibus
2429 674 2564 729 forte
2592 691 2698 727 non
2744 674 3219 739 resurrectionem,

1689 767 1780 820 sed
1803 768 2028 820 alterum
2043 767 2174 820 illud
2190 766 2521 821 subobscure
2543 765 2834 848 signiﬁcat,
2851 765 3074 826 animos,
3096 779 3221 817 cum

1690 858 2017 927 recipiuntur
2040 858 2094 911 in
2139 857 2355 921 caelum,
2387 871 2481 926 per
2530 856 2678 924 signa
2714 855 2915 908 zodiaci
2941 853 3221 906 duodecim

1691 951 1830 1003 viam
1859 949 2012 1013 inire,
2036 964 2130 1018 per
2157 964 2277 1018 qua:
2314 950 2558 1003 similiter
2608 945 2820 1001 eosdem
2854 947 2948 1008 ait,
2978 959 3098 998 cum
3136 943 3224 997 hic

1689 1041 1958 1110 generatio
1988 1041 2077 1102 lit,
2130 1040 2453 1095 descendere
2492 1041 2696 1094 solitos.
2742 1035 2847 1091 Nec
2891 1037 3040 1089 aliter
3083 1034 3224 1088 acci-

1690 1131 1938 1200 piendum
1971 1139 2074 1192 est,
2125 1130 2405 1183 duodecim
2457 1127 2736 1181 Herculem
2775 1124 3062 1178 certamina
3095 1137 3225 1175 con-

1692 1221 1899 1282 fecisse,
1929 1220 2122 1288 quibus
2154 1220 2450 1283 exhaustis,
2481 1218 2548 1270 ab
2582 1214 2814 1270 universi
2849 1212 3006 1281 hujus
3041 1211 3225 1266 mundi

1690 1310 1949 1378 angustiis
1977 1309 2186 1363 animus
2211 1310 2483 1363 liberetur.
2521 1305 2628 1359 Nec
2659 1304 2788 1358 mihi
2825 1300 3226 1372 pratereuudus

1691 1401 2052 1470 Empedocles.
2079 1398 2337 1472 Physicus
2370 1399 2509 1450 enim
2547 1397 2635 1450 ille
2663 1398 2744 1452 sic
2778 1407 2956 1447 rerum
2984 1391 3224 1444 omnium

1693 1482 2099 1544 instaurationis
2128 1488 2389 1552 meminit,
2413 1493 2471 1539 ut
2505 1485 2642 1556 ignis
2667 1485 2718 1536 in
2754 1491 2995 1536 naturam
3038 1487 3226 1534 cuncta

1692 1586 1817 1636 olim
1850 1593 2111 1636 mutatum
2166 1581 2230 1632 iri
2277 1578 2605 1646 pronuntiet.
2653 1575 2768 1640 Qua
2820 1575 2870 1625 in
2899 1573 3082 1626 eadem
3113 1571 3200 1640 upi

1693 1676 1850 1728 nionc
1903 1671 2200 1726 Heraclitus
2251 1668 2516 1736 Ephesius
2569 1665 2847 1719 manifeste
2887 1670 3148 1715 versatur.
3183 1658 3230 1712 Is
3316 1731 3330 1745 .

1692 1768 1832 1819 enim
1868 1766 2125 1820 mundum
2162 1777 2326 1815 unum
2363 1759 2645 1830 quemdam
2695 1756 3074 1825 sempiternum
3114 1766 3230 1806 esse

1695 1858 1901 1924 statuit,
1927 1857 2188 1913 caducum
2229 1856 2455 1909 alterum
2505 1867 2565 1905 ac
2612 1857 2918 1918 pereuntem
2964 1844 3224 1914 agnoscit,

1626 1921 1664 1973 Β
1695 1956 1746 2000 ut
1802 1921 2023 2002 externa
2079 1946 2255 2016 specie
2285 1956 2461 2007 tenus,
2509 1942 2708 2010 quique
2736 1938 2872 1993 alius
2921 1950 3024 1988 non
3073 1933 3144 1988 sit
3193 1950 3225 1986 ιι

1692 2041 1888 2108 priore,
1923 2049 2066 2094 certa
2110 2039 2336 2108 quadam
2381 2046 2432 2090 et
2463 2033 2675 2102 propria
2720 2031 2926 2084 ratione
2967 2035 3223 2096 spectato.

1690 2129 1823 2184 Nam
1860 2133 2013 2202 quod
2049 2132 2428 2200 sempiternum
2462 2126 2608 2202 illum
2655 2129 2988 2194 agnosceret,
3037 2118 3130 2189 qui
3162 2134 3227 2173 ex

1691 2222 1939 2275 universa
1981 2235 2157 2274 rerum
2203 2228 2392 2272 natura
2428 2226 2700 2274 constans.
2732 2214 2832 2268 sibi
2877 2221 3129 2283 perpetuo
3157 2212 3231 2264 si-

1692 2313 1834 2366 milis
1860 2321 2091 2375 maneat,
2120 2310 2320 2363 diserte
2363 2308 2644 2377 proﬁtetur
2673 2307 2754 2359 his
2790 2305 2966 2358 verbis
2997 2319 3011 2352 :
3048 2301 3232 2354 «Μυη-

1690 2406 1814 2456 ιίιηι
1845 2404 2110 2466 eumdem,
2157 2402 2351 2471 inquit,
2408 2418 2586 2456 rerum
2633 2398 3029 2452 universitatem
3083 2410 3230 2447 com-

1692 2495 1926 2561 plexum,
1977 2491 2202 2545 deorum
2252 2493 2596 2546 hominmnve
2640 2502 2794 2540 nemo
2825 2487 3099 2549 condidit;
3136 2485 3230 2540 sed

1694 2580 1792 2634 l'uit
1841 2581 2001 2643 idem,
2036 2589 2137 2642 est,
2171 2580 2380 2648 eritque
2411 2595 2639 2647 semper,
2693 2576 2832 2643 ignis
2864 2577 3075 2644 quidam
3109 2591 3232 2642 per-

1692 2677 1850 2736 petuo
1875 2668 2076 2728 vivens,
2103 2669 2300 2736 quique
2328 2668 2560 2720 vicissim
2590 2675 2644 2718 et
2670 2665 2977 2718 accenditur
3002 2664 3230 2728 modice,

1693 2770 1744 2812 et
1787 2759 1993 2812 modice
2024 2759 2429 2826 restinguitur.»
2475 2755 2625 2821 Quod
2662 2767 2838 2808 autem
2874 2756 3020 2807 illum
3057 2756 3229 2823 ipsum

1691 2861 1742 2903 et
1774 2852 2032 2918 genitum,
2057 2859 2110 2904 et
2129 2848 2454 2915 corruptioni
2478 2847 2767 2900 obnoxium
2793 2861 2910 2899 esse
2932 2845 3230 2910 tradiderit,

1690 2956 1755 2993 ex
1804 2943 2148 3009 sequentibus
2195 2941 2494 3009 intelligas:
2536 2959 2553 2989 ι
2596 2938 2731 2992 Sunt
2780 2939 2921 2991 enim
2953 2979 2966 3000 ,
3015 2937 3188 3004 inquit
3215 2978 3229 3002 ,

1695 3031 1829 3097 ignis
1879 3031 2256 3084 conversiones
2313 3028 2448 3090 ista),
2483 3038 2542 3082 ut
2588 3027 2816 3095 primum
2866 3041 2930 3079 ex
2981 3028 3084 3095 igni
3142 3026 3232 3079 ﬁat

1693 3136 1859 3187 mare,
1893 3131 2004 3175 tum
2035 3135 2156 3190 pars
2185 3120 2347 3174 maris
2389 3117 2606 3172 dimidia
2681 3116 2732 3168 in
2767 3129 2981 3179 terram,
3013 3116 3230 3168 dimidia

1695 3215 1746 3265 in
1781 3228 2022 3281 vaporem
2053 3214 2262 3282 igneum
2295 3211 2468 3263 abeat.
2507 3227 2522 3257 ι
2555 3206 2685 3259 Nam
2722 3208 2862 3275 quod
2888 3222 2979 3260 eas
3013 3222 3232 3259 conver-

1645 3290 1662 3308 ⁸
1693 3305 1869 3357 siones
1915 3310 2174 3369 potestate
2219 3301 2332 3354 ﬁeri
2377 3299 2506 3362 vult,
2539 3299 2606 3351 ab
2645 3313 2710 3350 eo
2757 3298 2911 3365 cujus
2943 3298 2994 3349 vi
3040 3307 3230 3350 cuncta

1692 3403 1949 3460 reguntur
1995 3391 2167 3452 Verbo
2212 3401 2370 3460 atque
2406 3392 2547 3456 Deo,
2600 3393 2772 3462 ignem
2813 3407 2905 3458 per
2953 3405 3126 3442 aerem
3179 3391 3230 3439 in

1696 3482 1976 3536 humidum
2001 3482 2241 3536 converti
2279 3483 2561 3554 signiﬁcat,
2597 3484 2738 3552 quod
2774 3483 2840 3534 ab
2865 3496 2929 3532 eo
2961 3493 3102 3531 mare
3134 3493 3231 3530 vo-

1692 3583 1876 3639 catur,
1938 3573 2222 3627 exterioris
2275 3574 2434 3644 hujus
2484 3585 2706 3627 ornatus
2753 3573 3018 3640 quoddam
3076 3574 3231 3640 quasi

1693 3679 1896 3728 semen,
1934 3653 2009 3718 'ex
2057 3679 2164 3731 quo
2211 3665 2402 3717 deinde
2458 3665 2653 3717 ccelum
2703 3679 2764 3716 ac
2807 3673 2974 3724 terra,
3007 3678 3232 3730 quasque

1693 3758 1974 3811 amborum
2003 3758 2122 3809 sinu
2159 3757 2495 3808 Continentur
2516 3795 2530 3816 ,
2563 3757 2837 3807 exsistant.
2876 3753 3230 3818 Quemadmo-

1693 3848 1818 3901 dum
1835 3863 1957 3902 vero
1975 3847 2111 3899 idem
2129 3846 2226 3898 sibi
2243 3845 2508 3905 reddatur,
2524 3861 2586 3897 ac
2604 3859 2789 3897 rursus
2809 3846 3059 3912 ignescat,
3080 3847 3230 3909 plane

1694 3938 1882 4006 aperit,
1923 3937 2047 3990 dum
2084 3936 2152 3987 ita
2193 3935 2463 4003 subjungit
2495 3954 2507 3987 :
2544 3954 2562 3986 ι
2601 3934 2762 3998 Mare,
2799 3935 2989 4001 inquit.
3043 3933 3226 3984 eodem

1693 4042 1912 4095 prorsus
1941 4026 2119 4086 modo,
2150 4025 2443 4093 eodemque
2485 4027 2777 4080 mensionis
2815 4039 3000 4092 genere
3029 4021 3230 4075 dill'un-

1691 4118 1852 4176 ditur,
1881 4132 1987 4183 quo
2031 4116 2338 4185 priusquam
2393 4125 2533 4168 terra
2575 4117 2736 4168 lieret.
2783 4133 2799 4163 ι
2853 4110 3002 4176 Quod
3054 4111 3225 4179 ipsum

1692 4211 1757 4262 de
1802 4209 1929 4264 aliis,
1969 4209 2219 4262 similiter
2268 4207 2542 4260 clementis
2589 4203 2834 4269 intellige.
2886 4199 3019 4254 Huic
3052 4202 3226 4255 allinia

1696 4301 1955 4353 docentur
2000 4316 2027 4352 a
2080 4299 2382 4352 Stoicorum
2425 4293 2822 4352 eruditissimis,
2871 4307 2990 4345 cum
3028 4295 3093 4345 ab
3141 4295 3224 4355 iis,

1693 4392 1756 4445 de
1796 4391 2232 4459 conﬂagratione,
2261 4390 2323 4440 de
2353 4385 2732 4455 gubernatiOue
2779 4385 2984 4446 mundi,
3029 4385 3092 4436 de
3141 4399 3223 4448 eo,

1693 4484 1782 4550 qui
1815 4483 1930 4535 talis
1959 4482 2169 4548 proprie
2203 4482 2290 4540 sit,
2326 4477 2525 4529 mundo
2555 4486 2606 4527 et
2633 4475 2843 4528 homine
2863 4516 2876 4538 ,
2913 4479 3078 4544 deque
3108 4475 3223 4526 ani-

33 4573 406 4645 πορεύεσθαι,
430 4574 521 4626 καὶ
549 4573 879 4641 ἀφικνεῖσθαι
905 4575 1265 4646 τεταρταίους.
1293 4593 1309 4623 ι
1342 4575 1588 4644 Λειμῶνα

1694 4591 1901 4628 morum
1935 4583 2230 4625 nostrormn
2265 4568 2634 4636 permansione
2667 4568 2985 4636 disputatur.
3020 4569 3223 4621 lim-sus

36 4666 149 4736 μὲν
187 4657 281 4715 οὖν
307 4663 592 4714 ἀκουστέον
621 4663 954 4734 τὴνιάπλανῆ
989 4665 1218 4732 σφαῖραν
1239 4702 1252 4725 ,
1287 4663 1360 4726 ὡς
1391 4664 1592 4732 ἥμερον

32 4753 247 4828 χωρίον
266 4793 280 4817 ,
311 4756 403 4806 καὶ
432 4755 724 4824 προσηνὲς,
765 4756 854 4805 καὶ
901 4754 1004 4804 τών
1034 4755 1190 4805 ὁσίων
1220 4754 1389 4823 χῶρον
1411 4771 1424 4784 ο
1458 4753 1592 4805 ἑπτὰ

29 4847 98 4899 δὲ
125 4846 361 4914 ἡμέρας,
389 4846 617 4915 ἑκάστην
641 4846 844 4914 κίνησιν
866 4845 968 4896 τῶν
992 4845 1146 4906 ἑπτὰ,
1181 4846 1272 4895 καὶ
1303 4846 1477 4895 πᾶσαν
1499 4845 1592 4913 τὴν

31 4938 60 4990 ὲ,
73 4933 377 5005 ργαστικὴν
395 4935 603 5002 τέχνην,
622 4935 698 4994 εἰς
713 4933 859 4993 τέλος
879 4931 1225 4993 ἀναπαύσεως
1246 4919 1587 4984 σπεύδουσαν.

46 5023 120 5075 Ἡ
147 5022 210 5074 δὲ
248 5021 383 5090 μετὰ
425 5024 548 5082 τοὺς
577 5021 947 5088 πλανωμένους
980 5019 1167 5085 πορεία
1193 5019 1281 5068 ἐπὶ
1313 5019 1398 5070 τὸν
1428 5020 1589 5088 οὐρα-

31 5117 133 5169 νὸν
170 5113 316 5177 ἄγει,
346 5111 583 5177 τουτέστι
605 5111 698 5178 τὴν
725 5109 910 5176 ὀγδόην
939 5107 1145 5176 κίνησίν
1168 5125 1226 5159 τε
1249 5109 1338 5159 καὶ
1361 5108 1587 5176 ἡμέραν.

32 5200 408 5270 ἰἐταρταίους
423 5200 478 5251 δὲ
497 5200 592 5261 τάς
613 5199 782 5267 ψυχὰς
797 5197 1009 5254 ἀπιέναι
1030 5198 1192 5263 λέγει,
1210 5197 1375 5265 δηλῶν
1398 5196 1490 5265 τὴν
1505 5197 1589 5248 διὰ

29 5295 149 5349 τῶν
173 5290 453 5358 τεσσάρων
479 5289 744 5358 στοιχείων
767 5287 1003 5360 πορείαν.
1042 5286 1194 5338 Ἀλλά
1216 5289 1308 5338 καὶ
1337 5286 1430 5356 τὴν
1457 5287 1591 5341 €666-

119 5472 131 5500 '
174 5465 323 5534 Psal.
364 5465 520 5526 "1,6.

109 5620 233 5689 (62)
294 5620 635 5687 Ἀπτόμενον
677 5616 886 5686 μέτρῳ,
927 5625 1032 5689 etc.
1084 5614 1583 5689 Hinc‘Clementem

28 5687 307 5745 etnendes
329 5691 474 5750 licet,
502 5691 636 5758 apud
668 5703 822 5755 quem
851 5687 1037 5758 vitiose
1063 5687 1344 5738 admodum
1375 5690 1583 5756 legitur,

29 5761 354 5827 ἀπτόμενον
404 5756 600 5830 μέτρά,
630 5759 720 5810 καὶ
752 5756 1204 5825 ἀποσϐεννύμενον
1247 5758 1434 5828 μέτρα,
1470 5777 1586 5827 qua:

29 5832 211 5887 simili
245 5831 374 5885 vitio
401 5829 622 5883 reddidit
651 5831 866 5898 interpr.
919 5843 1179 5896 mensuras
1213 5830 1509 5892 accendens,
1535 5841 1580 5882 et

1691 4663 1838 4715 Plato
1869 4664 1999 4728 ipse,
2030 4657 2339 4726 Reipublicw
2357 4658 2602 4724 septimo,
2630 4668 2867 4711 nostrum
2896 4660 3033 4709 hunc
3061 4657 3220 4721 diem,

1692 4761 2028 4813 nocturnum,
2053 4749 2121 4802 ob
2151 4748 2333 4800 mundi
2355 4748 2638 4815 principes,
2663 4749 2868 4815 opinor,
2887 4746 3219 4799 tenebrarum

1693 4843 1919 4903 harum;
1972 4854 2217 4891 somnum
2267 4853 2392 4889 vero
2427 4847 2586 4904 atque
2638 4845 2878 4894 mortem,
2933 4836 3095 4886 animi
3127 4837 3222 4888 de-

1689 4946 1936 4985 scensum
1985 4932 2062 4982 in~
2093 4946 2286 4998 corpus
2334 4932 2560 4990 vocavit,
2617 4926 2933 4978 Heraclitum
2984 4938 3218 4980 secutus.

1687 5023 1874 5076 Annon
1925 5022 1972 5075 id
2017 5021 2247 5092 Spiritus
2279 5024 2341 5075 de
2371 5024 2648 5074 Servatore
2676 5026 2858 5069 nostro
2887 5017 3097 5071 Davidis
3131 5035 3221 5072 oue

1687 5114 1949 5182 praedixit,
1981 5116 2062 5169 his
2101 5116 2275 5168 verbis
2303 5112 2491 5181 :677
2519 5130 2534 5158 ι
2569 5110 2677 5177 Ego
2708 5109 2955 5172 dormivi,
2984 5121 3035 5163 et
3064 5128 3220 5178 supu-

1688 5215 1835 5262 ratus
1867 5225 1982 5262 sum
2017 5227 2029 5273 ;
2063 5205 2359 5269 exsurrexi,
2392 5205 2644 5272 quoniam
2681 5201 2938 5259 Dominus
2971 5206 3219 5270 suscipiet

1689 5317 1771 5354 me
1796 5303 1833 5358 ¹,
1873 5321 1890 5351 i
1927 5299 2032 5354 Nec
2063 5300 2202 5353 enim
2233 5299 2399 5350 solam
2422 5295 2622 5350 Christi
2656 5294 2951 5350 Servatoris
2981 5310 3217 5348 resurre-

1685 5622 2009 5689 exstinguens
2046 5635 2335 5675 mensuras.

1753 5693 1860 5757 m5)
1893 5690 2056 5741 Clem.
2073 5689 2217 5759 add.
2249 5691 2339 5759 γῆ.

1755 5758 2131 5880 (suggest;
2177 5759 2242 5812 δὲ
2294 5758 2430 5830 τοῖς.
2476 5763 2656 5826 Plato,
2701 5760 2788 5814 lib.
2833 5777 2861 5814 Χ
2908 5759 2977 5814 De
3015 5762 3185 5830 t'epub.

1685 5847 1800 5900 pag.
1835 5843 1864 5882 ⁵)
1981 5843 2020 5882 ⁴.

1721 5869 1800 5899 110.
1844 5869 1928 5882 Ιιν
1966 5869 2020 5882 υ.
