4010 6342
140 437 279 490 1137

1165 450 1475 507 ΡΒᾹΣΡΑΒ.
1521 453 1922 510 ΕἾΑΝΟῌΜΒ.
1966 457 2096 511 Xlll.

3161 473 3292 529 1158

132 557 248 611 Καὶ
294 558 358 610 τὰ
395 560 486 612 ἐπὶ
524 562 746 637 τούτοις.
792 565 1050 636 Θεαρίδας
1095 569 1149 621 δὲ
1194 573 1251 623 ἐν
1292 573 1367 639 τῷ
1410 574 1534 643 περὶ
1576 572 1669 640 φύ-

1771 574 1934 644 690
1983 575 2046 630 Et
2094 591 2212 645 quae
2248 585 2560 645 sequuntur.
2598 579 2885 638 Thearidas
2908 594 3084 639 autem
3117 588 3170 641 in
3194 607 3291 643 suo

135 665 277 712 σεως
314 652 542 721 γράφει·
572 673 590 703 ε
615 655 672 705 Ἀ
701 656 841 725 ἀρχά
866 659 970 709 τῶν
1007 660 1190 723 ὄντων,
1217 663 1356 732 ἀρχὰ
1385 665 1479 733 μὲν
1514 665 1678 727 ὅντως

131 737 385 806 ἀληθινὰ,
431 741 547 810 μία.
573 762 590 792 ι
627 744 790 795 Κείνα
823 746 927 816 γὰρ
966 749 1022 800 ἐν
1056 749 1196 820 ἀρχᾷ
1227 751 1282 803 τέ
1314 753 1456 804 ἐστιν
1495 753 1551 806 ἓν
1587 755 1678 806 καὶ

137 827 322 895 μόνον.

221 1026 371 1078 Οὑδέ
396 1029 485 1093 τίς
513 1030 636 1083 ἐσθ’
664 1031 859 1098 ἕτερος
883 1035 1056 1102 χωρὶς
1080 1037 1341 1104 μεγάλου
1358 1035 1673 1104 βασιλῆος»

146 1135 375 1206 Ὀρφεὺς
426 1140 586 1208 λέγει.
633 1137 702 1211 ᾯ
749 1145 1060 1214 πειθόμενος
1109 1149 1136 1198 ό
1183 1148 1417 1216 κωμικὸς
1465 1133 1676 1216 Δίφιλος

131 1229 488 1292 γενικώτατον
518 1231 642 1284 ὅντα
676 1235 887 1286 πάντων
919 1237 1048 1305 φησι
1073 1237 1300 1306 πατέρα,

338 1340 549 1414 raptor
583 1343 681 1396 διὰ
713 1344 919 1410 τέλους
946 1347 1100 1412 τίμα,
1128 1348 1314 1414 μόνον

139 1429 141 1437 ι
217 1409 465 1475 Ἀγαθῶν
495 1414 793 1466 τοσούτων
829 1409 1072 1482 εὑρετὴν
1105 1409 1200 1467 αἰαὶ
1238 1416 1531 1483 κτίστορα.

883 1507 899 1514 ς,

129 1518 372 1582 Εἰκότως
398 1521 572 1574 τοίνυν
610 1527 637 1576 ό
671 1526 890 1578 Πλάτων
933 1526 1040 1596 (15)
1077 1527 1238 1589 ἐθίζει
1268 1527 1360 1590 τὰς
1401 1527 1670 1596 βελτίστας

129 1604 344 1670 φύσεις,
380 1610 710 1677 ἀφικνεῖσθαι
743 1614 875 1684 πρὸς
909 1615 967 1665 τὸ
1006 1615 1247 1686 μάθημα,
1285 1617 1313 1667 ὃ
1337 1618 1391 1668 ἐν
1425 1617 1500 1686 τῷ
1539 1618 1668 1686 πρό-

132 1696 260 1750 σθεν
294 1700 498 1770 ἐφαμεν
523 1699 656 1755 εἶναι
685 1705 954 1773 μέγιστον,
993 1708 1113 1759 ἰδεῖν
1139 1708 1387 1774 τάγαθὸν,
1423 1711 1513 1760 καὶ
1546 1711 1670 1760 ἀνα-

130 1787 294 1856 ϐῆναι
334 1791 543 1860 ἐκείνην
578 1794 672 1863 τὴν
715 1795 994 1848 ἀνάϐασιν.
1043 1798 1209 1848 Τοῦτο
1245 1799 1327 1868 δὴ,
1374 1799 1448 1861 ὡς
1479 1799 1666 1862 ἔοικεν,

128 1879 234 1930 οὐκ
273 1881 535 1952 ὀστράκου
562 1883 624 1937 ἂν
650 1886 730 1954 εἴη
776 1891 1130 1958 περιστροφὴ,
1167 1890 1298 1943 ἀλλὰ
1329 1891 1500 1960 ψυχῆς
1527 1910 1675 1962 περι-
1704 1898 1744 1951 Β

128 1973 355 2041 αγωγὴ,
400 1975 460 2026 ἐκ
497 1978 809 2046 νυκτερινῆς
853 1997 992 2041 τινος
1037 1982 1242 2050 ἡμέρας
1290 1983 1368 2044 είς
1414 1984 1668 2054 ἀληθινὴν

125 2061 225 2112 τοῦ
260 2061 408 2126 ὄντος
437 2062 595 2118 οὖσαν
639 2069 890 2121 ἐπάνοδον
914 2087 926 2098 ·
971 2070 1034 2138 ἣν
1059 2071 1119 2139 δὴ
1162 2071 1466 2138 φιλοσοφίαν
1498 2075 1666 2144 ἀληθῆ

127 2153 376 2222 φήσομεν
416 2152 568 2208 εἶναι.
617 2159 724 2212 Καὶ
775 2163 897 2223 τοὺς
942 2162 1140 2231 ταύτης
1186 2164 1540 2232 μετασχόντας
1575 2166 1665 2217 τοῦ

127 2244 330 2309 χρυσοῦ
371 2245 553 2310 γένους
600 2248 709 2318 (14)
753 2252 953 2321 κρίνει·
994 2273 1010 2303 ι
1049 2254 1194 2304 Ἐστὲ
1235 2255 1329 2322 μὲν
1370 2255 1431 2324 δὴ
1475 2256 1666 2319 πάντες

125 2332 381 2403 ἀδελφοὶ,
409 2355 426 2386 ι
474 2336 663 2404 λέγων.
705 2342 765 2391 Ol
795 2342 848 2393 δὲ
888 2343 978 2394 τοῦ
1007 2343 1202 2413 χρυσοῦ
1232 2345 1412 2411 γένους
1453 2347 1667 2415 ἀκριϐέ-

127 2441 321 2486 στατα,
365 2429 456 2485 κα).
501 2429 672 2497 πάντη
717 2432 795 2493 εἰς
843 2433 934 2484 τοῦ
985 2434 1192 2500 Πατρὸς
1240 2435 1343 2503 ἄρα
1378 2437 1466 2486 καὶ
1516 2453 1667 2505 ποιη-

123 2514 222 2566 τοῦ
263 2515 614 2584 ξυμπάντων,
654 2521 904 2589 ὲμφύτως
947 2525 1038 2575 καὶ
1083 2524 1373 2586 ἀδιδάκτως
1414 2527 1667 2595 ἀντιλαμ-

125 2603 351 2658 ϐάνεται
407 2608 578 2661 πάντα
623 2610 758 2679 πρὸς
795 2612 1028 2676 πάντων,
1067 2613 1133 2666 τά
1175 2616 1269 2683 μὲν
1300 2616 1475 2684 ἄψυχα
1529 2633 1664 2686 συμ-

125 2694 401 2748 παθοῦντα
427 2697 554 2766 (15),
581 2698 688 2750 τῶν
719 2700 775 2752 δὲ
804 2701 974 2763 ζώων,
1012 2704 1118 2754 τῶν
1167 2704 1438 2773 ἐμψύχων,
1470 2706 1535 2757 τὰ
1567 2706 1665 2775 μὲν

122 2782 227 2854 ἢδη
273 2783 534 2850 ἀθάνατα,
571 2788 638 2839 τὰ
679 2788 734 2840 δὲ
775 2790 894 2841 καθ’
920 2792 1130 2861 ἡμέραν
1167 2795 1499 2865 ἐργαζόμενα
1532 2796 1660 2866 (16).

124 2865 262 2928 Τῶν
288 2875 342 2927 δέ
386 2895 466 2928 τοι
498 2878 730 2948 θνητῶν,
766 2879 830 2931 τὰ
872 2881 967 2949 μὲν
1000 2883 1054 2933 ἐν
1099 2884 1264 2952 φόϐῳ,
1305 2887 1394 2938 καὶ
1437 2887 1522 2938 διὰ
1569 2890 1664 2956 τῆς

129 2965 335 3034 μητρὸς
351 2965 524 3018 αὐτῶν
544 2967 620 3019 ἔτι
654 2968 786 3037 μετὰ
807 2971 1034 3040 γαστρὸς
1050 2973 1169 3041 ὀχού
1180 2991 1312 3043 μενα
1332 2992 1343 3004 ·
1364 2977 1431 3027 τὰ
1448 2978 1500 3030 δὲ
1513 2980 1636 3030 αὖτε
1649 3009 1664 3018 -

127 3059 321 3128 ξουσίῳ
337 3059 595 3128 λογισμῷ.
622 3060 730 3112 Καὶ
746 3060 851 3113 τῶν
878 3061 1171 3134 ἀνθρώπων
1194 3063 1302 3133 (17)
1329 3066 1518 3131 πάντες
1541 3069 1663 3122 Ἔλ-

123 3149 284 3219 ληνές
321 3167 378 3200 τε
406 3151 498 3201 καὶ
527 3149 801 3222 βάρϐαροι.
839 3152 994 3214 Γένος
1040 3153 1081 3204 δ’
1123 3156 1529 3227 οὐδὲνοὺδαμοῦ
1561 3161 1664 3212 τῶν

125 3228 527 3308 γεωργούντων,
586 3239 710 3292 οὔτε
765 3242 1002 3311 νομάδων
1052 3244 1183 3314 (18),
1231 3247 1342 3298 ἀλλ’
1393 3250 1510 3300 οὐδὲ
1563 3251 1668 3302 τῶν
1696 3233 1735 3288 C

126 3330 449 3394 πολιτικῶν,
498 3333 714 3385 δύναται
766 3333 882 3402 ζῇν,
941 3334 1013 3403 μὴ
1075 3339 1554 3407 προκατειλημένον
1603 3345 1667 3411 τῇ

124 3421 219 3473 τοῦ
252 3420 550 3490 κρείττονος
576 3424 775 3479 πίστει.
819 3425 906 3475 Διὸ
935 3427 1038 3476 πᾶν
1064 3425 1210 3488 ἐθνος
1237 3428 1365 3496 ἑῷον
1393 3430 1522 3499 (19),
1564 3433 1668 3500 πᾶν

125 3512 181 3564 δὲ
229 3513 493 3582 ἐσπερίων
548 3514 842 3582 ἁπτόμενον
886 3515 1073 3584 ᾐόνων,
1122 3516 1326 3586 βόρειον
1369 3537 1446 3582 τε,
1480 3523 1570 3572 καὶ
1605 3522 1671 3574 τά

127 3603 267 3675 πρὸς
311 3603 386 3671 τῷ
432 3604 566 3673 νότῳ
614 3604 818 3667 πάντα,
878 3606 1002 3675 μίαν
1051 3606 1158 3676 ἔχει
1230 3613 1319 3661 καὶ
1365 3612 1460 3681 τὴν
1509 3615 1669 3684 αὐτὴν

129 3694 393 3767 πρόληψιν
425 3695 552 3765 περὶ
590 3695 682 3747 τοῦ
718 3698 1187 3767 καταστησαμένου
1227 3702 1322 3771 τὴν
1364 3704 1666 3772 ἡγεμονίαν,

128 3789 179 3839 ei
201 3804 267 3854 γε
293 3788 383 3838 καὶ
409 3789 474 3840 τὰ
503 3786 900 3842 καθολικώτατα
938 3789 1045 3842 τῶν
1091 3792 1536 3863 εὐεργετημάτων
1560 3796 1667 3864 (‘20)

128 3876 294 3928 αὑτοῦ
327 3878 732 3948 διαπεφοίτηκεν
773 3880 962 3949 ἐπίσης
998 3883 1189 3936 πάντα.
1237 3884 1373 3936 Πολὺ
1419 3885 1472 3935 δὲ
1497 3885 1668 3936 ’πλέον

128 3969 177 4019 οἱ
206 3971 334 4038 παρ’
369 3970 592 4040 Ἕλλησι
641 3971 1083 4041 πολυπράγμονες
1133 3974 1422 4042 φιλόσοφοι,
1473 3979 1534 4028 ἐκ
1573 3977 1668 4045 τῆς

132 4057 418 4130 βαρϐάρων
461 4061 765 4131 ὁρμώμενοι
804 4063 1131 4130 φιλοσοφίας,
1176 4065 1252 4133 τῷ
1297 4067 1525 4136 ἀοράτῳ,
1578 4069 1668 4120 καὶ

134 4152 298 4222 μόνῳ,
333 4155 426 4205 καὶ
473 4155 842 4226 δυνατωτάτῳ,
885 4158 976 4208 καὶ
1007 4157 1396 4226 τεχνικωτάτῳ,
1438 4161 1531 4210 καὶ
1564 4161 1667 4212 τῶν

131 4239 302 4292 ἄλλων
359 4242 652 4294 καλλίστων
699 4245 1025 4311 αἰτιωτάτῳ,
1076 4242 1169 4312 τὴν
1219 4245 1509 4311 προνομίαν
1558 4246 1665 4314 (21)

133 4327 355 4391 ἔδωκαν,
404 4331 468 4384 τὰ
519 4332 780 4384 ἀκόλουθα
834 4332 1057 4394 τούτοις,
1114 4334 1160 4383 εἰ
1211 4331 1282 4401 μὴ
1319 4334 1665 4402 κατηχηθεῖεν

133 4418 271 4489 πρὸς
303 4419 473 4490 ἡμῶν,
513 4422 610 4472 οὑκ
641 4422 1002 4490 ἐπιστάμενοι,
1040 4422 1151 4473 ἀλλ’
1185 4423 1290 4475 οὐδ’
1328 4423 1483 4476 αὑτὸν
1523 4425 1664 4488 ὅπως

201 4617 326 4688 (15)
350 4618 399 4688 Ὁ
429 4617 690 4672 Πλάτων.
721 4617 849 4672 Vide
890 4620 1065 4673 locum
1108 4619 1200 4673 lib.
1237 4637 1304 4688 vn
1355 4621 1424 4674 De
1461 4623 1662 4688 repub.,

300 4687 405 4760 182
537 4707 548 4740 ;
585 4689 870 4760 Ἡμέτερον
895 4690 956 4759 δὴ
999 4691 1162 4760 ἔργον
1205 4686 1298 4760 (ἦν
1321 4691 1362 4741 δ’
1398 4686 1530 4758 ἐγὼ)
1559 4686 1665 4744 τῶν

131 4758 378 4828 οξκιστῶν
409 4759 506 4819 τάς
542 4775 600 4810 τε
643 4758 911 4827 βελτίστας
945 4758 1128 4826 φύσεις
1156 4758 1453 4826 ἀναγκάσαι
1483 4762 1658 4828 ἀφικέ-

135 4826 258 4923 σθαι
290 4827 423 4923 πςδς
465 4828 524 4879 τδ
572 4829 1092 4923 semesa
1125 4829 1421 4923 εμπιοσθξγ
1463 4826 1665 4923 gessi“

134 4891 268 4947 εἶναι
299 4891 556 4970 μέγιστον.
572 4891 1104 4970 ὶδεῖνὲέτὸβγαθδῦ,
1132 4891 1222 4970 καὶ
1240 4891 1513 4970 ’άναϐῆναι
1531 4891 1666 4951 ἐκεί-

133 4978 226 5031 νην
280 4965 375 5034 τὴν
426 4966 697 5018 ἀνάϐασιν·
749 4967 840 5019 καὶ
873 4965 1101 5017 ῖέπειδάν
1142 4967 1430 5027 ἀναϐάντες
1475 4969 1666 5032 ἰκανιῖς

135 5031 306 5116 ἴδωσι,
340 5036 412 5116 Ei;
445 5036 751 5116 ἐπιτρέπειν
784 5036 979 5116 αὐτοῖς,
1012 5035 1039 5086 δ
1062 5035 1153 5102 νῦν
1182 5035 1542 5116 ἐπιτρέπεται.
1596 5107 1608 5116 _

203 5053 302 5096 υσι,
340 5053 412 5105 μη
445 5053 751 5116 επιτρεπειν
784 5053 979 5100 αυτοις,
1012 5053 1039 5086 ο
1062 5053 1153 5102 νυν
1182 5053 1542 5103 επιτρεπεται.

203 5101 311 5181 (14)
353 5105 589 5181 Χρυσου
634 5105 859 5181 τέγους.
906 5106 1152 5181 Clemens
1199 5105 1370 5158 locum
1408 5104 1548 5181 hunc
1595 5107 1664 5181 ita

136 5167 502 5246 Ιεεξιέχρύσοῦ
514 5167 709 5246 γένους
736 5167 934 5244 κρίνειν
958 5173 1332 5246 ᾅκριϐέστατα,
1355 5175 1450 5246 και
1471 5176 1661 5246 πάντη.

137 5239 238 5292 Τοῦ
273 5239 478 5313 ῌατρδς
505 5239 610 5313 ἄρα
653 5246 744 5297 καὶ
774 5239 1012 5313 ποιητοῦ,
1035 5239 1156 5296 εις.
1197 5243 1371 5296 Recte.
1400 5241 1454 5295 Si
1490 5239 1664 5299 tamen

139 5310 453 5382 asteriscum
481 5310 724 5382 nostrum
760 5310 971 5382 explere
999 5313 1149 5376 velis,
1187 5328 1288 5365 non
1331 5313 1664 5382 incommode

138 5377 345 5452 legeris,
378 5380 468 5432 καὶ
492 5381 662 5449 πάντη
692 5377 844 5452 ,εἰσιν
863 5383 1048 5434 ἱκανοί.
1085 5382 1234 5446 Quod
1260 5383 1416 5435 etiam
1446 5380 1664 5452 Sylhur-

140 5450 222 5517 gio
250 5450 302 5501 in
332 5458 558 5502 mentem
584 5451 746 5504 venit.

205 5518 312 5588 (15)
344 5517 786 5588 Συμπαθοῖη-τα.
827 5517 988 5588 Recte
1023 5519 1263 5588 Clemens
1290 5519 1664 5588 συμπαθοῦντα

139 5586 221 5657 τῷ
238 5587 378 5657 ζὼῳ,
407 5588 487 5658 vu-l
509 5590 621 5658 τοῖς
647 5586 820 5658 ζώοις.
852 5587 985 5641 Tum
1010 5589 1174 5658 addit,
1195 5587 1301 5658 τῶν
1325 5586 1367 5640 δ⁴
1392 5588 1661 5658 ἐμψύχων,

140 5655 341 5710 omisso
369 5655 474 5708 τῶν
504 5657 560 5709 δὲ
605 5655 785 5721 ζώων,
833 5659 974 5725 quod
1018 5657 1231 5726 quidem
1280 5655 1434 5714 facile
1478 5655 1664 5713 abesse

207 5729 317 5780 ssit.

140 5739 317 5865 Ροῗῗὲ).
339 5797 412 5850 Τὰ
441 5795 508 5849 δὲ
535 5798 653 5851 καθ’
683 5795 904 5865 ἡμέραν
933 5796 1050 5862 ἐργ.
1083 5794 1324 5851 Clemens
1348 5838 1359 5863 ,
1392 5795 1624 5850 ἀθάνατα
1645 5839 1659 5862 ,

1777 665 1852 717 De
1890 677 2081 719 natura
2108 683 2287 735 opere,
2319 669 2421 722 hoc
2452 670 2610 724 modo
2644 673 2844 737 scribit,
2879 693 2896 724 ι
2919 671 3293 733 Universitatis

1777 756 1936 822 hujus
1965 759 2304 827 principium,
2341 762 2658 831 principium
2693 766 2873 834 utique
2901 783 3083 822 verum
3127 787 3291 824 unum

1775 855 1872 896 est.
1904 865 1922 896 ι
1962 847 2093 900 lllud
2144 849 2285 902 enim
2343 867 2408 904 ex
2457 855 2750 911 aeternitate
2800 873 2962 911 unum
3000 869 3082 914 est
3135 869 3294 928 atque

1777 931 1972 985 solum.

1783 1039 1946 1094 Haud
1979 1043 2114 1104 alius
2138 1047 2408 1117 quisquam
2441 1062 2515 1106 est
2538 1054 2762 1121 supremi
2791 1071 2822 1107 a
2862 1057 3066 1108 numine
3103 1059 3253 1126 regis,

1777 1154 1947 1222 inquit
1978 1155 2240 1225 Orpheus.
2301 1161 2469 1226 Quem
2508 1175 2718 1220 secutus
2750 1166 2990 1236 Diphilus
3020 1161 3286 1236 comicus,

1784 1257 2117 1299 communem
2140 1247 2311 1311 illum,
2346 1250 2536 1319 inquit,
2569 1255 2802 1307 omnium
2833 1266 3126 1324 parentem,

1967 1377 2054 1451 pia
2084 1385 2138 1430 tu
2163 1389 2324 1451 mente
2357 1392 2592 1449 perpetuo
2622 1385 2781 1451 colas,

1842 1443 1887 1494 E
1908 1446 2053 1511 cujus
2075 1463 2177 1500 una
2208 1458 2282 1500 tot
2306 1443 2718 1507 bonavexsistunt
2742 1443 2916 1510 manu.

1771 1545 1897 1601 Jure
1924 1565 2051 1619 ergo
2079 1550 2230 1606 Plato
2252 1559 2687 1622 praestantissima
2717 1577 2940 1632 «piaeque
2971 1565 3181 1635 ingenia
3223 1568 3290 1624 ad

1772 1642 2154 1706 capessendum
2229 1646 2358 1699 illud
2395 1649 2709 1729 disciplinae
2766 1669 2932 1721 genus
2986 1658 3288 1723 assuefacit,

1753 1731 1910 1795 'quod
1932 1731 2042 1798 jam
2076 1743 2196 1787 ante
2235 1738 2525 1790 maximum
2557 1755 2674 1794 esse
2704 1741 2956 1808 diximus,
2988 1747 3087 1800 hoc
3113 1756 3194 1802 est
3222 1749 3290 1802 ad

1773 1821 2162 1889 percipiendam
2194 1824 2318 1878 boni
2349 1830 2728 1896 cognitionem,
2755 1847 2928 1900 eoque
2954 1834 3290 1906 tandemqas—

1773 1911 2043 1966 cendendo
2086 1916 2516 1981 perveniendum.
2573 1920 2721 1984 Quod
2754 1923 2965 1990 quidem
3009 1941 3113 1979 non
3156 1927 3288 1995 jam,

1773 2002 1984 2070 opinor,
2019 2011 2216 2058 testam
2258 2018 2564 2062 convertere
2607 2010 2783 2076 fuerit,
2815 2015 2904 2066 sed
2948 2018 3180 2070 animum
3221 2017 3290 2071 ita

1772 2093 2193 2161 circumducere,
2227 2107 2283 2151 ut
2323 2113 2386 2151 ex
2440 2108 2700 2154 nocturno
2743 2105 2971 2171 quodam
3016 2108 3121 2173 die,
3171 2125 3293 2163 vere

1771 2181 1834 2233 ad
1883 2183 2011 2236 illud
2077 2187 2218 2252 quod
2241 2195 2340 2251 est,
2410 2189 2506 2242 hac
2537 2203 2631 2242 sua
2682 2181 3030 2248 conversione
3086 2199 3288 2263 redeat,

1771 2288 1938 2340 quam
1989 2289 2117 2329 sane
2178 2292 2356 2329 veram
2413 2279 2806 2348 philosophiam
2858 2300 2977 2338 esse
3034 2287 3290 2344 dicemus.

1769 2363 1936 2432 Cujus
1980 2364 2068 2418 ille
2107 2366 2197 2433 qui
2231 2377 2500 2435 compotes
2542 2369 2755 2435 iuerint,
2789 2388 2953 2427 aureo
2991 2391 3179 2444 genere
3207 2394 3292 2432 sa-

1777 2465 1858 2509 tos
1877 2471 1995 2509 esse
2024 2458 2350 2523 pronuntiat,
2385 2458 2508 2512 dum
2550 2462 2623 2514 ait
2649 2480 2662 2514 :
2687 2462 2899 2517 Fratres
2935 2467 3146 2534 quidem
3174 2470 3292 2521 uni-

1769 2543 1910 2596 versi
1961 2544 2108 2609 estis,
2143 2553 2244 2598 etc.
2308 2545 2407 2611 Qui
2448 2557 2622 2602 aulem
2671 2566 2735 2605 ex
2778 2569 2940 2607 aureo
2978 2556 3068 2610 illo
3100 2574 3293 2628 genere

1770 2641 1914 2697 sunt,
1945 2635 2102 2688 iidem
2133 2638 2530 2692 accuratissime
2555 2641 2619 2693 de
2649 2642 2807 2696 rebus
2850 2646 3098 2700 omnibus
3141 2648 3284 2716 judi-

1769 2742 1892 2780 care
1920 2737 2159 2794 possunt.
2217 2728 2459 2784 Parentis
2507 2731 2667 2796 igitur
2705 2749 2769 2786 ac
2820 2739 3281 2794 rerumomnium

1768 2817 2031 2872 eﬂ‘ectoris
2056 2833 2268 2872 sensum
2309 2835 2372 2872 ex
2413 2823 2661 2875 omnibus
2708 2825 2937 2891 aliquem
2962 2841 3158 2894 omnia,
3190 2844 3287 2885 na-

1771 2909 1872 2962 tiva
1921 2908 2146 2976 quadam
2184 2909 2256 2970 vi,
2306 2925 2367 2963 ac
2424 2911 2555 2963 citra
2601 2912 2758 2968 ullius
2795 2914 3089 2983 disciplinae
3129 2919 3282 2987 adju-

1768 3005 2005 3049 mentum
2042 2998 2311 3052 hauriunt.
2367 2997 2431 3051 Et
2461 3001 2675 3068 quidem
2717 3002 3004 3058 inanimata
3048 3023 3167 3061 cum
3204 3008 3284 3061 vi-

1769 3090 2014 3144 ventibus
2076 3089 2406 3144 all‘ectionum
2451 3095 2826 3148 communione
2869 3096 3185 3166 junguntur,
3217 3115 3284 3154 ex

1770 3182 2129 3235 animantibus
2171 3167 2344 3235 autem
2371 3183 2476 3234 vita
2518 3184 2752 3250 praeditis
2779 3186 2880 3238 alia
2909 3186 3020 3254 jam
3057 3190 3276 3243 immor-

1770 3273 1892 3326 talia
1934 3283 2077 3336 sunt,
2125 3274 2181 3324 in
2236 3267 2372 3326 diem
2427 3275 2526 3326 alia
2587 3276 2876 3329 etiamnum
2928 3279 3187 3334 laborant.
3225 3283 3293 3335 At

1767 3365 2194 3425 exmortalibus,
2248 3364 2349 3416 alia
2386 3364 2440 3416 in
2482 3374 2622 3418 metu
2680 3368 2991 3432 constituta,
3037 3372 3292 3425 maternis

1767 3458 1938 3511 adhuc
1963 3457 2257 3511 visceribus
2313 3458 2517 3513 inclusa
2573 3470 2880 3528 gestantur:
2921 3463 3022 3518 alla
3056 3465 3167 3532 jam
3207 3465 3289 3517 sui

1764 3549 1919 3617 juris,
1952 3562 2049 3602 suo
2078 3562 2134 3602 se
2164 3546 2389 3601 consilio
2427 3548 2751 3618 arbitrioque
2786 3560 2994 3620 regunt.
3043 3551 3161 3604 Jam
3186 3553 3284 3605 ho-

1769 3640 1969 3692 minum
1999 3655 2163 3707 genus
2200 3640 2506 3692 universum
2556 3640 2608 3701 in
2657 3637 2870 3693 Gmcos
2922 3641 3285 3709 barbarosque

1766 3728 2034 3782 dividitur.
2071 3727 2307 3792 Quorum
2334 3743 2363 3780 e
2387 3743 2632 3791 numero,
2663 3729 2802 3781 nulla
2823 3745 3038 3797 prorsus
3063 3747 3286 3800 usquam

1767 3829 1858 3872 aut
1883 3820 2231 3888 agricolarum
2279 3831 2370 3872 aut
2393 3827 2687 3888 pastorum.
2728 3836 2792 3874 ac
2819 3836 2907 3890 jne
2943 3837 3128 3874 eorum
3165 3822 3285 3890 qui-

1766 3909 1906 3972 dem,
1940 3909 2030 3977 qui
2063 3910 2113 3961 in
2146 3910 2355 3963 civitate
2377 3910 2592 3980 degunt,
2627 3911 2770 3965 natio
2809 3921 2909 3974 est,
2943 3928 3060 3981 qua:
3099 3913 3283 3974 vitam,

1766 4002 1966 4070 absque
2008 4015 2072 4054 eo
2114 4002 2256 4070 quod
2300 4001 2413 4068 ejus
2467 4011 2697 4055 mentem
2747 4013 2951 4056 natura:
2998 4002 3286 4070 superioris

1766 4093 1897 4146 ﬁdes
1936 4095 2228 4160 occuparit,
2258 4092 2453 4145 ducere
2476 4093 2716 4160 tuerique
2754 4093 2939 4159 possit.
2995 4091 3175 4160 Itaque
3201 4108 3287 4160 po-

1766 4184 1876 4251 puli
1907 4197 2114 4244 omnes,
2151 4184 2262 4236 sive
2301 4181 2570 4236 Orientem
2597 4183 2796 4245 colant,
2833 4183 2945 4235 sive
2994 4183 3171 4236 littora
3193 4182 3290 4236 Oc-

1764 4273 1987 4326 cidentis
2032 4272 2214 4323 ultima
2269 4277 2498 4336 teneant,
2549 4272 2659 4325 sive
2708 4272 2772 4325 ad
2842 4271 3283 4340 Septentrionem,

1764 4361 1874 4416 sive
1908 4359 1972 4412 ad
2023 4358 2298 4411 meridiem
2324 4357 2582 4422 habitent,
2608 4375 2766 4412 unam
2785 4369 2836 4412 et
2872 4362 3112 4414 eamdem
3149 4363 3285 4430 ejus,

1764 4467 1794 4505 a
1832 4465 1937 4520 quo
1981 4448 2278 4503 institutum
2310 4450 2409 4503 hoc
2428 4450 2706 4516 imperium
2737 4458 2837 4514 est,
2863 4450 3285 4525 anticipationem
3324 4449 3329 4454 ’

1768 4622 1888 4699 καθ’
1918 4623 2078 4699 ἡμέρ.
2103 4621 2216 4699 ἐργ.
2245 4621 2359 4699 sine
2384 4622 2450 4699 τᾲ
2479 4622 2532 4673 δέ
2553 4664 2566 4684 ,
2595 4637 2701 4699 nec
2723 4621 3052 4699 incommodo
3091 4635 3281 4699 sensu;

1768 4691 2011 4746 fortassis
2032 4691 2179 4744 enim
2208 4692 2391 4752 solem,
2430 4692 2605 4744 lunam
2637 4693 2841 4758 aliaque
2874 4691 3041 4743 sidera
3090 4691 3282 4743 intelli-

1767 4773 1894 4831 gat:
1922 4771 2031 4814 tum
2083 4762 2304 4831 alterum
2338 4761 2614 4831 divisionis
2660 4775 2766 4814 suae
2812 4765 3138 4831 membrum,
3189 4761 3286 4831 hoc

1765 4829 1865 4897 est,
1893 4832 1960 4883 τὰ
1991 4830 2172 4898 Θνητά,
2205 4845 2320 4896 qua:
2349 4830 2627 4891 ἀθανάτοις
2664 4830 2922 4896 opposita,
2963 4829 3012 4881 in
3047 4829 3148 4882 alia
3183 4830 3288 4883 duo

1765 4916 1955 4971 genera
1985 4899 2258 4971 partiatur.

1836 4969 1944 5035 (l7)
1978 4966 2085 5019 Kal
2133 4967 2247 5019 τῶν
2289 4968 2619 5036 ἀνθρώπων.
2653 4965 2928 5029 Hcrvetus,
2977 4968 3190 5020 brevius
3236 4976 3288 5020 et
3329 5018 3339 5026 ,

1765 5038 2063 5097 obscurius,
2093 5053 2249 5105 quam
2303 5056 2394 5106 par
2435 5045 2602 5106 esset,
2629 5037 2698 5088 ita
2744 5038 2924 5101 vertit,
2955 5048 3010 5089 ut
3036 5045 3096 5089 η
3125 5037 3286 5087 homi-

1765 5107 1911 5160 nibus
1937 5122 2107 5158 omnes
2136 5106 2300 5161 erci
2331 5118 2376 5158 et
2402 5105 2626 5159 barbari.

1835 5175 1942 5244 (18)
1983 5176 2280 5242 Νομάδων.
2334 5176 2622 5244 Pascuales
2666 5173 2936 5237 homines,
2987 5184 3076 5227 aut
3131 5176 3284 5226 etiam

1763 5242 2020 5300 nomadas
2056 5246 2343 5313 intelligere
2372 5251 2558 5313 potest.
2587 5242 2751 5312 Elige.

1833 5314 1940 5385 (19)
1978 5315 2172 5385 Ἐῳον.
2201 5311 2440 5385 Clemens
2458 5354 2472 5376 ,
2498 5311 2641 5380 ἑῴων
2661 5311 2690 5374 ,⁷
2710 5314 2812 5366 πᾶν
2832 5314 2886 5365 δὲ
2917 5311 3172 5379 ἑσπερίων
3199 5313 3287 5363 ἀν-

1762 5384 2001 5454 τόμενον,
2039 5384 2069 5453 ἢ
2106 5384 2307 5454 βόρειόν
2327 5399 2411 5454 τε,
2447 5390 2547 5454 etc.

1852 5453 1941 5516 ΞΟ)
1977 5448 2473 5528 Εὐὲργὲτημᾲτων.
2515 5453 2760 5506 Clemens
2815 5461 2866 5504 et
2905 5465 3007 5528 ms.
3055 5448 3279 5512 Euseb.,

1763 5524 2170 5591 ἐνεργημάτων,
2216 5532 2497 5589 utrumque
2538 5531 2772 5585 rectum;
2817 5524 3077 5587 posterius
3110 5528 3286 5572 tamen

1764 5601 2124 5666 secutus_sum
2157 5593 2394 5666 etmagis
2430 5593 2612 5658 probo.
2740 5658 2751 5666 ‘
2954 5656 3004 5666 Ν
3115 5657 3124 5666 _

1833 5660 1938 5728 (21)
1966 5655 2607 5726 Προνομίαν.’(ὶιθὶητ..ις,
2653 5658 2917 5727 πρόνοιαν.
2954 5656 3153 5711 Placuit
3181 5655 3286 5710 Eu-

1763 5731 1959 5785 sebius.
2128 5741 2131 5743 ’
