4010 6342
133 450 268 504 ΠΗ

1247 451 1551 507 ΡΒᾹΞΡΑΒ.
1593 451 1835 508 EVANG.
1877 451 2000 506 LIB.
2044 451 2168 507 ειη.

3181 450 3198 502 ί
3220 450 3313 505 M9.

131 567 244 620 τῶν
281 567 566 637 Ἀθηναίων
595 569 991 642 συνωθούμενον
1012 589 1023 601 ·
1066 571 1138 635 ὼς
1174 575 1247 642 μὴ
1283 572 1677 644 διατρέπεσθαι.

1792 588 2012 641 namque
2040 586 2250 631 vocem,
2279 579 2386 640 qua
2416 583 2473 624 se
2503 568 2662 638 hujus
2692 567 2925 622 universi
2955 577 3227 636 parentem
3253 584 3314 621 ac

132 656 224 710 τὸν
258 659 545 730 Σωκράτην
584 661 878 730 καταϐῆναι
922 663 1094 731 φάντα
1131 664 1208 725 εἰς
1255 663 1481 735 Πειραιᾶ
1516 681 1680 734 προσ·

133 749 416 818 ευξόμενον
456 753 522 821 τῇ
567 751 692 821 θεῷ,
737 753 829 805 καὶ
873 753 969 821 τὴν
1013 752 1276 824 βὰρὸαρον
1318 755 1506 824 ἐορτὴν
1557 755 1680 816 τοὺς

135 836 358 900 πολίτας
382 839 502 892 τότε
551 839 763 911 πρῶτον
799 840 1170 903 ἐπιτελοῦντας
1209 840 1556 910 θεασόμενον,
1592 841 1682 894 καὶ

136 927 230 978 τὸν
283 927 608 998 ἀλεκτρυόνα
656 928 734 999 τῷ
774 929 1080 1000 ’Δσκληπιῷ
1121 929 1276 982 θῦσαι
1327 929 1682 1001 ὁμολογοῦντα

139 1017 456 1085 προστάξαι,
486 1018 576 1070 τόν
607 1035 665 1070 τε
711 1020 934 1089 πάτριον
969 1019 1226 1090 Ἐλλήνων
1269 1019 1554 1091 ἐξηγητὴν,
1594 1023 1681 1073 τὸν

138 1107 504 1175 ἐγκαθήμενον
544 1109 604 1159 ὲν
649 1108 865 1176 Δελφοῖς
894 1110 1116 1180 δαίμονα
1149 1109 1443 1172 θειάζοντα.
1470 1109 1562 1162 Διὸ
1592 1111 1682 1162 καὶ

136 1197 359 1260 εἰκότως
403 1199 498 1268 τῆς
555 1199 874 1268 ἀφιλοσόφου
923 1201 1154 1272 πληθύος
1203 1202 1298 1271 τὴν
1352 1202 1527 1254 αἰτίαν
1585 1201 1680 1270 τῆς

135 1287 520 1358 δεισιδαίμονος
554 1291 757 1362 πλάνης
779 1291 1133 1362 ἐπιγράψαιτο
1164 1292 1246 1344 ἄν.
1274 1292 1523 1344 ’Δνάλαὸε
1554 1293 1700 1361 γοῦν.

139 1377 370 1450 σμικρὸν
397 1378 599 1432 ἄνωθεν
633 1379 722 1432 τὸν
753 1379 925 1447 λόγον,
960 1382 1050 1432 καὶ
1077 1380 1173 1432 θέα
1207 1374 1293 1431 οἷὰ
1320 1395 1398 1431 σοι
1432 1380 1459 1431 ό
1486 1380 1682 1432 πάνσο-·

139 1483 256 1532 φος,
298 1468 432 1536 μετὰ
464 1470 561 1532 τὰς
592 1471 1033 1540 ἁσωμάτουίκαὶ
1063 1471 1364 1541 ἀφθάρτους
1394 1469 1560 1532 ἰδέας,
1595 1472 1686 1522 καὶ

141 1559 279 1628 μετὰ
290 1558 416 1611 Θεὸν
434 1559 660 1629 πρῶτον,
680 1563 771 1612 καὶ
787 1560 1030 1629 δεύτερον
1046 1560 1232 1621 αἴτιον,
1248 1560 1338 1612 καί
1353 1558 1489 1628 μετὰ
1501 1575 1583 1610 νοε
1593 1561 1685 1628 ρὰς

140 1647 232 1698 καὶ
277 1647 572 1710 ἀθανάτους
612 1648 794 1711 οὐσίας
821 1686 834 1710 ,
874 1649 996 1719 περὶ
1044 1648 1141 1715 τῆς
1183 1647 1478 1716 πανδήμου,
1510 1644 1683 1713 δόξης,

140 1737 474 1807 ἐνομοθέτει,
515 1738 684 1805 λέγων
712 1755 726 1768 ·
765 1757 783 1788 ι
815 1740 947 1809 Περὶ
989 1737 1044 1790 δὲ
1077 1737 1183 1790 τῶν
1216 1737 1386 1790 ἄλλων
1428 1737 1687 1807 δαιμόνων

141 1831 332 1892 εἰπεῖν,
360 1829 450 1882 καὶ
477 1829 679 1897 γνῶναι
706 1830 802 1900 τὴν
833 1830 1067 1897 γένεσιν,
1094 1829 1271 1899 μεῖξον
1307 1829 1339 1899 ἢ
1370 1829 1486 1881 καθ’
1524 1829 1684 1898 ἡμᾶς.

142 1918 458 1970 Πιστευτέον
483 1918 539 1970 δὲ
560 1921 670 1981 τοῖς
693 1910 965 1989 εἰρηκόσιν
989 1915 1311 1988 ἔμπροσθεν,
1335 1917 1574 1985 ἐκγόνοις
1597 1916 1692 1985 μὲν
1725 1908 1764 1963 Β

142 2006 280 2058 θεῶν
313 2002 482 2070 οὖσιν,
513 2009 585 2070 ὡς
617 2007 839 2076 ἔφασαν,
875 2006 1058 2075 σαφῶς
1105 2007 1158 2057 δέ
1199 2023 1297 2059 που
1330 2007 1451 2068 τοὺς
1491 2005 1692 2072 ἑαυτῶν

143 2096 433 2166 προγόνους
468 2098 680 2149 εἰδόσιν.
727 2097 1006 2150 Ἀδύνατον
1037 2091 1126 2148 οὖν
1171 2095 1304 2148 θεῶν
1345 2097 1529 2149 παισὶν
1570 2098 1695 2148 ἀπι-

146 2191 318 2250 στεῖν,
354 2189 549 2258 καίπερ
589 2189 714 2242 ἄνευ
749 2189 970 2240 εἰκότων
1004 2189 1095 2240 καὶ
1137 2177 1443 2255 ἀναγκαίων
1486 2188 1695 2241 ἀποδεί-

146 2279 277 2341 ξεων
323 2279 566 2346 λέγουσιν
587 2297 598 2308 ·
646 2279 758 2333 ἀλλ’
788 2279 861 2341 ὡς
897 2282 1067 2332 οἰκεῖα
1097 2279 1388 2346 φάσκουσιν
1424 2279 1694 2346 ἀπαγγέλ-

145 2369 292 2435 λειν,
349 2371 640 2440 ἑπομένους
699 2371 776 2440 τῷ
829 2372 973 2440 νόμῳ
1025 2369 1350 2423 πιστευτέον.
1379 2369 1562 2431 Οὕτως
1604 2367 1693 2422 οὖν

147 2465 263 2513 κατ’
304 2463 537 2524 ἐκείνους
568 2465 698 2532 ἡμῖν
730 2466 762 2532 ὴ
801 2463 1008 2530 γένεσις
1040 2464 1164 2531 περὶ
1198 2463 1396 2516 τούτων
1429 2463 1534 2515 τῶν
1561 2463 1693 2515 θεῶν

148 2552 346 2624 ἐχέτω,
378 2555 469 2605 καὶ
501 2553 763 2622 λεγέσθω·
821 2556 924 2624 Γῆς
956 2572 1012 2606 τε
1034 2593 1048 2617 ,
1097 2557 1187 2608 καὶ
1235 2555 1469 2625 Οὐρανοῦ
1514 2556 1694 2616 παῖδες

159 2645 402 2708 Ὠκεανός
421 2665 478 2700 τε
506 2648 599 2700 καὶ
629 2647 804 2716 Τηθὺς
833 2649 1114 2718 ἐγενέσθην
1136 2667 1148 2678 ·
1174 2648 1370 2700 τούτων
1392 2648 1446 2700 δὲ
1467 2649 1692 2717 Φόρκυς,

148 2741 348 2809 Κρόνος
369 2758 446 2802 τε,
483 2742 573 2793 καὶ
617 2742 773 2801 Ῥέα.
829 2743 917 2794 καί
943 2743 1054 2796 ὅσοι
1098 2743 1231 2811 μετὰ
1269 2743 1498 2796 τούτων·
1539 2744 1600 2794 ἐκ
1631 2743 1684 2793 δὲ

150 2829 353 2899 Κρόνου
387 2831 668 2893 καὶῬὲας,
708 2831 860 2892 Ζεὺς,
892 2831 1037 2901 ’Ἡρα
1065 2848 1146 2893 τε,
1181 2832 1274 2884 καὶ
1302 2831 1516 2893 πάντες,
1545 2832 1693 2892 ὅσους,

150 2920 303 2989 ἴσμεν
334 2923 537 2984 πάντας
588 2921 846 2988 ἀδελφοὺς
905 2920 1224 2991 λεγομένους
1275 2914 1478 2981 αὐτῶν,
1522 2920 1598 2972 ἔτι
1639 2937 1696 2972 τε

149 3015 271 3076 τοὺς
301 3014 503 3067 τούτων
549 3013 734 3075 ἄλλους
771 3015 1040 3079 ἐκγόνους.
1079 3031 1095 3062 ι
1142 3011 1236 3064 Διά
1264 3013 1326 3081 δὴ
1360 3010 1531 3065 ταῦτα
1567 3013 1698 3064 άπο-

152 3103 392 3180 λειπτέος
425 3107 552 3174 ἡμῖν
581 3107 608 3156 ό
631 3104 941 3172 φιλόσοφος,
975 3104 1035 3154 οὐ
1079 3101 1217 3154 κατὰ
1247 3101 1558 3169 φιλόσοφον,
1588 3102 1696 3154 οὐδ’

122 3227 124 3229 -
153 3194 308 3257 αὐτὸς
350 3195 495 3264 αὐτῷ
524 3195 823 3264 συμφώνως
845 3235 859 3256 ,
891 3195 989 3256 τὰς
1039 3192 1263 3263 μυθικὰς
1317 3192 1420 3245 τῶν
1464 3191 1694 3260 ποιητῶν

154 3284 486 3352 γενεαλογίας
515 3284 1061 3354 καὼποκρινάμενος.
1084 3282 1253 3334 Αὑτοῦ
1288 3283 1382 3351 μὲν
1406 3283 1512 3350 γὰρ
1534 3284 1694 3334 ἄκου-

157 3393 242 3430 σαι
271 3376 466 3445 φάντος
495 3377 563 3430 ἐν¹
585 3375 858 3442 Πολιτείᾳ
899 3374 1023 3426 τάδε
1045 3393 1056 3402 ·
1095 3394 1111 3422 ι
1154 3375 1239 3426 Ἐν
1270 3377 1377 3434 τοῖς
1422 3371 1690 3441 μείζοσιν,

153 3454 285 3540 ἦνδ
323 3466 452 3534 ἐγὼ,
489 3465 674 3536 μύθοις
699 3465 935 3535 ὀψόμεθα
978 3465 1069 3517 καὶ
1112 3466 1236 3527 τοὺς
1289 3464 1556 3524 ἐλάττους.
1609 3463 1698 3512 Δεῖ

157 3560 260 3628 γάρ
285 3559 348 3626 δὴ
391 3559 482 3610 τὸν
509 3557 666 3610 αὑτὸν
703 3557 870 3612 τύπον
902 3553 1068 3618 εἶναι,
1115 3554 1206 3608 καὶ
1231 3557 1420 3608 ταυτὸν
1445 3553 1697 3607 δύνασθαι

155 3649 274 3713 τούς
313 3666 374 3707 τε
420 3647 630 3718 μείζους
674 3647 767 3700 καὶ
818 3649 942 3708 τοὺς
983 3648 1253 3709 ἐλάττους.
1286 3649 1355 3699 Ἣ
1409 3647 1506 3698 οὐκ
1553 3645 1694 3707 οἴεις

157 3740 480 3806 -Ἔγωγε,
524 3737 655 3806 ἔφη’
688 3737 804 3788 ἀλλ’
828 3737 926 3789 οὐκ
956 3735 1135 3790 ἐννοῶ.
1171 3735 1288 3787 οὐδὲ
1321 3736 1444 3796 τοὺς
1484 3731 1694 3803 μείζους

157 3830 299 3893 τίνας
329 3829 523 3896 λέγεις.
544 3825 727 3888 -Οὒς
756 3824 989 3886 Ἡσίοδός
1024 3841 1080 3876 τε
1110 3826 1201 3876 καὶ
1230 3825 1488 3893 Ὄμηρος,
1524 3821 1691 3886 εἷπον,

159 3922 280 3989 ἡμῖν
308 3919 580 3986 ἐλεγέτην,
610 3918 702 3970 καὶ
735 3919 781 3968 οἰ
812 3916 954 3970 ἄλλοι
978 3915 1211 3983 ποιηταί.
1247 3911 1404 3968 Οὗτοι
1435 3917 1539 3985 γάρ
1572 3933 1690 3977 που,

162 4008 354 4077 μύθους
377 4009 585 4078 ψευδεῖς
627 4010 736 4071 τοῖς
777 4005 1074 4077 ἀνθρώποις
1111 4004 1472 4068 συντιθέντες,
1515 4007 1695 4074 ἔλεγόν

158 4116 212 4151 τε
265 4102 357 4152 καὶ
403 4100 646 4164 λέγουσι·
688 4099 755 4152 τὰ
807 4097 984 4168 μικρῷ
1039 4095 1266 4164 πρόσθεν
1322 4096 1621 4165 τεθειμένα.
1673 4116 1689 4147 ι

159 4189 318 4240 Πάλιν
345 4206 402 4241 τε
431 4185 687 4259 αὐτοῦιῆν
717 4191 807 4241 καὶ
838 4189 904 4240 τὰ
946 4187 1009 4239 δι’
1035 4180 1108 4238 ὧν
1146 4185 1342 4254 ἔφησεν
1361 4202 1372 4214 ’
1405 4204 1422 4234 ε
1466 4185 1695 4249 Ἐξαλεί-

159 4278 318 4347 ψομεν
338 4275 543 4349 ἄρα,ἦν
565 4279 609 4330 δ’
635 4277 764 4347 ἐγὼ,
783 4278 888 4331 ἀπὸ
911 4276 1060 4330 τοῦδε
1083 4274 1174 4328 τοῦ
1198 4274 1356 4336 ἔπους
1382 4272 1691 4343 ἀρξάμενοι,

162 4372 326 4423 πάντα
354 4369 418 4422 τὰ
441 4369 661 4423 τοιαῦτα
680 4387 694 4400 ο

1781 663 2079 718 molitorem
2113 675 2270 714 nosse
2297 657 2666 726 afﬁrmaverat,
2694 658 2770 712 sic
2810 669 3064 726 tanquam
3090 671 3156 711 ex
3202 656 3312 708 for-

1780 754 1989 808 nicibus
2013 753 2117 806 illis
2142 759 2329 805 nostro
2358 724 2460 803 hoc
2501 749 2628 802 orbe
2673 724 3040 816 superioribus
3064 747 3316 800 deturba-

1781 856 1916 911 tum,
1956 847 2010 898 in
2044 843 2304 897 altissima
2336 840 2445 894 Deo
2474 854 2652 894 exosa:
2683 837 2994 892 idololatria:
3038 838 3313 906 voragine,

1781 953 1905 992 cum
1941 933 2254 989 Atheniensi
2300 931 2496 1000 populo
2533 930 2785 984 volutari.
2854 930 2942 984 Sic
2987 928 3224 998 quidem,
3258 937 3319 982 ut

1781 1043 1902 1082 eum
1941 1025 2175 1080 scribere
2203 1037 2307 1076 non
2342 1021 2611 1090 puduerit,
2642 1020 2936 1083 Socratem,
2963 1034 3083 1073 cum
3108 1026 3167 1070 ut
3202 1017 3317 1085 ipse

1781 1128 1966 1174 votum
1999 1118 2110 1171 deae
2151 1123 2504 1182 nuncuparet,
2533 1123 2644 1168 tum
2690 1120 2750 1166 ut
2787 1112 3016 1164 barbaro
3045 1110 3120 1166 illi
3159 1108 3316 1174 festo,

1784 1211 1926 1282 quod
1955 1225 1983 1263 a
2017 1208 2223 1263 civibus
2260 1215 2372 1260 tum
2400 1207 2631 1274 primum
2664 1202 3052 1267 celebrabatur,
3087 1215 3319 1270 praesens

1783 1304 2082 1364 interesset,
2131 1298 2183 1350 in
2212 1297 2440 1351 Piraeum
2477 1293 2823 1349 descendisse
2850 1311 2862 1346 :
2891 1307 2988 1346 nec
3019 1291 3318 1354 erubescat,

1787 1399 1882 1444 aut
1933 1389 2182 1443 eumdem
2246 1395 2316 1459 ut
2361 1383 2676 1453 IEsculapio
2736 1384 2905 1452 gallus
2955 1381 3318 1435 immolaretur

1783 1480 2031 1554 jussisse,
2067 1477 2330 1540 confiteri,
2363 1487 2455 1530 aut
2479 1475 2772 1529 daemonem
2818 1475 2966 1527 illum
2999 1473 3212 1542 Delphis
3237 1472 3322 1525 in-

1787 1571 2068 1633 sidentem,
2112 1570 2266 1637 quasi
2313 1569 2543 1638 patrium
2577 1567 2860 1636 quemdam
2891 1564 3198 1618 Graecorum
3243 1564 3327 1616 in--

1789 1663 2103 1725 terprctem,
2159 1655 2320 1708 deum
2367 1654 2653 1724 appellare.
2693 1652 3048 1717 Quamobrem
3096 1652 3151 1706 in
3197 1667 3320 1704 eum

1785 1747 1926 1815 jure,
1982 1745 2340 1814 superstitiosi
2391 1745 2610 1808 erroris,
2668 1744 2757 1812 qui
2824 1742 3071 1796 stolidam
3134 1741 3324 1810 agebat

1790 1833 2209 1898 multitudinem,
2234 1834 2390 1902 culpa
2419 1831 2745 1887 conferatur.
2788 1831 2863 1886 Ae
2911 1830 3041 1883 mihi
3081 1839 3135 1883 tu
3167 1830 3324 1898 paulo

1792 1922 2040 1991 superius
2081 1923 2374 1975 orationem
2421 1935 2651 1981 arcesse,
2697 1935 2758 1973 ac
2789 1919 3005 1984 videsis,
3043 1934 3162 1987 quae
3203 1927 3324 1972 tan-

1791 2014 1912 2068 dem
1948 2028 2000 2066 et
2023 2013 2323 2081 cujusmodi
2365 2013 2493 2075 sint,
2518 2026 2636 2081 quae
2664 2021 2785 2079 post
2817 2012 3157 2079 incorporeas
3185 2011 3323 2072 illas,

1792 2114 1952 2172 atque
1996 2104 2263 2172 interitus
2310 2102 2484 2157 omnis
2541 2111 2785 2171 expertes
2834 2102 3000 2164 ideas,
3057 2113 3178 2171 post
3231 2100 3324 2156 Dei

1792 2195 1972 2264 primi,
2027 2195 2356 2264 secundique
2397 2195 2644 2263 principii
2681 2194 3026 2257 mentionem,
3071 2201 3190 2261 post
3218 2193 3326 2261 spi-

1793 2287 1976 2340 ritales
2007 2285 2443 2353 immortalesque
2475 2297 2717 2349 naturas,
2749 2284 2813 2336 de
2850 2283 3091 2354 populari
3121 2285 3218 2336 hac
3271 2291 3327 2337 et

1793 2377 2002 2447 publica
2034 2376 2306 2444 opinione,
2341 2374 2454 2428 suis
2508 2375 2668 2428 etiam
2728 2373 2932 2440 legibus
2989 2373 3191 2426 sancita
3237 2387 3330 2426 vo-

1794 2471 1973 2523 luerit.
2037 2467 2326 2520 «Aliorum
2373 2475 2550 2519 autem
2606 2466 2928 2527 daemonum,
2995 2464 3166 2531 inquit
3221 2463 3329 2527 ille,

1793 2560 2216 2629 procreationem
2254 2557 2340 2610 vel
2370 2555 2658 2625 explicare,
2692 2556 2770 2608 vel
2807 2570 2986 2615 nesse.
3018 2570 3103 2607 res
3137 2563 3218 2608 est
3245 2570 3334 2608 no-

1795 2663 1905 2705 stra
1941 2651 2192 2704 facultate
2219 2647 2409 2716 major.
2459 2646 2635 2711 Quare
2666 2646 2768 2699 hoc
2796 2645 2868 2697 .in
2901 2661 3110 2713 genere,
3142 2645 3334 2714 priscis

1794 2742 1900 2794 illis
1950 2740 2176 2793 testibus
2227 2738 2528 2792 adhibenda
2569 2736 2718 2799 fides,
2748 2736 2839 2804 qui
2872 2746 2930 2789 ut
2956 2734 3329 2804 Deum,.quod

1794 2833 1893 2901 ipsi
1919 2831 2088 2894 aiunt,
2115 2826 2336 2898 nepotes
2363 2838 2537 2891 erant,
2576 2829 2649 2881 ita
2680 2828 2912 2895 majores
2947 2843 3076 2882 suos
3100 2829 3334 2881 maxime

1794 2932 1953 2975 notos
2001 2922 2322 2974 habuerunt.
2400 2918 2508 2972 Nec
2573 2919 2686 2971 fieri
2742 2919 2963 2971 omnino
3025 2926 3218 2984 potest,
3277 2929 3336 2972 ut

1796 3012 1926 3065 fides
1963 3025 2148 3064 eorum
2185 3009 2308 3062 ﬁliis
2335 3008 2663 3070 detrahatur,
2689 3008 2896 3061 etiamsi
2925 3008 3086 3061 nullis
3114 3009 3336 3060 demon-

1797 3101 2147 3158 strationibus
2199 3099 2540 3162 necessariis,
2591 3113 2652 3152 ac
2687 3113 2753 3152 ne
2807 3098 3174 3166 probabilibus
3219 3098 3337 3166 qui-

1796 3193 1916 3246 dem
1954 3187 2282 3260 argumentis
2331 3189 2567 3256 ipsorum
2630 3189 2932 3242 testimonia
2991 3187 3334 3255 comproben-

1794 3292 1912 3343 tur;
1955 3280 2048 3333 sed
2099 3293 2318 3333 necesse
2354 3278 2511 3346 plane
2559 3285 2660 3340 est,
2719 3285 2777 3330 ut
2825 3277 2909 3338 iis,
2946 3277 3217 3344 quomodo
3249 3277 3332 3329 lex

1792 3371 2036 3436 imperat,
2079 3376 2333 3435 tanquam
2379 3381 2596 3418 suarum
2635 3367 2685 3418 in
2727 3381 2904 3419 rerum
2947 3379 3339 3418 commemora-

1797 3460 1940 3513 tione
1968 3458 2273 3512 credamus.
2324 3455 2539 3511 lllorum
2576 3474 2703 3528 ergo
2745 3460 2968 3513 deorum
3007 3463 3336 3528 procreatio-

1805 3563 1926 3602 nem
1967 3547 2107 3616 quod
2166 3547 2372 3610 attinet,
2434 3547 2508 3600 uti
2560 3558 2727 3614 poetae
2777 3549 3037 3609 scribunt,
3107 3549 3174 3601 ita
3239 3564 3336 3601 nos

1801 3653 2016 3707 quoque
2043 3639 2108 3692 de
2135 3653 2196 3691 ea
2229 3646 2529 3692 statuamus
2558 3654 2619 3692 ac
2649 3639 2953 3706 loquamur.
2993 3637 3171 3691 Terra:
3209 3638 3335 3692 Coe-

1797 3737 1942 3805 lique
1989 3736 2140 3790 liberi
2175 3733 2421 3788 Oceanus
2451 3745 2503 3788 et
2559 3734 2778 3804 Tethys,
2832 3735 3024 3786 horum
3075 3732 3336 3803 Phorcyn,

1800 3827 2087 3889 Saturnus,
2121 3836 2172 3880 et
2220 3826 2349 3895 Ops,
2395 3827 2682 3894 cazterique
2724 3827 2938 3879 fratres.
3001 3824 3076 3877 Ex
3109 3825 3338 3877 Saturno

1798 3917 1993 3987 et_0pe
2031 3915 2253 3986 Jupiter.
2293 3913 2452 3981 Juno,
2528 3931 2589 3969 ac
2636 3917 2847 3985 reliqui,
2896 3930 3030 3984 quos
3065 3915 3340 3980 utriusque

1802 4009 1996 4062 fratres
2071 4009 2330 4078 appellari
2397 4010 2618 4070 scimus,
2674 4008 2956 4076 procreati.
3034 4006 3205 4073 Atque
3267 4006 3340 4058 ita

1801 4101 2052 4168 deinceps
2085 4101 2148 4153 de
2185 4109 2291 4153 tota
2338 4109 2588 4166 nepotum
2637 4098 2828 4150 serie.»
2891 4096 3184 4164 Eapropter
3213 4111 3341 4149 sane

1801 4191 1887 4243 hic
1918 4190 2073 4242 nobis
2117 4189 2469 4257 philosophus
2510 4186 2895 4255 relinquendus
2941 4185 3061 4250 fuit,
3109 4188 3201 4255 qui
3245 4202 3342 4240 nec

1800 4279 1878 4331 uti
1926 4277 2302 4346 philosophum
2333 4277 2532 4338 decuit,
2577 4291 2673 4328 nec
2710 4278 2902 4329 secum
2950 4276 3064 4343 ipse
3112 4290 3340 4329 consen-

1798 4368 1961 4432 tiens,
1997 4367 2273 4422 fabulosas
2304 4368 2355 4420 in
2391 4368 2494 4421 diis
2536 4374 2812 4435 poetarum
2853 4367 3192 4436 genealogias
3221 4382 3344 4434 pro-

162 4466 566 4534 pagationesque
620 4462 906 4518 simularit.
967 4462 1100 4517 Nam
1144 4459 1345 4515 audisrs
1386 4459 1833 4528 quemadmodum
1890 4461 2026 4514 idem
2083 4463 2331 4530 loquatur
2392 4462 2442 4513 in
2504 4458 2804 4527 Republica,
2871 4458 2976 4512 «ιιι
3027 4459 3340 4526 majoribus,

161 4557 348 4627 inquit,
376 4555 566 4611 fabulis
597 4557 832 4612 minores
864 4558 1023 4612 etiam
1076 4555 1231 4610 facile
1287 4553 1599 4608 videbimus.
1651 4553 1876 4610 Necesse
1933 4558 2075 4610 enim
2129 4566 2234 4619 est,
2294 4555 2524 4624 speciem
2576 4569 2736 4608 unam
2765 4555 2997 4622 aliquam
3039 4567 3174 4615 esse,
3208 4553 3342 4604 vim-

161 4663 260 4718 que
306 4651 605 4705 minoribus
648 4662 796 4718 atque
830 4649 1253 4718 majoribusque
1312 4663 1668 4702 communem.
1731 4648 1922 4702 Annon
1970 4649 2040 4703 ita
2079 4649 2282 4702 sentis?
2313 4678 2383 4688 -—
2425 4645 2704 4716 Equidem,
2740 4647 2910 4714 inquit
2939 4642 3157 4696 illezsed
3184 4641 3343 4712 693

162 4755 361 4813 quastu
383 4745 612 4815 majores
637 4743 806 4806 dicas,
832 4757 939 4796 non
967 4744 1142 4813 capio.
1182 4769 1256 4806 -Α
1288 4741 1432 4808 Quas
1450 4740 1736 4809 Hesiodus,
1776 4744 2015 4813 inquam,
2053 4753 2212 4812 atque
2243 4739 2537 4805 Homerus,
2592 4741 2875 4806 caeterique
2911 4746 3076 4805 poetae
3111 4750 3345 4789 comme-

165 4852 391 4898 morant.
438 4842 518 4897 Illi
575 4842 718 4897 enim
756 4838 925 4895 falsas
965 4838 1278 4898 hominibus
1333 4837 1543 4893 fabulas
1591 4841 1934 4905 fcommenti.
2007 4849 2058 4894 et
2112 4838 2404 4892 narrabant
2465 4837 2590 4890 olim
2638 4835 2899 4901 hodieque
2974 4839 3214 4884 narrant.
3271 4828 3343 4881 Ea

165 4937 418 5001 videlicet,
458 4954 577 5009 qua;
612 4937 772 5008 paulo
824 4923 948 5004 ante
1003 4933 1315 4993 retulimus,
1346 4933 1595 4991 IRUI'SUS
1657 4936 1896 5004 ejusdem
1945 4943 1998 4990 et
2047 4934 2157 4989 alia
2216 4933 2305 4987 illa
2353 4940 2500 4987 sunt.
2529 4950 2547 4983 ι
2584 4929 2705 4983 Haec
2754 4927 2912 4996 igitur
2961 4925 3139 4980 omnia
3171 4923 3344 4977 delea-

167 5048 297 5096 mus,
323 5035 565 5102 inquam,
590 5034 656 5088 ab
694 5035 801 5090 isto
831 5011 989 5085 νότου
1014 5027 1352 5102 inchoantes,

225 5125 561 5193 Βουλοίμην
584 5124 685 5195 (24
710 5123 730 5195 )
753 5126 804 5176 κ’
855 5118 1184 5189 ἐπάρουρος
1229 5117 1345 5171 ἐὼν
1383 5119 1692 5195 θητευέμεν

1877 5115 2065 5171 Malim
2100 5115 2335 5184 equidem
2365 5113 2522 5166 cuivis
2556 5109 2649 5160 alii
2679 5109 2869 5162 servire
2895 5108 3122 5161 colonus.
3159 5126 3183 5156 ι.

273 5204 275 5206 ’
1600 5208 1631 5243 ›.
1648 5209 1665 5239 ι

168 5287 264 5339 Καὶ
293 5285 357 5338 τὰ
380 5285 522 5353 ἐξῆς·
554 5284 619 5336 δι’
649 5277 722 5337 ὧν
753 5302 812 5336 τε
839 5281 1072 5347 ἐπιλέγει
1101 5298 1116 5334 τ
1149 5296 1166 5326 ε
1187 5277 1350 5330 Πάλιν
1368 5188 1692 5348 δὴῐᾳὸῗξρου

1805 5244 2015 5344 inqua
2041 5283 2355 5342 sequuntur.
2425 5268 2558 5322 Tum
2610 5268 2724 5322 haec
2755 5275 3008 5336 praeterea
3055 5276 3168 5330 qua:
3215 5262 3343 5314 sub-

168 5352 578 5447 remeassem
608 5375 714 5428 τῶν
743 5375 912 5430 ἄλλων
939 5371 1190 5445 ποιητῶν,
1227 5369 1301 5438 μὴ
1329 5371 1498 5434 ποιεῖν
1531 5369 1692 5438 ’Δχιλ-

1801 5366 2067 5438 jungit-.4
2098 5365 2292 5418 lterum
2350 5361 2418 5414 ab
2460 5359 2716 5422 Homero,
2781 5356 2973 5424 inquit,
3034 5352 3346 5419 caeterisque

169 5468 254 5522 λέα
284 5469 419 5530 Θεᾶς
452 5467 633 5527 παῖδα,

174 5559 397 5616 Ἀλλοτ⁹
429 5558 537 5629 (35)
568 5556 666 5610 ἐπὶ
707 5539 969 5622 πλευράς
997 5552 1468 5671 κατακείμενοξὼ
1486 5547 1703 5671 ﬁgite

1384 5633 1441 5690 {0'
1461 5633 1468 5638 '
1492 5633 1634 5672 autc

174 5701 194 5717 "
207 5704 426 5755 Υπτιογ.
441 5719 457 5751 ι

237 5797 341 5866 (ει)
390 5794 742 5866 Βουλοίμην.
787 5789 1045 5866 Homerus
1110 5787 1385 5853 0dyss.'A
1412 5825 1426 5848 ,
1471 5799 1521 5838 γ.
1575 5781 1697 5835 688.

176 5861 393 5923 Achilles
427 5866 568 5935 apud
600 5861 798 5918 inferos
827 5861 1082 5918 louuitur.

1807 5456 1982 5526 poetis
2007 5455 2389 5526 flagitabimus,
2418 5449 2499 5505 uti
2524 5465 2591 5504 ne
2613 5447 2870 5503 Achillem
2899 5446 2996 5498 dea
3030 5444 3205 5495 'satum
3244 5438 3345 5492 fin-

1809 5559 1956 5620 μοι,

1819 5659 1974 5716 Nunc
1997 5662 2049 5712 in
2079 5671 2352 5726 utrumque
2375 5655 2533 5720 latus,
2569 5657 2774 5706 nunc'ct
2797 5647 3026 5716 jacuisse
3050 5645 3343 5713 supinuma

1880 5779 1990 5849 (‘25)
2023 5774 2268 5830 Ἀ.ι.ἰοτ’.
2306 5772 2460 5826 Iliad.
2496 5772 2554 5833 Ω,
2588 5785 2648 5820 v.-
2672 5764 2748 5817 l0.
