4010 6342
841 460 974 515 1H3
1451 467 1713 523 EUSEBII
1749 471 2214 526 CASSAIHENSIS
2249 473 2395 526 OPP.
2437 473 2610 528 PARS
2646 474 2711 531 ll.
2750 507 2817 515 ——
2852 476 3337 534 APOLOGETICA.
3847 482 3940 533 litt

840 574 901 628 Et
931 589 1137 630 caatcra.
1180 578 1383 644 Quibus
1416 583 1487 637 ita
1523 586 1721 660 subdit,
1757 605 1773 636 ι
1800 587 1905 639 Aut
1927 586 2131 651 Jovem,
2166 588 2340 655 inquit

2465 589 2570 641 Καὶ
2598 590 2663 640 τὰ
2690 591 2889 654 τούτοις
2922 593 3175 661 ἑπόμενα.
3207 587 3300 654 Οἷς
3330 593 3520 659 ἐπάγει
3539 609 3553 623 ο
3589 610 3607 641 r
3629 593 3700 643 Ἦ
3737 594 3851 653 Δία,
3877 613 3940 645 n-

840 668 1223 723 dormicntibus
1270 674 1493 737 czeteris,
1541 684 1648 728 tam
1679 676 1803 739 diis,
1841 692 2001 745 quam
2036 678 2346 732 hominibus

2463 678 2746 731 θευδόντων
2775 682 2879 733 τῶν
2909 682 3076 734 ἄλλων
3104 682 3237 736 θεῶν
3258 700 3315 735 τε
3340 683 3431 734 καὶ
3457 682 3775 753 ἀνθρώπων,
3802 684 3862 744 ὡς
3887 686 3940 749 μὰ

839 772 957 821 qua:
980 759 1125 812 solus
1169 761 1395 830 vigilans
1441 779 1621 818 secum
1687 768 1798 834 ipse
1850 776 2126 830 statuerat,
2176 783 2346 821 eorun

2462 785 2547 831 νος
2573 770 2879 841 ἐγρηγορὼς
2897 771 2932 825 ἃ
2951 771 3311 837 ἐϐουλεύσατο,
3335 772 3534 824 τούτων
3562 772 3777 823 πάντων
3799 773 3939 841 ῥᾳδία

839 846 992 898 facile
1025 850 1263 903 omnium
1294 854 1342 905 vi
1387 857 1616 921 quadam
1667 857 1900 910 libidinis
1944 858 2219 926 impotenti
2253 874 2346 911 me-

2461 858 2854 929 ἐπιλαθόμενον,
2879 861 2961 914 διὰ
2984 862 3077 931 τὴν
3102 861 3207 913 τῶν
3222 862 3535 932 ἀφροδισίων
3557 860 3860 928 ἐπιθυμίαν·
3880 866 3937 913 n‘:

837 936 1060 989 moriam
1114 942 1439 1007 excussisse;
1483 944 1659 1011 itaque
1707 941 1934 996 Juuouis
1979 953 2193 1010 aspectu
2238 958 2346 1010 per!

2460 946 2626 1009 οὕτως
2654 949 2981 1016 ἐκπλαγέντα
3015 950 3183 1001 ἰδόντα
3207 950 3301 1019 τὴν
3333 951 3505 1019 Ἥραν
3523 989 3536 1011 ,
3580 949 3722 1001 ὥστε
3757 951 3860 1018 μηδ’
3890 954 3939 1011 εἰς

835 1024 1042 1078 (.ulsum
1079 1043 1215 1090 esse,
1253 1038 1404 1084 utne
1432 1032 1647 1085 domum
1694 1033 1908 1101 quidem
1961 1042 2215 1101 repetere,
2269 1049 2346 1086 sec

2458 1037 2518 1088 τὸ
2546 1037 2805 1107 δωμάτιον
2852 1039 3050 1091 ἐθέλειν
3090 1040 3292 1101 ἐλθεῖν,
3339 1041 3451 1092 ἀλλ’
3484 1039 3645 1092 αὑτοῦ
3679 1039 3937 1108 βουλὸμειογ

836 1115 887 1165 in
913 1117 1095 1170 eodem
1148 1120 1263 1187 ipso
1298 1123 1435 1183 loco,
1473 1124 1641 1187 humi,
1691 1133 1749 1177 ut
1786 1125 1990 1177 alaudre
2036 1126 2230 1189 solent,
2272 1141 2346 1177 vo

2459 1129 2629 1197 χαμαὶ
2672 1129 3005 1196 συγγίνεσθαι
3032 1130 3249 1199 κορύδου
3276 1130 3455 1200 δίκην
3490 1131 3583 1181 καὶ
3616 1130 3855 1194 λέγοντα,
3890 1132 3939 1189 ὡς

833 1204 1017 1271 Iuptati
1050 1210 1251 1264 servire
1300 1213 1554 1275 voluerit;
1605 1229 1726 1267 cum
1774 1230 1892 1267 eam
1938 1230 1997 1267 se
2044 1216 2346 1284 cupiditatis

2456 1218 2623 1281 οὕτως
2647 1219 2747 1271 ὑπὸ
2762 1220 3043 1288 ἐπιθυμίας
3065 1220 3261 1290 ἔχεται,
3282 1220 3355 1281 ὡς
3373 1219 3489 1271 οὐδὲ
3508 1220 3595 1270 ὅτε
3617 1218 3820 1287 πρῶτον
3838 1219 3938 1282 έῖνθί·

2455 1325 2560 1360 των
2604 1308 2736 1379 πρὸς
2778 1309 3065 1378 ἀλλήλους,
3112 1310 3294 1377 φίλους
3332 1309 3544 1378 λήθοντε
3590 1309 3822 1375 τοκῆας·

2458 1398 2662 1465 Ἀρεως
2680 1414 2738 1448 τε
2756 1397 2863 1467 (26)
2884 1398 2976 1451 καὶ
3003 1398 3310 1467 ’ᾼφροὸίτης
3328 1397 3430 1449 ὑπὸ
3454 1396 3745 1463 Ἡφαίστου
3764 1395 3935 1462 δεσμόν·

2452 1485 2725 1557 οὐδέτερα
2742 1486 2975 1539 τοιαῦτα.
2990 1507 3007 1537 ι
3027 1480 3124 1537 Ὧν
3143 1486 3321 1538 τοῦτον
3347 1486 3436 1538 τὸν
3452 1487 3649 1555 τρόπον
3670 1486 3937 1554 εἰρημωλ,

2452 1576 2503 1627 τί
2525 1577 2654 1645 δῆτα
2687 1576 2921 1645 βούλεται
2952 1577 3152 1646 αὐτῷή
3187 1576 3321 1646 μετᾶ
3350 1575 3519 1628 ταῦτα
3546 1576 3719 1643 φωνὴ,
3741 1576 3850 1633 τοὺς
3870 1575 3938 1641 μὲν
3992 1602 3993 1635 γ

2452 1667 2674 1734 ποιητὰς
2698 1658 2828 1717 θεῶν
2859 1666 3047 1728 παῖδας
3070 1667 3419 1736 ὀνομάζουσα,
3450 1666 3541 1717 καὶ
3565 1666 3629 1716 τό
3648 1682 3707 1715 τε
3733 1664 3831 1729 (‘27)
3849 1664 3938 1714 ἀπι-
3992 1684 3993 1729 γ

826 1739 953 1803 vult,
991 1742 1133 1808 quod
1177 1753 1357 1811 poetas
1399 1745 1620 1798 deorum
1670 1746 1866 1799 liberos
1912 1746 2139 1800 subinde
2173 1759 2346 1814 vocat,

2453 1760 2593 1808 στεῖν
2633 1758 2811 1817 αὐτοῖς
2846 1755 3097 1809 ἀδύνατον
3138 1752 3271 1808 εἶναι
3302 1758 3556 1825 φήσασα,
3612 1757 3805 1825 καίπερ
3847 1755 3937 1805 ἄνει
3992 1782 3993 1785 η

824 1829 1043 1897 ﬁerique
1090 1842 1244 1902 negat
1268 1848 1443 1901 posse,
1477 1835 1605 1907 quin
1634 1834 1761 1888 ﬁdes
1798 1835 1863 1889 iis
1897 1837 2176 1902 habeatur,
2227 1854 2346 1893 cum

2449 1847 2665 1898 εἰκότων
2697 1848 2787 1898 καὶ
2817 1846 3119 1913 ἀναγκαίων
3146 1848 3337 1909 αὐτοὺς
3367 1844 3689 1909 ἀποδείξεων
3714 1846 3939 1909 τοὺςπερὶ
3992 1854 3993 1857 ‘

822 1920 1042 1988 ipsemet
1075 1923 1170 1976 bas
1208 1924 1274 1977 ab
1297 1924 1401 1977 illis
1430 1904 1629 1993 absque
1662 1926 1768 1978 ulla
1800 1927 1884 1980 vel
1911 1930 2236 1991 necessaria,
2264 1931 2346 1984 vel

2449 1934 2582 1986 θεῶν
2617 1934 2810 2003 μύθους
2837 1904 3001 1987 πάλαι
3027 1934 3137 2004 (28)
3175 1904 3592 2006 μαρτῦραμένης
3627 1935 3691 1985 Τί
3724 1935 3777 1985 δὲ
3800 1904 3940 2001 ἠὼ
3992 1948 3993 1999 ;

831 1297 935 1348 vim
970 1300 1165 1353 sentire
1185 1299 1403 1367 diceret,
1436 1319 1593 1371 quam
1628 1320 1692 1357 ne
1726 1315 1834 1356 tum
1870 1305 2083 1381 quidem
2109 1315 2251 1359 esset
2270 1322 2360 1359 ex-

830 1394 1031 1449 pertus,
1066 1402 1183 1439 cum
1224 1388 1361 1443 inter
1394 1406 1509 1443 sese
1549 1392 1778 1460 primum
1818 1387 2196 1454 convenerant,
2223 1394 2388 1446 clm--

827 1486 1007 1525 t'orum
1045 1475 1193 1528 obliti
1219 1487 1496 1544 parentum
1526 1496 1540 1532 :
1576 1494 1672 1533 nec
1712 1480 1924 1533 vincula
1960 1479 2114 1533 Marli
2156 1495 2217 1534 ac
2250 1480 2353 1533 Ve-

826 1562 938 1612 neri
985 1578 1013 1614 a
1060 1562 1298 1619 Vulcano
1352 1567 1564 1635 injecta,
1611 1584 1706 1623 nec
1753 1570 1895 1622 aliud
1945 1571 2233 1638 quidquam
2298 1572 2349 1625 id

826 1663 1045 1713 genus.»
1102 1651 1230 1716 Quae
1254 1669 1373 1707 cum
1409 1655 1518 1723 ipse
1549 1655 1791 1717 dixisset,
1816 1657 1945 1724 quid
1984 1658 2200 1709 tandem
2247 1658 2349 1710 sibi

823 2012 1085 2079 probabili
1124 2015 1595 2078 demonstratione,
1635 2017 1889 2071 conﬁctas
1926 2018 2149 2072 deorum
2193 2018 2348 2073 fabu-

820 2106 899 2155 las
930 2119 1047 2157 esse
1092 2106 1355 2158 testetur?
1397 2105 1535 2169 Quid
1590 2118 1766 2159 autem
1813 2107 2205 2161 inconsiderata
2257 2109 2347 2161 illa

822 2193 971 2255 ﬁdes,
1007 2210 1167 2261 quam
1194 2196 1353 2249 etiam
1386 2197 1557 2266 legum
1589 2206 1728 2250 metu
1760 2205 1965 2264 septam
1996 2213 2059 2251 ac
2087 2200 2345 2252 munitam

820 2298 937 2335 esse
958 2286 1155 2338 voluit?
1180 2286 1280 2351 Qui
1312 2304 1493 2341 verum
1526 2297 1798 2356 praeterea,
1826 2289 2046 2341 deorum
2078 2290 2347 2359 principes

819 2372 1024 2427 Caelum
1050 2392 1111 2429 ac
1128 2376 1346 2431 Terram
1366 2395 1502 2440 esse,
1526 2388 1635 2432 tum
1663 2395 1846 2433 eorum
1867 2380 2057 2434 deinde
2081 2382 2341 2445 sobolem,

818 2462 1107 2530 Oceanum,
1142 2467 1371 2538 Tethyn,
1428 2470 1742 2535 Saturnum,
1774 2470 1962 2539 Opem,
1993 2470 2198 2537 Jovem,
2242 2488 2317 2527 cae

820 2564 1065 2623 terosque
1108 2555 1356 2624 deinceps
1412 2572 1619 2619 omnes,
1660 2556 1947 2619 Iunonem,
1983 2567 2037 2612 et
2084 2569 2345 2628 quotquot

816 2642 1077 2698 Homerus
1115 2654 1272 2713 atque
1301 2644 1583 2711 Hesiodus,
1612 2650 1834 2702 istorum
1874 2649 2092 2711 liberos,
2154 2649 2345 2706 fratres

816 2748 878 2786 ac
917 2744 1136 2803 nepotes
1169 2735 1501 2801 fabulantur,
1544 2753 1665 2791 cum
1722 2739 1808 2791 illa
1866 2741 1982 2807 ipsa
2034 2750 2336 2798 commenta

816 2824 1055 2880 funditus
1081 2828 1163 2880 his
1199 2829 1376 2883 verbis
1423 2830 1728 2883 sustulerit.
1797 2829 1934 2882 «Cui
1981 2845 2100 2899 ego,
2146 2831 2340 2900 inquit,

815 2916 959 2982 quod
982 2924 1035 2970 et
1064 2917 1315 2985 primum,
1355 2928 1408 2971 et
1430 2919 1667 2972 omnium
1706 2920 1938 2974 maxime
1960 2923 2344 2989 reprehenden-

812 3003 939 3057 dum
964 3016 1065 3071 est,
1097 3009 1388 3074 presertim
1421 3008 1508 3061 ubi
1538 3009 1659 3075 quis
1680 3024 1784 3060 non
1820 3018 1961 3062 recte
1978 3011 2280 3064 mentiatur.
2318 3030 2338 3062 ›

810 3125 883 3135 —-
910 3096 1046 3161 Quid
1094 3098 1220 3151 illud
1262 3098 1462 3167 porro?
1502 3126 1573 3137 —-
1624 3098 1722 3151 Ubi
1770 3100 1893 3167 quis
1937 3101 2073 3153 male
2120 3100 2337 3154 deorum

812 3189 1142 3254 lieroumque
1170 3197 1416 3239 naturam
1439 3188 1677 3240 oratione
1719 3197 2085 3255 repraesentat,
2118 3190 2341 3256 perinde
2368 3229 2409 3287 ο

809 3287 869 3331 ut
923 3278 1092 3345 pictor
1141 3277 1360 3337 faceret,
1402 3277 1491 3344 qui
1550 3277 1793 3329 tabellam
1852 3280 1900 3330 ei
1952 3279 2030 3332 rei
2069 3281 2213 3334 nulla
2269 3297 2336 3336 ex

808 3378 957 3435 parte
987 3366 1209 3419 similem
1241 3363 1403 3435 694
1444 3365 1701 3433 pingeret,
1744 3381 1905 3434 quam
1956 3367 2203 3435 penicillo
2243 3385 2336 3422 ex-

809 3462 1143 3529 primendam
1209 3461 1551 3528 suscepisset.
1620 3458 1875 3527 Itemque,
1928 3460 2195 3524 primum,
2256 3462 2337 3515 in-

810 3566 993 3619 quam,
1026 3550 1321 3603 maximum
1348 3549 1497 3612 illud,
1528 3548 1885 3618 maximisque
1907 3550 1973 3604 de
2003 3552 2164 3606 rebus
2186 3567 2337 3607 men-

808 3644 1040 3706 dacium,
1102 3642 1194 3711 qui
1233 3640 1472 3695 narravit
1536 3638 1816 3704 Hesiodus,
1893 3640 2020 3707 quid
2083 3641 2331 3695 videlicet

808 3748 984 3788 actum
1013 3750 1044 3787 a
1072 3733 1222 3788 Caelo
1257 3731 1436 3795 fuerit,
1464 3746 1733 3800 quamque
1762 3730 1996 3785 vicissim
2043 3732 2091 3784 ei
2126 3747 2337 3799 pmnam

805 3819 1073 3877 Saturnus
1120 3822 1434 3890 reposuerit,
1461 3836 1736 3891 perperam
1762 3821 1981 3874 omnino
2008 3820 2296 3876 conﬁnxit.
2314 3841 2333 3875 ›

807 3912 870 3966 Et
902 3928 1022 3982 qua:
1061 3922 1380 3981 sequuntur.
1426 3910 1527 3977 Qui
1578 3913 1788 3965 tandem
1818 3912 2029 3977 amabo,
2054 3928 2216 3981 squos
2245 3915 2333 3968 hic

2445 2041 2538 2091 γος
2568 2024 2735 2076 ἐθέλει
2762 2025 2936 2087 πίστις
2954 2066 2966 2086 ,
2993 2024 3097 2077 δέει
3117 2025 3214 2093 τῆς
3240 2025 3343 2077 ἀπὸ
3372 2026 3477 2076 τῶν
3509 2025 3688 2093 νόμων
3718 2022 3939 2092 τιμωρίας
3992 2026 3993 2089 γ

2445 2115 2866 2185 προϐεόλημένης
2894 2116 3014 2177 Πῶς
3038 2116 3092 2167 δὲ
3123 2115 3258 2168 θεῶν
3281 2117 3502 2186 οὐρανὸς
3534 2116 3627 2167 καὶ
3658 2115 3727 2183 γῆ
3759 2113 3939 2182 πρῶτοι,
3992 2102 3993 2157 ἶ

2444 2204 2629 2256 ἔπειτα
2654 2204 2851 2255 τούτων
2880 2205 3114 2271 ἔγγονοι,
3158 2206 3433 2268 Ὠκεανὸς,
3474 2206 3566 2257 καὶ
3598 2204 3805 2273 Τηθὺς,
3834 2204 3940 2271 Κρό-
3992 2208 3993 2275 ξ

2439 2290 2530 2354 ’νος
2555 2310 2643 2356 τε,
2687 2294 2779 2343 καὶ
2816 2294 2969 2354 Ῥέα,
3003 2294 3093 2345 καὶ
3120 2295 3282 2356 Ζεὺς,
3314 2293 3446 2363 μετὰ
3469 2293 3687 2355 τούτους
3720 2294 3938 2351 ἅπαντας.
3992 2294 3993 2309 ³

2446 2383 2588 2452 Ἥρα
2613 2400 2702 2445 τε,
2732 2383 2823 2435 καὶ
2858 2384 3051 2445 πάντες
3084 2384 3133 2434 οἰ
3170 2384 3305 2452 πρὸς
3342 2384 3572 2451 Ὀμήρου
3609 2383 3704 2434 καὶ
3743 2382 3937 2433 Ἡσιόδου

2446 2470 2790 2539 μυθευόμενοι
2824 2473 3006 2533 παῖδες
3033 2472 3120 2523 καὶ
3145 2471 3375 2539 ἀδελφοὶ,
3410 2472 3501 2523 καὶ
3526 2470 3735 2539 ἔγγονοι
3756 2472 3938 2526 τούτων

2441 2558 2598 2611 ὁπότε
2624 2560 2790 2612 ταῦτα
2816 2561 2953 2611 αὐτὰ
2975 2562 3159 2631 ἀνῄρει
3181 2561 3348 2628 λέγων
3367 2578 3380 2590 ·
3426 2562 3651 2631 ιὈπερ,
3682 2557 3751 2630 ἦν
3772 2561 3812 2611 δ⁴
3840 2560 3935 2625 ἐγὼ.

2443 2653 2544 2724 χρὴ
2567 2653 2774 2725 πρῶτυν
2798 2655 2888 2706 καὶ
2912 2654 3135 2723 μάλιστα
3158 2655 3479 2723 μέμφεσθαι,
3501 2654 3671 2715 ἄλλως
3688 2672 3747 2705 τε
3776 2656 3853 2705 καὶ
3870 2654 3939 2702 ἐὰν

2441 2762 2522 2807 τις
2556 2745 2627 2814 μὴ
2654 2744 2827 2807 καλῶς
2852 2745 3124 2815 ψεύδηται.
3150 2777 3215 2785 -
3235 2746 3296 2797 Τί
3322 2745 3506 2809 τοῦτο;
3535 2776 3603 2784 -
3637 2746 3800 2796 Ὅταν
3824 2745 3938 2795 εἰκά-

2442 2835 2509 2907 ζῃ
2529 2852 2609 2897 τις
2636 2835 2815 2898 κακῶς
2843 2834 2921 2904 τῷ
2950 2835 3086 2905 λόγῳ
3117 2837 3243 2906 περὶ
3275 2835 3408 2887 θεῶν
3428 2852 3486 2888 τε
3514 2836 3608 2887 καὶ
3864 2828 3940 2885 (id
3992 2822 3993 2855 έ

2441 2929 2605 2989 εἰσιν,
2645 2924 2829 2994 ὥσπερ
2867 2928 3102 2995 γραφεὺς
3132 2926 3290 2995 μηδὲν
3315 2927 3521 2978 ἐοικότα
3551 2914 3774 2995 γράφων
3800 2919 3868 2984 οἷς
3892 2923 3939 2973 ἂν

2440 3016 2593 3084 ὃμοια
2620 3014 2844 3085 βουληθῇ
2877 3016 3106 3086 γράψαν
3128 3034 3146 3066 ι
3195 3017 3284 3068 καὶ
3309 3015 3491 3069 πάλιν·
3553 3034 3571 3065 ι
3596 3015 3812 3083 Πρῶτον
3848 3016 3941 3083 μὲν.

2440 3100 2506 3173 ἦν
2529 3103 2570 3155 δ’
2597 3103 2703 3169 ἐγὼ
2721 3143 2735 3166 ,
2782 3105 2841 3157 τὸ
2871 3106 3115 3174 μέγιστον
3143 3104 3331 3173 ψεῦδος
3352 3146 3366 3170 ,
3399 3105 3428 3157 ὃ
3458 3104 3624 3157 εἰπὼν
3648 3144 3663 3167 ,
3708 3107 3767 3158 οὐ
3796 3103 3939 3163 καλῶς

2442 3193 2731 3262 ἐψεύσατο,
2776 3194 2850 3257 ὡς
2878 3196 3113 3266 οὐρανός
3144 3213 3202 3247 τε
3233 3196 3515 3266 εἰργάσατο
3539 3237 3553 3261 ,
3586 3197 3755 3265 ἀφῆσι
3783 3196 3939 3265 δρᾶσαι

2441 3284 2598 3335 αὑτὸν
2635 3272 2894 3347 Ἡσίοδος,
2928 3286 2956 3337 ὅ
2977 3302 3035 3337 τε
3064 3282 3130 3337 αὖ
3161 3285 3358 3354 Κρόνος
3384 3286 3457 3347 ὡς
3477 3287 3843 3355 ἐτιμωρήσατο
3871 3286 3941 3336 αὑσ

2435 3374 2548 3427 τόν·
2574 3394 2592 3425 ι
2630 3376 2721 3428 καὶ
2768 3376 2836 3431 τὰ
2862 3376 3064 3439 τούτοις
3091 3376 3215 3447 ἑξῆς
3230 3385 3246 3407 ·’
3278 3396 3295 3425 ι
3314 3377 3435 3439 Πῶς
3456 3378 3501 3428 οἰ
3535 3362 3628 3429 νῦν
3652 3377 3851 3446 ψευδεῖς
3875 3376 3942 3425 καὶ

2435 3467 2532 3517 οὐκ
2560 3466 2772 3535 ἀληθεῖς
2804 3470 3020 3538 ποιηταὶ
3046 3470 3201 3521 πάλιν
3230 3471 3279 3520 οἰ
3310 3469 3457 3521 αὐτοὶ
3489 3468 3623 3521 θεῶν
3653 3468 3851 3536 ἔγγονοι
3876 3466 3940 3515 λέ-

2436 3556 2596 3622 γοιντ’
2622 3556 2719 3619 iv;
2747 3575 2766 3607 ι
2810 3557 2964 3609 Ἀλλὰ
2996 3558 3099 3628 γὰρ
3130 3559 3324 3610 τούτων
3351 3558 3412 3628 δὴ
3441 3557 3594 3629 χάριν
3626 3554 3943 3613 ἀπολειπτόος

2445 3647 2541 3715 μὲν
2566 3650 2693 3716 ἡμῖν
2712 3638 2879 3712 οὗτος,
2895 3632 3002 3699 δέει
3026 3648 3249 3701 θανάτου
3268 3650 3356 3702 τὸν
3382 3649 3672 3719 Ἀθηναίων
3691 3649 3852 3716 δῆμον
3870 3662 3943 3695 κα-

2442 3735 2910 3807 θυποκρινάμενος·
2932 3740 3179 3809 τιμητέος
3194 3741 3249 3793 δὲ
3263 3741 3516 3809 Μωῡσῆς.
3538 3741 3606 3792 τά
3627 3758 3686 3792 τε
3714 3736 3943 3807 Ἐϐραίων

2441 3828 2592 3894 λόγια
2622 3828 2859 3896 καθαρᾶς
2890 3830 3172 3901 ἐξεχόμενα
3201 3833 3370 3885 διόλου
3399 3832 3497 3901 τῆς
3541 3832 3705 3899 μόνης
3744 3826 3943 3897 ἀληθσῦς

2436 3918 2527 3968 καὶ
2552 3917 2816 3981 ἀπλανοῦς
2840 3920 3128 3983 εὐσεϐείας.
3162 3921 3269 3975 Θέα
3299 3922 3360 3992 δὴ
3384 3923 3476 3974 καὶ
3502 3921 3643 3973 ἄλλο.

808 4024 974 4062 vanos
1001 4022 1062 4060 ac
1088 4006 1369 4059 mendaces
1400 4003 1646 4071 appellat,
1705 4002 1866 4056 iidem
1915 4003 2015 4071 ipsi
2054 4014 2223 4072 poeta:
2284 4007 2503 4061 deorum
2546 4018 2762 4078 nepotes
2805 4011 3135 4066 habeantur?
3168 4012 3296 4066 lure
3342 4012 3595 4065 nimirum
3657 4024 3721 4063 ac
3779 4009 3946 4060 merito

810 4100 1189 4173 relinquendus
1220 4100 1319 4152 iste
1349 4097 1521 4162 nobis,
1553 4097 1643 4165 qui
1683 4097 1871 4149 mortis
1899 4108 2044 4171 metu
2104 4098 2359 4166 populum
2398 4102 2773 4157 Atheniensem
2805 4106 3121 4161 histrionum
3175 4120 3324 4160 more
3383 4104 3751 4158 demulcebat:
3786 4104 3945 4177 observ

809 4196 1013 4247 vaudus
1036 4200 1221 4245 contra
1253 4189 1482 4259 Moyses,
1529 4196 1582 4242 et
1640 4187 2003 4256 amplectenda
2033 4177 2373 4245 Hebraeorum
2412 4194 2652 4257 oracula,
2707 4212 2824 4265 quae
2850 4198 3059 4252 sincera
3101 4212 3341 4267 prorsus,
3382 4213 3591 4267 unaque
3630 4198 3783 4264 adeo,
3812 4213 3944 4253 vera-

811 4299 931 4352 que,
981 4293 1033 4336 et
1061 4284 1129 4336 ab
1168 4283 1315 4335 omni
1348 4295 1529 4334 errore
1557 4295 1723 4333 vacua
1756 4280 1951 4348 pietate
1972 4280 2330 4349 fantecellunt.
2374 4284 2489 4339 Jam
2522 4288 2664 4342 aliud
2717 4290 2817 4343 hoc
2850 4290 3075 4343 intuere.

1390 4390 1612 4445 CAPUT
1645 4389 1761 4443 XV.

814 4508 930 4590 Noii
966 4508 1019 4556 in
1046 4505 1279 4590 omnibus
1308 4500 1563 4590 Plotinus,
1594 4500 1682 4590 sed
1718 4499 2075 4590 [Rhl-reorum,-
2109 4506 2334 4569 proban-
2368 4538 2411 4590 Β

880 4577 999 4628 dam
1024 4590 1131 4626 esse
1158 4573 1220 4622 de
1244 4572 1564 4637 spiritalibus
1592 4569 1792 4621 naturis
1822 4570 2247 4637 disputationem.

878 4684 1129 4747 Naluras,
1163 4683 1299 4735 inter
1325 4679 1545 4732 rationis
1590 4679 1897 4748 participes,
1931 4680 2155 4743 medias,
2185 4690 2339 4736 ortus

814 4774 897 4827 sui
927 4774 1245 4842 principium
1282 4770 1532 4822 habuisse
1586 4768 1789 4822 Hebraei
1841 4770 2052 4823 docent.
2116 4769 2338 4824 Easdem

816 4866 870 4917 in
900 4864 1077 4916 varios
1110 4861 1428 4927 spiritalium
1458 4858 1877 4912 substantiarum
1908 4861 2125 4914 ordines
2152 4859 2338 4913 distri-

814 4956 997 5016 butas,
1030 4953 1270 5019 spiritus,
1297 4952 1541 5012 virtutes,
1572 4946 1663 4999 Dei
1705 4949 2067 5016 administros,
2127 4951 2342 5018 angelos

816 5054 977 5113 atque
1008 5040 1355 5109 archangelos
1383 5040 1679 5093 nominant.
1725 5036 1842 5099 Quo
1868 5054 1930 5091 ex
1962 5056 2201 5100 numero,
2237 5040 2335 5108 qui

818 5140 1005 5202 suapte
1052 5130 1205 5199 culpa
1232 5130 1554 5191 ceciderunt,
1610 5129 1907 5182 diemonum
1949 5144 2014 5182 ex
2059 5131 2126 5184 iis
2151 5146 2340 5200 genus,

2930 4378 3311 4431 ΚΕΦΔΛΔΙΟΝ
3350 4377 3447 4429 ῘΕ’.

2443 4488 2568 4540 Ὅτι
2595 4489 2682 4568 μὴ
2725 4490 2979 4568 θεαθέλοτέ
3015 4486 3195 4568 eam
3220 4488 3254 4538 δ
3289 4486 3665 4568 Emathii?
3690 4488 3823 4568 {€21
3852 4486 3945 4567 τῶν

2437 4556 2665 4623 νοητῶν
2693 4556 2913 4611 οὐσιῶν
2942 4556 3236 4622 ἐφώδευσε
3271 4557 3480 4625 λόγονζ
3522 4559 3655 4612 ἀλλ’
3696 4556 3944 4626 Ἐϐραῖοί.

2519 4665 2749 4736 Ἑϐραῖοι
2780 4652 2876 4733 τὴν
2907 4666 3074 4735 μέσην
3112 4664 3215 4716 τῶν
3246 4664 3470 4733 λογικῶν
3498 4667 3654 4735 φύσιν
3682 4666 3945 4737 γεννητὴν,

2439 4752 2548 4804 ἀλλ’
2576 4755 2672 4804 οὐκ
2700 4754 2983 4821 ἀγέννητον
3008 4748 3141 4805 είναί
3172 4770 3320 4821 φασι.
3354 4753 3568 4827 Ταύτην
3601 4755 3655 4806 δὲ
3679 4758 3760 4815 εἰς
3783 4756 3947 4823 νοερᾶς

2439 4842 2617 4905 οὐσίας
2635 4842 2955 4913 διαιροῦντες
2978 4842 3053 4912 τῷ
3074 4843 3212 4914 λόγῳ
3227 4884 3241 4907 ,
3268 4840 3561 4914 πνεύματα,
3582 4845 3670 4895 καὶ
3690 4843 3942 4912 δυνάμεις.

2440 4933 2530 4983 καὶ
2555 4929 2687 4982 Θεοῦ
2712 4931 3045 5002 λειτουργοὺς
3060 4972 3074 4993 ,
3117 4932 3373 4999 ἀγγέλους
3398 4948 3456 4981 τε
3490 4930 3580 4981 καὶ
3607 4929 3947 4998 ἀρχαγγέλονς

2440 5022 2871 5093 ἐπονομάζουσιν,
2936 5026 3022 5077 Ἐκ
3061 5025 3116 5077 δὲ
3141 5026 3240 5096 τῆς
3264 5027 3463 5085 τούτων
3491 5022 3849 5085 immittite);
3872 5023 3945 5076 καὶ

2441 5116 2791 5185 παρατροπῆς
2812 5118 2873 5169 τὸ
2892 5108 3151 5194 δαιμόνιον
3172 5118 3344 5184 γένος,
3375 5114 3466 5166 καὶ
3492 5115 3597 5166 πᾶν
3623 5115 3679 5166 τὸ
3698 5116 3798 5183 τῆς
3818 5118 3943 5166 ἐναν-

2438 5206 2554 5268 τίας
2576 5209 2667 5259 καὶ
2697 5206 2967 5279 μοχθηρᾶς
2986 5208 3255 5279 ἐνεργείας
3284 5202 3417 5268 εἶδος
3449 5206 3737 5273 εἰσάγουσι.
3775 5208 3947 5272 Διόπερ

2440 5294 2557 5347 οὐδὲ
2580 5294 2729 5357 θεοὺς
2772 5298 3141 5369 ἐπιτρέπουσιν
3176 5294 3418 5363 ἡγεῖσθαι
3452 5297 3575 5359 τοὺς
3619 5296 3686 5366 μὴ
3719 5297 3783 5349 τὸ
3810 5293 3948 5349 καλὸν

2442 5386 2532 5435 καὶ
2554 5384 2748 5450 ἀγαθὸν
2763 5386 3053 5455 ἀχώριστον
3079 5383 3284 5450 φύσεως
3324 5385 3701 5454 ἐπαγομένους,
3724 5385 3854 5438 am
3872 5383 3943 5433 καὶ

2441 5473 2499 5524 τὸ
2527 5470 2657 5526 εἶναι
2685 5477 2745 5526 οὐ
2770 5476 2897 5546 παρ’
2930 5472 3125 5526 ἑαυτῶν
3150 5511 3162 5535 ,
3189 5472 3335 5543 παρὰ
3362 5473 3416 5527 δὲ
3444 5475 3533 5529 τοῦ
3564 5477 3776 5530 πάντων
3800 5473 3941 5528 αἰτίου

815 5228 1031 5291 vimque
1083 5234 1295 5274 omnem
1334 5219 1640 5273 hominibus
1670 5218 1940 5271 inimicam
1987 5218 2343 5288 infestamque

815 5317 1038 5369 ducunt.
1079 5311 1343 5375 Quocirca
1380 5325 1480 5365 nec
1519 5326 1613 5365 eos
1658 5311 1879 5365 deorum
1917 5310 1972 5361 in
2002 5309 2121 5364 loco
2151 5311 2335 5365 haberi

817 5407 1113 5476 patiuntur,
1152 5402 1243 5471 qui
1273 5415 1381 5455 non
1418 5415 1485 5453 ex
1511 5415 1627 5455 sese
1665 5402 1823 5455 modo
1872 5400 2090 5452 insitum
2140 5410 2343 5457 naturae

818 5510 930 5551 sua
974 5510 1039 5549 ac
1095 5492 1370 5549 nrourium
1401 5491 1709 5545 honestum
1759 5493 2065 5558 bonumque
2110 5507 2215 5545 non
2244 5494 2341 5547 ha-

2441 5669 2675 5723 τοιαῦτα.

2513 5738 2622 5806 (27)
2656 5737 2810 5790 Forte
2843 5736 2945 5789 del.
2973 5751 3049 5787 τε.

2510 5807 2637 5893 (ἳὸλ
2655 5807 2811 5863 Forte
2838 5806 3079 5871 ποιῆσαι.

888 5666 999 5737 (26)
1031 5668 1237 5737 Ἄρεώς
1270 5683 1365 5729 τε,
1399 5675 1502 5721 etc.
1535 5664 1610 5718 Ita
1632 5667 1775 5721 hune
1810 5667 1987 5721 locum
2019 5682 2083 5719 ex
2126 5662 2344 5737 Platone

819 5735 1168 5800 restituiuus,
1199 5753 1321 5790 cum
1349 5750 1472 5791 ante
1497 5750 1773 5811 personam
1812 5738 2071 5858 legeretur
2099 5752 2109 5785 :
2140 5735 2343 5806 Ἀρεώς

819 5822 875 5856 τε
909 5806 999 5858 καὶ
1039 5805 1325 5858 Ἡφαίστου
1369 5806 1471 5858 ὑπὸ
1511 5805 1817 5858 Ἀφροδίτης
1916 5804 2071 5858 cum.
2102 5805 2166 5858 δι’
2187 5805 2343 5858 ἔτερα

818 5822 875 5856 τε
909 5806 999 5858 καὶ
1039 5805 1325 5872 Ἡφαίστου
1369 5806 1471 5864 ὑπὸ
1511 5805 1817 5874 Ἀφροδίτης
1856 5804 2071 5875 δεσμὸν,
2102 5805 2166 5858 δι’
2187 5804 2346 5873 ἔτερα
