4014 6340
108 506 255 556 1M5

1239 504 1559 568 PREPAR,
1583 503 1830 560 EVANG.
1868 504 1993 557 LIB.
2030 503 2162 569 XIII.

3124 500 3260 555 1146

104 617 566 686 ἑπενηνεγμένους
587 636 599 648 ο
624 618 683 670 τό
705 635 761 670 τε
787 613 842 671 εὖ
873 613 1007 670 εἶναι
1034 618 1123 670 καὶ
1141 618 1237 687 τὴν
1260 620 1456 690 ἀρετὴν
1478 659 1492 683 ,
1523 618 1651 671 αὐτό

1758 621 1942 683 beant,
1984 634 2168 673 verum
2197 609 2450 672 etiamne
2480 618 2587 673 sint
2620 618 2722 688 ipsi
2765 615 2977 686 quidem
3015 627 3107 681 per
3133 628 3269 678 sese,

102 724 176 758 τε
198 709 259 759 τὸ
279 708 554 772 ἀθάνατον,
574 708 693 760 οὔτε
714 708 789 778 τῷ
809 710 898 761 ἐπὶ
919 710 1126 761 πάντων
1149 708 1263 779 Θεῷ
1281 710 1475 777 ὁμοίως
1491 748 1504 769 ,
1525 708 1645 760 οὔτε

102 795 181 848 δι’
206 792 268 849 οὗ
287 797 351 848 τὰ
371 798 543 850 πάντα
566 799 784 865 συνέστη
806 798 1235 868 ἐπιφερομένους.
1274 799 1329 850 '0
1350 798 1404 849 δέ
1428 816 1489 866 γε
1510 799 1648 849 Πλά-

103 901 221 936 των
256 885 568 953 ἀσωμάτους
610 887 704 953 μὲν
744 886 836 938 καὶ
871 885 1062 955 νοητὰς
1097 886 1277 948 οὐσίας
1305 887 1398 947 τάς
1433 886 1646 952 λογικὰς

105 974 303 1040 φύσεις
332 975 527 1042 ὁμοίως
570 974 833 1045 Ἑϐραίοις
864 975 1111 1044 ὑφίστησι
1131 1016 1145 1039 ,
1172 976 1437 1027 διαπίπτει
1468 976 1521 1027 δὲ
1552 980 1648 1046 τῆς

103 1063 457 1125 ἀκολουθίας·
476 1064 685 1133 πρῶτον
712 1064 806 1134 μὲν
829 1066 1144 1135 ἀγεννὴτους
1169 1062 1301 1118 εἶναι
1322 1065 1533 1133 φάσκων
1559 1067 1649 1117 αὑ-

102 1148 214 1209 τὰς
238 1188 252 1210 ,
285 1149 467 1219 ὥσπερ
510 1152 602 1203 καὶ
644 1152 815 1202 πᾶσαν
844 1152 1044 1221 ψυχήν·
1086 1152 1250 1204 ἔπειτ’
1280 1153 1336 1218 ἐξ
1362 1155 1651 1223 ἀπορροίας

99 1238 213 1306 τῆς
245 1238 333 1290 τοῦ
363 1239 570 1310 πρώτου
602 1242 771 1293 αἰτίου
806 1244 1057 1311 συστῆναι
1085 1242 1251 1309 λέγων
1276 1260 1289 1307 7
1313 1245 1429 1295 οὐδὲ
1457 1244 1561 1314 γὰρ
1589 1247 1652 1297 ὲκ

101 1331 207 1386 τοῦ
245 1334 315 1403 μὴ
344 1333 485 1395 ὄντος
517 1333 681 1396 αὐτὰς
714 1334 988 1400 γεγονέναι
1015 1334 1219 1404 διδόναι.
1246 1334 1501 1403 βούλεται.
1564 1336 1651 1388 Διὸ

102 1422 208 1474 καὶ
235 1422 487 1474 πλειόνων
513 1422 646 1473 θεῶν
670 1423 973 1475 ὑποτίθεται
1001 1417 1137 1475 εἶναι
1164 1423 1333 1489 γένος,
1363 1424 1652 1493 ἀπορροίας

101 1513 269 1574 τινὰς
284 1513 374 1563 καὶ
390 1512 652 1581 προϐολὰς
669 1513 759 1564 τοῦ
778 1510 988 1580 πρώτου
1010 1514 1100 1565 καὶ
1117 1513 1208 1565 τοῦ
1226 1515 1465 1583 δευτέρου
1483 1515 1651 1565 αἰτίου

100 1602 189 1694 τῷ
223 1602 362 1670 λόγῳ
389 1603 777 1671 ὑφιστάμενος·
809 1594 944 1653 εἶν’ἆί
986 1600 1045 1654 τε
1090 1604 1293 1670 ἀγαθὰς
1338 1606 1432 1673 τὴν
1476 1605 1650 1671 φύσιν,

99 1693 363 1762 οὐδαμῶς
389 1711 451 1770 τε.
467 1694 582 1756 οἵας
604 1711 661 1745 τε
686 1694 783 1762 τῆς
817 1694 1018 1756 οἰκείας
1047 1694 1295 1763 ἐκστῆναι
1326 1695 1519 1764 ἀρετῆς
1537 1734 1551 1756 ,
1573 1694 1655 1747 ἐν·

102 1783 204 1834 θεν
232 1783 422 1844 αὐτοὺς
452 1782 724 1846 καῖ’θεοὺς
745 1779 882 1835 εἶναι
914 1782 1137 1846 δοξάζει.
1160 1784 1368 1836 Τούτων
1393 1786 1448 1837 δὲ
1476 1786 1654 1855 ἕτερον

100 1869 255 1925 εἶναι
285 1873 345 1925 τὸ
367 1873 627 1942 δαιμόνων
660 1872 821 1940 φῦλον
858 1875 1095 1942 ἡγεῖται,
1129 1874 1452 1944 φαυλότητος
1479 1874 1537 1926 ὃν
1565 1875 1654 1926 καὶ

106 1963 414 2036 μοχθηρίας
437 2002 450 2025 ,
482 1963 574 2015 καὶ
618 1965 714 2033 τῆς
743 1964 833 2015 ἐπὶ
856 1964 915 2014 τὸ
953 1968 1129 2034 χεῖρον
1161 1964 1364 2034 τροπῆς
1388 1963 1655 2015 δεκτικόν⁸
1691 1955 1729 2009 Β

100 2046 186 2104 ὧν
220 2054 342 2115 τοὺς
366 2054 477 2135 ,μὲν
516 2054 783 2121 ἀγαθοὺς,
815 2055 937 2115 τοὺς
963 2055 1019 2106 δὲ
1054 2054 1285 2123 φαύλους
1317 2050 1454 2107 είναί
1485 2071 1542 2105 τε
1570 2055 1661 2106 καὶ

101 2142 487 2213 ὀνομάζεσθαι.
520 2146 698 2198 Ταῦτα
722 2146 777 2198 δὲ
813 2144 958 2214 παρά
985 2147 1050 2197 τὰ
1096 2146 1355 2215 Ἑϐραίοις
1380 2144 1654 2206 δοκοῦντα,

101 2234 301 2286 τοῦτον
329 2235 651 2305 ὑποθέμενος
677 2237 765 2287 τὸν
794 2235 1008 2305 τρόπον,
1036 2237 1133 2287 οὐκ
1160 2236 1473 2287 ἀποδίδωσιν
1492 2275 1505 2297 ,
1534 2234 1659 2286 ὁπό-

103 2322 205 2376 θεν
230 2325 521 2393 ὑποστῆναι
538 2327 696 2394 φάναι
718 2326 859 2388 εἰκὸς
879 2327 1001 2388 τοὺς
1018 2326 1288 2395 δαίμονας.
1327 2327 1417 2376 Ἐκ
1441 2324 1658 2394 μὲνγὰρ

99 2412 215 2481 τῆς
227 2412 332 2463 τῶν
348 2414 642 2482 ἀσωμάτων
658 2415 763 2483 (29)
783 2412 909 2482 ὕλης
930 2413 1101 2475 οὐδεὶς
1126 2413 1188 2465 ἂν
1208 2412 1323 2465 νοῦν
1348 2413 1480 2481 ἔχων
1501 2412 1656 2464 εἴποι-

103 2503 307 2568 ἇλογός
346 2502 450 2572 γὰρ
492 2502 656 2570 αὕτη·
700 2503 886 2569 λογικά
917 2504 960 2555 δ’
994 2505 1090 2555 οὐκ
1122 2502 1185 2555 ἀν
1225 2520 1351 2554 ποτε
1384 2503 1441 2565 ἐξ
1467 2503 1657 2570 ἀλόγου

103 2591 352 2661 τεχθείη,
370 2593 569 2659 λογικοὶ
590 2593 642 2644 δὲ
660 2594 708 2643 οἱ
727 2592 992 2669 δαίμονες.
1014 2594 1073 2644 Εἰ
1092 2593 1135 2644 δ’
1151 2580 1213 2644 ἐκ
1233 2594 1327 2663 τῆς
1348 2592 1451 2643 τῶν
1484 2576 1660 2662 κρειτζ

104 2684 289 2736 τόνων
308 2684 597 2753 ἀπορροίας
621 2677 783 2745 οὗτοι,
802 2685 895 2736 κα)⁵
916 2684 1030 2746 πῶς
1046 2685 1104 2735 οὐ
1136 2685 1243 2736 θεοὶ
1268 2684 1359 2737 καὶ
1379 2686 1527 2736 αὑτοί
1549 2688 1661 2747 τοῖς

108 2774 493 2843 γεγεννηκόσιν
516 2772 571 2838 ἐξ
589 2774 699 2825 ῐσου
720 2793 733 2839 ;
752 2774 938 2840 πῶςξδ’,
954 2774 1158 2841 ἀγαθῆς
1175 2773 1336 2844 οὔσης
1352 2775 1548 2845 πηγῆς,
1567 2775 1659 2843 οὐχ

109 2865 282 2933 ὃμοια
306 2863 395 2915 καὶ
416 2863 482 2915 τά
507 2865 632 2933 παρ’
656 2864 848 2932 αύτῆς;
872 2865 1061 2926 κακίας
1079 2864 1120 2916 δ’
1139 2866 1194 2915 ἐν
1221 2868 1330 2925 τοῖς
1345 2864 1605 2932 δευτέροις
1624 2867 1657 2934 ἡ

114 2954 324 3024 βλάστη
358 2954 515 3005 πόθεν
561 2954 719 3022 ἐξέφυ
739 2994 753 3016 ,
798 2955 897 3023 τῆς
928 2954 1079 3024 ῥίζης
1108 2954 1308 3007 ἀνωθεν
1340 2954 1397 3018 ὲξ
1446 2954 1660 3021 ἀγαθῶν

118 3042 339 3112 ἱούσης;
365 3042 479 3106 πῶς
501 3044 541 3094 δ’
558 3043 621 3096 ἂν
646 3043 848 3106 γένοιτο
873 3046 1061 3114 πικρὸν
1084 3045 1187 3096 ἀπὸ
1214 3044 1302 3096 τοῦ
1333 3044 1577 3109 γλυκέος;
1600 3045 1660 3095 Et

113 3132 185 3185 δὲ
294 3134 509 3195 σκότους
529 3132 722 3195 παντὸς
744 3133 833 3184 καὶ
854 3134 1074 3203 πικρίας
1099 3135 1274 3202 πάσης
1294 3134 1564 3201 χαλεπωτε
1572 3151 1659 3202 ρον

113 3220 188 3274 τὸ
213 3222 317 3274 τῶν
351 3223 628 3293 μοχθηρῶν
656 3223 913 3291 δαιμόνων
940 3224 1117 3290 γένος,
1150 3224 1263 3297 πῶς
1294 3224 1352 3287 ἐξ
1374 3224 1660 3293 ἀπορροίας

114 3311 323 3379 λέγοιτ’
346 3310 408 3363 ἂν
430 3312 528 3380 τῆς
549 3310 654 3364 τῶν
674 3313 984 3381 κρειττόνων
1010 3312 1245 3379 φύσεως;
1272 3317 1316 3365 εἰ
1344 3314 1386 3365 δ’
1408 3316 1469 3364 ὲκ
1506 3313 1662 3382 τῆσδε

112 3396 219 3474 ἦν,
241 3401 343 3454 οὐδ’
365 3401 428 3453 ἂν
450 3403 652 3472 ἐτράπη
676 3404 773 3473 τῆς
795 3405 996 3467 οἰκείας
1015 3404 1193 3467 ἕξεως.
1224 3403 1283 3454 Εἰ
1302 3404 1343 3453 δ’
1364 3402 1661 3471 ἠλλοίωται,

116 3491 239 3545 οὐδ’
266 3487 331 3560 ἦν
360 3492 455 3564 τὴν
486 3492 653 3562 ἀρχὴν
685 3493 887 3556 ἀπαθὲς
910 3494 1006 3563 τὴν
1040 3494 1212 3560 φύσιν.
1248 3493 1309 3543 Εἰ
1341 3492 1383 3543 δ’
1404 3492 1463 3543 οὐ
1490 3492 1664 3543 τοιάδε

122 3581 245 3653 (50)
270 3578 335 3652 ἦν
354 3621 367 3641 ,
399 3584 491 3634 καί⁸
520 3582 633 3644 πῶς
660 3582 767 3634 θεοὶ
793 3580 919 3646 εἷεν,
953 3584 999 3635 οἳ
1020 3583 1083 3653 δὴ
1113 3584 1314 3652 φαύλης
1342 3578 1439 3634 οἷοί
1472 3583 1528 3634 τὲ
1561 3584 1661 3633 εἰσι

124 3674 375 3743 μετέχειν
416 3673 636 3742 μοίρας;
684 3671 821 3722 ’Δλλ’
850 3675 898 3725 εί
935 3675 1192 3743 μήτε-τῆς
1222 3674 1324 3727 τῶν
1351 3673 1663 3743 κρειττόνων

116 3761 440 3831 ἀπορροίας.
470 3760 583 3830 μηδ’
618 3755 681 3812 αὖ
714 3761 809 3829 τῆς
835 3761 941 3813 τῶν
969 3762 1226 3830 σωμάτων
1251 3761 1376 3831 ὕλης
1399 3759 1523 3824 εἶεν,
1549 3762 1663 3831 ὥρα

117 3851 162 3921 ἢ
188 3853 505 3923 ἀγεννήτους
535 3850 742 3918 λέγειν,
772 3852 864 3902 καὶ
895 3851 1024 3919 πρὸς
1040 3855 1104 3921 τῇ
1133 3853 1404 3921 ἀγεννήτῳ
1433 3852 1530 3924 ὕλῃ
1559 3852 1663 3904 τῶν

102 3943 411 4010 -σωμάτων,
426 3943 596 4012 τρίτον
619 3944 797 4009 στῖφος
813 3941 1035 4007 λογικῶν
1054 3942 1349 4011 ἀγεννήτων
1371 3944 1663 4011 ἀντιπαρα-

118 4031 338 4106 τάξττειν
357 4031 432 4102 τῷ
451 4032 566 4100 Θεῷ
579 4049 591 4061 ·
614 4031 790 4084 οὐκέτι
808 4047 867 4082 τε
888 4030 973 4082 τὸν
990 4018 1116 4081 Θεὸν
1136 4031 1345 4082 πάντων
1366 4027 1497 4083 εἶναι
1514 4049 1665 4101 ποιη-

116 4122 231 4190 τὴν
252 4122 341 4174 καὶ
362 4122 680 4193 δημιουργὸν
701 4122 806 4174 τῶν
829 4121 959 4173 ὅλων
980 4119 1278 4171 ἀποδιδόναι
1294 4137 1307 4149 ο
1329 4122 1361 4190 ἦ
1382 4120 1521 4172 τοῦθ’
1540 4124 1664 4190 ὁμο-

107 4209 436 4277 λογοῦντας,
459 4214 549 4265 καὶ
571 4212 636 4267 τὰ
658 4213 728 4283 μὴ
750 4212 873 4265 ὄντα
892 4212 1059 4261 ποιεῖν
1088 4208 1243 4261 αὑτὸν
1267 4212 1374 4270 τοῖς
1406 4211 1663 4279 Ἑϐραίων

124 4299 429 4371 συμφώνως
459 4301 730 4370 ὁμολογεῖν
760 4300 949 4367 λόγοις.
986 4297 1113 4349 Τίνα
1150 4297 1206 4349 δὲ
1249 4297 1353 4347 οἵδε
1380 4299 1503 4367 περὶ
1529 4300 1661 4350 τῶν-

118 4393 185 4446 δε
214 4388 609 4455 ὲκδιδάσκουσι;
651 4390 741 4461 τὴν
770 4389 935 4459 μέσην
965 4387 1068 4438 τῶν
1094 4374 1322 4453 λογικῶν
1354 4386 1526 4453 φύσιν,
1553 4386 1661 4439 οὔτ’

122 4484 198 4536 ἐκ
217 4481 313 4551 τῆς
330 4478 431 4532 τῶν
451 4480 706 4548 σωμάτων
728 4479 873 4542 ὕλης,
889 4477 997 4530 οὔτ’
1016 4477 1074 4539 ἐξ
1091 4474 1377 4544 ἀπορροίας
1395 4475 1489 4541 τῆς
1509 4476 1663 4542 ἀγεν-

1689 3267 1729 3323 C

1750 709 1838 764 sed
1861 725 1889 760 a
1924 723 2103 761 rerum
2144 709 2509 760 universarum
2540 707 2830 766 conditore,
2862 711 2920 754 ut
2951 709 3147 760 essent,
3178 714 3261 752 ac-

1754 802 1988 867 ceperint
2028 817 2041 850 :
2076 799 2167 867 qui
2196 798 2443 865 denique,
2477 809 2534 850 ut
2558 798 2692 849 bene
2725 795 2852 857 sint,
2880 791 3171 849 utvirtute,
3216 796 3273 839 ut

1754 887 2157 940 immortalitate
2185 884 2477 954 gaudeant,
2515 899 2580 936 ne
2609 883 2819 935 dotib'Is
2848 877 3059 947 quidem
3092 875 3273 926 fruan-

1754 988 1840 1030 tur
1872 977 1993 1041 illis,
2029 977 2297 1044 quomodo
2343 983 2433 1026 aut
2473 979 2769 1041 prapotens
2811 983 2987 1021 rerum
3035 964 3270 1017 omnium

1754 1062 1912 1126 Deus,
1948 1070 2040 1113 aut
2073 1058 2297 1112 Verbum
2328 1059 2478 1121 illud,
2520 1057 2673 1123 cujus
2708 1054 2754 1104 vi
2789 1050 2969 1105 omnia
3004 1044 3267 1100 exstitere.

1756 1153 1823 1203 At
1852 1151 2020 1213 Plato,
2056 1148 2178 1201 licet
2203 1163 2324 1201 cum
2372 1145 2602 1199 llehrzeis
2642 1150 2857 1194 naturas
2890 1136 3148 1213 quasdam
3184 1148 3272 1185 ra—

1755 1241 1901 1294 tione
1928 1238 2199 1307 przeditas,
2232 1238 2575 1303 incorporeas
2622 1248 2682 1285 ac
2711 1229 2975 1298 spiritales
3009 1229 3128 1278 esse
3164 1232 3272 1276 sta-

1756 1339 1888 1391 tuat,
1920 1329 2061 1381 haud
2096 1337 2269 1379 tamen
2319 1333 2671 1378 consentanee
2721 1320 2975 1387 loquitur,
3002 1316 3125 1367 dum
3156 1328 3273 1364 eas-

1754 1422 1895 1484 dem,
1952 1420 2123 1488 primo
2180 1416 2623 1485 quemadmodum
2668 1424 2719 1465 et
2758 1411 2987 1462 animam
3038 1417 3269 1464 onmem,

1754 1513 1900 1565 nullo
1951 1518 2071 1565 ortu
2135 1518 2428 1578 generatas,
2481 1505 2670 1559 deinde
2729 1500 2955 1570 quadam
3004 1513 3067 1549 ex
3116 1494 3270 1562 primi

1756 1604 2000 1673 principii
2045 1602 2277 1659 ﬂuxione
2320 1608 2460 1652 satas
2505 1611 2622 1649 esse
2671 1594 2843 1647 docet.
2904 1590 3084 1656 Neque
3126 1585 3267 1638 enim

1756 1698 1873 1759 illas
1903 1710 2121 1763 prorsus
2140 1691 2349 1745 enihilo
2371 1687 2638 1746 exstitisse
2664 1682 2925 1737 concedit.
2954 1679 3136 1745 Itaque
3162 1675 3276 1743 plu-

1755 1789 1893 1841 rium
1927 1785 2147 1839 deorum
2215 1783 2484 1835 nationem
2547 1773 2843 1834 constituit,
2908 1784 3043 1838 quos
3089 1778 3277 1818 omnes

1756 1877 1913 1946 primi
1948 1874 2275 1941 secundique
2317 1869 2563 1939 principii
2613 1866 2871 1920 ﬂuxiones
2916 1859 3169 1929 quasdam
3213 1870 3276 1908 ac

1758 1944 2233 2040 proseminationcs
2262 1976 2380 2015 esse
2404 1950 2515 2013 vult
2535 2000 2548 2020 ,
2580 1972 2699 2026 qua:
2726 1954 2867 2023 quod
2896 1959 3080 2017 suapte
3112 1944 3273 2016 695

1758 2066 1947 2112 natura
1977 2056 2128 2108 bonae
2161 2054 2286 2114 sint,
2315 2066 2412 2105 nec
2445 2050 2550 2102 ullo
2586 2060 2822 2114 unquam
2874 2041 3030 2096 modo
3064 2037 3274 2106 propria

1756 2147 1955 2198 virtute
2001 2140 2217 2211 spoliari
2251 2145 2468 2206 queant,
2494 2134 2559 2187 ab
2585 2147 2647 2184 eo
2687 2136 2963 2198 propterea
3014 2124 3087 2177 dii
3132 2120 3276 2188 judi—

1757 2243 1985 2293 cantur]
2032 2231 2106 2287 Ab
2151 2228 2236 2282 his
2279 2227 2541 2280 diversam
2575 2221 2873 2275 daamonum
2916 2214 3125 2268 turbam
3153 2223 3273 2263 esse

1756 2331 1926 2393 putat,
1954 2336 2072 2390 quae
2114 2315 2501 2386 improbitatem
2544 2327 2604 2364 ac
2642 2310 2814 2363 scelus
2840 2305 3133 2364 admittere,
3196 2306 3277 2351 at-

1757 2389 1861 2485 que
1902 2389 2226 2466 inideterius
2254 2406 2448 2460 mutari
2484 2403 2649 2471 possit
2678 2420 2690 2453 :
2716 2416 2780 2453 ex
2827 2397 3020 2471 quibus
3058 2389 3277 2460 proinde

1758 2503 1886 2557 boni
1918 2501 2159 2569 quidam,
2187 2495 2415 2564 improbi
2460 2492 2548 2544 alii
2591 2490 2697 2543 sint
2721 2501 2782 2540 ac
2830 2490 3106 2537 vocentur.
3149 2477 3278 2541 Qua:

1757 2610 1878 2647 cum
1906 2594 2035 2660 ipse,
2075 2596 2261 2657 prmter
2294 2584 2633 2637 Hebrazomm
2676 2587 2901 2631 mentem
2948 2588 3009 2625 ac
3036 2583 3273 2629 sensum,

1757 2685 1830 2736 ita
1875 2681 2076 2743 statuit,
2124 2677 2263 2731 unde
2293 2675 2501 2729 tandem
2537 2686 2655 2725 cum
2711 2666 2887 2736 aliqua
2937 2664 3046 2717 veri
3086 2661 3261 2728 specie

1757 2774 2023 2826 daemones
2046 2768 2309 2822 exstitisse
2337 2766 2598 2824 dicamus,
2640 2774 2743 2813 non
2779 2757 3025 2825 explicat.
3052 2751 3179 2803 Nam
3205 2764 3269 2801 ex

1757 2875 2132 2930 corporearum
2180 2858 2390 2925 quidem
2421 2868 2596 2905 rerum
2646 2850 2863 2903 materia
2917 2858 3073 2898 nemo
3114 2855 3279 2895 sanus

1757 2952 1981 3016 dixerit;
2016 2957 2097 3002 est
2123 2949 2263 3001 enim
2294 2946 2378 2997 illa
2406 2942 2630 2995 rationis
2660 2954 2850 3006 expers
2878 2955 2890 2988 ε
2923 2934 3064 3001 quod
3098 2939 3275 2983 autem

1759 3043 1960 3096 ratione
1990 3038 2267 3109 praeditum
2290 3044 2390 3096 est,
2429 3035 2478 3085 id
2503 3048 2562 3112 εει
2591 3044 2655 3083 eo
2680 3028 2818 3097 quod
2854 3026 3060 3078 ratione
3090 3026 3271 3074 careat

1759 3133 1899 3204 gigni
1929 3147 2033 3184 non
2064 3136 2256 3198 potest,
2302 3126 2503 3179 ratione
2546 3132 2723 3175 autem
2774 3114 2981 3185 praediti
3009 3114 3276 3166 daemones
3330 3141 3343 3152 ι

1762 3233 1908 3278 sunt.
1950 3220 2042 3275 Sin
2091 3230 2266 3275 autem
2311 3215 2643 3283 superiorum
2677 3220 2982 3263 naturarum
3018 3216 3273 3272 propaga-

1764 3317 1902 3369 tione
1949 3314 2049 3367 sati
2097 3312 2169 3364 illi
2204 3306 2346 3379 sunt,
2390 3307 2570 3375 quidni
2611 3318 2759 3371 atque
2814 3316 2874 3352 ac
2904 3305 3168 3367 parentes,
3203 3292 3276 3344 dii

1760 3413 1884 3460 sunt
1915 3404 2013 3471 ipsi
2047 3400 2294 3469 quoque?
2321 3400 2409 3467 qui
2443 3398 2498 3449 ﬁt
2532 3405 2587 3448 ut
2613 3411 2674 3447 ex
2701 3393 2839 3445 bono
2874 3391 3014 3439 fonte
3039 3386 3135 3437 rivi
3176 3382 3278 3435 dis-

1760 3497 1963 3551 similes
1995 3491 2268 3545 oriantur?
2326 3488 2464 3541 unde
2515 3488 2567 3538 in
2625 3480 3006 3551 posteriox'ibus
3066 3486 3277 3542 germen

1760 3586 1889 3639 illud
1920 3580 2276 3651 improbitatis
2302 3570 2544 3659 emergit,
2580 3575 2671 3643 qui
2716 3572 2945 3625 radicem
3002 3566 3215 3627 habent,
3246 3576 3277 3659 α

1759 3682 1903 3728 tanta
1936 3648 2091 3741 primi
2118 3684 2285 3737 usque
2307 3648 2551 3734 principii
2573 3663 2873 3729 integritate
2896 3661 3236 3724 prOpagatam
3254 3648 3281 3701 τ

1760 3777 1865 3830 quo
1916 3761 2143 3827 denique
2195 3756 2351 3809 modo
2394 3770 2456 3807 ex
2508 3752 2751 3807 dulcibus
2803 3760 2980 3799 amara
3046 3754 3277 3795 nascun-

1764 3850 1886 3904 tur?
1946 3848 2262 3909 Enimvero,
2306 3844 2347 3896 si
2398 3840 2635 3893 tenebris
2675 3837 2964 3894 omnibus,
3026 3832 3069 3884 si
3129 3829 3278 3883 omni

1761 3938 2047 3993 acerbitate
2083 3936 2296 4005 gravius
2332 3940 2414 3984 est
2458 3928 2821 3996 improborum
2854 3925 3153 3975 daemonum
3189 3934 3279 3987 ge-

1760 4049 1883 4095 nus,
1906 4030 2025 4099 quis
2078 4029 2205 4081 illud
2239 4042 2301 4078 ex
2344 4024 2621 4077 meliorum
2651 4035 2711 4071 ac
2739 4007 3057 4071 diviniorum
3088 4020 3277 4065 natura

1760 4123 1977 4176 ﬂuxisse
2020 4118 2197 4173 dicat?
2230 4133 2289 4169 ex
2324 4130 2431 4183 quo
2464 4128 2591 4166 sane
2620 4112 2663 4165 si
2713 4108 2971 4164 ﬂuxisset.
3004 4116 3278 4168 nunquam

1760 4229 1825 4267 ex
1870 4212 2082 4279 proprio
2114 4216 2167 4261 et
2196 4206 2421 4259 naturali
2472 4211 2611 4255 statu
2660 4200 2959 4251 excidisset.
3024 4192 3175 4256 Quod
3230 4190 3276 4243 si

1763 4309 1963 4354 tantum
1991 4297 2301 4350 mutationis
2324 4294 2503 4346 subire
2528 4291 2717 4358 potuit,
2750 4301 2853 4338 non
2896 4286 3053 4352 igitur
3078 4280 3278 4348 princi—

1760 4392 1846 4458 pio
1878 4400 2119 4441 naturam
2154 4385 2355 4445 habuit,
2392 4383 2456 4433 ab
2504 4379 2649 4433 omni
2681 4375 2914 4446 patiendi
2966 4372 3281 4426 necessitate

1760 4481 2003 4533 liberam.
2056 4476 2368 4543 Cujusmodi
2410 4477 2454 4527 si
2506 4474 2775 4526 daemones
2823 4468 2910 4522 isti
2955 4482 3059 4527 non
3106 4473 3277 4526 erant,

121 4574 321 4643 νήτου,
368 4569 457 4622 καὶ
495 4567 747 4620 ἀεὶηκατὰ
770 4568 837 4619 τὰ
866 4567 999 4620 αὐτά
1034 4565 1124 4618 καὶ
1148 4563 1399 4643 ῶσαύτως
1443 4563 1659 4633 ἐχούσης

1766 4571 1854 4639 qui
1887 4585 2044 4638 porro
2091 4569 2161 4621 dii
2207 4583 2325 4621 esse
2370 4566 2592 4636 possint,
2644 4564 2735 4633 qui
2790 4562 3167 4617 sceleratorum
3224 4556 3279 4607 in

120 4632 337 4726 ούσίας,
364 4657 655 4728 ὑποστῆναι
672 4674 797 4725 φασι
816 4674 829 4687 °
857 4656 929 4727 μὴ
950 4654 1109 4709 οὖσαν
1131 4632 1189 4707 δέ
1210 4654 1482 4725 πρότερον,
1504 4654 1659 4707 δυνά-

130 4770 230 4825 μει
255 4750 553 4823 δραστηρίῳ
578 4748 669 4802 τοῦ
701 4748 909 4801 πάντων
941 4750 1109 4801 αίτίου
1136 4748 1425 4816 γεγονέναι.
1482 4746 1661 4815 Ταύτῃ

122 4860 191 4895 τε
232 4843 305 4911 μὴ
336 4841 487 4904 θεοὺς
524 4836 656 4895 εῖναι
674 4880 696 4903 ,ι
722 4838 850 4908 μηδὲ
883 4838 1077 4905 κυρίως
1100 4837 1256 4907 τῆσδε
1280 4838 1374 4905 τῆς
1400 4852 1663 4905 προσηγο-

128 4932 259 5005 ρίας
278 4931 551 5001 ἠξιῶσθαι,
574 4934 651 4984 ὃτι
678 4930 806 5001 μηδὲ
827 4928 922 5005 τὴν
943 4928 1099 4996 φύσιν
1121 4928 1323 4981 ίσοῦται
1339 4926 1415 4996 τῷ
1436 4943 1660 4993 πεποιη-

128 4938 259 5005 ρίας
278 4938 551 5001 ἠξιῶσθαι,
574 4938 651 4984 ὃτι
678 4938 806 5001 μηδὲ
859 4938 922 4997 ην
943 4938 1099 4996 φύσιν
1121 4938 1323 4981 ισουται
1339 4945 1415 4996 τῳ
1436 4943 1660 4993 πεποιη-

125 5023 273 5084 κότι,
298 5023 414 5093 μηδ’
434 5024 725 5094 ἀχώριστον
746 4938 937 5091 eiul»;
958 5017 1033 5087 τῷ
1056 5015 1190 5085 Θεῷ,
1209 5017 1267 5069 τὸ
1287 5017 1482 5085 ἀγαθὸν
1507 5015 1660 5083 ἐφελ-

126 5129 320 5174 κεται,
346 5112 408 5163 τό
440 5130 497 5165 τε
525 5113 601 5182 τῷ
632 5110 776 5180 καλῷ
804 5109 1033 5179 ἐναντίον
1064 5106 1210 5167 ἐστιν
1245 5109 1332 5161 ὅτε
1364 5108 1453 5160 καὶ
1481 5108 1661 5171 δέξατ’

127 5201 199 5255 ἂν
239 5199 489 5270 ὀλιγωρίᾳ
509 5204 606 5273 τῆς
638 5202 763 5271 περὶ
794 5200 857 5255 τὸν
877 5200 1113 5267 κρεῖττον
1147 5197 1367 5273 σχολῆς,
1414 5198 1479 5267 ἢν
1506 5199 1663 5261 αὐτὸς

128 5292 359 5349 ἕκαστος
380 5289 524 5360 αὑτῷ
546 5292 940 5362 κατείργασται,
962 5288 1058 5356 τῆς
1080 5286 1278 5348 οἰκείας
1299 5288 1471 5357 ὁρμῆς
1489 5305 1548 5339 τε
1574 5288 1664 5340 καὶ

128 5379 357 5452 γνώμης
388 5380 637 5449 πεφυκὼς
667 5382 867 5453 κύριος.
900 5378 1075 5433 Ταῦτα
1106 5376 1197 5429 καὶ
1224 5378 1349 5445 mp!
1372 5377 1511 5431 τάδε.
1553 5379 1658 5430 Με-

143 5476 349 5544 τίωμεν
375 5473 430 5524 δὲ
462 5473 554 5526 καὶ
578 5472 867 5541 ὲφῖῑτερα.
1548 5454 1552 5456 Ἴ

1765 4663 1989 4716 classem
2026 4662 2171 4713 abire
2201 4658 2527 4727 potuerunt?
2579 4655 2693 4708 Jam
2728 4668 2875 4715 vero,
2911 4651 2955 4703 si
2983 4662 3149 4715 neque
3176 4658 3284 4698 me-

1762 4752 1987 4806 lioribus
2024 4751 2127 4802 illis
2174 4765 2235 4801 ac
2289 4747 2655 4815 superioribus
2714 4759 2778 4796 ex
2830 4739 3057 4797 naturis,
3101 4749 3273 4803 neque

1764 4857 2048 4910 corporum
2100 4855 2164 4893 ex
2215 4839 2435 4892 materia
2488 4846 2662 4889 ortum
2722 4832 2978 4891 habuere,
3038 4835 3281 4893 superest

1767 4934 2007 4993 omnino,
2045 4940 2102 4983 ut
2148 4930 2229 4982 vel
2281 4945 2373 4982 eos
2421 4940 2689 4994 nunquam
2727 4922 2931 4991 genitos
2974 4935 3091 4973 esse
3142 4919 3282 4972 diea-

1764 5038 1920 5085 mus,
1955 5030 2112 5089 atque
2145 5020 2217 5071 ita
2239 5027 2427 5085 praeter
2457 5016 2598 5067 illam
2648 5027 2934 5080 corporum
2976 5010 3279 5073 materiam,

1764 5130 1921 5185 quam
1946 5122 2062 5166 ortu
2092 5126 2275 5165 carere
2302 5110 2505 5170 volunt,
2531 5106 2741 5161 tertiam
2780 5105 2919 5158 banc
2943 5111 3277 5159 naturarum,

1764 5219 1882 5275 qua:
1905 5204 2111 5256 ratione
2137 5202 2385 5269 praedita,
2412 5209 2529 5252 ortu
2558 5197 2801 5253 similiter
2843 5200 3077 5253 careant,
3106 5189 3278 5243 natio-

1766 5311 1908 5359 nem,
1951 5308 2071 5347 cum
2122 5291 2227 5344 Deo
2275 5303 2678 5358 componamus,
2738 5286 3007 5350 Deumque
3055 5277 3278 5347 proinde

1762 5398 1937 5435 rerum
1966 5396 2186 5451 prorsus
2214 5378 2452 5433 omnium
2492 5377 2821 5431 conditorem
2852 5385 2989 5433 esse,
3025 5384 3087 5420 ac
3120 5366 3243 5419 moli

1762 5479 1928 5524 torem
1970 5485 2262 5536 negemus:
2316 5466 2399 5519 vel
2448 5467 2493 5521 si
2560 5467 2929 5521 universorum
3002 5464 3274 5527 parentem

133 5566 501 5649 agnoscimus,
542 5579 730 5619 eorum
764 5567 924 5619 etiam
991 5578 1110 5633 quae
1144 5562 1287 5615 nulla
1331 5570 1493 5624 sunt,
1552 5572 1608 5615 ut
1652 5562 1991 5617 Hebrzeorum
2046 5564 2229 5617 litterae
2274 5561 2595 5630 praedicant,
2642 5569 2908 5615 auctorem
2974 5554 3121 5607 illum
3154 5564 3274 5603 esse

134 5644 425 5714 fateamur.
474 5656 724 5721 Quaenam
773 5670 900 5709 vero
940 5655 1028 5707 illa
1076 5660 1220 5717 sunt,
1276 5668 1394 5722 quae
1444 5651 1510 5705 ab
1552 5654 1685 5708 insis
1736 5652 1803 5709 de
1862 5667 2171 5709 naturarum
2209 5654 2430 5711 istarum
2474 5653 2772 5711 conditione
2805 5643 3125 5703 traduntur?
3171 5640 3279 5697 Eas

208 5768 324 5839 {99)
367 5768 726 5839 Ἀσωμάζων.
765 5765 902 5819 Malo
936 5768 1194 5839 σωμάτων
1222 5782 1282 5819 ex
1315 5779 1413 5839 me.

208 5832 322 5909 (50)
351 5832 559 5898 Τοιάδε.
604 5837 755 5891 Forte
776 5874 789 5899 ,
818 5832 1027 5892 τοιοίδιζ
1056 5835 1185 5890 Nam
1226 5840 1291 5891 de
1329 5833 1653 5889 daemonibus
1692 5832 1939 5907 loquitur.
