4010 6342
718 355 853 410 H55

1375 346 1636 405 EUSEBII
1676 347 2144 404 CESARIENSIS
2182 346 2329 402 OPP.
2368 342 2548 400 PARS
2584 342 2648 399 ll.
2681 342 3258 399 —APOLOGETICA.

3775 348 3903 398 uss
3976 320 3977 323 “

712 467 868 521 bente
891 466 1135 534 dissidio,
1161 467 1378 521 interire
1408 465 1645 520 animum
1676 463 1965 533 oportebit,
1990 462 2251 533 quemad—

2355 459 2412 523 ἐξ
2440 452 2513 511 ὧν
2544 459 2791 529 συνέστη,
2821 461 2876 511 ἐν
2927 459 3100 529 χρόνῳ
3140 457 3294 525 φύσει
3324 456 3713 527 χωριζομένου.
3755 456 3820 509 ΕΞ
3856 460 3903 509 δὲ

712 560 927 610 modum
962 558 1106 610 illam
1151 556 1347 611 coloris
1408 554 1567 608 medii
1602 554 2076 623 temperationem,
2120 568 2244 607 cum

711 647 785 700 illi
805 662 867 701 ex
893 648 1089 716 quibus
1129 658 1253 701 ante
1276 646 1495 711 coaluit,
1521 654 1709 715 suapte
1739 654 1927 699 natura
1963 645 2242 711 paulatim,

711 736 766 789 in
822 752 982 791 suum
1034 737 1262 806 quisque
1308 752 1476 806 genus
1517 736 1899 805 propriumque
1946 735 2243 797 solvuntur,

708 828 889 895 perire
937 841 1157 881 necesse
1201 835 1305 881 est.
1348 826 1403 881 id
1446 826 1590 896 quod
1633 826 1678 880 si
1718 826 1883 880 semel
1907 825 2270 894 probabitur,

709 919 874 973 morti
920 927 1063 971 certe
1092 918 1406 981 obnoxium,
1452 932 1558 970 non
1599 916 1952 969 immortalem
2006 915 2244 967 animum

709 1024 829 1064 esse
860 1023 1138 1078 ponemus.
1177 1007 1383 1062 Etenim
1440 1008 1484 1061 si
1526 1022 1623 1076 pro
1663 1005 1914 1060 confesso
1965 1005 2244 1063 habeatur,

709 1097 814 1153 hac
836 1101 889 1152 in
918 1114 1094 1151 rerum
1122 1108 1335 1161 natura,
1361 1095 1505 1165 quod
1536 1096 1806 1150 contrario
1835 1101 2049 1158 careat,
2088 1108 2242 1162 pror-

712 1204 805 1244 sus
834 1204 953 1243 esse
982 1189 1137 1255 nihil,
1176 1202 1400 1257 quaeque
1443 1186 1625 1239 tnundi
1659 1185 1859 1238 ambitu
1903 1183 2247 1236 continentur

711 1278 933 1347 omnia,
971 1293 1036 1330 ex
1085 1278 1323 1331 adversis
1381 1274 1848 1346 pugnantibusque
1900 1273 2106 1325 naturis
2155 1272 2246 1324 Dei

716 1380 881 1421 manu
926 1374 1219 1435 temperata
1246 1379 1387 1427 esse,
1421 1364 1514 1433 qui
1557 1371 1795 1417 mutuam
1830 1361 1933 1415 illis
1956 1360 2248 1413 amicitiam

714 1464 769 1510 et
811 1456 1245 1510 communionem
1303 1454 1576 1523 iniecerit,
1624 1460 1683 1506 ut
1735 1453 1878 1506 sicco
1915 1461 1968 1505 et
2008 1451 2247 1513 humido,

712 1544 891 1600 calido
922 1554 973 1598 et
1005 1543 1216 1614 frigido,
1250 1543 1397 1612 gravi
1435 1550 1488 1595 et
1516 1542 1642 1606 levi,
1676 1541 1796 1595 albo
1824 1550 1877 1594 et
1902 1541 2076 1610 nigro,
2108 1540 2249 1593 dulci

712 1642 769 1689 et
794 1635 1009 1702 acerbo,
1040 1635 1176 1688 duro
1201 1642 1254 1687 et
1280 1633 1449 1697 molli,
1485 1642 1691 1687 natura;
1731 1632 1962 1701 denique
2013 1632 2249 1702 patiendi

714 1725 942 1795 experti,
987 1733 1042 1779 et
1088 1732 1291 1778 natura:
1317 1725 1383 1775 ad
1436 1723 1741 1791 patiendum
1780 1732 1943 1792 aptae,
1973 1737 2143 1791 eaque
2196 1722 2248 1776 id

2349 547 2525 614 τοῦτο,
2549 548 2787 620 φθαρτὴν
2808 548 3204 617 ἀποφανοῦμεν,
3230 549 3341 601 ἀλλ’
3377 550 3473 600 οὐκ
3505 549 3788 601 ἀθάνατον
3818 550 3904 619 τὴν

2348 640 2543 710 ψυχήν.
2574 641 2633 692 Εἰ
2659 640 2763 709 γὰρ
2788 638 2941 691 τοῦτο
2990 640 3343 708 ὁμολογεῖται,
3400 640 3561 708 μηδὲν
3588 641 3702 691 τῶν
3754 642 3815 691 ἐν
3842 646 3901 708 τῇ

2347 731 2503 799 φύσει
2536 730 2701 781 ὅντων
2749 731 2873 782 ἄνευ
2925 729 3015 781 τοῦ
3071 730 3307 782 ἐναντίου
3338 725 3495 791 εἶναι,
3521 730 3594 782 τά
3639 748 3702 782 τε
3741 734 3801 782 ἐν
3834 732 3906 799 τῷ

2347 822 2532 889 κόσμῳ
2569 822 2632 871 ἐκ
2658 819 2756 887 τῆς
2781 819 2886 871 τῶν
2927 820 3177 871 ἐναντίων
3205 820 3411 886 φύσεως
3445 821 3548 871 ὑπὸ
3578 820 3721 873 Θεοῦ
3748 838 3899 872 κεκο-

2347 910 2602 981 σμῆσθαι,
2638 910 2816 977 φιλίαν
2839 910 3015 971 αὐτοῖς
3048 911 3140 962 καὶ
3178 912 3457 963 κοινωνίαν
3496 912 3903 979 ἐμποιήσαντκ

2345 1002 2529 1065 αὑτοῦ,
2559 998 2666 1055 οἷον
2710 1000 2785 1071 τῷ
2824 1001 2967 1070 ξηρῷ
2998 1002 3131 1071 πρὸς
3158 1001 3217 1053 τὸ
3246 1002 3405 1071 ὑγρον
3426 1043 3439 1064 ,
3471 1003 3564 1054 καὶ
3594 1002 3676 1070 τῷ
3715 1002 3902 1072 θερμῷ

2348 1096 2479 1165 προς
2513 1094 2573 1147 τὸ
2600 1094 2818 1162 ψυχρὸν,
2842 1092 2919 1160 τῷ
2940 1110 2997 1143 τε
3026 1091 3178 1162 βαρεῖ
3209 1094 3341 1161 πρὸς
3373 1094 3431 1145 τὸ
3464 1094 3687 1160 κοῦφον,
3729 1094 3902 1163 λευκῷ

2347 1201 2403 1237 τε
2438 1183 2568 1253 πρὸς
2591 1184 2650 1235 τὸ
2675 1182 2857 1253 μέλαν,
2886 1184 3073 1249 γλυκεῖ
3097 1201 3156 1235 τε
3176 1184 3305 1253 πρὸς
3336 1184 3395 1235 τὸ
3430 1184 3640 1253 πικρὸν,
3678 1183 3901 1253 σκληρῷ

2346 1292 2404 1326 τε
2434 1275 2564 1343 προς
2584 1274 2641 1325 τὸ
2672 1274 2906 1342 μαλακὸν
2926 1274 3307 1341 (“Liui-trist
3330 1277 3439 1335 τοῖς
3470 1274 3744 1336 τοιούτοις
3776 1275 3901 1342 μίαν

2347 1362 2507 1431 ἄλλην
2545 1362 2753 1414 πάντων
2788 1364 3082 1425 κοινωνίαν,
3112 1367 3176 1433 τῇ
3223 1381 3279 1415 τε
3312 1363 3507 1415 ἀπαθεῖ
3555 1365 3723 1433 οὐσίᾳ
3760 1363 3895 1432 πρὸς

2346 1452 2440 1521 τὴν
2474 1452 2747 1522 παθητήν-
2797 1452 2863 1504 τά
2894 1454 2949 1506 δὲ
2993 1454 3255 1524 κραθέντα
3295 1454 3385 1505 καὶ
3434 1454 3689 1522 μιχθέντα
3736 1470 3899 1522 χωρι-

2349 1544 2479 1612 σμὸν
2507 1544 2594 1596 τὸν
2624 1545 2714 1596 ἀπ’
2741 1545 2979 1615 ἀλλήλων
3013 1548 3069 1597 ἐν
3098 1546 3273 1616 χρόνῳ
3301 1545 3455 1613 φύσει
3491 1545 3807 1614 ἐπιδέχεται
3827 1562 3838 1573 ·
3867 1546 3896 1611 ἡ

2346 1636 2403 1687 δὲ
2446 1635 2586 1707 ψυχὴ
2620 1636 2677 1701 ἐξ
2721 1638 2954 1700 ἀπαθοῦς
2996 1640 3085 1690 καὶ
3117 1638 3356 1708 παθητῆς
3403 1638 3585 1699 οὐσίας
3617 1635 3897 1704 γεγονέναι

2349 1727 2690 1780 ὑποκείσεται
2708 1745 2720 1757 ·
2751 1729 2980 1798 ἀνάγκη.
3009 1729 3083 1790 ὡς
3112 1726 3172 1779 τὸ
3206 1726 3365 1797 μέσον
3396 1726 3611 1796 χρῶμα,
3636 1725 3787 1777 οὕτω
3811 1726 3896 1777 καὶ

716 1789 883 1884 genus
906 1813 1089 1868 omnia
1112 1826 1216 1866 una
1232 1789 1461 1876 quadam
1486 1811 1639 1881 701
1669 1810 1772 1863 alia
1804 1789 1982 1864 rerum
2007 1789 2249 1864 omnium

2352 1815 2547 1893 ταύτην
2576 1818 2636 1870 ιν
2662 1819 2835 1889 χρόνῳ
2866 1789 3029 1886 ’φύσει
3060 1789 3446 1885 ἀφανίσθῆναι,
3608 1817 3670 1866 ἐν
3701 1818 3771 1884 τῇ
3806 1832 3896 1866 w-

715 1904 1090 1965 communione
1136 1904 1468 1967 devinxerit;
1516 1910 1770 1971 praeterea
1824 1900 1870 1955 si
1914 1917 2033 1970 qua:
2064 1910 2252 1954 mutuo

716 2002 1009 2064 temperata
1040 2004 1186 2056 sunt,
1219 2001 1381 2061 atque
1402 1992 1539 2044 inter
1571 2006 1686 2045 sese
1707 1990 1985 2059 permista,
2005 1999 2250 2044 mutuum

717 2098 932 2153 quoque
954 2083 1209 2152 temporis
1226 2081 1597 2152 progressione
1616 2080 1901 2134 divortium
1923 2095 2020 2150 pro
2049 2086 2253 2134 natura:

718 2187 830 2227 sua:
882 2173 1186 2227 conditione
1231 2172 1562 2240 suscipiunt;
1614 2171 1851 2224 animum
1896 2168 2152 2241 proiecto,
2205 2171 2252 2223 si

715 2264 945 2333 partium
975 2264 1184 2317 illarum
1207 2261 1260 2317 iu
1294 2279 1357 2317 eo
1386 2264 1783 2321 concretionem
1811 2263 2093 2332 ponimus,
2126 2275 2250 2329 per-

717 2354 838 2408 inde
869 2354 946 2407 uti
1000 2354 1232 2408 colorem
1284 2353 1516 2421 aliquem
1567 2354 1823 2418 medium,
1888 2362 2093 2405 naturae
2142 2363 2253 2402 suae

716 2446 851 2499 vitio
886 2443 1102 2498 tandem
1128 2444 1347 2498 interire
1394 2457 1612 2497 necesse
1637 2442 1777 2496 erit:
1829 2441 2117 2495 contrariis
2146 2440 2251 2493 illis

717 2551 786 2589 ex
818 2535 1013 2605 quibus
1041 2534 1155 2603 ipse
1180 2533 1465 2595 constabit,
1490 2532 1557 2586 ad
1591 2532 1868 2601 proprium
1901 2541 2103 2586 natura:
2140 2546 2249 2583 sua:

719 2635 917 2681 statum
973 2640 1068 2695 per
1118 2638 1234 2679 sese
1279 2622 1709 2692 properantibus.
1750 2620 1887 2687 Quid
1917 2621 2103 2675 enim?
2142 2621 2252 2671 An-

719 2730 826 2769 non
857 2713 910 2767 id
937 2714 1200 2777 videmus,
1220 2714 1360 2781 quod
1389 2720 1576 2780 suapte
1595 2718 1785 2764 natura
1820 2724 1979 2779 grave
2016 2710 2103 2774 sit,
2131 2709 2253 2762 licet

719 2821 747 2857 a
781 2806 957 2869 nobis,
991 2811 1085 2859 aut
1111 2804 1214 2857 alia
1242 2802 1431 2872 quavis
1462 2803 1797 2856 extrinsecus
1829 2801 1993 2853 indita
2029 2798 2253 2853 naturali

718 2900 950 2963 levitate,
974 2910 1190 2981 sursum
1222 2903 1429 2963 agatur,
1474 2902 1531 2946 ut
1573 2901 1752 2946 tamen
1774 2892 2023 2947 deorsum
2051 2903 2254 2945 naturae

722 3004 834 3043 sua:
857 2989 907 3040 vi
949 3002 1013 3041 ac
1049 2986 1283 3055 pondere
1306 2982 1579 3053 rapiatur?
1604 2981 2038 3049 Similiter,quod
2068 2990 2253 3049 suapte

723 3087 912 3131 natura
966 3076 1082 3130 leve
1132 3076 1230 3139 sit,
1268 3074 1395 3127 licet
1440 3072 1778 3126 extrinsecus
1825 3071 1987 3125 simili
2021 3072 2251 3140 quadam

724 3165 1023 3236 impellente
1049 3179 1233 3227 causa,
1266 3164 1517 3218 deorsum
1558 3161 1794 3225 feratur,
1826 3172 1882 3215 ut
1930 3174 2106 3215 tamen
2140 3163 2251 3217 suis

724 3271 935 3325 quoque
964 3255 1165 3317 viribus
1200 3269 1412 3307 sursum
1443 3254 1711 3308 enitatur?
1744 3252 1955 3307 Etenim
1982 3269 2101 3323 quae
2122 3254 2253 3308 duo—

723 3349 826 3401 bus
850 3362 914 3400 ex
963 3345 1247 3400 contrariis
1282 3360 1445 3397 unum
1475 3345 1527 3397 in
1566 3345 1767 3413 aliquid
1799 3345 1959 3398 simul
2007 3345 2249 3409 coierint,

723 3436 835 3492 ﬁeri
865 3451 969 3489 non
987 3443 1178 3505 potest,
1198 3442 1257 3487 ut
1284 3434 1466 3487 eodem
1498 3448 1554 3487 se
1576 3433 1735 3488 modo
1767 3444 1976 3502 semper
2001 3435 2250 3497 habeant,

723 3527 829 3582 nisi
872 3540 905 3580 e
947 3540 1126 3602 rerum
1169 3533 1357 3577 natura
1410 3524 1623 3576 tertium
1666 3522 1866 3589 aliquid
1898 3537 2018 3574 cum
2064 3522 2251 3575 iisdem

722 3626 976 3687 perpetuo
1011 3614 1387 3682 coniungatur.
1448 3612 1550 3666 Sed
1602 3614 1813 3666 animus
1857 3613 2069 3666 tertium
2124 3612 2252 3680 quid

724 3706 963 3776 proiecto
989 3720 1093 3758 non
1130 3715 1229 3765 est,
1276 3702 1487 3756 duobus
1532 3716 1597 3755 ex
1643 3702 1927 3755 contrariis
1973 3700 2253 3769 pugnanti—

726 3796 933 3862 busque
960 3792 1335 3859 compositum,
1370 3790 1463 3844 sed
1488 3792 1661 3859 potius
1688 3806 1852 3843 unum
1896 3790 2092 3857 aliquid
2120 3788 2253 3842 sim-

727 3882 867 3951 plex,
900 3888 1196 3947 naturaque
1224 3893 1321 3932 sua
1362 3878 1429 3932 ab
1462 3879 1607 3931 omni
1652 3888 1704 3933 ct
1753 3879 1985 3947 patiendi
2017 3880 2253 3933 necessi-

728 3982 855 4037 tate,
888 3980 943 4025 et
975 3971 1210 4039 corporis
1256 3968 1395 4023 mole
1440 3968 1664 4023 liberum
1699 3987 1712 4021 :
1754 3981 1808 4022 ut
1838 3984 1955 4023 eum
1984 3979 2258 4038 propterea

726 4060 877 4114 Plato
905 4057 1251 4126 Platonisque
1277 4063 1597 4122 sectatores,
1624 4055 1981 4109 immortalem
2004 4070 2121 4109 esse
2145 4063 2257 4109 sta-

728 4151 946 4206 tuerint.
972 4151 1039 4202 At
1077 4147 1329 4217 quoniam
1362 4156 1415 4201 et
1444 4146 1714 4200 hominem
1753 4162 1819 4199 ex
1848 4147 2029 4199 animo
2069 4160 2259 4213 corpo-

728 4228 891 4309 mque
921 4247 1187 4303 constare,
1212 4253 1316 4292 vox
1345 4245 1426 4290 est
1457 4236 1695 4289 omnium
1722 4250 1827 4289 una
1854 4237 2176 4296 communis,
2208 4242 2261 4287 et

726 4344 853 4399 qua:
877 4328 1010 4382 citra
1041 4329 1279 4395 corporis
1319 4326 1724 4389 commercium,
1763 4325 1823 4387 ,in
1854 4325 2009 4379 nobis
2037 4325 2259 4378 volenti-

2350 1906 2532 1958 στάσει
2575 1906 2745 1977 αὐτῆς
2770 1907 3020 1960 ἐναντίων
3052 1906 3142 1959 ἐπὶ
3172 1905 3270 1975 τὴν
3309 1904 3510 1958 οἰκείαν
3550 1904 3717 1971 φύσιν
3751 1907 3895 1955 ἐπει-

2347 1995 2608 2065 γομένων.
2640 1998 2710 2050 Ἦ
2734 1996 2840 2065 γὰρ
2862 1995 2957 2065 οὐχ
2981 1994 3190 2072 ὁρῷμεν
3217 1997 3308 2047 καὶ
3341 1996 3399 2047 τὸ
3421 1995 3573 2063 φύσει
3603 1995 3772 2065 βαρὺ,
3800 1995 3897 2049 κᾶν

2348 2087 2436 2157 ὑφ’
2480 2088 2635 2158 ἡμῶν
2676 2088 2709 2157 ἡ
2755 2103 2895 2149 τινος
2947 2087 3138 2150 ἔξωθεν
3186 2084 3413 2153 φυσικῆς
3462 2084 3898 2155 προσγενομένης

2349 2176 2493 2246 αὑτῷ
2530 2176 2853 2246 κουφότητος
2879 2175 2987 2227 ἄνω
3025 2175 3270 2245 φέρηται,
3300 2176 3373 2238 ὡς
3410 2176 3537 2227 αὐτὸ
3573 2175 3783 2243 ὁμοίως
3810 2174 3896 2225 ἐπὶ

2348 2268 2443 2338 τὴν
2467 2270 2669 2321 οίκείαν
2696 2268 2855 2337 φύσιν
2877 2268 3023 2320 κάτω
3060 2266 3331 2334 βιάζεταις
3374 2265 3602 2335 Ὁμοίως
3627 2266 3685 2317 δέ
3716 2265 3813 2318 καὶ
3843 2264 3898 2315 τὸ

2350 2360 2505 2427 φύσει
2535 2358 2753 2426 κοῦφον,
2785 2356 2924 2409 κατὰ
2956 2355 3049 2417 τὰς
3091 2354 3277 2423 ὁμοίας
3307 2353 3500 2419 ἔξωθεν
3541 2355 3722 2417 αἰτίας
3751 2356 3897 2406 κάτω

2351 2450 2661 2519 φερόμενον,
2698 2447 2772 2510 ὼς
2804 2446 2932 2497 αὐτὸ
2984 2444 3181 2514 ὁμοίως
3232 2445 3321 2496 ἐπὶ
3362 2443 3430 2495 τὰ
3457 2444 3567 2497 ἄνω
3609 2444 3893 2513 βιάζεται;

2348 2540 2429 2592 Τὰ
2454 2538 2558 2609 γὰρ
2590 2541 2651 2590 ἐκ
2694 2538 2785 2591 δύο
2828 2537 2985 2589 τινῶν
3028 2536 3271 2604 ἀλλήλοις
3309 2537 3559 2590 ἐναντίων
3589 2538 3673 2598 εἰς
3702 2534 3895 2587 ταυτὸν

2350 2628 2674 2697 συναχθέντα
2710 2628 2961 2681 ἀδύνατον
2998 2630 3056 2680 ἐν
3082 2627 3157 2696 τῷ
3187 2626 3331 2695 αὐτῷ
3363 2626 3450 2678 ἀεὶ
3479 2623 3637 2687 εἶναι,
3672 2626 3749 2696 μὴ
3782 2642 3895 2696 τρι-

2349 2736 2439 2771 του
2472 2719 2613 2780 τινὸς
2646 2719 2745 2787 τῆς
2781 2718 2886 2769 τῶν
2929 2718 3095 2769 ὄντων
3126 2718 3308 2778 οὐσίας
3340 2717 3426 2769 ἀεὶ
3460 2717 3667 2778 ἐνόντος
3692 2717 3892 2778 αὐτοῖς.

2364 2808 2518 2862 Ἀλλά
2542 2810 2647 2878 γάρ
2673 2810 2769 2861 οὑκ
2807 2809 2920 2861 ἐστι
2963 2808 3103 2877 ψυχὴ
3133 2809 3309 2877 τρίτον
3351 2824 3401 2859 τι
3442 2810 3670 2877 πρᾶγμα
3701 2809 3770 2859 ἐκ
3810 2805 3898 2859 δύο

2351 2899 2601 2952 ἐναντίων
2632 2898 2871 2970 ἀλλήλοις
2900 2898 3163 2957 σύνθετον,
3201 2897 3399 2969 ἀπλοῦν
3430 2897 3486 2948 δὲ
3510 2898 3601 2949 καὶ
3628 2900 3695 2967 τῇ
3734 2896 3894 2949 αὐτοῦ

2352 2990 2508 3058 φύσει
2537 2991 2739 3052 ἀπαθὲς
2766 2992 2857 3042 καὶ
2886 2988 3385 3059 ἁσὼματον.““οθεν
3422 2988 3667 3051 Πλάτων,
3714 2990 3814 3041 καὶ
3852 2990 3896 3039 οἱ

2355 3084 2473 3152 μετ’
2521 3081 2702 3144 αὐτοῦ,
2736 3080 2994 3134 ἀθάνατον
3036 3079 3200 3149 αὐτὴν
3244 3079 3445 3146 ἔφασαν
3486 3074 3641 3131 εἶναι.
3684 3079 3896 3146 Ἐπειδὴ

2352 3171 2407 3222 δὲ
2433 3170 2521 3223 τὸν
2548 3170 2823 3241 ἄνθρωπον
2856 3172 2917 3221 ἐκ
2941 3167 3113 3237 ψυχῆς
3144 3169 3235 3219 καὶ
3281 3167 3523 3237 σώματος
3570 3170 3748 3232 κοινός
3786 3171 3897 3221 ἐστι

2354 3262 2563 3315 πάντων
2589 3262 2741 3329 λόγος
2765 3262 3058 3328 γεγονέναι,
3089 3261 3155 3313 τὰ
3188 3262 3231 3313 δ’
3256 3262 3312 3313 ἐν
3334 3262 3464 3330 ἡμῖν
3490 3260 3617 3312 ἄνευ
3650 3259 3897 3329 σώματος

2360 3349 2613 3412 ἑκουσίως
2651 3351 2742 3402 καὶ
2774 3350 3032 3411 ἀκουσίως
3075 3349 3362 3418 γιγνόμενα
3397 3348 3539 3416 πάθη
3583 3350 3683 3417 τῆς
3724 3348 3898 3418 ψυχῆς

2354 3437 2487 3490 εἶναι
2527 3438 2759 3505 λέγεται,
2807 3442 2854 3489 οἱ
2897 3440 2993 3506 μὲν
3040 3438 3240 3499 πολλοὶ,
3273 3438 3442 3508 τούτῳ
3478 3440 3896 3509 τεκμαιρόμενοι

2354 3528 2430 3598 τῷ
2462 3528 2570 3597 (45)
2601 3529 2840 3598 παθητὴν
2867 3525 2998 3581 εἶναι
3021 3529 3114 3599 τὴν
3135 3531 3315 3581 οὐσίαν
3350 3530 3534 3597 αὐτῆς,
3572 3529 3772 3599 Θνητὴν
3804 3532 3895 3581 αὐ-

2356 3619 2450 3688 τὴν
2475 3614 2611 3671 εῖναι
2638 3618 2866 3686 λέγουσι,
2895 3621 2985 3671 καὶ
3031 3619 3379 3688 σωματοειδῆ,
3411 3618 3521 3670 ἀλλ’
3551 3621 3649 3671 οὐκ
3676 3620 3893 3690 ἀσώμα-

2356 3725 2444 3760 τον
2468 3725 2480 3738 ·
2516 3710 2543 3760 ὁ
2581 3708 2635 3760 δὲ
2677 3708 2916 3767 Πλάτων.
2949 3710 3024 3778 τῷ
3053 3710 3207 3777 φύσει
3246 3710 3412 3779 αὐτῆς
3439 3710 3643 3762 ἀπαθεῖ
3693 3727 3893 3780 προση-

2359 3798 2632 3882 ναγκᾴσθη
2674 3799 2767 3867 τὴν
2802 3799 3041 3869 παθητὴν
3067 3800 3249 3851 οὐσίαν
3290 3801 3641 3869 προσοφείναι.
3684 3802 3804 3853 Ὀτι
3842 3800 3893 3851 δὲ

2362 3889 2437 3958 μὴ
2473 3890 2666 3959 ἑτέρως
2703 3889 2833 3958 ἔχει,
2882 3892 2939 3955 ἐξ
2984 3884 3055 3944 ὧν
3100 3892 3342 3961 ἑκάτεροι
3376 3892 3644 3961 εἰρήκασι,
3676 3893 3892 3945 Πλάτων

2360 3994 2419 4030 τε
2463 3980 2553 4030 καὶ
2598 3980 2646 4029 οἱ
2676 3978 2838 4042 ἄλλοι,
2879 3981 3238 4050 πειρασόμεθα
3265 3981 3340 4050 τῷ
3368 3982 3525 4048 λόγῳ,
3553 3983 3650 4043 τὰς
3675 3983 3734 4035 ἐν
3770 3984 3893 4051 ἡμῖν

2359 4065 2678 4136 ἐνεργούσας
2720 4067 2970 4138 δυνάμεις
3023 4068 3388 4137 παραθέντες.
3446 4068 3825 4138 προσϐιϐάσαι.
3872 4091 3888 4120 ι

2360 4153 2543 4206 Ταῦτά
2574 4170 2661 4223 μοι
2701 4154 2805 4206 ἀπὸ
2850 4156 2956 4207 τῶν
2989 4155 3222 4225 Σεόήρου
3270 4156 3362 4207 τοῦ
3392 4158 3731 4210 Πλατωνικοῦ
3777 4159 3891 4228 περὶ

2360 4242 2534 4312 ψυχῆς
2578 4244 2900 4313 προκείσθω.
2941 4230 3136 4312 natm
3177 4246 3232 4298 δὲ
3268 4246 3399 4317 πρὸς
3442 4252 3552 4310 τοῖς
3597 4250 3891 4319 εἰρημένοις

2363 4328 2455 4377 καὶ
2486 4328 2621 4389 τόδε,
2649 4330 2773 4397 περὶ
2804 4330 2899 4399 τῆς
2924 4332 3147 4400 οὐρανοῦ
3179 4334 3394 4385 καὶτῶν
3426 4336 3483 4387 ὲν
3512 4336 3656 4407 αὐτῷ
3684 4346 3890 4404 qna-:1;-

730 4420 832 4474 bus
858 4418 1160 4473 nolentibus
1184 4419 1570 4472 commotiones
1602 4416 1889 4477 exsistunt,
1918 4417 2097 4468 animo
2125 4417 2251 4468 assi-

2365 4434 2472 4485 ρων
2506 4419 2695 4487 ἀρχῆςσ

730 4522 959 4581 gnantur
984 4510 1265 4575 universas,
1285 4517 1528 4563 naturam
1565 4510 1683 4579 ejus
1716 4509 1965 4578 patiendo
2008 4506 2297 4561 'obnoxiam
2355 4524 2475 4563 esse
2521 4512 2864 4578 conjicientes
2923 4516 3045 4571 inde
3103 4519 3373 4587 plerique,
3431 4521 3709 4575 mortalem
3749 4522 3887 4575 illum

730 4612 889 4671 atque
914 4617 1248 4672 corporeum,
1283 4617 1390 4656 non
1443 4603 1683 4671 corporis
1733 4611 2003 4670 expertem
2042 4616 2161 4655 esse
2225 4603 2573 4657 contendunt.
2632 4603 2780 4662 Plato
2821 4621 2995 4664 autem
3046 4612 3110 4664 ad
3159 4613 3298 4665 illam
3344 4612 3462 4680 ejus
3505 4624 3734 4684 partem,
3784 4632 3889 4685 qua:

731 4703 919 4764 suapte
961 4704 1153 4750 natura
1194 4709 1407 4750 onmem
1453 4696 1683 4764 patiendi
1734 4696 2106 4779 necessitatem
2169 4696 2491 4759 excluderet,
2540 4697 2765 4753 alteram
2821 4704 2960 4758 hanc
3003 4718 3064 4758 ex
3106 4719 3224 4758 sese
3270 4706 3554 4774 patientem
3613 4709 3888 4779 adjungerc

729 4795 947 4841 coactus
974 4793 1075 4841 est.
1107 4786 1257 4853 Quod
1286 4796 1461 4839 autem
1499 4786 1613 4841 hac
1643 4787 1857 4841 illorum
1887 4787 2138 4850 utrinque
2169 4802 2266 4839 nec
2305 4787 2406 4841 alia
2454 4788 2587 4843 ratio
2648 4789 2834 4857 fuerit,
2877 4810 2944 4849 ex
2975 4797 3040 4848 iis
3091 4811 3210 4865 quae
3244 4810 3365 4863 cum
3408 4810 3439 4849 a
3481 4794 3724 4862 Platone,
3785 4807 3884 4851 tum

731 4876 891 4931 etiam
954 4876 1020 4930 ab
1075 4878 1195 4930 aliis
1244 4876 1621 4945 disputantur,
1668 4879 1977 4941 ostendere,
2032 4890 2094 4929 ac
2142 4876 2302 4928 simul
2340 4876 2634 4933 effectrices
2681 4881 2820 4947 illas,
2849 4900 2967 4952 qua:
3009 4886 3162 4939 nobis
3208 4886 3381 4938 insita
3431 4895 3577 4953 sunt,
3621 4887 3885 4943 facultates

731 4980 976 5058 promere
1020 4980 1083 5019 ac
1111 4965 1347 5033 proferre
1368 4954 1703 5020 conabimur.
1745 4983 1763 5015 ι
1796 4964 2067 5019 Hactenus
2103 4962 2583 5033 SeveriPlatonici
2627 4972 2807 5027 verba.
2855 4972 2969 5027 1am
3012 4975 3079 5029 de
3120 4974 3276 5039 celi,
3308 4974 3478 5043 deque
3519 4976 3882 5034 collueentium

732 5059 805 5113 toi
833 5056 1081 5113 siderum
1115 5057 1396 5127 principio,
1440 5058 1573 5127 quid
1618 5056 1769 5110 Plato
1810 5058 2041 5111 senserit
2076 5056 2373 5112 videamus.
3682 5062 3689 5068 ‘

800 5232 911 5302 (ιι)
955 5232 1024 5287 Τὸ
1059 5231 1346 5302 μαλακόν.
1380 5231 1504 5286 Post
1531 5232 1643 5288 haec
1673 5231 1855 5293 verba,
1884 5232 2108 5285 duarum
2138 5246 2260 5285 sen-

730 5300 1018 5357 tentia‘rum
1068 5300 1431 5370 trajectionem
1475 5304 1763 5370 contigisse
1800 5308 1959 5367 puto;
2014 5302 2261 5369 proinde-

732 5316 1018 5357 tenuarum
1068 5316 1431 5423 traiectionem
1475 5316 1763 5370 contigisse
1800 5316 1959 5367 puto;
2014 5316 2261 5369 promue-

732 5378 837 5439 que
865 5372 945 5424 sic
980 5372 1127 5439 leget)
1171 5369 1380 5439 um,rt‘o
1409 5370 1663 5437 μαλακὸν,
1700 5372 1763 5439 τῇ
1790 5385 1849 5439 τε
1885 5370 2079 5439 ἀπαθεῖ
2109 5370 2265 5439 οὐσίᾳ

737 5438 866 5507 πρὸς
885 5440 979 5509 τὴν
1003 5438 1263 5510 παθητὴν,
1288 5437 1379 5491 καὶ
1405 5439 1533 5490 πᾶσι
1556 5441 1666 5499 τοῖς
1683 5437 1935 5500 τοιούτοις
1960 5437 2265 5508 μίαν⁰ἀλλην

2365 5235 2575 5319 πάντων
2613 5240 2890 5319 κοινωνίαν
2909 5256 2924 5270 ·
2945 5240 3011 5292 τὰ
3045 5238 3103 5291 δὲ
3125 5240 3406 5319 κραθέντα,
3433 5251 3535 5299 ειε.
3559 5242 3735 5313 Quam
3766 5256 3880 5298 oon—

2363 5314 2622 5373 jecturam
2655 5314 2708 5360 in
2736 5314 2978 5362 versione
3004 5318 3219 5365 secutus
3244 5326 3384 5367 sum.

2440 5374 2548 5442 (ιε)
2586 5364 2745 5431 Forte
2772 5376 2851 5441 τό,
2889 5377 2969 5431 vel
2999 5376 3133 5432 dele.
