4010 6342
724 340 860 392 1159

1357 337 1620 393 EUSEBII
1660 338 2124 393 CAESARIENSIS
2160 338 2304 393 OPP.
2344 339 2517 393 PARS
2551 339 2614 395 ll.
2654 369 2721 379 -——
2759 310 3244 394 A‘POLOGETICA'.

3745 341 3878 394 1160

724 463 778 509 ει
822 470 1040 508 numero
1085 445 1346 523 quatuor,
1390 456 1550 523 hujus
1609 457 1789 509 mundi
1834 471 2028 523 corpus
2059 471 2239 508 secum

2363 456 2518 525 ιύκλῳ
2554 456 2616 526 δὴ
2653 455 2759 525 (55)
2797 456 2988 508 κύκλον
3030 457 3404 526 στρεφόμενον,
3445 457 3667 526 οὐρανὸν
3727 456 3883 523 μόνον

724 554 845 613 apte
867 546 1206 598 consentiens
1240 545 1482 598 ellectum
1509 554 1626 598 est:
1658 556 1767 598 tum
1805 561 1866 598 ea
1891 561 2009 599 sese
2059 545 2262 624 amici:

725 639 795 691 tia
851 637 1071 705 proinde
1122 636 1523 703 complectitur,
1581 645 1638 689 ut
1695 636 1746 687 in
1783 652 1944 688 unum
1994 652 2085 704 per
2130 651 2247 689 sese

725 729 1048 790 coalescens,
1090 727 1156 780 ab
1213 727 1352 791 alio,
1403 741 1563 793 quam
1615 727 1682 777 ab
1736 741 1835 787 eo,
1867 725 2247 792 cujus-manu

725 819 1030 885 colligatum
1082 824 1180 880 est,
1232 816 1447 868 dispolvi
1496 830 1764 883 nunquam
1794 815 1979 882 possit.
2019 833 2038 864 ι
2092 811 2246 880 703

726 909 930 972 Quibus
976 908 1087 959 haec
1135 915 1254 974 post
1303 905 1556 957 nonnulla
1591 905 1900 973 subjungit:
1939 923 1956 953 ι
1997 903 2247 954 Animum

725 1009 901 1053 autem
927 999 1041 1065 ejus
1067 999 1117 1050 in
1150 998 1322 1055 medio
1348 997 1684 1060 collocatum,
1718 997 1787 1049 ita
1825 1011 1916 1064 per
1941 995 2250 1047 universum

726 1090 928 1151 ctIudit,
959 1099 1015 1140 ut.
1047 1089 1218 1156 ipsum
1243 1102 1452 1154 quoque
1477 1102 1672 1154 corpus
1699 1086 2034 1139 extrinsecus
2062 1099 2125 1136 eo
2147 1083 2251 1137 cir—

725 1181 1080 1234 cumfuderit:
1118 1180 1355 1245 adeoque
1401 1178 1656 1229 mundum
1682 1178 1843 1238 hunc,
1870 1178 2052 1228 orbem
2086 1191 2250 1228 unum

727 1272 978 1338 aliquem,
998 1269 1194 1335 quique
1223 1268 1272 1317 in
1307 1267 1486 1319 orbem
1513 1266 2253 1328 converterentur,eumdein-

727 1377 832 1430 que
888 1357 1058 1413 solum
1106 1374 1167 1410 ac
1209 1358 1323 1411 sine
1356 1357 1670 1425 cujusquam
1723 1358 1939 1410 alterius
1985 1356 2252 1409 consortio

730 1467 851 1505 esse
886 1451 1073 1503 voluit.
1104 1468 1119 1497 I
1154 1450 1325 1516 Atque
1353 1449 1541 1500 iterum
1573 1446 1793 1499 inferius
1834 1466 1844 1498 :
1883 1467 1898 1495 ι
1937 1447 2048 1498 lloc
2071 1447 2250 1514 igitur,

733 1543 925 1611 inquit,
971 1541 1160 1609 divinae
1208 1537 1551 1604 providentia
1605 1538 1862 1595 consilio,
1911 1538 1985 1588 uti
2044 1547 2253 1602 tempus

730 1635 1026 1694 exsisteret,
1055 1630 1155 1692 sol,
1183 1630 1329 1688 luna.
1358 1643 1419 1680 ac
1445 1634 1628 1680 czetera
1654 1629 1887 1696 quinque
1910 1629 2078 1680 sidera
2106 1643 2255 1694 ,ηοω

727 1724 886 1792 vulgo
907 1721 1136 1775 errantia
1167 1719 1527 1781 nominantur,
1553 1726 1831 1786 procreata
1857 1726 1999 1776 sunt.
2023 1732 2252 1784 quorum

2341 547 2434 598 ἕνα
2463 547 2658 616 ἔρημον
2683 547 2994 614 κατέστησε.
3029 566 3046 597 ι
3083 548 3188 598 Καὶ
3218 545 3374 598 πάλιν
3402 546 3605 607 ὑποϐάς
3631 545 3881 615 ἐπιφέρει

2343 637 2536 704 λέγων·
2574 657 2591 687 ι
2632 637 2721 702 Ἐξ
2752 632 2841 689 οὖν
2877 639 3032 705 λόγου
3069 637 3177 707 (56)
3218 638 3309 690 καὶ
3345 637 3576 700 διανοίας
3609 637 3748 689 Θεοῦ
3779 655 3884 690 τοι·

2345 728 2508 796 αύτης
2529 728 2659 798 πρὸς
2684 730 2868 798 χρόνου
2891 731 3115 796 γένεσιν,
3143 730 3227 781 ἵνα
3249 728 3445 798 γενηθῇ
3477 729 3684 798 χρόνος,
3712 729 3880 797 ἣλιος,

2347 817 2436 868 καὶ
2474 817 2683 887 σελήνη,
2717 818 2808 868 καὶ
2856 819 3011 869 πέντε
3051 817 3181 870 ἄλλα
3211 818 3400 886 ἄστρα,
3425 818 3653 887 ἐπίκλην
3694 818 3882 886 ἔχοντα

2348 907 2629 976 πλάνητες,
2658 909 2736 969 εἰς
2761 907 3030 976 διορισμὸν
3059 909 3151 960 καὶ
3187 907 3424 977 φυλακὴν
3461 907 3708 978 ἀριθμῶν
3758 908 3880 976 χρό-

2329 1015 2435 1048 .νου
2478 999 2688 1064 γέγονε·
2727 997 2945 1066 σώματα
2989 998 3042 1049 δὲ
3083 997 3256 1049 αὐτῶν
3298 999 3538 1049 ἑκάστων
3579 998 3818 1066 ποιήσας
3858 1001 3884 1049 ὁ

2348 1087 2494 1149 Θεὸς,
2521 1088 2706 1157 ἔθηκεν
2735 1091 2811 1150 εἰς
2842 1088 2936 1150 τὰς
2966 1087 3277 1158 περιφορὰς,
3307 1088 3370 1151 ἃς
3395 1091 3429 1159 ἡ
3471 1090 3695 1159 θατέρου
3743 1088 3886 1156 περί-

2349 1179 2459 1241 οδος
2507 1179 2608 1247 ᾔει.
2653 1198 2668 1228 ι
2717 1180 2824 1230 Καὶ
2863 1179 3128 1246 ἐπιλέγει·
3183 1198 3200 1228 ι
3239 1182 3461 1249 Δεσμοῖς
3515 1199 3572 1233 τε
3621 1179 3883 1249 ἐμψύχοις

2352 1270 2571 1340 σώματα
2619 1271 2832 1322 δεθέντα
2883 1270 2992 1333 ζῶα
3043 1271 3288 1341 ἐγενήθη,
3342 1271 3400 1323 τό
3453 1287 3511 1322 τε
3578 1271 3883 1341 προσαχθὲν

2350 1362 2532 1432 ἔμαθε.
2571 1383 2586 1412 υ
2634 1363 2742 1413 Kal.
2788 1363 2843 1416 ἐν
2887 1362 2961 1430 τῷ
3001 1363 3207 1432 δεκάτῳ
3254 1361 3368 1414 τῶν
3403 1360 3612 1429 Νόμων
3656 1361 3882 1414 nth

2350 1453 2473 1522 περὶ
2497 1453 2669 1521 πάσης
2691 1452 2862 1522 ψυχῆς
2891 1453 3274 1519 ἀποφαίνεται,
3293 1452 3459 1518 λέγων
3483 1447 3584 1504 diae
3601 1469 3618 1482 ο
3655 1473 3672 1503 ι
3716 1453 3886 1505 Μετα-

2351 1544 2530 1594 6άλλει
2575 1543 2817 1610 μέντοιγε
2859 1543 2965 1611 (57-)
3007 1542 3156 1595 πάνθ’
3185 1544 3282 1594 ὅσα
3310 1542 3508 1611 μέτοχά
3534 1544 3647 1594 ἐστι
3684 1543 3882 1611 ψυχῆς,

2353 1636 2408 1686 ἐν
2462 1635 2665 1694 ἑαυτοῖς
2715 1635 3017 1704 κεκτημένα
3060 1635 3157 1704 τὴν
3207 1634 3304 1702 τῆς
3340 1633 3631 1702 μεταϐολῆς
3683 1633 3882 1686 αἰτίαν.

2353 1723 2728 1774 Μεταϐαλόντα
2755 1723 2808 1773 δὲ
2837 1723 3052 1792 φέρεται
3092 1723 3198 1791 (58)
3233 1722 3372 1775 κατὰ
3413 1723 3509 1794 τὴν
3547 1723 3646 1791 τῆς
3691 1726 3886 1793 εἱμαρο

729 1823 878 1868 motu
909 1825 1251 1864 numerorum
1297 1808 1549 1875 temporis
1575 1816 1628 1860 et
1653 1817 1865 1859 exstare
1895 1806 2051 1868 rat-io,
2079 1816 2131 1857 et
2158 1806 2255 1856 oh-

2363 1813 2518 1883 μένης
2565 1814 2713 1876 τάξιν
2761 1814 2851 1865 καὶ
2889 1814 3080 1882 νόμον·
3133 1817 3424 1884 μικρότερα
3464 1793 3558 1882 μὲν
3606 1812 3716 1865 τῶν
3749 1812 3886 1881 ἠθῶν

730 1894 932 1960 servari
959 1910 1153 1971 posset.
1189 1899 1388 1952 Horum
1419 1913 1644 1965 corpora
1688 1896 2018 1963 singulorum
2047 1895 2258 1946 molitus

730 1997 895 2059 Deus,
927 1995 993 2047 iis
1015 1992 1262 2044 manibus
1289 1990 1487 2042 servire
1513 1990 1695 2056 jussit,
1726 2003 1861 2054 quos
1887 1986 2104 2038 alterius
2129 2000 2259 2037 con—

732 2087 911 2141 versio
937 2085 1185 2138 eiﬁceret.
1218 2101 1237 2132 ι
1272 2080 1336 2132 Ει
1384 2080 1543 2147 paulo
1592 2087 1709 2146 post
1748 2095 1762 2129 :
1811 2096 1827 2127 ι
1865 2075 2017 2139 Haec,
2067 2075 2257 2142 inquit,

735 2191 960 2245 corpora
994 2172 1245 2226 animatis
1270 2171 1497 2224 vinculis
1525 2170 1791 2238 colligata,
1823 2169 2110 2220 animantia
2141 2183 2264 2220 eva-

735 2284 872 2331 sere,
902 2277 1058 2334 atque
1084 2261 1325 2332 imperati
1357 2263 1457 2316 sibi
1485 2263 1718 2315 rationes
1749 2274 2064 2327 cognovere.
2085 2278 2102 2309 )
2122 2256 2261 2311 Idem

735 2373 863 2412 vero
892 2356 1082 2424 Legum
1118 2355 1327 2407 decimo
1361 2353 1605 2405 universe
1656 2351 1721 2402 de
1769 2350 1911 2401 omni
1968 2349 2147 2401 animo
2188 2349 2265 2400 sic

734 2449 968 2516 loquitur
995 2464 1008 2498 :
1040 2463 1059 2496 ι
1092 2443 1359 2510 Quidquid
1392 2443 1569 2494 animo
1606 2439 1882 2508 prmditum
1931 2447 2031 2501 est,
2059 2438 2263 2504 inquit,

735 2539 787 2592 id
819 2551 995 2598 omne,
1025 2535 1164 2602 quod
1197 2533 1507 2586 mutationis
1531 2531 1582 2582 in
1618 2545 1736 2584 sese
1785 2544 2001 2582 causam
2046 2528 2264 2591 habeat,

737 2637 971 2681 mutetur
1017 2640 1233 2678 necesse
1279 2632 1379 2676 est.
1429 2620 1546 2684 ()uo
1579 2621 1634 2672 in
1687 2619 1997 2672 mutationis
2055 2633 2265 2686 genere,

711 2702 948 2785 'singula
979 2714 1071 2767 fati
1101 2714 1341 2767 ordinem
1375 2726 1438 2764 ac
1489 2711 1652 2777 legem
1685 2718 1996 2776 sequuntur.
2022 2705 2116 2770 lla,
2151 2722 2268 2774 quae

737 2806 851 2860 suis
873 2805 925 2857 in
959 2804 1199 2856 moribus
1234 2802 1440 2853 minora
1469 2807 1672 2852 tantum
1700 2798 1878 2865 aliqua
1913 2797 2265 2860 mutaverint,

737 2910 801 2949 ea
834 2895 1011 2947 minus
1036 2893 1288 2960 depressa
1320 2905 1414 2958 per
1452 2903 1720 2944 summum
1755 2888 2013 2939 duntaxat
2040 2886 2270 2954 regionis

740 2985 911 3038 solum
959 2968 1240 3045 incedunt;
1271 2994 1388 3047 quae
1424 2978 1576 3046 plura
1620 2976 1968 3045 gravioraque
2015 2989 2267 3042 peccave-

2359 1904 2734 1974 μεταϐαλόντα,
2778 1904 2977 1956 ἐλάττω
3008 1904 3144 1955 κατὰ
3182 1904 3243 1955 τὸ
3279 1903 3375 1971 τῆς
3419 1901 3598 1973 χώρας
3640 1901 3888 1954 ἐπίπεδον

2359 1993 2805 2064 μεταπορεύεται·
2855 1991 3016 2043 πλείω
3064 1992 3117 2044 δέ
3159 1991 3250 2044 καὶ
3294 1990 3611 2060 ἀδικώτερα,
3659 2007 3894 2059 μεταπε-

2358 2087 2512 2137 σόντα
2550 2087 2625 2146 εἰς
2667 2082 2844 2151 βάθος.
2878 2101 2896 2134 ι
2930 2083 2990 2133 Et
3028 2083 3090 2152 δὴ
3119 2078 3208 2134 οὖν
3240 2081 3555 2151 μεταϐάλλει
3595 2082 3702 2151 (59)
3739 2081 3888 2134 πάνθ’

2357 2176 2452 2226 ὃσα
2485 2174 2679 2242 μέτοχά
2722 2177 2834 2224 ἐστι
2878 2172 3070 2241 ψυχῆς,
3105 2175 3161 2224 ἐν
3204 2174 3407 2235 ἑαυτοῖς
3460 2153 3772 2242 κεκτημένα
3803 2173 3891 2241 τὴν

2358 2266 2452 2333 τῆς
2494 2264 2785 2334 μεταϐολῆς
2811 2264 3002 2326 αἰτίαν,
3041 2265 3260 2332 οὐρανὸς
3288 2263 3343 2315 δὲ
3375 2265 3467 2316 καὶ
3496 2263 3645 2332 ἥλιος
3676 2264 3774 2315 καὶ
3815 2280 3895 2313 σε·

2359 2354 2486 2428 λήνη
2532 2351 2729 2421 μέτοχά
2756 2354 2868 2403 ἐστι
2909 2350 3102 2418 ψυχῆς,
3139 2352 3254 2402 κατ’
3284 2350 3440 2402 αὑτὸν
3480 2352 3569 2402 τὸν
3604 2351 3889 2403 Πλάτωνα’

2362 2446 2453 2495 καὶ
2479 2442 2646 2496 ταῦτα
2677 2442 2781 2511 ἄρα
2813 2441 3121 2508 μεταϐάλλοι
3151 2441 3233 2503 ἂν,
3268 2441 3323 2492 ἐν
3355 2441 3563 2502 ἑαυτοῖς
3589 2440 3894 2510 κεκτημένα

2361 2536 2456 2602 τὴν
2498 2535 2592 2602 τῆς
2638 2531 2932 2602 μεταϐολῆς
2973 2531 3168 2592 αἰτίαν,
3211 2529 3348 2583 κατὰ
3386 2530 3475 2582 τὸν
3522 2530 3683 2582 αὐτοῦ
3716 2530 3890 2596 λόγον.

2361 2624 2482 2686 Πῶς
2514 2619 2602 2675 οὖν
2642 2623 2797 2674 πάλιν
2844 2621 3041 2683 ἀϊδίους
3089 2622 3281 2682 αὐτοὺς
3320 2616 3474 2682 εἶναι,
3502 2622 3595 2673 καὶ
3631 2621 3715 2672 διὰ
3748 2621 3895 2672 τοῦτο

2363 2717 2515 2779 θεούς
2559 2733 2707 2785 φησι,
2742 2714 2939 2782 καίπερ
2981 2714 3037 2765 ἐν
3081 2713 3286 2782 σώματι
3331 2711 3550 2781 φθαρτῷ
3578 2712 3760 2775 ὄντας,
3810 2712 3895 2762 καὶ

2364 2807 2594 2874 λυθῆναι,
2633 2806 2772 2867 οἴους
2813 2821 2907 2869 τες
2942 2804 3098 2870 Λέγει
3129 2803 3171 2853 δ’
3221 2799 3310 2855 οὖν
3343 2802 3499 2854 πάλιν
3545 2803 3602 2853 ἐν
3652 2802 3892 2869 Τιμαίῳ·

2372 2915 2390 2947 ι
2436 2897 2581 2948 Ἐπεὶ
2608 2895 2650 2945 δ’
2683 2891 2772 2946 οὖν
2805 2894 2997 2955 πάντες
3023 2894 3133 2944 ὅσοι
3175 2909 3232 2943 τε
3273 2891 3621 2960 περιπολοῦσι
3656 2889 3896 2961 φανερῶς

2367 2985 2457 3037 καὶ
2489 2985 2597 3036 ὅσοι
2630 2984 2917 3050 φαίνονται,
2943 2981 3163 3033 καθόσον
3189 2980 3254 3033 ἂν
3284 2979 3499 3032 ἐθέλωσι
3537 2979 3668 3045 θεοὶ,
3693 2979 3900 3046 γένεσιν

740 3075 870 3138 rint,
893 3072 1157 3142 profundo
1186 3069 1392 3138 gurgite
1422 3068 1762 3121 hauriuntur.
1797 3081 1816 3116 ι
1850 3064 1905 3117 Si
1947 3079 2072 3132 ergo
2111 3063 2266 3132 quid-

2370 3058 2539 3144 ἔσχον,
2588 3073 2909 3144 λέγει“πρὺς
2945 3072 3135 3133 αὐτοὺς
3178 3073 3208 3124 ό
3248 3071 3358 3121 τόδε
3396 3070 3453 3121 τὸ
3493 3071 3597 3121 πᾶν
3641 3073 3896 3139 γεννήσας

741 3166 870 3235 quid
896 3164 1077 3218 animo
1096 3161 1375 3230 praeditum
1405 3167 1506 3220 est,
1533 3158 1668 3210 idem
1690 3164 1772 3210 est
1792 3156 2072 3208 mutationi
2101 3155 2268 3208 obno-

743 3257 914 3318 xium,
951 3253 1102 3322 cujus
1148 3252 1199 3302 in
1247 3264 1363 3303 sese
1394 3263 1610 3301 causam
1643 3246 1906 3309 includat;
1951 3246 2140 3298 cmlum
2172 3259 2268 3296 au-

748 3350 875 3402 tem,
907 3339 1006 3402 sol,
1035 3347 1194 3404 atque
1228 3336 1374 3398 luna,
1411 3344 1468 3386 ut
1499 3333 1646 3386 Plato
1696 3334 1805 3400 ipse
1851 3333 2052 3395 statuit,
2091 3332 2268 3384 animo

745 3431 961 3500 praedita
993 3435 1150 3492 sunt;
1186 3427 1367 3479 eadem
1404 3439 1617 3493 quoque
1641 3428 1764 3477 sunt
1797 3423 2076 3476 mutationi
2104 3422 2270 3474 obno-

747 3521 855 3584 xia,
879 3519 1031 3585 cujus
1059 3518 1109 3569 in
1142 3531 1257 3570 sese
1283 3529 1499 3568 causam
1549 3513 1842 3574 includant,
1891 3513 1933 3565 si
1962 3511 2087 3579 quid
2117 3510 2272 3563 etiicit

745 3609 864 3675 ejus
892 3605 1248 3659 ratiocinatio.
1281 3603 1434 3668 Quod
1461 3602 1506 3655 si
1552 3602 1624 3655 ita
1652 3610 1752 3662 est,
1786 3602 2055 3668 quomodo
2085 3615 2272 3652 rursus

747 3689 1096 3749 reternitatem
1118 3695 1170 3746 in
1195 3694 1318 3757 illis,
1336 3709 1397 3746 ac
1416 3693 1636 3760 proinde
1652 3692 1985 3744 divinitatem
2012 3689 2271 3758 agnoscit,

749 3801 873 3838 cum
905 3800 970 3836 ex
1019 3783 1220 3836 caduco
1261 3783 1576 3848 mortalique
1620 3795 1846 3848 corpore
1881 3787 2128 3832 concreta
2162 3778 2273 3830 dis-

752 3875 885 3928 solvi
935 3871 1226 3940 aliquando
1264 3870 1508 3939 possint?
1539 3869 1671 3922 Nam
1722 3870 1775 3921 in
1819 3868 2009 3922 Timwo
2061 3867 2273 3935 quidem

756 3965 869 4016 haec
897 3962 1009 4030 ipse
1043 3980 1053 4012 :
1096 3984 1113 4010 ι
1149 3959 1410 4024 Quoniam
1460 3958 1640 4027 igitur,
1696 3958 1907 4026 inquit,
1960 3958 2031 4011 dii
2067 3973 2274 4020 omnes,

752 4063 859 4107 tam
886 4053 977 4121 qui
1003 4051 1176 4119 palam
1208 4050 1492 4104 volvuntur
1514 4050 1567 4101 in
1600 4048 1755 4112 cmlo,
1785 4063 1945 4116 quam
1978 4046 2067 4115 qui
2090 4046 2276 4100 viden-

753 4145 852 4197 dos
884 4158 1002 4198 sese
1040 4143 1193 4196 nobis
1227 4157 1322 4209 pro
1369 4141 1639 4194 voluntate
1670 4140 1923 4208 praebent,
1957 4147 2132 4191 ortum
2178 4138 2277 4190 hac

755 4234 938 4294 buere,
969 4231 1047 4284 sic
1081 4245 1174 4284 eos
1222 4231 1456 4283 universi
1484 4228 1642 4296 hujus
1667 4227 1908 4280 conditor
1942 4225 2230 4293 alloquitur
2261 4240 2275 4277 :

757 4322 880 4378 Haec
912 4338 1026 4386 vos,
1080 4322 1171 4389 qui
1219 4323 1439 4374 deorum
1480 4330 1599 4373 satu
1639 4319 1743 4372 orti
1783 4317 1946 4380 estis,
2002 4316 2276 4368 attendite.

2364 3169 2522 3242 raﬁsj
2555 3168 2675 3219 Θεοὶ
2720 3165 2873 3226 θεῶν,
2907 3158 2979 3215 ὧν
3011 3163 3117 3229 ἐγὼ
3148 3160 3468 3231 δημιουργὸς
3513 3161 3698 3230 πατήρ
3728 3177 3787 3213 τε
3817 3159 3898 3229 ερ-

2366 3277 2492 3328 γων,
2527 3259 2690 3311 ἄλυτα
2728 3256 2856 3324 ἐμοῦ
2889 3254 2960 3323 μὴ
3006 3254 3264 3316 θέλοντος,
3304 3253 3362 3305 τὸ
3406 3250 3502 3322 μέν
3533 3249 3623 3305 οὖν
3665 3252 3732 3320 δὴ
3761 3249 3898 3304 δεθέν

2368 3351 2471 3401 πᾶν
2495 3347 2667 3397 λυτόν.
2710 3344 2780 3394 Τό
2808 3361 2869 3408 γε
2908 3342 3009 3411 μὴν
3049 3342 3227 3404 καλῶς
3255 3343 3521 3413 ἀρμοσθὲν
3559 3343 3652 3394 καὶ
3694 3343 3815 3411 ἕχον
3846 3336 3899 3393 εὖ

2367 3436 2509 3488 λύειν
2551 3433 2746 3484 ἐθέλειν
2789 3428 2972 3482 κακοῦ.
3011 3432 3085 3480 Δι’
3117 3429 3157 3482 ἃ.
3199 3429 3291 3482 καὶ
3335 3429 3561 3498 ἐπείπερ
3592 3429 3897 3496 γεγένησθε,

2369 3525 2618 3577 ἀθάνατοι
2650 3522 2745 3589 μὲν
2777 3515 2867 3571 οὖν
2897 3518 2995 3571 οὒκ
3033 3520 3173 3581 ἐστε,
3206 3518 3308 3570 οὐδ’
3344 3519 3522 3572 ἄλυτοι
3554 3519 3613 3570 τὸ
3639 3519 3896 3587 πάμπαν

2369 3612 2481 3664 οὔτι
2518 3611 2611 3680 μέν
2643 3627 2722 3660 τοι
2765 3607 3054 3677 λυθήσεσθέ
3096 3625 3179 3675 γε,
3223 3607 3339 3660 ούδέ
3381 3607 3631 3673 τεύξεσθε
3681 3607 3898 3659 θανάτου

2375 3702 2580 3771 μοίρας,
2611 3700 2703 3764 τῆς
2734 3698 2868 3768 ἐμῆς
2899 3698 3197 3768 βουλήσεως
3230 3697 3465 3767 μείζονος
3493 3699 3570 3749 ἐτι
3598 3697 3796 3752 δεσμοῦ
3817 3696 3898 3748 καὶ

2372 3789 2696 3861 κυριωτέρου
2741 3789 2988 3858 λαχόντες
3036 3789 3290 3850 ἐκείνων,
3335 3783 3416 3850 οἷς
3464 3777 3552 3840 ὅτε
3609 3787 3899 3856 ἐγιγνεσθε,

2374 3877 2681 3941 ξυνεδεῖσθε.
2717 3896 2735 3926 ι
2771 3877 2953 3932 Ταῦτα
2980 3877 3009 3928 ὁ
3039 3876 3277 3930 Πλάτων.
3321 3877 3554 3938 Εἰκότως
3586 3877 3722 3946 δῆτα
3745 3878 3899 3930 Μωῦ-

2377 3970 2489 4039 σῆς,
2521 3968 2611 4020 καὶ
2643 3968 2708 4019 τά
2743 3965 2996 4036 Ἐϐραίων
3032 3968 3204 4033 λόγια,
3251 3967 3422 4019 σέϐειν
3465 3968 3558 4036 μὲν
3584 3968 3899 4037 ἀπαγορεύει

2373 4057 2558 4117 ταῦτα,
2593 4056 2680 4107 καὶ
2716 4054 2866 4117 θεοὺς
2895 4055 3158 4125 ἡγεῖσθαι,
3185 4056 3299 4108 ἄνω
3324 4056 3379 4108 δέ
3419 4056 3552 4124 πρὸς
3579 4057 3669 4107 τὸν
3698 4056 3901 4126 παμϐα-

2349 4174 2352 4178 ~
2377 4147 2520 4199 σιλέα
2543 4146 2669 4198 Θεὸν
2698 4145 2978 4212 ἀνάγοντα,
3008 4145 3164 4198 αὑτὸν
3203 4145 3266 4216 δὴ
3308 4146 3396 4198 τὸν
3429 4145 3601 4213 ἡλίου,
3637 4146 3729 4197 καὶ
3759 4144 3903 4210 celi,-

2376 4255 2489 4307 νης,
2522 4224 2618 4290 καί·
2659 4238 2889 4306 ἄστρων,
2924 4236 3042 4288 ὅλου
3087 4253 3144 4288 τε
3177 4235 3400 4305 οὐρανοῦ
3447 4237 3540 4289 καὶ
3580 4237 3783 4305 κόσμου
3815 4235 3898 4302 δη-

2381 4327 2649 4396 μιουργὸν,
2677 4327 2766 4378 τὸν
2792 4327 2855 4395 δὴ
2882 4328 2948 4378 τὰ
2976 4326 3146 4379 πάντα
3171 4325 3294 4392 θείῳ
3318 4327 3456 4397 λόγῳ
3482 4326 3810 4395 συνδήσαντά
3827 4341 3899 4386 τε,

749 4413 995 4487 Quorum
1017 4425 1238 4479 operum
1271 4425 1368 4479 ego
1398 4424 1592 4477 parens
1619 4407 1938 4474 etfectorque
1975 4421 2115 4470 sum,
2160 4418 2267 4472 qua

2379 4415 2467 4468 καὶ
2498 4414 2982 4484 συναρμοσάμενον,
3010 4415 3164 4483 μόνον
3185 4415 3430 4484 ἡγεῖσθαι
3461 4415 3613 4480 Θεὸν,
3648 4416 3741 4468 καὶ
3771 4413 3901 4484 μόνῳ

759 4591 890 4645 mihi
916 4587 1261 4658 philosophus
1285 4585 1509 4658 videtur,
1534 4585 1764 4658 animum
1786 4597 1838 4633 se
1862 4581 1969 4658 ipso
1999 4590 2283 4658 extremum

759 4660 889 4712 illud
919 4649 1107 4710 'cozlum
1128 4649 1188 4706 in
1223 4654 1414 4712 orbem,
1448 4653 1498 4704 id
1523 4655 1662 4704 enim
1693 4660 1791 4710 est,
1825 4650 2023 4719 κύκλῳ,
2063 4649 2285 4717 undique

761 4727 1157 4778 circumdedisse
1182 4738 1199 4773 .'
1226 4733 1382 4788 atque
1417 4723 1485 4773 ita
1509 4721 1662 4788 longe
1694 4719 1901 4771 facilius
1931 4719 2070 4786 quod
2099 4719 2286 4784 adjun-

784 4797 839 4859 ;it
881 4796 1198 4862 intelligas,
1227 4793 1458 4862 animum
1489 4791 1811 4862 semetipsum
1831 4789 1896 4862 in
1920 4805 2027 4839 sese
2063 4803 2282 4840 versare.

807 4877 907 4915 ane
933 4857 1161 4914 Timaeus
1191 4861 1274 4912 ille
1316 4858 1549 4919 Locrus,
1581 4858 1633 4909 in
1676 4871 1773 4910 suo
1818 4857 1891 4909 De
1932 4867 2117 4908 natura
2151 4872 2285 4922 opu-

765 4933 936 4993 sculo,
967 4932 1104 4997 quod
1133 4928 1384 4981 Platonici
1419 4925 1897 4997 Timaigquoddam
1927 4926 2076 4997 quasi
2107 4939 2285 4997 semen

765 5001 868 5052 dici
902 4989 1080 5066 queat,
1104 4999 1179 5066 ita
1211 4997 1523 5056 clarissime,
1696 4994 1850 5062 δὲτῷ
1877 4989 2060 5066 κόσμῳ
2091 4994 2285 5066 ψυχάν,

811 5061 989 5120 εσόθεν
1028 5065 1254 5134 ἐξάψας,
1294 5066 1562 5132 ἐπήγαγεν
1595 5061 1722 5124 ἔξω,
1756 5061 2133 5134 περικαλύψας
2162 5062 2290 5134 αὐτὸ

795 5139 880 5188 λον
929 5137 1095 5203 αὑτᾷ,
1135 5131 1329 5201 κρᾶμα
1369 5131 1531 5184 αὐτὰν
1570 5132 2068 5203 κερασάμενοςηέκ
2097 5149 2152 5182 τε
2193 5131 2289 5193 τᾶς

766 5209 872 5276 ἀμε
915 5202 1048 5256 ίστωί
1109 5204 1274 5272 ορφᾶς
1299 5240 1313 5263 ,
1347 5204 1437 5252 καὶ
1464 5203 1557 5262 τᾶς
1598 5217 1662 5270 με
1705 5202 1849 5259 ιστᾶς
1874 5202 2072 5262 οὐσίας.

837 5223 948 5327 (595)
985 5222 1108 5326 Kal;
1133 5271 1330 5327 κύκλῳ
1370 5269 1442 5327 δή
1466 5308 1480 5327 .
1521 5280 1619 5323 etc.
1651 5217 1888 5327 'Fullius,
1919 5272 2072 5327 caeloq

837 5269 948 5343 (55)
985 5269 1091 5343 Kal
1133 5269 1330 5343 κύκλῳ
1357 5269 1442 5343 Δδή
1466 5269 1856 5343 ,_etc._Tullius
1875 5308 1888 5330 ,
1919 5272 2138 5343 maloque
2166 5269 2291 5322 soli-

768 5339 984 5413 vago,’et
1012 5340 1243 5401 volubili,
1271 5349 1317 5390 et
1337 5339 1403 5413 fit
1431 5339 1598 5413 arcent
1629 5341 1854 5413 incitata
1876 5340 2165 5413 complexus
2189 5350 2285 5413 est.

770 5406 1004 5466 Acrioris
1040 5418 1178 5463 esset
1223 5422 1284 5460 ac
1329 5406 1620 5461 ﬁdentioris
1664 5408 1890 5475 ingenii,
1935 5409 2046 5462 haec
2079 5416 2131 5460 et
2186 5408 2289 5459 alia

770 5482 1037 5557 plegaque.
1071 5493 1131 5531 ac
1159 5475 1457 5557 philosophi
1485 5478 1641 5557 verba
1695 5477 2052 5557 κριτικότερον
2096 5491 2292 5557 expeti:

772 5545 915 5600 dere.
934 5545 1400 5615 ‘i‘autunrgmoneo,
1428 5545 1606 5596 leviter
1632 5545 1944 5599 mutandum
1967 5546 2128 5615 vjdcri
2149 5546 2289 5612 quod

772 5617 909 5696 apud
939 5612 1181 5695 Tullium'
1205 5615 1445 5681 sequitur
1465 5654 1479 5677 ,
1520 5615 1651 5680 quod
1680 5631 1848 5696 secum
1886 5612 2051 5682 ipsam
2083 5622 2292 5736 rrapter

773 5691 1010 5736 uirtutem
1045 5683 1196 5736 [σιτία
1227 5699 1334 5736 aee
1363 5690 1550 5736 posset.
1585 5698 1672 5736 nec
1708 5683 2018 5736 desideraret
2050 5700 2080 5736 a
2106 5696 2289 5736 terum.

773 5683 1010 5739 virtutem
1045 5683 1196 5748 facile
1227 5699 1334 5739 uae
1361 5690 1550 5749 posset,
1585 5698 1672 5736 nec
1708 5683 2018 5740 desideraret
2050 5683 2289 5749 alterum,

2383 4586 2511 4638 satis
2544 4586 2641 4639 sibi
2667 4586 2772 4655 ipse
2805 4596 2954 4637 natus
2978 4595 3027 4638 et
3057 4586 3358 4655 familiaris.
3384 4587 3740 4641 Scribendum
3772 4588 3898 4642 eui

2382 4664 2482 4713 est,
2515 4666 2687 4707 notum
2715 4665 2761 4707 et
2801 4655 3075 4721 familiare,
3114 4671 3232 4708 nam
3261 4657 3326 4708 de
3354 4657 3774 4721 caelo-loquitur.

2452 4724 2703 4844 ἑῗϋὲϐἙξ
2731 4721 2841 4779 οὖν
2866 4725 3067 4792 λόγου.
3099 4723 3248 4779 Plato
3273 4724 3427 4787 ibid.,
3461 4724 3564 4778 529
3591 4721 3653 4777 F.
3681 4725 3724 4777 Τ
3731 4727 3895 4787 ullius,

2385 4802 2513 4846 sect.
2540 4802 2626 4846 ‘25.

2453 4839 2954 4982 ggqglétagdwa
3009 4862 3210 4930 μέντοι
3240 4877 3324 4929 γε.
3364 4860 3504 4916 ldcm
3526 4903 3540 4925 ,
3581 4863 3676 4916 lib.
3707 4880 3738 4916 ι
3766 4864 3897 4930 ch,

2424 4944 2505 4989 ag.
2536 4944 2639 4981 otz
2665 4944 2726 4989 ιλ,

2385 4944 3011 5071 Ῡεῗέὸῗίἶῖἓὶιὲαλόνξᾳ
3034 4996 3101 5049 δὲ
3127 4997 3376 5065 φέρεται.
3419 4996 3602 5067 Plato,
3646 4999 3897 5071 μεταϐάλ-

2387 5064 2552 5118 λοντα
2573 5064 2626 5116 δὲ
2650 5067 2908 5135 φαίνεται.
2935 5066 3097 5135 Elige.
3197 5064 3208 5065 ί
3357 5134 3364 5135 7
3454 5112 3457 5114 .

2458 5135 2567 5254 $59)
2606 5139 2670 5188 El
2697 5135 2771 5201 δὴ
2799 5132 3298 5216 οὖνμεῇαόᾀιιλει.
3326 5134 3584 5211 Videntur
3607 5141 3720 5196 hac
3747 5138 3810 5218 ad
3833 5137 3894 5190 si-

2458 5248 2460 5254 .
2485 5219 2514 5254 e
2543 5219 2708 5254 usnue
2734 5205 2934 5254 periodi
2967 5219 3279 5254 Drlncrmum
3303 5221 3347 5254 c.
3379 5207 3413 5254 5
3434 5222 3714 5254 hermam
3748 5207 3894 5254 incul-

2388 5204 2514 5256 mile
2543 5219 2708 5272 usque
2734 5204 2934 5274 periodi
2967 5205 3279 5274 principium
3303 5221 3347 5258 ε.
3369 5204 3413 5260 ’5
3434 5222 3714 5274 perperam
3747 5207 3896 5261 incul-

2388 5281 2524 5324 cata.
2556 5274 2727 5338 Atque
2757 5275 2867 5326 baec
2897 5273 3097 5325 insulsa
3128 5275 3371 5342 repetitio
3412 5273 3753 5342 librariorum
3777 5277 3898 5329 osci-

2391 5341 2567 5413 tantize
2591 5343 2867 5413 tribuenda
2895 5349 2997 5406 est,
3014 5339 3251 5413 quicum
3277 5344 3329 5396 in
3353 5345 3452 5398 hac
3473 5339 3694 5413 periodo
3712 5346 3892 5399 exscri-

2389 5408 2658 5483 benda.ad
2679 5410 2806 5483 illas
2818 5419 2975 5483 voces
3000 5408 3381 5483 pervenissent,
3407 5408 3705 5483 μεταϐολῆς
3722 5413 3892 5471 αἰτίαν,

2390 5494 2506 5544 quae
2535 5480 2644 5550 jam
2675 5494 2741 5532 ex
2769 5477 3444 5550 Platone’praacesserint',
3475 5477 3750 5550 periodum
3781 5484 3895 5536 inte-

2391 5562 2538 5618 gram
2567 5549 2742 5618 denuo
2773 5546 2844 5599 ad
2867 5546 3657 5618 ﬂpem’usque'pertexubrunt,
3685 5567 3799 5607 cum
3826 5565 3893 5603 ee-

2391 5617 2480 5691 qui
2508 5616 2778 5691 debuisse}
2801 5630 2868 5670 ex
2898 5613 3150 5687 Eusebio,
3183 5613 3404 5690 οὐρανος
3425 5636 3501 5685 οε,
3532 5613 3661 5690 etc.,
3690 5635 3804 5691 quc
3823 5619 3892 5672 ha-

2393 5685 2582 5740 bentur
2618 5700 2668 5740 c.
2703 5683 2787 5737 ιο.
3123 5729 3125 5732 .
