4014 6340
93 417 255 474 1169

1235 430 1543 486 ριυΕΡΑιι.
1585 429 1829 486 EVANG.
1873 427 1994 501 LIB.
2038 425 2168 478 xm.

3123 424 3254 475 H70

87 536 229 586 κατ’
271 534 438 603 ἰσχὺν,
477 534 593 586 ἀντὶ
626 534 722 604 μὲν
770 536 942 606 πάλης
991 541 1082 591 καὶ
1138 539 1241 592 τῶν
1289 541 1649 605 τοιούτων,τά

1750 541 1901 594 dierit
1921 541 2203 605 civitatem,
2222 539 2415 593 frustra
2436 539 2688 609 vigilavit,
2705 542 2795 610 qui
2813 540 3038 594 custodit
3057 555 3168 592 eam
3190 539 3224 588 ί.
3239 559 3255 583 ι

87 622 202 674 νῦν
229 625 330 675 ὅσα
357 622 542 693 βαρέα,
573 626 670 694 τὴν
701 627 756 678 ἐν
785 630 896 689 τοῖς
923 627 1101 691 ὅπλοις
1141 630 1316 699 μάχην
1363 630 1508 700 (75),
1557 631 1650 683 ἕνα

87 729 164 764 τε
195 713 332 783 πρὸς
360 715 451 766 ἕνα
483 715 923 785 διαμαχομένους,
957 721 1045 770 καὶ
1078 719 1168 771 δύο
1197 721 1331 790 πρὸς
1372 721 1512 773 δύο.)
1545 723 1650 775 Καὶ

96 803 245 873 ἑξῆς
269 803 453 856 εἰπών·
488 822 507 854 ι
530 805 732 858 Ταὺτδν
762 807 824 877 δὴ
853 809 944 860 καὶ
994 811 1119 872 τοὺς
1151 813 1276 879 περὶ
1324 811 1651 881 ὁπλομαχίαν

95 895 319 963 ἄκρους
345 897 783 966 παρακαλοῦντας
829 899 932 969 χρὴ
968 901 1184 963 τὸύτους
1214 901 1512 971 νομοθετεῖν
1558 919 1649 955 κε-

84 983 348 1036 λεύεινη
385 987 626 1058 ἐπιφέρει
655 988 842 1054 λέγων·
875 1008 894 1041 ι
932 990 1009 1042 Τά
1044 992 1178 1043 αὐτὰ
1207 992 1262 1044 δὲ
1286 993 1376 1044 καὶ
1403 993 1650 1063 περὶτῶν

97 1072 346 1142 θηλειῶν
375 1073 511 1127 ἔστω
557 1077 992 1147 νομοθετούμενα,
1025 1079 1129 1130 τῶν
1169 1079 1323 1149 μέχρι
1372 1080 1579 1149 γάμων.
1624 1099 1644 1131 ι

93 1158 246 1214 Εἶτα
266 1162 421 1216 πάλιν
441 1165 642 1228 τούτοις
662 1165 784 1236 ἐξῆς
818 1163 1050 1235 συνάψας
1076 1169 1195 1230 τοὺς
1225 1169 1355 1237 περὶ·
1377 1167 1653 1221 πελταστι-

96 1253 235 1321 κῆς,
272 1254 364 1305 καὶ
391 1256 742 1324 παγκρατίου,
774 1259 866 1309 καὶ
915 1257 1089 1321 τόξου,
1120 1258 1275 1309 λίθων
1307 1275 1364 1309 τε
1391 1260 1452 1310 ἐκ
1479 1259 1652 1329 χειρὸς

97 1342 274 1412 βολῆς
300 1345 390 1395 καὶ
413 1345 500 1396 διὰ
523 1346 805 1416 σφενδόνης
832 1347 1045 1416 νόμους,
1072 1348 1246 1399 ἵππων
1266 1365 1322 1400 τε
1351 1350 1476 1416 περὶ
1507 1347 1650 1414 ἀγῶ-

96 1447 222 1495 νος,
260 1433 416 1486 πάλιν
466 1434 731 1488 κάνταῦθα
785 1437 906 1512 περ).
946 1437 1050 1490 τῶν
1108 1437 1329 1505 θηλειῶν
1355 1437 1541 1504 ἐπάγει
1570 1437 1653 1489 λέ-

97 1541 246 1592 γων·
283 1545 300 1576 ι
338 1526 560 1596 Θηλείας
596 1530 649 1580 δὲ
674 1529 800 1598 περὶ
829 1512 1050 1595 τούτων,
1081 1531 1258 1600 νόμοις
1297 1532 1391 1600 μὲν
1415 1532 1508 1582 καὶ
1537 1532 1651 1582 ἐπι-

92 1617 331 1682 τάξεσιν
354 1619 450 1669 ούκ
476 1619 599 1684 ἄξια
647 1619 940 1687 βιάζεσθαι,
993 1622 1089 1690 τῆς
1137 1621 1428 1681 κοινωνίας·
1461 1619 1553 1671 ἐὰν
1597 1619 1652 1671 δὲ

97 1707 170 1770 ἐξ
204 1708 382 1761 αὐτῶν
404 1708 512 1760 τῶν
533 1709 830 1779 ἔμπροσθεν
853 1710 1222 1780 παιδευμάτων
1247 1713 1325 1772 είς
1337 1709 1452 1771 έθος
1474 1710 1651 1760 ἰόντων

94 1801 140 1866 ἡ
176 1798 338 1865 φύσις
389 1799 677 1870 ἐνδέχηται,
730 1804 822 1855 καὶ
875 1801 948 1871 μὴ
1001 1801 1335 1872 δυσχεραίνῃ,
1391 1802 1648 1870 παῖδαςῆ

96 1890 411 1959 παρθένους
443 1895 706 1944 κοινωνεῖν
735 1894 847 1963 ἐᾷν,
883 1895 974 1946 καὶ
1005 1894 1076 1963 μὴ
1131 1894 1366 1961 ψέγειν.»
1411 1894 1656 1946 Τοσαῦτα

96 1980 206 2032 τοῦ
236 1982 512 2045 Πλάτωνος
534 1984 600 2036 τὰ
627 1985 750 2055 περὶ
780 1984 1064 2051 γυναικῶν.
1092 1983 1195 2036 Τοῦ
1229 1985 1273 2036 δ’
1302 1983 1463 2036 αὐτοῦ
1506 1983 1598 2036 καὶ
1628 1986 1656 2036 ὁ

95 2070 409 2142 Θαυμάσιος
433 2075 516 2126 ὅδε
553 2076 805 2143 τυγχάνει
831 2075 1005 2145 νόμος·
1042 2095 1060 2125 ι
1097 2075 1217 2128 Ἐάν
1239 2091 1320 2137 τις
1343 2075 1534 2137 παῖδας
1547 2074 1654 2143 (76)

95 2161 331 2231 Θηλείας
361 2166 675 2238 καταλείπῃ,
728 2167 792 2219 δι’
816 2167 1052 2234 ἀδελφῶν
1109 2183 1168 2218 τε
1216 2167 1310 2218 καὶ
1367 2165 1654 2233 ἀδελφιδῶν

95 2253 350 2307 ἐπανιὼν
375 2255 502 2324 (77),
527 2255 826 2326 ἔμπροσθεν
863 2258 957 2326 μὲν
989 2256 1094 2309 τῶν
1157 2258 1413 2328 ἀρρένων,
1439 2257 1655 2328 ὕστερον

95 2344 168 2396 δὲ
194 2344 418 2415 θηλειῶν
449 2348 527 2399 ἐνὶ
559 2348 723 2415 γένει·
746 2349 841 2418 τὴν
868 2348 923 2400 δὲ
944 2347 1035 2400 τοῦ
1081 2347 1187 2401 τῶν
1234 2349 1423 2419 γάμων
1466 2351 1654 2419 χρόνου

101 2437 453 2507 συμμετρίαν
476 2453 533 2488 τε
556 2437 648 2489 καὶ
681 2439 942 2508 ἀμετρίαν
985 2438 1237 2509 δικαστὴς
1289 2438 1501 2491 σκοπῶν
1534 2456 1652 2509 κρι-

96 2523 270 2586 νέτω,
301 2527 535 2596 γυμνοὺς
568 2527 664 2596 μὲν
715 2527 837 2588 τοὺς
869 2527 1117 2597 ἄρρενας,
1151 2525 1357 2596 γυμνὰς
1404 2524 1458 2578 δέ
1483 2527 1656 2596 ὀμφα-

97 2615 206 2669 λοῦ
233 2617 388 2687 μέχρι
417 2617 681 2687 θεώμενος
706 2619 802 2682 τὰς
835 2618 1099 2688 θηλείας.)
1135 2620 1289 2671 Ἀλλά
1336 2621 1428 2673 καὶ
1458 2621 1512 2671 ἐν
1541 2621 1656 2681 ταῖς

99 2707 324 2776 ιορταῖς
347 2709 453 2760 δεῖν
498 2709 663 2772 αὑτάς
709 2726 838 2779 φησι
877 2708 1355 2780 γυμνὰςλχορεύειν
1414 2712 1470 2762 ἐν
1515 2711 1655 2778 ἕκτῳ

99 2795 222 2848 τῶν
257 2799 481 2865 Νόμων,
509 2798 680 2864 λέγων
716 2798 862 2851 οὕτω·
917 2817 935 2849 ι
966 2799 1074 2866 Τῆς
1107 2796 1198 2851 οὖν
1250 2799 1498 2868 τοιαύτης
1547 2799 1655 2868 (78)

101 2888 341 2958 σπουδῆς
368 2889 524 2941 ἕνεκα
548 2889 651 2959 χρὴ
676 2890 768 2942 καὶ
805 2889 900 2951 τὰς
935 2889 1146 2952 παιδιὰς
1179 2890 1438 2942 ποιεῖσθαι
1470 2889 1670 2959 χορεύ-’

95 2978 270 3038 οντάς
296 2995 354 3028 τε
377 2979 469 3031 καὶ
493 2978 835 3048 χορευούσας,
867 2979 1088 3048 κούρους
1113 2995 1170 3030 τε
1216 2979 1305 3030 καὶ
1336 2980 1518 3049 κόρας,
1560 2981 1654 3032 καὶ

99 3060 230 3129 ἃμα
254 3061 314 3132 δὴ
339 3062 662 3132 θεωροῦντάς
689 3082 746 3116 τε
769 3066 863 3120 καὶ
891 3065 1300 3135 θεωρουμένους,
1340 3067 1473 3135 μετὰ
1499 3067 1653 3135 λόγου

1683 1864 1723 1917 Β

1748 632 1815 685 At
1839 632 2030 685 videsis
2060 646 2250 700 porro,
2281 632 2715 698 quemadmodum
2754 631 2991 700 egregius
3025 630 3255 698 philosoc

1747 723 1886 791 phus
1930 706 2179 776 mulieres
2224 722 2478 791 gymnicis
2523 737 2732 790 quoque
2761 721 3135 775 certaminibus
3168 721 3266 772 im-

1748 811 1986 864 misceat.
2020 828 2038 860 ι
2066 810 2313 864 Mulieres
2336 851 2350 875 ,
2383 811 2590 879 inquit,
2625 811 2766 880 quod
2813 799 2997 862 attinet
3022 847 3036 873 ,
3079 808 3268 876 puellis

1749 903 1922 957 adhuc
1949 902 2314 971 impuberibus
2339 942 2352 966 ,
2385 903 2555 971 iisque
2582 903 2765 967 nudis,
2797 901 2946 955 stadii
2975 941 2990 967 ,
3020 900 3100 952 vel
3141 900 3268 952 sim-

1747 993 1921 1062 plicis,
1967 993 2048 1046 vel
2077 993 2326 1062 geminati
2363 994 2706 1058 curriculum,
2738 1001 2981 1062 equestre
3009 990 3265 1053 similiter,

1748 1083 2009 1152 integrum
2045 1082 2271 1152 denique
2315 1082 2441 1136 illud
2491 1099 2551 1137 ac
2591 1083 2792 1152 justum
2843 1080 3226 1150 assignabimus
3253 1119 3266 1137 .

1750 1182 1908 1242 atque
1937 1175 2010 1227 ita
2039 1173 2187 1226 ut-de
2229 1187 2416 1226 cursus
2463 1173 2599 1227 inter
2643 1188 2699 1227 se
2744 1173 3010 1225 celeritate
3049 1176 3268 1224 conten-

1749 1263 1907 1316 dant:
1941 1279 2060 1332 quae
2086 1279 2211 1317 vero
2239 1279 2434 1317 annum
2457 1264 2723 1333 attigerint
2745 1262 3006 1317 decimum
3032 1259 3266 1322 tertium,

1749 1367 1840 1407 eas
1863 1353 2033 1408 donec
2061 1354 2366 1422 nupserint,
2398 1354 2473 1407 sic
2517 1354 2569 1406 in
2603 1353 2791 1405 harum
2833 1350 3266 1410 exercitationum

1750 1445 2001 1498 societate
2030 1443 2402 1507 retinebimus,
2463 1452 2518 1497 ut
2542 1443 2619 1512 giis
2651 1457 2748 1496 nec
2794 1441 2930 1494 ultra
2960 1439 3269 1493 vicesimum

1751 1534 2050 1603 obligentur
2077 1572 2092 1597 ,
2121 1548 2222 1587 nec
2249 1534 2520 1587 solvantur
2540 1542 2660 1587 ante
2697 1533 2958 1585 decimum
3003 1538 3267 1582 octavum.

1750 1620 1838 1676 Ea:
1862 1638 2022 1690 porro
2053 1624 2280 1678 honesto
2306 1623 2584 1678 succincta
2625 1622 2765 1674 cultu
2818 1622 2872 1673 in
2901 1635 2960 1672 ea
2986 1610 3274 1672 curriculo-

1752 1726 1869 1762 rum
1893 1712 2181 1764 certamina
2202 1711 2542 1766 descendant.
2573 1711 2744 1778 Atque
2771 1708 2824 1762 id
2853 1709 2917 1762 de
2945 1709 3178 1760 virorum
3209 1720 3272 1758 ac

1751 1801 2066 1857 feminarum
2091 1818 2248 1857 cursu
2281 1802 2624 1856 constitutum
2658 1809 2790 1854 esto.
2835 1799 2903 1852 At
2948 1799 3137 1852 virium
3183 1798 3273 1851 ﬁr—

1754 1895 1951 1948 mitatis
1977 1893 2226 1964 augendae
2247 1907 2406 1947 causa
2431 1935 2445 1958 ,
2488 1893 2645 1947 lucta:
2693 1893 2810 1945 loco
2854 1905 2914 1944 ac
2960 1898 3270 1952 caeterorum

1754 1985 2057 2054 ejusmodi,
2087 1983 2280 2053 quibus
2313 1998 2456 2037 nunc
2486 1982 2874 2037 molestioribus
2919 1996 2982 2036 ac
3023 1980 3275 2035 difﬁcilio-

1753 2075 1902 2129 ribus
1926 2075 2146 2139 utimur,
2173 2082 2388 2128 armataa
2411 2089 2598 2144 pugna:
2623 2073 2849 2142 speciem
2881 2087 3233 2141 proponemus
3257 2113 3272 2137 ,

1755 2156 2097 2236 singulosque
2120 2180 2243 2220 cum
2269 2165 2513 2235 singulis,
2537 2174 2767 2219 autcum
2793 2163 3016 2234 geminis
3036 2163 3275 2233 geminos

1754 2257 2201 2310 committemus.»
2235 2253 2369 2308 Tum
2393 2255 2569 2309 statim
2595 2263 2713 2323 post
2738 2254 3072 2307 haec'verba:
3102 2252 3272 2306 tidem

1754 2345 1926 2414 ipsum
1951 2344 2139 2398 armati
2181 2344 2340 2414 hujus
2381 2345 2684 2398 certaminis
2724 2343 2974 2412 praesides
3000 2383 3016 2408 ,
3063 2350 3123 2395 ut
3161 2342 3276 2410 lege

1752 2437 2017 2490 sancitum
2068 2435 2246 2500 velint,
2296 2435 2563 2490 adhortari
2602 2434 2883 2503 oportebit.
2919 2433 3147 2505 Eadem,
3193 2435 3275 2487 in-

1753 2526 1900 2593 quit,
1935 2524 1999 2577 de
2039 2523 2254 2592 puellis,
2304 2523 2538 2592 quandiu
2582 2524 2815 2592 innuptae
2856 2530 3101 2585 manent,
3147 2537 3274 2576 san-

1751 2615 2014 2668 ciuntur.»
2051 2611 2256 2667 Rursus
2276 2653 2290 2679 ,
2319 2612 2408 2665 ubi
2441 2611 2801 2681 superioribus
2827 2611 2932 2664 illis
2955 2652 2970 2677 ,
3008 2625 3171 2666 novas
3212 2610 3276 2663 de

1752 2705 2047 2773 peltastica,
2077 2703 2140 2756 de
2167 2703 2458 2771 pancratio,
2486 2703 2550 2754 de
2576 2701 2856 2769 sagittandi
2885 2709 3015 2762 arte,
3045 2700 3110 2753 de
3141 2699 3274 2768 lapi-

1751 2797 1908 2850 dibus
1935 2811 2029 2850 seu
2059 2809 2220 2848 manu
2240 2835 2254 2859 ,
2281 2809 2374 2848 seu
2402 2793 2563 2846 funda
2583 2793 2840 2862 jaeiendis
2864 2832 2878 2855 ,
2910 2800 3178 2860 postremo
3211 2791 3275 2843 de

1751 2902 2008 2956 equorum
2040 2886 2331 2941 certamine
2354 2886 2494 2954 leges
2521 2883 2738 2949 addidit,
2767 2883 2832 2936 de
2861 2882 3072 2935 feminis
3113 2881 3272 2935 etiam

1751 2979 1822 3032 ita
1845 2977 2147 3031 concludit:
2184 2996 2202 3027 ι
2236 2975 2465 3030 Femina
2489 2975 2721 3044 quidem,
2753 2984 2810 3027 ut
2844 2973 2894 3029 in
2925 2973 3274 3027 certaminum

1752 3069 1974 3123 istorum
2003 3067 2311 3122 societatem
2343 3065 2556 3120 veniant
2577 3104 2591 3128 ,
2633 3064 2833 3134 legibus
2855 3062 3143 3116 autedictis
3187 3077 3274 3113 co-

96 3169 172 3204 τε
199 3153 291 3204 καὶ
318 3154 528 3222 ἡλικίας
584 3157 724 3219 τινὸς
775 3157 999 3228 ἐχούσης
1048 3159 1280 3220 ἐοικυίας
1325 3160 1648 3228 προφάσεις,

1752 3159 1933 3229 εεηὰεε
1972 3173 2080 3212 non
2107 3165 2300 3213 erunt:
2342 3157 2392 3211 si
2434 3164 2607 3210 tamen
2654 3155 2942 3224 superioris
2985 3152 3276 3218 disciplinae

101 3246 344 3312 γυμνοὺς
373 3247 464 3298 καὶ
524 3249 754 3315 γυμνάς,
808 3249 964 3318 μέχρι
1023 3267 1126 3317 περ
1167 3248 1344 3311 αἰδοῦς
1385 3249 1649 3320 σώφρονος

99 3335 374 3388 ἑκάστων.
409 3355 426 3384 ι
483 3337 622 3406 Πρὸς
683 3337 887 3401 τούτοις
954 3338 1150 3392 ἅπασιν
1195 3340 1489 3393 ἐπάκουσον
1559 3341 1647 3394 καὶ

100 3423 278 3478 τῶνδε
306 3425 411 3478 τῶν
461 3428 516 3478 ἐν
549 3429 823 3494 Πολιτείᾳ
863 3431 988 3499 περὶ
1039 3429 1130 3482 τοῦ
1183 3430 1363 3494 κοινὰς
1389 3428 1526 3483 εἶναι
1551 3431 1647 3493 τὰς

103 3521 369 3590 γυναῖκας
391 3521 573 3589 νόμου·
611 3540 627 3572 ι
664 3521 865 3592 Τούτῳ,
892 3519 958 3593 ἦν
987 3524 1027 3575 δ’
1061 3523 1167 3592 ἐγὼ
1191 3524 1320 3595 (79),
1346 3525 1531 3578 ἕπεται
1564 3526 1644 3578 νό-

107 3631 219 3684 μος
248 3615 468 3678 καὶτοῖς
499 3615 800 3687 ἔμπροσθεν
827 3620 936 3678 τοῖς
960 3617 1152 3683 ἄλλοις,
1183 3619 1256 3680 ὡς
1284 3613 1511 3688 ἐγῷμαι,
1542 3619 1645 3671 ὅδε.

103 3731 185 3744 —-
204 3702 327 3767 Τίς;
355 3735 424 3742 -
445 3704 554 3766 Τὰς
591 3708 844 3771 γυναῖκας
871 3706 1070 3768 ταύτας
1090 3707 1192 3757 τῶν
1225 3703 1431 3777 ἀνδρῶν’
1449 3707 1646 3760 τούτων

109 3791 330 3844 πάντων
357 3792 530 3853 πάσας
555 3787 692 3844 εἶναι
723 3795 922 3855 κοινάς,
975 3796 1084 3864 ἰδίᾳ,
1102 3796 1157 3847 δέ
1181 3797 1364 3865 μηδενὶ
1388 3797 1647 3867 μηδεμίαν

110 3885 395 3944 ῳνοικεῖν·
419 3883 510 3934 καὶ
568 3885 690 3947 τοὺς
739 3884 931 3947 παῖδας
979 3881 1044 3937 αὖ
1102 3889 1326 3952 κοινοὺς,
1383 3890 1475 3942 καὶ
1516 3889 1647 3959 μήτε

105 3974 274 4041 γονέα
299 3973 513 4040 ἔκγονον
538 3974 727 4027 εἰδέναι
759 3974 848 4027 τὸν
871 3974 1052 4038 αὑτοῦ,
1084 3977 1216 4045 μήτε
1245 3979 1406 4032 παῖδα
1436 3979 1608 4047 γονέα.
1625 3999 1641 4030 ι

98 4065 229 4120 Καὶ
248 4065 366 4134 ἐξῆς
391 4066 641 4133 ἐπιλέγει·
677 4086 694 4117 ι
724 4068 900 4132 Εἰκὸς,
931 4067 1050 4136 ἔφη.
1071 4069 1221 4119 -Σὺ
1247 4069 1558 4137 μένκτοίνυν,
1583 4067 1648 4140 ἦν

101 4155 159 4206 δ’
187 4154 311 4220 ἐγὼ,
345 4157 372 4208 ὀ
391 4156 697 4226 νομοθέτης,
721 4159 898 4220 αὐτοῖς
919 4158 1100 4228 ὥσπερ
1128 4160 1252 4221 τοὺς
1280 4159 1490 4228 ἄνδρας,
1512 4161 1650 4215 οὕτω

109 4247 212 4298 καὶ
242 4245 334 4308 τὰς
361 4251 616 4314 γυναῖκας
638 4249 875 4315 ἐκλέξας,
918 4249 1250 4319 παραδώσεις
1290 4251 1514 4304 καθόσον
1543 4247 1650 4304 οἷόν

110 4351 176 4387 τε
197 4333 464 4403 ὁμοφυεῖς·
490 4338 539 4390 οί
568 4339 624 4390 δὲ
663 4338 754 4391 ἀτε
783 4341 956 4403 οἰκίας
984 4359 1043 4392 τε
1083 4340 1175 4396 καὶ
1225 4339 1463 4405 ξυσσίτια
1501 4341 1652 4394 κοινά

111 4421 344 4491 ἔχοντες,
386 4421 505 4492 ’ίδίᾳ
532 4424 586 4480 δὲ
626 4427 834 4490 οὐδενὸς
860 4429 1005 4483 οὐδὲν
1032 4427 1262 4484 τοιοῦτον
1301 4430 1648 4499 κεκτημένου,

1750 3249 2045 3303 rationibus
2072 3249 2184 3317 jam
2211 3249 2263 3301 in
2293 3262 2469 3302 mores
2492 3263 2592 3301 usu
2617 3247 2857 3315 receptis,
2882 3246 3048 3298 aliena
3073 3254 3182 3297 tum
3209 3244 3276 3295 ab

1746 3339 1812 3393 iis
1842 3347 2032 3391 natura
2063 3352 2169 3391 non
2199 3337 2318 3400 erit,
2349 3337 2494 3404 pueri
2523 3335 2682 3390 simul
2716 3350 2777 3389 ac
2803 3335 2987 3403 puella:
3031 3335 3274 3388 sinantur

1746 3429 1800 3480 in
1832 3441 2015 3481 eorum
2034 3425 2344 3480 tractatione
2369 3424 2590 3487 versari,
2610 3423 2911 3493 factumque
2933 3424 3279 3494 reprehendat

1745 3533 1921 3572 nemo.
1951 3536 1968 3568 ι
2027 3516 2150 3573 Haec
2206 3515 2356 3570 Plato
2404 3516 2469 3570 de
2527 3515 2856 3569 mulieribus.
2911 3516 3068 3583 708
3112 3514 3276 3580 Cujus

1745 3611 1901 3664 etiam
1935 3609 2018 3663 lex
2042 3609 2129 3667 illa
2153 3617 2233 3662 est
2259 3651 2272 3674 ,
2317 3622 2443 3662 sane
2476 3622 2634 3678 quam
2685 3606 2930 3675 egregia:
2989 3624 3005 3655 ι
3043 3604 3098 3657 Si
3147 3606 3267 3672 quis

1746 3699 1894 3754 ﬁlias.
1914 3699 2209 3767 reliquerit,
2246 3698 2322 3750 uti
2351 3689 2596 3750 similiter
2625 3711 2685 3748 ea
2716 3695 3044 3763 cognationis
3086 3695 3138 3747 in
3169 3694 3275 3748 fra—

1745 3799 1885 3843 trum
1931 3796 1984 3843 et
2026 3789 2464 3842 consobrinorum
2517 3786 2650 3841 serie
2699 3786 2832 3838 ratio
2881 3786 3171 3851 habeatur,
3199 3787 3272 3838 uti

1744 3881 1928 3933 eodem
1952 3879 2005 3932 in
2038 3893 2259 3946 genere,
2284 3893 2348 3931 ex
2378 3877 2605 3931 marium
2651 3877 2781 3946 ipsis
2836 3876 3006 3945 primo
3028 3917 3041 3939 ,
3098 3877 3187 3946 qui
3229 3878 3272 3929 si

1745 3971 1876 4024 nulli
1902 3977 2090 4035 erunt,
2121 3981 2231 4023 tum
2263 3969 2475 4024 demum
2515 3984 2580 4022 ex
2626 3967 2945 4022 feminarum
2981 3969 3139 4034 stirpe
3176 3959 3276 4018 viri

1749 4072 2046 4118 sumantur.
2078 4060 2256 4114 Etate
2284 4076 2408 4114 vero
2428 4102 2443 4126 ,
2473 4075 2634 4129 quam
2662 4060 2726 4112 ad
2781 4059 2987 4134 nuptias
3037 4057 3125 4109 vel
3161 4057 3274 4124 pari

1751 4155 1890 4217 sint,
1921 4153 2002 4206 vel
2034 4153 2257 4220 impari,
2286 4151 2448 4220 judex
2480 4151 2550 4202 ita
2580 4157 2808 4210 slatuat,
2842 4137 2904 4207 lit
2942 4160 3115 4198 mares
3161 4146 3280 4213 qui-

1749 4243 1870 4296 dem
1898 4242 2118 4296 omnino
2143 4240 2331 4304 uudos,
2367 4238 2595 4293 feminas
2639 4245 2815 4290 autem
2846 4235 3099 4291 umbilico
3127 4243 3280 4295 tenus

1750 4334 2016 4402 inspiciat.
2064 4332 2236 4400 Atque
2290 4331 2427 4384 idem
2488 4337 2649 4386 sexta.
2688 4327 2763 4380 De
2817 4327 3042 4397 legibus,
3109 4329 3278 4386 nudas

1751 4426 1911 4477 etiam
1939 4423 2057 4489 illas
2084 4423 2272 4476 diebus
2309 4419 2458 4476 festis
2487 4420 2714 4484 choreas.
2740 4434 2896 4488 agere
2933 4421 3114 4488 jubet,
3151 4417 3274 4470 dum

108 4511 251 4583 ὁμοῦ
277 4513 337 4582 δὴ
369 4513 591 4565 ἔσονται·
648 4515 781 4584 ὁμοῦ
831 4517 886 4569 δὲ
931 4519 1398 4589 ἀναμεμιγμένων,
1460 4519 1552 4571 κα)⁸
1597 4521 1651 4572 ἐν

1751 4515 1858 4567 ait:
1905 4532 1922 4564 ι
1960 4513 2074 4568 Hoc
2119 4523 2315 4566 mutum
2369 4511 2569 4565 notitia:
2613 4512 2842 4565 studium
2884 4511 3192 4578 juvabitur,
3233 4509 3276 4565 si

113 4605 447 4674 γυμνασίοις,
476 4606 568 4657 καὶ
608 4606 664 4656 ἐν
709 4609 774 4676 τῇ
830 4608 964 4685 ἄλλῃ
1020 4613 1212 4681 τροφῇ,
1258 4611 1346 4664 ὑπ’
1398 4610 1653 4680 ἀνάγκης,

113 4691 288 4764 οἶμαι,
315 4695 408 4765 τῆς
446 4693 704 4764 ἐμφύτου,
735 4695 947 4758 ἄξονται
985 4699 1118 4767 πρὸς
1144 4699 1238 4768 τὴν
1272 4700 1510 4766 ἀλλήλων
1566 4700 1653 4768 μί-

112 4787 223 4854 ξιν.
244 4786 417 4838 Ἥούκ
441 4787 702 4855 ἀναγκαῖά
717 4787 953 4862 σοεδοκῶ
980 4788 1153 4855 λέγειν
1180 4792 1341 4855 ;-Οὺ
1365 4808 1656 4862 γεωμετρι-

110 4877 242 4936 καῖς
267 4891 348 4943 γε,
384 4871 421 4947 ἦ
453 4876 496 4927 δ’
526 4876 604 4940 ὃς,
632 4876 742 4930 ἀλλ’
780 4878 1060 4948 ἐρωτικαῖς
1091 4880 1370 4946 ἀνάγκαις,
1401 4883 1453 4934 αἳ
1483 4883 1655 4935 κινδυ-

109 4961 354 5018 νεύουσιν
377 4964 600 5024 ἐκείνων
619 4965 935 5036 δριμύτεραι
987 4962 1142 5028 εἶναι,
1202 4969 1332 5037 πρὸς
1360 4970 1421 5021 τὸ
1454 4970 1655 5024 πείθειν

110 5071 175 5107 τε
206 5053 294 5105 καὶ
318 5053 490 5106 ἕλκειν
527 5055 614 5111 τὸν
648 5059 809 5111 πολὺν
863 5057 1046 5109 λεών.»
1111 5057 1264 5111 Ἀλλά
1322 5059 1520 5112 τούτων
1560 5064 1653 5130 μὲν

115 5145 249 5204 ἴσως
278 5159 360 5206 τις
387 5145 586 5215 ἑτέρως
616 5146 926 5225 διηγήσεται
954 5149 1047 5218 τὴν
1080 5149 1172 5201 τοῦ
1216 5150 1369 5216 λόγου
1394 5151 1649 5217 διάνοιαν,

195 5259 214 5286 ³
235 5254 371 5311 Psal.
389 5273 585 5325 ,cxxvr,
619 5260 674 5313 Ι.

217 5368 298 5436 75)
350 5369 469 5448 Τῄν
607 5387 656 5423 τ.
683 5371 1116 5448 ὅπλοις-μάχην.
1146 5375 1647 5448 Subintelligen'dum

114 5438 244 5512 ἀπδ
257 5438 451 5512 κοινῷ,
485 5438 1111 5512 θήσομενὲλαυορίρὶυιο
1143 5455 1261 5498 ante
1289 5438 1573 5512 praecéssit.

194 5507 318 5581 (76)⁸
350 5507 490 5581 ,Ἐάν
518 5507 603 5581 τις
629 5508 857 5581 παῖδας.
887 5507 1059 5577 Plato,
1102 5514 1190 5566 lib.
1223 5530 1258 5566 ιι
1289 5507 1431 5580 ch.,
1469 5529 1518 5581 p.
1547 5515 1647 5570 680

119 5581 189 5633 Α.
208 5577 320 5631 Sed
349 5579 514 5637 locus.
545 5578 596 5629 in
621 5593 717 5630 suo
747 5577 892 5632 fonte
914 5582 1045 5634 satis
1069 5577 1648 5644 obscurum—obscurior

118 5650 192 5702 ab
225 5646 449 5701 Eusebio
492 5646 662 5700 factus
687 5654 807 5709 est,
837 5663 1126 5714 paucorum
1157 5653 1433 5704 verborum
1459 5652 1646 5705 decur-

122 5717 340 5770 tatione.
388 5716 528 5781 Lege
564 5730 694 5783 ergo
729 5731 852 5769 cum
878 5716 1328 5783 Plat.,‘tb6aU-'.wt;
1373 5722 1425 5772 δὲ
1459 5723 1546 5772 καὶ
1588 5723 1646 5773 τὸ

123 5786 270 5856 γένος
295 5786 378 5838 ἀεὶ
417 5785 717 5856 πορευέσθω
751 5787 863 5836 κατ’
911 5786 1250 5859 ἀγχιστείαν,
1294 5794 1380 5845 ἐάν

1417 5809 1490 5852 τις
1524 5795 1644 5844 παῖ-

1756 4606 1904 4675 pueri
1932 4605 2091 4660 simul
2119 4619 2178 4658 ac
2200 4604 2386 4673 puellm
2410 4602 2562 4658 ludos
2590 4611 2642 4656 et
2668 4605 2888 4660 choreas
2919 4600 3274 4665 celebrabunt,

1757 4714 1820 4752 ac
1862 4711 1978 4754 sese
2021 4705 2205 4750 mutuo
2260 4694 2474 4750 nudatis
2517 4695 2826 4763 corporibus
2872 4692 3159 4759 aspicient,
3201 4695 3278 4746 sic

1755 4799 1932 4842 tamen
1962 4795 2018 4839 ut
2047 4785 2238 4840 modus
2274 4785 2466 4854 aliquis
2499 4794 2769 4849 teneatur,
2805 4797 2972 4850 eaque
3013 4783 3084 4836 sit
3117 4793 3273 4849 aetas,

1755 4895 1870 4950 qua:
1912 4877 2210 4948 probabiles
2245 4877 2361 4947 ejus
2413 4879 2488 4932 rei
2537 4891 2724 4929 causas
2760 4875 2986 4941 habeat,
3040 4877 3274 4944 adeoque

1754 4985 1957 5038 semper
1975 4971 2198 5025 honesto
2223 4970 2556 5038 singulorum
2584 4966 2770 5034 pudori
2790 4968 3147 5024 consulatum
3179 4965 3272 5022 His

1754 5062 1886 5117 adde
1926 5046 2174 5122 Omnibus
2219 5062 2383 5131 legem
2415 5061 2575 5118 illam,
2605 5073 2706 5127 qua
2738 5053 3045 5126 Reipublicae
3065 5060 3269 5125 quinto,

1752 5165 2058 5209 communes
2081 5152 2304 5212 feminas
2332 5165 2446 5207 esse
2470 5149 2649 5218 jubet,
2671 5150 2762 5210 bis
2788 5150 2994 5209 verbis:
3038 5166 3054 5198 ι
3080 5148 3270 5202 Proxi-

1747 5376 1872 5437 δας,
1913 5384 2016 5427 ete.
2065 5375 2320 5441 Loquitur
2349 5383 2520 5428 autem
2565 5376 2630 5428 de
2679 5375 2803 5426 viris
2836 5372 3147 5438 quibuscum
3192 5373 3270 5424 fe-

1748 5445 1903 5497 mime
1937 5445 2037 5496 ille
2066 5444 2401 5512 matrimonio
2434 5444 2807 5512 conjungendan
2838 5443 2961 5512 sint:

1815 5513 1922 5582 (77)
1974 5510 2270 5564 Ἐπαγιώγ.
2320 5510 2546 5582 Repone
2569 5510 2779 5564 ἐπανιόν
2825 5527 2889 5563 ex
2930 5510 3174 5576 Platone;
3212 5515 3272 5565 τὸ

1745 5583 1896 5649 γένος
1925 5582 2143 5638 scilicet.

1815 5650 1920 5716 (78)
1965 5650 2073 5715 Τῆς
2098 5649 2208 5707 οὖν
2235 5655 2522 5718 τοιαύτης.
2571 5651 2707 5703 Idem
2740 5666 2785 5700 vr
2817 5648 2958 5717 Leg.,
2996 5665 3045 5716 p.
3078 5650 3171 5703 621
3204 5650 3268 5704 ς.

1814 5720 2172 5843 (79)..ζούτῳ,
2218 5720 2358 5793 viro“
2391 5724 2516 5790 ἐγώ,
2551 5721 2685 5775 Idem
2729 5722 2817 5773 lib.
2869 5736 2898 5771 γ
2947 5719 3016 5772 De
3072 5721 3266 5786 repub.,

1815 5807 1861 5843 α.
1889 5807 1952 5843 αις)
2001 5828 2012 5840 .

1744 5791 2012 5859 ρδε.459.
