4010 6342
738 384 868 441 1171

1350 386 1613 444 EUSEBII
1650 386 2119 443 CESABIENSIS
2156 388 2302 443 OPP.
2342 387 2520 445 PARS
2556 390 2622 447 ll.
2660 420 2728 434 -—
2764 387 3261 446 APOLOGETICA.

3771 392 3899 447 “7!

735 516 877 555 mam
913 501 1076 567 hanc,
1108 502 1325 573 inquam
1344 546 1359 571 ,
1389 506 1629 576 aliasque
1658 506 2003 577 superiores,
2032 506 2117 561 lex
2149 507 2262 577 opi-

2381 508 2440 579 ιὴ
2466 506 2896 579 τδνομιζόμενον
2942 508 3044 577 φάς
3094 506 3426 561 ὑποϐάλλειν.
3474 506 3564 576 Μὴ
3616 506 3726 578 γὰρ
3756 508 3898 561 ἀδια-

735 604 827 643 nor
857 592 955 644 ista
980 595 1409 663 consequitur.~
1423 595 1552 663 Quae
1570 598 1783 653 tandem
1805 595 1985 652 ?—Uti
2020 597 2268 653 mulieres

735 680 850 733 ista:
871 698 1057 738 omnes
1084 701 1207 740 cum
1236 687 1365 743 viris
1394 689 1499 744 illis
1521 689 1771 745 omnibus
1796 703 2109 745 communes
2138 689 2268 753 sint,

737 771 986 840 nullaque
1013 790 1134 829 cum
1166 777 1275 833 ullo
1299 780 1546 848 privatim
1573 797 1637 837 ac
1662 781 1876 852 proprie
1914 791 2265 835 consuescat:

737 862 982 919 similiter
1002 909 1015 928 ,
1048 869 1122 921 uti
1152 883 1467 926 communes
1495 871 1604 929 sint
1627 872 1778 927 liberi
1805 886 2027 933 omnes.
2058 887 2159 927 nec
2184 872 2268 926 sui

736 954 814 1007 vel
844 954 981 1011 fetus
1009 974 1039 1011 a
1067 963 1397 1028 parentibus,
1423 964 1504 1017 vel
1529 972 1775 1034 parentes
1817 978 1849 1019 a
1875 962 2071 1018 fetibus
2101 976 2269 1031 agno-

732 1054 973 1100 scantur.
1005 1066 1023 1098 ι
1067 1048 1270 1115 Quibus
1311 1053 1381 1105 ita
1412 1053 1622 1108 subdit:
1670 1072 1690 1104 ε
1722 1042 2032 1109 "Verisimile
2072 1049 2271 1121 id.qui-

732 1132 853 1187 dem
874 1178 888 1199 ,
918 1136 1110 1206 inquit.
1140 1170 1209 1180 -
1238 1141 1317 1196 Tu
1351 1144 1527 1213 igitur,
1560 1145 1776 1215 inquam
1798 1185 1812 1209 ,
1840 1159 1874 1200 ο
1896 1152 2078 1198 ποκα·
2106 1142 2269 1212 Nl"

735 1220 905 1289 lator,
940 1230 1223 1285 mulierum
1265 1234 1483 1302 perinde
1526 1250 1590 1290 ac
1648 1237 1886 1296 virorum
1925 1233 2137 1291 deleta!
2172 1232 2269 1286 lla-

736 1307 871 1373 hito,
904 1312 969 1366 iis
988 1330 1147 1383 quam
1180 1321 1409 1375 maxime
1438 1321 1555 1377 ﬁeri
1584 1323 1800 1393 poterit,
1833 1322 2044 1393 ingenio
2066 1320 2273 1377 similes

734 1398 1055 1469 assignabis.
1099 1403 1137 1458 li
1195 1422 1353 1475 porro
1403 1409 1593 1465 domos
1626 1411 2081 1480 contuberniaque
2124 1425 2274 1465 com—

739 1489 918 1542 munia
951 1492 1077 1546 dum
1126 1494 1430 1562 habebunt,
1481 1516 1579 1554 nec
1630 1502 1873 1569 privatim
1923 1500 2063 1554 ullus
2100 1498 2275 1555 simile

736 1581 1025 1649 quidquam
1060 1587 1348 1653 possidebit
1370 1629 1383 1650 ,
1412 1606 1515 1643 una
1543 1590 1782 1661 proiecto
1802 1599 1959 1646 erunt
1983 1609 1996 1644 :
2042 1591 2275 1659 dumque

738 1674 896 1726 simul
923 1682 1030 1728 tam
1062 1677 1115 1729 in
1139 1674 1431 1748 gymnasiis
1454 1720 1468 1744 ,
1498 1696 1660 1751 quam
1690 1682 1744 1735 in
1772 1681 1977 1736 caeteris
2012 1680 2135 1735 vita:
2160 1680 2272 1735 olli-

740 1762 839 1817 ciis
868 1767 1257 1839 versabuntur,
1294 1770 1359 1824 ad
1404 1782 1675 1838 mutuam,
1708 1773 1897 1842 opinor
1919 1811 1935 1835 ,
1987 1782 2275 1828 consuetu-

738 1852 915 1907 dinem
956 1855 1135 1910 innata
1180 1859 1411 1929 quadam
1448 1861 1764 1919 necessitate
1810 1859 2090 1928 ducentur.
2134 1858 2270 1914 Num

738 1958 868 1998 vero
914 1945 1007 2000 tibi
1062 1950 1362 2004 necessaria
1409 1950 1583 2006 dicere
1630 1951 1851 2004 videor?
1874 1978 1944 1991 -—
1976 1948 2148 2015 Sane,
2192 1950 2274 2003 iu-

742 2032 858 2099 quit
881 2066 907 2095 ,-
929 2048 1112 2088 verum
1146 2051 1250 2089 non
1280 2026 1601 2107 geometrica
1630 2038 1980 2100 necessitate,
2009 2037 2101 2092 sed
2128 2052 2275 2092 ama-

746 2123 879 2176 toria
907 2163 921 2188 ,
972 2141 1092 2195 qua:
1133 2128 1379 2197 quidem,
1434 2129 1499 2183 ad
1545 2130 1909 2201 pelliciendam
1944 2130 2050 2183 vim
2095 2130 2272 2201 populi

744 2215 1031 2269 maximam
1054 2258 1069 2283 ,
1105 2219 1279 2273 acrior
1311 2235 1430 2275 esse
1460 2220 1618 2291 vulgo
1647 2236 1808 2290 quam
1833 2221 1953 2282 illa,
1987 2221 2277 2290 potentior—

746 2320 848 2371 que
874 2306 1025 2359 solet.
1053 2324 1072 2357 ι
1104 2306 1227 2365 llaac
1250 2309 1355 2364 ille.
1389 2308 1491 2365 Sed
1516 2310 1621 2365 erit
1666 2308 1895 2365 fortasse
1931 2326 2039 2366 non
2087 2325 2303 2381 nemo”

2368 598 2565 661 στόλως
2593 599 2782 660 ιίπετν,
2808 597 2984 660 πάσας
3012 592 3150 649 εἶναι
3175 594 3358 658 κοινὰς
3389 594 3487 657 τὰς
3521 597 3806 662 γυναῖκας,
3833 596 3902 658 ὡς

2368 690 2460 742 καὶ
2484 692 2593 752 τοῖς
2621 688 2868 759 τυχοῦσιν
2898 687 3297 741 ἀκολασταίνειν
3332 684 3547 751 ἐξεῖναι,
3581 684 3701 738 ἀλλ’
3727 686 3818 738 ἐπὶ
3843 688 3899 755 τῇ

2368 777 2472 830 τῶν
2491 777 2759 847 ἀρχόντων
2791 774 3004 844 ἐξουσίᾳ
3030 773 3235 827 κεῖσθαι
3265 772 3363 842 τὴν
3384 771 3517 841 πρὸς
3544 772 3674 833 τοὺς
3716 770 3904 840 ἄνδρας

2365 866 2677 938 διανέμησιν
2705 865 2897 920 αὐτῶν.
2925 864 3078 918 Οὓω
3098 863 3205 935 γὰρ
3229 859 3366 916 εἶναι
3398 862 3599 927 κοινὰς,
3624 861 3704 922 ὡς
3728 859 3793 912 ἂν
3820 861 3903 911 καὶ

2367 955 2434 1008 τὰ
2465 955 2694 1026 δημόσια
2725 954 2976 1026 χρήματα
3003 952 3135 1023 φαίη
3152 968 3237 1014 τις
3256 946 3392 1005 εἶναι
3425 949 3599 1013 κοινὰ,
3635 942 3721 1011 οἷς
3748 963 3902 1017 προσψ

2369 1048 2489 1116 ﬁxe:
2516 1045 2874 1117 διανεμόμενα
2908 1044 3039 1115 πρὸς
3070 1043 3178 1097 τῶν
3201 1042 3696 1114 ἐπιτετραμμένων.
3720 1040 3824 1093 Καὶ
3846 1038 3906 1108 δὴ

2368 1133 2517 1187 ταῦθ’
2544 1132 2714 1197 οὕτως
2765 1133 2951 1202 ἐχέτω.
2983 1133 3047 1185 Τί
3104 1133 3149 1185 δ’
3179 1131 3245 1186 ἃν
3272 1132 3441 1193 εἴποις
3470 1128 3675 1200 μαθὼν,
3713 1128 3787 1191 ὡς
3819 1128 3905 1180 καὶ

2372 1227 2445 1297 μὴ
2472 1226 2719 1296 ἐκφέρειν
2746 1225 2825 1289 είς
2849 1224 2963 1297 uti);
2978 1223 3048 1276 τά
3073 1222 3339 1293 κυούμενα
3362 1220 3718 1292 προστάττεις
3745 1217 3906 1284 λέγων

2367 1309 2487 1372 ὧδε·
2527 1334 2545 1367 ι
2584 1316 2802 1369 Γυναικὶ
2834 1309 2931 1385 μέν
2961 1314 3090 1386 (80),
3123 1311 3192 1384 ἦν
3228 1313 3271 1365 δ’
3296 1313 3426 1381 ἐγὼ,
3468 1311 3747 1382 ἀρξαμένῃ
3806 1310 3904 1362 ἀπὸ

2369 1404 2736 1468 ιίκοσαέτιδος,
2772 1404 2928 1474 μέχρι
2982 1402 3545 1473 τεσσαρακονταέτιδος
3590 1401 3798 1453 τίκτειν
3846 1402 3904 1467 τῇ

2374 1496 2541 1550 πόλει·
2569 1496 2719 1568 ἀνδρὶ
2746 1494 2825 1558 δὲ,
2851 1494 3066 1548 ἐπειδὰν
3116 1493 3215 1564 τὴν
3261 1492 3516 1560 ὀξυτάτην
3563 1492 3762 1561 δρόμον
3802 1489 3905 1558 (81)

2371 1589 2551 1659 ἀκμὴν
2589 1591 2757 1660 παρῇ,
2789 1590 2850 1641 τὸ
2882 1588 2989 1640 ἀπὸ
3028 1587 3211 1640 τούτου
3252 1586 3441 1655 γεννᾷν
3464 1587 3529 1653 τῇ
3570 1583 3725 1635 πόλει
3754 1580 3907 1650 μέχρι

2372 1678 2529 1731 πέντε
2555 1678 2647 1731 καὶ
2667 1677 3162 1747 πεντηκονταέτους·
3178 1696 3197 1729 ι
3220 1672 3300 1740 οἷς
3326 1675 3581 1741 ἐπιλέγει·
3613 1691 3631 1722 ι
3666 1674 3838 1723 Ὅταν
3856 1670 3906 1721 ἃ

2371 1770 2456 1838 δὴ,
2484 1766 2655 1839 οἶμαι,
2682 1770 2744 1822 at
2770 1787 2831 1823 τε
2853 1774 3126 1840 γυναῖκες,
3156 1771 3249 1823 καὶ
3298 1771 3346 1821 oi
3373 1770 3560 1839 ἄνδρες
3603 1754 3699 1818 τοῦ
3724 1766 3907 1833 γἐνθᾷν

2366 1857 2574 1911 ἐκϐῶσι
2620 1860 2718 1929 τὴν
2769 1859 2999 1929 ἠλικίαν,
3033 1859 3308 1930 ἀφήσομέν
3336 1876 3435 1911 που
3483 1854 3793 1926 ἐλευθέρους
3824 1855 3907 1905 αὑο

2376 1949 2499 2009 τοὺς
2538 1949 2879 2018 συγγίνεσθαι
3018 1950 3084 2004 ἂν
3148 1950 3387 2004 ἐθέλωσι.
3435 1967 3454 1999 ›
3496 1947 3602 2001 Καὶ
3650 1944 3907 2011 ἐπιλέγειο

2383 2058 2402 2089 ι
2429 2040 2904 2114 Διακελευσάμενοι
2931 2040 3315 2113 προθυμεῖσθαι
3342 2039 3569 2110 μάλιστα
3612 2036 3711 2107 μὲν
3740 2035 3815 2105 μὴ
3842 2036 3909 2095 είς

2379 2129 2493 2197 φῶς
2548 2132 2818 2201 ἐκφέρειν
2851 2131 3035 2203 κύημα
3091 2132 3273 2204 μηδὲν,
3331 2133 3422 2185 ἐὰν
3459 2129 3695 2199 γένηται’
3735 2128 3833 2181 ἐάν
3862 2127 3910 2179 διί

2380 2237 2461 2283 τις
2487 2221 2595 2291 (82)
2628 2221 2899 2294 βιάσηται,
2944 2223 3082 2277 οὕτω
3134 2223 3430 2286 ἐκτιθέναι,
3484 2220 3557 2284 ὡς
3601 2221 3700 2273 οὐκ
3759 2218 3910 2286 οὔσης

2381 2315 2583 2382 τροφῆς
2613 2313 2690 2384 τῷ
2720 2314 2967 2385 τοιούτῳ,
2997 2334 3016 2367 ι
3070 2316 3179 2368 Καὶ
3218 2315 3287 2367 τὰ
3331 2313 3429 2385 μὲν
3473 2312 3598 2383 περὶ
3643 2309 3913 2379 γυναικῶν

743 2394 836 2462 qui
897 2395 1201 2467 philosophi
1249 2406 1482 2455 mentem
1514 2400 1695 2455 aliter
1742 2399 2007 2470 accipiet,
2054 2415 2279 2469 eamque

2383 2403 2600 2473 ἀγωγῆς
2628 2403 2863 2459 τοιαῦτα.
2900 2404 2981 2456 Τὰ
3010 2404 3065 2456 δέ
3101 2404 3229 2474 περὶ
3277 2403 3475 2472 ἔρωτος
3530 2386 3798 2470 ὲπθέσμου
3825 2399 3908 2449 ἐπ-

743 2500 904 2553 quam
931 2488 1088 2557 vulgo
1132 2496 1355 2557 putant,
1398 2490 1612 2562 negabit
1653 2506 1791 2548 esse.
1834 2489 1945 2547 Nec
1977 2491 2120 2546 enim
2153 2505 2278 2560 pro-

2385 2492 2608 2545 άκουσον
2635 2488 2722 2546 οἶα
2746 2495 3013 2565 τυγχάνει.

746 2578 950 2633 miscue
980 2596 1293 2638 communes
1316 2581 1542 2640 {cminas
1572 2600 1759 2640 omnes
1800 2598 1920 2639 esse
1964 2584 2128 2649 velle,
2156 2585 2311 2654 quasi
2350 2584 2583 2642 libidinis
2630 2602 2695 2642 ac
2730 2587 2912 2658 ﬂagitii
2943 2590 3163 2644 liberam
3196 2587 3365 2643 cuivis
3385 2595 3695 2656 potestatem
3723 2580 3914 2648 faciat;

744 2667 838 2721 sed
865 2678 1068 2725 tantum
1100 2673 1441 2743 magistratus
1486 2685 1672 2744 suopte
1714 2677 1933 2730 arbitrio
1974 2690 2127 2730 suam
2176 2678 2367 2745 cuique
2438 2676 2545 2731 viro
2590 2678 2863 2749 assignare
2914 2694 3089 2748 posse
3142 2677 3235 2735 Sic
3294 2678 3435 2733 enim
3477 2674 3694 2746 perinde
3770 2685 3911 2726 com-

744 2775 935 2817 munes
968 2764 1087 2819 illas
1131 2764 1272 2833 fore,
1315 2776 1376 2821 ut
1416 2770 1640 2839 publica:
1681 2772 1920 2839 pecuniae
1957 2785 2269 2826 communes
2304 2772 2485 2827 vocari
2538 2781 2797 2841 possunt,
2848 2789 2968 2843 quae
3003 2774 3059 2829 in
3087 2788 3226 2843 quos
3251 2772 3542 2842 oportuerit
3573 2769 3606 2823 δ
3645 2764 3912 2837 411³³⁸³⁵·

748 2855 849 2910 bus
876 2856 1201 2915 dividantur.
1233 2860 1430 2919 Demus
1478 2863 1582 2919 hoc
1631 2879 1777 2918 vero.
1811 2863 1950 2929 Quid
1998 2865 2209 2919 tandem
2267 2882 2327 2922 es
2392 2866 2670 2933 dicturus,
2718 2884 2841 2924 cum
2884 2868 3098 2934 audies,
3146 2867 3294 2923 illum
3334 2864 3528 2924 etiam,
3575 2875 3644 2914 ne
3674 2854 3915 2926 concepti

749 2956 904 3006 utero
934 2952 1072 3010 fetus
1105 2956 1157 3010 in
1194 2957 1366 3013 lucem
1407 2958 1568 3029 709
1605 2960 1865 3024 edantur,
1918 2959 2277 3015 interdicere?
2328 2962 2489 3030 Atqui
2548 2971 2674 3017 sunt
2722 2964 2836 3017 haec
2878 2962 2996 3032 ejus
3036 2962 3230 3016 verba:
3274 2978 3295 3010 ι
3330 2956 3664 3017 Statuimus,
3711 2950 3915 3019 inquit.

750 3045 826 3099 uti
859 3048 1109 3105 mulieres
1136 3066 1167 3105 a
1199 3051 1456 3111 vicesimo
1491 3069 1634 3110 anno
1670 3055 1737 3110 ad
1774 3055 2269 3125 quadragesimum,
2332 3055 2635 3126 reipublicae
2689 3042 2883 3111 liberos
2932 3056 3175 3125 pariant:
3212 3053 3310 3108 viri
3360 3059 3541 3107 autem
3572 3046 3734 3102 simul
3765 3056 3915 3113 atque

748 3151 813 3191 ex
856 3154 1068 3197 summo
1113 3143 1205 3199 illo
1244 3160 1311 3201 ae
1371 3146 1645 3202 levissimo
1701 3147 1875 3204 aetatis
1921 3147 2051 3203 ﬂore
2085 3149 2437 3229 excesserint,
2494 3151 2559 3204 ad
2619 3143 2817 3205 annum
2851 3150 3120 3219 deinceps
3167 3150 3413 3219 quintum
3450 3153 3505 3200 et
3540 3138 3914 3213 quinqu‘te‘i'

753 3248 922 3298 mum,
947 3239 1293 3305 procreandis
1318 3239 1627 3308 reipublicae
1652 3240 1837 3296 liberis
1861 3256 2079 3311 operam
2108 3241 2255 3299 dent.
2286 3261 2303 3294 ι
2357 3242 2563 3311 Quibus
2600 3244 2713 3299 haec
2762 3242 3035 3315 subiungit
3080 3263 3094 3298 :
3135 3261 3155 3295 ι
3190 3242 3259 3297 At
3282 3240 3387 3296 ubi
3422 3248 3530 3293 tam
3567 3236 3701 3302 viri,
3759 3245 3909 3303 quam

754 3326 1003 3383 mulieres
1024 3330 1224 3399 justam
1260 3332 1404 3387 illam
1439 3334 1723 3402 generandi
1764 3347 1972 3390 aetatem
2012 3338 2368 3406 pra-terierint
2408 3340 2587 3393 :viris
2613 3340 2804 3395 exinde
2853 3339 3079 3394 liberum
3128 3346 3265 3399 esto.
3324 3335 3691 3404 cujuscunque
3742 3328 3913 3380 volue-

754 3415 863 3469 rint
911 3424 1345 3477 consuetudinem
1397 3435 1701 3494 expetere.»
1749 3429 2009 3497 Additque
2056 3439 2307 3497 praterea
2346 3448 2357 3481 :
2404 3449 2421 3481 ι
2457 3429 2762 3484 Cavendum
2810 3431 2939 3485 illud
2979 3429 3137 3483 etiam
3194 3427 3503 3496 diligenter,
3553 3418 3826 3489 principio
3855 3426 3913 3467 Ic

755 3512 896 3565 ullus
936 3526 997 3566 ea
1038 3524 1190 3568 astate
1230 3516 1405 3584 fetus,
1449 3518 1497 3573 si
1547 3521 1639 3587 qui
1689 3520 1827 3575 forte
1877 3522 2172 3587 exstiterit,
2235 3523 2288 3577 in
2334 3524 2506 3577 lucem
2540 3524 2730 3577 edatur
2770 3541 2785 3577 :
2837 3524 3059 3587 deinde,
3108 3522 3153 3577 si
3202 3536 3318 3589 qua:
3356 3515 3595 3587 pariendi
3633 3510 3915 3566 necessitas

754 3603 943 3672 fuerit,
977 3619 1036 3661 ut
1070 3620 1367 3678 exponatur
1396 3613 1681 3677 continuo,
1719 3614 1861 3682 quod
1899 3615 2103 3669 nullum
2154 3615 2279 3670 huic
2333 3625 2517 3683 partus
2567 3618 2749 3685 generi
2792 3615 3103 3670 alimentum
3151 3613 3423 3668 debeatur.
3452 3628 3471 3661 ι
3508 3608 3586 3662 Ac
3632 3605 3700 3659 de
3736 3600 3913 3656 mulie-

758 3711 875 3749 rum
912 3700 1207 3755 rationibus
1260 3703 1515 3759 hactenus
1562 3704 1727 3760 Plato.
1764 3705 1879 3760 Jam
1926 3706 2053 3777 quid
2091 3707 2157 3763 de
2194 3707 2412 3762 infando
2445 3723 2627 3762 amore
2652 3708 2941 3772 censuerit,
2978 3707 3273 3760 videamus.

1332 3797 1553 3852 CAPUT
1578 3798 1694 3852 XX.

762 3904 1016 3981 Qunam
1046 3906 1201 3981 Pluto
1231 3912 1295 3965 de
1321 3912 1539 3981 infando
1563 3930 1736 3968 amore
1764 3917 1818 3967 in
1845 3914 2068 3971 Phadro
2097 3924 2293 3970 statue-

901 3978 1011 4030 rit:
1036 3980 1219 4047 quibus
1246 3978 1512 4033 contrarie
1541 3994 1659 4035 sunt
1692 4000 1725 4035 ο
1755 3984 1898 4037 More
1924 3987 2147 4039 sancite.

2918 3797 3299 3853 ΚΕΦΑΛΔΙΟΝ
3325 3796 3375 3847 Κ
3394 3831 3409 3847 .

2406 3914 2599 3967 Ὀποῖα
2623 3915 2756 3991 3:882
2784 3912 3309 3991 épwgoceiﬂéagou
3336 3906 3514 3991 αὐτος
3535 3900 3836 3991 δίο-ςαξαο
3857 3893 3913 3947 ἐν

2611 3976 2841 4052 Φαίδρῴ,
2866 3981 2953 4047 οἷς
2971 3976 3008 4035 δ
3036 3976 3255 4047 Μωσῆς
3280 3976 3725 4041 ἀντινομοθετεί

837 4088 858 4119 4
888 4068 991 4136 Qui
1018 4072 1061 4125 si
1088 4070 1318 4137 diutius,
1342 4073 1543 4141 inquit,
1578 4072 1629 4125 id
1658 4072 1895 4128 factitare
1923 4076 2285 4143 perget,siae-

2472 4094 2489 4124 ι
2522 4076 2687 4127 Ὅταν
2735 4074 2790 4127 δὲ
2850 4074 3064 4144 χρονίζῃ
3127 4071 3231 4140 (83)
3266 4068 3419 4121 τοῦτο
3459 4065 3617 4136 δρῶν,
3662 4061 3757 4113 καὶ
3799 4057 3913 4125 πλη-

761 4164 912 4216 eedet
940 4165 1156 4233 propius
1178 4206 1192 4228 ,
1224 4166 1269 4219 si
1295 4175 1401 4219 tam
1430 4167 1483 4219 in
1508 4166 1800 4235 gymnasiis
1820 4205 1835 4230 ,
1866 4180 2025 4234 quam
2072 4166 2124 4218 in
2167 4166 2293 4219 reli-

762 4267 868 4321 qua
904 4257 1288 4311 consuetudine
1324 4258 1475 4311 illum
1512 4257 1812 4327 continget:
1867 4264 1979 4309 tum
2026 4255 2297 4309 enimvero

766 4345 1018 4400 ﬂuxionis
1078 4348 1220 4402 illius
1276 4347 1439 4414 fons,
1508 4364 1668 4418 quem
1727 4348 2033 4418 cupidinem
2094 4343 2297 4416 Jupiter

765 4436 1087 4508 Ganymedis
1134 4452 1317 4492 amore
1383 4447 1661 4508 correptus
1714 4438 2022 4509 appellavit,
2073 4438 2201 4493 dum
2244 4438 2299 4491 vi

766 4527 997 4597 quadam
1040 4527 1437 4581 vehementiore
1475 4537 1768 4582 amatorem
1806 4528 2063 4593 inundat,
2104 4528 2296 4597 partim

768 4617 825 4671 iu
879 4633 1004 4673 eum
1062 4618 1275 4687 penitus
1328 4617 1593 4683 illabitur,
1649 4618 1841 4687 partim
1884 4617 2103 4685 eotjam
2144 4617 2300 4687 pleno

771 4707 934 4763 eluit
961 4722 1026 4764 ae
1045 4708 1309 4764 redundat
1334 4716 1504 4763 extra.
1532 4708 1707 4778 Atque
1729 4716 1786 4762 ut
1818 4708 2036 4777 Spiritus
2062 4707 2299 4776 quidam,

774 4805 867 4849 ant
892 4799 1027 4853 echo
1052 4815 1117 4853 ex
1148 4801 1352 4855 levibus
1380 4799 1667 4869 solidisque
1692 4799 2264 4870 corporibusassiliens
2283 4838 2298 4864 ,

776 4886 917 4939 unde
947 4886 1176 4952 primum
1200 4891 1431 4954 exstitit,
1478 4903 1545 4943 eo
1584 4889 1809 4944 refertur
1847 4890 2056 4945 denuo:
2100 4890 2179 4944 sic
2214 4889 2301 4943 illa

775 4974 1186 5047 pulchritudinis
1212 4978 1379 5035 ﬂuuio
1399 5020 1416 5046 ,
1447 4980 1500 5035 in
1530 4979 1809 5050 pulchrum
1835 4980 2027 5035 iterum
2055 4996 2148 5050 per
2182 4996 2303 5035 oeu—

776 5068 859 5124 los
881 5067 1167 5132 relabitur,
1200 5084 1319 5137 quo
1352 5083 1635 5143 postquam
1663 5069 1717 5123 in
1739 5071 1975 5124 animum
1992 5113 2007 5136 ,
2042 5087 2147 5141 qua
2170 5072 2303 5126 solet

774 5163 861 5219 via
895 5160 1141 5227 subierit,
1166 5168 1282 5215 tum
1308 5176 1434 5217 vero
1458 5162 1716 5233 quidquid
1743 5160 1842 5216 alis
1873 5169 2143 5229 permeat,
2179 5161 2306 5214 huic

774 5253 936 5308 etiam
968 5251 1210 5323 adjungit
1234 5250 1383 5316 alas,
1428 5253 1674 5324 rigatque
1719 5251 1975 5307 continuo
2002 5291 2018 5317 ,
2046 5251 2305 5319 novisque

778 5344 1018 5403 subinde.
1044 5346 1238 5417 pennis
1289 5343 1553 5414 pullulare
1594 5345 1752 5414 gestit
1772 5379 1789 5411 ,
1827 5358 1891 5399 ac
1926 5341 2086 5398 simili
2126 5355 2308 5397 amore

780 5435 942 5490 amati
972 5436 1208 5492 animum
1236 5435 1438 5505 implet.
1467 5432 1626 5487 Amat
1651 5433 1809 5504 igitur
1841 5434 1929 5488 ille
1949 5473 1966 5494 .
2009 5446 2106 5487 nec
2133 5439 2310 5488 tamen

876 5607 963 5690 ξι)
1001 5614 1246 5690 ζγνεαᾳι
1268 5614 1399 5683 μέν.
1434 5611 1586 5690 Plato
1611 5611 1763 5675 ιιιία..
1792 5626 1913 5683 pag.
1943 5611 2063 5668 ιω.

876 5610 944 5665 80
1001 5614 1246 5667 Γυνααί
1268 5630 1325 5683 με

852 5610 1085 5821 sis

2397 4164 2554 4234 σιάζη
2583 4164 2717 4235 μετὰ
2740 4165 2832 4217 τοῦ
2864 4163 3145 4226 ἅπτεσθαι,
3178 4161 3234 4213 έν
3276 4176 3335 4211 τε
3391 4154 3703 4226 γυμνασίοις
3752 4150 3841 4204 καὶ
3866 4150 3913 4201 ἐν

2395 4258 2512 4317 ταῖς
2534 4254 2713 4318 ἄλλαις
2730 4254 2984 4326 ὁμιλίαις,
3012 4254 3129 4305 τότε
3153 4250 3215 4319 δὴ
3260 4250 3296 4318 ἡ
3321 4247 3413 4300 τοῦ
3448 4246 3711 4319 ῥεύματος
3726 4241 3915 4297 ἐκείνου

2400 4344 2564 4414 πηγὴ,
2602 4346 2661 4398 ὃν
2718 4345 2906 4415 ίμερον
2953 4345 3083 4404 Ζεὺς
3136 4340 3482 4409 Γανυμήδους
3501 4337 3636 4407 ἐρῶν
3664 4336 3913 4404 ὠνόμασε.

2399 4436 2562 4504 πολλὴ
2588 4436 2855 4508 φερομένη
2878 4433 3010 4505 πρὸς
3040 4433 3128 4485 τὸν
3168 4432 3421 4503 ἐραστὴν,
3455 4433 3488 4501 ἡ
3526 4430 3623 4499 μὲν
3669 4429 3751 4490 είς
3774 4423 3913 4478 sam

2398 4526 2507 4590 ἔδυ,
2538 4529 2572 4596 ὴ
2625 4526 2670 4578 δ’
2700 4525 3188 4595 ἀπομεστουμένου,
3244 4524 3347 4591 ἔξω
3396 4525 3639 4595 ἀπορρεῖ·
3689 4521 3783 4572 καὶ
3824 4511 3914 4569 οἷον

2401 4617 2631 4687 πνεῦμα,
2661 4618 2702 4687 ἦ.
2724 4634 2806 4679 τις
2828 4616 2961 4686 ἠχὼ,
2987 4617 3091 4669 άπὸ
3119 4615 3275 4671 λείων
3298 4633 3358 4669 τε
3419 4616 3511 4669 καὶ
3572 4609 3798 4683 στερεῶν
3840 4606 3895 4658 ἀλ

2400 4706 2595 4776 λομένη
2628 4705 2762 4775 (84),
2793 4700 2947 4759 πάλιν
2971 4706 3090 4758 ὅθεν
3122 4705 3349 4776 ὡρμήθη
3390 4703 3631 4774 φέρεταιι
3681 4698 3817 4751 οὕτω
3865 4694 3911 4745 τὺ

2400 4800 2492 4853 τοῦ
2518 4798 2740 4862 κάλλους
2766 4781 2957 4871 ῥεῦμα,
2982 4799 3138 4853 πάλιν
3163 4800 3243 4861 είς
3270 4797 3360 4851 τὸν
3384 4793 3544 4849 καλὸν
3573 4790 3660 4845 διὰ
3702 4788 3807 4843 τῶν
3826 4789 3908 4855 ὀμ·

2407 4891 2585 4959 μάτων
2614 4889 2707 4954 ιὺν,
2804 4891 3041 4958 πέφυκεν
3071 4888 3161 4941 ἐπὶ
3195 4886 3293 4957 τὴν
3319 4884 3490 4953 ψυχὴν
3520 4881 3652 4933 ἱέναι
3671 4878 3909 4947 ἀφικόμε-

2404 4998 2509 5047 νον,
2534 4982 2625 5033 καὶ
2652 4981 3049 5051 άναπτεροῦσαν
3078 4978 3175 5041 τὰς
3192 4974 3389 5035 διόδους
3423 4968 3531 5024 τῶν
3576 4969 3801 5041 πτερῶν,
3827 4968 3908 5037 lp-

2402 5072 2481 5125 δει
2506 5089 2565 5123 τε
2614 5073 2709 5124 καὶ
2726 5070 2945 5141 ὥρμησε
2972 5066 3306 5138 περοφυεῖν,
3336 5063 3429 5116 καὶ
3475 5061 3568 5132 τὴν
3608 5060 3701 5114 τοῦ
3726 5055 3909 5130 ἐρωμέ-

2384 5180 2493 5215 νου
2612 5160 2785 5231 ψυχὴν
2818 5160 3014 5231 ἔρωτος
3038 5156 3347 5226 ἐνέπλησεν.
3388 5153 3516 5224 Ἑρᾷ
3546 5153 3647 5224 μὲν
3673 5146 3782 5215 οὖν,
3807 5150 3909 5202 δτω

2391 5251 2461 5304 se
2489 5230 2698 5321 ἆπορεῑ,
2744 5230 2973 5303 νκαῖὸῠθ
3009 5248 3039 5300 δ
3095 5264 3149 5299 τι
3178 5242 3459 5309 πέπονθεν,
3490 5240 3648 5309 σῐδσν,
3678 5240 3784 5296 ,ω’
3817 5237 3908 5306 ιιι·

2408 5344 2629 5413 φράσαι·
2651 5341 2763 5395 ἀλλ’
2787 5335 2896 5393 οἷον
2924 5338 3020 5392 ἀπ’
3044 5324 3199 5391 ελλω
3223 5335 3521 5406 ὀφθαλμίας
3538 5325 3906 5397 dm.

2410 5433 2674 5504 πρόφασιν
2717 5432 2890 5484 simtu
2927 5430 3025 5482 οὐκ
3070 5427 3201 5499 ἔχει.
3246 5447 3274 5478 -ι
3334 5428 3440 5481 Καὶ
3498 5424 3733 5493 tum

2419 5640 2424 5644 ε
2482 5606 2592 5745 ἓὲῗξ
2619 5596 3638 5753 ,ῖὲξετιῑμείηκθοίδὲετπηξιιξέτέι
3665 5584 3901 5729 tam.

2344 5756 2354 5773 ‘
2417 5756 2477 5801 ut
2494 5742 2636 5813 apud
2663 5742 2952 5796 Platonem.
