4010 6342
83 375 229 428 H73

1170 373 1480 427 PREPAR.
1522 374 1769 429 EVANG.
1812 372 1936 429 LIB.
1980 372 2109 427 χιιι.

3130 373 3263 426 1174

83 507 106 541 ι
148 491 431 561 Ἐπιθυμεῖ
461 495 515 548 δέ
540 495 727 565 ἐκείνῳ
757 482 1159 567 παραπλησίως
1200 496 1293 564 μὲν
1320 494 1628 548 ἀσθενεστέ-

1734 501 1819 546 aut
1848 493 1971 561 quid
2000 502 2160 556 amet,
2192 502 2282 544 aut
2312 506 2415 560 quo
2444 506 2603 545 sensu
2637 501 2912 544 moveatur
2932 532 2948 555 ,
2976 491 3054 542 vel
3086 506 3261 553 nosse,

82 599 200 650 ρως
255 583 329 643 δὲ,
369 585 517 655 ὁρᾷν,
568 587 848 648 ἅπτεσθαι,
906 587 1094 655 φιλεῖν,
1156 585 1620 652 συγκατακεῖσθαι·

80 673 184 723 καὶ
212 667 420 742 δὴ,οἶον
450 675 609 740 είκὸς,
634 680 771 728 ποιεῖ
803 679 863 729 τὸ
902 675 1035 745 μετά
1064 674 1216 727 τοῦτο
1246 676 1379 743 ταχὺ
1404 672 1622 725 ταῦτα..

92 762 189 814 Ἐν
214 760 307 816 οὖν
328 767 392 833 τῇ
419 770 786 835 συγκοιμήσει,
812 765 901 818 τοῦ
936 765 1030 834 μὲν
1052 763 1271 834 ἐραστοῦ
1299 763 1628 821 ὁάκόλαστος

83 854 257 916 ῖππος
289 854 395 923 ἔχει
447 856 474 907 ὅ
503 872 550 906 τι
576 855 718 923 λέγοι
770 856 900 927 πρὸς
930 856 1017 907 τὸν
1070 855 1296 923 ἡνίοχον,
1347 854 1436 905 καὶ
1494 852 1631 915 ἀξιοῖ

79 945 208 997 ἀντὶ
257 945 460 998 πολλῶν
504 948 674 999 πόνων
718 947 918 1016 σμικρά
965 946 1280 998 ἀπολαῦσαι·
1344 946 1373 997 ὁ
1421 944 1476 995 δὲ
1524 942 1629 994 τῶν

80 1028 349 1080 παιδικῶν
378 1027 487 1095 ἔχει
518 1030 611 1098 μὲν
632 1030 779 1081 οὐδὲν
806 1031 994 1092 εἰπεῖν,
1024 1027 1277 1097 σπαργῶν
1300 1026 1357 1078 δέ
1387 1026 1479 1077 καὶ
1498 1026 1628 1076 ἀπο-

82 1116 197 1185 ρῶν
230 1116 536 1187 περιϐάλλει
578 1118 667 1169 τὸν
692 1119 941 1187 ἐραστὴν,
992 1119 1083 1169 καὶ
1128 1116 1285 1183 φιλεῖ,
1316 1114 1390 1177 ὼς
1435 1114 1630 1184 σφόδρα

78 1206 277 1259 εὔνουν
302 1206 687 1277 ἀσπαζόμενος.
714 1211 877 1261 Ὅταν
903 1227 961 1262 τε
993 1209 1476 1276 πγκατακὲωνται,
1525 1203 1631 1269 οἷός

79 1297 201 1347 ἐστι
234 1296 308 1364 μὴ
340 1295 734 1365 ἀπαρνηθῆναι,
768 1296 823 1347 τὸ
862 1294 1021 1347 αὑτοῦ
1074 1296 1250 1364 μέρος,
1308 1293 1631 1363 χαρίσασθαι

77 1384 159 1453 τῷ
186 1386 403 1454 ἐρῶντι,
435 1388 481 1438 εί
518 1386 728 1455 δεηθείη
778 1387 1085 1453 τυγχάνειν.
1154 1383 1276 1437 Ἐὰν
1308 1386 1403 1453 μὲν
1447 1383 1510 1452 δὴ
1538 1379 1629 1435 οῦν

77 1475 161 1536 εἰς
193 1476 527 1544 τεταγμένην
582 1476 787 1528 δίαιταν
823 1476 932 1527 ’καὶ
969 1474 1278 1542 φιλοσοφίαν
1330 1475 1521 1542 νικήσῃ
1566 1473 1631 1525 τά

81 1564 281 1631 βελτίω
313 1564 408 1632 τῆς
444 1554 695 1626 διανοίας,
729 1565 988 1633 μακάριον
1040 1567 1131 1617 καὶ
1164 1564 1505 1634 ὁμονοητικὸν
1544 1566 1631 1616 τὸν

79 1654 275 1707 ἐνθάδε
306 1654 414 1723 βίον
444 1657 736 1723 διάγουσιν,
766 1660 1045 1727 ἐγκρατεῖς
1073 1656 1273 1709 ἑαυτῶν
1304 1657 1393 1708 καὶ
1421 1656 1630 1724 κόσμιοι

78 1745 290 1807 ὄντες.»
324 1743 452 1799 Εἶτα
483 1747 595 1815 μεθ’
631 1747 789 1817 ἕτερα
846 1747 1102 1814 ἐπιλέγειο
1140 1767 1157 1797 ι
1202 1747 1323 1799 Ἐἀν
1374 1746 1429 1797 δέ
1458 1746 1632 1816 διαίτῃ

81 1836 458 1908 φορτικωτέρᾳ
478 1855 535 1889 τε
569 1838 660 1889 καὶ
686 1838 1008 1907 ἀφιλοσόφῳ,
1036 1837 1291 1906 φιλοτίμῳ
1316 1838 1370 1889 δὲ
1396 1839 1634 1906 χρήσων-
1665 1826 1704 1877 Β

78 1943 190 1987 ται,
222 1927 341 1995 τάχ’
369 1928 431 1979 ἀν
463 1946 562 1980 που
586 1929 642 1979 ἐν
684 1929 888 1997 μέθαις,
930 1930 962 1998 ή
994 1946 1095 1980 τινι
1122 1928 1253 1998 ἄλλῃ
1290 1928 1534 1997 ἀμελείᾳ,
1556 1926 1630 1979 τὼ

78 2018 367 2070 ἀκολάστῳ
390 2020 565 2075 αὑτοῖν
586 2020 875 2088 ὑποζυγίῳ,
890 2019 1106 2072 λαϐόντε
1123 2020 1217 2080 τὰς
1241 2018 1415 2087 ψυχὰς
1435 2018 1632 2088 ἀφρού-

82 2125 233 2178 ρους,
270 2110 623 2177 συναγαγόντε
674 2113 751 2172 είς
776 2111 961 2166 ταὺτὸ.
1008 2110 1103 2180 τὴν
1136 2109 1238 2161 ὑπὸ
1270 2109 1375 2161 τῶν
1425 2108 1637 2160 πολλῶν

83 2200 425 2268 μακαριστὴν
453 2200 658 2269 αἵρεσιν
689 2200 926 2269 είλέσθην
956 2202 1049 2253 καὶ
1089 2198 1505 2269 διεπραξάσθην·
1542 2202 1634 2253 καὶ

77 2286 524 2358 διαπραξαμένῳ,
566 2290 625 2341 τὸ
680 2290 860 2341 λοιπὸν
916 2290 1013 2359 ήδη
1060 2290 1293 2360 χρῶνται
1348 2289 1444 2359 μὲν
1474 2289 1630 2359 αὐτῇ,

82 2378 289 2431 σπάνια
317 2379 393 2439 δὲ,
420 2380 510 2431 άτε
538 2381 594 2431 οὐ
632 2380 774 2449 πάσῃ
806 2378 1094 2449 δεδογμένα
1120 2382 1183 2449 τῇ
1236 2381 1438 2450 διανοίᾳ
1463 2382 1631 2450 πράτ-

80 2487 291 2533 τοντες.
325 2472 463 2525 Φίλω
494 2472 591 2542 μὲν
618 2469 709 2525 οὖν
746 2475 837 2525 καὶ
881 2472 1072 2536 τούτω,
1106 2468 1261 2542 ἧττον
1285 2472 1341 2523 δέ
1392 2472 1631 2535 ἐκείνων,

84 2562 334 2633 ἀλλήλοιν
360 2564 447 2615 διά
490 2581 547 2615 τε
576 2563 669 2616 τοῦ
711 2564 909 2634 ἔρωτος
932 2563 1023 2614 καὶ
1081 2563 1183 2626 ἔξω
1213 2562 1479 2633 γενομένω
1522 2562 1634 2616 διά-

82 2668 261 2717 γουσι,
291 2652 496 2715 πίστεις
528 2652 625 2716 τὰς
662 2654 915 2723 μεγίστας
957 2654 1239 2723 ἡγουμένω
1286 2652 1525 2723 ἀλλήλοιν
1551 2653 1635 2705 δε-

83 2740 316 2794 δωκέναι
349 2760 406 2796 τε
440 2743 531 2795 καὶ
581 2742 837 2811 δεδέχθαι,
887 2742 952 2805 ἃς
1004 2744 1063 2794 οὐ
1113 2743 1325 2812 θεμιτὸν
1372 2738 1507 2794 εἶναι
1538 2740 1631 2793 λύ-

86 2848 289 2895 σαντας
322 2834 399 2896 είς
457 2833 651 2903 ἔχθραν
674 2834 801 2885 ποτὲ
857 2834 1044 2885 ἐλθεῖν.
1096 2834 1181 2886 Ἑν
1209 2834 1264 2885 δὲ
1303 2834 1368 2902 τῇ
1392 2832 1631 2901 τελευτῇ,

85 2924 310 2994 ἄπτεροι
348 2925 462 2994 μὲν,
490 2924 802 2994 ὡρμηκότες
851 2925 905 2976 δὲ
934 2923 1274 2994 πτεροῦσθαι,
1332 2922 1635 2977 ἐκϐαίνουσι

86 3013 176 3065 τοῦ
204 3014 469 3084 σώματος.
495 3016 653 3067 Ὥστε
679 3016 739 3067 οὐ
774 3016 999 3085 σμικρὸν
1040 3012 1196 3069 ἆθλον
1246 3015 1345 3085 τῆς
1372 3016 1635 3085 ἐρωτικῆς

93 3104 289 3172 μανίας
319 3106 585 3176 φέρονται.
617 3107 710 3168 Είς
760 3105 866 3177 γάρ
895 3105 1081 3159 σκότον
1137 3108 1227 3159 καὶ
1255 3107 1352 3177 τὴν
1386 3106 1488 3158 ὑπὸ
1533 3106 1636 3176 γῆν
1660 3144 1702 3201 c

91 3197 335 3266 πορείαν,
360 3199 419 3249 οὑ
441 3198 601 3267 νόμος
642 3199 785 3251 ἐστὶν
804 3200 881 3251 ἔτι
916 3199 1083 3251 ἐλθεῖν
1110 3203 1218 3262 τοῖς
1247 3200 1643 3271 κατηργμένωςι

89 3286 191 3355 ήδη
211 3289 311 3356 τῆς
337 3287 655 3358 ὑπουρανίου
686 3291 923 3359 πορείας,
954 3290 1085 3341 ἀλλά
1110 3289 1271 3357 φανὸν
1317 3291 1427 3359 βίον
1453 3290 1637 3357 διαγαη

94 3377 306 3443 γόντας,
333 3378 659 3447 εὐδαιμονεῖν
690 3380 803 3449 μετ’
833 3378 1071 3447 ἀλλήλων
1103 3379 1512 3448 πορευομένους,
1544 3378 1637 3431 καὶ

92 3468 421 3537 ὁμοπτέρους
466 3470 660 3538 ἔρωτος
698 3470 873 3540 χάριν.
916 3469 1098 3521 Ταῦτα
1151 3470 1403 3531 τοσαῦτα,
1435 3463 1480 3521 ὦ
1518 3470 1634 3530 παῖ,

96 3562 185 3617 καὶ
203 3560 345 3612 οὕτω
368 3560 484 3613 θεῖά
514 3578 591 3613 σοι
622 3560 915 3629 δωρήσεται
947 3562 979 3630 ἡ
1004 3560 1128 3628 παρ’
1162 3560 1385 3629 ἐραστοῦ
1416 3558 1582 3627 φιλία.
1612 3577 1631 3610 ι

96 3651 326 3703 τοιαῦτα
358 3651 453 3720 μὲν
478 3651 546 3704 τὰ
578 3651 875 3713 Πλάτωνος·
909 3652 1019 3703 ἀλλ’
1051 3652 1111 3703 οὐ
1156 3652 1223 3703 τά
1276 3652 1531 3714 Μωσέως,
1580 3653 1637 3714 δς

96 3743 384 3813 διαρρήδην
413 3742 615 3805 τούτοις
636 3742 845 3794 ἐναντία
881 3742 1170 3810 νομοθετεῖ,
1204 3742 1405 3811 μεγάλῃ
1433 3746 1497 3812 τῇ
1530 3760 1639 3808 φω-

98 3835 159 3901 νῇ
188 3833 287 3904 τὴν
318 3833 452 3886 κατά
511 3832 878 3903 παιδεραστῶν
938 3834 1310 3903 προσήκουσαν
1342 3833 1638 3902 προσφερὸ-

102 3942 259 3994 μενος
311 3927 481 3996 δίκην.
530 3927 663 3995 Φησὶ
714 3925 858 3993 γοῦν·
901 3946 917 3974 ι
961 3928 1050 3988 Ὃς
1098 3925 1161 3977 ἂν
1216 3925 1444 3995 κοιμηθῇ
1504 3924 1640 3995 μετά

99 4015 322 4085 ἄρσενος
346 4016 525 4086 κοίτην
545 4017 814 4084 γυναικὸς,
869 4016 1136 4085 βδέλυγμα
1191 4016 1444 4083 ἐποίησαν
1468 4015 1641 4083 ἀμφόσ

100 4121 263 4173 τερον
316 4107 525 4177 θανάτῳ
578 4107 1036 4168 θανατοῦσθωσαν,
1080 4106 1248 4175 ἔνοχοί
1298 4108 1418 4157 είσι.
1443 4124 1462 4156 ι
1492 4105 1597 4158 Καί
1623 4122 1636 4135 ·

106 4214 124 4236 ι
147 4196 564 4265 Ἐπικατάρατος
592 4199 696 4259 πᾶς
722 4200 751 4249 ὁ
779 4196 1107 4264 κοιμώμενος
1130 4195 1265 4263 μετά
1281 4194 1501 4263 ἄρσενος
1532 4195 1641 4246 κοί-

102 4301 196 4351 την
226 4286 496 4351 γυναικός.
532 4303 549 4334 ι
590 4286 653 4336 Τί
684 4286 763 4337 δεῖ
802 4283 963 4335 τανῦν
1008 4282 1343 4349 ἀπελέγχειν,
1374 4280 1448 4342 ὡς
1502 4296 1641 4348 παρ-

102 4376 177 4436 εὶς
225 4377 254 4426 ὀ
306 4374 607 4442 σοφώτατος
650 4375 739 4425 τὸν
789 4371 1144 4440 παιδεραστὴν
1173 4412 1187 4433 ,
1250 4369 1367 4421 esse
1427 4368 1532 4437 γάρ
1584 4372 1637 4419 ἐν

1729 584 1809 662 vel
1836 582 2097 652 explicare
2143 590 2344 650 potest:
2388 582 2479 636 sed
2521 581 2738 649 perinde
2786 597 2848 634 ac
2890 581 2935 633 si
2988 595 3052 632 ex
3096 579 3265 633 alieno

1728 680 1941 735 aspectu
1990 666 2357 736 lippitudinem
2403 665 2790 725 contraxisset,
2839 680 3056 717 causam
3113 663 3263 731 ejus,

1727 775 1888 830 quam
1916 758 2099 812 aﬂerat
2125 758 2320 811 nullam
2347 756 2521 810 habet.
2541 776 2557 807 ι
2589 757 2887 824 lterumque
2914 765 3031 823 post
3053 770 3220 822 pauca
3251 772 3261 806 :

1733 871 1751 901 ι
1774 850 2134 918 Concupiscit,
2156 847 2346 917 inquit,
2373 848 2550 901 minus
2582 850 2915 901 vehementer
2942 848 2991 899 id
3014 846 3264 915 quidem;

1730 941 1821 995 sed
1869 950 2043 993 tamen
2095 938 2283 993 atl‘cctu
2334 938 2623 1007 persimili,
2659 938 2866 1000 videre,
2922 938 3263 1005 contingere,

1728 1030 1958 1084 osculari
1981 1069 1993 1092 ,
2018 1028 2216 1099 jacenti
2243 1026 2624 1084 adliarescere.
2660 1029 2786 1093 Qua:
2812 1028 3023 1096 quidem
3053 1027 3228 1079 omnia
3249 1067 3265 1089 ,

1729 1136 1850 1173 cum
1904 1119 2134 1187 primum
2194 1118 2439 1181 licuerit,
2502 1120 2575 1171 uti
2626 1118 2780 1170 facile
2836 1118 3011 1184 quivis
3076 1115 3267 1168 intelli-

1730 1209 1824 1277 git,
1871 1209 2043 1277 reipsa
2077 1208 2303 1275 perficit.
2374 1206 2535 1277 Igitur
2591 1208 2826 1275 ejusdem
2872 1207 2923 1257 in
2971 1206 3093 1259 lecti
3129 1219 3268 1258 com-

1730 1302 2002 1364 munione,
2040 1301 2477 1369 intemperantior
2512 1298 2764 1353 amatoris
2790 1299 2949 1369 710
2973 1313 3141 1366 equus
3168 1297 3269 1349 ha-

1731 1394 1817 1447 bet
1849 1394 1989 1461 quod
2034 1393 2099 1446 ab
2132 1393 2313 1461 auriga
2356 1400 2498 1460 petat
2542 1392 2774 1458 aliquid,
2826 1392 2928 1442 hoc
2974 1398 3055 1442 est
3086 1396 3144 1441 ut
3190 1396 3270 1440 tot

1730 1480 1832 1535 sibi
1854 1481 2097 1533 laborum
2121 1482 2329 1534 brevem
2364 1480 2592 1547 aliquem
2618 1478 2848 1533 fructum
2879 1492 3065 1553 capere
3093 1477 3265 1530 liceat.

1728 1571 1902 1624 Amati
1932 1585 2056 1624 vero
2081 1586 2272 1639 equus,
2300 1570 2441 1638 quod
2471 1571 2612 1623 dicat
2647 1570 2805 1622 hahet
2839 1560 3014 1621 nihil:
3062 1576 3267 1621 tantum

1730 1670 2024 1713 commotus
2055 1660 2167 1729 ipse
2198 1673 2429 1727 quoque,
2460 1675 2554 1712 nec
2582 1660 2713 1712 satis
2746 1659 2826 1712 sui
2855 1674 3094 1726 compos,
3119 1674 3267 1712 ama-

1729 1756 1898 1801 torem
1940 1748 2085 1800 illum
2142 1756 2395 1815 tanquam
2446 1746 2527 1800 sui
2581 1745 3031 1799 studiosissimum
3072 1746 3271 1814 ample-

1732 1837 1893 1890 ctitur
1939 1846 2096 1905 atque
2133 1837 2424 1893 osculatur.
2478 1838 2554 1890 Ac
2592 1836 2719 1889 dum
2758 1836 2915 1889 simul
2949 1838 3155 1903 jacent,
3197 1838 3271 1889 ita

1734 1926 1947 1994 quidem
1979 1936 2322 1994 comparatus
2349 1935 2451 1998 est,
2482 1925 2613 1978 nihil
2643 1934 2699 1978 ut
2730 1926 2974 1985 amatori,
3010 1935 3269 1993 quantum

1734 2016 1787 2068 in
1819 2031 1877 2069 se
1903 2014 2023 2081 erit,
2055 2026 2343 2085 negaturus
2368 2016 2629 2077 videatur,
2661 2017 2801 2084 quod
2833 2016 2898 2069 ab
2932 2016 3021 2068 illo
3045 2026 3268 2069 conten-

1733 2107 1903 2161 derit;
1945 2106 2096 2172 Quod
2151 2108 2195 2161 si
2242 2108 2427 2161 vicerit
2467 2123 2618 2161 mens
2655 2107 2743 2160 illa
2794 2108 2998 2171 melior,
3052 2122 3168 2175 quae
3207 2106 3271 2159 ad

1732 2199 2071 2252 modestioris
2113 2208 2163 2251 et
2209 2193 2705 2266 cum'philosophia
2757 2199 3100 2267 congruentis
3153 2198 3273 2253 vitae

1732 2287 1965 2340 rationes
1997 2287 2213 2351 imitat;
2239 2296 2348 2338 tum
2383 2301 2507 2339 vero
2540 2287 2745 2338 beatam
2782 2287 2867 2339 hic
2890 2295 3049 2355 atque
3088 2286 3274 2339 unani-

1733 2384 1869 2422 mem
1895 2367 2054 2421 vitam
2077 2377 2259 2437 agunt,
2286 2368 2367 2422 sui
2392 2377 2648 2433 potentes,
2674 2369 2934 2437 planeque
2957 2369 3267 2421 moderati.»

1732 2457 1966 2526 Itemque
1998 2459 2183 2527 paucis
2211 2459 2496 2512 admodum
2527 2459 2817 2525 inter-jectis
2845 2477 2854 2509 ε
2894 2476 2910 2506 ι
2944 2457 3035 2510 Sin
3062 2466 3271 2519 cmitra,

1732 2547 1926 2616 inquit,
1958 2547 2183 2600 alterum
2213 2546 2338 2600 illud
2370 2547 2653 2615 iniquioris
2676 2548 2795 2600 vita:
2825 2563 3012 2614 genus,
3042 2557 3147 2600 tam
3175 2548 3271 2599 ab-

1735 2636 1963 2693 horrens
1987 2656 2016 2693 a
2044 2639 2400 2709 philosophia,
2426 2653 2587 2705 quam
2616 2639 2956 2691 ambitiosum
2988 2638 3272 2707 placuerit;

1735 2727 1990 2782 continuo
2016 2730 2223 2798 iugales
2256 2744 2442 2782 eorum
2468 2728 2712 2781 indomiti
2738 2768 2753 2791 ,
2793 2729 2918 2781 dum
2972 2729 3054 2781 vel
3106 2738 3276 2782 temu-

1735 2820 1892 2874 lentia
1915 2862 1929 2884 ,
1962 2821 2043 2874 vel
2078 2821 2179 2873 alia
2206 2818 2391 2888 quavis
2420 2818 2639 2871 mollitie
2666 2819 3017 2879 laborabunt,
3046 2818 3275 2872 dissolu-

1733 2920 1815 2966 tos
1836 2912 2042 2965 animos
2071 2910 2329 2979 planeque
2360 2907 2629 2976 neglectos
2657 2918 3010 2972 occupantes,
3041 2917 3093 2962 et
3133 2910 3275 2976 ejue-
3330 2958 3331 2961 η

1734 3002 1851 3055 dem
1882 3000 1935 3052 in
1963 3015 2154 3053 sensus
2191 2985 2620 3053 communionem
2673 2999 3035 3063 pertrahentes
3062 3037 3075 3060 ,
3127 2998 3273 3050 illum

1734 3090 1943 3145 vivendi
1974 3104 2177 3144 morem
2202 3128 2217 3152 ,
2246 3088 2337 3156 qui
2364 3086 2631 3156 plerisque
2663 3085 2784 3139 felix
2820 3087 3055 3148 videtur,
3083 3088 3277 3157 eligen:

1738 3197 1801 3236 ac
1825 3190 2145 3251 sequentur:
2182 3192 2411 3247 eumque
2436 3176 2685 3244 deinceps
2713 3177 3015 3231 retinebunt
3050 3179 3124 3230 illi
3159 3179 3275 3245 qni-

1734 3272 1876 3339 dém,
1900 3272 1993 3327 sed
2027 3271 2203 3325 rarius
2227 3280 2401 3323 tamen
2426 3266 2783 3333 usurpabunt,
2807 3268 2947 3333 quod
2977 3283 3097 3320 eum
3128 3283 3277 3319 mens

1735 3370 1844 3417 tela
1868 3375 1979 3415 non
2017 3361 2276 3428 probabit.
2312 3358 2375 3412 Et
2406 3360 2619 3428 quidem
2643 3398 2658 3421 ,
2696 3367 2753 3411 ut
2784 3360 2959 3411 minus
2986 3374 3144 3427 quam
3185 3373 3273 3408 su-

1733 3450 1971 3519 periores
2000 3448 2072 3500 illi
2101 3488 2113 3509 ,
2150 3458 2328 3501 tamen
2356 3456 2408 3501 et
2438 3447 2488 3500 in
2515 3448 2603 3500 illo
2626 3448 2826 3500 amoris
2858 3457 3019 3510 aestu,
3066 3457 3113 3499 et
3154 3462 3274 3499 cum

1737 3542 1803 3595 ab
1830 3556 1895 3595 eo
1927 3540 2368 3611 interquiescunt,
2400 3538 2555 3592 amici
2590 3553 2706 3591 esse
2744 3546 2967 3605 pergunt
3002 3537 3100 3604 ipsi
3144 3553 3278 3604 quo-

1736 3648 1871 3702 que,
1898 3632 1997 3685 rati
2033 3632 2263 3683 maxima
2308 3645 2365 3683 se
2404 3628 2526 3683 fidei
2572 3629 2825 3697 religione
2857 3628 2995 3679 ultro
3040 3627 3279 3695 citroque

1737 3722 1998 3791 obligatos
2028 3736 2167 3782 esse,
2192 3734 2295 3787 qua
2327 3720 2521 3772 violata
2547 3720 2683 3772 ullas
2708 3733 2942 3785 unquam
2972 3718 3277 3770 inimicitias

1736 3825 1985 3866 exercere
2010 3810 2078 3862 sit
2109 3808 2279 3862 nefas.
2307 3806 2473 3860 Porro
2496 3824 2617 3863 cum
2653 3810 2919 3861 intereunt
2944 3847 2959 3871 ,
2987 3808 3063 3861 sic
3107 3808 3279 3859 disce—

1737 3902 1869 3956 dunt
1890 3916 1951 3956 ex
1986 3916 2208 3971 corpore
2231 3942 2245 3964 ,
2277 3911 2334 3953 ut
2362 3901 2484 3955 licet
2518 3899 2618 3953 alis
2662 3899 2887 3954 necdum
2931 3899 3149 3951 omnino
3198 3897 3279 3948 in-

1740 3991 1928 4045 structi
1956 3991 2082 4055 slnt,
2119 3990 2184 4043 iis
2218 4000 2393 4043 tamen
2428 3990 2609 4043 vestiri
2646 3990 2752 4057 jam
2797 3987 3070 4057 cceperint.
3108 3985 3283 4049 Quare

1740 4082 1970 4136 fructum
2003 4080 2276 4135 amatoriae
2305 4080 2460 4149 hujus
2489 4081 2709 4153 insaniae
2750 4094 2854 4131 non
2903 4076 3149 4143 exiguum
3194 4090 3284 4129 ca-

1738 4173 1909 4241 piunt.
1942 4169 2050 4224 Nec
2075 4171 2217 4223 enim
2248 4170 2368 4222 illos
2395 4170 2641 4235 deinceps
2673 4169 2722 4217 in
2767 4166 3009 4218 tenebras
3036 4204 3048 4223 ,
3098 4174 3188 4217 aut
3228 4166 3281 4217 iu

1739 4262 2082 4315 subterranea
2111 4260 2352 4328 quazdam
2402 4260 2515 4311 loca
2559 4257 2740 4309 venire
2772 4256 2852 4309 lex
2906 4256 3010 4307 ulla
3044 4257 3241 4322 patitur
3266 4295 3279 4317 ,

1738 4352 1829 4419 qui
1865 4351 2005 4403 viam
2033 4350 2171 4405 caelo
2200 4350 2501 4417 propiorem
2550 4348 2795 4401 insistere
2828 4348 2939 4415 jam
2970 4354 3279 4415 coeperunt:

105 4467 211 4525 τοῖς
268 4466 479 4531 Νόμοις
532 4463 727 4531 ἠξίωσε
782 4462 919 4513 κατὰ
978 4458 1342 4529 παιδεραστῶν
1413 4456 1635 4508 θανάτου

1741 4442 1831 4495 sed
1861 4442 2037 4509 potius
2064 4455 2166 4493 una
2199 4439 2453 4507 profecti,
2482 4439 2679 4493 claram
2723 4440 3089 4505 illustremque
3120 4438 3283 4489 vitam

106 4560 255 4627 δίκην
286 4557 915 4627 ὁρίσασθαι.προστάττει
944 4555 1150 4622 θανάτῳ
1171 4551 1394 4621 ζημιοῦν
1421 4550 1639 4603 οἰκετῶν

106 4651 191 4701 τὸν
219 4650 291 4721 μὴ
318 4648 765 4719 καταμηνύσαντα
789 4648 1052 4718 θησαυρὸν
1078 4646 1162 4713 ὑφ’
1185 4644 1368 4712 ἐτέρου
1392 4642 1532 4705 τινὸς
1558 4644 1644 4694 εὐ-

112 4741 372 4810 ρημένονς
414 4742 740 4793 Ἑπάκουσον
772 4741 826 4793 δὲ
857 4740 948 4791 καὶ
1001 4738 1187 4799 τῶνδε,
1222 4736 1306 4787 ἵνα
1335 4736 1405 4805 μή
1452 4751 1516 4804 με
1552 4751 1644 4785 συ-

109 4836 381 4898 κοφαντεῖν
409 4832 710 4893 ὑπολάϐοις.
793 4870 798 4885 .

1746 4531 1798 4583 iu
1835 4546 2042 4584 summa
2094 4528 2341 4582 felicitate
2389 4530 2627 4598 degunt,
2669 4546 2730 4584 ac
2778 4540 2990 4598 propter
3039 4536 3282 4579 mutuum

1747 4637 2015 4685 amorem,
2044 4619 2309 4673 similibus
2339 4620 2499 4672 etiam
2547 4621 2645 4673 alis
2695 4620 3001 4672 induuntur.
3040 4614 3159 4667 llaec
3194 4624 3247 4667 tu
3269 4654 3283 4676 ,

1750 4712 1859 4777 (ili,
1888 4720 2033 4765 tanta
2069 4720 2281 4779 tamque
2314 4711 2493 4765 divina
2529 4728 2593 4765 ex
2640 4710 2890 4763 amatoris
2942 4708 3016 4759 tui
3054 4707 3286 4759 amicitia

1750 4818 2096 4871 consequere.
2126 4821 2142 4851 ι
2176 4800 2295 4854 [hec
2328 4800 2496 4855 Plato.
2533 4804 2598 4854 At
2628 4784 2789 4852 Hosis
2822 4799 2973 4867 longe
3001 4798 3103 4851 alia
3140 4812 3286 4850 [nens

110 4934 227 4991 est,
255 4930 449 4995 quippe
472 4928 563 4995 qui
596 4928 762 4996 legem
792 4912 857 4981 iis
886 4927 1041 4994 plane
1089 4922 1413 4977 contrariam
1459 4920 1596 4973 ferat
1622 4960 1635 4981 ,
1677 4919 1803 4973 dum
1829 4921 2085 4974 adversus
2122 4936 2409 4987 puerorum
2452 4926 2713 4972 amatores
2753 4917 3113 4985 aequissimam
3154 4917 3288 4968 hanc

114 5019 323 5072 disertis
375 5024 554 5075 verbis
603 5022 919 5076 sententiam
967 5018 1312 5086 pronuntiat:
1345 5014 1785 5080 «Quidormierit
1835 5029 1957 5066 cum
2002 5030 2148 5068 mare
2186 5014 2471 5068 concubitu
2511 5011 2793 5073 muliebri,
2840 5011 3285 5065 abominationcm

113 5122 351 5182 iecerunt
392 5113 591 5166 ambo:
637 5124 810 5167 morte
853 5116 1149 5167 moriantur
1175 5113 1191 5142 ¹
1216 5153 1230 5175 ,
1274 5110 1391 5176 ejus
1440 5108 1581 5162 enim
1618 5108 1693 5161 rei
1723 5116 1866 5161 sunt.
1891 5107 2158 5177 iltemque
2188 5152 2201 5173 ,
2236 5129 2253 5161 ι
2280 5106 2632 5161 Exsecrabilis
2684 5116 2763 5161 est
2802 5106 2977 5159 omnis
3035 5104 3121 5171 qui
3164 5104 3290 5155 dor-

118 5204 211 5257 mit
248 5219 369 5257 cum
393 5219 540 5257 mare
560 5203 842 5257 concubitu
868 5204 1131 5256 muliebri:
1164 5221 1179 5252 ι
1213 5200 1351 5266 Quid
1389 5199 1498 5269 jam
1539 5199 1687 5267 71]
1736 5198 1923 5251 attinet
1968 5199 2093 5252 illud
2155 5198 2356 5251 homini
2400 5197 2724 5265 persapienti
2776 5197 3003 5263 obiicere
3033 5234 3047 5257 ,
3102 5194 3285 5245 missis

116 5294 520 5359 pra-diconibus,
573 5310 671 5349 nec
719 5294 861 5348 enim
905 5295 1024 5349 suis
1062 5295 1115 5347 in
1150 5294 1366 5362 Legibus
1395 5290 1583 5344 mortis
1620 5304 1714 5342 eos
1753 5289 2015 5356 supplicio
2038 5292 2227 5361 dignos
2265 5288 2501 5356 putavit,
2545 5290 2596 5341 in
2646 5302 2857 5343 servum
2903 5285 3049 5337 illum
3103 5286 3291 5351 capitis

118 5385 262 5441 abeo
292 5388 420 5441 ferri
450 5389 764 5443 sententiam
791 5429 806 5451 ,
839 5390 929 5458 qui
969 5399 1237 5458 repertum
1275 5389 1342 5444 ab
1386 5386 1494 5445 alio
1534 5384 1845 5440 thesaurum
1880 5398 1985 5439 non
2022 5384 2271 5441 indicarit
2298 5383 2320 5438 ?
2348 5384 2421 5437 Ac
2452 5399 2516 5438 ne
2543 5399 2625 5437 me
2654 5379 2964 5436 calumniari
2997 5378 3295 5444 suspicere;

119 5480 316 5535 audisis
344 5480 457 5532 haec
483 5480 599 5548 ejus
624 5480 801 5535 verba.

189 5633 397 5688 'Levit.
435 5647 519 5694 ix,
558 5628 633 5683 l3.
