4010 6342
781 445 915 501 H75

1360 571 1584 624 CAPUT
1633 571 1769 624 XXI.

1403 453 1661 508 EUSEBII
1701 453 2170 508 CASSARIENSIS
2211 452 2360 506 ΟΡΓ.
2407 451 2579 505 PARS
2617 452 2677 504 ll.
2720 482 2784 493 —
2811 450 3298 506 APOLOGETICA.

2349 578 2391 628 Α
2917 567 3299 620 ΚΕΦΑΛΑΙΟΝ
3335 565 3461 617 KA'.

3852 449 3932 498 176

773 670 1329 750 θευίερίὸηεῖιηαιοιιίε
1368 683 1434 732 ud
1480 682 1640 734 credes
1680 682 2080 750 pertinentibus,
2127 699 2270 750 magn

2412 680 2544 750 Περί
2595 678 2725 750 τῶνῌ
2758 679 2910 746 παρὰ
2953 677 3218 750 {Ltder
3260 675 3532 750 φονςηιῶνΔ
3556 677 3788 750 sed”,
3842 678 3930 750 of):

838 741 932 793 illa
957 749 1173 820 hominis
1202 751 1622 818 meutcindignis,
1642 741 1940 819 quibuscum
1965 741 2155 820 Moysis
2181 741 2313 820 leges

841 815 1236 868 committendw.

847 943 864 973 ι
893 923 1157 994 Quidquid
1191 937 1388 993 autem,
1420 940 1610 997 mqunt,
1639 939 1744 983 tam
1768 930 1833 984 de
1859 932 2119 1000 pecuniis,
2147 935 2306 1000 quam

773 1010 836 1065 de
867 1013 974 1078 illo,
1008 1018 1096 1084 qui
1127 1033 1219 1071 eas
1251 1019 1366 1072 loco
1396 1021 1641 1082 moverit,
1683 1020 1820 1075 Deus
1852 1023 2188 1090 respondebit
2210 1064 2223 1086 ,
2255 1022 2305 1075 id

773 1105 1142 1172 obtemperans
1168 1110 1384 1163 oraculo
1411 1111 1710 1178 respublica
1741 1112 1998 1180 perﬁcito.
2031 1112 2186 1166 Liber
2209 1153 2222 1175 ,
2259 1114 2302 1166 si

771 1209 878 1245 rem
906 1197 1168 1262 iudicarit,
1194 1201 1438 1262 virtutis;
1464 1202 1506 1254 si
1535 1203 1784 1265 tacuerit,
1808 1203 2162 1270 improbitatis
2185 1206 2294 1272 cpi-

771 1287 980 1340 niouem
1014 1288 1237 1343 auferto.
1280 1291 1477 1348 Servus
1523 1293 1567 1346 si
1617 1292 1815 1346 factum
1853 1295 2151 1363 aperuerit,
2191 1311 2303 1348 res-

768 1376 973 1439 publica
1023 1378 1246 1431 liberum
1294 1395 1410 1434 esse
1453 1382 1601 1436 illum
1637 1384 1943 1448 decernito,
1996 1386 2131 1437 servi
2184 1399 2312 1451 pre-~

767 1465 894 1515 tium
933 1466 1059 1518 hero
1096 1479 1503 1536 reprzesentato:
1555 1474 1600 1527 si
1646 1488 1750 1526 non
1796 1475 2095 1543 aperuerit,
2132 1484 2300 1528 morte

764 1554 1063 1608 mulctator.
1101 1577 1117 1606 ι
1147 1559 1318 1627 Atque
1354 1561 1440 1615 hic
1486 1572 1654 1616 morte
1698 1565 2014 1628 damnatur,
2067 1581 2172 1617 non
2206 1565 2296 1632 qui

762 1657 870 1693 rem
901 1646 1218 1711 prohibitam
1244 1650 1361 1702 loco
1391 1654 1616 1705 moverit
1642 1694 1654 1716 ,
1685 1655 1774 1707 sed
1803 1655 1894 1723 qui
1925 1669 2118 1707 nomen
2167 1655 2298 1707 furis

761 1746 864 1784 non
889 1735 1151 1792 detulerit.
1185 1737 1250 1790 At
1283 1739 1419 1792 idem
1446 1780 1460 1804 ,
1495 1741 1711 1810 impune
1738 1745 1924 1796 herum
1957 1742 2095 1796 ferre
2141 1745 2292 1807 vult,

758 1823 846 1887 qui
883 1840 1088 1877 servum
1119 1827 1284 1880 iratus
1307 1829 1578 1883 occiderit.
1609 1850 1626 1881 ι
1658 1830 1759 1896 Qui
1790 1847 2001 1886 servum
2030 1873 2043 1896 ,
2089 1833 2289 1900 inquit,

2479 738 2660 808 ἆξίων
2695 738 2880 798 ὄντων
2919 746 3026 813 τῆς
3051 738 3442 812 μεγαλονοίας
3469 738 3673 806 αὐτο-ὖ,
3699 738 3788 808 οἷς
3813 744 3930 806 τοὺς

2476 816 2766 882 Μωῢσέως
2787 814 3344 882 ἀντιπαραϐλητέον.

2480 945 2498 977 ι
2521 928 2640 980 Ὀτι
2666 927 2709 978 δ’
2733 927 2798 980 ἂν
2829 928 2935 997 (85)
2963 930 2989 979 6
3011 928 3164 990 Θεὸς,
3187 927 3365 996 φησὶν,
3396 926 3588 1022 ἀναιρῇ
3842 923 3928 974 τῶν

2405 1017 2710 1085 κτημάτων,
2740 1019 2831 1069 καὶ
2866 1017 2956 1069 τοῦ
2985 1018 3314 1087 κινήσαντος,
3346 1014 3487 1066 τοῦθ’
3515 1017 3546 1083 ἡ
3576 1014 3725 1074 πόλις
3738 1014 3926 1082 ’ὑπηρε-

2403 1105 2566 1157 τοῦσα
2607 1108 2722 1167 ταῖς
2765 1107 3036 1174 μαντείαις
3065 1105 3244 1175 δράτω
3280 1104 3374 1156 τοῦ
3396 1101 3548 1158 Θεοῦ.
3578 1103 3688 1155 Καὶ
3715 1101 3809 1152 ἐὰν
3847 1102 3924 1168 μὲν

2403 1194 2676 1264 ἐλεύθερος
2698 1197 2726 1246 6
2773 1196 3011 1265 μηνύσας
3088 1234 3101 1256 ,
3132 1195 3284 1260 δόξαν
3301 1194 3494 1270 ἀρετῆς
3524 1191 3836 1261 κεκτήσθω,
3864 1193 3923 1259 μὴ

2404 1287 2616 1357 μηνύων
2646 1286 2719 1349 δὲ,
2751 1286 2960 1348 κακίας.
3001 1285 3188 1348 Δοῦλος
3221 1285 3276 1336 δὲ
3309 1283 3402 1335 ἐὰν
3425 1278 3480 1355 ᾖ,
3518 1284 3545 1335 6
3578 1281 3819 1352 μηνύσας
3845 1280 3924 1350 μὲν

2402 1377 2678 1445 ἐλεύθερος
2715 1377 2818 1428 ὑπὸ
2847 1377 2944 1444 τῆς
2971 1376 3173 1438 πόλεως
3199 1373 3369 1442 ὀρθῶς
3396 1373 3612 1440 γίγνοιτ’
3638 1372 3726 1434 ἂν,
3759 1371 3921 1422 ἀποδιο

2398 1466 2591 1535 δούσης
2617 1465 2693 1535 τῷ
2713 1466 2943 1538 δεσπότῃ
2957 1467 3053 1536 τὴν
3075 1467 3253 1534 τιμήν·
3281 1465 3352 1534 μὴ
3385 1463 3596 1532 μηνύων
3622 1463 3700 1525 δὲ,
3733 1462 3922 1530 θανάτῳ

2398 1556 2720 1625 ζημιούσθω.
2764 1577 2782 1607 ι
2817 1557 3100 1610 Κάνταῦθα
3141 1556 3238 1626 μὲν
3283 1555 3577 1625 ὲζημίωται
3607 1555 3816 1622 θανάτῳ
3838 1554 3918 1621 οὐχ

2396 1648 2422 1697 6
2457 1648 2825 1715 παρακινήσας
2862 1663 2911 1698 τι
2943 1648 3050 1699 τῶν
3089 1645 3461 1715 ἀπειρημένων
3483 1684 3498 1705 ,
3533 1643 3649 1695 ἀλλ’
3689 1646 3718 1694 6
3755 1643 3916 1711 ἑτέρου

2397 1737 2870 1807 πλημμελήσαντος
2895 1738 2969 1807 μὴ
2985 1737 3381 1806 καταμηνύσας.
3417 1737 3525 1789 Καὶ
3550 1734 3722 1796 ἄλλως
3756 1734 3808 1785 δὲ
3839 1751 3917 1784 κα-

2396 1827 2555 1896 θαρὸν
2582 1827 2863 1893 ἀποφαίνει
2894 1827 3173 1897 δεσπότην,
3211 1828 3258 1878 εί
3286 1825 3375 1878 τὸν
3405 1825 3534 1877 ίδιον
3570 1822 3755 1876 δοῦλον
3781 1820 3917 1890 θυμῷ

757 1928 912 1964 suum
947 1916 1219 1978 occiderit,
1250 1918 1538 1973 absolvitor
1565 1939 1576 1972 :
1607 1923 1697 1989 qui
1727 1922 1957 1975 alienum
1995 1933 2048 1975 et
2079 1924 2247 1976 iratus

2392 1918 2680 1985 φονεύσειε.
2700 1918 2856 1983 Λέγει
2876 1918 2920 1969 δ’
2947 1914 3058 1971 οὖν’
3091 1936 3109 1968 t
3134 1916 3322 1969 Δοῦλον
3353 1916 3407 1967 δὲ
3433 1915 3542 1983 (86)
3577 1913 3788 1974 κτείνας
3809 1913 3917 1964 ἑαυ-

755 2001 975 2070 dnplum
1003 2006 1277 2073 ejushero
1308 2010 1533 2078 pretium
1569 2011 1873 2079 persolvito.
1908 2032 1925 2062 ι
1981 2012 2115 2066 Huic
2155 2014 2286 2066 alias

756 2093 886 2146 adde
920 2095 1059 2164 leges
1080 2137 1094 2160 ,
1127 2112 1261 2164 quas
1287 2100 1351 2152 de
1379 2101 1519 2153 czede
1547 2102 1685 2158 tulit.
1716 2101 1846 2166 «Qui
1893 2112 2078 2172 suapte
2124 2119 2283 2157 manu

755 2181 1021 2236 hominem
1046 2184 1269 2239 liberum
1299 2187 1658 2252 interfecerit,
1688 2192 1731 2244 si
1763 2191 1968 2246 facinus
1995 2191 2285 2248 iracundia:

753 2267 949 2326 fuerit,
984 2286 1088 2323 non
1131 2275 1380 2335 consilii,
1424 2291 1544 2328 cum
1588 2288 1809 2344 caetera,
1853 2296 1971 2348 qua:
2005 2282 2284 2338 homicidae

749 2358 1025 2414 iracundia
1079 2364 1220 2417 nulla
1271 2377 1537 2421 commoto
1580 2369 1936 2437 deberentur,
1983 2375 2276 2441 sustineto;

748 2457 856 2498 tum
882 2454 1183 2506 necessario
1207 2495 1220 2518 ,
1255 2454 1559 2525 frangendae
1592 2459 1876 2515 iracundia:
1903 2478 2062 2517 causa
2081 2505 2096 2529 ,
2126 2466 2278 2518 bien-

748 2540 893 2590 niunt
929 2543 1189 2597 exsulato.
1223 2565 1242 2597 ι
1277 2546 1374 2602 Cui
1407 2559 1459 2603 et
1491 2551 1650 2603 aliam
1684 2551 1821 2606 hanc
1842 2553 2032 2608 deinde
2053 2557 2276 2623 subjun—

742 2627 845 2693 git:
886 2647 902 2678 ι
924 2630 989 2681 At
1012 2633 1100 2699 qui
1137 2649 1240 2686 non
1269 2637 1435 2692 iratus
1457 2641 1635 2702 modo,
1661 2641 1752 2694 sed
1783 2644 1944 2697 etiam
1973 2660 2038 2698 ex
2067 2647 2276 2700 insidiis

740 2717 964 2773 liberum
992 2725 1247 2778 occiderit
1272 2768 1286 2790 ,
1316 2744 1434 2782 cum
1466 2732 1676 2785 easdem
1705 2771 1718 2794 ,
1751 2749 1884 2802 quas
1912 2737 2157 2804 superior
2191 2738 2276 2792 ille

739 2821 925 2873 pcenas
953 2810 1082 2864 luito
1111 2854 1124 2878 ,
1153 2825 1264 2868 tum
1292 2833 1416 2872 vero
1447 2832 1501 2872 ut
1531 2821 1802 2875 biennium
1846 2825 2009 2889 alter,
2045 2827 2122 2881 sic
2163 2827 2276 2896 ipse

740 2898 1024 2954 triennium
1074 2905 1348 2971 easulato;
1402 2909 1708 2965 diuturnius
1757 2914 1899 2966 enim
1954 2916 2272 2984 supplicium

738 2990 909 3056 major
937 2992 1211 3049 iracundia
1243 3000 1495 3065 postulat.
1521 3021 1537 3052 ι
1570 3001 1703 3056 Tum
1734 3005 1797 3057 de
1824 3006 1915 3058 illo
1942 3009 2034 3076 qui
2078 3024 2271 3062 secun-

736 3083 860 3130 dum
890 3081 1228 3138 homicidium
1260 3093 1568 3156 patraverit,
1606 3094 1674 3146 ita
1724 3097 1939 3150 statuit:
1991 3116 2009 3147 ι
2043 3098 2193 3162 Quod
2226 3101 2270 3154 si

737 3163 892 3231 712
929 3166 1114 3220 horum
1139 3171 1392 3226 alteruter
1419 3173 1470 3226 in
1503 3178 1726 3243 patriam
1760 3181 2058 3243 restitutus,
2086 3183 2270 3236 eodem

734 3268 791 3303 se
819 3269 1003 3308 rursus
1029 3259 1276 3324 crimine,
1311 3263 1586 3336 iracundia
1612 3269 1786 3321 victus
1823 3269 2102 3337 obligarit,
2150 3289 2267 3341 per-

731 3352 946 3408 petuum
977 3349 1242 3402 exsulato.
1277 3369 1294 3401 ι
1332 3349 1566 3422 Itemque
1598 3357 1757 3424 paulo
1789 3368 1906 3426 post
1933 3379 1944 3411 :
1975 3378 1994 3410 ι
2023 3345 2264 3426 δίΐοησ,

730 3435 872 3500 quod
905 3453 1028 3490 raro
1059 3440 1343 3495 admodum
1382 3446 1625 3511 eveniet,
1669 3458 1818 3516 pater
1857 3461 1949 3506 aut
1983 3465 2154 3507 mater
2198 3455 2262 3508 ﬁ-

732 3526 859 3578 lium
890 3540 980 3582 aut
1013 3531 1204 3595 filiam,
1236 3535 1473 3602 ejusdem
1505 3539 1792 3595 iracundia:
1831 3543 1917 3608 vi,
1953 3554 2046 3597 aut
2082 3546 2266 3599 verbe-

730 3616 896 3681 ribus,
933 3628 1023 3671 aut
1055 3622 1154 3672 alia
1187 3625 1375 3689 quavis
1404 3629 1689 3682 acerbitate
1717 3632 1989 3696 occiderit,
2024 3649 2146 3687 cum
2173 3635 2265 3688 iis-

727 3709 844 3760 dem
901 3711 1094 3778 quibus
1147 3716 1319 3769 cazteri
1366 3719 1534 3774 sacris
1582 3724 1899 3790 expiantor,
1953 3734 2064 3780 tum
2101 3729 2260 3781 etiam

727 3800 1012 3854 triennium
1046 3806 1346 3861 exsulanto.
1383 3807 1483 3874 Qui
1516 3821 1797 3882 postquam
1826 3817 2098 3882 redierint,
2128 3834 2260 3871 uxor

727 3904 754 3939 a
792 3889 938 3952 viro,
969 3893 1050 3944 vir
1080 3895 1146 3947 ab
1175 3912 1340 3951 uxore
1371 3901 1662 3971 sejungitor
1683 3945 1697 3969 ,
1726 3921 1822 3959 nec
1854 3907 1989 3961 ullos
2032 3909 2260 3977 amplius

723 3996 786 4032 ex
819 3996 937 4034 sese
999 3993 1183 4038 mutuo
1204 3987 1395 4042 liberos
1422 3993 1771 4060 suscipiunto.
1801 4015 1819 4045 ι
1847 3997 2009 4050 Addit
2041 4007 2260 4065 praeter-

723 4091 782 4124 ca
823 4094 834 4125 :
876 4093 893 4123 ι
915 4073 970 4126 Si
997 4075 1077 4127 vir
1105 4092 1346 4142 uxorem,
1376 4093 1466 4133 aut
1497 4083 1667 4136 virum
1699 4100 1836 4138 uxor
1859 4087 1934 4139 ira
1965 4091 2254 4152 necaverit,

725 4167 892 4218 sacris
921 4166 1492 4236 iisdem‘piacularibus
1516 4187 1890 4242 procurantor,
1917 4187 1969 4232 et
1989 4180 2042 4232 in
2065 4182 2254 4234 exsilio

723 4256 1009 4309 triennium
1038 4259 1310 4327 exigunto.
1342 4261 1474 4316 Cum
1499 4274 1676 4318 autem
1719 4268 2009 4333 redierint,
2064 4287 2160 4325 nec
2200 4274 2252 4326 in

723 4359 998 4399 sacrorum
1026 4389 1040 4412 ,
1086 4365 1184 4404 nec
1228 4353 1278 4406 in
1325 4369 1523 4410 mensae
1561 4362 1991 4415 communionem
2027 4366 2253 4434 amplius

720 4450 840 4486 cum
873 4435 1054 4491 liberis
1084 4441 1354 4496 veniunto.
1393 4435 1444 4498 Si
1479 4449 1696 4502 fratrem
1727 4452 1808 4504 vel
1833 4467 2072 4506 sororem
2096 4497 2110 4517 ,
2146 4460 2250 4510 fra-

721 4536 800 4576 ter
826 4538 916 4579 aut
941 4538 1095 4580 soror
1127 4529 1208 4582 ira
1239 4538 1524 4602 necaverit,
1551 4541 1798 4607 expiandi
1833 4543 2014 4608 ritum,
2045 4549 2247 4600 exsilii-
2280 4571 2322 4624 υ

718 4635 819 4682 que
845 4628 1050 4687 tempus
1078 4621 1218 4687 quod
1265 4625 1486 4689 attinet,
1528 4645 1649 4697 qua:
1690 4632 1800 4698 jam
1847 4633 1912 4686 de
1943 4640 2249 4702 parentibus

718 4725 778 4760 ac
823 4710 1001 4765 liberis
1052 4712 1366 4778 statuimus,
1398 4717 1581 4771 eadem
1632 4720 1842 4774 illorum
1887 4735 1979 4776 aut
2023 4725 2248 4780 fratrum

716 4808 806 4851 aut
839 4813 1116 4866 parentum
1145 4820 1306 4860 causa
1335 4809 1678 4872 sanciuntor,
1704 4827 1840 4880 quos
1873 4825 1964 4867 aut
1994 4814 2248 4873 fratribus

713 4899 806 4942 aut
839 4891 1016 4948 liberis
1039 4897 1325 4954 orbaverit.
1354 4898 1536 4954 Eidem
1564 4907 1938 4960 communibus
1969 4922 2090 4962 cum
2116 4909 2246 4978 ipsis

713 4984 793 5037 vel
827 4987 1025 5042 laribus
1057 4993 1138 5045 vel
1163 4996 1330 5048 sacris
1378 4995 1454 5049 uti
1495 4996 1644 5052 nefas
1669 5008 1803 5054 esto.
1838 4999 2023 5056 Frater
2047 5005 2094 5058 si
2137 5004 2246 5058 fra-

713 5086 885 5140 trem,
939 5090 1119 5134 coorta
1172 5083 1224 5136 in
1274 5087 1534 5142 seditione
1584 5104 1793 5158 pugna,
1853 5095 2022 5148 aliove
2083 5097 2244 5150 simili

717 5169 904 5232 modo,
940 5172 1065 5223 dum
1097 5172 1201 5224 vim
1227 5174 1537 5233 inferentem
1583 5182 1631 5232 vi
1675 5183 1913 5250 repellit,
1954 5188 2237 5254 occiderit,

714 5259 926 5322 perinde
953 5276 1012 5315 ac
1038 5262 1083 5315 si
1113 5263 1319 5318 hostem
1346 5271 1632 5326 occidisset
1656 5313 1670 5335 ,
1715 5273 2021 5330 absolvitor.
2072 5279 2241 5333 Idem-

711 5363 814 5410 que
838 5349 1095 5415 judicium
1122 5361 1236 5406 esto
1280 5353 1347 5407 de
1370 5357 1484 5410 cive
1505 5362 1595 5426 qui
1627 5364 1819 5426 civem,
1869 5364 1935 5417 de
1963 5370 2243 5437 peregrino

710 5438 798 5501 qui
830 5442 1165 5508 peregrinum
1197 5443 1438 5498 similiter
1468 5450 1737 5505 occiderit.
1768 5450 1914 5516 lino,
1953 5453 1999 5507 si
2036 5456 2119 5509 vel
2166 5456 2243 5510 ci-

927 5597 985 5675 ':0
1006 5613 1067 5675 τι
1093 5597 1142 5648 δ’
1169 5598 1260 5675 ᾡς.
1297 5597 1444 5675 Plato
1601 5621 1648 5656 ιι
1675 5605 1796 5675 Leg.
1828 5608 1997 5661 initio.

780 5664 881 5724 (κϐ)
923 5665 1260 5747 Aofr.1cy_6é.
1299 5668 1591 5747 Idcutulih;
1619 5690 1666 5725 tv
1700 5664 1839 5744 ng”
1886 5695 2000 5747 pag.
2039 5679 2140 5733 657
2171 5680 2232 5735 Ο.

711 5729 1234 5807 Qu:_r_jatn_plurihus
1271 5755 1386 5807 pag.
1421 5741 1524 5791 (556
1554 5740 1594 5793 G
1627 5729 1895 5799 statuérat:

783 5799 883 5865 i873
941 5799 1066 5854 Ἐὰν
1095 5805 1178 5867 δὲ,
1201 5807 1228 5857 ὃ
1259 5799 1528 5877 γίγνεται.
1558 5810 1694 5864 Idem
1725 5815 1872 5875 ibid.,
1900 5818 2138 5886 pag.658
2171 5825 2231 5872 A.

2389 2007 2481 2059 τοῦ
2515 2009 2630 2076 μὲν,
2664 2007 3009 2078 καθηράσθω·
3038 2007 3132 2060 ἐὰν
3165 2007 3219 2058 δὲ
3259 2007 3531 2075 ἀλλότριον
3561 2003 3740 2074 θυμῷ,
3772 2003 3913 2071 διπλῇ

2390 2100 2448 2151 τὸ
2483 2098 2673 2167 βλάϐος
2710 2099 2972 2151 ὲκτισάτω
2990 2097 3067 2167 τῷ
3100 2096 3432 2167 κεκτημένῳ.
3466 2115 3484 2146 ι
3531 2095 3648 2147 Kal.
3686 2094 3838 2145 τοῦτο
3869 2093 3913 2145 δὲ

2388 2189 2684 2242 ἐπάκουσον
2707 2189 2867 2242 αὑτοῦ
2898 2189 3004 2241 τῶν
3028 2190 3222 2258 νόμων,
3255 2187 3346 2250 οὓς
3370 2187 3495 2257 περὶ
3522 2185 3724 2254 φονέων
3760 2185 3916 2238 διετά-

2388 2281 2531 2344 ξατο·
2561 2300 2577 2331 ι
2605 2283 2698 2332 Ἀν
2723 2282 2827 2351 ἄρα
2850 2297 2932 2343 τις
2954 2281 3198 2349 αὐτόχειρ
3220 2281 3317 2348 μὲν
3339 2278 3521 2348 κτείνῃ
3541 2275 3841 2346 ἐλεύθερον,
3861 2275 3912 2326 τὸ

2384 2373 2439 2423 δὲ
2490 2372 2865 2440 πεπραγμένον
2909 2369 3347 2440 ἀπροὸουλεύτως
3393 2370 3525 2438 ὀργῇ
3566 2385 3671 2420 τινι
3705 2368 3911 2434 γένηται

2385 2461 2640 2530 πραχθὲν,
2663 2463 2729 2514 τά
2760 2463 2853 2531 μὲν
2879 2460 3028 2523 ἄλλα,
3047 2459 3289 2529 καθάπερ
3315 2461 3438 2512 ἄνευ
3463 2457 3633 2526 θυμοῦ
3661 2457 3914 2509 κτείναντι

2383 2554 2620 2621 προσῆκε
2642 2553 2715 2621 τῷ
2738 2553 2981 2622 πάσχειν,
3004 2551 3270 2619 πασχέτω·
3299 2549 3392 2602 δύο
3424 2550 3466 2600 δ’
3489 2547 3546 2611 ἐξ
3563 2549 3808 2617 ἀνάγκης
3831 2547 3910 2610 ἔτη

2380 2644 2641 2710 φευγέτω,
2662 2643 2897 2705 κολάζων
2921 2642 2978 2693 τὸ
3005 2641 3165 2694 αὑτοῦ
3193 2641 3375 2710 θυμόν.
3399 2641 3531 2692 »Καὶ
3565 2639 3742 2707 τούτῳ
3759 2652 3911 2706 προσ·

2377 2733 2583 2803 τίθησιν
2620 2733 2741 2802 ἑξῆς
2788 2733 2969 2801 ἕτερον
3030 2732 3224 2786 τοιόνδε
3283 2732 3459 2801 νόμον·
3506 2749 3523 2782 ι
3570 2731 3629 2782 ὐ
3663 2730 3727 2781 δὲ
3772 2726 3912 2802 θυμῷ

2381 2824 2496 2892 μὲν,
2545 2824 2658 2892 μετ’
2705 2823 2986 2892 ἐπιϐουλῆς
3013 2824 3069 2875 δὲ
3112 2823 3341 2885 κτείνας,
3372 2822 3439 2874 τά
3475 2823 3567 2890 μὲν
3618 2820 3754 2876 ἄλλα
3784 2817 3910 2870 κατά

2376 2913 2463 2965 τὸν
2517 2913 2816 2982 ἔμπροσθεν
2867 2909 2955 2978 αὖ,
3006 2915 3131 2984 τρία
3166 2914 3220 2965 δὲ
3268 2913 3381 2981 ἐτη,
3439 2910 3682 2978 καθάπερ
3742 2909 3912 2977 ἔτερος

2376 3003 2568 3071 ἔφευγε
2598 3005 2664 3056 τά
2682 3005 2792 3068 δύο,
2819 3005 3077 3072 φευγέτω,
3117 3003 3329 3073 μεγέθει
3356 3000 3525 3071 θυμοῦ
3551 2999 3725 3069 πλείω
3755 3016 3912 3067 τιμω-

2372 3095 2558 3166 ρηθεὶς
2590 3099 2796 3166 χρόνον.
2824 3117 2846 3149 a
2884 3092 2995 3148 Εἶθ’
3023 3096 3145 3163 ἑξῆς
3175 3094 3415 3164 περὶτοῦ
3449 3093 3694 3161 δεύτερον
3732 3090 3908 3160 φονεύ-

2377 3203 2560 3249 σαντος
2579 3188 2752 3240 τοιάδε
2785 3186 3075 3255 νομοθετεῖ·
3109 3205 3125 3236 ι
3184 3186 3305 3237 Ἐάν
3325 3186 3380 3236 δὲ
3408 3180 3557 3244 αὖθίς
3583 3200 3713 3235 ποτε
3735 3182 3908 3235 κατελ-

2297 3241 2336 3298 C
2371 3275 2495 3339 θὼν,
2528 3241 2780 3347 δπότερος
2817 3241 3028 3340 αύτοῖν,
3069 3275 3315 3346 ἡττηθεὶς
3343 3277 3475 3344 ὀργῇ
3727 3274 3908 3326 ταύτὸν

2367 3368 2538 3432 τοῦτο,
2572 3367 2754 3435 φυγὼν
2787 3368 2976 3437 μηκέτι
2997 3368 3244 3440 κατέλθῃ.
3280 3386 3297 3418 ι
3343 3367 3449 3419 Kal.
3474 3366 3633 3418 πάλιν
3662 3365 3790 3434 ἑξῆς
3814 3380 3907 3435 φη·

2368 3472 2467 3509 σιν·
2512 3475 2530 3506 t
2583 3457 2705 3510 Ἐἀν
2723 3457 2797 3519 δὲ,
2829 3459 2856 3509 ὃ
2879 3459 3119 3525 γίγνεται
3149 3456 3256 3525 (87)
3294 3456 3409 3524 μὲν,
3442 3454 3686 3520 ὀλιγάκις
3717 3454 3796 3516 δὲ,
3829 3450 3906 3505 διὰ

2366 3545 2533 3614 θυμὸν
2561 3547 2737 3616 πατὴρ
2775 3547 2806 3616 ἢ
2845 3549 3022 3617 μήτηρ
3054 3548 3165 3599 υἱὸν
3207 3546 3240 3615 ἢ
3284 3546 3550 3616 θυγατέρα
3595 3544 3904 3614 πληγαῖς,ή

2362 3651 2466 3686 τινι
2498 3636 2680 3705 τρόπῳ
2713 3636 2868 3705 βιαίῳ
2909 3637 3122 3706 κτείνῃ,
3156 3635 3444 3704 καθάρσεις
3482 3635 3578 3702 μὲν
3608 3634 3710 3694 τάς
3750 3632 3903 3690 αὑτάς

2361 3728 2473 3788 τοῖς
2513 3727 2687 3790 ἄλλοις
2734 3727 3103 3797 καθαίρεσθαι,
3142 3727 3234 3779 καὶ
3278 3726 3551 3786 ἐνιαυτοὺς
3581 3727 3735 3794 τρεῖς
3781 3725 3902 3775 ἀπεμ-

2361 3821 2611 3871 νιαυτείν.
2647 3819 3023 3871 Κατελθόντων
3052 3818 3107 3870 δὲ
3132 3816 3236 3868 τῶν
3270 3815 3607 3878 κτεινάντων,
3633 3814 3898 3868 ἀπαλλάτ-

2361 3909 2545 3961 τεσθαι
2572 3910 2800 3975 γυναῖκά
2817 3927 2874 3960 τε
2897 3909 3002 3961 ἀπὸ
3030 3906 3236 3976 ἀνδρὸς,
3273 3906 3364 3958 καὶ
3381 3905 3468 3956 τὸν
3495 3905 3662 3974 ἄνδρα
3685 3904 3794 3958 ἀπὸ
3819 3920 3899 3972 γυ-

2357 4001 2565 4060 ναικὸς,
2607 4000 2697 4051 καὶ
2744 4002 2815 4069 μή
2870 4000 2984 4052 ποτ’
3021 3998 3098 4050 ἔτι
3137 4002 3283 4068 κοινῇ
3327 3997 3826 4068 παιδοποιήσασθαι.
3875 4013 3892 4045 ι

2354 4089 2461 4140 Καὶ
2486 4089 2689 4150 τούτοις
2720 4089 2980 4158 ἐπιφέρει·
3014 4108 3031 4138 ι
3057 4089 3283 4140 Γυναῖκα
3311 4087 3365 4138 δὲ
3383 4087 3623 4156 γαμετὴν
3646 4085 3743 4138 ὲάν
3771 4084 3900 4152 ἀνὴρ

2352 4176 2416 4226 δι’
2447 4176 2611 4245 ὀργὴν
2637 4178 2818 4250 κτείνῃ
2850 4179 2988 4243 τινὰ,
3023 4179 3054 4247 ἢ
3086 4180 3218 4248 γυνή
3254 4197 3332 4240 τις
3355 4179 3553 4244 ἑαυτῆς
3578 4175 3751 4244 ἄνδρα
3775 4176 3889 4226 ταύ-

2353 4266 2440 4318 τδν
2461 4267 2614 4319 τοῦτο
2642 4269 2896 4331 ὡσαύτως
2929 4273 3244 4341 ἐργάσηται,
3281 4267 3630 4344 καθαίρεσθαι
3655 4269 3783 4327 τοὺς
3812 4266 3896 4318 αὖ·

2351 4360 2474 4420 τοὺς
2495 4359 2824 4429 καθαρμοὺς,
2856 4363 3084 4430 τριέτεις
3109 4361 3165 4412 δὲ
3191 4359 3601 4426 ἀπενιαυτήσεις
3621 4357 3889 4410 διατελεῖν.

2353 4431 2636 4500 Κατελθὼν
2664 4449 2719 4503 δὲ
2744 4451 2773 4499 6
2806 4449 3009 4502 τοιοῦτό
3045 4465 3095 4500 τι
3122 4447 3339 4516 δράσας,
3371 4449 3478 4524 τοῖς
3515 4446 3676 4498 αὑτοῦ
3718 4447 3892 4497 παισὶν

2356 4535 2512 4604 ίερῶν
2553 4537 2625 4606 μὴ
2666 4535 3001 4600 κοινωνείτω,
3052 4535 3182 4604 μηδὲ
3217 4533 3579 4604 ὁμοτράπεζος
3630 4534 3888 4603 γιγνέσθω

2351 4624 2498 4676 ποτέ.
2522 4626 2630 4676 Καὶ
2656 4624 2746 4676 ἐάν
2770 4623 3110 4694 ἀδελφὸς
3128 4624 3368 4694 ἀδελφὸν,
3387 4625 3418 4694 ἦ
3435 4625 3666 4694 ἀδελφὴν
3701 4624 3887 4692 ἀδελφὴ

2349 4712 2501 4782 θυμῷ
2527 4714 2728 4783 κτείνῃ,
2770 4715 2836 4766 τά
2865 4715 2962 4783 μὲν
2992 4716 3094 4768 τῶν
3125 4715 3416 4787 καθαρμῶν
3450 4717 3540 4771 καὶ
3569 4706 3885 4782 ἀπενιαυτή·

2349 4818 2503 4866 σεων,
2530 4802 2772 4872 καθάπερ
2791 4803 3000 4874 εῑρηται
3018 4807 3125 4867 τοῖς
3148 4806 3359 4872 γονεῦσι
3374 4807 3465 4860 καὶ
3489 4807 3600 4866 τοῖς
3628 4803 3880 4872 ἐγγόνοις,

2347 4893 2575 4963 εἰρήσθω
2604 4895 2709 4946 δεῖν
2736 4895 3010 4964 γίγνεσθαι
3040 4899 3131 4951 καὶ
3162 4900 3391 4962 τούτοις,
3421 4892 3496 4950 ὧν
3534 4896 3800 4964 ἀδελφούς
3830 4911 3881 4950 τε

2345 4986 2618 5053 ἀδελφῶν,
2660 4988 2752 5040 καὶ
2796 4989 2982 5056 γονέας
3015 4990 3272 5061 ἐστέρηκε
3317 4988 3550 5042 παίδων·
3597 4987 3805 5049 τούτοις
3833 4986 3880 5037 δὲ

2346 5078 2610 5142 συνέστιος
2632 5080 2809 5141 αὐτοῖς
2837 5082 2991 5143 αὐτὸς
3014 5081 3277 5152 μηδέποτε
3304 5076 3588 5150 γιγνέσθω,
3622 5078 3758 5147 μηδὲ
3782 5095 3877 5130 κοι-

2344 5168 2506 5229 νωνὸς
2539 5168 2711 5236 ίερῶν.
2749 5169 2997 5238 Ἀδελφὸς
3026 5169 3133 5240 (89)
3157 5171 3215 5222 δὲ
3245 5167 3338 5222 ἐὰν
3371 5165 3592 5235 ἀδελφὸν
3617 5168 3800 5236 κτείνῃ
3827 5168 3876 5218 ἐν

2345 5258 2598 5320 στάσεσι,
2649 5261 2824 5332 μάχης
2867 5261 3188 5330 γενομένης,
3238 5257 3273 5327 ἥ
3299 5273 3402 5309 τινι
3445 5257 3671 5330 τοιούτῳ
3706 5259 3873 5328 τρόπῳ

2341 5349 2667 5416 ἀμυνόμενος
2706 5352 2938 5421 ἄρχοντα
2964 5348 3156 5419 χειρῶν
3190 5347 3475 5419 πρότερον,
3506 5347 3759 5417 καθάπερ
3787 5364 3868 5397 πο-

2340 5437 2884 5506 λέμιονάποκτείνας,
2928 5438 3064 5490 ἔστω
3101 5436 3348 5493 καθαρός.
3389 5437 3496 5488 Καὶ
3527 5437 3622 5489 ὲάν
3665 5437 3869 5505 πολίτης

2408 5611 2525 5675 (88).
2569 5614 2698 5664 Ἐὰν
2737 5613 3011 5679 ἀδελφός.
3061 5609 3212 5663 Plato
3259 5612 3624 5673 enucleatius,
3683 5614 3771 5667 καὶ
3811 5610 3865 5679 ἃν

2579 5682 2798 5755 ἀδελφὸν
2821 5723 2834 5744 ,
2953 5681 3209 5751 ἀδελφήν·
3246 5682 3278 5750 ἢ
3312 5681 3509 5755 ἀδελφὴ
3540 5682 3800 5750 ἀδελφὸν,
3835 5678 3863 5747 ἢ

2336 5751 2564 5818 ἀδελφὴν
2593 5750 2745 5818 θυμῷ
2771 5750 2968 5818 κτείνῃ.

2403 5820 2520 5887 (89)
2573 5817 2860 5886 nauseae.
2895 5817 3032 5874 Idem
3067 5820 3214 5886 ibid.,
3242 5836 3360 5891 pag.
3388 5820 3491 5875 658
3522 5817 3586 5873 D.
