4010 6342
56 440 198 495 1185

1191 426 1511 487 ΡκιΕΡΑΒ.
1548 431 1793 491 EVANG.
1830 431 1960 492 LIB.
2002 433 2139 493 XIV.

3105 440 3237 506 uss

66 568 271 612 tantum
299 554 484 612 nullus
506 566 568 610 ut
614 556 671 611 ei
726 551 1005 610 calumnia
1044 556 1193 610 locus
1237 556 1601 625 relinquatur,
1638 559 1790 625 quasi
1818 558 2000 614 Graeca
2044 562 2099 613 in
2132 559 2390 629 sapientia
2429 570 2617 629 parum
2671 555 2957 610 admodum
3002 557 3238 611 studiose

60 649 289 713 versati,
320 647 668 703 Hebraeorum
707 650 756 703 ei
800 649 1002 703 litteras
1053 649 1458 717 doctrinamque
1497 652 1909 719 prctulerimus.

584 742 967 796 ΚΕΦΔΔΑΙΟΝ
1013 743 1087 795 Γ.

152 832 301 898 ’Περὶ
346 831 453 899 τῆς
485 830 599 883 τῶν
630 835 751 884 καθ’
797 832 1085 898 Ἐϐραίους
1121 833 1482 899 συμφωνίας.

130 923 189 973 υἱ
225 922 327 991 μέν
356 939 417 989 γε
457 922 688 992 Ἐδραῐοι
717 921 915 975 ἀνωθεν
941 922 998 986 ὲξ
1031 922 1220 983 αἰῶνος
1248 922 1476 991 μακροῦ.
1510 923 1601 975 καὶ

56 1012 243 1079 αὐτῆς,
275 1012 357 1074 ὡς
378 1012 503 1074 ἔπος
539 1014 729 1073 εἰπεῖν,
761 1013 864 1064 ἀπὸ
901 1012 1117 1082 πρώτης
1148 1012 1597 1081 ἀνθρωπογονίας,

58 1104 151 1170 τήν
207 1102 384 1172 ἀληθῆ
441 1104 529 1154 καὶ
560 1103 751 1172 εὐσεῦῆ
796 1104 1101 1172 φιλοσοφίαν
1158 1106 1596 1175 ἀνηρευνηκότες,

65 1195 328 1263 ἀκήρατον
362 1194 455 1247 καὶ
476 1196 565 1246 ἐπὶ
596 1196 715 1256 τοὺς
748 1194 1027 1263 μετέπειτα
1054 1194 1252 1265 ταύτην
1284 1196 1596 1266 διατετηρή-

59 1301 202 1348 κασι,
230 1287 362 1344 παῖς
399 1283 546 1351 παρά
594 1284 792 1353 πατρὸς
844 1284 1102 1353 θησαυρὸν
1150 1284 1316 1351 λόγων
1347 1285 1598 1354 ἀληθείας

62 1373 440 1442 ὑποδεξάμενοι
468 1391 525 1425 τε
557 1375 647 1425 καὶ
680 1372 1021 1443 φυλάξαντες,
1045 1374 1117 1436 ὡς
1152 1376 1273 1443 μήτ’
1315 1374 1594 1439 ἐπιθεῖναι,

68 1466 179 1531 μήτ’
203 1464 425 1529 ἀφελεῖν
467 1480 585 1516 τινα
609 1466 717 1525 τοῖς
764 1463 904 1527 ἅπαξ
940 1463 1275 1532 κεκριμένοις
1312 1464 1593 1533 τολμῆσαι.

65 1554 177 1605 Οῠτ’
204 1550 298 1606 οὖν
328 1556 360 1605 ὁ
401 1555 666 1623 πάνσοφος
690 1555 909 1623 Μωσῆς,
939 1556 1155 1607 πάντων
1202 1556 1297 1623 μὲν
1340 1555 1597 1625 Ἐλλήνων

57 1644 423 1711 πρεσϐύτατος
445 1645 765 1711 ἀποφανθεὶς
793 1645 877 1696 διὰ
903 1645 1007 1697 τῶν
1036 1645 1353 1714 ἔμπροσθεν,
1385 1645 1595 1699 πάντων

63 1738 110 1786 δὲ
147 1736 373 1797 ὕστατος
398 1736 495 1805 τὴν
522 1737 729 1805 ἡλικίαν
755 1736 859 1787 τῶν
892 1738 1017 1805 πρὶν
1058 1736 1315 1806 Ἐϐραίων
1339 1736 1591 1803 γεγονὼς,

64 1825 263 1894 κινῆσαι
302 1841 352 1878 τι
383 1828 475 1879 καὶ
507 1826 807 1895 μεταθεῖναι
847 1827 951 1877 τῶν
990 1830 1097 1888 τοίς
1139 1827 1467 1897 προπάτορσι
1506 1828 1594 1879 δο-

65 1915 252 1975 ξάντων
284 1918 385 1985 τῆς
418 1917 741 1986 δογματικῆς
771 1917 892 1985 περὶ
931 1915 1199 1982 θεολογίας
1244 1915 1591 1983 διανενόηται-

66 2005 191 2073 πλὴν
223 2006 346 2057 ὅσον
374 2010 482 2067 τοῖς
512 2007 601 2057 ὑπ’
635 2007 791 2059 αὐτὸν
830 2004 1125 2074 ἀνθρώποις
1148 2045 1161 2063 ,
1208 2006 1426 2072 ἀγωγῆς
1479 2004 1588 2072 βίου

64 2093 384 2162 καταλλήλου
412 2094 628 2163 τρόπον,
662 2096 752 2146 καί
785 2111 921 2155 τινος
956 2094 1123 2164 μέσης
1148 2093 1414 2155 πολιτείας
1444 2110 1595 2161 νομο-

64 2183 231 2235 θεσίαν
259 2183 675 2235 κατασαλέσθαι.
701 2183 822 2236 Οὕθ’
851 2187 898 2235 σί
935 2186 1069 2252 μετά
1110 2186 1255 2237 τόνδε
1301 2185 1591 2253 προφῆται,

69 2276 269 2344 μυρίαις
297 2276 449 2337 ὅσαις
477 2274 695 2345 ὕστερον
737 2276 871 2327 ὲτῶν
908 2276 1167 2345 περιόδοις
1199 2276 1587 2344 ὲκλάμψαντες,

65 2366 310 2430 διάφωνόν
342 2382 395 2415 τι
430 2364 579 2433 ῥῆμα
602 2364 732 2433 πρός
763 2365 820 2417 τέ
868 2382 1001 2432 σφας
1041 2365 1259 2427 αὐτοὺς,
1298 2364 1329 2433 ἢ
1368 2364 1499 2433 πρὸς
1525 2364 1593 2415 τὰ

67 2457 221 2524 Μωσῇ
248 2456 341 2506 καὶ
375 2458 482 2517 τοῖς
503 2455 666 2508 πάλαι
690 2455 955 2523 θεοφιλέσι
978 2454 1307 2525 νομισθέντα,
1334 2454 1592 2523 προέσθαι

67 2548 121 2612 τῇ
153 2548 295 2619 φωνῇ
328 2547 735 2615 τετολμήκασιν.
777 2547 913 2597 Ἀλλ’
934 2547 1055 2597 οὐδὲ
1082 2547 1141 2597 τὸ
1189 2546 1307 2597 καθ’
1342 2547 1487 2614 ἡμᾶς
1517 2546 1592 2597 δι-

67 2636 379 2696 δασκαλεῖον,
414 2635 616 2686 ἐκεῖθέν
645 2635 801 2686 ποθεν
832 2635 1159 2705 ὁρμώμενον,
1189 2636 1280 2687 καὶ
1317 2636 1379 2685 δι’
1411 2635 1589 2686 ἐνθέου

66 2728 325 2795 δυνάμεως
354 2726 489 2794 ὁμοῦ
518 2728 694 2779 πᾶσαν
731 2727 943 2779 Ἐλλάδα
968 2744 1025 2779 τε
1068 2729 1158 2778 καὶ
1188 2727 1283 2795 τὴν
1322 2726 1590 2796 βάρὸαρον

68 2818 356 2886 ὲμπλῆσαν,
384 2817 643 2885 διάφωνόν
670 2836 720 2869 τι
748 2821 858 2881 τοῖς
893 2818 1118 2887 πρόσθεν
1153 2818 1585 2887 ἑμπεριείληφεν·

68 2909 108 2955 εί
138 2909 202 2976 μή
233 2923 314 2969 τις
340 2908 491 2977 φαίη,
520 2908 598 2958 ὁτι
630 2908 701 2975 μὴ
743 2908 895 2975 μόνον
935 2910 1041 2968 τοῖς
1075 2908 1298 2974 δόγμασι
1345 2908 1440 2975 τῆς
1476 2906 1590 2957 θεο-

68 2994 254 3059 λογίας,
287 2996 423 3047 ἀλλά
449 2997 539 3048 καὶ
566 2996 641 3065 τῷ
665 2998 842 3065 τρόπῳ
858 2996 947 3048 τοῦ
976 2996 1108 3064 βίου,
1138 2997 1232 3063 τὴν
1260 2997 1423 3065 αὐτὴν
1446 2998 1588 3063 ἀγω-

69 3086 155 3153 γὴν
182 3089 289 3147 toi;
319 3088 423 3157 πρὸ
453 3089 686 3150 Μωσέως
731 3088 1019 3155 θεοφιλέσιν
1070 3088 1331 3157 Ἑϐραίοις
1362 3089 1587 3159 παραδίο

69 3176 199 3230 δωσι.
230 3179 336 3229 Καὶ
368 3179 434 3231 τὰ
486 3179 582 3247 μὲν
624 3180 854 3248 ⁴ἡμέτερα
887 3178 1123 3239 τοιαῦτα,
1160 3180 1255 3248 μιᾷ
1311 3197 1365 3231 τε
1416 3183 1586 3250 φωνῇ,

68 3266 161 3321 ’ὑπὸ
182 3270 284 3321 τῶν
322 3269 571 3341 πρώτων,
601 3271 689 3320 καὶ
716 3269 907 3338 μέσων,
950 3270 1037 3321 καὶ
1065 3266 1168 3321 τῶν
1207 3270 1446 3322 ὑστάτων
1495 3288 1587 3339 με-

73 3360 444 3429 μαρτυρημένα
463 3398 477 3420 ,
503 3360 599 3428 τῆς
626 3357 852 3428 ἀληθοῦς
881 3359 1151 3420 εὐσεὸείας
1170 3359 1301 3427 ὁμοῦ
1331 3362 1419 3411 καὶ
1446 3361 1587 3427 φιλο-
1614 3387 1653 3444 C

73 3450 240 3515 σοφίας
270 3450 331 3500 τὸ
376 3449 585 3517 βέϐαιον
626 3449 857 3510 ἀπάσαις
880 3449 1096 3523 λψήφοις
1125 3451 1583 3519 ὲπισφραγίζεται,

73 3541 247 3609 πληροῖ
274 3556 333 3590 τε
362 3541 460 3609 τὴν
492 3540 774 3617 σύμπασαν
810 3526 1123 3615 οίόιουμένην
1149 3579 1163 3601 ,
1192 3540 1451 3609 ὁσημέραι
1478 3541 1590 3591 νεά-

73 3628 211 3689 ζοντα
238 3631 327 3680 καὶ
358 3628 635 3690 ἀνθοῦντα,
670 3630 743 3691 ὠς
768 3629 891 3703 ἄρτι
934 3630 1149 3700 πρώτην
1197 3631 1376 3699 ἀκμὴν
1420 3648 1587 3682 κατα-

75 3716 357 3786 ϐεϐλημένα
378 3734 389 3744 ·
450 3719 541 3767 καὶ
582 3716 701 3767 οὔτε
735 3718 907 3785 νόμων
937 3718 1218 3783 διατάξεις,
1244 3720 1351 3769 οὔτ’
1384 3718 1589 3788 ἐχθρῶν

75 3807 350 3871 ἐπιϐουλαὶ,
374 3806 493 3859 οὔτε
516 3807 778 3876 πολεμίων
804 3808 1053 3871 πολλάκις
1084 3810 1407 3879 ἀκονηθέντα
1440 3810 1585 3878 ξίφη,

76 3900 329 3967 κρείττονα
357 3900 453 3967 τῆς
480 3892 551 3951 ὧν
586 3898 910 3969 μετήλθομεν
941 3898 1107 3963 λόγων
1130 3899 1341 3968 ἀρετῆς,
1374 3898 1470 3967 τὴν
1496 3900 1587 3951 δύ-

77 4004 214 4056 ναμιν
239 3989 609 4041 ἐπιδέδεικται.
638 3980 714 4038 Τὰ
755 3986 807 4037 δὲ
832 3987 927 4056 τῆς
979 3986 1237 4057 Ἐλλήνων
1281 3987 1586 4055 φιλοσοφίας

76 4080 152 4129 ἐπὶ
181 4080 394 4149 βραχέσι
418 4078 759 4140 σαλεῦσαντα,
778 4078 892 4129 τίνα
924 4078 1049 4129 ποτὲ
1068 4079 1162 4147 τὴν
1200 4080 1347 4147 ἰσχὺν
1380 4079 1585 4130 ἐπεδεί-

76 4168 211 4232 ξατο,
259 4171 373 4221 νυνὶ
406 4168 750 4238 θεασώμεθα·
815 4168 1052 4237 πρώτους
1084 4168 1331 4222 ἁπάντων
1362 4172 1439 4232 είς
1496 4172 1585 4223 τὸν

78 4258 236 4324 ἀγῶνα
263 4259 532 4320 καθιέντες
558 4259 680 4319 τοὺς
706 4260 958 4325 φυσικοὺς
984 4259 1383 4327 έπικληθέντας.
1410 4260 1471 4312 Οἳ
1500 4260 1583 4331 δὴ,

80 4349 282 4417 πρόσθεν
309 4348 615 4418 ἢΠλάτωνα
631 4346 940 4415 διαλάμψαι,
962 4348 1257 4415 λεγόμενοι,
1286 4349 1430 4411 ὅπως
1452 4352 1585 4420 πρὸς

79 4439 307 4507 ἀλλήλους
362 4437 701 4497 ἐστασίασαν,
736 4438 863 4504 παρ’
919 4436 1078 4487 αὑτοῦ
1113 4436 1297 4504 μαθεῖν
1348 4439 1456 4491 ἔστι
1492 4442 1583 4493 τοῦ

80 4530 332 4590 Πλάτωνος
351 4545 363 4555 ·
406 4528 461 4588 ὃς
482 4527 543 4595 δὴ
567 4526 672 4577 τῶν
694 4526 833 4592 ἀμφὶ
869 4526 1227 4593 Πρωταγόραν
1244 4565 1257 4587 ,
1310 4527 1584 4596 Ἠράκλει-

79 4618 153 4669 τόν
176 4635 227 4669 τε
277 4619 368 4670 καὶ
404 4616 777 4686 Ἐμπεδοκλέα,
807 4616 901 4685 τὴν
944 4616 1073 4683 πρὸς
1108 4616 1460 4688 Παρμενίδην,
1493 4622 1583 4674 καὶ

2314 743 2536 798 CAPUT
2570 742 2657 797 lll.

1768 833 1844 887 De
1871 849 2073 886 summa
2106 833 2442 888 ﬂebrworum
2470 835 2771 902 dogmatum
2812 835 3160 887 consensione.

1775 922 1967 975 Veram
1999 920 2204 976 Hebraei
2240 924 2555 991 plenamque
2590 922 2783 991 pietate
2806 922 3229 991 philosophiam,

1697 1012 1767 1065 ab
1807 1013 1995 1065 ultima
2039 1027 2211 1081 usque
2253 1013 2543 1076 memoria,
2582 1028 2821 1082 peneque
2865 1029 2894 1066 a
2936 1015 3144 1083 primo,
3172 1021 3232 1065 ut

1696 1100 1769 1153 ita
1804 1100 2013 1164 dicam,
2059 1101 2333 1153 hominum
2379 1110 2536 1165 ortu,
2582 1101 2866 1170 diligenter
2914 1102 3231 1170 penitusque

1696 1194 1914 1257 rimati,
1946 1193 2185 1248 eamdem
2232 1193 2297 1246 ad
2351 1202 2594 1261 posteros
2640 1207 2829 1245 sanam
2878 1202 2931 1246 et
2969 1194 3229 1261 integram

1695 1283 2043 1336 transmisere
2078 1297 2090 1331 :
2123 1290 2282 1349 atque
2314 1282 2386 1333 ita
2413 1281 2629 1349 quidem
2672 1281 2811 1334 hanc
2862 1282 3101 1335 veritatis
3128 1282 3232 1336 do-

1696 1375 1925 1427 ctrinam
1954 1388 1983 1426 a
2022 1374 2332 1442 parentibus
2374 1372 2561 1434 liberi,
2588 1374 2869 1447 quemdam
2907 1374 3059 1441 quasi
3113 1374 3230 1427 the-
3336 1366 3342 1377 ’

1697 1476 1912 1516 saurum
1944 1464 2096 1526 longa
2126 1463 2462 1517 successione
2488 1474 2761 1531 acceptum
2809 1474 3228 1531 conservarunt,

1690 1561 1753 1605 ut
1783 1568 1901 1621 qua:
1926 1554 2133 1606 decreta
2162 1555 2324 1607 semel
2351 1565 2405 1608 et
2432 1556 2723 1608 constituta
2748 1554 2991 1617 fuerant,
3016 1556 3083 1609 iis
3128 1570 3229 1610 nec

1693 1643 1886 1697 addere
1913 1644 2202 1713 quidquam
2233 1645 2351 1698 ausi
2397 1645 2535 1706 sint,
2580 1660 2677 1698 nec
2718 1645 3009 1714 quidquam
3046 1647 3227 1700 detra-

1694 1733 1838 1785 here.
1895 1734 2035 1787 Sane
2064 1735 2301 1803 tquidem
2372 1733 2545 1788 loses
2600 1735 2691 1789 ille
2762 1737 3223 1803 sapientissimus,

1694 1822 1940 1891 idemque
1961 1825 2038 1876 uti
2071 1823 2269 1878 Graecis
2301 1825 2578 1888 omnibus,
2606 1825 2745 1893 quod
2768 1842 2834 1878 ea
2859 1827 3224 1893 superioribus

1691 1911 1846 1980 plane
1867 1920 2107 1975 constat,
2136 1913 2405 1980 antiquior
2423 1952 2437 1976 ,
2464 1913 2537 1966 ita
2565 1912 2904 1967 Hebraeorum
2925 1953 2940 1977 ,
2964 1916 3055 1983 qui
3100 1928 3225 1969 ante

1694 2002 1864 2069 ipsum
1894 2003 2103 2070 plurimi
2140 2004 2413 2067 vixerunt,
2444 2012 2597 2057 agtate
2646 2014 2949 2072 postremus
2975 2045 2990 2068 ,
3041 2022 3104 2057 ex
3157 2007 3223 2060 iis

1691 2108 1809 2160 quae
1842 2108 1871 2145 a
1916 2094 2289 2147 vetustissimis
2344 2094 2585 2161 patribus
2614 2094 2679 2146 de
2716 2095 3025 2163 dogmaticze
3068 2096 3223 2149 theo-

1692 2182 1845 2249 logiae
1868 2183 2162 2235 rationibus
2212 2185 2415 2237 sancita
2450 2192 2639 2248 erant,
2690 2198 2904 2238 movere
2960 2185 3090 2238 nihil
3130 2195 3225 2240 aut

1690 2283 1898 2326 mutare
1929 2277 2113 2328 statuit
2141 2293 2154 2328 :
2192 2284 2395 2329 tantum
2416 2275 2764 2343 popularibus
2793 2276 2901 2343 ipse
2929 2276 3044 2331 suis
3063 2317 3077 2341 ,
3103 2278 3225 2345 qui-

1691 2364 1791 2416 bus
1824 2364 2149 2430 imperabat,
2185 2364 2508 2417 conveniens
2538 2379 2600 2416 ac
2644 2365 2914 2432 proprium
2952 2367 3219 2431 quoddam

1690 2452 1809 2503 vita:
1841 2467 2041 2520 genus,
2072 2460 2125 2504 et
2155 2451 2439 2504 moderatae
2480 2452 2780 2519 reipublicae
2824 2451 3050 2506 formam
3097 2456 3223 2524 legi-

1690 2542 1791 2607 bus
1831 2543 2158 2611 temperavit.
2192 2541 2343 2595 llunc
2382 2543 2549 2596 secuti
2593 2544 2890 2612 prophetae,
2936 2547 3027 2613 qni
3074 2556 3220 2600 tanto

1690 2640 1808 2699 post
1840 2647 1961 2685 eum
1996 2633 2271 2687 intervallo
2301 2635 2573 2697 claruere,
2610 2652 2675 2689 ne
2703 2637 2975 2689 minimam
3002 2640 3217 2707 quidem

1688 2721 1929 2773 voculam
1965 2722 2173 2774 mittere
2211 2732 2336 2775 sunt
2362 2724 2508 2784 ausi,
2534 2738 2653 2791 qua
2678 2724 2760 2776 vel
2792 2739 2822 2777 a
2852 2740 2909 2777 se
2942 2726 3090 2792 ipsis,
3138 2727 3218 2780 vel

1688 2808 1757 2861 ab
1788 2807 1853 2860 iis
1884 2822 2002 2875 quae
2050 2807 2179 2860 Mosi
2217 2814 2540 2878 ceterisque
2570 2809 2677 2863 Deo
2708 2811 2883 2865 charis
2914 2811 3219 2868 hominibus

1687 2895 2035 2963 placuerant,
2089 2894 2270 2948 leviter
2321 2896 2622 2950 dissideret.
2678 2895 2859 2965 Neque
2910 2899 3215 2953 Christiana

1687 2984 1925 3053 proiecto
1953 2985 2195 3039 doctrina
2216 3026 2230 3049 ,
2260 3001 2377 3053 quas
2407 2987 2592 3039 iisdem
2622 2988 2808 3040 hausta
2832 3004 2895 3041 ex
2936 2989 3171 3043 fontibus
3197 3030 3213 3053 ,

1686 3077 1737 3129 vi
1764 3091 1983 3144 prorsus
2010 3075 2185 3130 divina
2214 3075 2425 3129 Grrcos
2448 3077 2606 3130 simul
2645 3094 2828 3131 omnes
2857 3079 3218 3149 barbarosque

1686 3170 1951 3236 pervasit,
1980 3168 2268 3236 quidquam
2292 3169 2447 3220 habet
2479 3183 2602 3221 cum
2628 3171 2965 3237 superiorum
3007 3172 3215 3224 illorum

1686 3259 1843 3313 dictis
1894 3260 2205 3328 legibusque
2259 3274 2543 3328 pugnans:
2575 3260 2675 3313 nisi
2724 3262 2899 3327 potius
2932 3262 3216 3315 dicendum

1688 3346 1812 3399 illud
1845 3348 2217 3412 sit,eamdem
2265 3349 2502 3416 penitus,
2546 3364 2703 3417 quam
2758 3350 2831 3402 illi
2886 3350 3029 3403 Hose
3080 3352 3217 3405 anti-

1687 3439 1900 3506 quiores
1940 3436 2182 3500 llehraei,
2232 3436 2440 3505 Deoque
2473 3439 2761 3505 gratissimi
2808 3446 3060 3503 tenuere,
3119 3424 3217 3494 nec

1687 3527 1912 3580 decretis
1939 3526 2429 3594 modo'theologiie,
2458 3528 2548 3581 sed
2589 3528 2749 3581 etiam
2783 3530 3039 3582 institutis
3076 3545 3217 3583 eam-

1686 3615 1806 3668 dem
1838 3631 1899 3668 ac
1936 3615 2209 3679 moribus,
2250 3616 2370 3669 vitae
2424 3616 2490 3669 ab
2540 3631 2600 3669 ea
2659 3615 2883 3670 formam
2930 3619 3215 3671 rationem-

1686 3723 1789 3776 que
1829 3706 2120 3774 praescribi.
2155 3704 2284 3769 Quae
2332 3706 2543 3773 quidem
2566 3706 2828 3773 ejusmodi
2864 3715 2976 3771 est,
3006 3717 3063 3761 ut
3110 3724 3215 3763 una

1688 3806 1794 3850 tam
1841 3798 2164 3866 primorum,
2220 3811 2381 3864 quam
2433 3794 2760 3860 mediorum,
2797 3812 2859 3851 ac
2902 3800 3217 3855 novissimo-

1684 3907 1803 3945 rum
1850 3891 2110 3945 sententia
2146 3904 2381 3957 voceque
2436 3898 2661 3951 testata,
2717 3907 2854 3945 vera:
2903 3894 3113 3960 pietatis
3164 3905 3217 3949 et

1685 3983 2033 4051 philosophiae
2080 3982 2452 4034 certitudinem
2514 3996 2577 4034 ac
2640 3982 2941 4035 ﬁrmitatem
2988 3984 3211 4045 habeat,

1684 4073 1947 4142 suffragiis
1976 4074 2221 4127 omnibus
2252 4072 2638 4141 consignatam.
2671 4073 2842 4141 Atque
2891 4074 2979 4125 illa
3024 4074 3102 4128 sic
3128 4090 3214 4128 or-

1684 4164 1803 4218 bem
1835 4165 1995 4232 720
2018 4166 2323 4217 universum
2355 4164 2573 4230 implet,
2598 4171 2657 4214 ut
2682 4162 2899 4229 perinde
2932 4178 2992 4216 ac
3024 4165 3067 4216 si
3094 4179 3215 4232 pau-

1683 4256 1735 4308 lo
1758 4264 1879 4307 ante
1910 4261 2023 4305 sata
2055 4254 2286 4320 primum
2308 4290 2321 4314 ,
2359 4260 2517 4317 atque
2552 4249 2604 4301 in
2637 4250 2808 4301 lucem
2835 4251 3024 4303 educta
3048 4264 3211 4317 esset,

1684 4344 1951 4398 adolescat
1977 4343 2031 4395 in
2063 4341 2177 4394 dies
2197 4380 2212 4403 ,
2245 4348 2296 4391 et
2319 4338 2616 4391 efﬂorescat
2645 4338 2813 4407 magis
2842 4347 3000 4407 atque
3021 4344 3211 4411 magis.

1683 4431 1790 4488 Nec
1816 4434 1921 4485 vim
1950 4432 2064 4500 ejus
2100 4438 2258 4497 atque
2286 4427 2639 4481 constantiam
2672 4427 2842 4495 legum
2872 4433 3211 4493 sanctiones.

1685 4507 2023 4577 inimicorum
2060 4520 2302 4581 insidiae,
2354 4518 2585 4571 hostium
2637 4518 2828 4585 gladii,
2874 4534 3102 4588 quorum
3156 4521 3211 4573 in

1683 4633 1780 4671 nos
1805 4617 1972 4669 aciem
2000 4625 2104 4667 tam
2129 4629 2266 4680 saepe
2302 4611 2589 4671 acuebant,
2609 4606 2851 4677 frangere
2883 4624 3114 4677 unquam
3150 4624 3213 4663 ac

79 4718 183 4769 τους
218 4711 344 4779 ἀμφ’
396 4708 550 4761 αὑτὸν
586 4708 847 4776 διαμάχην
894 4706 1173 4775 ἐξελέγχει.
1241 4709 1297 4760 ’0
1353 4709 1447 4778 μὲν
1480 4710 1584 4781 γὰρ

1688 4707 1959 4762 debilitare
1983 4712 2288 4775 potuerunt.
2338 4700 2487 4752 Nunc
2514 4715 2640 4753 vero
2679 4699 2983 4755 Graecorum
3034 4702 3208 4768 philo-

81 4798 385 4867 Δημοκρίτου
414 4797 647 4865 γεγονὼς
699 4799 904 4867 ἑταῖρος
947 4800 972 4847 ὁ
1002 4798 1375 4867 Πρωταγόρας,
1432 4799 1584 4852 ἄθεον

79 4886 315 4954 ἐκτήσατο
368 4886 551 4950 δόξαν.
604 4885 827 4952 Λέγεται
884 4885 1007 4951 γοῦν
1066 4886 1235 4955 τοιᾷδε
1291 4888 1582 4957 κεχρῆσθαι

81 4976 267 5046 ιίσδολῇ
298 4980 353 5029 έν
378 4976 455 5045 τῷ
484 4976 620 5043 Περὶ
645 4976 790 5028 θεῶν
817 4976 1198 5045 συγγράμματι
1218 4994 1233 5007 υ
1264 4994 1282 5025 ι
1321 4978 1449 5045 Περὶ
1488 4980 1583 5045 μὲν

84 5064 198 5116 θεῶν
222 5066 313 5119 οὐκ
333 5063 447 5117 οἴδα
473 5064 583 5116 οὗθ’
611 5066 684 5127 ὥς
716 5067 848 5117 εἰσιν
873 5106 886 5128 ,
921 5064 1029 5117 οὗθ’
1056 5066 1128 5126 ὡς
1150 5065 1247 5117 οῦκ
1277 5068 1407 5117 εἰσιν
1426 5107 1442 5129 ,
1468 5067 1577 5118 οὗθ’

80 5157 228 5207 deuoto!
252 5173 390 5217 τινες
420 5154 577 5207 ἰδέαν.
618 5172 637 5203 ι
682 5154 739 5204 '0
778 5154 833 5205 δὲ
858 5155 1217 5223 Δημόκριτος,
1250 5153 1419 5223 ἀρχάς
1469 5155 1579 5207 τῶν

84 5245 197 5297 ὅλων
239 5245 333 5316 ἔφη
368 5241 502 5297 εἷναι
531 5244 590 5295 τὸ
617 5243 767 5295 κενὸν
795 5243 885 5294 καὶ
913 5244 972 5294 τὸ
1023 5244 1223 5315 πλῆρες
1242 5261 1255 5274 ’
1286 5244 1347 5295 τὸ
1380 5244 1580 5315 πλῆρες

84 5332 132 5382 ὃν
151 5333 302 5399 λέγων
329 5335 424 5398 καίι
444 5332 677 5401 στερεὸν,
695 5330 754 5381 τὸ
780 5330 834 5382 δὲ
854 5331 1003 5383 κενὸν
1029 5333 1102 5402 μὴ
1120 5332 1199 5385 δν.
1222 5331 1311 5385 Διὸ
1338 5330 1431 5385 καί
1450 5350 1579 5402 φησι

89 5422 226 5489 μηδὲν
256 5424 444 5493 μᾶλλον
472 5422 533 5473 τὸ
579 5422 636 5473 ὃν
660 5421 751 5472 τοῦ
798 5422 868 5490 μὴ
892 5421 1036 5483 ὄντος
1067 5417 1231 5475 εἶναι’
1289 5424 1371 5475 ὅτι
1413 5439 1471 5473 τε
1523 5422 1582 5485 ἐξ

85 5507 230 5560 ἀϊδίου
253 5511 315 5563 τὰ
341 5511 465 5563 ὄντα
497 5513 553 5561 ἐν
583 5509 658 5578 τῷ
686 5510 821 5579 κενῷ
851 5510 1078 5579 συνεχῶς
1110 5514 1201 5564 καὶ
1224 5513 1383 5579 ὀξέως
1422 5518 1580 5566 κινεῖ-

86 5609 175 5647 ται.
214 5597 267 5651 '0
286 5600 341 5652 δὲ
378 5597 719 5668 Ἡράκλειτος
741 5597 907 5669 ἀρχὴν
927 5599 1032 5652 τῶν
1062 5601 1273 5654 πάντων
1316 5601 1418 5669 ἔφη
1445 5596 1577 5654 εἶναι

87 5683 138 5733 τὸ
164 5683 279 5753 πῦρ,
308 5686 367 5751 ἐξ
388 5681 449 5740 οὗ
465 5688 532 5739 τὰ
560 5686 735 5739 πάντα
760 5688 981 5753 γίνεται,
1010 5691 1100 5741 καὶ
1119 5690 1197 5751 είς
1222 5690 1252 5741 δ
1274 5688 1575 5742 ἀναλύεται.

100 5770 320 5842 ’Δμοιὸὴν
349 5774 455 5845 γὰρ
483 5771 711 5839 εἶναιτὰ
740 5775 928 5840 πάντα,
951 5777 1134 5845 χρόνον
1160 5794 1217 5831 τε
1241 5776 1463 5847 ὡρίσθαι
1485 5777 1579 5845 τῆς

1686 4798 1904 4866 sophia,
1939 4806 2188 4863 tanquam
2234 4796 2287 4845 in
2313 4790 2564 4844 brevibus
2582 4792 2899 4858 quibusdam
2950 4788 3212 4845 ﬂuctuans

1684 4886 1992 4955 etagitata,
2026 4883 2168 4952 quod
2216 4882 2428 4935 tandem
2460 4883 2624 4935 robur
2668 4880 2985 4943 ostenderit,
3034 4883 3214 4936 vidca-

1686 4989 1827 5027 mus.
1855 4974 1930 5027 Ac
1958 4972 2204 5039 physicos
2235 4971 2383 5035 illos,
2423 4971 2500 5023 sic
2526 4972 2667 5023 enim
2716 4968 2841 5021 dicti
2896 4981 3054 5032 sunt,
3090 4983 3214 5027 ante

1684 5066 1818 5118 alios
1846 5076 2033 5116 omnes
2059 5062 2196 5115 hanc
2220 5062 2272 5113 in
2300 5076 2518 5114 arenam
2546 5058 2922 5127 producamus.
2971 5062 3071 5125 Qui
3094 5066 3211 5132 qui-

1682 5155 1801 5208 dem
1822 5193 1837 5216 ,
1859 5161 1918 5205 ut
1942 5150 2161 5205 Platone
2192 5154 2398 5220 priores
2417 5150 2665 5204 exstitere
2686 5188 2699 5210 ,
2731 5148 2801 5201 ita
2835 5166 2997 5217 quam
3029 5168 3209 5208 secum

1685 5241 1783 5310 ipsi
1819 5249 2005 5293 mutuo
2032 5240 2421 5307 pugnaverint,
2445 5252 2509 5291 ex
2554 5238 2739 5289 eodem
2784 5236 3007 5293 Platone
3038 5242 3211 5295 disce-

1686 5349 1806 5387 mus
1857 5352 1869 5385 :
1917 5333 2006 5400 qui
2060 5332 2392 5403 Protagorae,
2441 5329 2690 5385 Heracliti
2751 5342 2804 5386 et
2844 5331 3206 5402 Empedoclis,

1685 5439 1807 5477 cum
1835 5421 2148 5477 Parmenide
2170 5424 2393 5491 ejusque
2426 5422 2780 5475 sectatoribus
2810 5423 3206 5478 contentionem

1686 5514 1971 5581 redarguit.
1997 5514 2129 5567 Nam
2161 5513 2479 5581 Protagoras
2512 5512 2726 5580 quidem
2746 5551 2763 5575 ,
2804 5514 2849 5565 is
2876 5514 2966 5579 qui
3019 5509 3209 5567 Demo-

1683 5602 1803 5657 criti
1834 5602 2031 5656 sodalis
2074 5602 2205 5662 t‘uit,
2234 5602 2374 5653 athei
2426 5602 2674 5668 Opinione
2727 5600 3011 5663 laboravit;
3057 5602 3211 5668 cujus

1685 5690 1804 5751 hic,
1839 5690 1890 5741 in
1922 5705 2022 5744 suo
2045 5690 2121 5743 De
2152 5691 2252 5743 diis
2283 5705 2475 5757 opere,
2503 5691 2709 5758 primus
2735 5698 2819 5743 cst
2851 5690 2991 5743 illam
3022 5692 3073 5741 in
3102 5691 3212 5745 dis-

1685 5779 2014 5847 putationem
2044 5782 2315 5849 ingressus
2339 5801 2351 5839 :
2376 5798 2395 5833 ι
2419 5780 2572 5837 Diine
2596 5780 2735 5846 sint,
2768 5794 2836 5836 an
2867 5796 2991 5845 non,
3020 5783 3212 5849 inquit,
