4010 6342
77 448 210 505 1189

1136 439 1452 498 ΡηΑ-ΖΡΑΒ.
1495 439 1739 499 ενΑκο.
1782 443 1906 498 LIB.
1946 443 2081 499 XIV.

3095 440 3228 491 H90

53 569 376 637 ιρωτήματι,
430 565 517 622 καὶ
543 564 756 635 ἡσύχως
799 565 854 616 ἑν
886 564 1035 635 μιρει
1088 564 1480 635 ἀποκρίνασθαί
1523 582 1583 616 τε

1686 580 1807 619 cum
1842 565 2047 619 insanis
2075 578 2136 618 ac
2183 562 2402 616 furiosis
2446 561 2773 628 colloquare.
2818 557 3047 611 Prorsus
3083 558 3225 611 enim

53 662 139 713 καὶ
163 659 399 729 ἑρὲσθαι,
430 656 592 729 ἦττον
618 660 797 720 αὐτοῖς
816 658 891 709 ἔνι
922 657 955 727 ἢ
984 658 1044 709 eo
1076 658 1236 727 μηδέν
1257 675 1268 685 ι
1316 658 1511 725 μᾶλλον
1537 657 1592 710 δι

53 749 371 819 ὑπερϐάλλει
395 748 456 801 τὸ
485 749 593 801 οὐδ’
628 747 775 801 οὐδὲν
807 748 940 817 πρὸς
983 748 1043 800 τδ
1086 748 1217 816 μηδὲ
1263 746 1488 816 σμικρὸν
1516 746 1592 816 (3)

52 843 243 893 ινεῖναι
265 842 376 902 τοῖς
407 838 657 909 ἀνδράσιν
689 840 915 909 ἡσυχίας
939 854 954 868 °
986 838 1099 890 ἀλλ’
1137 837 1202 890 ἄν
1222 837 1342 889 τινά
1371 855 1422 889 τι
1456 836 1553 907 ἔρῃ
1573 876 1592 902 ,

50 930 231 1001 ὥσπερ
259 932 323 982 ἑτι
366 932 641 999 φαρέτρας
686 929 1014 998 ῥηματῐσκια
1076 925 1443 997 αἰνιγματώδη
1496 928 1591 978 ἁν-

53 1022 329 1083 αστιῶντες
359 1020 733 1082 ἀποτοξεύουσι
754 1038 768 1052 ο
798 1020 891 1072 καὶ
920 1020 985 1073 ἂν
1011 1017 1197 1071 τούτου
1234 1018 1397 1087 ζητῇς
1438 1016 1593 1084 λόγον

52 1112 247 1172 λαϐεῖν,
275 1111 329 1162 τι
375 1111 589 1179 εἴρηκεν
608 1151 622 1174 ,
667 1110 833 1179 ἑτέρῳ
865 1108 1107 1178 πεπλήξῃ
1139 1107 1333 1171 καινῶς
1364 1124 1591 1177 μετωνο-

56 1203 339 1270 μασμὲνῳο
377 1204 622 1271 περανεῖς
663 1200 717 1253 δὲ
750 1200 999 1254 οὐδέποτε
1037 1200 1186 1251 οὐδὲν
1232 1199 1364 1270 πρὸς
1403 1198 1592 1251 οὐδένα

53 1289 220 1341 αὐτῶν
238 1306 250 1317 ·
275 1289 393 1341 οὐδὲ
415 1305 477 1354 γε
508 1289 701 1341 ἐκεῖνοι
730 1288 879 1340 αὐτοὶ
913 1288 1045 1357 πρὸς
1072 1287 1345 1357 ἀλλήλους,
1387 1286 1498 1337 ἀλλ’
1529 1282 1590 1339 εὖ

53 1378 182 1429 πάνυ
213 1377 610 1445 φυλὰττουσιτὺ
636 1376 795 1446 μηδὲν
820 1375 1027 1444 βέϐαιον
1060 1376 1151 1444 sev
1182 1372 1335 1436 εἶναι,
1373 1374 1495 1441 μήτ’
1533 1374 1590 1424 ὲν

53 1465 205 1533 λόγῳ,
228 1464 352 1533 μήτ’
373 1467 430 1516 ὲν
451 1467 569 1527 ταῖς
597 1463 773 1516 αὐτῶν
796 1464 1011 1532 ψυχαῖς,
1038 1461 1343 1530 ἡγούμενοι,
1376 1460 1453 1522 ὡς
1472 1460 1591 1529 ἐμοὶ

46 1556 205 1617 δοκεῖ,
226 1554 359 1607 αὑτὸ
382 1556 636 1623 στάσιμον
656 1550 810 1607 εἶναι.
838 1554 1019 1623 Τούτῳ
1042 1555 1096 1607 δὲ
1116 1555 1255 1605 πάνυ
1278 1550 1586 1621 πολεμοῦσι,

52 1646 139 1698 καί
162 1644 282 1696 καθ’
317 1644 436 1695 ὅσον
470 1644 739 1707 δύνανται,
774 1642 1100 1713 πανταχόθεν
1125 1642 1488 1695 ἐκϐάλλουσιν.
1521 1668 1589 1677 —-

56 1730 285 1801 Ἶσως,ὧ
311 1736 569 1809 Θεόδωρε,
590 1738 712 1798 τοὺς
741 1736 934 1805 ἄνδρας
967 1736 1298 1805 μαχομένους
1324 1734 1586 1803 ἑώρακας.

52 1827 381 1896 εἰρηνεύουσι
427 1827 482 1877 δὲ
509 1827 569 1878 οὑ
611 1826 964 1894 συγγέγονας·
1017 1828 1076 1877 οὑ
1115 1825 1222 1895 γάρ
1270 1842 1348 1876 σοι
1388 1824 1586 1890 ἑταῖροί

53 1920 199 1969 εἰσιν.
245 1916 406 1978 Ἀλλ’,
438 1912 623 2000 οἶμαι,
673 1916 741 1968 τὰ
771 1915 985 1967 τοιαῦτα
1016 1918 1125 1975 τοῖς
1182 1914 1444 1983 μαθηταῖς
1496 1914 1585 1963 ἐπὶ
1620 1888 1658 1941 Β

56 2006 237 2075 σχολῆς
263 2004 576 2075 φράζουσιν,
607 2004 697 2066 οὓς
734 2004 799 2056 ἂν
829 2003 1116 2071 βούλωνται
1160 2004 1371 2071 ὁμοίους
1410 2004 1588 2063 αὐτοῖς

54 2096 281 2164 ποιῆσαι.
307 2126 375 2135 -
410 2095 585 2156 Union;
621 2094 905 2163 μαθηταῖς,
940 2087 984 2144 ὧ
1011 2093 1279 2161 δαιμόνιε;
1324 2093 1453 2143 Οὐδὲ
1500 2093 1585 2156 γί-

53 2204 224 2251 γνεται
282 2186 387 2238 τῶν
429 2186 677 2238 τοιούτων
712 2185 893 2253 ἕτερος
923 2185 1104 2251 ἑτέρου
1142 2181 1381 2251 μαθητὴς
1405 2220 1418 2243 ,
1472 2180 1585 2232 ἀλλ’

56 2270 695 2348 αύτόματοίᾶναφύονται,
724 2276 912 2327 ὁπόθεν
945 2274 1007 2325 ἂν
1038 2273 1192 2343 τύχῃ,
1240 2273 1460 2332 ἕκαστος
1494 2271 1587 2322 αὺ-

54 2372 150 2437 τῷν
179 2370 547 2430 ὲνθουσιᾶσας,
572 2369 663 2419 καὶ
689 2368 776 2419 τὸν
802 2367 981 2436 ἕτερον
1010 2368 1036 2417 ὁ
1061 2366 1143 2416 ’ἐτε
1152 2382 1238 2433 ρος
1261 2364 1407 2415 οὐδὲν
1443 2364 1586 2430 ἡγεῖ-

56 2474 132 2513 ται
163 2460 375 2513 ειδέναι.
423 2458 577 2529 Παρὰ
606 2457 701 2528 μὲν
750 2452 839 2509 οὖν
876 2454 1094 2515 τούτων,
1127 2456 1260 2524 ὅπερ
1306 2449 1376 2525 ᾖα
1426 2451 1582 2522 ἐρῶν,

54 2551 233 2613 οὐκᾶν
270 2566 397 2601 ποτε
423 2548 604 2609 λάϐοις
637 2545 945 2613 λόγον,οὖτε
990 2544 1241 2605 ἑκόντων,
1270 2543 1389 2594 οὔτε
1426 2542 1582 2593 ἀκόν-

56 2612 181 2691 των”
211 2638 403 2700 αὐτοὺς
432 2637 486 2688 δὲ
512 2638 591 2689 δεῖ
621 2612 1023 2706 παραλαωντας
1071 2634 1256 2703 ὥσπερ
1300 2631 1583 2700 πρόϐλημα

58 2728 469 2781 ἐπισκοπεῖσθαι.
501 2755 570 2764 -
601 2728 708 2778 Καὶ
741 2726 969 2794 μετρίως
998 2740 1058 2790 γε
1094 2724 1286 2788 λέγεις.
1320 2721 1392 2772 Τὸ
1434 2720 1489 2771 δὲ
1519 2720 1583 2789 δὴ

58 2819 329 2889 πρόὸλημα
376 2818 502 2870 ἄλλο
526 2833 576 2867 τι
626 2815 1061 2885 παρειλήφαμεν,
1096 2813 1126 2881 ἢ
1159 2810 1302 2880 παρὰ
1338 2812 1431 2880 μὲν
1459 2810 1582 2900 ιτῶν

57 2912 280 2977 ἀρχαίων
305 2910 440 2978 μετὰ
471 2908 732 2976 ποιήσεως
764 2904 1235 2972 ὲπικρυπτομένων
1279 2903 1403 2963 τοὺς
1453 2900 1581 2951 πολ-

58 2997 184 3059 λοὺς,
214 2997 287 3059 ὡς
326 2996 594 3065 ἠγένεσις
641 2994 745 3045 τῶν
779 2994 1019 3053 πάντων,
1085 2989 1329 3063 Ὠκεανός
1381 3006 1438 3041 τε
1492 2989 1581 3040 καὶ

60 3087 239 3155 Τηθὺς,
273 3087 444 3157 ῥεῦμα
466 3086 737 3154 τυγχάνει,
772 3086 863 3137 καὶ
892 3083 1039 3135 οὐδὲν
1074 3082 1300 3150 ἕστηκε·
1340 3069 1487 3150 πάρά
1523 3079 1579 3132 δὲ

58 3180 151 3231 τῶν
175 3181 431 3249 ὑστέρων,
464 3180 555 3232 ᾰτε
582 3178 916 3247 σοφωτέρων,
951 3174 1247 3242 ἀναφανδὸν
1277 3172 1578 3224 ἀποδεικνυ-
1604 3203 1647 3259 c

62 3268 239 3334 μένων,
268 3267 352 3317 ἵνα
388 3268 479 3318 καὶ
508 3268 555 3317 οἱ
579 3266 890 3332 σκυτοτόμοι
920 3261 1094 3314 αὐτῶν
1119 3261 1215 3329 τὴν
1258 3259 1443 3327 σοφίαν
1479 3259 1579 3327 μά·-

61 3355 205 3408 θωσιν
241 3354 593 3418 ἀκούσαντες,
634 3354 725 3405 καὶ
759 3352 1065 3403 παύσωνται
1095 3349 1308 3417 ἠλιθίως
1349 3348 1577 3417 οἰόμενοι

58 3445 118 3494 τὰ
150 3444 241 3511 μὲν
276 3444 513 3504 ἑστάναι,
537 3447 603 3494 τὰ
624 3442 678 3494 δὲ
707 3440 961 3493 κινεῖσθαι
1002 3439 1107 3490 τῶν
1142 3438 1335 3490 όντωνο
1383 3437 1579 3506 μαθόν-

58 3549 136 3594 τες
159 3533 231 3597 δὲ,
257 3535 336 3585 ὅτι
362 3533 534 3585 πάντα
563 3535 806 3595 κινεῖται,
838 3530 1063 3600 τιμῶσιν
1100 3527 1328 3591 αὐτούς
1372 3528 1577 3594 Ὀλίγου

59 3618 106 3672 δὲ
129 3621 456 3692 ἐπελαθόμην
479 3661 493 3683 ,
541 3615 586 3672 ὦ
621 3621 874 3690 Θεόδωρε,
907 3620 984 3671 ὅτι
1030 3617 1173 3671 ἄλλοι
1221 3612 1286 3670 αὖ
1333 3618 1579 3669 τάναντία

60 3709 241 3772 τούτοις
262 3712 618 3779 ἀπεφήναντο.

1694 654 1802 717 illi,
1825 668 1891 707 eo
1915 669 2072 723 quem
2099 654 2214 729 suis
2246 654 2297 706 in
2338 652 2553 720 scriptis
2588 660 2865 719 tantopere
2905 648 3225 711 ostendunt,

1692 743 1893 811 impetu
1931 744 2232 811 rapiuntur.
2283 740 2389 796 Nec
2421 742 2563 795 aliud
2593 742 2884 809 quidquam
2923 748 3040 805 est,
3080 738 3226 808 quod

1690 844 1876 897 parum
1912 830 2045 882 adeo
2073 830 2311 897 possint,
2346 843 2509 897 quam
2547 829 2662 880 suis
2699 827 2754 878 in
2800 824 3141 882 sermonibus
3173 830 3229 877 et

1691 919 2075 988 qmestionihus
2126 919 2389 973 sustinere
2430 918 2677 973 nonnihil
2728 932 2885 981 sese,
2932 932 2997 972 ac
3042 922 3228 985 pacate

1690 1012 1851 1063 modo
1880 1012 2241 1080 interrogare,
2278 1010 2438 1063 modo
2462 1008 2787 1078 respondere
2816 1008 3052 1063 vicissim
3079 1026 3091 1061 :
3119 1007 3229 1061 illo

1689 1098 1769 1150 vel
1803 1098 1978 1151 istlntc
2009 1098 2216 1166 ipsum,
2250 1098 2392 1166 quod
2435 1098 2699 1157 dicimus.
2733 1095 2879 1149 aliud
2934 1096 3227 1164 quidquam

1689 1203 1809 1241 esse
1839 1189 2007 1249 nihil,
2050 1189 2271 1240 nimium
2304 1189 2556 1258 quiddam
2588 1198 2710 1257 est,
2748 1203 2907 1257 quam
2952 1196 3012 1241 ut
3054 1189 3230 1248 satis,

1691 1293 1757 1330 ne
1778 1278 2038 1331 tantillum
2061 1278 2273 1345 quidem
2301 1294 2466 1346 genus
2521 1278 2621 1331 hoc
2672 1279 2947 1331 hominum
2985 1276 3227 1330 modera-

1691 1370 1853 1422 tionis
1886 1370 2078 1422 habere
2128 1369 2409 1437 significet.
2444 1367 2727 1421 Enimvero
2755 1368 2801 1421 si
2846 1367 2973 1436 quid
3023 1382 3091 1419 ex
3149 1366 3215 1418 iis

1689 1471 1926 1524 quaaras,
1963 1457 2103 1510 illico
2128 1467 2379 1525 tauquam
2402 1473 2466 1511 ex
2510 1457 2756 1525 pharetra
2779 1494 2796 1518 ,
2829 1457 3050 1511 voculas
3075 1457 3227 1527 jacu-

1690 1548 1787 1600 lari
1818 1549 2160 1615 aenigmatum
2194 1547 2610 1615 persimileszac
2642 1548 2689 1601 si
2720 1548 2802 1601 vel
2850 1547 3011 1601 unius
3064 1547 3227 1601 ratio-

1690 1652 1808 1690 nem
1838 1637 2055 1705 exigas,
2088 1653 2206 1705 quae
2226 1636 2353 1689 dicti
2379 1640 2483 1691 vim
2518 1652 2581 1691 ac
2609 1652 2826 1692 sensum
2854 1638 3079 1706 aperiat,
3122 1637 3227 1693 alia

1691 1735 1740 1779 te
1774 1743 1960 1781 rursus
1994 1736 2202 1795 petere,
2224 1741 2383 1793 quam
2421 1741 2619 1778 novum
2657 1726 2855 1795 pariter
2888 1726 3229 1796 metonymia

1691 1832 1857 1885 genus
1890 1818 2155 1871 obscuret.
2191 1816 2265 1870 Ita
2307 1818 2437 1869 nihil
2461 1832 2694 1885 unquam
2718 1826 2810 1869 aut
2842 1826 2952 1870 tute
2978 1818 3118 1886 apud
3143 1818 3225 1871 is-

1687 1919 1771 1962 tos
1815 1908 2019 1963 efﬁcias
2047 1948 2062 1971 ,
2123 1918 2214 1961 aut
2270 1909 2486 1975 ipsimet
2520 1908 2656 1961 inter
2711 1922 2769 1961 se
2804 1926 2817 1960 :
2853 1908 3117 1977 siquidem
3172 1909 3225 1963 id

1686 1999 1829 2052 omni
1857 2009 2045 2052 cavent
2076 1999 2252 2052 studio
2277 2038 2293 2060 ,
2324 1998 2544 2051 nellrmi
2574 1998 2866 2065 quidquam
2913 1999 2994 2051 vel
3032 2000 3085 2050 in
3113 1998 3225 2052 dis-

1685 2090 1993 2155 putatione,
2028 2089 2109 2141 vel
2136 2089 2248 2142 suis
2278 2089 2513 2155 ipsorum
2570 2088 2622 2138 in
2662 2088 2966 2147 mentibus,
3022 2087 3224 2140 haerere

1684 2179 1989 2244 patiantur;
2034 2178 2166 2241 rati,
2198 2178 2390 2246 opinor
2417 2218 2433 2241 ,
2466 2177 2567 2229 hoc
2600 2178 2771 2244 ipsum
2808 2192 2927 2231 esse
2957 2176 3224 2233 ﬁrmitatis

1684 2277 1842 2335 atque
1876 2268 2208 2321 constantia.
2237 2267 2414 2331 Quare
2444 2268 2571 2319 illud
2623 2268 2843 2320 assiduo
2896 2281 3223 2334 persequun-

1684 2368 1771 2411 tur
1795 2359 1963 2420 bello,
2015 2369 2064 2412 et
2098 2358 2332 2426 undique
2369 2357 2529 2427 724
2572 2367 2829 2424 quantum
2864 2356 2915 2408 in
2953 2356 3082 2424 ipsis
3104 2365 3220 2418 est,

1682 2446 2235 2504 exterminant.——Tu
2266 2462 2392 2501 vero
2422 2447 2667 2509 fortasse,
2696 2447 2767 2498 mi
2791 2444 3087 2508 Theodore,
3125 2447 3220 2498 ho-

1684 2537 1855 2590 mines
1884 2546 2088 2590 tantum
2119 2536 2294 2589 vidisti
2328 2536 2453 2589 dum
2482 2545 2811 2602 pugnarent,
2845 2534 2971 2586 dum
2998 2534 3051 2587 iu
3092 2550 3221 2602 pace

1681 2626 1911 2692 degunt,
1942 2625 2241 2679 convenisti
2266 2641 2561 2693 nunquam.
2593 2622 2699 2677 Nec
2724 2625 2954 2690 mirum,
2986 2624 3217 2677 familia-

1680 2730 1767 2769 res
1789 2715 1984 2784 quippe
2007 2715 2101 2768 tibi
2126 2730 2231 2768 non
2264 2723 2408 2768 sunt.
2439 2716 2506 2767 At
2536 2715 2647 2768 suis
2675 2754 2688 2777 ,
2716 2715 2905 2782 Opinor
2930 2755 2945 2778 ,
2986 2714 3220 2782 discipu-

1680 2806 1779 2870 lis,
1814 2807 1915 2859 ista
1941 2807 2208 2874 explicant
2233 2808 2439 2869 otiose,
2472 2822 2609 2876 quos
2656 2806 2738 2859 sui
2777 2806 2979 2859 similes
3013 2805 3219 2859 edicere

1679 2897 1861 2950 velint.
1896 2929 1959 2938 —
1988 2897 2133 2963 Quos
2157 2907 2212 2951 tu
2246 2898 2374 2950 mihi
2408 2897 2701 2964 discipulos
2719 2934 2734 2960 ,
2760 2896 2842 2947 vir
2863 2895 3075 2963 egregie
3099 2891 3217 2949 2N0

1679 2986 1768 3039 alii
1797 2988 2010 3057 quidem
2043 2988 2268 3041 aliorum
2308 2987 2552 3054 discipuli
2588 2986 2671 3038 isti
2700 2994 2860 3048 sunt,
2905 2987 2993 3037 sed
3034 2987 3217 3038 oriun-

1680 3086 1765 3129 tur
1789 3078 2156 3144 exsistuntque
2186 3092 2278 3144 per
2306 3090 2423 3128 sese
2448 3115 2463 3137 ,
2498 3075 2851 3143 undecunque
2873 3076 3082 3129 tandem
3134 3074 3216 3127 fu-

1680 3182 1800 3235 rpre
1822 3168 2067 3221 concitati
2101 3176 2482 3235 prorumpant,
2533 3181 2631 3219 nec
2677 3167 2874 3219 sentire
2922 3166 3211 3235 quidquam

1682 3258 1816 3311 alter
1846 3258 2067 3311 alterum
2092 3258 2379 3310 existimat.
2406 3256 2538 3310 Cum
2575 3258 2731 3326 igitur
2758 3258 2825 3311 ah
2856 3257 2949 3320 iis,
3003 3268 3061 3310 ut
3094 3267 3217 3309 ante

1680 3346 1823 3409 dixi,
1861 3360 1957 3399 nec
1991 3347 2287 3399 volentibus
2310 3388 2324 3410 ,
2355 3363 2451 3401 nec
2503 3347 2687 3400 invitis
2725 3347 2984 3399 rationem
3044 3345 3216 3410 expri-

1679 3452 1823 3490 mere
1856 3438 2054 3490 nullam
2078 3452 2377 3506 possmins,
2417 3448 2617 3502 restat,
2660 3439 2796 3490 hanc
2836 3446 2895 3490 ut
2937 3452 3047 3489 rem
3087 3438 3213 3504 ipsi-

1681 3536 1785 3580 met
1815 3528 1865 3579 in
1895 3544 2084 3580 manus
2118 3544 2392 3581 sumamus
2420 3568 2432 3590 ,
2466 3539 2517 3582 et
2542 3529 2697 3595 quasi
2732 3528 3003 3596 problema
3048 3528 3211 3594 quod.
3272 3598 3279 3601 _

1678 3615 1798 3667 dam
1825 3616 2101 3685 diligenter
2130 3620 2487 3670 excutiamus.
2540 3646 2607 3655 —
2653 3616 2857 3670 Modice
2905 3626 2960 3668 tu
2993 3617 3207 3684 quidem

1681 3721 1743 3758 ac
1768 3707 2011 3759 civiliter.
2048 3707 2149 3759 Sed
2184 3708 2324 3774 quod
2355 3708 2564 3759 tandem
2597 3708 2737 3759 aliud
2765 3707 3067 3775 accepimus
3091 3723 3210 3772 pro-

61 3797 211 3851 blem:
237 3840 252 3864 ,
281 3815 439 3868 quam
468 3815 589 3853 cum
633 3800 700 3852 ab
745 3800 1138 3869 antiquioribus
1190 3797 1314 3858 illis.
1356 3798 1447 3867 qui
1500 3797 1719 3866 poeticis
1787 3796 2077 3850 involucris
2133 3797 2406 3848 hominum
2444 3798 2633 3860 vulgus
2688 3799 2855 3851 latere
2895 3799 3221 3867 voluerunt,_

60 3883 310 3942 Oceanum
368 3904 431 3944 ac
498 3888 703 3981 Tethyn
760 3904 938 3943 rerum
1001 3890 1237 3943 omnium
1278 3888 1451 3942 fontes
1506 3903 1567 3940 ac
1610 3894 1884 3955 parentes,
1924 3885 1973 3939 in
2019 3897 2268 3955 perpetua
2307 3887 2553 3967 iluxione
2604 3890 2837 3953 versari,
2885 3890 3209 3959 proindequc

59 3976 180 4029 nihil
204 3978 501 4034 consistere
546 3998 562 4033 :
606 3976 718 4032 tum
757 3979 919 4033 etiam
966 3995 996 4033 a
1027 3978 1448 4041 recentioribus,
1480 3976 1569 4029 sed
1607 3978 1697 4044 qui
1728 3985 1979 4043 tanquam
2043 3978 2392 4044 sapientiores
2444 3980 2689 4046 aperiunt
2751 3995 2905 4044 sese,
2950 3981 3209 4033 indicant-

59 4079 149 4134 que
167 4069 334 4135 palam
356 4109 373 4134 ,
406 4079 464 4122 ut
488 4069 586 4138 ipsi
616 4083 833 4139 quoque
860 4068 1119 4123 cerdones
1150 4081 1334 4121 eorum
1390 4067 1705 4134 sapientiam
1742 4066 1825 4119 vel
1906 4067 2170 4120 audiendo
2204 4070 2528 4136 intelligant,
2591 4070 2943 4138 desinantque
2992 4072 3203 4122 tandem

60 4158 352 4227 simpliciter
403 4161 564 4214 nimis
621 4176 683 4215 ac
734 4160 1003 4228 pueriliter
1041 4158 1282 4227 opinari,
1332 4174 1363 4211 ο
1408 4159 1566 4212 rebus
1605 4168 1747 4212 stare
1780 4160 1949 4224 alias,
1982 4160 2116 4214 alias
2173 4164 2412 4227 moveri;
2448 4173 2609 4231 atque
2665 4164 2809 4231 ipsos
2846 4165 2976 4217 adeo
3036 4168 3205 4233 magis

60 4253 352 4318 observent,
407 4238 531 4307 cum
578 4269 644 4306 ex
706 4255 771 4307 iis
824 4262 1014 4319 cuneta
1067 4252 1267 4305 moveri
1316 4252 1631 4305 didicerint?
1694 4255 1760 4305 At
1809 4255 2001 4307 excidit
2060 4255 2187 4307 mihi
2237 4256 2651 4323 propemodum,
2711 4254 3025 4318 Theodore,
3071 4259 3204 4313 alios

59 4346 200 4397 etiam
226 4347 490 4400 contraria
541 4347 656 4400 istis
704 4346 883 4398 omnia
930 4344 1200 4399 statuisse.
1255 4344 1564 4413 Cujusmodi
1603 4355 1684 4399 est
1717 4346 1875 4412 illud,

114 4452 237 4509 οἷον
277 4457 555 4522 ὰκίνητον
595 4456 813 4510 τελέθει
843 4456 922 4521 τῷ
958 4455 1127 4509 πάντ’
1149 4456 1306 4524 ὄνομ’
1328 4452 1497 4517 εἶναι,

60 4564 149 4617 Καὶ
174 4566 299 4619 ἄλλα
335 4568 432 4619 ὅσα
462 4565 713 4620 Μέλισσοί
743 4584 801 4619 τε
832 4569 922 4619 καὶ
950 4566 1273 4639 Παρμενίδαι
1305 4566 1570 4619 ἐναντιού-

63 4670 191 4724 μενοι
218 4660 347 4711 πᾶσι
398 4657 604 4719 τούτοις
629 4657 1056 4729 διισχυριζονται,
1086 4659 1161 4722 ὡς
1207 4658 1263 4711 ἓν
1311 4673 1370 4709 τε
1400 4659 1570 4717 πάντα

59 4742 175 4809 lavi,
208 4749 295 4802 καὶ
316 4748 542 4818 ἔστηκεν
569 4747 697 4801 αὐτὸ
715 4750 772 4801 ἐν
802 4747 993 4818 ἑαυτῷ,
1020 4750 1116 4800 οὐκ
1146 4748 1263 4817 ἔχον
1309 4746 1487 4817 χώραν
1513 4750 1568 4801 ὲν

61 4823 341 4904 ᾗκινεῐται.
400 4837 615 4900 Τούτοις
658 4834 766 4900 οὖν,
816 4832 1101 4907 ὧῒταῖρε,
1130 4841 1259 4890 πᾶσι
1282 4838 1336 4890 τι
1370 4840 1567 4908 χρησό-

63 4922 205 4989 ptes;
232 4925 383 4979 Κατὰ
411 4927 637 4996 σμικρὸν
660 4927 766 4993 γὰρ
796 4926 1086 4997 προϊόντες,
1126 4925 1422 4995 λελήθαμεν
1466 4926 1567 4993 ἁμ-

61 5011 269 5079 φοτέρων
298 5018 376 5078 εἰς
400 5016 460 5068 τὺ
484 5015 644 5085 μέσον
674 5017 1028 5077 πεπτωκότες.
1056 5016 1164 5068 Καὶ
1189 5015 1280 5067 ἐὰν
1302 5017 1373 5087 μή
1402 5033 1473 5084 πη
1492 5016 1564 5086 (4)

62 5099 352 5172 ἀμυνόμενοι
385 5104 744 5175 διαφύγωμεν,
768 5105 916 5175 δίκην
942 5106 1194 5174 δώσομεν,
1221 5104 1401 5173 ὥσπερ
1431 5108 1475 5153 οἱ
1511 5108 1564 5156 ὲν

60 5194 159 5253 ταῖς
190 5193 537 5264 παλαίστραις
559 5196 645 5249 διὰ
668 5198 923 5267 γραμμῆς
967 5195 1240 5259 παίζοντες
1266 5235 1278 5257 ,
1309 5197 1429 5247 ὅταν
1476 5198 1563 5245 ὑπ’

62 5282 347 5353 ἀμφοτέρων
364 5283 652 5351 ληφθέντες
675 5286 931 5338 ἓλκωνται
954 5289 1029 5347 εἰς
1053 5286 1315 5337 τάναντία.
1345 5303 1361 5332 ι
1386 5285 1561 5335 Ταῦτα

66 5369 146 5435 μὲν
172 5373 225 5423 ιν
256 5372 555 5439 Θεαιτήτῳ.
592 5374 838 5437 Μεταϐὰς
861 5376 979 5442 ἑξῆς
1004 5376 1093 5425 ἐπὶ
1128 5376 1215 5427 τὸν
1244 5374 1558 5441 Σοφιστὴν,

1676 4457 1854 4510 Totius
1893 4474 2064 4512 rerum
2113 4475 2172 4509 ac
2229 4475 2493 4534 proprium
2531 4470 2639 4524 est,
2687 4461 2948 4513 immobile
2997 4477 3196 4516 nomen.

1670 4568 1843 4638 Atque
1884 4570 1983 4623 alia
2036 4572 2087 4623 id
2138 4587 2325 4638 genus,
2373 4588 2490 4641 quae
2534 4571 2729 4627 Melissa
2776 4586 2838 4626 ac
2872 4569 3199 4626 Parmenida

1668 4657 1921 4711 adversus
1973 4658 2092 4712 illos
2146 4675 2331 4714 omnes
2380 4675 2589 4714 summa
2637 4661 2972 4714 contentione
3014 4656 3198 4715 defen-

1666 4746 1835 4800 dunt:
1878 4758 2068 4801 cuncta
2103 4749 2353 4801 nimirum
2384 4764 2544 4801 unum
2577 4763 2717 4810 esse,
2748 4748 2887 4816 quod
2920 4746 2973 4800 in
3001 4755 3195 4799 semet-

1667 4836 1783 4904 ipso
1823 4839 2115 4893 consistat:
2184 4854 2281 4891 nec
2332 4839 2505 4892 locqu
2550 4839 2740 4892 habeat
2786 4826 3040 4890 ullumiu
3087 4851 3196 4906 quo

1667 4935 1959 4981 moveatur.
1997 4925 2089 4979 llis
2123 4928 2371 4980 omnibus
2415 4929 2592 4998 igitur,
2626 4929 2696 4980 mi
2733 4924 3032 4989 Theodore,
3065 4929 3191 4997 quid

1666 5013 1964 5069 faciamus?
2004 5014 2211 5070 Sensim
2267 5020 2407 5070 enim
2450 5018 2678 5087 provecti
2715 5017 2970 5079 ulterius,
3019 5020 3071 5072 in
3116 5020 3193 5072 fa-

1666 5106 1855 5158 ctionis
1886 5105 2159 5174 utriusque
2201 5110 2428 5161 medium
2483 5108 2839 5176 imprudentes
2880 5109 3184 5163 incidimus.

1664 5192 1725 5245 Et
1759 5195 1809 5246 ni
1847 5209 2053 5261 quaqua
2109 5208 2505 5265 pe:l‘t'tltllpcnlt‘s
2537 5196 2906 5265 effugerimus,
2945 5197 3189 5250 dabimus

1666 5285 1896 5351 piofecto
1950 5292 2262 5338 temeritatis
2328 5298 2516 5338 nostra:
2574 5302 2790 5354 pmnas,
2842 5296 2899 5339 ιιι
2941 5287 3043 5338 lilis
3085 5298 3183 5335 usu

1665 5376 1821 5435 venit,
1860 5376 1946 5437 qui
1992 5377 2309 5443 description
2376 5378 2434 5427 ed
2483 5378 2675 5428 limam
2716 5378 2769 5429 in
2817 5376 3053 5447 palcstra
3103 5372 3185 5425 lu-

62 5453 191 5525 αὖθις
219 5465 338 5534 περὶ
362 5464 467 5515 τῶν
496 5463 600 5533 πρὸ
630 5464 785 5516 αὑτοῦ
806 5465 1101 5534 γενομένων
1134 5464 1368 5531 φυσικῶν
1421 5465 1560 5530 φιλο-

1680 5463 1811 5525 lunt,
1848 5479 1966 5514 cum
2003 5467 2065 5517 ab
2099 5480 2313 5530 uti-nque
2352 5474 2496 5531 μΉὶτλ
2547 5466 2817 5533 intercepti
2863 5464 2986 5516 hinc
3026 5469 3185 5530 atque

63 5549 214 5617 σάφυν
237 5554 405 5610 τοιάδε
435 5553 615 5623 φησιν’
658 5573 676 5605 ι
698 5554 938 5614 Εύκόλως
969 5572 1057 5621 μοι
1086 5555 1159 5621 (5)
1186 5554 1327 5605 δοκεῖ
1350 5553 1560 5619 Παρμε-

1680 5554 1783 5602 iinc
1826 5552 2065 5604 distracti
2110 5556 2405 5619 rapEUniur.
2457 5574 2473 5602 ›
2514 5554 2777 5609 iiactenus
2809 5553 2865 5606 in
2909 5550 3181 5605 Thoanta.

65 5704 192 5827 "si:
220 5707 378 5774 Μηδὲ
418 5722 683 5776 meum.
734 5704 910 5761 lsthuc
944 5704 1070 5774 μηδέ
1136 5705 1454 5758 inseruimus
1492 5718 1561 5755 ex

194 5789 270 5827 ne.

1728 5703 1915 5768 (4)317}
1945 5717 2045 5767 πη.
2074 5701 2144 5754 Ita
2180 5703 2455 5765 legendum
2486 5720 2545 5756 ex
2574 5702 2809 5765 Platone,
2830 5717 2933 5754 non
2962 5700 3055 5767 μέι
3084 5716 3179 5768 πη.

1729 5772 1803 5837 (5)
1846 5769 2116 5833 Εὑκόλως
2138 5788 2255 5836 μοι.
2289 5772 2425 5825 Idem
2456 5776 2503 5823 in
2537 5772 2804 5837 Sophiste,
2841 5779 2957 5838 pag.
2996 5770 3090 5823 158
3114 5769 3177 5821 G.
