  <div class='ocr_page' id='page_1' title='image "/cluster/home/n/w/nwhite01/storage/ocr_20150623/21/pst.000004029076/603.png"; bbox 0 0 4010 6342; ppageno 0'>
   <div class='ocr_carea' id='block_1_1' title="bbox 780 422 908 476">
    <p class='ocr_par' dir='ltr' id='par_1_1' title="bbox 780 422 908 476">
     <span class='ocr_line' id='line_1_1' title="bbox 780 422 908 476; baseline 0.023 -3"><span class='ocrx_word' id='word_1_1' title='bbox 780 422 908 476; x_wconf 88' lang='grc'>1191</span> 
     </span>
    </p>
   </div>
   <div class='ocr_carea' id='block_1_2' title="bbox 1398 409 3307 477">
    <p class='ocr_par' dir='ltr' id='par_1_2' title="bbox 1398 409 3307 477">
     <span class='ocr_line' id='line_1_2' title="bbox 1398 409 3307 477; baseline -0.005 -4"><span class='ocrx_word' id='word_1_2' title='bbox 1398 420 1660 476; x_wconf 80' lang='lat' dir='ltr'><strong>EUSEBII</strong></span> <span class='ocrx_word' id='word_1_3' title='bbox 1701 414 2167 475; x_wconf 63' lang='lat' dir='ltr'><strong>CIESARIENSIS</strong></span> <span class='ocrx_word' id='word_1_4' title='bbox 2215 418 2363 473; x_wconf 86' lang='lat' dir='ltr'><strong>OPP.</strong></span> <span class='ocrx_word' id='word_1_5' title='bbox 2405 414 2582 477; x_wconf 69' lang='lat' dir='ltr'><strong>PARS</strong></span> <span class='ocrx_word' id='word_1_6' title='bbox 2620 414 2682 469; x_wconf 82' lang='lat' dir='ltr'><strong>ll.</strong></span> <span class='ocrx_word' id='word_1_7' title='bbox 2720 444 2789 457; x_wconf 92' lang='grc'><strong><em>--</em></strong></span> <span class='ocrx_word' id='word_1_8' title='bbox 2827 409 3307 468; x_wconf 67' lang='lat' dir='ltr'><strong>APOLOGETICA.</strong></span> 
     </span>
    </p>
   </div>
   <div class='ocr_carea' id='block_1_3' title="bbox 3814 410 3915 463">
    <p class='ocr_par' dir='ltr' id='par_1_3' title="bbox 3814 410 3915 463">
     <span class='ocr_line' id='line_1_3' title="bbox 3814 410 3915 463; baseline -0.02 0"><span class='ocrx_word' id='word_1_9' title='bbox 3814 410 3915 463; x_wconf 59' lang='grc' dir='ltr'>Ηυξ</span> 
     </span>
    </p>
   </div>
   <div class='ocr_carea' id='block_1_4' title="bbox 774 524 2299 607">
    <p class='ocr_par' dir='ltr' id='par_1_4' title="bbox 774 534 2299 607">
     <span class='ocr_line' id='line_1_4' title="bbox 774 534 2299 607; baseline 0.001 -17"><span class='ocrx_word' id='word_1_10' title='bbox 774 536 889 590; x_wconf 78' lang='lat' dir='ltr'><strong>Jam</strong></span> <span class='ocrx_word' id='word_1_11' title='bbox 935 536 985 587; x_wconf 89' lang='lat' dir='ltr'><strong>in</strong></span> <span class='ocrx_word' id='word_1_12' title='bbox 1021 534 1255 603; x_wconf 80' lang='lat' dir='ltr'><strong>Sophista</strong></span> <span class='ocrx_word' id='word_1_13' title='bbox 1300 536 1372 590; x_wconf 80' lang='lat' dir='ltr'><strong>&#39;de</strong></span> <span class='ocrx_word' id='word_1_14' title='bbox 1416 537 1610 590; x_wconf 84' lang='lat' dir='ltr'><strong>iisdem</strong></span> <span class='ocrx_word' id='word_1_15' title='bbox 1646 538 1916 607; x_wconf 86' lang='lat' dir='ltr'><strong>physicis,</strong></span> <span class='ocrx_word' id='word_1_16' title='bbox 1952 538 2044 606; x_wconf 91' lang='lat' dir='ltr'><strong>qui</strong></span> <span class='ocrx_word' id='word_1_17' title='bbox 2081 548 2203 590; x_wconf 98' lang='lat' dir='ltr'><strong>ante</strong></span> <span class='ocrx_word' id='word_1_18' title='bbox 2250 553 2299 591; x_wconf 84' lang='lat' dir='ltr'><strong>se</strong></span> 
     </span>
    </p>
   </div>
   <div class='ocr_carea' id='block_1_5' title="bbox 2398 524 3915 607">
    <p class='ocr_par' dir='ltr' id='par_1_5' title="bbox 2408 524 3915 605">
     <span class='ocr_line' id='line_1_5' title="bbox 2408 524 3915 605; baseline -0.007 -17"><span class='ocrx_word' id='word_1_19' title='bbox 2408 537 2551 605; x_wconf 85' lang='grc' dir='ltr'>νίδης</span> <span class='ocrx_word' id='word_1_20' title='bbox 2581 537 2707 603; x_wconf 77' lang='grc' dir='ltr'>ἡμῖν</span> <span class='ocrx_word' id='word_1_21' title='bbox 2744 532 3061 599; x_wconf 73' lang='grc' dir='ltr'>διειλέχθαι,</span> <span class='ocrx_word' id='word_1_22' title='bbox 3091 530 3180 581; x_wconf 77' lang='grc' dir='ltr'><strong>καὶ</strong></span> <span class='ocrx_word' id='word_1_23' title='bbox 3229 531 3333 590; x_wconf 70' lang='grc' dir='ltr'>πᾶς</span> <span class='ocrx_word' id='word_1_24' title='bbox 3375 529 3518 588; x_wconf 82' lang='grc' dir='ltr'>ὅστις</span> <span class='ocrx_word' id='word_1_25' title='bbox 3572 525 3700 594; x_wconf 73' lang='grc' dir='ltr'>ἡμῖν</span> <span class='ocrx_word' id='word_1_26' title='bbox 3735 524 3915 577; x_wconf 68' lang='grc' dir='ltr'>πώποτε</span> 
     </span>
    </p>
   </div>
   <div class='ocr_carea' id='block_1_6' title="bbox 773 617 2299 696">
    <p class='ocr_par' dir='ltr' id='par_1_6' title="bbox 773 626 2299 696">
     <span class='ocr_line' id='line_1_6' title="bbox 773 626 2299 696; baseline 0.001 -18"><span class='ocrx_word' id='word_1_27' title='bbox 773 626 1095 691; x_wconf 71' lang='lat' dir='ltr'><strong>docuerant,</strong></span> <span class='ocrx_word' id='word_1_28' title='bbox 1147 642 1285 679; x_wconf 84' lang='lat' dir='ltr'><strong>nunc</strong></span> <span class='ocrx_word' id='word_1_29' title='bbox 1341 626 1394 678; x_wconf 91' lang='lat' dir='ltr'><strong>in</strong></span> <span class='ocrx_word' id='word_1_30' title='bbox 1443 628 1662 681; x_wconf 88' lang='lat' dir='ltr'><strong>modum</strong></span> <span class='ocrx_word' id='word_1_31' title='bbox 1710 628 1985 696; x_wconf 92' lang='lat' dir='ltr'><strong>loquitur:</strong></span> <span class='ocrx_word' id='word_1_32' title='bbox 2039 647 2057 678; x_wconf 74' lang='grc' dir='ltr'>ι</span> <span class='ocrx_word' id='word_1_33' title='bbox 2098 626 2299 680; x_wconf 90' lang='lat' dir='ltr'><strong>Leviter</strong></span> 
     </span>
    </p>
   </div>
   <div class='ocr_carea' id='block_1_7' title="bbox 2398 617 3913 696">
    <p class='ocr_par' dir='ltr' id='par_1_7' title="bbox 2404 617 3913 694">
     <span class='ocr_line' id='line_1_7' title="bbox 2404 617 3913 694; baseline -0.009 -16"><span class='ocrx_word' id='word_1_34' title='bbox 2404 628 2495 678; x_wconf 73' lang='grc' dir='ltr'><strong>ἐπὶ</strong></span> <span class='ocrx_word' id='word_1_35' title='bbox 2527 627 2699 694; x_wconf 85' lang='grc' dir='ltr'>κρίσιν</span> <span class='ocrx_word' id='word_1_36' title='bbox 2730 626 2946 694; x_wconf 87' lang='grc' dir='ltr'>ὥρμησε</span> <span class='ocrx_word' id='word_1_37' title='bbox 2968 622 3058 673; x_wconf 88' lang='grc' dir='ltr'><strong>τοῦ</strong></span> <span class='ocrx_word' id='word_1_38' title='bbox 3090 622 3156 672; x_wconf 76' lang='grc' dir='ltr'>τὰ</span> <span class='ocrx_word' id='word_1_39' title='bbox 3180 621 3306 672; x_wconf 87' lang='grc' dir='ltr'>ὄντα</span> <span class='ocrx_word' id='word_1_40' title='bbox 3329 618 3696 690; x_wconf 74' lang='grc' dir='ltr'>διορίσασθαι,</span> <span class='ocrx_word' id='word_1_41' title='bbox 3727 617 3853 667; x_wconf 77' lang='grc' dir='ltr'>πόσα</span> <span class='ocrx_word' id='word_1_42' title='bbox 3876 635 3913 666; x_wconf 73' lang='grc' dir='ltr'><strong>τε</strong></span> 
     </span>
    </p>
   </div>
   <div class='ocr_carea' id='block_1_8' title="bbox 774 716 2305 785">
    <p class='ocr_par' dir='ltr' id='par_1_8' title="bbox 774 716 2305 785">
     <span class='ocr_line' id='line_1_8' title="bbox 774 716 2305 785; baseline 0.002 -18"><span class='ocrx_word' id='word_1_43' title='bbox 774 716 1079 777; x_wconf 84' lang='lat' dir='ltr'><strong>admodum.</strong></span> <span class='ocrx_word' id='word_1_44' title='bbox 1130 718 1321 785; x_wconf 93' lang='lat' dir='ltr'><strong>inquit,</strong></span> <span class='ocrx_word' id='word_1_45' title='bbox 1370 716 1715 773; x_wconf 78' lang='lat' dir='ltr'><strong>Parmenides</strong></span> <span class='ocrx_word' id='word_1_46' title='bbox 1762 719 1861 772; x_wconf 90' lang='lat' dir='ltr'><strong>hac</strong></span> <span class='ocrx_word' id='word_1_47' title='bbox 1895 719 2025 770; x_wconf 90' lang='lat' dir='ltr'><strong>mihi</strong></span> <span class='ocrx_word' id='word_1_48' title='bbox 2068 718 2305 785; x_wconf 88' lang='lat' dir='ltr'><strong>disputa-</strong></span> 
     </span>
    </p>
   </div>
   <div class='ocr_carea' id='block_1_9' title="bbox 765 807 2305 877">
    <p class='ocr_par' dir='ltr' id='par_1_9' title="bbox 765 807 2305 877">
     <span class='ocr_line' id='line_1_9' title="bbox 765 807 2305 877; baseline 0.001 -18"><span class='ocrx_word' id='word_1_49' title='bbox 765 808 915 859; x_wconf 82' lang='lat' dir='ltr'><strong>tione</strong></span> <span class='ocrx_word' id='word_1_50' title='bbox 944 808 1254 876; x_wconf 74' lang='lat' dir='ltr'><strong>perfunctus</strong></span> <span class='ocrx_word' id='word_1_51' title='bbox 1286 807 1521 872; x_wconf 75' lang='lat' dir='ltr'><strong>videtur,</strong></span> <span class='ocrx_word' id='word_1_52' title='bbox 1546 808 1841 876; x_wconf 63' lang='lat' dir='ltr'><strong>ceterique</strong></span> <span class='ocrx_word' id='word_1_53' title='bbox 1882 824 2101 870; x_wconf 88' lang='lat' dir='ltr'><strong>omnes,</strong></span> <span class='ocrx_word' id='word_1_54' title='bbox 2137 815 2305 877; x_wconf 80' lang='lat' dir='ltr'><strong>&#39;quot-</strong></span> 
     </span>
    </p>
   </div>
   <div class='ocr_carea' id='block_1_10' title="bbox 770 898 2303 966">
    <p class='ocr_par' dir='ltr' id='par_1_10' title="bbox 770 898 2303 966">
     <span class='ocr_line' id='line_1_10' title="bbox 770 898 2303 966; baseline 0 -15"><span class='ocrx_word' id='word_1_55' title='bbox 770 907 899 964; x_wconf 88' lang='lat' dir='ltr'><strong>quot</strong></span> <span class='ocrx_word' id='word_1_56' title='bbox 934 913 1165 966; x_wconf 82' lang='lat' dir='ltr'><strong>unquam</strong></span> <span class='ocrx_word' id='word_1_57' title='bbox 1206 901 1303 951; x_wconf 93' lang='lat' dir='ltr'><strong>hoc</strong></span> <span class='ocrx_word' id='word_1_58' title='bbox 1321 898 1376 949; x_wconf 87' lang='lat' dir='ltr'><strong>in</strong></span> <span class='ocrx_word' id='word_1_59' title='bbox 1398 898 1804 966; x_wconf 78' lang='lat' dir='ltr'><strong>philos0phandi</strong></span> <span class='ocrx_word' id='word_1_60' title='bbox 1848 913 2013 965; x_wconf 87' lang='lat' dir='ltr'><strong>genus</strong></span> <span class='ocrx_word' id='word_1_61' title='bbox 2046 898 2303 952; x_wconf 83' lang='lat' dir='ltr'><strong>incubue—</strong></span> 
     </span>
    </p>
   </div>
   <div class='ocr_carea' id='block_1_11' title="bbox 768 987 2302 1054">
    <p class='ocr_par' dir='ltr' id='par_1_11' title="bbox 768 987 2302 1054">
     <span class='ocr_line' id='line_1_11' title="bbox 768 987 2302 1054; baseline 0.001 -17"><span class='ocrx_word' id='word_1_62' title='bbox 768 1001 846 1049; x_wconf 88' lang='lat' dir='ltr'><strong>re,</strong></span> <span class='ocrx_word' id='word_1_63' title='bbox 889 997 946 1040; x_wconf 89' lang='lat' dir='ltr'><strong>ut</strong></span> <span class='ocrx_word' id='word_1_64' title='bbox 976 987 1040 1040; x_wconf 90' lang='lat' dir='ltr'><strong>de</strong></span> <span class='ocrx_word' id='word_1_65' title='bbox 1071 1002 1255 1039; x_wconf 89' lang='lat' dir='ltr'><strong>eorum</strong></span> <span class='ocrx_word' id='word_1_66' title='bbox 1290 1002 1407 1054; x_wconf 58' lang='lat' dir='ltr'><strong>qua</strong></span> <span class='ocrx_word' id='word_1_67' title='bbox 1439 1000 1563 1039; x_wconf 91' lang='lat' dir='ltr'><strong>sunt</strong></span> <span class='ocrx_word' id='word_1_68' title='bbox 1593 994 1645 1039; x_wconf 90' lang='lat' dir='ltr'><strong>et</strong></span> <span class='ocrx_word' id='word_1_69' title='bbox 1696 1001 1919 1040; x_wconf 83' lang='lat' dir='ltr'><strong>numero</strong></span> <span class='ocrx_word' id='word_1_70' title='bbox 1945 1028 1959 1051; x_wconf 94' lang='lat'><strong>,</strong></span> <span class='ocrx_word' id='word_1_71' title='bbox 1999 995 2053 1039; x_wconf 89' lang='lat' dir='ltr'><strong>et</strong></span> <span class='ocrx_word' id='word_1_72' title='bbox 2096 987 2302 1039; x_wconf 76' lang='lat' dir='ltr'><strong>ratione</strong></span> 
     </span>
    </p>
   </div>
   <div class='ocr_carea' id='block_1_12' title="bbox 759 1074 2299 1143">
    <p class='ocr_par' dir='ltr' id='par_1_12' title="bbox 759 1074 2299 1143">
     <span class='ocr_line' id='line_1_12' title="bbox 759 1074 2299 1143; baseline 0 -16"><span class='ocrx_word' id='word_1_73' title='bbox 759 1076 1189 1143; x_wconf 81' lang='lat' dir='ltr'><strong>pronuntiarent.</strong></span> <span class='ocrx_word' id='word_1_74' title='bbox 1232 1075 1458 1129; x_wconf 88' lang='lat' dir='ltr'><strong>Perinde</strong></span> <span class='ocrx_word' id='word_1_75' title='bbox 1508 1077 1759 1129; x_wconf 88' lang='lat' dir='ltr'><strong>nimirum</strong></span> <span class='ocrx_word' id='word_1_76' title='bbox 1806 1076 1857 1129; x_wconf 91' lang='lat' dir='ltr'><strong>id</strong></span> <span class='ocrx_word' id='word_1_77' title='bbox 1904 1084 2087 1143; x_wconf 81' lang='lat' dir='ltr'><strong>agunt,</strong></span> <span class='ocrx_word' id='word_1_78' title='bbox 2143 1090 2204 1128; x_wconf 88' lang='lat' dir='ltr'><strong>ac</strong></span> <span class='ocrx_word' id='word_1_79' title='bbox 2254 1074 2299 1127; x_wconf 87' lang='lat' dir='ltr'><strong>si</strong></span> 
     </span>
    </p>
   </div>
   <div class='ocr_carea' id='block_1_13' title="bbox 767 1166 2299 1238">
    <p class='ocr_par' dir='ltr' id='par_1_13' title="bbox 767 1166 2299 1238">
     <span class='ocr_line' id='line_1_13' title="bbox 767 1166 2299 1238; baseline 0 -19"><span class='ocrx_word' id='word_1_80' title='bbox 767 1168 946 1233; x_wconf 91' lang='lat' dir='ltr'><strong>pueris</strong></span> <span class='ocrx_word' id='word_1_81' title='bbox 1000 1166 1580 1219; x_wconf 77' lang='lat' dir='ltr'><strong>fabulam-narrarent.</strong></span> <span class='ocrx_word' id='word_1_82' title='bbox 1635 1166 1795 1238; x_wconf 73' lang='lat'><strong>725</strong></span> <span class='ocrx_word' id='word_1_83' title='bbox 1842 1167 1995 1218; x_wconf 81' lang='lat' dir='ltr'><strong>Alius</strong></span> <span class='ocrx_word' id='word_1_84' title='bbox 2041 1167 2182 1219; x_wconf 88' lang='lat' dir='ltr'><strong>enim</strong></span> <span class='ocrx_word' id='word_1_85' title='bbox 2236 1179 2299 1219; x_wconf 83' lang='lat' dir='ltr'><strong>ea</strong></span> 
     </span>
    </p>
   </div>
   <div class='ocr_carea' id='block_1_14' title="bbox 755 1257 2300 1326">
    <p class='ocr_par' dir='ltr' id='par_1_14' title="bbox 755 1257 2300 1326">
     <span class='ocr_line' id='line_1_14' title="bbox 755 1257 2300 1326; baseline 0 -15"><span class='ocrx_word' id='word_1_86' title='bbox 755 1272 886 1326; x_wconf 71' lang='lat' dir='ltr'><strong>qua:</strong></span> <span class='ocrx_word' id='word_1_87' title='bbox 917 1268 1059 1323; x_wconf 90' lang='lat' dir='ltr'><strong>sunt,</strong></span> <span class='ocrx_word' id='word_1_88' title='bbox 1092 1260 1190 1312; x_wconf 89' lang='lat' dir='ltr'><strong>tria</strong></span> <span class='ocrx_word' id='word_1_89' title='bbox 1225 1259 1517 1321; x_wconf 85' lang='lat' dir='ltr'><strong>constituit,</strong></span> <span class='ocrx_word' id='word_1_90' title='bbox 1548 1268 1707 1326; x_wconf 89' lang='lat' dir='ltr'><strong>atque</strong></span> <span class='ocrx_word' id='word_1_91' title='bbox 1734 1258 2017 1326; x_wconf 85' lang='lat' dir='ltr'><strong>ejusmodi.</strong></span> <span class='ocrx_word' id='word_1_92' title='bbox 2045 1274 2076 1311; x_wconf 91' lang='lat' dir='ltr'><strong>e</strong></span> <span class='ocrx_word' id='word_1_93' title='bbox 2104 1257 2300 1325; x_wconf 89' lang='lat' dir='ltr'><strong>quibus</strong></span> 
     </span>
    </p>
   </div>
   <div class='ocr_carea' id='block_1_15' title="bbox 766 1349 2297 1419">
    <p class='ocr_par' dir='ltr' id='par_1_15' title="bbox 766 1349 2297 1419">
     <span class='ocr_line' id='line_1_15' title="bbox 766 1349 2297 1419; baseline -0.004 -15"><span class='ocrx_word' id='word_1_94' title='bbox 766 1352 942 1419; x_wconf 85' lang='lat' dir='ltr'><strong>aliqua</strong></span> <span class='ocrx_word' id='word_1_95' title='bbox 983 1350 1110 1415; x_wconf 92' lang='lat' dir='ltr'><strong>duo,</strong></span> <span class='ocrx_word' id='word_1_96' title='bbox 1148 1350 1413 1403; x_wconf 73' lang='lat' dir='ltr'><strong>interdum</strong></span> <span class='ocrx_word' id='word_1_97' title='bbox 1446 1349 1659 1419; x_wconf 87' lang='lat' dir='ltr'><strong>quidem</strong></span> <span class='ocrx_word' id='word_1_98' title='bbox 1684 1363 1867 1403; x_wconf 80' lang='lat' dir='ltr'><strong>secum</strong></span> <span class='ocrx_word' id='word_1_99' title='bbox 1894 1349 2011 1416; x_wconf 87' lang='lat' dir='ltr'><strong>ipsa</strong></span> <span class='ocrx_word' id='word_1_100' title='bbox 2040 1355 2297 1415; x_wconf 78' lang='lat' dir='ltr'><strong>pugnent,</strong></span> 
     </span>
    </p>
   </div>
   <div class='ocr_carea' id='block_1_16' title="bbox 766 1436 2299 1507">
    <p class='ocr_par' dir='ltr' id='par_1_16' title="bbox 766 1436 2299 1507">
     <span class='ocr_line' id='line_1_16' title="bbox 766 1436 2299 1507; baseline -0.003 -14"><span class='ocrx_word' id='word_1_101' title='bbox 766 1440 1199 1494; x_wconf 49' lang='lat' dir='ltr'><strong>interdum‘vero</strong></span> <span class='ocrx_word' id='word_1_102' title='bbox 1232 1440 1573 1493; x_wconf 75' lang='lat' dir='ltr'><strong>reconciliata</strong></span> <span class='ocrx_word' id='word_1_103' title='bbox 1609 1440 1799 1507; x_wconf 82' lang='lat' dir='ltr'><strong>gratia,</strong></span> <span class='ocrx_word' id='word_1_104' title='bbox 1838 1438 2079 1504; x_wconf 83' lang='lat' dir='ltr'><strong>initoque</strong></span> <span class='ocrx_word' id='word_1_105' title='bbox 2113 1436 2299 1488; x_wconf 90' lang='lat' dir='ltr'><strong>matri—</strong></span> 
     </span>
    </p>
   </div>
   <div class='ocr_carea' id='block_1_17' title="bbox 764 1529 2295 1598">
    <p class='ocr_par' dir='ltr' id='par_1_17' title="bbox 764 1529 2295 1598">
     <span class='ocr_line' id='line_1_17' title="bbox 764 1529 2295 1598; baseline -0.001 -14"><span class='ocrx_word' id='word_1_106' title='bbox 764 1533 949 1585; x_wconf 91' lang='lat' dir='ltr'><strong>monio</strong></span> <span class='ocrx_word' id='word_1_107' title='bbox 980 1530 1139 1586; x_wconf 62' lang='lat' dir='ltr'><strong>foetus</strong></span> <span class='ocrx_word' id='word_1_108' title='bbox 1193 1532 1503 1598; x_wconf 78' lang='lat' dir='ltr'><strong>suscipiant,</strong></span> <span class='ocrx_word' id='word_1_109' title='bbox 1549 1533 1746 1598; x_wconf 82' lang='lat' dir='ltr'><strong>quibus</strong></span> <span class='ocrx_word' id='word_1_110' title='bbox 1798 1530 1989 1584; x_wconf 90' lang='lat' dir='ltr'><strong>deinde</strong></span> <span class='ocrx_word' id='word_1_111' title='bbox 2047 1529 2295 1583; x_wconf 84' lang='lat' dir='ltr'><strong>alimenta</strong></span> 
     </span>
    </p>
   </div>
   <div class='ocr_carea' id='block_1_18' title="bbox 764 1618 2294 1687">
    <p class='ocr_par' dir='ltr' id='par_1_18' title="bbox 764 1618 2294 1687">
     <span class='ocr_line' id='line_1_18' title="bbox 764 1618 2294 1687; baseline -0.003 -14"><span class='ocrx_word' id='word_1_112' title='bbox 764 1620 1117 1687; x_wconf 82' lang='lat' dir='ltr'><strong>suppeditent.</strong></span> <span class='ocrx_word' id='word_1_113' title='bbox 1157 1619 1307 1673; x_wconf 87' lang='lat' dir='ltr'><strong>Alius</strong></span> <span class='ocrx_word' id='word_1_114' title='bbox 1349 1620 1453 1671; x_wconf 87' lang='lat' dir='ltr'><strong>duo</strong></span> <span class='ocrx_word' id='word_1_115' title='bbox 1497 1628 1701 1671; x_wconf 75' lang='lat' dir='ltr'><strong>tantum</strong></span> <span class='ocrx_word' id='word_1_116' title='bbox 1760 1620 2070 1687; x_wconf 84' lang='lat' dir='ltr'><strong>assignans,</strong></span> <span class='ocrx_word' id='word_1_117' title='bbox 2122 1618 2294 1671; x_wconf 86' lang='lat' dir='ltr'><strong>humi—</strong></span> 
     </span>
    </p>
   </div>
   <div class='ocr_carea' id='block_1_19' title="bbox 764 1701 2294 1769">
    <p class='ocr_par' dir='ltr' id='par_1_19' title="bbox 764 1701 2294 1769">
     <span class='ocr_line' id='line_1_19' title="bbox 764 1701 2294 1769; baseline 0.001 -15"><span class='ocrx_word' id='word_1_118' title='bbox 764 1702 891 1754; x_wconf 92' lang='lat' dir='ltr'><strong>dum</strong></span> <span class='ocrx_word' id='word_1_119' title='bbox 930 1708 983 1755; x_wconf 91' lang='lat' dir='ltr'><strong>et</strong></span> <span class='ocrx_word' id='word_1_120' title='bbox 1016 1702 1238 1765; x_wconf 88' lang='lat' dir='ltr'><strong>siccum,</strong></span> <span class='ocrx_word' id='word_1_121' title='bbox 1288 1702 1371 1754; x_wconf 90' lang='lat' dir='ltr'><strong>vel</strong></span> <span class='ocrx_word' id='word_1_122' title='bbox 1409 1701 1638 1753; x_wconf 85' lang='lat' dir='ltr'><strong>calidum</strong></span> <span class='ocrx_word' id='word_1_123' title='bbox 1691 1710 1743 1754; x_wconf 88' lang='lat' dir='ltr'><strong>et</strong></span> <span class='ocrx_word' id='word_1_124' title='bbox 1794 1701 2065 1769; x_wconf 82' lang='lat' dir='ltr'><strong>frigidum,</strong></span> <span class='ocrx_word' id='word_1_125' title='bbox 2108 1703 2294 1755; x_wconf 90' lang='lat' dir='ltr'><strong>eadem</strong></span> 
     </span>
    </p>
   </div>
   <div class='ocr_carea' id='block_1_20' title="bbox 2403 707 3915 777">
    <p class='ocr_par' dir='ltr' id='par_1_20' title="bbox 2403 707 3915 777">
     <span class='ocr_line' id='line_1_20' title="bbox 2403 707 3915 777; baseline -0.008 -9"><span class='ocrx_word' id='word_1_126' title='bbox 2403 718 2494 768; x_wconf 80' lang='grc' dir='ltr'>καὶ</span> <span class='ocrx_word' id='word_1_127' title='bbox 2527 715 2651 767; x_wconf 77' lang='grc' dir='ltr'>ποῖά</span> <span class='ocrx_word' id='word_1_128' title='bbox 2679 718 2809 766; x_wconf 74' lang='grc' dir='ltr'>ἐστι.</span> <span class='ocrx_word' id='word_1_129' title='bbox 2836 712 3013 765; x_wconf 80' lang='grc' dir='ltr'>Μῦϐόν</span> <span class='ocrx_word' id='word_1_130' title='bbox 3038 729 3156 763; x_wconf 88' lang='grc' dir='ltr'>τινα</span> <span class='ocrx_word' id='word_1_131' title='bbox 3180 712 3401 770; x_wconf 73' lang='grc' dir='ltr'>ἕκαστος</span> <span class='ocrx_word' id='word_1_132' title='bbox 3434 708 3679 777; x_wconf 69' lang='grc' dir='ltr'>φαίνεταί</span> <span class='ocrx_word' id='word_1_133' title='bbox 3720 724 3804 773; x_wconf 89' lang='grc' dir='ltr'><strong>μοι</strong></span> <span class='ocrx_word' id='word_1_134' title='bbox 3828 707 3915 771; x_wconf 55' lang='grc' dir='ltr'><strong>διξ-</strong></span> 
     </span>
    </p>
   </div>
   <div class='ocr_carea' id='block_1_21' title="bbox 2403 798 3916 871">
    <p class='ocr_par' dir='ltr' id='par_1_21' title="bbox 2403 798 3916 871">
     <span class='ocr_line' id='line_1_21' title="bbox 2403 798 3916 871; baseline -0.006 -16"><span class='ocrx_word' id='word_1_135' title='bbox 2403 804 2631 871; x_wconf 82' lang='grc' dir='ltr'>γεῖσθαι,</span> <span class='ocrx_word' id='word_1_136' title='bbox 2663 805 2844 855; x_wconf 75' lang='grc' dir='ltr'>παισὶν</span> <span class='ocrx_word' id='word_1_137' title='bbox 2872 804 2945 865; x_wconf 82' lang='grc' dir='ltr'>ὼς</span> <span class='ocrx_word' id='word_1_138' title='bbox 2967 799 3114 855; x_wconf 82' lang='grc' dir='ltr'>οὖσιν</span> <span class='ocrx_word' id='word_1_139' title='bbox 3160 804 3305 869; x_wconf 76' lang='grc' dir='ltr'>ἡμῖν.</span> <span class='ocrx_word' id='word_1_140' title='bbox 3346 801 3402 851; x_wconf 88' lang='lat'><strong>&#39;0</strong></span> <span class='ocrx_word' id='word_1_141' title='bbox 3433 800 3529 865; x_wconf 82' lang='grc' dir='ltr'><strong>μὲν</strong></span> <span class='ocrx_word' id='word_1_142' title='bbox 3548 838 3578 860; x_wconf 87' lang='grc'><strong>,.</strong></span> <span class='ocrx_word' id='word_1_143' title='bbox 3621 798 3699 858; x_wconf 82' lang='grc' dir='ltr'>ὡς</span> <span class='ocrx_word' id='word_1_144' title='bbox 3729 798 3845 865; x_wconf 80' lang='grc' dir='ltr'>τρία</span> <span class='ocrx_word' id='word_1_145' title='bbox 3871 800 3916 847; x_wconf 79' lang='lat' dir='ltr'><strong>:‘z</strong></span> 
     </span>
    </p>
   </div>
   <div class='ocr_carea' id='block_1_22' title="bbox 2402 888 3913 962">
    <p class='ocr_par' dir='ltr' id='par_1_22' title="bbox 2402 888 3913 962">
     <span class='ocr_line' id='line_1_22' title="bbox 2402 888 3913 962; baseline -0.006 -16"><span class='ocrx_word' id='word_1_146' title='bbox 2402 896 2550 956; x_wconf 90' lang='grc' dir='ltr'>ὄντα,</span> <span class='ocrx_word' id='word_1_147' title='bbox 2604 894 2825 962; x_wconf 80' lang='grc' dir='ltr'><strong>πολεμεῖ</strong></span> <span class='ocrx_word' id='word_1_148' title='bbox 2853 892 2909 945; x_wconf 80' lang='grc' dir='ltr'>δὲ</span> <span class='ocrx_word' id='word_1_149' title='bbox 2963 892 3205 961; x_wconf 82' lang='grc' dir='ltr'>ἀλλήλοις</span> <span class='ocrx_word' id='word_1_150' title='bbox 3234 892 3399 942; x_wconf 78' lang='grc' dir='ltr'>ἐνίοτε</span> <span class='ocrx_word' id='word_1_151' title='bbox 3449 888 3625 941; x_wconf 82' lang='grc' dir='ltr'>αὐτῶν</span> <span class='ocrx_word' id='word_1_152' title='bbox 3682 888 3813 939; x_wconf 79' lang='grc' dir='ltr'>ἄττα</span> <span class='ocrx_word' id='word_1_153' title='bbox 3842 904 3913 953; x_wconf 65' lang='grc' dir='ltr'>πη,</span> 
     </span>
    </p>
   </div>
   <div class='ocr_carea' id='block_1_23' title="bbox 2400 978 3913 1051">
    <p class='ocr_par' dir='ltr' id='par_1_23' title="bbox 2400 978 3913 1051">
     <span class='ocr_line' id='line_1_23' title="bbox 2400 978 3913 1051; baseline -0.005 -17"><span class='ocrx_word' id='word_1_154' title='bbox 2400 985 2515 1035; x_wconf 82' lang='grc' dir='ltr'>τοτὲ</span> <span class='ocrx_word' id='word_1_155' title='bbox 2542 984 2597 1035; x_wconf 85' lang='grc' dir='ltr'>δὲ</span> <span class='ocrx_word' id='word_1_156' title='bbox 2628 985 2719 1035; x_wconf 73' lang='grc' dir='ltr'><strong>καὶ</strong></span> <span class='ocrx_word' id='word_1_157' title='bbox 2752 984 2877 1051; x_wconf 85' lang='grc' dir='ltr'>φίλα</span> <span class='ocrx_word' id='word_1_158' title='bbox 2900 982 3210 1050; x_wconf 83' lang='grc' dir='ltr'>γιγνόμενα,</span> <span class='ocrx_word' id='word_1_159' title='bbox 3244 982 3449 1048; x_wconf 80' lang='grc' dir='ltr'><strong>γάμους</strong></span> <span class='ocrx_word' id='word_1_160' title='bbox 3495 995 3554 1028; x_wconf 87' lang='grc' dir='ltr'>τε</span> <span class='ocrx_word' id='word_1_161' title='bbox 3603 978 3700 1028; x_wconf 79' lang='grc' dir='ltr'><strong>καὶ</strong></span> <span class='ocrx_word' id='word_1_162' title='bbox 3737 978 3913 1035; x_wconf 75' lang='grc' dir='ltr'>τόκους.</span> 
     </span>
    </p>
   </div>
   <div class='ocr_carea' id='block_1_24' title="bbox 2400 1066 3979 1143">
    <p class='ocr_par' dir='ltr' id='par_1_24' title="bbox 2400 1066 3979 1143">
     <span class='ocr_line' id='line_1_24' title="bbox 2400 1066 3979 1143; baseline -0.006 -18"><span class='ocrx_word' id='word_1_163' title='bbox 2400 1075 2489 1125; x_wconf 73' lang='grc' dir='ltr'>καὶ</span> <span class='ocrx_word' id='word_1_164' title='bbox 2516 1073 2717 1143; x_wconf 77' lang='grc' dir='ltr'>τροφὰς</span> <span class='ocrx_word' id='word_1_165' title='bbox 2770 1072 2875 1123; x_wconf 83' lang='grc' dir='ltr'>τῶν</span> <span class='ocrx_word' id='word_1_166' title='bbox 2898 1072 3128 1139; x_wconf 76' lang='grc' dir='ltr'><strong>ἐγγόνων</strong></span> <span class='ocrx_word' id='word_1_167' title='bbox 3180 1070 3486 1140; x_wconf 88' lang='grc' dir='ltr'>παρέχεται.</span> <span class='ocrx_word' id='word_1_168' title='bbox 3539 1067 3642 1118; x_wconf 76' lang='grc' dir='ltr'><strong>Δύο</strong></span> <span class='ocrx_word' id='word_1_169' title='bbox 3686 1066 3913 1134; x_wconf 50' lang='lat' dir='ltr'><strong>titiam;</strong></span> <span class='ocrx_word' id='word_1_170' title='bbox 3978 1076 3979 1115; x_wconf 57' lang='grc' dir='ltr'><strong>ι</strong></span> 
     </span>
    </p>
   </div>
   <div class='ocr_carea' id='block_1_25' title="bbox 2397 1157 3979 1234">
    <p class='ocr_par' dir='ltr' id='par_1_25' title="bbox 2397 1157 3979 1234">
     <span class='ocr_line' id='line_1_25' title="bbox 2397 1157 3979 1234; baseline -0.008 -18"><span class='ocrx_word' id='word_1_171' title='bbox 2397 1164 2581 1230; x_wconf 84' lang='grc' dir='ltr'>εἰπὼν,</span> <span class='ocrx_word' id='word_1_172' title='bbox 2615 1164 2775 1234; x_wconf 79' lang='grc' dir='ltr'>ὑγρὸν</span> <span class='ocrx_word' id='word_1_173' title='bbox 2808 1164 2900 1215; x_wconf 78' lang='grc' dir='ltr'>καὶ</span> <span class='ocrx_word' id='word_1_174' title='bbox 2931 1162 3108 1230; x_wconf 80' lang='grc' dir='ltr'>ξηρὸν,</span> <span class='ocrx_word' id='word_1_175' title='bbox 3135 1160 3167 1229; x_wconf 81' lang='grc' dir='ltr'>ἢ</span> <span class='ocrx_word' id='word_1_176' title='bbox 3192 1160 3387 1229; x_wconf 77' lang='grc' dir='ltr'>Θερμδν</span> <span class='ocrx_word' id='word_1_177' title='bbox 3418 1160 3510 1210; x_wconf 73' lang='grc' dir='ltr'>καὶ</span> <span class='ocrx_word' id='word_1_178' title='bbox 3543 1157 3785 1225; x_wconf 76' lang='grc' dir='ltr'>ψυχρὸν,</span> <span class='ocrx_word' id='word_1_179' title='bbox 3816 1172 3911 1204; x_wconf 70' lang='lat' dir='ltr'><strong>cm-</strong></span> <span class='ocrx_word' id='word_1_180' title='bbox 3978 1176 3979 1183; x_wconf 54' lang='grc' dir='ltr'><strong>ι</strong></span> 
     </span>
    </p>
   </div>
   <div class='ocr_carea' id='block_1_26' title="bbox 2396 1244 3906 1316">
    <p class='ocr_par' dir='ltr' id='par_1_26' title="bbox 2396 1244 3906 1316">
     <span class='ocr_line' id='line_1_26' title="bbox 2396 1244 3906 1316; baseline -0.007 -11"><span class='ocrx_word' id='word_1_181' title='bbox 2396 1253 2581 1315; x_wconf 80' lang='grc' dir='ltr'>οικίζει</span> <span class='ocrx_word' id='word_1_182' title='bbox 2603 1270 2659 1304; x_wconf 86' lang='grc' dir='ltr'>τε</span> <span class='ocrx_word' id='word_1_183' title='bbox 2692 1252 2825 1303; x_wconf 78' lang='grc' dir='ltr'>αὐτὰ</span> <span class='ocrx_word' id='word_1_184' title='bbox 2872 1251 2962 1303; x_wconf 76' lang='grc' dir='ltr'><strong>καὶ</strong></span> <span class='ocrx_word' id='word_1_185' title='bbox 2987 1250 3246 1301; x_wconf 74' lang='grc' dir='ltr'>ἐκδίδωσι.</span> <span class='ocrx_word' id='word_1_186' title='bbox 3279 1250 3347 1298; x_wconf 88' lang='grc' dir='ltr'>Τὸ</span> <span class='ocrx_word' id='word_1_187' title='bbox 3368 1248 3420 1299; x_wconf 84' lang='grc' dir='ltr'>δὲ</span> <span class='ocrx_word' id='word_1_188' title='bbox 3444 1248 3571 1316; x_wconf 84' lang='grc' dir='ltr'>παρ’</span> <span class='ocrx_word' id='word_1_189' title='bbox 3604 1248 3737 1314; x_wconf 72' lang='grc' dir='ltr'>ἡμῖν</span> <span class='ocrx_word' id='word_1_190' title='bbox 3766 1244 3906 1296; x_wconf 73' lang='grc' dir='ltr'>Ἐλεα-</span> 
     </span>
    </p>
   </div>
   <div class='ocr_carea' id='block_1_27' title="bbox 2395 1335 3981 1406">
    <p class='ocr_par' dir='ltr' id='par_1_27' title="bbox 2395 1335 3981 1406">
     <span class='ocr_line' id='line_1_27' title="bbox 2395 1335 3981 1406; baseline -0.006 -12"><span class='ocrx_word' id='word_1_191' title='bbox 2395 1343 2539 1394; x_wconf 73' lang='grc' dir='ltr'>τικὸν</span> <span class='ocrx_word' id='word_1_192' title='bbox 2567 1342 2713 1404; x_wconf 80' lang='grc' dir='ltr'>έθνος</span> <span class='ocrx_word' id='word_1_193' title='bbox 2738 1343 2897 1403; x_wconf 72' lang='grc' dir='ltr'>ἅπαν,</span> <span class='ocrx_word' id='word_1_194' title='bbox 2926 1340 3030 1391; x_wconf 82' lang='grc' dir='ltr'><strong>ἀπὸ</strong></span> <span class='ocrx_word' id='word_1_195' title='bbox 3051 1338 3373 1406; x_wconf 76' lang='grc' dir='ltr'>Ξενοφάνους</span> <span class='ocrx_word' id='word_1_196' title='bbox 3391 1355 3445 1389; x_wconf 87' lang='grc' dir='ltr'><strong>τε</strong></span> <span class='ocrx_word' id='word_1_197' title='bbox 3475 1339 3569 1389; x_wconf 81' lang='grc' dir='ltr'><strong>καί</strong></span> <span class='ocrx_word' id='word_1_198' title='bbox 3598 1336 3677 1387; x_wconf 77' lang='grc' dir='ltr'><strong>ἔτι</strong></span> <span class='ocrx_word' id='word_1_199' title='bbox 3714 1335 3913 1405; x_wconf 75' lang='grc' dir='ltr'>πρόσθεν</span> <span class='ocrx_word' id='word_1_200' title='bbox 3978 1362 3981 1401; x_wconf 56' lang='grc' dir='ltr'><em>τ</em></span> 
     </span>
    </p>
   </div>
   <div class='ocr_carea' id='block_1_28' title="bbox 2395 1427 3911 1502">
    <p class='ocr_par' dir='ltr' id='par_1_28' title="bbox 2395 1427 3911 1502">
     <span class='ocr_line' id='line_1_28' title="bbox 2395 1427 3911 1502; baseline -0.005 -17"><span class='ocrx_word' id='word_1_201' title='bbox 2395 1432 2690 1502; x_wconf 80' lang='grc' dir='ltr'>ἀρξάμενον</span> <span class='ocrx_word' id='word_1_202' title='bbox 2709 1473 2721 1493; x_wconf 86' lang='lat'><strong>,</strong></span> <span class='ocrx_word' id='word_1_203' title='bbox 2775 1434 2849 1493; x_wconf 87' lang='grc' dir='ltr'>ὼς</span> <span class='ocrx_word' id='word_1_204' title='bbox 2881 1432 2995 1492; x_wconf 84' lang='grc' dir='ltr'>ένδς</span> <span class='ocrx_word' id='word_1_205' title='bbox 3029 1431 3177 1489; x_wconf 86' lang='grc' dir='ltr'>ὄντος</span> <span class='ocrx_word' id='word_1_206' title='bbox 3202 1429 3304 1482; x_wconf 84' lang='grc' dir='ltr'>τῶν</span> <span class='ocrx_word' id='word_1_207' title='bbox 3334 1430 3545 1480; x_wconf 81' lang='grc' dir='ltr'>πάντων</span> <span class='ocrx_word' id='word_1_208' title='bbox 3576 1427 3911 1495; x_wconf 69' lang='grc' dir='ltr'>καλουμένων,</span> 
     </span>
    </p>
   </div>
   <div class='ocr_carea' id='block_1_29' title="bbox 2395 1508 3914 1593">
    <p class='ocr_par' dir='ltr' id='par_1_29' title="bbox 2395 1508 3914 1593">
     <span class='ocr_line' id='line_1_29' title="bbox 2395 1508 3914 1593; baseline -0.005 -17"><span class='ocrx_word' id='word_1_209' title='bbox 2395 1524 2533 1577; x_wconf 71' lang='grc' dir='ltr'>οὕτω</span> <span class='ocrx_word' id='word_1_210' title='bbox 2558 1524 2879 1593; x_wconf 78' lang='grc' dir='ltr'>διεξέρχεται</span> <span class='ocrx_word' id='word_1_211' title='bbox 2928 1508 3033 1585; x_wconf 85' lang='grc' dir='ltr'>τοῖς</span> <span class='ocrx_word' id='word_1_212' title='bbox 3087 1523 3287 1591; x_wconf 77' lang='grc' dir='ltr'>μύθοις.</span> <span class='ocrx_word' id='word_1_213' title='bbox 3332 1521 3491 1581; x_wconf 83' lang='grc' dir='ltr'><strong>Ἰάδες</strong></span> <span class='ocrx_word' id='word_1_214' title='bbox 3519 1520 3578 1586; x_wconf 62' lang='grc' dir='ltr'>δζ</span> <span class='ocrx_word' id='word_1_215' title='bbox 3611 1521 3707 1570; x_wconf 76' lang='grc' dir='ltr'><strong>καὶ</strong></span> <span class='ocrx_word' id='word_1_216' title='bbox 3744 1518 3914 1569; x_wconf 74' lang='grc' dir='ltr'>Σικελιι</span> 
     </span>
    </p>
   </div>
   <div class='ocr_carea' id='block_1_30' title="bbox 2397 1611 3911 1683">
    <p class='ocr_par' dir='ltr' id='par_1_30' title="bbox 2397 1611 3911 1683">
     <span class='ocr_line' id='line_1_30' title="bbox 2397 1611 3911 1683; baseline -0.005 -16"><span class='ocrx_word' id='word_1_217' title='bbox 2397 1615 2486 1667; x_wconf 84' lang='grc' dir='ltr'><strong>καί</strong></span> <span class='ocrx_word' id='word_1_218' title='bbox 2513 1632 2653 1676; x_wconf 87' lang='grc' dir='ltr'>τινες</span> <span class='ocrx_word' id='word_1_219' title='bbox 2674 1614 2745 1683; x_wconf 89' lang='grc'><strong>(6)</strong></span> <span class='ocrx_word' id='word_1_220' title='bbox 2789 1614 3006 1682; x_wconf 79' lang='grc' dir='ltr'>ὓστερον</span> <span class='ocrx_word' id='word_1_221' title='bbox 3036 1612 3243 1665; x_wconf 89' lang='grc' dir='ltr'>Μοῦσαι</span> <span class='ocrx_word' id='word_1_222' title='bbox 3278 1611 3592 1680; x_wconf 75' lang='grc' dir='ltr'>ξυνενόησαν</span> <span class='ocrx_word' id='word_1_223' title='bbox 3615 1651 3629 1673; x_wconf 84' lang='grc'><strong>,</strong></span> <span class='ocrx_word' id='word_1_224' title='bbox 3683 1611 3762 1661; x_wconf 78' lang='grc' dir='ltr'><strong>ὄτι</strong></span> <span class='ocrx_word' id='word_1_225' title='bbox 3801 1627 3911 1676; x_wconf 80' lang='grc' dir='ltr'>συμ-</span> 
     </span>
    </p>
   </div>
   <div class='ocr_carea' id='block_1_31' title="bbox 2397 1699 3913 1772">
    <p class='ocr_par' dir='ltr' id='par_1_31' title="bbox 2397 1699 3913 1772">
     <span class='ocr_line' id='line_1_31' title="bbox 2397 1699 3913 1772; baseline -0.005 -16"><span class='ocrx_word' id='word_1_226' title='bbox 2397 1705 2607 1756; x_wconf 80' lang='grc' dir='ltr'>πλέκειν</span> <span class='ocrx_word' id='word_1_227' title='bbox 2637 1703 3029 1772; x_wconf 80' lang='grc' dir='ltr'>ἁσφαλέστερον</span> <span class='ocrx_word' id='word_1_228' title='bbox 3062 1703 3336 1771; x_wconf 85' lang='grc' dir='ltr'>ἀμφότερα</span> <span class='ocrx_word' id='word_1_229' title='bbox 3386 1703 3475 1752; x_wconf 73' lang='grc' dir='ltr'>καὶ</span> <span class='ocrx_word' id='word_1_230' title='bbox 3520 1700 3732 1766; x_wconf 84' lang='grc' dir='ltr'>λέγειν,</span> <span class='ocrx_word' id='word_1_231' title='bbox 3776 1700 3842 1759; x_wconf 82' lang='grc' dir='ltr'>ὡς</span> <span class='ocrx_word' id='word_1_232' title='bbox 3866 1699 3913 1749; x_wconf 74' lang='grc' dir='ltr'><strong>τὸ</strong></span> 
     </span>
    </p>
   </div>
   <div class='ocr_carea' id='block_1_32' title="bbox 764 1789 2299 1861">
    <p class='ocr_par' dir='ltr' id='par_1_32' title="bbox 764 1789 2293 1857">
     <span class='ocr_line' id='line_1_32' title="bbox 764 1789 2293 1857; baseline 0 -15"><span class='ocrx_word' id='word_1_233' title='bbox 764 1791 1036 1843; x_wconf 82' lang='lat' dir='ltr'><strong>consociat</strong></span> <span class='ocrx_word' id='word_1_234' title='bbox 1062 1798 1219 1857; x_wconf 82' lang='lat' dir='ltr'><strong>atque</strong></span> <span class='ocrx_word' id='word_1_235' title='bbox 1252 1789 1520 1843; x_wconf 69' lang='lat' dir='ltr'><strong>diffundit.</strong></span> <span class='ocrx_word' id='word_1_236' title='bbox 1546 1790 1696 1857; x_wconf 80' lang='lat' dir='ltr'><strong>Apud</strong></span> <span class='ocrx_word' id='word_1_237' title='bbox 1724 1806 1823 1843; x_wconf 89' lang='lat' dir='ltr'><strong>nos</strong></span> <span class='ocrx_word' id='word_1_238' title='bbox 1858 1800 2035 1843; x_wconf 88' lang='lat' dir='ltr'><strong>autem</strong></span> <span class='ocrx_word' id='word_1_239' title='bbox 2059 1790 2293 1843; x_wconf 80' lang='lat' dir='ltr'><strong>Eleatica</strong></span> 
     </span>
    </p>
   </div>
   <div class='ocr_carea' id='block_1_33' title="bbox 2398 1789 3910 1861">
    <p class='ocr_par' dir='ltr' id='par_1_33' title="bbox 2398 1791 3910 1861">
     <span class='ocr_line' id='line_1_33' title="bbox 2398 1791 3910 1861; baseline -0.005 -15"><span class='ocrx_word' id='word_1_240' title='bbox 2398 1796 2450 1847; x_wconf 78' lang='grc' dir='ltr'><strong>ὒν</strong></span> <span class='ocrx_word' id='word_1_241' title='bbox 2490 1796 2654 1848; x_wconf 90' lang='grc' dir='ltr'>πολλὰ</span> <span class='ocrx_word' id='word_1_242' title='bbox 2676 1812 2733 1845; x_wconf 88' lang='grc' dir='ltr'><strong>τε</strong></span> <span class='ocrx_word' id='word_1_243' title='bbox 2765 1795 2855 1845; x_wconf 72' lang='grc' dir='ltr'>καὶ</span> <span class='ocrx_word' id='word_1_244' title='bbox 2885 1794 2943 1845; x_wconf 83' lang='grc' dir='ltr'><strong>’ἐν</strong></span> <span class='ocrx_word' id='word_1_245' title='bbox 2976 1794 3135 1855; x_wconf 75' lang='grc' dir='ltr'>ἐστιν,</span> <span class='ocrx_word' id='word_1_246' title='bbox 3167 1792 3329 1861; x_wconf 74' lang='grc' dir='ltr'>ἔχθρᾳ</span> <span class='ocrx_word' id='word_1_247' title='bbox 3350 1791 3405 1843; x_wconf 80' lang='grc' dir='ltr'>δὲ</span> <span class='ocrx_word' id='word_1_248' title='bbox 3433 1792 3524 1842; x_wconf 63' lang='grc' dir='ltr'><strong>καὶ¹</strong></span> <span class='ocrx_word' id='word_1_249' title='bbox 3547 1791 3700 1858; x_wconf 75' lang='grc' dir='ltr'>φιλία</span> <span class='ocrx_word' id='word_1_250' title='bbox 3726 1791 3910 1855; x_wconf 76' lang='grc' dir='ltr'>συνέχε-</span> 
     </span>
    </p>
   </div>
   <div class='ocr_carea' id='block_1_34' title="bbox 765 1863 2299 1953">
    <p class='ocr_par' dir='ltr' id='par_1_34' title="bbox 765 1879 2289 1949">
     <span class='ocr_line' id='line_1_34' title="bbox 765 1879 2289 1949; baseline 0.001 -17"><span class='ocrx_word' id='word_1_251' title='bbox 765 1880 911 1932; x_wconf 89' lang='lat' dir='ltr'><strong>natio</strong></span> <span class='ocrx_word' id='word_1_252' title='bbox 944 1882 1215 1942; x_wconf 84' lang='lat' dir='ltr'><strong>universa,</strong></span> <span class='ocrx_word' id='word_1_253' title='bbox 1257 1894 1380 1947; x_wconf 72' lang='lat' dir='ltr'><strong>quae</strong></span> <span class='ocrx_word' id='word_1_254' title='bbox 1414 1880 1522 1947; x_wconf 84' lang='lat' dir='ltr'><strong>jam</strong></span> <span class='ocrx_word' id='word_1_255' title='bbox 1572 1881 1692 1933; x_wconf 89' lang='lat' dir='ltr'><strong>inde</strong></span> <span class='ocrx_word' id='word_1_256' title='bbox 1724 1895 1755 1933; x_wconf 90' lang='lat' dir='ltr'><strong>a</strong></span> <span class='ocrx_word' id='word_1_257' title='bbox 1802 1879 2157 1949; x_wconf 82' lang='lat' dir='ltr'><strong>Xenophane,</strong></span> <span class='ocrx_word' id='word_1_258' title='bbox 2198 1897 2289 1933; x_wconf 89' lang='lat' dir='ltr'><strong>eo-</strong></span> 
     </span>
    </p>
   </div>
   <div class='ocr_carea' id='block_1_35' title="bbox 2398 1863 3913 1953">
    <p class='ocr_par' dir='ltr' id='par_1_35' title="bbox 2398 1879 3913 1953">
     <span class='ocr_line' id='line_1_35' title="bbox 2398 1879 3913 1953; baseline -0.007 -16"><span class='ocrx_word' id='word_1_259' title='bbox 2398 1902 2500 1937; x_wconf 91' lang='grc' dir='ltr'>ται.</span> <span class='ocrx_word' id='word_1_260' title='bbox 2527 1884 2921 1953; x_wconf 84' lang='grc' dir='ltr'>Διαφερόμενον</span> <span class='ocrx_word' id='word_1_261' title='bbox 2950 1881 3055 1951; x_wconf 83' lang='grc' dir='ltr'>γὰρ</span> <span class='ocrx_word' id='word_1_262' title='bbox 3072 1882 3153 1933; x_wconf 72' lang='grc' dir='ltr'><strong>ἀεὶ</strong></span> <span class='ocrx_word' id='word_1_263' title='bbox 3184 1879 3720 1949; x_wconf 78' lang='grc' dir='ltr'>ξυμφέρεται,ιφασ“ιν</span> <span class='ocrx_word' id='word_1_264' title='bbox 3742 1881 3794 1932; x_wconf 73' lang='grc' dir='ltr'><strong>αἱ</strong></span> <span class='ocrx_word' id='word_1_265' title='bbox 3817 1897 3913 1931; x_wconf 72' lang='lat' dir='ltr'><strong>cm-</strong></span> 
     </span>
    </p>
   </div>
   <div class='ocr_carea' id='block_1_36' title="bbox 769 1969 2297 2040">
    <p class='ocr_par' dir='ltr' id='par_1_36' title="bbox 769 1969 2297 2040">
     <span class='ocr_line' id='line_1_36' title="bbox 769 1969 2297 2040; baseline 0.001 -18"><span class='ocrx_word' id='word_1_266' title='bbox 769 1985 874 2038; x_wconf 90' lang='lat' dir='ltr'><strong>que</strong></span> <span class='ocrx_word' id='word_1_267' title='bbox 898 1969 1280 2023; x_wconf 82' lang='lat' dir='ltr'><strong>vetustioribus</strong></span> <span class='ocrx_word' id='word_1_268' title='bbox 1318 1971 1469 2023; x_wconf 76' lang='lat' dir='ltr'><strong>duxit</strong></span> <span class='ocrx_word' id='word_1_269' title='bbox 1510 1970 1719 2023; x_wconf 90' lang='lat' dir='ltr'><strong>initium</strong></span> <span class='ocrx_word' id='word_1_270' title='bbox 1745 2011 1760 2034; x_wconf 93' lang='lat'><strong>,</strong></span> <span class='ocrx_word' id='word_1_271' title='bbox 1814 1986 1932 2039; x_wconf 77' lang='lat' dir='ltr'><strong>quae</strong></span> <span class='ocrx_word' id='word_1_272' title='bbox 1972 1973 2131 2040; x_wconf 81' lang='lat' dir='ltr'><strong>vulgo</strong></span> <span class='ocrx_word' id='word_1_273' title='bbox 2163 1986 2297 2025; x_wconf 90' lang='lat' dir='ltr'><strong>cun-</strong></span> 
     </span>
    </p>
   </div>
   <div class='ocr_carea' id='block_1_37' title="bbox 765 2059 2297 2128">
    <p class='ocr_par' dir='ltr' id='par_1_37' title="bbox 765 2059 2297 2128">
     <span class='ocr_line' id='line_1_37' title="bbox 765 2059 2297 2128; baseline 0.003 -17"><span class='ocrx_word' id='word_1_274' title='bbox 765 2068 852 2112; x_wconf 88' lang='lat' dir='ltr'><strong>cta</strong></span> <span class='ocrx_word' id='word_1_275' title='bbox 884 2059 1136 2124; x_wconf 87' lang='lat' dir='ltr'><strong>dicimus,</strong></span> <span class='ocrx_word' id='word_1_276' title='bbox 1181 2074 1243 2112; x_wconf 83' lang='lat' dir='ltr'><strong>ea</strong></span> <span class='ocrx_word' id='word_1_277' title='bbox 1291 2074 1399 2112; x_wconf 91' lang='lat' dir='ltr'><strong>non</strong></span> <span class='ocrx_word' id='word_1_278' title='bbox 1451 2060 1555 2112; x_wconf 85' lang='lat' dir='ltr'><strong>nisi</strong></span> <span class='ocrx_word' id='word_1_279' title='bbox 1596 2074 1763 2111; x_wconf 90' lang='lat' dir='ltr'><strong>unum</strong></span> <span class='ocrx_word' id='word_1_280' title='bbox 1807 2059 2007 2128; x_wconf 84' lang='lat' dir='ltr'><strong>aliquid</strong></span> <span class='ocrx_word' id='word_1_281' title='bbox 2059 2076 2178 2115; x_wconf 86' lang='lat' dir='ltr'><strong>esse</strong></span> <span class='ocrx_word' id='word_1_282' title='bbox 2218 2060 2297 2115; x_wconf 79' lang='lat' dir='ltr'><strong>fa—</strong></span> 
     </span>
    </p>
   </div>
   <div class='ocr_carea' id='block_1_38' title="bbox 766 2148 2294 2219">
    <p class='ocr_par' dir='ltr' id='par_1_38' title="bbox 766 2148 2294 2219">
     <span class='ocr_line' id='line_1_38' title="bbox 766 2148 2294 2219; baseline 0.002 -18"><span class='ocrx_word' id='word_1_283' title='bbox 766 2148 998 2202; x_wconf 83' lang='lat' dir='ltr'><strong>bulatur.</strong></span> <span class='ocrx_word' id='word_1_284' title='bbox 1033 2148 1125 2201; x_wconf 80' lang='lat' dir='ltr'><strong>liis</strong></span> <span class='ocrx_word' id='word_1_285' title='bbox 1154 2163 1460 2202; x_wconf 81' lang='lat' dir='ltr'><strong>successere</strong></span> <span class='ocrx_word' id='word_1_286' title='bbox 1494 2149 1690 2201; x_wconf 56' lang='lat' dir='ltr'><strong>Ionica</strong></span> <span class='ocrx_word' id='word_1_287' title='bbox 1719 2148 2294 2219; x_wconf 62' lang='lat' dir='ltr'><strong>qumdamﬁiculazque</strong></span> 
     </span>
    </p>
   </div>
   <div class='ocr_carea' id='block_1_39' title="bbox 768 2236 2295 2305">
    <p class='ocr_par' dir='ltr' id='par_1_39' title="bbox 768 2236 2295 2305">
     <span class='ocr_line' id='line_1_39' title="bbox 768 2236 2295 2305; baseline 0.003 -16"><span class='ocrx_word' id='word_1_288' title='bbox 768 2253 954 2302; x_wconf 67' lang='lat' dir='ltr'><strong>musae,</strong></span> <span class='ocrx_word' id='word_1_289' title='bbox 994 2237 1191 2305; x_wconf 90' lang='lat' dir='ltr'><strong>quibus</strong></span> <span class='ocrx_word' id='word_1_290' title='bbox 1244 2236 1485 2289; x_wconf 88' lang='lat' dir='ltr'><strong>securius</strong></span> <span class='ocrx_word' id='word_1_291' title='bbox 1527 2236 1702 2288; x_wconf 84' lang='lat' dir='ltr'><strong>visum</strong></span> <span class='ocrx_word' id='word_1_292' title='bbox 1739 2245 1825 2289; x_wconf 88' lang='lat' dir='ltr'><strong>est</strong></span> <span class='ocrx_word' id='word_1_293' title='bbox 1876 2238 1965 2291; x_wconf 21' lang='lat' dir='ltr'><strong>sic.</strong></span> <span class='ocrx_word' id='word_1_294' title='bbox 1994 2238 2295 2299; x_wconf 86' lang='lat' dir='ltr'><strong>opinionem</strong></span> 
     </span>
    </p>
   </div>
   <div class='ocr_carea' id='block_1_40' title="bbox 768 2325 2297 2394">
    <p class='ocr_par' dir='ltr' id='par_1_40' title="bbox 768 2325 2297 2394">
     <span class='ocr_line' id='line_1_40' title="bbox 768 2325 2297 2394; baseline 0.002 -17"><span class='ocrx_word' id='word_1_295' title='bbox 768 2332 1048 2394; x_wconf 86' lang='lat' dir='ltr'><strong>utramque</strong></span> <span class='ocrx_word' id='word_1_296' title='bbox 1094 2326 1451 2393; x_wconf 84' lang='lat' dir='ltr'><strong>conjungere,</strong></span> <span class='ocrx_word' id='word_1_297' title='bbox 1505 2331 1563 2376; x_wconf 92' lang='lat' dir='ltr'><strong>ut</strong></span> <span class='ocrx_word' id='word_1_298' title='bbox 1618 2325 1670 2377; x_wconf 92' lang='lat' dir='ltr'><strong>id</strong></span> <span class='ocrx_word' id='word_1_299' title='bbox 1715 2326 1859 2393; x_wconf 90' lang='lat' dir='ltr'><strong>quod</strong></span> <span class='ocrx_word' id='word_1_300' title='bbox 1911 2335 2010 2391; x_wconf 90' lang='lat' dir='ltr'><strong>est,</strong></span> <span class='ocrx_word' id='word_1_301' title='bbox 2060 2328 2197 2379; x_wconf 90' lang='lat' dir='ltr'><strong>idem</strong></span> <span class='ocrx_word' id='word_1_302' title='bbox 2246 2339 2297 2381; x_wconf 91' lang='lat' dir='ltr'><strong>et</strong></span> 
     </span>
    </p>
   </div>
   <div class='ocr_carea' id='block_1_41' title="bbox 766 2416 2298 2485">
    <p class='ocr_par' dir='ltr' id='par_1_41' title="bbox 766 2416 2298 2485">
     <span class='ocr_line' id='line_1_41' title="bbox 766 2416 2298 2485; baseline -0.001 -15"><span class='ocrx_word' id='word_1_303' title='bbox 766 2417 932 2470; x_wconf 92' lang='lat' dir='ltr'><strong>multa</strong></span> <span class='ocrx_word' id='word_1_304' title='bbox 971 2426 1022 2469; x_wconf 90' lang='lat' dir='ltr'><strong>et</strong></span> <span class='ocrx_word' id='word_1_305' title='bbox 1077 2432 1241 2469; x_wconf 84' lang='lat' dir='ltr'><strong>unum</strong></span> <span class='ocrx_word' id='word_1_306' title='bbox 1276 2430 1399 2469; x_wconf 86' lang='lat' dir='ltr'><strong>esse</strong></span> <span class='ocrx_word' id='word_1_307' title='bbox 1450 2416 1718 2479; x_wconf 82' lang='lat' dir='ltr'><strong>dicerent,</strong></span> <span class='ocrx_word' id='word_1_308' title='bbox 1766 2416 1993 2485; x_wconf 89' lang='lat' dir='ltr'><strong>odioque</strong></span> <span class='ocrx_word' id='word_1_309' title='bbox 2044 2416 2203 2470; x_wconf 90' lang='lat' dir='ltr'><strong>simul</strong></span> <span class='ocrx_word' id='word_1_310' title='bbox 2245 2426 2298 2471; x_wconf 88' lang='lat' dir='ltr'><strong>et</strong></span> 
     </span>
    </p>
   </div>
   <div class='ocr_carea' id='block_1_42' title="bbox 768 2506 2298 2573">
    <p class='ocr_par' dir='ltr' id='par_1_42' title="bbox 768 2506 2298 2573">
     <span class='ocr_line' id='line_1_42' title="bbox 768 2506 2298 2573; baseline 0.001 -13"><span class='ocrx_word' id='word_1_311' title='bbox 768 2509 1001 2560; x_wconf 84' lang='lat' dir='ltr'><strong>amicitia</strong></span> <span class='ocrx_word' id='word_1_312' title='bbox 1048 2508 1331 2561; x_wconf 84' lang='lat' dir='ltr'><strong>contineri.</strong></span> <span class='ocrx_word' id='word_1_313' title='bbox 1381 2506 1600 2573; x_wconf 83' lang='lat' dir='ltr'><strong>Semper</strong></span> <span class='ocrx_word' id='word_1_314' title='bbox 1654 2508 1796 2559; x_wconf 90' lang='lat' dir='ltr'><strong>enim</strong></span> <span class='ocrx_word' id='word_1_315' title='bbox 1831 2508 2138 2562; x_wconf 90' lang='lat' dir='ltr'><strong>dissidendo</strong></span> <span class='ocrx_word' id='word_1_316' title='bbox 2175 2524 2298 2562; x_wconf 91' lang='lat' dir='ltr'><strong>con-</strong></span> 
     </span>
    </p>
   </div>
   <div class='ocr_carea' id='block_1_43' title="bbox 770 2595 2297 2660">
    <p class='ocr_par' dir='ltr' id='par_1_43' title="bbox 770 2595 2297 2660">
     <span class='ocr_line' id='line_1_43' title="bbox 770 2595 2297 2660; baseline 0 -11"><span class='ocrx_word' id='word_1_317' title='bbox 770 2599 949 2660; x_wconf 83' lang='lat' dir='ltr'><strong>sentit,</strong></span> <span class='ocrx_word' id='word_1_318' title='bbox 986 2605 1047 2649; x_wconf 89' lang='lat' dir='ltr'><strong>ut</strong></span> <span class='ocrx_word' id='word_1_319' title='bbox 1088 2604 1293 2649; x_wconf 83' lang='lat' dir='ltr'><strong>canunt</strong></span> <span class='ocrx_word' id='word_1_320' title='bbox 1338 2596 1669 2649; x_wconf 83' lang='lat' dir='ltr'><strong>robustiores</strong></span> <span class='ocrx_word' id='word_1_321' title='bbox 1700 2611 1887 2650; x_wconf 62' lang='lat' dir='ltr'><strong>musae.</strong></span> <span class='ocrx_word' id='word_1_322' title='bbox 1929 2595 2060 2649; x_wconf 88' lang='lat' dir='ltr'><strong>Nam</strong></span> <span class='ocrx_word' id='word_1_323' title='bbox 2112 2598 2297 2650; x_wconf 88' lang='lat' dir='ltr'><strong>remis-</strong></span> 
     </span>
    </p>
   </div>
   <div class='ocr_carea' id='block_1_44' title="bbox 767 2684 2298 2753">
    <p class='ocr_par' dir='ltr' id='par_1_44' title="bbox 767 2684 2298 2753">
     <span class='ocr_line' id='line_1_44' title="bbox 767 2684 2298 2753; baseline -0.001 -14"><span class='ocrx_word' id='word_1_324' title='bbox 767 2687 935 2739; x_wconf 87' lang='lat' dir='ltr'><strong>siores</strong></span> <span class='ocrx_word' id='word_1_325' title='bbox 970 2685 1205 2753; x_wconf 86' lang='lat' dir='ltr'><strong>quidem,</strong></span> <span class='ocrx_word' id='word_1_326' title='bbox 1236 2684 1550 2737; x_wconf 85' lang='lat' dir='ltr'><strong>sententiam</strong></span> <span class='ocrx_word' id='word_1_327' title='bbox 1585 2684 1750 2747; x_wconf 83' lang='lat' dir='ltr'><strong>illam,</strong></span> <span class='ocrx_word' id='word_1_328' title='bbox 1780 2699 1899 2751; x_wconf 74' lang='lat' dir='ltr'><strong>quze</strong></span> <span class='ocrx_word' id='word_1_329' title='bbox 1938 2699 2146 2751; x_wconf 82' lang='lat' dir='ltr'><strong>semper</strong></span> <span class='ocrx_word' id='word_1_330' title='bbox 2189 2686 2298 2738; x_wconf 62' lang='lat' dir='ltr'><strong>hac</strong></span> 
     </span>
    </p>
   </div>
   <div class='ocr_carea' id='block_1_45' title="bbox 766 2772 2299 2838">
    <p class='ocr_par' dir='ltr' id='par_1_45' title="bbox 766 2772 2299 2838">
     <span class='ocr_line' id='line_1_45' title="bbox 766 2772 2299 2838; baseline -0.003 -7"><span class='ocrx_word' id='word_1_331' title='bbox 766 2777 949 2831; x_wconf 87' lang='lat' dir='ltr'><strong>eodem</strong></span> <span class='ocrx_word' id='word_1_332' title='bbox 986 2775 1150 2827; x_wconf 89' lang='lat' dir='ltr'><strong>modo</strong></span> <span class='ocrx_word' id='word_1_333' title='bbox 1182 2775 1375 2827; x_wconf 76' lang='lat' dir='ltr'><strong>habere</strong></span> <span class='ocrx_word' id='word_1_334' title='bbox 1406 2772 1741 2838; x_wconf 77' lang='lat' dir='ltr'><strong>defendebat,</strong></span> <span class='ocrx_word' id='word_1_335' title='bbox 1774 2774 1845 2825; x_wconf 91' lang='lat' dir='ltr'><strong>ita</strong></span> <span class='ocrx_word' id='word_1_336' title='bbox 1876 2774 2205 2838; x_wconf 88' lang='lat' dir='ltr'><strong>mollierunt,</strong></span> <span class='ocrx_word' id='word_1_337' title='bbox 2240 2784 2299 2827; x_wconf 91' lang='lat' dir='ltr'><strong>ut</strong></span> 
     </span>
    </p>
   </div>
   <div class='ocr_carea' id='block_1_46' title="bbox 767 2863 2296 2926">
    <p class='ocr_par' dir='ltr' id='par_1_46' title="bbox 767 2863 2296 2926">
     <span class='ocr_line' id='line_1_46' title="bbox 767 2863 2296 2926; baseline -0.005 -4"><span class='ocrx_word' id='word_1_338' title='bbox 767 2869 961 2922; x_wconf 62' lang='lat' dir='ltr'><strong>caedem</strong></span> <span class='ocrx_word' id='word_1_339' title='bbox 999 2866 1237 2921; x_wconf 78' lang='lat' dir='ltr'><strong>vicissim</strong></span> <span class='ocrx_word' id='word_1_340' title='bbox 1277 2864 1378 2918; x_wconf 81' lang='lat' dir='ltr'><strong>hoc</strong></span> <span class='ocrx_word' id='word_1_341' title='bbox 1417 2864 1725 2919; x_wconf 82' lang='lat' dir='ltr'><strong>universum</strong></span> <span class='ocrx_word' id='word_1_342' title='bbox 1750 2902 1764 2926; x_wconf 92' lang='lat'><strong>,</strong></span> <span class='ocrx_word' id='word_1_343' title='bbox 1804 2863 1962 2916; x_wconf 86' lang='lat' dir='ltr'><strong>modo</strong></span> <span class='ocrx_word' id='word_1_344' title='bbox 2002 2880 2165 2917; x_wconf 86' lang='lat' dir='ltr'><strong>unum</strong></span> <span class='ocrx_word' id='word_1_345' title='bbox 2203 2865 2296 2915; x_wconf 90' lang='lat' dir='ltr'><strong>ali-</strong></span> 
     </span>
    </p>
   </div>
   <div class='ocr_carea' id='block_1_47' title="bbox 766 2954 2295 3027">
    <p class='ocr_par' dir='ltr' id='par_1_47' title="bbox 766 2954 2295 3027">
     <span class='ocr_line' id='line_1_47' title="bbox 766 2954 2295 3027; baseline -0.004 -14"><span class='ocrx_word' id='word_1_346' title='bbox 766 2961 895 3027; x_wconf 92' lang='lat' dir='ltr'><strong>quid</strong></span> <span class='ocrx_word' id='word_1_347' title='bbox 932 2976 1051 3013; x_wconf 86' lang='lat' dir='ltr'><strong>esse</strong></span> <span class='ocrx_word' id='word_1_348' title='bbox 1096 2958 1365 3019; x_wconf 87' lang='lat' dir='ltr'><strong>dicerent,</strong></span> <span class='ocrx_word' id='word_1_349' title='bbox 1402 2957 1545 3024; x_wconf 93' lang='lat' dir='ltr'><strong>quod</strong></span> <span class='ocrx_word' id='word_1_350' title='bbox 1582 2971 1764 3009; x_wconf 89' lang='lat' dir='ltr'><strong>amore</strong></span> <span class='ocrx_word' id='word_1_351' title='bbox 1798 2954 1973 3010; x_wconf 79' lang='lat' dir='ltr'><strong>Venus</strong></span> <span class='ocrx_word' id='word_1_352' title='bbox 2008 2957 2295 3023; x_wconf 80' lang='lat' dir='ltr'><strong>colligaret,</strong></span> 
     </span>
    </p>
   </div>
   <div class='ocr_carea' id='block_1_48' title="bbox 770 3044 2298 3113">
    <p class='ocr_par' dir='ltr' id='par_1_48' title="bbox 770 3044 2298 3113">
     <span class='ocr_line' id='line_1_48' title="bbox 770 3044 2298 3113; baseline -0.005 -10"><span class='ocrx_word' id='word_1_353' title='bbox 770 3050 927 3103; x_wconf 90' lang='lat' dir='ltr'><strong>modo</strong></span> <span class='ocrx_word' id='word_1_354' title='bbox 963 3048 1229 3101; x_wconf 88' lang='lat' dir='ltr'><strong>discordia</strong></span> <span class='ocrx_word' id='word_1_355' title='bbox 1263 3046 1443 3099; x_wconf 88' lang='lat' dir='ltr'><strong>nescio</strong></span> <span class='ocrx_word' id='word_1_356' title='bbox 1468 3061 1571 3113; x_wconf 93' lang='lat' dir='ltr'><strong>qua</strong></span> <span class='ocrx_word' id='word_1_357' title='bbox 1602 3045 1735 3107; x_wconf 83' lang='lat' dir='ltr'><strong>ﬁeri,</strong></span> <span class='ocrx_word' id='word_1_358' title='bbox 1777 3054 1833 3097; x_wconf 88' lang='lat' dir='ltr'><strong>ut</strong></span> <span class='ocrx_word' id='word_1_359' title='bbox 1868 3046 2029 3107; x_wconf 79' lang='lat' dir='ltr'><strong>idem,</strong></span> <span class='ocrx_word' id='word_1_360' title='bbox 2057 3053 2108 3098; x_wconf 89' lang='lat' dir='ltr'><strong>et</strong></span> <span class='ocrx_word' id='word_1_361' title='bbox 2135 3044 2298 3096; x_wconf 90' lang='lat' dir='ltr'><strong>multa</strong></span> 
     </span>
    </p>
   </div>
   <div class='ocr_carea' id='block_1_49' title="bbox 768 3136 2298 3213">
    <p class='ocr_par' dir='ltr' id='par_1_49' title="bbox 768 3136 2298 3213">
     <span class='ocr_line' id='line_1_49' title="bbox 768 3136 2298 3213; baseline -0.003 -21"><span class='ocrx_word' id='word_1_362' title='bbox 768 3140 1007 3209; x_wconf 79' lang='lat' dir='ltr'><strong>quaedam</strong></span> <span class='ocrx_word' id='word_1_363' title='bbox 1051 3146 1211 3200; x_wconf 89' lang='lat' dir='ltr'><strong>esset,</strong></span> <span class='ocrx_word' id='word_1_364' title='bbox 1250 3147 1303 3189; x_wconf 87' lang='lat' dir='ltr'><strong>et</strong></span> <span class='ocrx_word' id='word_1_365' title='bbox 1341 3150 1520 3188; x_wconf 89' lang='lat' dir='ltr'><strong>secum</strong></span> <span class='ocrx_word' id='word_1_366' title='bbox 1556 3136 1728 3202; x_wconf 92' lang='lat' dir='ltr'><strong>ipsum</strong></span> <span class='ocrx_word' id='word_1_367' title='bbox 1775 3136 1948 3189; x_wconf 89' lang='lat' dir='ltr'><strong>hostis</strong></span> <span class='ocrx_word' id='word_1_368' title='bbox 1987 3150 2137 3188; x_wconf 91' lang='lat' dir='ltr'><strong>more</strong></span> <span class='ocrx_word' id='word_1_369' title='bbox 2171 3151 2298 3213; x_wconf 68' lang='lat' dir='ltr'><strong>con-</strong></span> 
     </span>
    </p>
   </div>
   <div class='ocr_carea' id='block_1_50' title="bbox 708 3224 2297 3296">
    <p class='ocr_par' dir='ltr' id='par_1_50' title="bbox 708 3224 2297 3296">
     <span class='ocr_line' id='line_1_50' title="bbox 708 3224 2297 3296; baseline -0.001 -16"><span class='ocrx_word' id='word_1_370' title='bbox 708 3291 713 3295; x_wconf 16' lang='grc'><strong>4</strong></span> <span class='ocrx_word' id='word_1_371' title='bbox 770 3229 989 3296; x_wconf 87' lang='lat' dir='ltr'><strong>tligeret.</strong></span> <span class='ocrx_word' id='word_1_372' title='bbox 1039 3224 1159 3278; x_wconf 65' lang='lat' dir='ltr'><strong>Haec</strong></span> <span class='ocrx_word' id='word_1_373' title='bbox 1206 3224 1420 3286; x_wconf 88' lang='lat' dir='ltr'><strong>omnia,</strong></span> <span class='ocrx_word' id='word_1_374' title='bbox 1464 3239 1555 3275; x_wconf 89' lang='lat' dir='ltr'><strong>seu</strong></span> <span class='ocrx_word' id='word_1_375' title='bbox 1606 3239 1730 3276; x_wconf 82' lang='lat' dir='ltr'><strong>vere</strong></span> <span class='ocrx_word' id='word_1_376' title='bbox 1776 3226 1895 3290; x_wconf 90' lang='lat' dir='ltr'><strong>quis</strong></span> <span class='ocrx_word' id='word_1_377' title='bbox 1950 3238 2162 3289; x_wconf 91' lang='lat' dir='ltr'><strong>eorum,</strong></span> <span class='ocrx_word' id='word_1_378' title='bbox 2205 3241 2297 3279; x_wconf 88' lang='lat' dir='ltr'><strong>seu</strong></span> 
     </span>
    </p>
   </div>
   <div class='ocr_carea' id='block_1_51' title="bbox 770 3310 2297 3379">
    <p class='ocr_par' dir='ltr' id='par_1_51' title="bbox 770 3310 2297 3379">
     <span class='ocr_line' id='line_1_51' title="bbox 770 3310 2297 3379; baseline 0.001 -13"><span class='ocrx_word' id='word_1_379' title='bbox 770 3313 906 3366; x_wconf 84' lang='lat' dir='ltr'><strong>fa&#39;lso</strong></span> <span class='ocrx_word' id='word_1_380' title='bbox 936 3312 1151 3375; x_wconf 80' lang='lat' dir='ltr'><strong>dixerit,</strong></span> <span class='ocrx_word' id='word_1_381' title='bbox 1187 3325 1345 3379; x_wconf 85' lang='lat' dir='ltr'><strong>grave</strong></span> <span class='ocrx_word' id='word_1_382' title='bbox 1381 3325 1443 3363; x_wconf 90' lang='lat' dir='ltr'><strong>ac</strong></span> <span class='ocrx_word' id='word_1_383' title='bbox 1476 3310 1796 3378; x_wconf 86' lang='lat' dir='ltr'><strong>ﬂagitiosum</strong></span> <span class='ocrx_word' id='word_1_384' title='bbox 1836 3322 1997 3378; x_wconf 89' lang='lat' dir='ltr'><strong>esset,</strong></span> <span class='ocrx_word' id='word_1_385' title='bbox 2040 3316 2198 3368; x_wconf 90' lang='lat' dir='ltr'><strong>tantis</strong></span> <span class='ocrx_word' id='word_1_386' title='bbox 2244 3318 2297 3368; x_wconf 88' lang='lat' dir='ltr'><strong>in</strong></span> 
     </span>
    </p>
   </div>
   <div class='ocr_carea' id='block_1_52' title="bbox 770 3400 2296 3471">
    <p class='ocr_par' dir='ltr' id='par_1_52' title="bbox 770 3400 2296 3471">
     <span class='ocr_line' id='line_1_52' title="bbox 770 3400 2296 3471; baseline 0.003 -18"><span class='ocrx_word' id='word_1_387' title='bbox 770 3402 927 3455; x_wconf 87' lang='lat' dir='ltr'><strong>rebus</strong></span> <span class='ocrx_word' id='word_1_388' title='bbox 948 3403 1091 3453; x_wconf 91' lang='lat' dir='ltr'><strong>viros</strong></span> <span class='ocrx_word' id='word_1_389' title='bbox 1130 3401 1364 3467; x_wconf 81' lang='lat' dir='ltr'><strong>insignes</strong></span> <span class='ocrx_word' id='word_1_390' title='bbox 1402 3400 1713 3467; x_wconf 87' lang='lat' dir='ltr'><strong>priscosque</strong></span> <span class='ocrx_word' id='word_1_391' title='bbox 1752 3401 2085 3471; x_wconf 83' lang='lat' dir='ltr'><strong>redarguere.</strong></span> <span class='ocrx_word' id='word_1_392' title='bbox 2117 3423 2133 3453; x_wconf 75' lang='grc' dir='ltr'><strong>ι</strong></span> <span class='ocrx_word' id='word_1_393' title='bbox 2162 3402 2296 3457; x_wconf 89' lang='lat' dir='ltr'><strong>Tum</strong></span> 
     </span>
    </p>
   </div>
   <div class='ocr_carea' id='block_1_53' title="bbox 768 3488 2291 3562">
    <p class='ocr_par' dir='ltr' id='par_1_53' title="bbox 768 3488 2291 3562">
     <span class='ocr_line' id='line_1_53' title="bbox 768 3488 2291 3562; baseline 0.004 -21"><span class='ocrx_word' id='word_1_394' title='bbox 768 3489 953 3558; x_wconf 79' lang='lat' dir='ltr'><strong>pancis</strong></span> <span class='ocrx_word' id='word_1_395' title='bbox 994 3488 1314 3556; x_wconf 84' lang='lat' dir='ltr'><strong>quibusdam</strong></span> <span class='ocrx_word' id='word_1_396' title='bbox 1345 3489 1635 3556; x_wconf 85' lang='lat' dir='ltr'><strong>interjectis</strong></span> <span class='ocrx_word' id='word_1_397' title='bbox 1670 3508 1683 3542; x_wconf 90' lang='lat'><strong>:</strong></span> <span class='ocrx_word' id='word_1_398' title='bbox 1727 3509 1753 3539; x_wconf 52' lang='grc' dir='ltr'><strong>(ν</strong></span> <span class='ocrx_word' id='word_1_399' title='bbox 1786 3490 2042 3557; x_wconf 83' lang='lat' dir='ltr'><strong>Necdum,</strong></span> <span class='ocrx_word' id='word_1_400' title='bbox 2085 3496 2291 3562; x_wconf 84' lang='lat' dir='ltr'><strong>inquit,</strong></span> 
     </span>
    </p>
   </div>
   <div class='ocr_carea' id='block_1_54' title="bbox 771 3577 2297 3650">
    <p class='ocr_par' dir='ltr' id='par_1_54' title="bbox 771 3577 2297 3650">
     <span class='ocr_line' id='line_1_54' title="bbox 771 3577 2297 3650; baseline 0.003 -18"><span class='ocrx_word' id='word_1_401' title='bbox 771 3581 891 3633; x_wconf 76' lang='lat' dir='ltr'><strong>illos</strong></span> <span class='ocrx_word' id='word_1_402' title='bbox 931 3594 1116 3631; x_wconf 88' lang='lat' dir='ltr'><strong>omnes</strong></span> <span class='ocrx_word' id='word_1_403' title='bbox 1146 3577 1534 3638; x_wconf 86' lang='lat' dir='ltr'><strong>recensuimus,</strong></span> <span class='ocrx_word' id='word_1_404' title='bbox 1568 3580 1658 3646; x_wconf 89' lang='lat' dir='ltr'><strong>qui</strong></span> <span class='ocrx_word' id='word_1_405' title='bbox 1693 3588 1797 3631; x_wconf 88' lang='lat' dir='ltr'><strong>tam</strong></span> <span class='ocrx_word' id='word_1_406' title='bbox 1830 3581 1894 3633; x_wconf 91' lang='lat' dir='ltr'><strong>de</strong></span> <span class='ocrx_word' id='word_1_407' title='bbox 1930 3597 1993 3635; x_wconf 89' lang='lat' dir='ltr'><strong>eo</strong></span> <span class='ocrx_word' id='word_1_408' title='bbox 2024 3584 2162 3650; x_wconf 91' lang='lat' dir='ltr'><strong>quod</strong></span> <span class='ocrx_word' id='word_1_409' title='bbox 2193 3599 2297 3636; x_wconf 87' lang='lat' dir='ltr'><strong>nou</strong></span> 
     </span>
    </p>
   </div>
   <div class='ocr_carea' id='block_1_55' title="bbox 767 3672 2294 3741">
    <p class='ocr_par' dir='ltr' id='par_1_55' title="bbox 767 3672 2294 3741">
     <span class='ocr_line' id='line_1_55' title="bbox 767 3672 2294 3741; baseline 0.002 -16"><span class='ocrx_word' id='word_1_410' title='bbox 767 3682 870 3737; x_wconf 92' lang='lat' dir='ltr'><strong>est,</strong></span> <span class='ocrx_word' id='word_1_411' title='bbox 907 3688 1065 3740; x_wconf 91' lang='lat' dir='ltr'><strong>quam</strong></span> <span class='ocrx_word' id='word_1_412' title='bbox 1103 3672 1167 3725; x_wconf 89' lang='lat' dir='ltr'><strong>de</strong></span> <span class='ocrx_word' id='word_1_413' title='bbox 1195 3686 1261 3724; x_wconf 85' lang='lat' dir='ltr'><strong>eo</strong></span> <span class='ocrx_word' id='word_1_414' title='bbox 1289 3672 1429 3739; x_wconf 83' lang='lat' dir='ltr'><strong>quod</strong></span> <span class='ocrx_word' id='word_1_415' title='bbox 1464 3680 1565 3733; x_wconf 87' lang='lat' dir='ltr'><strong>est,</strong></span> <span class='ocrx_word' id='word_1_416' title='bbox 1608 3674 1910 3725; x_wconf 86' lang='lat' dir='ltr'><strong>accuratius</strong></span> <span class='ocrx_word' id='word_1_417' title='bbox 1940 3675 2294 3741; x_wconf 89' lang='lat' dir='ltr'><strong>disputarunt.</strong></span> 
     </span>
    </p>
   </div>
   <div class='ocr_carea' id='block_1_56' title="bbox 770 3763 2299 3834">
    <p class='ocr_par' dir='ltr' id='par_1_56' title="bbox 770 3763 2299 3834">
     <span class='ocr_line' id='line_1_56' title="bbox 770 3763 2299 3834; baseline 0.001 -16"><span class='ocrx_word' id='word_1_418' title='bbox 770 3765 1148 3818; x_wconf 83' lang='lat' dir='ltr'><strong>Verumtamen</strong></span> <span class='ocrx_word' id='word_1_419' title='bbox 1182 3766 1311 3817; x_wconf 86' lang='lat' dir='ltr'><strong>satis</strong></span> <span class='ocrx_word' id='word_1_420' title='bbox 1351 3765 1450 3818; x_wconf 84' lang='lat' dir='ltr'><strong>ista</strong></span> <span class='ocrx_word' id='word_1_421' title='bbox 1486 3774 1665 3818; x_wconf 86' lang='lat' dir='ltr'><strong>sunto.</strong></span> <span class='ocrx_word' id='word_1_422' title='bbox 1704 3763 1853 3818; x_wconf 85' lang='lat' dir='ltr'><strong>Nunc</strong></span> <span class='ocrx_word' id='word_1_423' title='bbox 1892 3781 1984 3819; x_wconf 89' lang='lat' dir='ltr'><strong>eos</strong></span> <span class='ocrx_word' id='word_1_424' title='bbox 2024 3783 2179 3834; x_wconf 91' lang='lat' dir='ltr'><strong>porro</strong></span> <span class='ocrx_word' id='word_1_425' title='bbox 2226 3768 2299 3819; x_wconf 81' lang='lat' dir='ltr'><strong>vi—</strong></span> 
     </span>
    </p>
   </div>
   <div class='ocr_carea' id='block_1_57' title="bbox 769 3856 2300 3926">
    <p class='ocr_par' dir='ltr' id='par_1_57' title="bbox 769 3856 2300 3926">
     <span class='ocr_line' id='line_1_57' title="bbox 769 3856 2300 3926; baseline 0 -16"><span class='ocrx_word' id='word_1_426' title='bbox 769 3858 1012 3920; x_wconf 87' lang='lat' dir='ltr'><strong>deamus,</strong></span> <span class='ocrx_word' id='word_1_427' title='bbox 1055 3856 1145 3924; x_wconf 90' lang='lat' dir='ltr'><strong>qui</strong></span> <span class='ocrx_word' id='word_1_428' title='bbox 1182 3857 1282 3908; x_wconf 86' lang='lat' dir='ltr'><strong>alia</strong></span> <span class='ocrx_word' id='word_1_429' title='bbox 1336 3856 1516 3909; x_wconf 91' lang='lat' dir='ltr'><strong>omnia</strong></span> <span class='ocrx_word' id='word_1_430' title='bbox 1571 3866 1916 3920; x_wconf 90' lang='lat' dir='ltr'><strong>censuerunt,</strong></span> <span class='ocrx_word' id='word_1_431' title='bbox 1974 3868 2030 3910; x_wconf 89' lang='lat' dir='ltr'><strong>ut</strong></span> <span class='ocrx_word' id='word_1_432' title='bbox 2069 3857 2118 3910; x_wconf 89' lang='lat' dir='ltr'><strong>id</strong></span> <span class='ocrx_word' id='word_1_433' title='bbox 2158 3859 2300 3926; x_wconf 91' lang='lat' dir='ltr'><strong>quod</strong></span> 
     </span>
    </p>
   </div>
   <div class='ocr_carea' id='block_1_58' title="bbox 770 3946 2300 4023">
    <p class='ocr_par' dir='ltr' id='par_1_58' title="bbox 770 3946 2300 4023">
     <span class='ocr_line' id='line_1_58' title="bbox 770 3946 2300 4023; baseline -0.001 -20"><span class='ocrx_word' id='word_1_434' title='bbox 770 3957 871 4010; x_wconf 78' lang='lat' dir='ltr'><strong>est,</strong></span> <span class='ocrx_word' id='word_1_435' title='bbox 917 3946 1083 4023; x_wconf 79' lang='lat' dir='ltr'><strong>nihilo</strong></span> <span class='ocrx_word' id='word_1_436' title='bbox 1136 3948 1431 4015; x_wconf 86' lang='lat' dir='ltr'><strong>promptius</strong></span> <span class='ocrx_word' id='word_1_437' title='bbox 1473 3962 1569 4003; x_wconf 64' lang='lat' dir='ltr'><strong>eo,</strong></span> <span class='ocrx_word' id='word_1_438' title='bbox 1588 3949 1728 4015; x_wconf 91' lang='lat' dir='ltr'><strong>quod</strong></span> <span class='ocrx_word' id='word_1_439' title='bbox 1783 3964 1886 4001; x_wconf 90' lang='lat' dir='ltr'><strong>non</strong></span> <span class='ocrx_word' id='word_1_440' title='bbox 1933 3958 2046 4013; x_wconf 89' lang='lat' dir='ltr'><strong>est,</strong></span> <span class='ocrx_word' id='word_1_441' title='bbox 2098 3950 2160 4001; x_wconf 90' lang='lat' dir='ltr'><strong>ad</strong></span> <span class='ocrx_word' id='word_1_442' title='bbox 2208 3966 2300 4003; x_wconf 80' lang='lat' dir='ltr'><strong>ex-</strong></span> 
     </span>
    </p>
   </div>
   <div class='ocr_carea' id='block_1_59' title="bbox 772 4038 2296 4105">
    <p class='ocr_par' dir='ltr' id='par_1_59' title="bbox 772 4038 2296 4105">
     <span class='ocr_line' id='line_1_59' title="bbox 772 4038 2296 4105; baseline 0.002 -15"><span class='ocrx_word' id='word_1_443' title='bbox 772 4038 1072 4105; x_wconf 84' lang='lat' dir='ltr'><strong>plicandum</strong></span> <span class='ocrx_word' id='word_1_444' title='bbox 1114 4052 1249 4101; x_wconf 90' lang='lat' dir='ltr'><strong>esse,</strong></span> <span class='ocrx_word' id='word_1_445' title='bbox 1300 4038 1537 4089; x_wconf 90' lang='lat' dir='ltr'><strong>omnium</strong></span> <span class='ocrx_word' id='word_1_446' title='bbox 1568 4052 1631 4089; x_wconf 81' lang='lat' dir='ltr'><strong>ex</strong></span> <span class='ocrx_word' id='word_1_447' title='bbox 1673 4038 1949 4091; x_wconf 87' lang='lat' dir='ltr'><strong>sententiis</strong></span> <span class='ocrx_word' id='word_1_448' title='bbox 1975 4038 2296 4093; x_wconf 78' lang='lat' dir='ltr'><strong>auferamus.</strong></span> 
     </span>
    </p>
   </div>
   <div class='ocr_carea' id='block_1_60' title="bbox 772 4125 2301 4195">
    <p class='ocr_par' dir='ltr' id='par_1_60' title="bbox 772 4125 2301 4195">
     <span class='ocr_line' id='line_1_60' title="bbox 772 4125 2301 4195; baseline 0.003 -19"><span class='ocrx_word' id='word_1_449' title='bbox 772 4126 979 4193; x_wconf 77' lang='lat' dir='ltr'><strong>Quippe</strong></span> <span class='ocrx_word' id='word_1_450' title='bbox 1016 4126 1241 4179; x_wconf 85' lang='lat' dir='ltr'><strong>adeundi</strong></span> <span class='ocrx_word' id='word_1_451' title='bbox 1278 4125 1430 4181; x_wconf 84' lang='lat' dir='ltr'><strong>nobis</strong></span> <span class='ocrx_word' id='word_1_452' title='bbox 1466 4136 1589 4179; x_wconf 89' lang='lat' dir='ltr'><strong>sunt</strong></span> <span class='ocrx_word' id='word_1_453' title='bbox 1621 4125 1705 4178; x_wconf 87' lang='lat' dir='ltr'><strong>isti</strong></span> <span class='ocrx_word' id='word_1_454' title='bbox 1739 4142 1970 4194; x_wconf 90' lang='lat' dir='ltr'><strong>quoque.</strong></span> <span class='ocrx_word' id='word_1_455' title='bbox 2002 4129 2158 4195; x_wconf 82' lang='lat' dir='ltr'><strong>Atqui</strong></span> <span class='ocrx_word' id='word_1_456' title='bbox 2192 4129 2301 4181; x_wconf 75' lang='lat' dir='ltr'><strong>haec</strong></span> 
     </span>
    </p>
   </div>
   <div class='ocr_carea' id='block_1_61' title="bbox 774 4217 2301 4285">
    <p class='ocr_par' dir='ltr' id='par_1_61' title="bbox 774 4217 2301 4285">
     <span class='ocr_line' id='line_1_61' title="bbox 774 4217 2301 4285; baseline 0.003 -18"><span class='ocrx_word' id='word_1_457' title='bbox 774 4217 886 4283; x_wconf 88' lang='lat' dir='ltr'><strong>ipsa</strong></span> <span class='ocrx_word' id='word_1_458' title='bbox 918 4217 983 4269; x_wconf 89' lang='lat' dir='ltr'><strong>de</strong></span> <span class='ocrx_word' id='word_1_459' title='bbox 1027 4218 1268 4270; x_wconf 77' lang='lat' dir='ltr'><strong>essentia:</strong></span> <span class='ocrx_word' id='word_1_460' title='bbox 1319 4217 1524 4269; x_wconf 79' lang='lat' dir='ltr'><strong>ratione</strong></span> <span class='ocrx_word' id='word_1_461' title='bbox 1578 4218 1973 4281; x_wconf 82' lang='lat' dir='ltr'><strong>controversia,</strong></span> <span class='ocrx_word' id='word_1_462' title='bbox 2017 4219 2301 4285; x_wconf 86' lang='lat' dir='ltr'><strong>quamdam</strong></span> 
     </span>
    </p>
   </div>
   <div class='ocr_carea' id='block_1_62' title="bbox 774 4305 2305 4376">
    <p class='ocr_par' dir='ltr' id='par_1_62' title="bbox 774 4305 2305 4376">
     <span class='ocr_line' id='line_1_62' title="bbox 774 4305 2305 4376; baseline 0.004 -21"><span class='ocrx_word' id='word_1_463' title='bbox 774 4306 911 4357; x_wconf 81' lang='lat' dir='ltr'><strong>inter</strong></span> <span class='ocrx_word' id='word_1_464' title='bbox 958 4305 1072 4359; x_wconf 86' lang='lat' dir='ltr'><strong>illos</strong></span> <span class='ocrx_word' id='word_1_465' title='bbox 1117 4307 1273 4358; x_wconf 87' lang='lat' dir='ltr'><strong>etiam</strong></span> <span class='ocrx_word' id='word_1_466' title='bbox 1316 4306 1522 4359; x_wconf 87' lang='lat' dir='ltr'><strong>videtur</strong></span> <span class='ocrx_word' id='word_1_467' title='bbox 1565 4308 1856 4375; x_wconf 85' lang='lat' dir='ltr'><strong>gigantium</strong></span> <span class='ocrx_word' id='word_1_468' title='bbox 1892 4324 2120 4376; x_wconf 88' lang='lat' dir='ltr'><strong>pugnam</strong></span> <span class='ocrx_word' id='word_1_469' title='bbox 2166 4310 2305 4361; x_wconf 73' lang='lat' dir='ltr'><strong>exci-</strong></span> 
     </span>
    </p>
   </div>
   <div class='ocr_carea' id='block_1_63' title="bbox 776 4394 2299 4469">
    <p class='ocr_par' dir='ltr' id='par_1_63' title="bbox 776 4394 2299 4469">
     <span class='ocr_line' id='line_1_63' title="bbox 776 4394 2299 4469; baseline 0.004 -21"><span class='ocrx_word' id='word_1_470' title='bbox 776 4404 933 4448; x_wconf 83' lang='lat' dir='ltr'><strong>tasse.</strong></span> <span class='ocrx_word' id='word_1_471' title='bbox 962 4424 1027 4433; x_wconf 87' lang='lat'><strong>-—</strong></span> <span class='ocrx_word' id='word_1_472' title='bbox 1055 4394 1154 4459; x_wconf 84' lang='lat' dir='ltr'><strong>Qui</strong></span> <span class='ocrx_word' id='word_1_473' title='bbox 1190 4397 1437 4450; x_wconf 78' lang='lat' dir='ltr'><strong>tandem?</strong></span> <span class='ocrx_word' id='word_1_474' title='bbox 1460 4428 1529 4436; x_wconf 94' lang='lat'><strong><em>—</em></strong></span> <span class='ocrx_word' id='word_1_475' title='bbox 1556 4396 1814 4451; x_wconf 83' lang='lat' dir='ltr'><strong>Nimirum</strong></span> <span class='ocrx_word' id='word_1_476' title='bbox 1868 4400 1986 4464; x_wconf 88' lang='lat' dir='ltr'><strong>alii,</strong></span> <span class='ocrx_word' id='word_1_477' title='bbox 2042 4401 2167 4451; x_wconf 89' lang='lat' dir='ltr'><strong>dum</strong></span> <span class='ocrx_word' id='word_1_478' title='bbox 2208 4416 2299 4469; x_wconf 90' lang='lat' dir='ltr'><strong>pe-</strong></span> 
     </span>
    </p>
   </div>
   <div class='ocr_carea' id='block_1_64' title="bbox 2324 3179 2365 3236">
    <p class='ocr_par' dir='ltr' id='par_1_64' title="bbox 2324 3179 2365 3236">
     <span class='ocr_line' id='line_1_64' title="bbox 2324 3179 2365 3236; baseline 0 -2"><span class='ocrx_word' id='word_1_479' title='bbox 2324 3179 2365 3236; x_wconf 86' lang='lat' dir='ltr'><strong>C</strong></span> 
     </span>
    </p>
   </div>
   <div class='ocr_carea' id='block_1_65' title="bbox 2392 1968 3914 2045">
    <p class='ocr_par' dir='ltr' id='par_1_65' title="bbox 2392 1968 3914 2045">
     <span class='ocr_line' id='line_1_65' title="bbox 2392 1968 3914 2045; baseline -0.005 -19"><span class='ocrx_word' id='word_1_480' title='bbox 2392 1975 2677 2045; x_wconf 83' lang='grc' dir='ltr'>τονώτεραι</span> <span class='ocrx_word' id='word_1_481' title='bbox 2702 1973 2805 2025; x_wconf 83' lang='grc' dir='ltr'>τῶν</span> <span class='ocrx_word' id='word_1_482' title='bbox 2834 1971 3089 2024; x_wconf 83' lang='grc' dir='ltr'><strong>Μουσῶν·</strong></span> <span class='ocrx_word' id='word_1_483' title='bbox 3123 1972 3177 2023; x_wconf 92' lang='grc' dir='ltr'>αἱ</span> <span class='ocrx_word' id='word_1_484' title='bbox 3226 1970 3279 2022; x_wconf 86' lang='grc' dir='ltr'>δὲ</span> <span class='ocrx_word' id='word_1_485' title='bbox 3324 1968 3709 2040; x_wconf 76' lang='grc' dir='ltr'><strong>μαλακώτεραι</strong></span> <span class='ocrx_word' id='word_1_486' title='bbox 3758 1970 3814 2020; x_wconf 76' lang='grc' dir='ltr'>τὸ</span> <span class='ocrx_word' id='word_1_487' title='bbox 3836 1970 3914 2035; x_wconf 81' lang='grc' dir='ltr'>μὲν</span> 
     </span>
    </p>
   </div>
   <div class='ocr_carea' id='block_1_66' title="bbox 2392 2059 3912 2130">
    <p class='ocr_par' dir='ltr' id='par_1_66' title="bbox 2392 2059 3912 2130">
     <span class='ocr_line' id='line_1_66' title="bbox 2392 2059 3912 2130; baseline -0.004 -15"><span class='ocrx_word' id='word_1_488' title='bbox 2392 2064 2478 2115; x_wconf 73' lang='grc' dir='ltr'><strong>ἀεὶ</strong></span> <span class='ocrx_word' id='word_1_489' title='bbox 2516 2064 2587 2129; x_wconf 83' lang='lat' dir='ltr'><strong>l7)</strong></span> <span class='ocrx_word' id='word_1_490' title='bbox 2622 2063 2788 2115; x_wconf 82' lang='grc' dir='ltr'>ταῦτα</span> <span class='ocrx_word' id='word_1_491' title='bbox 2836 2061 3005 2123; x_wconf 72' lang='grc' dir='ltr'>οὕτως</span> <span class='ocrx_word' id='word_1_492' title='bbox 3057 2061 3195 2130; x_wconf 77' lang='grc' dir='ltr'>ἔχειν</span> <span class='ocrx_word' id='word_1_493' title='bbox 3251 2060 3542 2129; x_wconf 72' lang='grc' dir='ltr'>ὲχάλασαν*</span> <span class='ocrx_word' id='word_1_494' title='bbox 3579 2060 3636 2109; x_wconf 86' lang='grc' dir='ltr'><strong>ὲν</strong></span> <span class='ocrx_word' id='word_1_495' title='bbox 3688 2061 3830 2128; x_wconf 83' lang='grc' dir='ltr'>μέρει</span> <span class='ocrx_word' id='word_1_496' title='bbox 3872 2059 3912 2109; x_wconf 74' lang='grc' dir='ltr'>δὲ</span> 
     </span>
    </p>
   </div>
   <div class='ocr_carea' id='block_1_67' title="bbox 2392 2132 3983 2222">
    <p class='ocr_par' dir='ltr' id='par_1_67' title="bbox 2392 2132 3983 2222">
     <span class='ocr_line' id='line_1_67' title="bbox 2392 2132 3983 2222; baseline -0.006 -17"><span class='ocrx_word' id='word_1_497' title='bbox 2392 2154 2509 2205; x_wconf 78' lang='grc' dir='ltr'>τοτὲ</span> <span class='ocrx_word' id='word_1_498' title='bbox 2540 2154 2633 2222; x_wconf 83' lang='grc' dir='ltr'><strong>μὲν</strong></span> <span class='ocrx_word' id='word_1_499' title='bbox 2658 2153 2713 2203; x_wconf 82' lang='grc' dir='ltr'><strong>ἓν</strong></span> <span class='ocrx_word' id='word_1_500' title='bbox 2736 2150 2870 2204; x_wconf 83' lang='grc' dir='ltr'>εἷναί</span> <span class='ocrx_word' id='word_1_501' title='bbox 2901 2168 3027 2219; x_wconf 90' lang='grc' dir='ltr'>φασι</span> <span class='ocrx_word' id='word_1_502' title='bbox 3046 2150 3107 2202; x_wconf 78' lang='grc' dir='ltr'><strong>’τὸ</strong></span> <span class='ocrx_word' id='word_1_503' title='bbox 3140 2152 3243 2202; x_wconf 79' lang='grc' dir='ltr'><strong>πᾶν</strong></span> <span class='ocrx_word' id='word_1_504' title='bbox 3275 2152 3365 2202; x_wconf 71' lang='grc' dir='ltr'><strong>καὶ</strong></span> <span class='ocrx_word' id='word_1_505' title='bbox 3392 2150 3535 2218; x_wconf 76' lang='grc' dir='ltr'>φίλον</span> <span class='ocrx_word' id='word_1_506' title='bbox 3563 2149 3653 2200; x_wconf 83' lang='grc' dir='ltr'><strong>ὑπ’</strong></span> <span class='ocrx_word' id='word_1_507' title='bbox 3696 2132 3911 2217; x_wconf 74' lang='grc' dir='ltr'>’Ᾰφρσδί-</span> <span class='ocrx_word' id='word_1_508' title='bbox 3982 2156 3983 2181; x_wconf 53' lang='grc' dir='ltr'><strong>ῖ</strong></span> 
     </span>
    </p>
   </div>
   <div class='ocr_carea' id='block_1_68' title="bbox 2393 2235 3983 2313">
    <p class='ocr_par' dir='ltr' id='par_1_68' title="bbox 2393 2235 3983 2313">
     <span class='ocr_line' id='line_1_68' title="bbox 2393 2235 3983 2313; baseline -0.003 -20"><span class='ocrx_word' id='word_1_509' title='bbox 2393 2260 2519 2313; x_wconf 88' lang='grc' dir='ltr'>της·</span> <span class='ocrx_word' id='word_1_510' title='bbox 2554 2243 2671 2294; x_wconf 78' lang='grc' dir='ltr'>τοτὲ</span> <span class='ocrx_word' id='word_1_511' title='bbox 2695 2242 2749 2292; x_wconf 83' lang='grc' dir='ltr'>δὲ</span> <span class='ocrx_word' id='word_1_512' title='bbox 2780 2242 2965 2303; x_wconf 75' lang='grc' dir='ltr'>πολλὰ,</span> <span class='ocrx_word' id='word_1_513' title='bbox 2990 2244 3080 2294; x_wconf 74' lang='grc' dir='ltr'>καὶ</span> <span class='ocrx_word' id='word_1_514' title='bbox 3111 2241 3363 2309; x_wconf 86' lang='grc' dir='ltr'>πολέμιον</span> <span class='ocrx_word' id='word_1_515' title='bbox 3392 2239 3520 2291; x_wconf 77' lang='grc' dir='ltr'>αὐτὸ</span> <span class='ocrx_word' id='word_1_516' title='bbox 3553 2235 3703 2305; x_wconf 76' lang='grc' dir='ltr'><strong>αὑτῷ</strong></span> <span class='ocrx_word' id='word_1_517' title='bbox 3728 2236 3811 2288; x_wconf 71' lang='grc' dir='ltr'>διὰ</span> <span class='ocrx_word' id='word_1_518' title='bbox 3831 2239 3913 2289; x_wconf 60' lang='grc' dir='ltr'><strong>πῖο</strong></span> <span class='ocrx_word' id='word_1_519' title='bbox 3982 2286 3983 2301; x_wconf 22' lang='grc' dir='ltr'><strong>χ</strong></span> 
     </span>
    </p>
   </div>
   <div class='ocr_carea' id='block_1_69' title="bbox 2396 2328 3985 2400">
    <p class='ocr_par' dir='ltr' id='par_1_69' title="bbox 2396 2328 3985 2400">
     <span class='ocr_line' id='line_1_69' title="bbox 2396 2328 3985 2400; baseline -0.008 -13"><span class='ocrx_word' id='word_1_520' title='bbox 2396 2334 2486 2396; x_wconf 85' lang='grc' dir='ltr'>κός</span> <span class='ocrx_word' id='word_1_521' title='bbox 2513 2351 2582 2386; x_wconf 88' lang='grc' dir='ltr'><strong>τι.</strong></span> <span class='ocrx_word' id='word_1_522' title='bbox 2620 2333 2798 2385; x_wconf 87' lang='grc' dir='ltr'>Ταῦτα</span> <span class='ocrx_word' id='word_1_523' title='bbox 2825 2333 2880 2384; x_wconf 84' lang='grc' dir='ltr'>δὲ</span> <span class='ocrx_word' id='word_1_524' title='bbox 2918 2334 3091 2385; x_wconf 82' lang='grc' dir='ltr'>πάντα</span> <span class='ocrx_word' id='word_1_525' title='bbox 3143 2334 3189 2383; x_wconf 87' lang='grc' dir='ltr'><strong>εί</strong></span> <span class='ocrx_word' id='word_1_526' title='bbox 3260 2331 3356 2400; x_wconf 83' lang='grc' dir='ltr'>μὲν</span> <span class='ocrx_word' id='word_1_527' title='bbox 3408 2330 3624 2399; x_wconf 84' lang='grc' dir='ltr'>ἀληθῶς</span> <span class='ocrx_word' id='word_1_528' title='bbox 3671 2329 3814 2397; x_wconf 75' lang='grc' dir='ltr'>τιςῆ</span> <span class='ocrx_word' id='word_1_529' title='bbox 3856 2328 3913 2396; x_wconf 71' lang='grc' dir='ltr'>μὴ</span> <span class='ocrx_word' id='word_1_530' title='bbox 3984 2338 3985 2369; x_wconf 67' lang='lat' dir='ltr'><strong>l</strong></span> 
     </span>
    </p>
   </div>
   <div class='ocr_carea' id='block_1_70' title="bbox 2394 2419 3913 2501">
    <p class='ocr_par' dir='ltr' id='par_1_70' title="bbox 2394 2419 3913 2501">
     <span class='ocr_line' id='line_1_70' title="bbox 2394 2419 3913 2501; baseline -0.003 -25"><span class='ocrx_word' id='word_1_531' title='bbox 2394 2423 2593 2476; x_wconf 86' lang='grc' dir='ltr'>τούτων</span> <span class='ocrx_word' id='word_1_532' title='bbox 2623 2422 2831 2493; x_wconf 76' lang='grc' dir='ltr'>εἴρηκε,</span> <span class='ocrx_word' id='word_1_533' title='bbox 2859 2422 3085 2501; x_wconf 78' lang='grc' dir='ltr'>χαλεπὸν</span> <span class='ocrx_word' id='word_1_534' title='bbox 3118 2422 3211 2473; x_wconf 76' lang='grc' dir='ltr'>καὶ</span> <span class='ocrx_word' id='word_1_535' title='bbox 3234 2421 3541 2489; x_wconf 86' lang='grc' dir='ltr'>πλημμελὲς</span> <span class='ocrx_word' id='word_1_536' title='bbox 3570 2420 3713 2472; x_wconf 75' lang='grc' dir='ltr'>οὕτω</span> <span class='ocrx_word' id='word_1_537' title='bbox 3737 2419 3913 2489; x_wconf 69' lang='grc' dir='ltr'>μεγάλα</span> 
     </span>
    </p>
   </div>
   <div class='ocr_carea' id='block_1_71' title="bbox 2396 2508 3914 2577">
    <p class='ocr_par' dir='ltr' id='par_1_71' title="bbox 2396 2508 3914 2577">
     <span class='ocr_line' id='line_1_71' title="bbox 2396 2508 3914 2577; baseline -0.003 -15"><span class='ocrx_word' id='word_1_538' title='bbox 2396 2510 2620 2570; x_wconf 82' lang='grc' dir='ltr'>κλεινοῖς</span> <span class='ocrx_word' id='word_1_539' title='bbox 2650 2511 2741 2560; x_wconf 76' lang='grc' dir='ltr'>καὶ</span> <span class='ocrx_word' id='word_1_540' title='bbox 2776 2508 3016 2571; x_wconf 87' lang='grc' dir='ltr'>παλαιοῖς</span> <span class='ocrx_word' id='word_1_541' title='bbox 3046 2508 3297 2577; x_wconf 82' lang='grc' dir='ltr'><strong>ἀνδράσιν</strong></span> <span class='ocrx_word' id='word_1_542' title='bbox 3327 2509 3600 2577; x_wconf 76' lang='grc' dir='ltr'>ἐπιτιμᾷν.</span> <span class='ocrx_word' id='word_1_543' title='bbox 3630 2526 3647 2556; x_wconf 69' lang='grc' dir='ltr'>ι</span> <span class='ocrx_word' id='word_1_544' title='bbox 3670 2510 3779 2559; x_wconf 70' lang='grc' dir='ltr'><strong>Καὶ</strong></span> <span class='ocrx_word' id='word_1_545' title='bbox 3804 2508 3914 2575; x_wconf 73' lang='grc' dir='ltr'>μετᾶ</span> 
     </span>
    </p>
   </div>
   <div class='ocr_carea' id='block_1_72' title="bbox 2397 2598 3911 2669">
    <p class='ocr_par' dir='ltr' id='par_1_72' title="bbox 2397 2598 3911 2669">
     <span class='ocr_line' id='line_1_72' title="bbox 2397 2598 3911 2669; baseline -0.001 -19"><span class='ocrx_word' id='word_1_546' title='bbox 2397 2599 2599 2668; x_wconf 81' lang='grc' dir='ltr'>βραχέα</span> <span class='ocrx_word' id='word_1_547' title='bbox 2637 2598 2904 2665; x_wconf 75' lang='grc' dir='ltr'>ἐπιλέγει·</span> <span class='ocrx_word' id='word_1_548' title='bbox 2950 2618 2967 2648; x_wconf 75' lang='grc' dir='ltr'>ι</span> <span class='ocrx_word' id='word_1_549' title='bbox 2990 2599 3123 2659; x_wconf 82' lang='grc' dir='ltr'>Τοὺς</span> <span class='ocrx_word' id='word_1_550' title='bbox 3156 2599 3250 2665; x_wconf 87' lang='grc' dir='ltr'>μὲν</span> <span class='ocrx_word' id='word_1_551' title='bbox 3278 2598 3451 2649; x_wconf 84' lang='grc' dir='ltr'>τοίνυν</span> <span class='ocrx_word' id='word_1_552' title='bbox 3502 2598 3911 2669; x_wconf 74' lang='grc' dir='ltr'>διακριὸολογον-</span> 
     </span>
    </p>
   </div>
   <div class='ocr_carea' id='block_1_73' title="bbox 2399 2688 3913 2759">
    <p class='ocr_par' dir='ltr' id='par_1_73' title="bbox 2399 2688 3913 2759">
     <span class='ocr_line' id='line_1_73' title="bbox 2399 2688 3913 2759; baseline -0.002 -19"><span class='ocrx_word' id='word_1_553' title='bbox 2399 2690 2585 2758; x_wconf 85' lang='grc' dir='ltr'>μένους</span> <span class='ocrx_word' id='word_1_554' title='bbox 2610 2688 2758 2751; x_wconf 89' lang='grc' dir='ltr'>ὄντος</span> <span class='ocrx_word' id='word_1_555' title='bbox 2789 2705 2846 2740; x_wconf 90' lang='grc' dir='ltr'>τε</span> <span class='ocrx_word' id='word_1_556' title='bbox 2876 2689 2999 2759; x_wconf 76' lang='grc' dir='ltr'>πέρι</span> <span class='ocrx_word' id='word_1_557' title='bbox 3028 2689 3118 2740; x_wconf 74' lang='grc' dir='ltr'><strong>καὶ</strong></span> <span class='ocrx_word' id='word_1_558' title='bbox 3160 2689 3232 2757; x_wconf 77' lang='grc' dir='ltr'>μὴ</span> <span class='ocrx_word' id='word_1_559' title='bbox 3257 2688 3459 2751; x_wconf 81' lang='grc' dir='ltr'>πάντας</span> <span class='ocrx_word' id='word_1_560' title='bbox 3486 2690 3583 2758; x_wconf 84' lang='grc' dir='ltr'>μὲν</span> <span class='ocrx_word' id='word_1_561' title='bbox 3614 2691 3674 2740; x_wconf 76' lang='grc' dir='ltr'>οὐ</span> <span class='ocrx_word' id='word_1_562' title='bbox 3702 2689 3913 2757; x_wconf 65' lang='grc' dir='ltr'>διεληλύ-</span> 
     </span>
    </p>
   </div>
   <div class='ocr_carea' id='block_1_74' title="bbox 2397 2780 3913 2853">
    <p class='ocr_par' dir='ltr' id='par_1_74' title="bbox 2397 2780 3913 2853">
     <span class='ocr_line' id='line_1_74' title="bbox 2397 2780 3913 2853; baseline 0 -22"><span class='ocrx_word' id='word_1_563' title='bbox 2397 2780 2563 2849; x_wconf 81' lang='grc' dir='ltr'>θαμεν</span> <span class='ocrx_word' id='word_1_564' title='bbox 2586 2798 2599 2811; x_wconf 75' lang='grc' dir='ltr'><strong>ο</strong></span> <span class='ocrx_word' id='word_1_565' title='bbox 2623 2782 2767 2849; x_wconf 86' lang='grc' dir='ltr'>ὅμως</span> <span class='ocrx_word' id='word_1_566' title='bbox 2796 2780 2840 2831; x_wconf 79' lang='grc' dir='ltr'>δ’</span> <span class='ocrx_word' id='word_1_567' title='bbox 2888 2780 3084 2853; x_wconf 46' lang='grc' dir='ltr'>ἱκανῶς</span> <span class='ocrx_word' id='word_1_568' title='bbox 3116 2780 3315 2849; x_wconf 85' lang='grc' dir='ltr'>ὲχέτω·</span> <span class='ocrx_word' id='word_1_569' title='bbox 3365 2782 3488 2841; x_wconf 82' lang='grc' dir='ltr'>τοὺς</span> <span class='ocrx_word' id='word_1_570' title='bbox 3524 2781 3583 2831; x_wconf 85' lang='grc' dir='ltr'>δὲ</span> <span class='ocrx_word' id='word_1_571' title='bbox 3622 2781 3795 2842; x_wconf 72' lang='grc' dir='ltr'>ἄλλως</span> <span class='ocrx_word' id='word_1_572' title='bbox 3844 2781 3913 2831; x_wconf 85' lang='grc' dir='ltr'>λέ-</span> 
     </span>
    </p>
   </div>
   <div class='ocr_carea' id='block_1_75' title="bbox 2396 2868 3987 2941">
    <p class='ocr_par' dir='ltr' id='par_1_75' title="bbox 2396 2868 3987 2941">
     <span class='ocr_line' id='line_1_75' title="bbox 2396 2868 3987 2941; baseline -0.001 -19"><span class='ocrx_word' id='word_1_573' title='bbox 2396 2888 2583 2937; x_wconf 89' lang='grc' dir='ltr'>γοντας</span> <span class='ocrx_word' id='word_1_574' title='bbox 2621 2869 2685 2922; x_wconf 78' lang='grc' dir='ltr'>αὖ</span> <span class='ocrx_word' id='word_1_575' title='bbox 2717 2871 2949 2931; x_wconf 82' lang='grc' dir='ltr'><strong>θεατέον,</strong></span> <span class='ocrx_word' id='word_1_576' title='bbox 2987 2872 3051 2921; x_wconf 83' lang='grc' dir='ltr'><strong>ἵν’</strong></span> <span class='ocrx_word' id='word_1_577' title='bbox 3078 2872 3139 2922; x_wconf 82' lang='grc' dir='ltr'>ὲκ</span> <span class='ocrx_word' id='word_1_578' title='bbox 3165 2872 3374 2922; x_wconf 82' lang='grc' dir='ltr'>πάντων</span> <span class='ocrx_word' id='word_1_579' title='bbox 3405 2870 3598 2939; x_wconf 72' lang='grc' dir='ltr'>ἴδωμεν</span> <span class='ocrx_word' id='word_1_580' title='bbox 3618 2911 3632 2933; x_wconf 90' lang='grc'><strong>,</strong></span> <span class='ocrx_word' id='word_1_581' title='bbox 3668 2872 3748 2922; x_wconf 78' lang='grc' dir='ltr'><strong>ὄτι</strong></span> <span class='ocrx_word' id='word_1_582' title='bbox 3792 2871 3845 2921; x_wconf 72' lang='grc' dir='ltr'>τὸ</span> <span class='ocrx_word' id='word_1_583' title='bbox 3868 2868 3913 2920; x_wconf 67' lang='grc' dir='ltr'><strong>ὃν</strong></span> <span class='ocrx_word' id='word_1_584' title='bbox 3982 2894 3987 2941; x_wconf 45' lang='grc' dir='ltr'>ι</span> 
     </span>
    </p>
   </div>
   <div class='ocr_carea' id='block_1_76' title="bbox 2394 2944 3987 3027">
    <p class='ocr_par' dir='ltr' id='par_1_76' title="bbox 2394 2944 3987 3027">
     <span class='ocr_line' id='line_1_76' title="bbox 2394 2944 3987 3027; baseline 0.001 -18"><span class='ocrx_word' id='word_1_585' title='bbox 2394 2958 2485 3009; x_wconf 88' lang='grc' dir='ltr'><strong>τοῦ</strong></span> <span class='ocrx_word' id='word_1_586' title='bbox 2520 2959 2590 3027; x_wconf 85' lang='grc' dir='ltr'>μὴ</span> <span class='ocrx_word' id='word_1_587' title='bbox 2622 2959 2769 3019; x_wconf 89' lang='grc' dir='ltr'>ὄντος</span> <span class='ocrx_word' id='word_1_588' title='bbox 2810 2958 2957 3010; x_wconf 79' lang='grc' dir='ltr'>οὐδὲν</span> <span class='ocrx_word' id='word_1_589' title='bbox 2997 2957 3360 3027; x_wconf 80' lang='grc' dir='ltr'><strong>εὐπορώτερον</strong></span> <span class='ocrx_word' id='word_1_590' title='bbox 3416 2961 3585 3009; x_wconf 78' lang='grc' dir='ltr'>εἰπεῖν</span> <span class='ocrx_word' id='word_1_591' title='bbox 3640 2960 3667 3011; x_wconf 82' lang='grc' dir='ltr'>ὃ</span> <span class='ocrx_word' id='word_1_592' title='bbox 3714 2977 3766 3009; x_wconf 83' lang='grc' dir='ltr'><strong>τι</strong></span> <span class='ocrx_word' id='word_1_593' title='bbox 3809 2960 3914 3010; x_wconf 81' lang='grc' dir='ltr'>ποτέ</span> <span class='ocrx_word' id='word_1_594' title='bbox 3986 2944 3987 2969; x_wconf 24' lang='lat'>1</span> 
     </span>
    </p>
   </div>
   <div class='ocr_carea' id='block_1_77' title="bbox 2396 3046 3915 3117">
    <p class='ocr_par' dir='ltr' id='par_1_77' title="bbox 2396 3046 3915 3117">
     <span class='ocr_line' id='line_1_77' title="bbox 2396 3046 3915 3117; baseline 0 -20"><span class='ocrx_word' id='word_1_595' title='bbox 2396 3048 2558 3099; x_wconf 71' lang='grc' dir='ltr'>ἐστιν.</span> <span class='ocrx_word' id='word_1_596' title='bbox 2583 3048 2785 3099; x_wconf 81' lang='grc' dir='ltr'>Οὐκοῦν</span> <span class='ocrx_word' id='word_1_597' title='bbox 2807 3046 3125 3116; x_wconf 80' lang='grc' dir='ltr'>πορεύεσθαι</span> <span class='ocrx_word' id='word_1_598' title='bbox 3155 3048 3257 3117; x_wconf 87' lang='grc' dir='ltr'>χρὴ</span> <span class='ocrx_word' id='word_1_599' title='bbox 3290 3048 3379 3099; x_wconf 82' lang='grc' dir='ltr'>καὶ</span> <span class='ocrx_word' id='word_1_600' title='bbox 3410 3048 3499 3098; x_wconf 76' lang='grc' dir='ltr'><strong>ἐπὶ</strong></span> <span class='ocrx_word' id='word_1_601' title='bbox 3543 3048 3775 3110; x_wconf 77' lang='grc' dir='ltr'>τούτοις.</span> <span class='ocrx_word' id='word_1_602' title='bbox 3830 3050 3915 3100; x_wconf 70' lang='grc' dir='ltr'>Καὶ</span> 
     </span>
    </p>
   </div>
   <div class='ocr_carea' id='block_1_78' title="bbox 2401 3134 3917 3209">
    <p class='ocr_par' dir='ltr' id='par_1_78' title="bbox 2401 3134 3917 3209">
     <span class='ocr_line' id='line_1_78' title="bbox 2401 3134 3917 3209; baseline -0.002 -19"><span class='ocrx_word' id='word_1_603' title='bbox 2401 3141 2507 3209; x_wconf 77' lang='grc' dir='ltr'><strong>μὴν</strong></span> <span class='ocrx_word' id='word_1_604' title='bbox 2538 3139 2677 3190; x_wconf 76' lang='grc' dir='ltr'>ἔοικέ</span> <span class='ocrx_word' id='word_1_605' title='bbox 2709 3156 2771 3206; x_wconf 89' lang='grc' dir='ltr'>γε</span> <span class='ocrx_word' id='word_1_606' title='bbox 2815 3140 2870 3190; x_wconf 80' lang='grc' dir='ltr'>ὲν</span> <span class='ocrx_word' id='word_1_607' title='bbox 2897 3139 3073 3200; x_wconf 80' lang='grc' dir='ltr'>αὐτοῖς</span> <span class='ocrx_word' id='word_1_608' title='bbox 3103 3134 3212 3189; x_wconf 74' lang='grc' dir='ltr'>οἷον</span> <span class='ocrx_word' id='word_1_609' title='bbox 3250 3140 3642 3207; x_wconf 85' lang='grc' dir='ltr'>γιγαντομαχία</span> <span class='ocrx_word' id='word_1_610' title='bbox 3679 3156 3765 3201; x_wconf 89' lang='grc' dir='ltr'><strong>τις</strong></span> <span class='ocrx_word' id='word_1_611' title='bbox 3804 3134 3917 3191; x_wconf 72' lang='grc' dir='ltr'>εἶναι</span> 
     </span>
    </p>
   </div>
   <div class='ocr_carea' id='block_1_79' title="bbox 2397 3228 3914 3298">
    <p class='ocr_par' dir='ltr' id='par_1_79' title="bbox 2397 3228 3914 3298">
     <span class='ocr_line' id='line_1_79' title="bbox 2397 3228 3914 3298; baseline -0.001 -18"><span class='ocrx_word' id='word_1_612' title='bbox 2397 3229 2481 3281; x_wconf 80' lang='grc' dir='ltr'><strong>διὰ</strong></span> <span class='ocrx_word' id='word_1_613' title='bbox 2502 3230 2595 3298; x_wconf 85' lang='grc' dir='ltr'>τὴν</span> <span class='ocrx_word' id='word_1_614' title='bbox 2615 3228 3007 3298; x_wconf 78' lang='grc' dir='ltr'>ἀμφισϐήτησιν</span> <span class='ocrx_word' id='word_1_615' title='bbox 3024 3229 3149 3297; x_wconf 81' lang='grc' dir='ltr'>περὶ</span> <span class='ocrx_word' id='word_1_616' title='bbox 3175 3229 3270 3297; x_wconf 85' lang='grc' dir='ltr'>τῆς</span> <span class='ocrx_word' id='word_1_617' title='bbox 3296 3228 3477 3289; x_wconf 77' lang='grc' dir='ltr'>οὐσίας</span> <span class='ocrx_word' id='word_1_618' title='bbox 3500 3228 3635 3298; x_wconf 77' lang='grc' dir='ltr'>πρὸς</span> <span class='ocrx_word' id='word_1_619' title='bbox 3660 3228 3914 3297; x_wconf 67' lang='grc' dir='ltr'>ἀλλήλους.</span> 
     </span>
    </p>
   </div>
   <div class='ocr_carea' id='block_1_80' title="bbox 2396 3317 3919 3387">
    <p class='ocr_par' dir='ltr' id='par_1_80' title="bbox 2396 3317 3919 3387">
     <span class='ocr_line' id='line_1_80' title="bbox 2396 3317 3919 3387; baseline 0.001 -18"><span class='ocrx_word' id='word_1_620' title='bbox 2396 3319 2634 3383; x_wconf 80' lang='grc' dir='ltr'><strong>-Πῶς;</strong></span> <span class='ocrx_word' id='word_1_621' title='bbox 2665 3321 2807 3369; x_wconf 87' lang='grc' dir='ltr'><strong>-Οί</strong></span> <span class='ocrx_word' id='word_1_622' title='bbox 2844 3320 2939 3387; x_wconf 82' lang='grc' dir='ltr'>μὲν</span> <span class='ocrx_word' id='word_1_623' title='bbox 2972 3320 3047 3379; x_wconf 80' lang='grc' dir='ltr'><strong>εἰς</strong></span> <span class='ocrx_word' id='word_1_624' title='bbox 3074 3317 3175 3386; x_wconf 81' lang='grc' dir='ltr'>γῆν</span> <span class='ocrx_word' id='word_1_625' title='bbox 3203 3317 3262 3380; x_wconf 76' lang='grc' dir='ltr'>ἐξ</span> <span class='ocrx_word' id='word_1_626' title='bbox 3286 3317 3508 3387; x_wconf 78' lang='grc' dir='ltr'>οὐρανοῦ</span> <span class='ocrx_word' id='word_1_627' title='bbox 3535 3320 3631 3370; x_wconf 69' lang='grc' dir='ltr'>καὶ</span> <span class='ocrx_word' id='word_1_628' title='bbox 3656 3318 3751 3371; x_wconf 90' lang='grc' dir='ltr'><strong>τοῦ</strong></span> <span class='ocrx_word' id='word_1_629' title='bbox 3782 3319 3919 3387; x_wconf 68' lang='grc' dir='ltr'><strong>ἀορά-</strong></span> 
     </span>
    </p>
   </div>
   <div class='ocr_carea' id='block_1_81' title="bbox 2395 3410 3919 3479">
    <p class='ocr_par' dir='ltr' id='par_1_81' title="bbox 2395 3410 3919 3479">
     <span class='ocr_line' id='line_1_81' title="bbox 2395 3410 3919 3479; baseline 0 -19"><span class='ocrx_word' id='word_1_630' title='bbox 2395 3426 2487 3461; x_wconf 85' lang='grc' dir='ltr'><strong>του</strong></span> <span class='ocrx_word' id='word_1_631' title='bbox 2523 3410 2693 3461; x_wconf 82' lang='grc' dir='ltr'>πάντα</span> <span class='ocrx_word' id='word_1_632' title='bbox 2720 3410 2951 3471; x_wconf 75' lang='grc' dir='ltr'>ἕλκουσι,</span> <span class='ocrx_word' id='word_1_633' title='bbox 2976 3413 3093 3471; x_wconf 86' lang='grc' dir='ltr'>ταῖς</span> <span class='ocrx_word' id='word_1_634' title='bbox 3122 3410 3303 3479; x_wconf 76' lang='grc' dir='ltr'>χερσὶν</span> <span class='ocrx_word' id='word_1_635' title='bbox 3334 3410 3565 3479; x_wconf 86' lang='grc' dir='ltr'>ἀτεχνῶς</span> <span class='ocrx_word' id='word_1_636' title='bbox 3601 3411 3806 3479; x_wconf 82' lang='grc' dir='ltr'>πέτρας</span> <span class='ocrx_word' id='word_1_637' title='bbox 3845 3410 3919 3460; x_wconf 74' lang='grc' dir='ltr'>καὶ</span> 
     </span>
    </p>
   </div>
   <div class='ocr_carea' id='block_1_82' title="bbox 2396 3498 3917 3568">
    <p class='ocr_par' dir='ltr' id='par_1_82' title="bbox 2396 3498 3917 3568">
     <span class='ocr_line' id='line_1_82' title="bbox 2396 3498 3917 3568; baseline 0 -19"><span class='ocrx_word' id='word_1_638' title='bbox 2396 3498 2521 3567; x_wconf 89' lang='grc' dir='ltr'>δρῦς</span> <span class='ocrx_word' id='word_1_639' title='bbox 2571 3498 3070 3568; x_wconf 80' lang='grc' dir='ltr'>περιλαμδάνοντες.</span> <span class='ocrx_word' id='word_1_640' title='bbox 3105 3498 3222 3549; x_wconf 82' lang='grc' dir='ltr'><strong>Τῶν</strong></span> <span class='ocrx_word' id='word_1_641' title='bbox 3261 3498 3368 3568; x_wconf 87' lang='grc' dir='ltr'>γὰρ</span> <span class='ocrx_word' id='word_1_642' title='bbox 3410 3498 3664 3551; x_wconf 84' lang='grc' dir='ltr'>τοιούτων</span> <span class='ocrx_word' id='word_1_643' title='bbox 3708 3498 3917 3567; x_wconf 76' lang='grc' dir='ltr'>ἐφαπτό-</span> 
     </span>
    </p>
   </div>
   <div class='ocr_carea' id='block_1_83' title="bbox 2402 3586 3918 3658">
    <p class='ocr_par' dir='ltr' id='par_1_83' title="bbox 2402 3586 3918 3658">
     <span class='ocr_line' id='line_1_83' title="bbox 2402 3586 3918 3658; baseline 0.003 -22"><span class='ocrx_word' id='word_1_644' title='bbox 2402 3603 2544 3655; x_wconf 85' lang='grc' dir='ltr'>μενοι</span> <span class='ocrx_word' id='word_1_645' title='bbox 2600 3588 2830 3648; x_wconf 86' lang='grc' dir='ltr'>πάντων,</span> <span class='ocrx_word' id='word_1_646' title='bbox 2884 3586 3295 3658; x_wconf 82' lang='grc' dir='ltr'>διισχυρίζονται</span> <span class='ocrx_word' id='word_1_647' title='bbox 3336 3588 3491 3641; x_wconf 85' lang='grc' dir='ltr'>τοῦτο</span> <span class='ocrx_word' id='word_1_648' title='bbox 3543 3586 3685 3642; x_wconf 80' lang='grc' dir='ltr'>εἶναι</span> <span class='ocrx_word' id='word_1_649' title='bbox 3733 3590 3918 3658; x_wconf 79' lang='grc' dir='ltr'>μάνονό</span> 
     </span>
    </p>
   </div>
   <div class='ocr_carea' id='block_1_84' title="bbox 2398 3676 3917 3748">
    <p class='ocr_par' dir='ltr' id='par_1_84' title="bbox 2398 3676 3917 3748">
     <span class='ocr_line' id='line_1_84' title="bbox 2398 3676 3917 3748; baseline 0.001 -21"><span class='ocrx_word' id='word_1_650' title='bbox 2398 3676 2619 3745; x_wconf 82' lang='grc' dir='ltr'>παρέχει</span> <span class='ocrx_word' id='word_1_651' title='bbox 2657 3676 2953 3746; x_wconf 78' lang='grc' dir='ltr'>προσϐολὴν</span> <span class='ocrx_word' id='word_1_652' title='bbox 3006 3679 3097 3730; x_wconf 75' lang='grc' dir='ltr'>καὶ</span> <span class='ocrx_word' id='word_1_653' title='bbox 3129 3681 3339 3748; x_wconf 79' lang='grc' dir='ltr'>ἐπαφήν</span> <span class='ocrx_word' id='word_1_654' title='bbox 3365 3696 3514 3739; x_wconf 87' lang='grc' dir='ltr'>τινα,</span> <span class='ocrx_word' id='word_1_655' title='bbox 3552 3679 3754 3729; x_wconf 81' lang='grc' dir='ltr'>ταύτὸν</span> <span class='ocrx_word' id='word_1_656' title='bbox 3785 3678 3917 3745; x_wconf 71' lang='grc' dir='ltr'>σῶμα</span> 
     </span>
    </p>
   </div>
   <div class='ocr_carea' id='block_1_85' title="bbox 2398 3766 3919 3837">
    <p class='ocr_par' dir='ltr' id='par_1_85' title="bbox 2398 3766 3919 3837">
     <span class='ocr_line' id='line_1_85' title="bbox 2398 3766 3919 3837; baseline 0.001 -20"><span class='ocrx_word' id='word_1_657' title='bbox 2398 3767 2488 3817; x_wconf 77' lang='grc' dir='ltr'>καὶ</span> <span class='ocrx_word' id='word_1_658' title='bbox 2512 3766 2693 3817; x_wconf 85' lang='grc' dir='ltr'>οὐσίαν</span> <span class='ocrx_word' id='word_1_659' title='bbox 2715 3766 3045 3837; x_wconf 78' lang='grc' dir='ltr'>ὁριζόμενοι·</span> <span class='ocrx_word' id='word_1_660' title='bbox 3070 3769 3175 3820; x_wconf 82' lang='grc' dir='ltr'>τῶν</span> <span class='ocrx_word' id='word_1_661' title='bbox 3207 3769 3262 3819; x_wconf 81' lang='grc' dir='ltr'>δὲ</span> <span class='ocrx_word' id='word_1_662' title='bbox 3288 3768 3457 3821; x_wconf 76' lang='grc' dir='ltr'>ἄλλων</span> <span class='ocrx_word' id='word_1_663' title='bbox 3485 3767 3643 3828; x_wconf 77' lang='grc' dir='ltr'>εἴτις</span> <span class='ocrx_word' id='word_1_664' title='bbox 3670 3770 3829 3836; x_wconf 75' lang='grc' dir='ltr'>φήσει</span> <span class='ocrx_word' id='word_1_665' title='bbox 3860 3768 3919 3834; x_wconf 79' lang='grc' dir='ltr'>μὴ</span> 
     </span>
    </p>
   </div>
   <div class='ocr_carea' id='block_1_86' title="bbox 2400 3853 3919 3927">
    <p class='ocr_par' dir='ltr' id='par_1_86' title="bbox 2400 3853 3919 3927">
     <span class='ocr_line' id='line_1_86' title="bbox 2400 3853 3919 3927; baseline 0 -20"><span class='ocrx_word' id='word_1_666' title='bbox 2400 3856 2553 3925; x_wconf 84' lang='grc' dir='ltr'>σῶμα</span> <span class='ocrx_word' id='word_1_667' title='bbox 2593 3856 2709 3925; x_wconf 85' lang='grc' dir='ltr'>έχον</span> <span class='ocrx_word' id='word_1_668' title='bbox 2740 3853 2896 3921; x_wconf 84' lang='grc' dir='ltr'>εἶναι,</span> <span class='ocrx_word' id='word_1_669' title='bbox 2930 3857 3385 3927; x_wconf 80' lang='grc' dir='ltr'>καταφρονοῦντες</span> <span class='ocrx_word' id='word_1_670' title='bbox 3410 3858 3468 3909; x_wconf 85' lang='grc' dir='ltr'><strong>τδ</strong></span> <span class='ocrx_word' id='word_1_671' title='bbox 3496 3859 3759 3926; x_wconf 78' lang='grc' dir='ltr'>παράπαν</span> <span class='ocrx_word' id='word_1_672' title='bbox 3788 3898 3802 3919; x_wconf 88' lang='lat'><strong>,</strong></span> <span class='ocrx_word' id='word_1_673' title='bbox 3844 3860 3919 3909; x_wconf 73' lang='grc' dir='ltr'><strong>καὶ</strong></span> 
     </span>
    </p>
   </div>
   <div class='ocr_carea' id='block_1_87' title="bbox 2398 3943 3917 4018">
    <p class='ocr_par' dir='ltr' id='par_1_87' title="bbox 2398 3943 3917 4018">
     <span class='ocr_line' id='line_1_87' title="bbox 2398 3943 3917 4018; baseline 0.003 -23"><span class='ocrx_word' id='word_1_674' title='bbox 2398 3945 2546 3995; x_wconf 80' lang='grc' dir='ltr'>οὐδὲν</span> <span class='ocrx_word' id='word_1_675' title='bbox 2579 3945 2847 4005; x_wconf 77' lang='grc' dir='ltr'>ἐθέλοντες</span> <span class='ocrx_word' id='word_1_676' title='bbox 2884 3946 3008 3998; x_wconf 73' lang='grc' dir='ltr'>ἄλλο</span> <span class='ocrx_word' id='word_1_677' title='bbox 3040 3943 3442 3998; x_wconf 82' lang='grc' dir='ltr'>ἁκούειν.-Ἦ</span> <span class='ocrx_word' id='word_1_678' title='bbox 3483 3947 3689 4010; x_wconf 81' lang='grc' dir='ltr'>δεινοὺς</span> <span class='ocrx_word' id='word_1_679' title='bbox 3718 3952 3917 4018; x_wconf 71' lang='grc' dir='ltr'>εἴρηκας</span> 
     </span>
    </p>
   </div>
   <div class='ocr_carea' id='block_1_88' title="bbox 2400 4033 3917 4106">
    <p class='ocr_par' dir='ltr' id='par_1_88' title="bbox 2400 4033 3917 4106">
     <span class='ocr_line' id='line_1_88' title="bbox 2400 4033 3917 4106; baseline 0.004 -23"><span class='ocrx_word' id='word_1_680' title='bbox 2400 4033 2610 4101; x_wconf 82' lang='grc' dir='ltr'>ἄνδρας.</span> <span class='ocrx_word' id='word_1_681' title='bbox 2647 4036 2781 4103; x_wconf 81' lang='grc' dir='ltr'>Ἤδη</span> <span class='ocrx_word' id='word_1_682' title='bbox 2834 4036 2939 4105; x_wconf 83' lang='grc' dir='ltr'>γὰρ</span> <span class='ocrx_word' id='word_1_683' title='bbox 2973 4037 3063 4088; x_wconf 72' lang='grc' dir='ltr'>καὶ</span> <span class='ocrx_word' id='word_1_684' title='bbox 3106 4037 3211 4103; x_wconf 81' lang='grc' dir='ltr'><strong>ἐγὼ</strong></span> <span class='ocrx_word' id='word_1_685' title='bbox 3265 4038 3461 4089; x_wconf 76' lang='grc' dir='ltr'>τούτων</span> <span class='ocrx_word' id='word_1_686' title='bbox 3518 4039 3680 4089; x_wconf 83' lang='grc' dir='ltr'>πλέον</span> <span class='ocrx_word' id='word_1_687' title='bbox 3734 4042 3917 4106; x_wconf 75' lang='grc' dir='ltr'>συχνοῖς</span> 
     </span>
    </p>
   </div>
   <div class='ocr_carea' id='block_1_89' title="bbox 2401 4125 3918 4198">
    <p class='ocr_par' dir='ltr' id='par_1_89' title="bbox 2401 4125 3918 4198">
     <span class='ocr_line' id='line_1_89' title="bbox 2401 4125 3918 4198; baseline 0.005 -25"><span class='ocrx_word' id='word_1_688' title='bbox 2401 4125 2741 4193; x_wconf 81' lang='grc' dir='ltr'>προσέτυχον.</span> <span class='ocrx_word' id='word_1_689' title='bbox 2768 4156 2833 4165; x_wconf 81' lang='grc'><strong><em>--</em></strong></span> <span class='ocrx_word' id='word_1_690' title='bbox 2864 4128 3153 4195; x_wconf 77' lang='grc' dir='ltr'>Τοιγαροῦν</span> <span class='ocrx_word' id='word_1_691' title='bbox 3180 4130 3229 4179; x_wconf 85' lang='grc' dir='ltr'>οἱ</span> <span class='ocrx_word' id='word_1_692' title='bbox 3260 4129 3394 4197; x_wconf 84' lang='grc' dir='ltr'>πρὸς</span> <span class='ocrx_word' id='word_1_693' title='bbox 3422 4129 3613 4189; x_wconf 74' lang='grc' dir='ltr'>αὐτοὺς</span> <span class='ocrx_word' id='word_1_694' title='bbox 3663 4129 3918 4198; x_wconf 70' lang='grc' dir='ltr'>ἀμφισϐη-</span> 
     </span>
    </p>
   </div>
   <div class='ocr_carea' id='block_1_90' title="bbox 2399 4214 3917 4287">
    <p class='ocr_par' dir='ltr' id='par_1_90' title="bbox 2399 4214 3917 4287">
     <span class='ocr_line' id='line_1_90' title="bbox 2399 4214 3917 4287; baseline 0.002 -24"><span class='ocrx_word' id='word_1_695' title='bbox 2399 4214 2611 4276; x_wconf 84' lang='grc' dir='ltr'>τοῦντες</span> <span class='ocrx_word' id='word_1_696' title='bbox 2664 4215 2801 4283; x_wconf 81' lang='grc' dir='ltr'>μάλα</span> <span class='ocrx_word' id='word_1_697' title='bbox 2866 4216 3101 4279; x_wconf 75' lang='grc' dir='ltr'>εὐλαϐῶς</span> <span class='ocrx_word' id='word_1_698' title='bbox 3151 4217 3349 4269; x_wconf 80' lang='grc' dir='ltr'>ἄνωθεν</span> <span class='ocrx_word' id='word_1_699' title='bbox 3394 4218 3451 4280; x_wconf 77' lang='grc' dir='ltr'><strong>ἐξ</strong></span> <span class='ocrx_word' id='word_1_700' title='bbox 3501 4219 3736 4287; x_wconf 80' lang='grc' dir='ltr'>ἀοράτου</span> <span class='ocrx_word' id='word_1_701' title='bbox 3780 4219 3917 4270; x_wconf 74' lang='grc' dir='ltr'>ποθὲν</span> 
     </span>
    </p>
   </div>
   <div class='ocr_carea' id='block_1_91' title="bbox 2400 4300 3917 4379">
    <p class='ocr_par' dir='ltr' id='par_1_91' title="bbox 2400 4300 3917 4379">
     <span class='ocr_line' id='line_1_91' title="bbox 2400 4300 3917 4379; baseline 0.005 -28"><span class='ocrx_word' id='word_1_702' title='bbox 2400 4300 2705 4379; x_wconf 75' lang='grc' dir='ltr'>ἀμύνονται,</span> <span class='ocrx_word' id='word_1_703' title='bbox 2730 4306 2890 4375; x_wconf 84' lang='grc' dir='ltr'>νοητὰ</span> <span class='ocrx_word' id='word_1_704' title='bbox 2917 4307 3047 4358; x_wconf 80' lang='grc' dir='ltr'>ἄττα</span> <span class='ocrx_word' id='word_1_705' title='bbox 3070 4308 3161 4359; x_wconf 81' lang='grc' dir='ltr'><strong>καὶ</strong></span> <span class='ocrx_word' id='word_1_706' title='bbox 3193 4305 3449 4374; x_wconf 78' lang='grc' dir='ltr'>ἀσώματα</span> <span class='ocrx_word' id='word_1_707' title='bbox 3480 4308 3587 4376; x_wconf 70' lang='grc' dir='ltr'>εἴδη</span> <span class='ocrx_word' id='word_1_708' title='bbox 3630 4308 3917 4379; x_wconf 75' lang='grc' dir='ltr'>βιαζόμενοι</span> 
     </span>
    </p>
   </div>
   <div class='ocr_carea' id='block_1_92' title="bbox 2401 4392 3914 4469">
    <p class='ocr_par' dir='ltr' id='par_1_92' title="bbox 2401 4392 3914 4469">
     <span class='ocr_line' id='line_1_92' title="bbox 2401 4392 3914 4469; baseline 0.005 -28"><span class='ocrx_word' id='word_1_709' title='bbox 2401 4392 2496 4459; x_wconf 83' lang='grc' dir='ltr'>τὴν</span> <span class='ocrx_word' id='word_1_710' title='bbox 2523 4393 2775 4466; x_wconf 78' lang='grc' dir='ltr'>ἀληθινὴν</span> <span class='ocrx_word' id='word_1_711' title='bbox 2820 4397 3003 4448; x_wconf 84' lang='grc' dir='ltr'>οὐσίαν</span> <span class='ocrx_word' id='word_1_712' title='bbox 3048 4393 3204 4449; x_wconf 73' lang='grc' dir='ltr'>εἶναι.</span> <span class='ocrx_word' id='word_1_713' title='bbox 3235 4397 3310 4449; x_wconf 86' lang='grc' dir='ltr'><strong>Τὰ</strong></span> <span class='ocrx_word' id='word_1_714' title='bbox 3338 4398 3392 4449; x_wconf 87' lang='grc' dir='ltr'>δὲ</span> <span class='ocrx_word' id='word_1_715' title='bbox 3421 4399 3639 4450; x_wconf 78' lang='grc' dir='ltr'>ἐκείνων</span> <span class='ocrx_word' id='word_1_716' title='bbox 3695 4400 3914 4469; x_wconf 71' lang='grc' dir='ltr'>σώματα,</span> 
     </span>
    </p>
   </div>
   <div class='ocr_carea' id='block_1_93' title="bbox 774 4478 2299 4557">
    <p class='ocr_par' dir='ltr' id='par_1_93' title="bbox 774 4487 2299 4554">
     <span class='ocr_line' id='line_1_93' title="bbox 774 4487 2299 4554; baseline 0.004 -18"><span class='ocrx_word' id='word_1_717' title='bbox 774 4494 883 4537; x_wconf 87' lang='lat' dir='ltr'><strong>tras</strong></span> <span class='ocrx_word' id='word_1_718' title='bbox 910 4492 960 4536; x_wconf 91' lang='lat' dir='ltr'><strong>et</strong></span> <span class='ocrx_word' id='word_1_719' title='bbox 988 4500 1215 4551; x_wconf 88' lang='lat' dir='ltr'><strong>quercus</strong></span> <span class='ocrx_word' id='word_1_720' title='bbox 1242 4487 1414 4553; x_wconf 82' lang='lat' dir='ltr'><strong>reipsa</strong></span> <span class='ocrx_word' id='word_1_721' title='bbox 1451 4488 1698 4539; x_wconf 85' lang='lat' dir='ltr'><strong>manibus</strong></span> <span class='ocrx_word' id='word_1_722' title='bbox 1730 4489 2149 4554; x_wconf 81' lang='lat' dir='ltr'><strong>appreliendunt,</strong></span> <span class='ocrx_word' id='word_1_723' title='bbox 2169 4505 2299 4542; x_wconf 90' lang='lat' dir='ltr'><strong>cun—</strong></span> 
     </span>
    </p>
   </div>
   <div class='ocr_carea' id='block_1_94' title="bbox 2398 4478 3913 4557">
    <p class='ocr_par' dir='ltr' id='par_1_94' title="bbox 2403 4478 3913 4557">
     <span class='ocr_line' id='line_1_94' title="bbox 2403 4478 3913 4557; baseline 0.008 -27"><span class='ocrx_word' id='word_1_724' title='bbox 2403 4482 2494 4531; x_wconf 80' lang='grc' dir='ltr'>καὶ</span> <span class='ocrx_word' id='word_1_725' title='bbox 2522 4484 2617 4551; x_wconf 81' lang='grc' dir='ltr'>τὴν</span> <span class='ocrx_word' id='word_1_726' title='bbox 2642 4484 2931 4554; x_wconf 86' lang='grc' dir='ltr'>λεγομένην</span> <span class='ocrx_word' id='word_1_727' title='bbox 2960 4485 3062 4537; x_wconf 81' lang='grc' dir='ltr'><strong>ὑπὸ</strong></span> <span class='ocrx_word' id='word_1_728' title='bbox 3089 4484 3285 4537; x_wconf 86' lang='grc' dir='ltr'>τούτων</span> <span class='ocrx_word' id='word_1_729' title='bbox 3314 4487 3561 4554; x_wconf 84' lang='grc' dir='ltr'>ἀλήθειαν</span> <span class='ocrx_word' id='word_1_730' title='bbox 3580 4528 3593 4550; x_wconf 87' lang='grc'><strong>,</strong></span> <span class='ocrx_word' id='word_1_731' title='bbox 3629 4478 3798 4542; x_wconf 77' lang='grc' dir='ltr'>κατὰ’</span> <span class='ocrx_word' id='word_1_732' title='bbox 3815 4507 3913 4557; x_wconf 79' lang='grc' dir='ltr'>σμι-</span> 
     </span>
    </p>
   </div>
   <div class='ocr_carea' id='block_1_95' title="bbox 774 4574 2299 4649">
    <p class='ocr_par' dir='ltr' id='par_1_95' title="bbox 774 4574 2299 4649">
     <span class='ocr_line' id='line_1_95' title="bbox 774 4574 2299 4649; baseline 0.004 -21"><span class='ocrx_word' id='word_1_733' title='bbox 774 4584 857 4628; x_wconf 89' lang='lat' dir='ltr'><strong>cta</strong></span> <span class='ocrx_word' id='word_1_734' title='bbox 898 4590 927 4627; x_wconf 91' lang='lat' dir='ltr'><strong>c</strong></span> <span class='ocrx_word' id='word_1_735' title='bbox 960 4574 1097 4627; x_wconf 73' lang='lat' dir='ltr'><strong>cmlo</strong></span> <span class='ocrx_word' id='word_1_736' title='bbox 1142 4583 1301 4642; x_wconf 87' lang='lat' dir='ltr'><strong>atque</strong></span> <span class='ocrx_word' id='word_1_737' title='bbox 1343 4592 1406 4628; x_wconf 78' lang='lat' dir='ltr'><strong>ex</strong></span> <span class='ocrx_word' id='word_1_738' title='bbox 1441 4593 1504 4631; x_wconf 90' lang='lat' dir='ltr'><strong>eo</strong></span> <span class='ocrx_word' id='word_1_739' title='bbox 1556 4578 1697 4645; x_wconf 88' lang='lat' dir='ltr'><strong>quod</strong></span> <span class='ocrx_word' id='word_1_740' title='bbox 1741 4579 1906 4631; x_wconf 86' lang='lat' dir='ltr'><strong>videri</strong></span> <span class='ocrx_word' id='word_1_741' title='bbox 1948 4596 2053 4633; x_wconf 88' lang='lat' dir='ltr'><strong>non</strong></span> <span class='ocrx_word' id='word_1_742' title='bbox 2092 4590 2299 4649; x_wconf 82' lang='lat' dir='ltr'><strong>potest,</strong></span> 
     </span>
    </p>
   </div>
   <div class='ocr_carea' id='block_1_96' title="bbox 774 4664 2304 4724">
    <p class='ocr_par' dir='ltr' id='par_1_96' title="bbox 774 4664 2304 4724">
     <span class='ocr_line' id='line_1_96' title="bbox 774 4664 2304 4724; baseline 0.004 -8"><span class='ocrx_word' id='word_1_743' title='bbox 774 4664 1061 4717; x_wconf 86' lang='lat' dir='ltr'><strong>detrahunt</strong></span> <span class='ocrx_word' id='word_1_744' title='bbox 1104 4666 1154 4716; x_wconf 90' lang='lat' dir='ltr'><strong>in</strong></span> <span class='ocrx_word' id='word_1_745' title='bbox 1219 4676 1405 4719; x_wconf 85' lang='lat' dir='ltr'><strong>terras.</strong></span> <span class='ocrx_word' id='word_1_746' title='bbox 1454 4666 1577 4721; x_wconf 74' lang='lat' dir='ltr'><strong>Haec</strong></span> <span class='ocrx_word' id='word_1_747' title='bbox 1610 4669 1751 4721; x_wconf 88' lang='lat' dir='ltr'><strong>enim</strong></span> <span class='ocrx_word' id='word_1_748' title='bbox 1799 4670 1977 4722; x_wconf 88' lang='lat' dir='ltr'><strong>omnia</strong></span> <span class='ocrx_word' id='word_1_749' title='bbox 2010 4671 2135 4723; x_wconf 91' lang='lat' dir='ltr'><strong>dum</strong></span> <span class='ocrx_word' id='word_1_750' title='bbox 2175 4687 2304 4724; x_wconf 92' lang='lat' dir='ltr'><strong>con-</strong></span> 
     </span>
    </p>
   </div>
   <div class='ocr_carea' id='block_1_97' title="bbox 776 4756 2297 4828">
    <p class='ocr_par' dir='ltr' id='par_1_97' title="bbox 776 4756 2297 4828">
     <span class='ocr_line' id='line_1_97' title="bbox 776 4756 2297 4828; baseline 0.003 -21"><span class='ocrx_word' id='word_1_751' title='bbox 776 4756 1006 4823; x_wconf 84' lang='lat' dir='ltr'><strong>tingunt,</strong></span> <span class='ocrx_word' id='word_1_752' title='bbox 1046 4756 1097 4807; x_wconf 93' lang='lat' dir='ltr'><strong>id</strong></span> <span class='ocrx_word' id='word_1_753' title='bbox 1123 4771 1285 4809; x_wconf 88' lang='lat' dir='ltr'><strong>unum</strong></span> <span class='ocrx_word' id='word_1_754' title='bbox 1324 4771 1442 4809; x_wconf 87' lang='lat' dir='ltr'><strong>esse</strong></span> <span class='ocrx_word' id='word_1_755' title='bbox 1472 4759 1809 4820; x_wconf 84' lang='lat' dir='ltr'><strong>conﬁrmant,</strong></span> <span class='ocrx_word' id='word_1_756' title='bbox 1845 4760 1990 4828; x_wconf 86' lang='lat' dir='ltr'><strong>quod</strong></span> <span class='ocrx_word' id='word_1_757' title='bbox 2016 4761 2297 4828; x_wconf 88' lang='lat' dir='ltr'><strong>appulsum</strong></span> 
     </span>
    </p>
   </div>
   <div class='ocr_carea' id='block_1_98' title="bbox 777 4849 2304 4918">
    <p class='ocr_par' dir='ltr' id='par_1_98' title="bbox 777 4849 2304 4918">
     <span class='ocr_line' id='line_1_98' title="bbox 777 4849 2304 4918; baseline 0.003 -20"><span class='ocrx_word' id='word_1_758' title='bbox 777 4855 1080 4915; x_wconf 87' lang='lat' dir='ltr'><strong>tactumque</strong></span> <span class='ocrx_word' id='word_1_759' title='bbox 1108 4849 1322 4915; x_wconf 78' lang='lat' dir='ltr'><strong>praebet,</strong></span> <span class='ocrx_word' id='word_1_760' title='bbox 1357 4856 1513 4915; x_wconf 90' lang='lat' dir='ltr'><strong>atque</strong></span> <span class='ocrx_word' id='word_1_761' title='bbox 1547 4850 1596 4901; x_wconf 93' lang='lat' dir='ltr'><strong>id</strong></span> <span class='ocrx_word' id='word_1_762' title='bbox 1626 4851 1797 4918; x_wconf 88' lang='lat' dir='ltr'><strong>ipsum</strong></span> <span class='ocrx_word' id='word_1_763' title='bbox 1825 4858 1878 4903; x_wconf 84' lang='lat' dir='ltr'><strong>et</strong></span> <span class='ocrx_word' id='word_1_764' title='bbox 1908 4866 2103 4918; x_wconf 89' lang='lat' dir='ltr'><strong>corpus</strong></span> <span class='ocrx_word' id='word_1_765' title='bbox 2134 4860 2186 4903; x_wconf 85' lang='lat' dir='ltr'><strong>et</strong></span> <span class='ocrx_word' id='word_1_766' title='bbox 2220 4866 2304 4903; x_wconf 89' lang='lat' dir='ltr'><strong>es-</strong></span> 
     </span>
    </p>
   </div>
   <div class='ocr_carea' id='block_1_99' title="bbox 779 4931 2307 5007">
    <p class='ocr_par' dir='ltr' id='par_1_99' title="bbox 779 4931 2307 5007">
     <span class='ocr_line' id='line_1_99' title="bbox 779 4931 2307 5007; baseline 0.003 -17"><span class='ocrx_word' id='word_1_767' title='bbox 779 4939 1002 4990; x_wconf 79' lang='lat' dir='ltr'><strong>sentiam</strong></span> <span class='ocrx_word' id='word_1_768' title='bbox 1030 4952 1147 4991; x_wconf 88' lang='lat' dir='ltr'><strong>esse</strong></span> <span class='ocrx_word' id='word_1_769' title='bbox 1174 4939 1450 4991; x_wconf 78' lang='lat' dir='ltr'><strong>deﬁniunt.</strong></span> <span class='ocrx_word' id='word_1_770' title='bbox 1493 4940 1568 4992; x_wconf 86' lang='lat' dir='ltr'><strong>Ac</strong></span> <span class='ocrx_word' id='word_1_771' title='bbox 1607 4940 1652 4993; x_wconf 91' lang='lat' dir='ltr'><strong>si</strong></span> <span class='ocrx_word' id='word_1_772' title='bbox 1689 4941 1810 5007; x_wconf 89' lang='lat' dir='ltr'><strong>quis</strong></span> <span class='ocrx_word' id='word_1_773' title='bbox 1857 4934 2009 4993; x_wconf 87' lang='lat' dir='ltr'><strong>aliud</strong></span> <span class='ocrx_word' id='word_1_774' title='bbox 2048 4931 2307 5007; x_wconf 86' lang='lat' dir='ltr'><strong>quidlibet</strong></span> 
     </span>
    </p>
   </div>
   <div class='ocr_carea' id='block_1_100' title="bbox 778 5029 2305 5095">
    <p class='ocr_par' dir='ltr' id='par_1_100' title="bbox 778 5029 2305 5095">
     <span class='ocr_line' id='line_1_100' title="bbox 778 5029 2305 5095; baseline 0.004 -16"><span class='ocrx_word' id='word_1_775' title='bbox 778 5042 997 5095; x_wconf 86' lang='lat' dir='ltr'><strong>corpore</strong></span> <span class='ocrx_word' id='word_1_776' title='bbox 1021 5029 1351 5093; x_wconf 85' lang='lat' dir='ltr'><strong>destitutum,</strong></span> <span class='ocrx_word' id='word_1_777' title='bbox 1386 5044 1503 5082; x_wconf 82' lang='lat' dir='ltr'><strong>esse</strong></span> <span class='ocrx_word' id='word_1_778' title='bbox 1538 5039 1711 5082; x_wconf 89' lang='lat' dir='ltr'><strong>tamen</strong></span> <span class='ocrx_word' id='word_1_779' title='bbox 1740 5032 1950 5095; x_wconf 76' lang='lat' dir='ltr'><strong>dixerit,</strong></span> <span class='ocrx_word' id='word_1_780' title='bbox 1987 5031 2037 5084; x_wconf 91' lang='lat' dir='ltr'><strong>id</strong></span> <span class='ocrx_word' id='word_1_781' title='bbox 2069 5046 2193 5083; x_wconf 85' lang='lat' dir='ltr'><strong>vero</strong></span> <span class='ocrx_word' id='word_1_782' title='bbox 2228 5033 2305 5085; x_wconf 74' lang='lat' dir='ltr'><strong>sic</strong></span> 
     </span>
    </p>
   </div>
   <div class='ocr_carea' id='block_1_101' title="bbox 778 5121 2303 5192">
    <p class='ocr_par' dir='ltr' id='par_1_101' title="bbox 778 5121 2303 5192">
     <span class='ocr_line' id='line_1_101' title="bbox 778 5121 2303 5192; baseline 0.003 -20"><span class='ocrx_word' id='word_1_783' title='bbox 778 5129 1129 5188; x_wconf 90' lang='lat' dir='ltr'><strong>aspernantur</strong></span> <span class='ocrx_word' id='word_1_784' title='bbox 1156 5128 1314 5188; x_wconf 91' lang='lat' dir='ltr'><strong>atque</strong></span> <span class='ocrx_word' id='word_1_785' title='bbox 1348 5122 1646 5189; x_wconf 83' lang='lat' dir='ltr'><strong>repudiarit,</strong></span> <span class='ocrx_word' id='word_1_786' title='bbox 1683 5131 1741 5173; x_wconf 88' lang='lat' dir='ltr'><strong>ut</strong></span> <span class='ocrx_word' id='word_1_787' title='bbox 1779 5138 1840 5174; x_wconf 89' lang='lat' dir='ltr'><strong>ne</strong></span> <span class='ocrx_word' id='word_1_788' title='bbox 1870 5121 2054 5175; x_wconf 91' lang='lat' dir='ltr'><strong>audire</strong></span> <span class='ocrx_word' id='word_1_789' title='bbox 2091 5123 2303 5192; x_wconf 86' lang='lat' dir='ltr'><strong>quidem</strong></span> 
     </span>
    </p>
   </div>
   <div class='ocr_carea' id='block_1_102' title="bbox 780 5208 2305 5277">
    <p class='ocr_par' dir='ltr' id='par_1_102' title="bbox 780 5208 2305 5277">
     <span class='ocr_line' id='line_1_102' title="bbox 780 5208 2305 5277; baseline 0.002 -18"><span class='ocrx_word' id='word_1_790' title='bbox 780 5208 960 5259; x_wconf 81' lang='lat' dir='ltr'><strong>velint.</strong></span> <span class='ocrx_word' id='word_1_791' title='bbox 994 5237 1063 5247; x_wconf 88' lang='lat'><strong>—</strong></span> <span class='ocrx_word' id='word_1_792' title='bbox 1093 5208 1227 5259; x_wconf 84' lang='lat' dir='ltr'><strong>Aere</strong></span> <span class='ocrx_word' id='word_1_793' title='bbox 1256 5210 1472 5261; x_wconf 85' lang='lat' dir='ltr'><strong>omnino</strong></span> <span class='ocrx_word' id='word_1_794' title='bbox 1494 5223 1557 5260; x_wconf 90' lang='lat' dir='ltr'><strong>ac</strong></span> <span class='ocrx_word' id='word_1_795' title='bbox 1588 5208 1871 5260; x_wconf 82' lang='lat' dir='ltr'><strong>vehemens</strong></span> <span class='ocrx_word' id='word_1_796' title='bbox 1900 5210 2173 5262; x_wconf 88' lang='lat' dir='ltr'><strong>hominum</strong></span> <span class='ocrx_word' id='word_1_797' title='bbox 2217 5226 2305 5277; x_wconf 88' lang='lat' dir='ltr'><strong>ge-</strong></span> 
     </span>
    </p>
   </div>
   <div class='ocr_carea' id='block_1_103' title="bbox 779 5297 2307 5367">
    <p class='ocr_par' dir='ltr' id='par_1_103' title="bbox 779 5297 2307 5367">
     <span class='ocr_line' id='line_1_103' title="bbox 779 5297 2307 5367; baseline 0.003 -20"><span class='ocrx_word' id='word_1_798' title='bbox 779 5312 880 5350; x_wconf 87' lang='lat' dir='ltr'><strong>nus</strong></span> <span class='ocrx_word' id='word_1_799' title='bbox 909 5297 1187 5365; x_wconf 85' lang='lat' dir='ltr'><strong>designas:</strong></span> <span class='ocrx_word' id='word_1_800' title='bbox 1221 5311 1342 5348; x_wconf 91' lang='lat' dir='ltr'><strong>nam</strong></span> <span class='ocrx_word' id='word_1_801' title='bbox 1384 5298 1437 5350; x_wconf 90' lang='lat' dir='ltr'><strong>in</strong></span> <span class='ocrx_word' id='word_1_802' title='bbox 1469 5314 1649 5352; x_wconf 87' lang='lat' dir='ltr'><strong>eorum</strong></span> <span class='ocrx_word' id='word_1_803' title='bbox 1690 5298 1988 5364; x_wconf 85' lang='lat' dir='ltr'><strong>complures</strong></span> <span class='ocrx_word' id='word_1_804' title='bbox 2027 5312 2124 5367; x_wconf 85' lang='lat' dir='ltr'><strong>ego</strong></span> <span class='ocrx_word' id='word_1_805' title='bbox 2170 5314 2307 5366; x_wconf 88' lang='lat' dir='ltr'><strong>quo-</strong></span> 
     </span>
    </p>
   </div>
   <div class='ocr_carea' id='block_1_104' title="bbox 836 5472 2301 5545">
    <p class='ocr_par' dir='ltr' id='par_1_104' title="bbox 836 5472 2301 5545">
     <span class='ocr_line' id='line_1_104' title="bbox 836 5472 2301 5545; baseline 0.003 -20"><span class='ocrx_word' id='word_1_806' title='bbox 836 5472 1143 5545; x_wconf 34' lang='lat'><strong>(6)2068.“</strong></span> <span class='ocrx_word' id='word_1_807' title='bbox 1183 5475 1450 5537; x_wconf 75' lang='grc' dir='ltr'>καίτινες.</span> <span class='ocrx_word' id='word_1_808' title='bbox 1494 5473 1862 5545; x_wconf 81' lang='lat' dir='ltr'><strong>Empedoclem</strong></span> <span class='ocrx_word' id='word_1_809' title='bbox 1905 5474 2301 5545; x_wconf 83' lang='lat' dir='ltr'><strong>Agrigentinum</strong></span> 
     </span>
    </p>
   </div>
   <div class='ocr_carea' id='block_1_105' title="bbox 780 5540 2305 5611">
    <p class='ocr_par' dir='ltr' id='par_1_105' title="bbox 780 5540 2305 5611">
     <span class='ocr_line' id='line_1_105' title="bbox 780 5540 2305 5611; baseline 0.003 -18"><span class='ocrx_word' id='word_1_810' title='bbox 780 5540 1055 5609; x_wconf 78' lang='lat' dir='ltr'><strong>intelligit,</strong></span> <span class='ocrx_word' id='word_1_811' title='bbox 1101 5544 1189 5593; x_wconf 78' lang='grc' dir='ltr'>τὸν</span> <span class='ocrx_word' id='word_1_812' title='bbox 1220 5540 1739 5611; x_wconf 75' lang='grc' dir='ltr'>ποιητικοφιλόσοφον</span> <span class='ocrx_word' id='word_1_813' title='bbox 1760 5586 1772 5607; x_wconf 84' lang='grc'><strong>,</strong></span> <span class='ocrx_word' id='word_1_814' title='bbox 1808 5544 1898 5611; x_wconf 93' lang='lat' dir='ltr'><strong>qui</strong></span> <span class='ocrx_word' id='word_1_815' title='bbox 1928 5540 2155 5611; x_wconf 64' lang='lat' dir='ltr'><strong>quatuor</strong></span> <span class='ocrx_word' id='word_1_816' title='bbox 2198 5548 2305 5599; x_wconf 89' lang='lat' dir='ltr'><strong>ele-</strong></span> 
     </span>
    </p>
   </div>
   <div class='ocr_carea' id='block_1_106' title="bbox 781 5608 2305 5684">
    <p class='ocr_par' dir='ltr' id='par_1_106' title="bbox 781 5608 2305 5684">
     <span class='ocr_line' id='line_1_106' title="bbox 781 5608 2305 5684; baseline 0.003 -24"><span class='ocrx_word' id='word_1_817' title='bbox 781 5608 1178 5684; x_wconf 19' lang='grc' dir='ltr'>ιῐιεηιίελφιλίαν</span> <span class='ocrx_word' id='word_1_818' title='bbox 1208 5629 1285 5684; x_wconf 70' lang='grc' dir='ltr'><strong>τε,</strong></span> <span class='ocrx_word' id='word_1_819' title='bbox 1317 5608 1377 5684; x_wconf 69' lang='grc' dir='ltr'><strong>ιιι</strong></span> <span class='ocrx_word' id='word_1_820' title='bbox 1410 5608 1664 5684; x_wconf 80' lang='lat' dir='ltr'><strong>Diogenes</strong></span> <span class='ocrx_word' id='word_1_821' title='bbox 1690 5608 1994 5684; x_wconf 55' lang='grc' dir='ltr'><strong>Ιοιιυῖιυνξῇ</strong></span> <span class='ocrx_word' id='word_1_822' title='bbox 2030 5617 2305 5683; x_wconf 84' lang='grc' dir='ltr'>συγκρίνε-</span> 
     </span>
    </p>
   </div>
   <div class='ocr_carea' id='block_1_107' title="bbox 779 5676 2028 5750">
    <p class='ocr_par' dir='ltr' id='par_1_107' title="bbox 779 5676 2028 5750">
     <span class='ocr_line' id='line_1_107' title="bbox 779 5676 2028 5750; baseline 0.002 -21"><span class='ocrx_word' id='word_1_823' title='bbox 779 5681 1003 5750; x_wconf 18' lang='grc' dir='ltr'>ταιὶμκαι</span> <span class='ocrx_word' id='word_1_824' title='bbox 1020 5676 1215 5750; x_wconf 78' lang='grc' dir='ltr'>νεῖκος,</span> <span class='ocrx_word' id='word_1_825' title='bbox 1239 5676 1282 5745; x_wconf 80' lang='grc' dir='ltr'>ᾧ</span> <span class='ocrx_word' id='word_1_826' title='bbox 1311 5676 1632 5749; x_wconf 77' lang='grc' dir='ltr'>διακρίνεται</span> <span class='ocrx_word' id='word_1_827' title='bbox 1652 5718 1666 5742; x_wconf 85' lang='grc'><strong>,</strong></span> <span class='ocrx_word' id='word_1_828' title='bbox 1691 5676 2028 5750; x_wconf 68' lang='lat' dir='ltr'><strong>adiungebat.</strong></span> 
     </span>
    </p>
   </div>
   <div class='ocr_carea' id='block_1_108' title="bbox 847 5748 2302 5816">
    <p class='ocr_par' dir='ltr' id='par_1_108' title="bbox 847 5748 2302 5816">
     <span class='ocr_line' id='line_1_108' title="bbox 847 5748 2302 5816; baseline 0.002 -15"><span class='ocrx_word' id='word_1_829' title='bbox 847 5748 923 5803; x_wconf 78' lang='lat'><strong>(7)</strong></span> <span class='ocrx_word' id='word_1_830' title='bbox 967 5750 1035 5799; x_wconf 83' lang='grc' dir='ltr'><em>Τὸ</em></span> <span class='ocrx_word' id='word_1_831' title='bbox 1065 5749 1171 5807; x_wconf 79' lang='grc' dir='ltr'><strong>μὲν</strong></span> <span class='ocrx_word' id='word_1_832' title='bbox 1202 5752 1310 5803; x_wconf 82' lang='grc' dir='ltr'>ἀεί.</span> <span class='ocrx_word' id='word_1_833' title='bbox 1347 5748 1591 5812; x_wconf 81' lang='lat' dir='ltr'><strong>Ficinus,</strong></span> <span class='ocrx_word' id='word_1_834' title='bbox 1628 5748 1820 5816; x_wconf 56' lang='lat' dir='ltr'><strong>semper</strong></span> <span class='ocrx_word' id='word_1_835' title='bbox 1845 5748 1950 5803; x_wconf 66' lang='lat' dir='ltr'><strong>ha&#39;c</strong></span> <span class='ocrx_word' id='word_1_836' title='bbox 1990 5754 2060 5804; x_wconf 79' lang='lat' dir='ltr'><strong>ita</strong></span> <span class='ocrx_word' id='word_1_837' title='bbox 2103 5752 2302 5806; x_wconf 74' lang='lat' dir='ltr'><strong>solvunt</strong></span> 
     </span>
    </p>
   </div>
   <div class='ocr_carea' id='block_1_109' title="bbox 2402 4571 3914 4643">
    <p class='ocr_par' dir='ltr' id='par_1_109' title="bbox 2402 4571 3914 4643">
     <span class='ocr_line' id='line_1_109' title="bbox 2402 4571 3914 4643; baseline 0.005 -23"><span class='ocrx_word' id='word_1_838' title='bbox 2402 4571 2507 4637; x_wconf 77' lang='grc' dir='ltr'><strong>κρὰ</strong></span> <span class='ocrx_word' id='word_1_839' title='bbox 2535 4571 2905 4641; x_wconf 80' lang='grc' dir='ltr'>διαθραύοντες</span> <span class='ocrx_word' id='word_1_840' title='bbox 2930 4576 2985 4625; x_wconf 84' lang='grc' dir='ltr'><strong>ὲν</strong></span> <span class='ocrx_word' id='word_1_841' title='bbox 3007 4577 3117 4632; x_wconf 82' lang='grc' dir='ltr'>τοῖς</span> <span class='ocrx_word' id='word_1_842' title='bbox 3140 4574 3332 4642; x_wconf 80' lang='grc' dir='ltr'>λόγοις,</span> <span class='ocrx_word' id='word_1_843' title='bbox 3356 4576 3560 4643; x_wconf 87' lang='grc' dir='ltr'>γένεσιν</span> <span class='ocrx_word' id='word_1_844' title='bbox 3591 4578 3716 4629; x_wconf 76' lang='grc' dir='ltr'>ἀντὶ</span> <span class='ocrx_word' id='word_1_845' title='bbox 3757 4578 3914 4635; x_wconf 69' lang='grc' dir='ltr'>οὐσίας</span> 
     </span>
    </p>
   </div>
   <div class='ocr_carea' id='block_1_110' title="bbox 2404 4661 3915 4735">
    <p class='ocr_par' dir='ltr' id='par_1_110' title="bbox 2404 4661 3915 4735">
     <span class='ocr_line' id='line_1_110' title="bbox 2404 4661 3915 4735; baseline 0.002 -23"><span class='ocrx_word' id='word_1_846' title='bbox 2404 4661 2699 4730; x_wconf 85' lang='grc' dir='ltr'>φερομένην</span> <span class='ocrx_word' id='word_1_847' title='bbox 2723 4663 2839 4714; x_wconf 80' lang='grc' dir='ltr'>τινὰ</span> <span class='ocrx_word' id='word_1_848' title='bbox 2870 4665 3366 4733; x_wconf 68' lang='grc' dir='ltr'>προσαγορεύουσιν.</span> <span class='ocrx_word' id='word_1_849' title='bbox 3412 4668 3496 4719; x_wconf 80' lang='grc' dir='ltr'>Ἐν</span> <span class='ocrx_word' id='word_1_850' title='bbox 3530 4667 3680 4735; x_wconf 80' lang='grc' dir='ltr'>μέσῳ</span> <span class='ocrx_word' id='word_1_851' title='bbox 3707 4668 3765 4719; x_wconf 76' lang='grc' dir='ltr'>δὲ</span> <span class='ocrx_word' id='word_1_852' title='bbox 3814 4667 3915 4733; x_wconf 71' lang='grc' dir='ltr'>περὶ</span> 
     </span>
    </p>
   </div>
   <div class='ocr_carea' id='block_1_111' title="bbox 2402 4748 3913 4826">
    <p class='ocr_par' dir='ltr' id='par_1_111' title="bbox 2402 4748 3913 4826">
     <span class='ocr_line' id='line_1_111' title="bbox 2402 4748 3913 4826; baseline 0.005 -27"><span class='ocrx_word' id='word_1_853' title='bbox 2402 4750 2569 4801; x_wconf 91' lang='grc' dir='ltr'>ταῦτα</span> <span class='ocrx_word' id='word_1_854' title='bbox 2610 4751 2841 4821; x_wconf 77' lang='grc' dir='ltr'>ἄπλητος</span> <span class='ocrx_word' id='word_1_855' title='bbox 2888 4755 3203 4825; x_wconf 79' lang='grc' dir='ltr'>ἀμφοτέρων</span> <span class='ocrx_word' id='word_1_856' title='bbox 3238 4757 3381 4826; x_wconf 82' lang='grc' dir='ltr'>μάχη</span> <span class='ocrx_word' id='word_1_857' title='bbox 3411 4773 3522 4817; x_wconf 85' lang='grc' dir='ltr'>τις,</span> <span class='ocrx_word' id='word_1_858' title='bbox 3563 4748 3607 4807; x_wconf 80' lang='grc' dir='ltr'><strong>ὧ</strong></span> <span class='ocrx_word' id='word_1_859' title='bbox 3634 4756 3881 4825; x_wconf 75' lang='grc' dir='ltr'>Θεαίτητε</span> <span class='ocrx_word' id='word_1_860' title='bbox 3902 4796 3913 4815; x_wconf 86' lang='grc'><strong>.</strong></span> 
     </span>
    </p>
   </div>
   <div class='ocr_carea' id='block_1_112' title="bbox 2402 4839 3915 4915">
    <p class='ocr_par' dir='ltr' id='par_1_112' title="bbox 2402 4839 3915 4915">
     <span class='ocr_line' id='line_1_112' title="bbox 2402 4839 3915 4915; baseline 0.005 -26"><span class='ocrx_word' id='word_1_861' title='bbox 2402 4839 2486 4890; x_wconf 70' lang='grc' dir='ltr'><strong>ἀεὶ</strong></span> <span class='ocrx_word' id='word_1_862' title='bbox 2518 4840 2850 4911; x_wconf 81' lang='grc' dir='ltr'>ξυνέστηκεν.</span> <span class='ocrx_word' id='word_1_863' title='bbox 2882 4875 2948 4883; x_wconf 88' lang='lat'><strong>—-</strong></span> <span class='ocrx_word' id='word_1_864' title='bbox 2975 4844 3187 4915; x_wconf 82' lang='grc' dir='ltr'>Ἀληθῆ.</span> <span class='ocrx_word' id='word_1_865' title='bbox 3232 4863 3249 4894; x_wconf 73' lang='grc' dir='ltr'><strong>ι</strong></span> <span class='ocrx_word' id='word_1_866' title='bbox 3283 4847 3380 4898; x_wconf 83' lang='grc' dir='ltr'><strong>Διὰ</strong></span> <span class='ocrx_word' id='word_1_867' title='bbox 3417 4846 3479 4915; x_wconf 81' lang='grc' dir='ltr'>δὴ</span> <span class='ocrx_word' id='word_1_868' title='bbox 3508 4846 3776 4899; x_wconf 84' lang='grc' dir='ltr'>τοσούτων</span> <span class='ocrx_word' id='word_1_869' title='bbox 3815 4848 3915 4906; x_wconf 53' lang='grc' dir='ltr'>τοὺς</span> 
     </span>
    </p>
   </div>
   <div class='ocr_carea' id='block_1_113' title="bbox 2401 4930 3915 5004">
    <p class='ocr_par' dir='ltr' id='par_1_113' title="bbox 2401 4930 3915 5004">
     <span class='ocr_line' id='line_1_113' title="bbox 2401 4930 3915 5004; baseline 0.003 -23"><span class='ocrx_word' id='word_1_870' title='bbox 2401 4930 2506 5001; x_wconf 84' lang='grc' dir='ltr'>πρὸ</span> <span class='ocrx_word' id='word_1_871' title='bbox 2535 4932 2695 4983; x_wconf 85' lang='grc' dir='ltr'>αὑτοῦ</span> <span class='ocrx_word' id='word_1_872' title='bbox 2730 4936 2983 5001; x_wconf 81' lang='grc' dir='ltr'>φυσικοὺς</span> <span class='ocrx_word' id='word_1_873' title='bbox 3010 4936 3322 5004; x_wconf 81' lang='grc' dir='ltr'>φιλοσόφους</span> <span class='ocrx_word' id='word_1_874' title='bbox 3345 4936 3698 5003; x_wconf 70' lang='grc' dir='ltr'>διαϐέϐληκεν</span> <span class='ocrx_word' id='word_1_875' title='bbox 3730 4938 3757 4990; x_wconf 82' lang='grc'>6</span> <span class='ocrx_word' id='word_1_876' title='bbox 3799 4937 3915 4988; x_wconf 65' lang='grc' dir='ltr'><strong>Πλά-</strong></span> 
     </span>
    </p>
   </div>
   <div class='ocr_carea' id='block_1_114' title="bbox 2402 5020 3914 5096">
    <p class='ocr_par' dir='ltr' id='par_1_114' title="bbox 2402 5020 3914 5096">
     <span class='ocr_line' id='line_1_114' title="bbox 2402 5020 3914 5096; baseline 0.004 -25"><span class='ocrx_word' id='word_1_877' title='bbox 2402 5036 2525 5073; x_wconf 86' lang='grc' dir='ltr'>των.</span> <span class='ocrx_word' id='word_1_878' title='bbox 2561 5020 2772 5073; x_wconf 76' lang='grc' dir='ltr'>Ὀποίαν</span> <span class='ocrx_word' id='word_1_879' title='bbox 2799 5024 2854 5075; x_wconf 82' lang='grc' dir='ltr'>δὲ</span> <span class='ocrx_word' id='word_1_880' title='bbox 2878 5026 3033 5087; x_wconf 78' lang='grc' dir='ltr'>αὐτὸς</span> <span class='ocrx_word' id='word_1_881' title='bbox 3053 5026 3177 5094; x_wconf 79' lang='grc' dir='ltr'>περὶ</span> <span class='ocrx_word' id='word_1_882' title='bbox 3205 5025 3309 5077; x_wconf 82' lang='grc' dir='ltr'>τῶν</span> <span class='ocrx_word' id='word_1_883' title='bbox 3337 5026 3681 5096; x_wconf 78' lang='grc' dir='ltr'>ὲζητημένων</span> <span class='ocrx_word' id='word_1_884' title='bbox 3712 5028 3914 5095; x_wconf 64' lang='grc' dir='ltr'>ἐπήγετο</span> 
     </span>
    </p>
   </div>
   <div class='ocr_carea' id='block_1_115' title="bbox 2402 5107 3911 5186">
    <p class='ocr_par' dir='ltr' id='par_1_115' title="bbox 2402 5107 3911 5186">
     <span class='ocr_line' id='line_1_115' title="bbox 2402 5107 3911 5186; baseline 0.007 -27"><span class='ocrx_word' id='word_1_885' title='bbox 2402 5107 2571 5171; x_wconf 82' lang='grc' dir='ltr'>δόξαν.</span> <span class='ocrx_word' id='word_1_886' title='bbox 2596 5113 2650 5163; x_wconf 81' lang='grc' dir='ltr'><strong>ὲν</strong></span> <span class='ocrx_word' id='word_1_887' title='bbox 2677 5116 2787 5174; x_wconf 78' lang='grc' dir='ltr'>τοῖς</span> <span class='ocrx_word' id='word_1_888' title='bbox 2822 5116 2923 5183; x_wconf 81' lang='grc' dir='ltr'><strong>πρὸ</strong></span> <span class='ocrx_word' id='word_1_889' title='bbox 2954 5117 3135 5167; x_wconf 81' lang='grc' dir='ltr'>τούτου</span> <span class='ocrx_word' id='word_1_890' title='bbox 3168 5116 3543 5185; x_wconf 82' lang='grc' dir='ltr'>διειλήφαμεν,</span> <span class='ocrx_word' id='word_1_891' title='bbox 3578 5118 3672 5175; x_wconf 69' lang='grc' dir='ltr'>ὅτε</span> <span class='ocrx_word' id='word_1_892' title='bbox 3716 5133 3911 5186; x_wconf 71' lang='grc' dir='ltr'>συμφω-</span> 
     </span>
    </p>
   </div>
   <div class='ocr_carea' id='block_1_116' title="bbox 2402 5200 3912 5275">
    <p class='ocr_par' dir='ltr' id='par_1_116' title="bbox 2402 5200 3912 5275">
     <span class='ocr_line' id='line_1_116' title="bbox 2402 5200 3912 5275; baseline 0.009 -26"><span class='ocrx_word' id='word_1_893' title='bbox 2402 5200 2509 5250; x_wconf 82' lang='grc' dir='ltr'>νεῖν</span> <span class='ocrx_word' id='word_1_894' title='bbox 2532 5200 2689 5253; x_wconf 81' lang='grc' dir='ltr'>αὐτδν</span> <span class='ocrx_word' id='word_1_895' title='bbox 2719 5205 2825 5263; x_wconf 86' lang='grc' dir='ltr'>τοῖς</span> <span class='ocrx_word' id='word_1_896' title='bbox 2871 5204 3129 5273; x_wconf 77' lang='grc' dir='ltr'>Ἐϐραίων</span> <span class='ocrx_word' id='word_1_897' title='bbox 3162 5205 3422 5273; x_wconf 84' lang='grc' dir='ltr'>δόγμασι,</span> <span class='ocrx_word' id='word_1_898' title='bbox 3455 5207 3547 5257; x_wconf 73' lang='grc' dir='ltr'>καὶ</span> <span class='ocrx_word' id='word_1_899' title='bbox 3582 5209 3649 5275; x_wconf 72' lang='grc' dir='ltr'>τῇ</span> <span class='ocrx_word' id='word_1_900' title='bbox 3703 5206 3912 5262; x_wconf 69' lang='grc' dir='ltr'>Μωσέδκ</span> 
     </span>
    </p>
   </div>
   <div class='ocr_carea' id='block_1_117' title="bbox 2404 5291 3906 5364">
    <p class='ocr_par' dir='ltr' id='par_1_117' title="bbox 2404 5291 3906 5364">
     <span class='ocr_line' id='line_1_117' title="bbox 2404 5291 3906 5364; baseline 0.004 -24"><span class='ocrx_word' id='word_1_901' title='bbox 2404 5291 2707 5360; x_wconf 85' lang='grc' dir='ltr'>συντρέχειν</span> <span class='ocrx_word' id='word_1_902' title='bbox 2744 5295 2871 5362; x_wconf 80' lang='grc' dir='ltr'><strong>περὶ</strong></span> <span class='ocrx_word' id='word_1_903' title='bbox 2915 5294 3007 5346; x_wconf 90' lang='grc' dir='ltr'><strong>τοῦ</strong></span> <span class='ocrx_word' id='word_1_904' title='bbox 3037 5295 3186 5357; x_wconf 85' lang='grc' dir='ltr'>ὄντος</span> <span class='ocrx_word' id='word_1_905' title='bbox 3214 5295 3527 5364; x_wconf 75' lang='grc' dir='ltr'>διδασκαλίᾳ</span> <span class='ocrx_word' id='word_1_906' title='bbox 3562 5296 3906 5364; x_wconf 79' lang='grc' dir='ltr'>παριστῶμιεν.</span> 
     </span>
    </p>
   </div>
   <div class='ocr_carea' id='block_1_118' title="bbox 2403 5484 3903 5557">
    <p class='ocr_par' dir='ltr' id='par_1_118' title="bbox 2403 5484 3903 5557">
     <span class='ocr_line' id='line_1_118' title="bbox 2403 5484 3903 5557; baseline 0.005 -25"><span class='ocrx_word' id='word_1_907' title='bbox 2403 5484 2831 5557; x_wconf 57' lang='grc' dir='ltr'>ειιδρειιᾴαηιᾳηε.</span> <span class='ocrx_word' id='word_1_908' title='bbox 2880 5486 3074 5553; x_wconf 71' lang='lat' dir='ltr'><strong>Pauct,</strong></span> <span class='ocrx_word' id='word_1_909' title='bbox 3119 5490 3311 5552; x_wconf 83' lang='lat' dir='ltr'><strong>credo,</strong></span> <span class='ocrx_word' id='word_1_910' title='bbox 3346 5494 3396 5543; x_wconf 82' lang='lat' dir='ltr'><strong>id</strong></span> <span class='ocrx_word' id='word_1_911' title='bbox 3430 5490 3562 5544; x_wconf 87' lang='lat' dir='ltr'><strong>satis</strong></span> <span class='ocrx_word' id='word_1_912' title='bbox 3607 5490 3903 5557; x_wconf 78' lang='lat' dir='ltr'><strong>intelligunt.</strong></span> 
     </span>
    </p>
   </div>
   <div class='ocr_carea' id='block_1_119' title="bbox 2404 5552 3909 5633">
    <p class='ocr_par' dir='ltr' id='par_1_119' title="bbox 2404 5552 3909 5633">
     <span class='ocr_line' id='line_1_119' title="bbox 2404 5552 3909 5633; baseline 0.003 -29"><span class='ocrx_word' id='word_1_913' title='bbox 2404 5552 2639 5633; x_wconf 58' lang='lat' dir='ltr'><strong>Platonis</strong></span> <span class='ocrx_word' id='word_1_914' title='bbox 2670 5570 2819 5633; x_wconf 68' lang='lat' dir='ltr'><strong>mens</strong></span> <span class='ocrx_word' id='word_1_915' title='bbox 2849 5552 3072 5633; x_wconf 68' lang='lat' dir='ltr'><strong>videtur,</strong></span> <span class='ocrx_word' id='word_1_916' title='bbox 3102 5560 3415 5633; x_wconf 80' lang='lat' dir='ltr'><strong>sententiam</strong></span> <span class='ocrx_word' id='word_1_917' title='bbox 3437 5562 3584 5611; x_wconf 85' lang='lat' dir='ltr'><strong>illam</strong></span> <span class='ocrx_word' id='word_1_918' title='bbox 3612 5574 3747 5633; x_wconf 79' lang='lat' dir='ltr'><strong>qua:_</strong></span> <span class='ocrx_word' id='word_1_919' title='bbox 3770 5552 3843 5610; x_wconf 63' lang='lat' dir='ltr'><strong>an</strong></span> <span class='ocrx_word' id='word_1_920' title='bbox 3862 5556 3909 5603; x_wconf 72' lang='grc' dir='ltr'>τὸ</span> 
     </span>
    </p>
   </div>
   <div class='ocr_carea' id='block_1_120' title="bbox 2404 5622 3907 5697">
    <p class='ocr_par' dir='ltr' id='par_1_120' title="bbox 2404 5622 3907 5697">
     <span class='ocr_line' id='line_1_120' title="bbox 2404 5622 3907 5697; baseline 0.005 -28"><span class='ocrx_word' id='word_1_921' title='bbox 2404 5623 2507 5697; x_wconf 49' lang='lat' dir='ltr'><strong>rei;</strong></span> <span class='ocrx_word' id='word_1_922' title='bbox 2532 5622 2860 5697; x_wconf 66' lang='grc' dir='ltr'>οὕτωςέχειν</span> <span class='ocrx_word' id='word_1_923' title='bbox 2889 5626 3220 5697; x_wconf 72' lang='lat' dir='ltr'><strong>defendebat,</strong></span> <span class='ocrx_word' id='word_1_924' title='bbox 3252 5638 3431 5694; x_wconf 85' lang='lat' dir='ltr'><strong>utpote</strong></span> <span class='ocrx_word' id='word_1_925' title='bbox 3459 5622 3858 5697; x_wconf 67' lang='grc' dir='ltr'>συντονᾳη-έραν,</span> <span class='ocrx_word' id='word_1_926' title='bbox 3876 5638 3907 5697; x_wconf 27' lang='grc' dir='ltr'>λι</span> 
     </span>
    </p>
   </div>
   <div class='ocr_carea' id='block_1_121' title="bbox 2405 5687 3903 5809">
    <p class='ocr_par' dir='ltr' id='par_1_121' title="bbox 2405 5687 3903 5809">
     <span class='ocr_line' id='line_1_121' title="bbox 2405 5687 3903 5809; baseline 0.007 -71"><span class='ocrx_word' id='word_1_927' title='bbox 2405 5691 2600 5809; x_wconf 51' lang='grc' dir='ltr'><strong>ῗέωιίδ</strong></span> <span class='ocrx_word' id='word_1_928' title='bbox 2631 5687 3127 5763; x_wconf 65' lang='grc' dir='ltr'>ἱειὶ5”χαλασθῆναι,</span> <span class='ocrx_word' id='word_1_929' title='bbox 3176 5687 3407 5751; x_wconf 56' lang='lat' dir='ltr'><strong>[atatim</strong></span> <span class='ocrx_word' id='word_1_930' title='bbox 3435 5687 3684 5752; x_wconf 80' lang='lat' dir='ltr'><strong>nonnihil</strong></span> <span class='ocrx_word' id='word_1_931' title='bbox 3712 5687 3773 5751; x_wconf 61' lang='lat' dir='ltr'><strong>ac</strong></span> <span class='ocrx_word' id='word_1_932' title='bbox 3799 5692 3903 5748; x_wconf 65' lang='lat' dir='ltr'><strong>nol.</strong></span> 
     </span>
     <span class='ocr_line' id='line_1_122' title="bbox 2426 5773 2711 5809; baseline 0 0"><span class='ocrx_word' id='word_1_933' title='bbox 2426 5775 2437 5809; x_wconf 84' lang='grc' dir='ltr'><strong>ι</strong></span> <span class='ocrx_word' id='word_1_934' title='bbox 2466 5774 2549 5809; x_wconf 86' lang='lat' dir='ltr'><strong>um</strong></span> <span class='ocrx_word' id='word_1_935' title='bbox 2580 5773 2711 5809; x_wconf 81' lang='lat' dir='ltr'><strong>esse.</strong></span> 
     </span>
    </p>
   </div>
   <div class='ocr_carea' id='block_1_122' title="bbox 2426 5773 2711 5813">
    <p class='ocr_par' dir='ltr' id='par_1_122' title="bbox 2426 5773 2711 5813">
     <span class='ocr_line' id='line_1_123' title="bbox 2426 5773 2711 5813; baseline 0.004 -4"><span class='ocrx_word' id='word_1_936' title='bbox 2426 5773 2549 5810; x_wconf 80' lang='lat' dir='ltr'><strong>Itum</strong></span> <span class='ocrx_word' id='word_1_937' title='bbox 2580 5773 2711 5813; x_wconf 79' lang='lat' dir='ltr'><strong>esse.</strong></span> 
     </span>
    </p>
   </div>
  </div>
