4010 6342
76 502 201 556 H95

1208 501 1523 554 PliAiPAli.
1571 500 1815 554 EVANG.
1859 500 1984 553 LIB.
2030 500 2161 553 XlV.

3108 494 3242 551 H94

68 617 166 668 Κῶ.
191 616 315 677 τοὺς
344 614 503 667 αὑτοῦ
530 615 585 667 δὲ
614 615 704 667 τοῦ
734 616 1009 677 Πλάτωνος
1040 616 1313 685 διαδόχους
1353 618 1481 686 φέρε
1529 616 1602 684 τῷ

1705 631 1807 681 que
1834 615 1944 681 jatn
1977 615 2159 665 incidi.
2198 642 2259 650 ——
2296 612 2493 665 llm‘utn
2525 626 2683 680 porro
2724 612 3033 671 adversarii,
3083 628 3111 663 c
3149 627 3241 665 su-

63 705 199 773 Άόγῳ
240 705 615 776 θεωρήσωμεν.
669 707 922 759 Πλάτωνά
961 724 1153 774 φασιν,
1196 708 1251 758 ἐν
1304 708 1603 777 Ἀκαδημίᾳ

66 795 455 865 συστησάμενον
485 796 584 865 τὴν
614 797 887 866 διατριϐὴν
912 837 924 857 ,
967 797 1177 867 πρῶτον
1212 797 1602 866 Ἀκαδημαϊκὸν

64 884 344 954 κληθῆναι,
380 886 471 937 καὶ
504 885 602 957 τὴν
647 887 1029 956 ὀνομασθεῖσαν
1079 887 1481 957 ’Δκαδημαῖκὴν
1517 906 1603 954 φι-

64 972 304 1039 λοσοφίαν
337 974 717 1043 συστήσασθαι.
750 977 899 1029 Μετὰ
940 976 996 1029 δὲ
1037 978 1291 1030 Πλάτωνα
1332 978 1600 1029 Σπεύσιπ-

64 1078 153 1113 πον
192 1062 287 1114 τὸν
317 1062 374 1127 te
405 1064 637 1132 ἀδελφῆς
685 1065 986 1128 Πλάτωνος.
1018 1067 1115 1135 τῆς
1161 1066 1437 1127 Πὼτωνος·
1485 1061 1601 1117 εἶτα

62 1152 390 1221 Ξενοκράτην
408 1170 421 1184 ·
452 1153 637 1206 ἔπειτα
660 1154 947 1223 Πολέμωνα
974 1154 1071 1225 τὴν
1110 1154 1385 1225 διατριϐὴν
1416 1155 1601 1207 ὑποδέ-

62 1241 266 1307 ξασθαι.
306 1242 532 1304 Τούτους
561 1242 615 1294 δὲ
656 1243 740 1311 ἀφ’
804 1244 1011 1306 Ἑστίας
1047 1243 1381 1313 ἀρξαμένους
1421 1244 1597 1305 εὐθὺς,

62 1331 123 1383 τὰ
158 1330 473 1385 Πλατωνικά
502 1349 632 1400 φασι
654 1332 967 1402 παραλύειν,
1007 1316 1391 1403 στρεϐλοῦντας
1422 1334 1488 1385 τὰ
1526 1334 1601 1404 τῷ

61 1419 351 1489 διδασκάλῳ
408 1420 640 1488 φανέντα
692 1419 854 1485 ξένων
911 1422 1234 1488 εἰσαγωγαῖς
1298 1423 1595 1490 δογμάτων.

65 1507 215 1558 Ὥστε
249 1523 329 1558 σοι
362 1507 435 1577 μὴ
465 1508 545 1570 είς
580 1508 787 1578 μακρὸν
831 1506 1064 1570 ἐλπίζειν
1112 1508 1208 1577 τὴν
1249 1509 1354 1562 τῶν
1396 1510 1601 1580 θαυμαο

63 1594 192 1647 στῶν
220 1593 440 1663 ἐκείνων
468 1594 724 1662 διαλόγων
752 1597 900 1664 ἰσχὺν
925 1596 1224 1666 ἀποσϐῆναι
1250 1639 1263 1660 ,
1301 1600 1413 1669 ἅμα
1440 1618 1495 1653 τε
1535 1606 1598 1672 τῇ

62 1683 144 1735 τοῦ
172 1682 363 1753 ἀνδρὸς
390 1685 632 1755 τελευτῇ,
668 1686 757 1738 καὶ
787 1687 884 1755 τὴν
907 1686 1013 1739 τῶν
1034 1687 1312 1757 δογμάτων
1356 1691 1601 1761 διαδοχὴν

66 1775 571 1845 συναποτελευτῆσαι
600 1794 613 1807 ·
644 1777 819 1847 μάχης
850 1777 1095 1832 ἐντεῦθεν
1116 1781 1207 1853 καὶ
1243 1782 1480 1845 στάσεως
1498 1784 1602 1837 ἀπὸ
1634 1784 1637 1785 ⁷

63 1865 217 1916 τῶνδε
240 1866 566 1936 ἀρξαμένης,
582 1863 640 1918 οὗ
678 1883 803 1918 ποτε
828 1868 919 1921 καὶ
947 1870 1025 1931 είς
1052 1870 1209 1941 δεῦρο
1230 1872 1601 1943 διαλειπούσης

62 1956 175 2017 τοὺς
205 1955 274 2007 τά
294 1956 442 2026 αὑτῷ
468 1956 595 2024 φίλα
614 1956 803 2025 ζηλοῦν
827 1959 1102 2028 ἀσπαζομέ
1137 1978 1247 2022 ους,
1265 1961 1478 2025 οὐδένας
1503 1965 1598 2033 μὲν

60 2046 229 2110 ὄντας,
265 2048 404 2117 πλὴν
425 2050 479 2100 εί
514 2048 587 2117 μὴ
633 2042 712 2109 εἷς
745 2065 841 2099 που
874 2049 907 2116 ἢ
963 2049 1210 2119 δεύτερος
1257 2053 1314 2101 ὲν
1370 2052 1474 2121 ὅλῳ
1522 2054 1598 2122 τῷ

63 2136 173 2204 βίῳ,
201 2136 233 2206 ἢ
262 2136 370 2189 καί.
393 2154 533 2198 τινες
560 2136 703 2189 ἄλλοι
737 2139 925 2209 κομιδῇ
957 2138 1170 2208 βραχεῖς
1204 2140 1294 2192 τὸν
1338 2141 1593 2212 ἀριθμόν·

62 2223 159 2275 οὐδ’
180 2225 336 2277 αὐτοὶ
357 2226 584 2295 πάμπαν
610 2226 872 2297 ἀλλότριοι
901 2228 1231 2281 έπιπλάστου
1267 2235 1595 2299 σοφιστείας·

63 2316 171 2367 ἐπεὶ
195 2316 289 2368 καὶ
321 2317 370 2368 oi
396 2316 628 2387 πρόσθεν
658 2318 747 2369 τὸν
793 2318 1049 2373 Πλάτωνα
1078 2320 1439 2392 διαδεξάμενοι
1493 2342 1600 2377 τοι-

62 2403 156 2454 οίδε
188 2404 333 2465 τινὲς
354 2385 745 2473 διαδέδληνται.
783 2406 1073 2475 Πολέμωνα
1102 2408 1207 2479 γάρ
1236 2385 1382 2477 ’φασι
1426 2410 1598 2465 διἀδέ-
1635 2385 1672 2437 Β

65 2491 241 2554 ξασθαι
288 2493 650 2563 Ἀρκεσίλαον,
681 2495 739 2547 δν
784 2496 845 2566 δὴ
889 2498 1101 2566 κατέχει
1134 2498 1287 2567 λόγος
1333 2501 1597 2571 ἀφέμενον

63 2580 159 2651 τηνε
178 2581 458 2645 Πλάτωνος
478 2582 775 2653 δογμάτων,
816 2584 969 2655 ξένην
992 2587 1129 2646 τινὰ.
1160 2589 1252 2639 καὶ
1279 2628 1293 2651 ,
1320 2588 1394 2651 ὣς
1444 2608 1594 2655 φασι,

61 2666 304 2740 δευτέραν
336 2673 695 2742 συστήσασθαι
737 2674 1081 2744 Ἀκαδημίαν.
1107 2676 1273 2729 Φάναι
1312 2678 1418 2748 γὰρ
1474 2684 1598 2750 περὶ

64 2758 303 2812 ἁπάντων
326 2761 538 2832 ἐπέχειν
565 2762 671 2815 δεῖν
692 2779 704 2793 ’
737 2759 874 2816 εῖναι
898 2764 1004 2835 γὰρ
1027 2765 1200 2819 πάντα
1225 2768 1595 2838 ἀκατάληπτα,

64 2846 147 2897 καὶ
173 2847 300 2909 τοὺς
329 2850 407 2911 είς
432 2849 661 2920 ἑκάτερα
689 2849 874 2917 λόγους
906 2852 1204 2921 ἰσοκρατεῖς
1232 2852 1493 2924 ἀλλήλοις,
1510 2857 1598 2923 καὶ

63 2934 151 2997 τὰς
175 2935 453 3011 αἰσθήσεις
482 2938 537 2990 δὲ
570 2938 839 3021 ἀπίστους
871 2937 1023 3013 εἶναι,
1080 2942 1169 2996 καὶ
1200 2923 1385 3026 nivea:
1421 2944 1593 3013 λόγον.

74 3027 281 3097 Ἑπῄνει
312 3030 441 3097 γοῦν
486 3018 724 3084 Ἡσιόδου
756 3032 902 3085 τουτὶ
926 3033 989 3084 τὸ
1009 3018 1372 3103 ἀπόφθεγμα

1704 704 2006 771 pcrioribus
2070 702 2389 770 quibusdam
2445 702 2575 755 locis
2629 702 2922 768 oculosque
2990 702 3237 769 fugienti-

1704 793 1802 844 bus
1832 793 2165 845 considerate
2196 792 2484 844 admodum
2530 802 2843 860 repugnant,
2876 807 2938 845 ac
2978 793 3243 859 spiritales

1701 882 1960 947 quasdam
1986 890 2037 933 et
2062 882 2306 948 corporis
2330 888 2575 947 expertes
2598 878 2799 933 formas
2828 894 3003 933 veram
3032 895 3097 933 ac
3118 895 3239 947 prn-

1701 969 1870 1036 priam
1902 968 2150 1021 essentia:
2194 968 2455 1020 rationem
2504 966 2720 1030 habere,
2775 966 3102 1034 argumentis
3148 982 3240 1018 ur-

1700 1069 1843 1128 gent.
1879 1060 2099 1113 Illorum
2137 1066 2315 1113 autem
2361 1054 2619 1128 corpora,
2665 1073 2934 1126 quamque
2968 1058 3241 1110 nominant

1702 1148 1802 1217 ipsi
1842 1149 2121 1201 veritatem
2173 1148 2286 1202 suis
2332 1149 2385 1200 in
2441 1146 2892 1214 disputationibus
2935 1146 3237 1199 minutatim

1700 1237 2066 1300 concidentes,
2093 1250 2198 1288 non
2218 1236 2528 1300 essentiam,
2558 1245 2611 1288 at
2636 1234 3031 1305 generationem
3052 1247 3239 1299 quam—

1699 1327 1820 1380 dam
1840 1328 2079 1380 vocitant
2100 1336 2356 1396 perpetuo
2374 1336 2520 1380 motu
2547 1328 2796 1397 agitatam
2826 1344 2838 1378 :
2868 1324 3027 1394 726
3046 1340 3107 1378 ex
3133 1340 3240 1391 quo

1700 1418 1923 1486 proinde
1958 1418 2040 1470 his
2084 1418 2149 1471 de
2185 1420 2341 1471 rebus
2375 1420 2509 1472 inter
2548 1427 2808 1486 utrosque
2843 1417 3057 1469 assidua
3098 1431 3240 1482 qure-

1700 1509 1823 1559 dam
1856 1508 2069 1561 exsistit
2105 1517 2158 1561 ct
2199 1509 2403 1561 inlinita
2433 1507 2907 1561 contentio.-——Sie
2930 1515 3027 1560 est.
3071 1526 3087 1557 ι
3122 1504 3241 1565 Haec

1701 1595 1871 1658 Plato,
1901 1596 2096 1665 quibus
2126 1596 2495 1671 philosophos,
2523 1599 2616 1665 qui
2645 1598 2709 1650 de
2743 1596 2977 1665 physicis
3028 1607 3149 1649 ante
3186 1611 3242 1647 se

1704 1695 2081 1749 tractaverant,
2116 1689 2325 1741 mordet
2362 1703 2427 1741 ac
2460 1688 2687 1741 vellicat.
2728 1686 2936 1751 Quibus
2967 1685 3031 1739 de
3081 1685 3243 1739 rebus

1702 1778 1923 1845 ipsemet
1963 1778 2414 1846 quemadmodum
2471 1778 2717 1840 senserit,
2766 1777 3134 1844 superioribus
3181 1776 3240 1825 Ii-

1704 1865 1816 1918 bris
1851 1866 1962 1933 jam
2026 1866 2448 1929 declaravimus,
2497 1882 2617 1919 cum
2665 1882 2787 1919 eum
2834 1866 2886 1918 in
2933 1866 3050 1934 ejus
3094 1868 3237 1932 quod

1701 1963 1783 2007 est
1813 1956 2066 2010 tradenda
2097 1956 2519 2025 explicandaque
2552 1956 2777 2017 ratione,
2827 1970 2950 2008 cum
2995 1952 3213 2007 Hebraeo

1701 2060 1822 2097 rum
1844 2046 2082 2114 adeoque
2096 2044 2292 2116 Moysis
2309 2047 2546 2100 doctrina
2560 2047 2861 2100 consentire
2886 2043 3237 2098 ostendimus.

1708 2134 1964 2204 Deinceps
2003 2136 2164 2206 igitur
2213 2137 2278 2190 ad
2324 2137 2564 2205 ejusdem
2612 2135 2850 2190 Platonis
2900 2149 3241 2189 successores

1701 2224 1999 2280 veniamus.
2043 2224 2319 2280 Platonem
2350 2226 2549 2290 lerunt,
2585 2242 2704 2280 cum
2739 2226 2807 2279 ad
2848 2241 2973 2279 suas
3002 2225 3240 2294 disputa—

1702 2315 1875 2368 tiones
1923 2315 2264 2369 Academiam
2314 2315 2614 2385 delegisset,
2658 2317 2897 2368 omnium
2948 2317 3237 2384 principem

1703 2408 2065 2463 acadetnicum
2106 2425 2226 2465 esse
2265 2411 2490 2472 dictum,
2536 2418 2695 2478 atque
2727 2410 2853 2463 illud
2896 2408 3239 2477 philosophia:

1702 2513 1888 2568 genus,
1932 2500 2073 2567 quod
2102 2501 2261 2553 etiam
2310 2500 2686 2554 Academicum
2723 2500 3033 2561 nominant,
3088 2499 3239 2550 insti—

1702 2588 1887 2643 tuisse.
1922 2588 2130 2643 Platoni
2181 2590 2559 2660 Speusippum,
2592 2591 2710 2658 ejus
2752 2606 2815 2642 ex
2861 2603 3045 2643 sorore
3079 2588 3231 2641 Poto-

1703 2678 1787 2733 nis
1828 2677 1937 2732 lilia
1971 2689 2239 2749 nepotem,
2286 2680 2586 2751 Speusippo
2633 2680 2985 2734 Xenocratem
3030 2695 3240 2733 succes-

1702 2768 1859 2823 sisse.
1896 2768 2029 2823 Tum
2061 2771 2248 2825 eodem
2292 2773 2345 2826 in
2386 2772 2505 2826 loco
2541 2771 2763 2825 docendi
2803 2787 2999 2823 munus
3026 2786 3055 2822 a
3090 2767 3241 2823 Pole-

1706 2874 1861 2914 mone
1886 2852 2212 2929 susceptum.
2241 2860 2388 2925 Quos
2414 2862 2630 2930 quidem
2654 2860 2826 2925 aiunt,
2852 2860 2919 2912 ab
2946 2860 3061 2928 ipso
3088 2862 3240 2927 quasi

1704 2948 1839 3004 Lare
1905 2965 2160 3013 exorsos.
2215 2949 2543 3005 Platonicam
2605 2950 2906 3005 doctrinam
2972 2957 3238 3007 evertere.

1703 3039 1830 3093 dum
1853 3055 1972 3110 quae
2003 3041 2316 3110 praeceptori
2344 3055 2444 3095 suo
2469 3040 2805 3109 placuerunt,
2835 3038 3239 3108 peregrinorum

64 3120 365 3190 dogmatum
432 3126 666 3180 novitate
724 3126 1036 3194 depravant.
1105 3125 1337 3183 Prorsus
1406 3139 1490 3211 uti.
1510 3133 1855 3188 metuendum
1921 3135 2011 3197 sit,
2074 3149 2141 3189 ne
2193 3134 2592 3188 admirabilium
2640 3132 2976 3201 dialogorum
3019 3130 3100 3183 vis
3156 3128 3242 3181 illa

65 3216 347 3284 singularis
387 3218 535 3274 brevi
567 3219 975 3289 exstinguatur,
1039 3235 1253 3290 unaque
1288 3238 1410 3276 cum
1461 3224 1693 3281 hominis
1733 3227 1955 3282 interitu
2019 3230 2135 3299 ipsa
2170 3243 2385 3298 quoque
2445 3227 2703 3283 doctrinae
2756 3226 3029 3281 successio
3067 3222 3245 3278 fundi-

65 3314 145 3362 tus
182 3311 429 3365 intereat.
461 3309 586 3364 Haec
628 3312 769 3366 enim
816 3326 994 3380 pugna
1020 3323 1181 3381 atque
1233 3312 1501 3368 dissensio
1534 3309 1613 3369 ab
1636 3318 1753 3372 istis
1780 3319 1892 3387 jam
1941 3321 2065 3375 inde
2090 3330 2283 3390 empta,
2342 3322 2432 3389 qui
2462 3335 2519 3374 se
2539 3319 2774 3373 Platonis
2815 3326 3105 3372 sectatores
3130 3332 3245 3386 pru-

66 3402 308 3463 litentur,
370 3402 477 3456 huc
520 3418 692 3471 usque
740 3417 925 3457 omnes
969 3418 1221 3459 exercere
1276 3420 1381 3459 non
1436 3407 1651 3465 desinit.
1686 3409 2003 3480 Quanquam
2033 3413 2168 3468 tales
2218 3412 2456 3483 profecto
2483 3413 2612 3466 nulli
2636 3414 2746 3481 jam
2773 3420 2915 3476 sunt,
2941 3413 2986 3466 si
3006 3421 3116 3466 toto
3146 3414 3244 3465 hoc

65 3491 314 3561 temporis
360 3492 535 3561 spatio
576 3506 741 3545 unum
796 3490 1043 3549 fortassis
1097 3493 1412 3561 alterumve,
1457 3506 1602 3552 certe
1637 3514 1838 3568 paucos
1887 3501 2174 3555 admodum
2237 3503 2493 3571 excipias.
2550 3501 2649 3567 Qui
2686 3512 2861 3556 tamen
2894 3516 2959 3555 ne
2983 3502 3083 3569 ipsi
3119 3503 3239 3570 qui-

68 3580 182 3635 dem
216 3580 369 3636 {uere
418 3582 486 3636 ab
523 3582 671 3636 omni
707 3583 985 3651 peregrina
1020 3592 1076 3637 et
1111 3584 1405 3654 s0phistica
1446 3589 1620 3657 specie
1657 3590 1819 3646 alieni
1866 3608 1881 3647 :
1913 3608 2034 3647 cum
2056 3593 2133 3647 illi
2161 3592 2343 3659 etiam,
2380 3592 2471 3661 qui
2505 3592 2743 3646 omnium
2778 3593 2934 3661 primi
2967 3590 3241 3647 Platonem

68 3684 415 3744 exceperant,
479 3674 653 3753 labem
696 3674 836 3729 hanc
878 3684 931 3730 et
983 3677 1249 3731 maculam
1293 3678 1524 3750 eli'ugere
1564 3698 1671 3737 non
1735 3686 2018 3754 potuerint.
2073 3683 2205 3738 Nam
2258 3683 2531 3739 Polemoni
2584 3683 2874 3737 Arcesilam
2923 3685 3243 3743 successisse

66 3766 228 3833 aiunt,
258 3781 420 3836 quem
448 3765 590 3820 fama
649 3772 734 3821 est
763 3766 943 3821 relicta
1012 3765 1251 3822 Platonis
1282 3767 1549 3835 doctrina,
1604 3776 1936 3844 peregrinam
1975 3775 2287 3844 quamdam,
2358 3781 2535 3842 atque,
2590 3782 2646 3825 ut
2694 3781 2906 3836 voeant,
2955 3775 3240 3829 secundam

68 3857 406 3914 Academiam
446 3858 766 3913 instituisse.
831 3857 1002 3930 Hujus
1048 3860 1191 3914 enim
1224 3865 1501 3933 proprium
1544 3864 1596 3919 id
1637 3865 1826 3932 fuisse,
1880 3875 1937 3919 ut
1989 3867 2189 3921 diceret
2227 3864 2474 3919 rebusin
2504 3865 2755 3919 omnibus
2791 3866 3121 3921 retinendam
3158 3882 3244 3921 as-

69 3948 369 4003 sensionem
386 3963 503 4003 esse
519 3966 535 4015 ;
554 3949 698 4017 quod
716 3956 863 4003 certo
882 3950 1081 4018 percipi
1099 3951 1232 4005 nihil
1270 3962 1471 4023 posset,
1489 3956 1630 4025 quod
1670 3972 1821 4024 aeque
1868 3957 2160 4026 probabilis
2181 3965 2318 4011 esset
2338 3956 2392 4010 in
2416 3964 2621 4025 partem
2641 3965 2920 4025 utramque
2934 3959 3239 4027 disputatio,

69 4038 205 4106 quod
232 4039 468 4108 denique
493 4049 603 4095 tam
621 4041 891 4095 rationum
914 4041 1177 4107 omnium,
1195 4058 1356 4113 quam
1378 4060 1635 4103 sensuum
1655 4049 1785 4104 lides
1816 4050 2101 4105 laboraret.
2129 4048 2307 4115 Quare
2336 4046 2585 4101 laudabat
2610 4046 2740 4103 illud
2760 4046 2997 4111 Hesiodi,

102 4174 446 4243 We
462 4174 571 4243 γὰρ
601 4174 810 4244 ἔχουσι
832 4174 952 4227 θεοὶ
975 4174 1118 4227 νόον
1138 4137 1564 4242 ’ἀνθρώποισινκ

1847 4177 2069 4248 Ignoras
2092 4178 2353 4231 hominum
2374 4176 2691 4244 suspendunt
2716 4177 2929 4229 numina
2962 4190 3175 4236 manus.

79 4304 359 4377 Ἔπειρᾶτο
391 4302 448 4354 δὶ
473 4303 564 4354 καὶ⁵
596 4301 867 4371 παράδοξά
890 4318 1008 4353 τινα
1035 4303 1413 4366 ἀνακαινίζειν.
1453 4303 1602 4357 Μετὰ

1707 4307 1851 4360 Idem
1877 4315 1931 4359 et
1946 4305 2200 4359 nonnulla
2234 4313 2425 4372 prater
2450 4317 2785 4357 communem
2816 4302 3092 4359 hominum
3127 4310 3241 4377 opi-

72 4395 123 4446 δὶ
147 4394 237 4446 τὸν
274 4392 616 4475 ’Δρκεσίλαον
653 4392 776 4454 τοὺς
797 4393 935 4460 ἀμφὶ
960 4392 1267 4463 Καρνεάδην
1320 4396 1411 4448 καὶ⁸
1446 4395 1603 4448 Κλει-

73 4485 329 4555 τόμαχον,
375 4484 472 4552 τῆς
500 4482 606 4535 τῶν
660 4484 928 4552 προτέρων
977 4482 1131 4553 δόξης
1176 4485 1601 4554 ἀποτραπέντας,

71 4576 247 4645 τρίτης
290 4573 621 4642 ’Δκαδημίας
675 4574 876 4637 αἰτίους
916 4574 1163 4641 γενέσθαι
1203 4575 1381 4643 φασίν.
1435 4576 1603 4629 Ἔνιοι

73 4665 125 4719 δὶ
146 4668 239 4721 καὶ
290 4667 554 4735 τετάρτην
584 4665 945 4737 προστιθέασι,
978 4666 1073 4734 τὴν
1098 4666 1203 4718 τῶν
1241 4668 1366 4736 περὶ
1409 4668 1498 4720 τὸν
1525 4669 1606 4719 Φί-

76 4753 212 4809 λωνα
232 4759 328 4821 καὶ
363 4758 662 4826 Χαρμίδαν.
692 4756 843 4818 Τινὲς
866 4756 922 4807 δὲ
967 4758 1056 4809 καὶ
1088 4757 1339 4825 πέμπτην
1378 4758 1606 4809 καταλέ-

78 4861 239 4912 γουσι,
267 4847 364 4915 τὴν
390 4846 495 4897 τῶν
518 4846 644 4914 περὶ
660 4846 750 4898 τὸν
791 4846 1069 4913 ’Δντίοχον.
1110 4846 1338 4915 Τοιαύτη
1386 4848 1482 4915 μέν
1525 4864 1606 4908 τις

79 4939 107 5005 η
140 4936 299 4990 αὐτοῦ
330 4936 605 4997 Πλάτωνος
632 4934 834 5003 ὑπῆρξε
865 4934 1098 5005 διαδοχή.
1144 4936 1342 4989 Ὀποϊοι
1368 4936 1424 4989 δὲ
1452 4937 1583 5003 γεγό

78 5038 217 5076 νασιν
277 5024 384 5077 οἶδε
435 5023 521 5076 τὸν
576 5022 791 5092 τρόπον,
839 5020 1013 5073 λαϐὼν
1055 5023 1321 5090 ἀνάγνωθι
1377 5024 1473 5086 τάς
1506 5018 1604 5077 ὧδε

82 5113 295 5181 ὶχούσας
322 5112 621 5183 Νουμηνίου
648 5111 739 5164 τοῦ
771 5110 1127 5181 Πυθαγορείου
1157 5114 1334 5179 φωνάς
1352 5152 1367 5176 ,
1410 5114 1474 5177 ἀς
1519 5115 1606 5166 τέ-

82 5201 244 5255 θειται
290 5204 352 5255 ιν
392 5204 471 5273 τῷ
497 5203 694 5273 πρώτῳ
739 5196 813 5255 ὧν
846 5201 1118 5269 ἐπέγραψε
1164 5203 1301 5268 Περὶ
1332 5202 1441 5269 τῆς
1492 5204 1609 5257 τῶν

93 5294 512 5363 Ἀκαδημαϊκῶν
526 5295 671 5363 πρὸς
691 5295 973 5348 Πλάτωνα
994 5293 1373 5358 διαστάσεως.

572 5428 953 5483 ΚΕὼΛΛΑΙυΝ
981 5428 1054 5481 Ε’.

78 5560 208 5629 Περὶ
250 5560 535 5638 ning
561 5559 862 5638 Πλάτωνα·
894 5559 1115 5638 πρέπῃ(
1164 5557 1466 5637 διαδοχῆς.
1507 5560 1605 5613 Ἐκ

311 5629 429 5683 τῶν
465 5629 798 5696 Νουμηνιου
825 5629 928 5682 τοῦ
950 5629 1367 5695 Πυθαγορικοῦ.

148 5738 167 5771 ι
216 5720 457 5789 Ἐπὶμὶν
482 5718 656 5771 τοίνυν
681 5712 1022 5771 Σπεύσιππον
1066 5717 1156 5769 τὸν
1191 5716 1469 5777 Πλάτωνος
1513 5715 1609 5783 μὲν

80 5808 397 5874 ἀδελφιδοῦν,
424 5808 753 5875 Ξενοκράτην
775 5806 829 5860 δὲ
861 5808 949 5859 τὸν
978 5806 1210 5890 διάδοχον
1231 5805 1321 5859 τοῦ
1354 5805 1609 5857 Σπευσίπ-

384 5926 654 5985 Pasce.
698 5926 815 5987 Gtt.
858 5924 1034 5988 XXI.

1708 4397 1920 4449 nionem
1956 4395 2211 4448 innovare
2252 4392 2574 4447 conabatur.
2606 4388 2732 4444 Post
2763 4392 3077 4458 Arcesilam,
3110 4395 3239 4448 Car-

1707 4486 1900 4540 neades
1957 4495 2008 4538 et
2051 4482 2412 4538 Clitomachus
2477 4480 2743 4535 exstitisse
2797 4481 3078 4545 dicuntur,
3120 4483 3241 4549 qui,

1708 4570 1902 4638 reiecta
1939 4570 2277 4639 superiorum
2326 4566 2597 4637 opinione,
2647 4569 2857 4620 tertiam
2900 4568 3239 4622 Academiam

1710 4660 2065 4715 fundaverint.
2094 4658 2299 4724 Quibus
2344 4668 2397 4712 et
2448 4666 2696 4726 quartam
2726 4659 2926 4711 addunt
2970 4660 3235 4721 nonnulli,

1708 4767 1825 4820 quae
1835 4750 2110 4804 Philonem
2127 4758 2181 4804 et
2195 4746 2533 4802 Charmidam
2563 4748 2828 4816 principes
2854 4747 3064 4820 habeat.
3082 4749 3237 4819 737

1708 4841 1820 4895 lmo
1834 4843 1965 4895 etab
1982 4841 2098 4894 aliis
2111 4840 2349 4908 quintam
2364 4841 2629 4893 numerari
2646 4837 2823 4901 audio,
2838 4852 2956 4905 qua:
2966 4851 3239 4907 parentem

1709 4940 1959 5001 agnoscat
1986 4930 2325 4984 Antiochum.
2368 4929 2432 4984 Et
2473 4927 2707 4984 Platonis
2734 4930 2949 4995 quidem
2978 4932 3240 5000 ejusmodi

1706 5032 2044 5074 successores
2091 5018 2255 5073 fuere.
2303 5020 2542 5084 Quorum
2590 5019 2633 5071 si
2686 5032 2864 5071 mores
2906 5028 2957 5073 et
2997 5021 3240 5076 instituta

1706 5122 1865 5163 nosse
1894 5109 2064 5175 cupis,
2086 5106 2406 5163 Numenium
2448 5107 2840 5177 Pythagoreum
2870 5110 3115 5175 consule,
3146 5114 3240 5179 qui

1707 5200 1880 5267 primo
1908 5211 1975 5250 ex
1999 5198 2085 5259 iis,
2115 5211 2253 5265 quos
2282 5197 2355 5250 De
2379 5198 2802 5252 Academicorum
2847 5214 2878 5250 α
2907 5197 3131 5252 Platona
3155 5200 3239 5253 rli-

1707 5288 1870 5341 vortio
1892 5288 2226 5358 conscripsit,
2252 5289 2365 5345 hec
2390 5285 2456 5340 ad
2483 5286 2701 5340 verbum
2728 5286 2908 5343 habet.

2320 5416 2543 5475 CAPUT
2589 5419 2645 5474 ν.

1714 5546 1787 5600 De
1814 5549 1981 5614 prima
2005 5547 2297 5601 Platonica
2314 5547 2564 5602 doctrina:
2579 5550 2914 5603 «mitione.
2943 5548 3023 5601 Ex
3050 5546 3243 5608 Nume-

2225 5617 2310 5667 nio
2357 5615 2724 5685 Pythagorico.

1785 5728 1803 5760 ι
1845 5706 2227 5779 Speusippum,
2254 5710 2457 5779 inquit,
2489 5710 2639 5767 Plato
2665 5721 2907 5779 nepotem
2943 5711 3129 5767 habuit
3172 5733 3241 5771 ex

1712 5816 1919 5857 sorore:
1962 5804 2214 5857 successit
2241 5803 2363 5860 huic
2388 5804 2740 5868 Xenocrates,
2786 5822 2942 5874 quem
2988 5811 3041 5861 in
3081 5814 3241 5869 scho.

2936 5924 3013 5983 38
