4010 6342
750 408 884 465 “95

1367 405 1625 458 liliSEBli
1666 403 2125 456 CJSSARIENSIS
2165 404 2310 456 Ol’l’.
2357 403 2528 457 PARS
2567 403 2624 458 ll.
2670 436 2730 443 -—
2774 369 3258 461 APOLOCETiCA.

3787 409 3908 462 “96

752 525 812 575 la:
839 520 1139 589 magisterio
1162 500 1374 572 Polemo
1404 528 1616 572 secutus
1650 530 1747 572 est.
1780 518 1858 581 Ah
1882 519 1961 570 his
1993 518 2274 571 Platonich

2392 537 2493 580 1w,
2534 520 2818 588 Πολέμωνα
2846 521 2899 572 δὲ
2930 523 3018 572 τὸν
3051 521 3394 591 ἐκδεξάμενον
3425 522 3522 592 τὴν
3550 522 3744 591 σχολὴν
3778 526 3912 591 παρὰ

751 613 1003 665 doctrime
1053 612 1188 662 ratio
1240 617 1559 677 propagata,
1616 609 1697 661 stti
1742 607 1848 660 fere
1898 608 2125 660 similis:
2157 624 2278 662 cum

752 703 863 754 haec
891 702 1074 754 saltent
1107 699 1438 753 assensionis
1464 699 1744 752 decantata
1774 699 2019 760 retentio,
2054 709 2104 748 ct
2133 698 2283 764 quid-

753 794 875 861 quid
909 793 1032 844 huic
1056 792 1208 844 alIine
1243 800 1357 854 est,
1393 791 1630 842 nondum
1672 790 1974 842 exsisteret.
2007 789 2166 842 Iidem
2201 798 2279 841 ta-

754 898 909 945 men,
941 883 985 935 si
1031 891 1223 935 caetera
1271 882 1605 950 cogitemus,
1658 881 1722 934 iis
1779 880 1970 948 partim
2007 878 2279 941 infractis,

755 973 943 1038 partim
1000 971 1333 1039 depravatis,
1400 971 1624 1038 primam
1681 970 1822 1022 illam
1887 969 2280 1022 successionem

743 1057 970 1113 'minime
1005 1061 1333 1113 retinuerunt
1367 1079 1377 1111 :
1416 1061 1505 1112 sed
1534 1059 1654 1112 inde
1697 1059 1875 1112 statim
1929 1057 2240 1124 incipientes
2267 1100 2281 1121 ,

753 1166 875 1202 cum
932 1149 1084 1201 initio
1135 1160 1245 1201 tum
1304 1149 1580 1216 deinceps,
1625 1148 1864 1202 diversas
1913 1149 1964 1200 in
2027 1147 2284 1200 factiones

758 1241 934 1292 abiere
956 1278 968 1301 ,
997 1241 1107 1293 sive
1129 1239 1414 1306 prudentes
1450 1240 1498 1291 id
1535 1238 1789 1302 fecerint,
1827 1239 1938 1291 sive
1979 1237 2286 1305 impruden-

759 1338 859 1392 tes,
885 1330 997 1382 sive
1027 1329 1128 1382 alia
1155 1329 1386 1397 qualibet
1413 1328 1628 1396 impulsi
1661 1343 1839 1381 causa.
1872 1327 2050 1380 Abfuit
2085 1335 2282 1391 tamen,

758 1421 943 1489 opinor
965 1458 977 1482 ,
1007 1419 1178 1472 omnis
1203 1419 1480 1471 ambitiosa
1515 1419 1802 1471 contentio.
1829 1417 2082 1484 Equidem
2111 1415 2284 1471 Xeno-

759 1510 919 1562 cratis
951 1524 1111 1561 causa
1161 1523 1315 1561 secus
1344 1508 1521 1561 dicere
1582 1507 1712 1558 nihil
1753 1506 1938 1565 velim,
1986 1505 2074 1559 sed
2109 1514 2284 1558 tamen

761 1597 997 1651 Platonis
1019 1613 1179 1651 causa
1213 1577 1496 1650 dicendum
1532 1605 1631 1649 cst.
1671 1595 1815 1648 Dolet
1850 1597 1988 1648 enim
2051 1595 2286 1662 profecto

760 1685 918 1744 mihi,
951 1700 1043 1738 eos
1072 1684 1250 1738 omnia
1277 1685 1486 1735 molitos
1512 1699 1615 1734 non
1651 1697 1797 1745 csso,
1845 1693 1902 1735 ut
1940 1684 2146 1750 plenam
2183 1683 2282 1736 sibi

762 1785 918 1842 atque
941 1776 1198 1841 integram
1233 1773 1283 1824 in
1310 1772 1562 1824 omnibus
1591 1786 1709 1823 cum
1731 1770 1945 1823 Platone
1973 1769 2284 1824 consensio-

2381 606 2753 675 Ξενοκράτους,
2802 609 2886 659 ἀεὶ
2923 607 2982 658 τὸ
3010 604 3136 677 ἦθος
3175 609 3455 661 διετείνετο
3493 609 3602 659 τῶν
3643 609 3914 676 δογμάτων

2383 695 2561 762 σχεδόν
2584 713 2632 746 τι
2662 697 2850 747 ταύτὸν
2871 697 3030 749 ἕνεκά
3061 714 3122 762 γε
3154 697 3251 765 τῆς
3278 700 3442 767 μήπω
3473 697 3677 765 ἐποχῆς
3698 699 3914 765 ταυτησὶ

2373 785 2474 860 ’τῆς
2500 785 2922 855 πολυθρυλλήτου
2955 804 3033 849 τε,
3061 789 3151 839 καὶ
3175 789 3222 838 εἰ
3249 789 3310 856 δή
3339 806 3495 839 τινων
3540 787 3798 839 τοιούτων
3832 789 3914 841 ἀλ-

2383 875 2501 926 λων.
2548 875 2698 928 Ἐπεὶ
2726 877 2804 938 εἷς
2830 894 2891 943 γε
2924 877 2991 928 τά
3013 878 3142 930 ἄλλα
3169 879 3402 947 πολλαχῆ
3435 879 3512 947 (8)
3537 878 3910 947 παραλύῡντες,
3984 925 3985 928 η

2380 962 2448 1012 τὰ
2475 961 2530 1013 δὲ
2557 962 2950 1031 πρεὸλοῦντες,
2968 965 3064 1015 ούκ
3082 964 3357 1033 ἐνέμειναν
3386 967 3451 1033 τῇ
3482 965 3675 1036 πρώτῃ
3686 965 3910 1034 διαδοχῇ

2383 1049 2669 1120 ἀρξάμενοι
2718 1053 2774 1104 δὲ
2803 1055 2894 1105 ἀπ’
2925 1054 3128 1106 ἐκείνου
3151 1093 3165 1116 ,
3200 1056 3291 1106 καὶ
3338 1055 3528 1107 θᾶττον
3566 1057 3662 1107 καὶ
3713 1055 3912 1125 βράδιον

2382 1143 2644 1194 διίσταντο
2696 1145 3006 1214 προαιρέσει
3034 1145 3066 1214 ἢ
3091 1146 3295 1214 ἀγνοίᾳ,
3330 1150 3398 1197 τὰ
3431 1147 3480 1197 δὲ
3509 1147 3572 1216 δή
3622 1165 3729 1199 τινι
3785 1149 3912 1216 uiti;

2384 1234 2531 1305 ἄλλῃ,
2564 1236 2661 1286 οὐκ
2693 1235 2756 1287 ἂν
2779 1234 3038 1306 ᾠιλοτίμῳ
3071 1237 3213 1300 ἴσως.
3241 1238 3348 1290 Καὶ
3367 1239 3426 1290 ού
3458 1240 3557 1306 μὲν
3584 1239 3842 1307 βούλομαί
3871 1256 3912 1289 τι

2385 1324 2614 1393 φλαῦρον
2630 1328 2799 1378 εἰπεῖν
2812 1325 2897 1378 διὰ
2908 1327 3265 1397 Ξενοκράτην,
3289 1328 3481 1396 μᾶλλον
3501 1328 3606 1398 μὴν
3629 1331 3769 1399 ὑπὲρ
3792 1330 3912 1382 [ιλά-

2381 1431 2545 1479 τωνος
2574 1416 2756 1469 ἐθέλω.
2793 1419 2901 1470 Καὶ
2917 1420 3023 1487 γάρ
3063 1436 3128 1486 με
3185 1419 3385 1481 δάκνει,
3414 1421 3492 1472 ὅτι
3540 1421 3616 1490 μὴ
3656 1423 3765 1471 πᾶν
3799 1421 3913 1472 ἐπα-

2382 1501 2473 1555 θόν
2502 1521 2557 1555 τε
2583 1511 2676 1557 καὶ
2707 1506 2889 1577 ἔδρων,
2922 1508 3174 1570 σώζοντες
3210 1510 3284 1579 τῷ
3313 1508 3552 1564 Πλάτωνι
3585 1508 3732 1561 κατά

2384 1595 2556 1662 πάντη
2607 1596 2777 1646 πᾶσαν
2823 1595 3095 1664 ὁμοδοξίαν
3170 1598 3355 1652 Καίτοι
3405 1598 3553 1662 ἄξιος
3584 1593 3657 1667 ἦν
3694 1600 3914 1659 r‘nok‘d

2384 1682 2622 1744 Πλάτων,
2656 1684 2752 1734 οὐκ
2783 1685 3014 1753 ἀμείνων
3060 1686 3154 1754 μὲν
3195 1686 3504 1756 Πυθαγόρου
3535 1686 3631 1737 τοῦ
3676 1687 3912 1754 μεγάλου,

2384 1773 2442 1823 ού
2480 1771 2652 1841 μέντοι
2693 1773 2817 1835 ἴσως
2848 1774 2961 1826 οὐδὲ
2987 1775 3339 1844 φλαυρότερος
3365 1776 3568 1828 ἐκείνου
3588 1793 3601 1804 ⁸
3713 1793 3917 1828 συνακο-

762 1835 881 1917 ncm
916 1835 1274 1917 defenderent.
1313 1861 1375 1914 Et
1401 1877 1460 1915 ea
1516 1861 1726 1928 quidem
1751 1859 1900 1913 Plato
1928 1861 2118 1929 dignus
2147 1870 2285 1922 erat,

2392 1835 2698 1924 λουδοῦντες
2732 1835 3011 1928 σεφοέντες
3040 1880 3096 1915 τε
3117 1835 3165 1916 οἱ
3183 1835 3464 1935 γνωριμοι,
3495 1835 3748 1932 ἐγένοντο
3777 1866 3916 1916 πολυ-

763 1952 852 2018 qui
888 1964 1078 2018 magno
1115 1949 1203 2002 illo
1228 1947 1525 2016 Pythagora
1559 1957 1614 1999 ut
1637 1947 1821 1999 melior
1841 1961 1943 1998 non
1979 1946 2156 2010 fuerit,
2184 1963 2288 1999 non

765 2041 862 2094 fuit
889 2051 1064 2093 tamen
1100 2039 1324 2091 fortasse
1358 2038 1588 2090 deterior
1623 2057 1632 2090 :
1670 2053 1827 2104 quem
1866 2038 2110 2105 discipuli
2150 2039 2288 2106 quod

766 2131 933 2184 secuti
964 2144 1148 2182 omnes
1183 2143 1244 2181 ac
1293 2129 1524 2181 venerati
1578 2127 1804 2189 fuerint,
1857 2127 1908 2180 id
1939 2128 2094 2180 etiam
2140 2142 2293 2194 egere

766 2221 1131 2290 potissimum,
1160 2229 1217 2272 ut
1249 2233 1459 2272 summo
1483 2219 1620 2285 apud
1651 2233 1836 2271 omnes
1883 2218 1933 2270 in
1976 2219 2291 2290 preti0\lia-

765 2313 968 2366 beatur.
1002 2308 1109 2363 Hoc
1134 2309 1303 2377 ipsum
1339 2307 1618 2377 Epicurei,
1651 2323 1926 2376 perperam
1954 2309 2029 2361 illi
2054 2309 2290 2376 quidem,

765 2402 856 2454 sed
891 2414 1065 2453 tamen
1097 2414 1217 2452 cum
1257 2398 1633 2467 intelligerent,
1678 2399 1820 2451 nulla
1863 2413 2095 2466 unquam
2152 2399 2204 2450 in
2238 2414 2293 2451 re

766 2491 832 2544 ab
860 2489 1087 2558 Epicuro
1120 2490 1378 2543 dissidere
1409 2489 1507 2542 visi
1558 2496 1719 2550 sunt,
1745 2489 1856 2543 sed
1893 2490 2066 2557 potius
2109 2490 2292 2542 eadem

768 2581 985 2633 omnino
1016 2594 1073 2632 se
1099 2594 1221 2632 cum
1257 2579 1493 2645 sapiente
1546 2592 1643 2631 suo
1669 2579 1864 2632 sentire
1898 2578 2140 2647 professi,
2177 2579 2296 2647 jure

768 2676 1043 2738 propterea
1089 2667 1141 2720 id
1187 2668 1420 2720 nominis
1463 2667 1712 2719 habuere.
1763 2666 1903 2731 Quin
1965 2670 2158 2732 etiam,
2204 2670 2294 2737 qui

773 2757 1092 2825 longissimo
1143 2757 1390 2824 deinceps
1424 2757 1701 2810 intervallo
1741 2759 2012 2812 consecuti
2054 2757 2296 2826 Epicurei

773 2858 926 2911 sunt,
963 2848 997 2899 ii
1027 2863 1123 2902 nec
1145 2848 1239 2900 abs
1276 2863 1390 2901 sese
1419 2857 1642 2911 mutuo,
1681 2863 1776 2902 nec
1821 2849 1887 2902 ab
1934 2850 2121 2903 eodem
2174 2849 2344 2917 ΕρίοΒ

771 2957 928 2996 cureo
960 2940 1252 3002 tantillum,
1286 2939 1425 3006 quod
1461 2937 1674 3005 quidem
1707 2937 2015 2991 meminisse
2039 2937 2294 2999 attineat,

773 3035 1081 3088 discessere.
1111 3032 1223 3083 lmo
1245 3029 1461 3083 sceleris
1505 3027 1643 3094 apud
1692 3041 1818 3090 eos,
1858 3027 1938 3079 vel
1987 3028 2164 3094 potius
2196 3028 2296 3078 im-

773 3122 983 3190 pietatis
1004 3121 1088 3172 ille
1107 3119 1389 3172 damnetur
1408 3157 1422 3181 ,
1457 3117 1547 3184 qui
1577 3117 1698 3169 novi
1721 3116 1992 3184 quidpiam
2018 3116 2293 3170 invexerit.

775 3209 935 3278 728
964 3208 1134 3272 Quare
1171 3221 1328 3258 nemo
1380 3219 1600 3274 prorsus
1633 3204 1684 3257 id
1721 3205 1930 3259 audeat.
1977 3205 2076 3259 Sed
2111 3221 2295 3260 eorum

774 3298 1020 3363 dogmata
1055 3293 1123 3346 ob
1149 3301 1478 3346 constantem
1513 3293 1654 3344 illam
1681 3293 1918 3347 omnium
1947 3294 2083 3348 inter
2107 3310 2162 3348 se
2180 3283 2300 3364 per-

775 3395 1091 3455 petuamque
1136 3383 1509 3446 concordiam,
1552 3384 1602 3435 in
1653 3384 1913 3438 altissima
1967 3385 2195 3450 quadam
2249 3394 2301 3439 et

777 3474 1208 3543 tranquillissima
1258 3488 1386 3542 pace
1433 3482 1731 3526 versantur.
1789 3472 1866 3526 lta
1925 3475 2035 3528 haec
2088 3475 2298 3543 Epicuri

775 3578 918 3621 aeota
949 3580 1081 3616 vera:
1108 3564 1317 3617 cuidam
1342 3563 1646 3629 reipublicae
1676 3563 2071 3630 persimilisest
2096 3604 2108 3627 ,
2140 3578 2298 3631 quam

779 3655 843 3707 ab
873 3653 1016 3705 omni
1060 3650 1319 3704 seditione
1369 3649 1811 3716 remotissimam,
1871 3663 2022 3702 mens
2061 3648 2299 3715 quaedam

780 3757 882 3794 una
912 3740 1206 3792 communis
1233 3777 1246 3799 ,
1273 3753 1484 3804 unaque
1507 3739 1765 3790 sententia
1790 3737 2111 3790 moderetur.
2130 3737 2299 3801 Quam

780 3829 854 3880 illi
887 3826 1220 3893 disciplinam
1253 3833 1304 3877 et
1337 3826 1681 3878 anteasecuti
1705 3833 1829 3878 sunt
1872 3825 2015 3877 multi
2040 3825 2306 3894 perliben-

782 3929 861 3972 ter
883 3958 895 3981 ,
933 3928 983 3971 et
1016 3925 1310 3985 sequuntur
1352 3917 1673 3974 etiamnum,
1706 3922 1882 3982 atque
1914 3916 2080 3980 adeo,
2126 3909 2181 3968 tit
2231 3917 2306 3969 si-

783 4009 1059 4061 millimum
1088 4006 1196 4061 veri
1218 4014 1300 4060 est
1322 4045 1335 4069 ,
1365 4006 1417 4057 in
1444 4016 1710 4074 posterum
1740 4013 2044 4072 sequentur.
2077 4005 2144 4057 At
2163 4004 2306 4058 Stoi-

781 4112 872 4150 cos
892 4098 1024 4150 inter
1071 4096 1328 4149 factiones
1362 4095 1608 4149 exstitere
1639 4136 1652 4159 ,
1695 4111 1811 4163 qua:
1845 4096 1910 4148 ab
1945 4096 2069 4162 ipsis
2118 4110 2302 4148 eorum

782 4189 1077 4242 commissa:
1103 4188 1467 4256 principibus,
1519 4187 1582 4240 ad
1639 4203 1737 4242 nos
1797 4202 1962 4255 usque
2008 4195 2307 4256 propagatae

783 4287 924 4332 sunt.
952 4277 1025 4331 Ac
1049 4292 1164 4330 sese
1187 4265 1259 4330 illi
1291 4287 1476 4330 mutuo
1499 4278 1725 4345 graviter
1753 4277 2039 4329 admodum
2067 4288 2121 4329 et
2156 4292 2307 4329 acer-

779 4371 847 4423 be
872 4367 1230 4436 redarguunt,
1272 4369 1396 4424 dum
1447 4368 1534 4420 alii
1583 4381 1736 4421 suum
1783 4365 1957 4418 adhuc
2006 4366 2306 4418 institutum

2389 1949 2755 2019 τιμητίζεσῦαι
2788 1951 3088 2004 αἰτιώτατοι
3107 1953 3199 2004 τὸν
3227 1953 3559 2024 Πυθαγόραν.
3589 1955 3762 2005 Τοῦτο
3799 1955 3850 2006 δὲ
3876 1957 3915 2006 ei

2403 2042 2752 2111 Ἐπικούρειοι
2783 2044 2879 2095 οὐκ
2927 2043 3127 2109 ὤφελον
3175 2044 3288 2113 μὲν,
3323 2044 3579 2113 μαθόντες
3635 2045 3681 2096 δ’
3731 2042 3910 2107 οὗν,ἐν

2390 2131 2560 2182 οὐδενὶ
2595 2131 2688 2200 μὲν
2721 2130 2972 2202 ὤφθησαν
3005 2133 3301 2204 Ἐπικούρῳ
3329 2137 3546 2188 ἐναντία
3593 2135 3810 2205 θέμενοι
3839 2140 3914 2189 ού-

2390 2219 2590 2288 δαμῶς,
2625 2221 3044 2290 ὁμολογήσαντες
3069 2223 3124 2276 δέ
3165 2219 3299 2276 εἶναι
3331 2225 3474 2294 σοφῷ
3506 2226 3914 2295 συνδεδογμένοι,

2393 2311 2484 2363 καὶ
2504 2311 2654 2362 αὐτοὶ
2683 2310 2767 2361 διὰ
2793 2311 2947 2363 τοῦτο
2970 2312 3276 2365 ἀπέλαυσαν
3301 2314 3399 2382 τῆς
3425 2315 3778 2384 προσρήσεως
3794 2317 3917 2365 εἱιιό⁴

2392 2417 2513 2462 τως.
2557 2400 2788 2469 Ὑπῆρξέ
2814 2417 2886 2459 τε,
2906 2400 2967 2453 ἐκ
2994 2401 3179 2453 τούτου
3211 2404 3300 2454 ἐπὶ
3347 2403 3592 2455 πλεῖστον
3621 2406 3737 2465 τοῖς
3775 2407 3912 2471 μετέ-

2394 2507 2546 2544 πειτα
2582 2491 2964 2562 Ἐπικουρείοις
2996 2492 3115 2561 μηδ’
3152 2494 3328 2554 αὐτοῖς
3365 2495 3532 2546 εἰπεῖν
3560 2513 3648 2547 πω
3675 2496 3914 2558 ἐναντίον,

2393 2577 2513 2630 οὔτε
2571 2578 2837 2649 ἀλλήλοις,
2873 2578 2993 2630 οὔτε
3056 2579 3355 2649 Ἐπικούρῳ
3404 2581 3567 2650 μηδὲν
3625 2585 3707 2644 εἰς
3751 2584 3912 2652 μηδὲν,

2392 2667 2511 2717 ὅτου
2538 2669 2630 2719 καὶ
2663 2667 2957 2736 μνησθῆναι
2981 2669 3142 2731 ἄξιον.
3189 2669 3323 2721 Ἀλλ’
3354 2669 3494 2722 ἐστιν
3538 2672 3725 2734 αὐτοῖς
3763 2689 3915 2742 παρα·

2396 2755 2611 2823 νόμημα
2636 2793 2649 2814 ,
2689 2755 2884 2822 μᾶλλον
2917 2755 2970 2807 δὲ
3015 2755 3281 2826 ἀσέϐημα,
3317 2758 3410 2809 καὶ
3448 2759 3822 2825 κατέγνωσται
3868 2761 3915 2812 τὸ

2395 2844 2793 2912 καινοτομηοέν.
2826 2845 2932 2896 Καὶ
2953 2844 3037 2896 διὰ
3060 2844 3213 2896 τούτο
3232 2846 3402 2908 οὐδεὶς
3427 2847 3546 2898 ούδέ
3567 2847 3762 2917 τολμᾷ.
3783 2849 3914 2900 Κατὰ

2397 2934 2590 3005 πολλὴν
2628 2933 2683 2985 δὲ
2709 2936 2923 3003 εἰρήνην
2945 2934 3120 2995 αὐτοῖς
3142 2937 3338 3005 ὴρεμεζ
3355 2935 3422 2988 τὰ
3441 2936 3684 3004 δόγματα
3715 2938 3817 2989 ὑπὸ
3836 2939 3915 3006 τῆς

2398 3028 2454 3078 ἐν
2481 3024 2720 3094 ἀλλήλοις
2749 3025 2852 3075 αἰεί
2885 3041 3010 3076 ποτε
3049 3025 3372 3092 συμφωνίας.
3406 3028 3584 3078 Ἐοικὲ
3615 3045 3676 3079 τε
3713 3030 3746 3097 ἡ
3792 3029 3915 3080 Ἐπι-

2398 3114 2589 3184 κούρου
2634 3113 2877 3183 διατριϐὴ
2910 3114 3145 3184 πολιτεία
3189 3117 3291 3166 τινὶ
3344 3116 3524 3184 ἀληθεί
3574 3118 3915 3170 ἀστασιαστο-

2397 3205 2549 3275 τάτῃ,
2586 3206 2756 3258 κοινὸν
2783 3206 2875 3256 ἕνα
2899 3205 3039 3266 νοῦν,
3069 3205 3194 3274 μίαν
3222 3205 3439 3275 γνώμην
3465 3209 3681 3277 ἐχούσῃ,
3734 3211 3840 3276 Ἀφ’
3857 3207 3911 3278 ἧς

2395 3293 2550 3366 ἦσαν,
2579 3298 2668 3348 καί
2697 3299 2817 3360 εισι,
2847 3298 2954 3359 καὶ,
2982 3296 3055 3358 ὠς
3084 3295 3274 3358 ἔοικεν,
3309 3297 3512 3350 ἔσονται
3540 3298 3913 3365 φιλακόλουθοι.

2399 3388 2476 3439 Τὰ
2498 3387 2551 3439 δὲ
2570 3386 2938 3438 τῶνΣτωῖκῶν
2967 3388 3336 3450 ἐστασίασται,
3374 3387 3648 3456 ἀρξάμενα
3691 3389 3802 3441 ἀπὸ
3830 3389 3916 3440 eius

2401 3477 2684 3546 ἀρχόντων,
2713 3477 2802 3529 καὶ⁴
2835 3476 3051 3545 μηδέπω
3097 3477 3421 3531 τελευτῶντα
3456 3480 3544 3530 καὶ
3599 3480 3719 3532 νῦν.
3756 3481 3916 3543 Ἐλέγ-

2401 3583 2548 3634 χσυσι
2574 3566 2629 3617 δὲ
2657 3565 2992 3632 ἀγαπώντως·
3019 3565 3093 3635 (9)
3123 3567 3224 3617 ὑπὸ
3268 3567 3552 3634 δυσμενοῦς
3604 3568 3848 3638 ἐλέγχου,
3878 3571 3915 3618 οἱ

2405 3659 2500 3726 μέν
2520 3674 2657 3719 τινες
2690 3657 2863 3707 αὐτῶν
2890 3657 3319 3726 ἐμμεμενηκότες
3350 3659 3446 3720 ἔτι,
3467 3659 3514 3710 οἱ
3546 3659 3590 3710 δ’
3771 3677 3914 3728 μετα·

2403 3744 2628 3812 Θέμενοι.
2679 3742 2891 3805 Εἴξασιν
2938 3742 3046 3810 (l0)
3073 3738 3163 3793 οὖν
3189 3745 3238 3794 oi
3291 3744 3490 3812 πρῶτοι
3516 3743 3912 3813 ὀλιγαρχικωτέ-

2405 3849 2532 3902 ροις,
2565 3833 2613 3883 οἳ
2637 3830 2703 3902 δὴ
2740 3831 3041 3893 διαστάντες
3071 3832 3309 3901 ὑπῆρξαν
3350 3834 3427 3894 εις
3470 3834 3594 3894 τοὺς
3645 3833 3913 3901 μετέπειτα

2404 3921 2596 3990 πολλῆς
2647 3920 2743 3990 μὲν
2766 3924 2874 3982 τοῖς
2903 3919 3201 3990 προτέροις,
3234 3919 3425 3989 πολλῆς
3456 3921 3511 3972 δὲ
3552 3921 3652 3988 τῆς
3691 3920 3913 3988 ἀλλήλοις

2405 4013 2760 4081 ἐπιτιμήσεως
2791 4010 2968 4074 αἴτιοι,
2996 4009 3158 4062 εἰσέτι
3187 4008 3382 4078 ἐτέρων
3417 4010 3588 4078 ἕτεροι
3629 4009 3909 4061 Στώῖκώτεο

2409 4118 2484 4170 ροι
2501 4117 2512 4129 ’
2547 4093 2863 4169 καὶμᾶλλον
2887 4099 2999 4150 ὅσοι
3027 4097 3201 4149 πλεῖον
3215 4098 3304 4149 ἐπὶ
3330 4097 3390 4149 τὸ
3419 4096 3662 4166 τεχνικὸν
3681 4097 3910 4165 ὥφθησαι

2410 4190 2726 4259 μικρολόγοι.
2762 4187 2922 4240 Αὐτοὶ
2947 4186 3053 4269 γὰρ
3078 4181 3220 4239 οὗτοι
3249 4186 3371 4248 τοὺς
3403 4187 3620 4255 ἐτέρους
3667 4187 3904 4255 ύπερῦαλ-

2405 4280 2611 4347 λόμενοι
2645 4279 2726 4347 ’τῇ
2775 4294 2831 4328 τε
2863 4275 3349 4346 πολυπραγμοσύνῃ
3372 4313 3387 4335 ,
3434 4280 3544 4337 τοῖς
3579 4294 3641 4327 τε
3676 4293 3910 4346 σκαριφη-

2409 4366 2557 4435 θμοῖς
2613 4367 2720 4435 (ll)
2769 4366 3033 4435 ἐπετίμων
3082 4365 3288 4418 Θᾶττον.
3337 4367 3472 4418 Πολὺ
3509 4366 3689 4434 μέντοι
3741 4367 3910 4418 τούτωι

784 4457 1042 4520 retinent,
1075 4454 1162 4507 alii
1187 4456 1295 4523 jam
1333 4457 1397 4508 ab
1438 4470 1502 4508 eo
1540 4453 1896 4509 desciverunt.
1952 4451 2016 4504 Et
2059 4451 2296 4506 factioso-

2413 4457 2668 4526 πρότερον
2695 4457 2865 4509 ταύτά
2895 4456 3088 4508 ἔπαθον
3123 4457 3172 4507 oi
3201 4457 3304 4508 ἀπὸ
3334 4457 3671 4525 Σωκράτους,
3709 4456 3908 4522 ἀφελκύ·

785 4560 903 4598 rum
965 4545 1176 4612 quidem
1259 4546 1478 4598 istorum
1551 4544 1812 4612 principes
1873 4557 2056 4594 eorum
2109 4543 2308 4597 similes

787 4643 942 4698 sunt,
972 4636 1060 4703 qui
1101 4649 1389 4703 paucorum
1415 4635 1696 4702 imperium
1722 4634 1900 4688 acrius
1920 4633 2311 4688 vehementius-

881 4824 932 4893 8)
973 4823 1127 4877 Forte
1152 4824 1271 4893 add.
1303 4825 1370 4877 τὰ
1405 4825 1518 4893 μέν.

881 4837 911 4876 δ
973 4837 1127 4877 rorte
1152 4837 1271 4878 adu.
1303 4837 1370 4877 τα
1405 4837 1518 4893 μεν.

860 4837 932 4961 ίθς
966 4892 1351 4957 Ἀταπώντως.
1373 4893 1708 4946 Subobscure
1727 4893 1866 4945 dicta
1894 4894 2004 4946 haec
2034 4899 2176 4945 sunt.
2204 4889 2311 4959 Ego

793 4971 1020 5015 mentem
1060 4962 1289 5013 hominis
1317 4963 1493 5029 potius
1537 4975 1693 5027 quam
1729 4961 1885 5013 verba
1916 4970 2127 5014 secutus
2171 4976 2310 5029 sum.

792 5032 872 5083 An
899 5029 1033 5083 forte
1065 5027 1408 5098 ἀγαπώντως,
1428 5032 1527 5083 hoc
1559 5030 1693 5098 loco,
1723 5029 1959 5098 σφοδρῶς
1993 5032 2083 5081 καὶ
2111 5027 2312 5079 συντεί-

794 5115 894 5159 νως
915 5096 1093 5163 ἳαυοᾶ
1116 5112 1230 5164 qua:
1249 5098 1533 5165 diligimus,
1555 5113 1614 5149 ea
1638 5097 1743 5150 fere
1760 5096 1963 5164 semper
1978 5100 2314 5150 vehementer

793 5167 1154 5235 defendamus.
1204 5165 1286 5235 A_n_
1350 5166 1600 5235 ἀλλήλους
1643 5181 1736 5233 pro
1788 5166 2112 5230 ἀγαπώντως
2161 5180 2315 5231 repo-

795 5233 1229 5302 nendum9Certe
1245 5232 1533 5302 Numenius
1564 5232 1654 5287 hic
1683 5250 1867 5302 parum
1894 5236 2090 5302 ubique
2114 5245 2308 5287 tersus.

864 5303 972 5371 (l0)
1012 5301 1274 5371 Εἵξασιν.
1310 5299 1535 5354 Omnino
1587 5299 1914 5356 νεΓέοίκασι
1954 5299 2311 5371 reponendum

796 5370 894 5435 est,
925 5371 1007 5423 vel
1038 5370 1202 5434 εἴξασι
1232 5384 1326 5438 pro
1356 5371 1556 5421 ἐοίκασι
1590 5373 1817 5437 positum
1843 5411 1854 5432 ,
1888 5385 2027 5433 raro,
2057 5372 2108 5423 ni
2139 5370 2310 5432 fallor,

799 5440 1057 5506 exemplo,
1095 5441 1279 5491 saltem
1314 5439 1451 5506 apud
1485 5440 1670 5506 solutae
1694 5441 1951 5495 orationis
1977 5448 2240 5492 auctores.

868 5505 974 5578 (ll)
1030 5505 1494 5578 Exgptsmdpoic._
1526 5505 1647 5567 Ms.,
1693 5507 2097 5578 σκαρφηθμοῐς,
2141 5508 2317 5560 adhuc

802 5574 1067 5646 vitiosius.
1099 5576 1266 5628 Credo
1314 5574 1588 5646 legendum
1624 5574 1998 5646 σκαριῲισμοῖς
2025 5616 2038 5638 ,
2087 5576 2187 5630 hoc
2233 5586 2314 5629 est

802 5643 1155 5709 λεπτολογίαις
1183 5652 1234 5696 et
1264 5644 1572 5695 contortulis
1609 5643 1850 5712 argutiis,
1874 5643 2065 5711 quibus
2092 5646 2311 5711 carptim

807 5712 999 5780 aliquid
1049 5714 1426 5780 perstringatur
1473 5714 1684 5779 potius,
1735 5723 1786 5766 ct
1823 5715 1974 5781 quasi
2019 5714 2307 5775 veliicetur,

2410 4564 2591 4609 σαντες
2621 4547 2901 4616 διαφόρους
2921 4547 3041 4608 τοὺς
3071 4547 3280 4614 λόγους·
3307 4547 3408 4615 ἰδίᾳ
3431 4547 3526 4615 μὲν
3567 4547 3910 4614 Ἀρίστιππος.

2413 4637 2512 4706 ἰδίᾳ
2537 4637 2592 4688 δὲ
2636 4635 2994 4705 Ἀντισθένης·
3033 4638 3123 4688 καὶ
3161 4635 3386 4705 ἀλλαχοῦ
3426 4635 3528 4704 ἰδίᾳ
3553 4637 3604 4686 οἱ
3643 4638 3909 4706 Μεγαρικοί

2410 4825 2566 4892 quam
2597 4809 2899 4892 diligentius
2928 4810 3255 4863 enucleetur.
3300 4808 3685 4877 Aristophanes
3730 4811 3785 4861 ὲν
3820 4811 3887 4863 Ba

2409 4887 2571 4945 τρᾱχ.
2609 4887 2711 4931 act.
2744 4895 2794 4929 tv
2824 4894 2837 4927 :

2553 4968 2617 5019 Τὸ
2652 4967 2701 5018 δ’
2727 4967 2821 5019 ἐπὶ
2863 4966 3130 5036 σεμνοῖσι
3157 4967 3353 5036 λόγοις
3371 5007 3388 5032 ,

2548 5037 2653 5087 Καὶ
2688 5035 3132 5102 σκαριφισμοῖσι
3162 5035 3356 5103 λήρων

2547 5103 2849 5169 Διατριϐὴγ
2879 5103 3058 5169 ἄργον
3082 5105 3367 5156 ποιεῖσθαι
3393 5141 3407 5166 ,

2546 5171 3062 5238 Παραφρονποῦντος
3089 5172 3319 5240 ἀνδρός.

2413 5262 2796 5329 Σκαριφήματσ
2826 5273 3038 5329 quoque
3067 5261 3376 5314 dicebantur
3409 5274 3423 5308 :
3458 5260 3587 5329 imo.
3613 5269 3675 5313 ut
3691 5255 3906 5329 κωμικιξιι

2412 5324 2561 5397 τερον
2573 5324 2914 5395 Aristophani
2930 5324 3386 5399 σκαλαθυρμάτιι.
3400 5329 3451 5380 in
3472 5328 3522 5380 Ν
3527 5329 3731 5386 abibis,
3734 5324 3823 5395 pl!
3832 5324 3884 5374 (34
3899 5342 3904 5370 ε

2484 5419 2674 5480 Ὅστις
2697 5416 3179 5482 σκαλαθυρμάτια
3202 5415 3344 5469 ἅττα
3368 5417 3541 5483 μικρὰ
3559 5416 3868 5483 μανθάνων.

2416 5508 2739 5562 Scholiastes
2771 5505 3014 5574 explicat,
3044 5505 3382 5576 σκαλεύματα
3409 5498 3906 5576 σμικρὰικαὶνλεπτᾶ

2415 5577 2716 5628 παντάπασι
2743 5573 3027 5645 νοήματαη
3055 5573 3594 5645 καὶγ-ᾀῳιφήματα.
3627 5573 3804 5645 subdit
3837 5585 3904 5645 ay:

2416 5654 2520 5696 tem
2543 5685 2557 5708 ,
2593 5647 2654 5696 ἐκ
2693 5636 2879 5695 τούτου
2908 5643 2962 5693 δὲ
3006 5642 3271 5695 διασάλλει
3293 5636 3613 5710 Σωκράτην,
3642 5641 3717 5704 ὼς
3758 5636 3905 5697 εὐτελῆ

2417 5715 2566 5777 εἰσιν,
2593 5712 2626 5765 ἃ
2652 5713 2916 5773 διδάσκει,
2944 5711 3034 5761 καὶ
3056 5711 3258 5774 οὐδενὸς
3284 5711 3404 5776 ἄξια
3428 5711 3604 5775 λόγου.
