4010 6342
86 502 213 556 ΗΘἹ

1175 500 1486 559 ΡΠίΕΡΑΠ.
1530 501 1772 561 EVANG.
1814 506 1937 560 LIB.
1975 505 2108 561 XIV.

3117 499 3249 557 “98

88 639 133 673 εε
177 624 268 673 καὶ
312 620 627 693 Ἐρετρικοὶ,
662 624 694 695 ἢ
734 626 784 677 εἷ
830 642 967 688 τινες
1022 626 1161 678 ἄλλοι
1219 628 1351 695 μετά
1397 628 1613 679 τούτων.

1721 639 1823 691 que
1853 623 2174 684 defendunt,
2204 637 2406 691 suoque
2431 623 2519 674 illo
2540 622 2768 675 divortio
2798 620 2848 674 in
2887 636 3045 674 causa
3066 620 3212 674 fuere
3234 660 3249 687 ,

83 712 253 766 Δῖτιον
271 714 347 777 δὲ,
366 718 445 767 ὅτι
474 718 621 784 τρεῖς
649 715 799 778 θεοὺς
826 717 1100 785 τιθεμένου
1148 718 1460 785 Σωκράτους
1480 758 1494 779 ,
1528 719 1617 769 καὶ

86 804 480 873 ᾷιλοσοφοῦντος
523 806 703 867 αὐτοῖς
732 810 787 858 ὲν
843 809 953 869 τοῖς
1013 811 1371 878 προσήκουσιν
1409 810 1617 878 ἑκάστῳ

81 894 316 963 ῥυθμοῖς,
337 898 382 947 οἱ
412 896 787 959 διακούσαντες
812 899 966 949 τοῦτο
988 899 1083 967 μὲν
1107 901 1351 967 ἠγνόουν,
1377 901 1539 969 ᾤοντο
1562 902 1616 952 δὲ

80 985 249 1051 Αέγειν
277 986 449 1039 πάντα
475 988 636 1039 αὑτὸν
669 988 812 1056 είκῆ,
844 992 933 1041 καὶ
974 990 1075 1041 ἀπὸ
1118 991 1215 1059 τῆς
1249 992 1477 1061 νικώσης
1513 996 1617 1045 αἰεὶ

79 1076 380 1143 προστυχῶς
423 1076 607 1129 ἄλλοτε
638 1076 802 1145 άλλης
839 1080 1022 1147 τύχης,
1060 1081 1205 1142 ὅπως
1250 1084 1417 1134 πνέοι.
1459 1085 1515 1134 '0
1565 1086 1615 1137 δὲ

80 1164 329 1227 Πλάτων,
360 1166 729 1235 Πυθαγορίσας
775 1168 920 1237 (ᾔδει
962 1170 1017 1221 δὲ
1046 1171 1132 1221 τὸν
1182 1172 1470 1241 ἃυκράτην
1518 1191 1617 1243 μη-

76 1253 299 1323 δαμόθεν
320 1255 352 1324 ἢ
376 1256 580 1308 ἐκεῖθεν
600 1255 689 1308 διὰ
718 1257 825 1325 (li)
848 1258 915 1309 τά
939 1260 1073 1310 αὐτὰ
1104 1260 1318 1313 τοιαῦτα
1351 1264 1522 1313 εἰπεῖν
1558 1280 1613 1315 τε

75 1347 162 1399 καὶ
206 1346 400 1413 γνόντα
429 1347 762 1416 εἰρηκέναι),
794 1342 891 1399 ὦδε
922 1344 1012 1400 οὖν
1063 1351 1153 1402 καὶ
1213 1352 1365 1412 αὐτὸς
1398 1352 1614 1421 συνεδή-

77 1451 200 1486 σατο
224 1435 291 1487 τά
315 1438 629 1505 πράγματα,
660 1437 777 1490 οὔτε
805 1438 1084 1500 εἰωθότως,
1106 1439 1223 1491 οὔτε
1252 1438 1308 1492 δὲ
1336 1442 1414 1501 εἰς
1436 1441 1494 1491 τὸ
1516 1457 1616 1507 φα-

75 1526 224 1593 νερόν
244 1543 257 1555 '
282 1526 553 1593 διαγαγὼν
581 1528 637 1579 δὲ
669 1528 870 1580 ἕκαστα
898 1530 1001 1596 ὃπη
1027 1528 1287 1597 ἐνόμιζεν,
1320 1528 1617 1598 ἐπικρυψά-

79 1633 237 1683 μενος
257 1616 316 1668 tv
346 1617 491 1687 μέσῳ
515 1618 608 1669 τοῦ
631 1618 760 1686 δῆλα
792 1615 926 1669 εἶναι
967 1620 1056 1670 καὶ
1088 1620 1159 1688 μὴ
1188 1619 1339 1689 δῆλα,
1366 1619 1617 1686 ἀσφαλῶς

79 1707 171 1773 μὲν
197 1707 491 1776 ἐγράέιατο,
517 1708 677 1771 αὐτὸς
698 1709 751 1761 δὲ
774 1709 948 1761 αἰτίαν
974 1710 1209 1779 παρέσχε
1245 1709 1341 1779 τῆς
1380 1710 1491 1779 μετ’
1520 1711 1615 1762 αὐ-

73 1795 155 1846 τὸν
209 1797 443 1861 στάσεώς
485 1815 542 1849 τε
572 1798 684 1867 ἅμα
712 1800 803 1849 καὶ
826 1798 1038 1866 διολκῆς
1082 1798 1187 1849 τῶν
1215 1798 1524 1867 δογμάτων,
1556 1799 1614 1848 οὐ

74 1887 245 1956 φθόνῳ
294 1888 422 1956 μὲν,
461 1888 580 1940 οὑδέ
636 1906 698 1955 γε
741 1888 973 1958 δυσνοίᾳ.
1034 1888 1168 1940 Ἀλλ’
1215 1891 1274 1941 οὺ
1331 1888 1612 1956 βούλομαι,

1719 713 2068 779 quamobrem
2103 712 2298 780 posteri
2330 720 2382 765 et
2406 712 2637 778 majores
2677 726 2805 765 suos
2827 752 2841 774 ,
2884 721 2937 764 ct
2969 725 3087 764 sese
3132 727 3251 765 mu-

1718 812 1812 855 tuo
1842 804 2279 870 intemperantius
2302 803 2697 870 reprehendant
2722 820 2735 866 ;
2765 818 2887 856 cum
2920 802 3039 856 aliis
3078 803 3253 856 adhuc

1718 894 1805 945 alii
1861 893 2041 946 stoicze
2080 892 2378 961 disciplina:
2431 878 2729 948 tenaciores
2791 904 2989 947 essent.
3042 892 3158 959 Qun
3198 896 3251 946 in

1717 998 1910 1051 genere
1943 984 2273 1037 molestiores
2302 983 2448 1036 luere
2470 1024 2485 1048 ,
2519 984 2612 1052 qui
2636 982 2879 1052 argutius
2912 998 2971 1035 ac
3003 982 3253 1035 subtilius

1717 1074 1985 1141 quoddam
2014 1075 2297 1128 artiﬁcium
2331 1074 2583 1142 aucupari
2616 1074 2952 1127 videbantur.
2987 1074 3047 1125 lli
3083 1074 3250 1136 enim,

1717 1174 1774 1217 ut
1804 1166 2113 1220 curiositate
2136 1175 2358 1219 cancros
2394 1180 2457 1219 ac
2499 1165 2777 1218 vellicandi
2814 1166 3060 1219 acumine
3097 1180 3253 1232 supe-

1719 1257 1942 1317 rabant,
1974 1257 2051 1309 sic
2081 1256 2378 1323 paratiores
2429 1264 2584 1308 erant
2621 1256 2685 1307 ad
2733 1255 3250 1322 reprehendendum.

1716 1344 1865 1410 Quod
1897 1347 2070 1414 ipsum
2107 1356 2280 1398 tamen
2324 1346 2487 1398 multo
2537 1355 2661 1398 ante
2714 1346 2897 1413 ipsos,
2952 1345 3249 1409 factitatum

1717 1437 1784 1488 ah
1816 1437 1882 1488 iis
1910 1445 1993 1490 est
2015 1477 2029 1501 ,
2058 1436 2151 1504 qui
2180 1452 2209 1489 e
2249 1435 2487 1489 Socratis
2532 1437 2987 1505 disputationibus
3033 1446 3253 1489 contra-

1717 1527 1828 1581 rias
1854 1536 2111 1579 erueruut
2138 1538 2545 1596 pugnantcsque
2582 1527 2815 1581 rationes
2850 1546 2864 1580 :
2901 1528 2988 1581 ubi
3028 1528 3251 1581 seorsim

1715 1618 2021 1686 Aristippus
2045 1658 2059 1681 ,
2090 1620 2317 1672 seorsim
2342 1619 2689 1673 Antisthenes
2716 1661 2731 1686 ,
2760 1620 2956 1688 aliique
2986 1620 3249 1680 similiter,

1716 1718 1775 1760 ut
1796 1706 2133 1775 Megarenses
2159 1717 2213 1760 et
2244 1707 2436 1763 Eretrii
2460 1750 2473 1771 ,
2501 1725 2564 1763 ac
2609 1710 2654 1763 si
2683 1710 2774 1778 qui
2830 1719 3081 1778 pra-terea
3129 1726 3249 1763 cum

1716 1798 1834 1851 istis
1884 1798 2199 1850 numerandi
2258 1807 2400 1851 sunt.
2453 1798 2621 1866 Cujus
2675 1799 2885 1851 divortii
2922 1815 3083 1853 causa
3140 1802 3253 1853 lucc

1716 1886 1816 1939 fuit
1838 1928 1853 1950 ,
1874 1888 2018 1955 quod
2050 1901 2173 1940 cum
2203 1886 2452 1942 Socrates
2496 1889 2624 1942 deos
2653 1899 2763 1941 tres
2800 1902 3055 1958 poneret,
3094 1900 3254 1959 atque

72 1972 155 2027 ἐπὶ
187 1973 407 2047 ἀνδράσι
452 1970 834 2049 πρεσϐυτέροις
875 1980 1047 2030 εἰπεῖν
1096 1976 1309 2048 ῥήματα
1345 1979 1441 2029 οὐκ
1473 1978 1614 2030 ἐναί-

1715 1978 1850 2046 apud
1879 1993 1973 2033 eos
1995 1980 2108 2034 suis
2134 1980 2396 2049 cujusque
2433 1983 2770 2051 propriisque
2815 1983 3049 2036 numeris
3075 1982 3249 2049 philo-

72 2082 223 2135 σιμα.
278 2062 443 2119 Τοῦτο
489 2068 544 2120 δὲ
605 2069 707 2138 χρὴ
764 2068 1027 2138 μαθόντας
1074 2072 1247 2139 ἡμᾶς,
1307 2071 1613 2135 ἐπενεγκεῖν

70 2157 243 2206 ἐκεῖσε
293 2156 485 2225 μᾶλλον
552 2157 646 2227 τὴν
700 2159 956 2227 γνώμην,
1012 2161 1102 2210 καὶ
1169 2158 1351 2228 ὥσπερ
1402 2159 1459 2223 ἐξ
1518 2160 1613 2228 ἀρ-

71 2246 163 2314 χῆς
229 2246 568 2317 προύθέμεθα
596 2286 611 2310 ,
678 2249 929 2318 χωρίζειν
986 2248 1144 2300 αὑτὸν
1220 2248 1615 2317 Ἀριστοτέλους

72 2335 157 2387 καὶ
214 2336 493 2405 Ζήνωνος,
556 2335 695 2387 οὕτω
754 2337 845 2389 καὶ
908 2336 1001 2388 νῦν
1072 2337 1169 2405 τῆς
1245 2336 1613 2405 Ἀκαδημίας,

71 2425 160 2475 ἐᾶν
190 2427 222 2478 6
250 2425 378 2487 Θεὸς
410 2426 776 2496 άντιλάὃηται,
813 2428 1151 2497 χωρίζοντες,
1204 2427 1432 2495 ἐάσομεν
1461 2426 1616 2480 αὑτὸν

71 2513 148 2579 ἐφ’
179 2513 370 2565 ἑαυτοῦ
398 2513 491 2565 νῦν
518 2510 654 2567 εἶναι
697 2515 1075 2585 Πυθαγόρειον.
1126 2515 1210 2577 Ὡς
1249 2516 1340 2567 νῦν
1392 2514 1619 2583 μανικώ-

70 2602 270 2672 τερονή
326 2604 516 2657 Πενθεῖ
577 2623 683 2657 τινι
739 2606 997 2674 προσῆκε,
1042 2606 1374 2673 διελκόμενος
1424 2606 1617 2673 πάσχει

73 2696 162 2759 μὲν
181 2692 323 2747 κατὰ
352 2696 666 2764 μέλη,,ὅλως
694 2696 738 2748 δ’
770 2696 830 2759 ιξ
880 2697 1000 2747 ὅλου
1051 2695 1240 2747 ἑαυτοῦ
1280 2694 1615 2763 μετατίθεταί

70 2798 121 2835 τε
148 2785 245 2835 καὶ
275 2785 735 2854 άντιμετατίθεται
772 2785 1040 2855 οὐδαμῶς.
1106 2786 1191 2847 Ὠς
1232 2781 1324 2837 οὖν
1370 2785 1506 2853 ἀνὴρ
1535 2801 1619 2854 με·

70 2874 237 2927 σεύων
267 2875 575 2946 Πυθαγόρου
620 2877 712 2929 καὶ
740 2876 1074 2945 Σωκράτους,
1106 2874 1196 2927 τοῦ
1234 2876 1329 2944 μὲν
1349 2875 1407 2927 τὺ
1430 2875 1617 2943 σεμνὸν

69 2962 364 3030 ὑπαγαγὼν
388 2965 545 3034 μέχρι
568 2964 659 3016 τοῦ
688 2963 1082 3033 φιλανθρώπου,
1120 2964 1213 3016 τοῦ
1248 2964 1303 3015 δὲ
1330 2964 1389 3015 τὸ
1414 2964 1617 3032 κομψὸν

68 3052 219 3104 τοῦτο
260 3053 352 3105 καὶ
401 3054 723 3123 παιγνιῖψον
756 3053 1043 3121 ἀναγαγὼν
1084 3054 1187 3105 ἀπὸ
1214 3054 1311 3122 τῆς
1343 3054 1618 3125 είρωνείας

69 3143 175 3213 (i5)
210 3144 290 3206 είς
334 3144 544 3213 ἀξίωμα
572 3146 665 3197 καὶ
704 3144 883 3211 δγκον,
920 3144 1012 3196 καὶ
1054 3145 1183 3196 αὐτὸ
1204 3142 1362 3195 τοῦτο
1390 3145 1620 3215 κεράσας

69 3234 341 3302 Σωκράτει
366 3234 701 3305 Πυθαγόραν,
738 3236 830 3287 τοῦ
888 3237 983 3304 μὲν
1025 3234 1472 3305 δημοτικώτερος,
1524 3236 1613 3287 τοῦ

66 3324 119 3374 δὲ
149 3323 467 3394 σεμνότερος
486 3324 658 3394 ὤφθη.
690 3326 823 3376 Ἀλλ’
844 3326 903 3377 οὑ
924 3326 1030 3395 γάρ
1062 3344 1114 3378 τι
1138 3328 1307 3380 ταῦτα
1332 3328 1615 3398 διαιτήσων

67 3408 242 3481 ἦλθον,
277 3414 354 3484 μὴ
384 3416 509 3483 περὶ
532 3414 734 3467 τούτων
762 3414 924 3485 οὔσης
954 3415 1047 3468 νῦν
1084 3434 1170 3485 μοι
1201 3417 1299 3486 τῆς
1320 3417 1611 3488 ζητήσεως.

74 3500 215 3554 Ἀδὲ
246 3503 618 3573 προὺδέδοκτο,
662 3506 754 3557 καὶ
804 3501 915 3575 εἶμι
964 3507 1159 3567 ἐκεῖσε,
1218 3500 1249 3576 ἦ
1296 3504 1359 3578 δὴ
1392 3508 1613 3577 φροῦδος

66 3591 391 3660 ἀναδραμεῖν
426 3591 533 3659 (H)
562 3589 699 3643 δοκῶ
730 3609 839 3660 μοι,
880 3592 952 3661 μὴ
983 3592 1073 3643 καί
1103 3608 1202 3643 που
1233 3592 1615 3662 ἀποκρουσθῶ-

70 3695 162 3747 μεν
186 3680 287 3751 τῆς
307 3680 426 3733 ὁδοῦ
455 3678 551 3750 τῆς
575 3684 858 3750 φερούσης.
884 3682 888 3687 ’
915 3680 1228 3752 Πολέμωνος
1274 3683 1329 3735 δὲ
1379 3684 1617 3750 ἐγένοντο

66 3771 327 3841 γνώριμοι
370 3772 706 3841 Ἀρκεσίλαος
742 3768 1062 3842 καῐίΖήνων·
1110 3774 1268 3826 πάλιν
1309 3774 1415 3843 γάρ
1442 3772 1618 3826 αὐτῶν

70 3861 443 3933 μνησθήσομαι
491 3862 582 3917 ἐπὶ
622 3862 781 3917 τέλει.
836 3860 1053 3934 Ζήνωνα
1094 3865 1190 3933 μὲν
1219 3861 1309 3917 οὖν
1344 3865 1617 3933 μέμνημαι

67 3952 252 4015 εἰπὼν,
283 3950 621 4023 Ξενοκράτει,
649 3948 763 4006 εἶτα
800 3953 853 4009 δὲ
881 3952 1153 4024 Πολέμωνι
1180 3951 1445 4025 φοιτῆσαι,
1464 3951 1617 4018 αὖθις

65 4038 119 4094 ἃ
140 4043 296 4116 παρὰ
326 4044 565 4113 Κράτητι
604 4028 834 4098 κυνίέαι.
865 4046 998 4099 Νυνὶ
1023 4046 1077 4099 δὲ
1104 4046 1266 4115 ,αὐτῷ
1310 4047 1615 4115 λελογίσθω,

66 4131 142 4185 ὅτι
172 4137 269 4188 καὶ
286 4133 594 4199 Στίλπωνός
634 4153 693 4188 τε
721 4138 964 4206 μετέσχε,
1011 4138 1103 4189 καὶ
1152 4133 1259 4190 τῶν
1312 4141 1483 4205 λόγων
1512 4140 1617 4191 τῶν

76 4216 510 4289 Ἡρακλειτείων.
550 4219 699 4277 Ἐπεὶ
726 4224 833 4294 γὰρ
858 4226 1246 4294 συμφοιτῶντες
1279 4230 1427 4298 παρὰ
1458 4228 1618 4281 Πολέ-

69 4326 200 4377 μωνι
224 4310 682 4382 ιφιλοτιμήθησαν
709 4312 971 4382 ἀλλήλοις,
994 4315 1405 4384 συμπαρέλαϐενν
1426 4319 1503 4379 είς
1521 4319 1616 4387 τὴν

67 4397 198 4469 πρὸς
230 4400 492 4470 ἀλλήλους
519 4404 695 4473 μάχην
714 4442 729 4466 ,
764 4406 792 4457 ό
824 4405 920 4473 μὲν
951 4406 1312 4475 Ἡράκλειτον,
1348 4410 1437 4461 καὶ
1465 4410 1615 4461 Στίλ-

65 4503 235 4555 me,
267 4490 383 4559 ἅμα
427 4492 520 4544 καὶ
583 4493 855 4562 Κράτητα,
905 4487 978 4547 ὧν
1018 4496 1121 4547 ὑπὸ
1183 4494 1616 4565 μὲνΣτίλπωνος

66 4580 279 4647 ἐγένετο
326 4583 589 4651 μαχητὴς,
649 4583 753 4635 ὑπὸ
792 4584 849 4636 δὲ
907 4585 1247 4655 Ἡρακλείτου
1307 4589 1610 4659 αὐστηρὸς,
1646 4612 1687 4665 ι)

67 4671 277 4735 κυνικὸς
309 4672 367 4725 δὲ
405 4674 509 4726 ὑπὸ
544 4675 840 4745 Κράτητος·
868 4678 896 4729 6
931 4675 973 4728 δ’
1016 4677 1353 4746 Ἀρκεσίλαος
1376 4680 1616 4749 Θεόφραο

66 4779 187 4815 στου
211 4765 375 4832 ωχει,
400 4765 495 4816 καὶ
519 4765 799 4835 Κράντορα
836 4767 925 4819 τὸν
977 4768 1331 4830 Πλατωνικὸν,
1367 4770 1459 4823 καὶ
1501 4770 1615 4821 Διόέ

62 4849 253 4919 δωρον,
284 4845 404 4904 εἶτα
436 4852 720 4922 Πύρρωνα*
751 4848 824 4908 ὧν
854 4852 957 4908 ὑπὸ
986 4858 1082 4925 μὲν
1120 4858 1425 4928 Κράντορος
1453 4858 1607 4911 πιθα-

66 4937 372 5006 νουργιικδς,
415 4940 519 4992 ὑπὸ
566 4936 821 5012 Διοδώρου
863 4940 919 4995 δὲ
963 4947 1232 5014 σοφιστὴς,
1261 4947 1362 4998 ὑπὸ
1391 4947 1445 4999 δὲ
1473 4947 1615 5015 Πύρ-

66 5028 230 5094 ρωνος
254 5025 472 5095 ἐγένετο
504 5031 854 5096 παντοδαπὸς,
884 5035 976 5086 καὶ
1010 5035 1145 5104 ἴτης,
1197 5038 1290 5088 καὶ
1338 5038 1508 5091 οὐδέν.
1548 5038 1613 5091 Ὃ

64 5122 155 5171 καὶ
192 5122 415 5188 ἐλέγετο
460 5123 583 5190 περὶ
620 5121 779 5174 αὑτοῦ
830 5122 1079 5191 ᾁδόμενόν
1101 5140 1151 5176 τι
1178 5124 1306 5187 επος
1351 5124 1599 5193 παράγωο

64 5225 155 5275 τον
180 5211 296 5281 (15)
325 5215 419 5265 καὶ
446 5214 769 5283 ὑϐριστικόν

1714 2069 2067 2138 sopharetur,
2097 2071 2189 2138 qui
2220 2086 2343 2123 eum
2380 2071 2705 2134 audiebant,
2734 2086 2855 2124 cum
2900 2073 3028 2125 illud
3072 2072 3252 2126 minus

1714 2168 1997 2227 caperent,
2027 2170 2137 2213 tum
2166 2174 2291 2213 vero
2328 2170 2525 2215 temere
2547 2200 2561 2224 ,
2593 2177 2655 2215 ac
2682 2176 2778 2230 pro
2820 2161 3033 2216 diverso
3079 2162 3249 2216 [ortu-

1714 2264 1825 2313 ιη’,
1858 2250 1996 2305 alius
2021 2251 2154 2304 alias
2178 2253 2483 2318 superantis
2509 2251 2686 2305 alliatu
2706 2292 2721 2315 ,
2747 2252 2927 2305 omnia
2968 2253 3035 2305 ab
3053 2267 3118 2306 eo
3144 2252 3251 2320 dici

1714 2337 2101 2391 existimarent.
2149 2337 2217 2390 At
2243 2338 2513 2401 Plato,ut
2560 2338 2854 2393 inhaerebat
2904 2339 3251 2408 Pythagora,

1716 2427 1795 2480 sic
1826 2426 2024 2495 optime
2053 2435 2273 2479 noverat
2306 2424 2584 2480 Socratem
2605 2468 2619 2491 ,
2671 2443 2769 2481 nec
2811 2428 3058 2493 aliunde,
3088 2444 3251 2496 quam

1716 2531 1781 2570 ex
1810 2515 2145 2586 Pythagoreo
2172 2517 2262 2569 illo
2292 2515 2436 2571 fonte
2456 2518 2647 2571 hausta
2678 2519 2763 2572 illa
2792 2518 2969 2573 dicere
3001 2520 3251 2583 solitum,

1715 2614 1771 2658 et
1829 2605 2140 2674 prudentem
2206 2621 2269 2661 ac
2331 2607 2584 2661 scientem
2643 2624 2705 2662 ea
2776 2611 3009 2663 locutum
3067 2612 3252 2666 fuisse.

1716 2693 1979 2760 Quocirca
2007 2711 2117 2751 rem
2155 2706 2317 2750 totam
2371 2698 2443 2750 ita
2481 2699 2751 2752 convolvit
2785 2702 2895 2768 ipse
2922 2716 3167 2771 quoque,
3197 2708 3256 2755 ut

1717 2799 1814 2839 nec
1840 2787 2040 2839 usitato
2071 2801 2250 2849 more,
2276 2801 2373 2841 nec
2411 2788 2693 2857 perspicue
2729 2790 3050 2859 loqueretur.
3081 2792 3150 2845 At
3169 2792 3251 2845 di-

1718 2872 1881 2941 gestis
1911 2888 2009 2942 pro
2039 2874 2261 2927 arbitrio
2291 2874 2547 2944 singulis,
2595 2890 2766 2944 eaque
2821 2878 3146 2932 obscuritate
3175 2894 3252 2932 as-

1718 2975 1906 3028 persa,
1964 2970 2020 3014 ut
2068 2961 2261 3030 partim
2326 2961 2787 3030 intelligerentur,
2822 2967 3018 3033 partim
3072 2966 3251 3034 ignota

1720 3059 2086 3114 remanerent,
2128 3065 2336 3104 summa
2360 3051 2609 3104 cautione
2648 3053 2855 3129 scripsit
2885 3052 2971 3106 ille
3004 3054 3250 3121 quidem,

1696 3194 1697 3197 η
1727 3138 1819 3191 sed
1859 3146 2035 3193 tamen
2062 3139 2221 3206 hujus
2248 3153 2367 3206 quae
2397 3149 2518 3206 post
2550 3153 2675 3192 eum
2715 3149 2897 3193 secuta
2929 3150 3010 3195 est
3047 3141 3253 3194 disseua

1721 3228 1927 3290 sionis,
1963 3228 2382 3297 dogmatumque
2430 3242 2651 3282 suorum
2695 3230 2935 3285 diversas
2977 3233 3030 3284 in
3079 3243 3256 3300 partes

1716 3333 2013 3389 sensusque
2022 3320 2238 3375 divortii
2254 3334 2471 3374 causam
2494 3322 2720 3389 praebuit
2736 3340 2750 3383 ;
2769 3339 2873 3375 nun
2890 3324 3087 3377 invidia
3106 3333 3251 3377 certe

1715 3408 1928 3476 quidem
1960 3418 2053 3462 aut
2084 3394 2476 3463 malevolentia.
2513 3408 2800 3464 Enimvero
2842 3412 2970 3464 nihil
3010 3412 3076 3465 de
3117 3416 3254 3467 anti-

1714 3500 2115 3569 quioribuslllis
2139 3541 2152 3563 ,
2192 3502 2334 3569 quod
2368 3504 2546 3554 minus
2573 3502 2678 3555 laeti
2714 3504 2909 3556 ominis
2946 3505 3041 3565 sit,
3079 3505 3255 3561 dicere

1716 3590 1897 3644 statui.
1927 3590 1990 3643 At
2017 3604 2116 3643 nos
2138 3592 2236 3644 hoc
2252 3591 2417 3644 semel
2435 3592 2648 3660 cognito
2664 3593 2979 3646 sententiam
3001 3608 3065 3647 eo
3080 3594 3255 3662 potius

1716 3689 1951 3735 nostram
1979 3679 2222 3735 conferre
2250 3682 2542 3750 oportebit;
2590 3692 2749 3750 atque
2780 3692 2838 3735 ut
2868 3683 3021 3736 nobis
3052 3667 3247 3737 ab'ini-

1716 3770 1791 3823 tio
1818 3771 2150 3838 propositum
2182 3768 2304 3833 fuit,
2339 3784 2462 3822 eum
2524 3771 2596 3823 ab
2636 3771 2922 3823 Aristotele
2950 3785 3012 3823 ac
3043 3769 3255 3825 Zenone

1716 3861 2013 3929 sejungere,
2054 3861 2132 3914 sic
2158 3862 2405 3915 eumdem
2433 3862 2501 3915 ab
2532 3862 2645 3930 ipsa
2691 3876 2906 3930 quoque
2948 3863 3251 3928 Academia,

1717 3950 1877 4020 729
1890 3952 1937 4005 si
1952 3952 2233 4006 consilium
2253 3951 2392 4007 Deus
2406 3953 2674 4021 probabit,
2693 3965 3057 4024 segregantes,
3072 3970 3162 4023 per
3178 3971 3255 4011 se-

1716 4058 1774 4095 se
1798 4040 2195 4113 Pythagor‘éum
2212 4058 2333 4098 esse
2351 4046 2641 4113 patiemur.
2665 4043 2873 4114 Quippe
2893 4046 3084 4115 majori
3107 4064 3253 4102 nunc

1716 4142 1857 4187 certe
1880 4132 2078 4187 furoris
2106 4142 2259 4197 asstu,
2294 4148 2453 4202 quam
2473 4132 2519 4188 si
2554 4132 2822 4189 Pentheus
2847 4134 3066 4203 quidam
3088 4148 3250 4199 esset,

1717 4223 1843 4277 hinc
1871 4223 2102 4291 indeque
2137 4223 2449 4288 distractus,
2502 4225 2616 4279 suis
2663 4225 2715 4279 in
2771 4226 3025 4280 membris
3055 4228 3256 4295 patitur

1715 4315 1802 4368 ille
1822 4314 2061 4383 quidem,
2094 4323 2148 4367 at
2176 4329 2448 4383 nunquam
2479 4316 2551 4369 ita
2568 4316 2669 4369 sibi
2693 4325 2837 4371 totus
2860 4316 3099 4371 aufertur
3129 4319 3255 4385 ipsi,

1716 4413 1774 4456 ut
1802 4404 1943 4457 alius
1969 4403 2189 4457 omnino
2216 4405 2479 4458 videatur.
2509 4403 2614 4459 Sed
2640 4406 2841 4473 potius,
2873 4407 3027 4474 quasi
3057 4406 3247 4476 Pytha-

1715 4510 1897 4565 goram
1927 4496 2062 4570 inter
2094 4477 2479 4563 Socratemque
2502 4492 2735 4557 medius,
2758 4494 2885 4549 dum
2924 4497 3067 4570 illius
3084 4496 3249 4563 gravi-

1715 4594 1877 4639 tatem
1903 4586 1969 4640 ad
2004 4585 2392 4639 humanitatem
2431 4581 2657 4637 inclinat
2683 4592 2737 4638 et
2770 4581 2954 4648 ﬂectitl,
2978 4585 3136 4651 hujus
3164 4600 3264 4664 ur-I

1718 4676 2009 4731 banitatem
2048 4688 2101 4730 et
2141 4676 2281 4730 sales
2306 4689 2336 4726 a
2367 4675 2482 4728 risu
2521 4688 2586 4729 ac
2624 4675 3056 4730 dissimulatione
3079 4675 3146 4727 ad
3173 4677 3227 4729 di
3260 4722 3265 4730 .

1717 4768 1969 4835 gnitatem
2000 4767 2236 4835 aliquam
2258 4766 2710 4835 severitatemque
2730 4766 2983 4830 traducit,
3008 4764 3248 4835 adeoque

1714 4870 1835 4909 cum
1871 4855 2091 4910 Socrate
2116 4857 2295 4925 jungit
2325 4858 2619 4927 miscetque
2656 4856 3033 4926 Pythagoram,
3079 4859 3248 4911 comic

1716 4955 1821 5000 tate
1848 4946 2095 5010 alterum,
2132 4948 2357 4999 alterum
2391 4950 2648 5017 gravitate
2671 4947 2858 5000 vincit.
2891 4949 2959 5001 At
2984 4950 3254 5004 enimvero

1717 5052 2053 5105 nequaquam
2080 5036 2131 5089 id
2152 5038 2364 5106 agimus
2405 5040 2505 5093 hoc.
2534 5048 2800 5106 tempore,
2836 5039 2939 5094 alia
2967 5042 3124 5096 nobis
3145 5054 3254 5110 pra:

1717 5127 1968 5181 manibus
2000 5128 2231 5193 quaestio
2256 5136 2362 5183 est.
2408 5127 2746 5182 Revocemus
2769 5143 2897 5198 ergo
2930 5144 3026 5184 nos
3060 5130 3125 5183 ad
3170 5130 3253 5185 lo-

1717 5233 1838 5271 cum
1870 5232 2206 5286 pensumque
2240 5228 2507 5283 noutrum,
2538 5226 2699 5287 atque
2726 5226 2787 5273 ut
2840 5234 2873 5273 a
2914 5226 3063 5275 recto
3087 5234 3253 5276 cursu

66 5317 132 5356 ne
155 5303 378 5373 longius
402 5306 737 5375 aberremus,
769 5322 835 5360 ex
857 5321 923 5361 eo
952 5308 1094 5376 quod
1138 5306 1243 5360 alio
1288 5320 1388 5359 nos
1430 5306 1665 5375 abripuit
1689 5308 2037 5373 diverticulo,
2086 5309 2323 5365 redimus
2351 5312 2405 5363 lu
2434 5310 2599 5363 viam.
2621 5300 2923 5381 Discipulos
2941 5310 3133 5365 habuit
3156 5310 3255 5366 Po-

67 5389 204 5447 hlo
228 5394 532 5468 Arcesilam
580 5406 743 5467 atque
792 5394 1062 5454 Zenonem
1111 5398 1337 5466 (rursus
1363 5397 1507 5451 enim
1564 5399 1779 5453 tandem
1835 5414 2025 5453 eorum
2084 5399 2419 5471 meminero).
2451 5399 2658 5472 Quippe
2688 5402 2866 5457 dicere
2900 5417 2984 5456 me
3000 5402 3115 5471 jam
3139 5418 3255 5457 me-

132 5550 247 5622 H2)
285 5550 451 5622 Forte
474 5554 579 5609 del.
601 5555 706 5610 διό.

130 5622 265 5721 9".
276 5621 1105 5721 .7.'3£_1’93335“5;-.39“33‘L:
1142 5627 1609 5721 ’.'_'_.;f.‘.‘“f:’l'if:~

220 5690 699 5779 3.3999832
723 5690 912 5779 dicere:
955 5690 1110 5779 αεφιέ
1142 5698 1353 5779 κειιετει
1390 5690 1609 5764 eam:

65 5760 187 5827 tes),
466 5762 550 5844 uti
578 5761 763 5815 solitus
788 5774 863 5818 at
898 5782 957 5819 ea
979 5758 1425 5829 dissimulatione",
1455 5781 1610 5834 quam

66 5825 235 5882 στω
262 5829 547 5897 simtu
574 5844 775 5885 vocant.
1538 5872 1541 5875 ›

1778 5561 1892 5681 sit)
1949 5563 2209 5631 φροῦδος
2262 5561 2637 5644 ἀναδραμεῖν.
2694 5562 2804 5617 Hoc
2852 5570 2933 5618 est
2956 5602 2972 5625 ,
3022 5563 3251 5642 opinor,

1712 5631 1777 5712 λά
1814 5647 1917 5712 po,
1952 5640 2170 5712 tamque
2201 5634 2465 5712 celeriter,
2497 5645 2556 5689 ut
2586 5635 2772 5687 oculos
2796 5631 2978 5692 fallere
3009 5643 3253 5701 possunt,

1713 5709 1773 5751 ut
1796 5700 1967 5769 soleat
2000 5700 2090 5769 qui
2121 5700 2336 5768 φροῦδοι
2365 5703 2620 5769 γίνονται.
2640 5756 2662 5769 Α,

1786 5766 1896 5833 (15)
1923 5766 2290 5890 Παρόγιιῗυν.
2325 5766 2399 5824 Es
2428 5772 2517 5824 illo
2544 5766 2810 5855 'versiculo
2836 5768 3181 5840 ἑπαρῳδήθησ

1786 5838 1939 5890 ιόσθε
1961 5836 2133 5890 λέων.
2184 5842 2354 5890 nitier
2370 5840 2435 5890 es
2450 5840 2697 5890 δοακων.
2711 5840 2907 5890 μέσση
2921 5857 2980 5890 τε
3002 5842 3181 5890 viuum

1712 5838 1939 5903 Πρόσθε
1961 5836 2133 5898 λέων,
2151 5836 2354 5891 ὄπιθεν
2370 5840 2435 5892 δὲ
2450 5838 2697 5906 δράκων,
2706 5840 2907 5908 μέσση
2921 5836 2980 5892 τε
2995 5836 3256 5908 χίμαὸρσ.
