4010 6342
96 467 208 523 {illi

1206 474 1527 531 'PRIEPAR.
1578 476 1824 532 EVANG.
1860 478 1987 531 LIB.
2026 476 2163 531 XIV.

3109 475 3243 532 ΠΜ

95 587 402 656 τεμνόμενος
462 590 549 657 ὑφ’
586 589 811 655 ἑαυτοῦ,
860 592 1141 662 ἀμφότερα
1214 594 1455 665 ἀλλήλων
1510 593 1621 663 (l9)

1733 608 1824 647 tem
1855 602 2075 647 venerat
2102 591 2385 647 eﬂutiisset
2409 634 2424 655 ,
2476 600 2586 644 tum
2634 598 2853 659 repente
2883 599 3138 657 mutatus,
3191 594 3243 646 id

96 677 397 746 δυσκρίτως,
445 682 536 732 καὶ
578 680 672 733 τοῦ
712 681 916 743 δέοντος
966 683 1267 746 ἀσκέπτως.
1326 684 1469 754 Πλὴν
1514 687 1625 747 τοῖς

98 763 367 817 ἀκούουσιν
390 768 619 836 ἧρκεσεν
642 766 775 836 (20),
796 766 929 836 ὁμοῦ
979 771 1045 839 τῇ
1073 769 1327 839 ἀκροάσει
1355 768 1628 839 εὐπρόσω-

98 868 182 903 πον
195 851 322 904 Ma
348 854 651 922 θεωμένοις·
668 848 734 924 ἦν
746 850 837 906 οὖν
858 848 1177 923 ἀκουόμενος
1194 857 1285 908 καὶ
1308 854 1627 925 βλεπόμενος

94 942 311 1011 ἥδιστος,
341 944 461 998 ἐπεί
495 962 578 996 τοι
610 944 1055 1017 προσειθίσθησαν
1083 946 1430 1017 ἀποδέχεσθαι
1461 945 1626 1000 αὐτοῦ

96 1032 205 1094 τοὺς
227 1030 416 1099 λόγους
443 1034 616 1095 ἰόντας
645 1034 752 1086 ἀπὸ
781 1034 944 1086 καλοῦ
976 1036 1261 1106 προσώπου
1288 1055 1349 1089 τε
1399 1037 1493 1090 καὶ
1519 1037 1629 1089 στό-

96 1139 248 1191 ματος
267 1124 374 1177 οὐκ
394 1125 518 1181 ἀνευ
538 1126 635 1195 τῆς
654 1127 711 1177 ὲν
729 1128 838 1187 τοῖς
855 1126 1061 1197 ὄμμασι
1097 1129 1500 1200 φιλοφροσύνης.
1540 1130 1630 1181 Δεῖ

93 1212 140 1265 δὲ
155 1213 322 1267 ταῦτα
346 1215 574 1267 ἀκοῦσαι
605 1214 678 1285 μὴ
700 1216 900 1280 ἁπλῶς,
919 1218 1033 1269 ἀλλ’
1049 1218 1202 1287 ἔσχεν
1220 1213 1328 1271 ,ὦδε
1352 1218 1410 1281 ἐξ
1434 1221 1622 1289 ἀρχῆς.

97 1303 378 1373 Συμὼλὼν
406 1305 514 1377 γὰρ
540 1306 598 1358 ὲν
629 1306 783 1358 παισὶ
800 1306 1142 1377 Θεοφράστῳ,
1158 1308 1314 1377 ἀνδρὶ
1347 1308 1505 1377 πράῳ
1534 1310 1627 1360 καὶ

94 1395 180 1446 οὐκ
205 1395 370 1461 ἀερυεῖ
400 1395 470 1448 τὰ
493 1397 750 1467 ἐρωτικὰ,
777 1398 864 1451 διὰ
903 1398 964 1449 τὺ
1011 1398 1171 1460 καλὸς
1225 1392 1383 1459 εἶναι,
1442 1396 1523 1449 ἔτι
1553 1398 1627 1450 ὢν

94 1485 296 1553 ὡραῖος,
320 1485 499 1556 τυχὼν
531 1488 755 1557 ἐραστοῦ
780 1489 1080 1566 Κράντορος
1093 1486 1186 1539 τοῦ
1214 1488 1625 1557 ’Δκαδημαῖκοῦ,

94 1576 464 1649 προσεχώρησε
497 1579 594 1647 μὲν
623 1573 814 1649 τούτῳ,
831 1575 916 1631 οἷα
944 1579 1002 1630 δὲ
1022 1578 1119 1649 τὴν
1138 1575 1294 1647 φύσιν
1310 1579 1409 1630 οὐκ
1431 1576 1625 1648 ἀφυὴς,

92 1666 345 1737 vexation
373 1669 709 1739 χρησάμενος
755 1672 912 1738 cirri.
941 1668 1129 1738 ρᾳδεᾳ,
1159 1667 1476 1739 θερμουργῷ
1524 1670 1628 1720 ὑπὸ

96 1757 434 1822 φιλονεικίας,
487 1759 762 1829 μετασχὼν
787 1760 884 1829 μὲν
923 1758 1182 1830 Διοδώρου
1216 1761 1295 1821 είς
1347 1758 1417 1811 τὰ
1457 1774 1628 1810 πεπα-

95 1848 425 1917 νουργημένα
450 1849 670 1902 πιθάνια
698 1849 807 1920 (2|)
833 1849 999 1902 ταῦτα
1018 1849 1087 1902 τὰ
1107 1848 1307 1917 κομψὰ,
1338 1845 1627 1917 ὡμιληκὼς

92 1936 141 1986 δὲ
165 1936 414 2007 Πύρρωνι
449 1939 514 2007 (ὁ
536 1938 595 1991 δὲ
647 1939 873 2011 Πύρρων
905 1940 970 1991 ὲκ
1021 1939 1351 2009 Δημοκρίτου
1404 1938 1625 2009 ὥρμητο
1654 1932 1697 1987 Β

93 2025 272 2077 ὁπόθεν
296 2026 364 2093 γέ
393 2026 598 2098 ποθενο)
640 2022 787 2091 οὗτος
819 2028 915 2098 μὲν
953 2026 1018 2097 δὴ
1070 2027 1215 2079 ἔνθεν
1257 2024 1627 2096 καταρτυθεὶς»

94 2112 223 2184 πλὴν
284 2116 388 2183 τῆς
442 2119 811 2189 προσρήσεως,
858 2117 1097 2187 ἐνέμεινε
1138 2116 1406 2186 Πύρρωνι,
1459 2116 1533 2178 ὼς
1561 2116 1626 2184 τῇ

96 2206 299 2257 πάντων
342 2206 638 2278 ἀναιρέσει.
680 2208 929 2272 Μνασέας
982 2206 1131 2275 γοῦν,
1170 2208 1262 2260 καὶ
1314 2206 1629 2277 Φιλόμηλος,

94 2296 173 2346 καὶ
218 2297 409 2366 Τίμων
436 2299 486 2350 oi
512 2299 809 2363 σκεπτικοὶ,
865 2297 1149 2351 σκεπτικὺν
1175 2297 1336 2349 αὐτὸν
1380 2312 1634 2367 προσονοο

96 2387 371 2454 μάζουσιν,
396 2387 582 2458 ὥσπερ
603 2390 694 2441 καὶ
719 2388 869 2441 αὐτοὶ
891 2385 1048 2458 ἦσαν,
1070 2386 1388 2456 ἀναιροῦντα
1419 2388 1513 2439 καὶ
1538 2386 1633 2438 αύ-

93 2475 175 2527 τὺν
201 2476 263 2529 τὸ
290 2477 507 2547 ἀληθὲς,
533 2477 627 2531 καὶ
658 2476 943 2546 τὺψεῦδος,
972 2475 1141 2529 καὶτὸ
1162 2475 1399 2528 πιθανόν.
1418 2473 1633 2543 Λεχθεὶς

94 2561 178 2618 οὖν
207 2568 425 2620 ἀναίτια
587 2568 695 2621 τῶν
730 2565 1080 2637 Πυρρωνείων
1122 2566 1477 2637 Πυρρώνειος,
1499 2564 1635 2616 αἰδοῖ

94 2658 178 2710 ⁸τοῦ
208 2659 442 2728 ἐραστοῦ
492 2660 747 2731 ὑπέμεινε
798 2660 1045 2728 λέγεσθαι
1091 2657 1478 2729 Ἀκαδημαϊκὸς
1532 2656 1629 2707 ἔτι.

95 2740 193 2798 Ἦν
233 2745 337 2815 μὲν
375 2746 553 2801 τοίνυν
598 2747 967 2818 Πυρρώνειος,
1025 2747 1161 2817 πλὴν
1205 2745 1297 2797 τοῦ
1358 2745 1629 2813 ὀνόματος·

106 2834 499 2905 ’Δκαδημαῖχδς
525 2834 569 2887 δ’
592 2836 693 2887 οὐκ
714 2830 802 2906 ἦν,
827 2835 963 2906 πλὴν
981 2835 1073 2887 τοῦ
1099 2833 1366 2902 λέγεσθαι.
1405 2834 1479 2885 Οὐ
1528 2834 1634 2903 γὰρ

98 2924 366 2994 πείθομαι,
388 2926 481 2978 τοῦ
507 2926 721 2978 Κνιδίου
759 2926 1037 2988 Διοκλέους
1085 2926 1374 2993 φάσκοντος
1418 2926 1475 2977 ἐν
1518 2928 1635 2986 ταῖς

97 3017 552 3087 ἐπιγραφομέναις
572 3017 910 3086 Διατριϐαῖς,
970 3018 1310 3088 Ἀρκεσίλαον
1530 3016 1636 3068 τῶν

96 3105 429 3176 Θεοδωρείων
458 3124 517 3157 τε
547 3106 637 3159 καὶ
660 3106 855 3169 Βίωνος
874 3107 965 3159 τοῦ
1001 3106 1269 3175 σοφιστοῦ,
1292 3106 1633 3158 ἐπεισιόντων

98 3198 199 3257 τοῖς
229 3195 602 3264 φιλοσοφοῦσι,¹
644 3199 736 3249 καὶ
782 3196 930 3248 οὐδὲν
968 3196 1260 3249 ὀκνούντων
1287 3195 1393 3248 ἀπὸ
1442 3194 1636 3256 παντὸς

1726 686 1897 753 ipsum
1928 683 2167 753 pluribus
2191 697 2352 752 quam
2384 691 2507 736 ante
2533 680 2847 746 stabilierat,
2874 690 3149 737 everteret.
3177 681 3246 736 Sc

1728 775 1899 842 ipsum
1915 772 2077 843 igitur
2101 771 2189 825 ille
2219 772 2373 841 quasi
2409 770 2631 839 hydram
2663 770 2897 833 secabat,
2945 779 2999 823 et
3027 771 3246 823 secaba-

1726 874 1812 918 tur
1834 880 1863 917 a
1894 878 1953 918 se
1977 863 2112 933 ipso,
2138 862 2264 917 dum
2294 861 2372 915 sic
2414 862 2466 914 in
2495 868 2775 928 utramque
2807 868 3011 929 partem
3059 859 3245 929 loque-

1726 964 1892 1018 retur,
1923 962 1983 1007 ut
2009 968 2108 1007 nec
2138 952 2266 1021 quid
2298 953 2397 1006 sibi
2434 952 2591 1006 vellet
2616 950 2991 1020 intelligerent,
3020 965 3119 1005 nec
3164 951 3248 1003 ul-

1724 1046 1827 1099 lam
1855 1045 1969 1113 ipse
2010 1043 2190 1098 decori
2218 1044 2473 1097 rationem
2505 1042 2742 1095 haberet.
2786 1040 3026 1096 Tenebat
3054 1042 3141 1095 ille
3168 1050 3249 1095 ta-

1725 1148 1845 1188 men
1868 1132 2163 1199 auditores,
2192 1134 2320 1185 dum
2350 1133 2403 1185 in
2449 1131 2700 1201 loquente
2724 1145 2988 1185 summam
3012 1132 3139 1191 goris
3166 1130 3248 1183 di-

1724 1225 1977 1295 gnitatem
2004 1224 2265 1278 videbant.
2291 1222 2413 1277 Fuit
2435 1224 2576 1277 enim
2600 1223 2783 1277 auditu
2809 1223 2968 1277 simul
2999 1230 3245 1291 aspectu-

1724 1334 1830 1387 que
1868 1318 2311 1386 jucundissimus,
2359 1318 2599 1386 adeoque
2630 1317 2983 1371 libentissime
3011 1316 3244 1368 hominis

1724 1410 2017 1462 orationem
2050 1408 2407 1477 excipiebant,
2435 1410 2707 1476 praestanti
2746 1422 2809 1459 ex
2836 1407 2984 1459 vultu
3016 1414 3096 1459 ‘et
3152 1419 3245 1458 ore

1725 1506 2052 1564 manantem,
2083 1513 2182 1552 nec
2220 1498 2422 1566 absque
2475 1497 2654 1550 nativa
2700 1495 2931 1564 quadam
2986 1496 3247 1551 suavitate

1726 1593 2027 1645 oculorum.
2059 1588 2232 1654 Quam
2290 1590 2377 1642 ille
2405 1588 2637 1658 speciem
2688 1602 2793 1641 non
2822 1587 3001 1641 subito
3054 1602 3162 1656 pra:
3190 1600 3249 1640 se

1725 1684 1865 1747 tulit,
1898 1683 1990 1738 sed
2012 1698 2043 1735 a
2065 1682 2250 1751 primis
2272 1683 2452 1736 statim
2474 1682 2628 1734 annis
2652 1680 2915 1734 induerat.
2939 1680 3091 1749 731
3115 1680 3249 1733 Cum

1724 1771 2244 1842 Theophrastoenim
2260 1787 2291 1825 a
2316 1772 2542 1840 pueritia
2564 1781 2827 1835 versatus,
2855 1772 3067 1823 homine
3087 1772 3247 1833 comi,

1725 1877 1821 1916 nec
1836 1869 1866 1915 a‘
1892 1862 2051 1916 rebus
2066 1861 2339 1915 amatoriis
2359 1861 2551 1927 alieno,
2568 1860 2793 1931 eleganti
2820 1859 3010 1924 forma,
3034 1870 3085 1912 et
3104 1875 3249 1913 com-

1728 1950 1887 2004 moda
1915 1950 2090 2005 adhuc
2106 1958 2261 2005 aetate
2289 1966 2411 2005 cum
2439 1960 2600 2015 esset,
2631 1949 2942 2005 Crantorem
2970 1950 3250 2003 Academi-

1726 2056 1849 2095 cum
1881 2048 2176 2095 amatorem
2200 2050 2409 2104 nactus,
2430 2042 2548 2111 ejus
2573 2041 2958 2097 consuetudine
3008 2055 3138 2095 usus
3168 2048 3252 2093 est

1728 2133 1815 2186 ille
1836 2133 2086 2213 quidem:
2113 2144 2360 2187 ueterum
2388 2143 2445 2187 ut
2464 2143 2577 2188 erat
2603 2149 2633 2188 a
2673 2143 2861 2187 natura
2883 2149 2990 2188 non
3016 2133 3249 2204 ineptus,

1726 2238 1789 2276 ea
1819 2238 1913 2291 per
1946 2237 2066 2278 sese
2118 2223 2257 2278 ultro
2282 2222 2393 2293 jam
2435 2232 2701 2289 currente,
2735 2224 2901 2288 facili,
2951 2235 3003 2278 et
3034 2234 3253 2278 conten-

1731 2314 1893 2368 tionis
1919 2324 2053 2369 :estu
2076 2316 2292 2369 incitata
2323 2330 2473 2379 usus,
2520 2316 2615 2369 abs
2639 2314 2871 2370 Diodoro
2899 2315 3113 2383 quidem
3167 2328 3255 2367 ve-

1729 2405 2038 2457 teratorium
2079 2393 2229 2469 illud,
2258 2405 2503 2474 idemque
2549 2405 2832 2475 plausibile
2867 2420 2931 2459 ac
2967 2413 3251 2458 venustum

1729 2496 1914 2549 didicit
1967 2496 2227 2551 orationis
2258 2490 2460 2566 genusj
2515 2496 2747 2549 maxime
2781 2508 2958 2549 tamen
2990 2494 3252 2565 Pyrrhoni

1729 2583 1895 2652 (hunc
1925 2593 2193 2653 utcunque
2217 2584 2547 2639 Democritus
2590 2584 2889 2653 inchoarat)
2926 2598 3142 2653 operam
3169 2583 3255 2635 de-

1729 2674 1845 2727 dit:
1904 2683 2063 2743 atque
2101 2676 2201 2728 hac
2258 2677 2550 2730 instructus
2581 2672 3057 2742 conformatusque
3091 2672 3255 2727 disci-

1728 2764 1891 2831 plina,
1920 2764 1975 2816 in
1992 2763 2286 2833 Pyrrhone,
2326 2764 2371 2818 si
2404 2762 2824 2832 appellationem
2851 2760 3106 2828 excipias,
3133 2768 3252 2811 tan-

1733 2869 1893 2921 quam
1915 2855 1968 2908 in
1990 2855 2229 2908 omnium
2254 2854 2529 2909 eversione
2555 2853 2843 2922 acquievit.
2872 2850 3113 2903 Mnaseas
3138 2848 3255 2917 qui-

1729 2946 1869 3012 dem,
1920 2944 2246 3000 Philomelus
2297 2953 2349 3000 et
2396 2945 2569 3009 Timo,
2616 2943 2846 3012 Sceptici
2907 2940 3208 3011 philosophi
3238 2979 3252 2999 ,

1733 3034 2033 3104 Scepticum
2054 3036 2203 3088 illum
2231 3044 2425 3089 vocant
2448 3035 2531 3089 sui
2556 3034 2900 3103 persimilem,
2923 3032 3017 3101 qui
3043 3031 3259 3100 perinde

1732 3136 1792 3181 ut
1813 3128 1912 3196 ipsi
1937 3126 2234 3189 veritatem,
2267 3126 2623 3188 mendacium,
2645 3140 2708 3179 ac
2738 3122 3257 3178 vcrisimilitudinem

1735 3233 1949 3273 omnem
1986 3218 2217 3273 tolleret;~
2244 3217 2383 3287 Ergo
2420 3232 2576 3287 quem
2604 3214 2988 3285 Pyrrhonicum
3031 3209 3260 3280 Pyrrho-

99 3286 351 3357 ἐλέγχειν,
396 3287 557 3340 αὐτὸν
608 3287 1050 3356 ὲξευλαΰηθέντα,
1091 3288 1176 3339 ἵνα
1235 3288 1308 3357 μὴ
1342 3287 1636 3357 πράγματα

1743 3310 1848 3362 nici
1870 3309 1989 3376 jure
2014 3308 2296 3375 dixissent,
2331 3310 2377 3363 is
2398 3324 2493 3378 pro
2521 3324 2614 3362 sua
2662 3308 2715 3360 in
2752 3314 3042 3359 amatorem
3072 3303 3261 3355 obser-

101 3376 210 3449 ἔχῃ,
246 3376 413 3448 μηδέν
456 3392 519 3443 γε
575 3373 746 3445 δόγμῖα
804 3376 1049 3428 ὑπειπεῖν
1084 3376 1415 3445 φαινόμενον
1454 3375 1639 3443 ὥσπερ

102 3468 201 3536 γὰρ
224 3461 309 3520 τδ’
332 3468 497 3537 μέλαν
518 3467 616 3528 τὰς
656 3467 872 3537 σηπίας,
926 3466 1285 3539 προϐαλέσθαι
1322 3468 1422 3536 πρὸ
1449 3465 1638 3518 ἑαυτοῦ

100 3561 190 3630 τὴν
217 3561 439 3630 ἐποχήν.
495 3558 649 3611 Τοῦτ’
673 3555 764 3612 οὖν
812 3557 922 3627 ἐγὼ
962 3559 1023 3611 οὐ
1076 3558 1346 3629 πείθομαι.
1386 3559 1450 3611 Οἱ
1481 3558 1524 3609 δ’
1550 3553 1641 3611 οὖν

102 3654 242 3706 ἐνθεν
272 3643 759 3724 ἀφορμηθέντες,’ὃ
806 3669 866 3704 τε
915 3650 1273 3721 Ἀρκεσίλαος,
1300 3649 1396 3702 καὶ
1436 3649 1640 3717 Ζήνων,

103 3740 200 3793 ὑπὸ
229 3740 340 3793 τῶν
389 3739 643 3793 τοιούτων
694 3737 941 3809 ἀρωγῶν,
992 3737 1313 3807 ἀμφοτέροις
1376 3737 1640 3805 συμπολε-

105 3831 341 3901 μούντων
366 3830 556 3899 λόγων,
582 3830 679 3899 τῆς
710 3829 807 3898 μὲν
852 3828 1023 3897 ἀρχῆς
1052 3827 1171 3880 ὅθεν
1216 3828 1280 3878 ὲκ
1328 3826 1639 3895 Πολέμωνος

103 3918 445 3990 ὡρμήθησαν,
476 3915 931 3977 ἐπιλανθάνονται,
990 3914 1303 3976 διαστάντες
1333 3913 1387 3964 δέ
1432 3929 1515 3980 γε,
1547 3913 1639 3965 καὶ

106 4010 268 4078 σφέας
290 4010 486 4073 αὐτοὺς
508 4007 851 4078 ἀρτύναντες-
1358 4012 1359 4015 “

106 4098 357 4165 riperent,
389 4100 463 4153 ita
487 4099 613 4164 sibi,
642 4113 709 4154 ne
729 4098 854 4168 quid
882 4098 950 4152 ab
993 4096 1057 4152 iis
1107 4095 1674 4164 molestiarpateretur,
1707 4102 1931 4167 cavisse,
1964 4110 2023 4155 ut
2066 4116 2162 4155 nec
2199 4101 2327 4155 certi
2358 4099 2649 4169 quidquam
2702 4102 2995 4168 statueret;
3052 4105 3171 4144 nam
3213 4105 3245 4141 u

1747 3400 1947 3465 vantia,
1990 3398 2365 3452 Academicum
2396 3412 2454 3451 se
2486 3396 2662 3450 vocari
2708 3393 2882 3447 adhuc
2931 3407 3123 3461 passus
3156 3398 3260 3445 est.

1740 3493 1818 3545 lta
1847 3491 1939 3561 qui
1967 3490 2347 3560 Pyrrhonicus,
2380 3496 2600 3557 excepto
2645 3487 2877 3549 nomine,
2926 3492 3069 3539 totus
3109 3490 3261 3546 erat,

1746 3598 1885 3651 idem
1918 3596 2223 3651 Academici
2257 3607 2443 3665 praeter
2488 3607 2679 3646 nomen
2715 3588 2943 3643 habebat
2986 3585 3139 3640 nihil.
3168 3581 3262 3636 Ne-

1741 3716 1847 3769 que
1866 3698 2014 3755 'enim
2046 3700 2295 3755 Cnidium
2322 3699 2469 3752 illum
2490 3696 2719 3754 Dioclem
2740 3694 2919 3756 audio,
2944 3690 3035 3760 qui
3057 3690 3109 3742 in
3128 3688 3263 3753 suis,

1751 3814 1811 3857 ut
1844 3818 1938 3858 eas
1960 3786 2253 3879 inscripsit,
2290 3800 2873 3867 Diatribis,Arcesilam
2905 3798 3078 3861 docet,
3101 3795 3262 3849 Theo.

1742 3904 2027 3956 doreorum
2054 3919 2117 3958 ac
2134 3902 2318 3958 Bionis
2333 3902 2584 3972 sophistae
2613 3911 2776 3966 metu,
2798 3900 2911 3968 qui,
2935 3895 3267 3968 philosophis

1744 4008 1947 4076 infesti,
1981 4009 2179 4063 nullam
2210 4023 2315 4061 non
2336 4023 2429 4062 eos
2453 4005 2775 4076 coarguendi
2818 4003 3152 4059 occasionem
3182 4012 3270 4118 ar;

105 4189 273 4256 seplas
292 4186 464 4243 effuso
492 4195 809 4253 atramento,
841 4187 919 4241 sic
963 4188 1111 4242 illum
1155 4200 1271 4242 sese
1298 4186 1507 4255 objecta
1550 4185 1649 4240 hac
1686 4191 2011 4246 assensionis
2042 4193 2333 4246 retentione
2381 4202 2555 4259 tegere
2601 4203 2664 4242 ac
2716 4183 2870 4240 tueri‘.
2900 4183 3090 4237 Verum
3145 4182 3266 4241 hoc.

108 4291 164 4334 ut
186 4277 321 4347 dixi,
348 4264 526 4334 minus
555 4278 738 4335 credo.
764 4280 1026 4335 Caeterum
1072 4280 1231 4335 ambo
1262 4280 1336 4333 illi
1371 4279 1638 4333 Arcesilas
1670 4292 1722 4334 et
1754 4281 1894 4337 Zeno
1944 4285 2068 4339 hinc
2111 4284 2273 4339 semel
2334 4282 2526 4345 exorti,
2557 4290 2609 4334 et
2654 4293 2873 4334 suorum
2923 4277 3151 4346 quisque
3183 4291 3271 4328 so-

106 4368 309 4420 ciorum
361 4364 811 4434 disputationibus
849 4376 1102 4435 tauquam
1147 4366 1312 4420 armis
1353 4367 1648 4435 opibusque
1684 4365 1821 4435 freti,
1870 4371 2108 4440 adeoque
2144 4370 2446 4425 Polemonis
2470 4370 2707 4424 scholam
2769 4370 2917 4424 obliti
2942 4381 3065 4424 sunt
3086 4382 3273 4438 pugna:

111 4471 215 4509 sua:
240 4455 552 4510 tirocinium
578 4453 763 4522 fuisse,

113 4548 227 4602 Σὺν
275 4546 330 4600 δ’
356 4546 569 4600 ἔϐαλον
630 4545 741 4616 (25)
782 4547 1008 4615 ῥινοὺς,
1040 4548 1155 4601 σὺν
1216 4546 1262 4600 δ’
1306 4549 1501 4616 ἔγχεα,
1552 4550 1636 4603 καὶ

1752 4550 2009 4617 Scutaque
2024 4549 2139 4616 jam
2157 4548 2338 4613 scutis,
2369 4548 2645 4615 hastasque
2670 4556 2718 4599 et
2748 4546 2932 4599 robora
2958 4546 3137 4613 ferrem

1118 4617 1292 4689 [μένε’
1322 4616 1551 4685 ἀνδρῶν

113 4686 629 4755 Χαλκεοθῳήκωνο
672 4688 816 4754 ἀτὰρ
845 4686 1095 4751 ἀσπίδες
1124 4689 1549 4756 ὀμφαιλόεσσαι

117 4758 407 4847 Ἐξοιτιντζ,
443 4756 776 4847 seem
798 4757 989 4847 ποέὺς
1006 4756 1067 4847 δῇ
1088 4757 1413 4847 δρυματδδς

138 4828 330 4894 Ασεὶς
369 4826 457 4895 ἄρ’
484 4826 683 4880 ἀσπίδ’
745 4826 949 4893 ἔρειδε,
998 4830 1175 4894 κόρυς
1229 4828 1449 4915 πόρτις-,ι
1474 4828 1654 4915 diem

128 4962 549 5024 acroma».
1318 4897 1389 4967 [δ’
1414 4896 1567 4965 ἀνὴρ

120 5034 301 5086 Ἔνθα
332 5032 384 5086 δ’
429 5034 525 5103 ἅμ’
567 5036 782 5102 alat-rm
828 5046 890 5085 ts
927 5033 1024 5086 καί
1059 5033 1294 5102 εὐχωλὴ
1341 5036 1526 5113 Ξέλξν
1555 5036 1655 5088 ἁν-

127 5168 453 5223 Ὀλλύντων
491 5187 587 5224 και
623 5170 987 5239 ὀλλυμένων.
1341 5104 1517 5174 iam”
1537 5144 1550 5166 ’

122 5258 234 5313 Τῶν
582 5263 630 5315 ot
672 5261 1054 5344 Ἀκαδημαϊκοὶ
1076 5261 1182 5329 γὰρ
1238 5261 1336 5313 οὐκ
1378 5262 1657 5314 ἐϐάλλοντο

122 5345 205 5399 ὐπ’
236 5338 435 5411 αὐτῶν,
468 5347 815 5419 ἀγνοούμενα
906 5346 1041 5420 ἦσαν
1065 5348 1261 5402 ἁλῶναι
1282 5349 1651 5420 δυνατώτεροι.

132 5436 435 5491 Ἦλίσκοντο
482 5437 559 5502 δὲ,
605 5438 706 5508 τῆς
758 5439 963 5509 βάσεως
1011 5440 1187 5501 αὐτοῖς
1239 5440 1557 5510 σεισθείσης,
1607 5442 1654 5492 εἰ

211 5611 296 5687 l9)
347 5611 1060 5687 gu¢m._'mnucm,
1108 5617 1318 5687 opinor,
1348 5615 1652 5684 scripserat.

213 5682 307 5757 eo)
345 5682 813 5757 'yggwsr:_Quid
842 5682 887 5741 si
918 5682 1178 5757 ﬂpecncev?

341 5750 605 5823 Πιθόνια.
632 5751 843 5823 Mallem
869 5750 1068 5809 πιθανά
1093 5756 1175 5809 vel
1205 5754 1444 5823 πιθήνια.

196 5822 308 5893 (22)
358 5822 644 5896 ’Aralttd_,
677 5832 777 5880 etc.
809 5822 966 5881 Forte
988 5867 1003 5893 ,
1051 5826 1114 5879 ἂν
1146 5822 1361 5887 δικαίως
1410 5824 1509 5876 ὑπὸ
1549 5823 1652 5875 τῶν

1751 4684 2092 4738 Commium!
2129 4682 2287 4743 acies,
2314 4680 2603 4749 clypeisque
2631 4680 2934 4749 sonantibus
2968 4678 3061 4728 icti

1752 4754 2047 4807 Deusantur
2081 4752 2243 4818 σιειρεὶ
2268 4766 2286 4803 :
2313 4746 2486 4802 nas—tus
2513 4746 2691 4818 fragor
2722 4748 2947 4818 undique
2964 4746 3151 4818 surgit.

1755 4822 2032 4876 Umbonem
2048 4816 2197 4874 umbo
2213 4820 2417 4890 premit,
2436 4816 2633 4888 galeam
2648 4817 2820 4887 galea,
2832 4825 2982 4885 atque
2992 4816 3156 4867 virum
3180 4817 3274 4869 vir.

1754 4954 1854 5007 Hic
1881 4969 1995 5006 vero
2021 4952 2185 5005 crebri
2203 4952 2421 5023 gemitus
2448 4967 2508 5002 ac
2533 4959 2649 5023 vota
2672 4956 2972 5023 sequuntur,

1752 5025 1887 5075 Dum
1909 5025 2016 5090 peri
2042 5031 2185 5086 nunt,
2205 5019 2524 5089 pereuntque
2541 5019 2714 5078 simul.

1754 5264 1908 5334 732
1960 5261 2454 5329 Stoicosintellige;
2504 5261 2855 5315 Academicos
2879 5260 3019 5315 enim
3067 5258 3139 5328 illi
3170 5271 3276 5310 non

1754 5354 2015 5423 petebant,
2036 5352 2177 5422 quod
2193 5366 2296 5419 qua
2322 5360 2469 5420 parte
2494 5352 2611 5422 capi
2652 5350 2863 5406 facilius
2889 5349 3134 5417 vincique
3156 5362 3278 5417 pos-

1753 5454 1891 5512 sent,
1930 5444 2258 5515 ignorarent.
2284 5443 2445 5511 Atqui
2474 5451 2587 5497 tum
2610 5442 2823 5496 demum
2847 5440 3205 5502 vincerentur,
3232 5438 3278 5493 si

1754 5625 2076 5750 numer
2100 5692 2153 5744 δ’
2192 5691 2423 5745 ἔϐαλον.
2457 5690 2612 5743 Iliad.
2642 5690 2700 5747 Δ,
2724 5702 2774 5739 v.
2804 5685 2925 5750 M7,
2957 5692 3009 5740 et
3040 5681 3199 5737 Iliad.
3219 5684 3279 5749 Γ,
3348 5675 3351 5678 ’

1752 5778 1803 5816 v.
1834 5755 1960 5829 'l3l,
1992 5762 2081 5817 ubi
2111 5776 2217 5816 non
2252 5762 2440 5832 legitur
2483 5755 2864 5819 Ἐδνοπὰλιζεν.
