4010 6342
51 436 176 491 1205

1203 385 1523 492 ἲἪίΕΡΑΒ.
1560 437 1802 492 EVANG.
1844 439 1967 492 LIB.
2004 438 2134 491 XIV.

3068 418 3204 479 ηοᾶ

47 549 321 617 πολέμοιο
361 553 513 620 μένα
557 557 745 622 στόμα
808 555 1187 608 πευκεοανοῖο
1253 553 1585 621 ἀπετρέψατο

1705 553 1780 613 ιὶι,
1819 551 1968 605 facile
2007 549 2434 620 deprehenditur,
2488 547 2586 600 hoc
2613 544 2730 599 belli
2760 557 2924 612 genus
2954 539 3200 606 suscepit,

48 636 170 707 ἄλλῃ
197 642 276 702 είς
311 641 586 695 Πλάτωνα.
644 643 794 696 Ἀλλὰ
824 646 912 696 καὶ
950 645 1069 713 περὶ
1104 644 1199 712 μὲν
1252 644 1354 694 τῶν
1382 642 1581 710 Ζήνωνι

46 726 118 787 τις
146 727 406 782 Πλάτωνα
431 731 610 793 κακῶς
638 749 692 782 τε
721 733 810 783 καὶ
851 731 1152 799 αἰδημόνως
1182 727 1427 798 οὐδαμῶς
1455 743 1584 777 νεω-

47 817 395 884 τερισθέντων
426 823 694 892 εἰρήσεταί
749 839 836 891 μοι
883 819 1036 884 αὖθίς
1064 839 1212 884 ποτε,
1257 820 1348 872 ἐὰν
1379 820 1586 887 φιλοσο-

51 903 167 983 φίας
198 906 394 975 σχολὴν
424 908 628 974 ἀγάγω.
657 910 745 978 Μή
791 925 918 960 ποτε
963 909 1069 978 (28)
1104 909 1280 978 μέντοι
1329 907 1585 978 ἀγάγοιμι

53 996 237 1064 σχολήν
262 1014 391 1048 ποτε
411 998 692 1067 τοσαύτην,
718 999 918 1051 τούτων
943 999 1069 1066 γοῦν
1100 1001 1359 1064 ἓνεκεν,εἰ
1392 997 1464 1069 μὴ
1486 999 1587 1050 ὑπὸ

53 1083 397 1147 uastae/rbi;
427 1087 470 1139 δ’
497 1082 587 1140 οὖν
619 1090 834 1158 Ζήνωνα
865 1092 894 1142 ὁ
923 1090 1259 1159 Ἀρκεσίλαος
1291 1091 1588 1158 ἀντίτεχνον

55 1178 136 1226 καὶ
171 1176 438 1239 ἀξιόνικον
472 1179 776 1248 ὑπάρχοντα
811 1181 1046 1250 θεωρῶν,
1076 1183 1199 1248 τοὺς
1230 1183 1358 1251 παρ’
1382 1181 1588 1232 ἐκείνου

56 1268 482 1335 ἀποφερομένους
535 1269 720 1336 λόγους
768 1272 1008 1341 καθῄρει,
1068 1273 1160 1327 καὶ
1216 1271 1364 1323 οὐδὲν
1405 1271 1584 1324 ὤκνει.

59 1359 178 1426 Περὶ
213 1358 314 1426 μὲν
341 1354 432 1411 οὖν
456 1359 562 1413 τῶν
585 1360 754 1434 ᾄλλων
807 1360 842 1413 ἃ
900 1363 1206 1431 ἑμεμάχητο
1243 1361 1450 1426 ἐκείνῳ,
1481 1361 1588 1414 οὒτ’

59 1448 175 1509 ῐσως
203 1450 379 1501 εἰπεῖν
403 1448 529 1518 ἔχω,
561 1450 682 1502 εἴτε
735 1453 826 1504 καὶ
877 1447 1038 1520 εἶχον,
1071 1451 1220 1504 οὐδὲν
1249 1452 1352 1504 ἔδει
1389 1452 1481 1504 νῦν
1507 1453 1592 1504 αὺ-

59 1538 154 1588 τῶν
181 1540 507 1609 μνησθῆναι·
565 1543 624 1594 τὸ
655 1541 711 1592 δὲ
766 1541 936 1612 δόγμα
984 1540 1139 1594 τοῦτο
1174 1542 1334 1595 αὐτοῦ
1379 1543 1590 1612 πρώτου

58 1628 364 1698 εὑρομένου,
397 1631 566 1684 καύτὺ
613 1632 673 1683 τὸ
718 1632 883 1701 ὄνομα
933 1633 1139 1701 βλέπων
1181 1632 1490 1702 εὐδοκιμοῦν
1538 1636 1592 1684 ὲν

59 1722 166 1781 ταῖς
203 1719 476 1790 Ἀθήναις,
504 1723 601 1791 τὴν
648 1723 1048 1792 καταληπτικὴν
1090 1723 1400 1791 φαντασίαν,
1449 1723 1591 1793 πάσῃ

63 1812 266 1880 μηχανῇ
303 1812 499 1881 ἐχρῆτο
521 1813 604 1864 ἐπ’
628 1813 815 1882 αὑτήν.
862 1815 920 1864 '0
957 1813 1001 1866 δ’
1032 1817 1088 1866 ὲν
1119 1814 1194 1883 τῷ
1233 1814 1595 1883 ἀσθενεστέρῳ

1688 658 1841 696 secus
1881 641 2115 710 profecto
2151 655 2309 707 quam
2361 653 2454 706 par
2498 644 2612 688 erat
2655 633 2778 688 fecit
2818 632 2948 700 ipse
2975 644 3205 708 quoque,

1688 732 1812 784 dum
1847 747 1942 784 nec
1974 731 2240 783 hominem
2273 728 2371 781 sibi
2407 733 2590 779 notum
2621 723 2943 783 vulneravit,
2976 730 3024 773 et
3051 731 3207 786 quem

1690 821 1908 873 minime
1941 819 2212 878 decuerat,
2248 833 2366 870 eum
2403 813 2767 882 indignissime
2791 826 2853 864 ac
2884 809 3212 876 turpissime,

1689 911 1928 978 adeoque
1966 911 2120 978 longe
2155 907 2368 969 ftedius,
2400 921 2556 974 quem
2609 904 2687 957 vel
2740 904 2854 954 cani
2889 898 3213 958 conveniret,

1691 1001 2025 1053 contumeliis
2048 999 2279 1052 violavit.
2315 998 2575 1050 Caeterum
2608 990 2968 1061 magnitudine
2987 987 3214 1056 quadam

1693 1092 1853 1144 animi
1889 1091 2152 1143 abstinere
2181 1104 2237 1142 se
2269 1087 2334 1139 ab
2360 1084 2592 1138 Arcesila
2630 1081 2929 1135 declaravit.
2967 1075 3097 1130 Nam
3121 1089 3215 1129 seu

1692 1183 1830 1250 quod
1867 1182 2098 1234 hominis
2132 1193 2347 1232 sensum
2384 1178 2668 1245 ignoraret,
2701 1191 2796 1229 seu
2837 1170 2978 1242 quod
3010 1168 3217 1223 Stoicos

1693 1279 1984 1332 vereretur,
2017 1267 2197 1320 Trucis
2226 1283 2318 1319 ora
2351 1267 2575 1334 ingentia
2615 1264 2730 1316 belli
2755 1264 2858 1318 alio
2884 1303 2896 1324 ,
2926 1261 3025 1315 hoc
3054 1266 3136 1324 est
3164 1257 3218 1310 in

1693 1360 1985 1421 Platonem,
2037 1358 2209 1410 vertit.
2270 1355 2372 1419 Sed
2402 1355 2542 1408 enim
2577 1354 2641 1406 de
2671 1354 2765 1415 iis,
2791 1360 2913 1420 qua:
2941 1348 3226 1418 perperam

1694 1465 1756 1502 ac
1778 1449 1892 1502 sine
1914 1448 2023 1502 ullo
2065 1444 2393 1500 verecundia:
2431 1458 2590 1497 sensu
2628 1441 2899 1494 Platonem
2931 1437 3071 1490 Zeno
3111 1450 3223 1489 mo-

1696 1541 1821 1592 litus
1866 1547 1948 1594 est
1976 1549 2086 1591 tum
2116 1551 2265 1605 agam
2300 1534 2536 1596 uberius,
2567 1547 2688 1586 cum
2729 1547 2756 1583 a
2794 1527 2948 1598 733
2986 1526 3220 1595 philoso-

1697 1629 1818 1698 phia
1865 1641 2162 1681 vacavero:
2201 1637 2504 1692 quanquam
2545 1621 2683 1674 absit
2728 1620 2979 1678 cumino,
3020 1625 3221 1670 tantum

1698 1730 1930 1783 unquam
1967 1714 2033 1766 ab
2058 1728 2119 1766 ea
2151 1725 2352 1769 vacem,
2387 1709 2486 1760 hoc
2514 1715 2570 1760 ut
2603 1703 2898 1773 argumenti
2933 1700 3098 1769 genus
3125 1699 3221 1751 ali-

1699 1816 1777 1859 ter
1813 1820 1970 1874 quam
1991 1804 2114 1871 joco
2150 1800 2479 1854 tractandum
2512 1795 2818 1862 suscipiam.
2841 1790 2992 1843 Nunc
3021 1799 3078 1843 ut
3103 1789 3224 1842 red-

60 1898 128 1949 ὣν
335 1878 570 1983 ill—truth
614 1878 779 1969 ἄγων,
834 1902 896 1954 οὐ
945 1878 1232 1974 δυνάμενος
1283 1878 1595 1964 ἀδικεῖσθαι,

1705 1907 1808 1944 3am
1846 1891 1910 1944 ad
1941 1890 2262 1951 Arcesilam,
2300 1888 2344 1939 is
2382 1885 2648 1939 Zenonem
2684 1891 2736 1935 et
2785 1879 2916 1933 artis
2940 1878 3223 1932 contraria

73 1989 399 2062 Ἀρκεσιλάῳ
425 1992 527 2065 μιν
557 1993 761 2062 ἀφίετο,
785 1993 948 2045 πολλὰ
995 1994 1060 2046 ἂν
1105 1997 1275 2046 εἰπεῖν
1304 1994 1458 2063 ἔχων,
1489 1994 1598 2046 ἀλλ’

61 2080 150 2131 οὐκ
175 2081 358 2150 ἧθελε,
391 2083 530 2152 τάχα
552 2083 607 2135 δὲ
638 2083 830 2152 μᾶλλον
852 2083 1040 2146 ἄλλως·
1074 2085 1210 2153 πρὸς
1235 2085 1289 2136 δὲ
1315 2085 1403 2135 τὸν
1425 2084 1601 2136 οὐκέτι

62 2170 114 2241 ἐν
144 2169 310 2232 ζῶσιν
365 2171 494 2224 ὄντα
533 2172 786 2226 Πλάτωνα
834 2173 1173 2242 ὲσκιαμάχει,
1231 2174 1323 2225 καὶ
1369 2175 1464 2242 τὴν
1500 2174 1605 2225 ἀπὸ

64 2259 268 2328 ἀμάξης
298 2260 572 2330 πομπείαν
593 2262 771 2313 πᾶσαν
803 2259 1168 2329 κατεθορύόει,
1185 2259 1372 2326 λέγων,
1395 2260 1468 2322 ὡς
1495 2257 1602 2311 οὔτ’

66 2350 124 2400 ἂν
146 2348 238 2401 τοῦ
273 2350 560 2414 Πλάτωνος
620 2351 973 2420 ἀμυνομένου,
1011 2349 1312 2418 ὑπερδικεῖν
1361 2366 1418 2400 τε
1447 2349 1604 2401 αὑτοῦ

66 2442 198 2511 ἄλλῳ
217 2441 395 2495 οὐδέν).
430 2441 608 2513 μέλον·
630 2444 735 2496 εἴτε
759 2443 1036 2514 μελήσειεν
1076 2441 1420 2512 Ἀρκεσιλάῳ,
1447 2442 1606 2503 αὑτός

67 2548 122 2597 γε
153 2532 429 2603 κερδανεῖν
481 2532 615 2603 ᾤετο
670 2533 1106 2605 ἀπτρεψάμενος
1157 2533 1246 2601 ἀφ’
1280 2532 1466 2585 ἑαυτοῦ
1516 2533 1606 2584 τὸν

79 2617 434 2686 ’Δρκεσίλαον.
469 2618 635 2676 Τοῦτο
658 2620 714 2672 δὲ
752 2618 844 2690 ᾖδε
879 2621 971 2673 καὶ
1011 2620 1330 2689 Ἀγαθοκλέα
1374 2620 1463 2673 τὸν
1510 2621 1608 2672 Συ-

71 2708 349 2775 ρακούσιον
379 2707 672 2779 ποιήσαντα
703 2710 761 2760 τὸ
793 2710 1026 2780 σόφισμα
1057 2712 1148 2785 ἔτι)
1172 2711 1295 2772 τοὺς
1330 2710 1608 2779 Καρχηδο-

70 2794 223 2857 νὲους.
257 2797 323 2849 Οἱ
350 2797 574 2849 Στωῖκοὶ
625 2797 680 2849 δὲ
735 2799 1000 2868 ὑπήκουον
1054 2799 1501 2870 ἐκπεπληγμένου
1548 2799 1608 2849 Ἡ

73 2885 237 2952 μοῦσα
265 2887 377 2957 γὰρ
403 2888 582 2948 αὐτοῖς
609 2887 725 2938 οὐδὲ
763 2887 880 2939 τότε
908 2884 973 2958 ἦν
1002 2887 1294 2957 φιλολόγος,
1317 2890 1424 2942 οὐδ’
1449 2887 1608 2958 ἐργά-

71 2990 146 3035 τις
175 2977 434 3046 χαρίτων,
489 2969 674 3044 ὑφ’ὧν
716 2979 744 3028 ὀ
801 2977 1160 3047 Ἀρκεσίλαος,
1206 2977 1274 3030 τὰ
1315 2979 1410 3047 μὲν
1455 2996 1608 3050 περι-

73 3065 294 3132 κρούων,
331 3066 470 3119 τὰδὲ
504 3067 834 3137 ὑποτέμνων,
869 3068 999 3120 ἄλλα
1022 3067 1063 3118 δ’
1090 3069 1471 3133 ὑποσκελίζων,
1517 3087 1611 3122 κα-

73 3155 445 3222 τεγλωττίζετο
494 3158 706 3220 αὐτοὺς,
757 3159 848 3210 καὶ
904 3159 1125 3221 πιθανὸς
1179 3154 1264 3229 ἦν.
1320 3160 1611 3229 Τοιγαροῦν

75 3247 201 3314 πρὸς
217 3246 314 3310 οὒς
349 3248 444 3317 μὲν
473 3248 772 3314 ἀντέλεγεν,
821 3248 1156 3319 ἡττωμένων,
1185 3251 1240 3300 ὲν
1264 3243 1342 3312 οἷς
1367 3249 1421 3301 δὲ
1445 3250 1612 3316 λέγων

73 3331 156 3404 ἦν,
210 3338 764 3406 καταπεπληγμένων,
812 3337 1144 3406 δεδειγμένον
1177 3355 1293 3400 πως
1342 3341 1451 3401 τοῖς
1497 3339 1615 3390 τότε

77 3424 374 3494 ἀνθρώποις
407 3424 635 3494 ὑπῆρχε,
667 3422 828 3493 μηδὲν
859 3419 996 3478 εἶναι
1024 3427 1144 3496 μήτ’
1170 3422 1258 3478 οὖν
1280 3426 1425 3488 ἔπος,
1485 3429 1616 3496 μήτε

78 3515 260 3578 πάθος,
287 3517 422 3584 μήτε
449 3514 602 3584 ἔργον
631 3514 686 3565 ἓν
721 3514 912 3584 βραχὺ,
951 3514 1082 3585 μηδὲ
1110 3514 1373 3586 ἄχρηστον
1405 3517 1618 3568 τοῦνανο

1701 1981 2088 2050 professorem,
2135 1987 2186 2032 et
2230 1993 2322 2031 sua
2357 1977 2575 2043 dignum
2605 1973 2826 2026 victoria
2859 1985 2978 2024 cum
3011 1968 3227 2028 videret,

1705 2071 1934 2124 hominis
1971 2070 2354 2139 disputationes
2408 2063 2758 2124 convellebat,
2787 2062 2870 2116 sui
2897 2061 3050 2128 plane
3081 2073 3229 2111 secu-

1704 2179 1815 2216 rus.
1859 2165 1934 2215 Ac
1975 2169 2161 2214 caetera
2203 2157 2416 2225 quidem
2450 2154 2660 2215 omnia,
2693 2152 2758 2207 de
2799 2151 2994 2220 quibus
3022 2165 3140 2202 cum
3170 2162 3233 2200 eo

1703 2252 2072 2310 contendebat,
2123 2263 2217 2302 nec
2267 2229 2491 2300 fortasse
2525 2243 2746 2312 possim,
2792 2256 2890 2295 nec
2925 2249 2981 2292 ut
3010 2239 3230 2306 possim,

1707 2361 1847 2400 nunc
1873 2353 2014 2399 certe
2053 2341 2330 2410 complecti
2365 2346 2627 2408 oporteat.
2684 2338 2750 2388 At
2776 2335 3043 2387 decretum
3084 2331 3232 2393 illud,

1705 2439 1857 2507 cujus
1889 2438 2000 2505 ipse
2031 2437 2278 2504 princeps
2325 2438 2514 2484 auctor
2552 2435 2699 2489 erat,
2755 2423 3001 2493 quodque
3041 2421 3233 2474 celebri

1706 2541 1816 2584 tum
1841 2528 2057 2582 nomine
2108 2523 2327 2580 Athenis
2358 2521 2545 2590 jactari
2580 2518 2809 2576 videbat,
2839 2515 2980 2566 illam
3019 2514 3231 2578 inquam

1706 2615 2184 2688 comprehendendi
2236 2614 2377 2675 vim,
2431 2625 2592 2680 quam
2641 2605 2934 2672 phantasia:
2978 2602 3236 2655 tribuebat

1707 2710 1871 2773 Zeno,
1904 2707 2166 2760 machinis
2208 2704 2308 2758 sibi
2349 2702 2597 2756 omnibus
2629 2698 2905 2768 petendam
2941 2699 3003 2748 et‘
3047 2705 3238 2746 concu-

1706 2797 1935 2851 tiendam
1970 2795 2188 2863 putavit.
2232 2793 2376 2845 Alter
2426 2792 2624 2843 interea
2676 2787 2929 2840 adversus
2977 2781 3236 2835 infirmio-

1707 2901 1839 2950 rem,
1866 2885 2018 2953 quasi
2049 2883 2177 2934 nihil
2213 2881 2279 2933 ab
2301 2895 2364 2931 eo
2398 2879 2510 2931 laedi
2549 2883 2750 2945 posset,
2797 2871 3038 2925 movebat
3063 2869 3190 2921 nihil
3224 2886 3236 2920 :

1710 2977 1845 3030 idem
1878 2983 2053 3027 tamen
2091 2975 2256 3026 misso
2287 2971 2518 3024 Arcesila
2541 3011 2553 3033 ,
2603 2969 2656 3020 in
2688 2981 2842 3036 quem
2878 2964 3039 3017 multa
3067 2961 3240 3014 dicere

1709 3067 1968 3136 potuisset
2011 3065 2137 3132 (seu
2190 3062 2458 3114 hominem
2507 3073 2692 3126 urgere
2734 3056 2928 3113 nollet,
2976 3068 3066 3106 seu
3113 3050 3241 3116 quid

1712 3155 1854 3209 aliud
1885 3151 2238 3224 sequeretur),
2269 3166 2390 3203 cum
2417 3148 2630 3201 Platone
2655 3148 2786 3214 ipso,
2818 3144 2906 3211 qui
2935 3143 3112 3194 vivere
3132 3140 3240 3206 jam

1712 3247 1960 3308 desierat,
1997 3245 2074 3298 sic
2106 3252 2360 3310 tanquam
2391 3241 2442 3293 in
2477 3239 2661 3292 umbra
2687 3235 2968 3304 pugnabat.
3030 3229 3094 3283 Et
3122 3244 3242 3283 vero

1711 3338 1843 3391 nihil
1880 3350 1984 3389 non
2035 3333 2399 3388 conviciorum
2441 3331 2492 3382 in
2538 3343 2693 3387 eum,
2739 3324 2889 3394 quasi
2923 3340 2951 3377 e
2979 3324 3242 3390 plaustro,

1711 3428 2013 3496 promiscue
2045 3424 2496 3489 tumultuarieque
2522 3420 2780 3489 jactavit,
2818 3415 3068 3468 nimirum
3105 3411 3244 3479 quod

1714 3530 1810 3568 nec
1836 3528 2091 3582 reponere
2139 3511 2288 3563 Plato
2328 3510 2436 3571 jam
2484 3515 2696 3575 posset,
2737 3520 2832 3558 nec
2870 3503 3030 3555 alium
3061 3512 3245 3566 quem—

79 3607 182 3659 τίον
201 3605 429 3676 ὀφθῆναί
462 3607 577 3659 ποτ’
596 3606 680 3668 ἂν,
719 3605 842 3657 εἴτι
902 3606 976 3676 μὴ
1007 3606 1333 3677 Ἀρκεσιλάῳ
1372 3608 1513 3658 δοκεῖ
1539 3607 1602 3676 τᾷ

1715 3619 1874 3672 quam
1903 3605 2019 3672 ejus
2050 3615 2208 3654 causa
2238 3599 2600 3652 laboraturum
2632 3600 2873 3662 putaret;
2924 3598 3015 3640 aut
3042 3587 3084 3640 si
3113 3585 3247 3638 forte

79 3674 346 3768 Πιταναίῴ
366 3697 497 3766 (50).
523 3697 610 3766 Τῷ
639 3697 681 3750 δ’
704 3697 808 3768 ἄρα
836 3674 983 3750 οὐδὲν
1017 3674 1205 3761 addicet,
1254 3674 1359 3750 ουδ’
1386 3674 1602 3765 ἁπεφαίξ

1717 3695 1982 3746 laboraret
2014 3689 2278 3742 Arcesilas
2298 3729 2311 3751 ,
2349 3687 2399 3738 in
2431 3686 2579 3737 lucro
2622 3693 2794 3734 tamen
2823 3685 3071 3746 poneret,
3102 3674 3178 3726 sic
3213 3687 3245 3724 a

81 3806 193 3842 νετο
231 3789 384 3842 οὐδὲν
442 3765 657 3859 μᾶλλον,
712 3765 752 3858 ἢ.
791 3788 1116 3858 ρηματὶσκια
1162 3789 1306 3843 ταῦτ’
1333 3788 1465 3843 εἶναι
1524 3791 1602 3842 καῖ

1717 3785 1826 3839 suis
1869 3797 1989 3837 eum
2033 3779 2328 3833 cervicibus
2370 3790 2487 3829 esse
2534 3771 2832 3839 depulsum.
2887 3766 3000 3830 Quo
3028 3765 3245 3834 quidem

84 3881 292 3948 φέδους-
445 3856 456 3859 ν
737 3856 742 3858 ﬁ
793 3856 801 3858 ﬁ
1720 3875 1928 3930 artificii
1979 3886 2170 3941 genere
2214 3866 2558 3938 Agathoclem
2604 3860 2944 3932 Syracosium
2993 3856 3244 3909 adversus

83 3975 550 4049 Carthaginienses
579 3994 736 4034 usum
793 3995 911 4034 esse
941 3987 1106 4034 notat.
1148 3979 1319 4032 Ataue
1358 3979 1469 4031 haec
1526 3975 1688 4031 Stoici
1730 3989 1846 4028 cum
1893 3982 2108 4036 stupore
2156 3966 2458 4021 audiebant.
2517 3961 2644 4013 Erat
2690 3958 2828 4011 enim
2864 3954 3036 4007 adhuc
3078 3947 3251 4002 infans

84 4079 263 4120 eorum
313 4082 505 4135 musa,
561 4084 658 4124 nec
718 4069 926 4124 illarum
988 4067 1301 4122 facetiarum
1343 4067 1570 4133 artifex,
1632 4067 1826 4135 quibus
1877 4062 2142 4115 Arcesilas
2193 4057 2421 4112 Zenonis
2475 4058 2783 4120 argumenta
2823 4044 3015 4114 partim
3075 4037 3250 4103 explo-

87 4155 245 4224 dens,
293 4161 489 4228 partim
535 4161 844 4224 succidens,
901 4161 1091 4230 partim
1139 4160 1521 4228 supplantans,
1572 4125 1664 4212 sic.
1706 4173 1796 4211 eos
1829 4156 2021 4224 linguae
2077 4153 2127 4203 vi
2163 4149 2436 4209 obruebat,
2475 4153 2531 4196 ut
2575 4140 2729 4194 tidem
2774 4134 2931 4188 etiam
2964 4129 3081 4182 aliis
3116 4125 3250 4176 face-

89 4261 178 4303 ret.
217 4250 316 4315 Ita,
365 4269 490 4308 cum
534 4263 588 4309 et
634 4255 670 4309 ii
709 4256 1027 4325 quibuscum
1075 4253 1317 4306 oratione
1346 4254 1636 4320 pugnabat,
1679 4252 1801 4306 victi
1837 4221 1994 4316 atque
2043 4243 2293 4315 prostrati
2327 4283 2340 4305 ,
2375 4249 2425 4293 et
2456 4239 2491 4290 ii
2517 4247 2749 4306 quorum
2783 4231 2836 4281 in
2867 4237 3068 4279 corona
3107 4221 3252 4272 dicc-

89 4338 192 4405 bat,
217 4342 448 4410 perculsi
470 4344 785 4414 attonitique
813 4353 1088 4398 manerent
1119 4361 1131 4395 :
1168 4342 1320 4410 quasi
1348 4319 1354 4320 ί
1382 4319 1476 4408 pro
1543 4350 1816 4408 comperto
1879 4346 1993 4390 erat
2041 4334 2280 4403 ejusdem
2325 4319 2492 4383 aetatis
2533 4322 2868 4383 hominibus,
2911 4332 3007 4370 nec
3048 4327 3253 4379 vocem,

93 4445 185 4485 nec
223 4432 461 4498 malum,
509 4447 608 4488 nec
633 4449 767 4501 opus
798 4434 964 4487 ullum
1011 4433 1092 4486 vel
1142 4431 1458 4491 minimum,
1519 4429 1810 4496 quidquam
1861 4441 1999 4484 esse,
2059 4438 2158 4476 nec
2204 4421 2358 4472 inane
2389 4414 2743 4479 frivolumque
2779 4418 2962 4462 contra
2989 4407 3158 4458 visum
3194 4403 3255 4454 iri

93 4527 400 4596 quidquam,
446 4528 546 4581 nisi
592 4487 734 4596 quod
765 4529 1015 4585 Arcesilae
1043 4527 1276 4580 Pitanan
1320 4487 1764 4578 tale'vitleret-ur.
1809 4521 1874 4573 Et
1928 4533 2086 4588 porro
2138 4516 2270 4569 nihil
2304 4514 2456 4584 plane
2482 4508 2780 4570 videbatur,
2804 4514 2899 4558 nec
2931 4487 3070 4555 aliud
3107 4497 3255 4566 quid—

93 4635 245 4688 quam
275 4618 495 4674 omnino
515 4620 705 4689 magis,
729 4637 888 4689 quam
911 4623 1025 4677 haec
1051 4621 1267 4674 voculas
1292 4628 1494 4673 tantum
1527 4619 1756 4686 aliquas,
1795 4626 1846 4669 et
1880 4625 2110 4668 terrores
2149 4627 2266 4665 esse
2298 4605 2624 4661 declarabat.

606 4712 995 4766 ΚΕΦΔΛΑΙΟΝ
1035 4718 1104 4768 Ζ⁹.

2209 4699 2367 4773 734
2416 4693 2636 4751 CAPUT
2685 4691 2787 4742 vu.

107 4821 321 4890 Ὀποῶς
364 4823 481 4876 τῶν
525 4820 901 4888 δηλουμένων
937 4827 968 4875 ό
1000 4825 1153 4887 βίος.
1195 4822 1327 4889 Περὶ
1358 4819 1602 4890 Αακύδίη

1729 4821 2036 4889 Cujusmodi
2086 4818 2408 4890 superiorum
2445 4810 2653 4890 illorum
2704 4804 2806 4854 vita
2855 4795 3029 4890 fierit.
3075 4794 3154 4890 [Ac
3200 4794 3259 4841 dc

159 4887 388 5016 Ζῖῦτρν
431 4887 807 4962 Ἀρκεσιλάω·
856 4887 1292 4960 διαδεξαμένουζ
1345 4887 1475 4942 Ἀπὸ
1523 4888 1627 4940 τοῦ

235 4979 360 5015 του.
581 4998 586 5003 -

235 4979 360 5015 του.
581 4998 586 5003 -

167 5089 186 5122 ι
217 5073 348 5142 Περὶ
380 5071 436 5126 δὲ
466 5071 700 5125 Λακύδου
759 5069 866 5137 (51)
891 5068 1141 5138 βούλομαί
1185 5087 1235 5122 τι
1279 5066 1628 5138 διηγήσασθαι

101 5161 209 5232 ἡδύ.
227 5159 335 5216 Ἦν
361 5164 457 5234 μὲν
477 5163 539 5232 δὴ
579 5162 819 5231 Λακύδης
849 5160 1346 5230 ὑπογλισχρότερος,
1397 5159 1486 5212 καί
1512 5176 1630 5211 τινα

168 5358 277 5427 (28)
312 5358 470 5412 Forte
492 5360 600 5415 del.
636 5361 780 5413 ποτέ.

141 5497 149 5506 _
171 5419 279 5495 (99')
319 5429 418 5506 Ἐκ
430 5427 514 5506 τῷ
535 5426 947 5506 ρσθεξρεστέρίιξ
967 5421 1068 5474 ὧν.
1090 5419 1515 5506 ,ξὶχρυιξεξηόρηι
1546 5436 1630 5472 ar-

107 5489 272 5549 bitror
306 5489 644 5565 participium
673 5498 777 5559 ὥν,
819 5489 877 5549 ui.
920 5491 1215 5544 Arcesilam
1251 5489 1631 5558 ἀσθενέστερον

107 5575 269 5618 νοεει.

174 5632 281 5700 (50)
305 5631 612 5698 Πιταναιφ.
640 5631 899 5700 Diogenes
927 5627 1289 5700 Laertiusjib.
1325 5641 1418 5700 lV_:
1456 5626 1634 5700 Ἀρκε-

110 5694 299 5762 came,
344 5694 787 5762 ἱιιιιυίιξΖεύθοῦ,
835 5701 867 5762 ἢ
913 5700 1148 5760 Σκύθου,
1180 5697 1487 5754 Πιταναῖος,
1534 5694 1632 5760 τῆς

121 5769 378 5834 ’Μηλίδος
415 5763 546 5826 Ibid.
575 5766 682 5823 Ἦν
714 5771 805 5830 μὲν
829 5763 917 5823 οὖν
947 5769 1088 5825 αὑτῶ
1119 5767 1208 5820 καὶ
1239 5767 1292 5817 ὲν
1317 5763 1518 5820 Πιτάνη
1540 5779 1633 5814 πε-

1803 4864 2004 4958 Ϊιαεςμίε
2029 4864 2250 4956 quadram
2281 4880 2524 4936 Arcesila:
2551 4885 2836 4931 successore
2888 4865 2966 4916 lia:
2996 4864 3189 4915 eodem.

1809 5085 1824 5114 ι
1854 5062 1968 5116 Jam
1999 5075 2145 5123 vero,
2183 5059 2246 5111 de
2276 5054 2502 5123 Lacyde,
2527 5046 2716 5114 inquit,
2754 5043 2982 5095 facetum
3015 5037 3262 5105 quiddam

1735 5169 1795 5208 ac
1820 5152 2050 5219 lepidum
2079 5162 2296 5200 narrare
2327 5142 2505 5197 statui.
2556 5138 2678 5187 lirat
2709 5136 2752 5187 is
2780 5132 2937 5203 paulo
2981 5127 3264 5187 Sordidior,

1737 5366 2086 5440 ριοιξεξατ,ἀφ’
2111 5360 2176 5440 ᾗς
2203 5337 3262 5440 regelatur?[iﬁldfﬁlffﬁéf‘ilﬁi

2515 5408 2708 5502 Eadem
2737 5408 3119 5504 comm-ampliat

1736 5479 1911 5574 scil}?
1942 5479 2310 5574 ῐίὶῖῗίὗξξέέά
2359 5497 2523 5573 longe,
2556 5479 2749 5547 δίθδίυδ
2798 5479 3263 5574 ²¹⁶¹ῖ¹θλί¹ῗίξίέξέξῗέ

1737 5552 2310 5628 Subo‘bs-euravidetur
2331 5552 2585 5624 narratio,
2617 5575 2733 5630 qua:
2763 5552 2937 5610 tamen
2954 5552 3264 5630 diligentius

1739 5621 2214 5696 Etiélidéhii'sans
2270 5621 2604 5703 perspicuam
2636 5621 2805 5682 'babet
2851 5621 3272 5690 dvplicatamque

1739 5715 2016 5767 rationem.
