4010 6342
750 410 878 466 ηιι

747 617 1035 686 obsignare
1060 633 1145 671 me
1171 617 1367 687 oppido
1397 614 1638 677 memini,
1670 614 1937 681 simulque
1980 628 2090 665 rem
2127 613 2283 682 longa

747 707 991 761 oratione
1020 707 1440 769 demonstrabat,
1474 720 1537 759 ac
1568 719 1687 758 sese
1721 705 1870 757 illudi
1902 703 2156 767 sentiens,
2200 704 2282 756 in—

752 798 1007 865 terposito
1052 798 1209 850 etiam
1233 794 1621 864 jurejurando,
1663 793 2031 847 vehementius
2058 806 2286 861 exagge-

753 889 922 942 rabat.
965 888 1113 954 Quos
1154 889 1385 941 hominis
1425 888 1653 955 impetus
1706 886 1775 939 ita
1820 885 2175 953 excipiebant,
2228 892 2287 937 ut

751 996 874 1033 eum
908 981 1067 1033 etiam
1111 979 1281 1047 iocari
1330 994 1510 1032 secum
1549 994 1612 1030 ac
1640 977 1823 1031 ludere
1856 978 1957 1031 sibi
1994 977 2284 1047 persuade-

752 1080 890 1134 rent,
916 1086 982 1123 ex
1004 1086 1110 1138 quo
1134 1070 1359 1138 sapienti
1399 1067 1593 1136 Lacydi
1624 1068 1796 1120 visunt
1824 1077 1984 1131 esset,
2018 1067 2150 1120 nihil
2185 1067 2285 1120 sibi

753 1176 851 1213 nec
875 1161 1147 1229 Opinionis
1171 1160 1491 1225 relinquere.
1515 1172 1609 1210 nec
1642 1157 1910 1210 memoria
1934 1176 1945 1209 :
1973 1156 2286 1209 memoriam

752 1251 949 1321 quippe
996 1249 1302 1318 Opinionem
1353 1248 1639 1316 quamdam
1686 1263 1839 1312 esse;
2107 1248 2191 1310 id,
2233 1262 2290 1300 se

752 1341 965 1407 quidem
1012 1340 1385 1402 audientibus,
1436 1341 1503 1392 ab
1548 1356 1613 1394 eo
1657 1326 2189 1408 nuper'quihusdam
2224 1355 2293 1393 ex-

753 1427 941 1481 amicis
972 1430 1344 1482 confirmatum
1377 1428 1561 1482 ﬁnisse.
1619 1428 1724 1483 llas
1752 1430 1839 1483 ille
1860 1430 2141 1499 petitiones
2166 1446 2289 1484 cum

758 1519 831 1572 ita
860 1517 1207 1578 refutaret.ut
1231 1521 1336 1572 alia
1366 1536 1525 1589 quam
1553 1521 1853 1575 Academici
1887 1522 2093 1575 soleant
2112 1522 2290 1575 omnia

755 1618 1054 1675 reponeret,
1102 1610 1241 1661 servi
1290 1609 1530 1663 Stoicum
1568 1611 1797 1678 aliquem
1840 1610 2115 1674 adeuntes,
2166 1612 2293 1679 quid

755 1699 856 1752 sibi
905 1699 1188 1753 dicendum
1229 1699 1366 1753 foret
1397 1715 1462 1753 ex
1507 1715 1571 1753 eo
1598 1700 1875 1754 discebant
1926 1716 1939 1752 :
1981 1710 2142 1767 atque
2173 1699 2294 1753 inde

754 1788 887 1851 orsi,
924 1788 1161 1855 argutias
1208 1782 1434 1857 argutiis
1474 1788 1709 1849 eludere,
1760 1789 1967 1855 artique
1997 1798 2165 1843 artem
2200 1804 2295 1857 op-

1368 410 1630 466 EUSEBII
1670 408 2136 466 CESARIENSIS
2170 406 2316 460 OPP.
2361 406 2538 461 PARS
2578 408 2639 460 ΙΙ.
2675 437 2739 447 -
2773 404 3261 461 APOLOGETICA.

746 531 1086 597 obsignatum
1116 529 1290 581 locum
1322 543 1425 581 non
1456 526 1641 581 fuisse.
1686 525 1815 587 Imo,
1835 525 2127 593 inquiebat,
2157 538 2280 576 eum

2396 522 2545 574 ιύτοῦ
2579 522 2712 590 πρὸς
2769 522 2892 583 τοὺς
2925 519 3124 588 φίλους.
3167 518 3273 571 Τοῦ
3324 519 3367 570 δ’
3392 518 3811 586 ἀναστρέφοντος
3839 519 3920 568 αὖ·
3988 518 3989 547 ῖ

3795 403 3921 457 lii!

2386 610 2495 670 τοῖς
2522 608 2618 670 τὰς
2640 608 3023 677 ἐπιχειρήσεις,
3039 606 3131 659 καὶ
3144 606 3389 673 λέγοντος
3407 607 3505 658 οὐκ
3542 606 3921 673 Ἀκαδημαῐκὰη

2385 700 2553 760 αὐτοὶ,
2586 700 2870 766 φοιτῶντες
2906 699 2982 760 είς
3014 697 3268 749 Στωϊκῶν
3294 714 3455 759 τινος,
3480 694 3548 748 τά
3578 695 3773 748 λεκτέα
3815 697 3920 749 ἑαυ-

2386 794 2493 852 τοῖς
2510 790 2889 860 ἀνεμάνθανονο
2908 790 3151 859 κάκεῖθεν
3167 787 3456 859 ἀρξάμενοι
3475 785 3923 853 ἀντεσοφίστευςν,

2387 883 2478 934 καὶ
2504 877 2641 951 ἦσαν
2693 882 2983 951 ἀντίτεχνοι
3032 882 3253 936 κλέπται
3312 877 3716 946 Ἀκαδημαῖκοί.
3777 878 3833 928 ’0
3878 878 3923 928 δὲ

2387 972 2639 1033 Στωϊκοῖς
2670 972 2926 1024 ὲνεκάλει’
2963 974 3010 1022 οἱ
3041 972 3224 1032 παῖδες
3245 969 3301 1021 δὲ
3333 969 3401 1021 τά
3434 968 3747 1038 ἐγκλήματα
3769 968 3924 1036 raps-

2386 1060 2507 1111 λυον
2539 1059 2685 1129 αὐτῷ
2715 1059 2817 1112 ὑπὸ
2848 1058 3237 1129 ἀκαταληψίας,
3268 1058 3366 1110 οὐκ
3386 1058 3510 1111 ἄνευ
3536 1055 3835 1123 τωθασμῶν
3859 1071 3924 1105 τι-

2388 1166 2511 1199 νων.
2542 1147 2816 1218 Διατριϐαὶ
2843 1144 2935 1200 οὖν
2960 1144 3096 1218 ἦσαν
3133 1149 3343 1201 πάντων
3367 1149 3499 1211 ἐκεῖ,
3534 1147 3627 1198 καὶ
3655 1145 3819 1209 Nam,
3846 1149 3927 1195 nl

2389 1240 2698 1307 ἀντιλογίαι’
2736 1242 2826 1293 καὶ
2854 1240 2909 1291 ἓν
2940 1240 3086 1292 οὐδὲν
3112 1240 3168 1291 ἐν
3189 1238 3264 1308 τῷ
3291 1239 3437 1308 μέσῳ
3465 1238 3828 1296 κατελείπετο,
3841 1240 3926 1288 οὐκ

2390 1332 2625 1397 ἀγγεῖον,
2657 1330 2716 1382 οὗ
2762 1330 2871 1381 τῶν
2911 1318 2967 1382 ἐν
2996 1331 3200 1399 ἀγγείῳ
3238 1329 3549 1399 τιθεμένων,
3579 1330 3679 1398 οὐχ
3724 1329 3820 1380 ὅσα
3859 1333 3926 1387 εἰς

2390 1421 2563 1481 οἰκίας
2587 1418 2922 1488 κατασκευὴν
2952 1418 3062 1471 ἀλλ’
3100 1419 3178 1470 έτι
3228 1418 3466 1487 συντελῆ.
3498 1420 3608 1471 Καὶ
3637 1421 3667 1470 ὁ
3699 1418 3927 1487 Auriga;

2392 1508 2526 1569 τέως
2554 1510 2648 1576 μὲν
2673 1508 2883 1577 ἠπόρει,
2921 1510 2993 1577 μή
3031 1526 3084 1560 τι
3109 1506 3480 1559 λυσιτελοῦσαν
3515 1507 3692 1576 ἐαυτῷ
3726 1506 3924 1577 θεωρῶν

2391 1596 2488 1665 τὴν
2518 1594 2707 1648 ἑαυτοῦ
2730 1594 2991 1663 δόγματος
3016 1594 3280 1663 βοήθειαν,
3304 1588 3420 1646 εἶτα
3447 1593 3520 1663 μὴ
3545 1592 3814 1658 ἐξελέγξαι
3832 1592 3925 1660 (-55}

2394 1686 2566 1738 πάντα
2600 1684 2893 1754 ἀνατρέψαι
2934 1701 2993 1735 τε
3020 1684 3191 1753 ἑαυτῷ
3220 1682 3407 1747 δοκῶν,
3460 1683 3643 1735 πεσὼν
3665 1686 3741 1744 εἰς
3772 1670 3926 1752 τάμή-

2396 1795 2573 1846 χανον,
2604 1778 2727 1839 τοὺς
2754 1776 2995 1844 γείτονας
3022 1775 3325 1846 ἐκεκράγει,
3375 1774 3467 1827 καὶ
3490 1775 3616 1837 τοὺς
3648 1773 3817 1835 θεούς·
3850 1774 3928 1825 καὶ

755 1878 1005 1946 ponendo
1028 1894 1150 1932 vere
1177 1878 1523 1932 Academicos
1551 1894 1608 1932 se
1629 1878 1771 1933 fures
1799 1880 2021 1948 probare
2046 1897 2059 1932 :
2089 1895 2152 1933 ac
2181 1890 2292 1933 tum

2398 1868 2474 1918 ἰοὺ
2508 1868 2606 1928 iob,
2638 1868 2728 1919 καὶ
2759 1867 2858 1935 φεῦ
2895 1866 3013 1934 φεῦ,
3047 1867 3138 1918 καί
3169 1865 3231 1935 νὴ
3262 1866 3384 1927 τοὺς
3428 1864 3603 1926 θεοὺς,
3638 1865 3731 1916 καὶ
3753 1865 3813 1933 νὴ
3846 1864 3927 1927 τὰς

755 1969 869 2037 ipse
898 1968 1110 2037 quidem
1139 1970 1409 2024 incessere
1439 1969 1669 2034 Stoicos,
1695 1972 1832 2023 servi
1861 1980 2046 2024 contra
2070 1972 2185 2039 ejus
2212 1987 2293 2025 re-

755 2062 1140 2129 prehensiones
1188 2063 1426 2129 neganda
1479 2062 1955 2129 comprehensione
2000 2062 2146 2115 omni
2181 2062 2294 2115 dis-

756 2155 983 2218 solvere,
1019 2165 1177 2223 atque
1204 2155 1254 2208 id
1277 2196 1290 2217 ,
1325 2163 1382 2208 ut
1411 2171 1504 2223 par
1532 2164 1678 2220 erat,
1710 2170 1815 2208 non
1842 2156 1956 2209 sine
1979 2156 2089 2209 risu
2119 2172 2181 2210 ac
2208 2172 2294 2209 sa-

756 2246 918 2297 libus.
964 2242 1035 2297 Ibi
1065 2260 1191 2313 ergo
1218 2244 1605 2313 disputationes
1655 2246 1915 2310 omnium,
1954 2254 2292 2315 argumenta,

754 2334 1141 2401 verborumque
1180 2349 1371 2402 pugn:e
1422 2351 1434 2385 :
1485 2348 1605 2387 cum
1638 2333 1771 2387 nihil
1804 2334 2001 2387 interea
2029 2335 2296 2402 relinque-

758 2434 924 2488 retur,
959 2440 1064 2477 non
1097 2440 1211 2489 vas,
1241 2439 1346 2477 non
1371 2424 1663 2493 quidquam
1687 2439 1870 2476 eorum
1898 2425 2297 2492 quaarreconde-

758 2518 951 2571 hautu‘r
981 2514 1032 2567 iu
1065 2514 1227 2577 vasis,
1260 2530 1365 2566 non
1394 2515 1535 2567 aliud
1566 2514 1846 2583 quidlibet,
1877 2514 2019 2581 quod
2042 2514 2297 2567 domesti-

756 2619 874 2656 cam
926 2602 991 2657 ad
1038 2604 1420 2673 supellcctilem
1488 2604 1794 2672 pertineret.
1872 2602 2012 2672 Ergo
2059 2602 2297 2673 Lacydes

758 2706 1005 2768 astuare,
1032 2697 1124 2766 qui
1156 2697 1289 2749 nihil
1323 2696 1544 2749 omnino
1574 2695 1797 2749 subsidii
1832 2695 1882 2748 in
1914 2694 2176 2763 dogmatis
2212 2695 2295 2748 sui

758 2786 1068 2843 defhnsione
1097 2790 1351 2856 reperiret
1388 2807 1400 2841 :
1432 2803 1553 2842 mox
1583 2795 1839 2856 reputans
1871 2785 1983 2854 ipse
2014 2802 2220 2849 secum,
2244 2785 2299 2838 ni

759 2875 959 2932 furtum
985 2878 1421 2945 deprehenderet,
1450 2886 1643 2931 cuncta
1671 2877 1771 2930 sibi
1802 2877 2053 2944 deinceps
2084 2891 2298 2944 pessum

760 2970 919 3030 itura,
945 2968 1157 3021 tandem
1188 2969 1343 3036 in0ps
1370 2968 1583 3021 consilii
1610 2968 1815 3021 vicinos
1859 2968 2168 3029 inclamare,
2208 2980 2302 3033 ap-

760 3060 956 3128 pellare
982 3061 1110 3115 deos
1141 3079 1152 3113 :
1178 3076 1317 3129 stepe
1348 3059 1431 3113 hei
1458 3060 1611 3123 mihi,
1639 3074 1735 3127 pro
1763 3058 1968 3114 facinus
2001 3057 2298 3125 indignum,

762 3170 855 3221 per
881 3156 1009 3209 deos
1037 3156 1269 3223 deasque
1303 3169 1490 3208 omnes
1536 3154 1864 3222 ingeminare
1884 3193 1899 3216 ,
1940 3167 2001 3206 ac
2025 3160 2216 3205 caztera
2247 3151 2298 3203 id

762 3261 841 3313 get
868 3262 928 3299 us
956 3255 1289 3313 argumenta,
1335 3262 1452 3314 qua:
1479 3246 1680 3302 homini
1711 3244 2050 3314 gravioribus
2082 3244 2133 3295 in
2162 3258 2293 3310 que-

763 3335 907 3397 relis,
939 3336 1027 3388 ubi
1058 3336 1211 3388 fidem
1242 3350 1346 3388 non
1377 3338 1642 3404 impetrat,
1664 3336 1779 3388 sine
1814 3342 1927 3387 arte
1948 3342 2134 3387 natura
2166 3349 2296 3401 snp-

762 3424 980 3492 peditat.
1021 3423 1149 3489 Qua:
1171 3425 1384 3492 quidem
1416 3427 1594 3478 omnia
1635 3439 1829 3493 magno
1859 3425 2093 3477 clamore
2113 3424 2297 3491 deplo-

764 3525 898 3577 rata,
931 3529 1177 3583 magnam
1216 3517 1400 3585 utique
1428 3516 1815 3585 probabilitatis
1856 3515 2083 3583 speciem
2113 3524 2298 3569 osten-

764 3604 978 3658 debant.
1019 3603 1297 3658 Postremo
1328 3605 1425 3659 hac
1455 3606 1507 3657 in
1538 3604 1880 3658 contentione
1904 3618 2186 3674 pugnaque
2206 3605 2301 3656 do-

765 3690 1007 3751 mestica,
1044 3691 1282 3744 Stoicum
1318 3691 1455 3760 apud
1484 3707 1664 3745 servos
1700 3692 1889 3761 agebat
1920 3693 2004 3744 ille
2033 3694 2247 3761 quidem
2284 3711 2296 3743 :

767 3788 821 3831 at
850 3795 969 3833 cum
1006 3781 1105 3849 ipsi
1134 3782 1449 3835 Academica
1499 3782 1745 3850 dogmata
1796 3792 2013 3836 strenue
2052 3790 2302 3835 constan-

768 3877 953 3939 terque
980 3871 1356 3935 defcnderent,
1391 3888 1456 3925 ne
1480 3872 1608 3940 quid
1636 3872 1772 3926 ultra
1799 3872 2055 3925 molestiae
2089 3880 2301 3939 patere-

768 3968 875 4022 tur,
903 3958 1049 4012 domi
1078 3961 1331 4028 deinceps
1356 3961 1589 4013 haerebat
1623 3969 1879 4029 perpetuo
1898 4001 1913 4023 ,
1947 3974 2011 4013 ac
2036 3975 2132 4027 pro
2158 3961 2303 4013 cella:

767 4065 880 4104 sua:
908 4048 1113 4105 foribus
1144 4051 1431 4107 assidebat.
1470 4049 1665 4110 Verum
1692 4051 1780 4104 ubi
1808 4050 1938 4104 nihil
1963 4050 2090 4119 agit,
2118 4063 2301 4104 secum

768 4142 881 4208 ipse
905 4142 1288 4212 cogitans.quo
1317 4158 1413 4197 sua
1441 4143 1542 4197 sibi
1577 4141 1813 4196 versutia
1839 4142 2099 4195 recideret
2136 4160 2149 4195 :
2187 4150 2304 4195 tan-

768 4231 887 4283 dem
921 4232 1084 4284 animi
1121 4248 1338 4286 sensum
1383 4233 1556 4301 palam
1600 4248 1663 4286 ac
1707 4232 1824 4287 sine
1858 4230 1980 4285 fuco
2031 4232 2298 4300 aperiens,

770 4322 1045 4386 nimirum,
1071 4326 1262 4391 inquit,
1289 4324 1493 4387 famuli,
1512 4308 1665 4377 aliter
1690 4323 1803 4376 hate
1834 4324 1885 4375 in
1918 4322 2097 4375 schola
2116 4323 2298 4391 dispu-

769 4417 967 4473 tamus,
996 4413 1148 4465 aliter
1180 4414 1428 4467 vivimus.
1464 4432 1483 4463 ι
1533 4414 1610 4465 Ac
1640 4411 1707 4466 de
1728 4411 1934 4479 Lacyde
1963 4412 2175 4481 quidem
2203 4414 2299 4464 ha-

2396 1959 2541 2025 θεάς,
2570 1959 2721 2012 ἄλλαι
2755 1978 2810 2013 τε
2837 1960 2954 2012 ὅσαι
2981 1961 3036 2011 ὲν
3063 1958 3333 2021 ἀπιστίαις
3366 1956 3839 2026 δεινολογουμένων
3867 1960 3927 2009 εί·

2397 2071 2478 2122 σὶν
2504 2071 2711 2140 ἄτεχνοι
2739 2070 2963 2131 πίστεις,
3016 2069 3185 2123 ταῦτα
3232 2069 3405 2123 πάντα
3461 2069 3676 2137 ἐλέγετο
3707 2069 3803 2138 βοῇ
3850 2072 3929 2119 καὶ

2394 2159 2717 2231 ἀξιοπιστίᾳ.
2754 2160 3024 2214 Τελευτῶν
3048 2161 3126 2220 δὲ,
3158 2162 3278 2212 ἐπεὶ
3306 2159 3482 2230 μάχην
3508 2156 3651 2229 εἶχεν
3675 2161 3929 2224 ἀντιλεγο-

2398 2252 2560 2320 μένην
2589 2252 2679 2302 ἐπὶ
2704 2250 2797 2319 τῆς
2828 2251 3020 2311 οἰκίας,
3051 2249 3207 2311 αὐτὸς
3243 2250 3337 2318 μὲν
3373 2250 3437 2301 ἂν
3462 2250 3725 2320 δήπουθεν
3754 2252 3929 2299 Estis?-

2395 2338 2581 2391 κεύετο
2605 2337 2739 2407 πρὸς
2765 2339 2887 2400 τοὺς
2915 2338 3123 2398 παῖδαςο
3146 2336 3251 2388 τῶν
3302 2337 3502 2389 παίδων
3526 2337 3582 2389 δὲ
3612 2337 3680 2388 τὰ
3720 2337 3930 2406 Ἀκαδη·

2399 2426 2565 2495 μαῖκά
2600 2426 3043 2496 ίσχυριζομένων,
3096 2426 3178 2477 ἵνα
3228 2426 3419 2495 μηκέτι
3468 2427 3761 2496 πράγματα
3814 2428 3930 2492 ἔχοι,

2395 2520 2635 2588 οἰκουρὸς
2664 2515 2729 2588 ἦν
2762 2518 2909 2586 φίλος
2934 2517 3025 2570 τοῦ
3057 2519 3301 2587 ταμιείου
3329 2519 3755 2589 προκαθήμενος.
3782 2519 3933 2570 Οὐδὲν

2395 2608 2451 2660 δὲ
2484 2612 2560 2669 είς
2591 2610 2741 2661 οὐδὲν
2774 2608 3011 2675 ὠφελῶν,
3064 2609 3403 2677 ὑπειδόμενος
3427 2604 3481 2660 οἶ
3500 2610 3561 2659 τὸ
3616 2609 3771 2675 σοφὸν
3804 2595 3935 2675 αὐτῷ

2397 2698 2633 2768 ἔρχεται,
2665 2695 3062 2765 ἀπεκαλύψατο.
3096 2697 3319 2760 Ἀλλως,
3366 2698 3488 2766 ἔφη,
3523 2696 3717 2757 ταῦτα,
3747 2691 3791 2748 ῶ
3823 2699 3933 2748 παῖ-

2395 2790 2500 2852 δες,
2522 2792 2576 2840 ἐν
2598 2792 2713 2849 ταῖς
2727 2789 3020 2857 διατριῦαῐς
3036 2789 3243 2855 λέγεται
3261 2792 3409 2857 ἡμῖν,
3427 2787 3599 2850 ἄλλως
3617 2788 3675 2840 δὲ
3688 2787 3880 2856 ζῶμεν.
3915 2807 3929 2836 i

2400 2878 2580 2932 Ταῦτα
2608 2879 2701 2946 μὲν
2738 2880 2830 2930 καὶ
2855 2881 2979 2949 περὶ
3005 2878 3095 2931 τοῦ
3122 2878 3380 2933 Λακύδου.
3413 2878 3611 2929 Τούτου
3632 2878 3689 2929 δὲ
3715 2878 3934 2944 γίνονται

2399 2969 2655 3021 ἀκουσταὶ
2699 2969 2899 3031 πολλοὶ,
2949 2963 3021 3022 ὧν
3064 2965 3142 3033 εἷς
3176 2965 3241 3039 ἦν
3269 2968 3527 3036 διατανὴς
3568 2970 3598 3019 ὀ
3643 2969 3933 3037 Κυρηναῖος

2413 3058 2776 3127 Ἀρίστιππος.
2825 3060 2917 3112 Ἐκ
2959 3060 3168 3112 πάντων
3212 3059 3255 3111 δ’
3289 3057 3451 3110 αὑτοῦ
3479 3058 3586 3108 τῶν
3637 3058 3932 3128 γνωρίμων.

2401 3149 2497 3217 τὴν
2528 3148 2716 3217 σχολὴν
2768 3149 2927 3201 αὐτοῦ
2980 3149 3240 3212 διεδέξατο
3278 3147 3541 3217 Εὔανδρος
3592 3149 3682 3201 καὶ
3707 3150 3758 3200 οἱ
3815 3149 3935 3217 μετά

2398 3235 2602 3289 τοῦτον.
2628 3239 2757 3291 Μεθ’
2786 3238 2875 3301 οὓς
2928 3239 3238 3308 Καρνεάδης
3270 3238 3658 3306 ὑποδεξάμενος
3704 3240 3805 3309 τὴν
3837 3239 3935 3291 δια-

2397 3325 2605 3395 τριϐὴν,
2642 3328 2828 3398 τρίτην
2856 3326 3209 3397 συνεστήσατο
3251 3326 3594 3395 Ἀκαδημίαν.
3630 3328 3822 3393 Λόγων
3854 3325 3934 3395 μὲν

2398 3413 2488 3468 οὖν
2514 3419 2699 3486 ἀγωγῇ
2727 3413 3063 3489 ὲχρήσατο,ᾖ
3094 3417 3184 3469 καὶ
3229 3418 3257 3467 ὁ
3294 3417 3652 3485 ’Δρκεσίλαος-
3692 3418 3791 3469 καὶ
3845 3417 3934 3483 γὰρ

2399 3509 2557 3570 αὐτὸς
2584 3510 2867 3578 ἐπετήδευε
2910 3508 3005 3577 τὴν
3054 3510 3132 3569 είς
3185 3508 3421 3577 ἑκάτερα
3469 3509 3833 3579 ἐπιχείρησιν,
3860 3507 3931 3558 καὶ

2400 3602 2573 3652 πάντα
2606 3599 2933 3662 ἀνεσκεύαζε
2955 3600 3021 3651 τά
3046 3600 3147 3653 ὑπὸ
3166 3598 3269 3651 τῶν
3292 3600 3461 3654 ἄλλων
3490 3602 3779 3669 λεγόμενα·
3811 3600 3936 3669 μόνῳ

2398 3690 2441 3742 δ’
2475 3693 2531 3743 ὲν
2562 3690 2640 3759 τῷ
2670 3690 2794 3759 περί
2816 3690 2914 3756 τῆς
2941 3690 3139 3759 ἐποχῆς
3169 3689 3309 3760 λόγῳ
3360 3691 3495 3759 πρὸς
3536 3690 3699 3743 αὐτὸν
3749 3690 3932 3755 διέστη.

2401 3762 2505 3846 φάς
2537 3780 2791 3832 ἀδύνατον
2854 3776 2990 3833 εἶναι
3040 3781 3319 3851 ἄνθρωπον
3376 3781 3500 3833 ὄντα
3535 3783 3661 3851 περὶ
3697 3781 3934 3832 ἁπάντων

2400 3872 2631 3939 ἐπέχειν·
2666 3870 2919 3941 διαφορὰν
2961 3872 3015 3923 δὲ
3048 3868 3182 3927 εἶναι
3208 3874 3399 3942 ἀδήλου
3423 3874 3514 3924 καὶ
3543 3872 3933 3941 ἀκαταλήπτοι,

2401 3961 2492 4012 καὶ¹
2543 3960 2715 4011 πάντα
2771 3961 2866 4030 μὲν
2919 3957 3053 4014 εἶναι
3102 3963 3485 4030 ἀκατάληπτα,
3541 3962 3601 4013 οὐ
3661 3962 3843 4015 πάντα
3890 3964 3935 4014 δὲ

2401 4050 2589 4120 ἄδηλα.
2621 4052 2845 4121 Μετείχε
2896 4053 2952 4104 δὲ
3008 4048 3157 4113 οὗτος
3189 4053 3414 4103 καὶτῶν
3464 4053 3714 4104 Στωϊκῶν
3761 4054 3931 4122 λόγων,

2402 4142 2535 4211 πρὸς
2562 4143 2653 4205 οὓς
2678 4146 2767 4197 καὶ
2800 4145 3083 4215 ἐριστικῶς
3109 4143 3404 4212 ἱστάμενος,
3431 4144 3522 4196 ἐπὶ
3541 4143 3696 4197 πλέον
3719 4148 3932 4217 ηὐξήθη,

2400 4232 2492 4283 τοῦ
2522 4235 2836 4304 φαινομένου
2886 4239 2996 4298 τοῖς
3044 4234 3251 4293 πολλοῖς
3310 4232 3551 4293 πιθανοῦ,
3604 4234 3721 4286 ἀλλ’
3746 4238 3811 4288 οὐ
3856 4237 3935 4304 τῆς

2403 4326 2655 4394 ἀληθείας
2682 4328 3081 4397 στοχαζόμενος.
3138 4324 3296 4377 Ὅθεν
3344 4326 3435 4377 καὶ
3468 4325 3666 4397 πολλὴν
3711 4329 3931 4399 παρέσχε

2407 4415 2515 4474 τοῖς
2535 4414 2785 4476 Στωϊκοῖς
2814 4414 3022 4484 ἀηδίαν.
3056 4412 3315 4481 Γράφειδ
3344 4411 3434 4467 οὖν
3478 4417 3571 4468 καὶ
3593 4417 3621 4467 ὁ
3647 4416 3933 4486 Νουμήνικ

770 4511 977 4556 etenus.
1020 4500 1188 4569 llujus
1210 4503 1479 4557 auditores
1502 4500 1649 4555 fuere
1680 4499 1927 4569 permulti
1949 4540 1963 4562 ,
1998 4515 2137 4568 quos
2163 4501 2294 4554 inter

2409 4504 2531 4570 περὶ
2560 4502 2721 4555 αὐτοῦ
2755 4502 2948 4557 ταῦτα.

771 4594 1069 4662 Aristippus
1116 4590 1401 4661 Cyrenaeus
1432 4591 1691 4649 excelluit.
1732 4588 1993 4645 Omnibus
2028 4598 2204 4643 tamen
2236 4605 2301 4642 ex
2337 4590 2616 4659 discipulis
2676 4590 2920 4644 Evander
2975 4602 3097 4661 post
3136 4609 3257 4649 eum
3290 4598 3481 4653 scholae
3503 4598 3739 4667 praefuit,
3766 4610 3932 4649 acce-

772 4690 868 4737 tt-ri
896 4684 1139 4737 eumdem
1163 4690 1343 4748 postea
1372 4684 1659 4736 consecuti.
1698 4681 1905 4747 Quibus
1960 4678 2211 4732 omnibus
2240 4680 2533 4733 succedens
2594 4680 2697 4734 hoc
2730 4683 2782 4733 in
2827 4682 3049 4737 docendi
3106 4702 3326 4741 munere
3349 4688 3650 4743 Carneades
3671 4730 3686 4751 ,
3741 4688 3929 4742 tertiam

772 4778 1020 4831 conﬂavit
1045 4778 1404 4831 Academiam.
1446 4773 1511 4828 Et
1556 4777 1741 4832 eadem
1794 4790 1898 4846 qua
1945 4774 2212 4827 Arcesilas
2243 4774 2501 4827 orationis
2566 4772 2733 4827 forma
2776 4778 3024 4829 utebatur
3052 4779 3163 4848 ipse
3200 4782 3434 4851 quidem,
3489 4789 3688 4835 cumet
3714 4780 3864 4832 illum
3890 4794 3928 4829 ta

776 4880 1057 4941 utramque
1082 4885 1284 4941 partem
1316 4870 1616 4940 disputandi
1646 4885 1847 4925 morem
1874 4876 2099 4929 teneret,
2130 4878 2183 4922 et
2237 4884 2355 4936 qua:
2392 4868 2460 4921 ab
2500 4869 2621 4923 aliis
2661 4870 2955 4923 dicerentur
3009 4874 3189 4927 omnia
3223 4876 3487 4929 refelteret
3514 4892 3528 4926 :
3564 4880 3824 4926 caeterum
3848 4886 3927 4923 una

772 4972 887 5018 erat
912 4965 1239 5019 assensionis
1270 4962 1516 5026 retentio,
1548 4963 1601 5013 in
1626 4976 1731 5028 qua
1758 4962 1826 5014 ab
1862 4962 1954 5015 illo
1988 4960 2289 5015 dissideret.
2327 4958 2533 5028 Quippe
2588 4960 2699 5014 fieri
2755 4978 2859 5015 non
2918 4980 3073 5033 posse
3102 4965 3334 5031 dicebat,
3368 4974 3425 5017 ut
3466 4965 3557 5032 qui
3584 4963 3750 5015 homo
3795 4969 3929 5019 (ἕδεα.

777 5056 824 5108 is
869 5071 1029 5111 renus
1076 5056 1127 5109 in
1173 5057 1423 5111 omnibus
1466 5069 1747 5108 assensum
1796 5053 2063 5108 inhiberet
2107 5072 2117 5105 :
2161 5052 2305 5105 aliud
2344 5067 2504 5120 porro
2562 5055 2816 5109 incertum
2846 5072 2983 5120 esse,
3044 5059 3182 5112 aliud
3209 5054 3590 5123 comprehendi
3614 5069 3721 5106 non
3748 5066 3927 5122 posse;

777 5160 831 5203 et
876 5150 1406 5219 comprehensionem
1460 5148 1674 5219 quidem
1722 5147 1903 5201 omnia
1976 5147 2199 5219 fugere,
2251 5162 2358 5200 non
2413 5149 2592 5200 omnia
2642 5157 2817 5202 tamen
2879 5153 3078 5204 incerta
3122 5165 3262 5203 esse.
3323 5146 3481 5215 737
3526 5144 3647 5199 Fuit
3696 5146 3739 5200 is
3793 5149 3927 5201 etiam

779 5239 961 5294 stoica
1010 5240 1266 5295 doctrina:
1320 5258 1424 5294 non
1477 5241 1719 5311 ignarus,
1771 5253 1875 5306 qua
1928 5239 2296 5292 vehementius
2366 5254 2649 5308 acriusque
2697 5241 2943 5310 petenda,
3005 5241 3159 5293 fama:
3188 5238 3291 5291 sibi
3337 5237 3624 5305 plurimum
3685 5252 3926 5291 nominis-

779 5350 885 5403 que
905 5335 1321 5399 eonfecit,dnm
1364 5338 1416 5389 in
1450 5335 1500 5389 id
1532 5336 1710 5404 potius
1752 5332 1894 5401 quod
1934 5334 2093 5402 vulgo
2147 5333 2438 5387 verisimile
2480 5336 2776 5397 videbatur.
2837 5351 2995 5404 quam
3058 5334 3112 5387 in
3166 5345 3352 5384 verum
3407 5330 3581 5396 ipsum
3615 5330 3925 5383 collinearet.

774 5428 954 5496 Quare
987 5425 1183 5483 Stoicis
1203 5431 1363 5483 etiam
1391 5428 1650 5485 molestia:
1692 5425 1981 5496 plurimum
2036 5427 2354 5483 facessebat.
2395 5425 2469 5481 De
2504 5428 2605 5483 hoc
2650 5430 2788 5484 idem
2835 5429 2926 5497 qui
2959 5440 3119 5495 supra
3150 5421 3449 5478 Numenius
3483 5423 3674 5487 habet,
3710 5439 3833 5493 qua:
3856 5434 3922 5473 se.

779 5528 1036 5586 quuntur.

851 5699 956 5767 (Β)
984 5697 1121 5753 Εἶτα
1159 5698 1242 5767 μὴ
1275 5695 1605 5767 ἐξελέγξαι,
1629 5695 1895 5767 Με.,είτε
1930 5692 2001 5765 μὴ
2045 5694 2305 5767 ἐξελέγχοι

780 5770 951 5823 πάντα
997 5766 1411 5841 ἀνατρέψεσθαι,
1442 5775 1545 5821 etc.
1576 5766 1657 5824 Ει
1688 5766 1883 5836 quibus
1915 5778 2036 5819 vera
2058 5805 2070 5829 ,
2102 5766 2310 5833 Opinor,

2412 5692 2570 5747 lectio
2593 5692 2789 5758 conjici
2811 5688 2979 5758 possit
3004 5704 3015 5738 :
3042 5682 3169 5739 Εἶτα
3195 5685 3259 5739 ἂν
3286 5687 3360 5758 μὴ
3390 5686 3690 5758 ὲξελέγχοις
3714 5684 3815 5758 (vel
3838 5677 3923 5733 ιίτι

2422 5764 2493 5833 μὴ
2523 5754 2825 5831 ἐξελέγξαςῖ
2849 5762 3018 5812 πάντα
3046 5754 3432 5827 ἀνατρέψεσθαι
3462 5758 3636 5821 ἑαυτῷ
3660 5754 3843 5807 δοκῶν.

3986 494 3989 523 l
