4010 6342
247 367 281 393 .νῖ

37 428 176 486 {illi

560 557 944 609 ΚΕΦΛΛΛΙΟΝ
986 559 1064 610 η’.

34 665 170 733 Περὶ
226 665 574 730 Καρνεάδου
624 667 728 720 τοῦ
789 667 900 732 τὴν
968 669 1168 734 τρίτην
1243 666 1585 736 Ἀκαδημίαν

283 737 807 804 ὑποστησαμένου.
849 737 978 790 Ἀπὸ
1007 737 1112 790 τοῦ
1134 735 1338 790 αὑτοῦ.

102 843 122 874 ι
160 826 484 895 Καρνεάδης
508 826 565 877 δὲ
597 827 942 898 ἐκδεξάμενος
969 830 1294 898 παρήγησιν,
1326 821 1385 881 οῦ
1412 828 1584 899 χρεὼν

34 914 140 984 (μ)
174 914 411 982 φυλάξαι
441 916 541 969 ὅσα
583 917 810 987 ἀκίνητα
863 920 954 971 καὶ
989 921 1088 972 ὅσα
1131 919 1455 988 κεκινημένα
1482 915 1582 989 ἦν,

31 1005 216 1058 τούτου
281 1007 383 1074 μὲν
431 1007 649 1078 ἠμέλει·
702 1010 781 1070 εἰς
833 1009 878 1060 δ’
924 1009 1262 1076 Ἀρκεσίλαον
1285 1048 1302 1071 ,
1354 1011 1449 1061 εττ⁹
1491 1005 1584 1062 οὖν

34 1096 256 1166 ἀμείνω,
294 1096 406 1148 εἴτε
455 1098 548 1150 καὶ
600 1097 895 1168 φαυλότερα
947 1094 1034 1168 ἦν,
1077 1099 1470 1166 ἐπανενεγκὼν,
1498 1099 1583 1151 διὰ

37 1187 239 1257 μακροῦ
258 1187 362 1256 τὴν
393 1187 576 1257 μάχην
621 1188 890 1252 άνενέαζε.
927 1209 944 1239 ι
1005 1191 1114 1243 Καὶ
1158 1189 1280 1259 ἑξῆς
1325 1190 1578 1257 ὲπιλέγει³

41 1291 57 1321 ι
87 1267 227 1338 *Ηγε
251 1271 298 1324 δ’
332 1269 425 1325 οῦν
450 1276 543 1326 καὶ
567 1269 760 1337 .οὗτος,
797 1277 888 1328 κα).
916 1277 1186 1346 ἀπέφερεν
1214 1277 1346 1344 (45),
1376 1278 1580 1330 ἀντιλο-

38 1360 148 1424 γίας
168 1377 226 1411 τε
260 1362 360 1414 καὶ
387 1363 617 1432 στροφάς
651 1362 996 1431 λεπτολόγους
1027 1365 1278 1434 συνέφερε
1317 1369 1382 1436 τῇ
1439 1367 1583 1439 μάχῃ

45 1451 342 1517 ποικίλλων,
365 1453 706 1522 ἐξαρνητικός
733 1451 790 1507 τέ
813 1457 903 1508 καὶ
929 1459 1316 1523 καταφαντικός
1368 1475 1426 1509 τε
1475 1455 1544 1528 ἦν
1565 1499 1580 1521 ,

41 1542 454 1614 ἀμφοτέρωθεν
477 1547 903 1614 ἀντιλογικός.Εἱ’
922 1547 980 1598 τέ
1005 1547 1112 1616 (46)
1140 1564 1239 1598 που
1274 1548 1378 1600 ἔδει
1410 1565 1461 1600 τι
1489 1550 1583 1604 καὶ

35 1631 208 1703 θαῦμα
233 1635 469 1704 ἐχόντων
495 1636 685 1704 λόγων,
713 1635 1018 1706 ὲξηγείρετο
1041 1637 1253 1707 λάϐρος,
1283 1635 1389 1690 οἷον
1417 1657 1580 1691 ποτα-

39 1724 127 1791 μὸς
161 1726 390 1796 ῥοώδης,
425 1727 664 1798 σφοδρῶς
722 1728 856 1797 ῥέων
908 1727 1037 1797 (47),
1094 1729 1267 1781 πάντα
1311 1746 1581 1800 καταπιμ-

37 1817 161 1880 πλάς
188 1817 258 1869 τὰ
290 1818 420 1888 τῇδε
447 1821 537 1871 καὶ
562 1819 629 1871 τὰ
659 1819 848 1882 ἐκεῖθι,
884 1821 975 1872 καὶ
1005 1820 1301 1884 εἰσέπιπτε,
1336 1823 1425 1874 καὶ
1455 1839 1581 1873 συν-

1076 504 1078 506 _
1137 435 1450 490 PREPAB.
1492 434 1737 490 EVANC.
1783 434 1905 491 LIB.
1950 433 2086 488 XIV.

1606 564 1647 616 Δ

3087 431 3224 488 1214

2239 549 2464 605 CAPUT
2529 549 2660 603 Vill.

1675 664 1757 728 De
1789 662 2078 726 Carneade,
2124 663 2213 732 qui
2247 663 2455 782 tertia:
2487 660 2818 714 Academiam
2849 659 3097 714 instituit.
3135 656 3220 713 Et

2349 749 2374 782 e
2446 747 2545 782 em.

2349 747 2545 782 eoaem.

1757 841 1775 872 ι
1814 807 2140 882 Carneades,
2165 819 2361 887 inquit,
2384 817 2607 871 docendi
2637 825 2818 885 postea
2849 832 3069 871 munere
3096 832 3220 883 par-

1683 912 1934 979 tibusque
1965 910 2253 977 susceptis,
2301 923 2425 962 eum
2471 918 2807 975 aspernatus.
2837 901 2989 974 cujus
3015 908 3215 964 omnia.

1681 1018 1772 1057 seu
1807 1018 1928 1071 qua:
1980 1001 2157 1056 adhuc
2203 1003 2409 1068 integra
2467 1000 2806 1069 immotaque,
2843 1000 3216 1062 consisterent,

1681 1111 1774 1150 seu
1801 1111 1920 1164 quae
1949 1095 2018 1149 ab
2049 1095 2168 1148 aliis
2199 1093 2484 1147 sollicitata
2509 1091 2619 1159 jam
2647 1099 2849 1153 essent,
2870 1092 3098 1144 retinere
3125 1091 3218 1142 de-

1680 1187 1896 1250 buerat;
1929 1185 2248 1253 cunctisque
2275 1183 2340 1236 ad
2367 1181 2679 1244 Arcesilam,
2715 1197 2809 1235 seu
2848 1181 3088 1242 meliora,
3123 1195 3215 1234 seu

1680 1275 1942 1334 deteriora
1968 1282 2170 1337 essent,
2196 1273 2400 1336 relatis,
2425 1287 2655 1342 pugnam
2682 1272 2794 1339 ipse
2820 1272 2976 1339 longe
3003 1272 3215 1324 demum

1682 1366 1962 1442 intervallo
2010 1366 2301 1420 revocavit.
2338 1385 2356 1415 ι
2407 1363 2532 1417 Inde
2572 1363 2818 1418 nonnihil
2858 1377 3214 1430 progressus:

1687 1475 1704 1508 ι
1731 1456 1868 1511 Idem
1897 1456 2078 1526 igitur,
2111 1457 2305 1524 inquit,
2325 1456 2599 1518 afferebat,
2635 1455 2775 1507 idem
2803 1451 3098 1514 auferebat,
3118 1467 3218 1519 pu-

1681 1561 1949 1617 gnamque
1964 1561 2117 1601 suam
2131 1542 2425 1600 contrariis
2451 1546 2752 1608 sententiis,
2775 1552 2828 1597 et
2848 1543 3076 1596 versutis
3097 1542 3220 1610 qui-

1678 1635 1904 1689 busdam
1932 1650 1994 1689 ac
2022 1635 2311 1693 subtilibus
2343 1635 2566 1704 argutiis
2587 1650 2709 1689 eum
2737 1634 3017 1702 multiplici
3046 1633 3219 1686 varie-

1681 1732 1788 1778 tate
1813 1725 2094 1788 miscebat,
2124 1724 2439 1778 afﬁrmando
2462 1725 2622 1779 simul
2656 1739 2718 1778 ac
2755 1723 3018 1792 negando,
3049 1731 3103 1777 et
3127 1737 3220 1791 op-

1681 1815 1869 1882 positis
1914 1816 2161 1884 utrinque
2210 1815 2510 1868 rationibus
2564 1815 2905 1882 disputando.
2964 1811 3116 1878 Quod
3168 1815 3215 1869 si

35 1910 182 1978 ἐσυρε
213 1911 347 1973 τοὺς
395 1910 687 1973 ἀκούοντας
719 1911 805 1963 διὰ
834 1907 1077 1982 θορύϐου.
1127 1913 1418 1982 Τοιγαροῦν
1443 1915 1568 1966 άπά-

1678 1907 1787 1960 alto
1812 1906 2042 1974 quodam
2078 1914 2132 1960 et
2155 1916 2475 1974 exaggerato
2498 1904 2711 1959 dicendi
2747 1918 2940 1972 genere
2967 1918 3102 1972 opus
3126 1917 3217 1957 es~

34 2017 131 2067 γων
157 2002 290 2063 τοὺς
320 2001 528 2064 ἄλλους,
564 2003 723 2064 αὐτὸς
751 2003 938 2071 ἔμενεν
965 2003 1378 2072 ἁνεξαπάτητος·
1426 2005 1454 2057 ὃ
1505 2007 1577 2076 μὴ

34 2091 226 2159 προσῆν
253 2090 336 2159 τῷ
383 2090 728 2161 ’Δρκεσιλάῳ.
769 2092 1000 2154 Ἐκεῖνος
1038 2093 1165 2163 γὰρ,
1203 2094 1577 2163 περιεχόμενος

32 2184 90 2248 τῇ
111 2181 387 2252 φαρμάξει
426 2185 550 2244 τοὺς
575 2184 1157 2254 συγκορυϐαντιῶντας,
1187 2186 1370 2238 ἔλαθεν
1392 2187 1576 2239 ἑαυτὸν

35 2270 232 2338 πρῶτον
261 2270 622 2341 ἐξηπατηκὼς
642 2274 713 2342 μὴ
745 2273 1025 2343 ᾐσθῆσθαι,
1043 2274 1323 2326 πεπεῖσθαι
1350 2275 1574 2344 δ’άληθῆ

35 2353 230 2421 εἷναι,ά
251 2360 400 2428 λέγει
426 2361 513 2414 διὰ
543 2363 638 2432 τῆς
666 2361 1060 2426 ἁπαξαπάντων
1091 2366 1413 2435 ἀναιρέσεως
1443 2382 1575 2435 χρη-

39 2451 222 2516 μάτων.
282 2451 468 2503 Κακὸν
522 2453 578 2504 δὲ
639 2448 706 2522 ἦν
760 2452 824 2506 ἂν
862 2453 1013 2522 κακῷ
1063 2455 1496 2524 ὲπανακείμενον,
1546 2458 1575 2508 ὁ

36 2539 337 2609 Καρνεάδης
363 2540 440 2609 τῷ
487 2541 830 2610 Ἀρκεσιλάῳ·
872 2543 943 2611 μὴ
970 2542 1203 2612 χαλάσας
1231 2561 1283 2594 τι
1325 2546 1569 2614 σμικρὸν,

38 2630 111 2696 ὑφ’
135 2624 192 2682 οὗ
221 2632 324 2682 οὐκ
355 2632 621 2700 ἄπρακτοι
649 2632 868 2702 ἔμελλον
901 2634 1133 2695 ἔσεσθαι,
1159 2634 1295 2686 κατὰ
1342 2633 1439 2696 τὰς
1468 2637 1572 2687 ἀπὸ

37 2722 114 2772 τοῦ
142 2722 366 2775 πιθανοῦ
406 2724 696 2794 λεγομένας
744 2725 890 2794 αὐτῷ
920 2725 1134 2788 θετικάς
1153 2743 1209 2778 τε
1236 2728 1327 2780 καὶ
1357 2728 1571 2797 ἀρνητι-

39 2813 124 2874 κάς
150 2815 461 2879 φαντασίας,
492 2815 582 2868 τοῦ
631 2813 766 2870 εἶναι
808 2818 921 2869 τόδε
969 2835 1021 2869 τι
1077 2817 1231 2881 ζῶον,
1271 2819 1302 2888 ἢ
1345 2819 1416 2889 μὴ
1439 2817 1570 2882 ζῶον

38 2897 173 2955 εἶναι.
190 2924 206 2953 ι
245 2906 418 2958 Τοῦτο
438 2903 526 2958 οὖν
555 2907 796 2971 ὑπανεὶς,
817 2908 1000 2978 ὥσπερ
1023 2911 1069 2959 οἱ
1095 2910 1448 2979 ἀναχάζοντες
1474 2910 1569 2980 θῆ-

42 3012 136 3062 ρες,
165 2995 482 3067 βιαιότερον,
513 3000 604 3052 καὶ
651 2999 846 3068 μᾶλλον
881 3001 1100 3062 ἑαυτοὺς
1158 3003 1309 3052 ἱεῖσιν
1335 3044 1338 3048 .
1365 3003 1443 3064 εἰς
1474 3002 1568 3064 τάς

39 3085 238 3153 αἰχμάς,
289 3088 488 3151 καύτὸς
510 3089 710 3152 ἐνδοὺς,
749 3089 1106 3161 δυνατώτερον
1139 3092 1381 3161 ἐπῆλθεν.
1422 3094 1568 3144 Ἐπεί

40 3188 86 3225 τε
119 3172 222 3242 (48)
248 3177 514 3247 ὑποσταίη
544 3197 600 3231 τε
636 3182 729 3232 καὶ
770 3177 825 3232 εὖ
850 3181 978 3250 ἔχοι,
1013 3182 1303 3250 τηνικαῦτα
1344 3182 1440 3252 ήδη
1477 3184 1568 3234 καὶ

38 3256 89 3312 οὗ
118 3263 449 3331 προδέδοκτο,
499 3267 636 3319 ἑκὼν
673 3269 861 3338 ἡμέλει
889 3271 982 3322 καὶ
1031 3271 1300 3338 ἐμέμνητο
1325 3271 1453 3341 (49).
1497 3272 1567 3322 Τὸ

41 3353 130 3422 γάρ
150 3355 339 3424 ἀληθές
358 3373 418 3408 τε
447 3359 538 3409 καί
564 3358 621 3410 τὸ
644 3358 834 3427 ψεῦδος
873 3362 928 3412 ὲν
955 3365 1064 3423 τοῖς
1093 3362 1403 3430 πράγμασιν
1433 3365 1566 3414 ὲνεί-

41 3465 114 3499 ναι
140 3450 451 3519 συγχωρῶν,
475 3452 660 3524 ὥσπερ
686 3454 1135 3525 ξυνεργαζόμενος
1160 3459 1256 3525 τῆς
1297 3457 1566 3528 ζητήσεως

41 3538 218 3610 τρόπῳ,
244 3543 539 3597 παλαιστοῦ
588 3545 757 3598 δεινοῦ
799 3545 961 3616 λαϐὴν
1000 3548 1140 3611 δοὺς,
1200 3550 1566 3619 περιεγίγνετο

39 3626 185 3680 ἐνθεν.
208 3632 362 3684 Κατὰ
402 3636 508 3703 γὰρ
540 3635 634 3706 τὴν
687 3637 777 3688 τοῦ
829 3637 1050 3691 πιθανοῦ
1099 3640 1266 3710 ῥοπὴν
1314 3641 1564 3711 ἑκάτερον

43 3718 332 3799 παρασχὼν,
349 3722 621 3792 οὐδέτερον
645 3721 764 3776 εἷπε
794 3727 1021 3794 βεϐαίως
1044 3730 1561 3799 καταλαμϐάνεσθαι.

41 3797 129 3858 Ἦν
149 3809 272 3874 γοῦν
304 3810 507 3882 λῃστὴς
553 3813 645 3864 καὶ
690 3815 821 3884 γόης
871 3817 1188 3889 σοφώτερος,
1237 3797 1564 3891 Παραλαϐὼν

41 3896 131 3966 γὰρ
150 3899 331 3970 ἀληθεῖ
359 3901 456 3972 μὲν
480 3904 658 3972 ὅμοιον
708 3904 919 3972 ψεῦδος,
952 3909 1317 3981 καταληπτικῇ
1350 3911 1403 3964 δὲ
1431 3928 1562 3979 φαν-

41 3990 177 4060 τασίᾳ
209 3995 552 4064 καταληπτὸν
582 3998 782 4067 ὅμοιον,
811 3998 904 4048 κα)⁴
946 3999 1161 4065 ἀγαγὼν
1193 4004 1271 4063 εἰς
1290 4002 1386 4065 τάς
1427 4005 1559 4066 ἴσας,

43 4079 125 4132 οὑκ
150 4083 319 4136 εἴασεν
340 4084 461 4138 οὔτε
479 4086 539 4138 τὸ
570 4087 760 4156 ἀληθὲς
781 4084 934 4151 εἶναι,
959 4088 1079 4141 οὔτε
1123 4091 1182 4142 τὸ
1204 4091 1410 4158 ψεῦδος,
1441 4094 1472 4160 ἢ
1502 4094 1561 4144 οὺ

47 4170 216 4233 μᾶλλον
241 4173 301 4226 τὸ
329 4175 514 4247 ἕτερον
561 4178 652 4231 τοῦ
702 4179 903 4249 ἑτέρου,
937 4179 970 4248 ἢ
1001 4179 1197 4246 μᾶλλον
1221 4183 1324 4233 ἀπὸ
1351 4182 1443 4234 τοῦ
1471 4201 1560 4234 πι-

45 4257 316 4317 θανοῦ.ἾΙν
335 4263 429 4320 οὖν
449 4269 695 4340 ὀνείρατα
724 4271 842 4323 ἀντὶ
873 4272 1174 4340 ὀνειράτων,
1203 4273 1561 4344 διὰτὸὸμοίας

47 4349 311 4412 φαντασίας
339 4352 590 4421 ἀληθέσιν
644 4353 778 4410 εἶναι
815 4357 912 4419 τὰς
941 4358 1168 4425 ψευδεῖς,
1207 4359 1280 4422 ὡς
1323 4361 1431 4415 ἀπὸ
1453 4362 1557 4413 ὠοῦ

47 4437 234 4504 κηρίνου
265 4442 400 4512 πρὸς
443 4445 506 4495 τὸ
537 4445 782 4516 ἀληθινὸν
824 4449 944 4503 ὼόν.
1000 4450 1311 4503 Συνέϐαινεν
1357 4448 1447 4506 οὖν
1492 4452 1559 4504 τά

1677 2006 1778 2060 set,
1809 2005 1924 2049 tum
1955 1996 2230 2051 enimvero
2262 1994 2562 2053 vehementi
2610 2010 2672 2047 ac
2720 1993 2909 2061 rapido
2953 2008 3114 2048 cursu
3143 1992 3214 2047 fc-

1675 2087 1924 2149 rebatur,
1957 2095 2014 2139 ut
2039 2085 2214 2139 amnis
2241 2084 2457 2154 quidam
2502 2085 2759 2138 incitatus
2798 2095 2850 2138 et
2892 2100 3055 2153 rapax
3076 2126 3091 2150 ,
3120 2085 3211 2153 qui

1675 2180 1853 2233 omnia
1888 2181 2090 2248 passim
2124 2161 2346 2233 inundet
2377 2189 2429 2234 et
2457 2179 2650 2233 obruat
2685 2200 2698 2233 :
2730 2179 2808 2234 sic
2835 2181 2887 2232 in
2918 2179 3210 2233 auditorem

1675 2269 2038 2328 incumbebat,
2089 2283 2321 2337 eumque
2367 2283 2547 2322 secum
2598 2284 2792 2339 magno
2834 2285 2954 2323 cum
3005 2268 3214 2336 fragore

1673 2359 2004 2426 strepituque
2029 2358 2289 2425 rapiebat.
2320 2359 2545 2428 Quippe,
2572 2375 2696 2412 cum
2730 2360 2781 2411 in
2808 2358 3049 2413 fraudem
3076 2359 3214 2413 alios

1673 2456 1725 2502 et
1762 2462 1999 2501 errorem
2041 2449 2358 2516 impelleret,
2419 2458 2528 2502 tum
2585 2448 2868 2503 fallebatur
2919 2449 3031 2518 ipse
3073 2465 3212 2502 nun-

1670 2553 1868 2607 quam;
1903 2539 1953 2592 id
1979 2539 2124 2607 quod
2154 2540 2328 2592 locum
2360 2539 2412 2615 i_n
2450 2540 2690 2594 Arcesila
2722 2555 2826 2593 non
2857 2539 3106 2593 habebat.
3161 2538 3212 2595 ls

1668 2631 1810 2684 enim
1839 2629 1966 2682 dum
1996 2636 2218 2683 caeteros
2248 2628 2363 2682 suis
2398 2644 2578 2683 secum
2611 2629 2891 2683 maleﬁciis
2919 2644 2986 2683 ac
3006 2631 3212 2698 praesti-

1667 2720 1770 2788 giis
1796 2759 1810 2783 ,
1847 2718 2210 2789 Corybantum
2258 2733 2405 2772 more
2441 2718 2770 2773 insanientes
2819 2718 3207 2783 circumferret,

1669 2827 1775 2862 non
1827 2810 2094 2863 sentiebat
2143 2824 2304 2877 quam
2357 2823 2474 2862 sese
2503 2809 2734 2876 primum
2770 2808 2882 2874 ipse
2921 2806 3205 2876 deciperet,

1669 2902 1797 2955 dum
1826 2901 1926 2955 sibi
1950 2917 2165 2968 quoque
2207 2917 2333 2954 vera
2363 2915 2482 2955 esse
2507 2915 2626 2968 quae
2654 2900 2873 2961 diceret,
2921 2900 3099 2951 omnia
3131 2900 3206 2951 si-

1669 2992 1777 3044 mul
1805 3006 1866 3044 ac
1914 2991 2078 3044 semel
2109 2990 2396 3051 abolendo,
2446 2990 2821 3058 persuadebat.
2867 2989 3060 3044 Verum
3083 2990 3208 3043 Car»
3252 2976 3257 2981 ’

1669 3082 1887 3135 neadcm
1918 3081 2192 3144 Arcesilae,
2223 3081 2298 3135 sic
2331 3091 2582 3150 tanquam
2618 3082 2813 3133 malum
2856 3081 2998 3133 malo
3039 3080 3206 3148 impn-

1669 3173 1828 3226 situm
1855 3172 1976 3240 jure
2003 3172 2225 3235 dixeris,
2270 3174 2360 3241 qui
2416 3188 2482 3225 ne
2534 3172 2798 3225 tantillum
2844 3171 3056 3238 quidem
3108 3185 3204 3221 un-

1667 3277 1825 3329 quam
1860 3262 2184 3321 remitteret,
2226 3263 2329 3315 nisi
2375 3277 2482 3329 quo
2528 3261 2839 3315 eﬂecturum
2888 3275 2944 3313 se
2973 3259 3203 3320 videbat,

1667 3361 1725 3404 ut
1773 3350 2041 3404 auditores
2095 3361 2280 3419 postea
2337 3367 2445 3418 quo
2494 3366 2551 3404 se
2588 3359 2855 3403 verterent
2900 3365 3003 3402 non
3044 3348 3197 3402 habe—

1664 3451 1782 3496 rent
1823 3462 1834 3495 :
1891 3443 1939 3496 id
1984 3444 2125 3510 quod
2156 3459 2220 3496 eo
2248 3428 2482 3496 visorum
2508 3483 2520 3504 ,
2569 3452 2628 3494 ut
2671 3443 2987 3510 appellabat,
3015 3455 3207 3510 genere

1663 3533 2119 3603 consequebatur,
2170 3549 2290 3602 quae
2337 3533 2599 3600 probabili
2649 3533 2852 3586 ratione
2896 3531 3097 3586 ce'rtum
3141 3546 3204 3583 ac

1664 3625 1935 3694 singulare
1964 3625 2218 3692 quiddam
2243 3665 2257 3685 ,
2292 3625 2488 3677 animal
2535 3639 2652 3676 esse
2672 3664 2686 3684 ,
2719 3623 2802 3676 vel
2831 3619 3200 3681 confirmandi,

1662 3716 1744 3768 vel
1771 3716 2000 3784 negandi
2047 3714 2150 3765 vim
2189 3715 2459 3766 haberent.
2519 3712 2657 3780 Ergo
2692 3722 2968 3780 postquam
3002 3710 3201 3778 aliquid

1660 3805 1922 3874 ejusmodi
1974 3812 2247 3870 utcunque
2288 3803 2534 3866 dederat,
2585 3801 3038 3870 quemadmodum
3077 3801 3202 3854 fera:

1661 3895 1993 3963 aliquantum
2047 3893 2318 3956 cedentes,
2373 3893 2423 3945 in
2456 3893 2659 3960 spicula
2692 3901 2838 3945 tanto
2865 3891 3197 3960 postmodum

1659 3985 2028 4039 vehementius
2052 3984 2266 4037 irruunt
2299 4004 2309 4036 :
2339 3984 2420 4038 sic
2445 3985 2531 4036 ille
2561 3985 2648 4037 ubi
2683 3983 2922 4037 nonnihil
2969 3982 3201 4034 indulse-

1660 4085 1846 4141 rat,eo
1871 4075 2062 4130 deinde
2085 4076 2354 4143 potentius
2383 4075 2678 4144 ingruebat.
2717 4074 2855 4126 Idem
2881 4073 2967 4124 ubi
2999 4072 3200 4124 firmior

1656 4164 1765 4232 jam
1810 4173 1928 4219 erat
1970 4166 2296 4233 solidiorque
2340 4164 2666 4231 disputatio,
2694 4171 2805 4215 tum
2848 4160 2974 4214 illud
3004 4161 3196 4227 ipsum.

1658 4252 1802 4321 quod
1844 4253 1946 4306 sibi
1982 4262 2104 4304 ante
2152 4253 2325 4304 visum
2369 4261 2547 4316 esset,
2573 4251 2832 4318 cujusque
2876 4252 3196 4304 mentionem

1653 4339 1763 4408 jam
1809 4338 2044 4403 fecisset,
2075 4339 2218 4392 ultro
2267 4339 2586 4407 negligebat.
2628 4340 2789 4409 738
2825 4339 2956 4392 Nam
2981 4343 3072 4410 qui
3103 4357 3195 4405 ve-_

1656 4445 1774 4482 rum
1807 4445 1871 4483 ac
1901 4430 2094 4483 falsum
2133 4431 2185 4482 in
2212 4430 2372 4483 rebus
2409 4431 2583 4485 inesse
2609 4433 2944 4494 concederet,
2980 4433 3196 4499 perinde

47 4523 185 4611 κακά,
209 4529 295 4582 καὶ
349 4530 535 4586 πλείω.
591 4535 697 4587 Καὶ
744 4537 920 4604 μέντοι
967 4538 1133 4605 λέγων
1175 4543 1202 4592 ὁ
1247 4541 1555 4611 Καρνεάδης

1667 4534 1722 4572 ac
1741 4520 1784 4572 si
1817 4519 1883 4572 ad
1921 4519 2191 4588 propriam
2225 4535 2341 4573 sese
2371 4521 2684 4588 quaestionis
2706 4523 2965 4576 rationem
2991 4536 3196 4574 accom-

45 4609 350 4687 ἐψυχαγώγει
384 4621 476 4672 καὶ
512 4622 938 4692 ἠνδραποδὶιζετο.
973 4624 1075 4680 Ἦν
1099 4629 1152 4680 δὲ
1198 4609 1439 4682 κλέπτων
1463 4609 1556 4700 μὲν

47 4702 240 4800 (iocum,
278 4712 597 4780 φαινόμενος
631 4713 687 4766 δὲ
722 4715 951 4800 1λῃστὴς,
987 4720 1148 4790 αἱρῶν
1182 4722 1271 4772 καὶ
1294 4721 1425 4790 δόλῳ
1467 4724 1557 4774 καὶ

48 4793 118 4861 βίᾳ
139 4799 249 4862 τοὺς
268 4803 360 4854 καὶ
392 4803 527 4855 πάνυ
558 4793 754 4882 σφόδρα
812 4812 1364 4881 παρεσκευασμένους.
1404 4814 1555 4867 Πᾶσα

47 4886 151 4947 γοῦν
171 4891 470 4961 Καρνεάδου
519 4885 919 4959 διάνοιαῖὲνίκα,
953 4902 1042 4951 καὶ
1085 4903 1301 4974 οὐδεμία
1339 4904 1554 4973 ἡτισοῦν

47 4972 204 5038 mw;-
230 4982 348 5052 ἐπεὶ
378 4984 468 5035 καὶ
497 4978 576 5047 οἷς
610 4986 1021 5055 προσεπολέμει,
1055 4985 1192 5058 ἦσαν
1210 4972 1215 4974 ﬁ
1235 4972 1405 5043 εἰπεῖν
1432 4992 1554 5044 ἀδυ-

47 5066 315 5152 νατώτεροι.
349 5075 691 5146 ’Δντίπατρος
716 5077 841 5143 γοῦν
863 5080 891 5128 ὁ
923 5080 1038 5130 κατ’
1077 5082 1232 5134 αὑτὸν
1251 5083 1550 5152 γενόμενος,

49 5147 203 5217 ἔμελλε
232 5162 327 5227 μὲν
358 5163 592 5235 άγωνιᾷν
615 5184 667 5218 τι
686 5167 927 5238 γράφειν’
957 5171 1089 5237 πρὸς
1117 5172 1159 5222 δ’
1181 5147 1272 5224 οὖν
1303 5147 1426 5236 τοῦς
1447 5174 1553 5227 ἀπὸ

52 5238 320 5311 Καρνεάδου
351 5255 690 5330 καθ’ήμέραν
712 5260 1142 5330 ἀποφερομένους
1165 5262 1349 5331 λόγους
1362 5265 1550 5319 οὖποτε

109 5438 200 5566 (ru)
229 5443 304 5501 Οὖ
563 5447 656 5508 Οὗ.
684 5455 851 5524 Cujus
887 5458 1134 5511 tandem?
1161 5457 1414 5539 Platonis,
1437 5463 1550 5532 opi-

109 5536 150 5563 ι.
199 5530 227 5566 11
268 5516 369 5566 hoc
401 5535 597 5566 numne
640 5527 840 5566 multm:
875 5535 994 5566 nullo
1027 5527 1317 5566 Νιηηρηηιι
1353 5530 1522 5566 ςιηηηιι

57 5516 227 5589 nor:_l_n
251 5516 372 5589 hoc
401 5523 597 5589 quippe
639 5516 840 5581 multus
873 5535 994 5580 ante
1025 5527 1317 5584 Numenius
1352 5516 1544 5586 fuerat.

109 5581 203 5667 (ιε)
249 5581 569 5667 ᾈπέφὲρὲὗ.
601 5590 738 5667 Quid
791 5598 835 5667 si
881 5597 1108 5667 ἔφερενῖ
1155 5598 1246 5652 Est

57 5653 421 5776 εξιδμιιίι,
445 5653 715 5726 ’ἀγεινῖιαὶ
739 5653 938 5735 φέρειν,
959 5653 1167 5722 sursum
1197 5653 1547 5740 deorsumque

191 5740 258 5777 re.

111 5789 203 5860 (ιδ)
223 5792 373 5853 Forte
403 5799 449 5851 εἰ
482 5797 556 5855 δέ.

1657 4610 1920 4676 modaret,
1959 4625 2118 4679 quam
2164 4610 2386 4678 ipsemet
2431 4612 2584 4679 periti
2623 4613 2894 4666 luetatoris
2925 4627 3071 4665 more
3098 4629 3194 4666 au-

1657 4714 1769 4756 sam
1811 4702 2062 4765 dederat,
2105 4717 2166 4756 ea
2199 4704 2538 4770 postmodum
2587 4705 2700 4772 ipsa
2745 4704 3006 4758 vincebat.
3055 4704 3190 4762 Dum

1654 4795 1798 4847 enim
1827 4802 2116 4860 utrumque
2129 4808 2225 4861 pro
2244 4793 2721 4849 verisimilitudinis
2739 4793 2986 4862 utrinque
3002 4805 3192 4848 nutan-

1653 4886 1721 4937 tis
1766 4884 1974 4937 ratione
2025 4885 2390 4950 eoncedebat,
2446 4887 2690 4940 ne‘utrum
2760 4885 2921 4939 simul
2970 4887 3189 4945 ﬁrmiter

1653 4959 2032 5042 comprehendi
2061 4961 2219 5042 posse
2247 4974 2476 5031 dicebat.
2516 4975 2624 5027 Fur
2650 4991 2776 5043 ergo
2813 4978 3189 5046 praestigiator-

1651 5080 1754 5132 que
1800 5063 1898 5116 fuit
1950 5063 2186 5119 Arcesila
2237 5067 2500 5120 solertior.
2558 5065 2630 5119 Ita
2671 5069 2943 5123 enimvero
2993 5065 3184 5121 falsum

1652 5155 1888 5223 aliquod,
1946 5157 2198 5225 quodque
2246 5157 2636 5225 percipiebatur
2684 5159 2976 5227 phantasia:
3014 5159 3188 5226 perci-

1651 5246 1818 5316 pienti
1842 5247 2016 5300 simile
2045 5248 2402 5317 adjungebat,
2427 5257 2484 5300 ut
2507 5249 2655 5318 paria
2686 5253 2998 5320 geminaque
3026 5249 3186 5306 ambo

1720 5462 1828 5530 (47)
1874 5465 2144 5538 Σφοδρῶς
2169 5463 2352 5538 Δῥέων.
2390 5465 2512 5520 Πωο
2544 5469 2842 5538 glossemati
2879 5467 3181 5538 simillima,

1648 5548 1765 5602 cum
1804 5537 2065 5600 praecedat
2088 5532 2305 5602 ῥοώδης.

1717 5587 1826 5669 (48)
1857 5587 2013 5656 Forte
2034 5587 2108 5655 δέ’.

1718 5671 1826 5747 (49)
1876 5673 1980 5747 Καὶ
2023 5672 2334 5747 ἐμέμνητο.
2374 5675 2805 5747 Legendumugai
2840 5673 2936 5727 οὐκ
2964 5675 3176 5747 ἐμέμν..

1647 5741 1748 5802 vel,
1784 5744 2182 5816 qumtquidcrn
2235 5741 2533 5816 muliuifob
2563 5743 2890 5814 προδέδοκτο,
2926 5741 3014 5800 καὶ
3044 5741 3173 5816 ἐμέο

1651 5826 1834 5880 μνητο,
1864 5811 2001 5865 ἑκὼν
2035 5812 2240 5878 ἡμέλει.
