4010 6342
664 1026 667 1031 ν
760 944 899 996 veris
946 945 1107 998 etiam
1145 946 1274 1000 visis
1321 945 1452 1001 ialsa
1504 948 1699 1001 similia
1752 948 2111 1016 putabantur,
2160 963 2295 1016 quo-

648 1174 651 1181 ,
761 1138 868 1181 tur.
911 1127 1250 1185 lncommoda
1280 1132 1392 1185 hmo
1418 1131 1579 1201 igitur
1604 1132 1813 1200 aliaque
1840 1132 1991 1198 plura
2020 1134 2295 1199 continge-

759 373 899 426 l2l5
1385 370 1644 426 EUSEBII
1683 371 2153 444 CJESABIENSIS
2188 371 2338 426 OPP.
2380 370 2555 425 PARS
2602 370 2665 425 ll.
2698 401 2766 410 —
2788 368 3273 425 APOLOGETICA.
3820 360 3957 415 ςὲιε

753 510 876 548 cum
906 496 1239 561 ostenderet,
1276 497 1435 550 simul
1462 512 1558 550 nec
1594 513 1719 548 vero
1746 498 1920 551 locum
1958 497 2122 548 ullum
2143 537 2159 561 ,
2192 511 2293 550 nec

2404 494 2782 564 ὶδημοσίευσεν,
2836 494 2934 545 οὐκ
2992 494 3049 543 ἐν
3098 494 3214 552 ταῖς
3266 487 3710 558 διατριϐαῖς,οὐκ
3738 487 3814 538 ὲν

756 586 891 640 falso
918 588 1265 655 relinqueret,
1307 597 1402 640 aut
1432 596 1678 640 neutrum
1712 587 1879 640 altero
1903 587 2082 655 potius
2105 602 2289 639 verum

2404 582 2724 653 περιπάτοις,
2753 581 2868 633 οὐδὲ
2891 575 3058 655 εἶπεν,
3084 577 3200 631 οὐδὲ
3232 577 3544 645 ἐφθέγξατο,
3594 574 3705 627 οὐδ’

756 690 877 728 esse
910 674 1172 730 falsnmre
1206 686 1497 745 pateretur,
1536 687 1627 729 aut
1673 678 1716 729 si
1750 677 2065 729 alterutrum
2092 677 2289 744 potius,

758 766 809 817 id
838 776 1011 819 tamen
1047 783 1149 819 non
1182 766 1282 822 nisi
1316 766 1688 835 probabilitate
1740 776 1895 821 tenus
1917 768 2180 836 ejusmodi
2212 769 2291 819 vi-

759 854 993 906 derctur.
1037 854 1275 910 Somniis
1317 871 1445 925 ergo
1494 856 1702 909 somnia
1744 856 2133 921 succedebant,
2162 856 2289 908 dum

2391 690 2474 734 τις
2498 672 2679 734 αὐτοῦ,
2714 673 2895 738 φασὶν,
2940 668 3059 720 οὐδὲ
3110 668 3232 739 γρῦ-
3263 666 3595 734 άντιγραφάς
3637 662 3698 715 δὲ
3742 665 3957 714 ἔπαυε·

2390 763 2609 823 τείνετο,
2628 762 2723 815 καὶ
2742 760 2939 827 γωνίαν
2965 758 3161 823 λαϐὼν,
3218 757 3392 827 βιδλία
3416 754 3676 808 κατέλιπε
3722 753 3957 822 γράψας

2391 856 2502 914 τοῖς
2530 851 2769 921 ὕστερον,
2794 850 2914 903 οὒτε
2944 849 3035 902 νῦν
3054 848 3339 918 δυνάμενα,
3385 847 3478 899 καὶ
3501 846 3621 898 τότε
3666 840 3959 896 ὠδυναώ

2393 960 2521 1012 τερα
2545 942 2679 1012 πρὸς
2703 941 2868 1003 οὕτως
2900 940 3067 1010 ἄνδρα
3089 939 3399 1009 ὕπέρμεγαν
3436 937 3690 1004 φανέντα,
3724 952 3837 985 κιαι
3861 950 3957 983 za-

2394 1032 2682 1095 ταδόξαντα
2716 1026 2851 1082 εἶναι
2882 1033 2989 1092 τοῖς
3009 1029 3127 1082 τότε
3153 1028 3453 1098 ἀνθρώποις
3480 1027 3569 1079 τὸν
3596 1024 3951 1094 Καρνεάδην.

2397 1125 2582 1193 Ὅμως
2601 1123 2678 1185 δὲ,
2704 1122 2875 1176 καίτοι
2903 1122 3094 1184 καύτὸς
3113 1121 3216 1174 ὑπὸ
3238 1118 3479 1187 Στωϊκῆς
3502 1117 3849 1186 φιλονεικίας
3880 1119 3957 1175 et;

2394 1215 2455 1267 τὸ
2482 1214 2707 1285 φανερὸν
2726 1212 2927 1278 κυκῶν,
2954 1214 3086 1285 πρός
3112 1230 3175 1281 γε
3202 1214 3325 1274 τοὺς
3370 1211 3559 1264 ἐαυτοῦ
3598 1212 3864 1281 ἑταίρους
3890 1209 3953 1261 δι’

2395 1305 2714 1375 ἀπορρήτων
2742 1296 3002 1374 ὡμολόγέι
3046 1319 3106 1355 τε
3148 1303 3240 1356 καὶ
3278 1301 3522 1371 ἠλήθευε,
3562 1303 3655 1353 καὶ
3704 1302 3953 1367 ἀπεφαί-

2397 1416 2534 1460 νετο,
2562 1398 2598 1451 ἃ
2633 1397 2734 1451 κᾶν
2753 1396 2907 1459 ἄλλος
2922 1395 3034 1449 τῶν
3061 1394 3461 1464 ἐπιτυχόπων.ι
3486 1388 3616 1444 Εἶτα
3639 1392 3769 1461 ἐξῆς
3789 1409 3949 1461 φησί’

761 1040 919 1093 modo
964 1040 1007 1093 si
1037 1040 1120 1093 ovi
1164 1041 1302 1094 cerei
1344 1042 1517 1095 visum
1559 1057 1681 1095 cum
1717 1056 1841 1095 vero
1870 1055 1972 1094 ovo
2004 1056 2294 1109 compona-

764 1218 909 1271 bant.
967 1220 1036 1272 At
1063 1220 1338 1274 enimvero
1363 1221 1667 1276 Carneades
1718 1221 1942 1285 interea,
1971 1221 2180 1275 dicendi
2209 1220 2291 1275 ia-

760 1310 958 1363 cultate
983 1309 1281 1364 auditorem
1324 1312 1684 1381 permulcebat
1717 1313 1891 1378 idem,
1936 1312 2184 1380 idemque
2209 1326 2322 1366 ca-'

762 1398 965 1475 ptivnm
994 1400 1239 1454 trahebat
1267 1418 1281 1455 :
1318 1410 1372 1455 et
1399 1402 1485 1455 l’nr
1515 1403 1755 1465 occulte,
1784 1400 2066 1456 manifeste
2094 1404 2291 1471 praedo,

762 1490 846 1543 vel
868 1489 1057 1545 l‘rande
1082 1491 1164 1545 vel
1197 1501 1375 1561 aperta
1403 1492 1452 1545 vi
1480 1493 1891 1562 paratissimum
1912 1492 2075 1547 etiam
2103 1508 2294 1562 quem-

2405 1509 2423 1541 ι
2456 1491 2759 1559 Καρνεάδου
2811 1491 2867 1542 δὲ
2927 1490 3132 1557 γίνεται
3184 1486 3453 1557 γνώριμος
3497 1486 3729 1555 Μέντωρ
3768 1484 3881 1554 μὲν
3926 1488 3953 1535 ὁ

762 1597 868 1650 que
913 1574 1175 1651 capiebat.
1227 1582 1414 1638 Omnis
1472 1587 1669 1653 quippe
1716 1584 2007 1639 Carneadis
2054 1585 2298 1639 vincebat

2404 1583 2631 1654 πρῶτος,
2655 1583 2715 1634 οὐ
2775 1582 2877 1652 μὴν
2905 1582 3157 1650 διάδοχος.
3199 1579 3334 1631 Ἀλλ’
3359 1578 3439 1631 ἔτι
3487 1576 3595 1639 ζῶν
3628 1577 3947 1647 Καρνεάέτις

763 1670 967 1738 opinio,
996 1672 1100 1725 alia
1124 1672 1410 1741 cujuslibet
1444 1674 1588 1727 nulla
1617 1689 1837 1743 prorsus
1856 1715 1871 1739 ,
1902 1690 2024 1729 cum
2055 1674 2297 1729 adversa-

765 1762 875 1816 rios
904 1777 1093 1818 omnes
1124 1764 1278 1851 longe
1302 1764 1529 1819 dicendo
1560 1764 1837 1821 inferiores
1879 1767 2115 1820 haberet.
2154 1766 2301 1819 Anti-

2401 1675 2491 1728 ἐπὶ
2516 1673 2758 1744 παλλακῇ
2788 1673 2967 1743 μοιχὸν
2990 1671 3179 1743 εὑρὼν,
3201 1671 3299 1740 οὐχ
3338 1669 3442 1721 ὑπὸ
3484 1667 3714 1737 πιθανῆς
3744 1684 3949 1733 φαντα-

2403 1769 2540 1831 σίας,
2565 1767 2673 1819 οὐδ’
2688 1768 2762 1829 ὡς
2780 1766 2853 1836 μὴ
2874 1762 3226 1833 κατειληφὼς,
3240 1763 3314 1825 ὠς
3331 1762 3387 1814 δὲ
3415 1760 3645 1830 μάλιστα
3674 1756 3948 1810 πιστεύσετε

764 1864 917 1921 pater
941 1863 1104 1917 certe,
1133 1847 1280 1909 illius
1306 1855 1549 1924 aqualis,
1589 1856 1791 1925 scripto
1818 1856 2079 1910 duntaxat
2099 1858 2299 1926 aliquid

2404 1865 2460 1931 τῇ
2492 1861 2632 1929 ὕψει,
2655 1861 2746 1911 καὶ
2776 1856 3111 1919 καταλαϐὼν,
3139 1856 3486 1927 παρῃτήσατο
3514 1852 3613 1922 τῆς
3641 1847 3943 1920 διατριῆᾗς.

767 1945 1142 2010 meditabatur,
1195 1955 1355 2015 atque
1402 1946 1453 2000 id
1497 1947 1787 2002 admodum
1834 1949 2037 2003 timide.
2074 1948 2206 2003 Nam
2235 1950 2301 2002 ad

770 2050 866 2090 eas
894 2035 1304 2105 disputationes,
1334 2053 1469 2106 quas
1493 2053 1522 2091 a
1546 2037 1819 2095 Carneade
1859 2040 2041 2094 haberi
2067 2042 2305 2109 quotidie

767 2125 1038 2192 audiebat,
1090 2143 1361 2197 nunquam
1391 2130 1441 2181 in
1474 2129 1646 2183 lucem
1686 2144 1751 2183 ac
1787 2130 2057 2199 publicum
2086 2133 2300 2201 prodiit,

768 2228 877 2269 non
927 2214 980 2267 in
1024 2215 1207 2270 schola
1229 2254 1244 2279 ,
1279 2232 1385 2270 non
1409 2218 1461 2270 in
1502 2218 1934 2274 deambulatione
1958 2220 2039 2273 vel
2072 2220 2236 2274 hilum
2272 2238 2302 2275 a

767 2320 1061 2376 quoquam,
1101 2316 1160 2361 ut
1190 2308 1344 2362 aiunt
1372 2350 1387 2373 ,
1426 2324 1668 2364 mussare
1698 2326 1934 2380 unquam
1961 2311 2177 2366 auditus
2200 2322 2299 2367 est.

768 2394 980 2465 Scripta
1009 2399 1181 2452 solum
1207 2400 1448 2469 quaedam
1482 2402 1695 2455 eminus
1714 2401 2042 2467 intentabat,
2070 2412 2125 2457 et
2144 2418 2313 2473 angu-

770 2489 854 2543 los
880 2477 1216 2560 latebrasque
1244 2501 1464 2561 captans
1485 2533 1503 2557 ,
1525 2492 1691 2548 libros
1735 2503 1938 2547 tantum
1976 2495 2204 2563 posteris
2230 2510 2309 2549 re—

769 2581 1079 2650 linquebat,
1130 2595 1317 2637 verum
1350 2585 1646 2653 ejusmodi,
1678 2585 1771 2655 qui
1798 2602 1864 2640 ne
1902 2602 2044 2640 nunc
2069 2586 2303 2655 quidem,

774 2681 887 2727 tum
918 2689 1043 2728 vero
1068 2676 1237 2728 multo
1258 2676 1436 2730 minus
1457 2677 1984 2743 tiarneademjllum,
2012 2677 2103 2745 qni
2128 2685 2308 2730 tantus

772 2780 838 2819 ac
863 2775 972 2819 tam
1001 2766 1335 2821 admirabilis
1366 2767 1485 2836 ejus
1523 2768 1617 2820 arvi
1669 2766 1978 2820 hominibus
2011 2766 2305 2831 videbatur,

2415 1951 2551 2005 Ὀδὲ
2605 1948 2840 2011 ἀποστάς
2880 1946 3305 2014 ἁντεσοφίστευε,
3353 1944 3444 1996 καὶ
3488 1940 3801 2008 ἀντίτεχνος
3859 1933 3943 2006 ἦν,

2403 2044 2634 2111 ἐλέγχων
2646 2040 2807 2095 αὑτοῦ
2831 2040 2929 2110 τὴν
2958 2039 3015 2091 ἐν
3041 2041 3149 2102 τοῖς
3173 2037 3345 2104 λόγοις
3360 2034 3755 2103 ἀκαταληψίαν.
3793 2051 3816 2084 s
3847 2031 3951 2081 Καὶ

2404 2132 2561 2185 πάλιν
2585 2130 2830 2201 ἐπιφέρει
2861 2131 3050 2197 λέγων·
3089 2147 3107 2180 ι
3145 2130 3201 2182 ’0
3220 2130 3276 2182 δὲ
3304 2128 3639 2199 Καρνεάδης,
3670 2119 3785 2177 οἷον
3807 2126 3949 2176 im-

2404 2223 2719 2293 στραμμένα
2744 2221 3058 2291 φιλοσοφῶν,
3084 2224 3193 2283 τοῖς
3233 2218 3500 2290 ψεύμασιν
3531 2215 3947 2278 ἐκαλλωπίζετο.

2404 2314 2493 2365 καὶ
2520 2312 2610 2364 ὑπ’
2646 2313 2823 2375 αὐτοῖς
2848 2313 2918 2364 τὰ
2944 2312 3113 2383 άληθῆ
3157 2310 3402 2381 ἠφάνιζε.
3451 2310 3949 2379 Παραπετάσμαστν

2402 2398 2493 2455 οὖν
2513 2385 2705 2471 ἐχρῆτο
2726 2404 2837 2463 τοῖς
2858 2401 3115 2471 ψεύμασι,
3151 2402 3243 2454 καί
3263 2399 3523 2470 ἡλήθευεν
3573 2396 3721 2451 ἔνδον
3753 2398 3945 2450 λανθά-

2403 2509 2507 2544 νων
2540 2489 2991 2562 καπηλικώτερον.
3025 2492 3291 2560 Ἔπασχεν
3318 2485 3408 2543 οὖν
3434 2488 3661 2559 πάθημα
3689 2488 3946 2557 ὀσπρίων,

2404 2578 2479 2637 ὧν
2500 2582 2567 2635 τά
2592 2584 2685 2653 μὲν
2712 2584 2839 2636 κενά
2863 2580 3171 2645 ἐπιπολάζει
3210 2599 3269 2635 τε
3308 2580 3386 2651 τῷ
3422 2580 3595 2642 ὕδατι,
3624 2581 3717 2632 καὶ
3758 2580 3947 2646 ὑπερέε

2405 2692 2507 2743 χει,
2547 2674 2612 2726 τά
2640 2673 2846 2745 χρηστὰ
2870 2674 2927 2726 δὲ
2949 2673 3122 2725 αὐτῶν
3150 2675 3263 2725 ἐστι
3304 2673 3451 2725 κάτω
3474 2671 3569 2725 καὶ
3599 2674 3660 2722 ἐν
3685 2671 3899 2737 ἀφανεῖ.
3929 2688 3943 2716 ι

2410 2766 2591 2819 Ταῦτα
2646 2770 2739 2820 καὶ
2789 2768 2916 2837 περὶ
2968 2768 3273 2840 Καρνεάδου
3319 2768 3551 2835 λέγεται.
3612 2766 3869 2836 Διάδοχος
3912 2767 3948 2817 δ’

772 2852 1042 2906 sustinere
1069 2864 1307 2922 possent.
1359 2854 1424 2909 Et
1451 2865 1628 2910 tamen
1672 2856 1758 2909 ille
1791 2857 1936 2924 ipse,
1979 2856 2069 2924 qui
2100 2855 2308 2911 Stoicos

2411 2859 2573 2913 αὑτοῦ
2648 2860 2744 2928 τῆς
2813 2861 3085 2931 διατριϐῆς
3166 2860 3480 2914 καθίσταται
3555 2859 3943 2929 Κλειτόμαχος·

773 2944 1052 3004 vellicandi
1081 2946 1261 3001 studio
1292 2949 1467 3018 palam
1501 2961 1695 3003 cuneta
1737 2946 2023 3011 miscebat,
2054 2950 2193 3002 clam
2227 2964 2310 3005 so-

2415 2950 2612 3020 μεθ’ὃν
2654 2952 2852 3018 Φίλων,
2908 2946 2968 3005 οὗ
3021 2949 3143 3022 πέρι
3197 2955 3226 3005 ὁ
3272 2953 3573 3024 Νουμήνιος
3629 2952 3945 3022 μνημονεύει

771 3041 923 3097 dales
953 3043 1089 3096 inter
1119 3059 1246 3097 suos
1266 3043 1451 3097 eadem
1478 3042 1657 3096 omnia
1690 3041 1975 3107 fatebatur,
1989 3055 2221 3110 vereque
2245 3055 2310 3094 ac
2411 3042 2600 3095 ταῦτα.

772 3143 925 3187 certo
964 3134 1359 3203 pronuntiabat,
1387 3149 1505 3203 quae
1526 3134 1663 3188 alius
1693 3134 1868 3203 quivis
1892 3149 1922 3187 e
1954 3134 2169 3202 populo.
2214 3151 2231 3183 ι
2254 3132 2457 3197 Quibus
2481 3134 2671 3188 deinde
2695 3134 2842 3188 addit
2870 3151 2885 3187 :
2915 3154 2935 3185 ι
2958 3132 3247 3189 Mentorem
3276 3134 3583 3188 Carneades
3603 3134 3843 3204 primum
3872 3135 3947 3186 ha-

781 3227 895 3280 buit
945 3227 1296 3296 discipulum,
1351 3241 1457 3280 non
1500 3236 1674 3279 tamen
1715 3241 2098 3280 successorem.
2159 3225 2309 3291 Quod
2348 3226 2489 3279 enim
2536 3223 2685 3281 illum
2736 3226 2911 3282 adhuc
2958 3228 3142 3282 vivens
3178 3242 3299 3282 cum
3321 3226 3506 3297 pellice
3529 3241 3629 3280 sua
3666 3236 3941 3297 repererat.

778 3336 884 3374 non
906 3337 1018 3390 jam
1046 3324 1161 3376 viso
1207 3331 1414 3377 tantum
1446 3321 1727 3392 probabili,
1776 3330 1866 3375 aut
1899 3322 2053 3390 quasi
2105 3323 2281 3377 minus
2329 3323 3153 3394 bominem~comprehenderet,
3198 3333 3255 3379 at
3289 3324 3404 3379 suis
3457 3324 3698 3378 maxime
3736 3323 3945 3377 credens

777 3410 969 3475 oculis,
999 3418 1231 3480 equue
1254 3429 1378 3467 vere
1408 3413 1886 3481 comprehendens,
1919 3416 2036 3483 ejus
2090 3415 2341 3484 deinceps
2376 3431 2591 3483 operam
2619 3426 2672 3472 et
2710 3418 3150 3473 consuetudinem
3186 3416 3502 3486 repudiavit.
3541 3416 3647 3482 Qui
3684 3432 3716 3469 a
3738 3416 3943 3471 doctore

780 3514 1057 3575 propterea
1104 3506 1379 3569 deﬁciens,
1428 3509 1627 3561 mutuis
1651 3524 1774 3561 cum
1821 3510 1927 3562 illo'
1956 3511 2181 3579 argutiis
2226 3510 2537 3578 technisqne
2565 3527 2819 3581 pugnare,
2857 3528 3081 3582 quaque
3118 3512 3206 3567 ille
3250 3512 3698 3581 incomprehense
3722 3511 3941 3567 defende

781 3596 903 3661 bat,
931 3612 1238 3666 oppugnare
1285 3600 1465 3666 carpit.
1511 3616 1531 3648 ι
1569 3598 1727 3668 139
1766 3598 2003 3669 Itemque
2034 3610 2153 3669 post
2188 3602 2291 3654 alia
2321 3616 2336 3653 :
2366 3621 2383 3653 ι
2425 3605 2728 3657 Carneades
2784 3612 2999 3667 autem,
3045 3604 3136 3673 qui
3180 3604 3443 3658 contraria
3495 3604 3740 3659 vicissim
3788 3604 3945 3661 omnia

782 3687 1273 3758 philosopharetur,
1317 3690 1681 3758 triumphabat
1729 3690 1783 3742 in
1825 3691 2140 3756 mendaciis,
2176 3692 2371 3761 quibus
2406 3708 2589 3747 verum
2649 3694 2911 3749 abolebat.
2969 3694 3283 3765 Quanquam
3322 3695 3390 3751 iis
3426 3704 3685 3765 tanquam
3714 3708 3945 3765 oppansa

781 3784 1104 3852 quibusdam
1132 3784 1265 3839 velis
1310 3784 1594 3849 utebatur,
1653 3798 1775 3837 cum
1806 3783 1949 3838 intro
2001 3783 2217 3839 latitans
2280 3799 2404 3837 vera
2440 3784 2684 3839 callidius
2726 3801 2790 3840 ac
2828 3787 3093 3842 versutius
3136 3788 3463 3857 loqueretur.
3517 3786 3591 3840 Ita
3641 3789 3754 3841 hoc
3793 3788 3945 3854 ipsum

782 3868 1105 3948 philosopho
1133 3876 1425 3937 accidebat.
1460 3878 1606 3945 ‘quod
1643 3877 1696 3930 in
1720 3862 2082 3947 leguminibus
2107 3878 2321 3933 evenire
2353 3879 2505 3941 solet,
2546 3896 2610 3934 ex
2640 3882 2837 3950 quibus
2886 3898 3006 3953 qua:
3028 3884 3205 3938 inania
3249 3893 3377 3938 sunt
3400 3891 3453 3936 et
3472 3897 3663 3943 vacua,
3695 3880 3945 3935 exsistunt

784 3984 850 4023 ac
882 3982 1106 4023 summae
1160 3982 1313 4035 aqum
1343 3968 1620 4033 innatant,
1654 3984 1776 4022 cum
1816 3970 2017 4037 optima
2076 3985 2302 4039 quaque
2350 3972 2567 4036 lateant,
2610 3984 2663 4027 et
2704 3974 2891 4030 altiore
2921 3976 3087 4031 fundo
3126 3976 3309 4031 clausa
3349 3982 3647 4029 teneantur.
3683 3992 3706 4025 ι
3753 3971 3872 4027 Περ
3896 3972 3945 4023 de

783 4058 1063 4114 Carneade
1110 4058 1318 4128 prodita
1341 4058 1587 4126 legimus.
1633 4057 1683 4114 ls
1722 4060 2113 4115 Clitomachum
2161 4062 2294 4116 artis
2348 4062 2705 4134 doctrinaeque
2756 4082 3119 4123 successorem
3150 4067 3367 4133 babnit;
3401 4064 3679 4119 Philonem
3712 4066 3942 4119 Clitoma-

783 4154 942 4220 chus,
968 4155 1033 4209 de
1053 4170 1163 4225 quo
1197 4154 1335 4209 idem
1363 4152 1661 4209 Numenius
1676 4155 1803 4210 'baec
1828 4156 2075 4212 breviter.

1362 4266 1587 4324 CAPUT
1650 4268 1738 4323 ix.
1796 4249 1802 4256 ’

789 4381 865 4436 De
885 4378 1128 4441 Philone,
1152 4378 1459 4451 Clitomachi
1488 4381 1598 4447 ejus
1628 4397 1943 4451 successore,
1973 4382 2061 4451 qui
2089 4380 2321 4435 Carnea-

1171 4449 1286 4501 dem
1306 4460 1588 4517 exceperat.
1638 4449 1720 4503 Ea:
1741 4455 1939 4503 eodem.

864 4561 884 4593 ι
918 4540 1073 4595 Philo
1104 4541 1224 4603 iste,
1276 4540 1470 4609 inquit,
1514 4541 1777 4612 principio
1828 4542 2041 4611 quidem
2089 4556 2211 4595 cum
2257 4540 2325 4594 ab

792 4642 1009 4702 accepta
1067 4632 1267 4687 scholae
1311 4629 1628 4699 praefectura
1691 4648 1878 4687 recens
1937 4632 2117 4687 adhuc
2159 4640 2324 4695 esset,

792 4722 976 4776 latitia
1001 4721 1400 4775 vehementiore
1442 4721 1742 4789 perculsus,
1789 4737 1853 4779 ac
1879 4721 2173 4776 referendae
2209 4736 2327 4789 gra-

795 4813 884 4865 tia:
925 4813 1276 4881 percnpidns,
1310 4810 1629 4867 Clitomachi
1677 4813 1889 4866 decreta
1922 4814 2135 4875 colere,
2178 4812 2329 4864 illus-

794 4912 938 4956 trare
978 4903 1147 4971 magis
1175 4912 1335 4973 atque
1376 4901 1570 4972 magis,
1620 4900 1832 4955 Stoicos
1866 4912 2045 4957 autem
2087 4902 2330 4955 radiante

798 4992 1049 5046 lacessere
1102 4991 1260 5059 ferro.
1298 4994 1369 5047 At
1412 5007 1703 5062 progressu
1737 4994 2014 5061 temporis,
2061 5009 2184 5049 cum
2228 5008 2329 5047 usu

799 5080 1118 5153 quotidiano
1164 5082 1604 5139 Academicorum
1664 5082 1753 5135 illa
1806 5082 2034 5137 retentio
2075 5084 2330 5153 paulatim

798 5179 1177 5235 evanesceret,
1220 5172 1352 5224 nihil
1383 5174 1493 5242 jam
1538 5188 1640 5228 suo
1682 5171 1907 5241 pristino
1950 5186 2100 5227 more
2144 5173 2334 5226 sentie-

802 5265 928 5327 bat,
970 5262 1064 5317 sed
1126 5262 1299 5330 ipsum
1354 5262 1405 5315 in
1468 5262 1791 5317 contrariam
1850 5260 2073 5315 omnino
2128 5271 2332 5331 partem

802 5355 1149 5409 convertebat
1193 5354 1309 5422 ipsa
1360 5368 1583 5409 casuum
1639 5364 1692 5409 et
1749 5353 2014 5407 malorum
2068 5356 2332 5410 evidentia

805 5453 965 5514 atque
1018 5442 1309 5499 confessio.
1345 5440 1420 5497 Ita
1464 5458 1586 5498 cum
1616 5445 1873 5515 pleraque
1916 5452 2063 5496 certo
2091 5444 2200 5511 jam
2230 5446 2337 5514 pla-

807 5552 977 5606 neque
1002 5538 1331 5607 perciperet,
1361 5536 1617 5591 exsistere
1645 5546 1852 5591 tantum
1886 5534 2131 5590 videlicet
2156 5552 2186 5590 a
2217 5538 2337 5606 qni-

2948 4248 3335 4305 ΚΕΦΔΛΔΙΟΝ
3370 4248 3444 4301 8'.

2423 4373 2559 4441 Περὶ
2586 4374 2844 4441 Φίλωνος
2861 4367 2965 4421 τοῦ
2984 4364 3843 4441 διαδεξᾳίιένογ-Κξειτιίμαχονὶ
3868 4366 3943 4416 τίὲν

2529 4432 2948 4507 διαδεξάμενον
2978 4432 3342 4502 Καρνεάδην.
3376 4432 3509 4487 Ἀπὸ
3532 4434 3637 4485 τοῦ
3653 4432 3861 4489 αὐτοῦ.

2499 4551 2519 4583 s
2568 4534 2626 4583 '0
2656 4531 2711 4583 δὲ
2742 4531 2910 4582 Φίλων
2948 4529 3053 4597 ἄρα
3077 4518 3251 4590 οὗτος,
3307 4526 3425 4596 άρτι
3480 4527 3576 4595 μὲν
3619 4525 3939 4595 subeam;

2427 4622 2523 4691 τὴν
2544 4619 2841 4690 διατριὸὴν,
2860 4619 2963 4670 ὑπὸ
2982 4618 3255 4688 χαρμονῆς
3283 4616 3665 4686 ἐξεπέπληκτο,
3702 4618 3803 4669 καὶ
3821 4616 3937 4685 χάριιη

2429 4711 2708 4774 ἀποδιδοὺς
2738 4709 3051 4780 ἐθεράπευε,
3089 4708 3180 4761 καὶ
3233 4708 3300 4760 τὰ
3329 4705 3713 4778 δεδογμένατῷ
3752 4707 3937 4759 Κλειτςν

2435 4803 2589 4873 μάχῳ
2617 4798 2766 4873 ηὗξε,
2794 4802 2887 4854 καὶ
2927 4804 3038 4863 τοῖς
3066 4802 3318 4863 Στωϊκοῖς
3365 4800 3729 4867 ὲκορύσσετο
3759 4796 3936 4861 rem:

2430 4892 2652 4962 χαλκῷ.
2703 4893 2789 4955 Ὦς
2815 4890 2872 4944 δὲ
2896 4893 3167 4961 προϊόντος
3219 4892 3317 4962 μὲν
3342 4890 3436 4943 τοῦ
3488 4889 3700 4959 χρόνου,
3731 4884 3936 4951 saepe:

2433 4984 2477 5035 δ’
2506 4983 2609 5035 ὑπὸ
2633 4981 2909 5053 συνηθείας
2931 4982 3095 5053 οὔσης
3119 4981 3295 5036 αὐτῶν
3322 4981 3422 5049 τῆς
3452 4976 3669 5045 ἐποχῆς,
3692 4975 3848 5028 οὐδὲν
3871 4974 3935 5039 μὲν

2434 5074 2574 5127 κατὰ
2591 5072 2659 5126 τὰ
2690 5072 2825 5125 αὐτὰ
2845 5073 3018 5143 ἑαυτῷ
3044 5074 3200 5138 ἐνόει,
3229 5075 3264 5142 ἡ
3288 5071 3344 5125 δὲ
3366 5068 3473 5122 τῶν
3500 5066 3840 5136 παθημάτων
3875 5065 3936 5116 αι-

2434 5166 2523 5218 τὺν
2563 5165 2883 5235 ἀνέστρεφεν
2930 5166 3181 5239 ἐνάργειά
3222 5180 3281 5216 τε
3328 5162 3421 5215 καὶ
3470 5159 3745 5229 ὁμολογία.
3778 5160 3936 5226 Πολλὴν

2436 5259 2546 5327 δῆτ’
2572 5258 2706 5328 ἔχων
2754 5260 2853 5330 ἤδη
2913 5260 3009 5331 τὴν
3070 5256 3394 5324 διαίσθησιν,
3448 5251 3866 5323 ὑπερεπεθύμει,
3896 5242 3933 5299 εὖ

2438 5350 2569 5403 οἷσθ’
2610 5351 2722 5412 ὅτι,
2776 5351 2881 5405 τῶν
2930 5350 3251 5417 ἐλεγξόντων
3295 5349 3494 5415 τυχεῖν,
3542 5346 3628 5397 ἵνα
3677 5345 3753 5414 μὴ
3809 5344 3931 5399 wn:

2444 5440 2575 5508 μετὰ
2601 5442 2745 5496 νῶτα
2783 5441 2957 5511 βαλὼν
3008 5438 3168 5500 αὐτὸς
3223 5435 3363 5490 ἑκὼν
3388 5438 3626 5506 φεύγειν.
3668 5433 3935 5496 Φίλωναά

2440 5533 2642 5599 γίνεται
2672 5532 2935 5602 ἀκουστὴς
2994 5530 3278 5601 Ἀντερχος,
3320 5530 3508 5601 ἐτέρας
3530 5530 3701 5600 αρξας
3758 5527 3932 5586 quae?

808 5629 910 5682 bus
940 5630 1371 5685 convinceretur.
1422 5643 1759 5698 summopere
1786 5629 2068 5697 cupiebat,
2099 5644 2165 5683 ne
2190 5639 2311 5696 terg:

2404 5635 2410 5669 ι
2440 5625 2590 5692 plac:
2607 5625 2914 5695 Μνησάρχῳ
2938 5621 3066 5691 γοῦν
3084 5622 3160 5692 τῷ
3180 5622 3398 5693 Στωϊκῷ
3447 5621 3737 5692 σχολάσαςς
3770 5618 3931 5673 havri:

812 5720 952 5775 ultro
1004 5721 1225 5777 vertisse
1278 5722 1582 5792 fugisseqne
1625 5720 1913 5777 videretur.
1957 5717 2129 5788 ilujns
2174 5736 2334 5790 porro

2436 5718 2619 5771 Φίλωνι
2639 5718 2715 5786 τῷ
2734 5715 3009 5783 καθηγητῇ
3035 5716 3310 5784 ἐφρόνησε,
3331 5714 3495 5783 μυρία
3517 5731 3577 5766 τε
3604 5713 3729 5779 ξένα
3745 5709 3929 5779 προςῆᾈ
