  <div class='ocr_page' id='page_1' title='image "/cluster/home/n/w/nwhite01/storage/ocr_20150623/21/pst.000004029076/616.png"; bbox 0 0 4010 6342; ppageno 0'>
   <div class='ocr_carea' id='block_1_1' title="bbox 26 444 1609 507">
    <p class='ocr_par' dir='ltr' id='par_1_1' title="bbox 26 444 1607 500">
     <span class='ocr_line' id='line_1_1' title="bbox 26 444 1607 500; baseline -0.001 -1"><span class='ocrx_word' id='word_1_1' title='bbox 26 445 135 499; x_wconf 71' lang='grc'><strong>217</strong></span> <span class='ocrx_word' id='word_1_2' title='bbox 1116 445 1430 500; x_wconf 71' lang='grc' dir='ltr'><strong>ΡΒᾸΞΡΑΒ.</strong></span> <span class='ocrx_word' id='word_1_3' title='bbox 1475 444 1607 499; x_wconf 81' lang='lat' dir='ltr'><strong>EVA</strong></span> 
     </span>
    </p>
   </div>
   <div class='ocr_carea' id='block_1_2' title="bbox 1613 444 3196 507">
    <p class='ocr_par' dir='ltr' id='par_1_2' title="bbox 1614 444 3196 507">
     <span class='ocr_line' id='line_1_2' title="bbox 1614 444 3196 507; baseline 0.006 -10"><span class='ocrx_word' id='word_1_4' title='bbox 1614 444 1718 499; x_wconf 79' lang='lat' dir='ltr'><strong>NG.</strong></span> <span class='ocrx_word' id='word_1_5' title='bbox 1762 444 1886 499; x_wconf 85' lang='lat' dir='ltr'><strong>LIB.</strong></span> <span class='ocrx_word' id='word_1_6' title='bbox 1924 445 2063 500; x_wconf 83' lang='lat' dir='ltr'><strong>XIV.</strong></span> <span class='ocrx_word' id='word_1_7' title='bbox 3061 451 3196 507; x_wconf 68' lang='grc'><strong>1218</strong></span> 
     </span>
    </p>
   </div>
   <div class='ocr_carea' id='block_1_3' title="bbox 26 558 1609 635">
    <p class='ocr_par' dir='ltr' id='par_1_3' title="bbox 26 560 1609 632">
     <span class='ocr_line' id='line_1_3' title="bbox 26 560 1609 632; baseline 0.001 -20"><span class='ocrx_word' id='word_1_8' title='bbox 26 566 62 631; x_wconf 74' lang='grc' dir='ltr'>ᾖ</span> <span class='ocrx_word' id='word_1_9' title='bbox 100 562 433 632; x_wconf 73' lang='grc' dir='ltr'><strong>Ἀκαδημίᾳ.</strong></span> <span class='ocrx_word' id='word_1_10' title='bbox 476 581 494 614; x_wconf 74' lang='grc' dir='ltr'><strong>ι</strong></span> <span class='ocrx_word' id='word_1_11' title='bbox 524 561 704 615; x_wconf 76' lang='grc' dir='ltr'>Ταῦτα</span> <span class='ocrx_word' id='word_1_12' title='bbox 733 560 824 615; x_wconf 76' lang='grc' dir='ltr'><strong>καὶ</strong></span> <span class='ocrx_word' id='word_1_13' title='bbox 848 561 1201 631; x_wconf 82' lang='grc' dir='ltr'>παραπλήσια</span> <span class='ocrx_word' id='word_1_14' title='bbox 1221 563 1427 624; x_wconf 79' lang='grc' dir='ltr'><strong>τούτοις</strong></span> <span class='ocrx_word' id='word_1_15' title='bbox 1462 579 1555 631; x_wconf 85' lang='grc' dir='ltr'>μυ-</span> <span class='ocrx_word' id='word_1_16' title='bbox 1582 568 1609 619; x_wconf 72' lang='grc' dir='ltr'><strong><em>Α</em></strong></span> 
     </span>
    </p>
   </div>
   <div class='ocr_carea' id='block_1_4' title="bbox 1613 558 3196 635">
    <p class='ocr_par' dir='ltr' id='par_1_4' title="bbox 1613 558 3196 635">
     <span class='ocr_line' id='line_1_4' title="bbox 1613 558 3196 635; baseline 0.008 -25"><span class='ocrx_word' id='word_1_17' title='bbox 1613 587 1626 619; x_wconf 61' lang='lat'><strong>,</strong></span> <span class='ocrx_word' id='word_1_18' title='bbox 1655 558 1893 615; x_wconf 82' lang='lat' dir='ltr'><strong>Philonis</strong></span> <span class='ocrx_word' id='word_1_19' title='bbox 1925 561 2139 613; x_wconf 81' lang='lat' dir='ltr'><strong>auditor</strong></span> <span class='ocrx_word' id='word_1_20' title='bbox 2177 560 2280 614; x_wconf 80' lang='lat' dir='ltr'><strong>fuit</strong></span> <span class='ocrx_word' id='word_1_21' title='bbox 2305 561 2622 627; x_wconf 80' lang='lat' dir='ltr'><strong>Antiochus,</strong></span> <span class='ocrx_word' id='word_1_22' title='bbox 2673 579 2825 619; x_wconf 71' lang='lat' dir='ltr'><strong>nova:</strong></span> <span class='ocrx_word' id='word_1_23' title='bbox 2870 576 3051 635; x_wconf 84' lang='lat' dir='ltr'><strong>postea</strong></span> <span class='ocrx_word' id='word_1_24' title='bbox 3084 567 3196 621; x_wconf 74' lang='grc' dir='ltr'>ίιιιι-</span> 
     </span>
    </p>
   </div>
   <div class='ocr_carea' id='block_1_5' title="bbox 26 648 1609 726">
    <p class='ocr_par' dir='ltr' id='par_1_5' title="bbox 26 651 1552 723">
     <span class='ocr_line' id='line_1_5' title="bbox 26 651 1552 723; baseline 0.001 -20"><span class='ocrx_word' id='word_1_25' title='bbox 26 652 91 703; x_wconf 74' lang='grc' dir='ltr'><strong>ιία</strong></span> <span class='ocrx_word' id='word_1_26' title='bbox 118 652 221 722; x_wconf 85' lang='grc' dir='ltr'><strong>τῆς</strong></span> <span class='ocrx_word' id='word_1_27' title='bbox 254 653 538 714; x_wconf 87' lang='grc' dir='ltr'>Πλάτωνος</span> <span class='ocrx_word' id='word_1_28' title='bbox 562 653 686 722; x_wconf 81' lang='grc' dir='ltr'>περὶ</span> <span class='ocrx_word' id='word_1_29' title='bbox 705 651 945 721; x_wconf 78' lang='grc' dir='ltr'><strong>διαδοχῆς</strong></span> <span class='ocrx_word' id='word_1_30' title='bbox 974 652 1379 722; x_wconf 76' lang='grc' dir='ltr'><strong>μνημονεύεται.</strong></span> <span class='ocrx_word' id='word_1_31' title='bbox 1417 653 1552 723; x_wconf 83' lang='grc' dir='ltr'>Ὥρα</span> 
     </span>
    </p>
   </div>
   <div class='ocr_carea' id='block_1_6' title="bbox 1612 648 3195 726">
    <p class='ocr_par' dir='ltr' id='par_1_6' title="bbox 1653 648 3195 726">
     <span class='ocr_line' id='line_1_6' title="bbox 1653 648 3195 726; baseline 0.007 -25"><span class='ocrx_word' id='word_1_32' title='bbox 1653 648 1809 702; x_wconf 91' lang='lat' dir='ltr'><strong>dator</strong></span> <span class='ocrx_word' id='word_1_33' title='bbox 1850 649 2150 704; x_wconf 71' lang='lat' dir='ltr'><strong>Academiae</strong></span> <span class='ocrx_word' id='word_1_34' title='bbox 2195 675 2205 705; x_wconf 86' lang='lat'>;</span> <span class='ocrx_word' id='word_1_35' title='bbox 2255 654 2345 720; x_wconf 89' lang='lat' dir='ltr'><strong>qui</strong></span> <span class='ocrx_word' id='word_1_36' title='bbox 2387 652 2703 708; x_wconf 75' lang='lat' dir='ltr'><strong>Mnesarcho</strong></span> <span class='ocrx_word' id='word_1_37' title='bbox 2747 656 2928 710; x_wconf 81' lang='lat' dir='ltr'><strong>Stoico</strong></span> <span class='ocrx_word' id='word_1_38' title='bbox 2979 672 3195 726; x_wconf 79' lang='lat' dir='ltr'><strong>cperant</strong></span> 
     </span>
    </p>
   </div>
   <div class='ocr_carea' id='block_1_7' title="bbox 26 736 1609 812">
    <p class='ocr_par' dir='ltr' id='par_1_7' title="bbox 26 736 1551 806">
     <span class='ocr_line' id='line_1_7' title="bbox 26 736 1551 806; baseline -0.001 -13"><span class='ocrx_word' id='word_1_39' title='bbox 26 744 45 793; x_wconf 71' lang='grc' dir='ltr'><strong><em>Γ</em></strong></span> <span class='ocrx_word' id='word_1_40' title='bbox 77 736 190 801; x_wconf 84' lang='grc' dir='ltr'>οὖν,</span> <span class='ocrx_word' id='word_1_41' title='bbox 211 739 426 794; x_wconf 77' lang='grc' dir='ltr'>ἀνωθεν</span> <span class='ocrx_word' id='word_1_42' title='bbox 449 740 539 792; x_wconf 80' lang='grc' dir='ltr'>τὸν</span> <span class='ocrx_word' id='word_1_43' title='bbox 561 740 715 806; x_wconf 84' lang='grc' dir='ltr'>λόγον</span> <span class='ocrx_word' id='word_1_44' title='bbox 740 738 1118 803; x_wconf 87' lang='grc' dir='ltr'>ἀναλαϐόντας,</span> <span class='ocrx_word' id='word_1_45' title='bbox 1162 738 1275 793; x_wconf 87' lang='grc' dir='ltr'>τῶν</span> <span class='ocrx_word' id='word_1_46' title='bbox 1305 739 1551 792; x_wconf 61' lang='grc' dir='ltr'>Φυσικῶν</span> 
     </span>
    </p>
   </div>
   <div class='ocr_carea' id='block_1_8' title="bbox 1611 736 3194 812">
    <p class='ocr_par' dir='ltr' id='par_1_8' title="bbox 1657 740 3194 812">
     <span class='ocr_line' id='line_1_8' title="bbox 1657 740 3194 812; baseline 0.007 -20"><span class='ocrx_word' id='word_1_47' title='bbox 1657 754 1781 793; x_wconf 89' lang='lat' dir='ltr'><strong>cum</strong></span> <span class='ocrx_word' id='word_1_48' title='bbox 1820 740 2095 803; x_wconf 77' lang='lat' dir='ltr'><strong>dedisset,</strong></span> <span class='ocrx_word' id='word_1_49' title='bbox 2147 751 2201 794; x_wconf 90' lang='lat' dir='ltr'><strong>et</strong></span> <span class='ocrx_word' id='word_1_50' title='bbox 2248 758 2277 795; x_wconf 93' lang='lat' dir='ltr'><strong>a</strong></span> <span class='ocrx_word' id='word_1_51' title='bbox 2331 744 2591 812; x_wconf 80' lang='lat' dir='ltr'><strong>magistro</strong></span> <span class='ocrx_word' id='word_1_52' title='bbox 2640 744 2863 799; x_wconf 78' lang='lat' dir='ltr'><strong>Philone</strong></span> <span class='ocrx_word' id='word_1_53' title='bbox 2914 746 3194 811; x_wconf 83' lang='lat' dir='ltr'><strong>dissensit,</strong></span> 
     </span>
    </p>
   </div>
   <div class='ocr_carea' id='block_1_9' title="bbox 26 827 1609 901">
    <p class='ocr_par' dir='ltr' id='par_1_9' title="bbox 26 830 1551 901">
     <span class='ocr_line' id='line_1_9' title="bbox 26 830 1551 901; baseline 0.001 -19"><span class='ocrx_word' id='word_1_54' title='bbox 26 832 308 901; x_wconf 79' lang='grc' dir='ltr'>&gt;ιλοσόφων</span> <span class='ocrx_word' id='word_1_55' title='bbox 335 831 433 895; x_wconf 76' lang='grc' dir='ltr'><strong>τὰς</strong></span> <span class='ocrx_word' id='word_1_56' title='bbox 458 832 796 900; x_wconf 78' lang='grc' dir='ltr'>ψευδοδοξίας</span> <span class='ocrx_word' id='word_1_57' title='bbox 822 832 955 901; x_wconf 82' lang='grc' dir='ltr'>ὁμοῦ</span> <span class='ocrx_word' id='word_1_58' title='bbox 982 833 1075 885; x_wconf 82' lang='grc' dir='ltr'>καὶ</span> <span class='ocrx_word' id='word_1_59' title='bbox 1111 830 1405 895; x_wconf 80' lang='grc' dir='ltr'>ἀντιδοξίας</span> <span class='ocrx_word' id='word_1_60' title='bbox 1432 833 1551 883; x_wconf 80' lang='grc' dir='ltr'>ἐπι-</span> 
     </span>
    </p>
   </div>
   <div class='ocr_carea' id='block_1_10' title="bbox 1613 827 3196 901">
    <p class='ocr_par' dir='ltr' id='par_1_10' title="bbox 1654 827 3196 899">
     <span class='ocr_line' id='line_1_10' title="bbox 1654 827 3196 899; baseline 0.008 -18"><span class='ocrx_word' id='word_1_61' title='bbox 1654 835 1715 881; x_wconf 89' lang='lat' dir='ltr'><strong>et</strong></span> <span class='ocrx_word' id='word_1_62' title='bbox 1766 827 1941 881; x_wconf 85' lang='lat' dir='ltr'><strong>aliena</strong></span> <span class='ocrx_word' id='word_1_63' title='bbox 2002 831 2390 899; x_wconf 76' lang='lat' dir='ltr'><strong>peregrinaque</strong></span> <span class='ocrx_word' id='word_1_64' title='bbox 2460 846 2710 887; x_wconf 80' lang='lat' dir='ltr'><strong>sexcenta</strong></span> <span class='ocrx_word' id='word_1_65' title='bbox 2764 834 3063 891; x_wconf 79' lang='lat' dir='ltr'><strong>Academia:</strong></span> <span class='ocrx_word' id='word_1_66' title='bbox 3122 849 3196 893; x_wconf 89' lang='lat' dir='ltr'><strong>at-</strong></span> 
     </span>
    </p>
   </div>
   <div class='ocr_carea' id='block_1_11' title="bbox 26 915 1609 993">
    <p class='ocr_par' dir='ltr' id='par_1_11' title="bbox 26 920 1552 993">
     <span class='ocr_line' id='line_1_11' title="bbox 26 920 1552 993; baseline 0 -19"><span class='ocrx_word' id='word_1_67' title='bbox 26 921 329 989; x_wconf 67' lang='grc' dir='ltr'>πκέψασθαι·</span> <span class='ocrx_word' id='word_1_68' title='bbox 357 922 407 973; x_wconf 83' lang='grc' dir='ltr'><strong>οῖ</strong></span> <span class='ocrx_word' id='word_1_69' title='bbox 425 922 521 991; x_wconf 79' lang='grc' dir='ltr'>τὴν</span> <span class='ocrx_word' id='word_1_70' title='bbox 553 920 749 989; x_wconf 78' lang='grc' dir='ltr'>πολλὴν</span> <span class='ocrx_word' id='word_1_71' title='bbox 775 921 876 989; x_wconf 87' lang='grc' dir='ltr'><strong>γῆν</strong></span> <span class='ocrx_word' id='word_1_72' title='bbox 917 920 1290 990; x_wconf 79' lang='grc' dir='ltr'><strong>πλανηθέντες,</strong></span> <span class='ocrx_word' id='word_1_73' title='bbox 1341 923 1435 973; x_wconf 82' lang='grc' dir='ltr'><strong>καὶ</strong></span> <span class='ocrx_word' id='word_1_74' title='bbox 1456 922 1552 993; x_wconf 79' lang='grc' dir='ltr'>τὴν</span> 
     </span>
    </p>
   </div>
   <div class='ocr_carea' id='block_1_12' title="bbox 1611 915 3194 993">
    <p class='ocr_par' dir='ltr' id='par_1_12' title="bbox 1656 915 3194 991">
     <span class='ocr_line' id='line_1_12' title="bbox 1656 915 3194 991; baseline 0.008 -21"><span class='ocrx_word' id='word_1_75' title='bbox 1656 918 1842 970; x_wconf 79' lang='lat' dir='ltr'><strong>texuit.</strong></span> <span class='ocrx_word' id='word_1_76' title='bbox 1880 934 1899 966; x_wconf 70' lang='grc' dir='ltr'><strong>ι</strong></span> <span class='ocrx_word' id='word_1_77' title='bbox 1950 915 2075 971; x_wconf 56' lang='lat' dir='ltr'><strong>Haec</strong></span> <span class='ocrx_word' id='word_1_78' title='bbox 2117 918 2331 987; x_wconf 85' lang='lat' dir='ltr'><strong>aliaque</strong></span> <span class='ocrx_word' id='word_1_79' title='bbox 2387 920 2437 973; x_wconf 87' lang='lat' dir='ltr'><strong>id</strong></span> <span class='ocrx_word' id='word_1_80' title='bbox 2485 936 2657 991; x_wconf 89' lang='lat' dir='ltr'><strong>genus</strong></span> <span class='ocrx_word' id='word_1_81' title='bbox 2699 923 2905 978; x_wconf 86' lang='lat' dir='ltr'><strong>intinita</strong></span> <span class='ocrx_word' id='word_1_82' title='bbox 2960 924 3027 978; x_wconf 87' lang='lat' dir='ltr'><strong>de</strong></span> <span class='ocrx_word' id='word_1_83' title='bbox 3077 926 3194 982; x_wconf 83' lang='lat' dir='ltr'><strong>Pla-</strong></span> 
     </span>
    </p>
   </div>
   <div class='ocr_carea' id='block_1_13' title="bbox 26 1008 1609 1086">
    <p class='ocr_par' dir='ltr' id='par_1_13' title="bbox 26 1010 1550 1082">
     <span class='ocr_line' id='line_1_13' title="bbox 26 1010 1550 1082; baseline 0.003 -21"><span class='ocrx_word' id='word_1_84' title='bbox 26 1011 88 1061; x_wconf 46' lang='grc' dir='ltr'><strong>κοῦ</strong></span> <span class='ocrx_word' id='word_1_85' title='bbox 137 1010 381 1082; x_wconf 77' lang='grc' dir='ltr'><strong>ἀληθοῦς</strong></span> <span class='ocrx_word' id='word_1_86' title='bbox 436 1010 648 1080; x_wconf 81' lang='grc' dir='ltr'><strong>εὕρεσιν</strong></span> <span class='ocrx_word' id='word_1_87' title='bbox 694 1010 821 1080; x_wconf 74' lang='grc' dir='ltr'>περὶ</span> <span class='ocrx_word' id='word_1_88' title='bbox 872 1010 1119 1063; x_wconf 76' lang='grc' dir='ltr'><strong>πλείστου</strong></span> <span class='ocrx_word' id='word_1_89' title='bbox 1169 1012 1550 1081; x_wconf 82' lang='grc' dir='ltr'>πεποιημένοι,</span> 
     </span>
    </p>
   </div>
   <div class='ocr_carea' id='block_1_14' title="bbox 1607 1008 3190 1086">
    <p class='ocr_par' dir='ltr' id='par_1_14' title="bbox 1654 1008 3190 1086">
     <span class='ocr_line' id='line_1_14' title="bbox 1654 1008 3190 1086; baseline 0.011 -26"><span class='ocrx_word' id='word_1_90' title='bbox 1654 1008 1794 1063; x_wconf 86' lang='lat' dir='ltr'><strong>tonis</strong></span> <span class='ocrx_word' id='word_1_91' title='bbox 1818 1009 2162 1063; x_wconf 77' lang='lat' dir='ltr'><strong>successione</strong></span> <span class='ocrx_word' id='word_1_92' title='bbox 2188 1011 2491 1065; x_wconf 87' lang='lat' dir='ltr'><strong>traduntur.</strong></span> <span class='ocrx_word' id='word_1_93' title='bbox 2520 1010 2675 1069; x_wconf 79' lang='lat' dir='ltr'><strong>Nunc</strong></span> <span class='ocrx_word' id='word_1_94' title='bbox 2699 1016 2863 1086; x_wconf 89' lang='lat' dir='ltr'><strong>igitur</strong></span> <span class='ocrx_word' id='word_1_95' title='bbox 2888 1020 3047 1075; x_wconf 81' lang='lat' dir='ltr'><strong>altius</strong></span> <span class='ocrx_word' id='word_1_96' title='bbox 3070 1037 3190 1076; x_wconf 87' lang='lat' dir='ltr'><strong>ora-</strong></span> 
     </span>
    </p>
   </div>
   <div class='ocr_carea' id='block_1_15' title="bbox 26 1097 1609 1176">
    <p class='ocr_par' dir='ltr' id='par_1_15' title="bbox 26 1099 1550 1173">
     <span class='ocr_line' id='line_1_15' title="bbox 26 1099 1550 1173; baseline 0.003 -23"><span class='ocrx_word' id='word_1_97' title='bbox 26 1105 114 1160; x_wconf 72' lang='grc' dir='ltr'>ταῖς</span> <span class='ocrx_word' id='word_1_98' title='bbox 132 1117 194 1151; x_wconf 85' lang='grc' dir='ltr'>τε</span> <span class='ocrx_word' id='word_1_99' title='bbox 223 1100 341 1153; x_wconf 82' lang='grc' dir='ltr'>τῶν</span> <span class='ocrx_word' id='word_1_100' title='bbox 368 1100 604 1152; x_wconf 83' lang='grc' dir='ltr'>παλαιῶν</span> <span class='ocrx_word' id='word_1_101' title='bbox 634 1102 879 1154; x_wconf 85' lang='grc' dir='ltr'>ἀπάντων</span> <span class='ocrx_word' id='word_1_102' title='bbox 895 1099 1068 1163; x_wconf 82' lang='grc' dir='ltr'>δόξαις</span> <span class='ocrx_word' id='word_1_103' title='bbox 1096 1101 1550 1173; x_wconf 78' lang='grc' dir='ltr'>καθωμιληκότες,</span> 
     </span>
    </p>
   </div>
   <div class='ocr_carea' id='block_1_16' title="bbox 1613 1097 3196 1176">
    <p class='ocr_par' dir='ltr' id='par_1_16' title="bbox 1653 1097 3196 1176">
     <span class='ocr_line' id='line_1_16' title="bbox 1653 1097 3196 1176; baseline 0.012 -29"><span class='ocrx_word' id='word_1_104' title='bbox 1653 1098 1798 1151; x_wconf 90' lang='lat' dir='ltr'><strong>tione</strong></span> <span class='ocrx_word' id='word_1_105' title='bbox 1835 1097 2078 1166; x_wconf 90' lang='lat' dir='ltr'><strong>repetita,</strong></span> <span class='ocrx_word' id='word_1_106' title='bbox 2122 1101 2466 1169; x_wconf 85' lang='lat' dir='ltr'><strong>physicorum</strong></span> <span class='ocrx_word' id='word_1_107' title='bbox 2510 1102 2735 1158; x_wconf 85' lang='lat' dir='ltr'><strong>istorum</strong></span> <span class='ocrx_word' id='word_1_108' title='bbox 2777 1109 2971 1176; x_wconf 86' lang='lat' dir='ltr'><strong>partim</strong></span> <span class='ocrx_word' id='word_1_109' title='bbox 3007 1109 3196 1172; x_wconf 78' lang='lat' dir='ltr'><strong>falsas,</strong></span> 
     </span>
    </p>
   </div>
   <div class='ocr_carea' id='block_1_17' title="bbox 26 1188 1609 1267">
    <p class='ocr_par' dir='ltr' id='par_1_17' title="bbox 26 1190 1550 1267">
     <span class='ocr_line' id='line_1_17' title="bbox 26 1190 1550 1267; baseline 0.001 -25"><span class='ocrx_word' id='word_1_110' title='bbox 26 1192 91 1267; x_wconf 62' lang='grc' dir='ltr'><strong>ιαὶ</strong></span> <span class='ocrx_word' id='word_1_111' title='bbox 104 1190 371 1261; x_wconf 73' lang='grc' dir='ltr'>τάκριϐὲς</span> <span class='ocrx_word' id='word_1_112' title='bbox 399 1194 495 1260; x_wconf 85' lang='grc' dir='ltr'><strong>τῆς</strong></span> <span class='ocrx_word' id='word_1_113' title='bbox 516 1191 664 1259; x_wconf 83' lang='grc' dir='ltr'><strong>παρά</strong></span> <span class='ocrx_word' id='word_1_114' title='bbox 686 1190 1020 1254; x_wconf 60' lang='grc' dir='ltr'>πᾶσιῡοίνιξί</span> <span class='ocrx_word' id='word_1_115' title='bbox 1034 1208 1091 1242; x_wconf 91' lang='grc' dir='ltr'><strong>τε</strong></span> <span class='ocrx_word' id='word_1_116' title='bbox 1110 1192 1203 1243; x_wconf 73' lang='grc' dir='ltr'>καὶ</span> <span class='ocrx_word' id='word_1_117' title='bbox 1224 1193 1550 1258; x_wconf 76' lang='grc' dir='ltr'><strong>Αἰγυπτίοις,</strong></span> 
     </span>
    </p>
   </div>
   <div class='ocr_carea' id='block_1_18' title="bbox 1612 1188 3195 1267">
    <p class='ocr_par' dir='ltr' id='par_1_18' title="bbox 1654 1188 3195 1267">
     <span class='ocr_line' id='line_1_18' title="bbox 1654 1188 3195 1267; baseline 0.01 -27"><span class='ocrx_word' id='word_1_118' title='bbox 1654 1188 1845 1254; x_wconf 83' lang='lat' dir='ltr'><strong>partim</strong></span> <span class='ocrx_word' id='word_1_119' title='bbox 1874 1190 2178 1243; x_wconf 84' lang='lat' dir='ltr'><strong>contrarias</strong></span> <span class='ocrx_word' id='word_1_120' title='bbox 2206 1201 2615 1262; x_wconf 78' lang='lat' dir='ltr'><strong>pugnantesque</strong></span> <span class='ocrx_word' id='word_1_121' title='bbox 2657 1199 2951 1253; x_wconf 76' lang='lat' dir='ltr'><strong>sententias</strong></span> <span class='ocrx_word' id='word_1_122' title='bbox 2978 1202 3195 1267; x_wconf 73' lang='lat' dir='ltr'><strong>diligent-</strong></span> 
     </span>
    </p>
   </div>
   <div class='ocr_carea' id='block_1_19' title="bbox 26 1254 1609 1359">
    <p class='ocr_par' dir='ltr' id='par_1_19' title="bbox 26 1254 1553 1349">
     <span class='ocr_line' id='line_1_19' title="bbox 26 1254 1553 1349; baseline -0.001 -18"><span class='ocrx_word' id='word_1_123' title='bbox 26 1254 177 1341; x_wconf 65' lang='grc' dir='ltr'>ιδτοῖς</span> <span class='ocrx_word' id='word_1_124' title='bbox 212 1254 281 1330; x_wconf 67' lang='grc' dir='ltr'><strong>τε</strong></span> <span class='ocrx_word' id='word_1_125' title='bbox 307 1254 532 1349; x_wconf 81' lang='grc' dir='ltr'>Ἕλλησι</span> <span class='ocrx_word' id='word_1_126' title='bbox 572 1254 703 1330; x_wconf 81' lang='grc' dir='ltr'>πολὺ</span> <span class='ocrx_word' id='word_1_127' title='bbox 753 1278 1013 1347; x_wconf 89' lang='grc' dir='ltr'>πρότερον</span> <span class='ocrx_word' id='word_1_128' title='bbox 1037 1254 1313 1343; x_wconf 76' lang='grc' dir='ltr'>θεολογίας</span> <span class='ocrx_word' id='word_1_129' title='bbox 1339 1254 1553 1347; x_wconf 80' lang='grc' dir='ltr'>ἐξηκρι-</span> 
     </span>
    </p>
   </div>
   <div class='ocr_carea' id='block_1_20' title="bbox 1609 1254 3192 1359">
    <p class='ocr_par' dir='ltr' id='par_1_20' title="bbox 1654 1254 3192 1359">
     <span class='ocr_line' id='line_1_20' title="bbox 1654 1254 3192 1359; baseline 0.012 -31"><span class='ocrx_word' id='word_1_130' title='bbox 1654 1276 1763 1331; x_wconf 89' lang='lat' dir='ltr'><strong>tius</strong></span> <span class='ocrx_word' id='word_1_131' title='bbox 1791 1288 2041 1334; x_wconf 84' lang='lat' dir='ltr'><strong>excutere</strong></span> <span class='ocrx_word' id='word_1_132' title='bbox 2057 1254 2256 1350; x_wconf 73' lang='lat' dir='ltr'><strong>iuverit</strong></span> <span class='ocrx_word' id='word_1_133' title='bbox 2278 1254 2547 1353; x_wconf 91' lang='lat' dir='ltr'><strong>cumque</strong></span> <span class='ocrx_word' id='word_1_134' title='bbox 2568 1294 2775 1341; x_wconf 90' lang='lat' dir='ltr'><strong>tantum</strong></span> <span class='ocrx_word' id='word_1_135' title='bbox 2804 1289 2903 1359; x_wconf 83' lang='lat' dir='ltr'><strong>ipsi</strong></span> <span class='ocrx_word' id='word_1_136' title='bbox 2934 1254 3192 1347; x_wconf 61' lang='lat' dir='ltr'><strong>terrarum</strong></span> 
     </span>
    </p>
   </div>
   <div class='ocr_carea' id='block_1_21' title="bbox 26 1364 1609 1449">
    <p class='ocr_par' dir='ltr' id='par_1_21' title="bbox 26 1364 1551 1439">
     <span class='ocr_line' id='line_1_21' title="bbox 26 1364 1551 1439; baseline 0.001 -19"><span class='ocrx_word' id='word_1_137' title='bbox 26 1368 256 1431; x_wconf 75' lang='grc' dir='ltr'>Ξωκότες,</span> <span class='ocrx_word' id='word_1_138' title='bbox 294 1369 418 1420; x_wconf 85' lang='grc' dir='ltr'>τίνα</span> <span class='ocrx_word' id='word_1_139' title='bbox 441 1368 549 1419; x_wconf 82' lang='grc' dir='ltr'><strong>τῶν</strong></span> <span class='ocrx_word' id='word_1_140' title='bbox 575 1368 747 1419; x_wconf 73' lang='grc' dir='ltr'>πόνων</span> <span class='ocrx_word' id='word_1_141' title='bbox 792 1364 883 1419; x_wconf 81' lang='grc' dir='ltr'><strong>τὸν</strong></span> <span class='ocrx_word' id='word_1_142' title='bbox 915 1367 1123 1436; x_wconf 73' lang='grc' dir='ltr'>καρπὸν</span> <span class='ocrx_word' id='word_1_143' title='bbox 1156 1366 1393 1436; x_wconf 82' lang='grc' dir='ltr'>εὕροντο,</span> <span class='ocrx_word' id='word_1_144' title='bbox 1425 1369 1551 1439; x_wconf 81' lang='grc' dir='ltr'>παρ’</span> 
     </span>
    </p>
   </div>
   <div class='ocr_carea' id='block_1_22' title="bbox 1611 1364 3194 1449">
    <p class='ocr_par' dir='ltr' id='par_1_22' title="bbox 1652 1370 3194 1449">
     <span class='ocr_line' id='line_1_22' title="bbox 1652 1370 3194 1449; baseline 0.013 -30"><span class='ocrx_word' id='word_1_145' title='bbox 1652 1370 1903 1437; x_wconf 90' lang='lat' dir='ltr'><strong>obierint,</strong></span> <span class='ocrx_word' id='word_1_146' title='bbox 1957 1378 2109 1425; x_wconf 88' lang='lat' dir='ltr'><strong>tanto</strong></span> <span class='ocrx_word' id='word_1_147' title='bbox 2147 1374 2380 1428; x_wconf 87' lang='lat' dir='ltr'><strong>arserint</strong></span> <span class='ocrx_word' id='word_1_148' title='bbox 2432 1374 2786 1446; x_wconf 74' lang='lat' dir='ltr'><strong>investigandi</strong></span> <span class='ocrx_word' id='word_1_149' title='bbox 2836 1382 2946 1435; x_wconf 90' lang='lat' dir='ltr'><strong>veri</strong></span> <span class='ocrx_word' id='word_1_150' title='bbox 2992 1384 3194 1449; x_wconf 84' lang='lat' dir='ltr'><strong>studio,</strong></span> 
     </span>
    </p>
   </div>
   <div class='ocr_carea' id='block_1_23' title="bbox 26 1457 1609 1542">
    <p class='ocr_par' dir='ltr' id='par_1_23' title="bbox 26 1457 1554 1529">
     <span class='ocr_line' id='line_1_23' title="bbox 26 1457 1554 1529; baseline 0 -18"><span class='ocrx_word' id='word_1_151' title='bbox 26 1458 173 1511; x_wconf 79' lang='grc' dir='ltr'><strong>ιὺτῶν</strong></span> <span class='ocrx_word' id='word_1_152' title='bbox 205 1457 363 1525; x_wconf 70' lang='grc' dir='ltr'>ἀξιον</span> <span class='ocrx_word' id='word_1_153' title='bbox 391 1457 639 1524; x_wconf 80' lang='grc' dir='ltr'>ἀκοῦσαι,</span> <span class='ocrx_word' id='word_1_154' title='bbox 675 1459 749 1520; x_wconf 82' lang='grc' dir='ltr'>ὡς</span> <span class='ocrx_word' id='word_1_155' title='bbox 777 1458 839 1512; x_wconf 62' lang='grc' dir='ltr'><strong>ἃ»</strong></span> <span class='ocrx_word' id='word_1_156' title='bbox 870 1458 1128 1529; x_wconf 72' lang='grc' dir='ltr'><strong>μάθοιμεν</strong></span> <span class='ocrx_word' id='word_1_157' title='bbox 1180 1459 1309 1511; x_wconf 80' lang='grc' dir='ltr'>εἴτι</span> <span class='ocrx_word' id='word_1_158' title='bbox 1334 1457 1554 1529; x_wconf 86' lang='grc' dir='ltr'>θεοπρε-</span> 
     </span>
    </p>
   </div>
   <div class='ocr_carea' id='block_1_24' title="bbox 1615 1457 3198 1542">
    <p class='ocr_par' dir='ltr' id='par_1_24' title="bbox 1654 1461 3198 1542">
     <span class='ocr_line' id='line_1_24' title="bbox 1654 1461 3198 1542; baseline 0.012 -29"><span class='ocrx_word' id='word_1_159' title='bbox 1654 1470 1799 1513; x_wconf 86' lang='lat' dir='ltr'><strong>tanta</strong></span> <span class='ocrx_word' id='word_1_160' title='bbox 1827 1461 1881 1515; x_wconf 92' lang='lat' dir='ltr'><strong>in</strong></span> <span class='ocrx_word' id='word_1_161' title='bbox 1909 1462 2271 1531; x_wconf 85' lang='lat' dir='ltr'><strong>expendendis</strong></span> <span class='ocrx_word' id='word_1_162' title='bbox 2298 1476 2537 1523; x_wconf 81' lang='lat' dir='ltr'><strong>veterum</strong></span> <span class='ocrx_word' id='word_1_163' title='bbox 2581 1472 2821 1525; x_wconf 87' lang='lat' dir='ltr'><strong>omnium</strong></span> <span class='ocrx_word' id='word_1_164' title='bbox 2854 1474 3198 1542; x_wconf 80' lang='lat' dir='ltr'><strong>opinionibus</strong></span> 
     </span>
    </p>
   </div>
   <div class='ocr_carea' id='block_1_25' title="bbox 26 1547 1609 1630">
    <p class='ocr_par' dir='ltr' id='par_1_25' title="bbox 26 1547 1550 1619">
     <span class='ocr_line' id='line_1_25' title="bbox 26 1547 1550 1619; baseline 0 -20"><span class='ocrx_word' id='word_1_165' title='bbox 26 1550 97 1609; x_wconf 79' lang='grc' dir='ltr'>τὲς</span> <span class='ocrx_word' id='word_1_166' title='bbox 122 1548 200 1610; x_wconf 87' lang='grc' dir='ltr'>εἰς</span> <span class='ocrx_word' id='word_1_167' title='bbox 246 1548 450 1611; x_wconf 78' lang='grc' dir='ltr'>αὐτοὺς</span> <span class='ocrx_word' id='word_1_168' title='bbox 503 1549 651 1618; x_wconf 75' lang='grc' dir='ltr'>παρὰ</span> <span class='ocrx_word' id='word_1_169' title='bbox 700 1547 807 1600; x_wconf 83' lang='grc' dir='ltr'>τῶν</span> <span class='ocrx_word' id='word_1_170' title='bbox 860 1548 1239 1619; x_wconf 78' lang='grc' dir='ltr'>πρεσϐυτέρων</span> <span class='ocrx_word' id='word_1_171' title='bbox 1267 1548 1550 1618; x_wconf 82' lang='grc' dir='ltr'>κατῆλθεν.</span> 
     </span>
    </p>
   </div>
   <div class='ocr_carea' id='block_1_26' title="bbox 1611 1547 3194 1630">
    <p class='ocr_par' dir='ltr' id='par_1_26' title="bbox 1654 1552 3194 1630">
     <span class='ocr_line' id='line_1_26' title="bbox 1654 1552 3194 1630; baseline 0.014 -27"><span class='ocrx_word' id='word_1_172' title='bbox 1654 1552 1969 1607; x_wconf 83' lang='lat' dir='ltr'><strong>assiduitate</strong></span> <span class='ocrx_word' id='word_1_173' title='bbox 1999 1556 2198 1609; x_wconf 79' lang='lat' dir='ltr'><strong>versati</strong></span> <span class='ocrx_word' id='word_1_174' title='bbox 2226 1555 2354 1621; x_wconf 89' lang='lat' dir='ltr'><strong>sint,</strong></span> <span class='ocrx_word' id='word_1_175' title='bbox 2389 1558 2622 1630; x_wconf 88' lang='lat' dir='ltr'><strong>denique</strong></span> <span class='ocrx_word' id='word_1_176' title='bbox 2652 1571 2800 1618; x_wconf 87' lang='lat' dir='ltr'><strong>tanto</strong></span> <span class='ocrx_word' id='word_1_177' title='bbox 2838 1576 2963 1621; x_wconf 84' lang='lat' dir='ltr'><strong>ante</strong></span> <span class='ocrx_word' id='word_1_178' title='bbox 3007 1564 3194 1623; x_wconf 90' lang='lat' dir='ltr'><strong>&#39;recon-</strong></span> 
     </span>
    </p>
   </div>
   <div class='ocr_carea' id='block_1_27' title="bbox 26 1636 1609 1731">
    <p class='ocr_par' dir='ltr' id='par_1_27' title="bbox 26 1636 1553 1709">
     <span class='ocr_line' id='line_1_27' title="bbox 26 1636 1553 1709; baseline -0.001 -18"><span class='ocrx_word' id='word_1_179' title='bbox 26 1637 262 1707; x_wconf 79' lang='grc' dir='ltr'>Ἐκράτει</span> <span class='ocrx_word' id='word_1_180' title='bbox 292 1637 395 1708; x_wconf 80' lang='grc' dir='ltr'>μὲν</span> <span class='ocrx_word' id='word_1_181' title='bbox 416 1639 521 1708; x_wconf 82' lang='grc' dir='ltr'><strong>γὰρ</strong></span> <span class='ocrx_word' id='word_1_182' title='bbox 550 1637 807 1709; x_wconf 84' lang='grc' dir='ltr'>πρότερον</span> <span class='ocrx_word' id='word_1_183' title='bbox 835 1638 897 1689; x_wconf 81' lang='grc' dir='ltr'><strong>ἐκ</strong></span> <span class='ocrx_word' id='word_1_184' title='bbox 940 1636 1165 1689; x_wconf 85' lang='grc' dir='ltr'>παλαιοῦ</span> <span class='ocrx_word' id='word_1_185' title='bbox 1194 1636 1381 1700; x_wconf 85' lang='grc' dir='ltr'>αίῶνος</span> <span class='ocrx_word' id='word_1_186' title='bbox 1405 1638 1553 1709; x_wconf 86' lang='grc' dir='ltr'><strong>παρά</strong></span> 
     </span>
    </p>
   </div>
   <div class='ocr_carea' id='block_1_28' title="bbox 1615 1636 3198 1731">
    <p class='ocr_par' dir='ltr' id='par_1_28' title="bbox 1652 1640 3198 1731">
     <span class='ocr_line' id='line_1_28' title="bbox 1652 1640 3198 1731; baseline 0.013 -38"><span class='ocrx_word' id='word_1_187' title='bbox 1652 1640 1763 1694; x_wconf 89' lang='lat' dir='ltr'><strong>dita</strong></span> <span class='ocrx_word' id='word_1_188' title='bbox 1786 1658 2016 1712; x_wconf 62' lang='lat' dir='ltr'><strong>quaeque</strong></span> <span class='ocrx_word' id='word_1_189' title='bbox 2046 1647 2289 1700; x_wconf 91' lang='lat' dir='ltr'><strong>omnium</strong></span> <span class='ocrx_word' id='word_1_190' title='bbox 2314 1649 2393 1703; x_wconf 88' lang='lat' dir='ltr'><strong>vel</strong></span> <span class='ocrx_word' id='word_1_191' title='bbox 2417 1648 2731 1707; x_wconf 71' lang='lat' dir='ltr'><strong>thnicum</strong></span> <span class='ocrx_word' id='word_1_192' title='bbox 2752 1695 2767 1718; x_wconf 96' lang='lat'><strong>,</strong></span> <span class='ocrx_word' id='word_1_193' title='bbox 2820 1657 2899 1710; x_wconf 86' lang='lat' dir='ltr'><strong>vel</strong></span> <span class='ocrx_word' id='word_1_194' title='bbox 2926 1657 3198 1731; x_wconf 65' lang='lat' dir='ltr'><strong>Egyptio—</strong></span> 
     </span>
    </p>
   </div>
   <div class='ocr_carea' id='block_1_29' title="bbox 26 1726 1609 1824">
    <p class='ocr_par' dir='ltr' id='par_1_29' title="bbox 26 1726 1555 1799">
     <span class='ocr_line' id='line_1_29' title="bbox 26 1726 1555 1799; baseline 0.001 -19"><span class='ocrx_word' id='word_1_195' title='bbox 26 1732 108 1791; x_wconf 74' lang='grc' dir='ltr'>ιοίς</span> <span class='ocrx_word' id='word_1_196' title='bbox 133 1727 348 1785; x_wconf 76' lang='grc' dir='ltr'><strong>ἔθνεσιν</strong></span> <span class='ocrx_word' id='word_1_197' title='bbox 393 1731 427 1799; x_wconf 78' lang='grc' dir='ltr'>ἡ</span> <span class='ocrx_word' id='word_1_198' title='bbox 482 1728 734 1791; x_wconf 81' lang='grc' dir='ltr'>πολύθεος</span> <span class='ocrx_word' id='word_1_199' title='bbox 761 1727 1163 1797; x_wconf 77' lang='grc' dir='ltr'><strong>δεισιδαιμονία,</strong></span> <span class='ocrx_word' id='word_1_200' title='bbox 1209 1726 1312 1797; x_wconf 83' lang='grc' dir='ltr'>νεῴ</span> <span class='ocrx_word' id='word_1_201' title='bbox 1362 1746 1418 1781; x_wconf 92' lang='grc' dir='ltr'><strong>τε</strong></span> <span class='ocrx_word' id='word_1_202' title='bbox 1462 1730 1555 1781; x_wconf 80' lang='grc' dir='ltr'><strong>καὶ</strong></span> 
     </span>
    </p>
   </div>
   <div class='ocr_carea' id='block_1_30' title="bbox 1612 1726 3195 1824">
    <p class='ocr_par' dir='ltr' id='par_1_30' title="bbox 1652 1726 3195 1824">
     <span class='ocr_line' id='line_1_30' title="bbox 1652 1726 3195 1824; baseline 0.016 -41"><span class='ocrx_word' id='word_1_203' title='bbox 1652 1747 1795 1824; x_wconf 81' lang='lat' dir='ltr'><strong>rum,</strong></span> <span class='ocrx_word' id='word_1_204' title='bbox 1822 1734 1984 1805; x_wconf 59' lang='lat'><strong>7&amp;0</strong></span> <span class='ocrx_word' id='word_1_205' title='bbox 2014 1737 2096 1790; x_wconf 86' lang='lat' dir='ltr'><strong>vel</strong></span> <span class='ocrx_word' id='word_1_206' title='bbox 2124 1736 2433 1794; x_wconf 64' lang='lat' dir='ltr'><strong>Graecorum</strong></span> <span class='ocrx_word' id='word_1_207' title='bbox 2480 1742 2721 1812; x_wconf 87' lang='lat' dir='ltr'><strong>ipsorum</strong></span> <span class='ocrx_word' id='word_1_208' title='bbox 2751 1726 3048 1821; x_wconf 39' lang='lat' dir='ltr'><strong>theologia—2&#39;</strong></span> <span class='ocrx_word' id='word_1_209' title='bbox 3066 1726 3195 1824; x_wconf 39' lang='lat' dir='ltr'><strong>‘my-</strong></span> 
     </span>
    </p>
   </div>
   <div class='ocr_carea' id='block_1_31' title="bbox 26 1818 1609 1913">
    <p class='ocr_par' dir='ltr' id='par_1_31' title="bbox 26 1818 1555 1913">
     <span class='ocr_line' id='line_1_31' title="bbox 26 1818 1555 1913; baseline 0.001 -41"><span class='ocrx_word' id='word_1_210' title='bbox 26 1822 277 1891; x_wconf 55' lang='grc' dir='ltr'>μυστήρια</span> <span class='ocrx_word' id='word_1_211' title='bbox 305 1820 431 1891; x_wconf 75' lang='grc' dir='ltr'>ἱερὰ</span> <span class='ocrx_word' id='word_1_212' title='bbox 450 1819 557 1872; x_wconf 83' lang='grc' dir='ltr'>τῶν</span> <span class='ocrx_word' id='word_1_213' title='bbox 577 1819 713 1872; x_wconf 85' lang='grc' dir='ltr'>θεῶν</span> <span class='ocrx_word' id='word_1_214' title='bbox 738 1819 874 1871; x_wconf 79' lang='grc' dir='ltr'><strong>κατά</strong></span> <span class='ocrx_word' id='word_1_215' title='bbox 902 1820 1080 1883; x_wconf 79' lang='grc' dir='ltr'>πόλεις</span> <span class='ocrx_word' id='word_1_216' title='bbox 1106 1820 1196 1871; x_wconf 82' lang='grc' dir='ltr'><strong>καὶ</strong></span> <span class='ocrx_word' id='word_1_217' title='bbox 1219 1818 1398 1913; x_wconf 76' lang='grc' dir='ltr'>χώρας</span> <span class='ocrx_word' id='word_1_218' title='bbox 1432 1836 1555 1873; x_wconf 86' lang='grc' dir='ltr'>συν-</span> 
     </span>
    </p>
   </div>
   <div class='ocr_carea' id='block_1_32' title="bbox 1613 1818 3196 1913">
    <p class='ocr_par' dir='ltr' id='par_1_32' title="bbox 1655 1818 3196 1913">
     <span class='ocr_line' id='line_1_32' title="bbox 1655 1818 3196 1913; baseline 0.015 -38"><span class='ocrx_word' id='word_1_219' title='bbox 1655 1822 1815 1877; x_wconf 89' lang='lat' dir='ltr'><strong>steria</strong></span> <span class='ocrx_word' id='word_1_220' title='bbox 1842 1831 1951 1879; x_wconf 90' lang='lat' dir='ltr'><strong>tam</strong></span> <span class='ocrx_word' id='word_1_221' title='bbox 1990 1837 2241 1883; x_wconf 86' lang='lat' dir='ltr'><strong>accurate</strong></span> <span class='ocrx_word' id='word_1_222' title='bbox 2267 1832 2625 1900; x_wconf 86' lang='lat' dir='ltr'><strong>perviderint;</strong></span> <span class='ocrx_word' id='word_1_223' title='bbox 2656 1852 2839 1892; x_wconf 91' lang='lat' dir='ltr'><strong>verum</strong></span> <span class='ocrx_word' id='word_1_224' title='bbox 2869 1818 3055 1913; x_wconf 76' lang='lat' dir='ltr'><strong>utique</strong></span> <span class='ocrx_word' id='word_1_225' title='bbox 3084 1818 3196 1898; x_wconf 70' lang='lat' dir='ltr'><strong>fue-</strong></span> 
     </span>
    </p>
   </div>
   <div class='ocr_carea' id='block_1_33' title="bbox 26 1905 1609 1988">
    <p class='ocr_par' dir='ltr' id='par_1_33' title="bbox 26 1905 1609 1980">
     <span class='ocr_line' id='line_1_33' title="bbox 26 1905 1609 1980; baseline 0 -19"><span class='ocrx_word' id='word_1_226' title='bbox 26 1911 143 1978; x_wconf 64' lang='grc' dir='ltr'>ῐῖθως</span> <span class='ocrx_word' id='word_1_227' title='bbox 202 1910 363 1980; x_wconf 71' lang='grc' dir='ltr'>παρὰ</span> <span class='ocrx_word' id='word_1_228' title='bbox 391 1911 552 1963; x_wconf 77' lang='grc' dir='ltr'>πᾶσιν</span> <span class='ocrx_word' id='word_1_229' title='bbox 584 1910 953 1978; x_wconf 83' lang='grc' dir='ltr'>ἐφυλάττοντο.</span> <span class='ocrx_word' id='word_1_230' title='bbox 986 1910 1061 1961; x_wconf 81' lang='grc' dir='ltr'><strong>Οὐ</strong></span> <span class='ocrx_word' id='word_1_231' title='bbox 1094 1909 1156 1979; x_wconf 81' lang='grc' dir='ltr'>δὴ</span> <span class='ocrx_word' id='word_1_232' title='bbox 1203 1905 1295 1962; x_wconf 83' lang='grc' dir='ltr'><strong>οὖν</strong></span> <span class='ocrx_word' id='word_1_233' title='bbox 1320 1909 1439 1962; x_wconf 82' lang='grc' dir='ltr'><strong>οὐδὲ</strong></span> <span class='ocrx_word' id='word_1_234' title='bbox 1470 1926 1555 1977; x_wconf 73' lang='grc' dir='ltr'><strong>φι-</strong></span> <span class='ocrx_word' id='word_1_235' title='bbox 1588 1908 1609 1961; x_wconf 79' lang='grc'><strong>1</strong></span> 
     </span>
    </p>
   </div>
   <div class='ocr_carea' id='block_1_34' title="bbox 1616 1905 3199 1988">
    <p class='ocr_par' dir='ltr' id='par_1_34' title="bbox 1616 1905 3199 1988">
     <span class='ocr_line' id='line_1_34' title="bbox 1616 1905 3199 1988; baseline 0.016 -25"><span class='ocrx_word' id='word_1_236' title='bbox 1616 1911 1744 1978; x_wconf 78' lang='lat' dir='ltr'><strong>irit,</strong></span> <span class='ocrx_word' id='word_1_237' title='bbox 1774 1930 1933 1983; x_wconf 86' lang='lat' dir='ltr'><strong>quem</strong></span> <span class='ocrx_word' id='word_1_238' title='bbox 1977 1918 2188 1972; x_wconf 88' lang='lat' dir='ltr'><strong>tandem</strong></span> <span class='ocrx_word' id='word_1_239' title='bbox 2215 1920 2457 1977; x_wconf 88' lang='lat' dir='ltr'><strong>laborum</strong></span> <span class='ocrx_word' id='word_1_240' title='bbox 2492 1939 2713 1979; x_wconf 90' lang='lat' dir='ltr'><strong>suorum</strong></span> <span class='ocrx_word' id='word_1_241' title='bbox 2758 1905 2991 1985; x_wconf 77' lang='lat' dir='ltr'><strong>fructum</strong></span> <span class='ocrx_word' id='word_1_242' title='bbox 3014 1948 3199 1988; x_wconf 84' lang='lat' dir='ltr'><strong>conse-</strong></span> 
     </span>
    </p>
   </div>
   <div class='ocr_carea' id='block_1_35' title="bbox 26 1996 1609 2095">
    <p class='ocr_par' dir='ltr' id='par_1_35' title="bbox 26 1996 1555 2072">
     <span class='ocr_line' id='line_1_35' title="bbox 26 1996 1555 2072; baseline -0.002 -20"><span class='ocrx_word' id='word_1_243' title='bbox 26 2000 252 2068; x_wconf 67' lang='grc' dir='ltr'>λοσοφίας</span> <span class='ocrx_word' id='word_1_244' title='bbox 280 1999 624 2072; x_wconf 75' lang='grc' dir='ltr'><strong>ἀνθρωπίνης</strong></span> <span class='ocrx_word' id='word_1_245' title='bbox 641 1996 708 2069; x_wconf 86' lang='grc' dir='ltr'><strong>ῆν</strong></span> <span class='ocrx_word' id='word_1_246' title='bbox 734 2000 906 2070; x_wconf 87' lang='grc' dir='ltr'>χρεία,</span> <span class='ocrx_word' id='word_1_247' title='bbox 924 2002 972 2051; x_wconf 88' lang='grc' dir='ltr'><strong>εί</strong></span> <span class='ocrx_word' id='word_1_248' title='bbox 996 1999 1059 2069; x_wconf 84' lang='grc' dir='ltr'>δὴ</span> <span class='ocrx_word' id='word_1_249' title='bbox 1084 2000 1151 2051; x_wconf 85' lang='grc' dir='ltr'><strong>τά</strong></span> <span class='ocrx_word' id='word_1_250' title='bbox 1164 2001 1260 2069; x_wconf 84' lang='grc' dir='ltr'><strong>τῆς</strong></span> <span class='ocrx_word' id='word_1_251' title='bbox 1282 1999 1555 2068; x_wconf 77' lang='grc' dir='ltr'>θεοσοφίας</span> 
     </span>
    </p>
   </div>
   <div class='ocr_carea' id='block_1_36' title="bbox 1611 1996 3194 2095">
    <p class='ocr_par' dir='ltr' id='par_1_36' title="bbox 1655 2005 3194 2095">
     <span class='ocr_line' id='line_1_36' title="bbox 1655 2005 3194 2095; baseline 0.017 -40"><span class='ocrx_word' id='word_1_252' title='bbox 1655 2005 1763 2095; x_wconf 86' lang='lat' dir='ltr'><strong>cuti</strong></span> <span class='ocrx_word' id='word_1_253' title='bbox 1782 2005 1911 2071; x_wconf 89' lang='lat' dir='ltr'><strong>sint,</strong></span> <span class='ocrx_word' id='word_1_254' title='bbox 1927 2023 1991 2060; x_wconf 89' lang='lat' dir='ltr'><strong>ex</strong></span> <span class='ocrx_word' id='word_1_255' title='bbox 2010 2008 2123 2069; x_wconf 49' lang='lat' dir='ltr'><strong>illis,</strong></span> <span class='ocrx_word' id='word_1_256' title='bbox 2139 2010 2271 2079; x_wconf 82' lang='lat' dir='ltr'><strong>ipsis</strong></span> <span class='ocrx_word' id='word_1_257' title='bbox 2294 2013 2502 2078; x_wconf 87' lang='lat' dir='ltr'><strong>audire,</strong></span> <span class='ocrx_word' id='word_1_258' title='bbox 2524 2026 2582 2071; x_wconf 91' lang='lat' dir='ltr'><strong>ut</strong></span> <span class='ocrx_word' id='word_1_259' title='bbox 2608 2017 2987 2089; x_wconf 79' lang='lat' dir='ltr'><strong>intelligamus,</strong></span> <span class='ocrx_word' id='word_1_260' title='bbox 3002 2028 3194 2095; x_wconf 83' lang='lat' dir='ltr'><strong>ecquid</strong></span> 
     </span>
    </p>
   </div>
   <div class='ocr_carea' id='block_1_37' title="bbox 26 2086 1609 2185">
    <p class='ocr_par' dir='ltr' id='par_1_37' title="bbox 26 2086 1558 2185">
     <span class='ocr_line' id='line_1_37' title="bbox 26 2086 1558 2185; baseline 0.002 -44"><span class='ocrx_word' id='word_1_261' title='bbox 26 2092 346 2161; x_wconf 76' lang='grc' dir='ltr'><strong>προειλήφει·</strong></span> <span class='ocrx_word' id='word_1_262' title='bbox 376 2092 485 2153; x_wconf 80' lang='grc' dir='ltr'>οὐδ’</span> <span class='ocrx_word' id='word_1_263' title='bbox 502 2086 571 2160; x_wconf 83' lang='grc' dir='ltr'><strong>ῆν</strong></span> <span class='ocrx_word' id='word_1_264' title='bbox 601 2107 682 2152; x_wconf 86' lang='grc' dir='ltr'><strong>τις</strong></span> <span class='ocrx_word' id='word_1_265' title='bbox 710 2090 917 2161; x_wconf 82' lang='grc' dir='ltr'>ἀνάγκη</span> <span class='ocrx_word' id='word_1_266' title='bbox 966 2095 1300 2160; x_wconf 82' lang='grc' dir='ltr'>καινοτομεῖν</span> <span class='ocrx_word' id='word_1_267' title='bbox 1322 2092 1445 2154; x_wconf 80' lang='grc' dir='ltr'>τοὺς</span> <span class='ocrx_word' id='word_1_268' title='bbox 1470 2108 1558 2185; x_wconf 70' lang='grc' dir='ltr'><strong>σο-</strong></span> 
     </span>
    </p>
   </div>
   <div class='ocr_carea' id='block_1_38' title="bbox 1613 2086 3196 2185">
    <p class='ocr_par' dir='ltr' id='par_1_38' title="bbox 1655 2086 3196 2185">
     <span class='ocr_line' id='line_1_38' title="bbox 1655 2086 3196 2185; baseline 0.016 -38"><span class='ocrx_word' id='word_1_269' title='bbox 1655 2094 1837 2148; x_wconf 88' lang='lat' dir='ltr'><strong>divina</strong></span> <span class='ocrx_word' id='word_1_270' title='bbox 1865 2097 1955 2150; x_wconf 90' lang='lat' dir='ltr'><strong>illa</strong></span> <span class='ocrx_word' id='word_1_271' title='bbox 1981 2108 2169 2153; x_wconf 87' lang='lat' dir='ltr'><strong>natura</strong></span> <span class='ocrx_word' id='word_1_272' title='bbox 2200 2102 2421 2171; x_wconf 90' lang='lat' dir='ltr'><strong>dignum</strong></span> <span class='ocrx_word' id='word_1_273' title='bbox 2463 2106 2532 2159; x_wconf 88' lang='lat' dir='ltr'><strong>ab</strong></span> <span class='ocrx_word' id='word_1_274' title='bbox 2556 2086 2947 2178; x_wconf 70' lang='lat' dir='ltr'><strong>antiquioribus</strong></span> <span class='ocrx_word' id='word_1_275' title='bbox 2974 2086 3196 2185; x_wconf 75' lang='lat' dir='ltr'><strong>accepe-</strong></span> 
     </span>
    </p>
   </div>
   <div class='ocr_carea' id='block_1_39' title="bbox 26 2178 1609 2271">
    <p class='ocr_par' dir='ltr' id='par_1_39' title="bbox 26 2178 1553 2253">
     <span class='ocr_line' id='line_1_39' title="bbox 26 2178 1553 2253; baseline -0.001 -18"><span class='ocrx_word' id='word_1_276' title='bbox 26 2185 153 2251; x_wconf 69' lang='lat' dir='ltr'><strong>pobc,</strong></span> <span class='ocrx_word' id='word_1_277' title='bbox 175 2184 222 2235; x_wconf 91' lang='grc' dir='ltr'><strong>εί</strong></span> <span class='ocrx_word' id='word_1_278' title='bbox 255 2182 323 2253; x_wconf 80' lang='grc' dir='ltr'>δὴ</span> <span class='ocrx_word' id='word_1_279' title='bbox 350 2182 418 2235; x_wconf 81' lang='grc' dir='ltr'><strong>τά</strong></span> <span class='ocrx_word' id='word_1_280' title='bbox 468 2182 576 2235; x_wconf 84' lang='grc' dir='ltr'>τῶν</span> <span class='ocrx_word' id='word_1_281' title='bbox 617 2182 889 2252; x_wconf 86' lang='grc' dir='ltr'>προγόνων</span> <span class='ocrx_word' id='word_1_282' title='bbox 932 2182 1113 2243; x_wconf 81' lang='grc' dir='ltr'>αὐτοῖς</span> <span class='ocrx_word' id='word_1_283' title='bbox 1156 2178 1214 2235; x_wconf 85' lang='grc' dir='ltr'><strong>εὖ</strong></span> <span class='ocrx_word' id='word_1_284' title='bbox 1254 2182 1442 2251; x_wconf 79' lang='grc' dir='ltr'>έχοντα</span> <span class='ocrx_word' id='word_1_285' title='bbox 1466 2178 1553 2252; x_wconf 77' lang='grc' dir='ltr'><strong>ἦν·</strong></span> 
     </span>
    </p>
   </div>
   <div class='ocr_carea' id='block_1_40' title="bbox 1614 2178 3197 2271">
    <p class='ocr_par' dir='ltr' id='par_1_40' title="bbox 1657 2178 3197 2271">
     <span class='ocr_line' id='line_1_40' title="bbox 1657 2178 3197 2271; baseline 0.017 -34"><span class='ocrx_word' id='word_1_286' title='bbox 1657 2186 1781 2239; x_wconf 88' lang='lat' dir='ltr'><strong>rint.</strong></span> <span class='ocrx_word' id='word_1_287' title='bbox 1818 2186 2105 2244; x_wconf 85' lang='lat' dir='ltr'><strong>Enimvero</strong></span> <span class='ocrx_word' id='word_1_288' title='bbox 2128 2192 2197 2245; x_wconf 86' lang='lat' dir='ltr'><strong>ab</strong></span> <span class='ocrx_word' id='word_1_289' title='bbox 2222 2195 2407 2247; x_wconf 86' lang='lat' dir='ltr'><strong>ultima</strong></span> <span class='ocrx_word' id='word_1_290' title='bbox 2446 2195 2559 2263; x_wconf 85' lang='lat' dir='ltr'><strong>jam</strong></span> <span class='ocrx_word' id='word_1_291' title='bbox 2591 2214 2761 2269; x_wconf 90' lang='lat' dir='ltr'><strong>usque</strong></span> <span class='ocrx_word' id='word_1_292' title='bbox 2789 2206 3082 2271; x_wconf 83' lang='lat' dir='ltr'><strong>memoria,</strong></span> <span class='ocrx_word' id='word_1_293' title='bbox 3105 2178 3197 2262; x_wconf 72' lang='lat' dir='ltr'><strong>su-</strong></span> 
     </span>
    </p>
   </div>
   <div class='ocr_carea' id='block_1_41' title="bbox 26 2271 1609 2359">
    <p class='ocr_par' dir='ltr' id='par_1_41' title="bbox 26 2271 1554 2341">
     <span class='ocr_line' id='line_1_41' title="bbox 26 2271 1554 2341; baseline -0.001 -16"><span class='ocrx_word' id='word_1_294' title='bbox 26 2274 117 2325; x_wconf 76' lang='lat' dir='ltr'><strong>m‘</strong></span> <span class='ocrx_word' id='word_1_295' title='bbox 137 2274 259 2326; x_wconf 81' lang='grc' dir='ltr'>οὐδὲ</span> <span class='ocrx_word' id='word_1_296' title='bbox 285 2272 592 2336; x_wconf 77' lang='grc' dir='ltr'>στασιάζειν</span> <span class='ocrx_word' id='word_1_297' title='bbox 619 2274 709 2325; x_wconf 79' lang='grc' dir='ltr'><strong>καὶ</strong></span> <span class='ocrx_word' id='word_1_298' title='bbox 742 2272 1085 2341; x_wconf 79' lang='grc' dir='ltr'>διαφέρεσθαι</span> <span class='ocrx_word' id='word_1_299' title='bbox 1112 2272 1237 2334; x_wconf 76' lang='grc' dir='ltr'>τοὺς</span> <span class='ocrx_word' id='word_1_300' title='bbox 1281 2271 1554 2340; x_wconf 81' lang='grc' dir='ltr'>γενναίους</span> 
     </span>
    </p>
   </div>
   <div class='ocr_carea' id='block_1_42' title="bbox 1618 2271 3201 2359">
    <p class='ocr_par' dir='ltr' id='par_1_42' title="bbox 1656 2278 3201 2359">
     <span class='ocr_line' id='line_1_42' title="bbox 1656 2278 3201 2359; baseline 0.017 -32"><span class='ocrx_word' id='word_1_301' title='bbox 1656 2278 1995 2343; x_wconf 85' lang='lat' dir='ltr'><strong>pcrstitiosus</strong></span> <span class='ocrx_word' id='word_1_302' title='bbox 2024 2280 2110 2335; x_wconf 88' lang='lat' dir='ltr'><strong>ille</strong></span> <span class='ocrx_word' id='word_1_303' title='bbox 2134 2284 2274 2353; x_wconf 91' lang='lat' dir='ltr'><strong>apud</strong></span> <span class='ocrx_word' id='word_1_304' title='bbox 2299 2296 2484 2354; x_wconf 77' lang='lat' dir='ltr'><strong>gentes</strong></span> <span class='ocrx_word' id='word_1_305' title='bbox 2502 2288 2737 2359; x_wconf 90' lang='lat' dir='ltr'><strong>plurium</strong></span> <span class='ocrx_word' id='word_1_306' title='bbox 2766 2292 2989 2349; x_wconf 90' lang='lat' dir='ltr'><strong>deorum</strong></span> <span class='ocrx_word' id='word_1_307' title='bbox 3019 2298 3201 2355; x_wconf 88' lang='lat' dir='ltr'><strong>cultus</strong></span> 
     </span>
    </p>
   </div>
   <div class='ocr_carea' id='block_1_43' title="bbox 26 2362 1609 2460">
    <p class='ocr_par' dir='ltr' id='par_1_43' title="bbox 26 2362 1555 2435">
     <span class='ocr_line' id='line_1_43' title="bbox 26 2362 1555 2435; baseline -0.001 -19"><span class='ocrx_word' id='word_1_308' title='bbox 26 2364 344 2433; x_wconf 57' lang='grc' dir='ltr'>οιλοσὸφους,</span> <span class='ocrx_word' id='word_1_309' title='bbox 372 2365 421 2416; x_wconf 86' lang='grc' dir='ltr'><strong>εί</strong></span> <span class='ocrx_word' id='word_1_310' title='bbox 459 2364 523 2433; x_wconf 80' lang='grc' dir='ltr'>δὴ</span> <span class='ocrx_word' id='word_1_311' title='bbox 571 2364 850 2432; x_wconf 80' lang='grc' dir='ltr'>σύμφωνος</span> <span class='ocrx_word' id='word_1_312' title='bbox 886 2364 981 2416; x_wconf 70' lang='grc' dir='ltr'>καὶ</span> <span class='ocrx_word' id='word_1_313' title='bbox 1032 2362 1233 2435; x_wconf 78' lang='grc' dir='ltr'>ἀληθὴς</span> <span class='ocrx_word' id='word_1_314' title='bbox 1257 2366 1292 2433; x_wconf 81' lang='grc' dir='ltr'><strong>ἡ</strong></span> <span class='ocrx_word' id='word_1_315' title='bbox 1332 2364 1555 2433; x_wconf 87' lang='grc' dir='ltr'>πάτριος</span> 
     </span>
    </p>
   </div>
   <div class='ocr_carea' id='block_1_44' title="bbox 1617 2362 3200 2460">
    <p class='ocr_par' dir='ltr' id='par_1_44' title="bbox 1654 2365 3200 2460">
     <span class='ocr_line' id='line_1_44' title="bbox 1654 2365 3200 2460; baseline 0.016 -42"><span class='ocrx_word' id='word_1_316' title='bbox 1654 2365 1885 2434; x_wconf 79' lang='lat' dir='ltr'><strong>vigebat,</strong></span> <span class='ocrx_word' id='word_1_317' title='bbox 1919 2370 2224 2440; x_wconf 86' lang='lat' dir='ltr'><strong>templaque</strong></span> <span class='ocrx_word' id='word_1_318' title='bbox 2265 2374 2464 2442; x_wconf 87' lang='lat' dir='ltr'><strong>passim</strong></span> <span class='ocrx_word' id='word_1_319' title='bbox 2496 2387 2550 2431; x_wconf 93' lang='lat' dir='ltr'><strong>et</strong></span> <span class='ocrx_word' id='word_1_320' title='bbox 2578 2394 2732 2433; x_wconf 87' lang='lat' dir='ltr'><strong>sacra</strong></span> <span class='ocrx_word' id='word_1_321' title='bbox 2777 2385 3057 2439; x_wconf 91' lang='lat' dir='ltr'><strong>numinum</strong></span> <span class='ocrx_word' id='word_1_322' title='bbox 3084 2404 3200 2460; x_wconf 90' lang='lat' dir='ltr'><strong>my-</strong></span> 
     </span>
    </p>
   </div>
   <div class='ocr_carea' id='block_1_45' title="bbox 26 2454 1609 2535">
    <p class='ocr_par' dir='ltr' id='par_1_45' title="bbox 26 2454 1554 2527">
     <span class='ocr_line' id='line_1_45' title="bbox 26 2454 1554 2527; baseline -0.003 -18"><span class='ocrx_word' id='word_1_323' title='bbox 26 2458 182 2519; x_wconf 69' lang='lat' dir='ltr'><strong>st&#39;no&#39;t;</strong></span> <span class='ocrx_word' id='word_1_324' title='bbox 206 2457 339 2527; x_wconf 79' lang='grc' dir='ltr'>περὶ</span> <span class='ocrx_word' id='word_1_325' title='bbox 363 2455 501 2510; x_wconf 85' lang='grc' dir='ltr'>θεῶν</span> <span class='ocrx_word' id='word_1_326' title='bbox 526 2456 651 2519; x_wconf 81' lang='grc' dir='ltr'>δόξα</span> <span class='ocrx_word' id='word_1_327' title='bbox 676 2457 962 2526; x_wconf 79' lang='grc' dir='ltr'>τυγχάνειν</span> <span class='ocrx_word' id='word_1_328' title='bbox 1008 2455 1373 2525; x_wconf 85' lang='grc' dir='ltr'>δεδοκίμαστο.</span> <span class='ocrx_word' id='word_1_329' title='bbox 1411 2455 1475 2507; x_wconf 89' lang='grc' dir='ltr'>Τί</span> <span class='ocrx_word' id='word_1_330' title='bbox 1496 2454 1554 2505; x_wconf 85' lang='grc' dir='ltr'>δὲ</span> 
     </span>
    </p>
   </div>
   <div class='ocr_carea' id='block_1_46' title="bbox 1613 2454 3196 2535">
    <p class='ocr_par' dir='ltr' id='par_1_46' title="bbox 1655 2454 3196 2535">
     <span class='ocr_line' id='line_1_46' title="bbox 1655 2454 3196 2535; baseline 0.014 -29"><span class='ocrx_word' id='word_1_331' title='bbox 1655 2455 1847 2517; x_wconf 90' lang='lat' dir='ltr'><strong>steria,</strong></span> <span class='ocrx_word' id='word_1_332' title='bbox 1891 2466 1998 2509; x_wconf 90' lang='lat' dir='ltr'><strong>tam</strong></span> <span class='ocrx_word' id='word_1_333' title='bbox 2030 2458 2084 2511; x_wconf 92' lang='lat' dir='ltr'><strong>in</strong></span> <span class='ocrx_word' id='word_1_334' title='bbox 2118 2458 2341 2515; x_wconf 86' lang='lat' dir='ltr'><strong>urbibus</strong></span> <span class='ocrx_word' id='word_1_335' title='bbox 2362 2499 2376 2524; x_wconf 96' lang='lat'><strong>,</strong></span> <span class='ocrx_word' id='word_1_336' title='bbox 2408 2476 2572 2531; x_wconf 91' lang='lat' dir='ltr'><strong>quam</strong></span> <span class='ocrx_word' id='word_1_337' title='bbox 2614 2463 2668 2517; x_wconf 90' lang='lat' dir='ltr'><strong>in</strong></span> <span class='ocrx_word' id='word_1_338' title='bbox 2696 2466 3005 2535; x_wconf 88' lang='lat' dir='ltr'><strong>regionibus</strong></span> <span class='ocrx_word' id='word_1_339' title='bbox 3030 2454 3196 2527; x_wconf 73' lang='lat' dir='ltr'><strong>omni-</strong></span> 
     </span>
    </p>
   </div>
   <div class='ocr_carea' id='block_1_47' title="bbox 26 2542 1609 2625">
    <p class='ocr_par' dir='ltr' id='par_1_47' title="bbox 26 2542 1554 2616">
     <span class='ocr_line' id='line_1_47' title="bbox 26 2542 1554 2616; baseline -0.002 -19"><span class='ocrx_word' id='word_1_340' title='bbox 26 2546 120 2615; x_wconf 31' lang='lat'><strong>{5‘4</strong></span> <span class='ocrx_word' id='word_1_341' title='bbox 137 2546 396 2616; x_wconf 79' lang='grc' dir='ltr'>πολεμεῖν</span> <span class='ocrx_word' id='word_1_342' title='bbox 419 2545 683 2615; x_wconf 84' lang='grc' dir='ltr'>ἀλλήλοις,</span> <span class='ocrx_word' id='word_1_343' title='bbox 716 2545 807 2599; x_wconf 80' lang='grc' dir='ltr'>καὶ</span> <span class='ocrx_word' id='word_1_344' title='bbox 834 2543 1118 2615; x_wconf 86' lang='grc' dir='ltr'>μάχεσθαι,</span> <span class='ocrx_word' id='word_1_345' title='bbox 1149 2543 1183 2613; x_wconf 72' lang='grc' dir='ltr'>ἢ</span> <span class='ocrx_word' id='word_1_346' title='bbox 1217 2543 1314 2613; x_wconf 83' lang='grc' dir='ltr'>τὴν</span> <span class='ocrx_word' id='word_1_347' title='bbox 1340 2542 1554 2612; x_wconf 85' lang='grc' dir='ltr'>μακρὰν</span> 
     </span>
    </p>
   </div>
   <div class='ocr_carea' id='block_1_48' title="bbox 1612 2542 3195 2625">
    <p class='ocr_par' dir='ltr' id='par_1_48' title="bbox 1656 2542 3195 2625">
     <span class='ocr_line' id='line_1_48' title="bbox 1656 2542 3195 2625; baseline 0.015 -32"><span class='ocrx_word' id='word_1_348' title='bbox 1656 2542 1757 2595; x_wconf 90' lang='lat' dir='ltr'><strong>bus</strong></span> <span class='ocrx_word' id='word_1_349' title='bbox 1785 2542 1942 2613; x_wconf 89' lang='lat' dir='ltr'><strong>longo</strong></span> <span class='ocrx_word' id='word_1_350' title='bbox 1967 2544 2078 2613; x_wconf 85' lang='lat' dir='ltr'><strong>jam</strong></span> <span class='ocrx_word' id='word_1_351' title='bbox 2107 2562 2207 2600; x_wconf 90' lang='lat' dir='ltr'><strong>usu</strong></span> <span class='ocrx_word' id='word_1_352' title='bbox 2239 2548 2665 2606; x_wconf 86' lang='lat' dir='ltr'><strong>celebrabantur.</strong></span> <span class='ocrx_word' id='word_1_353' title='bbox 2734 2552 2918 2625; x_wconf 80' lang='lat' dir='ltr'><strong>Itaque</strong></span> <span class='ocrx_word' id='word_1_354' title='bbox 2961 2560 3195 2617; x_wconf 87' lang='lat' dir='ltr'><strong>humana</strong></span> 
     </span>
    </p>
   </div>
   <div class='ocr_carea' id='block_1_49' title="bbox 26 2632 1609 2707">
    <p class='ocr_par' dir='ltr' id='par_1_49' title="bbox 26 2633 1555 2706">
     <span class='ocr_line' id='line_1_49' title="bbox 26 2633 1555 2706; baseline -0.004 -15"><span class='ocrx_word' id='word_1_355' title='bbox 26 2636 122 2690; x_wconf 79' lang='grc' dir='ltr'>ὁδὸν</span> <span class='ocrx_word' id='word_1_356' title='bbox 146 2639 255 2691; x_wconf 81' lang='grc' dir='ltr'><strong>ἀνω</strong></span> <span class='ocrx_word' id='word_1_357' title='bbox 284 2639 380 2690; x_wconf 78' lang='grc' dir='ltr'>καὶ</span> <span class='ocrx_word' id='word_1_358' title='bbox 405 2638 552 2691; x_wconf 80' lang='grc' dir='ltr'>κάτω</span> <span class='ocrx_word' id='word_1_359' title='bbox 608 2636 972 2706; x_wconf 82' lang='grc' dir='ltr'>περιτρέχειν,</span> <span class='ocrx_word' id='word_1_360' title='bbox 1024 2633 1320 2687; x_wconf 80' lang='grc' dir='ltr'>πλανᾶσθαί</span> <span class='ocrx_word' id='word_1_361' title='bbox 1363 2649 1421 2685; x_wconf 91' lang='grc' dir='ltr'><strong>τε</strong></span> <span class='ocrx_word' id='word_1_362' title='bbox 1463 2635 1555 2686; x_wconf 80' lang='grc' dir='ltr'><strong>καὶ</strong></span> 
     </span>
    </p>
   </div>
   <div class='ocr_carea' id='block_1_50' title="bbox 1616 2632 3199 2707">
    <p class='ocr_par' dir='ltr' id='par_1_50' title="bbox 1656 2632 3199 2707">
     <span class='ocr_line' id='line_1_50' title="bbox 1656 2632 3199 2707; baseline 0.016 -25"><span class='ocrx_word' id='word_1_363' title='bbox 1656 2637 1768 2683; x_wconf 91' lang='lat' dir='ltr'><strong>tum</strong></span> <span class='ocrx_word' id='word_1_364' title='bbox 1797 2632 2141 2704; x_wconf 87' lang='lat' dir='ltr'><strong>philosophia</strong></span> <span class='ocrx_word' id='word_1_365' title='bbox 2166 2650 2303 2705; x_wconf 87' lang='lat' dir='ltr'><strong>opus</strong></span> <span class='ocrx_word' id='word_1_366' title='bbox 2328 2639 2399 2691; x_wconf 92' lang='lat' dir='ltr'><strong>nil</strong></span> <span class='ocrx_word' id='word_1_367' title='bbox 2429 2639 2557 2695; x_wconf 91' lang='lat' dir='ltr'><strong>dum</strong></span> <span class='ocrx_word' id='word_1_368' title='bbox 2582 2651 2717 2706; x_wconf 84' lang='lat' dir='ltr'><strong>erat,</strong></span> <span class='ocrx_word' id='word_1_369' title='bbox 2764 2645 2853 2699; x_wconf 86' lang='lat' dir='ltr'><strong>ubi</strong></span> <span class='ocrx_word' id='word_1_370' title='bbox 2892 2646 3073 2704; x_wconf 86' lang='lat' dir='ltr'><strong>divina</strong></span> <span class='ocrx_word' id='word_1_371' title='bbox 3115 2668 3199 2707; x_wconf 86' lang='lat' dir='ltr'><strong>sa-</strong></span> 
     </span>
    </p>
   </div>
   <div class='ocr_carea' id='block_1_51' title="bbox 26 2721 1609 2803">
    <p class='ocr_par' dir='ltr' id='par_1_51' title="bbox 26 2722 1555 2799">
     <span class='ocr_line' id='line_1_51' title="bbox 26 2722 1555 2799; baseline -0.003 -19"><span class='ocrx_word' id='word_1_372' title='bbox 26 2732 79 2780; x_wconf 70' lang='grc' dir='ltr'><strong>τά</strong></span> <span class='ocrx_word' id='word_1_373' title='bbox 109 2728 393 2799; x_wconf 80' lang='grc' dir='ltr'>βαρϐάρων</span> <span class='ocrx_word' id='word_1_374' title='bbox 436 2722 727 2797; x_wconf 73' lang='grc' dir='ltr'>ὑποσυλᾷν,</span> <span class='ocrx_word' id='word_1_375' title='bbox 768 2726 903 2778; x_wconf 84' lang='grc' dir='ltr'>οίκοι</span> <span class='ocrx_word' id='word_1_376' title='bbox 943 2726 1060 2777; x_wconf 84' lang='grc' dir='ltr'>δέον</span> <span class='ocrx_word' id='word_1_377' title='bbox 1108 2726 1364 2795; x_wconf 77' lang='grc' dir='ltr'>μένοντας</span> <span class='ocrx_word' id='word_1_378' title='bbox 1406 2724 1555 2794; x_wconf 80' lang='grc' dir='ltr'>παρὰ</span> 
     </span>
    </p>
   </div>
   <div class='ocr_carea' id='block_1_52' title="bbox 1613 2721 3196 2803">
    <p class='ocr_par' dir='ltr' id='par_1_52' title="bbox 1653 2721 3196 2803">
     <span class='ocr_line' id='line_1_52' title="bbox 1653 2721 3196 2803; baseline 0.015 -29"><span class='ocrx_word' id='word_1_379' title='bbox 1653 2721 1853 2789; x_wconf 88' lang='lat' dir='ltr'><strong>pientia</strong></span> <span class='ocrx_word' id='word_1_380' title='bbox 1899 2724 2077 2783; x_wconf 89' lang='lat' dir='ltr'><strong>locum</strong></span> <span class='ocrx_word' id='word_1_381' title='bbox 2128 2738 2417 2799; x_wconf 81' lang='lat' dir='ltr'><strong>occuparat</strong></span> <span class='ocrx_word' id='word_1_382' title='bbox 2446 2749 2461 2784; x_wconf 89' lang='lat'><strong>:</strong></span> <span class='ocrx_word' id='word_1_383' title='bbox 2498 2746 2601 2787; x_wconf 88' lang='lat' dir='ltr'><strong>nec</strong></span> <span class='ocrx_word' id='word_1_384' title='bbox 2628 2733 2897 2803; x_wconf 80' lang='lat' dir='ltr'><strong>sapientes</strong></span> <span class='ocrx_word' id='word_1_385' title='bbox 2927 2738 3048 2796; x_wconf 86' lang='lat' dir='ltr'><strong>illos</strong></span> <span class='ocrx_word' id='word_1_386' title='bbox 3073 2744 3196 2797; x_wconf 87' lang='lat' dir='ltr'><strong>novi</strong></span> 
     </span>
    </p>
   </div>
   <div class='ocr_carea' id='block_1_53' title="bbox 26 2809 1609 2894">
    <p class='ocr_par' dir='ltr' id='par_1_53' title="bbox 26 2809 1555 2885">
     <span class='ocr_line' id='line_1_53' title="bbox 26 2809 1555 2885; baseline -0.001 -20"><span class='ocrx_word' id='word_1_387' title='bbox 26 2814 142 2866; x_wconf 81' lang='grc' dir='ltr'>θεῶν</span> <span class='ocrx_word' id='word_1_388' title='bbox 157 2814 532 2885; x_wconf 82' lang='grc' dir='ltr'>ἐκμανθάνειν,</span> <span class='ocrx_word' id='word_1_389' title='bbox 558 2816 605 2866; x_wconf 85' lang='grc' dir='ltr'><strong>εί</strong></span> <span class='ocrx_word' id='word_1_390' title='bbox 634 2813 696 2883; x_wconf 85' lang='grc' dir='ltr'>δή</span> <span class='ocrx_word' id='word_1_391' title='bbox 721 2830 863 2875; x_wconf 85' lang='grc' dir='ltr'>τινες</span> <span class='ocrx_word' id='word_1_392' title='bbox 885 2809 1021 2884; x_wconf 78' lang='grc' dir='ltr'>ἦσαν</span> <span class='ocrx_word' id='word_1_393' title='bbox 1040 2812 1171 2875; x_wconf 78' lang='grc' dir='ltr'>θεοὶ,</span> <span class='ocrx_word' id='word_1_394' title='bbox 1202 2813 1235 2883; x_wconf 83' lang='grc' dir='ltr'>ἢ</span> <span class='ocrx_word' id='word_1_395' title='bbox 1270 2813 1416 2883; x_wconf 87' lang='grc' dir='ltr'><strong>παρά</strong></span> <span class='ocrx_word' id='word_1_396' title='bbox 1447 2812 1555 2866; x_wconf 81' lang='grc' dir='ltr'>τῶν</span> 
     </span>
    </p>
   </div>
   <div class='ocr_carea' id='block_1_54' title="bbox 1613 2809 3196 2894">
    <p class='ocr_par' dir='ltr' id='par_1_54' title="bbox 1652 2813 3196 2894">
     <span class='ocr_line' id='line_1_54' title="bbox 1652 2813 3196 2894; baseline 0.015 -30"><span class='ocrx_word' id='word_1_397' title='bbox 1652 2813 1945 2883; x_wconf 84' lang='lat' dir='ltr'><strong>quidquam</strong></span> <span class='ocrx_word' id='word_1_398' title='bbox 1971 2816 2151 2870; x_wconf 86' lang='lat' dir='ltr'><strong>moliri</strong></span> <span class='ocrx_word' id='word_1_399' title='bbox 2172 2819 2539 2886; x_wconf 79' lang='lat' dir='ltr'><strong>necesse-fuit,</strong></span> <span class='ocrx_word' id='word_1_400' title='bbox 2566 2821 2612 2877; x_wconf 89' lang='lat' dir='ltr'><strong>si</strong></span> <span class='ocrx_word' id='word_1_401' title='bbox 2645 2824 2910 2894; x_wconf 89' lang='lat' dir='ltr'><strong>majorum</strong></span> <span class='ocrx_word' id='word_1_402' title='bbox 2935 2828 3196 2888; x_wconf 86' lang='lat' dir='ltr'><strong>institutis</strong></span> 
     </span>
    </p>
   </div>
   <div class='ocr_carea' id='block_1_55' title="bbox 26 2902 1609 2981">
    <p class='ocr_par' dir='ltr' id='par_1_55' title="bbox 26 2902 1556 2976">
     <span class='ocr_line' id='line_1_55' title="bbox 26 2902 1556 2976; baseline -0.003 -16"><span class='ocrx_word' id='word_1_403' title='bbox 26 2906 261 2975; x_wconf 74' lang='grc' dir='ltr'>θεολόγων</span> <span class='ocrx_word' id='word_1_404' title='bbox 293 2904 526 2975; x_wconf 85' lang='grc' dir='ltr'>ἀνδρῶν,</span> <span class='ocrx_word' id='word_1_405' title='bbox 554 2906 674 2968; x_wconf 83' lang='grc' dir='ltr'>τοὺς</span> <span class='ocrx_word' id='word_1_406' title='bbox 700 2904 915 2975; x_wconf 87' lang='grc' dir='ltr'>ἀληθεῖς</span> <span class='ocrx_word' id='word_1_407' title='bbox 932 2906 1024 2957; x_wconf 76' lang='grc' dir='ltr'><strong>καὶ</strong></span> <span class='ocrx_word' id='word_1_408' title='bbox 1046 2902 1412 2967; x_wconf 75' lang='grc' dir='ltr'>ἀδιαπτώτως</span> <span class='ocrx_word' id='word_1_409' title='bbox 1434 2904 1556 2976; x_wconf 71' lang='grc' dir='ltr'>περὶ</span> 
     </span>
    </p>
   </div>
   <div class='ocr_carea' id='block_1_56' title="bbox 1615 2902 3198 2981">
    <p class='ocr_par' dir='ltr' id='par_1_56' title="bbox 1654 2905 3198 2981">
     <span class='ocr_line' id='line_1_56' title="bbox 1654 2905 3198 2981; baseline 0.014 -26"><span class='ocrx_word' id='word_1_410' title='bbox 1654 2918 1752 2956; x_wconf 90' lang='lat' dir='ltr'><strong>sua</strong></span> <span class='ocrx_word' id='word_1_411' title='bbox 1775 2905 1917 2973; x_wconf 88' lang='lat' dir='ltr'><strong>apud</strong></span> <span class='ocrx_word' id='word_1_412' title='bbox 1948 2920 2007 2959; x_wconf 89' lang='lat' dir='ltr'><strong>se</strong></span> <span class='ocrx_word' id='word_1_413' title='bbox 2027 2907 2301 2975; x_wconf 80' lang='lat' dir='ltr'><strong>integritas</strong></span> <span class='ocrx_word' id='word_1_414' title='bbox 2333 2910 2696 2981; x_wconf 84' lang='lat' dir='ltr'><strong>honestasque</strong></span> <span class='ocrx_word' id='word_1_415' title='bbox 2716 2924 2987 2973; x_wconf 87' lang='lat' dir='ltr'><strong>constaret</strong></span> <span class='ocrx_word' id='word_1_416' title='bbox 3026 2909 3039 2974; x_wconf 71' lang='grc' dir='ltr'><em>ὲ</em></span> <span class='ocrx_word' id='word_1_417' title='bbox 3086 2922 3198 2977; x_wconf 89' lang='lat' dir='ltr'><strong>imo</strong></span> 
     </span>
    </p>
   </div>
   <div class='ocr_carea' id='block_1_57' title="bbox 26 2989 1609 3069">
    <p class='ocr_par' dir='ltr' id='par_1_57' title="bbox 26 2989 1554 3069">
     <span class='ocr_line' id='line_1_57' title="bbox 26 2989 1554 3069; baseline -0.001 -20"><span class='ocrx_word' id='word_1_418' title='bbox 26 3000 115 3051; x_wconf 80' lang='grc' dir='ltr'><strong>τῶν</strong></span> <span class='ocrx_word' id='word_1_419' title='bbox 142 2999 577 3069; x_wconf 78' lang='grc' dir='ltr'>ἐπιζητουμένων</span> <span class='ocrx_word' id='word_1_420' title='bbox 627 2997 685 3049; x_wconf 83' lang='grc' dir='ltr'><strong>ἐν</strong></span> <span class='ocrx_word' id='word_1_421' title='bbox 730 2996 1009 3067; x_wconf 78' lang='grc' dir='ltr'><strong>φιλοσοφίᾳ</strong></span> <span class='ocrx_word' id='word_1_422' title='bbox 1046 2996 1255 3063; x_wconf 85' lang='grc' dir='ltr'>λόγους,</span> <span class='ocrx_word' id='word_1_423' title='bbox 1306 2995 1434 3067; x_wconf 78' lang='grc' dir='ltr'>περὶ</span> <span class='ocrx_word' id='word_1_424' title='bbox 1479 2989 1554 3047; x_wconf 85' lang='grc' dir='ltr'>ὧν</span> 
     </span>
    </p>
   </div>
   <div class='ocr_carea' id='block_1_58' title="bbox 1614 2989 3197 3069">
    <p class='ocr_par' dir='ltr' id='par_1_58' title="bbox 1655 2995 3197 3068">
     <span class='ocr_line' id='line_1_58' title="bbox 1655 2995 3197 3068; baseline 0.015 -22"><span class='ocrx_word' id='word_1_425' title='bbox 1655 3008 1753 3047; x_wconf 90' lang='lat' dir='ltr'><strong>nec</strong></span> <span class='ocrx_word' id='word_1_426' title='bbox 1778 2995 2050 3063; x_wconf 67' lang='lat' dir='ltr'><strong>praeclaris</strong></span> <span class='ocrx_word' id='word_1_427' title='bbox 2071 2997 2405 3068; x_wconf 88' lang='lat' dir='ltr'><strong>philosophis</strong></span> <span class='ocrx_word' id='word_1_428' title='bbox 2429 3008 2504 3055; x_wconf 92' lang='lat' dir='ltr'><strong>tot</strong></span> <span class='ocrx_word' id='word_1_429' title='bbox 2533 3001 2797 3063; x_wconf 79' lang='lat' dir='ltr'><strong>factiones</strong></span> <span class='ocrx_word' id='word_1_430' title='bbox 2821 3022 2885 3062; x_wconf 89' lang='lat' dir='ltr'><strong>ac</strong></span> <span class='ocrx_word' id='word_1_431' title='bbox 2902 3009 3197 3068; x_wconf 88' lang='lat' dir='ltr'><strong>dissensio-</strong></span> 
     </span>
    </p>
   </div>
   <div class='ocr_carea' id='block_1_59' title="bbox 29 3085 1612 3164">
    <p class='ocr_par' dir='ltr' id='par_1_59' title="bbox 29 3086 1554 3158">
     <span class='ocr_line' id='line_1_59' title="bbox 29 3086 1554 3158; baseline 0 -20"><span class='ocrx_word' id='word_1_432' title='bbox 29 3086 171 3156; x_wconf 79' lang='grc' dir='ltr'>μυρία</span> <span class='ocrx_word' id='word_1_433' title='bbox 202 3088 302 3139; x_wconf 87' lang='grc' dir='ltr'><strong>δσα</strong></span> <span class='ocrx_word' id='word_1_434' title='bbox 366 3088 728 3158; x_wconf 80' lang='grc' dir='ltr'>μοχθήσαντες</span> <span class='ocrx_word' id='word_1_435' title='bbox 787 3086 1159 3156; x_wconf 81' lang='grc' dir='ltr'>διηνέχθησαν,</span> <span class='ocrx_word' id='word_1_436' title='bbox 1218 3087 1408 3156; x_wconf 84' lang='grc' dir='ltr'>μακρῷ</span> <span class='ocrx_word' id='word_1_437' title='bbox 1456 3087 1554 3156; x_wconf 87' lang='grc' dir='ltr'><strong>τῆς</strong></span> 
     </span>
    </p>
   </div>
   <div class='ocr_carea' id='block_1_60' title="bbox 1611 3085 3194 3164">
    <p class='ocr_par' dir='ltr' id='par_1_60' title="bbox 1656 3085 3194 3164">
     <span class='ocr_line' id='line_1_60' title="bbox 1656 3085 3194 3164; baseline 0.013 -28"><span class='ocrx_word' id='word_1_438' title='bbox 1656 3097 1751 3137; x_wconf 87' lang='lat' dir='ltr'><strong>nes</strong></span> <span class='ocrx_word' id='word_1_439' title='bbox 1783 3085 2109 3150; x_wconf 66' lang='lat' dir='ltr'><strong>excitanda,</strong></span> <span class='ocrx_word' id='word_1_440' title='bbox 2152 3086 2198 3141; x_wconf 88' lang='lat' dir='ltr'><strong>si</strong></span> <span class='ocrx_word' id='word_1_441' title='bbox 2246 3091 2417 3156; x_wconf 88' lang='lat' dir='ltr'><strong>patria</strong></span> <span class='ocrx_word' id='word_1_442' title='bbox 2459 3091 2526 3145; x_wconf 92' lang='lat' dir='ltr'><strong>de</strong></span> <span class='ocrx_word' id='word_1_443' title='bbox 2554 3091 2659 3147; x_wconf 91' lang='lat' dir='ltr'><strong>diis</strong></span> <span class='ocrx_word' id='word_1_444' title='bbox 2701 3095 2886 3164; x_wconf 87' lang='lat' dir='ltr'><strong>opinio</strong></span> <span class='ocrx_word' id='word_1_445' title='bbox 2917 3106 2973 3152; x_wconf 93' lang='lat' dir='ltr'><strong>et</strong></span> <span class='ocrx_word' id='word_1_446' title='bbox 3013 3114 3194 3155; x_wconf 85' lang='lat' dir='ltr'><strong>secum</strong></span> 
     </span>
    </p>
   </div>
   <div class='ocr_carea' id='block_1_61' title="bbox 26 3174 1609 3258">
    <p class='ocr_par' dir='ltr' id='par_1_61' title="bbox 26 3176 1609 3258">
     <span class='ocr_line' id='line_1_61' title="bbox 26 3176 1609 3258; baseline 0 -30"><span class='ocrx_word' id='word_1_447' title='bbox 26 3176 263 3247; x_wconf 78' lang='grc' dir='ltr'>τάληθοῦς</span> <span class='ocrx_word' id='word_1_448' title='bbox 294 3178 563 3249; x_wconf 77' lang='grc' dir='ltr'>εὑρέσεως</span> <span class='ocrx_word' id='word_1_449' title='bbox 588 3178 1089 3248; x_wconf 72' lang='grc' dir='ltr'>ἀφυστερήσαντετς</span> <span class='ocrx_word' id='word_1_450' title='bbox 1118 3178 1183 3229; x_wconf 88' lang='grc' dir='ltr'>Τί</span> <span class='ocrx_word' id='word_1_451' title='bbox 1218 3176 1275 3229; x_wconf 77' lang='grc' dir='ltr'><strong>δέ</strong></span> <span class='ocrx_word' id='word_1_452' title='bbox 1301 3176 1394 3231; x_wconf 79' lang='grc' dir='ltr'><strong>καὶ</strong></span> <span class='ocrx_word' id='word_1_453' title='bbox 1426 3178 1553 3247; x_wconf 77' lang='grc' dir='ltr'>περὶ</span> <span class='ocrx_word' id='word_1_454' title='bbox 1578 3226 1609 3258; x_wconf 57' lang='grc' dir='ltr'><strong>Ι,</strong></span> 
     </span>
    </p>
   </div>
   <div class='ocr_carea' id='block_1_62' title="bbox 1613 3174 3196 3258">
    <p class='ocr_par' dir='ltr' id='par_1_62' title="bbox 1613 3174 3196 3258">
     <span class='ocr_line' id='line_1_62' title="bbox 1613 3174 3196 3258; baseline 0.013 -33"><span class='ocrx_word' id='word_1_455' title='bbox 1613 3227 1621 3248; x_wconf 41' lang='grc' dir='ltr'>δ</span> <span class='ocrx_word' id='word_1_456' title='bbox 1656 3174 1771 3243; x_wconf 88' lang='lat' dir='ltr'><strong>ipsa</strong></span> <span class='ocrx_word' id='word_1_457' title='bbox 1796 3176 2155 3239; x_wconf 87' lang='lat' dir='ltr'><strong>consentiens,</strong></span> <span class='ocrx_word' id='word_1_458' title='bbox 2184 3186 2236 3230; x_wconf 91' lang='lat' dir='ltr'><strong>et</strong></span> <span class='ocrx_word' id='word_1_459' title='bbox 2260 3193 2381 3232; x_wconf 78' lang='lat' dir='ltr'><strong>vera</strong></span> <span class='ocrx_word' id='word_1_460' title='bbox 2406 3178 2759 3248; x_wconf 85' lang='lat' dir='ltr'><strong>judicaretur.</strong></span> <span class='ocrx_word' id='word_1_461' title='bbox 2786 3183 2918 3239; x_wconf 83' lang='lat' dir='ltr'><strong>Nam</strong></span> <span class='ocrx_word' id='word_1_462' title='bbox 2948 3189 3078 3258; x_wconf 89' lang='lat' dir='ltr'><strong>quid</strong></span> <span class='ocrx_word' id='word_1_463' title='bbox 3103 3205 3196 3246; x_wconf 86' lang='lat' dir='ltr'><strong>eos</strong></span> 
     </span>
    </p>
   </div>
   <div class='ocr_carea' id='block_1_63' title="bbox 26 3267 1609 3352">
    <p class='ocr_par' dir='ltr' id='par_1_63' title="bbox 26 3267 1609 3340">
     <span class='ocr_line' id='line_1_63' title="bbox 26 3267 1609 3340; baseline 0 -21"><span class='ocrx_word' id='word_1_464' title='bbox 26 3268 141 3320; x_wconf 77' lang='grc' dir='ltr'>θεῶν</span> <span class='ocrx_word' id='word_1_465' title='bbox 168 3269 409 3339; x_wconf 80' lang='grc' dir='ltr'>νεώτερα</span> <span class='ocrx_word' id='word_1_466' title='bbox 431 3268 567 3340; x_wconf 84' lang='grc' dir='ltr'>χρῆν</span> <span class='ocrx_word' id='word_1_467' title='bbox 588 3268 860 3339; x_wconf 79' lang='grc' dir='ltr'>ἐπιζητεῖν</span> <span class='ocrx_word' id='word_1_468' title='bbox 900 3269 1122 3340; x_wconf 69' lang='grc' dir='ltr'>τολμᾷν,</span> <span class='ocrx_word' id='word_1_469' title='bbox 1177 3269 1211 3339; x_wconf 75' lang='grc' dir='ltr'><strong>ἢ</strong></span> <span class='ocrx_word' id='word_1_470' title='bbox 1246 3267 1551 3330; x_wconf 78' lang='grc' dir='ltr'>στασιάζειν</span> <span class='ocrx_word' id='word_1_471' title='bbox 1580 3267 1609 3285; x_wconf 62' lang='grc'>⁸</span> 
     </span>
    </p>
   </div>
   <div class='ocr_carea' id='block_1_64' title="bbox 1613 3267 3196 3352">
    <p class='ocr_par' dir='ltr' id='par_1_64' title="bbox 1613 3267 3196 3352">
     <span class='ocr_line' id='line_1_64' title="bbox 1613 3267 3196 3352; baseline 0.013 -36"><span class='ocrx_word' id='word_1_472' title='bbox 1613 3267 1623 3281; x_wconf 92' lang='grc'><em>’</em></span> <span class='ocrx_word' id='word_1_473' title='bbox 1658 3267 1936 3330; x_wconf 86' lang='lat' dir='ltr'><strong>attinebat,</strong></span> <span class='ocrx_word' id='word_1_474' title='bbox 1968 3276 2061 3321; x_wconf 91' lang='lat' dir='ltr'><strong>aut</strong></span> <span class='ocrx_word' id='word_1_475' title='bbox 2084 3269 2165 3323; x_wconf 89' lang='lat' dir='ltr'><strong>sic</strong></span> <span class='ocrx_word' id='word_1_476' title='bbox 2194 3269 2331 3323; x_wconf 88' lang='lat' dir='ltr'><strong>inter</strong></span> <span class='ocrx_word' id='word_1_477' title='bbox 2362 3285 2419 3325; x_wconf 84' lang='lat' dir='ltr'><strong>se</strong></span> <span class='ocrx_word' id='word_1_478' title='bbox 2443 3272 2746 3344; x_wconf 75' lang='lat' dir='ltr'><strong>confligere,</strong></span> <span class='ocrx_word' id='word_1_479' title='bbox 2787 3286 2881 3331; x_wconf 92' lang='lat' dir='ltr'><strong>aut</strong></span> <span class='ocrx_word' id='word_1_480' title='bbox 2907 3288 3013 3333; x_wconf 87' lang='lat' dir='ltr'><strong>tam</strong></span> <span class='ocrx_word' id='word_1_481' title='bbox 3040 3280 3196 3352; x_wconf 86' lang='lat' dir='ltr'><strong>longa</strong></span> 
     </span>
    </p>
   </div>
   <div class='ocr_carea' id='block_1_65' title="bbox 29 3358 1612 3441">
    <p class='ocr_par' dir='ltr' id='par_1_65' title="bbox 29 3358 1550 3431">
     <span class='ocr_line' id='line_1_65' title="bbox 29 3358 1550 3431; baseline 0 -20"><span class='ocrx_word' id='word_1_482' title='bbox 29 3361 104 3413; x_wconf 74' lang='grc' dir='ltr'>καὶ</span> <span class='ocrx_word' id='word_1_483' title='bbox 123 3360 491 3414; x_wconf 81' lang='grc' dir='ltr'>διαπυκτεύειν</span> <span class='ocrx_word' id='word_1_484' title='bbox 510 3360 771 3430; x_wconf 83' lang='grc' dir='ltr'>ἀλλήλοις,</span> <span class='ocrx_word' id='word_1_485' title='bbox 805 3363 852 3414; x_wconf 83' lang='grc' dir='ltr'>εἰ</span> <span class='ocrx_word' id='word_1_486' title='bbox 874 3360 937 3431; x_wconf 80' lang='grc' dir='ltr'>δὴ</span> <span class='ocrx_word' id='word_1_487' title='bbox 981 3360 1220 3429; x_wconf 81' lang='grc' dir='ltr'>ἀσφαλὴς</span> <span class='ocrx_word' id='word_1_488' title='bbox 1247 3360 1338 3413; x_wconf 77' lang='grc' dir='ltr'><strong>καὶ</strong></span> <span class='ocrx_word' id='word_1_489' title='bbox 1360 3358 1550 3428; x_wconf 85' lang='grc' dir='ltr'>βεϐαία</span> 
     </span>
    </p>
   </div>
   <div class='ocr_carea' id='block_1_66' title="bbox 1613 3358 3196 3441">
    <p class='ocr_par' dir='ltr' id='par_1_66' title="bbox 1657 3359 3196 3441">
     <span class='ocr_line' id='line_1_66' title="bbox 1657 3359 3196 3441; baseline 0.011 -32"><span class='ocrx_word' id='word_1_490' title='bbox 1657 3371 1873 3409; x_wconf 85' lang='lat' dir='ltr'><strong>sursum</strong></span> <span class='ocrx_word' id='word_1_491' title='bbox 1920 3372 1986 3411; x_wconf 89' lang='lat' dir='ltr'><strong>ac</strong></span> <span class='ocrx_word' id='word_1_492' title='bbox 2023 3359 2274 3412; x_wconf 85' lang='lat' dir='ltr'><strong>deorsum</strong></span> <span class='ocrx_word' id='word_1_493' title='bbox 2333 3362 2522 3417; x_wconf 89' lang='lat' dir='ltr'><strong>itinera</strong></span> <span class='ocrx_word' id='word_1_494' title='bbox 2570 3367 2863 3431; x_wconf 82' lang='lat' dir='ltr'><strong>coniicere,</strong></span> <span class='ocrx_word' id='word_1_495' title='bbox 2910 3372 3196 3441; x_wconf 86' lang='lat' dir='ltr'><strong>vagarique</strong></span> 
     </span>
    </p>
   </div>
   <div class='ocr_carea' id='block_1_67' title="bbox 29 3444 1612 3522">
    <p class='ocr_par' dir='ltr' id='par_1_67' title="bbox 29 3448 1550 3521">
     <span class='ocr_line' id='line_1_67' title="bbox 29 3448 1550 3521; baseline -0.002 -20"><span class='ocrx_word' id='word_1_496' title='bbox 29 3450 143 3503; x_wconf 78' lang='grc' dir='ltr'>θεῶν</span> <span class='ocrx_word' id='word_1_497' title='bbox 168 3451 402 3521; x_wconf 77' lang='grc' dir='ltr'>εὕρεσις,</span> <span class='ocrx_word' id='word_1_498' title='bbox 434 3451 527 3504; x_wconf 72' lang='grc' dir='ltr'>καὶ</span> <span class='ocrx_word' id='word_1_499' title='bbox 552 3451 747 3519; x_wconf 85' lang='grc' dir='ltr'>γνῶσις</span> <span class='ocrx_word' id='word_1_500' title='bbox 773 3449 1048 3513; x_wconf 75' lang='grc' dir='ltr'>εὐσεϐείας</span> <span class='ocrx_word' id='word_1_501' title='bbox 1093 3448 1293 3519; x_wconf 78' lang='grc' dir='ltr'>ἀληθὴς</span> <span class='ocrx_word' id='word_1_502' title='bbox 1324 3449 1380 3499; x_wconf 84' lang='grc' dir='ltr'><strong>ἐν</strong></span> <span class='ocrx_word' id='word_1_503' title='bbox 1407 3448 1550 3499; x_wconf 80' lang='grc' dir='ltr'>τελε-</span> 
     </span>
    </p>
   </div>
   <div class='ocr_carea' id='block_1_68' title="bbox 1611 3444 3194 3522">
    <p class='ocr_par' dir='ltr' id='par_1_68' title="bbox 1655 3444 3194 3522">
     <span class='ocr_line' id='line_1_68' title="bbox 1655 3444 3194 3522; baseline 0.014 -28"><span class='ocrx_word' id='word_1_504' title='bbox 1655 3444 1879 3509; x_wconf 87' lang='lat' dir='ltr'><strong>passim,</strong></span> <span class='ocrx_word' id='word_1_505' title='bbox 1915 3453 1969 3497; x_wconf 88' lang='lat' dir='ltr'><strong>et</strong></span> <span class='ocrx_word' id='word_1_506' title='bbox 1991 3459 2117 3501; x_wconf 88' lang='lat' dir='ltr'><strong>suas</strong></span> <span class='ocrx_word' id='word_1_507' title='bbox 2144 3446 2389 3504; x_wconf 87' lang='lat' dir='ltr'><strong>barbaris</strong></span> <span class='ocrx_word' id='word_1_508' title='bbox 2420 3465 2550 3520; x_wconf 88' lang='lat' dir='ltr'><strong>opes</strong></span> <span class='ocrx_word' id='word_1_509' title='bbox 2591 3454 2864 3522; x_wconf 74' lang='lat' dir='ltr'><strong>sulfurari,</strong></span> <span class='ocrx_word' id='word_1_510' title='bbox 2898 3473 3022 3512; x_wconf 88' lang='lat' dir='ltr'><strong>cum</strong></span> <span class='ocrx_word' id='word_1_511' title='bbox 3050 3461 3194 3515; x_wconf 89' lang='lat' dir='ltr'><strong>domi</strong></span> 
     </span>
    </p>
   </div>
   <div class='ocr_carea' id='block_1_69' title="bbox 32 3534 1615 3616">
    <p class='ocr_par' dir='ltr' id='par_1_69' title="bbox 32 3540 1552 3616">
     <span class='ocr_line' id='line_1_69' title="bbox 32 3540 1552 3616; baseline -0.001 -23"><span class='ocrx_word' id='word_1_512' title='bbox 32 3544 128 3606; x_wconf 74' lang='grc' dir='ltr'>ταῖς</span> <span class='ocrx_word' id='word_1_513' title='bbox 154 3546 242 3597; x_wconf 73' lang='grc' dir='ltr'><strong>καὶ</strong></span> <span class='ocrx_word' id='word_1_514' title='bbox 264 3546 599 3616; x_wconf 80' lang='grc' dir='ltr'>μυστηρίοις,</span> <span class='ocrx_word' id='word_1_515' title='bbox 651 3546 717 3614; x_wconf 75' lang='grc' dir='ltr'>τῇ</span> <span class='ocrx_word' id='word_1_516' title='bbox 756 3560 815 3595; x_wconf 81' lang='grc' dir='ltr'><strong>τε</strong></span> <span class='ocrx_word' id='word_1_517' title='bbox 873 3542 1005 3614; x_wconf 73' lang='grc' dir='ltr'>άλλη</span> <span class='ocrx_word' id='word_1_518' title='bbox 1062 3542 1170 3595; x_wconf 87' lang='grc' dir='ltr'>τῶν</span> <span class='ocrx_word' id='word_1_519' title='bbox 1214 3540 1552 3593; x_wconf 87' lang='grc' dir='ltr'>παλαιτάτων</span> 
     </span>
    </p>
   </div>
   <div class='ocr_carea' id='block_1_70' title="bbox 1615 3534 3198 3616">
    <p class='ocr_par' dir='ltr' id='par_1_70' title="bbox 1654 3534 3198 3611">
     <span class='ocr_line' id='line_1_70' title="bbox 1654 3534 3198 3611; baseline 0.014 -27"><span class='ocrx_word' id='word_1_520' title='bbox 1654 3534 1833 3600; x_wconf 89' lang='lat' dir='ltr'><strong>potius</strong></span> <span class='ocrx_word' id='word_1_521' title='bbox 1857 3535 2218 3604; x_wconf 83' lang='lat' dir='ltr'><strong>quiescentes,</strong></span> <span class='ocrx_word' id='word_1_522' title='bbox 2251 3538 2332 3592; x_wconf 87' lang='lat' dir='ltr'><strong>vel</strong></span> <span class='ocrx_word' id='word_1_523' title='bbox 2358 3539 2457 3594; x_wconf 87' lang='lat' dir='ltr'><strong>abs</strong></span> <span class='ocrx_word' id='word_1_524' title='bbox 2481 3541 2607 3607; x_wconf 88' lang='lat' dir='ltr'><strong>diis,</strong></span> <span class='ocrx_word' id='word_1_525' title='bbox 2642 3545 2689 3599; x_wconf 91' lang='lat' dir='ltr'><strong>si</strong></span> <span class='ocrx_word' id='word_1_526' title='bbox 2716 3546 2810 3611; x_wconf 90' lang='lat' dir='ltr'><strong>qui</strong></span> <span class='ocrx_word' id='word_1_527' title='bbox 2839 3546 2975 3602; x_wconf 71' lang='lat' dir='ltr'><strong>forte</strong></span> <span class='ocrx_word' id='word_1_528' title='bbox 3004 3549 3076 3603; x_wconf 91' lang='lat' dir='ltr'><strong>dii</strong></span> <span class='ocrx_word' id='word_1_529' title='bbox 3108 3566 3198 3607; x_wconf 84' lang='lat' dir='ltr'><strong>es-</strong></span> 
     </span>
    </p>
   </div>
   <div class='ocr_carea' id='block_1_71' title="bbox 32 3624 1615 3707">
    <p class='ocr_par' dir='ltr' id='par_1_71' title="bbox 32 3630 1550 3705">
     <span class='ocr_line' id='line_1_71' title="bbox 32 3630 1550 3705; baseline -0.001 -22"><span class='ocrx_word' id='word_1_530' title='bbox 32 3634 308 3702; x_wconf 71' lang='grc' dir='ltr'>περιείχετο</span> <span class='ocrx_word' id='word_1_531' title='bbox 338 3633 603 3705; x_wconf 72' lang='grc' dir='ltr'>θεολογίᾳ,</span> <span class='ocrx_word' id='word_1_532' title='bbox 646 3633 812 3705; x_wconf 69' lang='grc' dir='ltr'>αὐτὴν</span> <span class='ocrx_word' id='word_1_533' title='bbox 840 3634 1051 3703; x_wconf 87' lang='grc' dir='ltr'>ἐκείνην</span> <span class='ocrx_word' id='word_1_534' title='bbox 1105 3630 1273 3701; x_wconf 80' lang='grc' dir='ltr'>παρὸν</span> <span class='ocrx_word' id='word_1_535' title='bbox 1300 3631 1550 3700; x_wconf 86' lang='grc' dir='ltr'>ἀκίνητον</span> 
     </span>
    </p>
   </div>
   <div class='ocr_carea' id='block_1_72' title="bbox 1619 3624 3202 3707">
    <p class='ocr_par' dir='ltr' id='par_1_72' title="bbox 1655 3624 3202 3707">
     <span class='ocr_line' id='line_1_72' title="bbox 1655 3624 3202 3707; baseline 0.012 -30"><span class='ocrx_word' id='word_1_536' title='bbox 1655 3630 1797 3689; x_wconf 83' lang='lat' dir='ltr'><strong>sent,</strong></span> <span class='ocrx_word' id='word_1_537' title='bbox 1830 3624 1911 3677; x_wconf 86' lang='lat' dir='ltr'><strong>vel</strong></span> <span class='ocrx_word' id='word_1_538' title='bbox 1954 3638 1985 3677; x_wconf 89' lang='lat' dir='ltr'><strong>a</strong></span> <span class='ocrx_word' id='word_1_539' title='bbox 2018 3625 2277 3695; x_wconf 79' lang='lat' dir='ltr'><strong>theologis</strong></span> <span class='ocrx_word' id='word_1_540' title='bbox 2304 3641 2461 3685; x_wconf 85' lang='lat' dir='ltr'><strong>veras</strong></span> <span class='ocrx_word' id='word_1_541' title='bbox 2491 3645 2678 3686; x_wconf 91' lang='lat' dir='ltr'><strong>eorum</strong></span> <span class='ocrx_word' id='word_1_542' title='bbox 2700 3673 2716 3698; x_wconf 96' lang='lat'><strong>,</strong></span> <span class='ocrx_word' id='word_1_543' title='bbox 2741 3650 2862 3704; x_wconf 66' lang='lat' dir='ltr'><strong>quae</strong></span> <span class='ocrx_word' id='word_1_544' title='bbox 2891 3638 2945 3690; x_wconf 89' lang='lat' dir='ltr'><strong>in</strong></span> <span class='ocrx_word' id='word_1_545' title='bbox 2969 3638 3202 3707; x_wconf 87' lang='lat' dir='ltr'><strong>philoso-</strong></span> 
     </span>
    </p>
   </div>
   <div class='ocr_carea' id='block_1_73' title="bbox 34 3714 1617 3797">
    <p class='ocr_par' dir='ltr' id='par_1_73' title="bbox 34 3720 1548 3794">
     <span class='ocr_line' id='line_1_73' title="bbox 34 3720 1548 3794; baseline -0.001 -20"><span class='ocrx_word' id='word_1_546' title='bbox 34 3726 109 3775; x_wconf 74' lang='grc' dir='ltr'>καὶ</span> <span class='ocrx_word' id='word_1_547' title='bbox 128 3723 548 3794; x_wconf 73' lang='grc' dir='ltr'>ὁμολογουμένην</span> <span class='ocrx_word' id='word_1_548' title='bbox 576 3740 871 3793; x_wconf 72' lang='grc' dir='ltr'>σνμφωνως</span> <span class='ocrx_word' id='word_1_549' title='bbox 896 3723 1206 3793; x_wconf 74' lang='grc' dir='ltr'>περιέπειν;</span> <span class='ocrx_word' id='word_1_550' title='bbox 1249 3720 1405 3773; x_wconf 85' lang='grc' dir='ltr'>Ἀλλά</span> <span class='ocrx_word' id='word_1_551' title='bbox 1422 3721 1548 3791; x_wconf 83' lang='grc' dir='ltr'>γὰρ,</span> 
     </span>
    </p>
   </div>
   <div class='ocr_carea' id='block_1_74' title="bbox 1618 3714 3201 3797">
    <p class='ocr_par' dir='ltr' id='par_1_74' title="bbox 1654 3714 3201 3797">
     <span class='ocr_line' id='line_1_74' title="bbox 1654 3714 3201 3797; baseline 0.014 -30"><span class='ocrx_word' id='word_1_552' title='bbox 1654 3714 1782 3786; x_wconf 88' lang='lat' dir='ltr'><strong>pbia</strong></span> <span class='ocrx_word' id='word_1_553' title='bbox 1820 3714 2215 3785; x_wconf 89' lang='lat' dir='ltr'><strong>disquiruntur,</strong></span> <span class='ocrx_word' id='word_1_554' title='bbox 2241 3719 2477 3775; x_wconf 89' lang='lat' dir='ltr'><strong>rationes</strong></span> <span class='ocrx_word' id='word_1_555' title='bbox 2510 3721 2725 3778; x_wconf 87' lang='lat' dir='ltr'><strong>haurire</strong></span> <span class='ocrx_word' id='word_1_556' title='bbox 2751 3726 3098 3797; x_wconf 84' lang='lat' dir='ltr'><strong>debuissent,</strong></span> <span class='ocrx_word' id='word_1_557' title='bbox 3130 3734 3201 3789; x_wconf 92' lang='lat' dir='ltr'><strong>de</strong></span> 
     </span>
    </p>
   </div>
   <div class='ocr_carea' id='block_1_75' title="bbox 33 3807 1616 3891">
    <p class='ocr_par' dir='ltr' id='par_1_75' title="bbox 33 3810 1551 3885">
     <span class='ocr_line' id='line_1_75' title="bbox 33 3810 1551 3885; baseline 0.001 -22"><span class='ocrx_word' id='word_1_558' title='bbox 33 3816 70 3864; x_wconf 79' lang='lat' dir='ltr'><strong>ti</strong></span> <span class='ocrx_word' id='word_1_559' title='bbox 88 3818 284 3881; x_wconf 75' lang='grc' dir='ltr'>φανεῖεν</span> <span class='ocrx_word' id='word_1_560' title='bbox 310 3810 456 3867; x_wconf 80' lang='grc' dir='ltr'>οὗτοι</span> <span class='ocrx_word' id='word_1_561' title='bbox 486 3813 867 3885; x_wconf 78' lang='grc' dir='ltr'>μηδὲν-ἀληθὲς</span> <span class='ocrx_word' id='word_1_562' title='bbox 917 3815 1044 3884; x_wconf 77' lang='grc' dir='ltr'>περὶ</span> <span class='ocrx_word' id='word_1_563' title='bbox 1082 3813 1217 3867; x_wconf 81' lang='grc' dir='ltr'>Θεοῦ</span> <span class='ocrx_word' id='word_1_564' title='bbox 1257 3814 1405 3884; x_wconf 80' lang='grc' dir='ltr'>παρά</span> <span class='ocrx_word' id='word_1_565' title='bbox 1442 3811 1551 3865; x_wconf 82' lang='grc' dir='ltr'>τῶν</span> 
     </span>
    </p>
   </div>
   <div class='ocr_carea' id='block_1_76' title="bbox 1617 3807 3200 3891">
    <p class='ocr_par' dir='ltr' id='par_1_76' title="bbox 1655 3807 3200 3891">
     <span class='ocr_line' id='line_1_76' title="bbox 1655 3807 3200 3891; baseline 0.014 -32"><span class='ocrx_word' id='word_1_566' title='bbox 1655 3807 1853 3877; x_wconf 89' lang='lat' dir='ltr'><strong>quibus</strong></span> <span class='ocrx_word' id='word_1_567' title='bbox 1879 3808 1980 3877; x_wconf 88' lang='lat' dir='ltr'><strong>ipsi</strong></span> <span class='ocrx_word' id='word_1_568' title='bbox 2005 3816 2128 3877; x_wconf 89' lang='lat' dir='ltr'><strong>post</strong></span> <span class='ocrx_word' id='word_1_569' title='bbox 2148 3808 2384 3865; x_wconf 73' lang='lat' dir='ltr'><strong>inﬁnitos</strong></span> <span class='ocrx_word' id='word_1_570' title='bbox 2410 3812 2627 3869; x_wconf 86' lang='lat' dir='ltr'><strong>labores</strong></span> <span class='ocrx_word' id='word_1_571' title='bbox 2644 3816 2713 3870; x_wconf 90' lang='lat' dir='ltr'><strong>ab</strong></span> <span class='ocrx_word' id='word_1_572' title='bbox 2729 3818 2849 3872; x_wconf 86' lang='lat' dir='ltr'><strong>aliis</strong></span> <span class='ocrx_word' id='word_1_573' title='bbox 2866 3820 3200 3891; x_wconf 83' lang='lat' dir='ltr'><strong>dissidendo,</strong></span> 
     </span>
    </p>
   </div>
   <div class='ocr_carea' id='block_1_77' title="bbox 36 3899 1619 3977">
    <p class='ocr_par' dir='ltr' id='par_1_77' title="bbox 36 3904 1551 3977">
     <span class='ocr_line' id='line_1_77' title="bbox 36 3904 1551 3977; baseline -0.001 -21"><span class='ocrx_word' id='word_1_574' title='bbox 36 3905 285 3976; x_wconf 78' lang='grc' dir='ltr'>προτέρων</span> <span class='ocrx_word' id='word_1_575' title='bbox 317 3906 709 3977; x_wconf 68' lang='grc' dir='ltr'>μεμαθηκότες,</span> <span class='ocrx_word' id='word_1_576' title='bbox 737 3905 960 3966; x_wconf 86' lang='grc' dir='ltr'>οίκείαις</span> <span class='ocrx_word' id='word_1_577' title='bbox 983 3904 1029 3956; x_wconf 82' lang='grc' dir='ltr'>δ’</span> <span class='ocrx_word' id='word_1_578' title='bbox 1052 3904 1310 3967; x_wconf 78' lang='grc' dir='ltr'>ἐπινοίαις</span> <span class='ocrx_word' id='word_1_579' title='bbox 1337 3907 1402 3975; x_wconf 77' lang='grc' dir='ltr'>τῇ</span> <span class='ocrx_word' id='word_1_580' title='bbox 1423 3904 1551 3973; x_wconf 77' lang='grc' dir='ltr'>περὶ</span> 
     </span>
    </p>
   </div>
   <div class='ocr_carea' id='block_1_78' title="bbox 1618 3899 3201 3977">
    <p class='ocr_par' dir='ltr' id='par_1_78' title="bbox 1656 3899 3201 3976">
     <span class='ocr_line' id='line_1_78' title="bbox 1656 3899 3201 3976; baseline 0.012 -24"><span class='ocrx_word' id='word_1_581' title='bbox 1656 3900 1726 3953; x_wconf 88' lang='lat' dir='ltr'><strong>ab</strong></span> <span class='ocrx_word' id='word_1_582' title='bbox 1755 3899 1871 3967; x_wconf 87' lang='lat' dir='ltr'><strong>ipsa</strong></span> <span class='ocrx_word' id='word_1_583' title='bbox 1894 3900 2134 3956; x_wconf 84' lang='lat' dir='ltr'><strong>veritatis</strong></span> <span class='ocrx_word' id='word_1_584' title='bbox 2177 3900 2585 3973; x_wconf 80' lang='lat' dir='ltr'><strong>investigatione</strong></span> <span class='ocrx_word' id='word_1_585' title='bbox 2616 3909 2803 3976; x_wconf 87' lang='lat' dir='ltr'><strong>procul</strong></span> <span class='ocrx_word' id='word_1_586' title='bbox 2837 3910 3201 3970; x_wconf 77' lang='lat' dir='ltr'><strong>aberrarunt!</strong></span> 
     </span>
    </p>
   </div>
   <div class='ocr_carea' id='block_1_79' title="bbox 36 3988 1619 4070">
    <p class='ocr_par' dir='ltr' id='par_1_79' title="bbox 36 3994 1553 4069">
     <span class='ocr_line' id='line_1_79' title="bbox 36 3994 1553 4069; baseline 0.001 -23"><span class='ocrx_word' id='word_1_587' title='bbox 36 3997 218 4061; x_wconf 72' lang='grc' dir='ltr'>φύσεως</span> <span class='ocrx_word' id='word_1_588' title='bbox 243 3997 654 4069; x_wconf 80' lang='grc' dir='ltr'>ἐπιϐεϐληκότες</span> <span class='ocrx_word' id='word_1_589' title='bbox 677 3996 932 4062; x_wconf 77' lang='grc' dir='ltr'>ἐξετάσει,</span> <span class='ocrx_word' id='word_1_590' title='bbox 962 3994 1055 4048; x_wconf 77' lang='grc' dir='ltr'><strong>καὶ</strong></span> <span class='ocrx_word' id='word_1_591' title='bbox 1087 3996 1407 4065; x_wconf 86' lang='grc' dir='ltr'>στοχασμοῖς</span> <span class='ocrx_word' id='word_1_592' title='bbox 1426 3996 1553 4065; x_wconf 71' lang='grc' dir='ltr'>μᾶλ-</span> 
     </span>
    </p>
   </div>
   <div class='ocr_carea' id='block_1_80' title="bbox 1615 3988 3198 4070">
    <p class='ocr_par' dir='ltr' id='par_1_80' title="bbox 1654 3988 3198 4070">
     <span class='ocr_line' id='line_1_80' title="bbox 1654 3988 3198 4070; baseline 0.01 -28"><span class='ocrx_word' id='word_1_593' title='bbox 1654 3988 1795 4055; x_wconf 87' lang='lat' dir='ltr'><strong>Quid</strong></span> <span class='ocrx_word' id='word_1_594' title='bbox 1822 4004 1984 4060; x_wconf 80' lang='lat' dir='ltr'><strong>porro</strong></span> <span class='ocrx_word' id='word_1_595' title='bbox 2008 4006 2227 4048; x_wconf 87' lang='lat' dir='ltr'><strong>necesse</strong></span> <span class='ocrx_word' id='word_1_596' title='bbox 2245 4001 2379 4061; x_wconf 85' lang='lat' dir='ltr'><strong>erat,</strong></span> <span class='ocrx_word' id='word_1_597' title='bbox 2399 4010 2536 4051; x_wconf 86' lang='lat' dir='ltr'><strong>nova</strong></span> <span class='ocrx_word' id='word_1_598' title='bbox 2558 3997 2627 4051; x_wconf 89' lang='lat' dir='ltr'><strong>de</strong></span> <span class='ocrx_word' id='word_1_599' title='bbox 2643 3997 2752 4053; x_wconf 88' lang='lat' dir='ltr'><strong>diis</strong></span> <span class='ocrx_word' id='word_1_600' title='bbox 2776 4002 3023 4070; x_wconf 65' lang='lat' dir='ltr'><strong>quadam</strong></span> <span class='ocrx_word' id='word_1_601' title='bbox 3051 4018 3198 4059; x_wconf 81' lang='lat' dir='ltr'><strong>coni-</strong></span> 
     </span>
    </p>
   </div>
   <div class='ocr_carea' id='block_1_81' title="bbox 38 4082 1621 4159">
    <p class='ocr_par' dir='ltr' id='par_1_81' title="bbox 38 4084 1552 4159">
     <span class='ocr_line' id='line_1_81' title="bbox 38 4084 1552 4159; baseline -0.002 -20"><span class='ocrx_word' id='word_1_602' title='bbox 38 4088 110 4139; x_wconf 75' lang='grc' dir='ltr'><strong>λον</strong></span> <span class='ocrx_word' id='word_1_603' title='bbox 134 4089 164 4158; x_wconf 72' lang='grc' dir='ltr'>ἢ</span> <span class='ocrx_word' id='word_1_604' title='bbox 192 4090 484 4159; x_wconf 74' lang='grc' dir='ltr'>καταλήψει</span> <span class='ocrx_word' id='word_1_605' title='bbox 515 4087 854 4159; x_wconf 79' lang='grc' dir='ltr'>κεχρημένοι·</span> <span class='ocrx_word' id='word_1_606' title='bbox 884 4086 937 4138; x_wconf 89' lang='grc' dir='ltr'><strong>τί</strong></span> <span class='ocrx_word' id='word_1_607' title='bbox 956 4085 1059 4155; x_wconf 77' lang='grc' dir='ltr'>χρὴ</span> <span class='ocrx_word' id='word_1_608' title='bbox 1094 4084 1275 4137; x_wconf 78' lang='grc' dir='ltr'>λοιπδν</span> <span class='ocrx_word' id='word_1_609' title='bbox 1309 4085 1383 4155; x_wconf 78' lang='grc' dir='ltr'>μὴ</span> <span class='ocrx_word' id='word_1_610' title='bbox 1432 4086 1552 4155; x_wconf 81' lang='grc' dir='ltr'>οὐχὶ</span> 
     </span>
    </p>
   </div>
   <div class='ocr_carea' id='block_1_82' title="bbox 1613 4082 3196 4159">
    <p class='ocr_par' dir='ltr' id='par_1_82' title="bbox 1655 4082 3196 4156">
     <span class='ocr_line' id='line_1_82' title="bbox 1655 4082 3196 4156; baseline 0.008 -21"><span class='ocrx_word' id='word_1_611' title='bbox 1655 4082 1890 4149; x_wconf 85' lang='lat' dir='ltr'><strong>minisci,</strong></span> <span class='ocrx_word' id='word_1_612' title='bbox 1923 4091 2017 4136; x_wconf 89' lang='lat' dir='ltr'><strong>aut</strong></span> <span class='ocrx_word' id='word_1_613' title='bbox 2042 4084 2181 4137; x_wconf 90' lang='lat' dir='ltr'><strong>inter</strong></span> <span class='ocrx_word' id='word_1_614' title='bbox 2210 4099 2330 4139; x_wconf 86' lang='lat' dir='ltr'><strong>sese</strong></span> <span class='ocrx_word' id='word_1_615' title='bbox 2349 4086 2594 4156; x_wconf 80' lang='lat' dir='ltr'><strong>pugilum</strong></span> <span class='ocrx_word' id='word_1_616' title='bbox 2623 4103 2774 4144; x_wconf 86' lang='lat' dir='ltr'><strong>more</strong></span> <span class='ocrx_word' id='word_1_617' title='bbox 2800 4090 3122 4155; x_wconf 74' lang='lat' dir='ltr'><strong>conflictari,</strong></span> <span class='ocrx_word' id='word_1_618' title='bbox 3151 4096 3196 4147; x_wconf 91' lang='lat' dir='ltr'><strong>si</strong></span> 
     </span>
    </p>
   </div>
   <div class='ocr_carea' id='block_1_83' title="bbox 38 4170 1621 4248">
    <p class='ocr_par' dir='ltr' id='par_1_83' title="bbox 38 4170 1551 4248">
     <span class='ocr_line' id='line_1_83' title="bbox 38 4170 1551 4248; baseline 0 -23"><span class='ocrx_word' id='word_1_619' title='bbox 38 4177 385 4246; x_wconf 70' lang='grc' dir='ltr'>συνομολογεῖν</span> <span class='ocrx_word' id='word_1_620' title='bbox 404 4178 499 4248; x_wconf 78' lang='grc' dir='ltr'>τὴν</span> <span class='ocrx_word' id='word_1_621' title='bbox 520 4177 751 4230; x_wconf 68' lang='grc' dir='ltr'>παλαιὰν</span> <span class='ocrx_word' id='word_1_622' title='bbox 780 4175 883 4228; x_wconf 84' lang='grc' dir='ltr'>τῶν</span> <span class='ocrx_word' id='word_1_623' title='bbox 902 4174 1068 4227; x_wconf 82' lang='grc' dir='ltr'>ἐθνῶν</span> <span class='ocrx_word' id='word_1_624' title='bbox 1096 4172 1368 4240; x_wconf 84' lang='grc' dir='ltr'>θεολογίαν</span> <span class='ocrx_word' id='word_1_625' title='bbox 1388 4170 1551 4243; x_wconf 69' lang='grc' dir='ltr'>μηδὲν</span> 
     </span>
    </p>
   </div>
   <div class='ocr_carea' id='block_1_84' title="bbox 1612 4170 3195 4248">
    <p class='ocr_par' dir='ltr' id='par_1_84' title="bbox 1654 4173 3195 4248">
     <span class='ocr_line' id='line_1_84' title="bbox 1654 4173 3195 4248; baseline 0.008 -22"><span class='ocrx_word' id='word_1_626' title='bbox 1654 4173 1816 4227; x_wconf 87' lang='lat' dir='ltr'><strong>modo</strong></span> <span class='ocrx_word' id='word_1_627' title='bbox 1864 4188 2054 4228; x_wconf 87' lang='lat' dir='ltr'><strong>secura</strong></span> <span class='ocrx_word' id='word_1_628' title='bbox 2098 4175 2359 4243; x_wconf 78' lang='lat' dir='ltr'><strong>ﬁrmaque</strong></span> <span class='ocrx_word' id='word_1_629' title='bbox 2403 4178 2470 4231; x_wconf 86' lang='lat' dir='ltr'><strong>de</strong></span> <span class='ocrx_word' id='word_1_630' title='bbox 2506 4176 2610 4230; x_wconf 90' lang='lat' dir='ltr'><strong>diis</strong></span> <span class='ocrx_word' id='word_1_631' title='bbox 2653 4178 3018 4248; x_wconf 84' lang='lat' dir='ltr'><strong>existimatio,</strong></span> <span class='ocrx_word' id='word_1_632' title='bbox 3046 4198 3195 4238; x_wconf 87' lang='lat' dir='ltr'><strong>vera-</strong></span> 
     </span>
    </p>
   </div>
   <div class='ocr_carea' id='block_1_85' title="bbox 41 4261 1624 4338">
    <p class='ocr_par' dir='ltr' id='par_1_85' title="bbox 41 4261 1552 4338">
     <span class='ocr_line' id='line_1_85' title="bbox 41 4261 1552 4338; baseline -0.003 -20"><span class='ocrx_word' id='word_1_633' title='bbox 41 4266 173 4318; x_wconf 77' lang='grc' dir='ltr'>πλέον</span> <span class='ocrx_word' id='word_1_634' title='bbox 202 4268 295 4335; x_wconf 87' lang='grc' dir='ltr'><strong>τῆς</strong></span> <span class='ocrx_word' id='word_1_635' title='bbox 316 4261 664 4338; x_wconf 79' lang='grc' dir='ltr'>ἀποδοθείσης</span> <span class='ocrx_word' id='word_1_636' title='bbox 690 4269 747 4320; x_wconf 80' lang='grc' dir='ltr'><strong>ἐν</strong></span> <span class='ocrx_word' id='word_1_637' title='bbox 778 4269 884 4329; x_wconf 89' lang='grc' dir='ltr'>τοῖς</span> <span class='ocrx_word' id='word_1_638' title='bbox 919 4264 1024 4336; x_wconf 81' lang='grc' dir='ltr'>πρὸ</span> <span class='ocrx_word' id='word_1_639' title='bbox 1058 4263 1242 4315; x_wconf 85' lang='grc' dir='ltr'>τούτου</span> <span class='ocrx_word' id='word_1_640' title='bbox 1285 4262 1552 4332; x_wconf 76' lang='grc' dir='ltr'>συγγράμο</span> 
     </span>
    </p>
   </div>
   <div class='ocr_carea' id='block_1_86' title="bbox 1615 4261 3198 4338">
    <p class='ocr_par' dir='ltr' id='par_1_86' title="bbox 1654 4265 3198 4336">
     <span class='ocr_line' id='line_1_86' title="bbox 1654 4265 3198 4336; baseline 0.01 -21"><span class='ocrx_word' id='word_1_641' title='bbox 1654 4278 1759 4333; x_wconf 84' lang='lat' dir='ltr'><strong>que</strong></span> <span class='ocrx_word' id='word_1_642' title='bbox 1786 4265 2058 4335; x_wconf 88' lang='lat' dir='ltr'><strong>religionis</strong></span> <span class='ocrx_word' id='word_1_643' title='bbox 2084 4267 2351 4335; x_wconf 82' lang='lat' dir='ltr'><strong>cognitio,</strong></span> <span class='ocrx_word' id='word_1_644' title='bbox 2381 4267 2683 4336; x_wconf 88' lang='lat' dir='ltr'><strong>priscorum</strong></span> <span class='ocrx_word' id='word_1_645' title='bbox 2715 4270 2995 4329; x_wconf 88' lang='lat' dir='ltr'><strong>hominum</strong></span> <span class='ocrx_word' id='word_1_646' title='bbox 3029 4276 3198 4329; x_wconf 86' lang='lat' dir='ltr'><strong>sacris</strong></span> 
     </span>
    </p>
   </div>
   <div class='ocr_carea' id='block_1_87' title="bbox 42 4350 1625 4432">
    <p class='ocr_par' dir='ltr' id='par_1_87' title="bbox 42 4350 1551 4429">
     <span class='ocr_line' id='line_1_87' title="bbox 42 4350 1551 4429; baseline -0.004 -20"><span class='ocrx_word' id='word_1_647' title='bbox 42 4371 178 4423; x_wconf 77' lang='grc' dir='ltr'>μασιν</span> <span class='ocrx_word' id='word_1_648' title='bbox 198 4359 430 4429; x_wconf 76' lang='grc' dir='ltr'>ἱστορίας</span> <span class='ocrx_word' id='word_1_649' title='bbox 463 4358 704 4427; x_wconf 77' lang='grc' dir='ltr'>ἐπέχειν;</span> <span class='ocrx_word' id='word_1_650' title='bbox 744 4358 862 4410; x_wconf 87' lang='grc' dir='ltr'>Ὅτι</span> <span class='ocrx_word' id='word_1_651' title='bbox 887 4356 983 4426; x_wconf 77' lang='grc' dir='ltr'><strong>μὲν</strong></span> <span class='ocrx_word' id='word_1_652' title='bbox 1005 4350 1094 4408; x_wconf 84' lang='grc' dir='ltr'>οὖν</span> <span class='ocrx_word' id='word_1_653' title='bbox 1119 4354 1177 4417; x_wconf 82' lang='grc' dir='ltr'>ἐξ</span> <span class='ocrx_word' id='word_1_654' title='bbox 1204 4352 1551 4421; x_wconf 88' lang='grc' dir='ltr'>ἀνθρωπίνων</span> 
     </span>
    </p>
   </div>
   <div class='ocr_carea' id='block_1_88' title="bbox 1611 4350 3194 4432">
    <p class='ocr_par' dir='ltr' id='par_1_88' title="bbox 1657 4353 3194 4432">
     <span class='ocr_line' id='line_1_88' title="bbox 1657 4353 3194 4432; baseline 0.008 -27"><span class='ocrx_word' id='word_1_655' title='bbox 1657 4353 1761 4407; x_wconf 90' lang='lat' dir='ltr'><strong>illis</strong></span> <span class='ocrx_word' id='word_1_656' title='bbox 1794 4353 1984 4407; x_wconf 89' lang='lat' dir='ltr'><strong>ritibus</strong></span> <span class='ocrx_word' id='word_1_657' title='bbox 2025 4364 2185 4421; x_wconf 90' lang='lat' dir='ltr'><strong>atque</strong></span> <span class='ocrx_word' id='word_1_658' title='bbox 2227 4355 2529 4425; x_wconf 83' lang='lat' dir='ltr'><strong>mysteriis,</strong></span> <span class='ocrx_word' id='word_1_659' title='bbox 2578 4357 2891 4429; x_wconf 61' lang='lat' dir='ltr'><strong>ceterisque</strong></span> <span class='ocrx_word' id='word_1_660' title='bbox 2918 4360 3194 4432; x_wconf 80' lang='lat' dir='ltr'><strong>theologia:</strong></span> 
     </span>
    </p>
   </div>
   <div class='ocr_carea' id='block_1_89' title="bbox 44 4442 1627 4529">
    <p class='ocr_par' dir='ltr' id='par_1_89' title="bbox 44 4442 1549 4518">
     <span class='ocr_line' id='line_1_89' title="bbox 44 4442 1549 4518; baseline 0.005 -21"><span class='ocrx_word' id='word_1_661' title='bbox 44 4448 347 4518; x_wconf 75' lang='grc' dir='ltr'>στοχασμῶν,</span> <span class='ocrx_word' id='word_1_662' title='bbox 402 4450 495 4501; x_wconf 84' lang='grc' dir='ltr'>καὶ</span> <span class='ocrx_word' id='word_1_663' title='bbox 539 4448 735 4518; x_wconf 83' lang='grc' dir='ltr'>πολλῆς</span> <span class='ocrx_word' id='word_1_664' title='bbox 782 4446 1124 4517; x_wconf 82' lang='grc' dir='ltr'>λογομαχίας,</span> <span class='ocrx_word' id='word_1_665' title='bbox 1178 4445 1287 4496; x_wconf 56' lang='grc' dir='ltr'>καῖ</span> <span class='ocrx_word' id='word_1_666' title='bbox 1327 4442 1549 4512; x_wconf 70' lang='grc' dir='ltr'>πλάνης,</span> 
     </span>
    </p>
   </div>
   <div class='ocr_carea' id='block_1_90' title="bbox 1615 4442 3198 4529">
    <p class='ocr_par' dir='ltr' id='par_1_90' title="bbox 1654 4443 3198 4529">
     <span class='ocr_line' id='line_1_90' title="bbox 1654 4443 3198 4529; baseline 0.006 -32"><span class='ocrx_word' id='word_1_667' title='bbox 1654 4458 1767 4497; x_wconf 68' lang='lat' dir='ltr'><strong>suae</strong></span> <span class='ocrx_word' id='word_1_668' title='bbox 1799 4443 2097 4498; x_wconf 84' lang='lat' dir='ltr'><strong>rationibus</strong></span> <span class='ocrx_word' id='word_1_669' title='bbox 2139 4446 2515 4499; x_wconf 85' lang='lat' dir='ltr'><strong>continebatur</strong></span> <span class='ocrx_word' id='word_1_670' title='bbox 2548 4465 2559 4500; x_wconf 95' lang='lat'><strong>:</strong></span> <span class='ocrx_word' id='word_1_671' title='bbox 2598 4462 2723 4503; x_wconf 89' lang='lat' dir='ltr'><strong>cum</strong></span> <span class='ocrx_word' id='word_1_672' title='bbox 2771 4450 2860 4505; x_wconf 85' lang='lat' dir='ltr'><strong>illa</strong></span> <span class='ocrx_word' id='word_1_673' title='bbox 2897 4452 3013 4529; x_wconf 63' lang='lat' dir='ltr'><strong>ipsa</strong></span> <span class='ocrx_word' id='word_1_674' title='bbox 3050 4452 3198 4507; x_wconf 78' lang='lat' dir='ltr'><strong>nulla</strong></span> 
     </span>
    </p>
   </div>
   <div class='ocr_carea' id='block_1_91' title="bbox 44 4534 1627 4621">
    <p class='ocr_par' dir='ltr' id='par_1_91' title="bbox 44 4534 1627 4621">
     <span class='ocr_line' id='line_1_91' title="bbox 44 4534 1627 4621; baseline 0.004 -32"><span class='ocrx_word' id='word_1_675' title='bbox 44 4537 137 4589; x_wconf 78' lang='grc' dir='ltr'>ἀλλ’</span> <span class='ocrx_word' id='word_1_676' title='bbox 156 4540 247 4592; x_wconf 77' lang='grc' dir='ltr'>οὐκ</span> <span class='ocrx_word' id='word_1_677' title='bbox 270 4540 334 4594; x_wconf 78' lang='grc' dir='ltr'><strong>ἐκ</strong></span> <span class='ocrx_word' id='word_1_678' title='bbox 359 4556 501 4603; x_wconf 84' lang='grc' dir='ltr'>τινος</span> <span class='ocrx_word' id='word_1_679' title='bbox 531 4539 785 4609; x_wconf 80' lang='grc' dir='ltr'>ἀκριϐοῦς</span> <span class='ocrx_word' id='word_1_680' title='bbox 815 4538 1182 4605; x_wconf 82' lang='grc' dir='ltr'>καταλήψεως,</span> <span class='ocrx_word' id='word_1_681' title='bbox 1212 4538 1245 4605; x_wconf 81' lang='grc' dir='ltr'>ἡ</span> <span class='ocrx_word' id='word_1_682' title='bbox 1277 4534 1424 4604; x_wconf 84' lang='grc' dir='ltr'>παρά</span> <span class='ocrx_word' id='word_1_683' title='bbox 1443 4537 1551 4596; x_wconf 83' lang='grc' dir='ltr'>τοῖς</span> <span class='ocrx_word' id='word_1_684' title='bbox 1586 4567 1627 4621; x_wconf 77' lang='grc' dir='ltr'><strong>υ</strong></span> 
     </span>
    </p>
   </div>
   <div class='ocr_carea' id='block_1_92' title="bbox 1616 4534 3199 4621">
    <p class='ocr_par' dir='ltr' id='par_1_92' title="bbox 1616 4538 3199 4618">
     <span class='ocr_line' id='line_1_92' title="bbox 1616 4538 3199 4618; baseline 0.006 -29"><span class='ocrx_word' id='word_1_685' title='bbox 1616 4572 1629 4618; x_wconf 47' lang='grc'><strong><em>⁵</em></strong></span> <span class='ocrx_word' id='word_1_686' title='bbox 1656 4538 1739 4589; x_wconf 87' lang='lat' dir='ltr'><strong>sui</strong></span> <span class='ocrx_word' id='word_1_687' title='bbox 1768 4544 1973 4590; x_wconf 82' lang='lat' dir='ltr'><strong>mutata</strong></span> <span class='ocrx_word' id='word_1_688' title='bbox 1996 4545 2167 4607; x_wconf 83' lang='lat' dir='ltr'><strong>parte,</strong></span> <span class='ocrx_word' id='word_1_689' title='bbox 2195 4538 2467 4591; x_wconf 85' lang='lat' dir='ltr'><strong>communi</strong></span> <span class='ocrx_word' id='word_1_690' title='bbox 2493 4548 2831 4607; x_wconf 81' lang='lat' dir='ltr'><strong>posterorum</strong></span> <span class='ocrx_word' id='word_1_691' title='bbox 2851 4554 3113 4600; x_wconf 81' lang='lat' dir='ltr'><strong>consensu</strong></span> <span class='ocrx_word' id='word_1_692' title='bbox 3132 4558 3199 4599; x_wconf 75' lang='lat' dir='ltr'><strong>ac</strong></span> 
     </span>
    </p>
   </div>
   <div class='ocr_carea' id='block_1_93' title="bbox 47 4626 1630 4699">
    <p class='ocr_par' dir='ltr' id='par_1_93' title="bbox 47 4627 1555 4699">
     <span class='ocr_line' id='line_1_93' title="bbox 47 4627 1555 4699; baseline -0.002 -18"><span class='ocrx_word' id='word_1_693' title='bbox 47 4627 266 4699; x_wconf 77' lang='grc' dir='ltr'>Ἕλλησιν</span> <span class='ocrx_word' id='word_1_694' title='bbox 287 4632 489 4699; x_wconf 83' lang='grc' dir='ltr'>ὑπέστη</span> <span class='ocrx_word' id='word_1_695' title='bbox 519 4630 819 4699; x_wconf 81' lang='grc' dir='ltr'>φιλοσοφία,</span> <span class='ocrx_word' id='word_1_696' title='bbox 864 4632 927 4681; x_wconf 82' lang='grc' dir='ltr'><strong>ὲκ</strong></span> <span class='ocrx_word' id='word_1_697' title='bbox 961 4630 1059 4697; x_wconf 85' lang='grc' dir='ltr'><strong>τῆς</strong></span> <span class='ocrx_word' id='word_1_698' title='bbox 1084 4629 1214 4699; x_wconf 82' lang='grc' dir='ltr'>πρὸς</span> <span class='ocrx_word' id='word_1_699' title='bbox 1236 4628 1555 4680; x_wconf 82' lang='grc' dir='ltr'>Νεκτεναϐὼ</span> 
     </span>
    </p>
   </div>
   <div class='ocr_carea' id='block_1_94' title="bbox 1619 4626 3202 4699">
    <p class='ocr_par' dir='ltr' id='par_1_94' title="bbox 1658 4626 3202 4699">
     <span class='ocr_line' id='line_1_94' title="bbox 1658 4626 3202 4699; baseline 0.005 -20"><span class='ocrx_word' id='word_1_700' title='bbox 1658 4628 1993 4695; x_wconf 79' lang='lat' dir='ltr'><strong>professione</strong></span> <span class='ocrx_word' id='word_1_701' title='bbox 2035 4626 2254 4681; x_wconf 87' lang='lat' dir='ltr'><strong>retineri</strong></span> <span class='ocrx_word' id='word_1_702' title='bbox 2286 4628 2507 4696; x_wconf 79' lang='lat' dir='ltr'><strong>posset?</strong></span> <span class='ocrx_word' id='word_1_703' title='bbox 2552 4629 2647 4685; x_wconf 88' lang='lat' dir='ltr'><strong>Sin</strong></span> <span class='ocrx_word' id='word_1_704' title='bbox 2675 4642 2855 4688; x_wconf 86' lang='lat' dir='ltr'><strong>autem</strong></span> <span class='ocrx_word' id='word_1_705' title='bbox 2883 4633 2938 4687; x_wconf 84' lang='lat' dir='ltr'><strong>id</strong></span> <span class='ocrx_word' id='word_1_706' title='bbox 2960 4642 3202 4699; x_wconf 75' lang='lat' dir='ltr'><strong>constat,</strong></span> 
     </span>
    </p>
   </div>
   <div class='ocr_carea' id='block_1_95' title="bbox 47 4716 1630 4790">
    <p class='ocr_par' dir='ltr' id='par_1_95' title="bbox 47 4718 1553 4790">
     <span class='ocr_line' id='line_1_95' title="bbox 47 4718 1553 4790; baseline -0.002 -17"><span class='ocrx_word' id='word_1_707' title='bbox 47 4718 119 4769; x_wconf 74' lang='grc' dir='ltr'>τὸν</span> <span class='ocrx_word' id='word_1_708' title='bbox 144 4721 421 4788; x_wconf 73' lang='grc' dir='ltr'>Αίγύπτιον</span> <span class='ocrx_word' id='word_1_709' title='bbox 457 4720 739 4789; x_wconf 83' lang='grc' dir='ltr'>ἐπιστολῆς</span> <span class='ocrx_word' id='word_1_710' title='bbox 774 4721 866 4773; x_wconf 82' lang='grc' dir='ltr'><strong>τοῦ</strong></span> <span class='ocrx_word' id='word_1_711' title='bbox 902 4719 1203 4790; x_wconf 83' lang='grc' dir='ltr'>Πορφυρίου</span> <span class='ocrx_word' id='word_1_712' title='bbox 1249 4718 1435 4788; x_wconf 86' lang='grc' dir='ltr'>μάθοις</span> <span class='ocrx_word' id='word_1_713' title='bbox 1466 4718 1553 4782; x_wconf 76' lang='grc' dir='ltr'>ἂν,</span> 
     </span>
    </p>
   </div>
   <div class='ocr_carea' id='block_1_96' title="bbox 1622 4716 3205 4790">
    <p class='ocr_par' dir='ltr' id='par_1_96' title="bbox 1658 4716 3205 4790">
     <span class='ocr_line' id='line_1_96' title="bbox 1658 4716 3205 4790; baseline 0.008 -21"><span class='ocrx_word' id='word_1_714' title='bbox 1658 4716 1985 4772; x_wconf 85' lang='lat' dir='ltr'><strong>recentiores</strong></span> <span class='ocrx_word' id='word_1_715' title='bbox 2015 4718 2146 4772; x_wconf 84' lang='lat' dir='ltr'><strong>istos</strong></span> <span class='ocrx_word' id='word_1_716' title='bbox 2176 4716 2285 4773; x_wconf 90' lang='lat' dir='ltr'><strong>veri</strong></span> <span class='ocrx_word' id='word_1_717' title='bbox 2319 4717 2384 4772; x_wconf 86' lang='lat' dir='ltr'><strong>de</strong></span> <span class='ocrx_word' id='word_1_718' title='bbox 2408 4717 2517 4773; x_wconf 89' lang='lat' dir='ltr'><strong>Deo</strong></span> <span class='ocrx_word' id='word_1_719' title='bbox 2551 4721 2683 4774; x_wconf 86' lang='lat' dir='ltr'><strong>nihil</strong></span> <span class='ocrx_word' id='word_1_720' title='bbox 2715 4721 2784 4777; x_wconf 82' lang='lat' dir='ltr'><strong>ab</strong></span> <span class='ocrx_word' id='word_1_721' title='bbox 2804 4722 3205 4790; x_wconf 80' lang='lat' dir='ltr'><strong>antiquioribus</strong></span> 
     </span>
    </p>
   </div>
   <div class='ocr_carea' id='block_1_97' title="bbox 49 4792 1632 4885">
    <p class='ocr_par' dir='ltr' id='par_1_97' title="bbox 49 4792 1555 4885">
     <span class='ocr_line' id='line_1_97' title="bbox 49 4792 1555 4885; baseline -0.003 -22"><span class='ocrx_word' id='word_1_722' title='bbox 49 4810 156 4863; x_wconf 72' lang='grc' dir='ltr'><strong>αὐτὸ</strong></span> <span class='ocrx_word' id='word_1_723' title='bbox 214 4812 275 4885; x_wconf 74' lang='grc' dir='ltr'>δὴ</span> <span class='ocrx_word' id='word_1_724' title='bbox 333 4813 490 4865; x_wconf 80' lang='grc' dir='ltr'>τοῦτο</span> <span class='ocrx_word' id='word_1_725' title='bbox 562 4812 795 4873; x_wconf 82' lang='grc' dir='ltr'>ἀκούσας</span> <span class='ocrx_word' id='word_1_726' title='bbox 867 4792 1247 4882; x_wconf 82' lang='grc' dir='ltr'>ὁμολογοῦντος</span> <span class='ocrx_word' id='word_1_727' title='bbox 1312 4809 1370 4861; x_wconf 80' lang='grc' dir='ltr'><strong>ἐν</strong></span> <span class='ocrx_word' id='word_1_728' title='bbox 1435 4806 1555 4859; x_wconf 74' lang='grc' dir='ltr'><strong>τού-</strong></span> 
     </span>
    </p>
   </div>
   <div class='ocr_carea' id='block_1_98' title="bbox 1617 4792 3200 4885">
    <p class='ocr_par' dir='ltr' id='par_1_98' title="bbox 1658 4808 3200 4883">
     <span class='ocr_line' id='line_1_98' title="bbox 1658 4808 3200 4883; baseline 0.006 -22"><span class='ocrx_word' id='word_1_729' title='bbox 1658 4808 1765 4862; x_wconf 89' lang='lat' dir='ltr'><strong>illis</strong></span> <span class='ocrx_word' id='word_1_730' title='bbox 1791 4808 2062 4870; x_wconf 88' lang='lat' dir='ltr'><strong>didicisse,</strong></span> <span class='ocrx_word' id='word_1_731' title='bbox 2094 4824 2155 4863; x_wconf 92' lang='lat' dir='ltr'><strong>ac</strong></span> <span class='ocrx_word' id='word_1_732' title='bbox 2180 4823 2367 4877; x_wconf 84' lang='lat' dir='ltr'><strong>suopte</strong></span> <span class='ocrx_word' id='word_1_733' title='bbox 2387 4828 2653 4881; x_wconf 85' lang='lat' dir='ltr'><strong>quemque</strong></span> <span class='ocrx_word' id='word_1_734' title='bbox 2682 4813 2891 4883; x_wconf 82' lang='lat' dir='ltr'><strong>ingenio</strong></span> <span class='ocrx_word' id='word_1_735' title='bbox 2913 4816 2991 4869; x_wconf 87' lang='lat' dir='ltr'><strong>sic</strong></span> <span class='ocrx_word' id='word_1_736' title='bbox 3014 4815 3066 4869; x_wconf 89' lang='lat' dir='ltr'><strong>in</strong></span> <span class='ocrx_word' id='word_1_737' title='bbox 3102 4832 3200 4870; x_wconf 82' lang='lat' dir='ltr'><strong>na-</strong></span> 
     </span>
    </p>
   </div>
   <div class='ocr_carea' id='block_1_99' title="bbox 52 4900 3201 4979">
    <p class='ocr_par' dir='ltr' id='par_1_99' title="bbox 52 4900 3201 4979">
     <span class='ocr_line' id='line_1_99' title="bbox 52 4900 3201 4979; baseline 0.007 -39"><span class='ocrx_word' id='word_1_738' title='bbox 52 4913 157 4962; x_wconf 75' lang='grc' dir='ltr'>τοις,</span> <span class='ocrx_word' id='word_1_739' title='bbox 1662 4909 1792 4951; x_wconf 70' lang='lat' dir='ltr'><strong>tum</strong></span> <span class='ocrx_word' id='word_1_740' title='bbox 1824 4900 2281 4967; x_wconf 81' lang='lat' dir='ltr'><strong>investigationem</strong></span> <span class='ocrx_word' id='word_1_741' title='bbox 2314 4901 2641 4965; x_wconf 82' lang='lat' dir='ltr'><strong>incubuisse,</strong></span> <span class='ocrx_word' id='word_1_742' title='bbox 2672 4910 2733 4956; x_wconf 89' lang='lat' dir='ltr'><strong>ut</strong></span> <span class='ocrx_word' id='word_1_743' title='bbox 2759 4903 3084 4972; x_wconf 66' lang='lat' dir='ltr'><strong>coniecturis</strong></span> <span class='ocrx_word' id='word_1_744' title='bbox 3112 4923 3201 4979; x_wconf 75' lang='lat' dir='ltr'><strong>po.</strong></span> 
     </span>
    </p>
   </div>
   <div class='ocr_carea' id='block_1_100' title="bbox 50 4987 3201 5062">
    <p class='ocr_par' dir='ltr' id='par_1_100' title="bbox 50 4987 3201 5062">
     <span class='ocr_line' id='line_1_100' title="bbox 50 4987 3201 5062; baseline 0.003 -21"><span class='ocrx_word' id='word_1_745' title='bbox 50 4990 140 5044; x_wconf 82' lang='lat' dir='ltr'><strong>tius</strong></span> <span class='ocrx_word' id='word_1_746' title='bbox 170 5008 323 5062; x_wconf 86' lang='lat' dir='ltr'><strong>quam</strong></span> <span class='ocrx_word' id='word_1_747' title='bbox 370 4992 475 5046; x_wconf 90' lang='lat' dir='ltr'><strong>ulla</strong></span> <span class='ocrx_word' id='word_1_748' title='bbox 536 4990 1007 5060; x_wconf 87' lang='lat' dir='ltr'><strong>comprehensione</strong></span> <span class='ocrx_word' id='word_1_749' title='bbox 1051 4990 1348 5042; x_wconf 78' lang='lat' dir='ltr'><strong>niterentur</strong></span> <span class='ocrx_word' id='word_1_750' title='bbox 1394 5003 1407 5036; x_wconf 87' lang='lat'><strong>:</strong></span> <span class='ocrx_word' id='word_1_751' title='bbox 1451 4987 1573 5051; x_wconf 89' lang='lat' dir='ltr'><strong>quis</strong></span> <span class='ocrx_word' id='word_1_752' title='bbox 1613 5002 1720 5039; x_wconf 93' lang='lat' dir='ltr'><strong>non</strong></span> <span class='ocrx_word' id='word_1_753' title='bbox 1774 4988 1999 5055; x_wconf 80' lang='lat' dir='ltr'><strong>ingenue</strong></span> <span class='ocrx_word' id='word_1_754' title='bbox 2026 4988 2382 5043; x_wconf 75' lang='lat' dir='ltr'><strong>confitendum</strong></span> <span class='ocrx_word' id='word_1_755' title='bbox 2418 5005 2537 5045; x_wconf 86' lang='lat' dir='ltr'><strong>esse</strong></span> <span class='ocrx_word' id='word_1_756' title='bbox 2574 4991 2768 5057; x_wconf 81' lang='lat' dir='ltr'><strong>videat,</strong></span> <span class='ocrx_word' id='word_1_757' title='bbox 2798 4994 2927 5048; x_wconf 83' lang='lat' dir='ltr'><strong>nihii</strong></span> <span class='ocrx_word' id='word_1_758' title='bbox 2979 5002 3201 5051; x_wconf 59' lang='lat' dir='ltr'><strong>aninmo</strong></span> 
     </span>
    </p>
   </div>
   <div class='ocr_carea' id='block_1_101' title="bbox 56 5078 3202 5157">
    <p class='ocr_par' dir='ltr' id='par_1_101' title="bbox 56 5078 3202 5157">
     <span class='ocr_line' id='line_1_101' title="bbox 56 5078 3202 5157; baseline 0.003 -22"><span class='ocrx_word' id='word_1_759' title='bbox 56 5091 314 5151; x_wconf 65' lang='lat' dir='ltr'><strong>praeterea,</strong></span> <span class='ocrx_word' id='word_1_760' title='bbox 360 5101 481 5156; x_wconf 71' lang='lat' dir='ltr'><strong>qua:</strong></span> <span class='ocrx_word' id='word_1_761' title='bbox 522 5083 887 5156; x_wconf 85' lang='lat' dir='ltr'><strong>superioribus</strong></span> <span class='ocrx_word' id='word_1_762' title='bbox 915 5082 1063 5135; x_wconf 90' lang='lat' dir='ltr'><strong>libris</strong></span> <span class='ocrx_word' id='word_1_763' title='bbox 1119 5078 1494 5140; x_wconf 83' lang='lat' dir='ltr'><strong>indicavimus,</strong></span> <span class='ocrx_word' id='word_1_764' title='bbox 1537 5083 1771 5147; x_wconf 84' lang='lat' dir='ltr'><strong>gentium</strong></span> <span class='ocrx_word' id='word_1_765' title='bbox 1800 5080 2064 5150; x_wconf 82' lang='lat' dir='ltr'><strong>theologia</strong></span> <span class='ocrx_word' id='word_1_766' title='bbox 2114 5084 2413 5138; x_wconf 81' lang='lat' dir='ltr'><strong>contineri?</strong></span> <span class='ocrx_word' id='word_1_767' title='bbox 2438 5083 2513 5137; x_wconf 79' lang='lat' dir='ltr'><strong>Ac</strong></span> <span class='ocrx_word' id='word_1_768' title='bbox 2538 5094 2864 5151; x_wconf 86' lang='lat' dir='ltr'><strong>postremum</strong></span> <span class='ocrx_word' id='word_1_769' title='bbox 2895 5090 3109 5157; x_wconf 80' lang='lat' dir='ltr'><strong>quidem</strong></span> <span class='ocrx_word' id='word_1_770' title='bbox 3136 5092 3202 5143; x_wconf 78' lang='lat' dir='ltr'><strong>ii-</strong></span> 
     </span>
    </p>
   </div>
   <div class='ocr_carea' id='block_1_102' title="bbox 57 5168 3198 5247">
    <p class='ocr_par' dir='ltr' id='par_1_102' title="bbox 57 5168 3198 5247">
     <span class='ocr_line' id='line_1_102' title="bbox 57 5168 3198 5247; baseline -0.005 -10"><span class='ocrx_word' id='word_1_771' title='bbox 57 5168 159 5236; x_wconf 69' lang='grc' dir='ltr'>ιιιάο</span> <span class='ocrx_word' id='word_1_772' title='bbox 185 5190 337 5244; x_wconf 80' lang='lat' dir='ltr'><strong>quam</strong></span> <span class='ocrx_word' id='word_1_773' title='bbox 365 5193 432 5234; x_wconf 89' lang='lat' dir='ltr'><strong>ex</strong></span> <span class='ocrx_word' id='word_1_774' title='bbox 456 5184 704 5232; x_wconf 86' lang='lat' dir='ltr'><strong>accurata</strong></span> <span class='ocrx_word' id='word_1_775' title='bbox 760 5176 904 5227; x_wconf 89' lang='lat' dir='ltr'><strong>nulla</strong></span> <span class='ocrx_word' id='word_1_776' title='bbox 945 5173 1456 5242; x_wconf 86' lang='lat' dir='ltr'><strong>comprehensione,</strong></span> <span class='ocrx_word' id='word_1_777' title='bbox 1512 5172 1605 5225; x_wconf 80' lang='lat' dir='ltr'><strong>sed</strong></span> <span class='ocrx_word' id='word_1_778' title='bbox 1642 5172 1962 5241; x_wconf 84' lang='lat' dir='ltr'><strong>quibusdam</strong></span> <span class='ocrx_word' id='word_1_779' title='bbox 2010 5183 2218 5228; x_wconf 86' lang='lat' dir='ltr'><strong>tantum</strong></span> <span class='ocrx_word' id='word_1_780' title='bbox 2246 5190 2307 5229; x_wconf 79' lang='lat' dir='ltr'><strong>es</strong></span> <span class='ocrx_word' id='word_1_781' title='bbox 2360 5174 2701 5241; x_wconf 81' lang='lat' dir='ltr'><strong>coniecturis,</strong></span> <span class='ocrx_word' id='word_1_782' title='bbox 2752 5193 3051 5247; x_wconf 66' lang='lat' dir='ltr'><strong>magnoque</strong></span> <span class='ocrx_word' id='word_1_783' title='bbox 3080 5195 3198 5234; x_wconf 59' lang='grc' dir='ltr'>νει-</span> 
     </span>
    </p>
   </div>
   <div class='ocr_carea' id='block_1_103' title="bbox 59 5261 3201 5337">
    <p class='ocr_par' dir='ltr' id='par_1_103' title="bbox 59 5261 3201 5337">
     <span class='ocr_line' id='line_1_103' title="bbox 59 5261 3201 5337; baseline 0.002 -19"><span class='ocrx_word' id='word_1_784' title='bbox 59 5261 217 5319; x_wconf 77' lang='lat' dir='ltr'><strong>hortm</strong></span> <span class='ocrx_word' id='word_1_785' title='bbox 264 5270 513 5326; x_wconf 77' lang='lat' dir='ltr'><strong>conﬂictu</strong></span> <span class='ocrx_word' id='word_1_786' title='bbox 563 5270 743 5325; x_wconf 84' lang='lat' dir='ltr'><strong>multis</strong></span> <span class='ocrx_word' id='word_1_787' title='bbox 787 5282 908 5323; x_wconf 85' lang='lat' dir='ltr'><strong>eum</strong></span> <span class='ocrx_word' id='word_1_788' title='bbox 949 5268 1224 5321; x_wconf 85' lang='lat' dir='ltr'><strong>erroribus</strong></span> <span class='ocrx_word' id='word_1_789' title='bbox 1271 5265 1555 5329; x_wconf 66' lang='lat' dir='ltr'><strong>mnjusrto</strong></span> <span class='ocrx_word' id='word_1_790' title='bbox 1591 5265 1893 5319; x_wconf 78' lang='lat' dir='ltr'><strong>Graecorum</strong></span> <span class='ocrx_word' id='word_1_791' title='bbox 1948 5267 2283 5337; x_wconf 76' lang='lat' dir='ltr'><strong>philosOphia</strong></span> <span class='ocrx_word' id='word_1_792' title='bbox 2332 5268 2615 5333; x_wconf 81' lang='lat' dir='ltr'><strong>exstiterit,</strong></span> <span class='ocrx_word' id='word_1_793' title='bbox 2646 5268 2801 5323; x_wconf 69' lang='lat' dir='ltr'><strong>facile</strong></span> <span class='ocrx_word' id='word_1_794' title='bbox 2845 5274 2921 5323; x_wconf 81' lang='lat' dir='ltr'><strong>vei</strong></span> <span class='ocrx_word' id='word_1_795' title='bbox 2974 5286 3033 5319; x_wconf 62' lang='grc' dir='ltr'><strong>ει</strong></span> <span class='ocrx_word' id='word_1_796' title='bbox 3072 5285 3201 5325; x_wconf 76' lang='lat' dir='ltr'><strong>auo.</strong></span> 
     </span>
    </p>
   </div>
   <div class='ocr_carea' id='block_1_104' title="bbox 59 5354 3197 5434">
    <p class='ocr_par' dir='ltr' id='par_1_104' title="bbox 59 5354 3197 5434">
     <span class='ocr_line' id='line_1_104' title="bbox 59 5354 3197 5434; baseline 0.004 -29"><span class='ocrx_word' id='word_1_797' title='bbox 59 5354 159 5408; x_wconf 78' lang='lat' dir='ltr'><strong>datu</strong></span> <span class='ocrx_word' id='word_1_798' title='bbox 186 5357 456 5432; x_wconf 83' lang='lat' dir='ltr'><strong>Porphyrii</strong></span> <span class='ocrx_word' id='word_1_799' title='bbox 487 5364 555 5418; x_wconf 91' lang='lat' dir='ltr'><strong>ad</strong></span> <span class='ocrx_word' id='word_1_800' title='bbox 580 5362 1005 5421; x_wconf 81' lang='lat' dir='ltr'><strong>Nectenabonem</strong></span> <span class='ocrx_word' id='word_1_801' title='bbox 1056 5358 1363 5429; x_wconf 63' lang='lat' dir='ltr'><strong>Egyptium</strong></span> <span class='ocrx_word' id='word_1_802' title='bbox 1417 5358 1639 5426; x_wconf 63' lang='lat' dir='ltr'><strong>epistola</strong></span> <span class='ocrx_word' id='word_1_803' title='bbox 1684 5359 1976 5431; x_wconf 84' lang='lat' dir='ltr'><strong>intelligas,</strong></span> <span class='ocrx_word' id='word_1_804' title='bbox 2022 5363 2075 5417; x_wconf 89' lang='lat' dir='ltr'><strong>in</strong></span> <span class='ocrx_word' id='word_1_805' title='bbox 2112 5376 2217 5434; x_wconf 88' lang='lat' dir='ltr'><strong>qua</strong></span> <span class='ocrx_word' id='word_1_806' title='bbox 2256 5360 2305 5414; x_wconf 87' lang='lat' dir='ltr'><strong>id</strong></span> <span class='ocrx_word' id='word_1_807' title='bbox 2352 5358 2528 5421; x_wconf 87' lang='lat' dir='ltr'><strong>ipsum</strong></span> <span class='ocrx_word' id='word_1_808' title='bbox 2557 5363 2773 5421; x_wconf 79' lang='lat' dir='ltr'><strong>totidem</strong></span> <span class='ocrx_word' id='word_1_809' title='bbox 2812 5361 2991 5418; x_wconf 66' lang='lat' dir='ltr'><strong>verbis</strong></span> <span class='ocrx_word' id='word_1_810' title='bbox 3015 5360 3197 5418; x_wconf 59' lang='lat' dir='ltr'><strong>auds-ss</strong></span> 
     </span>
    </p>
   </div>
   <div class='ocr_carea' id='block_1_105' title="bbox 62 5456 380 5507">
    <p class='ocr_par' dir='ltr' id='par_1_105' title="bbox 62 5456 380 5507">
     <span class='ocr_line' id='line_1_105' title="bbox 62 5456 380 5507; baseline 0.025 -7"><span class='ocrx_word' id='word_1_811' title='bbox 62 5456 380 5507; x_wconf 61' lang='lat' dir='ltr'><strong>«latentem.</strong></span> 
     </span>
    </p>
   </div>
  </div>
