4010 6342
765 442 898 501 1219

1259 580 1413 651 741
1456 580 1678 635 CAPUT
1718 581 1786 633 x.

761 689 957 745 "ultas
1008 693 1144 761 apud
1178 691 1382 746 Graecos
1421 693 1751 761 philosophos
1789 692 2117 759 conjecturas
2170 708 2301 756 esse,

830 763 1093 815 verborum
1126 778 1346 829 pugnas,
1393 779 1695 830 erroresque
1724 762 2043 829 permultos;
2081 777 2144 814 ea:
2172 761 2306 813 Por—

826 832 994 900 phyrii
1011 832 1078 882 ad
1101 830 1508 883 Nectanabonem
1526 830 1832 899 Egyplium
1855 832 2097 898 epistola,
2122 846 2220 882 non
2240 845 2305 882 ea:

827 902 893 953 iis
914 941 928 964 ,
957 916 1071 967 quae
1104 902 1176 952 De
1200 901 1379 952 animo
1413 901 1479 951 ad
1522 900 1777 952 Boethum
1824 902 2119 966 rescripsit,
2148 914 2305 966 eoque

827 984 891 1021 ea:
922 971 1052 1021 libro
1077 986 1224 1038 quem
1252 968 1325 1021 De
1354 969 1540 1022 hausta
1565 984 1628 1021 ex
1654 969 1999 1023 oraculorum
2028 968 2305 1038 responsis

828 1038 1167 1109 philosomiia
1197 1038 1385 1090 edidit.

834 1229 855 1264 ι
890 1211 1001 1266 Hoc
1035 1214 1086 1265 in
1109 1228 1267 1277 meae,
1299 1214 1507 1282 inquit,
1547 1229 1673 1283 erga
1710 1222 1761 1268 te
1783 1214 2170 1270 benevolentiae
2195 1213 2308 1269 oili-

763 1300 867 1367 cio,
896 1317 926 1354 a
955 1299 1059 1355 diis
1087 1301 1216 1370 ipsis
1250 1304 1515 1372 bonisque
1545 1303 1900 1370 daemonibus,
1930 1314 2090 1374 atque
2130 1307 2213 1359 bis
2234 1305 2309 1359 af-

764 1391 961 1445 finibus
981 1390 1299 1458 quibusdam
1323 1392 1671 1460 cognatisque
1686 1394 2040 1462 philosophiae
2064 1394 2307 1462 partibus

764 1480 1020 1549 incipiam
1046 1519 1062 1542 ,
1108 1482 1176 1535 de
1204 1481 1400 1549 quibus
1423 1497 1452 1534 a
1479 1481 1679 1536 Graecis
1717 1498 1933 1552 quoque
1977 1486 2309 1552 pliilOSOphis

762 1571 1023 1638 permulta
1052 1570 1194 1624 dicta
1219 1579 1380 1636 sunt;
1404 1587 1589 1625 verum
1624 1573 1912 1640 ejusmodi,
1954 1590 2073 1643 qua:
2104 1585 2306 1643 partem

762 1673 893 1711 sane
917 1658 1355 1722 maximam,tidei
1381 1658 1637 1713 faciendae
1657 1660 1917 1729 principia
1940 1677 2043 1715 non
2071 1662 2305 1723 aliunde,

762 1764 923 1816 quam
959 1763 1024 1802 ex
1060 1750 1175 1803 sola
1204 1750 1508 1818 conjectura
1553 1751 1829 1805 ducerent.
1867 1770 1885 1800 ι
1926 1750 2060 1804 Tum
2092 1752 2307 1821 interje-

763 1840 865 1891 etis
893 1839 1013 1891 aliis
1051 1839 1125 1892 ita
1150 1841 1483 1908 progreditur
1511 1859 1523 1892 :
1566 1858 1584 1890 ι
1610 1841 1763 1909 Apud
1794 1857 1915 1908 nos,
1957 1844 2151 1911 inquit,
2183 1858 2303 1896 ver-

764 1929 954 1981 borum
986 1930 1266 1983 conﬂictus
1294 1930 1479 1999 ingens
1499 1970 1514 1995 ,
1549 1932 1744 1999 quippe
1788 1933 1881 2001 qui
1925 1934 2161 1986 humana
2188 1943 2309 1986 tan-

763 2025 876 2069 tum
894 2018 1286 2070 existimatione
1313 2020 1379 2072 de
1402 2020 1543 2073 bono
1575 2029 1897 2075 statuamus.
1916 2008 2178 2076 Cmterum
2214 2023 2304 2091 qui

761 2108 830 2161 ad
849 2108 1235 2175 assequendam
1267 2109 1411 2161 illam
1435 2126 1555 2163 cum
1578 2112 1843 2178 superiori
1862 2122 2052 2165 natura
2081 2114 2305 2182 conjun-

762 2198 993 2252 ctionem
1022 2198 1355 2259 incumbunt,
1382 2198 1417 2251 ii
1441 2199 1679 2267 profecto
1704 2201 1841 2256 banc
1866 2202 1911 2255 si
1930 2214 2135 2271 partem
2157 2204 2308 2259 inve-

763 2286 1062 2353 stigationis
1085 2289 1539 2354 praetermiserim,
1565 2289 1769 2343 frustra
1790 2300 1993 2345 tantum
2013 2293 2065 2345 in
2090 2296 2306 2363 sapien-

762 2375 849 2428 tia:
860 2378 1035 2429 studio
1056 2376 1253 2429 laboris
1274 2392 1553 2445 Opemque
1573 2388 1914 2434 consumunt.
1932 2400 1950 2431 ι
1978 2380 2119 2436 Idem
2145 2385 2197 2435 in
2216 2384 2303 2445 iis,

760 2480 881 2533 quae
900 2464 969 2517 De
986 2468 1159 2517 animo
1180 2466 1246 2519 ad
1259 2465 1519 2519 Boethum
1540 2470 1832 2536 rescripsit,
1851 2471 1901 2524 id
1920 2472 2093 2539 ipsum
2114 2487 2307 2526 conce-

764 2556 869 2624 ptis
897 2555 1092 2607 fatetur
1115 2557 1321 2621 verbis;
1350 2556 1477 2609 dum
1514 2559 1608 2623 ait,
1632 2561 2027 2614 «Immortalem
2053 2578 2171 2617 esse
2192 2564 2305 2616 ani—

764 2659 934 2710 mum,
969 2646 1057 2699 illa
1098 2646 1424 2715 intelligendi
1453 2658 1506 2701 et
1553 2653 1951 2706 commentandi
1996 2654 2077 2707 vis
2104 2655 2306 2723 absque

763 2736 869 2789 ulla
916 2736 1247 2791 dubitatione
1286 2741 1577 2793 convincit.
1619 2739 2002 2796 Verumtamen
2042 2744 2304 2813 quidquid

762 2827 1029 2879 rationum
1055 2843 1084 2880 a
1102 2828 1429 2897 philosophis
1442 2830 1543 2884 hoc
1568 2831 1633 2884 ad
1653 2832 2131 2887 demonstrandum
2156 2834 2305 2889 affer-

765 2922 870 2977 tur,
904 2914 955 2966 id
982 2925 1150 2968 totum
1179 2927 1394 2985 propter
1419 2934 1559 2982 eam,
1596 2935 1756 2987 quam
1787 2922 1839 2972 in
1864 2922 2114 2977 omnibus
2143 2938 2304 2992 repu-

762 3006 957 3072 gnandi
990 3006 1255 3059 solertiam
1292 3009 1464 3076 arguti
1498 3018 1551 3062 et
1580 3011 1900 3064 contentiosi
1942 3011 2189 3067 homines
2214 3030 2301 3068 re-

761 3108 1032 3166 pererunt,
1059 3098 1309 3166 perfacile
1356 3101 1419 3153 ad
1453 3099 1800 3156 refellendum
1834 3104 2063 3158 videtur.
2100 3124 2119 3157 ι
2161 3104 2299 3171 Quid

761 3186 903 3238 enim
933 3194 1039 3239 tota
1074 3188 1126 3237 in
1153 3186 1485 3255 philosophia
1518 3190 1609 3252 sit,
1630 3192 1773 3258 quod
1795 3191 1863 3243 ab
1887 3192 2043 3245 aliter
2068 3195 2299 3247 sentien-

763 3272 904 3327 tibus
938 3275 1237 3343 impugnari
1289 3286 1554 3343 nequeat,
1601 3294 1724 3331 cum
1768 3279 1821 3331 in
1856 3278 1922 3333 iis
1951 3282 2149 3349 etiam;
2183 3298 2302 3350 quae

762 3361 1041 3428 perspicua
1078 3378 1144 3414 ex
1171 3378 1289 3417 sese
1317 3365 1653 3431 videbantur,
1686 3368 2053 3423 assensionem
2085 3385 2301 3425 omnem

762 3446 992 3501 retinere
1031 3448 1223 3502 horum
1267 3452 1509 3504 nonnulli
1555 3454 1873 3507 maluerint?
1900 3455 2213 3522 Postremo,
2248 3460 2301 3512 in

759 3549 828 3590 eo
856 3551 1069 3605 quoque
1094 3538 1252 3601 libro,
1274 3555 1432 3607 quem
1464 3541 1539 3594 De
1562 3544 1748 3595 hausta
1786 3561 1849 3597 ex
1882 3548 2209 3599 oraculorum
2233 3565 2304 3601 re-

761 3628 961 3695 sponsis
1009 3629 1335 3696 philosophia
1384 3635 1738 3701 conscripsit,
1786 3636 2064 3691 aberrasse
2091 3637 2302 3693 Graecos

761 3716 956 3771 diserte
981 3718 1202 3771 omnino
1237 3720 1547 3785 confitetur,
1582 3738 1737 3776 suum
1772 3727 1931 3779 etiam
1966 3727 2131 3782 Deum
2168 3729 2303 3783 hanc

763 3804 817 3855 in
842 3818 955 3856 rem
986 3807 1334 3875 testatus,qui
1360 3809 1472 3863 suis
1501 3810 1604 3862 hoc
1625 3811 1797 3879 ipsum
1821 3816 2054 3869 oraculis
2080 3833 2303 3888 respon-

760 3887 928 3951 derit,
960 3888 1307 3958 barbarisque
1334 3893 1512 3958 potius
1554 3900 1714 3961 quam
1741 3896 1942 3953 Graecis
1970 3887 2297 3967 hominibus,

762 3978 1002 4031 veritatis
1051 3980 1280 4033 inventae
1325 3984 1532 4038 laudem
1579 3987 1887 4041 testimonio
1920 4003 2020 4043 suo
2049 3991 2299 4047 defende-

766 4067 862 4131 rit,
910 4081 1080 4136 eoque
1121 4069 1337 4125 ferendo
1383 4073 1638 4130 barbaros
1684 4076 1829 4145 ipsos
1868 4081 2182 4134 nominatim
2210 4097 2303 4151 ap-

764 4156 991 4223 pellarit.
1028 4157 1217 4212 Statim
1251 4163 1392 4215 enim
1429 4176 1547 4233 post
1574 4169 1775 4221 oraculi
1815 4172 2201 4239 erpositionem
2230 4174 2301 4228 ita

762 4245 1061 4298 concludit:
1092 4265 1110 4297 ι
1146 4248 1409 4305 Audivisti
1451 4265 1707 4322 quantum
1732 4256 1931 4311 laboris
1979 4260 2300 4313 exhaustum

762 4334 853 4399 sit,
888 4342 949 4387 ut
973 4338 1214 4403 corporis
1244 4349 1447 4394 tantum
1480 4357 1639 4397 causa
1672 4344 1942 4413 piaculare
1986 4351 2107 4417 quis
2137 4353 2302 4404 sacri-

762 4422 941 4478 ﬁcium
966 4423 1183 4489 faceret,
1218 4428 1373 4499 742
1399 4446 1505 4485 non
1530 4435 1674 4502 quod
1704 4436 1869 4489 animi
1894 4440 2118 4492 salutem
2149 4442 2299 4494 inve-

1416 447 1677 503 EUSEBII
1717 442 2185 501 CJESARIENSIS
2225 446 2372 501 OPP.
2417 444 2592 503 PARS
2619 444 2679 497 Il.
2704 474 2771 485 —~
2804 435 3291 498 APOLOGETICA.

3838 441 3971 495 19.36

2945 566 3327 632 K’EMMION
3372 579 3428 630 ιι.

2406 695 2524 747 Ὅτι
2580 693 2943 767 στοχασμοί,
2993 694 3088 744 καὶ
3131 690 3541 767 ,λογομαχίαιλ
3592 688 3693 740 καὶ
3768 686 3971 767 πρλλὴ

2471 764 2669 830 πλάνη
2686 759 2971 837 γέυγξχάξθει
3000 759 3324 837 παρὰ-’τοῖς
3364 759 3672 837 Ἐμήγωνς
3698 759 3967 837 ⁸φιλίην-ις

2473 850 2622 900 φοις-
2658 827 2949 907 ἶβᾴδξῆς
2973 827 3113 907 προς
3147 828 3484 907 [Vener-etab
3504 827 3610 907 τὸν
3635 827 3973 907 struatur

2471 892 3182 973 ἓπιάτρλῇςβιὲρεοεὶρίὸυν
3211 900 3323 973 ,κιξὶ
3369 892 3967 973 ἀφ’έῖινηάνῖέηίιαΐε

2474 970 2673 1035 Βοηθῷ
2700 970 2831 1039 Περὶ
2878 964 3072 1039 ψυχῆς,
3116 968 3229 1039 καὶ
3270 967 3387 1020 ἀπὸ
3418 964 3543 1031 τῆς
3587 964 3730 1033 Περὶ
3767 964 3876 1029 τῆς
3917 964 3972 1010 ἐκ

2471 1041 2663 1107 λογίων
2689 1037 3016 1106 φιλοσοφίας.
3114 1038 3121 1043 ’

2481 1231 2501 1262 α
2548 1207 2891 1280 ’Ᾱρξομαιδὲ
2926 1208 3024 1276 τῆς
3062 1202 3195 1277 πρὸς
3222 1205 3282 1256 σὲ
3322 1204 3498 1272 φιλίας
3542 1205 3649 1257 ἀπὸ
3699 1202 3848 1257 θεῶν
3877 1206 3965 1255 καὶ

2405 1303 2668 1371 δαιμόνων
2706 1299 2941 1366 ἀγαθῶν,
2972 1296 3078 1349 τῶν
3103 1313 3162 1347 τε
3209 1296 3412 1358 τούτοις
3442 1295 3717 1363 συγγενῶν
3748 1295 3961 1364 φορεῖ,

2407 1391 2689 1461 φημάτων,
2729 1389 2853 1458 περὶ
2896 1381 2968 1439 ὧν
3014 1386 3225 1457 εἴρηται
3264 1384 3359 1455 μὲν
3419 1386 3665 1445 πλεῖστα,
3698 1387 3797 1437 καὶ
3822 1388 3962 1453 παρὰ

2406 1486 2516 1544 τοῖς
2561 1480 2821 1550 Ἑλλήνων
2871 1477 3192 1545 φιλοσόφοις,
3222 1477 3429 1555 εἴρηται
3475 1477 3532 1529 δὲ
3566 1479 3631 1529 ἐκ
3657 1477 3959 1547 στοχασμοῦ

2405 1574 2465 1625 τὸ
2499 1573 2655 1625 πλέον
2674 1572 2770 1633 τὰς
2793 1570 2961 1639 ἀρχὰς
2994 1564 3112 1638 ἕχον
3131 1567 3229 1639 τῆς
3266 1570 3512 1631 πίστεως.
3549 1588 3567 1619 ι
3615 1569 3726 1621 Καὶ
3758 1568 3960 1629 ὁποίας

2408 1665 2533 1733 ἑξῆς
2561 1662 2827 1733 ἐπιφέρει,
2848 1661 3037 1726 λέγων’
3099 1679 3116 1710 ι
3153 1660 3308 1729 Παρὰ
3340 1661 3436 1729 μὲν
3474 1660 3583 1729 γὰρ
3639 1662 3775 1729 ἡμῖν
3817 1660 3957 1726 λογο-

2411 1750 2579 1818 μαχία
2598 1749 2679 1809 τίς
2711 1750 2823 1798 ἐστι
2862 1746 3049 1815 πολλὴ.
3102 1747 3195 1798 ἀτε
3230 1746 3287 1810 ἐξ
3310 1746 3661 1815 ἀνθρωπίνων
3688 1747 3957 1816 λογισμῶν

2407 1840 2499 1892 τοῦ
2532 1838 2733 1905 ἀγαθοῦ
2757 1839 3121 1906 εἰκαζομένου.
3144 1833 3237 1901 Οἷς
3257 1838 3312 1890 δὲ
3344 1838 3721 1907 μεμηχάνηται
3760 1842 3795 1907 ή
3834 1854 3955 1907 προς

2405 1930 2465 1980 τὸ
2495 1931 2735 2000 κρεῖττον
2778 1929 3045 1992 συνουσία,
3079 1931 3125 1980 εἰ
3171 1930 3414 1998 παρεῖται
3464 1928 3525 1980 τὸ
3573 1928 3738 1998 μέρος
3810 1927 3957 1980 τοῦτο

2406 2020 2483 2079 είς
2521 2018 2780 2081 ἐξέτασιν,
2843 2020 3015 2086 μάτην
3066 2018 3244 2079 αὐτοῖς
3294 2020 3327 2088 ή
3384 2017 3543 2086 σοφία
3587 2018 3906 2087 ἐξὴσκηται.
3936 2039 3949 2065 ι

2418 2108 2572 2160 Ἀλλά
2606 2110 2694 2159 καὶ
2715 2112 2769 2161 ἐν
2797 2103 2876 2169 οἷς
2905 2108 3202 2179 ἀντέγραψε
3233 2108 3416 2179 Βοηθῷ
3463 2109 3604 2175 Περὶ
3651 2107 3881 2176 ψυχῆς,
3932 2108 3955 2159 ὁ

2402 2200 2560 2262 αὐτὸς
2603 2193 2700 2251 ὦδε
2759 2200 2981 2269 γράφων
3025 2200 3267 2268 ὁμολογεὶ
3312 2199 3444 2268 πρὸς
3500 2199 3665 2263 λέξιν’
3714 2219 3734 2249 ι
3784 2200 3869 2259 Ὠς
3898 2200 3955 2249 τὰ

2407 2289 2503 2358 μὲν
2532 2287 2638 2339 τῶν
2665 2289 2900 2350 ἐννοιῶν,
2934 2288 3025 2340 καὶ
3047 2287 3111 2339 τὰ
3134 2287 3230 2357 τῆς
3266 2287 3500 2359 ἱστορίας
3548 2287 3954 2357 ἀναμφιλέκτως

2406 2379 2679 2447 συνίστησι
2706 2378 2803 2448 τὴν
2833 2376 3005 2446 ψυχὴν
3044 2372 3181 2430 εἶναι
3218 2377 3495 2430 ἀθάνατον
3527 2378 3577 2429 οἱ
3618 2377 3677 2429 δὲ
3719 2380 3803 2439 εἰς
3834 2378 3955 2431 ἀπό·

2401 2465 2561 2530 δειξιν
2588 2466 2734 2535 παρὰ
2761 2466 2867 2517 τῶν
2890 2466 3186 2534 φιλοσόφων
3215 2468 3558 2536 κομισθέντες
3586 2466 3736 2533 λόγοι
3773 2466 3950 2519 δοιούο

2406 2574 2485 2609 σιν
2508 2553 2640 2610 εἶναι
2672 2558 3055 2627 εὐανὰτρεπτοι
3076 2557 3164 2609 διὰ
3189 2558 3281 2627 τὴν
3310 2560 3367 2611 ἐν
3393 2559 3557 2610 πᾶσιν
3588 2559 3955 2627 εύρεσιλογίαν

2403 2648 2508 2701 τῶν
2540 2635 2845 2718 ἐριστικῶν,
2880 2645 2975 2712 Τίς
2995 2652 3101 2719 γὰρ
3140 2648 3289 2716 λόγος
3324 2650 3430 2702 τῶν
3461 2652 3518 2703 ἐν
3549 2650 3843 2722 φιλοσοφία
3866 2652 3953 2703 οὐκ

2400 2739 2873 2809 ἀμφισϐητήσιμος
2898 2743 3005 2803 τοῖς
3030 2739 3370 2809 ἐτεροδόξοις,
3420 2743 3553 2793 ὅπου
3579 2742 3675 2794 καὶ
3705 2743 3833 2812 περὶ
3857 2741 3955 2795 τῶν

2399 2829 2694 2883 δοκούντων
2747 2830 2986 2901 ἐναργῶν
3033 2831 3244 2900 ἐπέχειν
3276 2831 3449 2883 αὐτῶν
3494 2848 3635 2885 τισιν
3693 2833 3901 2897 ἐδόκει;
3930 2852 3947 2884 ι

2400 2920 2509 2973 Καὶ
2541 2920 2596 2971 ἐν
2620 2915 2699 2982 οἷς
2738 2919 2793 2971 δὲ
2821 2921 3091 2990 ἐπέγραψε
3113 2923 3249 2989 Περὶ
3287 2922 3395 2988 τῆς
3417 2925 3485 2975 ἐκ
3522 2924 3751 2992 loris»-
3794 2929 3949 2993 pilo-

2399 3012 2635 3078 σοφίας,
2666 3009 2953 3080 διαρρήδην
2977 2994 3222 3080 ὁμολογεῖ
3249 3014 3371 3075 τοὺς
3396 3013 3663 3083 Ἕλληνας
3694 3018 3949 3084 πεπλανῆ-

2402 3100 2539 3165 σθαι,
2586 3101 3083 3170 ἐπιμαρτυρόμενος
3133 3101 3220 3155 τὸν
3274 3102 3463 3155 ἐαυτοῦ
3508 3103 3660 3166 Θεὸν,
3691 3106 3769 3168 ὡς
3808 3108 3949 3159 τοῦτο

2400 3189 2611 3241 καὶτοῦ
2672 3190 2996 3253 ’Λπόλλωνος
3045 3190 3132 3242 διὰ
3180 3193 3440 3262 χρησμῶν
3480 3194 3813 3261 ἐξειπόντος,
3868 3200 3948 3249 καὶ

2403 3280 2691 3351 βαρϐάροις
2714 3281 2967 3351 μᾶλλονῆ
3007 3281 3227 3351 Ἕλλησι
3280 3284 3377 3351 τὴν
3424 3284 3638 3355 εῦρεσιν
3668 3288 3771 3357 τῆς
3824 3289 3945 3355 die-

2401 3371 2547 3435 θείας
2573 3358 3122 3442 ἐπιμαρτυρήσαντος,
3152 3374 3243 3425 καὶ
3296 3373 3358 3444 δὴ
3406 3375 3496 3428 καὶ
3537 3376 3804 3446 Ἐϐραίων
3832 3396 3945 3448 μνη-

2359 3477 2365 3483 ‘
2404 3464 2749 3533 μονεύσαντος
2780 3467 2836 3516 ἐν
2860 3467 2967 3525 τοῖς
3001 3465 3403 3534 μαρτυρηθείσι.
3454 3467 3607 3520 Μετά
3663 3469 3799 3535 γοῦν
3859 3472 3943 3539 τήν

2400 3553 2490 3605 τοῦ
2515 3555 2755 3625 χρησμοῦ
2777 3553 3092 3622 παράθεσιν,
3131 3554 3253 3622 ἑξῆς
3305 3554 3509 3619 τούτοις
3538 3558 3810 3629 κέχρηται
3848 3564 3941 3622 τοῖς

2401 3644 2686 3712 ἐπιλόγοις.
2750 3665 2766 3695 ι
2818 3645 3078 3713 Ἀκήκοας
3139 3644 3299 3706 πόσος
3330 3646 3509 3711 πόνος,
3564 3649 3628 3700 ἶν’
3668 3650 3815 3720 ὑπὲρ
3864 3652 3943 3703 σώ-

2403 3736 2567 3805 ματός
2592 3751 2673 3797 τις
2703 3735 2768 3787 τά
2792 3736 3055 3807 καθάρσια
3088 3736 3239 3807 θύσῃ,
3284 3739 3379 3808 οὐχ
3410 3740 3491 3791 ὅτι
3517 3740 3615 3809 τῆς
3638 3741 3818 3812 ψυχῆς
3859 3744 3941 3810 τὴν

2402 3824 2667 3894 σωτηρίαν
2713 3824 2933 3895 ticum;
3001 3826 3323 3890 Χαλκόδετος
3376 3829 3484 3897 γὰρ
3529 3831 3563 3897 ή
3625 3831 3765 3899 πρὸς
3807 3832 3940 3893 θεοὺς

2398 3913 2531 3990 όδὸςρ
2564 3918 2775 3985 αἰπεινή
2807 3932 2867 3967 τε
2900 3918 2991 3968 καὶ
3048 3917 3290 3986 τραχεῖα,
3314 3907 3423 3988 ’ἦς’
3455 3918 3651 3982 πολλὰς
3679 3923 3939 3990 ἀτραποὺς

2403 3932 2482 3967 οοο
2564 3932 2775 3985 αιπεινη
2807 3932 2867 3967 τε
2900 3934 2991 3968 και
3048 3933 3290 3986 τραχεια,
3335 3932 3403 3988 ης
3455 3932 3651 3982 nam;
3679 3932 3937 3990 ἀτραποὺς

2403 3932 2662 4145 βάςΞῖαροι
2685 4006 2779 4075 μὲν
2811 4004 3045 4075 ἐξεῦρον,
3080 4005 3334 4075 Ἕλληνες
3376 4007 3433 4058 δὲ
3464 4008 3861 4079 ἐπλανήθησαν·
3900 4014 3937 4061 οἱ

2403 4092 2455 4144 δέ
2521 4093 2804 4145 οατοῦντες
2826 4095 2924 4145 ἥδη
2977 4096 3069 4145 καὶ
3122 4095 3447 4145 διέφθειραν.
3488 4098 3597 4145 Τὴν
3632 4099 3688 4145 δὲ
3743 4102 3936 4145 εὕοεειν

2400 4092 2455 4144 δέ
2483 4092 2804 4163 κρατοῦντες
2826 4095 2924 4165 ήδη
2977 4096 3069 4147 καὶ
3122 4095 3447 4166 διέφθειραν.
3488 4098 3597 4168 Τὴν
3632 4099 3688 4151 δέ
3743 4102 3936 4172 εὕρεσιν

2400 4184 2708 4251 Αἰγυπτίοις
2730 4188 2757 4237 ὁ
2783 4185 2911 4248 Θεὸς
2940 4187 3301 4257 ἐμαρτύρησε,
3337 4189 3533 4255 Φοίνιξί
3571 4208 3629 4243 τε
3671 4195 3770 4245 καὶ
3815 4195 3937 4247 Χαλ-

2399 4273 2566 4335 δαίοις
2652 4274 2670 4343 (
2719 4273 2983 4345 ’Δσσύριοι
3037 4276 3144 4344 γὰρ
3203 4274 3345 4331 οὗτοι
3384 4278 3442 4345 )·
3495 4280 3680 4343 Λυδοῖς
3745 4301 3805 4336 τε
3861 4284 3933 4335 καὶ

2410 4365 2695 4434 Ἑϐραίοις,
2728 4385 2746 4416 ›
2785 4363 2964 4419 Ταῦτα
2990 4370 3016 4419 ό
3045 4368 3345 4435 φιλόσοφος,
3388 4371 3585 4439 μᾶλλον
3624 4373 3678 4425 δὲ
3731 4378 3761 4427 ὁ
3790 4375 3931 4427 αὐτοῦ

2398 4450 2546 4516 Θεός.
2566 4451 2686 4524 'Ap’
2714 4451 2803 4508 οὖν
2828 4456 2974 4519 ἀξιον
3007 4457 3139 4526 μετά
3162 4458 3313 4510 ταῦθ’
3335 4460 3465 4528 ήμῖν
3518 4463 3928 4533 ἐπιμέμψασθαι.

760 4516 960 4570 uisset?
990 4514 1213 4586 Quippe,
1237 4521 1412 4575 vincta
1443 4526 1585 4578 enim
1614 4541 1738 4592 εει-θ,
1753 4529 1919 4583 ardua
1948 4541 2001 4583 et
2022 4531 2292 4585 salebrosa

2399 4534 2475 4592 ὅτι
2494 4514 2557 4609 δὴ
2581 4514 2704 4604 τοῦς
2736 4514 3173 4615 πεπλανημένους
3200 4514 3461 4618 Ἕλληνας
3494 4514 3928 4621 maluisse},

758 4608 841 4659 via
883 4619 999 4674 est,
1034 4624 1137 4677 qua
1177 4610 1243 4663 ad
1287 4611 1414 4666 deos
1459 4614 1596 4679 itur,
1638 4618 1793 4685 cujus
1827 4619 2039 4673 barbari
2077 4624 2290 4689 quidem

756 4697 1056 4764 complures
1086 4700 1305 4754 semitas
1332 4716 1658 4770 repererunt,
1682 4707 1851 4763 Graeci
1878 4724 2005 4763 vero
2031 4712 2096 4763 ab
2118 4726 2180 4764 ea
2206 4728 2295 4780 pe-

758 4788 900 4841 nitus
944 4790 1277 4848 aberrarunt.
1313 4794 1483 4858 Quam
1529 4797 1573 4849 si
1605 4800 1695 4865 qui
1729 4801 1864 4853 forte
1886 4802 1995 4870 jam
2026 4804 2291 4867 tenebant,

756 4878 993 4931 eamdem
1024 4881 1238 4949 ipsimet
1271 4896 1641 4953 corruperunt.
1679 4892 1746 4943 At
1771 4892 1891 4959 ejus
1928 4894 2155 4946 inventa:
2178 4894 2294 4947 lau-

753 4968 875 5021 dem
909 4968 1195 5039 Egyptiis,
1233 4973 1579 5030 thnicibus
1626 4987 1678 5033 et
1705 4980 1971 5036 Chaldaeis
2002 4984 2125 5051 (hos
2150 4986 2292 5037 enim

754 5058 1002 5143 Assyrios
1047 5064 1263 5130 vocat),
1308 5065 1487 5135 Lydiis
1528 5069 1689 5121 etiam
1738 5081 1791 5123 et
1834 5070 2072 5127 Hebraeis
2104 5084 2295 5143 suopte

757 5142 898 5199 Deus
922 5148 1228 5202 testimonio
1258 5153 1595 5208 vindicavi“
1633 5155 1757 5209 Haec
1782 5158 1999 5215 Gnaeus
2035 5162 2136 5215 iste
2170 5142 2292 5230 phi-

754 5233 1032 5304 losophus,
1065 5238 1149 5291 vel
1179 5239 1290 5307 ipse
1311 5245 1485 5309 potius
1505 5261 1666 5313 quem
1695 5247 1902 5301 colebat
1940 5249 2099 5307 Deus.
2161 5252 2295 5318 Quis

754 5337 879 5392 ergo
906 5326 1154 5397 deinceps
1202 5331 1355 5383 nobis
1394 5332 1515 5400 jure
1557 5347 1908 5404 succenseat,
1959 5342 2103 5409 quod
2142 5343 2295 5396 aber-

755 5424 934 5468 rantes
962 5416 1175 5472 Graacos
1200 5420 1593 5489 reliquerimus,
1637 5437 1696 5478 ut
1732 5425 2002 5495 Hebrzeos,
2042 5447 2070 5483 a
2097 5433 2293 5500 quibus

755 5505 1191 5571 comprehensam
1222 5524 1342 5564 esse
1366 5514 1787 5587 veritatemjpso
1806 5519 2028 5573 deorum
2052 5523 2293 5576 testimo-

756 5587 846 5641 nio
890 5595 1210 5661 constiterit,
1258 5607 1641 5668 sequeremur?
1694 5609 1825 5662 Nam
1851 5612 1980 5678 quid
2014 5615 2228 5667 tandem
2259 5630 2289 5668 a

753 5680 1083 5774 philosophis
1104 5688 1320 5743 doctum
1355 5694 1417 5745 iri
1448 5710 1545 5749 nos
1572 5704 1984 5765 exspectemus?
2005 5718 2097 5758 aut
2125 5722 2286 5774 quam

750 5768 822 5823 ab
847 5769 911 5824 iis
938 5771 1127 5829 deinde
1159 5792 1313 5845 opem
1341 5783 1728 5853 utilitatemque
1759 5806 2034 5855 speremus
2056 5835 2069 5859 ,
2098 5768 2287 5858 siqua:

2395 4630 2460 4682 τά
2501 4631 3051 4704 Ἐὅραίωνείλόμεθα,
3102 4636 3208 4689 τῶν
3237 4621 3321 4690 ἐπ’
3360 4639 3610 4710 ἀληθείας
3648 4645 3927 4713 neglige

2398 4724 2931 4791 μεμαρτυρημένωνς
2982 4725 3130 4778 Τίδέ
3161 4726 3265 4797 χρὴ
3317 4729 3464 4798 παρὰ
3507 4730 3812 4799 φιλοσόφων
3848 4748 3925 4801 pa-

2395 4812 2649 4881 θήσεσθαι
2682 4816 3084 4888 προσδοκᾷν;ἢ
3138 4820 3264 4872 ποία
3314 4820 3465 4883 ἐλπὶς
3515 4823 3611 4891 τῆς
3657 4822 3721 4885 ἐξ
3776 4824 3924 4876 αὐτῶν

2394 4904 2672 4972 ὠφελείας,
2696 4906 2846 4983 εἶ’δὴλ
2860 4907 2928 4960 τὰ
2950 4907 3207 4979 λεγόμενα
3250 4912 3377 4980 παρ’
3408 4912 3589 4975 aurei;
3620 4914 3681 4965 ἐκ
3763 4927 3924 4983 στοχα-

2396 4995 2542 5063 σμῶν
2577 4996 2667 5048 καὶ
2695 4981 2965 5066 είκασμῶν
3010 5001 3069 5051 τὸ
3100 5000 3255 5054 πλέον
3289 5003 3387 5066 τάς
3427 5003 3596 5073 ἀρχὰς
3630 5004 3820 5073 ἔχοντα
3844 4981 3923 5073 τῆς

2395 5085 2624 5148 πίστεως
2659 5087 2945 5156 τυγχάνεις
2998 5090 3336 5160 Λογομαχίας
3358 5092 3418 5144 δὲ
3448 5093 3533 5156 τίς
3560 5092 3589 5146 ὁ
3619 5098 3846 5165 καρπὸς,
3882 5095 3919 5147 tl

2393 5170 2454 5242 δὴ
2483 5175 2678 5236 πάντες
2727 5178 2776 5228 oi
2832 5177 2939 5231 τῶν
2998 5179 3295 5249 φιλοσόφων
3357 5181 3505 5250 λόγοι
3554 5180 3917 5261 ebant-spem

2361 5330 2368 5339 .
2394 5262 2775 5334 καθεστήκασι,
2802 5265 2889 5319 διὰ
2913 5268 3010 5337 τὴν
3041 5271 3098 5322 ἐν
3124 5272 3284 5324 πᾶσιν
3332 5272 3725 5342 εὑρεσιλογίανς
3758 5272 3915 5329 his:

2392 5351 2579 5421 γὰρού
2618 5357 2746 5424 παρ’
2793 5355 2943 5424 ήμῶν
2967 5357 3185 5427 ἀρτίως,
3234 5356 3370 5411 ἀλλά
3412 5364 3540 5432 παρ’
3568 5360 3751 5414 αὐτῶν
3793 5364 3914 5431 εἰρη-

2394 5441 2530 5509 μένα
2558 5445 2800 5512 ὴκούετο.
2850 5446 3043 5517 Διότωρ
3100 5443 3158 5499 εὖ
3213 5465 3302 5517 μοι
3350 5449 3609 5521 δοκοῦμεν
3658 5452 3755 5504 καὶ
3804 5452 3909 5521 μετὰ

2391 5534 2619 5601 κρίσεως
2646 5526 3178 5607 ἐξητασμένης,ὀὺχὶ
3220 5538 3265 5591 δ’
3311 5540 3538 5609 ἀλόγως,
3576 5542 3653 5605 ὡς
3681 5544 3744 5597 ἂν
3771 5540 3910 5597 τοιού-

2389 5638 2531 5685 των,
2603 5627 3184 5695 καταπεφρονηκέναι.’
3220 5628 3301 5681 Τά
3369 5630 3427 5682 δέ
3492 5632 3623 5701 ’παρ’
3677 5633 3906 5704 Ἑϐραίοις

2387 5712 2747 5780 ἠγαπηκέναι,
2777 5716 2871 5782 οὐχ
2902 5716 2982 5767 ὅτι
3009 5718 3140 5787 πρὸς
3173 5718 3263 5770 τοῦ
3290 5718 3536 5789 δαίμονος
3592 5724 3905 5793 μεμαρτύρη-

2390 5817 2495 5861 ται,
2525 5803 2636 5855 ἀλλ’
2669 5806 2745 5855 ὃτι
2780 5805 2877 5863 τῆς
2907 5807 3083 5860 ἐνθέου
3139 5810 3332 5866 ἀοετῆς
3386 5827 3444 5861 τε
3505 5813 3597 5863 xci.
3664 5814 3900 5866 δυνάμεως
