4010 6342
769 413 906 468 1223

1413 406 2176 463 ΕυδΕΒΙιαΕεΑιιιΕΝδιδ
2204 408 2300 463 ΟΡ]

2405 406 2585 460 PARS
2620 378 2682 461 ll.
2714 438 2778 447 ..-
2806 394 3292 463 APOLOGETICA.

3818 409 3927 461 1224

765 535 819 578 et
846 540 1088 593 quamam
1118 522 1235 592 ejus
1275 523 1553 575 metiendm
1586 522 1721 575 ratio
1756 524 1985 576 breviter
2015 525 2300 578 admodum

2403 522 2825 591 διαγραμμάτων
2852 522 3185 592 γεωμετρίαν
3231 520 3510 590 μανθάνειι
3535 519 3927 586 ἀπτεδοκίμαξει¹

764 616 1113 684 expediteque
1142 629 1479 684 cognoscere.
1512 616 1579 665 At
1613 614 1850 681 ejusdem
1898 615 1950 665 in
1994 616 2301 683 geometria:

666 736 677 749 -
766 708 965 769 studio,
997 708 1060 759 ad
1094 707 1213 759 illas
1244 720 1413 773 usque
1444 704 1830 772 descriptiones
1862 705 2130 759 intellectu
2162 705 2301 758 dilli-

766 797 982 851 ciliores
1007 810 1331 866 quemquam
1364 794 1632 863 progredi,
1664 793 1871 848 Socrati
1902 810 2006 848 non
2038 796 2298 863 placebat.

764 887 862 941 Cui
890 890 1031 942 enim
1084 888 1224 941 bono
1255 886 1448 938 futurae
1482 885 1582 938 illa:
1610 894 1809 949 essent,
1840 886 2017 939 videre
2047 901 2124 948 se,
2167 896 2303 939 tam—

763 980 863 1033 etsi
916 995 984 1032 ne
1030 978 1241 1030 illarum
1282 975 1495 1043 quidem
1543 976 1821 1043 imperitus
1854 986 2012 1041 esset,
2052 976 2299 1044 negabat.

764 1067 1069 1132 Enimvero,
1103 1068 1168 1119 ad
1222 1066 1635 1119 exhauriendam
1686 1066 1921 1120 hominis
1969 1066 2129 1119 vitam
2177 1082 2298 1119 cum

765 1162 899 1215 satis
931 1162 1047 1214 illas
1071 1175 1210 1224 esse,
1246 1169 1357 1213 tum
1390 1158 1614 1210 aliarum
1646 1158 1856 1211 interim
1902 1166 1956 1210 et
1984 1158 2218 1227 plurium
2250 1168 2303 1211 et

764 1253 1040 1306 utiliorum
1090 1250 1458 1305 doctrinarum
1493 1248 1670 1302 studia
1724 1248 2001 1316 impedire.
2042 1249 2303 1302 Astrono—

763 1345 921 1398 miam
951 1343 1195 1413 similiter
1220 1350 1441 1395 eatenus
1470 1339 1751 1408 complecti
1781 1341 1953 1394 solum
1980 1339 2217 1407 jubebat,
2246 1348 2304 1391 ut

762 1435 959 1497 noctis,
993 1418 1191 1485 mensis
1232 1432 1465 1499 annique
1513 1438 1756 1497 tempora
1789 1444 2160 1499 cognosceres,
2216 1440 2300 1483 at-

760 1538 866 1593 que
896 1522 1057 1591 hujus
1089 1523 1406 1591 cognitionis
1447 1537 1567 1591 ope,
1612 1523 1658 1576 si
1700 1520 1915 1590 quando
1943 1521 2023 1573 vel
2073 1514 2191 1586 it'er,
2220 1523 2302 1574 vel

763 1614 1031 1682 navigatio
1060 1613 1397 1682 suscipienda
1418 1623 1580 1675 esset,
1611 1613 1694 1667 vel
1739 1613 1957 1683 agenda:
1988 1612 2163 1665 forent
2200 1628 2304 1665 ex-

760 1704 951 1767 cubiae,
986 1703 1066 1756 vel
1102 1704 1153 1755 in
1185 1702 1328 1756 aliud
1363 1703 1646 1772 quidlibet,
1674 1702 1827 1771 {quod
1861 1702 2055 1762 noctis,
2100 1703 2300 1756 mensis

760 1792 996 1859 annique
1023 1791 1196 1859 spatio
1224 1790 1337 1843 fieri
1371 1789 1530 1855 solet,
1560 1790 1997 1853 incumbendum,
2035 1791 2201 1860 signis
2231 1791 2295 1843 ad

2400 612 2428 662 ὃ
2461 629 2511 662 τι
2546 612 2640 680 μὲν
2669 612 2775 681 γὰρ
2792 611 3019 680 ὠφελοίη
3052 610 3241 665 ταῦτα.
3267 612 3365 661 οὐκ
3403 610 3503 679 ἔφη
3542 611 3691 680 ὀρᾷν·
3742 610 3834 661 καί
3871 626 3931 661 τοι

2400 702 2497 753 οὐκ
2528 702 2747 770 ἄπειρός
2762 718 2825 769 γε
2852 701 3027 754 αὐτῶν
3058 697 3143 771 ἦν.
3176 702 3316 770 Ἔφη
3369 700 3425 751 δὲ
3459 700 3617 753 ἱκανὰ
3643 701 3789 752 αύτά
3822 696 3933 753 εἶναι

2399 791 2681 864 ἀνθρώπου
2708 793 2818 861 βίον
2846 792 3209 864 κατατρίϐειν,
3228 794 3320 845 καὶ
3345 793 3516 845 ἄλλων
3543 792 3756 845 πολλῶν
3777 809 3834 845 τε
3861 794 3934 845 καὶ

2400 883 2683 953 ὠφελίμων
2715 883 3042 953 μαθημάτων
3076 882 3427 937 ἀποκωλύειν.
3461 884 3712 937 Ἐκέλευε
3766 883 3820 935 δὲ
3861 886 3935 936 καὶ

2402 974 2754 1044 ἀστρονομίας
2784 973 3077 1045 ἐμπείρους
3106 973 3405 1042 γίγνεσθαι,
3424 975 3515 1026 καὶ
3539 974 3749 1042 ταύτης
3778 974 3933 1043 μέντοι

2404 1064 2559 1133 μέχρι
2586 1063 2678 1116 τοῦ
2702 1064 2893 1137 νυκτός
2921 1080 2980 1116 τε
3004 1064 3170 1134 ὥραν,
3204 1064 3297 1117 καὶ
3330 1066 3515 1135 μηνὸς,
3561 1065 3658 1116 καὶ⁵
3708 1066 3931 1117 ἐνιαυτοῦ

2400 1154 2652 1206 δύνασθαι
2726 1154 3030 1222 γινώσκειν,
3088 1156 3247 1207 ἕνεκα
3301 1154 3415 1217 τοῦ,
3473 1155 3698 1226 πορείας
3744 1172 3803 1207 τε
3861 1158 3932 1207 καὶ

2400 1244 2552 1306 πλοῦ,
2579 1245 2671 1296 καὶ
2701 1246 2963 1314 φυλακῆς,
3001 1246 3093 1299 καὶ
3114 1246 3213 1298 ὅσα
3248 1244 3381 1298 ἄλλα
3402 1246 3435 1316 ἢ
3460 1246 3671 1309 νυκτὸς,
3700 1246 3740 1315 ἦ
3770 1246 3931 1313 μηνὸς,

2399 1335 2698 1405 ῆὲνιαυτοῦ
2748 1338 3058 1407 πράττεται,
3088 1336 3223 1407 πρὸς
3258 1335 3410 1388 ταῦτ’
3454 1336 3596 1407 ἔχειν
3636 1338 3931 1407 τεκμηρίος

2401 1427 2647 1495 χρῆσθαι,
2686 1428 2782 1490 τὰς
2812 1428 2960 1498 ῶρας
3010 1429 3115 1481 τῶν
3153 1428 3451 1499 εἰρημένων
3506 1428 3928 1495 διαγινώσκοντα.

2400 1519 2509 1570 Καὶ
2540 1518 2706 1571 ταῦτα
2728 1519 2783 1571 δὲ
2806 1519 2981 1589 ῥᾴδιον
3016 1517 3202 1588 μαθεῖν
3227 1517 3377 1589 παρά
3396 1535 3456 1571 τε
3474 1518 3837 1589 νυκτοθηρῶν,
3857 1519 3931 1572 καὶ

2399 1607 2760 1680 κυϐερνητῶν,
2795 1611 2886 1661 καὶ
2910 1610 3080 1662 ἄλλων
3113 1608 3341 1671 πολλῶν,
3370 1603 3451 1669 οἷς
3498 1609 3761 1677 ἐπιμελὲς
3788 1608 3929 1660 ταῦτα

2399 1699 2611 1752 εἰδέναι.
2646 1699 2719 1751 Τὸ
2748 1700 2803 1762 δὲ
2832 1699 2989 1769 μέχρι
3018 1699 3204 1753 τούτου
3252 1698 3612 1770 ἀστρονομίαν
3640 1698 3929 1767 μανθάνειν,

2403 1788 2560 1859 μέχρι
2588 1789 2679 1841 τοῦ
2711 1790 2801 1841 καὶ
2828 1788 2895 1841 τὰ
2929 1789 3001 1859 μὴ
3032 1790 3088 1842 ὲν
3110 1793 3175 1860 τῇ
3206 1791 3340 1859 αὐτῇ
3366 1788 3638 1858 περιφορᾷ
3680 1787 3827 1847 ὅντα,
3857 1788 3930 1836 xz".

759 1897 821 1935 ea
852 1882 1030 1935 omnia
1071 1882 1185 1935 suis
1224 1896 1448 1949 qumque
1504 1881 1835 1949 temporibus
1863 1880 2129 1942 obeunda,
2184 1896 2300 1934 cer-

2400 1880 2523 1941 τοὺς
2554 1880 2823 1949 πλανήτας
2864 1880 2959 1932 καὶ
3020 1880 3392 1951 ἀσταθμήτους
3436 1875 3700 1947 ἁόιέραςι
3716 1877 3927 1941 γνῶναι.

762 1970 986 2024 tioribus
1019 1979 1249 2025 uterere.
1269 1971 1431 2038 Atqui
1465 1971 1579 2023 haec
1605 1970 1774 2023 nihilo
1797 1968 2062 2022 difﬁcilius
2090 1979 2194 2022 tam
2234 1985 2297 2023 ex

759 2058 1035 2113 nocturnis
1090 2059 1451 2123 venatoribus,
1497 2074 1656 2126 quam
1711 2074 1777 2111 ex
1836 2060 2051 2111 navium
2103 2060 2298 2128 guber-

762 2148 1079 2212 natbribus,
1137 2156 1189 2201 et
1249 2148 1368 2202 aliis
1418 2149 1827 2216 quamplurimis
1889 2147 2048 2219 744
2112 2150 2297 2203 resciri

763 2253 943 2308 posse,
966 2253 1003 2290 a
1032 2237 1228 2307 quibus
1260 2252 1447 2291 eorum
1480 2239 1723 2306 peritiam
1752 2251 1863 2291 suae
1890 2238 2149 2305 cujusque
2178 2254 2300 2306 par-

759 2337 841 2383 tes
887 2328 1223 2397 officiumque
1272 2328 1545 2396 deposcat.
1594 2329 1663 2380 At
1711 2328 1952 2381 eamdem
2012 2336 2178 2383 artem
2232 2343 2297 2381 eo

757 2434 928 2488 usque
955 2418 1226 2488 persequi,
1251 2417 1379 2472 dum
1410 2434 1473 2472 ea
1503 2433 1622 2487 qua:
1651 2434 1759 2472 non
1793 2417 1980 2472 eodem
2013 2426 2158 2471 motu
2185 2419 2296 2471 cir-

759 2509 1121 2564 cumferantur
1146 2548 1163 2570 ,
1210 2510 1498 2577 stellasque
1542 2508 1705 2563 simul
1752 2516 1993 2563 errantes
2038 2516 2091 2563 et
2135 2522 2298 2576 vagas

757 2601 1082 2669 distinguere
1132 2600 1365 2663 noveris,
1395 2600 1636 2669 adeoque
1687 2600 1737 2651 in
1786 2614 1971 2652 earum
2020 2598 2116 2652 abs
2155 2609 2296 2653 terra

760 2691 1075 2755 intervallis,
1115 2689 1577 2754 conversionibus,
1613 2689 1897 2757 causisque
1934 2689 2190 2743 rimandis
2226 2704 2296 2741 a5-

761 2787 926 2831 tatem
957 2779 1199 2845 vireSque
1225 2790 1543 2830 consumere
1567 2793 1583 2841 ;
1611 2776 1661 2829 id
1699 2792 1823 2829 vero
1852 2777 2082 2844 graviter
2112 2777 2297 2845 impri-

760 2866 861 2919 mis
890 2880 953 2919 ac
982 2864 1125 2917 serio
1159 2864 1498 2931 prohibebat,
1529 2864 1671 2932 quod
1707 2865 1909 2917 nullum
1940 2864 2100 2934 hujus
2134 2870 2294 2919 etiam

760 2969 934 3023 opera:
956 2954 1183 3022 pretium
1210 2954 1430 3018 videret,
1465 2954 1676 3009 tametsi
1705 2970 1770 3008 ne
1820 2955 1876 3008 in
1923 2955 2041 3010 istis
2080 2958 2295 3026 quidem

761 3045 922 3098 rebus
964 3045 1158 3112 hospes
1204 3046 1320 3113 ipse
1352 3059 1415 3097 ac
1454 3045 1767 3113 peregrinus
1810 3053 1974 3099 esset.
2033 3044 2293 3112 Addebat,

763 3132 1101 3186 conﬁciendae
1134 3132 1369 3185 hominis
1390 3133 1511 3186 vitae
1533 3133 1653 3188 illas
1674 3148 1889 3204 quoque
1910 3135 2041 3191 satis
2065 3134 2294 3201 futuras,

763 3236 883 3291 qua:
912 3221 1123 3273 interim
1154 3234 1184 3272 a
1218 3221 1461 3288 pluribus
1486 3222 1895 3293 utilioribusque
1937 3226 2127 3279 studiis
2164 3242 2294 3279 avo—

763 3321 964 3367 carent.
1006 3310 1281 3366 Postremo
1322 3312 1519 3380 quibus
1550 3314 1785 3368 cmlestia
1832 3330 2056 3383 quasque
2099 3333 2295 3371 numen

762 3399 1066 3453 rationibus
1110 3398 1458 3463 moderetur,
1507 3401 1813 3470 investigari
1861 3404 2106 3468 nolebat,
2155 3406 2299 3474 quod

763 3506 886 3545 cum
906 3504 970 3544 eo
1006 3490 1074 3543 ab
1104 3490 1412 3544 hominibus
1438 3480 1799 3560 aspirari'non
1830 3509 2004 3562 posse,
2045 3506 2157 3549 tum
2194 3499 2298 3549 mi-

766 3598 867 3635 nus
894 3597 1014 3634 cum
1044 3581 1145 3634 diis
1178 3581 1394 3650 probari
1419 3582 1772 3649 existimaret,
1795 3586 1885 3652 qui
1914 3601 2034 3652 qua:
2055 3596 2297 3655 prompta
2326 3584 2331 3587 “

766 3681 999 3739 notaque
1024 3687 1143 3725 esse
1175 3672 1492 3736 noluissent,
1524 3672 1836 3740 inquireret.
1865 3672 1971 3728 Nec
1998 3676 2176 3730 minus
2203 3677 2297 3741 illi,
2344 3692 2348 3695 ‘

768 3775 929 3828 quem
960 3776 1022 3813 ea
1054 3760 1425 3816 vehementius
1462 3776 1591 3815 cura
1621 3763 1920 3825 distineret,
1957 3766 2175 3819 insania:
2209 3781 2301 3834 pe-

768 3848 999 3902 riculum
1046 3850 1325 3903 imminere
1370 3852 1600 3917 dicebat,
1636 3867 1797 3919 quam
1827 3851 2173 3924 Anaxagorae,
2208 3857 2301 3924 qui

768 3939 1064 4008 explicatas
1099 3940 1193 3995 abs
1222 3956 1279 3995 se
1314 3941 1534 3994 deorum
1565 3942 1841 3997 machinas
1872 3952 2145 4013 tantOpere
2191 3947 2301 4016 glo-

2398 1970 2611 2032 καὶτὰς
2652 1972 2973 2033 ἀποστάσεις
3003 1970 3179 2024 αὐτῶν
3228 1971 3334 2024 ἀπὸ
3390 1970 3490 2039 τῆς
3544 1969 3672 2037 γῆς,
3716 1966 3811 2019 καὶ
3852 1969 3931 2029 τὰς

2398 2059 2689 2129 περιόδους,
2722 2061 2814 2113 καὶ⁵
2843 2060 2940 2123 τάς
2969 2060 3143 2122 αἰτίας
3169 2058 3343 2112 αὐτῶν
3394 2056 3659 2128 ζητοῦντα
3702 2058 3933 2125 κατατρί-

2398 2151 2607 2212 ϐεσθαι,
2642 2151 2873 2221 ἰσχυρῶς
2908 2152 3230 2221 ἀπέτρεπεν.
3297 2150 3570 2218 Ὠφέλειαν
3596 2148 3699 2217 μὲν
3732 2148 3836 2216 γὰρ
3864 2149 3932 2198 L-L-

2395 2240 2580 2310 δεμίαν
2611 2240 2714 2293 οὐδ’
2746 2244 2802 2292 ὲν
2825 2241 3029 2303 τούτοις
3074 2240 3177 2310 ἔφη
3208 2241 3359 2310 ὁρᾷν,
3391 2238 3567 2291 καίτοι
3598 2238 3723 2289 οὐδὲ
3757 2240 3932 2290 τούτων

2396 2347 2458 2397 γε
2484 2332 2709 2400 ἀνήκοος
2734 2327 2819 2400 ἦν.
2868 2332 3009 2400 Ἔφη
3041 2331 3097 2383 δὲ
3123 2332 3215 2384 καὶ¹
3236 2331 3405 2383 ταῦτα
3438 2331 3599 2383 ἱκανὰ
3620 2327 3764 2383 εἶναι
3793 2350 3933 2384 κατα-

2394 2421 2597 2489 τρίϐειν
2652 2421 2935 2491 ἀνθρώπου
2988 2420 3119 2489 βίον,
3153 2421 3246 2473 καὶ
3285 2420 3489 2473 πολλῶν
3524 2422 3620 2474 καὶ
3662 2421 3933 2490 ὠφελίμη

2396 2512 2743 2564 ἀποκωλύειν.
2776 2504 2947 2572 Ὂλως
2974 2511 3030 2562 δὲ
3061 2509 3168 2562 τῶν
3199 2510 3460 2579 οὐρανίων
3545 2512 3753 2563 ἕκαστα
3773 2514 3803 2563 ὁ
3823 2512 3933 2568 Θεὸς

2399 2604 2717 2673 μηχανᾶται,
2765 2600 3082 2672 φροντιστὴν
3126 2600 3403 2668 γίγνεσθαι
3459 2601 3795 2669 ἀπέτρεπεν·
3829 2602 3931 2653 uina

2394 2692 2501 2761 γὰρ
2528 2692 2721 2759 εὑρετὰ
2751 2690 3051 2761 ἀνθρώποις
3074 2690 3210 2742 αύτά
3244 2690 3487 2758 ἐνόμιζεν
3510 2690 3677 2755 εἶναι,
3705 2690 3829 2744 οὔτε
3853 2712 3931 2762 χα-

2386 2783 2633 2852 ρίζεσθαι
2656 2781 2794 2843 θεοῖς
2823 2780 2889 2833 ἂν
2917 2784 3097 2851 ἡγεῖτο
3112 2782 3204 2835 τὸν
3236 2782 3517 2852 ζητοῦντα,
3560 2785 3596 2839 ἃ
3627 2789 3825 2839 ἐκεῖνοι
3858 2803 3933 2837 σα-

2396 2874 2613 2942 φηνίσαι
2633 2872 2731 2923 οὐκ
2752 2870 3131 2942 ἐϐουλήθησαν.
3164 2873 3515 2927 Κινδυνεῖωαι
3546 2874 3593 2927 δ’
3617 2876 3690 2928 ἂν
3715 2876 3933 2945 ἔφη,καὶ

2397 2962 2806 3032 παραφρονῆσαι
2835 2963 2923 3014 τὸν
2944 2962 3113 3015 ταῦτα
3171 2965 3532 3039 μεριμνῶντα,
3572 2966 3728 3019 οὐδὲν
3760 2962 3931 3036 ἦττον.

2396 3047 2430 3118 ἢ
2477 3049 2834 3119 Ἀναξαγόρας
2858 3051 3302 3120 παρεφρόνησεν,”
3332 3052 3362 3103 ὁ
3394 3053 3646 3121 μέγιστον
3674 3058 3933 3127 φρονήσας

2396 3140 2487 3190 ἐπὶ
2518 3138 2593 3207 τῷ
2614 3139 2711 3201 τὰς
2734 3140 2839 3191 τῶν
2865 3139 3001 3191 θεῶν
3037 3143 3286 3211 μηχανὰς
3342 3142 3670 3211 ἐξηγεῖσθαι.
3719 3149 3934 3208 Ἐκεῖνος

2396 3227 2504 3297 γὰρ
2528 3228 2697 3295 λέγων
2731 3229 2826 3297 μὲν
2850 3229 2910 3281 τὸ
2940 3231 3070 3284 αὐτὸ
3090 3229 3225 3285 εἶναι
3247 3231 3357 3302 πῦρ
3384 3250 3441 3285 τε
3468 3235 3561 3289 καὶ
3579 3236 3754 3303 ἣλιον,
3772 3239 3937 3305 ἠγνόει

2394 3318 2475 3370 ὅτι
2501 3317 2562 3369 τὸ
2586 3317 2683 3386 μὲν
2720 3317 2829 3387 πῦρ
2855 3321 2902 3371 ot
2923 3319 3192 3391 ἄνθρωποι
3478 3322 3783 3394 καθορῶσιν
3803 3366 3817 3389 ,
3872 3328 3937 3387 si;

2394 3407 2451 3460 δὲ
2475 3409 2562 3461 τὸν
2588 3409 2733 3477 ἥλιον
2780 3410 2841 3462 ού
2867 3410 3113 3465 δύνανται
3145 3412 3501 3467 ἀντιϐλέπειν.
3556 3416 3667 3468 Καὶ
3698 3416 3809 3469 ὑπὸ
3855 3419 3935 3486 μὲν

2394 3494 2490 3547 τοῦ
2517 3497 2664 3564 ἡλίου
2688 3497 3176 3569 καταλαμπόμενοι,
3222 3500 3289 3552 τὰ
3342 3502 3602 3572 χρώματα
3647 3505 3935 3576 μελάντερα

2400 3585 2628 3654 ἔχουσιν,
2669 3587 2771 3639 ὑπὸ
2802 3588 2859 3640 δὲ
2904 3589 2997 3641 τοῦ
3044 3591 3229 3662 πυρὸς,
3266 3590 3346 3644 οὗ.
3394 3593 3604 3660 Ἠγνόει
3634 3595 3695 3648 δὲ
3728 3597 3825 3649 καὶ
3866 3598 3933 3649 ὃτι

2396 3675 2505 3729 τῶν
2536 3678 2599 3729 ὲκ
2626 3677 2724 3745 τῆς
2750 3677 2852 3747 γῆς
2902 3680 3197 3749 φυομένων,
3248 3683 3371 3735 ἄνευ
3408 3684 3505 3754 μὲν
3562 3686 3716 3756 ἡλίου
3779 3688 3936 3755 αὐγῆς

2348 3774 2355 3785 ’
2398 3766 2545 3819 οὐδὲν
2589 3767 2805 3821 δύναται
2852 3769 3029 3833 καλῶς
3065 3770 3334 3837 αὔξεσθαι,
3380 3775 3484 3827 ὑπὸ
3521 3774 3579 3828 δὲ
3630 3775 3733 3829 τοῦ
3783 3778 3933 3847 πυρὸς

2401 3856 2790 3926 θερμαινόμενα
2852 3858 3024 3909 πάντα
3092 3859 3403 3916 ἀπόλλυται.
3465 3862 3692 3916 Φάσκων
3754 3866 3811 3917 δὲ
3860 3868 3935 3916 τὸν

2399 3945 2544 4015 ἥλιον
2570 3946 2713 3998 λίθον
2774 3946 3029 4017 διάπυρον
3082 3943 3238 4011 εῖναι,
3288 3951 3381 4002 καὶ
3418 3950 3573 4003 τοῦτο
3622 3954 3836 4020 ἠγνόει,
3867 3956 3933 4005 ὅτι

771 4028 1033 4082 riabatur.
1078 4027 1302 4097 Quippe,
1349 4030 1475 4083 dum
1521 4030 1694 4099 ignem
1745 4043 1905 4101 atque
1946 4034 2110 4087 solem
2164 4037 2300 4090 idem

2400 4034 2544 4097 λίθος
2569 4035 2686 4104 μὲν,
2714 4038 2769 4087 ὲν
2790 4036 2920 4105 πυρὶ
2948 4036 3042 4100 ὢν,
3088 4036 3212 4089 οὗτε
3242 4039 3463 4110 λάμπει,
3487 4040 3609 4093 οὔτε
3635 4043 3809 4097 πολὺν
3828 4046 3935 4115 χρό-

771 4131 892 4187 esse
936 4117 1154 4181 diceret,
1190 4118 1457 4172 nesciebat
1487 4120 1689 4187 utique,
1724 4119 1897 4187 ignem
1951 4121 2192 4177 homines
2221 4124 2300 4176 vi-

2401 4141 2488 4175 vov
2518 4126 2745 4194 ἀντέχει·
2776 4128 2804 4177 ὁ
2832 4126 2887 4177 δὲ
2917 4127 3065 4195 ἥλιος
3121 4128 3297 4182 πάντα
3330 4128 3428 4182 τὸν
3482 4131 3666 4201 χρόνον
3736 4136 3934 4187 πάντων

738 4272 742 4279 Ι
776 4207 902 4259 dere
930 4206 1198 4273 perfacile,
1242 4208 1405 4261 solem
1439 4217 1612 4261 tamen
1644 4209 1923 4263 adversum
1967 4212 2163 4265 intueri
2195 4228 2300 4265 non

2400 4216 2767 4287 λαμπρότατος
2796 4216 2887 4282 ὢν,
2915 4219 3168 4299 διαμένει.
3202 4211 3441 4275 Ἐκὲλευε
3466 4222 3521 4275 δὲ
3540 4228 3632 4276 καὶ
3651 4225 3935 4295 λογισμοὺς

774 4311 976 4365 posse:
1012 4299 1103 4365 qui
1149 4300 1201 4351 in
1234 4299 1344 4352 sole
1394 4300 1721 4367 apricantur,
1763 4315 1855 4354 eos
1903 4303 2133 4356 colorem
2182 4304 2300 4357 inde

2405 4305 2707 4376 μανθάνειν·
2738 4300 2831 4361 καὶ
2860 4310 3058 4362 τούτων
3082 4311 3138 4363 δὲ
3182 4311 3377 4381 ὁμοίως
3401 4317 3511 4377 τοῖς
3529 4316 3713 4379 ἄλλοις
3732 4318 3932 4371 ἐκέλευε

776 4381 1063 4451 nigriorem
1090 4384 1424 4449 contrahere,
1457 4384 1548 4452 qui
1594 4400 1658 4437 ex
1690 4386 1809 4454 igne
1856 4403 1963 4441 non
2010 4399 2300 4457 sequatur:

2404 4398 2750 4465 φυλάττεσθαι
2784 4399 2879 4469 τὴν
2917 4401 3137 4469 μάταιον
3164 4406 3552 4473 πραγματείαν.
3567 4406 3753 4477 Μέχρι
3774 4409 3831 4460 δὲ
3855 4408 3932 4461 τοῦ

773 4486 959 4525 eorum
988 4488 1107 4542 quae
1130 4486 1416 4530 nascantur
1443 4494 1473 4532 e
1522 4487 1681 4544 terra,
1712 4479 1830 4535 sine
1870 4482 1999 4536 solis
2027 4483 2300 4551 splendore

2405 4487 2670 4557 ὠφελίμου
2698 4489 2869 4542 πάντα
2897 4492 2989 4543 καὶ
3012 4492 3170 4555 αὐτὸς
3197 4495 3530 4558 συνεσκόπει,
3557 4498 3650 4549 καὶ
3715 4499 3932 4561 συνδιεξ-

776 4563 953 4629 augeri
988 4578 1333 4635 crescereque
1361 4567 1511 4632 nihil,
1538 4569 1671 4621 nihil
1698 4577 1885 4623 contra
1916 4567 2021 4623 non
2053 4572 2186 4638 ignis
2216 4587 2300 4625 ar-

2399 4576 2612 4646 ῄειτοϊς
2660 4577 2891 4634 συνοῦσι.
2923 4600 2941 4633 ι
2990 4582 3191 4635 Ταῦτα
3219 4583 3457 4652 Ξενοφῶν
3487 4588 3544 4638 ὲν
3583 4588 3929 4657 Ἀπομνημο-

776 4652 906 4706 dore
950 4654 1312 4724 languescere.
1368 4656 1507 4711 ldem
1557 4668 1805 4727 praaterea
1865 4659 2030 4712 solem
2082 4661 2300 4730 ignitum

2400 4670 2701 4737 νεύμασιν.
2739 4671 2823 4722 Ἐν
2867 4673 3114 4745 ἐπιστολῇ
3138 4675 3192 4727 δὲ
3210 4677 3239 4728 ὁ
3266 4676 3422 4739 αὐτὸς
3443 4680 3509 4747 τῇ
3534 4652 3929 4751 πρὸςᾸῐσχίνην

773 4742 1003 4811 lapidem
1031 4761 1150 4802 esse
1187 4763 1309 4800 cum
1338 4747 1556 4813 diceret,
1591 4766 1694 4802 non
1727 4750 1957 4812 videbat,
1988 4750 2216 4818 lapidem
2253 4753 2300 4804 in

2402 4759 2526 4829 ’περῖ⁵
2549 4760 2827 4822 Πλάτωνος
2853 4764 2944 4813 καὶ
2972 4742 3113 4816 τῶν-
3138 4765 3440 4834 αὐχούντων
3484 4742 3589 4838 τὴν,
3611 4770 3722 4823 τοῦ

776 4834 951 4901 ignem
998 4840 1294 4915 conjectum
1351 4855 1449 4893 nec
1490 4838 1711 4913 fulgere,
1760 4855 1857 4893 nec
1888 4840 1979 4893 diu
2021 4842 2300 4909 resistere;

2402 4846 2736 4914 φυσιολογίαν
2760 4850 2977 4903 τοιαῦτα
3005 4854 3220 4922 γράφει.

775 4927 939 5017 sulem
970 4943 1035 4979 ex
1073 4932 1217 4983 omni
1248 4947 1359 4985 aevo
1404 4947 1561 4985 suum
1606 4932 1752 4985 illum
1797 4932 2154 5001 splendorem,
2197 4950 2303 5003 quo
2341 4946 2531 4994 cuncta
2598 4950 2847 5008 superat,
2878 4954 3210 4999 constantem
3254 4961 3647 5017 perennemque
3688 4949 3927 5004 retinere.

777 5014 903 5069 Suis
931 5017 1091 5070 etiam
1122 5029 1307 5073 auctor
1342 5030 1475 5086 erat,
1506 5032 1567 5073 ut
1618 5022 1671 5072 in
1700 5022 2041 5090 computandi
2070 5032 2185 5077 arte
2224 5024 2496 5092 discenda,
2543 5029 2763 5097 perinde
2815 5038 2873 5083 ut
2919 5032 2973 5083 in
3008 5032 3132 5087 aliis
3177 5014 3387 5089 inanem
3413 5050 3475 5088 ac
3490 5014 3927 5103 supervacaneam

775 5119 990 5171 operam
1026 5119 1299 5161 caverent.
1328 5110 1381 5163 Id
1429 5109 1573 5179 quod
1630 5110 1683 5162 in
1739 5110 1926 5177 primis
1970 5112 2039 5165 ab
2090 5127 2155 5165 eo
2192 5115 2534 5181 servabatur,
2585 5117 2678 5185 qui
2730 5122 3207 5175 commentationes
3252 5137 3315 5177 ac
3366 5122 3765 5192 disputationes
3819 5140 3927 5181 suas

776 5209 983 5288 omnes,
1031 5213 1165 5288 quas
1200 5214 1329 5288 cum
1382 5200 1658 5270 discipulis
1705 5200 1931 5254 habebat
1984 5203 2118 5270 suis,
2170 5204 2331 5259 unius
2381 5205 2625 5261 utilitatis
2667 5207 2863 5262 ﬁnibus
2895 5208 3216 5268 includebat.
3253 5231 3274 5264 ι
3321 5211 3589 5285 ﬂactenus
3643 5216 3923 5288 Xenophon

777 5283 831 5336 in
862 5284 1303 5341 Memorabilibus.
1364 5289 1508 5343 Idem
1564 5290 1791 5359 epistola
1829 5294 2061 5360 quadam
2110 5294 2176 5348 ad
2226 5294 2536 5349 ιεεειιίηεω
2581 5298 2798 5365 scripta,
2832 5300 2898 5354 de
2944 5299 3183 5366 Platone,
3217 5283 3391 5371 seque
3426 5304 3496 5357 iis
3539 5306 3637 5373 qui
3685 5283 3836 5360 suam
3880 5306 3923 5360 in

777 5377 1087 5446 explicanda
1116 5380 1351 5436 universi
1388 5392 1576 5438 natura
1621 5385 2007 5457 physiologiam
2060 5386 2425 5451 venditabant,
2455 5391 2566 5444 haec
2595 5391 2767 5445 habet.
