4014 6340
695 386 820 438 1227

1301 383 1561 437 EUSEBH
1600 381 2065 438 CESAR'IENSIS
2102 380 2248 435 ΟΡΡ.
2291 380 2467 433 PARS
2506 380 2564 432 ll.
2605 409 2671 418 ——
2710 377 3196 432 APOLOGETICA.

3714 374 3852 429 £228

689 503 809 555 illos
861 500 1157 568 reipublicae
1186 501 1455 564 custodes,
1491 500 1541 551 in
1590 499 1777 553 bellica
1828 500 2204 552 exercitatione

2310 497 2433 565 γάρ.
2453 499 2623 547 -Δεῖ
2638 497 2741 564 ἀρα
2764 496 2853 547 καὶ
2885 494 3040 546 τοῦτο
3070 494 3177 563 (58)
3210 494 3491 563 προσέχειν
3510 493 3570 543 τὸ
3600 491 3850 560 μάθημα,

683 591 791 656 jam
826 603 990 654 usque
1018 588 1083 639 ab
1114 588 1464 641 adolescentia
1494 588 1793 640 neceSsario
1824 597 2060 639 versatos
2088 601 2207 638 esse

687 680 875 732 debere
905 679 1012 745 jam
1041 678 1314 731 diximus?
1342 705 1410 716 ——
1451 676 1690 730 Diximus
1738 677 1939 744 utique.
1970 705 2039 714 -
2069 674 2205 743 Ergo

688 764 872 835 prater
906 768 1052 831 illud,
1103 768 1294 819 habeat
1339 768 1439 821 hoc
1468 768 1627 819 etiam
1674 782 1887 820 necesse
1932 774 2014 819 est
2044 766 2205 818 disci,

687 858 823 924 plina
857 871 1011 923 quam
1046 854 1349 922 quaerimus.
1380 883 1449 891 —
1478 853 1609 917 Quid
1643 855 1851 906 tandem
1876 854 1898 905 2
1922 882 1989 892 -—
2015 850 2101 904 Uti
2143 867 2210 906 ne

688 947 943 997 bellicosis
999 945 1299 995 hominibus
1351 944 1551 996 inutilis
1605 958 1666 996 ea
1720 944 1809 996 sit.
1871 942 2094 995 Necesse
2156 943 2205 994 id

685 1052 826 1098 vero,
855 1036 1043 1101 inquit,
1078 1034 1121 1086 si
1146 1036 1301 1085 modo
1326 1033 1435 1085 lieri
1462 1042 1649 1101 potest.
1681 1033 1839 1100 Atqui
1868 1032 2208 1100 gymnastica:

684 1140 743 1176 ac
779 1126 989 1176 musicae
1018 1123 1221 1174 artibus
1252 1122 1368 1173 illos
1402 1134 1521 1175 ante
1543 1123 1652 1189 jam
1681 1122 1991 1175 erudiimus.
2026 1150 2090 1159 -—
2118 1119 2206 1173 Sic

680 1221 779 1271 est,
808 1212 995 1281 inquit.
1023 1239 1090 1247 —
1114 1210 1449 1277 Gymnastica
1480 1224 1638 1277 porro
1668 1210 1807 1263 circa
1839 1210 1889 1262 id
1921 1211 2061 1277 quod
2098 1210 2207 1261 ori—

684 1312 766 1353 tur
801 1301 1042 1368 quodque
1086 1300 1263 1351 interit
1299 1308 1402 1351 tota
1432 1308 1691 1361 versatur,
1745 1314 2030 1365 corporum
2062 1299 2202 1350 enim

682 1395 1004 1443 incremento
1030 1405 1092 1441 ac
1116 1386 1452 1441 diminutioni
1480 1397 1687 1456 praeest.
1722 1418 1775 1425 —
1802 1388 1970 1441 Certe.
2000 1417 2062 1425 —
2088 1386 2202 1440 Non

679 1492 761 1533 est
796 1482 951 1548 igitur
997 1494 1056 1531 ea
1109 1478 1405 1544 disciplina,
1456 1492 1615 1544 quam
1665 1478 1971 1544 qumrimus.
2005 1505 2075 1515 —
2114 1475 2205 1528 Mi-

684 1572 821 1623 nime
844 1584 989 1620 vero.
1020 1598 1087 1607 —-
1113 1568 1190 1620 An
1226 1567 1357 1619 forte
1384 1567 1585 1619 musica
1619 1567 1703 1618 illa
1734 1567 1820 1629 sit,
1849 1566 2019 1633 quade
2048 1580 2204 1633 supe-

680 1664 790 1713 rius
842 1661 1000 1712 locuti
1046 1658 1271 1711 sumus?
1315 1657 1382 1708 At
1414 1657 1522 1719 illa,
1573 1655 1762 1722 inquit,
1815 1656 1857 1708 si
1894 1654 2201 1717 meministi,

680 1765 830 1801 usum
862 1749 1017 1801 habet
1047 1746 1387 1814 gymnasticae
1417 1745 1466 1795 in
1500 1744 1742 1797 dissimili
1772 1758 1963 1811 genere
1996 1743 2202 1796 similli-

2309 589 2336 638 δ
2363 586 2641 656 ζητοῦμεν,
2670 586 2802 654 προς
2826 585 3032 653 ἐκείνῳ.
3065 616 3131 623 -
3156 584 3227 634 Τὸ
3260 586 3436 646 ποῖον;
3476 613 3541 622 -——
3568 581 3659 649 Μὴ
3682 582 3852 650 ἀχρη-

2311 693 2429 729 στον
2454 675 3035 745 πολεμικοῑς”ἀνδράσιν
3064 670 3219 725 εἶναι.
3262 676 3350 724 Δεῖ
3382 673 3581 741 μέντοι,
3616 670 3743 739 ἔφη,
3776 670 3852 721 εἷ-

2309 784 2411 836 περ
2438 760 2545 817 οἷόν
2576 782 2653 817 τε.
2686 766 3026 834 Γυμναστικῇ
3086 781 3159 832 πη
3186 765 3296 816 ,καὶ
3334 764 3562 831 μουσικῇ
3587 761 3644 813 ἓν
3670 777 3734 827 γε
3777 758 3855 827 τῷ

2311 855 2538 925 πρόσθεν
2568 854 2908 906 ἐπαιδεύοντο
2937 848 3289 923 ἡ-μῐνκ-Ἦν
3322 850 3508 913 ταῦτα,
3542 850 3853 917 ἔφη-Καὶ

2309 943 2649 1012 Γυμναστικὴ
2672 942 2768 1009 μέν
2789 958 2888 992 που
2905 956 2970 989 πε
2978 940 3029 1009 ρὶ
3042 939 3351 1007 γιγνόμενον
3376 940 3468 989 καὶ
3486 938 3855 1004 ἀπολλύμενον

2307 1032 2608 1087 τετεύτακε·
2657 1030 2900 1099 σώματος
2928 1030 3034 1096 γὰρ
3060 1028 3221 1097 αὔξης
3247 1030 3337 1081 καὶ
3366 1028 3596 1094 φθίσεως
3634 1029 3859 1077 ὲπισταέ

2306 1124 2403 1171 τεῖ.
2426 1151 2493 1160 -
2516 1121 2782 1172 Φαίνεται.
2812 1150 2877 1158 -
2905 1119 3069 1169 Τοῦτο
3105 1118 3200 1185 μὲν
3250 1117 3311 1184 δὴ
3351 1118 3450 1168 οὐκ
3480 1116 3545 1167 ἀν
3583 1116 3673 1183 εἴη
3704 1114 3733 1164 δ
3759 1114 3854 1181 ζη-

2305 1211 2499 1279 τοῦμεν
2533 1210 2773 1279 μάθημα.
2796 1210 2953 1259 -Ού
3000 1208 3126 1277 γάρ.
3163 1238 3227 1245 --
3263 1207 3395 1258 Ἀλλ’
3446 1204 3553 1275 ἆρα
3602 1202 3855 1273 μουσικὴ,

2304 1302 2430 1369 ὅσην
2466 1300 2525 1352 τὸ
2550 1301 2804 1370 πρότερον
2834 1298 3145 1367 διήλθομεν;
3184 1296 3321 1348 Ἀλλ’
3344 1293 3409 1365 ἦν
3430 1297 3611 1363 ἐκείνη
3629 1294 3711 1361 γ’,
3728 1294 3851 1361 ἔφη,

2305 1391 2646 1459 ἀντίστροφος
2686 1389 2781 1457 τῆς
2836 1386 3199 1457 γυμναστικῆς
3257 1384 3387 1452 (59),
3440 1386 3487 1434 εί
3540 1384 3853 1451 μέμνησαι,

2306 1481 2443 1531 έθεσί
2472 1479 2578 1547 (60)
2604 1478 2922 1530 παιδεύουσα
2942 1478 3063 1536 τοὺς
3096 1474 3355 1541 φύλακας,
3397 1472 3536 1524 κατά
3585 1488 3642 1521 τε
3682 1472 3851 1537 ἁρμο-

2304 1570 2419 1620 νίαν
2440 1566 2795 1637 εὐαρμοστίαν
2820 1565 2961 1627 τινὰ,
2990 1566 3085 1616 οὐκ
3123 1565 3424 1631 ἐπιστήμην
3451 1560 3849 1627 παραδιδοῦσα,

2304 1658 2394 1709 κα).
2420 1657 2556 1708 κατὰ
2589 1656 2787 1726 ῥυθμὸν
2814 1654 3121 1723 εὐρυθμίαν,
3152 1652 3207 1704 έν
3256 1668 3314 1703 τε
3341 1654 3450 1713 τοῖς
3492 1650 3673 1717 λόγοις
3695 1651 3852 1716 ἔτερα

2304 1745 2502 1796 τούτων
2529 1742 2727 1809 ἀδελφά
2760 1742 2852 1811 ἔθη
2882 1742 3014 1793 ἀττα
3065 1741 3277 1808 ἔχουσα,
3312 1740 3401 1790 καὶ
3428 1740 3539 1789 ὅσοι
3592 1736 3852 1805 μυθώδεις

679 1854 818 1887 mum
852 1855 863 1887 :
905 1844 1083 1901 utpote
1120 1848 1239 1901 quae
1270 1832 1505 1884 moribus
1534 1842 1736 1884 tantum
1781 1832 2082 1899 reipublicae
2112 1847 2204 1885 eu-

2305 1833 2407 1885 τῶν
2433 1833 2623 1899 λόγων,
2657 1833 2750 1882 κα).
2769 1831 2881 1882 ὅσοι
2910 1829 3283 1898 ἀληθινώτεροι
3314 1823 3469 1896 ἦσαν.
3520 1827 3769 1895 Μάθημα
3797 1826 3849 1878 δὲ

678 1928 854 1979 studes
903 1926 1173 1985 informet,
1226 1931 1383 1989 atque
1419 1924 1555 1973 utin
1588 1934 1845 1975 concentu
1888 1922 1999 1973 lieri
2048 1922 2200 1983 solet,

676 2026 847 2083 aptam
882 2014 1168 2083 quamdam
1195 2013 1585 2072 cohazrentiam,
1637 2026 1698 2063 ac
1733 2010 2053 2078 persimilem
2108 2025 2206 2061 nu-

678 2106 836 2157 meris
866 2104 1297 2171 compositionem
1352 2102 1691 2170 suppeditet,.
1725 2116 1828 2152 non
1876 2115 2053 2153 veram
2087 2114 2207 2167 pro-

677 2194 949 2261 priamquc
981 2193 1251 2245 scientiam
1282 2208 1295 2253 ;
1325 2201 1480 2257 atque
1523 2191 1574 2241 in
1611 2190 1726 2256 ipso
1778 2188 1984 2240 dicendi
2017 2200 2206 2256 genere

675 2283 774 2333 alia
806 2282 1041 2347 quaedam
1075 2280 1263 2331 haheat
1296 2280 1533 2330 moribus
1572 2277 1674 2328 illis
1722 2276 1916 2339 alliuia,
1950 2288 2207 2341 verasque

677 2370 1005 2421 narrationes
1039 2384 1065 2419 a
1099 2367 1354 2419 fabulosis
1400 2364 1705 2431 distinguat.
1740 2364 1997 2415 C:etcrum
2052 2360 2206 2414 habet

674 2474 733 2510 ea
786 2458 935 2520 nihil,
976 2457 1128 2523 cujus
1162 2471 1258 2507 nos
1305 2454 1533 2522 cegnitio
1584 2455 1647 2504 ad
1701 2453 1896 2519 aliquid
1953 2448 2232 2519 perducat'

675 2545 955 2612 ejusmodi,
980 2544 1119 2609 qqu
1157 2558 1297 2595 nunc
1344 2542 1438 2594 abs
1473 2551 1521 2593 te
1554 2542 1826 2608 quaeritur.
1861 2569 1925 2577 —
1950 2539 2029 2592 Me
2057 2557 2201 2605 vero,

678 2637 910 2701 inquam,
938 2632 1220 2684 admodum
1245 2618 1535 2699 Opportune
1567 2644 1784 2682 mones:
1815 2644 2032 2695 prorsus
2063 2632 2203 2683 enim

679 2724 990 2776 similcnihil
1015 2721 1371 2775 habet.—Sed
1416 2721 1538 2788 quid
1561 2721 1738 2788 igitur,
1764 2720 1959 2786 optime
1984 2718 2202 2785 Glauco,

678 2816 777 2867 tale
810 2830 923 2868 esse
951 2815 1160 2882 possit?
1189 2829 1308 2865 nam
1344 2823 1483 2865 artes
1514 2812 1725 2879 quidem
1762 2826 1944 2863 omnes
1983 2811 2205 2863 sordida:

679 2905 828 2957 nobis
870 2913 920 2955 et
965 2902 1246 2955 illiberalcs
1287 2902 1411 2953 visa!
1457 2909 1597 2953 sunt.
1632 2929 1699 2937 ——
1729 2901 1801 2952 Ae
1850 2900 2036 2952 merito
2082 2900 2202 2969 qui-

676 2995 813 3045 dem.
859 3014 874 3040 ι
913 2991 1068 3055 Τιιιιι,
1101 2992 1341 3058 pluribus
1384 2991 1687 3057 interjectis,
1713 2992 1782 3042 ita
1813 2990 2152 3057 prosequitur
2189 3007 2201 3041 :

684 3102 699 3131 ι
742 3083 989 3136 Dabimus
1026 3097 1259 3150 operam,
1296 3082 1484 3149 inquit,
1518 3096 1581 3133 ne
1610 3082 1698 3148 qui
1733 3095 1760 3131 a
1795 3080 1946 3132 nobis
1975 3080 2205 3132 educan-

679 3182 784 3232 tur,
816 3173 1010 3237 aliquid
1045 3173 1112 3225 ab
1144 3173 1207 3225 iis
1255 3173 1355 3225 hoc
1404 3173 1453 3223 in
1486 3186 1676 3239 genere
1707 3170 1997 3237 perlectum
2028 3170 2204 3223 minus

678 3272 1051 3329 maturumque
1106 3260 1428 3323 doceantur;
1492 3260 1737 3327 quodque
1796 3274 1900 3309 non
1949 3273 2012 3310 eo
2066 3274 2204 3311 sem-

678 3368 789 3418 per,
818 3366 921 3418 quo
948 3350 1159 3403 tendere
1184 3364 1361 3401 omnes
1390 3349 1635 3409 debeant,
1668 3348 1948 3409 referatur,
1980 3348 2204 3415 utijam-

674 3442 781 3508 jam
813 3441 885 3492 de
908 3440 1229 3492 astronomia
1259 3427 1583 3491 dicebamus.
1627 3438 1839 3505 Ignoras
1872 3446 1926 3489 tu
1956 3452 2101 3501 vero,
2134 3438 2204 3490 si-

677 3530 800 3582 iuile
828 3529 949 3595 quid
985 3529 1128 3581 aliud
1166 3528 1217 3579 in
1249 3527 1524 3580 harmonia
1573 3518 1816 3579 homines
1847 3528 1979 3579 istos
2007 3527 2204 3595 agere?

678 3617 874 3686 Quippe
913 3619 1038 3670 dum
1074 3618 1191 3670 illos
1239 3631 1427 3669 vocum
1476 3630 1834 3683 sonorumque
1885 3623 2200 3677 concentus,

676 3710 767 3774 qui
793 3710 1008 3761 auribus
1037 3708 1413 3775 percipiuntur,
1442 3708 1575 3759 inter
1606 3721 1722 3759 sese
1761 3705 2027 3758 metiendo
2066 3720 2205 3757 corn-

678 3806 899 3863 ponunt,
957 3797 1230 3847 inutilibus
1295 3795 1346 3846 in
1403 3796 1581 3855 rebus,
1637 3791 2081 3860 quemadmodum
2150 3802 2202 3845 et

676 3886 997 3946 astrononii,
1055 3885 1285 3937 studium
1336 3898 1657 3950 operamque
1711 3890 1933 3950 ponunt.
1987 3879 2060 3933 Ita
2110 3897 2203 3949 per

677 3978 823 4039 deos,
852 3976 1024 4043 inquit
1054 3992 1067 4039 ;
1100 3989 1161 4025 ac
1192 3973 1398 4025 ridiculi
1442 3974 1595 4039 plane
1623 3980 1767 4035 sunt,
1796 3970 1919 4022 dum
1958 3970 2202 4039 frequen-

679 4074 905 4116 lamenta
959 4066 1137 4115 nescio
1170 4077 1286 4129 quae
1320 4060 1471 4131 747
1531 4061 1823 4122 nominant,
1871 4060 2203 4129 admotisque

680 4152 894 4203 auribus
926 4166 1103 4203 vocem
1160 4152 1308 4217 quasi
1350 4149 1564 4216 propius
1609 4156 1974 4215 aucupantes:
2031 4148 2115 4199 alii
2146 4163 2203 4200 se

681 4246 733 4293 iu
771 4240 941 4291 medio
975 4254 1161 4292 sonum
1212 4239 1438 4305 aliquem
1501 4237 1771 4301 exaudire,
1812 4252 1874 4291 ac
1922 4236 2200 4289 minimum

679 4330 829 4389 illud,
861 4328 1011 4394 cujus
1043 4328 1093 4379 in
1136 4328 1398 4381 metiendo
1445 4342 1572 4379 usus
1623 4342 1741 4380 esse
1778 4328 1984 4387 debeat,
2035 4327 2201 4379 inter-

2306 1922 2436 1990 πρὸς
2460 1920 2694 1971 τοιοῦτόν
2722 1920 2951 1996 τιοάγον,
2985 1914 3168 1969 οἷονσὺ
3194 1916 3287 1971 νῦν
3317 1915 3514 1984 ζητεῖς,
3531 1916 3686 1967 οὐδὲν
3701 1912 3769 1983 ἧν
3796 1918 3851 1968 ὲν

2304 2013 2453 2079 αὐτῇ.
2475 2040 2541 2048 --
2571 2009 2973 2079 Ἀκριὸέστατα,
2997 2003 3063 2076 ἧν
3087 2008 3129 2059 δ’
3152 2007 3277 2073 ἐγὼ,
3296 2007 3727 2075 ἀναμιμνήσκεις
3762 2023 3846 2074 με.

2306 2098 2393 2166 Τῷ
2420 2100 2523 2169 γάρ
2556 2100 2666 2150 δντι
2688 2098 2920 2150 τοιοῦτον
2942 2098 3089 2148 οὐδὲν
3104 2093 3264 2165 εἶχεν.
3286 2124 3348 2135 --
3364 2095 3520 2159 Ἀλλ’,
3538 2090 3585 2145 ὦ
3610 2095 3845 2163 δαιμόνιε

2304 2189 2573 2252 Γλαύκων,
2602 2190 2651 2241 τί
2692 2190 2755 2242 ἀν
2783 2188 2866 2257 εἴη
2895 2188 3152 2253 τοιοῦτονς
3185 2189 3318 2240 αἵτε
3362 2189 3467 2258 γὰρ
3520 2188 3706 2255 τέχναι
3758 2185 3849 2254 βά-

2304 2282 2485 2333 ναυσοί
2517 2298 2615 2331 που
2644 2281 2843 2333 ἅπασαι
2876 2279 3052 2344 ἔδοξαν
3087 2276 3433 2341 ebur—Ilio;
3467 2280 3512 2330 δ’
3547 2276 3638 2340 οὓς
3678 2298 3698 2327 ι
3737 2273 3831 2352 Εῖιθ

2305 2374 2427 2440 ἑξῆς
2460 2371 2657 2440 προῖὼν
2679 2371 2929 2436 ἐπιλέγει·
2961 2390 2975 2419 ι
3004 2370 3209 2440 Μήποτ’
3243 2370 3418 2421 αὐτῶν
3445 2387 3497 2420 τι
3512 2369 3700 2431 ἀτελὲς
3728 2372 3846 2421 ἑπι-

2304 2462 2549 2531 χειρώσιν
2585 2463 2711 2528 ἡμῖν
2766 2459 3065 2527 μανθάνειν,
3119 2459 3209 2519 οὓς
3269 2459 3553 2526 θρέψομεν,
3607 2458 3701 2510 καὶ
3750 2460 3846 2511 οὐκ

2305 2550 2492 2617 ἐξῆκον
2521 2552 2691 2599 ἐκεῖσε
2719 2548 2820 2607 ἀεὶ,
2853 2542 2907 2598 οἶ
2938 2548 3138 2607 πάντας
3164 2546 3245 2597 δεῖ
3276 2547 3513 2613 ἀνήκειν,
3568 2541 3682 2598 οἷον
3725 2548 3848 2616 ἀρτι

2306 2640 2554 2708 περὶτῆς
2582 2640 2931 2706 ἀστρονομίας
2982 2636 3249 2704 ἐλέγομεν.
3312 2638 3377 2686 Ἦ
3422 2638 3518 2687 οὐκ
3558 2633 3711 2697 οἷσθ’,
3766 2638 3845 2688 ὅτι

2304 2730 2394 2781 καὶ
2420 2729 2540 2796 περὶ
2564 2727 2822 2795 ἁρμονίας
2842 2727 3022 2795 ἕτερον
3052 2726 3282 2777 τοιοῦτον
3310 2724 3545 2787 ποιοῦσις
3604 2724 3703 2783 τὰς
3740 2724 3848 2793 γὰρ

2304 2816 2632 2883 ἀκουομένας
2679 2813 2741 2868 αὖ
2798 2816 3105 2883 συμφωνίας
3157 2816 3249 2867 καὶ
3310 2814 3572 2880 φθόγγους
3599 2813 3849 2881 ἀλλήλοις

2305 2904 2743 2972 ἀναμετροῦντες,
2788 2905 3016 2973 ἀνήνυτα
3067 2903 3251 2973 ὥσπερ
3280 2905 3325 2955 οἱ
3373 2902 3693 2971 ἀστρονόμοι
3732 2918 3849 2952 ποι-

2305 2996 2438 3048 οῦσι.
2466 2995 2545 3063 Νὴ
2569 2996 2690 3057 τοὺς
2722 2995 2891 3057 θεοὺς,
2920 2988 3153 3073 ἐρηηκαὶ
3172 2996 3393 3063 γελοίως
3427 3011 3487 3061 γε
3529 2994 3847 3060 πυκνώματ’

2304 3088 2434 3138 ἀττα
2465 3084 2572 3153 (61)
2603 3085 2986 3150 ὀνομάζοντεςθ
3023 3086 3115 3137 καὶ
3164 3085 3596 3155 παραϐάλλοντες
3618 3084 3682 3135 τὰ
3710 3079 3844 3143 ὦτα,

2304 3171 2409 3227 οἷον
2442 3178 2502 3227 ἐκ
2526 3174 2772 3241 γειτόνων
2822 3174 2997 3243 φωνὴν
3026 3174 3389 3245 θηρευόμενοι·
3446 3176 3492 3224 οἱ
3559 3175 3655 3241 μέν
3684 3190 3847 3239 φασιν

2302 3263 2378 3316 ἔτι
2406 3264 2719 3317 κατακούειν
2750 3266 2805 3314 ὲν
2841 3266 2986 3333 μέσῳ
3018 3266 3133 3315 τινὰ
3159 3265 3313 3332 ἠχὴν,
3349 3264 3439 3314 καὶ
3494 3264 3850 3331 σμικρότατον

2301 3350 2434 3407 εἶναι
2464 3354 2617 3405 τοῦτο
2647 3353 2930 3420 διάστημα,
2982 3346 3024 3417 ᾧ
3070 3352 3376 3421 μετρητέον·
3411 3354 3457 3402 οί
3495 3351 3541 3423 δῖ
3567 3349 3847 3419 ἀμφισϐη-

2300 3445 2534 3505 τοῦντες,
2583 3445 2655 3505 ὠς
2695 3446 2873 3513 ὅμοιον
2920 3442 3018 3511 ἤδη
3089 3442 3494 3510 φθεγγομένων·
3548 3443 3849 3511 ἀμφότεροι

2300 3519 2410 3586 ὦτα
2434 3535 2524 3586 τοῦ
2550 3534 2638 3585 νοῦ
2671 3533 3113 3603 προστησάμενοι.
3150 3533 3217 3583 Σὺ
3244 3534 3357 3600 μὲν,
3389 3528 3454 3600 ἦν
3475 3533 3518 3584 δ’
3547 3532 3674 3599 ἐγὼ,
3722 3534 3847 3593 τοὺς

2302 3624 2560 3693 χρηστοὺς
2588 3622 2895 3688 λέγειςτοὺς
2946 3624 3062 3681 ταῖς
3100 3620 3307 3687 χορδαῖς
3351 3622 3645 3689 πράγματα
3699 3638 3846 3690 παρ-

2300 3713 2535 3781 έχοντας,
2586 3714 2675 3762 καὶ
2724 3711 3099 3779 βασανίζοντας
3128 3712 3217 3762 ἐπὶ
3266 3712 3370 3763 τῶν
3398 3711 3690 3773 κολλόπων,
3755 3713 3845 3761 καὶ

2302 3798 2698 3869 στρεϐλοῦντας.
2740 3800 2851 3849 Ἵνα
2881 3798 2936 3848 δὲ
2966 3798 3039 3866 μὴ
3068 3799 3370 3867 μακροτέρα
3415 3800 3447 3866 ἡ
3473 3796 3634 3847 είκὼν
3665 3796 3847 3865 γίγνη-

2298 3904 2405 3951 ται,
2438 3886 2690 3955 πλήκτρῳ
2737 3904 2792 3938 τε
2830 3887 3044 3953 πληγῶν
3076 3887 3422 3955 γιγνομένων,
3470 3886 3561 3938 καὶ
3604 3902 3843 3953 κατηγο-

2300 3976 2418 4045 ρίας
2448 3977 2592 4045 πέρι,
2620 3978 2708 4027 καὶ
2738 3977 3087 4047 ἐξαρνήσεως,
3131 3978 3222 4027 καὶ
3279 3976 3586 4037 ἀλαζονείας
3612 3977 3839 4045 χορδῶν,

2300 4066 2536 4135 παύομαι
2560 4066 2657 4134 τῆς
2695 4067 2913 4127 εἰκόνος,
2944 4066 3035 4117 καὶ
3092 4064 3148 4115 οὗ
3199 4082 3335 4133 φημι
3378 4065 3593 4127 τούτους
3640 4065 3839 4131 λέγειν,

2300 4154 2409 4205 ἀλλ’
2439 4154 2689 4217 ἐκείνους,
2723 4153 2813 4215 οὓς
2840 4154 3042 4221 ἔφαμεν
3074 4152 3164 4205 νῦν
3207 4154 3267 4221 δὴ
3299 4154 3421 4221 περὶ
3456 4155 3716 4223 ἁρμονίας
3768 4157 3844 4205 εί-

2294 4243 2492 4313 ηρῆσθαι
2522 4244 2648 4311 (ϐξ).
2678 4245 2879 4295 Ταύτὸν
2910 4245 3016 4313 γάρ
3058 4243 3261 4294 ποιοῦσι
3290 4246 3396 4305 τοῖς
3416 4246 3471 4294 ὲν
3496 4248 3559 4313 τῇ
3584 4246 3842 4313 ἀστρονο-

2304 4336 2417 4403 μία.
2451 4328 2585 4396 Τοῦς
2631 4333 2736 4401 γάρ
2794 4334 2851 4384 ὲν
2907 4333 3123 4394 ταύταις
3180 4336 3295 4394 ταῖς
3337 4333 3668 4400 συμφωνίαις
3722 4339 3844 4396 ταῖς

680 4420 872 4472 vallum
901 4434 1015 4471 esse
1044 4418 1281 4469 dictitant
1312 4433 1325 4480 ;
1356 4418 1440 4469 alii
1469 4432 1593 4469 vero
1610 4416 2035 4484 dubitant.quasi
2060 4430 2201 4468 avo-

2304 4423 2649 4491 ἀκουομέναις
2693 4421 2950 4490 ἀριθμοὺς
3007 4422 3269 4489 ζητοῦσιν,
3320 4422 3426 4473 ἀλλ’
3456 4424 3553 4473 ούκ
3600 4426 3678 4483 είς
3709 4440 3844 4492 προ-

680 4512 827 4562 cibus
858 4508 1087 4575 illisjam
1116 4507 1301 4559 similis
1322 4508 1533 4575 quidam
1560 4521 1723 4559 sonus
1750 4506 1987 4558 exsistat.
2015 4506 2067 4557 In
2096 4520 2201 4572 quo

683 4598 891 4664 utrique
920 4584 1082 4647 menti
1114 4608 1268 4645 aures
1304 4602 1645 4661 anteponunt.
1675 4590 1753 4643 Tu
1790 4607 1933 4653 vero,
1964 4592 2199 4660 inquam,

683 4686 814 4739 alios
848 4686 963 4738 illos
1001 4684 1282 4736 admodum
1316 4682 1467 4735 utiles
1493 4682 1767 4735 arbitraris
1795 4680 1885 4749 qui
1919 4680 2047 4733 ﬁdes
2083 4696 2203 4747 pcr-

684 4784 842 4839 petuo
895 4781 1124 4833 vexant,
1172 4770 1516 4833 distendunt,
1562 4768 1940 4835 claviculisque
1985 4776 2201 4819 c0ntor-

684 4860 891 4928 quent?
926 4861 1112 4911 \‘erum
1150 4875 1214 4912 ne
1243 4858 1448 4927 longius
1478 4858 1588 4911 haec
1625 4873 1719 4911 nos
1751 4842 1924 4927 imago
1954 4858 2203 4921 detineat,

685 4954 809 5003 dum
837 4948 1035 5018 plcetro
1060 4950 1278 5017 pulsatae
1306 4948 1433 5001 lides
1463 4956 1551 4999 aut
1573 4946 1851 5010 amrmaut,
1883 4946 2203 5016 autnegant,

757 5122 861 5190 (58)
889 5121 987 5173 Δεῖ
1008 5121 1234 5190 ἄραγκαὶ
1259 5121 1447 5181 τοῦτο,
1482 5127 1582 5171 etc.
1619 5116 1851 5190 Ficinus,
1880 5134 1984 5172 non
2021 5119 2112 5190 ita.
2152 5126 2208 5169 ut

688 5194 734 5242 vi
760 5188 908 5252 retur,
940 5188 1170 5242 aut-toris
1202 5205 1263 5239 ex
1308 5204 1463 5244 sensu
1504 5188 1677 5255 vertit,
1711 5198 1901 5252 oportet
1929 5204 2047 5255 ergo
2078 5188 2209 5237 hanc

688 5273 929 5324 praeterea
964 5258 1213 5321 superiori
1254 5257 1437 5307 addere
1482 5254 1839 5325 disciplinam,
1884 5254 2038 5319 quam
2070 5271 2210 5325 qua-

692 5322 867 5394 riinus.
897 5325 1201 5394 Προσέχειν,
1232 5339 1333 5376 nou
1362 5333 1440 5394 es}
1467 5322 1816 5392 προστιθέναι.

761 5392 865 5462 (59)
918 5387 1463 5462 ’Ᾰντίᾶτροφος-τῆς
1498 5387 1915 5462 γυμναστικῆς.
1963 5389 2208 5462 Sororem

693 5457 856 5514 \ocat'
878 5462 967 5513 lib.
1009 5477 1065 5512 ιιι
1095 5462 1165 5511 De
1196 5457 1349 5522 repub
1379 5498 1393 5519 ,
1426 5457 1521 5511 ubi
1543 5457 1606 5511 de
1644 5457 1841 5509 musica
1874 5472 1937 5509 ex
1970 5459 2209 5524 professo

693 5531 920 5611 disputat
950 5525 1105 5611 :‘ép'
1135 5524 1476 5611 c'ii.'iv,~iiiq.ui‘t.~
1502 5528 1534 5596 ἠ
1576 5526 1827 5611 βελτίστη
1855 5526 2207 5594 γυμναστικὴ.

692 5593 882 5665 άῐελιρή
906 5615 986 5657 τις
1020 5593 1081 5650 ἂν
1110 5596 1314 5665 είηγτῆς
1345 5593 1532 5663 ἁπλῆς
1544 5593 1833 5663 μουσικῆς,

762 5614 882 5665 supr,
906 5615 986 5657 τις
1020 5614 1081 5650 αν
1110 5614 1156 5647 ει
1218 5614 1314 5665 της
1345 5614 1513 5663 απΑης
1544 5614 1833 5663 μουσικης,

762 5664 867 5730 (60)
917 5614 1443 5730 Ἕθεσι.ῐδιιιιιιιιιιη
1495 5668 1658 5715 valeat
1709 5662 1907 5716 musica
1965 5662 2092 5731 πρὸς
2143 5662 2207 5715 τὶ

2307 4511 2402 4579 ὅλή
2413 4527 2549 4578 ματα
2572 4509 2777 4562 ἀνίασιν
2807 4511 3281 4571 ὲπισκοπεῖν,τίνες
3312 4509 3576 4577 ξύμφωνοι
3596 4510 3843 4579 ἀριθμοὶ,

2306 4598 2548 4657 καὶτίνες
2575 4594 2655 4656 οὓ,
2699 4596 2789 4646 καὶ
2816 4596 2899 4647 διὰ
2948 4598 2997 4647 τί
3032 4599 3287 4667 ἑκάτεροι.
3330 4618 3347 4648 ι
3418 4598 3571 4647 Ἀλλά
3596 4598 3700 4665 γὰρ
3750 4600 3848 4650 καὶ

2303 4686 2450 4737 ταῦθ’
2483 4689 2611 4755 ἡμῖν
2634 4686 2734 4754 πρὸ
2760 4685 2874 4737 ὁδοῦ
2909 4687 3119 4748 κείσθω,
3146 4686 3586 4754 ἀπολογουμένοις
3646 4688 3724 4737 ὅτι
3767 4690 3844 4757 μὴ

2304 4775 2422 4842 δίχα
2454 4775 2683 4835 διανοίας
2706 4773 2884 4843 ὀρθῆς,
2920 4776 3009 4826 καὶ
3039 4776 3135 4842 τῆς
3181 4774 3286 4825 τῶν
3323 4774 3531 4825 τοιῶνδε
3575 4774 3851 4841 ἀχρηστο-

2310 4862 2529 4931 μαθείας
2552 4862 2985 4931 ὼλιγωρήσαμεν.
3012 4863 3336 4931 Σκεψώμεθα
3361 4862 3488 4931 δῆτα
3528 4862 3703 4913 λοιπὸν
3737 4864 3844 4933 ἢδη

2307 4951 2503 5004 ἀνωθεν
2530 4951 2831 5019 ἀρξάμενοι,
2866 4952 2959 5013 τὰς
3007 4952 3109 5002 τῶν
3142 4951 3433 5021 εἰρημένων
3484 4952 3723 5004 Φυσικῶν
3756 4972 3846 5019 ιρι-

2308 5123 2430 5192 ἤθη,
2469 5125 2587 5176 eod.
2624 5123 2713 5175 lib.
2750 5139 2804 5174 ιιι
2832 5122 3087 5191 pluribus.
3113 5123 3201 5174 ubi
3229 5122 3610 5192 gymnasticam
3642 5139 3843 5192 corpo-

2311 5191 2403 5253 ris,
2442 5193 2703 5259 musicamﬁ
2725 5192 2885 5259 animi
2914 5192 3180 5259 propriam
3206 5205 3321 5243 esse
3348 5191 3518 5242 docet.

2380 5260 2485 5325 (6i)
2512 5258 2842 5325 Πυκνώματ’
2865 5258 3023 5311 dna.
3048 5259 3241 5311 Gellius
3265 5259 3354 5309 lib.
3380 5258 3622 5324 I,cap.H
3659 5277 3671 5310 :
3694 5258 3841 5321 Quid

2308 5330 2440 5379 enim
2475 5328 2603 5394 foret
2634 5342 2692 5377 ea
2720 5343 2773 5375 re
2804 5327 3062 5391 ineptius!
3093 5327 3139 5377 si
3160 5362 3173 5386 ,
3215 5337 3270 5376 ιιι
3300 5325 3560 5394 planipedi
3593 5328 3839 5389 saltanti,

2309 5396 2381 5445 ita
2416 5393 2643 5446 Graccho
2677 5394 3018 5455 conciouanti,
3045 5410 3279 5445 numeros
3320 5403 3367 5446 et
3409 5393 3586 5461 modo:
3610 5434 3625 5457 ,
3650 5405 3697 5447 ει
3731 5396 3843 5461 [Γο-

2346 5472 2668 5533 ιιεηλῑωηειιια
2707 5463 2869 5533 varia__
2900 5434 3080 5533 ιίὸρξιη
3124 5461 3404 5514 indueret?
3451 5434 3842 5533 Numeros};

2309 5480 2665 5580 guemumema
2707 5480 2849 5512 varia
2900 5480 3080 5523 ηομ-ιη
3124 5480 3404 5514 maneret!
3451 5480 3710 5515 numeros
3746 5480 3842 5533 ρυ-

2309 5530 2507 5649 ᾱμχιέῗς,
2553 5530 2735 5582 modos
2791 5528 2954 5597 μέλη,
3005 5530 3456 5598 trequentamcnta
3504 5528 3843 5599 πυκνώματα

2309 5610 2455 5651 (ιιχιι.

2381 5666 2485 5734 (6‘2)
2517 5664 2636 5731 Ms,
2666 5664 2993 5734 αἱρήσεσθαι.
