4014 6340
762 424 894 481 MSS

1377 436 1638 493 ELSEBII
1679 443 2151 501 CIESMUENSIS
2183 450 2329 504 OPP.
2375 452 2549 505 PARS
2585 454 2643 507 ll.
2683 486 2751 495 ——
2795 459 3282 515 APOLOGETICA.

3824 468 3938 521 ίὲἷιδ

752 560 836 603 eo.
870 546 1019 616 751
1053 552 1093 603 si
1125 567 1304 607 verum
1338 557 1495 610 modo
1539 570 1700 621 esset,
1742 560 1978 616 futurum
2021 578 2259 633 putarem

2389 571 2691 639 ἡγησάμην,
2713 575 2757 622 εἰ
2782 572 2930 624 τοῦτο
2954 573 3119 636 οὕτως
3153 576 3281 644 ἔχει,
3303 577 3387 628 τόν
3408 595 3468 644 γε
3488 578 3610 629 νοῦν
3642 580 3937 647 κοσμοῦντα

753 638 828 689 ιιιί
883 642 1204 697 moderatzix
1262 645 1348 699 illa
1401 664 1551 703 mens
1601 665 1811 727 cuncta
1845 654 2167 724 disponeret,
2222 676 2283 712 ac

751 740 907 794 prout
936 733 1191 798 optimum
1226 738 1451 805 singulis
1482 752 1626 795 esset
1651 742 2030 810 futurum,suo
2060 764 2284 817 qumque

750 818 866 872 loco
921 832 973 873 et
1030 826 1217 879 ordine
1268 828 1575 884 collocaret.
1628 832 1911 888 Enimvero
1970 838 2014 890 si
2064 854 2281 891 causam

749 926 909 963 nosse
936 915 1057 979 quis
1098 917 1241 977 velit,
1276 921 1621 986 quamobrem
1670 925 1770 977 hoc
1801 942 1931 979 eove
1965 928 2122 981 modo
2171 928 2282 981 sin-

748 1003 867 1068 gula
898 1003 976 1055 vel
1006 1018 1312 1071 nascantur,
1347 1012 1427 1063 vel
1458 1012 1738 1078 intereant,
1774 1018 1852 1070 vel
1880 1021 2099 1073 omnino
2134 1021 2277 1075 sint:

748 1094 810 1144 de
843 1094 1063 1161 singulis
1084 1099 1242 1154 etiam
1276 1100 1347 1152 illi
1382 1104 1722 1158 statuendum
1759 1123 1895 1171 esse,
1927 1125 2035 1176 quo
2057 1126 2280 1179 qumque

746 1183 904 1234 modo
944 1187 1019 1238 vel
1062 1186 1236 1241 futura
1270 1192 1377 1244 sint
1418 1195 1636 1261 optime,
1688 1200 1765 1250 vel
1800 1200 1998 1266 optime
2039 1203 2279 1255 subitura

742 1276 1000 1339 quidlibet
1024 1288 1182 1348 atque
1213 1281 1437 1337 factura.
1464 1287 1659 1353 Quare,
1690 1292 1831 1343 aliud
1865 1294 2065 1349 homini
2097 1310 2189 1354 aut
2215 1294 2279 1355 de

744 1381 800 1417 se
845 1366 979 1433 ipso,
1011 1381 1103 1422 aut
1138 1372 1200 1424 de
1230 1377 1437 1429 cmlcris
1465 1381 1715 1435 omnibus
1750 1387 2128 1450 pervidendum
2162 1409 2280 1447 esse

744 1457 898 1517 nihil.
934 1476 1093 1526 quam
1132 1465 1259 1529 quid
1294 1472 1797 1533 prmstautissitmnu
1832 1479 1899 1530 sit
1947 1490 2107 1549 atque.
2138 1486 2278 1552 opti-

742 1562 883 1600 tuum
921 1551 1120 1602 :simul
1152 1563 1325 1606 tamen
1360 1557 1428 1619 ei,
1474 1561 1612 1625 quod
1667 1564 2010 1618 deterrimum
2066 1551 2277 1637 quoque

740 1638 825 1701 sit,
875 1643 1179 1693 necessario
1229 1651 1658 1713 cognoscendum
1711 1668 1850 1715 esse,
1904 1660 2043 1722 quod
2091 1662 2273 1715 eadem

739 1728 955 1781 scientia
1002 1732 1051 1781 in
1099 1744 1323 1801 utroque
1364 1750 1621 1791 versetur.
1664 1739 1785 1795 llaec
1816 1760 2020 1799 mecum
2054 1750 2164 1817 ipse
2191 1768 2273 1804 re-

738 1828 949 1885 putans,
984 1838 1105 1875 eum
1140 1840 1223 1875 me
1255 1812 1540 1893 aliquando
1574 1843 1974 1901 prmceptorem,
2015 1841 2105 1906 qui
2141 1842 2267 1893 mihi

2388 661 2558 711 πάντα
2591 666 2827 729 κοσμεῖν,
2887 667 2979 716 καὶ
3038 667 3261 718 ἕκαστον
3315 668 3517 727 τιθέναι
3571 670 3685 737 (79)
3732 672 3839 738 ὅπη
3887 674 3937 722 ἐν

2386 750 2630 817 βέλτιστα
2656 753 2768 820 ἔχῃ.
2808 755 2865 805 ΕΞ
2900 751 2990 805 οὖν
3018 772 3097 816 τις
3139 755 3373 823 βούλοιτο
3417 758 3511 826 τὴν
3554 760 3740 810 αἰτίαν
3776 762 3937 827 εὑρεῖν

2383 843 2505 911 περὶ
2562 843 2806 905 ἑκάστου,
2856 846 2959 914 ὅπη
2994 846 3045 913 ἢ.
3070 847 3290 911 γίνεται,
3322 848 3353 916 ἢ
3388 849 3710 903 ἀπόλλυται.
3747 851 3780 916 ἦ
3817 852 3934 902 ἐστι.

2382 931 2532 981 τοῦτο
2557 931 2664 982 δεῖν
2722 934 2843 999 περὶ
2903 934 3064 986 αὐτοῦ
3101 938 3295 1004 εὑρεῖν,
3327 940 3429 1007 ὅπη
3484 938 3775 1005 βέλτιστόν
3804 939 3935 989 ἐστιν

2380 1025 2594 1093 “acM,
2628 1021 2838 1095 εἶναι,ἣ
2873 1027 2995 1079 ἄλλο
3029 1028 3200 1080 ὁτιοῦν
3230 1032 3470 1099 πάσχειν,
3521 1033 3551 1101 ῆ
3606 1036 3807 1083 ποιεῖν.
3852 1033 3933 1083 Ἕκ
4012 1046 4014 1091 ς

2377 1114 2439 1184 δὴ
2468 1116 2557 1166 τοῦ
2585 1116 2740 1183 λόίου
2768 1118 2955 1169 τούτου
2998 1120 3145 1171 οὐδὲν
3195 1122 3322 1174 ἄλλο
3374 1126 3592 1174 σκοπεῖν
3646 1125 3933 1192 προσήκειν

2378 1203 2641 1273 ἀνθρώπῳ
2666 1208 2755 1257 καὶ
2792 1210 2914 1276 περὶ
2938 1209 3134 1277 αὑτοῦ,
3159 1212 3249 1262 καὶ
3280 1212 3405 1280 περὶ
3452 1212 3554 1263 τῶν
3590 1214 3796 1273 άλὶων,
3833 1214 3933 1264 ea

2379 1295 2409 1363 ἢ
2439 1296 2494 1346 τὸ
2520 1296 2735 1365 ἄριστον
2763 1300 2853 1348 καὶ
2887 1280 2944 1351 τδ
2977 1300 3264 1368 βέλτιστον.
3319 1304 3638 1369 Ἀναγκαῖον
3690 1304 3761 1373 δὴ
3808 1301 3933 1357 εἶναι

2376 1385 2461 1435 τὸν
2495 1386 2651 1437 αὑτὸν
2680 1387 2860 1440 τοῦτον
2890 1391 2978 1440 καὶ
3027 1392 3086 1442 τὸ
3140 1396 3312 1460 χεῖρον
3365 1395 3573 1445 είδὲναν
3624 1397 3727 1463 τὴν
3777 1398 3933 1461 αὐτὴν

2376 1474 2479 1543 γάρ
2503 1471 2637 1527 εἶναι
2666 1478 2969 1549 ἐπιστήμην
2997 1482 3119 1557 περὶ
3152 1482 3344 1534 αὐτῶν.
3397 1484 3576 1536 Ταῦτα
3624 1485 3689 1554 δὴ
3734 1485 3932 1552 λογιζο-

2379 1581 2552 1631 μενος,
2585 1566 2813 1635 ἄσμενος
2848 1570 3132 1639 εὑρηκέναι
3173 1572 3326 1641 ᾤμην
3363 1573 3675 1626 διδάσκαλον
3728 1577 3829 1645 τῆς
3862 1580 3931 1628 aio

2374 1655 2488 1716 τίας
2513 1655 2637 1724 πέρι
2659 1656 2764 1707 τῶν
2797 1658 2959 1711 ὄντων
2994 1662 3130 1714 κατά
3158 1662 3278 1713 νοῦν
3307 1664 3541 1733 ἐμαυτῷ,
3577 1666 3669 1716 τὸν
3712 1668 3928 1730 Ἀναξα-

2375 1743 2557 1811 γόραν·
2585 1745 2675 1796 καί
2727 1765 2813 1815 μοι
2857 1750 3083 1817 φράσειν
3131 1754 3339 1821 πρῶτον
3395 1756 3489 1823 μὲν
3548 1756 3836 1825 πότερονή
3867 1760 3927 1823 γῆ

2372 1833 2595 1886 πλατεῖά
2641 1837 2802 1898 ἐστιν,
2864 1839 2895 1907 ἦ
2953 1843 3271 1913 στρογγύλη·
3311 1846 3492 1913 ἐπειδὴ
3544 1846 3599 1897 δὲ
3653 1849 3927 1915 φράσειεν.

737 1906 889 1972 plane
920 1910 968 1960 in
993 1926 1152 1965 causa
1188 1929 1363 1968 rerum
1393 1920 1712 1989 assignanda
1739 1926 2087 1990 satisfaceret,
2124 1930 2260 1983 Aua-

2372 1928 2849 1997 ἑπεκδιηγήσεσθαι
2879 1933 2976 2001 τὴν
3030 1934 3204 1986 αἰτίαν
3262 1937 3353 1987 καὶ
3394 1940 3489 2005 τὴν
3540 1939 3815 2007 ἀνάγκην,
3855 1940 3928 1991 λέ-

735 2013 984 2068 xagoram
1022 2013 1235 2057 nactum
1268 2023 1407 2069 esse,
1433 2011 1823 2078 jucundissimc
1848 2020 2167 2087 cogitabam.
2192 2022 2264 2076 Ex

735 2102 799 2141 eo
828 2090 1020 2157 quippe
1062 2092 1449 2151 intellecturum
1491 2117 1574 2155 me
1624 2106 1852 2171 primum
1904 2124 2041 2171 esse,
2090 2122 2267 2166 utrum

736 2178 888 2244 plana
917 2184 983 2234 sit
1019 2199 1085 2235 au
1114 2188 1338 2241 rutunda
1368 2198 1506 2244 terra
1534 2208 1547 2255 ;
1582 2203 1691 2247 tum
1721 2198 1820 2250 hoc
1852 2199 1938 2251 ubi
1969 2204 2265 2269 statuisset,

736 2271 993 2333 futurum,
1027 2286 1081 2328 ut
1110 2293 1326 2332 causam
1352 2298 1415 2336 ac
1442 2287 1776 2341 necessitatis
1819 2290 1924 2342 vim
1958 2294 2264 2360 explicaret,

728 2364 975 2432 quodque
1008 2368 1264 2433 optimum
1312 2384 1451 2427 esset
1482 2375 1706 2431 dicendo
1736 2382 2063 2449 complexus,
2116 2396 2268 2440 terra:

728 2468 959 2521 quoque,
1005 2458 1128 2511 talis
1184 2470 1242 2513 ut
1292 2474 1451 2529 esset,
1489 2469 1749 2534 optimum
1798 2489 1917 2527 esse
1946 2479 2265 2532 ostenderet.

729 2540 823 2604 Ita,
881 2547 923 2597 si
957 2549 1170 2613 quidem
1215 2567 1331 2605 eam
1381 2556 1432 2607 in
1487 2560 1661 2612 medio
1693 2563 1849 2616 sitam
1900 2580 2018 2621 esse
2045 2568 2263 2635 diceret,

726 2636 1073 2699 quamobrem
1110 2640 1195 2695 hic
1225 2644 1271 2695 ei
1303 2647 1439 2701 situs
1482 2652 1716 2715 optimus
1744 2667 1903 2721 esset,
1958 2674 2261 2726 exponeret.

723 2720 850 2787 Qum
882 2728 924 2779 si
959 2743 1023 2781 ex
1057 2730 1145 2783 illo
1178 2737 1453 2802 perspicue
1478 2740 1759 2805 discerem,
1797 2747 1874 2799 sic
1908 2748 2087 2803 animo
2109 2754 2264 2819 plane

722 2826 1063 2881 Comparatus
1098 2835 1264 2885 eram,
1296 2824 1497 2877 nullum
1526 2838 1582 2880 ut
1615 2841 1865 2896 praeterea
1897 2850 2071 2891 causae
2098 2856 2264 2908 genus

721 2902 861 2957 aliud
889 2920 1005 2958 esse
1044 2918 1351 2965 statuerem.
1387 2913 1643 2971 Smilitcr
1663 2935 1727 2973 ex
1753 2924 1937 2977 eodem
1969 2943 2052 2981 me
2081 2940 2262 2995 postea

723 2993 787 3048 de
814 2998 947 3060 sole,
976 2999 1119 3060 luna,
1146 3006 1457 3073 ueterisque
1488 3010 1751 3068 sideribus
1772 3019 2120 3083 quzcsiturum
2145 3036 2262 3075 esse

722 3086 1080 3155 decreveram,
1126 3110 1227 3161 qua
1277 3100 1571 3155 velocitatis
1623 3104 1759 3157 inter
1788 3122 1863 3169 se,
1906 3124 2008 3175 qua
2038 3126 2263 3166 conver-

2371 2032 2534 2080 γοντα
2566 2018 2625 2068 τὸ
2656 2018 2891 2087 ἄμεινον,
2920 2023 3011 2073 καὶ
3033 2025 3112 2075 ὅτι
3136 2025 3298 2095 αὐτὴν
3328 2028 3543 2094 ἄμεινον
3578 2025 3650 2097 ἦν
3676 2030 3928 2098 τοιαύτην

2372 2101 2523 2161 εἶναι.
2556 2109 2663 2159 Καὶ
2688 2111 2733 2159 εἰ
2756 2112 2811 2160 ὲν
2844 2111 2989 2181 μέσῳ
3019 2113 3144 2184 φαίη
3178 2111 3315 2167 εἶναι
3334 2117 3519 2185 αὐτὴν,
3538 2120 3928 2189 ἐπεκδιητήσε-

2372 2193 2513 2257 σθαι,
2543 2195 2616 2256 ὡς
2644 2195 2858 2263 ἄμεινον
2876 2195 2943 2268 ἦν
2967 2202 3132 2271 αὐτὴν
3152 2205 3207 2254 ἑν
3237 2203 3382 2271 μέσῳ
3412 2200 3566 2258 εἶναι.
3604 2208 3715 2258 Καὶ
3746 2211 3801 2259 εἴ
3846 2228 3926 2277 μοι

2368 2269 2537 2337 ταῦτα
2568 2288 2930 2354 ἀποφαίνοιτο,
2949 2293 3400 2361 παρεσκευάσμην
3427 2294 3498 2357 ὡς
3524 2296 3709 2347 οὐκέτι
3738 2298 3928 2366 ὑποθη-

2370 2376 2586 2444 σόμενος
2611 2378 2783 2439 αἰτίας
2833 2378 2958 2430 ἄλλο
3009 2376 3167 2443 εἶδος.
3205 2384 3311 2434 Kal.
3365 2384 3426 2453 δὴ
3473 2386 3566 2437 καὶ
3608 2388 3741 2456 περὶ
3781 2389 3926 2457 ἡλίου

2369 2469 2823 2538 παρεσκευάσμην
2874 2472 3129 2535 ὡσαύτως
3176 2478 3517 2545 πευσόμενος,
3554 2480 3648 2530 καὶ
3675 2480 3923 2551 σελήνης,

2367 2559 2457 2609 καὶ
2479 2558 2584 2609 τῶν
2618 2559 2789 2611 ἄλλων
2816 2562 3047 2631 ἄστρων,
3079 2565 3271 2633 τάχους
3303 2584 3361 2617 τε
3388 2568 3510 2637 πέρι
3542 2569 3679 2639 πρὸς
3701 2571 3922 2640 ἄλληλα,

2365 2647 2456 2698 καὶ
2492 2647 2725 2714 τροπῶν,
2759 2649 2850 2702 καὶ
2895 2649 3006 2705 πῶν
3046 2642 3221 2703 ’ἄλλων
3266 2654 3619 2723 παθημάτων,
3673 2657 3750 2726 πῆ
3806 2676 3924 2710 ποτε

2364 2738 2511 2789 ταῦτ’
2536 2738 2751 2807 ἄμεινόν
2778 2744 2921 2794 ἐστιν
2947 2744 3171 2796 ἕκαστον
3198 2745 3288 2796 καὶ
3329 2750 3517 2809 ποιεῖν,
3561 2748 3656 2799 καὶ
3699 2757 3923 2818 πάσχειν

2364 2827 2398 2878 ἃ
2428 2830 2639 2897 πάσχει·
2673 2832 2745 2881 Οὐ
2780 2832 2884 2902 γὰρ
2911 2835 2973 2887 ἄν
3022 2836 3135 2885 ποτ’
3166 2836 3322 2887 αὑτὸν
3353 2833 3527 2905 ᾤμην,
3561 2840 3845 2905 φάσκοντά
3865 2858 3923 2907 γε

2364 2918 2468 2969 ὑπὸ
2513 2919 2604 2970 νοῦ
2636 2921 2771 2972 αὑτά
2804 2924 3189 2992 κεκοσμῆσθαι,
3214 2925 3371 2993 ἄλλην
3393 2926 3511 2977 τινά
3534 2928 3722 2991 αὐτοῖς
3748 2932 3924 2982 αἰτίαν

2364 3010 2687 3075 ἐπενεγκεῖν,
2716 3012 2746 3081 ἢ
2781 3014 2860 3063 ὅτι
2894 3013 3161 3081 βέλτιστον
3182 3016 3315 3066 αὐτὰ
3351 3016 3521 3077 οὕτως
3576 3018 3721 3087 ἔχειν
3758 3022 3921 3083 ἐστὶν,

2361 3099 2433 3161 ὠς
2456 3100 2583 3168 ιἔχει.
2625 3102 2862 3172 Ἑκάστῳ
2891 3101 2980 3156 οὖν
3029 3107 3202 3157 αὐτῶν
3248 3106 3557 3159 ἀποδιδόντα
3588 3110 3689 3179 τὴν
3724 3113 3917 3171 αἰτίαν,

722 3178 931 3229 siouum
963 3187 1301 3249 proportione
1340 3204 1700 3255 moverentur,
1732 3208 2026 3268 ceteraque
2080 3202 2129 3254 id
2174 3220 2260 3273 ge-

2364 3190 2625 3259 καὶκοινῇ
2659 3193 2788 3242 πᾶσι
2844 3194 2903 3244 τὸ
2952 3196 3160 3262 ἑκάστῳ
3203 3190 3503 3261 βέλτιστον(
3539 3196 3699 3265 ῷμην
3746 3201 3922 3250 καὶτὸ

721 3280 845 3327 nus,
874 3283 992 3333 qure
1033 3273 1231 3338 optima
1283 3279 1476 3347 cuique
1522 3282 1599 3335 vel
1648 3284 1903 3339 cﬂiciendi
1960 3291 2115 3355 ratio,
2165 3296 2246 3346 vel

720 3357 982 3412 subeundi
1010 3373 1169 3416 esset.
1203 3364 1307 3420 Nec
1336 3371 1477 3423 enim
1525 3389 1755 3443 unquam
1805 3380 1857 3432 in
1892 3383 2127 3435 animum
2169 3387 2252 3439 in-

720 3445 1017 3514 duxissent,
1063 3469 1183 3505 cum
1221 3469 1450 3511 mentem
1502 3460 1588 3514 illa
1638 3478 1821 3533 regere
1876 3484 1937 3522 ac
1989 3473 2253 3528 moderari

718 3532 959 3601 dixisset,
1001 3542 1156 3594 aliam
1192 3546 1380 3598 deinde
1427 3563 1643 3604 causam
1692 3556 2085 3623 assignaturum
2132 3579 2252 3616 eum

718 3637 856 3689 esse,
887 3643 1045 3694 quam
1081 3643 1137 3684 ut
1160 3650 1267 3702 quo
1297 3653 1353 3690 se
1397 3642 1553 3694 modo
1583 3644 1856 3712 haberent,
1896 3666 1959 3703 eo
1984 3668 2042 3705 se
2092 3670 2251 3722 quam

720 3713 916 3776 optime
974 3719 1168 3773 habere
1218 3726 1578 3782 confirmaret.
1627 3732 1764 3796 Quin
1812 3739 1900 3790 ubi
1945 3749 1998 3805 et
2036 3756 2252 3796 causam

720 3803 944 3869 singulis
990 3811 1279 3876 propriam,
1302 3825 1369 3867 -et
1401 3821 1542 3885 quod
1573 3824 1831 3886 optimum
1860 3803 2053 3895 cuique
2097 3831 2252 3897 foret,

719 3895 993 3960 zequaliter
1055 3903 1372 3969 statuisset,
1425 3919 1533 3960 tum
1593 3926 1720 3966 vero
1787 3918 2040 3983 quidnam
2095 3924 2256 3977 simul

718 3992 968 4045 omnibus
1003 3994 1342 4057 conduceret,
1398 4000 1639 4055 universe
1686 4004 2047 4062 deliniturum.
2084 4010 2253 4076 Quam

664 4140 673 4159 Ι
716 4094 814 4145 ego
846 4096 989 4147 spem
1032 4092 1089 4136 ut
1122 4098 1187 4136 ne
1232 4088 1464 4141 maximo
1499 4092 1712 4159 quidem
1754 4099 1921 4163 pretio
1958 4115 2257 4170 permutas-

717 4183 851 4227 sem,
904 4172 975 4223 ita
1027 4174 1191 4228 libros
1238 4177 1356 4233 illos
1402 4181 1698 4238 vehementi
1737 4192 1967 4257 quodam
2014 4208 2255 4265 arreptos

719 4262 926 4324 studio,
988 4281 1145 4331 quam
1198 4272 1473 4327 celerrime
1517 4285 1755 4343 poteram
1824 4286 2151 4353 evolveham,
2199 4302 2256 4343 ut

716 4352 842 4419 quid
884 4353 1141 4419 optimum
1190 4371 1363 4423 esset,
1420 4368 1615 4433 quidve
1660 4371 2042 4441 deterrimum,
2091 4352 2250 4446 quam

714 4447 973 4502 citissime
1016 4462 1413 4516 cognoscerem.
1451 4455 1560 4513 Hac
1604 4476 1701 4528 ego
1736 4478 1828 4530 spe
1879 4475 1985 4519 tam
2015 4473 2246 4538 egregia,

2364 3282 2535 3332 κοινὸν
2571 3285 2729 3334 πᾶσιν
2788 3285 3228 3353 ὲπιδιηγήσεσθαι
3268 3286 3483 3351 ἀγαθόν.
3546 3289 3657 3339 Καὶ
3709 3291 3819 3341 οὐδ’
3856 3293 3916 3342 ἂν

2354 3373 2623 3441 ἀπεδόμην
2660 3375 2850 3427 πολλοῦ
2905 3378 3000 3437 τάς
3050 3376 3281 3438 ἐλπίδας·
3336 3378 3469 3430 ἀλλὰ
3512 3383 3655 3432 πάνυ
3716 3384 3916 3450 σπουδῇ

2352 3463 2527 3516 λαϐῶν
2552 3466 2646 3526 τὰς
2674 3465 2899 3533 βίϐλους,
2922 3467 2995 3527 ὡς
3016 3468 3239 3535 τάχιστα
3256 3463 3362 3531 οἷός
3379 3488 3406 3521 τ
3424 3466 3511 3539 ’ἦν
3533 3471 3914 3536 ἀνεγίνωσκον,

2356 3553 2523 3614 ἶν’-ὡς
2555 3555 2780 3622 τάχιστα
2828 3556 3020 3625 εἰδείην
3084 3558 3143 3607 τὸ
3197 3558 3465 3625 βέλτιστον
3499 3562 3593 3612 καὶ
3622 3562 3686 3611 τὸ
3714 3564 3912 3631 χεῖρον.

2367 3644 2494 3693 Ἀπὸ
2529 3644 2590 3712 δὴ
2638 3645 2967 3715 θαυμαστῆς,
3010 3643 3049 3700 ᾧ
3097 3651 3295 3716 ἑταῖρε,
3329 3651 3536 3713 ἐλπίδος
3568 3652 3791 3720 ᾠχόμην
3823 3669 3911 3717 ςε-

2359 3734 2599 3802 ρόμενος.
2646 3737 2792 3787 Ἐπεὶ
2836 3738 2889 3789 δὲ
2944 3740 3140 3809 προῖὼν
3186 3742 3313 3810 (80),
3374 3744 3465 3793 καὶ
3504 3742 3912 3807 ἀναγινώσκων,

2353 3825 2462 3891 ὁρῶ
2486 3820 2648 3895 ἄνδρα
2671 3826 2745 3895 τῷ
2795 3829 2888 3897 μὲν
2917 3829 2993 3898 νῷ
3039 3832 3189 3881 οὐδὲν
3236 3830 3531 3901 χρώμενον,
3588 3832 3713 3882 οὑδέ
3768 3849 3915 3893 τινας

2356 3916 2529 3978 αἰτίας
2559 3920 2945 3989 ἐπαιτιώμενον
2966 3925 3043 3983 είς
3073 3923 3129 3973 τὸ
3158 3923 3465 3989 διακοσμεῖν
3492 3923 3559 3973 τά
3590 3924 3911 3992 πράγματα,

2354 4005 2519 4074 ἀέρας
2550 4008 2625 4071 δὲ,
2672 4011 2762 4060 καὶ
2793 4012 3029 4081 αἰθέρας,
3077 4013 3166 4062 καὶ⁵
3206 4012 3366 4063 ὕδατα
3417 4011 3769 4082 αἰτιώμενον,
3824 4021 3913 4069 καὶ

2356 4100 2485 4151 ἄλλα
2520 4101 2686 4152 πολλὰ
2720 4104 2809 4154 καὶ
2856 4106 3043 4157 ἄτοπα.
3102 4104 3207 4153 Καί
3263 4122 3349 4171 μοι
3396 4104 3569 4168 ἔδοξεν
3594 4108 3910 4173 ὁμοιότατον

2356 4192 2691 4251 πεπονθέναι,
2745 4194 2928 4263 ῶσπερ
2960 4193 3022 4245 ἂν
3052 4196 3100 4245 εἰ
3128 4211 3206 4255 τις
3235 4194 3402 4261 λέγων
3421 4234 3433 4252 .
3484 4198 3565 4248 ὅτι
3612 4200 3908 4270 Σωκράτης

2355 4281 2526 4333 πάντα
2546 4284 2645 4334 ὅσα
2682 4283 2924 4352 πράττει,
2956 4281 3028 4349 νῷ
3063 4282 3303 4350 πράττει,
3364 4285 3595 4339 κᾶπειτα
3629 4290 3909 4357 ἐπιχειρή-

2355 4388 2450 4433 σας
2478 4374 2651 4441 λέγειν
2699 4374 2794 4435 τὰς
2842 4373 3015 4433 αἰτίας
3060 4374 3297 4426 ἑκάστων
3326 4369 3399 4428 ὧν
3452 4380 3697 4447 πράττω,
3762 4381 3905 4445 λέγοι

2355 4463 2564 4529 πρῶτον
2599 4464 2694 4530 μὲν
2719 4465 2797 4514 ὅτι
2822 4462 3000 4514 ἑνθάὸε
3054 4462 3138 4515 διὰ
3169 4466 3337 4518 ταῦτα
3386 4468 3477 4519 νῦν
3508 4470 3777 4538 κάθημαι,
3830 4472 3904 4521 ὅτι

716 4537 787 4587 ιιιί
821 4535 1009 4598 Cebes,
1043 4539 1294 4593 incitatus
1326 4554 1484 4611 atque
1516 4549 1709 4605 ardens
1733 4552 1957 4607 ferebar.
1998 4535 2069 4610 At
2101 4535 2246 4625 vero,

2362 4550 2629 4615 σύγκειταί
2670 4569 2768 4620 μοι.
2799 4552 2856 4601 τὸ
2883 4552 3037 4621 σῶμα
3070 4554 3125 4619 ἐξ
3149 4556 3314 4609 ὀστῶν
3344 4559 3432 4610 καὶ
3458 4558 3684 4626 νεύρων·
3720 4562 3813 4611 καὶ
3841 4561 3906 4611 τά

714 4627 837 4677 dum
892 4629 1111 4698 legendo
1166 4634 1509 4700 progredior,
1557 4636 1822 4693 hominem
1872 4643 2023 4697 video
2077 4656 2250 4701 mente

718 4732 977 4783 nusquam
1030 4722 1149 4785 uti,
1208 4733 1539 4792 ornatusque
1595 4744 1769 4783 rerum
1828 4748 2017 4788 causas
2064 4736 2250 4791 aﬂ'erre

718 4807 908 4870 nullas,
941 4813 1031 4863 sed
1079 4822 1283 4867 tantum
1319 4817 1383 4868 ad
1411 4819 1651 4883 quaedam
1704 4824 1862 4885 aeris,
1890 4826 1969 4877 vel
2013 4828 2247 4891 aetheris,

716 4899 793 4950 vel
838 4915 1095 4968 aquarum
1118 4943 1131 4965 ,
1179 4908 1479 4977 similiaque
1513 4925 1724 4977 genera,
1762 4923 2011 4984 tanquam
2041 4919 2107 4972 ad
2138 4922 2244 4972 ori-

714 4991 886 5059 ginem
932 4991 1160 5046 absurde
1224 5000 1402 5051 omnia
1452 5014 1719 5055 revocare.
1777 5002 1831 5055 In
1877 5022 1985 5075 quo
2016 5010 2249 5076 'perinde

714 5083 842 5134 mihi
871 5082 1041 5135 facere
1094 5086 1239 5139 visus
1264 5099 1364 5151 est,
1421 5091 1577 5160 752
1622 5107 1683 5145 ac
1734 5095 1777 5147 si
1811 5098 1930 5165 quis
1973 5098 2246 5154 Socratem

711 5173 969 5242 quidquid
1005 5182 1145 5240 agat,
1179 5188 1353 5229 mente
1383 5193 1537 5245 agere
1563 5196 1681 5232 cum
1710 5182 1925 5247 diceret,
1956 5188 2091 5240 idem
2130 5205 2249 5257 qua:

713 5279 921 5333 agerem
955 5280 1146 5319 causas
1169 5281 1438 5333 exponens
1475 5273 1827 5341 singulorum,
1856 5277 1924 5332 ita
1947 5280 2244 5337 dictitaret:

782 5444 889 5513 (79)
915 5444 1160 5526 .Ttdér-at.
1190 5449 1284 5527 Ita,
1307 5447 1467 5499 malui
1499 5465 1564 5502 ex
1610 5449 1857 5517 Platone,
1894 5469 2051 5527 quam
2076 5457 2246 5509 τιθέν-

708 5530 791 5575 τα,
822 5525 879 5565 ιιι
914 5515 964 5565 in
996 5516 1155 5580 priori
1183 5516 1309 5568 edit.

782 5582 888 5664 (βο)
931 5584 1485 5664 Ἐπεὶ-δὲπροῖώγ..
1515 5587 1671 5664 Plato
1716 5601 1970 5664 uterque.
2013 5595 2242 5664 Ἐπειδὴ.

712 5650 811 5703 Sed
848 5663 1080 5726 βιΐιιειειι⁸
1098 5655 1242 5719 ἐπεί,
1278 5650 1430 5726 quod
1475 5658 1558 5711 hic
1604 5675 1697 5726 pro
1741 5650 1891 5725 ἀλλά,
1938 5650 2017 5717 vel
2063 5650 2247 5717 ἔπειτα

632 5746 635 5747 ν
713 5730 1017 5801 usurpauit
1047 5722 1326 5801 Quomodo
1350 5742 1378 5777 a
1405 5722 1685 5801 Plutarcho
1709 5722 1971 5801 praecipue
1993 5737 2240 5793 sumitur.

715 5800 767 5846 ut
798 5789 905 5857 jam
948 5787 1249 5862 Stephanus
1290 5795 1341 5848 in
1374 5797 1513 5849 notis
1550 5787 1982 5855 obseriavit.'$ic
2012 5812 2064 5857 et
2108 5787 2244 5874 apud

2353 4641 2448 4707 μὲν
2475 4642 2603 4691 ὀστᾶ
2634 4644 2745 4693 ἐστι
2792 4645 3002 4713 στερεὰ,
3036 4646 3126 4697 καὶ
3179 4648 3407 4715 διαφυὰς
3450 4648 3559 4716 ἔχει
3604 4651 3777 4717 χωρὶς
3810 4654 3903 4701 ἀπ’

2349 4730 2603 4799 ἀλλήλων·
2631 4732 2697 4783 τὰ
2724 4734 2779 4784 δὲ
2814 4735 2995 4804 νεῦρα,
3016 4732 3099 4788 οἷα
3133 4740 3483 4792 ἐπιτείνεσθαι
3510 4741 3603 4791 καὶ
3634 4742 3899 4798 ἀνίεσθαι.

2352 4821 2784 4889 περιαμπέχοντα
2843 4825 2909 4877 τὰ
2938 4828 3067 4880 ὀστᾶ
3123 4831 3257 4898 μετά
3300 4830 3407 4881 τῶν
3461 4830 3679 4899 σαρκῶν
3718 4850 3775 4884 τε
3812 4838 3902 4886 καὶ

2348 4910 2627 4979 δέρματος,
2682 4912 2709 4963 δ
2757 4917 2961 4984 συνέχει
3017 4920 3171 4972 αὑτά.
3221 4919 3607 4988 Αἱωρουμένων
3649 4918 3745 4975 οὖν
3795 4926 3900 4976 τῶν

2348 4999 2513 5049 ὀστῶν
2547 5002 2603 5052 ὲν
2634 5006 2749 5063 ταῖς
2802 5006 2974 5057 αὐτῶν
3022 5006 3325 5076 Ευμὸολαῖς,
3382 5007 3627 5074 χαλῶντα
3651 5014 3749 5065 καὶ
3781 5030 3901 5066 συν-

2346 5090 2583 5143 τείνοντα
2625 5093 2691 5145 τά
2755 5096 2938 5165 νεῦρα,
2994 5097 3334 5167 κάμπτεσθαι
3384 5116 3484 5150 που
3520 5105 3665 5153 ποιεῖ
3700 5101 3811 5157 οἷόν
3844 5123 3896 5158 τε

2346 5173 2481 5231 εἶναι
2504 5182 2601 5249 ἐμὲ
2632 5182 2698 5235 τὰ
2728 5184 2821 5236 νῦν
2852 5186 2919 5237 τά
2946 5187 3099 5255 μέλη·
3131 5187 3220 5241 καὶ
3260 5187 3345 5239 διὰ
3369 5189 3565 5259 ταύτην
3593 5195 3693 5263 τὴν
3722 5197 3894 5248 αἰτίαν

2349 5274 2716 5342 συγκαμφθεὶς
2738 5276 2920 5328 ἐνθάδε
2960 5276 3219 5345 κάθημαι.
3256 5278 3361 5331 Kal.
3384 5275 3449 5333 αὖ
3487 5283 3618 5351 περὶ
3650 5286 3748 5337 τοῦ
3782 5287 3895 5338 δια-

2347 5457 2596 5535 llerodot.
2631 5462 2667 5514 l.
2700 5476 2897 5535 u,p_::g.
2928 5464 3028 5535 ll:
3075 5464 3221 5535 Ἐπεὶ
3252 5461 3342 5519 οὖν
3366 5469 3485 5531 τοὺς
3516 5472 3737 5535 νεανίας
3764 5474 3894 5526 ἀπο.

2345 5531 2737 5611 πεμπομένους,
2770 5533 2907 5611 ξέναι
2937 5532 3003 5583 τὰ
3045 5533 3230 5611 πρῶτα
3272 5537 3473 5611 μὲνδιά
3503 5539 3605 5611 τῆς
3631 5531 3897 5611 Ᾱοίκεεμέσ

2345 5616 2455 5667 νης.
2481 5600 2536 5651 Id
2558 5610 2657 5663 est,
2683 5600 2810 5671 lude
2832 5602 2909 5652 vel
2936 5612 3042 5653 tum
3072 5600 3229 5671 igitur
3251 5600 3489 5661 dimissos
3512 5600 3889 5671 αᾶοιιεεαιξεε.

2343 5670 2563 5733 primum
2604 5669 2812 5743 quidem
2862 5677 3053 5743 cultam
3094 5669 3359 5743 regionem
3402 5692 3746 5743 pnagrasse,
3807 5669 3889 5734 ubi

2344 5738 2537 5794 oratio.
2588 5738 3037 5803 quemadmodum
3086 5751 3139 5794 et
3160 5738 3286 5804 'hic,
3315 5738 3414 5796 nisi
3451 5738 3568 5797 ἑπέί
3611 5762 3680 5800 eo
3731 5738 3891 5803 mrdo

2346 5814 2663 5873 sumeretur,
2694 5818 2834 5862 esset
2855 5822 3071 5878 prorsus
3096 5812 3431 5878 ἀναπόδοτος.
