4014 6340
117 525 264 579 1237

1263 523 1572 579 ΡΒᾸΞΡΑΒ.
1611 522 1853 578 EVANG.
1893 522 2017 578 LIB.
2058 520 2174 578 XIV

3083 593 3090 600 -
3155 515 3286 572 {2'58

113 637 375 703 λέγεσθαι
402 638 528 707 ὑμῖν
573 637 760 708 ἑτέρας
815 640 1018 721 τοιάσδε
1048 640 1221 703 αίτίας
1274 642 1441 707 λέγοι,
1489 647 1660 709 φωνάς

1767 642 1992 708 primum
2030 640 2116 694 hic
2155 653 2238 693 me
2271 645 2545 707 propterea
2579 632 2784 698 sedere,
2809 634 2946 702 quod
2977 645 3169 699 corpus
3197 631 3288 682 ha-

115 744 199 791 τε,
228 729 327 780 καὶ
377 728 564 797 ἀέρας,
616 730 708 780 καὶ
755 731 939 792 ἀκοὰς,
999 731 1089 782 καὶ
1130 731 1261 785 ἄλλα
1313 731 1446 784 ἄττα
1503 732 1665 802 μυρία

115 818 347 872 τοιαῦτα
364 818 696 888 αἰτιώμενος,
726 821 994 890 ἀμελήσας
1029 822 1125 883 τὰς
1147 821 1222 884 ὡς
1252 822 1460 893 ἀληθῶς
1494 824 1666 885 αἰτίας

116 908 325 975 λέγειν·
365 909 465 970 ὅτι,
521 907 703 978 ἐπειδὴ
741 909 1032 978 Ἀθηναίοις
1079 911 1242 976 ἔδοξε,
1281 912 1479 982 βέλτιον
1530 911 1664 966 εἶναι

116 996 258 1064 ἐμοῦ
283 997 771 1067 καταψηφίσασθαι,
800 999 886 1050 διὰ
912 993 1080 1053 ταῦτα
1109 1001 1171 1070 δὴ
1201 1003 1292 1054 καὶ
1317 1005 1435 1072 ἐμοὶ
1463 1003 1664 1072 βέλτιον

114 1081 184 1138 αὖ
217 1086 461 1139 δέδοκται
490 1088 672 1140 ἐνθάδε
697 1089 979 1157 καθῆσθαι,
1023 1092 1114 1143 καὶ
1143 1092 1466 1163 δικαιότερον
1489 1111 1664 1164 πειρα-

119 1175 354 1244 μένοντα
376 1177 594 1247 ὑπέχειν
621 1179 716 1249 τὴν
741 1179 910 1249 δίκην,
941 1181 1005 1247 ἣν
1049 1181 1112 1233 ἂν
1136 1182 1479 1248 κελεύσωσιν.
1519 1186 1666 1237 Ἐπεὶ

121 1266 187 1335 νὴ
219 1266 316 1317 τὸν
371 1266 528 1326 κύνα,
561 1268 632 1330 ὡς
657 1262 882 1337 ἐγῷμαι,
924 1270 1084 1323 πάλαι
1115 1271 1177 1322 ἂν
1202 1271 1369 1324 ταῦτα
1410 1274 1477 1325 τὰ
1505 1274 1665 1344 νεῦρα

117 1356 216 1408 καὶ
247 1356 317 1442 τά
335 1357 518 1427 ὀστᾶῆ
547 1359 671 1428 περὶ
690 1359 916 1427 Μέγαρα
949 1360 980 1429 ἢ
1011 1361 1132 1429 περὶ
1164 1361 1423 1424 Βοιωτοὺς
1449 1359 1534 1432 ἦν,
1563 1365 1665 1416 ὑπὸ

115 1442 280 1515 δόξης
315 1446 581 1514 φερόμενα
627 1446 719 1498 τοῦ
752 1446 1054 1514 βελτίστου,
1111 1450 1160 1499 εί
1218 1450 1291 1519 μὴ
1340 1450 1665 1522 δικαιότερον

114 1535 282 1602 ᾤμην
305 1534 398 1587 καὶ
416 1535 627 1588 κάλλιον
645 1531 800 1596 εἶναι,
831 1535 932 1605 πρδ
973 1536 1062 1587 τοῦ
1090 1537 1303 1605 φεύγειν
1324 1556 1380 1591 τε
1412 1541 1501 1591 καὶ
1536 1543 1664 1593 ἁπο-

116 1617 449 1693 διδράσκειν,
479 1626 697 1694 ὑπέχειν
727 1629 793 1696 τῇ
815 1627 961 1678 πόλει
987 1626 1136 1695 δίκην
1159 1630 1224 1698 ἦν
1244 1632 1342 1682 τιν’
1375 1631 1438 1683 ἂν
1477 1633 1658 1704 τάττῃ.

131 1713 274 1764 Ἀλλ’
300 1714 440 1765 αἴτια
468 1715 562 1783 μὲν
586 1714 652 1766 τὰ
681 1713 899 1768 τοιαῦτα
920 1717 1098 1770 καλεῖν
1134 1718 1250 1771 λίαν
1275 1721 1487 1773 ἄτοπον.
1517 1723 1577 1774 El
1609 1725 1663 1776 δέ

116 1819 203 1864 τις
227 1803 398 1870 λέγοι,
424 1804 505 1855 ὅτι
550 1803 676 1856 ἄνευ
711 1804 803 1856 τοῦ
856 1805 923 1857 τὰ
953 1806 1172 1860 τοιαῦτα
1205 1809 1365 1878 ἔχειν,
1394 1813 1484 1864 καὶ
1511 1815 1660 1877 ὀστᾶ,

118 1894 216 1945 καὶ
248 1893 433 1964 νεῦρα,
490 1895 581 1946 καὶ
612 1895 734 1946 ’ὅσα
777 1895 907 1947 ἄλλα
960 1896 1085 1965 ἔχω,
1132 1899 1228 1950 οὑκ
1271 1900 1335 1952 ἃν
1365 1897 1472 1963 οἷός
1513 1920 1568 1954 τε
1597 1900 1662 1974 ἦν

119 1985 298 2034 ποιεῖν
323 1983 394 2035 τὰ
429 1983 650 2046 δόξαντά
684 2001 790 2056 μοι,
849 1985 1017 2055 ἀληθῆ
1066 1988 1129 2040 ἂν
1186 1989 1348 2056 λέγοι·
1379 1991 1452 2053 ὡς
1483 1995 1659 2062 μέντοι

117 2074 208 2128 διὰ
242 2075 415 2128 ταῦτα
448 2077 581 2129 ποιῶ
608 2076 642 2130 ἃ
695 2078 849 2141 ποιῶ,
880 2080 972 2131 καὶ
1033 2079 1180 2132 ταῦθ’
1211 2080 1245 2133 ἃ
1295 2081 1369 2150 νῷ
1419 2083 1658 2148 πράττω,

118 2165 235 2217 ἀλλ’
273 2167 334 2218 οὑ
361 2170 424 2236 τῇ
450 2167 540 2218 τοῦ
572 2166 837 2236 βελτίστου
869 2169 1092 2238 αἱρέσει,
1149 2168 1313 2239 πολλὴ
1349 2169 1414 2221 ἂν
1441 2171 1531 2223 καὶ
1563 2189 1662 2241 μα-

119 2254 231 2324 κρὰ
263 2253 500 2324 ῥᾳθυμία
546 2254 628 2323 εἴη
671 2253 763 2306 τοῦ
799 2255 973 2322 λόγου.
1007 2275 1024 2306 ι
1070 2253 1199 2308 Εἶτα
1232 2258 1482 2324 ἐπιλέγει·
1523 2277 1540 2308 ι
1575 2261 1662 2310 Διὸ

115 2343 180 2413 δὴ
205 2345 299 2396 καὶ
322 2346 350 2395 6
379 2343 474 2413 μέν
502 2360 584 2405 τις
609 2343 753 2412 δίνην
781 2346 1075 2415 περιτιθεὶς
1103 2347 1211 2416 (81)
1235 2351 1296 2416 τῇ
1319 2351 1408 2417 γῇ,
1449 2348 1550 2400 ὑπὸ
1571 2349 1661 2401 τοῦ

116 2434 346 2506 οὐρανοῦ
390 2434 568 2504 μένειν
593 2435 656 2504 δὴ
705 2439 846 2488 ποιεῖ
870 2437 966 2505 τὴν
1013 2438 1131 2506 γῆν·
1176 2439 1204 2489 6
1241 2437 1295 2489 δὲ
1325 2437 1508 2508 ὥσπερ
1534 2455 1665 2510 καρ-

116 2526 268 2594 δόπῳ
299 2526 523 2595 πλατείᾳ
569 2524 761 2595 βάθρον
797 2526 884 2578 τὸν
921 2528 1056 2596 ἀέρα
1087 2527 1195 2596 (82)
1243 2528 1525 2598 ὑπερείδει’
1568 2531 1665 2600 τὴν

115 2616 172 2666 δὲ
187 2615 296 2678 ⁸τοῦ
328 2615 402 2676 ὡς
421 2610 528 2666 οἷόν
578 2631 637 2666 τε
684 2614 928 2682 βέλτιστα
983 2616 1118 2667 αὑτὰ
1149 2616 1362 2686 τεθῆναι
1418 2617 1657 2688 δύναμιν,

116 2696 381 2748 οῦτωνῦν
417 2696 643 2759 κεῖσθαι,
671 2696 869 2766 ταύτην
913 2696 1034 2750 οὕτε
1074 2698 1338 2768 ζητοῦσιν,
1370 2699 1489 2752 οὔτε
1537 2701 1657 2752 τινὰ

115 2786 320 2838 οἴονται
338 2785 612 2855 δαιμονίαν
644 2787 790 2854 ἰσχὺν
813 2785 974 2855 ἔχειν’
1014 2787 1148 2840 ἀλλὰ
1188 2787 1436 2857 ἡγοῦνται
1471 2788 1654 2840 τούτου

117 2875 182 2928 ἄν
208 2889 339 2925 ποτε
374 2875 637 2926 Ἀτλαντα
672 2874 1028 2942 ἰσχυρότερον,
1087 2875 1179 2927 καὶ
1239 2875 1656 2946 ἀθανατώτερον,

117 2965 211 3017 καὶ
265 2964 458 3043 μᾶλλον
490 2967 700 3018 ἅπαντα
734 2963 1014 3032 συνέχοντα
1042 2964 1294 3034 ,ἐξευρεῖν⁹
1318 2967 1408 3017 καὶ
1429 2967 1502 3028 ὡς
1531 2966 1660 3033 ἀλη-

117 3055 244 3117 θῶς,
275 3056 334 3107 τὸ
358 3056 555 3124 ἀγαθὸν
579 3057 670 3108 καὶ
701 3055 816 3107 δέον
850 3053 1051 3119 ξυνδεῖν
1099 3057 1191 3107 καὶ
1232 3057 1467 3128 συνέχειν
1512 3057 1661 3108 οὐδὲν

114 3147 335 3198 οἴονται,
371 3165 388 3196 ι
418 3145 640 3199 Τοσαῦτ’
672 3149 700 3199 6
723 3147 1006 3216 Σωκράτης
1028 3149 1154 3216 περὶ
1179 3147 1275 3214 τῆς
1312 3146 1659 3217 Ἀναξαγόρου

115 3236 292 3304 δόξης.
351 3231 456 3287 Ἦν
507 3236 562 3288 δὲ
611 3235 958 3304 Ἀναξαγόρου
1014 3235 1110 3304 μὲν
1163 3236 1416 3306 διάδοχος,
1461 3238 1557 3306 τῆς
1601 3252 1657 3287 τε
1685 3266 1726 3322 C

100 3325 393 3394 διατριϐῆς
410 3324 540 3413 δμοῦ
569 3326 660 3378 καὶ
693 3325 790 3394 τῆς
820 3326 990 3394 δόξης,
1034 3325 1332 3395 Ἀρχέλαος.
1378 3328 1656 3398 Ἀρχελάου

114 3416 170 3468 δὲ
223 3415 490 3485 ἀκουστὴς
529 3417 801 3483 γεγονέναι
870 3417 1079 3483 λέγεται
1148 3417 1467 3487 Σωκράτης..
1515 3418 1656 3488 Πλὴν

117 3507 509 3563 ἀλλὰΊνυσικοὶ
539 3509 631 3561 καὶ
680 3508 845 3571 ἄλλοι,
895 3509 1214 3577 Ξενοφάνης,
1274 3510 1364 3560 καὶ
1418 3509 1656 3577 Πυθαγό-

121 3618 238 3671 ρας,
291 3599 727 3668 συνακμάσαντες
792 3598 1137 3668 Ἀναξαγόρᾳ,
1182 3600 1305 3667 περὶ
1358 3599 1654 3670 ἀφθαρσίας

115 3690 250 3743 Θεοῦ
281 3691 370 3742 καὶ⁵
396 3689 568 3758 ψυχῆς
599 3689 889 3750 ἀθανασίας
933 3689 1336 3757 ἐφιλοσόφησαν.
1385 3690 1477 3742 Ἐκ
1531 3692 1652 3743 τοὺ·
1723 3741 1736 3746 _

116 3798 222 3833 των
247 3782 302 3833 δὲ
328 3781 418 3832 καὶ
444 3779 578 3848 μετὰ
610 3778 827 3838 τούτους
851 3779 906 3829 αί
945 3779 1041 3845 τῆς
1063 3779 1322 3847 Ἑλλήνων
1351 3782 1656 3849 φιλοσοφίας

116 3871 422 3938 ὑπέστησαν
449 3867 698 3938 αἱρέσεις·
731 3865 835 3917 τῶν
868 3865 962 3933 μὲν
987 3865 1176 3927 τοῖσδε,
1233 3867 1334 3917 τῶν
1370 3867 1425 3918 δὲ
1456 3867 1656 3935 ἑτέροις

116 3959 628 4029 ὲξηκολουθηκότων,
663 3955 817 4007 τινῶν
873 3954 929 4004 δὲ
985 3955 1075 4004 καὶ
1117 3954 1246 4015 ἰδίας
1279 3954 1430 4019 δόξας
1481 3957 1654 4029 ἐπιγε-

114 4023 401 4118 νοηκότων.
427 4023 438 4027 -
466 4048 630 4101 Πάλιν
681 4047 723 4098 δ’
771 4041 860 4112 οὖν
926 4044 953 4094 6
1003 4043 1335 4113 Πλούταρχος
1385 4044 1476 4106 τὰς
1529 4023 1653 4114 περὶ

115 4138 252 4189 θεῶν
296 4137 584 4208 ὑπολήψεις
642 4136 745 4188 τῶν
817 4133 990 4186 αὑτῶν
1051 4132 1226 4184 τοῦτοι
1306 4135 1492 4203 γράφει
1562 4136 1648 4186 τὸν

114 4229 330 4299 τρόπον.

1765 732 1914 783 beam
1964 747 2025 783 ex
2079 729 2292 783 ossibus
2340 728 2621 794 nervisque
2669 732 3020 788 compactum,
3072 731 3124 774 et
3168 736 3288 773 ossa

1764 819 1975 887 quidem
2013 818 2182 872 solida
2217 811 2346 879 sint,
2389 831 2459 870 .ac
2483 815 2644 869 certis
2691 811 3087 867 discriminibus
3127 810 3292 862 inter-

1765 909 2022 977 vallisque
2057 908 2327 971 distincta,
2361 907 2506 959 nervi
2539 913 2736 968 autem,
2767 902 2854 971 qui
2882 910 2926 954 et
2964 899 3292 954 contendan-

1767 1006 1851 1050 tur
1879 997 2058 1059 facile,
2091 1007 2142 1051 et
2191 996 2344 1049 facile
2387 996 2747 1054 remittantur,
2795 1007 2913 1046 eum
2961 990 3075 1058 ipsa
3131 1003 3292 1041 carne

1764 1093 1919 1146 simul
1974 1100 2026 1146 et
2072 1099 2224 1155 cute,
2278 1103 2395 1157 qum
2444 1090 2530 1142 illa
2564 1089 2827 1156 praeipue
2876 1086 3127 1157 continet,
3168 1099 3290 1137 ossa

1765 1183 1999 1249 undique
2027 1181 2466 1250 complectantur.
2497 1177 2626 1230 Nam
2668 1178 2790 1230 dum
2822 1177 2933 1228 suis
2959 1175 3009 1226 in
3042 1143 3294 1228 iommis-

1764 1271 1904 1324 suris
1943 1270 2257 1322 attolluntur
2316 1281 2460 1331 ossa,
2517 1265 2687 1326 nervi,
2745 1271 2974 1333 quorum
3016 1270 3068 1314 et
3112 1261 3292 1313 laxare

1764 1360 2035 1428 proprium
2071 1367 2151 1411 est
2197 1357 2630 1416 etconlendere,
2665 1355 2904 1407 membra
2936 1362 2994 1406 ut
3028 1352 3291 1404 inflectere

1763 1462 1904 1500 nunc
1939 1456 1990 1500 et
2020 1462 2240 1500 curvare
2287 1445 2486 1514 possim
2517 1443 2768 1506 elliciunt,
2821 1456 2988 1510 eaque
3024 1441 3086 1493 de
3133 1454 3291 1493 causa

1763 1535 2016 1588 incurvus
2069 1534 2155 1587 hic
2207 1534 2387 1586 sedeo.
2440 1531 2575 1584 Tum
2626 1530 2763 1598 quod
2820 1527 3092 1582 vobiscum
3135 1526 3292 1580 etiam

1763 1627 2056 1693 colloquar,
2089 1624 2138 1677 id
2168 1624 2411 1686 vocibus,
2444 1622 2572 1685 aeri,
2602 1620 2882 1680 auditioni,
2914 1633 2975 1672 ac
3005 1616 3209 1670 eazteris
3242 1613 3293 1667 id

1763 1705 1929 1783 genus
1960 1714 2244 1779 sexcentis,
2275 1714 2426 1782 quasi
2458 1712 2635 1766 causis
2679 1710 2951 1766 attribuat.
2994 1708 3132 1760 veris
3163 1706 3295 1759 inte-

1762 1807 1860 1858 rim
1908 1820 2026 1873 qua:
2085 1812 2382 1871 sequuntur
2428 1801 2679 1854 omissis:
2738 1799 3029 1860 nimirum,
3081 1795 3293 1864 quando

1762 1895 2174 1947 Atheniensibus
2205 1893 2280 1944 uti
2326 1906 2409 1944 me
2457 1891 2774 1943 damnarent
2820 1893 3072 1956 praestare
3119 1885 3291 1937 visum

1761 1998 1860 2046 est,
1892 1984 2021 2037 mihi
2053 1999 2263 2053 quoque
2295 1983 2383 2037 hic
2415 1989 2470 2035 ut
2503 1981 2761 2042 sederem,
2798 1977 3043 2046 quodque
3090 1974 3292 2041 snppli-

1763 2075 1904 2126 cium
1941 2075 2283 2140 imperarent,
2311 2072 2494 2125 eodem
2536 2071 2722 2123 inloco
2756 2069 3010 2126 subirem,
3046 2073 3293 2133 praestare

1762 2163 2052 2231 acjustius
2100 2176 2237 2223 esse,
2282 2162 2474 2215 visum.
2508 2159 2788 2212 Enimvero
2836 2156 3034 2210 dudum
3086 2169 3173 2220 per
3206 2169 3292 2208 ca-

1761 2267 1903 2312 nem,
1936 2253 2148 2318 Opinor,
2183 2253 2234 2304 hi
2266 2251 2414 2305 nervi
2444 2259 2603 2319 atque
2623 2251 2736 2302 hac
2765 2261 2906 2312 Ossa,
2936 2246 3015 2299 vel
3047 2243 3290 2313 Megaris,

1761 2341 1842 2393 vel
1878 2342 1929 2393 in
1971 2341 2192 2402 Bmotia,
2242 2355 2349 2408 quo
2401 2340 2485 2392 illa
2538 2338 2721 2406 Optimi
2776 2337 2955 2404 Opinio
2999 2333 3290 2395 detulisset,

1761 2438 2120 2489 versarentur,
2160 2427 2263 2481 nisi
2309 2442 2466 2495 quam
2516 2425 2812 2493 respublica
2861 2437 3071 2491 plenam
3124 2422 3292 2487 impo-

1764 2519 1950 2581 suerit,
1983 2518 2263 2583 sustinere,
2305 2518 2472 2570 multo
2506 2532 2664 2585 quam
2698 2515 2939 2569 servilem
2990 2513 3041 2564 in
3079 2511 3290 2564 modum

1762 2613 2036 2680 aufugere,
2063 2612 2263 2680 justius
2288 2619 2528 2679 putarem
2557 2619 2715 2679 atque
2734 2607 3008 2662 honest-ius
3034 2604 3287 2657 futurum.

1755 2700 2039 2754 Enimvero
2085 2700 2287 2754 similes
2336 2698 2576 2768 proferre
2620 2713 2846 2759 causas,
2907 2693 3289 2764 perabsurdum

1753 2791 1933 2845 fuerit.
1963 2788 2095 2842 Nam
2127 2790 2172 2843 si
2212 2787 2334 2856 quis
2370 2788 2603 2854 objiciet,
2657 2787 2756 2838 nisi
2808 2786 3040 2848 Ossibus,
3096 2784 3289 2844 nervis,

1754 2881 2104 2950 partibusque
2132 2877 2341 2931 caeteris
2377 2877 2667 2929 instructus
2702 2889 2894 2938 essem,
2941 2873 3052 2926 fieri
3086 2875 3177 2925 abs
3209 2888 3293 2924 me

1757 2984 1876 3038 quae
1901 2969 2058 3021 velim
2093 2967 2238 3020 nullo
2272 2967 2429 3018 modo
2464 2978 2651 3033 posse.
2701 2978 2821 3016 vere
2862 2962 2958 3014 hoc
3009 2961 3149 3023 dicat
3197 2960 3284 3012 ille

1759 3043 1992 3126 quidem,
2027 3057 2165 3109 idem
2203 3064 2399 3116 tamen,
2454 3054 2495 3105 si
2530 3061 2741 3120 propter
2776 3050 2862 3102 illa
2916 3051 3026 3117 ipsa
3058 3049 3165 3100 ﬁeri
3197 3064 3292 3100 vo-

1759 3149 1851 3212 let,
1891 3162 2010 3215 quze
2038 3146 2133 3198 abs
2165 3159 2247 3196 me
2278 3143 2429 3203 fiunt,
2465 3152 2622 3210 atque
2651 3141 2722 3192 ita
2755 3154 2836 3191 me
2860 3139 3072 3191 demum
3118 3148 3290 3189 mente

1762 3251 1940 3305 agere,
1968 3251 2076 3288 non
2106 3233 2290 3301 Optimi
2321 3232 2524 3284 delectu
2555 3229 2786 3297 quodam
2816 3236 2867 3279 et
2896 3227 3090 3286 studio,
3122 3226 3289 3292 negli-

1759 3340 1888 3392 gens
1917 3323 2202 3376 admodum
2237 3337 2296 3374 ac
2328 3321 2513 3388 supina
2552 3318 2725 3371 futura.
2766 3326 2845 3370 est
2883 3317 2994 3369 haec
3019 3315 3133 3390 ejus
3165 3329 3289 3366 ora-

1755 3413 1847 3464 tiO.
1887 3429 1904 3460 ι
1945 3413 2008 3463 Et
2059 3416 2245 3480 paucis
2277 3411 2606 3477 interjectis:
2648 3427 2664 3456 ι
2702 3407 2880 3474 Itaque
2905 3406 3055 3464 alius,
3099 3404 3286 3471 inquit,

1753 3512 1948 3557 terram
1979 3501 2108 3553 dum
2148 3501 2290 3553 aeris
2321 3500 2609 3568 agitatione
2645 3496 3002 3556 circumfudit,
3034 3495 3082 3545 vi
3112 3504 3285 3546 tamen

1753 3590 1871 3643 cmli
1921 3592 2127 3640 firmam
2175 3597 2226 3639 et
2273 3588 2548 3638 immotam
2599 3583 2862 3638 contineri
2920 3590 3108 3649 putat:
3153 3579 3287 3632 alius

1754 3681 1980 3752 quadam
2013 3678 2172 3732 veluti
2215 3679 2400 3730 latiore
2451 3685 2674 3736 mactra,
2728 3674 3124 3726 fundamentum
3171 3672 3287 3735 ejus

1754 3787 1928 3826 aerem
1983 3769 2170 3824 fulcire
2226 3767 2444 3821 mavult.
2497 3767 2564 3817 At
2611 3781 2736 3817 vero
2784 3780 3011 3832 quanam
3063 3764 3160 3815 ista
3213 3763 3282 3826 vi,

1755 3878 1914 3931 quam
1947 3860 2146 3930 Optime
2178 3859 2291 3913 ﬁeri
2322 3867 2512 3927 potuit,
2546 3871 2662 3910 sese
2710 3871 2851 3909 nunc
2892 3855 3140 3912 habeant,
3191 3868 3286 3905 suo

1752 3966 1975 4020 quaeque
2022 3951 2140 4004 loco
2193 3951 2405 4018 situque
2456 3948 2734 4010 collocata,
2783 3962 2877 4000 nec
2912 3945 2985 3997 illi
3019 3953 3322 4021 quaerunty

1752 4057 1849 4094 nec
1880 4041 2101 4093 omnino
2148 4041 2232 4094 dei
2284 4040 2599 4107 cujusquam
2655 4052 2715 4089 ea
2766 4037 2981 4089 numine
3030 4033 3281 4086 contineri

1753 4132 2119 4184 arbitrantur:
2151 4131 2242 4183 sed
2274 4131 2450 4198 potius
2503 4129 2763 4180 Atlantem
2807 4126 2985 4178 nescio
3031 4136 3184 4188 quem
3235 4130 3286 4171 et

1753 4221 2042 4274 ﬁrmiorem
2095 4220 2316 4282 viribus,
2355 4230 2408 4271 et
2460 4217 2854 4270 immortalitate
2903 4213 3281 4280 potentiorem.

114 4321 206 4388 qui
242 4318 484 4371 tenacius
514 4318 762 4373 universa
804 4317 1088 4377 devinciat,
1147 4315 1487 4384 excogitant;
1545 4324 1706 4386 atque
1745 4316 1818 4369 ita
1874 4314 2001 4367 boni
2042 4327 2261 4381 prorsus
2316 4311 2630 4374 honestique
2681 4308 2829 4365 nihil,
2885 4320 2990 4372 quo
3034 4313 3148 4372 apta
3201 4304 3283 4354 illa

116 4424 360 4478 nexaque
383 4416 679 4473 teneantur,
728 4418 1043 4479 agnoscunt.
1078 4428 1096 4460 ι
1136 4407 1258 4462 Ηωο
1319 4407 1568 4463 Socrates
1631 4410 1660 4462 d

1759 4410 2083 4474 Anaxagorae
2119 4405 2400 4458 sententia.
2437 4401 2590 4470 753
2621 4399 2737 4454 Fuit
2771 4411 2943 4451 autem
2968 4400 3284 4468 Ananagorna

116 4511 222 4554 tam
257 4499 452 4554 scholae
499 4514 660 4566 quam
710 4502 976 4567 opinionis
1026 4513 1305 4554 successor
1351 4498 1682 4564 Archelaus,
1723 4514 1878 4567 quem
1943 4497 2192 4548 Socrates
2237 4493 2469 4545 audiisse
2519 4491 2701 4543 fertur.
2740 4493 2994 4544 Caeterum
3041 4490 3124 4541 alii
3156 4504 3284 4554 quo,

114 4606 218 4659 que
248 4587 478 4657 Physiei,
525 4585 879 4655 Xenophanes
929 4599 981 4643 et
1022 4588 1366 4659 Pythagoras,
1429 4590 1521 4656 qui
1588 4605 1710 4642 cum
1750 4592 2070 4655 Anaxagora
2112 4583 2407 4645 ﬂorebant,
2444 4582 2508 4633 de
2554 4580 2643 4634 Dei
2692 4582 2846 4635 simul
2898 4578 3284 4643 incorruptione

111 4693 162 4735 et
189 4679 353 4734 animi
380 4676 776 4731 immortalitate
806 4679 1161 4747 philosophati
1191 4686 1333 4731 sunt.
1365 4677 1409 4728 A
1438 4678 1633 4745 quibus
1673 4685 1854 4745 postea
1906 4674 2062 4725 varire
2117 4678 2242 4724 sunt
2281 4668 2720 4735 philosophorum
2782 4677 2936 4720 sectae
2981 4663 3283 4729 opiniones-

113 4790 217 4843 que
243 4777 508 4842 profeetae,
537 4785 658 4824 cum
704 4771 837 4824 alios
866 4772 955 4823 alii
985 4781 1364 4838 sequerentur,
1421 4772 1664 4824 nonnulli
1703 4771 1937 4838 privatas
1991 4767 2150 4819 etiam
2193 4762 2557 4830 excogitarent
2584 4777 2646 4815 ac
2668 4760 2926 4830 proprias.
2958 4756 3134 4824 itaque
3158 4755 3279 4809 Plu-

113 4864 332 4918 tarchus
358 4876 544 4916 eorum
575 4860 639 4913 de
668 4858 770 4911 diis
796 4858 1074 4932 opiniones
1113 4859 1196 4913 his
1228 4859 1399 4912 verbis
1446 4858 1638 4910 iterum
1677 4861 2079 4910 commemorat.

591 4935 972 5020 ΚΕΦΑΛᾉΙΟΝ
1014 4950 1105 5013 Ic."

2318 4937 2539 4993 CAPUT
2579 4934 2712 4987 ΧΠ.

114 5056 284 5118 Δόξαι
309 5056 651 5124 φιλοσόφων
672 5054 800 5121 περὶ
829 5056 993 5107 θεῶν.
1037 5056 1173 5108 Ἀπὸ
1208 5057 1313 5108 τοῦ
1341 5054 1640 5122 Πλουτάρ-

814 5141 940 5192 χου.

186 5229 207 5261 ι
233 5212 402 5265 Ἔνιοι
428 5213 533 5265 τῶν
563 5214 855 5282 φιλοσόφων
889 5212 1016 5281 (85),
1045 5212 1289 5284 καθάπερ
1321 5215 1581 5285 Διαγόρας
1614 5218 1641 5267 6

1780 5067 2209 5135 Philosophorum
2236 5067 2298 5121 de
2336 5069 2442 5121 diis
2480 5067 2758 5135 Opiniones.
2812 5062 2894 5116 Ea:
2935 5064 3230 5118 Plutarcho.

1819 5213 1834 5242 ι
1864 5192 2122 5256 Fuerunt,
2152 5194 2347 5260 inquit,
2381 5207 2408 5244 e
2442 5190 2772 5258 philosophis
2793 5190 3054 5251 nonnulli,
3076 5200 3132 5240 ut
3155 5187 3272 5240 Dia-

115 5300 390 5370 Μιλήσιος,
419 5303 511 5354 καὶ
537 5278 802 5373 Θεόδωρος
831 5304 857 5354 6
888 5278 1208 5370 Κυρηναῖος,
1241 5278 1332 5354 διαὶ
1363 5278 1640 5372 Εὑτήμερος

1759 5298 1895 5351 {oras
1924 5280 2181 5346 Milesius,
2221 5281 2533 5335 Theodorus
2561 5278 2846 5348 Cyrenaeus
2896 5288 2949 5332 et
2988 5279 3271 5331 Evemerus

149 5501 161 5511 .
186 5429 296 5498 (81)
335 5431 511 5511 Δίνην·
552 5433 882 5511 περιτιθείς,
909 5441 1010 5511 etc.
1051 5430 1297 5511 Fi‘einus,
1342 5435 1640 5501 vertiginem

116 5501 547 5566 circumponeutes
596 5513 745 5554 terrae
778 5503 869 5554 sub
905 5501 1046 5553 caelo.
1106 5501 1368 5554 Serranus
1426 5513 1637 5565 autem,

117 5569 238 5620 dum
269 5567 539 5639 quemdam
581 5586 833 5639 aquarum
866 5572 1116 5638 gurgitem
1156 5580 1304 5623 terra:
1350 5572 1638 5637 circumpo-

119 5645 243 5708 mmt
287 5636 378 5708 sub
419 5636 560 5708 ctylo.
609 5636 918 5708 Existimavi
952 5636 1252 5708 perpetuam
1288 5641 1426 5691 aeris
1467 5636 1636 5708 agita-

118 5707 312 5760 tionem
345 5705 596 5777 intelligi,
627 5706 820 5777 et_6n6
839 5708 931 5759 τοῦ
958 5706 1179 5777 οὐρανοῦ
1207 5724 1310 5762 non
1336 5722 1456 5777 eum
1481 5705 1638 5775 snpe-

118 5773 1038 5853 riore.membroeonjungendum,
1093 5777 1185 5832 sed
1230 5776 1352 5831 novi
1412 5773 1636 5830 mem—bri

122 5844 434 5908 principium
468 5844 803 5897 statuendum
833 5858 970 5898 esse.

1816 5437 1923 5506 (82)
1963 5438 2196 5509 Βάθρον-
2224 5437 2326 5488 τὸν
2363 5433 2780 5509 ἀέραηῐθὶοῑῐιιιε
2822 5434 2945 5509 legit
2989 5431 3164 5509 βάθρῳ
3198 5432 3270 5500 τῷ

1745 5501 2090 5575 ἀέρι,’νθιίὶί
2114 5507 2288 5568 enim,
2332 5519 2448 5555 aere
2477 5503 2609 5556 velut
2646 5504 2782 5555 base.
2820 5501 2945 5554 Mihi
2992 5501 3118 5552 nihil
3154 5516 3242 5554 mu

1743 5576 1965 5629 tandum
1994 5576 2218 5628 videtur.

1812 5643 1920 5711 (85)
1966 5646 2143 5695 Ἔνιοι
2189 5639 2300 5692 τῶν
2326 5638 2748 5711 φιλί-Ριυιοτοιι.
2789 5637 2862 5711 De
2888 5636 3066 5711 plqeit.
3143 5637 3269 5711 hilo:

1742 5706 1973 5795 sobhoia,
2016 5727 2132 5778 cap.
2167 5711 2215 5770 7,
2267 5724 2383 5777 pag.
2418 5708 2539 5764 880.
2582 5708 2656 5762 Ex
2686 5722 2790 5775 quo
2821 5706 3107 5768 Eusebius,
3159 5707 3269 5760 mf

1743 5797 2018 5849 επιτομην.
