4014 6340
42 516 182 573 12ιό

1126 531 1436 586 ΡΠΑΞΡΑΒ.
1480 532 1725 592 EVANG.
1766 535 1891 590 LIB.
1933 536 2069 591 XIV.

3072 545 3207 598 1246

38 630 95 681 τὸ
121 634 263 699 μετὰ
288 634 442 688 τοῦτο
485 638 904 710 διαλυμήνασθαι
951 646 1125 707 πάσας
1174 650 1270 710 τὰς
1309 633 1575 721 αἰσθήσεις

1684 654 1951 722 simulque
2007 670 2199 735 sensus
2252 669 2440 709 omnes
2487 672 2617 710 suos
2671 658 3041 726 exstinguere:
3101 669 3211 712 tum

36 719 266 809 ἐαυτῶν.
296 722 450 776 Οὕτω
468 727 575 797 γὰρ
603 730 665 781 ἄν
697 747 777 793 τις
806 734 1081 786 ἐπίστευεν
1117 737 1293 799 αὐτοῖς
1328 719 1469 809 ἔργω
1500 742 1579 792 δι-

36 808 347 875 δάσκουσιν,
373 816 446 878 ὡς
466 820 542 879 εἰς
570 820 718 871 οὐδὲν
742 823 913 877 αὐτῶν
942 825 1157 879 δέοιντο.
1186 829 1317 881 Νυνὶ
1343 830 1397 883 δὲ
1429 831 1583 885 τοῦτο

36 899 384 955 ἀτοπώτατόν
412 907 545 961 ἐστι.
587 910 905 981 Ἀχρήστους
927 915 1031 984 γὰρ
1063 917 1443 984 ἀποφαίνοντες
1486 925 1582 975 αύ-

35 989 135 1051 τὰς
157 991 240 1061 τῷ
277 993 435 1063 λόγῳ,
456 1001 565 1060 τοῖς
592 1002 769 1070 ἔργοις
795 1004 859 1056 τὰ
883 1006 1107 1073 μάλιστα
1128 1009 1390 1079 χρώμενοι
1411 1012 1584 1065 διατε-

37 1081 220 1135 λοῦσιν
248 1084 451 1148 αὑταῖς.
496 1088 559 1140 ὐ
587 1090 649 1155 γέ
670 1109 748 1143 τοι
776 1094 1036 1159 Μέλισσος
1064 1096 1256 1151 ἐθέλων
1286 1084 1601 1155 ἐπιδεικνύέ

37 1192 145 1232 ναι,
173 1172 257 1228 ὅτι
287 1176 391 1228 τῶν
418 1183 749 1249 φαινομένων
779 1187 869 1236 καὶ
904 1189 959 1238 ἐν
1004 1187 1151 1255 ὄψει,
1189 1191 1388 1244 τούτων
1436 1194 1582 1248 οὐδὲν

37 1266 117 1333 εἴη
142 1266 222 1335 τῷ
266 1267 397 1330 ὄντι,
431 1270 516 1321 διὰ
541 1272 645 1324 τῶν
686 1277 1019 1343 φαινομένων
1060 1275 1422 1335 ἀποδεικνύειν
1473 1285 1581 1356 (97)

38 1356 236 1407 αὐτῶν.
272 1359 408 1427 Φησὶ
434 1361 563 1427 γοῦν
584 1381 597 1393 ·
626 1364 686 1414 El
716 1366 821 1434 γάρ
846 1370 957 1419 ἐστι
1008 1369 1099 1437 γῆ,
1152 1373 1244 1422 καὶ
1281 1372 1420 1442 ὕδωρ
1444 1414 1457 1436 ,
1489 1376 1582 1427 καὶ

35 1445 163 1513 ἀὴρ,
193 1449 444 1519 καὶπῦρ,
471 1453 562 1504 καὶ
591 1455 820 1522 σίδηρος,
852 1459 942 1508 καὶ
983 1459 1177 1527 χρυσός
1197 1477 1209 1489 ο
1244 1463 1335 1513 καὶ
1385 1463 1444 1514 τὸ
1486 1467 1581 1533 μὲν

15 1532 164 1596 ,ζῶ-ι,
196 1537 261 1588 τὸ
285 1536 339 1590 δὲ
370 1540 645 1611 τεθνηκὸς,
686 1545 774 1595 καὶ
806 1546 989 1615 μέλαν,
1024 1549 1115 1600 καὶ
1147 1550 1356 1615 λευκὸν,
1404 1532 1496 1605 και
1516 1555 1582 1607 τὰ

36 1622 168 1676 ἄλλα
202 1628 371 1681 πάντα
398 1630 497 1682 ὅσα
526 1634 685 1699 φασὶν
707 1631 840 1687 εἶναι
864 1638 1132 1707 ἅνθρωποι
1165 1641 1456 1712 ἀληθῶς,ἣ
1491 1646 1583 1697 καὶ

37 1713 195 1805 ἡμεῖς
231 1715 406 1784 ὀρθῶς
435 1720 647 1805 ὁρῷμεν
678 1726 767 1776 καὶ
787 1727 1050 1797 ἀκούομεν
1071 1750 1083 1761 ·
1119 1728 1255 1785 εἶναι
1288 1736 1450 1805 ἐχρῆν
1493 1739 1582 1789 καὶ

36 1801 94 1852 τὸ
115 1802 175 1855 ὃν
200 1806 459 1873 τοιοῦτον,
480 1803 589 1862 οἷον
611 1812 821 1880 πρῶτον
849 1814 1020 1879 ἔδοξεν
1042 1820 1167 1887 ἡμῖν
1191 1801 1345 1884 εἶναι,
1395 1824 1486 1875 καὶ
1510 1823 1582 1893 μὴ

40 1897 415 1983 μεταπίπτειν,
442 1901 574 1970 μηδὲ
595 1902 829 1969 γίνεσθαι
852 1907 1050 1977 ἕτερον,
1074 1910 1187 1961 ἀλλ’
1217 1909 1352 1965 εἶναι
1378 1915 1578 1983 ὅμοιον,

35 1980 141 2037 οἷόν
172 1988 281 2059 πέρ
313 1990 457 2042 ἐστιν
479 1992 721 2045 ἕκαστον.
763 1995 872 2047 Νῦν
896 1997 950 2049 δὲ
982 1998 1184 2068 ἔφαμεν
1216 2001 1388 2071 ὀρθῶς
1415 1980 1576 2075 νόρᾷν,

37 2075 125 2126 καὶ
154 2077 392 2141 ἀκούειν,
424 2082 517 2132 καὶ
550 2084 808 2135 συνιέναι·
859 2086 1004 2138 δοκεῖ
1032 2087 1086 2140 δὲ
1122 2092 1248 2161 ἡμῖν
1276 2093 1335 2145 τὸ
1382 2092 1577 2165 θερμὸν

35 2164 125 2214 καὶ
146 2165 352 2235 ψυχρὸν
380 2170 635 2235 γίνεσθαι,
660 2175 749 2225 καὶ
786 2175 844 2226 τὸ
867 2174 1067 2246 ψυχρὸν
1107 2178 1303 2250 θερμὸν
1328 2220 1343 2242 ,
1372 2164 1491 2235 καὶγ
1519 2185 1577 2237 τὸ

38 2252 269 2322 σκληρὸν
297 2258 551 2326 μαλακὸν,
579 2262 671 2313 καὶ
697 2263 755 2314 τὸ
784 2264 1017 2330 μαλακὸν
1039 2268 1287 2340 σκληρόν.
1318 2272 1499 2326 Ταῦτα
1519 2276 1575 2326 δὲ

37 2342 125 2391 καὶ
154 2344 289 2396 ἄλλα
345 2347 510 2400 πολλὰ
538 2351 755 2404 τοιαῦτα
807 2356 1049 2421 λέγοντος
1078 2359 1239 2411 αὐτοῦ
1260 2402 1274 2424 ,
1304 2363 1395 2413 καὶ
1436 2365 1576 2432 μάλα

36 2433 257 2497 εἰκότως
305 2438 530 2491 ἐπύθετό
565 2458 647 2505 τις
692 2444 791 2508 ἂν,
820 2442 1051 2517 *Αρόὖν
1083 2452 1163 2503 ὅτι
1187 2452 1216 2503 ὃ
1260 2453 1351 2505 νῦν
1381 2455 1574 2525 θερμόν

35 2526 163 2587 ἐστι,
210 2527 444 2582 κᾶπειτα
475 2531 628 2586 τοῦτο
666 2537 869 2602 γίνεται
892 2539 1112 2609 ψυχρὸν,
1147 2543 1244 2595 οὐκ
1264 2545 1572 2615 αἰσθόμενος

36 2614 232 2705 ἔγνως
270 2618 497 2687 Ὁμοίως
531 2623 587 2675 δὲ
638 2627 730 2678 καὶ
758 2629 882 2697 περὶ
909 2630 1016 2681 τῶν
1044 2630 1233 2684 ἄλλων.
1267 2614 1440 2703 Ὅπερ
1469 2638 1575 2705 γὰρ

35 2701 184 2771 ιφην,
218 2707 467 2778 εὑρεθείη
497 2712 561 2764 ἂν
583 2713 750 2775 οὐδὲν,
779 2716 891 2766 ἀλλ’
917 2716 948 2786 ἦ
976 2718 1070 2779 τὰς
1105 2719 1379 2790 αισθήσεις
1412 2701 1571 2775 am;

37 2792 141 2859 ρῶν
160 2796 256 2847 καὶ
282 2796 512 2868 ἐλέγχων
533 2842 547 2863 ,
578 2801 663 2854 διὰ
692 2804 751 2854 τὸ
788 2805 1017 2873 μάλιστα
1048 2808 1316 2861 πιστεύειν
1365 2812 1569 2875 αὑταῖς.

220 2888 329 2959 γὰρ
355 2891 403 2941 οἱ
450 2892 544 2961 μὲν
587 2895 813 2947 τοιοῦτοι
852 2895 991 2964 λόγοι
1028 2900 1206 2967 σχεδὸν
1250 2904 1435 2967 ἱκανὰς
1473 2906 1573 2974 ἤδη

35 2972 323 3028 δεδώκασιν
359 2980 616 3041 εὐθύνας·
644 2983 870 3054 ἐξίτηλοί
902 2986 963 3052 γέ
989 3004 1069 3038 τοι
1096 2990 1395 3055 γεγόνασιν,
1421 2972 1503 3055 ὡς
1528 2972 1573 3047 ei

39 3064 165 3155 μηδὲ
203 3066 503 3137 ὴλέχθησαν
527 3071 635 3139 (98)
666 3073 723 3124 τὸ
763 3076 1032 3143 παράπαν.
1066 3078 1198 3148 Ἤδη
1228 3081 1404 3148 μέντοι
1442 3083 1574 3155 θαρ-

38 3154 270 3221 ροῦντες,
306 3159 546 3229 λέγωμεν
568 3162 738 3231 ὀρθῶς
761 3165 1059 3232 φιλοσοφεῖν
1096 3170 1218 3230 τοὺς
1247 3172 1339 3221 καὶ
1372 3173 1466 3235 τὰς
1489 3154 1574 3224 αὶ-

38 3242 249 3311 σθήσεις
270 3248 363 3298 καὶ
397 3250 485 3300 τὸν
510 3248 660 3317 λόγον
698 3253 785 3303 ἐπὶ
815 3255 911 3322 τὴν
936 3256 1131 3320 γνῶσιν
1176 3259 1271 3327 τὴν
1302 3259 1408 3310 τῶν
1444 3277 1575 3331 πρα-

35 3334 254 3399 γμάτων
280 3340 812 3408 παραλαμϐάνοντας.
840 3364 857 3393 ι
890 3345 1085 3396 Τοιοίδε
1126 3348 1220 3414 μὲν
1240 3343 1328 3399 οὖν
1358 3353 1403 3401 οἱ
1433 3352 1573 3419 ἀμφὶ

35 3422 114 3473 τὸν
135 3421 457 3503 Ξενοφάνην,
491 3429 547 3491 ὃς
570 3430 630 3499 δὴ
660 3429 869 3497 λέγεται
900 3434 1237 3502 συνακμάσαι
1288 3440 1398 3499 τοῖς
1433 3440 1572 3506 ἀμφὶ

38 3510 351 3583 Πυθαγόραν
394 3519 485 3568 καὶ
530 3520 905 3589 Ἀναξαγόραν.
931 3521 1255 3591 Ξενοφάνους
1304 3527 1359 3580 δὲ
1413 3530 1571 3580 ἀκου-

41 3602 173 3668 στὴς.
196 3605 383 3671 γέγονε
408 3608 745 3679 Παρμενίδης
770 3629 783 3641 ·
824 3612 1006 3663 τούτου
1045 3615 1308 3679 Μέλισσος
1332 3658 1345 3681 ,
1375 3614 1434 3671 οὗ
1467 3622 1569 3689 Ζή-

38 3710 152 3753 νων,
185 3688 247 3746 οὗ
272 3696 593 3761 Λεύκιππος,
637 3695 694 3753 οὗ
722 3704 1068 3771 Δημόκριτος,
1096 3701 1155 3759 οὖ
1188 3708 1567 3779 Πρωταγόρας,

38 3788 123 3843 καὶ
153 3786 393 3849 Νεσσᾶςο
442 3788 532 3840 τοῦ
566 3790 617 3842 δὲ
660 3792 839 3843 Νεσσᾶ
876 3795 1263 3867 Μητρόδωρος,
1300 3794 1358 3854 οὗ
1397 3802 1577 3865 Διογέ-

40 3891 148 3942 νης,
178 3872 239 3929 οὗ
285 3878 622 3949 Ἀνάξαρχος.
663 3883 980 3953 Ἀναξάρχου
1017 3887 1071 3937 δὲ
1094 3888 1358 3959 γνώριμος
1380 3892 1575 3958 ’γέγονε

40 3964 281 4035 Πύρρων,
315 3970 407 4037 ἀφ’
438 3967 496 4024 οὗ
520 3974 553 4041 ἡ
582 3973 686 4025 τῶν
704 3976 1011 4027 Σκεπτικῶν
1045 3979 1438 4046 ἐπικληθέντων
1462 3982 1575 4034 δια-

38 4053 186 4124 τριϐὴ
220 4056 446 4127 συνέστη
508 4060 599 4122 οὓς
640 4064 730 4115 καὶ
759 4064 949 4126 αὐτοὺς
980 4067 1141 4135 μηδὲν
1170 4065 1302 4119 εἶναι
1338 4070 1396 4120 τὸ
1448 4089 1580 4141 παρ-

40 4142 196 4205 άπαν,
241 4148 452 4216 μήτε’γ’
482 4151 540 4203 ἐν
561 4152 807 4222 αἰσθήσει
840 4155 960 4223 μήτ’
988 4157 1042 4205 ὲν
1064 4157 1202 4225 λόγῳ
1234 4161 1571 4229 καταληπτὸν

37 4231 391 4303 ὁριζομένους,
421 4242 706 4308 ἐπέχοντας
734 4244 777 4293 δ’
810 4246 868 4294 ἐν
885 4246 1062 4306 πᾶσιν,
1095 4248 1240 4309 ὅπως
1271 4250 1569 4319 ὰπήλεγχον

37 4320 81 4370 οἱ
106 4322 548 4397 ἀντιδοξᾲζοντες,
587 4329 771 4397 μαθεῖν
827 4332 1083 4400 πάρεστιν
1115 4335 1219 4386 ἀπὸ
1267 4336 1357 4387 τοῦ
1402 4337 1567 4406 δηλω-

39 4413 211 4477 θέντος
236 4420 674 4488 συγγράμματος,
707 4416 805 4475 ὧδέ
838 4440 909 4492 πη
952 4425 1083 4493 πρὸς
1114 4425 1254 4488 λέξιν
1278 4427 1503 4495 ἐχοντος.

1682 744 1824 797 enim
1868 743 2082 797 demum
2130 745 2261 799 ﬁdes
2310 746 2440 814 ipsis
2504 746 2807 809 haberetur,
2838 762 2960 800 cum
2996 748 3063 801 iis
3109 748 3210 801 sibi

1684 833 1815 885 nihil
1865 848 2003 900 opus
2031 849 2149 887 esse
2180 850 2237 888 re
2267 836 2380 902 ipsa
2412 836 2834 903 comprobarent.
2874 834 3027 889 Nunc
3076 851 3208 888 vero

1635 982 1643 991 ἡ
1681 924 2069 976 absurdissime
2105 924 2329 987 faciunt,
2360 925 2450 993 qui
2485 942 2605 978 cum
2648 942 2742 980 eos
2772 926 2984 979 inutiles
3032 936 3210 979 orete-

1683 1030 1783 1067 nus
1817 1028 1936 1067 esse
1966 1014 2229 1079 dictitent,
2274 1016 2459 1069 iisdem
2503 1026 2678 1069 tamen
2721 1017 2895 1086 reipsa
2957 1026 3210 1070 constan-

1682 1098 1885 1155 tissime
1920 1102 2228 1156 abutantur.
2268 1101 2554 1157 Enimvero
2586 1103 2853 1168 Melissus,
2884 1118 3067 1159 eorum
3093 1120 3213 1173 qua:

1681 1199 1953 1257 apparent,
1985 1206 2207 1259 qmeque
2241 1193 2309 1244 oh
2342 1193 2528 1247 oculos
2573 1195 2748 1262 posita
2804 1204 2949 1259 sunt,
2991 1195 3123 1247 nihil
3156 1210 3213 1247 re

1681 1295 1802 1332 vera
1825 1294 1945 1332 esse
1973 1280 2198 1347 probare
2226 1280 2352 1333 dum
2388 1282 2519 1345 vult,
2555 1298 2619 1336 ex
2666 1283 2773 1337 illis
2808 1284 2940 1352 ipsis
2975 1300 3094 1355 quae
3127 1299 3216 1351 ap-

1681 1379 1866 1439 parent
1888 1380 2198 1438 argumenta
2223 1373 2387 1427 ducit.
2420 1371 2643 1441 Quippe,
2680 1375 2724 1427 si
2755 1374 2895 1427 enim
2938 1383 3096 1438 terra,
3131 1373 3213 1426 in-

1682 1462 1819 1529 quit,
1852 1462 1897 1515 si
1932 1477 2069 1529 aqua
2093 1474 2146 1516 et
2192 1478 2306 1526 aer,
2354 1464 2399 1517 si
2446 1465 2605 1533 ignis,
2631 1464 2853 1530 ferrum,
2905 1480 3130 1529 aurum;
3166 1468 3211 1519 si

1682 1551 1867 1604 vivens
1899 1550 2119 1617 aliquid,
2168 1552 2310 1605 aliud
2359 1563 2654 1614 mortuum,
2704 1553 2750 1605 si
2799 1555 3010 1623 nigrum
3053 1565 3214 1623 atque

1681 1639 1883 1699 album,
1934 1640 1977 1692 si
2026 1640 2128 1692 alia
2168 1648 2294 1694 sunt
2347 1643 2549 1703 omnia,
2609 1657 2727 1709 qua:
2780 1643 2850 1695 ab
2906 1644 3213 1696 hominibus

1683 1743 1805 1780 vere
1833 1742 1952 1782 esse
1985 1727 2270 1783 dicuntur:
2311 1740 2580 1798 postremo
2607 1734 2650 1785 si
2701 1733 2945 1787 videmus
2986 1734 3084 1801 ipsi
3115 1749 3211 1787 au-

1682 1817 1963 1882 dimusque
1994 1826 2169 1882 recte;
2195 1817 2321 1870 illud
2351 1818 2510 1871 etiam
2534 1817 2770 1886 profecto
2794 1818 2943 1886 quod
2992 1830 3074 1872 est
3109 1819 3212 1871 tale

1684 1920 1893 1974 semper
1922 1922 2139 1961 manere
2166 1888 2374 1972 debeat,
2416 1909 2572 1976 quale
2604 1910 2780 1977 primo
2813 1911 2969 1962 nobis
2996 1918 3078 1963 est
3126 1910 3209 1962 vi-

1618 1987 1655 2040 Β
1686 2011 1824 2055 sum,
1855 2011 1952 2049 nec
1983 1996 2180 2049 mutari
2215 1997 2443 2050 subinde
2493 2007 2652 2065 atque
2679 1998 2903 2051 alterum
2954 1998 3088 2061 ﬁeri,
3117 1998 3209 2051 sed

1678 2089 1855 2156 potius
1889 2086 2029 2139 idem
2075 2096 2384 2141 constanter
2413 2102 2533 2142 esse
2577 2089 2835 2157 quidlibet
2865 2090 3006 2157 quod
3038 2091 3202 2145 semel

1676 2188 1777 2231 est.
1838 2177 1997 2246 Atqui
2020 2187 2160 2231 recte
2189 2191 2310 2232 cum
2337 2179 2515 2233 videre
2534 2196 2651 2245 nos,
2687 2189 2797 2233 tum
2830 2183 3012 2235 audire
3042 2182 3203 2235 etiam

1674 2277 1727 2320 et
1761 2262 2051 2341 intelligere
2086 2268 2344 2331 dicimus;
2379 2275 2432 2320 et
2464 2278 2639 2322 tamen
2681 2268 2930 2337 frigidum
2965 2272 3016 2324 id
3053 2272 3211 2341 nobis

1675 2356 1817 2424 quod
1848 2357 2081 2409 calidum
2111 2366 2224 2409 erat
2264 2358 2376 2410 lieri
2424 2350 2653 2419 videtur,
2683 2361 3020 2428 calidumque
3050 2362 3211 2414 vicis-

1675 2448 1774 2500 sim
1826 2445 1968 2515 quod
2026 2456 2142 2500 erat
2189 2445 2462 2516 frigidum,
2502 2450 2853 2519 similiterque
2907 2450 3100 2504 durum
3155 2453 3208 2503 in

1676 2537 1851 2599 molle,
1884 2546 1936 2590 et
1964 2537 2123 2589 molle
2157 2554 2343 2591 rursus
2374 2539 2425 2590 in
2457 2538 2649 2593 durum
2689 2542 2907 2595 mutari.
2945 2540 3067 2595 Haec
3116 2542 3211 2613 igi-

1677 2639 1761 2682 tur
1786 2631 1997 2699 aliaque
2030 2631 2080 2682 id
2104 2646 2273 2698 genus
2322 2633 2715 2700 quamplurima
2765 2649 2886 2687 cum
2928 2650 2959 2688 a
2986 2635 3205 2689 Melisse

1673 2716 1939 2780 dicantur,
1977 2717 2093 2786 jure
2119 2718 2355 2785 profecto
2399 2722 2669 2788 quaasierit
2702 2737 2767 2775 ex
2814 2738 2879 2775 eo
2906 2724 3200 2790 quispiam,

1675 2822 1798 2859 num
1828 2808 1929 2859 hoc
1963 2808 2158 2876 ipsum,
2194 2809 2336 2875 quod
2375 2812 2533 2861 modo
2563 2811 2794 2865 calidum
2816 2821 2918 2875 est,
2953 2812 3204 2879 frigidum

1675 2896 1724 2950 id
1781 2906 1899 2966 post
1951 2898 2168 2952 modum
2219 2899 2673 2963 ﬁeri,-sentiendo
2709 2904 3035 2971 wgnoverit.
3079 2900 3209 2955 Nam

1674 2994 1993 3039 carterorum
2050 2989 2285 3042 omnium
2324 2990 2507 3042 eadem
2566 2991 2719 3058 plane
2764 2992 2902 3045 ratio
2955 3004 3054 3047 est.
3128 2992 3205 3045 Ita

1674 3079 1939 3130 constabit
1966 3080 2185 3132 omnino
2221 3069 2382 3149 quam
2412 3097 2531 3135 vere
2550 3083 2751 3135 dictum
2786 3084 2881 3136 abs
2909 3099 2993 3136 me
3024 3083 3207 3147 fuerit,

1674 3186 1736 3221 eo
1762 3178 1967 3222 tantum
1999 3186 2028 3224 a
2066 3171 2279 3225 Melisso
2321 3172 2431 3225 tolli
2477 3174 2731 3242 carpique
2787 3189 2998 3237 sensus,
3058 3178 3202 3243 quod

1678 3258 1833 3310 ﬁdem
1861 3260 2106 3312 sensibus
2141 3260 2425 3312 maximam
2461 3261 2669 3313 habeat.
2698 3260 2801 3314 Sed
2825 3264 2966 3315 enim
2996 3264 3205 3317 abunde

1678 3350 1869 3415 opinor
1896 3349 2210 3415 castigatum
2259 3367 2287 3403 a
2333 3351 2487 3404 nobis
2528 3362 2609 3404 est
2644 3361 2811 3405 totum
2851 3354 2953 3407 hoc
2997 3356 3213 3409 ratioci-

1678 3437 1837 3488 nandi
1866 3451 2053 3502 genus,
2082 3438 2189 3490 imo
2220 3441 2436 3505 perinde
2477 3441 2587 3509 jam
2622 3443 2871 3507 exolevit,
2907 3460 2969 3497 ac
2995 3445 3040 3498 si
3066 3461 3204 3498 nun-

1677 3546 1835 3598 quam
1869 3531 2084 3598 penitus
2131 3545 2445 3601 usurpatum
2498 3535 2709 3590 fuisset.
2756 3536 2868 3591 Hoc
2903 3553 3030 3606 ergo
3064 3554 3208 3591 nunc

1677 3636 1863 3674 secure
1892 3622 2154 3686 dicamus,
2184 3634 2324 3677 recte
2346 3626 2462 3685 illos
2493 3628 2880 3696 philosophari,
2912 3631 3003 3697 qui
3028 3646 3208 3684 rerum

1678 3710 1730 3761 in
1757 3712 2060 3778 cognitione
2097 3711 2408 3775 haurienda,
2447 3731 2637 3769 sensus
2660 3718 2818 3769 etiam
2849 3734 2969 3771 cum
3000 3723 3208 3775 ratione

1678 3802 2061 3868 eonjungunln
2104 3800 2367 3857 Hactenus
2402 3806 2504 3858 ille.
2549 3806 2707 3861 Tales
2733 3810 2893 3877 igitur
2924 3811 3208 3882 Xenopha-

1680 3890 1762 3942 nis
1796 3898 2090 3942 sectatores
2132 3889 2297 3951 fuere,
2351 3908 2507 3960 quem
2552 3894 2863 3965 Pythagora
2910 3909 2961 3952 et
2992 3903 3207 3954 Anaxa-

1677 3996 1817 4050 gorae
1870 3981 2199 4049 temporibus
2253 3981 2496 4038 ﬂoruisse
2545 3989 2711 4039 aiunt.
2756 3989 2914 4058 758
2942 3989 3071 4043 Nam
3107 3990 3209 4044 Xe-

1678 4073 1941 4141 nophanis
1993 4074 2208 4141 quidem
2258 4076 2467 4128 auditor
2496 4076 2595 4130 fuit
2628 4078 3007 4134 Parmenides:
3065 4082 3208 4135 hunc

1678 4181 1804 4218 vero
1838 4165 2083 4219 Melissus
2116 4166 2338 4227 audivit,
2368 4166 2747 4235 Melissumque
2799 4168 2970 4221 Zeno:
3006 4169 3206 4225 Zenoni

1677 4254 1993 4321 Leucippus,
2031 4254 2299 4321 Leucippo
2352 4255 2703 4320 Democritus,
2749 4258 3048 4313 Democrito
3078 4261 3206 4316 Pro~

1674 4355 1883 4412 tagoras
1917 4354 2075 4411 atque
2110 4343 2304 4397 Nessas
2337 4360 2551 4412 operam
2585 4347 2796 4403 dedere.
2858 4350 2971 4403 Jam
3016 4352 3205 4405 Metro-

1671 4432 1863 4483 dorum
1898 4430 2115 4495 Nessas,
2145 4434 2427 4500 Diogenem
2454 4434 2803 4498 Metrodorus,
2829 4438 3202 4493 Anaxarchum

42 4501 312 4573 Diogenes,
361 4508 688 4580 Pyrrhonem
745 4514 1095 4572 Anaxarchus
1156 4521 1475 4589 discipulum
1545 4524 1749 4578 habuit.
1824 4522 2191 4592 Scepticorum
2262 4526 2465 4595 Pyrrho
2509 4539 2707 4581 sectam
2758 4532 3016 4594 instituit;
3071 4549 3204 4599 quos

41 4597 235 4663 itidem,
284 4604 425 4670 quod
480 4605 615 4658 nihil
654 4608 871 4662 omnino
903 4611 985 4663 vel
1038 4626 1220 4676 sensu,
1286 4612 1367 4665 vel
1406 4615 1613 4669 ratione
1673 4615 2055 4682 comprehendi
2133 4630 2289 4683 posse
2357 4625 2672 4680 statuerent,
2738 4621 3203 4686 assensionemque

39 4709 308 4767 propterea
343 4700 501 4755 rebus
536 4702 588 4754 in
640 4705 887 4758 omnibus
937 4707 1251 4771 inhiberent,
1288 4710 1739 4778 quemadmodum
1809 4710 2094 4763 contrariae
2160 4710 2439 4762 sententiae
2517 4712 2753 4766 vindices
2819 4714 3107 4779 arguerint,
3138 4730 3200 4765 ex

38 4791 213 4845 eodem
241 4792 517 4847 Aristoclis
541 4810 699 4863 opere
727 4798 975 4865 cognosci
1002 4808 1195 4867 potest.
1225 4800 1314 4854 Sic
1350 4803 1492 4855 enim
1532 4805 1595 4855 ad
1625 4803 1846 4856 verbum
1882 4803 1996 4870 ipse
2026 4800 2263 4867 loquitur
2284 4800 2442 4869 (98‘).

536 4909 923 4969 ΚΕΦΑΛΛΙΟΝ
962 4914 1064 4965 IH’.

36 5057 178 5125 ιζρὸς
205 5059 340 5136 τοὺς
364 5061 519 5136 ’κατὰ
539 5064 816 5136 ηύῤῥωα
846 5066 1200 5136 Σκεπτικόὺς
1216 5108 1228 5128 ,
1281 5067 1407 5134 ἤτοι
1431 5070 1563 5136 ἐφε-

99 5129 333 5211 κτικοὺς
350 5130 791 5211 ἐπικληθέτςτας,
805 5129 1394 5211 μηδὲν-Μίαληπὲόν
1412 5129 1561 5193 sirm

101 5197 615 5266 ἀποφηναμένους.
645 5202 772 5254 Ἀπὸ
808 5197 913 5254 τοῦ
947 5202 1145 5255 αὐτοῦ.

105 5346 121 5375 ι
160 5328 488 5395 ’Δναγκαιως
510 5330 673 5400 (99)δ⁴
696 5330 803 5401 ἔχει
830 5334 931 5403 πρὸ
958 5337 1151 5397 παντὸς
1175 5336 1558 5408 διασκέψασθαι

39 5421 153 5487 περὶ
188 5418 287 5488 τῆς
331 5420 483 5489 ἡμῶν
536 5422 710 5475 αὐτῶν
754 5413 1017 5492 γνώσεως.
1052 5429 1111 5478 El
1159 5428 1264 5498 γὰρ
1298 5427 1363 5482 αὖ
1398 5434 1559 5501 μηδὲν

40 5508 343 5579 πεφύκαμεν
365 5511 665 5577 γνωρίζειν,
713 5514 857 5567 οὐδὲν
887 5515 965 5566 ἔτι
994 5516 1071 5568 δεῖ
1103 5520 1228 5587 περὶ
1258 5520 1365 5573 τῶν
1386 5522 1556 5576 ἄλλων

38 5605 264 5656 σκοπεῖν.
302 5600 571 5669 Ἐγένοντο
610 5604 705 5669 μὲν
732 5602 824 5657 οὖν
860 5611 948 5658 καὶ
988 5608 1091 5659 τῶν
1121 5610 1283 5663 πάλαι
1315 5614 1472 5679 τινὲς,
1510 5616 1558 5666 οἱ

100 5756 206 5827 (9η
243 5757 401 5827 forte
435 5753 786 5827 ἀποδεικνύει.

103 5822 203 5895 (98)
240 5826 398 5880 Forte
420 5822 727 5895 ἐλέχθησαν.

105 5894 227 5969 (98')
250 5895 349 5953 Hic
378 5897 574 5953 desinit
603 5894 941 5973 Trapezuntii
966 5900 1157 5956 verbio.

2202 4916 2428 4970 CAPUT
2474 4917 2647 4969 XVIII.

1673 5029 1926 5100 Adyersus
1979 5044 2155 5079 eorum
2203 5030 2651 5100 philosophorum_
2676 5038 2865 5080 sectam
2892 5072 2904 5093 ,
2959 5034 3198 5100 quiquod

1740 5097 2059 5166 Pyrrhonem
2086 5102 2248 5150 secuti
2278 5100 2407 5150 nihil
2431 5098 2785 5164 comprehendi
2825 5097 2975 5166 posse
2999 5097 3197 5153 sta-tue-

1738 5164 1865 5228 rint,
1900 5164 2141 5233 Sceptici,
2170 5182 2215 5219 et
2248 5183 2511 5219 assensum
2539 5164 2832 5221 inhibentes?
2855 5174 3021 5222 vocati
3058 5182 3194 5222 sunt.

1736 5235 1820 5286 Ex
1848 5236 2024 5287 eodem
2054 5237 2327 5290 Aristocle.

1742 5364 1758 5395 ε
1788 5344 2016 5401 Necesse
2039 5359 2139 5414 est,
2175 5350 2346 5416 inquit
2400 5348 2507 5412 ille,
2539 5352 2859 5417 cognitionis
2893 5360 3083 5404 nostrae
3112 5367 3193 5403 ra-

1664 5438 1862 5491 tionem
1890 5447 2013 5493 ante
2043 5440 2223 5507 omnia
2262 5438 2556 5493 videamus.
2598 5440 2729 5493 Nam
2769 5442 2811 5495 si
2847 5442 3192 5509 cognoscendi

1663 5530 1766 5580 vim
1790 5542 1819 5579 a
1844 5537 2032 5581 natura
2068 5531 2265 5582 nullam
2289 5530 2596 5597 accepimus
2614 5572 2629 5595 ,
2652 5518 2962 5585 omittamus
2986 5530 3106 5584 licet
3130 5536 3191 5586 de

1663 5620 1781 5672 aliis
1830 5635 2090 5687 quzerere.
2127 5618 2512 5673 Nonnullorum
2540 5631 2681 5675 certe
2708 5622 2831 5693 olim
2857 5637 2959 5674 vox
2982 5637 3041 5673 ea
3070 5620 3188 5688 fuit,

1726 5770 1833 5836 (99)
1883 5770 2253 5837 Ἀναγκαὶωᾳ
2293 5770 2514 5826 Subtilis
2540 5788 2601 5825 ac
2633 5773 2798 5824 solida
2826 5780 2905 5824 est
2938 5782 3045 5826 tota
3079 5777 3188 5830 haec

1655 5841 1723 5892 ab
1750 5840 2010 5909 Aristoele
2035 5849 2221 5894 contra
2251 5839 2520 5910 Scepticos
2551 5852 2794 5910 suscepta
2824 5842 3132 5912 disputatio.
