4010 6342
8 421 130 475 ι249

1156 417 1469 473 ιιιικεΡΑΙι.
1513 415 1757 470 EVANG.
1796 414 1921 469 LIB.
1965 413 2102 470 XIV.

3052 408 3187 463 1250

8 539 219 606 ἱπειρι,
248 538 361 590 οὐδ’
397 538 531 603 ὅλως
560 540 624 591 ἂν
655 539 736 609 εἴη
767 538 914 607 λόγος
938 539 1070 609 πρὸς
1098 540 1283 590 αυτόν
1321 538 1547 605 ἀπείρου
1579 599 1584 611 Α

1651 542 1941 601 quiescent,
1968 533 2110 586 nulla
2144 546 2266 584 cum
2300 530 2364 584 iis
2412 526 2920 595 futura-disputatio
2948 534 3028 579 est
3060 544 3073 577 :
3102 526 3187 577 sin

8 630 99 696 rip
130 629 348 695 γνῶσις
380 632 476 683 οὐκ
511 632 621 683 ἔστι
646 649 659 661 ·
704 630 1121 701 πεπερασμένων
1148 630 1203 681 δὲ
1245 630 1409 680 ὄντων
1444 628 1550 679 τῶν

8 719 369 788 ίηλουμένων,
398 723 429 790 ἢ
453 722 566 784 ἑνὸς
587 723 821 783 ὁτουοῦν,
841 724 871 774 ό
894 721 1047 773 τοῦτο
1078 720 1270 787 λέγων,
1305 720 1471 789 ὁρίζει
1500 737 1549 771 τι

8 810 83 859 ml.
115 810 325 879 κρίνει.
360 812 478 875 Πῶς
513 810 606 864 οὖν
634 812 877 880 ἄγνωστα
906 814 996 863 καὶ
1022 812 1339 882 ἁνεπίκριτα
1378 812 1550 863 πάντα

8 899 77 966 εἴη
110 897 215 962 av;
282 901 426 952 Είδὲ
456 902 585 972 φαίη
613 900 777 955 ταῦτα
824 904 913 954 καί
958 898 1094 953 εἶναι
1150 903 1241 953 καὶ
1289 902 1361 971 μὴ
1392 897 1546 963 εἶναι,

8 988 216 1057 πρῶτον
266 990 370 1059 μὲν
420 991 567 1045 ἔσται
616 993 774 1045 ταῦτὸ
807 994 895 1045 καὶ
943 992 1137 1060 ἀληθὲς
1182 993 1271 1044 καὶ
1326 990 1549 1059 ψεῦδος·

8 1080 187 1131 ἔπειτα
228 1079 291 1131 δὲ
316 1082 431 1151 ἐρεῖ
460 1100 507 1134 τι
546 1084 635 1135 καὶ
666 1084 762 1135 οὐκ
801 1086 930 1154 ὲρεί,
960 1085 1050 1136 καὶ
1088 1083 1145 1135 λό
1160 1101 1227 1152 γῳ
1256 1082 1548 1153 χρώμενος,

8 1173 297 1239 ἐναιρήσει
338 1172 511 1238 λόγον.
565 1176 682 1226 Ἔτι
732 1174 787 1226 δὲ
817 1174 1085 1245 ὁμολογῶν
1110 1173 1419 1242 ψεύδεσθαι,
1460 1191 1549 1226 πι-

8 1260 210 1313 στεύειν
243 1262 424 1332 ἑαυτῷ
447 1280 575 1332 φησι
609 1264 736 1319 δεῖν.
771 1266 947 1330 Ἄξιον
979 1266 1033 1317 δὲ
1094 1266 1339 1335 ζητῆσαι,
1394 1264 1551 1317 πόθεν

8 1352 87 1404 καὶ
117 1352 412 1421 μαθόντες,
445 1355 608 1425 ἄδηλα
638 1356 808 1408 πάντα
835 1359 991 1425 φασὶν
1018 1354 1172 1409 εἶναι.
1216 1358 1302 1407 As!
1334 1357 1439 1426 γὰρ
1471 1357 1550 1409 εί-

8 1442 138 1495 Βέναι
170 1445 444 1513 πρότερον
460 1446 669 1509 αὐτοὺς,
700 1446 748 1497 τί
775 1447 955 1516 δήποτ’
983 1446 1094 1499 ἐστὶ
1115 1446 1174 1499 τὸ
1199 1447 1352 1515 δῆλον
1372 1462 1387 1475 ⁸
1412 1446 1552 1500 οὕτω

8 1532 126 1597 γοῦν
160 1533 230 1585 ἂν
254 1535 430 1603 ἔχοιεν
455 1536 646 1603 λέγειν,
676 1536 744 1598 ὥς
775 1540 870 1589 οὐκ
908 1536 989 1605 εἴη
1023 1536 1088 1588 τὰ
1119 1538 1408 1605 πράγματα
1444 1553 1553 1589 τοι·

8 1623 153 1675 αὕτα.
192 1625 423 1694 Πρῶτον
455 1626 559 1697 γὰρ
592 1626 781 1679 ειδέναι
814 1628 913 1697 χρὴ
938 1629 1031 1698 τὴν
1070 1630 1370 1696 κατάφασιν
1397 1668 1408 1687 ,
1438 1623 1552 1680 εἶτα

8 1716 94 1783 τὴν
116 1716 417 1785 ἀπόφασιν.
466 1720 525 1770 El
558 1719 612 1771 δὲ
641 1720 915 1787 ἀγνοοῦσιν
944 1720 1119 1772 ὁποῖόν
1147 1722 1259 1772 ὲστι
1292 1720 1349 1771 τὸ
1377 1719 1548 1789 δῆλον.

8 1817 96 1866 οὐκ
126 1818 193 1868 ἂν
246 1818 439 1871 εἰδεῖεν
492 1818 607 1871 οὐδὲ
640 1822 691 1872 τί
742 1820 802 1873 τὸ
832 1820 1037 1890 ἄδηλον.
1085 1820 1313 1873 Ὀπόταν
1336 1836 1397 1886 γε
1448 1820 1553 1888 μὴν

8 1906 373 1976 Μνησίδημος
402 1910 456 1958 ὲν
482 1912 544 1978 τῇ
568 1909 900 1961 ὑποτυπώσει
920 1912 1041 1972 τοὺς
1065 1909 1217 1960 ἐννέα
1238 1908 1404 1980 διεξίῃ
1431 1908 1550 1977 τρό-
1579 1914 1621 1967 Β

8 2013 132 2059 πους
166 1996 356 2066 (κατὰ
405 2000 684 2063 τοσούτους
738 2000 843 2072 γὰρ
900 2001 1213 2068 ἀποφαίνειν
1263 1999 1427 2070 ἄδηλα
1483 1999 1547 2052 τὰ

12 2090 308 2157 πράγματα
343 2090 686 2159 πεπείραται)
708 2107 719 2118 ·
750 2091 968 2162 πότερον
991 2090 1147 2143 αὑτὸν
1170 2090 1351 2159 φῶμεν
1379 2090 1550 2142 είδότα

8 2190 177 2257 λέγειν
207 2192 428 2253 αὐτοὺς,
464 2192 496 2262 ἢ
530 2192 849 2259 ἀγνοοῦντας
898 2194 1032 2261 Φησὶ
1065 2194 1190 2262 γὰρ,
1237 2194 1315 2245 ὃτι
1344 2194 1411 2244 τὰ
1439 2189 1549 2255 ζῶα

11 2282 273 2352 διαφέρει,
299 2284 391 2336 καὶ
422 2284 577 2353 ἡμεῖς
603 2286 774 2346 αὐτοὶ,
793 2286 882 2336 καὶ
914 2287 968 2337 αἱ
991 2284 1187 2347 πόλεις,
1225 2286 1314 2337 καὶ
1352 2287 1399 2337 οἱ
1426 2285 1547 2354 βίοι,

14 2375 95 2423 καὶ
127 2373 196 2424 τὰ
229 2373 353 2443 ἔθη,
388 2375 478 2426 καὶ
508 2376 555 2425 oi
594 2375 761 2443 νόμοι.
801 2376 904 2427 Καὶ
933 2376 1028 2439 τὰς
1049 2376 1321 2447 αἰσθήσεις
1362 2378 1417 2429 δέ
1454 2395 1552 2447 φη-

18 2480 89 2513 σιν
121 2466 149 2531 ἡ
159 2462 281 2531 μῶν
318 2463 554 2527 ἀσθενεῖς
582 2462 748 2528 εἶναι,
788 2466 879 2518 καὶ
908 2466 1072 2519 πολλά
1112 2466 1181 2519 τὰ
1237 2468 1430 2532 ἔξωθεν
1460 2468 1550 2519 λυ-

19 2556 314 2623 μαινόμενα,
371 2556 465 2624 τὴν
503 2556 718 2625 γνῶσιν,
776 2558 1148 2627 ἀποστήματα,
1210 2560 1297 2609 καὶ
1327 2557 1547 2627 μεγέθη,

20 2645 99 2693 καί
128 2647 373 2715 κινήσεις
392 2664 404 2675 ·
442 2646 521 2699 ἔτι
552 2646 607 2699 δὲ
634 2648 692 2699 τὸ
727 2649 799 2716 μὴ
828 2650 1021 2718 ὁμοίως
1058 2647 1351 2702 διακεῖσθαι
1403 2647 1551 2708 νέους

18 2734 99 2783 καί
137 2735 559 2807 πρεσϐυτέρους,
600 2739 691 2789 καὶ
720 2740 1076 2809 ἐγρηγορότας
1134 2739 1223 2791 καὶ
1277 2738 1549 2807 κοιμωμέ-

20 2842 147 2886 νους,
210 2826 312 2877 καὶ
371 2827 697 2894 ὑγιαίνοντας
756 2830 845 2883 καὶ
896 2830 1211 2893 νοσοῦντας·
1257 2830 1463 2893 οὐδενός
1496 2848 1550 2883 τε

21 2916 151 2981 ἡμᾶς
178 2916 356 2969 ἁττλοῦ
390 2919 478 2970 καὶ
505 2920 826 2989 ἀκραιφνοῦς
857 2920 1552 2989 ἀντι).αμ6άνεσθαι.Πάντα

22 3014 117 3073 γὰρ
147 3002 291 3058 εἷναι
317 3010 704 3078 συγκεχυμένα,
731 3011 821 3062 καὶ
852 3012 982 3081 πρός
997 3028 1047 3062 τι
1075 3011 1355 3081 λεγόμενα.
1374 3011 1552 3063 Ταῦτα

21 3096 86 3157 δὲ,
145 3100 314 3167 φημὶ,
371 3102 464 3153 καὶ
500 3102 567 3153 τὰ
617 3102 831 3156 τοιαῦτα
898 3104 1323 3173 κομψολογοῦντα
1374 3105 1549 3165 αὐτὸν,

28 3184 177 3252 ἡδέως
206 3188 273 3240 ἂν
301 3205 382 3251 τις
412 3189 583 3258 εἴρετο
602 3208 613 3218 ·
654 3192 882 3261 Πότερον
911 3188 966 3244 εὖ
1016 3192 1166 3254 εἰδὼς
1211 3192 1353 3259 λέγοι
1381 3231 1394 3255 ,
1422 3192 1550 3244 διότι

26 3276 81 3324 τὰ
118 3278 415 3345 πράγματα
453 3280 641 3353 τοῦτον
685 3280 792 3349 ἔχει
844 3281 930 3333 τὸν
976 3282 1190 3352 τρόπον,
1247 3282 1547 3350 ﬂavi/06w;

30 3365 80 3413 Εἰ
110 3367 203 3432 μὲν
231 3369 341 3436 γὰρ
372 3369 471 3420 οὐκ
503 3369 634 3438 ᾔδει,
670 3368 781 3432 πῶς
813 3370 878 3422 ἂν
904 3372 1059 3439 ἡμεῖς
1105 3368 1248 3438 αὑτῷ
1282 3370 1550 3423 πιστεύοι-

31 3473 117 3519 μεν
139 3473 151 3518 ;
177 3461 223 3508 εί
252 3458 301 3510 δ’
321 3458 587 3524 ΐγίνωσκε
616 3460 713 3526 (1),
739 3460 925 3529 κομιδῇ
964 3477 1044 3520 τις
1080 3456 1146 3530 ἦν
1179 3460 1397 3527 ἠλίθιος,
1437 3460 1552 3529 ἅμα

31 3548 117 3615 μὲν
141 3548 313 3618 ἄδηλα
342 3551 513 3602 πάντα
557 3546 1003 3619 ἀποφαινόμενος,
1044 3552 1155 3620 ἅμα
1211 3552 1264 3603 δὲ
1321 3552 1552 3604 τοσαῦτα

30 3650 184 3717 λέγων
233 3652 445 3705 ειδέναι.
486 3655 593 3706 Καὶ
647 3654 749 3723 μὴν
779 3634 933 3707 ὁπότε
965 3672 1026 3722 γε
1075 3656 1141 3707 τὰ
1180 3656 1397 3707 τοιαῦτα
1449 3655 1552 3707 διε-

34 3740 197 3803 ξίοιεν,
220 3744 370 3795 οὐδὲν
396 3744 560 3814 ἀλλ’ἢ
594 3748 877 3817 ἐπαγωγὴν
908 3764 1026 3799 τινα
1058 3748 1287 3814 λέγουσι,
1317 3748 1552 3799 δεικνύν-

32 3848 111 3893 τες
141 3836 278 3886 ὁποῖ’
303 3835 438 3887 ἄττα
466 3836 548 3903 εῐη
574 3836 640 3887 τὰ
674 3838 962 3905 φαινόμενα
986 3840 1078 3889 καὶ
1095 3839 1158 3889 τὰ
1188 3838 1304 3889 καθ’
1330 3837 1547 3890 ικαστα.

34 3921 97 3972 Τὸ
131 3922 185 3974 δι
216 3924 421 3977 τοιοῦτο
454 3926 544 3977 καὶ
573 3925 685 3977 εστι
717 3927 807 3977 καὶ
853 3926 1060 3993 λέγεται
1115 3928 1310 3989 πίστις.
1345 3929 1405 3980 ει
1456 3929 1552 3996 μὲν

34 4007 115 4060 οὖν
148 4015 284 4084 αὐτῇ
324 4004 814 4082 συγκατατίθενται.
871 4014 1024 4083 δῆλον
1074 4016 1154 4066 ὅτι
1212 4015 1548 4079 δοξάζουσινο

36 4102 138 4153 τίδ’
165 4106 226 4156 οὐ
256 4105 616 4169 πιστεύουσιν,
652 4106 755 4159 οὐδ’
778 4105 844 4158 ἂν
881 4107 1035 4175 ἡμεῖς
1060 4108 1412 4177 προσέχοιμεν
1454 4108 1552 4160 αὑ·-

37 4196 152 4255 τοίς.
189 4197 258 4248 Ὅ
282 4213 345 4263 γε
373 4198 477 4266 μὴν
514 4197 694 4267 Τίμων
720 4200 776 4250 ὲν
806 4196 883 4267 τῷ
911 4199 1135 4250 Πύθωνι
1162 4200 1420 4268 διηγεῖται
1453 4217 1553 4270 μα-

39 4282 159 4350 κράν
182 4302 300 4337 τινα
325 4289 639 4351 κατατείνας
662 4288 832 4355 λόγον,
868 4290 941 4351 ὡς
971 4289 1173 4357 ἐντύχοι
1201 4290 1276 4358 τῷ
1306 4292 1552 4362 Πύρῤωνι

42 4383 289 4450 βαδίζοντι
342 4388 580 4451 Πυθοῖδε,
613 4389 759 4460 παρὰ
789 4390 849 4442 τὸ
886 4389 1022 4459 ἱερὸν
1048 4390 1142 4441 τοῦ
1198 4392 1550 4461 Ἀμφιαράου,

44 4492 125 4542 καὶ
151 4491 265 4544 τίνα
294 4491 610 4561 διαλεχθεῐεν
634 4494 891 4565 ἀλλήλοις.
925 4492 1047 4567 'Ap‘
1081 4496 1177 4549 οὐκ
1213 4495 1444 4563 εὐλόγως
1490 4498 1552 4550 ἄν

1648 625 1825 677 dicent
1880 623 2079 692 aliquid
2122 640 2136 675 :
2172 622 2249 675 vel
2299 634 2417 674 esse
2445 617 2719 686 quiddam,
2776 617 2852 669 vel
2908 630 3013 668 non
3066 628 3185 667 esse

1649 717 1869 767 omnino
1907 714 2103 767 dicturi
2157 720 2326 767 sunt:
2376 708 2824 778 quemadmodum
2875 707 3060 774 utique
3090 706 3186 758 ob-

1649 820 1804 857 scura
1828 818 1945 857 esse
1974 802 2185 857 cunctis
2224 803 2473 855 universa
2508 814 2649 853 nunc
2684 799 2891 856 dicunt.
2932 806 3093 864 atque
3130 796 3183 847 in

1649 895 1760 946 sola
1794 894 2049 959 opinione
2092 892 2285 961 posita,
2320 899 2504 944 notum
2556 904 2675 942 esse
2715 889 2865 941 nihil.
2896 884 3062 939 Porro
3090 884 3185 954 qui

1650 982 1813 1035 sumit
1842 980 2078 1048 aliquid,
2103 989 2196 1033 aut
2230 994 2343 1033 rem
2377 978 2518 1032 illam
2541 978 2619 1031 sic
2648 979 2839 1045 api-rit,
2871 986 2923 1030 ut
2964 976 3183 1046 intelligi

1648 1073 1773 1125 dum
1795 1073 2092 1139 explicatur
2115 1086 2175 1123 ea
2218 1072 2417 1138 possit,
2451 1078 2541 1122 aut
2594 1069 2876 1122 obscuram
2910 1069 3087 1136 potius
3132 1077 3186 1122 et

1650 1161 1881 1229 ignotam
1915 1159 2190 1226 relinquit.
2224 1158 2281 1211 Si
2314 1173 2417 1212 non
2458 1158 2683 1225 aperiet,
2722 1172 2786 1209 ne
2822 1165 2932 1210 tum
2964 1158 3179 1224 quidem

1650 1251 1755 1303 ulla
1795 1265 1915 1303 cum
1944 1264 2009 1303 eo
2039 1248 2217 1302 futura
2241 1248 2533 1317 disputatio
2575 1256 2677 1301 est.
2713 1247 2872 1317 760
2894 1246 2987 1300 Sin
3011 1248 3185 1315 expli-

1649 1339 1793 1392 cabit
1838 1338 2060 1406 aliquid,
2106 1353 2327 1406 prorsus
2373 1348 2464 1390 aut
2507 1336 2711 1389 inllnita
2760 1336 2918 1399 dicet,
2952 1345 3044 1389 aut
3072 1336 3185 1390 suis

1649 1428 1971 1497 quibusdam
2003 1427 2198 1481 llnibus
2219 1428 2649 1494 circumscripta.
2683 1424 2835 1490 Quod
2872 1428 2917 1479 si
2956 1426 3183 1487 inﬁnita,

1651 1534 1838 1572 rursus
1887 1533 2099 1571 omnem
2156 1534 2336 1571 secum
2392 1517 2579 1587 agendi
2632 1516 2934 1570 facultatem
2976 1517 3184 1584 eripiet,

1649 1612 1789 1678 quod
1820 1610 2007 1663 intiniti
2043 1612 2277 1679 cngnitio
2320 1612 2462 1664 nulla
2501 1625 2623 1665 esse
2652 1612 2841 1679 possit.
2870 1613 2935 1664 At
2962 1611 3008 1665 si
3038 1611 3186 1664 ﬁnita

1651 1698 1919 1768 quaedam,
1958 1708 2054 1753 aut
2072 1702 2233 1753 etiam
2271 1716 2434 1752 unum
2462 1700 2662 1768 aliquid
2691 1701 2925 1768 aperiet;
2958 1701 3047 1769 qui
3081 1700 3183 1755 hoc

1651 1782 1834 1853 faciat,
1862 1786 2082 1841 deﬁniat
2108 1786 2248 1842 idem
2269 1788 2491 1857 aliquid,
2503 1788 2810 1855 judicetque
2839 1802 3060 1842 necesse
3079 1798 3180 1842 est.

1651 1874 1880 1940 Quinam
1923 1877 2085 1946 igitur
2132 1878 2361 1931 obscura
2413 1877 2591 1931 omnia
2644 1887 2695 1930 et
2734 1877 3035 1945 promiscua
3067 1892 3187 1931 esse

1648 1967 1890 2035 possint?
1918 1964 2033 2019 Jam
2069 1982 2215 2031 vero,
2246 1968 2289 2022 si
2319 1968 2502 2025 eadem
2529 1983 2647 2022 esse
2672 1968 2830 2021 simul
2856 1983 2916 2021 ac
2938 1982 3041 2020 non
3068 1982 3188 2022 esse

1648 2056 1789 2110 dicet
1822 2078 1833 2109 :
1856 2059 2085 2124 primum
2113 2058 2327 2125 quidem
2354 2073 2535 2111 verum
2559 2058 2716 2110 simul
2742 2057 2877 2111 idem
2904 2074 2965 2111 ac
2992 2057 3182 2112 falsum

1648 2146 1750 2198 erit
1778 2164 1789 2196 :
1818 2145 2010 2199 deinde
2048 2146 2247 2215 aliquid
2281 2145 2393 2215 ipse
2426 2146 2587 2210 dicet,
2639 2146 2881 2214 dicetque
2914 2146 3064 2208 nihil,
3104 2157 3186 2200 at-

1649 2250 1753 2302 que
1784 2235 1855 2287 ita
1887 2234 2462 2295 orationem.oratione
2491 2236 2615 2288 dum
2642 2243 2837 2295 utetur,
2860 2238 3183 2306 exstinguit,

1649 2322 1934 2387 Praeterea,
1963 2339 2055 2393 qui
2082 2338 2139 2377 se
2178 2322 2372 2377 falsum
2397 2323 2575 2377 dicere
2617 2323 2881 2389 fateatur,
2914 2325 3049 2379 idem
3082 2328 3180 2381 sibi

1650 2414 1805 2467 ﬁdem
1855 2413 2039 2467 haberi
2072 2414 2201 2466 vult.
2233 2412 2348 2466 Jam
2397 2428 2543 2476 vero,
2599 2414 2763 2483 quaeri
2802 2416 2957 2468 etiam
2984 2431 3044 2469 ex
3079 2418 3182 2472 illis

1650 2505 1860 2574 poterit,
1894 2504 2032 2557 unde
2068 2505 2279 2558 tandem
2323 2504 2521 2557 incerta
2558 2519 2676 2559 esse
2707 2505 2953 2559 universa
2982 2506 3183 2563 didicec

1649 2594 1794 2647 rintl
1825 2593 1981 2648 Prius
2002 2596 2143 2648 enim
2187 2595 2314 2663 quid
2362 2595 2490 2648 illud
2524 2596 2592 2649 sit
2618 2611 2759 2665 quoa
2792 2606 2994 2651 certum
3028 2616 3183 2654 voca-

1651 2694 1757 2747 tur,
1792 2700 1948 2739 nosse
1976 2684 2202 2750 debent;
2231 2695 2451 2753 tumque
2479 2685 2693 2738 demum
2719 2728 2735 2751 ,
2782 2687 2988 2754 ejusmo
3010 2690 3047 2745 li
3077 2705 3185 2744 non
3224 2756 3225 2759 η

1649 2790 1767 2829 esse
1794 2777 1971 2830 omnia
1998 2784 2233 2829 statuere
2267 2786 2515 2844 poterunt
2545 2793 2559 2830 :
2589 2776 2957 2833 aﬂirmationis
2987 2782 3186 2849 quippe

1652 2866 1840 2918 notitia
1891 2867 2187 2935 negationis
2228 2868 2589 2935 cognitionem
2647 2870 2929 2923 antecedit.
2984 2869 3085 2935 Qui
3139 2872 3185 2925 si

1652 2955 1826 3008 minus
1855 2955 1983 3023 quid
2015 2964 2219 3010 certum
2254 2956 2323 3008 sit
2363 2957 2629 3020 noverint,
2667 2973 2733 3010 ne
2763 2958 3025 3012 incertum
3050 2947 3187 3029 qui-

1651 3047 1769 3099 dem
1800 3046 1871 3099 illi
1917 3047 2044 3115 quid
2096 3047 2166 3099 sit
2200 3060 2358 3099 nosse
2399 3056 2665 3115 poterunt.
2710 3047 2993 3103 Enimvero
3044 3066 3168 3105 cun

1654 3136 2035 3191 Enesidemus
2064 3138 2115 3189 in
2151 3152 2245 3189 sua
2272 3137 2380 3202 illa,
2415 3126 2572 3206 quam
2605 3138 2925 3194 informabat
2961 3142 3185 3212 hypoty-

1578 3238 1623 3299 ο
1654 3227 1791 3295 posi,
1810 3242 2001 3280 novem
2028 3227 2246 3280 omnino
2271 3226 2457 3279 modos
2480 3239 2768 3296 exponeret
2792 3230 3027 3297 (totidem
3043 3235 3184 3285 enim

1650 3332 1810 3385 quam
1858 3316 2057 3371 incerta
2106 3317 2213 3371 sint
2256 3318 2434 3371 omnia
2495 3319 2767 3375 declarare
2830 3323 3183 3391 conabatur),

1651 3415 1827 3457 utrum
1851 3405 2067 3458 eosdem
2121 3414 2277 3459 norat
2310 3407 2423 3475 ipse
2453 3407 2543 3475 qui
2593 3410 2813 3474 diceret,
2860 3427 2925 3465 an
2969 3412 3173 3481 ignora-

1650 3496 1776 3549 bat?
1802 3495 1932 3548 Nam
1979 3495 2026 3548 is
2059 3498 2275 3565 quidem
2306 3500 2357 3552 in
2405 3501 2788 3567 animantibus,
2819 3503 2923 3555 imo
2946 3505 3101 3556 etiam
3132 3512 3185 3559 et

1649 3586 1701 3639 in
1731 3587 1884 3641 nobis
1916 3587 2065 3656 ipsis,
2095 3589 2336 3656 urbibus,
2370 3591 2648 3655 institutis,
2681 3592 2922 3645 moribus
2958 3609 3020 3647 ac
3055 3595 3183 3664 legi-

1651 3681 1749 3733 bus
1788 3679 2076 3733 discrimen
2120 3682 2361 3749 agnescit
2391 3701 2403 3734 :
2441 3683 2579 3736 idem
2613 3698 2735 3738 vero
2761 3696 2811 3739 et
2846 3686 3084 3741 inﬁrmos
3110 3689 3185 3742 ait

1654 3786 1845 3825 sensus
1877 3785 1994 3823 esse
2022 3779 2255 3829 nostros.
2289 3782 2341 3825 et
2372 3772 2597 3836 plurima
2633 3791 2751 3844 qua:
2777 3780 3066 3846 cognitioni
3097 3768 3183 3836 ex-

1650 3862 1914 3915 trinsecus
1934 3860 2165 3915 olliciant
2189 3863 2563 3931 impedimenta
2587 3878 2993 3939 commemorat,
3021 3874 3177 3928 inter-

1657 3956 1815 4020 valla,
1840 3957 2252 4023 magnitudines,
2287 3968 2483 4026 motus,
2514 3961 2767 4029 juvenum
2794 3976 2953 4035 atque
2971 3982 3180 4033 senum,

1649 4049 1977 4117 vigilantium
2012 4058 2064 4101 et
2087 4050 2489 4120 dormientium,
2528 4054 2816 4109 valentium
2844 4068 3176 4129 etaegrotan-

1650 4137 1778 4190 tium
1803 4138 2093 4194 dissimiles
2130 4140 2371 4210 aliosque
2421 4158 2651 4212 sensus;
2697 4161 2875 4201 rerum
2918 4147 3043 4202 dum
3088 4166 3181 4206 eas

1648 4229 1990 4297 percipimus,
2016 4230 2156 4297 quod
2192 4232 2460 4299 permista:
2485 4234 2593 4287 sint
2614 4251 2822 4300 omnes,
2856 4245 2909 4290 et
2935 4254 3055 4293 cum
3078 4241 3179 4294 ali-

1650 4334 1756 4388 quo
1785 4334 1990 4387 semper
2018 4317 2080 4371 ad
2128 4320 2269 4374 aliud
2304 4323 2431 4390 quid
2464 4325 2650 4377 ordine
2682 4326 3042 4397 proferantur,
3072 4334 3181 4385 sin-

1650 4424 1831 4464 cerum
1889 4424 2159 4476 nunquam
2198 4411 2614 4481 simplicemque
2654 4415 2877 4472 vultum.
2922 4416 3064 4485 llaec,
3096 4422 3178 4473 in-

1650 4514 1831 4566 quam,
1863 4497 1948 4550 ille
1975 4506 2271 4567 cazteraque
2306 4499 2355 4552 id
2402 4516 2568 4569 genus
2620 4502 2746 4557 dum
2795 4510 3069 4579 magniﬁce
3098 4512 3176 4565 lo-

44 4597 114 4643 τις
137 4583 278 4653 αὑτῷ
300 4584 467 4637 ταῦτα
496 4584 850 4654 συγγράφοντι
874 4588 1145 4658 παραστὰς
1175 4587 1311 4639 είποι
1332 4628 1345 4651 ,
1376 4589 1458 4649 Τί,
1510 4584 1554 4642 ὦ

1655 4592 1853 4658 quitur,
1888 4597 2088 4655 quaerat
2117 4604 2180 4642 ex
2212 4592 2275 4642 eo
2310 4590 2432 4658 jure
2455 4593 2744 4663 quispiam,
2774 4599 2912 4653 sitne
2955 4600 3064 4654 haec
3091 4603 3181 4655 ho-

47 4671 249 4742 πονηρὲ,
289 4671 517 4751 ἐνοχλεῖς
550 4671 754 4742 σεαυτῷ
794 4673 961 4729 ταῦτα
1005 4678 1325 4748 συγγράφων
1350 4715 1364 4739 ,
1398 4677 1488 4729 καὶ

50 4758 115 4836 μὴ
133 4756 283 4815 οἶσθα
307 4759 681 4831 διηγούμενος
706 4760 772 4813 Τί
800 4758 904 4833 ᾒρ
929 4765 1122 4833 μᾶλλον
1136 4766 1379 4834 ἐνέτυχες
1409 4764 1557 4834 αὐτῷ

49 4852 129 4902 καὶ
155 4850 461 4924 διηλιχθης,
495 4852 527 4923 ἢ
577 4853 635 4907 οὑ
665 4853 973 4924 unum“
1011 4856 1177 4919 Αὐτός
1208 4872 1263 4909 τε
1300 4859 1497 4917 ἐκεῖνος
1527 4858 1555 4909 ό

50 4938 333 5010 θαυμαστὸς
358 4946 601 5015 Πύρρων,
650 4940 758 5015 ἆρά
786 4961 847 5013 γε
883 4944 996 5014 ᾔδει
1033 4946 1093 4998 τὸ
1142 4946 1228 4998 διὰ
1255 4948 1305 4998 τί
1356 4945 1555 5015 βαδίζοι

52 5030 210 5085 Πύθια
227 5034 577 5104 θεασόμενος;
611 5033 911 5103 ἥκαθάπερ
947 5033 996 5084 ol
1032 5034 1325 5103 μεμηνότες
1348 5072 1361 5094 ,
1396 5034 1557 5087 ἔπλα-

54 5120 164 5173 rho
182 5123 317 5177 κατὰ
336 5127 433 5195 τὴν
451 5125 597 5189 ὁδόνς
624 5124 809 5178 Ἠνίκα
824 5126 879 5177 δὲ
900 5124 1093 5195 ἤρξατο
1116 5130 1428 5195 κατηγορεῖν
1451 5126 1556 5180 τῶν

54 5212 327 5282 ἀνθρώπων
351 5217 559 5289 καὶτῆς
581 5219 796 5285 ἀγνοίας
818 5197 1008 5279 αὖτῶν,
1044 5214 1151 5287 ἆρά
1171 5234 1231 5285 γε
1258 5216 1439 5286 φῶμεν
1463 5220 1557 5269 αὑ-

56 5303 132 5353 τὸν
154 5304 317 5376 ἀληθῆ
368 5306 561 5373 λέγειν,
612 5307 645 5377 ἢ
680 5309 751 5377 μή
776 5323 790 5371 ;
820 5302 961 5377 Ἀρά
1019 5323 1071 5372 γε
1104 5306 1194 5357 καὶ
1226 5305 1311 5356 τὸν
1343 5304 1556 5372 Τίμωνα

58 5390 224 5443 παθεῖν
256 5410 326 5458 τι,
373 5396 462 5447 καὶ
508 5394 930 5464 συγκαταθίσθαι
982 5398 1092 5457 τοῖς
1146 5395 1337 5460 λόγοις,
1394 5393 1425 5463 ἢ
1483 5396 1554 5463 μὴ

60 5482 348 5551 προσέχεινς
374 5481 435 5537 El
466 5484 563 5553 μιν
594 5484 697 5557 γὰρ
734 5486 830 5537 οὒκ
861 5484 1080 5553 ἐπείσθη
1101 5523 1115 5544 ,
1151 5484 1264 5543 πῶς
1304 5483 1423 5534 ἀντὶ
1476 5499 1558 5551 χο-

60 5577 228 5641 ρευτώ
252 5576 529 5645 φιλόσοφος
554 5576 631 5648 (2)
662 5580 890 5661 tyana,
927 5572 1017 5630 imi.
1043 5578 1135 5631 τὸν
1161 5576 1421 5647 Πύρρωνα
1454 5576 1556 5627 διε-

120 5686 189 5753 (Ι)
222 5691 291 5743 Et
320 5688 372 5741 δ’
404 5688 704 5759 ἐγίνωσκε.
740 5688 799 5742 Β.
844 5690 1169 5759 Augustinus
1214 5687 1303 5739 lib.
1333 5684 1408 5739 De
1429 5686 1555 5759 reli-

64 5754 216 5826 gione,
244 5754 496 5826 querenti
526 5759 816 5820 veritatem,
866 5754 1055 5813 Saltem
1077 5796 1090 5815 .
1118 5759 1323 5824 inquit,
1364 5757 1461 5807 scis
1510 5766 1556 5809 te

65 5824 278 5881 dubitare
298 5844 366 5880 an
386 5827 453 5880 sit
481 5826 673 5893 aliquid
704 5829 806 5881 veri
825 5868 839 5893 ,
862 5838 910 5881 et
936 5829 1031 5881 hoc
1057 5828 1223 5893 ipsum
1246 5836 1321 5879 est
1347 5827 1553 5880 veritas.

1654 4684 1815 4737 minis
1844 4682 2017 4735 varias
2048 4682 2167 4736 illas
2213 4699 2391 4736 rerum
2424 4688 2761 4743 conditiones
2805 4691 2964 4758 probe
3003 4697 3180 4749 scien-

1654 4775 1744 4839 tis,
1775 4788 1842 4825 an
1871 4772 2045 4842 potius
2076 4771 2371 4842 ignorantis
2396 4778 2605 4832 oratio?
2642 4777 2697 4832 Si
2727 4782 2865 4833 enim
2890 4782 3008 4835 illas
3032 4784 3179 4853 igno-

1654 4872 1754 4928 rat,
1779 4863 1869 4931 qui
1893 4862 2103 4916 tandem
2128 4864 2226 4932 ipsi
2249 4864 2402 4917 {ldem
2421 4867 2733 4922 habebimus
2754 4867 2879 4922 ?Sin
2904 4886 2994 4925 eas
3016 4877 3181 4942 probe

1654 4954 1814 5018 norit,
1843 4966 1923 5004 na:
1958 4952 2182 5004 stolidus
2226 4954 2510 5008 admodum
2548 4966 2646 5019 est,
2673 4958 2909 5025 quicum
2952 4962 3178 5019 obscura

1652 5055 1771 5094 esse
1800 5040 1977 5092 omnia
2007 5050 2223 5104 statuat,
2266 5052 2371 5096 tam
2401 5046 2561 5097 multa
2600 5060 2656 5098 se
2688 5056 2861 5103 tamen
2890 5052 3027 5106 scire
3049 5069 3177 5107 con-

1654 5130 1844 5182 ﬁrmet.
1880 5127 2072 5198 Utique
2113 5132 2241 5186 dum
2307 5135 2430 5187 talia
2459 5137 2699 5190 oratione
2734 5153 3063 5209 percensent,
3092 5144 3177 5197 in-

1654 5221 1953 5273 ductionem
2002 5221 2238 5289 aliquam
2298 5224 2454 5277 modo
2510 5233 2732 5294 texunt,
2776 5240 2830 5285 et
2880 5233 3176 5302 cujusmodi

1653 5324 1877 5378 quaeque
1911 5309 2018 5361 sint
2042 5326 2162 5379 quae
2190 5322 2498 5381 appareant,
2544 5318 2812 5385 sigillatim
2846 5324 3131 5377 ostendunt
3162 5343 3176 5379 :

1655 5397 1796 5481 quod
1836 5398 2053 5463 quidem
2084 5404 2534 5474 orationisogenus
2561 5417 2643 5461 est
2664 5421 2986 5481 vocaturque
3026 5412 3177 5471 ﬁdes.

1656 5476 1802 5540 Hanc
1825 5486 1988 5555 igitur
2016 5487 2090 5542 illi
2116 5492 2160 5545 si
2200 5504 2517 5560 sequuntur,
2554 5500 2767 5553 eosdem
2803 5476 3022 5569 proinde
3054 5503 3176 5571 opi-

1656 5577 1769 5627 nari
1813 5591 1968 5629 nemo
1996 5593 2104 5633 non
2142 5581 2320 5635 videt:
2350 5584 2394 5637 si
2427 5600 2552 5641 vero
2585 5604 2689 5644 non
2717 5592 2957 5653 credunt,
2990 5607 3053 5646 ne
3075 5594 3175 5663 ipsi

1723 5686 1990 5770 (2)“:Arrt
2024 5692 2303 5770 χορ-αυτοῦ
2334 5695 2675 5770 φιλόσοφος.
2719 5698 2973 5770 Diogenes
3011 5701 3181 5770 Laer-

1654 5757 1759 5809 tius
1802 5756 1895 5833 _lib.
1928 5756 2593 5833 ιι-εἰιςξίιηοηεόιιοάοῇτ
2623 5756 2965 5833 Apollonide,
2996 5769 3179 5825 Time-

1656 5840 1774 5879 nem
1802 5825 1944 5883 hunc
1965 5827 2255 5897 signiﬁcat,
2288 5847 2315 5883 a
2344 5825 2622 5901 saltatioue
2644 5825 2753 5901 jam
2783 5825 3047 5895 abstinere
3073 5855 3180 5896 cc-
