4014 6340
12 362 34 413 ι
43 362 141 415 253

1072 364 1385 419 ΡΒᾹΞΡΑΒ.
1412 364 1655 421 EVANG.
1698 366 1820 421 LIB.
1862 366 1999 421 XIV.

3034 324 3253 415 ηει-

18 481 239 534 Ὀπόταν
269 480 605 551 μέντοιιφῶσι
631 483 691 534 τὸ
722 483 878 550 σοφὸν
900 484 962 553 δὴ
982 484 1153 547 τοῦτο,
1194 486 1274 537 ὅτι
1300 485 1406 537 δέοι
1439 501 1536 538 κα-

1634 484 1889 540 Praerea
1927 488 2054 540 dum
2099 487 2372 556 egregium
2419 465 2549 540 illud
2598 484 2921 553 sapiensque
2963 440 3191 531 dictumi

8 570 418 625 τακολουθοῦντα
437 571 590 638 φύσει
614 572 707 623 καὶ
734 575 843 634 τοῖς
870 572 1010 633 ἔθεσι
1035 574 1152 643 ζῇν,
1191 574 1376 644 μηδενὶ
1407 574 1533 644 μέν·

8 678 79 713 τοι
133 658 623 726 συγκατατίθεσθαι,
663 660 803 712 πάνυ
854 661 993 724 τινὲς
1035 664 1169 713 εἰσιν
1206 662 1433 733 εὐήθεις.
1476 663 1536 713 Ei

9 751 108 821 γὰρ
142 752 326 821 μηδενὶ
357 752 516 820 ἄλλῳ,
540 752 712 821 τούτῳ
746 751 875 820 γοῦν
902 753 1049 823 αὐτῷ
1090 753 1195 805 δέοι
1227 751 1293 805 ἀν
1341 769 1538 820 συγκα-

8 841 273 903 ταθέσθαι,
324 843 417 894 καὶ
465 841 747 895 ὑπολαϐεῖν
790 843 959 905 οὕτως
1001 843 1144 912 ἔχειν
1171 844 1320 897 αὑτό.
1368 844 1431 895 τι
1480 844 1536 896 δὲ

12 931 196 998 μᾶλλον
222 934 288 1000 τῇ
316 931 470 998 φύσει
498 933 715 992 καὶτοῖς
747 932 889 984 ἔθεσι
926 933 1007 984 δεῖ
1040 933 1464 994 κατακολουθεῖν,
1503 935 1535 1003 ἢ

9 1020 64 1071 οὐ
89 1021 181 1082 δεῖ,
217 1020 291 1089 μὴ
320 1020 522 1081 εἰδότας
552 1036 615 1086 γε
640 1020 700 1090 δὴ
732 1021 913 1091 μηδὲν,
948 1021 1080 1091 μηδὲ
1113 1021 1331 1090 ἔχοντάς
1357 1040 1406 1073 τι
1433 1023 1539 1092 ὅτῳ

10 1108 325 1178 κρινοῦμεν;
371 1109 570 1160 Ἐκεῖνο
607 1110 701 1177 μὲν
735 1109 841 1179 γὰρ
892 1109 985 1162 καὶ
1014 1112 1351 1164 παντάπασίν
1395 1112 1538 1163 ἐστιν

10 1200 220 1266 ἠλίθιον,
249 1199 459 1251 ἐπειδὰν
481 1200 725 1267 λέγωσιν,
756 1201 836 1252 ὅτι
864 1200 1112 1271 καθάπερ
1138 1201 1207 1253 τά
1236 1202 1535 1274 καθαρτικὰ

11 1290 258 1359 φάρμακα
289 1289 615 1360 συνεκκρίνει
662 1290 793 1359 μετά
821 1289 926 1341 τῶν
958 1292 1387 1365 περιπτωμάτων
1446 1294 1539 1345 καὶ

10 1379 180 1440 ἑαυτὰ,
201 1378 293 1430 τὸν
319 1379 480 1432 αὐτὸν
505 1381 701 1449 τρόπον
728 1383 819 1433 καὶ
846 1383 875 1433 ὁ
902 1382 1077 1436 πάντα
1098 1382 1261 1447 ἀξιῶν
1284 1378 1419 1434 εἶναι
1453 1382 1538 1434 λό-

9 1485 93 1534 γος
122 1468 285 1537 ἀδηλα
320 1469 454 1537 μεςά
496 1470 602 1522 τῶν
633 1472 803 1523 ἀλλων
837 1472 1045 1542 ἀναιρεῖ
1081 1474 1172 1525 καὶ
1202 1456 1408 1526 ἑαυτόν.
1474 1474 1537 1525 El

9 1560 107 1625 γὰρ
129 1557 285 1620 abso;
314 1559 469 1610 αὑτὸν
490 1559 715 1628 ἐλέγχοι,
744 1546 952 1630 ληροῖέν
974 1562 1037 1615 ἂν
1063 1564 1110 1615 οἱ
1138 1562 1399 1633 χρώμενοι
1420 1564 1539 1615 τού-

9 1664 95 1717 τῳ,
130 1645 457 1716 βέλτιον,οὖν
491 1651 716 1718 ἡσυχίαν
754 1652 905 1718 ἀγειν
940 1653 1154 1716 αὐτοὺς,
1185 1656 1276 1706 καὶ
1311 1655 1445 1724 μηδὲ
1476 1654 1538 1706 τὸ

11 1739 170 1806 στόμα
200 1738 440 1808 διαίρειν.
485 1739 638 1791 Ἀλλά
665 1742 770 1811 μὴν
788 1742 894 1794 οὐδ’
924 1745 1105 1812 ὅμοιον
1142 1744 1249 1813 ἔχει
1280 1761 1331 1796 τι
1352 1743 1413 1796 τὸ
1448 1762 1537 1797 κα-

1635 578 2002 645 pronuntiant,
2030 577 2104 629 'in
2136 578 2242 629 vita
2287 575 2616 629 instituenda
2634 577 2836 626 natura:
2879 576 3166 625 consuetu-

1633 668 1879 736 diuisque
1928 668 2145 721 duclum
2198 668 2348 735 sequi
2396 674 2677 733 oportere,
2718 661 2985 731 simulque
3018 658 3166 713 nulla
3258 716 3259 719 η

1633 760 1846 830 penitus
1876 759 1938 811 -in
1962 775 2021 812 re
2048 758 2353 812 haerendum
2392 770 2512 810 esse
2541 755 2766 816 docent,
2804 752 3011 806 faciunt
3051 750 3166 803 ine-

1635 852 1894 920 ptissime.
1919 849 2050 903 Nam
2078 860 2137 903 ut
2169 849 2297 903 lides
2327 847 2535 901 czteris
2558 845 2809 901 omnibus
2830 844 3160 903 detrahatur,

1636 941 1760 994 huic
1788 942 1975 994 saltem
2018 940 2257 993 habenda
2288 937 2591 992 necessario
2616 937 2704 1000 sit,
2739 936 3001 1004 planeque
3050 942 3164 986 sta-
3258 976 3262 981 .

1635 1027 1893 1081 tuendum
1946 1029 2016 1081 ita
2052 1044 2163 1081 rem
2215 1027 2429 1080 habere.
2477 1024 2582 1078 Sed
2628 1024 2770 1077 enim
2814 1037 2909 1076 cur
2960 1031 3164 1073 natura:

1634 1118 2141 1186 consuetudinisque
2156 1121 2373 1170 ductum
2397 1114 2547 1183 sequi
2574 1114 2752 1182 potius
2775 1125 2876 1165 nos
2898 1119 3159 1179 oporteat,

1634 1224 1793 1277 quam
1826 1209 1894 1261 ah
1926 1224 1992 1261 eo
2038 1207 2330 1268 discedere,
2379 1205 2469 1274 qui
2525 1218 2621 1258 nec
2662 1201 2897 1256 sciamus
2941 1198 3163 1252 omnino

1633 1300 1944 1368 quidquam,
1984 1314 2079 1352 nec
2100 1298 2255 1363 cujus
2286 1297 2336 1349 vi
2360 1295 2623 1364 judicium
2656 1288 2781 1347 ferri
2814 1291 2985 1359 possit
3012 1288 3139 1358 quid

1633 1398 1794 1452 quam
1829 1382 2155 1435 habeamus?
2176 1379 2328 1445 Quod
2360 1380 2502 1432 enim
2526 1378 2749 1439 addunt,
2784 1384 3039 1427 extrema:
3068 1386 3162 1425 cu-

1629 1473 1844 1542 jusdam
1876 1473 2115 1526 stultitiae
2139 1480 2221 1524 est
2250 1489 2263 1522 :
2292 1468 2743 1538 quemadmodum
2776 1466 3083 1533 pharmaca,
3106 1460 3160 1512 in

1633 1562 1829 1628 quibus
1881 1559 2139 1629 purgandi
2198 1558 2281 1612 vis
2333 1565 2447 1619 est,
2498 1571 2615 1611 sese
2659 1569 2780 1607 cum
2812 1548 3162 1606 excrementis

1638 1650 1772 1717 ipsis
1795 1649 1994 1717 pariter
2032 1663 2097 1702 ac
2127 1646 2287 1701 simul
2305 1654 2629 1709 excernunt;
2660 1644 2731 1696 ita
2757 1658 2876 1709 qua:
2914 1640 3051 1694 ratio
3081 1640 3163 1691 in-

1634 1749 1779 1792 certa
1816 1753 1934 1792 esse
1963 1738 2142 1791 omnia
2172 1737 2444 1795 conficiat,
2466 1750 2584 1788 eam
2612 1749 2672 1787 se
2696 1738 2909 1802 quoque
2939 1729 3161 1799 perinde

11 1828 245 1898 θαρτικὸν
284 1807 585 1900 φάρμακον,
612 1807 705 1883 καὶ
725 1807 763 1883 -ό
789 1807 988 1885 τούτων
1022 1807 1199 1901 λόγος...
1215 1836 1287 1888 To
1312 1836 1409 1906 μὲν
1430 1836 1536 1906 γάρ

1636 1837 1696 1882 ut
1716 1829 1916 1897 reliqua
1943 1828 2184 1881 funditus
2224 1827 2544 1881 convellere.
2576 1822 2707 1877 Nam
2741 1823 2785 1875 si
2825 1820 3019 1874 refutat
3044 1820 3158 1887 ipsa

10 1921 283 1989 φάρμακον
316 1921 633 1990 ἐκκρίνεται.
669 1923 770 1975 κάν
788 1925 898 1986 τοῖς
932 1924 1171 1993 σώμασιν
1206 1927 1304 1993 οὐχ
1337 1927 1540 1995 ὑπομές

12 2027 99 2061 νει·
132 2011 219 2061 τὸν
257 2011 437 2080 μέντοι
464 2011 616 2078 λόγον
639 2013 696 2064 ὲν
716 2010 833 2074 ταῖς
859 2012 1053 2082 ψυχαῖς
1076 2014 1336 2083 ὑπάρχειν
1352 2017 1433 2069 δεῖ
1449 2017 1541 2069 τὸν

11 2102 157 2153 αὐτὸν
176 2100 324 2162 ὄντα,
352 2102 443 2153 καὶ
474 2102 851 2171 πιστευόμενον
886 2103 1009 2156 αἰεί.
1054 2105 1225 2165 Μόνος
1251 2106 1359 2175 γὰρ
1388 2100 1539 2170 οὗτος

10 2191 83 2260 εἴη
107 2190 189 2254 ἂν,
222 2193 250 2243 ό
278 2190 441 2242 ποιῶν
471 2191 957 2257 ἀσυγκαταθέτους.
993 2194 1113 2245 Ὀτι
1154 2194 1200 2245 δ’
1224 2196 1321 2246 οὐκ
1344 2196 1538 2248 οἴονται

10 2282 89 2331 τὸν
109 2281 395 2349 ’ἄνθρωπον
416 2281 697 2345 ἀδόξαστον
717 2277 875 2344 εἶναι,
906 2284 997 2335 καὶ
1016 2283 1111 2335 ὡδὶ
1132 2286 1432 2355 καταμάθοι
1455 2304 1537 2349 τις

11 2371 84 2423 ἀν.
128 2371 406 2442 ’ᾼδύνατον
441 2371 548 2441 γάρ
604 2371 694 2424 τὸν
728 2372 1106 2442 αἰσθανόμενον
1162 2376 1235 2444 μὴ
1287 2376 1536 2429 αἰσθάνε-

14 2458 141 2511 seu.
163 2460 234 2511 Τὸ
254 2460 295 2511 δ’
331 2459 688 2523 αἰσθάνεσθαι,
711 2460 990 2536 γνωρίζειν
1020 2480 1073 2515 τι
1102 2459 1335 2533 ἦν.,⁴’οτι
1365 2466 1420 2519 δὲ
1446 2469 1538 2519 καὶ
1568 2476 1578 2483 ”

10 2548 235 2607 sta-radat
270 2552 334 2618 τῇ
373 2549 635 2620 αἰσθήσει,
664 2553 797 2603 πᾶσι
839 2552 1083 2619 φανερόν.
1133 2553 1537 2623 Ἀκρισὲστερυ

11 2638 106 2706 γὰρ
133 2638 294 2690 θέλων
326 2639 465 2703 ἰδεῖν,
492 2640 737 2711 ἀπέφησε
770 2640 847 2692 τὼ
877 2640 1153 2711 ὀφθαλμὼ,
1177 2644 1267 2695 καὶ
1303 2644 1538 2714 προσῆλ-

12 2724 90 2775 θεν
117 2725 421 2797 ἐγγύτερον,
448 2728 539 2779 καὶ
562 2727 885 2780 ὲπιλλίσατο.
923 2726 1028 2781 Καὶ
1062 2730 1165 2798 μὴν
1195 2730 1436 2800 ἡδόμενοξ
1474 2749 1535 2800 γε

11 2814 92 2864 καὶ
118 2815 399 2877 πονοῦντες
442 2814 613 2884 ἴσμεν.
656 2815 789 2867 Οὐδὲ
823 2816 929 2885 γάρ
966 2813 1072 2868 οἷόν
1098 2834 1157 2869 τε
1192 2818 1279 2870 τὸν
1314 2820 1533 2888 καιόμε-

11 2920 88 2953 νον
117 2902 149 2973 ἢ
177 2904 498 2973 τεμνόμενον
544 2905 770 2971 ἀγνοεῖν.
824 2905 932 2966 Τάς
958 2892 1036 2957 ’δὲ
1084 2906 1146 2976 δὴ
1190 2909 1407 2977 μνήμας
1444 2909 1536 2961 καὶ

10 2993 321 3063 ἀναμνήσεις
349 2995 429 3056 τίς
454 2995 552 3046 οὐκ
574 2993 639 3046 ἀν
672 2994 803 3062 φαίη
847 2994 962 3063 μεθ’
1003 2996 1316 3066 ὑπολήψεως
1354 2998 1533 3067 γίγνε-

13 3084 118 3135 σθαι
139 3100 152 3146 ;
176 3084 308 3154 Περὶ
339 3087 435 3156 μὲν
464 3087 571 3157 γὰρ
596 3085 701 3138 τῶν
750 3086 938 3137 κοινῶν
968 3087 1199 3151 ἐννοιῶν,
1232 3090 1309 3141 ὅτι
1348 3089 1406 3141 τὸ
1434 3106 1533 3141 τοι·
1558 3122 1599 3181 c

10 3173 147 3225 οὖτον
198 3174 475 3244 ἄνθρωπός
504 3176 668 3237 ἐστιν,
702 3174 779 3226 ἔτι
807 3174 861 3226 δὲ
914 3175 1169 3243 περὶτῶν
1221 3178 1531 3248 ἐπιστημῶν

11 3266 93 3315 καὶ
120 3266 337 3334 τεχνῶν,
394 3267 446 3318 τι
482 3267 626 3333 λέγοι
654 3284 735 3329 τις
765 3267 854 3330 ἀν;
881 3267 1028 3317 οὐδὲν
1060 3263 1263 3337 γάρ·ἦν
1309 3269 1528 3332 τούτων,

11 3354 54 3403 tl
101 3352 170 3422 μὴ
224 3352 555 3422 πεφύκειμεν
603 3353 1015 3422 ὑπολαμόάνειν.
1063 3353 1197 3404 Ἀλλ’
1249 3355 1417 3421 ἔγωγε
1460 3357 1533 3407 ὲῶ

11 3441 177 3495 τᾶλλα.
209 3433 340 3506 Tol;
371 3444 547 3513 μέντοι
574 3445 878 3513 λεγομένοις
901 3446 1001 3497 ὑπὸ
1025 3446 1221 3496 τούτων
1251 3446 1340 3497 ὲὰν
1364 3464 1418 3497 τε
1448 3464 1533 3497 πι-

15 3529 293 3599 στεύωμεν,
322 3532 415 3583 ὲάν
437 3548 496 3583 τε
528 3509 859 3602 ἀπιστῶμέν,
892 3532 1195 3600 ἀναγκαίως
1236 3534 1531 3603 ἔχεισδοξά-

12 3619 112 3680 ζειν
140 3622 312 3691 πάντη
352 3638 409 3674 τε
439 3623 530 3674 καὶ
557 3622 781 3685 πάντως.
839 3624 956 3677 Ὀτι
1014 3625 1111 3693 μὲν
1141 3621 1231 3677 οὖν
1264 3627 1533 3695 ἀμήχανόν

13 3711 115 3761 ἐστι
142 3711 439 3778 φιλοσοφεῖν
469 3709 558 3763 τὸν
584 3694 780 3780 τρόπόν
809 3712 989 3764 τοῦτον
1011 3754 1026 3775 ,
1062 3714 1313 3784 φανερόν⁵
1358 3694 1437 3766 δτι
1477 3716 1533 3767 δὲ

13 3800 95 3851 καὶ
123 3800 267 3869 παρά
292 3800 471 3867 φύσιν,
498 3800 591 3851 καὶ
620 3799 765 3869 παρὰ
792 3801 916 3861 τοὺς
937 3802 1145 3869 νόμους,
1183 3803 1275 3855 ὡδὶ
1305 3794 1532 3855 κατίδοι-

16 3903 103 3953 μεν
136 3889 218 3940 ἀν.
250 3889 313 3941 El
341 3888 437 3958 μὲν
468 3888 574 3958 γὰρ
623 3889 693 3957 τῷ
725 3888 833 3939 δντι
884 3889 949 3939 τὰ
981 3892 1273 3959 πράγματα
1317 3892 1533 3945 τοιαῦτα

13 3976 107 4044 ειη,
125 3978 175 4027 τί
204 3978 386 4029 λοιπὸν
409 3977 518 4029 ἀλλ’
551 3978 583 4048 ἧ
612 3978 854 4046 καθάπερ
876 3979 931 4029 ἐν
956 3978 1105 4047 ὕπνῳ
1128 3978 1223 4049 ζῇν
1248 3982 1389 4049 ἡμᾶς
1415 3981 1533 4049 εἰκῆ
1570 4049 1574 4052 ,

13 4065 96 4115 καὶ
122 4066 479 4137 ἐμπλήκτωςς
513 4065 651 4118 ὥστε
697 4067 973 4137 φλυαροῖεν
1022 4066 1085 4118 ἂν
1141 4070 1187 4120 οἱ
1231 4070 1532 4138 νομοθέται,

14 4153 97 4204 καὶ
117 4156 421 4225 στρατηγοὶ,
450 4157 541 4208 καὶ
564 4159 611 4207 οἱ
647 4156 1002 4219 παιδεύοντες.
1053 4156 1187 4207 Ἀλλ’
1229 4158 1412 4227 ἔμοιγε
1451 4160 1535 4212 δο-

15 4243 184 4296 κοῦσιν
201 4248 247 4303 οἱ
280 4247 377 4315 μὲν
403 4238 547 4300 ἄλλοι
573 4248 766 4310 πάντες
787 4248 1055 4316 ἄνθρωποι
1072 4247 1168 4316 ζῇν
1193 4248 1329 4299 κατά
1356 4250 1532 4315 φύσιν,

19 4334 152 4400 μόνοι
178 4337 354 4403 μέντοι
380 4337 747 4404 τετυφῶσθαι,
782 4338 973 4407 μᾶλλον
1010 4338 1064 4390 δὲ
1100 4338 1389 4407 μεμηνέναι
1436 4357 1535 4409 μα-

1638 1934 1773 1981 sese,
1794 1920 2005 1974 insulse
2038 1918 2199 1972 faciat
2218 1933 2281 1972 ea
2312 1918 2403 1986 qui
2436 1925 2634 1971 utetur.
2681 1913 2972 1979 Quiescant
3002 1912 3161 1980 igitur

1638 2008 1745 2072 isti,
1781 2023 1843 2062 ac
1873 2024 1938 2063 ne
1970 2009 2182 2061 hiscant
2208 2007 2440 2075 quidem.
2476 2004 2709 2058 Tametsi
2746 2002 3161 2071 nec‘pharmaco

1638 2096 1711 2148 illi
1739 2112 1845 2165 quo
1871 2111 2162 2165 purgamur
2212 2096 2437 2150 istorum
2487 2094 2623 2147 ratio
2665 2091 2839 2146 simile
2868 2090 3161 2160 quidquam

1637 2184 1815 2239 habet.
1846 2183 1975 2237 Nam
2001 2184 2073 2238 ita
2117 2183 2463 2252 pharmacum
2503 2182 2830 2245 escernitur,
2860 2189 2917 2233 ut
2951 2184 3004 2233 ln
3044 2194 3163 2233 cor-

1636 2289 1765 2343 pore
1792 2274 2010 2328 minime
2038 2269 2270 2327 resideat
2305 2292 2317 2326 :
2348 2274 2458 2326 hac
2500 2274 2637 2324 ratio
2675 2279 2728 2324 et
2752 2269 2937 2325 eadem
2963 2269 3163 2322 harent

1638 2364 1688 2415 in
1720 2373 1893 2417 mente
1926 2378 2154 2431 semper,
2186 2373 2239 2416 et
2270 2363 2422 2415 fidem
2458 2377 2487 2415 a
2518 2361 2675 2414 nobis
2713 2370 3020 2428 perpetuam
3056 2359 3159 2411 im-

1636 2461 1821 2520 petret,
1853 2466 2070 2506 necesse
2097 2461 2198 2515 est,
2244 2450 2383 2517 quod
2410 2466 2470 2504 ea
2521 2464 2620 2503 nos
2667 2450 2779 2503 sola
2814 2464 2880 2501 ne
2907 2449 3158 2515 cuiquam

1635 2541 1988 2595 assentiamur
2008 2539 2219 2594 efficiat.
2260 2538 2430 2593 Porro
2479 2552 2638 2609 quam
2695 2553 2762 2592 ne
2810 2538 2895 2592 isti
2942 2537 3157 2607 quidem

1634 2628 1885 2697 opinandi
1912 2629 2019 2681 vim
2043 2628 2245 2682 homini
2274 2629 2523 2697 eripiant,
2555 2626 2633 2679 vel
2668 2642 2730 2679 ex
2775 2641 2839 2680 eo
2874 2626 3156 2694 intelligas.
3238 2687 3244 2693 ,

1634 2716 1733 2781 Qui
1760 2714 1939 2777 sentit,
1966 2715 2106 2768 idem
2136 2726 2193 2768 ut
2232 2730 2298 2769 ne
2321 2715 2517 2767 sentiat
2544 2715 2656 2767 ﬂeri
2698 2714 2845 2767 nullo
2871 2713 3031 2767 modo
3073 2728 3161 2780 po-

1633 2812 1772 2859 test:
1803 2807 2000 2859 sentire
2023 2812 2200 2857 autem
2238 2817 2558 2873 cognoscere
2600 2811 2702 2856 est.
2742 2805 2811 2855 At
2845 2817 2946 2856 eos
2979 2801 3157 2856 sensui

1633 2894 1787 2949 fidem
1822 2894 2017 2947 habere
2043 2908 2199 2945 nemo
2234 2908 2339 2945 non
2371 2893 2531 2946 videt.
2570 2889 2703 2943 Nam
2752 2900 2810 2944 ut
2839 2891 3037 2945 certius
3063 2891 3162 2943 ali-

1632 2985 1757 3053 quid
1796 2982 1988 3036 intueri
2040 2982 2281 3050 possint,
2334 2996 2454 3034 cum
2496 2995 2725 3050 purgare
2768 2979 2992 3042 oculos,
3044 2987 3159 3033 tum

1632 3076 1790 3128 etiam
1820 3076 2073 3127 accedere
2100 3073 2337 3141 propius,
2355 3086 2418 3125 ac
2436 3071 2661 3124 subinde
2687 3068 2938 3124 nictando
2968 3069 3160 3122 intueri

1632 3154 1991 3229 solent.'Quid
2019 3164 2157 3232 quod
2210 3172 2449 3215 nostrqu
2483 3160 2581 3229 ipsi
2619 3166 2723 3213 tam
2768 3160 2962 3213 laetitiae
2998 3176 3160 3229 quam

1632 3256 1833 3310 doloris
1862 3269 2081 3309 sensum
2121 3253 2405 3307 novimus?
2433 3250 2540 3305 Nec
2562 3253 2704 3305 enim
2739 3251 2852 3304 fieri
2881 3252 3068 3319 possit,
3103 3260 3161 3305 ut

1631 3363 1747 3403 sese
1770 3346 1852 3400 uri
1877 3347 1999 3415 quis
2024 3354 2115 3398 aut
2137 3344 2305 3398 secari
2339 3342 2561 3396 nesciat.
2588 3341 2895 3396 lemoriam
2917 3341 3159 3395 similiter

1632 3454 1695 3492 ac
1737 3438 2160 3492 recordationem
2213 3436 2335 3503 quis
2378 3450 2481 3488 non
2507 3432 2902 3486 existimatione
2934 3433 3156 3502 conjun-

1632 3535 1770 3581 ctam
1823 3539 1940 3577 esse
1991 3523 2229 3576 dixerit?
2266 3522 2403 3587 Quid
2462 3522 2529 3576 de
2583 3520 2856 3575 communi
2918 3522 3157 3574 omnium

1633 3631 1814 3677 sensu,
1848 3612 1939 3683 qui
1978 3612 2239 3681 ejusmodi
2299 3611 2566 3665 hominem
2599 3624 2720 3664 esse
2760 3610 2985 3672 clamat;
3029 3610 3162 3680 quid

1632 3706 1697 3759 de
1746 3704 1955 3758 artibus
2004 3701 2371 3770 doctrinisque
2413 3699 2655 3753 dicetur?
2697 3698 2922 3753 istorum
2966 3695 3161 3768 quippe

1634 3795 1768 3849 nihil
1820 3791 2162 3853 haberemus,
2214 3792 2316 3845 nisi
2364 3805 2393 3844 a
2443 3802 2636 3844 natura
2681 3790 3022 3845 existimandi
3054 3788 3160 3844 vim

1632 3883 1969 3936 haberemus.
2003 3882 2070 3935 At
2103 3883 2255 3935 mitto
2288 3890 2497 3941 caetera,
2529 3881 2655 3934 dum
2688 3883 2791 3933 hoc
2840 3896 3002 3934 unum
3051 3897 3163 3934 ma-

1632 3980 1774 4035 neat,
1807 3971 1961 4025 fidem
1993 3983 2053 4025 ut
2101 3972 2166 4024 iis
2206 3972 2317 4031 sive
2369 3972 2681 4029 habeamus.
2724 3971 2838 4025 sive
2888 3984 3160 4040 negemus.

1633 4061 1886 4128 opinandi
1933 4059 2237 4115 facultatem
2288 4062 2594 4116 necessario
2642 4061 2797 4115 nobis
2844 4054 3161 4115 esse'relin-

1633 4150 1922 4219 quendam.
1956 4148 2224 4205 Hactenus
2259 4151 2419 4219 igitur
2468 4151 2667 4203 nullam
2693 4148 2956 4217 ejusmodi
2989 4148 3163 4216 philo-

1633 4239 1889 4309 sophandi
1919 4243 2178 4293 rationem
2223 4253 2342 4293 esse
2393 4253 2549 4307 posse
2592 4238 2944 4292 ostendimus.
2991 4236 3160 4303 Quam

1633 4330 1817 4385 eadem
1850 4329 2046 4381 rationi
2087 4328 2384 4397 acxlegibus
2424 4328 2756 4392 adversetur,
2791 4328 2914 4383 hinc
2957 4329 3158 4399 accipe.

17 4424 123 4475 vlav
136 4425 443 4495 ἐρρωμένην
462 4427 509 4477 ol
531 4426 698 4478 ταῦτα
716 4426 1018 4495 ληροῦντες.
1047 4427 1156 4496 Οὐχ
1183 4428 1377 4496 ἥκιστα
1409 4429 1534 4497 μέν-

1636 4419 1780 4478 Nam
1809 4420 1852 4473 si
1877 4433 2001 4477 vere
2025 4419 2094 4470 ita
2123 4434 2207 4471 res
2242 4418 2493 4479 habeant,
2531 4417 2659 4485 quid
2698 4418 2844 4479 aliud
2896 4426 3159 4488 superest.

15 4527 86 4563 τοι
111 4513 258 4565 τοῦτο
281 4504 576 4581 καταμάθοι
600 4529 683 4574 τις
707 4512 770 4565 ἃν
799 4514 1063 4566 κάκεῖθεν.
1110 4514 1401 4581 Ἀντίγονος
1425 4517 1532 4584 γὰρ

16 4604 41 4653 ὁ
68 4602 359 4673 Καρύστιος
395 4602 529 4655 κατά
579 4604 700 4663 τοὺς
731 4603 920 4664 αὐτοὺς
962 4604 1243 4673 γενόμενος
1291 4604 1527 4673 χρόνους,

17 4692 99 4743 καὶ
130 4691 436 4762 ἀναγράψας
468 4689 642 4742 αὐτῶν
685 4690 772 4741 τὸν
801 4690 911 4759 βίον
930 4731 945 4753 ,
976 4693 1106 4762 φησι⁵
1137 4692 1224 4743 τὸν
1269 4678 1529 4761 Πύρρωνα

16 4780 318 4848 διωκόμενον
368 4779 469 4832 ὑπὸ
520 4778 697 4840 κυνὸς,
731 4778 1020 4847 ἀναφυγεῖν
1060 4781 1151 4833 ὲπί
1203 4799 1251 4832 τι
1283 4782 1525 4854 δένδρον-

19 4872 374 4939 σκωπτόμενον
405 4871 449 4923 δ’
482 4869 583 4922 ὑπὸ
612 4867 717 4921 τῶν
750 4869 1025 4936 παρόντων
1046 4911 1059 4932 ,
1094 4874 1262 4923 εἰπεῖν
1284 4912 1297 4934 ,
1331 4872 1404 4933 ὡς
1436 4891 1532 4941 χα-

19 4956 164 5010 λεπὸν
208 4962 293 5029 εῐη
340 4961 428 5013 τὸν
478 4959 756 5028 ἄνθρωπον
785 4957 1013 5011 ἐκδῦναι.
1045 4961 1289 5031 Φιλίστης
1331 4961 1385 5012 δὲ
1434 4963 1531 5032 τῆς

18 5044 229 5114 ἀδελφῆς
255 5048 412 5101 αὑτοῦ
439 5049 683 5117 θυούσης,
706 5046 889 5098 ἔπειτα
910 5047 1016 5098 τῶν
1040 5050 1205 5117 φίλων
1230 5050 1370 5110 τινὸς
1401 5051 1530 5101 ὐπο-

22 5136 262 5203 σχομένου
286 5137 351 5188 τά
380 5138 509 5207 πρὸς
536 5137 632 5208 τὴν
664 5136 866 5199 θυσίαν,
890 5137 983 5209 καὶ
1008 5138 1081 5207 μὴ
1103 5138 1527 5208 παρασχομένου.

21 5220 113 5271 Τοῦ
150 5222 320 5290 μέντοι
350 5225 633 5293 Πύρρωνος
668 5224 959 5295 πριαμένου
981 5262 993 5285 ,
1042 5227 1132 5277 καὶ
1168 5225 1528 5291 ἀγανακτοῦν-

21 5325 117 5371 τος,
141 5312 424 5382 ἐπειδήπερ
446 5315 473 5364 ὁ
498 5313 644 5379 φίλος
672 5314 867 5379 ἔλεγεν,
898 5314 970 5373 ὠς
1000 5315 1059 5363 οὐ
1097 5316 1372 5384 ποιήσαιτο
1399 5314 1531 5385 σύμ-

21 5414 156 5463 φωνα
203 5402 309 5459 τοῖς
358 5398 549 5465 λόγοις,
580 5401 684 5453 οὐδ’
732 5400 852 5464 ἀξια
898 5400 991 5466 τῆς
1024 5398 1315 5461 ἀπαθείας*
1362 5400 1531 5452 εἰπεῖν

22 5487 163 5538 αὐτόν
184 5506 195 5516 ·
238 5490 323 5541 Ἐν
347 5488 472 5556 γοῦν
498 5492 708 5555 γυναικὶ
742 5492 799 5541 οὐ
828 5491 906 5541 δεῖ
942 5488 1035 5556 τὴν
1068 5488 1330 5552 ἀπόδειξιν
1364 5488 1531 5557 αὐτῆς

24 5576 285 5629 ποιεῖσθαι.
320 5578 503 5633 Καίτοι
533 5580 747 5643 δικαίως
783 5583 845 5633 ἂν
874 5577 1019 5631 εἶπεν
1042 5582 1069 5630 ό
1097 5581 1244 5647 φίλος
1267 5619 1279 5642 ,
1326 5583 1403 5633 ὅτι
1431 5598 1532 5650 μα-

25 5670 132 5721 ταία
161 5675 248 5725 καὶ
274 5674 333 5727 ιν
358 5674 589 5742 γυναικὶ,
618 5674 706 5727 καὶ
741 5674 876 5734 κυνὶ,
903 5672 993 5723 καὶ
1023 5672 1199 5724 πᾶσιν.
1232 5671 1294 5724 ΕΞ
1340 5668 1403 5741 δή
1450 5687 1527 5725 σοι

1635 4509 1739 4578 nisi
1767 4516 1825 4562 ut
1857 4509 1956 4571 sic,
1983 4517 2237 4575 tanquam
2268 4507 2320 4559 in
2369 4521 2581 4567 somno,
2622 4517 2823 4561 temere
2866 4507 3163 4579 slolideque

1636 4597 1912 4651 vivamus?
1958 4594 2233 4667 Nugentur
2270 4594 2543 4647 enimvero
2591 4595 2959 4666 legislatores;
2997 4594 3160 4649 duces

1635 4696 2093 4757 praeceptoresquc
2115 4695 2395 4754 nugeutur.
2432 4684 2688 4754 Equidem
2714 4685 2849 4739 alios
2875 4698 3061 4738 omnes
3094 4698 3158 4736 ex

1635 4788 1837 4831 natura
1870 4778 2175 4847 praescripto
2214 4776 2376 4830 vitam
2427 4778 2703 4833 instituere
2738 4777 2951 4843 sentio;
2996 4778 3158 4835 ratio-

1633 4882 1755 4921 nem
1804 4868 1937 4920 hanc
1977 4866 2409 4933 philosophorum
2440 4884 2597 4922 unam
2626 4881 2746 4937 qua
2774 4876 2882 4921 tam
2929 4868 3159 4924 absurda

1633 4956 1901 5025 loquatur,
1951 4954 2198 5017 delirare,
2244 4967 2335 5011 aut
2384 4958 2565 5026 potius
2596 4956 2936 5010 vehementer
2984 4957 3162 5013 furere

1634 5055 1829 5099 statuo.
1858 5042 2010 5109 Quod
2066 5044 2238 5115 ipsum
2273 5063 2337 5101 ex
2389 5045 2632 5115 sequenti
2677 5043 2970 5115 Pyrrhonis
3028 5046 3166 5103 facto

1634 5136 1864 5191 maxime
1893 5135 2176 5205 intelliges.
2194 5138 2491 5206 Antigonus
2506 5135 2663 5205 733
2691 5136 2832 5190 enim
2861 5136 3167 5209 Carystius,

1634 5225 1724 5293 qui
1753 5223 1853 5276 sub
1876 5223 2058 5276 eadem
2091 5226 2297 5279 vivebat
2322 5235 2582 5292 tempora,
2610 5224 2813 5293 quique
2841 5226 3053 5281 illorum
3080 5227 3160 5277 vi-

1635 5324 1743 5367 tam
1769 5312 2108 5380 conscripsit,
2151 5311 2481 5383 Pyrrhonem
2514 5322 2931 5380 commemorat,
2960 5323 3019 5368 ut
3042 5328 3162 5368 sese

1636 5400 1934 5473 insequenti
1983 5402 2102 5455 cani
2152 5402 2415 5470 eriperet,
2463 5401 2753 5470 quamdam
2799 5400 2867 5457 ad
2914 5400 3160 5455 arborem

1635 5488 1945 5557 confugisse
1974 5508 1989 5544 :
2023 5505 2128 5559 qua
2153 5490 2220 5544 de
2253 5501 2415 5542 causa
2447 5506 2571 5545 cum
2608 5491 2677 5546 ab
2703 5491 2769 5546 iis
2796 5489 2889 5560 qui
2910 5490 3159 5557 aderant,

1635 5582 1915 5644 rideretur,
1955 5595 2093 5649 aegre
2129 5580 2415 5634 admodum
2463 5581 2730 5636 hominem
2767 5581 2891 5636 esui
2940 5594 3158 5649 respon-

1635 5669 1794 5727 disse.
1816 5666 2096 5735 Praterea,
2126 5684 2245 5725 cum
2274 5668 2495 5727 Philista
2517 5671 2634 5741 “ejus
2661 5686 2811 5727 soror
2836 5669 3160 5727 sacriﬁcium
