4014 6340
58 444 194 498 1257

1185 445 1498 497 l’itALl'AR.
1541 444 1787 499 evmc.
1827 428 1953 499 ιλιι.
1997 445 2129 500 xw.

3104 443 3239 505 1258

57 553 177 607 καθ’
221 552 285 622 ἦν
317 552 602 627 ἀλγοῦμεν,
642 555 874 606 ἐοικυῖαν
916 553 990 625 τῷ
1023 554 1159 607 κατὰ
1188 554 1455 607 θάλασσαν
1489 573 1590 623 χει-

1699 558 1897 625 luptate
1925 560 2119 624 vivere,
2160 560 2480 628 voluptatem
2513 564 2633 617 eam"
2659 564 2982 633 intelligens,
3012 576 3133 632 quae
3178 566 3232 617 in

58 640 198 709 μῶνι
222 658 235 674 ·
265 642 450 712 ἑτέραν
478 642 552 704 δὲ,
579 642 695 696 καθ’
728 644 794 713 ἣν
821 643 1082 713 ἡδόμεθα,
1112 643 1188 712 τῷ
1228 643 1353 712 λείῳ
1397 644 1595 712 κύματι

52 729 463 799 ὰςθομοιούμενβι
487 748 501 761 ·
536 727 669 783 εἶναι
701 732 807 804 γὰρ
836 733 983 785 λείαν
1013 733 1220 803 κίνησιν
1257 735 1353 803 τὴν
1386 734 1592 803 ἡδονὴν,

52 819 219 888 οὐρίῳ
262 820 735 891 παραῦαλλομένην
768 823 968 893 ἀνέμῳ,
1008 823 1104 893 τὴν
1128 823 1183 875 δὲ
1212 824 1396 893 τρίτην
1428 823 1592 891 μέσην

52 904 193 963 εἶναι
215 912 557 975 κατάστασιν,
592 911 711 965 καθ’
738 915 802 983 ἢν
833 912 951 966 οὔτε
980 914 1249 982 ἀλγοῦμεν
1277 953 1290 975 ,
1330 913 1448 964 οὔτε
1476 913 1593 983 ἡδό-

52 998 212 1067 μεθα,
253 1001 453 1071 γαλήνῃ
485 1002 862 1073 παραπλησίαν
904 999 1087 1056 οὖσαν.
1136 1004 1347 1056 Τούτων
1398 1002 1461 1072 δὴ
1503 1005 1595 1054 καὶ

49 1090 251 1158 ἔφασκε
282 1091 387 1144 τῶν
420 1092 605 1145 παθῶν
636 1088 806 1169 μόνων
836 1095 981 1163 ἡμᾶς
1014 1094 1108 1164 τὴν
1141 1093 1388 1164 αἴσθησιν
1432 1097 1591 1162 ἔχειν.

48 1180 196 1251 Πρὸς
232 1181 323 1245 οὓς
350 1181 708 1236 ἀντιλέλεκτάι
732 1184 917 1237 ταῦτα.

1702 648 1876 715 aliqua
1906 654 2265 706 commotione
2296 663 2554 707 versetur.
2591 653 2713 707 Tria
2758 654 2953 723 quippe
2975 662 3238 723 tempera-

1700 738 1861 791 tionis
1887 749 2079 793 nostrze
2112 757 2302 809 genera
2334 745 2593 797 statuebat
2634 762 2647 797 :
2693 760 2857 797 unum
2908 759 3015 812 quo
3053 743 3234 797 dolea-

1701 832 1905 890 mus.ei
1930 848 2048 900 quae
2080 834 2131 886 in
2161 837 2295 888 mari
2316 837 2579 891 excitatur
2608 837 2904 904 tempestati
2930 834 3233 903 persimile;

1697 918 1921 971 alterum
1964 937 2070 988 quo
2105 924 2364 989 laetemur,
2391 933 2443 978 ct
2471 934 2679 993 aequato
2719 924 2902 978 ﬂuctui
2932 924 3132 977 similes
3166 922 3235 973 si-

1698 1023 1855 1062 mus:
1890 1021 2152 1079 aequatam
2196 1016 2336 1067 enim
2379 1017 2789 1069 commotionem
2831 1028 2950 1068 esse
3002 1014 3235 1080 volupta-

1698 1101 2073 1154 tem.secundi
2124 1105 2263 1155 venti
2320 1105 2667 1158 simillimam.
2721 1103 2960 1157 Tertium
3008 1101 3235 1169 denique

1699 1188 1930 1241 medium
1962 1208 2152 1259 genus,
2192 1210 2299 1261 quo
2349 1211 2444 1248 nec
2482 1196 2759 1249 doleamus
2811 1195 2930 1263 ipsi,
2965 1209 3063 1246 nec
3099 1193 3237 1246 laete-

46 1289 195 1335 mur,
222 1274 460 1328 malacia
487 1290 550 1329 ac
577 1276 948 1344 tranquillitati
988 1278 1227 1346 propius.
1263 1275 1463 1330 ﬂorum
1510 1276 1597 1328 illc
1636 1273 1894 1334 duntaxat
1922 1292 2160 1336 mutuum
2202 1286 2436 1352 aliquem
2493 1302 2521 1338 a
2590 1286 2743 1339 nobis
2781 1300 2997 1338 sensum
3048 1281 3231 1334 haberi

46 1367 251 1421 docuit.
277 1366 344 1419 At
378 1368 725 1435 sequentibus
757 1367 925 1422 refelli
960 1371 1150 1439 possit.

562 1481 949 1535 ΚΕΦΑΛΑΙΟΝ
977 1483 1074 1535 ΙΘ’.

38 1586 203 1655 Πρὸς
233 1590 370 1655 τοὺς
404 1594 529 1644 κατ’
584 1594 955 1677 Ἀρίστιππον
1000 1597 1402 1661 φιλοσόφους,
1439 1597 1593 1677 μόνα

108 1658 400 1715 λέγοντα(-
449 1661 517 1713 τὰ
559 1667 714 1715 παθη
764 1658 915 1715 εἶναι
973 1666 1318 1715 καταληπτά
1345 1706 1358 1715 .
1406 1683 1475 1715 τη
1526 1665 1591 1715 δὲ

108 1666 400 1725 λέγοντας
449 1666 517 1713 τὰ
559 1666 714 1727 πάθη
764 1666 915 1715 εἶναι
973 1666 1318 1729 καταληπτὰ
1345 1706 1358 1726 ,
1406 1666 1475 1717 τὰ
1526 1666 1591 1716 δὲ

105 1730 294 1779 λοιπὰ
314 1729 714 1796 ἀκατάληπτα.
757 1731 897 1783 Ἀπὸ
935 1732 1039 1785 τοῦ
1057 1732 1259 1785 αὐτοῦ.

113 1835 133 1866 α
191 1816 343 1887 Ἑξῆς
359 1818 399 1869 δ’
429 1819 492 1872 ἂν
515 1815 622 1871 εἶεν
657 1824 705 1873 0i
736 1820 978 1890 λέγοντες
1011 1825 1143 1893 μόνα
1176 1825 1243 1877 τὰ
1260 1824 1404 1893 πάθη
1430 1841 1591 1877 κατα-

34 1904 239 1974 ληπτά.
288 1907 453 1960 Τοῦτο
482 1908 527 1960 δ’
566 1905 715 1962 εἷπον
750 1910 877 1963 ἔνιοι
922 1913 1028 1965 τῶν
1075 1914 1138 1965 ὲκ
1188 1913 1287 1983 τῆς
1318 1915 1585 1984 Κυρήνης.

35 1989 201 2049 Οὗτοι
225 1996 270 2047 δ’
296 1996 496 2066 ἠξίουν,
526 1997 711 2068 ὥσπερ
742 1998 845 2050 ὑπὸ
869 1999 1037 2069 κάρου
1077 1998 1381 2069 πιεζόμενοί
1429 2017 1588 2061 τινες,

32 2085 193 2138 οὐδὲν
220 2082 353 2137 εἶναι
382 2086 442 2137 τὸ
477 2086 753 2157 παράπαν,
793 2090 840 2139 εί
873 2090 945 2158 μή
981 2107 1061 2151 τις
1093 2090 1374 2158 παραστὰς
1399 2090 1590 2153 αὐτοὺς

32 2174 190 2226 παίοι
223 2177 316 2228 καὶ
337 2178 560 2246 κεντιξνη.
602 2178 889 2247 Καιόμενοι
916 2180 1022 2249 γὰρ
1046 2179 1225 2246 ἔλεγον
1260 2181 1353 2233 καὶ
1400 2182 1589 2249 τεμνό-

33 2282 189 2333 μενοι
222 2267 520 2337 γνωρίζειν,
549 2268 627 2319 ὄτι
653 2268 903 2338 πάσχοιέν
920 2288 969 2321 τι
993 2310 1007 2331 ,
1038 2270 1260 2341 πότερον
1285 2270 1419 2323 δὲτὸ
1441 2274 1590 2324 καῖον

29 2357 115 2426 εἴη
156 2357 290 2428 πῦρ,
323 2359 355 2429 ἢ
385 2359 443 2410 τὸ
474 2360 663 2429 τέμνον
694 2362 926 2432 σίδηρος,
948 2363 1045 2414 ούκ
1078 2362 1219 2432 ἔχειν
1250 2366 1437 2417 εἰπεῖν.
1457 2366 1590 2427 Τοὺς

26 2447 83 2498 δὲ
117 2447 297 2501 ταῦτα
327 2449 575 2517 λέγοντας
606 2451 761 2514 εὐθὺς
794 2453 965 2522 ἔροιτό
1003 2470 1084 2516 τις
1114 2454 1180 2506 ἂν
1200 2493 1213 2516 ,
1254 2455 1301 2505 εί
1343 2453 1406 2522 δὴ
1438 2450 1592 2504 τοῦτο

27 2536 166 2612 γοῦν
207 2538 383 2590 ῐσασιν
421 2541 590 2603 αὐτοὶ,
623 2541 702 2593 διό
733 2558 784 2593 τι
816 2543 1078 2612 πάσχουσί
1110 2561 1160 2594 τι
1184 2544 1277 2595 καὶ
1316 2543 1592 2596 αἰσθάνον-

23 2643 143 2679 ται.
185 2627 283 2696 Μὴ
322 2628 515 2691 εἰδότες
547 2630 642 2697 μὲν
670 2629 797 2700 γὰρ,
850 2630 954 2681 οὐδ’
987 2631 1157 2680 εἰπεῖν
1188 2627 1457 2698 δυνηθεῖεν
1502 2628 1588 2693 ἂν,

25 2718 111 2769 ὅτι
149 2717 314 2787 μόνον
348 2720 491 2770 ῐσασι
510 2718 569 2771 τὸ
596 2719 763 2781 πάθος
784 2736 796 2747 ·
827 2721 875 2770 εἰ
896 2719 939 2769 δ’
970 2714 1033 2770 αὖ
1074 2717 1450 2787 γνωρίζουσιν,
1491 2718 1591 2768 οὐκ

24 2806 96 2858 ἂν
130 2807 221 2876 εῐη
261 2807 395 2877 μόνα
449 2807 517 2860 τὰ
564 2808 709 2877 πάθη
762 2808 1094 2879 καταληπτά,
1147 2810 1221 2860 Τὸ
1274 2809 1402 2877 γὰρ.
1449 2807 1591 2875 Ἐγὼ

22 2895 300 2965 καίομαι,
332 2896 485 2966 λόγος
516 2895 602 2969 ἦν,
637 2901 728 2952 καὶ
751 2900 810 2950 ού
839 2899 1024 2962 πάθος.
1071 2898 1226 2950 Ἀλλὰ
1257 2898 1359 2968 μὴν
1382 2899 1589 2967 ἀνάγκη

21 3003 92 3054 τε
124 2989 263 3059 τρία
295 2988 462 3042 ταῦτα
486 2991 922 3059 συνυφίστασθαι,
955 2991 1014 3043 τό
1040 3008 1097 3043 τε
1126 2989 1294 3052 πάθος
1327 2989 1477 3054 αὐτὸ,
1499 2990 1591 3041 καὶ

21 3079 89 3131 τὸ
125 3078 342 3143 ποιοῦν,
375 3081 466 3133 καὶ
496 3081 557 3133 τὸ
586 3081 807 3152 πάσχον.
854 3082 911 3135 '0
939 3081 1113 3134 τοίνυν
1140 3079 1592 3150 ἀντιλαμϐανόμε-

21 3184 119 3231 νος
144 3168 248 3218 eo":
278 3166 476 3233 πάθους
506 3168 719 3231 πάντως
745 3168 1132 3224 αίσθάνοιτ’ᾶν.
1159 3170 1233 3220 Οὐ
1260 3167 1366 3239 γὰρ
1398 3168 1483 3236 δὴ,
1509 3168 1590 3219 ὅτι

22 3258 159 3326 μὲν,
197 3257 248 3307 εί
277 3256 445 3326 τύχοι,
479 3257 821 3327 θερμαίνεται
842 3260 1076 3327 γνωριεῖ,
1113 3257 1337 3325 πότερον
1363 3256 1406 3307 δ’
1431 3255 1590 3317 αὐτὸς

20 3346 55 3415 ἢ
87 3348 121 3398 ὁ
151 3345 374 3413 γείτων,
408 3342 694 3417 ἀγνοήσει·
723 3348 816 3399 καὶ
842 3346 935 3399 νῦν
964 3347 997 3416 ἢ
1031 3346 1261 3415 πέρυσι·
1300 3345 1393 3397 καὶ
1434 3344 1590 3412 Ἀθή-

20 3453 192 3507 νησιν
219 3435 255 3506 ἢ
289 3438 347 3489 ὲν
382 3436 665 3506 Αἰγύπτῳ·
694 3437 785 3489 καὶ
821 3435 927 3515 («iw
951 3436 983 3505 ἦ
1012 3434 1238 3497 τεθνεώς
1258 3451 1271 3465 ·
1317 3434 1394 3487 ἔτι
1421 3434 1477 3486 δὲ
1508 3434 1591 3486 ἆν-

20 3527 260 3597 Θρωπος
287 3525 361 3577 ὢν
389 3526 421 3595 ἢ
448 3524 608 3588 λίθος.
644 3518 864 3599 Οὐκοῦν]
880 3525 1080 3577 εἵσεται
1121 3525 1212 3577 καὶ
1246 3525 1332 3591 ὑφ’
1370 3519 1430 3578 οὖ
1483 3524 1587 3576 πά·-

20 3636 174 3688 σχει.
214 3618 330 3672 Καὶ
356 3619 460 3689 γὰρ
482 3619 737 3687 ἀλλήλους
758 3618 1097 3691 γνωρίζουσι,
1135 3619 1227 3671 καὶ
1274 3618 1451 3680 ὁδοὺς,
1497 3619 1589 3669 καὶ

20 3711 247 3774 πόλεις,
278 3711 369 3763 καὶ
395 3710 489 3780 τὴν
520 3710 739 3779 τροφήν.
770 3706 831 3760 Οί
861 3710 904 3761 δ’
937 3706 1003 3763 αὖ
1032 3714 1263 3779 τεχνῖται
1308 3708 1375 3760 τὰ
1424 3710 1588 3779 ἔργα·

20 3805 151 3857 λεῖα.
180 3799 257 3854 τὰ
307 3802 479 3853 αὐτῶν
506 3800 694 3854 οῐδασι.
726 3802 834 3852 Καὶ
865 3800 913 3853 οἱ
974 3801 1145 3871 ἰατροὶ
1203 3802 1293 3852 καὶ
1352 3802 1589 3853 ναυτικοὶ

20 3912 89 3964 an
99 3891 396 3963 μειοῦνται
424 3892 491 3945 τὰ
515 3891 786 3965 μέλλοντα.
828 3892 936 3943 Καὶ
968 3891 1075 3944 τῶν
1109 3890 1309 3961 θηρίων
1348 3893 1395 3943 οἱ
1432 3890 1588 3953 κύνες

20 3978 355 4053 εὑρίσκουσι
404 3984 529 4045 τοὺς
564 3982 792 4045 στίϐους.
833 3983 952 4034 Ἔτι
987 3999 1047 4048 γε
1097 3982 1200 4052 μὴν
1240 3982 1267 4033 ὁ
1294 3982 1514 4051 πάσχων
1538 4000 1587 4034 τι

20 4074 258 4135 πάντως
293 4062 420 4143 ἢὼς
440 4073 635 4126 οἰκείου
667 4074 807 4136 τινὸς
832 4113 846 4137 ,
874 4073 912 4144 ἦ
948 4068 1023 4138 ὡς
1066 4071 1341 4143 ἀλλοτρίου
1386 4072 1588 4133 πάθους

20 4162 514 4233 ὶντιλαμῦάνεται.
543 4164 710 4217 Πόθεν
732 4160 822 4217 οὖν
852 4165 960 4228 ἕξει
981 4163 1175 4231 λέγειν,
1204 4164 1284 4216 ὅτι
1308 4163 1463 4215 τοῦτο
1492 4164 1589 4231 μέν

20 4258 185 4307 ἐστιν
212 4240 638 4323 ’ἡδονὴποῦτοδέ
662 4256 817 4318 πόνος
838 4255 906 4325 ςῆ
936 4256 1018 4306 ὅτι
1038 4244 1398 4324 γευόμενος,ἧ
1425 4254 1587 4324 ὁρῶν,

20 4346 40 4415 1
76 4341 339 4407 ἀκούων,
366 4344 559 4413 πάσχοι
590 4360 675 4409 τι;
703 4345 795 4397 καὶ
819 4344 885 4413 τῇ
910 4342 1007 4413 μὲν
1035 4344 1248 4414 γλώσσῃ
1279 4342 1587 4412 γευόμενος.

20 4438 135 4499 τοῖς
175 4434 227 4486 δ’
251 4432 490 4502 ὄμμασιν
512 4432 672 4504 ὁρῶν,
718 4436 829 4496 τοῖς
856 4433 900 4485 δ’
932 4432 1065 4486 ὠσὶν
1094 4433 1337 4499 ἁκούωνς
1373 4434 1442 4485 ’Ἡ
1474 4432 1590 4495 πῶς

2260 1479 2481 1534 CAPUT
2518 1480 2657 1533 XIX.

1691 1591 1946 1645 Adversus
1971 1594 2224 1659 Aristippi
2253 1593 2675 1659 sectatores,'qui
2703 1609 2761 1643 ea
2796 1592 2946 1645 modo
2983 1608 3100 1661 qua
3137 1607 3231 1659 pa—

1761 1662 1963 1729 timur,‘
1996 1663 2353 1729 comprehendi
2411 1678 2557 1728 posse
2611 1672 2933 1725 statuerunt,
2984 1674 3229 1728 pra’lerea

1762 1729 1910 1781 nihil.
1942 1726 2024 1782 Ex
2048 1726 2244 1782 eodem.

1768 1814 2100 1889 (Deinceps,
2148 1820 2343 1889 inquit,
2375 1836 2467 1875 eos
2510 1820 2808 1885 videamus,
2851 1820 2941 1888 qui
2978 1834 3039 1873 ea
3072 1819 3232 1874 modo

1692 1926 1811 1978 quze
1842 1914 2095 1981 patimur,
2127 1913 2503 1981 comprehendi
2550 1928 2709 1982 posse
2738 1912 3048 1967 defendunt.
3083 1912 3154 1966 Ea
3176 1912 3228 1965 in

1693 2001 1879 2057 haeresi
1913 2002 2062 2057 fuere
2108 2004 2346 2075 Cyrenzei
2391 2005 2629 2074 quidam.
2662 2003 2700 2057 li
2727 2005 2807 2068 sic
2847 2014 3097 2073 tanquam
3124 2004 3231 2058 alto

1691 2093 1921 2158 quodam
1956 2108 2149 2162 sopore
2185 2095 2464 2164 depressi,
2516 2095 2647 2148 nihil
2696 2082 2908 2164 penitus
2940 2110 3057 2149 esse
3086 2093 3230 2148 dice-

1692 2178 1841 2239 bant,
1883 2180 1985 2233 nisi
2020 2180 2065 2233 si
2096 2181 2220 2249 quis
2253 2183 2473 2250 propius
2515 2182 2735 2235 subiens
2772 2181 2891 2234 illos
2928 2181 3234 2234 verberaret

1692 2282 1753 2321 ac
1779 2267 2004 2321 foderet.
2044 2268 2275 2339 Quippe,
2306 2272 2434 2324 dum
2486 2279 2771 2325 urerentur
2810 2286 2872 2324 ac
2900 2280 3228 2331 sccarentur,

1689 2358 1797 2428 pati
1829 2374 1886 2413 se
1915 2359 2139 2427 aliquid,
2164 2361 2265 2414 hoc
2297 2376 2424 2414 vero
2455 2376 2512 2415 se
2542 2377 2737 2424 nosse;
2773 2370 2951 2414 utrum
2982 2361 3119 2430 ignis
3143 2375 3231 2415 es;

1692 2454 1772 2498 set
1804 2446 1944 2513 quod
1976 2454 2174 2508 ureret,
2198 2454 2291 2498 aut
2316 2440 2682 2514 ferrum'quod
2726 2455 2950 2509 secaret,
2986 2444 3085 2497 sibi
3123 2458 3228 2496 non

1691 2536 1909 2604 liquere.
1940 2535 2015 2588 Ex
2058 2539 2158 2590 boc
2187 2536 2461 2591 hominum
2496 2552 2687 2607 genere
2707 2551 3008 2605 quaeramus
3034 2535 3085 2588 in
3118 2536 3222 2604 pri-

1692 2624 1815 2687 mis,
1840 2640 1966 2677 num
1998 2624 2050 2677 id
2082 2625 2268 2679 saltem
2302 2626 2463 2693 probe
2492 2624 2689 2689 norint,
2722 2625 2827 2694 pati
2866 2640 2922 2679 se
2952 2640 3015 2678 ac
3035 2624 3231 2677 sentire

1691 2713 1915 2779 aliquid.
1952 2712 2065 2769 Hoc
2109 2716 2182 2768 illi
2214 2716 2257 2769 si
2289 2716 2558 2781 nesciunt,
2608 2730 2881 2783 perperam
2926 2714 3107 2782 utique
3149 2713 3230 2766 di-

1690 2812 1838 2867 cunt,
1880 2806 2023 2873 quod
2053 2810 2327 2874 patiantur
2378 2806 2477 2860 sibi
2512 2816 2695 2859 notum
2732 2820 2870 2859 esse.
2917 2804 3009 2857 Sin
3049 2812 3230 2858 autem

1670 2894 1795 2974 .hoc
1822 2896 2146 2966 intelligunt,
2182 2912 2292 2950 non
2331 2913 2394 2950 ea
2445 2896 2603 2949 modo
2650 2911 2769 2963 quae
2803 2896 3032 2963 patimur
3079 2909 3228 2948 com-
3332 2972 3335 2979 Ι

1691 2988 1943 3055 prehendi
1960 2995 2206 3056 possunt.
2227 2985 2358 3039 Nam
2381 2987 2556 3040 istbuc
2575 2986 2811 3053 quidem,
2840 2984 2994 3048 Uror,
3009 2986 3228 3053 loquen-

1693 3077 1760 3130 tis
1786 3084 1884 3137 est,
1913 3090 2019 3129 non
2050 3075 2320 3143 patientis.
2366 3074 2627 3128 Praeterea
2674 3074 2831 3127 simul
2862 3075 2974 3129 haec
3003 3076 3102 3127 tria
3130 3081 3227 3143 po—

1693 3176 1889 3220 nantur
1914 3180 2132 3221 necesse
2156 3174 2257 3230 est,
2279 3165 2476 3218 malum
2506 3164 2650 3232 quo‘d
2682 3166 2805 3232 quis
2840 3168 3061 3233 patitur,
3084 3161 3229 3236 quod

1694 3258 1821 3311 illud
1860 3257 2034 3323 an‘ert,
2077 3258 2218 3327 quod
2274 3257 2401 3310 illud
2456 3255 2630 3325 ipsum
2679 3256 2895 3323 patitur.
2944 3255 3229 3311 Enimvero

1691 3348 1785 3415 qui
1839 3349 2038 3401 malum
2082 3348 2293 3411 subeat,
2344 3348 2389 3401 is
2422 3346 2577 3416 plane
2608 3347 2804 3400 sentiat
2852 3356 3080 3415 oportet.
3119 3345 3229 3402 Nec

1692 3438 1836 3489 enim
1870 3434 2131 3505 profecto,
2169 3436 2252 3489 uri
2306 3452 2363 3489 se
2386 3476 2400 3499 ,
2452 3437 2494 3489 si
2531 3435 2666 3490 forte
2717 3446 2900 3490 uretur
2929 3437 3224 3507 intelliget;

1692 3529 1830 3584 idem
1859 3538 2060 3593 tamen,
2099 3526 2282 3596 ipsene
2313 3542 2379 3579 an
2411 3527 2620 3581 vicinus
2673 3536 2880 3592 uratur,
2913 3527 3179 3597 ignorabit
3208 3545 3225 3580 :

1691 3622 1930 3689 adeoque
1974 3634 2140 3682 nunc,
2183 3633 2251 3670 an
2296 3617 2571 3685 superiore
2611 3629 2789 3681 anno;
2826 3606 3049 3671 Athenis
3076 3633 3142 3671 an
3170 3619 3228 3672 in

1693 3709 1954 3781 Egypto;
1979 3710 2232 3762 vivensne
2281 3722 2347 3759 an
2381 3716 2662 3768 mortuus;
2695 3707 2923 3759 homone
2968 3722 3033 3760 an
3069 3707 3224 3777 lapis.

1690 3804 1865 3869 Quare
1911 3801 2070 3855 simul
2121 3800 2281 3853 etiam
2336 3799 2559 3856 noverit.
2611 3813 2639 3849 a
2691 3811 2801 3866 quo
2850 3797 3105 3866 patiatur.
3150 3799 3227 3853 Illi

1689 3894 1965 3946 enimvero
1992 3907 2113 3945 cum
2155 3906 2271 3944 sese
2318 3899 2522 3953 mutuo,
2557 3897 2667 3941 tum
2712 3889 2827 3942 vias
2858 3890 3039 3952 etiam,
3068 3890 3228 3943 urbes

1691 3982 1949 4049 cibosque
1981 3991 2200 4034 norunt.
2238 3978 2345 4032 Sua
2390 3993 2604 4048 quoque
2636 3977 2826 4031 artiﬁci
2875 3988 3001 4031 nota
3030 3979 3228 4031 instru-

1692 4077 1869 4121 menta
1904 4076 2049 4121 sunt.
2096 4066 2284 4121 Medici
2335 4082 2397 4120 ac
2454 4066 2533 4119 rei
2586 4067 2817 4120 nautica
2862 4066 3014 4134 periti
3047 4064 3225 4120 futura

1690 4157 2056 4225 pmsentiunt.
2102 4157 2261 4227 735
2291 4158 2422 4220 lmo,
2446 4173 2479 4211 e
2510 4154 2888 4212 bestiis'etiam
2916 4197 2930 4220 ,
2962 4157 3078 4211 vias
3110 4172 3229 4211 cer-

1689 4248 1758 4300 tis
1805 4260 2017 4315 pressas
2072 4247 2311 4315 vestigiis
2357 4260 2519 4299 canes
2556 4248 2845 4315 reperiunt.
2898 4246 3085 4313 Porro,
3135 4251 3229 4318 qui

1690 4336 1892 4405 aliquid
1916 4336 2135 4404 patitur,
2170 4336 2216 4389 is
2248 4335 2401 4401 quasi
2432 4336 2707 4403 prOprium
2740 4337 2962 4405 aliquid,
3000 4349 3091 4391 aut
3112 4348 3229 4392 tan-

1690 4444 1849 4497 quam
1877 4428 2107 4493 aiienum
2141 4429 2192 4481 id
2226 4426 2414 4484 subeat
2445 4444 2663 4483 necesse
2706 4437 2807 4483 est.
2842 4428 3070 4496 Quinam
3100 4445 3227 4499 ergo

20 4522 242 4582 ῗσασιν,
267 4518 348 4601 ὅτι
370 4518 479 4571 τοδὶ
502 4520 597 4590 μὲν
625 4519 894 4590 αἱρεῖσθαι
924 4520 1081 4591 χρῆν,
1117 4522 1228 4575 τοδὶ
1251 4521 1307 4574 δὲ
1332 4520 1548 4588 φεύγειν
1570 4538 1584 4585 ;

1693 4517 1902 4581 dixerit,
1935 4518 2255 4587 voluptatem
2283 4520 2524 4581 alteram,
2549 4520 2773 4573 alterum
2800 4521 3038 4575 laborem
3065 4535 3185 4575 esse
3205 4520 3231 4572 ?

20 4613 76 4667 ει
104 4610 175 4664 δὲ
218 4608 383 4679 μηδὲν
412 4608 611 4661 τούτων
637 4613 829 4674 γνοῖεν,
862 4613 958 4681 οὐχ
987 4612 1194 4676 ἕξουσιν
1236 4612 1407 4681 ὁρμὴν
1431 4650 1445 4673 ,
1481 4611 1587 4663 οὐδ’

20 4703 220 4775 ιρεξιν
246 4719 259 4729 ’
298 4698 436 4754 οὕτω
463 4700 507 4752 δ’
536 4700 641 4753 οὐδ’
666 4700 729 4753 ἂν
753 4701 865 4766 ζῶα
896 4698 1023 4755 εἷεν.
1067 4703 1265 4755 Γελοῖοι
1296 4702 1403 4772 γάρ
1430 4704 1584 4765 εἰσιν,

20 4784 200 4846 indere
229 4780 455 4857 λέγοιεν,
494 4792 573 4843 ὅτι
596 4789 762 4844 ταῦτα
794 4791 888 4860 μὲν
921 4792 1099 4855 αὐτοῖς
1141 4792 1496 4862 συμϐέϐηκεν,
1526 4791 1590 4843 οὐ

20 4884 138 4955 div
187 4878 341 4930 ἴσασί
382 4895 447 4945 γε
479 4879 594 4942 πῶς
625 4880 717 4932 καί⁵
742 4880 860 4931 τίνα
890 4879 1105 4950 τρόπον.
1138 4874 1293 4933 Οὗτοι
1347 4882 1452 4950 γὰρ
1480 4881 1587 4934 οὐδ’

20 4976 57 5025 ιι
88 4967 393 5039 ἁνθρωτυοι
422 4967 740 5034 πεφύκασιν,
781 4968 885 5021 οὐδ’
908 4969 955 5021 εί
993 4968 1175 5032 ζῶσιν,
1203 4968 1372 5038 ἔχοιεν
1400 4970 1465 5021 ἂν
1517 4971 1591 5021 εί-

20 5065 154 5117 ιιετν
174 5064 201 5089 δ
256 5055 447 5109 οὐκοῦν
473 5046 578 5109 οὔδ’
609 5060 657 5110 εί
708 5058 917 5127 λέγουσι
940 5064 1011 5122 τι,
1044 5062 1133 5112 καὶ
1180 5060 1586 5128 ἀποφαίνονται.

20 5152 185 5223 ίιρὸς
223 5145 290 5215 δὴ
309 5146 431 5208 τοὺς
458 5145 723 5209 τοιούτους
750 5148 832 5211 τίς
874 5148 939 5202 ἂν
968 5150 1053 5217 εῐη
1091 5148 1281 5216 λόγοςς
1316 5146 1589 5217 θαυμάσαι

20 5244 127 5300 Liv
154 5255 258 5301 τις
284 5234 367 5302 ἂν,
401 5238 449 5289 εί
469 5237 716 5305 ἀγνοοῦσι
747 5228 970 5309 πότερον
990 5239 1081 5291 ἐπὶ
1111 5238 1210 5308 τῆς
1239 5237 1340 5307 γῆς
1362 5240 1517 5300 είσιν,
1555 5238 1590 5307 ἦ

20 5353 71 5388 np
110 5328 214 5401 τῷ
237 5326 487 5397 οὐρανῷ·
533 5327 711 5395 uno
747 5326 805 5380 δὲ
853 5326 1327 5399 θαυμασιώτερον,
1392 5329 1440 5379 εί
1494 5328 1592 5379 οὐκ

20 5424 247 5483 ιιδασι,
280 5418 372 5470 καὶ
408 5414 595 5479 ταῦτα,
622 5416 915 5485 φάσκοντες
942 5418 1262 5486 φιλοσοφεῖν,
1299 5414 1406 5489 ἆρά
1433 5434 1497 5485 γε
1525 5416 1593 5470 τὰ

20 5515 290 5580 τέτταρα
318 5506 533 5560 πλείονά
554 5508 696 5561 ἐστιν
723 5497 757 5578 ἦ
779 5506 851 5560 τὰ
874 5506 1027 5577 τρία·
1057 5509 1151 5561 καὶ
1193 5496 1251 5560 eo
1296 5507 1353 5560 ἰν
1402 5496 1496 5561 καὶ
1526 5506 1605 5559 τὰ·

20 5604 113 5657 Βύο
149 5598 317 5653 πόσα
358 5596 521 5653 ἐστίν.
548 5597 681 5650 Οὐδὲ
710 5596 819 5667 γὰρ
846 5596 1069 5661 ὁπόσους
1117 5597 1328 5667 ῑχουσιν
1350 5596 1455 5677 ἐπὶ¹
1486 5597 1593 5650 τῶν

20 5691 256 5767 εειρῶν
284 5687 569 5751 δακτύλους
588 5680 728 5741 οὗτοί
756 5704 819 5755 γε
844 5688 1088 5741 δύνανται
1117 5680 1307 5751 εἰπεῖν,
1341 5687 1458 5740 οὐδὲ
1492 5688 1587 5740 πόα

20 5793 197 5857 τερον
230 5777 666 5843 ικαοτθςαύτῶν
698 5772 775 5839 εἷς
798 5781 940 5830 ἔστιν
970 5778 1003 5846 ἢ
1033 5777 1260 5841 πλείους.
1290 5779 1446 5830 ’Ὥστε
1472 5779 1589 5831 οὐὸὲ

338 5891 599 5953 Ριτιοι.
636 5890 749 5951 Gn.
783 5888 924 5951 XX]
939 5927 959 5950 .-

1693 4609 1912 4675 quinam
1943 4616 2035 4661 aut
2063 4616 2242 4675 gustu,
2271 4618 2363 4660 aut
2382 4610 2520 4670 visu,
2556 4620 2650 4662 aut
2682 4610 2865 4663 auditu
2890 4609 3090 4675 aliquid
3108 4620 3227 4663 sese

1695 4697 1841 4767 pati?
1864 4700 2083 4766 quinam
2112 4706 2328 4766 gustare
2352 4713 2409 4751 se
2443 4698 2643 4766 lingua,
2683 4700 2865 4753 videre
2889 4700 3059 4751 oculis
3079 4741 3093 4763 ,
3130 4713 3229 4753 au-

1695 4787 1843 4840 ribus
1869 4786 2157 4841 exaudirei
2180 4787 2406 4855 Aut,qui
2426 4788 2637 4841 tandem
2660 4786 2947 4854 optandum
2978 4788 3223 4851 alterum,

1694 4877 1914 4930 alterum
1938 4875 2245 4945 fugiendum
2268 4892 2386 4931 esse
2401 4874 3011 4946 cognoscuntiQuorum
3036 4877 3078 4930 si
3098 4878 3227 4930 nihil

1696 4968 1795 5035 ipsi
1824 4976 2055 5033 norunt,
2084 4982 2151 5021 ne
2177 4968 2430 5036 impetum
2458 4969 2669 5037 quidem
2700 4964 2867 5037 ullum
2908 4976 2999 5019 aut
3023 4968 3225 5034 appeti—

1695 5068 1807 5111 tum
1839 5058 2054 5121 habent,
2087 5064 2149 5112 a‘c
2178 5060 2401 5127 proinde
2434 5072 2529 5111 nec
2580 5058 2871 5111 animantia
2913 5067 3056 5111 sunt.
3092 5056 3223 5111 Nam

1693 5148 1915 5201 ridicule
1943 5147 2181 5215 profecto
2210 5149 2527 5217 loquuntur,
2548 5147 2674 5200 dum
2719 5148 2889 5209 aiunt,
2916 5163 2978 5201 ea
3011 5150 3229 5217 quidem

1697 5238 1797 5291 sibi
1818 5238 2051 5302 evenire,
2073 5240 2163 5305 qui
2186 5248 2371 5293 tamen
2383 5245 2472 5291 aut
2492 5238 2941 5305 quemadmodum
2960 5241 3234 5303 eveniant,-

1698 5339 1756 5379 se
1796 5326 2020 5379 nescire.
2053 5324 2156 5391 Qui
2193 5327 2335 5387 enim
2362 5326 2624 5392 ejusmodi
2667 5336 2824 5387 sunt,
2855 5326 2890 5377 ii
2918 5342 3013 5380 nec
3050 5337 3229 5382 utinm

1697 5416 1941 5471 homines
1970 5417 2097 5481 sint,
2128 5432 2225 5472 nec
2252 5424 2431 5471 utrum
2467 5418 2668 5483 vivant,
2699 5417 2962 5473 afﬁrmare
2998 5419 3226 5489 possint,

1698 5506 1938 5573 adeoque
1968 5522 2070 5560 nec
2100 5515 2282 5560 utrum
2324 5506 2523 5574 aliquid
2563 5506 2851 5574 loquantur
2876 5523 2939 5562 ac
2969 5515 3224 5562 statuant.

1697 5594 1833 5651 Cum
1862 5596 1964 5650 hoc
1993 5597 2155 5667 igitur
2188 5596 2464 5650 hominum
2513 5612 2722 5664 genere,
2752 5598 3055 5652 commercii
3100 5598 3228 5665 quid

1699 5686 1916 5740 omnino
1947 5701 2067 5742 esse
2092 5685 2305 5755 possit?
2352 5684 2414 5737 Et
2438 5685 2653 5753 quidem
2698 5689 2892 5741 mirum
2916 5688 3035 5753 jure
3059 5684 3232 5739 vidca-

1702 5788 1808 5843 tnr,
1843 5791 1935 5832 eos
1971 5776 2269 5842 incmlonc,
2296 5790 2363 5829 an
2388 5777 2440 5831 in
2466 5784 2603 5831 terra
2623 5784 2922 5843 vorsentur,
2946 5776 3189 5844 ignorare
3212 5782 3235 5828 2‘

2905 5890 2981 5945 ιο
