4010 6342
843 444 980 502 1265

1524 446 1789 505 susse"
1824 411 2291 501 cmsKntENSIs
2326 443 2474 500 opp.
2505 443 2682 502 rans
2703 444 2767 501 ιι.
2806 476 2878 491 -
2914 440 3400 504 arescentes.
3888 454 3940 507 ιε

841 569 1002 623 etiam
1062 567 1236 622 omnis
1286 564 1487 622 futura.
1545 569 1804 623 Similiter
1845 568 1939 638 qui
1989 568 2166 641 aliqua
2215 570 2280 622 de
2320 574 2424 623 rei

2408 570 2447 623 Α
2476 566 2596 619 νοῦν
2622 568 2715 621 καὶ
2738 569 2908 636 λόγον.
2947 587 2965 619 ι
2989 563 3101 621 Εἶθ’
3120 568 3241 637 ἑξῆς
3269 568 3509 636 ἐπιλέγει
3531 586 3544 600 ·
3572 589 3590 620 ι
3628 570 3781 622 Ἐπεὶ
3795 563 3964 641 δ’ἐτιή

844 667 937 713 aut
961 659 1270 724 deliberant,
1299 667 1393 714 aut
1428 659 1640 729 judices
1679 661 1889 723 sedent,
1916 660 2060 729 quod
2087 668 2249 730 agant
2273 659 2373 712 ha-

842 746 1039 802 bebunt
1064 748 1213 802 nihil.
1258 748 1517 819 Quodque
1560 750 1716 819 longe
1754 750 2129 819 gravissimum
2167 758 2269 813 est,
2310 749 2374 802 ii-

841 836 961 890 dem
996 837 1149 905 probi
1201 838 1363 892 simul
1420 846 1574 892 erunt
1624 846 1678 892 et
1720 837 1970 907 improbi,
2004 837 2147 892 idem
2188 838 2375 891 vitium

844 943 907 981 ac
952 928 1123 983 virtus
1168 929 1289 983 erit.
1352 928 1665 997 Cujusmodi
1710 930 1964 999 pleraque
2004 929 2108 983 alia
2148 927 2377 997 proferri

844 1028 1081 1085 queant:
1126 1019 1218 1073 sed
1266 1020 1509 1089 pluribus
1558 1020 1841 1074 adversum
1884 1020 2019 1074 istos
2070 1019 2377 1073 rationibus

845 1113 924 1167 uti
955 1128 1409 1184 supervacaneum
1441 1114 1530 1181 sit,
1559 1114 1651 1183 qui
1677 1129 1735 1168 se
1782 1129 1882 1169 nec
1927 1112 2127 1168 mentis
2155 1127 2255 1168 nec
2290 1128 2377 1166 ra-

844 1206 1003 1261 tionis
1038 1206 1326 1276 quidquam
1346 1206 1539 1260 habere
1562 1206 1905 1260 arbitrantur.
1937 1223 1955 1256 ι
1986 1204 2108 1260 Haec
2132 1204 2239 1271 ille,
2264 1205 2378 1274 qui-

841 1298 942 1351 bus
953 1296 1200 1366 deinceps
1216 1313 1334 1367 qua:
1349 1307 1662 1367 sequuntur,
1683 1297 1952 1367 adjungit:
1979 1317 1997 1348 ι
2018 1297 2082 1351 Et
2100 1298 2373 1365 quoniam,

844 1389 1039 1455 inquit,
1070 1388 1316 1442 nonnulli
1366 1396 1491 1442 sunt
1538 1388 1855 1451 etiamnum,
1886 1388 1976 1457 qui
2003 1403 2215 1442 omnem
2249 1403 2374 1443 sen-

846 1495 965 1533 sum
996 1494 1059 1531 ac
1096 1478 1272 1532 visum
1310 1492 1467 1532 omne
1514 1492 1696 1531 verum
1756 1492 1877 1532 esse
1921 1478 2125 1544 velint;
2178 1478 2245 1533 de
2295 1478 2377 1532 his

843 1572 1003 1624 etiam
1037 1584 1204 1638 pauca
1254 1569 1514 1623 dicamus.
1576 1568 1755 1622 Vereri
1795 1571 1936 1622 enim
1987 1569 2254 1633 videntur,
2312 1584 2379 1623 ne

843 1659 999 1725 forte,
1029 1660 1071 1713 si
1101 1675 1316 1713 sensum
1350 1658 1579 1728 aliquem
1609 1658 1798 1713 falsum
1832 1674 1950 1714 esse
1982 1659 2236 1721 dixerint,
2262 1673 2379 1714 cer-

845 1762 951 1807 tam
983 1751 1205 1821 proinde
1235 1751 1435 1804 nullam
1480 1766 1543 1803 ac
1588 1749 1688 1803 fide
1734 1751 1950 1821 dignam
1988 1750 2042 1803 in
2084 1749 2377 1819 judicando

842 1842 1079 1915 regulam
1100 1840 1333 1895 habituri
1364 1840 1500 1894 sint:
1534 1854 1632 1893 nec
1651 1839 1853 1893 interea
1876 1840 2079 1901 vident,
2102 1839 2204 1893 hoc
2225 1839 2377 1907 plane

2477 658 2581 709 εισι
2619 674 2757 721 τινες
2779 698 2793 721 ,
2832 658 2881 710 οἰ
2921 659 3098 711 πᾶσαν
3128 657 3375 729 αἴσθησιν
3399 660 3491 711 καὶ
3521 660 3707 712 πᾶσαν

2477 747 2649 819 ἀληθῆ
2674 748 2915 817 λέγοντες
2936 744 3092 814 εἶναι,
3122 751 3288 821 μικρὰ
3311 752 3402 802 καὶ
3441 751 3569 821 περὶ
3622 749 3828 803 τοῦαων
3868 744 3947 819 εἶπέ

2479 856 2593 908 μεν.
2653 839 2895 892 Ἐοίκασι
2948 840 3053 911 γὰρ
3082 832 3225 891 οῦτοι
3272 856 3334 907 γε
3360 839 3683 901 δεδοικέναι,
3721 832 3964 912 μήποτεᾹ

2475 928 2684 998 ψευδεῖς
2714 931 2914 983 εἴποιεν
2938 931 3215 1001 αἰσθήσεις
3243 926 3376 984 εἷναί
3407 949 3576 995 τινας,
3628 932 3733 984 οὐκ
3766 933 3828 985 ἂν
3855 934 3955 1003 σχῶ

2474 1023 2535 1074 τὸ
2563 1022 2836 1093 κριτήριον
2859 1024 2950 1075 καὶ
2974 1022 3062 1075 τὸν
3091 1022 3287 1077 κανόνα
3318 1022 3529 1092 βέϐαιον
3549 1063 3580 1097 _._
3611 1023 3719 1075 οὐδ’
3756 1022 3960 1093 ἐχέγτιή

2476 1113 2586 1181 Οὐχ
2610 1112 2773 1183 ὁρῶσι
2802 1112 2877 1176 δὲ,
2901 1112 2975 1175 ὡς
3003 1113 3099 1165 οὐκ
3124 1112 3188 1165 ἂν
3217 1112 3464 1181 φθάνοιεν
3496 1112 3637 1165 οὕτω
3678 1130 3767 1180 γε,
3819 1117 3900 1166 καὶ

2474 1203 2627 1267 δόξας
2653 1206 2865 1269 ἁπάσας
2909 1205 3123 1276 ἀληθεῖς
3150 1206 3563 1273 ἀποφαίνοντες·
3591 1204 3765 1258 πολλὰ
3812 1208 3909 1276 γὰρ
3946 1203 3966 1276 l

2476 1299 2566 1349 καὶ
2621 1297 2842 1361 ταύταις
2882 1297 3201 1368 πεφύκαμεν
3251 1298 3490 1369 κρίνειν·
3525 1298 3619 1349 καὶ
3666 1297 3821 1350 οὐδὲν

2475 1389 2708 1455 ἀξιοῦσιν
2734 1390 2910 1444 αὐτῶν
2931 1391 3027 1453 τὰς
3058 1392 3152 1462 μὲν
3173 1389 3386 1459 ἀληθεῖς
3413 1383 3569 1453 εἴναι,
3598 1391 3694 1451 τὰς
3718 1389 3775 1441 δὲ

2479 1481 2703 1533 Ἔπειτα
2732 1480 2786 1532 δὲ
2820 1480 3033 1533 σκοπῶν
3068 1480 3167 1533 ἴδοι
3194 1497 3275 1542 τις
3304 1480 3389 1542 ἂν,
3415 1478 3536 1531 οὐδὲ
3578 1479 3683 1531 τῶν
3717 1479 3885 1532 ἄλλων

2475 1569 2673 1639 τηρίων
2702 1570 2810 1622 αἰεὶ
2832 1569 2922 1622 καὶ
2951 1569 3038 1622 διὰ
3060 1569 3255 1631 παντὸς
3284 1567 3509 1637 ἀψευδὲς
3538 1568 3693 1619 οὐδέν
3713 1586 3727 1597 ’
3760 1562 3864 1621 οἷον

2477 1662 2657 1729 ζυγὸν,
2692 1664 2725 1732 ἢ
2771 1664 2973 1734 τόρνον,
3010 1664 3044 1732 ἡ
3098 1680 3147 1715 τι
3186 1662 3294 1725 τῶν
3321 1660 3606 1714 τοιούτων·
3654 1660 3771 1713 ἀλλ’
3803 1662 3921 1713 Ξκας

2475 1750 2671 1813 αὐτῶν,
2704 1750 2799 1803 ὡδὶ
2834 1751 2930 1820 μὲν
2964 1751 3102 1819 ἔχον,
3138 1752 3282 1817 ὑγιές
3318 1753 3483 1817 ἐστιν,
3514 1751 3610 1803 ὡδὶ
3632 1751 3711 1815 δὲ,
3742 1739 3966 1821 μοχθηρέ

2478 1842 2573 1894 καὶ
2620 1842 2826 1893 τουτονὶ
2889 1842 2985 1911 μὲν
3013 1829 3305 1910 χρωμένων
3354 1840 3443 1893 τὸν
3473 1840 3671 1911 τρόπον
3707 1880 3721 1904 ,
3760 1839 3944 1909 ἀληθεᾶ

843 1935 1017 2004 sequi,
1068 1942 1128 1986 ut
1174 1931 1453 2001 Opiniones
1482 1945 1669 1984 omnes
1712 1945 1867 1984 veras
1913 1945 2031 1985 esse
2068 1904 2426 1993 defendant,l

2362 1968 2377 1993 ,
2410 1904 2452 1958 Β
2478 1934 2683 1986 τουτονὶ
2713 1932 2789 1993 δὲ,
2839 1904 3105 1999 ψεύδεται.
3134 1904 3247 1984 Καὶ
3277 1931 3378 2001 μὴν
3409 1934 3459 1984 ετ
3482 1904 3545 1999 γε
3580 1933 3732 1983 πᾶσα
3783 1904 3944 2002 αἴσθηι

844 2038 965 2077 cum
998 2038 1181 2077 earum
1211 2021 1269 2074 in'
1295 2020 1561 2091 plerisque
1600 2019 1860 2087 judicium
1890 2018 2041 2088 sequi
2070 2019 2373 2073 soleamus:

841 2130 1017 2187 neque
1046 2124 1225 2170 tamen
1274 2129 1429 2169 veras
1464 2114 1614 2180 alias,
1664 2114 1799 2168 alias
1845 2120 2031 2166 contra
2062 2110 2224 2166 falsas
2251 2126 2377 2181 pro-

844 2205 1089 2259 nuntiare
1144 2204 1413 2259 desinunt.
1463 2202 1661 2257 Deinde
1702 2202 1792 2269 qui
1843 2200 2097 2255 attentius
2144 2202 2380 2271 cogitare

844 2296 1000 2363 volet,
1052 2296 1096 2350 is
1128 2294 1272 2349 aliud
1304 2310 1369 2349 ex
1398 2295 1463 2349 iis
1490 2294 1640 2359 nihil,
1680 2294 1875 2363 quibus
1904 2302 2157 2365 tanquam
2190 2295 2377 2364 judicii

843 2387 1038 2455 regulis
1060 2384 1287 2451 'utimur,
1341 2402 1501 2441 omne
1554 2386 1775 2441 omnino
1830 2385 2028 2441 falsum
2061 2401 2125 2441 ac
2167 2400 2379 2457 semper

840 2478 1119 2532 excludere
1154 2477 1472 2545 comperiet:
1508 2476 1653 2529 verbi
1681 2491 1843 2531 causa
1872 2477 2102 2540 lancem,
2136 2484 2373 2542 tornum,

842 2575 1137 2635 ceteraque
1170 2566 1222 2619 id
1265 2581 1449 2635 genus.
1497 2564 1781 2631 Quodlibet
1806 2566 1946 2621 enim
1980 2566 2107 2620 dum
2148 2576 2292 2622 certo
2316 2582 2377 2623 se

842 2656 1001 2710 modo
1029 2656 1205 2718 habet.
1238 2671 1429 2712 sanum
1453 2666 1534 2711 est
1558 2675 1572 2710 :
1609 2657 1737 2710 dum
1774 2672 1933 2713 secus
1958 2697 1972 2720 ,
2018 2673 2241 2727 pravum
2270 2676 2282 2713 :
2310 2674 2375 2713 eo

841 2745 967 2802 dum
1008 2748 1086 2802 sic
1115 2747 1299 2816 uteris,
1331 2763 1517 2803 verum
1567 2757 1682 2815 est;
1742 2749 1871 2802 dum
1929 2749 2105 2812 aliter,
2158 2748 2371 2806 falsum.

839 2836 993 2903 Quod
1026 2838 1070 2893 si
1120 2854 1312 2893 sensus
1341 2838 1516 2893 omnis
1560 2854 1719 2894 verus
1775 2849 1939 2906 esset,
1982 2850 2191 2896 tantum
2239 2843 2376 2897 inter

840 2943 932 2983 eos
957 2928 1283 2983 discriminis
1324 2924 1443 2982 esse
1492 2944 1597 2982 non
1630 2930 1865 2984 deberet.
1911 2932 2073 3000 Atqui
2128 2933 2374 2988 cominus

840 3027 981 3073 certe
1010 3018 1097 3071 alii
1125 3026 1268 3082 sunt,
1300 3019 1513 3071 eminus
1538 3017 1665 3072 alii:
1698 3021 2070 3088 :egrotantium
2104 3037 2167 3076 ac
2195 3023 2375 3076 valen-

840 3108 997 3169 tium,
1027 3109 1316 3177 peritorum
1352 3116 1405 3162 et
1440 3108 1830 3175 imperitorum,
1865 3110 2208 3177 prudentium
2242 3112 2375 3167 stul-

2477 2022 2679 2092 ἀληθὴς
2704 2017 2792 2093 ἦν,
2814 2023 2912 2075 οὐκ
2935 2022 3040 2074 ἔδει
3068 2021 3315 2073 τοσοῦτον
3331 2021 3602 2091 διαφέρειν
3626 2022 3815 2084 αὑτάς.
3844 2017 3958 2081 ’Δλι

2478 2113 2583 2182 γάρ
2609 2116 2741 2165 εἰσιν
2773 2112 2995 2181 ἐγγύθεν
3026 2112 3117 2164 καὶ
3150 2112 3449 2183 πόρρωθεν,
3478 2112 3567 2165 καὶ
3604 2113 3895 2165 νοσούντων

2478 2205 2815 2273 ἐρρωμένων,
2841 2204 2935 2257 καὶ
2958 2203 3211 2272 τεχνιτῶν
3229 2204 3322 2256 καὶ
3343 2204 3597 2272 ἀτέχνων,
3622 2204 3718 2256 καὶ
3759 2203 3957 2275 φρσνίεή

2478 2294 2570 2345 καὶ
2596 2294 2859 2361 ἀφρόνων.
2894 2292 3003 2355 Τὰς
3037 2292 3094 2345 δὲ
3124 2292 3185 2362 δὴ
3213 2294 3319 2345 τῶν
3349 2293 3664 2363 μεμηνότων
3685 2294 3946 2346 «minus:

2476 2384 2541 2437 ἂν
2566 2386 2647 2454 εἴη
2677 2384 2870 2436 ἄτοπον
2896 2383 3070 2450 λέγειν
3100 2382 3312 2452 ἀληθεῖς
3326 2379 3482 2445 εἶναι,
3511 2384 3605 2436 καὶ
3630 2384 3732 2446 τὰς
3765 2384 3868 2437 τῶν
3888 2379 3962 2454 πή

2479 2474 2722 2546 ορὼντων
2762 2474 2851 2526 καὶ
2894 2472 3320 2545 παρακουόντων.
3367 2472 3566 2543 Εῦηθες
3618 2475 3727 2543 γὰρ
3777 2462 3964 2543 ἃνῆνξ

2474 2566 2777 2635 λεγόμενον,
2808 2566 2881 2627 ὠς
2908 2566 2937 2616 ὀ
2964 2564 3215 2635 παρορῶν
3242 2565 3359 2634 ἢτοι
3396 2565 3495 2634 ὁρᾷ
3522 2564 3554 2633 ἢ
3585 2566 3685 2635 οὐχ
3736 2566 3862 2635 ὁρᾷ.
3890 2566 3942 2616 QII

2475 2658 2580 2727 γὰρ
2606 2658 2668 2710 ἀν
2692 2673 2773 2719 τις
2796 2696 2809 2717 ,
2857 2656 2936 2707 ὅτι
2970 2657 3067 2726 ὁρᾷ
3104 2654 3221 2724 μὲν,
3273 2654 3383 2706 ἀλλ’
3414 2655 3513 2707 οὐκ
3557 2654 3754 2724 ὀρθῶς.
3802 2657 3948 2707 Ὀπότ

2479 2750 2655 2819 μέντοι
2687 2746 2875 2815 φῶσιν,
2908 2746 2982 2808 ὼς
3018 2749 3049 2815 ἡ
3090 2745 3185 2815 μὲν
3217 2744 3493 2814 αἴσθησις,
3521 2740 3656 2798 οὖσα
3690 2746 3880 2810 ἀλογος
3900 2729 3966 2821 ,ᾇ

2474 2839 2560 2892 δὲν
2586 2837 2951 2909 προστίθησιν,
2979 2837 3084 2889 οὐδ’
3115 2838 3336 2905 ἀφαιρεῖ
3360 2878 3373 2899 ,
3415 2837 3694 2904 φαίνονται
3718 2837 3946 2903 satme

2474 2931 2568 3001 οὐχ
2598 2929 2843 3001 ὁρῶντες.
2880 2927 3002 2981 Ἐπὶ
3027 2928 3132 2999 γάρ
3162 2928 3256 2981 τοῦ
3288 2928 3515 2999 ὲρετμοῦ
3551 2927 3647 2979 τοῦ
3670 2930 3727 2979 ὲν
3758 2926 3837 2996 τῷ

2475 3023 2611 3075 κάπὶ
2654 3021 2759 3073 τῶν
2794 3019 3038 3091 γραφῶν,
3073 3019 3165 3072 καὶ
3213 3020 3429 3089 μυρίωντ
3461 3018 3658 3081 ἄλλων,
3715 3020 3752 3087 ή
3784 3015 3953 3095 afﬁni

2475 3115 2616 3165 ἐστιν
2646 3114 2681 3182 ή
2701 3111 2979 3164 ἀπατῶσα.
3005 3111 3095 3163 Διὺ
3111 3110 3204 3163 καὶ
3226 3108 3548 3179 μεμφόμεθα
3575 3110 3783 3171 πάντες
3814 3110 3898 3161 ἐπὶ
3918 3123 3943 3162 1

840 3205 1123 3264 torumque
1160 3197 1465 3251 dissimiles.
1522 3196 1655 3252 Nam
1704 3196 2032 3253 furiosorum
2083 3212 2225 3254 certe
2250 3202 2423 3283 (μή-ί

2404 3226 2449 3287 C
2478 3204 2728 3257 τοιούτων
2768 3203 2828 3254 οὑ
2871 3202 2962 3254 τὸν
2992 3201 3113 3253 νοῦν
3162 3202 3347 3271 ἡμῶν,
3381 3200 3513 3254 ἀλλὰ
3549 3200 3649 3270 τὴν
3710 3196 3965 3287 φαντασξ

842 3286 984 3349 dem,
1018 3294 1110 3339 aut
1139 3297 1325 3340 eorum
1362 3289 1454 3355 qui
1505 3304 1779 3357 perperam
1821 3290 2023 3358 aliquid
2054 3291 2232 3346 vident
2274 3308 2371 3347 au-

842 3377 1059 3431 diuntve
1102 3393 1310 3442 sensus,
1351 3393 1506 3433 veros
1560 3380 1848 3448 appellare,
1888 3381 2045 3453 longe
2100 3384 2372 3453 ineptissi-

840 3484 987 3523 mum
1022 3468 1197 3523 fuerit.
1252 3470 1413 3541 768
1444 3470 1653 3539 Quippe
1685 3471 1915 3540 simplex
1948 3474 2171 3528 nimium
2209 3476 2254 3530 is
2286 3489 2373 3529 es-

841 3569 941 3625 set,
975 3560 1063 3628 qni
1098 3575 1252 3616 secus
1274 3561 1541 3615 videntem
1570 3570 1661 3615 aut
1686 3561 1867 3617 videre
1892 3564 2110 3630 diceret,
2151 3573 2244 3618 aut
2269 3580 2371 3619 non

839 3648 1037 3704 videre.
1095 3650 1278 3715 Quivis
1300 3652 1444 3705 enim
1480 3653 1820 3720 respondeat,
1857 3653 2039 3709 videre
2072 3654 2221 3707 illum
2247 3656 2372 3723 qui-

840 3740 980 3800 dem,
1005 3749 1057 3792 at
1089 3755 1383 3807 perperam.
1445 3740 1579 3795 Dum
1614 3752 1790 3796 autem
1822 3744 2026 3797 addunt
2085 3761 2299 3800 sensum
2342 3761 2372 3798 a

842 3828 1046 3881 ratione
1093 3828 1435 3882 dissidentem
1486 3830 1615 3881 nihil
1665 3832 1879 3895 addere,
1955 3831 2166 3886 auferre
2214 3833 2368 3895 nihil,

839 3932 959 3987 quae
990 3918 1221 3971 maxime
1262 3919 1418 3972 obvia
1450 3929 1593 3981 sunt,
1634 3935 1696 3972 ea
1738 3937 1793 3975 se
1856 3938 1960 3976 non
1994 3924 2172 3978 videre
2194 3924 2369 3992 palam

840 4008 1142 4063 ostendunt.
1182 4005 1316 4061 Nam
1343 4008 1395 4061 in
1426 4023 1595 4069 remo,
1632 4025 1791 4081 quem
1820 4012 1871 4064 in
1905 4028 2043 4082 aqua
2076 4016 2367 4076 cernimus.

840 4099 894 4152 in
924 4098 1167 4167 picturis,
1192 4097 1416 4167 aliisque
1448 4103 1735 4165 sexcentis,
1768 4116 1963 4156 sensus
1992 4103 2105 4171 ipse
2146 4118 2247 4158 nos
2272 4103 2372 4157 fal-

840 4187 921 4240 lit.
973 4188 1153 4257 ltaque
1180 4188 1281 4241 hoc
1305 4203 1482 4243 rerum
1519 4190 1571 4243 in
1618 4206 1830 4261 genere,
1857 4208 1961 4246 non
1996 4202 2248 4261 mentem,
2282 4196 2371 4249 sed

840 4281 1014 4335 visum
1044 4280 1144 4349 ipsi
1177 4291 1418 4337 nostrum
1451 4298 1673 4354 arguere
1714 4288 2113 4342 consuevimus.
2153 4288 2221 4342 Et
2248 4304 2372 4343 vero

839 4388 959 4443 quae
994 4374 1367 4444 cogitationem
1414 4392 1625 4455 omnem
1657 4394 1838 4433 veram
1872 4394 1991 4433 esse
2039 4382 2369 4448 pronuntiat,

838 4481 901 4519 ea
933 4481 1112 4520 secum
1142 4467 1254 4535 ipsa
1282 4479 1481 4538 pugnat
1517 4473 1712 4525 oratio.
1757 4468 2009 4523 Nostram
2042 4473 2185 4525 enim
2233 4483 2373 4527 certe

2486 3296 2719 3365 Ἐλέγχει
2764 3296 2872 3365 γὰρ
2899 3296 2927 3346 ό
2974 3292 3130 3361 λόγος
3162 3293 3320 3355 αὐτὸς
3367 3292 3584 3355 ἑαυτὸν,
3617 3292 3789 3355 ἀξιῶν
3822 3292 3960 3365 ἅπαᾲ

2473 3388 2645 3459 ἀληθῆ
2672 3386 2963 3455 φαντασίαν
2994 3380 3150 3437 εἶναι.
3176 3384 3283 3453 Τὴν
3311 3385 3415 3455 γὰρ
3436 3383 3729 3454 ἡμετέραν,
3752 3384 3819 3439 δι’
3844 3380 3959 3459 ἦγέ

2471 3478 2688 3547 οἰόμεθα
2733 3478 2909 3528 πᾶσαν
2946 3469 3080 3525 εἶναι
3113 3473 3385 3541 τοιαύτην,
3429 3473 3592 3542 ψευδῆ
3631 3475 3854 3537 πάντως
3891 3476 3946 3526 ἀπ

2473 3568 2665 3634 φαίνει.
2700 3563 2986 3634 Συμΰαίνει
3031 3561 3208 3613 τοίνυν
3260 3563 3437 3625 αὐτοῖς
3472 3562 3695 3616 ἃπασαν
3734 3555 3965 3636 gamma!

2472 3655 2639 3726 ἀληθῆ
2680 3655 2773 3707 καὶ
2800 3653 2965 3721 ψευδῆ
2992 3651 3166 3718 λέγειν
3198 3649 3355 3705 εἶναι.
3401 3652 3642 3705 Καθόλου
3689 3654 3746 3707 δὲ
3790 3656 3920 3724 ἁμαρ

2472 3765 2664 3811 νουσιν,
2699 3745 2987 3809 ἀξιοῦντες,
3016 3746 3173 3797 όποία
3200 3744 3265 3797 ἂν
3292 3746 3419 3815 ἡμῖν
3461 3745 3722 3813 φαίνηται
3769 3748 3840 3799 τὰ
3896 3763 3932 3812 η

2486 3853 2682 3905 γματα,
2710 3833 2926 3887 τοιαῦτα
2959 3834 3051 3887 καὶ
3080 3830 3234 3886 εἶναι.
3263 3833 3575 3889 Τοὺναντίον
3599 3833 3734 3903 γάρ,
3760 3838 3908 3887 ὁποῖα

2473 3944 2627 3995 φυκε,
2654 3924 2871 3977 τοιαῦτα
2896 3925 3159 3992 φαίνεται,
3187 3923 3277 3976 καὶ
3292 3923 3387 3991 οὐχ
3413 3924 3574 3991 ἡμεῖς
3601 3923 3749 3976 αὐτὰ
3778 3914 3963 3994 aeto-3's:

2472 4017 2639 4081 0"me
2660 4017 2821 4087 ἔχειν,
2848 4016 2958 4069 ἀλλ’
2991 4017 3081 4068 ὑπ’
3109 4016 3331 4069 ἐκείνων
3352 4014 3501 4067 αὐτοὶ
3519 4014 3875 4085 διατιθέμεθά
3894 4012 3957 4071 πή

2485 4108 2634 4160 Ἐπεὶ
2676 4107 2765 4159 καὶ
2798 4106 2999 4173 γελοῖον
3031 4106 3113 4177 εῐη
3146 4105 3211 4158 ἂν
3236 4144 3251 4169 ,
3285 4106 3333 4157 εί
3384 4103 3803 4176 διανοηθείημςν
3849 4110 3945 4177 mn

2473 4198 2655 4268 ὥσπερ
2678 4198 2727 4249 οἱ
2756 4196 3029 4267 ζωγράφοι
3067 4197 3161 4249 καὶ
3185 4195 3434 4257 πλάσται,
3455 4194 3735 4259 σκύλακας
3769 4196 3803 4267 ἢ
3849 4188 3955 4266 χιμή

2476 4306 2590 4359 ρας,
2621 4288 2800 4367 ἀξιοῦν
2829 4288 2987 4351 εὐθὺς
3021 4283 3155 4349 εἶναι
3177 4286 3366 4351 ταῦτα,
3390 4287 3480 4339 καὶ
3516 4286 3607 4339 διὰ
3639 4288 3803 4341 τοῦτο
3834 4283 3963 4367 φακῆ

2473 4380 2677 4443 ζεσθαι,
2712 4379 2959 4448 καθάπερ
2982 4379 3212 4449 εὐτρεπῆ
3252 4378 3537 4449 παρέσται.
3587 4398 3605 4430 ι
3637 4381 3790 4433 Διότι

2473 4470 2570 4522 οὐκ
2597 4469 2768 4540 ὀρθῶς
2798 4469 3041 4535 λέγουσιν
3066 4468 3115 4518 οἱ
3143 4468 3435 4534 φάσκοντες
3463 4462 3601 4521 εἶναι
3636 4472 3820 4522 πᾶσαν
3846 4462 3965 4544 αῐᾷ

839 4558 1079 4625 quidem,
1112 4575 1231 4627 quae
1254 4575 1360 4614 non
1389 4560 1650 4629 ejusmodi
1684 4560 1976 4630 quamlibet
1997 4575 2117 4614 esse
2142 4562 2372 4615 arbitra-
2404 4561 2422 4616 1

2307 4578 2372 4615 ἐ-
2404 4561 2447 4616 D
2477 4578 2578 4623 σιν,
2636 4561 2729 4613 καὶ
2760 4561 2934 4612 πᾶσαν
2972 4558 3262 4626 φαντασίαν
3288 4556 3479 4627 ἀληθῆ,
3505 4557 3666 4625 δῆλον
3698 4562 3765 4612 ἐκ
3810 4561 3890 4613 του

839 4654 944 4714 tur,
971 4647 1158 4703 falsam
1192 4650 1403 4717 penitus
1424 4665 1541 4704 esse
1562 4652 1848 4705 concludit.
1885 4650 2139 4721 Sequitur
2169 4652 2370 4720 itaque,

839 4745 898 4789 ut
932 4738 1101 4792 visum
1134 4754 1291 4793 omne
1316 4755 1500 4794 verum
1531 4741 1689 4795 simul
1730 4758 1793 4795 ac
1814 4741 2012 4795 falsum
2042 4758 2163 4796 esse
2186 4741 2371 4796 defen-

839 4827 984 4880 dant.
1020 4829 1282 4884 Cancrum
1318 4832 1461 4900 quod
1491 4833 1750 4901 ejusmodi
1793 4850 1881 4888 res
1911 4848 2032 4887 esse
2063 4834 2246 4898 velint,
2278 4848 2374 4887 cu-

835 4918 1066 4985 jnsmodi
1102 4922 1252 4977 nobis
1278 4924 1547 4987 videntur,
1588 4932 1697 4976 toto
1734 4924 1867 4977 etelo
1914 4933 2132 4989 errant;
2186 4933 2372 4977 contra

837 5009 999 5071 enim,
1031 5011 1328 5077 cujusmodi
1356 5023 1542 5082 suapte
1592 5022 1783 5068 natura
1813 5022 1957 5078 sunt,
1989 5013 2255 5081 ejusmodi
2290 5015 2369 5067 vi-

838 5099 948 5151 deri
988 5100 1187 5153 solent:
1229 5118 1325 5157 nec
1377 5105 1428 5157 in
1466 5119 1631 5159 causa
1666 5118 1853 5157 sumus
1890 5105 2239 5171 quamobrem
2296 5106 2368 5159 ita

838 5206 895 5244 se
918 5192 1167 5252 habeant.
1210 5194 1302 5247 sed
1333 5194 1399 5246 ab
1427 5195 1493 5248 iis
1524 5194 1699 5263 potius
1752 5202 1903 5247 certo
1936 5193 2170 5263 quodam
2207 5196 2371 5248 modo

839 5278 1113 5339 afﬁcimur.
1162 5279 1391 5334 Ridiculi
1432 5283 1706 5336 enimvero
1760 5280 1950 5343 simus,
1997 5280 2043 5335 si
2096 5282 2244 5343 dum,
2293 5282 2373 5335 uti

838 5371 1069 5437 pictores
1126 5371 1447 5439 fictoresque
1476 5372 1669 5437 solent,
1706 5370 1915 5426 catulos
1956 5378 2048 5425 aut
2090 5372 2371 5427 chimaeras

838 5460 1153 5527 cogitamus,
1202 5476 1267 5515 ea
1321 5461 1549 5514 velimus
1591 5475 1708 5515 esse
1754 5460 2029 5525 continuo,
2083 5462 2371 5531 animoque

2488 4649 2643 4702 Ἀλλά
2680 4649 2787 4719 γὰρ
2817 4648 2908 4700 καὶ
2934 4647 3133 4699 τούτων
3166 4646 3333 4710 οὕτως
3357 4646 3607 4716 ἑχόντων,
3636 4644 3800 4713 αὖθις
3825 4653 3871 4701 cl

2474 4744 2563 4795 τὸν
2603 4741 2933 4811 Ἐπίκουρον,
2959 4740 3023 4799 ἐκ
3046 4740 3139 4809 τῆς
3194 4738 3547 4809 Ἀριστίππου
3575 4738 3830 4808 διαδοχῆς

2480 4847 2644 4900 μενοι,
2676 4831 2848 4882 πάντα
2897 4828 3084 4897 ἡδονῆς
3114 4827 3340 4897 ὲξῆπτον
3381 4829 3474 4880 καὶ
3521 4816 3856 4896 αἰσθήσεως,
3896 4846 3924 4895 μ

2477 4922 2543 4973 τὰ
2573 4922 2716 4989 πάθη
2749 4918 3082 4988 καταληπτά,
3134 4920 3224 4969 καὶ
3249 4918 3397 4980 τέλος
3441 4916 3661 4984 ἀγαθῶν
3711 4918 3811 4987 τὴν
3843 4919 3938 4987 ήόοι

2477 5008 2609 5065 εἷναι
2655 5012 2971 5083 ὁριζόμενοι.
3022 5010 3250 5077 Λέγεται
3285 5008 3388 5060 δὲό
3422 5006 3747 5080 Ἐπίκουρος
3791 5010 3889 5062 ὑπο

2478 5120 2635 5157 τινων
2678 5103 2898 5173 μηδενὸς
2946 5101 3255 5172 ἀκηκοέναι,
3288 5100 3523 5177 ἐντυχεῖν
3554 5099 3612 5150 δὲ
3642 5103 3762 5165 τοῖς
3788 5099 3893 5152 τῶν

2476 5193 2634 5245 λαιῶν
2682 5193 3117 5263 συγγράμμασιν,
3145 5190 3249 5243 ὑπό
3279 5206 3439 5242 τινων
3471 5190 3515 5241 δ’
3538 5190 3627 5244 ὅτι
3661 5193 3837 5262 ﬁmus

2474 5286 2721 5353 κράτους,
2744 5282 2964 5353 ὕστερον
2986 5281 3042 5333 δὲ
3069 5280 3161 5331 καὶ
3194 5279 3568 5348 Ναυσιφάνους
3612 5282 3712 5335 τοῦ
3742 5281 3908 5352 nassa

2473 5377 2756 5446 γενομένου
2783 5374 3072 5443 γνωρίμου.
3101 5373 3230 5426 Τίνα
3257 5373 3320 5443 δὴ
3353 5368 3444 5427 οὖν
3483 5372 3577 5426 καὶ
3601 5370 3674 5425 τά
3706 5374 3844 5439 arpi:
3864 5370 3914 5423 si

2475 5462 2834 5533 ἀντειρημένα
2854 5462 3107 5533 τυγχάνει
3129 5461 3465 5534 θεασώμεθα.

837 5547 1054 5613 proinde
1084 5550 1342 5605 rationem
1371 5548 1741 5613 informemus,
1774 5566 1880 5619 qua
1933 5551 2117 5603 eadem
2171 5552 2286 5613 suis
2340 5555 2586 5611 absoluta
2625 5553 2864 5607 numeris
2895 5552 3241 5606 habeamus.»
3310 5553 3484 5621 Atque
3532 5566 3600 5607 ex
3661 5553 3755 5608 his
3806 5549 3966 5621 omni

836 5646 1061 5701 constat,
1110 5652 1271 5708 quam
1336 5637 1477 5692 male
1523 5636 1984 5707 philosophentur,
2037 5638 2128 5706 qui
2183 5654 2396 5696 omnem
2440 5656 2656 5697 sensum
2714 5655 2777 5695 ac
2841 5640 3016 5694 visum
3068 5653 3229 5693 omne
3255 5653 3441 5693 verum
3494 5652 3615 5694 sese
3646 5639 3861 5697 docent
3906 5636 3965 5714 ιιι

834 5724 991 5779 desiit
1050 5737 1226 5782 tamen
1300 5726 1582 5796 Epicurus,
1629 5741 1695 5779 ex
1746 5728 2004 5796 Aristippi
2040 5728 2283 5789 doctrina
2352 5736 2689 5787 occasionem
2737 5729 3018 5799 arripiens,
3063 5742 3127 5782 ex
3183 5728 3452 5796 voluptate
3506 5727 3693 5781 omnia
3756 5717 3965 5799 σουωή

834 5820 1174 5887 suspendere,
1220 5820 1347 5874 dum
1410 5828 1462 5873 et
1528 5832 1591 5873 ea
1640 5818 1795 5872 modo
1851 5834 1969 5887 qua:
2031 5824 2283 5889 patimur,
2333 5820 2706 5895 comprehendi
2766 5834 2945 5889 posse,
2972 5829 3024 5875 et
3056 5819 3216 5874 fluam
3240 5817 3501 5879 bonorum
3538 5809 3966 5889 voluptatemoﬂ
