4014 6340
8 517 107 571 265

1109 516 1422 575 PREPAR.
1463 515 1711 573 EVANG.
1750 516 1877 572 LIB.
1913 514 2048 573 XN.

3004 520 3137 577 ιεοθ

8 644 235 692 Latueret.
273 636 425 693 Hunc
462 638 704 692 nonnulli
757 638 943 693 volunt
989 648 1364 710 praeceptorem
1405 639 1658 694 babuisse
1726 655 2016 704 neminem,
2052 640 2142 695 sed
2190 640 2241 693 in
2289 632 2633 711 antiquorum
2689 643 3009 714 scriptorum
3066 644 3142 699 le-

8 729 139 783 tione
182 737 451 783 versatum
506 744 647 783 esse.
709 729 825 783 Alii.
845 729 1165 788 Xenocratis
1220 734 1473 802 primum,
1514 731 1636 785 inde
1665 730 2049 802 Nausiphanis,
2106 731 2196 801 qui
2254 730 2545 804 Pyrrhonis
2586 732 2881 805 discipulus
2943 734 3139 799 fuerat,

8 820 261 876 uditorem
312 820 480 876 fuisse
511 820 744 875 tradunt.
790 819 945 875 Nunc
986 837 1114 894 ergo
1154 824 1349 893 quibus
1381 823 1481 877 iste
1515 836 1732 893 quoque
1760 821 2059 878 rationibus
2091 831 2338 893 urgeatur
2364 822 2720 878 attendamus.

439 934 828 989 ΚΕΦΔΛΔῘΟΝ
883 937 1011 989 KA'.

1532 939 1579 995 Α

2166 938 2392 995 CAPUT
2432 938 2565 992 XXI.

8 1022 110 1090 φὺς
128 1039 161 1075 τ
163 994 269 1088 οὑξ
294 1026 418 1101 καῖ’
456 1026 825 1101 Ἐπίκουρον,
858 1027 1091 1101 ῄόονὴν
1118 1030 1290 1097 τέλος
1328 1030 1505 1099 ὀριζο-
1536 994 1541 995 ν

1604 1029 1864 1083 Adversus
1901 1028 2204 1099 Epicureos,
2245 1031 2668 1101 quivoluptatem
2695 1031 2848 1101 ﬁnem
2885 1045 2992 1085 esse
3029 1030 3136 1085 ul-

324 1093 563 1161 μένους.
601 1093 741 1151 Ἀπὸ
780 1093 894 1152 τοῦ
919 1093 1121 1153 αὑτοῦ.

34 1201 52 1234 ι
82 1183 293 1255 Ἐπειδή
321 1186 434 1238 ἐστι
453 1185 650 1253 γνῶσις
675 1187 846 1260 διττὴ,
873 1192 906 1260 ἡ
939 1190 1037 1261 μὲν
1061 1191 1171 1245 τῶν
1220 1191 1323 1258 ἔξω
1366 1210 1505 1263 ’τερα⁹

8 1276 199 1346 μάτων,
232 1279 266 1347 ἡ
308 1276 363 1330 δὲ
386 1277 493 1330 τῶν
525 1280 652 1349 ἡμῖν
680 1281 907 1351 αἰρετῷν
942 1284 1033 1335 καὶ
1072 1284 1343 1350 φευκτῶν⁸
1376 1284 1505 1337 ἐνιοί

8 1384 85 1421 ασι
103 1368 198 1437 τῆς
221 1368 483 1440 αἱρέσεως
518 1372 610 1424 καὶ
648 1374 821 1445 φυγῆς
858 1373 1028 1445 ἀρχὴν
1077 1377 1168 1427 καὶ
1228 1376 1505 1447 κριτήριον

8 1478 95 1531 (ειν
125 1462 270 1531 ἡμᾶς
289 1462 386 1532 τήν
417 1462 603 1535 ἡδονὴν
625 1465 717 1518 καὶ
742 1465 829 1518 τὸν
858 1466 1033 1520 πόνον.
1063 1466 1183 1519 Ἔτι
1204 1466 1268 1535 γέ
1294 1484 1374 1519 τοι
1406 1470 1496 1527 καὶ

8 1552 51 1603 ἓν
80 1551 299 1607 τοιαῦτα
324 1553 567 1622 λέγουσιν
598 1557 645 1608 οἱ
668 1557 792 1627 περὶ
814 1558 901 1612 τὸν
947 1559 1298 1631 Ἐπίκουρονν
1316 1560 1503 1628 Ἀναγ-

8 1644 119 1708 ιίως
137 1642 228 1700 οὖν
258 1647 368 1718 ἔχει
393 1650 485 1701 καὶ
510 1649 634 1719 περὶ
662 1648 850 1701 τούτου
881 1650 1197 1719 σκέψασθαι.
1242 1652 1500 1704 Τοσούτου

8 1736 129 1789 ›ίνυν
162 1736 335 1807 ἔγωγε
358 1738 463 1792 δέω
481 1738 677 1807 λέγειν,
710 1741 881 1811 ἀρχὴν
904 1735 1042 1795 εἶναι
1063 1742 1153 1795 καὶ
1182 1744 1373 1795 κανόνα
1398 1744 1502 1795 τῶν

8 1826 171 1893 γαθῶν
200 1829 428 1883 καὶτῶν
464 1830 643 1885 κακῶν
698 1832 758 1884 τὸ
805 1832 992 1897 πάθος,
1051 1832 1188 1886 ὥστε
1239 1852 1325 1904 μοι
1362 1835 1504 1887 δοκεῖ

8 1919 106 1972 δῦτό
132 1936 194 1988 γε
220 1921 351 1974 αὐτὸ
373 1922 651 1994 κριτηρίου
677 1922 898 1977 δεῖσθαι.
922 1925 1063 1977 Διότι
1088 1925 1183 1994 μὲν
1208 1927 1315 1997 γάρ
1337 1928 1499 1989 ἐστιν,

8 2011 113 2065 ιυτδ
138 2012 406 2067 δείκνυσιν
426 2031 437 2044 ·
474 2017 651 2067 ὁποῖον
684 2014 727 2067 δ’
762 2016 928 2078 ἐστὶν,
951 2016 1135 2086 ἐτέρου
1169 2016 1249 2069 δεῖ
1269 2018 1360 2071 τοῦ
1387 2018 1504 2088 κρί-

8 2119 150 2167 ιντος.
178 2104 243 2157 Εἰ
285 2105 381 2174 μὲν
416 2105 522 2175 γὰρ
552 2107 747 2157 οἰκεῖον
775 2105 808 2175 ἡ
847 2105 1154 2177 ἀλλότριον,
1184 2110 1215 2175 ἡ
1255 2108 1503 2178 αἴσθησις

8 2196 128 2262 ἱγει·
162 2197 389 2269 πότερον
413 2196 456 2249 δ’
478 2198 691 2268 αἱρετὸν
722 2199 753 2270 ἢ
783 2200 1034 2269 φευκτὸν,
1085 2203 1114 2254 ό
1143 2201 1313 2269 λόγος.
1342 2203 1501 2255 Αὑτοέ

2096 1165 2103 1172 ,
2151 1102 2278 1163 (ait.
2304 1100 2385 1153 Ea:
2417 1101 2611 1154 eodem.

1676 1208 1694 1240 ι
1722 1188 2006 1255 Quoniam,
2036 1190 2209 1259 inquit
2234 1191 2341 1256 ille,
2387 1190 2580 1261 duplex
2609 1181 2932 1261 cognitionis
2966 1208 3135 1263 genus

1601 1290 1700 1346 est,
1726 1280 1951 1335 alterum
1979 1295 2088 1350 quo
2109 1281 2377 1335 exteriora
2406 1281 2750 1350 percipimus,
2781 1282 3004 1335 alterum
3029 1298 3136 1351 quo

1601 1373 1892 1444 expetenda
1946 1374 2101 1430 nobis
2150 1389 2214 1430 ac
2259 1373 2512 1445 fugienda
2562 1375 2855 1442 sentimus,
2889 1375 3140 1441 exstitere

1602 1464 1843 1519 nonnulli
1871 1464 1963 1535 qui
2010 1465 2171 1536 769
2208 1465 2492 1521 electionis
2528 1465 2771 1537 fugaeque
2816 1465 3137 1536 principium

1602 1571 1666 1611 ac
1700 1557 1937 1627 regulam
1969 1557 2025 1611 in
2054 1558 2236 1625 nobis,
2269 1558 2593 1627 voluptatem
2630 1572 2749 1613 esse
2792 1557 3139 1629 laboremque

1602 1656 1912 1702 statuerent.
1960 1644 2114 1713 Quod
2159 1648 2335 1718 ipsum
2361 1631 2611 1719 Epicurei
2640 1635 2904 1718 hodieque
2923 1648 3133 1706 docent.

1601 1736 1778 1803 Quare
1835 1740 2195 1794 necessarium
2230 1738 2413 1807 fuerit,
2449 1741 2550 1796 hac
2578 1742 2738 1795 etiam
2768 1755 2868 1795 nos
2911 1742 2967 1795 in
2991 1756 3137 1810 qua:-

1601 1830 1775 1883 stione
1816 1829 2035 1883 versari.
2088 1828 2369 1899 Equidem,
2403 1838 2611 1884 tantum
2660 1830 2831 1894 abest,
2870 1840 2931 1884 ut
2968 1832 3137 1887 bono-

1601 1938 1716 1976 rum
1766 1922 2103 1977 malorumve
2162 1922 2485 1992 principium
2536 1937 2601 1976 ac
2636 1924 2871 1993 regulam
2902 1922 3137 1978 affectio-

1601 2029 1723 2067 nem
1754 2027 1871 2068 esse
1893 2011 2090 2079 dicam,
2121 2022 2177 2066 ut
2210 2014 2355 2066 illam
2383 2013 2552 2083 ipsam
2587 2013 2752 2079 altera
2777 2012 3008 2083 quadam
3044 2013 3136 2084 ju-

1601 2105 1727 2160 dicii
1768 2105 1949 2175 regula
1982 2104 2219 2173 indigere
2251 2104 2572 2159 existimem.
2603 2102 2735 2158 Nam
2764 2105 2907 2175 quod
2948 2120 3012 2159 ea
3042 2104 3132 2172 sit,

1602 2198 1838 2253 ostendit
1870 2198 1984 2266 ipsa
2018 2212 2112 2267 per
2137 2212 2282 2253 sese:
2312 2196 2611 2267 cujusmodi
2651 2198 2739 2261 sit,
2803 2198 2896 2267 qui
2940 2197 3141 2266 iudicet

8 2290 20 2341 ἱ
44 2289 121 2341 τοί
153 2305 318 2358 φασιν
339 2289 397 2341 οὐ
428 2290 602 2341 πᾶσαν
624 2288 810 2359 ἡδονὴν
833 2288 1187 2355 ἀσπάζεσθαι,
1216 2291 1307 2344 καὶ
1329 2291 1499 2344 πάντα
1533 2274 1573 2331 Β

1553 2276 1573 2331 3
1601 2288 1763 2342 alium
1797 2288 2042 2358 requirit.
2102 2286 2389 2342 Enimvero
2419 2288 2781 2344 domesticane
2823 2289 2912 2343 illa
2948 2290 3038 2355 sit,
3070 2305 3138 2343 an

8 2380 111 2435 όνον
146 2379 523 2451 ἐκτρέπεσθαι.
560 2379 726 2434 Τοῦτο
746 2381 801 2434 δὲ
844 2382 1151 2454 συμϐέϐηκε
1202 2384 1294 2435 καὶ
1361 2384 1499 2453 μάλα

12 2472 190 2535 κότως,
226 2471 306 2523 Τὰ
331 2473 427 2541 μὲν
460 2471 566 2542 γὰρ
610 2474 864 2544 κριτήρια
911 2474 1002 2526 καὶ
1050 2475 1213 2527 ἑαυτὰ
1246 2474 1498 2539 δείκνυσι,

8 2566 48 2615 tl.
76 2563 141 2616 τὰ
162 2566 455 2634 κρινόμενα
478 2583 490 2595 ·
512 2566 571 2618 τὸ
595 2565 775 2635 μέντοι
798 2564 966 2629 πάθος
991 2566 1148 2618 ἑαυτὸ
1176 2566 1355 2637 μόνον.
1382 2568 1500 2618 "Ott

51 2654 219 2717 οὕτως
280 2654 392 2725 ἔχει
468 2656 828 2728 μαρτυροῦσιν
894 2657 1065 2711 αὐτοί.
1119 2657 1331 2727 Καίπερ
1396 2657 1503 2728 γὰρ

8 2741 222 2808 ξιοῦντες
261 2743 475 2796 ἃπασαν
512 2744 699 2816 ἡδονὴν
744 2744 940 2813 ἀγαθὸν
980 2740 1135 2810 εἶναι,
1171 2744 1263 2796 καὶ
1324 2743 1501 2795 πᾶσαν

8 2836 212 2907 ιγήδόνα
242 2836 437 2901 κακὸν,
467 2837 615 2906 ὅμως
650 2836 747 2889 οὐκ
775 2836 859 2889 ἀεί
884 2852 1012 2903 φασι
1039 2835 1148 2888 δεῖν
1175 2834 1269 2905 τὴν
1298 2834 1392 2904 μὲν
1430 2835 1503 2886 αἱ·

8 2928 191 2996 ιίσθαι,
234 2929 332 3000 τὴν
382 2928 437 2981 δὲ
479 2926 1063 2998 φεύγειν·,μετρεῖσθαι
1102 2928 1207 2997 γὰρ
1262 2925 1400 2979 αὐτὰ
1425 2924 1503 2995 τῷ

8 3020 117 3089 mp,
141 3023 190 3073 ei
222 3022 315 3075 καὶ
343 3022 402 3073 οὐ
438 3019 516 3090 τῷ
547 3019 701 3089 ποιῷ,
731 3019 893 3089 Δῆλον
921 3014 1032 3082 οὖν,
1060 3018 1133 3081 ὡς
1160 3018 1221 3070 τό
1254 3034 1316 3087 γε
1342 3016 1503 3070 ποσὸν

8 3113 98 3167 ιδὲν
122 3113 293 3186 ἀλλ’ἢ
324 3117 351 3167 ό
375 3113 530 3183 λόγος
562 3114 754 3184 κρίνει.
791 3111 863 3166 Τὸ
894 3114 1001 3183 γὰρ
1026 3151 1040 3175 ,
1079 3112 1331 3183 Ἀμεινόν
1360 3113 1503 3165 ἐστιν

10 3210 234 3276 ιομεϊναι
263 3207 446 3260 τούσδε
468 3206 619 3270 τινὰς
639 3208 763 3270 τοὺς
792 3206 1007 3269 πόνους,
1035 3206 1181 3265 ὅπως
1203 3197 1500 3276 ήσθείημεν

10 3297 135 3358 ἱονὰς
165 3294 383 3367 μείζους
402 3313 417 3328 ·
456 3299 548 3351 καὶ
576 3297 657 3361 τὸ,
690 3298 961 3368 Συμερέρει
994 3296 1157 3348 τῶνδέ
1181 3312 1339 3348 τινων
1368 3295 1503 3347 ἀπέ-

10 3388 133 3440 σθαι
156 3388 266 3442 τῶν
299 3389 514 3459 ἡδονῶν,
540 3391 628 3444 ἴνα
651 3392 724 3462 μὴ
749 3391 997 3460 ἀλγῶμεν
1027 3388 1317 3459 ἀλγηδόνας
1349 3389 1504 3457 χαλε-

10 3480 219 3550 u’rém,
276 3482 369 3533 καὶ
422 3481 597 3535 πάντα
628 3481 695 3534 τὰ
729 3482 983 3547 τοιαῦτα,
1045 3481 1199 3549 λόγος
1226 3481 1254 3532 6
1307 3481 1502 3551 κρίνων

10 3570 109 3624 τίν.
150 3572 225 3625 Τὸ
260 3572 306 3623 δ’
338 3572 457 3626 όλον
484 3612 498 3636 ,
542 3573 597 3625 αι
640 3572 736 3642 μὲν
771 3572 1048 3641 αἰσθήσεις
1088 3573 1179 3625 καὶ
1216 3574 1271 3624 αἱ
1302 3588 1497 3641 φαντα-

12 3678 59 3711 αι
99 3660 396 3731 καθαπερεὶ
441 3660 716 3731 κάτοπτρα
763 3660 855 3713 καὶ
885 3661 1087 3723 εἰκόνες
1134 3662 1335 3714 ἐοίκασι
1388 3660 1493 3713 τῶν

12 3753 286 3821 »αγμάτων
320 3746 456 3804 εἶναι
475 3770 489 3784 ο
519 3751 587 3804 τὰ
612 3753 789 3822 μέντοι
818 3750 959 3821 πάθη
987 3792 999 3815 ,
1037 3752 1129 3804 καὶ
1166 3754 1219 3805 αἱ
1275 3752 1490 3822 ἡδοναὶ,

12 3845 39 3895 Ll.
84 3845 131 3895 οἱ
172 3844 361 3907 πόνοι,
412 3843 607 3916 τροπαὶ
640 3845 730 3897 καὶ
758 3842 1064 3907 ἀλλοιώσεις
1092 3844 1247 3915 ἡμῶν
1294 3842 1489 3897 αὐτῶν.

12 3935 129 4008 ιύτῃ
175 3936 231 3988 δὲ
261 3976 276 4000 ,
325 3936 693 4008 αἰσθανόμενοι
744 3937 840 4006 μὲν
894 3938 986 3990 καὶ
1030 3937 1489 4007 φαντασιούμενοι,

12 4024 82 4087 >ὸς
107 4025 174 4078 τὰ
210 4019 314 4090 ιξω
347 4027 640 4098 βλέπομεν·
674 4026 922 4097 ἡδόμενοι
967 4028 1023 4080 δὲ
1063 4028 1153 4080 καὶ
1184 4026 1489 4094 ἀλγοῦντες,

14 4105 341 4189 ἰστρέφομεν
365 4120 457 4176 ἐπὶ
490 4119 677 4188 μόνους
712 4118 949 4179 ἑαυτούς.
983 4118 1090 4181 Τὰς
1116 4118 1211 4189 μὲν
1256 4117 1362 4191 γὰρ
1412 4121 1493 4171 αι-

15 4209 164 4275 ήσεις
192 4207 352 4278 ἡμῶν
377 4208 443 4261 τὰ
469 4208 570 4272 ἔξω
600 4210 769 4261 ποιεῖ·
801 4208 893 4259 καὶ
930 4208 1085 4259 ὁποῖα
1112 4206 1179 4259 ἂν
1290 4209 1488 4267 ἐκεῖνα,

14 4295 196 4359 ιαύτας
258 4296 620 4366 ἀπεργάζεται
672 4297 763 4348 καὶ
823 4296 920 4355 τὰς
997 4295 1321 4361 φαντασίας·
1385 4313 1491 4347 τοι-

1523 3614 1565 3672 C

1598 2378 1791 2442 aliena,
1827 2393 2019 2432 sensus
2049 2378 2394 2446 pronuntiat;
2419 2386 2596 2432 utrum
2625 2379 2915 2446 expetenda
2940 2379 3031 2445 sit,
3063 2393 3131 2434 an

1599 2466 1871 2537 fugienda,
1923 2468 2059 2521 ratio
2129 2468 2334 2522 statuit.
2415 2468 2555 2522 Sane
2614 2469 2828 2537 quidem
2876 2469 2984 2533 isti,
3040 2484 3138 2524 nec

1600 2573 1818 2613 omnem
1888 2573 1947 2613 se
2006 2558 2287 2627 complecti
2341 2559 2689 2628 voluptatem,
2748 2573 2845 2613 nec
2900 2559 3135 2615 laborem

1599 2665 1811 2704 omnem
1840 2650 2025 2721 fugere
2054 2651 2319 2727 dictitant.
2372 2652 2552 2722 Neque
2584 2653 2635 2706 id
2672 2652 2788 2707 sine
2830 2667 3020 2723 magna
3048 2669 3135 2708 ra—

1602 2743 1743 2795 tione
1770 2741 1883 2795 fieri
1913 2742 2066 2797 solet.
2108 2741 2389 2798 Judicandi
2421 2746 2561 2797 enim
2608 2743 2983 2807 instrumenta,
3015 2760 3138 2799 cum

1598 2830 1884 2886 ostendunt
1918 2835 2033 2902 ipsa
2068 2847 2204 2898 sese,
2230 2843 2341 2887 tum
2375 2849 2438 2888 ea
2470 2834 2630 2888 simul
2657 2836 2723 2894 de
2760 2836 2958 2905 quibus
2984 2834 3136 2905 judi-

1601 2928 1775 2985 catur,
1834 2923 2113 2991 aperiunt:
2166 2922 2373 2977 ali‘ectio
2431 2938 2489 2977 se
2538 2925 2705 2979 solam
2753 2925 2973 2977 indicat.
3037 2924 3137 2978 Cui

1600 3013 1807 3067 veritati
1863 3014 1944 3067 vel
2008 3013 2095 3068 isti
2144 3029 2358 3083 quoque
2428 3013 2808 3084 sull‘ragantur.
2872 3012 3007 3068 Nam
3079 3025 3139 3069 ut

1601 3120 1813 3161 omnem
1841 3106 2163 3175 voluptatem
2204 3107 2426 3169 bonum,
2464 3106 2701 3161 dolorem
2747 3121 2959 3162 omnem
3018 3123 3136 3161 ma-

1600 3200 1709 3252 lum
1759 3197 2107 3265 essevelint;
2157 3199 2375 3271 alteram
2433 3208 2606 3252 tamen
2641 3212 2848 3267 semper
2884 3206 3136 3267 expeten-

1600 3289 1747 3357 dam,
1775 3289 2327 3361 l'ugiendumsemper
2364 3291 2588 3344 alterum
2615 3305 2729 3344 esse
2754 3299 2968 3358 negant.
3007 3291 3134 3345 dum

1601 3390 1905 3451 utrumque,
1923 3384 1967 3436 si
1993 3382 2171 3439 minus
2192 3382 2467 3451 qualitate,
2489 3382 2779 3451 quantitate
2798 3383 3009 3452 quidem
3027 3399 3137 3437 me-

1601 3472 1838 3527 tiendum
1862 3473 2188 3528 existimant.
2217 3473 2388 3545 Hujus
2411 3491 2535 3530 vero
2560 3476 2872 3546 quantitatis
2899 3462 3134 3544 judicent

1599 3565 1761 3618 alium
1804 3576 2013 3621 constat
2034 3582 2153 3621 esse
2177 3583 2281 3624 non
2302 3583 2475 3636 posse,
2500 3579 2686 3638 praeter
2706 3569 2981 3622 rationem.
3012 3565 3135 3621 Hmc

1597 3658 1760 3723 enim,
1796 3673 1913 3725 qua:
1934 3660 2001 3712 ab
2026 3660 2129 3713 illis
2162 3662 2319 3729 vulgo
2351 3662 2641 3730 jactantur,
2676 3660 2935 3715 Przcstare
2957 3669 3131 3715 certos

1597 3748 1855 3817 quosdam
1887 3749 2101 3803 eosdem
2147 3752 2357 3805 labores
2407 3752 2669 3807 interdum
2719 3752 2919 3818 subire,
2965 3763 3022 3805 ut
3074 3768 3131 3805 a-

1597 3837 1795 3892 criores
1836 3837 1957 3892 inde
1999 3839 2293 3908 voluptates
2325 3840 2615 3895 sentiamus
2643 3860 2655 3894 :
2680 3840 2850 3896 Certis
2888 3856 3134 3896 nonnun-

1596 3944 1756 3997 quam
1808 3928 2168 3999 voluptatibus
2231 3932 2623 3998 abstinendum,
2683 3949 2748 3988 ne
2802 3934 3134 4005 gravioribus

1596 4033 1778 4088 postea
1819 4020 2092 4077 doloribus
2146 4038 2460 4091 urgeamur,
2513 4033 2807 4094 caeteraque
2860 4026 2911 4079 id
2965 4040 3133 4094 genus

1596 4110 1798 4174 omnia,
1838 4110 2061 4165 rationis
2108 4112 2269 4166 unius
2291 4112 2497 4181 judicio
2520 4113 2895 4168 decernuntur.
2932 4110 3127 4179 Atque,

1598 4211 1655 4254 ut
1685 4200 1932 4256 universe
1964 4202 2269 4271 loquamur,
2312 4217 2504 4259 sensus
2528 4212 2687 4270 atque
2712 4202 2835 4256 .visa
2886 4202 3130 4270 quaedam

1595 4294 1747 4363 quasi
1792 4310 1972 4349 rerum
2016 4296 2231 4365 specula
2280 4304 2333 4349 et
2369 4296 2627 4364 imagines
2667 4293 2913 4348 videntur
2956 4312 2967 4347 :
3006 4293 3133 4347 alle-

16 4403 80 4438 τα
114 4386 225 4456 (10)
254 4387 310 4439 δὲ
362 4388 504 4457 πάθη
534 4387 660 4439 ποιὰ
686 4386 818 4438 ἄττα
849 4385 1049 4452 γίνεται
1085 4384 1149 4436 δι’
1178 4386 1343 4453 ἡμᾶς,
1398 4387 1489 4438 καὶ
1594 4395 1601 4437 1

1594 4385 1765 4439 tiones
1837 4394 2037 4451 autem,
2093 4384 2394 4453 voluptates
2460 4392 2513 4438 et
2604 4384 2835 4449 labores,
2888 4394 3130 4439 nostrum

14 4476 97 4530 ’ἂν
127 4478 289 4547 ἡμεῖς
318 4476 544 4547 ἔχωμεν.
574 4476 671 4529 Διὰ
697 4476 808 4546 (Η)
832 4475 1019 4538 ταῦτα,
1055 4475 1179 4527 ποτὲ
1213 4477 1306 4546 μὲν
1339 4476 1484 4546 ἡδέα,
1593 4474 1599 4526 1'

1593 4474 1830 4542 ipsorum
1870 4475 2217 4530 mutationes.
2252 4477 2456 4546 Itaque,
2482 4475 2606 4529 dum
2632 4491 2791 4531 sensu
2821 4476 3017 4547 aliquid
3038 4485 3132 4531 aut

16 4570 70 4623 τὲ
89 4569 132 4621 δ’
158 4568 297 4639 ἀηδῆ
328 4570 589 4636 φαίνεται,
622 4568 715 4621 καὶ
744 4567 853 4620 ἔσθ’
877 4569 963 4620 ὅτε
998 4568 1093 4637 μὲν
1129 4566 1343 4636 μᾶλλον,
1377 4566 1485 4619 ἔσθ’
1592 4582 1601 4615 ι

1592 4564 1915 4635 cogitatione
1942 4565 2316 4630 informamus,
2341 4566 2601 4623 exteriora
2628 4568 2973 4637 respicimus:
3000 4566 3128 4620 dum

16 4677 27 4712 ε
50 4661 107 4714 δὲ
134 4655 317 4733 ἦττον.
342 4654 440 4712 Ὧν
466 4658 635 4722 οὕτως
661 4661 905 4729 ἐχόντων,
946 4660 1268 4731 εὑρήσομεν,
1304 4661 1350 4711 εξ
1376 4658 1489 4711 ὲθέ-
1592 4670 1601 4691 ‘

1592 4656 1913 4723 voluptatem
1975 4657 2297 4726 percipimus
2352 4667 2447 4711 aut
2495 4659 2753 4722 dolorem,
2796 4659 2847 4711 in
2886 4671 2984 4711 nos
3011 4665 3128 4710 tan-

24 4768 119 4820 μεν
148 4754 384 4814 σκοπεῖν,
417 4749 611 4821 ἄριστα
636 4749 733 4812 τὰς
757 4750 852 4819 τῆς
881 4747 1128 4817 γνώσεως
1163 4748 1333 4819 ἀρχὰς
1360 4748 1489 4799 ὐποι
1594 4757 1609 4800 t

1594 4757 1706 4800 tum
1737 4748 1899 4817 ipsos
1934 4749 2315 4805 convertimur.
2359 4747 2465 4803 Res
2493 4752 2634 4805 enim
2668 4748 2997 4803 extrinsecus
3028 4747 3126 4800 ob-

16 4842 271 4912 lepévouc,
317 4841 503 4895 ὁπόσοι
557 4840 650 4894 καὶ
680 4840 776 4903 τὰς
807 4840 1083 4910 αἰσθήσεις
1126 4841 1335 4894 καὶτὸν
1366 4840 1487 4895 νοῦν
1594 4838 1601 4891 Ι

1594 4838 1711 4892 lata:
1750 4838 1863 4892 visa
1912 4845 2093 4892 nostra
2132 4837 2386 4905 efficiunt,
2417 4855 2641 4909 quarum
2675 4839 2762 4892 illa
2795 4846 2919 4893 sunt
2946 4838 3128 4907 proin-

19 4933 467 5004 ραλαμσάνουσιν.
501 4933 679 5015 Ἔοικε
701 4934 743 4985 δ’
778 4936 808 5002 ἡ
847 4932 943 5003 μὲν
970 4932 1216 5003 αἴσθησις
1243 4935 1359 4995 ταῖς
1389 4932 1486 5002 ἄρ·
1520 4958 1566 5015 D
1592 4946 1604 4981 ι

1531 4930 1655 5015 Dde
1685 4929 1900 4982 similia.
1957 4928 2023 4982 At
2077 4944 2204 4984 vero
2238 4930 2544 4987 affectiones
2590 4929 2793 4984 vultum
2840 4944 2905 4983 ex
2963 4930 3116 4985 nobis

18 4997 59 5078 τι
95 4997 189 5079 καὶ
218 5030 332 5089 τοῖς
357 5026 612 5091 δικτύοις,
643 4997 734 5092 δέω.
764 4997 873 5089 τοῖς
903 5025 1078 5089 ἄλλοις
1096 4997 1203 5088 τοῖς
1237 4997 1490 5087 τοιούτοις
1520 4997 1564 5015 ν
1590 5036 1603 5074 ε

1539 4997 1928 5089 ἐροοὶθιηιιυο
1973 5032 2237 5087 sumunt:
2279 5040 2387 5094 quo
2432 5024 2490 5077 lit
2536 5030 2595 5075 ut
2636 5020 2885 5093 jucunda:
2944 5023 3124 5086 modo,

18 5116 226 5187 οάτροις
244 5134 259 5147 ο
290 5119 319 5169 ό
350 5116 407 5171 δὲ
435 5114 577 5181 νοῦς·
602 5119 696 5172 καὶ
725 5119 753 5169 ό
783 5116 935 5185 λόγος
961 5120 1069 5179 τοῖς
1097 5116 1220 5168 κυσὶ
1248 5119 1355 5178 τοῖς
1376 5134 1489 5168 στι-
1590 5126 1603 5162 1

1590 5110 1749 5162 modo
1784 5110 2111 5179 injucundaa,
2147 5113 2307 5184 idque
2333 5112 2501 5180 magis
2550 5111 2795 5166 minusve
2825 5112 3120 5167 vidcantur.

18 5206 149 5259 ἱουσι
178 5207 273 5262 καὶ
300 5208 663 5277 μιταθίουσιν.
694 5208 879 5262 Αὐτῶν
910 5210 1006 5279 μὲν
1037 5208 1307 5271 τοιούτων,
1333 5207 1487 5278 ἂμει-
1588 5201 1603 5262 4

1588 5198 1741 5265 Quod
1769 5216 1889 5253 cum
1926 5202 2003 5258 ita
2024 5205 2114 5267 sit,
2148 5220 2240 5259 eos
2285 5215 2488 5271 utique,
2539 5202 2584 5257 si
2618 5202 2743 5257 boni
2776 5204 3124 5258 ratiocinato-

18 5297 354 5370 >tptloao¢stv
382 5297 585 5352 οἴεσθαι
614 5300 717 5369 χρὴ
746 5302 869 5363 τοὺς
904 5301 1039 5370 μήτε
1077 5301 1193 5361 ταῖς
1230 5298 1484 5369 αἱσθήσε-
1586 5307 1603 5346 ι

1586 5306 1671 5346 res
1723 5305 1843 5347 esse
1874 5293 2145 5359 volumus,
2204 5296 2401 5364 optime
2437 5294 2503 5349 de
2534 5296 2889 5366 cognoscendi
2929 5294 3126 5363 princi-

24 5430 37 5451 ,
68 5368 146 5450 ἷῦς
173 5386 349 5457 ἔτυχε,
400 5368 728 5459 χρωμένους,
758 5368 991 5459 μήτεῗτᾶ
1032 5388 1174 5456 πάθη
1200 5368 1483 5460 παραλαμ-
1585 5400 1609 5453 p

1585 5384 1686 5453 piis
1734 5393 1969 5441 statuere
2014 5389 2361 5457 reperiemus,
2398 5388 2488 5457 qui
2532 5390 2727 5445 mentis
2754 5404 2823 5465 ac
2872 5402 3123 5441 sensuum

20 5495 193 5541 ιοντας
223 5479 315 5532 ἐπὶ
346 5480 443 5551 τὴν
467 5478 730 5549 τάληθοῦς
775 5480 1079 5547 διάγνωσιν.
1128 5482 1197 5533 Ἣ
1237 5481 1405 5534 δεινόν
1429 5482 1481 5550 γ’
1585 5492 1605 5529 v

1585 5476 1691 5529 vim
1714 5490 2041 5549 operamque
2068 5478 2417 5557 conjungunt.
2450 5479 2515 5534 Et
2534 5481 2751 5552 quidem
2775 5493 2966 5535 sensus
3005 5478 3120 5544 pla-

26 5574 131 5643 εἴη,
168 5571 473 5641 πεφυκότας
515 5570 847 5645 ἀνθρώπους,
912 5572 1124 5641 ἡδοναῖς
1168 5574 1258 5626 καὶ
1301 5576 1481 5639 πόνοις
1584 5587 1611 5639 ε

1584 5570 1665 5639 εἰς»
1706 5579 1758 5623 et
1797 5571 2020 5634 retibus,
2063 5584 2127 5624 ac
2164 5572 2373 5628 caeteris
2402 5572 2455 5627 id
2500 5589 2673 5643 genus
2700 5578 3014 5627 venatorum
3049 5568 3127 5624 in-

20 5666 151 5733 ὗγοις
194 5662 274 5747 ,ἐπ
293 5665 517 5735 τρέπειν
536 5664 777 5727 ἑαυτοὺς,
832 5664 1063 5731 ἀφέντας
1096 5664 1184 5717 τὸν
1214 5664 1481 5721 θειότατον
1586 5679 1605 5716 s

1657 5662 1902 5716 umentis
1926 5702 1941 5727 ,
1994 5676 2147 5715 mena
2186 5673 2365 5719 autem
2402 5674 2457 5721 et
2482 5666 2622 5720 ratio
2653 5660 3029 5731 indagantibus
3073 5652 3128 5715 et
3240 5677 3242 5681 ί

20 5757 128 5825 ιτὴν
152 5754 292 5809 νοῦν.
329 5774 346 5806 ι
370 5752 563 5809 ’Ταῦτα
584 5755 688 5809 ἀπὺ
714 5754 819 5808 τῶν
858 5753 1281 5825 Ἀριστοκλέους.
1588 5752 1605 5808 i

1588 5752 1997 5819 insequentibus
2025 5752 2250 5810 canibus
2295 5755 2496 5813 similes
2538 5761 2681 5811 sunt.
2725 5750 2887 5823 77o
2916 5750 3128 5806 Maneat

20 5937 117 6007 ζιο)
155 5934 314 5996 Forte
342 5936 427 5993 τά.

1655 5929 1765 6003 (ιι)
1804 5929 1961 5986 Forte
1990 5930 2090 5989 διό.
