  <div class='ocr_page' id='page_1' title='image "/cluster/home/n/w/nwhite01/storage/ocr_20150623/21/pst.000004029076/642.png"; bbox 0 0 4014 6340; ppageno 0'>
   <div class='ocr_carea' id='block_1_1' title="bbox 15 450 150 503">
    <p class='ocr_par' dir='ltr' id='par_1_1' title="bbox 15 450 150 503">
     <span class='ocr_line' id='line_1_1' title="bbox 15 450 150 503; baseline 0.007 -1"><span class='ocrx_word' id='word_1_1' title='bbox 15 450 150 503; x_wconf 68' lang='grc' dir='ltr'><strong>ηοξ)</strong></span> 
     </span>
    </p>
   </div>
   <div class='ocr_carea' id='block_1_2' title="bbox 1154 471 2098 553">
    <p class='ocr_par' dir='ltr' id='par_1_2' title="bbox 1154 471 2098 553">
     <span class='ocr_line' id='line_1_2' title="bbox 1154 471 2098 553; baseline 0.016 -30"><span class='ocrx_word' id='word_1_2' title='bbox 1154 471 1467 533; x_wconf 66' lang='grc' dir='ltr'><strong>ΡΒΔΕΡΛΒ.</strong></span> <span class='ocrx_word' id='word_1_3' title='bbox 1507 477 1752 536; x_wconf 74' lang='lat' dir='ltr'><strong>EVANG.</strong></span> <span class='ocrx_word' id='word_1_4' title='bbox 1795 481 1918 553; x_wconf 69' lang='grc' dir='ltr'><strong>[ΑΒ.</strong></span> <span class='ocrx_word' id='word_1_5' title='bbox 1958 483 2098 538; x_wconf 79' lang='lat' dir='ltr'><strong>XIV.</strong></span> 
     </span>
    </p>
   </div>
   <div class='ocr_carea' id='block_1_3' title="bbox 3067 503 3197 558">
    <p class='ocr_par' dir='ltr' id='par_1_3' title="bbox 3067 503 3197 558">
     <span class='ocr_line' id='line_1_3' title="bbox 3067 503 3197 558; baseline 0.015 -2"><span class='ocrx_word' id='word_1_6' title='bbox 3067 503 3197 558; x_wconf 71' lang='grc'>1270</span> 
     </span>
    </p>
   </div>
   <div class='ocr_carea' id='block_1_4' title="bbox 20 565 1537 670">
    <p class='ocr_par' dir='ltr' id='par_1_4' title="bbox 20 565 1535 652">
     <span class='ocr_line' id='line_1_4' title="bbox 20 565 1535 652; baseline 0.019 -38"><span class='ocrx_word' id='word_1_7' title='bbox 20 565 96 627; x_wconf 83' lang='grc' dir='ltr'><strong>ὡς</strong></span> <span class='ocrx_word' id='word_1_8' title='bbox 127 565 160 634; x_wconf 80' lang='grc' dir='ltr'>ἡ</span> <span class='ocrx_word' id='word_1_9' title='bbox 187 567 295 637; x_wconf 83' lang='grc' dir='ltr'>ἐμὴ</span> <span class='ocrx_word' id='word_1_10' title='bbox 317 573 558 637; x_wconf 85' lang='grc' dir='ltr'>μαντεία,</span> <span class='ocrx_word' id='word_1_11' title='bbox 596 577 717 628; x_wconf 84' lang='grc' dir='ltr'>νοῦν</span> <span class='ocrx_word' id='word_1_12' title='bbox 747 580 836 630; x_wconf 79' lang='grc' dir='ltr'><strong>καὶ</strong></span> <span class='ocrx_word' id='word_1_13' title='bbox 864 581 1118 652; x_wconf 74' lang='grc' dir='ltr'>φρόνησιν</span> <span class='ocrx_word' id='word_1_14' title='bbox 1143 587 1308 648; x_wconf 80' lang='grc' dir='ltr'>τιθεὶς</span> <span class='ocrx_word' id='word_1_15' title='bbox 1327 629 1340 649; x_wconf 91' lang='grc'><strong>,</strong></span> <span class='ocrx_word' id='word_1_16' title='bbox 1376 591 1475 642; x_wconf 82' lang='grc' dir='ltr'><strong>οὐκ</strong></span> <span class='ocrx_word' id='word_1_17' title='bbox 1502 590 1535 644; x_wconf 82' lang='grc' dir='ltr'>ἃ</span> 
     </span>
    </p>
   </div>
   <div class='ocr_carea' id='block_1_5' title="bbox 1638 565 3198 670">
    <p class='ocr_par' dir='ltr' id='par_1_5' title="bbox 1676 599 3198 670">
     <span class='ocr_line' id='line_1_5' title="bbox 1676 599 3198 670; baseline 0.014 -21"><span class='ocrx_word' id='word_1_18' title='bbox 1676 607 1833 649; x_wconf 69' lang='grc' dir='ltr'>ωιετο</span> <span class='ocrx_word' id='word_1_19' title='bbox 1855 612 1959 666; x_wconf 88' lang='lat' dir='ltr'><strong>que</strong></span> <span class='ocrx_word' id='word_1_20' title='bbox 1994 599 2194 661; x_wconf 85' lang='lat' dir='ltr'><strong>omnia,</strong></span> <span class='ocrx_word' id='word_1_21' title='bbox 2230 614 2349 669; x_wconf 88' lang='lat' dir='ltr'><strong>quae</strong></span> <span class='ocrx_word' id='word_1_22' title='bbox 2403 611 2649 659; x_wconf 87' lang='lat' dir='ltr'><strong>naturam</strong></span> <span class='ocrx_word' id='word_1_23' title='bbox 2678 607 3030 667; x_wconf 83' lang='lat' dir='ltr'><strong>existimanda</strong></span> <span class='ocrx_word' id='word_1_24' title='bbox 3070 625 3198 670; x_wconf 91' lang='lat' dir='ltr'><strong>sunt</strong></span> 
     </span>
    </p>
   </div>
   <div class='ocr_carea' id='block_1_6' title="bbox 15 656 1560 752">
    <p class='ocr_par' dir='ltr' id='par_1_6' title="bbox 15 656 1560 752">
     <span class='ocr_line' id='line_1_6' title="bbox 15 656 1560 752; baseline 0.018 -46"><span class='ocrx_word' id='word_1_25' title='bbox 15 656 157 752; x_wconf 49' lang='lat'><strong>{1.57:1</strong></span> <span class='ocrx_word' id='word_1_26' title='bbox 187 675 240 710; x_wconf 88' lang='grc' dir='ltr'><strong>τι</strong></span> <span class='ocrx_word' id='word_1_27' title='bbox 267 661 362 730; x_wconf 78' lang='grc' dir='ltr'><strong>τῆς</strong></span> <span class='ocrx_word' id='word_1_28' title='bbox 390 663 641 733; x_wconf 77' lang='grc' dir='ltr'><strong>ἀληθείας</strong></span> <span class='ocrx_word' id='word_1_29' title='bbox 661 669 1021 738; x_wconf 79' lang='grc' dir='ltr'>παρεξέλοοις.</span> <span class='ocrx_word' id='word_1_30' title='bbox 1055 677 1312 740; x_wconf 85' lang='grc' dir='ltr'>-Ἴσως.</span> <span class='ocrx_word' id='word_1_31' title='bbox 1343 711 1409 720; x_wconf 88' lang='grc'><strong>-</strong></span> <span class='ocrx_word' id='word_1_32' title='bbox 1437 677 1560 752; x_wconf 67' lang='grc' dir='ltr'><strong>τΑρ¹</strong></span> 
     </span>
    </p>
   </div>
   <div class='ocr_carea' id='block_1_7' title="bbox 9 743 1559 839">
    <p class='ocr_par' dir='ltr' id='par_1_7' title="bbox 9 743 1559 839">
     <span class='ocr_line' id='line_1_7' title="bbox 9 743 1559 839; baseline 0.019 -43"><span class='ocrx_word' id='word_1_33' title='bbox 9 743 100 798; x_wconf 75' lang='grc' dir='ltr'><strong>οὖν</strong></span> <span class='ocrx_word' id='word_1_34' title='bbox 132 750 196 800; x_wconf 80' lang='grc' dir='ltr'><strong>ού</strong></span> <span class='ocrx_word' id='word_1_35' title='bbox 224 751 454 823; x_wconf 77' lang='grc' dir='ltr'><strong>τέταρτα</strong></span> <span class='ocrx_word' id='word_1_36' title='bbox 483 756 612 825; x_wconf 78' lang='grc'><strong>(16),</strong></span> <span class='ocrx_word' id='word_1_37' title='bbox 633 759 668 811; x_wconf 78' lang='grc' dir='ltr'>ἃ</span> <span class='ocrx_word' id='word_1_38' title='bbox 691 762 788 830; x_wconf 83' lang='grc' dir='ltr'>τῆς</span> <span class='ocrx_word' id='word_1_39' title='bbox 812 762 986 833; x_wconf 76' lang='grc' dir='ltr'>ψυχῆς</span> <span class='ocrx_word' id='word_1_40' title='bbox 1015 767 1179 836; x_wconf 83' lang='grc' dir='ltr'>αὐτῆς</span> <span class='ocrx_word' id='word_1_41' title='bbox 1206 768 1416 839; x_wconf 77' lang='grc' dir='ltr'>ἔθεμεν,</span> <span class='ocrx_word' id='word_1_42' title='bbox 1439 743 1559 824; x_wconf 63' lang='grc' dir='ltr'>επις</span> 
     </span>
    </p>
   </div>
   <div class='ocr_carea' id='block_1_8' title="bbox 12 840 1559 930">
    <p class='ocr_par' dir='ltr' id='par_1_8' title="bbox 12 840 1559 930">
     <span class='ocr_line' id='line_1_8' title="bbox 12 840 1559 930; baseline 0.017 -41"><span class='ocrx_word' id='word_1_43' title='bbox 12 840 228 909; x_wconf 80' lang='grc' dir='ltr'>στήμας</span> <span class='ocrx_word' id='word_1_44' title='bbox 257 860 335 904; x_wconf 88' lang='grc' dir='ltr'><strong>τε,</strong></span> <span class='ocrx_word' id='word_1_45' title='bbox 366 848 458 898; x_wconf 70' lang='grc' dir='ltr'>καὶ</span> <span class='ocrx_word' id='word_1_46' title='bbox 481 848 691 917; x_wconf 82' lang='grc' dir='ltr'><strong>τέχνας,</strong></span> <span class='ocrx_word' id='word_1_47' title='bbox 727 855 819 905; x_wconf 79' lang='grc' dir='ltr'><strong>καὶ</strong></span> <span class='ocrx_word' id='word_1_48' title='bbox 863 854 1015 920; x_wconf 80' lang='grc' dir='ltr'><strong>δόξας</strong></span> <span class='ocrx_word' id='word_1_49' title='bbox 1052 858 1214 928; x_wconf 82' lang='grc' dir='ltr'>ὀρθὰς</span> <span class='ocrx_word' id='word_1_50' title='bbox 1259 859 1559 930; x_wconf 84' lang='grc' dir='ltr'><strong>λεχθείσας,</strong></span> 
     </span>
    </p>
   </div>
   <div class='ocr_carea' id='block_1_9' title="bbox 10 929 1561 1021">
    <p class='ocr_par' dir='ltr' id='par_1_9' title="bbox 10 929 1561 1021">
     <span class='ocr_line' id='line_1_9' title="bbox 10 929 1561 1021; baseline 0.014 -39"><span class='ocrx_word' id='word_1_51' title='bbox 10 929 160 984; x_wconf 88' lang='grc' dir='ltr'>ταῦτ’</span> <span class='ocrx_word' id='word_1_52' title='bbox 194 930 334 988; x_wconf 78' lang='grc' dir='ltr'>εἶναι</span> <span class='ocrx_word' id='word_1_53' title='bbox 364 940 430 989; x_wconf 85' lang='grc' dir='ltr'>τὰ</span> <span class='ocrx_word' id='word_1_54' title='bbox 458 941 592 1009; x_wconf 86' lang='grc' dir='ltr'>πρὸς</span> <span class='ocrx_word' id='word_1_55' title='bbox 617 945 727 1004; x_wconf 81' lang='grc' dir='ltr'>τοῖς</span> <span class='ocrx_word' id='word_1_56' title='bbox 766 946 909 1014; x_wconf 80' lang='grc' dir='ltr'>τρισὶ</span> <span class='ocrx_word' id='word_1_57' title='bbox 953 948 1215 1017; x_wconf 85' lang='grc' dir='ltr'>τέταρτα;</span> <span class='ocrx_word' id='word_1_58' title='bbox 1265 952 1418 1021; x_wconf 81' lang='grc' dir='ltr'>εἰπερ</span> <span class='ocrx_word' id='word_1_59' title='bbox 1471 953 1561 1004; x_wconf 88' lang='grc' dir='ltr'><strong>τοῦ</strong></span> 
     </span>
    </p>
   </div>
   <div class='ocr_carea' id='block_1_10' title="bbox 8 1026 1562 1114">
    <p class='ocr_par' dir='ltr' id='par_1_10' title="bbox 8 1026 1562 1114">
     <span class='ocr_line' id='line_1_10' title="bbox 8 1026 1562 1114; baseline 0.014 -38"><span class='ocrx_word' id='word_1_60' title='bbox 8 1026 212 1092; x_wconf 80' lang='grc' dir='ltr'>ἀγαθοῦ</span> <span class='ocrx_word' id='word_1_61' title='bbox 229 1031 342 1080; x_wconf 80' lang='grc' dir='ltr'>ἐστι</span> <span class='ocrx_word' id='word_1_62' title='bbox 358 1031 572 1098; x_wconf 79' lang='grc' dir='ltr'>μᾶλλον,</span> <span class='ocrx_word' id='word_1_63' title='bbox 600 1033 954 1107; x_wconf 48' lang='grc' dir='ltr'>ἢξτῆς-ἡδονῆς</span> <span class='ocrx_word' id='word_1_64' title='bbox 977 1039 1084 1109; x_wconf 78' lang='lat' dir='ltr'><strong>(l7)</strong></span> <span class='ocrx_word' id='word_1_65' title='bbox 1107 1041 1562 1114; x_wconf 80' lang='grc' dir='ltr'><strong>ξυγγενῆ.--Τάχ’</strong></span> 
     </span>
    </p>
   </div>
   <div class='ocr_carea' id='block_1_11' title="bbox 8 1118 1557 1204">
    <p class='ocr_par' dir='ltr' id='par_1_11' title="bbox 8 1118 1557 1204">
     <span class='ocr_line' id='line_1_11' title="bbox 8 1118 1557 1204; baseline 0.013 -36"><span class='ocrx_word' id='word_1_66' title='bbox 8 1118 86 1169; x_wconf 80' lang='grc' dir='ltr'><strong>ἄν.</strong></span> <span class='ocrx_word' id='word_1_67' title='bbox 122 1151 191 1159; x_wconf 84' lang='grc'><strong>-</strong></span> <span class='ocrx_word' id='word_1_68' title='bbox 221 1120 477 1190; x_wconf 81' lang='grc' dir='ltr'>Πέμπτας</span> <span class='ocrx_word' id='word_1_69' title='bbox 506 1125 677 1177; x_wconf 84' lang='grc' dir='ltr'>τοίνυν</span> <span class='ocrx_word' id='word_1_70' title='bbox 723 1126 788 1190; x_wconf 81' lang='grc' dir='ltr'>ἃς</span> <span class='ocrx_word' id='word_1_71' title='bbox 829 1129 1019 1199; x_wconf 77' lang='grc' dir='ltr'>ἡδονὰς</span> <span class='ocrx_word' id='word_1_72' title='bbox 1081 1133 1269 1204; x_wconf 77' lang='grc' dir='ltr'>ἔθεμεν</span> <span class='ocrx_word' id='word_1_73' title='bbox 1326 1137 1557 1198; x_wconf 82' lang='grc' dir='ltr'><strong>ἀλύπους</strong></span> 
     </span>
    </p>
   </div>
   <div class='ocr_carea' id='block_1_12' title="bbox 8 1210 1557 1300">
    <p class='ocr_par' dir='ltr' id='par_1_12' title="bbox 8 1210 1557 1300">
     <span class='ocr_line' id='line_1_12' title="bbox 8 1210 1557 1300; baseline 0.015 -40"><span class='ocrx_word' id='word_1_74' title='bbox 8 1210 335 1282; x_wconf 77' lang='grc' dir='ltr'><strong>ὁρισάμενοι,</strong></span> <span class='ocrx_word' id='word_1_75' title='bbox 365 1215 606 1286; x_wconf 78' lang='grc' dir='ltr'>καθαράς</span> <span class='ocrx_word' id='word_1_76' title='bbox 628 1220 1054 1290; x_wconf 70' lang='grc' dir='ltr'><strong>ἐπονομάσαντες</strong></span> <span class='ocrx_word' id='word_1_77' title='bbox 1079 1225 1175 1294; x_wconf 79' lang='grc' dir='ltr'>τῆς</span> <span class='ocrx_word' id='word_1_78' title='bbox 1194 1227 1366 1298; x_wconf 73' lang='grc' dir='ltr'>ψυχῆς</span> <span class='ocrx_word' id='word_1_79' title='bbox 1395 1231 1557 1300; x_wconf 73' lang='grc' dir='ltr'>αὐτῆς</span> 
     </span>
    </p>
   </div>
   <div class='ocr_carea' id='block_1_13' title="bbox 9 1303 1555 1385">
    <p class='ocr_par' dir='ltr' id='par_1_13' title="bbox 9 1303 1555 1385">
     <span class='ocr_line' id='line_1_13' title="bbox 9 1303 1555 1385; baseline 0.012 -33"><span class='ocrx_word' id='word_1_80' title='bbox 9 1303 336 1374; x_wconf 79' lang='grc' dir='ltr'><strong>ἐπιστήμας,</strong></span> <span class='ocrx_word' id='word_1_81' title='bbox 375 1311 493 1371; x_wconf 78' lang='grc' dir='ltr'>ταῖς</span> <span class='ocrx_word' id='word_1_82' title='bbox 513 1308 568 1362; x_wconf 82' lang='grc' dir='ltr'><strong>δὲ</strong></span> <span class='ocrx_word' id='word_1_83' title='bbox 601 1311 910 1382; x_wconf 73' lang='grc' dir='ltr'><strong>αἰσθήσεσιν</strong></span> <span class='ocrx_word' id='word_1_84' title='bbox 925 1315 1472 1385; x_wconf 78' lang='grc' dir='ltr'>ὲπὸμενας.--”Ισως.</span> <span class='ocrx_word' id='word_1_85' title='bbox 1492 1352 1555 1360; x_wconf 88' lang='lat'><strong>—-</strong></span> 
     </span>
    </p>
   </div>
   <div class='ocr_carea' id='block_1_14' title="bbox 1664 685 3185 768">
    <p class='ocr_par' dir='ltr' id='par_1_14' title="bbox 1664 685 3185 768">
     <span class='ocr_line' id='line_1_14' title="bbox 1664 685 3185 768; baseline 0.014 -31"><span class='ocrx_word' id='word_1_86' title='bbox 1664 685 1856 741; x_wconf 88' lang='lat' dir='ltr'><strong>habere</strong></span> <span class='ocrx_word' id='word_1_87' title='bbox 1882 688 2281 756; x_wconf 79' lang='lat' dir='ltr'><strong>sempiternam.</strong></span> <span class='ocrx_word' id='word_1_88' title='bbox 2311 720 2384 732; x_wconf 90' lang='lat'><em>—</em></span> <span class='ocrx_word' id='word_1_89' title='bbox 2411 690 2466 746; x_wconf 86' lang='lat' dir='ltr'><strong>ld</strong></span> <span class='ocrx_word' id='word_1_90' title='bbox 2512 695 2727 761; x_wconf 85' lang='lat' dir='ltr'><strong>quidem</strong></span> <span class='ocrx_word' id='word_1_91' title='bbox 2754 712 2818 751; x_wconf 77' lang='lat' dir='ltr'><strong>ex</strong></span> <span class='ocrx_word' id='word_1_92' title='bbox 2838 715 2999 768; x_wconf 81' lang='lat' dir='ltr'><strong>supra</strong></span> <span class='ocrx_word' id='word_1_93' title='bbox 3030 702 3185 757; x_wconf 89' lang='lat' dir='ltr'><strong>dictis</strong></span> 
     </span>
    </p>
   </div>
   <div class='ocr_carea' id='block_1_15' title="bbox 1669 777 3202 862">
    <p class='ocr_par' dir='ltr' id='par_1_15' title="bbox 1669 777 3202 862">
     <span class='ocr_line' id='line_1_15' title="bbox 1669 777 3202 862; baseline 0.013 -34"><span class='ocrx_word' id='word_1_94' title='bbox 1669 778 1930 845; x_wconf 78' lang='lat' dir='ltr'><strong>sequitur.</strong></span> <span class='ocrx_word' id='word_1_95' title='bbox 1963 809 2031 818; x_wconf 94' lang='lat'><em>—</em></span> <span class='ocrx_word' id='word_1_96' title='bbox 2064 777 2267 834; x_wconf 89' lang='lat' dir='ltr'><strong>Deinde</strong></span> <span class='ocrx_word' id='word_1_97' title='bbox 2309 781 2373 834; x_wconf 92' lang='lat' dir='ltr'><strong>ad</strong></span> <span class='ocrx_word' id='word_1_98' title='bbox 2406 783 2695 838; x_wconf 89' lang='lat' dir='ltr'><strong>secundam</strong></span> <span class='ocrx_word' id='word_1_99' title='bbox 2738 791 3055 859; x_wconf 77' lang='lat' dir='ltr'><strong>revocanda,</strong></span> <span class='ocrx_word' id='word_1_100' title='bbox 3084 808 3202 862; x_wconf 65' lang='lat' dir='ltr'><strong>quae</strong></span> 
     </span>
    </p>
   </div>
   <div class='ocr_carea' id='block_1_16' title="bbox 1667 868 3197 950">
    <p class='ocr_par' dir='ltr' id='par_1_16' title="bbox 1667 868 3197 950">
     <span class='ocr_line' id='line_1_16' title="bbox 1667 868 3197 950; baseline 0.013 -32"><span class='ocrx_word' id='word_1_101' title='bbox 1667 868 1718 918; x_wconf 90' lang='lat' dir='ltr'><strong>in</strong></span> <span class='ocrx_word' id='word_1_102' title='bbox 1761 871 2102 937; x_wconf 85' lang='lat' dir='ltr'><strong>proportione</strong></span> <span class='ocrx_word' id='word_1_103' title='bbox 2128 881 2432 938; x_wconf 88' lang='lat' dir='ltr'><strong>versantur,</strong></span> <span class='ocrx_word' id='word_1_104' title='bbox 2465 882 2524 929; x_wconf 87' lang='lat' dir='ltr'><strong>ut</strong></span> <span class='ocrx_word' id='word_1_105' title='bbox 2546 877 2851 944; x_wconf 90' lang='lat' dir='ltr'><strong>pulchrum,</strong></span> <span class='ocrx_word' id='word_1_106' title='bbox 2883 883 3197 950; x_wconf 82' lang='lat' dir='ltr'><strong>perfectum,</strong></span> 
     </span>
    </p>
   </div>
   <div class='ocr_carea' id='block_1_17' title="bbox 1667 960 3193 1041">
    <p class='ocr_par' dir='ltr' id='par_1_17' title="bbox 1667 960 3193 1041">
     <span class='ocr_line' id='line_1_17' title="bbox 1667 960 3193 1041; baseline 0.012 -31"><span class='ocrx_word' id='word_1_107' title='bbox 1667 960 1934 1027; x_wconf 84' lang='lat' dir='ltr'><strong>idoneum,</strong></span> <span class='ocrx_word' id='word_1_108' title='bbox 1966 972 2019 1016; x_wconf 91' lang='lat' dir='ltr'><strong>et</strong></span> <span class='ocrx_word' id='word_1_109' title='bbox 2064 979 2395 1035; x_wconf 64' lang='lat' dir='ltr'><strong>quaecunque</strong></span> <span class='ocrx_word' id='word_1_110' title='bbox 2429 967 2592 1037; x_wconf 83' lang='lat' dir='ltr'><strong>hujus</strong></span> <span class='ocrx_word' id='word_1_111' title='bbox 2617 978 2742 1024; x_wconf 92' lang='lat' dir='ltr'><strong>sunt</strong></span> <span class='ocrx_word' id='word_1_112' title='bbox 2772 973 3193 1041; x_wconf 60' lang='lat' dir='ltr'><strong>generis—Uti-</strong></span> 
     </span>
    </p>
   </div>
   <div class='ocr_carea' id='block_1_18' title="bbox 1667 1051 3198 1134">
    <p class='ocr_par' dir='ltr' id='par_1_18' title="bbox 1667 1051 3198 1134">
     <span class='ocr_line' id='line_1_18' title="bbox 1667 1051 3198 1134; baseline 0.014 -32"><span class='ocrx_word' id='word_1_113' title='bbox 1667 1067 1791 1119; x_wconf 87' lang='lat' dir='ltr'><strong>que.</strong></span> <span class='ocrx_word' id='word_1_114' title='bbox 1837 1082 1906 1091; x_wconf 90' lang='lat'><strong>—</strong></span> <span class='ocrx_word' id='word_1_115' title='bbox 1948 1051 2178 1107; x_wconf 81' lang='lat' dir='ltr'><strong>Tertiam</strong></span> <span class='ocrx_word' id='word_1_116' title='bbox 2214 1056 2465 1126; x_wconf 84' lang='lat' dir='ltr'><strong>denique,</strong></span> <span class='ocrx_word' id='word_1_117' title='bbox 2501 1067 2560 1112; x_wconf 87' lang='lat' dir='ltr'><strong>ut</strong></span> <span class='ocrx_word' id='word_1_118' title='bbox 2600 1060 2818 1129; x_wconf 89' lang='lat' dir='ltr'><strong>quidem</strong></span> <span class='ocrx_word' id='word_1_119' title='bbox 2864 1065 3109 1134; x_wconf 91' lang='lat' dir='ltr'><strong>conjicio,</strong></span> <span class='ocrx_word' id='word_1_120' title='bbox 3152 1070 3198 1123; x_wconf 91' lang='lat' dir='ltr'><strong>si</strong></span> 
     </span>
    </p>
   </div>
   <div class='ocr_carea' id='block_1_19' title="bbox 1667 1146 3200 1226">
    <p class='ocr_par' dir='ltr' id='par_1_19' title="bbox 1667 1146 3200 1226">
     <span class='ocr_line' id='line_1_19' title="bbox 1667 1146 3200 1226; baseline 0.01 -30"><span class='ocrx_word' id='word_1_121' title='bbox 1667 1154 1898 1198; x_wconf 90' lang='lat' dir='ltr'><strong>mentem</strong></span> <span class='ocrx_word' id='word_1_122' title='bbox 1939 1146 2382 1216; x_wconf 85' lang='lat' dir='ltr'><strong>prudentiamque</strong></span> <span class='ocrx_word' id='word_1_123' title='bbox 2413 1152 2677 1218; x_wconf 80' lang='lat' dir='ltr'><strong>posueris,</strong></span> <span class='ocrx_word' id='word_1_124' title='bbox 2711 1153 2849 1208; x_wconf 89' lang='lat' dir='ltr'><strong>haud</strong></span> <span class='ocrx_word' id='word_1_125' title='bbox 2875 1171 2904 1209; x_wconf 86' lang='lat' dir='ltr'><strong>a</strong></span> <span class='ocrx_word' id='word_1_126' title='bbox 2934 1170 3057 1210; x_wconf 82' lang='lat' dir='ltr'><strong>vero</strong></span> <span class='ocrx_word' id='word_1_127' title='bbox 3079 1175 3200 1226; x_wconf 89' lang='lat' dir='ltr'><strong>pro-</strong></span> 
     </span>
    </p>
   </div>
   <div class='ocr_carea' id='block_1_20' title="bbox 1669 1234 3197 1302">
    <p class='ocr_par' dir='ltr' id='par_1_20' title="bbox 1669 1234 3197 1302">
     <span class='ocr_line' id='line_1_20' title="bbox 1669 1234 3197 1302; baseline 0.01 -16"><span class='ocrx_word' id='word_1_128' title='bbox 1669 1234 1755 1286; x_wconf 90' lang='lat' dir='ltr'><strong>cul</strong></span> <span class='ocrx_word' id='word_1_129' title='bbox 1791 1234 2093 1290; x_wconf 82' lang='lat' dir='ltr'><strong>aberrabis.</strong></span> <span class='ocrx_word' id='word_1_130' title='bbox 2117 1266 2185 1275; x_wconf 91' lang='lat'><strong>—-</strong></span> <span class='ocrx_word' id='word_1_131' title='bbox 2213 1235 2280 1290; x_wconf 91' lang='lat' dir='ltr'><strong>Et</strong></span> <span class='ocrx_word' id='word_1_132' title='bbox 2303 1238 2403 1291; x_wconf 88' lang='lat' dir='ltr'><strong>hoc</strong></span> <span class='ocrx_word' id='word_1_133' title='bbox 2434 1239 2742 1294; x_wconf 84' lang='lat' dir='ltr'><strong>verisimile.</strong></span> <span class='ocrx_word' id='word_1_134' title='bbox 2783 1275 2849 1284; x_wconf 89' lang='lat'><strong>——</strong></span> <span class='ocrx_word' id='word_1_135' title='bbox 2878 1243 3070 1301; x_wconf 88' lang='lat' dir='ltr'><strong>Tribus</strong></span> <span class='ocrx_word' id='word_1_136' title='bbox 3097 1264 3197 1302; x_wconf 89' lang='lat' dir='ltr'><strong>au-</strong></span> 
     </span>
    </p>
   </div>
   <div class='ocr_carea' id='block_1_21' title="bbox 1666 1324 3194 1403">
    <p class='ocr_par' dir='ltr' id='par_1_21' title="bbox 1666 1324 3194 1403">
     <span class='ocr_line' id='line_1_21' title="bbox 1666 1324 3194 1403; baseline 0.012 -28"><span class='ocrx_word' id='word_1_137' title='bbox 1666 1332 1770 1375; x_wconf 90' lang='lat' dir='ltr'><strong>tem</strong></span> <span class='ocrx_word' id='word_1_138' title='bbox 1798 1324 1902 1378; x_wconf 88' lang='lat' dir='ltr'><strong>illis</strong></span> <span class='ocrx_word' id='word_1_139' title='bbox 1957 1341 2086 1380; x_wconf 91' lang='lat' dir='ltr'><strong>num</strong></span> <span class='ocrx_word' id='word_1_140' title='bbox 2127 1327 2323 1381; x_wconf 90' lang='lat' dir='ltr'><strong>merito</strong></span> <span class='ocrx_word' id='word_1_141' title='bbox 2355 1337 2607 1397; x_wconf 86' lang='lat' dir='ltr'><strong>quartum</strong></span> <span class='ocrx_word' id='word_1_142' title='bbox 2647 1331 2871 1386; x_wconf 85' lang='lat' dir='ltr'><strong>addatur</strong></span> <span class='ocrx_word' id='word_1_143' title='bbox 2914 1351 3100 1403; x_wconf 87' lang='lat' dir='ltr'><strong>genus,</strong></span> <span class='ocrx_word' id='word_1_144' title='bbox 3129 1353 3194 1396; x_wconf 80' lang='lat' dir='ltr'><strong>ex</strong></span> 
     </span>
    </p>
   </div>
   <div class='ocr_carea' id='block_1_22' title="bbox 8 1397 3187 1499">
    <p class='ocr_par' dir='ltr' id='par_1_22' title="bbox 8 1397 3187 1499">
     <span class='ocr_line' id='line_1_22' title="bbox 8 1397 3187 1499; baseline 0.012 -52"><span class='ocrx_word' id='word_1_145' title='bbox 8 1397 69 1449; x_wconf 85' lang='lat' dir='ltr'><strong>iis</strong></span> <span class='ocrx_word' id='word_1_146' title='bbox 113 1412 236 1464; x_wconf 73' lang='lat' dir='ltr'><strong>qua:</strong></span> <span class='ocrx_word' id='word_1_147' title='bbox 291 1399 471 1453; x_wconf 87' lang='lat' dir='ltr'><strong>animo</strong></span> <span class='ocrx_word' id='word_1_148' title='bbox 507 1403 718 1469; x_wconf 89' lang='lat' dir='ltr'><strong>proprie</strong></span> <span class='ocrx_word' id='word_1_149' title='bbox 772 1405 1080 1468; x_wconf 83' lang='lat' dir='ltr'><strong>tribuimus.</strong></span> <span class='ocrx_word' id='word_1_150' title='bbox 1121 1409 1401 1477; x_wconf 86' lang='lat' dir='ltr'><strong>doctrinis,</strong></span> <span class='ocrx_word' id='word_1_151' title='bbox 1451 1412 1678 1475; x_wconf 89' lang='lat' dir='ltr'><strong>artibus,</strong></span> <span class='ocrx_word' id='word_1_152' title='bbox 1741 1422 1790 1467; x_wconf 88' lang='lat' dir='ltr'><strong>et</strong></span> <span class='ocrx_word' id='word_1_153' title='bbox 1863 1415 2202 1485; x_wconf 89' lang='lat' dir='ltr'><strong>opinionibus</strong></span> <span class='ocrx_word' id='word_1_154' title='bbox 2263 1434 2382 1488; x_wconf 68' lang='lat' dir='ltr'><strong>quae</strong></span> <span class='ocrx_word' id='word_1_155' title='bbox 2433 1431 2592 1474; x_wconf 74' lang='lat' dir='ltr'><strong>recta:</strong></span> <span class='ocrx_word' id='word_1_156' title='bbox 2636 1397 2940 1480; x_wconf 40' lang='lat' dir='ltr'><strong>dicuntur;</strong></span> <span class='ocrx_word' id='word_1_157' title='bbox 2975 1433 3022 1484; x_wconf 89' lang='lat' dir='ltr'><strong>si</strong></span> <span class='ocrx_word' id='word_1_158' title='bbox 3066 1432 3187 1499; x_wconf 86' lang='lat' dir='ltr'><strong>qui-</strong></span> 
     </span>
    </p>
   </div>
   <div class='ocr_carea' id='block_1_23' title="bbox 8 1490 3189 1581">
    <p class='ocr_par' dir='ltr' id='par_1_23' title="bbox 8 1490 3189 1581">
     <span class='ocr_line' id='line_1_23' title="bbox 8 1490 3189 1581; baseline 0.012 -42"><span class='ocrx_word' id='word_1_159' title='bbox 8 1490 122 1564; x_wconf 71' lang='lat' dir='ltr'><strong>dem</strong></span> <span class='ocrx_word' id='word_1_160' title='bbox 160 1490 264 1543; x_wconf 84' lang='lat' dir='ltr'><strong>ista</strong></span> <span class='ocrx_word' id='word_1_161' title='bbox 309 1508 524 1561; x_wconf 78' lang='lat' dir='ltr'><strong>quoque</strong></span> <span class='ocrx_word' id='word_1_162' title='bbox 577 1494 716 1550; x_wconf 91' lang='lat' dir='ltr'><strong>bono</strong></span> <span class='ocrx_word' id='word_1_163' title='bbox 753 1499 1159 1568; x_wconf 79' lang='lat' dir='ltr'><strong>-coujunctiora</strong></span> <span class='ocrx_word' id='word_1_164' title='bbox 1206 1514 1351 1568; x_wconf 87' lang='lat' dir='ltr'><strong>sunt,</strong></span> <span class='ocrx_word' id='word_1_165' title='bbox 1398 1521 1556 1574; x_wconf 87' lang='lat' dir='ltr'><strong>quam</strong></span> <span class='ocrx_word' id='word_1_166' title='bbox 1627 1509 1889 1578; x_wconf 82' lang='lat' dir='ltr'><strong>voluptas.</strong></span> <span class='ocrx_word' id='word_1_167' title='bbox 1936 1538 2002 1548; x_wconf 91' lang='lat'><strong>—</strong></span> <span class='ocrx_word' id='word_1_168' title='bbox 2037 1507 2302 1564; x_wconf 82' lang='lat' dir='ltr'><strong>Fortassis</strong></span> <span class='ocrx_word' id='word_1_169' title='bbox 2343 1520 2396 1566; x_wconf 92' lang='lat' dir='ltr'><strong>et</strong></span> <span class='ocrx_word' id='word_1_170' title='bbox 2447 1512 2604 1567; x_wconf 84' lang='lat' dir='ltr'><strong>istuc.</strong></span> <span class='ocrx_word' id='word_1_171' title='bbox 2637 1543 2706 1554; x_wconf 90' lang='lat'><strong>-</strong></span> <span class='ocrx_word' id='word_1_172' title='bbox 2739 1514 2993 1581; x_wconf 87' lang='lat' dir='ltr'><strong>Quintum</strong></span> <span class='ocrx_word' id='word_1_173' title='bbox 3066 1490 3189 1576; x_wconf 78' lang='lat' dir='ltr'><strong>inde</strong></span> 
     </span>
    </p>
   </div>
   <div class='ocr_carea' id='block_1_24' title="bbox 22 1583 3193 1680">
    <p class='ocr_par' dir='ltr' id='par_1_24' title="bbox 22 1583 3193 1680">
     <span class='ocr_line' id='line_1_24' title="bbox 22 1583 3193 1680; baseline 0.012 -48"><span class='ocrx_word' id='word_1_174' title='bbox 22 1596 178 1634; x_wconf 91' lang='lat' dir='ltr'><strong>ocum</strong></span> <span class='ocrx_word' id='word_1_175' title='bbox 230 1583 590 1653; x_wconf 82' lang='lat' dir='ltr'><strong>voluptatibus</strong></span> <span class='ocrx_word' id='word_1_176' title='bbox 646 1589 751 1644; x_wconf 88' lang='lat' dir='ltr'><strong>illis</strong></span> <span class='ocrx_word' id='word_1_177' title='bbox 796 1592 1063 1656; x_wconf 87' lang='lat' dir='ltr'><strong>dabimus,</strong></span> <span class='ocrx_word' id='word_1_178' title='bbox 1107 1611 1242 1664; x_wconf 89' lang='lat' dir='ltr'><strong>quas</strong></span> <span class='ocrx_word' id='word_1_179' title='bbox 1289 1599 1357 1651; x_wconf 90' lang='lat' dir='ltr'><strong>ab</strong></span> <span class='ocrx_word' id='word_1_180' title='bbox 1401 1601 1545 1652; x_wconf 90' lang='lat' dir='ltr'><strong>omni</strong></span> <span class='ocrx_word' id='word_1_181' title='bbox 1615 1602 1859 1656; x_wconf 86' lang='lat' dir='ltr'><strong>molestia</strong></span> <span class='ocrx_word' id='word_1_182' title='bbox 1904 1618 2138 1666; x_wconf 88' lang='lat' dir='ltr'><strong>vacuas,</strong></span> <span class='ocrx_word' id='word_1_183' title='bbox 2192 1606 2299 1657; x_wconf 91' lang='lat' dir='ltr'><strong>imo</strong></span> <span class='ocrx_word' id='word_1_184' title='bbox 2344 1614 2396 1656; x_wconf 95' lang='lat' dir='ltr'><strong>et</strong></span> <span class='ocrx_word' id='word_1_185' title='bbox 2450 1619 2612 1672; x_wconf 89' lang='lat' dir='ltr'><strong>puras</strong></span> <span class='ocrx_word' id='word_1_186' title='bbox 2658 1607 2822 1660; x_wconf 91' lang='lat' dir='ltr'><strong>animi</strong></span> <span class='ocrx_word' id='word_1_187' title='bbox 2865 1611 3193 1680; x_wconf 77' lang='lat' dir='ltr'><strong>cognitiones</strong></span> 
     </span>
    </p>
   </div>
   <div class='ocr_carea' id='block_1_25' title="bbox 8 1667 2324 1750">
    <p class='ocr_par' dir='ltr' id='par_1_25' title="bbox 8 1667 2324 1750">
     <span class='ocr_line' id='line_1_25' title="bbox 8 1667 2324 1750; baseline 0.011 -27"><span class='ocrx_word' id='word_1_188' title='bbox 8 1667 121 1725; x_wconf 74' lang='lat' dir='ltr'><strong>csse</strong></span> <span class='ocrx_word' id='word_1_189' title='bbox 144 1674 435 1730; x_wconf 81' lang='lat' dir='ltr'><strong>statuimus</strong></span> <span class='ocrx_word' id='word_1_190' title='bbox 467 1677 585 1733; x_wconf 86' lang='lat' dir='ltr'><strong>illas</strong></span> <span class='ocrx_word' id='word_1_191' title='bbox 618 1681 856 1749; x_wconf 89' lang='lat' dir='ltr'><strong>quidem,</strong></span> <span class='ocrx_word' id='word_1_192' title='bbox 907 1685 999 1738; x_wconf 86' lang='lat' dir='ltr'><strong>sed</strong></span> <span class='ocrx_word' id='word_1_193' title='bbox 1048 1676 1223 1741; x_wconf 79' lang='lat' dir='ltr'><strong>tamen</strong></span> <span class='ocrx_word' id='word_1_194' title='bbox 1264 1700 1411 1743; x_wconf 87' lang='lat' dir='ltr'><strong>ortas</strong></span> <span class='ocrx_word' id='word_1_195' title='bbox 1471 1707 1535 1744; x_wconf 82' lang='lat' dir='ltr'><strong>cx</strong></span> <span class='ocrx_word' id='word_1_196' title='bbox 1569 1695 1835 1749; x_wconf 88' lang='lat' dir='ltr'><strong>sensibus.</strong></span> <span class='ocrx_word' id='word_1_197' title='bbox 1875 1725 1943 1733; x_wconf 90' lang='lat'><strong>—</strong></span> <span class='ocrx_word' id='word_1_198' title='bbox 1971 1696 2218 1750; x_wconf 85' lang='lat' dir='ltr'><strong>Fortean.</strong></span> <span class='ocrx_word' id='word_1_199' title='bbox 2256 1727 2324 1738; x_wconf 89' lang='lat'><strong>-</strong></span> 
     </span>
    </p>
   </div>
   <div class='ocr_carea' id='block_1_26' title="bbox 8 1784 1548 1867">
    <p class='ocr_par' dir='ltr' id='par_1_26' title="bbox 8 1784 1548 1867">
     <span class='ocr_line' id='line_1_26' title="bbox 8 1784 1548 1867; baseline 0.014 -30"><span class='ocrx_word' id='word_1_200' title='bbox 8 1784 187 1855; x_wconf 75' lang='grc' dir='ltr'>Ἕιτῃ</span> <span class='ocrx_word' id='word_1_201' title='bbox 221 1786 276 1838; x_wconf 81' lang='grc' dir='ltr'>δ’</span> <span class='ocrx_word' id='word_1_202' title='bbox 312 1790 381 1841; x_wconf 79' lang='grc' dir='ltr'><strong>ἐν·</strong></span> <span class='ocrx_word' id='word_1_203' title='bbox 412 1791 602 1858; x_wconf 78' lang='grc' dir='ltr'>γενεᾷ,</span> <span class='ocrx_word' id='word_1_204' title='bbox 636 1796 797 1864; x_wconf 71' lang='grc' dir='ltr'>φησιν</span> <span class='ocrx_word' id='word_1_205' title='bbox 840 1798 1085 1867; x_wconf 79' lang='grc' dir='ltr'>Ὀρφεὺς,</span> <span class='ocrx_word' id='word_1_206' title='bbox 1132 1807 1548 1858; x_wconf 81' lang='grc' dir='ltr'>καταπαύσατε</span> 
     </span>
    </p>
   </div>
   <div class='ocr_carea' id='block_1_27' title="bbox 923 1867 1439 1940">
    <p class='ocr_par' dir='ltr' id='par_1_27' title="bbox 923 1867 1439 1940">
     <span class='ocr_line' id='line_1_27' title="bbox 923 1867 1439 1940; baseline 0.014 -20"><span class='ocrx_word' id='word_1_207' title='bbox 923 1867 1188 1938; x_wconf 78' lang='grc' dir='ltr'><strong>[κόσμον</strong></span> <span class='ocrx_word' id='word_1_208' title='bbox 1215 1874 1439 1940; x_wconf 76' lang='grc' dir='ltr'>ἀοιδῆς.</span> 
     </span>
    </p>
   </div>
   <div class='ocr_carea' id='block_1_28' title="bbox 8 1968 1549 2055">
    <p class='ocr_par' dir='ltr' id='par_1_28' title="bbox 8 1968 1549 2055">
     <span class='ocr_line' id='line_1_28' title="bbox 8 1968 1549 2055; baseline 0.014 -37"><span class='ocrx_word' id='word_1_209' title='bbox 8 1968 163 2040; x_wconf 80' lang='grc' dir='ltr'>Ἀτάρ</span> <span class='ocrx_word' id='word_1_210' title='bbox 191 1971 487 2024; x_wconf 73' lang='grc' dir='ltr'>κινδυνεύει</span> <span class='ocrx_word' id='word_1_211' title='bbox 517 1975 607 2025; x_wconf 71' lang='grc' dir='ltr'>καὶ</span> <span class='ocrx_word' id='word_1_212' title='bbox 635 1977 662 2027; x_wconf 85' lang='grc' dir='ltr'><strong>ὁ</strong></span> <span class='ocrx_word' id='word_1_213' title='bbox 687 1977 945 2048; x_wconf 81' lang='grc' dir='ltr'>ἡμέτερος</span> <span class='ocrx_word' id='word_1_214' title='bbox 968 1979 1124 2048; x_wconf 74' lang='grc' dir='ltr'>λόγος</span> <span class='ocrx_word' id='word_1_215' title='bbox 1144 1985 1200 2034; x_wconf 81' lang='grc' dir='ltr'>ἐν</span> <span class='ocrx_word' id='word_1_216' title='bbox 1229 1985 1359 2055; x_wconf 77' lang='grc' dir='ltr'>ἕκτῃ</span> <span class='ocrx_word' id='word_1_217' title='bbox 1389 2005 1549 2040; x_wconf 76' lang='grc' dir='ltr'>κατα-</span> 
     </span>
    </p>
   </div>
   <div class='ocr_carea' id='block_1_29' title="bbox 8 2061 1547 2146">
    <p class='ocr_par' dir='ltr' id='par_1_29' title="bbox 8 2061 1547 2146">
     <span class='ocr_line' id='line_1_29' title="bbox 8 2061 1547 2146; baseline 0.012 -34"><span class='ocrx_word' id='word_1_218' title='bbox 8 2063 340 2131; x_wconf 63' lang='grc' dir='ltr'>πεηυμένος</span> <span class='ocrx_word' id='word_1_219' title='bbox 357 2061 488 2117; x_wconf 82' lang='grc' dir='ltr'>εἷναι</span> <span class='ocrx_word' id='word_1_220' title='bbox 523 2069 720 2137; x_wconf 83' lang='grc' dir='ltr'>κρίσει.</span> <span class='ocrx_word' id='word_1_221' title='bbox 749 2070 820 2121; x_wconf 88' lang='grc' dir='ltr'>Τὸ</span> <span class='ocrx_word' id='word_1_222' title='bbox 847 2072 902 2123; x_wconf 81' lang='grc' dir='ltr'><strong>δὲ</strong></span> <span class='ocrx_word' id='word_1_223' title='bbox 931 2073 1064 2140; x_wconf 79' lang='grc' dir='ltr'>μετὰ</span> <span class='ocrx_word' id='word_1_224' title='bbox 1106 2075 1255 2126; x_wconf 78' lang='grc' dir='ltr'>ταῦθ’</span> <span class='ocrx_word' id='word_1_225' title='bbox 1291 2080 1418 2146; x_wconf 81' lang='grc' dir='ltr'>ἡμῖν</span> <span class='ocrx_word' id='word_1_226' title='bbox 1457 2081 1547 2130; x_wconf 76' lang='grc' dir='ltr'>ού-</span> 
     </span>
    </p>
   </div>
   <div class='ocr_carea' id='block_1_30' title="bbox 8 2151 1550 2237">
    <p class='ocr_par' dir='ltr' id='par_1_30' title="bbox 8 2151 1550 2237">
     <span class='ocr_line' id='line_1_30' title="bbox 8 2151 1550 2237; baseline 0.011 -34"><span class='ocrx_word' id='word_1_227' title='bbox 8 2151 82 2203; x_wconf 73' lang='grc' dir='ltr'><strong>Ξὲν</strong></span> <span class='ocrx_word' id='word_1_228' title='bbox 100 2152 305 2217; x_wconf 69' lang='grc' dir='ltr'>λοιπὸν,</span> <span class='ocrx_word' id='word_1_229' title='bbox 329 2154 464 2225; x_wconf 78' lang='grc' dir='ltr'>πλὴν</span> <span class='ocrx_word' id='word_1_230' title='bbox 491 2156 676 2227; x_wconf 76' lang='grc' dir='ltr'>ὥσπερ</span> <span class='ocrx_word' id='word_1_231' title='bbox 701 2161 935 2230; x_wconf 61' lang='grc' dir='ltr'>κεφαλὴν</span> <span class='ocrx_word' id='word_1_232' title='bbox 956 2162 1238 2216; x_wconf 87' lang='grc' dir='ltr'>ἀποδοῦναι</span> <span class='ocrx_word' id='word_1_233' title='bbox 1263 2170 1375 2226; x_wconf 87' lang='grc' dir='ltr'>τοῖς</span> <span class='ocrx_word' id='word_1_234' title='bbox 1404 2171 1550 2237; x_wconf 82' lang='grc' dir='ltr'>εἰρη-</span> 
     </span>
    </p>
   </div>
   <div class='ocr_carea' id='block_1_31' title="bbox 8 2243 1544 2326">
    <p class='ocr_par' dir='ltr' id='par_1_31' title="bbox 8 2243 1544 2326">
     <span class='ocr_line' id='line_1_31' title="bbox 8 2243 1544 2326; baseline 0.011 -33"><span class='ocrx_word' id='word_1_235' title='bbox 8 2243 196 2309; x_wconf 73' lang='grc' dir='ltr'>μένοις.</span> <span class='ocrx_word' id='word_1_236' title='bbox 228 2265 301 2284; x_wconf 81' lang='lat'><strong>—--</strong></span> <span class='ocrx_word' id='word_1_237' title='bbox 322 2246 528 2299; x_wconf 82' lang='grc' dir='ltr'>Οὐκοῦν</span> <span class='ocrx_word' id='word_1_238' title='bbox 557 2250 681 2318; x_wconf 87' lang='grc' dir='ltr'>χρή.</span> <span class='ocrx_word' id='word_1_239' title='bbox 713 2278 782 2287; x_wconf 89' lang='grc'><strong><em>-</em></strong></span> <span class='ocrx_word' id='word_1_240' title='bbox 814 2251 915 2302; x_wconf 84' lang='grc' dir='ltr'><strong>Ἴθι</strong></span> <span class='ocrx_word' id='word_1_241' title='bbox 946 2251 1009 2322; x_wconf 81' lang='grc' dir='ltr'>δὴ</span> <span class='ocrx_word' id='word_1_242' title='bbox 1036 2254 1095 2304; x_wconf 85' lang='grc' dir='ltr'><strong>τὸ</strong></span> <span class='ocrx_word' id='word_1_243' title='bbox 1127 2255 1304 2324; x_wconf 91' lang='grc' dir='ltr'>τρίτον</span> <span class='ocrx_word' id='word_1_244' title='bbox 1333 2258 1409 2326; x_wconf 86' lang='grc' dir='ltr'>τῷ</span> <span class='ocrx_word' id='word_1_245' title='bbox 1434 2259 1544 2309; x_wconf 82' lang='grc' dir='ltr'><strong>Σω-</strong></span> 
     </span>
    </p>
   </div>
   <div class='ocr_carea' id='block_1_32' title="bbox 8 2333 1548 2412">
    <p class='ocr_par' dir='ltr' id='par_1_32' title="bbox 8 2333 1548 2412">
     <span class='ocr_line' id='line_1_32' title="bbox 8 2333 1548 2412; baseline 0.011 -28"><span class='ocrx_word' id='word_1_246' title='bbox 8 2333 116 2402; x_wconf 82' lang='grc' dir='ltr'>τῆρι</span> <span class='ocrx_word' id='word_1_247' title='bbox 136 2372 151 2387; x_wconf 92' lang='grc'>.</span> <span class='ocrx_word' id='word_1_248' title='bbox 203 2335 296 2387; x_wconf 79' lang='grc' dir='ltr'>τὸν</span> <span class='ocrx_word' id='word_1_249' title='bbox 323 2337 479 2388; x_wconf 83' lang='grc' dir='ltr'>αὑτὸν</span> <span class='ocrx_word' id='word_1_250' title='bbox 511 2337 1036 2411; x_wconf 84' lang='grc' dir='ltr'>διαμαρτυράμενοι,</span> <span class='ocrx_word' id='word_1_251' title='bbox 1071 2345 1223 2412; x_wconf 80' lang='grc' dir='ltr'>λόγον</span> <span class='ocrx_word' id='word_1_252' title='bbox 1253 2349 1548 2412; x_wconf 78' lang='grc' dir='ltr'>ἐπεξέλθω-</span> 
     </span>
    </p>
   </div>
   <div class='ocr_carea' id='block_1_33' title="bbox 8 2425 1543 2512">
    <p class='ocr_par' dir='ltr' id='par_1_33' title="bbox 8 2425 1543 2512">
     <span class='ocr_line' id='line_1_33' title="bbox 8 2425 1543 2512; baseline 0.014 -38"><span class='ocrx_word' id='word_1_253' title='bbox 8 2425 350 2512; x_wconf 51' lang='grc' dir='ltr'>μεν.-έΠοίον</span> <span class='ocrx_word' id='word_1_254' title='bbox 373 2428 434 2498; x_wconf 87' lang='grc' dir='ltr'><strong>δή</strong></span> <span class='ocrx_word' id='word_1_255' title='bbox 456 2431 769 2502; x_wconf 74' lang='grc' dir='ltr'>ς-Φίληὸος</span> <span class='ocrx_word' id='word_1_256' title='bbox 800 2434 1029 2502; x_wconf 81' lang='grc' dir='ltr'>τάγαθὸν</span> <span class='ocrx_word' id='word_1_257' title='bbox 1071 2437 1218 2490; x_wconf 80' lang='grc' dir='ltr'>ἔθετο</span> <span class='ocrx_word' id='word_1_258' title='bbox 1258 2443 1387 2510; x_wconf 83' lang='grc' dir='ltr'>ἡμῖν</span> <span class='ocrx_word' id='word_1_259' title='bbox 1425 2443 1543 2512; x_wconf 77' lang='grc' dir='ltr'>ἡδο-</span> 
     </span>
    </p>
   </div>
   <div class='ocr_carea' id='block_1_34' title="bbox 8 2511 1542 2596">
    <p class='ocr_par' dir='ltr' id='par_1_34' title="bbox 8 2511 1542 2596">
     <span class='ocr_line' id='line_1_34' title="bbox 8 2511 1542 2596; baseline 0.012 -31"><span class='ocrx_word' id='word_1_260' title='bbox 8 2513 90 2583; x_wconf 81' lang='grc' dir='ltr'><strong>νὴν</strong></span> <span class='ocrx_word' id='word_1_261' title='bbox 121 2511 259 2569; x_wconf 79' lang='grc' dir='ltr'>εἶναι</span> <span class='ocrx_word' id='word_1_262' title='bbox 283 2519 459 2571; x_wconf 79' lang='grc' dir='ltr'>πᾶσαν</span> <span class='ocrx_word' id='word_1_263' title='bbox 483 2521 576 2572; x_wconf 75' lang='grc' dir='ltr'><strong>καὶ</strong></span> <span class='ocrx_word' id='word_1_264' title='bbox 608 2523 859 2594; x_wconf 82' lang='grc' dir='ltr'>παντελῆ.</span> <span class='ocrx_word' id='word_1_265' title='bbox 890 2555 957 2568; x_wconf 75' lang='grc' dir='ltr'><strong>ν-</strong></span> <span class='ocrx_word' id='word_1_266' title='bbox 997 2527 1069 2579; x_wconf 82' lang='grc' dir='ltr'>Τὺ</span> <span class='ocrx_word' id='word_1_267' title='bbox 1089 2529 1301 2596; x_wconf 89' lang='grc' dir='ltr'>τρίτον,</span> <span class='ocrx_word' id='word_1_268' title='bbox 1347 2524 1390 2582; x_wconf 82' lang='grc' dir='ltr'><strong>ὦ</strong></span> <span class='ocrx_word' id='word_1_269' title='bbox 1432 2532 1542 2583; x_wconf 83' lang='grc' dir='ltr'><strong>Σώ-</strong></span> 
     </span>
    </p>
   </div>
   <div class='ocr_carea' id='block_1_35' title="bbox 8 2611 1544 2691">
    <p class='ocr_par' dir='ltr' id='par_1_35' title="bbox 8 2611 1544 2691">
     <span class='ocr_line' id='line_1_35' title="bbox 8 2611 1544 2691; baseline 0.012 -33"><span class='ocrx_word' id='word_1_270' title='bbox 8 2625 215 2676; x_wconf 86' lang='grc' dir='ltr'>κρατες,</span> <span class='ocrx_word' id='word_1_271' title='bbox 247 2611 323 2672; x_wconf 88' lang='grc' dir='ltr'>ὼς</span> <span class='ocrx_word' id='word_1_272' title='bbox 354 2611 552 2676; x_wconf 79' lang='grc' dir='ltr'>ἔοικας,</span> <span class='ocrx_word' id='word_1_273' title='bbox 576 2614 756 2682; x_wconf 78' lang='grc' dir='ltr'>ἔλεγες</span> <span class='ocrx_word' id='word_1_274' title='bbox 788 2618 988 2686; x_wconf 81' lang='grc' dir='ltr'><strong>ἀρτίως</strong></span> <span class='ocrx_word' id='word_1_275' title='bbox 1012 2617 1102 2671; x_wconf 80' lang='grc' dir='ltr'><strong>τὸν</strong></span> <span class='ocrx_word' id='word_1_276' title='bbox 1129 2620 1186 2685; x_wconf 80' lang='grc' dir='ltr'><strong>ἐξ</strong></span> <span class='ocrx_word' id='word_1_277' title='bbox 1227 2623 1401 2691; x_wconf 76' lang='grc' dir='ltr'>ἀρχῆς</span> <span class='ocrx_word' id='word_1_278' title='bbox 1452 2627 1544 2676; x_wconf 83' lang='grc' dir='ltr'><strong>ὲπ-</strong></span> 
     </span>
    </p>
   </div>
   <div class='ocr_carea' id='block_1_36' title="bbox 8 2699 1543 2782">
    <p class='ocr_par' dir='ltr' id='par_1_36' title="bbox 8 2699 1543 2782">
     <span class='ocr_line' id='line_1_36' title="bbox 8 2699 1543 2782; baseline 0.014 -34"><span class='ocrx_word' id='word_1_279' title='bbox 8 2699 278 2752; x_wconf 71' lang='grc' dir='ltr'>αναλαϐεῖν</span> <span class='ocrx_word' id='word_1_280' title='bbox 311 2702 421 2753; x_wconf 84' lang='grc' dir='ltr'>δεῖν</span> <span class='ocrx_word' id='word_1_281' title='bbox 446 2703 616 2770; x_wconf 81' lang='grc' dir='ltr'>λόγον.</span> <span class='ocrx_word' id='word_1_282' title='bbox 639 2735 705 2742; x_wconf 95' lang='grc'><strong>-</strong></span> <span class='ocrx_word' id='word_1_283' title='bbox 738 2707 859 2760; x_wconf 82' lang='grc' dir='ltr'>Ναί.</span> <span class='ocrx_word' id='word_1_284' title='bbox 886 2710 956 2760; x_wconf 83' lang='grc' dir='ltr'>Τὸ</span> <span class='ocrx_word' id='word_1_285' title='bbox 994 2711 1050 2761; x_wconf 89' lang='grc' dir='ltr'><em>δέ</em></span> <span class='ocrx_word' id='word_1_286' title='bbox 1090 2729 1153 2778; x_wconf 89' lang='grc' dir='ltr'>γε</span> <span class='ocrx_word' id='word_1_287' title='bbox 1207 2714 1341 2782; x_wconf 89' lang='grc' dir='ltr'>μετά</span> <span class='ocrx_word' id='word_1_288' title='bbox 1372 2709 1543 2768; x_wconf 88' lang='grc' dir='ltr'><strong>¹τοῦτο</strong></span> 
     </span>
    </p>
   </div>
   <div class='ocr_carea' id='block_1_37' title="bbox 8 2788 1542 2878">
    <p class='ocr_par' dir='ltr' id='par_1_37' title="bbox 8 2788 1542 2878">
     <span class='ocr_line' id='line_1_37' title="bbox 8 2788 1542 2878; baseline 0.005 -40"><span class='ocrx_word' id='word_1_289' title='bbox 8 2788 300 2859; x_wconf 65' lang='grc' dir='ltr'>ἀκούωμενζ</span> <span class='ocrx_word' id='word_1_290' title='bbox 343 2792 480 2859; x_wconf 82' lang='grc' dir='ltr'><strong>Ἐγὼ</strong></span> <span class='ocrx_word' id='word_1_291' title='bbox 522 2793 628 2864; x_wconf 84' lang='grc' dir='ltr'><strong>γὰρ</strong></span> <span class='ocrx_word' id='word_1_292' title='bbox 677 2795 740 2866; x_wconf 85' lang='grc' dir='ltr'>δὴ</span> <span class='ocrx_word' id='word_1_293' title='bbox 799 2798 1029 2851; x_wconf 87' lang='grc' dir='ltr'>κατιδὼν</span> <span class='ocrx_word' id='word_1_294' title='bbox 1060 2800 1198 2873; x_wconf 82' lang='grc' dir='ltr'>ἆπερ</span> <span class='ocrx_word' id='word_1_295' title='bbox 1235 2804 1327 2856; x_wconf 89' lang='grc' dir='ltr'><strong>νῦν</strong></span> <span class='ocrx_word' id='word_1_296' title='bbox 1373 2805 1542 2878; x_wconf 76' lang='grc' dir='ltr'>διελή-</span> 
     </span>
    </p>
   </div>
   <div class='ocr_carea' id='block_1_38' title="bbox 8 2877 1537 2966">
    <p class='ocr_par' dir='ltr' id='par_1_38' title="bbox 8 2877 1537 2966">
     <span class='ocr_line' id='line_1_38' title="bbox 8 2877 1537 2966; baseline 0.013 -37"><span class='ocrx_word' id='word_1_297' title='bbox 8 2877 141 2940; x_wconf 60' lang='lat' dir='ltr'><strong>mea,</strong></span> <span class='ocrx_word' id='word_1_298' title='bbox 187 2881 281 2933; x_wconf 76' lang='grc' dir='ltr'><strong>καὶ</strong></span> <span class='ocrx_word' id='word_1_299' title='bbox 326 2883 656 2952; x_wconf 81' lang='grc' dir='ltr'>δυσχεράνας</span> <span class='ocrx_word' id='word_1_300' title='bbox 703 2887 792 2938; x_wconf 86' lang='grc' dir='ltr'><strong>τὸν</strong></span> <span class='ocrx_word' id='word_1_301' title='bbox 822 2889 1048 2960; x_wconf 76' lang='grc' dir='ltr'>Φιλήϐου</span> <span class='ocrx_word' id='word_1_302' title='bbox 1101 2892 1252 2961; x_wconf 85' lang='grc' dir='ltr'>λόγον</span> <span class='ocrx_word' id='word_1_303' title='bbox 1279 2896 1337 2946; x_wconf 85' lang='grc' dir='ltr'><strong>οὐ</strong></span> <span class='ocrx_word' id='word_1_304' title='bbox 1365 2877 1537 2966; x_wconf 86' lang='grc' dir='ltr'>μόνον,</span> 
     </span>
    </p>
   </div>
   <div class='ocr_carea' id='block_1_39' title="bbox 8 2973 1540 3059">
    <p class='ocr_par' dir='ltr' id='par_1_39' title="bbox 8 2973 1540 3059">
     <span class='ocr_line' id='line_1_39' title="bbox 8 2973 1540 3059; baseline 0.01 -35"><span class='ocrx_word' id='word_1_305' title='bbox 8 2973 125 3026; x_wconf 63' lang='lat' dir='ltr'><strong>me</strong></span> <span class='ocrx_word' id='word_1_306' title='bbox 157 2977 252 3027; x_wconf 82' lang='grc' dir='ltr'>καὶ</span> <span class='ocrx_word' id='word_1_307' title='bbox 277 2976 446 3029; x_wconf 80' lang='grc' dir='ltr'>ἄλλων</span> <span class='ocrx_word' id='word_1_308' title='bbox 477 2979 731 3041; x_wconf 78' lang='grc' dir='ltr'><strong>πολλάκις</strong></span> <span class='ocrx_word' id='word_1_309' title='bbox 760 2981 985 3051; x_wconf 86' lang='grc' dir='ltr'>μυρίων,</span> <span class='ocrx_word' id='word_1_310' title='bbox 1023 2979 1172 3036; x_wconf 76' lang='grc' dir='ltr'>εἷπον</span> <span class='ocrx_word' id='word_1_311' title='bbox 1191 3029 1204 3051; x_wconf 89' lang='grc'><strong>,</strong></span> <span class='ocrx_word' id='word_1_312' title='bbox 1236 2988 1310 3050; x_wconf 87' lang='grc' dir='ltr'>ὡς</span> <span class='ocrx_word' id='word_1_313' title='bbox 1353 2989 1540 3059; x_wconf 83' lang='grc' dir='ltr'>ἡδονῆς</span> 
     </span>
    </p>
   </div>
   <div class='ocr_carea' id='block_1_40' title="bbox 8 3067 1538 3154">
    <p class='ocr_par' dir='ltr' id='par_1_40' title="bbox 8 3067 1538 3154">
     <span class='ocr_line' id='line_1_40' title="bbox 8 3067 1538 3154; baseline 0.012 -37"><span class='ocrx_word' id='word_1_314' title='bbox 8 3083 54 3132; x_wconf 72' lang='grc' dir='ltr'><strong>τε</strong></span> <span class='ocrx_word' id='word_1_315' title='bbox 79 3067 199 3130; x_wconf 82' lang='grc' dir='ltr'>νοῦς</span> <span class='ocrx_word' id='word_1_316' title='bbox 221 3068 289 3122; x_wconf 85' lang='grc' dir='ltr'>ἂν</span> <span class='ocrx_word' id='word_1_317' title='bbox 309 3073 390 3141; x_wconf 73' lang='grc' dir='ltr'><strong>εἴη</strong></span> <span class='ocrx_word' id='word_1_318' title='bbox 416 3073 607 3144; x_wconf 80' lang='grc' dir='ltr'>μακρῴ</span> <span class='ocrx_word' id='word_1_319' title='bbox 637 3073 841 3142; x_wconf 79' lang='grc' dir='ltr'>βέλτιόν</span> <span class='ocrx_word' id='word_1_320' title='bbox 873 3095 931 3128; x_wconf 88' lang='grc' dir='ltr'><strong>τε</strong></span> <span class='ocrx_word' id='word_1_321' title='bbox 972 3080 1063 3131; x_wconf 74' lang='grc' dir='ltr'><strong>καὶ</strong></span> <span class='ocrx_word' id='word_1_322' title='bbox 1097 3081 1309 3149; x_wconf 82' lang='grc' dir='ltr'>ἄμεινον</span> <span class='ocrx_word' id='word_1_323' title='bbox 1330 3083 1406 3154; x_wconf 83' lang='grc' dir='ltr'><strong>τῷ</strong></span> <span class='ocrx_word' id='word_1_324' title='bbox 1435 3085 1538 3137; x_wconf 82' lang='grc' dir='ltr'>τῶν</span> 
     </span>
    </p>
   </div>
   <div class='ocr_carea' id='block_1_41' title="bbox 8 3157 1536 3243">
    <p class='ocr_par' dir='ltr' id='par_1_41' title="bbox 8 3157 1536 3243">
     <span class='ocr_line' id='line_1_41' title="bbox 8 3157 1536 3243; baseline 0.012 -34"><span class='ocrx_word' id='word_1_325' title='bbox 8 3157 290 3230; x_wconf 70' lang='grc' dir='ltr'>ὶνθρώπων</span> <span class='ocrx_word' id='word_1_326' title='bbox 320 3162 437 3232; x_wconf 80' lang='grc' dir='ltr'>βίῳ.</span> <span class='ocrx_word' id='word_1_327' title='bbox 465 3196 531 3204; x_wconf 90' lang='grc'><strong>-</strong></span> <span class='ocrx_word' id='word_1_328' title='bbox 561 3160 666 3216; x_wconf 79' lang='grc' dir='ltr'><strong>τΗν</strong></span> <span class='ocrx_word' id='word_1_329' title='bbox 695 3166 882 3220; x_wconf 88' lang='grc' dir='ltr'>ταῦτα.</span> <span class='ocrx_word' id='word_1_330' title='bbox 920 3199 982 3206; x_wconf 91' lang='grc'><strong>-</strong></span> <span class='ocrx_word' id='word_1_331' title='bbox 1021 3171 1360 3226; x_wconf 83' lang='grc' dir='ltr'>’Υποπτεύων</span> <span class='ocrx_word' id='word_1_332' title='bbox 1389 3176 1443 3227; x_wconf 82' lang='grc' dir='ltr'>δέ</span> <span class='ocrx_word' id='word_1_333' title='bbox 1476 3194 1536 3243; x_wconf 89' lang='grc' dir='ltr'>γε</span> 
     </span>
    </p>
   </div>
   <div class='ocr_carea' id='block_1_42' title="bbox 1657 1809 3191 1884">
    <p class='ocr_par' dir='ltr' id='par_1_42' title="bbox 1657 1809 3191 1884">
     <span class='ocr_line' id='line_1_42' title="bbox 1657 1809 3191 1884; baseline 0.008 -24"><span class='ocrx_word' id='word_1_334' title='bbox 1657 1810 1722 1860; x_wconf 76' lang='lat' dir='ltr'><strong>At</strong></span> <span class='ocrx_word' id='word_1_335' title='bbox 1752 1825 1928 1877; x_wconf 85' lang='lat' dir='ltr'><strong>genere</strong></span> <span class='ocrx_word' id='word_1_336' title='bbox 1954 1811 2006 1862; x_wconf 82' lang='lat' dir='ltr'><strong>in</strong></span> <span class='ocrx_word' id='word_1_337' title='bbox 2031 1819 2195 1875; x_wconf 77' lang='lat' dir='ltr'><strong>sexto,</strong></span> <span class='ocrx_word' id='word_1_338' title='bbox 2228 1810 2399 1882; x_wconf 86' lang='lat' dir='ltr'><strong>inquit</strong></span> <span class='ocrx_word' id='word_1_339' title='bbox 2430 1809 2695 1880; x_wconf 88' lang='lat' dir='ltr'><strong>Orpheus,</strong></span> <span class='ocrx_word' id='word_1_340' title='bbox 2729 1823 2940 1884; x_wconf 84' lang='lat' dir='ltr'><strong>gratum</strong></span> <span class='ocrx_word' id='word_1_341' title='bbox 2985 1821 3191 1872; x_wconf 83' lang='lat' dir='ltr'><strong>conclu-</strong></span> 
     </span>
    </p>
   </div>
   <div class='ocr_carea' id='block_1_43' title="bbox 2707 1887 3078 1956">
    <p class='ocr_par' dir='ltr' id='par_1_43' title="bbox 2707 1887 3078 1956">
     <span class='ocr_line' id='line_1_43' title="bbox 2707 1887 3078 1956; baseline 0.011 -17"><span class='ocrx_word' id='word_1_342' title='bbox 2707 1887 2830 1956; x_wconf 82' lang='lat' dir='ltr'><strong>[dt&#39;te</strong></span> <span class='ocrx_word' id='word_1_343' title='bbox 2858 1904 3078 1943; x_wconf 83' lang='lat' dir='ltr'><strong>carmen.</strong></span> 
     </span>
    </p>
   </div>
   <div class='ocr_carea' id='block_1_44' title="bbox 1659 1990 3188 2064">
    <p class='ocr_par' dir='ltr' id='par_1_44' title="bbox 1659 1990 3188 2064">
     <span class='ocr_line' id='line_1_44' title="bbox 1659 1990 3188 2064; baseline 0.005 -22"><span class='ocrx_word' id='word_1_344' title='bbox 1659 1990 1916 2059; x_wconf 86' lang='lat' dir='ltr'><strong>Equidem</strong></span> <span class='ocrx_word' id='word_1_345' title='bbox 1947 1990 2052 2044; x_wconf 90' lang='lat' dir='ltr'><strong>hoc</strong></span> <span class='ocrx_word' id='word_1_346' title='bbox 2077 1991 2129 2044; x_wconf 92' lang='lat' dir='ltr'><strong>in</strong></span> <span class='ocrx_word' id='word_1_347' title='bbox 2166 2001 2319 2048; x_wconf 81' lang='lat' dir='ltr'><strong>sexto</strong></span> <span class='ocrx_word' id='word_1_348' title='bbox 2339 1993 2565 2060; x_wconf 89' lang='lat' dir='ltr'><strong>judicio,</strong></span> <span class='ocrx_word' id='word_1_349' title='bbox 2615 2002 2800 2050; x_wconf 87' lang='lat' dir='ltr'><strong>nostra</strong></span> <span class='ocrx_word' id='word_1_350' title='bbox 2831 2011 3044 2064; x_wconf 85' lang='lat' dir='ltr'><strong>quoque</strong></span> <span class='ocrx_word' id='word_1_351' title='bbox 3079 1998 3188 2051; x_wconf 86' lang='lat' dir='ltr'><strong>dis-</strong></span> 
     </span>
    </p>
   </div>
   <div class='ocr_carea' id='block_1_45' title="bbox 1653 2083 3190 2150">
    <p class='ocr_par' dir='ltr' id='par_1_45' title="bbox 1653 2083 3190 2150">
     <span class='ocr_line' id='line_1_45' title="bbox 1653 2083 3190 2150; baseline 0.005 -15"><span class='ocrx_word' id='word_1_352' title='bbox 1653 2083 1857 2150; x_wconf 89' lang='lat' dir='ltr'><strong>putatio</strong></span> <span class='ocrx_word' id='word_1_353' title='bbox 1904 2098 2010 2137; x_wconf 94' lang='lat' dir='ltr'><strong>non</strong></span> <span class='ocrx_word' id='word_1_354' title='bbox 2047 2084 2185 2137; x_wconf 91' lang='lat' dir='ltr'><strong>male</strong></span> <span class='ocrx_word' id='word_1_355' title='bbox 2238 2083 2485 2140; x_wconf 83' lang='lat' dir='ltr'><strong>fortassis</strong></span> <span class='ocrx_word' id='word_1_356' title='bbox 2530 2085 2899 2140; x_wconf 86' lang='lat' dir='ltr'><strong>concludatur.</strong></span> <span class='ocrx_word' id='word_1_357' title='bbox 2955 2090 3031 2141; x_wconf 85' lang='lat' dir='ltr'><strong>Ita</strong></span> <span class='ocrx_word' id='word_1_358' title='bbox 3070 2090 3190 2142; x_wconf 84' lang='lat' dir='ltr'><strong>reli-</strong></span> 
     </span>
    </p>
   </div>
   <div class='ocr_carea' id='block_1_46' title="bbox 1647 2175 3189 2250">
    <p class='ocr_par' dir='ltr' id='par_1_46' title="bbox 1647 2175 3189 2250">
     <span class='ocr_line' id='line_1_46' title="bbox 1647 2175 3189 2250; baseline 0.005 -24"><span class='ocrx_word' id='word_1_359' title='bbox 1647 2175 1895 2243; x_wconf 88' lang='lat' dir='ltr'><strong>quum-id</strong></span> <span class='ocrx_word' id='word_1_360' title='bbox 1922 2175 2081 2230; x_wconf 92' lang='lat' dir='ltr'><strong>modo</strong></span> <span class='ocrx_word' id='word_1_361' title='bbox 2127 2177 2216 2240; x_wconf 90' lang='lat' dir='ltr'><strong>sit,</strong></span> <span class='ocrx_word' id='word_1_362' title='bbox 2243 2183 2302 2230; x_wconf 90' lang='lat' dir='ltr'><strong>ut</strong></span> <span class='ocrx_word' id='word_1_363' title='bbox 2335 2192 2488 2231; x_wconf 89' lang='lat' dir='ltr'><strong>suam</strong></span> <span class='ocrx_word' id='word_1_364' title='bbox 2512 2177 2559 2233; x_wconf 86' lang='lat' dir='ltr'><strong>ei</strong></span> <span class='ocrx_word' id='word_1_365' title='bbox 2587 2179 2897 2234; x_wconf 88' lang='lat' dir='ltr'><strong>coronidem</strong></span> <span class='ocrx_word' id='word_1_366' title='bbox 2945 2181 3189 2250; x_wconf 85' lang='lat' dir='ltr'><strong>impona-</strong></span> 
     </span>
    </p>
   </div>
   <div class='ocr_carea' id='block_1_47' title="bbox 1647 2250 3188 2341">
    <p class='ocr_par' dir='ltr' id='par_1_47' title="bbox 1647 2250 3188 2341">
     <span class='ocr_line' id='line_1_47' title="bbox 1647 2250 3188 2341; baseline 0.006 -23"><span class='ocrx_word' id='word_1_367' title='bbox 1647 2281 1786 2320; x_wconf 90' lang='lat' dir='ltr'><strong>mus.</strong></span> <span class='ocrx_word' id='word_1_368' title='bbox 1811 2296 1880 2304; x_wconf 92' lang='lat'><strong><em>—</em></strong></span> <span class='ocrx_word' id='word_1_369' title='bbox 1904 2267 2247 2336; x_wconf 89' lang='lat' dir='ltr'><strong>lmponamus</strong></span> <span class='ocrx_word' id='word_1_370' title='bbox 2268 2250 2423 2323; x_wconf 31' lang='lat' dir='ltr'><strong>Ivero.</strong></span> <span class='ocrx_word' id='word_1_371' title='bbox 2452 2296 2518 2311; x_wconf 76' lang='grc' dir='ltr'>-ι</span> <span class='ocrx_word' id='word_1_372' title='bbox 2541 2269 2652 2340; x_wconf 82' lang='lat' dir='ltr'><strong>Age</strong></span> <span class='ocrx_word' id='word_1_373' title='bbox 2680 2270 2863 2341; x_wconf 81' lang='lat' dir='ltr'><strong>igitur,</strong></span> <span class='ocrx_word' id='word_1_374' title='bbox 2900 2287 2962 2326; x_wconf 87' lang='lat' dir='ltr'><strong>ac</strong></span> <span class='ocrx_word' id='word_1_375' title='bbox 2992 2272 3188 2327; x_wconf 86' lang='lat' dir='ltr'><strong>Serva-</strong></span> 
     </span>
    </p>
   </div>
   <div class='ocr_carea' id='block_1_48' title="bbox 1647 2357 3185 2427">
    <p class='ocr_par' dir='ltr' id='par_1_48' title="bbox 1647 2357 3185 2427">
     <span class='ocr_line' id='line_1_48' title="bbox 1647 2357 3185 2427; baseline 0.008 -19"><span class='ocrx_word' id='word_1_376' title='bbox 1647 2357 1748 2408; x_wconf 91' lang='lat' dir='ltr'><strong>tori</strong></span> <span class='ocrx_word' id='word_1_377' title='bbox 1773 2366 1985 2422; x_wconf 67' lang='lat' dir='ltr'><strong>nostro;</strong></span> <span class='ocrx_word' id='word_1_378' title='bbox 2027 2360 2271 2413; x_wconf 90' lang='lat' dir='ltr'><strong>eumdem</strong></span> <span class='ocrx_word' id='word_1_379' title='bbox 2321 2375 2512 2416; x_wconf 87' lang='lat' dir='ltr'><strong>rursus</strong></span> <span class='ocrx_word' id='word_1_380' title='bbox 2558 2361 2834 2427; x_wconf 80' lang='lat' dir='ltr'><strong>obtestati,</strong></span> <span class='ocrx_word' id='word_1_381' title='bbox 2883 2379 3185 2420; x_wconf 85' lang='lat' dir='ltr'><strong>sermonem</strong></span> 
     </span>
    </p>
   </div>
   <div class='ocr_carea' id='block_1_49' title="bbox 1646 2447 3182 2520">
    <p class='ocr_par' dir='ltr' id='par_1_49' title="bbox 1646 2447 3182 2520">
     <span class='ocr_line' id='line_1_49' title="bbox 1646 2447 3182 2520; baseline 0.007 -22"><span class='ocrx_word' id='word_1_382' title='bbox 1646 2447 1788 2500; x_wconf 87' lang='lat' dir='ltr'><strong>hunc</strong></span> <span class='ocrx_word' id='word_1_383' title='bbox 1819 2457 2066 2501; x_wconf 86' lang='lat' dir='ltr'><strong>nostrum</strong></span> <span class='ocrx_word' id='word_1_384' title='bbox 2097 2450 2251 2503; x_wconf 90' lang='lat' dir='ltr'><strong>tertio</strong></span> <span class='ocrx_word' id='word_1_385' title='bbox 2274 2450 2386 2518; x_wconf 90' lang='lat' dir='ltr'><strong>jam</strong></span> <span class='ocrx_word' id='word_1_386' title='bbox 2426 2451 2786 2506; x_wconf 84' lang='lat' dir='ltr'><strong>instauratum</strong></span> <span class='ocrx_word' id='word_1_387' title='bbox 2820 2463 3182 2520; x_wconf 84' lang='lat' dir='ltr'><strong>pertexamus.</strong></span> 
     </span>
    </p>
   </div>
   <div class='ocr_carea' id='block_1_50' title="bbox 1643 2536 3187 2616">
    <p class='ocr_par' dir='ltr' id='par_1_50' title="bbox 1643 2536 3187 2616">
     <span class='ocr_line' id='line_1_50' title="bbox 1643 2536 3187 2616; baseline 0.008 -28"><span class='ocrx_word' id='word_1_388' title='bbox 1643 2566 1708 2576; x_wconf 90' lang='lat'><strong>-—</strong></span> <span class='ocrx_word' id='word_1_389' title='bbox 1745 2536 1978 2606; x_wconf 89' lang='lat' dir='ltr'><strong>Ecquem</strong></span> <span class='ocrx_word' id='word_1_390' title='bbox 2009 2540 2169 2594; x_wconf 91' lang='lat' dir='ltr'><strong>vero?</strong></span> <span class='ocrx_word' id='word_1_391' title='bbox 2197 2569 2267 2579; x_wconf 93' lang='lat'><strong>—</strong></span> <span class='ocrx_word' id='word_1_392' title='bbox 2302 2539 2556 2598; x_wconf 88' lang='lat' dir='ltr'><strong>Philebus</strong></span> <span class='ocrx_word' id='word_1_393' title='bbox 2590 2544 2795 2598; x_wconf 90' lang='lat' dir='ltr'><strong>scilicet</strong></span> <span class='ocrx_word' id='word_1_394' title='bbox 2824 2559 2993 2616; x_wconf 79' lang='lat' dir='ltr'><strong>genus</strong></span> <span class='ocrx_word' id='word_1_395' title='bbox 3027 2562 3187 2600; x_wconf 83' lang='lat' dir='ltr'><strong>omne</strong></span> 
     </span>
    </p>
   </div>
   <div class='ocr_carea' id='block_1_51' title="bbox 1643 2630 3184 2707">
    <p class='ocr_par' dir='ltr' id='par_1_51' title="bbox 1643 2630 3184 2707">
     <span class='ocr_line' id='line_1_51' title="bbox 1643 2630 3184 2707; baseline 0.006 -27"><span class='ocrx_word' id='word_1_396' title='bbox 1643 2630 1928 2699; x_wconf 86' lang='lat' dir='ltr'><strong>voluptatis</strong></span> <span class='ocrx_word' id='word_1_397' title='bbox 1979 2631 2180 2685; x_wconf 90' lang='lat' dir='ltr'><strong>bonum</strong></span> <span class='ocrx_word' id='word_1_398' title='bbox 2209 2647 2328 2686; x_wconf 91' lang='lat' dir='ltr'><strong>esse</strong></span> <span class='ocrx_word' id='word_1_399' title='bbox 2357 2634 2644 2688; x_wconf 88' lang='lat' dir='ltr'><strong>statuebat.</strong></span> <span class='ocrx_word' id='word_1_400' title='bbox 2701 2666 2769 2675; x_wconf 93' lang='lat'><strong>—</strong></span> <span class='ocrx_word' id='word_1_401' title='bbox 2817 2636 2886 2690; x_wconf 89' lang='lat' dir='ltr'><strong>At</strong></span> <span class='ocrx_word' id='word_1_402' title='bbox 2933 2636 3184 2707; x_wconf 87' lang='lat' dir='ltr'><strong>jamjam,</strong></span> 
     </span>
    </p>
   </div>
   <div class='ocr_carea' id='block_1_52' title="bbox 1644 2723 3185 2793">
    <p class='ocr_par' dir='ltr' id='par_1_52' title="bbox 1644 2723 3185 2793">
     <span class='ocr_line' id='line_1_52' title="bbox 1644 2723 3185 2793; baseline 0.006 -18"><span class='ocrx_word' id='word_1_403' title='bbox 1644 2723 1881 2777; x_wconf 87' lang='lat' dir='ltr'><strong>Socratis</strong></span> <span class='ocrx_word' id='word_1_404' title='bbox 1936 2723 2352 2792; x_wconf 88' lang='lat' dir='ltr'><strong>disputationem</strong></span> <span class='ocrx_word' id='word_1_405' title='bbox 2390 2725 2549 2791; x_wconf 90' lang='lat' dir='ltr'><strong>hanc,</strong></span> <span class='ocrx_word' id='word_1_406' title='bbox 2597 2726 2774 2788; x_wconf 88' lang='lat' dir='ltr'><strong>tertio,</strong></span> <span class='ocrx_word' id='word_1_407' title='bbox 2823 2727 2875 2780; x_wconf 93' lang='lat' dir='ltr'><strong>ni</strong></span> <span class='ocrx_word' id='word_1_408' title='bbox 2923 2726 3098 2793; x_wconf 85' lang='lat' dir='ltr'><strong>fallor,</strong></span> <span class='ocrx_word' id='word_1_409' title='bbox 3153 2746 3185 2784; x_wconf 85' lang='lat' dir='ltr'><strong>a</strong></span> 
     </span>
    </p>
   </div>
   <div class='ocr_carea' id='block_1_53' title="bbox 1641 2813 3182 2885">
    <p class='ocr_par' dir='ltr' id='par_1_53' title="bbox 1641 2813 3182 2885">
     <span class='ocr_line' id='line_1_53' title="bbox 1641 2813 3182 2885; baseline 0.005 -20"><span class='ocrx_word' id='word_1_410' title='bbox 1641 2813 1814 2880; x_wconf 84' lang='lat' dir='ltr'><strong>capite</strong></span> <span class='ocrx_word' id='word_1_411' title='bbox 1845 2814 2185 2882; x_wconf 90' lang='lat' dir='ltr'><strong>repetendam</strong></span> <span class='ocrx_word' id='word_1_412' title='bbox 2233 2827 2352 2870; x_wconf 86' lang='lat' dir='ltr'><strong>esse</strong></span> <span class='ocrx_word' id='word_1_413' title='bbox 2398 2815 2633 2871; x_wconf 90' lang='lat' dir='ltr'><strong>dicebas.</strong></span> <span class='ocrx_word' id='word_1_414' title='bbox 2668 2849 2735 2857; x_wconf 89' lang='lat'><strong><em>—</em></strong></span> <span class='ocrx_word' id='word_1_415' title='bbox 2780 2815 2853 2870; x_wconf 84' lang='lat' dir='ltr'><strong>Ita</strong></span> <span class='ocrx_word' id='word_1_416' title='bbox 2893 2827 2994 2872; x_wconf 91' lang='lat' dir='ltr'><strong>est.</strong></span> <span class='ocrx_word' id='word_1_417' title='bbox 3028 2818 3182 2885; x_wconf 83' lang='lat' dir='ltr'><strong>Quod</strong></span> 
     </span>
    </p>
   </div>
   <div class='ocr_carea' id='block_1_54' title="bbox 1641 2905 3186 2975">
    <p class='ocr_par' dir='ltr' id='par_1_54' title="bbox 1641 2905 3186 2975">
     <span class='ocr_line' id='line_1_54' title="bbox 1641 2905 3186 2975; baseline 0.005 -20"><span class='ocrx_word' id='word_1_418' title='bbox 1641 2909 1818 2956; x_wconf 90' lang='lat' dir='ltr'><strong>autem</strong></span> <span class='ocrx_word' id='word_1_419' title='bbox 1851 2905 2091 2972; x_wconf 87' lang='lat' dir='ltr'><strong>sequitur</strong></span> <span class='ocrx_word' id='word_1_420' title='bbox 2150 2906 2508 2962; x_wconf 87' lang='lat' dir='ltr'><strong>attendamus.</strong></span> <span class='ocrx_word' id='word_1_421' title='bbox 2541 2905 2798 2975; x_wconf 83' lang='lat' dir='ltr'><strong>Equidem</strong></span> <span class='ocrx_word' id='word_1_422' title='bbox 2841 2922 2901 2960; x_wconf 92' lang='lat' dir='ltr'><strong>ea</strong></span> <span class='ocrx_word' id='word_1_423' title='bbox 2948 2923 3072 2962; x_wconf 84' lang='lat' dir='ltr'><strong>cum</strong></span> <span class='ocrx_word' id='word_1_424' title='bbox 3104 2910 3186 2961; x_wconf 85' lang='lat' dir='ltr'><strong>vi-</strong></span> 
     </span>
    </p>
   </div>
   <div class='ocr_carea' id='block_1_55' title="bbox 1639 2993 3178 3067">
    <p class='ocr_par' dir='ltr' id='par_1_55' title="bbox 1639 2993 3178 3067">
     <span class='ocr_line' id='line_1_55' title="bbox 1639 2993 3178 3067; baseline 0.004 -21"><span class='ocrx_word' id='word_1_425' title='bbox 1639 2993 1841 3058; x_wconf 88' lang='lat' dir='ltr'><strong>derem,</strong></span> <span class='ocrx_word' id='word_1_426' title='bbox 1878 3009 1998 3062; x_wconf 67' lang='lat' dir='ltr'><strong>qua:</strong></span> <span class='ocrx_word' id='word_1_427' title='bbox 2019 2996 2180 3049; x_wconf 86' lang='lat' dir='ltr'><strong>modo</strong></span> <span class='ocrx_word' id='word_1_428' title='bbox 2209 2996 2609 3064; x_wconf 87' lang='lat' dir='ltr'><strong>persequebar;</strong></span> <span class='ocrx_word' id='word_1_429' title='bbox 2647 3012 2709 3050; x_wconf 92' lang='lat' dir='ltr'><strong>ac</strong></span> <span class='ocrx_word' id='word_1_430' title='bbox 2743 3006 3021 3067; x_wconf 82' lang='lat' dir='ltr'><strong>propterea</strong></span> <span class='ocrx_word' id='word_1_431' title='bbox 3069 3015 3178 3054; x_wconf 85' lang='lat' dir='ltr'><strong>non</strong></span> 
     </span>
    </p>
   </div>
   <div class='ocr_carea' id='block_1_56' title="bbox 1638 3083 3174 3148">
    <p class='ocr_par' dir='ltr' id='par_1_56' title="bbox 1638 3083 3174 3148">
     <span class='ocr_line' id='line_1_56' title="bbox 1638 3083 3174 3148; baseline 0.005 -12"><span class='ocrx_word' id='word_1_432' title='bbox 1638 3083 1847 3139; x_wconf 86' lang='lat' dir='ltr'><strong>Philebi</strong></span> <span class='ocrx_word' id='word_1_433' title='bbox 1875 3085 2053 3148; x_wconf 87' lang='lat' dir='ltr'><strong>modo,</strong></span> <span class='ocrx_word' id='word_1_434' title='bbox 2094 3085 2186 3139; x_wconf 90' lang='lat' dir='ltr'><strong>sed</strong></span> <span class='ocrx_word' id='word_1_435' title='bbox 2223 3085 2551 3139; x_wconf 86' lang='lat' dir='ltr'><strong>infinitorum</strong></span> <span class='ocrx_word' id='word_1_436' title='bbox 2595 3088 2753 3142; x_wconf 90' lang='lat' dir='ltr'><strong>etiam</strong></span> <span class='ocrx_word' id='word_1_437' title='bbox 2798 3089 3023 3143; x_wconf 89' lang='lat' dir='ltr'><strong>aliorum</strong></span> <span class='ocrx_word' id='word_1_438' title='bbox 3081 3107 3174 3144; x_wconf 83' lang='lat' dir='ltr'><strong>vo-</strong></span> 
     </span>
    </p>
   </div>
   <div class='ocr_carea' id='block_1_57' title="bbox 1639 3177 3179 3246">
    <p class='ocr_par' dir='ltr' id='par_1_57' title="bbox 1639 3177 3179 3246">
     <span class='ocr_line' id='line_1_57' title="bbox 1639 3177 3179 3246; baseline 0.005 -16"><span class='ocrx_word' id='word_1_439' title='bbox 1639 3192 1753 3231; x_wconf 91' lang='lat' dir='ltr'><strong>cem</strong></span> <span class='ocrx_word' id='word_1_440' title='bbox 1783 3177 2103 3246; x_wconf 88' lang='lat' dir='ltr'><strong>permoleste</strong></span> <span class='ocrx_word' id='word_1_441' title='bbox 2139 3178 2364 3233; x_wconf 80' lang='lat' dir='ltr'><strong>ferrem:</strong></span> <span class='ocrx_word' id='word_1_442' title='bbox 2400 3179 2646 3233; x_wconf 77' lang='lat' dir='ltr'><strong>ltumanze</strong></span> <span class='ocrx_word' id='word_1_443' title='bbox 2667 3181 2806 3246; x_wconf 83' lang='lat' dir='ltr'><strong>vitae,</strong></span> <span class='ocrx_word' id='word_1_444' title='bbox 2835 3189 3062 3235; x_wconf 87' lang='lat' dir='ltr'><strong>mentem</strong></span> <span class='ocrx_word' id='word_1_445' title='bbox 3092 3198 3179 3237; x_wconf 90' lang='lat' dir='ltr'><strong>vo-</strong></span> 
     </span>
    </p>
   </div>
   <div class='ocr_carea' id='block_1_58' title="bbox 8 3249 1537 3340">
    <p class='ocr_par' dir='ltr' id='par_1_58' title="bbox 8 3249 1533 3334">
     <span class='ocr_line' id='line_1_58' title="bbox 8 3249 1533 3334; baseline 0.011 -32"><span class='ocrx_word' id='word_1_446' title='bbox 8 3252 83 3302; x_wconf 76' lang='grc' dir='ltr'><strong>καὶ</strong></span> <span class='ocrx_word' id='word_1_447' title='bbox 111 3250 248 3303; x_wconf 70' lang='grc' dir='ltr'>ἄλλα</span> <span class='ocrx_word' id='word_1_448' title='bbox 303 3249 435 3306; x_wconf 77' lang='grc' dir='ltr'>εἶναι</span> <span class='ocrx_word' id='word_1_449' title='bbox 483 3256 669 3320; x_wconf 83' lang='grc' dir='ltr'>πολλὰ,</span> <span class='ocrx_word' id='word_1_450' title='bbox 704 3254 874 3323; x_wconf 76' lang='grc' dir='ltr'>εἶπον,</span> <span class='ocrx_word' id='word_1_451' title='bbox 900 3260 1005 3323; x_wconf 86' lang='grc' dir='ltr'><strong>ὡς,</strong></span> <span class='ocrx_word' id='word_1_452' title='bbox 1060 3265 1107 3314; x_wconf 85' lang='grc' dir='ltr'>εἰ</span> <span class='ocrx_word' id='word_1_453' title='bbox 1138 3266 1327 3334; x_wconf 83' lang='grc' dir='ltr'>φανείη</span> <span class='ocrx_word' id='word_1_454' title='bbox 1355 3267 1406 3319; x_wconf 84' lang='grc' dir='ltr'><strong>τί</strong></span> <span class='ocrx_word' id='word_1_455' title='bbox 1437 3284 1533 3319; x_wconf 85' lang='grc' dir='ltr'><strong>που</strong></span> 
     </span>
    </p>
   </div>
   <div class='ocr_carea' id='block_1_59' title="bbox 1638 3249 3180 3340">
    <p class='ocr_par' dir='ltr' id='par_1_59' title="bbox 1638 3268 3180 3340">
     <span class='ocr_line' id='line_1_59' title="bbox 1638 3268 3180 3340; baseline 0.004 -20"><span class='ocrx_word' id='word_1_456' title='bbox 1638 3268 1838 3336; x_wconf 88' lang='lat' dir='ltr'><strong>luptate</strong></span> <span class='ocrx_word' id='word_1_457' title='bbox 1863 3269 2020 3338; x_wconf 87' lang='lat' dir='ltr'><strong>longe</strong></span> <span class='ocrx_word' id='word_1_458' title='bbox 2047 3270 2323 3323; x_wconf 88' lang='lat' dir='ltr'><strong>meliorem</strong></span> <span class='ocrx_word' id='word_1_459' title='bbox 2346 3285 2408 3323; x_wconf 90' lang='lat' dir='ltr'><strong>ac</strong></span> <span class='ocrx_word' id='word_1_460' title='bbox 2433 3271 2693 3340; x_wconf 90' lang='lat' dir='ltr'><strong>potiorem</strong></span> <span class='ocrx_word' id='word_1_461' title='bbox 2717 3286 2836 3326; x_wconf 91' lang='lat' dir='ltr'><strong>esse</strong></span> <span class='ocrx_word' id='word_1_462' title='bbox 2862 3271 3092 3326; x_wconf 86' lang='lat' dir='ltr'><strong>defendi.</strong></span> <span class='ocrx_word' id='word_1_463' title='bbox 3109 3296 3180 3311; x_wconf 89' lang='lat'><strong>--</strong></span> 
     </span>
    </p>
   </div>
   <div class='ocr_carea' id='block_1_60' title="bbox 8 3341 1533 3427">
    <p class='ocr_par' dir='ltr' id='par_1_60' title="bbox 8 3341 1533 3427">
     <span class='ocr_line' id='line_1_60' title="bbox 8 3341 1533 3427; baseline 0.012 -36"><span class='ocrx_word' id='word_1_464' title='bbox 8 3341 98 3392; x_wconf 69' lang='grc' dir='ltr'>τοῖν</span> <span class='ocrx_word' id='word_1_465' title='bbox 121 3344 322 3411; x_wconf 72' lang='grc' dir='ltr'>ἀμφοῖν</span> <span class='ocrx_word' id='word_1_466' title='bbox 343 3343 565 3412; x_wconf 82' lang='grc' dir='ltr'>βέλτιον,</span> <span class='ocrx_word' id='word_1_467' title='bbox 586 3347 675 3398; x_wconf 70' lang='grc' dir='ltr'><strong>ἐπὶ</strong></span> <span class='ocrx_word' id='word_1_468' title='bbox 691 3347 796 3400; x_wconf 82' lang='grc' dir='ltr'><strong>τῶν</strong></span> <span class='ocrx_word' id='word_1_469' title='bbox 816 3350 1127 3420; x_wconf 80' lang='grc' dir='ltr'>δευτερείων</span> <span class='ocrx_word' id='word_1_470' title='bbox 1144 3356 1390 3425; x_wconf 83' lang='grc' dir='ltr'>στερήσει</span> <span class='ocrx_word' id='word_1_471' title='bbox 1405 3357 1533 3427; x_wconf 82' lang='lat' dir='ltr'><strong>(l8),</strong></span> 
     </span>
    </p>
   </div>
   <div class='ocr_carea' id='block_1_61' title="bbox 8 3431 1538 3513">
    <p class='ocr_par' dir='ltr' id='par_1_61' title="bbox 8 3431 1538 3513">
     <span class='ocr_line' id='line_1_61' title="bbox 8 3431 1538 3513; baseline 0.012 -33"><span class='ocrx_word' id='word_1_472' title='bbox 8 3431 63 3500; x_wconf 67' lang='grc' dir='ltr'>νῷ</span> <span class='ocrx_word' id='word_1_473' title='bbox 94 3433 227 3504; x_wconf 79' lang='grc' dir='ltr'>πρὸς</span> <span class='ocrx_word' id='word_1_474' title='bbox 253 3434 438 3505; x_wconf 78' lang='grc' dir='ltr'>ἡδονὴν</span> <span class='ocrx_word' id='word_1_475' title='bbox 472 3436 948 3509; x_wconf 81' lang='grc' dir='ltr'>ξυνδιαμαχοίμην,</span> <span class='ocrx_word' id='word_1_476' title='bbox 975 3442 1131 3513; x_wconf 75' lang='grc' dir='ltr'>ἡδονὴ</span> <span class='ocrx_word' id='word_1_477' title='bbox 1159 3443 1215 3494; x_wconf 83' lang='grc' dir='ltr'>δὲ</span> <span class='ocrx_word' id='word_1_478' title='bbox 1239 3446 1330 3496; x_wconf 78' lang='grc' dir='ltr'><strong>καὶ</strong></span> <span class='ocrx_word' id='word_1_479' title='bbox 1360 3445 1538 3498; x_wconf 84' lang='grc' dir='ltr'>δευτε-</span> 
     </span>
    </p>
   </div>
   <div class='ocr_carea' id='block_1_62' title="bbox 8 3528 1537 3608">
    <p class='ocr_par' dir='ltr' id='par_1_62' title="bbox 8 3528 1537 3608">
     <span class='ocr_line' id='line_1_62' title="bbox 8 3528 1537 3608; baseline 0.01 -32"><span class='ocrx_word' id='word_1_480' title='bbox 8 3528 145 3578; x_wconf 67' lang='grc' dir='ltr'>σείων</span> <span class='ocrx_word' id='word_1_481' title='bbox 191 3531 521 3599; x_wconf 78' lang='grc' dir='ltr'>στερήσοιτο.</span> <span class='ocrx_word' id='word_1_482' title='bbox 561 3561 629 3568; x_wconf 96' lang='lat'><strong><em>—</em></strong></span> <span class='ocrx_word' id='word_1_483' title='bbox 667 3528 830 3596; x_wconf 85' lang='grc' dir='ltr'>Εἷπες</span> <span class='ocrx_word' id='word_1_484' title='bbox 859 3535 964 3604; x_wconf 78' lang='grc' dir='ltr'><strong>γάρ</strong></span> <span class='ocrx_word' id='word_1_485' title='bbox 1016 3530 1125 3587; x_wconf 82' lang='grc' dir='ltr'>οῦν.</span> <span class='ocrx_word' id='word_1_486' title='bbox 1161 3565 1229 3573; x_wconf 81' lang='lat'><strong>-—-</strong></span> <span class='ocrx_word' id='word_1_487' title='bbox 1256 3538 1364 3590; x_wconf 83' lang='lat' dir='ltr'><strong>Ka‘t</strong></span> <span class='ocrx_word' id='word_1_488' title='bbox 1399 3540 1537 3608; x_wconf 82' lang='grc' dir='ltr'>μετὰ</span> 
     </span>
    </p>
   </div>
   <div class='ocr_carea' id='block_1_63' title="bbox 8 3618 1537 3700">
    <p class='ocr_par' dir='ltr' id='par_1_63' title="bbox 8 3618 1537 3700">
     <span class='ocr_line' id='line_1_63' title="bbox 8 3618 1537 3700; baseline 0.009 -31"><span class='ocrx_word' id='word_1_489' title='bbox 8 3618 152 3670; x_wconf 79' lang='grc' dir='ltr'><strong>ῑαῦτά</strong></span> <span class='ocrx_word' id='word_1_490' title='bbox 172 3637 260 3686; x_wconf 83' lang='grc' dir='ltr'>γε,</span> <span class='ocrx_word' id='word_1_491' title='bbox 289 3619 499 3674; x_wconf 85' lang='grc' dir='ltr'>πάντων</span> <span class='ocrx_word' id='word_1_492' title='bbox 527 3621 846 3688; x_wconf 82' lang='grc' dir='ltr'>ἱκανώτατα,</span> <span class='ocrx_word' id='word_1_493' title='bbox 874 3626 1079 3678; x_wconf 84' lang='grc' dir='ltr'>τούτοιν</span> <span class='ocrx_word' id='word_1_494' title='bbox 1107 3627 1382 3700; x_wconf 72' lang='grc' dir='ltr'>οὐδέτερον</span> <span class='ocrx_word' id='word_1_495' title='bbox 1419 3632 1537 3683; x_wconf 83' lang='grc' dir='ltr'>ίκα-</span> 
     </span>
    </p>
   </div>
   <div class='ocr_carea' id='block_1_64' title="bbox 8 3707 1533 3781">
    <p class='ocr_par' dir='ltr' id='par_1_64' title="bbox 8 3707 1533 3781">
     <span class='ocr_line' id='line_1_64' title="bbox 8 3707 1533 3781; baseline 0.012 -26"><span class='ocrx_word' id='word_1_496' title='bbox 8 3707 72 3758; x_wconf 59' lang='grc' dir='ltr'><strong>μὸν</strong></span> <span class='ocrx_word' id='word_1_497' title='bbox 105 3707 358 3777; x_wconf 81' lang='grc' dir='ltr'>ἀνεφάνη,</span> <span class='ocrx_word' id='word_1_498' title='bbox 387 3740 451 3748; x_wconf 89' lang='grc'><strong>-</strong></span> <span class='ocrx_word' id='word_1_499' title='bbox 497 3711 869 3781; x_wconf 78' lang='grc' dir='ltr'>Ἀληθέστατα.</span> <span class='ocrx_word' id='word_1_500' title='bbox 905 3745 973 3754; x_wconf 85' lang='lat'><strong>-—</strong></span> <span class='ocrx_word' id='word_1_501' title='bbox 1007 3715 1210 3768; x_wconf 83' lang='grc' dir='ltr'>Οὐκοῦν</span> <span class='ocrx_word' id='word_1_502' title='bbox 1251 3722 1533 3773; x_wconf 88' lang='grc' dir='ltr'>παντάπα-</span> 
     </span>
    </p>
   </div>
   <div class='ocr_carea' id='block_1_65' title="bbox 8 3797 1529 3882">
    <p class='ocr_par' dir='ltr' id='par_1_65' title="bbox 8 3797 1529 3882">
     <span class='ocr_line' id='line_1_65' title="bbox 8 3797 1529 3882; baseline 0.012 -36"><span class='ocrx_word' id='word_1_503' title='bbox 8 3813 70 3847; x_wconf 75' lang='lat' dir='ltr'><strong>rw</strong></span> <span class='ocrx_word' id='word_1_504' title='bbox 103 3799 158 3848; x_wconf 80' lang='grc' dir='ltr'>ἐν</span> <span class='ocrx_word' id='word_1_505' title='bbox 181 3797 354 3867; x_wconf 85' lang='grc' dir='ltr'>τούτῳ</span> <span class='ocrx_word' id='word_1_506' title='bbox 380 3800 460 3870; x_wconf 81' lang='grc' dir='ltr'><strong>τῷ</strong></span> <span class='ocrx_word' id='word_1_507' title='bbox 482 3799 622 3871; x_wconf 77' lang='grc' dir='ltr'><strong>λόγῳ</strong></span> <span class='ocrx_word' id='word_1_508' title='bbox 642 3803 733 3854; x_wconf 80' lang='grc' dir='ltr'><strong>καὶ</strong></span> <span class='ocrx_word' id='word_1_509' title='bbox 760 3803 878 3866; x_wconf 88' lang='grc' dir='ltr'>νοῦς</span> <span class='ocrx_word' id='word_1_510' title='bbox 910 3806 1219 3875; x_wconf 80' lang='grc' dir='ltr'>ἀπήλλακτο</span> <span class='ocrx_word' id='word_1_511' title='bbox 1242 3811 1334 3862; x_wconf 76' lang='grc' dir='ltr'><strong>καὶ</strong></span> <span class='ocrx_word' id='word_1_512' title='bbox 1354 3812 1529 3882; x_wconf 77' lang='grc' dir='ltr'>ἡδονὴ,</span> 
     </span>
    </p>
   </div>
   <div class='ocr_carea' id='block_1_66' title="bbox 8 3888 1533 3972">
    <p class='ocr_par' dir='ltr' id='par_1_66' title="bbox 8 3888 1533 3972">
     <span class='ocr_line' id='line_1_66' title="bbox 8 3888 1533 3972; baseline 0.01 -33"><span class='ocrx_word' id='word_1_513' title='bbox 8 3889 120 3956; x_wconf 67' lang='grc' dir='ltr'><strong>ληδὲ</strong></span> <span class='ocrx_word' id='word_1_514' title='bbox 153 3888 385 3956; x_wconf 81' lang='grc' dir='ltr'>τάγαθὸν</span> <span class='ocrx_word' id='word_1_515' title='bbox 407 3891 536 3942; x_wconf 83' lang='grc' dir='ltr'>αὐτὸ</span> <span class='ocrx_word' id='word_1_516' title='bbox 562 3893 850 3963; x_wconf 76' lang='grc' dir='ltr'>μηδέτερον</span> <span class='ocrx_word' id='word_1_517' title='bbox 877 3897 1058 3948; x_wconf 81' lang='grc' dir='ltr'>αὐτοῖν</span> <span class='ocrx_word' id='word_1_518' title='bbox 1085 3894 1242 3962; x_wconf 82' lang='grc' dir='ltr'>εἶναι,</span> <span class='ocrx_word' id='word_1_519' title='bbox 1278 3904 1533 3972; x_wconf 84' lang='grc' dir='ltr'>στερομέ-</span> 
     </span>
    </p>
   </div>
   <div class='ocr_carea' id='block_1_67' title="bbox 8 3981 1532 4053">
    <p class='ocr_par' dir='ltr' id='par_1_67' title="bbox 8 3981 1532 4053">
     <span class='ocr_line' id='line_1_67' title="bbox 8 3981 1532 4053; baseline 0.011 -25"><span class='ocrx_word' id='word_1_520' title='bbox 8 3997 92 4031; x_wconf 65' lang='lat' dir='ltr'><strong>nov</strong></span> <span class='ocrx_word' id='word_1_521' title='bbox 119 3981 462 4052; x_wconf 77' lang='grc' dir='ltr'>αὐταρκείας,</span> <span class='ocrx_word' id='word_1_522' title='bbox 493 3982 584 4032; x_wconf 71' lang='grc' dir='ltr'><strong>καὶ</strong></span> <span class='ocrx_word' id='word_1_523' title='bbox 610 3986 704 4053; x_wconf 81' lang='grc' dir='ltr'><strong>τῆς</strong></span> <span class='ocrx_word' id='word_1_524' title='bbox 731 3984 823 4036; x_wconf 88' lang='grc' dir='ltr'><strong>τοῦ</strong></span> <span class='ocrx_word' id='word_1_525' title='bbox 875 3987 1056 4038; x_wconf 79' lang='grc' dir='ltr'>ἱκανοῦ</span> <span class='ocrx_word' id='word_1_526' title='bbox 1092 3992 1182 4042; x_wconf 81' lang='grc' dir='ltr'><strong>καὶ</strong></span> <span class='ocrx_word' id='word_1_527' title='bbox 1216 3991 1417 4045; x_wconf 82' lang='grc' dir='ltr'>τελείου</span> <span class='ocrx_word' id='word_1_528' title='bbox 1445 3993 1532 4044; x_wconf 88' lang='grc' dir='ltr'>δυ-</span> 
     </span>
    </p>
   </div>
   <div class='ocr_carea' id='block_1_68' title="bbox 8 4071 1528 4147">
    <p class='ocr_par' dir='ltr' id='par_1_68' title="bbox 8 4071 1528 4147">
     <span class='ocr_line' id='line_1_68' title="bbox 8 4071 1528 4147; baseline 0.011 -28"><span class='ocrx_word' id='word_1_529' title='bbox 8 4071 214 4138; x_wconf 63' lang='grc' dir='ltr'>νάμεως.</span> <span class='ocrx_word' id='word_1_530' title='bbox 242 4098 310 4114; x_wconf 79' lang='lat'><strong>-—-</strong></span> <span class='ocrx_word' id='word_1_531' title='bbox 352 4072 654 4144; x_wconf 83' lang='grc' dir='ltr'>Ὀρθότατα.</span> <span class='ocrx_word' id='word_1_532' title='bbox 695 4106 762 4113; x_wconf 89' lang='lat'><strong>—</strong></span> <span class='ocrx_word' id='word_1_533' title='bbox 790 4076 1045 4139; x_wconf 82' lang='grc' dir='ltr'>Φανέντος</span> <span class='ocrx_word' id='word_1_534' title='bbox 1070 4079 1125 4130; x_wconf 80' lang='grc' dir='ltr'>δέ</span> <span class='ocrx_word' id='word_1_535' title='bbox 1157 4098 1220 4147; x_wconf 85' lang='grc' dir='ltr'>γε</span> <span class='ocrx_word' id='word_1_536' title='bbox 1265 4081 1422 4143; x_wconf 76' lang='grc' dir='ltr'>ᾇλλου</span> <span class='ocrx_word' id='word_1_537' title='bbox 1454 4100 1528 4134; x_wconf 82' lang='grc' dir='ltr'>τι-</span> 
     </span>
    </p>
   </div>
   <div class='ocr_carea' id='block_1_69' title="bbox 8 4159 1529 4238">
    <p class='ocr_par' dir='ltr' id='par_1_69' title="bbox 8 4159 1529 4238">
     <span class='ocr_line' id='line_1_69' title="bbox 8 4159 1529 4238; baseline 0.011 -28"><span class='ocrx_word' id='word_1_538' title='bbox 8 4159 73 4220; x_wconf 67' lang='grc' dir='ltr'><strong>δὺς</strong></span> <span class='ocrx_word' id='word_1_539' title='bbox 94 4163 390 4230; x_wconf 86' lang='grc' dir='ltr'>κρείττονος</span> <span class='ocrx_word' id='word_1_540' title='bbox 412 4164 617 4216; x_wconf 87' lang='grc' dir='ltr'>τούτοιν</span> <span class='ocrx_word' id='word_1_541' title='bbox 642 4165 894 4235; x_wconf 79' lang='grc' dir='ltr'>ἐκατέρου</span> <span class='ocrx_word' id='word_1_542' title='bbox 915 4206 928 4227; x_wconf 89' lang='grc'><strong>,</strong></span> <span class='ocrx_word' id='word_1_543' title='bbox 984 4170 1159 4238; x_wconf 87' lang='grc' dir='ltr'>μυρίῳ</span> <span class='ocrx_word' id='word_1_544' title='bbox 1208 4175 1256 4238; x_wconf 85' lang='grc' dir='ltr'><strong>γ’</strong></span> <span class='ocrx_word' id='word_1_545' title='bbox 1289 4169 1354 4226; x_wconf 84' lang='grc' dir='ltr'><strong>αῦ</strong></span> <span class='ocrx_word' id='word_1_546' title='bbox 1407 4174 1529 4236; x_wconf 88' lang='grc' dir='ltr'>νοῦς</span> 
     </span>
    </p>
   </div>
   <div class='ocr_carea' id='block_1_70' title="bbox 8 4245 1527 4326">
    <p class='ocr_par' dir='ltr' id='par_1_70' title="bbox 8 4245 1527 4326">
     <span class='ocr_line' id='line_1_70' title="bbox 8 4245 1527 4326; baseline 0.011 -29"><span class='ocrx_word' id='word_1_547' title='bbox 8 4245 170 4317; x_wconf 53' lang='grc' dir='ltr'>ᾐδονῆς</span> <span class='ocrx_word' id='word_1_548' title='bbox 197 4252 511 4322; x_wconf 84' lang='grc' dir='ltr'>οἰκειότερον</span> <span class='ocrx_word' id='word_1_549' title='bbox 544 4255 634 4306; x_wconf 71' lang='grc' dir='ltr'><strong>καὶ</strong></span> <span class='ocrx_word' id='word_1_550' title='bbox 661 4254 1090 4326; x_wconf 71' lang='grc' dir='ltr'>προσφυεστερον</span> <span class='ocrx_word' id='word_1_551' title='bbox 1129 4259 1390 4326; x_wconf 83' lang='grc' dir='ltr'>πέφανται</span> <span class='ocrx_word' id='word_1_552' title='bbox 1435 4263 1527 4314; x_wconf 81' lang='grc' dir='ltr'><strong>νῦν</strong></span> 
     </span>
    </p>
   </div>
   <div class='ocr_carea' id='block_1_71' title="bbox 8 4337 1532 4415">
    <p class='ocr_par' dir='ltr' id='par_1_71' title="bbox 8 4337 1532 4415">
     <span class='ocr_line' id='line_1_71' title="bbox 8 4337 1532 4415; baseline 0.01 -26"><span class='ocrx_word' id='word_1_553' title='bbox 8 4337 52 4406; x_wconf 76' lang='grc' dir='ltr'><strong>τῇ</strong></span> <span class='ocrx_word' id='word_1_554' title='bbox 89 4339 177 4389; x_wconf 87' lang='grc' dir='ltr'><strong>τοῦ</strong></span> <span class='ocrx_word' id='word_1_555' title='bbox 236 4339 490 4406; x_wconf 83' lang='grc' dir='ltr'>νικῶντος</span> <span class='ocrx_word' id='word_1_556' title='bbox 538 4346 669 4414; x_wconf 67' lang='grc' dir='ltr'><strong>ἰδέᾳ.</strong></span> <span class='ocrx_word' id='word_1_557' title='bbox 701 4378 768 4386; x_wconf 88' lang='grc'><strong><em>-</em></strong></span> <span class='ocrx_word' id='word_1_558' title='bbox 801 4346 922 4408; x_wconf 84' lang='grc' dir='ltr'><strong>Πῶς</strong></span> <span class='ocrx_word' id='word_1_559' title='bbox 973 4346 1079 4415; x_wconf 86' lang='grc' dir='ltr'>γάρ</span> <span class='ocrx_word' id='word_1_560' title='bbox 1105 4347 1194 4412; x_wconf 70' lang='lat' dir='ltr'><strong>ob;</strong></span> <span class='ocrx_word' id='word_1_561' title='bbox 1223 4380 1292 4389; x_wconf 89' lang='lat'>——</span> <span class='ocrx_word' id='word_1_562' title='bbox 1322 4351 1532 4408; x_wconf 82' lang='grc' dir='ltr'>Οὐκοῦν.</span> 
     </span>
    </p>
   </div>
   <div class='ocr_carea' id='block_1_72' title="bbox 8 4423 1520 4508">
    <p class='ocr_par' dir='ltr' id='par_1_72' title="bbox 8 4423 1520 4508">
     <span class='ocr_line' id='line_1_72' title="bbox 8 4423 1520 4508; baseline 0.012 -34"><span class='ocrx_word' id='word_1_563' title='bbox 8 4423 224 4492; x_wconf 62' lang='grc' dir='ltr'>πέμπτον</span> <span class='ocrx_word' id='word_1_564' title='bbox 252 4430 392 4482; x_wconf 81' lang='grc' dir='ltr'>κατὰ</span> <span class='ocrx_word' id='word_1_565' title='bbox 413 4430 509 4499; x_wconf 78' lang='grc' dir='ltr'>τὴν</span> <span class='ocrx_word' id='word_1_566' title='bbox 529 4435 725 4500; x_wconf 87' lang='grc' dir='ltr'>κρίσιν,</span> <span class='ocrx_word' id='word_1_567' title='bbox 748 4437 821 4497; x_wconf 85' lang='grc' dir='ltr'>ὼς</span> <span class='ocrx_word' id='word_1_568' title='bbox 847 4436 936 4488; x_wconf 84' lang='grc' dir='ltr'><strong>νῦν</strong></span> <span class='ocrx_word' id='word_1_569' title='bbox 969 4436 996 4486; x_wconf 85' lang='grc' dir='ltr'>ὁ</span> <span class='ocrx_word' id='word_1_570' title='bbox 1022 4435 1173 4503; x_wconf 87' lang='grc' dir='ltr'>λόγος</span> <span class='ocrx_word' id='word_1_571' title='bbox 1193 4439 1520 4508; x_wconf 76' lang='grc' dir='ltr'>ἀπεφήνατο,</span> 
     </span>
    </p>
   </div>
   <div class='ocr_carea' id='block_1_73' title="bbox 8 4512 1522 4599">
    <p class='ocr_par' dir='ltr' id='par_1_73' title="bbox 8 4512 1522 4599">
     <span class='ocr_line' id='line_1_73' title="bbox 8 4512 1522 4599; baseline 0.012 -35"><span class='ocrx_word' id='word_1_572' title='bbox 8 4512 198 4580; x_wconf 67' lang='grc' dir='ltr'>τίγνοιτ⁹</span> <span class='ocrx_word' id='word_1_573' title='bbox 217 4517 280 4569; x_wconf 88' lang='grc' dir='ltr'>ἂν</span> <span class='ocrx_word' id='word_1_574' title='bbox 303 4520 332 4587; x_wconf 86' lang='grc' dir='ltr'><strong>ή</strong></span> <span class='ocrx_word' id='word_1_575' title='bbox 361 4519 458 4586; x_wconf 83' lang='grc' dir='ltr'>τῆς</span> <span class='ocrx_word' id='word_1_576' title='bbox 481 4521 667 4592; x_wconf 74' lang='grc' dir='ltr'>ἡδονῆς</span> <span class='ocrx_word' id='word_1_577' title='bbox 690 4525 930 4594; x_wconf 72' lang='grc' dir='ltr'>δύναμις.</span> <span class='ocrx_word' id='word_1_578' title='bbox 952 4557 1020 4564; x_wconf 85' lang='lat'><strong>~—</strong></span> <span class='ocrx_word' id='word_1_579' title='bbox 1039 4528 1267 4580; x_wconf 88' lang='grc' dir='ltr'>Ἔοικεν.</span> <span class='ocrx_word' id='word_1_580' title='bbox 1290 4559 1358 4583; x_wconf 78' lang='lat'><strong>—.-</strong></span> <span class='ocrx_word' id='word_1_581' title='bbox 1378 4530 1522 4599; x_wconf 83' lang='grc' dir='ltr'>Πρῶ-</span> 
     </span>
    </p>
   </div>
   <div class='ocr_carea' id='block_1_74' title="bbox 8 4605 1516 4686">
    <p class='ocr_par' dir='ltr' id='par_1_74' title="bbox 8 4605 1516 4686">
     <span class='ocr_line' id='line_1_74' title="bbox 8 4605 1516 4686; baseline 0.012 -32"><span class='ocrx_word' id='word_1_582' title='bbox 8 4620 72 4656; x_wconf 77' lang='grc' dir='ltr'>τον</span> <span class='ocrx_word' id='word_1_583' title='bbox 94 4605 146 4656; x_wconf 81' lang='grc' dir='ltr'><em>δέ</em></span> <span class='ocrx_word' id='word_1_584' title='bbox 175 4623 235 4672; x_wconf 83' lang='grc' dir='ltr'>γε</span> <span class='ocrx_word' id='word_1_585' title='bbox 264 4605 322 4658; x_wconf 78' lang='grc' dir='ltr'><strong>ού</strong></span> <span class='ocrx_word' id='word_1_586' title='bbox 351 4607 455 4677; x_wconf 77' lang='grc'><strong>(19)</strong></span> <span class='ocrx_word' id='word_1_587' title='bbox 480 4627 491 4637; x_wconf 81' lang='lat'><strong><em>°</em></strong></span> <span class='ocrx_word' id='word_1_588' title='bbox 527 4611 626 4663; x_wconf 77' lang='grc' dir='ltr'><strong>κᾶν</strong></span> <span class='ocrx_word' id='word_1_589' title='bbox 668 4617 714 4665; x_wconf 78' lang='grc' dir='ltr'>οἱ</span> <span class='ocrx_word' id='word_1_590' title='bbox 742 4617 935 4680; x_wconf 81' lang='grc' dir='ltr'>πάντες</span> <span class='ocrx_word' id='word_1_591' title='bbox 967 4617 1082 4686; x_wconf 78' lang='grc' dir='ltr'>βόες</span> <span class='ocrx_word' id='word_1_592' title='bbox 1129 4635 1185 4669; x_wconf 90' lang='grc' dir='ltr'><strong>τε</strong></span> <span class='ocrx_word' id='word_1_593' title='bbox 1218 4619 1308 4679; x_wconf 77' lang='grc' dir='ltr'><strong>καὶ</strong></span> <span class='ocrx_word' id='word_1_594' title='bbox 1345 4621 1516 4683; x_wconf 75' lang='grc' dir='ltr'>ἵπποι,</span> 
     </span>
    </p>
   </div>
   <div class='ocr_carea' id='block_1_75' title="bbox 8 4698 1520 4782">
    <p class='ocr_par' dir='ltr' id='par_1_75' title="bbox 8 4698 1520 4782">
     <span class='ocr_line' id='line_1_75' title="bbox 8 4698 1520 4782; baseline 0.011 -36"><span class='ocrx_word' id='word_1_595' title='bbox 8 4698 74 4747; x_wconf 65' lang='lat' dir='ltr'><strong>cui.</strong></span> <span class='ocrx_word' id='word_1_596' title='bbox 100 4698 165 4749; x_wconf 76' lang='grc' dir='ltr'>τὰ</span> <span class='ocrx_word' id='word_1_597' title='bbox 211 4699 342 4752; x_wconf 82' lang='grc' dir='ltr'>ἄλλα</span> <span class='ocrx_word' id='word_1_598' title='bbox 374 4699 653 4769; x_wconf 77' lang='grc' dir='ltr'>ξύμπαντα</span> <span class='ocrx_word' id='word_1_599' title='bbox 686 4704 845 4776; x_wconf 83' lang='grc' dir='ltr'>Θηρία</span> <span class='ocrx_word' id='word_1_600' title='bbox 892 4709 1051 4776; x_wconf 83' lang='grc' dir='ltr'>φῶσι,</span> <span class='ocrx_word' id='word_1_601' title='bbox 1102 4709 1178 4779; x_wconf 85' lang='grc' dir='ltr'>τῷ</span> <span class='ocrx_word' id='word_1_602' title='bbox 1208 4711 1268 4763; x_wconf 88' lang='grc' dir='ltr'><strong>τὸ</strong></span> <span class='ocrx_word' id='word_1_603' title='bbox 1314 4712 1520 4782; x_wconf 87' lang='grc' dir='ltr'>χαίρειν</span> 
     </span>
    </p>
   </div>
   <div class='ocr_carea' id='block_1_76' title="bbox 8 4785 1519 4872">
    <p class='ocr_par' dir='ltr' id='par_1_76' title="bbox 8 4785 1519 4872">
     <span class='ocr_line' id='line_1_76' title="bbox 8 4785 1519 4872; baseline 0.013 -36"><span class='ocrx_word' id='word_1_604' title='bbox 8 4786 208 4851; x_wconf 76' lang='grc' dir='ltr'>ἱιώκειν,</span> <span class='ocrx_word' id='word_1_605' title='bbox 242 4785 322 4852; x_wconf 73' lang='grc' dir='ltr'>οἷς</span> <span class='ocrx_word' id='word_1_606' title='bbox 351 4792 685 4855; x_wconf 77' lang='grc' dir='ltr'>πιστεύοντες</span> <span class='ocrx_word' id='word_1_607' title='bbox 730 4796 914 4868; x_wconf 76' lang='grc' dir='ltr'>ὥσπερ</span> <span class='ocrx_word' id='word_1_608' title='bbox 951 4801 1166 4870; x_wconf 82' lang='grc' dir='ltr'>μάντεις</span> <span class='ocrx_word' id='word_1_609' title='bbox 1190 4801 1388 4872; x_wconf 85' lang='grc' dir='ltr'>ὄρνισιν</span> <span class='ocrx_word' id='word_1_610' title='bbox 1420 4845 1434 4866; x_wconf 86' lang='grc'><strong>,</strong></span> <span class='ocrx_word' id='word_1_611' title='bbox 1472 4806 1519 4856; x_wconf 91' lang='grc' dir='ltr'>οἱ</span> 
     </span>
    </p>
   </div>
   <div class='ocr_carea' id='block_1_77' title="bbox 8 4876 1520 4963">
    <p class='ocr_par' dir='ltr' id='par_1_77' title="bbox 8 4876 1520 4963">
     <span class='ocr_line' id='line_1_77' title="bbox 8 4876 1520 4963; baseline 0.011 -36"><span class='ocrx_word' id='word_1_612' title='bbox 8 4876 157 4930; x_wconf 57' lang='lat' dir='ltr'><strong>tollo&quot;.</strong></span> <span class='ocrx_word' id='word_1_613' title='bbox 184 4881 420 4950; x_wconf 85' lang='grc' dir='ltr'>κρίνουσι</span> <span class='ocrx_word' id='word_1_614' title='bbox 447 4881 540 4942; x_wconf 77' lang='grc' dir='ltr'><strong>τὰς</strong></span> <span class='ocrx_word' id='word_1_615' title='bbox 561 4883 748 4956; x_wconf 68' lang='grc' dir='ltr'>ἡδονὰς</span> <span class='ocrx_word' id='word_1_616' title='bbox 772 4890 849 4948; x_wconf 77' lang='grc' dir='ltr'>εἰς</span> <span class='ocrx_word' id='word_1_617' title='bbox 875 4890 934 4940; x_wconf 75' lang='grc' dir='ltr'>τὸ</span> <span class='ocrx_word' id='word_1_618' title='bbox 973 4890 1068 4960; x_wconf 79' lang='grc' dir='ltr'><strong>ζῇν</strong></span> <span class='ocrx_word' id='word_1_619' title='bbox 1092 4893 1219 4961; x_wconf 79' lang='grc' dir='ltr'>ἡμῖν</span> <span class='ocrx_word' id='word_1_620' title='bbox 1251 4888 1308 4945; x_wconf 84' lang='grc' dir='ltr'><strong>εὖ</strong></span> <span class='ocrx_word' id='word_1_621' title='bbox 1335 4894 1520 4963; x_wconf 87' lang='grc' dir='ltr'>κρατί-</span> 
     </span>
    </p>
   </div>
   <div class='ocr_carea' id='block_1_78' title="bbox 8 4967 1519 5053">
    <p class='ocr_par' dir='ltr' id='par_1_78' title="bbox 8 4967 1519 5053">
     <span class='ocr_line' id='line_1_78' title="bbox 8 4967 1519 5053; baseline 0.013 -37"><span class='ocrx_word' id='word_1_622' title='bbox 8 4981 112 5029; x_wconf 73' lang='grc' dir='ltr'>ττας</span> <span class='ocrx_word' id='word_1_623' title='bbox 135 4967 289 5034; x_wconf 80' lang='grc' dir='ltr'>εἶναι,</span> <span class='ocrx_word' id='word_1_624' title='bbox 324 4973 414 5024; x_wconf 76' lang='grc' dir='ltr'>καὶ</span> <span class='ocrx_word' id='word_1_625' title='bbox 441 4975 562 5034; x_wconf 73' lang='grc' dir='ltr'>τοὺς</span> <span class='ocrx_word' id='word_1_626' title='bbox 601 4972 800 5043; x_wconf 79' lang='grc' dir='ltr'>θηρίων</span> <span class='ocrx_word' id='word_1_627' title='bbox 834 4976 1036 5047; x_wconf 80' lang='grc' dir='ltr'>ἔρωτας</span> <span class='ocrx_word' id='word_1_628' title='bbox 1076 4983 1270 5033; x_wconf 75' lang='grc' dir='ltr'>οἴονται</span> <span class='ocrx_word' id='word_1_629' title='bbox 1303 4983 1519 5053; x_wconf 86' lang='grc' dir='ltr'>κυρίους</span> 
     </span>
    </p>
   </div>
   <div class='ocr_carea' id='block_1_79' title="bbox 8 5053 1518 5142">
    <p class='ocr_par' dir='ltr' id='par_1_79' title="bbox 8 5054 1518 5142">
     <span class='ocr_line' id='line_1_79' title="bbox 8 5054 1518 5142; baseline 0.013 -36"><span class='ocrx_word' id='word_1_630' title='bbox 8 5054 116 5108; x_wconf 78' lang='grc' dir='ltr'>εἶναι</span> <span class='ocrx_word' id='word_1_631' title='bbox 139 5061 411 5132; x_wconf 86' lang='grc' dir='ltr'>μάρτυρας</span> <span class='ocrx_word' id='word_1_632' title='bbox 436 5063 672 5132; x_wconf 80' lang='grc' dir='ltr'>μᾶλλονῆ</span> <span class='ocrx_word' id='word_1_633' title='bbox 699 5068 820 5127; x_wconf 71' lang='grc' dir='ltr'>τοὺς</span> <span class='ocrx_word' id='word_1_634' title='bbox 839 5067 944 5119; x_wconf 83' lang='grc' dir='ltr'>τῶν</span> <span class='ocrx_word' id='word_1_635' title='bbox 973 5073 1027 5122; x_wconf 82' lang='grc' dir='ltr'>ἐν</span> <span class='ocrx_word' id='word_1_636' title='bbox 1057 5073 1224 5142; x_wconf 81' lang='grc' dir='ltr'>μούσῃ</span> <span class='ocrx_word' id='word_1_637' title='bbox 1250 5072 1518 5142; x_wconf 78' lang='grc' dir='ltr'>φιλοσόφῳ</span> 
     </span>
    </p>
   </div>
   <div class='ocr_carea' id='block_1_80' title="bbox 8 5153 1516 5231">
    <p class='ocr_par' dir='ltr' id='par_1_80' title="bbox 8 5153 1516 5231">
     <span class='ocr_line' id='line_1_80' title="bbox 8 5153 1516 5231; baseline 0.014 -35"><span class='ocrx_word' id='word_1_638' title='bbox 8 5153 427 5221; x_wconf 81' lang='grc' dir='ltr'>ιεμαντευμένων</span> <span class='ocrx_word' id='word_1_639' title='bbox 461 5155 707 5206; x_wconf 80' lang='grc' dir='ltr'>ἑκάστοτε</span> <span class='ocrx_word' id='word_1_640' title='bbox 729 5155 916 5222; x_wconf 71' lang='grc' dir='ltr'>λόγων,</span> <span class='ocrx_word' id='word_1_641' title='bbox 960 5190 1028 5197; x_wconf 91' lang='lat'><strong><em>—</em></strong></span> <span class='ocrx_word' id='word_1_642' title='bbox 1062 5162 1441 5231; x_wconf 76' lang='grc' dir='ltr'>Ἀληθέστατα,</span> <span class='ocrx_word' id='word_1_643' title='bbox 1473 5158 1516 5216; x_wconf 85' lang='grc' dir='ltr'><strong>ὧ</strong></span> 
     </span>
    </p>
   </div>
   <div class='ocr_carea' id='block_1_81' title="bbox 8 5236 1509 5323">
    <p class='ocr_par' dir='ltr' id='par_1_81' title="bbox 8 5236 1509 5323">
     <span class='ocr_line' id='line_1_81' title="bbox 8 5236 1509 5323; baseline 0.014 -37"><span class='ocrx_word' id='word_1_644' title='bbox 8 5236 275 5305; x_wconf 76' lang='grc' dir='ltr'>Ξώκρατες,</span> <span class='ocrx_word' id='word_1_645' title='bbox 308 5244 551 5312; x_wconf 80' lang='grc' dir='ltr'>εἰρῆσθαί</span> <span class='ocrx_word' id='word_1_646' title='bbox 583 5262 660 5296; x_wconf 90' lang='grc' dir='ltr'><strong>σοι</strong></span> <span class='ocrx_word' id='word_1_647' title='bbox 684 5245 786 5313; x_wconf 26' lang='grc' dir='ltr'>νῦν,</span> <span class='ocrx_word' id='word_1_648' title='bbox 824 5247 921 5317; x_wconf 77' lang='grc' dir='ltr'>ἢδη</span> <span class='ocrx_word' id='word_1_649' title='bbox 980 5254 1155 5323; x_wconf 85' lang='grc' dir='ltr'>φαμὲν</span> <span class='ocrx_word' id='word_1_650' title='bbox 1205 5255 1452 5315; x_wconf 81' lang='grc' dir='ltr'>ἇπαντες.</span> <span class='ocrx_word' id='word_1_651' title='bbox 1492 5275 1509 5305; x_wconf 73' lang='grc' dir='ltr'><strong>ι</strong></span> 
     </span>
    </p>
   </div>
   <div class='ocr_carea' id='block_1_82' title="bbox 8 5325 1514 5413">
    <p class='ocr_par' dir='ltr' id='par_1_82' title="bbox 8 5325 1514 5413">
     <span class='ocr_line' id='line_1_82' title="bbox 8 5325 1514 5413; baseline 0.015 -38"><span class='ocrx_word' id='word_1_652' title='bbox 8 5325 156 5380; x_wconf 86' lang='grc' dir='ltr'>Γαῦτα</span> <span class='ocrx_word' id='word_1_653' title='bbox 201 5333 228 5382; x_wconf 82' lang='grc' dir='ltr'><strong>ό</strong></span> <span class='ocrx_word' id='word_1_654' title='bbox 280 5332 515 5388; x_wconf 87' lang='grc' dir='ltr'>Πλάτων.</span> <span class='ocrx_word' id='word_1_655' title='bbox 559 5335 695 5403; x_wconf 87' lang='grc' dir='ltr'><strong>Ἐγὼ</strong></span> <span class='ocrx_word' id='word_1_656' title='bbox 722 5336 775 5387; x_wconf 85' lang='grc' dir='ltr'><em>δέ</em></span> <span class='ocrx_word' id='word_1_657' title='bbox 812 5355 890 5388; x_wconf 89' lang='grc' dir='ltr'><strong>σοι</strong></span> <span class='ocrx_word' id='word_1_658' title='bbox 938 5341 1027 5391; x_wconf 75' lang='grc' dir='ltr'><strong>καὶ</strong></span> <span class='ocrx_word' id='word_1_659' title='bbox 1055 5344 1361 5408; x_wconf 84' lang='grc' dir='ltr'>Διονυσίου,</span> <span class='ocrx_word' id='word_1_660' title='bbox 1417 5346 1514 5413; x_wconf 85' lang='grc' dir='ltr'>τῆς</span> 
     </span>
    </p>
   </div>
   <div class='ocr_carea' id='block_1_83' title="bbox 53 5485 1511 5562">
    <p class='ocr_par' dir='ltr' id='par_1_83' title="bbox 53 5485 1511 5562">
     <span class='ocr_line' id='line_1_83' title="bbox 53 5485 1511 5562; baseline 0.012 -25"><span class='ocrx_word' id='word_1_661' title='bbox 53 5485 160 5555; x_wconf 74' lang='grc'>(16)</span> <span class='ocrx_word' id='word_1_662' title='bbox 204 5488 466 5556; x_wconf 83' lang='grc' dir='ltr'>Τέταρτα.</span> <span class='ocrx_word' id='word_1_663' title='bbox 500 5493 573 5545; x_wconf 79' lang='lat' dir='ltr'><strong>lta</strong></span> <span class='ocrx_word' id='word_1_664' title='bbox 605 5493 939 5560; x_wconf 88' lang='lat' dir='ltr'><strong>reposuimus</strong></span> <span class='ocrx_word' id='word_1_665' title='bbox 985 5510 1046 5546; x_wconf 79' lang='lat' dir='ltr'><strong>ex</strong></span> <span class='ocrx_word' id='word_1_666' title='bbox 1097 5495 1336 5562; x_wconf 87' lang='lat' dir='ltr'><strong>Platone,</strong></span> <span class='ocrx_word' id='word_1_667' title='bbox 1390 5501 1511 5554; x_wconf 90' lang='lat' dir='ltr'><strong>bar-</strong></span> 
     </span>
    </p>
   </div>
   <div class='ocr_carea' id='block_1_84' title="bbox 9 5561 1126 5632">
    <p class='ocr_par' dir='ltr' id='par_1_84' title="bbox 9 5561 1126 5632">
     <span class='ocr_line' id='line_1_84' title="bbox 9 5561 1126 5632; baseline 0.011 -26"><span class='ocrx_word' id='word_1_668' title='bbox 9 5570 267 5632; x_wconf 64' lang='lat' dir='ltr'><strong>iaramque</strong></span> <span class='ocrx_word' id='word_1_669' title='bbox 299 5574 482 5632; x_wconf 71' lang='lat' dir='ltr'><strong>vocem</strong></span> <span class='ocrx_word' id='word_1_670' title='bbox 510 5561 717 5632; x_wconf 14' lang='grc' dir='ltr'>τέταπεγ</span> <span class='ocrx_word' id='word_1_671' title='bbox 738 5564 1126 5632; x_wconf 83' lang='lat' dir='ltr'><strong>dispunximus.</strong></span> 
     </span>
    </p>
   </div>
   <div class='ocr_carea' id='block_1_85' title="bbox 54 5624 1510 5708">
    <p class='ocr_par' dir='ltr' id='par_1_85' title="bbox 54 5624 1510 5708">
     <span class='ocr_line' id='line_1_85' title="bbox 54 5624 1510 5708; baseline 0.01 -29"><span class='ocrx_word' id='word_1_672' title='bbox 54 5624 158 5708; x_wconf 51' lang='lat' dir='ltr'><strong>(1A7)</strong></span> <span class='ocrx_word' id='word_1_673' title='bbox 281 5625 388 5708; x_wconf 67' lang='grc' dir='ltr'>τῆς</span> <span class='ocrx_word' id='word_1_674' title='bbox 413 5629 656 5708; x_wconf 76' lang='grc' dir='ltr'>ἡδονῆς.</span> <span class='ocrx_word' id='word_1_675' title='bbox 683 5624 934 5708; x_wconf 59' lang='lat' dir='ltr'><strong>Tollenda</strong></span> <span class='ocrx_word' id='word_1_676' title='bbox 959 5633 1163 5708; x_wconf 85' lang='lat' dir='ltr'><strong>videtur</strong></span> <span class='ocrx_word' id='word_1_677' title='bbox 1188 5635 1510 5708; x_wconf 74' lang='lat' dir='ltr'><strong>disiunctiva</strong></span> 
     </span>
    </p>
   </div>
   <div class='ocr_carea' id='block_1_86' title="bbox 8 5694 1508 5776">
    <p class='ocr_par' dir='ltr' id='par_1_86' title="bbox 8 5694 1508 5776">
     <span class='ocr_line' id='line_1_86' title="bbox 8 5694 1508 5776; baseline 0.012 -31"><span class='ocrx_word' id='word_1_678' title='bbox 8 5695 50 5775; x_wconf 41' lang='grc' dir='ltr'><strong>ᾖ..</strong></span> <span class='ocrx_word' id='word_1_679' title='bbox 83 5694 358 5776; x_wconf 57' lang='grc' dir='ltr'>ριιξεῄιιιιθ</span> <span class='ocrx_word' id='word_1_680' title='bbox 389 5700 531 5751; x_wconf 90' lang='lat' dir='ltr'><strong>enim</strong></span> <span class='ocrx_word' id='word_1_681' title='bbox 569 5694 743 5776; x_wconf 65' lang='lat' dir='ltr'><strong>utrum</strong></span> <span class='ocrx_word' id='word_1_682' title='bbox 798 5695 884 5756; x_wconf 84' lang='lat' dir='ltr'><strong>illa</strong></span> <span class='ocrx_word' id='word_1_683' title='bbox 933 5719 1052 5757; x_wconf 91' lang='lat' dir='ltr'><strong>cum</strong></span> <span class='ocrx_word' id='word_1_684' title='bbox 1108 5707 1247 5758; x_wconf 86' lang='lat' dir='ltr'><strong>bono</strong></span> <span class='ocrx_word' id='word_1_685' title='bbox 1271 5694 1508 5776; x_wconf 62' lang='lat' dir='ltr'><strong>&#39;conjuu-</strong></span> 
     </span>
    </p>
   </div>
   <div class='ocr_carea' id='block_1_87' title="bbox 8 5765 1503 5838">
    <p class='ocr_par' dir='ltr' id='par_1_87' title="bbox 8 5765 1503 5838">
     <span class='ocr_line' id='line_1_87' title="bbox 8 5765 1503 5838; baseline 0.011 -23"><span class='ocrx_word' id='word_1_686' title='bbox 8 5765 142 5819; x_wconf 60' lang='lat' dir='ltr'><strong>:iiora</strong></span> <span class='ocrx_word' id='word_1_687' title='bbox 173 5767 297 5838; x_wconf 89' lang='lat' dir='ltr'><strong>sint,</strong></span> <span class='ocrx_word' id='word_1_688' title='bbox 330 5782 488 5835; x_wconf 83' lang='lat' dir='ltr'><strong>quam</strong></span> <span class='ocrx_word' id='word_1_689' title='bbox 522 5770 783 5838; x_wconf 78' lang='lat' dir='ltr'><strong>voluptas,</strong></span> <span class='ocrx_word' id='word_1_690' title='bbox 816 5782 1150 5834; x_wconf 72' lang='lat' dir='ltr'><strong>non‘autem,</strong></span> <span class='ocrx_word' id='word_1_691' title='bbox 1183 5778 1358 5832; x_wconf 87' lang='lat' dir='ltr'><strong>sintne</strong></span> <span class='ocrx_word' id='word_1_692' title='bbox 1384 5765 1503 5834; x_wconf 59' lang='lat' dir='ltr'><strong>cum</strong></span> 
     </span>
    </p>
   </div>
   <div class='ocr_carea' id='block_1_88' title="bbox 8 5837 1281 5914">
    <p class='ocr_par' dir='ltr' id='par_1_88' title="bbox 8 5837 1281 5914">
     <span class='ocr_line' id='line_1_88' title="bbox 8 5837 1281 5914; baseline 0.01 -27"><span class='ocrx_word' id='word_1_693' title='bbox 8 5849 118 5892; x_wconf 64' lang='lat' dir='ltr'><strong>tono</strong></span> <span class='ocrx_word' id='word_1_694' title='bbox 150 5837 317 5907; x_wconf 87' lang='lat' dir='ltr'><strong>magis</strong></span> <span class='ocrx_word' id='word_1_695' title='bbox 347 5853 504 5908; x_wconf 82' lang='lat' dir='ltr'><strong>quam</strong></span> <span class='ocrx_word' id='word_1_696' title='bbox 540 5837 661 5894; x_wconf 86' lang='lat' dir='ltr'><strong>cum</strong></span> <span class='ocrx_word' id='word_1_697' title='bbox 688 5842 952 5913; x_wconf 87' lang='lat' dir='ltr'><strong>voluptate</strong></span> <span class='ocrx_word' id='word_1_698' title='bbox 975 5843 1281 5914; x_wconf 84' lang='lat' dir='ltr'><strong>conjuncta.</strong></span> 
     </span>
    </p>
   </div>
   <div class='ocr_carea' id='block_1_89' title="bbox 1641 3357 3178 3430">
    <p class='ocr_par' dir='ltr' id='par_1_89' title="bbox 1641 3357 3178 3430">
     <span class='ocr_line' id='line_1_89' title="bbox 1641 3357 3178 3430; baseline 0.005 -19"><span class='ocrx_word' id='word_1_699' title='bbox 1641 3357 1730 3412; x_wconf 93' lang='lat' dir='ltr'><strong>Sic</strong></span> <span class='ocrx_word' id='word_1_700' title='bbox 1765 3367 1866 3413; x_wconf 92' lang='lat' dir='ltr'><strong>est.</strong></span> <span class='ocrx_word' id='word_1_701' title='bbox 1901 3391 1968 3400; x_wconf 90' lang='lat'>—</span> <span class='ocrx_word' id='word_1_702' title='bbox 1997 3359 2197 3414; x_wconf 89' lang='lat' dir='ltr'><strong>Deinde</strong></span> <span class='ocrx_word' id='word_1_703' title='bbox 2229 3375 2350 3414; x_wconf 92' lang='lat' dir='ltr'><strong>cum</strong></span> <span class='ocrx_word' id='word_1_704' title='bbox 2381 3361 2486 3414; x_wconf 82' lang='lat' dir='ltr'><strong>alia</strong></span> <span class='ocrx_word' id='word_1_705' title='bbox 2526 3377 2740 3430; x_wconf 89' lang='lat' dir='ltr'><strong>quoque</strong></span> <span class='ocrx_word' id='word_1_706' title='bbox 2770 3363 3031 3430; x_wconf 87' lang='lat' dir='ltr'><strong>permulta</strong></span> <span class='ocrx_word' id='word_1_707' title='bbox 3058 3379 3178 3419; x_wconf 88' lang='lat' dir='ltr'><strong>esse</strong></span> 
     </span>
    </p>
   </div>
   <div class='ocr_carea' id='block_1_90' title="bbox 1637 3449 3176 3524">
    <p class='ocr_par' dir='ltr' id='par_1_90' title="bbox 1637 3449 3176 3524">
     <span class='ocr_line' id='line_1_90' title="bbox 1637 3449 3176 3524; baseline 0.005 -24"><span class='ocrx_word' id='word_1_708' title='bbox 1637 3449 1992 3516; x_wconf 89' lang='lat' dir='ltr'><strong>conjicerem:</strong></span> <span class='ocrx_word' id='word_1_709' title='bbox 2024 3450 2220 3515; x_wconf 88' lang='lat' dir='ltr'><strong>addidi,</strong></span> <span class='ocrx_word' id='word_1_710' title='bbox 2256 3453 2310 3506; x_wconf 88' lang='lat' dir='ltr'><strong>si.</strong></span> <span class='ocrx_word' id='word_1_711' title='bbox 2346 3451 2471 3521; x_wconf 86' lang='lat' dir='ltr'><strong>quid</strong></span> <span class='ocrx_word' id='word_1_712' title='bbox 2513 3452 2759 3507; x_wconf 83' lang='lat' dir='ltr'><strong>fortassis</strong></span> <span class='ocrx_word' id='word_1_713' title='bbox 2803 3462 3034 3524; x_wconf 88' lang='lat' dir='ltr'><strong>utroque</strong></span> <span class='ocrx_word' id='word_1_714' title='bbox 3063 3472 3176 3508; x_wconf 86' lang='lat' dir='ltr'><strong>me-</strong></span> 
     </span>
    </p>
   </div>
   <div class='ocr_carea' id='block_1_91' title="bbox 1643 3539 3176 3609">
    <p class='ocr_par' dir='ltr' id='par_1_91' title="bbox 1643 3539 3176 3609">
     <span class='ocr_line' id='line_1_91' title="bbox 1643 3539 3176 3609; baseline 0.004 -17"><span class='ocrx_word' id='word_1_715' title='bbox 1643 3539 1747 3593; x_wconf 91' lang='lat' dir='ltr'><strong>lius</strong></span> <span class='ocrx_word' id='word_1_716' title='bbox 1783 3547 2113 3604; x_wconf 88' lang='lat' dir='ltr'><strong>occurreret,</strong></span> <span class='ocrx_word' id='word_1_717' title='bbox 2139 3556 2223 3594; x_wconf 90' lang='lat' dir='ltr'><strong>me</strong></span> <span class='ocrx_word' id='word_1_718' title='bbox 2249 3554 2346 3609; x_wconf 85' lang='lat' dir='ltr'><strong>pro</strong></span> <span class='ocrx_word' id='word_1_719' title='bbox 2383 3551 2561 3598; x_wconf 86' lang='lat' dir='ltr'><strong>mente</strong></span> <span class='ocrx_word' id='word_1_720' title='bbox 2592 3557 2785 3597; x_wconf 82' lang='lat' dir='ltr'><strong>rursus</strong></span> <span class='ocrx_word' id='word_1_721' title='bbox 2816 3551 3000 3597; x_wconf 88' lang='lat' dir='ltr'><strong>contra</strong></span> <span class='ocrx_word' id='word_1_722' title='bbox 3028 3545 3176 3598; x_wconf 85' lang='lat' dir='ltr'><strong>volu-</strong></span> 
     </span>
    </p>
   </div>
   <div class='ocr_carea' id='block_1_92' title="bbox 1635 3632 3174 3702">
    <p class='ocr_par' dir='ltr' id='par_1_92' title="bbox 1635 3632 3174 3702">
     <span class='ocr_line' id='line_1_92' title="bbox 1635 3632 3174 3702; baseline 0.003 -20"><span class='ocrx_word' id='word_1_723' title='bbox 1635 3637 1834 3699; x_wconf 90' lang='lat' dir='ltr'><strong>ptatem</strong></span> <span class='ocrx_word' id='word_1_724' title='bbox 1861 3640 2224 3701; x_wconf 81' lang='lat' dir='ltr'><strong>pugnaturum</strong></span> <span class='ocrx_word' id='word_1_725' title='bbox 2254 3640 2330 3697; x_wconf 81' lang='lat' dir='ltr'><strong>ut,</strong></span> <span class='ocrx_word' id='word_1_726' title='bbox 2365 3632 2466 3686; x_wconf 90' lang='lat' dir='ltr'><strong>hac</strong></span> <span class='ocrx_word' id='word_1_727' title='bbox 2496 3633 2684 3702; x_wconf 86' lang='lat' dir='ltr'><strong>ejecta,</strong></span> <span class='ocrx_word' id='word_1_728' title='bbox 2717 3635 2984 3688; x_wconf 89' lang='lat' dir='ltr'><strong>secundus</strong></span> <span class='ocrx_word' id='word_1_729' title='bbox 3010 3635 3174 3687; x_wconf 90' lang='lat' dir='ltr'><strong>menti</strong></span> 
     </span>
    </p>
   </div>
   <div class='ocr_carea' id='block_1_93' title="bbox 1635 3720 3174 3791">
    <p class='ocr_par' dir='ltr' id='par_1_93' title="bbox 1635 3720 3174 3791">
     <span class='ocr_line' id='line_1_93' title="bbox 1635 3720 3174 3791; baseline 0 -17"><span class='ocrx_word' id='word_1_730' title='bbox 1635 3722 1786 3775; x_wconf 92' lang='lat' dir='ltr'><strong>locus</strong></span> <span class='ocrx_word' id='word_1_731' title='bbox 1833 3721 2179 3776; x_wconf 80' lang='lat' dir='ltr'><strong>tribueretur.</strong></span> <span class='ocrx_word' id='word_1_732' title='bbox 2209 3751 2275 3760; x_wconf 92' lang='lat'><strong>-—</strong></span> <span class='ocrx_word' id='word_1_733' title='bbox 2308 3720 2464 3791; x_wconf 78' lang='grc'><strong>772</strong></span> <span class='ocrx_word' id='word_1_734' title='bbox 2492 3722 2604 3776; x_wconf 86' lang='lat' dir='ltr'><strong>Hoc</strong></span> <span class='ocrx_word' id='word_1_735' title='bbox 2637 3724 2794 3776; x_wconf 89' lang='lat' dir='ltr'><strong>etiam</strong></span> <span class='ocrx_word' id='word_1_736' title='bbox 2823 3722 3088 3776; x_wconf 87' lang='lat' dir='ltr'><strong>addidisti.</strong></span> <span class='ocrx_word' id='word_1_737' title='bbox 3110 3754 3174 3762; x_wconf 77' lang='lat'><strong>-——</strong></span> 
     </span>
    </p>
   </div>
   <div class='ocr_carea' id='block_1_94' title="bbox 1633 3809 3174 3879">
    <p class='ocr_par' dir='ltr' id='par_1_94' title="bbox 1633 3809 3174 3879">
     <span class='ocr_line' id='line_1_94' title="bbox 1633 3809 3174 3879; baseline 0.003 -17"><span class='ocrx_word' id='word_1_738' title='bbox 1633 3809 1915 3876; x_wconf 66' lang='lat' dir='ltr'><strong>Pratterea,</strong></span> <span class='ocrx_word' id='word_1_739' title='bbox 1952 3825 2112 3879; x_wconf 90' lang='lat' dir='ltr'><strong>quam</strong></span> <span class='ocrx_word' id='word_1_740' title='bbox 2153 3821 2340 3864; x_wconf 90' lang='lat' dir='ltr'><strong>neutra</strong></span> <span class='ocrx_word' id='word_1_741' title='bbox 2386 3811 2518 3865; x_wconf 88' lang='lat' dir='ltr'><strong>satis</strong></span> <span class='ocrx_word' id='word_1_742' title='bbox 2572 3827 2667 3879; x_wconf 89' lang='lat' dir='ltr'><strong>per</strong></span> <span class='ocrx_word' id='word_1_743' title='bbox 2695 3826 2813 3865; x_wconf 87' lang='lat' dir='ltr'><strong>sese</strong></span> <span class='ocrx_word' id='word_1_744' title='bbox 2849 3811 3005 3877; x_wconf 84' lang='lat' dir='ltr'><strong>foret,</strong></span> <span class='ocrx_word' id='word_1_745' title='bbox 3043 3813 3174 3866; x_wconf 84' lang='lat' dir='ltr'><strong>satis</strong></span> 
     </span>
    </p>
   </div>
   <div class='ocr_carea' id='block_1_95' title="bbox 1632 3895 3176 3970">
    <p class='ocr_par' dir='ltr' id='par_1_95' title="bbox 1632 3895 3176 3970">
     <span class='ocr_line' id='line_1_95' title="bbox 1632 3895 3176 3970; baseline 0.005 -22"><span class='ocrx_word' id='word_1_746' title='bbox 1632 3895 1928 3951; x_wconf 69' lang='lat' dir='ltr'><strong>admodum,</strong></span> <span class='ocrx_word' id='word_1_747' title='bbox 1974 3897 2337 3964; x_wconf 88' lang='lat' dir='ltr'><strong>probavimus.</strong></span> <span class='ocrx_word' id='word_1_748' title='bbox 2373 3927 2442 3937; x_wconf 91' lang='lat'><strong>—-</strong></span> <span class='ocrx_word' id='word_1_749' title='bbox 2488 3896 2774 3952; x_wconf 79' lang='lat' dir='ltr'><strong>Verissima</strong></span> <span class='ocrx_word' id='word_1_750' title='bbox 2823 3901 3078 3970; x_wconf 87' lang='lat' dir='ltr'><strong>loqueris.</strong></span> <span class='ocrx_word' id='word_1_751' title='bbox 3107 3931 3176 3948; x_wconf 88' lang='lat'><strong>-—-.</strong></span> 
     </span>
    </p>
   </div>
   <div class='ocr_carea' id='block_1_96' title="bbox 1633 3983 3167 4059">
    <p class='ocr_par' dir='ltr' id='par_1_96' title="bbox 1633 3983 3167 4059">
     <span class='ocr_line' id='line_1_96' title="bbox 1633 3983 3167 4059; baseline 0.005 -23"><span class='ocrx_word' id='word_1_752' title='bbox 1633 3983 1705 4037; x_wconf 91' lang='lat' dir='ltr'><strong>lta</strong></span> <span class='ocrx_word' id='word_1_753' title='bbox 1748 3999 1842 4052; x_wconf 86' lang='lat' dir='ltr'><strong>per</strong></span> <span class='ocrx_word' id='word_1_754' title='bbox 1873 3986 2010 4038; x_wconf 86' lang='lat' dir='ltr'><strong>hanc</strong></span> <span class='ocrx_word' id='word_1_755' title='bbox 2037 3985 2459 4055; x_wconf 88' lang='lat' dir='ltr'><strong>disputationem</strong></span> <span class='ocrx_word' id='word_1_756' title='bbox 2488 3988 2732 4044; x_wconf 79' lang='lat' dir='ltr'><strong>effectum</strong></span> <span class='ocrx_word' id='word_1_757' title='bbox 2773 3998 2874 4055; x_wconf 87' lang='lat' dir='ltr'><strong>est,</strong></span> <span class='ocrx_word' id='word_1_758' title='bbox 2910 4000 2964 4043; x_wconf 91' lang='lat' dir='ltr'><strong>ut</strong></span> <span class='ocrx_word' id='word_1_759' title='bbox 2989 4006 3167 4059; x_wconf 84' lang='lat' dir='ltr'><strong>neque</strong></span> 
     </span>
    </p>
   </div>
   <div class='ocr_carea' id='block_1_97' title="bbox 1631 4078 3173 4149">
    <p class='ocr_par' dir='ltr' id='par_1_97' title="bbox 1631 4078 3173 4149">
     <span class='ocr_line' id='line_1_97' title="bbox 1631 4078 3173 4149; baseline 0.005 -22"><span class='ocrx_word' id='word_1_760' title='bbox 1631 4082 1861 4129; x_wconf 90' lang='lat' dir='ltr'><strong>mentem</strong></span> <span class='ocrx_word' id='word_1_761' title='bbox 1901 4090 2074 4146; x_wconf 90' lang='lat' dir='ltr'><strong>neque</strong></span> <span class='ocrx_word' id='word_1_762' title='bbox 2103 4078 2429 4146; x_wconf 88' lang='lat' dir='ltr'><strong>voluptatem</strong></span> <span class='ocrx_word' id='word_1_763' title='bbox 2473 4080 2648 4148; x_wconf 87' lang='lat' dir='ltr'><strong>ipsum</strong></span> <span class='ocrx_word' id='word_1_764' title='bbox 2692 4096 2786 4149; x_wconf 88' lang='lat' dir='ltr'><strong>per</strong></span> <span class='ocrx_word' id='word_1_765' title='bbox 2826 4096 2942 4134; x_wconf 92' lang='lat' dir='ltr'><strong>sese</strong></span> <span class='ocrx_word' id='word_1_766' title='bbox 2969 4081 3173 4149; x_wconf 76' lang='lat' dir='ltr'><strong>bonum</strong></span> 
     </span>
    </p>
   </div>
   <div class='ocr_carea' id='block_1_98' title="bbox 1628 4169 3170 4236">
    <p class='ocr_par' dir='ltr' id='par_1_98' title="bbox 1628 4169 3170 4236">
     <span class='ocr_line' id='line_1_98' title="bbox 1628 4169 3170 4236; baseline 0.004 -16"><span class='ocrx_word' id='word_1_767' title='bbox 1628 4182 1748 4220; x_wconf 80' lang='lat' dir='ltr'><strong>esse</strong></span> <span class='ocrx_word' id='word_1_768' title='bbox 1798 4177 2177 4233; x_wconf 84' lang='lat' dir='ltr'><strong>statueremus,</strong></span> <span class='ocrx_word' id='word_1_769' title='bbox 2230 4169 2373 4236; x_wconf 93' lang='lat' dir='ltr'><strong>quod</strong></span> <span class='ocrx_word' id='word_1_770' title='bbox 2413 4185 2476 4223; x_wconf 73' lang='lat' dir='ltr'><strong>ex</strong></span> <span class='ocrx_word' id='word_1_771' title='bbox 2517 4186 2634 4224; x_wconf 86' lang='lat' dir='ltr'><strong>sese</strong></span> <span class='ocrx_word' id='word_1_772' title='bbox 2665 4181 2850 4224; x_wconf 84' lang='lat' dir='ltr'><strong>neutra</strong></span> <span class='ocrx_word' id='word_1_773' title='bbox 2887 4170 3170 4235; x_wconf 76' lang='lat' dir='ltr'><strong>sufﬁceret,</strong></span> 
     </span>
    </p>
   </div>
   <div class='ocr_carea' id='block_1_99' title="bbox 1630 4255 3173 4323">
    <p class='ocr_par' dir='ltr' id='par_1_99' title="bbox 1630 4255 3173 4323">
     <span class='ocr_line' id='line_1_99' title="bbox 1630 4255 3173 4323; baseline 0.005 -15"><span class='ocrx_word' id='word_1_774' title='bbox 1630 4265 1816 4308; x_wconf 85' lang='lat' dir='ltr'><strong>neutra</strong></span> <span class='ocrx_word' id='word_1_775' title='bbox 1869 4255 2087 4323; x_wconf 88' lang='lat' dir='ltr'><strong>perfecti</strong></span> <span class='ocrx_word' id='word_1_776' title='bbox 2137 4272 2201 4309; x_wconf 90' lang='lat' dir='ltr'><strong>ac</strong></span> <span class='ocrx_word' id='word_1_777' title='bbox 2243 4258 2482 4312; x_wconf 88' lang='lat' dir='ltr'><strong>numeris</strong></span> <span class='ocrx_word' id='word_1_778' title='bbox 2517 4259 2768 4309; x_wconf 90' lang='lat' dir='ltr'><strong>omnibus</strong></span> <span class='ocrx_word' id='word_1_779' title='bbox 2803 4259 3034 4312; x_wconf 87' lang='lat' dir='ltr'><strong>absoluti</strong></span> <span class='ocrx_word' id='word_1_780' title='bbox 3066 4261 3173 4315; x_wconf 88' lang='lat' dir='ltr'><strong>vim</strong></span> 
     </span>
    </p>
   </div>
   <div class='ocr_carea' id='block_1_100' title="bbox 1626 4345 3171 4414">
    <p class='ocr_par' dir='ltr' id='par_1_100' title="bbox 1626 4345 3171 4414">
     <span class='ocr_line' id='line_1_100' title="bbox 1626 4345 3171 4414; baseline 0.006 -17"><span class='ocrx_word' id='word_1_781' title='bbox 1626 4355 1677 4397; x_wconf 89' lang='lat' dir='ltr'><strong>et</strong></span> <span class='ocrx_word' id='word_1_782' title='bbox 1706 4345 2014 4397; x_wconf 88' lang='lat' dir='ltr'><strong>facultatem</strong></span> <span class='ocrx_word' id='word_1_783' title='bbox 2070 4345 2308 4398; x_wconf 85' lang='lat' dir='ltr'><strong>haberet.</strong></span> <span class='ocrx_word' id='word_1_784' title='bbox 2341 4374 2408 4384; x_wconf 90' lang='lat'><em>—</em></span> <span class='ocrx_word' id='word_1_785' title='bbox 2451 4346 2680 4414; x_wconf 86' lang='lat' dir='ltr'><strong>Optime.</strong></span> <span class='ocrx_word' id='word_1_786' title='bbox 2736 4379 2803 4387; x_wconf 93' lang='lat'><strong>—</strong></span> <span class='ocrx_word' id='word_1_787' title='bbox 2833 4348 2998 4402; x_wconf 84' lang='lat' dir='ltr'><strong>Porro</strong></span> <span class='ocrx_word' id='word_1_788' title='bbox 3047 4368 3171 4406; x_wconf 69' lang='lat' dir='ltr'><strong>(uim</strong></span> 
     </span>
    </p>
   </div>
   <div class='ocr_carea' id='block_1_101' title="bbox 1628 4436 3169 4511">
    <p class='ocr_par' dir='ltr' id='par_1_101' title="bbox 1628 4436 3169 4511">
     <span class='ocr_line' id='line_1_101' title="bbox 1628 4436 3169 4511; baseline 0.005 -23"><span class='ocrx_word' id='word_1_789' title='bbox 1628 4438 1840 4488; x_wconf 90' lang='lat' dir='ltr'><strong>tertium</strong></span> <span class='ocrx_word' id='word_1_790' title='bbox 1874 4437 2030 4490; x_wconf 90' lang='lat' dir='ltr'><strong>nobis</strong></span> <span class='ocrx_word' id='word_1_791' title='bbox 2059 4436 2202 4489; x_wconf 90' lang='lat' dir='ltr'><strong>aliud</strong></span> <span class='ocrx_word' id='word_1_792' title='bbox 2239 4438 2569 4492; x_wconf 84' lang='lat' dir='ltr'><strong>occurrisset</strong></span> <span class='ocrx_word' id='word_1_793' title='bbox 2615 4440 2714 4493; x_wconf 87' lang='lat' dir='ltr'><strong>hac</strong></span> <span class='ocrx_word' id='word_1_794' title='bbox 2765 4451 2992 4510; x_wconf 86' lang='lat' dir='ltr'><strong>utraque</strong></span> <span class='ocrx_word' id='word_1_795' title='bbox 3032 4459 3169 4511; x_wconf 74' lang='lat' dir='ltr'><strong>prce-</strong></span> 
     </span>
    </p>
   </div>
   <div class='ocr_carea' id='block_1_102' title="bbox 1626 4527 3165 4597">
    <p class='ocr_par' dir='ltr' id='par_1_102' title="bbox 1626 4527 3165 4597">
     <span class='ocr_line' id='line_1_102' title="bbox 1626 4527 3165 4597; baseline 0.003 -18"><span class='ocrx_word' id='word_1_796' title='bbox 1626 4527 1876 4588; x_wconf 85' lang='lat' dir='ltr'><strong>slantius,</strong></span> <span class='ocrx_word' id='word_1_797' title='bbox 1921 4535 2033 4579; x_wconf 91' lang='lat' dir='ltr'><strong>tum</strong></span> <span class='ocrx_word' id='word_1_798' title='bbox 2063 4541 2192 4581; x_wconf 84' lang='lat' dir='ltr'><strong>vero</strong></span> <span class='ocrx_word' id='word_1_799' title='bbox 2237 4527 2459 4581; x_wconf 82' lang='lat' dir='ltr'><strong>infinitis</strong></span> <span class='ocrx_word' id='word_1_800' title='bbox 2493 4531 2766 4597; x_wconf 84' lang='lat' dir='ltr'><strong>gradibus.</strong></span> <span class='ocrx_word' id='word_1_801' title='bbox 2795 4543 3023 4584; x_wconf 91' lang='lat' dir='ltr'><strong>mentem</strong></span> <span class='ocrx_word' id='word_1_802' title='bbox 3085 4533 3165 4584; x_wconf 87' lang='lat' dir='ltr'><strong>vi-</strong></span> 
     </span>
    </p>
   </div>
   <div class='ocr_carea' id='block_1_103' title="bbox 1625 4618 3167 4690">
    <p class='ocr_par' dir='ltr' id='par_1_103' title="bbox 1625 4618 3167 4690">
     <span class='ocr_line' id='line_1_103' title="bbox 1625 4618 3167 4690; baseline 0.003 -19"><span class='ocrx_word' id='word_1_803' title='bbox 1625 4619 1790 4672; x_wconf 87' lang='lat' dir='ltr'><strong>ctoris</strong></span> <span class='ocrx_word' id='word_1_804' title='bbox 1835 4618 1979 4673; x_wconf 90' lang='lat' dir='ltr'><strong>illius</strong></span> <span class='ocrx_word' id='word_1_805' title='bbox 2010 4618 2196 4670; x_wconf 68' lang='lat' dir='ltr'><strong>formae</strong></span> <span class='ocrx_word' id='word_1_806' title='bbox 2242 4620 2679 4688; x_wconf 90' lang='lat' dir='ltr'><strong>propinquiorem</strong></span> <span class='ocrx_word' id='word_1_807' title='bbox 2720 4631 2774 4675; x_wconf 92' lang='lat' dir='ltr'><strong>et</strong></span> <span class='ocrx_word' id='word_1_808' title='bbox 2832 4622 3167 4690; x_wconf 88' lang='lat' dir='ltr'><strong>conjunctio-</strong></span> 
     </span>
    </p>
   </div>
   <div class='ocr_carea' id='block_1_104' title="bbox 1622 4709 3164 4779">
    <p class='ocr_par' dir='ltr' id='par_1_104' title="bbox 1622 4709 3164 4779">
     <span class='ocr_line' id='line_1_104' title="bbox 1622 4709 3164 4779; baseline 0.001 -16"><span class='ocrx_word' id='word_1_809' title='bbox 1622 4725 1733 4764; x_wconf 90' lang='lat' dir='ltr'><strong>rem</strong></span> <span class='ocrx_word' id='word_1_810' title='bbox 1763 4725 1883 4765; x_wconf 90' lang='lat' dir='ltr'><strong>esse</strong></span> <span class='ocrx_word' id='word_1_811' title='bbox 1915 4710 2308 4776; x_wconf 81' lang='lat' dir='ltr'><strong>perspeximus,</strong></span> <span class='ocrx_word' id='word_1_812' title='bbox 2340 4725 2500 4779; x_wconf 89' lang='lat' dir='ltr'><strong>quam</strong></span> <span class='ocrx_word' id='word_1_813' title='bbox 2545 4714 2886 4779; x_wconf 81' lang='lat' dir='ltr'><strong>voluptatem.</strong></span> <span class='ocrx_word' id='word_1_814' title='bbox 2919 4740 2988 4750; x_wconf 89' lang='grc'><strong>--</strong></span> <span class='ocrx_word' id='word_1_815' title='bbox 3031 4709 3164 4765; x_wconf 82' lang='lat' dir='ltr'><strong>Nam</strong></span> 
     </span>
    </p>
   </div>
   <div class='ocr_carea' id='block_1_105' title="bbox 1621 4799 3162 4870">
    <p class='ocr_par' dir='ltr' id='par_1_105' title="bbox 1621 4799 3162 4870">
     <span class='ocr_line' id='line_1_105' title="bbox 1621 4799 3162 4870; baseline 0.001 -16"><span class='ocrx_word' id='word_1_816' title='bbox 1621 4802 1713 4870; x_wconf 88' lang='lat' dir='ltr'><strong>qui</strong></span> <span class='ocrx_word' id='word_1_817' title='bbox 1758 4800 1912 4854; x_wconf 88' lang='lat' dir='ltr'><strong>aliter</strong></span> <span class='ocrx_word' id='word_1_818' title='bbox 1942 4799 2054 4852; x_wconf 84' lang='lat' dir='ltr'><strong>fieri</strong></span> <span class='ocrx_word' id='word_1_819' title='bbox 2086 4799 2393 4867; x_wconf 86' lang='lat' dir='ltr'><strong>potuisset?</strong></span> <span class='ocrx_word' id='word_1_820' title='bbox 2425 4830 2492 4840; x_wconf 73' lang='lat'><strong>~~</strong></span> <span class='ocrx_word' id='word_1_821' title='bbox 2528 4800 2736 4852; x_wconf 78' lang='lat' dir='ltr'><strong>Maneat</strong></span> <span class='ocrx_word' id='word_1_822' title='bbox 2781 4799 2963 4868; x_wconf 80' lang='lat' dir='ltr'><strong>igitur,</strong></span> <span class='ocrx_word' id='word_1_823' title='bbox 3011 4801 3162 4855; x_wconf 88' lang='lat' dir='ltr'><strong>volu-</strong></span> 
     </span>
    </p>
   </div>
   <div class='ocr_carea' id='block_1_106' title="bbox 1619 4889 3158 4961">
    <p class='ocr_par' dir='ltr' id='par_1_106' title="bbox 1619 4889 3158 4961">
     <span class='ocr_line' id='line_1_106' title="bbox 1619 4889 3158 4961; baseline 0.001 -17"><span class='ocrx_word' id='word_1_824' title='bbox 1619 4892 1779 4960; x_wconf 91' lang='lat' dir='ltr'><strong>ptatis</strong></span> <span class='ocrx_word' id='word_1_825' title='bbox 1809 4893 1936 4954; x_wconf 83' lang='lat' dir='ltr'><strong>vim,</strong></span> <span class='ocrx_word' id='word_1_826' title='bbox 1965 4905 2027 4942; x_wconf 87' lang='lat' dir='ltr'><strong>eo</strong></span> <span class='ocrx_word' id='word_1_827' title='bbox 2051 4889 2275 4958; x_wconf 89' lang='lat' dir='ltr'><strong>judicio,</strong></span> <span class='ocrx_word' id='word_1_828' title='bbox 2303 4893 2446 4961; x_wconf 87' lang='lat' dir='ltr'><strong>quod</strong></span> <span class='ocrx_word' id='word_1_829' title='bbox 2469 4891 2626 4960; x_wconf 88' lang='lat' dir='ltr'><strong>paulo</strong></span> <span class='ocrx_word' id='word_1_830' title='bbox 2648 4900 2771 4943; x_wconf 79' lang='lat' dir='ltr'><strong>ante</strong></span> <span class='ocrx_word' id='word_1_831' title='bbox 2797 4893 3158 4954; x_wconf 73' lang='lat' dir='ltr'><strong>exercuimus,</strong></span> 
     </span>
    </p>
   </div>
   <div class='ocr_carea' id='block_1_107' title="bbox 1618 4977 3159 5048">
    <p class='ocr_par' dir='ltr' id='par_1_107' title="bbox 1618 4977 3159 5048">
     <span class='ocr_line' id='line_1_107' title="bbox 1618 4977 3159 5048; baseline 0.003 -17"><span class='ocrx_word' id='word_1_832' title='bbox 1618 4981 1805 5048; x_wconf 84' lang='lat' dir='ltr'><strong>quinto</strong></span> <span class='ocrx_word' id='word_1_833' title='bbox 1833 4980 1884 5031; x_wconf 91' lang='lat' dir='ltr'><strong>in</strong></span> <span class='ocrx_word' id='word_1_834' title='bbox 1917 4979 2080 5048; x_wconf 83' lang='lat' dir='ltr'><strong>gradu</strong></span> <span class='ocrx_word' id='word_1_835' title='bbox 2113 4981 2428 5035; x_wconf 88' lang='lat' dir='ltr'><strong>consistere.</strong></span> <span class='ocrx_word' id='word_1_836' title='bbox 2460 5008 2527 5018; x_wconf 94' lang='lat'><strong>—-</strong></span> <span class='ocrx_word' id='word_1_837' title='bbox 2561 4977 2661 5032; x_wconf 86' lang='lat' dir='ltr'><strong>Per</strong></span> <span class='ocrx_word' id='word_1_838' title='bbox 2687 4996 2770 5033; x_wconf 86' lang='lat' dir='ltr'><strong>me</strong></span> <span class='ocrx_word' id='word_1_839' title='bbox 2803 4981 2945 5036; x_wconf 82' lang='lat' dir='ltr'><strong>licet.</strong></span> <span class='ocrx_word' id='word_1_840' title='bbox 2983 5013 3049 5021; x_wconf 89' lang='lat'><strong>—</strong></span> <span class='ocrx_word' id='word_1_841' title='bbox 3092 4986 3159 5037; x_wconf 78' lang='lat' dir='ltr'><strong>At</strong></span> 
     </span>
    </p>
   </div>
   <div class='ocr_carea' id='block_1_108' title="bbox 1619 5071 3156 5139">
    <p class='ocr_par' dir='ltr' id='par_1_108' title="bbox 1619 5071 3156 5139">
     <span class='ocr_line' id='line_1_108' title="bbox 1619 5071 3156 5139; baseline -0.001 -15"><span class='ocrx_word' id='word_1_842' title='bbox 1619 5073 1671 5124; x_wconf 93' lang='lat' dir='ltr'><strong>in</strong></span> <span class='ocrx_word' id='word_1_843' title='bbox 1705 5072 1878 5139; x_wconf 91' lang='lat' dir='ltr'><strong>primo</strong></span> <span class='ocrx_word' id='word_1_844' title='bbox 1904 5087 2222 5139; x_wconf 89' lang='lat' dir='ltr'><strong>nunquam:</strong></span> <span class='ocrx_word' id='word_1_845' title='bbox 2268 5071 2476 5126; x_wconf 85' lang='lat' dir='ltr'><strong>tametsi</strong></span> <span class='ocrx_word' id='word_1_846' title='bbox 2530 5072 2707 5126; x_wconf 90' lang='lat' dir='ltr'><strong>omnis</strong></span> <span class='ocrx_word' id='word_1_847' title='bbox 2748 5083 2933 5127; x_wconf 84' lang='lat' dir='ltr'><strong>contra</strong></span> <span class='ocrx_word' id='word_1_848' title='bbox 2975 5075 3156 5136; x_wconf 87' lang='lat' dir='ltr'><strong>boum,</strong></span> 
     </span>
    </p>
   </div>
   <div class='ocr_carea' id='block_1_109' title="bbox 1618 5150 3163 5227">
    <p class='ocr_par' dir='ltr' id='par_1_109' title="bbox 1618 5150 3163 5227">
     <span class='ocr_line' id='line_1_109' title="bbox 1618 5150 3163 5227; baseline 0 -10"><span class='ocrx_word' id='word_1_849' title='bbox 1618 5150 1899 5227; x_wconf 85' lang='lat' dir='ltr'><strong>equorum,</strong></span> <span class='ocrx_word' id='word_1_850' title='bbox 1926 5178 1988 5216; x_wconf 90' lang='lat' dir='ltr'><strong>ac</strong></span> <span class='ocrx_word' id='word_1_851' title='bbox 2026 5175 2338 5219; x_wconf 61' lang='lat' dir='ltr'><strong>ceterarum</strong></span> <span class='ocrx_word' id='word_1_852' title='bbox 2384 5163 2623 5216; x_wconf 86' lang='lat' dir='ltr'><strong>omnium</strong></span> <span class='ocrx_word' id='word_1_853' title='bbox 2662 5164 2890 5218; x_wconf 85' lang='lat' dir='ltr'><strong>ferarum</strong></span> <span class='ocrx_word' id='word_1_854' title='bbox 2923 5166 3163 5217; x_wconf 85' lang='lat' dir='ltr'><strong>multitu-</strong></span> 
     </span>
    </p>
   </div>
   <div class='ocr_carea' id='block_1_110' title="bbox 1615 5253 3155 5323">
    <p class='ocr_par' dir='ltr' id='par_1_110' title="bbox 1615 5253 3155 5323">
     <span class='ocr_line' id='line_1_110' title="bbox 1615 5253 3155 5323; baseline 0 -16"><span class='ocrx_word' id='word_1_855' title='bbox 1615 5255 1683 5307; x_wconf 88' lang='lat' dir='ltr'><strong>do</strong></span> <span class='ocrx_word' id='word_1_856' title='bbox 1715 5253 2056 5319; x_wconf 86' lang='lat' dir='ltr'><strong>vociferetur,</strong></span> <span class='ocrx_word' id='word_1_857' title='bbox 2108 5255 2247 5323; x_wconf 89' lang='lat' dir='ltr'><strong>quod</strong></span> <span class='ocrx_word' id='word_1_858' title='bbox 2291 5253 2700 5308; x_wconf 89' lang='lat' dir='ltr'><strong>delectationem</strong></span> <span class='ocrx_word' id='word_1_859' title='bbox 2759 5267 2918 5308; x_wconf 86' lang='lat' dir='ltr'><strong>unam</strong></span> <span class='ocrx_word' id='word_1_860' title='bbox 2974 5270 3155 5320; x_wconf 86' lang='lat' dir='ltr'><strong>persc-</strong></span> 
     </span>
    </p>
   </div>
   <div class='ocr_carea' id='block_1_111' title="bbox 1613 5343 3157 5414">
    <p class='ocr_par' dir='ltr' id='par_1_111' title="bbox 1613 5343 3157 5414">
     <span class='ocr_line' id='line_1_111' title="bbox 1613 5343 3157 5414; baseline -0.001 -18"><span class='ocrx_word' id='word_1_861' title='bbox 1613 5354 1828 5411; x_wconf 88' lang='lat' dir='ltr'><strong>quatur,</strong></span> <span class='ocrx_word' id='word_1_862' title='bbox 1864 5347 2058 5414; x_wconf 89' lang='lat' dir='ltr'><strong>quibus</strong></span> <span class='ocrx_word' id='word_1_863' title='bbox 2093 5347 2328 5414; x_wconf 90' lang='lat' dir='ltr'><strong>plerique</strong></span> <span class='ocrx_word' id='word_1_864' title='bbox 2361 5343 2539 5409; x_wconf 83' lang='lat' dir='ltr'><strong>fidem,</strong></span> <span class='ocrx_word' id='word_1_865' title='bbox 2569 5361 2672 5399; x_wconf 89' lang='lat' dir='ltr'><strong>non</strong></span> <span class='ocrx_word' id='word_1_866' title='bbox 2711 5359 2865 5398; x_wconf 86' lang='lat' dir='ltr'><strong>secus</strong></span> <span class='ocrx_word' id='word_1_867' title='bbox 2901 5359 2962 5396; x_wconf 90' lang='lat' dir='ltr'><strong>ac</strong></span> <span class='ocrx_word' id='word_1_868' title='bbox 3005 5345 3157 5396; x_wconf 82' lang='lat' dir='ltr'><strong>volu-</strong></span> 
     </span>
    </p>
   </div>
   <div class='ocr_carea' id='block_1_112' title="bbox 1682 5498 3157 5568">
    <p class='ocr_par' dir='ltr' id='par_1_112' title="bbox 1682 5498 3157 5568">
     <span class='ocr_line' id='line_1_112' title="bbox 1682 5498 3157 5568; baseline 0.001 -17"><span class='ocrx_word' id='word_1_869' title='bbox 1682 5498 1789 5568; x_wconf 88' lang='lat' dir='ltr'><strong>(l8)</strong></span> <span class='ocrx_word' id='word_1_870' title='bbox 1842 5501 1964 5553; x_wconf 79' lang='grc' dir='ltr'><strong>Ἐπὶ</strong></span> <span class='ocrx_word' id='word_1_871' title='bbox 1991 5499 2105 5553; x_wconf 73' lang='grc' dir='ltr'><strong>τῶν</strong></span> <span class='ocrx_word' id='word_1_872' title='bbox 2133 5500 2483 5567; x_wconf 78' lang='grc' dir='ltr'>δευτερείων</span> <span class='ocrx_word' id='word_1_873' title='bbox 2522 5499 2817 5567; x_wconf 76' lang='grc' dir='ltr'>στερήσει.</span> <span class='ocrx_word' id='word_1_874' title='bbox 2841 5498 3054 5552; x_wconf 77' lang='lat' dir='ltr'><strong>Rectius</strong></span> <span class='ocrx_word' id='word_1_875' title='bbox 3089 5517 3157 5559; x_wconf 71' lang='lat' dir='ltr'><strong>ex</strong></span> 
     </span>
    </p>
   </div>
   <div class='ocr_carea' id='block_1_113' title="bbox 1609 5568 3155 5654">
    <p class='ocr_par' dir='ltr' id='par_1_113' title="bbox 1609 5568 3155 5654">
     <span class='ocr_line' id='line_1_113' title="bbox 1609 5568 3155 5654; baseline 0.001 -33"><span class='ocrx_word' id='word_1_876' title='bbox 1609 5568 1831 5654; x_wconf 53' lang='lat' dir='ltr'><strong>Platone</strong></span> <span class='ocrx_word' id='word_1_877' title='bbox 1877 5571 2158 5641; x_wconf 80' lang='lat' dir='ltr'><strong>legeretur,</strong></span> <span class='ocrx_word' id='word_1_878' title='bbox 2211 5571 2347 5641; x_wconf 82' lang='grc' dir='ltr'>ὑπὲρ</span> <span class='ocrx_word' id='word_1_879' title='bbox 2387 5571 2493 5624; x_wconf 83' lang='grc' dir='ltr'>τῶν</span> <span class='ocrx_word' id='word_1_880' title='bbox 2534 5570 2873 5638; x_wconf 86' lang='grc' dir='ltr'>δευτερείων,</span> <span class='ocrx_word' id='word_1_881' title='bbox 2911 5568 2987 5638; x_wconf 78' lang='grc' dir='ltr'><strong>νῷ</strong></span> <span class='ocrx_word' id='word_1_882' title='bbox 3020 5571 3155 5641; x_wconf 81' lang='grc' dir='ltr'>πρὸς</span> 
     </span>
    </p>
   </div>
   <div class='ocr_carea' id='block_1_114' title="bbox 1611 5643 3155 5778">
    <p class='ocr_par' dir='ltr' id='par_1_114' title="bbox 1611 5643 3155 5778">
     <span class='ocr_line' id='line_1_114' title="bbox 1611 5643 3155 5778; baseline -0.003 -12"><span class='ocrx_word' id='word_1_883' title='bbox 1611 5643 2067 5778; x_wconf 51' lang='grc' dir='ltr'><strong>ήοϊιεξῖεὶῖρῶτον</strong></span> <span class='ocrx_word' id='word_1_884' title='bbox 2098 5709 2163 5763; x_wconf 82' lang='grc' dir='ltr'>δέ</span> <span class='ocrx_word' id='word_1_885' title='bbox 2201 5726 2261 5774; x_wconf 78' lang='grc' dir='ltr'>γε</span> <span class='ocrx_word' id='word_1_886' title='bbox 2300 5711 2404 5774; x_wconf 81' lang='grc' dir='ltr'>οὐ,</span> <span class='ocrx_word' id='word_1_887' title='bbox 2454 5718 2555 5764; x_wconf 92' lang='lat' dir='ltr'><strong>etc.</strong></span> <span class='ocrx_word' id='word_1_888' title='bbox 2603 5709 2786 5763; x_wconf 77' lang='lat' dir='ltr'><strong>Beotc.</strong></span> <span class='ocrx_word' id='word_1_889' title='bbox 2835 5706 2968 5778; x_wconf 83' lang='lat' dir='ltr'><strong>Nam</strong></span> <span class='ocrx_word' id='word_1_890' title='bbox 3012 5709 3155 5777; x_wconf 78' lang='lat' dir='ltr'><strong>apud</strong></span> 
     </span>
    </p>
   </div>
   <div class='ocr_carea' id='block_1_115' title="bbox 1607 5777 3153 5851">
    <p class='ocr_par' dir='ltr' id='par_1_115' title="bbox 1607 5777 3153 5851">
     <span class='ocr_line' id='line_1_115' title="bbox 1607 5777 3153 5851; baseline 0.001 -22"><span class='ocrx_word' id='word_1_891' title='bbox 1607 5777 1879 5833; x_wconf 82' lang='lat' dir='ltr'><strong>Platonem</strong></span> <span class='ocrx_word' id='word_1_892' title='bbox 1913 5781 2174 5851; x_wconf 72' lang='lat' dir='ltr'><strong>pessime,</strong></span> <span class='ocrx_word' id='word_1_893' title='bbox 2208 5780 2416 5851; x_wconf 72' lang='grc' dir='ltr'>πρῶεον</span> <span class='ocrx_word' id='word_1_894' title='bbox 2458 5779 2511 5830; x_wconf 82' lang='grc' dir='ltr'>δὲ</span> <span class='ocrx_word' id='word_1_895' title='bbox 2561 5796 2618 5849; x_wconf 66' lang='grc' dir='ltr'>γε</span> <span class='ocrx_word' id='word_1_896' title='bbox 2669 5782 2766 5831; x_wconf 74' lang='grc' dir='ltr'><strong>οὐκ</strong></span> <span class='ocrx_word' id='word_1_897' title='bbox 2820 5777 2883 5832; x_wconf 78' lang='grc' dir='ltr'>ἂν</span> <span class='ocrx_word' id='word_1_898' title='bbox 2922 5779 2970 5830; x_wconf 77' lang='lat' dir='ltr'><strong>oi</strong></span> <span class='ocrx_word' id='word_1_899' title='bbox 3024 5778 3153 5832; x_wconf 55' lang='grc' dir='ltr'>πάνυ</span> 
     </span>
    </p>
   </div>
   <div class='ocr_carea' id='block_1_116' title="bbox 1607 5859 2094 5917">
    <p class='ocr_par' dir='ltr' id='par_1_116' title="bbox 1607 5859 2094 5917">
     <span class='ocr_line' id='line_1_116' title="bbox 1607 5859 2094 5917; baseline 0.016 -18"><span class='ocrx_word' id='word_1_900' title='bbox 1607 5866 1692 5914; x_wconf 76' lang='grc' dir='ltr'><strong>τες</strong></span> <span class='ocrx_word' id='word_1_901' title='bbox 1711 5891 1725 5917; x_wconf 85' lang='grc'><strong>,</strong></span> <span class='ocrx_word' id='word_1_902' title='bbox 1753 5859 1855 5904; x_wconf 78' lang='lat' dir='ltr'><strong>etc.</strong></span> <span class='ocrx_word' id='word_1_903' title='bbox 2073 5863 2094 5876; x_wconf 89' lang='lat'>&quot;</span> 
     </span>
    </p>
   </div>
  </div>
