4014 6340
741 452 870 509 mi
1362 450 1625 506 EUSEBll
1662 450 2145 536 (ικΕδΑιυιεΝιιιε⁸
2168 453 2314 509 OPP.
2357 454 2539 511 PARS
2572 454 2635 515 u.
2677 484 2747 497 —
2784 447 3275 514 APOLOGE'I'ICA.
3809 455 3940 510 me

741 565 921 623 cribus
942 582 1192 638 augures,
1237 567 1363 622 dum
1411 568 1630 633 habent,
1680 569 1979 638 voluptates
2020 570 2177 626 nobis
2208 572 2272 626 ad

2377 572 2513 624 κατὰ
2544 572 2771 642 Χριστὸν
2797 573 3107 642 φιλοσοφίας
3132 572 3427 625 ἐπισκόπου
3455 569 3677 639 avbpbg,
3708 568 3819 617 ἀπὸ
3843 567 3942 624 τεῖν

741 654 874 709 bene
897 655 1179 710 vivendum
1230 656 1539 725 potissimas
1586 671 1707 711 esse
1737 659 2106 726 pronuntiant,
2132 661 2272 730 ejus-

2382 664 2515 730 Περὶ
2538 666 2773 731 φύσεως
2801 665 3004 736 βραχέα
3028 666 3134 717 τῶν
3161 666 3295 735 πρὸς
3341 663 3666 730 Ἐπίκουρον
3690 660 3913 729 ἀντειρη

738 758 843 807 que
892 745 968 797 rei
1008 746 1263 801 certiores
1323 760 1443 799 esse
1504 754 1669 800 testes
1724 746 1963 802 ferarum
2015 750 2272 817 ipsarum,

2385 754 2556 822 μένων
2580 755 2980 827 παραθήσομαι.
3016 757 3085 809 Σὺ
3114 756 3171 808 δέ
3209 754 3386 807 λαϐὼν
3410 751 3688 820 ἀνάγνωθι
3721 750 3825 813 τὰς
3853 749 3929 801 οὕς

736 849 897 901 quam
930 850 1115 889 eorum
1144 851 1262 906 qua
1286 838 1484 907 passim
1514 835 1725 892 erudita
1761 854 1914 895 musa
1943 838 2119 893 fundit
2149 855 2272 895 ora-

2381 860 2487 907 τως
2515 846 2743 914 ἐχούσας
2764 847 2927 901 αὑτοῦ
2958 848 3155 917 φωνάς.

735 928 975 982 culorum
1006 945 1218 984 amores
1261 932 1567 999 opinantur.
1600 960 1669 971 -
1705 929 1813 986 Nos
1850 947 1975 986 vero
1998 932 2267 998 Socrates,
2310 938 2420 990 haec
2445 939 2541 993 abs
2572 948 2623 992 te
2649 940 2829 994 omnia
2851 942 3129 996 verissime
3160 941 3301 995 dicta
3352 955 3473 995 esse
3526 938 3771 993 fatemur
3830 938 3937 989 uni-

736 1022 927 1078 versi.»
976 1020 1244 1078 llactenus
1268 1022 1435 1076 Plato.
1482 1021 1636 1077 Nunc
1698 1023 1850 1092 juvat
1907 1024 2071 1079 etiam
2126 1040 2189 1080 ex
2251 1025 2491 1100 Dionysii
2557 1032 2815 1101 episcopi,
2864 1033 3096 1087 hominis
3148 1032 3493 1086 christianum
3539 1030 3936 1101 philosophiam

736 1114 963 1185 professi
1002 1131 1164 1185 opere
1195 1116 1337 1184 quod
1380 1114 1452 1168 De
1482 1129 1674 1169 natura
1719 1116 2061 1185 conscripsit,
2098 1133 2267 1189 pauca
2303 1122 2546 1188 quasdam
2576 1139 2606 1178 e
2629 1124 2834 1188 multis,
2859 1140 2978 1194 quae
3034 1124 3289 1179 adversus
3335 1124 3630 1194 Epicurum
3680 1124 3935 1190 disputat,

734 1208 1075 1277 subjungere.
1129 1205 1206 1260 Tu
1254 1208 1409 1260 verba
1438 1206 1555 1273 ejus
1580 1204 1851 1273 ipsissima
1889 1210 2119 1279 perlege.

1301 1292 1527 1348 CAPUT
1576 1295 1761 1350 XXIII.

2884 1304 3272 1360 ΚΕΦΔΛΔΙΟΝ
3309 1304 3433 1358 KI".

736 1407 1003 1486 Adversus.
1029 1404 1309 1485 Epicureos
1336 1408 1469 1486 ,lqui
1497 1388 2159 1486 Providentiam-tollebant
2185 1421 2272 1486 ,ᾔει

2385 1414 2535 1486 Πρὸς
2568 1414 2707 1479 τοὺς
2731 1415 2855 1486 κατέ
2892 1388 3240 1483 ’ἐπίκουρον
3276 1418 3563 1482 Πρόνοιαν
3590 1418 3713 1486 μέν
3738 1420 3934 1484 ἀρνου-

804 1476 1449 1562 ἱλιιᾴὶυἱάιιιίεηεοτρολνὶριιι
1504 1477 1760 1562 universa.
1810 1479 2127 1562 triauebant.
2198 1480 2272 1534 Ea

2431 1476 2695 1562 γένους-ξ
2750 1485 2985 1562 ᾀτιξμος
3033 1485 3101 1562 δὲ
3126 1476 3416 1562 ’σώμαᾶιν
3440 1476 3837 1562 ἀναζῖθέτᾲςᾷς
3880 1492 3933 1562 τᾷ

807 1544 1046 1613 Dionysii
1078 1544 1418 1598 Alexandrini
1448 1546 1670 1615 episcopi
1700 1546 1847 1599 libris
1880 1546 1953 1603 De
1993 1559 2205 1604 natura.

2448 1544 2592 1627 πᾶν.
2638 1544 2767 1627 ’ᾉπὸ
2790 1544 2905 1627 τῷν
2936 1544 3307 1627 ΠερὶΑφύσεὶυς
3334 1560 3654 1611 Διονυσίου
3697 1544 3933 1627 (im-toﬁ

2454 1621 2786 1675 ἐπισκόπου
2828 1621 3281 1692 Ἀλεξανδρείας.

810 1738 828 1770 ι
866 1719 1093 1782 Utrum,
1133 1720 1337 1789 inquit,
1369 1736 1533 1773 unum
1587 1727 1702 1784 est,
1759 1730 1919 1791 atque
1982 1734 2163 1793 aptum
2214 1741 2278 1779 ex

737 1825 854 1864 sese
886 1812 1197 1868 universum
1227 1851 1242 1874 ,
1286 1812 1362 1865 uti
1399 1812 1553 1866 nobis
1608 1811 2027 1883 Graecorumque
2065 1818 2279 1885 sapien-

736 1901 961 1955 lissimis
992 1900 1201 1955 Platoni
1224 1911 1276 1955 et
1299 1900 1643 1972 Pythagorae,
1677 1902 1870 1959 Stoicis
1890 1945 1906 1971 ,
1929 1914 1983 1960 et
2013 1905 2281 1962 Heraclito

2461 1748 2479 1780 ι
2518 1730 2747 1802 Πότερον
2770 1732 2828 1783 ἐν
2850 1734 2964 1784 ἐστι
3000 1735 3229 1801 συναφὲς
3254 1734 3313 1786 τὸ
3337 1736 3461 1799 πᾶν,
3493 1739 3567 1800 ὡς
3603 1738 3741 1807 ἡμῖν
3775 1756 3832 1791 τε
3853 1740 3933 1793 καὶ

2384 1818 2496 1880 τοῖς
2545 1819 2870 1885 σοφωτάτοις
2920 1821 3183 1891 Ἐλλήνων
3211 1822 3450 1877 Πλάτωνι
3490 1826 3581 1878 καλ⁵
3622 1826 3927 1897 Πυθαγόρᾳ,

2386 1910 2477 1960 καὶ
2502 1912 2613 1972 τοῖς
2645 1911 2749 1963 ἀπὸ
2776 1913 2871 1981 τῆς
2894 1913 3059 1976 Στοᾶς
3084 1917 3175 1967 καὶ
3213 1915 3541 1987 Ἡρακλείτῳ
3579 1919 3865 1987 φαίνεται,
3900 1921 3926 1989 ἢ

734 1992 947 2046 videtur
986 2010 994 2043 :
1033 2007 1099 2072 a‘n
1124 1991 1266 2055 duo,
1294 1995 1746 2063 quemadmodum
1790 1994 1928 2049 forte
1972 2011 2079 2051 non
2129 2012 2272 2052 ηοω(

2384 1999 2494 2063 δύο,
2530 2001 2604 2063 ὡς
2631 2000 2757 2066 ἴσως
2783 2020 2865 2067 τις
2899 2003 3179 2070 ὑπέλαϐεν,
3203 2007 3236 2077 ἢ
3270 2010 3359 2061 καὶ
3383 2008 3550 2061 πολλὰ
3575 2010 3674 2061 καὶ
3700 2010 3927 2079 ἄπειρα;

737 2082 983 2151 cogitarit
1018 2100 1029 2135 :
1062 2100 1126 2135 an
1152 2084 1318 2137 multa
1342 2085 1519 2152 potius
1548 2086 1789 2155 adeoque
1816 2086 2063 2142 inﬁnita?
2090 2094 2147 2140 ut
2162 2087 2282 2142 aliis

740 2172 1060 2240 quibusdam
1094 2174 1326 2240 placuit,
1357 2176 1448 2243 qui
1482 2176 1727 2244 pluribus
1759 2176 1954 2231 mentis
1982 2179 2279 2243 erroribus,

735 2274 799 2314 ac
824 2260 990 2313 variis
1022 2261 1437 2329 appellationum
1483 2262 1704 2330 formis,
1752 2264 1987 2319 universi
2035 2276 2280 2321 naturam

736 2349 1033 2406 distrahere
1060 2365 1123 2403 ac
1148 2354 1384 2406 lacerare
1403 2353 1578 2407 conati
1602 2393 1616 2417 ,
1652 2351 1917 2407 inﬁnitum
1956 2354 2085 2408 illud
2128 2370 2278 2420 esse,

735 2448 855 2496 ortu
890 2456 1073 2496 carere
1095 2485 1108 2505 ,
1139 2457 1237 2497 nec
1264 2443 1373 2495 ullo
1397 2443 1743 2512 providentia
1770 2445 1998 2499 consilio
2034 2447 2143 2513 regi
2184 2462 2278 2502 vo-

734 2533 969 2587 luerunt.
1005 2533 1165 2603 7'73
1197 2532 1257 2587 Hi
1288 2535 1429 2587 enim
1488 2543 1727 2597 atomos,
1780 2536 2085 2606 incorrupta
2131 2553 2279 2607 quae-

733 2623 857 2678 dam
923 2623 1222 2693 exiguaque
1279 2625 1643 2693 corpuscula,
1700 2641 2036 2695 numeroque
2073 2628 2280 2684 inﬁnita

733 2713 1105 2778 nominantes,
1133 2729 1345 2783 unaque
1374 2717 1606 2783 spatium
1642 2716 1860 2785 aliquod
1886 2732 2115 2772 vacuum
2138 2758 2152 2783 ,
2182 2734 2281 2774 nec

734 2804 859 2859 ullis
889 2804 1086 2861 ﬁnibus
1145 2807 1612 2877 circumscriptum
1679 2810 2026 2877 invehentes,
2071 2821 2278 2867 atomos

733 2895 852 2950 illas
874 2897 1153 2959 dictitant,
1187 2898 1362 2953 hocin
1389 2914 1560 2954 vacuo
1590 2910 1793 2956 temere
1837 2902 1966 2960 dum
1996 2902 2276 2970 feruntur,

731 2984 859 3039 dum
889 3001 1041 3049 casu,
1068 2997 1286 3057 pr0pter
1337 2989 1571 3059 impetus
1622 2993 2111 3061 perturbationem,
2163 2997 2279 3050 aliae

732 3089 855 3128 cum
885 3076 1006 3131 aliis
1033 3089 1398 3142 concurrunt,
1440 3096 1502 3135 ac
1546 3095 1763 3151 propter
1809 3085 2155 3154 multiplicem
2216 3087 2277 3140 ﬁ-

732 3180 919 3234 guram
946 3167 1087 3221 inter
1115 3182 1235 3222 sese
1293 3171 1747 3237 commiscentun,
1802 3188 1925 3227 cum
1984 3176 2279 3243 apprehen-

728 3255 853 3309 dere
875 3264 1061 3311 mutuo
1087 3271 1204 3311 sese
1221 3297 1237 3324 ,
1266 3265 1378 3314 tum
1420 3261 1563 3314 hunc
1589 3276 1803 3331 quoque
1825 3263 2105 3330 mundum,
2126 3281 2274 3334 quae-

2380 2090 2454 2153 ὣς
2482 2107 2623 2144 τισιν
2649 2092 2827 2155 ἄλλοις
2849 2094 3043 2159 ἔδοξεν,
3067 2097 3113 2149 οἳ
3143 2096 3359 2161 πολλαῖς
3380 2098 3477 2169 τῆς
3500 2099 3747 2162 διανοίας
3774 2117 3929 2171 παρα-

2380 2186 2589 2253 φοραϊς,
2624 2186 2716 2237 καὶ
2744 2186 3009 2249 ποικίλαις
3043 2193 3336 2261 προφοραίς
3363 2191 3641 2259 ὀνομάτων
3695 2191 3799 2261 τὴν
3835 2193 3925 2243 τῶν

2378 2272 2512 2324 ὅλων
2544 2274 2900 2345 ἐπεχείρησαν
2935 2274 3421 2348 κατακερματίζειν
3443 2280 3632 2332 οὐσίαν
3658 2322 3673 2343 ,
3715 2283 3927 2352 ἄπειρόν

2378 2378 2456 2425 τε,
2502 2364 2592 2414 καὶ
2630 2363 2937 2435 ἀγέννητον,
2984 2369 3077 2421 καὶ
3104 2368 3433 2441 ἀπρονόητον
3482 2372 3845 2426 ὑποτίθενται.
3874 2378 3925 2426 0i

2382 2452 2477 2521 μὲν
2512 2453 2638 2523 γὰρ,
2666 2456 2897 2526 ἀτόμους
2939 2460 3321 2529 προσειπόντες
3362 2461 3615 2533 ἄφθαρτα
3676 2481 3800 2517 τινα
3846 2469 3925 2517 καὶ

2381 2545 2712 2615 σμικρότατα
2745 2544 2990 2616 σώματα,
3026 2549 3224 2620 πλῆθος
3246 2551 3517 2621 ἀνάριθμα
3540 2592 3555 2615 ,
3606 2554 3699 2605 καί
3736 2571 3790 2605 τι
3834 2573 3926 2623 χω-

2381 2633 2492 2703 ρίον
2522 2637 2695 2699 κενὸν,
2720 2638 2943 2707 μέγεθος
2972 2640 3345 2713 άπεριόριστον
3372 2643 3790 2714 προϐαλόμενοι,
3811 2648 3925 2698 ταύ-

2377 2741 2475 2787 τας
2504 2725 2566 2795 δή
2607 2743 2736 2795 φασι
2759 2727 2858 2791 τὰς
2882 2729 3132 2799 ἀτόμους,
3164 2730 3237 2795 ὡς
3264 2732 3445 2802 ἔτυχεν
3467 2736 3523 2786 ὲν
3553 2734 3636 2803 τῷ
3672 2735 3814 2804 κενῷ
3843 2753 3925 2803 φε-

2381 2816 2629 2885 ρομένας,
2658 2820 2970 2891 αὐτομάτως
2996 2840 3052 2873 τε
3078 2827 3504 2897 συμπιπτούσας
3541 2827 3804 2897 ἀλλήλαις
3848 2828 3925 2882 διὰ

2380 2908 2555 2978 ῥύμην
2584 2910 2830 2976 ἄτακτον,
2862 2915 2952 2966 καὶ¹
2980 2916 3424 2989 σομπλεκομένας
3449 2920 3535 2972 διὰ
3561 2919 3623 2971 τὸ
3658 2920 3924 2991 πολύσχη-

2380 3015 2497 3067 μον,
2528 2999 2769 3069 ἀλλήλων
2802 3004 3278 3074 ἐπιλαμϐάνεσθαι,
3315 3010 3405 3061 καὶ
3434 3008 3573 3062 οὕτω
3603 3010 3699 3061 τόν
3742 3028 3804 3062 τε
3841 3015 3923 3064 κέ-

2378 3105 2509 3157 σμον
2534 3091 2625 3143 καὶ
2658 3090 2725 3143 τὰ
2759 3094 2817 3146 ἐν
2845 3093 3011 3164 αὐτῷ,
3045 3096 3241 3163 μᾶλλον
3284 3096 3341 3149 δὲ
3392 3098 3631 3169 κόσμους
3677 3100 3923 3172 ἀπείρους

2376 3180 2668 3235 ἀποτελεῖν.
2694 3184 2903 3255 Ταύτης
2930 3186 2986 3238 δὲ
3005 3186 3104 3255 τῆς
3134 3187 3289 3256 δόξης
3333 3190 3651 3261 Ἐπίκουρος
3680 3194 3923 3260 γεγόνασι

2378 3271 2469 3323 καὶ
2521 3275 2870 3344 Δημόκριτος.
2940 3278 3199 3332 Τοσοῦτον
3254 3281 3309 3334 δέ
3341 3283 3700 3356 διεφώνησαν,
3756 3290 3924 3342 ὅσονὸ

727 3362 831 3417 que
899 3346 1014 3415 ipso
1050 3349 1395 3403 continentur
1434 3353 1654 3417 omnia;
1722 3354 1831 3407 imo
1869 3370 2001 3409 vero
2042 3357 2272 3411 mundos

2376 3365 2470 3433 μὲν
2500 3365 2783 3435 ἐλαχίστας
2818 3369 3014 3434 πάσας,
3050 3374 3141 3424 καὶ
3174 3372 3260 3425 διὰ
3282 3346 3445 3427 τοῦτο.
3479 3346 3922 3450 ἀνεπαισθήτους,

726 3438 886 3491 etiam
919 3438 1159 3495 inﬁnitos
1187 3440 1412 3497 eﬁicere.
1448 3441 1558 3498 Hac
1590 3445 1651 3504 in
1702 3446 1965 3501 sententia
2008 3446 2273 3517 Epicurus

727 3526 1175 3597 Democritusque
1196 3532 1393 3586 versati
1420 3541 1585 3587 sunt:
1616 3533 1719 3589 hoc
1761 3550 1870 3590 uno
1922 3536 2268 3600 discrimine,

728 3621 870 3689 quod
900 3618 1164 3689 Epicurus
1202 3622 1454 3676 minimas
1488 3638 1675 3678 omnes
1726 3633 1969 3691 atomos,
2028 3620 2303 3695 quasque'

728 3720 1009 3782 propterea
1037 3727 1230 3767 sensus
1263 3727 1370 3767 non
1406 3713 1721 3782 attingeret,
1764 3712 2099 3769 Democritus
2130 3731 2267 3769 non—

727 3803 901 3857 nullas
931 3804 1117 3858 saltem
1145 3804 1407 3887 maximas
1431 3820 1551 3860 esse
1578 3805 1753 3860 vellet.
1777 3804 2040 3861 Caeterum
2068 3808 2269 3861 indivi-

726 3893 859 3946 duas
890 3893 1009 3946 illas
1038 3902 1091 3947 et
1109 3895 1213 3949 dici
1268 3904 1321 3949 et
1368 3910 1521 3965 esse,
1577 3905 1796 3966 propter
1844 3898 2268 3957 indissolubilem

723 3997 908 4035 earum
939 3981 1245 4034 ﬁrmitatem
1268 4021 1283 4041 .
1321 3991 1545 4050 uterque
1572 3982 1748 4037 docet.
1786 3982 1923 4038 Sunt
1957 3995 2155 4051 tamen,
2175 3986 2269 4054 qui

724 4082 1025 4127 atomorum
1078 4071 1295 4125 nomine
1350 4087 1575 4140 corpora
1641 4074 1885 4141 quaedam
1935 4074 2303 4144 intelligunt,,

723 4178 841 4230 qua:
878 4164 1119 4232 partibus
1152 4170 1367 4217 careant
1392 4163 1491 4229 ipsi
1516 4163 1731 4231 quidem
1758 4201 1771 4227 ,
1800 4163 1908 4217 sint
1940 4172 2121 4217 tamen
2145 4164 2265 4217 uni—

724 4254 861 4307 versi
899 4265 1110 4331 partes,
1141 4271 1203 4310 ex
1240 4255 1436 4324 quibus
1463 4297 1476 4321 ,
1510 4255 1799 4309 individua:
1830 4272 1951 4309 cum
1988 4258 2117 4323 sint,
2138 4273 2269 4311 con-

723 4344 843 4397 ﬂata
882 4346 1113 4413 primum
1139 4348 1317 4402 omnia
1346 4389 1359 4410 ,
1390 4349 1441 4401 in
1469 4348 1685 4402 easdem
1719 4364 1936 4417 quoque
1966 4350 2271 4406 dissolvan-

2374 3456 2402 3506 ὁ
2424 3454 2479 3507 δὲ
2543 3459 2875 3531 Δημόκριτος
2903 3463 2993 3515 καὶ
3026 3466 3284 3533 μεγίστας
3311 3463 3446 3519 εἷναί
3504 3486 3661 3532 τινας
3700 3472 3925 3543 ἀτόμοις

2375 3546 2655 3600 ὑπέλαϐεν.
2705 3551 2961 3619 Ἀτόμους
2982 3553 3037 3606 δὲ
3066 3550 3203 3607 εἷναί
3252 3573 3414 3624 φασιν
3447 3559 3750 3631 ἀμφότεροι
3777 3603 3792 3625 ,
3845 3565 3927 3617 καὶ

2373 3636 2622 3704 λέγεσθαι
2652 3639 2739 3692 διὰ
2760 3642 2857 3712 τὴν
2883 3643 3071 3697 ἄλυτον
3110 3648 3451 3719 στερρότητα.
3478 3651 3542 3702 Οἱ
3573 3650 3654 3715 δὲ,
3685 3652 3789 3713 τὰς
3812 3654 3921 3704 es

2376 3743 2506 3795 μους
2534 3730 2629 3797 μὲν
2656 3731 3031 3801 ὀνομάσαντες,
3065 3736 3242 3809 άμερῆ
3287 3756 3447 3807 φασιν
3498 3737 3637 3812 εἶναι
3679 3726 3927 3812 σώματῇ

2372 3816 2463 3869 τοῦ
2496 3821 2692 3884 παντὸς
2720 3823 2879 3893 μέρη,
2905 3823 2961 3890 ἐξ
2991 3819 3065 3879 ὧν
3090 3827 3399 3901 ἀδιαιρέτων
3424 3831 3591 3886 ὄντων
3621 3832 3917 3885 συντίθεται

2371 3906 2435 3959 τὰ
2467 3910 2663 3973 πάντα,
2692 3914 2784 3965 καὶ
2812 3915 2890 3978 είς
2915 3914 2950 3969 ἃ
2977 3918 3268 3973 διαλύεται.
3295 3923 3401 3975 Καὶ
3430 3925 3639 3977 τούτων
3669 3925 3806 3992 φασὶ
3824 3925 3919 3977 τῶν

2370 3999 2586 4070 ἀμερῶν
2607 4004 2985 4075 όνοματοποιὸν
3010 4012 3267 4082 Διόδωρον
3289 4016 3565 4082 γεγονέναι
3589 4034 3605 4048 ο
3654 4018 3826 4086 ὄνομα
3850 4018 3915 4078 δὲ,

2371 4092 2553 4155 φασὶν.
2584 4095 2763 4159 αὐτοῖς
2792 4098 2916 4152 ἄλλο
2962 4102 3309 4174 Ἡρακλείδης
3354 4105 3576 4174 θέμενος
3600 4149 3613 4172 ,
3672 4108 3915 4162 ἐκάλεσεν

2370 4178 2601 4271 ὄγκους,
2637 4191 2764 4257 παρ’
2786 4185 2844 4245 οὗ
2868 4194 2959 4245 καὶ
2997 4196 3386 4266 Ἀσκληπιάδης
3428 4199 3456 4250 ὁ
3486 4199 3673 4271 ἰατρὸς
3708 4200 3914 4271 ὲκληρίι-

2374 4269 2573 4340 νόμησε
2607 4276 2665 4328 τὸ
2686 4278 2872 4351 ὄνομα.
2930 4305 2946 4335 ι
2980 4286 3141 4339 Ταῦτ’
3176 4286 3340 4339 είπὼν
3365 4326 3380 4350 ,
3410 4269 3917 4359 ἐξῆςάνασκευάξει

2374 4360 2435 4411 τὸ
2465 4361 2638 4435 δόγμα
2658 4369 2742 4424 διὰ
2772 4374 2998 4439 πολλῶν,
3033 4377 3171 4446 ἀτὰρ
3205 4378 3294 4429 καὶ
3324 4377 3410 4431 διὰ
3437 4379 3666 4436 τούτων.

723 4445 825 4489 tur.
870 4436 1099 4505 Harum,
1138 4451 1294 4508 prout
1333 4443 1571 4509 partibus
1603 4451 1817 4507 carent,
1847 4443 2082 4498 nominis
2132 4457 2408 4507 auctorem
2474 4455 2679 4517 faciunt
2740 4436 3026 4520 Diodorum
3063 4487 3073 4520 :
3112 4436 3203 4522 eas
3261 4471 3402 4524 enim
3444 4471 3668 4541 ὄγκους,
3722 4476 3827 4530 hoc
3848 4484 3916 4529 est

721 4531 898 4592 moles,
934 4546 1027 4585 seu
1055 4532 1289 4600 pondera
1324 4532 1629 4590 Heraclides
1660 4537 1915 4599 vocabat,
1950 4538 2265 4594 undeetiam
2305 4544 2651 4620 Asclepiades
2708 4560 2946 4615 medicus
3003 4576 3196 4615 nomen
3256 4531 3531 4621 invenit.'s
3568 4531 3699 4624 Haec
3738 4567 3917 4639 ρι-εῐι-

723 4636 807 4680 tus
841 4628 1023 4682 multis
1058 4628 1312 4694 deinceps
1340 4626 1442 4687 hoc
1481 4631 1672 4696 dogma
1702 4629 1976 4694 cenfutat,
2031 4632 2274 4703 interque
2313 4653 2534 4712 caetera,
2570 4652 2747 4706 verbis
2775 4669 2894 4722 quae
2922 4665 3239 4723 sequuntur.

1267 4716 1493 4771 CAPUT
1529 4718 1690 4773 XXIV

718 4827 905 4884 Rerum
948 4831 1082 4881 inter
1104 4830 1332 4885 homines
1374 4830 1664 4901 vulgarium
1700 4830 1973 4901 exemplis,
2013 4830 2261 4901 Epicure-

988 4914 1134 4950 orum
1163 4907 1350 4971 dogma
1384 4898 1661 4965 refellitur.
1690 4898 1769 4950 Ex
1798 4898 1992 4955 eadem.

790 5010 809 5041 ι
834 4990 937 5055 Qui
968 4992 1179 5045 tandem
1212 4994 1458 5047 homines
1478 4992 1610 5045 istos
1643 4990 1878 5048 feramus
1898 5034 1912 5058 ,
1937 4995 2072 5062 dum
2101 5012 2261 5067 opera

716 5079 989 5148 sapientiae
1035 5078 1189 5149 plena
1209 5118 1224 5142 ,
1264 5095 1439 5151 eoque
1468 5080 1584 5151 ipso
1610 5080 1751 5134 bona
1769 5119 1783 5142 ,
1818 5096 1947 5137 casu
1976 5082 2117 5151 facta
2142 5101 2262 5141 esse

713 5169 938 5224 dicunt?
960 5184 1078 5239 quae
1106 5177 1161 5223 et
1193 5169 1403 5238 singula
1428 5172 1681 5237 seorsim,
1713 5181 1765 5225 et
1796 5172 1956 5227 simul
1983 5178 2257 5240 universa.

714 5264 763 5314 ei
791 5263 948 5332 cujus
968 5263 1148 5319 omnia
1202 5260 1357 5330 jussu
1389 5267 1737 5329 exstiterant,
1770 5265 1909 5319 bona
1957 5269 2065 5322 sint
2115 5271 2252 5325 visa.

720 5373 737 5404 ι
780 5352 1109 5415 Viditenim.
1138 5355 1343 5423 inquit,
1382 5355 1519 5413 Deus
1539 5348 1729 5414 Cuncta
1770 5372 1889 5429 qua
1938 5358 2131 5416 fecerat
2166 5371 2273 5433 :ct-

712 5456 836 5497 ecce
858 5442 998 5498 bona
1024 5444 1176 5498 valde
1215 5446 1253 5498 ⁸.
1300 5464 1319 5496 ι
1347 5442 1663 5515 Quanquam
1702 5462 1769 5500 ne
1807 5445 1999 5516 pusilla
2040 5450 2255 5518 quidem

783 5553 797 5582 ³
829 5551 961 5608 Gen.
994 5570 1043 5621 ι,
1073 5554 1162 5610 Si.

784 5665 891 5736 (30)
944 5671 1277 5725 Διονυσίου.
1336 5671 1759 5727 Pulcherrimum
1818 5674 1921 5727 hoc
1966 5672 2024 5727 S.
2082 5644 2255 5727 Patris

715 5736 1090 5813 fragmentum,
1114 5741 1261 5813 quod
1289 5741 1524 5813 adlibri
1552 5741 1710 5813 hujus
1742 5759 1825 5796 xiv
1864 5746 2023 5798 linem
2060 5743 2254 5813 perdu-

716 5742 1261 5867 ἱῖῗιῗξῗωὲξῖειίὶῗιέδ
1288 5742 2253 5892 33.233;"ii:.‘.l¥..f‘.ﬁ°‘:‘..'f‘5?:.;

2862 4747 3252 4803 ΚΕΦΑΛΑΙΟΝ
3292 4739 3413 4829 Μ’,

2382 4854 2511 4907 Ἀπὸ
2549 4856 2663 4909 τῶν
2690 4858 2759 4909 ἐν
2786 4860 3109 4951 ἀνθρώποις
3140 4866 3609 4946 ὑποδειγμάτων.
3651 4870 3799 4923 Ἀπὸ
3830 4871 3918 4922 tu?

3041 4949 3246 4989 αυτου.

3041 4953 3246 4989 αυτου.

2426 4998 2461 5064 Ἲι
2492 5012 2613 5077 Πῶς
2646 5015 2821 5068 αὐτῶν
2845 5018 3226 5094 ἁνασχώμεθα,
3259 5026 3465 5097 τυχηρὰ
3488 5025 3769 5095 λεγόντων
3799 5027 3916 5083 eius:

2367 5102 2740 5173 συμπτώματα
2793 5106 2860 5161 τά
2893 5111 3048 5179 σοφὰ,
3079 5115 3170 5167 καὶ
3206 5114 3293 5169 διά
3333 5115 3487 5169 τοῦτο
3525 5116 3596 5169 τὰ
3646 5120 3797 5173 καλὰ
3841 5122 3919 5191 δη-

2366 5195 2780 5265 μιουργήματα;
2809 5193 2882 5252 ὧν
2914 5201 3141 5257 ἕκαστόν
3171 5224 3229 5259 τε
3260 5206 3377 5259 καθ’
3405 5205 3564 5259 ἑαυτὸ
3607 5210 3915 5279 γενόμενον.

2361 5281 2511 5355 ὤφθη
2542 5286 2618 5355 τῷ
2639 5290 2992 5357 προστάξαντι
3012 5296 3262 5362 γενέσθαι
3289 5294 3469 5355 καλὸν,
3492 5297 3589 5349 καὶ
3622 5300 3916 5372 συλλήϐδην

2360 5376 2555 5444 ὁμοίως
2618 5378 2845 5438 ἅπαντα.
2896 5406 2911 5437 ι
2976 5384 3093 5441 Εἷδε
3123 5388 3249 5459 γὰρ,
3308 5389 3487 5459 φησὶν,
3560 5391 3589 5442 ὁ
3637 5392 3776 5459 Θεὸς
3793 5435 3809 5459 ν
3861 5396 3915 5445 τά

2362 5468 2533 5521 πάντα
2564 5472 2663 5527 ὅσα
2696 5476 2915 5549 ἐποίησε
2933 5496 2945 5508 ”
2977 5481 3071 5534 καὶ
3098 5481 3208 5534 ίδοὺ
3236 5478 3375 5532 καλὰ
3401 5480 3537 5535 λίαν.
3565 5502 3586 5535 ι
3633 5486 3780 5539 Ἀλλ’
3808 5486 3912 5540 οὐδὲ

2361 5671 2581 5754 alioqui,
2614 5685 2803 5743 praeter
2833 5676 2935 5729 alia
2966 5676 3222 5746 pleraque
3248 5676 3641 5748 sapientissimi
3674 5685 3783 5754 tiri
3804 5699 3910 5741 IO-

2363 5750 2618 5809 mmenta,
2660 5759 2988 5801 careremus.
