4010 6342
636 428 766 482 I275
1260 432 1523 490 EUSEBII
1561 434 2029 491 CESARIENSIS
2066 438 2210 493 OPP.

2316 439 2427 495 Πὶὸ
2465 440 2526 494 Il.
2567 470 2635 479 —
2677 439 3161 495 APOLOGETICA.
3696 439 3835 494 1276

637 546 1031 615 elegantissima
1057 590 1072 613 ,
1107 565 1227 619 qua:
1263 554 1377 607 suis
1410 570 1473 607 ex
1528 557 1723 609 atontis
1765 567 2011 611 contexta
2063 573 2182 612 esse
2240 559 2460 621 dicunt.
2501 561 2627 614 dum
2654 561 2721 613 ab
2754 561 2940 614 iisdem
2978 560 3093 615 sine
3122 558 3350 613 consilio
3403 559 3485 612 ac‘
3514 559 3630 613 sine
3661 574 3828 612 sensu

639 639 869 707 perfecta
895 659 1015 696 esse
1044 644 1282 707 addunt,
1311 647 1433 716 quis
1464 650 1674 702 tandem
1703 664 1797 703 eos
1828 648 1995 715 ierat,
2054 652 2343 721 indigestas
2411 667 2474 705 ac
2535 653 2695 705 rudes
2744 655 2968 719 atomos]
3000 652 3375 715 obtrudentes,
3416 667 3554 722 quos
3593 667 3834 707 araneus

639 734 898 802 sapientia
958 737 1112 807 longe
1168 748 1384 807 superet
1407 780 1419 801 ,
1447 754 1570 792 cum
1619 755 1775 793 suum
1824 742 1951 795 illud
1982 759 2119 812 opus
2146 759 2177 797 a
2213 754 2401 812 suapte
2439 744 2697 796 industria
2728 743 3007 796 conﬁciat?
3046 762 3065 793 ι

1191 847 1418 902 CAPUT
1471 848 1634 903 XXV.
2214 884 2216 891 ι

2777 852 3156 904 ΚΕΦΑΛΑΙΟΝ
3195 851 3315 902 κε’.

646 934 789 988 Idem
845 953 909 989 ex
945 940 1171 992 universi
1215 940 1485 992 molitione
1542 940 1834 1007 conficitur.
1870 940 1952 995 Ea:
1987 942 2184 996 eodem.

2333 942 2472 995 Ἀπὸ
2523 941 2627 1006 τῆς
2676 940 2780 993 τοῦ
2820 943 3038 1020 παντὸς
3090 942 3456 1020 συστάσεως.
3510 940 3651 993 Ἀπὸ
3690 956 3803 993 του

2956 1028 3170 1077 autem,

717 1112 735 1142 ι
767 1092 899 1158 Quis
946 1094 1115 1161 aequis
1173 1108 1334 1162 porro
1394 1094 1614 1148 auribus
1645 1095 1867 1158 audiat,
1923 1096 2188 1165 ingentem

2364 1116 2382 1148 ι
2415 1100 2481 1149 Ἥ
2506 1097 2595 1149 τὸν
2626 1098 2792 1167 μέγαν
2836 1097 2945 1166 (25)
2976 1097 3156 1149 τοῦτον
3189 1094 3331 1150 οἷκον
3368 1098 3458 1151 τὸν
3499 1096 3557 1162 ἐξ
3597 1096 3835 1166 οὐρανσὲ

646 1186 786 1237 hanc
811 1186 1027 1236 domum
1051 1223 1065 1243 .
1114 1199 1177 1236 ex
1214 1185 1355 1238 caelo
1399 1195 1651 1254 terraque
1686 1196 2055 1256 constantem,
2098 1191 2189 1258 qui

2316 1189 2381 1241 :a‘t
2413 1188 2513 1257 γῆς
2538 1189 2855 1250 συνεστῶτα,
2885 1188 2977 1241 καὶ
3006 1188 3094 1241 διά
3119 1188 3179 1241 τὸ
3228 1189 3447 1259 μέγεθος
3497 1188 3590 1240 καὶ
3626 1187 3838 1257 πλῆθος

648 1282 860 1342 propter
901 1275 1191 1328 maximam
1217 1274 1361 1328 illam
1396 1286 1449 1329 et
1478 1278 1822 1346 multiplicem
1853 1321 1867 1339 .
1908 1296 2027 1349 qua:
2066 1281 2192 1333 huic

2316 1276 2390 1346 ςῆς
2422 1278 2811 1347 ἐπιφερομένης
2840 1276 2985 1353 αὐτῷ
3020 1277 3205 1344 σοφίας
3252 1276 3573 1346 καλούμενον
3604 1277 3837 1346 κόσμον,

648 1365 876 1427 insidet,
905 1366 1179 1434 sapientize
1223 1366 1367 1430 vim,
1414 1369 1647 1423 mundus
1682 1379 1939 1433 vocatur,
1975 1372 2043 1425 ab
2084 1380 2216 1425 ato-'

2316 1364 2397 1416 mb
2416 1364 2523 1415 τῶν
2555 1366 2650 1417 σὺν
2680 1356 2857 1416 οὐδενὶι
2882 1364 3068 1434 κόσμῳ
3095 1365 3401 1435 φερομένων
3432 1364 3641 1434 ἀτόμων
3667 1382 3839 1419 κεκο-

647 1458 751 1509 mis
776 1472 895 1522 qua:
918 1457 1065 1511 nullo
1099 1457 1259 1527 775
1297 1457 1541 1512 ferantur
1566 1460 1788 1525 ordine,
1818 1462 2063 1517 ordinem
2108 1472 2194 1516 at-

2316 1456 2550 1524 ιμῆσθαι,
2591 1455 2682 1507 καὶ
2719 1456 2991 1521 γεγονέναι
3020 1454 3217 1524 κόσμον
3265 1455 3553 1523 ἀκοσμίαν;
3602 1456 3732 1519 Πῶς
3786 1454 3842 1509 ἃ

648 1562 752 1613 que
775 1555 1019 1598 ornatum
1048 1562 1260 1601 omnem
1287 1549 1558 1617 accepisse
1580 1591 1594 1613 ,
1653 1565 1715 1603 ac
1744 1551 2193 1619 perturbationem

653 1635 821 1699 ipsam
847 1636 897 1687 in
934 1634 1190 1689 mundum
1220 1651 1340 1690 esse
1366 1638 1667 1690 mutatam?
1706 1636 1840 1702 Quis
1885 1648 2053 1693 statos
2079 1640 2197 1693 illos

653 1734 830 1777 motus
857 1734 1018 1794 atque
1046 1726 1431 1779 conversiones
1456 1767 1470 1786 .
1506 1743 1571 1780 ex
1612 1729 1935 1782 inconstanti
1967 1730 2196 1798 quodam

653 1817 850 1884 impetu
896 1817 1206 1885 prolicisci?
1254 1816 1386 1883 Quis
1434 1818 1736 1873 absolutam
1792 1835 1970 1873 rerum
2012 1821 2201 1875 caeles-

655 1906 785 1958 tium
811 1890 1183 1973 harmoniam,
1207 1922 1272 1961 ex
1306 1908 1592 1963 inconditis
1631 1919 1683 1961 et
1714 1910 2055 1963 ineoncinnis
2092 1910 2199 1962 ins-

654 1996 939 2050 trumentis
969 1997 1299 2066 temperari?
1350 1998 1632 2063 Quomodo
1674 2010 1850 2054 autem
1874 2040 1889 2063 ,
1941 2016 2044 2054 una
2079 2016 2201 2054 cum

654 2089 896 2141 omnium
920 2090 1154 2142 essentia
1178 2090 1247 2144 sit
1270 2091 1802 2159 incorruptibilisque
1824 2101 2037 2154 natura,
2067 2093 2202 2156 solo,

2297 1547 2532 1615 κινήσεις
2553 1546 2645 1597 καὶ
2668 1546 2815 1607 ὁδοὺς
2847 1546 3136 1607 εὐτάκτους
3184 1545 3243 1610 ἐξ
3289 1546 3519 1599 ἀτάκτου
3570 1546 3843 1615 προσάγε-

2298 1635 2418 1687 σθαι
2451 1635 2655 1704 φορᾶςς
2697 1634 2817 1697 Πῶς
2842 1634 2896 1686 δὲ
2919 1636 3015 1704 τὴν
3046 1635 3400 1704 παναρμόνιον
3424 1634 3529 1687 τῶν
3574 1637 3845 1706 οὐρανίων

2298 1727 2510 1795 χορείαν
2539 1725 2597 1787 ἐξ
2624 1724 2871 1793 ἀμούσων
2893 1726 2983 1777 καί
3011 1727 3359 1796 ἀναρμόστων
3401 1728 3645 1797 συνᾴδειν
3677 1729 3846 1796 ὀργά-

2300 1835 2436 1872 νων;
2467 1817 2594 1867 Τίνα
2625 1817 2919 1886 δὲτρόπον,
2971 1818 3095 1885 μιᾶς
3146 1816 3309 1887 οὔσης
3370 1818 3460 1869 καὶ
3522 1819 3620 1886 τῆς
3676 1819 3846 1887 ubi;

2303 1906 2523 1958 ἀπασῶν
2554 1907 2757 1971 οὐσίας,
2814 1907 2904 1958 καὶ
2950 1907 3045 1977 τῆς
3072 1906 3238 1975 αὐτῆς
3292 1906 3567 1977 ἀφθάρτου
3608 1908 3845 1973 φύσεως,

2305 1998 2437 2066 πλὴν
2470 1998 2574 2049 τῶν
2606 1996 2869 2067 μεγέθων,
2902 1996 2975 2059 ὦς
3004 2008 3155 2065 φασι,
3184 2000 3272 2048 καὶ
3301 1998 3408 2048 τῶν
3436 1997 3747 2067 σχημάτων,
3782 1996 3849 2048 τά

2309 2090 2403 2158 μέν
2435 2091 2547 2139 ὲστι
2583 2088 2720 2147 θεῖα,
2763 2088 2850 2138 καὶ
2901 2087 3145 2156 ἀκήρατα
3166 2126 3180 2147 ,
3228 2087 3321 2138 καὶ
3342 2087 3547 2147 αἰώνια,
3590 2087 3665 2148 ὡς
3700 2087 3851 2137 αὐτοὶ

659 2190 717 2233 ut
746 2180 937 2241 aiunt,
978 2180 1403 2248 magnitudinum
1448 2181 1845 2250 ﬁgurarumque
1892 2183 2200 2236 discrimine

2316 2181 2526 2247 ρήσαιεν
2552 2176 2636 2239 ἂν,
2679 2175 2917 2245 σώματα,
2953 2178 2985 2245 ἢ
3024 2177 3339 2246 μακραίωνά
3369 2193 3431 2243 γε
3464 2176 3601 2229 κατά
3635 2177 3726 2228 τὸν
3761 2176 3851 2227 οὓς

656 2284 943 2337 corporum
973 2278 1184 2337 tamen,
1238 2272 1343 2325 alia
1390 2273 1671 2340 qumdant,
1727 2282 1783 2326 ut
1836 2274 1935 2343 ipsi
1978 2285 2202 2338 vocant,

657 2360 835 2413 divina
892 2371 1050 2427 sunt,
1088 2362 1212 2416 latis
1244 2364 1523 2432 superiora
1550 2405 1565 2428 ,
1615 2374 1668 2417 et
1702 2366 2025 2432 sempiterna
2055 2405 2069 2429 ,
2127 2367 2204 2418 vel

659 2452 755 2506 aevi
786 2453 973 2507 saltem
994 2494 1011 2518 ,
1041 2464 1099 2508 ut
1123 2470 1392 2509 nonnemo
1427 2456 1571 2525 loqui
1622 2456 1804 2508 maluit
1835 2497 1850 2518 ,
1902 2456 2159 2526 longioris
2191 2476 2202 2509 :

659 2559 830 2612 eaque
863 2547 1056 2612 partim
1128 2548 1245 2599 visu
1315 2546 1717 2615 percipiuntur,
1773 2555 1831 2598 ut
1888 2547 1997 2608 sol,
2048 2547 2206 2609 luna.

664 2636 859 2700 stellae,
894 2645 1033 2689 terra
1068 2645 1121 2691 et
1157 2652 1292 2706 aqua
1326 2654 1341 2701 ;
1395 2638 1586 2705 partim
1622 2652 1839 2690 sensum
1886 2637 2125 2707 fugiunt,
2154 2624 2229 2691 ut.

662 2727 775 2793 dii,
828 2728 1098 2783 daemones
1137 2738 1191 2783 et
1219 2729 1426 2782 animi?
1471 2727 1592 2782 Haze
1626 2731 1767 2782 enim
1797 2744 1946 2795 esse,
1996 2738 2053 2782 ut
2095 2745 2209 2781 ma-

666 2821 805 2874 xime
843 2821 1040 2884 velint,
1097 2836 1291 2892 negare
1340 2836 1446 2875 non
1485 2830 1730 2889 possunt.
1770 2820 1885 2873 Alia
1945 2820 2208 2874 diuturna:

665 2911 953 2966 admodum
992 2912 1144 2979 vitae,
1171 2913 1284 2967 sive
1326 2912 1678 2971 animantium
1707 2952 1720 2975 ,
1764 2912 1875 2965 sive
1906 2912 2209 2980 plantarum

664 3017 730 3057 ex
759 3018 979 3073 genere;
1012 3004 1367 3059 animantium
1389 3043 1404 3067 ,
1438 3014 1497 3059 ut
1538 3020 1664 3059 aves
1722 3006 1883 3068 inter,
1919 3002 2062 3072 quod
2110 3002 2211 3070 ipsi

666 3093 949 3157 dictitant,
980 3094 1204 3163 aquilae,
1236 3094 1382 3149 corvi
1440 3103 1600 3165 atque
1644 3095 1914 3163 phmnices
1972 3112 1984 3145 :
2029 3108 2061 3145 e
2106 3101 2214 3144 ter-

671 3186 959 3249 restribus,
984 3186 1164 3249 cervi,
1201 3186 1511 3256 elephantes
1562 3202 1626 3241 ac
1675 3186 1969 3248 dracones;
1997 3198 2027 3237 e
2053 3184 2215 3252 pisci-

672 3274 803 3339 bus,
835 3289 957 3343 qua:
988 3284 1105 3329 cete
1132 3275 1387 3329 dicuntur
1430 3293 1441 3328 :
1476 3276 1781 3343 plantarum
1810 3289 1958 3338 vero,
1989 3282 2049 3328 ut
2102 3273 2215 3343 pal-

671 3376 806 3426 mas,
839 3378 1073 3430 quercus
1109 3372 1164 3418 et
1211 3379 1432 3434 persae.
1460 3363 1701 3429 Quarum
1746 3364 1905 3418 etiam
1948 3364 2216 3419 nonnulla

2304 2284 2407 2328 τως
2440 2267 2795 2335 ὀνομάσαντα,
2826 2265 3121 2334 φαινόμενά
3156 2282 3214 2317 τε
3250 2266 3341 2318 καὶ
3394 2266 3607 2333 άφανῆο
3663 2265 3851 2333 φαινό-

2309 2374 2442 2427 μενα
2498 2358 2613 2426 μὲν,
2670 2357 2838 2426 ἥλιος,
2868 2357 2959 2407 καὶ
2992 2354 3205 2425 σελήνη,
3264 2356 3355 2407 καὶ
3391 2354 3631 2424 ἀστέρες,
3666 2353 3741 2421 γῆ
3769 2370 3850 2416 τε,

2308 2451 2398 2499 καὶ
2421 2447 2590 2519 ὕδωρ·
2616 2447 2797 2516 ἀφανῆ
2829 2447 2884 2498 δὲ
2912 2445 3019 2498 θεοί
3046 2463 3104 2499 τε
3138 2446 3229 2498 ml.
3248 2445 3515 2515 δαίμονες,
3543 2447 3634 2497 καὶ
3661 2444 3851 2514 ψυχαίς

2309 2540 2488 2592 Ταῦτα
2517 2541 2622 2610 γὰρ
2655 2538 2770 2591 οὐδὲ
2804 2537 3044 2599 θέλοντες
3084 2538 3343 2608 ὑπάρχειν
3386 2534 3722 2607 ἀρνήσασθαι
3764 2535 3855 2587 δύ-

2310 2648 2510 2683 νανται.
2539 2629 2617 2681 Τά
2644 2629 2699 2681 δι
2730 2627 3139 2699 μακροϐιώτατα
3172 2628 3283 2692 ζῶἀ
3311 2645 3369 2681 τε
3399 2628 3490 2680 καὶ
3514 2626 3683 2695 φυτά·
3738 2626 3854 2690 ζῶα

2314 2718 2407 2784 μὲν
2437 2715 2492 2767 ἐν
2526 2732 2581 2766 τε
2615 2714 2836 2783 ὄρνισιν,
2878 2715 2949 2777 ὧς
2978 2732 3158 2783 φασιν,
3187 2716 3353 2779 ἀετοὶ,
3396 2714 3625 2785 κόρακές
3652 2731 3713 2767 τε
3763 2716 3856 2767 καὶ

2312 2806 2543 2873 φοίνικες
2562 2823 2573 2833 ·
2610 2804 2663 2857 ἓν
2693 2822 2749 2856 τε
2780 2807 3048 2874 χερσαίαις
3076 2806 3259 2873 ὲλαφοί
3283 2823 3360 2867 τε,
3418 2807 3508 2857 καὶ
3545 2804 3853 2873 ὲλεφάντες,

2311 2896 2403 2946 καὶ
2425 2894 2709 2964 δράκοντες
2730 2911 2744 2924 ⁸
2776 2898 2832 2948 ὲν
2864 2896 2918 2947 δὲ
2944 2900 3053 2959 τοῖς
3084 2896 3320 2965 ὲνύδροις
3343 2894 3411 2946 τὰ
3448 2896 3607 2965 κήτη.
3650 2894 3857 2963 Δένδρα

2310 2987 2365 3038 δὲ
2389 2986 2641 3054 φοίνικες,
2673 2987 2764 3038 καὶ
2790 2986 2965 3055 δρύες,
2992 2988 3083 3038 καὶ
3114 2986 3335 3057 περσέαι
3353 3001 3366 3013 ·
3398 2984 3491 3037 καὶ
3516 2986 3621 3037 τῶν
3648 3002 3713 3053 γε
3736 2986 3854 3037 δέν-

2310 3076 2448 3147 δρων
2472 3076 2538 3127 τὰ
2569 3076 2663 3145 μέν
2698 3078 2841 3128 ἐστιν
2865 3076 3103 3146 ἀειθαλῆ,
3126 3075 3161 3128 a
3194 3075 3286 3127 καὶ
3309 3073 3723 3145 καταριθμήσας
3774 3092 3860 3136 τις

2312 3164 2462 3220 εἶπεν
2489 3163 2623 3219 εἶναι
2641 3166 3096 3237 τεσσαρακαίδεκα
3112 3182 3125 3194 ·
3144 3165 3211 3217 τὰ
3236 3165 3290 3216 δὲ
3308 3166 3443 3236 πρὸς
3470 3165 3653 3236 καιρὸν
3684 3166 3858 3229 ἀνθεῖ,

2314 3258 2405 3308 καὶ
2441 3257 2779 3327 φυλλορροεῖο
2818 3258 2886 3309 τά
2910 3257 2965 3309 δὲ
2998 3256 3217 3309 πλεῖστα
3240 3254 3347 3307 τῶν
3368 3273 3429 3308 τε
3456 3258 3736 3326 φυομένων
3767 3259 3861 3310 καὶ

2312 3350 2657 3419 γεννωμένων
2675 3350 2817 3402 ἐστὶν
2836 3348 3094 3419 ὠκύμορα
3108 3345 3202 3400 καὶ
3216 3346 3535 3418 βραχυτελῆ,
3547 3342 3619 3401 ὧν
3634 3350 3749 3401 ἐστι
3766 3350 3860 3401 καὶ

672 3462 983 3523 perpetuam
1041 3453 1271 3509 retinent
1316 3454 1635 3509 viriditatem
1660 3496 1677 3522 ,
1726 3455 2029 3525 cujusmodi
2082 3470 2216 3524 qua-

2316 3444 2343 3493 ὁ
2375 3441 2676 3510 ἄνθρωπος,
2702 3439 2775 3503 ὡς
2823 3434 2941 3491 εἶπέ
2972 3456 3057 3501 τις
3087 3437 3214 3505 ἀγία
3267 3439 3394 3509 rapi.
3445 3438 3609 3495 αὐτοῦ
3640 3442 3857 3509 γραφή·

674 3543 974 3612 tuordqeim
1003 3559 1035 3598 a
1061 3545 1317 3615 quopiam
1354 3557 1706 3599 numerantur
1737 3564 1751 3598 :
1787 3546 1903 3600 alia:
1944 3554 2094 3600 certo
2120 3544 2216 3599 ﬂo-

2325 3550 2343 3582 ι
2368 3532 2560 3602 Boote;
2581 3532 2637 3583 δὲ
2664 3531 2915 3601 γεννητὸς
2927 3529 3197 3597 γυναικὸς,
3224 3528 3504 3597 όλιγόὀιος.
3518 3549 3537 3580 ι
3558 3531 3716 3584 Ἀλλά
3737 3534 3863 3596 τοὺς

676 3645 794 3693 rent
815 3646 1071 3707 tempore,
1088 3646 1235 3693 certo
1256 3654 1471 3708 quoque
1493 3636 1771 3693 frondibus
1793 3648 2083 3692 exuuntur.
2102 3637 2216 3691 Alia

2322 3621 2639 3691 συνδέσμους
2671 3622 2891 3691 φήσουσι
2928 3619 3035 3672 τῶν
3066 3620 3277 3690 ἀτόμων
3308 3621 3708 3684 διαλλάττοντας
3727 3661 3743 3685 ,
3780 3626 3864 3673 αἱ·

675 3729 939 3799 denique,
967 3744 1031 3785 ac
1079 3731 1249 3784 multo
1280 3745 1413 3784 sane
1464 3731 1697 3799 plurima
1719 3769 1735 3796 ,
1769 3730 1882 3784 sive
1927 3738 2221 3784 nascantur

676 3828 911 3883 eterra,
944 3820 1056 3873 sive
1081 3820 1399 3889 gignantur,
1453 3820 1806 3888 iniquissimis
1850 3819 1946 3897 fati
1996 3820 2224 3889 vitaque

680 3909 1007 3963 brevissima:
1028 3910 1309 3979 angustiis.
1334 3911 1683 3964 includuntur
1716 3932 1725 3963 :
1755 3926 1785 3964 e
1823 3912 2022 3979 quibus
2059 3911 2221 3965 homo

678 4008 839 4060 etiam
868 4005 980 4074 ipse
998 4016 1111 4069 est,
1146 4015 1205 4059 ut
1259 4006 1455 4060 alicubi
1502 4007 1680 4060 divina
1712 4007 1777 4060 de
1816 4007 1904 4060 illo
1949 4005 2222 4075 Scriptura

683 4097 959 4166 loquitur,
1006 4096 1133 4149 dum
1190 4095 1303 4160 ait,
1342 4114 1359 4144 ι
1411 4095 1648 4149 Mortalis
1698 4105 1909 4161 autem,
1944 4105 2105 4151 natus
2140 4099 2225 4150 'de

687 4188 939 4250 muliere,
976 4187 1122 4241 brevi
1151 4189 1334 4241 vivens
1366 4198 1603 4256 tempore
1642 4189 1681 4241 ¹.
1727 4207 1744 4238 ι
1785 4187 2064 4255 Diversus,
2110 4190 2225 4257 Opi-

688 4292 784 4331 nor
803 4314 819 4340 ,
849 4286 1150 4331 atomorum
1178 4292 1379 4342 nexus,
1408 4286 1567 4331 tanta:
1594 4277 1755 4347 hujus
1788 4278 1840 4331 in
1892 4279 2225 4347 persistendo

684 4367 994 4421 diﬂ‘erentiae
1044 4384 1238 4423 causas
1285 4384 1408 4423 esse
1454 4371 1872 4438 respondebunt.
1908 4371 2027 4423 Alia
2080 4371 2223 4424 enim

689 4451 964 4516 videlicet,
1022 4453 1261 4521 pressius
1310 4454 1379 4507 ab
1434 4454 1499 4507 iis
1549 4454 1855 4522 arctiusque
1902 4454 2222 4522 constringi,

686 4556 805 4611 qua
842 4539 1067 4609 proinde
1093 4541 1169 4594 uti
1190 4542 1461 4607 densiora,
1485 4542 1563 4596 sic
1594 4542 1660 4598 ad
1678 4542 2079 4596 dissolvendum
2108 4543 2228 4594 lon-

689 4650 749 4703 ge
774 4632 1078 4688 diﬂieillima
1118 4632 1226 4686 sint
1254 4650 1269 4687 :
1296 4634 1399 4688 alia
1427 4649 1586 4699 vero,
1635 4634 1777 4702 quod
1815 4633 2003 4686 laxiori
2030 4647 2091 4685 ac
2135 4648 2227 4685 so-

687 4723 865 4777 lutiori
890 4732 1191 4776 atomorum
1224 4723 1583 4792 colligatione
1610 4723 1854 4777 devincta
1895 4722 2033 4783 sint,
2068 4729 2228 4789 atque

2318 3710 2463 3774 τίσυς
2486 3710 2723 3777 γίνεσθαι
2744 3710 2842 3780 τῆς
2869 3713 2993 3779 περὶ
3021 3712 3115 3782 τήν
3135 3711 3386 3782 διαμονὴν
3410 3711 3699 3780 διαφθορᾶς
3726 3713 3863 3781 (26).

2320 3802 2401 3855 Τά
2432 3802 2527 3873 μὲν
2557 3800 2662 3873 γὰρ
2688 3803 2775 3853 ὑπ’
2804 3802 2979 3855 αὐτῶν
3007 3802 3387 3855 πεπυκνῶσθαι
3428 3804 3537 3880 καὶ.
3564 3805 3863 3870 κατεσφίγ-

2322 3893 2443 3963 χθαι
2466 3892 2699 3960 λέγεται,
2729 3893 2803 3956 ὡς
2832 3884 2998 3947 ταῦτα
3028 3894 3299 3956 παντελῶς
3340 3891 3749 3945 δυσαπάλλακτα
3773 3908 3867 3959 γε-

2323 3984 2528 4050 γονέναι
2563 3985 2839 4056 πιλήματα
2863 4002 2879 4018 ο
2914 3986 2980 4037 τά
3032 3986 3088 4037 δὲ
3130 3985 3441 4056 μανωτέραν
3488 3984 3579 4037 καὶ
3615 3982 3868 4053 χαλῶσαν

2324 4077 2418 4145 τὴν
2449 4076 2735 4144 συνάφειαν
2761 4077 2867 4129 τῶν
2891 4077 3104 4144 ἀτόμων
3130 4077 3215 4126 ἐπ’
3234 4074 3446 4126 ἔλαττον
3465 4074 3497 4144 ἢ
3516 4074 3669 4127 πλέον
3698 4076 3868 4143 ἐσχη-

2326 4170 2493 4231 κέναι,
2520 4169 2593 4231 ὼς
2624 4169 2656 4238 ἦ
2693 4168 2877 4221 θᾶττον
2905 4169 2937 4237 ἢ
2972 4167 3104 4236 μετά
3129 4166 3261 4217 πολὺ
3294 4168 3389 4236 τῆς
3414 4168 3729 4237 κοσμήσεως
3765 4167 3866 4219 αὑ-

2323 4260 2428 4312 τῶν
2456 4260 2797 4327 ἀφίστασθαι.
2823 4261 2927 4311 Ka‘t
2956 4257 3021 4309 τά
3052 4258 3147 4327 μὲν
3170 4258 3233 4309 ὲκ
3264 4256 3481 4309 τοιῶνδε
3510 4251 3715 4311 καὶίἷιδὲ
3748 4272 3867 4317 πως

2324 4353 2453 4421 ὲσχη
2464 4351 2821 4421 ματισμένων,
2845 4348 2913 4400 τὰ
2932 4349 2989 4401 δὲ
3022 4347 3078 4413 ἐξ
3102 4347 3299 4417 ἐτέρων
3321 4350 3567 4419 ἑτεροιως
3592 4348 3867 4416 διακειμέ-

2323 4462 2427 4495 νων
2452 4442 2836 4513 συμμεμίχθαι.
2868 4441 2962 4502 Τίς
2988 4434 3076 4492 οὖν
3106 4441 3151 4492 ὁ·
3170 4440 3489 4511 φιλοκρίνων
3534 4440 3639 4509 (27)
3659 4478 3673 4500 ,
3740 4457 3867 4491 συν-

2326 4531 2554 4601 αγείρων
2579 4548 2657 4593 τε,
2686 4532 2775 4581 καὶ
2792 4528 3049 4597 άναχὲων,
3066 4530 3156 4581 καὶ
3178 4530 3334 4584 τάσδε
3364 4532 3459 4600 μὲν
3477 4531 3611 4583 οὕτω
3642 4530 3866 4580 συντάτ-

2326 4637 2429 4669 των
2459 4622 2535 4679 εἰς
2571 4618 2738 4686 ἥλιον,
2758 4616 2852 4677 τὰς
2880 4616 2935 4667 δὲ
2966 4615 3060 4667 ὡδὶ
3081 4655 3097 4678 ,
3117 4617 3200 4667 ἵνα
3231 4619 3263 4685 ή
3289 4616 3478 4688 σελήνη
3499 4615 3730 4681 γένηται,
3774 4614 3867 4665 καὶ

2327 4708 2526 4758 ’ἑκαστα
2554 4706 2838 4774 συμφέρων
2868 4705 3005 4757 κατὰ
3027 4704 3121 4774 τὴν
3147 4705 3448 4774 οἰκειότητα
3474 4703 3602 4769 πρὸς
3632 4700 3865 4751 ἑκάστου

690 4815 742 4869 id
772 4816 932 4869 etiam
959 4830 1081 4869 eum
1108 4814 1288 4883 aliquo
1314 4789 1619 4868 discrimine
1637 4858 1651 4881 ,
1683 4814 1909 4870 celerius
1942 4822 2216 4882 propterea

2329 4797 2483 4864 φύσιν
2511 4794 2730 4862 ἀστέρος
2752 4810 2765 4857 ;
2791 4793 2909 4847 οὗτε
2934 4794 3037 4865 γάρ
3066 4798 3118 4847 αἱ
3148 4794 3365 4864 ἡλιακαὶ
3400 4793 3491 4845 καὶ
3516 4789 3736 4851 τοσαίδε,
3774 4790 3864 4841 καὶ

690 4909 772 4962 vel
800 4909 1005 4963 tardius
1026 4910 1095 4962 ab
1111 4921 1298 4963 earum
1325 4916 1518 4961 ornatu
1537 4908 1924 4977 complexuque
1938 4905 2220 4960 removeri.

690 5000 967 5054 Postremo
1000 5016 1065 5054 ex
1096 5000 1255 5054 certis
1287 4997 1607 5065 quibusdam
1641 5000 1765 5062 alia,
1798 5009 2051 5069 certoque
2067 4998 2225 5051 modo

693 5092 965 5160 ﬁguratis,
998 5092 1101 5145 alia
1134 5107 1200 5145 ex
1233 5091 1355 5144 aliis
1388 5104 1451 5142 ac
1476 5103 1595 5143 sese
1617 5090 1771 5143 aliter
1796 5089 2116 5144 habentibus
2150 5104 2230 5142 es-

693 5198 753 5238 se
778 5185 1083 5239 commista.
1118 5182 1219 5237 Sed
1239 5225 1252 5247 ,
1280 5184 1402 5251 quis
1428 5182 1514 5236 ille
1539 5195 1698 5249 porro
1718 5180 2049 5236 diversarum
2074 5178 2230 5249 quasi

695 5274 928 5329 tribuum
954 5275 1116 5343 iudex
1136 5316 1151 5340 ,
1182 5275 1315 5329 alias
1338 5274 1515 5345 cogit,
1542 5271 1761 5340 dissipat
1786 5272 1955 5327 alias?
1979 5272 2101 5342 quis
2133 5284 2225 5325 eas

694 5368 776 5422 sic
804 5365 942 5419 inter
966 5380 1024 5417 se
1074 5366 1393 5429 committit,
1436 5376 1493 5417 ut
1544 5362 1665 5417 inde
1706 5362 1866 5415 modo
1911 5364 2020 5425 sol,
2070 5359 2228 5413 modo

698 5454 822 5505 luna
848 5449 1237 5519 oriatur?quis
1286 5452 1518 5519 denique
1573 5447 1903 5516 singularum
1954 5447 2229 5502 stellarum

698 5542 903 5598 naturis
918 5579 934 5606 ,
954 5554 1083 5611 qua:
1096 5540 1397 5612 quibusque
1422 5539 1637 5612 propria
1663 5547 1789 5593 sunt
1809 5538 2093 5609 nativaque
2110 5549 2233 5591 eon-

773 5647 789 5678 '
812 5645 913 5703 Job
935 5662 1047 5712 ιη,
1076 5646 1127 5701 l.

921 5762 987 5815 Ἡ
1018 5761 1124 5818 τὸν
1143 5759 1347 5833 μέγαν.
1379 5758 1497 5815 Hree
1535 5774 1654 5816 cum
1698 5756 2063 5827 superioribus
2102 5770 2230 5812 con-

704 5840 809 5891 test
880 5832 1055 5887 ebent.

760 5845 809 5884 ιι
843 5845 1055 5885 αευυιιι.

2327 4886 2540 4946 τοιαίδε,
2576 4885 2667 4936 καὶ
2696 4878 2796 4937 ὧδέ
2829 4903 2942 4948 πως
2975 4885 3272 4948 ὲνωθεῖσαι,
3302 4882 3436 4952 πρὸς
3481 4880 3734 4949 ἐργασίαν
3782 4896 3865 4931 σεο

2327 4983 2490 5050 λήνης
2513 4980 2575 5033 ἂν
2602 4978 3055 5047 καταϐεὸήκεσαν,
3089 4976 3196 5028 οὔτ’
3243 4976 3307 5028 ἂν
3350 4976 3403 5026 αἱ
3455 4974 3561 5026 τῶν
3616 4973 3863 5043 σεληνια-

2329 5072 2437 5124 κῶν
2466 5070 2678 5139 ἀτόμων
2709 5071 2999 5124 πλεκτάναι
3032 5068 3320 5137 γεγόνεσάν
3359 5081 3485 5117 ποτε
3531 5065 3705 5134 ἥλιος·
3752 5064 3861 5117 ἀλλ’

2328 5163 2443 5216 οὐδὲ
2485 5162 2815 5233 Ἀρκτοῦρος,
2844 5164 2891 5213 εί
2925 5163 3017 5213 καὶ
3052 5157 3298 5228 λαμπρός
3327 5157 3460 5218 ἐστι,
3516 5155 3609 5217 τὰς
3655 5154 3859 5223 ἑωσφό-

2333 5271 2423 5323 ρου
2479 5252 2997 5323 μεγαλοφρονήσαιτό
3036 5264 3161 5301 ποτε
3185 5247 3249 5299 ἂν
3283 5246 3512 5315 ἀτόμους
3539 5246 3700 5316 ἔχειν,
3746 5244 3862 5297 οὐδὲ

2332 5347 2425 5408 τὰς
2468 5347 2712 5416 Ὠρίωνος
2737 5346 2791 5397 αἱ
2824 5342 3092 5402 Πλειάδες.
3120 5340 3309 5401 Καλῶς
3333 5339 3438 5410 γὰρ
3468 5342 3495 5392 ὁ
3545 5337 3752 5399 Παῦλος
3780 5338 3856 5388 δι-

2336 5442 2584 5505 έστειλεν,
2608 5439 2804 5491 εἰπών·
2842 5456 2860 5489 t
2900 5432 3061 5502 Ἄλλη
3094 5430 3218 5496 δόξα
3252 5431 3420 5501 ἡλίου,
3462 5430 3556 5483 καὶ
3586 5428 3715 5495 άλλη
3746 5425 3862 5491 δόξα

2339 5532 2582 5603 σελήνης,
2609 5532 2699 5583 καὶ
2716 5527 2848 5607 άλλη
2876 5523 3003 5589 δόξα
3025 5522 3282 5593 ἀστέρων.
3313 5523 3529 5593 "As-tim
3579 5520 3686 5591 γὰρ
3713 5516 3865 5573 ἀπὶ·

2404 5750 2513 5817 (‘26)
2552 5747 2709 5817 forte
2744 5743 3015 5817 διαφοράς.

2407 5813 2515 5889 (27)
2554 5815 2712 5872 Forte
2750 5813 3096 5883 φυλοκρίνων.
