4014 6340
136 406 273 457 19.77

1262 428 1571 486 ΡΒΑΞΡΑΒ.
1618 433 1855 490 EVANG.
1901 440 2025 494 LIB.
2064 442 2198 499 XIV.

3161 459 3291 512 1278

138 537 228 629 ρος
247 524 510 632 ,διεφέρει
562 533 617 583 ἐν
649 534 846 617 δόξῃ.»
896 542 1001 592 Καὶ
1045 545 1090 594 εί
1139 545 1232 613 μὲν
1282 548 1644 618 ἀνεπαίσθητα

1769 555 2127 613 tribuitiNec
2180 563 2321 617 enim
2381 564 2649 633 proiecto,
2699 574 2791 619 aut
2836 568 3039 623 solares
3086 570 3186 625 illa:
3218 582 3293 627 tot

135 612 313 707 αύτῶν
441 619 658 691 ἀψύχων
688 628 719 695 ἠ
753 614 1019 699 σύμπηξις
1048 609 1274 699 ἐγένετο,
1316 609 1667 707 ἐπιστήμονος

133 704 323 795 αὐταῖς
352 707 457 760 ἔδει
481 711 806 785 δημιουργοῦ
828 736 839 748 ·
868 721 915 771 εί
942 721 995 773 δὲ
1040 723 1389 795 ἀπροαίρετος
1422 704 1523 779 καῖ
1548 731 1665 781 κατ’

133 791 397 863 ἀνάγκην,
423 797 499 861 ὡς
527 801 762 870 ἀλόγων,
797 810 829 877 ἡ
877 791 1149 881 σύνερξιςὴ,
1186 791 1341 882 σοφός
1377 834 1460 879 τις
1502 819 1668 882 αὑτὰς

130 882 439 973 ἀγελάρχης
471 894 801 948 συνελαύνων
833 902 1221 971 ὲπεστάτησεν·
1254 907 1299 956 εἰ
1328 906 1383 957 δὲ
1412 908 1666 973 ἑκουσίως

129 972 514 1046 ὲθελουργῆσαι
540 985 975 1053 συγκέκλεινται,
1030 993 1321 1062 θαυμάτιός
1370 1014 1451 1059 τις
1491 972 1664 1050 αὐτῶν

126 1063 456 1134 ἀρχιτέκτων
485 1076 772 1144 ἐργοδοτῶν
798 1085 1138 1152 προηγήσατο
1162 1103 1175 1114 ο
1292 1089 1533 1160 καθάπερ
1580 1092 1662 1143 εύ-

125 1168 321 1213 τακτος
355 1166 647 1232 στρατηγὸς
668 1169 727 1219 οὐ
757 1186 1070 1242 συγκεχωρη
1080 1176 1240 1244 μένην
1266 1178 1373 1245 (28)
1399 1179 1543 1231 εἴασε
1568 1182 1663 1248 τὴν

130 1251 403 1342 στρατιὰν,
438 1258 527 1309 καὶ
555 1260 728 1313 πάντα
760 1264 972 1333 ἀναμὶξ,
1013 1267 1143 1318 ἀλλ’-
1170 1272 1225 1319 ἐν
1260 1271 1410 1340 μέρει
1439 1272 1535 1341 μὲν
1567 1274 1663 1342 τὴν

128 1338 313 1403 ἵππον,
350 1343 454 1414 ἰδίᾳ
475 1347 531 1399 δὲ
562 1351 683 1413 τοὺς
707 1353 951 1417 ὁπλίτας,
982 1356 1104 1418 τούς
1134 1375 1189 1409 τε
1207 1338 1515 1424 ἀκοντιστὰς
1543 1338 1660 1414 καθ’

124 1432 368 1497 ἑαυτοὺς,
402 1440 493 1490 καὶ
516 1443 681 1511 χωρὶς
705 1446 836 1514 τοὺς
856 1447 1087 1511 τοξότας,
1121 1453 1211 1502 καὶ
1240 1452 1361 1513 τοὺς
1394 1454 1660 1521 σφενδονί-

121 1538 242 1585 τας,
273 1524 397 1578 ἔνθα
422 1529 588 1599 ἐχρῆν
616 1532 907 1600 διετάξατο,
933 1538 1017 1590 ἵνα
1039 1539 1281 1609 ἀλλήλοις
1306 1544 1353 1594 οἱ
1378 1544 1659 1612 ὀμόσκευοι

124 1621 474 1705 συμμαχοῖεν.
495 1622 619 1675 Είδὲ
633 1624 787 1678 τούτο
810 1627 999 1698 χλεύην
1016 1631 1209 1683 οῐονται
1238 1632 1296 1684 τὸ
1320 1636 1659 1705 παράδειγμα

117 1700 209 1753 διὰ
223 1702 283 1755 τὸ
298 1708 542 1773 μεγάλων
559 1714 815 1782 σωμάτων
830 1733 895 1785 με
910 1716 1041 1786 πρὸς
1056 1718 1119 1770 τὰ
1132 1719 1384 1790 ἐλάχιστα
1399 1700 1659 1778 ποιεῖσθαι

123 1792 430 1864 σύγκρισιν,
461 1801 551 1871 ἐπὶ
572 1802 638 1878 τά
676 1806 1003 1876 σμικρότατα
1041 1811 1465 1882 μεταϐησόμεθα.
1492 1835 1509 1864 ι
1530 1813 1660 1868 Εἶτα

1766 658 1923 714 atque
1948 650 2109 714 tales,
2135 667 2307 721 eoque
2334 656 2632 723 conjuncta:
2655 658 2813 709 modo
2836 697 2851 719 ,
2897 660 2960 711 ad
3002 659 3143 713 lunas
3172 677 3295 729 pro-

1766 740 2087 795 creationem
2110 757 2521 809 concurrerent,
2556 757 2647 801 aut
2677 749 2940 803 lunarium
2994 763 3293 806 atomorum

1766 845 1937 882 nexus
1967 832 2131 885 solem
2158 850 2392 903 unquam
2424 836 2709 892 ellicerent.
2749 840 2908 909 776
2944 839 3017 893 Ita
3051 857 3149 895 nec
3192 842 3295 895 Ar-

1764 929 1951 973 cturus
1977 962 1991 984 ,
2018 924 2227 977 tametsi
2254 926 2601 991 pcrillustris,
2651 942 2717 979 ex
2744 942 2981 993 aurem,
3011 945 3108 984 nec
3137 931 3289 984 Orio—

1766 1009 1849 1062 nis
1878 1024 1944 1063 ex
1977 1014 2169 1065 atomis
2204 1014 2461 1069 conﬂata's
2515 1032 2572 1069 se
2612 1018 2853 1074 Pleiades
2898 1036 3133 1089 unquam
3180 1021 3294 1089 glo—

1766 1100 1988 1153 rientur.
2020 1099 2278 1156 Prmclare
2306 1106 2446 1157 enim
2477 1104 2673 1161 Paulus
2706 1110 2779 1163 ita
2806 1112 3066 1176 distinxit,
3095 1130 3115 1162 ι
3152 1113 3290 1174 Alia,

1763 1189 1969 1257 inquit,
2006 1191 2221 1245 claritas
2247 1195 2409 1258 solis,
2432 1203 2484 1248 et
2510 1197 2611 1249 alia
2642 1186 2859 1253 claritas
2895 1202 3064 1261 lunae,
3100 1209 3153 1254 et
3189 1201 3292 1254 alia

1759 1278 1975 1331 claritas
2008 1280 2322 1345 stellarum;
2381 1284 2531 1336 stella
2568 1286 2708 1337 enim
2742 1301 2773 1337 a
2807 1288 2955 1340 stella
3010 1287 3186 1341 diﬂ'ert
3237 1289 3293 1341 in

1761 1368 1930 1432 gloria
1963 1368 2000 1418 '-.
2042 1388 2059 1418 ι
2099 1368 2372 1434 Profecto,
2398 1372 2441 1425 si
2468 1388 2649 1427 earum
2675 1385 2929 1445 tanquam
2968 1378 3287 1431 inanimata-

1761 1474 1880 1510 rum
1913 1462 2301 1527 coagmentatio
2335 1479 2492 1517 sensu
2529 1466 2671 1517 omni
2702 1469 2909 1533 caruit,
2945 1468 3207 1522 industrio
3228 1482 3294 1523 ac

1760 1540 2159 1618 peritoartilice
2185 1568 2321 1622 opus
2377 1557 2605 1612 habuere
2638 1577 2650 1611 :
2683 1560 2727 1613 si
2778 1569 3031 1629 tanquam
3073 1559 3293 1615 rationis

1761 1640 2058 1708 expertium
2081 1682 2094 1705 ,
2136 1657 2301 1696 vacua
2324 1646 2531 1699 consilii
2555 1687 2569 1710 ,
2603 1648 2971 1702 necessitatem
3002 1658 3082 1703 est
3111 1658 3292 1704 secuta

1759 1727 2097 1795 conjuncuo,
2126 1731 2381 1798 sapientis
2408 1734 2628 1786 omnino
2665 1736 2895 1802 pastoris
2922 1750 3082 1788 manu
3111 1736 3289 1790 locum

1762 1817 1812 1868 in
1838 1832 2000 1870 unum
2018 1819 2261 1888 compelli
2287 1820 2515 1875 debuere
2542 1841 2555 1875 :
2584 1825 2627 1876 si
2653 1825 2879 1892 denique
2907 1833 3093 1893 suapte
3105 1835 3290 1891 sponte

120 1882 332 1981 τούτοις
483 1875 735 1961 ἐπιλέγει.
762 1916 778 1947 ι
799 1875 859 1949 ΕΞ
879 1898 933 1951 δὲ
952 1875 1081 1970 μήτε
1102 1875 1262 1967 λέξις,
1297 1875 1425 1974 μήτε
1444 1907 1644 1976 ἐκλογὴ.

1761 1908 2121 1960 voluntarium
2145 1911 2209 1962 ad
2231 1925 2365 1976 opus
2394 1926 2691 1968 convenere
2710 1954 2725 1977 ,
2767 1914 3094 1967 admirabilis
3134 1918 3290 1981 plane

121 1976 261 2043 μήτε
276 1979 425 2044 τάξις
438 1982 621 2044 αὑταῖς
636 1986 884 2056 ἄρχοντος
901 1992 1182 2054 ἐπικέοιτο,
1201 1994 1353 2045 αὑταὶ
1370 1996 1425 2047 δέ
1443 1998 1521 2062 ἐφ’
1538 1998 1630 2047 ἐαυ
1642 2026 1659 2035 ο

115 2066 228 2117 τῶν
246 2070 410 2133 αὑτάς
434 2073 495 2125 ἐκ
519 2076 614 2144 τῆς
629 2077 822 2146 πολλῆς
838 2082 972 2132 κατά
988 2082 1136 2150 ῥύσιν
1152 2083 1350 2153 τύρϐης
1366 2086 1658 2137 διευθύνου-

118 2174 231 2219 σαι,
265 2164 357 2214 καὶ
398 2164 485 2216 τὸν
542 2168 704 2221 πολὺν
754 2170 858 2221 τῶν
890 2172 1251 2239 συμπτώσεων
1300 2176 1657 2247 διεκπερῶσαι

117 2249 371 2321 κυδοιμὸν
398 2295 412 2316 ,
448 2258 500 2307 αἱ
535 2259 712 2327 ὅμοιαι
747 2262 878 2333 πρὸς
908 2263 1003 2326 τάς
1049 2266 1233 2334 ὁμοίας
1269 2268 1365 2335 οὐχ
1419 2268 1521 2319 ὑπὸ
1566 2268 1656 2319 τού

111 2340 273 2405 Θεοῦ,
304 2340 440 2399 κατά
468 2350 557 2402 τὸν
589 2353 830 2424 ποιητὴν,
862 2356 1091 2423 ἄγοιντο,
1122 2360 1456 2429 συντρέχοιεν
1476 2361 1531 2412 δὲ
1566 2363 1657 2412 καὶ

115 2442 573 2509 συναγελάζοιντο,
605 2451 955 2518 γνωρίζουσαι
976 2452 1072 2515 τὰς
1105 2459 1376 2521 συγγενεῖς
1400 2472 1413 2484 ·
1445 2454 1653 2524 θαυμα-

113 2532 213 2600 στή
245 2548 306 2599 γε
331 2533 438 2587 τῶν
470 2537 683 2607 ἀτόμων
711 2543 740 2610 ἡ
781 2541 1112 2612 δημοκρατία
1136 2585 1150 2609 ,
1199 2544 1546 2614 δεξιουμένων
1594 2565 1652 2599 τε

109 2622 342 2693 ἀλλήλας
367 2625 474 2678 τῶν
498 2628 663 2695 φίλων
696 2633 785 2683 καὶ
817 2635 1299 2703 περιπλεκομένων,
1335 2638 1412 2698 είς
1444 2639 1567 2706 μίαν
1592 2658 1651 2691 τε

110 2716 482 2783 κατασκηνοῦν
532 2721 798 2773 συνοικίαν
841 2725 1196 2793 ἐπειγομένων
1221 2744 1233 2755 ’
1278 2729 1502 2782 καὶτῶν
1553 2730 1648 2798 μὲν

105 2807 641 2877 ἀποτετορνευμένων
686 2814 997 2882 αὐτομάτως
1056 2818 1133 2878 εἰς
1192 2817 1336 2886 ἣλιον
1394 2822 1649 2891 φωστῆρα

108 2898 303 2966 μέγαν,
328 2900 412 2952 ἴνα
444 2903 703 2972 ποιήσωσι
730 2905 825 2976 τὴν
852 2906 1055 2976 ἡμέραν
1080 2924 1092 2935 ·
1126 2908 1231 2959 τῶν
1258 2909 1311 2961 δὲ
1343 2913 1419 2974 εἰς
1453 2912 1648 2975 πολλὰς

105 2987 238 3051 ἴσως
266 2992 567 3061 πυραμίδας
602 2982 840 3065 ἀστέρων
870 2998 1353 3068 ἀναπεφ).εγμένων
1373 3042 1386 3064 ,
1419 3004 1503 3054 ἵνα
1558 3006 1647 3056 καὶ

103 3080 227 3133 ὅλον
274 3083 655 3150 στεφανώσωσι
684 3087 775 3139 τὸν
802 3087 1051 3158 οὐρανόν*
1093 3090 1195 3141 τῶν
1241 3092 1328 3152 δὲ,
1367 3110 1645 3162 περιτετα-

99 3173 319 3240 γμένων
342 3174 425 3225 ἵνα
457 3176 615 3227 αὑτὸν
641 3179 758 3248 εἰκῇ
803 3178 1139 3250 περεὼσωσι
1161 3183 1250 3233 καὶ
1285 3183 1644 3251 καμαρώσωσι
1674 3215 1715 3271 C

96 3261 194 3314 τὸν
216 3262 406 3333 αἰθέρα
433 3266 510 3327 είς
529 3265 623 3336 τὴν
644 3267 749 3319 τῶν
782 3271 1073 3339 φωστήρων
1102 3269 1397 3341 ἐπιϐάθραν
1416 3314 1429 3336 ,
1465 3275 1611 3325 ἐπιλέ
1626 3304 1640 3314 -

98 3354 298 3419 ξωνταί
321 3373 379 3407 τε
408 3358 624 3420 ἑαυταῖς
655 3362 707 3411 αἱ
740 3361 1100 3428 συνομολογίαι
1137 3363 1242 3415 τῶν
1267 3366 1494 3432 χυδαίων
1517 3368 1639 3417 ἀτό-

100 3463 221 3515 μων
247 3447 429 3515 μονὰς,
465 3450 559 3502 καὶ
581 3450 1046 3521 διακληρώσωνται
1073 3454 1159 3505 τὸν
1195 3455 1414 3523 οὐρανὸν
1457 3459 1533 3518 είς
1566 3458 1639 3513 οῖ-

96 3553 230 3599 κους
260 3538 470 3601 ἑαυταῖς
496 3542 590 3594 καὶ
615 3542 903 3611 σταθμούς.
940 3562 956 3593 ι
978 3543 1107 3597 Εἶτα
1133 3546 1246 3613 μεθ’
1269 3547 1427 3616 ἐτερά
1457 3564 1634 3617 φησιν·

100 3646 121 3677 ι
168 3628 305 3680 Ἀλλ’
331 3630 449 3682 οὐδὲ
479 3632 546 3683 τά
576 3633 781 3701 φανερά
807 3634 997 3704 ὁρῶσιν
1024 3636 1173 3688 αὐτοὶ
1211 3639 1259 3688 οἱ
1299 3639 1635 3707 ἀπρονόητοι,

94 3716 294 3770 πολλοῦ
328 3735 391 3786 γε
417 3719 590 3771 δέουσι
634 3725 855 3792 συνορᾷν
901 3725 988 3775 καὶ
1040 3725 1107 3776 τὰ
1164 3728 1360 3798 ἀφανῆ.
1403 3728 1637 3779 Ἐοίκασι

95 3808 208 3879 γὰρ
236 3808 363 3879 μηδὲ
392 3810 650 3873 ἀνατολὰς
681 3812 999 3863 ὑποπτεύειν
1030 3816 1389 3883 τεταγμένας,
1423 3817 1513 3867 καὶ
1550 3816 1637 3867 δύ-

97 3917 234 3965 σεις,
295 3902 429 3971 μήτε
479 3900 586 3952 τῶν
631 3901 821 3963 ἄλλων,
863 3904 992 3971 μήτε
1046 3903 1140 3965 τὰς
1196 3906 1636 3973 ἐκπρεπεστάτας

93 3992 248 4061 ἡλίου
272 4009 284 4020 ·
331 3991 462 4062 μηδὲ
503 3992 730 4062 χρῆσθαι
778 3996 892 4055 ταῖς
922 3993 986 4044 δι’
1022 3993 1197 4044 αὐτῶν
1244 3995 1635 4065 δεδωρημέναις

90 4080 399 4151 ἀνθρώποις
414 4085 769 4155 ἐπικουρίαις,
795 4084 1128 4154 ἀναπτομένῃ
1158 4086 1252 4153 μὲν
1273 4088 1352 4147 εἰς
1376 4090 1632 4157 ἐργασίαν

90 4174 296 4244 ἡμέρᾳ,
347 4176 754 4249 ἐπηλυγαζούσῃ
811 4179 866 4230 δὲ
922 4178 1072 4230 νυκτὶ
1122 4178 1253 4246 πρὸς
1299 4180 1627 4234 ἀνάπαυλαν.

98 4283 118 4315 ι
170 4264 530 4329 Ἐξελεύσεται
566 4268 671 4337 γὰρ
700 4268 993 4337 ἄνθρωπος,
1047 4270 1222 4336 φησὶν,
1280 4269 1370 4320 ἐπὶ
1434 4270 1493 4320 τὸ
1545 4270 1633 4340 ἐρ-

88 4372 191 4423 γον
210 4355 390 4417 αὑτοῦ,
405 4357 496 4408 καὶ
515 4359 605 4409 ἐπὶ
627 4357 722 4427 τὴν
738 4361 988 4429 ἐργασίαν
1015 4358 1172 4411 αὑτοῦ
1217 4359 1318 4420 ἕως
1344 4360 1470 4411 ἐσπέ
1479 4377 1590 4429 ρας.
1609 4381 1624 4410 ι

102 4445 245 4498 Ἀλλ’
271 4446 387 4497 οὐδὲ
412 4446 509 4517 τὴν
537 4448 722 4517 ἑτέραν
746 4449 1121 4503 ἐπισκοποῦσιν
1143 4449 1499 4519 ἀνακύκλησιν
1530 4452 1627 4502 αύ-

1756 2000 2078 2055 arcltitectns
2104 2042 2119 2064 ,
2155 2017 2484 2072 operumque
2515 1998 2730 2072 praeses,
2771 2022 2926 2061 suum
2957 2008 3150 2075 cuique
3167 2023 3283 2059 mu-

1758 2104 1857 2140 nus
1884 2106 2217 2166 pensumque
2242 2094 2526 2164 descripsit
2559 2115 2571 2148 :
2606 2107 2697 2149 aut
2738 2099 3183 2166 quemadmodum
3210 2112 3291 2149 or-

1757 2161 1898 2230 dinis
1950 2194 2137 2235 amans
2165 2161 2483 2249 imperator,
2538 2199 2643 2237 non
2678 2161 3043 2253 perturbatum
3079 2186 3289 2254 reliquit

1756 2268 2084 2333 exercitum,
2138 2287 2242 2324 non
2279 2275 2587 2341 permisceri
2626 2278 2804 2329 omnia
2853 2291 3043 2344 passus
3091 2288 3201 2343 est,
3234 2288 3290 2332 at
3361 2322 3369 2327 .

1757 2361 1872 2412 loco
1900 2376 1998 2414 suo
2020 2352 2250 2431 e’quitem
2276 2403 2291 2427 ,
2317 2366 2654 2436 peditemque
2683 2384 2781 2422 suo
2805 2369 3101 2438 disposuit,
3139 2370 3288 2439 jacu-

1755 2450 1950 2505 latores
1979 2451 2103 2505 item
2132 2455 2379 2516 seorsim,
2401 2457 2733 2526 seorsimque
2759 2459 3092 2527 sagittarios,
3125 2469 3285 2530 atque

1755 2537 1840 2589 ubi
1870 2552 1966 2605 par
1992 2547 2107 2593 erat
2134 2538 2525 2598 fundibularios
2554 2545 2866 2611 collocavit,
2897 2554 2955 2599 ut
2979 2547 3171 2601 similis
3201 2564 3285 2601 ar-

1753 2637 1975 2683 maturae
2004 2630 2199 2685 milites
2228 2632 2389 2686 simul
2417 2634 2579 2688 etiam
2610 2650 2798 2691 omnes
2825 2638 3161 2693 dimicarent.
3181 2638 3284 2704 Qui

1750 2720 1792 2771 si
1822 2719 2105 2773 ridiculum
2136 2721 2236 2775 hoc
2262 2724 2488 2791 exempli
2525 2740 2693 2793 genus
2727 2741 2850 2780 esse
2880 2728 3089 2790 dicent,
3141 2731 3284 2795 quod

1750 2825 2064 2878 magnorum
2117 2826 2400 2880 corporum
2430 2830 2551 2869 cum
2605 2818 2839 2869 minimis
2891 2818 3283 2873 contentionem

1750 2901 2019 2956 instituam
2043 2942 2057 2965 ,
2090 2904 2154 2955 ad
2180 2905 2400 2957 minima
2429 2906 2719 2959 veniemus.
2751 2926 2767 2956 ι
2794 2905 2915 2960 Haec
2938 2908 3047 2961 ille.
3075 2906 3283 2972 Quibus

1748 2982 1935 3048 deinde
1960 3009 2080 3062 qua:
2134 3001 2431 3062 sequuntur
2462 2995 2700 3063 adjungil
2732 3016 2743 3048 ε
2792 3015 2809 3044 σ
2839 2997 2989 3060 Quod
3021 2999 3064 3048 si
3093 2996 3278 3061 ducis,

1748 3085 1956 3154 inquit,
1980 3100 2151 3154 neque
2176 3080 2369 3138 nomen
2390 3124 2405 3148 ,
2438 3100 2611 3154 neque
2634 3088 2869 3140 delectus
2891 3126 2904 3149 ,
2946 3103 3117 3155 neque
3162 3089 3273 3143 col-

1748 3174 1942 3229 locatio
1966 3174 2020 3229 in
2064 3178 2249 3230 earum
2300 3191 2418 3229 sese
2478 3177 2893 3231 moderationem
2935 3178 3192 3245 ingessit:
3225 3188 3280 3232 at

1750 3267 1989 3335 ipsazmet
2032 3275 2223 3336 suopte
2249 3268 2510 3331 arbitrio,
2546 3282 2612 3321 ex
2662 3269 2827 3322 multa
2878 3284 2995 3323 sese
3037 3271 3277 3324 continui

1741 3353 1918 3409 ﬂuxus
1973 3354 2129 3408 turba
2212 3357 2518 3423 colligentes
2556 3399 2572 3423 ,
2652 3369 2951 3428 magnoque
3008 3360 3276 3415 variarum

1739 3445 2177 3499 commissionum
2207 3449 2438 3502 tumultu
2463 3448 2757 3511 declinato,
2813 3449 3014 3503 similes
3040 3465 3161 3504 cum
3199 3450 3275 3504 si-

1738 3532 1956 3585 milibus
1980 3532 2054 3586 ita
2086 3535 2477 3601 convenerint,
2515 3546 2572 3590 ut
2602 3548 2778 3591 tamen
2810 3553 2917 3591 nou
2958 3537 3121 3592 divini
3161 3535 3277 3592 Nu—

1739 3623 1897 3675 minis
1932 3622 2151 3676 ductum
2174 3664 2189 3688 ,
2225 3626 2675 3693 quemadmodum
2702 3634 2854 3694 poeta
2888 3626 3067 3694 tingit,
3111 3640 3271 3681 secu-

1738 3721 1804 3771 ta:
1830 3715 1981 3779 sint;
2015 3712 2110 3767 sed
2160 3716 2371 3781 potius,
2406 3730 2527 3767 cum
2576 3722 2693 3768 sese
2738 3714 2917 3768 amnes
2963 3725 3150 3770 mutuo
3178 3732 3271 3792 co-

1736 3812 2013 3873 gnataque
2046 3813 2292 3869 nossent,
2327 3804 2380 3858 in
2408 3819 2571 3858 unum
2601 3806 2756 3873 quasi
2814 3821 3021 3875 gregem
3070 3806 3272 3860 conﬂu-

1738 3897 1909 3949 xerint
1944 3913 1958 3949 :
2001 3910 2081 3949 ηαξ
2112 3895 2445 3949 admirabilis
2470 3895 2583 3949 haac
2609 3907 2910 3949 atomorum
2944 3897 3268 3951 democratia

1733 3999 1847 4054 est;
1877 3989 1965 4042 ubi
1998 3989 2182 4042 amica:
2239 3991 2440 4043 amicas
2500 3990 2793 4057 excipiant,
2843 3997 2999 4056 atque
3036 3988 3267 4055 comple-

1734 4089 1971 4142 ctantur,
2009 4080 2185 4147 itaque
2216 4096 2380 4133 unum
2418 4081 2469 4133 in
2500 4080 2823 4155 domicilium
2846 4077 3123 4131 convolent
3143 4078 3266 4129 uni-

1734 4184 1917 4227 versae.
1952 4167 2087 4232 Tum
2110 4180 2268 4223 certa:
2293 4170 2531 4236 quaedam
2563 4170 2722 4232 ultro,
2742 4169 2792 4220 in
2810 4167 2995 4227 solem,
3012 4181 3265 4236 magnum

1734 4260 1861 4313 illud
1890 4260 2069 4325 sidus,
2100 4262 2331 4328 quodam
2366 4261 2519 4329 quasi
2565 4270 2721 4313 torno
2773 4259 3159 4325 rotundentur,
3206 4268 3266 4313 ut

1730 4347 1869 4399 diem
1892 4344 2121 4400 eﬂiciant
2167 4364 2180 4399 :
2233 4347 2385 4409 alias,
2425 4363 2531 4414 quo
2567 4348 2761 4401 etclam
2810 4348 3069 4417 integrum
3110 4363 3263 4403 coro-

1732 4444 1879 4499 neut,
1904 4436 1957 4488 in
1982 4437 2241 4504 plurimas
2268 4436 2511 4490 fortassis
2543 4438 2843 4491 ardentium
2868 4439 3137 4492 stellarum
3166 4455 3261 4507 py-

89 4536 190 4590 τοῦ
214 4578 230 4601 ,
264 4538 379 4589 καθ’
413 4538 477 4606 ἢν
508 4536 810 4607 ὡρισμένας
859 4541 1022 4609 ὥρας,
1069 4544 1160 4593 καὶ
1204 4542 1421 4612 καιροὺς
1450 4542 1627 4594 εὐκαί-

1746 4526 1960 4580 'amides
1993 4526 2286 4595 ﬁgurentur
2321 4543 2336 4580 :
2367 4527 2503 4589 alim,
2540 4528 2591 4581 in
2619 4528 2802 4582 orbem
2834 4528 3067 4597 digestae,
3097 4528 3259 4579 ﬁrmi-

89 4645 244 4699 ρους,
277 4630 367 4681 καὶ
398 4628 597 4698 τροπὰς
631 4631 1069 4699 ἀπαρατρέπτους
1090 4634 1352 4695 ἀποτελεῖ,
1390 4634 1492 4685 ὑπὸ
1522 4635 1628 4685 τῶν

86 4718 153 4783 εξ
182 4712 255 4769 ὧν
288 4720 431 4770 ἐστιν
454 4720 667 4788 ἀτόμων
689 4704 1037 4789 ὁδτίγούμενος
1104 4724 1257 4777 Ἀλλὰ
1284 4724 1383 4777 κᾶν
1438 4724 1509 4795 μὴ

85 4808 258 4861 λωσιν
288 4812 337 4861 oi
380 4810 618 4869 δείλαιοι.
649 4810 721 4871 ὡς
745 4810 787 4860 δ’
814 4806 904 4869 οὖν
934 4814 1268 4867 πιστεύουσιν
1318 4816 1366 4867 οἱ
1416 4816 1623 4877 δίκαιοι,

86 4898 268 4967 μέγας
290 4900 488 4970 Κύριος
518 4900 545 4951 ὁ
583 4902 807 4972 ποιήσας
828 4899 1005 4964 αὑτὸν,
1040 4903 1131 4953 καὶ
1160 4906 1216 4954 ἐν
1257 4905 1432 4972 λόγοις
1464 4905 1623 4959 αὑτοῦ

84 4968 421 5044 κατέσπευσε
456 4968 705 5063 πορείαν..
728 4968 943 5060 ’Ᾰτομοι
966 4994 1067 5062 γὰρ
1097 4995 1221 5060 ὑμῖν
1257 4968 1495 5063 χείμῶνα
1525 4997 1622 5063 φέ-

84 5097 291 5151 ρουσιν,
316 5076 362 5135 ὦ
388 5083 592 5150 τυφλοὶ,
626 5068 938 5145 καῖ’ὑετοὺς.
970 5083 1106 5151 ἴναή
1148 5084 1215 5153 γῆ
1257 5086 1454 5154 τροφὰς
1499 5086 1622 5155 ὑμῖν

79 5187 145 5222 τε
177 5170 271 5222 καὶ
295 5173 425 5223 πᾶσι
455 5176 566 5235 τοῖς
585 5173 669 5226 ἐπ’
696 5174 871 5235 αὐτοῖς
910 5171 1063 5235 ζώοις
1091 5173 1185 5240 ἀνῇ
1211 5189 1221 5199 ·
1248 5171 1399 5240 θέρος
1441 5192 1497 5225 τε
1528 5178 1622 5226 ἐπ-

81 5262 327 5329 άγουσιν,
354 5262 440 5313 ἵνα
465 5263 693 5326 καὶτοὺς
716 5265 819 5316 ἀπὸ
835 5265 1055 5333 δένδρων
1071 5281 1091 5314 ε
1103 5265 1146 5326 ἒς
1162 5264 1362 5333 τρυφὴν
1379 5267 1619 5333 καρποὺς

72 5351 303 5421 λάϐητε.
337 5352 444 5403 Καὶ
472 5353 560 5405 διὰ
592 5354 642 5406 τί
668 5354 740 5425 μὴ
765 5359 882 5417 ταῖς
916 5357 1131 5425 ἀτόμοις
1156 5358 1500 5427 προσκυνεῖτε
1528 5357 1619 5407 καὶ

82 5444 244 5496 θύετε
274 5445 391 5504 ταῖς
424 5443 782 5513 ἐπικάρποις;
830 5446 1126 5515 Ἀχάριστοί
1150 5463 1246 5513 γε,
1283 5444 1411 5515 μηδὲ
1452 5447 1619 5515 ἀπαρ-

83 5536 186 5606 χάς
221 5534 408 5595 αὑταῖς
432 5518 750 5600 ὀλίγαςτῶν
772 5536 974 5589 πολλῶν
1004 5536 1241 5606 δωρεῶνξ
1274 5536 1337 5599 ἃς
1368 5536 1492 5602 παρ’
1519 5537 1615 5587 αὐ-

80 5626 193 5680 τῶν
216 5624 386 5692 ἔχετε,
421 5622 780 5691 ἀφιεροῦντες.
813 5644 830 5674 ι
870 5628 975 5679 Καὶ
1016 5626 1149 5695 μετὰ
1180 5626 1379 5705 βραχέα
1418 5626 1576 5696 φησίν
1597 5644 1609 5655 ·

159 5715 173 5744 ¹
214 5711 381 5766 ICor.
413 5728 513 5773 xv,
551 5712 637 5765 41.

80 5835 87 5840 ο
154 5800 267 5868 (28)
306 5799 461 5856 Forte
498 5802 907 5877 συγκεχυμένην.

1732 4617 1852 4670 tatis
1883 4616 2080 4684 aliquid
2122 4616 2305 4669 aetheri
2355 4616 2615 4679 afferant,
2667 4633 2837 4686 eoque
2872 4615 3151 4669 testudinis
3205 4616 3257 4671 in

1729 4723 1928 4761 morem
1956 4696 2360 4771 concamerata,
2385 4708 2736 4761 subeuntibus
2766 4706 2883 4760 coeli
2932 4707 3256 4772 luminibus,

1725 4798 1985 4867 quosdam
2012 4798 2163 4864 quasi
2217 4799 2411 4865 gradus
2461 4806 2815 4864 praestruant:
2862 4797 3099 4867 adeoque
3146 4802 3256 4852 vul-

1725 4890 1930 4960 garium
1943 4896 2245 4941 atomorum
2264 4885 2523 4939 factiones
2544 4885 2817 4941 domicilia
2832 4887 2929 4940 sibi
2946 4888 3176 4959 deligant
3192 4904 3253 4941 ac

1724 4982 1917 5036 malum
1935 4980 2108 5048 ipsum
2130 4980 2371 5046 proprias
2390 4979 2443 5030 in
2458 4977 2649 5033 domos
2662 4990 2820 5047 atque
2849 4980 3252 5033 stationesinter

1720 5086 1839 5127 sese
1854 5070 2171 5139 partiamur.
2184 5086 2203 5119 ι
2229 5066 2594 5129 Rursus,'aliis
2608 5070 2922 5138 quibusdam
2942 5063 3249 5135 interjectis,

1722 5161 1879 5231 777
1901 5179 1919 5211 ι
1943 5156 2075 5223 lmo,
2092 5158 2285 5227 inquit,
2305 5174 2373 5213 ne
2393 5158 2548 5213 obvia
2570 5160 2780 5229 quidem
2806 5158 2983 5211 vident
3010 5156 3247 5210 homines

1721 5248 2023 5320 improvidi,
2048 5257 2254 5304 tantum
2286 5249 2435 5305 abest
2455 5259 2511 5304 ut
2534 5250 2741 5304 occulta
2770 5247 3092 5317 provideant.
3132 5243 3245 5299 Uti-

1721 5359 1825 5412 que
1857 5350 2002 5396 ratos
2038 5341 2157 5397 illos
2182 5351 2371 5412 'atqtte
2414 5349 2721 5397 constantes
2773 5347 2924 5391 ortus
2960 5337 3243 5404 obitusque

1717 5437 1973 5499 siderum,
2013 5448 2121 5487 non
2148 5442 2464 5489 caaterorum
2496 5422 2680 5493 modo,
2712 5442 2895 5482 verum
2926 5427 3083 5481 etiam
3112 5425 3241 5480 solis

1715 5525 1953 5583 omnium
1987 5523 2371 5591 nobilissimos,
2398 5536 2466 5577 ne
2489 5518 2806 5589 suspicando
2825 5518 3036 5588 quidem
3062 5515 3239 5569 viden-

1716 5627 1801 5671 tur
1829 5615 2086 5684 attingere
2121 5634 2133 5669 :
2164 5631 2263 5673 nec
2290 5614 2358 5671 iis
2382 5612 2459 5669 uti
2480 5608 2963 5672 commoditatibus,
2987 5619 3121 5675 quas
3138 5604 3237 5673 ho-
