4010 6342
581 420 718 479 1279
1241 413 1510 472 EUSEBH
1542 410 2021 469 CASSABIENSIS
2056 409 2205 465 OPP.
2247 410 2424 464 PARS
2454 408 2515 464 ll.
2558 440 2624 449 —
2656 408 3145 465 APOLOGETICA.
3650 410 3815 465 12⁸1)

587 539 794 593 miuum
818 535 996 606 generi
1022 535 1380 605 suppeditant,
1407 543 1498 589 aut
1524 532 1818 588 collucente
1841 531 1906 586 ad
1929 532 2132 586 obeun-

2253 546 2263 579 ι
2303 530 2359 582 '0
2380 530 2435 581 δὲ
2462 528 2755 597 πολυεθνὴς
2779 528 2871 581 καὶ
2893 528 3194 597 πολυμιγὴς
3216 525 3382 597 δῆμος
3397 525 3502 581 τῶν
3527 528 3811 599 ἀστέρων

584 628 710 681 dum
742 641 877 696 opus
914 626 1030 687 die,
1071 633 1164 679 aut
1211 632 1368 679 nocte
1414 623 1613 693 quietis
1656 622 1928 689 capiendae
1963 637 2127 676 causa

2253 619 2320 682 ιῦς
2374 621 2428 671 αἱ
2481 619 2832 682 πολ·.›πλανεῖς
2882 620 2972 671 καὶ
3011 619 3095 671 ἀεὶ
3130 618 3608 689 διαῤῥιπτούμεναι
3665 636 3812 671 συν-

590 731 763 774 terras
809 727 1086 788 opacante.
1118 736 1137 769 ι
1173 715 1354 771 Exibit
1401 717 1542 771 enim
1594 715 1775 779 homo,
1819 715 2011 784 inquit,
2064 713 2129 767 ad

2253 716 2461 784 ἔστησαν
2486 714 2692 785 ἄτομοι,
2727 712 2904 783 χώρας
2933 714 3137 776 ἑαυτοῖς
3184 713 3319 766 κατὰ
3366 714 3642 784 συνθήκας
3692 714 3814 765 ἁττ-

587 826 722 881 opus
756 827 937 873 suum,
971 819 1024 864 et
1054 810 1422 879 operationem
1456 823 1612 863 suam
1652 823 1824 879 usque
1852 807 1917 861 ad
1941 822 2131 876 vespe-

589 919 706 956 rum
739 904 776 955 ¹.
819 922 837 954 ι
875 900 982 956 Nec
1015 916 1143 955 vero
1168 902 1389 955 alteram
1420 900 1537 971 ejus
1560 900 1928 955 circuitionem
1960 907 2130 953 atten-

590 996 743 1059 dunt,
772 1010 877 1063 qua
899 994 1181 1047 distinctas
1206 1001 1551 1062 tempestates
1566 1001 1975 1062 opportunaque
2005 1000 2135 1045 tem-

590 1102 740 1156 pora,
773 1100 870 1139 nec
894 1099 1120 1154 usquam
1145 1086 1383 1139 detortas
1402 1084 1789 1139 conversiones
1812 1082 2023 1146 elliciat,
2043 1083 2136 1136 eai-

595 1192 714 1231 rum
743 1176 1011 1239 videlicet,
1040 1190 1106 1229 ex
1141 1175 1339 1245 quibus
1367 1175 1483 1245 ipse
1533 1175 1799 1238 consistit,
1836 1183 2136 1228 atomorum

592 1268 810 1323 ductum
842 1277 1077 1322 secutus.
1115 1266 1183 1319 At
1216 1266 1514 1330 enimvero,
1544 1266 1725 1321 velint
1757 1266 1929 1319 nolint
1962 1265 2137 1319 homi-

594 1375 690 1414 nes
718 1375 900 1429 reapse
936 1358 1427 1427 miseri,qnomodo
1452 1367 1630 1412 tamen
1687 1357 1789 1412 sibi
1821 1354 2163 1426 persuadent

592 1447 921 1518 aquissimi:
953 1450 1179 1515 magnus
1203 1448 1289 1501 ille
1310 1445 1591 1505 Dominus.
1617 1447 1707 1515 qui
1736 1445 1902 1500 solem
1919 1445 2139 1509 creavit,

595 1538 881 1592 verborum
936 1552 1152 1607 quoque
1185 1552 1405 1592 suorum
1439 1537 1488 1589 vi
1526 1538 1767 1603 ejusdem
1813 1552 2031 1591 cursum
2061 1537 2143 1589 in-

595 1628 798 1682 citavit.
830 1626 1009 1679 Atomi
1061 1628 1278 1696 quippe,
1318 1626 1547 1679 hiemem
1589 1626 1741 1681 vobis
1766 1667 1781 1691 ,
1833 1641 1867 1679 o
1900 1626 2049 1690 caci,
2081 1640 2144 1679 ac

597 1719 804 1790 pluvias
835 1717 1090 1784 aderunt,
1119 1728 1177 1773 ut
1209 1718 1464 1773 alimenta
1494 1717 1649 1773 vobis
1698 1732 1761 1772 ac
1789 1717 1998 1772 czeteris
2028 1716 2145 1769 ani-

599 1807 869 1863 mantibus
904 1818 1047 1873 terra
1082 1807 1362 1877 producat.
1395 1806 1719 1862 Earumdem
1750 1813 1910 1860 aestas
1944 1804 2145 1859 beneﬁ-

597 1899 740 1954 cium
762 1907 867 1962 est,
892 1905 952 1953 ut
984 1867 1238 1953 arborum
1264 1897 1428 1954 etiam
1455 1899 1523 1951 ad
1550 1896 1769 1951 delicias
1796 1894 2004 1949 fructus
2035 1895 2146 1950 col-
2176 1867 2217 1920 Β

598 1986 795 2057 ligatis.
830 1983 1034 2053 Quidni
1055 2001 1217 2055 porro
1245 1986 1442 2041 atomis
1471 1986 1683 2055 frugum
1711 1983 2027 2054 praesidibus
2056 1998 2148 2038 so-

599 2078 763 2133 lemni
792 2078 940 2133 cultu
970 2072 1125 2132 s'acra
1163 2075 1343 2133 facitis
1366 2077 1389 2131 ‘.'
1416 2074 1670 2131 Homines
1697 2076 1912 2147 ingrati,
1959 2076 2050 2146 qui
2073 2083 2151 2129 tot

598 2167 886 2231 donorum,
908 2178 1027 2238 quae
1055 2168 1123 2222 ab
1147 2168 1215 2224 iis
1244 2168 1511 2238 accipitis,
1546 2182 1613 2223 ne
1648 2166 1915 2238 primitias
1936 2167 2149 2237 quidem

602 2261 859 2331 pauculas
880 2261 1226 2317 consecretis.
1244 2280 1262 2311 ι
1285 2262 1592 2329 lterumque
1616 2268 1739 2329 post
1758 2274 1926 2327 pauca
1946 2272 1964 2311 :
1986 2258 2150 2312 «Mul-

604 2354 767 2421 tiplex
794 2361 995 2423 autem,
1030 2353 1234 2421 inquit,
1259 2352 1349 2405 illa
1379 2351 1655 2405 stellarum
1681 2351 1850 2417 natio,
1883 2366 2044 2420 quam
2067 2366 2154 2404 er-

604 2448 787 2500 ratica:
819 2459 883 2499 ac
919 2460 1131 2514 semper
1162 2444 1267 2499 buc
1297 2444 1528 2513 illucque
1564 2441 1798 2512 disjectas
1830 2440 1994 2495 atomi
2027 2455 2154 2495 con-

605 2538 887 2601 ﬂaverunt,
917 2538 1071 2592 sedes
1094 2538 1207 2606 ipsa
1234 2536 1356 2601 sibi,
1388 2535 1612 2591 colonire
1634 2532 1915 2603 cujusdam
1940 2540 2034 2586 aut
2062 2546 2151 2585 so-

606 2628 844 2684 dalitatis
864 2644 1033 2692 more,
1052 2629 1325 2683 communi
1348 2643 1412 2681 ex
1432 2635 1608 2697 pacto,
1629 2626 1919 2688 distribuit,
1955 2623 2155 2678 nullius

610 2731 706 2775 aut
744 2719 1062 2784 conditoris,
1121 2728 1215 2774 aut
1247 2718 1463 2773 familiae
1507 2717 1750 2789 praesidis
1781 2715 2155 2771 auctoritatem

608 2825 812 2870 secuta.
853 2813 1027 2883 Atque
1066 2814 1139 2867 ita
1165 2811 1441 2881 deinceps,
1477 2820 1662 2864 mutua
1716 2824 1839 2864 cum
1873 2807 2116 2863 ﬁnitimis
2141 2847 2155 2869 ,

608 2905 857 2976 religiose
889 2905 1104 2974 altaque
1154 2920 1277 2959 cum
1314 2917 1443 2973 pace
1470 2942 1483 2967 ,
1538 2916 1728 2955 omnes
1790 2899 1998 2954 vicinia:
2034 2896 2156 2969 jura

609 2994 941 3061 custodiunt,
977 3010 1074 3049 nec
1123 3010 1219 3050 eos
1272 3010 1509 3064 unquam
1539 2994 1695 3057 ﬁnes,
1721 3008 1859 3062 quos
1889 2992 1957 3045 ab
2005 2990 2159 3043 initio

613 3103 891 3159 accepere,
930 3087 1259 3151 transiliunt,
1297 3103 1518 3157 prorsus
1539 3102 1603 3141 ac
1642 3086 1685 3140 si
1713 3084 1979 3154 regiarum
2026 3098 2159 3151 qua-

2233 804 2506 869 εδάσαντο,
2562 804 2749 875 ὥσπερ
2793 804 3042 857 ἀποικίαν
3080 804 3112 874 ἢ
3150 805 3414 859 συνοικίαν
3440 805 3809 875 ἀνελόμενοι,

2236 892 2458 965 μηδενὸς
2505 892 2749 949 οἰκιστοῦ,
2784 892 2913 963 μηδὲ
2939 892 3309 945 οἰκοδεσπότου
3344 894 3768 965 προεστηκότος
3795 911 3808 921 ⁸

2236 985 2329 1038 καὶ
2356 984 2454 1048 τὰς
2487 986 2621 1054 πρὸς
2667 986 2791 1046 τοὺς
2824 982 3221 1055 πλησιοχώρους
3264 986 3615 1054 γειτνιάσεις,
3659 988 3814 1038 ὲνω-

2240 1077 2413 1147 μότως
2445 1077 2537 1129 καὶ
2562 1078 2673 1145 μετ’
2702 1076 2920 1147 είρήνης
2958 1077 3307 1145 φυλάττουσιν
3331 1118 3348 1143 ,
3387 1078 3480 1147 οὐχ
3511 1076 3812 1149 ὑπερϐαί-

2237 1186 2415 1233 νοντες
2439 1168 2528 1232 οὓς
2559 1171 2651 1222 καί⁵
2679 1169 2953 1240 εἰλήφασιν
2983 1167 3042 1234 ὲξ
3072 1168 3241 1239 ἀρχῆς
3259 1170 3435 1240 ὅρους,
3458 1170 3656 1241 ὥσπερ
3691 1169 3815 1222 ὑπὸ

2238 1259 2345 1311 τῶν
2398 1258 2683 1329 βασιλίδων
2732 1260 2945 1363 ἁτρμων
2987 1258 3441 1331 νομοθετούμενοι.
3507 1258 3657 1313 Ἀλλ’
3696 1262 3815 1312 οὐκ

2240 1350 2492 1421 ἄρχουσιν
2538 1353 2775 1404 ὲκεῖναιυ
2806 1350 2940 1416 ’πῶς
2989 1351 3096 1423 γὰρ
3136 1353 3190 1405 αἱ
3225 1353 3346 1425 μηδ’
3374 1350 3569 1419 οὔσαις
3627 1353 3813 1407 Ἀλλὰ

2242 1442 2396 1495 Θείων
2424 1442 2617 1510 λογίων
2644 1443 3007 1498 ὲπακούσατε·
3043 1463 3061 1495 ι
3113 1446 3199 1498 Ἑν
3241 1447 3413 1516 κρίσει
3458 1448 3670 1518 Κυρίου
3732 1447 3813 1499 τὰ

2242 1534 2375 1605 ἔργα
2420 1533 2601 1587 αὑτοῦ.
2654 1536 2769 1587 Ἀπ’
2817 1536 2991 1607 ἀρχῆς
3030 1538 3121 1591 καὶ
3145 1536 3251 1591 ἀπὸ
3282 1539 3542 1609 ποιήσεως
3583 1538 3807 1599 αὐτῶν,

2242 1624 2493 1678 διέστειλε
2528 1626 2744 1697 μερίδας
2782 1627 2979 1699 αὐτῶν,
3032 1629 3327 1701 ἐκόσμησεν
3378 1632 3453 1694 είς
3498 1631 3679 1684 αἰῶνα
3735 1632 3814 1684 τὰ

2245 1715 2379 1787 ἔργα
2400 1716 2583 1781 αὑτοῦ,
2613 1719 2705 1771 καὶ
2728 1718 2824 1782 τὰς
2846 1719 3017 1791 ἀρχὰς
3041 1721 3216 1777 αὐτῶν
3233 1724 3309 1786 είς
3326 1722 3513 1790 γενεὰς
3548 1724 3768 1777 αὐτῶν.
3785 1745 3805 1775 ι

2248 1808 2518 1877 Καὶμετὰ
2553 1808 2755 1879 βραχέα
2788 1812 2979 1881 φησίν·
3010 1832 3027 1863 ι
3073 1813 3141 1876 Ἦ
3180 1812 3261 1877 τίς
3294 1812 3460 1877 οὕτως
3512 1816 3812 1876 εὐτάκτως

2250 1899 2468 1952 πεδιάδα
2494 1901 2594 1970 γῆν
2625 1901 2869 1954 διώδευσε
2904 1902 3129 1971 φάλαγξ,
3175 1904 3234 1957 οὐ
3282 1904 3597 1976 προθέοντος
3640 1905 3809 1957 οὐδε-

2250 1991 2356 2054 νὸς,
2388 1994 2485 2045 οὑκ
2515 1995 2929 2065 ἐκτρεπομένου,
2979 1997 3078 2049 οὐκ
3119 1996 3628 2066 ἐμποδιστατοῦντος
3658 1998 3811 2066 (Ξθὶ,

2250 2084 2348 2135 οὐκ
2398 2083 2818 2156 ἀπολειπομένου
2871 2087 2981 2139 τῶν
3038 2090 3665 2160 συμπαρατεταγμὲνων·
3729 2090 3815 2155 ὡς

2255 2171 2534 2242 ίσὸστοιχοι
2560 2174 2651 2225 καὶ
2684 2176 3124 2239 συνασπιδοῦντες
3150 2177 3235 2229 ἀεὶ
3279 2180 3554 2249 προΐασιν,
3594 2183 3627 2234 ό
3672 2199 3815 2234 συν-

2252 2266 2381 2334 εχής
2404 2282 2463 2317 τε
2493 2266 2584 2317 καὶ
2612 2265 2943 2330 ἀδιάστατος,
2989 2268 3246 2338 ἁόχλητὸς
3276 2287 3335 2323 τε
3368 2271 3458 2324 καὶ
3502 2274 3813 2342 ἀνεμπόδι-

2255 2372 2376 2417 στος
2401 2354 2509 2408 τῶν
2534 2356 2744 2427 ἄστρων
2772 2359 2995 2429 στρατός
3021 2376 3034 2423 ;
3080 2359 3217 2412 Ἀλλ’
3246 2362 3517 2431 ἐγκλίσεσι
3546 2364 3643 2416 καὶ
3680 2367 3812 2425 ταῖς

2253 2450 2331 2511 εἰς
2366 2446 2586 2515 πλάγιον
2607 2448 2835 2512 νεύσεσι,
2862 2450 3093 2517 γίνονταί
3116 2469 3256 2517 τινες
3273 2452 3448 2506 αὐτῶν
3469 2453 3653 2525 ἄδηλοι
3682 2473 3816 2526 τρο-

2256 2540 2367 2591 παί.
2403 2540 2512 2592 Καὶ
2563 2539 2666 2609 μὴν
2714 2540 2798 2592 ἀεὶ
2852 2540 3304 2611 καιροψυλακοῦσι
3336 2543 3428 2595 καὶ
3458 2543 3813 2613 προορῶνται

2253 2628 2349 2691 τὰς
2392 2628 2600 2700 χώρας.
2635 2628 2754 2682 ὅθεν
2788 2630 3011 2694 ἕκαστος
3052 2630 3279 2702 ἀνίησιν,
3310 2634 3359 2685 oi
3390 2632 3596 2697 τούτοις
3632 2650 3815 2705 προσ-

2255 2719 2563 2789 εσχηκότες.
2584 2721 2899 2774 Είπάτωσαν
2920 2716 3009 2773 οὖν
3026 2724 3155 2793 ἡμῖν
3177 2725 3223 2775 οί
3237 2723 3343 2776 τῶν
3363 2723 3574 2794 ἀτόμων
3588 2727 3812 2794 τομείς,

2257 2813 2350 2864 καὶ
2380 2812 2487 2863 τῶν
2520 2813 2736 2884 ἀμερῶν
2772 2816 3036 2885 μερισταὶ,
3073 2814 3165 2869 καὶ
3193 2814 3297 2868 τῶν
3340 2815 3645 2871 ἀσυνθέτων
3679 2834 3817 2870 συν-

2256 2907 2508 2972 αγωγεῖς,
2542 2906 2635 2959 καὶ
2666 2906 2732 2960 τὰ
2762 2908 2962 2979 ἄπειρα
3002 2908 3368 2978 περινοοῦντες
3389 2946 3404 2971 ,
3436 2907 3595 2961 πόθεν
3632 2911 3667 2980 ἠ
3704 2927 3813 2963 κυ-

2258 2993 2548 3066 κλοφορικὴ
2583 2996 2687 3048 τῶν
2737 2997 2998 3066 οὐρανίων
3054 2996 3382 3068 συνοδίαικαὶ
3411 2998 3673 3070 περιοδία,
3705 2998 3815 3069 οὐχ

2260 3084 2374 3147 ἑνὸς
2423 3084 2740 3156 παραλόγως
2783 3087 2997 3157 ἀτόμων
3049 3089 3332 3159 πήγματος
3358 3087 3498 3142 οὕτω
3530 3090 3814 3160 σφενδονι-

614 3179 865 3233 rumdam
899 3189 1203 3233 atomorum
1246 3180 1449 3247 legibus
1472 3163 1798 3247 regerentur.
1827 3176 1896 3230 At
1924 3192 2027 3229 non
2056 3176 2154 3228 im-

2266 3175 2497 3238 σθέντος,
2526 3176 2658 3229 ἀλλὰ
2688 3178 2934 3232 τοσούτου
2963 3179 3217 3233 κυκλικοῦ
3235 3179 3395 3252 χοροῦ
3434 3181 3574 3234 κατὰ
3600 3176 3817 3254 ῥυθμὸν

616 3281 807 3340 perant
834 3271 937 3324 illae
963 3270 1225 3339 profecto.
1263 3270 1365 3335 Qui
1398 3269 1543 3323 enim
1573 3260 1856 3340 imperent.
1882 3282 2003 3337 quae
2035 3266 2157 3319 nul-

616 3364 679 3421 la
711 3362 874 3419 sunt?
892 3363 1082 3419 Audite
1103 3376 1233 3416 vero
1255 3362 1559 3415 divinorum
1577 3361 1917 3424 oraculorum
1937 3374 2119 3414 vocem
2143 3379 2156 3414 :

622 3476 640 3508 s
679 3456 735 3509 ln
766 3455 966 3525 judicio
998 3454 1211 3509 Domini
1247 3468 1407 3522 opera
1446 3453 1584 3521 ejus.
1642 3450 1723 3507 Ab
1772 3452 1927 3507 initio
1964 3494 1979 3517 ,
2025 3460 2080 3506 et
2129 3467 2160 3506 a

615 3550 885 3605 creatione
909 3550 1171 3619 ipsorum,
1202 3546 1446 3601 distinxit
1473 3553 1651 3615 partes
1680 3546 1914 3611 illorum.
1939 3542 2163 3599 Ornavit

618 3640 672 3694 in
702 3649 958 3695 :eternum
988 3653 1147 3709 opera
1170 3653 1290 3701 sua,
1322 3646 1376 3690 et
1404 3637 1661 3706 principia
1687 3652 1874 3691 eorum
1915 3635 1967 3689 in
1999 3650 2160 3706 gene-

621 3733 854 3787 rationes
900 3748 1089 3787 eorum
1142 3731 1182 3785 '.
1232 3750 1249 3781 ι
1289 3730 1555 3799 Additquc
1595 3730 1755 3799 paulo
1802 3739 1958 3799 post:
2000 3746 2019 3784 ι
2058 3728 2165 3781 Aut

619 3837 741 3893 qua!
773 3838 1006 3890 unquam
1038 3824 1203 3896 acies,
1240 3821 1434 3890 inquit,
1464 3831 1573 3874 tam
1617 3820 1915 3895 composito
1955 3818 2168 3888 agmine

620 3929 871 3982 campum
920 3913 1240 3987 transmisit,
1275 3919 1638 3980 pracurrente
1678 3910 1909 3972 nemine,
1956 3910 2167 3964 nemine

619 4004 919 4067 deerrante,
947 4000 1161 4055 nemine
1189 4010 1281 4054 aut
1313 3999 1753 4069 impedimentum
1783 3998 2038 4053 oﬂ'ereute
2067 4013 2170 4053 cae-

619 4097 770 4161 teris,
803 4104 897 4150 aut
924 4104 1147 4148 caeteros
1171 4093 1351 4147 minus
1370 4086 1736 4161 consequente
1761 4110 1774 4145 :
1799 4107 1961 4161 quam
1990 4106 2170 4161 aequa-

622 4185 693 4241 tis
751 4201 960 4256 semper
1009 4185 1311 4251 ordinibus,
1361 4193 1414 4240 et
1444 4183 1670 4254 pressis
1709 4184 1870 4237 veluti
1923 4183 2121 4254 clypeis
2152 4226 2166 4248 ,

622 4285 911 4345 perpetuus
944 4278 1051 4345 ille,
1077 4292 1176 4332 nec
1194 4292 1421 4346 usquam
1448 4286 1541 4331 aut
1561 4276 1913 4346 interruptus,
1937 4283 2030 4328 aut
2046 4290 2168 4346 per-

2268 3268 2356 3323 ίσα
2386 3268 2651 3339 βαίνοντας
2671 3271 2762 3323 καὶ
2813 3271 3375 3342 συμπεριδινουμένουσ
3407 3273 3567 3326 πόθεν
3587 3273 3817 3328 ἀδιάτα-

2266 3377 2399 3425 κτοι,
2452 3361 2541 3413 καὶ
2573 3361 2935 3433 ἀπροαίρετοι,
2966 3362 3057 3416 καὶ
3080 3361 3316 3430 ἀγνῶτες
3346 3362 3585 3433 ἀλλήλων
3608 3365 3739 3416 συνέ
3748 3383 3816 3435 με

2266 3469 2418 3521 ποροι
2461 3451 2801 3523 παμπληθεῖς
2843 3452 3371 3524 συνανεστράφησαν.
3428 3454 3618 3518 Καλῶς
3670 3472 3731 3508 τε
3786 3456 3819 3509 6

2267 3545 2545 3614 προφήτης
2570 3544 2625 3595 ὲν
2655 3547 2764 3606 τοῖς
2794 3543 3070 3607 ἀδυνάτοις
3102 3545 3196 3598 καὶ
3226 3544 3576 3610 ἀνενδείκτοις
3611 3545 3771 3611 ἔταξε
3800 3586 3815 3609 ,

2268 3633 2448 3699 ξένους
2463 3633 2562 3687 κᾶν
2588 3633 2679 3687 δύο
2705 3634 3023 3705 συνδραμεῖν
3042 3652 3055 3665 ο
3110 3656 3128 3687 ι
3152 3635 3621 3708 Είσπορεύσονται,
3653 3637 3812 3707 φησι,

2268 3723 2362 3776 δύο
2415 3724 2506 3776 ἐπὶ
2531 3723 2589 3776 τὸ
2636 3724 2764 3777 αὐτὸ
2787 3724 3089 3795 κατάλυμα,
3117 3726 3211 3782 ἐὰν
3236 3728 3310 3799 μὴ
3333 3728 3665 3799 γνωρίσωσιν
3686 3730 3817 3779 ἑαυ-

2272 3815 2396 3879 τούς
2420 3834 2434 3881 ;
2477 3837 2495 3869 ι
2530 3815 2691 3869 Ταῦτ’
2722 3816 2909 3881 εἰπὼν,
2941 3818 3107 3889 μυρία
3129 3836 3186 3873 τε
3213 3818 3346 3875 ἄλλα
3372 3819 3577 3882 τούτοις
3604 3820 3818 3887 ιπαγαο

2268 3905 2397 3974 γὼν,
2431 3905 2556 3975 ἑξῆς
2585 3906 2976 3971 κατασκευάζει
3010 3907 3099 3963 διὰ
3131 3909 3387 3964 πλειόνων
3408 3909 3469 3962 τὸ
3505 3908 3814 3980 πρόσλημα,

2268 3995 2376 4050 ἀπό
2405 4014 2463 4049 τε
2488 3996 2593 4051 τῶν
2615 3998 2754 4053 κατὰ
2780 4000 2941 4071 μέρος
2968 4001 3241 4071 στοιχείων
3266 4000 3359 4055 τοῦ
3388 4000 3602 4064 παντὸς,
3623 3999 3731 4055 ἀπό
3752 4016 3816 4053 τι

2269 4089 2374 4143 τῶν
2396 4092 2451 4143 ὲν
2474 4090 2677 4154 τούτοις
2704 4091 3052 4146 παντοδαπῶν
3074 4086 3245 4157 ζώων,
3273 4093 3367 4146 καὶ
3391 4090 3453 4163 δὴ
3480 4092 3572 4145 καὶ
3590 4091 3695 4145 ἀπὸ
3711 4090 3817 4159 τῆς

2271 4180 2584 4254 τάνθρώπου
2608 4182 2835 4253 φύσεως.
2879 4183 2966 4250 Ἐξ
2998 4176 3071 4237 ὧν
3108 4182 3185 4237 ἔτι
3219 4183 3421 4256 βραχέα
3448 4188 3556 4249 τοῖς
3594 4183 3818 4257 simpl-

2272 4292 2380 4339 νοις
2405 4274 2675 4347 προσθεὶς,
2705 4273 3033 4329 καταπαύσω
3062 4274 3152 4329 τὸν
3181 4274 3422 4348 παρόντα
3448 4276 3617 4346 λόγον.

624 4369 893 4432 turbatus,
919 4378 1013 4422 aut
1048 4370 1200 4423 obice
1259 4370 1366 4424 ullo
1400 4368 1705 4423 retardatus
1751 4375 2016 4422 astrorum
2055 4369 2323 4423 esetcitus
2394 4366 2763 4438 progreditur?
2808 4365 2970 4435 778
3012 4365 3172 4434 Atqui
3221 4366 3536 4422 transversis
3595 4366 3817 4437 quibus-

620 4463 745 4518 dam
799 4449 1235 4518 inclinationibus
1276 4479 1340 4519 ac
1389 4464 1629 4529 nutibus,
1675 4464 1917 4518 obscura:
1978 4479 2365 4535 nonnunquam
2438 4478 2625 4519 eorum
2685 4461 3008 4516 mutationes
3059 4461 3212 4516 iiunl.
3255 4460 3403 4519 Esto.
3451 4462 3669 4533 Semper
3732 4473 3812 4516 ta-

622 4572 742 4609 men
768 4566 820 4611 et
842 4556 1047 4625 justum
1076 4554 1363 4609 observant
1389 4562 1620 4624 tempus,
1643 4563 1697 4632 et
1727 4554 1841 4609 loca
1877 4554 1986 4621 illa,
2019 4557 2161 4611 unde
2197 4555 2405 4625 singula
2466 4555 2736 4619 oriuntur,
2799 4553 3148 4623 prospiciunt,
3187 4554 3281 4625 qui
3324 4557 3428 4611 hoc
3453 4572 3505 4609 In
3526 4555 3684 4610 studii
3717 4570 3814 4624 ga-

624 4664 752 4705 nere
772 4659 1123 4717 occupantur.
1151 4645 1343 4700 Dicant
1364 4659 1492 4715 ergo
1509 4644 1667 4700 nobis
1681 4654 1986 4699 atomorum
2004 4653 2241 4701 sectores
2307 4644 2529 4714 egregii,
2561 4644 2655 4712 qui
2676 4654 2733 4698 et
2751 4641 2996 4698 dividunt
3035 4644 3331 4712 individua,
3383 4652 3437 4699 et
3500 4644 3684 4698 dissita
3736 4659 3813 4698 se-

619 4756 917 4827 iunctaque
949 4742 1283 4807 consociant,
1312 4749 1366 4795 et
1408 4739 1615 4795 inﬁnita
1654 4748 1830 4793 mente
1870 4739 2179 4805 deﬁniunt;
2218 4738 2360 4792 unde
2389 4737 2603 4792 tandem
2637 4736 2914 4792 circularis
2956 4738 3044 4795 ille
3102 4753 3285 4796 rerum
3342 4736 3637 4794 celestium
3680 4749 3817 4790 con.

618 4825 948 4904 iunctusque
968 4846 1159 4887 cursus
1186 4841 1346 4902 atque
1377 4829 1706 4887 conversio:
1759 4844 1882 4885 cum
1911 4845 2017 4883 non
2059 4844 2163 4883 una
2212 4826 2456 4898 quadam
2497 4836 2799 4884 atomorum
2852 4839 3030 4886 strues
3087 4831 3169 4888 sic
3212 4838 3469 4899 tanquam
3534 4825 3697 4884 funda
3747 4838 3815 4895 ta,

624 4941 771 4983 luere
800 4923 1242 4989 circumrotetur;
1273 4924 1366 4979 sed
1400 4923 1600 4980 chorus
1655 4923 1743 4979 ille
1775 4932 1956 4979 tantus
1996 4923 2302 4993 composito
2365 4922 2672 4993 aqualique
2702 4939 2887 4994 gressu
2941 4928 3233 4997 procedat,
3292 4932 3347 4981 et
3389 4926 3443 4980 in
3490 4925 3670 4981 orbem
3712 4942 3815 4983 una

622 5022 864 5077 volvatur
896 5037 909 5073 :
940 5026 1033 5071 aut
1056 5032 1162 5087 quo
1185 5027 1341 5087 pacto
1372 5016 1483 5085 ﬁat,
1508 5027 1567 5073 ut
1594 5026 1702 5073 tam
1731 5018 1887 5073 multi
1917 5019 2155 5089 ejusdem
2197 5018 2296 5072 viae
2326 5017 2483 5081 socii,
2512 5032 2543 5070 a
2574 5019 2785 5075 nemine
2829 5020 3082 5084 ordinati,
3117 5019 3269 5075 nullo
3306 5017 3512 5089 praediti
3561 5020 3809 5081 consilio.

623 5115 830 5183 sibique
857 5119 1041 5166 mutuo
1068 5110 1231 5181 ignoti
1257 5125 1465 5175 omnes,
1490 5118 1636 5167 tanta
1684 5112 1845 5167 simul
1905 5112 2189 5169 concordia
2252 5118 2559 5180 susceptum
2599 5112 2702 5168 iter
2761 5114 3090 5171 conﬁciant?
3142 5111 3332 5167 Merito
3354 5112 3495 5166 enim
3518 5113 3813 5184 propheta,

624 5208 728 5265 hoc
758 5215 1011 5277 tanquam
1040 5218 1105 5257 ex
1138 5202 1205 5257 iis
1235 5217 1398 5256 unum
1422 5217 1539 5271 quae
1573 5219 1672 5259 nec
1724 5204 1841 5259 ﬁeri
1882 5220 1983 5260 nec
2012 5202 2220 5259 ostendi
2257 5211 2475 5272 queant,
2510 5206 2732 5274 protth
2770 5206 2957 5261 utduo
2994 5204 3153 5260 simul
3174 5204 3440 5275 peregrini
3464 5215 3806 5269 concurrant,

623 5299 751 5358 dum
795 5300 891 5373 ait,
933 5318 956 5354 ι
982 5299 1382 5369 Convenientne
1410 5298 1518 5351 duo
1545 5298 1598 5353 in
1634 5300 1773 5357 idem
1815 5300 2194 5361 diversorium,
2236 5298 2283 5352 si
2348 5315 2453 5354 non
2480 5317 2537 5358 se
2572 5312 2761 5358 mutuo
2798 5300 3080 5356 noverint?
3112 5318 3134 5353 ι
3156 5297 3279 5355 Haec
3305 5300 3409 5355 ille.
3435 5298 3537 5367 Qui
3568 5307 3815 5358 sescenta

627 5397 731 5457 alia
766 5405 1100 5464 persecutus,
1153 5402 1461 5465 susceptum
1510 5393 1761 5466 deinceps
1817 5404 2193 5467 argumentum
2223 5395 2475 5463 .pluribus
2531 5398 2833 5463 conﬁrmat,
2866 5395 3059 5466 partim
3110 5410 3177 5450 es
3199 5396 3426 5468 singulis
3461 5394 3815 5451 universiele-

630 5490 845 5554 mentis,
871 5489 1065 5559 partim
1087 5506 1154 5546 es
1178 5491 1358 5547 omnis
1396 5490 1607 5560 generis
1653 5492 2027 5559 animantium,
2076 5505 2198 5561 qua:
2248 5492 2695 5563 complectuntur,
2750 5489 3133 5548 multitudine:
3194 5491 3388 5563 partim
3444 5489 3655 5559 cxipsa
3682 5502 3809 5559 quo—

628 5600 733 5653 que
770 5582 1003 5639 hominis
1021 5593 1210 5639 natum
1241 5582 1587 5655 depromptis.
1615 5582 1654 5636 Ε
1686 5585 1883 5652 quibus
1936 5585 2027 5640 ubi
2076 5598 2245 5654 pauca
2284 5584 2527 5653 quedam
2560 5582 2923 5655 superioribus
2970 5581 3246 5653 addidero,
3278 5591 3393 5643 tum
3451 5584 3666 5640 domum
3697 5578 3818 5636 huic

624 5679 766 5743 libro
794 5679 953 5734 ﬁnem
974 5678 1268 5747 imponam.

698 5777 712 5805 '
744 5774 884 5830 Psal.
917 5791 1036 5840 cm,
1067 5773 1155 5826 ‘23.
1233 5776 1253 5805 ¹
1287 5772 1450 5831 Eccli.
1486 5791 1594 5837 ιιι,
1624 5774 1711 5828 Ξϋ.

698 5870 806 5945 (2?)
848 5869 1004 5931 Forte
1046 5868 1576 5943 ὶμποδεστατοῦντος.
