4010 6342
144 430 274 487 £28!

630 552 1017 607 KEMAAION
1056 551 1195 620 Kc".

190 637 331 691 Ἀπὸ
367 636 472 705 τῆς
502 639 809 706 ἀνθρώπου
840 642 1098 709 φύσεως.
1133 642 1273 695 Ἀπὸ
1309 641 1415 695 τοῦ
1445 638 1649 695 αὑτοῦ.

220 746 239 779 ι
285 729 390 781 Καὶ
426 728 545 782 οὔτε
579 732 801 794 ἑαυτοὺς
826 732 944 784 οὕτε
976 732 1043 784 τά
1078 733 1203 803 περὶ
1228 733 1447 795 ἑαυτοὺς
1470 732 1683 801 ὁρῶσιν.

146 819 210 873 Ei
233 820 339 890 γάρ
367 836 451 883 τις
474 821 579 873 τῶν
608 822 921 892 ἀρχηγετῶν
943 823 1035 876 τοῦ
1068 825 1165 895 τῆς
1210 823 1456 887 ἀσεϐείας
1487 823 1690 893 ταύτης

146 909 430 979 δόγματος,
483 912 669 965 ἑαυτὸν
697 913 844 976 ὅστις
896 915 1011 966 ἐστὶ
1039 916 1131 967 καὶ
1162 914 1303 979 ὅθεν,
1330 915 1687 982 ἁνελογίζετο,

148 1000 440 1071 ἐφρόνησεν
458 1002 522 1055 ἂν
544 1002 729 1074 ὥσπερ
760 1005 1153 1078 συνῃσθημένος
1182 1007 1393 1071 ἑαυτοῦ,
1424 1008 1516 1060 καὶ
1543 1003 1691 1061 εἶπεν

148 1091 207 1143 οὐ
240 1092 375 1159 πρὸς
422 1092 520 1156 τὰς
565 1094 813 1164 ἀτόμους,
851 1096 987 1149 ἀλλά
1039 1098 1172 1168 πρὸς
1203 1099 1293 1152 τὸν
1334 1099 1550 1172 Πατέρα
1601 1101 1691 1152 καὶ

150 1181 383 1253 Ποιητην
415 1183 635 1237 ἑαυτοῦο
678 1203 696 1235 ι
731 1186 793 1238 Δί
829 1187 1003 1258 χεῖρές
1053 1206 1145 1242 σου
1193 1188 1425 1243 ἔπλασαν
1466 1207 1551 1260 με,
1601 1191 1692 1243 καὶ

148 1271 409 1343 εωίησάν
467 1289 551 1342 με.
596 1292 613 1323 ι
650 1274 757 1327 Καὶ
793 1276 1327 1350 προσεπεξεργάσατο
1373 1277 1439 1331 ἂν
1490 1279 1691 1340 ἐκεῖνος

147 1364 236 1417 τὸν
264 1364 559 1434 Θαυμάσιον
590 1366 685 1434 τῆς
711 1369 971 1436 ποιήσεως
996 1369 1183 1422 ἑαυτοῦ
1208 1369 1402 1441 τρόπον
1425 1384 1438 1397 ·
1475 1364 1576 1422 «Ἦ
1599 1370 1693 1439 οὐχ

146 1453 333 1524 ὥσπερ
373 1454 509 1521 γάλα
544 1472 609 1523 με
650 1456 905 1527 ήμελξας,
955 1457 1228 1528 ὲτύρωσας
1279 1458 1335 1511 δέ
1374 1476 1439 1529 με
1470 1459 1558 1512 ῐσα
1608 1476 1695 1511 τυ-

151 1545 261 1615 ρῷς
299 1546 480 1617 Δέρμα
535 1549 626 1600 καὶ
673 1549 836 1619 κρέας
871 1566 935 1619 με
989 1550 1258 1615 ὲνέδυσας,
1291 1551 1492 1616 ὀστέοις
1518 1553 1571 1606 δὲ
1604 1554 1696 1605 καὶ

148 1637 363 1707 νεύροις
399 1638 465 1707 μὲ
522 1638 753 1710 ἐνειρας.
799 1641 948 1712 Ζωὴν
1002 1642 1178 1694 δὲκαὶ
1222 1642 1365 1705 ἔλεος
1393 1643 1513 1696 ἔθου
1568 1644 1693 1714 παρ’

149 1726 291 1794 ἐμοὶ,
322 1728 355 1796 ὴ
380 1726 437 1779 δὲ
474 1728 742 1799 ὲπισκοπή
789 1731 881 1781 σου
915 1729 1141 1797 ὲφύλαξέ
1175 1748 1272 1800 μου
1308 1733 1368 1784 τὸ
1401 1732 1634 1802 πνεῦμα.
1673 1753 1691 1783 ι

151 1816 329 1878 Πόσας
357 1818 466 1887 γὰρ
494 1818 723 1888 ἀτόμους
754 1821 781 1871 ὁ
826 1820 1141 1890 Ἐπικούρου
1172 1822 1370 1893 πατὴρ,
1398 1822 1493 1875 καὶ
1534 1840 1697 1875 ποτα-

82 1972 91 1979 .
150 1906 256 1963 πάς
285 1907 344 1969 ἐξ
366 1908 554 1961 ἑαυτοῦ
582 1909 855 1979 προέχεεν,
880 1911 954 1962 ὅτ’
980 1889 1413 1982 ἀπεσπέρμαινεν
1456 1914 1695 1966 Ἐπίκουο
1726 1889 1764 1941 Β

152 2011 241 2065 ρον
266 2012 279 2059 ;
308 1998 414 2049 Καὶ
437 1998 547 2061 πῶς
582 2001 658 2061 εἰς
687 2000 783 2069 τὴν
805 2000 1058 2069 μητρῴαν
1088 2001 1247 2053 αὑτοῦ
1291 2003 1693 2057 κατακλεισθεῖ-

152 2101 238 2136 eat
265 2086 523 2158 γαστέρα,
554 2089 951 2158 συνεπάγησαν,
993 2091 1484 2161 ὲσχηματίσθησαν,
1530 2096 1695 2165 ὲμορ-

151 2176 436 2246 φώθησαν,
476 2177 828 2257 ἐκινήθησαν,
871 2180 1244 2251 ηύξύνθησαν;
1288 2184 1396 2236 Καὶ
1443 2185 1695 2257 πολλὰςή

154 2267 377 2337 βραχεῖα
416 2270 563 2337 ῥανὶς
588 2268 686 2331 τὰς
726 2269 1038 2342 Ἐπικούρου
1065 2273 1294 2342 ἀτόμους
1332 2276 1697 2345 προσκαλεσα-

156 2360 308 2428 μένη,
346 2359 444 2421 τάς
470 2360 565 2428 μὲν
598 2360 927 2429 ὲπημφίεσεν
960 2361 1135 2414 αὐτῶν
1181 2363 1351 2434 δέρμα
1394 2366 1483 2418 καὶ
1524 2366 1697 2437 σάρκα

153 2449 465 2518 γενομένας,
496 2454 613 2513 ταῖς
642 2451 696 2505 δὲ
724 2452 1066 2515 ὀστωθείσαις
1090 2453 1400 2524 ὴνώρθωται
1425 2486 1443 2518 ,ν
1482 2460 1598 2519 ταῖς
1642 2458 1698 2510 δὲ

155 2538 403 2609 συνεδέθη
430 2542 956 2613 νευρορραφουμένης
985 2545 1049 2596 τά
1080 2561 1137 2596 τε
1171 2545 1301 2599 ἀλλα
1329 2546 1495 2599 πολλά
1542 2548 1696 2619 μέλη,

154 2628 245 2679 καὶ
273 2627 575 2698 σπλάγχνα,
604 2630 696 2682 καὶ
718 2630 938 2697 ἔγκατα,
969 2632 1061 2685 καὶ
1093 2632 1435 2703 αἰσθητήρια,
1485 2635 1553 2687 τά
1602 2636 1699 2705 μὲν

155 2716 382 2781 ἔνδοθεν,
412 2719 478 2770 τά
499 2718 555 2771 δὲ
574 2718 802 2789 θύραθεν
827 2721 1122 2791 ἐφήρμοσε,
1165 2722 1229 2773 δι’
1260 2715 1333 2774 ὧν
1361 2723 1695 2795 ὲζωογονήθη

156 2807 213 2861 τὺ
246 2806 437 2875 σῶμα;
463 2800 537 2858 ὧν
562 2808 712 2859 οὐδὲν
744 2809 910 2878 ἀργὸν
956 2810 1073 2861 οὐδὲ
1111 2810 1322 2881 ἀχρεῖον
1364 2812 1658 2885 προσετέθη
1682 2831 1695 2844 ·

156 2897 275 2949 επεὶ
310 2897 442 2966 μηδὲ
469 2897 536 2950 τά
566 2898 885 2966 φαυλότατα,
921 2902 1053 2969 μήτε
1077 2902 1275 2971 τρίχες,
1314 2905 1447 2974 μήτε
1478 2904 1663 2974 ὄνυχες
1682 2921 1696 2933 ·

160 2987 333 3040 πάντα
354 2988 427 3049 δὲ,
452 2987 518 3041 ’ἑά
548 2990 643 3058 μὲν
672 2990 802 3060 πρὸς
835 2990 894 3042 τὸ
916 2991 1012 3061 τῆς
1041 2993 1344 3056 συστάσεως
1376 2994 1583 3060 δφελος,
1634 2995 1701 3047 τά

157 3077 209 3129 δὲ
234 3077 370 3146 πρὸς
390 3077 449 3129 τὸ
471 3078 661 3142 κάλλος
696 3080 791 3149 τῆς
816 3078 986 3147 ὅψεως
1019 3082 1273 3135 συντελεῖ.
1328 3085 1399 3137 Οὐ
1456 3085 1563 3156 γὰρ
1605 3087 1700 3156 τῆς

158 3168 340 3236 χρείας
365 3166 548 3237 μόνης.
593 3168 724 3220 ἀλλὰ
770 3170 982 3239 καὶτῆς
1008 3170 1153 3240 ὥρας
1201 3170 1462 3240 ἐπιμελὴς
1496 3174 1527 3241 ή
1562 3173 1699 3242 Πρόο

156 3274 289 3310 νοια.
330 3259 545 3329 Ἔρυμα
580 3262 676 3329 μὲν
701 3260 806 3331 γὰρ
832 3260 924 3312 καὶ
951 3262 1243 3331 σκέπασμα
1271 3263 1447 3331 πάσης
1479 3264 1573 3334 τῆς
1609 3281 1699 3316 κε-

159 3348 328 3418 φαλῆς
356 3352 387 3419 ἡ
422 3350 563 3420 κόμη
581 3367 593 3379 ⁸
622 3350 917 3419 εὐπρέπεια
942 3350 996 3403 δὲ
1031 3354 1057 3405 ό
1082 3351 1275 3419 πώγων
1301 3352 1378 3420 τῷ
1410 3352 1693 3423 φιλοσόφῳ,

160 3440 265 3510 Τήν
296 3457 355 3493 τε
410 3439 501 3492 τοῦ
530 3439 649 3492 ὅλου
681 3437 925 3509 σώματος
967 3440 1058 3493 τοῦ
1090 3440 1418 3511 ἀνθρωπείου
1446 3441 1603 3511 φύσιν
1636 3445 1700 3495 ὲκ

161 3527 261 3579 τῶν
290 3528 469 3598 μερῶν
500 3528 803 3596 ἀναγκαίων
835 3529 1045 3582 πάντων
1078 3531 1305 3600 ἥρμοσε,
1341 3531 1431 3583 καὶ
1463 3535 1573 3594 τοῖς
1605 3532 1699 3602 μέ-

162 3616 272 3671 λεσι
294 3619 426 3671 πᾶσι
460 3620 554 3689 τήν
585 3636 642 3671 τε
672 3619 805 3689 πρὸς
830 3618 1027 3690 ἀλλήλα
1074 3620 1351 3675 κοινωνίαν
1396 3621 1697 3693 περιέϐαλε,

162 3708 253 3760 καὶ
289 3710 389 3779 τὴν
434 3707 582 3778 παρὰ
610 3708 702 3760 τοῦ
745 3709 863 3761 ὅλου
896 3711 1153 3780 χορηγίαν
1184 3711 1570 3782 ὲπεμέτρησεν.
1603 3706 1701 3765 Ὧν

162 3798 227 3849 τι
258 3786 361 3869 μὲν
382 3784 656 3871 ὁλοσχερῆ,
692 3800 783 3851 καὶ
813 3801 920 3860 τοῖς
968 3797 1195 3862 ίδιώταις
1222 3801 1285 3852 ὲκ
1335 3801 1432 3871 τῆς
1488 3802 1700 3873 πείρας,

165 3888 226 3958 ην
254 3888 364 3960 εχει
392 3888 643 3961 δύναμιν,
680 3889 942 3961 πρόδηλα·
989 3889 1223 3961 κεφαλῆς
1266 3892 1524 3961 ἡγεμονία
1550 3932 1564 3955 ,
1611 3894 1703 3946 καὶ

168 3980 289 4049 περὶ
336 3979 426 4032 τὸν
476 3980 791 4049 ἐγκέφαλον,
827 3980 1011 4048 ὥσπερ
1056 3981 1286 4051 ἄρχοντα
1318 3984 1373 4034 ὲν
1421 3984 1704 4052 ἀκροπόλει

166 4068 266 4124 τῶν
314 4069 611 4142 αἰσθήσεων
664 4074 697 4142 ἡ
727 4072 1042 4144 δορυφορία·
1108 4072 1421 4144 προσιοῦσαι
1609 4077 1704 4145 μὲν

167 4160 329 4229 “etc,
357 4159 771 4229 ἀναγγέλλουσαι
802 4162 856 4215 δὲ
891 4164 1064 4227 ἀκοαὶ,
1102 4163 1263 4233 ἐδωδὴ
1314 4162 1497 4239 ὥσπερ
1545 4183 1704 4237 φορο-

168 4249 415 4319 λογονῦσα,
441 4250 703 4323 “mox
730 4253 977 4325 καθάπερ
1011 4251 1357 4323 ἀνιχνεύουσα
1384 4255 1475 4307 καὶ
1496 4255 1704 4326 διερευ-

170 4342 399 4412 νωμένη,
425 4345 518 4395 καὶ
551 4343 662 4413 ἀφὴ
692 4345 796 4397 πᾶν
826 4344 1173 4397 διατάττουσα
1204 4344 1265 4396 τδ
1290 4346 1541 4414 ὑπήκοον.
1579 4344 1707 4415 (Ks-

172 4430 479 4499 φαλαιωδῶς
497 4430 604 4501 γάρ
623 4431 717 4484 νῦν
737 4431 889 4500 ὀλίγα
906 4432 1012 4485 τῶν
1031 4433 1128 4503 τῆς
1147 4433 1419 4500 πανσόφου
1452 4432 1705 4503 Προνοίας

1313 437 1627 495 ΡΜΡΔΒ.
1665 436 1913 491 EVANG.
1956 435 2080 490 LIB.
2122 436 2258 493 XIV.

3204 441 3336 495 i282

2337 550 2563 609 CAPUT
2596 551 2781 606 XXVI.

1854 638 1999 693 Idem
2026 655 2089 693 ex
2116 641 2337 695 hominis
2369 652 2560 695 natura
2590 643 2938 697 concluditur.
2968 640 3048 695 Ex
3072 642 3269 696 eodem.

1867 748 1885 781 ι
1920 732 1996 784 Ac
2029 746 2094 784 ne
2121 746 2181 786 se
2213 731 2426 801 quidem
2468 734 2632 802 ipsos,
2675 732 2872 802 inquit,
2904 746 3001 787 nec
3029 746 3150 801 qua:
3171 739 3336 787 natu-

1793 834 1864 873 ra:
1889 834 1999 873 sua:
2028 820 2241 889 propria
2271 830 2417 885 sunt,
2466 822 2553 876 isti
2582 821 2782 875 vident.
2820 818 2875 874 Si
2923 821 3044 889 quis
3073 820 3217 872 enim
3268 834 3336 872 ex

1794 910 1897 966 iiiis
1923 911 2098 980 impia:
2126 912 2385 967 doctrina:
2442 914 2795 984 principibus,
2849 914 2941 983 qui
2972 913 3207 973 tandem,
3245 921 3337 965 aut

1795 1005 1935 1059 unde
1966 1005 2057 1069 sit,
2084 1020 2206 1059 cum
2234 1006 2414 1060 animo
2443 1014 2713 1075 reputaret
2739 1020 2860 1067 suo,
2887 1005 2932 1060 is
2966 1002 3200 1073 profecto
3222 1007 3335 1055 vel-

1793 1108 1853 1151 ut
1893 1096 1946 1149 in
1982 1097 2178 1151 suimet
2199 1112 2416 1151 sensum
2436 1098 2721 1160 adductus,
2747 1106 2959 1166 saperet
2986 1096 3147 1160 illico,
3181 1103 3339 1163 atque

1794 1188 1896 1241 hac
1926 1202 2077 1252 voce,
2104 1204 2211 1242 non
2238 1189 2349 1257 jam
2399 1197 2628 1253 atomos,
2653 1189 2744 1244 sed
2784 1187 2994 1242 Patrem
3031 1188 3143 1255 ipse
3172 1185 3337 1237 Crea-

1794 1286 2070 1346 toremque
2103 1294 2260 1331 suum
2288 1280 2594 1348 appellaret,
2646 1298 2664 1329 ι
2698 1278 2886 1334 Manus
2925 1288 3027 1333 tuze
3077 1278 3340 1332 formave-

1795 1376 1919 1421 runt
1952 1384 2055 1434 me,
2093 1377 2147 1421 et
2173 1367 2417 1423 fecerunt
2453 1384 2537 1423 me
2567 1370 2606 1421 '.
2645 1388 2662 1418 ι
2700 1368 2762 1422 Et
2786 1367 3232 1438 quemadmodum
3264 1365 3340 1418 al—

1795 1466 1875 1511 ter
1908 1458 2015 1522 ille,
2044 1459 2412 1513 admirabilem
2442 1461 2737 1513 molitionis
2771 1476 2879 1513 su;c
2927 1459 3184 1513 rationem
3218 1472 3339 1528 per-

1797 1559 2016 1616 texeret,
2046 1570 2064 1601 ι
2094 1548 2283 1604 Nonne
2336 1551 2476 1604 sicut
2525 1552 2607 1604 lac
2654 1549 2883 1605 mulsisti
2937 1565 3042 1611 me,
3096 1559 3148 1602 et
3200 1548 3343 1602 sicut

1797 1648 2013 1693 caseum
2039 1654 2125 1693 me
2158 1638 2453 1709 coaguiasti
2477 1638 2500 1691 ‘3
2527 1637 2667 1693 Pelle
2696 1648 2749 1692 et
2776 1654 2939 1693 carne
2973 1638 3181 1692 vestisti
3233 1652 3339 1702 me,

1797 1732 2011 1786 ossibus
2038 1739 2091 1785 et
2124 1731 2303 1785 nervis
2326 1732 2642 1800 compegisti
2703 1745 2805 1784 me.
2845 1729 3019 1783 Vitam
3044 1740 3096 1783 et
3126 1729 3341 1782 miseri-

1798 1821 2034 1874 cordiam
2085 1820 2316 1874 tribuisti
2372 1821 2523 1883 mihi,
2555 1830 2606 1871 et
2661 1820 2895 1873 visitatio
2928 1829 3016 1872 tua
3049 1818 3341 1896 custodivit

1794 1910 2040 1977 spiritum
2090 1926 2267 1964 meum
2297 1910 2337 1963 '.
2404 1929 2422 1961 ι
2464 1908 2604 1975 Quot
2628 1912 2791 1973 enim,
2826 1910 3036 1975 amabo,
3086 1907 3343 1974 etcujus-

1796 2002 1939 2054 modi
1966 2008 2175 2054 atomos
2196 1999 2405 2069 Epicuri
2426 2012 2574 2069 pater
2604 2017 2669 2053 ex
2700 2016 2756 2053 se
2780 1999 3036 2068 profudit,
3065 2014 3185 2052 cum
3218 1997 3343 2065 Epi-

1794 2100 1981 2145 curum
2024 2090 2441 2159 proseminaret?
2501 2090 2661 2161 779
2708 2090 2993 2156 Quomodo
3050 2090 3103 2142 in
3155 2089 3342 2143 matris

1795 2184 1914 2249 ejus
1936 2181 2112 2235 alvum
2148 2182 2369 2236 inclusae
2399 2182 2736 2245 coaluerunt,
2760 2182 2985 2251 ﬁguram
3016 2196 3079 2235 ac
3109 2178 3341 2234 formam

1792 2268 2141 2340 acceperunt,
2172 2282 2455 2325 commota
2493 2281 2638 2335 sunt,
2667 2282 2835 2325 auctae
2862 2271 3030 2325 sunt?
3060 2269 3344 2337 Quomodo

1799 2378 1886 2416 ros
1922 2362 2009 2416 ille
2044 2363 2387 2431 perexiguus,
2421 2362 2680 2429 plurimas
2723 2362 2933 2430 Epicuri
2977 2372 3184 2416 atomos
3218 2377 3337 2417 cum

1797 2453 2130 2515 advecasset,
2159 2453 2292 2506 alias
2318 2452 2370 2504 in
2396 2463 2569 2506 cutem
2603 2466 2929 2521 carnemque
2950 2460 3184 2506 mutatas
3215 2467 3341 2507 con-

1798 2542 2029 2605 vestivit,
2066 2540 2185 2594 aliis
2208 2541 2259 2593 in
2296 2555 2417 2594 ossa
2447 2540 2723 2594 conversis
2758 2540 2987 2593 erectior
3026 2555 3089 2593 ac
3122 2539 3343 2595 solidior

1798 2633 2059 2694 constitit,
2098 2632 2219 2686 aliis
2266 2645 2552 2683 nervorum
2600 2631 2882 2697 complexu
2948 2630 3183 2697 illigatus
3214 2628 3344 2684 est?

1798 2721 1916 2789 Quo
1933 2723 2161 2790 denique
2182 2722 2342 2775 modo
2363 2722 2468 2773 vim
2490 2730 2691 2774 tantam
2715 2722 3075 2774 membrorum
3092 2722 3345 2786 aliorum,

1798 2812 2087 2873 viscerum,
2116 2810 2515 2870 intestinorum,
2562 2823 2757 2863 sensus
2814 2810 3297 2863 instrumentorum
3327 2846 3346 2872 ,

1798 2902 2125 2955 intrinsecus
2172 2900 2572 2953 extrinsecusve
2616 2899 2886 2961 conﬂavit,
2926 2915 3047 2969 qua:
3073 2901 3252 2954 vivum
3283 2915 3351 2954 ac

1800 2994 2008 3061 spirans
2030 3005 2225 3058 corpus
2254 2988 2525 3043 eiliceret?
2555 2986 2689 3042 Nam
2707 3005 2770 3044 ex
2794 2990 2902 3044 illis
2936 2990 3150 3059 quidem
3171 2991 3346 3046 omni-

1802 3085 1902 3137 bus
1940 3084 2171 3136 otiosum
2223 3080 2356 3134 nihil
2386 3090 2486 3145 est,
2520 3081 2650 3133 nihil
2688 3081 2891 3143 inutile,
2934 3096 3039 3133 non
3091 3081 3205 3149 pili,
3236 3096 3345 3135 non

1801 3185 2028 3241 ungues,
2058 3186 2163 3224 non
2184 3180 2373 3224 caetera
2397 3186 2516 3239 qua:
2534 3170 2894 3239 abjectissima
2916 3170 3082 3223 videri
3108 3172 3343 3240 possint:

1802 3264 1981 3316 omnia
2015 3266 2097 3316 vel
2120 3264 2187 3316 ad
2211 3261 2640 3316 constituendam
2671 3262 2789 3331 ejus
2836 3262 3219 3332 integritatem,
3263 3263 3347 3318 vei

1800 3355 1867 3408 ad
1895 3354 2124 3423 speciem
2156 3353 2581 3425 dignitatemque
2636 3353 2969 3407 conducunt.
3038 3351 3147 3408 Nec
3203 3354 3344 3407 enim

1800 3445 1920 3497 usui
1944 3445 2202 3496 duntaxat
2227 3443 2315 3495 uni
2369 3440 2737 3506 Providentia,
2781 3443 2872 3497 sed
2907 3441 3069 3498 etiam
3108 3442 3345 3511 pulchri-

1804 3534 1973 3587 tudini
2008 3548 2067 3586 ac
2092 3533 2271 3586 formae
2293 3532 2565 3601 prospicit.
2593 3531 2778 3601 Itaque
2801 3534 2963 3587 totius
2998 3533 3189 3602 capitis
3218 3546 3345 3601 pro-

1801 3614 2157 3695 pugnaculum
2190 3622 2458 3691 quoddam
2505 3637 2568 3675 ac
2614 3629 2981 3690 tegumentum
3035 3636 3189 3675 coma
3219 3630 3343 3676 est:

1798 3717 1961 3772 barba
1984 3714 2285 3785 philosophi
2312 3713 2476 3767 decus
2522 3720 2576 3765 et
2603 3720 3007 3767 ornamentum.
3058 3712 3151 3766 Illa
3186 3713 3346 3782 igitur

1801 3808 1989 3878 integni
2022 3806 2265 3876 corporis
2315 3804 2537 3858 humani
2592 3810 2842 3857 naturam
2884 3818 2949 3856 ex
2980 3803 3224 3872 partibus
3251 3820 3343 3859 ne-

1801 3897 2051 3952 cessariis
2074 3895 2326 3950 omnibus
2344 3893 2754 3964 coagmentavit,
2778 3892 3145 3963 membrisque
3174 3895 3351 3951 omni-

1801 3988 1903 4055 bus
1928 4001 2053 4042 cum
2091 3994 2330 4039 mutuam
2357 3985 2497 4039 inter
2521 3999 2578 4040 se
2622 3985 3059 4039 communionem
3113 3985 3303 4041 indidit
3325 4026 3345 4051 ,

1801 4088 1913 4133 tum
1946 4093 2011 4132 ex
2049 4078 2213 4132 totius
2238 4077 2397 4132 etiam
2425 4077 2617 4146 opibus
2638 4076 2845 4147 prolixe
2872 4075 3160 4131 admodum
3192 4090 3254 4130 ac
3284 4076 3348 4131 li-

1803 4169 2052 4223 beraliter
2073 4168 2329 4223 admensa
2352 4175 2452 4223 est.
2478 4165 2544 4221 Et
2558 4166 2799 4221 membra
2814 4164 3029 4235 quidem
3052 4166 3337 4233 potissima

1802 4274 1962 4329 quam
1989 4257 2096 4310 vim
2124 4264 2176 4311 et
2193 4254 2500 4311 facultatem
2528 4256 2779 4320 habeant,
2809 4269 2912 4309 usu
2944 4263 2998 4307 et
3023 4255 3349 4324 experientia

1804 4348 1903 4417 ipsi
1935 4348 2097 4401 etiam
2127 4343 2304 4400 idiota:
2326 4350 2527 4419 norunt
2554 4360 2567 4395 :
2594 4342 2785 4411 capitis
2810 4342 3160 4413 principatus.
3206 4346 3348 4401 circa

1805 4436 2079 4491 cerebrum
2105 4441 2360 4501 tanquam
2386 4430 2789 4500 imperatorem,
2821 4446 3075 4490 sensuum
3106 4432 3162 4487 in
3197 4448 3351 4489 acro—

173 4519 338 4589 ιργων
367 4516 823 4589 ὲπιδραμαύμεθα,
854 4521 970 4587 μετ’
993 4518 1165 4587 ὀλίγον
1184 4517 1580 4589 ἀκριϐέστερον,
1610 4516 1699 4569 τοῦ

1810 4528 1915 4599 poli
1949 4504 2189 4581 excubim
2214 4532 2375 4593 atque
2404 4522 2674 4593 praesidia,
2718 4523 3122 4593 progredientes
3156 4525 3291 4579 oculi
3324 4566 3339 4590 ,

171 4608 297 4663 Θεοῦ
330 4608 575 4671 διδόντος,
605 4606 1115 4678 ἑπεξεργασόμενοι,
1160 4610 1285 4661 ὅταν
1318 4607 1450 4679 πρὸς
1480 4606 1569 4658 τὸν
1622 4607 1699 4659 δο-

1811 4632 1967 4672 aures
1994 4614 2218 4671 nuntios
2249 4612 2595 4681 perferentes,
2632 4620 2880 4683 gustatus
2907 4614 3051 4667 velut
3079 4629 3351 4685 commea-

174 4697 365 4753 κοῦντα
384 4696 698 4767 λαγιώτερον
722 4696 1148 4767 ἀποτεινώμεθα.
1170 4698 1188 4767 )
1210 4697 1417 4769 Χειρῶν
1443 4695 1702 4757 διακονία,

173 4790 234 4842 δι’
254 4785 326 4844 ὧν
350 4790 599 4861 ἐργασίαι
622 4804 680 4840 τε
713 4790 978 4850 παντοῖαι,
1007 4788 1101 4839 καὶ
1120 4789 1250 4840 πολυ
1260 4789 1483 4858 μήχανοι
1504 4785 1707 4838 τελοῦν-

172 4894 256 4934 sui.
274 4882 476 4951 τέχναι,
491 4880 609 4941 ταῖς
630 4875 770 4931 κατά
792 4876 951 4947 μέρος
976 4875 1261 4945 δυνάμεσιν
1283 4880 1359 4938 είς
1380 4876 1503 4945 μίαν
1529 4890 1707 4942 συνερ-

175 4973 293 5040 γίαν
314 4970 746 5043 διηρθρωμένων,
774 4968 939 5038 ὤμων
959 4985 1020 5021 τε
1046 4969 1384 5038 ἀχθοφορίαι,
1421 4966 1512 5018 καὶ
1552 4981 1707 5017 κατο·

178 5063 264 5133 χαὶ
286 5060 579 5124 δακτύλων,
608 5058 865 5127 ἀγκώνων
882 5074 940 5109 τε
966 5058 1202 5127 καμπαὶ,
1228 5058 1362 5126 πρός
1388 5071 1445 5109 τε
1469 5054 1527 5106 τδ
1552 5052 1708 5123 σῶμα

178 5149 300 5205 εἴσω
327 5149 703 5221 στρεφόμενα,
733 5148 824 5201 καὶ
863 5147 997 5217 πρὸς
1034 5146 1095 5198 τὸ
1138 5146 1294 5209 ἐκτὸς
1330 5143 1704 5207 ἀπονεύουσαι,

176 5244 259 5298 ῐνα
277 5242 592 5311 haudid
621 5258 679 5294 τε
707 5240 800 5293 καὶ
843 5238 1168 5306 ἀπωθεῖσθαι
1203 5237 1491 5291 δύνωνται·
1534 5236 1710 5289 ποδῶν

179 5333 459 5408 ὑπηρεσία,
508 5332 576 5387 δι’
602 5325 677 5387 ὢν
704 5333 851 5385 dum
880 5333 1007 5403 ἡμῖν
1034 5328 1420 5382 brae-trimetst
1467 5328 1502 5396 ἡ
1556 5326 1708 5396 περί-

180 5440 317 5492 rm:
343 5422 536 5486 nim.
562 5421 789 5494 βάσιμος
821 5424 855 5493 ἡ
884 5421 976 5492 γῆν
1000 5419 1181 5489 ulmi:
1210 5420 1243 5489 ἠ
1269 5416 1528 5481 θάλασσαν
1553 5416 1712 5485 περᾶν

183 5530 321 5585 eum
350 5513 401 5567 oi
433 5511 683 5583 ποταμοὶ,
714 5512 809 5565 καὶ
832 5511 1046 5565 πάντων
1066 5508 1202 5579 πρὸς
1235 5508 1411 5563 πάντα
1440 5502 1707 5574 isquiis.

182 5602 385 5675 Γαπὴρ
426 5603 648 5673 ταμεῖον
693 5600 906 5672 τροφῶν
943 5602 1074 5655 πᾶσι
1116 5602 1227 5661 τοῖς
1264 5595 1710 5666 συντεταγμένοις

248 5714 265 5744 ⁸
284 5710 639 5781 PsaLsx'rm,
666 5711 752 5766 75.
828 5713 850 5743 '
876 5709 977 5767 Job
998 5727 1050 5777 ι,
1081 5706 1263 5769 10-12.

248 5822 354 5894 (³ο)
391 5821 553 5879 Forte
590 5824 768 5893 προῐσ.

1808 4714 1917 4758 tum
1948 4715 2323 4771 annonamque
2337 4701 2663 4767 convehens,
2682 4700 2911 4757 olfactus
2939 4702 3197 4772 indagans
3223 4718 3352 4773 quo-

1807 4788 2089 4843 dammodo
2107 4796 2266 4857 atque
2282 4786 2568 4853 vestigans.
2593 4794 2767 4841 tactus
2783 4787 2995 4841 subdita
3008 4788 3185 4842 omnia
3202 4789 3349 4857 dige-

1807 4894 1931 4935 rens
1949 4889 2001 4934 et
2023 4874 2475 4945 ordinans.(Nunc
2500 4877 2641 4931 enim
2666 4892 2730 4931 ex
2748 4878 3155 4947 sapientissime
3168 4875 3352 4931 Provi-

1806 4970 1999 5025 dentia
2022 4968 2270 5038 operibus
2299 4968 2607 5023 summatim
2633 4982 2799 5037 pauca
2814 4976 3020 5022 tantum
3036 4966 3210 5036 aliqua
3226 4981 3319 5036 per
3332 4996 3349 5007 -

1807 5061 2096 5124 currimus,
2122 5059 2282 5113 iidem
2331 5059 2492 5129 paulo
2513 5066 2655 5129 post,
2688 5074 2812 5114 cum
2843 5059 3103 5113 advenas
3156 5057 3307 5113 illum
3335 5100 3349 5124 ,

1808 5144 1962 5219 cujus
1987 5146 2160 5217 major
2206 5158 2289 5202 est
2332 5146 2650 5202 eruditionis
2671 5146 2875 5217 opinio,
2908 5144 3305 5214 disputabimus
3334 5185 3351 5210 ,

1809 5240 2047 5304 uberius,
2074 5237 2183 5294 Deo
2201 5238 2357 5305 dum,
2390 5254 2456 5294 ac
2479 5239 2695 5309 plenius
2712 5236 2894 5291 omnis
2920 5239 3349 5305 persequemur.)

1807 5333 2061 5389 Mannum
2082 5347 2209 5404 ergo
2230 5332 2483 5405 deinceps
2513 5332 2895 5395 ministerium,
2913 5344 3037 5401 qua:
3058 5330 3235 5387 omnis
3263 5345 3354 5404 go-

1808 5415 1953 5479 net‘fs
1974 5420 2277 5477 functiones
2307 5423 2526 5483 obeunt,
2562 5429 2807 5487 artesque
2838 5417 3135 5472 moliuntur
3164 5418 3352 5487 singu-

1809 5513 1938 5568 laris
1983 5511 2201 5582 ingenii,
2252 5512 2485 5582 prapriis
2530 5510 2833 5580 quibusque
2891 5506 3239 5563 facultatibus
3281 5507 3353 5561 tul

1810 5618 1970 5659 unam
2037 5602 2370 5659 {unctionem
2416 5601 2724 5658 societatem
2772 5600 3086 5656 instrueun:
3138 5597 3347 5655 humeri
