4014 6340
670 436 809 493 1285

1290 428 1554 485 EUSEBl'l
1589 425 2060 484 CJESARIENSIS
2098 423 2245 502 Ol’P.
2286 420 2461 476 PARS
2497 419 2558 474 ll.
2593 451 2660 461 -
2702 416 3184 475 APOLOGETICA.

3735 405 3860 460 1281

671 549 942 620 gestandis
967 547 1221 602 oneribus
1253 539 1452 614 idonei,
1478 540 1766 618 digitorum
1797 545 2204 615 prehensiones.

2333 542 2521 594 ιέλεσιν
2553 539 2612 604 ἐξ
2660 540 2852 608 ἑαυτῆς
2905 540 2962 591 ὲν
3011 537 3190 607 μέτρῳ
3235 533 3295 585 τὸ
3342 526 3862 620 σιτηρέσιονΑδιανέ-

670 641 924 696 ﬂexiones
946 639 1270 704 cubitorum,
1299 653 1420 708 qua!
1447 639 1524 691 nti
1561 653 1644 691 res
1673 638 1755 692 vel
1791 638 2056 690 attrahere
2081 651 2208 705 pos-

673 727 782 780 sint
807 727 889 780 vel
929 726 1210 795 depellere,
1263 727 1586 780 intrinsecus
1629 726 2068 793 extrinsecusque
2093 739 2209 778 ver-

674 821 858 866 santur
889 832 900 866 ε
937 812 1137 882 pedum
1161 813 1501 881 obsequium,
1529 828 1622 881 per
1670 829 1806 882 quos
1832 823 2012 868 creata
2065 814 2208 866 circa

677 910 869 956 terram
897 903 1074 956 omnia
1103 903 1260 956 nobis
1288 903 1673 966 obsecundant,
1705 904 1866 973 780
1888 904 2085 972 quibus
2107 912 2212 956 ter-

674 1005 748 1044 ra:
769 1000 1139 1061 peragrantur,
1173 993 1492 1060 navigantur
1521 994 1691 1046 maria
1711 1035 1727 1058 ,
1756 993 1905 1046 ﬂuvii
1932 992 2213 1063 trajiciun-

676 1092 786 1145 tur,
812 1083 1049 1136 omnium
1093 1084 1414 1137 commercia
1472 1099 1595 1137 cum
1645 1085 1896 1138 omnibus
1938 1085 2209 1138 ineuntur.

677 1168 876 1225 Venter
919 1172 1159 1226 ciborum
1207 1175 1494 1237 aerarium,
1549 1175 1804 1229 membris
1839 1176 2090 1228 omnibus
2117 1191 2214 1229 suo

679 1261 982 1330 quibusque
1015 1263 1130 1316 loco
1158 1263 1412 1317 etordine
1441 1264 1737 1330 collocatis,
1750 1266 1948 1333 justam
1979 1281 2073 1334 per
2098 1281 2215 1320 sese

681 1362 946 1404 annonam
977 1351 1322 1415 distribuens,
1357 1361 1409 1405 et
1428 1352 1686 1421 quidquid
1713 1353 2042 1422 superﬂuum
2089 1362 2213 1415 est,

681 1440 920 1508 ejiciens.
947 1440 1022 1493 Ac
1046 1448 1266 1501 uetera,
1295 1455 1525 1508 quorum
1568 1442 1619 1493 vi
1653 1442 1900 1495 humanm
1952 1442 2216 1496 ﬁrmitatis

683 1535 737 1579 et
766 1528 1189 1581 conservationis
1235 1530 1370 1581 ratio
1399 1530 1725 1582 continetur.
1775 1530 1972 1584 Horum
2001 1545 2131 1584 usus
2166 1530 2218 1582 in

686 1618 863 1672 stultis
887 1633 1036 1685 mque
1068 1619 1503 1687 sapientibusque
1518 1620 1710 1673 similis
1729 1629 1828 1684 est,
1847 1621 2082 1689 cognitio
2106 1619 2217 1674 dis-

687 1708 896 1761 similis.
928 1709 1029 1760 Alii
1056 1709 1251 1776 quippe
1278 1723 1440 1775 quatn
1484 1709 1667 1762 animo
1690 1709 2016 1762 divinitatem
2053 1708 2220 1763 infor-

687 1800 903 1866 tnarint,
932 1801 994 1853 ad
1018 1815 1154 1860 eam,
1191 1808 1249 1852 ut
1271 1815 1390 1868 quae
1409 1816 1584 1853 rerum
1609 1789 1847 1853 omnium
1867 1801 2220 1855 scientissima

2309 649 2496 702 μουσα,
2531 631 2624 684 καὶ
2667 633 2727 682 τὸ
2757 629 3063 700 περιττεῦον
3093 624 3427 694 ἐκτιθεμένη.
3477 621 3590 674 Καὶ
3620 617 3701 670 τά
3733 615 3860 670 ἄλλα

2304 723 2368 775 δι’
2400 724 2536 775 ὅσων
2557 721 2809 791 εμφανῶς
2834 724 2866 791 ή
2900 719 3156 789 διοίκησις
3181 717 3273 786 τῆς
3302 712 3642 784 ἀνθρωπείου
3687 725 3860 778 μεμηο

2307 814 2529 882 χάνηται
2593 812 2846 880 διανομῆς
2906 809 3035 880 (51).
3089 803 3185 859 Ὧν
3213 806 3408 876 ὁμοίως
3458 806 3573 865 τοῖς
3624 801 3860 870 ἄφροσιν

2307 905 2517 973 ἔχοντες
2545 906 2592 956 oi
2623 905 2773 970 σοφοὶ
2810 902 2904 970 τὴν
2954 901 3127 971 κρίσιν
3163 899 3294 967 (5‘2),
3344 897 3441 948 οὐκ
3493 896 3715 962 ἴσχουσι
3770 890 3860 960 τὴν

2307 994 2521 1060 γνῶσιν.
2552 995 2612 1045 Oi
2646 995 2741 1062 μὲν
2767 992 2873 1061 γὰρ
2899 993 2976 1053 εἰς
2995 991 3059 1060 ἣν
3081 990 3144 1043 ἂν
3161 988 3408 1058 οίηθῶσιν
3432 985 3707 1053 ἀθεότητα
3727 983 3858 1050 (33),

2308 1086 2405 1152 τὴν
2445 1077 3006 1152 ἐπιστημονικωτάτην
3037 1079 3418 1150 περιστάντων,
3471 1075 3568 1128 καὶ
3619 1074 3730 1142 τὴν
3787 1074 3857 1134 εἰς

2312 1176 2532 1236 ἑαυτοὺς
2581 1173 3065 1243 εὖεργετικωτάτην
3116 1169 3468 1238 ἀναφέρουσιν
3517 1162 3858 1231 οἰκονομίαν,

2312 1265 2610 1335 κρείττονος
2637 1265 2730 1316 καὶ
2756 1263 2900 1324 θείας
2932 1262 3094 1323 ὅντως
3127 1257 3430 1330 φρονήσεώς
3458 1274 3514 1308 τε
3545 1257 3644 1308 καὶ
3697 1253 3859 1305 δυνά-

2317 1374 2454 1425 μεως
2481 1355 2636 1426 ἔργον
2669 1355 2832 1423 αὐτὴν
2862 1349 2994 1405 εἶναι
3029 1351 3362 1420 πιστούμενοι
3384 1365 3396 1377 '
3427 1351 3475 1400 oi
3501 1347 3558 1399 δὲ
3598 1345 3862 1412 συντυχία

2314 1446 2408 1497 καὶ
2439 1442 2748 1513 συμπτώσει
2769 1443 2874 1494 τῶν
2898 1443 3108 1511 ἀτόμων
3130 1441 3376 1502 ἀσκόπως
3407 1438 3505 1508 τὴν
3532 1438 3858 1506 θαυμασιω-

2315 1532 2478 1602 τάτην
2511 1533 2848 1602 καλλιεργίαν
2877 1530 3197 1584 ἀνατιθέασι.
3227 1529 3334 1598 Τὴν
3379 1528 3433 1580 δὲ
3466 1527 3862 1596 ἐνεργεστέραν

2318 1621 2397 1675 ἔτι
2418 1621 2618 1674 τούτων
2644 1622 2940 1690 ἐπίσκεψιν,
2981 1622 3072 1672 καὶ
3096 1621 3190 1690 τὴν
3218 1619 3320 1672 τῶν
3367 1610 3650 1670 ὲνδοσθίων
3686 1615 3863 1668 διάθε-

2321 1731 2423 1776 σιν,
2455 1713 2624 1781 ίατροὶ
2651 1712 2766 1780 μὲν,
2792 1711 3026 1780 ἀκριϐῶς
3053 1709 3516 1780 διερευνησάμενοι
3550 1709 3644 1759 κα)⁸
3697 1722 3865 1758 κατα-

2321 1801 2631 1868 πλαγέντες,
2663 1800 2962 1865 ὲξεθείασαν
2993 1799 3086 1869 τὴν
3111 1799 3295 1866 φύσιν·
3320 1801 3474 1866 ἡμεῖς
3506 1797 3561 1848 δὲ
3615 1797 3863 1865 ὓστερον,

688 1889 776 1951 sit,
807 1898 966 1957 atque
1003 1888 1054 1941 in
1081 1903 1138 1941 se
1161 1889 1306 1955 ipsos
1340 1887 1846 1946 beneticentissima.
1878 1895 2048 1940 totam
2086 1886 2222 1940 refe-

2333 1894 2395 1955 ὥς
2421 1891 2484 1945 ἀν
2509 1887 2685 1944 οἷοίτε
2713 1891 2988 1960 γενώμεθα
3009 1931 3022 1950 ,
3057 1891 3156 1942 κᾶν
3181 1889 3429 1958 ἐπιπολῆς
3454 1887 3586 1955 (54),
3617 1887 3864 1938 ἀναθεω-

689 1988 816 2033 runt
846 1980 1006 2048 hujus
1028 1977 1339 2033 oeconomiae
1364 1980 1644 2042 rationem,
1673 1979 1815 2046 quod
1841 1972 1955 2030 eam
1981 1979 2223 2045 superio-

690 2071 768 2123 ris
789 2069 1066 2136 cujusdam
1096 2083 1419 2137 prorsusque
1450 2068 1640 2121 divina:
1659 2083 1779 2121 cum
1814 2070 2085 2136 sapientiae
2113 2078 2223 2120 tum

692 2158 968 2228 potestatis
999 2172 1133 2226 opus
1165 2158 1468 2211 existiment
1495 2175 1507 2209 :
1540 2156 1629 2208 alii
1669 2155 2098 2219 contra,iusulse
2129 2155 2224 2208 ad-

693 2248 932 2310 modum,
958 2246 1181 2300 fortunae
1213 2257 1265 2300 et
1285 2250 1433 2302 casui
1465 2248 1984 2303 administrationem
2017 2244 2228 2302 summa

697 2339 1071 2407 dignissimam
1111 2338 1466 2392 admiratione
1515 2337 1826 2393 defendunt.
1866 2337 1934 2392 At
1957 2352 2084 2392 vero
2115 2337 2216 2391 eﬂi-

695 2429 957 2484 caciorem
990 2429 1162 2482 adhuc
1191 2445 1367 2482 rerum
1398 2430 1624 2482 istarum
1657 2429 2232 2489 considerationem,et

693 2520 927 2590 partium
949 2519 1260 2587 interiorum
1296 2521 1582 2582 rationem,
1612 2519 1804 2572 medici
1836 2521 2049 2586 quidem
2074 2520 2233 2574 altius

695 2609 1109 2680 diligentiUsque
1136 2610 1334 2672 rimati,
1366 2624 1429 2662 ac
1453 2609 1822 2662 vehementius
1845 2611 2115 2672 admirati,
2143 2610 2196 2662 di
2217 2640 2232 2651 -

695 2700 971 2752 vinitatem
1005 2708 1206 2752 naturae
1248 2699 1547 2751 tribuerunt
1577 2714 1590 2748 :
1641 2713 1738 2751 nos
1771 2714 1884 2750 eam
1921 2710 2123 2766 postea,
2150 2701 2229 2766 je-

694 2790 828 2857 juno
875 2788 1120 2843 fortassis
1160 2799 1211 2841 et
1256 2790 1486 2852 exiliter,
1519 2798 1572 2842 at
1610 2803 1704 2856 pro
1752 2788 2004 2842 facultate
2052 2799 2231 2842 nostra

699 2893 1097 2947 persequemur.
1126 2877 1276 2931 Nunc
1302 2888 1357 2932 ut
1386 2880 1631 2931 universe
1665 2878 1767 2932 hoc
1811 2881 2230 2947 summatimque

700 2969 962 3032 dicamus,
993 2966 1209 3034 Ecquis,
1239 2967 1480 3023 obsecro.
1521 2969 1808 3020 totumhoc
1836 2968 2236 3022 tabernaculum

700 3056 992 3110 fabricatus
1019 3067 1118 3122 est,
1147 3058 1396 3119 sublime,
1451 3057 1652 3120 altum,
1688 3067 1926 3110 erectum
1953 3098 1967 3121 ,
2000 3059 2236 3126 elegans,

703 3148 769 3200 ad
798 3163 1040 3212 sensum,
1093 3158 1334 3213 motum,
1387 3149 1670 3209 actionem,
1722 3157 1774 3200 et
1827 3163 1983 3200 omne
2023 3149 2236 3216 quidem

2326 1984 2578 2052 ρήσομεν.
2617 1982 2856 2034 Καθόλου
2889 1981 2941 2034 δὲ
2994 1981 3084 2033 καὶ
3136 1979 3424 2049 συλλήϐδην
3451 1979 3570 2030 ὅλον
3608 1977 3775 2030 τοῦτο
3811 1979 3866 2029 τὸ

2327 2075 2517 2142 σκῆνος
2538 2073 2617 2134 τίς
2642 2073 2873 2125 τοιοῦτον
2901 2071 3334 2140 ὲσκηνοποίησεν,
3379 2069 3577 2138 ὑψηλὸν
3600 2111 3616 2134 ,
3660 2069 3865 2138 ὖρθιον,

2326 2161 2606 2234 ιθρυθμον,
2639 2162 2971 2231 εὐαίσθητον,
3001 2163 3292 2231 εὐκίνητον,
3321 2149 3558 2229 εὐεργδν,
3597 2176 3868 2229 παντουρ-

2327 2251 2420 2318 γόν
2442 2267 2456 2315 ;
2490 2251 2552 2303 'H
2572 2251 2678 2304 τῶν
2703 2253 2913 2321 ἀτόμων
2935 2252 3301 2319 ἄλογοςέφασὶ,
3329 2251 3550 2320 πληθύς.
3597 2251 3740 2303 Ἀλλ’
3763 2251 3867 2301 οὑδ⁴

2329 2341 2394 2394 ἀν
2423 2340 2863 2410 είκόνα,πηλίνην
2892 2343 3087 2393 ἐκεῖναι
3116 2339 3452 2392 συνελθοῦσαι
3476 2341 3742 2393 πλάσαιεν
3764 2340 3868 2391 οὐδ’

2330 2432 2611 2501 ἀνδριάντα
2643 2431 2835 2483 λίθινον
2867 2431 3090 2493 ξέσαιεν,
3120 2430 3224 2483 οὐδ’
3250 2430 3313 2483 ἂν
3359 2430 3566 2482 εἴδωλον
3597 2430 3869 2500 ἀργυροῦν

2331 2522 2362 2591 ἢ
2398 2520 2622 2592 χρυσοῦν
2649 2519 2979 2588 χωνεύσασαι
3017 2520 3422 2587 προσαγάγοιεν.
3481 2520 3640 2570 Ἀλλὰ
3685 2520 3872 2587 τέχναι

2334 2615 2424 2665 καὶ
2457 2612 2784 2680 χειρουργῐαι
2817 2610 3012 2660 τούτων
3043 2610 3132 2660 ὑπ’
3161 2608 3452 2677 ἀνθρώπων
3481 2609 3741 2678 εὕρηνται
3769 2626 3871 2659 σωο

2338 2701 2670 2772 ματουργῶν.
2702 2696 2796 2751 Ὧν
2829 2701 2882 2752 δὲ
2912 2700 3220 2752 ἀπεικασίαι
3254 2701 3343 2750 καὶ
3374 2699 3730 2768 σκιαγραφίαι
3755 2699 3871 2766 δίχα

2335 2790 2518 2864 σοφίας
2541 2797 2635 2847 οὐκ
2660 2796 2721 2847 ἀν
2745 2796 2995 2862 γένοιντο,
3018 2793 3130 2854 πῶς
3157 2793 3222 2844 τά
3239 2793 3406 2860 ἀληθῆ
3427 2793 3517 2843 καὶ
3546 2791 3874 2860 πρωτότυτα

2334 2887 2530 2938 τούτων
2564 2885 2874 2953 αὐτομάτως
2903 2882 3206 2951 συμϐέϐηκε
3235 2899 3248 2944 ;
3286 2879 3445 2950 Ψυχὴ
3475 2881 3552 2944 δὲ,
3604 2881 3697 2932 καὶ
3756 2878 3875 2940 νοῦς

2337 2974 2428 3026 καὶ
2453 2973 2623 3038 λόγος,
2650 2973 2808 3023 πόθεν
2857 2970 3103 3036 ἐγγέγονε
3150 2969 3225 3037 τῷ
3273 2969 3568 3035 φιλοσόΨρη
3625 2970 3692 3018 'll
3731 2966 3878 3035 παρά

2336 3067 2440 3118 τῶν
2465 3066 2680 3133 ἀψύχων
2703 3065 2792 3115 καὶ
2817 3064 3049 3130 ἀνοήτων
3070 3062 3160 3112 καὶ
3183 3060 3470 3126 ἀλογίστων
3491 3050 3708 3126 ἀτόμων
3731 3057 3876 3110 ταῦτ’

2338 3156 2645 3226 ἡρανίσατο,
2707 3154 2968 3205 κάκείνων
3019 3151 3163 3220 αὐτῷ
3223 3168 3274 3201 τι
3310 3143 3509 3217 ἑκάστη
3558 3151 3738 3217 νόημα
3791 3151 3879 3200 καὶ

705 3239 934 3290 actionis
966 3252 1135 3306 genus
1163 3247 1270 3291 tam
1298 3238 1508 3306 egregie
1533 3245 1895 3305 comparatum
1918 3237 1939 3286 ?
1967 3214 2071 3290 Ista
2093 3238 2229 3291 vide-

2339 3214 2508 3314 δόγμα
2539 3214 2850 3296 ὲνέιινευσεν
2874 3258 2887 3302 ;
2912 3241 3002 3292 καὶ
3026 3214 3209 3308 ὦστιερ
3242 3240 3270 3290 ό
3310 3214 3546 3288 Ὴσιόδόυ
3589 3214 3761 3305 μῦθος
3790 3236 3881 3304 τὴν

705 3330 827 3382 licet
856 3339 1156 3382 atomorum
1189 3330 1475 3382 multitudo
1506 3330 1730 3383 rationis
1753 3345 1961 3398 expers.
1996 3331 2065 3383 At
2093 3331 2195 3385 illa:
2219 3371 2234 3393 ,

706 3430 768 3473 ut
799 3421 1031 3473 maxime
1050 3421 1387 3480 conveniant.
1408 3436 1472 3472 ne
1504 3419 1695 3471 luteam
1720 3422 1935 3489 quidem
1955 3423 2236 3492 imaginem

707 3511 962 3574 formare,
997 3523 1089 3563 aut
1117 3511 1381 3578 lapideum
1413 3509 1758 3562 simulacrum
1801 3513 2092 3579 perpolire,
2151 3523 2241 3564 aut

709 3612 1019 3667 argenteum
1076 3601 1157 3651 vel
1210 3615 1430 3652 aureum
1493 3597 1692 3651 idolum
1727 3600 1959 3653 conﬂare
1992 3603 2240 3669 possint:

710 3705 937 3758 quorum
973 3691 1212 3742 omnium
1241 3691 1482 3758 preprias
1513 3705 1764 3742 manuum
1796 3700 1957 3754 artes,
1985 3692 2244 3758 ﬁngendis

701 3774 864 3847 'aptas
913 3781 1246 3846 corporibus.
1306 3780 1580 3832 hominum
1606 3781 1924 3849 excogitavit
1958 3780 2240 3834 industria.

712 3869 954 3933 Quorum
992 3869 1151 3935 igitur
1184 3869 1299 3921 sine
1352 3870 1609 3936 sapientia
1645 3869 1726 3921 vel
1761 3870 2066 3922 adumbrari
2119 3886 2241 3939 spe-

712 3962 822 4014 cies
873 3957 1255 4026 informarique
1298 3972 1405 4010 non
1460 3959 1646 4027 possit,
1695 3959 1884 4012 horum
1952 3977 2074 4013 vera
2129 3963 2242 4029 ipsa

714 4051 1061 4118 exemplaria,
1098 4049 1191 4116 qui,
1226 4050 1439 4102 tandem
1471 4049 1730 4102 exsistere
1758 4064 1852 4116 per
1879 4066 1994 4102 sese
2023 4061 2246 4103 temere-

2341 3336 2629 3406 Πανδώραν
2658 3335 2818 3402 φησιν
2845 3333 2947 3384 ὑπὸ
2973 3332 3077 3384 τῶν
3107 3331 3258 3393 θεῶν,
3287 3328 3455 3391 οὕτως
3486 3331 3518 3396 ἡ
3570 3329 3733 3394 σοφία
3763 3331 3881 3379 τάν.

2339 3427 2460 3496 δρὸς
2497 3426 2596 3477 ὑπὸ
2628 3425 2733 3475 τῶν
2774 3424 2986 3492 ἀτόμων
3017 3420 3392 3486 abversis-5301;;
3436 3420 3544 3470 Καὶ
3582 3419 3802 3486 ποίησιν

2345 3519 2540 3576 πᾶσαν,
2573 3516 2665 3566 κα)⁸
2696 3517 2870 3567 πᾶσαν
2910 3511 3196 3581 μουσικὴν,
3250 3502 3601 3577 ἀστρονομίαν
3658 3526 3739 3568 τε,
3799 3510 3884 3562 καὶ

2344 3603 2698 3671 γεωμετρίαν,
2724 3604 2815 3653 καὶ
2844 3603 2938 3660 τὰς
2977 3603 3135 3662 ἄλλας
3160 3601 3482 3668 ἐπιστήμας,
3531 3600 3718 3650 οὐκέτι
3755 3599 3883 3650 θεῶν

2349 3693 2629 3760 εὑρήματα
2654 3692 2744 3741 καὶ
2772 3691 3102 3758 παιδεύματα
3134 3691 3384 3758 φήσουσιν
3427 3687 3684 3754 Ἕλληνες
3720 3683 3881 3738 εἶναι·

2353 3782 2503 3849 μόναι
2527 3781 2578 3832 δὲ
2612 3780 2885 3846 γεγόνασιν
2915 3779 3225 3848 ἐμπειρικαὶ
3262 3779 3352 3827 καὶ
3377 3778 3539 3842 σοφαὶ
3584 3777 3802 3827 πάντων
3838 3777 3887 3828 αὶ

2349 3873 2533 3939 ἄτομοι
2566 3871 2790 3921 Μοῦσαι.
2833 3870 2894 3919 'H
2937 3867 3041 3935 γάρ
3078 3870 3138 3917 ὲκ
3182 3866 3287 3915 τῶν
3317 3866 3531 3932 ἀτόμων
3569 3862 3886 3933 Ἐπικούρου

2347 3961 2746 4028 Θεογονία,’”τῶν
2773 3960 2865 4028 μὲν
2896 3959 3130 4027 ἀπείρων
3157 3957 3371 4024 κόσμων
3404 3950 3586 4022 ἐξορός
3612 3955 3783 4017 ἐστιν,
3815 3957 3887 4014 εἰς

2346 4053 2400 4103 δὲ
2435 4053 2529 4119 τὴν
2562 4051 2782 4119 ἄπειρον
2808 4050 3068 4117 ἀκοσμίαν
3103 4046 3515 4115 πεφυγάδευται.

717 4154 821 4206 que
854 4139 1177 4207 potuerunt?
1209 4137 1324 4191 Jam
1353 4145 1588 4193 animum
1627 4141 1842 4212 ipsum,
1912 4152 2168 4204 mentem,
2227 4151 2387 4209 atque
2458 4145 2716 4194 rationem
2783 4143 3129 4210 philosophus
3174 4140 3312 4193 unde
3376 4137 3573 4192 habet?
3628 4136 3778 4191 Eane
3829 4139 3890 4190 ab

719 4229 991 4293 inanimis,
1021 4237 1073 4282 ct
1120 4230 1312 4282 mentis
1353 4246 1415 4282 ac
1458 4232 1680 4283 rationis
1724 4232 2030 4299 expertibus
2079 4233 2275 4285 atomis
2335 4235 2702 4293 emendicatit,
2761 4251 2877 4301 qum
2932 4234 3030 4287 sibi
3079 4235 3310 4301 aliquam
3365 4231 3588 4299 singula:
3618 4233 3888 4284 notionem

721 4323 1018 4392 dogmaque
1053 4324 1326 4391 proprium
1382 4324 1721 4377 inludet-int?
1773 4334 1824 4377 et
1865 4327 2314 4391 quemadmodum
2356 4324 2650 4380 Pandorain
2686 4344 2714 4379 a
2745 4328 2848 4381 diis
2886 4327 3144 4380 Hesiodus
3183 4326 3470 4388 fabulatur,
3497 4326 3575 4377 sic
3603 4327 3673 4377 ab
3699 4326 3886 4378 atomis

720 4417 962 4471 absoluta
998 4417 1227 4470 hominis
1277 4419 1535 4486 sapientia
1590 4417 1792 4469 fuerit?
1858 4419 1929 4470 Ila
1963 4419 2146 4486 poesin
2198 4421 2448 4488 deinceps
2505 4438 2735 4482 omnem,
2786 4436 3099 4488 mnuemque
3140 4420 3418 4479 musicam,
3458 4419 3890 4476 astronomiam.

719 4511 1082 4583 geometriam,
1129 4522 1450 4578 ceterasque
1500 4512 1788 4571 doctrinas,
1841 4512 2062 4563 deorum
2112 4514 2321 4566 inventa
2362 4515 2963 4583 Graeciatqueinstituta
2983 4528 3169 4565 vocare
3194 4513 3468 4565 desinant:
3503 4511 3630 4562 sola:
3651 4512 3890 4561 omnium

720 4601 900 4670 perita
939 4616 999 4654 ac
1029 4601 1293 4668 sapientes
1316 4603 1475 4654 atomi
1529 4602 1684 4669 781
1735 4616 1901 4653 musa:
1953 4602 2303 4658 celebrentur.
2363 4605 2492 4658 Nam
2524 4607 2609 4658 illa
2643 4606 2854 4673 quidem
2901 4621 2964 4656 ex
3009 4603 3200 4654 atomis
3229 4602 3438 4668 Epicuri
3470 4601 3779 4665 tlteogonia,
3832 4614 3888 4650 ex

722 4693 944 4747 inﬁnitis
971 4696 1127 4748 etiam
1159 4694 1373 4746 mundis
1414 4696 1696 4759 exsulavit,
1736 4695 1790 4746 in
1861 4695 2119 4748 inﬁnitam
2179 4701 2595 4765 perturbationis
2628 4700 2922 4750 vastitatem
2955 4698 3138 4763 ejecta.
3185 4715 3201 4744 ›

1256 4784 1476 4839 CAPUT
1515 4785 1719 4840 XXVII.

792 4898 1017 4966 Operum
1038 4913 1245 4949 suorum
1270 4897 1582 4949 molitionem
1626 4898 1730 4950 Deo
1763 4900 2073 4951 laboriosam
2125 4917 2185 4951 ac

1036 4966 1303 5017 molestam
1335 4984 1435 5019 non
1465 4983 1588 5018 esse.
1638 4967 1718 5018 Ex
1745 4971 1938 5021 eodem.

797 5077 815 5108 ι
857 5058 1028 5111 Moliri
1076 5057 1294 5123 aliquid,
1332 5057 1724 5121 administrare,
1758 5059 2091 5125 benefacere,
2125 5075 2252 5129 pro-

725 5147 925 5211 videre,
956 5147 1167 5214 aliaque
1194 5145 1406 5209 similia,
1437 5147 1698 5199 inertibus
1726 5148 1938 5215 quidem
1969 5166 2031 5204 ac
2056 5151 2252 5211 stultis,

724 5237 990 5317 debilibus
1021 5252 1083 5291 ac
1128 5249 1360 5304 nequam
1403 5237 1625 5291 molesta
1689 5236 1823 5291 forte
1862 5240 1987 5304 sint,
2025 5231 2252 5309 quorum

725 5344 784 5382 se
812 5340 1055 5391 numero,
1083 5327 1207 5380 dum
1239 5321 1364 5380 talia
1403 5328 1468 5382 de
1491 5328 1592 5382 diis
1624 5330 1804 5394 sentit,
1853 5329 2116 5398 Epicurus
2161 5333 2255 5385 ad-

789 5439 906 5508 ,(Ζιί)
945 5435 1068 5508 his,
1108 5437 1380 5506 διαμονῆς.

770 5496 907 5713 ,ἑὸἳὲ
945 5496 1068 5569 Ms.,
1108 5496 1314 5625 χρῆσιν.

819 5578 885 5630 55
946 5575 1104 5628 Forte
1173 5578 1314 5645 εότηιι

818 5646 886 5698 54
956 5642 1291 5709 Ἑπιπολῆς.

819 5575 905 5645 55)
946 5575 1104 5628 Forte
1139 5575 1380 5645 θεότητα.
1410 5627 1424 5634 ,

818 5642 907 5714 54)
956 5642 1293 5715 Ἐπιπολῆςέ
1320 5646 1470 5715 ,Ευπι
1511 5646 1640 5700 mihi
1675 5662 1890 5701 sensum
1933 5649 2259 5715 expressisse

729 5712 932 5784 videor,
971 5715 1059 5784 qui
1089 5728 1160 5784 ex
1187 5712 1496 5784 verbisillis
1524 5717 1748 5784 exprimi
1776 5712 2015 5784 poterat,
2046 5719 2253 5772 sed‘ta—

732 5797 852 5838 men
880 5783 967 5836 illa
989 5782 1114 5847 duo,
1150 5783 1204 5838 id
1227 5792 1326 5846 est,
1357 5782 1429 5844 ὡς
1452 5782 1515 5836 ἀν
1543 5782 1643 5839 οἷοί
1674 5801 1732 5838 τε
1755 5782 2054 5855 γινώμεθα,
2077 5795 2131 5839 et
2153 5788 2262 5838 ἐπι-

887 5513 907 5714 ξ

2851 4788 3228 4842 ΚΕΦΔΛΑΙΟΝ
3267 4789 3387 4838 ΚΖ’.

2361 4907 2484 4956 Ὅτι
2515 4905 2622 4955 οὐκ
2663 4902 2947 4952 ἐπίπονον
2986 4898 3062 4977 τῷ
3089 4896 3208 4983 Θεῷ
3247 4897 3311 4975 τὸ
3341 4893 3703 4964 ἐργάζεσθαι.
3757 4894 3895 4946 Ἀπὸ

2697 5025 2700 5028 ί
2956 4987 3056 5021 του
3093 4984 3293 5020 αυτου,

2432 5088 2448 5118 ι
2487 5065 2830 5139 Ἐργάζεσθαι
2863 5063 2916 5114 δέ
2947 5078 3028 5128 γε,
3057 5059 3147 5114 καὶ
3173 5058 3412 5116 διοικεῖν,
3445 5056 3538 5106 καὶ
3590 5055 3895 5124 εὐεργετεῖν

2361 5177 2436 5219 τε,
2460 5161 2550 5210 καὶ
2574 5153 2950 5226 προκήδεσθαι,
2975 5150 3066 5204 καὶ
3085 5148 3150 5200 τά
3169 5146 3404 5206 τοιαῦτα,
3432 5147 3542 5205 τοῖς
3566 5141 3662 5212 μὲν
3688 5145 3892 5214 ἀργοῖς,

2363 5250 2454 5300 καὶ
2465 5249 2676 5315 ἄφροσι,
2699 5245 2789 5295 καὶ
2807 5241 3067 5300 ἀσθενέσι,
3084 5242 3175 5290 καί
3192 5235 3513 5304 κακούργοις
3525 5235 3653 5296 ἴσως
3664 5235 3894 5302 ἐπαχθῆ,

2358 5333 2435 5400 οἷς
2465 5333 2802 5403 ἐγκατέλεξεν
2834 5334 3016 5384 ἑαυτὸν
3058 5329 3390 5397 Ἐπίκουρος,
3439 5327 3662 5379 τοιαῦτα
3703 5328 3897 5393 φρονή-

2361 5451 2544 5518 πολῆς,
2566 5449 2744 5518 minus
2765 5446 3203 5518 conjunctaﬁsse
3227 5455 3384 5504 posse
3407 5439 3660 5518 arbitror.
3686 5435 3893 5518 Mallem

2359 5504 2637 5588 igitdr'éjr‘t
2667 5504 2893 5588 πολλοῖς,
2918 5504 3086 5580 suppr
3111 5512 3342 5588 ῥήμασι,
3373 5525 3469 5588 seu
3497 5507 3687 5588 λόγοις.
3730 5504 3896 5558 Parti-

2362 5580 2479 5640 citla
2519 5585 2616 5639 κᾶν
2648 5585 2729 5638 vel
2773 5585 2958 5637 abesse
2989 5589 3190 5649 potest.
3243 5580 3325 5632 vel
3361 5580 3404 5632 si
3453 5580 3738 5649 retinetur,
3786 5589 3894 5627 em-

2362 5655 2761 5779 phasinrhabct
2801 5659 2923 5707 eum
2978 5644 3371 5704 asseveratione
3419 5644 3805 5714 oonjuncun,
3842 5650 3896 5693 ut

2364 5739 2503 5779 same
2534 5740 2564 5778 a
2591 5739 2686 5778 tas.

2364 5739 2503 5794 ωηερε
2534 5739 2686 5779 anas.
