4010 6342
130 427 258 487 ηδε

1261 420 1572 476 ΡΒᾹΣΡΑΒ.
1615 417 1862 473 EVANG.
1899 416 2025 471 LIB.
2060 414 2193 469 XIV.

3173 404 3305 468 19.86

126 565 216 610 σας
243 546 364 613 περὶ
389 545 494 598 τῶν
521 544 654 597 θεῶν
678 562 690 574 ο
715 548 823 607 τοῖς
847 544 901 596 δὲ
925 542 1250 605 σπουδαίοις,
1277 544 1368 594 καὶ
1396 541 1657 601 δυνατοῖς,

1785 537 1953 605 ungit.
1985 536 2052 588 At
2084 550 2208 588 vero
2231 533 2510 594 studiosis,
2545 529 2866 594 valentibus,
2896 525 3199 592 industriis,
3226 536 3308 578 at-

127 640 210 693 καὶ
235 639 486 699 συνετοῖς,
516 637 609 689 καὶ
647 636 933 705 σώφροσιν,
971 634 1113 696 οἵους
1141 629 1273 684 εἶναι
1298 637 1400 701 χρὴ
1433 633 1550 692 τοὺς
1578 649 1662 698 φι-

127 729 388 795 λοσόφους,
420 726 606 795 (πόσῳ
636 743 696 792 γε
731 726 925 794 μᾶλλον
971 724 1095 784 τοῦς
1125 721 1342 790 θεούς;)
1381 722 1475 789 οὺχ
1518 722 1660 779 ὅπως

127 817 252 886 ἀηδῆ
284 815 450 868 ταῦτα
479 815 570 868 καὶ
595 815 886 884 προσάντη,
918 812 1050 865 ἀλλά
1072 814 1164 866 καὶ
1187 811 1538 881 τερπνότατα,
1571 811 1664 861 καὶ

129 909 334 960 πάντων
357 907 552 977 μᾶλλον
578 905 956 958 ἀσπαστότατα
976 921 989 934 '
1015 899 1099 965 οἷς
1130 903 1191 955 τὸ
1216 903 1429 971 ἀμελὲς,
1466 903 1556 954 καὶ
1605 902 1664 952 τὸ

132 997 331 1068 μέλλειν
357 1015 409 1048 τι
435 997 688 1066 πράττειν
709 993 817 1045 τῶν
849 992 1117 1063 χρηστῶν,
1150 992 1344 1054 δνειδος
1368 1031 1381 1057 ,
1423 992 1494 1053 ὼς
1523 991 1662 1042 ὲκεί-

130 1106 242 1153 νους
271 1105 331 1141 τε
358 1086 578 1156 ποιητὴς
607 1084 842 1138 νουθετεῖ
883 1082 1275 1153 συμῦουλεύων,

225 1257 371 1325 una
403 1255 841 1311 ἀναϐάλλεσθαι
873 1255 982 1326 (55)
1007 1258 1089 1320 εἰς
1124 1257 1358 1322 αὔριον.

133 1371 234 1424 Καὶ
255 1369 716 1441 προσεπαπειλῶν,

230 1483 353 1535 Alei
383 1481 435 1534 δ’
463 1481 844 1550 ἀμόολιεργύς
876 1479 1027 1547 ἀνὴρ
1059 1479 1234 1547 ἄτῃσι
1262 1478 1526 1530 παιιιιίει·

142 1594 308 1667 Ἦμᾶς
325 1613 384 1648 τε
413 1595 730 1664 σεμνότερον
761 1593 999 1646 παιδεύει
1033 1595 1314 1662 προφήτης
1337 1632 1350 1654 ,
1399 1589 1672 1660 θεοπρεπῆ

136 1688 225 1756 μὲν
245 1686 410 1748 ὅντως
438 1685 571 1754 ἔργα
595 1684 664 1736 τὰ
691 1686 807 1735 κατ’
838 1683 1034 1753 ἀρετὴν
1059 1684 1322 1753 ὑπάρχειν
1368 1682 1558 1748 λέγων,
1584 1679 1674 1731 τὸν

132 1779 182 1830 δὲ
210 1777 569 1846 ὀλιγωροῦντα
613 1775 813 1828 τούτων
860 1773 1155 1842 ἐξάγιστον.
1212 1793 1228 1824 ι
1255 1774 1674 1842 Ἐπικατάρατος

133 1870 232 1939 γὰρ
267 1871 295 1920 ὁ
325 1868 492 1920 ποιῶν
520 1867 589 1918 τά
619 1867 755 1934 ἔργα
776 1867 976 1935 Κυρίου
1009 1865 1270 1934 ἀμελῶς.»
1299 1861 1425 1916 Εἶτα
1455 1864 1545 1916 καὶ
1567 1866 1674 1924 τοῖς
1708 1903 1747 1956 Β

137 1962 226 2028 μὲν
271 1959 537 2029 ἀμαθέσιν
590 1953 899 2027 ἡστινοσοῦν
929 1958 1118 2027 τέχνης
1170 1958 1260 2009 καὶ
1291 1954 1670 2025 ἀτελεστέροις,

132 2051 212 2102 διὰ
236 2049 296 2102 τὸ
326 2049 424 2118 τῆς
455 2049 643 2118 πείρας
678 2047 870 2117 ἀληθὲς
897 2049 988 2101 καὶ
1012 2048 1073 2099 τὸ
1105 2048 1210 2099 τῶν
1241 2047 1411 2117 ἔργων
1436 2046 1670 2115 ἀτριΰὲς,

135 2139 369 2208 κάματος
404 2138 672 2206 ἐγγίνεται
696 2140 812 2198 ταῖς
843 2138 1238 2207 ἐπιχειρήσεσιν
1262 2154 1275 2165 -
1303 2138 1350 2188 οἱ
1383 2137 1437 2188 δὲ
1476 2135 1674 2206 προκό-

134 2247 368 2290 πτοντες,
399 2230 490 2281 καὶ
518 2227 712 2296 μᾶλλον
739 2227 817 2279 ἐτι
844 2228 892 2279 οἱ
918 2228 1129 2287 τέλειοι,
1167 2228 1360 2298 ῥαδίως
1403 2227 1437 2279 ἀ
1466 2227 1675 2296 μετίασι

135 2318 512 2390 κατορθοῦντες
543 2319 850 2386 γάννυνται,
879 2318 1194 2388 καὶμᾶλλον
1244 2317 1309 2370 ἂν
1361 2318 1562 2368 ἕλοιντο
1609 2315 1676 2367 τὰ

135 2409 353 2461 εἰωθότα
372 2407 692 2477 πράττοντες
713 2408 891 2460 ἀνύειν
907 2407 999 2460 καὶ
1023 2405 1428 2475 τελεσιουργεῖν,
1453 2406 1483 2473 ἦ
1508 2405 1679 2457 πάντα

139 2499 308 2566 σφίσιν
340 2497 573 2568 ὑπάρξαι
594 2499 659 2549 τὰ
685 2499 742 2548 ἐν
768 2497 1070 2566 ἀνθρώποις
1100 2496 1291 2564 ἀγαθά.
1349 2495 1678 2564 Δημόκριτος

136 2587 465 2653 γοῦνάὑτὸς,
499 2585 574 2648 ὥς
603 2603 788 2654 φασιν,
817 2587 965 2653 ἔλεγε
1002 2585 1279 2654 βούλεσθαι
1336 2585 1527 2654 μᾶλλον
1555 2586 1678 2655 μίαν

140 2685 305 2755 εὑρεῖν
333 2686 674 2753 αἰτιολογίαν,
710 2686 742 2752 ἦ
770 2686 866 2756 τὴν
899 2685 1119 2755 Περσῶν
1148 2687 1193 2737 οἱ
1221 2683 1487 2752 βασιλείαν
1528 2684 1678 2750 γενέ-

140 2777 279 2828 σθαι’
313 2777 405 2828 κα)¹
430 2776 620 2839 ταῦτα,
653 2777 826 2846 μάτην
850 2777 939 2829 καὶ
964 2778 1210 2838 ἀναιτίως
1244 2774 1571 2840 αἱτιολογῶν,
1607 2774 1678 2835 ὡς

141 2866 198 2918 ἂν
228 2867 333 2919 ἀπὸ
358 2869 516 2938 κενῆς
543 2868 734 2938 ἀρχῆς,
765 2869 856 2920 καὶ
881 2867 1181 2930 ὑποθέσεως
1216 2866 1564 2935 πλανωμένης
1589 2867 1679 2934 ὀρ-

142 2958 402 3027 μώμενος,
425 2961 518 3012 καὶ
546 2962 642 3030 τὴν
671 2960 842 3031 ῥίζαν,
877 2961 966 3013 καὶ
995 2961 1088 3029 τὴν
1117 2961 1297 3030 κοινὴν
1325 2959 1566 3026 ἀνάγκην
1586 2957 1684 3024 τῆς

140 3047 239 3100 τῶν
270 3048 438 3100 ὄντων
483 3049 693 3116 φύσεως
723 3051 819 3120 οὐχ
879 3051 1036 3120 ὁρῶν,
1087 3051 1271 3117 σοφίαν
1324 3051 1377 3103 δὲ
1430 3051 1684 3118 μεγίστην

141 3137 432 3208 ἡγούμενος
460 3139 556 3210 τὴν
579 3139 683 3192 τῶν
710 3141 920 3208 ἀσόφως
943 3142 1034 3192 καὶ
1051 3140 1267 3208 ἠλιθίως
1292 3157 1351 3190 συ
1361 3140 1685 3206 μὸαινόντων

1762 641 1867 696 que
1888 625 2197 690 solertibus,
2230 623 2532 692 cnjusmodi
2558 621 2907 692 philosophos
2936 620 3164 688 (quanto
3195 632 3309 671 ma-

1762 718 1843 787 gis
1869 717 2063 787 deos?)
2090 731 2206 770 esse
2230 725 2494 784 aportcat,
2532 728 2641 768 non
2684 714 2844 767 modo
2877 727 2983 766 non
3013 711 3305 780 injucunda

1764 809 1875 863 bzee
1925 818 2087 877 atque
2149 823 2376 878 aspera,
2432 822 2622 862 verum
2694 805 2856 860 etiam
2913 804 3308 872 jueundissima

1765 909 1908 965 sunt,
1936 900 2285 964 omniumque
2319 897 2635 954 suavissima
2673 916 2686 950 :
2739 897 2937 965 quibus
2989 895 3309 966 negligentia

1767 1006 2051 1058 rerumque
2085 992 2346 1044 bonarum
2378 988 2794 1057 procrastinatio
2842 987 3092 1041 dedecori
3149 987 3309 1038 verti-

1767 1095 1890 1144 tur;
1923 1082 1989 1135 ad
2027 1096 2163 1150 quos
2189 1081 2318 1135 illud
2369 1079 2765 1134 comtuonentis
2815 1088 2983 1147 poeta:
3023 1077 3311 1133 consilium

1767 1170 1989 1238 pertinet
2019 1186 2032 1222 :

1772 1304 1784 1316 .
1797 1302 1832 1316 ..
1875 1261 2066 1315 Crasne
2089 1273 2398 1331 exspectato.

1768 1373 1864 1426 (Σιιί
1900 1389 2023 1426 mox
2055 1373 2524 1426 commutationem
2554 1372 2691 1425 lianc
2716 1370 2977 1440 adjungit,

1838 1483 2121 1537 Cunctator
2149 1485 2352 1536 damnis
2373 1501 2568 1550 semper
2597 1484 2828 1535 luctatur
2855 1482 3073 1535 acerbis.

1838 1595 1908 1646 At
1947 1609 2045 1649 nos
2089 1595 2303 1664 gravius
2351 1595 2581 1649 instituit
2636 1595 2912 1663 propheta,
2957 1595 3084 1648 dum
3126 1605 3180 1648 et
3216 1610 3313 1649 ac-

1775 1686 1948 1739 tiones
1977 1700 2097 1738 cum
2129 1686 2324 1738 virtute
2347 1686 2662 1753 conjunctas
2692 1687 2798 1740 Deo
2831 1699 2953 1740 vere
2979 1685 3168 1754 dignas
3191 1699 3312 1739 esse

1778 1778 2110 1845 pronuntiat,
2165 1785 2219 1829 et
2272 1775 2536 1832 nefarium
2598 1778 2770 1839 illum,
2803 1792 2833 1829 a
2866 1791 2973 1844 quo
3027 1778 3299 1844 negligant-

1773 1875 1880 1929 tur,
1929 1867 2178 1935 appellat,
2231 1886 2248 1918 ι
2303 1866 2612 1921 Maledictus
2658 1869 2825 1930 enim,
2859 1868 2951 1935 qui
2996 1865 3122 1920 facit
3153 1879 3314 1936 opera

1774 1955 1987 2009 Domini
2055 1957 2398 2025 negligenter.
2458 1975 2476 2007 ι
2531 1957 2728 2010 Deinde
2770 1966 2828 2009 ut
2872 1956 2925 2009 in
2976 1956 3162 2025 quavis
3203 1965 3317 2008 arte

1775 2049 1935 2102 rudes
1959 2056 2014 2102 et
2044 2047 2302 2112 inchoati,
2355 2057 2568 2116 propter
2618 2046 2960 2115 experientia:
3008 2047 3315 2106 novitatem,

1775 2146 1938 2206 atque
1979 2125 2206 2206 operum
2261 2137 2624 2203 insolentiam,
2670 2139 2796 2191 dunt
2831 2137 2895 2190 ad
2923 2151 3034 2190 rem
3062 2150 3180 2190 sese
3210 2135 3320 2204 pri-

1776 2243 1923 2281 mum
1951 2229 2254 2298 accingunt,
2278 2227 2577 2280 molestiam
2611 2229 2885 2295 patiuntur
2932 2244 2944 2277 :
2995 2228 3067 2278 ita
3097 2227 3188 2293 qui
3223 2223 3321 2277 ali-

1777 2318 1909 2387 quid
1957 2317 2252 2387 profecere,
2296 2317 2574 2386 multoque
2606 2318 2780 2384 magis
2826 2318 2919 2385 qui
2952 2313 3174 2384 perfecti
3203 2315 3314 2382 jam
3413 2337 3433 2353 ς

1778 2419 1925 2473 sunt,
1981 2409 2016 2462 ii
2075 2423 2195 2478 quae
2243 2409 2573 2476 susceperint
2619 2409 2743 2461 dum
2791 2406 2944 2460 facile
2995 2406 3322 2475 feliciterque

1779 2500 2090 2565 conficiunt,
2125 2501 2395 2554 exsultant
2428 2500 2640 2565 animis,
2660 2516 2724 2554 ae
2749 2500 3068 2553 solemnium
3099 2513 3319 2567 Operum

1781 2591 2191 2653 absolutionem,
2211 2591 2366 2644 bonis
2385 2589 2664 2644 hominum
2690 2589 2942 2642 omnibus
2973 2596 3320 2656 anteponunt.

1782 2678 1846 2731 Et
1879 2693 2006 2731 vero
2035 2678 2371 2733 Democritus
2417 2679 2551 2746 ipse,
2597 2693 2817 2732 causam
2872 2693 3032 2730 unam
3062 2679 3320 2746 aliquam,

1782 2777 1838 2820 ut
1866 2769 2062 2834 ferunt,
2099 2769 2357 2832 invenire,
2415 2783 2574 2837 quam
2601 2768 2701 2821 sibi
2735 2766 3016 2820 Persarum
3042 2768 3324 2834 imperium

1784 2858 2037 2910 obvenire
2086 2857 2400 2910 maluisset:
2457 2865 2616 2924 atque
2671 2855 2724 2908 id
2781 2855 2943 2908 homo
2980 2855 3072 2921 qui
3129 2870 3324 2908 causas

1785 2948 1982 3002 frustra
2030 2948 2310 3016 causisque
2361 2947 2583 3001 sublatis
2628 2947 2937 3015 inquireret,
2994 2964 3114 3002 cum
3165 2949 3325 3002 inane

1787 3042 2129 3109 principium,
2163 3055 2224 3094 ac
2255 3040 2460 3109 plenam
2499 3040 2699 3092 erroris
2733 3039 3052 3108 hypolhesin
3085 3051 3323 3103 secutus,

1787 3143 1946 3199 atque
1970 3132 2020 3183 in
2063 3131 2241 3185 radice
2279 3131 2658 3199 communique
2693 3139 2896 3184 natura:
2931 3146 3109 3184 rerum
3151 3147 3330 3204 neces-

143 3228 477 3297 κατανόησιν,
503 3229 600 3280 ’καὶ
623 3229 718 3299 τὴν
746 3230 932 3300 τύχην,
960 3231 1062 3281 τῶν
1091 3230 1186 3298 μὲν
1210 3229 1429 3281 καθόλου
1466 3229 1556 3279 καὶ
1579 3229 1684 3278 τῶν

1786 3223 1942 3275 sitate
1963 3222 2272 3285 caecutiens,
2296 3236 2482 3276 eorum
2536 3237 2656 3290 quae
2705 3222 3070 3289 imprudenter
3105 3224 3326 3276 slclide-

143 3315 292 3369 θείων
349 3318 626 3370 δέσποιναν
660 3318 880 3384 ἐφιστὰς
936 3318 1028 3368 καὶ
1061 3314 1327 3384 βασιλίδα,
1377 3315 1467 3364 καὶ
1514 3314 1687 3366 πάντα

143 3407 386 3472 γενέσθαι
420 3410 538 3460 κατ’
566 3408 732 3478 αὐτὴν
759 3407 1204 3475 ἀποφαινόμενος,
1240 3405 1332 3456 τοῦ
1381 3404 1435 3455 δὲ
1467 3403 1570 3454 τῶν
1601 3403 1688 3454 ἀν-

145 3498 370 3567 θρώπων
401 3499 564 3568 αὐτὴν
588 3498 980 3568 ἀποκηρύττων
999 3497 1132 3566 βίου,
1163 3497 1253 3548 καὶ
1278 3495 1400 3556 τοὺς
1432 3493 1689 3563 πρεσϐεύ-

145 3605 294 3650 οντας
325 3590 490 3658 αὐτὴν
521 3589 754 3658 ἐλέγχων
785 3574 1115 3657 ἀγνώμονας.
1171 3587 1288 3638 Τῶν
1335 3584 1460 3652 γοῦν
1495 3584 1688 3653 ὑποθηι

146 3676 251 3728 κῶν
307 3677 602 3745 ἀρχόμενος
662 3676 833 3742 λέγει·
875 3673 914 3725 ν’
939 3676 1243 3743 ’Ἄνθρωποι
1280 3674 1446 3742 τύχης
1480 3672 1690 3723 εἴδωλον

147 3768 457 3830 ἐπλάσαντο,
494 3767 756 3835 πρόφασιν
798 3765 930 3834 ίδίης
975 3767 1156 3834 ἀνοίης
1204 3765 1379 3832 (φύσει
1418 3764 1523 3833 γὰρ
1555 3763 1689 3829 γνώ-

151 3876 220 3927 μη
257 3857 368 3925 (36)
397 3857 532 3928 τύχῃ
561 3856 831 3925 μάχεται),
864 3856 954 3908 καὶ
978 3856 1071 3924 τὴν
1097 3854 1346 3923 ἐχθίστην
1386 3857 1450 3921 τῇ
1494 3854 1690 3921 φρονή-

151 3963 226 3999 σει
256 3948 457 4016 ταύτην
506 3948 670 4016 αὐτὴν
724 3937 927 4014 ἔφασαν
958 3948 1203 4016 κρατεῖν·
1263 3943 1457 4012 μᾶλλον
1514 3943 1569 3994 δὲ
1600 3945 1692 3994 καὶ

150 4038 344 4107 ταύτην
378 4039 541 4108 ἄρδην
571 4039 912 4110 ἀναιροῦντες
958 4037 1048 4088 καὶ
1083 4035 1454 4102 ἀφανίζοντες,
1485 4033 1692 4102 ἐκείνην

151 4129 576 4181 ἀντικαθιστάσιν
603 4130 768 4199 αὐτῆς
792 4146 805 4160 ι
834 4131 893 4180 οὺ
926 4127 1030 4197 γὰρ
1057 4127 1250 4195 εὐτυχῆ
1296 4127 1390 4195 τὴν
1416 4125 1690 4194 φρόνησιν,

152 4219 706 4290 ἀλλ’ἐμφρονεστάτην
735 4219 957 4290 ὑμνοῦσι
984 4219 1078 4288 τὴν
1106 4218 1268 4286 τύχην
1295 4216 1445 4285 (36‘).
1480 4236 1496 4264 ι
1521 4218 1580 4266 Οἱ
1598 4217 1694 4284 μὲν

153 4305 239 4362 οὖν
253 4310 358 4361 τῶν
377 4309 647 4378 βιωφελῶν
672 4310 844 4380 ἔργων
878 4310 1155 4362 ἐπιστάται
1174 4310 1287 4370 ταῖς
1320 4308 1452 4378 πρὸς
1480 4307 1537 4358 τὸ
1570 4307 1696 4375 ὀμό-

157 4400 312 4467 φυλον
352 4399 686 4468 ἐπικουρίαις
717 4399 1056 4466 ἀγάλλονται,
1097 4398 1311 4451 ἐπαίνου
1337 4414 1393 4449 τε
1422 4397 1694 4466 ὀρέγονται

155 4490 243 4540 καὶ
264 4487 449 4548 κλέους
477 4489 558 4553 ἐφ’
583 4481 662 4548 οἷς
693 4486 868 4538 αὐτῶν
897 4490 1317 4557 προκάμνουσιν,
1345 4487 1391 4536 οἱ
1440 4485 1536 4553 μὲν
1570 4485 1692 4552 τρέ-

1789 3325 1892 3378 que
1935 3310 2303 3379 contingerent
2356 3311 2620 3373 notitiam,
2674 3327 2898 3366 summa:
2939 3313 3209 3381 sapientiae
3238 3331 3329 3382 ge,-

1789 3415 1891 3454 nus
1922 3409 2154 3469 putaret,
2199 3401 2358 3469 782
2405 3401 2786 3472 fortunamque
2829 3420 3007 3458 rerum
3052 3406 3328 3458 universa-

1788 3491 1918 3543 lium
1954 3499 2116 3558 atque
2146 3491 2445 3546 divinarum
2489 3492 2758 3547 daminam
2799 3497 3143 3563 reginamque
3197 3510 3328 3549 con-

1791 3583 2037 3644 stituens,
2073 3589 2369 3649 ceteraque
2411 3584 2587 3636 omnia
2642 3585 2758 3651 ejus
2787 3584 3010 3637 arbitrio
3057 3584 3168 3637 ﬁeri
3201 3601 3326 3653 pro-

1792 3672 2062 3734 nuntians,
2091 3671 2331 3724 eamdem
2360 3678 2536 3725 tamen
2568 3673 2633 3726 ab
2654 3673 2901 3728 humanae
2923 3676 3041 3729 vita:
3067 3690 3330 3731 commer-

1791 3762 1875 3812 cio
1908 3760 2093 3829 procul
2126 3762 2411 3830 ablegaret,
2441 3764 2637 3830 quique
2665 3765 2808 3817 illam
2863 3766 3118 3828 colerent,
3163 3771 3330 3822 insul-

1792 3866 1883 3904 sos
1917 3867 2033 3906 esse
2062 3854 2419 3906 convinceret.
2456 3854 2596 3908 Sane
2623 3857 2834 3923 quidem
2864 3857 3089 3925 ipsumet
3116 3861 3329 3913 institu-

1791 3946 1996 3997 tionum
2031 3961 2250 3999 suarum
2281 3949 2517 4012 exordio,
2555 3948 2630 4001 sic
2669 3947 2906 4016 loquitur
2944 3968 2956 4001 :
3010 3968 3027 3999 ι
3061 3949 3331 4012 Homines,

1794 4038 1985 4104 inquit,
2010 4039 2136 4091 dum
2173 4039 2412 4092 stultitia:
2438 4055 2547 4094 suae
2571 4040 2744 4092 velum
2782 4050 3098 4107 quaererent,
3134 4055 3328 4094 vanum

1793 4126 2042 4181 Fortuna:
2123 4130 2470 4183 simulacrum
2551 4129 2819 4183 finxerunt
2879 4131 3118 4200 (pugnat
3188 4133 3329 4186 enim

1795 4228 1981 4288 suapte
2014 4227 2204 4272 natura
2232 4235 2352 4274 eum
2385 4219 2601 4273 fortuna
2631 4223 2916 4274 consilium
2941 4223 2959 4291 )
2984 4264 2995 4286 ,
3025 4224 3333 4279 inimicissi-

1795 4325 2043 4378 mamque
2102 4309 2395 4377 prudentia:
2417 4310 2681 4364 dominari
2739 4312 3063 4378 voluerunt;
3124 4318 3334 4371 tametsi

1795 4402 1970 4468 potius
2031 4399 2130 4462 hac
2193 4400 2351 4451 etiam
2418 4401 2771 4453 exterminata
2835 4402 3182 4473 funditusque
3207 4410 3336 4461 sub-

1799 4490 1923 4552 lata,
1965 4489 2079 4557 ejus
2108 4490 2157 4540 in
2213 4489 2389 4542 locum
2437 4489 2653 4542 alteram
2689 4491 2832 4544 illam
2889 4492 3200 4558 snmciunt;
3239 4513 3334 4550 nec

158 4595 357 4644 φοντες,
393 4578 440 4629 οἱ
466 4576 521 4628 δέ
553 4574 934 4645 κυϐερνῶντες,
967 4580 1014 4628 οί
1043 4578 1087 4629 δ’
1117 4578 1350 4646 ἰώμενοι,
1386 4578 1432 4627 οἱ
1463 4575 1515 4626 δὲ
1546 4574 1684 4624 πολι-

1795 4581 1934 4630 enim
1996 4578 2319 4631 fortunatam
2379 4577 2466 4630 isti
2526 4580 3001 4645 prudentiam,sed
3033 4583 3334 4649 prudentis--

157 4671 426 4740 τευόμενοι
450 4687 461 4698 ·
492 4671 538 4720 oi
570 4669 624 4720 δέ
666 4685 727 4735 γε
763 4668 1031 4736 φιλόσοφοι
1068 4673 1156 4721 καὶ¹
1199 4668 1394 4737 σφόδρα
1424 4667 1693 4717 παιδεύειν

158 4758 546 4829 ἐπιχειροῦντες
577 4758 886 4827 ἀνθρώπους
912 4758 1280 4828 φρυάττονται.
1309 4755 1380 4809 Ἦ
1403 4758 1695 4824 τολμήσου-

161 4864 239 4900 σιν
274 4847 586 4918 Ἐπίκουρος
618 4847 649 4917 ἢ
676 4847 1005 4916 Δημόκριτος
1037 4848 1225 4910 εἰπεῖν,
1257 4848 1330 4909 ὡς
1377 4845 1696 4913 ἀσχάλλουσι

162 4938 593 5005 φιλοσοφοῦντεςς
640 4937 775 4990 Ἀλλ’
801 4937 918 4990 οὑδέ
942 4937 1199 5006 θυμηδίαν
1233 4939 1432 5008 ταύτης
1486 4937 1550 4990 ἀν
1593 4937 1698 4988 ἐτέ-

165 5040 258 5096 ραν
286 5027 565 5096 προθεῐντο
588 5042 603 5056 ⁸
639 5029 730 5079 καὶ
760 5027 867 5097 γὰρ
903 5028 950 5078 εί
995 5027 1052 5078 τὸ
1087 5028 1282 5093 ἀγαθὸν
1323 5026 1510 5097 ἡδονὴν
1565 5023 1698 5079 εἶναι

163 5117 459 5186 φρονοῦσιν,
515 5118 625 5170 ἀλλ’
681 5117 1079 5187 αἰδεσθήσονταί
1131 5135 1193 5185 γε
1249 5118 1323 5187 μὴ
1376 5118 1552 5186 λέγειν
1602 5119 1699 5188 ἡδὺ

162 5206 219 5258 δν
248 5207 357 5276 (57)
396 5207 575 5270 αὐτοῖς
622 5197 777 5262 εἶναί·
805 5209 866 5261 τὸ
899 5207 1203 5277 φιλοσοφεῖν
1223 5226 1234 5239 ·
1276 5211 1399 5272 τοὺς
1443 5210 1498 5261 δὲ
1525 5208 1696 5271 θεοὺς,

163 5298 286 5366 ’περὶ
314 5290 388 5352 ὧν
413 5299 461 5349 οἱ
488 5297 584 5367 μὲν
615 5301 827 5368 ποιηταὶ
857 5301 980 5369 παρ’
1015 5299 1189 5361 αὐτοῖς
1223 5299 1402 5369 ᾄδουσι
1429 5319 1446 5350 ι
1476 5299 1700 5369 δοτῆρας

233 5469 343 5537 (35)
381 5469 526 5536 Mnd‘
552 5446 1002 5527 ἀναϐάλλεσθαι.
1034 5472 1244 5527 Hesiodi
1280 5475 1440 5529 verba
1473 5483 1619 5538 sunt,
1645 5475 1699 5528 in

170 5537 349 5607 Ἕρτ.,
374 5554 425 5592 v.
457 5538 560 5593 408
590 5558 601 5590 :

233 5648 383 5716 Πησ
412 5647 850 5704 ἀναϐάλλεσθαι
872 5657 957 5718 εὶς
984 5656 1206 5722 αὔριον,
1235 5654 1323 5719 εις
1349 5656 1396 5706 τ’
1421 5654 1673 5722 ἓννηφιν

169 5741 554 5816 Quisequjtnr,
582 5741 696 5816 Alei
716 5742 760 5794 δ’
793 5743 1165 5816 ἀμβολιεργός,
1195 5754 1296 5816 etc.
1328 5745 1606 5816 illidunt.

238 5809 347 5881 (36)
375 5809 579 5863 Ψύόέι
634 5813 741 5877 γὰρ
785 5809 1304 5876 τίτὶιιιη.Ῥι’ωειειιε
1350 5811 1553 5871 Tullius
1607 5832 1699 5872 vro

1796 4669 1985 4721 simam
2021 4677 2217 4722 canunt
2241 4668 2618 4736 celebrantque
2667 4669 2958 4723 fortunam.
2985 4688 3002 4718 ι
3039 4671 3207 4724 Porro
3237 4674 3334 4725 uti-

1797 4759 1925 4810 lium
1975 4761 2094 4812 vitae
2146 4773 2366 4827 operum
2421 4760 2788 4814 moderatores
2847 4775 3053 4824 omnes,
3090 4765 3334 4818 navanda

1799 4851 1911 4903 suis
1944 4863 2104 4917 opera
2131 4849 2362 4903 maxime
2401 4849 2754 4915 delectantur,
2811 4849 3130 4918 laudemque
3177 4854 3336 4906 simul

1798 4952 1851 4994 et
1879 4941 2103 5011 gloriam
2133 4955 2255 4994 cum
2278 4941 2555 4996 laboribus
2580 4941 2696 4997 suis
2739 4953 2836 5008 pro
2862 4943 3137 4994 communi
3169 4944 3340 4997 salnlu

1800 5030 2063 5099 susceptis
2100 5032 2441 5101 eompensari
2487 5031 2712 5085 volunt:
2760 5029 2850 5082 alii
2879 5030 3095 5098 quidem
3127 5034 3338 5092 alendo,

1801 5119 2031 5190 regendo
2056 5120 2168 5184 alii,
2222 5121 2314 5175 alii
2363 5120 2647 5182 medendo,
2698 5119 2786 5172 alii
2829 5110 3212 5190 rempublicam
3251 5140 3339 5189 ge—

1801 5214 2006 5267 rendo:
2041 5211 2246 5280 ipsique
2273 5211 2406 5265 adeo
2428 5208 2732 5278 philosophi
2779 5223 2878 5264 suo
2921 5203 3016 5266 illo
3058 5212 3339 5266 instituen-

1799 5305 1990 5358 dorum
2022 5303 2301 5357 hominum
2334 5309 2525 5355 conatu
2556 5315 2619 5355 ac
2650 5301 2829 5356 studio
2854 5302 3110 5372 majorem
3143 5304 3194 5356 in
3229 5318 3341 5354 tuo-

1803 5477 2075 5539 Marcelto,
2100 5488 2226 5532 sect.
2253 5479 2284 5530 7
2310 5494 2321 5527 :
2354 5473 2637 5544 Nunquam
2660 5479 2918 5532 temeritas
2948 5493 3064 5530 cum
3085 5477 3340 5545 sapientia

1803 5548 2180 5611 commiscetur,
2205 5562 2292 5600 nec
2313 5545 2381 5598 ad
2407 5546 2683 5598 consilium
2712 5564 2863 5601 casus
2885 5547 3201 5600 admittitur.

1876 5615 2002 5684 (ὅδ’)
2065 5616 2182 5683 Τὴν
2227 5616 2336 5734 τύό

1880 5702 1921 5734 '2
1944 5693 2261 5734 sequuntur.

1802 5702 1921 5755 quae
1944 5693 2261 5806 sequuntur,
2294 5693 2529 5753 Dionysii
2564 5694 2709 5740 sunt.

1872 5753 1983 5824 (:7)
2061 5762 2179 5812 orte
2211 5753 2378 5824 ηδιον.
