4010 6342
714 440 849 496 1287

711 652 967 705 inocritus
991 653 1184 715 dicere,
1223 654 1502 706 molestum
1536 655 1634 708 sibi
1662 665 1821 724 atque
1862 655 2090 708 invisum
2124 670 2247 708 esse

710 741 1113 813 philosophandi
1169 760 1364 798 munus
1415 746 1438 796 ‘i
1486 744 1600 798 lino
1649 761 1754 799 non
1809 747 1965 799 aliam
2010 746 2249 814 profecto

710 831 832 885 huic
880 835 1043 887 animi
1097 832 1416 901 voluptatem
1462 846 1803 905 anteponant.
1850 835 1957 889 Etsi
1985 838 2123 889 enim
2156 839 2249 891 bo-

712 936 836 972 num
869 923 1185 989 voluptatem
1217 939 1423 975 omnem
1454 939 1572 977 esse
1603 934 1865 989 statuunt,
1923 924 2025 978 hoc
2070 935 2244 978 tamen

710 1011 885 1064 dicere
924 1012 1265 1075 verebuntur,
1298 1014 1656 1082 philosophari
1688 1014 1790 1067 sibi
1831 1029 1936 1067 non
1980 1030 2100 1069 esse
2135 1016 2247 1067 vul-

711 1102 822 1170 gari
853 1103 1117 1172 voluptate
1145 1104 1460 1172 jucundius.
1513 1103 1650 1159 Deos
1699 1120 1882 1174 porro,
1908 1122 2044 1175 quos
2079 1116 2247 1175 poetae.

710 1189 926 1257 quidem
951 1209 967 1240 ι
1001 1192 1263 1245 bonorum
1288 1202 1534 1246 auctores
1560 1211 1575 1243 ι
1608 1196 1916 1260 praedicant,
1943 1196 2246 1265 philosophi

710 1295 836 1333 vero
888 1281 996 1341 isti,
1041 1282 1239 1335 nullius
1284 1284 1500 1335 omnino
1552 1284 1675 1337 boni
1708 1286 1789 1337 vel
1822 1294 2069 1339 auctores
2106 1301 2244 1350 esse,

708 1371 790 1423 vel
820 1372 1105 1440 participes
1139 1373 1355 1426 ridendo
1380 1374 1620 1441 jactant;
1655 1376 1803 1442 deos,
1832 1376 2073 1445 inquam,
2103 1377 2243 1439 illos,

708 1461 905 1530 quibus
947 1462 1156 1514 tandem
1190 1463 1485 1516 rationibus
1533 1473 1588 1517 ut
1632 1466 1762 1517 deos
1796 1480 1917 1519 esse
1944 1475 2127 1533 putent
2154 1466 2247 1518 ad—

708 1553 1013 1618 ducuntur;
1046 1568 1181 1622 quos
1214 1568 1309 1605 nec
1342 1564 1629 1621 praesentes
1658 1555 1892 1617 videant,
1924 1569 2022 1608 nec
2068 1571 2243 1608 rerum

710 1642 999 1709 quidquam
1034 1641 1311 1695 molientes
1342 1642 1500 1711 (quos
1557 1644 1721 1695 secuti
1753 1644 1941 1696 saltem
1973 1644 2243 1709 videntur,

710 1732 801 1799 qui
830 1732 1014 1796 solem,
1068 1732 1247 1784 lunam
1286 1747 1348 1785 ac
1396 1732 1579 1787 stellas
1636 1735 1903 1798 admirati,
1941 1734 2104 1797 Θεοὺς
2145 1736 2246 1789 hoc

710 1831 792 1877 est
843 1824 982 1886 deos,
1011 1822 1097 1876 διὰ
1127 1823 1187 1875 τὸ
1215 1823 1375 1887 θέειν,
1416 1824 1467 1877 id
1516 1832 1616 1888 est,
1669 1840 1697 1877 a
1738 1826 1999 1879 currendo
2029 1835 2244 1902 vocatos

1351 443 1610 497 EUSEBII
1646 441 2115 497 CASSARIENSIS
2154 440 2301 496 OPP.
2345 441 2519 495 PARS
2554 409 2613 495 ll.
2656 473 2723 481 —-
2761 440 3254 499 APOLOGETICA.

711 562 838 615 dum
867 561 1172 616 ell'eruntur.
1206 561 1553 616 Audebuntne
1587 578 1713 616 vero
1762 562 2021 631 Epicurus
2053 573 2106 614 et
2147 561 2249 616 De-
2279 566 2325 620 Α
2351 563 2487 614 ἐάων
2513 563 2620 628 ('58)
2650 580 2659 589 ·

3773 445 3898 499 1288

2703 582 2719 612 ι
2749 556 2887 615 οὗτοι
2914 562 2970 614 δὲ
2996 563 3045 614 οἱ
3076 560 3347 629 φιλόσοφοι
3381 560 3517 629 μετὰ
3554 560 3794 622 τωθείας
3821 562 3897 611 εὖ·

2356 671 2424 722 φη
2436 654 2531 721 μοῦ
2542 671 2607 711 σι,
2635 653 2742 705 θεοὶ
2765 654 2975 706 πάντων
2993 652 3207 720 ἀγαθῶν
3232 651 3494 722 ἀδώρητοι
3513 652 3621 720 (59)
3644 654 3747 704 xui
3768 651 3897 721 ἀμέ-

2352 761 2523 813 τοχοι·
2563 746 2655 796 καὶ
2699 744 2800 795 τίνι
2848 744 3029 813 τρόπῳ
3078 745 3490 812 τεκμηριοῦνται
3544 741 3704 803 θεοὺς
3751 738 3895 800 εἶναι,

2356 837 2489 904 μήτε
2518 835 2786 905 παρόντας
2824 835 2915 887 xui
2954 834 3285 903 πράττοντάς
3311 851 3360 886 τι
3412 833 3639 903 ὁρῶντες
3673 873 3689 895 ,
3731 834 3808 895 ὡς
3834 833 3896 895 οἳ,

2351 926 2438 978 τὸν
2470 926 2614 994 ἣλιον
2644 926 2734 978 καί
2766 927 2861 994 τὴν
2888 926 3110 995 σελήνην
3134 927 3225 977 xui
3250 926 3371 987 τοὺς
3410 926 3641 995 ἀστέρας
3688 924 3897 992 emta-

2356 1034 2555 1078 σαντες,
2582 1016 2666 1068 διά
2695 1016 2753 1067 τὸ
2784 1016 2923 1068 θέειν
2956 1017 3154 1084 ἔφασαν
3208 1016 3497 1085 κεκλῆσθαι
3534 1015 3691 1077 θεούς
3712 1032 3727 1044 ·
3771 1018 3895 1085 μήτε

2351 1107 2468 1158 τινὰ
2497 1107 2845 1176 δημιουργίαν
2871 1106 3050 1169 αὐτοῖς
3070 1106 3101 1175 ἢ
3124 1104 3458 1175 κατασκευὴν
3480 1106 3892 1176 προσνέμοντες,

2353 1196 2416 1247 ἵν’
2450 1198 2511 1247 ἐκ
2530 1196 2622 1247 τοῦ
2654 1196 2841 1257 θεῖναι,
2875 1195 3016 1247 τοῦτ’
3056 1196 3165 1246 ἔστι
3204 1195 3459 1264 ποιῆσαι,
3505 1194 3893 1263 θεοποιήσωσεν

2352 1285 2577 1345 αὐτούς’
2620 1284 2843 1351 (τούτου
2893 1284 2999 1353 γάρ
3030 1284 3187 1335 ’ἑνεκα
3230 1285 3362 1352 πρὸς
3406 1284 3663 1353 ἀλήθειαν
3712 1287 3743 1335 ὁ
3798 1285 3893 1335 τῶν

2350 1375 2597 1426 ἁπάντων
2631 1375 2849 1443 ποιητὴς
2886 1376 2976 1427 καὶ
3004 1374 3326 1443 δημιουργὸς
3368 1375 3522 1442 μόνος
3545 1376 3663 1426 ἐστί
3696 1376 3891 1441 Θεό;·)

2354 1466 2484 1533 μήτε
2525 1462 2857 1533 διοίκησιν,ἦ
2893 1465 3087 1534 κρίσιν,
3140 1466 3171 1533 ἢ
3208 1465 3363 1533 χάριν
3391 1464 3563 1517 αὐτῶν
3597 1482 3722 1517 τινα
3766 1464 3892 1534 πρὸς

2352 1554 2662 1623 ἀνθρώπους
2692 1554 3039 1623 ἐκτιθέμενοι.
3077 1555 3161 1605 ἵνα
3188 1554 3347 1621 φόὸον
3374 1556 3405 1624 ἢ
3437 1556 3599 1623 τιμὴν
3632 1555 3894 1624 ὀφλήσαν-

2350 1661 2439 1705 τες
2462 1646 2911 1714 προσκυνήσωμεν
2940 1646 3151 1708 αύτοίς;
3198 1648 3265 1697 Ἢ
3307 1645 3399 1696 τοῦ
3441 1646 3646 1713 κόσμου
3692 1646 3893 1714 7:90:6-

2349 1715 2453 1801 ἧμας
2498 1734 2829 1803 Ἐπίκουρος,
2866 1735 2957 1787 xui
2984 1736 3072 1787 τὸν
3105 1737 3348 1805 οὐράνιον
3391 1736 3634 1804 ὑπερϐάς
3681 1736 3891 1805 περίϐο-

2350 1825 2460 1886 λον,
2490 1825 2521 1894 ἢ
2555 1825 2639 1877 διά
2661 1842 2815 1876 τινων
2867 1827 3125 1895 κρυφίων,
3178 1826 3244 1889 ἃς
3281 1826 3436 1895 μόνος
3480 1823 3637 1891 εἶδεν,
3670 1825 3891 1888 ἐξελθὼν

709 1930 827 1969 csse
880 1916 1171 1977 dixerunt),
1224 1928 1320 1965 nec
1364 1913 1471 1965 ullo
1511 1928 1729 1980 prorsus
1785 1914 1835 1965 in
1888 1930 2109 1982 operum
2158 1924 2247 1968 aut

2352 1913 2547 1975 πυλῶν,
2574 1913 2664 1974 οὓς
2695 1912 2801 1980 (40)
2836 1914 2892 1963 ἐν
2924 1912 2997 1981 τῷ
3026 1912 3163 1980 κενῷ
3192 1913 3400 1964 κατεῖδε
3455 1913 3627 1976 θεοὺς,
3659 1916 3756 1967 xui
3803 1912 3892 1983 τὴν

709 2004 1045 2057 functionum
1088 2016 1281 2069 genere
1330 2002 1527 2056 versati
1578 2002 1817 2065 credant,
1861 2012 1918 2055 ut
1942 2018 2035 2057 eos
2062 2006 2126 2055 ὲκ
2154 2004 2246 2055 τοῦ

710 2096 897 2156 θεῖναι,
954 2095 1053 2146 hoc
1096 2101 1176 2145 est
1226 2093 1293 2144 ab
1340 2091 1615 2145 eiiiciendo
1675 2091 2076 2163 θεοποιήσωσιν,
2121 2093 2249 2147 deos

709 2184 941 2238 efﬁciant
991 2184 1291 2251 (pmpterea
1349 2184 1546 2250 quippe
1572 2184 1810 2234 omnium
1842 2183 2056 2244 effector
2091 2192 2249 2252 atque

709 2275 920 2328 molitor
949 2288 1086 2326 unus
1124 2286 1247 2323 vere
1278 2270 1414 2325 Deus
1436 2274 1559 2339 est),
1589 2273 1735 2325 nullo
1762 2272 1990 2341 denique
2022 2274 2102 2326 vel
2145 2290 2247 2343 gu-

712 2363 1061 2424 bernationis,
1112 2362 1193 2414 vel
1236 2361 1442 2426 judicii,
1474 2362 1556 2415 vel
1591 2363 1829 2415 beneficii
1875 2363 2091 2417 vinculo
2126 2378 2246 2417 cum

712 2454 1019 2508 hominibus
1056 2454 1219 2507 teucri
1251 2455 1434 2517 VLlllll,
1464 2464 1519 2507 ut
1547 2455 1747 2507 cultum
1792 2454 1857 2509 iis
1903 2456 2135 2523 aliquem
2166 2454 2249 2508 vel

711 2550 878 2605 metu,
910 2542 990 2594 vel
1021 2540 1242 2593 honoris
1265 2555 1429 2592 causa
1453 2540 1785 2593 debeamus?
1818 2539 1957 2592 Num
1990 2540 2250 2606 Epicurus

712 2632 869 2695 forte,
925 2646 1064 2684 cum.
1104 2630 1240 2683 ultra
1299 2630 1557 2682 mundum
1605 2634 1743 2683 hunc
1794 2630 2140 2697 prospiciens,
2186 2644 2248 2681 ac

712 2723 981 2777 cmlestem
1032 2720 1181 2774 illum
1240 2718 1499 2773 ambitum
1550 2730 1974 2787 praetergressus,
2024 2728 2114 2771 aut
2156 2734 2247 2785 per

713 2810 981 2863 occultum
1039 2808 1302 2877 quoddam
1355 2809 1643 2875 posticum,
1694 2808 1902 2874 sibique
1932 2808 2031 2859 soli
2086 2806 2242 2874 783

714 2912 899 2954 notum
946 2914 1214 2969 egressus.
1261 2898 1389 2951 deos
1422 2899 1473 2950 in
1502 2914 1669 2949 vacuo
1721 2897 1971 2963 degentes
2002 2897 2154 2959 vidit,
2185 2912 2247 2948 ac

713 3005 979 3045 Summam
1003 3003 1186 3042 eorum
1233 2992 1393 3041 tantis
1424 2988 1474 3039 in
1503 2988 1707 3041 deliciis
1748 2986 2051 3039 felicitatem
2086 2988 2247 3039 admi-

713 3092 885 3143 ratus,
946 3081 1270 3148 volupiatem
1334 3078 1459 3131 inde
1500 3078 1851 3145 concupiscit,
1892 3087 2054 3144 atque
2102 3077 2242 3129 illam

712 3188 832 3243 quae
868 3174 918 3231 in
944 3186 1111 3226 vacuo
1149 3171 1362 3224 ducitur
1393 3170 1553 3221 vitam
1577 3168 1879 3233 aemulatus,
1906 3182 2091 3220 omnes
2119 3182 2246 3219 con-

719 3264 871 3317 tinuo
921 3272 1177 3329 tanquam
1230 3260 1451 3312 deorum
1507 3257 1719 3309 illorum
1762 3257 1965 3311 similes
2017 3254 2245 3318 futuros,

714 3354 833 3423 ejus
864 3354 927 3405 ail
962 3351 1230 3403 felicitatis
1263 3348 1690 3423 communionem
1729 3362 1794 3399 ac
1820 3346 2130 3399 societatem
2168 3346 2249 3395 in—

716 3422 863 3500 vitat.
896 3444 1102 3509 Quibus
1151 3440 1237 3492 ille
1266 3422 1621 3501 caenaculum,
1652 3454 1757 3492 non
1790 3438 1902 3505 jam
1928 3438 2121 3490 coelum
2159 3446 2252 3489 aut

713 3536 1014 3604 Olympum,
1037 3536 1296 3597 utpoeue,
1319 3530 1407 3582 sed
1437 3542 1663 3581 vacuum
1695 3528 1925 3589 instruit,
1956 3524 2249 3578 confectam

712 3642 778 3677 ex
806 3625 997 3677 atomis
1032 3636 1301 3690 apponens
1333 3620 1677 3681 ambrosiam,
1723 3615 2064 3683 indidemque
2114 3616 2249 3668 hau-

726 3723 865 3768 stun'i
900 3722 1083 3765 nectar
1111 3712 1417 3779 propinaus.
1453 3709 1711 3761 (Laterum
1746 3708 1812 3760 iis
1840 3706 1904 3759 de
1931 3708 2108 3771 rebus,
2135 3720 2251 3774 quae

719 3804 852 3857 nihil
881 3803 947 3855 ad
973 3817 1070 3854 nos
1104 3803 1422 3868 pertineant,
1453 3798 1594 3850 mille
1619 3797 1923 3865 juramenta
1965 3810 2251 3863 sacrasque

719 3892 1101 3947 obtestationes
1138 3890 1251 3941 suis
1280 3888 1477 3955 passim
1514 3887 1664 3940 libris
1688 3886 1991 3948 inferciens,
2029 3901 2120 3953 per
2161 3884 2250 3937 Jo~

714 3999 832 4037 vein
862 3981 1075 4034 assidue
1097 3979 1177 4031 vel
1199 3986 1353 4046 negat
1377 3978 1574 4045 aliquid
1605 3978 1687 4030 vel
1720 3977 1965 4041 aflirmat,
1995 3978 2250 4029 lectores-

715 4088 817 4142 quc
887 4086 1038 4130 suos.
1070 4079 1121 4122 et
1148 4078 1241 4121 eos
1272 4068 1589 4137 quibuscum
1612 4068 1722 4136 ipse
1750 4068 2003 4137 disputat,
2028 4068 2248 4121 deorum

715 4164 1001 4231 obstringit
1027 4161 1303 4230 religione,
1332 4177 1436 4214 non
1477 4162 1618 4228 quod
1672 4160 1791 4212 illos
1825 4158 1937 4227 ipse
1986 4164 2247 4225 vereatur,

718 4264 811 4308 aut
834 4254 1130 4322 perjurium
1166 4252 1273 4305 ullo
1318 4252 1477 4305 modo
1520 4250 1823 4303 reformidet
1853 4266 1866 4313 ;
1918 4250 2008 4304 sed
2038 4251 2249 4304 inanem

720 4347 858 4399 hanc
887 4353 1043 4411 atque
1078 4344 1407 4409 mendacem,
1430 4358 1731 4411 vanamque
1761 4356 1823 4394 ac
1854 4342 1985 4395 nihil
2028 4341 2250 4395 omnino

718 4439 1102 4507 signiticentem
1151 4439 1571 4505 disputationum
1628 4453 1843 4491 suarum
1904 4437 2247 4505 appendicem

2348 2004 2541 2073 πολλὴν
2566 2004 2738 2054 αὐτῶν
2767 2004 3063 2071 ἐμακάρισε
3089 2005 3325 2072 τρυφήν;
3354 2004 3601 2055 κάκεῖθεν
3630 2003 3889 2073 ἐπιθυμη-

2346 2093 2441 2160 τὴς
2465 2092 2746 2160 γενόμενος
2772 2093 2868 2160 τῆς
2893 2092 3097 2161 ἡδονῆς,
3126 2093 3217 2144 xui
3240 2091 3337 2159 τῆς
3364 2095 3421 2143 ἐν
3450 2090 3526 2161 τῷ
3547 2092 3687 2160 κενῷ
3724 2092 3890 2159 ζηλω-

2347 2180 2441 2248 τὴς
2469 2180 2692 2247 διαίτης,
2714 2180 2852 2231 οὓτω
2879 2182 3081 2242 πάντας
3098 2181 3187 2232 ἐπὶ
3206 2180 3297 2232 τοῦ
3332 2180 3679 2249 μακαρισμοῦ
3704 2181 3887 2232 τούτου

2350 2270 2653 2338 μετουσίαν,
2700 2268 3253 2339 ἐξομοιωθησομένους
3302 2271 3525 2332 ἐκείνοις
3574 2273 3687 2332 tot;
3730 2271 3887 2331 θεὼ,

2348 2362 2677 2430 παρακαλεῖ·
2716 2362 3004 2430 συμπόσιον
3033 2362 3209 2423 αὐτοῖς
3232 2362 3515 2432 μακάριον,
3550 2363 3647 2430 οὐχ
3678 2362 3816 2431 ὅπερ
3845 2362 3888 2412 εί

2349 2454 2581 2520 ποιηταὶ,
2613 2453 2700 2503 τὸν
2729 2452 2951 2521 οὐρανὸν
2984 2452 3015 2515 ἢ
3054 2452 3142 2504 τὸν
3175 2452 3472 2521 Ὄλυμπον,
3497 2453 3629 2505 ἀλλά
3655 2453 3716 2504 τδ
3742 2453 3887 2504 κενὸν

2349 2546 2674 2615 συγκροτῶν,
2709 2546 2770 2596 ἑκ
2801 2561 2859 2595 τε
2886 2543 2992 2595 τῶν
3019 2542 3233 2610 ἀτόμων
3256 2544 3351 2611 τὴν
3378 2542 3677 2612 ἀμϐροσίαν
3712 2543 3888 2601 αὐτοῖς

2348 2635 2655 2705 παρατιθεὶς
2676 2674 2689 2696 ,
2744 2636 2834 2685 xui
2874 2632 3147 2703 προπίνων
3181 2632 3359 2692 αὐτοῖς
3388 2630 3445 2695 ἐξ
3469 2631 3688 2687 ἐκείνων
3718 2631 3782 2682 τὸ
3811 2628 3885 2681 νέα

2346 2745 2483 2797 κταρ
2515 2733 2525 2743 ’
2557 2727 2649 2778 xui
2680 2726 2742 2795 δὴ
2790 2726 2905 2776 κατ’
2934 2726 3151 2775 ἐκείνων
3196 2722 3302 2774 τῶν
3334 2723 3496 2790 μηδὲν
3543 2721 3680 2790 πρὸς
3724 2720 3891 2789 ἡμᾶς,

2345 2818 2532 2887 ὅρκους
2563 2834 2619 2869 τε
2640 2819 2730 2868 xui
2757 2816 3048 2885 ὁρκισμοὺς
3074 2814 3295 2883 μυρίους
3315 2814 3423 2875 τοῖς
3452 2811 3637 2863 ἐαυτοῦ
3671 2810 3887 2879 βιϐλίοις

2345 2907 2636 2975 ἐγγράφει,
2687 2906 2849 2974 ὀμνύς
2894 2922 2951 2956 τε
3008 2902 3242 2971 συνεχῶς
3286 2902 3360 2972 μά
3392 2902 3489 2953 Δία
3538 2902 3626 2952 xui
3675 2900 3741 2969 νὴ
3774 2900 3886 2953 Δία.

2345 2996 2576 3065 ὲξορκῶν
2600 3012 2659 3046 τε
2684 2998 2805 3055 τοὺς
2834 2994 3250 3062 ἐντυγχάνοντας
3278 2992 3372 3053 xui
3405 2992 3539 3060 πρὸς
3580 2990 3671 3052 οὓς
3717 2988 3887 3042 δια-λέ-

2345 3102 2508 3152 γοιτο,
2532 3084 2664 3154 πρὸς
2693 3082 2798 3135 τῶν
2817 3084 2970 3144 θεῶν,
3000 3081 3059 3134 οὔ
3092 3082 3145 3134 τί
3168 3099 3265 3133 που
3296 3080 3477 3142 δεδιὼς
3505 3079 3662 3141 αὐτὸς
3695 3078 3831 3149 (41),
3857 3077 3887 3147 ἢ

2346 3175 2700 3243 δεδιττόμενος
2735 3175 2932 3235 ἐκεῖνος
2969 3174 3066 3244 τὴν
3095 3171 3400 3242 ἐπιορκίαν,
3441 3170 3591 3222 κενὸν
3621 3170 3678 3221 δὲ
3716 3170 3888 3227 τοῦτο.

2352 3267 2442 3317 xui
2472 3265 2678 3331 ψευδὲς,
2709 3266 2798 3317 καὶ¹
2826 3265 2987 3334 ἀργὸν
3014 3303 3027 3323 ,
3064 3266 3153 3315 xui
3199 3264 3405 3331 ἄσημον
3441 3260 3889 3331 ἐπιφθεγγόμενοι,

2350 3356 2456 3414 τοῖς
2482 3352 2654 3417 λόγοις
2683 3352 2845 3404 αὑτοῦ
2871 3353 3218 3422 παράρτημα,
3247 3346 3354 3401 οῖον
3379 3350 3426 3400 εί
3458 3350 3548 3400 καὶ
3567 3349 3890 3419 χρέμπτοιτο

2352 3444 2443 3495 xui
2472 3441 2647 3505 πτύοι,
2682 3441 2742 3493 τό
2772 3458 2829 3493 τε
2858 3443 3139 3511 πρόσωπον
3169 3441 3417 3507 στρέφοι,
3465 3440 3558 3491 xui
3596 3438 3692 3508 τὴν
3742 3440 3889 3507 χεῖρα

2350 3533 2541 3602 κινοίη.
2574 3531 2805 3600 Τοιαύτη
2834 3533 2939 3600 γὰρ
2971 3532 3273 3599 άδιανὸητος
3300 3525 3367 3599 ἦν
3398 3531 3430 3597 ἠ
3478 3530 3604 3597 παρ’
3629 3525 3779 3597 αὐτῷ
3805 3528 3890 3579 καὶ

2355 3622 2551 3691 ματαία
2577 3622 2878 3690 ὑπόκρισις,
2896 3624 2928 3688 ἡ
2947 3620 3050 3671 τῶν
3082 3620 3215 3670 θεῶν
3247 3618 3523 3687 ὀνομασία.
3556 3616 3712 3668 Ἀλλά
3737 3614 3890 3668 τοῦτο

2356 3715 2448 3783 μὲν
2481 3712 2758 3782 πρόδηλον,
2785 3712 2883 3773 ὅτι,
2915 3711 3049 3781 μετά
3078 3710 3169 3762 τὸν
3198 3708 3511 3778 Σωκράτους
3537 3707 3760 3759 θάνατον
3793 3722 3887 3759 κα-

2349 3804 2627 3873 τεπτηχὼς
2664 3803 2992 3873 Ἀθηναίους,
3027 3801 3102 3864 ὡς
3133 3801 3204 3869 μὴ
3227 3799 3403 3869 δοκοίη
3439 3798 3581 3850 τοῦθ’
3625 3800 3761 3867 ὅπερ
3803 3791 3885 3867 ἦν,

2350 3893 2500 3954 ἄθεος
2533 3888 2687 3955 εἶναι,
2722 3889 2881 3951 κενάς
2912 3889 3097 3961 ,αὐτοῖς
3146 3887 3518 3939 ἀνυποστάτων
3559 3884 3698 3937 θεῶν
3728 3898 3885 3953 τερα-

2350 3981 2670 4050 τευσάμενος
2708 3977 3058 4047 ἐζωγράφησε
3086 3976 3259 4036 σκιάς.
3299 3972 3434 4025 Οὕτε
3471 3970 3578 4042 γὰρ
3618 3976 3695 4034 εις
3726 3973 3885 4042 ούρα-

2350 4068 2436 4122 νὸν
2473 4068 2727 4135 άνέὸλεψε
2753 4068 2953 4137 νοεροῖς
2987 4064 3309 4132 ὀφθαλμοῖς,
3359 4062 3445 4115 ῖνα
3485 4060 3582 4128 τῆς
3634 4059 3887 4131 ἐναργοῦς

2350 4160 2550 4215 ἄνωθεν
2583 4159 2757 4227 φωνῆς
2786 4156 3007 4228 ἀκούσῃ,
3030 4151 3095 4225 ἦς
3120 4156 3146 4207 ὁ
3169 4152 3518 4225 προσεκτικὸς
3546 4150 3737 4219 θεατὴς
3759 4165 3885 4202 κατ-

2352 4252 2585 4327 ακούσας
2644 4249 3035 4319 ἐμαρτύρησεν,
3062 4248 3141 4299 ὅτι
3182 4264 3200 4295 ι
3236 4247 3296 4297 Οἱ
3333 4244 3547 4313 οὐρανοὶ
3583 4240 3887 4313 διηγοῦνται

2350 4342 2502 4405 δόξαν
2530 4340 2685 4402 Θεοῦ,
2712 4341 2922 4409 ποίησιν
2948 4339 3003 4390 δὲ
3034 4334 3229 4406 χειρῶν
3266 4334 3428 4386 αὑτοῦ
3468 4331 3784 4400 ἀναγγέλλει
3829 4329 3887 4380 to

2354 4432 2632 4503 στερέωμα
2652 4448 2664 4459 ⁵
2709 4450 2727 4481 ι
2757 4429 2877 4482 οὗτε
2906 4431 2970 4499 τῇ
2998 4427 3201 4497 διανοίᾳ
3236 4425 3469 4477 κατεῖδεν
3503 4426 3581 4486 είς
3606 4422 3882 4497 τοῦδαςρος.

718 4528 983 4591 eﬂ’utiens,
1036 4543 1137 4579 non
1200 4528 1350 4581 aliter
1406 4544 1468 4580 ac
1516 4527 1559 4580 si
1608 4536 1818 4580 excreet
1853 4535 1944 4578 aut
1979 4534 2247 4593 exsputat,

2356 4523 2557 4592 Ἔμαθε
2579 4523 2684 4591 γὰρ
2717 4522 2801 4582 ἂν,
2834 4522 2913 4573 ὅτι
2949 4538 2966 4567 ι
3014 4516 3117 4569 Τοῦ
3163 4516 3340 4577 ἐλέους
3371 4514 3572 4585 Κυρίου
3617 4509 3885 4582 πλήρηςή

721 4630 813 4675 aut
862 4626 1136 4673 convertat
1186 4618 1411 4679 vultum,
1462 4626 1552 4672 aut
1618 4633 1831 4671 manum
1895 4627 2245 4669 commovent.

720 4711 994 4779 Ejusmodi
1020 4710 1213 4777 quippe
1236 4709 1409 4763 omnis
1439 4709 1538 4763 ista
1567 4708 1786 4761 deorum
1822 4707 2105 4774 appellatio
2149 4714 2249 4768 est,

721 4800 986 4869 superflua
1020 4799 1256 4867 quaedam
1288 4798 1401 4851 haec
1422 4813 1611 4853 sensus
1638 4813 1828 4866 expers
1876 4795 2141 4864 studiique
2181 4796 2252 4849 sis

722 4893 959 4947 tiiulatio.
987 4892 1054 4942 At
1086 4890 1215 4942 illud
1257 4888 1468 4955 quidem
1508 4888 1665 4956 longe
1703 4887 2083 4950 certissimum,
2130 4902 2251 4939 cum

722 4983 1068 5033 Athenienses
1095 4994 1123 5031 a
1152 4977 1387 5032 Socratis
1424 4976 1636 5031 interitu
1674 4986 1949 5037 metueret,
1982 4992 2049 5030 ne
2076 4976 2251 5043 qualis

720 5080 836 5124 erat
864 5070 1050 5123 atheos
1082 5082 1200 5122 esse
1245 5069 1530 5128 videretur.
1573 5082 1771 5122 vacuas
1811 5068 1877 5122 iis
1902 5068 2249 5125 leviculorum

721 5161 941 5211 deorum
988 5156 1201 5209 umbras
1234 5172 1431 5211 novum
1484 5154 1856 5211 circulatorem
1909 5156 2247 5213 informasse.

718 5246 828 5302 Nec
860 5247 1001 5301 enim
1041 5246 1277 5315 profecto
1306 5256 1400 5301 aut
1426 5245 1759 5316 spiritalibus
1790 5263 2029 5315 unquam
2078 5248 2249 5302 oculis

887 5452 903 5515 )
942 5446 1199 5515 Δοτῆρας
1230 5444 1395 5499 ἐάων.
1440 5447 1699 5502 Homerus
1728 5444 1917 5515 Odyss.
1943 5446 2004 5509 Θ,
2038 5462 2089 5515 v.
2114 5443 2247 5499 525:

937 5534 1013 5571 αν
1032 5513 1182 5569 δ’ήὲν
1210 5516 1536 5582 κροθύροις,
1564 5515 1685 5572 aedi
1712 5514 1963 5582 δωτῆρες
1983 5513 2151 5568 ἐάων.

1078 5654 1207 5718 Διὸς
1236 5652 1345 5718 υιέ,
1375 5653 1655 5720 διάκτορε,
1687 5652 1871 5719 δῶτορ
1899 5650 2069 5706 ww.

732 5721 1279 5860 E‘lgg3)l.‘A5d)pﬂfOl.
1319 5790 1375 5845 Id
1408 5799 1505 5854 est,
1535 5792 1791 5843 nullorum
1823 5798 2055 5843 auctora
2093 5790 2250 5840 dono-

2350 4614 2440 4681 γῆ,
2474 4613 2565 4665 xui
2593 4614 2673 4663 ὅτι
2699 4610 2788 4662 τοῦ
2814 4610 3013 4679 Κυρίου
3044 4610 3075 4677 ἠ
3106 4607 3198 4675 γῆ,
3231 4606 3325 4658 καὶ
3371 4604 3431 4657 τὸ
3480 4604 3747 4673 πλήρωμα
3797 4600 3886 4655 αὖα

2352 4704 2467 4771 τῆς.
2512 4722 2529 4752 ι
2560 4703 2687 4764 Kui,
2721 4720 2737 4750 ι
2765 4700 2915 4753 Μετὰ
2936 4700 3102 4752 ταῦτα
3129 4699 3256 4768 γάρ,
3292 4716 3311 4747 ι
3342 4694 3492 4763 φησὶ,
3522 4712 3541 4743 ι
3576 4692 3777 4761 Κύριος
3808 4693 3885 4753 είς

2350 4794 2447 4863 τὴν
2474 4792 2579 4861 γῆν
2607 4790 2883 4857 ἐπέϐλεψε,
2916 4790 3006 4843 xui
3036 4787 3322 4855 ἐνέπλησεν
3348 4783 3513 4853 αὐτὴν
3538 4782 3640 4834 τῶν
3668 4778 3883 4849 ἀγαθῶν

2353 4881 2533 4935 αὑτοῦ.
2556 4881 2743 4950 Ψυχὴν
2766 4880 2871 4949 (ιῖ)
2891 4880 3082 4941 παντὸς
3104 4875 3240 4941 ζώου
3260 4874 3493 4941 ἐκάλυψε
3516 4873 3575 4924 τὸ
3604 4870 3882 4941 πρόωπον

2354 4974 2538 5042 αὐτῆς.
2579 4990 2595 5020 ι
2628 4970 2691 5022 Ei
2721 4970 2775 5021 δὲ
2804 4971 2874 5040 μὴ
2910 4968 3107 5039 σφόδρα
3130 4964 3521 5035 τυφλόνινιουσιν
3545 5001 3559 5025 ,
3595 4960 3879 5029 ἐπισκεψά-

2357 5064 2562 5115 σθωσαν
2581 5062 2675 5130 τήν
2700 5060 3057 5130 παμποίκιλον
3076 5056 3181 5110 τῶν
3214 5054 3363 5120 ζώων
3383 5051 3790 5121 πολυπλήθειαν.
3819 5048 3880 5102 τὰ

2354 5156 2599 5225 χερσαῖα,
2622 5152 2689 5206 τὰ
2716 5151 2911 5221 πτηνὰ,
2938 5152 3005 5204 τά
3032 5148 3244 5220 ινυδρα,
3274 5146 3367 5201 καὶ
3388 5145 3879 5213 mxumam.

2354 5246 2427 5307 ὡς
2456 5242 2655 5313 ἀληθὴς
2686 5243 2775 5297 ἐπὶ
2804 5244 2869 5311 τῇ
2896 5242 3107 5295 πάντων
3128 5238 3303 5310 κρίσει
3319 5235 3426 5308 (43)
3450 5234 3667 5303 γέγονεν
3687 5234 3721 5302 ὴ
3747 5245 3879 5301 μαρ-

2360 5458 2505 5502 rum;
2563 5442 2667 5494 hoc
2712 5438 2925 5507 quidem
2965 5435 3115 5498 loco,
3168 5430 3524 5500 υδὶδωτῆρες
3552 5424 3876 5496 «ﬁlippus

2359 5520 2717 5635 opponuntur.

2450 5579 2536 5635 40)
2576 5577 2734 5629 Forte
2767 5574 2909 5635 τούς.

2428 5642 2533 5707 (διδ
2573 5644 2731 5698 Forte
2768 5642 2981 5702 αὐτούς.

2428 5712 2539 5831 iiii
2572 5713 2739 5831 52::
2766 5712 2933 5831 $253.:

2423 5782 2535 5837 “Si
2572 5782 2730 5835 Forte
2766 5782 2955 5833 κτίσει.
