4010 6342
22 480 175 541 r305
1162 462 1163 467 Ν
1244 487 1569 541 passus.
1613 488 1859 544 manu.
1898 489 2025 545 LIB.
2062 489 2181 543 xv.
3146 492 3280 539 taoc
3354 452 3368 469 ’

22 595 62 653 ὦ
93 602 563 675 Περιπατητικὲ,
594 606 710 668 πῶς
730 605 1023 670 ὲκδιδάξεις
1044 604 1214 658 ταῦτα
1242 621 1257 670 ;
1280 605 1403 676 Πῶς
1426 605 1620 675 ὁδηγή-

1734 608 1873 661 nium
1906 607 2312 678 despicientiam
2341 613 2395 659 et
2424 604 2880 673 contemptionem
2916 604 3123 673 injiciat
3152 624 3167 659 :
3194 606 3282 660 dic
3378 609 3385 617 ’

22 710 144 755 σεις
178 694 282 747 ἐπ’
308 696 457 749 αὐτὰ
487 699 613 760 τοὺς
641 698 1075 766 φιλοπλάτωνας;
1104 696 1213 749 Ποῦ
1249 713 1331 749 σοι
1357 697 1456 766 τῆς
1481 697 1631 768 αἱρέ-

22 798 176 845 σεως
219 785 500 840 τοσοῦτον
534 786 666 855 ὕψος
704 786 893 855 λόγων,
923 786 1059 839 ὥστε
1102 784 1163 838 τὸ
1206 785 1313 838 τῶν
1355 786 1631 839 Ἀλωάδων

22 871 317 942 φρόνημα
347 874 666 945 κτήσασθαι,
694 876 787 927 καὶ
817 873 915 945 τὴν
934 876 1019 935 είς
1042 873 1265 943 οὐρανὸν
1286 871 1403 924 ὁδὸν
1427 870 1631 941 ζητεῖν;

22 963 93 1031 ἦν
127 962 365 1016 ἐκεῖνοι
410 966 507 1034 μὲν
531 964 699 1034 ᾤοντο
723 962 866 1034 ὀρῶν
884 962 1133 1015 ἀναθέσει
1182 962 1437 1015 δύνασθαι
1484 961 1631 1028 γίνε-

24 1053 163 1105 σθαι
190 1072 206 1082 ·
250 1055 329 1107 τὸ
359 1055 402 1107 δ’
432 1055 521 1125 ἀρ’
553 1052 621 1125 ἦν
648 1056 929 1126 ἀφαιρέσει
954 1053 1062 1107 τῶν
1083 1053 1437 1125 ἀνθρωπίνων
1467 1068 1632 1105 σπου-

23 1148 360 1218 δασμάτων
378 1150 676 1219 γινόμενον,
696 1150 772 1213 ὥς
791 1167 921 1220 φησι
942 1148 1183 1203 Πλάτων.
1208 1149 1303 1211 Τίς
1323 1144 1416 1201 οὖν
1437 1151 1470 1218 ἡ
1484 1147 1634 1217 παρά

26 1241 116 1291 σοι⁵
148 1239 311 1310 πρὸς
348 1240 516 1294 ταῦτα
538 1244 650 1303 τοῖς
669 1241 807 1304 νέοις
829 1240 1079 1310 βοήθειας
1108 1232 1201 1294 καὶ
1223 1240 1384 1293 πόθεν
1401 1257 1486 1303 τις
1519 1238 1632 1310 (60)

27 1332 57 1381 ὁ
76 1330 185 1400 τῆς
210 1331 437 1403 ἀρετῆς
470 1332 868 1403 συναγωνιστὴς
889 1332 1040 1401 λόγος
1064 1348 1080 1397 ;
1110 1314 1174 1385 ἐκ
1195 1332 1252 1385 δὲ
1273 1333 1438 1385 ποίων
1457 1347 1634 1402 γραμ-

1734 1333 1896 1388 ditam
1928 1334 2191 1402 putabant
2225 1350 2239 1385 :
2272 1340 2327 1385 at
2374 1332 2427 1385 id
2468 1330 2743 1384 enimvero
2770 1370 2786 1395 ,
2826 1332 3281 1400 quemadmodum

32 1418 241 1491 μάτων
317 1424 757 1495 ’Δριστοτέλουςς
810 1424 953 1487 τίνος
1009 1424 1116 1477 τῶν
1162 1426 1257 1478 ἀπ’
1310 1424 1507 1489 aia-:06;
1568 1425 1633 1475 ὲκ

1734 1422 1881 1478 Plato
1909 1424 2114 1488 docuit,
2135 1423 2363 1478 sublatis
2387 1422 2603 1476 demum
2629 1421 2879 1476 humanis
2903 1422 3283 1490 cupiditatibus

32 1514 218 1565 ποίων
240 1515 486 1585 γραφῶν
506 1532 522 1579 ;
543 1516 742 1588 Δίδωμι
768 1515 873 1585 γάρ
900 1532 999 1578 σοι,
1020 1515 1123 1569 κᾶν
1144 1514 1428 1584 ψεύδεσθαι
1450 1514 1630 1584 θέλῃς,

1734 1513 2023 1567 oblinetur.
2054 1514 2131 1568 Ad
2185 1515 2300 1569 haec
2345 1515 2507 1584 igitur
2566 1513 2945 1583 consequenda
2970 1555 2986 1580 ,
3029 1530 3189 1586 quam
3225 1523 3283 1567 ttt

34 1604 210 1675 μόνον
233 1623 299 1658 τι
339 1606 602 1659 νεανικόν.
645 1605 804 1659 Ἀλλά
825 1608 933 1677 γὰρ
963 1605 1074 1658 οὔτ’
1112 1606 1255 1676 ἔχεις
1287 1608 1458 1659 εἰπεῖν
1477 1646 1491 1669 ,
1521 1604 1632 1659 οὔτ’

1734 1605 2038 1675 iunioribus
2062 1621 2216 1674 opem
2246 1606 2488 1660 ostendis
2522 1605 2544 1657 2
2573 1606 2713 1659 unde
2734 1606 2815 1658 vel
2851 1620 3019 1659 unum
3069 1606 3284 1673 aliquod

34 1695 104 1749 ἂν
141 1695 460 1767 ἐπιτρέψαι
487 1712 568 1748 σοι
586 1695 695 1749 τῶν
723 1697 1003 1766 ἡγεμόνων
1033 1696 1130 1766 τῆς
1152 1696 1413 1766 αἱρέσεως
1437 1695 1630 1758 οὐδείς.

1734 1696 1992 1749 orationis
2028 1711 2218 1764 genus,
2269 1696 2413 1764 quod
2462 1696 2649 1751 virtuti
2683 1695 3006 1765 suffragetur
3034 1697 3057 1749 ἳ
3089 1697 3285 1764 quibus

33 1784 101 1837 Δί
129 1783 286 1851 γοῦν
335 1786 733 1855 Ἀριστοτέλους
757 1786 885 1856 περὶ
905 1786 1076 1840 ταῦτα
1100 1789 1490 1857 πραγματεῖαι,
1522 1788 1635 1840 Εὑ-

1734 1784 2134 1841 exAristotclis
2162 1786 2463 1854 operibus?
2511 1794 2605 1840 aut
2654 1786 2973 1855 cujusquam
3029 1787 3284 1850 alterius,

36 1874 294 1942 δήμειοι
325 1892 387 1929 τε
417 1877 510 1930 καὶ
536 1875 924 1944 Νικομάχειοι,
951 1877 1046 1931 καὶ
1071 1875 1359 1945 Μεγάλων
1392 1874 1635 1933 Ἠθικῶν

1734 1874 1826 1944 qui
1853 1875 1973 1943 ejus
1993 1890 2025 1929 e
2046 1874 2230 1930 schola
2262 1876 2539 1944 profectus
2572 1876 2644 1930 sit
2663 1876 2818 1946 ?age,
2849 1876 3047 1944 quibus
3072 1876 3285 1929 tandem

37 1967 501 2038 ἐπιγραφόμεναι
526 2008 542 2033 ,
573 1943 766 2038 μιίιρόν
784 1943 863 2033 τι,
888 1969 982 2022 καὶ
1009 1943 1291 2031 ταπεινὸν,
1330 1952 1423 2020 irai
1447 1966 1631 2037 δημῶ-

1734 1943 1799 2019 ex
1822 1965 2081 2030 scriptis?
2104 1964 2248 2031 Quin
2267 1943 2344 2020 tu
2378 1967 2627 2032 mentire,
2659 1967 2706 2021 si
2737 1943 2841 2032 vis,
2867 1943 2962 2035 per
2991 1981 3079 2020 me
3117 1966 3243 2020 licet
3271 1984 3285 2019 :

40 2055 127 2117 δες
162 2058 315 2129 περὶ
338 2058 443 2127 τῆς
468 2057 667 2128 ἀρετῆς
691 2056 963 2127 φρονοῦσι,
1000 2061 1093 2112 καὶ
1114 2056 1385 2118 τοσοῦτον,
1414 2058 1539 2109 ὅσον
1564 2057 1630 2111 ἀν

1734 2044 1941 2111 tantum
1970 2057 2214 2125 generosi
2246 2073 2314 2110 ex
2351 2068 2403 2113 te
2453 2058 2655 2128 aliquid
2711 2058 3018 2113 audiamus.
3068 2056 3140 2111 At
3189 2071 3285 2110 nec

40 2160 125 2207 τις
155 2148 264 2199 καὶ
299 2146 520 2217 ἰδιώτης
546 2148 642 2201 καὶ
676 2147 1013 2210 ἀπαίδευτος,
1044 2148 1137 2200 καὶ
1178 2147 1496 2217 μειράκιον,
1537 2146 1631 2198 καὶ

1734 2146 1961 2202 omnino
1989 2148 2283 2218 quidquam
2314 2148 2481 2220 habes
2536 2151 2650 2220 ipse
2691 2150 2836 2219 quod
2874 2149 3025 2205 dicas
3058 2166 3073 2203 :
3102 2162 3202 2202 nec
3231 2156 3285 2201 ut

45 2238 213 2307 γυνή.
248 2237 335 2291 Τὸ
371 2239 468 2308 μὲν
496 2237 605 2310 γὰρ
634 2238 887 2309 διάδημα,
916 2238 992 2301 ὼς
1021 2240 1193 2291 εἰπεῖν
1215 2276 1231 2301 ,
1266 2238 1357 2291 καὶ
1392 2237 1452 2289 τὸ
1497 2236 1632 2306 σκῆ-

1735 2235 1960 2300 habeas,
1987 2237 2274 2306 quisquam
2316 2218 2495 2294 tamen
2519 2218 2587 2293 es
2618 2218 2780 2307 hujus
2828 2247 2989 2293 sectae
3034 2236 3285 2307 principi-

46 2344 225 2397 πτρον
253 2329 325 2380 τὸ
360 2329 635 2399 βασιλικὸν
655 2370 670 2394 ,
698 2330 727 2383 δ
752 2329 904 2401 παρά
946 2329 1039 2383 τοῦ
1064 2330 1185 2394 Διὸς
1232 2329 1345 2400 ἔχει
1394 2328 1628 2382 λαὸοῠσα

1734 2326 1834 2380 bus
1865 2327 1915 2381 id
1940 2334 1990 2381 te
2024 2327 2172 2396 loqui
2200 2328 2451 2396 patiatur.
2504 2329 2648 2383 Sane
2678 2329 2983 2384 Aristotelis
3008 2329 3112 2383 hac
3139 2328 3208 2382 de
3230 2342 3289 2381 re

49 2415 430 2490 ἀναφαίρετον
456 2421 490 2489 ἡ
522 2418 709 2489 ἀρετὴ,
762 2419 901 2483 ἐπεὶ,
967 2453 972 2459 -

1734 2416 1877 2481 libri,
1923 2431 2019 2469 seu
2050 2417 2142 2485 qui
2177 2417 2246 2468 ad
2285 2418 2580 2470 Eudemum
2602 2458 2617 2483 ,
2649 2432 2743 2472 seu
2776 2418 2869 2486 qui
2913 2417 2983 2469 ad
3037 2415 3285 2468 Nicoma-

51 2507 237 2574 chum,
271 2523 374 2562 seu
401 2509 494 2577 qui
525 2508 837 2579 Magnorum
871 2507 1166 2562 Horatium
1215 2506 1431 2561 nomine
1466 2505 1837 2561 inscribuntur
1900 2502 1974 2555 nil
2024 2504 2129 2557 nisi
2186 2505 2439 2573 pusillum
2477 2504 2754 2573 quiddam,
2795 2505 3101 2573 humileque
3140 2518 3285 2573 pror.

1730 701 1885 753 nobis
1914 700 2172 763 obsecro,
2206 698 2344 752 bone
2392 696 2777 765 Peripatetice,
2826 696 3278 764 quemadmodum

1731 791 1845 845 haec
1880 792 1998 859 ipsa
2035 792 2335 845 traditurus
2399 790 2518 853 sis,
2571 804 2732 857 quam
2785 788 2853 841 ad
2904 787 2997 841 illa
3041 786 3284 841 Platonis

1730 880 2063 934 amatoribus
2090 880 2232 933 viam
2262 877 2596 947 prasiturus?
2630 876 2865 945 Ecquam
2889 874 3151 930 doctrina:
3175 875 3283 928 vim

1728 972 2210 1041 excellentiamque
2257 980 2458 1024 tantam
2506 979 2650 1022 secta
2695 968 2791 1021 tibi
2845 976 2937 1021 tua
2988 966 3281 1035 repositam

1712 1062 1909 1127 habet,
1938 1072 1999 1117 ut
2019 1061 2285 1116 Aloadum
2319 1059 2535 1112 illoium
2564 1073 2722 1112 sensu
2756 1057 3061 1141 ﬁduciaque
3090 1057 3284 1126 plenus

1731 1155 1873 1208 viam
1903 1154 1969 1207 ad
2005 1153 2205 1208 caelum
2252 1150 2427 1202 moliri
2465 1148 2662 1201 audeas
2691 1149 2715 1201 ?
2752 1146 2901 1202 Hanc
2942 1144 3018 1201 illi
3050 1155 3283 1210 montes,

1731 1243 2005 1298 montibus
2035 1239 2381 1310 imponendo,
2407 1246 2710 1306 promptam
2740 1237 2842 1291 sibi
2868 1236 2983 1295 fore
3028 1248 3083 1292 et
3120 1252 3283 1305 expe-

53 2610 145 2650 sus
177 2612 251 2650 ac
286 2599 508 2669 vulgare
540 2600 774 2668 sapiunt,
798 2609 959 2668 atque
1002 2597 1288 2666 ejusmodi,
1323 2596 1465 2665 quod
1510 2594 1760 2655 homines
1822 2592 2019 2655 idiotaa,
2086 2608 2150 2646 ac
2181 2617 2183 2619 ί
2214 2593 2375 2647 rudes
2399 2635 2414 2659 ,
2467 2594 2612 2663 quod
2656 2594 3035 2648 adolescentuli
3078 2607 3139 2646 ac
3178 2607 3284 2644 mu.
3388 2582 3392 2589 ’

56 2686 310 2743 liercula:
369 2689 532 2759 796
578 2691 815 2759 cogitare
864 2689 1092 2758 possint.
1139 2686 1429 2740 Enimvero
1468 2684 1613 2753 quod
1651 2681 1836 2736 virtuti
1868 2681 2135 2748 diadema,
2174 2692 2232 2736 ut
2292 2683 2367 2737 ita
2433 2683 2644 2752 loquar,
2670 2686 2988 2752 regiumque
3016 2691 3286 2751 sceptrum

60 2776 157 2831 abs
186 2776 333 2832 Jove
357 2778 615 2832 donatum
648 2788 753 2842 est,
785 2793 883 2833 nec
911 2777 1109 2832 auferri
1136 2794 1168 2832 a
1198 2792 1474 2847 quoquam
1497 2782 1673 2841 potest
1708 2773 1925 2843 (quippe

152 2884 163 2932 ί·
204 2932 220 2945 .
271 2932 287 2945 .
326 2932 343 2945 .
393 2931 408 2945 .
435 2895 515 2945 Οὐ
539 2891 988 2959 παλινὰηὶετον,
1017 2892 1139 2945 ὅττι
1164 2909 1271 2945 κεν
1296 2889 1472 2956 οὔτ-ος
1891 2955 1899 2959 _
2061 2888 2302 2942 ...Manet
2336 2890 2685 2953 irrevocabile,
2725 2890 2976 2959 quidquid

271 2932 287 2945 .
326 2932 343 2945 .
393 2931 408 2945 .
435 2895 515 2945 Οὐ
539 2891 988 2960 «animator,
1017 2892 1139 2945 ὅττι
1164 2909 1271 2945 κεν
1296 2889 1472 2956 οὔτ-ος

271 2961 301 3029 fi
339 2961 572 3029 κεφαλῇ
601 2963 890 3029 ἐπινεύσῃ
914 2978 929 2993 ·

2061 2889 2302 2942 ...Μαηει
2336 2891 2389 2941 ir.

1867 2955 2119 3012 Annuerit
2154 2961 2341 3029 capite)
2370 2974 2389 3009 :

156 2926 163 2932 ‘
204 2932 301 3031 in;
326 2926 929 3031 sensisses;

64 3093 225 3146 τοῦτο
253 3094 429 3165 αὐτὴν
458 3093 803 3165 ἀφαιρεῖσθαι
836 3092 1122 3163 τολμῶσιν.
1160 3094 1234 3147 Οὐ
1276 3092 1385 3164 γὰρ
1424 3095 1635 3165 ἐπιτρέ-

1738 3104 1804 3142 eo
1855 3098 2035 3144 tamen
2085 3084 2230 3143 illam
2290 3087 2525 3157 Spoliare
2578 3098 2863 3144 conantur.
2910 3090 3115 3161 Negant
3145 3096 3288 3152 enim

68 3203 265 3237 πουσιν
297 3186 468 3256 αὐτὴν
490 3188 659 3237 ποιεῖν
684 3184 1001 3255 εὐδαίμονας
1018 3202 1031 3213 ·
1060 3185 1249 3255 ὁμοίαν
1268 3186 1326 3237 δὲ
1352 3185 1519 3257 αὐτὴν
1540 3203 1638 3238 κα-

69 3274 286 3327 θιστᾶσι
317 3274 548 3340 πλούτῳ,
576 3275 669 3326 καὶ
696 3274 840 3346 δόξῃ,
872 3276 964 3327 καὶ
991 3274 1156 3341 γένει,
1192 3275 1283 3326 καὶ
1305 3275 1503 3344 ὑγιείᾳ,
1541 3276 1633 3327 καὶ

70 3364 280 3421 κάλλει.
315 3365 408 3416 καὶ
436 3365 536 3416 ὅσα
555 3364 687 3416 ἄλλα
714 3364 868 3416 κοινὰ
891 3365 991 3432 τῆς
1016 3364 1232 3425 κακίας.
1280 3364 1365 3425 Ὧς
1388 3362 1496 3432 γὰρ
1522 3363 1640 3415 τού-

36 3500 39 3501 ,
70 3470 174 3504 των
198 3452 386 3505 ὁτιοῦν
408 3452 591 3523 παρὸν
618 3453 785 3521 χωρὶς
808 3452 1027 3522 ἀρετῆς,
1058 3453 1157 3503 οὐκ
1180 3450 1449 3521 αὔταρκες
1472 3452 1639 3503 εὐδαί-

78 3560 211 3611 μονα
242 3545 341 3597 τὸν
364 3542 695 3612 κεκτημένον
728 3543 1031 3611 ἀποφῆναιο
1065 3543 1158 3594 καὶ
1199 3544 1232 3612 ἡ
1282 3543 1450 3614 ἀρετὴ
1497 3543 1639 3597 κατὰ

72 3635 243 3688 ταὺτά
284 3635 456 3706 χωρὶς
484 3633 686 3685 τούτων
717 3633 813 3703 οὐχ
862 3632 1018 3703 ἱκανὴ
1066 3633 1283 3702 ποιῆσαι
1334 3634 1424 3685 τὸν
1472 3633 1639 3704 ἔχοντ’

75 3728 239 3799 αὐτὴν
270 3727 581 3788 εὐδαίμονα.
609 3726 733 3788 Πῶς
773 3720 867 3778 οὖν
906 3726 966 3777 οὒ
998 3724 1300 3797 καθῄρηται
1348 3727 1442 3779 καὶ
1474 3744 1641 3780 κατα-

77 3815 335 3886 ϐέϐληται
364 3814 423 3867 τὸ
453 3815 551 3884 τῆς
577 3812 777 3885 ἀρετῆς
806 3811 1054 3883 ἀξίωμα;
1080 3842 1149 3850 ——
1174 3812 1279 3864 Ναί
1305 3830 1317 3841 ν
1351 3812 1485 3865 ἀλλὰ
1504 3814 1637 3865 πολὺ

78 3906 181 3959 τῶν
203 3907 379 3960 ἄλλων
405 3902 621 3974 ἀγαθῶν
654 3904 944 3975 ὑπερέχειν
968 3902 1064 3973 τὴν
1090 3903 1295 3974 ἀρετὴν
1313 3903 1541 3971 λέγουσι.
1573 3931 1641 3939 -

80 3997 142 4049 Τί
160 3998 225 4069 δὴ
251 3996 411 4050 τοῦτο
433 4016 446 4062 ;
488 3996 597 4049 Καὶ
612 3996 718 4067 γὰρ
738 3997 836 4066 τὴν
860 3994 1069 4062 ὑγίειαν
1083 3994 1180 4045 τοῦ
1206 3992 1435 4043 πλούτου
1453 4009 1466 4021 ·
1503 3992 1639 4044 ἀλλὰ

80 4086 137 4138 τό
161 4104 225 4155 γε
254 4088 425 4159 χωρὶς
472 4086 712 4155 ἀλλήλων
760 4084 833 4155 μὴ
883 4086 1070 4155 ἀρχεῖν
1114 4080 1249 4151 πρὸς
1297 4080 1639 4149 εὐδαιμονίαν

84 4179 212 4252 πᾷσι
238 4178 439 4233 κοινόν.
487 4176 712 4243 Ὁπόταν
737 4171 828 4228 οὖν
849 4192 931 4236 τις
969 4176 1032 4225 ὲκ
1063 4172 1263 4223 τούτων
1301 4169 1408 4222 τῶν
1436 4169 1637 4239 δογμά-

83 4281 183 4317 των
216 4269 309 4319 καὶ
341 4265 542 4336 ταύτης
584 4266 685 4335 τῆς
732 4263 993 4334 αἱρέσεως
1018 4259 1243 4322 διδάξειε
1287 4258 1379 4310 τὸν
1411 4261 1469 4312 ὲν
1496 4261 1633 4331 αὐτῇ

86 4356 144 4425 τῇ
170 4355 316 4427 ψυχῇ
343 4356 404 4408 τὸ
430 4357 538 4408 πᾶν
565 4353 899 4425 ἀνθρώπινον
918 4350 1121 4418 ἀγαθὸν
1147 4348 1430 4420 ζητοῦντα,
1459 4350 1637 4404 εὐδαί-

1737 3183 1990 3238 virtutem
2024 3200 2119 3253 per
2154 3184 2279 3241 sese
2304 3183 2490 3235 beatos
2535 3182 2779 3237 homines
2807 3181 3037 3251 efﬁcere,
3064 3200 3288 3255 eamque

1735 3270 1959 3337 divitiis,
1995 3266 2518 3341 gloriae,“nobilitati,
2554 3272 2793 3336 sanitati,
2823 3272 3011 3327 formae
3055 3291 3117 3329 ac
3144 3286 3289 3329 crete-

1737 3362 1812 3412 ris
1832 3375 1953 3428 qua:
1980 3375 2103 3413 cum
2136 3360 2478 3427 improbitate
2525 3372 2654 3415 sunt
2689 3364 3022 3428 communia,
3062 3366 3289 3419 similem

1736 3465 1859 3504 esse
1895 3452 2098 3503 volunt.
2148 3448 2285 3504 Nam
2340 3459 2400 3504 ut
2441 3452 2669 3507 istorum
2719 3454 2888 3517 nihil,
2924 3464 3289 3524 quamtumvts

1737 3543 1899 3609 adsit,
1925 3544 2053 3596 dum
2078 3543 2251 3598 virtus
2286 3544 2454 3608 abeat,
2484 3560 2853 3614 possessorem
2890 3562 3047 3599 suum
3080 3545 3289 3601 felicem

1737 3632 1963 3687 reddere
1991 3648 2088 3702 per
2117 3648 2237 3686 sese
2265 3642 2441 3700 potest
2476 3652 2507 3718 ..ξ
2553 3634 2624 3686 ita
2651 3650 2718 3687 ne
2747 3649 2905 3687 suum
2932 3635 3149 3704 quidem
3182 3638 3291 3688 vir-

1737 3733 1845 3790 tus,
1879 3726 1925 3778 si
1954 3725 2067 3778 haec
2112 3724 2292 3777 omnia
2352 3722 2615 3800 deerunt,
2670 3722 2922 3779 felicitate
2966 3728 3287 3781 cumulabit.
3383 3795 3389 3800 η

1734 3814 1849 3870 Hoc
1870 3831 1998 3885 ergo
2041 3815 2169 3885 quid
2200 3812 2347 3867 aliud
2377 3821 2493 3879 est,
2524 3798 2688 3883 quam
2724 3815 2942 3871 virtutis
2972 3817 3289 3886 dignitatem

1735 3904 1966 3971 abjicere
1992 3903 2254 3973 funditus,
2280 3913 2440 3974 atque
2464 3904 2847 3972 pessumdare?
2872 3906 3287 3977 —Esto,iuquil.

1735 3994 1805 4047 At
1831 3995 2076 4049 virtutem
2100 3998 2260 4067 longe
2286 3996 2445 4051 bonis
2477 3996 2599 4052 aliis
2645 3998 2899 4056 omnibus
2932 4007 3288 4067 anteponunt.

1736 4082 1873 4149 Quid
1905 4097 2015 4140 tum
2044 4086 2274 4140 ?——-Nam
2308 4094 2362 4140 et
2383 4088 2667 4141 sanitatem
2695 4101 2909 4167 quoque
2934 4086 3136 4141 divitiis
3156 4103 3293 4157 pra:-

1739 4188 1881 4232 stare
1912 4179 2099 4232 volunt
2136 4188 2424 4233 :cmterum
2450 4219 2465 4242 ,
2500 4178 2643 4246 quod
2678 4178 2795 4230 sine
2822 4184 3008 4231 mutua
3058 4178 3291 4246 quadam

1739 4284 1898 4339 Opera
1933 4272 2065 4325 satis
2090 4269 2156 4323 ad
2190 4267 2574 4323 beatitudinem
2622 4280 2745 4321 esse
2789 4282 2899 4321 non
2922 4269 3195 4338 “possint,
3238 4272 3291 4324 id

1740 4376 1873 4415 vero
1896 4377 2020 4417 cum
2048 4360 2302 4415 omnibus
2335 4358 2556 4412 omnino
2603 4373 2891 4415 commune
2927 4369 3029 4416 est.
3070 4361 3146 4416 ita
3200 4364 3294 4433 qui

89 4447 217 4513 μονα
244 4444 405 4516 φασίν
434 4446 525 4499 ἐπὶ
547 4445 739 4517 τροχὸν
764 4444 862 4496 οὐκ
906 4441 1243 4496 ἀναϐαίνειν·
1295 4442 1416 4494 οὐδὲ
1453 4445 1482 4495 ὁ
1519 4445 1635 4506 ταῖς

1738 4447 1902 4500 semel
1937 4447 2100 4516 hujus
2152 4444 2409 4500 doctrina:
2461 4454 2728 4515 sectaque
2775 4450 2990 4519 regulas
3050 4461 3288 4515 Secutus,

45 4554 56 4563 ·
88 4535 409 4609 Πριαμικαῖς
430 4535 618 4606 τύχαις
642 4533 752 4603 (61)
781 4532 1131 4604 συνεχόμενος
1152 4532 1349 4585 δύναιτ’
1368 4531 1433 4585 ἂν
1459 4533 1638 4585 εὐδαι-

90 4625 257 4693 μονῶν
290 4627 384 4679 καὶ
413 4625 675 4696 μακάριος
699 4619 860 4677 εἶναι.
892 4624 994 4677 Τὸν
1027 4623 1085 4676 δὲ
1106 4624 1205 4694 τὴν
1226 4622 1422 4693 ἀρετὴν
1446 4622 1635 4692 ἔχοντα

92 4716 337 4781 τοιούτοις
379 4716 491 4770 τισὶ
522 4716 836 4785 περιπεσεῖν
888 4715 987 4769 οὐκ
1027 4715 1269 4778 ἀπεικός.
1316 4713 1536 4777 Τούτοις
1576 4714 1632 4765 δὲ

91 4804 270 4868 imm
302 4808 364 4862 τὸ
396 4807 534 4879 μήτε
556 4804 867 4889 ἀκολουθεῖν
900 4808 964 4858 ὲκ
1001 4804 1200 4867 παντὸς
1244 4804 1341 4873 τὴν
1384 4803 1630 4871 εὐδαιμο-

97 4895 200 4951 νίαν
226 4897 337 4962 τοῖς
361 4898 458 4970 τὴν
488 4896 685 4969 ἀρετὴν
706 4896 904 5019 ἐχόκυσι,
950 4897 1072 4967 μήτ’
1104 4897 1154 4947 εί
1202 4896 1413 4962 γένοιτο
1448 4910 1627 4963 παρα-

99 4986 262 5019 alno...
296 4990 379 5019 ,ιρι

96 4986 262 5053 μένειν
294 4990 401 5042 ἀεί.
483 5042 485 5045 ,
794 4986 803 5025 ί

1741 4537 2024 4603 docuerit,
2055 4536 2303 4607 quisquis
2342 4534 2573 4603 ipsomet
2607 4540 2661 4592 in
2690 4540 2874 4595 animo
2905 4541 3128 4597 humani
3160 4543 3293 4600 boui

1741 4628 2150 4689 universitatem
2168 4636 2375 4696 quarat
2401 4669 2416 4695 ,
2451 4644 2577 4685 eum
2626 4632 2693 4686 ad
2724 4632 2870 4699 illam
2901 4632 3251 4689 beatitudinis
3271 4676 3289 4699 ,

1738 4726 1796 4769 ut
1821 4718 1997 4782 aiunt,
2031 4726 2204 4771 rotam
2239 4719 2482 4788 aspirare
2518 4739 2624 4777 non
2654 4738 2811 4793 posse
2857 4740 2871 4775 :
2921 4723 3011 4779 hic
3051 4725 3289 4794 profecto

1735 4809 1862 4863 felix
1898 4825 2174 4879 nunquam
2200 4819 2255 4865 et
2276 4812 2464 4868 beatus
2503 4830 2623 4870 esse
2649 4814 2866 4883 p0terit,
2900 4831 3063 4884 quem
3088 4816 3291 4872 Priami

1733 4914 1891 4953 casus
1923 4901 2215 4955 exercitum
2257 4904 2561 4960 habuerint.
2596 4905 2757 4974 Atqui
2798 4906 2935 4961 nihil
2960 4917 3123 4975 vetat,
3153 4926 3291 4980 quo-

1733 4991 1915 5045 minus
1959 4993 2034 5046 illi
2074 4996 2236 5050 etiam
2286 5000 2503 5053 virtutis
2542 5012 2885 5065 possessores
2941 5003 3195 5074 similem,
3234 5004 3291 5056 in

96 5080 441 5135 calamitatem
493 5080 852 5137 incidant.Ex
908 5093 1018 5147 quo
1058 5079 1215 5147 plane
1282 5079 1544 5148 sequitur,
1616 5096 1714 5135 nec
1758 5084 1825 5139 iis
1878 5087 1967 5155 qui
2004 5087 2214 5143 Virtute
2261 5091 2464 5160 prazditi
2509 5088 2617 5142 sint
2673 5092 2929 5149 continuo
2986 5092 3290 5149 felicitatem

96 5171 350 5237 comitari,
385 5187 505 5236 nec,
536 5183 599 5227 ut
645 5170 936 5226 comitetur
974 5170 1241 5223 interdum
1267 5212 1281 5234 ,
1316 5180 1624 5238 perpetuam
1666 5173 1805 5235 hanc
1834 5180 2288 5237 societatemesse
2318 5195 2495 5249 posse.

98 5281 287 5359 Φύμα
319 5283 391 5337 τὰ
411 5283 529 5353 μέν
566 5285 612 5336 τ’
641 5283 859 5353 ἄνεμος
893 5282 1146 5351 χαμάδις
1179 5282 1301 5352 χέει
1322 5325 1344 5359 ι
1372 5283 1529 5359 (biga
1566 5285 1633 5339 δέ

241 5353 245 5359 ν
1327 5353 1412 5423 [θ’
1452 5356 1568 5424 ὕλη

102 5418 438 5492 Τηλεθόωσα
463 5424 599 5492 φύει
619 5440 635 5454 ·

106 5491 194 5558 Ὡς
214 5492 445 5561 ἀνδρῶν
466 5490 664 5561 γενεὴ,
696 5493 734 5560 ἢ
759 5493 874 5562 μὲν
903 5495 1058 5563 φύει,
1080 5494 1116 5561 ἠ
1138 5490 1189 5547 ὅ*
1218 5492 1529 5563 ἀπολήγει,

166 5738 267 5869 $60)
296 5738 403 5793 Καὶ
428 5737 609 5790 πόθεν
643 5753 747 5801 τις.
780 5735 936 5789 Forte
961 5736 1054 5786 καὶ
1079 5735 1268 5797 πόθεν;
1300 5732 1393 5791 καὶ
1418 5734 1530 5798 τίςς

186 5808 268 5869 6i)
300 5806 639 5869 Πριαμικαῖς
681 5809 905 5869 ngare.
941 5806 1141 5858 Alludit
1168 5806 1231 5859 ad
1268 5804 1396 5859 illud
1427 5806 1530 5857 Aris

186 5804 268 5879 6i)
300 5806 639 5879 Πριαμικαῖς
670 5809 905 5879 τύχαις.
941 5806 1141 5879 ᾼίιυιίῇι
1168 5806 1231 5879 ad
1268 5804 1396 5879 illud
1427 5806 1631 5879 Aristo-

111 5876 233 5941 telis.
251 5874 360 5938 lib.
384 5897 399 5935 ι
427 5874 503 5934 De
529 5874 783 5938 moribus,
804 5894 921 5936 cau.
955 5876 1009 5931 ll
1037 5896 1047 5929 :
1080 5877 1138 5929 Εἰ
1168 5876 1211 5929 δ’
1241 5874 1429 5935 οὕτως.
1453 5874 1631 5929 ἄθλιος

1748 5289 1922 5365 Yolvit
1952 5294 2094 5349 humi
2114 5304 2291 5349 uentus
2319 5292 2555 5363 frondes,
2591 5295 2831 5365 aliasque
2862 5295 3081 5350 subinde

1740 5361 1887 5421 Sifva
1903 5380 2110 5418 comam
2136 5364 2300 5430 aperit
2321 5361 2341 5414 ξ

1739 5433 1923 5555 ﬂictu
1968 5436 2041 5488 sic
2082 5433 2348 5486 hominum
2395 5437 2653 5503 exoritur,
2698 5437 2856 5489 simul
2914 5434 3103 5487 occidit
3157 5449 3288 5492 ctu

1816 5514 1947 5555 tera.

1816 5514 1947 5557 tera.

1742 5739 1840 5799 μεν
1880 5722 2133 5799 οὐδεποτε
2174 5700 2365 5793 γένοιτ’
2401 5721 2532 5799 ἂνρ
2574 5720 2855 5799 εὐδαίμων]
2891 5721 2950 5772 οὐ
2983 5720 3089 5794 μὴν
3114 5725 3285 5799 tum":

1740 5790 1849 5863 ριός
1876 5809 1960 5861 γε,
1999 5796 2045 5847 εἰ
2081 5790 2411 5867 Πριαμικαῖς
2438 5793 2624 5861 τύχαις
2652 5790 2937 5862 περιπέσῃ.
