  <div class='ocr_page' id='page_1' title='image "/cluster/home/n/w/nwhite01/storage/ocr_20150623/21/pst.000004029076/661.png"; bbox 0 0 4014 6356; ppageno 0'>
   <div class='ocr_carea' id='block_1_1' title="bbox 783 458 914 508">
    <p class='ocr_par' dir='ltr' id='par_1_1' title="bbox 783 458 914 508">
     <span class='ocr_line' id='line_1_1' title="bbox 783 458 914 508; baseline -0.008 0"><span class='ocrx_word' id='word_1_1' title='bbox 783 458 914 508; x_wconf 66' lang='grc'>1507</span> 
     </span>
    </p>
   </div>
   <div class='ocr_carea' id='block_1_2' title="bbox 1417 457 2316 519">
    <p class='ocr_par' dir='ltr' id='par_1_2' title="bbox 1417 457 2316 516">
     <span class='ocr_line' id='line_1_2' title="bbox 1417 457 2316 516; baseline 0.006 -7"><span class='ocrx_word' id='word_1_2' title='bbox 1417 457 1682 514; x_wconf 81' lang='lat' dir='ltr'><strong>EUSEBII</strong></span> <span class='ocrx_word' id='word_1_3' title='bbox 1716 459 2185 516; x_wconf 65' lang='grc' dir='ltr'><strong>(ΖᾸΞΞΑΒΙΕΝΞΙΞ</strong></span> <span class='ocrx_word' id='word_1_4' title='bbox 2221 462 2316 516; x_wconf 71' lang='lat' dir='ltr'><strong>0P1</strong></span> 
     </span>
    </p>
   </div>
   <div class='ocr_carea' id='block_1_3' title="bbox 2417 457 3320 519">
    <p class='ocr_par' dir='ltr' id='par_1_3' title="bbox 2417 461 3320 519">
     <span class='ocr_line' id='line_1_3' title="bbox 2417 461 3320 519; baseline 0.001 -5"><span class='ocrx_word' id='word_1_5' title='bbox 2417 461 2588 517; x_wconf 70' lang='lat' dir='ltr'><strong>PARS</strong></span> <span class='ocrx_word' id='word_1_6' title='bbox 2627 462 2687 517; x_wconf 89' lang='lat' dir='ltr'><strong>ll.</strong></span> <span class='ocrx_word' id='word_1_7' title='bbox 2727 493 2799 507; x_wconf 92' lang='lat'><strong>—</strong></span> <span class='ocrx_word' id='word_1_8' title='bbox 2832 462 3320 519; x_wconf 73' lang='lat' dir='ltr'><strong>APOLOGETICA.</strong></span> 
     </span>
    </p>
   </div>
   <div class='ocr_carea' id='block_1_4' title="bbox 779 570 2316 657">
    <p class='ocr_par' dir='ltr' id='par_1_4' title="bbox 779 573 2316 650">
     <span class='ocr_line' id='line_1_4' title="bbox 779 573 2316 650; baseline 0.007 -25"><span class='ocrx_word' id='word_1_9' title='bbox 779 573 949 628; x_wconf 74' lang='lat' dir='ltr'><strong>Exilis</strong></span> <span class='ocrx_word' id='word_1_10' title='bbox 983 573 1161 628; x_wconf 87' lang='lat' dir='ltr'><strong>adhuc</strong></span> <span class='ocrx_word' id='word_1_11' title='bbox 1183 575 1410 628; x_wconf 88' lang='lat' dir='ltr'><strong>nimium</strong></span> <span class='ocrx_word' id='word_1_12' title='bbox 1454 592 1516 631; x_wconf 88' lang='lat' dir='ltr'><strong>ac</strong></span> <span class='ocrx_word' id='word_1_13' title='bbox 1547 579 1732 632; x_wconf 84' lang='lat' dir='ltr'><strong>timida</strong></span> <span class='ocrx_word' id='word_1_14' title='bbox 1753 620 1769 644; x_wconf 97' lang='lat'><strong>,</strong></span> <span class='ocrx_word' id='word_1_15' title='bbox 1795 581 1864 632; x_wconf 92' lang='lat' dir='ltr'><strong>mi</strong></span> <span class='ocrx_word' id='word_1_16' title='bbox 1890 590 2067 650; x_wconf 88' lang='lat' dir='ltr'><strong>poeta,</strong></span> <span class='ocrx_word' id='word_1_17' title='bbox 2098 592 2186 635; x_wconf 90' lang='lat' dir='ltr'><strong>tua</strong></span> <span class='ocrx_word' id='word_1_18' title='bbox 2215 582 2316 636; x_wconf 72' lang='lat' dir='ltr'><strong>btet</strong></span> 
     </span>
    </p>
   </div>
   <div class='ocr_carea' id='block_1_5' title="bbox 2417 570 3938 657">
    <p class='ocr_par' dir='ltr' id='par_1_5' title="bbox 2433 570 3938 657">
     <span class='ocr_line' id='line_1_5' title="bbox 2433 570 3938 657; baseline 0.003 -22"><span class='ocrx_word' id='word_1_19' title='bbox 2433 584 2550 635; x_wconf 86' lang='grc' dir='ltr'><strong>Ἔτι</strong></span> <span class='ocrx_word' id='word_1_20' title='bbox 2599 600 2677 636; x_wconf 80' lang='grc' dir='ltr'><strong>σοι</strong></span> <span class='ocrx_word' id='word_1_21' title='bbox 2729 585 2786 637; x_wconf 74' lang='grc' dir='ltr'>τὸ</span> <span class='ocrx_word' id='word_1_22' title='bbox 2843 585 3181 657; x_wconf 81' lang='grc' dir='ltr'>παράδειγμα</span> <span class='ocrx_word' id='word_1_23' title='bbox 3237 583 3426 654; x_wconf 75' lang='grc' dir='ltr'>μικρὸν</span> <span class='ocrx_word' id='word_1_24' title='bbox 3487 584 3573 636; x_wconf 67' lang='grc' dir='ltr'><strong>καὶ</strong></span> <span class='ocrx_word' id='word_1_25' title='bbox 3605 570 3938 654; x_wconf 39' lang='grc' dir='ltr'>’ἄτολμανῶ</span> 
     </span>
    </p>
   </div>
   <div class='ocr_carea' id='block_1_6' title="bbox 779 665 1249 719">
    <p class='ocr_par' dir='ltr' id='par_1_6' title="bbox 779 665 1249 719">
     <span class='ocr_line' id='line_1_6' title="bbox 779 665 1249 719; baseline 0.002 -1"><span class='ocrx_word' id='word_1_26' title='bbox 779 665 1083 719; x_wconf 71' lang='lat' dir='ltr'><strong>similitudo</strong></span> <span class='ocrx_word' id='word_1_27' title='bbox 1133 676 1215 719; x_wconf 89' lang='lat' dir='ltr'><strong>est</strong></span> <span class='ocrx_word' id='word_1_28' title='bbox 1238 685 1249 718; x_wconf 93' lang='lat'><strong>:</strong></span> 
     </span>
    </p>
   </div>
   <div class='ocr_carea' id='block_1_7' title="bbox 1021 752 1761 824">
    <p class='ocr_par' dir='ltr' id='par_1_7' title="bbox 1021 752 1761 824">
     <span class='ocr_line' id='line_1_7' title="bbox 1021 752 1761 824; baseline 0.005 -16"><span class='ocrx_word' id='word_1_29' title='bbox 1021 752 1320 808; x_wconf 77' lang='lat' dir='ltr'><strong>Succedunt</strong></span> <span class='ocrx_word' id='word_1_30' title='bbox 1353 765 1586 824; x_wconf 81' lang='lat' dir='ltr'><strong>tempora</strong></span> <span class='ocrx_word' id='word_1_31' title='bbox 1610 760 1761 812; x_wconf 73' lang='lat' dir='ltr'><strong>ceris.</strong></span> 
     </span>
    </p>
   </div>
   <div class='ocr_carea' id='block_1_8' title="bbox 776 842 2326 918">
    <p class='ocr_par' dir='ltr' id='par_1_8' title="bbox 776 842 2326 918">
     <span class='ocr_line' id='line_1_8' title="bbox 776 842 2326 918; baseline 0.008 -23"><span class='ocrx_word' id='word_1_32' title='bbox 776 842 844 896; x_wconf 81' lang='lat' dir='ltr'><strong>At</strong></span> <span class='ocrx_word' id='word_1_33' title='bbox 864 845 1154 912; x_wconf 88' lang='lat' dir='ltr'><strong>plurimum</strong></span> <span class='ocrx_word' id='word_1_34' title='bbox 1209 857 1390 900; x_wconf 89' lang='lat' dir='ltr'><strong>tamen</strong></span> <span class='ocrx_word' id='word_1_35' title='bbox 1418 847 1588 901; x_wconf 76' lang='lat' dir='ltr'><strong>effluit</strong></span> <span class='ocrx_word' id='word_1_36' title='bbox 1641 851 1930 918; x_wconf 86' lang='lat' dir='ltr'><strong>temporis,</strong></span> <span class='ocrx_word' id='word_1_37' title='bbox 1962 867 2084 906; x_wconf 90' lang='lat' dir='ltr'><strong>cum</strong></span> <span class='ocrx_word' id='word_1_38' title='bbox 2123 854 2326 907; x_wconf 76' lang='lat' dir='ltr'><strong>interea</strong></span> 
     </span>
    </p>
   </div>
   <div class='ocr_carea' id='block_1_9' title="bbox 776 934 2328 1006">
    <p class='ocr_par' dir='ltr' id='par_1_9' title="bbox 776 934 2328 1006">
     <span class='ocr_line' id='line_1_9' title="bbox 776 934 2328 1006; baseline 0.008 -21"><span class='ocrx_word' id='word_1_39' title='bbox 776 934 1018 987; x_wconf 87' lang='lat' dir='ltr'><strong>succedit</strong></span> <span class='ocrx_word' id='word_1_40' title='bbox 1065 935 1218 988; x_wconf 82' lang='lat' dir='ltr'><strong>nihil.</strong></span> <span class='ocrx_word' id='word_1_41' title='bbox 1268 934 1324 989; x_wconf 89' lang='lat' dir='ltr'><strong>Si</strong></span> <span class='ocrx_word' id='word_1_42' title='bbox 1376 935 1618 1006; x_wconf 85' lang='lat' dir='ltr'><strong>fragilem</strong></span> <span class='ocrx_word' id='word_1_43' title='bbox 1659 949 1716 994; x_wconf 91' lang='lat' dir='ltr'><strong>et</strong></span> <span class='ocrx_word' id='word_1_44' title='bbox 1773 942 2031 996; x_wconf 81' lang='lat' dir='ltr'><strong>caducam</strong></span> <span class='ocrx_word' id='word_1_45' title='bbox 2083 944 2328 998; x_wconf 84' lang='lat' dir='ltr'><strong>humana:</strong></span> 
     </span>
    </p>
   </div>
   <div class='ocr_carea' id='block_1_10' title="bbox 781 1022 2325 1100">
    <p class='ocr_par' dir='ltr' id='par_1_10' title="bbox 781 1022 2325 1100">
     <span class='ocr_line' id='line_1_10' title="bbox 781 1022 2325 1100; baseline 0.008 -25"><span class='ocrx_word' id='word_1_46' title='bbox 781 1022 901 1076; x_wconf 66' lang='lat' dir='ltr'><strong>vita:</strong></span> <span class='ocrx_word' id='word_1_47' title='bbox 930 1025 1296 1080; x_wconf 78' lang='lat' dir='ltr'><strong>conditionem</strong></span> <span class='ocrx_word' id='word_1_48' title='bbox 1354 1031 1660 1084; x_wconf 72' lang='lat' dir='ltr'><strong>accuratius</strong></span> <span class='ocrx_word' id='word_1_49' title='bbox 1707 1044 2091 1100; x_wconf 78' lang='lat' dir='ltr'><strong>reprzescntarc</strong></span> <span class='ocrx_word' id='word_1_50' title='bbox 2125 1035 2227 1098; x_wconf 87' lang='lat' dir='ltr'><strong>vis,</strong></span> <span class='ocrx_word' id='word_1_51' title='bbox 2260 1051 2325 1088; x_wconf 79' lang='lat' dir='ltr'><strong>ex</strong></span> 
     </span>
    </p>
   </div>
   <div class='ocr_carea' id='block_1_11' title="bbox 779 1115 2326 1186">
    <p class='ocr_par' dir='ltr' id='par_1_11' title="bbox 779 1115 2326 1186">
     <span class='ocr_line' id='line_1_11' title="bbox 779 1115 2326 1186; baseline 0.008 -19"><span class='ocrx_word' id='word_1_52' title='bbox 779 1115 1119 1170; x_wconf 75' lang='lat' dir='ltr'><strong>Aristotclica</strong></span> <span class='ocrx_word' id='word_1_53' title='bbox 1175 1119 1356 1186; x_wconf 78' lang='lat' dir='ltr'><strong>potius</strong></span> <span class='ocrx_word' id='word_1_54' title='bbox 1387 1120 1715 1177; x_wconf 74' lang='lat' dir='ltr'><strong>beatitudine</strong></span> <span class='ocrx_word' id='word_1_55' title='bbox 1754 1125 2161 1179; x_wconf 83' lang='lat' dir='ltr'><strong>similitudinem</strong></span> <span class='ocrx_word' id='word_1_56' title='bbox 2206 1141 2326 1179; x_wconf 85' lang='lat' dir='ltr'><strong>mu-</strong></span> 
     </span>
    </p>
   </div>
   <div class='ocr_carea' id='block_1_12' title="bbox 781 1207 2326 1279">
    <p class='ocr_par' dir='ltr' id='par_1_12' title="bbox 781 1207 2326 1279">
     <span class='ocr_line' id='line_1_12' title="bbox 781 1207 2326 1279; baseline 0.009 -21"><span class='ocrx_word' id='word_1_57' title='bbox 781 1214 950 1260; x_wconf 90' lang='lat' dir='ltr'><strong>tuare.</strong></span> <span class='ocrx_word' id='word_1_58' title='bbox 993 1207 1226 1263; x_wconf 84' lang='lat' dir='ltr'><strong>Facilius</strong></span> <span class='ocrx_word' id='word_1_59' title='bbox 1265 1225 1324 1262; x_wconf 84' lang='lat' dir='ltr'><strong>ea</strong></span> <span class='ocrx_word' id='word_1_60' title='bbox 1366 1227 1528 1279; x_wconf 90' lang='lat' dir='ltr'><strong>quam</strong></span> <span class='ocrx_word' id='word_1_61' title='bbox 1575 1213 1793 1269; x_wconf 86' lang='lat' dir='ltr'><strong>frondes</strong></span> <span class='ocrx_word' id='word_1_62' title='bbox 1864 1216 2019 1278; x_wconf 69' lang='lat' dir='ltr'><strong>ullas,</strong></span> <span class='ocrx_word' id='word_1_63' title='bbox 2087 1220 2326 1272; x_wconf 88' lang='lat' dir='ltr'><strong>nascitur</strong></span> 
     </span>
    </p>
   </div>
   <div class='ocr_carea' id='block_1_13' title="bbox 777 1295 2322 1374">
    <p class='ocr_par' dir='ltr' id='par_1_13' title="bbox 777 1295 2322 1374">
     <span class='ocr_line' id='line_1_13' title="bbox 777 1295 2322 1374; baseline 0.008 -28"><span class='ocrx_word' id='word_1_64' title='bbox 777 1303 938 1361; x_wconf 82' lang='lat' dir='ltr'><strong>atque</strong></span> <span class='ocrx_word' id='word_1_65' title='bbox 989 1297 1190 1348; x_wconf 82' lang='lat' dir='ltr'><strong>interit.</strong></span> <span class='ocrx_word' id='word_1_66' title='bbox 1240 1295 1358 1350; x_wconf 78' lang='lat' dir='ltr'><strong>Non</strong></span> <span class='ocrx_word' id='word_1_67' title='bbox 1409 1301 1968 1356; x_wconf 85' lang='lat' dir='ltr'><strong>auniconversioucm</strong></span> <span class='ocrx_word' id='word_1_68' title='bbox 2024 1315 2322 1374; x_wconf 79' lang='lat' dir='ltr'><strong>exspectat,</strong></span> 
     </span>
    </p>
   </div>
   <div class='ocr_carea' id='block_1_14' title="bbox 778 1389 2325 1460">
    <p class='ocr_par' dir='ltr' id='par_1_14' title="bbox 778 1389 2325 1460">
     <span class='ocr_line' id='line_1_14' title="bbox 778 1389 2325 1460; baseline 0.009 -23"><span class='ocrx_word' id='word_1_69' title='bbox 778 1400 886 1437; x_wconf 90' lang='lat' dir='ltr'><strong>non</strong></span> <span class='ocrx_word' id='word_1_70' title='bbox 925 1389 1112 1440; x_wconf 90' lang='lat' dir='ltr'><strong>eodem</strong></span> <span class='ocrx_word' id='word_1_71' title='bbox 1153 1397 1359 1442; x_wconf 89' lang='lat' dir='ltr'><strong>tantum</strong></span> <span class='ocrx_word' id='word_1_72' title='bbox 1402 1391 1480 1444; x_wconf 81' lang='lat' dir='ltr'><strong>ve!</strong></span> <span class='ocrx_word' id='word_1_73' title='bbox 1540 1406 1680 1445; x_wconf 82' lang='lat' dir='ltr'><strong>anno</strong></span> <span class='ocrx_word' id='word_1_74' title='bbox 1705 1433 1720 1457; x_wconf 94' lang='lat'><strong>,</strong></span> <span class='ocrx_word' id='word_1_75' title='bbox 1757 1394 1839 1448; x_wconf 85' lang='lat' dir='ltr'><strong>vel</strong></span> <span class='ocrx_word' id='word_1_76' title='bbox 1878 1410 2061 1449; x_wconf 90' lang='lat' dir='ltr'><strong>mense</strong></span> <span class='ocrx_word' id='word_1_77' title='bbox 2086 1436 2101 1460; x_wconf 92' lang='lat'><strong>,</strong></span> <span class='ocrx_word' id='word_1_78' title='bbox 2142 1407 2195 1451; x_wconf 88' lang='lat' dir='ltr'><strong>at</strong></span> <span class='ocrx_word' id='word_1_79' title='bbox 2232 1413 2325 1451; x_wconf 86' lang='lat' dir='ltr'><strong>eo-</strong></span> 
     </span>
    </p>
   </div>
   <div class='ocr_carea' id='block_1_15' title="bbox 776 1476 2321 1550">
    <p class='ocr_par' dir='ltr' id='par_1_15' title="bbox 776 1476 2321 1550">
     <span class='ocr_line' id='line_1_15' title="bbox 776 1476 2321 1550; baseline 0.008 -22"><span class='ocrx_word' id='word_1_80' title='bbox 776 1476 898 1529; x_wconf 85' lang='lat' dir='ltr'><strong>dem</strong></span> <span class='ocrx_word' id='word_1_81' title='bbox 952 1479 1076 1542; x_wconf 88' lang='lat' dir='ltr'><strong>die,</strong></span> <span class='ocrx_word' id='word_1_82' title='bbox 1131 1480 1427 1550; x_wconf 86' lang='lat' dir='ltr'><strong>eademque</strong></span> <span class='ocrx_word' id='word_1_83' title='bbox 1483 1483 1658 1548; x_wconf 88' lang='lat' dir='ltr'><strong>hora,</strong></span> <span class='ocrx_word' id='word_1_84' title='bbox 1716 1483 1877 1538; x_wconf 90' lang='lat' dir='ltr'><strong>simul</strong></span> <span class='ocrx_word' id='word_1_85' title='bbox 1931 1487 2101 1538; x_wconf 88' lang='lat' dir='ltr'><strong>oritur</strong></span> <span class='ocrx_word' id='word_1_86' title='bbox 2138 1499 2192 1541; x_wconf 87' lang='lat' dir='ltr'><strong>et</strong></span> <span class='ocrx_word' id='word_1_87' title='bbox 2229 1503 2321 1540; x_wconf 85' lang='lat' dir='ltr'><strong>oe-</strong></span> 
     </span>
    </p>
   </div>
   <div class='ocr_carea' id='block_1_16' title="bbox 774 1567 2324 1647">
    <p class='ocr_par' dir='ltr' id='par_1_16' title="bbox 774 1567 2324 1647">
     <span class='ocr_line' id='line_1_16' title="bbox 774 1567 2324 1647; baseline 0.006 -25"><span class='ocrx_word' id='word_1_88' title='bbox 774 1567 934 1622; x_wconf 82' lang='lat' dir='ltr'><strong>cidit.</strong></span> <span class='ocrx_word' id='word_1_89' title='bbox 990 1568 1277 1625; x_wconf 82' lang='lat' dir='ltr'><strong>Enimvero</strong></span> <span class='ocrx_word' id='word_1_90' title='bbox 1335 1587 1454 1639; x_wconf 69' lang='lat' dir='ltr'><strong>qua:</strong></span> <span class='ocrx_word' id='word_1_91' title='bbox 1517 1573 1874 1637; x_wconf 86' lang='lat' dir='ltr'><strong>interimant,</strong></span> <span class='ocrx_word' id='word_1_92' title='bbox 1945 1593 2067 1631; x_wconf 90' lang='lat' dir='ltr'><strong>cum</strong></span> <span class='ocrx_word' id='word_1_93' title='bbox 2143 1579 2324 1647; x_wconf 86' lang='lat' dir='ltr'><strong>pluri-</strong></span> 
     </span>
    </p>
   </div>
   <div class='ocr_carea' id='block_1_17' title="bbox 776 1667 2321 1743">
    <p class='ocr_par' dir='ltr' id='par_1_17' title="bbox 776 1667 2321 1743">
     <span class='ocr_line' id='line_1_17' title="bbox 776 1667 2321 1743; baseline 0.007 -31"><span class='ocrx_word' id='word_1_94' title='bbox 776 1675 864 1712; x_wconf 89' lang='lat' dir='ltr'><strong>ma</strong></span> <span class='ocrx_word' id='word_1_95' title='bbox 926 1669 1051 1713; x_wconf 74' lang='lat' dir='ltr'><strong>sunt</strong></span> <span class='ocrx_word' id='word_1_96' title='bbox 1079 1700 1105 1726; x_wconf 15' lang='grc' dir='ltr'>,ἱ</span> <span class='ocrx_word' id='word_1_97' title='bbox 1150 1671 1262 1714; x_wconf 87' lang='grc' dir='ltr'>ιυηι</span> <span class='ocrx_word' id='word_1_98' title='bbox 1321 1679 1383 1717; x_wconf 79' lang='lat' dir='ltr'><strong>ex</strong></span> <span class='ocrx_word' id='word_1_99' title='bbox 1437 1679 1564 1718; x_wconf 88' lang='lat' dir='ltr'><strong>casu</strong></span> <span class='ocrx_word' id='word_1_100' title='bbox 1618 1667 1847 1733; x_wconf 83' lang='lat' dir='ltr'><strong>pendent</strong></span> <span class='ocrx_word' id='word_1_101' title='bbox 1883 1669 2063 1743; x_wconf 83' lang='lat' dir='ltr'><strong>nnmia</strong></span> <span class='ocrx_word' id='word_1_102' title='bbox 2107 1688 2119 1721; x_wconf 92' lang='lat'><strong>:</strong></span> <span class='ocrx_word' id='word_1_103' title='bbox 2163 1669 2321 1738; x_wconf 80' lang='lat'><strong>797</strong></span> 
     </span>
    </p>
   </div>
   <div class='ocr_carea' id='block_1_18' title="bbox 775 1749 2322 1822">
    <p class='ocr_par' dir='ltr' id='par_1_18' title="bbox 775 1749 2322 1822">
     <span class='ocr_line' id='line_1_18' title="bbox 775 1749 2322 1822; baseline 0.008 -21"><span class='ocrx_word' id='word_1_104' title='bbox 775 1751 1021 1816; x_wconf 89' lang='lat' dir='ltr'><strong>corporis</strong></span> <span class='ocrx_word' id='word_1_105' title='bbox 1080 1749 1266 1806; x_wconf 89' lang='lat' dir='ltr'><strong>fatales</strong></span> <span class='ocrx_word' id='word_1_106' title='bbox 1329 1755 1547 1822; x_wconf 86' lang='lat' dir='ltr'><strong>quidam</strong></span> <span class='ocrx_word' id='word_1_107' title='bbox 1598 1757 1817 1822; x_wconf 87' lang='lat' dir='ltr'><strong>morbi,</strong></span> <span class='ocrx_word' id='word_1_108' title='bbox 1870 1767 1922 1811; x_wconf 91' lang='lat' dir='ltr'><strong>et</strong></span> <span class='ocrx_word' id='word_1_109' title='bbox 1970 1759 2005 1811; x_wconf 91' lang='lat' dir='ltr'><strong>ii</strong></span> <span class='ocrx_word' id='word_1_110' title='bbox 2055 1774 2184 1813; x_wconf 88' lang='lat' dir='ltr'><strong>sane</strong></span> <span class='ocrx_word' id='word_1_111' title='bbox 2240 1763 2322 1813; x_wconf 89' lang='lat' dir='ltr'><strong>in-</strong></span> 
     </span>
    </p>
   </div>
   <div class='ocr_carea' id='block_1_19' title="bbox 774 1841 2315 1919">
    <p class='ocr_par' dir='ltr' id='par_1_19' title="bbox 774 1841 2315 1919">
     <span class='ocr_line' id='line_1_19' title="bbox 774 1841 2315 1919; baseline 0.008 -25"><span class='ocrx_word' id='word_1_112' title='bbox 774 1841 932 1904; x_wconf 83' lang='lat' dir='ltr'><strong>liniti,</strong></span> <span class='ocrx_word' id='word_1_113' title='bbox 980 1854 1304 1910; x_wconf 79' lang='lat' dir='ltr'><strong>paupertas,</strong></span> <span class='ocrx_word' id='word_1_114' title='bbox 1346 1844 1599 1910; x_wconf 90' lang='lat' dir='ltr'><strong>infamia,</strong></span> <span class='ocrx_word' id='word_1_115' title='bbox 1646 1857 1943 1917; x_wconf 62' lang='lat' dir='ltr'><strong>ceteraque</strong></span> <span class='ocrx_word' id='word_1_116' title='bbox 2000 1849 2050 1902; x_wconf 91' lang='lat' dir='ltr'><strong>id</strong></span> <span class='ocrx_word' id='word_1_117' title='bbox 2116 1865 2315 1919; x_wconf 85' lang='lat' dir='ltr'><strong>genus,</strong></span> 
     </span>
    </p>
   </div>
   <div class='ocr_carea' id='block_1_20' title="bbox 774 1932 2320 2004">
    <p class='ocr_par' dir='ltr' id='par_1_20' title="bbox 774 1932 2320 2004">
     <span class='ocr_line' id='line_1_20' title="bbox 774 1932 2320 2004; baseline 0.008 -21"><span class='ocrx_word' id='word_1_118' title='bbox 774 1932 972 1998; x_wconf 74' lang='lat' dir='ltr'><strong>quibus</strong></span> <span class='ocrx_word' id='word_1_119' title='bbox 997 1933 1077 1986; x_wconf 88' lang='lat' dir='ltr'><strong>vel</strong></span> <span class='ocrx_word' id='word_1_120' title='bbox 1121 1935 1344 2004; x_wconf 82' lang='lat' dir='ltr'><strong>singulis</strong></span> <span class='ocrx_word' id='word_1_121' title='bbox 1372 1952 1467 2004; x_wconf 89' lang='lat' dir='ltr'><strong>par</strong></span> <span class='ocrx_word' id='word_1_122' title='bbox 1500 1938 1704 1990; x_wconf 89' lang='lat' dir='ltr'><strong>nullum</strong></span> <span class='ocrx_word' id='word_1_123' title='bbox 1741 1941 1794 1991; x_wconf 92' lang='lat' dir='ltr'><strong>in</strong></span> <span class='ocrx_word' id='word_1_124' title='bbox 1829 1939 1968 1992; x_wconf 90' lang='lat' dir='ltr'><strong>bona</strong></span> <span class='ocrx_word' id='word_1_125' title='bbox 2007 1939 2095 1993; x_wconf 81' lang='lat' dir='ltr'><strong>illa</strong></span> <span class='ocrx_word' id='word_1_126' title='bbox 2126 1941 2320 1996; x_wconf 86' lang='lat' dir='ltr'><strong>virtute</strong></span> 
     </span>
    </p>
   </div>
   <div class='ocr_carea' id='block_1_21' title="bbox 774 2014 2319 2095">
    <p class='ocr_par' dir='ltr' id='par_1_21' title="bbox 774 2014 2319 2095">
     <span class='ocr_line' id='line_1_21' title="bbox 774 2014 2319 2095; baseline 0.007 -21"><span class='ocrx_word' id='word_1_127' title='bbox 774 2025 1080 2092; x_wconf 65' lang='lat' dir='ltr'><strong>praesidium</strong></span> <span class='ocrx_word' id='word_1_128' title='bbox 1112 2035 1225 2088; x_wconf 86' lang='lat' dir='ltr'><strong>est;</strong></span> <span class='ocrx_word' id='word_1_129' title='bbox 1257 2042 1377 2094; x_wconf 72' lang='lat' dir='ltr'><strong>qua:</strong></span> <span class='ocrx_word' id='word_1_130' title='bbox 1415 2043 1512 2082; x_wconf 89' lang='lat' dir='ltr'><strong>nec</strong></span> <span class='ocrx_word' id='word_1_131' title='bbox 1546 2042 1727 2082; x_wconf 87' lang='lat' dir='ltr'><strong>arcere</strong></span> <span class='ocrx_word' id='word_1_132' title='bbox 1755 2030 2047 2095; x_wconf 85' lang='lat' dir='ltr'><strong>miseriam,</strong></span> <span class='ocrx_word' id='word_1_133' title='bbox 2079 2046 2178 2086; x_wconf 89' lang='lat' dir='ltr'><strong>nec</strong></span> <span class='ocrx_word' id='word_1_134' title='bbox 2204 2014 2319 2087; x_wconf 84' lang='lat' dir='ltr'><strong>feli-</strong></span> 
     </span>
    </p>
   </div>
   <div class='ocr_carea' id='block_1_22' title="bbox 773 2112 2318 2187">
    <p class='ocr_par' dir='ltr' id='par_1_22' title="bbox 773 2112 2318 2187">
     <span class='ocr_line' id='line_1_22' title="bbox 773 2112 2318 2187; baseline 0.005 -22"><span class='ocrx_word' id='word_1_135' title='bbox 773 2112 988 2166; x_wconf 81' lang='lat' dir='ltr'><strong>citatem</strong></span> <span class='ocrx_word' id='word_1_136' title='bbox 1024 2129 1344 2167; x_wconf 88' lang='lat' dir='ltr'><strong>conservare</strong></span> <span class='ocrx_word' id='word_1_137' title='bbox 1382 2131 1474 2183; x_wconf 88' lang='lat' dir='ltr'><strong>per</strong></span> <span class='ocrx_word' id='word_1_138' title='bbox 1497 2131 1615 2170; x_wconf 83' lang='lat' dir='ltr'><strong>sese</strong></span> <span class='ocrx_word' id='word_1_139' title='bbox 1645 2117 1832 2185; x_wconf 90' lang='lat' dir='ltr'><strong>possit.</strong></span> <span class='ocrx_word' id='word_1_140' title='bbox 1857 2117 2118 2187; x_wconf 82' lang='lat' dir='ltr'><strong>Quisquis</strong></span> <span class='ocrx_word' id='word_1_141' title='bbox 2156 2119 2318 2187; x_wconf 81' lang='lat' dir='ltr'><strong>igitur</strong></span> 
     </span>
    </p>
   </div>
   <div class='ocr_carea' id='block_1_23' title="bbox 774 2201 2316 2278">
    <p class='ocr_par' dir='ltr' id='par_1_23' title="bbox 774 2201 2316 2278">
     <span class='ocr_line' id='line_1_23' title="bbox 774 2201 2316 2278; baseline 0.003 -23"><span class='ocrx_word' id='word_1_142' title='bbox 774 2201 914 2256; x_wconf 87' lang='lat' dir='ltr'><strong>banc</strong></span> <span class='ocrx_word' id='word_1_143' title='bbox 961 2205 1233 2258; x_wconf 86' lang='lat' dir='ltr'><strong>imbiberit</strong></span> <span class='ocrx_word' id='word_1_144' title='bbox 1273 2206 1684 2274; x_wconf 80' lang='lat' dir='ltr'><strong>prpbaverilque</strong></span> <span class='ocrx_word' id='word_1_145' title='bbox 1713 2208 2035 2271; x_wconf 88' lang='lat' dir='ltr'><strong>doctrinam,</strong></span> <span class='ocrx_word' id='word_1_146' title='bbox 2069 2209 2160 2278; x_wconf 87' lang='lat' dir='ltr'><strong>qui</strong></span> <span class='ocrx_word' id='word_1_147' title='bbox 2197 2219 2316 2262; x_wconf 89' lang='lat' dir='ltr'><strong>tan-</strong></span> 
     </span>
    </p>
   </div>
   <div class='ocr_carea' id='block_1_24' title="bbox 775 2297 2315 2365">
    <p class='ocr_par' dir='ltr' id='par_1_24' title="bbox 775 2297 2315 2365">
     <span class='ocr_line' id='line_1_24' title="bbox 775 2297 2315 2365; baseline 0.004 -16"><span class='ocrx_word' id='word_1_148' title='bbox 775 2297 918 2362; x_wconf 91' lang='lat' dir='ltr'><strong>dem,</strong></span> <span class='ocrx_word' id='word_1_149' title='bbox 950 2299 1167 2365; x_wconf 88' lang='lat' dir='ltr'><strong>amabo,</strong></span> <span class='ocrx_word' id='word_1_150' title='bbox 1194 2300 1276 2352; x_wconf 82' lang='lat' dir='ltr'><strong>vel</strong></span> <span class='ocrx_word' id='word_1_151' title='bbox 1311 2299 1376 2352; x_wconf 92' lang='lat' dir='ltr'><strong>ad</strong></span> <span class='ocrx_word' id='word_1_152' title='bbox 1425 2309 1655 2354; x_wconf 88' lang='lat' dir='ltr'><strong>mentem</strong></span> <span class='ocrx_word' id='word_1_153' title='bbox 1698 2300 1936 2357; x_wconf 88' lang='lat' dir='ltr'><strong>Platonis</strong></span> <span class='ocrx_word' id='word_1_154' title='bbox 1967 2305 2202 2364; x_wconf 84' lang='lat' dir='ltr'><strong>accedet,</strong></span> <span class='ocrx_word' id='word_1_155' title='bbox 2235 2304 2315 2356; x_wconf 89' lang='lat' dir='ltr'><strong>vel</strong></span> 
     </span>
    </p>
   </div>
   <div class='ocr_carea' id='block_1_25' title="bbox 775 2385 2317 2458">
    <p class='ocr_par' dir='ltr' id='par_1_25' title="bbox 775 2385 2317 2458">
     <span class='ocr_line' id='line_1_25' title="bbox 775 2385 2317 2458; baseline 0.005 -22"><span class='ocrx_word' id='word_1_156' title='bbox 775 2385 829 2437; x_wconf 91' lang='lat' dir='ltr'><strong>in</strong></span> <span class='ocrx_word' id='word_1_157' title='bbox 862 2387 1046 2439; x_wconf 84' lang='lat' dir='ltr'><strong>eadem</strong></span> <span class='ocrx_word' id='word_1_158' title='bbox 1084 2397 1143 2440; x_wconf 93' lang='lat' dir='ltr'><strong>ut</strong></span> <span class='ocrx_word' id='word_1_159' title='bbox 1174 2388 1261 2441; x_wconf 91' lang='lat' dir='ltr'><strong>alii</strong></span> <span class='ocrx_word' id='word_1_160' title='bbox 1312 2399 1620 2443; x_wconf 89' lang='lat' dir='ltr'><strong>constanter</strong></span> <span class='ocrx_word' id='word_1_161' title='bbox 1676 2392 2052 2458; x_wconf 87' lang='lat' dir='ltr'><strong>acquiescant,</strong></span> <span class='ocrx_word' id='word_1_162' title='bbox 2095 2392 2317 2446; x_wconf 76' lang='lat' dir='ltr'><strong>efﬁciet?</strong></span> 
     </span>
    </p>
   </div>
   <div class='ocr_carea' id='block_1_26' title="bbox 774 2473 2316 2548">
    <p class='ocr_par' dir='ltr' id='par_1_26' title="bbox 774 2473 2316 2548">
     <span class='ocr_line' id='line_1_26' title="bbox 774 2473 2316 2548; baseline 0.006 -22"><span class='ocrx_word' id='word_1_163' title='bbox 774 2473 1051 2543; x_wconf 74' lang='lat' dir='ltr'><strong>Nunquam</strong></span> <span class='ocrx_word' id='word_1_164' title='bbox 1105 2478 1362 2546; x_wconf 80' lang='lat' dir='ltr'><strong>profecto,</strong></span> <span class='ocrx_word' id='word_1_165' title='bbox 1419 2495 1716 2548; x_wconf 89' lang='lat' dir='ltr'><strong>nunquam,</strong></span> <span class='ocrx_word' id='word_1_166' title='bbox 1752 2483 1843 2548; x_wconf 89' lang='lat' dir='ltr'><strong>qui</strong></span> <span class='ocrx_word' id='word_1_167' title='bbox 1893 2498 1922 2535; x_wconf 89' lang='lat' dir='ltr'><strong>e</strong></span> <span class='ocrx_word' id='word_1_168' title='bbox 1983 2483 2165 2536; x_wconf 87' lang='lat' dir='ltr'><strong>schola</strong></span> <span class='ocrx_word' id='word_1_169' title='bbox 2217 2485 2316 2538; x_wconf 88' lang='lat' dir='ltr'><strong>ista</strong></span> 
     </span>
    </p>
   </div>
   <div class='ocr_carea' id='block_1_27' title="bbox 774 2569 2314 2642">
    <p class='ocr_par' dir='ltr' id='par_1_27' title="bbox 774 2569 2314 2642">
     <span class='ocr_line' id='line_1_27' title="bbox 774 2569 2314 2642; baseline 0.005 -22"><span class='ocrx_word' id='word_1_170' title='bbox 774 2569 1048 2635; x_wconf 85' lang='lat' dir='ltr'><strong>prodierit,</strong></span> <span class='ocrx_word' id='word_1_171' title='bbox 1080 2570 1193 2623; x_wconf 72' lang='lat' dir='ltr'><strong>lucc</strong></span> <span class='ocrx_word' id='word_1_172' title='bbox 1238 2571 1393 2638; x_wconf 87' lang='lat' dir='ltr'><strong>plane</strong></span> <span class='ocrx_word' id='word_1_173' title='bbox 1441 2571 1698 2626; x_wconf 86' lang='lat' dir='ltr'><strong>Herculea</strong></span> <span class='ocrx_word' id='word_1_174' title='bbox 1731 2574 2018 2642; x_wconf 70' lang='lat' dir='ltr'><strong>divinaque</strong></span> <span class='ocrx_word' id='word_1_175' title='bbox 2065 2575 2314 2642; x_wconf 83' lang='lat' dir='ltr'><strong>dogmata</strong></span> 
     </span>
    </p>
   </div>
   <div class='ocr_carea' id='block_1_28' title="bbox 773 2659 2315 2731">
    <p class='ocr_par' dir='ltr' id='par_1_28' title="bbox 773 2659 2315 2731">
     <span class='ocr_line' id='line_1_28' title="bbox 773 2659 2315 2731; baseline 0.004 -21"><span class='ocrx_word' id='word_1_176' title='bbox 773 2659 1031 2726; x_wconf 81' lang='lat' dir='ltr'><strong>suscipiet</strong></span> <span class='ocrx_word' id='word_1_177' title='bbox 1066 2678 1077 2712; x_wconf 94' lang='lat'>:</span> <span class='ocrx_word' id='word_1_178' title='bbox 1122 2663 1401 2713; x_wconf 84' lang='lat' dir='ltr'><strong>robustum</strong></span> <span class='ocrx_word' id='word_1_179' title='bbox 1433 2671 1485 2713; x_wconf 87' lang='lat' dir='ltr'><strong>et</strong></span> <span class='ocrx_word' id='word_1_180' title='bbox 1521 2662 1779 2714; x_wconf 79' lang='lat' dir='ltr'><strong>eximium</strong></span> <span class='ocrx_word' id='word_1_181' title='bbox 1828 2664 1955 2731; x_wconf 89' lang='lat' dir='ltr'><strong>quid</strong></span> <span class='ocrx_word' id='word_1_182' title='bbox 1992 2679 2110 2717; x_wconf 89' lang='lat' dir='ltr'><strong>esse</strong></span> <span class='ocrx_word' id='word_1_183' title='bbox 2150 2665 2315 2716; x_wconf 81' lang='lat' dir='ltr'><strong>virtu-</strong></span> 
     </span>
    </p>
   </div>
   <div class='ocr_carea' id='block_1_29' title="bbox 775 2752 2314 2819">
    <p class='ocr_par' dir='ltr' id='par_1_29' title="bbox 775 2752 2314 2819">
     <span class='ocr_line' id='line_1_29' title="bbox 775 2752 2314 2819; baseline 0.005 -19"><span class='ocrx_word' id='word_1_184' title='bbox 775 2760 877 2803; x_wconf 86' lang='lat' dir='ltr'><strong>tem</strong></span> <span class='ocrx_word' id='word_1_185' title='bbox 919 2769 929 2801; x_wconf 88' lang='lat'>:</span> <span class='ocrx_word' id='word_1_186' title='bbox 969 2752 1112 2803; x_wconf 88' lang='lat' dir='ltr'><strong>nullo</strong></span> <span class='ocrx_word' id='word_1_187' title='bbox 1160 2753 1225 2804; x_wconf 88' lang='lat' dir='ltr'><strong>ad</strong></span> <span class='ocrx_word' id='word_1_188' title='bbox 1277 2752 1582 2805; x_wconf 79' lang='lat' dir='ltr'><strong>felicitatem</strong></span> <span class='ocrx_word' id='word_1_189' title='bbox 1638 2753 1876 2819; x_wconf 88' lang='lat' dir='ltr'><strong>indigere</strong></span> <span class='ocrx_word' id='word_1_190' title='bbox 1927 2754 2213 2806; x_wconf 88' lang='lat' dir='ltr'><strong>subsidio:</strong></span> <span class='ocrx_word' id='word_1_191' title='bbox 2252 2770 2314 2808; x_wconf 85' lang='lat' dir='ltr'><strong>ea</strong></span> 
     </span>
    </p>
   </div>
   <div class='ocr_carea' id='block_1_30' title="bbox 772 2841 2312 2912">
    <p class='ocr_par' dir='ltr' id='par_1_30' title="bbox 772 2841 2312 2912">
     <span class='ocr_line' id='line_1_30' title="bbox 772 2841 2312 2912; baseline 0.003 -20"><span class='ocrx_word' id='word_1_192' title='bbox 772 2841 993 2907; x_wconf 89' lang='lat' dir='ltr'><strong>spoliari</strong></span> <span class='ocrx_word' id='word_1_193' title='bbox 1045 2858 1201 2909; x_wconf 87' lang='lat' dir='ltr'><strong>posse</strong></span> <span class='ocrx_word' id='word_1_194' title='bbox 1252 2860 1523 2912; x_wconf 80' lang='lat' dir='ltr'><strong>nunquam</strong></span> <span class='ocrx_word' id='word_1_195' title='bbox 1575 2864 1584 2911; x_wconf 86' lang='lat'>;</span> <span class='ocrx_word' id='word_1_196' title='bbox 1629 2853 1685 2896; x_wconf 91' lang='lat' dir='ltr'><strong>ut</strong></span> <span class='ocrx_word' id='word_1_197' title='bbox 1730 2854 2034 2911; x_wconf 83' lang='lat' dir='ltr'><strong>paupertas,</strong></span> <span class='ocrx_word' id='word_1_198' title='bbox 2074 2845 2312 2907; x_wconf 86' lang='lat' dir='ltr'><strong>morbus,</strong></span> 
     </span>
    </p>
   </div>
   <div class='ocr_carea' id='block_1_31' title="bbox 774 2929 2311 2999">
    <p class='ocr_par' dir='ltr' id='par_1_31' title="bbox 774 2929 2311 2999">
     <span class='ocr_line' id='line_1_31' title="bbox 774 2929 2311 2999; baseline 0.003 -19"><span class='ocrx_word' id='word_1_199' title='bbox 774 2929 1016 2993; x_wconf 86' lang='lat' dir='ltr'><strong>infamia,</strong></span> <span class='ocrx_word' id='word_1_200' title='bbox 1042 2931 1149 2996; x_wconf 81' lang='lat' dir='ltr'><strong>pix,</strong></span> <span class='ocrx_word' id='word_1_201' title='bbox 1179 2947 1352 2994; x_wconf 78' lang='lat' dir='ltr'><strong>crux;</strong></span> <span class='ocrx_word' id='word_1_202' title='bbox 1410 2943 1468 2984; x_wconf 91' lang='lat' dir='ltr'><strong>ut</strong></span> <span class='ocrx_word' id='word_1_203' title='bbox 1499 2933 1584 2985; x_wconf 90' lang='lat' dir='ltr'><strong>illa</strong></span> <span class='ocrx_word' id='word_1_204' title='bbox 1636 2949 1698 2985; x_wconf 75' lang='lat' dir='ltr'><strong>ex</strong></span> <span class='ocrx_word' id='word_1_205' title='bbox 1737 2933 2007 2999; x_wconf 64' lang='lat' dir='ltr'><strong>tragoediis</strong></span> <span class='ocrx_word' id='word_1_206' title='bbox 2050 2933 2100 2984; x_wconf 91' lang='lat' dir='ltr'><strong>in</strong></span> <span class='ocrx_word' id='word_1_207' title='bbox 2147 2948 2311 2985; x_wconf 90' lang='lat' dir='ltr'><strong>unum</strong></span> 
     </span>
    </p>
   </div>
   <div class='ocr_carea' id='block_1_32' title="bbox 777 3013 2313 3090">
    <p class='ocr_par' dir='ltr' id='par_1_32' title="bbox 777 3013 2313 3090">
     <span class='ocr_line' id='line_1_32' title="bbox 777 3013 2313 3090; baseline 0.003 -19"><span class='ocrx_word' id='word_1_208' title='bbox 777 3020 1051 3073; x_wconf 84' lang='lat' dir='ltr'><strong>conﬂuant</strong></span> <span class='ocrx_word' id='word_1_209' title='bbox 1083 3022 1290 3087; x_wconf 85' lang='lat' dir='ltr'><strong>omnia;</strong></span> <span class='ocrx_word' id='word_1_210' title='bbox 1331 3022 1532 3075; x_wconf 84' lang='lat' dir='ltr'><strong>felicem</strong></span> <span class='ocrx_word' id='word_1_211' title='bbox 1565 3038 1734 3090; x_wconf 91' lang='lat' dir='ltr'><strong>usque</strong></span> <span class='ocrx_word' id='word_1_212' title='bbox 1769 3013 1943 3075; x_wconf 76' lang='lat' dir='ltr'><strong>tamen</strong></span> <span class='ocrx_word' id='word_1_213' title='bbox 1988 3038 2051 3076; x_wconf 91' lang='lat' dir='ltr'><strong>ac</strong></span> <span class='ocrx_word' id='word_1_214' title='bbox 2101 3023 2313 3076; x_wconf 88' lang='lat' dir='ltr'><strong>beatum</strong></span> 
     </span>
    </p>
   </div>
   <div class='ocr_carea' id='block_1_33' title="bbox 777 3110 2314 3182">
    <p class='ocr_par' dir='ltr' id='par_1_33' title="bbox 777 3110 2314 3182">
     <span class='ocr_line' id='line_1_33' title="bbox 777 3110 2314 3182; baseline 0.004 -21"><span class='ocrx_word' id='word_1_215' title='bbox 777 3110 1273 3180; x_wconf 86' lang='lat' dir='ltr'><strong>bominemjustum</strong></span> <span class='ocrx_word' id='word_1_216' title='bbox 1321 3112 1578 3166; x_wconf 87' lang='lat' dir='ltr'><strong>futurum.</strong></span> <span class='ocrx_word' id='word_1_217' title='bbox 1625 3114 1763 3178; x_wconf 89' lang='lat' dir='ltr'><strong>Quin</strong></span> <span class='ocrx_word' id='word_1_218' title='bbox 1801 3125 1853 3168; x_wconf 91' lang='lat' dir='ltr'><strong>et</strong></span> <span class='ocrx_word' id='word_1_219' title='bbox 1893 3116 2005 3182; x_wconf 85' lang='lat' dir='ltr'><strong>ipsa</strong></span> <span class='ocrx_word' id='word_1_220' title='bbox 2052 3114 2203 3181; x_wconf 88' lang='lat' dir='ltr'><strong>justi,</strong></span> <span class='ocrx_word' id='word_1_221' title='bbox 2238 3115 2314 3167; x_wconf 89' lang='lat' dir='ltr'><strong>sic</strong></span> 
     </span>
    </p>
   </div>
   <div class='ocr_carea' id='block_1_34' title="bbox 2431 674 2664 744">
    <p class='ocr_par' dir='ltr' id='par_1_34' title="bbox 2431 674 2664 744">
     <span class='ocr_line' id='line_1_34' title="bbox 2431 674 2664 744; baseline 0.013 -21"><span class='ocrx_word' id='word_1_222' title='bbox 2431 674 2630 744; x_wconf 83' lang='grc' dir='ltr'>ποιητά</span> <span class='ocrx_word' id='word_1_223' title='bbox 2650 689 2664 701; x_wconf 84' lang='lat'><strong>&#39;</strong></span> 
     </span>
    </p>
   </div>
   <div class='ocr_carea' id='block_1_35' title="bbox 2639 764 3415 834">
    <p class='ocr_par' dir='ltr' id='par_1_35' title="bbox 2639 764 3415 834">
     <span class='ocr_line' id='line_1_35' title="bbox 2639 764 3415 834; baseline 0.006 -20"><span class='ocrx_word' id='word_1_224' title='bbox 2639 765 2849 831; x_wconf 79' lang='grc' dir='ltr'>Ἐαρος</span> <span class='ocrx_word' id='word_1_225' title='bbox 2868 765 2918 817; x_wconf 80' lang='grc' dir='ltr'>δ’</span> <span class='ocrx_word' id='word_1_226' title='bbox 2941 766 3255 834; x_wconf 73' lang='grc' dir='ltr'>ἐπιγίνεται</span> <span class='ocrx_word' id='word_1_227' title='bbox 3273 764 3415 834; x_wconf 82' lang='grc' dir='ltr'>ὥρη.</span> 
     </span>
    </p>
   </div>
   <div class='ocr_carea' id='block_1_36' title="bbox 2427 846 3939 924">
    <p class='ocr_par' dir='ltr' id='par_1_36' title="bbox 2427 846 3939 924">
     <span class='ocr_line' id='line_1_36' title="bbox 2427 846 3939 924; baseline 0.004 -20"><span class='ocrx_word' id='word_1_228' title='bbox 2427 853 2597 912; x_wconf 73' lang='grc' dir='ltr'>Πολὺς</span> <span class='ocrx_word' id='word_1_229' title='bbox 2627 854 2654 904; x_wconf 82' lang='grc' dir='ltr'>ὁ</span> <span class='ocrx_word' id='word_1_230' title='bbox 2688 854 2887 922; x_wconf 81' lang='grc' dir='ltr'>μεταξύ</span> <span class='ocrx_word' id='word_1_231' title='bbox 2910 855 3128 924; x_wconf 77' lang='grc' dir='ltr'><strong>χρόνος,</strong></span> <span class='ocrx_word' id='word_1_232' title='bbox 3155 855 3247 906; x_wconf 77' lang='grc' dir='ltr'><strong>καὶ</strong></span> <span class='ocrx_word' id='word_1_233' title='bbox 3367 854 3438 924; x_wconf 86' lang='grc' dir='ltr'>μὴ</span> <span class='ocrx_word' id='word_1_234' title='bbox 3482 854 3590 923; x_wconf 76' lang='grc'><strong>(62)</strong></span> <span class='ocrx_word' id='word_1_235' title='bbox 3637 857 3862 922; x_wconf 84' lang='grc' dir='ltr'>γίνεται.</span> <span class='ocrx_word' id='word_1_236' title='bbox 3897 856 3939 910; x_wconf 78' lang='lat' dir='ltr'><strong>Ei</strong></span> 
     </span>
    </p>
   </div>
   <div class='ocr_carea' id='block_1_37' title="bbox 2426 941 3936 1016">
    <p class='ocr_par' dir='ltr' id='par_1_37' title="bbox 2426 941 3936 1016">
     <span class='ocr_line' id='line_1_37' title="bbox 2426 941 3936 1016; baseline 0.003 -24"><span class='ocrx_word' id='word_1_237' title='bbox 2426 941 2594 1005; x_wconf 86' lang='grc' dir='ltr'>θέλεις</span> <span class='ocrx_word' id='word_1_238' title='bbox 2623 942 2859 1012; x_wconf 74' lang='grc' dir='ltr'>ἀκριϐῶς</span> <span class='ocrx_word' id='word_1_239' title='bbox 2886 943 2945 995; x_wconf 82' lang='grc' dir='ltr'>τὸ</span> <span class='ocrx_word' id='word_1_240' title='bbox 2977 944 3234 1013; x_wconf 80' lang='grc' dir='ltr'>ἐπίκηρον</span> <span class='ocrx_word' id='word_1_241' title='bbox 3263 944 3354 996; x_wconf 80' lang='grc' dir='ltr'><strong>καὶ</strong></span> <span class='ocrx_word' id='word_1_242' title='bbox 3400 943 3591 1016; x_wconf 68' lang='grc' dir='ltr'>σαθρὸν</span> <span class='ocrx_word' id='word_1_243' title='bbox 3622 947 3726 1015; x_wconf 77' lang='grc' dir='ltr'>τῆς</span> <span class='ocrx_word' id='word_1_244' title='bbox 3767 947 3936 1014; x_wconf 51' lang='grc' dir='ltr'>ἀνθρακ-</span> 
     </span>
    </p>
   </div>
   <div class='ocr_carea' id='block_1_38' title="bbox 2426 1031 3938 1106">
    <p class='ocr_par' dir='ltr' id='par_1_38' title="bbox 2426 1031 3938 1106">
     <span class='ocr_line' id='line_1_38' title="bbox 2426 1031 3938 1106; baseline 0.003 -25"><span class='ocrx_word' id='word_1_245' title='bbox 2426 1031 2582 1099; x_wconf 83' lang='grc' dir='ltr'>πίνης</span> <span class='ocrx_word' id='word_1_246' title='bbox 2612 1034 2800 1099; x_wconf 75' lang='grc' dir='ltr'>γενεᾶς</span> <span class='ocrx_word' id='word_1_247' title='bbox 2826 1033 3136 1096; x_wconf 78' lang='grc' dir='ltr'>ἀπεικάσαι,</span> <span class='ocrx_word' id='word_1_248' title='bbox 3173 1035 3480 1105; x_wconf 74' lang='grc' dir='ltr'>παράϐαλλε</span> <span class='ocrx_word' id='word_1_249' title='bbox 3525 1038 3619 1106; x_wconf 70' lang='grc' dir='ltr'>τὴν</span> <span class='ocrx_word' id='word_1_250' title='bbox 3677 1037 3938 1105; x_wconf 74' lang='grc' dir='ltr'>Ἀριστοτέ-</span> 
     </span>
    </p>
   </div>
   <div class='ocr_carea' id='block_1_39' title="bbox 2425 1123 3939 1196">
    <p class='ocr_par' dir='ltr' id='par_1_39' title="bbox 2425 1123 3939 1196">
     <span class='ocr_line' id='line_1_39' title="bbox 2425 1123 3939 1196; baseline 0.003 -23"><span class='ocrx_word' id='word_1_251' title='bbox 2425 1123 2544 1186; x_wconf 89' lang='grc' dir='ltr'>λους</span> <span class='ocrx_word' id='word_1_252' title='bbox 2573 1124 2926 1194; x_wconf 83' lang='grc' dir='ltr'>εὐδαιμονίαν.</span> <span class='ocrx_word' id='word_1_253' title='bbox 2967 1126 3119 1195; x_wconf 81' lang='grc' dir='ltr'>Ῥᾷον</span> <span class='ocrx_word' id='word_1_254' title='bbox 3150 1127 3256 1185; x_wconf 82' lang='grc' dir='ltr'><strong>τῶν</strong></span> <span class='ocrx_word' id='word_1_255' title='bbox 3295 1127 3503 1195; x_wconf 75' lang='grc' dir='ltr'>φύλλων</span> <span class='ocrx_word' id='word_1_256' title='bbox 3542 1127 3679 1196; x_wconf 76' lang='grc' dir='ltr'>αὕτη</span> <span class='ocrx_word' id='word_1_257' title='bbox 3712 1130 3807 1179; x_wconf 80' lang='grc' dir='ltr'><strong>καὶ</strong></span> <span class='ocrx_word' id='word_1_258' title='bbox 3842 1129 3939 1194; x_wconf 64' lang='grc' dir='ltr'>φύε-</span> 
     </span>
    </p>
   </div>
   <div class='ocr_carea' id='block_1_40' title="bbox 2424 1213 3940 1285">
    <p class='ocr_par' dir='ltr' id='par_1_40' title="bbox 2424 1213 3940 1285">
     <span class='ocr_line' id='line_1_40' title="bbox 2424 1213 3940 1285; baseline 0.001 -22"><span class='ocrx_word' id='word_1_259' title='bbox 2424 1228 2510 1264; x_wconf 87' lang='grc' dir='ltr'><strong>ται</strong></span> <span class='ocrx_word' id='word_1_260' title='bbox 2539 1213 2627 1263; x_wconf 70' lang='grc' dir='ltr'>καὶ</span> <span class='ocrx_word' id='word_1_261' title='bbox 2673 1213 2968 1275; x_wconf 81' lang='grc' dir='ltr'>ἀπολείπει,</span> <span class='ocrx_word' id='word_1_262' title='bbox 2996 1215 3092 1266; x_wconf 80' lang='grc' dir='ltr'><strong>οὐκ</strong></span> <span class='ocrx_word' id='word_1_263' title='bbox 3147 1216 3480 1284; x_wconf 67' lang='grc' dir='ltr'><strong>ἀναμένουσι</strong></span> <span class='ocrx_word' id='word_1_264' title='bbox 3531 1215 3940 1285; x_wconf 69' lang='grc' dir='ltr'>περιτελλομένον</span> 
     </span>
    </p>
   </div>
   <div class='ocr_carea' id='block_1_41' title="bbox 2421 1302 3938 1375">
    <p class='ocr_par' dir='ltr' id='par_1_41' title="bbox 2421 1302 3938 1375">
     <span class='ocr_line' id='line_1_41' title="bbox 2421 1302 3938 1375; baseline 0.002 -23"><span class='ocrx_word' id='word_1_265' title='bbox 2421 1302 2513 1352; x_wconf 69' lang='grc' dir='ltr'><strong>τὸν</strong></span> <span class='ocrx_word' id='word_1_266' title='bbox 2542 1303 2797 1367; x_wconf 77' lang='grc' dir='ltr'>ἐνιαυτὸν,</span> <span class='ocrx_word' id='word_1_267' title='bbox 2824 1303 2927 1355; x_wconf 83' lang='grc' dir='ltr'>οὐδ’</span> <span class='ocrx_word' id='word_1_268' title='bbox 2948 1306 3205 1375; x_wconf 68' lang='grc' dir='ltr'>μύτοετεὶ,</span> <span class='ocrx_word' id='word_1_269' title='bbox 3234 1306 3338 1357; x_wconf 84' lang='grc' dir='ltr'>οὐδ’</span> <span class='ocrx_word' id='word_1_270' title='bbox 3362 1306 3641 1375; x_wconf 78' lang='grc' dir='ltr'>αὐτομηνὶ,</span> <span class='ocrx_word' id='word_1_271' title='bbox 3669 1305 3785 1357; x_wconf 76' lang='grc' dir='ltr'>ἀλλ’</span> <span class='ocrx_word' id='word_1_272' title='bbox 3806 1306 3938 1373; x_wconf 68' lang='grc' dir='ltr'>αὐτῆς</span> 
     </span>
    </p>
   </div>
   <div class='ocr_carea' id='block_1_42' title="bbox 2421 1389 3987 1462">
    <p class='ocr_par' dir='ltr' id='par_1_42' title="bbox 2421 1389 3987 1462">
     <span class='ocr_line' id='line_1_42' title="bbox 2421 1389 3987 1462; baseline 0.001 -21"><span class='ocrx_word' id='word_1_273' title='bbox 2421 1389 2649 1459; x_wconf 77' lang='grc' dir='ltr'>ἡμέρας,</span> <span class='ocrx_word' id='word_1_274' title='bbox 2708 1393 2873 1461; x_wconf 79' lang='grc' dir='ltr'>αὐτῆς</span> <span class='ocrx_word' id='word_1_275' title='bbox 2919 1389 3064 1462; x_wconf 83' lang='grc' dir='ltr'>ὥρας</span> <span class='ocrx_word' id='word_1_276' title='bbox 3123 1395 3217 1446; x_wconf 80' lang='grc' dir='ltr'><strong>καὶ</strong></span> <span class='ocrx_word' id='word_1_277' title='bbox 3268 1395 3474 1459; x_wconf 85' lang='grc' dir='ltr'>γίνεται</span> <span class='ocrx_word' id='word_1_278' title='bbox 3527 1395 3617 1446; x_wconf 73' lang='grc' dir='ltr'><strong>καὶ</strong></span> <span class='ocrx_word' id='word_1_279' title='bbox 3658 1394 3938 1445; x_wconf 70' lang='grc' dir='ltr'>ἀπόλλυται.</span> 
     </span>
    </p>
   </div>
   <div class='ocr_carea' id='block_1_43' title="bbox 2423 1482 3939 1555">
    <p class='ocr_par' dir='ltr' id='par_1_43' title="bbox 2423 1482 3939 1555">
     <span class='ocr_line' id='line_1_43' title="bbox 2423 1482 3939 1555; baseline 0.002 -23"><span class='ocrx_word' id='word_1_280' title='bbox 2423 1483 2594 1534; x_wconf 72' lang='grc' dir='ltr'>Πολλὰ</span> <span class='ocrx_word' id='word_1_281' title='bbox 2617 1483 2684 1535; x_wconf 69' lang='grc' dir='ltr'><strong>τὰ</strong></span> <span class='ocrx_word' id='word_1_282' title='bbox 2710 1482 3028 1548; x_wconf 74' lang='grc' dir='ltr'><strong>ἀπολλύντα,</strong></span> <span class='ocrx_word' id='word_1_283' title='bbox 3058 1485 3150 1537; x_wconf 75' lang='grc' dir='ltr'><strong>καὶ</strong></span> <span class='ocrx_word' id='word_1_284' title='bbox 3187 1484 3358 1536; x_wconf 76' lang='grc' dir='ltr'>πάντα</span> <span class='ocrx_word' id='word_1_285' title='bbox 3395 1487 3458 1536; x_wconf 77' lang='grc' dir='ltr'><strong>ἐκ</strong></span> <span class='ocrx_word' id='word_1_286' title='bbox 3497 1485 3596 1554; x_wconf 78' lang='grc' dir='ltr'>τῆς</span> <span class='ocrx_word' id='word_1_287' title='bbox 3631 1485 3832 1555; x_wconf 70' lang='grc' dir='ltr'>τύχηςο</span> <span class='ocrx_word' id='word_1_288' title='bbox 3873 1490 3939 1535; x_wconf 67' lang='grc' dir='ltr'>γαί</span> 
     </span>
    </p>
   </div>
   <div class='ocr_carea' id='block_1_44' title="bbox 2421 1573 3938 1646">
    <p class='ocr_par' dir='ltr' id='par_1_44' title="bbox 2421 1573 3938 1646">
     <span class='ocr_line' id='line_1_44' title="bbox 2421 1573 3938 1646; baseline 0 -21"><span class='ocrx_word' id='word_1_289' title='bbox 2421 1575 2525 1644; x_wconf 68' lang='grc' dir='ltr'><strong>γὰρ</strong></span> <span class='ocrx_word' id='word_1_290' title='bbox 2555 1575 2609 1626; x_wconf 82' lang='grc' dir='ltr'><strong>αί</strong></span> <span class='ocrx_word' id='word_1_291' title='bbox 2637 1573 2729 1625; x_wconf 74' lang='grc' dir='ltr'>τοῦ</span> <span class='ocrx_word' id='word_1_292' title='bbox 2762 1574 3006 1644; x_wconf 83' lang='grc' dir='ltr'>σώματος</span> <span class='ocrx_word' id='word_1_293' title='bbox 3039 1576 3221 1646; x_wconf 70' lang='grc' dir='ltr'>κῆρες,</span> <span class='ocrx_word' id='word_1_294' title='bbox 3256 1576 3440 1646; x_wconf 87' lang='grc' dir='ltr'>μυρίαι</span> <span class='ocrx_word' id='word_1_295' title='bbox 3461 1574 3515 1627; x_wconf 80' lang='grc' dir='ltr'>δὲ</span> <span class='ocrx_word' id='word_1_296' title='bbox 3547 1576 3657 1645; x_wconf 83' lang='grc'><strong>(65)</strong></span> <span class='ocrx_word' id='word_1_297' title='bbox 3679 1574 3852 1637; x_wconf 66' lang='grc' dir='ltr'>αὗται,</span> <span class='ocrx_word' id='word_1_298' title='bbox 3872 1579 3938 1626; x_wconf 69' lang='lat' dir='ltr'><strong>u‘.</strong></span> 
     </span>
    </p>
   </div>
   <div class='ocr_carea' id='block_1_45' title="bbox 2423 1664 3987 1734">
    <p class='ocr_par' dir='ltr' id='par_1_45' title="bbox 2423 1664 3987 1734">
     <span class='ocr_line' id='line_1_45' title="bbox 2423 1664 3987 1734; baseline -0.001 -20"><span class='ocrx_word' id='word_1_299' title='bbox 2423 1664 2596 1725; x_wconf 81' lang='grc' dir='ltr'>πενία,</span> <span class='ocrx_word' id='word_1_300' title='bbox 2624 1664 2714 1715; x_wconf 78' lang='grc' dir='ltr'><strong>καὶ</strong></span> <span class='ocrx_word' id='word_1_301' title='bbox 2745 1664 2953 1732; x_wconf 78' lang='grc' dir='ltr'>ἀτιμία,</span> <span class='ocrx_word' id='word_1_302' title='bbox 2978 1664 3068 1715; x_wconf 77' lang='grc' dir='ltr'><strong>καὶ</strong></span> <span class='ocrx_word' id='word_1_303' title='bbox 3086 1665 3184 1716; x_wconf 82' lang='grc' dir='ltr'>ὅσα</span> <span class='ocrx_word' id='word_1_304' title='bbox 3214 1664 3462 1716; x_wconf 79' lang='grc' dir='ltr'>τοιαῦτα·</span> <span class='ocrx_word' id='word_1_305' title='bbox 3509 1666 3604 1717; x_wconf 73' lang='grc' dir='ltr'><strong>καὶ</strong></span> <span class='ocrx_word' id='word_1_306' title='bbox 3646 1665 3784 1734; x_wconf 73' lang='grc' dir='ltr'>πρὸς</span> <span class='ocrx_word' id='word_1_307' title='bbox 3822 1665 3937 1715; x_wconf 66' lang='grc' dir='ltr'>οὐξὲν</span> <span class='ocrx_word' id='word_1_308' title='bbox 3986 1664 3987 1730; x_wconf 62' lang='lat'><strong>1</strong></span> 
     </span>
    </p>
   </div>
   <div class='ocr_carea' id='block_1_46' title="bbox 2421 1753 3987 1825">
    <p class='ocr_par' dir='ltr' id='par_1_46' title="bbox 2421 1753 3987 1825">
     <span class='ocr_line' id='line_1_46' title="bbox 2421 1753 3987 1825; baseline -0.001 -19"><span class='ocrx_word' id='word_1_309' title='bbox 2421 1754 2678 1823; x_wconf 86' lang='grc' dir='ltr'>αὐταρκεῖ</span> <span class='ocrx_word' id='word_1_310' title='bbox 2711 1753 2776 1805; x_wconf 66' lang='grc' dir='ltr'><strong>τὰ</strong></span> <span class='ocrx_word' id='word_1_311' title='bbox 2818 1755 2912 1824; x_wconf 78' lang='grc' dir='ltr'>τῆς</span> <span class='ocrx_word' id='word_1_312' title='bbox 2945 1753 3101 1823; x_wconf 74' lang='grc' dir='ltr'>φίλης</span> <span class='ocrx_word' id='word_1_313' title='bbox 3147 1755 3371 1824; x_wconf 74' lang='grc' dir='ltr'>ἀρετῆς,</span> <span class='ocrx_word' id='word_1_314' title='bbox 3408 1755 3542 1825; x_wconf 77' lang='grc' dir='ltr'>πρὸς</span> <span class='ocrx_word' id='word_1_315' title='bbox 3588 1754 3833 1824; x_wconf 70' lang='grc' dir='ltr'>βοήθειαν</span> <span class='ocrx_word' id='word_1_316' title='bbox 3865 1756 3934 1820; x_wconf 64' lang='grc' dir='ltr'><strong>οὐγ</strong></span> <span class='ocrx_word' id='word_1_317' title='bbox 3986 1769 3987 1774; x_wconf 78' lang='lat'>‘</span> 
     </span>
    </p>
   </div>
   <div class='ocr_carea' id='block_1_47' title="bbox 2425 1845 3987 1916">
    <p class='ocr_par' dir='ltr' id='par_1_47' title="bbox 2425 1845 3987 1916">
     <span class='ocr_line' id='line_1_47' title="bbox 2425 1845 3987 1916; baseline 0 -19"><span class='ocrx_word' id='word_1_318' title='bbox 2425 1847 2581 1900; x_wconf 76' lang='grc' dir='ltr'>ικανά</span> <span class='ocrx_word' id='word_1_319' title='bbox 2600 1865 2612 1877; x_wconf 92' lang='grc'><strong>·</strong></span> <span class='ocrx_word' id='word_1_320' title='bbox 2643 1846 2740 1915; x_wconf 81' lang='grc' dir='ltr'>τὴν</span> <span class='ocrx_word' id='word_1_321' title='bbox 2770 1846 2866 1915; x_wconf 78' lang='grc' dir='ltr'>μὲν</span> <span class='ocrx_word' id='word_1_322' title='bbox 2893 1845 3001 1916; x_wconf 75' lang='grc' dir='ltr'><strong>γὰρ</strong></span> <span class='ocrx_word' id='word_1_323' title='bbox 3027 1847 3438 1916; x_wconf 64' lang='grc' dir='ltr'><strong>κακοδαιμονίαν</strong></span> <span class='ocrx_word' id='word_1_324' title='bbox 3483 1846 3716 1915; x_wconf 75' lang='grc' dir='ltr'>εἴργειν,</span> <span class='ocrx_word' id='word_1_325' title='bbox 3766 1846 3855 1914; x_wconf 68' lang='grc' dir='ltr'>τὴν</span> <span class='ocrx_word' id='word_1_326' title='bbox 3986 1849 3987 1858; x_wconf 75' lang='lat'>‘</span> 
     </span>
    </p>
   </div>
   <div class='ocr_carea' id='block_1_48' title="bbox 2419 1932 3937 2006">
    <p class='ocr_par' dir='ltr' id='par_1_48' title="bbox 2419 1932 3937 2006">
     <span class='ocr_line' id='line_1_48' title="bbox 2419 1932 3937 2006; baseline -0.002 -18"><span class='ocrx_word' id='word_1_327' title='bbox 2419 1935 2756 2005; x_wconf 73' lang='grc' dir='ltr'>εὐδαιμονίαν</span> <span class='ocrx_word' id='word_1_328' title='bbox 2787 1934 3066 1997; x_wconf 77' lang='grc' dir='ltr'>διασώζειν</span> <span class='ocrx_word' id='word_1_329' title='bbox 3092 1935 3336 2006; x_wconf 83' lang='grc' dir='ltr'>ἀσθενής.</span> <span class='ocrx_word' id='word_1_330' title='bbox 3369 1937 3588 1998; x_wconf 85' lang='grc' dir='ltr'>Τούτοις</span> <span class='ocrx_word' id='word_1_331' title='bbox 3625 1932 3715 1987; x_wconf 70' lang='grc' dir='ltr'>οὖν</span> <span class='ocrx_word' id='word_1_332' title='bbox 3762 1953 3838 1997; x_wconf 86' lang='grc' dir='ltr'><strong>τις</strong></span> <span class='ocrx_word' id='word_1_333' title='bbox 3877 1939 3937 1986; x_wconf 67' lang='grc' dir='ltr'>ὲτιι-</span> 
     </span>
    </p>
   </div>
   <div class='ocr_carea' id='block_1_49' title="bbox 2418 2021 3936 2094">
    <p class='ocr_par' dir='ltr' id='par_1_49' title="bbox 2418 2021 3936 2094">
     <span class='ocr_line' id='line_1_49' title="bbox 2418 2021 3936 2094; baseline -0.005 -16"><span class='ocrx_word' id='word_1_334' title='bbox 2418 2026 2662 2094; x_wconf 63' lang='grc' dir='ltr'>τραφεὶς,</span> <span class='ocrx_word' id='word_1_335' title='bbox 2712 2025 2804 2077; x_wconf 73' lang='grc' dir='ltr'><strong>καὶ</strong></span> <span class='ocrx_word' id='word_1_336' title='bbox 2829 2023 3031 2085; x_wconf 79' lang='grc' dir='ltr'>τούτοις</span> <span class='ocrx_word' id='word_1_337' title='bbox 3061 2023 3418 2094; x_wconf 78' lang='grc' dir='ltr'>ἀρεσκόμενος</span> <span class='ocrx_word' id='word_1_338' title='bbox 3460 2025 3568 2084; x_wconf 84' lang='grc' dir='ltr'>τοῖς</span> <span class='ocrx_word' id='word_1_339' title='bbox 3603 2022 3780 2087; x_wconf 74' lang='grc' dir='ltr'>λόγοις</span> <span class='ocrx_word' id='word_1_340' title='bbox 3802 2060 3815 2082; x_wconf 93' lang='grc'><strong>,</strong></span> <span class='ocrx_word' id='word_1_341' title='bbox 3847 2021 3936 2071; x_wconf 70' lang='grc' dir='ltr'>τίνα</span> 
     </span>
    </p>
   </div>
   <div class='ocr_carea' id='block_1_50' title="bbox 2417 2113 3937 2186">
    <p class='ocr_par' dir='ltr' id='par_1_50' title="bbox 2417 2113 3937 2186">
     <span class='ocr_line' id='line_1_50' title="bbox 2417 2113 3937 2186; baseline -0.004 -17"><span class='ocrx_word' id='word_1_342' title='bbox 2417 2117 2668 2186; x_wconf 75' lang='grc' dir='ltr'>τρόποιιῆ</span> <span class='ocrx_word' id='word_1_343' title='bbox 2703 2116 2859 2177; x_wconf 81' lang='grc' dir='ltr'>αὐτὸς</span> <span class='ocrx_word' id='word_1_344' title='bbox 2889 2116 3169 2185; x_wconf 80' lang='grc' dir='ltr'>συνᾲσεται</span> <span class='ocrx_word' id='word_1_345' title='bbox 3213 2118 3323 2176; x_wconf 87' lang='grc' dir='ltr'>τοῖς</span> <span class='ocrx_word' id='word_1_346' title='bbox 3373 2113 3675 2175; x_wconf 75' lang='grc' dir='ltr'>Πλάτωνος,</span> <span class='ocrx_word' id='word_1_347' title='bbox 3721 2113 3754 2182; x_wconf 78' lang='grc' dir='ltr'>ἦ</span> <span class='ocrx_word' id='word_1_348' title='bbox 3782 2113 3937 2171; x_wconf 58' lang='grc' dir='ltr'>ἄλλοις</span> 
     </span>
    </p>
   </div>
   <div class='ocr_carea' id='block_1_51' title="bbox 2419 2205 3987 2278">
    <p class='ocr_par' dir='ltr' id='par_1_51' title="bbox 2419 2205 3987 2278">
     <span class='ocr_line' id='line_1_51' title="bbox 2419 2205 3987 2278; baseline -0.004 -18"><span class='ocrx_word' id='word_1_349' title='bbox 2419 2208 2552 2277; x_wconf 82' lang='grc' dir='ltr'>πρὸς</span> <span class='ocrx_word' id='word_1_350' title='bbox 2579 2210 2713 2260; x_wconf 71' lang='grc' dir='ltr'>αὐτὰ</span> <span class='ocrx_word' id='word_1_351' title='bbox 2742 2207 3031 2278; x_wconf 71' lang='grc' dir='ltr'>ἐπιρρώσει</span> <span class='ocrx_word' id='word_1_352' title='bbox 3076 2206 3236 2268; x_wconf 77' lang='grc' dir='ltr'>ποτές</span> <span class='ocrx_word' id='word_1_353' title='bbox 3273 2207 3346 2258; x_wconf 88' lang='grc' dir='ltr'><strong>Οὐ</strong></span> <span class='ocrx_word' id='word_1_354' title='bbox 3391 2206 3498 2275; x_wconf 83' lang='grc' dir='ltr'>γάρ</span> <span class='ocrx_word' id='word_1_355' title='bbox 3539 2208 3685 2256; x_wconf 75' lang='grc' dir='ltr'>ἐστιν</span> <span class='ocrx_word' id='word_1_356' title='bbox 3716 2206 3855 2265; x_wconf 73' lang='grc' dir='ltr'>ὅπως</span> <span class='ocrx_word' id='word_1_357' title='bbox 3891 2205 3935 2254; x_wconf 64' lang='grc' dir='ltr'>ἀνι</span> <span class='ocrx_word' id='word_1_358' title='bbox 3986 2257 3987 2260; x_wconf 33' lang='grc' dir='ltr'><strong>η</strong></span> 
     </span>
    </p>
   </div>
   <div class='ocr_carea' id='block_1_52' title="bbox 2416 2294 3936 2368">
    <p class='ocr_par' dir='ltr' id='par_1_52' title="bbox 2416 2294 3936 2368">
     <span class='ocr_line' id='line_1_52' title="bbox 2416 2294 3936 2368; baseline -0.005 -18"><span class='ocrx_word' id='word_1_359' title='bbox 2416 2294 2497 2362; x_wconf 79' lang='grc' dir='ltr'><strong>τις</strong></span> <span class='ocrx_word' id='word_1_360' title='bbox 2531 2301 2593 2351; x_wconf 85' lang='grc' dir='ltr'><strong>ἐκ</strong></span> <span class='ocrx_word' id='word_1_361' title='bbox 2621 2299 2817 2351; x_wconf 85' lang='grc' dir='ltr'>τούτων</span> <span class='ocrx_word' id='word_1_362' title='bbox 2839 2298 3168 2368; x_wconf 80' lang='grc' dir='ltr'>ὁρμώμενος,</span> <span class='ocrx_word' id='word_1_363' title='bbox 3198 2296 3549 2367; x_wconf 77' lang='grc' dir='ltr'>παραδέξαιτο</span> <span class='ocrx_word' id='word_1_364' title='bbox 3572 2297 3642 2348; x_wconf 72' lang='grc' dir='ltr'><strong>τα</strong></span> <span class='ocrx_word' id='word_1_365' title='bbox 3675 2296 3936 2366; x_wconf 66' lang='grc' dir='ltr'>Ἡράκλεια</span> 
     </span>
    </p>
   </div>
   <div class='ocr_carea' id='block_1_53' title="bbox 2416 2387 3935 2458">
    <p class='ocr_par' dir='ltr' id='par_1_53' title="bbox 2416 2387 3935 2458">
     <span class='ocr_line' id='line_1_53' title="bbox 2416 2387 3935 2458; baseline -0.005 -16"><span class='ocrx_word' id='word_1_366' title='bbox 2416 2391 2508 2441; x_wconf 74' lang='grc' dir='ltr'><strong>καὶ</strong></span> <span class='ocrx_word' id='word_1_367' title='bbox 2537 2390 2650 2442; x_wconf 88' lang='grc' dir='ltr'>θεῖα</span> <span class='ocrx_word' id='word_1_368' title='bbox 2675 2393 2852 2442; x_wconf 84' lang='grc' dir='ltr'>ἐκεῖνα</span> <span class='ocrx_word' id='word_1_369' title='bbox 2882 2389 3116 2458; x_wconf 76' lang='grc' dir='ltr'>δόγματα</span> <span class='ocrx_word' id='word_1_370' title='bbox 3140 2404 3153 2416; x_wconf 90' lang='grc'>·</span> <span class='ocrx_word' id='word_1_371' title='bbox 3187 2387 3271 2449; x_wconf 85' lang='grc' dir='ltr'>Ὠς</span> <span class='ocrx_word' id='word_1_372' title='bbox 3308 2388 3520 2456; x_wconf 71' lang='grc' dir='ltr'>ἰσχυρόν</span> <span class='ocrx_word' id='word_1_373' title='bbox 3551 2403 3603 2438; x_wconf 84' lang='grc' dir='ltr'><strong>τι</strong></span> <span class='ocrx_word' id='word_1_374' title='bbox 3636 2387 3727 2437; x_wconf 77' lang='grc' dir='ltr'><strong>καὶ</strong></span> <span class='ocrx_word' id='word_1_375' title='bbox 3755 2387 3935 2449; x_wconf 66' lang='grc' dir='ltr'><strong>πάγκα-</strong></span> 
     </span>
    </p>
   </div>
   <div class='ocr_carea' id='block_1_54' title="bbox 2415 2475 3934 2550">
    <p class='ocr_par' dir='ltr' id='par_1_54' title="bbox 2415 2475 3934 2550">
     <span class='ocr_line' id='line_1_54' title="bbox 2415 2475 3934 2550; baseline -0.006 -18"><span class='ocrx_word' id='word_1_376' title='bbox 2415 2481 2502 2532; x_wconf 90' lang='grc' dir='ltr'><strong>λον</strong></span> <span class='ocrx_word' id='word_1_377' title='bbox 2534 2478 2718 2550; x_wconf 79' lang='grc' dir='ltr'>χρῆμα</span> <span class='ocrx_word' id='word_1_378' title='bbox 2747 2479 2931 2550; x_wconf 78' lang='grc' dir='ltr'>ἀρετὴ,</span> <span class='ocrx_word' id='word_1_379' title='bbox 2966 2479 3057 2532; x_wconf 72' lang='grc' dir='ltr'><strong>καὶ</strong></span> <span class='ocrx_word' id='word_1_380' title='bbox 3077 2477 3135 2530; x_wconf 76' lang='grc' dir='ltr'>οὗ</span> <span class='ocrx_word' id='word_1_381' title='bbox 3172 2495 3299 2529; x_wconf 84' lang='grc' dir='ltr'>ποτε</span> <span class='ocrx_word' id='word_1_382' title='bbox 3316 2478 3564 2529; x_wconf 77' lang='grc' dir='ltr'><strong>ἐνδέουσα</strong></span> <span class='ocrx_word' id='word_1_383' title='bbox 3614 2477 3750 2546; x_wconf 73' lang='grc' dir='ltr'>πρὸς</span> <span class='ocrx_word' id='word_1_384' title='bbox 3791 2475 3934 2526; x_wconf 76' lang='grc' dir='ltr'>εὐδαι-</span> 
     </span>
    </p>
   </div>
   <div class='ocr_carea' id='block_1_55' title="bbox 2418 2566 3937 2640">
    <p class='ocr_par' dir='ltr' id='par_1_55' title="bbox 2418 2566 3937 2640">
     <span class='ocr_line' id='line_1_55' title="bbox 2418 2566 3937 2640; baseline -0.005 -17"><span class='ocrx_word' id='word_1_385' title='bbox 2418 2573 2640 2640; x_wconf 85' lang='grc' dir='ltr'>μονίαν,</span> <span class='ocrx_word' id='word_1_386' title='bbox 2693 2570 2810 2622; x_wconf 78' lang='grc' dir='ltr'>οὐτε</span> <span class='ocrx_word' id='word_1_387' title='bbox 2845 2571 2972 2622; x_wconf 84' lang='grc' dir='ltr'>ποτὲ</span> <span class='ocrx_word' id='word_1_388' title='bbox 3021 2568 3187 2638; x_wconf 71' lang='grc' dir='ltr'>αὐτὴν</span> <span class='ocrx_word' id='word_1_389' title='bbox 3243 2570 3646 2639; x_wconf 73' lang='grc' dir='ltr'>ἀφαιρουμένη·</span> <span class='ocrx_word' id='word_1_390' title='bbox 3698 2568 3826 2619; x_wconf 81' lang='grc' dir='ltr'><strong>ἀλλά</strong></span> <span class='ocrx_word' id='word_1_391' title='bbox 3858 2566 3937 2616; x_wconf 69' lang='grc' dir='ltr'>κᾶν</span> 
     </span>
    </p>
   </div>
   <div class='ocr_carea' id='block_1_56' title="bbox 2415 2653 3933 2722">
    <p class='ocr_par' dir='ltr' id='par_1_56' title="bbox 2415 2653 3933 2722">
     <span class='ocr_line' id='line_1_56' title="bbox 2415 2653 3933 2722; baseline -0.006 -10"><span class='ocrx_word' id='word_1_392' title='bbox 2415 2661 2591 2722; x_wconf 73' lang='grc' dir='ltr'>πενία,</span> <span class='ocrx_word' id='word_1_393' title='bbox 2623 2660 2722 2712; x_wconf 72' lang='grc' dir='ltr'>κᾶν</span> <span class='ocrx_word' id='word_1_394' title='bbox 2740 2660 2907 2722; x_wconf 81' lang='grc' dir='ltr'>νόσος,</span> <span class='ocrx_word' id='word_1_395' title='bbox 2932 2658 3030 2710; x_wconf 75' lang='grc' dir='ltr'>κᾶν</span> <span class='ocrx_word' id='word_1_396' title='bbox 3055 2656 3255 2721; x_wconf 78' lang='grc' dir='ltr'>ἀδοξία,</span> <span class='ocrx_word' id='word_1_397' title='bbox 3280 2657 3377 2709; x_wconf 74' lang='grc' dir='ltr'><strong>κᾶν</strong></span> <span class='ocrx_word' id='word_1_398' title='bbox 3406 2657 3564 2707; x_wconf 80' lang='grc' dir='ltr'>πίττα</span> <span class='ocrx_word' id='word_1_399' title='bbox 3588 2656 3684 2707; x_wconf 80' lang='grc' dir='ltr'><strong>καὶ</strong></span> <span class='ocrx_word' id='word_1_400' title='bbox 3717 2653 3933 2721; x_wconf 72' lang='grc' dir='ltr'>σταυρὸς,</span> 
     </span>
    </p>
   </div>
   <div class='ocr_carea' id='block_1_57' title="bbox 2415 2744 3936 2819">
    <p class='ocr_par' dir='ltr' id='par_1_57' title="bbox 2415 2744 3936 2819">
     <span class='ocr_line' id='line_1_57' title="bbox 2415 2744 3936 2819; baseline -0.007 -16"><span class='ocrx_word' id='word_1_401' title='bbox 2415 2751 2514 2803; x_wconf 70' lang='grc' dir='ltr'>κᾶν</span> <span class='ocrx_word' id='word_1_402' title='bbox 2549 2751 2613 2803; x_wconf 72' lang='grc' dir='ltr'><strong>τὰ</strong></span> <span class='ocrx_word' id='word_1_403' title='bbox 2641 2753 2703 2803; x_wconf 84' lang='grc' dir='ltr'>ὲκ</span> <span class='ocrx_word' id='word_1_404' title='bbox 2728 2751 2826 2819; x_wconf 74' lang='grc' dir='ltr'>τῆς</span> <span class='ocrx_word' id='word_1_405' title='bbox 2853 2750 3153 2819; x_wconf 77' lang='grc' dir='ltr'>τραγῳδίας</span> <span class='ocrx_word' id='word_1_406' title='bbox 3181 2750 3292 2818; x_wconf 75' lang='grc' dir='ltr'>ἅμα</span> <span class='ocrx_word' id='word_1_407' title='bbox 3322 2747 3490 2799; x_wconf 78' lang='grc' dir='ltr'>πάντα</span> <span class='ocrx_word' id='word_1_408' title='bbox 3520 2749 3775 2817; x_wconf 66' lang='grc' dir='ltr'>ἐπιρρυῇ,</span> <span class='ocrx_word' id='word_1_409' title='bbox 3810 2744 3876 2795; x_wconf 77' lang='grc' dir='ltr'>ἔτι</span> <span class='ocrx_word' id='word_1_410' title='bbox 3919 2745 3936 2792; x_wconf 72' lang='grc' dir='ltr'><strong>ἑ</strong></span> 
     </span>
    </p>
   </div>
   <div class='ocr_carea' id='block_1_58' title="bbox 2412 2835 3934 2910">
    <p class='ocr_par' dir='ltr' id='par_1_58' title="bbox 2412 2835 3934 2910">
     <span class='ocr_line' id='line_1_58' title="bbox 2412 2835 3934 2910; baseline -0.005 -15"><span class='ocrx_word' id='word_1_411' title='bbox 2412 2844 2612 2904; x_wconf 83' lang='grc' dir='ltr'>δίκαιος</span> <span class='ocrx_word' id='word_1_412' title='bbox 2636 2843 2901 2909; x_wconf 74' lang='grc' dir='ltr'>εὐδαίμων</span> <span class='ocrx_word' id='word_1_413' title='bbox 2945 2841 3035 2892; x_wconf 70' lang='grc' dir='ltr'><strong>καὶ</strong></span> <span class='ocrx_word' id='word_1_414' title='bbox 3069 2842 3345 2910; x_wconf 81' lang='grc' dir='ltr'>μακάριος.</span> <span class='ocrx_word' id='word_1_415' title='bbox 3382 2837 3798 2907; x_wconf 76' lang='grc' dir='ltr'>Ἐπικηρυκεύει</span> <span class='ocrx_word' id='word_1_416' title='bbox 3835 2835 3934 2902; x_wconf 69' lang='grc' dir='ltr'><strong>γοὶιι</strong></span> 
     </span>
    </p>
   </div>
   <div class='ocr_carea' id='block_1_59' title="bbox 2413 2926 3987 3004">
    <p class='ocr_par' dir='ltr' id='par_1_59' title="bbox 2413 2926 3987 3004">
     <span class='ocr_line' id='line_1_59' title="bbox 2413 2926 3987 3004; baseline -0.008 -18"><span class='ocrx_word' id='word_1_417' title='bbox 2413 2934 2558 3004; x_wconf 83' lang='grc' dir='ltr'>αὐτῷ</span> <span class='ocrx_word' id='word_1_418' title='bbox 2592 2933 2699 3003; x_wconf 67' lang='grc'><strong>(6.4)</strong></span> <span class='ocrx_word' id='word_1_419' title='bbox 2723 2932 2797 3000; x_wconf 82' lang='grc' dir='ltr'>τῷ</span> <span class='ocrx_word' id='word_1_420' title='bbox 2831 2931 3312 3000; x_wconf 65' lang='grc' dir='ltr'>μεγαλοφωνοτάτῳ</span> <span class='ocrx_word' id='word_1_421' title='bbox 3336 2930 3529 2998; x_wconf 78' lang='grc' dir='ltr'>κήρυκι</span> <span class='ocrx_word' id='word_1_422' title='bbox 3561 2927 3694 2998; x_wconf 78' lang='grc'>(65),</span> <span class='ocrx_word' id='word_1_423' title='bbox 3718 2926 3935 2992; x_wconf 66' lang='grc' dir='ltr'>καθάπερ</span> <span class='ocrx_word' id='word_1_424' title='bbox 3986 2973 3987 2992; x_wconf 31' lang='grc' dir='ltr'><strong>η</strong></span> 
     </span>
    </p>
   </div>
   <div class='ocr_carea' id='block_1_60' title="bbox 2414 3010 3933 3094">
    <p class='ocr_par' dir='ltr' id='par_1_60' title="bbox 2414 3010 3933 3094">
     <span class='ocr_line' id='line_1_60' title="bbox 2414 3010 3933 3094; baseline -0.007 -17"><span class='ocrx_word' id='word_1_425' title='bbox 2414 3026 2644 3094; x_wconf 77' lang='grc' dir='ltr'>ἀθλητήν</span> <span class='ocrx_word' id='word_1_426' title='bbox 2675 3041 2788 3075; x_wconf 88' lang='grc' dir='ltr'>τινα</span> <span class='ocrx_word' id='word_1_427' title='bbox 2820 3023 3126 3091; x_wconf 61' lang='grc' dir='ltr'>νικηςόρον,</span> <span class='ocrx_word' id='word_1_428' title='bbox 3165 3021 3252 3072; x_wconf 76' lang='grc' dir='ltr'>τὸν</span> <span class='ocrx_word' id='word_1_429' title='bbox 3284 3019 3614 3070; x_wconf 84' lang='grc' dir='ltr'>δικαιότατον</span> <span class='ocrx_word' id='word_1_430' title='bbox 3639 3058 3653 3080; x_wconf 90' lang='grc'><strong>,</strong></span> <span class='ocrx_word' id='word_1_431' title='bbox 3689 3018 3769 3069; x_wconf 80' lang='grc' dir='ltr'>ὅτι</span> <span class='ocrx_word' id='word_1_432' title='bbox 3812 3010 3933 3077; x_wconf 63' lang='grc' dir='ltr'>οὗτός</span> 
     </span>
    </p>
   </div>
   <div class='ocr_carea' id='block_1_61' title="bbox 2414 3107 3931 3182">
    <p class='ocr_par' dir='ltr' id='par_1_61' title="bbox 2414 3107 3931 3182">
     <span class='ocr_line' id='line_1_61' title="bbox 2414 3107 3931 3182; baseline -0.006 -16"><span class='ocrx_word' id='word_1_433' title='bbox 2414 3119 2557 3167; x_wconf 77' lang='grc' dir='ltr'>ἐστιν</span> <span class='ocrx_word' id='word_1_434' title='bbox 2601 3113 3085 3182; x_wconf 82' lang='grc' dir='ltr'>εὐδαιμονέστατος,</span> <span class='ocrx_word' id='word_1_435' title='bbox 3134 3112 3161 3162; x_wconf 85' lang='grc' dir='ltr'>ὁ</span> <span class='ocrx_word' id='word_1_436' title='bbox 3202 3107 3258 3172; x_wconf 81' lang='grc' dir='ltr'>ἐξ</span> <span class='ocrx_word' id='word_1_437' title='bbox 3295 3109 3461 3177; x_wconf 72' lang='grc' dir='ltr'>αὐτῆς</span> <span class='ocrx_word' id='word_1_438' title='bbox 3492 3107 3589 3177; x_wconf 76' lang='grc' dir='ltr'>τῆς</span> <span class='ocrx_word' id='word_1_439' title='bbox 3622 3107 3931 3174; x_wconf 54' lang='grc' dir='ltr'>δικαιοσύνης</span> 
     </span>
    </p>
   </div>
   <div class='ocr_carea' id='block_1_62' title="bbox 774 3201 2316 3284">
    <p class='ocr_par' dir='ltr' id='par_1_62' title="bbox 774 3202 2310 3266">
     <span class='ocr_line' id='line_1_62' title="bbox 774 3202 2310 3266; baseline 0.006 -18"><span class='ocrx_word' id='word_1_440' title='bbox 774 3206 1029 3266; x_wconf 87' lang='lat' dir='ltr'><strong>tanquam</strong></span> <span class='ocrx_word' id='word_1_441' title='bbox 1062 3202 1281 3254; x_wconf 73' lang='lat' dir='ltr'><strong>victoris</strong></span> <span class='ocrx_word' id='word_1_442' title='bbox 1317 3204 1547 3265; x_wconf 66' lang='lat' dir='ltr'><strong>athletw,</strong></span> <span class='ocrx_word' id='word_1_443' title='bbox 1582 3219 1775 3256; x_wconf 90' lang='lat' dir='ltr'><strong>nomen</strong></span> <span class='ocrx_word' id='word_1_444' title='bbox 1812 3204 1980 3258; x_wconf 86' lang='lat' dir='ltr'><strong>vocali</strong></span> <span class='ocrx_word' id='word_1_445' title='bbox 2017 3204 2117 3256; x_wconf 87' lang='lat' dir='ltr'><strong>hoc</strong></span> <span class='ocrx_word' id='word_1_446' title='bbox 2149 3213 2199 3256; x_wconf 93' lang='lat' dir='ltr'><strong>et</strong></span> <span class='ocrx_word' id='word_1_447' title='bbox 2228 3205 2310 3256; x_wconf 92' lang='lat' dir='ltr'><strong>in-</strong></span> 
     </span>
    </p>
   </div>
   <div class='ocr_carea' id='block_1_63' title="bbox 2417 3201 3922 3284">
    <p class='ocr_par' dir='ltr' id='par_1_63' title="bbox 2417 3201 3922 3279">
     <span class='ocr_line' id='line_1_63' title="bbox 2417 3201 3922 3279; baseline -0.009 -17"><span class='ocrx_word' id='word_1_448' title='bbox 2417 3211 2500 3262; x_wconf 73' lang='grc' dir='ltr'><strong>τδν</strong></span> <span class='ocrx_word' id='word_1_449' title='bbox 2534 3209 2739 3279; x_wconf 65' lang='grc' dir='ltr'>καρπὸν</span> <span class='ocrx_word' id='word_1_450' title='bbox 2768 3207 2862 3275; x_wconf 76' lang='grc' dir='ltr'>τῆς</span> <span class='ocrx_word' id='word_1_451' title='bbox 2894 3203 3229 3274; x_wconf 72' lang='grc' dir='ltr'>εὐδαιμονίας</span> <span class='ocrx_word' id='word_1_452' title='bbox 3253 3203 3595 3273; x_wconf 78' lang='grc' dir='ltr'>δρεπόμενος.</span> <span class='ocrx_word' id='word_1_453' title='bbox 3629 3201 3922 3271; x_wconf 79' lang='grc' dir='ltr'>Διαίρειτιὶ-</span> 
     </span>
    </p>
   </div>
   <div class='ocr_carea' id='block_1_64' title="bbox 772 3290 2314 3357">
    <p class='ocr_par' dir='ltr' id='par_1_64' title="bbox 772 3290 2314 3357">
     <span class='ocr_line' id='line_1_64' title="bbox 772 3290 2314 3357; baseline 0.005 -18"><span class='ocrx_word' id='word_1_454' title='bbox 772 3290 912 3356; x_wconf 81' lang='lat' dir='ltr'><strong>genti</strong></span> <span class='ocrx_word' id='word_1_455' title='bbox 945 3293 1212 3357; x_wconf 60' lang='lat' dir='ltr'><strong>praeconio</strong></span> <span class='ocrx_word' id='word_1_456' title='bbox 1241 3294 1490 3345; x_wconf 87' lang='lat' dir='ltr'><strong>celebrat.</strong></span> <span class='ocrx_word' id='word_1_457' title='bbox 1522 3292 1672 3346; x_wconf 86' lang='lat' dir='ltr'><strong>llunc</strong></span> <span class='ocrx_word' id='word_1_458' title='bbox 1697 3295 1908 3347; x_wconf 87' lang='lat' dir='ltr'><strong>demum</strong></span> <span class='ocrx_word' id='word_1_459' title='bbox 1932 3309 2048 3347; x_wconf 86' lang='lat' dir='ltr'><strong>esse</strong></span> <span class='ocrx_word' id='word_1_460' title='bbox 2071 3294 2314 3348; x_wconf 86' lang='lat' dir='ltr'><strong>felicissi-</strong></span> 
     </span>
    </p>
   </div>
   <div class='ocr_carea' id='block_1_65' title="bbox 776 3381 2315 3454">
    <p class='ocr_par' dir='ltr' id='par_1_65' title="bbox 776 3381 2315 3454">
     <span class='ocr_line' id='line_1_65' title="bbox 776 3381 2315 3454; baseline 0.005 -24"><span class='ocrx_word' id='word_1_461' title='bbox 776 3395 943 3445; x_wconf 90' lang='lat' dir='ltr'><strong>mum,</strong></span> <span class='ocrx_word' id='word_1_462' title='bbox 971 3381 1061 3449; x_wconf 89' lang='lat' dir='ltr'><strong>qui</strong></span> <span class='ocrx_word' id='word_1_463' title='bbox 1097 3396 1161 3434; x_wconf 75' lang='lat' dir='ltr'><strong>ex</strong></span> <span class='ocrx_word' id='word_1_464' title='bbox 1206 3382 1430 3450; x_wconf 88' lang='lat' dir='ltr'><strong>ipsamet</strong></span> <span class='ocrx_word' id='word_1_465' title='bbox 1453 3385 1658 3449; x_wconf 81' lang='lat' dir='ltr'><strong>justitia</strong></span> <span class='ocrx_word' id='word_1_466' title='bbox 1689 3383 1916 3438; x_wconf 90' lang='lat' dir='ltr'><strong>fructum</strong></span> <span class='ocrx_word' id='word_1_467' title='bbox 1949 3386 2163 3454; x_wconf 83' lang='lat' dir='ltr'><strong>colligat</strong></span> <span class='ocrx_word' id='word_1_468' title='bbox 2200 3385 2315 3439; x_wconf 81' lang='lat' dir='ltr'><strong>feli-</strong></span> 
     </span>
    </p>
   </div>
   <div class='ocr_carea' id='block_1_66' title="bbox 773 3471 2312 3542">
    <p class='ocr_par' dir='ltr' id='par_1_66' title="bbox 773 3471 2312 3542">
     <span class='ocr_line' id='line_1_66' title="bbox 773 3471 2312 3542; baseline 0.004 -19"><span class='ocrx_word' id='word_1_469' title='bbox 773 3472 972 3524; x_wconf 84' lang='lat' dir='ltr'><strong>citatis.</strong></span> <span class='ocrx_word' id='word_1_470' title='bbox 1008 3471 1118 3539; x_wconf 84' lang='lat' dir='ltr'><strong>Age</strong></span> <span class='ocrx_word' id='word_1_471' title='bbox 1147 3487 1292 3540; x_wconf 83' lang='lat' dir='ltr'><strong>ergo,</strong></span> <span class='ocrx_word' id='word_1_472' title='bbox 1344 3472 1482 3525; x_wconf 91' lang='lat' dir='ltr'><strong>bona</strong></span> <span class='ocrx_word' id='word_1_473' title='bbox 1534 3474 1810 3541; x_wconf 86' lang='lat' dir='ltr'><strong>partiresis</strong></span> <span class='ocrx_word' id='word_1_474' title='bbox 1839 3484 2098 3542; x_wconf 91' lang='lat' dir='ltr'><strong>quantum</strong></span> <span class='ocrx_word' id='word_1_475' title='bbox 2134 3476 2312 3541; x_wconf 82' lang='lat' dir='ltr'><strong>voles,</strong></span> 
     </span>
    </p>
   </div>
   <div class='ocr_carea' id='block_1_67' title="bbox 773 3563 2313 3634">
    <p class='ocr_par' dir='ltr' id='par_1_67' title="bbox 773 3563 2313 3634">
     <span class='ocr_line' id='line_1_67' title="bbox 773 3563 2313 3634; baseline 0.004 -20"><span class='ocrx_word' id='word_1_476' title='bbox 773 3577 941 3631; x_wconf 90' lang='lat' dir='ltr'><strong>eaque</strong></span> <span class='ocrx_word' id='word_1_477' title='bbox 965 3563 1235 3631; x_wconf 87' lang='lat' dir='ltr'><strong>distingue</strong></span> <span class='ocrx_word' id='word_1_478' title='bbox 1266 3563 1525 3616; x_wconf 86' lang='lat' dir='ltr'><strong>trifariam</strong></span> <span class='ocrx_word' id='word_1_479' title='bbox 1553 3606 1567 3629; x_wconf 96' lang='lat'><strong>,</strong></span> <span class='ocrx_word' id='word_1_480' title='bbox 1607 3565 1990 3634; x_wconf 82' lang='lat' dir='ltr'><strong>quadrifariam</strong></span> <span class='ocrx_word' id='word_1_481' title='bbox 2017 3608 2031 3631; x_wconf 96' lang='lat'><strong>,</strong></span> <span class='ocrx_word' id='word_1_482' title='bbox 2077 3568 2313 3620; x_wconf 84' lang='lat' dir='ltr'><strong>multifa-</strong></span> 
     </span>
    </p>
   </div>
   <div class='ocr_carea' id='block_1_68' title="bbox 775 3652 2314 3725">
    <p class='ocr_par' dir='ltr' id='par_1_68' title="bbox 775 3652 2314 3725">
     <span class='ocr_line' id='line_1_68' title="bbox 775 3652 2314 3725; baseline 0.002 -19"><span class='ocrx_word' id='word_1_483' title='bbox 775 3653 934 3706; x_wconf 87' lang='lat' dir='ltr'><strong>riam.</strong></span> <span class='ocrx_word' id='word_1_484' title='bbox 979 3652 1208 3708; x_wconf 91' lang='lat' dir='ltr'><strong>Prorsus</strong></span> <span class='ocrx_word' id='word_1_485' title='bbox 1258 3653 1325 3707; x_wconf 86' lang='lat' dir='ltr'><strong>ad</strong></span> <span class='ocrx_word' id='word_1_486' title='bbox 1379 3671 1490 3707; x_wconf 88' lang='lat' dir='ltr'><strong>rem</strong></span> <span class='ocrx_word' id='word_1_487' title='bbox 1529 3656 1679 3707; x_wconf 90' lang='lat' dir='ltr'><strong>nihil.</strong></span> <span class='ocrx_word' id='word_1_488' title='bbox 1718 3654 2001 3725; x_wconf 77' lang='lat' dir='ltr'><strong>Nunquam</strong></span> <span class='ocrx_word' id='word_1_489' title='bbox 2049 3672 2110 3710; x_wconf 88' lang='lat' dir='ltr'><strong>ac</strong></span> <span class='ocrx_word' id='word_1_490' title='bbox 2149 3667 2202 3710; x_wconf 90' lang='lat' dir='ltr'><strong>tu</strong></span> <span class='ocrx_word' id='word_1_491' title='bbox 2231 3657 2314 3710; x_wconf 84' lang='lat' dir='ltr'><strong>via</strong></span> 
     </span>
    </p>
   </div>
   <div class='ocr_carea' id='block_1_69' title="bbox 774 3745 2315 3816">
    <p class='ocr_par' dir='ltr' id='par_1_69' title="bbox 774 3745 2315 3816">
     <span class='ocr_line' id='line_1_69' title="bbox 774 3745 2315 3816; baseline 0.001 -18"><span class='ocrx_word' id='word_1_492' title='bbox 774 3759 876 3798; x_wconf 90' lang='lat' dir='ltr'><strong>nos</strong></span> <span class='ocrx_word' id='word_1_493' title='bbox 906 3746 970 3798; x_wconf 89' lang='lat' dir='ltr'><strong>ad</strong></span> <span class='ocrx_word' id='word_1_494' title='bbox 1000 3745 1276 3800; x_wconf 85' lang='lat' dir='ltr'><strong>Platonem</strong></span> <span class='ocrx_word' id='word_1_495' title='bbox 1306 3745 1558 3801; x_wconf 88' lang='lat' dir='ltr'><strong>adduces.</strong></span> <span class='ocrx_word' id='word_1_496' title='bbox 1585 3745 1720 3811; x_wconf 83' lang='lat' dir='ltr'><strong>Quid</strong></span> <span class='ocrx_word' id='word_1_497' title='bbox 1747 3748 1887 3801; x_wconf 87' lang='lat' dir='ltr'><strong>enim</strong></span> <span class='ocrx_word' id='word_1_498' title='bbox 1909 3748 2139 3816; x_wconf 83' lang='lat' dir='ltr'><strong>juverit,‘</strong></span> <span class='ocrx_word' id='word_1_499' title='bbox 2162 3763 2190 3801; x_wconf 88' lang='lat' dir='ltr'><strong>e</strong></span> <span class='ocrx_word' id='word_1_500' title='bbox 2221 3747 2315 3800; x_wconf 91' lang='lat' dir='ltr'><strong>bo-</strong></span> 
     </span>
    </p>
   </div>
   <div class='ocr_carea' id='block_1_70' title="bbox 774 3833 2314 3915">
    <p class='ocr_par' dir='ltr' id='par_1_70' title="bbox 774 3833 2314 3915">
     <span class='ocr_line' id='line_1_70' title="bbox 774 3833 2314 3915; baseline 0.001 -28"><span class='ocrx_word' id='word_1_501' title='bbox 774 3834 884 3897; x_wconf 87' lang='lat' dir='ltr'><strong>nis,</strong></span> <span class='ocrx_word' id='word_1_502' title='bbox 907 3833 1050 3901; x_wconf 91' lang='lat' dir='ltr'><strong>quod</strong></span> <span class='ocrx_word' id='word_1_503' title='bbox 1100 3834 1199 3896; x_wconf 90' lang='lat' dir='ltr'><strong>ais,</strong></span> <span class='ocrx_word' id='word_1_504' title='bbox 1236 3835 1339 3886; x_wconf 92' lang='lat' dir='ltr'><strong>alia</strong></span> <span class='ocrx_word' id='word_1_505' title='bbox 1391 3835 1692 3888; x_wconf 87' lang='lat' dir='ltr'><strong>veneranda</strong></span> <span class='ocrx_word' id='word_1_506' title='bbox 1741 3851 1882 3899; x_wconf 85' lang='lat' dir='ltr'><strong>esse,</strong></span> <span class='ocrx_word' id='word_1_507' title='bbox 1914 3846 1968 3890; x_wconf 88' lang='lat' dir='ltr'><strong>ut</strong></span> <span class='ocrx_word' id='word_1_508' title='bbox 1997 3837 2175 3915; x_wconf 29' lang='lat' dir='ltr'><strong>\deos;</strong></span> <span class='ocrx_word' id='word_1_509' title='bbox 2211 3837 2314 3889; x_wconf 89' lang='lat' dir='ltr'><strong>alia</strong></span> 
     </span>
    </p>
   </div>
   <div class='ocr_carea' id='block_1_71' title="bbox 774 3917 2310 3996">
    <p class='ocr_par' dir='ltr' id='par_1_71' title="bbox 774 3917 2310 3996">
     <span class='ocr_line' id='line_1_71' title="bbox 774 3917 2310 3996; baseline 0.001 -18"><span class='ocrx_word' id='word_1_510' title='bbox 774 3925 931 3978; x_wconf 87' lang='lat' dir='ltr'><strong>laude</strong></span> <span class='ocrx_word' id='word_1_511' title='bbox 961 3925 1140 3993; x_wconf 89' lang='lat' dir='ltr'><strong>digna,</strong></span> <span class='ocrx_word' id='word_1_512' title='bbox 1201 3936 1259 3977; x_wconf 92' lang='lat' dir='ltr'><strong>ut</strong></span> <span class='ocrx_word' id='word_1_513' title='bbox 1311 3924 1568 3988; x_wconf 90' lang='lat' dir='ltr'><strong>virtutes;</strong></span> <span class='ocrx_word' id='word_1_514' title='bbox 1600 3926 1700 3978; x_wconf 90' lang='lat' dir='ltr'><strong>alia</strong></span> <span class='ocrx_word' id='word_1_515' title='bbox 1749 3917 2010 3994; x_wconf 82' lang='lat' dir='ltr'><strong>potestate</strong></span> <span class='ocrx_word' id='word_1_516' title='bbox 2059 3929 2310 3996; x_wconf 85' lang='lat' dir='ltr'><strong>quadam,</strong></span> 
     </span>
    </p>
   </div>
   <div class='ocr_carea' id='block_1_72' title="bbox 776 4015 2315 4082">
    <p class='ocr_par' dir='ltr' id='par_1_72' title="bbox 776 4015 2315 4082">
     <span class='ocr_line' id='line_1_72' title="bbox 776 4015 2315 4082; baseline 0.001 -15"><span class='ocrx_word' id='word_1_517' title='bbox 776 4024 836 4068; x_wconf 88' lang='lat' dir='ltr'><strong>ut</strong></span> <span class='ocrx_word' id='word_1_518' title='bbox 865 4015 1077 4069; x_wconf 82' lang='lat' dir='ltr'><strong>divitias</strong></span> <span class='ocrx_word' id='word_1_519' title='bbox 1119 4024 1278 4082; x_wconf 87' lang='lat' dir='ltr'><strong>atque</strong></span> <span class='ocrx_word' id='word_1_520' title='bbox 1307 4015 1504 4077; x_wconf 88' lang='lat' dir='ltr'><strong>robur;</strong></span> <span class='ocrx_word' id='word_1_521' title='bbox 1546 4016 1669 4078; x_wconf 86' lang='lat' dir='ltr'><strong>alia,</strong></span> <span class='ocrx_word' id='word_1_522' title='bbox 1709 4025 1765 4067; x_wconf 94' lang='lat' dir='ltr'><strong>ut</strong></span> <span class='ocrx_word' id='word_1_523' title='bbox 1813 4018 2139 4080; x_wconf 88' lang='lat' dir='ltr'><strong>curationes,</strong></span> <span class='ocrx_word' id='word_1_524' title='bbox 2175 4019 2315 4069; x_wconf 58' lang='lat' dir='ltr'><strong>utili-</strong></span> 
     </span>
    </p>
   </div>
   <div class='ocr_carea' id='block_1_73' title="bbox 777 4103 2316 4171">
    <p class='ocr_par' dir='ltr' id='par_1_73' title="bbox 777 4103 2316 4171">
     <span class='ocr_line' id='line_1_73' title="bbox 777 4103 2316 4171; baseline 0.001 -15"><span class='ocrx_word' id='word_1_525' title='bbox 777 4113 884 4156; x_wconf 90' lang='lat' dir='ltr'><strong>tate</strong></span> <span class='ocrx_word' id='word_1_526' title='bbox 908 4105 1210 4158; x_wconf 82' lang='lat' dir='ltr'><strong>contineri?</strong></span> <span class='ocrx_word' id='word_1_527' title='bbox 1235 4103 1372 4169; x_wconf 76' lang='lat' dir='ltr'><strong>Quid</strong></span> <span class='ocrx_word' id='word_1_528' title='bbox 1409 4118 1590 4171; x_wconf 86' lang='lat' dir='ltr'><strong>porro,</strong></span> <span class='ocrx_word' id='word_1_529' title='bbox 1617 4120 1738 4157; x_wconf 90' lang='lat' dir='ltr'><strong>cum</strong></span> <span class='ocrx_word' id='word_1_530' title='bbox 1761 4105 2032 4157; x_wconf 85' lang='lat' dir='ltr'><strong>minutiori</strong></span> <span class='ocrx_word' id='word_1_531' title='bbox 2061 4121 2120 4158; x_wconf 90' lang='lat' dir='ltr'><strong>ac</strong></span> <span class='ocrx_word' id='word_1_532' title='bbox 2153 4107 2316 4159; x_wconf 89' lang='lat' dir='ltr'><strong>subti-</strong></span> 
     </span>
    </p>
   </div>
   <div class='ocr_carea' id='block_1_74' title="bbox 776 4194 2313 4261">
    <p class='ocr_par' dir='ltr' id='par_1_74' title="bbox 776 4194 2313 4261">
     <span class='ocr_line' id='line_1_74' title="bbox 776 4194 2313 4261; baseline 0.001 -15"><span class='ocrx_word' id='word_1_533' title='bbox 776 4194 898 4247; x_wconf 93' lang='lat' dir='ltr'><strong>liori</strong></span> <span class='ocrx_word' id='word_1_534' title='bbox 929 4195 1216 4261; x_wconf 86' lang='lat' dir='ltr'><strong>divisione,</strong></span> <span class='ocrx_word' id='word_1_535' title='bbox 1250 4211 1278 4250; x_wconf 91' lang='lat' dir='ltr'><strong>e</strong></span> <span class='ocrx_word' id='word_1_536' title='bbox 1311 4195 1464 4249; x_wconf 85' lang='lat' dir='ltr'><strong>bonis</strong></span> <span class='ocrx_word' id='word_1_537' title='bbox 1501 4196 1604 4249; x_wconf 91' lang='lat' dir='ltr'><strong>alia</strong></span> <span class='ocrx_word' id='word_1_538' title='bbox 1640 4195 1771 4250; x_wconf 87' lang='lat' dir='ltr'><strong>fines</strong></span> <span class='ocrx_word' id='word_1_539' title='bbox 1800 4211 1916 4249; x_wconf 88' lang='lat' dir='ltr'><strong>esse</strong></span> <span class='ocrx_word' id='word_1_540' title='bbox 1953 4195 2172 4261; x_wconf 72' lang='lat' dir='ltr'><strong>dixeris,</strong></span> <span class='ocrx_word' id='word_1_541' title='bbox 2213 4197 2313 4248; x_wconf 88' lang='lat' dir='ltr'><strong>alia</strong></span> 
     </span>
    </p>
   </div>
   <div class='ocr_carea' id='block_1_75' title="bbox 774 4287 2316 4356">
    <p class='ocr_par' dir='ltr' id='par_1_75' title="bbox 774 4287 2316 4356">
     <span class='ocr_line' id='line_1_75' title="bbox 774 4287 2316 4356; baseline 0 -17"><span class='ocrx_word' id='word_1_542' title='bbox 774 4287 1092 4354; x_wconf 84' lang='lat' dir='ltr'><strong>negaveris?</strong></span> <span class='ocrx_word' id='word_1_543' title='bbox 1111 4287 1327 4340; x_wconf 90' lang='lat' dir='ltr'><strong>Finium</strong></span> <span class='ocrx_word' id='word_1_544' title='bbox 1347 4304 1408 4342; x_wconf 87' lang='lat' dir='ltr'><strong>ea</strong></span> <span class='ocrx_word' id='word_1_545' title='bbox 1441 4291 1656 4342; x_wconf 83' lang='lat' dir='ltr'><strong>nomine</strong></span> <span class='ocrx_word' id='word_1_546' title='bbox 1683 4288 2160 4356; x_wconf 86' lang='lat' dir='ltr'><strong>comprehendens,</strong></span> <span class='ocrx_word' id='word_1_547' title='bbox 2191 4304 2316 4356; x_wconf 90' lang='lat' dir='ltr'><strong>quo-</strong></span> 
     </span>
    </p>
   </div>
   <div class='ocr_carea' id='block_1_76' title="bbox 772 4377 2312 4448">
    <p class='ocr_par' dir='ltr' id='par_1_76' title="bbox 772 4377 2312 4448">
     <span class='ocr_line' id='line_1_76' title="bbox 772 4377 2312 4448; baseline 0.002 -18"><span class='ocrx_word' id='word_1_548' title='bbox 772 4392 894 4430; x_wconf 91' lang='lat' dir='ltr'><strong>rum</strong></span> <span class='ocrx_word' id='word_1_549' title='bbox 931 4377 1101 4445; x_wconf 87' lang='lat' dir='ltr'><strong>gratia</strong></span> <span class='ocrx_word' id='word_1_550' title='bbox 1148 4388 1271 4432; x_wconf 89' lang='lat' dir='ltr'><strong>sunt</strong></span> <span class='ocrx_word' id='word_1_551' title='bbox 1310 4381 1442 4446; x_wconf 89' lang='lat' dir='ltr'><strong>alia;</strong></span> <span class='ocrx_word' id='word_1_552' title='bbox 1485 4396 1590 4434; x_wconf 91' lang='lat' dir='ltr'><strong>non</strong></span> <span class='ocrx_word' id='word_1_553' title='bbox 1643 4381 1776 4434; x_wconf 88' lang='lat' dir='ltr'><strong>fines</strong></span> <span class='ocrx_word' id='word_1_554' title='bbox 1809 4389 1984 4433; x_wconf 85' lang='lat' dir='ltr'><strong>autem</strong></span> <span class='ocrx_word' id='word_1_555' title='bbox 2021 4381 2312 4448; x_wconf 86' lang='lat' dir='ltr'><strong>appellans,</strong></span> 
     </span>
    </p>
   </div>
   <div class='ocr_carea' id='block_1_77' title="bbox 773 4466 2310 4536">
    <p class='ocr_par' dir='ltr' id='par_1_77' title="bbox 773 4466 2310 4536">
     <span class='ocr_line' id='line_1_77' title="bbox 773 4466 2310 4536; baseline 0.002 -17"><span class='ocrx_word' id='word_1_556' title='bbox 773 4483 894 4536; x_wconf 77' lang='lat' dir='ltr'><strong>qua:</strong></span> <span class='ocrx_word' id='word_1_557' title='bbox 931 4466 1157 4519; x_wconf 85' lang='lat' dir='ltr'><strong>aliorum</strong></span> <span class='ocrx_word' id='word_1_558' title='bbox 1212 4467 1263 4519; x_wconf 90' lang='lat' dir='ltr'><strong>in</strong></span> <span class='ocrx_word' id='word_1_559' title='bbox 1298 4470 1522 4536; x_wconf 89' lang='lat' dir='ltr'><strong>gratiam</strong></span> <span class='ocrx_word' id='word_1_560' title='bbox 1573 4469 1949 4523; x_wconf 83' lang='lat' dir='ltr'><strong>adhibeantur.</strong></span> <span class='ocrx_word' id='word_1_561' title='bbox 1992 4468 2129 4535; x_wconf 90' lang='lat' dir='ltr'><strong>Quid</strong></span> <span class='ocrx_word' id='word_1_562' title='bbox 2164 4470 2310 4532; x_wconf 85' lang='lat' dir='ltr'><strong>item,</strong></span> 
     </span>
    </p>
   </div>
   <div class='ocr_carea' id='block_1_78' title="bbox 2415 3293 3933 3369">
    <p class='ocr_par' dir='ltr' id='par_1_78' title="bbox 2415 3293 3933 3369">
     <span class='ocr_line' id='line_1_78' title="bbox 2415 3293 3933 3369; baseline -0.009 -16"><span class='ocrx_word' id='word_1_563' title='bbox 2415 3319 2527 3363; x_wconf 85' lang='grc' dir='ltr'>νυν,</span> <span class='ocrx_word' id='word_1_564' title='bbox 2555 3303 2599 3352; x_wconf 88' lang='grc' dir='ltr'>εἰ</span> <span class='ocrx_word' id='word_1_565' title='bbox 2631 3299 2825 3369; x_wconf 78' lang='grc' dir='ltr'>βούλει,</span> <span class='ocrx_word' id='word_1_566' title='bbox 2857 3298 2948 3350; x_wconf 54' lang='grc' dir='ltr'><strong>καί⁸</strong></span> <span class='ocrx_word' id='word_1_567' title='bbox 2977 3296 3210 3349; x_wconf 78' lang='grc' dir='ltr'>ποίκιλλε</span> <span class='ocrx_word' id='word_1_568' title='bbox 3237 3296 3428 3365; x_wconf 78' lang='grc' dir='ltr'>τριχῆ,</span> <span class='ocrx_word' id='word_1_569' title='bbox 3459 3294 3548 3345; x_wconf 76' lang='grc' dir='ltr'><strong>καὶ</strong></span> <span class='ocrx_word' id='word_1_570' title='bbox 3576 3293 3836 3364; x_wconf 74' lang='grc' dir='ltr'>τετραχῆ,</span> <span class='ocrx_word' id='word_1_571' title='bbox 3863 3293 3933 3342; x_wconf 74' lang='grc' dir='ltr'><strong>ια’.</strong></span> 
     </span>
    </p>
   </div>
   <div class='ocr_carea' id='block_1_79' title="bbox 2417 3379 3930 3459">
    <p class='ocr_par' dir='ltr' id='par_1_79' title="bbox 2417 3379 3930 3459">
     <span class='ocr_line' id='line_1_79' title="bbox 2417 3379 3930 3459; baseline -0.009 -16"><span class='ocrx_word' id='word_1_572' title='bbox 2417 3391 2651 3459; x_wconf 79' lang='grc' dir='ltr'>πολλαχῆ</span> <span class='ocrx_word' id='word_1_573' title='bbox 2681 3391 2741 3441; x_wconf 66' lang='grc' dir='ltr'>τὰ</span> <span class='ocrx_word' id='word_1_574' title='bbox 2767 3388 2941 3456; x_wconf 79' lang='grc' dir='ltr'>ἀγαθά</span> <span class='ocrx_word' id='word_1_575' title='bbox 2962 3386 3408 3455; x_wconf 82' lang='grc' dir='ltr'>διαστελλόμενος.</span> <span class='ocrx_word' id='word_1_576' title='bbox 3459 3383 3621 3436; x_wconf 82' lang='grc' dir='ltr'>Οὐδὲν</span> <span class='ocrx_word' id='word_1_577' title='bbox 3655 3383 3761 3451; x_wconf 76' lang='grc' dir='ltr'><strong>γὰρ</strong></span> <span class='ocrx_word' id='word_1_578' title='bbox 3797 3379 3930 3432; x_wconf 68' lang='grc' dir='ltr'>ταῦτα</span> 
     </span>
    </p>
   </div>
   <div class='ocr_carea' id='block_1_80' title="bbox 2415 3472 3932 3552">
    <p class='ocr_par' dir='ltr' id='par_1_80' title="bbox 2415 3472 3932 3552">
     <span class='ocr_line' id='line_1_80' title="bbox 2415 3472 3932 3552; baseline -0.01 -19"><span class='ocrx_word' id='word_1_579' title='bbox 2415 3483 2546 3552; x_wconf 79' lang='grc' dir='ltr'>πρὸς</span> <span class='ocrx_word' id='word_1_580' title='bbox 2598 3482 2657 3532; x_wconf 85' lang='grc' dir='ltr'>τὸ</span> <span class='ocrx_word' id='word_1_581' title='bbox 2693 3480 3060 3549; x_wconf 84' lang='grc' dir='ltr'>προκείμενον.</span> <span class='ocrx_word' id='word_1_582' title='bbox 3122 3479 3193 3529; x_wconf 90' lang='grc' dir='ltr'>Οὐ</span> <span class='ocrx_word' id='word_1_583' title='bbox 3239 3477 3300 3544; x_wconf 78' lang='grc' dir='ltr'>δή</span> <span class='ocrx_word' id='word_1_584' title='bbox 3342 3475 3457 3526; x_wconf 78' lang='grc' dir='ltr'>ποθ’</span> <span class='ocrx_word' id='word_1_585' title='bbox 3494 3474 3638 3542; x_wconf 75' lang='grc' dir='ltr'>ἡμᾶς</span> <span class='ocrx_word' id='word_1_586' title='bbox 3681 3473 3747 3524; x_wconf 81' lang='grc' dir='ltr'>δι’</span> <span class='ocrx_word' id='word_1_587' title='bbox 3789 3472 3932 3526; x_wconf 66' lang='grc' dir='ltr'>αὐτᾷ-ν</span> 
     </span>
    </p>
   </div>
   <div class='ocr_carea' id='block_1_81' title="bbox 2416 3563 3928 3642">
    <p class='ocr_par' dir='ltr' id='par_1_81' title="bbox 2416 3563 3928 3642">
     <span class='ocr_line' id='line_1_81' title="bbox 2416 3563 3928 3642; baseline -0.007 -19"><span class='ocrx_word' id='word_1_588' title='bbox 2416 3570 2699 3642; x_wconf 78' lang='grc' dir='ltr'>προσάξεις</span> <span class='ocrx_word' id='word_1_589' title='bbox 2726 3569 2800 3638; x_wconf 80' lang='grc' dir='ltr'><strong>τῷ</strong></span> <span class='ocrx_word' id='word_1_590' title='bbox 2826 3569 3087 3620; x_wconf 82' lang='grc' dir='ltr'>Πλάτωνι.</span> <span class='ocrx_word' id='word_1_591' title='bbox 3111 3568 3173 3618; x_wconf 85' lang='grc' dir='ltr'>Τί</span> <span class='ocrx_word' id='word_1_592' title='bbox 3203 3567 3308 3635; x_wconf 81' lang='grc' dir='ltr'>γὰρ</span> <span class='ocrx_word' id='word_1_593' title='bbox 3367 3567 3414 3616; x_wconf 81' lang='grc' dir='ltr'><strong>εί</strong></span> <span class='ocrx_word' id='word_1_594' title='bbox 3460 3565 3566 3615; x_wconf 77' lang='grc' dir='ltr'>τῶν</span> <span class='ocrx_word' id='word_1_595' title='bbox 3608 3564 3821 3631; x_wconf 78' lang='grc' dir='ltr'>ἀγαθῶν</span> <span class='ocrx_word' id='word_1_596' title='bbox 3839 3602 3851 3625; x_wconf 94' lang='grc'><strong>,</strong></span> <span class='ocrx_word' id='word_1_597' title='bbox 3875 3563 3928 3621; x_wconf 76' lang='grc' dir='ltr'>ὡς</span> 
     </span>
    </p>
   </div>
   <div class='ocr_carea' id='block_1_82' title="bbox 2415 3652 3930 3730">
    <p class='ocr_par' dir='ltr' id='par_1_82' title="bbox 2415 3652 3930 3730">
     <span class='ocr_line' id='line_1_82' title="bbox 2415 3652 3930 3730; baseline -0.007 -18"><span class='ocrx_word' id='word_1_598' title='bbox 2415 3662 2536 3730; x_wconf 71' lang='grc' dir='ltr'>φὴς,</span> <span class='ocrx_word' id='word_1_599' title='bbox 2564 3661 2628 3713; x_wconf 73' lang='grc' dir='ltr'>τὰ</span> <span class='ocrx_word' id='word_1_600' title='bbox 2662 3660 2755 3729; x_wconf 80' lang='grc' dir='ltr'>μὲν</span> <span class='ocrx_word' id='word_1_601' title='bbox 2787 3658 2957 3727; x_wconf 87' lang='grc' dir='ltr'>τίμια,</span> <span class='ocrx_word' id='word_1_602' title='bbox 2991 3657 3235 3727; x_wconf 78' lang='grc' dir='ltr'>καθαπερ</span> <span class='ocrx_word' id='word_1_603' title='bbox 3267 3659 3314 3708; x_wconf 81' lang='grc' dir='ltr'>οἱ</span> <span class='ocrx_word' id='word_1_604' title='bbox 3339 3655 3467 3716; x_wconf 70' lang='grc' dir='ltr'>θεοὶ,</span> <span class='ocrx_word' id='word_1_605' title='bbox 3500 3655 3566 3706; x_wconf 69' lang='grc' dir='ltr'>τὰ</span> <span class='ocrx_word' id='word_1_606' title='bbox 3596 3655 3649 3707; x_wconf 77' lang='grc' dir='ltr'>δὲ</span> <span class='ocrx_word' id='word_1_607' title='bbox 3682 3652 3930 3709; x_wconf 69' lang='grc' dir='ltr'>ἐπαινετὰ,</span> 
     </span>
    </p>
   </div>
   <div class='ocr_carea' id='block_1_83' title="bbox 2413 3741 3928 3816">
    <p class='ocr_par' dir='ltr' id='par_1_83' title="bbox 2413 3741 3928 3816">
     <span class='ocr_line' id='line_1_83' title="bbox 2413 3741 3928 3816; baseline -0.007 -16"><span class='ocrx_word' id='word_1_608' title='bbox 2413 3750 2486 3812; x_wconf 83' lang='grc' dir='ltr'>ὡς</span> <span class='ocrx_word' id='word_1_609' title='bbox 2531 3750 2585 3800; x_wconf 89' lang='grc' dir='ltr'>αἱ</span> <span class='ocrx_word' id='word_1_610' title='bbox 2620 3749 2826 3816; x_wconf 68' lang='grc' dir='ltr'>ἀρεταὶ,</span> <span class='ocrx_word' id='word_1_611' title='bbox 2849 3747 2916 3799; x_wconf 77' lang='grc' dir='ltr'><strong>τὰ</strong></span> <span class='ocrx_word' id='word_1_612' title='bbox 2939 3747 2991 3798; x_wconf 84' lang='grc' dir='ltr'>δὲ</span> <span class='ocrx_word' id='word_1_613' title='bbox 3021 3747 3288 3816; x_wconf 79' lang='grc' dir='ltr'>δυνάμεις,</span> <span class='ocrx_word' id='word_1_614' title='bbox 3314 3746 3387 3806; x_wconf 85' lang='grc' dir='ltr'>ὡς</span> <span class='ocrx_word' id='word_1_615' title='bbox 3417 3744 3640 3805; x_wconf 73' lang='grc' dir='ltr'>πλοῦτος</span> <span class='ocrx_word' id='word_1_616' title='bbox 3673 3745 3764 3796; x_wconf 68' lang='grc' dir='ltr'>καί</span> <span class='ocrx_word' id='word_1_617' title='bbox 3787 3741 3928 3808; x_wconf 58' lang='grc' dir='ltr'>ίηὶς,</span> 
     </span>
    </p>
   </div>
   <div class='ocr_carea' id='block_1_84' title="bbox 2415 3830 3932 3908">
    <p class='ocr_par' dir='ltr' id='par_1_84' title="bbox 2415 3830 3932 3908">
     <span class='ocr_line' id='line_1_84' title="bbox 2415 3830 3932 3908; baseline -0.008 -17"><span class='ocrx_word' id='word_1_618' title='bbox 2415 3841 2478 3893; x_wconf 73' lang='grc' dir='ltr'><strong>τὰ</strong></span> <span class='ocrx_word' id='word_1_619' title='bbox 2504 3841 2558 3892; x_wconf 75' lang='grc' dir='ltr'>δὲ</span> <span class='ocrx_word' id='word_1_620' title='bbox 2587 3838 2831 3908; x_wconf 58' lang='grc' dir='ltr'>ὼᾳέλιμα</span> <span class='ocrx_word' id='word_1_621' title='bbox 2857 3877 2870 3900; x_wconf 91' lang='grc'><strong>,</strong></span> <span class='ocrx_word' id='word_1_622' title='bbox 2918 3837 2991 3899; x_wconf 85' lang='grc' dir='ltr'>ὼς</span> <span class='ocrx_word' id='word_1_623' title='bbox 3038 3839 3088 3890; x_wconf 82' lang='grc' dir='ltr'>αἱ</span> <span class='ocrx_word' id='word_1_624' title='bbox 3123 3838 3434 3907; x_wconf 79' lang='grc' dir='ltr'>θεραπεῖαι;</span> <span class='ocrx_word' id='word_1_625' title='bbox 3471 3837 3535 3887; x_wconf 88' lang='grc' dir='ltr'>Τί</span> <span class='ocrx_word' id='word_1_626' title='bbox 3564 3837 3607 3887; x_wconf 72' lang='grc' dir='ltr'>δ’</span> <span class='ocrx_word' id='word_1_627' title='bbox 3632 3875 3647 3897; x_wconf 95' lang='grc'><strong>,</strong></span> <span class='ocrx_word' id='word_1_628' title='bbox 3705 3837 3751 3885; x_wconf 83' lang='grc' dir='ltr'><strong>εί</strong></span> <span class='ocrx_word' id='word_1_629' title='bbox 3791 3830 3932 3883; x_wconf 69' lang='grc' dir='ltr'>ταῦτα</span> 
     </span>
    </p>
   </div>
   <div class='ocr_carea' id='block_1_85' title="bbox 2416 3924 3928 3999">
    <p class='ocr_par' dir='ltr' id='par_1_85' title="bbox 2416 3924 3928 3999">
     <span class='ocr_line' id='line_1_85' title="bbox 2416 3924 3928 3999; baseline -0.007 -16"><span class='ocrx_word' id='word_1_630' title='bbox 2416 3925 2939 3999; x_wconf 78' lang='grc' dir='ltr'>ἑλάττονιδιαιρέσει</span> <span class='ocrx_word' id='word_1_631' title='bbox 2970 3928 3404 3996; x_wconf 82' lang='grc' dir='ltr'>διαστελλόμενος</span> <span class='ocrx_word' id='word_1_632' title='bbox 3427 3966 3438 3985; x_wconf 91' lang='grc'><strong>,</strong></span> <span class='ocrx_word' id='word_1_633' title='bbox 3488 3926 3663 3991; x_wconf 89' lang='grc' dir='ltr'>λέγοις</span> <span class='ocrx_word' id='word_1_634' title='bbox 3700 3924 3800 3975; x_wconf 74' lang='grc' dir='ltr'>τῶν</span> <span class='ocrx_word' id='word_1_635' title='bbox 3823 3925 3928 3986; x_wconf 68' lang='grc' dir='ltr'>ἅγιε</span> 
     </span>
    </p>
   </div>
   <div class='ocr_carea' id='block_1_86' title="bbox 2415 4013 3929 4091">
    <p class='ocr_par' dir='ltr' id='par_1_86' title="bbox 2415 4013 3929 4091">
     <span class='ocr_line' id='line_1_86' title="bbox 2415 4013 3929 4091; baseline -0.008 -17"><span class='ocrx_word' id='word_1_636' title='bbox 2415 4023 2516 4074; x_wconf 82' lang='grc' dir='ltr'>θῶν</span> <span class='ocrx_word' id='word_1_637' title='bbox 2543 4022 2609 4074; x_wconf 73' lang='grc' dir='ltr'>τὰ</span> <span class='ocrx_word' id='word_1_638' title='bbox 2639 4021 2733 4091; x_wconf 82' lang='grc' dir='ltr'>μὲν</span> <span class='ocrx_word' id='word_1_639' title='bbox 2763 4017 2899 4072; x_wconf 72' lang='grc' dir='ltr'>εἶναι</span> <span class='ocrx_word' id='word_1_640' title='bbox 2928 4019 3075 4088; x_wconf 81' lang='grc' dir='ltr'>τέλη,</span> <span class='ocrx_word' id='word_1_641' title='bbox 3105 4018 3170 4069; x_wconf 80' lang='grc' dir='ltr'><strong>τὰ</strong></span> <span class='ocrx_word' id='word_1_642' title='bbox 3199 4017 3255 4068; x_wconf 76' lang='grc' dir='ltr'>δὲ</span> <span class='ocrx_word' id='word_1_643' title='bbox 3287 4018 3346 4068; x_wconf 90' lang='grc' dir='ltr'><strong>οὐ</strong></span> <span class='ocrx_word' id='word_1_644' title='bbox 3375 4016 3499 4083; x_wconf 88' lang='grc' dir='ltr'>τέλη</span> <span class='ocrx_word' id='word_1_645' title='bbox 3527 4031 3540 4077; x_wconf 90' lang='grc'><strong>;</strong></span> <span class='ocrx_word' id='word_1_646' title='bbox 3568 4013 3697 4081; x_wconf 84' lang='grc' dir='ltr'>τέλη</span> <span class='ocrx_word' id='word_1_647' title='bbox 3723 4015 3814 4081; x_wconf 83' lang='grc' dir='ltr'>μὲν</span> <span class='ocrx_word' id='word_1_648' title='bbox 3841 4013 3929 4062; x_wconf 69' lang='grc' dir='ltr'>ὀνο-</span> 
     </span>
    </p>
   </div>
   <div class='ocr_carea' id='block_1_87' title="bbox 2418 4103 3930 4181">
    <p class='ocr_par' dir='ltr' id='par_1_87' title="bbox 2418 4103 3930 4181">
     <span class='ocr_line' id='line_1_87' title="bbox 2418 4103 3930 4181; baseline -0.01 -17"><span class='ocrx_word' id='word_1_649' title='bbox 2418 4113 2617 4181; x_wconf 74' lang='grc' dir='ltr'>μάζων,</span> <span class='ocrx_word' id='word_1_650' title='bbox 2644 4107 2716 4164; x_wconf 80' lang='grc' dir='ltr'>ὧν</span> <span class='ocrx_word' id='word_1_651' title='bbox 2747 4112 2900 4181; x_wconf 77' lang='grc' dir='ltr'>χάριν</span> <span class='ocrx_word' id='word_1_652' title='bbox 2929 4109 2995 4163; x_wconf 84' lang='grc' dir='ltr'><strong>τά</strong></span> <span class='ocrx_word' id='word_1_653' title='bbox 3018 4109 3168 4168; x_wconf 80' lang='grc' dir='ltr'>ἄλλα,</span> <span class='ocrx_word' id='word_1_654' title='bbox 3199 4108 3256 4157; x_wconf 88' lang='grc' dir='ltr'><strong>οὐ</strong></span> <span class='ocrx_word' id='word_1_655' title='bbox 3301 4106 3423 4173; x_wconf 87' lang='grc' dir='ltr'>τέλη</span> <span class='ocrx_word' id='word_1_656' title='bbox 3453 4104 3510 4155; x_wconf 74' lang='grc' dir='ltr'>δὲ</span> <span class='ocrx_word' id='word_1_657' title='bbox 3541 4103 3608 4155; x_wconf 59' lang='lat' dir='ltr'><strong>ea</strong></span> <span class='ocrx_word' id='word_1_658' title='bbox 3644 4104 3754 4154; x_wconf 80' lang='grc' dir='ltr'>τῶν</span> <span class='ocrx_word' id='word_1_659' title='bbox 3784 4103 3930 4155; x_wconf 67' lang='grc' dir='ltr'>ἄλλων</span> 
     </span>
    </p>
   </div>
   <div class='ocr_carea' id='block_1_88' title="bbox 2413 4188 3928 4272">
    <p class='ocr_par' dir='ltr' id='par_1_88' title="bbox 2413 4188 3928 4272">
     <span class='ocr_line' id='line_1_88' title="bbox 2413 4188 3928 4272; baseline -0.009 -18"><span class='ocrx_word' id='word_1_660' title='bbox 2413 4205 2570 4255; x_wconf 75' lang='grc' dir='ltr'>ἕνεκα</span> <span class='ocrx_word' id='word_1_661' title='bbox 2601 4202 2998 4272; x_wconf 77' lang='grc' dir='ltr'>λαμϐανόμενα.</span> <span class='ocrx_word' id='word_1_662' title='bbox 3032 4199 3093 4250; x_wconf 88' lang='grc' dir='ltr'><strong>Τί</strong></span> <span class='ocrx_word' id='word_1_663' title='bbox 3126 4198 3190 4258; x_wconf 79' lang='grc' dir='ltr'><strong>δ’,</strong></span> <span class='ocrx_word' id='word_1_664' title='bbox 3221 4198 3268 4247; x_wconf 84' lang='grc' dir='ltr'><strong>εί</strong></span> <span class='ocrx_word' id='word_1_665' title='bbox 3301 4188 3454 4265; x_wconf 79' lang='grc' dir='ltr'>μάθοὶ</span> <span class='ocrx_word' id='word_1_666' title='bbox 3487 4212 3600 4257; x_wconf 85' lang='grc' dir='ltr'>τις,</span> <span class='ocrx_word' id='word_1_667' title='bbox 3630 4195 3712 4246; x_wconf 81' lang='grc' dir='ltr'><strong>δτι</strong></span> <span class='ocrx_word' id='word_1_668' title='bbox 3743 4195 3808 4246; x_wconf 76' lang='grc' dir='ltr'>τὰ</span> <span class='ocrx_word' id='word_1_669' title='bbox 3853 4194 3928 4261; x_wconf 76' lang='grc' dir='ltr'>μὲν</span> 
     </span>
    </p>
   </div>
   <div class='ocr_carea' id='block_1_89' title="bbox 2416 4285 3926 4359">
    <p class='ocr_par' dir='ltr' id='par_1_89' title="bbox 2416 4285 3926 4359">
     <span class='ocr_line' id='line_1_89' title="bbox 2416 4285 3926 4359; baseline -0.002 -14"><span class='ocrx_word' id='word_1_670' title='bbox 2416 4293 2596 4355; x_wconf 80' lang='grc' dir='ltr'>ἁπλῶς</span> <span class='ocrx_word' id='word_1_671' title='bbox 2627 4293 2821 4359; x_wconf 76' lang='grc' dir='ltr'>ἀγαθὰ,</span> <span class='ocrx_word' id='word_1_672' title='bbox 2862 4292 2929 4344; x_wconf 81' lang='grc' dir='ltr'><strong>τὰ</strong></span> <span class='ocrx_word' id='word_1_673' title='bbox 2957 4291 3011 4342; x_wconf 77' lang='grc' dir='ltr'>δὲ</span> <span class='ocrx_word' id='word_1_674' title='bbox 3040 4291 3098 4340; x_wconf 90' lang='grc' dir='ltr'><strong>οὐ</strong></span> <span class='ocrx_word' id='word_1_675' title='bbox 3127 4289 3316 4348; x_wconf 75' lang='grc' dir='ltr'>πᾶσιν;</span> <span class='ocrx_word' id='word_1_676' title='bbox 3348 4287 3378 4355; x_wconf 80' lang='grc' dir='ltr'>ἦ</span> <span class='ocrx_word' id='word_1_677' title='bbox 3416 4287 3496 4338; x_wconf 85' lang='grc' dir='ltr'>ὃτι</span> <span class='ocrx_word' id='word_1_678' title='bbox 3532 4286 3599 4338; x_wconf 84' lang='grc' dir='ltr'><strong>τά</strong></span> <span class='ocrx_word' id='word_1_679' title='bbox 3648 4286 3747 4355; x_wconf 80' lang='grc' dir='ltr'>μὲν</span> <span class='ocrx_word' id='word_1_680' title='bbox 3784 4285 3926 4353; x_wconf 64' lang='grc' dir='ltr'>ψυχῆς</span> 
     </span>
    </p>
   </div>
   <div class='ocr_carea' id='block_1_90' title="bbox 2416 4374 3926 4450">
    <p class='ocr_par' dir='ltr' id='par_1_90' title="bbox 2416 4374 3926 4450">
     <span class='ocr_line' id='line_1_90' title="bbox 2416 4374 3926 4450; baseline -0.009 -15"><span class='ocrx_word' id='word_1_681' title='bbox 2416 4382 2611 4450; x_wconf 75' lang='grc' dir='ltr'>ἀγαθὰ,</span> <span class='ocrx_word' id='word_1_682' title='bbox 2637 4382 2702 4434; x_wconf 80' lang='grc' dir='ltr'><strong>τὰ</strong></span> <span class='ocrx_word' id='word_1_683' title='bbox 2727 4382 2801 4445; x_wconf 80' lang='grc' dir='ltr'>δὲ,</span> <span class='ocrx_word' id='word_1_684' title='bbox 2835 4381 3101 4449; x_wconf 82' lang='grc' dir='ltr'>σώματος,</span> <span class='ocrx_word' id='word_1_685' title='bbox 3131 4377 3197 4428; x_wconf 75' lang='grc' dir='ltr'>τὰ</span> <span class='ocrx_word' id='word_1_686' title='bbox 3216 4376 3256 4427; x_wconf 78' lang='grc' dir='ltr'>δ’</span> <span class='ocrx_word' id='word_1_687' title='bbox 3293 4377 3471 4439; x_wconf 80' lang='grc' dir='ltr'>ἐκτὸςς</span> <span class='ocrx_word' id='word_1_688' title='bbox 3505 4379 3536 4447; x_wconf 84' lang='grc' dir='ltr'>ἦ</span> <span class='ocrx_word' id='word_1_689' title='bbox 3567 4377 3745 4435; x_wconf 74' lang='grc' dir='ltr'>πάλιν,</span> <span class='ocrx_word' id='word_1_690' title='bbox 3777 4378 3848 4428; x_wconf 81' lang='grc' dir='ltr'><strong>δτι</strong></span> <span class='ocrx_word' id='word_1_691' title='bbox 3877 4374 3926 4424; x_wconf 66' lang='grc' dir='ltr'>τὰ</span> 
     </span>
    </p>
   </div>
   <div class='ocr_carea' id='block_1_91' title="bbox 2418 4464 3923 4543">
    <p class='ocr_par' dir='ltr' id='par_1_91' title="bbox 2418 4464 3923 4543">
     <span class='ocr_line' id='line_1_91' title="bbox 2418 4464 3923 4543; baseline -0.003 -18"><span class='ocrx_word' id='word_1_692' title='bbox 2418 4474 2511 4543; x_wconf 78' lang='grc' dir='ltr'>μὲν</span> <span class='ocrx_word' id='word_1_693' title='bbox 2535 4472 2638 4524; x_wconf 81' lang='grc' dir='ltr'><strong>τῶν</strong></span> <span class='ocrx_word' id='word_1_694' title='bbox 2659 4470 2875 4539; x_wconf 77' lang='grc' dir='ltr'>ἀγαθῶν</span> <span class='ocrx_word' id='word_1_695' title='bbox 2908 4470 3178 4538; x_wconf 82' lang='grc' dir='ltr'>δυνάμεις,</span> <span class='ocrx_word' id='word_1_696' title='bbox 3204 4467 3269 4519; x_wconf 77' lang='grc' dir='ltr'>τὰ</span> <span class='ocrx_word' id='word_1_697' title='bbox 3294 4467 3346 4519; x_wconf 81' lang='grc' dir='ltr'>δὲ</span> <span class='ocrx_word' id='word_1_698' title='bbox 3379 4468 3637 4531; x_wconf 79' lang='grc' dir='ltr'>διαθέσεις</span> <span class='ocrx_word' id='word_1_699' title='bbox 3669 4469 3766 4520; x_wconf 70' lang='grc' dir='ltr'><strong>καὶ</strong></span> <span class='ocrx_word' id='word_1_700' title='bbox 3793 4464 3923 4528; x_wconf 79' lang='grc' dir='ltr'>ἕξεις.</span> 
     </span>
    </p>
   </div>
   <div class='ocr_carea' id='block_1_92' title="bbox 775 4556 2316 4632">
    <p class='ocr_par' dir='ltr' id='par_1_92' title="bbox 775 4556 2311 4625">
     <span class='ocr_line' id='line_1_92' title="bbox 775 4556 2311 4625; baseline 0.001 -16"><span class='ocrx_word' id='word_1_701' title='bbox 775 4556 864 4609; x_wconf 93' lang='lat' dir='ltr'><strong>ubi</strong></span> <span class='ocrx_word' id='word_1_702' title='bbox 901 4557 1001 4609; x_wconf 86' lang='lat' dir='ltr'><strong>alia</strong></span> <span class='ocrx_word' id='word_1_703' title='bbox 1037 4556 1350 4625; x_wconf 88' lang='lat' dir='ltr'><strong>simpliciter</strong></span> <span class='ocrx_word' id='word_1_704' title='bbox 1399 4558 1537 4610; x_wconf 88' lang='lat' dir='ltr'><strong>bona</strong></span> <span class='ocrx_word' id='word_1_705' title='bbox 1570 4573 1690 4611; x_wconf 87' lang='lat' dir='ltr'><strong>esse</strong></span> <span class='ocrx_word' id='word_1_706' title='bbox 1737 4557 2010 4619; x_wconf 90' lang='lat' dir='ltr'><strong>didiceris,</strong></span> <span class='ocrx_word' id='word_1_707' title='bbox 2057 4558 2157 4610; x_wconf 86' lang='lat' dir='ltr'><strong>alia</strong></span> <span class='ocrx_word' id='word_1_708' title='bbox 2207 4574 2311 4611; x_wconf 91' lang='lat' dir='ltr'><strong>non</strong></span> 
     </span>
    </p>
   </div>
   <div class='ocr_carea' id='block_1_93' title="bbox 2417 4556 3925 4632">
    <p class='ocr_par' dir='ltr' id='par_1_93' title="bbox 2418 4557 3925 4632">
     <span class='ocr_line' id='line_1_93' title="bbox 2418 4557 3925 4632; baseline -0.007 -17"><span class='ocrx_word' id='word_1_709' title='bbox 2418 4564 2549 4616; x_wconf 75' lang='grc' dir='ltr'>ἄλλα</span> <span class='ocrx_word' id='word_1_710' title='bbox 2570 4563 2623 4614; x_wconf 81' lang='grc' dir='ltr'>δὲ</span> <span class='ocrx_word' id='word_1_711' title='bbox 2651 4562 2936 4632; x_wconf 77' lang='grc' dir='ltr'>ἐνέργειαι,</span> <span class='ocrx_word' id='word_1_712' title='bbox 2966 4560 3033 4612; x_wconf 83' lang='grc' dir='ltr'><strong>τά</strong></span> <span class='ocrx_word' id='word_1_713' title='bbox 3064 4559 3117 4611; x_wconf 84' lang='grc' dir='ltr'>δὲ</span> <span class='ocrx_word' id='word_1_714' title='bbox 3147 4559 3291 4626; x_wconf 85' lang='grc' dir='ltr'>τέλη,</span> <span class='ocrx_word' id='word_1_715' title='bbox 3321 4558 3388 4610; x_wconf 82' lang='grc' dir='ltr'><strong>τά</strong></span> <span class='ocrx_word' id='word_1_716' title='bbox 3412 4559 3465 4611; x_wconf 83' lang='grc' dir='ltr'>δὲ</span> <span class='ocrx_word' id='word_1_717' title='bbox 3500 4559 3636 4620; x_wconf 73' lang='grc' dir='ltr'>ὗλαι,</span> <span class='ocrx_word' id='word_1_718' title='bbox 3669 4558 3737 4608; x_wconf 73' lang='grc' dir='ltr'><strong>τα</strong></span> <span class='ocrx_word' id='word_1_719' title='bbox 3760 4557 3813 4608; x_wconf 85' lang='grc' dir='ltr'>δὲ</span> <span class='ocrx_word' id='word_1_720' title='bbox 3859 4557 3925 4622; x_wconf 78' lang='grc' dir='ltr'>δρ-</span> 
     </span>
    </p>
   </div>
   <div class='ocr_carea' id='block_1_94' title="bbox 773 4647 2310 4716">
    <p class='ocr_par' dir='ltr' id='par_1_94' title="bbox 773 4647 2310 4716">
     <span class='ocr_line' id='line_1_94' title="bbox 773 4647 2310 4716; baseline 0.002 -19"><span class='ocrx_word' id='word_1_721' title='bbox 773 4647 1060 4700; x_wconf 85' lang='lat' dir='ltr'><strong>omnibus?</strong></span> <span class='ocrx_word' id='word_1_722' title='bbox 1106 4657 1197 4701; x_wconf 89' lang='lat' dir='ltr'><strong>aut</strong></span> <span class='ocrx_word' id='word_1_723' title='bbox 1249 4648 1352 4701; x_wconf 87' lang='lat' dir='ltr'><strong>alia</strong></span> <span class='ocrx_word' id='word_1_724' title='bbox 1389 4648 1603 4716; x_wconf 88' lang='lat' dir='ltr'><strong>quidem</strong></span> <span class='ocrx_word' id='word_1_725' title='bbox 1656 4649 1818 4701; x_wconf 90' lang='lat' dir='ltr'><strong>animi</strong></span> <span class='ocrx_word' id='word_1_726' title='bbox 1850 4649 1990 4701; x_wconf 85' lang='lat' dir='ltr'><strong>bona</strong></span> <span class='ocrx_word' id='word_1_727' title='bbox 2040 4665 2178 4715; x_wconf 86' lang='lat' dir='ltr'><strong>esse,</strong></span> <span class='ocrx_word' id='word_1_728' title='bbox 2207 4650 2310 4702; x_wconf 88' lang='lat' dir='ltr'><strong>alia</strong></span> 
     </span>
    </p>
   </div>
   <div class='ocr_carea' id='block_1_95' title="bbox 772 4740 2310 4806">
    <p class='ocr_par' dir='ltr' id='par_1_95' title="bbox 772 4740 2310 4806">
     <span class='ocr_line' id='line_1_95' title="bbox 772 4740 2310 4806; baseline 0.002 -16"><span class='ocrx_word' id='word_1_729' title='bbox 772 4740 1035 4806; x_wconf 90' lang='lat' dir='ltr'><strong>corporis,</strong></span> <span class='ocrx_word' id='word_1_730' title='bbox 1066 4742 1167 4792; x_wconf 80' lang='lat' dir='ltr'><strong>alia</strong></span> <span class='ocrx_word' id='word_1_731' title='bbox 1203 4741 1541 4794; x_wconf 84' lang='lat' dir='ltr'><strong>extrinsecus</strong></span> <span class='ocrx_word' id='word_1_732' title='bbox 1582 4740 1832 4792; x_wconf 88' lang='lat' dir='ltr'><strong>evenire?</strong></span> <span class='ocrx_word' id='word_1_733' title='bbox 1874 4751 1966 4793; x_wconf 91' lang='lat' dir='ltr'><strong>aut</strong></span> <span class='ocrx_word' id='word_1_734' title='bbox 2017 4740 2177 4793; x_wconf 88' lang='lat' dir='ltr'><strong>etiam</strong></span> <span class='ocrx_word' id='word_1_735' title='bbox 2210 4741 2310 4793; x_wconf 91' lang='lat' dir='ltr'><strong>alia</strong></span> 
     </span>
    </p>
   </div>
   <div class='ocr_carea' id='block_1_96' title="bbox 775 4826 2311 4899">
    <p class='ocr_par' dir='ltr' id='par_1_96' title="bbox 775 4826 2311 4899">
     <span class='ocr_line' id='line_1_96' title="bbox 775 4826 2311 4899; baseline 0.001 -20"><span class='ocrx_word' id='word_1_736' title='bbox 775 4827 1062 4899; x_wconf 70' lang='lat' dir='ltr'><strong>potentias,</strong></span> <span class='ocrx_word' id='word_1_737' title='bbox 1090 4829 1191 4882; x_wconf 89' lang='lat' dir='ltr'><strong>alia</strong></span> <span class='ocrx_word' id='word_1_738' title='bbox 1245 4828 1626 4898; x_wconf 90' lang='lat' dir='ltr'><strong>dispositiones</strong></span> <span class='ocrx_word' id='word_1_739' title='bbox 1670 4835 1724 4879; x_wconf 86' lang='lat' dir='ltr'><strong>et</strong></span> <span class='ocrx_word' id='word_1_740' title='bbox 1753 4826 1985 4885; x_wconf 84' lang='lat' dir='ltr'><strong>habitus.</strong></span> <span class='ocrx_word' id='word_1_741' title='bbox 2021 4829 2122 4881; x_wconf 89' lang='lat' dir='ltr'><strong>alia</strong></span> <span class='ocrx_word' id='word_1_742' title='bbox 2159 4828 2311 4883; x_wconf 89' lang='lat' dir='ltr'><strong>deni-</strong></span> 
     </span>
    </p>
   </div>
   <div class='ocr_carea' id='block_1_97' title="bbox 773 4913 2323 4983">
    <p class='ocr_par' dir='ltr' id='par_1_97' title="bbox 773 4913 2323 4983">
     <span class='ocr_line' id='line_1_97' title="bbox 773 4913 2323 4983; baseline 0.005 -19"><span class='ocrx_word' id='word_1_743' title='bbox 773 4928 879 4983; x_wconf 89' lang='lat' dir='ltr'><strong>que</strong></span> <span class='ocrx_word' id='word_1_744' title='bbox 905 4921 1057 4966; x_wconf 88' lang='lat' dir='ltr'><strong>actus</strong></span> <span class='ocrx_word' id='word_1_745' title='bbox 1099 4915 1253 4968; x_wconf 86' lang='lat' dir='ltr'><strong>esse?</strong></span> <span class='ocrx_word' id='word_1_746' title='bbox 1280 4915 1560 4970; x_wconf 89' lang='lat' dir='ltr'><strong>Postremo</strong></span> <span class='ocrx_word' id='word_1_747' title='bbox 1585 4914 1690 4967; x_wconf 89' lang='lat' dir='ltr'><strong>alia</strong></span> <span class='ocrx_word' id='word_1_748' title='bbox 1721 4913 1872 4978; x_wconf 83' lang='lat' dir='ltr'><strong>fines,</strong></span> <span class='ocrx_word' id='word_1_749' title='bbox 1902 4917 2004 4969; x_wconf 88' lang='lat' dir='ltr'><strong>alia</strong></span> <span class='ocrx_word' id='word_1_750' title='bbox 2038 4919 2323 4982; x_wconf 86' lang='lat' dir='ltr'><strong>materias,.</strong></span> 
     </span>
    </p>
   </div>
   <div class='ocr_carea' id='block_1_98' title="bbox 771 5003 2310 5073">
    <p class='ocr_par' dir='ltr' id='par_1_98' title="bbox 771 5003 2310 5073">
     <span class='ocr_line' id='line_1_98' title="bbox 771 5003 2310 5073; baseline 0.001 -14"><span class='ocrx_word' id='word_1_751' title='bbox 771 5004 875 5059; x_wconf 83' lang='lat' dir='ltr'><strong>alia</strong></span> <span class='ocrx_word' id='word_1_752' title='bbox 907 5003 1297 5058; x_wconf 85' lang='lat' dir='ltr'><strong>instrumenta?</strong></span> <span class='ocrx_word' id='word_1_753' title='bbox 1326 5005 1489 5070; x_wconf 91' lang='lat' dir='ltr'><strong>Quin,</strong></span> <span class='ocrx_word' id='word_1_754' title='bbox 1513 5013 1573 5058; x_wconf 91' lang='lat' dir='ltr'><strong>ut</strong></span> <span class='ocrx_word' id='word_1_755' title='bbox 1624 5004 1834 5058; x_wconf 88' lang='lat' dir='ltr'><strong>noverit</strong></span> <span class='ocrx_word' id='word_1_756' title='bbox 1877 5005 1999 5073; x_wconf 87' lang='lat' dir='ltr'><strong>quis</strong></span> <span class='ocrx_word' id='word_1_757' title='bbox 2032 5006 2212 5060; x_wconf 87' lang='lat' dir='ltr'><strong>decem</strong></span> <span class='ocrx_word' id='word_1_758' title='bbox 2258 5009 2310 5061; x_wconf 91' lang='lat' dir='ltr'><strong>in</strong></span> 
     </span>
    </p>
   </div>
   <div class='ocr_carea' id='block_1_99' title="bbox 771 5094 2309 5163">
    <p class='ocr_par' dir='ltr' id='par_1_99' title="bbox 771 5094 2309 5163">
     <span class='ocr_line' id='line_1_99' title="bbox 771 5094 2309 5163; baseline 0.001 -15"><span class='ocrx_word' id='word_1_759' title='bbox 771 5096 1070 5163; x_wconf 88' lang='lat' dir='ltr'><strong>categorias</strong></span> <span class='ocrx_word' id='word_1_760' title='bbox 1105 5094 1328 5148; x_wconf 90' lang='lat' dir='ltr'><strong>denario</strong></span> <span class='ocrx_word' id='word_1_761' title='bbox 1356 5098 1665 5151; x_wconf 86' lang='lat' dir='ltr'><strong>discrimine</strong></span> <span class='ocrx_word' id='word_1_762' title='bbox 1713 5095 1912 5148; x_wconf 91' lang='lat' dir='ltr'><strong>bonum</strong></span> <span class='ocrx_word' id='word_1_763' title='bbox 1951 5095 2309 5150; x_wconf 87' lang='lat' dir='ltr'><strong>distribuere:</strong></span> 
     </span>
    </p>
   </div>
   <div class='ocr_carea' id='block_1_100' title="bbox 773 5188 2313 5254">
    <p class='ocr_par' dir='ltr' id='par_1_100' title="bbox 773 5188 2313 5254">
     <span class='ocr_line' id='line_1_100' title="bbox 773 5188 2313 5254; baseline -0.001 -14"><span class='ocrx_word' id='word_1_764' title='bbox 773 5189 897 5254; x_wconf 90' lang='lat' dir='ltr'><strong>quid</strong></span> <span class='ocrx_word' id='word_1_765' title='bbox 929 5188 1142 5241; x_wconf 91' lang='lat' dir='ltr'><strong>tandem</strong></span> <span class='ocrx_word' id='word_1_766' title='bbox 1193 5189 1370 5241; x_wconf 92' lang='lat' dir='ltr'><strong>omnia</strong></span> <span class='ocrx_word' id='word_1_767' title='bbox 1426 5189 1538 5244; x_wconf 65' lang='lat' dir='ltr'><strong>haec</strong></span> <span class='ocrx_word' id='word_1_768' title='bbox 1577 5188 1809 5243; x_wconf 86' lang='lat' dir='ltr'><strong>Platonis</strong></span> <span class='ocrx_word' id='word_1_769' title='bbox 1840 5188 1904 5240; x_wconf 90' lang='lat' dir='ltr'><strong>ad</strong></span> <span class='ocrx_word' id='word_1_770' title='bbox 1955 5194 2186 5240; x_wconf 88' lang='lat' dir='ltr'><strong>mentem</strong></span> <span class='ocrx_word' id='word_1_771' title='bbox 2219 5188 2313 5240; x_wconf 89' lang='lat' dir='ltr'><strong>do-</strong></span> 
     </span>
    </p>
   </div>
   <div class='ocr_carea' id='block_1_101' title="bbox 770 5278 2314 5347">
    <p class='ocr_par' dir='ltr' id='par_1_101' title="bbox 770 5278 2314 5347">
     <span class='ocr_line' id='line_1_101' title="bbox 770 5278 2314 5347; baseline 0.001 -18"><span class='ocrx_word' id='word_1_772' title='bbox 770 5287 948 5345; x_wconf 85' lang='lat' dir='ltr'><strong>gmata</strong></span> <span class='ocrx_word' id='word_1_773' title='bbox 999 5279 1380 5347; x_wconf 88' lang='lat' dir='ltr'><strong>pertinebunt?</strong></span> <span class='ocrx_word' id='word_1_774' title='bbox 1423 5279 1669 5335; x_wconf 89' lang='lat' dir='ltr'><strong>Profecto</strong></span> <span class='ocrx_word' id='word_1_775' title='bbox 1692 5321 1706 5343; x_wconf 94' lang='lat'><strong>,</strong></span> <span class='ocrx_word' id='word_1_776' title='bbox 1741 5281 1989 5333; x_wconf 84' lang='lat' dir='ltr'><strong>virtutem</strong></span> <span class='ocrx_word' id='word_1_777' title='bbox 2022 5286 2114 5331; x_wconf 89' lang='lat' dir='ltr'><strong>aut</strong></span> <span class='ocrx_word' id='word_1_778' title='bbox 2143 5278 2314 5347; x_wconf 68' lang='lat' dir='ltr'><strong>aequi-</strong></span> 
     </span>
    </p>
   </div>
   <div class='ocr_carea' id='block_1_102' title="bbox 753 5370 2314 5442">
    <p class='ocr_par' dir='ltr' id='par_1_102' title="bbox 753 5370 2314 5442">
     <span class='ocr_line' id='line_1_102' title="bbox 753 5370 2314 5442; baseline 0.003 -23"><span class='ocrx_word' id='word_1_779' title='bbox 753 5383 916 5442; x_wconf 31' lang='lat' dir='ltr'><strong>:voce,</strong></span> <span class='ocrx_word' id='word_1_780' title='bbox 949 5379 1039 5422; x_wconf 89' lang='lat' dir='ltr'><strong>aut</strong></span> <span class='ocrx_word' id='word_1_781' title='bbox 1059 5370 1549 5439; x_wconf 87' lang='lat' dir='ltr'><strong>quomodocunque</strong></span> <span class='ocrx_word' id='word_1_782' title='bbox 1592 5371 1826 5437; x_wconf 88' lang='lat' dir='ltr'><strong>libuerit,</strong></span> <span class='ocrx_word' id='word_1_783' title='bbox 1856 5371 2055 5424; x_wconf 91' lang='lat' dir='ltr'><strong>bonum</strong></span> <span class='ocrx_word' id='word_1_784' title='bbox 2085 5370 2314 5440; x_wconf 90' lang='lat' dir='ltr'><strong>appelles</strong></span> 
     </span>
    </p>
   </div>
   <div class='ocr_carea' id='block_1_103' title="bbox 773 5457 2310 5533">
    <p class='ocr_par' dir='ltr' id='par_1_103' title="bbox 773 5457 2310 5533">
     <span class='ocr_line' id='line_1_103' title="bbox 773 5457 2310 5533; baseline 0.001 -19"><span class='ocrx_word' id='word_1_785' title='bbox 773 5457 924 5524; x_wconf 81' lang='lat' dir='ltr'><strong>licet;</strong></span> <span class='ocrx_word' id='word_1_786' title='bbox 967 5463 1204 5530; x_wconf 85' lang='lat' dir='ltr'><strong>quandiu</strong></span> <span class='ocrx_word' id='word_1_787' title='bbox 1239 5464 1371 5517; x_wconf 90' lang='lat' dir='ltr'><strong>satis</strong></span> <span class='ocrx_word' id='word_1_788' title='bbox 1419 5461 1468 5515; x_wconf 88' lang='lat' dir='ltr'><strong>ei</strong></span> <span class='ocrx_word' id='word_1_789' title='bbox 1525 5476 1619 5530; x_wconf 88' lang='lat' dir='ltr'><strong>per</strong></span> <span class='ocrx_word' id='word_1_790' title='bbox 1663 5479 1777 5519; x_wconf 86' lang='lat' dir='ltr'><strong>sese</strong></span> <span class='ocrx_word' id='word_1_791' title='bbox 1834 5465 2023 5519; x_wconf 89' lang='lat' dir='ltr'><strong>virium</strong></span> <span class='ocrx_word' id='word_1_792' title='bbox 2071 5462 2310 5533; x_wconf 88' lang='lat' dir='ltr'><strong>negabis,</strong></span> 
     </span>
    </p>
   </div>
   <div class='ocr_carea' id='block_1_104' title="bbox 845 5737 1493 5813">
    <p class='ocr_par' dir='ltr' id='par_1_104' title="bbox 845 5737 1493 5813">
     <span class='ocr_line' id='line_1_104' title="bbox 845 5737 1493 5813; baseline 0.008 -21"><span class='ocrx_word' id='word_1_793' title='bbox 845 5740 952 5813; x_wconf 55' lang='lat'><strong>(62)</strong></span> <span class='ocrx_word' id='word_1_794' title='bbox 978 5741 1129 5813; x_wconf 57' lang='lat' dir='ltr'><strong>[orte</strong></span> <span class='ocrx_word' id='word_1_795' title='bbox 1158 5744 1214 5813; x_wconf 62' lang='grc' dir='ltr'>ξν</span> <span class='ocrx_word' id='word_1_796' title='bbox 1315 5745 1493 5813; x_wconf 84' lang='grc' dir='ltr'>μηδέν.</span> 
     </span>
    </p>
   </div>
   <div class='ocr_carea' id='block_1_105' title="bbox 845 5808 1242 5881">
    <p class='ocr_par' dir='ltr' id='par_1_105' title="bbox 845 5808 1242 5881">
     <span class='ocr_line' id='line_1_105' title="bbox 845 5808 1242 5881; baseline -0.013 -12"><span class='ocrx_word' id='word_1_797' title='bbox 845 5808 954 5881; x_wconf 68' lang='grc'><strong>(63)</strong></span> <span class='ocrx_word' id='word_1_798' title='bbox 979 5808 1133 5869; x_wconf 75' lang='lat' dir='ltr'><strong>Forte</strong></span> <span class='ocrx_word' id='word_1_799' title='bbox 1159 5811 1242 5874; x_wconf 65' lang='grc' dir='ltr'><strong>δή.</strong></span> 
     </span>
    </p>
   </div>
   <div class='ocr_carea' id='block_1_106' title="bbox 2413 4646 3924 4723">
    <p class='ocr_par' dir='ltr' id='par_1_106' title="bbox 2413 4646 3924 4723">
     <span class='ocr_line' id='line_1_106' title="bbox 2413 4646 3924 4723; baseline -0.005 -17"><span class='ocrx_word' id='word_1_800' title='bbox 2413 4671 2576 4723; x_wconf 86' lang='grc' dir='ltr'>γανα;</span> <span class='ocrx_word' id='word_1_801' title='bbox 2609 4652 2708 4705; x_wconf 81' lang='grc' dir='ltr'>κᾶν</span> <span class='ocrx_word' id='word_1_802' title='bbox 2735 4653 2870 4704; x_wconf 80' lang='grc' dir='ltr'>κατὰ</span> <span class='ocrx_word' id='word_1_803' title='bbox 2897 4650 2993 4713; x_wconf 86' lang='grc' dir='ltr'><strong>τάς</strong></span> <span class='ocrx_word' id='word_1_804' title='bbox 3018 4650 3146 4703; x_wconf 87' lang='grc' dir='ltr'>δέκα</span> <span class='ocrx_word' id='word_1_805' title='bbox 3193 4650 3516 4720; x_wconf 82' lang='grc' dir='ltr'>κατηγορίας</span> <span class='ocrx_word' id='word_1_806' title='bbox 3563 4649 3707 4718; x_wconf 81' lang='grc' dir='ltr'>μάθῃ</span> <span class='ocrx_word' id='word_1_807' title='bbox 3754 4666 3831 4709; x_wconf 86' lang='grc' dir='ltr'><strong>τις</strong></span> <span class='ocrx_word' id='word_1_808' title='bbox 3861 4646 3924 4696; x_wconf 83' lang='grc' dir='ltr'>δε-</span> 
     </span>
    </p>
   </div>
   <div class='ocr_carea' id='block_1_107' title="bbox 2413 4735 3925 4813">
    <p class='ocr_par' dir='ltr' id='par_1_107' title="bbox 2413 4735 3925 4813">
     <span class='ocr_line' id='line_1_107' title="bbox 2413 4735 3925 4813; baseline -0.008 -17"><span class='ocrx_word' id='word_1_809' title='bbox 2413 4744 2550 4813; x_wconf 71' lang='grc' dir='ltr'>καχῆ</span> <span class='ocrx_word' id='word_1_810' title='bbox 2576 4743 2841 4810; x_wconf 79' lang='grc' dir='ltr'>διανέμειν</span> <span class='ocrx_word' id='word_1_811' title='bbox 2875 4739 3119 4807; x_wconf 77' lang='grc' dir='ltr'>τάγαθὸν,</span> <span class='ocrx_word' id='word_1_812' title='bbox 3153 4739 3203 4791; x_wconf 92' lang='grc' dir='ltr'><strong>τί</strong></span> <span class='ocrx_word' id='word_1_813' title='bbox 3231 4738 3398 4792; x_wconf 77' lang='grc' dir='ltr'>ταῦτα</span> <span class='ocrx_word' id='word_1_814' title='bbox 3427 4738 3561 4807; x_wconf 83' lang='grc' dir='ltr'>πρὸς</span> <span class='ocrx_word' id='word_1_815' title='bbox 3599 4736 3694 4805; x_wconf 78' lang='grc' dir='ltr'>τὴν</span> <span class='ocrx_word' id='word_1_816' title='bbox 3738 4735 3925 4787; x_wconf 79' lang='grc' dir='ltr'>Πλατω-</span> 
     </span>
    </p>
   </div>
   <div class='ocr_carea' id='block_1_108' title="bbox 2411 4821 3925 4904">
    <p class='ocr_par' dir='ltr' id='par_1_108' title="bbox 2411 4821 3925 4904">
     <span class='ocr_line' id='line_1_108' title="bbox 2411 4821 3925 4904; baseline -0.007 -16"><span class='ocrx_word' id='word_1_817' title='bbox 2411 4854 2496 4899; x_wconf 84' lang='grc' dir='ltr'><strong>νος</strong></span> <span class='ocrx_word' id='word_1_818' title='bbox 2517 4833 2737 4904; x_wconf 80' lang='grc' dir='ltr'>γνώμην</span> <span class='ocrx_word' id='word_1_819' title='bbox 2759 4834 2824 4886; x_wconf 86' lang='grc' dir='ltr'><strong>τά</strong></span> <span class='ocrx_word' id='word_1_820' title='bbox 2848 4834 3173 4903; x_wconf 77' lang='grc' dir='ltr'>διδάγματαε</span> <span class='ocrx_word' id='word_1_821' title='bbox 3229 4832 3371 4893; x_wconf 86' lang='grc' dir='ltr'><strong>Ἕως</strong></span> <span class='ocrx_word' id='word_1_822' title='bbox 3414 4833 3518 4898; x_wconf 77' lang='grc' dir='ltr'>γὰρ</span> <span class='ocrx_word' id='word_1_823' title='bbox 3556 4828 3618 4881; x_wconf 81' lang='grc' dir='ltr'>ἂν</span> <span class='ocrx_word' id='word_1_824' title='bbox 3651 4821 3710 4879; x_wconf 79' lang='grc' dir='ltr'><strong>οὗ</strong></span> <span class='ocrx_word' id='word_1_825' title='bbox 3747 4829 3809 4879; x_wconf 81' lang='grc' dir='ltr'>σὺ</span> <span class='ocrx_word' id='word_1_826' title='bbox 3849 4826 3925 4892; x_wconf 74' lang='grc' dir='ltr'>μὲν</span> 
     </span>
    </p>
   </div>
   <div class='ocr_carea' id='block_1_109' title="bbox 2413 4914 3921 4995">
    <p class='ocr_par' dir='ltr' id='par_1_109' title="bbox 2413 4914 3921 4995">
     <span class='ocr_line' id='line_1_109' title="bbox 2413 4914 3921 4995; baseline -0.01 -18"><span class='ocrx_word' id='word_1_827' title='bbox 2413 4928 2516 4978; x_wconf 81' lang='grc' dir='ltr'>εἴτε</span> <span class='ocrx_word' id='word_1_828' title='bbox 2545 4925 2860 4995; x_wconf 83' lang='grc' dir='ltr'>ὁμωνύμως,</span> <span class='ocrx_word' id='word_1_829' title='bbox 2906 4924 3013 4977; x_wconf 79' lang='grc' dir='ltr'>εἴτε</span> <span class='ocrx_word' id='word_1_830' title='bbox 3053 4924 3195 4984; x_wconf 82' lang='grc' dir='ltr'>ὅπως</span> <span class='ocrx_word' id='word_1_831' title='bbox 3240 4920 3435 4990; x_wconf 79' lang='grc' dir='ltr'>βούλει,</span> <span class='ocrx_word' id='word_1_832' title='bbox 3465 4916 3642 4971; x_wconf 84' lang='grc' dir='ltr'>καλῶν</span> <span class='ocrx_word' id='word_1_833' title='bbox 3680 4916 3848 4984; x_wconf 81' lang='grc' dir='ltr'>ἀγαθά</span> <span class='ocrx_word' id='word_1_834' title='bbox 3873 4914 3921 4964; x_wconf 66' lang='grc' dir='ltr'>τὲ</span> 
     </span>
    </p>
   </div>
   <div class='ocr_carea' id='block_1_110' title="bbox 2410 5006 3921 5089">
    <p class='ocr_par' dir='ltr' id='par_1_110' title="bbox 2410 5006 3921 5089">
     <span class='ocr_line' id='line_1_110' title="bbox 2410 5006 3921 5089; baseline -0.009 -19"><span class='ocrx_word' id='word_1_835' title='bbox 2410 5019 2508 5086; x_wconf 78' lang='grc' dir='ltr'>τῆς</span> <span class='ocrx_word' id='word_1_836' title='bbox 2555 5018 2747 5089; x_wconf 83' lang='grc' dir='ltr'>ἀρετῆς</span> <span class='ocrx_word' id='word_1_837' title='bbox 2776 5057 2789 5080; x_wconf 90' lang='grc'><strong>,</strong></span> <span class='ocrx_word' id='word_1_838' title='bbox 2850 5016 2959 5069; x_wconf 73' lang='grc' dir='ltr'>ἀλλ’</span> <span class='ocrx_word' id='word_1_839' title='bbox 2990 5015 3121 5067; x_wconf 77' lang='grc' dir='ltr'>ἄττα</span> <span class='ocrx_word' id='word_1_840' title='bbox 3172 5009 3304 5080; x_wconf 78' lang='grc' dir='ltr'>πρὸς</span> <span class='ocrx_word' id='word_1_841' title='bbox 3338 5009 3434 5079; x_wconf 72' lang='grc' dir='ltr'>τὴν</span> <span class='ocrx_word' id='word_1_842' title='bbox 3487 5008 3822 5077; x_wconf 80' lang='grc' dir='ltr'>εὐδαιμονίαν</span> <span class='ocrx_word' id='word_1_843' title='bbox 3867 5006 3921 5064; x_wconf 76' lang='grc' dir='ltr'>ὡς</span> 
     </span>
    </p>
   </div>
   <div class='ocr_carea' id='block_1_111' title="bbox 2413 5099 3921 5178">
    <p class='ocr_par' dir='ltr' id='par_1_111' title="bbox 2413 5099 3921 5178">
     <span class='ocr_line' id='line_1_111' title="bbox 2413 5099 3921 5178; baseline -0.008 -18"><span class='ocrx_word' id='word_1_844' title='bbox 2413 5109 2674 5175; x_wconf 80' lang='grc' dir='ltr'>ἀναγκαῖα</span> <span class='ocrx_word' id='word_1_845' title='bbox 2698 5105 3140 5178; x_wconf 75' lang='grc' dir='ltr'>παραλαμϐάνῃς,</span> <span class='ocrx_word' id='word_1_846' title='bbox 3173 5101 3233 5152; x_wconf 87' lang='grc' dir='ltr'><strong>τδ</strong></span> <span class='ocrx_word' id='word_1_847' title='bbox 3258 5100 3436 5152; x_wconf 76' lang='grc' dir='ltr'>ἱκανὸν</span> <span class='ocrx_word' id='word_1_848' title='bbox 3455 5100 3551 5169; x_wconf 82' lang='grc' dir='ltr'>τῆς</span> <span class='ocrx_word' id='word_1_849' title='bbox 3573 5099 3771 5170; x_wconf 84' lang='grc' dir='ltr'>ἀρετῆς</span> <span class='ocrx_word' id='word_1_850' title='bbox 3796 5100 3921 5163; x_wconf 50' lang='lat' dir='ltr'><strong>dea:-</strong></span> 
     </span>
    </p>
   </div>
   <div class='ocr_carea' id='block_1_112' title="bbox 2417 5190 3920 5266">
    <p class='ocr_par' dir='ltr' id='par_1_112' title="bbox 2417 5190 3920 5266">
     <span class='ocr_line' id='line_1_112' title="bbox 2417 5190 3920 5266; baseline -0.007 -17"><span class='ocrx_word' id='word_1_851' title='bbox 2417 5197 2667 5266; x_wconf 82' lang='grc' dir='ltr'>ρούμενος</span> <span class='ocrx_word' id='word_1_852' title='bbox 2685 5213 2697 5226; x_wconf 90' lang='grc'><strong>·</strong></span> <span class='ocrx_word' id='word_1_853' title='bbox 2730 5197 2949 5249; x_wconf 82' lang='grc' dir='ltr'>Πλάτων</span> <span class='ocrx_word' id='word_1_854' title='bbox 2975 5195 3018 5247; x_wconf 86' lang='grc' dir='ltr'>δ’</span> <span class='ocrx_word' id='word_1_855' title='bbox 3061 5195 3122 5244; x_wconf 83' lang='grc' dir='ltr'><strong>ὲκ</strong></span> <span class='ocrx_word' id='word_1_856' title='bbox 3157 5190 3464 5260; x_wconf 83' lang='grc' dir='ltr'>περιουσίας</span> <span class='ocrx_word' id='word_1_857' title='bbox 3491 5192 3614 5260; x_wconf 74' lang='grc' dir='ltr'>περὶ</span> <span class='ocrx_word' id='word_1_858' title='bbox 3648 5191 3755 5242; x_wconf 85' lang='grc' dir='ltr'>τῶν</span> <span class='ocrx_word' id='word_1_859' title='bbox 3783 5190 3920 5244; x_wconf 76' lang='grc' dir='ltr'>ἄλλων</span> 
     </span>
    </p>
   </div>
   <div class='ocr_carea' id='block_1_113' title="bbox 2415 5279 3918 5356">
    <p class='ocr_par' dir='ltr' id='par_1_113' title="bbox 2415 5279 3918 5356">
     <span class='ocr_line' id='line_1_113' title="bbox 2415 5279 3918 5356; baseline 0 -19"><span class='ocrx_word' id='word_1_860' title='bbox 2415 5287 2544 5356; x_wconf 77' lang='grc' dir='ltr'>ζητῇ</span> <span class='ocrx_word' id='word_1_861' title='bbox 2573 5326 2586 5349; x_wconf 94' lang='grc'><strong>,</strong></span> <span class='ocrx_word' id='word_1_862' title='bbox 2624 5287 2684 5339; x_wconf 81' lang='grc' dir='ltr'>τὸ</span> <span class='ocrx_word' id='word_1_863' title='bbox 2721 5287 2942 5338; x_wconf 75' lang='grc' dir='ltr'>ἔκπλεον</span> <span class='ocrx_word' id='word_1_864' title='bbox 2980 5286 3057 5345; x_wconf 85' lang='grc' dir='ltr'><strong>είς</strong></span> <span class='ocrx_word' id='word_1_865' title='bbox 3103 5282 3437 5352; x_wconf 81' lang='grc' dir='ltr'>εὐδαιμονίαν</span> <span class='ocrx_word' id='word_1_866' title='bbox 3489 5282 3582 5336; x_wconf 77' lang='grc' dir='ltr'>ἀπ’</span> <span class='ocrx_word' id='word_1_867' title='bbox 3638 5282 3802 5352; x_wconf 74' lang='grc' dir='ltr'>αὐτῆς</span> <span class='ocrx_word' id='word_1_868' title='bbox 3844 5279 3918 5342; x_wconf 82' lang='grc' dir='ltr'><strong>τῆς</strong></span> 
     </span>
    </p>
   </div>
   <div class='ocr_carea' id='block_1_114' title="bbox 2414 5370 3914 5446">
    <p class='ocr_par' dir='ltr' id='par_1_114' title="bbox 2414 5370 3914 5446">
     <span class='ocr_line' id='line_1_114' title="bbox 2414 5370 3914 5446; baseline -0.004 -17"><span class='ocrx_word' id='word_1_869' title='bbox 2414 5379 2608 5446; x_wconf 76' lang='grc' dir='ltr'>ἀρετῆς</span> <span class='ocrx_word' id='word_1_870' title='bbox 2643 5377 2803 5446; x_wconf 77' lang='grc' dir='ltr'>ἔχωνο</span> <span class='ocrx_word' id='word_1_871' title='bbox 2836 5375 2984 5427; x_wconf 85' lang='grc' dir='ltr'>οὐδὲν</span> <span class='ocrx_word' id='word_1_872' title='bbox 3015 5373 3080 5426; x_wconf 83' lang='grc' dir='ltr'><strong>ἃν</strong></span> <span class='ocrx_word' id='word_1_873' title='bbox 3107 5374 3230 5443; x_wconf 84' lang='grc' dir='ltr'>ὑμῖν</span> <span class='ocrx_word' id='word_1_874' title='bbox 3268 5374 3349 5444; x_wconf 71' lang='grc' dir='ltr'>εἴη</span> <span class='ocrx_word' id='word_1_875' title='bbox 3385 5374 3522 5426; x_wconf 80' lang='grc' dir='ltr'>κατὰ</span> <span class='ocrx_word' id='word_1_876' title='bbox 3553 5373 3707 5425; x_wconf 74' lang='grc' dir='ltr'>τοῦτο</span> <span class='ocrx_word' id='word_1_877' title='bbox 3735 5370 3914 5426; x_wconf 66' lang='grc' dir='ltr'>κοινόν·</span> 
     </span>
    </p>
   </div>
   <div class='ocr_carea' id='block_1_115' title="bbox 2415 5463 3719 5534">
    <p class='ocr_par' dir='ltr' id='par_1_115' title="bbox 2415 5463 3719 5534">
     <span class='ocr_line' id='line_1_115' title="bbox 2415 5463 3719 5534; baseline -0.003 -14"><span class='ocrx_word' id='word_1_878' title='bbox 2415 5468 2547 5520; x_wconf 85' lang='grc' dir='ltr'><strong>ἀλλά</strong></span> <span class='ocrx_word' id='word_1_879' title='bbox 2577 5485 2653 5519; x_wconf 87' lang='grc' dir='ltr'><strong>σοι</strong></span> <span class='ocrx_word' id='word_1_880' title='bbox 2679 5467 2756 5519; x_wconf 85' lang='grc' dir='ltr'>δεῖ</span> <span class='ocrx_word' id='word_1_881' title='bbox 2777 5467 2948 5534; x_wconf 84' lang='grc' dir='ltr'>λόγων</span> <span class='ocrx_word' id='word_1_882' title='bbox 2970 5465 3140 5518; x_wconf 74' lang='grc' dir='ltr'>ἄλλων</span> <span class='ocrx_word' id='word_1_883' title='bbox 3167 5464 3271 5518; x_wconf 79' lang='grc' dir='ltr'>τῶν</span> <span class='ocrx_word' id='word_1_884' title='bbox 3293 5464 3383 5518; x_wconf 77' lang='grc' dir='ltr'>τοῦ</span> <span class='ocrx_word' id='word_1_885' title='bbox 3422 5463 3719 5526; x_wconf 79' lang='grc' dir='ltr'>Πλάτωνος.</span> 
     </span>
    </p>
   </div>
   <div class='ocr_carea' id='block_1_116' title="bbox 2487 5740 2948 5808">
    <p class='ocr_par' dir='ltr' id='par_1_116' title="bbox 2487 5740 2948 5808">
     <span class='ocr_line' id='line_1_116' title="bbox 2487 5740 2948 5808; baseline -0.002 -15"><span class='ocrx_word' id='word_1_886' title='bbox 2487 5740 2593 5808; x_wconf 74' lang='grc' dir='ltr'><strong>(δι)</strong></span> <span class='ocrx_word' id='word_1_887' title='bbox 2616 5740 2772 5794; x_wconf 80' lang='lat' dir='ltr'><strong>Forte</strong></span> <span class='ocrx_word' id='word_1_888' title='bbox 2796 5741 2948 5808; x_wconf 77' lang='grc' dir='ltr'>αὐτή.</span> 
     </span>
    </p>
   </div>
   <div class='ocr_carea' id='block_1_117' title="bbox 2487 5809 3136 5876">
    <p class='ocr_par' dir='ltr' id='par_1_117' title="bbox 2487 5809 3136 5876">
     <span class='ocr_line' id='line_1_117' title="bbox 2487 5809 3136 5876; baseline -0.008 -11"><span class='ocrx_word' id='word_1_889' title='bbox 2487 5811 2594 5876; x_wconf 83' lang='lat'><strong>(65)</strong></span> <span class='ocrx_word' id='word_1_890' title='bbox 2626 5809 2781 5866; x_wconf 73' lang='lat' dir='ltr'><strong>Forte</strong></span> <span class='ocrx_word' id='word_1_891' title='bbox 2813 5810 3136 5874; x_wconf 81' lang='grc' dir='ltr'>κηρύγματι.</span> 
     </span>
    </p>
   </div>
  </div>
