4014 6340
34 409 174 462 515

1206 407 1521 461 ιίιΑεΡΑῐι.
1564 406 1813 463 ΕνΑΝο.
1853 408 1977 459 LIB.
2024 409 2137 460 λν.

3118 412 3256 470 1314

34 527 116 580 νόν
153 525 291 598 (80)
324 546 467 593 τινες
502 528 842 599 μαντεύονται
860 545 874 559 ⁸
910 530 983 592 ὡς
1022 530 1127 599 ἄρα
1167 528 1241 599 μὴ
1277 529 1418 581 κατὰ
1467 528 1593 597 and»

1709 529 1820 598 peri
1870 529 2223 593 abstinerent,
2273 544 2368 583 eos
2397 529 2475 583 sic
2515 539 2772 599 tanquam
2824 533 2877 586 in
2912 535 3252 603 peregrinum

34 634 163 689 ιην,
205 618 367 672 ἀλλά
385 620 471 673 διὰ
493 622 554 674 τὸ
568 621 701 690 πρὸς
731 619 1025 692 ἀνθρώπων
1050 620 1167 683 δέος
1187 622 1299 682 τοῖς
1324 619 1464 681 θεοῖς
1487 636 1605 672 κατ-

34 712 266 776 ὶνειμεν
307 710 371 761 ὲν
398 708 656 779 τῷπαντὶ
694 710 896 782 χώραν,
928 709 1114 780 ὥσπερ
1132 711 1189 761 ὲν
1219 708 1430 777 θεάτρῳ
1456 707 1604 762 θέαν.

34 796 376 869 Εεκμήριον
399 800 456 852 δὲ
476 799 747 853 ποιοῦνται
786 800 883 869 τῆς
904 800 1125 869 γνώμης
1149 797 1245 850 τοῦ
1278 798 1486 864 ἀνδρὸς,
1525 798 1608 849 ὅτι

34 890 219 942 ιΰτῶν
258 892 455 961 ἀφεῖλε
482 894 578 964 τὴν
609 892 740 962 πρὸς
774 893 917 962 ἡμᾶς
941 892 1234 962 ἐνέργειαν,
1257 889 1315 953 ἐξ
1349 886 1416 960 ἧς
1444 889 1608 957 μόνης

34 982 84 1033 τὸ
125 978 293 1036 εἶναι
320 985 447 1047 τοὺς
472 984 623 1047 θεοὺς
653 984 841 1052 ἔμελλε
872 982 969 1053 τὴν
998 983 1209 1035 δικαίαν
1242 981 1421 1033 πίστιν
1446 979 1604 1044 ἕξειν.

34 1072 99 1125 Γδ
129 1072 260 1143 γὰρ
296 1074 434 1127 auch
460 1075 611 1127 τοῦτο
637 1076 727 1126 καὶ
764 1074 1125 1145 Ἀριστοτέλης
1152 1075 1308 1135 ποιεῖ.
1350 1072 1610 1142 ’Δποστή-

34 1180 127 1227 mc
168 1165 301 1235 γὰρ
330 1165 461 1237 (81),
491 1166 583 1218 καὶ
624 1166 888 1236 παραδοὺς
928 1164 1058 1241 ὕψει
1085 1163 1218 1233 μόνῃ
1258 1154 1356 1231 τῆν
1409 1163 1605 1223 πίστιν,

34 1254 350 1325 πράγματι
374 1255 573 1326 κρίνειν
606 1254 818 1307 ἀσθενεῖ
844 1255 911 1307 τὰ
940 1256 1005 1306 ὲκ
1040 1252 1290 1305 τοσοῦτον
1320 1250 1608 1320 διαστήμα-

34 1363 139 1411 ῑος,
167 1346 310 1416 τάχ’
339 1346 405 1399 ἂν
424 1348 558 1399 αἰδοῖ
585 1346 762 1415 δοκοίη
793 1346 968 1411 λέγειν
995 1342 1224 1395 ἐνταῦθα
1257 1337 1394 1394 εῖναι
1430 1340 1604 1403 Θεοὺς.

34 1438 100 1488 >ὺ
132 1437 261 1507 γὰρ
293 1438 577 1491 ἀπολιπὼν
600 1437 703 1503 ἔξω
730 1455 779 1490 τι
809 1437 900 1488 τοῦ
939 1436 1160 1505 κόσμου,
1203 1433 1317 1487 ἀλλ’
1341 1431 1459 1485 οὐδὲ
1496 1433 1606 1493 τοῖς

34 1525 122 1577 ιπὶ
144 1527 264 1596 τῆς
289 1527 655 1598 προσαγαγὼν
689 1528 812 1590 τοὺς
837 1526 1008 1589 θεοὺς,
1032 1524 1285 1594 ἀνάγκην
1308 1522 1461 1591 ἔσχεν
1490 1521 1606 1591 ἦτοι

34 1618 405 1672 παντάπασιν
437 1620 589 1682 ἄθεος
628 1615 765 1671 εἶναι
800 1616 1092 1687 ὁμολογεῖν,
1115 1615 1150 1685 ἢ
1174 1614 1266 1666 τοῦ
1294 1613 1465 1665 δοκεῖν
1494 1611 1604 1681 (82)

34 1708 523 1773 ὶπολιπεῖνηθεοὺς
549 1710 701 1773 δόξαν
732 1707 1043 1773 ἀνασώζειν,
1078 1702 1308 1757 ἐνταῦθά
1346 1720 1445 1756 που
1483 1703 1607 1765 τοὺς

34 1798 198 1861 θεοὺς
229 1798 547 1863 ἀποικίσας.
579 1800 635 1852 '0
656 1800 711 1852 δὲ
727 1799 821 1870 τὴν
841 1798 945 1850 τῶν
978 1795 1292 1866 κρειττόνων
1327 1792 1604 1864 ἀκρίϐειαν

1708 620 1929 688 aliquod
1978 620 2153 673 solum
2192 620 2497 689 ablegatos,
2540 634 2688 675 extra
2746 626 3005 678 mundum
3056 628 3250 680 alicubi

1708 710 2015 773 collocarit;
2072 725 2285 764 omnem
2317 711 2385 763 ab
2424 712 2491 765 iis
2535 713 2945 766 inhumanitatis
2989 716 3254 782 suspicio-

1708 817 1855 865 nem,
1904 801 2006 854 hoe
2053 815 2241 855 eorum
2276 801 2521 866 dissidio,
2570 813 2733 871 atque
2765 804 2866 858 hac
2897 805 2965 871 ab
2998 806 3252 857 universo

1706 890 2065 959 disjunctione
2095 891 2384 959 depellcns.
2436 894 2504 944 At
2541 907 2671 947 vero
2715 902 2897 947 noster
2929 894 3015 945 hic
3046 902 3252 946 natum

1708 995 1954 1035 summus
1985 981 2265 1048 indagator
2286 1023 2300 1045 ,
2347 997 2634 1050 rerumque
2665 982 2971 1035 divinarum
3004 984 3253 1051 explora-

1708 1079 1791 1123 tor
1824 1079 1929 1123 tam
1962 1078 2246 1123 accuratus
2275 1085 2338 1124 ac
2368 1070 2617 1140 diligens,
2668 1072 2757 1123 ubi
2790 1086 2875 1125 res
2908 1072 3164 1125 humanas
3195 1074 3249 1126 in

1708 1162 1824 1229 ipso
1864 1161 2086 1214 deorum
2134 1169 2424 1230 conspectu
2461 1146 2678 1231 posuit,
2733 1163 2945 1216 easdem
2997 1164 3063 1215 ab
3101 1166 3250 1217 onmi

1705 1266 1891 1304 eorum
1941 1266 2070 1304 cura
2119 1253 2512 1319 et-provisione
2562 1252 2845 1306 destitutas
2904 1254 3141 1321 reliquit,
3186 1241 3251 1307 ac

1706 1348 1896 1408 suapte
1948 1340 2181 1409 quadam
2241 1350 2435 1396 natura
2488 1343 2687 1411 potius,
2738 1358 2898 1411 quam
2931 1344 3110 1396 divina
3143 1345 3248 1397 ulla

1706 1427 1911 1480 ratione
1939 1427 2273 1497 consilioque
2306 1429 2655 1498 gubernatas.
2698 1430 2875 1495 Quare
2903 1447 2968 1484 ne
3004 1432 3249 1487 criminis

1704 1518 1923 1586 quidem
1958 1518 2102 1573 illius
2148 1520 2510 1589 suspicionem
2561 1521 2799 1592 eﬂ'ugiat,
2847 1523 2990 1590 quod
3023 1523 3091 1575 de
3121 1521 3241 1591 Epi-

1705 1625 1837 1665 curo
1862 1611 2107 1663 nonnulli
2146 1611 2481 1679 cogitarunt;
2508 1627 2631 1665 eum
2660 1628 2765 1665 non
2796 1613 2939 1681 quod
2983 1612 3053 1664 ita
3081 1615 3246 1666 senti-

1706 1708 1815 1766 ret,
1844 1701 1935 1755 sed
1963 1699 2107 1770 quod
2142 1700 2420 1755 hominum
2464 1702 2529 1755 de
2579 1717 2636 1755 se
2658 1701 2861 1769 judicia
2894 1687 3245 1767 formidaret,

1706 1790 1809 1845 hoc
1841 1790 1894 1844 in
1930 1789 2180 1843 universo
2207 1790 2336 1852 diis,
2386 1791 2465 1844 sic
2513 1798 2767 1859 tanquam
2810 1792 2863 1843 in
2899 1792 3129 1857 theatro,
3163 1793 3239 1845 lo-

34 1891 533 1979 παραιτγγσάμενος
559 1894 625 1961 τῇ
649 1862 854 1961 ἀμιξίᾳ,
886 1862 1056 1941 ἔοικεν
1095 1862 1442 1956 εὐσχημόνοις
1477 1883 1593 1937 ἀπι-

1702 1893 1827 1933 cum
1852 1878 2125 1947 spectandi
2152 1877 2383 1946 aliquem
2417 1877 2690 1931 tribuisse.
2721 1878 2890 1944 Quem
2920 1882 2985 1934 ad
3014 1882 3244 1935 hominis

34 1984 189 2032 στείν
216 1976 345 2045 τοῖς
372 1981 530 2045 θεοῖς.
574 2001 592 2033 ι
623 1982 852 2034 Ταῦταό
897 1978 1134 2041 ’Δττικδς
1181 1976 1317 2039 πρὸς
1364 1976 1601 2044 Ἀριστο-

34 2067 225 2139 τέλην,
259 2071 665 2143 χρεοκοποῦντα
691 2072 780 2124 τὸν
812 2071 937 2141 περὶ
956 2068 1225 2139 Προνοίας
1249 2065 1424 2133 λόγον.
1468 2066 1525 2117 '0
1554 2065 1600 2116 δ’

34 2157 201 2221 αὐτὸς
221 2159 312 2212 ἐτι
346 2163 440 2213 καὶ
464 2161 632 2215 ταῦτα
647 2164 753 2225 τοῖς
780 2159 1081 2231 εἰρημένοις
1098 2157 1435 2229 προστίθησι,
1467 2154 1602 2225 πρὸς

34 2250 124 2301 τὸν
168 2252 350 2303 αὑτὸν
396 2252 799 2323 ἀποτεινόμενος
818 2292 832 2316 ,
881 2251 955 2323 μὴ
984 2249 1299 2319 βουλόμενον
1349 2245 1600 2318 γεννητὸν

34 2335 180 2393 εἶναι
211 2342 315 2395 τὸν
341 2343 557 2412 κόσμον.

1696 1982 1914 2022 sensum
1944 1967 2045 2021 hac
2084 1969 2393 2035 conjectura
2424 1968 2718 2032 ducuntur,
2753 1971 2897 2038 quod
2937 1986 3150 2024 omnem
3178 1974 3242 2025 iis

1694 2072 1821 2126 erga
1846 2071 1944 2110 nos
1974 2056 2340 2125 operationem
2375 2057 2656 2119 ademerit,
2681 2074 2748 2111 ex
2771 2075 2875 2128 qua
2904 2070 3082 2114 tamen
3110 2079 3238 2123 una,

1696 2152 1823 2205 deos
1854 2165 1974 2203 esse
2021 2150 2196 2219 colligi
2242 2150 2433 2203 merito
2477 2151 3070 2220 credique'debuissct.
3125 2153 3239 2209 lloc

1701 2242 1847 2296 enim
1874 2241 2012 2295 idem
2049 2240 2176 2294 l'acit
2200 2240 2531 2296 Aristoteles.
2563 2241 2697 2296 Nam
2726 2245 2817 2312 qui
2847 2246 3007 2299 simul
3033 2256 3087 2299 et
3113 2248 3241 2300 deos

1700 2330 1888 2401 procul
1914 2330 2039 2384 hinc
2070 2331 2297 2399 ableget,
2320 2340 2373 2385 et
2412 2331 2505 2383 uni
2540 2340 2717 2383 tamen
2746 2333 3029 2386 oculorum
3054 2336 3237 2387 sensui

34 2431 204 2485 tidem
238 2433 533 2503 relinquat,
562 2433 653 2503 qui
684 2448 873 2488 sensus
898 2432 963 2486 de
990 2432 1151 2486 rebus
1176 2439 1285 2483 tam
1302 2424 1584 2497 disjunctis
1619 2435 1683 2475 ac
1722 2418 1929 2474 dissitis
1984 2418 2260 2486 judicandi
2288 2418 2396 2470 vim
2437 2417 2595 2471 habet
2622 2433 2751 2473 sane
2769 2436 2930 2488 quam
2954 2423 3236 2489 exiguam:

34 2524 105 2586 is,
142 2528 374 2593 Opinor,
408 2526 612 2601 pudore
640 2524 898 2579 adductus
947 2540 1072 2588 uno,
1107 2524 1236 2578 deos
1273 2521 1393 2574 istic
1426 2517 1689 2571 collocare
1743 2511 1908 2565 videri
1969 2509 2157 2577 possit.
2188 2508 2397 2579 Quippe
2430 2525 2552 2564 cum
2619 2526 2717 2565 nec
2779 2522 2929 2566 extra
2974 2513 3234 2566 mundum

34 2610 351 2687 quidquam
374 2634 493 2673 esse
518 2618 663 2680 velit,
688 2625 741 2672 et
768 2620 835 2671 ab
863 2618 1010 2672 omni
1038 2626 1301 2670 terrarum
1379 2605 1701 2664 commercio
1758 2603 1886 2657 deos
1934 2602 2280 2667 submoveat,
2337 2617 2556 2657 necesse
2621 2604 2837 2657 omnino
2867 2604 2985 2669 fuit,
3023 2615 3097 2657 uti
3146 2614 3237 2657 aut

37 2719 94 2758 se
141 2706 336 2768 palam
370 2706 584 2760 atheum
614 2705 903 2769 fateretur,
934 2716 1027 2758 aut
1099 2703 1401 2773 agnitorum
1440 2699 1535 2751 abs
1571 2711 1629 2751 se
1664 2695 1885 2748 deorum
1953 2693 2280 2763 opinionem,
2334 2707 2429 2746 eos
2476 2694 2613 2747 istuc
2657 2695 3012 2759 amaudando,
3041 2704 3235 2749 utcun-

37 2808 146 2861 que
202 2794 485 2848 retineret.
537 2795 607 2847 At
633 2810 760 2849 vero
807 2795 941 2848 alter
979 2795 1085 2859 ille,
1125 2793 1219 2863 qui
1278 2803 1503 2859 superos
1532 2785 1601 2839 ob
1638 2797 1795 2838 suum
1824 2781 1953 2835 illud
1988 2798 2017 2835 a
2063 2783 2221 2836 rebus
2252 2783 2450 2836 nostris
2485 2782 2787 2847 dissidium,
2853 2794 2958 2838 tam
3000 2787 3235 2855 diligenti

36 2904 173 2943 cura
222 2890 505 2954 liberavit;
553 2906 712 2959 quam
765 2892 893 2943 deos
940 2906 1058 2944 esse
1109 2890 1284 2944 nullus
1329 2894 1497 2957 putet,
1563 2880 1755 2934 decore
1810 2878 2000 2965 saltem
2078 2878 2405 2948 honesteque
2457 2879 2781 2933 dissimulat.
2842 2899 2859 2929 ι
2904 2880 3236 2958 solum

42 2982 259 3035 Atticus
303 2982 562 3036 adversus
606 2981 943 3036 Aristotelem
1017 2982 1210 3037 divina:
1266 2975 1622 3034 Providentia:
1692 2971 1798 3025 vim
1854 2969 2232 3025 suceidentem.
2295 2970 2501 3034 Quibus
2561 2971 2613 3023 in
2655 2970 2901 3025 eumdem
2955 2977 3231 3040 sequentia

36 3072 239 3128 deinde
259 3071 554 3142 subiungit,
593 3072 735 3141 quod
764 3074 1017 3126 mundum
1042 3082 1217 3127 ortum
1247 3087 1366 3127 esse
1408 3068 1586 3123 nollet.

566 3187 949 3240 ΚΕΦΑΛΑΙΟΝ
988 3190 1075 3253 ς’.

47 3296 159 3350 Τοῦ
190 3297 385 3350 αὐτοῦ
415 3297 561 3365 πρὸς
588 3296 694 3350 τὸν
715 3296 919 3358 αὐτὸν,
964 3295 1335 3365 διενεχθέντα
1353 3290 1591 3346 Μωῡσεῐ

113 3366 219 3419 καὶ
244 3364 537 3433 Πλάτωνι,
569 3367 663 3418 καί
686 3366 753 3418 ἐν
777 3364 857 3429 τῷ
883 3366 968 3433 μὴ
1005 3364 1335 3433 συγχωρεῖν
1377 3377 1584 3431 γεννη-

113 3434 227 3488 τὸν
257 3431 409 3487 εἶναι
448 3434 552 3487 τὸν
586 3437 832 3502 κόσμον.

114 3547 292 3600 Πάλιν
322 3547 594 3609 Μωῦσέως
624 3547 872 3615 γεννητὸν
895 3544 1030 3598 εῐναι
1052 3544 1142 3597 τὸν
1177 3544 1374 3613 κόσμον
1416 3542 1590 3611 ὁρισα-

48 3636 236 3706 μένου,
267 3637 492 3706 ποιητήν
511 3653 567 3689 τε
595 3638 686 3689 καὶ
709 3635 1027 3706 δημιουργὸν
1056 3638 1163 3697 toi;
1187 3634 1324 3695 ὅλοις
1354 3630 1442 3684 τὸν
1460 3631 1587 3682 Θεὸν

47 3728 454 3800 ἀπιστήσαντος,
482 3727 574 3780 τοῦ
614 3745 671 3781 τε
696 3724 973 3790 Πλάτωνος
1004 3725 1073 3779 τὰ
1106 3724 1194 3778 ἴσα
1231 3726 1449 3779 Μωῡσεῖ
1498 3741 1586 3790 φι-

47 3818 431 3888 λοσοφοῦντος·
477 3819 575 3889 τὴν
622 3819 862 3873 ἐναντίαν
903 3820 1001 3873 κάν
1041 3816 1243 3879 τούτοις
1274 3819 1303 3869 ὁ
1352 3816 1587 3885 Ἀριστο-

50 3909 207 3981 τέλης
259 3908 477 3972 ὁδεύσας
533 3910 881 3987 ἀπελέγχεται
941 3909 1071 3980 πρὸς
1123 3906 1217 3960 τοῦ
1265 3905 1586 3976 δηλωθέντος

54 3997 444 4067 συγγραφέως,
474 3991 575 4052 ὧδε
623 3998 755 4068 πρὸς
811 3998 956 4068 ῥῆμα
1001 3997 1315 4068 γράφοντος.
1371 4012 1388 4044 ι
1435 3994 1586 4063 Πρῶ-

60 4102 140 4137 τον
178 4088 245 4158 δὴ
291 4087 401 4156 (83)
424 4087 548 4158 περὶ
592 4086 851 4154 γενέσεως
900 4086 1100 4155 κόσμου
1130 4083 1343 4136 uxorqu
1368 4122 1382 4146 ,
1412 4083 1502 4135 καὶ
1526 4082 1585 4135 τὸ

61 4174 145 4242 τῆς
175 4176 437 4247 Προνοίας
471 4176 532 4252 τὸ
563 4175 703 4245 μέγα
739 4175 892 4227 τοῦτο
920 4161 1014 4225 καὶ)
1037 4173 1367 4239 πολυωφελὲς
1412 4172 1587 4241 δόγμα

57 4264 228 4318 πάντα
259 4266 437 4335 ζητεῖν
466 4262 751 4332 ἀναγκαῖον
789 4263 1082 4333 ἡγούμενος
1104 4278 1118 4292 ⁸
1164 4262 1257 4315 καὶ
1300 4261 1584 4330 λογισάμε-

59 4370 160 4418 νος,
205 4356 286 4407 ὅτι
309 4355 385 4424 τῷ
420 4354 492 4425 μὴ
533 4353 820 4423 γενομένῳ,
862 4352 979 4405 οὔτε
1029 4352 1169 4415 τινὸς
1199 4350 1437 4422 ποιητοῦ,
1459 4350 1580 4403 οὕτε

64 4445 193 4506 τινὸς
223 4446 509 4515 κηδεμόνος
546 4444 677 4514 πρὸς
697 4442 755 4495 τὸ
780 4442 1024 4510 γενέσθαι
1052 4442 1225 4505 καλῶς
1272 4442 1424 4512 χρεία
1442 4483 1457 4505 ,
1498 4442 1582 4494 ἵνα

62 4535 133 4605 μὴ
152 4537 490 4608 ἀποστερήσῃ
508 4536 597 4589 τὸν
626 4536 822 4606 κόσμον
849 4537 946 4606 τῆς
974 4534 1230 4606 Προνοίας
1253 4574 1267 4598 ,
1300 4535 1481 4602 ἀφεῖλε

59 4628 341 4700 ἀγέννητον
369 4629 549 4684 αὐτοῦ.
584 4630 993 4701 Παραιτούμεθα
1020 4629 1076 4681 δὲ
1105 4628 1199 4681 νῦν
1229 4627 1303 4698 μὴ
1336 4624 1583 4695 ἐμποδὼν

62 4719 185 4786 ἡμῖν
205 4723 327 4783 τοὺς
352 4720 457 4774 ἀπὸ
474 4722 569 4790 τῆς
596 4721 761 4790 αὐτῆς
800 4721 978 4781 ἑστίας
1022 4715 1175 4781 εἶναι,
1230 4712 1310 4779 οἷς
1364 4716 1582 4786 ἀρέσκει

62 4809 150 4859 καὶ
179 4810 315 4863 κατά
345 4809 602 4862 Πλάτωνα
632 4809 719 4861 τὸν
747 4809 944 4878 κόσμον
974 4807 1261 4876 ἀγέννητον
1305 4803 1461 4857 εἶναι.
1496 4807 1582 4857 Δί-

64 4913 198 4951 καιοι
223 4900 330 4970 γάρ
349 4902 481 4953 είσιν
510 4902 637 4971 ἡμῖν
664 4898 981 4968 συγγνώμην
1011 4897 1213 4966 νέμειν,
1246 4898 1293 4948 εί
1326 4897 1453 4967 περὶ
1477 4896 1582 4949 τῶν

130 5073 235 5146 (80)
273 5080 393 5146 Κατ
443 5077 809 5146 Ἐπίκουρον.
841 5074 1085 5129 Libenter
1118 5088 1438 5146 reponere_m
1463 5076 1581 5128 κατ’

75 5139 399 5219 Ἔτικούροο.
429 5139 695 5219 ggeterum'
731 5146 815 5219 hic
844 5139 1217 5219 nonnullprum
1243 5146 1309 5199 de
1351 5143 1582 5219 Epicuro

67 5224 268 5277 sensus,
290 5213 321 5267 a
348 5213 521 5268 Tullio
538 5215 859 5282 agnoscitur,
885 5213 972 5266 lib.
1000 5228 1016 5266 l
1042 5213 1120 5267 De
1140 5213 1326 5267 natura
1346 5214 1575 5282 deorum

70 5289 193 5350 δέοι.
219 5283 286 5335 86
311 5299 325 5332 :
358 5281 683 5350 Quanquam,
706 5284 896 5350 inquit,
924 5283 1087 5346 video,
1112 5283 1371 5335 nonnullis
1399 5281 1577 5343 videri,

72 5345 455 5418 Epicurumfne
492 5345 546 5403 in
576 5345 902 5418 nﬂ'ensionem
934 5351 1317 5405 Atheniensium
1354 5350 1575 5411 caderet,

264 5418 526 5489 reliquisse
552 5415 704 5483 deos,
750 5437 803 5475 re
828 5420 1115 5474 sustulisse.
1161 5420 1344 5489 Itaque
1373 5419 1577 5489 inAt'llis

71 5482 255 5560 flectis
447 5482 774 5560 breuibusque
817 5491 1100 5560 sententiis,
1142 5482 1274 5560 quas
1303 5486 1577 5560 appellatis

72 5550 271 5629 ξορεας
296 5550 468 5619 δόξας,
504 5558 641 5629 Iure,
665 5550 721 5609 sit
766 5559 965 5629 opinor,
1012 5550 1435 5629 prior'sententia
1460 5566 1576 5610 est:

74 5618 209 5687 0!“
252 5618 457 5675 beatum
499 5634 549 5677 et
579 5618 869 5678 immortale
911 5618 1024 5685 est:
1051 5629 1105 5679 id
1157 5627 1453 5687 nee-liabet,
1486 5642 1578 5677 nec

74 5682 261 5763 exhibet
287 5692 523 5761 cuiquam
557 5695 831 5763 negotium.
876 5692 943 5746 In
977 5682 1073 5747 liae
1101 5697 1176 5747 ita
1200 5682 1577 5763 exposita'sen-

78 5759 240 5825 tentia,
270 5759 390 5815 sunt
427 5763 516 5824 qui
553 5759 863 5828 existiment,
906 5765 1041 5832 quod
1069 5759 1275 5819 inscitia
1307 5763 1458 5831 plane
1494 5764 1572 5815 lo-

1521 4510 1655 4586 τὸυ

2283 3172 2505 3227 CAPUT
2545 3173 2631 3228 V'l.
2740 3220 2741 3223 η

1687 3293 1933 3362 Ejusdem
1968 3292 2209 3349 adversus
2233 3288 2595 3362 Aristotelem,
2637 3303 2754 3362 cum
2794 3286 2968 3355 Moyse
3000 3303 3061 3339 ac
3106 3286 3231 3338 Pla-

1755 3371 1904 3423 tone,
1944 3366 2007 3413 de
2060 3361 2242 3413 mundi
2293 3375 2442 3429 quem
2498 3358 2714 3427 negabat
2767 3368 2885 3409 ortu
2918 3366 3225 3427 pugnantem

1753 3431 2056 3497 disputatio.
2740 3450 2743 3451 ν

1753 3561 2006 3615 Mundum
2049 3561 2267 3631 insuper
2294 3560 2504 3632 Moyses
2526 3576 2650 3615 eum
2690 3560 2873 3629 aliquo
2914 3570 3223 3633 generatum

1683 3661 1803 3706 ortu
1832 3651 2029 3720 posuit,
2059 3660 2170 3704 tum
2198 3658 2471 3719 parentem
2497 3649 2615 3717 ejus
2640 3648 3045 3716 molitoremque
3057 3648 3221 3702 Deum

1685 3742 1811 3795 huic
1856 3756 2037 3795 rerum
2084 3738 2419 3794 universitati
2470 3736 2705 3807 praefecit
2748 3754 2762 3789 :
2800 3751 2909 3804 quo
2938 3738 2991 3789 in
3028 3741 3225 3805 genere

1684 3831 1852 3901 Moysi
1879 3844 2093 3899 quoque
2123 3827 2299 3882 allinia
2331 3826 2481 3880 Plato
2531 3824 2955 3896 philosophatur.
2998 3826 3225 3879 Contra-

1684 3923 1816 3974 riam
1866 3918 2079 3986 utrique
2123 3917 2435 3971 Aristoteles
2483 3918 2582 3971 hac
2620 3916 2779 3969 etiam
2819 3917 2875 3969 in
2924 3917 3223 3986 quastione

1683 4012 1822 4065 viam
1851 4010 2121 4071 insistens,
2140 4006 2207 4060 ab
2236 4006 2423 4059 eodem
2437 4004 2612 4059 Attico
2641 4005 2719 4059 sic
2753 4005 2817 4059 ad
2846 4006 3065 4059 verbum
3088 3978 3231 4059 seri)

1684 4102 1841 4155 beate
1865 4099 2175 4152 revincitur.
2231 4114 2249 4145 ι
2284 4093 2588 4163 Principio,
2627 4097 2801 4164 inquit
2842 4085 2963 4159 ille,
3011 4110 3132 4149 cum
3167 4096 3222 4148 in

1683 4192 1784 4244 hac
1821 4190 1888 4243 de
1927 4186 2112 4241 mundi
2151 4194 2273 4238 ortu
2325 4185 2648 4254 cogitatione
2692 4184 2843 4239 Plato
2894 4194 3222 4246 versaretur,

1683 4282 1928 4347 idemque
1960 4292 2211 4346 magnum
2262 4276 2387 4329 illud
2423 4284 2478 4329 et
2508 4290 2630 4327 cum
2672 4274 2861 4342 primis
2886 4272 3219 4327 fructuosum

1681 4372 2033 4427 Providentia:
2072 4370 2266 4437 dOgma
2307 4363 2654 4421 scrutandum
2693 4361 2865 4414 cuivis
2913 4361 3220 4430 diligentius

1681 4470 2020 4533 putaret;.ac
2064 4460 2225 4513 simul
2267 4458 2342 4511 ita
2391 4453 2891 4523 philosopharetur,
2935 4452 3029 4520 qui
3065 4460 3218 4503 ortus

1685 4549 1969 4620 aliquando
1998 4564 2101 4601 non
2125 4548 2222 4610 sit,
2262 4543 2433 4598 eidem
2473 4550 2531 4593 ut
2555 4540 2805 4609 pra-clare
2831 4540 2930 4601 sit,
2966 4539 3110 4591 nullo
3135 4537 3216 4588 vel

1678 4641 1945 4703 ell'ectore,
1974 4637 2054 4690 vel
2075 4642 2319 4689 curatore
2339 4646 2477 4699 opus
2501 4646 2649 4684 esse:
2680 4628 2954 4687 continuo,
2973 4638 3041 4677 ne
3062 4641 3217 4677 mun-

1678 4727 1807 4784 dum
1833 4724 2170 4781 Providentia
2199 4720 2473 4788 spoliaret,
2494 4717 2705 4788 negavit
2736 4723 2911 4768 ortum
2932 4727 3051 4766 esse
3078 4728 3218 4764 nun-

1677 4833 1857 4888 quam.
1894 4814 1991 4867 llic
2025 4826 2153 4865 vero
2192 4809 2479 4863 admodum
2525 4815 2774 4859 esoratos
2801 4803 3001 4870 velim,
3040 4804 3119 4856 uti
3150 4818 3217 4857 ne

1678 4905 1974 4962 molestiam
2009 4902 2163 4955 nobis
2199 4899 2361 4953 ullam
2393 4899 2688 4958 lacessant,
2736 4895 2828 4962 qui
2880 4894 3119 4962 ejusdem
3152 4909 3216 4947 ac

1675 5079 1860 5149 queruli
1905 5078 2099 5149 fecerit,
2144 5076 2321 5144 fecisse
2357 5071 2611 5149 c_on_sulto.
2647 5069 2718 5121 De
2758 5070 2963 5149 homine
3004 5070 3216 5149 minime

1675 5140 1821 5215 uafre
1854 5140 1988 5198 male
2009 5140 2331 5216 existimant.
2363 5143 2586 5216 Dubium
2621 5152 2695 5216 est
2723 5140 2881 5199 enim,
2909 5149 3083 5216 uitrum
3106 5140 3211 5216 latis

1710 5205 1799 5268 uid
1832 5216 1970 5268 dicat
1999 5217 2095 5267 iste
2125 5215 2328 5268 beatum
2356 5221 2404 5265 et
2428 5209 2754 5271 immortale;
2784 5223 2873 5269 an,
2906 5208 2951 5258 si
2982 5205 3116 5273 quod
3142 5205 3230 5275 sit,

1708 5295 1903 5346 catum,
1928 5285 1983 5337 id
2003 5300 2111 5338 esse
2143 5282 2490 5351 immortale._
2544 5349 2553 5351 _
2580 5349 2591 5351 μ
2748 5346 2762 5351 _
2870 5344 2893 5351 _
2931 5343 2945 5351 _
3172 5342 3184 5351 ,

1690 5414 1693 5419 ι
1746 5351 1855 5426 (8!)
1892 5343 2263 5426 Ἇποσζῄσας
2292 5348 2593 5426 ra'p_._Quid
2638 5343 3075 5426 tandemfdeos,
3096 5343 3214 5426 opi-

1677 5410 1792 5477 noi.
1819 5410 2001 5490 Itaque
2033 5410 2332 5474 addendum
2363 5410 2590 5481 videtur,
2622 5419 2744 5479 τοὺς
2767 5412 2936 5474 θεούς,
2965 5420 3026 5463 ut
3051 5410 3212 5478 paulo

1674 5494 1825 5557 θεοὺς
1857 5492 2159 5550 ἀποικίσας.

1764 5556 1853 5614 εει
1878 5560 2033 5614 Forte
2055 5559 2157 5611 del.
2184 5556 2382 5611 δοκεῖν.

1764 5615 1853 5695 83)
1881 5626 2113 5695 Πρῶτον
2148 5625 2245 5691 δή,
2271 5636 2375 5682 etc.
2407 5624 2537 5681 Vide
2571 5639 2731 5694 supra
2766 5621 2858 5676 lib.
2889 5634 2964 5684 st,
2991 5631 3108 5686 cap.
3141 5615 3213 5670 εν

1673 5715 1725 5754 et
1750 5707 1988 5767 sequent.
2570 5726 2574 5729 ς
