4014 6340
70 446 195 502 1517

1163 442 1482 499 PREPAB.
1522 440 1772 499 EVANC.
1816 443 1940 498 LIB.
1983 444 2097 501 XV.

3109 448 3135 500 l
3148 442 3254 503 518

60 582 136 624 τι,
159 564 249 617 διὰ
286 562 441 616 τοῦτο
484 562 780 633 φθαρῆναι·
814 562 862 614 εί
916 561 971 614 δὲ
1010 563 1039 612 6
1062 561 1192 624 Θεὸς
1225 561 1487 630 βούλεται,
1528 559 1602 631 μὴ

1701 561 1844 630 quod
1874 576 2003 616 vero
2032 576 2139 617 non
2163 568 2365 629 pereat,
2392 560 2444 615 id
2473 575 2536 615 ea
2567 561 2742 615 solum
2771 576 2957 625 causa,
2986 560 3129 630 quod
3160 576 3256 617 or-

65 655 357 727 φθαρῆναι·
403 654 495 706 καὶ
524 654 653 707 διότι
686 653 782 723 μέν
826 669 875 704 τι
909 651 1201 720 ἀγέννητόν
1241 654 1385 703 ἐστιν
1408 694 1420 716 ,
1464 651 1604 721 ἔχειν

70 748 216 815 ἰσχὺν
240 745 330 798 τοῦ
356 745 427 815 μὴ
460 745 718 814 φθαρῆναι
736 762 749 774 ο
776 744 869 813 τὴν
894 744 949 794 δὲ
994 743 1138 812 παρά
1175 742 1309 795 Θεοῦ
1358 742 1605 812 βούλησιν

67 836 249 899 ἐνδεῖν,
281 837 411 905 πρὸς
442 837 503 887 τὸ
520 834 787 903 ἄφθαρτον
818 834 1047 902 τηρῆσαί
1073 849 1125 883 τι
1155 832 1260 885 τῶν
1284 833 1602 902 γενομένων.

67 928 172 981 Καὶ
198 928 226 978 6
256 928 351 996 μὲν
383 926 657 994 οἰκοδόμος
685 925 863 986 ἱκανὸς
894 926 993 976 οὐκ
1019 920 1179 976 οὖσαν
1221 924 1397 975 οἰκίαν
1438 940 1607 977 κατω-

68 1017 457 1070 σκευάσασθαι’·
495 1016 673 1077 ἱκανὸς
698 1016 753 1067 δέ
784 1032 868 1077 τις
896 1016 986 1066 καὶ
1030 1014 1315 1083 ἀνδριάντα
1359 1012 1433 1083 μὴ
1480 1013 1606 1065 ὄντα

68 1110 320 1180 πρότερον
352 1110 476 1162 ὄντα
500 1110 717 1177 ποιῆσαι
738 1124 752 1137 ·
781 1108 872 1161 καὶ
901 1108 1030 1173 ναῦν
1060 1108 1213 1169 ἄλλος
1238 1106 1295 1171 ἐξ
1343 1106 1472 1174 ῦλης
1511 1104 1608 1173 ἀρ-

66 1199 157 1265 γοῦ
192 1201 581 1270 τεκτηνάμενος
610 1198 847 1269 παρέσχε
878 1202 986 1260 τοῖς
1014 1198 1283 1267 δεομένοις
1308 1211 1320 1225 °
1355 1197 1448 1248 καὶ
1500 1195 1607 1246 τῶν

66 1293 232 1344 ἄλλων
256 1292 507 1361 τεχνιτῶν
532 1292 773 1353 ἕκαστος,
811 1292 923 1343 ὅσοι
945 1307 1006 1357 γε
1036 1289 1131 1351 τάς
1165 1286 1447 1356 ποιητικάς
1478 1302 1606 1355 μετ-

69 1382 173 1433 ίασι
204 1382 412 1451 τέχνας,
440 1381 663 1450 δύναμιν
709 1380 907 1449 ταύτην
941 1380 1169 1449 ἔχουσιν,
1202 1377 1275 1439 ὦς
1303 1393 1355 1428 τι
1382 1376 1489 1428 τῶν
1508 1376 1607 1427 οὐκ

67 1474 227 1525 δντων
259 1474 408 1539 ἄγειν
441 1474 520 1534 εἰς
551 1472 772 1524 ουσίαν·
807 1473 835 1523 6
865 1470 921 1522 δὲ
952 1468 1322 1539 παμϐασιλεὺς
1356 1468 1449 1519 καὶ
1489 1466 1609 1536 ἀρι-

69 1562 368 1631 στοτέχνης,
402 1563 507 1615 οὐδ’
531 1563 652 1614 ὅσον
681 1561 1015 1630 ἀνθρωπίνου
1048 1559 1286 1628 τεχνίτου
1332 1557 1608 1627 δυνάμεως

70 1654 297 1722 μεθέξει,
329 1655 547 1723 ἄμοιρος
567 1653 608 1705 δ’
628 1655 754 1724 ἡμῖν
780 1652 954 1721 πάσης
978 1651 1127 1703 ἔσται
1151 1650 1442 1716 γενέσεωςς
1472 1644 1604 1707 Οῦκ,

65 1744 154 1795 ὲάν
190 1761 252 1810 γε
303 1745 437 1797 κατά
498 1744 668 1815 βραχὺ
729 1743 837 1813 (88)
881 1742 1025 1803 θείας
1048 1741 1220 1802 αἰτίας
1264 1737 1606 1806 ἐπιλογισμὸν

64 1828 158 1885 οἷοί
190 1852 247 1886 τε
278 1828 423 1906 ὦμεν
456 1835 655 1890 λαϐεῖν.
706 1833 859 1885 Ἀλλά
902 1833 1117 1900 ποιῆσαι
1154 1832 1249 1900 μὲν
1291 1828 1467 1890 ἱκανὸς
1516 1826 1607 1878 καὶ

67 1924 381 1994 βουληθῆναι
406 1926 473 1980 τά
496 1926 659 1977 καλά·
693 1926 710 1992 (
734 1923 932 1991 ἀγαθὸς
964 1923 1090 1992 γὰρ,
1134 1919 1321 1989 ἀγαθῷ
1348 1920 1403 1972 δὲ
1433 1918 1604 1980 οὐδεὶς

64 2014 249 2081 φθόνος
283 2018 406 2087 περὶ
430 2017 637 2079 οὐδενός
655 2032 670 2046 ’
692 2016 958 2086 )τηρῆοαι
993 2015 1047 2067 δὲ
1076 2015 1169 2066 καὶ
1187 2012 1507 2079 διαφυλάξαι
1535 2010 1603 2061 τά

64 2106 320 2175 γενόμενα
340 2108 399 2158 οὐ
430 2107 643 2169 δυνατός
666 2121 680 2170 ;
703 2108 809 2158 Καὶ
841 2107 945 2176 μὴν
976 2106 1065 2157 καὶ
1101 2107 1146 2156 οἱ
1179 2104 1353 2157 λοιποὶ
1369 2104 1605 2171 τεχνῖται

66 2197 194 2267 πρὸς
214 2199 377 2267 ἄμφω
403 2198 591 2249 ἱκανοί.
626 2198 681 2249 '0
724 2197 851 2264 γοῦν
878 2198 1151 2267 οἰκοδόμος
1195 2196 1286 2249 καὶ
1324 2180 1353 2247 ό
1401 2186 1606 2265 ναυπη-

64 2287 153 2351 τδς
172 2288 231 2339 ου
259 2288 412 2358 μόνον
436 2288 619 2351 καινάς
638 2286 1124 2349 κατασκευάζονται
1148 2286 1281 2347 ναῦς
1304 2287 1394 2339 καὶ
1408 2284 1601 2347 οἰκίας,

64 2375 191 2429 ἀλλά
244 2378 337 2428 καὶ
384 2381 501 2440 ταῖς
537 2378 639 2429 ὑπὸ
676 2378 865 2447 χρόνου
912 2377 1379 2447 διαφθειρομέναις
1435 2378 1605 2427 ἱκανοὶ

66 2464 303 2536 βοηθεῖν,
337 2470 492 2539 ’ἐτερα
541 2470 647 2521 τῶν
693 2470 1075 2539 πεπονημένων
1133 2467 1603 2529 ἀντικαθιστάντες

64 2560 266 2640 αὑταῖς.
297 2562 453 2614 Ὥστε
480 2564 571 2616 καὶ
607 2562 685 2632 τῷ
737 2564 853 2633 Θεῷ
884 2564 1095 2626 πάντως
1141 2562 1202 2614 τό
1248 2578 1311 2629 γε
1352 2562 1601 2615 τοσοῦτον

65 2654 452 2722 συγχωρητέον.
494 2655 558 2707 Ὃ
582 2656 687 2725 γάρ
717 2654 823 2723 (89)
856 2672 937 2717 τις
962 2655 1079 2707 ὅλον
1102 2654 1323 2721 ποιῆσαι
1360 2653 1598 2715 δυνατὸς,

60 2740 212 2791 τοῦτο
244 2742 358 2804 πῶς
386 2743 451 2795 ἂν
494 2746 557 2795 ὲκ
606 2746 802 2815 μέρους
844 2745 1097 2806 ἀδύνατος
1144 2746 1228 2813 εἴη
1255 2748 1452 2809 ποιεῖν;
1498 2746 1604 2796 Καὶ

62 2830 307 2896 γενέσθαι
323 2833 495 2884 τοίνυν
517 2850 568 2885 τι
585 2834 663 2886 δεῖ
684 2822 886 2896 καινὸν,
908 2837 959 2887 εί
973 2852 1033 2901 γε
1054 2834 1231 2905 μέλλοι
1249 2852 1327 2896 τις
1352 2834 1602 2901 ὃλως(9θ)

63 2921 306 2990 ποιητὴς,
334 2924 425 2976 καὶ
449 2923 508 2975 τὸ
536 2922 697 2976 καλὸν
720 2924 878 2995 ἔργον
904 2925 1035 2995 πρὸς
1058 2925 1198 2977 ἂπαν
1229 2923 1599 2985 διασώζεσθαι.

62 3008 131 3059 Τὸ
157 3012 263 3079 γάρ
281 3006 337 3063 εὖ
364 3014 643 3083 γενόμενον
665 3014 861 3067 ἐθέλειν
894 3014 1058 3079 λύειν,
1091 3014 1287 3068 κακοῦ.
1306 3014 1517 3078 Μείζων
1548 3014 1602 3065 δὲ

61 3100 210 3163 ἀλλος
242 3105 318 3166 εἰς
354 3106 615 3174 σωτηρίαν
648 3108 754 3160 τῶν
792 3108 1090 3178 γενομένων
1132 3106 1325 3176 δεσμὸς
1362 3106 1459 3157 οὐκ
1492 3106 1603 3157 ἔστι

61 3190 155 3257 τῆς
177 3190 269 3242 τοῦ
296 3191 427 3244 Θεοῦ
460 3193 771 3266 βουλήσεως.
799 3198 865 3249 Ἢ
888 3196 1224 3266 ἀνθρωπίνης
1253 3197 1345 3265 μὲν
1373 3195 1605 3262 σπουδῆς
1634 3214 1677 3273 C

64 3282 153 3331 καὶ
185 3279 482 3353 βουλήσεως
529 3286 888 3355 μεταλαϐόντα
918 3287 1106 3350 πολλὰ,
1164 3287 1255 3339 καὶ
1313 3286 1433 3354 ἔθνη
1462 3325 1474 3347 ,
1511 3287 1602 3337 καὶ

65 3369 260 3433 πόλεις,
297 3376 387 3428 καὶ
410 3374 561 3443 ἔργα,
600 3377 745 3444 μένει
782 3379 968 3449 χρόνον
990 3379 1264 3449 ἀμήχανον
1296 3377 1416 3428 ὅσον
1455 3378 1604 3442 γενό-

67 3480 215 3531 μενα,
244 3466 428 3534 μηκέτ’
460 3466 608 3530 ὄντος
634 3468 726 3521 τοῦ
771 3448 1119 3538 θελήσαντος·
1158 3468 1223 3519 τά
1270 3468 1325 3519 δὲ
1378 3468 1474 3535 τῆς
1513 3470 1605 3519 τοῦ

64 3552 192 3604 Θεοῦ
219 3557 548 3624 μετασχόντα
576 3558 818 3628 γνώμης,
852 3540 949 3625 καγί
975 3559 1041 3610 δι’
1063 3556 1223 3610 αὑτὸν
1258 3558 1349 3609 καὶ
1390 3557 1478 3609 ὑπ’
1511 3557 1605 3608 αὐ-

63 3643 151 3694 τοῦ
183 3646 464 3713 γενόμενα,
494 3648 659 3700 ταῦτα
690 3649 753 3718 δὴ
786 3651 891 3719 ἄρα
924 3649 1183 3719 παρόντος
1224 3647 1313 3699 τοῦ
1352 3648 1605 3717 ποιήσαν-

64 3746 147 3793 τος
169 3735 445 3803 οἰχήσεται
476 3739 566 3789 καὶ
594 3739 651 3789 οὐ
684 3728 1017 3809 παραμίενεη
1069 3738 1222 3801 Τίνος
1270 3739 1444 3799 αἰτίας
1494 3739 1609 3806 βια“

67 3822 300 3891 σαμένης
324 3825 419 3895 τὴν
439 3826 527 3879 τοῦ
551 3828 682 3880 Θεοῦ
714 3829 932 3900 γνώμην
956 3848 969 3894 ;
994 3831 1214 3900 πότερον
1236 3830 1331 3899 τῆς
1356 3828 1413 3892 ἐξ
1434 3829 1609 3881 αὐτῶν

66 3910 168 3962 τῶν
194 3915 489 3983 γενομένων
518 3919 793 3991 ἀνάγκης;
852 3910 1005 3971 Ἀλλ”
1036 3921 1171 3990 αὐτή
1210 3936 1293 3987 γε,
1327 3918 1403 3987 τῷ
1445 3936 1608 3988 προσ-

66 3998 216 4053 έσθαι
244 4003 304 4054 τὸ
330 4007 682 4077 κοσμηθῆναι,
711 4009 807 4080 τὴν
840 4010 902 4062 ὲκ
918 4009 1008 4061 τοῦ
1036 4008 1169 4061 Θεοῦ
1199 4008 1610 4078 προσωμολόγη-

67 4105 155 4140 σεν
185 4088 367 4161 ἧτταν.
414 4097 547 4149 Ἀλλ’
579 4098 771 4161 ἔξωθέν
796 4116 938 4161 τινος
978 4100 1153 4160 αἰτίας
1184 4095 1610 4167 ἀνταγωνιζομέ-

65 4196 159 4248 νης
188 4183 263 4252 τῷ
285 4184 400 4254 Θεῴ
425 4204 439 4250 ;
470 4188 579 4261 ἀλλ’
607 4189 717 4242 οὒτ’
743 4192 905 4253 ἐστὶν,
933 4189 1052 4242 οὔτε
1079 4192 1136 4242 ὲν
1156 4182 1234 4251 οἷς
1255 4188 1391 4259 ἔφθη
1414 4191 1612 4261 κρατή-

68 4284 163 4331 σας
203 4274 294 4324 καὶ
325 4274 597 4346 κοσμήσας
631 4282 658 4332 6
684 4280 832 4343 Θεὸς,
866 4279 942 4332 ἔτι
972 4280 1117 4343 ἀξιον
1140 4282 1193 4332 ὲν
1223 4282 1423 4343 τούτοις
1456 4282 1611 4334 αὐτὸν

70 4356 319 4413 ἐλαττοῦν
347 4379 503 4437 τινος,
533 4367 584 4417 εἴ
608 4384 670 4434 γε
701 4368 774 4439 μὴ
794 4370 1098 4422 παντάπασι
1128 4370 1449 4441 λανθάνομεν
1470 4374 1611 4441 ἡμᾶς

68 4448 260 4512 αὐτοὺς
291 4453 415 4520 περὶ
443 4456 540 4523 τῆς
584 4458 837 4527 μεγίστης
880 4460 969 4512 καὶ
1015 4458 1288 4529 θειοτάτης
1335 4462 1609 4533 δυνάμεως

66 4538 445 4611 διαλεγόμενοι.
506 4545 660 4599 Ἀλλά
690 4548 797 4623 γὰρ
827 4552 904 4613 εἰς
936 4551 1025 4603 τὸν
1060 4552 1184 4622 περὶ
1223 4553 1318 4621 τῆς
1359 4552 1608 4622 ἀληθείας

69 4628 217 4697 λόγον
249 4633 495 4703 ἐοίκαμεν
516 4637 618 4688 ὑπὸ
645 4638 937 4709 προθυμίας
962 4642 1298 4712 ἐκφέρεσθαι.
1324 4642 1486 4712 Δῆλον
1511 4645 1607 4713 μὲν

70 4722 162 4772 καὶ
189 4721 217 4773 ὃ
247 4724 584 4795 προύθέμεθα
605 4768 620 4791 ,
649 4728 723 4790 ὡς
754 4730 851 4781 οὐκ
889 4731 951 4783 ἂν
976 4726 1081 4784 εἶεν
1135 4730 1435 4784 διδάσκαλοι
1483 4733 1607 4803 περὶ

71 4810 271 4879 κόσμου
309 4814 565 4881 γενέσεως
592 4819 640 4871 οἱ
671 4818 800 4888 μηδὲ
836 4818 930 4889 τὴν
972 4820 1141 4891 ἀρχὴν
1185 4821 1391 4887 γένεσιν
1424 4820 1607 4874 ἀπολι-

70 4898 260 4962 πόντες
287 4903 447 4973 αὐτῷ.
476 4906 583 4959 Καὶ
614 4908 718 4977 μὴν
766 4910 857 4962 καὶ
898 4912 1023 4981 περὶ
1060 4912 1156 4980 τῆς
1189 4911 1293 4963 τῶν
1343 4908 1607 4981 σωμάτων

72 4986 317 5059 πέμπτης
346 4992 549 5060 οὐσίας,
578 4998 643 5066 ἢν
664 5001 987 5071 είσηγήσατο
1031 5001 1417 5071 Ἀριστοτέλης,
1439 5002 1606 5055 ταῦτα

70 5079 415 5149 παμθετέον.

1707 660 1817 703 tum
1846 666 2121 719 nunquam
2154 650 2331 713 fuerit,
2363 660 2679 719 perpetuum
2712 667 2928 705 manere
2955 650 3205 706 defendat
3235 669 3251 705 :

1704 748 1976 808 postremo
2007 755 2072 793 ne
2108 739 2215 793 Deo
2241 740 2456 808 quidem
2498 740 2598 808 ipsi
2639 740 2765 792 boni
2798 740 2990 803 ullius,
3031 741 3075 794 si
3110 742 3254 807 velit,

1705 828 1965 883 eﬂiciendi
1994 830 2098 884 vim
2137 846 2201 883 ac
2234 840 2547 899 potestatem
2587 829 2890 897 relinquat?
2944 828 3076 882 Nam
3110 831 3254 897 quod

1706 920 1856 989 prius
1879 921 2083 974 nullum
2109 930 2244 986 erat,
2275 922 2468 988 inquit,
2496 921 2547 974 id
2572 936 2691 974 esse
2712 930 2896 989 postea
2921 922 3067 974 nullo
3098 922 3256 974 modo

1706 1019 1899 1076 potest.
1953 1014 2125 1080 Atque
2160 1013 2261 1065 hoc
2304 1012 2563 1065 orationis
2613 1027 2807 1081 genere
2859 1027 2909 1085 ap
2938 1011 3254 1064 stabilienda

1690 1099 1946 1154 Platonis
1966 1100 2210 1154 doctrina
2240 1110 2445 1154 tantum
2473 1101 2643 1162 ahest,
2666 1110 2723 1153 ut
2752 1115 2819 1154 eo
2849 1101 3028 1169 potius
3058 1100 3256 1153 abster-

1706 1190 1841 1243 ritos
1873 1206 1935 1243 ex
1969 1190 2037 1245 iis
2072 1190 2397 1254 nonnullos,
2432 1190 2523 1259 qui
2575 1190 2815 1245 studiose
2862 1190 3134 1243 Platonem
3166 1203 3253 1244 se-

1706 1284 2029 1351 quebantur,
2056 1284 2124 1337 ab
2155 1285 2340 1337 eadem
2373 1283 2637 1337 sententia
2666 1283 2972 1337 dimoverit.
2999 1283 3065 1336 At
3087 1284 3121 1336 ii
3150 1283 3256 1337 sci-

1708 1374 1831 1427 licet
1864 1373 2043 1427 videre
2070 1389 2175 1427 non
2215 1382 2533 1441 potuerunt;
2574 1374 2617 1426 si
2649 1375 2863 1443 quidem
2894 1390 3070 1427 rerum
3108 1374 3255 1442 ipsa-

1708 1478 1827 1515 rum
1861 1471 2051 1515 natura
2085 1478 2178 1531 per
2204 1477 2343 1528 sese,
2382 1452 2547 1531 atque
2574 1479 2601 1516 a
2638 1463 2725 1517 Dei
2754 1464 3025 1517 voluntate
3056 1478 3116 1516 ac
3151 1479 3254 1516 nu-

1708 1550 1852 1604 mine
1882 1552 2122 1619 sejuneta
2150 1561 2448 1619 spectetur,
2483 1566 2654 1620 neque
2710 1554 2851 1620 quod
2884 1564 3059 1606 ortum
3090 1552 3258 1607 semel

1706 1649 1809 1703 est,
1847 1640 1899 1693 id
1928 1642 1994 1693 ab
2021 1641 2237 1693 interitu
2266 1641 2490 1693 liberum
2516 1640 2778 1702 futurum,
2817 1656 2989 1711 neque
3018 1641 3255 1695 vicissim

1707 1731 1847 1799 quod
1899 1731 2137 1784 interibit
2182 1746 2495 1799 nunquam,
2552 1731 2689 1783 idem
2735 1740 2911 1784 ortum
2968 1732 3256 1799 aliquando

1708 1834 1858 1873 esse:
1880 1819 1960 1872 sin
1983 1828 2159 1872 autem
2177 1820 2445 1888 praecipua
2472 1820 2666 1873 divina:
2692 1834 2868 1873 causze
2896 1820 3032 1873 ratio
3062 1822 3255 1874 habea-

1638 1890 1677 1942 B
1706 1916 1792 1960 tur
1810 1948 1825 1972 ,
1856 1923 2042 1960 verum
2066 1922 2186 1962 esse
2216 1907 2452 1976 profecto
2472 1949 2487 1973 ,
2520 1917 2577 1961 ut
2605 1924 2665 1960 ea
2690 1909 2852 1961 semel
2878 1909 3118 1961 omnium
3142 1910 3254 1963 dux

1704 1999 2057 2067 princepsque
2129 2000 2448 2065 constituta,
2508 2000 2674 2053 nihilo
2732 2002 2917 2054 saltem
2992 2000 3256 2054 infirmior

1704 2105 1865 2159 quam
1900 2099 2104 2143 caetera:
2133 2090 2294 2159 803
2327 2090 2665 2159 deteriorque
2691 2100 2993 2145 censeatur.
3044 2090 3254 2145 Etenim

1703 2180 1987 2233 ridiculum
2036 2179 2221 2247 utique
2270 2180 2459 2240 fuerit,
2503 2181 2647 2248 quod
2694 2190 2871 2234 ortum
2923 2180 3123 2248 aliquid
3163 2181 3251 2239 sit.

1704 2278 1981 2338 propterea
2014 2269 2065 2320 id
2095 2270 2405 2337 corrumpi;
2449 2269 2586 2322 idem
2614 2271 2659 2323 si
2692 2272 2961 2340 corrumpi
2991 2270 3130 2325 Deus
3164 2285 3258 2325 vo-

1704 2358 1881 2424 luerit,
1914 2373 2017 2411 non
2043 2360 2311 2426 corrumpi
2357 2377 2367 2411 :
2406 2360 2683 2423 similiter,
2715 2361 2858 2428 quod
2901 2361 3098 2430 aliquid
3130 2369 3254 2414 ortu

1704 2458 1911 2507 careat,
1958 2457 2233 2516 propterea
2276 2448 2521 2501 interitus
2561 2448 2656 2501 abs
2683 2464 2739 2500 se
2775 2449 3119 2517 propulsandi
3145 2450 3253 2502 vim

1706 2540 1930 2603 habere;
1965 2538 2200 2591 divinam
2238 2548 2420 2591 contra
2468 2540 2793 2591 voluntatem
2848 2541 3026 2593 minus
3055 2540 3253 2594 habere

1704 2631 1930 2692 virium,
1962 2646 2121 2699 quam
2167 2638 2223 2682 ut
2261 2630 2553 2697 quidquam
2582 2646 2799 2693 eorum,
2834 2647 2954 2699 qum
3004 2642 3251 2700 generata

1704 2729 1858 2783 sunt,
1903 2720 1969 2772 ah
1996 2720 2213 2773 interitu
2257 2720 2483 2772 liberare
2513 2722 2700 2787 possit.
2744 2722 2823 2773 An
2857 2737 2982 2776 vero
3011 2724 3251 2782 domum,

1703 2824 1822 2877 qua:
1854 2810 1996 2862 nulla
2021 2819 2133 2861 erat
2162 2809 2484 2861 architectus
2512 2820 2789 2865 exstruere
2815 2813 3024 2877 poterit,
3041 2814 3251 2882 signum

1704 2889 1839 2952 alius
1878 2899 2101 2963 efficere,
2122 2899 2262 2968 quod
2292 2910 2411 2951 ante
2435 2915 2537 2951 non
2564 2913 2722 2963 esset,
2742 2903 2879 2955 alius
2902 2917 2965 2955 ex
2997 2902 3114 2955 rudi
3138 2918 3254 2955 ma-

1704 2990 1833 3043 teria
1866 2991 2040 3042 navim
2073 2991 2137 3042 iis
2170 2987 2366 3058 quibus
2400 3004 2535 3057 opus
2564 2990 2649 3042 illa
2684 2990 2773 3053 sit,
2810 2992 3073 3044 aediﬁcare
3108 3010 3119 3043 :
3151 3007 3248 3058 po-

1706 3081 2231 3148 strcmoquieunque
2258 3079 2308 3131 in
2331 3079 2676 3132 effectrieium
2711 3082 2904 3134 artium
2935 3083 3251 3135 tractatione

1707 3180 2010 3234 versantur,
2047 3170 2242 3238 aliquid
2288 3179 2343 3221 ut
2375 3171 2462 3236 sit,
2488 3172 2627 3238 quod
2661 3174 2812 3240 prius
2840 3188 2944 3225 non
2980 3183 3112 3238 erat,
3144 3175 3253 3226 eili-

1711 3262 1881 3315 cicndi
1915 3262 2019 3313 vim
2053 3261 2321 3314 habebunt
2352 3282 2360 3312 :
2408 3279 2580 3330 regem
2616 3265 2762 3315 illum
2813 3265 3068 3328 universi,
3126 3265 3253 3317 arti-

1705 3352 1965 3420 ficemque
2010 3356 2545 3421 prmstantissimum,
2602 3358 2879 3423 potestatis
2937 3374 3001 3409 ne
3044 3366 3252 3409 tantum

1703 3441 1941 3509 quidem,
1994 3453 2252 3509 quantum
2292 3446 2569 3497 mottalem
2623 3448 2863 3513 opitieem
2897 3446 3091 3500 habere
3123 3462 3254 3500 con-

1704 3532 1973 3595 cedemus,
2001 3534 2253 3605 omnique
2279 3552 2398 3587 eum
2431 3539 2714 3598 generandi
2748 3538 2998 3591 facultate
3021 3540 3253 3607 privabi-

1704 3619 1863 3673 mus?
1893 3618 2174 3688 Nunquam
2208 3622 2464 3688 profecto,
2492 3626 2534 3676 si
2567 3626 2630 3677 de
2664 3642 2822 3678 (ausa
2852 3628 2938 3678 illa
2960 3628 3137 3679 divina
3171 3628 3250 3680 vel

1704 3712 1983 3764 minimum
2032 3713 2157 3779 quid
2195 3712 2374 3765 animo
2416 3713 2706 3768 informare
2755 3717 3068 3782 poterimus.
3111 3716 3250 3779 Quid

1706 3802 1905 3871 igitur?
1952 3803 2031 3855 An
2066 3802 2197 3856 forte
2233 3804 2506 3870 (quoniam
2537 3808 2648 3871 ipse
2674 3806 2848 3859 bonus
2890 3816 3003 3870 est,
3052 3809 3250 3862 bonum

1707 3902 1882 3944 autem
1910 3892 2107 3944 nullius
2144 3892 2217 3945 rei
2253 3894 2459 3959 copiam
2497 3895 2714 3960 invidet)
2742 3896 2876 3947 bona
2900 3896 3105 3950 eﬂicere
3128 3912 3250 3950 cum

1706 3981 1907 4050 possit,
1949 3989 2058 4034 tum
2104 3983 2263 4036 etiam
2310 3984 2470 4045 velit;
2512 4000 2631 4053 quae
2677 3995 2853 4039 tamen
2902 3986 3084 4041 effecta
3120 3989 3247 4051 sint,

1705 4088 2021 4129 conservare
2048 4076 2184 4128 idem
2210 4078 2453 4143 tuerique
2488 4093 2592 4127 non
2621 4077 2827 4143 possit?
2871 4079 2936 4130 At
2956 4078 3129 4130 caeteri
3158 4092 3248 4128 ar-

1707 4162 1875 4216 tifices
1905 4173 2192 4232 utrumque
2218 4175 2461 4231 possunt.
2500 4166 2789 4219 Architecti
2820 4164 3035 4231 quidem
3071 4174 3124 4218 et
3162 4181 3229 4218 na

1706 4252 1850 4305 vium
1881 4252 2263 4315 aedificatores,
2313 4269 2419 4305 non
2467 4262 2673 4306 tantum
2707 4269 2871 4306 novas
2911 4269 3003 4306 seu
3034 4254 3226 4307 domos

1710 4356 1802 4394 seu
1846 4355 2008 4393 naves
2056 4340 2379 4404 moliuntur,
2419 4343 2509 4394 sed
2540 4343 2603 4395 iis
2631 4343 2792 4395 etiam
2824 4351 3059 4410 tempore
3092 4344 3248 4396 vitia-

1711 4434 1799 4496 tis,
1831 4440 2009 4502 partes
2031 4431 2177 4510 alias
2217 4442 2587 4500 corruptarum
2624 4434 2675 4485 in
2714 4434 2891 4486 locum
2917 4433 3247 4497 suﬂiciendo,

1638 4536 1681 4591 ι)
1711 4524 1906 4579 mederi
1936 4531 2180 4592 possunt.
2228 4522 2405 4587 Quare
2435 4526 2765 4577 tantumdem
2814 4526 3034 4578 omnino
3062 4525 3249 4576 saltem

1712 4614 1821 4669 Deo
1868 4613 2263 4669 concedendum
2294 4620 2394 4665 est;
2449 4614 2599 4677 Quod
2633 4616 2774 4666 enim
2827 4622 2992 4667 totum
3045 4612 3253 4664 eﬂicere

1639 4712 1646 4719 '
1712 4708 1834 4776 quis
1870 4706 2133 4775 potuerit,
2160 4703 2429 4773 quomodo
2472 4723 2535 4759 ev
2567 4717 2714 4775 parte
2750 4706 2799 4758 id
2834 4706 3008 4773 ipsum
3041 4703 3249 4757 efﬁcere

1709 4812 1816 4852 non
1844 4794 2043 4866 possit?
2070 4793 2271 4862 Itaque,
2321 4795 2364 4847 si
2396 4796 2519 4864 quis
2550 4813 2670 4849 vere
2703 4812 2765 4849 ac
2794 4796 3004 4863 proprie
3033 4794 3249 4847 eﬂ'ector

1706 4889 1966 4953 erit,cum
1988 4886 2103 4953 ejus
2136 4897 2330 4938 novum
2358 4887 2568 4955 aliquod
2598 4900 2729 4953 Opas
2747 4896 2975 4948 exstare,
2994 4896 3101 4939 tum
3126 4886 3251 4937 illud

1709 4980 1756 5033 si
1782 4980 1981 5031 bonum
2014 4974 2191 5039 fuerit,
2238 4975 2305 5029 ab
2337 4979 2521 5039 eodem
2576 4978 2831 5030 adversus
2864 4992 3077 5029 omnem
3115 4976 3249 5042 inju-

1713 5070 1843 5123 riam
1891 5065 2197 5119 conservari
2241 5068 2519 5135 oportebit.
2571 5066 2775 5119 Bonum
2804 5068 2943 5119 enim
2987 5069 3096 5136 jam
3128 5066 3253 5118 etf-

72 5180 218 5225 ctum
249 5173 379 5227 velle
398 5174 710 5243 dissolvere,
742 5181 867 5234 mali
896 5182 1079 5253 utique
1109 5182 1286 5236 fuerit.
1346 5180 1509 5237 Porro
1536 5185 1601 5239 ad
1639 5200 1703 5239 ea
1769 5194 1887 5249 qua:
1918 5176 2054 5232 facta
2126 5186 2250 5231 sunt
2291 5153 2652 5229 conservanda
2678 5218 2691 5241 ,
2740 5192 2843 5229 non
2890 5176 3031 5229 aliud
3075 5174 3251 5227 divina

72 5260 343 5316 voluntate
370 5262 558 5321 fortius
585 5267 855 5323 vinculum
884 5286 1001 5326 esse
1028 5273 1213 5340 possit.
1244 5270 1381 5336 Quid
1411 5273 1599 5326 enim?
1636 5290 1701 5327 an
1733 5269 1929 5341 populi,
1966 5272 2147 5333 urbes.
2180 5280 2447 5337 operaque
2508 5282 2669 5333 quam
2729 5268 2955 5336 Ριυτίαη
2979 5309 2992 5331 ν
3026 5279 3145 5341 cum
3171 5276 3249 5315 5“

73 5348 181 5400 mel
208 5347 490 5407 hominum
545 5355 779 5409 studium
818 5371 881 5412 ac
909 5339 1155 5413 voluntas
1214 5362 1521 5424 accesserit,
1586 5339 1799 5416 infinito
1829 5357 2063 5426 quodam
2130 5366 2363 5424 tempore
2405 5354 2487 5424 (ut
2522 5354 2725 5421 pridem
2756 5371 2875 5410 esse
2900 5339 3133 5417 desieril;
3159 5349 3249 5419 (ιηί

74 5438 305 5507 primum
333 5442 407 5496 ita
438 5444 717 5516 voluerat),
750 5448 1037 5503 constituta
1070 5460 1283 5504 manent
1308 5468 1320 5503 z
1342 5464 1459 5518 quae
1481 5466 1605 5505 vero
1644 5451 1738 5505 Dei
1767 5457 1882 5503 orta
1912 5448 2157 5511 consilio,
2190 5461 2308 5517 qua:
2334 5458 2549 5515 propter
2580 5447 2775 5515 ipsum,
2830 5454 2989 5516 atque
3018 5446 3084 5500 ab
3140 5447 3251 5513 ipso

75 5528 310 5598 Macta
348 5532 490 5599 sint,
516 5551 578 5590 ea
614 5547 871 5605 prasente
916 5539 1040 5594 licet
1082 5540 1353 5608 effectore,
1419 5542 1624 5611 dilapsa
1680 5541 2009 5595 interibunt?
2050 5544 2179 5605 Qua:
2222 5552 2385 5591 causa
2426 5547 2626 5592 tantam
2670 5539 2771 5591 vim
2819 5536 3001 5591 aleret
3059 5538 3251 5592 divina:

150 5726 259 5809 _(8§)
289 5728 447 5809 κατὰ
485 5732 703 5809 βραχύ.
751 5735 897 5791 Ferri
945 5747 1133 5809 potest.
1180 5738 1387 5801 Mallem
1434 5748 1609 5795 tamen

150 5737 259 5798 (85)
289 5737 447 5784 κατά
485 5737 703 5801 βραχύ.
751 5737 897 5791 Ferri
945 5747 1133 5809 potest.
1180 5738 1387 5801 Mallem
1434 5748 1607 5795 tamen

75 5797 171 5854 καὶ
203 5794 401 5869 βραχύν
426 5817 540 5854 τινα
571 5801 737 5875 θείας,
771 5815 874 5868 etc.

1916 5740 1986 5860 l:0
2023 5737 2149 5805 γάρ.
2185 5738 2424 5805 Rectius,
2453 5752 2509 5798 ut
2537 5740 2760 5806 videtur,
2798 5755 2899 5795 ms.
2935 5742 2963 5793 6
2989 5742 3116 5815 γάρ.

1960 5817 2073 5863 orte
2094 5809 2215 5865 add.
2253 5806 2407 5871 εἶναι.

1808 5808 1894 5867 90)
1916 5805 2073 5863 Forte
2094 5809 2215 5865 add.
2253 5806 2407 5871 εἶναι.
