4014 6356
761 420 896 510 tam
1400 451 1672 510 EUSEBII
1718 449 2190 520 wssmmsm
2228 449 2379 505 opp.
2419 448 2600 507 rans
2632 451 2698 507 ll.
2736 415 2807 496 -ς
2840 449 3346 517 spumantes.
3829 461 3911 517 ιτς

757 570 1059 625 voluntati?
1112 570 1193 624 An
1223 585 1289 625 ex
1325 571 1487 626 rebus
1519 571 1672 641 ipsis,
1709 585 1831 640 quae
1859 569 2014 625 factae
2050 571 2179 637 sint,
2212 570 2450 641 profecta
2492 570 2824 626 necessitas?
2851 571 2919 626 At
2946 570 3037 626 illa
3088 571 3171 626 vel
3217 571 3323 626 hoc
3360 571 3501 641 ipso,
3544 572 3692 643 quod
3722 572 3834 646 ﬁngi
3859 592 3913 631 at

755 661 1077 735 disponique
1112 666 1377 734 permisit,
1414 667 1612 721 victam
1665 681 1724 722 se
1761 680 1793 719 a
1830 663 1942 720 Deo
1976 681 2040 720 ac
2064 675 2372 736 superatam
2410 664 2663 721 confessa
2693 675 2796 721 est.
2852 666 2936 720 An
2978 664 3089 720 Deo
3130 679 3295 720 causa
3348 666 3594 735 quedam
3636 667 3915 726 exn-inserat

756 754 1280 828 adversatur?“
1301 758 1372 810 At
1395 772 1496 811 nec
1524 757 1632 810 ulla
1655 757 1777 810 talis
1800 767 1912 821 est;
1940 772 2042 811 nec
2073 757 2120 811 si
2143 765 2307 821 esset,
2342 772 2527 810 verum
2559 766 2741 826 tamen
2810 756 2971 821 foret,
3017 758 3208 825 Deum,
3245 759 3445 831 quibus
3487 758 3541 812 in
3578 758 3746 813 rebus
3803 762 3912 813 eti:

756 847 1067 903 ordinandis
1097 849 1346 918 superior
1388 848 1499 918 jam
1540 848 1720 912 fuerit,
1755 849 1811 903 in
1840 849 1927 903 his
1990 849 2122 917 ipsis
2158 849 2335 917 aliqua
2372 848 2588 903 demum
2623 848 2930 904 inferiorem
2960 849 3157 906 ducere
3187 870 3200 904 :
3226 851 3333 905 nisi
3368 850 3507 904 forte
3558 849 3723 903 nobis
3762 848 3821 903 de
3843 865 3915 902 nar

761 937 902 990 ximo
945 938 1287 1008 maximeque
1331 939 1515 993 divino
1558 936 1788 992 Numine
1826 953 2130 992 sermonem
2184 952 2307 991 esse
2348 937 2565 1005 penitus
2631 938 2961 1006 ignoremus.
3026 935 3131 993 Sed
3192 938 3334 992 enim
3367 938 3422 991 in
3457 937 3597 991 hanc
3625 952 3726 1005 pro
3750 939 3915 990 verqu

758 1030 1173 1098 disputationem
1212 1030 1609 1084 vehementiore
1648 1030 1884 1098 quodam
1936 1026 2113 1082 studio
2150 1026 2396 1080 videmur
2446 1027 2767 1082 essedelati.
2797 1022 3023 1081 Planum
3074 1028 3291 1098 quidem
3329 1028 3461 1082 illud
3514 1025 3767 1090 fecimus,
3817 1032 3915 1096 qua}

754 1121 1090 1188 propositum
1133 1120 1289 1175 nobis
1311 1130 1447 1184 erat,
1486 1120 1553 1175 de
1580 1120 1768 1175 mundi
1806 1120 2024 1175 conditu
2048 1118 2297 1173 doctores
2335 1117 2457 1172 illos
2519 1134 2797 1189 nunquam
2845 1119 3081 1183 futuros,
3119 1119 3215 1189 qui
3282 1134 3351 1175 ne
3374 1118 3606 1188 primum
3638 1118 3844 1186 quidem
3866 1124 3915 1172 ar

756 1211 867 1264 lum
916 1210 1019 1280 ipsi
1060 1222 1239 1267 ortum
1282 1212 1607 1280 relinquant.
1646 1231 1666 1263 ι
1702 1210 1969 1267 Ceterum
2008 1212 2074 1266 de
2107 1212 2298 1281 quinta
2333 1210 2499 1264 etiam
2530 1225 2818 1280 corporum
2884 1212 3142 1276 essentia,
3176 1226 3337 1281 quam
3366 1209 3578 1265 induxit
3627 1210 3915 1264 Aristoteles-

761 1318 882 1373 quze
908 1314 1206 1374 sequuntur
1235 1304 1479 1358 addenda
1501 1313 1647 1358 sunt.
2824 1304 2830 1311 ’

1352 1413 1577 1469 CAPUT
1617 1413 1729 1470 VII.

2940 1403 3331 1459 κεοΑΛΑιοΝ
3365 1405 3439 1457 Ζν.
3970 1403 3971 1469 γ

758 1529 1009 1601 Ejusdem
1025 1522 1272 1584 adversus
1301 1530 1556 1595 eumdem,
1576 1530 1813 1601 quintum
1834 1545 2105 1597 corporum
2130 1544 2301 1601 essen-

2410 1518 2519 1601 Tm?
2548 1516 2737 1601 αὺτςῦ
2761 1515 2911 1584 πρὸς
2949 1515 3313 1601 τίένηαύτδῖι
3359 1514 3919 1601 πέμπειν,σειμάτειν

824 1603 955 1681 ιὲοηι
986 1601 1501 1669 inducentem,qu
1534 1597 1693 1670 neque
1711 1598 1935 1668 loysea,
1958 1615 2117 1667 neque
2152 1597 2305 1653 Plato

830 1681 991 1724 τιουιι.

830 1800 850 1832 σ
880 1780 1009 1847 Qua-
1037 1782 1196 1852 vulgo
1227 1781 1481 1836 dicuntur
1512 1780 1802 1848 elementa,
1852 1780 2054 1851 quibus
2083 1794 2147 1832 ex
2188 1778 2302 1847 pri-

756 1874 861 1926 mis
886 1886 1109 1941 corpora
1140 1872 1367 1926 conﬂata
1392 1880 1537 1937 sunt,
1554 1887 1616 1925 ea
1632 1871 1784 1925 Plato
1805 1878 2137 1941 perspectam
2161 1871 2306 1940 ipso-

756 1979 875 2017 rum
902 1963 1253 2027 evidentiam,
1288 1972 1343 2017 et
1368 1964 1704 2031 superiorum
1733 1963 2176 2031 philos0phorum
2205 1975 2303 2015 au-

759 2054 1058 2108 ctoritatem
1088 2062 1573 2126 secutus,quatuor
1602 2052 1907 2121 posuit,illa
1928 2053 2041 2121 ipsa
2062 2052 2302 2105 omnium

756 2144 1095 2199 confessione
1154 2145 1412 2212 probata,
1461 2144 1672 2213 ignem,
1726 2152 1959 2209 terram,
2011 2157 2190 2201 aerem
2249 2152 2305 2197 et

758 2249 976 2304 aquam,
1004 2249 1071 2289 ex
1092 2236 1289 2303 quibus
1313 2235 1453 2289 inter
1491 2249 1610 2289 sese
1656 2234 1963 2303 temperatis
1994 2241 2155 2301 atque
2184 2248 2304 2286 mu-

757 2326 906 2392 tatis,
933 2334 1124 2380 caetera
1150 2325 1330 2380 omnia
1355 2334 1697 2394 generentur.
1724 2326 1793 2377 At
1815 2338 1945 2378 vero
1963 2324 2301 2391 Aristoteles,

756 2428 881 2467 cum
912 2414 1340 2478 excellentioris,
1390 2423 1450 2467 ut
1491 2414 1724 2478 videtur,
1770 2414 2045 2483 sapientia:
2089 2414 2302 2468 laudem

757 2515 1016 2573 speraret,
1048 2506 1096 2560 si
1119 2521 1317 2560 novum
1367 2505 1582 2574 aliquod
1611 2506 1831 2573 insuper
1854 2520 2053 2574 corpus
2086 2504 2303 2559 invehe-

758 2605 860 2663 ret,
895 2598 1039 2651 notis
1068 2596 1176 2650 illis
1198 2605 1431 2665 quatuor
1452 2595 1695 2664 quintam
1720 2594 1965 2662 adjunxit
1986 2596 2296 2649 essentiam.

756 2686 815 2739 In
842 2702 953 2756 quo
974 2686 1250 2755 splendide
1271 2700 1494 2755 prorsus
1521 2701 1585 2739 ac
1616 2686 1898 2753 magniﬁce
1928 2698 2171 2739 naturam
2206 2686 2302 2740 ha-

756 2778 877 2831 buit
900 2778 990 2830 ille
1026 2777 1241 2846 quidem
1276 2776 1407 2830 :sed
1434 2776 1682 2830 videlicet
1718 2790 1827 2829 non
1871 2775 2150 2841 intellexit,
2184 2778 2301 2846 ejus

758 2884 862 2921 non
893 2883 1013 2923 esse
1037 2867 1129 2937 qui
1168 2882 1227 2921 se
1256 2866 1628 2936 pbysiologum
1663 2864 1964 2934 proﬁtetur,
1999 2865 2141 2934 leges
2168 2882 2301 2920 con-

758 2962 902 3025 dere,
931 2959 1024 3014 sed
1056 2966 1263 3012 tantum
1293 2973 1414 3026 quae
1442 2964 1651 3009 natura:
1679 2958 1893 3026 propria
1925 2966 2051 3011 sunt
2071 2957 2300 3027 diligen-

758 3062 835 3104 ter
867 3050 1159 3121 explicare.
1209 3047 1386 3113 Quare
1428 3048 1493 3101 ad
1524 3048 1644 3116 ejus
1670 3047 2143 3102 demonstrationis
2169 3050 2300 3111 vim,

755 3157 875 3212 quze
904 3142 1106 3211 primas
1129 3147 1366 3209 quatuor
1395 3154 1516 3193 esse
1536 3152 1822 3208 corporum
1848 3146 2071 3193 naturas
2086 3137 2299 3205 etliciat,

756 3248 861 3302 qua
884 3248 1014 3287 sane
1036 3231 1295 3285 Platonici
1340 3246 1477 3300 opus
1513 3230 1731 3294 habent,
1755 3244 1863 3284 non
1891 3230 2051 3284 modo
2080 3228 2302 3298 Peripa-

757 3325 950 3377 teticus
989 3322 1142 3377 aﬂ’ert
1174 3321 1339 3387 nihil,
1379 3320 1471 3375 sed
1501 3322 1662 3374 etiam
1696 3321 1825 3374 huic
1869 3334 2003 3389 pene
2032 3320 2181 3374 solus
2207 3319 2303 3373 ad-

756 3419 1022 3468 versatur.
1047 3410 1181 3466 Cum
1212 3410 1357 3465 enim
1386 3425 1583 3479 corpus
1615 3426 1794 3477 omne,
1820 3410 2054 3465 calidum
2089 3419 2183 3464 aut
2215 3410 2304 3464 fri-

755 3492 1285 3576 gidum,.humidum
1326 3510 1419 3556 aut
1441 3502 1697 3568 .siccum,
1740 3502 1900 3557 molle
1942 3512 2037 3556 aut
2080 3502 2300 3569 durum,

757 3597 872 3652 leve
910 3606 1013 3651 aut»
1052 3610 1248 3667 grave,
1290 3609 1476 3648 rarum
1508 3602 1603 3647 aut
1628 3593 1855 3648 densum
1877 3607 1997 3649 esse
2016 3593 2300 3659 dicamus;

758 3689 1135 3758 videamusque
1172 3685 1315 3741 aliud
1340 3686 1546 3741 nullum
1571 3694 1764 3755 praeter
1796 3685 1885 3739 illa
1922 3693 2153 3756 quatuor
2182 3699 2304 3740 esse

758 3791 936 3846 posse,
962 3778 1108 3847 quod
1136 3778 1220 3833 his
1245 3792 1278 3833 e
1328 3777 1729 3832 conditionibus
1757 3776 1993 3847 aliquam
2046 3774 2303 3830 sortiatur

760 3855 906 3938 (nam
923 3868 969 3921 si
983 3868 1216 3922 calidum
1228 3868 1423 3937 sit,faut
1438 3866 1577 3936 ignis
1586 3870 1706 3931 erit,
1728 3873 1820 3920 aut
1837 3880 1948 3930 aer;
1962 3866 2009 3921 si
2025 3864 2299 3935 frigidum,

758 3956 844 4012 vel
859 3972 1020 4026 aqua,
1032 3955 1115 4013 vel
1129 3964 1269 4011 terra
1284 3973 1298 4009 :
1313 3955 1399 4010 sin
1416 3963 1593 4009 autem
1614 3955 1817 4009 siccum
1835 3952 2016 4020 fuerit,
2030 3962 2123 4007 aut
2141 3953 2301 4023 ignis,

2473 1587 2898 1654 ὑποτιθέμενον
2946 1585 3183 1649 οὐσίαν,
3236 1584 3317 1652 ἢν
3352 1585 3491 1638 οὔτε
3526 1584 3791 1653 Μωῦσῆξ
3819 1591 3916 1641 οὔτε

2480 1656 2733 1712 Πλάτων
2756 1655 3050 1725 γινώσκει.

2472 1788 2492 1821 ι
2518 1766 2652 1839 Περὶ
2686 1766 2816 1836 γοῦν
2874 1766 2984 1820 τῶν
3046 1767 3389 1839 καλουμένων
3449 1771 3758 1840 στοιχείων,
3800 1767 3916 1834 ὲεέιν

2402 1860 2632 1932 πρώτων
2652 1858 2881 1929 σώματα
2909 1858 3220 1927 συνέστηκε,
3233 1859 3455 1913 Πλάτων
3484 1860 3582 1931 μὲν
3608 1862 3913 1933 ἑπόμενοςτῇ

2400 1953 2527 2024 περὶ
2548 1951 2685 2004 αὐτὰ
2708 1951 2983 2022 ἐναργείᾳ,
3016 1951 3265 2022 καθάπερ
3280 1951 3372 2003 καὶ
3400 1955 3450 2006 oi
3485 1954 3591 2024 πρὸ
3611 1955 3796 2018 αὐτοῦ,
3830 1954 3916 2009 ds-

2402 2043 2545 2109 σαρά
2565 2058 2625 2093 τε
2655 2040 2853 2111 ἔφησεν
2887 2035 3028 2092 εἶναι
3046 2040 3217 2093 ταῦτα
3244 2039 3667 2112 ὁμολογούμενα,
3691 2044 3814 2113 πῦρ,
3848 2048 3914 2097 n‘:

2400 2133 2524 2203 γῆν,
2552 2133 2647 2186 καὶ
2683 2132 2841 2202 ἀέρα,
2870 2133 2963 2184 καὶ
2998 2122 3140 2201 ὕδωρ
3158 2172 3173 2195 ,
3202 2132 3296 2184 καὶ
3337 2135 3402 2185 ὲκ
3436 2134 3640 2187 τούτων
3669 2152 3913 2204 συγκρινο-

2404 2224 2579 2292 μένων
2611 2224 2705 2275 καὶ
2733 2223 3079 2293 τρεπομένων
3118 2223 3186 2275 τὰ
3216 2221 3378 2275 λοιπὰ
3402 2222 3580 2277 πάντα
3628 2227 3910 2293 γεννᾶσθαγ

2413 2313 2779 2385 Ἀριστοτέλης
2817 2314 2876 2366 δὲ
2897 2353 2913 2378 ,
2942 2314 3018 2377 ὡς
3061 2313 3232 2367 ἔοικεν
3255 2354 3271 2378 ,
3304 2315 3539 2379 ,ἐλπίσας
3585 2319 3917 2389 τιεριττύεερος
3978 2354 3979 2381 η

2400 2403 2677 2475 φανεῖσθαι
2704 2404 2781 2473 τῷ
2805 2406 3038 2475 φρονεῖν,
3068 2403 3123 2456 εἰ
3142 2422 3194 2456 τι
3224 2404 3381 2475 σῶμα
3406 2408 3469 2458 ὲκ
3504 2408 3759 2478 περιττοῦ
3788 2426 3917 2479 «pos.

2401 2496 2541 2565 θείη,
2588 2492 3101 2563 προσκατηρίθμησε
3162 2497 3269 2555 τοῖς
3323 2496 3665 2565 φαινομένοις
3702 2498 3915 2569 τέτταρσι

2401 2586 2612 2656 σώμασι
2641 2584 2736 2655 τὴν
2761 2584 3013 2653 πέμπτην
3036 2584 3218 2637 οὐσίαν
3242 2602 3256 2614 ·
3290 2587 3426 2637 πάνυ
3457 2586 3555 2654 μὲν
3578 2586 3833 2681 λαμπρῶξ
3850 2593 3915 2643 ui

2399 2678 2702 2751 φιλοδώρως
2746 2683 2812 2750 τῇ
2876 2680 3033 2748 φύσει
3069 2682 3442 2752 χρησάμενος,
3505 2685 3581 2756 μὴ
3619 2678 3834 2741 συνιδὼν
3854 2690 3912 2745 δὲ.

2398 2770 2479 2821 ὅτι
2511 2771 2571 2821 οὐ
2611 2769 2912 2839 νομοθετεῖν
2936 2770 3014 2823 δεῖ
3056 2771 3491 2839 φυσιολογοῦντα,
3520 2775 3591 2827 τὰ
3619 2777 3677 2829 δὲ
3703 2778 3801 2846 τῆς
3838 2780 3915 2845 φύ-

2399 2878 2535 2924 σεως
2560 2861 2726 2929 αὐτῆς
2746 2861 3059 2933 ὲξιστορεῖν.
3082 2863 3185 2944 Εἰς.
3213 2864 3389 2917 τοίνυν
3418 2866 3515 2937 τὴν
3544 2868 3813 2935 ἀπόδειξιν
3846 2870 3915 2920 τοῦ
3982 2906 3983 2943 γ

2398 2951 2660 3021 τέτταρας
2696 2945 2834 3004 εἶναι
2874 2952 2972 3014 τὰς
3007 2946 3233 3023 πρώτας
3268 2956 3374 3009 τῶν
3412 2960 3681 3027 σωμάτων
3730 2961 3913 3027 φύσεις,

2397 3036 2465 3111 ἧς
2490 3040 2731 3110 δὴχρεία
2770 3043 2881 3107 τοῖς
2900 3040 3280 3105 Πλατωνικοῖς.
3312 3045 3373 3097 οὐ
3409 3047 3564 3115 μόνον
3603 3049 3705 3100 οὐκ
3739 3050 3801 3101 ειν
3830 3067 3917 3100 σνν-

2398 3129 2574 3199 τελοίη
2608 3146 2662 3181 τι
2681 3130 2710 3180 ὁ
2738 3129 3167 3202 Περιπατητικὸς
3186 3172 3202 3195 ,
3260 3131 3393 3185 ἀλλὰ
3422 3134 3611 3203 σχεδὸν
3654 3137 3749 3189 καὶ
3794 3138 3917 3208 μόνος

2399 3220 2672 3272 ὲναπιοῖτ’
2698 3218 2782 3272 ἄν.
2812 3219 3092 3287 Δεγόντων
3125 3220 3253 3287 γοῦν
3283 3220 3436 3293 ἡμῶν
3458 3262 3473 3286 ,
3525 3224 3609 3275 ὅτι
3649 3228 3756 3279 πᾶν
3792 3228 3914 3295 σῶμα

2398 3312 2432 3382 ἢ
2476 3310 2671 3382 θερμὸν
2698 3308 2993 3380 ἡψυχρδνν
3027 3309 3061 3379 ἢ
3099 3310 3261 3381 ὕγρδν
3289 3311 3322 3381 ἢ
3348 3311 3513 3383 ξηρδν
3537 3353 3551 3377 ν
3582 3314 3618 3385 ἢ
3652 3315 3912 3385 Multi

2401 3400 2653 3472 σκληρὸν,
2677 3401 2711 3471 ἢ
2752 3399 2949 3469 κοῦφον
2972 3398 3194 3472 ἠ’βαρὺ,
3223 3401 3257 3471 ἢ
3284 3402 3472 3473 ἀραιὸν
3502 3404 3537 3475 ἢ
3568 3407 3799 3458 πυκνόν·
3846 3411 3914 3457 καὶ

2399 3492 2754 3562 εὑρισκόντων
2778 3531 2794 3557 ,
2846 3492 2929 3544 ὅτι
2958 3492 3057 3545 οὐκ
3083 3492 3150 3545 ἂν
3175 3492 3357 3564 ἕτερον
3372 3493 3463 3566 εἵη
3510 3512 3562 3548 τι
3606 3496 3672 3550 τὸ
3729 3497 3916 3567 μεθέξω

2396 3582 2600 3636 τούτων
2620 3582 2761 3645 τινὸς
2786 3581 2936 3654 παρὰ
2954 3582 3025 3635 τὰ
3050 3581 3285 3653 τέσσαρα
3301 3599 3316 3613 ’
3342 3582 3431 3654 (εἰ
3458 3586 3555 3654 μὲν
3576 3586 3688 3658 γὰρ
3726 3587 3914 3659 θερμὸν,

2398 3671 2591 3743 ηπῡρ.
2623 3672 2659 3743 ἢ
2695 3672 3626 3751 ἀήρ⁶είδὲψυχρδνυῦδωροῆτῆ’
3660 3678 3916 3747 uno»

2400 3762 2581 3835 ξηρὸν.
2614 3762 2747 3833 πῦρ.
2773 3762 2807 3833 ἢ
2844 3764 2936 3832 γῆο
2961 3762 3100 3815 em
3126 3762 3310 3833 ὑγρὸν.
3334 3762 3506 3834 ὓδωρ,
3542 3765 3576 3835 ἢ
3602 3766 3746 3837 ἀήρ·
3772 3768 3856 3818 και
3879 3768 3914 3816 ει

2402 3853 2501 3923 μὲν
2536 3851 2791 3924 μαλακὸν.
2828 3851 3183 3925 ἀὴρ.ἢπῦρ·
3225 3854 3275 3905 εἰ
3307 3853 3364 3906 δὲ
3392 3855 3622 3937 στεληρδν
3653 3895 3670 3919 ν
3712 3856 3915 3926 ὕδωρνῆ

2398 3943 2499 4013 τῆ.
2533 3944 2627 3997 καὶ
2652 3942 2849 4012 κοῦφον
2883 3943 2983 4014 μὲν
3004 3944 3098 3996 καὶ
3127 3944 3335 4015 ἀραιὸν,
3356 3939 3486 4011 οἷον,
3520 3945 3632 4017 πῦρ
3664 3948 3757 3999 καὶ
3795 3949 3909 4015 ἀήρ-

759 4059 854 4103 aut
876 4057 1051 4114 terra;
1085 4047 1134 4102 si
1155 4045 1459 4111 humidum,
1507 4046 1592 4099 vel
1628 4058 1790 4113 aqua,
1819 4044 1903 4097 vel
1930 4058 2022 4097 aer
2052 4061 2066 4096 :
2098 4044 2149 4097 si
2168 4058 2299 4097 vero

2403 4034 2538 4105 βαρὺ
2567 4034 2623 4087 δὲ
2646 4032 3142 4106 χαὶπυκνδνςῦδωρ
3164 4035 3259 4088 καὶ
3282 4035 3423 4105 γῆο)
3447 4036 3542 4088 καὶ
3561 4036 3917 4091 ὲχτῶνᾶλλιικ

758 4141 919 4195 molle
947 4140 1051 4203 sit,
1079 4147 1175 4192 aut
1198 4152 1323 4210 aer,
1357 4148 1451 4190 aut
1474 4137 1646 4207 ignis;
1690 4136 1735 4189 si
1770 4136 1997 4200 durum,
2026 4133 2112 4187 vel
2137 4148 2299 4202 aqua,

760 4229 844 4282 vel
875 4238 1016 4283 terra
1046 4248 1059 4283 :
1090 4225 1253 4299 805
1290 4227 1524 4297 denique
1566 4228 1612 4282 si
1656 4227 1771 4281 leve
1799 4227 1868 4281 sit
1898 4236 2060 4294 atque
2091 4240 2297 4289 rarum,

762 4326 855 4371 aut
901 4319 1040 4385 ignis
1082 4319 1218 4381 erit,
1260 4325 1354 4372 aut
1396 4333 1526 4373 aer:
1559 4317 1605 4372 si
1648 4332 1807 4386 grave
1848 4327 2007 4386 atque
2052 4316 2298 4381 densum,

762 4422 902 4475 aqua
933 4408 1017 4460 vel
1046 4408 1206 4478 terra)
1228 4426 1242 4460 :
1262 4408 1465 4461 nullum
1497 4409 1621 4461 item
1646 4406 1790 4459 aliud
1815 4422 1880 4460 ex
1902 4407 2105 4460 cazteris
2126 4406 2302 4460 omni—

761 4499 863 4552 bus
897 4496 1230 4566 simplicibus
1276 4496 1619 4551 facultatibus
1640 4537 1655 4561 ,
1690 4506 1881 4565 praater
1929 4497 2018 4550 illa
2045 4507 2299 4565 quatuor,

761 4589 993 4643 existere
1045 4600 1204 4655 posse
1225 4587 1519 4641 sentiamus
1568 4606 1583 4640 :
1628 4594 1888 4656 repugnat
1919 4601 2059 4639 unus
2092 4587 2179 4639 ille
2200 4601 2301 4639 no-

763 4678 867 4743 bis,
898 4692 1092 4745 corpus
1135 4675 1353 4744 aliquod
1398 4675 1481 4727 his
1510 4676 1758 4729 omnibus
1799 4689 2026 4727 vacuum
2057 4689 2179 4727 esse
2206 4675 2300 4727 de—

766 4764 987 4819 tendens
1011 4784 1025 4822 :
1049 4780 1277 4833 corpus,
1305 4764 1522 4831 inquam
1541 4804 1556 4829 ,
1594 4780 1697 4818 non
1727 4779 1885 4833 grave
1914 4772 2007 4816 aut
2032 4764 2167 4829 leve,
2194 4779 2301 4818 non

768 4856 929 4909 molle
960 4865 1051 4909 aut
1072 4856 1289 4921 durum,
1320 4869 1425 4907 non
1459 4854 1735 4907 humidum
1764 4866 1858 4908 aut
1880 4854 2081 4908 siccum
2104 4872 2121 4919 ;
2143 4855 2303 4909 adeo-

769 4960 875 5013 que
904 4953 1107 4998 tantum
1134 4962 1240 4999 non
1270 4944 1475 5007 dicens,
1508 4956 1701 5012 corpus
1746 4946 1884 4999 idem
1914 4946 2160 5015 idemque
2194 4960 2303 4999 non

768 5050 966 5104 corpus
1003 5054 1018 5087 :
1056 5050 1178 5087 nam
1203 5036 1443 5104 corporis
1470 5034 1521 5089 ei
1544 5049 1739 5087 nomen
1760 5036 1992 5103 reliquit,
2022 5036 2302 5111 facultates

767 5144 834 5181 ex
864 5125 1063 5195 quibus
1104 5137 1289 5193 suapte
1329 5134 1518 5178 natura
1559 5123 1822 5178 conﬂatur
1849 5142 2073 5195 corpus,
2108 5128 2307 5181 ademit

767 5222 1072 5271 universas.
1138 5217 1244 5269 Aut
1290 5217 1485 5286 igitur,
1515 5232 1636 5285 qua:
1674 5217 1863 5281 docet,
1889 5220 2045 5272 nobis
2086 5234 2305 5283 persua-

767 5310 979 5375 dendo,
1014 5308 1174 5363 simul
1221 5318 1319 5361 nos
1353 5322 1383 5361 a
1423 5305 1664 5362 Platonis
1706 5310 1969 5362 sententia
2014 5311 2301 5375 revocabit,

2397 4125 2455 4177 δὲ
2479 4125 2703 4178 amava
2731 4123 2839 4178 τῶν
2868 4125 3052 4178 ἁπλῶν
3076 4126 3351 4195 δυνάμεων
3387 4126 3812 4191 κατανοοῦντων,
3858 4128 3915 4188 ὡς

2399 4215 2499 4268 οὐκ
2522 4214 2587 4268 ἂν
2608 4217 2692 4286 εἴη
2719 4233 2772 4267 τι
2798 4214 2946 4287 παρὰ
2978 4214 3151 4271 ταῦτα
3194 4217 3354 4287 σῶμα
3389 4218 3601 4289 ἕτερον’
3625 4214 3781 4283 οὗτος
3808 4221 3914 4272 ἀνθ·

2402 4307 2608 4377 ίοταται
2642 4307 2816 4377 μόνος,
2862 4307 3081 4376 φάσκων
3110 4306 3362 4361 δύνασθαι
3402 4309 3558 4379 σιῖιμα
3581 4305 3720 4363 εἶναι
3742 4309 3915 4363 τούτων

2401 4400 2653 4470 ἄμοιρον
2684 4394 2845 4470 ςῶμα
2873 4400 2930 4451 δὲ
2952 4401 3086 4471 μήτε
3123 4400 3257 4470 βαρὺ
3278 4439 3295 4463 ν
3326 4403 3462 4471 μήτε
3518 4400 3715 4470 κοῦφον
3741 4442 3757 4466 ν
3802 4404 3912 4471 μήτε

2404 4492 2661 4561 μαλακὸν,
2692 4491 2825 4561 μήτε
2851 4490 3100 4560 σκληρὸν,
3128 4492 3263 4561 μήτε
3290 4490 3486 4563 ὑγρδνι
3517 4490 3651 4544 ἀλλὰ
3681 4494 3811 4562 μήτε
3836 4490 3911 4557 ξη-

2404 4582 2525 4650 ρόν·
2552 4581 2823 4650 μονονουχὶ
2860 4580 3029 4648 λέγων
3057 4580 3213 4649 σῶμα
3241 4581 3301 4632 οὐ
3337 4580 3512 4649 σῶμα.
3559 4581 3632 4634 To
3684 4582 3780 4651 μὲν
3825 4580 3912 4647 γὰρ

2401 4674 2567 4744 ὄνομα
2593 4667 2967 4725 καταλελοίπεν
3003 4671 3168 4740 αὐτῷ,
3201 4669 3297 4733 τὰς
3337 4670 3391 4722 δὲ
3434 4672 3687 4741 δυνάμεις
3708 4712 3724 4735 ,
3768 4672 3828 4723 δι’
3852 4664 3909 4721 ὧν

2404 4765 2559 4833 σῶμα
2578 4764 2783 4830 πέφυκε
2812 4761 3071 4830 γίνεσθαι,
3104 4762 3280 4825 πάσας
3319 4763 3622 4831 ἀφῄρηκεν.
3653 4764 3723 4814 ‘B
3760 4763 3909 4814 τοίνυν

2400 4858 2544 4927 ἡμᾶς
2560 4856 2700 4925 ἆπερ
2718 4854 2875 4917 αὐτὸς
2902 4853 3045 4922 λέγει
3070 4853 3288 4915 πείθων,
3310 4853 3671 4923 ἀφαιρήσεται
3697 4854 3789 4923 τῆς
3803 4853 3910 4905 Πλά-

2400 4952 2564 5011 τωνος
2588 4947 2838 5017 γνώμης·
2870 4947 2904 5016 ἢ
2952 4945 3021 4997 τὰ
3062 4945 3345 5006 Πλάτωνος
3398 4932 3790 5014 βεϐαιούμενος,
3825 4942 3910 4994 τῶι

2401 5040 2549 5111 αὐτῷ
2580 5040 2873 5093 δοκούντων
2901 5039 3282 5107 ἀποστήσεται.
3312 5036 3474 5089 Ὥστε
3516 5036 3725 5108 οὐδαμῆ
3755 5037 3909 5107 χρήσι-

2406 5149 2503 5200 μος
2537 5131 2668 5201 πρὸς
2686 5130 2868 5182 τὰτοῦ
2892 5129 3191 5204 Πλάτωνος.
3212 5127 3330 5179 Ἔτι
3354 5130 3382 5179 ὸ
3403 5126 3499 5197 μὲν
3762 5126 3911 5178 πάντα

2402 5222 2471 5273 τὰ
2495 5221 2739 5291 σώματα,
2767 5220 2863 5273 ἁτε
2894 5218 2987 5272 ἐπὶ
3014 5219 3143 5288 μιᾶς
3181 5219 3373 5288 ὁμοίας
3409 5217 3538 5287 ὕλης

2407 5309 2646 5379 βούλεται
2673 5308 2963 5379 τρέπεσθαι
2983 5309 3076 5361 καὶ
3105 5309 3453 5378 μεταϐάλλειν
3474 5310 3553 5371 τις
3573 5308 3801 5380 ἄλληλα*
3824 5310 3849 5360 ὸ
3864 5306 3909 5358 ἃ

770 5410 862 5454 aut
884 5394 930 5455 si
950 5398 1191 5453 Pla'tonis
1216 5397 1516 5451 doctrinam
1546 5399 1797 5461 stabiliet,
1830 5412 1859 5450 a
1891 5398 2117 5455 decretis
2151 5416 2302 5455 averL

2405 5400 2496 5451 ἐπὶ
2529 5402 2625 5469 μὲν
2651 5400 2759 5452 τῶν
2780 5399 2951 5453 ἄλλων
2985 5400 3170 5453 οὐσίαν
3196 5400 3380 5469 ἀπαθῆ
3405 5413 3487 5463 τι,
3514 5402 3610 5453 και
3647 5402 3906 5471 ἄφθαρτον.

771 5501 846 5544 tet
874 5491 1009 5545 suis.
1038 5491 1114 5543 ita
1143 5488 1382 5541 Platonis
1412 5488 1477 5541 ad
1509 5498 1739 5543 mentem
1768 5487 2135 5557 explicandam
2168 5491 2303 5545 nihil

773 5580 994 5633 omnino
1018 5577 1263 5632 conferre
1287 5584 1478 5646 potest.
1510 5574 1793 5643 Praeterea,
1813 5578 1955 5647 quod
1981 5593 2141 5632 unam
2156 5594 2305 5633 eam-

774 5667 1000 5737 demque
1052 5682 1333 5735 mrporum
1378 5664 1619 5720 omnium
1662 5666 1937 5721 materiam
1980 5681 2101 5722 esse
2127 5669 2306 5722 videa—

777 5770 931 5818 mus,
962 5772 1024 5810 ea
1062 5756 1211 5808 Plato
1254 5756 1308 5809 iu
1350 5769 1467 5811 sese
1514 5763 1702 5809 mutuo
1730 5760 1967 5811 converti
2006 5759 2307 5826 mutarique

774 5846 943 5901 voluit
972 5866 986 5900 :
1018 5846 1329 5904 Aristoteles
1357 5860 1487 5901 vero
1515 5847 1731 5903 omnino
1752 5848 1890 5902 inter
1915 5858 2105 5907 caetera
2138 5842 2307 5907 mate-

2407 5492 2498 5543 καὶ
2522 5492 2784 5562 ἄτρεπτον
2817 5492 3028 5553 πάντως
3057 5488 3215 5557 όξιᾱ,
3259 5490 3347 5544 ἵνα
3376 5490 3442 5561 δὴ
3482 5495 3556 5561 μὴ
3602 5492 3907 5558 eum

2406 5582 2564 5650 νήτου
2586 5582 2729 5642 τινὸς
2752 5581 3069 5652 πράγματος
3088 5583 3352 5652 γεννητὴς
3388 5577 3525 5635 εἶναι
3559 5584 3692 5654 δοκῇ
3711 5601 3727 5615 ·
3746 5594 3908 5661 νηριτ-

2406 5672 2497 5723 τὸν
2522 5671 2618 5741 μὲν
2648 5672 2740 5723 καὶ
2772 5672 2899 5724 ῑδιον
2925 5672 3233 5725 παντάπασι
3263 5672 3431 5741 λέγων
3455 5674 3603 5729 οὑδὶν
3622 5714 3639 5737 ,
3660 5674 3729 5728 τὰ
3752 5673 3803 5727 δὲ
3830 5670 3909 5724 ὑπὸ

2411 5762 2686 5824 Πλάτωνος
2735 5765 2821 5815 ἐπ’
2869 5763 3039 5817 ἄλλων
3073 5765 3351 5834 ἑωραμένα
3384 5765 3584 5829 καλῶς,
3614 5765 3911 5834 ’μεταφιρων

2412 5852 2500 5903 ἐπὶ
2524 5852 2591 5904 τὰ
2626 5852 2697 5921 μὴ
2723 5856 3077 5922 προσήκοντα.
3108 5854 3369 5925 Καθάπερ
3392 5857 3534 5919 τινὲς
3570 5857 3679 5909 τῶν
3725 5856 3909 5922 ὕστερ’*

3968 1266 3971 1435 Ι

3971 1538 3973 1631 κ
