4014 6356
55 510 181 564 1521

1182 511 1495 565 ΡΠΛΞΡΛΙΚ.
1547 511 1628 562 ΚΥ

1669 510 1788 564 .NG.
1832 510 1953 562 [ιιι.
2005 509 2112 561 ΧΥ.
3088 510 3217 561 3522’.

50 631 349 699 γενομένων
369 632 829 701 ἀνδριαντοποιῶν.
871 633 1091 683 Ἐκεῖνοι
1111 621 1218 702 γὰρ
1252 632 1588 700 ἀπομιμησὼ
1618 641 1639 695 Α

1691 630 1823 683 riam
1872 630 2085 683 censuit
2127 627 2507 696 impatibilem,
2560 626 3010 694 incorruptibilem
3054 635 3108 678 et
3138 630 3219 677 in-

53 739 196 791 μενοι
218 721 369 774 τοῦδε
395 722 486 774 τοῦ
520 722 706 792 ἀνδρὸς
739 722 973 791 κεφαλὴν
1000 763 1013 785 ,
1053 722 1208 773 ἄλλου
1245 721 1300 773 δὲ
1344 722 1402 773 τὸ
1435 722 1587 791 στέρ-

50 831 152 873 νον,
184 813 371 882 ἑτέρου
396 812 451 865 δὲ
482 812 577 882 τὴν
604 811 795 880 ζώνην,
812 816 889 875 εἰς
910 814 1099 865 ταύτὸν
1124 811 1398 873 συνθέντες
1420 811 1587 862 ἐνίοτε

53 906 119 974 μὴ
150 907 496 974 προσήκοντα
526 906 817 974 πράγματα
849 905 1109 973 ἀλλήλοις,
1139 904 1356 955 ἔπεισαν
1392 903 1586 964 αὐτοὺς

48 996 119 1057 ὦς
138 1012 189 1047 τι
225 996 578 1065 πεποιηκότες
604 994 728 1047 [διον
747 1013 760 1025 ·
781 996 871 1047 καὶ
889 996 1054 1057 ὅντως
1081 995 1142 1046 τὸ
1169 994 1264 1063 μὲν
1290 993 1405 1045 ὅλον
1428 1034 1442 1056 ,
1464 992 1493 1043 δ
1520 992 1581 1060 δή

50 1106 123 1149 τις
142 1086 206 1138 ἂν
231 1086 594 1155 ἀσυμμέτρως
615 1086 758 1153 ἔχειν
787 1086 1101 1145 αἰτιάσαιτο,
1130 1085 1273 1136 ἐστὶν
1293 1082 1490 1144 αὐτῶν,
1518 1082 1585 1135 τὰ

47 1177 158 1228 δ’ὲν
179 1175 331 1244 αὐτῷ
360 1176 784 1245 συνηρανισμένα
823 1175 912 1227 καί
952 1191 1003 1225 τι
1047 1173 1206 1225 καλὸν
1252 1173 1438 1242 ἔχοντα
1485 1173 1583 1223 οὐκ

49 1265 233 1318 αὐτῶν.
278 1264 542 1327 Ὡσαύτως
569 1266 737 1319 δὲκαὶ
786 1265 1172 1334 Ἀριστοτέλης,
1207 1263 1416 1316 ἀκούων
1446 1263 1583 1314 ΙΙλά-

48 1373 223 1419 τωνος,
245 1357 326 1407 ὅτι
352 1356 465 1406 ἐστί
502 1373 582 1417 τις
606 1356 757 1407 οὐσία
791 1354 949 1423 νοητὴ
983 1353 1101 1406 καθ’
1126 1354 1291 1423 αὐτὴν
1312 1394 1326 1417 ,
1363 1351 1582 1419 ἀσώμα-

47 1449 127 1509 τός
150 1463 231 1509 τε,
256 1447 352 1498 καὶ
381 1444 718 1514 ἀχρώματος,
750 1447 842 1496 καὶ
867 1444 1073 1513 ἀναφὴς
1096 1482 1110 1505 ,
1150 1442 1268 1494 οὔτε
1304 1442 1577 1509 γινομένη,

48 1538 158 1589 οὒτε
187 1536 535 1605 φθειρομένη,
573 1534 692 1587 οὔτε
727 1534 1061 1604 τρεπομένη,
1092 1532 1213 1584 οὗτε
1255 1532 1581 1600 μεταϐαλλο-

52 1630 197 1697 μένη,
237 1626 327 1678 ἀεὶ
362 1627 417 1678 δὲ
439 1626 577 1678 κατά
604 1626 670 1677 τὰ
712 1626 846 1677 αὺτά
896 1624 989 1677 καὶ
1031 1622 1285 1684 ὡσαύτως
1347 1621 1574 1690 ἔχουσα’

48 1719 195 1770 πάλιν
252 1717 295 1768 δ’
347 1714 413 1769 αὖ
469 1717 593 1785 περὶ
644 1716 749 1766 τῶν
788 1715 905 1767 κατ’
956 1713 1177 1783 οὐρανὸν
1226 1711 1456 1772 ἀκούων,
1503 1711 1578 1771 ὡς

46 1808 158 1859 ὄντα
188 1808 298 1877 (91)
327 1808 443 1859 θεῖα
465 1808 556 1858 καὶ
575 1807 821 1876 ἄφθαρτα
845 1806 936 1857 καὶ
965 1804 1147 1871 ἀπαθῆ
1178 1804 1290 1854 ὲστι
1334 1800 1575 1870 σώματα,

49 1898 318 1966 συνέθηκε,
341 1898 432 1949 καὶ
460 1896 835 1964 συνεκόλλησεν
872 1895 931 1957 ἐξ
961 1896 1155 1964 ἀμφοῖν
1187 1894 1478 1963 πράγματα
1505 1893 1576 1962 μὴ

47 1988 341 2057 συνᾴδοντα.
374 1988 506 2057 Παρ’
541 1981 612 2039 ὧν
638 1988 730 2055 μὲν
759 1987 863 2057 γὰρ
891 1986 951 2037 τὸ
976 1983 1108 2037 εἶναι
1132 1985 1307 2053 σῶμα,
1336 1985 1462 2054 παρ’
1499 1978 1571 2035 ὧν

46 2078 92 2127 δὲ
124 2080 176 2130 τὸ
204 2078 412 2139 ἀπαθὲς
443 2075 577 2130 εἶναι
599 2076 795 2140 λαϐὼν,
818 2078 972 2146 σῶμα
999 2074 1201 2136 ἀπαθὲς
1232 2076 1569 2143 ἐτεκτήνατο.

56 2166 163 2217 Ἐπὶ
202 2169 299 2235 μὲν
328 2165 420 2220 οὖν
459 2167 564 2219 τῶν
603 2166 953 2237 ἀνδριάντων,
989 2168 1039 2217 εἰ
1083 2164 1175 2216 καὶ
1211 2164 1282 2233 μὴ
1320 2164 1478 2217 καλὸν
1514 2166 1575 2217 τὸ

48 2256 100 2305 ὲκ
129 2256 230 2308 τῶν
254 2257 632 2326 διαφερόντων,
658 2255 771 2307 οὔτι
798 2275 859 2324 γε
891 2256 1143 2308 ἀδύνατον
1181 2255 1449 2322 γενέσθαι.
1487 2258 1573 2308 Δι-

48 2345 216 2399 δάσκει
246 2343 341 2401 οὖν
365 2348 432 2399 τά
452 2347 667 2400 τοιαῦτα
692 2348 782 2399 καὶ
817 2349 1055 2417 Ὅμηρος
1073 2363 1088 2377 ⁸

1685 718 2117 787 commutabilem
2143 758 2157 782 ,
2194 718 2439 772 videlicet
2460 758 2473 782 ,
2509 732 2575 770 ne
2604 718 2977 771 contemnendi
3009 716 3223 782 dogma-

1685 813 1752 865 tis
1782 813 2023 865 inventor
2042 810 2345 863 haberetur.
2388 808 2444 862 ln
2485 826 2593 878 quo
2634 819 2807 862 tamen
2852 810 3105 863 eximium
3140 807 3220 862 af-

1685 902 1787 955 fert
1811 915 1874 955 ac
1906 901 2175 969 singulare
2206 901 2374 964 nihil,
2404 915 2465 953 ea
2492 902 2650 954 modo
2679 916 2797 969 quze
2822 902 3070 969 praeclare
3099 900 3223 955 aliis

1686 989 1738 1043 in
1764 989 1925 1043 rebus
1947 988 2096 1042 Plato
2130 989 2595 1052 animadverterat,
2630 989 2879 1043 transfert
2903 979 2966 1042 ad
2992 989 3216 1043 alienas.

1683 1078 1736 1131 ld
1762 1080 1903 1148 quod
1938 1080 2209 1133 nonnullis
2234 1095 2263 1133 c
2291 1080 2675 1133 recentioribus
2703 1081 2977 1133 statuariis
3006 1096 3103 1133 usu
3131 1096 3219 1134 ve-

1684 1171 1778 1222 nit.
1814 1169 1893 1223 llli
1924 1172 2067 1224 enim
2105 1172 2336 1225 hominis
2366 1172 2525 1226 unius
2552 1182 2730 1241 caput,
2768 1174 2987 1226 alterius
3011 1183 3216 1240 pectus,

1682 1261 1899 1314 alterius
1935 1260 2207 1329 cingulum
2236 1261 2449 1324 imitati,
2484 1272 2767 1331 partesque
2794 1262 2928 1315 alias
2950 1277 3071 1317 cum
3096 1263 3218 1317 aliis

1682 1350 1858 1404 minus
1900 1365 2042 1419 smpe
2082 1351 2406 1406 cohaerentes
2456 1353 2592 1406 inter
2632 1368 2747 1406 sese
2785 1352 3079 1419 complexi,
3115 1351 3217 1406 hoc

1680 1443 1779 1496 sibi
1811 1452 2061 1511 tanquam
2109 1443 2382 1511 proprium
2434 1443 2647 1510 aliquod
2697 1444 3029 1510 gratulantur
3056 1458 3212 1510 opus.

1682 1533 1745 1588 Et
1767 1549 1893 1589 vero
1916 1543 2084 1587 totum
2126 1535 2250 1587 illud
2273 1574 2286 1597 ,
2315 1535 2457 1603 quod
2497 1535 2617 1603 jure
2648 1537 2789 1589 velut
2835 1535 3211 1589 inconcinnum

1678 1638 1730 1681 et
1760 1628 2091 1682 inconditum
2118 1629 2554 1697 reprehenditur,
2603 1629 2839 1697 ipsorum
2863 1636 2977 1694 est;
3020 1629 3216 1697 quibus

1677 1734 1741 1770 ex
1771 1719 2012 1787 partibus
2041 1728 2157 1784 est,
2192 1721 2383 1773 collata
2409 1720 2562 1788 quasi
2604 1720 2739 1787 stipe
2765 1719 3049 1772 conﬂatum
3069 1760 3082 1781 ,
3118 1732 3213 1780 ere,

1677 1821 1799 1859 eum
1831 1807 2098 1874 elegantes
2124 1822 2216 1876 per
2239 1822 2356 1861 sese
2383 1823 2444 1861 ac
2468 1809 2643 1875 polita:
2665 1810 2771 1860 sint
2789 1848 2803 1869 ,
2835 1808 2901 1860 ad
2934 1808 3053 1861 illos
3084 1808 3216 1859 nihil

1676 1896 1958 1964 pertinent.
1997 1895 2087 1959 Sic
2110 1898 2424 1953 Aristoteles
2446 1939 2460 1963 ,
2488 1914 2612 1951 cum
2650 1914 2713 1951 ex
2744 1897 2969 1967 Platone
3005 1897 3217 1949 audiret

1676 1987 1960 2040 essentiam
1994 1988 2225 2057 aliquam
2250 2004 2387 2054 esse,
2421 2004 2540 2057 quae
2564 1999 2749 2057 suapte
2781 1998 2971 2041 natura
2998 1987 3216 2055 spirita-

1678 2078 1763 2142 lis,
1802 2080 2136 2148 incorporea,
2166 2082 2361 2135 coloris
2383 2096 2573 2149 expers
2593 2121 2609 2146 ,
2643 2090 2949 2151 tactumque
2980 2078 3211 2148 fugiens,

1678 2182 1778 2220 nec
1802 2167 2026 2234 oriatur,
2056 2186 2155 2223 nec
2180 2170 2403 2223 intereat
2429 2185 2684 2238 unquam,
2712 2179 2805 2222 aut
2838 2178 3091 2222 mutetur.
3116 2168 3209 2220 sed

1674 2257 1861 2311 eodem
1900 2273 2111 2326 semper
2148 2260 2199 2311 in
2244 2268 2382 2313 statu
2410 2271 2713 2329 permaneat
2753 2276 2766 2311 :
2806 2258 3071 2326 simulque
3104 2272 3212 2310 cce-

1676 2344 1900 2400 lestibus
1931 2346 1996 2400 de
2022 2348 2180 2400 rebus
2203 2348 2442 2411 audiret,
2478 2348 2655 2400 divina
2680 2346 2927 2415 quaedam
2952 2361 3069 2400 esse
3095 2346 3211 2398 ani-

51 2440 253 2504 mantia,
284 2456 405 2509 quae
429 2456 527 2511 nec
554 2441 705 2509 plane
750 2440 1043 2508 corrumpi,
1102 2456 1199 2493 nec
1234 2439 1411 2493 infesti
1438 2438 1726 2507 quidquam
1792 2432 1975 2492 subire
2030 2448 2284 2507 possent;
2318 2451 2544 2507 utroque
2579 2453 2644 2492 ex
2673 2452 2865 2507 genere
2924 2437 3209 2504 conjunxit

49 2537 88 2579 et
115 2530 497 2597 conglutinavit
551 2545 647 2593 ea,
696 2545 814 2598 qum
840 2531 977 2582 inter
1028 2544 1085 2583 se
1146 2514 1367 2583 minime
1435 2528 1804 2581 convenirent.
1845 2526 1979 2580 Cum
2020 2527 2162 2581 enim
2207 2528 2275 2580 ab
2310 2529 2427 2582 aliis
2459 2542 2652 2596 corpus
2688 2541 2807 2581 esse
2838 2525 3086 2593 aliquod,
3144 2528 3213 2579 ab

50 2619 153 2672 aliis
184 2634 292 2673 non
352 2620 569 2688 patibile
607 2622 732 2689 quid
769 2635 887 2674 esse
931 2630 1193 2683 sumeret,
1243 2634 1438 2687 corpus
1478 2619 1591 2687 ipse
1659 2633 1764 2672 non
1817 2618 2033 2687 patibile
2068 2618 2356 2674 fabricatus
2392 2629 2494 2674 est.
2548 2620 2615 2674 Et
2651 2621 2704 2673 in
2750 2623 2940 2675 statuis
2971 2611 3208 2690 quidem,

52 2714 399 2782 utpulchrum
455 2714 508 2768 id
574 2714 895 2785 elegansque
960 2729 1064 2767 non
1117 2715 1206 2780 sit,
1239 2713 1593 2767 dissimilibus
1618 2723 1796 2767 tamen
1828 2727 1893 2767 ex
1914 2712 2154 2789 partibus
2183 2712 2300 2767 fieri
2325 2713 2525 2782 aliquid
2552 2723 2746 2784 potest,
2770 2728 2829 2771 ut
2855 2719 3077 2788 ipsemet
3104 2720 3209 2775 llo-

54 2819 214 2857 merus
237 2804 465 2859 cecinit:

50 2914 290 2984 Ὄμματα
319 2915 447 2985 γὰρ,
486 2915 637 2985 φησὶ,
666 2915 763 2968 καὶ
791 2916 1077 2991 κεφαλὴν,
1119 2916 1315 2980 ικελος
1328 2916 1413 2991 All
1444 2932 1565 2982 rep-
1616 2988 1617 2991 η

1067 2984 1428 3054 [πίικεραύνῳ
1446 3024 1461 3047 ,

53 3056 187 3120 Ἀρεῖ
215 3052 281 3105 δὲ
322 3052 524 3119 ζώνην,
562 3052 812 3119 στέρνον
846 3052 913 3104 δὲ
949 3052 1323 3106 Ποσειδάωνι.

49 3164 110 3217 Τὸ
125 3165 177 3219 δὲ
201 3164 358 3235 σῶμα
381 3165 587 3228 ἀπαθὲς
609 3168 707 3218 οὐκ
732 3168 794 3220 ἀν
817 3176 942 3219 ποτε
968 3166 1190 3233 γένοιτο.
1225 3166 1443 3237 Παθητῇ
1462 3167 1568 3236 γὰρ

50 3255 129 3306 καὶ
156 3258 357 3326 τρεπτῇ
389 3256 759 3325 συνδεδεμένον
783 3256 1197 3327 φύσει-ἀνάγκην
1224 3256 1332 3326 ἔχει
1359 3274 1420 3308 συ
1430 3274 1570 3325 μπα-

1662 2915 1830 2985 806
1880 2911 1980 2967 Ille
2011 2913 2283 2982 oculosque
2325 2922 2575 2983 caputque
2625 2913 2799 2980 lovis,
2856 2921 2945 2985 qui
2993 2920 3209 2987 fulmine

2420 3004 2421 3007 ‘
2971 2987 3201 3056 [φανείη.

1668 3052 1891 3121 Cingula
1920 3050 2193 3122 Mavortis,
2228 3050 2460 3120 Neptuni
2490 3061 2695 3119 pectora
2727 3054 2901 3120 gessit.

1668 3168 1735 3219 At
1780 3145 1975 3233 corpus
2008 3177 2116 3217 non
2146 3163 2363 3232 patibile
2402 3163 2605 3217 nullum
2638 3179 2756 3218 esse
2800 3174 2992 3235 potest.
3050 3167 3203 3233 Quod

1670 3256 1811 3311 enim
1844 3270 1966 3309 cum
1996 3254 2204 3323 patibili
2238 3254 2587 3322 mutabilique
2614 3264 2804 3309 natura
2836 3260 3202 3314 consociatum

52 3344 162 3408 Θεῖν,
188 3340 231 3415 ᾧ
254 3346 616 3410 συνέζευκται.
642 3348 703 3399 El
725 3347 779 3400 δέ
806 3347 1075 3412 τιάπαθὲς
1104 3350 1211 3418 εἴη,
1239 3347 1393 3401 τοῦτο
1418 3349 1568 3416 ἀφει-
1595 3336 1639 3397 C

1669 3357 1749 3401 est
1768 3388 1783 3412 ,
1813 3346 1865 3400 id
1893 3359 2154 3400 cum-suo
2192 3345 2281 3399 illo
2310 3353 2556 3398 consorte
2587 3346 2819 3413 patiatur
2849 3362 3067 3403 necesse
3101 3361 3204 3405 est.

55 3436 189 3503 μένον
215 3438 308 3490 καὶ
337 3437 613 3508 ἐλεύθερον
645 3438 751 3489 ἀπὸ
778 3438 868 3490 τοῦ
920 3439 1214 3508 πάσχοντος
1271 3435 1407 3490 εἶναι
1459 3439 1564 3491 δεῖο

50 3523 169 3577 ὥστε
197 3528 365 3597 χωρὶς
383 3528 447 3579 ἂν
469 3528 552 3598 εῐη
574 3528 670 3597 τῆς
695 3527 844 3598 ὕλης,
865 3525 931 3585 ἧς
958 3531 1351 3600 κεχωρισμένον
1371 3572 1387 3595 ,
1429 3528 1569 3582 ἀσώ-

1667 3434 1821 3500 Quod
1854 3449 1983 3488 vero
2009 3434 2228 3504 patibile
2258 3449 2364 3487 non
2392 3435 2484 3499 sit,
2519 3434 2571 3486 id
2608 3449 2637 3485 a
2674 3435 2877 3502 patibili
2906 3436 3203 3505 sejunctum

1665 3537 1729 3575 ac
1756 3521 1983 3575 liberum
2016 3529 2228 3588 oportet
2264 3535 2384 3574 esse
2404 3560 2419 3584 ,
2451 3530 2835 3590 proptereaque
2874 3534 3139 3579 secretum
3170 3542 3199 3579 a

1666 3613 1921 3678 materia,
1953 3612 2109 3680 cujus
2129 3627 2322 3682 expers
2355 3614 2400 3668 ei
2436 3613 2629 3679 fuerit,
2663 3617 2908 3685 corporis
2940 3618 3078 3672 idem
3107 3634 3202 3672 ex-

1666 3718 1785 3770 pers
1823 3702 2129 3756 necessario
2170 3701 2351 3755 fuerit.
2386 3722 2405 3754 ι
2460 3702 2729 3759 Hactenus
2771 3706 2877 3760 ille.
2946 3704 3051 3760 Sed
3096 3708 3201 3762 alia

1666 3805 1823 3860 porro
1857 3790 2154 3853 videamus,
2184 3790 2239 3843 in
2268 3791 2465 3859 quibus
2496 3792 2633 3846 idem
2662 3794 2778 3861 ipse
2798 3794 3203 3868 Aristotelemxa

1664 3881 1882 3937 Platone
1910 3881 2192 3936 dissentire
2224 3881 2574 3935 demonstrat.

2220 3988 2445 4043 CAPUT
2500 3989 2632 4045 VIII.

1666 4082 1910 4149 Ejusdem
1934 4082 2177 4135 adversus
2202 4083 2435 4134 eumdem
2455 4122 2468 4144 ,
2504 4099 2535 4134 a
2570 4079 2786 4137 Platone
2826 4101 2993 4137 rerum
3025 4087 3076 4139 in
3101 4102 3199 4140 cae-

1734 4152 1943 4223 lestium
1998 4153 2307 4223 tractatione
2337 4152 2704 4217 dissidentem;
2734 4170 2847 4223 qua:
2872 4170 3057 4222 parum
3098 4158 3195 4209 ad-

1732 4221 1939 4272 modum
1955 4222 2152 4273 curaeit
2182 4220 2403 4288 Moyses.

54 3632 194 3682 ματον
229 3617 535 3683 ἀναγκαίως
582 3618 872 3686 ὁμολογοῖτ’
925 3622 1007 3672 ιν.
1064 3622 1182 3672 Ἐτι
1224 3622 1315 3673 καὶ
1362 3619 1566 3683 τούτοις

51 3703 349 3776 πρᾶσχωμεν
370 3706 457 3758 τὸν
486 3707 624 3771 νοῦν,
650 3710 704 3759 ὲν
745 3711 885 3772 ὅσοις
911 3712 1085 3773 ἀλλοις
1110 3710 1453 3782 διαφέρεσθαι
1491 3710 1566 3779 τῷ

53 3791 267 3850 Πλάτωνι
294 3798 387 3851 τὸν
435 3799 809 3869 Ἀριστοτέλιην
829 3804 1166 3872 παρίστησιν.

538 3994 922 4047 ΚΕΦΑΛΑῙΟΝ
956 3996 1036 4047 Η’.

57 4077 149 4131 Τοῦ
182 4085 360 4153 αὐτου
396 4083 541 4151 πρὸς
579 4084 682 4137 τὸν
708 4072 912 4149 αὑτὸν,
938 4084 1033 4136 καὶ
1060 4085 1128 4137 ἐν
1165 4086 1287 4153 τοῖς
1323 4089 1561 4140 κατόὐ-

104 4151 278 4220 pavor
327 4154 656 4218 θεωρήμασι
714 4152 1081 4220 διενεχθέντα
1129 4154 1209 4219 τῷ
1264 4151 1558 4220 Πλάτωνι,

118 4218 276 4273 ἅτινα
306 4220 562 4288 Μωῡσῆς
586 4225 655 4275 οὐ
693 4218 1184 4289 πολυπραγμονεῖ.

119 4327 135 4359 ι
172 4310 393 4364 Ἔπειτα
416 4311 620 4375 τούτοις
646 4312 878 4383 ἑπόμενα
901 4312 1082 4376 πολλὰ,
1108 4316 1166 4366 ὲν
1192 4308 1270 4376 οἷς
1297 4315 1568 4384 διαφέρον-

1735 4326 1754 4359 ι
1789 4308 2118 4376 Sequuntur,
2145 4308 2340 4378 inquit,
2370 4309 2474 4363 alia
2502 4302 2710 4374 deinde,
2729 4312 2781 4363 in
2812 4311 3010 4380 quibus
3035 4314 3194 4367 ambo

56 4411 143 4451 ται.
182 4400 235 4453 '0
258 4400 355 4469 μὲν
389 4405 498 4473 γάρ
525 4420 653 4473 φησι
686 4404 754 4456 τά
784 4406 899 4456 κατ’
933 4404 1153 4474 οὐρανὸν
1177 4405 1274 4473 τὴν
1312 4405 1563 4474 πλείστην

1669 4400 1950 4461 dissident,
2009 4412 2139 4451 sane
2180 4399 2594 4467 quamplurima.
2652 4400 2963 4455 Crelestium
2994 4404 3193 4472 quippe

60 4484 175 4540 ἰδέαν
201 4492 259 4542 ὲκ
471 4492 611 4561 ἔχειν
632 4493 741 4565 (92)
762 4511 775 4525 ο
806 4497 834 4547 ό
851 4494 905 4546 δὲ
946 4495 1161 4565 μηδαμῆ
1188 4494 1295 4563 (93)
1326 4498 1561 4564 μετεῖναι

1669 4507 1840 4549 rerum
1884 4489 2115 4559 speciem
2158 4489 2393 4543 maxime
2424 4488 2572 4543 Plato
2605 4489 2733 4543 facit
2770 4506 2836 4545 ex
2881 4493 3031 4562 igne;
3075 4495 3192 4549 Ari-

56 4580 148 4640 τοίς
175 4580 433 4651 οὐρανίοις
482 4584 665 4653 πυρός.
715 4585 823 4637 Καὶ
851 4587 879 4638 ὁ
912 4586 1008 4654 μέν
1034 4602 1194 4654 φησιν
1225 4584 1423 4651 ἀνάψαι
1470 4585 1560 4637 τὸν

1669 4583 1877 4638 stoteles
1896 4581 2061 4635 ullum
2081 4594 2301 4648 prorsus
2325 4579 2428 4634 illis
2450 4594 2568 4634 esse
2582 4590 2739 4651 negat
2762 4598 2885 4639 cum
2904 4584 3023 4654 igne
3046 4600 3193 4639 com-

57 4663 164 4721 Θεὸν
194 4671 303 4738 φῶς
332 4672 390 4724 ὲν
413 4674 479 4743 τῇ
498 4672 718 4744 δευτέρᾳ
750 4674 857 4745 (94)
892 4677 1027 4745 πρὸς
1046 4678 1169 4756 γῆν,
1189 4676 1417 4746 περιόδῳ
1435 4715 1451 4740 ,
1492 4675 1557 4727 ἵν’
1589 4654 1633 4708 D

1669 4675 1936 4730 mercium.
1970 4672 2060 4727 llle
2085 4671 2251 4727 Deum
2283 4672 2357 4726 ait
2381 4671 2446 4726 ad
2475 4674 2769 4728 secundum
2792 4690 2955 4744 supra
2981 4683 3180 4729 terram

1558 4823 1563 4828 ·
1658 4803 1840 4858 Genesi
1869 4804 1936 4856 ad
1973 4802 2153 4865 litter.,
2186 4809 2301 4870 cap.
2326 4802 2381 4867 5,
2407 4802 2497 4855 ubi
2548 4816 2612 4856 ex
2658 4805 2927 4857 Communi
2955 4803 3187 4871 quadam

1658 4874 1937 4935 sententia,
1965 4887 2125 4935 quam
2173 4872 2227 4924 in
2258 4872 2477 4924 dubium
2524 4874 2670 4925 nullo
2710 4873 2868 4934 modo
2895 4881 3069 4935 vocat,
3108 4873 3190 4927 sic

1658 4887 1937 4935 sententia,
1965 4887 2125 4994 quam
2173 4887 2227 4924 ιιι
2258 4887 2477 4924 auorum
2524 4887 2670 4925 nutto
2710 4887 2868 4934 ωοοο
2895 4887 3069 4935 vocat,
3108 4887 3190 4927 sne

1658 4943 1933 5010 loquitur:
2002 4951 2151 5010 taque
2188 4956 2340 5007 super
2378 4956 2545 4993 aerem
2570 4940 2896 5010 purusignis
2924 4956 3029 4993 esse
3063 4941 3191 4993 dici-

1658 5008 1743 5063 tur
1774 5010 1975 5071 celum,
2002 5009 2136 5077 unde
2159 5010 2315 5061 etiam
2340 5010 2531 5071 sidera,
2560 5018 2710 5077 atque
2735 5008 3021 5061 lu'minaria
3042 5010 3185 5077 facta

1655 5080 1959 5147 conjectant,
1989 5076 2137 5147 illius
2168 5078 2400 5131 uidelicet
2427 5080 2588 5147 ignea:
2609 5076 2751 5147 lucis
2771 5078 2825 5127 in
2850 5093 2935 5129 eas
2963 5076 3183 5145 formas,

1654 5144 1781 5215 quos
1817 5148 1871 5198 in
1906 5144 2030 5197 celo
2070 5148 2324 5200 cernimus
2344 5185 2359 5209 ,
2386 5144 2688 5215 conglobata
2720 5144 3070 5217 dispositaque
3098 5165 3186 5200 na-

1867 5281 1935 5365 'Q_
1952 5280 2020 5333 δὲ
2039 5281 2294 5365 μηδαμῆ.
2318 5280 2432 5365 Non
2455 5289 2661 5365 tantum
2688 5282 2741 5335 in
2772 5283 2908 5365 libro
2936 5282 3010 5337 De
3036 5284 3178 5365 calo,

1655 5350 1742 5405 ubi
1782 5351 2022 5421 pluribus
2054 5350 2246 5405 ccelum
2289 5350 2539 5413 ostendit,
2582 5351 2734 5420 longe
2771 5353 2874 5405 alia
2922 5368 3079 5421 quam
3114 5356 3178 5403 τὰ

1654 5421 1756 5472 ὑπὸ
1787 5420 2247 5489 σελήνην,ιιιιιιη
2271 5428 2518 5489 constare
2541 5436 2557 5471 :
2580 5420 3001 5489 nominatimque
3025 5423 3111 5473 lib.
3140 5438 3177 5479 ι.

1652 5504 1767 5555 cap.
1792 5489 1847 5551 2,
1882 5488 1999 5543 Sub.
2028 5488 2143 5551 θη..
2170 5497 2225 5541 et
2244 5488 2332 5541 lib.
2366 5502 2427 5553 ιι,
2449 5501 2570 5555 cap.
2591 5489 2656 5554 7;
2684 5488 2774 5543 sed
2805 5493 2963 5543 etiam
2998 5490 3085 5541 lib.
3120 5505 3176 5540 ιιι

1654 5557 1887 5617 Meteon.
1929 5573 2047 5625 cap.
2086 5558 2137 5609 5.
2173 5556 2425 5625 Pererius
2452 5565 2632 5612 noster
2677 5557 2765 5610 lib.
2806 5574 2841 5611 ll
2876 5560 2931 5609 in
2975 5556 3179 5620 (ἕρπει,

1867 5627 1952 5691 10,
1983 5623 2120 5679 lianc
2162 5623 2462 5681 Aristotelis
2498 5626 2815 5685 sententiam
2843 5625 3050 5680 erudite
3083 5627 3179 5679 de-

1670 5712 1732 5747 en
1773 5713 1788 5748 l
1819 5735 1832 5747 .
2664 5724 2671 5729 '

1670 5704 1832 5887 ῗξὲἕξ
1844 5767 1937 5885 ’ἰν
1956 5764 2029 5833 τῇ
2053 5761 2313 5831 δευτέρᾳ.
2342 5762 2492 5819 Plato
2521 5764 2581 5831 in,
2755 5755 2967 5829 Timeo,
2997 5776 3050 5831 ι).
3076 5761 3179 5817 529

1646 5843 1921 5887 ειδδυιι.

131 4799 211 4866 91)
235 4798 391 4856 Forte
410 4800 485 4864 ὡς
509 4794 599 4853 οὖν
625 4800 711 4855 τά.

194 4868 213 4936 )
244 4870 337 4923 Ἐκ
374 4869 559 4937 πυρὸς
581 4870 757 4937 ἔχειν.
790 4869 941 4923 Plato
969 4870 1023 4922 in
1060 4869 1251 4924 Timeo
1271 4910 1286 4933 ,
1310 4884 1428 4937 pag.
1453 4869 1557 4923 530

58 4930 355 5006 C_.'qu'atuor
394 4930 743 4992 animantium
773 4938 919 4992 ideas
951 4940 1227 4992 constituit
1261 4930 1281 4989 :V
1309 4930 1554 5006 primam,

59 5002 440 5077 οὐράνιονᾉθεῶν
461 5007 611 5075 γένος
630 5022 644 5035 ⁸
672 5007 955 5077 secundam
986 5007 1182 5077 πτηνὸν
1200 5002 1559 5077 Aut-depond-

180 5075 381 5156 tertiam
415 5071 628 5156 ξνυδρον
658 5071 810 5155 εἶδος·
838 5071 1278 5156 quarter-ineant
1305 5071 1557 5156 καὶξχερ-

61 5138 365 5214 gentium
397 5146 461 5214 de
483 5138 653 5213 prima
678 5145 768 5214 τοῦ
795 5138 892 5213 μὲν
919 5138 1008 5195 οὖν
1030 5144 1172 5196 θείου
1191 5138 1286 5214 τὴν
1306 5138 1555 5214 πλείστην

60 5202 181 5282 θέαν
204 5210 263 5263 ἐκ
293 5213 459 5282 πυρὸς
484 5202 861 5282 ἀπειργάζετο,
890 5214 1035 5282 ὅπως
1066 5214 1144 5264 ὄτι
1164 5202 1551 5282 λαμπρότατον,

63 5270 169 5352 ξξιῖν
191 5293 244 5329 τε
273 5270 548 5352 κάλλιστον
584 5270 686 5352 εἴη’.
714 5270 927 5352 Addunt
953 5270 1172 5336 Proclus
1204 5270 1258 5336 et
1279 5270 1551 5352 Alcinous.

62 5338 304 5423 13‘?ng
336 5351 569 5423 sentire,
602 5338 666 5423 ex'
705 5351 1085 5423 elementorum
1114 5351 1262 5411 ﬂore,
1299 5348 1551 5423 ac'veluti

64 5406 270 5485 deliciis,
293 5406 789 5473 excellentissimum
822 5420 947 5473 illud
985 5432 1178 5485 corpus
1202 5406 1320 5473 esse
1358 5416 1554 5470 conﬂa-

62 5485 185 5560 tam;
214 5484 288 5560 sic
326 5494 501 5560 tamen
520 5556 530 5560 _
548 5496 607 5540 ut
636 5484 1226 5560 hac_i_ngtemp_eratione
1263 5487 1551 5560 RPEIJCiPS'."

218 5551 385 5607 locum
425 5555 700 5610 obtineret.
742 5555 874 5611 Vide
914 5551 1050 5609 intra
1073 5594 1089 5619 ,
1117 5570 1239 5625 pag.
1263 5551 1402 5617 ⁷858,
1429 5551 1549 5607 859.

182 5632 280 5670 due
321 5620 418 5670 SS.
451 5622 699 5670 Palmm-
733 5640 838 5670 non
871 5624 1173 5670 armorum
1218 5625 1375 5670 modo
1396 5660 1412 5670 .
1458 5624 1549 5670 sed

65 5620 280 5693 Ηρῆιιιιο
321 5620 418 5675 SS.
451 5622 666 5677 Patrum
686 5665 701 5688 ,
733 5640 839 5679 non
871 5620 1175 5679 Grzcoruin
1190 5620 1375 5678 'modo
1396 5660 1412 5685 ,
1458 5624 1551 5675 sed

64 5690 207 5769 ﬁlim.
227 5687 553 5769 Latinorum,
580 5692 634 5769 in
666 5693 1125 5769 eademppinione
1154 5693 1503 5769 vereat_i_sun_t
1535 5710 1547 5743 :

68 5761 111 5800 In
139 5758 310 5819 prinis
331 5758 558 5813 Basilius
584 5760 767 5814 homil.
793 5762 826 5814 3
856 5758 1241 5813 ἱιιἨεεαειιιεγ.
1264 5777 1281 5823 ;
1306 5761 1549 5813 Theodo-

70 5828 151 5871 νει·
177 5836 351 5890 quast.
378 5843 431 5881 xi
461 5829 515 5880 in
543 5826 793 5892 Genesin;
824 5829 1135 5883 Ambrosius
1165 5829 1257 5881 lib.
1286 5845 1322 5882 n
1355 5830 1407 5880 in
1446 5826 1549 5879 He-

69 5901 285 5962 luium,
316 5911 433 5964 cap.
463 5897 529 5963 ὃς
556 5898 878 5965 Augustinus
924 5898 1153 5965 passim,
1185 5905 1244 5953 ut
1284 5898 1373 5953 lib.
1411 5910 1447 5949 ιι
1472 5894 1548 5950 De

344 5987 606 6045 Panos.
646 5987 759 6046 Gn.
801 5986 971 6047 XXI.
2777 5982 2853 6041 £2
