4014 6340
100 320 287 376 13⁸53

1238 312 1553 368 ΡΒΕΡΑΗ.
1593 307 1837 365 EVANG.
1880 308 2003 363 LIB.
2031 302 2144 362 ΧΥ.

3179 307 3310 362 1534

95 436 321 503 spat-:0,
349 434 462 498 πῶς
491 437 615 507 περὶ
642 435 818 505 ψυχῆς
868 434 1097 501 λέγεται.
1154 434 1264 503 Τὴν
1305 433 1481 501 ψυχήν
1522 447 1646 500 φασι

1744 480 1751 497 λ
1781 437 2086 497 usurpetur,
2115 427 2193 481 sic
2217 426 2427 481 habeto.
2454 425 2704 480 Animum
2730 427 2898 489 aiunt,
2925 439 3048 480 cum
3077 425 3309 479 animato

96 528 173 578 ὲν
215 526 308 596 τῷ
340 527 571 595 συνθέτῳ
599 526 766 587 είδους
793 524 942 587 τάξιν
971 524 1045 586 ὡς
1090 522 1222 592 πρὸς
1271 522 1397 590 ὕλην
1429 520 1489 573 τὸ
1519 519 1646 585 σῶμε

1774 533 2019 587 corpore,
2052 518 2210 573 veluti
2242 533 2362 572 cum
2407 518 2631 572 materia
2658 525 3044 587 comparatum,
3075 517 3129 570 in
3156 530 3307 571 com-

98 616 379 686 ἔμψυχον
403 616 562 685 ἔχειν,
592 614 831 685 σώματος
858 615 914 666 δὲ
938 614 996 666 οὐ
1033 613 1227 675 παντὸς
1276 608 1431 675 εἶδος,
1466 610 1600 667 οὐδὲ.

100 707 319 778 σῶμα,
348 706 479 759 ἀλλὰ
506 705 748 774 φυσικοῦ,
778 703 1081 776 ὀργανικοῦ,
1108 704 1328 772 δυνάμει
1361 701 1502 771 ζωὴν
1529 701 1673 770 ἔχον-

96 812 235 858 τος.
280 797 341 848 Εἰ
375 796 468 864 μὲν
491 791 580 848 οῦν
683 792 1102 864 παραόἐὸληται,
1132 791 1423 860 ὡμοίωται,
1448 790 1521 853 ὡς
1544 807 1671 859 μορ-

100 885 194 955 φὴ
231 886 544 956 ἀνδριάντος
590 884 721 954 πρὸς
763 884 974 954 χαλκόν·
1024 886 1114 935 καὶ
1162 883 1526 953 διαιρουμένου
1577 882 1667 934 τοῦ

99 977 382 1046 σώματος
412 973 826 1046 συμμερίζεσθαι
850 974 954 1043 (19)
999 976 1095 1041 τὴν
1124 973 1315 1044 ψυχὴν,
1346 975 1435 1026 καὶ
1476 975 1668 1027 ἀποκο-

96 1068 398 1137 πτομένου
421 1069 562 1129 τινὸς
593 1068 802 1137 μέρους,
833 1067 964 1134 μετὰ
990 1066 1080 1118 τοῦ
1114 1067 1474 1129 ἀποκοπέντος
1494 1066 1666 1137 ψυχῆς

97 1158 318 1228 μόριον
349 1153 504 1219 εἶναι,
532 1160 629 1226 τήν
658 1175 713 1210 τε
739 1158 798 1209 ἐν
822 1161 930 1221 τοῖς
974 1156 1154 1220 ῦπνοις
1199 1156 1535 1228 ἀναχώρησιν
1594 1157 1665 1228 μὴ

92 1246 387 1313 γίνεσθαι,
402 1247 554 1317 εἴπερ
574 1248 651 1300 δεῖ
678 1252 924 1317 προσφυᾶ
938 1248 1031 1317 τὴν
1050 1248 1395 1317 ἐντελέχειαν,
1413 1242 1471 1301 οὗ
1498 1250 1662 1312 ἐστιν,

93 1332 287 1391 εἶναι·
319 1341 377 1392 τὸ
402 1341 444 1391 δ⁴
488 1341 701 1411 ἀληθὲς,
735 1342 865 1410 μηδὲ
887 1342 1079 1393 -ῦπνον
1128 1341 1381 1410 γίνεσθαι.
1420 1342 1526 1394 Καὶ
1560 1342 1664 1411 μὴν

90 1432 453 1501 ἐντελεχείας
475 1432 655 1502 οὔσης,
688 1433 804 1485 οὐδὲ
860 1434 1163 1486 ἐναντίωσιν
1213 1432 1368 1499 λόγου
1391 1435 1523 1503 πρὸς
1542 1435 1661 1485 ἐπι-

90 1519 339 1589 θυμίαςο
360 1519 415 1572 ἐν
441 1522 497 1573 δὲ
529 1523 619 1573 καὶ
643 1522 831 1575 ταύτὸν
857 1522 919 1574 δι’
953 1523 1071 1575 ὅλου
1103 1521 1416 1574 πεπονθέναι
1446 1522 1504 1573 τὸ
1534 1506 1657 1586 πᾶν,

89 1610 162 1660 οὐ
196 1609 501 1679 διαφωνοῦν
547 1613 735 1681 ἑαυτῷ.
796 1612 1076 1683 Δίσθήσεις
1129 1614 1206 1667 δὲν
1243 1614 1399 1683 μόνον
1440 1614 1660 1668 δυνατὸν

91 1701 246 1761 ἴσως
278 1700 534 1767 γίνεσθαι,
580 1702 675 1765 τὰς
697 1703 753 1755 δὲ
789 1705 996 1773 νοήσεις
1028 1705 1297 1757 ἀδύνατον.
1329 1706 1415 1756 Διὸ
1437 1706 1529 1759 καὶ
1560 1706 1656 1759 αὑ-

89 1793 185 1842 τοὶ
217 1792 387 1865 ἄλλην
418 1792 589 1863 ψυχὴν
641 1794 729 1846 τὸν
758 1794 879 1847 νοῦν
927 1798 1248 1864 εἰσάγουσιν,
1281 1797 1338 1849 ὃν
1395 1798 1656 1851 ἀθάνατον

88 1881 371 1935 τίθενται.
409 1883 515 1952 Τὴν
538 1879 629 1935 οῦν
671 1882 1014 1956 λογιζομένην
1062 1886 1236 1956 ψυχὴν
1264 1885 1433 1948 ἄλλως
1454 1887 1656 1939 ἐντελέ-

88 1988 264 2039 χειαν
292 1972 529 2041 ἢτοῦτον
556 1972 643 2026 τὸν
688 1975 881 2045 τρόπον
920 1977 1129 2045 ἀνάγκη
1191 1973 1346 2039 εἶναι,
1382 1979 1428 2027 εἰ
1460 1977 1537 2029 δεῖ
1579 1976 1655 2045 τῷ

86 2064 335 2133 ὀνόματι
360 2064 529 2135 τούτῳ
555 2065 806 2135 χρῆσθαι.
829 2066 948 2118 Οὐδ’
973 2069 1004 2137 ή
1028 2066 1332 2139 αἰσθητικὴ,
1376 2069 1530 2139 εἴπερ
1563 2069 1653 2120 καὶ

90 2156 247 2223 αῦτη
281 2155 386 2207 τῶν
414 2156 678 2227 αἰσθητῶν
694 2160 933 2211 ἀπόντων
962 2160 1083 2220 τοὺς
1096 2158 1295 2222 τύπους
1318 2160 1652 2229 ἕχει,αὐτοὺς

88 2250 155 2300 οὐ
179 2248 327 2317 μετὰ
349 2249 438 2300 τοῦ
470 2248 713 2319 σώματος
737 2250 841 2320 ἄρα
862 2252 987 2316 ἐξει·
1015 2252 1130 2303 εἰδέ
1151 2252 1243 2322 μὴ,
1267 2252 1433 2314 οὕτως
1448 2251 1650 2304 ἐνέσον-

89 2354 189 2390 ται
222 2337 301 2403 ὡς
336 2340 535 2409 μορφαὶ⁵
557 2340 648 2392 καὶ
693 2341 913 2403 εἰκόνες·
948 2342 1059 2394 ἀλλ’
1084 2342 1337 2395 ἀδύνατον
1366 2343 1533 2405 ἄλλως
1564 2343 1648 2396 δέ-

89 2429 319 2498 χεσθαι,
352 2432 398 2483 εἰ
422 2430 589 2494 οὓτως
617 2434 799 2486 ἐνεῖεν.
832 2434 941 2487 Οὐκ
974 2437 1080 2505 ἄρα
1107 2431 1217 2489 οῦσ’
1250 2435 1539 2506 ἀχώριστος
1565 2438 1649 2490 ἐν·

90 2523 367 2593 τελέχεια.
395 2525 504 2577 Καὶ
556 2525 658 2595 μὴν
689 2527 807 2579 οὐδὲ
851 2527 913 2579 τὸ
973 2520 1288 2597 ἐπιθυμοῦν,
1338 2528 1411 2598 μὴ
1443 2529 1643 2591 σιτίων,

94 2616 239 2685 μηδὲ
272 2615 466 2677 ποτῶν,
495 2616 607 2669 ἀλλ’
638 2617 806 2671 ἄλλων
829 2616 976 2689 παρὰ
999 2619 1064 2671 τὰ
1090 2611 1197 2671 τοῦ
1234 2618 1497 2689 σώματος,
1527 2620 1645 2673 οὐδὲ

92 2707 242 2759 αὐτὸ.
264 2706 557 2778 ἁχώριστος
587 2708 903 2778 ἐντελέχεια.
935 2711 1130 2763 Λοιπὸν
1159 2710 1214 2762 δὲ
1244 2710 1303 2762 τὸ
1336 2711 1550 2779 φυτικὸν
1580 2710 1645 2763 ἂν

92 2801 205 2867 εῑη.
240 2799 269 2852 ὃ
300 2801 697 2873 ἀμφισϐήτησιν
719 2802 783 2856 ἂν
814 2802 1009 2867 δόξειεν
1035 2802 1198 2873 ἔχειν,
1234 2805 1437 2873 μήποτε
1461 2802 1643 2859 τοῦτον

90 2888 187 2940 τὸν
223 2890 418 2959 τρόπον
437 2891 733 2962 ἐντελέχεια
760 2893 1053 2965 ὰχώριστος
1184 2893 1316 2945 Ἀλλ’
1349 2894 1465 2946 οὐδὲ
1492 2894 1643 2946 τοῦτο

93 2979 349 3047 φαίνεται
374 2979 542 3045 οὕτως
594 2982 732 3052 ἔχον.
784 2983 847 3035 Εἰ
872 2982 1038 3053 γὰρὴ
1095 2982 1234 3053 ἀρχὴ
1262 2984 1455 3045 παντὸς
1478 2980 1639 3051 φυτοῦ

90 3078 164 3120 οηὲ
175 3071 230 3139 pl.
261 3071 357 3143 τὴν
380 3072 551 3143 ῥίζαν,
579 3074 670 3125 καὶ
692 3072 1047 3144 αὐξανομένου
1093 3074 1183 3127 τοῦ
1210 3074 1364 3127 ἄλλου
1399 3073 1642 3143 σώματος
1668 3094 1708 3153 C

94 3164 228 3231 ’πιερί⁵
251 3163 348 3232 τὴν
371 3163 541 3233 ῥίζαν,
572 3166 663 3218 καὶ
692 3165 838 3218 κάτω
863 3166 971 3235 (20)
998 3166 1055 3218 ἐν
1077 3166 1283 3229 πολλοῖς
1314 3166 1419 3219 τῶν
1440 3165 1638 3235 φυτῶν,

92 3254 127 3321 ἠ
152 3250 302 3323 ψυχὴ
326 3252 558 3323 δηλονότι
582 3255 915 3310 ἀπολιποῦσα
939 3256 1004 3310 τᾶ
1035 3256 1165 3310 ἄλλα
1192 3256 1350 3328 μέρη,
1391 3259 1468 3320 εἰς
1499 3256 1557 3309 ἐν
1587 3273 1646 3310 τι

97 3344 418 3414 συνεστάληο
443 3346 541 3398 οὐκ
566 3345 672 3417 ἄρα
692 3342 759 3416 ἦν
800 3348 855 3398 ἐν
876 3346 951 3416 τῷ
970 3346 1074 3417 ὅλῳ
1106 3346 1180 3410 ὡς
1232 3346 1526 3418 ἀχώριστος
1552 3348 1637 3400 ἐν·

93 3431 364 3503 τῖλέχεια.
402 3434 511 3487 Καὶ
538 3432 646 3505 γὰρ
681 3431 745 3487 αὖ
790 3436 924 3500 ἐστι,
962 3437 1087 3507 πρὶν
1117 3436 1411 3507 αὐξηθῆναι
1459 3438 1517 3491 τὸ
1543 3456 1641 3508 φυ-

94 3521 209 3586 τὸν,
237 3524 295 3575 ἐν
316 3523 393 3594 τῷ
421 3524 581 3596 ὀλίγῳ
605 3525 766 3596 ὄγκῳ.
806 3528 868 3579 Εἰ
892 3523 982 3581 οὖν
1007 3528 1098 3580 καὶ
1118 3522 1195 3591 εἰς
1227 3526 1399 3596 ὀλίγον
1426 3529 1638 3601 ἔρχεται

95 3614 159 3671 ἐκ
193 3612 432 3685 μείζονος
489 3614 674 3687 φυτοῦ,
711 3620 803 3671 καὶ
858 3618 917 3683 ἐξ
940 3619 1112 3687 ὀλίγου
1149 3622 1238 3673 ἐπὶ
1271 3623 1396 3685 πᾶν,
1428 3622 1480 3674 τί
1533 3639 1640 3675 κω-

95 3704 213 3759 λύει
247 3708 339 3761 καί
388 3707 519 3770 ὅλως
578 3709 924 3781 χωρίζεσθαι;
964 3711 1086 3775 Πῶς
1134 3712 1176 3765 δ’
1198 3712 1282 3777 ἂν,
1309 3714 1403 3767 καὶ
1430 3702 1638 3787 ἀμερὴς

95 3791 251 3862 οὖσα,
301 3797 548 3868 μεριστοῦ
581 3799 673 3851 τοῦ
710 3799 952 3872 σώματος
984 3802 1278 3872 ἐντελέχεια
1308 3804 1516 3870 γένοιτο
1546 3822 1638 3874 με·

98 3888 288 3959 ριοτή;
316 3888 387 3940 Ἥ
413 3906 470 3941 τε
496 3889 630 3960 αὑτὴ
660 3890 801 3961 ψυχὴ
830 3891 888 3958 ἐξ
911 3893 1065 3946 ἄλλου
1098 3893 1232 3957 ζώου
1262 3895 1385 3947 ἄλλο
1408 3896 1631 3963 γίνεται·

97 3978 215 4040 πῶς
245 3974 398 4051 οῦνοή
430 3982 519 4034 τοῦ
564 3984 825 4054 προτέρου
848 3986 939 4039 τοῦ
980 3988 1172 4056 ἐφεξῆς
1233 3989 1297 4040 ἂν
1326 3989 1548 4056 γένοιτο,
1586 3990 1633 4041 εἰ

96 4063 161 4135 ἦν
195 4069 488 4143 ἐντελέχεια
514 4076 629 4138 ἐνός
650 4092 663 4139 ;
688 4076 934 4128 Φαίνεται
962 4077 1016 4129 δὲ
1041 4078 1193 4130 τοῦτο
1243 4080 1304 4131 ἐκ
1333 4080 1441 4132 τῶν
1470 4098 1631 4149 μετα-

98 4158 389 4216 ϐαλλόντων
421 4164 570 4226 ζώων
595 4170 674 4227 εἰς
695 4167 826 4220 ἄλλα
860 4166 989 4230 ζῶα.
1020 4169 1131 4221 Οὐκ
1160 4170 1265 4239 ἄρα
1290 4170 1366 4239 τῷ
1389 4166 1527 4234 εἶδος
1554 4167 1630 4224 εἷ-

97 4251 182 4302 ναί
209 4269 366 4317 τινος,
401 4254 459 4307 τὸ
486 4252 619 4309 εἷναι
645 4258 773 4327 ἔχει·
833 4259 946 4312 ἀλλ’
992 4260 1132 4314 ἔστιν
1183 4263 1357 4323 οὐσία,
1390 4263 1448 4314 οὐ
1482 4262 1631 4333 παρὰ

96 4342 154 4394 τὸ
184 4344 239 4394 ἐν
261 4342 463 4414 σώματι
512 4345 769 4417 ἰδρύσθαι,
821 4350 883 4403 τὸ
933 4348 1070 4407 εἶναι
1111 4352 1481 4423 λαμϐάνουσα,
1515 4354 1627 4407 ἀλλ’

98 4429 227 4489 οὖσα
258 4436 382 4505 πρὶν
401 4438 491 4490 καὶ
522 4438 670 4492 τοῦδε
722 4440 986 4508 γενέσθαι·
1022 4439 1130 4497 οἷον
1167 4422 1302 4509 ζώου
1329 4445 1462 4515 (2ης
1483 4448 1542 4499 οὐ
1566 4447 1627 4500 τὸ
1658 4422 1701 4477 D

101 4525 251 4596 σῶμα
276 4527 371 4598 τὴν
397 4528 569 4600 ψυχὴν
601 4534 866 4601 γεννήσει.
894 4535 987 4597 Τίς
1009 4531 1100 4589 οὖν
1154 4538 1307 4589 οὐσία
1333 4537 1531 4606 αὑτῆςς
1566 4540 1627 4592 Εἰ

96 4613 151 4665 δὲ
173 4614 279 4684 (22)
310 4618 442 4689 μήτε
466 4620 640 4689 σῶμα,
680 4623 814 4692 μήτε
851 4623 1016 4687 πάθος
1061 4624 1325 4695 σώματος,
1352 4629 1545 4698 πρᾶξις
1570 4630 1627 4682 δὲ

99 4707 189 4758 καὶ
215 4710 439 4777 ποίησις,
476 4711 568 4783 καὶ
602 4712 764 4766 πολλὰ
794 4715 885 4787 καὶ
937 4717 993 4767 ἐν
1016 4715 1172 4787 αὐτῇ,
1217 4719 1307 4771 καὶ
1352 4719 1408 4785 ἐξ
1436 4720 1623 4787 αὐτῆς·

98 4795 245 4848 οὐσία
281 4799 424 4869 παρὰ
480 4801 547 4854 τὰ
581 4782 994 4879 σώματαλξιοῦσα,
1023 4807 1145 4860 ποία
1197 4807 1277 4871 τίς
1327 4810 1503 4877 term;
1549 4806 1627 4863 Ἦ

103 5093 414 5186 Egregia"
439 5106 1161 5186 Mttgipi_ulll_occurrif,_nbi
1187 5112 1351 5186 verbo
1375 5128 1487 5186 uno
1520 5128 1621 5169 en-
1726 5116 1867 5171 mibi
1892 5116 2065 5186 magis

101 5166 369 5249 telecbiam
394 5166 719 5249 perstringit.
740 5166 877 5237 Nam
896 5166 968 5237 de
988 5166 1178 5237 animae
1197 5166 1615 5249 immortalitate,

100 5250 205 5290 non
253 5238 416 5304 duos.
444 5245 536 5299 sed
571 5238 735 5303 utinm
770 5253 1031 5307 duntaxat
1060 5252 1258 5307 librum
1285 5252 1353 5307 ab
1378 5266 1444 5307 eo
1483 5238 1618 5308 seri;

101 5314 241 5390 Ρίυφ
274 5324 392 5364 esse
417 5315 655 5390 reperio,
693 5321 785 5387 qui
820 5324 1076 5390 septimus
1118 5330 1206 5376 est
1236 5322 1473 5390 ejusdem
1503 5322 1616 5376 En-

104 5376 244 5497 ἱερά.
302 5394 374 5460 tv.
417 5376 613 5452 ln-quo
642 5376 826 5441 tamen
873 5376 944 5471 de
974 5376 1283 5471 entelechia'
1314 5390 1445 5462 μηδὲ
1487 5392 1611 5472 γρύ.

145 5460 260 5497 orro
296 5460 459 5497 vrtrea
494 5462 617 5497 sunt.
663 5457 774 5497 hmo
814 5458 1001 5497 Dlnhm
1042 5471 1347 5497 ονσιπηοιηιι)
1424 5463 1611 5497 ηιιιὶιιιε

145 5460 260 5501 οιτο
296 5460 461 5504 vrtrea

106 5515 480 5600 Aristum-licam
509 5525 857 5600 enteleclliam
884 5515 1167 5600 oppugnat.

169 5587 274 5654 (I9)
294 5588 465 5645 .Forte
500 5594 619 5649 add.
659 5595 753 5647 δεῖ.

1771 610 1947 678 posito
1980 608 2165 664 forma:
2196 608 2456 663 rationem
2500 607 2714 663 habere.
2761 608 2967 678 Corpus
2998 615 3175 661 autem
3213 622 3306 661 ac-

1772 699 2001 769 cipiunt,
2032 714 2139 753 non
2169 698 2462 769 quodlibet,
2499 707 2591 753 aut
2618 704 2882 768 quatenus
2909 712 3100 766 corpus
3126 697 3303 765 ipsum

1769 796 1871 852 est,
1917 790 2010 841 sed
2041 786 2305 849 naturale,
2337 787 2680 855 organicum,
2725 796 2779 840 et
2810 794 3066 856 potestate
3096 786 3299 840 vivens.

1773 875 1827 929 Si
1860 876 1978 944 ejus
2020 890 2146 943 ergo
2179 874 2370 938 similis
2412 882 2513 940 est,
2562 891 2795 946 quocum
2842 877 2954 945 ipse
3010 874 3298 937 confertur,

1767 981 1936 1037 eoque
1969 981 2027 1021 se
2057 966 2215 1020 modo
2246 966 2423 1028 habet,
2457 982 2563 1035 quo
2607 975 2795 1021 statuae
2835 965 3010 1020 forma
3047 981 3165 1019 cum
3198 980 3300 1020 aere

1767 1065 2090 1124 comparata,
2123 1055 2365 1125 sequitur
2403 1058 2641 1123 omnino,
2675 1058 2765 1111 ubi
2800 1072 2997 1126 corpus
3024 1056 3295 1120 dividitur,

1766 1147 1929 1200 animi
1958 1147 2118 1201 simul
2138 1147 2458 1202 divisionem
2489 1148 2601 1203 ﬁeri
2627 1167 2640 1213 ;
2678 1164 2739 1203 ac
2773 1157 2972 1203 resecta
2999 1158 3150 1218 parte
3178 1164 3297 1203 cor-

1763 1237 1928 1306 poris,
1964 1251 2083 1291 cum
2119 1252 2181 1291 ea
2216 1237 2417 1307 pariter
2449 1238 2613 1292 animi
2640 1249 2844 1307 partem
2882 1252 3001 1294 esse
3028 1239 3293 1307 aliquam:

1765 1328 2003 1395 adeoque
2034 1342 2132 1383 nec
2164 1329 2216 1382 in
2265 1329 2466 1383 somnis
2529 1330 2886 1384 secessionem
2936 1329 3104 1399 ipsius
3136 1330 3297 1383 ullam

1762 1419 2117 1488 contingere:
2160 1436 2281 1475 cum
2311 1420 2661 1475 entelechiam
2704 1421 2847 1475 illam
2886 1437 3007 1476 cum
3049 1436 3115 1476 eo
3144 1421 3297 1490 cujus

1759 1511 1975 1579 propria
2025 1518 2127 1575 est,
2182 1511 2249 1565 ab
2296 1518 2416 1565 ortu
2478 1512 2809 1579 complexam
2849 1526 2970 1566 esse
3016 1520 3295 1580 oporteat:

1759 1599 1869 1653 imo
1896 1614 2024 1653 vero
2052 1614 2299 1655 somnum
2331 1599 2506 1667 reipsa
2538 1598 2746 1652 nullum
2796 1600 3055 1654 exsistere
3084 1600 3299 1654 conclu-

1758 1688 1916 1742 ditur.
1945 1687 2143 1742 Deinde
2186 1689 2231 1743 si
2258 1688 2565 1743 entelecbia‘.
2611 1689 2750 1742 ratio
2788 1688 3116 1757 probabitur,
3151 1690 3294 1743 nulla

1687 1761 1730 1820 Β
1754 1776 1861 1846 jam
1891 1778 2114 1831 rationis
2138 1793 2257 1831 cum
2283 1778 2663 1847 cupiditatibus
2688 1778 2909 1832 luctatio
2944 1777 3291 1847 relinquetur,

1756 1866 1847 1921 sed
1878 1881 1985 1920 uno
2015 1881 2236 1935 prorsus
2272 1867 2568 1936 eodemque
2594 1882 2755 1922 sensu
2803 1877 2971 1922 totum
3006 1869 3177 1937 ipsum
3211 1866 3294 1921 af-

1754 1955 1979 2023 ficietur,
2008 1971 2075 2011 ne
2104 1971 2133 2010 a
2158 1958 2447 2026 semetipso
2480 1957 2754 2011 dissideat.
2787 1956 3072 2022 Praeterea,
3104 1973 3295 2013 sensus

1753 2044 1981 2101 fortasse
2011 2052 2239 2111 tantum,
2271 2062 2380 2100 non
2415 2047 2544 2122 item
2577 2047 2938 2117 intelligentiae
2988 2046 3290 2102 functiones

1752 2131 1891 2185 obiri
1924 2140 2195 2200 poterunt.
2245 2132 2529 2199 Quocirca,
2579 2135 2740 2188 alium
2785 2135 3007 2204 insuper
3031 2136 3288 2199 animum,

1750 2220 1853 2275 hoc
1882 2229 1967 2275 est
2010 2231 2242 2275 mentem
2268 2260 2284 2284 ,
2315 2221 2679 2286 introducunt,
2733 2238 2893 2292 quam
2937 2223 3288 2277 immortalem

1747 2324 1867 2364 esse
1897 2311 2239 2365 conﬁrmant.
2289 2310 2441 2365 Alius
2480 2327 2607 2380 ergo
2633 2314 2843 2378 modus,
2878 2328 3035 2382 quam
3082 2314 3171 2382 qui
3223 2314 3290 2368 ab

1748 2399 1869 2455 istis
1907 2402 2243 2471 explicatur,
2296 2403 2604 2457 necessario
2656 2402 2960 2458 aﬁerendus
3008 2404 3127 2468 erit,
3179 2418 3287 2473 quo

1745 2492 1958 2547 animus
1992 2493 2342 2547 ratiocinandi
2395 2492 2649 2548 facultate
2682 2494 2957 2563 praeditus,
2987 2495 3279 2549 enteiechia

1743 2581 1989 2647 dicatur,
2037 2582 2083 2638 si
2129 2583 2233 2638 hoc
2278 2584 2593 2639 vocabulum
2641 2586 2857 2640 retineri
2907 2586 3094 2654 placet.
3146 2584 3293 2651 Quin

1742 2672 1904 2725 etiam
1942 2674 2121 2728 anima
2170 2674 2281 2740 illa,
2332 2689 2453 2743 quae
2505 2674 2764 2728 sentiendi
2815 2676 3134 2742 principium
3180 2682 3284 2741 est,

1742 2776 1967 2831 quasque
2005 2778 2185 2817 rerum
2219 2764 2470 2818 sensibus
2502 2773 2869 2833 perceptarum
2902 2764 3134 2826 easdem,
3163 2766 3286 2819 licet

1742 2851 2066 2915 absentium,
2099 2850 2301 2905 formas
2337 2864 2616 2906 conservat
2645 2852 2756 2920 ipsa
2790 2867 3023 2921 quoque,
3053 2868 3143 2907 eas
3167 2855 3283 2909 sine

1740 2954 1965 3010 corpore
1997 2955 2317 2995 conservare
2354 2956 2458 2996 non
2510 2943 2727 3012 poterit.
2768 2941 2877 2996 Hoc
2905 2952 3080 2996 autem
3113 2945 3156 2997 si
3188 2946 3283 2998 da-

1740 3030 1907 3095 bitur,
1941 3046 2016 3085 θαι
2040 3030 2263 3101 proinde
2294 3030 2587 3102 ﬁgurarum
2614 3032 3016 3101 imaginumque
3049 3048 3193 3087 more
3228 3037 3279 3088 in

1741 3124 1923 3179 anima
1950 3125 2261 3180 residebunt
2290 3144 2303 3179 :
2334 3124 2480 3194 atqui
2505 3125 2549 3179 si
2576 3124 2678 3178 hoc
2706 3126 2941 3179 inessent
2969 3126 3147 3192 modo,
3175 3140 3279 3179 non

1740 3215 1892 3269 aliter
1920 3215 2106 3283 utique
2132 3216 2296 3285 recipi
2330 3216 2399 3271 ab
2428 3230 2489 3270 ea
2524 3224 2761 3285 possent.
2794 3213 2864 3269 Ut
2884 3230 3012 3285 ergo
3040 3218 3107 3269 sit
3136 3226 3280 3276 ente-

1738 3302 1935 3365 lechia,
1969 3318 2077 3356 non
2106 3304 2373 3373 ejusmodi
2394 3313 2593 3379 tamen
2618 3313 2721 3369 est,
2752 3321 2871 3375 qua
2900 3308 3135 3375 separari
3174 3322 3277 3361 non

1737 3392 1925 3463 possit.
1955 3392 2118 3462 812
2148 3391 2227 3448 Ex
2266 3408 2384 3463 quo
2414 3386 2587 3455 etiam
2633 3394 2877 3461 efﬁcitur,
2924 3405 2983 3449 ut
3028 3396 3108 3449 vel
3140 3396 3275 3464 ipsa,

1738 3498 1846 3539 non
1866 3482 1979 3555 jam
2003 3482 2398 3539 esculentorum
2427 3474 2940 3555 acipoculentorum,
2972 3486 3061 3541 sed
3088 3500 3276 3541 eorum

1736 3574 1899 3630 etiam
1926 3588 2046 3643 qua
2076 3582 2202 3629 sunt
2225 3584 2381 3629 extra
2401 3574 2619 3644 corpus,
2659 3577 2981 3646 appetentis,
3032 3576 3085 3630 id
3110 3592 3279 3647 genus

1737 3662 2032 3717 entelechia
2056 3676 2176 3717 esse
2206 3676 2313 3717 non
2340 3663 2531 3731 possit.
2561 3660 2638 3718 Ea
2667 3674 2907 3733 superest
2931 3666 3131 3733 anima,
3159 3684 3291 3735 quae-

1738 3751 2016 3806 crescendi
2048 3752 2159 3806 vim
2206 3752 2414 3818 tribuit,
2444 3768 2550 3821 qua
2586 3752 2651 3808 de
2687 3753 2933 3810 fortassis
2962 3757 3083 3826 jure
3123 3758 3278 3810 dubi-

1736 3848 1905 3905 tetur,
1953 3856 2084 3896 num
2135 3843 2247 3897 haec
2296 3841 2397 3913 ipsi
2444 3843 2752 3898 entelechiaa
2808 3845 2944 3897 ratio
2995 3846 3283 3899 convenire

1733 3932 1922 4002 possit.
1976 3930 2207 4000 Verum,
2255 3948 2319 3988 ne
2372 3933 2447 3987 illi
2507 3934 2741 4003 quidem.
2795 3933 2928 3988 Nam
2980 3934 3025 3988 si
3083 3935 3292 4003 plantae-

1736 4023 1913 4077 omnis
1959 4023 2281 4091 principium
2334 4023 2389 4077 in
2442 4024 2622 4078 radice
2676 4032 2921 4078 versatur
2949 4063 2963 4086 ,
3020 4034 3275 4095 parteque

1730 4112 1990 4166 duntaxat
2014 4111 2277 4177 inferiori,
2313 4128 2430 4182 qua:
2460 4128 2490 4167 a
2524 4114 2721 4168 radice
2746 4114 2966 4183 propius
3012 4115 3168 4180 absit,
3216 4127 3274 4174 ut

1732 4201 1915 4255 multis
1959 4202 2013 4254 in
2044 4201 2240 4269 plantis
2285 4202 2501 4256 evenire
2536 4203 2704 4265 solet,
2751 4213 3041 4272 crescente,
3093 4206 3286 4260 anima.

1730 4290 1927 4345 relictis
1968 4291 2174 4345 caeteris
2195 4305 2356 4344 unam
2397 4292 2451 4345 in
2483 4290 2718 4361 aliquam
2751 4307 2869 4348 sese
2888 4295 3109 4365 collegit
3138 4312 3151 4359 ;
3186 4307 3268 4349 ta-

1730 4378 1797 4433 lis
1824 4394 1951 4449 ergo
1979 4388 2091 4433 tota
2122 4381 2174 4433 in
2202 4380 2382 4450 planta
2425 4395 2530 4436 non
2571 4390 2708 4449 erat,
2738 4384 2911 4454 qualis
2954 4386 3265 4449 entelechia,

1733 4486 1854 4540 qua:
1897 4471 2137 4541 separari
2166 4486 2274 4527 non
2317 4473 2504 4541 possit.
2549 4474 2880 4529 Adde'hanc
2932 4475 3164 4527 animam
3211 4474 3281 4527 in.

1734 4564 1938 4632 planta,
1964 4562 2278 4632 priusquam
2306 4572 2589 4633 augeatur,
2619 4564 2882 4632 molejam
2913 4570 3025 4615 tum
3065 4565 3281 4631 perexi.

1732 4670 1833 4723 gua
1870 4655 2153 4709 contineri.
2191 4654 2247 4709 Si
2286 4670 2414 4725 ergo
2443 4664 2496 4709 et
2522 4656 2709 4724 majori
2743 4670 2805 4708 ex
2843 4652 3044 4723 planta,
3079 4656 3131 4708 in
3165 4672 3281 4709 ειη-.

1730 4754 1944 4817 gustum
1970 4745 2168 4815 aliquid
2195 4746 2548 4809 contrahitur,
2578 4756 2631 4800 et
2662 4747 2955 4813 angustiori
2981 4762 3044 4801 ex
3069 4747 3270 4816 spatio.

1732 4846 1899 4893 totum
1930 4840 1991 4893 in
2011 4843 2208 4909 corpus
2231 4838 2548 4898 diﬂ‘unditur
2574 4855 2589 4905 ;
2615 4839 2741 4907 quid
2771 4848 2930 4905 vetat,
2981 4840 3261 4909 quominus

2090 5118 2376 5187 probatur;
2412 5117 2569 5172 velim
2618 5126 2796 5174 tamen
2832 5115 3135 5188 postulaui
3152 5115 3257 5188 vir-

1724 5187 1900 5269 gulam
1940 5182 2192 5269 adhiberi
2212 5229 2228 5253 ,
2263 5188 2766 5269 et‘particulamtbc
2801 5182 2936 5269 ante.
2963 5185 3018 5237 tv
3053 5182 3257 5248 πολλοῖς

1724 5254 1908 5320 inseri,
1940 5255 2043 5311 hoc
2070 5258 2252 5322 modo,
2281 5255 2347 5323 τὰ
2376 5258 2543 5323 κάτω,
2574 5258 2648 5322 ὡς
2673 5261 2730 5310 ἐν
2758 5254 2984 5318 πολλοῖς.

1793 5324 1903 5394 (οι)
1941 5326 2257 5391 Γενέσθαι,
2288 5322 2413 5381 οἷον
2438 5321 2612 5391 (nov,
2637 5321 2749 5382 etc.
2773 5323 2963 5379 Totum
2999 5321 3142 5394 hunc
3178 5323 3259 5393 lo-

1721 5410 1844 5468 cum
1873 5393 1953 5450 sic
1973 5397 2429 5468 distinguendum,
2460 5414 2521 5451 ac
2548 5393 3258 5468 legendum_existimo,"ye-

494 5457 775 5538 sunt‘haac
810 5458 1003 5513 Plotini
1040 5457 1385 5530 argumenta,
1424 5457 1614 5531 quibus

1744 5464 1922 5533 ιέσθαι,
1946 5459 2057 5519 οἷον
2078 5457 2233 5530 (diu,
2259 5462 2317 5521 οὗ
2341 5468 2401 5521 τὸ
2420 5457 2577 5538 ’σῶμα
2599 5457 2696 5536 τὴν
2721 5463 2895 5536 ψυχὴν
2920 5462 2985 5516 ἂν
3003 5457 3257 5536 τεννήᾶῃ.

1718 5551 1782 5591 eo
1808 5550 1967 5589 sensu
1997 5551 2154 5591 auem
2182 5553 2441 5591 exnressr.
3087 5548 3096 5558 '

1997 5539 2441 5614 ψιεηιςκρτςδεί-
2605 5606 2615 5614 .
2909 5612 2917 5614 _

1788 5604 1899 5674 (‘22)
1941 5602 2127 5661 Ε’[δέ.
2186 5602 2273 5661 Vel
2312 5608 2366 5660 δέ
2415 5624 2509 5675 pro
2555 5606 2658 5675 γάρ
2702 5612 3050 5673 usurpatum,
3080 5602 3162 5657 vel
3202 5603 3280 5666 in.

168 5655 269 5729 (ΞΟ)
303 5660 415 5714 Καὶ
436 5662 603 5717 κάτω.
641 5664 743 5720 Alt.
777 5683 875 5723 ms.
906 5668 1027 5739 legit
1058 5671 1148 5724 καὶ
1174 5669 1238 5723 τὰ
1262 5670 1426 5735 κάτω,
1473 5672 1611 5740 quod

1744 5655 2167 5734 ’ἀρ-Ῐῆυἶειηξίἶιιη
