4014 6340
46 410 192 471 ΒΗ

1172 422 1488 479 ΡΒᾸΞΡΔΒ.
1529 422 1778 482 EVANG.
1817 423 1943 478 LIB.
1986 424 2100 477 XV.

3095 427 3232 483 i543

44 528 308 594 σθέντες,
336 516 737 604 μεταϐησόμεθα
768 536 855 588 καὶ
878 536 967 587 ἐπὶ
982 536 1076 605 τὴν
1098 536 1202 589 τῶν
1233 538 1480 610 Στυῇκῶν
1523 523 1602 589 ai;

1706 548 1816 592 tum
1847 539 1931 593 vel
1960 537 2188 593 dicendo
2220 540 2301 592 vel
2336 540 2620 609 cogitando
2650 554 2801 594 mens
2843 540 3074 594 humana
3104 556 3234 595 con-

43 636 233 688 ρεσιν.
275 622 587 693 Σωκράτους
620 627 789 679 τοίνυν
819 626 1079 694 ἀκουστὴς
1112 628 1321 694 ἐγένετο
1344 628 1602 679 Ἀντισθὲ-

41 727 169 777 νης.
210 712 638 782 Ἡρακλεωτικός
664 733 744 779 τις
776 718 910 787 ἀνὴρ
932 717 989 768 τὸ
1014 716 1278 787 φρόνημα,
1306 716 1362 779 δς
1385 717 1484 786 ἔφη
1508 717 1601 769 τοῦ

40 799 285 866 ἥδεσθαι
310 804 370 855 τὸ
392 804 667 873 μαίνεσθαι
694 810 931 876 κρεῖττον
962 803 1116 861 εἶναι.
1145 807 1233 859 Διὸ
1259 807 1350 860 καὶ
1376 807 1600 877 παρῄνει

42 896 162 953 τοῖς
216 899 516 967 γνωρίμοις
574 901 834 969 μηδέποτε
902 903 1053 972 χάριν
1108 902 1294 972 ἡδονῆς
1349 902 1602 956 δάκτυλον

43 985 341 1040 ἐκτείνειν.
402 988 596 1042 Τούτου
650 991 706 1044 δὲ
766 994 1026 1062 ἀκουστὴς
1073 995 1257 1061 γέγονε
1298 994 1546 1061 Διογένης
1574 996 1603 1047 ὁ

42 1075 242 1137 Κύων,
289 1078 367 1141 δς,
429 1082 522 1133 καὶ
578 1082 735 1144 αὐτὸς
765 1082 1155 1153 Θηριωδέστατα
1188 1087 1395 1150 φρονεῖν
1428 1084 1600 1148 δόξας,

42 1164 289 1227 πολλοὺς
317 1168 640 1235 ἐπηγάγετο.
675 1171 867 1223 Τοῦτον
898 1171 1115 1241 Κράτης
1152 1172 1431 1237 διεδέξατο*
1462 1172 1604 1240 Κρά-

41 1268 215 1319 τητος
245 1254 304 1305 δὲ
343 1256 552 1321 ἐγένετο
586 1260 763 1328 Ζήνων
792 1261 818 1311 ὁ
849 1260 1111 1322 Κιττιεὺς,
1152 1263 1179 1313 ό
1232 1260 1327 1329 τῆς
1358 1261 1603 1313 Στωῖκῶν

43 1342 361 1408 φιλοσόφων
379 1346 636 1414 αἱρέσεως
684 1348 948 1411 καταστὰς
980 1349 1230 1419 ἀρχηγός.
1283 1349 1498 1419 Ζήνωνα
1546 1350 1603 1403 δὲ

45 1433 338 1504 Κλεάνθης
357 1436 640 1501 διεδέξατο,
670 1439 940 1508 Κλεάνθην
973 1441 1028 1492 δὲ
1055 1440 1387 1510 Χρύσιππος
1419 1440 1602 1495 τοῦτον

40 1526 98 1577 δὲ
137 1527 329 1596 Ζήνων
358 1528 561 1598 ἔτερος,
594 1532 753 1584 καὶοὶ
807 1531 1053 1600 καθεξῆς.
1091 1532 1348 1599 Λέγονται
1386 1532 1430 1583 δ’
1458 1524 1609 1586 οὗτοι.

45 1618 256 1680 πάντες
282 1619 637 1690 διαφερόντως
673 1624 763 1675 καὶ
797 1622 908 1691 βίου
947 1622 1170 1694 mappa?»
1222 1623 1313 1675 καὶ
1346 1623 1603 1697 διαλεκτι-

43 1707 149 1775 κῆς
178 1709 598 1780 ἐπιμεληθῆναι.
629 1712 709 1763 Τά
739 1712 801 1778 γέ
828 1730 907 1765 τοι
938 1714 1034 1783 τῆς
1086 1716 1199 1766 κατ’
1239 1712 1429 1777 αὐτοὺς
1456 1715 1603 1782 φιλο-

45 1798 246 1865 σοφίας
280 1800 517 1870 δόγματα
538 1796 637 1855 ὧδέ
660 1820 769 1865 πως
802 1802 928 1872 ἔχει.

1704 630 1877 697 sequi,
1909 643 1972 682 ac
2017 630 2225 683 caneris
2265 630 2357 698 qui
2401 631 2468 684 ad
2504 646 2623 685 eam
2652 639 2834 698 postea
2876 633 3233 701 cognitionem

1704 720 1990 789 aspiraturi
2050 729 2269 783 essent,
2335 731 2756 776 commonstrare
2800 722 2939 775 viam
2990 731 3232 791 poterat,

1705 812 1942 879 ipsarum
1978 812 2031 864 in
2059 812 2428 865 tractationem
2461 813 2797 877 incumbens,
2831 824 2883 867 et
2909 821 3128 867 cunctas
3168 828 3234 866 eo

1704 919 1962 958 revocans
2004 903 2352 971 philosophia:
2382 917 2491 956 sua:
2529 904 2780 964 rationes,
2818 904 2871 955 in
2915 902 2980 955 iis
3021 904 3232 956 demum

1704 1009 1996 1061 earumque
2029 994 2214 1046 notitia
2254 993 2567 1061 sapientiam
2613 1007 2676 1045 ac
2713 992 2990 1047 scientiam
3037 992 3234 1061 positas

1704 1100 1823 1140 esse
1848 1083 2119 1149 defendit;
2151 1099 2269 1152 quae
2295 1098 2394 1137 nos
2445 1083 2500 1135 in
2543 1082 2763 1136 humani
2810 1084 2932 1137 linis
2974 1093 3025 1138 et
3073 1084 3235 1136 beatae

1705 1176 1826 1229 vita:
1864 1176 2254 1243 possessionem
2286 1172 2590 1225 immittant.
2629 1192 2647 1224 ›
2694 1170 2961 1227 Hactenus
3007 1174 3231 1226 Atticus.

1706 1264 1825 1331 Quo
1873 1266 2089 1335 quidem
2132 1266 2274 1319 illius
2320 1282 2386 1319 ex
2430 1281 2625 1334 opere,
2676 1266 2828 1333 plura
2871 1264 3234 1331 superioribus

1706 1356 1902 1410 addere
1930 1365 2273 1424 poteramus:
2304 1371 2449 1410 nunc
2486 1365 2660 1409 tamen
2683 1371 2744 1410 ea
2785 1355 3071 1423 protulisse
3108 1370 3235 1407 cono

1707 1444 1861 1507 tenti,
1884 1443 2187 1499 Stoicorum
2210 1444 2460 1512 deinceps
2487 1444 2551 1497 ad
2577 1454 2771 1497 sectam
2796 1443 3237 1511 disciplinamque

1706 1544 2063 1589 transeamus.
2089 1532 2337 1588 Socrates
2363 1534 2522 1603 igitur
2542 1533 2908 1586 Antisthenem
2932 1532 3233 1600 quemdam,

1706 1626 1880 1678 virum
1906 1640 2068 1679 sensu
2099 1623 2403 1690 animisque
2432 1633 2589 1676 tenus
2611 1621 3052 1684 Heracleoticum,
3084 1619 3235 1672 audi-

1705 1722 1873 1769 torem
1900 1714 2101 1778 habuit,
2130 1714 2368 1782 quicum
2397 1714 2593 1766 lartitizn
2619 1712 2852 1766 furorem
2876 1719 3233 1778 anteponeret,

1708 1814 1819 1859 tum
1843 1804 2121 1872 discipulis
2155 1819 2369 1874 quoque
2421 1805 2535 1861 suis
2570 1815 2755 1859 auctor
2782 1812 2916 1867 erat,
2964 1802 3040 1854 uti
3085 1801 3235 1852 volu-

46 1892 224 1956 ptati:
272 1907 433 1949 causa
510 1911 576 1949 ne
619 1896 839 1967 digitum
891 1896 1100 1966 quidem
1169 1896 1432 1951 tollerent.
1501 1895 1634 1951 Huic
1691 1896 1949 1967 Diogenes
1988 1897 2222 1967 Cynicus
2268 1914 2482 1967 operam
2528 1897 2693 1959 dedit,
2724 1896 2813 1963 qui
2855 1893 3024 1947 ferino
3082 1892 3236 1960 plane

44 1985 150 2037 nitu
202 1985 571 2056 philosophari
622 1999 860 2045 statuens
904 1991 1016 2060 ipse
1061 2006 1292 2059 quoque,
1341 1992 1582 2061 adjunxit
1637 1992 1736 2046 sibi
1792 1992 2237 2060 quamplurimas.
2288 1992 2559 2046 Successit
2612 1992 2661 2045 ei
2696 1990 2901 2052 Crates,
2944 1987 3033 2056 qui
3063 1987 3233 2040 disci-

46 2078 242 2144 pulum
287 2079 473 2133 habuit
520 2078 784 2135 Zenonem
843 2080 1091 2143 Cittium,
1159 2079 1347 2135 Stoica:
1420 2082 1768 2151 phi|050phize
1838 2083 2152 2151 principem.
2208 2081 2379 2150 Hujus
2449 2094 2731 2135 successor
2777 2079 2881 2133 fuit
2929 2077 3233 2141 Cleanthes,

45 2167 335 2222 Cleanthis
365 2166 714 2238 Chrysippus,
740 2169 1021 2239 Chrysippi
1068 2169 1198 2223 alter
1226 2170 1390 2237 Zeno,
1422 2174 1706 2241 exterique
1745 2172 2015 2242 deinceps.
2088 2172 2190 2236 Qui
2256 2172 2469 2240 quidem
2527 2185 2715 2225 omnes
2744 2180 2794 2225 et
2834 2169 2954 2223 vitae
2983 2178 3234 2222 constan~

48 2260 207 2321 tiam,
241 2270 295 2313 et
324 2260 619 2316 disserendi
658 2270 825 2315 artem
859 2261 1113 2331 singulari
1163 2264 1341 2318 studio
1403 2265 1637 2319 coluisse
1676 2266 1947 2323 dicuntur.
2004 2264 2206 2325 Horum
2238 2280 2367 2334 ergo
2398 2265 2610 2319 decreta
2651 2262 3017 2333 philosophica
3050 2277 3111 2315 ex
3152 2255 3235 2315 se;

47 2347 350 2416 quentibus
382 2348 493 2404 fere
509 2350 790 2419 intelliges.

577 2442 961 2496 ΚΕΦΑΛΔῙΟΝ
988 2444 1083 2495 IA'.

52 2546 330 2619 Hepl‘tﬁc
378 2548 494 2619 τῶν
542 2549 808 2603 Στωϊκῶν
853 2553 1223 2619 φιλοσοφίας-⁸
1276 2553 1423 2618 ὅπως
1467 2571 1529 2606 τε
1558 2557 1590 2606 ὀ

119 2616 461 2690 Ζήγωῃτόν
487 2619 617 2690 περὶ
639 2616 867 2690 ,ἀρχῶν⁷
894 2616 1189 2674 ἀπεδίδου
1213 2616 1417 2690 λόγον.
1454 2623 1590 2677 Ἀπὸ

116 2687 227 2739 τοῦ
252 2686 497 2755 ἑϐδόμου
527 2689 657 2756 Περὶ
676 2688 982 2757 φιλοσοφίας
1019 2686 1480 2757 Ἀριστοκλέους.

128 2816 145 2847 ι
186 2798 454 2867 Στοιχείον
506 2793 642 2851 εἷναί
676 2816 804 2866 φασι
846 2799 951 2851 τῶν
980 2800 1141 2855 ὄντων
1169 2802 1229 2855 τδ
1268 2802 1395 2873 πῦρ,
1426 2805 1591 2859 καθά-

57 2906 157 2958 περ
190 2890 556 2961 Ἡράκλειτος·
582 2891 765 2944 τούτου
792 2893 835 2944 δ’
864 2894 1031 2965 ἀρχὰς
1068 2893 1195 2961 ὕλην
1224 2896 1315 2948 καὶ
1345 2894 1491 2960 Θεὸν,
1518 2898 1592 2960 ὡς

56 2979 298 3032 Πλάτων.
340 2980 472 3032 Ἀλλ’
505 2974 647 3034 οὗτοι
670 2982 831 3052 ἄμφω
862 2982 1084 3057 σώματά
1114 3001 1270 3050 φασιν
1300 2980 1455 3049 εἶναι,
1502 2989 1593 3041 καὶ

60 3071 110 3120 τὸ
132 3068 342 3133 ποιοῦν,
366 3072 458 3123 καὶ
490 3072 548 3123 τὸ
574 3072 793 3141 πάσχον,
828 3075 1028 3128 ἐκείνου
1056 3074 1266 3145 πρῶτον
1298 3078 1478 3132 ποιοῦν
1508 3080 1595 3132 αἴ-

62 3176 165 3211 τιον
200 3159 487 3228 ἀσώματον
516 3160 653 3215 εἶναι
700 3165 963 3231 λέγοντες
1003 3166 1188 3220 ἔπειτα
1235 3169 1289 3221 δὲ
1325 3170 1415 3222 καὶ
1458 3170 1596 3223 κατά

63 3266 205 3313 τινας
237 3251 593 3321 εἱμαρμένους
626 3254 717 3304 καὶ
739 3253 1067 3325 ὡρισμένους
1088 3258 1306 3325 χρόνους
1333 3258 1596 3327 ἐκπυροῦ-

62 3341 178 3394 σθαι
228 3342 320 3394 τὸν
368 3342 651 3411 σύμπαντα
701 3346 919 3415 κόσμον,
963 3343 1056 3398 εἴτ’
1085 3344 1233 3410 αὖθις
1292 3348 1445 3400 πάλιν
1485 3348 1597 3400 δια-

62 3435 394 3505 ιοσμεῖσθαιο
429 3435 488 3488 τὸ
518 3436 693 3505 μέντοι
730 3437 936 3507 πρῶτον
999 3438 1105 3508 πῦρ
1135 3436 1267 3492 εἷναι
1304 3438 1596 3508 καθαπερεί

61 3538 109 3572 τι
138 3523 377 3592 σπέρμα,
408 3522 514 3575 τῶν
541 3526 787 3579 ἁπάντων
835 3525 951 3594 ἔχον
983 3528 1113 3590 τοὺς
1146 3528 1350 3595 λόγους,
1387 3530 1477 3580 καὶ
1502 3528 1597 3590 τὰς

65 3614 240 3675 ιίτίας
265 3614 371 3667 τῶν
406 3615 717 3681 γεγονότων,
748 3616 838 3669 καὶ
878 3616 983 3669 τὼν
1010 3635 1321 3689 γινομενων,
1351 3620 1442 3671 καὶ
1493 3620 1599 3671 τῶν

64 3706 352 3757 εσοαένων·
384 3705 482 3775 τὴν
514 3706 567 3758 δὲ
616 3706 811 3759 τούτων
832 3709 1121 3777 ἐπιπλοκὴν
1146 3712 1236 3761 καὶ
1265 3709 1593 3770 ἀκολουθίαν,

66 3811 156 3847 και
185 3794 537 3866 εἱμαρμένην,
569 3796 661 3847 καὶ
694 3798 1011 3865 ἐπιστήμην,
1043 3800 1133 3850 καὶ
1181 3800 1450 3867 ἀλήθειαν,
1508 3796 1598 3851 καὶ
1625 3782 1667 3837 (ἶ

70 3886 226 3955 νόμον
259 3882 393 3939 εἶναι
420 3885 527 3937 τῶν
552 3887 714 3940 ὄντων
732 3885 1199 3956 ἀδιάδραστόντινα
1225 3890 1315 3941 καὶ
1344 3888 1594 3954 ἄφυκτον.

77 3977 254 4051 Ταύτῃ
281 3980 337 4031 δὲ
387 3978 595 4039 πάντως
626 3976 933 4030 διοικεῖσθαι
995 3978 1060 4029 τὰ
1090 3977 1225 4030 κατὰ
1260 3978 1348 4031 τὸν
1404 3979 1600 4047 κόσμον

70 4067 299 4139 ὑπέρευ,
359 4068 602 4139 καθάπερ
657 4070 712 4120 ὲν
771 4070 834 4138 τῇ
893 4067 1234 4139 εύνομωτάτῃ
1296 4068 1399 4122 τινὶ
1452 4069 1599 4121 πολι-

80 4156 204 4209 tela.

574 4417 955 4471 ΚΕΦΔΛΔΙΟΝ
1001 4418 1097 4471 ΙΕ’.

26 4528 35 4607 ξ
83 4529 320 4607 Ὀποζαν
342 4527 525 4607 δᾷεαν
550 4528 861 4607 ἐπᾴτυνται
890 4530 1207 4607 οὶ-Στωτκοί
1255 4529 1385 4607 περὶ
1428 4528 1601 4607 βεοῇ,

26 4598 34 4637 .'
142 4601 238 4652 καὶ
282 4600 411 4667 περὶ
462 4600 807 4663 συστάσεως
861 4600 965 4652 τοῦ
1007 4602 1246 4665 παντός.
1306 4599 1445 4653 Ἀπὸ
1496 4597 1605 4665 τῆς

156 4668 448 4739 Ἐπιτομῆς
483 4668 704 4735 Ἀρείου
735 4667 980 4735 Διδύμου
1017 4670 1145 4739 (55).

150 4799 168 4831 ι
202 4780 360 4833 Ὀλον
406 4779 462 4832 δὲ
509 4778 598 4831 τὸν
633 4778 829 4849 κόσμον
885 4779 977 4829 σὺν
1024 4781 1132 4839 τοῖς
1182 4776 1369 4831 ἑαυτοῦ
1421 4776 1603 4847 μέρεσι

78 4868 529 4941 προσαγορεύουσι
579 4868 725 4921 Θεόν.
777 4867 969 4920 Τοῦτον
1033 4868 1086 4918 δὲ
1141 4869 1233 4920 ἕνα
1284 4868 1438 4937 μόνον
1470 4863 1603 4918 εἷναί

82 4954 330 5027 φασικαὶ
357 4960 778 5032 πεπερασμένον,
837 4958 925 5010 καὶ
963 4956 1114 5020 ζῶον,
1173 4960 1264 5009 καὶ
1296 4958 1477 5019 ἀίδιον,
1512 4957 1604 5009 καὶ

80 5049 227 5103 Θεόν.
259 5048 341 5102 Ἐν
364 5051 471 5122 γὰρ
497 5050 665 5120 τούτῳ
688 5051 858 5103 πάντα
894 5047 1228 5118 περιέχεσθαι
1259 5048 1328 5099 τὰ
1362 5046 1601 5115 σώματα,

83 5140 233 5193 κενὸν
257 5138 312 5191 δὲ
340 5140 499 5207 μηδὲν
523 5138 779 5209 ὑπάρχειν
808 5142 863 5189 ὲν
891 5137 1053 5205 αὐτῷ.
1102 5137 1172 5188 Τὸ
1200 5136 1303 5205 γὰρ
1341 5137 1403 5187 ὲκ
1432 5135 1603 5204 πάσης

82 5229 174 5297 τῆς
199 5224 379 5288 οὐσίας
407 5228 558 5279 ποιὸν
582 5225 1064 5296 προσαγορεύεσθαι
1106 5225 1163 5275 τὸ
1210 5223 1346 5275 κατὰ
1371 5222 1465 5291 τὴν
1496 5222 1606 5273 δια-

87 5320 345 5390 κόσμησιν
372 5316 755 5387 τὴντοιαύτην
787 5318 880 5367 καὶ
903 5317 1135 5381 διάταξιν
1167 5315 1301 5383 ἔχον.
1342 5314 1429 5366 Διὸ
1470 5312 1606 5366 κατὰ

154 5541 269 5662 (572
298 5538 517 5618 ’Λρείου
550 5535 814 5616 Διδύμους
850 5532 1030 5615 ξηαπ-εδ
1051 5533 1300 5613 Didymos
1322 5535 1562 5587 novimus
1590 5552 1600 5583 :

154 5630 179 5662 ιι
276 5610 386 5662 rius
412 5610 691 5662 diceretur.
740 5606 863 5656 mih'
910 5604 1117 5662 quidem
1157 5614 1367 5662 ignotus
1402 5612 1518 5657 est:
1553 5613 1600 5656 et

93 5604 179 5679 qui
227 5604 386 5664 Arius
412 5610 691 5669 diceretur,
740 5605 864 5679 mihi
910 5604 1117 5679 quidem
1154 5606 1367 5679 ignotus
1402 5612 1605 5679 est:_et

94 5672 264 5735 tamen
292 5686 597 5733 constanter
640 5674 776 5744 apud
809 5673 1091 5727 Eusebium
1125 5672 1207 5744 sic
1229 5681 1449 5744 vocatur
1508 5672 1604 5724 Su-

97 5754 270 5823 spicor
294 5766 401 5804 non
435 5742 780 5819 'Apeloufsed
817 5744 1041 5812 Ἀτηῖου,
1073 5742 1152 5796 vel
1198 5742 1395 5793 Ἀττίου
1427 5742 1600 5812 legen-

474 5876 523 5929 ἠδ

2263 2436 2487 2492 CAPUT
2516 2434 2653 2489 XIV.

1692 2556 1769 2611 De
1816 2554 2111 2610 Stoicarum
2146 2552 2467 2621 philosophia
2501 2565 2517 2602 :
2546 2560 2593 2602 et
2640 2545 3233 2621 quemftdmedumzeno

1757 2626 1820 2679 de
1846 2615 2215 2692 principiorum
2244 2615 2444 2673 ratione
2473 2615 2732 2674 statuerit.
2758 2618 2840 2671 Ea:
2864 2617 3135 2671 Aristoclis
3166 2615 3235 2668 De

1759 2694 2093 2765 philosophia
2134 2692 2372 2759 septimo.

1765 2825 1783 2857 ι
1840 2804 2061 2867 Rerum,
2113 2802 2317 2870 inquit,
2371 2801 2714 2855 elementum.
2768 2800 2844 2854 uti
2894 2796 3230 2853 Heraclitus.

1693 2899 1867 2969 ignem
1897 2909 2017 2951 esse
2044 2893 2271 2957 volunt;
2299 2892 2415 2961 ejus
2460 2906 2583 2944 vero
2613 2891 2891 2959 principia,
2953 2886 3228 2940 materiam

1695 2997 1854 3057 atque
1877 2984 2063 3049 Deum,
2096 2994 2148 3037 ut
2177 2981 2350 3036 Plato.
2382 2980 2577 3041 Verum
2610 2980 2711 3033 hoc
2739 2976 3066 3037 discrimine,
3092 2973 3233 3041 quod

1698 3078 1863 3132 Stoici
1896 3079 2055 3132 ambo
2090 3076 2198 3139 illa,
2229 3084 2336 3127 tam
2369 3072 2601 3127 elliciens
2639 3084 2797 3137 quam
2845 3068 3069 3134 patiens,
3116 3079 3234 3116 cor-

1696 3184 1830 3237 pora
1871 3182 1991 3221 esse
2032 3166 2250 3229 dicant;
2282 3162 2430 3216 Plato
2463 3169 2645 3215 contra
2672 3158 2899 3226 primum
2928 3156 3072 3209 illum
3106 3154 3233 3207 eiic-

1698 3268 1925 3320 ctorem,
1961 3258 2334 3322 incorporeum
2362 3262 2631 3306 auctorem
2654 3265 2773 3304 esse
2794 3258 3007 3304 statuat.
3042 3247 3235 3299 Deinde

1696 3350 1856 3402 certis
1911 3346 2229 3416 quibusdam
2276 3345 2493 3413 latoque
2541 3342 2840 3396 constitutis
2888 3334 3231 3405 temporibus,

1695 3442 1853 3513 817
1884 3440 2140 3493 mundum
2161 3436 2466 3491 universum
2499 3434 2824 3502 conﬂagrare
2850 3433 3057 3494 docent,
3089 3430 3233 3481 inde.

1698 3546 1802 3599 que
1832 3544 1983 3583 suam
2016 3528 2190 3578 denuo
2222 3525 2450 3591 speciem
2484 3533 2835 3587 ornatumque
2878 3518 3126 3584 recipere.
3158 3515 3233 3569 Ac

1699 3622 1931 3689 primum
1963 3617 2177 3684 quidem
2210 3614 2359 3666 illum
2387 3613 2585 3679 ignem,
2619 3609 2773 3677 quasi
2815 3622 2991 3660 semen
3022 3606 3231 3673 aliquod

1699 3724 1835 3771 esse,
1865 3707 2005 3775 quod
2059 3718 2235 3757 rerum
2278 3701 2515 3755 omnium
2567 3700 2820 3763 rationes,
2850 3714 2911 3751 ac
2944 3700 3233 3766 prseterito-

1699 3815 1817 3853 rum
1848 3796 2028 3861 simul,
2063 3794 2423 3863 przesentium,
2453 3791 2861 3857 futurorumque
2890 3806 3080 3845 causas
3110 3807 3235 3843 con-

1700 3890 1885 3943 tineat.
1908 3885 2143 3950 Quarum
2168 3882 2464 3951 complexio
2494 3880 2732 3951 quadam
2763 3893 2815 3934 et
2839 3882 3230 3950 consequentia,

1699 3996 1882 4034 eorum
1916 3993 2034 4047 quae
2060 3985 2183 4031 sunt
2230 3976 2460 4047 omnium
2503 3974 2692 4035 fatum,
2738 3973 2979 4035 scientia,
3019 3973 3229 4031 veritas,

1699 4080 1751 4124 et
1782 4071 1863 4123 lex
1895 4068 2157 4136 ejusmodi
2189 4068 2277 4129 sit,
2306 4081 2425 4133 qum
2457 4065 2605 4117 nullo
2640 4072 2792 4131 pacto
2826 4061 2978 4130 effugi
3010 4068 3099 4113 aut
3138 4059 3229 4111 de-

1701 4159 1889 4213 clinari
1927 4166 2107 4226 queat.
2158 4155 2245 4208 Sic
2287 4169 2447 4223 porro
2478 4170 2597 4222 quae
2627 4154 2689 4219 in
2722 4153 2915 4205 mundo
2962 4159 3083 4203 sunt
3115 4152 3233 4200 uni-

1701 4264 1873 4310 versa,
1908 4263 2066 4315 quam
2101 4246 2298 4314 Optime
2345 4246 2650 4315 gubernari,
2686 4252 2933 4311 tanquam
2980 4242 3031 4294 in
3075 4258 3231 4309 repu-

1701 4340 1839 4394 blica
1864 4338 2187 4409 aequissimis
2211 4338 2416 4407 legibus
2438 4335 2745 4389 constituta.

2289 4422 2509 4475 CAPUT
2540 4420 2651 4473 XV.

1706 4542 1876 4606 Quam
1901 4540 1963 4591 de
1987 4537 2093 4589 Deo
2116 4534 2276 4587 Stoici
2297 4573 2310 4592 ,
2337 4534 2495 4601 deque
2533 4534 2681 4606 lmjns
2716 4531 3231 4606 univcrsi__ntolitione

1741 4600 2042 4665 sententiam
2068 4600 2419 4658 introducunt.
2450 4606 2531 4656 Ea:
2562 4604 2673 4656 Arii
2702 4602 2911 4670 Didymi
2936 4600 3195 4671 Epitoma.

1776 4796 1795 4829 ι
1844 4775 2119 4837 Mundum,
2168 4774 2378 4843 inquit,
2430 4775 2735 4829 universum
2764 4816 2776 4838 ,
2832 4789 2950 4828 cum
2994 4770 3230 4841 partibus

1702 4870 1819 4937 ejus
1844 4868 2088 4933 singulis,
2117 4864 2282 4917 Deum
2328 4868 2608 4935 appellant.
2666 4864 2815 4919 Hunc
2843 4863 3033 4931 quippe
3066 4877 3227 4913 unum

1704 4960 1963 5013 duntaxat
1988 4971 2103 5009 esse
2153 4956 2336 5021 aiunt,
2370 4957 2692 5019 absolutum,
2725 4954 3063 5011 animantem.
3093 4968 3231 5006 sein-

1706 5051 1991 5119 piternum,
2024 5062 2085 5098 ac
2120 5044 2284 5099 Deum
2311 5066 2323 5100 :
2349 5048 2439 5101 illo
2464 5049 2603 5101 enim
2631 5058 2848 5113 corpora
2898 5044 3073 5095 omnia
3106 5060 3230 5096 con-

1705 5139 1879 5200 tineri,
1910 5146 1961 5190 ct
1995 5151 2219 5187 vacuum
2253 5137 2307 5189 in
2348 5151 2413 5189 eo
2441 5148 2713 5203 superesse
2758 5131 2908 5183 nihil.
2950 5130 3230 5183 Enimvero

1703 5230 1844 5298 quod
1875 5242 1939 5279 ex
1969 5226 2113 5278 omni
2160 5226 2457 5282 substantia
2504 5223 2785 5276 conﬂatum
2833 5222 2921 5285 sit,
2964 5222 3012 5273 id
3057 5222 3226 5287 ipsum

1704 5321 1809 5374 tale
1857 5318 1982 5386 quid
2033 5319 2335 5379 nominari,
2375 5324 2634 5384 quatenus
2677 5322 2920 5366 ornatum
2968 5310 3227 5380 ejusmodi

1707 5537 1831 5591 dum
1854 5550 1989 5588 esse.
2008 5534 2218 5594 Suidas,
2248 5533 2485 5599 Δίδυμος,
2504 5532 2694 5597 inquit.
2726 5532 2950 5599 Ἀτήῖος,
2971 5527 3000 5593 ἦ
3018 5528 3226 5599 ᾊττισς

1706 5605 2041 5675 χρηματίσας
2059 5645 2072 5665 ,
2106 5594 2383 5675 φιλόσοφος
2420 5594 2805 5675 [ᾼκαδημαῖχος
2823 5594 3229 5675 ,ιπιθανῷνκαὶ

1707 5664 2042 5745 ἓὸεέὶσμάτων
2063 5664 2245 5734 λύσεις
2270 5664 2325 5723 ὲν
2360 5670 2579 5739 βιϐλίοις
2601 5664 2672 5741 β’,
2702 5670 2791 5721 καὶ
2815 5666 2944 5719 ἄλλα
2972 5664 3155 5718 πολλά,
