3958 6338
14 467 151 523 13ιὸ

1090 468 1401 523 l‘llil‘AR.
1444 466 1687 521 EVANG.
1730 466 1855 520 LIB.
1898 468 2009 519 XV.

3053 462 3191 517 ιδισ

12 585 273 640 ἅπτεσθαι
298 584 549 646 τιθέντες.
586 586 741 637 Ἀλλὰ
770 586 865 654 τῆν
878 586 1079 639 τούτων
1106 588 1238 655 πρὸς
1268 586 1364 654 μὲν
1382 583 1552 636 ταῦτα

1652 585 1807 637 nudae
1849 583 2078 636 orationi
2131 583 2286 635 titlem
2321 581 2507 635 haberi
2535 581 2759 643 volunt;
2793 579 2896 633 nisi
2927 580 3065 649 quod
3111 579 3192 630 in-

9 673 287 743 άσλεψίαν,
319 675 451 741 πρὸς
482 677 539 728 δὲ
565 676 631 726 τά
655 674 762 727 τῶν
806 673 1047 726 παλαιῶν
1077 674 1340 744 ῥᾳθυμίαν
1367 691 1425 725 τε
1457 675 1548 724 καὶ

11 765 438 836 καταφρόνησιν,
488 765 542 818 τί
597 765 663 819 ἄν
718 783 802 829 τις
847 765 1013 817 ἐπιὼν
1073 766 1164 815 ἐπὶ
1225 764 1384 816 πλέον
1440 781 1545 833 μη-

13 872 179 928 tum;

1652 691 1813 743 super
1840 686 1948 727 tam
1975 676 2221 728 absurdae
2250 673 2620 742 opinioni'hoc
2650 672 2873 734 addunt,
2904 680 2963 725 ut
2991 672 3193 740 sempi-

1652 775 1861 820 ternum
1912 768 2085 835 ignem
2133 767 2283 819 illum
2326 779 2445 817 esse
2489 763 2794 823 defendant,
2843 778 2965 815 cuiu
3012 770 3188 815 tamen

1650 856 1926 909 :ethcrium
1955 857 2218 926 exstingui
2261 855 2453 922 partim
2472 895 2487 918 ,
2535 854 2727 921 partim
2762 852 2979 908 accendi
3006 852 3188 909 velint.

14 948 327 1000 Sedeorum
382 954 476 999 aut
534 955 830 1016 stuporem.
876 955 970 1000 aut
1018 955 1256 1000 veterum
1302 945 1403 999 bac
1448 944 1501 996 in
1565 944 1925 1014 disputatione
1969 957 2332 1016 contemptum
2402 944 2647 1015 pluribus
2689 959 3011 1013 cxaggcrarc
3062 941 3188 1012 quid

12 1038 202 1091 attinet
218 1037 244 1089 ?

520 1109 905 1179 ΚΕΦΔΛΔΙΟΝ
945 1127 1039 1177 IZ'.

15 1245 131 1296 ὀτι
158 1244 271 1295 οὐκ
290 1240 367 1294 ἂν
385 1240 477 1306 ειη
499 1240 667 1307 σῶμα
699 1238 763 1291 τὸ
788 1238 879 1300 ὃν,
909 1237 1055 1289 κατὰ
1075 1238 1213 1301 τοὺς
1241 1236 1552 1307 Στωϊκούς.

101 1311 242 1365 Ἀπὸ
278 1309 382 1362 τοῦ
434 1306 663 1375 πρώτου
686 1310 819 1381 Περὶ
845 1307 1079 1374 τάγαθοῦ
1102 1306 1458 1374 Νουμηνιου.

84 1420 103 1452 ι
150 1399 307 1453 Ἀλλὰ
332 1397 383 1451 τί
401 1397 461 1467 δή
497 1400 611 1449 ἐστι
629 1396 689 1448 τὸ
707 1395 766 1449 ὃν
788 1411 803 1458 ;
829 1392 937 1465 ἆρα
952 1396 1105 1447 ταυτὶ
1135 1394 1203 1445 τὰ
1230 1395 1461 1461 στοιχεῖα
1485 1392 1553 1443 τὰ

12 1494 264 1562 τέτταρα,
289 1492 324 1560 ἡ
362 1491 452 1559 τῆ,
487 1490 577 1541 καὶ
608 1490 668 1540 τὸ
700 1488 829 1555 πῦρ,
854 1487 949 1539 καὶ
977 1488 1031 1538 αί
1056 1485 1208 1537 ἄλλαι
1227 1484 1319 1535 δύο
1348 1479 1547 1551 μεταξὺ

13 1584 198 1654 φύσεις
221 1598 238 1646 ;
264 1578 406 1651 'Apa
429 1575 521 1633 οὖν
546 1579 611 1649 δὴ
653 1577 721 1630 τά
742 1579 870 1630 ὄντα
914 1576 1081 1629 ταῦτά
1109 1578 1251 1626 ἐστιν
1278 1575 1394 1643 ἤτοι
1424 1573 1549 1637 ξυλ-

14 1673 228 1744 λήσδην,
258 1671 293 1742 ἢ
322 1670 442 1723 καθ’
467 1669 527 1723 ἓν
554 1669 617 1736 γέ
637 1686 689 1720 τι
716 1667 921 1731 αὐτῶνς
949 1667 1056 1719 Καὶ
1088 1665 1223 1727 πῶς,
1255 1664 1292 1717 ἃ
1317 1664 1380 1731 γέ
1435 1666 1548 1715 ἐστι

14 1765 105 1818 καὶ
136 1761 368 1831 τεννητά
396 1761 489 1813 καὶ
515 1748 897 1829 παλινάγρετα,
925 1758 977 1809 εἷ
996 1757 1065 1824 γέ
1103 1759 1246 1808 ἐστιν
1264 1756 1395 1827 ὁρᾷν
1414 1754 1551 1807 αὐτὰ

15 1855 71 1921 ὲξ
96 1853 335 1923 ἀλλήλων
362 1850 635 1921 γινόμενα,
660 1849 753 1903 καὶ
794 1848 1254 1916 άπαλλασσόμενα,
1285 1847 1392 1899 καὶ
1417 1848 1550 1916 μήτε

16 1945 245 2014 στοιχεῖα
268 1943 593 2014 ὑπάρχοντα,
624 1943 758 2011 μήτε
780 1939 1074 2003 συλλαϐάς
1098 1938 1261 2008 Σῶμα
1280 1937 1377 2007 μὲν
1397 1937 1551 1989 ταυτὶ

13 1997 186 2106 obrui;
206 2034 305 2085 οὐκ
324 1997 393 2085 av.
415 1997 498 2101 in;
532 1997 593 2082 τό
752 2026 890 2081 Ἀλλ’
909 1997 1202 2099 epa'émi
1249 1997 1345 2085 sitv
1375 2023 1458 2087 οὓ,
1518 2027 1552 2095 ἡ
1582 1997 1624 2049 Β

12 2126 60 2177 δ’
90 2124 189 2195 ὕλη
215 2124 432 2176 δύναται
480 2117 615 2174 εἶναι
658 2121 736 2173 δν.
781 2119 936 2171 Ἀλλὰ
967 2119 1061 2171 καὶ
1106 2116 1311 2187 ταύτην
1358 2115 1550 2177 παντὸς

20 2216 210 2285 μᾶλλον
226 2214 498 2276 ἀδύνατον,
526 2208 801 2282 optimc;
825 2207 918 2261 τοῦ
950 2209 1146 2277 μένειν.
1175 2206 1421 2276 Ποταμδς
1447 2206 1555 2277 γὰρ

14 2308 48 2375 ἡ
76 2303 175 2374 ὕλη
204 2302 406 2375 ῥοώδης
429 2302 522 2355 καὶ
556 2299 869 2371 ὀξύρροπος,
896 2298 1077 2367 βάθος,
1112 2298 1204 2350 καὶ
1226 2293 1443 2359 πλάτος,
1462 2295 1556 2346 καὶ

20 2397 186 2466 μῆκος
221 2394 483 2463 ἀόριστος,
514 2390 605 2442 καὶ
636 2390 909 2459 ἀνήνυτος.
937 2406 956 2439 ι
1024 2386 1133 2441 Καὶ
1172 2386 1309 2458 μετὰ
1353 2386 1555 2456 βραχέα

17 2483 276 2553 ἐκλέγει·
337 2498 355 2532 ι
391 2481 550 2532 Ὥστε
594 2478 772 2540 καλῶς
821 2479 852 2530 ὁ
899 2476 1056 2544 λόγος
1103 2475 1311 2546 εἴρηκεν,
1352 2476 1477 2544 φὰς,
1507 2479 1555 2529 εἰ

17 2576 157 2627 ἐστιν
186 2574 406 2641 ἄπειρος
424 2575 458 2643 ἡ
484 2571 605 2641 ὕλη,
632 2570 874 2641 ἀόριστον
913 2565 1050 2620 εἶναι
1086 2569 1276 2637 αὑτήνο
1321 2570 1370 2619 εί
1398 2568 1455 2620 δὲ
1494 2569 1557 2619 ά-

19 2664 249 2733 ὁριστος,
286 2662 491 2729 ἄλογον·
525 2663 573 2712 εί
604 2659 660 2712 δὲ
689 2658 898 2724 ἄλογος,
929 2656 1217 2725 ἄγνωστον.
1252 2656 1557 2725 ’Δγνωστον

16 2754 70 2805 δέ
92 2770 154 2821 γε
194 2749 355 2806 οὖσαν
379 2752 546 2820 αὐτὴν
573 2752 860 2814 ἀναγκαῖον
903 2743 1043 2800 εἶναι
1065 2748 1313 2804 ἄτακτονο
1361 2747 1437 2809 ὡς
1471 2764 1557 2798 τε-

16 2842 257 2912 ταγμένα
284 2840 588 2910 γνωσθῆναι
616 2840 753 2893 πάνυ
779 2836 1041 2906 δήπουθεν
1074 2836 1141 2889 ἂν
1170 2838 1256 2907 εἴη
1286 2836 1478 2907 ῥᾴδιον·
1496 2836 1557 2888 τὸ

16 2932 71 2984 δὲ
349 2930 446 3000 οὐχ
472 2930 715 3000 ἕστηκεν⁸
769 2928 797 2980 ὅ
825 2944 879 2979 τι
920 2926 974 2979 δὲ
1006 2926 1080 2997 μὴ
1108 2929 1326 2997 ἔστηκε,
1364 2928 1464 2979 οὐκ
1490 2928 1556 2979 ἂν

19 3022 99 3089 εἴη
126 3020 206 3071 ὅν.
249 3017 416 3070 Τοῦτο
450 3017 507 3069 δὲ
532 3012 598 3086 ἦν
640 3017 773 3085 ὅπερ
805 3016 935 3083 ἡμῖν
985 3015 1166 3076 αὐτοῖς
1211 3014 1558 3086 ὡμολογησά-

22 3110 153 3180 μεθα
181 3112 242 3162 ἓν
267 3113 378 3172 τοῖς
407 3107 729 3179 ἔμπροσθεν,
781 3107 935 3158 ταυτὶ
965 3107 1140 3159 πάντα
1181 3108 1558 3178 συνενεχθῆναι

19 3200 92 3269 τῷ
114 3200 227 3252 ὄντι
253 3199 538 3268 ἀθέμιστον
562 3195 717 3250 εἶναι.
736 3198 966 3266 Δοξάτω,
986 3197 1216 3266 μάλιστα
1246 3198 1343 3266 μὲν
1371 3199 1555 3261 πᾶσιν,

2106 1117 2271 1187 319
2298 1115 2525 1171 CAPUT
2565 1115 2726 1171 xvu.

1652 1232 1716 1285 Id
1744 1232 1882 1303 quod
1901 1240 2465 1303 rerc_est,_eorpns_uon_
2485 1245 2612 1303 esse,
2630 1238 2688 1303 ut
2714 1226 2877 1282 Stoici
2893 1230 3191 1296 opinantur.

1992 1300 2076 1351 Ea:
2112 1298 2358 1351 Numenii
2384 1300 2551 1365 primo
2579 1299 2652 1349 Dc
2676 1300 2835 1351 bono.

1724 1407 1744 1440 c
1776 1388 2180 1447 Verumtamen,
2210 1385 2383 1455 inquit
2425 1386 2529 1449 ille,
2568 1386 2821 1453 quidnam
2870 1386 3033 1455 igitur
3074 1400 3197 1439 vere

1650 1486 1771 1534 esse
1795 1480 2036 1533 dicemus
2056 1476 2229 1530 ?Num
2259 1478 2373 1530 hare
2400 1478 2665 1529 elementa
2695 1485 2945 1545 quatuor,
2973 1487 3193 1540 terram,

1653 1571 1851 1637 ignem,
1885 1568 2192 1636 mediasque
2238 1568 2373 1619 duas
2412 1561 2551 1619 inter
2598 1576 2886 1634 utrumque
2936 1567 3199 1620 naturas?

1654 1658 1843 1713 Utrum
1872 1674 2001 1727 ergo
2048 1658 2136 1711 illa
2180 1668 2327 1721 sunt,
2362 1658 2609 1711 universa
2648 1658 2829 1722 simul,
2872 1673 2940 1711 an
2973 1661 3199 1713 scorsim

1653 1765 1717 1805 ac
1750 1765 1847 1819 per
1881 1765 2000 1803 sese
2036 1748 2294 1818 singula?
2342 1747 2446 1813 Qui
2498 1749 2709 1802 tandem
2748 1749 3060 1803 alterutrum
3091 1750 3197 1804 dici

1653 1843 1841 1909 possit,
1886 1856 2009 1894 cum
2042 1849 2098 1894 et
2126 1842 2301 1908 genita
2334 1841 2421 1894 illa
2453 1844 2588 1907 sint,
2620 1850 2674 1895 et
2704 1844 2965 1897 exstincta
3008 1859 3199 1897 rursus

1653 1932 1937 1985 oriantur?
1965 1932 2164 2001 passim
2215 1932 2360 1986 enim
2406 1947 2469 1986 ca
2503 1933 2746 1987 videmus
2798 1947 2920 1986 cum
2969 1932 3083 1987 ﬁeri
3130 1948 3199 1985 ex

1652 2033 2001 2087 sesemutuo,
2044 2031 2157 2076 tum
2207 2025 2280 2076 Ita
2312 2036 2533 2091 prorsus
2578 2022 2817 2085 interire,
2863 2030 2925 2075 ut
2962 2037 3061 2077 nec
3089 2022 3201 2076 ele-

1651 2123 1832 2166 menta
1864 2123 2133 2174 maneam,
2183 2127 2280 2166 nec
2309 2112 2698 2166 elementorum
2732 2113 2841 2166 ulla
2878 2113 3195 2181 complexio.
3233 2144 3236 2145 ν

1652 2200 1834 2271 Itaque
1862 2218 2060 2272 corpus
2096 2204 2224 2267 illud
2259 2202 2402 2271 quod
2434 2218 2558 2257 vere
2599 2196 2779 2266 sit,‘in
2807 2204 3085 2258 elementis
3112 2219 3199 2256 re-

1652 2295 1815 2364 periri
1849 2309 1953 2347 non
1984 2302 2175 2362 potest.
2207 2294 2351 2360 Esto,
2384 2296 2664 2350 elementis
2691 2295 2795 2348 hoc
2829 2295 3049 2347 minime
3071 2310 3201 2349 cun-

1652 2379 1851 2443 veniat,
1882 2379 2121 2431 materiae
2138 2389 2282 2433 arte
2305 2380 2519 2449 quidem
2549 2380 2750 2447 optime
2776 2378 3071 2432 conveniet.
3107 2378 3201 2430 At-

1652 2468 1746 2536 qui
1774 2467 1843 2521 ah
1871 2481 1938 2523 eo
1965 2465 2275 2538 longissime
2301 2470 2451 2523 abest
2474 2468 2719 2533 materia,
2748 2469 2893 2537 quod
2938 2469 3200 2522 inﬁrmior

1621 2574 1716 2634 ~ea
1746 2560 1837 2624 sit,
1878 2574 2043 2629 quam
2073 2571 2134 2613 ut
2180 2566 2486 2614 constanter
2535 2574 2847 2629 permanere
2894 2569 3075 2627 queat.
3105 2558 3201 2613 Est

1652 2650 1795 2702 enim
1825 2650 2020 2704 ﬂuvius
2042 2651 2260 2720 quidam
2296 2650 2581 2705 vehemens
2628 2661 2682 2705 ct
2726 2651 3000 2717 incitatus,
3046 2651 3202 2719 cujus

1652 2730 1825 2810 neque
1850 2740 2071 2806 fundus,
2101 2758 2274 2811 neque
2303 2743 2549 2807 latitudo,
2580 2760 2754 2813 neque
2780 2744 3057 2812 longitudo
3084 2759 3202 2798 cer-

1651 2831 1723 2883 tis
1761 2831 1885 2884 ullis
1918 2831 2116 2885 ﬁnibus
2161 2834 2541 2901 comprehendi
2573 2835 2762 2901 possit.
2798 2853 2817 2884 ι
2843 2833 2980 2887 Tum
3013 2818 3201 2902 paucis

1652 2920 1972 2989 quibusdam
1984 2921 2271 2990 iutcrject..s
2286 2934 2307 2975 :’
2322 2903 2728 2988 «Quamobrem,
2745 2925 2934 2993 inquit,
2950 2925 3201 2992 praeclare

1653 3011 1855 3066 dictum
1894 3012 2024 3067 illud
2053 3022 2155 3077 est,
2185 3016 2465 3067 materiam
2495 3014 2541 3069 si
2578 3017 2647 3069 sit
2677 3017 2957 3083 immensa,
2986 3016 3199 3070 deliniri

1653 3104 1879 3174 proinde
1919 3122 2029 3161 non
2074 3121 2268 3176 posse;
2309 3107 2453 3175 quod
2502 3108 2548 3160 si
2584 3123 2771 3161 verum
2802 3119 2905 3171 cst,
2955 3110 3198 3163 eamdem

1655 3197 1882 3251 rationis
1907 3206 2178 3266 expertem
2212 3213 2369 3263 esse;
2402 3198 2446 3251 si
2473 3197 2702 3267 denique
2735 3198 2962 3254 rationis
2988 3215 3201 3268 expers,

21 3296 67 3344 εί
94 3294 153 3345 δὲ
184 3292 279 3363 μὴ,
302 3292 416 3345 ἀλλ’
445 3292 585 3361 ἐμοί.
635 3284 838 3343 οὐκοῦν
866 3305 1004 3357 φημι
1033 3288 1133 3357 τὴν
1162 3286 1291 3358 ὕλην
1313 3287 1434 3339 οὔτε
1463 3288 1557 3341 αὐ-

1656 3290 2014 3361 cognitionem
2045 3305 2259 3343 omnem
2293 3290 2489 3361 iugere.
2524 3290 2676 3356 Quod
2720 3293 2764 3346 si
2808 3296 3060 3363 cognosci
3095 3310 3202 3349 non

19 3385 134 3453 τὴν,
160 3383 283 3435 οὔτε
304 3382 371 3434 τὰ
417 3381 640 3451 σώματα
670 3380 805 3432 εἶναι
837 3380 914 3432 ὃν.
948 3379 1012 3431 Τί
1035 3375 1127 3432 οὖν
1148 3378 1211 3448 δή
1228 3396 1254 3453 ;⁸
1279 3379 1327 3429 εί
1363 3377 1558 3446 ἔχομεν

23 3476 168 3544 παρὰ
202 3475 370 3527 ταῦτα
395 3473 520 3526 ἄλλο
546 3491 597 3524 τι
625 3474 681 3524 ὲν
723 3475 788 3542 τῇ
812 3471 967 3540 φύσει
998 3474 1065 3541 τῇ
1113 3470 1222 3523 τῶν
1247 3465 1555 3534 δλωνςΝαίο

22 3564 173 3618 τοῦτο
207 3565 357 3617 οὐδὲν
388 3566 557 3617 εἰπεῖν
603 3553 861 3627 ποικίλον,
892 3564 941 3616 εί
970 3563 1084 3615 τόδε
1116 3562 1329 3631 πρῶτον
1360 3560 1458 3631 μὲν
1503 3562 1561 3613 ὲν

22 3656 147 3724 ἡμὶν
170 3654 350 3715 αὐτοῖς
380 3653 493 3724 ἅμα
544 3641 926 3723 πειραθείήμεν
972 3652 1354 3721 διαλεγόμενοι.
1413 3650 1561 3701 Ἐπεὶ

22 3742 77 3793 δὲ
106 3741 176 3794 τὰ
201 3739 423 3811 σώματά
448 3742 563 3791 ἐστι
608 3740 770 3808 φύσες
808 3740 1119 3809 τεθνηκότα,
1146 3739 1240 3791 καὶ
1263 3736 1449 3808 νεκρά,
1466 3738 1561 3789 καὶ

25 3833 389 3904 πεφορημένα,
436 3831 529 3883 καὶ
579 3830 685 3881 οὐδ’
725 3830 783 3881 ἑν
818 3829 1001 3899 ταύτῷ
1046 3830 1291 3900 μένοντα,
1334 3825 1420 3901 ἆρ’
1440 3829 1561 3899 οὐχὶ

22 3921 113 3974 τοῦ
144 3920 454 3985 καθέξοντος
485 3920 665 3981 αὐτοῖς
692 3919 809 3981 dei;
867 3918 1069 3980 Παντὸς
1125 3918 1341 3989 μᾶλλον.
1368 3920 1431 3970 El
1484 3917 1559 3988 μὴ

25 4012 169 4082 τύχοι
196 4013 253 4065 δὲ
278 4012 488 4075 τούτου,
524 4008 633 4082 ἆρα
662 4006 886 4082 μείνειεν
918 4009 1015 4074 άν;
1060 4010 1264 4072 Παντὸς
1293 4003 1471 4078 ἦττον.
1493 4008 1559 4059 Τί

24 4099 112 4156 οὖν
142 4106 254 4157 ἐστι
283 4105 345 4157 τὸ
399 4104 766 4173 κατεισχῆσον;
796 4103 859 4155 El
891 4100 987 4161 μὲν
1017 4100 1081 4171 δὴ
1140 4100 1233 4153 καὶ
1282 4098 1443 4152 τοῦτο
1474 4099 1558 4168 είη

27 4192 199 4262 σῶμα,
224 4194 343 4256 Διὸς
397 4192 642 4263 Σωτῆρος
697 4192 842 4245 δοκεῖ
882 4190 947 4244 ἂν
995 4189 1114 4259 ἐμοὶ
1154 4189 1403 4260 δεηθῆναι
1432 4189 1561 4242 αὐτὸ

28 4283 421 4351 παραλυόμενον
441 4282 544 4335 ἐκαὶ
588 4282 953 4350 σκιδνάμενον.
999 4278 1063 4331 Εί
1099 4277 1276 4350 μέντοι
1303 4280 1404 4351 χρὴ
1429 4281 1559 4332 αὐτὸ

27 4371 353 4443 ἀπηλλάχθαι
379 4370 478 4440 τῆς
503 4371 609 4424 τῶν
644 4370 903 4441 σωμάτων
933 4370 1128 4440 πάθης,
1169 4369 1257 4423 ἵνα
1292 4369 1560 4436 κάκείνοις

29 4462 371 4533 muniebat;
397 4463 494 4532 τὴν
538 4461 738 4533 φθορὰν
768 4460 989 4533 ἀμύνειν
1032 4458 1271 4530 δύνηται,
1302 4460 1395 4512 καὶ
1424 4476 1559 4515 κατ-

1657 3374 1849 3441 possit,
1881 3375 2161 3429 confusam
2187 3377 2329 3429 illam
2360 3393 2423 3432 ac
2450 3380 2815 3447 perturbatam
2839 3398 2960 3436 esse
2986 3398 3207 3438 necesse

1655 3469 1758 3527 est,
1796 3477 1919 3516 cum
1976 3462 2221 3518 ordinata
2268 3468 2445 3521 omnia
2499 3468 2609 3523 sint
2658 3471 2723 3525 ad
2770 3472 3201 3541 cognoscendum

1656 3552 1814 3620 longe
1859 3552 2133 3608 facillima.
2188 3556 2353 3621 Quod
2390 3574 2516 3613 vero
2563 3563 2932 3630 perturbatum
2982 3572 3094 3628 est,
3150 3565 3205 3619 id

1656 3658 1972 3713 permanere
2017 3645 2257 3713 profecto
2304 3664 2411 3702 non
2441 3659 2653 3719 potest;
2696 3656 2838 3721 quod
2884 3666 3061 3709 autem
3095 3654 3223 3710 non

1656 3744 2002 3803 permaneat,
2050 3736 2101 3789 id
2154 3737 2337 3806 utique
2374 3753 2498 3792 vere
2548 3756 2655 3794 non
2710 3742 2887 3798 fuerit.
2930 3744 3117 3813 Atque.
3149 3747 3204 3801 id

1657 3824 1831 3892 ipsum
1850 3836 1951 3892 est,
1990 3842 2097 3896 quo
2125 3828 2191 3881 de
2212 3828 2322 3897 jam
2359 3829 2495 3882 inter
2519 3845 2619 3884 nos
2645 3840 2767 3887 ante
2791 3836 3058 3901 convenit,
3090 3813 3203 3891 haec

1656 3916 1838 3969 omnia
1878 3932 1985 3971 non
2034 3933 2192 3987 posse
2225 3935 2348 3974 cum
2391 3921 2507 3988 ejus
2537 3923 2679 3991 quod
2720 3940 2844 3979 vere
2880 3928 2951 3982 sit
2994 3930 3205 3983 ratione

1658 4004 1971 4061 consistere.
2010 4007 2065 4062 Id
2100 4009 2243 4077 quod
2288 4013 2519 4066 maxime
2566 4014 2778 4082 quidem
2811 4019 3062 4074 omnibus
3089 4020 3205 4088 pla-

1656 4108 1779 4149 cere
1806 4096 1959 4150 velim
1982 4115 1996 4163 ;
2020 4097 2103 4152 sin
2134 4099 2335 4163 minus,
2362 4102 2569 4170 placeat
2594 4115 2737 4159 certe
2758 4107 2908 4159 mihi.
2931 4107 3203 4164 Ilateriam

1658 4184 1837 4254 igitur,
1887 4194 1981 4241 aut
2014 4202 2212 4257 corpus
2254 4191 2423 4243 ullum
2456 4207 2579 4246 vere
2618 4208 2738 4249 esse
2788 4210 2943 4265 nego.
2973 4196 3047 4252 De
3096 4199 3206 4255 illis

1654 4287 1784 4343 ergo
1832 4276 1959 4344 quid
2003 4278 2280 4333 dicimus?
2325 4276 2462 4333 Num
2506 4281 2649 4336 aliud
2688 4284 2815 4352 quid
2862 4296 3055 4354 prater
3097 4289 3203 4345 ista

1657 4366 1812 4420 nobis
1862 4367 1918 4419 in
1960 4375 2071 4423 tota
2116 4383 2294 4423 rerum
2346 4379 2535 4425 natura
2601 4376 2887 4442 superest?
2949 4376 3206 4449 Superest

1656 4472 1785 4512 vero
1811 4476 1823 4511 :
1850 4473 2025 4529 neque
2064 4460 2117 4514 id
2163 4462 2427 4530 explicare
2454 4462 2681 4519 diliicilis
2707 4465 2997 4522 admodum
3027 4485 3204 4541 operae

29 4554 141 4625 ἕχῃ,
169 4553 291 4624 ἐμοὶ
332 4554 427 4624 μὲν
450 4554 511 4609 οὐ
537 4553 681 4607 δοκεῖ
709 4552 833 4607 άλλο
862 4569 914 4605 τι
968 4547 1104 4605 εἶναι
1130 4550 1164 4621 ἢ
1216 4549 1373 4620 μόνον
1402 4567 1464 4618 γε
1497 4552 1556 4605 τὺ

1659 4544 1838 4614 fuerit,
1879 4550 1924 4603 sl
1959 4551 2119 4604 modo
2145 4551 2383 4620 primum
2422 4552 2552 4607 illud
2586 4554 2638 4608 in
2674 4556 2827 4613 nobis
2870 4558 3001 4629 ipsis
3027 4562 3205 4631 pervi-

28 4639 322 4710 άσώματον·
353 4638 489 4709 αὕτη
520 4638 627 4708 γὰρ
650 4639 723 4708 δὴ
737 4638 944 4707 φύσεων
977 4639 1161 4692 πασῶν
1182 4640 1312 4709 μόνη
1337 4639 1555 4710 ἔστηκε,

1658 4637 1787 4691 dere
1818 4648 2003 4691 mutua
2036 4640 2447 4696 ratiocinatione
2490 4645 2825 4700 conabimur.
2856 4645 2920 4704 Et
2946 4652 3203 4719 quoniam

31 4730 117 4780 καὶ
139 4730 280 4782 ἐστιν
302 4730 553 4800 ἀραρυῖα,
588 4728 678 4781 καὶ
707 4728 854 4781 οὐδὲν
914 4730 1213 4799 σωματική.
1270 4727 1404 4781 Οὔτε
1430 4728 1557 4795 γοῦν

1663 4742 1887 4797 corpora
1909 4729 2035 4782 vita:
2060 4729 2193 4783 nihil
2219 4744 2312 4799 per
2340 4746 2460 4787 sese
2489 4734 2705 4803 habent,
2735 4747 2895 4807 atque
2910 4739 3203 4796 huc‘illuc-

26 4815 243 4884 γίνεται.
280 4817 400 4870 οὔτε
453 4815 686 4881 αὒξεται,
730 4814 850 4867 οὔτε
894 4816 1101 4886 κίνησιν
1129 4819 1352 4869 κινεῖται
1395 4816 1557 4887 ἄλλην

1661 4833 1767 4887 que
1806 4819 2106 4887 iactantur,
2159 4834 2257 4874 nec
2299 4823 2486 4878 eodem
2535 4841 2746 4896 semper
2788 4829 2908 4884 loco
2949 4830 3203 4890 vultuque

26 4907 289 4980 οὐδεμίαν,
317 4909 410 4962 καὶ
433 4908 518 4961 διὰ
541 4906 708 4958 ταῦτα
758 4904 935 4969 καλῶς
959 4905 1163 4959 δίκαιον
1214 4908 1382 4978 ἐφάνη
1418 4925 1553 4978 πρε-

1665 4910 1977 4978 perslstunt,
2006 4923 2185 4963 nonne
2212 4911 2391 4981 aliquo
2416 4916 2659 4983 proinde,
2685 4916 2839 4986 cujus
2871 4919 2923 4970 vi
2944 4908 3203 4974 contine-

31 4998 249 5055 οσεῦσαι
270 5000 331 5053 τὸ
352 4998 652 5068 ἀσώματον.

1666 5010 1845 5060 antur,
1872 5012 2007 5067 opus
2037 5000 2275 5056 habent?
2298 5004 2525 5061 Maxime
2555 5006 2604 5061 id
2633 5006 2871 5075 quidem.
2919 5007 2973 5063 Id
2998 5024 3126 5064 vero
3151 5012 3201 5066 si

28 5092 258 5146 nancisci
307 5105 413 5145 non
456 5088 758 5158 potuerint,
806 5100 933 5138 num
977 5088 1267 5142 manebunt
1317 5088 1407 5142 illa
1454 5104 1547 5157 per
1581 5092 1745 5147 sese?
1772 5090 1987 5145 Minime
2015 5106 2161 5146 vero.
2195 5095 2334 5161 Quid
2368 5097 2531 5167 igitur
2586 5097 2715 5150 illud
2771 5098 2893 5163 erit,
2920 5102 3062 5168 quod
3086 5104 3201 5171 ipsa

27 5182 336 5237 contineat?
374 5179 655 5233 Enimvero
710 5179 755 5231 si
805 5192 998 5245 corpus
1044 5179 1095 5232 id
1136 5180 1293 5234 etiam
1348 5178 1548 5245 fuerit,
1588 5186 1857 5254 equidem,
1902 5199 2025 5238 cum
2087 5198 2275 5256 suapte
2337 5199 2526 5243 natura
2554 5189 2880 5244 dissolvatur
2904 5206 3065 5263 atque
3092 5196 3201 5250 dis-

28 5276 245 5343 εἰραυτ,
267 5272 431 5341 διο
450 5270 582 5325 Jove
608 5272 837 5341 quodam
868 5270 1151 5325 Servatore
1192 5286 1327 5340 opus
1390 5274 1439 5325 ei
1477 5272 1712 5329 futurum
1775 5275 2042 5330 existimo.
2074 5278 2226 5344 Quod
2289 5282 2333 5334 si
2364 5281 2432 5333 ab
2458 5280 2605 5333 omni
2648 5295 2935 5350 corporum
2963 5285 3093 5338 vitio
3133 5286 3201 5338 li-

29 5363 211 5416 berum
248 5362 375 5415 illud
433 5377 552 5416 esse
606 5366 865 5430 oporteat,
896 5366 951 5411 ut
991 5360 1196 5426 eadem,
1234 5361 1321 5416 ubi
1368 5372 1625 5431 concepta
1658 5365 1768 5433 jam
1795 5374 1940 5432 sunt,
1969 5365 2239 5423 vindicare
2266 5368 2333 5421 ab
2362 5368 2602 5432 interitu,
2630 5379 2683 5421 et
2706 5370 2981 5425 continere
3008 5374 3197 5441 possit,

30 5455 153 5508 mihi
193 5468 341 5518 sane,
393 5462 583 5522 prater
614 5454 665 5508 id
693 5467 859 5508 unum
885 5452 1028 5520 quod
1080 5468 1269 5522 expers
1312 5458 1554 5523 corporis
1591 5460 1680 5523 sit,
1707 5460 1969 5527 ejusmodi
2002 5476 2121 5517 esse
2177 5464 2309 5516 nihil
2336 5462 2562 5516 videtur.
2586 5461 2667 5516 Ex
2721 5464 2974 5525 omnibus
3005 5466 3199 5535 quippe

30 5544 230 5597 naturis
259 5559 361 5597 una
399 5542 512 5595 hac
540 5551 787 5611 est,-qnae
818 5554 941 5595 eum
1004 5539 1120 5607 ipsa
1178 5544 1465 5605 consistat,
1508 5553 1619 5599 tum
1660 5550 1817 5604 etiam
1850 5552 2002 5603 ﬁrma
2031 5554 2099 5607 sit
2137 5568 2201 5609 ac
2247 5553 2437 5619 solida,
2471 5568 2569 5607 nec
2614 5557 2858 5624 corporei
2907 5556 3197 5624 quidquam

30 5637 245 5692 omnino
272 5636 445 5691 simile
467 5633 679 5688 habeat.
704 5631 815 5692 Nec
833 5634 973 5688 enim
998 5641 1283 5703 generatur
1345 5635 1454 5701 illa,
1524 5654 1623 5693 nec
1662 5642 1871 5705 crescit,
1920 5660 2018 5700 nec
2067 5648 2176 5701 aho
2209 5653 2353 5700 motu
2395 5647 2568 5701 cietur
2614 5648 2744 5705 ullo.
2796 5648 2873 5703 Ac
2920 5657 3198 5718 propterea

30 5744 235 5797 aquam
290 5728 347 5783 in
378 5726 564 5797 prims
609 5732 663 5779 et
708 5732 1123 5781 consentaneum
1173 5726 1364 5782 merito
1410 5720 1585 5783 vidum
1652 5742 1754 5800 est,
1805 5735 1943 5793 hanc
1983 5739 2057 5793 rei
2102 5739 2347 5807 corporis
2394 5742 2596 5808 experti
2649 5742 3053 5811 prarogativam
3098 5745 3197 5809 tri-

33 5818 207 5875 buere.
