4014 6356
695 417 707 426 “
760 431 896 486 ιδιπ

1299 547 1527 606 CAPUT
1555 549 1744 607 XVIII.

861 681 1026 736 Stoici
1050 682 1112 735 de
1133 684 1358 739 universi
1379 687 1787 757 conﬂagratione
1803 689 1929 758 quid
1950 691 2199 745 sentiant.

831 895 848 926 ι
893 875 1091 941 Placet,
1125 878 1317 948 inquit,
1353 891 1510 936 sectae
1539 882 1704 950 hujus
1724 883 2116 953 antiquissimis
2148 895 2308 956 atque

756 969 1025 1036 primariis
1054 1013 1068 1036 ,
1114 982 1232 1040 post
1264 975 1526 1028 maximos
1579 975 1840 1042 quosdam
1894 979 2304 1032 conversionum

754 1053 1034 1125 circuitus,
1070 1062 1122 1115 in
1173 1078 1346 1116 aerem
1379 1064 1550 1130 primo
1578 1067 1772 1124 mutari
1801 1066 2073 1131 universa,
2104 1077 2216 1121 tum
2252 1070 2305 1121 in

754 1150 932 1220 ignem
961 1152 1246 1230 atherinm.
1267 1164 1538 1222 postremo
1576 1155 1816 1208 dissolvi.
1843 1176 1860 1207 ι
1890 1156 2095 1222 Quibus
2117 1158 2308 1214 deinde

756 1245 1031 1313 subjungit
1055 1261 1066 1295 :
1091 1263 1108 1294 ι
1131 1244 1206 1298 Ex
1236 1244 1321 1299 his
1349 1260 1511 1314 porro
1546 1246 1829 1302 manifeste
1856 1249 2042 1317 liquet,
2072 1265 2189 1303 eam
2223 1267 2308 1304 re-

756 1351 874 1388 rum
928 1335 1346 1402 confusionem,
1405 1352 1511 1390 non
1565 1338 1633 1391 ad
1694 1355 1881 1393 earum
1949 1342 2302 1396 substantiam

753 1423 1112 1498 Chrysippum
1154 1425 1436 1488 retulisse;
1488 1427 1589 1480 hoc
1615 1428 1757 1481 enim
1797 1444 2020 1497 prorsus
2053 1429 2166 1484 ﬁeri
2198 1445 2303 1483 non

755 1523 931 1581 potest
959 1533 972 1567 :
1005 1502 1094 1569 sed
1127 1530 1242 1570 eam
1277 1517 1558 1581 duntaxat,
1589 1533 1708 1586 quae
1751 1535 1849 1587 pro
1897 1520 2076 1587 aliqua
2131 1530 2306 1573 muta—

755 1607 900 1659 tione
928 1615 1188 1660 sumatur.
1239 1607 1613 1676 Corruptionis
1657 1611 1800 1663 enim
1837 1611 2176 1676 vocabulum,
2214 1612 2304 1665 ubi

753 1693 820 1747 de
852 1695 1006 1748 solita
1040 1697 1224 1749 mundi
1259 1705 1378 1763 post
1410 1698 1750 1766 longissimas
1774 1702 2158 1754 conversiones
2186 1716 2307 1754 cor-

751 1787 1000 1854 ruptione
1025 1787 1336 1856 loquuntur,
1361 1789 1503 1843 haud
1534 1791 1750 1858 proprie
1771 1791 1986 1860 quidem
2016 1792 2302 1859 accipiunt,

752 1877 844 1942 qui
896 1892 1076 1930 rerum
1125 1879 1177 1931 in
1230 1879 1407 1948 ignem
1461 1883 1701 1933 omnium
1747 1881 2154 1935 dissolutionem
2188 1867 2302 1934 fieri

751 1967 992 2032 tradunt,
1020 1984 1179 2037 quam
1211 1969 1310 2038 ipsi
1353 1970 1819 2039 conﬂagrationem
1849 1972 2117 2040 appellant
2143 1990 2158 2038 ;
2206 1973 2298 2025 sed

751 2059 872 2126 ejus
903 2051 1022 2128 quae
1041 2060 1099 2112 in
1134 2071 1324 2114 natura
1366 2063 1630 2132 contingit
1677 2064 1989 2116 mutationis
2033 2063 2170 2128 loco,
2199 2078 2296 2116 vo-

751 2163 868 2202 cem
919 2150 1063 2203 illam
1114 2152 1474 2218 corruptionis
1546 2161 1830 2219 usurpant.
1896 2149 2097 2205 Volunt
2153 2153 2295 2206 enim

753 2238 950 2303 Stoici,
986 2255 1164 2294 rerum
1204 2251 1448 2295 naturam
1486 2242 1726 2296 omnium
1753 2243 1805 2296 in
1838 2243 2010 2312 ignem
2045 2251 2297 2312 tanquam

750 2327 805 2381 in
840 2343 1019 2382 semen
1055 2330 1264 2399 aliquod
1313 2332 1534 2395 mutari,
1589 2345 1654 2384 ex
1706 2345 1815 2400 quo
1865 2347 2079 2385 rursum
2124 2333 2299 2401 qualis

751 2426 875 2476 ante
916 2420 1121 2485 fuerat,
1174 2420 1441 2489 perfectus
1496 2421 1734 2489 ipsarum
1787 2430 2009 2476 ornatus
2051 2422 2294 2477 exsistat.

749 2505 922 2574 Atque
954 2508 1055 2561 hoc
1093 2508 1287 2577 dogma
1339 2517 1498 2562 secta:
1536 2507 1700 2575 hujus
1733 2515 1785 2560 et
1821 2508 2088 2576 principes
2129 2515 2181 2560 et
2208 2522 2298 2561 ve-

749 2597 1032 2651 tustissimi
1061 2600 1496 2666 comprobarunt,
1529 2597 1693 2662 Zeno,
1728 2596 2010 2653 Cleanthes
2043 2607 2095 2651 et
2129 2598 2297 2669 Chry-

1388 433 1652 490 EUSEBII
1692 434 2172 493 CESARIENSIS
2209 436 2359 492 OPP.
2399 437 2574 492 PARS
2612 437 2674 492 II.
2715 470 2784 481 —
2820 440 3320 497 APOLOGETICA.

2326 564 2374 619 Α

2335 1925 2376 1978 Β

2919 558 3303 610 ΚΕΦΔΛΑΙΟΝ
3351 558 3455 610 IH'.

2409 695 2600 762 Ὅπως
2643 698 2696 750 οἱ
2749 696 2982 749 Στωϊκοὶ
3039 696 3165 760 περ)
3199 694 3308 759 τῆς
3355 696 3462 749 τοῦ
3512 696 3740 762 παντὸς
3783 697 3946 750 ἐπια-

2865 767 3101 834 ρώσεως
3122 765 3490 829 δοξάζουσιν.

2478 894 2496 926 ι
2542 877 2783 949 Ἀρέσκει
2807 878 2864 930 δὲ
2888 881 2998 940 τοῖς
3023 876 3406 948 πρεσϐυτάτοις
3444 875 3554 929 τῶν
3584 876 3691 928 ἀπὺ
3721 875 3826 944 τῆς
3874 876 3942 927 al-

2408 968 2604 1037 ρέσεως
2631 967 2852 1037 ταύτης,
2885 967 3230 1036 ἐξαεροῦσθαι
3263 969 3434 1020 πάντα
3491 967 3631 1020 κατὰ
3679 966 3942 1036 περιόδους

2401 1059 2550 1121 τινὰς
2582 1059 2679 1122 τὰς
2701 1061 2972 1129 μεγίστας,
3000 1063 3079 1123 είς
3109 1059 3222 1130 πῦρ
3257 1060 3542 1130 αἰθερῶδες
3581 1059 3944 1126 ἀναλυομὲνων

2403 1151 2635 1202 πάντων.
2675 1170 2692 1198 ι
2736 1153 2842 1203 Καὶ
2873 1151 2994 1219 ὲξῆς
3027 1151 3239 1218 ἐπάγει·
3271 1169 3288 1199 ι
3335 1150 3428 1201 Ἐκ
3473 1149 3756 1201 τούτωνδὲ
3781 1147 3941 1217 δῆλον,

2401 1241 2482 1291 ὃτι
2515 1239 2829 1309 Χρύσιππος
2849 1241 2938 1291 ἐπὶ
2958 1239 3051 1307 τῆς
3078 1238 3262 1300 οὐσίας
3286 1238 3346 1289 οὐ
3393 1237 3597 1305 eam:
3653 1237 3941 1307 παρείληφε

2400 1331 2496 1400 τὴν
2519 1330 2791 1399 σύγχυσινο
2819 1330 3069 1382 ἀδύνατον
3102 1330 3225 1399 γάρ’
3271 1329 3401 1382 ἀλλὰ
3456 1330 3556 1398 τὴν
3586 1329 3708 1380 ἀντὶ
3738 1328 3838 1395 τῆς
3863 1346 3939 1395 μευ

2399 1420 2627 1490 ταϐολῆς
2657 1421 2967 1490 λεγομένην.
2997 1421 3068 1471 Οὐ
3094 1419 3198 1489 γὰρ
3226 1420 3315 1471 ἐπὶ
3336 1419 3435 1486 τῆς
3453 1417 3547 1471 τοῦ
3561 1419 3785 1488 -κόσμού
3818 1421 3941 1469 κατὰ

2401 1511 2677 1580 περιόδους
2723 1511 2819 1572 τὰς
2865 1511 3116 1580 μεγίστας
3165 1510 3446 1578 γινομένης
3497 1509 3703 1578 φθορᾶς
3753 1509 3937 1578 κυρίως

2401 1601 2877 1672 παραλαμϐάνουσι
2913 1601 3009 1670 τὴν
3044 1599 3261 1670 φθορὰν,
3295 1601 3342 1651 οἱ
3370 1599 3466 1666 τὴν
3491 1601 3570 1659 εἰς
3600 1597 3713 1667 πῦρ
3763 1599 3934 1649 dvitio-

2403 1709 2484 1745 σιν
2507 1693 2613 1744 τῶν
2639 1693 2772 1745 ὅλων
2820 1684 3255 1762 δογματίζοντες,
3300 1691 3366 1759 ἠν
3399 1688 3462 1759 δὴ
3512 1688 3770 1741 καλοῦσιν
3798 1691 3934 1741 Exui-
3990 1684 3991 1752 1

2403 1799 2582 1852 ρωσιν·
2620 1781 2730 1834 ἀλλ’
2763 1773 2880 1834 ἀντὶ
2905 1781 3002 1851 τῆς
3033 1781 3168 1833 κατά
3196 1780 3353 1847 φύσιν
3400 1778 3703 1848 μεταϐολῆς
3718 1779 3931 1849 χρῶνται
3990 1765 3991 1808 ξ

2401 1877 2464 1942 τῇ
2517 1873 2853 1943 προσηγορίᾳ
2928 1873 3025 1942 τῆς
3091 1871 3310 1942 φθορᾶς.
3379 1871 3624 1940 Ἀρέσκει
3677 1870 3786 1938 γὰρ

2400 1967 2651 2027 Στωϊκοῖς
2692 1964 2992 2032 φιλοσόφοις
3037 1962 3134 2034 τὴν
3171 1963 3297 2032 ὃλην
3323 1960 3502 2013 οὐσίαν
3543 1961 3622 2022 εἰς
3657 1957 3770 2028 πῦρ
3794 1973 3930 2026 peta-
3990 1997 3991 2000 η

2401 2057 2627 2120 ϐάλλειν,
2659 2050 2766 2108 οἷον
2786 2058 2862 2118 εἰς
2887 2056 3119 2125 σπέρμα,
3150 2054 3240 2106 καὶ
3272 2051 3426 2104 πάλιν
3452 2052 3516 2102 ἐκ
3564 2049 3756 2102 τούτου
3787 2047 3928 2111 αὐτὴν
3990 2059 3991 2090 1

2399 2148 2763 2201 ἀποτελεῖσθαι
2805 2146 2898 2216 τὴν
2952 2145 3326 2219 διακόσμησιν,
3355 2143 3441 2195 οἶα
3479 2141 3540 2193 τὸ
3565 2135 3923 2210 πρότερον

2402 2239 2508 2292 Καὶ
2527 2237 2682 2289 τοῦτο
2710 2237 2769 2289 τὸ
2799 2237 2970 2306 δόγμα
2993 2236 3098 2288 τῶν
3130 2235 3236 2287 ἀπὸ
3256 2234 3354 2301 τῆς
3384 2232 3644 2302 αἱρέσεως
3669 2232 3717 2282 0i
3749 2229 3924 2298 πρῶτοι.

2401 2329 2492 2380 καὶ
2510 2328 2864 2399 πρεσϐύτατοι
2896 2329 3251 2398 προσήκαντο,
3280 2327 3460 2394 Ζήνων
3483 2340 3565 2382 τε,
3615 2323 3710 2374 καὶ
3750 2321 3925 2373 Κλεάν-

2401 2424 2517 2494 θης,
2549 2423 2639 2475 καὶ
2667 2423 2997 2493 Χρύσιππος.
3023 2421 3123 2472 Τὸν
3164 2419 3259 2490 μὲν
3290 2419 3396 2489 γὰρ
3441 2418 3632 2470 τούτου
3685 2413 3921 2484 μαθητὴν.

2400 2516 2492 2566 καὶ
2513 2514 2746 2584 διάδοχον
2766 2514 2861 2582 τῆς
2891 2512 3082 2582 σχολῆς
3111 2511 3324 2581 Ζήνωνά
3347 2527 3507 2578 φασιν
3551 2508 3797 2576 ἐπισχεῖν
3821 2504 3922 2572 περὶ

2400 2603 2498 2673 τῆς
2527 2603 2883 2674 ἐκπυρώσεως
2915 2601 3020 2653 τῶν
3046 2601 3196 2654 ὅλων.

744 2689 956 2758 Sippus.
989 2689 1122 2744 Nam
1148 2690 1429 2762 Chrysippi
1461 2694 1678 2760 quidem
1706 2691 2052 2760 discipulum,
2091 2702 2146 2746 et
2173 2708 2541 2752 successorem
2581 2698 2637 2751 in
2675 2697 2859 2753 schola
2890 2694 3181 2761 Zenonem,
3220 2693 3273 2746 in
3314 2693 3401 2746 illa
3432 2692 3499 2746 de
3527 2689 3922 2759 conﬂagratione

748 2780 932 2834 mundi
966 2781 1280 2849 quaestione,
1311 2781 1677 2836 assensionem
1707 2781 1993 2836 retinuisse
2019 2783 2190 2836 aiunt.

1323 2955 1548 3010 CAPUT
1579 2956 1718 3012 XIX.

850 3088 1294 3153 Quemadmodum
1327 3087 1492 3141 Stoici
1522 3090 1581 3140 de
1604 3089 1794 3141 iterato
1816 3089 2043 3142 universi
2070 3099 2186 3144 om

1295 3160 1737 3228 philosophentur.

822 3310 843 3345 ι
882 3292 1274 3362 Posteaquam,
1314 3294 1531 3362 inquit,
1579 3309 1644 3347 eo
1681 3310 1852 3364 usque
1893 3309 2174 3365 progressa
2213 3305 2297 3350 est

747 3386 884 3438 ratio
915 3386 1237 3449 communis,
1265 3384 1673 3453 communisque
1700 3397 1889 3439 natura
1931 3403 2064 3440 nova
2100 3388 2281 3456 magni

751 3479 951 3539 tudine,
984 3491 1045 3529 ac
1070 3477 1221 3529 novis
1247 3477 1590 3530 incrementis
1619 3486 1797 3542 aucta,
1839 3465 1925 3531 res
1955 3478 2169 3532 demum
2197 3496 2291 3533 ex-

748 3566 990 3628 siccavit,
1016 3566 1172 3633 821
1210 3573 1368 3633 atque
1392 3566 1446 3618 in
1488 3581 1606 3620 sese
1641 3567 1843 3634 recepit
1880 3569 2192 3634 universas;
2237 3569 2291 3621 in

748 3654 902 3722 plena
931 3655 1274 3707 constituitur
1297 3656 1600 3723 integraque
1619 3657 1942 3721 substantia,
1962 3659 2157 3727 quippe
2175 3673 2292 3726 qua:

750 3742 816 3795 ad
842 3744 1136 3811 principem
1173 3743 1335 3807 illam,
1369 3754 1426 3796 ut
1458 3747 1772 3812 appellatur,
1816 3747 2099 3810 rationem,
2132 3757 2290 3815 atque

749 3839 815 3887 ad
862 3836 1305 3888 resurrectionem
1361 3835 1505 3887 illam
1564 3836 1743 3901 magni
1790 3836 2108 3890 effectricem
2165 3840 2289 3891 anni

748 3925 965 3979 redierit
996 3944 1008 3977 :
1035 3939 1140 3991 quo
1174 3925 1388 3992 quidem
1441 3939 1601 3989 anno,
1630 3940 1692 3977 ex
1723 3941 1783 3978 ea
1813 3926 1920 3979 sola
1951 3928 2002 3978 in
2049 3930 2286 3982 eamdem

749 4031 940 4070 rursus
994 4015 1312 4068 instauratio
1351 4015 1464 4067 ﬁeri
1503 4015 1796 4069 consuevit.
1852 4017 1925 4070 Ad
1959 4033 2079 4070 eum
2128 4034 2286 4086 porro

750 4113 948 4158 statum
986 4114 1252 4169 revocata,
1303 4106 1488 4157 eodem
1520 4119 1743 4172 prorsus
1788 4107 1994 4170 ordine,
2049 4122 2154 4174 quo
2178 4108 2286 4173 jam

750 4203 871 4247 ante
900 4195 1157 4246 mundum
1198 4193 1444 4246 similiter
1500 4209 1694 4248 ornare
1739 4205 1992 4261 coeperat,
2049 4197 2286 4249 eamdem

751 4286 963 4343 iterum,
994 4299 1099 4351 quo
1134 4283 1290 4336 modo
1322 4285 1455 4336 ratio
1477 4284 1728 4350 postulat,
1770 4300 1949 4338 rerum
1990 4286 2290 4355 dispositio-

751 4388 868 4425 nem
917 4385 1074 4440 atque
1137 4373 1654 4425 administrationem
1709 4375 1972 4435 instituit,
2019 4378 2286 4442 ejusmodi

749 4464 1185 4518 conversionibus
1213 4479 1276 4516 ex
1303 4464 1448 4517 omni
1478 4464 1771 4516 aeternitate
1801 4480 1863 4517 ac
1891 4466 2006 4518 sine
2034 4468 2137 4518 ulla
2174 4483 2288 4519 ces-

750 4555 955 4606 satione
990 4552 1349 4604 redeuntibus.
1385 4553 1608 4621 Quippe,
1641 4554 1890 4622 principii
1941 4556 2021 4607 sui
2068 4571 2285 4608 causam

748 4659 846 4696 nec
878 4643 1070 4695 habere
1104 4642 1262 4694 simul
1289 4642 1535 4696 universa
1577 4653 1820 4711 possunt,
1861 4660 1957 4697 nec
2007 4646 2285 4698 universo-

2886 2958 3270 3010 ΚΕΦΑΛΑΙΟΝ
3331 2957 3410 3013 ιθ¹

2395 3095 2588 3160 Ὅπως
2635 3091 2983 3159 δοξάζουσιν
3027 3095 3081 3145 oi
3129 3094 3365 3145 Στωϊκοὶ
3413 3093 3543 3160 περὶ
3599 3092 3709 3160 τῆς
3739 3097 3920 3158 δια-λιτ-

2841 3164 3111 3232 γενεσίας
3144 3161 3257 3214 τῶν
3289 3163 3461 3216 ὅλων.

2469 3315 2487 3349 ι
2530 3297 2649 3349 Ἐπὶ
2672 3296 2886 3349 τοσοῦτο
2937 3297 2992 3348 δὲ
3025 3294 3294 3366 προελθὼν
3354 3298 3382 3347 ό
3415 3296 3588 3357 κοινὸς
3616 3296 3792 3364 λόγος,
3845 3299 3918 3349 καὶ

2398 3388 2548 3457 κοινὴ
2577 3387 2735 3455 φύσις
2762 3388 2958 3457 μείζων
2979 3389 3071 3438 καὶ
3093 3385 3285 3438 πλείων
3309 3387 3590 3456 γενομένη,
3629 3388 3783 3449 τέλος
3809 3390 3917 3441 ἀνα-

2396 3479 2668 3549 ξηράνασα
2694 3479 2801 3548 (55)
2832 3479 3024 3540 πάντα,
3056 3480 3146 3530 καὶ
3174 3479 3252 3538 είς
3275 3479 3465 3546 ἑαυτὴν
3498 3478 3855 3536 ἀναλαϐοῦσα,
3875 3481 3916 3528 ἐν

2395 3572 2456 3638 τῇ
2489 3569 2633 3639 πάσῃ
2653 3568 2803 3637 οὐσίᾳ
2828 3561 3047 3633 γίνεται,
3091 3567 3447 3619 ἐπανελθοῦσα
3478 3570 3556 3630 είς
3607 3570 3700 3620 τὸν
3730 3569 3915 3638 πρῶτον

2397 3658 2622 3728 ῥηθέντα
2653 3658 2824 3724 λόγον,
2854 3660 2944 3711 καὶ
2977 3660 3053 3719 είς
3105 3658 3201 3727 τὴν
3259 3657 3542 3709 ἀνάστασιν
3595 3659 3810 3728 ἐκείνην
3839 3659 3915 3721 τὴν

2394 3746 2645 3798 ποιοῦσαν
2675 3749 2910 3799 ἐνιαυτὸν
2940 3749 3027 3799 τὸν
3079 3747 3345 3817 μέγιστον,
3402 3748 3521 3799 καθ’
3546 3748 3608 3799 ὃν
3656 3750 3752 3799 ἀπ’
3773 3749 3914 3815 αὐτῆς

2397 3838 2560 3907 μόνης
2588 3841 2664 3899 είς
2693 3839 2857 3908 αὐτὴν
2877 3837 3030 3889 πάλιν
3059 3838 3260 3904 γίνεται
3287 3840 3318 3906 ἡ
3343 3841 3788 3902 ,ἀποκατάστασις
3803 3838 3911 3907 (36).

2406 3929 2793 3980 Ἐπανελθοῦσα
2823 3930 2899 3990 δὲ,
2959 3930 3044 3980 διὰ
3100 3928 3266 3993 τάξιν,
3317 3930 3406 3996 ἀφ’
3455 3932 3568 3992 οἵας
3625 3933 3913 4000 διακοσμεῖν

2393 4019 2645 4080 ὡσαύτως
2679 4018 2892 4087 ἤρξατο,
2928 4019 3063 4071 κατά
3087 4019 3237 4085 λόγον
3264 4020 3417 4071 πάλιν
3450 4023 3547 4090 τὴν
3583 4024 3756 4091 αὐτὴν
3795 4022 3912 4084 διεξ-

2393 4110 2608 4178 αγωγὴν
2630 4114 2873 4170 ποιεῖται,
2893 4110 2996 4163 τῶν
3022 4111 3269 4163 τοιούτων
3294 4114 3550 4181 περιόδων
3574 4115 3632 4178 ἐξ
3665 4115 3828 4166 ἀϊδίου
3851 4132 3911 4180 γι-

2393 4200 2623 4266 νομένων
2666 4200 3106 4261 ἀκαταπαύστως.
3155 4200 3286 4266 om
3317 4203 3422 4270 γὰρ
3446 4203 3542 4271 τῆς
3563 4205 3594 4254 ἀ
3604 4205 3738 4273 ρχῆς
3761 4205 3910 4255 αἰτίαν

2392 4291 2482 4341 καὶ
2503 4292 2662 4341 πᾶσιν
2686 4285 2793 4340 οἶόν
2818 4308 2874 4341 τε
2905 4291 3159 4357 γίνεσθαι,
3177 4290 3294 4344 οὗτε
3310 4291 3398 4343 τοῦ
3427 4293 3749 4358 διοικοῦντος
3773 4297 3904 4348 αὐτὰ.

2392 4382 2589 4432 Οὐσίαν.
2627 4399 2682 4432 τε
2707 4382 2812 4450 γὰρ
2838 4386 2942 4444 τοῖς
2971 4385 3262 4451 γινομένοις
3290 4385 3577 4452 ὑφεστάναι
3627 4389 3730 4451 δεῖ,
3764 4406 3908 4454 πεφυ-

2392 4472 2544 4520 κυῖαν
2597 4471 2938 4539 ἀναδέχεσθαι
2985 4473 3079 4535 τὰς
3137 4474 3430 4543 μεταϐολὰς
3482 4477 3680 4539 πάσας,
3727 4480 3814 4530 καὶ
3860 4477 3904 4527 τὸ

2390 4558 2780 4631 δημιουργῆσον
2805 4562 2860 4624 ἐξ
2912 4563 3093 4630 αὐτῆς.
3147 4559 3243 4616 υἷα
3267 4566 3370 4636 γὰρ
3397 4568 3479 4635 ἐφ’
3508 4568 3662 4636 ἡμῶν
3701 4571 3780 4630 τίς
3813 4572 3903 4620 ἐστι

2393 4650 2546 4714 φύσις
2597 4650 3012 4721 δημιουργοῦσα,
3059 4654 3290 4706 τοιούτου
3351 4658 3490 4719 τινὸς
3537 4662 3656 4710 κατ’
3687 4661 3902 4725 ἀνάγκην

749 4744 862 4784 rum
895 4733 1005 4798 ipse
1035 4733 1352 4783 moderator.
1398 4729 1528 4783 Nam
1582 4733 1647 4784 iis
1679 4749 1797 4800 quae
1828 4733 1979 4796 ﬁunt,
2011 4749 2132 4786 cum
2159 4735 2283 4787 sub-

2394 4739 2530 4801 5ντος
2551 4742 2641 4791 καὶ
2674 4744 2728 4791 ἐν
2748 4742 2822 4810 τῷ
2855 4746 3034 4813 κόσμῳ
3059 4748 3361 4816 ἁγεννήτου·
3387 4749 3642 4814 γενέσεως
3670 4752 3775 4818 γὰρ
3823 4753 3902 4818 ἀρ-

749 4822 996 4874 stantiam
1024 4823 1303 4887 quamdam
1337 4823 1556 4875 subesse
1580 4839 1796 4877 necesse
1822 4836 1922 4889 est,
1953 4841 2073 4893 quae
2097 4835 2283 4892 suapte

747 4915 1290 4966 natura'mutationes
1312 4929 1496 4967 omnes
1537 4915 1784 4982 excipiat,
1826 4925 1935 4969 tum
1985 4918 2035 4970 id
2070 4928 2283 4986 praeter-

749 5014 831 5064 ea,
876 5001 1017 5068 quod
1065 5001 1260 5067 aliquid
1289 5019 1351 5055 ex
1384 5018 1445 5056 ea
1484 5003 1737 5071 perﬁciat.
1785 5005 2096 5073 Cujusmodi
2143 5010 2280 5060 enim

750 5091 887 5156 apud
939 5108 1033 5145 nos
1080 5093 1392 5146 elleclricem
1445 5103 1691 5147 naturam
1736 5095 1966 5164 aliquam
2019 5099 2278 5162 videmus,

2386 4829 2482 4896 χὴν
2514 4830 2608 4898 οὐχ
2640 4827 2746 4881 οἷόν
2776 4849 2832 4882 τε
2867 4829 2998 4884 εἶναι
3044 4836 3132 4885 ἐπὶ
3183 4837 3276 4903 τῆς
3330 4837 3538 4903 φύσεως
3577 4839 3793 4907 ταύτης.
3827 4843 3902 4887 'Lh

2385 4918 2575 4992 τρόπον
2597 4926 2636 4976 δ’
2661 4914 2944 4996 ἀγέννητὸς
2972 4931 3106 4990 ἐστι,
3153 4931 3240 4981 καὶ
3295 4931 3634 4998 ἀναιρεθῆναι
3671 4932 3900 4983 ἀδύνατόν

2383 5014 2525 5065 ἐστιν
2553 5017 2737 5085 αὐτὴν,
2772 5017 2889 5068 οὐτε
2921 5019 3081 5086 αὐτῆς
3105 5018 3162 5081 ἐξ
3204 5019 3389 5086 αὐτῆς,
3417 5019 3535 5071 οὐτε
3563 5021 3760 5083 ἔξωθέν
3783 5037 3900 5080 τινος

2384 5104 2758 5174 ἀναιρήσοντος
2781 5109 2962 5177 αὐτὴν.
2995 5128 3012 5158 ι

750 5181 1010 5246 ejusmodi
1055 5186 1351 5238 necessario
1398 5186 1691 5255 quidpiam,
1745 5187 1837 5239 sed
1893 5198 2042 5243 ortus
2088 5206 2296 5260 expers,
2339 5193 2394 5247 in
2449 5199 2564 5265 ipso
2617 5214 2830 5274 quoque
2882 5201 3078 5253 mundo
3109 5203 3408 5281 ponendum
3468 5190 3594 5277 est:
3625 5221 3750 5259 cum
3801 5205 3895 5257 talis

819 5405 927 5473 (35)
973 5406 1613 5480 Télocdraé'npdraa'a.
1655 5409 1780 5466 Loci
1831 5413 1989 5480 hujus
2031 5415 2275 5468 lacunam

754 5484 1032 5551 utramque
1061 5477 1586 5551 ex__Mont_ac._codice
1620 5477 2011 5549 supplevimus;
2042 5486 2276 5551 priorem

754 5543 833 5619 his
873 5545 1054 5619 _verl_)is
1097 5545 1238 5619 celo;
1282 5547 1657 5616 ἀναξηράνασα
1673 5543 1700 5614 ,“
1723 5543 2088 5619 posteriorem
2126 5554 2275 5619 istis,

752 5614 807 5662 ἐν
838 5615 899 5682 τῇ
929 5614 1070 5682 πάσῃ
1103 5615 1272 5682 οὐσίᾳ.

820 5668 925 5749 (ὃὸ)
959 5685 1021 5759 ᾙ
1046 5668 1536 5759 exanimatam.
1571 5684 1736 5742 Nemo
1763 5698 1845 5759 est
1883 5692 1974 5759 qui
2000 5693 2103 5746 hoc
2137 5691 2276 5745 Stoi—

750 5761 933 5804 corum
968 5755 1157 5816 dogma
1191 5751 1353 5825 fuisse
1377 5770 1484 5811 non
1513 5765 1788 5822 agnoscat.
1818 5757 1878 5814 Β.
1901 5751 2271 5832 Ἐρὶρὴεηίυε,

2373 5418 2566 5472 haeresi
2591 5432 2641 5482 ν,
2690 5433 2845 5485 quem
2878 5427 3150 5472 auctorem
3181 5429 3393 5475 secutus
3418 5462 3432 5484 ,
3474 5425 3659 5477 nescio
3687 5463 3700 5485 ,
3736 5424 3891 5476 mundi

2372 5487 2780 5561 παλιγγενεσίαν
2827 5498 2964 5561 tacet
2980 5490 3325 5561 ,_animorum
3377 5496 3775 5561 μεταγγισμοὺς
3819 5496 3890 5544 καὶ

2376 5554 2882 5632 μετενσιιζματὼσεις
2913 5558 3101 5632 iisdem
3125 5554 3388 5632 attribuit,
3415 5554 3536 5632 quae
3562 5554 3890 5632 Pythagoreo-

2373 5640 2491 5677 rum
2515 5640 2576 5696 ac
2593 5624 2990 5696 Platonicorum
3015 5627 3181 5681 luere.
3207 5629 3340 5692 lmo,
3366 5624 3510 5696 quod
3535 5624 3686 5684 val-de
3722 5624 3886 5688 mirum

2372 5703 2472 5770 est,
2528 5695 2715 5772 hazresi
2745 5711 2818 5750 vn
2865 5694 3241 5765 Peripateticos
3280 5694 3464 5754 eodem
3517 5715 3701 5757 errore
3757 5699 3890 5756 simul

2375 5777 2501 5820 uno
2528 5771 2620 5820 Vit.
