3958 6338
20 438 179 493 1339

1166 437 1492 492 ΡΒᾹΞΡΑΒ.
1532 435 1783 489 EVANG.
1824 434 1948 488 LIB.
1991 434 2102 490 XV.

3080 399 3213 492 tsso

19 544 232 587 natura
265 543 413 587 ortus
446 549 526 587 sui
556 533 869 603 principium
897 533 1090 585 habere
1120 533 1322 585 nullum
1376 532 1596 584 omnino
1637 532 1823 597 possit.
1882 532 1943 582 Et
1988 528 2436 598 quemadmodum
2486 540 2604 583 ortu
2653 532 2765 599 ipsa
2798 543 2961 595 caret,
3016 534 3082 585 ita
3120 550 3211 587 tice

19 640 279 694 unquam
307 626 520 679 interire
537 637 729 694 potest,
761 640 882 679 cum
942 639 1038 678 nec
1073 625 1186 692 ipsa
1234 639 1326 690 per
1370 638 1488 677 sese
1515 622 1687 690 perire
1740 632 1918 689 queat,
1975 638 2071 675 nec
2131 621 2273 674 aliud
2301 622 2590 689 quidquam
2627 623 2715 683 sit,
2771 626 2912 691 quod
2950 626 3204 678 extrinse-

20 731 133 769 cus
166 717 311 769 illam
345 716 663 782 exstinguat.
704 735 721 763 ι

554 803 932 855 ΚΕΦΑΛΑΙΟΝ
968 804 1049 857 Κ’.

143 918 339 980 Ὅπως
362 914 707 977 δοξάζουσιν
736 918 788 966 οἱ
825 916 1057 968 Στωϊκοὶ
1079 915 1205 982 περὶ
1245 914 1466 981 ψυχῆς.

110 1043 132 1074 ι
174 1025 246 1076 Τὸ
274 1024 328 1075 δὲ
356 1023 567 1093 σπέρμα
597 1025 755 1094 φησὶν
789 1026 815 1076 ό
847 1026 1026 1084 Ζήνων
1062 1021 1218 1088 εἶναι,
1246 1026 1273 1077 ὃ
1329 1026 1569 1096 μεθίησιν

19 1112 320 1181 ἄνθρωπος
383 1113 591 1181 πνεῦμα
651 1114 763 1182 μεθ’
798 1114 983 1182 ὐργοῦ,
1040 1114 1215 1183 ψυχῆς
1271 1116 1429 1185 μέρος
1482 1118 1570 1167 καὶ

20 1203 385 1270 ἀπόσπασμα,
415 1202 505 1253 καὶ
552 1202 642 1253 τοῦ
694 1204 995 1273 σπέρματος
1035 1204 1125 1256 τοῦ
1158 1204 1264 1256 τῶν
1298 1207 1569 1275 προγόνων

16 1292 305 1361 κέρασμα,
336 1294 423 1344 καὶ
460 1294 629 1362 μίγμα
657 1294 763 1345 τῶν
788 1295 884 1362 τῆς
929 1296 1103 1364 ψυχῆς
1137 1295 1314 1367 μερῶν
1356 1298 1570 1366 συνελη-

18 1382 212 1443 λυθός.
253 1382 408 1449 Ἐχον
438 1384 541 1451 γὰρ
589 1386 710 1445 τοὺς
757 1383 942 1450 λόγους
972 1385 1047 1453 τῷ
1086 1386 1189 1453 ὅλῳ
1220 1386 1342 1448 τοὺς
1380 1389 1568 1449 αὐτοὺς

14 1471 209 1534 τοῦτο,
266 1473 390 1523 ὅταν
430 1472 599 1541 ἀφεθῇ
628 1475 703 1535 εἰς
750 1473 844 1543 τὴν
881 1476 1104 1543 μήτραν,
1158 1475 1451 1543 συλληφθὲν
1479 1478 1569 1527 ὑπ’

15 1569 194 1621 ἄλλου
223 1569 540 1637 πνεύματος,
571 1568 726 1638 μέρος
756 1567 929 1635 ψυχῆς
947 1566 1043 1632 τῆς
1090 1566 1178 1617 τοῦ
1224 1566 1426 1633 θήλεος.
1481 1569 1571 1618 καὶ

16 1661 277 1728 συμφυὲς
300 1660 598 1726 γενόμενον,
642 1658 841 1725 κρυφέν
872 1674 927 1708 τε
971 1657 1089 1724 φύει
1122 1657 1426 1724 κινούμενον
1478 1658 1569 1708 καὶ

14 1749 509 1820 ἀναρριπιζόμενον
566 1750 652 1799 ὑπ’
684 1748 907 1807 ἐκείνου,
948 1746 1351 1816 προσλαμϐάνον
1376 1749 1459 1798 ἀεὶ
1494 1747 1570 1808 εἰς

14 1842 95 1892 τὸ
121 1842 280 1909 ὑγρὸν
319 1839 645 1903 καὶαὺξάνον
672 1838 724 1902 ἐξ
753 1837 957 1899 ἑαυτοῦ.
991 1858 1007 1887 ι
1064 1839 1167 1888 Καὶ
1200 1836 1332 1905 μετά
1372 1838 1570 1905 βραχέα

14 1933 323 1998 ἐπιλέγειί
353 1932 481 2001 Περὶ
500 1932 553 1983 δὲ
580 1930 753 1997 ψυχῆς
786 1929 1053 1995 Κλεάνθης
1081 1931 1193 1997 μὲν,
1246 1929 1310 1980 τὰ
1336 1930 1571 1996 Ζήνωνος

12 2024 274 2093 δόγματα
301 2022 716 2092 παρατιθέμενος
771 2022 900 2090 πρὸς
954 2022 1249 2087 σλᾲγκρισιν,
1310 2020 1404 2086 τὴν
1438 2018 1569 2088 πρὸς

15 2114 157 2174 τοὺς
192 2113 377 2173 ἄλλους
412 2113 517 2180 (57)
543 2113 814 2177 φυσικοὺς,
846 2112 1021 2179 φησιν,
1069 2111 1146 2162 ὃτι
1184 2113 1360 2178 Ζήνων
1396 2110 1569 2179 ψυχὴν

17 2202 180 2268 λέγει
205 2203 510 2271 αἷσθησιν,ῆ
536 2202 905 2270 ἀναθυμίασιν,
936 2200 1179 2270 καθάπερ
1209 2201 1565 2269 Ἡράκλειτος.

2267 795 2491 850 CAPUT
2524 796 2637 850 XX.

1829 908 2273 972 Quemadmodum
2300 906 2463 961 Stoici
2495 910 2557 961 dc
2580 912 2752 963 animo
2791 915 3035 965 sentiant.

1751 1042 1767 1072 ι
1825 1022 2037 1087 Semen,
2094 1022 2167 1074 ait
2216 1020 2379 1085 Zeno,
2434 1022 2701 1090 spiritum,
2757 1023 2994 1090 inquam,
3043 1026 3212 1087 illum,

1675 1130 1829 1181 quem
1864 1115 2025 1165 homo
2050 1113 2243 1165 emittit
2276 1128 2397 1165 cum
2449 1113 2671 1167 humore
2703 1115 3067 1181 eonjuuctum,
3099 1118 3211 1167 ani-

1678 1203 1748 1253 mi
1790 1201 2105 1267 particulam
2153 1215 2271 1253 esse
2320 1200 2695 1269 revulsumque
2734 1201 2987 1266 fructum,
3036 1206 3140 1256 imo
3162 1215 3213 1257 et

1677 1303 1952 1361 parentum
1985 1294 2203 1347 seminis
2233 1294 2664 1360 temperationem
2709 1294 2960 1362 aliquam,
3010 1305 3061 1348 et
3087 1311 3212 1349 enn-

1673 1394 1869 1436 cretam
1904 1398 1966 1434 ex
1998 1384 2157 1435 animi
2188 1384 2426 1450 partibus
2460 1385 2779 1436 mistionem.
2817 1385 2868 1439 Id
2896 1400 3056 1450 enim,
3088 1403 3210 1440 cum

1672 1476 1911 1526 eamdem
1944 1474 1996 1525 in
2028 1489 2104 1533 sc,
2138 1489 2295 1541 quam
2326 1482 2490 1527 totum
2522 1476 2694 1541 ipsum
2732 1476 2836 1527 vim
2861 1487 2909 1528 et
2952 1481 3209 1531 rationem

1673 1564 2009 1625 habeat,cum
2025 1564 2075 1615 in
2096 1564 2619 1630 vnlvamimmissum
2639 1565 3001 1629 fuerit,statim
3021 1570 3085 1621 ab
3108 1572 3213 1622 alio

1672 1652 1858 1719 spiritu
1888 1654 2349 1719 comprehensum,
2399 1655 2674 1708 muliebris
2709 1656 2869 1708 animi
2914 1673 3037 1725 pars
3067 1675 3212 1725 quae-

1670 1742 1791 1794 dam
1821 1752 2113 1810 naturaque
2144 1752 2422 1801 cognazum
2448 1744 2670 1798 efficitur
2695 1762 2707 1808 ;
2729 1746 2961 1810 dumque
2991 1749 3057 1800 ibi
3088 1751 3211 1802 alis-

1670 1833 1940 1885 conditum
1984 1834 2099 1900 ejus
2132 1834 2181 1885 vi
2217 1844 2581 1886 commovetur
2620 1843 2673 1887 et
2700 1837 2984 1897 excitatur,
3018 1842 3211 1891 crescit

1670 1924 1925 1989 paulatim
1962 1924 2013 1977 in
2065 1922 2249 1986 fetum,
2286 1925 2486 1976 humidi
2539 1935 2716 1992 partes
2764 1928 2989 1982 subinde
3044 1944 3211 1983 novas

1669 2028 1970 2076 assumens,
2014 2028 2075 2065 ac
2103 2015 2334 2081 propriis
2358 2015 2585 2082 gliscuts
2610 2016 2969 2071 incrementis.
3011 2038 3028 2068 ι
3089 2018 3210 2074 Ιίςιιο

1672 2104 1777 2155 ille.
1800 2100 1932 2153 Tum
1952 2102 2135 2169 paucis
2164 2102 2366 2169 aliquot
2394 2103 2721 2170 iuterjectis:
2758 2124 2775 2155 ι
2799 2102 3103 2170 Cleanthes,
3127 2111 3209 2161 in-

1669 2194 1804 2261 quit,
1844 2192 2073 2246 Zenonis
2101 2194 2166 2246 de
2200 2194 2379 2246 animo
2403 2195 2648 2263 dogmata
2676 2212 2795 2250 eum
2824 2198 3047 2251 aliorum
3078 2201 3209 2270 phy-

19 2290 358 2358 Βουλόμενος
388 2291 491 2360 γὰρ
518 2290 821 2359 ἐμφανίσαι,
873 2291 950 2341 ὅτι
980 2292 1034 2341 αἱ
1062 2290 1224 2358 ψυχαὶ
1265 2290 1565 2358 ἀναθυμιώ-

1673 2285 1903 2337 sicorum
1936 2284 2191 2351 opinione
2211 2285 2568 2347 committens,
2603 2284 2867 2340 Zenonem
2899 2289 2989 2352 ait,
3022 2305 3209 2358 quem-

22 2397 193 2447 μὶναι
226 2381 401 2449 νοεραὶ
430 2382 513 2448 ἀεὶ
535 2381 785 2447 γίνονται,
815 2381 1025 2432 εἴκασεν
1076 2381 1242 2442 αὑτὰς
1271 2384 1381 2442 τοῖς
1408 2397 1571 2432 ποτα-

22 2470 174 2535 μοῖς,
202 2466 366 2533 λέγων
399 2467 581 2529 οὕτως·
627 2469 910 2535 Ποταμοίσι
969 2470 1133 2519 τοῖσιν
1194 2469 1425 2521 αὐτοῖσιν
1471 2471 1569 2537 ὲμ-

18 2557 302 2608 6αίνουσιν
324 2557 479 2627 ἔτερα
507 2558 595 2609 καὶ
628 2559 783 2627 ἔτερα
817 2558 978 2609 ὕδατα
1021 2560 1246 2628 ἐπιρρεῖ·
1293 2561 1381 2611 καὶ
1403 2559 1569 2626 ψυχαὶ

21 2633 141 2699 ἀπο
172 2648 277 2700 τῶν
300 2649 473 2717 ὑγρῶν
502 2650 913 2717 ἀναθυμιῶνται.
954 2649 1328 2719 Ἀναθυμίασιν
1356 2651 1451 2718 μὲν
1480 2646 1569 2702 οὖν

20 2740 230 2807 ὁμοίως
256 2738 330 2807 τῷ
376 2740 696 2809 Ἡρακλείτῳ
721 2740 815 2808 τὴν
838 2740 1011 2809 ψυχὴν
1050 2741 1332 2809 ἀποφαίνει
1365 2742 1565 2809 Ζήνων.

21 2830 357 2897 Αίσθητικὴν
389 2830 441 2880 δὲ
471 2831 631 2898 αὐτὴν
654 2828 785 2881 εἶναι
806 2831 890 2883 διά
916 2830 1069 2883 τοῦτο
1085 2831 1249 2897 λέγει,
1276 2832 1353 2881 ὅτι
1375 2830 1569 2881 τυποῦ-

24 2922 156 2973 σθαί
184 2938 246 2986 γε
277 2920 488 2971 δύναται
520 2921 577 2971 τὸ
636 2921 873 2988 μέγεθος,
904 2920 963 2972 τὸ
998 2921 1155 2990 μέρος
1183 2921 1241 2972 τὸ
1278 2920 1568 2989 ἡγούμενον

21 3012 222 3077 αὐτῆς,
257 3010 360 3061 ἀπὸ
391 3009 495 3061 τῶν
526 3010 685 3061 όντων
709 3012 796 3062 καὶ
821 3010 1162 3080 ὑπαρχόντων
1207 3010 1313 3079 (38)
1336 3012 1420 3061 διὰ
1464 3010 1568 3061 τῶν

21 3099 412 3168 αίσθητηρίων,
436 3101 524 3151 καὶ
557 3101 940 3169 παραδέχεσθαι
966 3102 1061 3163 τὰς
1084 3101 1365 3161 τυπώσεις.
1388 3100 1567 3151 Ταῦτα

20 3188 141 3257 γὰρ
173 3188 275 3239 ἴδια
301 3188 471 3258 ψυχῆς
500 3193 629 3241 ἐστι.
656 3210 670 3238 ›
720 3193 824 3242 Καὶ
866 3190 979 3258 μεθ’
1028 3192 1203 3259 ἕτερα·
1270 3211 1285 3241 ι
1322 3187 1468 3242 Εἶναι
1513 3192 1566 3242 δὲ

17 3278 208 3346 ψυχὴν
234 3279 289 3329 ὲν
316 3278 389 3347 τῷ
425 3279 528 3347 ὅλῳ
551 3281 725 3345 φασὶν,
755 3280 781 3330 ὃ
814 3279 1059 3345 καλοῦσιν
1080 3280 1285 3350 αἰθέρα,
1315 3282 1406 3333 καὶ
1434 3282 1566 3349 ἀέρα

19 3366 217 3435 κύκλῳ
252 3368 372 3435 περὶ
403 3368 496 3436 τὴν
526 3368 623 3435 γῆν
671 3369 759 3419 καὶ
788 3368 1071 3429 θάλασσαν,
1136 3371 1224 3421 καὶ
1256 3371 1318 3420 ὲκ
1368 3370 1566 3421 τούτων

19 3459 434 3527 ἀναθυμιάσεις·
465 3458 558 3519 τὰς
590 3459 642 3508 δὲ
681 3460 865 3519 λοιπὰς
914 3459 1085 3528 ψυχὰς
1135 3462 1564 3528 προσπεφυκέναι

18 3549 224 3620 ταύτῃ,
254 3550 369 3600 ὅσαι
422 3566 478 3613 τε
532 3551 585 3599 ὲν
619 3549 770 3611 ζώοις
829 3544 947 3608 εἰσί,
987 3550 1077 3599 καὶ
1126 3551 1240 3600 ὅσαι
1284 3549 1441 3616 ἐντῷ
1468 3565 1562 3599 πε-

1670 2374 1957 2429 admodum
1994 2383 2046 2427 et
2079 2372 2422 2436 Heraclitum,
2456 2376 2619 2428 animi
2654 2387 2898 2432 naturam
2948 2382 2998 2432 in
3044 2397 3204 2436 sensu

1671 2474 1761 2517 aut
1806 2464 2139 2517 exhalatione
2198 2463 2458 2531 posuisse.
2509 2463 2643 2516 Cum
2701 2466 2841 2517 enim
2896 2467 3208 2522 exhalantes

1670 2554 1877 2607 animos
1908 2553 2172 2621 spiritales
2205 2568 2413 2622 semper
2451 2552 2581 2607 eilici
2612 2555 2978 2610 demonstrare
3029 2560 3203 2623 vellet,

1668 2660 1763 2699 eos
1791 2660 1912 2697 cum
1952 2645 2126 2698 fluviis
2164 2645 2529 2712 comparabat,
2582 2647 2665 2701 his
2699 2650 2874 2702 verbis
2916 2660 3110 2703 utens:
3148 2648 3203 2702 In

1669 2736 1876 2798 fluvios,
1910 2736 2199 2804 inquiebat,
2230 2737 2352 2788 licet
2382 2736 2538 2790 iidem
2564 2754 2731 2806 usque
2762 2739 3063 2801 decurrant,
3089 2743 3207 2795 alia:

1667 2832 1844 2875 tamen
1881 2834 2039 2890 atque
2070 2823 2184 2875 alia:
2222 2824 2511 2876 illabuntur
2544 2840 2710 2892 aqua}.
2741 2825 2805 2879 Et
2844 2842 2968 2881 vero
3012 2831 3204 2882 anima:

1667 2910 1825 2963 rebus
1855 2911 2098 2963 emantur
2138 2926 2202 2963 ex
2250 2912 2501 2965 humidis.
2562 2913 2636 2964 Ita
2684 2912 2848 2978 Zeno,
2896 2917 3111 2984 perinde
3146 2928 3204 2971 ut

1666 2997 1984 3065 Heraclitus,
2015 3001 2249 3053 animum
2280 3001 2669 3056 exhalationcm
2702 3019 2820 3057 esse
2849 3006 3199 3061 demonstrat.

1663 3091 1823 3160 822
1872 3092 2121 3144 Eamdem
2162 3102 2433 3158 propterea
2483 3108 2641 3146 sensu
2682 3096 2877 3164 percipi
2910 3113 3066 3165 posse
3111 3099 3205 3152 de—

1666 3182 1850 3243 fendit,
1892 3183 2031 3251 quod
2060 3198 2183 3251 pars
2215 3184 2328 3249 ejus
2361 3182 2691 3253 facultasque
2736 3186 2999 3255 princeps,
3044 3191 3204 3245 rebus

1664 3274 1751 3337 iis,
1785 3288 1902 3340 qua:
1939 3287 2029 3340 per
2059 3287 2312 3326 sensuum
2343 3274 2519 3326 aditus
2552 3289 2615 3326 eo
2638 3275 2887 3341 subeunt,
2917 3280 3201 3349 etinsigne-

1665 3371 1773 3425 tur,
1832 3375 2124 3430 earumque
2169 3360 2369 3415 formas
2418 3364 2779 3432 imaginesque
2818 3369 3090 3435 suscipiat.
3126 3368 3201 3422 Ea

1663 3452 1857 3520 quippe
1907 3452 2068 3503 animi
2105 3453 2317 3519 propria
2358 3463 2499 3505 sunt.
2534 3473 2551 3503 ι
2604 3453 2837 3521 Itemque
2887 3468 3006 3524 post
3052 3459 3151 3511 alia
3182 3476 3199 3511 :

1670 3558 1686 3589 ι
1714 3541 1963 3593 Animum
2011 3549 2206 3605 autem,
2239 3542 2443 3608 inquit,
2485 3544 2537 3594 in
2578 3543 2828 3598 universo
2864 3561 2980 3599 esse
3019 3548 3196 3609 aiunt,

25 3640 284 3705 ριέχοντι·
318 3640 583 3707 διαμένειν
638 3638 741 3709 γὰρ
779 3640 873 3700 τὰς
914 3641 1015 3692 τῶν
1066 3640 1431 3693 ἀποθανόντων
1463 3641 1563 3707 ψυ-

1666 3645 1821 3697 quem
1848 3632 2097 3683 aetherem
2119 3632 2216 3698 ipsi
2245 3628 2526 3701 aeremque
2548 3645 2757 3698 vocant,
2783 3646 2941 3698 terra,
2964 3638 3118 3699 tnari,
3146 3645 3202 3691 et

24 3730 151 3796 χάς.
184 3729 344 3779 Ἔνιοι
366 3730 418 3779 δὲ
463 3732 556 3799 τὴν
584 3731 678 3796 μὲν
703 3730 791 3780 τοῦ
816 3730 933 3781 ὅλου
968 3730 1148 3791 ἀΐδιον,
1180 3730 1273 3792 τὰς
1299 3731 1351 3781 δὲ
1382 3731 1565 3793 λοιπὰς

26 3819 424 3887 συμμίγνυσθαι
460 3822 545 3870 ἐπὶ
572 3820 783 3888 τελευτῇ
818 3823 893 3883 είς
918 3823 1145 3891 ἐκείνην.
1176 3824 1352 3891 Ἐχειν
1384 3824 1437 3875 δὲ
1466 3826 1566 3874 πᾶ-

27 3927 131 3961 σαν
151 3909 324 3977 ψυχὴν
362 3910 675 3977 ἡγεμονικόν
697 3927 747 3961 τι
791 3913 844 3960 ὲν
885 3911 1100 3979 αὐτῇ)μὸ
1122 3911 1182 3979 δὴ
1231 3912 1339 3981 ζωὴ
1366 3912 1456 3963 καὶ
1487 3912 1565 3962 αἴ-

30 3997 223 4065 σθησίς
259 3999 368 4049 ἐστι
403 3999 492 4051 καὶ
548 4000 707 4067 ὁρμή.
746 4018 762 4048 ι
823 3999 927 4050 Καὶ
952 3999 1026 4049 ἔτι
1052 4000 1162 4068 μετ’
1195 3999 1363 4065 ὀλίγα⁹
1398 4018 1415 4049 ι
1457 4002 1564 4069 Τὴν

23 4090 83 4139 δὲ
114 4089 292 4157 ψυχὴν
323 4090 574 4156 γεννητήν
620 4106 674 4141 τε
727 4091 815 4141 καὶ
867 4089 1101 4158 φθαρτὴν
1155 4089 1411 4156 λέγουσιν·
1469 4093 1565 4142 οὐκ

26 4178 191 4237 εὐθὺς
218 4178 273 4228 δὲ
305 4178 396 4229 τοῦ
428 4177 665 4246 σώματος
690 4180 1081 4247 ἀπαλλαγεῖσαν
1106 4179 1432 4249 φθείρεσθαι,
1452 4181 1563 4231 ἀλλ’

26 4265 305 4333 ἐπιμένειν
360 4268 503 4329 τινὰς
552 4270 766 4337 χρόνους
809 4270 921 4321 καθ’
965 4270 1173 4337 ἑαυτήν·
1200 4270 1293 4337 τὴν
1320 4271 1413 4337 μὲν
1462 4270 1564 4320 τῶν

30 4355 330 4407 σπουδαίων
356 4356 507 4425 μέχρι
534 4360 728 4425 τῆςεὶς
765 4360 871 4429 πῦρ
930 4360 1228 4422 ἀναλύσεως
1277 4360 1382 4411 τῶν
1437 4361 1565 4410 παν-

25 4464 160 4505 των,
191 4445 285 4513 τὴν
314 4446 367 4497 δὲ
390 4446 493 4497 τῶν
515 4447 753 4516 ἀφρόνων
776 4451 904 4517 πρός
930 4449 1121 4510 ποσοὺς
1149 4466 1293 4509 τινας
1328 4450 1558 4517 χρόνους.

26 4538 103 4587 Τὸ
130 4536 185 4587 δὲ
210 4536 473 4604 διαμένειν
504 4536 596 4597 τὰς
630 4536 798 4614 ψυχὰς
826 4539 961 4589 οὕτω
984 4542 1241 4606 λέγουσιν,
1272 4541 1349 4590 ὅτι
1394 4539 1565 4607 διαμέ-

28 4645 195 4695 νομεν
227 4630 379 4701 ἡμεῖς
425 4627 581 4696 ψυχαὶ
627 4628 915 4694 γενόμενοι,
957 4630 1047 4680 τοῦ
1107 4629 1346 4697 σώματος
1405 4648 1562 4697 χωρι-

30 4721 268 4779 σθέντος,
296 4720 384 4769 καὶ
408 4720 483 4779 είς
508 4718 704 4769 ἐλάττω
734 4718 1113 4786 μεταϐαλόντος
1142 4721 1322 4771 οὐσίαν
1346 4722 1441 4788 τὴν
1466 4720 1563 4787 τῆς

27 4807 230 4875 ψυχῆς.
263 4806 369 4867 Τάς
396 4806 447 4858 δὲ
473 4808 575 4858 τῶν
595 4807 833 4874 ἀφρόνων
860 4807 949 4857 καὶ⁵
980 4807 1182 4873 ἀλόγων
1214 4808 1363 4869 ζώων
1393 4809 1563 4875 ψυχὰς

1665 3722 2064 3789 erumpentibus
2099 3736 2161 3773 ex
2194 3730 2415 3788 utroque
2442 3723 2867 3779 exhalationibus
2910 3728 3201 3781 circumfu-

1665 3827 1776 3864 sam
1807 3830 1817 3863 :
1855 3812 1918 3863 ad
1950 3827 2068 3864 eum
2100 3826 2224 3863 vero
2264 3812 2518 3879 reliquam
2567 3814 2865 3867 animorum
2900 3818 3198 3871 multitudi—

1664 3916 1783 3952 nem
1820 3902 2195 3965 adhaerescere,
2224 3912 2327 3954 tam
2370 3904 2459 3971 qui
2500 3905 2879 3970 animantibus,
2910 3924 3063 3975 quam
3104 3910 3200 3976 qui

1664 3992 1927 4043 ambiente
1952 4007 2049 4044 nos
2080 4007 2197 4045 aere
2243 3995 2582 4047 continentur
2609 4015 2619 4046 :
2654 3996 3021 4050 defunctorum
3052 4000 3194 4050 enim

1664 4082 1869 4134 animos
1915 4084 2072 4135 etiam
2119 4095 2238 4151 post
2307 4086 2507 4137 obitum
2570 4102 2863 4153 superesse.
2916 4087 3195 4142 Nonnullis

1662 4173 1818 4226 etiam
1854 4174 2043 4240 placet,
2088 4175 2321 4227 universi
2373 4176 2585 4241 quidem
2634 4178 2869 4229 animum
2918 4180 3196 4247 sempiter-

1663 4280 1786 4315 num
1845 4278 1999 4327 esse,
2050 4263 2283 4329 reliquos
2334 4279 2459 4315 vero
2509 4266 2608 4316 sub
2641 4266 2911 4320 interitum
2960 4285 3081 4323 cum
3130 4288 3197 4326 eo

1662 4353 2013 4407 commisceri.
2071 4352 2326 4405 Caeterum
2378 4355 2667 4421 principem
2702 4356 2752 4406 in
2804 4360 3051 4414 omnibus
3096 4362 3193 4413 ali-

1661 4460 1818 4511 quam
1854 4445 2029 4496 inesse
2082 4454 2305 4511 partem,
2358 4458 2474 4509 qua:
2509 4445 2637 4499 nihil
2700 4446 2837 4498 aliud
2896 4449 2983 4512 sit,
3033 4465 3192 4517 quam

1662 4537 1786 4599 vita,
1828 4549 2093 4602 quamque
2127 4535 2385 4587 sentiendi
2420 4534 2497 4585 vis
2534 4543 2583 4586 et
2618 4538 2915 4603 appetendi.
2969 4538 3193 4592 lterum-

1660 4642 1761 4694 que
1801 4637 1919 4694 post
1947 4641 2132 4695 pauca,
2162 4625 2396 4677 animum
2432 4639 2588 4691 porro
2617 4635 2668 4679 et
2703 4637 2877 4680 ortum
2919 4631 3111 4682 habere
3142 4640 3195 4684 et

1662 4720 1929 4771 interitum
1976 4718 2152 4770 subire
2184 4716 2328 4771 illum
2368 4716 2603 4783 quidem,
2649 4733 2753 4771 non
2788 4729 2960 4771 tamen
3004 4722 3193 4775 simul-

1662 4819 1817 4877 atque
1868 4821 2089 4874 corpore
2143 4805 2348 4857 solutus
2396 4815 2510 4871 est,
2548 4808 2782 4869 interire.
2833 4810 2925 4861 sed
2978 4826 3195 4866 manere

31 4894 453 4947 συναπόλλυσθαι
478 4899 584 4958 τοῖς
623 4895 845 4963 σώμασι.
885 4915 900 4945 ι
962 4895 1187 4947 Τοιαῦτα
1236 4899 1323 4948 καὶ
1361 4897 1425 4947 τὰ
1469 4898 1561 4964 τῆς

1666 4916 1753 4967 per
1804 4899 2033 4965 scipsum
2095 4895 2440 4963 aliquandiu:
2492 4912 2553 4951 ac
2600 4898 2916 4965 sapientium
2975 4900 3189 4967 quidem

29 4985 273 5053 Στωῖκῆς
298 4986 601 5052 φιλοσοφίας
656 4987 910 5055 δόγματα,
968 4986 1071 5037 ἀπὸ
1114 4986 1219 5036 τῶν
1256 4986 1561 5052 Ἐπιτομὴν

42 5073 254 5143 Ἀρείου
274 5074 493 5142 Διδύμου
522 5076 628 5143 (39)
655 5074 1047 5143 συνειλεγμένα.
1084 5075 1222 5143 Πρὸς
1253 5076 1307 5126 δὲ
1330 5074 1424 5143 τὴν
1439 5076 1564 5142 περὶ

28 5165 208 5233 ψυχῆς
236 5163 425 5216 ἄτοπον
454 5165 557 5215 τῶν
591 5166 791 5235 ἀνδρῶν
839 5166 991 5229 δόξαν
1030 5167 1264 5233 ἀπαρκεί
1306 5165 1371 5215 τά
1416 5164 1562 5232 παρὰ

29 5254 277 5323 Λογγίνῳ
298 5255 373 5323 τῷ
422 5255 536 5306 καθ’
576 5259 716 5325 ἡμᾶς
747 5254 1016 5324 συντόμως
1074 5254 1426 5322 ἀντειρημένα
1482 5253 1566 5304 διὰ

28 5362 251 5399 τουτων.

103 5500 218 5571 (57)
254 5503 566 5569 Σύγκρισιν
596 5500 705 5565 τὴν
737 5518 795 5551 π.
829 5520 878 5554 τ.
906 5504 961 5555 ἆ.
1012 5502 1107 5557 Hic
1138 5504 1293 5557 etiam
1318 5519 1379 5556 ex
1407 5501 1549 5555 Mon-

30 5584 134 5649 tac.
169 5571 537 5649 codice-pauca
564 5572 717 5649 verba
750 5573 1127 5640 supplevimus,
1156 5588 1380 5643 quorum
1404 5573 1549 5626 locus

31 5647 84 5697 in
116 5639 287 5707 priori
304 5639 531 5692 editione
551 5647 721 5690 vacat.

104 5705 214 5767 (38')
251 5705 403 5761 Forte
440 5708 829 5772 ὑπαγομένων.

1654 5588 1772 5640 quae

1664 4990 1871 5041 animos
1896 4988 1958 5040 ad
1981 4996 2267 5039 extremam
2295 5002 2461 5053 usque
2483 5003 2656 5039 rerum
2683 4990 2731 5038 in
2756 4988 2923 5056 ignem
2951 4990 3191 5044 omnium

1664 5078 2099 5141 dissolutionem;
2151 5080 2431 5132 stultorum
2482 5094 2605 5131 vero
2658 5080 2864 5133 nonnisi
2920 5082 3191 5149 aliquanto

1664 5168 1915 5236 temporis
1946 5168 2243 5233 intervallo,
2276 5184 2570 5238 superesse.
2607 5168 2771 5221 Porro
2808 5176 2948 5238 quod
2984 5177 3190 5230 animos

1664 5254 1737 5305 illi
1769 5266 2074 5319 permanere
2105 5253 2317 5318 docent,
2344 5258 2393 5307 id
2427 5256 2503 5307 sic
2529 5254 2843 5323 intelligunt,
2874 5270 2929 5313 ut
2964 5277 3059 5315 nos
3090 5264 3188 5329 ipsi

1664 5343 1961 5396 animorum
1994 5342 2045 5395 in
2074 5353 2317 5397 naturam
2340 5356 2673 5400 transeuntes
2714 5364 3042 5413 maneamus,
3074 5354 3183 5419 jam

1737 5502 1842 5579 (39)
1894 5502 2021 5554 Ἀπὸ
2055 5503 2169 5579 («Enr
2221 5506 2506 5579 Ἐπιτομὴν
2547 5510 2757 5575 Ἀρείου
2787 5512 3054 5579 Διόὐμθυ.
3084 5512 3179 5579 Ita,

1841 5572 2294 5647 eerant,_Mo_nta_e_.
2345 5572 2508 5647 codex
2551 5572 2747 5647 implet.
2784 5572 2969 5635 Melius
3008 5572 3182 5635 tamen

1656 5644 1944 5720 legeretur,
2104 5640 2205 5692 τῶν
2244 5642 2444 5720 ’ᾼρείου
2475 5648 2575 5720 (vel
2606 5640 2781 5720 ponus
2815 5650 3040 5720 Ἀτηῐου,
3068 5654 3184 5705 sive

1669 5709 1889 5779 Ἄττιον)
1920 5710 2141 5777 Διδύμου
2170 5712 2282 5761 κατ’
2316 5715 2573 5786 ἐπιτομὴν
2607 5709 2797 5769 συνειλ.
