4014 6356
742 389 876 443 1555

1329 380 1592 437 EUSEBII
1624 377 2087 433 CASSARlENSlS
2115 376 2262 432 OPP.
2301 377 2477 433 PAllS
2520 380 2581 435 ll.
2622 410 2690 418 -
2717 379 3199 435 APOLOGETICA.

3784 383 3896 440 i356

743 495 838 564 ire.
890 507 1082 571 Quare,
1119 501 1161 554 si
1207 487 1325 569 pars
1369 499 1536 554 nostri
1577 499 1740 552 altera
1783 512 1978 565 corpus
2037 504 2137 559 est,
2173 496 2266 549 toti

2378 496 2509 565 ἔχει;
2545 497 2576 566 ἦ
2608 498 2761 567 σῶμα
2800 499 2897 567 μὲν
2947 499 3022 562 δν,
3057 500 3264 562 πάντως
3314 501 3618 554 ἁναλυτέονο
3669 501 3897 554 σύνθετο-ί

743 613 873 654 sane
916 590 1242 648 immortales
1293 603 1399 641 non
1435 603 1621 642 sumus
1658 607 1669 638 :
1722 588 1802 641 sin
1847 597 2023 639 autem
2075 587 2270 638 instru-

746 695 978 740 mentum
1026 683 1304 740 duntaxat,
1345 694 1468 731 cum
1520 676 1584 729 ad
1615 675 1830 743 aliquod
1877 674 2032 727 modo
2064 684 2271 742 tempus

746 774 1082 836 concedatur,
1113 787 1175 824 ea
1205 777 1347 823 certe
1376 774 1564 819 natura
1611 779 1729 818 esse
1763 763 2016 832 oportuit.
2053 765 2119 815 At
2147 778 2273 815 vero

746 882 864 936 pars
898 865 982 918 illa
1014 863 1280 931 princeps,
1324 857 1487 911 homo
1521 855 1735 924 inquam
1781 855 2023 922 ipsemet,
2070 853 2116 905 si
2152 867 2275 905 cum

746 955 993 1023 adjuncto
1018 964 1240 1018 corpore
1274 945 1602 1006 conferatur,
1629 952 1718 996 aut
1744 941 1930 995 forma:
1954 942 2106 1009 quasi
2141 955 2265 1007 erga

745 1044 1044 1106 materiam,
1080 1048 1170 1093 aut
1203 1037 1356 1107 quasi
1407 1048 1533 1104 erga
1587 1033 2027 1088 instrumentum,
2076 1029 2274 1082 utentis

746 1135 963 1188 artiﬁcis
993 1132 1250 1185 rationem
1306 1125 1588 1183 obtinebit.
1637 1121 1854 1176 Utrovis
1899 1130 2074 1173 autem
2116 1119 2274 1171 modo

745 1232 1029 1293 spectetur,
1064 1223 1222 1274 homo
1273 1233 1486 1287 semper
1516 1217 1630 1284 ipse
1677 1213 1890 1266 futurus
1920 1219 2002 1264 est
2034 1210 2264 1263 animus.

743 1313 859 1367 Jam
889 1327 1013 1381 ergo
1056 1308 1360 1378 cujusmodi
1406 1308 1621 1360 tandem
1674 1303 1761 1356 ille
1796 1309 2018 1355 naturai
2044 1300 2161 1354 est?
2217 1298 2273 1351 Si

747 1417 963 1469 corpus,
1017 1397 1237 1453 dissolvi
1296 1394 1536 1464 profecto
1568 1402 1765 1462 potest,
1797 1407 1918 1445 cum
1968 1392 2044 1444 sit
2083 1404 2276 1458 corpus

747 1505 902 1544 omne
931 1490 1304 1557 compositum.
1365 1485 1458 1538 Sin
1499 1484 1610 1538 veri
1643 1483 1887 1552 corporis
1931 1483 2089 1536 habet
2122 1482 2273 1544 nihil,

749 1581 842 1634 sed
909 1581 1065 1633 aliam
1122 1578 1546 1643 dissimilemque
1611 1586 1877 1633 naturam,
1912 1573 2061 1641 'ejus
2115 1573 2274 1625 etiam

748 1669 1108 1724 consideratio
1136 1678 1228 1722 aut
1257 1669 1440 1722 eadem
1474 1666 1629 1721 nobis
1657 1667 1757 1717 erit
1785 1672 1877 1716 aut
1910 1663 2014 1715 alia
2042 1662 2273 1731 quadam

749 1762 957 1814 ratione
991 1759 1284 1813 tractanda.
1339 1757 1404 1810 Et
1456 1756 1669 1826 quidem
1715 1755 1979 1822 principio
2025 1767 2270 1821 quaeren-

748 1852 872 1904 dum
899 1857 1001 1910 est,
1031 1864 1166 1917 quas
1191 1849 1244 1900 in
1273 1862 1360 1902 res
1402 1861 1595 1914 corpus
1637 1845 1787 1907 illud,
1836 1842 2133 1910 cujusmodi
2183 1842 2273 1905 sit,

748 1941 890 2006 quod
921 1939 1157 1991 animum
1201 1950 1318 1988 esse
1356 1933 1556 1992 volunt,
1585 1931 1807 1984 dissolvi
1839 1938 2102 2010 oporteat.
2133 1925 2267 1980 Nam

747 2043 869 2080 cum
908 2039 1210 2080 necessario
1253 2025 1413 2076 vitam
1447 2037 1512 2075 ex
1552 2036 1667 2075 sese
1693 2019 1904 2072 animus
1945 2017 2156 2080 habeat,
2203 2016 2277 2069 si-

750 2117 944 2168 militer
974 2113 1196 2182 proinde
1232 2125 1449 2166 necesse
1477 2120 1573 2174 est,
1610 2110 1654 2162 si
1688 2123 1855 2178 genus
1883 2107 2011 2160 illud
2035 2106 2278 2174 corporis

2380 585 2486 656 γὰρ
2511 589 2614 638 πᾶν
2643 603 2702 653 γε
2736 588 2908 656 σῶμαο
2941 591 2986 639 εξ
3024 589 3078 640 δὲ
3107 590 3179 657 μὴ
3216 589 3367 658 σῶμα
3396 593 3500 660 εἴη,
3526 591 3658 642 ἀλλὰ
3705 591 3896 659 φύσεως

2382 675 2561 744 ἄλλης,
2594 677 2900 747 κάκείνη·θῆ
2954 680 3091 731 κατᾶ
3121 681 3210 731 τὸν
3248 681 3403 731 αὐτὸν
3447 681 3662 750 τβπον,
3701 681 3734 752 ἢ
3778 683 3899 735 κατὰ

2381 763 2531 817 ἄλλον
2562 767 2836 819 σκεπτέον.
2893 770 3108 838 Πρῶτον
3150 771 3205 821 δὲ
3236 771 3493 822 σκεπτέον
3541 772 3673 840 (55),
3704 775 3785 835 εἰς
3816 775 3899 824 δτι

2380 853 2457 904 δεῖ
2471 853 2624 904 τοῦτο
2648 854 2708 905 τὸ
2737 855 2916 924 σῶμα,
2944 857 2972 907 δ
3018 856 3228 923 λέγουσι
3252 857 3442 927 ψυχὴν,
3469 859 3734 910 ἀναλύειν.
3766 860 3898 911 Ἐπεὶ

2325 1002 2333 1010 _
2382 943 2487 1013 γὰρ
2518 943 2626 1014 ζωὴ
2652 944 2792 1014 ψυχῇ
2843 948 3098 1016 πάρεστιν
3120 948 3176 1013 ἐξ
3214 949 3470 1016 ἀνάγκης,
3500 951 3712 1019 ’ἀνάγκη
3766 950 3898 1001 τοῦτο

2379 1033 2438 1083 τὸ
2464 1033 2620 1102 σῶμα
2661 1035 2756 1104 τὴν
2785 1035 2978 1105 quarry,
3006 1039 3051 1087 si
3076 1037 3170 1104 μὲν
3205 1039 3266 1088 ὲκ
3289 1038 3376 1089 δύο
3398 1039 3658 1106 σωμάτων
3684 1039 3716 1105 ἦ
3740 1039 3899 1089 πλείο-

2380 1141 2483 1174 νων
2509 1122 2615 1191 εἴη.
2645 1124 2760 1192 ἦτοι
2789 1126 3041 1193 ἑκάτερον
3065 1125 3256 1186 αὐτῶν,
3282 1127 3314 1194 ἢ
3337 1127 3576 1187 ἕκαστον,
3610 1126 3754 1195 ζωὴν
3778 1127 3899 1194 σύμ-

2382 1229 2540 1279 φυτον
2571 1213 2726 1281 ἔχειν·
2760 1214 2792 1281 ἢ
2839 1214 2898 1265 τὸ
2940 1214 3034 1282 μὲν
3061 1213 3220 1281 ἔχειν,
3249 1214 3307 1265 τὸ
3339 1215 3395 1266 δὲ
3441 1217 3536 1285 μήθ
3563 1216 3596 1283 ἢ
3629 1216 3900 1285 μηδέτερον

2381 1302 2537 1371 ἔχειν.
2563 1303 2623 1353 Εἰ
2649 1302 2741 1370 μὲν
2772 1301 2835 1371 δὴ
2863 1303 2940 1353 ἑνὶ
2969 1303 3140 1354 αὐτῶν
3158 1304 3377 1372 προσείη
3401 1304 3460 1354 τὸ
3491 1305 3747 1373 ζῇν,αὑτὺ
3763 1305 3901 1357 τοῦτο

2380 1390 2443 1443 ἂν
2467 1391 2548 1460 εἴη
2573 1392 2733 1461 ψυχή.
2767 1391 2830 1441 Τί
2863 1391 2926 1443 ἂν
2949 1387 3044 1460 ,οὖν
3091 1393 3172 1460 εἴη
3203 1393 3378 1460 σῶμα,
3427 1394 3566 1462 ζωὴν
3598 1397 3726 1464 παρ’
3753 1394 3900 1447 αὑτοῦ

2382 1479 2529 1548 ἔχον;
2561 1482 2674 1552 Πῦρ
2699 1481 2821 1551 γὰρ,
2849 1483 2941 1534 καὶ
2973 1481 3098 1551 ἀὴρ,
3139 1484 3230 1534 καὶ
3273 1483 3432 1553 ὕδωρ,
3485 1485 3576 1535 καὶ
3623 1487 3714 1553 γῆ,
3737 1487 3902 1554 ἄψυχα

2383 1572 2506 1638 παρ’
2533 1570 2823 1622 αὐτῶνκαὶ
2881 1571 2984 1639 δτῳ
3031 1572 3255 1641 πάρεστι
3313 1571 3510 1623 τούτων
3554 1571 3720 1642 ψυχὴ,
3763 1574 3903 1624 τοῦτο

2382 1658 2600 1727 ἐπακτῷ
2631 1660 2890 1729 κέχρηται
2935 1664 2998 1729 τῇ
3059 1662 3188 1730 ζωῇ.
3247 1662 3407 1715 Ἀλλα
3457 1662 3514 1714 δὲ
3554 1665 3701 1732 παρὰ
3750 1663 3904 1715 ταῦτα

2383 1749 2604 1818 σώματα
2633 1751 2728 1803 οὐκ
2759 1751 2889 1802 ἔστι.
2916 1752 3021 1803 Καὶ
3068 1747 3146 1814 οἷς
3200 1752 3254 1804 δὲ
3310 1753 3454 1804 δοκεῖ
3485 1748 3615 1804 εἶναι
3664 1756 3900 1823 στοιχεῖα,

2373 1841 2572 1893 τούτων
2599 1843 2756 1910 ἕτερα
2791 1841 3010 1910 σώματα
3039 1843 3169 1912 (54),
3222 1843 3281 1894 οὗ
3329 1843 3493 1911 ψυχαὶ
3523 1843 3815 1911 ἐλέχθησαν
3840 1838 3902 1893 εἷ-

2376 1949 2482 1994 ναι,
2508 1933 2624 1985 οὐδὲ
2651 1933 2788 2001 ζωὴν
2834 1933 3038 2000 ἔχοντα.
3087 1935 3145 1985 ΕΞ
3197 1935 3252 1985 δὲ
3306 1934 3520 2003 μηδενὸς
3553 1934 3732 1986 αὐτῶν
3775 1933 3902 2000 ζωὴν

2376 2023 2668 2092 ἕχοντος,ή
2715 2023 2921 2085 σύνοδος
2977 2024 3237 2092 πεποίηκε
3279 2022 3438 2092 ζωὴν,
3483 2025 3701 2079 ἄτοπον.
3756 2023 3815 2074 Εἰ
3855 2021 3901 2072 δὲ

2379 2113 2603 2164 ἕκαστον
2631 2112 2767 2181 ζωὴν
2791 2112 2922 2179 ἔχει,
2952 2113 3039 2166 καὶ
3074 2111 3129 2163 ἓν
3153 2100 3332 2181 ἀρκεῖ(
3362 2113 3554 2182 μᾶλλον
3582 2113 3636 2164 δὲ
3663 2112 3901 2164 ἀδύνατον

734 2209 840 2276 qui
872 2208 1081 2261 animus
1111 2216 1209 2270 est,
1247 2220 1338 2259 seu
1369 2204 1618 2267 duorum,
1653 2217 1745 2255 seu
1788 2201 2019 2268 plurium
2053 2214 2115 2252 ex
2158 2213 2275 2253 cor-

2379 2201 2710 2270 συμφόρησιν
2748 2204 3005 2271 σωμάτων
3057 2201 3197 2271 ζωὴν
3251 2203 3584 2271 ἐργάζεσθαι,
3641 2204 3738 2254 καὶ
3796 2201 3904 2252 νοῦν

751 2314 937 2366 porum
982 2297 1232 2351 societate
1262 2293 1550 2348 conflatum
1595 2293 1681 2354 sit,
1731 2299 1824 2344 aut
1870 2290 2154 2357 conjuncta
2199 2288 2274 2341 si-

748 2388 858 2440 mul
902 2387 1095 2447 ambo,
1145 2398 1236 2438 aut
1276 2386 1497 2438 seorsim
1544 2385 1702 2437 etiam
1742 2380 1949 2449 singula
1989 2381 2274 2448 ingenitam

749 2477 849 2529 sibi
872 2477 1031 2528 vitam
1056 2475 1270 2536 habere,
1307 2482 1399 2527 aut
1420 2482 1562 2525 certe
1591 2479 1806 2525 carente
1842 2473 2026 2533 altero,
2051 2470 2274 2522 alterum

747 2564 1008 2618 duntaxat
1035 2578 1095 2616 ea
1121 2563 1398 2630 praiditum
1448 2575 1585 2624 esse,
1637 2567 1727 2612 aut
1758 2568 2041 2624 utrumque
2071 2573 2271 2611 carere.

747 2651 907 2721 825
939 2651 994 2703 Si
1016 2665 1141 2719 ergo
1170 2649 1320 2702 alteri
1386 2648 1558 2701 solum
1585 2647 1687 2699 vita
1728 2645 1871 2706 insit,
1919 2644 2044 2696 illud
2092 2645 2264 2711 ipsum

750 2742 961 2794 animus
990 2741 1110 2793 erit.
1173 2741 1238 2792 At
1288 2737 1587 2808 cujusmodi
1649 2736 1856 2789 tandem
1915 2750 2107 2802 corpus
2156 2749 2276 2787 esse

749 2839 936 2900 potest,
987 2829 1128 2900 quod
1174 2844 1241 2883 ex
1286 2844 1401 2884 sese
1451 2830 1611 2881 vitam
1659 2825 1889 2879 habeat?
1955 2823 2086 2877 Nam
2139 2826 2274 2893 ignis

749 2921 982 2990 quidem,
1022 2935 1130 2984 aer,
1166 2934 1322 2986 aqua,
1365 2927 1526 2981 terra,
1561 2917 1738 2969 animo
1784 2931 1877 2984 per
1908 2928 2025 2966 sese
2061 2922 2271 2967 carent:

2381 2294 2568 2359 γεννᾷν
2591 2290 2660 2341 τὰ
2689 2292 2904 2361 ἀνόητα.
2939 2294 3046 2346 Καὶ
3086 2293 3149 2362 δὴ
3175 2295 3266 2345 καὶ
3288 2293 3383 2360 οὐχ
3413 2293 3653 2346 ὁπωσοῦν
3693 2311 3906 2361 συγκρα-

2382 2381 2536 2432 Θέντα
2563 2379 2732 2432 ταῦτα
2766 2383 2989 2451 φήσουσι
3021 2383 3286 2449 γενέσθαι.
3322 2384 3410 2433 Δεῖ
3454 2384 3558 2451 ἄρα
3587 2379 3722 2435 εἶναι
3741 2383 3799 2434 τὸ
3821 2383 3904 2434 τά·

2379 2469 2486 2532 ξον,
2513 2472 2603 2522 καὶ
2625 2471 2682 2522 τὸ
2709 2471 2807 2539 τῆς
2835 2473 3075 2541 κράσεως
3099 2471 3285 2523 αἴτιον·
3319 2471 3453 2524 ὥστε
3500 2472 3654 2525 τοῦτο
3675 2474 3825 2537 τάξιν
3851 2473 3905 2524 ἂν

2381 2559 2488 2626 ἔχοι
2520 2561 2712 2629 ψυχῆς.
2745 2563 2818 2614 Οὐ
2847 2561 2952 2632 γὰρ
2984 2563 3062 2613 ὅτι
3100 2562 3360 2623 σύνθετον,
3398 2563 3508 2613 ἀλλ’
3549 2563 3668 2615 οὐδὲ
3717 2562 3906 2614 ἁπλοῦν

2382 2650 2445 2701 ἂν
2467 2652 2548 2719 εἴη
2577 2652 2731 2720 σῶμα
2762 2654 2819 2705 ἐν
2844 2656 2952 2714 τοῖς
2982 2649 3126 2705 οὖσιν
3160 2655 3283 2706 ἄνευ
3316 2653 3490 2722 ψυχῆς
3531 2652 3697 2722 οὔσης
3743 2655 3800 2704 ὲν
3840 2654 3906 2720 τῷ

2381 2741 2570 2793 παντί·
2628 2743 2781 2812 εἴπερ
2828 2743 2979 2810 λόγος
3034 2744 3333 2812 προσελθὼν
3368 2747 3432 2813 τῇ
3489 2745 3587 2815 ὕλῃ
3621 2744 3778 2813 σῶμα
3800 2761 3907 2794 ποι-

2380 2833 2459 2891 εῖ,
2520 2831 2808 2900 οὐδαμόθεν
2870 2833 2915 2884 δ’
2976 2833 3040 2885 ἂν
3115 2833 3392 2902 προσέλθοι
3462 2833 3616 2901 λόγος
3669 2835 3703 2902 ἦ
3772 2833 3906 2903 παρὰ

2378 2917 2569 2987 ψυχῆς.

750 3021 802 3064 et
835 3012 985 3065 sicui
1015 3027 1075 3066 ex
1131 3012 1235 3065 illis
1295 3011 1508 3064 animus
1550 3011 1889 3076 adjungatur,
1939 3006 1988 3058 id
2033 3007 2139 3058 vita
2192 3007 2354 3060 utitur
2393 3026 2615 3077 prorsus
2653 3013 2958 3068 adventitia.
3005 3008 3288 3068 Cmterum'
3318 2995 3509 3084 praeter
3545 3027 3782 3084 quatuor
3826 3017 3906 3069 illa

751 3123 994 3177 corpora,
1024 3106 1228 3159 nullum
1262 3116 1344 3160 est
1399 3105 1562 3158 aliud.
1626 3102 1760 3155 Etsi
1805 3101 2000 3168 quibus
2055 3100 2314 3154 elementa
2354 3106 2592 3171 quaedam
2631 3121 2750 3161 esse
2796 3107 2987 3176 placet,
3038 3123 3158 3176 quae
3216 3109 3406 3163 horum
3467 3109 3752 3164 dissimilia
3807 3113 3907 3165 sint

749 3213 994 3268 corpora,
1029 3212 1090 3249 ea
1143 3205 1318 3248 tamen
1367 3209 1464 3246 nec
1512 3193 1719 3245 animos
1765 3190 1863 3257 ipsi
1909 3199 2119 3252 vocant,
2180 3204 2275 3242 nec
2314 3192 2471 3244 vitam
2511 3208 2575 3248 ex
2603 3209 2717 3248 sese
2755 3196 2950 3250 habere
3010 3198 3214 3251 volunt.
3256 3195 3372 3251 Jam
3429 3198 3473 3253 si
3507 3200 3713 3253 nullum
3761 3202 3910 3254 exiis

751 3293 857 3346 vita
905 3290 1182 3360 praeditum
1235 3287 1353 3350 erit,
1411 3285 1675 3339 absurdus
1721 3283 1939 3334 omnino
1987 3282 2073 3343 sit,
2100 3283 2190 3350 qui
2235 3297 2299 3335 ex
2339 3285 2576 3340 omnium
2617 3289 2994 3357 conjunctione
3025 3291 3184 3343 vitam
3247 3289 3380 3345 elﬁci
3439 3292 3653 3345 dixerit.
3703 3290 3762 3345 Si
3794 3308 3910 3343 vero

752 3381 1023 3454 quodlibet
1050 3379 1220 3430 vitam
1283 3377 1491 3437 habeat,
1545 3375 1627 3426 vel
1662 3375 1874 3426 unicum
1919 3374 2048 3426 satis
2082 3374 2198 3425 erit.
2229 3371 2340 3428 lmo
2376 3392 2502 3429 vero
2548 3377 2659 3432 ﬁeri
2722 3380 2868 3434 nullo
2921 3381 3082 3435 modo
3130 3392 3322 3449 potest.
3380 3383 3455 3436 uti
3511 3399 3808 3439 concursus
3834 3387 3912 3439 ille

751 3485 1031 3538 corporum
1091 3470 1252 3521 vitam
1299 3466 1528 3529 cﬂiciat,
1585 3479 1809 3533 quaeque
1853 3463 2197 3532 intelligentia
2254 3476 2491 3529 careant,
2535 3483 2596 3522 ea
2650 3480 2899 3538 gener-ent
2944 3473 3361 3541 intelligentiam.
3411 3475 3478 3526 At
3516 3475 3603 3528 illa
3653 3477 3771 3545 ipsa
3811 3492 3911 3530 non

749 3577 815 3613 ex
861 3560 1138 3613 temeraria
1185 3557 1414 3626 quadam
1449 3557 1794 3624 permistione
1841 3555 1953 3607 ﬁeri
2012 3554 2283 3621 objicient.
2325 3553 2474 3619 Quod
2509 3557 2672 3627 igitur
2699 3560 2751 3613 vi
2811 3577 2907 3615 sua
2963 3562 3263 3616 mistionem
3319 3563 3459 3616 illam
3501 3565 3691 3620 ordine
3733 3568 3912 3621 modo-

751 3663 854 3717 que
904 3647 1158 3716 perﬁciat,
1203 3661 1319 3700 esse
1368 3645 1568 3714 aliquid
1609 3644 1871 3712 Oportebit
1915 3663 1926 3696 :
1979 3652 2138 3710 atque
2181 3643 2308 3696 illud
2345 3643 2584 3710 profecto
2625 3648 2792 3702 animi
2841 3649 2960 3703 loco
3006 3651 3307 3704 habendum
3351 3653 3470 3704 erit.
3519 3652 3729 3722 Corpus
3774 3655 3912 3707 enim

755 3754 857 3793 non
883 3739 1037 3792 modo
1058 3739 1433 3820 compositum,
1473 3738 1564 3791 sed
1594 3752 1660 3789 ne
1687 3736 1908 3803 simplex
1971 3735 2184 3803 quidem
2215 3736 2379 3789 ullum
2431 3739 2530 3793 hac
2579 3740 2634 3793 in
2687 3756 2865 3794 rerum
2910 3750 3098 3796 natura
3146 3757 3266 3797 esse
3323 3745 3510 3816 possit,
3567 3745 3668 3798 nisi
3700 3744 3911 3798 animus

756 3832 806 3881 in
831 3830 1075 3881 universo
1099 3827 1254 3880 fuerit
1279 3843 1396 3880 cum
1438 3827 1576 3880 ratio
1608 3828 1693 3895 ad‘
1714 3825 1992 3879 materiam
2027 3825 2283 3881 accedens
2319 3841 2514 3897 corpus
2559 3830 2768 3897 emciat,
2821 3848 2919 3887 nec
2961 3833 3012 3885 in
3045 3847 3162 3886 eam
3205 3832 3416 3887 aliunde
3469 3834 3604 3886 ratio
3643 3848 3811 3900 quam
3851 3833 3911 3884 ab

753 3918 932 3970 animo
956 3916 1189 3985 profecta
1220 3915 1402 3969 subire
1434 3915 1619 3983 possit.

828 4025 846 4057 σ
873 4005 1023 4071 Quod
1074 4006 1119 4059 si
1155 4006 1273 4073 quis
1320 4007 1441 4071 erit,
1476 4006 1564 4072 qui
1607 4005 1764 4058 aliam
1798 4005 2054 4061 insrstens
2105 4007 2271 4070 viam,
2299 4009 2344 4067 ο

753 4111 818 4148 cx
845 4096 1039 4148 atomis
1070 4108 1162 4147 aut
1191 4095 1476 4148 individuis
1510 4095 1827 4162 quibusdam
1863 4097 1998 4149 inter
2025 4111 2141 4150 sese
2159 4111 2279 4150 con-

753 4183 1091 4235 currentibus
1117 4183 1353 4236 animum
1376 4180 1507 4235 edici
1532 4182 1704 4245 malit,
1731 4182 1773 4235 is
1797 4183 1879 4236 vel
1901 4183 2278 4251 conjunctione

755 4275 890 4340 ipsa,
921 4282 975 4325 et
1015 4273 1350 4326 aﬂ‘ectionum
1399 4271 1796 4336 communione,
1842 4273 2080 4341 adeoque
2125 4287 2276 4325 com—

755 4361 1016 4413 missione
1038 4371 1219 4412 mutua
1262 4358 1419 4414 facile
1469 4358 1807 4412 revincatur:
1865 4375 1985 4412 cum
2039 4376 2103 4414 ex
2152 4361 2290 4426 illis,

753 4464 871 4517 quae
898 4462 994 4502 nec
1023 4449 1180 4502 ullam
1215 4447 1394 4500 subire
1427 4449 1779 4512 affectionem,
1833 4463 1931 4501 nec
1971 4449 2113 4503 inter
2160 4465 2278 4504 sese

753 4536 1002 4606 conjungi
1037 4538 1245 4605 possint
1273 4539 1608 4604 corporibus,
1638 4552 1804 4591 unum
1835 4535 2054 4604 aliquid,
2093 4547 2146 4590 et
2181 4537 2277 4591 iis-

751 4630 869 4682 dem
895 4627 1262 4680 aﬂ'ectionibus
1303 4628 1616 4690 obnoxium,
1649 4626 1950 4695 cujusmodi
1986 4639 2126 4679 certe
2159 4627 2277 4679 ani-

752 4732 872 4772 mus
917 4726 1016 4781 est,
1046 4717 1156 4770 fieri
1210 4718 1354 4770 nullo
1411 4718 1571 4769 modo
1623 4727 1814 4785 queat;
1875 4729 2047 4782 neque
2079 4730 2144 4768 ex
2189 4715 2274 4781 iis,

750 4821 869 4875 qua
905 4807 1145 4875 partibus
1178 4817 1410 4871 careant,
1455 4814 1781 4874 autcorpus,
1821 4815 1914 4859 aut
1968 4805 2277 4873 magnitudo

755 4897 860 4949 ulla
899 4897 1162 4965 generari.
1215 4895 1353 4960 Jam,
1405 4900 1446 4951 si
1506 4895 1649 4965 quod
1699 4897 1751 4948 in
1797 4896 2022 4964 simplici
2059 4909 2280 4962 corpore

755 4985 992 5036 materiae
1017 4987 1278 5038 rationem
1324 4986 1538 5045 habeat,
1591 4983 2044 5052 (quandoquidem
2091 4984 2278 5035 incon-

755 5072 923 5124 ditum
955 5073 1084 5139 quid
1116 5083 1168 5127 et
1226 5073 1507 5129 confusum
1559 5072 1778 5126 materia
1823 5073 1949 5138 est,)
1997 5073 2160 5124 vitam
2209 5086 2275 5123 ex

756 5173 875 5211 sese
903 5159 1099 5212 nullam
1128 5161 1321 5214 habere
1356 5161 1664 5215 fatebuntur
1692 5159 1766 5212 illi
1796 5161 2032 5227 quidem,
2070 5159 2162 5213 sed
2196 5168 2278 5211 ta-

821 5292 930 5361 (53)
965 5293 1198 5358 Πρῶτον
1227 5293 1292 5344 δὲ
1323 5293 1627 5346 σκεπτέον.
1676 5291 1798 5346 Hec
1826 5290 2063 5345 Plotinus
2096 5291 2272 5354 addit,

753 5361 1046 5414 rectissime
1074 5377 1086 5409 :
1114 5361 1246 5412 aiias
1271 5374 1458 5415 sensus
1484 5363 1637 5429 plane
1665 5361 1859 5414 nullus.

822 5429 929 5498 (54)
965 5429 1260 5496 Στοιχεῖα,
1307 5425 1522 5481 τούτωὶ·
1578 5429 1742 5496 ἕτερα
1801 5425 2051 5492 σώματα.
2120 5427 2271 5498 Apud

753 5493 1014 5550 Plotinum
1050 5493 1145 5566 ita,
1165 5498 1275 5549 haec
1305 5498 1572 5566 distincta_
1599 5493 1830 5566 reperies
1849 5536 1861 5557 ,
1892 5499 2119 5562 στοιχεῖα
2143 5493 2270 5566 1:06-

752 5580 876 5627 των,
902 5566 1059 5634 ἔτερα
1089 5565 1328 5634 σώματα,
1363 5567 1500 5632 quod
1536 5562 1749 5619 Ficinus
1776 5575 1988 5634 secutus
2014 5575 2114 5616 est.
2141 5562 2268 5615 Mihi

754 5643 937 5685 neutra
979 5633 1245 5691 distinctio
1295 5635 1498 5704 placere
1532 5643 1720 5701 potest.
1755 5633 1929 5687 Malim
1975 5647 2100 5700 ergo
2152 5635 2263 5697 sic,

2448 4023 2466 4053 ι
2496 4002 2557 4054 El
2580 4001 2635 4054 δέ
2659 4019 2740 4062 τις
2784 4001 2857 4072 μὴ
2875 4000 3062 4065 οὕτως,
3098 4000 3230 4053 ἀλλὰ
3255 4001 3482 4070 ἀτόμους
3504 4002 3538 4069 ῆ
3567 4002 3754 4070 ἀμερῆ
3792 4020 3909 4055 συν-

2379 4093 2592 4145 ελθόντα
2652 4092 2824 4160 ψυχὴν
2862 4097 3028 4145 ποιεῖν
3077 4092 3236 4160 λέγοι,
3279 4094 3344 4161 τῇ
3390 4089 3573 4142 ὲνώσει
3622 4091 3715 4142 καὶ
3741 4094 3911 4159 ὁμοιο-

2376 4183 2570 4254 παθείᾳ
2598 4182 2852 4251 timeri?
2878 4183 2963 4245 ἂν,
3014 4183 3105 4234 καὶ
3125 4184 3188 4251 τῇ
3223 4180 3511 4252 παραθέσει
3554 4179 3627 4248 μὴ
3678 4180 3749 4231 δι’
3770 4182 3907 4240 ὅλου,

2373 4275 2433 4325 οὐ
2464 4272 2735 4341 γινομένου
2767 4271 2900 4336 ἑνὸς,
2933 4272 3050 4324 οὐδὲ
3078 4270 3384 4341 συμπαθοῦς
3428 4269 3487 4334 ἐξ
3530 4269 3776 4332 ἀπαθῶν,
3821 4271 3909 4323 καὶ

2380 4364 2453 4434 μὴ
2508 4362 2748 4416 ἑνοῦσθαι
2795 4362 3097 4430 δυναμένων
3145 4362 3421 4431 σωμάτων·
3464 4361 3606 4431 ψυχὴ
3650 4361 3707 4412 δὲ
3749 4361 3906 4426 ἑαυτῇ

2378 4451 2680 4521 συμπαθής·
2706 4450 2770 4501 ἐκ
2790 4449 2846 4500 δὲ
2873 4448 3088 4517 ἀμερῶν
3106 4448 3213 4516 (55)
3245 4448 3398 4518 σῶμα
3427 4447 3546 4501 οὐδὲ
3585 4448 3814 4516 μέγεθος
3847 4445 3907 4500 ἂν

2377 4541 2598 4608 γένοιτο.
2628 4540 2736 4592 Καὶ
2788 4538 2890 4608 μὴν
2937 4541 3003 4600 εἰ,
3040 4537 3207 4590 ἁπλοῦ
3249 4539 3398 4600 ὄντος
3426 4537 3517 4590 τοῦ
3552 4537 3822 4606 σώματος,
3851 4535 3906 4586 τὸ

2383 4628 2478 4695 μὲν
2500 4629 2620 4679 ὅσον
2643 4626 2850 4692 ὑλικὸν,
2883 4628 3010 4697 παρ’
3033 4627 3191 4679 αὑτοῦ
3224 4625 3362 4696 ζωὴν
3389 4627 3529 4694 ἔχειν
3543 4625 3604 4677 οὔ
3627 4628 3901 4696 φήσουσιν*

2381 4715 2497 4785 (ὕλη
2521 4717 2626 4786 γὰρ
2652 4717 2878 4784 dimov“)
2912 4716 2971 4767 τὸ
3021 4715 3076 4767 δὲ
3135 4715 3270 4768 κατὰ
3399 4711 3534 4776 εἶδος
3587 4713 3905 4782 τεταγμένον

2378 4807 2648 4876 ἐπιφέρειν
2677 4807 2771 4876 τὴν
2800 4805 2958 4876 ζωήν⁶
2993 4809 3039 4860 εἰ
3067 4806 3163 4875 μὲν
3189 4807 3368 4859 οὐσίαν
3413 4807 3639 4873 φήσουσι
3686 4805 3747 4857 τὸ
3780 4803 3904 4865 εἶδος

2376 4893 2526 4946 τοῦτο
2550 4891 2704 4955 εἶναι,
2737 4896 2796 4946 οὐ
2826 4894 2887 4946 τὸ
2923 4895 3333 4965 συναμφότερον,
3377 4893 3597 4962 θάτερον
3625 4894 3682 4946 δὲ
3708 4895 3905 4946 τούτων

2379 4981 2524 5034 ἐσται
2553 4985 2585 5052 ἠ
2611 4984 2772 5052 ψυχή·
2808 4986 2900 5036 καὶ
2933 4986 3029 5037 οὐκ
3059 4981 3239 5037 ἐστάὖ
3273 4983 3445 5052 σῶμα·
3479 4986 3538 5036 οὐ
3567 4985 3673 5055 γὰρ
3704 4985 3766 5047 ἐξ
3779 4983 3903 5050 ὕλης

2378 5072 2469 5122 και
2498 5073 2642 5124 αὑτό·
2671 5073 2704 5141 ἢ
2735 5073 2891 5125 πάλιν
2919 5075 3006 5127 τδν
3031 5075 3187 5126 αὑτὸν
3215 5074 3406 5144 τρόπον
3437 5054 3788 5142 avaram...
3844 5072 3901 5123 Ei

2377 5160 2432 5210 δὲ
2456 5161 2679 5230 πάθημα
2705 5163 2796 5231 τῆς
2819 5163 2965 5233 ὕλης,
3000 5164 3109 5216 ἀλλ’
3133 5165 3231 5216 οὐκ
3264 5163 3442 5216 οὐσίαν
3467 5166 3721 5233 φήσουσιν
3739 5160 3894 5215 εἶναι’

2380 5295 2648 5364 ςῑίιοιχεῖαΔ
2689 5292 2886 5364 τούτων
2917 5294 3100 5364 ἕτερα,
3144 5294 3392 5364 σώματα,
3425 5295 3485 5346 οὐ
3525 5294 3707 5364 ψυχαί.
3750 5293 3899 5364 Verte

2380 5359 2557 5427 igitur,
2601 5359 2668 5412 Et
2698 5363 2977 5433 siquibus,
3003 5359 3188 5428 imula
3217 5359 3322 5416 inec
3341 5401 3356 5425 ,
3387 5365 3498 5416 alia
3534 5359 3774 5433 ᾴκὲᾴσιι
3804 5363 3898 5414 cle-

2377 5438 2545 5498 mente
2574 5445 2680 5482 esse
2705 5430 2898 5497 placet,
2932 5447 2992 5482 ea
3025 5442 3194 5482 tamen
3232 5448 3319 5483 nec
3341 5430 3670 5498 aninios'ipsi
3697 5440 3892 5488 vocat.

2375 5497 2462 5548 sed
2492 5513 2724 5564 corpora,
2755 5515 2842 5550 nec
2867 5502 3022 5551 vitam
3044 5514 3108 5551 ea:
3135 5516 3238 5553 sese
3265 5500 3448 5554 habere
3477 5497 3670 5554 uolant.

2443 5565 2550 5635 (55)
2581 5565 2734 5621 Forte
2765 5569 2884 5620 add.
2913 5566 3048 5618 οὐδέ.
