4014 6356
741 390 880 449 1559

743 502 985 571 quasdam
1060 505 1130 557 sit
1205 505 1565 561 iuauimorum

743 594 903 662 827
934 601 988 647 ει
1019 607 1192 648 "lmen
1216 597 1460 666 spiritum
1480 597 1532 650 id
1557 597 1695 667 quod
1724 608 1870 652 certo
1904 613 1961 651 se
1983 598 2143 651 modo
2166 599 2261 651 ba-

746 686 868 739 beat
896 701 1015 742 esse
1038 688 1232 756 velint;
1273 690 1376 743 hoc
1404 691 1575 758 ipsum
1610 691 1844 758 quidem,
1868 700 2006 744 certo
2035 706 2087 744 se
2111 689 2263 744 modo

744 774 966 839 habens,
1018 777 1122 832 hoc
1161 786 1245 832 est
1308 778 1630 847 peculiarem
1673 779 1818 832 illam
1868 779 2267 841 habitudinem.

742 874 834 918 aut
852 867 1051 935 aliquid
1078 883 1196 923 esse
1226 869 1408 924 dicant
1431 885 1649 925 necesse
1675 881 1758 925 est
1777 910 1792 933 ,
1817 881 1909 925 aut
1950 870 2170 924 omnino
2198 869 2273 924 ni-

746 953 836 1006 hil.
870 953 924 1007 Si
954 955 1107 1022 nihil,
1133 957 1352 1025 spiritus
1384 974 1510 1027 ergo
1540 959 1688 1012 solus
1725 974 1848 1014 vere
1877 967 1982 1022 est,
2014 960 2143 1013 illud
2175 974 2272 1013 au-

745 1047 846 1094 tem
871 1052 1018 1119 certo
1048 1028 1105 1097 se
1134 1045 1291 1120 modo
1329 1045 1561 1111 habens,
1594 1062 1822 1102 vacuum
1865 1056 1917 1101 et
1969 1049 2128 1101 inane
2168 1062 2270 1101 no-

743 1147 883 1185 men.
928 1131 1004 1187 Ex
1034 1149 1142 1204 quo
1174 1135 1395 1203 proinde
1435 1137 1712 1206 sequitur,
1741 1138 1818 1191 uti
1857 1146 2047 1206 praeter
2104 1146 2273 1191 mate-

744 1220 876 1273 riam
901 1221 1044 1276 aliud
1071 1223 1205 1276 nihil
1228 1239 1346 1278 esse
1375 1224 1589 1290 dicant,
1619 1232 1783 1292 atque
1811 1225 1883 1278 ita
1903 1234 1958 1278 ct
1989 1226 2227 1278 animum
2253 1266 2266 1289 ,

741 1313 794 1358 et
825 1305 1019 1374 Deum,
1045 1320 1097 1362 et
1123 1319 1311 1374 caetera
1369 1327 1590 1381 prorsus
1631 1313 1811 1367 omnia
1851 1313 2222 1368 nominetenus
2253 1355 2268 1380 ,

744 1395 987 1464 spiritum
1017 1401 1231 1468 proprie
1262 1401 1434 1455 solum
1489 1403 1764 1458 exsistere.
1803 1406 1871 1458 At
1915 1405 1961 1458 si
2015 1405 2272 1459 habitudo

744 1487 830 1540 illa
861 1504 1048 1546 verum
1081 1492 1283 1560 aliquid
1310 1503 1425 1560 cst,
1460 1503 1514 1548 et
1558 1495 1626 1548 ab
1660 1510 1725 1549 eo
1771 1495 1916 1566 quod
1953 1497 2234 1566 subjicitur
2255 1538 2270 1564 ,

743 1578 980 1648 adeoque
1003 1596 1034 1634 a
1060 1583 1278 1636 materia
1303 1583 1416 1653 ipsa
1438 1585 1705 1640 diversum
1720 1627 1736 1652 ,
1759 1586 1903 1655 quod
1934 1602 2054 1640 cum
2080 1587 2133 1640 in
2155 1602 2274 1640 ma-

1315 413 1321 424 ·
1381 392 1644 447 EUSEBII
1682 390 2154 447 CESARIENSIS
2187 389 2335 446 OPP.
2377 389 2554 444 PARS
2590 392 2650 444 ΙΙ.
2694 424 2754 431 --
2790 393 3280 448 APULOGETICA.

3781 401 3894 453 1360

1647 507 1932 576 spirituum
2017 507 2225 560 inﬁnita
2253 549 2267 573 ,

2372 524 2471 571 σις,
2500 509 2591 558 καὶ
2622 507 2747 558 ἄλλο
2773 512 2920 577 παρὰ
2949 508 3008 559 τὸ
3031 509 3400 578 ὑποκείμενον,
3431 511 3526 561 καὶ
3545 511 3644 579 τὴν
3677 510 3826 580 ὓλην,
3852 515 3893 563 ὲν

2370 596 2465 666 ὕλῃ
2491 596 2608 665 μὲν,
2644 597 2799 650 ᾶῡλον
2825 597 2881 648 δὲ
2906 598 3052 660 αὐτὸ,
3088 598 3164 667 τῷ
3180 598 3288 666 (6|)
3316 600 3388 669 μὴ
3409 599 3568 651 πάλιν
3599 601 3892 667 συγκεῖσθαι

2368 688 2424 753 ἐξ
2449 688 2595 758 ὕλης·
2631 687 2785 755 λόγος
2813 689 2877 740 ἂν
2909 690 2992 756 εἴη
3034 707 3136 754 τις,
3166 691 3255 740 καὶ
3309 691 3368 741 οὐ
3399 689 3576 758 σῶμα,
3631 691 3725 744 καὶ
3759 691 3894 758 φύσις

2367 780 2544 848 ἑτέρα.
2583 780 2698 831 Ἔτι
2719 780 2773 831 δὲ
2800 780 2894 832 καί
2917 781 2982 831 ἐκ
3001 780 3164 831 τῶνδε
3193 780 3303 849 (62)
3354 781 3451 850 οὐχ
3480 777 3641 852 ἦττον
3671 783 3894 848 φαίνεται

2341 870 2616 923 -ἀδύνατον
2637 870 2716 932 ὃν,
2741 868 2837 938 τὴν
2862 869 3032 940 ψυχὴν
3065 865 3202 922 εἶναι
3260 869 3416 938 σῶμα
3461 869 3656 922 ὁτιοῦν.
3694 872 3764 921 Ἦ
3808 870 3894 938 γὰρ

2369 960 2565 1032 θερμόν
2593 961 2735 1012 ἐστιν
2759 960 2790 1029 ἢ
2813 959 3089 1029 ψυχρὸν,ἢ
3123 958 3348 1029 σκληρὸν
3384 960 3416 1029 ἢ
3459 960 3718 1029 μαλακὸν,
3754 961 3894 1029 ὑγρόν

2369 1069 2425 1104 τε
2457 1053 2490 1122 ἢ
2525 1051 2785 1120 πεπηγὸς,
2841 1051 3002 1120 μέλαν
3032 1068 3088 1102 τε
3135 1051 3169 1120 ἢ
3213 1051 3419 1114 λευκὸν,
3463 1054 3555 1103 καὶ
3598 1053 3780 1104 πάντα
3817 1054 3895 1103 ὂσι

2369 1143 2645 1211 ποιότητες
2678 1141 2939 1210 σωμάτων
2967 1140 3118 1193 ἀλλα-ι
3152 1142 3207 1192 ὲν
3226 1137 3430 1204 ἄλλοις.
3461 1144 3569 1193 Καὶ
3595 1143 3642 1192 εἰ
3675 1143 3772 1210 μὲν
3797 1142 3896 1211 Θερ-

2370 1235 2488 1304 μὸν.
2504 1233 2660 1302 μόνον
2685 1233 2957 1303 θερμανεϊ,
2969 1231 3170 1302 ψυχρὸν
3187 1231 3244 1283 δὲ
3269 1232 3422 1301 μόνον
3443 1232 3615 1299 ψύξει,
3641 1233 3732 1283 καὶ
3746 1232 3897 1299 κοῦφα

2371 1324 2580 1392 ποίησει
2626 1321 2685 1374 τὸ
2734 1320 2931 1388 κοῦφον
2975 1320 3398 1390 προσγενόμενον
3427 1319 3519 1371 καὶ
3560 1314 3770 1389 παρὸν,
3824 1321 3897 1371 καὶ

2372 1411 2586 1482 βαρυνεῖ
2605 1411 2664 1463 τὸ
2697 1411 2850 1481 βαρὺ,
2881 1410 2974 1462 xal
3001 1409 3217 1479 μελανεί
3229 1409 3290 1460 τὸ
3319 1411 3502 1479 μέλαν,
3529 1411 3620 1460 καὶ
3647 1410 3711 1460 τὸ
3731 1409 3897 1461 λευκὸν

2371 1503 2555 1554 λευκὸν
2587 1502 2816 1570 ποιήσει.
2847 1501 2920 1553 Οὐ
2951 1500 3060 1570 γὰρ
3110 1499 3277 1569 πυρὸς
3327 1500 3390 1551 τὸ
3412 1499 3622 1567 ψύχειν,
3676 1499 3794 1551 οὐδὲ
3821 1498 3898 1549 τοῦ

2370 1590 2573 1661 ψυχροῦ
2597 1589 2773 1661 θερμὰ
2801 1593 2989 1642 ποιεῖν.
3031 1589 3164 1641 Ἀλλ’
3189 1590 3224 1658 ἥ
3279 1604 3341 1656 γε.
3368 1587 3509 1657 ψυχὴ
3543 1589 3634 1639 καὶ
3661 1590 3722 1639 ὲν
3742 1587 3898 1648 ἀλλοις

746 1672 875 1725 teria
907 1673 1008 1739 sit,
1052 1677 1282 1730 materiae
1313 1686 1485 1730 tamen
1517 1691 1707 1746 expers
1735 1687 1946 1732 maneat
1973 1719 1987 1742 ,
2021 1688 2272 1748 pr0pter-

2373 1681 2526 1744 ζώοις
2555 1681 2682 1734 ἄλλα
2708 1695 2766 1730 τε
2814 1680 2904 1731 καὶ
2941 1679 3074 1730 ἄλλα
3128 1681 3286 1740 ποιεῖ,
3332 1678 3423 1729 καὶ
3463 1679 3520 1727 ὲν
3546 1676 3623 1745 τῷ
3671 1676 3816 1745 αὐτῷ
3855 1675 3899 1725 δὲ

743 1777 806 1818 ea
849 1763 992 1832 quod
1033 1780 1223 1822 rursus
1248 1781 1316 1821 ex
1369 1769 1594 1822 materia
1648 1771 2006 1839 compositum
2049 1769 2272 1823 minime

2371 1771 2438 1823 τὰ
2460 1769 2686 1822 ἐναντία·
2718 1767 2785 1819 τὰ
2819 1768 2914 1837 μὲν
2951 1767 3245 1837 πηγνοῦσα,
3272 1766 3341 1819 τὰ
3367 1767 3423 1819 δὲ
3448 1765 3666 1835 χέουσα,
3721 1766 3810 1817 καὶ
3844 1765 3900 1816 τὰ

744 1858 812 1911 sit
840 1876 853 1911 :
883 1873 1078 1928 corpus
1107 1859 1292 1929 utique
1334 1875 1442 1914 non
1468 1868 1583 1925 est,
1620 1861 1712 1915 sed
1757 1862 1920 1924 ratio,
1950 1861 2270 1930 corporique

2375 1861 2471 1930 μὲν
2519 1859 2715 1922 πυκνὰ,
2765 1859 2833 1911 τὰ
2886 1858 2942 1910 δὲ
2989 1858 3173 1926 ἀραιὰ,
3227 1856 3446 1926 μέλανα,
3498 1853 3687 1916 λευκὰ,
3722 1854 3899 1921 κοῦφα,

744 1958 936 2002 natura
965 1945 1262 2004 dissimilis.
1298 1949 1562 2004 Prmterea
1585 1966 1748 2020 quam
1802 1950 2014 2006 animus
2062 1949 2269 2003 nullum

2377 1951 2544 2021 βαρέα
2568 1951 2808 2004 ποιοῦσα.
2843 1950 3030 2001 Καίτοι
3062 1947 3121 2001 ἒν
3173 1949 3276 2001 ἔδει
3317 1950 3508 2011 ποιεῖν,
3535 1946 3675 1999 κατὰ
3699 1946 3795 2013 τὴν
3822 1943 3900 1994 τοῦ

741 2040 964 2094 omnino
984 2055 1180 2109 corpus
1209 2055 1330 2095 esse
1363 2042 1566 2110 possit,
1592 2042 1673 2094 vel
1698 2041 1820 2095 inde
1863 2041 2040 2110 quivis
2072 2040 2268 2094 intelli-

2377 2041 2619 2110 σώματος
2645 2041 2897 2111 ποιότητά
2927 2057 2985 2092 τε
3014 2041 3112 2110 τὴν
3140 2039 3325 2110 ἄλλην,
3370 2038 3462 2090 καὶ
3509 2036 3695 2107 χρόαν·
3732 2035 3820 2088 νῦν
3855 2035 3902 2087 ἃ

742 2141 865 2201 gat:
898 2140 990 2186 aut
1011 2132 1155 2186 enim
1180 2131 1410 2186 calidum
1430 2141 1511 2188 est
1535 2142 1626 2188 aut
1647 2133 1898 2202 frigidum
1917 2173 1932 2198 ,
1960 2134 2154 2187 durum
2177 2140 2275 2185 aut
2376 2130 2558 2183 πολλά.

741 2227 920 2292 molle,
949 2227 1225 2282 humidum
1255 2235 1349 2280 aut
1367 2235 1694 2292 concretum,
1738 2230 1949 2297 nigrum
2002 2237 2093 2281 aut
2152 2226 2353 2288 album,
2395 2239 2459 2276 ac
2489 2223 2783 2278 cateris'id
2821 2239 2990 2292 genus
3025 2223 3304 2293 przditnm
3358 2221 3745 2292 qualitatibus,
3799 2235 3904 2288 qua

744 2321 860 2373 alia:
888 2318 1086 2388 passim
1132 2319 1187 2372 in
1219 2318 1335 2372 aliis
1383 2332 1502 2372 esse
1552 2318 1744 2372 solent.
1795 2317 1914 2371 Jam
1953 2319 1999 2372 si
2026 2316 2257 2372 calidum
2294 2314 2416 2380 erit,
2474 2312 2843 2366 tantummodo
2869 2312 3188 2379 calefaciet;
3246 2311 3620 2383 refrigerabit,
3653 2313 3705 2365 si
3769 2311 3905 2380 frigi-

640 2449 643 2452 -
744 2412 908 2477 dum;
943 2411 997 2467 si
1013 2412 1130 2472 leve
1157 2451 1170 2477 ,
1210 2411 1474 2464 levitatem
1504 2409 1688 2464 an‘eret
1724 2411 2028 2480 ubicunque
2055 2409 2262 2473 aderit;
2305 2407 2348 2459 si
2382 2421 2579 2476 grave,
2636 2406 2986 2476 gravitatem;
3026 2405 3272 2472 nigrore,
3315 2404 3362 2458 si
3405 2404 3657 2477 nigrum;
3693 2405 3744 2458 si
3787 2417 3904 2457 can-

745 2504 966 2569 didum,
1027 2500 1260 2557 candore
1300 2499 1542 2556 similiter
1592 2501 1801 2560 abiciet.
1845 2501 1955 2557 Nec
1995 2502 2136 2567 enim
2180 2508 2272 2554 aut
2306 2500 2443 2568 ignis
2471 2509 2583 2565 est,
2613 2497 2900 2568 frigidum,
2946 2505 3038 2550 aut
3080 2495 3259 2567 frigidi
3291 2497 3525 2551 calidum
3823 2499 3905 2550 At-

742 2597 836 2665 qui
863 2597 1105 2659 animus,
1129 2608 1250 2649 cum
1282 2593 1337 2646 in
1373 2593 1597 2649 diversis
1646 2594 2009 2648 animantibus
2073 2594 2174 2646 alia
2212 2600 2369 2660 atque
2407 2591 2506 2645 alia
2553 2590 2774 2657 eﬂiciat,
2806 2599 2918 2644 tum
2955 2590 3114 2644 etiam
3167 2588 3221 2641 in
3284 2604 3393 2643 uno
3451 2589 3754 2658 eodemque
3792 2603 3906 2643 con-

746 2687 945 2739 traria:
970 2685 1128 2740 modo
1147 2686 1290 2740 enim
1315 2687 1486 2755 cogit,
1515 2685 1676 2740 modo
1739 2683 2012 2755 liquefacit
2041 2703 2053 2736 :
2081 2686 2300 2738 densum
2339 2683 2540 2752 aliquid
2573 2683 2825 2752 aliudque
2856 2696 3040 2736 rarum
3062 2721 3076 2745 ,
3113 2682 3326 2751 nigrum
3387 2682 3519 2744 hoc,
3548 2679 3684 2734 illud
3715 2680 3907 2743 album,

744 2778 887 2833 aliud
933 2779 1079 2844 leve,
1132 2793 1291 2849 grave
1336 2778 1480 2832 aliud
1519 2777 1679 2832 eﬂicit
1736 2796 1750 2830 :
1805 2791 2034 2846 cumque
2077 2790 2174 2845 pro
2235 2776 2448 2830 diverso
2504 2776 2742 2843 corporis
2799 2776 3010 2840 colore,
3073 2774 3303 2844 aliisque
3350 2774 3598 2828 similiter
3647 2774 3909 2844 qualitati-

745 2869 882 2934 bus,
915 2884 1082 2923 unum
1106 2869 1368 2922 duntaxat
1389 2866 1590 2936 aliquid
1614 2865 1820 2921 edicere
1850 2865 2086 2931 deberet,
2105 2865 2270 2919 multa
2309 2864 2468 2919 simul
2491 2873 2759 2931 operatur.

818 2980 838 3013 ι
868 2960 1043 3016 Motus
1065 2976 1190 3015 vero
1215 2969 1324 3014 tam
1350 2960 1665 3030 multiplices
1690 2968 1848 3029 atque
1871 2961 2131 3024 diversos,
2153 2976 2262 3015 non

2439 2957 2576 3018 «Τὰς
2607 2956 2662 3008 δὲ
2690 2956 2754 3026 δὴ
2788 2957 3025 3026 κινήσεις
3049 2955 3166 3017 πῶς
3195 2955 3502 3026 διαφόρους,
3535 2955 3650 3009 ἀλλ’
3675 2956 3743 3008 οὗ
3775 2956 3908 3027 μίαν,

745 3051 976 3120 aliquem
1004 3049 1259 3103 duntaxat
1286 3063 1451 3102 unum
1475 3090 1490 3114 ,
1525 3048 1616 3118 qui
1647 3049 1858 3103 tandem
1895 3062 2002 3101 una
2027 3049 2268 3116 cujusvis

2375 3046 2498 3115 μιᾶς
2513 3043 2674 3113 οὔσης
2705 3042 2898 3104 παντὸς
2927 3041 3171 3110 σώματος
3193 3045 3485 3112 κινήσεωςς
3517 3045 3582 3096 Ει
3612 3044 3669 3096 δὲ
3696 3044 3807 3097 τῶν
3826 3045 3911 3111 μὲν

746 3142 801 3194 in
824 3140 1065 3208 corporis
1094 3138 1325 3192 motione
1346 3138 1662 3193 defendent?
1683 3137 1815 3192 Nam
1837 3137 1884 3191 si
1925 3152 2112 3190 eorum
2145 3153 2272 3190 cau-

2371 3133 2734 3202 προαιρέσεις,
2760 3132 2864 3183 τῶν
2894 3132 2950 3184 δὲ
2999 3132 3186 3201 λόγους
3233 3134 3579 3195 αἰτιάσονται,
3621 3133 3802 3204 ὀρθῶς
3829 3136 3913 3204 μὲν

746 3247 868 3296 sas,
901 3229 1092 3299 partim
1118 3229 1437 3292 electiones,
1487 3229 1681 3298 partim
1726 3231 2063 3295 antegressas
2109 3232 2272 3296 quas:

2372 3219 2544 3272 τοῦτο·
2577 3220 2687 3272 ἀλλ’
2721 3221 2780 3272 οὐ
2832 3219 3077 3290 σώματος
3105 3223 3137 3290 ἡ
3173 3221 3498 3291 προαίρεσις,
3539 3223 3656 3275 οὐδὲ
3681 3226 3736 3276 ol
3781 3225 3912 3291 λόγοι

746 3321 869 3375 (lam
905 3319 1137 3372 rationes
1167 3330 1283 3371 esse
1317 3316 1739 3384 respondebunt;
1763 3316 1926 3384 probe
1955 3315 2006 3368 id
2029 3314 2270 3383 quidem.

2371 3310 2606 3380 διάφοροί
2627 3328 2687 3378 γε
2715 3311 2860 3374 ὄντες
2884 3311 2996 3373 ὲνδς
3029 3310 3177 3374 ὄντος
3211 3312 3304 3365 καὶ
3337 3312 3502 3364 ἁπλοῦ
3531 3312 3624 3364 τοῦ
3650 3312 3912 3383 σώματος,

748 3409 814 3462 At
844 3406 1078 3474 Corporis
1110 3404 1268 3458 unius
1305 3405 1595 3468 praesertim
1621 3418 1682 3458 ac
1704 3404 1960 3471 simplicis
2020 3419 2119 3458 nec
2162 3403 2272 3457 ele-

747 3499 852 3549 ctio
874 3536 888 3562 ,
919 3511 1014 3549 nec
1056 3495 1278 3548 diversa:
1312 3495 1412 3547 illa:
1461 3494 1697 3548 rationes
1731 3494 1957 3562 propria
1991 3494 2275 3561 suntquod

747 3585 1007 3650 ejusmodi
1031 3583 1254 3639 rationis
1278 3586 1493 3638 omnino
1543 3585 1673 3638 nihil
1701 3585 1921 3649 habeat,
1955 3585 2059 3637 nisi
2108 3600 2277 3651 quan—

750 3684 859 3727 tum
894 3675 959 3727 ab
984 3689 1046 3728 eo
1077 3674 1367 3743 acceperit,
1399 3689 1430 3728 a
1479 3688 1587 3742 quo
1616 3674 1700 3727 vel
1739 3673 1968 3728 calidum
2017 3673 2101 3726 vel
2131 3671 2278 3740 frigi-

749 3764 875 3817 dum
910 3763 1149 3817 cﬁ‘ectum
1173 3773 1271 3818 est.
1305 3763 1464 3818 Certo
1487 3764 1702 3832 quidem
1723 3772 1774 3817 et
1801 3764 1971 3830 spatio
1997 3763 2273 3830 temporis,

749 3863 804 3908 et
825 3868 1086 3906 mensurae
1120 3855 1277 3908 modo
1312 3869 1539 3923 augere,
1571 3868 1677 3921 quo
1714 3860 1867 3922 pacto
1902 3853 2114 3920 corpori
2151 3867 2275 3905 con—

749 3943 960 3998 veniat?
984 3943 1162 4012 augeri
1215 3944 1354 3997 enim
1400 3944 1568 4011 ipsius
1597 3952 1715 4009 est,
1763 3944 1990 4012 augendi
2043 3943 2148 3995 vim
2182 3959 2276 4012 per

751 4051 868 4089 sese
893 4037 1089 4088 nullam
1119 4034 1305 4101 habet,
1335 4035 1427 4089 sed
1461 4044 1662 4089 tantum
1687 4044 1948 4104 quatenus
1992 4051 2107 4088 eam
2152 4051 2274 4088 cum

752 4126 866 4193 ipso
896 4126 1105 4180 animus
1131 4127 1183 4180 in
1211 4126 1443 4179 materia:
1465 4140 1576 4178 suae
1599 4125 1738 4177 mole
1757 4124 2118 4178 communicat
2144 4163 2159 4189 ,
2186 4124 2273 4177 cui

2372 3402 2464 3454 καὶ⁵
2495 3402 2551 3454 οὐ
2584 3401 2740 3470 μετὸν
2771 3403 2915 3472 αὐτῷ
2957 3403 3192 3456 τοιούτου
3250 3421 3311 3471 γε
3356 3405 3534 3473 λόγου,
3575 3406 3610 3475 ἢ
3657 3408 3786 3469 ὅσος
3818 3408 3913 3476 (63')

2370 3489 2571 3543 δέδοται
2597 3491 2737 3561 αὐτῷ
2787 3492 2937 3562 παρὰ
2962 3491 3072 3550 ,τοῦ
3107 3494 3422 3563 ποιήσαντος
3461 3496 3662 3566 θερμὸν
3717 3498 3848 3549 αὐτὸ
3886 3496 3914 3564 ἦ

2370 3580 2572 3650 ψυχρὸν
2612 3578 2767 3632 εἶναι.
2802 3579 2893 3650 ,Τὸ
2934 3582 2987 3632 δὲ
3017 3583 3105 3633 καὶ
3156 3583 3213 3634 ὲν
3245 3584 3418 3653 χρόνῳ
3449 3585 3558 3655 (64)
3594 3587 3804 3653 αὒξειν,
3835 3591 3916 3639 καὶ

2375 3669 2532 3738 μέχρι
2563 3670 2810 3721 τοσούτου
2839 3670 3052 3740 μέτρου,
3091 3673 3250 3726 πόθεν
3275 3675 3339 3726 ἂν
3366 3677 3454 3744 ,τῷ
3511 3676 3724 3746 σώματι
3781 3679 3915 3746 αὐτῷ

2373 3760 2608 3826 γένοιτος
2643 3755 2686 3827 ᾧ
2715 3766 2968 3834 προσήκει
2995 3764 3090 3833 μὲν
3123 3747 3393 3828 αὔξεσθαι,
3437 3769 3582 3837 αὐτῷ
3614 3769 3671 3818 δὲ
3715 3771 3915 3839 ἀμοίρῳ

2373 3851 2460 3902 τοῦ
2497 3852 2674 3915 αὔξειν
2731 3850 2886 3916 εἶναι,
2939 3856 2969 3925 ἢ
3027 3858 3148 3908 ὅσον
3191 3859 3562 3928 παραληφθείη
3597 3859 3667 3911 ἂν
3707 3864 3769 3912 ὲν
3801 3863 3916 3928 ὕλης

2372 3940 2534 4008 ὖγκῳ,
2567 3942 2862 4011 ὑπηρετοῦν
2884 3944 2958 4012 τῷ
2976 3945 3213 3997 διἀὑτοῦ
3241 3946 3337 4015 τὴν
3357 3946 3521 4013 αὔξην
3547 3948 3912 4017 ἐργαζομένῳ.

2372 4033 2480 4082 Kal
2516 4030 2622 4101 γὰρ
2675 4035 2720 4084 εἱ
2752 4036 2784 4101 ὴ
2815 4034 2955 4103 ψυχὴ
2998 4035 3152 4105 σῶμα
3208 4034 3340 4088 οὖσα
3370 4035 3536 4101 αὖξοι,
3590 4039 3812 4108 ἀνάγκη
3837 4041 3915 4090 καὶ

2373 4119 2534 4188 αὐτὴν
2561 4119 2831 4184 αὔξεσθαι,
2857 4122 3137 4194 προσθήκῃ
3167 4124 3402 4192 δηλονότι
3432 4125 3618 4193 ὁμοίου
3652 4125 3913 4196 σώματος,

751 4229 844 4282 per
873 4230 930 4270 se
960 4217 1344 4270 incrementum
1367 4215 1494 4268 illud
1510 4213 1753 4268 eilicienti
1776 4213 2144 4266 administram
2176 4226 2275 4264 na-

750 4312 838 4357 vat
869 4319 1101 4371 operam.
1146 4303 1351 4357 Etenim
1405 4303 1451 4357 si
1487 4312 1541 4356 et
1581 4317 1774 4370 corpus
1825 4309 1969 4356 esset
2023 4301 2272 4363 animus,

749 4391 915 4460 838
946 4390 1189 4457 idemque
1210 4391 1367 4445 simul
1391 4397 1606 4458 augeret
1625 4430 1639 4454 ,
1673 4404 1794 4442 cum
1835 4399 1894 4442 ut
1924 4398 2081 4442 aucto
2103 4390 2153 4441 vi
2180 4403 2272 4441 sua

2375 4390 2543 4456 εἰμὲν
2596 4388 2757 4456 ψυχὴ,
2813 4390 2972 4443 πόθεν
3021 4394 3113 4444 καὶ
3169 4394 3281 4455 πῶς
3338 4394 3620 4463 εἰσιούσης,
3681 4398 3780 4449 καὶ
3816 4396 3915 4453 πῶς

749 4477 960 4544 corpori
983 4491 1077 4544 par
1099 4490 1217 4529 esse
1241 4487 1456 4544 posset,
1486 4491 1589 4529 una
1618 4474 1856 4544 proiecto
1887 4475 2078 4529 similis
2096 4489 2272 4527 acces-

2377 4480 2823 4548 προστιθεμένης,
2853 4481 2898 4531 εἰ
2926 4481 2979 4532 δὲ
3014 4481 3213 4550 ἄψυχον
3258 4485 3319 4536 τὸ
3344 4486 3766 4553 προστιθέμενον
3788 4487 3908 4556 (65").

751 4566 903 4620 sione
933 4565 1168 4633 corporis
1203 4565 1382 4632 augeri
1415 4581 1630 4621 necesse
1651 4574 1815 4620 esset.
1852 4563 2004 4629 Quod
2023 4578 2182 4631 porro
2209 4564 2272 4616 ad

2384 4569 2496 4631 πῶς
2528 4570 2682 4621 τοῦτο
2711 4570 3046 4637 ιζίυχώσεται,
3071 4574 3162 4625 καὶ
3185 4574 3259 4642 τῷ
3287 4576 3516 4644 πρόσθεν
3544 4581 3912 4645 ὁμογνωμον-

751 4674 869 4711 eam
904 4657 1204 4718 accederet,
1262 4655 1312 4709 id
1351 4665 1442 4709 aut
1490 4660 1698 4711 animus
1752 4656 1933 4709 itidem
1963 4663 2137 4720 esset,
2185 4663 2272 4706 aut

2381 4672 2479 4718 σει,
2517 4658 2604 4709 καὶ
2637 4657 2694 4707 ἒν
2720 4657 2889 4720 ἔσται,
2927 4660 3146 4712 καὶτῶν
3203 4662 3378 4713 αὐτῶν
3428 4664 3587 4727 δι’ἐξῶν
3637 4667 3699 4733 τῇ
3737 4665 3912 4733 πρώτη

751 4759 946 4814 corpus
976 4745 1288 4799 inanimum.
1323 4741 1380 4796 Si
1414 4744 1623 4802 animus
1644 4784 1659 4810 ,
1694 4745 1834 4797 unde
1875 4741 1958 4795 vel
2010 4742 2272 4810 quomodo

2383 4746 2770 4811 μεταλήψεταη
2817 4747 3060 4815 ’Λλὶθούχ
3089 4748 3273 4814 ὥσπερ
3304 4749 3424 4814 ξένη
3459 4751 3586 4819 ἥδε),
3620 4753 3768 4820 ψυχὴ
3791 4755 3909 4817 αὕτη

750 4844 843 4888 aut
871 4835 1105 4888 illabitur
1125 4843 1249 4897 ,aut
1275 4834 1520 4888 additur?
1551 4833 1642 4887 Sin
1668 4835 1845 4887 animo
1874 4842 2087 4895 careat,
2134 4846 2264 4900 quo-

2381 4835 2442 4882 sv
2469 4835 2652 4902 αγνοία
2684 4836 2831 4886 ἔσται
2859 4831 2929 4888 ὧν
2966 4842 2993 4906 ἡ
3028 4838 3186 4906 ἑτέρα
3215 4836 3336 4890 οἶδε·
3371 4843 3462 4891 καὶ
3494 4841 3676 4911 ὥσπερ
3712 4847 3738 4892 ἐ,

2373 4210 2419 4259 εἰ
2447 4210 2623 4276 μέλλει
2644 4213 2721 4270 εἰς
2750 4212 2859 4262 ἴσον
2911 4207 3042 4264 ἰέναι
3063 4215 3139 4282 τῷ
3171 4214 3445 4284 αὐξομένῳ
3473 4217 3558 4267 ὑπ’
3593 4217 3787 4286 αὐτῆς.
3819 4219 3914 4292 Kal

2371 4298 2404 4367 ἢ
2438 4299 2577 4368 ψυχὴ
2601 4299 2749 4352 ἔσται
2775 4303 2831 4352 τὸ
2860 4297 3295 4372 προστιθέμενον,
3322 4303 3352 4372 ἦ
3381 4304 3578 4373 ἄψυχον
3617 4306 3802 4374 σῶμα.
3823 4309 3914 4358 Καὶ

754 4924 913 4985 modo
957 4933 1051 4978 aut
1110 4924 1255 4977 illum
1295 4925 1548 4993 accipiet,
1600 4932 1688 4976 aut
1736 4923 1901 4992 priori
1943 4923 2275 4976 consentiet?

756 5015 1025 5082 quomodo
1051 5030 1172 5069 cum
1193 5015 1375 5069 eodem
1405 5022 1458 5066 et
1484 5026 1651 5065 unum
1676 5011 1804 5080 quid
1840 5011 2027 5065 etﬁciet
2047 5053 2062 5076 ,
2092 5020 2141 5063 et
2174 5012 2271 5064 iis-

754 5104 875 5157 dem
913 5102 967 5158 in
995 5106 1270 5158 sententiis
1315 5101 1653 5172 acquieseet?
1685 5117 1747 5156 ac
1783 5116 1894 5154 non
1941 5103 2122 5172 potius
2157 5111 2275 5154 tan-

751 5207 912 5260 quam
944 5193 1137 5260 bospes
1166 5195 1381 5261 quidam
1409 5203 1462 5248 et
1487 5192 1828 5263 peregrinus,
1864 5208 1982 5260 qua:
2021 5196 2164 5262 prior
2189 5193 2276 5245 ille

754 5287 1009 5344 noverat,
1057 5280 1362 5355 ignorabit:
1393 5289 1446 5337 et
1489 5279 1935 5349 quemadmodum
1995 5282 2050 5332 in
2087 5289 2276 5334 caetera

821 5452 931 5531 (⁸3)
957 5451 1031 5506 Ᾱέ
1058 5453 1219 5531 αὲθτὸν
1248 5452 1343 5517 τῷ-
1369 5453 1426 5508 1d
1449 5469 1516 5531 ea
1532 5452 1742 5508 Plotino
1763 5451 2159 5531 supplevimus_;
2185 5448 2275 5503 οὖν

752 5522 1270 5592 (ιοοὰὀαιυοδαιυῐ,
1311 5537 1377 5592 ex
1420 5522 1606 5577 eodem
1653 5522 2009 5592 espunsimns
2054 5529 2150 5572 :et
2191 5536 2277 5573 sc-

752 5593 934 5660 queuti
967 5590 1125 5660 linea.
1157 5592 1250 5660 ml
1278 5590 1361 5660 οὐ,
1383 5606 1447 5660 es
1467 5592 1653 5660 eodem
1679 5590 2000 5660 addidimus.

770 5655 784 5660 ⁷
822 5656 928 5727 (0!)
951 5659 1058 5712 Kal
1084 5659 1153 5713 ἐκ
1180 5659 1381 5714 τῶνδε.
1408 5658 1543 5715 Ante
1570 5659 1865 5729 legantur,
1896 5658 1987 5712 mi
2015 5655 2174 5727 οζδστςίς
2211 5659 2276 5708 ὲκ

753 5725 936 5785 τῶνδε.
970 5728 1113 5785 nullo
1139 5743 1319 5784 sensu.

922 5765 936 5789 ι
970 5744 1113 5785 nano
1139 5744 1319 5784 δοῦσα.

2380 4924 2535 4989 όγκος
2564 4923 2733 4991 ἡμῶν,
2755 4928 2812 4976 τὸ
2862 4928 2955 4993 μέν
2989 4946 3036 4978 τι
3062 4930 3450 4997 ἀπορρεύσεται
3485 4933 3667 4994 αὑτοῦ,
3700 4937 3760 4984 τὸ
3791 4936 3842 4985 δέ
3871 4951 3908 4981 τι

2382 5012 2809 5082 προσελεύσετ-ιι,
2844 5017 2992 5067 οὐδὲν
3043 5019 3096 5068 δὲ
3151 5011 3308 5069 ἔσται
3351 5022 3409 5068 τὺ
3468 5023 3625 5085 αὐτός
3677 5022 3801 5085 Πῶς
3830 5021 3906 5074 ουκ

2381 5103 2506 5168 ἡμῖν
2533 5105 2587 5151 αἱ
2619 5097 2854 5170 μνῆμαι,
2883 5106 3002 5166 Πῶς
3030 5106 3082 5156 δὲ
3108 5110 3140 5174 ἡ
3169 5107 3363 5172 γνῶσις
3396 5111 3622 5173 οἰκείων,
3671 5112 3906 5163 ouum

2379 5194 2443 5259 τῇ
2493 5193 2626 5261 αὐτῇ
2659 5192 2798 5259 ψυχῇ
2835 5198 3152 5268 χρωμένων,
3209 5199 3316 5247 Καὶ
3372 5198 3469 5264 μὲν
3500 5202 3547 5249 εἰ
3588 5200 3744 5268 σῶμα
3786 5203 3901 5262 ἔστι,

2383 5284 2614 5350 φύσιςδὲ
2647 5287 2888 5354 σώματος
2937 5287 3280 5355 μεριζομένου
3339 5290 3417 5350 εἷς
3476 5291 3656 5354 πλείω,
3702 5295 3901 5346 tum

2588 5453 2744 5507 Forte
2771 5456 2912 5506 ὅσον.

2586 5522 2802 5593 Plutus”
2827 5527 3042 5593 χρόνοις.

2589 5535 2802 5585 motum,
2827 5535 3042 5593 χρόνοις.

2542 5535 2559 5658 ἰ
2592 5592 2657 5641 Τὸ
2687 5591 3152 5656 προστιθέμενον.
3197 5593 3269 5645 Ex
3296 5593 3509 5648 Plotina
3541 5597 3776 5651 additum
3797 5605 3890 5651 ess.

2382 5661 2656 5730 ἐπῆρται
2680 5677 2801 5712 vero
2831 5670 3086 5730 mutatum
3115 5665 3166 5712 is.
3195 5664 3518 5730 ψυχώσι-ται.

2454 5728 2558 5793 (ﬁt?)
2585 5727 2754 5796 Ez’wj.
2787 5730 2864 5782 lts
2895 5728 3107 5792 l'lotin.,
3133 5746 3236 5785 non
3254 5727 3313 5785 δι
3333 5734 3388 5799 ἡ.

2504 5455 2531 5481 ’Ζ

2507 5456 2556 5524 3)

2509 5525 2556 5571 tl

2473 5459 2499 5504 ii

2451 5593 2500 5642 {i‘

2512 5592 2539 5626 ιζ

2510 5626 2518 5634 ρ
