4014 6356
763 490 898 543 1363

1382 489 1648 545 eoseum
1684 455 2336 552 CAESARIENSISﬁPP.
2379 493 2554 550 mas
2594 495 2656 551 ιι.
2697 528 2763 537 -
2797 496 3286 552 Αροιοοετιελ.

3821 500 3934 553 1304

760 602 848 655 illa
875 617 992 656 esse
1017 602 1423 669 pronuntiaret,
1458 604 1559 656 nisi
1583 604 1648 657 ad
1674 621 1839 658 unum
1861 616 1915 661 et
1954 606 2096 660 idem
2116 610 2280 662 omni:

2395 607 2529 661 Εἰδέ
2556 610 2775 673 διεστὼς
2810 610 2963 662 τοῦτο
2991 610 3215 677 γένοιτ-ο,
3269 610 3362 663 καὶ
3406 604 3514 661 οἷον
3560 608 3651 662 ἐπὶ
3687 608 3935 679 γραμμῆς

758 692 1006 746 sensibus
1031 702 1276 760 percepta
1308 692 1685 747 conﬂuerent?
1710 694 1844 751 Illud
1884 699 2139 753 nimirum
2176 708 2297 753 tan-

754 796 917 850 quam
945 792 1185 836 centrum
1216 786 1431 853 aliquod
1466 786 1535 839 sit
1566 797 1807 855 oportet;
1838 804 1946 857 quo
1983 790 2200 859 quidem
2232 807 2297 844 ex

755 872 902 924 omni
949 883 1100 940 parte
1150 888 1378 937 sensus,
1422 876 1577 944 quasi
1622 877 1778 932 linere
1801 878 2141 947 quandamex
2184 891 2297 935 toto

753 961 942 1015 circuli
963 963 1164 1016 ambitu
1190 974 1443 1019 coeuntes
1468 967 1539 1020 ita
1568 969 1892 1035 pertineant,
1926 973 2149 1041 utquod
2177 974 2296 1027 illos

750 1054 982 1120 excipiat
1010 1069 1174 1107 unum
1200 1070 1385 1108 revera
1414 1057 1504 1110 sit.
1541 1056 1677 1111 Nam
1712 1060 1756 1113 si
1782 1060 2049 1115 divulsum
2083 1078 2145 1116 ac
2186 1064 2297 1117 dis-

749 1148 980 1192 tractum
1026 1142 1161 1205 erit,
1228 1156 1289 1196 ac
1343 1146 1490 1198 velut
1545 1145 1599 1198 in
1652 1148 1788 1201 linea
1836 1160 2136 1204 extremum
2180 1152 2297 1221 ejus

750 1241 1036 1300 utrumque
1067 1249 1260 1289 sensus
1298 1236 1669 1304 occupabunt;
1716 1250 1983 1300 sane,aut
2028 1241 2082 1294 in
2127 1256 2294 1297 unum

750 1325 999 1394 idemque
1034 1343 1259 1389 rursus,
1296 1337 1553 1396 tanquam
1589 1329 1643 1382 in
1688 1332 1922 1384 medium
1948 1333 2159 1403 aliquod
2187 1335 2319 1403 ipsi

749 1428 1094 1484 concurrent,
1131 1428 1222 1471 aut
1251 1416 1488 1473 ferentur
1514 1420 1808 1487 aliorsum;
1849 1422 2030 1492 itaque
2064 1426 2291 1479 alterum

746 1506 969 1560 alterius
993 1508 1253 1561 duntaxat
1284 1524 1502 1564 sensum
1544 1512 1795 1576 habebit,
1830 1515 2051 1582 perinde
2086 1526 2143 1568 ut
2168 1531 2291 1570 cum

746 1609 847 1665 ego
868 1596 969 1649 alia
985 1638 998 1661 ,
1020 1606 1076 1649 tu
1100 1598 1335 1652 vicissim
1364 1600 1469 1651 alia
1493 1615 1653 1654 sensu
1684 1602 2114 1670 comprehendis.
2139 1602 2293 1669 Quod

752 1686 800 1737 si
828 1701 991 1738 unum
1025 1687 1075 1740 id
1116 1686 1309 1752 fuerit,
1343 1690 1482 1757 quod
1532 1704 1694 1745 sensu
1734 1693 2027 1762 percipitur
2051 1734 2065 1759 ,
2107 1700 2291 1764 cujus-

745 1777 890 1829 tnodi
919 1778 1097 1831 vultus
1116 1790 1233 1843 est,
1268 1790 1379 1833 tum
1410 1782 1571 1835 etiam
1598 1799 1763 1837 unum
1816 1786 1868 1838 in
1892 1786 2093 1855 aliquid
2135 1789 2289 1842 colli-

745 1876 899 1935 getur
922 1907 935 1931 ,
964 1870 1040 1921 uti
1077 1885 1133 1922 re
1160 1870 1271 1937 ipsa
1324 1870 1435 1924 ﬁeri
1475 1883 1689 1927 constat
1726 1893 1737 1927 :
1766 1891 1887 1944 qua:
1919 1876 2064 1929 enim
2113 1877 2291 1931 cerni-

2398 700 2561 769 ἄμφω
2584 702 2652 752 τὰ
2683 702 2892 773 πέρατα
2943 703 2997 752 αί
3044 699 3317 770 αἰσθήσεις
3377 700 3857 770 προσλαμϐάνοιεν·
3906 700 3931 766 ἢ

2400 788 2773 857 συνδραμεῖται
2804 793 2878 853 εἰς
2896 791 2953 841 ἓν
2983 790 3074 843 καὶ
3121 790 3181 842 τὸ
3212 791 3338 843 αὐτὸ
3363 789 3541 851 πάλιν,
3593 786 3704 841 οἷον
3736 790 3798 840 τὸ
3847 790 3931 855 μὲ-

2398 894 2507 941 σον,
2531 880 2563 949 ἢ
2587 880 2710 931 ἄλλο
2730 881 2981 950 ἑκάτερον
2999 881 3252 951 ἐκατέρου
3271 880 3518 949 αἴσθησιν
3548 881 3677 943 ἕξει,
3694 881 3933 948 ὡσπερὰν

2396 974 2443 1023 εἰ
2476 970 2583 1036 ἐγὼ
2616 972 2711 1039 μὲν
2741 971 2931 1034 ἀλλων,
2962 974 3025 1025 σὺ
3056 972 3112 1024 δὲ
3171 972 3340 1025 ἀλλων
3372 972 3597 1024 αἴσθοιο.
3648 972 3758 1022 Καὶ
3811 973 3854 1021 εἰ
3883 972 3933 1021 ἓν

2396 1060 2481 1129 εἴη
2507 1060 2567 1111 τὸ
2600 1061 2861 1131 αῖσθημα,
2901 1057 3011 1114 οἷον
3039 1062 3343 1133 πρόσωπον,
3372 1064 3452 1124 εἰς
3480 1062 3537 1113 ἓν
3566 1061 3933 1130 συναιρεθήπ-

2393 1166 2504 1210 ται,
2532 1150 2664 1219 ὅπερ
2686 1138 2776 1201 καί
2803 1151 3066 1219 φαίνεται’
3110 1153 3434 1220 συναιρεῖται
3478 1151 3585 1221 γὰρ
3617 1153 3711 1203 καὶ⁵
3741 1153 3801 1200 ὲν
3848 1151 3931 1201 αὺ-

2393 1242 2510 1301 ταῖς
2540 1242 2657 1302 ταῖς
2684 1240 2889 1311 κόραις,
2918 1240 2974 1309 (ἢ
3001 1240 3115 1302 πιῖις
3147 1241 3211 1292 ἂν
3252 1241 3317 1293 τὰ
3352 1241 3579 1309 μέγιστα
3610 1240 3697 1293 διὰ
3720 1238 3935 1291 ταὺτιιν

2392 1328 2628 1399 όρῷτο;)
2655 1329 2813 1393 ὥστε,
2871 1330 2951 1381 ἔτι
2986 1330 3192 1399 μᾶλλον
3243 1331 3322 1392 εἰς
3358 1333 3419 1382 τὸ
3448 1329 3741 1398 ἡγεμονοῦν
3780 1329 3932 1384 ἰόντα.

2392 1396 2498 1471 οίον
2514 1396 2692 1488 ἀμερῆ
2725 1420 2966 1489 νοήματα
2984 1396 3246 1487 εγίνεσθαι.
3283 1421 3393 1472 Καὶ
3602 1419 3803 1489 ἀμερὲς
3828 1418 3937 1469 τοῦ·

2390 1527 2468 1563 το’
2497 1511 2528 1580 ἦ
2562 1512 2774 1581 μεγέθει
2798 1512 2907 1564 ὄντι
2928 1512 3100 1581 τούτῳ
3128 1511 3508 1581 ωμμερίζοιτο
3526 1510 3611 1572 ἀν,
3633 1509 3771 1561 ὥστε
3791 1508 3935 1563 ἄλλον

2391 1600 2548 1652 ἄλλου
2578 1601 2771 1671 μέρους
2795 1599 2925 1670 (72),
2959 1601 3051 1653 καὶ
3082 1601 3278 1670 μηδένα
3303 1601 3456 1670 ἡμῶν
3474 1600 3594 1653 ὅλου
3632 1599 3724 1652 τοῦ
3756 1599 3935 1667 αἰσθη-

2389 1689 2480 1740 τοῦ
2512 1688 2607 1759 τὴν
2638 1688 2915 1758 ἀντίληψιν
2942 1689 3130 1759 ἴσχειν.
3169 1690 3326 1741 Ἀλλά
3354 1689 3463 1757 γὰρ
3490 1691 3548 1742 ἐν
3580 1691 3694 1741 ἐστι
3717 1689 3830 1757 (73)
3883 1692 3933 1738 τὸ

2390 1781 2515 1831 πᾶνο
2544 1778 2659 1842 πῶς
2686 1779 2791 1849 γὰρ
2821 1778 2889 1831 ἂν
2919 1779 3010 1832 καὶ
3036 1779 3320 1849 διαιροῖτο;
3359 1780 3433 1832 Οὐ
3462 1779 3569 1849 γάρ
3596 1779 3659 1848 δὴ
3719 1778 3833 1830 ἴσον
3867 1779 3935 1843 τῖι

2390 1872 2490 1938 ῖσῳ
2515 1868 2832 1939 ἐφαρμόσει,
2852 1868 2932 1920 ὅτι
2955 1868 3054 1921 οὑκ
3105 1871 3217 1920 [σον
3238 1868 3297 1920 τὸ
3318 1868 3613 1937 ἡγεμονοῦν
3656 1870 3820 1921 παντὶ
3866 1873 3935 1919 αἱ·

743 1934 900 2022 mus,
935 1974 995 2012 ea
1038 1934 1319 2028 utramque
1364 1962 1414 2013 in
1469 1963 1722 2029 pupillam
1766 1934 2120 2033 colliguntur,
2156 1966 2280 2035 (qui

2398 1934 2591 2029 ώήτῷ.
2624 1934 2793 2011 ⁷Κατά
2855 1958 3055 2028 πηλίκα
3084 1954 3175 2011 οὖν
3234 1961 3267 2027 ή
3299 1934 3558 2026 διαίρεσις
3592 1958 3739 2025 (74);
3786 1960 3822 2025 ἦ
3868 1962 3936 2017 εἰς

742 2047 883 2099 enim
912 2048 1068 2101 aliter
1105 2064 1199 2116 per
1225 2064 1317 2103 eas
1347 2052 1578 2105 maxima
1617 2068 1843 2121 qumque
1882 2055 2280 2114 cerneremns?j

2392 2049 2623 2100 τοσαῦτα
2654 2049 3071 2120 διαιρεθήσεται.
3106 2048 3332 2101 καθόσον
3352 2049 3416 2101 ἂν
3437 2046 3671 2117 ἀριθμοῦ
3707 2049 3803 2115 ἔχῃ
3835 2048 3934 2111 (75)

742 2136 819 2188 uti
854 2138 1019 2189 multo
1048 2137 1222 2191 adhuc
1246 2140 1416 2207 magis
1461 2140 1757 2209 principem
1801 2143 1855 2195 in
1890 2140 2195 2197 facultatem
2231 2145 2280 2197 il-

2392 2142 2470 2203 εἰς
2496 2138 2762 2192 ποικιλίαν
2807 2138 2868 2191 τὸ
2895 2140 3059 2191 εἰσιὸν
3113 2138 3391 2209 αῖσθημα;
3449 2138 3558 2190 Καὶ
3619 2138 3850 2189 ἕκαστον
3881 2138 3935 2200 δὴ

741 2226 889 2293 lapsa
916 2267 930 2290 ,
960 2227 1247 2281 individua:
1269 2231 1512 2298 quaedam
1539 2232 1786 2285 notiones
1810 2233 2132 2287 efﬁciuntur.
2161 2233 2280 2299 Qua

2390 2232 2609 2283 ἐκείνων
2629 2230 2736 2282 τῶν
2762 2230 2940 2301 μερῶν
2959 2232 3056 2299 τῆς
3086 2230 3261 2301 ψυχῆς
3314 2230 3441 2299 ἀρα,
3472 2231 3563 2281 καὶ
3600 2232 3713 2290 τοῖς
3744 2229 3939 2299 μορίοις

739 2316 954 2382 quidem
984 2316 1209 2373 facultas
1234 2322 1476 2388 partibus
1502 2322 1705 2376 carebit
1729 2325 1840 2393 ipsa
1864 2340 2078 2394 quoque
2104 2344 2115 2376 :
2154 2326 2280 2378 alio-

2389 2319 2551 2373 αὑτοῦ
2584 2320 2895 2389 αἰσθήσεται
2924 2320 3055 2390 (76).
3088 2321 3157 2372 Ἦ
3205 2320 3500 2389 ἀναίσθητα
3538 2320 3650 2388 (77)
3681 2320 3750 2370 τὰ

739 2406 832 2473 qni
858 2408 903 2461 si
930 2410 1241 2476 magnitudo
1268 2412 1513 2479 quedam
1543 2420 1723 2477 esset,
1751 2428 1855 2465 una
1898 2429 2019 2467 cum
2056 2416 2144 2469 illa
2185 2430 2286 2469 no-

740 2497 913 2550 tiones
947 2498 1074 2567 ipsa
1095 2498 1499 2554 dividerentur:
1535 2514 1696 2569 atque
1739 2504 1813 2556 ita
1854 2514 2057 2572 partem
2089 2505 2285 2559 dunta-

743 2596 835 2639 xat
866 2588 1003 2642 alius
1028 2588 1185 2642 aliam
1208 2628 1224 2653 ,
1257 2599 1427 2644 totum
1465 2591 1515 2644 id
1550 2594 1692 2660 quod
1720 2595 1967 2647 sensibus
1995 2595 2246 2663 objicitur
2267 2638 2281 2659 ,

740 2692 900 2732 nemo
954 2682 1269 2749 perciperet.
1312 2683 1379 2734 At
1422 2683 1695 2737 enimvero
1731 2700 1896 2737 unum
1946 2687 2072 2753 quid
2116 2698 2281 2740 totum

738 2779 851 2835 est;
883 2773 1151 2840 quomodo
1182 2772 1323 2825 enim
1360 2773 1512 2825 aliter
1542 2773 2041 2828 divideretur?Non
2067 2777 2139 2829 ita
2163 2779 2283 2846 qui-

736 2864 856 2918 dem
879 2905 892 2928 ,
929 2873 987 2915 ut
1012 2878 1134 2917 cum
1165 2864 1358 2932 aequali
1388 2864 1592 2933 aequale
1619 2876 1881 2933 congruat
1902 2908 1914 2929 ,
1947 2881 2067 2919 cum
2094 2870 2173 2921 vis
2192 2868 2280 2921 illa

737 2954 993 3022 princeps
1027 2952 1143 3020 ejus
1165 2954 1343 3007 omnis
1367 2955 1476 3017 rei,
1506 2970 1627 3023 qua!
1666 2971 1823 3009 sensu
1867 2957 2276 3025 comprehendi-

733 3054 854 3110 tur,
878 3044 1102 3113 :equalis
1124 3059 1229 3097 non
1262 3045 1349 3103 sit.
1378 3044 1520 3109 Quot
1562 3047 1724 3114 igitur
1761 3046 1812 3098 in
1866 3055 2044 3113 partes
2096 3045 2276 3099 futura

732 3143 815 3189 est
843 3136 942 3188 ista
975 3134 1201 3189 divisio?
1235 3133 1426 3189 Utrum
1456 3136 1511 3188 in
1564 3135 1816 3201 totidem,
1870 3146 2003 3201 quot
2052 3151 2275 3190 numero

2384 2410 2492 2463 τῶν
2524 2376 2740 2481 μορίων⁵
2782 2376 2965 2475 genae;
3016 2376 3175 2461 ίΑλλά
3226 2376 3502 2462 ἀδύνατον.
3544 2376 3645 2461 ‘Ei'
3669 2409 3729 2459 δὲ

2386 2502 2581 2564 παντὸς
2602 2502 2935 2570 αἰσθήσεται,
2960 2503 3039 2563 εἰς
3063 2502 3260 2571 ἄπειρα
3299 2498 3616 2570 διαιρεῖσθαι
3652 2498 3749 2550 τοῦ
3783 2500 3937 2567 μεγέ-

2384 2591 2506 2654 θους
2536 2593 2849 2660 πεφυκότος,
2873 2592 3127 2660 ἀπείρους
3151 2591 3243 2642 καὶ
3274 2589 3547 2659 αἰσθήσεις
3568 2590 3690 2641 καθ’
3717 2589 3935 2641 ἕκαστον

2382 2683 2632 2752 αἰσθητὸν
2668 2682 2997 2753 συμϐήσεται
3033 2680 3270 2749 γίνεσθαι
3322 2680 3532 2749 ἑκάστῳ
3572 2674 3685 2731 οἷον
3714 2678 3810 2731 τοῦ
3845 2680 3934 2730 αὖ·

2382 2771 2471 2823 τοῦ
2505 2772 2758 2841 ἀπείρους
2780 2773 2835 2823 ὲν
2870 2770 2949 2840 τῷ
2997 2769 3347 2840 ήγεμονοῦντι
3375 2767 3527 2838 ήμῶν
3566 2770 3803 2830 εἰκόνας.
3836 2768 3934 2818 Καὶ

2384 2864 2489 2933 μὴν
2524 2862 2765 2932 σώματος
2791 2864 2937 2926 ὄντος
2973 2863 3065 2916 τοῦ
3099 2861 3511 2931 αἰσθανομένου,
3563 2862 3663 2911 οὐκ
3706 2860 3774 2911 ἂν

2377 2956 2560 3024 τρόπῳ
2582 2955 2786 3021 γένοιτο
2814 2955 2874 3005 τὸ
2902 2952 3264 3015 αἰσθάνεσθαι,
3297 2953 3329 3022 ἢ
3380 2947 3486 3004 οἷον
3513 2953 3568 3002 ὲν
3602 2950 3761 3020 κηρῷ
3788 2954 3937 3013 ἐνση-

2380 3044 2659 3114 μαίνεσθαι
2710 3045 2816 3097 ἀπὸ
2873 3044 3166 3097 δακτυλίων
3232 3043 3540 3114 σφραγῖδες,
3596 3042 3693 3093 εἰτ’
3736 3037 3832 3091 οὖν
3866 3041 3937 3097 εἰς

2374 3130 2527 3203 αἷμα,
2562 3134 2657 3185 εἴτ’
2686 3129 2776 3185 οὖν
2802 3135 2878 3196 εἰς
2907 3134 3043 3202 ἀέρα
3073 3132 3181 3184 τῶν
3230 3131 3573 3200 αἰσθημάτων
3620 3132 3932 3199 ἐνσημαινό-

731 3225 911 3278 varias
931 3265 946 3288 ,
968 3239 1054 3278 res
1080 3240 1241 3279 sensu
1278 3233 1529 3293 percepta
1556 3234 1611 3278 et
1639 3226 1825 3293 illapsa
1856 3225 2272 3294 complectetur?

2383 3225 2568 3294 μένων.
2596 3225 2658 3277 Εἰ
2694 3225 2791 3293 μὲν
2815 3220 2906 3277 οὖν
2930 3225 3003 3287 ὡς
3029 3226 3085 3275 ὲν
3140 3222 3382 3293 σώμασιν
3420 3222 3598 3289 ὑγροῖς
3619 3260 3633 3282 ,
3673 3221 3820 3288 ὅπερ
3849 3213 3937 3271 καὶ

731 3314 871 3383 Ergo
900 3316 1128 3383 partium
1146 3316 1308 3384 830
1333 3315 1543 3367 illarum
1574 3316 1826 3382 quml’tbet
1858 3316 1909 3367 in
1940 3316 2121 3371 animo
2146 3332 2273 3385 quo-

729 3420 834 3472 que
866 3403 1042 3457 futura
1071 3413 1184 3465 est,
1223 3404 1442 3471 ipseque
1473 3401 1608 3455 adeo
1640 3418 1733 3469 per
1760 3404 1972 3457 easdem
1999 3404 2116 3470 ejus
2149 3419 2275 3471 par-

730 3496 925 3548 ticulas
945 3494 1159 3547 sentiet.
1194 3493 1274 3546 An
1311 3492 1448 3547 forte
1477 3494 1709 3561 partium
1741 3494 1965 3547 istarum
2002 3494 2275 3562 particula:

732 3602 891 3641 sensu
917 3587 1209 3639 carebunt?
1230 3584 1370 3637 Fieri
1395 3601 1500 3639 non
1523 3596 1714 3655 potest.
1731 3584 1882 3651 Quod
1916 3588 1956 3639 si
1983 3602 2107 3655 pars
2129 3603 2276 3655 quie-

733 3674 857 3725 libet
877 3675 1014 3726 nihil
1043 3688 1148 3727 non
1204 3676 1401 3728 sentire
1430 3684 1610 3743 queat,
1640 3675 2080 3728 cuminﬁnitasin
2095 3684 2272 3742 partes

732 3774 921 3831 suapte
946 3774 1135 3817 natura
1167 3766 1328 3817 dividi
1357 3766 1667 3834 magnitudo
1701 3766 1905 3833 possit,
1951 3773 2003 3817 et
2036 3765 2270 3817 inﬁnitos

728 3856 993 3921 cujusque
1020 3870 1242 3917 sensus,
1274 3855 1415 3907 circa
1466 3871 1576 3907 rem
1622 3856 1915 3921 quamlibet
1966 3855 2146 3911 scnsui
2176 3854 2270 3907 ob-

729 3948 946 3999 noxiam
975 3946 1176 3998 versari
1210 3946 1506 4013 oportebit,
1532 3954 1585 3999 et
1616 3946 1667 3997 in
1702 3946 1939 4012 principe
1976 3956 2159 3997 nostra
2185 3946 2265 3997 fa-

2379 3314 2616 3383 εῠλογον,
2648 3316 2833 3388 ὥσπερ
2888 3318 2967 3379 εἰς
3018 3316 3179 3387 ὕδωρ,
3230 3313 3643 3385 συγχυθήσεται.
3706 3314 3808 3365 καὶ
3844 3314 3932 3363 οὐκ

2380 3408 2528 3460 ἔσται
2557 3409 2760 3478 μνήμη⁰
2790 3411 2837 3461 εί
2884 3408 2928 3459 δ’
2951 3407 3272 3478 ἐμμενοῦσιν
3296 3408 3345 3459 οἰ
3382 3405 3558 3467 τύποι,
3593 3406 3626 3473 ἢ
3662 3405 3769 3455 οὐκ
3796 3405 3933 3454 ἐστιν

2380 3498 2569 3559 ἄλλους
2592 3498 3022 3567 ἐνσημαίνεσθαι,
3054 3497 3271 3549 ἐκείνων
3298 3496 3649 3563 κατεχόντων,
3680 3493 3831 3572 ὥστε
3852 3492 3930 3541 ἀλ-

2382 3588 2468 3639 λαι
2528 3589 2804 3657 αἰσθήσεις
2843 3589 2941 3640 οὐκ
3014 3588 3240 3639 ἐσονται’
3293 3586 3348 3656 ἢ,
3396 3586 3687 3653 γινομένων
3738 3584 3927 3641 ἄλλων,

2381 3677 2573 3728 ἐκεῖνοι
2605 3678 2653 3726 οἰ
2683 3677 2943 3746 πρότερον
2969 3676 3309 3740 ἀπολοῦνται,
3333 3675 3475 3726 ὥστε
3491 3672 3637 3725 οὐδὲν
3691 3672 3851 3723 ἔσται
3874 3672 3933 3719 τὸ

2380 3766 2748 3837 μνημονεύειν.
2784 3766 2845 3817 Εἰ
2872 3766 2925 3817 δέ
2960 3768 3073 3817 ἐστι
3125 3766 3185 3817 τὸ
3220 3764 3587 3835 μνημονεύειν,
3632 3762 3727 3813 καὶ
3764 3760 3929 3811 ἄλλων

2375 3854 2714 3909 αἰσθάνεσθαι
2778 3856 2863 3905 ἐπ’
2912 3855 3122 3917 ἄλλοις,
3185 3856 3283 3906 οὐκ
3358 3850 3762 3921 ἐμποδιζόντων
3828 3849 3930 3899 τῶν.

2373 3945 2622 4016 πρόσθεν,
2665 3944 2917 3997 ἀδύνατον
2936 3945 3031 4013 τὴν
3051 3944 3224 4013 ψυχὴν
3252 3941 3409 4011 σῶμα
3437 3938 3589 3993 εἷναι.

727 4038 923 4091 cultate
953 4039 1027 4091 rei
1053 4036 1291 4104 ejusdem
1316 4036 1573 4103 imagines
1603 4050 1721 4088 esse
1754 4051 1975 4103 prorsus
2003 4036 2257 4089 inﬁnitas.
2295 4037 2372 4088 Ad
2404 4041 2513 4090 hac
2534 4078 2549 4101 ,
2602 4036 2645 4090 si
2670 4051 2863 4104 corpus
2927 4035 3055 4088 illud
3111 4042 3194 4087 est
3219 4033 3360 4100 quod
3404 4031 3636 4095 sentiat,
3668 4045 3783 4083 non
3837 4030 3925 4081 ali-

729 4134 809 4181 ter
835 4129 1101 4183 sentiendi
1125 4127 1425 4197 perﬁcietur
1472 4130 1649 4193 actio,
1705 4142 1867 4195 quam
1917 4127 1991 4179 uti
2029 4143 2149 4181 cera
2202 4129 2475 4197 impressis
2534 4128 2854 4181 annulorum
2909 4125 3090 4195 ﬁguris
3112 4125 3475 4194 consignatur,
3530 4131 3622 4177 aut
3665 4124 3921 4191 sanguine

729 4216 813 4268 vel
840 4232 980 4281 aere,
1006 4233 1125 4284 qua:
1171 4233 1361 4271 sensus
1392 4219 1505 4285 ipse
1561 4218 1821 4287 percipit,
1856 4216 2229 4275 informantur.
2289 4218 2353 4271 Et
2390 4219 2603 4287 quidem
2632 4218 2709 4283 si,
2736 4218 2879 4286 quod
2930 4218 3114 4285 utique
3167 4223 3583 4270 consentaneum
3632 4224 3752 4277 est,
3805 4222 3919 4266 tan-

728 4322 889 4375 quam
958 4310 1191 4363 homidis
1256 4310 1308 4362 in
1355 4311 1703 4378 corporibus,
1742 4320 1800 4362 ut
1842 4320 1924 4363 est
1967 4325 2137 4379 aqua,
2179 4311 2596 4377 perturbabitur,
2655 4311 2908 4378 nullaque
2964 4310 3073 4378 jam
3137 4309 3238 4362 erit
3279 4306 3556 4360 memoria.
3598 4303 3695 4357 Sin
3745 4304 3919 4373 ﬁgure

728 4402 830 4456 illae
858 4403 1245 4471 permanebunt
1280 4423 1291 4455 ε
1325 4414 1417 4457 aut
1451 4405 1693 4473 quandiu
1737 4405 1887 4457 locus
1930 4419 1960 4458 a
1997 4405 2269 4473 prioribus
2305 4406 2688 4472 occupabitur.
2742 4404 3021 4457 informari
3079 4403 3195 4457 alia:
3250 4401 3407 4455 nulla:
3437 4407 3731 4469 poterunt,
3767 4408 3916 4465 atque

728 4498 798 4549 ita
831 4511 1090 4549 sensuum
1117 4496 1246 4548 alia:
1298 4498 1549 4551 tollentur
1602 4498 1874 4562 actiones;
1909 4502 2012 4567 [aut
2066 4498 2185 4551 aliis
2222 4500 2661 4563 succedentibus,
2720 4498 3037 4551 delebuntur
3096 4498 3302 4565 priores
3343 4497 3475 4559 illae,
3511 4492 3697 4559 sicque
3723 4506 3919 4543 memo-

730 4591 808 4641 ria
841 4590 981 4641 nulla
1011 4588 1357 4655 relinquetur.
1390 4590 1541 4652 Quod
1568 4592 1611 4644 si
1667 4600 1720 4643 et
1770 4590 2039 4642 recordari
2113 4604 2401 4656 possumus
2425 4629 2439 4651 ,
2500 4599 2551 4643 et
2577 4590 2817 4641 vicissim
2850 4589 2954 4640 alia
3012 4589 3231 4641 sentire
3261 4596 3382 4655 post
3412 4587 3514 4639 alia
3537 4626 3552 4649 ,
3598 4602 3701 4639 nec
3726 4601 3759 4638 a
3783 4583 3913 4652 prio-

724 4680 874 4731 ribus
902 4678 1265 4746 impedimenti
1294 4680 1586 4746 quidquam
1618 4681 1895 4749 objicitur;
1916 4695 2111 4749 corpus
2131 4694 2248 4734 esse
2286 4682 2499 4733 animus
2542 4680 2688 4732 nullo
2726 4679 2887 4732 modo
2908 4687 3102 4745 potest.

805 4790 821 4819 ι
857 4770 1122 4824 Caeterum
1159 4772 1209 4823 id
1248 4771 1426 4838 ipsum
1458 4771 1661 4827 doloris
1691 4790 1752 4828 ex
1802 4792 1963 4830 sensu
1994 4775 2271 4829 manifeste

2450 4795 2467 4825 ι
2512 4774 2635 4826 Ἱδοι
2659 4774 2703 4825 δ’
2724 4774 2787 4824 ἄν
2814 4790 2895 4834 τις
2914 4774 3006 4824 καὶ
3027 4775 3089 4824 ὲκ
3108 4773 3205 4841 τῆς
3218 4772 3309 4823 τοῦ
3336 4772 3517 4839 ἀλγεῖν
3538 4771 3837 4839 αἰσθήσεως
3861 4770 3911 4819 τὸ

725 4859 901 4925 quivis
925 4862 1204 4930 intelligat.
1236 4862 1369 4915 Nam
1401 4877 1524 4915 cum
1548 4863 1911 4932 digitodolere
1944 4868 2108 4921 homo
2128 4867 2266 4919 dici-

726 4961 813 5001 tur
832 4988 845 5009 ,
875 4951 1025 5004 dolor
1052 4955 1265 5019 quidem
1304 4956 1471 5008 bzeret
1496 4954 1549 5005 in
1578 4955 1773 5023 digito,
1802 4968 1857 5011 at
1886 4960 2087 5014 doloris
2126 4959 2268 5011 illius

726 5056 942 5093 sensum
970 5041 1020 5093 in
1069 5047 1310 5113 principe
1370 5046 1604 5099 hominis
1654 5045 1903 5103 facultate
1940 5051 2152 5116 haberi,
2186 5050 2270 5103 vel

726 5131 876 5197 ipsos
910 5131 1072 5183 etiam
1101 5134 1447 5190 confessuros
1479 5152 1595 5191 esse
1625 5137 1810 5205 liquet.
1864 5138 1968 5204 lla,
2008 5142 2133 5195 dum
2164 5141 2265 5193 alia

795 5302 1385 5380 (ἹῇιξΑτιλον-ᾘᾷλλρυ
1422 5310 1655 5376 μέρους.
1711 5308 1873 5363 Recte
1921 5329 1929 5361 :
1986 5327 2260 5380 perperam

724 5373 863 5448 apud
894 5372 1109 5450 Plotin.,
1138 5372 1261 5450 ἀλλο
1294 5372 1448 5450 ἄλλου
1480 5372 1657 5450 μέρος,
1687 5372 2263 5450 quze_lectio'Ficinnm

726 5444 779 5491 in
816 5455 1049 5513 errorem
1099 5444 1322 5496 indunt.
1379 5444 1561 5501 Vertit-
1586 5444 1759 5501 enim:
1797 5447 1976 5513 Itaque
2004 5468 2121 5512 pars
2152 5451 2261 5502 alia

722 5511 905 5560 sentiet
945 5511 1126 5571 aliam,
1158 5514 1385 5582 nihilque
1419 5518 1472 5566 in
1513 5519 1660 5569 nobis
1700 5511 2015 5569 sentiendum
2055 5536 2158 5572 rem
2194 5531 2265 5570 to-

726 5586 833 5656 tam
857 5584 1143 5656 percipiet.
1184 5580 1280 5636 Ubi
1301 5580 1472 5637 etiam
1508 5602 1604 5654 pro
1635 5587 1851 5656 μηδένα,
1881 5590 2022 5654 quod
2059 5600 2261 5643 rectum

722 5648 979 5720 est,_l_egit
1015 5648 1193 5720 μηδέν.

722 5715 927 5833 “15(33):
942 5715 1051 5772 Ἕκ
1076 5715 1227 5773 tm.
1272 5719 1433 5775 Recte
1454 5765 1468 5787 ,
1504 5734 1565 5777 ut
1608 5724 1824 5787 Plotin.,
1858 5740 1995 5790 non,
2026 5734 2085 5781 nt
2111 5736 2259 5793 ante,

752 5799 914 5835 νεστι.

793 5856 901 5923 (76)
945 5857 1001 5910 Ἠ
1026 5858 1335 5927 διαίρεσις
1452 5861 1701 5920 Additum
1729 5877 1793 5919 ex
1822 5862 2048 5920 leino.

2374 4867 2502 4919 αὐτὸ
2528 4864 2697 4917 τοῦτο.
2728 4866 2893 4917 Ὅταν
2925 4852 3181 4916 δάκτυλον
3213 4862 3432 4929 λέγηται
3479 4862 3657 4927 ἀλγεῖν
3717 4861 3908 4929 ἀνθρω-

2375 4972 2489 5017 πος,
2522 4956 2553 5024 ἡ
2588 4955 2691 5023 μὲν
2714 4955 2871 5023 ὀδύνη
2918 4955 3043 5022 περὶ
3072 4954 3163 5005 τὸν
3208 4952 3463 5004 δάκτυλον
3491 4951 3774 5019 δήπουθεν,
3803 4954 3833 5019 ή
3862 4951 3908 5001 δὲ

2373 5044 2613 5113 αἴσθησις
2643 5044 2736 5095 τοῦ
2779 5043 2978 5110 ἀλγεῖν,
3013 5042 3167 5113 δῆλον
3220 5044 3298 5096 ὅτι
3356 5041 3795 5111 ὁμολογήσουσιν,
3842 5041 3905 5099 ὡς

2378 5134 2506 5202 περὶ
2527 5133 2587 5183 τὸ
2619 5129 2913 5199 ήγεμονοῦν
2942 5131 3166 5196 γίνεται.
3199 5129 3391 5181 ’Δλλου
3434 5127 3497 5197 δὴ
3528 5128 3677 5189 ὄντος
3699 5127 3789 5178 τοῦ

2442 5310 2551 5377 (75)
2586 5308 2843 5375 Ἀραὶμοῦ
2872 5307 3004 5373 ἔχῃ.
3049 5305 3112 5359 Et
3153 5306 3289 5359 hanc
3320 5306 3600 5377 desperato
3635 5304 3897 5377 locome-

2366 5372 2597 5432 dicina'm
2635 5372 3075 5441 'Plotinusl'ecit,
3107 5392 3228 5431 cum
3262 5386 3384 5430 ante
3423 5376 3635 5445 ἄριστον
3676 5375 3745 5441 χῇ
3777 5372 3897 5437 lege-

2369 5460 2531 5501 retur.

2440 5516 2561 5589 (76),
2588 5518 2691 5589 Καὶ
2729 5517 2849 5583 τοῖς
2891 5517 3141 5589 μορίοις-
3160 5514 3340 5589 αὐτοῦ
3379 5508 3891 5589 αἰσθήσεταιῇϐῡῐ·

2370 5578 2847 5655 ῐυριοιθεεὺθιυιί,
2879 5578 2979 5639 καῖ
2998 5588 3045 5638 εί
3076 5578 3416 5655 τῶνλιορίων
3435 5579 3596 5634 αὑτοῦ
3628 5578 3834 5651 αἰσθήσ.

2442 5653 2551 5725 (⁷7)
2579 5653 2645 5711 Ἡ
2668 5658 3013 5723 ἀναίσθητα,
3045 5666 3146 5725 etc.
3181 5653 3542 5725 Totam_l_ianc
3570 5657 3887 5725 sententiam.

2371 5716 2544 5793 usque
2590 5727 2655 5779 ad
2711 5716 2935 5797 alterum
2979 5724 3315 5797 αἰσθήσεται,
3369 5716 3885 5797 Ριοιίηοηόεδεφιιε.

2367 5784 2532 5863 quam
2571 5798 2721 5864 prius
2749 5794 3066 5863 αἰσθήσεται
3096 5784 3437 5848 librariorum
3488 5787 3660 5841 oculis
3704 5784 3882 5838 subdu-

2363 5874 2531 5920 lerat.
