3958 6338
77 487 210 544 I365

1205 500 1512 554 PRrEPAR.
1543 502 1784 560 EVANG.
1829 506 1950 559 LIB.
1996 505 2106 559 XV.

3107 488 3236 571 isse

67 606 282 668 νοῦντος
315 610 525 678 μέρους,
555 611 644 663 τοῦ
682 614 978 683 πνεύματις
1000 616 1056 667 τὸ
1078 617 1369 686 ἡγεμονοῦν
1420 617 1598 670 αἰσθά-

1705 623 1945 689 ᾳυεεύσηι
1975 639 2099 693 pars
2125 623 2352 688 laborat,
2383 621 2540 676 sentit
2570 620 2768 675 interea
2793 622 3011 690 spiritus
3044 625 3121 678 vis
3148 626 3236 680 illa

66 712 238 757 νεται,
273 701 360 749 καὶ
385 700 477 767 ὅλη
512 700 652 769 ψυχή
683 702 739 753 τὸ
793 705 920 757 αὐτὸ
956 707 1162 774 πάσχει.
1196 707 1314 767 Πῶς
1342 703 1431 758 οῦν
1457 707 1611 759 τοῦτο

67 785 379 852 συμϐαίνεις
413 789 665 852 Διαδόσει,
692 793 938 859 φήσουσι,
975 795 1229 855 παθόντος
1269 796 1362 863 μὲν
1385 796 1611 864 πρώτως

63 877 159 929 τοῦ
185 881 310 950 περὶ
342 883 428 933 τὸν
466 883 716 935 δάκτυλον
740 884 966 953 ψυχικοῦ
1000 886 1318 955 πνεύματος,
1358 887 1608 957 μεταδόν-

63 985 156 1031 τος
179 969 236 1022 δὲ
267 971 569 1040 τῷὲιρεξῆς,
620 975 707 1025 καὶ
735 975 920 1026 τούτου
965 974 1124 1045 ἄλλῳ,
1155 976 1258 1038 ἓως
1304 971 1363 1029 οὗ
1387 978 1520 1046 πρὸς
1549 978 1610 1028 τὸ

65 1060 362 1128 ἡγεμονοῦν
409 1063 665 1127 ἀφίκοιτο.
709 1064 938 1133 Ἀνάγκη
985 1067 1157 1117 τοίνυν
1202 1068 1251 1118 εἰ
1297 1067 1355 1118 τὸ
1398 1067 1608 1136 πρῶτον

66 1148 232 1199 πόνου
263 1149 470 1217 ᾐσθετο,
490 1151 648 1218 ἄλλην
667 1152 763 1221 τὴν
790 1153 1033 1223 αἴσθησιν
1059 1153 1150 1205 τοῦ
1173 1154 1420 1223 δευτέρου
1451 1150 1604 1216 εἶναι,

67 1240 116 1288 εἰ
142 1237 281 1288 κατὰ
299 1237 525 1289 διάδοσιν
571 1242 602 1308 ή
631 1241 897 1311 αἴσθησις,
955 1245 1046 1294 καὶ
1083 1243 1176 1295 τοῦ
1229 1245 1407 1312 τρίτου
1432 1260 1494 1310 γε
1518 1244 1609 1297 ἆλ-

64 1327 187 1395 λην,
213 1327 303 1378 καὶ
353 1327 546 1391 πολλὰς
574 1331 844 1399 αξσθήσεις
898 1333 988 1384 καὶ
1028 1334 1282 1402 ἀπείρους
1330 1335 1454 1404 περὶ
1490 1335 1606 1397 ἑνὸς

65 1417 374 1486 ἀλγήματος
398 1419 656 1485 γίνεσθαι,
702 1421 1009 1473 καὶτούτων
1040 1421 1260 1474 ἀπασῶν
1305 1423 1362 1473 τό
1389 1423 1608 1491 ὕστερον

64 1507 127 1558 τὸ
159 1508 453 1579 ἡγεμονοῦν
487 1509 595 1578 (78)
625 1509 985 1574 αἰσθάνεσθαι,
1017 1513 1107 1564 καὶ
1131 1511 1229 1580 τῆς
1251 1510 1438 1563 ἑαυτοῦ
1461 1510 1608 1581 παρὰ

63 1595 284 1660 ταύτας.
319 1597 391 1650 Τὸ
417 1598 472 1650 δὲ
504 1599 710 1668 ἀληθὲς,
742 1600 970 1668 ἑκάστην
1003 1600 1218 1652 ἐκείνων
1244 1601 1317 1669 μὴ
1345 1600 1434 1653 τοῦ
1457 1605 1511 1654 ὲν
1533 1602 1608 1671 τῷ

61 1689 310 1758 δακτύλῳ
339 1690 662 1760 ἀλγήματος·
701 1691 829 1744 ἀλλὰ
885 1694 980 1761 τὴν
1033 1693 1128 1761 μὲν
1157 1691 1346 1760 ἑφεξῆς
1377 1693 1484 1760 (79)
1531 1693 1606 1762 τῷ

63 1782 330 1850 δακτύλῳ,
355 1784 432 1835 δτι
459 1784 485 1834 ὁ
506 1785 697 1853 ταρσὸς
735 1785 907 1850 ἀλγεῖ,
932 1785 1027 1854 τὴν
1068 1786 1123 1838 δὲ
1153 1786 1358 1855 τρίτην,
1381 1785 1460 1836 δτι
1485 1784 1607 1838 ἄλλο

63 1872 124 1923 τὺ
156 1873 290 1942 πρὸς
309 1873 368 1924 τὸ
394 1874 610 1936 ἄνωθεν,
644 1874 734 1926 καὶ
789 1874 984 1934 πολλὰς
1036 1871 1171 1927 εἶναι
1199 1875 1510 1942 ἀλγηδόνας.
1546 1875 1604 1925 τό

1713 712 1991 780 princeps,
2024 713 2268 781 idemque
2305 713 2502 780 patitur
2538 711 2750 764 animus
2804 712 2916 779 ipse
2967 722 3127 767 totus.
3166 713 3236 766 'ld

1711 815 1838 868 ergo
1871 801 2318 869 quemadmodum
2344 799 2555 854 evenit?
2582 799 2963 868 PrOpagatione
2982 802 3233 867 quadam,

1709 891 1951 960 inquient
1972 935 1986 958 ,
2015 895 2141 946 dum
2178 892 2426 946 animalis
2445 891 2677 958 primum
2709 890 2856 958 digiti
2885 891 3104 958 spiritus
3139 893 3236 944 do-

1706 979 1808 1041 let,
1840 995 1961 1033 mox
1985 995 2141 1033 suum
2174 979 2316 1032 hunc
2340 979 2575 1032 dolorem
2601 993 2720 1032 cum
2746 987 2997 1045 sequente
3027 1016 3038 1038 ,
3086 978 3237 1046 isque

1705 1068 1952 1136 deinceps
1979 1083 2098 1122 cum
2135 1069 2240 1121 alio
2297 1068 2689 1128 communicat,
2728 1067 2897 1121 donec
2945 1068 3233 1135 principem

1705 1157 1769 1211 ad
1801 1157 2100 1211 facultatem
2138 1171 2305 1226 usque
2334 1158 2654 1226 pervenerit.
2683 1155 2908 1212 Necesse
2928 1157 3083 1227 igitur
3111 1168 3188 1211 est
3213 1196 3228 1218 ,

1706 1247 1750 1300 si
1785 1262 1906 1315 pars
1957 1246 2045 1300 illa
2091 1247 2263 1316 prima
2292 1246 2528 1300 dolorem
2574 1249 2816 1309 senserit,
2858 1248 2932 1300 uti
2973 1248 3108 1300 alius
3153 1261 3237 1301 se-

1705 1337 1890 1390 cunda:
1927 1351 2116 1391 sensus
2140 1335 2401 1401 exsistat,
2434 1337 2477 1388 si
2503 1335 2661 1389 modo
2693 1336 3072 1405 prepagatione
3115 1352 3236 1390 sen-

1706 1442 1799 1480 sus
1831 1427 1929 1479 iste
1955 1426 2042 1481 ﬁet
2063 1468 2076 1490 ,
2112 1429 2344 1496 itemque
2369 1426 2506 1479 alius
2555 1425 2724 1478 tertiae
2748 1466 2762 1489 ,
2806 1425 3046 1493 adeoque
3091 1441 3236 1479 corn-

1705 1514 1886 1581 plures
1913 1521 1966 1567 et
2000 1513 2193 1567 inliniti
2235 1514 2450 1582 quidam
2474 1529 2537 1566 ex
2585 1528 2692 1567 uno
2733 1515 3021 1582 eodemque
3056 1514 3235 1568 dolore

1705 1616 1895 1658 sensus
1922 1605 2195 1668 oriantur,
2227 1620 2361 1674 quos
2392 1606 2582 1660 deinde
2605 1622 2791 1661 omnes
2828 1609 3068 1676 princeps
3110 1623 3235 1661 con-

1705 1699 1958 1758 sequatur
1993 1689 2215 1745 facultas
2237 1733 2249 1753 ,
2273 1706 2392 1760 qua:
2439 1707 2594 1746 suum
2627 1702 2819 1760 praeter
2851 1692 2968 1746 illos
3024 1694 3235 1762 pr0prie

1705 1779 1978 1847 percipiat.
2011 1778 2098 1832 Sic
2131 1780 2368 1848 quidem,
2403 1792 2460 1833 ut
2489 1795 2676 1834 eorum
2708 1783 2930 1850 quilibet
2959 1798 3061 1834 non
3093 1783 3232 1836 illius

1706 1883 1829 1921 vere
1855 1868 1924 1922 sit
1952 1869 2153 1923 doloris
2177 1911 2190 1933 ,
2223 1886 2382 1939 quem
2417 1869 2615 1940 digitus
2647 1873 2872 1933 sentiat;
2899 1873 2989 1926 sed
3018 1881 3073 1926 ut
3102 1873 3233 1940 digi—

60 1977 121 2012 τε
158 1963 451 2031 ἡγεμονοῦν
476 1963 547 2033 μὴ
578 1963 667 2015 τοῦ
727 1965 858 2032 πρὸς
884 1964 959 2032 τῷ
1010 1965 1252 2034 δακτύλῳ
1297 1965 1598 2034 ἀλγήματος

1705 1966 1816 2010 tum
1842 1956 2085 2026 proxime
2108 1973 2446 2028 consequens
2466 1997 2480 2021 ,
2515 1959 2706 2027 palmae
2725 2000 2739 2024 ,
2767 1960 3059 2028 tertiusque
3086 1961 3236 2013 simi-

61 2053 432 2115 αἰσθάνεσθαι,
475 2053 607 2108 ἀλλὰ
656 2053 747 2106 τοῦ
781 2055 912 2124 πρὸς
943 2054 1104 2123 αὐτῷ,
1153 2057 1243 2107 καὶ
1270 2053 1424 2108 τοῦτο
1450 2053 1602 2121 γινώ-

63 2159 218 2194 σκειν
250 2144 421 2212 μόνον,
447 2145 510 2196 τὰ
536 2145 578 2196 δ’
607 2144 735 2196 ἄλλα
757 2147 960 2214 χαίρειν
988 2149 1099 2216 ὲᾷν,
1121 2146 1194 2214 μή
1223 2145 1594 2214 ἐπιστάμενον,

59 2229 144 2280 ὅτι
175 2230 328 2297 ἀλγεῖ
355 2231 382 2281 ὁ
407 2231 678 2294 δάκτυλος.
710 2232 767 2283 ΕΞ
799 2233 968 2285 τοίνυν
1015 2233 1152 2285 κατὰ
1199 2233 1445 2295 διάδοσιν,
1500 2233 1596 2302 τὴν

65 2319 316 2390 αἴσθησιν
371 2323 464 2391 οὐχ
504 2317 610 2374 οἷόν
655 2340 712 2374 τε
760 2341 852 2375 του
908 2325 1141 2376 τοιούτου
1182 2325 1441 2392 γίνεσθαι,
1474 2323 1605 2392 μηδὲ

64 2409 316 2479 σώματος
376 2412 535 2480 δγκου
589 2414 756 2476 δντος,
788 2415 942 2466 ἄλλου
975 2417 1252 2479 παθόντος,
1305 2416 1457 2466 ἄλλου
1497 2413 1602 2482 (80)

59 2500 264 2566 γνῶσιν
285 2496 438 2553 εἶναι.
465 2501 667 2564 Παντὸς
692 2502 798 2571 γὰρ
820 2503 1075 2573 μεγεθους
1131 2505 1178 2556 εἰ
1220 2504 1279 2555 τὸ
1333 2503 1428 2570 μὲν
1460 2500 1602 2560 ἄλλο.

63 2591 121 2642 τὸ
155 2591 213 2643 δὲ
237 2591 358 2642 ἄλλο
385 2593 516 2652 ἐστὶ,
541 2592 620 2644 δεῖ
647 2591 879 2644 τοιοῦτον
910 2593 1144 2646 τίθεσθαι
1191 2593 1249 2644 τὸ
1288 2591 1604 2656 αισθανόμε-

59 2697 152 2732 νον
183 2681 315 2748 (81),
348 2675 456 2733 οἷον
489 2684 754 2752 πανταχοῦ
799 2687 924 2738 αὐτὸ
957 2684 1128 2752 ἑαυτῷ
1159 2683 1215 2734 τὸ
1262 2681 1390 2733 αὐτὸ
1443 2677 1596 2732 εἶναι’

57 2770 220 2821 τοῦτο
269 2771 323 2822 δὲ
372 2772 511 2842 ἄλλῳ
556 2776 657 2824 τινί
713 2775 818 2825 τῶν
863 2775 1022 2826 ὅντων
1075 2772 1106 2840 ἢ
1168 2770 1374 2839 σώματι
1431 2772 1599 2821 ποιεῖν

59 2859 348 2928 προσήκει.

1706 2046 1827 2099 liter
1849 2048 2018 2115 partis
2048 2048 2266 2102 alterius
2320 2048 2614 2116 superioris
2649 2048 2888 2102 dolorem
2946 2049 3231 2118 percipiat,

1707 2138 1966 2204 multique
2024 2153 2081 2190 re
2145 2139 2258 2206 ipsa
2304 2137 2513 2193 dolores
2545 2140 2838 2205 exsistant;
2888 2155 2951 2194 ac
2991 2142 3070 2195 vis
3121 2142 3233 2210 ipsa

1701 2231 1947 2298 princeps
1977 2245 2083 2284 non
2110 2229 2220 2299 jam
2263 2231 2540 2298 ipsiusmet
2580 2231 2824 2301 digitum,
2855 2241 2911 2285 at
2942 2248 3095 2294 suum
3128 2243 3237 2287 tan-

1705 2319 2415 2388 tummodosentiat,831
2473 2320 2697 2388 aliisque
2761 2322 3012 2376 omnibus
3068 2323 3236 2378 faces-

1704 2422 1819 2462 sere
1843 2407 2012 2475 jussis
2031 2446 2044 2469 ,
2074 2423 2238 2459 unum
2268 2407 2411 2461 hunc
2439 2408 2512 2460 ita
2542 2419 2830 2477 cognoscat
2857 2449 2870 2473 ,
2897 2422 2954 2462 ut
2995 2427 3061 2465 ne
3098 2411 3232 2482 digi-

1703 2509 1814 2550 tum
1837 2496 2052 2566 quidem
2080 2498 2255 2565 ipsum
2277 2497 2453 2551 dolere
2475 2497 2626 2552 sciat.
2647 2497 2823 2564 Quare
2846 2541 2860 2566 ,
2895 2502 2940 2554 si
2963 2517 3231 2572 propaga-

1704 2589 1849 2642 tione
1880 2588 2062 2655 aliqua
2092 2586 2304 2641 futurus
2332 2597 2445 2651 est,
2471 2589 2650 2644 nullus
2678 2591 2896 2643 omnino
2923 2592 3118 2646 doloris
3143 2594 3234 2645 liu-

1701 2678 1790 2744 jus
1816 2691 2004 2732 sensus
2032 2677 2310 2741 exsistere,
2335 2692 2564 2746 cumque
2583 2693 2779 2747 corpus
2806 2681 2972 2735 moles
2997 2681 3232 2749 quadam

1704 2767 1805 2829 sit,
1833 2777 1983 2833 parte
2010 2767 2174 2820 altera
2207 2768 2458 2835 patiente,
2487 2769 2706 2822 alterius
2725 2785 2844 2824 esse
2868 2772 3101 2839 cognitio
3123 2787 3231 2825 non

1703 2856 1914 2924 poterit.
1949 2853 2134 2909 Omnis
2160 2857 2354 2924 quippe
2385 2859 2765 2925 magnitudinis
2794 2869 2970 2927 partes
3003 2861 3117 2914 aliae
3163 2872 3235 2914 at-

59 2965 172 3016 que
214 2952 328 3006 alia:
357 2969 476 3006 cum
529 2956 671 3020 sint,
709 2957 973 3025 ejusmodi
1020 2965 1232 3024 oportet
1283 2970 1402 3009 esse
1453 2953 1595 3024 quod
1636 2950 1894 3014 sentitur,
1960 2961 2018 3002 ut
2068 2966 2232 3002 unum
2268 2960 2321 3004 et
2377 2952 2512 3004 idem
2548 2952 2742 3019 ubique
2767 2963 3089 3020 permaneat.
3123 2953 3232 3009 Hoc

64 3055 248 3098 autem
277 3047 340 3100 ab
372 3049 476 3103 alio
505 3063 662 3115 sane,
711 3067 870 3117 quam
907 3067 933 3104 a
976 3066 1196 3119 corpore
1238 3050 1350 3104 ﬁeri
1385 3063 1602 3102 necesse
1640 3055 1738 3101 est.

143 3157 161 3187 ι
193 3138 310 3190 Ὀτι
332 3140 387 3191 δὲ
414 3142 528 3194 οὐδὲ
552 3147 688 3195 νοεῖν
717 3138 822 3196 οἷόν
844 3162 922 3205 τε,
949 3146 995 3196 si
1021 3145 1172 3214 σῶμα
1197 3146 1228 3213 ή
1257 3144 1398 3213 ψυχὴ
1427 3140 1600 3194 ὁτιοῦν

1781 3158 1798 3190 ι
1832 3139 1897 3190 At
1928 3153 2051 3191 vero
2085 3153 2150 3191 ne
2173 3137 2335 3192 ullum
2361 3137 2575 3206 quidem
2606 3177 2618 3201 ,
2645 3137 2689 3192 si
2744 3152 2938 3206 corpus
2995 3139 3232 3193 animum

60 3228 172 3293 εἴη,
207 3226 436 3280 δεικτέον
468 3231 529 3283 ὲκ
553 3232 732 3284 τῶνδε.
769 3234 830 3284 ΕΞ
875 3235 980 3303 γὰρ
1021 3235 1080 3285 τὸ
1124 3232 1462 3286 αἰσθάνεσθαί
1488 3235 1598 3283 ἐστι

1704 3243 1821 3282 esse
1846 3228 2119 3288 dicamus,
2154 3227 2512 3293 intelligentiae
2535 3227 2708 3279 locum
2754 3228 3014 3295 relinqui,
3050 3230 3232 3296 hujus-

59 3315 122 3365 τὸ
150 3314 354 3383 σώματι
383 3323 795 3391 προσ-χρωμένην
816 3322 910 3390 τὴν
935 3323 1105 3392 ψυχὴν
1127 3322 1601 3390 ἀντιλαμϐάνεσθαι

58 3403 172 3455 τῶν
208 3405 489 3474 αἰσθητῶν,
523 3410 616 3460 οὐκ
640 3409 700 3461 ἂν
728 3411 807 3479 εἴη
871 3413 960 3461 κα).
1018 3411 1076 3460 τὸ
1125 3413 1258 3460 νοεῖν
1286 3410 1343 3460 τὸ
1374 3409 1458 3461 διὰ
1503 3410 1603 3460 σώ-

64 3510 234 3560 ματος
263 3497 709 3566 καταλαμϐάνειν,
745 3499 775 3567 ἢ
828 3500 1018 3550 ταυτὸν
1083 3499 1229 3550 ἔσται
1258 3500 1332 3567 τῷ
1360 3500 1600 3550 αἰσθάνε-

62 3584 211 3635 σθαι.
237 3585 294 3636 Εἰ
320 3582 409 3638 οῦν
436 3589 493 3639 τὸ
518 3592 650 3640 νοεῖν
683 3592 793 3639 ἐστι
825 3590 881 3640 τὸ
908 3589 1030 3640 ἄνευ
1066 3588 1308 3658 σώματος
1335 3589 1594 3658 ἀντιλαμ-

61 3675 336 3735 ϐάνεσθαι,
365 3679 494 3730 πολὺ
519 3681 773 3749 πρότερον
802 3681 880 3731 δεῖ
915 3680 988 3749 μὴ
1016 3681 1169 3749 σῶμα
1226 3679 1290 3735 αὖ
1323 3685 1382 3734 τὸ
1414 3683 1600 3751 γοῆσον

61 3761 224 3826 εἶναι,
249 3766 364 3818 ἐπεὶ
387 3768 649 3837 αἰσθητῶν
685 3769 792 3838 (82)
820 3771 913 3838 μὲν
945 3773 975 3840 ή
1010 3772 1271 3839 αἴσθησις,
1315 3774 1515 3842 νοητῶν
1546 3774 1599 3824 δὲ

59 3858 95 3923 ή
121 3856 319 3924 νόησις.
356 3859 414 3908 Εἰ
446 3858 499 3909 δὲ
525 3861 595 3927 μὴ
629 3859 916 3927 βούλονται,
940 3862 1051 3913 ἀλλ’
1077 3859 1165 3913 οὖν
1185 3863 1389 3914 ἔσονται
1420 3880 1480 3928 γε
1511 3865 1600 3916 καὶ

63 3947 267 4014 νοητῶν
301 3951 522 4016 νοήσεις,
554 3950 642 4000 καὶ
671 3951 944 4019 ἀμεγεθῶν
976 3953 1298 4021 ἀντιλήψεις.
1324 3953 1444 4015 Πῶς
1487 3952 1596 4018 οὖν,

65 4034 294 4102 μέγεθος
316 4035 391 4097 ὃν,
415 4037 472 4088 τὸ
510 4038 580 4106 μὴ
621 4039 839 4106 μέγεθος
893 4045 1090 4111 νοήσει,
1127 4044 1216 4094 κα).
1247 4042 1322 4112 τῷ
1367 4044 1600 4112 μεριστῷ

60 4124 124 4173 τὸ
155 4126 228 4192 μή
259 4127 501 4194 μεριστὸν
531 4129 737 4196 νοήσει;
770 4132 835 4182 Ἢ
878 4133 1027 4200 μέρει
1057 4135 1158 4182 τινὶ
1188 4133 1377 4201 ἀμερεί
1398 4134 1558 4184 αὑτοῦ
1583 4150 1596 4194 ;

63 4212 128 4261 ΕΞ
151 4211 204 4261 δὲ
231 4211 414 4275 τοῦτο,
441 4215 499 4266 οὐ
550 4216 702 4284 σῶμα
745 4218 888 4268 ἔσται
938 4220 997 4268 τὸ
1027 4218 1232 4283 νοῆσον.
1292 4222 1364 4271 Οὐ
1399 4221 1504 4290 γὰρ
1536 4221 1597 4289 δὴ

62 4301 158 4351 τοῦ
185 4301 300 4352 δλου
333 4303 480 4371 χρεία
505 4306 638 4373 πρὸς
666 4307 723 4356 τὸ
747 4307 930 4372 θίγειν·
963 4308 1117 4374 ἀρκεῖ
1162 4309 1267 4378 γὰρ
1299 4311 1387 4361 καὶ
1418 4310 1474 4359 ἓν
1524 4327 1594 4361 τι.

64 4391 127 4440 Et
168 4391 262 4457 μὲν
292 4387 379 4442 οὖν
410 4395 835 4460 συγχωρήσονται
861 4395 954 4455 τὰς
978 4395 1191 4465 πρώτας
1224 4399 1446 4467 νοήσεις,
1465 4401 1597 4470 ὅπερ

61 4477 258 4546 ἀληθές
292 4481 419 4541 ἐστι,
447 4478 702 4533 εἶναιτῶν
726 4483 896 4551 πάντη
930 4485 1172 4555 σώματος
1209 4490 1596 4558 καθαρωτάτων

1705 3319 1848 3370 modi
1880 3318 2178 3371 rationibus
2208 3318 2488 3385 perspicue
2514 3315 2814 3370 conﬁcitur.
2850 3318 2904 3370 Si
2938 3319 3080 3371 enim
3109 3335 3227 3372 sen-

1704 3409 1802 3460 tire
1831 3408 1972 3459 aliud
2024 3393 2161 3460 nihil
2193 3417 2309 3472 est,
2349 3423 2507 3476 quam
2551 3423 2771 3475 corpore
2826 3419 3057 3464 utentem
3117 3414 3233 3463 ani-

1702 3511 1848 3548 mum
1879 3511 1997 3561 quae
2026 3497 2124 3549 sub
2158 3512 2373 3551 sensum
2403 3497 2599 3551 cadunt
2632 3500 2901 3566 percipere
2929 3516 2941 3561 ;
2991 3499 3229 3566 profecto

1701 3595 1789 3637 aut
1815 3585 2106 3652 intelligere
2132 3626 2146 3649 ,
2181 3601 2284 3638 non
2332 3587 2434 3640 erit
2475 3588 2715 3652 corporis
2770 3603 2928 3653 opera
2986 3603 3228 3654 compre-

1700 3675 1965 3738 hendere,
2006 3685 2096 3728 aut
2135 3675 2271 3727 idem
2302 3677 2476 3743 ipsum
2510 3675 2613 3728 erit
2645 3677 2787 3744 quod
2813 3679 3028 3729 sentire.
3070 3677 3124 3729 Si
3146 3693 3228 3731 er-

1701 3782 1764 3834 go
1794 3765 2087 3832 intelligere
2143 3774 2224 3818 est
2253 3767 2368 3818 sine
2401 3779 2625 3832 corpore
2677 3766 2876 3832 aliquid
2925 3769 3223 3834 percipere,

1700 3855 1865 3907 multo
1899 3868 2026 3907 sane
2051 3855 2196 3922 prius
2241 3869 2456 3908 necesse
2499 3863 2613 3918 est,
2665 3855 2715 3907 id
2753 3857 2892 3922 quod
2939 3857 3228 3909 intellectu-

1699 3957 1818 3994 rum
1855 3943 1923 3996 sit
1956 3956 2151 4010 corpus
2179 3958 2282 3994 non
2316 3957 2453 4006 esse,
2483 3943 2914 4010 quandoquidem
2944 3949 3018 3997 uti
3045 3960 3225 3997 eorum

1697 4047 1817 4098 qua:
1847 4031 2130 4084 sentiendo
2167 4032 2530 4098 percipiuntur
2569 4047 2759 4085 sensus
2791 4043 2865 4086 est
2897 4077 2907 4096 ,
2939 4035 3016 4103 sic
3044 4047 3225 4084 eorum

1697 4134 1814 4186 qua:
1860 4122 2200 4189 intelligendo
2247 4121 2800 4188 comprehenduntur,
2861 4106 3223 4189 intelligentia.

1698 4208 1867 4271 Quam
1899 4210 2226 4262 discriminis
2255 4211 2512 4262 rationein
2548 4212 2592 4264 si
2617 4214 2842 4279 probare
2869 4211 3052 4261 nolunt
3074 4253 3086 4272 ,
3115 4214 3226 4278 spi—

1695 4301 1869 4352 ritalia
1915 4302 2127 4368 quidem
2170 4300 2432 4368 intelligi,
2480 4310 2533 4355 et
2585 4300 2945 4368 magnitudine
2994 4307 3225 4356 carentia

1694 4391 1892 4458 percipi
1922 4389 2248 4442 fatebuntur.
2290 4389 2568 4454 Quomodo
2613 4391 2774 4456 igitur
2824 4392 2965 4457 quod
3022 4396 3224 4460 magni-

1696 4479 1822 4531 tudo
1844 4479 2084 4546 quaedam
2115 4491 2230 4542 est,
2259 4480 2308 4532 id
2339 4481 2478 4547 quod
2533 4478 2895 4546 magnitudine
2935 4493 3141 4540 careat,
3176 4495 3228 4534 et

62 4567 195 4619 αὐτὸ
222 4568 457 4634 ἕκαστον,
491 4572 695 4642 ἀνάγκη
731 4575 836 4644 (85)
865 4577 955 4629 καὶ
983 4579 1041 4631 τὸ
1099 4581 1246 4632 νοοῦν
1275 4581 1380 4650 (Si)
1412 4583 1593 4652 σώμα-

1700 4569 1838 4638 quod
1892 4569 2167 4622 dividuum
2222 4579 2331 4630 est,
2386 4583 2500 4620 rem
2552 4571 2807 4638 percipiet
2853 4573 3222 4625 individuam?

137 4722 247 4802 (:8)
284 4725 371 4802 ⁸Τὸ
418 4726 664 4794 ὕστερον
694 4729 758 4802 τὸ
792 4733 987 4799 ἠγεμ.,
1015 4745 1114 4787 etc.
1165 4734 1236 4788 lta
1267 4740 1594 4794 correximus

61 4790 388 4876 (‘X-PIPIlllP,
418 4790 1098 4876 cyrnpessimeleg-eretur,
1128 4803 1282 4874 εἴπερ
1313 4807 1372 4858 τὸ
1401 4790 1594 4876 ἡγέρἐί

63 4860 246 4933 νοῦν
270 4863 407 4933 νοῦς,
440 4861 504 4933 ἦν
535 4860 888 4921 αἰσθάνεσθαί

300 4930 472 5013 Ἄλιζᾷ
509 4935 618 5013 τῂν
653 4938 766 5003 μὲν
806 4940 1039 5013 ἐνέεεξῆςἶ
1089 4940 1289 5013 Ηεεε-ει
1321 4947 1590 5013 sequentia

65 5004 502 5071 satis-impedita,
537 5004 886 5071 longe.magis
921 5010 1167 5063 intricare
1198 5004 1409 5066 Ficinus
1446 5017 1590 5068 vide-

67 5080 173 5119 tur.
205 5067 426 5146 Confer,
464 5072 518 5146 si
561 5067 729 5146 vacat.
764 5067 931 5146 Porro
977 5078 1072 5129 has
1119 5081 1352 5146 quinque
1402 5067 1588 5144 lineas,

67 5150 240 5201 usque
277 5137 338 5188 ad
369 5138 726 5217 αισθανεσραι,
765 5139 969 5217 Plotino
1003 5137 1210 5217 mecum
1240 5137 1482 5217 acceptas
1516 5137 1590 5204 lc;

64 5218 195 5288 res,;‘
209 5218 344 5288 quas
358 5206 665 5288 ‘s‘iniilitudo
682 5225 882 5288 .voeum
911 5213 1230 5281 ἀλγήματος,
1266 5206 1586 5288 ἀλγήματος,

64 5283 118 5322 ει
141 5265 292 5328 in“.
323 5273 470 5335 ἀλλα,
499 5275 648 5326 nobis
681 5277 950 5330 invidet-at.
986 5265 996 5277 ’
1030 5265 1060 5281 ’⁸
1140 5265 1230 5281 ί’³’
1269 5265 1398 5289 ””’⁶”¹

139 5338 246 5414 (BQ)
281 5341 486 5418 ᾍλέοι)
517 5344 817 5418 παρόντος,
859 5347 1063 5418 tutor).
1091 5350 1161 5403 lta
1196 5365 1335 5409 recte
1371 5356 1584 5418 Plotin.;

64 5409 118 5460 in
149 5408 568 5481 prioricditione
593 5408 797 5481 desunt,
829 5416 1102 5481 παθόντος,
1137 5421 1310 5474 ἄλλου.

139 5474 247 5549 (81)
270 5475 348 5549 ’Τὸ
371 5479 807 5549 αἰσθανόμενον.
836 5481 947 5534 Non
981 5474 1147 5549 placet
1169 5495 1335 5544 active
1364 5493 1498 5543 sumi
1531 5493 1586 5542 τὸ

63 5542 722 5623 αἰσθανόμενονιὴοεμζεδι,
745 5551 878 5623 quod
918 5542 1122 5615 sentiat,
1150 5542 1584 5623 prmiscrtimﬂcuni

62 5613 548 5694 sequutum-coire
566 5613 634 5694 δὲ
675 5613 872 5694 ποιεῖν,
897 5628 1035 5694 _etc._
1068 5613 1241 5677 Minus
1288 5628 1426 5678 enim
1471 5640 1586 5694 apte

60 5683 272 5758 dicatur
300 5683 509 5734 animus
532 5683 749 5758 ellicere,
781 5698 832 5758 ut
859 5688 996 5758 idem
1023 5692 1246 5758 ipsemet
1269 5695 1462 5758 ubique
1485 5683 1578 5748 s'it:

62 5753 336 5816 aptissime
379 5761 582 5813 contra,
618 5763 674 5805 ut
719 5756 869 5831 dolor
913 5756 1015 5817 ille,
1045 5753 1148 5827 'qui
1203 5753 1445 5825 Sentitur,
1495 5782 1584 5831 per

67 5834 411 5889 quascunque
462 5831 640 5888 partes
686 5825 868 5879 subeat
913 5825 1447 5900 atque'propagctur,
1484 5825 1582 5888 sibi

1695 4751 1868 4794 tamen
1917 4743 2108 4808 ubique
2155 4739 2344 4809 similis
2379 4753 2701 4806 permaneat.
2753 4745 2919 4809 Atque
2961 4744 3006 4795 is
3035 4755 3133 4805 est,
3173 4749 3221 4794 ni

1693 4812 1865 4870 fallor,
1905 4823 2190 4877 germanus
2221 4808 2412 4877 Plotini
2443 4825 2653 4863 Sensus.

1763 4879 1868 4944 (8'2)
1918 4876 2065 4928 Ἐπεὶ
2099 4879 2327 4941 uiuant.
2377 4876 2429 4929 In
2475 4881 2635 4944 priori
2678 4879 2938 4939 editione,
2976 4878 3090 4927 ἐπεὶ
3131 4881 3221 4929 ἐπὶ

1692 4943 1857 5007 ala-0.,
1884 4947 2021 5009 quod
2067 4958 2176 5013 non,
2219 4943 2617 5008 emendassent,
2670 4952 2713 4998 si
2761 4956 2939 5013 postea
2958 4959 3196 5013 Asecutun

1691 5029 1858 5074 esset,
1899 5007 1986 5063 ἐπὶ
2021 5007 2218 5081 νοὴτῶν
2249 5013 2323 5067 δέ.
2373 5015 2503 5068 Male
2547 5007 2719 5066 autem
2761 5007 2901 5081 apud
2939 5011 3213 5081 Plotinum

1691 5085 1766 5133 ἔτι
1793 5085 1836 5133 εἰ
1869 5081 2009 5132 αἰσθ.
2047 5080 2274 5135 Dubium
2321 5101 2425 5138 non
2457 5093 2535 5136 est
2567 5087 2691 5150 quin
2736 5080 2812 5133 ἔτι
2845 5083 2888 5131 εξ
2927 5080 3120 5138 factum
3151 5090 3220 5139 sit

1690 5168 1750 5203 CX
1786 5167 1919 5201 επει.

1759 5217 1863 5284 (85)
1903 5217 2054 5270 Αὐτὸ
2101 5219 2388 5281 ἕκαστον,
2432 5219 2672 5283 ἀνάγκη.
2730 5217 2945 5273 Rectius
3003 5225 3219 5276 omnino

1687 5304 1868 5353 quam,
1904 5297 1959 5338 ut
2003 5291 2140 5355 apud
2183 5290 2464 5355 Plotinum,
2495 5287 2916 5355 καθαρωτάτων,
2948 5292 3072 5342 αὐτὸ
3098 5292 3218 5342 ἑκά-

1690 5373 1808 5405 στου
1844 5354 2071 5426 ἁνάγκή.
2120 5358 2383 5412 Marsilius
2425 5354 2589 5407 Ficin.
2632 5354 2758 5407 αὐτὸ
2791 5360 3015 5410 ἑκάστου
3063 5361 3215 5410 vertit

1687 5426 1880 5476 scilicet
1929 5429 2358 5493 uniuscujusque,
2386 5435 2452 5493 _ul
2487 5425 2590 5474 dici
2633 5428 2782 5486 solet,
2827 5430 3090 5490 abstracti,
3124 5443 3214 5493 pa-

1687 5509 1824 5546 rum.
1860 5497 2068 5562 Opinor,
2094 5491 2155 5547 ei
2195 5491 2597 5562 merite__Plotiiii.

1757 5563 1864 5630 (84)
1898 5560 1966 5615 Τὸ
2000 5564 2196 5624 νοοῦν,
2221 5572 2321 5614 etc.
2363 5560 2469 5612 Hoc
2498 5563 2656 5614 etiam
2698 5564 2811 5615 loco
2842 5564 3102 5614 Plotinum
3130 5578 3212 5614 se-

1687 5642 1841 5685 cutus
1877 5648 2014 5685 sum.
2042 5633 2175 5682 Ante
2205 5630 2495 5696 legebatur,
2521 5633 2609 5682 τὸν
2638 5632 2754 5683 νοῦν
2786 5631 3025 5697 σώματος
3052 5631 3214 5682 καθα-

1689 5701 1776 5768 ρὸν
1804 5702 1945 5760 ὅντα,
1975 5698 2346 5768 ἐγγιγνόμενον
2387 5700 2682 5764 γινώσκειν.
2714 5700 2864 5751 Forte
2890 5698 2946 5749 τὸ
2980 5700 3216 5763 ἑγγιγν-ὶο

1689 5767 1871 5836 μενον,
1904 5783 1996 5835 pro
2105 5768 2412 5839 γιγνόμενον
2434 5811 2445 5830 ,
2497 5772 2592 5839 legi
2638 5777 2818 5838 queat,
2865 5769 2911 5819 itl
2943 5776 3042 5832 est,
3078 5774 3216 5834 qttml

1686 5839 1796 5904 ipsa
1833 5841 1879 5890 in
1912 5849 2070 5889 meme
2101 5838 2436 5902 imprimitur.

3145 5921 3378 6013 Γ..
