4014 6356
696 422 833 479 1579

1319 424 1584 481 EUSEBII
1617 424 2087 482 CESAMENSIS
2124 425 2270 479 OPP.
2307 425 2487 479 PARS
2526 425 2590 479 ll.
2621 455 2687 465 —
2712 424 3195 479 APULOGETICA.

3751 428 3862 481 i380

694 536 878 590 lunam
905 539 1167 594 colluccre
1182 555 1315 595 suo:
1351 543 1505 611 cuius
1535 558 1659 611 pars
1684 558 1767 605 ea,
1796 557 1915 609 qua:
1948 542 2236 611 aliquando

2338 556 2451 608 νηνο
2484 539 2543 591 τὺ
2567 540 2610 590 δ’
2638 539 3112 608 ἀποκρυπτόμενον
3131 536 3257 607 περὶ
3272 536 3434 606 αὐτὴν
3456 537 3562 590 ἀπὸ
3592 538 3690 607 τῆς
3719 556 3861 607 προσ-

693 628 842 689 latet.
878 630 1005 683 solis
1028 645 1245 685 accessu
1270 628 1584 687 obscuretur
1609 651 1622 698 ;
1664 650 1783 687 cum
1817 634 1953 704 ignis
1975 636 2233 689 valentior

696 719 1028 773 imbecilliori
1056 723 1301 776 tenebras
1328 723 1597 779 effundere
1635 725 1839 777 soleat:
1864 725 2021 794 idque
2043 724 2232 778 sideri—

694 810 796 865 bus
826 812 985 865 etiam
1020 812 1138 864 aliis
1165 828 1263 867 usu
1309 816 1506 869 venire.
1543 814 1757 879 Thales,
1784 820 2010 884 ejusque
2058 825 2233 870 secta-

696 911 862 965 tores,
880 904 1118 958 eamdem
1136 920 1165 957 a
1182 905 1294 958 sole
1309 906 1485 972 potius
1500 906 1808 959 illuminari.
1824 905 2120 959 Heraclitus
2139 919 2231 958 s0-

696 991 764 1046 lis
793 993 1030 1047 eamdem
1050 1010 1112 1047 ac
1140 995 1276 1048 luna:
1301 996 1559 1048 rationem
1577 1012 1694 1049 esse
1716 1014 1728 1048 :
1750 1012 1869 1049 cum
1894 996 2035 1049 enim
2059 996 2231 1075 sidera

696 1082 825 1144 sint,
853 1082 1020 1151 ﬁgura
1050 1088 1259 1152 scapha:
1283 1085 1496 1150 similia,
1521 1085 1647 1139 dum
1665 1087 2027 1141 exbalationes
2056 1086 2231 1139 humi-

694 1171 793 1226 das
826 1175 1025 1241 passim
1063 1174 1346 1243 recipiunt,
1379 1191 1440 1228 ea
1471 1192 1632 1244 quam
1668 1178 1938 1231 cernimus
1970 1178 2086 1231 luce
2115 1178 2229 1231 col-

696 1262 943 1327 lustrari;
975 1273 1025 1318 et
1054 1265 1219 1319 solem
1255 1265 1467 1333 quidem
1497 1266 1714 1328 clarius,
1746 1268 1887 1335 quod
1917 1267 2117 1335 puriori
2152 1266 2231 1321 ie-

697 1360 846 1405 ratur
872 1354 923 1406 in
954 1368 1095 1419 aere,
1123 1354 1303 1407 lunam
1337 1370 1482 1421 vero,
1508 1354 1650 1423 quod
1684 1356 1736 1408 iu
1772 1357 2018 1423 Opaciore
2050 1371 2228 1410 verse-

694 1450 808 1508 τωο,
829 1445 1110 1507 obscurjus
1132 1457 1409 1515 propterea
1430 1447 1581 1500 nobis
1610 1447 1937 1502 illucescere.
1969 1467 1986 1497 ι

1256 1613 1477 1669 CAPUT
1511 1615 1680 1669 XXX.

830 1724 901 1777 De
921 1725 1149 1777 siderum
1176 1727 1466 1778 errantium
1498 1726 1861 1796 stabiliumque
1892 1736 2101 1780 natura.

2337 629 2495 697 ϐολῆς
2526 628 2617 680 τοῦ
2650 629 2796 698 ἡλίου
2845 628 3234 698 ἀμαυροῦσθαι,
3268 628 3563 694 πεφυκότος
3610 628 3702 679 τοῦ
3736 631 3861 697 ἰσχυ-

2341 719 2554 788 ροτέρου
2577 719 2744 788 πυρὸς
2774 719 2833 770 τὸ
2854 717 3230 786 ἀσθενέστερον
3274 718 3570 788 ἀμαυροῦν·
3608 718 3715 789 δδὴ
3746 736 3860 786 συμ-

2337 807 2618 861 6αίνεικαὶ
2649 812 2773 879 περὶ
2820 811 2888 862 τὰ
2925 811 3055 863 ἄλλα
3104 810 3294 879 ἄστρα.
3339 809 3539 877 Θαλῆς,
3588 810 3682 861 καί
3711 814 3757 861 οἱ
3782 812 3857 861 ἀπ’

2336 899 2517 961 αὑτοῦ,
2553 900 2654 951 ὑπὸ
2684 901 2776 953 τοῦ
2808 902 2955 970 ἡλίου
2972 900 3290 968 φωτίζεσθαι
3309 901 3405 969 τὴν
3435 900 3680 969 σελήνην.
3710 900 3856 970 Ἡρά-

2337 989 2557 1052 κλειτος,
2580 990 2638 1041 τὸ
2662 990 2789 1041 αὐτὸ
2821 991 3132 1043 πεπονθέναι
3161 990 3248 1042 τὸν
3279 990 3424 1059 ἥλιον
3454 992 3549 1043 καὶ
3578 990 3676 1059 τὴν
3724 993 3857 1059 σελή-

2336 1095 2447 1146 νην·
2482 1080 2810 1144 σκαφοειδεῖς
2836 1079 2940 1149 γάρ
2968 1080 3122 1141 ὄντας
3141 1082 3249 1141 τοῖς
3279 1080 3512 1148 σχήμασι
3570 1081 3693 1142 τοὺς
3717 1082 3857 1134 ἀστέ-

2334 1183 2455 1235 ρας,
2472 1168 2788 1236 δεχομένους
2819 1185 2876 1235 τε
2899 1168 2967 1219 τά
2998 1168 3103 1220 ἀπὸ
3133 1168 3228 1236 τῆς
3252 1168 3421 1236 ὑγρᾶς
3448 1168 3856 1237 ἀναθυμιάσεως,

2335 1258 2654 1324 φωτίζεσθαι
2698 1259 2831 1329 πρὸς
2878 1259 2973 1327 τὴν
3014 1260 3322 1326 φαντασίαν
3360 1259 3730 1330 λαμπρότερον
3777 1261 3859 1329 μὲν

2332 1348 2421 1400 τὸν
2445 1347 2609 1417 ἥλιον⁸
2643 1350 2698 1401 ἐν
2727 1349 3087 1418 καθαρωτέρῳ
3141 1349 3245 1418 γάρ
3285 1349 3403 1418 ἀέρι
3453 1350 3729 1419 φέρεσθαι,
3778 1352 3857 1419 τὴν

2332 1436 2388 1487 δὲ
2424 1436 2646 1506 σελήνην
2681 1440 2737 1489 ὲν
2766 1437 3126 1507 θολερωτέρῳ,
3160 1437 3247 1489 διὰ
3271 1437 3425 1489 τοῦτο
3454 1439 3547 1490 καὶ
3581 1438 3861 1509 ἀμαυροτέ-

2338 1539 2433 1591 ραν
2464 1523 2761 1590 φαίνεσθαι.
2776 1543 2793 1574 ι
2918 1540 2919 1543 ‘
3173 1568 3179 1573 .

2862 1614 3246 1667 ΚΕΦΛΔΑΙΟΝ
3279 1615 3355 1667 Λ⁶.

2341 1702 2432 1767 Τίς
2482 1704 2519 1769 ἡ
2563 1704 2739 1755 οὐσία
2812 1704 2928 1757 τῶν
2994 1703 3313 1825 πλλένῄτων
3378 1705 3612 1772 ἄστρων
3673 1705 3767 1758 καὶ
3804 1704 3862 1759 ἁ-

2987 1787 3029 1824 π
3109 1790 3249 1824 νων,

2987 1787 3249 1824 πλαιν-ων,

776 1872 794 1903 ε
824 1853 1037 1918 Thales,
1060 1863 1269 1908 terrena
1305 1856 1516 1924 quidem
1555 1871 1675 1911 esse
1704 1865 1870 1920 astra,
1902 1860 1991 1912 sed
2019 1860 2229 1913 inﬂam-

2409 1879 2427 1911 ι
2464 1861 2641 1929 Θάλης
2674 1860 2804 1931 (56),
2839 1861 3011 1930 γεώδη
3070 1863 3184 1931 μὲν,
3220 1863 3433 1932 ἔμπυρα
3464 1862 3518 1912 δὲ
3571 1863 3637 1914 ea
3682 1862 3856 1930 ἄστρα.

697 1952 860 1994 mata.
880 1941 1222 2009 Empedocles
1246 1943 1417 2011 ignea,
1444 1957 1507 1994 eo
1533 1942 1786 1995 nimirum
1811 1958 1875 1997 ex
1903 1944 2043 2010 igne,
2069 1960 2226 2012 quem

697 2032 865 2085 aether
898 2031 1021 2083 olim
1062 2030 1114 2083 in
1149 2046 1266 2085 sese
1306 2032 1644 2099 complexus,
1678 2035 1780 2087 sub
1799 2035 2023 2101 primam
2057 2051 2233 2087 rerum

698 2119 1047 2172 secretionem
1093 2120 1385 2172 extriverit.
1438 2121 1807 2191 Anaxagoras,
1852 2123 2235 2177 circumfusum

698 2204 854 2259 nobis
886 2205 1101 2269 athera,
1128 2206 1289 2275 839
1311 2221 1430 2259 cum
1460 2208 1632 2276 ignem
1664 2217 1848 2276 suapte
1878 2220 2066 2263 natura
2098 2226 2235 2273 esse,

697 2298 811 2345 tum
832 2294 1127 2346 vehementi
1143 2302 1195 2346 et
1212 2296 1428 2349 incitato
1442 2297 2010 2366 conversionisimpetu
2029 2300 2241 2355 avulsus

699 2382 798 2436 abs
825 2391 965 2436 terra
1003 2383 1207 2452 lapides
1252 2385 1304 2437 in
1334 2386 1514 2439 stellas
1546 2396 1925 2442 commutasse.
1956 2388 2239 2457 Diogenes,

699 2470 875 2525 sidera
920 2473 1191 2540 pumicum
1226 2474 1291 2526 ad
1345 2484 1591 2528 naturam
1635 2479 1909 2544 accedere,
1941 2494 2003 2532 ac
2053 2480 2242 2546 mundi

700 2563 966 2629 spiracula
996 2577 1116 2616 esse
1145 2563 1469 2617 arbitratur:
1498 2566 1730 2634 itemque
1747 2568 1970 2635 lapides,
1996 2569 2086 2636 qui
2111 2584 2241 2623 ocu-

698 2650 874 2705 lorum
898 2654 1061 2706 aciem
1092 2653 1315 2723 fugiant,
1338 2657 1537 2725 quique
1561 2659 1757 2725 saepius
1782 2660 1834 2711 iu
1866 2669 2064 2713 terram
2096 2660 2241 2717 deci-

700 2741 886 2796 dentes
919 2742 1345 2813 exstinguantur,
1377 2746 1677 2814 cujusmodi
1710 2747 1915 2815 lapidea
1957 2750 2044 2802 illa
2090 2752 2239 2806 stella

701 2831 885 2894 fuerit,
926 2848 1046 2901 qua:
1087 2834 1153 2886 ad
1183 2834 1433 2902 oppidum
1465 2834 1594 2887 illud
1636 2835 1788 2905 ignea
1825 2840 2000 2907 specie
2044 2840 2241 2895 decidit

700 2930 838 2983 quos
874 2918 1033 2985 vulgo
1052 2916 1237 2986 Caprae
1262 2917 1452 2972 ﬂuvios
1479 2922 1838 2980 nominamus.
1872 2924 2237 2995 Empedocles,

702 3005 909 3057 stabilia
934 3006 1106 3059 sidera
1137 3006 1188 3058 in
1211 3009 1329 3061 cmli
1362 3011 1608 3078 crystallo
1639 3013 1837 3082 illigata
1858 3024 2026 3083 putat,
2056 3030 2240 3069 erran-

703 3095 775 3145 tia
820 3109 947 3148 vero
982 3095 1151 3148 soluta
1191 3111 1309 3151 esse
1349 3113 1411 3152 ac
1435 3100 1617 3153 libera.
1664 3100 1837 3168 Plato,
1868 3113 2074 3171 partem
2108 3120 2238 3159 sane

702 3184 987 3236 maximam
1024 3186 1197 3253 ignea,
1230 3185 1347 3255 qua:
1365 3198 1541 3243 tamen
1555 3191 1781 3244 aliorum
1804 3193 1985 3245 itidem
2003 3194 2233 3247 elemen-
2260 3187 2301 3243 ε

702 3279 877 3324 torum
914 3275 1218 3341 particulas,
1258 3279 1411 3343 quasi
1457 3278 1634 3348 gluten
1672 3282 1886 3350 aliquod
1932 3284 2231 3339 admittant.

700 3360 1079 3431 Xenophanes,
1102 3365 1444 3422 inﬂammatis
1467 3384 1530 3423 ex
1556 3372 1787 3426 nubibus
1807 3388 1905 3444 .eas
1923 3376 2231 3441 constitunt;

702 3470 822 3522 quae
853 3472 971 3510 cum
1001 3458 1406 3526 exstinguantur
1450 3460 1696 3525 interdiu,
1722 3471 1831 3517 tum
1884 3481 2009 3519 vero
2052 3477 2232 3531 noctu,

702 3548 919 3615 quidam
966 3549 1118 3615 quasi
1152 3551 1430 3613 carbones,
1467 3552 1658 3605 iterum
1694 3545 2081 3612 accendantur:
2122 3559 2232 3626 ipsa

704 3638 846 3689 enim
895 3640 1021 3691 oriri
1054 3640 1233 3701 modo,
1276 3642 1436 3694 modo
1469 3642 1732 3709 occidere,
1760 3645 1901 3699 aliud
1931 3663 2050 3702 esse
2082 3627 2233 3711 nihil,

705 3742 867 3795 quam
911 3728 1095 3780 eadem
1150 3728 1469 3783 inﬂammari
1502 3732 1747 3798 subinde,
1786 3735 2115 3806 subindeque
2150 3755 2235 3793 re-

706 3816 927 3884 stingui.
983 3816 1309 3883 Heraclides,
1344 3835 1556 3889 unaque
1606 3821 1914 3893 Pytagorei,
1961 3830 2232 3896 quodlibet

706 3906 856 3959 sidus
891 3908 1153 3976 integrum
1199 3923 1318 3964 esse
1362 3911 1636 3975 mundum,
1664 3915 1760 3983 qui
1802 3924 1997 3971 terram
2032 3935 2230 3988 aerem,

706 4006 865 4064 atque
890 3999 1104 4060 caelum,
1130 3997 1334 4054 inﬁnito
1352 4002 1578 4070 quodam
1606 4005 1658 4057 in
1688 4008 1859 4074 spatio
1884 4011 2232 4078 comprehen-

2348 1953 2729 2021 Ἐμπεδοκλῆς,
2757 1954 2972 2023 πύρινα,
3006 1955 3069 2005 ὲκ
3094 1953 3185 2006 τοῦ
3216 1953 3505 2023 πυρώδους,
3552 1955 3684 2023 ὅπερ
3714 1948 3861 2021 αἰθὴρ

2335 2044 2390 2093 ἐν
2423 2043 2594 2113 ἑαυτῷ
2639 2045 2900 2112 περιέχων
2956 2042 3281 2111 ἐξανέθλιψε,
3338 2041 3476 2094 κατά
3514 2043 3614 2111 τὴν
3663 2042 3860 2111 πρώτην

2335 2116 2615 2201 διάκρισιν.
2680 2133 3032 2201 Ἀναξαγόρας
3075 2132 3164 2184 τὸν
3223 2132 3594 2203 περικείμενον
3654 2132 3860 2199 αἰθέρα,

2339 2221 2554 2291 πύρινον
2598 2222 2692 2290 μὲν
2717 2218 2849 2274 εἶναι
2884 2222 3019 2274 κατά
3071 2222 3168 2292 τὴν
3216 2222 3419 2287 οὐσίαν,
3473 2225 3539 2292 τῇ
3592 2222 3636 2273 δ’
3668 2222 3862 2289 εὐτονία

2337 2313 2840 2382 τῆς⁶περιδινήσεως
2867 2312 3245 2364 ἀνασπάσαντα
3278 2313 3479 2382 πέτρας
3499 2313 3609 2365 ἀπὸ
3631 2312 3727 2380 τῆς
3751 2312 3859 2379 τῆς.

2339 2401 2431 2451 καὶ
2454 2399 2875 2469 καταφλέξαντα,
2928 2400 3122 2462 ταύτας
3183 2401 3539 2471 ἠστερικέναι.
3606 2400 3858 2468 Διογένης.

2341 2488 2640 2559 κισσηρώδη
2666 2488 2732 2540 τά
2759 2489 2949 2559 ἄστρα,
2975 2488 3225 2551 διαπνοὰς
3254 2490 3310 2541 δὲ
3357 2489 3493 2542 αύτά
3536 2488 3740 2559 νομίζει
3778 2485 3860 2538 τοῦ

2340 2578 2559 2648 κόσμου.
2587 2580 2749 2631 Πάλιν
2771 2578 2825 2631 δὲ
2849 2582 2878 2631 ό
2930 2580 3112 2643 αὐτὸς,
3152 2582 3371 2647 ἀφανεῖς
3402 2580 3499 2649 μὲν
3538 2580 3732 2642 λίθους,
3781 2579 3859 2631 πί-

2340 2684 2563 2729 πτοντας
2593 2667 2649 2718 δὲ
2681 2666 2932 2729 πολλάκις
2966 2668 3057 2718 ἐπὶ
3110 2668 3206 2736 τὴν
3252 2667 3349 2735 γῆν
3404 2666 3735 2729 σϐέννυσθαι,
3773 2683 3863 2718 κα-

2340 2759 2508 2829 θάπερ
2561 2758 2650 2810 τὸν
2694 2760 2749 2810 ὲν
2805 2760 2962 2827 Αἰγὸς
3024 2761 3287 2828 Ποταμοῖς
3320 2758 3612 2828 πυροειδῶς
3652 2774 3859 2811 κατενε-

2338 2848 2526 2918 χθέντα
2541 2851 2737 2919 ἀστέρα
2761 2849 3025 2919 πέτρινον.
3042 2849 3419 2918 Ἐμπεδοκλῆς,
3443 2849 3569 2910 τοὺς
3590 2850 3684 2917 μὲν
3708 2848 3860 2899 ἀπλα-

2339 2941 2447 3000 νεῖς
2495 2939 2723 3008 ἀστέρας
2764 2939 3091 2992 συνδεδέσθαι
3137 2937 3214 3007 τῷ
3259 2936 3588 3007 κρυστάλλῳ,
3640 2938 3760 2999 τοὺς
3810 2936 3860 2987 δὲ

2339 3028 2607 3097 πλανήτας
2635 3029 2892 3083 ἀνεῖσθαι.
2956 3029 3196 3090 Πλάτων,
3235 3029 3297 3087 ὲκ
3342 3029 3435 3096 μὲν
3490 3026 3584 3077 τοῦ
3624 3028 3858 3079 πλείστου

2343 3117 2534 3187 μέρους
2563 3119 2834 3187 πυρίνους,
2867 3117 3183 3187 μετέχοντας
3207 3118 3263 3170 δὲ
3294 3118 3386 3169 καί
3410 3116 3516 3169 τῶν
3547 3117 3716 3171 ἄλλων
3735 3116 3857 3183 (37),

2334 3208 2522 3278 κόλλης
2552 3209 2725 3278 δίκην.
2759 3210 3076 3277 Ξενοφάνης,
3102 3210 3163 3261 ὲκ
3194 3208 3366 3276 νεφῶν
3404 3208 3498 3277 μὲν
3546 3209 3859 3277 πεπυρωμέ-

2333 3316 2453 3351 νωνο
2490 3299 2871 3368 σϐεννυμένους
2894 3299 2950 3351 δὲ
2998 3299 3115 3353 καθ’
3138 3298 3368 3367 ἑκάστην
3403 3299 3635 3367 ἡμέραν,
3662 3298 3859 3359 ἀναζω-

2332 3388 2611 3458 πυρεῖσθαι
2638 3390 2869 3458 νύκτωρ,
2900 3387 3147 3457 καθάπερ
3179 3389 3300 3450 τοὺς
3326 3387 3615 3458 ἄνθρακας·
3644 3388 3739 3449 τὰς
3763 3388 3859 3455 γὰρ

2331 3478 2606 3539 ἀνατολὰς,
2639 3479 2730 3530 καὶ
2760 3478 2855 3538 τὰς
2875 3478 3050 3541 δύσεις
3083 3478 3294 3546 ἐξάψεις
3336 3474 3468 3529 εἶναι
3517 3478 3607 3530 καὶ
3641 3477 3857 3537 σϐέσεις.

2288 3624 2291 3625 ν
2343 3568 2688 3637 Ἡρακλείδης
2743 3568 2799 3619 δὲ
2850 3568 2941 3619 καὶ
2995 3570 3042 3622 οι
3096 3567 3471 3637 Πυθαγόρειοι,
3502 3569 3725 3619 ἕκαστον
3762 3566 3860 3619 τῶν

2332 3657 2568 3727 ἀστέρων
2601 3656 2799 3727 κόσμον
2838 3657 3116 3727 ὑπάρχειν,
3156 3656 3260 3725 γῆν
3282 3657 3622 3726 περιέχοντα,
3646 3657 3777 3727 ἀέρα
3806 3673 3858 3707 τε

2332 3749 2423 3801 καὶ
2446 3748 2655 3818 αἰθέρα,
2702 3750 2757 3799 ὲν
2789 3748 2865 3817 τῷ
2918 3748 3146 3817 ἀπείρῳ.
3200 3744 3383 3798 Ταῦτα
3438 3744 3508 3797 τὰ
3547 3746 3785 3813 δόγματα
3810 3747 3859 3795 ἐν

2333 3842 2442 3901 τοῖς
2483 3840 2755 3909 Ὀρφικοῖς
2778 3838 3065 3909 ἐμφέρεται
3081 3853 3094 3865 ο
3119 3832 3497 3905 κοσμοποιοῦσι
3515 3834 3621 3906 γὰρ
3649 3836 3859 3887 ἕκαστον

2333 3928 2439 3980 τῶν
2470 3930 2729 3999 ἀστέρων.
2753 3928 3064 3997 Ἐπίκουρος
3092 3925 3243 3978 οὐδὲν
3273 3925 3631 3991 ἀπογινώσκει
3651 3924 3858 3982 τούτων.

2335 4017 2583 4086 ἐχόμενος
2605 4016 2697 4068 τοῦ
2728 4016 3084 4086 ἐνδεχομένου.
3096 4033 3115 4065 ι
3840 4025 3845 4029 ·

709 4087 817 4138 dat.
843 4086 1015 4155 Atque
1044 4087 1144 4141 hoc
1200 4089 1391 4157 dogma
1435 4092 1628 4158 passim
1660 4091 1905 4162 Orphicis
1941 4100 2271 4175 carminibus
2308 4106 2628 4169 celebratur,
2679 4119 2798 4174 quae
2830 4103 3057 4175 singulis
3095 4117 3161 4157 ex
3199 4100 3463 4156 sideribus
3498 4100 3728 4155 mundos
3757 4096 3856 4153 em-

709 4179 874 4231 ciunt.
932 4177 1193 4247 Epicurus
1239 4179 1429 4233 barum
1473 4185 1853 4240 sententiarum
1891 4189 2089 4243 nullam
2154 4193 2374 4247 omnino
2419 4196 2694 4264 repudiat,
2724 4209 2879 4249 suum
2923 4193 3075 4258 illud,
3138 4192 3254 4247 ﬁeri
3298 4206 3497 4262 posse,
3562 4200 3857 4245 constanter

708 4271 962 4326 retinens.
990 4290 1009 4322 ι

1248 4361 1472 4417 CAPUT
1500 4363 1687 4418 XXXI.

1189 4450 1264 4503 De
1279 4454 1505 4505 siderum
1525 4455 1714 4524 ﬁgura.

788 4556 809 4588 ι
834 4537 1017 4600 Stoici,
1052 4538 1265 4608 globosa
1287 4555 1404 4595 esse
1426 4545 1619 4609 sidera,
1656 4560 1761 4599 non
1789 4561 1943 4602 secus
1976 4564 2041 4605 ac
2078 4567 2233 4606 mun-

712 4625 859 4690 dum,
906 4627 1073 4680 solem
1109 4635 1269 4697 atque
1312 4630 1510 4687 lunam.
1538 4633 1819 4689 Cleanthes
1853 4638 1973 4689 coni
2012 4639 2235 4707 ﬁguram

714 4711 784 4765 iis
835 4715 1089 4767 attribuit.
1135 4717 1509 4783 Anaximenes,
1551 4722 1857 4791 crystallina
1908 4724 1962 4777 in
2015 4736 2238 4794 corpore

716 4800 983 4856 clavorum
1020 4804 1072 4855 in
1106 4806 1322 4858 modum
1354 4820 1471 4860 esse
1494 4809 1682 4863 deﬁxa.
1732 4811 1981 4865 Nonnulli
2012 4813 2237 4871 laminas

717 4889 972 4957 quasdam
1020 4891 1222 4959 igneas,
1252 4909 1371 4963 qua:
1400 4896 1581 4949 crelata
1615 4900 1772 4953 veluti
1825 4902 1975 4969 signa
2010 4901 2233 4956 videan.

717 4988 823 5032 tur.
857 4998 875 5030 ›
910 4978 1181 5048 Ejusmodi
1207 4994 1348 5051 sunt,
1370 5001 1489 5054 qua
1508 4988 1573 5040 de
1595 4986 1699 5043 illis
1729 5006 1863 5058 quos
1891 4993 2238 5060 aspectabiles

720 5070 807 5122 isti
834 5070 960 5123 deos
990 5071 1283 5137 nominant,
1305 5076 1516 5144 egregia
1547 5076 1700 5131 uobis
1722 5082 2041 5151 excogitavit
2062 5082 2236 5150 philo-

724 5162 928 5228 sophia.
958 5163 1072 5216 Jam
1114 5180 1231 5232 qua
1267 5166 1331 5219 de
1360 5168 1609 5223 universo
1635 5184 1846 5238 quoque
1885 5173 2231 5242 pronuntient

722 5246 957 5314 ejusdem
983 5266 1049 5303 ex
1080 5249 1347 5305 Plutarchi
1384 5258 1559 5312 verbis
1593 5258 1842 5327 intellige.

930 5425 1154 5504 ριμης.
1169 5429 1430 5504 Plutarch.
1455 5434 1572 5487 eod.
1604 5434 1720 5498 lih.,
1744 5448 1861 5501 cap.
1886 5433 1967 5488 l5.

790 5493 901 5565 (37)
939 5496 1055 5549 Td»-
1077 5493 1301 5553 ἄλλων.
1329 5499 1594 5557 Plutarch.
1623 5493 1786 5567 addit,
1811 5493 2109 5573 στοιχείων.

2817 4370 3199 4426 ΚΕΦΑΛΔῙΟΝ
3227 4368 3353 4423 AA'.

2706 4460 2841 4529 Περὶ
2885 4460 3185 4529 σχήματος
3212 4459 3495 4527 ἀστέρων.

2412 4569 2432 4601 ι
2463 4553 2524 4603 Oi
2556 4552 2797 4615 Στωϊκοὶ,
2847 4551 3159 4620 σφαιρικοὺς
3200 4552 3327 4612 τοὺς
3351 4547 3604 4618 ἀστέρας,
3626 4548 3856 4617 καθάπερ

2339 4641 2426 4694 τδν
2456 4642 2672 4710 κόσμον,
2700 4642 2791 4694 καὶ
2816 4640 2987 4711 ἣλιον,
3016 4641 3108 4694 καὶ
3140 4638 3361 4708 σελήνην
3410 4638 3545 4706 (38).
3572 4638 3855 4708 Κλεάνθης.

2340 4730 2654 4791 κωνοειδεῖς.
2743 4728 3122 4799 Ἀναξιμένης,
3205 4725 3346 4796 ἥλων
3413 4726 3564 4797 δίκην
3636 4743 3855 4778 καταπε-

2341 4818 2647 4887 πηγμένους
2667 4815 2742 4884 τῷ
2766 4815 3201 4886 κρυσταλλοειδεῖ.
3242 4814 3409 4867 Ἔνιοι
3435 4812 3493 4865 δὲ
3520 4812 3727 4866 πέταλα
3767 4812 3855 4866 πύ-

2344 4924 2463 4977 ρινα
2510 4901 2665 4968 εἶναι,
2711 4905 2891 4976 ὥσπερ
2959 4903 3380 4973 ζωγραφήματα.
3414 4921 3433 4953 ι
3490 4900 3723 4955 Τοιαῦτα
3772 4901 3855 4969 τῆς

2341 4994 2648 5065 θαυμαστῆς
2678 4994 2981 5063 φιλοσοφίας
3026 4992 3095 5045 τὰ
3125 4989 3253 5062 περὶ
3278 4984 3354 5043 ὧν
3391 4998 3516 5059 φασι
3538 4992 3853 5060 φαινομένων

2340 5084 2473 5136 θεῶν
2498 5084 2856 5153 ἐξευρήματα.
2890 5078 2989 5137 Οἷα
3012 5082 3067 5134 δὲ
3118 5082 3209 5134 καὶ
3241 5080 3366 5151 περὶ
3388 5079 3480 5132 τοῦ
3520 5079 3719 5142 παντὸς
3747 5080 3853 5161 διες

2340 5174 2588 5245 λήφασιν,
2632 5175 2694 5223 ὲκ
2717 5172 2812 5239 τῆς
2863 5172 3027 5240 αὑτῆς
3085 5169 3315 5240 μάνθανε
3369 5168 3463 5221 τοῦ
3525 5167 3852 5238 Πλουτάρχου

2336 5263 2529 5331 φωνῆς·

2408 5436 2516 5503 (38)
2554 5436 2661 5488 Καὶ
2718 5434 3000 5499 σελήνην.
3057 5429 3328 5496 Κλεάνθης
3376 5428 3697 5489 κωνοειδεῖς.
3746 5423 3851 5481 Bac

2341 5505 2640 5561 addidimus
2663 5519 2727 5558 ex
2747 5504 3050 5577 Plutarcho.
