4014 6356
72 485 190 538 1405

1156 478 1466 533 ΡΒίΕΡᾹΒ.
1511 477 1754 534 EVANG.
1797 479 1921 533 LIB.
1962 480 2072 535 xv.
2144 466 2148 470 ’

3105 488 3237 543 1406

72 596 137 661 ιῗς
185 596 449 663 ἀνάγκαις
486 596 685 647 ἕκαστα
719 594 940 661 γίνεται,
991 596 1247 663 ποιήσειν,
1300 596 1423 645 ὅταν
1475 594 1594 661 βού-

1703 594 1839 648 Sunt
1892 595 1982 663 qui
2033 606 2087 648 et
2132 596 2279 649 nasci
2327 597 2575 652 universa
2619 598 2818 665 dicant,
2872 610 2925 655 et
2975 602 3236 668 interire,

72 694 268 749 λωνται,
294 688 389 739 καὶ
407 687 661 756 ἀνέμους,
694 686 784 738 καὶ
816 686 997 746 ὖδατα,
1033 687 1122 738 καὶ
1165 686 1329 755 ὧρας,
1358 688 1446 737 καὶ
1475 688 1595 738 ὅτου

72 784 121 833 iv
144 779 300 833 ἄλλου
331 780 551 831 δέωνται
583 779 689 830 τῶν
718 778 965 831 τοιούτων
989 796 1002 842 ;
1036 780 1066 848 ἢ
1090 779 1293 831 τοιοῦτο
1320 780 1417 848 μὲν
1450 781 1598 832 οὐδὲν

72 872 157 924 036‘
179 870 506 933 ἐλπίζουσιν,
540 871 699 940 ἀρκεῖ
736 869 777 921 δ’
812 872 988 932 αὐτοῖς
1014 870 1209 929 γνῶναι
1246 872 1400 941 μόνον
1491 871 1598 923 τῶν

72 961 299 1014 τοιούτων
332 961 534 1013 ἕκαστα
557 961 818 1027 γίγνεται.
854 962 984 1030 Περὶ
1019 961 1114 1029 μὲν
1145 958 1236 1013 οὖν
1268 961 1371 1012 τῶν
1429 962 1596 1015 ταῦτα.

72 1050 576 1119 πραγματευομένων
603 1051 819 1103 τοιαῦτα
845 1052 1041 1117 ἔλεγεν·
1074 1053 1230 1115 αὐτὸς
1253 1053 1306 1104 δὲ
1341 1071 1403 1104 πε
1415 1054 1465 1121 ρ¹ι
1488 1052 1594 1105 τῶν

74 1142 400 1210 ἀνθρωπείων
458 1143 544 1193 ἀεὶ
589 1142 868 1209 διελέγετο,
927 1142 1137 1194 σκοπῶν
1178 1144 1229 1193 τί
1277 1144 1511 1205 εὐσεϐὲς,
1544 1143 1594 1194 τί

74 1230 258 1293 ἀσεϐές·
293 1234 346 1283 τι
370 1226 549 1294 καλὸν,
577 1232 628 1284 τί
657 1232 889 1302 αἰσχρόνο
913 1232 964 1283 τί
986 1232 1207 1297 δίκαιον,
1240 1235 1294 1284 τί
1325 1233 1523 1285 ἄδικον·
1544 1233 1595 1283 τί

76 1322 386 1391 σωφροσύνη,
413 1324 465 1375 τί
501 1325 677 1393 μανία.
696 1344 714 1376 ι

1698 696 1823 739 sunt
1854 695 2039 739 contra
2114 687 2205 754 qui
2240 688 2371 740 nihil
2401 698 2492 741 aut
2521 699 2697 743 ortum
2730 707 2962 761 unquam
3021 703 3114 746 aut
3141 709 3240 746 un-

1698 792 1856 845 quam
1893 767 2228 830 interiturum
2261 794 2379 833 esse
2400 778 2701 834 defendant.
2731 781 2844 846 Qua
2866 782 2931 836 de
2963 784 3238 837 hominum

1701 868 1908 921 ratione
1936 868 2205 935 quaerebat
2240 870 2367 922 illud
2418 868 2709 939 praeterea;
2746 889 2868 925 num
2908 882 2962 926 ut
3011 874 3101 942 qui
3138 875 3239 927 hu-

1702 957 1875 1010 manis
1906 957 2111 1011 artibus
2138 972 2357 1027 operam
2389 972 2601 1021 navant,
2629 962 2784 1029 cujus
2821 963 2996 1030 operis
3022 966 3239 1015 modum

1699 1048 2067 1116 rationemque
2117 1050 2439 1113 didicerint,
2489 1051 2538 1103 id
2586 1068 2707 1105 cum
2756 1054 2876 1115 sibi,
2930 1065 3039 1107 tum
3087 1054 3239 1107 alteri

1700 1139 1918 1191 cuilibet
1952 1142 2203 1206 perlicere
2237 1156 2295 1193 se
2339 1156 2494 1209 posse
2520 1144 2793 1195 conlidunt
2822 1162 2836 1208 ;
2867 1145 2935 1196 ita
2964 1146 3055 1212 qui
3101 1144 3239 1195 divi-

1702 1243 1887 1280 narum
1927 1229 1977 1281 in
2029 1246 2204 1282 rerum
2244 1232 2589 1299 inquisitione
2636 1244 2930 1297 versentur,
2958 1244 3237 1302 postquam

1704 1322 1801 1388 ipsi
1837 1338 1941 1389 qua
1969 1339 2192 1391 quzrque
2218 1326 2533 1377 necessitate
2573 1324 2720 1387 ﬁant,
2752 1328 2950 1394 Optime
2982 1342 3240 1393 cognove_

75 1416 181 1479 rint,
210 1424 318 1468 tum
346 1432 408 1468 ea
436 1432 493 1470 se
532 1417 957 1485 quotiescunque
1005 1416 1237 1479 libuerit,
1286 1426 1495 1480 ventos,
1559 1416 1787 1484 pluvias,
1854 1424 2233 1483 tempestates,
2284 1427 2336 1470 et
2402 1417 2447 1470 si
2493 1432 2600 1483 quo
2642 1417 2899 1485 ejusmodi
2955 1418 3061 1471 alio
3106 1433 3240 1487 opus

82 1506 357 1571 habuerint,
388 1506 595 1562 edicere
647 1523 803 1576 posse
846 1509 1190 1571 existiment;
1231 1526 1295 1561 an
1330 1509 1509 1576 potius
1542 1506 1591 1558 id
1634 1521 1696 1558 ne
1759 1514 1973 1574 sperent
2028 1507 2273 1581 quidem,
2316 1523 2419 1575 qua
2470 1507 2641 1559 stilum
2672 1509 2904 1576 quidque
2934 1508 3023 1561 liat
3072 1511 3238 1561 ratio—

82 1612 178 1649 nem
215 1605 399 1652 tenere
432 1601 689 1653 contenti.
724 1599 843 1656 Haec
890 1602 974 1654 ille
1027 1618 1151 1664 ,cum
1191 1602 1256 1656 de
1311 1616 1488 1654 rerum
1557 1601 1781 1653 istarum
1849 1599 2277 1667 exploratoribus
2315 1600 2533 1662 diceret,
2568 1608 2679 1652 tum
2729 1601 2978 1653 humanis
3020 1601 3131 1668 ipse
3175 1599 3239 1653 de

79 1693 213 1746 rebus
240 1702 496 1762 perpetuo
517 1695 834 1761 disserebat,
859 1708 909 1750 et
934 1697 1058 1765 quid
1085 1698 1228 1766 pium
1254 1706 1345 1750 aut
1370 1696 1613 1764 impium,
1644 1695 1770 1763 quid
1796 1694 2078 1746 honestum
2104 1701 2194 1747 aut
2215 1701 2386 1761 turpe,
2410 1694 2536 1762 quid
2557 1694 2759 1761 justum
2823 1703 2912 1747 aut
2959 1693 3236 1762 injustum,

77 1787 182 1853 quid
208 1802 393 1840 sanum
432 1797 526 1841 aut
559 1789 809 1843 stolidum
852 1789 1004 1854 foret,
1036 1792 1351 1859 inquirebat.
1389 1810 1406 1840 ι

134 1877 297 1929 Ταῦτα
331 1878 433 1947 μὲν
452 1876 544 1930 οὖν
573 1881 879 1951 Σωκράτης.
912 1882 1059 1934 Μετὰ
1096 1882 1150 1933 δὲ
1167 1882 1337 1947 ,αὐτὸν
1384 1883 1429 1933 οἱ
1478 1881 1598 1948 περὶ

1770 1872 2037 1926 Hactenus
2075 1871 2311 1927 Socratis
2346 1883 2573 1926 mentem
2623 1883 2779 1943 atque
2804 1878 3095 1929 orationem
3145 1878 3239 1930 ha-

88 1968 410 2035 Ἀρίστιππον
440 1969 527 2022 τὸν
552 1972 870 2041 Κυρηναῖον,
928 1972 1091 2025 ἔπειθ’
1124 1973 1342 2043 ὕστερον
1381 1974 1429 2023 οἱ
1470 1974 1594 2039 περὶ

101 2052 354 2127 Αριστωνα
376 2060 468 2112 τὸν
490 2062 615 2112 Χῖον
640 2063 990 2132 ἐπεχείρησαν
1014 2064 1205 2130 λέγειν,
1237 2064 1308 2125 ὡς
1330 2063 1434 2114 δέοι
1461 2064 1595 2131 μόνα.

77 2150 133 2201 τὰ
153 2149 303 2217 ἠθικά
331 2151 655 2218 φιλοσοφεῖν.
690 2149 839 2205 Εἶναι
863 2156 965 2225 γὰρ
988 2154 1048 2223 δὴ
1074 2155 1240 2207 ταῦτα
1278 2155 1370 2223 μὲν
1400 2154 1594 2206 δυνατὰ

82 2241 430 2311 καὶὼφέλιμασ
476 2243 599 2306 τοὺς
628 2244 805 2313 μέντοι
854 2246 1101 2315 περὶτῆς
1143 2248 1351 2313 φύσεως
1410 2246 1595 2313 λόγους

84 2332 169 2381 πᾶν
189 2331 498 2395 τούναντίον,
534 2336 665 2403 μήτε
691 2336 1059 2405 καταληπτοὺς
1082 2333 1234 2399 εἶναι,
1266 2338 1409 2407 μὴτ’,
1442 2338 1594 2389 εἰκαὶ

86 2418 281 2485 ὀφθεῖεν.
310 2422 500 2489 διρελος
536 2422 674 2492 ἔχειν
731 2442 799 2476 τι.
835 2426 1011 2493 Μηδὲν
1052 2428 1155 2497 γὰρ
1214 2429 1341 2496 ἡμῖν
1382 2428 1595 2480 ἔσεσθαι

90 2511 235 2573 πλέον,
262 2511 376 2563 ἀλλ’
421 2514 529 2569 οὐδ’
554 2516 623 2577 ει,
673 2517 1049 2589 μετεωρότεροι
1083 2518 1174 2570 τοῦ
1213 2520 1461 2589 Περσέως
1494 2520 1594 2589 ἀρ-

94 2602 255 2667 θέπες,

151 2764 309 2834 ’Υπέρ
340 2783 403 2819 τε
458 2767 677 2820 πόντου
729 2769 894 2835 χεῦμ’
932 2770 1077 2836 ὺπέρ
1132 2787 1193 2821 τε
1252 2770 1523 2832 Πλειάδα,

147 2854 305 2917 αὐτοῖς
346 2858 457 2919 τοῖς
484 2856 687 2927 ὄμμασι
717 2858 1017 2927 κατίδοιμεν
1041 2860 1128 2911 τὸν
1166 2862 1336 2913 πάντα
1376 2862 1592 2931 κόσμον,

88 2945 166 2993 καὶ
180 2945 376 3013 τὴντῶν
400 2946 568 2999 ὄντων
586 2949 895 3017 φύσιν,ἦτις
918 2950 1111 3018 δήποτέ
1128 2952 1286 3002 ἐστιν.
1303 2953 1373 3003 Οὐ
1403 2952 1507 3022 γὰρ
1532 2953 1594 3021 δὴ

85 3032 161 3093 διὰ
180 3050 235 3099 γε
278 3034 418 3089 τοῦτο
457 3039 905 3110 φρονιμωτέρους,
953 3040 983 3108 ἢ
1016 3040 1391 3109 δικαιοτέρους,
1435 3040 1466 3108 ἢ
1506 3042 1596 3091 ἁν-

84 3124 397 3195 δρειοτέρους,
416 3129 449 3196 ἦ
474 3131 925 3200 σωφρονεστέρους
960 3132 1101 3199 ἡμᾶς
1124 3130 1353 3181 ἔσεσθαιι
1378 3130 1467 3181 καὶ
1489 3131 1592 3199 μὴν

1698 1963 1904 2016 bemus.
1940 1962 2071 2013 Eum
2097 1961 2400 2029 Aristippus
2422 1962 2727 2031 Cyrenaeus,
2754 1978 2814 2017 ac
2839 1964 3026 2017 deinde
3061 1965 3239 2019 Aristo

1693 2053 1860 2106 Chius
1896 2053 2089 2115 secuti,
2127 2068 2230 2105 non
2269 2052 2372 2105 nisi
2404 2054 2468 2106 de
2500 2055 2739 2109 molibus
2760 2055 3237 2124 pliilOSOpliandum

1693 2156 1813 2195 esse
1842 2141 2167 2215 docuerunt.
2212 2140 2388 2194 Unum
2422 2143 2564 2196 enim
2619 2144 2719 2198 huc
2770 2144 3005 2198 scientia:
3050 2162 3237 2212 genus,

1692 2241 1743 2285 et
1766 2246 1919 2299 posse
1946 2232 2339 2299 comprehendi,
2361 2242 2413 2285 et
2433 2233 2721 2300 plurimum
2747 2237 2989 2296 utilitatis
3020 2236 3236 2292 alTerre:

1695 2324 1813 2375 illas
1845 2323 1909 2375 de
1944 2334 2132 2376 natura
2159 2324 2503 2391 qutestiones,
2552 2332 2605 2377 et
2661 2325 2953 2379 humanum
2989 2342 3241 2394 superare

1694 2422 1931 2481 captum.
1974 2396 2071 2466 nec
2100 2421 2158 2465 ut
2197 2413 2462 2481 pervideri
2507 2414 2795 2481 aliquando
2828 2417 3051 2482 possint,
3088 2432 3240 2471 com-

1694 2504 1870 2572 pendii
1906 2504 2194 2572 quidquam
2230 2504 2442 2558 habere.
2482 2503 2622 2557 Nihil
2653 2507 2847 2574 quippe
2880 2507 3031 2561 nobis
3058 2523 3241 2563 acces-

1694 2609 1901 2653 surum,
1929 2594 1973 2646 si
1999 2594 2077 2646 vel
2104 2594 2283 2657 altius,
2315 2610 2476 2662 quam
2504 2593 2729 2650 Perseus
2754 2598 2885 2666 ipse,
2908 2615 3238 2667 raperentur,

1695 2690 1853 2751 atque
1877 2682 2008 2735 adeo

1872 2774 2129 2844 Pontique
2160 2775 2376 2842 ﬂuctus,
2406 2785 2558 2845 atque
2588 2776 2832 2831 Pleiadas
2869 2797 3046 2848 supra,

1696 2864 1954 2916 mundum
2007 2850 2359 2931 universum,
2408 2868 2711 2936 nudamque
2766 2885 2943 2922 rerum
2992 2880 3233 2925 naturam

1695 2955 1933 3005 omnium
1970 2955 2139 3007 oculis
2172 2970 2530 3010 cerneremus.
2557 2956 2664 3012 Nec
2688 2960 2828 3012 enim
2865 2962 3235 3028 prudentiores

1697 3045 1838 3107 inde,
1870 3044 2141 3111 justiores,
2176 3044 2441 3107 fortiores,
2476 3052 2915 3118 temperantiores
2958 3068 3055 3106 nos
3093 3054 3237 3107 futu-

1698 3150 1809 3197 ros,
1852 3136 1957 3188 imo
2004 3150 2070 3187 ne
2118 3136 2365 3189 robustos
2411 3139 2648 3206 quidem,
2679 3150 2769 3194 aut
2816 3140 3101 3206 formosos,
3145 3155 3238 3198 aut

85 3214 183 3264 οὐδὲ
212 3218 467 3285 ἰσχυροὺς,
498 3220 531 3289 ἢ
559 3220 769 3282 καλοὺς,
809 3220 839 3289 ἢ
874 3220 1166 3283 πλουσίους,
1205 3214 1277 3272 ὧν
1312 3222 1475 3290 χωρὶς
1500 3223 1592 3288 οὐχ

1695 3225 2141 3293 divites;quibus
2189 3228 2234 3280 si
2280 3228 2439 3282 rebus
2491 3245 2710 3293 careas,
2761 3232 2945 3285 beatus
2981 3248 3096 3287 esse
3131 3251 3235 3287 non

85 3301 175 3356 οἶόν
196 3322 245 3357 τε
273 3309 617 3378 εὐδαιμονεῖν.
652 3310 810 3362 Ὅθεν
841 3310 1011 3380 ὀρθῶς
1043 3307 1158 3362 εἷπε
1186 3312 1493 3380 Σωκράτης,
1513 3314 1591 3364 ὅτι

89 3397 170 3445 τῶν
196 3397 347 3451 ὄντων
365 3400 435 3452 τὰ
458 3401 552 3469 μὲν
588 3401 726 3472 ὑπὲρ
748 3404 891 3471 ἡμᾶς
941 3402 1044 3470 εἴη,
1094 3402 1159 3452 τὰ
1200 3402 1253 3453 δὲ
1279 3402 1426 3454 οὐδὲν
1459 3404 1594 3472 πρὸς

93 3486 221 3553 ἡμᾶς.
255 3485 400 3543 Εἶναι
440 3493 543 3562 γὰρ
583 3493 649 3545 τὰ
687 3494 884 3560 φυσικά
934 3494 1027 3562 μὲν
1070 3494 1205 3563 ὑπὲρ
1250 3495 1411 3563 ἡμᾶς,
1446 3494 1512 3546 τὰ
1538 3495 1592 3546 δὲ

94 3579 200 3644 μετά
218 3580 433 3634 θάνατον
452 3584 600 3635 οὐδὲν
630 3586 761 3655 πρὸς
790 3587 950 3657 ἡμᾶς·
977 3586 1107 3653 μόνα
1136 3585 1189 3637 δὲ
1223 3586 1352 3654 πρὸς
1373 3587 1515 3654 ἡμᾶς
1529 3586 1593 3637 τὰ

90 3668 378 3738 ἀνθρώπινα,
420 3675 602 3745 Ταύτῃ
650 3676 704 3728 δὲ
734 3678 823 3730 καὶ
868 3678 1067 3747 χαίρειν
1102 3678 1257 3730 αὑτὸν
1284 3680 1498 3730 εἰπόντα
1528 3681 1592 3749 τῇ

100 3763 415 3833 Ἀναξαγόρου
439 3767 531 3819 καὶ
581 3767 865 3837 Ἀρχελάου
903 3770 1232 3840 φυσιολογίᾳ,
1257 3770 1453 3839 ζητεῖν»

96 4027 218 4080 Ὄττι
269 4032 317 4082 οἱ
360 4030 431 4085 ἐν
456 4030 761 4102 μεγάροισι
816 4034 1000 4085 κακόν
1061 4034 1107 4085 τ’
1138 4034 1358 4101 ἀγαθόν
1404 4050 1465 4087 τε
1511 4032 1594 4085 τέ-

1242 4102 1486 4172 [τυκται.

96 4187 180 4239 Καὶ
206 4192 360 4257 ἄλλως
385 4195 443 4247 δὲ
469 4190 605 4247 εἶναι
628 4197 749 4260 τοὺς
774 4197 1028 4262 φυσικοὺς
1046 4194 1229 4261 λόγους
1254 4196 1312 4245 οὐ
1333 4194 1593 4262 χαλεποὺς

96 4279 188 4331 οὐδὲ
214 4282 489 4348 ἀδυνάτους
517 4287 690 4355 μόνον,
726 4286 857 4338 ἀλλά
885 4286 977 4337 καὶ
1005 4285 1215 4346 ἀσεόεῖς
1254 4285 1345 4335 καὶ
1372 4286 1482 4345 τοῖς
1512 4285 1593 4336 νό-

98 4385 191 4435 μοις
212 4372 564 4439 ὑπεναντίους.
594 4378 729 4441 Τοὺς
759 4378 865 4447 γὰρ
904 4377 1080 4443 ἀξιοῦν
1117 4376 1235 4445 μηδ’
1273 4372 1409 4427 εἶναι
1442 4375 1595 4439 θεοὺς

96 4460 141 4509 τὺ
162 4464 413 4532 παράπαν,
435 4468 562 4529 τοὺς
589 4467 665 4529 δὲ,
692 4467 934 4539 ἄπειρον,
975 4469 1006 4537 ἦ
1058 4467 1117 4519 τὸ
1141 4467 1219 4529 ὃν,
1248 4467 1278 4535 ἢ
1312 4467 1370 4518 τὸ
1395 4466 1472 4529 ἓν,
1502 4469 1593 4520 καὶ

100 4551 237 4605 πάντα
267 4556 459 4624 μᾶλλον
492 4558 524 4627 ἢ
546 4559 669 4620 τοὺς
696 4561 1090 4630 νομιζομένους.
1110 4562 1219 4630 Τήν
1240 4562 1285 4612 τ’
1302 4556 1365 4612 αὖ
1391 4559 1591 4628 διαφω-
1623 4540 1664 4593 D

99 4640 189 4692 νίαν
215 4648 520 4718 παμπόλλην
540 4645 701 4702 οὖσαν
739 4650 867 4721 (94).
928 4652 1062 4713 Τοὺς
1097 4652 1190 4721 μὲν
1227 4653 1329 4721 γὰρ
1374 4650 1592 4720 ἄπειρον

96 4730 365 4799 ἀποφαίνειν
398 4739 459 4791 τὸ
480 4740 603 4801 πᾶν,
630 4740 753 4797 τοὺς
802 4740 858 4792 δὲ
891 4742 1317 4810 πεπερασμένονο
1346 4741 1439 4792 καὶ
1471 4742 1593 4801 τοὺς

94 4820 175 4887 μὲν
196 4824 359 4889 ἀξιοῦν
384 4830 595 4883 ἅπαντα
623 4830 899 4891 κινεῖσθαι,
932 4832 1052 4892 τοὺς
1103 4832 1159 4883 δὲ
1212 4830 1458 4893 καθάπαξ
1492 4848 1593 4899 μη-

89 4909 177 4964 δέν.
202 4916 297 4970 Καὶ
326 4920 431 4989 μὴν
459 4923 511 4975 εἴ
535 4939 585 4975 τι
622 4923 712 4975 καὶ
736 4922 881 4984 ἀλλο,
906 4922 1116 4975 πάντων
1154 4921 1346 4991 ἄριστά
1377 4937 1465 4987 μοι
1510 4919 1591 4971 δο-

90 5007 159 5053 κεῖ
182 5010 293 5078 περὶ
320 5013 521 5066 τούτων
555 5015 823 5068 αὺτῶνῖὲν
847 5019 955 5076 τοῖς
985 5016 1221 5077 Σίλλοις
1250 5014 1341 5065 καὶ
1368 5014 1395 5065 ὀ
1433 5011 1588 5063 Φλιά-

90 5108 185 5156 σιος
208 5096 377 5168 Τίμων
402 5106 676 5175 εἰρηκέναι
700 5107 842 5160 τάδε·

97 5271 175 5355 ης
205 5276 301 5355 7'ka
326 5282 465 5355 τφύς
491 5282 540 5334 δ’
560 5284 707 5352 ὀλοῇ
732 5287 875 5353 ἔριδι
902 5286 1156 5353 ξυνέηκε
1183 5284 1496 5355 μάχεσθαις

114 5343 286 5411 Ηχοῦς
308 5343 635 5421 σύνδρομος
672 5343 867 5423 δχάος.
917 5343 981 5410 Ὅ
1018 5343 1144 5427 γὰρ,
1183 5343 1446 5474 ergo;ng
1486 5343 1590 5420 νχο-

1266 5464 1277 5474 .
1384 5440 1413 5473 ε
1438 5444 1486 5474 c.

92 5479 299 5537 Νοῦσον
331 5489 421 5541 ἐπ’
450 5490 661 5561 ἀνέρας
720 5490 872 5561 ὦρσε
897 5495 1094 5562 λάλην
1122 5513 1133 5524 ’
1182 5424 1486 5635 ὀνῗὲἷιαόῖνὲξ’
1526 5492 1591 5543 δὲ

1256 5580 1345 5616 πο.
1411 5578 1483 5613 οι.

1256 5578 1459 5616 πολλοι
1474 5601 1483 5610 .

100 5639 240 5714 Ὁρᾷς
267 5647 339 5711 ὡς
366 5651 462 5722 ἤδη
485 5654 577 5705 καὶ
605 5654 861 5724 ἀλλήλους
897 5655 1230 5708 σκώπτουσιν
1258 5653 1305 5703 οἱ
1326 5655 1587 5719 γενναῖοι;

93 5729 183 5799 Τὴν
204 5735 323 5801 γοῦν
354 5742 487 5812 πρὸς
518 5745 769 5816 ἀλλήλους
824 5746 1141 5815 φιλονεικίαν
1174 5744 1367 5808 αὐτῶν,
1415 5742 1508 5802 τὰς
1534 5759 1588 5793 τε

154 5833 251 5899 (οι)
289 5833 443 5890 Forte
478 5831 630 5892 εἷναι.

1693 3314 1887 3383 possis.
1921 3314 2195 3382 Quocirca,
2231 3317 2359 3371 illud
2395 3312 2643 3373 Socrates
2675 3322 2851 3374 dicere
2882 3324 3069 3377 solitus
3098 3334 3233 3387 erat,

1692 3421 1721 3458 e
1753 3407 1915 3459 rebus
1950 3406 2083 3459 alias
2113 3422 2272 3476 supra
2326 3425 2424 3462 nos
2464 3426 2602 3474 esse,
2659 3412 2791 3466 alias
2836 3415 3084 3467 nihil‘ad
3137 3432 3235 3470 nos

1692 3498 1955 3563 pertinere
1990 3517 2003 3549 :
2050 3497 2305 3566 physicas
2342 3500 2483 3553 enim
2516 3511 2672 3571 captu
2708 3513 2891 3557 nostro
2937 3506 3234 3573 superiores

1693 3600 1856 3650 esse;
1915 3600 2035 3653 qua:
2090 3601 2216 3639 vero
2245 3596 2470 3641 mortem
2527 3605 2950 3660 consequantur,
2992 3609 3022 3647 a
3079 3595 3234 3647 nobis

1694 3675 1913 3727 omnino
1958 3676 2293 3744 disjunctas:
2355 3680 2575 3746 proinde
2632 3693 2807 3735 nostra
2870 3686 3234 3736 tantummodo

1696 3764 1957 3818 humanas
1993 3765 2265 3821 interesse.
2314 3768 2475 3837 855
2533 3768 2673 3838 Ergo
2718 3772 2893 3825 valere
2920 3772 3068 3841 jussa
3128 3785 3232 3826 tam

1694 3859 2042 3927 Anaxagorae,
2061 3875 2221 3928 quam
2237 3859 2481 3915 Archelai
2508 3862 2858 3934 physioldgia,
2879 3864 2979 3918 hoc
2992 3880 3047 3919 se
3070 3881 3231 3918 unum

1694 3963 1949 4014 quaerere,

1697 4034 1838 4099 Quid
1864 4036 2063 4105 laetum,
2085 4041 2209 4107 quid
2236 4040 2382 4093 triste
2404 4041 2545 4093 domi
2573 4059 2683 4095 sors
2706 4045 2916 4112 propria
2952 4054 3130 4097 verset.

1696 4185 1983 4241 Enimvero
2006 4189 2256 4257 physicas
2280 4190 2396 4243 illas
2418 4190 2823 4258 disputationes,
2850 4208 2954 4245 non
2985 4194 3237 4250 molestas

1694 4292 1814 4331 esse
1846 4278 2126 4342 duntaxat,
2180 4288 2233 4332 et
2285 4279 2516 4332 humana
2558 4280 2814 4365 facultate
2859 4284 3110 4351 majores,
3143 4286 3234 4337 sed

1696 4371 1887 4438 impias
1912 4371 2094 4436 etiam,
2133 4371 2445 4441 legibusque
2477 4375 2792 4428 contrarias.
2847 4374 2993 4429 Alios
3045 4379 3238 4445 quippe

1697 4461 1871 4514 nullos
1901 4461 2053 4529 plane
2084 4462 2213 4517 deos
2251 4464 2570 4529 admittere;
2629 4464 2761 4517 alios
2810 4475 2901 4517 aut
2948 4467 3234 4527 inlinitum,

1697 4563 1788 4607 aut
1819 4556 1869 4607 id
1901 4555 2041 4623 quod
2082 4564 2181 4619 est,
2230 4565 2322 4609 aut
2368 4570 2555 4618 unum,
2607 4564 2699 4609 aut
2732 4556 2833 4610 alia
2869 4559 3115 4625 quaelibet
3145 4572 3237 4623 pro

1696 4645 1799 4698 diis
1848 4646 2062 4707 habere,
2114 4661 2271 4712 quam
2308 4646 2399 4713 qui
2437 4647 2599 4716 vulgo
2632 4649 2825 4716 recepti
2872 4656 3012 4700 sunt.
3066 4646 3241 4714 Atque

1695 4736 1794 4787 hos
1844 4736 1978 4787 inter
2037 4750 2283 4802 magnam
2340 4745 2595 4805 praeterea
2657 4738 3040 4791 dissensionem
3099 4751 3235 4789 esse.

1694 4825 1839 4877 Alios
1876 4824 2018 4878 enim
2048 4826 2357 4879 universum
2389 4828 2653 4881 inliuitum
2682 4842 2897 4895 ponere,
2922 4827 3054 4881 alios
3076 4828 3239 4882 certis

1693 4916 1889 4969 ﬁnibus
1917 4919 2365 4984 comprehensum
2395 4937 2409 4972 :
2446 4919 2679 4986 itemque
2726 4920 2861 4971 alios
2909 4920 3087 4972 omnia
3121 4935 3238 4973 mu-

1694 5012 1803 5064 veri
1859 5019 2133 5075 statuere,
2172 5011 2306 5064 alios
2354 5012 2573 5065 omnino
2618 5010 2769 5062 nihil.
2820 5010 2946 5063 Mihi
2993 5026 3141 5075 vero,
3193 5011 3237 5064 si

1610 5175 1613 5179 7
1694 5104 1982 5171 quidquam
2015 5104 2181 5165 aliud,
2233 5104 2335 5157 hoc
2363 5117 2493 5156 sane
2520 5102 2719 5168 optime
2751 5102 2819 5155 ab
2871 5103 2962 5156 illo
3018 5104 3239 5156 Timone

1694 5195 1931 5248 Phliasio
1960 5195 2015 5246 in
2045 5194 2192 5248 Sillis
2249 5194 2450 5247 dictum
2484 5193 2713 5256 videtur,

1697 5312 1886 5380 Ecquis
1914 5326 1998 5361 eos
2027 5310 2143 5361 diro
2170 5324 2354 5380 pugnae
2383 5307 2725 5380 inﬂammavit
2764 5309 2983 5380 amore?

1695 5376 2012 5434 Concurrens
2040 5380 2226 5446 lingua:
2256 5378 2511 5444 fremitus.
2541 5377 2775 5445 Namque
2804 5378 2890 5429 ille
2909 5376 3151 5429 silentum

1698 5450 2002 5518 Impatiens,
2029 5449 2194 5499 morbi
2218 5448 2461 5518 contagia
2493 5448 2628 5515 [adu
2660 5448 2888 5515 loquacis

1698 5516 1961 5572 Immisit:
1995 5533 2129 5568 ειευο
2170 5516 2323 5568 multi
2354 5518 2551 5585 periere
2583 5534 2789 5570 veneno.

1699 5654 1873 5713 Vides,
1907 5651 2360 5719 quemadmodum
2401 5667 2521 5705 sese
2556 5653 2778 5705 invicem
2818 5648 3057 5702 homines
3088 5662 3239 5716 egre-

1695 5748 1765 5815 gii
1794 5743 2082 5797 vellicent?
2107 5742 2319 5797 Mutuas
2360 5746 2571 5813 quidem
2609 5744 2820 5796 illorum
2850 5741 3237 5804 contentiones,
