3940 6380
510 290 571 347 il
1630 294 1964 350 EPISTOLA
2008 295 2575 354 NUNCUPATORIA.
3622 308 3683 359 4!

502 409 802 472 voluisset
826 450 842 482 ,
880 425 1014 469 eum
1035 452 1051 483 ,
1086 408 1251 488 quod
1278 409 1534 490 ipsemet
1562 411 1855 473 maluisse
1884 414 2055 476 visus
2082 423 2205 491 est,
2232 416 2399 477 inter
2425 414 2723 496 Origenes
2748 460 2765 491 ,
2797 413 3218 478 Tertullianos
3242 415 3280 492 ,'
3301 416 3673 488 Bardesanes.

509 529 807 591 Tatianos
827 573 845 603 ,
884 538 941 590 et
969 530 1027 591 si
1054 531 1161 609 qui
1178 540 1486 609 praeterea
1512 533 1861 595 miserabili
1898 532 2161 598 dissidio
2184 581 2202 613 ,
2243 538 2483 616 ingenii
2513 538 2930 619 doctrinaeque
2962 537 3201 599 laudem
3229 559 3266 600 a
3307 542 3610 620 religionis
3633 553 3684 605 et

383 650 407 669 "
503 651 649 733 ﬁdei
671 653 878 731 gloria
918 654 1333 734 sejunxerunt
1359 698 1373 728 ,
1407 657 1779 718 numeravit.
1816 656 1896 718 In
1923 674 2041 736 quo
2072 657 2318 737 quidem
2353 658 2420 721 id
2444 659 2728 739 providit
2752 680 2864 722 suo
2894 681 3062 724 more
3092 665 3416 743 sapienter,
3446 678 3511 728 ut
3546 688 3688 749 quo-

501 802 643 885 rum
673 803 749 845 ex
778 783 980 845 morbi
1018 785 1383 861 contagione
1424 786 1715 864 pericula
1744 805 1955 847 cavere
1995 796 2208 867 posset
2240 834 2256 860 ,
2306 807 2519 849 eorum
2548 789 2878 852 industriae
2905 789 3121 872 fructu
3166 810 3288 854 non
3330 804 3574 858 careret.
3613 797 3691 859 Et

501 930 645 972 vero
668 956 685 987 ,
719 913 846 974 sive
879 912 1233 975 timiditatis
1269 913 1382 974 hoc
1414 914 1540 993 fuit
1561 957 1577 988 ,
1620 914 1747 975 sive
1780 915 2030 993 fraudis
2054 959 2071 989 ,
2108 917 2328 978 tectius
2360 918 2462 979 hic
2488 918 2810 997 aliquanto
2839 936 3020 998 quam
3050 921 3255 982 exteri
3277 966 3292 997 ,
3329 939 3397 982 ac
3424 940 3701 984 verecum

502 1036 644 1097 dius
671 1037 949 1099 insanire
976 1044 1233 1097 conatus
1265 1048 1375 1109 est,
1408 1046 1478 1096 ut
1507 1038 1637 1099 suis
1666 1038 1797 1117 ipse
1823 1037 2003 1101 libris
2024 1040 2277 1104 Arianae
2310 1040 2587 1121 perﬁdiae
2607 1042 2909 1103 maculam
2941 1059 3269 1122 aspergere
3309 1044 3511 1121 potius
3536 1061 3703 1122 quam

501 1163 755 1222 inurere
816 1157 1123 1219 videatur.
1168 1157 1364 1236 Atque
1403 1166 1473 1217 ut
1504 1155 1576 1215 de
1611 1154 1757 1218 aliis
1782 1158 1894 1218 hoc
1923 1157 2055 1218 loco
2079 1166 2388 1220 taceamus
2412 1204 2429 1235 ,
2464 1158 2738 1240 equidem
2779 1161 2942 1223 hunc
2994 1178 3124 1220 sese
3154 1162 3303 1223 mihi
3336 1164 3709 1240 potissimum

504 1278 802 1341 obtulisse
836 1276 1072 1357 gaudeo
1096 1322 1112 1353 ,
1144 1276 1211 1337 in
1241 1294 1357 1355 quo
1377 1275 1533 1337 labis
1560 1294 1631 1336 ac
1661 1278 1881 1337 veneni
1898 1277 2311 1355 parcissimus
2338 1279 2577 1356 fuerit,
2612 1278 2957 1356 exquisitas
2985 1276 3354 1340 eruditionis
3392 1299 3531 1359 opes
3566 1280 3710 1343 libe-

498 1404 627 1467 rali
652 1405 957 1483 plenaque
999 1418 1186 1461 manu
1216 1398 1617 1476 congesserit.
1662 1398 1822 1457 Sane
1850 1413 1995 1456 vero
2028 1394 2332 1475 quidquid
2388 1398 2503 1459 hoc
2532 1398 2600 1459 in
2624 1414 2843 1475 genere
2873 1396 3087 1459 lxvum
3113 1417 3187 1460 ac
3201 1399 3575 1479 ﬂagitiosum
3596 1401 3717 1463 Eu-

502 1526 658 1588 sebii
688 1544 907 1586 manus
929 1523 1227 1584 ulleverat
1255 1565 1271 1596 ,
1301 1520 1369 1581 id
1400 1538 1571 1580 omne
1610 1520 2029 1599 Trapezuntii
2050 1520 2251 1598 pietas
2278 1564 2295 1595 ,
2328 1519 2609 1582 molliore
2629 1520 2725 1581 vel
2752 1520 2912 1600 stylo
2938 1523 3281 1587 induxerat
3302 1528 3434 1608 .vel
3461 1532 3718 1609 spongia

498 1650 805 1712 deleverat
828 1670 846 1717 ;
878 1646 985 1708 sed
1014 1648 1081 1709 in
1110 1647 1452 1725 interprete
1467 1644 1617 1724 ﬁdes
1644 1645 1840 1723 magis
1872 1642 2289 1706 commendari
2311 1644 2505 1719 solet,
2538 1662 2720 1725 quam
2746 1646 2971 1723 pietas.
2995 1647 3363 1730 Quanquam
3389 1673 3500 1716 nec
3547 1658 3702 1719 tanti

498 1790 663 1843 certe
684 1775 1101 1840 dissimulatio
1152 1773 1278 1836 ista
1304 1773 1454 1853 fuit,
1487 1790 1624 1834 cum
1647 1772 2001 1851 praesertim
2040 1787 2167 1831 non
2194 1768 2437 1845 doceat,
2479 1779 2552 1832 ut
2587 1773 2815 1847 exteri,
2859 1791 2988 1834 non
3024 1774 3270 1854 probet,
3302 1796 3429 1838 non
3468 1789 3705 1857 urgeat,

496 1908 604 1970 sed
624 1917 884 1968 mentem
906 1901 1083 1965 modo
1109 1902 1333 1983 furtim
1361 1900 1595 1965 indicet
1624 1902 1966 1980 innuatque
1988 1918 2205 1960 suam:
2246 1901 2426 1980 quasi
2480 1918 2609 1963 non
2656 1903 2790 1964 sine
2845 1904 3094 1983 pudore
3148 1906 3360 1987 aliquo
3416 1908 3728 1970 catholica

492 2040 725 2120 frontis
758 2034 1064 2117 pudorem
1094 2038 1368 2094 exueret.
1402 2028 1483 2090 At
1510 2037 1813 2110 quantum
1837 2027 1937 2089 hic
1968 2045 2047 2088 ex
2072 2025 2378 2105 locuplete
2397 2043 2572 2104 penu
2590 2043 2800 2087 rerum
2851 2038 3034 2107 atque
3066 2028 3348 2091 locorum
3371 2075 3388 2105 ,
3424 2040 3482 2092 et
3505 2040 3731 2109 quanta

498 2182 635 2226 eum
662 2163 964 2224 varietate
1005 2156 1374 2238 protulerit,
1400 2155 1657 2217 suavius
1681 2199 1697 2229 ,
1722 2162 1796 2215 ut
1823 2153 2076 2233 opinor,
2110 2151 2364 2232 legendo
2401 2153 2626 2214 sentiri
2646 2160 2885 2232 potest,
2936 2173 3117 2235 quam
3159 2155 3424 2219 dicendo
3479 2158 3734 2219 uberius

496 2285 827 2365 explicari.
860 2282 986 2358 Qui
1011 2281 1256 2361 quidem
1284 2299 1541 2356 sensus,
1580 2280 2005 2342 litteratorum
2033 2278 2306 2341 omnium
2337 2279 2673 2341 communis
2704 2277 2903 2342 adhuc
2947 2280 3225 2361 idemque
3269 2284 3444 2364 fuit,
3491 2282 3600 2362 qui
3664 2291 3720 2342 ct

494 2418 681 2498 hujus
708 2417 774 2477 in
812 2415 1021 2494 operis
1053 2414 1406 2493 cognitione
1431 2429 1561 2472 non
1582 2408 1883 2473 mediocri
1904 2407 2236 2487 diligentia
2263 2405 2588 2487 studioque
2617 2410 2851 2470 versati
2872 2422 3056 2487 sunt,
3097 2422 3154 2473 et
3184 2413 3253 2474 in
3274 2431 3345 2473 eo
3367 2413 3729 2491 non.minus

494 2545 833 2609 Eusebium
856 2543 928 2604 de
948 2542 1317 2621 antiquitate
1341 2542 1504 2620 ipsa,
1536 2557 1718 2620 quam
1747 2537 1819 2599 de
1839 2538 2133 2601 universa
2146 2538 2521 2618 posteritate
2545 2538 2837 2599 meruisse
2852 2537 3252 2617 judicarunt.
3272 2538 3482 2619 Atque
3507 2538 3625 2601 hoc
3638 2539 3743 2619 ju-

499 2677 731 2738 dicium
761 2673 1047 2735 veritatis
1102 2680 1229 2747 est,
1250 2688 1378 2731 non
1398 2669 1640 2749 gratiae.
1666 2667 1825 2732 Nam
1854 2677 1927 2730 ut
1955 2684 2056 2729 eos
2083 2668 2428 2746 scriptores
2456 2668 2731 2728 omittam
2756 2712 2772 2742 ,
2804 2686 3066 2747 quorum
3090 2679 3499 2731 monumenta
3552 2669 3736 2733 nobis

497 2801 899 2881 superiorum
922 2806 1169 2861 aetatum
1195 2814 1307 2857 nec
1350 2796 1603 2857 incuria
1640 2795 1915 2874 eripuit,
1944 2811 2058 2854 nec
2088 2792 2317 2856 invidit
2348 2794 2627 2873 injuria,
2662 2792 2886 2872 quibus
2906 2801 3107 2855 tamen
3134 2794 3233 2856 hic
3278 2812 3445 2856 novo
3475 2794 3746 2876 quodam

501 2940 557 2992 et
586 2929 830 2993 illustri
858 2946 1002 3003 usu,
1035 2928 1434 2989 auctoritatis
1466 2926 1814 3006 plurimum
1843 2934 1902 2985 et
1931 2923 2282 3004 splendoris
2312 2924 2594 2985 accessit.
2635 2921 2790 2998 Quis
2814 2938 2941 2983 non
2968 2923 3130 2985 hunc
3169 2924 3299 3003 ejus
3330 2923 3620 2986 laborem
3639 2966 3659 3001 ,
3684 2933 3751 2987 et

492 3078 710 3144 prisco
742 3057 842 3120 illi
869 3076 993 3119 (evo
1021 3058 1361 3118 salutarem
1384 3099 1401 3129 ,
1458 3065 1517 3116 et
1546 3064 1762 3115 nostro
1792 3054 1937 3116 huic
1969 3051 2500 3133 jucundissimum
2528 3070 2599 3111 ac
2638 3050 3209 3130 fructuosissimum
3232 3068 3363 3110 esse
3395 3048 3751 3129 intelligat,

496 3202 614 3263 per
642 3201 819 3264 quem
848 3182 1214 3262 superstites
1245 3198 1354 3239 nec
1373 3198 1609 3258 paucas
1629 3223 1645 3253 ,
1686 3196 1797 3239 nec
1829 3178 2087 3255 exiguas
2110 3185 2495 3238 vetustorum
2516 3221 2532 3252 ,
2562 3178 2674 3239 hoc
2708 3186 2798 3237 est
2826 3176 2921 3238 vel
2949 3186 3216 3255 tempore
3246 3176 3389 3254 ipso
3423 3174 3755 3253 pretioso-

498 3325 641 3368 rum
666 3308 1059 3386 ingeniorum
1102 3302 1425 3381 reliquias,
1459 3302 1549 3361 sic
1579 3310 1869 3379 tanquam
1895 3309 2169 3360 servatas
2200 3317 2278 3360 ex
2300 3297 2636 3381 foedissimo
2676 3299 3010 3378 naufragio
3042 3296 3286 3359 tabulas
3339 3298 3696 3359 habeamus
3728 3301 3760 3360 ἵ

499 3429 699 3506 Atque
720 3435 789 3487 ut
822 3426 1022 3489 obiter
1049 3425 1326 3505 beneﬁcii
1348 3432 1590 3504 partem
1615 3425 1886 3502 aliquam
1919 3422 2309 3500 degustemus
2333 3467 2349 3498 ,
2386 3423 2516 3504 ejus
2547 3423 2615 3485 in
2636 3422 2863 3502 primis
2903 3438 3096 3500 opera
3125 3422 3765 3483 Sanchoniathonem

501 3560 713 3631 illum,
763 3557 1065 3618 hominem
1112 3555 1529 3627 Phoenicium,
1560 3562 1615 3612 et
1642 3552 1964 3633 Trojanis,
1996 3552 2051 3611 si
2080 3550 2392 3630 plerisque
2424 3550 2606 3629 ﬁdes,
2633 3547 3015 3630 temporibus
3054 3566 3393 3628 supparem
3424 3548 3765 3619 audimus,

499 3676 787 3745 Philonis
816 3674 1170 3756 ngliensis
1200 3691 1304 3733 ore
1331 3718 1346 3747 ,
1387 3671 1457 3731 de
1487 3672 1923 3751 antiquissima
1951 3671 2307 3732 Phoenicum
2331 3669 2639 3750 theologia
2675 3670 3130 3748 disputantem;
3160 3688 3294 3749 qua:
3328 3669 3773 3732 Hebraeorum

506 3826 586 3869 ex
604 3804 883 3887 fontibus
907 3849 922 3879 ,
948 3799 1054 3863 sed
1084 3798 1331 3879 obliquo
1362 3817 1433 3860 ac
1464 3796 1637 3858 devio
1667 3795 1843 3876 ﬂexu
1872 3795 2155 3860 derivata
2176 3843 2193 3874 ,
2238 3800 2304 3861 in
2327 3800 2657 3879 Egyptios
2680 3807 2903 3879 postea
2940 3799 3305 3877 Graecosque
3328 3800 3773 3864 redundavit.

503 3928 806 3989 Audimus
838 3933 893 4018 et
918 3923 1306 3985 0Enomaum
1330 3963 1347 3992 ,
1379 3935 1581 3977 acrem
1601 3960 1617 3992 ,
1647 3918 1915 3994 Superi!
1940 3935 2399 3999 pugnacemque
2427 3918 2886 3998 philosophum,
2908 3920 3106 3998 quiab
3126 3920 3424 4001 Apolline
3462 3926 3542 3987 in
3576 3929 3780 4006 frau-

501 4053 639 4114 dem
658 4051 963 4132 impulsus
984 4096 1000 4125 ,
1031 4068 1210 4129 quam
1239 4048 1555 4126 ingeniose
1589 4055 1780 4106 totam
1824 4044 1997 4107 illam
2036 4047 2432 4109 oraculorum
2460 4049 2795 4110 vanitatem
2828 4047 3041 4113 illudit
3062 4052 3091 4111 ?
3135 4063 3368 4131 quanta
3395 4057 3469 4117 vi
3512 4057 3779 4121 dictio-

503 4185 602 4244 nis
622 4182 804 4243 bilem
833 4201 904 4243 ac
934 4182 1312 4243 stomachum
1336 4181 1405 4244 in
1425 4181 1681 4261 profani
1730 4180 2002 4242 numinis
2026 4188 2213 4258 caput
2238 4181 2556 4259 erumpit?
2580 4180 2747 4256 Quid
2788 4199 3006 4261 graves
3042 4187 3099 4241 et
3155 4182 3439 4242 eruditas
3480 4202 3786 4244 commc-

504 4327 735 4369 morem
774 4306 1100 4387 Origenis,
1145 4306 1524 4384 Diogeniani
1547 4350 1562 4377 ,
1590 4303 1970 4365 Bardesanis
2001 4305 2527 4378 concertationes,
2558 4302 2853 4366 adversus
2880 4307 3131 4386 impiam
3168 4307 3465 4370 siderum
3511 4312 3789 4389 fatique

502 4429 963 4499 necessitatem,
990 4444 1112 4506 pro
1136 4428 1415 4488 humance
1453 4424 1761 4487 libertatis
1798 4423 2151 4503 defensione
2208 4426 2578 4503 susceptas?
2627 4425 2796 4501 Quid
2842 4430 3179 4508 Dionysios
3225 4430 3793 4511 Alexandrinos,

507 4555 659 4639 quid
683 4554 997 4617 Maximos
1023 4600 1040 4629 ,
1071 4552 1475 4613 inveteratam
1510 4550 1684 4613 illam
1709 4551 2047 4613 multorum
2070 4552 2587 4630 philosophorum
2608 4551 2679 4612 de
2702 4557 2973 4616 malerice
3001 4559 3349 4618 xternitate
3408 4578 3493 4621 ac
3553 4580 3796 4644 prope

509 4677 839 4740 divinitate
876 4675 1276 4748 sententiam,
1308 4673 1747 4753 pulcherrimis
1777 4692 1848 4734 ac
1878 4674 2252 4752 ﬁrmissimis
2280 4674 2636 4751 rationibus
2669 4688 3004 4741 evertent‘es
3028 4684 3057 4743 ?
3087 4684 3207 4744 Dat
3231 4685 3335 4746 ille
3356 4686 3561 4748 nobis
3590 4690 3794 4751 Por-

506 4803 798 4882 phyrium
829 4846 847 4877 ,
882 4820 959 4863 ex
986 4800 1203 4863 intimo
1246 4807 1521 4860 veterum
1553 4799 1953 4859 oraculorum
1976 4801 2155 4873 sinu,
2188 4818 2414 4861 novum
2447 4801 2784 4865 recondita:
2800 4806 3214 4885 philosophiae
3259 4826 3457 4887 genus
3526 4831 3803 4877 eruen-

504 4936 645 4989 tem.
683 4926 988 4988 Producit
1018 4926 1417 5003 Numenium,
1446 4928 1786 4990 Platonicaa
1834 4929 2158 4992 academiee
2184 4940 2382 4993 sectas
2401 4941 2582 5011 atque
2624 4932 2935 5011 divortia,
2981 4957 3108 4998 non
3152 4941 3355 5001 minus
3397 4940 3805 5022 diligenter

505 5063 563 5114 et
591 5055 906 5115 enucleate
929 5098 947 5129 ,
972 5071 1154 5134 quam
1187 5052 1467 5135 jucunde
1498 5073 1569 5115 ac
1601 5054 1881 5116 suaviter
1911 5056 2347 5133 explicantem.
2366 5056 2665 5138 Ejusdem
2697 5076 2776 5120 ex
2803 5059 3146 5122 Academia:
3182 5066 3409 5141 spatiis
3454 5069 3812 5133 Atticum

493 5177 869 5238 Aristoclem
883 5180 1052 5240 sistit
1071 5197 1149 5238 ex
1169 5177 1385 5258 Lyceo,
1405 5197 1667 5258 quorum
1684 5180 1786 5242 ille
1809 5183 1898 5243 sic
1915 5182 2309 5244 Aristotelem
2326 5182 2635 5246 aPlatone
2661 5182 2925 5263 divellit,
2948 5198 3019 5247 ut
3036 5206 3268 5249 omnem
3283 5190 3449 5252 inter
3477 5212 3612 5254 eos
3626 5197 3818 5276 phi-

503 5303 800 5382 losophice
824 5305 1177 5367 societatem
1209 5306 1754 5386 commerciumque
1778 5305 1998 5377 tollat;
2026 5308 2126 5371 hic
2156 5319 2361 5371 autem
2386 5311 2749 5375 Aristotelis
2777 5314 2880 5375 sui
2900 5313 3338 5393 defensionem,
3378 5336 3531 5377 cum
3571 5321 3816 5403 longa

504 5437 561 5488 et
596 5436 896 5488 accurata
931 5445 1143 5488 eorum
1166 5427 1432 5488 maxime
1465 5428 1987 5509 philosophorum
2010 5476 2027 5507 ,
2061 5433 2169 5511 qui
2190 5434 2472 5496 sensibus
2516 5443 2628 5495 aut
2657 5435 2820 5497 nihil
2856 5445 2967 5495 aut
3005 5440 3212 5500 omnia
3239 5440 3587 5504 crederent
3620 5489 3644 5519 ,
3690 5465 3821 5506 re-

499 5556 912 5635 prehensione
945 5558 1287 5639 conjungit.
1318 5557 1509 5620 Debet
1536 5560 1682 5622 huic
1711 5561 2052 5642 Africanus
2088 5563 2521 5644 Chronologia:
2543 5583 2669 5627 suae
2688 5566 3107 5645 fragmentum
3137 5586 3283 5627 sane
3314 5568 3823 5639 luculentum.

508 5684 691 5747 Debet
723 5684 1015 5748 Plotinus
1046 5686 1302 5765 egregiee
1330 5685 1786 5779 disputationis
1817 5692 2172 5754 auctarium
2196 5736 2213 5767 ,
2271 5709 2392 5774 qua
2448 5691 2891 5753 immortalium
2944 5693 3289 5756 animorum
3324 5694 3827 5775 purissimam
