3940 6380
198 350 250 409 i3
1330 356 1662 414 EPISTOLA
1697 356 2259 416 NUNCUPATORIA.
3280 318 3293 347 ἐ
3320 372 3383 426 ιι

192 474 529 554 divinumque
556 481 864 535 naturam
888 519 905 549 ,
939 474 1013 536 ab
1044 478 1210 538 omni
1240 494 1555 557 corporea
1590 485 1649 537 et
1680 476 1861 538 molis
1893 480 2288 539 concretione
2348 481 2640 560 sejungit.
2678 481 2867 543 Debet
2892 481 3076 545 Philo
3124 482 3382 547 Iudaeo.

187 622 297 665 rum
320 603 900 682 eloquentissimus,
927 606 1417 686 pulcherrimam
1441 648 1460 679 ,
1494 606 1551 667 si
1577 624 1772 667 unum
1810 615 1924 667 aut
1947 606 2217 668 alterum
2252 608 2396 670 inde
2442 628 2680 672 navum
2713 611 3047 673 sustuleris
3073 655 3091 686 ,
3151 612 3379 676 Provi—

187 736 368 799 dentice
388 738 617 799 divina
650 738 1181 817 praedicationem.
1208 739 1328 801 Cui
1351 748 1553 801 tamen
1579 740 1638 799 si
1668 737 1820 819 quid
1860 738 2073 801 deerat
2106 784 2123 815 ,
2163 738 2230 802 id
2275 750 2472 803 totum
2524 742 2911 821 amplissima
2961 764 3042 807 ea:
3088 747 3384 827 Dionysii

182 858 574 923 Alexandrini
602 881 791 942 opere
817 908 834 936 ,
873 872 997 923 tam
1019 863 1315 942 pietatis,
1338 880 1521 941 quam
1550 860 1927 926 eruditionis
1961 867 2159 927 omnis
2206 869 2555 929 accessione
2603 868 2964 932 cumulavit.
3012 872 3196 933 Debet
3230 891 3381 952 pos-

180 997 342 1048 tremo
367 1033 383 1061 ,
448 1005 584 1067 qua
610 1007 769 1069 pars
806 996 898 1049 est
930 988 1416 1069 Praeparationis
1446 990 1632 1071 hujus
1652 991 2047 1069 perinsignis
2069 1035 2085 1063 ,
2138 992 2543 1055 Hebraeorum
2592 993 2703 1057 illa
2755 997 2929 1057 natio
2953 1041 2970 1071 ,
3022 1001 3378 1061 memoriam

172 1114 389 1190 generis
420 1128 751 1191 rerumque
773 1131 1035 1174 suarum
1061 1112 1563 1172 vetustussimam
1581 1130 1601 1170 :
1624 1112 1804 1192 cujus
1831 1109 1913 1171 ad
1936 1112 2353 1174 celebritatem
2377 1158 2395 1189 ,
2420 1096 2540 1193 qui
2565 1135 2692 1177 non
2715 1123 2848 1202 ejus
2888 1142 3033 1184 voce
3063 1124 3376 1206 ductuque

173 1258 482 1303 convenere
508 1246 537 1303 ?
568 1243 778 1304 Graeci
799 1287 816 1317 ,
850 1240 1105 1303 barbari
1138 1248 1420 1301 oratores
1449 1283 1465 1312 ,
1492 1247 1726 1319 poeta',
1751 1237 2078 1308 historici,
2113 1236 2370 1313 Berosi,
2406 1240 2831 1319 Megasthenes
2852 1291 2869 1325 ,
2901 1250 3201 1330 Abydeni,
3236 1253 3375 1315 Eu-

170 1361 407 1439 polemi,
440 1360 1111 1437 Heeateei,Demetrii,
1138 1360 1428 1431 Charili,
1461 1358 1848 1433 Ezechieles,
1891 1360 2227 1440 Artapani.
2284 1363 2479 1444 Cujus
2532 1365 2601 1425 in
2655 1366 2862 1429 laudis
2916 1389 2988 1430 ac
3030 1370 3373 1451 diligentia

163 1496 385 1566 partem
409 1534 426 1561 ,
457 1497 533 1549 ut
555 1490 867 1569 Iosephus
898 1489 1082 1549 etiam
1107 1489 1315 1550 veniat
1340 1530 1357 1562 ,
1380 1482 1567 1566 longe
1599 1498 1801 1547 tamen
1830 1494 1921 1547 est
1956 1487 2208 1551 Eusebii
2234 1491 2447 1568 gratia
2492 1491 2825 1555 liberalior
2851 1517 2871 1555 :
2918 1504 2976 1555 et
3028 1516 3092 1556 eo
3128 1497 3375 1577 quidem

165 1608 503 1670 astimanda
521 1611 737 1690 pluris
754 1654 771 1685 ,
805 1609 970 1690 quod
996 1628 1074 1671 ex
1102 1610 1234 1672 illis
1250 1610 1661 1692 profanorum
1683 1612 1999 1673 hominum
2024 1613 2417 1687 testimoniis,
2449 1615 2530 1676 ad
2548 1635 2742 1679 sacra:
2770 1620 3049 1683 historice
3074 1623 3368 1684 notitiam

170 1728 489 1807 plurimum
519 1748 681 1811 serpe
700 1729 861 1792 lucis
892 1731 1279 1792 hauriamus.

233 1857 354 1917 Hoc
384 1856 585 1935 igitur
610 1855 919 1919 Eusebius
934 1863 1067 1919 tam
1092 1855 1406 1936 frequenti
1432 1875 1504 1918 ac
1528 1866 1651 1918 tam
1676 1857 1876 1919 nobili
1904 1858 2201 1919 comitatu
2233 1869 2473 1939 septus,‘
2505 1860 2587 1922 ad
2633 1871 2690 1924 te
2714 1866 2904 1938 venit,
2937 1865 3367 1946 Archiprtesu‘l

170 1975 686 2054 illustrissime,ut
716 1980 883 2059 quod
904 1998 1023 2061 per
1068 1997 1198 2039 sese
1241 1996 1369 2041 non
1416 1988 1667 2059 posset,
1706 1990 1797 2042 tot
1850 1978 2239 2044 eruditorum
2288 1982 2629 2059 clientium,
2674 2004 2845 2067 quos,
2898 2008 2974 2049 ne
3028 1992 3145 2052 toti
3189 1994 3371 2057 nobis

173 2100 377 2182 sibique
404 2111 821 2177 morerentur,
856 2101 1166 2182 singulari
1207 2098 1414 2161 studio
1436 2098 1789 2180 prohibuit,
1824 2100 2175 2180 conjunctis
2203 2100 2457 2163 vocibus
2492 2104 2844 2181 graviorem
2871 2108 2945 2168 ab
2976 2108 3370 2180 humanitate

173 2224 633 2288 ωαιεῃιετίιαιὶε
659 2240 1041 2303 ευωραηαηι
1069 2222 1458 2302 deprecetur.
1487 2220 1632 2286 Non
1663 2241 1748 2298 es,
1775 2230 1847 2283 ut
1876 2239 2089 2302 spero,
2122 2224 2192 2284 in
2217 2243 2353 2286 eum
2384 2225 2611 2288 durior
2635 2237 2694 2289 et
2725 2231 3156 2299 inclementior
3180 2242 3368 2321 futu-

167 2364 280 2421 rus,
313 2364 493 2427 quam
522 2361 791 2405 summos
817 2342 1145 2421 pontiﬁces
1185 2338 1393 2401 eadem
1423 2342 1491 2402 in
1519 2358 1709 2401 causa
1722 2342 1859 2420 jam
1890 2343 2176 2404 senserit.
2214 2344 2375 2405 Mihi
2398 2346 2564 2424 forte
2592 2350 2804 2412 verior
2834 2359 3148 2423 metuendi
3178 2383 3370 2427 causa

164 2488 359 2552 restat,
392 2498 467 2539 ne
494 2477 895 2556 gravioribus
937 2477 1064 2537 tuis
1093 2473 1631 2553 sanctioribusque
1683 2473 1854 2533 curis
1906 2472 2199 2534 molestus
2246 2475 2683 2554 interpellator
2726 2479 3068 2563 adveniam,
3116 2492 3367 2571 ignota,

148 2610 477 2687 preesertim
505 2624 578 2666 ac
622 2623 817 2665 novus
845 2605 1045 2677 homo,
1098 2612 1222 2668 tam
1281 2602 1434 2665 mihi
1464 2602 1789 2662 tenuitatis
1826 2608 1885 2661 et
1909 2601 2136 2681 inopia:
2165 2619 2309 2662 meae
2342 2603 2649 2677 conscius,
2687 2621 2869 2683 quam
2924 2617 3043 2670 tute
3074 2618 3362 2678 conscius

147 2733 485 2813 dignitatis.
518 2733 906 2812 Quanquam,
938 2731 1047 2792 ubi
1083 2737 1139 2789 te
1176 2730 1429 2809 penitus
1459 2745 1778 2807 moresque
1813 2735 1952 2788 tuos
1991 2730 2346 2805 recognovi,
2378 2745 2452 2787 ne
2486 2730 2650 2790 hunc
2680 2732 2924 2812 quidem
2953 2747 3200 2814 metum,
3231 2743 3364 2802 sine

144 2859 344 2939 aliqua
375 2857 714 2937 offensione
743 2854 1097 2936 injuriaque
1131 2860 1241 2913 tua
1265 2852 1529 2913 retineri
1556 2869 1737 2931 posse
1770 2850 2072 2929 intelligo.
2121 2848 2289 2910 Rara
2317 2869 2462 2911 sane
2504 2852 2638 2911 laus
2668 2859 2728 2910 et
2763 2851 2993 2914 eximia
3020 2856 3363 2923 voluntatis

141 2985 483 3063 indolisque
526 2990 669 3055 tute,
727 2981 796 3040 in
842 2986 1016 3039 tanta
1057 2974 1257 3038 divini
1305 2976 1580 3036 muneris
1618 2971 2030 3052 amplitudine
2080 2990 2295 3033 cavere
2329 2971 2683 3051 diligenter,
2717 2994 2795 3036 ne
2837 2980 3155 3060 quisquam
3186 2986 3364 3049 aditu

136 3124 196 3166 se
226 3120 681 3185 congressuque
730 3109 862 3174 tuo,
918 3118 989 3158 ac
1025 3117 1099 3159 ne
1150 3096 1583 3158 benevolentia:
1617 3094 1863 3175 quidem
1900 3104 2019 3156 tuae
2069 3095 2356 3174 beneﬁcio
2411 3097 2737 3178 indignum
2786 3107 3151 3174 arbitretur.
3210 3119 3365 3179 Utar

132 3233 325 3308 igitur
356 3232 471 3292 hoc
502 3236 746 3289 natura:
781 3234 899 3286 tute
926 3223 1107 3299 bono,
1145 3224 1202 3284 si
1236 3235 1408 3283 tuum
1443 3219 1605 3285 illud
1653 3231 1859 3283 tamen
1896 3232 2008 3294 est,
2043 3220 2209 3301 quod
2242 3230 2560 3302 acceptum
2606 3244 2645 3284 α
2685 3232 3045 3310 majoribus,
3084 3248 3139 3298 et
3181 3243 3359 3303 novis

126 3378 237 3440 per
265 3372 323 3421 te
354 3354 754 3421 incrementis
784 3362 1054 3426 auctum,
1086 3360 1210 3412 tam
1258 3368 1571 3415 commune
1624 3369 1764 3411 eum
1801 3349 2081 3411 omnibus
2133 3369 2259 3410 esse
2289 3352 2566 3416 voluisti.
2622 3357 2747 3417 Nec
2791 3376 2935 3420 vero
2978 3361 3174 3426 solam
3202 3369 3361 3430 hanc

133 3484 450 3563 facilitatis
504 3479 891 3557 aliarumque
939 3478 1241 3538 virtutum
1283 3476 1571 3554 gloriam,
1606 3476 1675 3538 in
1711 3473 2070 3537 clarissima:
2098 3477 2485 3540 Gosmonuu
2510 3481 2762 3561 familia.-
2802 3485 3063 3565 stirpem
3092 3490 3363 3569 fontem-

132 3628 227 3687 que
258 3606 590 3689 refudisti.
622 3604 834 3667 Novus
864 3601 943 3661 ad
973 3619 1097 3660 eam
1127 3616 1241 3679 per
1270 3610 1326 3661 te
1357 3600 1654 3680 splendor
1703 3604 1985 3678 accessit,
2044 3604 2133 3664 ita
2185 3603 2300 3666 tibi
2348 3608 2673 3685 proprius,
2726 3610 2817 3669 ita
2869 3613 3237 3691 singularis,
3290 3630 3361 3677 ut

124 3738 355 3798 socium
386 3738 455 3798 in
485 3755 552 3795 eo
582 3752 939 3816 quemquam
965 3753 1075 3795 nec
1103 3733 1346 3809 habeas,
1364 3752 1474 3794 nec
1503 3732 1724 3795 habere
1736 3734 1966 3813 possis.
2001 3732 2293 3795 Illustria
2325 3742 2490 3809 sunt,
2524 3754 2632 3796 nec
2663 3735 2867 3797 laudis
2896 3738 3089 3800 ullius
3119 3746 3360 3819 egentia

129 3861 398 3921 nominis
427 3879 500 3919 ac
528 3862 775 3941 generis
810 3863 906 3923 tui
934 3862 1179 3936 decora,
1209 3864 1413 3941 fateor
1436 3882 1456 3922 :
1486 3879 1558 3921 ac
1589 3880 1665 3922 ne
1699 3870 1873 3922 tanta
1895 3862 1961 3922 in
1985 3861 2121 3922 luce
2147 3870 2534 3941 quereretur
2559 3862 2761 3921 vivum
2792 3861 2976 3922 etiam
3006 3881 3077 3923 ac
3106 3867 3359 3943 spirans

126 3987 500 4051 Christiana
527 3988 922 4050 demissionis
965 3988 1331 4066 exemplum,
1364 3990 1566 4068 frater
1592 3987 1697 4050 ille
1730 3997 1897 4061 tuus,
1933 4007 1995 4047 se
2024 3989 2162 4065 ipso
2192 4005 2379 4060 nunc,
2413 4004 2546 4065 qum
2591 4005 2824 4047 summa
2845 3987 3212 4067 prwdicatio
3245 4002 3353 4070 est,

124 4112 353 4185 fortior
384 4123 569 4192 atque
615 4111 914 4183 nobilior,
959 4107 1169 4171 Gallia
1218 4118 1355 4169 tota
1384 4110 1650 4171 mirante
1693 4111 1982 4189 perfecit.
2034 4107 2153 4169 Sed
2209 4107 2511 4188 ejusmodi
2543 4118 2745 4169 tamen
2776 4113 2982 4173 omnia
3030 4123 3199 4187 sunt,
3228 4133 3361 4194 quas

133 4250 320 4301 tecum
357 4252 415 4304 et
446 4261 587 4304 cum
619 4242 763 4303 aliis
796 4238 1241 4302 communicari
1268 4237 1616 4317 potuerint.
1650 4236 1825 4310 Nam,
1852 4244 1922 4296 ut
1953 4243 2175 4297 ceetera
2205 4234 2381 4296 modo
2426 4253 2553 4295 non
2582 4237 2907 4315 attingam,
2937 4260 3206 4304 summus
3250 4244 3355 4304 ille

121 4346 393 4446 profecto
453 4375 544 4427 est
585 4363 914 4443 dignitatis
970 4361 1345 4439 honorisque
1408 4355 1669 4436 gradus,
1701 4355 1781 4417 ad
1808 4375 1984 4437 quem
2020 4358 2499 4421 Illustrissimus
2528 4358 2872 4422 cardinalis
2899 4363 3346 4443 HENRICUS,

117 4502 316 4578 frater
340 4497 490 4557 item
520 4504 691 4568 tuus,
721 4511 848 4555 non
874 4492 1076 4552 minus
1105 4488 1410 4549 virtutum
1466 4504 1743 4559 suarum,
1776 4506 1955 4567 quam
1993 4486 2295 4549 Ludovici
2323 4489 2497 4550 Justi
2525 4487 2831 4570 suffragio
2868 4498 3107 4550 evectus
3136 4511 3353 4552 ascen-

121 4613 312 4678 derat.
343 4615 473 4679 Sed
521 4611 699 4676 illum
754 4611 953 4690 ipsum
1007 4615 1229 4679 tamen,
1282 4614 1793 4685 quantuscunque
1832 4613 1939 4673 est,
1992 4607 2100 4684 qui
2130 4616 2292 4668 certe
2328 4611 2636 4672 maximus
2685 4620 2796 4687 est,
2824 4615 3271 4695 quamplurimi
3299 4628 3355 4679 et

119 4754 287 4805 eatea
326 4741 660 4806 consecuti
685 4747 857 4812 sunt,
891 4743 947 4797 et
977 4742 1195 4815 postea
1222 4739 1677 4810 consequentur
1699 4750 1718 4788 :
1755 4738 1935 4808 atque
1963 4739 2035 4790 ut
2068 4729 2139 4790 de
2187 4738 2242 4790 te
2294 4731 2430 4810 ipso
2464 4752 2591 4795 non
2635 4736 2763 4798 nisi
2809 4737 3076 4801 modeste
3109 4741 3353 4827 loquar,

123 4874 179 4925 tu
202 4865 458 4946 quidem
515 4882 596 4926 ea:
624 4860 755 4923 illis
805 4876 967 4919 unus
1004 4874 1129 4916 esse
1173 4865 1375 4933 potes.
1426 4852 1509 4914 At
1552 4853 1801 4931 primus
1850 4852 2270 4929 Parisiorum,
2299 4853 2412 4914 hoc
2467 4864 2556 4916 est
2581 4857 2758 4919 urbis
2796 4860 3051 4922 urbium
3084 4864 3353 4925 omnium

105 4993 426 5070 principis
458 4988 1119 5067 archiepiscopus,nec
1142 4979 1307 5042 alius
1337 4979 1443 5040 abs
1483 4986 1540 5038 te
1568 4977 1891 5057 quisquam
1920 4984 2011 5037 tot
2038 4986 2209 5037 retro
2239 4978 2482 5039 seculis
2508 4980 2741 5059 fuerat,
2776 4990 2831 5042 et
2865 4978 3153 5043 omnibus
3172 4983 3350 5046 dein-

106 5138 244 5198 ceps
298 5117 620 5189 ctatibus,
653 5122 888 5192 preter
916 5128 1106 5172 unum
1137 5118 1216 5183 te,
1266 5106 1431 5167 alius
1481 5123 1608 5165 esse
1642 5121 1769 5164 non
1811 5103 2069 5183 poterit.
2128 5102 2323 5184 Cujus
2367 5104 2482 5165 tibi
2535 5105 2934 5184 cogitationis
2993 5125 3059 5166 eo
3096 5111 3356 5169 suavior

106 5253 322 5319 gustus
359 5261 496 5304 esse
526 5238 724 5311 debet,
756 5255 873 5316 quo
892 5236 1026 5316 jam
1056 5242 1111 5293 et
1142 5231 1451 5294 communi
1479 5248 1665 5289 sensu
1689 5228 2097 5309 populorum,
2120 5237 2178 5288 et
2197 5224 2380 5307 longo
2402 5227 2766 5291 saeculorum
2793 5249 2934 5303 usu,
2966 5233 3077 5293 hac
3099 5252 3351 5313 pmro-

103 5364 315 5437 gativa
340 5361 682 5442 dignitatis
714 5366 770 5418 et
794 5356 1059 5430 ordinis,
1091 5355 1472 5416 laetissimum
1498 5352 1803 5433 quoddam
1831 5352 2187 5413 sanctitatis
2218 5352 2457 5413 eximite
2475 5352 2570 5412 vel
2588 5350 2961 5430 auspicium,
2993 5355 3088 5415 vel
3105 5340 3359 5447 pra:qu

107 5487 340 5550 dicium
380 5491 764 5551 continetur.
798 5486 1013 5565 Itaque
1044 5483 1152 5543 abs
1186 5491 1291 5543 tuo
1333 5484 1599 5557 nomine,
1654 5480 2085 5560 Archiprtesul
2138 5480 2665 5551 recerendissime,
2693 5496 2890 5539 novus
2920 5480 3350 5558 imposterum,

108 5640 178 5683 ac
203 5624 420 5703 priori
450 5625 630 5704 longe
661 5615 965 5692 nobilior,
994 5616 1298 5696 majorum
1341 5615 1695 5675 antistitum
1728 5614 1881 5678 ordo
1936 5614 2242 5692 seriesque
2264 5687 2273 5697 ε
2291 5611 2574 5686 ducetur,
2606 5619 2662 5670 et
2690 5609 2927 5690 quoties
2963 5628 3088 5671 non
3113 5618 3353 5670 tantum

117 5749 486 5827 amplissima
515 5752 916 5831 Gonmqwu
948 5751 1195 5825 tuorum
1221 5740 1483 5825 familia,
1516 5738 1622 5800 sed
1652 5741 1836 5836 etiam
1868 5740 2117 5803 Lutetia
2144 5742 2325 5819 regni
2355 5746 2564 5819 caput,
2589 5736 2662 5798 de
2693 5739 2982 5800 maximis
3006 5737 3352 5802 honoribus
