3940 6380
574 335 640 389 is
684 318 691 323 ’
1887 329 2117 384 vneam
2154 328 2545 385 PREFATIO.
3677 329 3737 383 ιδ

566 460 887 541 titulisque
934 459 1066 520 suis
1115 456 1573 525 recordabitur,
1634 453 1814 513 toties
1861 463 2122 531 utraque
2174 452 2503 513 Francisci
2571 451 2671 509 sui
2720 449 3091 520 memoriam,
3142 465 3313 526 aquo
3357 464 3563 507 novum
3600 447 3740 509 hunc

563 585 929 664 auspicetur
961 579 1340 642 sanctissimi
1368 575 1708 638 sacerdotii
1736 579 2189 656 principatum,
2239 578 2610 637 suavissima
2642 585 2699 635 et
2731 576 3130 637 ornatissima
3177 572 3567 654 gratulatione
3613 576 3748 636 cele-

566 705 793 768 brabit.
826 706 1046 767 Verum
1100 713 1168 765 ut
1216 700 1297 761 ad
1328 720 1418 760 me
1459 711 1766 772 revertar,
1816 720 1925 762 nec
1985 712 2186 761 tamen
2243 701 2348 762 abs
2379 712 2436 762 te
2489 700 2821 773 discedam,
2873 699 3024 761 mihi
3051 697 3309 777 quidem,
3338 700 3390 760 si
3423 696 3585 759 aliud
3608 700 3753 764 nihil

565 836 857 916 ﬁduciam
895 837 1088 896 aleret
1142 837 1490 913 foveretque
1544 852 1759 907 meam,
1812 835 1908 894 vel
1964 852 2030 894 eo
2079 842 2280 895 tamen
2332 835 2569 913 egregie
2620 830 2997 912 sperandum
3032 835 3336 908 putarem,
3376 825 3530 906 quod
3574 846 3637 887 ea
3675 847 3755 888 me

562 966 838 1027 Societas
869 966 937 1026 in
965 964 1096 1024 suis
1122 970 1421 1036 numeret,
1461 962 1564 1024 cui
1614 981 1693 1023 ea
1734 964 1939 1024 animo
1971 962 2117 1023 bene
2144 960 2319 1035 velle,
2376 972 2499 1021 tam
2532 978 2732 1040 prope
2769 957 3229 1021 hareditarium
3255 954 3496 1036 familia
3528 962 3639 1015 tua
3682 968 3775 1046 est.

563 1105 634 1148 ac
665 1084 952 1159 solemne,
1002 1102 1181 1164 quam
1228 1102 1467 1145 nomen.
1521 1084 1646 1159 Qui
1675 1102 1914 1155 sensus,
1957 1102 2140 1162 quam
2185 1082 2308 1145 alte
2356 1101 2560 1146 animo
2610 1084 2877 1143 insideat
2925 1084 3264 1161 hareatque
3294 1091 3419 1156 tuo,
3455 1083 3582 1162 jam
3607 1082 3763 1143 ultro

563 1210 791 1288 sapius
832 1228 954 1269 non
1012 1218 1251 1270 tantum
1292 1210 1733 1281 amantissime,
1776 1208 1887 1269 sed
1937 1211 2123 1271 etiam
2172 1210 2549 1272 amicissime
2595 1207 2953 1272 declarasti.
3006 1210 3202 1291 Cujus
3253 1208 3581 1272 voluntatis
3610 1228 3679 1270 ne
3714 1218 3765 1270 te

560 1352 831 1414 unquam
854 1335 1173 1413 paeniteat,
1227 1334 1501 1395 Societas
1532 1334 1810 1396 vicissim
1836 1344 2060 1395 nostra
2089 1335 2371 1396 omnibus
2417 1333 2821 1395 observantia
2841 1334 3126 1414 gratique
3156 1337 3347 1398 animi
3377 1337 3617 1417 ofﬁciis,
3648 1356 3773 1399 cum

562 1457 794 1518 amoris
819 1457 915 1516 tui
940 1455 1228 1534 beneﬁcio
1252 1451 1580 1535 studioque
1610 1456 1894 1519 certabit.
1922 1456 2057 1536 Ego
2076 1474 2246 1530 vero,
2271 1464 2344 1517 ut
2366 1456 2638 1516 omnium
2658 1456 3055 1532 novissimus,
3074 1458 3278 1521 animo
3302 1469 3496 1522 tamen
3515 1462 3775 1526 omnibus

563 1582 970 1660 obsequioque
1000 1577 1377 1655 simillimus,
1427 1599 1566 1641 cum
1613 1580 1792 1643 aliud
1820 1582 1973 1643 mihi
2018 1600 2185 1643 nunc
2236 1581 2319 1642 ad
2344 1599 2591 1642 manum
2645 1590 2803 1642 esset
2852 1581 3038 1661 nihil,
3066 1584 3232 1648 hunc
3285 1587 3653 1651 cuicuimodi
3678 1592 3774 1666 sit,

563 1712 797 1774 laboris
835 1711 1043 1773 nostri
1093 1712 1328 1790 fatum,
1382 1709 1806 1788 Amplitudini
1862 1720 1983 1772 tua
2018 1710 2402 1792 offerendum
2452 1720 2509 1773 et
2561 1710 3048 1773 consecrandum
3088 1714 3354 1793 putavi:
3403 1722 3473 1776 ut
3528 1731 3697 1793 quem
3723 1716 3784 1777 in

559 1837 755 1900 medio
790 1838 1052 1900 Lutetia
1086 1846 1205 1897 tua
1233 1836 1401 1911 sinu,
1435 1837 1834 1916 quotidiana:
1884 1839 2055 1899 inter
2083 1836 2347 1900 docendi
2377 1857 2559 1901 curas
2597 1847 2814 1901 natum
2868 1851 3051 1920 atque
3096 1850 3454 1923 susceptum
3504 1844 3782 1906 hactenus

562 1966 840 2038 educavi,
893 1966 945 2026 is
998 1973 1103 2024 tuo
1150 1966 1217 2025 in
1255 1964 1582 2043 complexu
1628 1963 1916 2044 deinceps
1972 1984 2098 2026 non
2146 1965 2324 2026 modo
2375 1966 2648 2046 feliciter
2702 1956 3052 2042 adolescat,
3099 1963 3207 2026 sed
3243 1984 3450 2027 omnes
3494 1966 3673 2026 etiam
3702 1962 3782 2024 vel

562 2090 857 2169 temporis
908 2091 1200 2170 injurias,
1254 2086 1348 2149 vel
1392 2091 1726 2168 petitiones
1778 2090 2051 2166 invidia,
2090 2101 2196 2153 tuo
2232 2093 2589 2172 patrocinio
2648 2100 2844 2154 tectus
2891 2112 2963 2155 ac
3013 2092 3302 2176 defensus
3361 2093 3594 2157 eludat.
3629 2094 3788 2155 Vale.

561 2214 826 2279 Lutetia
852 2216 1267 2291 Parisiorum,
1301 2236 1464 2279 anno
1493 2220 1744 2283 Domini
1772 2222 2095 2283 millesimo
2127 2223 2884 2286 seacentesimovicesimo
2908 2222 3192 2303 septimo,
3216 2234 3454 2306 quarto
3485 2220 3794 2286 Kalendas

562 2345 874 2413 Octobris.

757 2731 1094 2798 Illustriss.
1134 2756 1207 2799 ac
1243 2738 1671 2805 Reverendiss.
1710 2740 2134 2823 Amplitudini
2171 2743 2315 2804 Tua

2164 2902 2603 2967 Deditissimus

2313 3071 2705 3134 Famcxscus
2740 3066 3105 3140 VIGEBUS,

2256 3192 2498 3238 SOCIET.
2562 3193 2707 3235 JESU
2774 3192 2848 3233 PB
2859 3189 3135 3232 ESBYTER
3146 3215 3157 3231 .

806 3797 956 3887 AD
1028 3795 1854 3888 CHRISTIANUM
1930 3795 2079 3884 ET
2153 3796 2782 3886 CANDIDUM
2855 3793 3561 3889 LECTOREM.

629 4340 796 4403 Cum
827 4337 896 4398 in
928 4350 1006 4398 eo
1034 4341 1204 4398 esset
1232 4335 1586 4410 Eusebius,
1622 4343 1691 4398 ut
1722 4334 2197 4397 sanctissimum
2221 4333 2597 4395 Christiana
2628 4332 2966 4413 religionis
2997 4333 3333 4396 Auctorem
3366 4378 3383 4405 ,
3424 4336 3845 4415 perSpieuis

556 4445 619 4503 et
648 4436 1057 4503 evidentibus
1111 4436 1503 4516 argumentis
1536 4436 1855 4499 Christum
1897 4434 2083 4497 illum
2126 4452 2269 4497 esse
2300 4435 2700 4509 ostenderet,
2731 4450 2923 4513 quem
2958 4432 3176 4495 divina
3209 4432 3660 4496 Hebraorum
3701 4453 3865 4498 ora-

556 4538 700 4601 cula
731 4544 905 4600 tanto
933 4542 1080 4597 ante
1124 4535 1558 4610 cecinissent;
1608 4555 1689 4600 ne
1742 4553 1934 4617 quam
1973 4537 2324 4614 gentilibus
2363 4535 2609 4598 interea
2655 4534 3048 4609 lacessendi,
3100 4542 3289 4614 atque
3338 4535 3859 4616 interpellandi

556 4638 663 4700 sui
703 4634 1109 4700 occasionem
1141 4635 1571 4717 relinqueret,
1603 4655 1827 4700 eorum
1857 4637 1980 4698 sibi
2022 4654 2093 4699 os
2142 4635 2523 4699 frenandum
2567 4635 2747 4715 prius
2801 4644 2988 4717 atque
3040 4635 3469 4697 obturandum
3537 4642 3861 4715 putavit.

553 4739 777 4818 Itaque
812 4735 1084 4799 alterum
1116 4736 1281 4799 illud
1317 4754 1521 4818 opus,
1556 4737 1729 4817 quod
1779 4737 2098 4816 praecipue
2162 4757 2232 4802 ac
2292 4738 2546 4818 proprie
2608 4738 2821 4802 animo
2881 4736 3291 4817 designabat,
3350 4738 3861 4819 Evangelicam

553 4839 1155 4903 Demonstrationem
1181 4837 1561 4921 appellavit;
1592 4836 1744 4900 huic
1771 4844 1985 4900 autem
2011 4883 2026 4911 ,
2072 4856 2202 4918 quo
2245 4840 2319 4901 ad
2352 4838 2604 4902 facilem
2649 4844 2963 4917 susceptae
2989 4838 3443 4918 disputationis
3483 4858 3814 4904 cursum
3846 4888 3867 4916 ,

555 4939 810 5021 planam
840 4944 961 5006 sibi
996 4944 1486 5024 expeditamque
1527 4940 1693 5002 viam
1752 4939 2118 5016 muniebat,
2174 4940 2670 5021 Praparationis
2725 4938 3112 5018 Evangelica
3169 4955 3403 5002 nomen
3454 4940 3869 5018 imposuit.

557 5045 666 5104 Est
694 5044 955 5123 quidem
986 5047 1105 5110 hoc
1133 5044 1491 5126 argumenti
1522 5061 1725 5123 genus
1752 5087 1768 5116 ,
1803 5050 1930 5104 tam
1980 5044 2192 5105 Grmce
2224 5060 2417 5123 quam
2452 5041 2669 5104 Latine
2697 5084 2714 5113 ,
2748 5042 3303 5103 sanctissimorum
3334 5049 3395 5103 et
3438 5044 3874 5121 sapientis—

554 5144 864 5205 simorum
892 5146 1225 5210 hominum
1256 5162 1448 5224 Opera
1483 5146 1827 5224 studioque
1866 5152 2215 5207 tractatum.
2254 5144 2377 5206 Sed
2406 5143 2502 5205 illi
2532 5150 2790 5217 'tamen,
2833 5142 2929 5203 vel
2963 5142 3157 5204 altera
3177 5142 3480 5205 duntaxat
3520 5145 3609 5205 in
3655 5153 3880 5224 parte

553 5245 962 5321 laborarunt,
997 5252 1096 5315 vel
1137 5241 1473 5331 utramque
1506 5251 1775 5313 strictim
1818 5258 1879 5311 et
1912 5248 2118 5310 obiter
2147 5248 2514 5327 attigerunt.
2547 5250 2635 5309 Ita
2668 5250 2896 5309 Noster
2925 5245 3029 5307 hic
3056 5289 3073 5318 ,
3112 5252 3182 5308 ut
3212 5246 3456 5308 caneris
3492 5245 3885 5311 laudibus

552 5342 823 5408 inferior
853 5347 958 5421 sit,
993 5348 1155 5410 alios
1180 5357 1385 5411 tamen
1422 5350 1762 5427 utriusque
1792 5347 2261 5425 complexione,
2301 5346 2461 5408 alios
2493 5345 2816 5409 scribendi
2852 5348 3135 5407 ubertate
3169 5347 3517 5423 superavit.
3568 5349 3893 5411 Verum

552 5440 675 5507 hoc
704 5443 845 5508 loco
875 5447 1478 5511 Demonstrationem
1516 5456 1821 5522 pratereo
1848 5490 1865 5519 ,
1902 5445 2087 5525 cujus
2122 5461 2234 5521 pro
2284 5445 2535 5523 integro
2558 5445 2865 5525 justoque
2898 5460 3162 5521 corpore
3192 5491 3208 5519 ,
3240 5444 3535 5535 informis
3578 5449 3689 5509 ad
3736 5464 3892 5512 nos

554 5554 818 5608 truncus
844 5591 861 5620 ,
896 5546 1037 5609 sine
1069 5548 1270 5625 capite
1301 5546 1728 5631 cruribusque
1767 5543 2082 5622 pervenit.
2115 5543 2245 5604 Hac
2277 5544 2539 5623 quidem
2586 5543 2653 5605 in
2701 5543 3169 5631 Praparatione
3206 5542 3292 5604 ita
3326 5549 3645 5606 versatus
3670 5630 3675 5631 γ
3702 5554 3839 5609 est
3872 5591 3899 5621 ,

553 5656 624 5709 ut
649 5647 715 5709 in
747 5648 1109 5709 Grmcorum
1151 5644 1243 5708 vel
1274 5627 1600 5708 erroribus
1632 5642 2032 5705 illustrandis
2060 5685 2077 5715 ,
2114 5642 2213 5703 vel
2248 5640 2580 5703 refutanda
2611 5642 2909 5720 superbia
2942 5686 2961 5716 ,
2994 5627 3125 5705 non
3156 5648 3279 5705 tam
3329 5659 3450 5705 suo
3505 5645 3633 5704 vel
3670 5630 3896 5711 ἐυθ-

549 5765 729 5826 rum,
771 5766 961 5830 quam
1002 5747 1409 5828 portularium
1441 5764 1510 5809 ac
1552 5745 2050 5809 domesticorum
2084 5740 2343 5805 testium
2382 5756 2494 5803 ore
2526 5740 2933 5821 loqueretur:
2967 5756 3242 5819 quorum
3282 5755 3399 5802 nec
3430 5751 3907 5817 suspectam
