  <div class='ocr_page' id='page_1' title='image "/cluster/home/n/w/nwhite01/storage/ocr_20150623/21/hvd.32044073501165/022.png"; bbox 0 0 3948 6376; ppageno 0'>
   <div class='ocr_carea' id='block_1_1' title="bbox 212 337 3393 401">
    <p class='ocr_par' dir='ltr' id='par_1_1' title="bbox 212 337 3393 401">
     <span class='ocr_line' id='line_1_1' title="bbox 212 337 3393 401; baseline 0.006 -19"><span class='ocrx_word' id='word_1_1' title='bbox 212 344 264 401; x_wconf 58' lang='lat' dir='ltr'><strong>n</strong></span> <span class='ocrx_word' id='word_1_2' title='bbox 1435 343 1439 350; x_wconf 65' lang='grc'><em>’</em></span> <span class='ocrx_word' id='word_1_3' title='bbox 1510 337 1738 394; x_wconf 78' lang='lat' dir='ltr'>VIGERI</span> <span class='ocrx_word' id='word_1_4' title='bbox 1779 339 2166 397; x_wconf 64' lang='lat' dir='ltr'>ramulo.</span> <span class='ocrx_word' id='word_1_5' title='bbox 3253 365 3262 372; x_wconf 67' lang='grc' dir='ltr'><strong>ι</strong></span> <span class='ocrx_word' id='word_1_6' title='bbox 3329 345 3393 400; x_wconf 80' lang='lat' dir='ltr'>is</span> 
     </span>
    </p>
   </div>
   <div class='ocr_carea' id='block_1_2' title="bbox 204 454 3390 541">
    <p class='ocr_par' dir='ltr' id='par_1_2' title="bbox 204 454 3390 541">
     <span class='ocr_line' id='line_1_2' title="bbox 204 454 3390 541; baseline 0.001 -18"><span class='ocrx_word' id='word_1_7' title='bbox 204 462 306 541; x_wconf 86' lang='lat' dir='ltr'>ipsi</span> <span class='ocrx_word' id='word_1_8' title='bbox 332 460 498 521; x_wconf 82' lang='lat' dir='ltr'>ﬁdem</span> <span class='ocrx_word' id='word_1_9' title='bbox 519 454 752 517; x_wconf 82' lang='lat' dir='ltr'>habere</span> <span class='ocrx_word' id='word_1_10' title='bbox 785 460 1067 532; x_wconf 82' lang='lat' dir='ltr'>possent,</span> <span class='ocrx_word' id='word_1_11' title='bbox 1102 471 1216 517; x_wconf 89' lang='lat' dir='ltr'>nec</span> <span class='ocrx_word' id='word_1_12' title='bbox 1247 454 1648 532; x_wconf 84' lang='lat' dir='ltr'>prudentiam</span> <span class='ocrx_word' id='word_1_13' title='bbox 1680 454 2068 530; x_wconf 88' lang='lat' dir='ltr'>desiderare,</span> <span class='ocrx_word' id='word_1_14' title='bbox 2120 475 2235 521; x_wconf 90' lang='lat' dir='ltr'>nec</span> <span class='ocrx_word' id='word_1_15' title='bbox 2267 455 2953 522; x_wconf 71' lang='lat' dir='ltr'>alienam‘existimare</span> <span class='ocrx_word' id='word_1_16' title='bbox 3003 461 3390 526; x_wconf 80' lang='lat' dir='ltr'>voluntatem</span> 
     </span>
    </p>
   </div>
   <div class='ocr_carea' id='block_1_3' title="bbox 200 555 3392 637">
    <p class='ocr_par' dir='ltr' id='par_1_3' title="bbox 200 555 3392 637">
     <span class='ocr_line' id='line_1_3' title="bbox 200 555 3392 637; baseline 0.001 -15"><span class='ocrx_word' id='word_1_17' title='bbox 200 557 435 623; x_wconf 82' lang='lat' dir='ltr'>Tametsi</span> <span class='ocrx_word' id='word_1_18' title='bbox 491 566 853 618; x_wconf 89' lang='lat' dir='ltr'>nostrorum</span> <span class='ocrx_word' id='word_1_19' title='bbox 894 555 1082 616; x_wconf 90' lang='lat' dir='ltr'>etiam</span> <span class='ocrx_word' id='word_1_20' title='bbox 1139 557 1498 630; x_wconf 83' lang='lat' dir='ltr'>interdum,</span> <span class='ocrx_word' id='word_1_21' title='bbox 1549 556 1664 619; x_wconf 88' lang='lat' dir='ltr'>hoc</span> <span class='ocrx_word' id='word_1_22' title='bbox 1712 566 1806 619; x_wconf 91' lang='lat' dir='ltr'>est</span> <span class='ocrx_word' id='word_1_23' title='bbox 1867 559 2374 622; x_wconf 88' lang='lat' dir='ltr'>Christianorum</span> <span class='ocrx_word' id='word_1_24' title='bbox 2431 557 2765 619; x_wconf 87' lang='lat' dir='ltr'>hominum</span> <span class='ocrx_word' id='word_1_25' title='bbox 2834 561 3135 637; x_wconf 82' lang='lat' dir='ltr'>pugnavit</span> <span class='ocrx_word' id='word_1_26' title='bbox 3174 562 3392 626; x_wconf 79' lang='lat' dir='ltr'>armis.</span> 
     </span>
    </p>
   </div>
   <div class='ocr_carea' id='block_1_4' title="bbox 198 655 3392 738">
    <p class='ocr_par' dir='ltr' id='par_1_4' title="bbox 198 655 3392 738">
     <span class='ocr_line' id='line_1_4' title="bbox 198 655 3392 738; baseline -0.001 -14"><span class='ocrx_word' id='word_1_27' title='bbox 198 668 458 731; x_wconf 82' lang='lat' dir='ltr'>Prorsus,</span> <span class='ocrx_word' id='word_1_28' title='bbox 490 668 558 718; x_wconf 89' lang='lat' dir='ltr'>ut</span> <span class='ocrx_word' id='word_1_29' title='bbox 582 656 782 736; x_wconf 87' lang='lat' dir='ltr'>hujus</span> <span class='ocrx_word' id='word_1_30' title='bbox 814 657 878 718; x_wconf 92' lang='lat' dir='ltr'>in</span> <span class='ocrx_word' id='word_1_31' title='bbox 911 658 1122 734; x_wconf 89' lang='lat' dir='ltr'>operis</span> <span class='ocrx_word' id='word_1_32' title='bbox 1155 655 1510 730; x_wconf 78' lang='lat' dir='ltr'>molitione,</span> <span class='ocrx_word' id='word_1_33' title='bbox 1546 657 1904 718; x_wconf 83' lang='lat' dir='ltr'>sedulitatis</span> <span class='ocrx_word' id='word_1_34' title='bbox 1939 659 2151 737; x_wconf 90' lang='lat' dir='ltr'>potius</span> <span class='ocrx_word' id='word_1_35' title='bbox 2188 675 2258 719; x_wconf 91' lang='lat' dir='ltr'>ac</span> <span class='ocrx_word' id='word_1_36' title='bbox 2288 659 2675 738; x_wconf 64' lang='lat' dir='ltr'>diligentiae,</span> <span class='ocrx_word' id='word_1_37' title='bbox 2728 677 2917 737; x_wconf 88' lang='lat' dir='ltr'>quam</span> <span class='ocrx_word' id='word_1_38' title='bbox 2977 659 3294 722; x_wconf 77' lang='lat' dir='ltr'>facultatis</span> <span class='ocrx_word' id='word_1_39' title='bbox 3329 666 3392 721; x_wconf 90' lang='lat' dir='ltr'>et</span> 
     </span>
    </p>
   </div>
   <div class='ocr_carea' id='block_1_5' title="bbox 194 758 3389 839">
    <p class='ocr_par' dir='ltr' id='par_1_5' title="bbox 194 758 3389 839">
     <span class='ocr_line' id='line_1_5' title="bbox 194 758 3389 839; baseline 0 -17"><span class='ocrx_word' id='word_1_40' title='bbox 194 759 401 839; x_wconf 82' lang='lat' dir='ltr'>ingenii</span> <span class='ocrx_word' id='word_1_41' title='bbox 456 759 795 836; x_wconf 66' lang='lat' dir='ltr'>quaesiisse</span> <span class='ocrx_word' id='word_1_42' title='bbox 835 758 1088 819; x_wconf 87' lang='lat' dir='ltr'>laudem</span> <span class='ocrx_word' id='word_1_43' title='bbox 1114 801 1130 829; x_wconf 93' lang='lat'>,</span> <span class='ocrx_word' id='word_1_44' title='bbox 1184 773 1299 816; x_wconf 91' lang='lat' dir='ltr'>nec</span> <span class='ocrx_word' id='word_1_45' title='bbox 1326 765 1450 817; x_wconf 90' lang='lat' dir='ltr'>tam</span> <span class='ocrx_word' id='word_1_46' title='bbox 1483 758 1620 817; x_wconf 87' lang='lat' dir='ltr'>suis</span> <span class='ocrx_word' id='word_1_47' title='bbox 1665 758 1803 835; x_wconf 85' lang='lat' dir='ltr'>ipse</span> <span class='ocrx_word' id='word_1_48' title='bbox 1839 760 2083 821; x_wconf 89' lang='lat' dir='ltr'>viribus</span> <span class='ocrx_word' id='word_1_49' title='bbox 2117 777 2259 820; x_wconf 90' lang='lat' dir='ltr'>cum</span> <span class='ocrx_word' id='word_1_50' title='bbox 2291 760 2657 821; x_wconf 88' lang='lat' dir='ltr'>adversario</span> <span class='ocrx_word' id='word_1_51' title='bbox 2696 762 3043 839; x_wconf 90' lang='lat' dir='ltr'>congredi,</span> <span class='ocrx_word' id='word_1_52' title='bbox 3078 779 3268 836; x_wconf 89' lang='lat' dir='ltr'>quam</span> <span class='ocrx_word' id='word_1_53' title='bbox 3309 778 3389 822; x_wconf 88' lang='lat' dir='ltr'>ex</span> 
     </span>
    </p>
   </div>
   <div class='ocr_carea' id='block_1_6' title="bbox 191 858 3382 943">
    <p class='ocr_par' dir='ltr' id='par_1_6' title="bbox 191 858 3382 943">
     <span class='ocr_line' id='line_1_6' title="bbox 191 858 3382 943; baseline 0 -18"><span class='ocrx_word' id='word_1_54' title='bbox 191 862 484 943; x_wconf 87' lang='lat' dir='ltr'>peregrino</span> <span class='ocrx_word' id='word_1_55' title='bbox 514 868 574 921; x_wconf 90' lang='lat' dir='ltr'>et</span> <span class='ocrx_word' id='word_1_56' title='bbox 597 860 993 922; x_wconf 86' lang='lat' dir='ltr'>conductitio</span> <span class='ocrx_word' id='word_1_57' title='bbox 1015 858 1216 920; x_wconf 85' lang='lat' dir='ltr'>milite</span> <span class='ocrx_word' id='word_1_58' title='bbox 1240 859 1442 919; x_wconf 88' lang='lat' dir='ltr'>aciem</span> <span class='ocrx_word' id='word_1_59' title='bbox 1469 859 1786 923; x_wconf 85' lang='lat' dir='ltr'>instruere</span> <span class='ocrx_word' id='word_1_60' title='bbox 1804 905 1819 933; x_wconf 89' lang='lat'>,</span> <span class='ocrx_word' id='word_1_61' title='bbox 1849 863 1976 923; x_wconf 91' lang='lat' dir='ltr'>imo</span> <span class='ocrx_word' id='word_1_62' title='bbox 1997 881 2141 924; x_wconf 90' lang='lat' dir='ltr'>cum</span> <span class='ocrx_word' id='word_1_63' title='bbox 2170 864 2349 925; x_wconf 91' lang='lat' dir='ltr'>hoste</span> <span class='ocrx_word' id='word_1_64' title='bbox 2377 864 2620 924; x_wconf 86' lang='lat' dir='ltr'>hostem</span> <span class='ocrx_word' id='word_1_65' title='bbox 2645 864 3036 926; x_wconf 84' lang='lat' dir='ltr'>committere</span> <span class='ocrx_word' id='word_1_66' title='bbox 3069 865 3382 928; x_wconf 90' lang='lat' dir='ltr'>videatur.</span> 
     </span>
    </p>
   </div>
   <div class='ocr_carea' id='block_1_7' title="bbox 190 958 3384 1044">
    <p class='ocr_par' dir='ltr' id='par_1_7' title="bbox 190 958 3384 1044">
     <span class='ocr_line' id='line_1_7' title="bbox 190 958 3384 1044; baseline 0 -18"><span class='ocrx_word' id='word_1_67' title='bbox 190 968 453 1026; x_wconf 58' lang='lat' dir='ltr'>Craterum</span> <span class='ocrx_word' id='word_1_68' title='bbox 481 1006 496 1033; x_wconf 92' lang='lat'>,</span> <span class='ocrx_word' id='word_1_69' title='bbox 529 977 729 1040; x_wconf 86' lang='lat' dir='ltr'>quem</span> <span class='ocrx_word' id='word_1_70' title='bbox 783 960 897 1022; x_wconf 90' lang='lat' dir='ltr'>ille</span> <span class='ocrx_word' id='word_1_71' title='bbox 931 960 1224 1022; x_wconf 89' lang='lat' dir='ltr'>ordinem</span> <span class='ocrx_word' id='word_1_72' title='bbox 1260 958 1374 1020; x_wconf 89' lang='lat' dir='ltr'>hac</span> <span class='ocrx_word' id='word_1_73' title='bbox 1412 959 1475 1019; x_wconf 91' lang='lat' dir='ltr'>in</span> <span class='ocrx_word' id='word_1_74' title='bbox 1513 978 1722 1039; x_wconf 89' lang='lat' dir='ltr'>pugna</span> <span class='ocrx_word' id='word_1_75' title='bbox 1763 965 2102 1026; x_wconf 90' lang='lat' dir='ltr'>modumve</span> <span class='ocrx_word' id='word_1_76' title='bbox 2133 964 2414 1025; x_wconf 90' lang='lat' dir='ltr'>tenuerit</span> <span class='ocrx_word' id='word_1_77' title='bbox 2447 1008 2462 1035; x_wconf 90' lang='lat'>,</span> <span class='ocrx_word' id='word_1_78' title='bbox 2515 965 2656 1041; x_wconf 90' lang='lat' dir='ltr'>ipso</span> <span class='ocrx_word' id='word_1_79' title='bbox 2699 965 2846 1025; x_wconf 86' lang='lat' dir='ltr'>libri</span> <span class='ocrx_word' id='word_1_80' title='bbox 2891 966 3123 1028; x_wconf 85' lang='lat' dir='ltr'>decimi</span> <span class='ocrx_word' id='word_1_81' title='bbox 3174 966 3384 1044; x_wconf 85' lang='lat' dir='ltr'>quinti</span> 
     </span>
    </p>
   </div>
   <div class='ocr_carea' id='block_1_8' title="bbox 185 1061 3386 1144">
    <p class='ocr_par' dir='ltr' id='par_1_8' title="bbox 185 1061 3386 1144">
     <span class='ocr_line' id='line_1_8' title="bbox 185 1061 3386 1144; baseline 0.001 -18"><span class='ocrx_word' id='word_1_82' title='bbox 185 1063 410 1126; x_wconf 82' lang='lat' dir='ltr'>exordio</span> <span class='ocrx_word' id='word_1_83' title='bbox 448 1069 571 1122; x_wconf 88' lang='lat' dir='ltr'>tam</span> <span class='ocrx_word' id='word_1_84' title='bbox 605 1061 939 1123; x_wconf 80' lang='lat' dir='ltr'>enucleate</span> <span class='ocrx_word' id='word_1_85' title='bbox 978 1061 1345 1140; x_wconf 91' lang='lat' dir='ltr'>diserteque</span> <span class='ocrx_word' id='word_1_86' title='bbox 1399 1062 1770 1141; x_wconf 76' lang='lat' dir='ltr'>complexus</span> <span class='ocrx_word' id='word_1_87' title='bbox 1817 1072 1943 1138; x_wconf 92' lang='lat' dir='ltr'>est,</span> <span class='ocrx_word' id='word_1_88' title='bbox 1979 1072 2045 1126; x_wconf 90' lang='lat' dir='ltr'>ut</span> <span class='ocrx_word' id='word_1_89' title='bbox 2080 1065 2220 1144; x_wconf 82' lang='lat' dir='ltr'>ejus</span> <span class='ocrx_word' id='word_1_90' title='bbox 2255 1065 2462 1126; x_wconf 87' lang='lat' dir='ltr'>verbis</span> <span class='ocrx_word' id='word_1_91' title='bbox 2500 1065 2647 1125; x_wconf 89' lang='lat' dir='ltr'>addi</span> <span class='ocrx_word' id='word_1_92' title='bbox 2681 1065 2846 1127; x_wconf 87' lang='lat' dir='ltr'>nihil</span> <span class='ocrx_word' id='word_1_93' title='bbox 2879 1066 3079 1144; x_wconf 89' lang='lat' dir='ltr'>possit</span> <span class='ocrx_word' id='word_1_94' title='bbox 3109 1109 3125 1140; x_wconf 91' lang='lat'>,</span> <span class='ocrx_word' id='word_1_95' title='bbox 3159 1072 3386 1144; x_wconf 64' lang='lat' dir='ltr'>praeter</span> 
     </span>
    </p>
   </div>
   <div class='ocr_carea' id='block_1_9' title="bbox 183 1161 790 1240">
    <p class='ocr_par' dir='ltr' id='par_1_9' title="bbox 183 1161 790 1240">
     <span class='ocr_line' id='line_1_9' title="bbox 183 1161 790 1240; baseline 0 -16"><span class='ocrx_word' id='word_1_96' title='bbox 183 1161 421 1224; x_wconf 79' lang='lat' dir='ltr'>auctoris</span> <span class='ocrx_word' id='word_1_97' title='bbox 453 1161 790 1240; x_wconf 90' lang='lat' dir='ltr'>injuriam.</span> 
     </span>
    </p>
   </div>
   <div class='ocr_carea' id='block_1_10' title="bbox 243 1260 3382 1343">
    <p class='ocr_par' dir='ltr' id='par_1_10' title="bbox 243 1260 3382 1343">
     <span class='ocr_line' id='line_1_10' title="bbox 243 1260 3382 1343; baseline 0.002 -19"><span class='ocrx_word' id='word_1_98' title='bbox 243 1260 519 1340; x_wconf 89' lang='lat' dir='ltr'>Sequitur</span> <span class='ocrx_word' id='word_1_99' title='bbox 550 1278 709 1340; x_wconf 90' lang='lat' dir='ltr'>ergo</span> <span class='ocrx_word' id='word_1_100' title='bbox 740 1261 954 1339; x_wconf 86' lang='lat' dir='ltr'>potius</span> <span class='ocrx_word' id='word_1_101' title='bbox 983 1305 998 1334; x_wconf 93' lang='lat'>,</span> <span class='ocrx_word' id='word_1_102' title='bbox 1034 1261 1391 1325; x_wconf 87' lang='lat' dir='ltr'>Christiane</span> <span class='ocrx_word' id='word_1_103' title='bbox 1426 1265 1647 1326; x_wconf 87' lang='lat' dir='ltr'>Lector</span> <span class='ocrx_word' id='word_1_104' title='bbox 1674 1314 1688 1335; x_wconf 93' lang='lat'>,</span> <span class='ocrx_word' id='word_1_105' title='bbox 1723 1270 1793 1324; x_wconf 93' lang='lat' dir='ltr'>ut</span> <span class='ocrx_word' id='word_1_106' title='bbox 1826 1280 2014 1343; x_wconf 90' lang='lat' dir='ltr'>quam</span> <span class='ocrx_word' id='word_1_107' title='bbox 2048 1264 2125 1325; x_wconf 92' lang='lat' dir='ltr'>de</span> <span class='ocrx_word' id='word_1_108' title='bbox 2157 1263 2270 1324; x_wconf 90' lang='lat' dir='ltr'>illo</span> <span class='ocrx_word' id='word_1_109' title='bbox 2303 1263 2465 1324; x_wconf 90' lang='lat' dir='ltr'>bene</span> <span class='ocrx_word' id='word_1_110' title='bbox 2500 1266 2732 1326; x_wconf 88' lang='lat' dir='ltr'>mereri</span> <span class='ocrx_word' id='word_1_111' title='bbox 2766 1266 3234 1337; x_wconf 87' lang='lat' dir='ltr'>studuerimus,</span> <span class='ocrx_word' id='word_1_112' title='bbox 3262 1268 3382 1331; x_wconf 90' lang='lat' dir='ltr'>hoc</span> 
     </span>
    </p>
   </div>
   <div class='ocr_carea' id='block_1_11' title="bbox 181 1363 3001 1446">
    <p class='ocr_par' dir='ltr' id='par_1_11' title="bbox 181 1363 3001 1446">
     <span class='ocr_line' id='line_1_11' title="bbox 181 1363 3001 1446; baseline 0 -18"><span class='ocrx_word' id='word_1_113' title='bbox 181 1373 287 1436; x_wconf 84' lang='lat' dir='ltr'>est,</span> <span class='ocrx_word' id='word_1_114' title='bbox 317 1363 464 1442; x_wconf 91' lang='lat' dir='ltr'>quid</span> <span class='ocrx_word' id='word_1_115' title='bbox 499 1364 564 1423; x_wconf 92' lang='lat' dir='ltr'>in</span> <span class='ocrx_word' id='word_1_116' title='bbox 597 1380 768 1425; x_wconf 88' lang='lat' dir='ltr'>nova</span> <span class='ocrx_word' id='word_1_117' title='bbox 800 1365 1294 1442; x_wconf 72' lang='lat' dir='ltr'>Prwparationis</span> <span class='ocrx_word' id='word_1_118' title='bbox 1327 1365 1518 1445; x_wconf 89' lang='lat' dir='ltr'>hujus</span> <span class='ocrx_word' id='word_1_119' title='bbox 1559 1366 1842 1428; x_wconf 85' lang='lat' dir='ltr'>editione</span> <span class='ocrx_word' id='word_1_120' title='bbox 1882 1366 2091 1427; x_wconf 89' lang='lat' dir='ltr'>conati</span> <span class='ocrx_word' id='word_1_121' title='bbox 2126 1366 2330 1425; x_wconf 91' lang='lat' dir='ltr'>simus</span> <span class='ocrx_word' id='word_1_122' title='bbox 2356 1409 2371 1436; x_wconf 91' lang='lat'>,</span> <span class='ocrx_word' id='word_1_123' title='bbox 2409 1364 2685 1427; x_wconf 87' lang='lat' dir='ltr'>breviter</span> <span class='ocrx_word' id='word_1_124' title='bbox 2706 1367 3001 1446; x_wconf 88' lang='lat' dir='ltr'>accipias.</span> 
     </span>
    </p>
   </div>
   <div class='ocr_carea' id='block_1_12' title="bbox 237 1463 3379 1544">
    <p class='ocr_par' dir='ltr' id='par_1_12' title="bbox 237 1463 3379 1544">
     <span class='ocr_line' id='line_1_12' title="bbox 237 1463 3379 1544; baseline 0.002 -19"><span class='ocrx_word' id='word_1_125' title='bbox 237 1463 470 1526; x_wconf 83' lang='lat' dir='ltr'>Exstitit</span> <span class='ocrx_word' id='word_1_126' title='bbox 499 1471 653 1526; x_wconf 86' lang='lat' dir='ltr'>ante</span> <span class='ocrx_word' id='word_1_127' title='bbox 689 1464 804 1525; x_wconf 87' lang='lat' dir='ltr'>hos</span> <span class='ocrx_word' id='word_1_128' title='bbox 840 1472 1094 1528; x_wconf 91' lang='lat' dir='ltr'>centum</span> <span class='ocrx_word' id='word_1_129' title='bbox 1125 1482 1325 1528; x_wconf 92' lang='lat' dir='ltr'>annos</span> <span class='ocrx_word' id='word_1_130' title='bbox 1361 1467 1828 1544; x_wconf 88' lang='lat' dir='ltr'>Trapezuntius</span> <span class='ocrx_word' id='word_1_131' title='bbox 1856 1513 1871 1540; x_wconf 93' lang='lat'>,</span> <span class='ocrx_word' id='word_1_132' title='bbox 1919 1466 2108 1527; x_wconf 91' lang='lat' dir='ltr'>homo</span> <span class='ocrx_word' id='word_1_133' title='bbox 2152 1472 2212 1526; x_wconf 92' lang='lat' dir='ltr'>et</span> <span class='ocrx_word' id='word_1_134' title='bbox 2250 1465 2504 1528; x_wconf 91' lang='lat' dir='ltr'>natione</span> <span class='ocrx_word' id='word_1_135' title='bbox 2543 1468 2800 1528; x_wconf 88' lang='lat' dir='ltr'>Graecus</span> <span class='ocrx_word' id='word_1_136' title='bbox 2829 1511 2844 1540; x_wconf 92' lang='lat'>,</span> <span class='ocrx_word' id='word_1_137' title='bbox 2881 1475 2939 1529; x_wconf 91' lang='lat' dir='ltr'>et</span> <span class='ocrx_word' id='word_1_138' title='bbox 2984 1469 3223 1530; x_wconf 87' lang='lat' dir='ltr'>Latinis</span> <span class='ocrx_word' id='word_1_139' title='bbox 3279 1470 3379 1532; x_wconf 91' lang='lat' dir='ltr'>in-</span> 
     </span>
    </p>
   </div>
   <div class='ocr_carea' id='block_1_13' title="bbox 175 1566 3373 1649">
    <p class='ocr_par' dir='ltr' id='par_1_13' title="bbox 175 1566 3373 1649">
     <span class='ocr_line' id='line_1_13' title="bbox 175 1566 3373 1649; baseline 0.001 -19"><span class='ocrx_word' id='word_1_140' title='bbox 175 1585 336 1646; x_wconf 88' lang='lat' dir='ltr'>super</span> <span class='ocrx_word' id='word_1_141' title='bbox 364 1566 595 1628; x_wconf 89' lang='lat' dir='ltr'>litteris</span> <span class='ocrx_word' id='word_1_142' title='bbox 632 1584 760 1628; x_wconf 92' lang='lat' dir='ltr'>non</span> <span class='ocrx_word' id='word_1_143' title='bbox 792 1569 1198 1632; x_wconf 89' lang='lat' dir='ltr'>mediocriter</span> <span class='ocrx_word' id='word_1_144' title='bbox 1237 1569 1649 1632; x_wconf 87' lang='lat' dir='ltr'>informatus:</span> <span class='ocrx_word' id='word_1_145' title='bbox 1703 1570 1849 1649; x_wconf 91' lang='lat' dir='ltr'>qui,</span> <span class='ocrx_word' id='word_1_146' title='bbox 1887 1569 1940 1630; x_wconf 92' lang='lat' dir='ltr'>si</span> <span class='ocrx_word' id='word_1_147' title='bbox 1976 1569 2204 1630; x_wconf 92' lang='lat' dir='ltr'>horum</span> <span class='ocrx_word' id='word_1_148' title='bbox 2261 1570 2337 1630; x_wconf 90' lang='lat' dir='ltr'>ad</span> <span class='ocrx_word' id='word_1_149' title='bbox 2381 1569 2693 1630; x_wconf 90' lang='lat' dir='ltr'>librorum</span> <span class='ocrx_word' id='word_1_150' title='bbox 2745 1572 3373 1649; x_wconf 86' lang='lat' dir='ltr'>interpretationem,</span> 
     </span>
    </p>
   </div>
   <div class='ocr_carea' id='block_1_14' title="bbox 174 1668 3378 1749">
    <p class='ocr_par' dir='ltr' id='par_1_14' title="bbox 174 1668 3378 1749">
     <span class='ocr_line' id='line_1_14' title="bbox 174 1668 3378 1749; baseline 0.002 -20"><span class='ocrx_word' id='word_1_151' title='bbox 174 1675 445 1748; x_wconf 88' lang='lat' dir='ltr'>quantum</span> <span class='ocrx_word' id='word_1_152' title='bbox 479 1668 874 1730; x_wconf 89' lang='lat' dir='ltr'>eruditionis</span> <span class='ocrx_word' id='word_1_153' title='bbox 904 1685 974 1730; x_wconf 90' lang='lat' dir='ltr'>ac</span> <span class='ocrx_word' id='word_1_154' title='bbox 999 1668 1276 1732; x_wconf 87' lang='lat' dir='ltr'>solertiae</span> <span class='ocrx_word' id='word_1_155' title='bbox 1302 1671 1641 1744; x_wconf 74' lang='lat' dir='ltr'>afferebat,</span> <span class='ocrx_word' id='word_1_156' title='bbox 1675 1678 1919 1733; x_wconf 90' lang='lat' dir='ltr'>tantum</span> <span class='ocrx_word' id='word_1_157' title='bbox 1948 1687 1981 1731; x_wconf 90' lang='lat' dir='ltr'>a</span> <span class='ocrx_word' id='word_1_158' title='bbox 2013 1671 2183 1732; x_wconf 90' lang='lat' dir='ltr'>curis</span> <span class='ocrx_word' id='word_1_159' title='bbox 2220 1671 2619 1748; x_wconf 85' lang='lat' dir='ltr'>gravioribus</span> <span class='ocrx_word' id='word_1_160' title='bbox 2657 1671 2960 1749; x_wconf 91' lang='lat' dir='ltr'>temporis</span> <span class='ocrx_word' id='word_1_161' title='bbox 2994 1679 3054 1733; x_wconf 93' lang='lat' dir='ltr'>et</span> <span class='ocrx_word' id='word_1_162' title='bbox 3080 1673 3195 1734; x_wconf 92' lang='lat' dir='ltr'>otii</span> <span class='ocrx_word' id='word_1_163' title='bbox 3227 1690 3378 1737; x_wconf 89' lang='lat' dir='ltr'>con-</span> 
     </span>
    </p>
   </div>
   <div class='ocr_carea' id='block_1_15' title="bbox 172 1770 3370 1852">
    <p class='ocr_par' dir='ltr' id='par_1_15' title="bbox 172 1770 3370 1852">
     <span class='ocr_line' id='line_1_15' title="bbox 172 1770 3370 1852; baseline 0.002 -22"><span class='ocrx_word' id='word_1_164' title='bbox 172 1770 309 1831; x_wconf 78' lang='lat' dir='ltr'>ferre</span> <span class='ocrx_word' id='word_1_165' title='bbox 337 1770 706 1847; x_wconf 88' lang='lat' dir='ltr'>potuisset;</span> <span class='ocrx_word' id='word_1_166' title='bbox 738 1770 923 1831; x_wconf 91' lang='lat' dir='ltr'>nobis</span> <span class='ocrx_word' id='word_1_167' title='bbox 960 1771 1186 1852; x_wconf 91' lang='lat' dir='ltr'>utique</span> <span class='ocrx_word' id='word_1_168' title='bbox 1225 1772 1481 1852; x_wconf 82' lang='lat' dir='ltr'>legendi</span> <span class='ocrx_word' id='word_1_169' title='bbox 1515 1772 1904 1852; x_wconf 89' lang='lat' dir='ltr'>voluptatem</span> <span class='ocrx_word' id='word_1_170' title='bbox 1933 1817 1947 1844; x_wconf 93' lang='lat'>,</span> <span class='ocrx_word' id='word_1_171' title='bbox 2005 1788 2131 1833; x_wconf 93' lang='lat' dir='ltr'>non</span> <span class='ocrx_word' id='word_1_172' title='bbox 2177 1772 2439 1833; x_wconf 88' lang='lat' dir='ltr'>alterius</span> <span class='ocrx_word' id='word_1_173' title='bbox 2490 1788 2700 1849; x_wconf 69' lang='lat' dir='ltr'>Operm</span> <span class='ocrx_word' id='word_1_174' title='bbox 2737 1771 3181 1834; x_wconf 88' lang='lat' dir='ltr'>necessitatem</span> <span class='ocrx_word' id='word_1_175' title='bbox 3217 1773 3370 1835; x_wconf 83' lang='lat' dir='ltr'>reli-</span> 
     </span>
    </p>
   </div>
   <div class='ocr_carea' id='block_1_16' title="bbox 172 1871 3374 1954">
    <p class='ocr_par' dir='ltr' id='par_1_16' title="bbox 172 1871 3374 1954">
     <span class='ocr_line' id='line_1_16' title="bbox 172 1871 3374 1954; baseline 0.001 -21"><span class='ocrx_word' id='word_1_176' title='bbox 172 1872 406 1952; x_wconf 87' lang='lat' dir='ltr'>quisset.</span> <span class='ocrx_word' id='word_1_177' title='bbox 440 1873 519 1933; x_wconf 83' lang='lat' dir='ltr'>At</span> <span class='ocrx_word' id='word_1_178' title='bbox 550 1873 711 1934; x_wconf 92' lang='lat' dir='ltr'>dum</span> <span class='ocrx_word' id='word_1_179' title='bbox 743 1871 938 1954; x_wconf 93' lang='lat' dir='ltr'>(quod</span> <span class='ocrx_word' id='word_1_180' title='bbox 969 1873 1240 1952; x_wconf 84' lang='lat' dir='ltr'>ipsemet</span> <span class='ocrx_word' id='word_1_181' title='bbox 1276 1874 1376 1937; x_wconf 91' lang='lat' dir='ltr'>vel</span> <span class='ocrx_word' id='word_1_182' title='bbox 1407 1875 1682 1954; x_wconf 86' lang='lat' dir='ltr'>excipit,</span> <span class='ocrx_word' id='word_1_183' title='bbox 1735 1873 1834 1937; x_wconf 92' lang='lat' dir='ltr'>vel</span> <span class='ocrx_word' id='word_1_184' title='bbox 1881 1871 2162 1951; x_wconf 86' lang='lat' dir='ltr'>excusat)</span> <span class='ocrx_word' id='word_1_185' title='bbox 2213 1890 2357 1934; x_wconf 91' lang='lat' dir='ltr'>cum</span> <span class='ocrx_word' id='word_1_186' title='bbox 2405 1890 2625 1934; x_wconf 92' lang='lat' dir='ltr'>eorum</span> <span class='ocrx_word' id='word_1_187' title='bbox 2659 1890 2693 1934; x_wconf 92' lang='lat' dir='ltr'>a</span> <span class='ocrx_word' id='word_1_188' title='bbox 2735 1872 2974 1951; x_wconf 91' lang='lat' dir='ltr'>quibus</span> <span class='ocrx_word' id='word_1_189' title='bbox 3026 1873 3374 1952; x_wconf 81' lang='lat' dir='ltr'>urgebatur</span> 
     </span>
    </p>
   </div>
   <div class='ocr_carea' id='block_1_17' title="bbox 169 1969 3370 2057">
    <p class='ocr_par' dir='ltr' id='par_1_17' title="bbox 169 1969 3370 2057">
     <span class='ocr_line' id='line_1_17' title="bbox 169 1969 3370 2057; baseline 0.003 -25"><span class='ocrx_word' id='word_1_190' title='bbox 169 1969 456 2032; x_wconf 89' lang='lat' dir='ltr'>desiderio</span> <span class='ocrx_word' id='word_1_191' title='bbox 483 2015 499 2043; x_wconf 94' lang='lat'>,</span> <span class='ocrx_word' id='word_1_192' title='bbox 533 1971 826 2032; x_wconf 89' lang='lat' dir='ltr'>vertendi</span> <span class='ocrx_word' id='word_1_193' title='bbox 856 1971 1247 2035; x_wconf 89' lang='lat' dir='ltr'>celeritatem</span> <span class='ocrx_word' id='word_1_194' title='bbox 1278 1990 1531 2053; x_wconf 63' lang='lat' dir='ltr'>aequare</span> <span class='ocrx_word' id='word_1_195' title='bbox 1561 1973 1861 2054; x_wconf 88' lang='lat' dir='ltr'>gestiret,</span> <span class='ocrx_word' id='word_1_196' title='bbox 1903 1974 2254 2035; x_wconf 87' lang='lat' dir='ltr'>Eusebium</span> <span class='ocrx_word' id='word_1_197' title='bbox 2277 1971 2557 2035; x_wconf 87' lang='lat' dir='ltr'>Eusebio</span> <span class='ocrx_word' id='word_1_198' title='bbox 2594 1973 2947 2035; x_wconf 80' lang='lat' dir='ltr'>suﬂ‘uratus</span> <span class='ocrx_word' id='word_1_199' title='bbox 2981 1983 3116 2047; x_wconf 90' lang='lat' dir='ltr'>est;</span> <span class='ocrx_word' id='word_1_200' title='bbox 3152 1977 3370 2057; x_wconf 89' lang='lat' dir='ltr'>itaque</span> 
     </span>
    </p>
   </div>
   <div class='ocr_carea' id='block_1_18' title="bbox 168 2071 3368 2155">
    <p class='ocr_par' dir='ltr' id='par_1_18' title="bbox 168 2071 3368 2155">
     <span class='ocr_line' id='line_1_18' title="bbox 168 2071 3368 2155; baseline 0.003 -26"><span class='ocrx_word' id='word_1_201' title='bbox 168 2085 262 2130; x_wconf 86' lang='lat' dir='ltr'>suo</span> <span class='ocrx_word' id='word_1_202' title='bbox 289 2085 361 2130; x_wconf 88' lang='lat' dir='ltr'>ex</span> <span class='ocrx_word' id='word_1_203' title='bbox 387 2086 592 2132; x_wconf 91' lang='lat' dir='ltr'>sensu</span> <span class='ocrx_word' id='word_1_204' title='bbox 628 2071 874 2133; x_wconf 89' lang='lat' dir='ltr'>vultum</span> <span class='ocrx_word' id='word_1_205' title='bbox 903 2073 960 2135; x_wconf 93' lang='lat' dir='ltr'>ei</span> <span class='ocrx_word' id='word_1_206' title='bbox 997 2074 1409 2155; x_wconf 89' lang='lat' dir='ltr'>speciemque</span> <span class='ocrx_word' id='word_1_207' title='bbox 1444 2076 1625 2138; x_wconf 85' lang='lat' dir='ltr'>ﬁnxit</span> <span class='ocrx_word' id='word_1_208' title='bbox 1653 2121 1668 2150; x_wconf 97' lang='lat'>,</span> <span class='ocrx_word' id='word_1_209' title='bbox 1702 2083 1772 2137; x_wconf 92' lang='lat' dir='ltr'>ut</span> <span class='ocrx_word' id='word_1_210' title='bbox 1794 2077 1980 2139; x_wconf 85' lang='lat' dir='ltr'>abeo</span> <span class='ocrx_word' id='word_1_211' title='bbox 2007 2074 2507 2153; x_wconf 90' lang='lat' dir='ltr'>Trapezuntium</span> <span class='ocrx_word' id='word_1_212' title='bbox 2541 2075 2757 2137; x_wconf 87' lang='lat' dir='ltr'>verius</span> <span class='ocrx_word' id='word_1_213' title='bbox 2791 2093 2979 2154; x_wconf 90' lang='lat' dir='ltr'>quam</span> <span class='ocrx_word' id='word_1_214' title='bbox 3019 2077 3368 2139; x_wconf 88' lang='lat' dir='ltr'>Eusebium</span> 
     </span>
    </p>
   </div>
   <div class='ocr_carea' id='block_1_19' title="bbox 169 2167 3367 2259">
    <p class='ocr_par' dir='ltr' id='par_1_19' title="bbox 169 2167 3367 2259">
     <span class='ocr_line' id='line_1_19' title="bbox 169 2167 3367 2259; baseline 0.004 -33"><span class='ocrx_word' id='word_1_215' title='bbox 169 2167 538 2233; x_wconf 84' lang='lat' dir='ltr'>haberemus.</span> <span class='ocrx_word' id='word_1_216' title='bbox 569 2174 663 2233; x_wconf 90' lang='lat' dir='ltr'>lta</span> <span class='ocrx_word' id='word_1_217' title='bbox 699 2173 976 2253; x_wconf 88' lang='lat' dir='ltr'>capitum</span> <span class='ocrx_word' id='word_1_218' title='bbox 1023 2176 1318 2239; x_wconf 92' lang='lat' dir='ltr'>ordinem</span> <span class='ocrx_word' id='word_1_219' title='bbox 1367 2195 1838 2259; x_wconf 85' lang='lat' dir='ltr'>numerumque</span> <span class='ocrx_word' id='word_1_220' title='bbox 1877 2185 2072 2240; x_wconf 88' lang='lat' dir='ltr'>mutat</span> <span class='ocrx_word' id='word_1_221' title='bbox 2107 2200 2123 2250; x_wconf 90' lang='lat'><strong>;</strong></span> <span class='ocrx_word' id='word_1_222' title='bbox 2172 2178 2255 2239; x_wconf 87' lang='lat' dir='ltr'>ita</span> <span class='ocrx_word' id='word_1_223' title='bbox 2291 2177 2678 2252; x_wconf 89' lang='lat' dir='ltr'>sententias,</span> <span class='ocrx_word' id='word_1_224' title='bbox 2718 2177 3054 2255; x_wconf 88' lang='lat' dir='ltr'>periodos,</span> <span class='ocrx_word' id='word_1_225' title='bbox 3106 2177 3367 2256; x_wconf 86' lang='lat' dir='ltr'>paginas</span> 
     </span>
    </p>
   </div>
   <div class='ocr_carea' id='block_1_20' title="bbox 166 2277 3363 2363">
    <p class='ocr_par' dir='ltr' id='par_1_20' title="bbox 166 2277 3363 2363">
     <span class='ocr_line' id='line_1_20' title="bbox 166 2277 3363 2363; baseline 0.004 -33"><span class='ocrx_word' id='word_1_226' title='bbox 166 2286 604 2352; x_wconf 86' lang='lat' dir='ltr'>nonnunquam</span> <span class='ocrx_word' id='word_1_227' title='bbox 643 2277 920 2357; x_wconf 88' lang='lat' dir='ltr'>integras</span> <span class='ocrx_word' id='word_1_228' title='bbox 952 2279 1141 2342; x_wconf 92' lang='lat' dir='ltr'>modo</span> <span class='ocrx_word' id='word_1_229' title='bbox 1195 2281 1536 2360; x_wconf 86' lang='lat' dir='ltr'>interpolat</span> <span class='ocrx_word' id='word_1_230' title='bbox 1568 2325 1586 2356; x_wconf 95' lang='lat'>,</span> <span class='ocrx_word' id='word_1_231' title='bbox 1621 2281 1812 2344; x_wconf 93' lang='lat' dir='ltr'>modo</span> <span class='ocrx_word' id='word_1_232' title='bbox 1835 2326 1852 2354; x_wconf 94' lang='lat'>,</span> <span class='ocrx_word' id='word_1_233' title='bbox 1878 2283 2049 2363; x_wconf 91' lang='lat' dir='ltr'>quod</span> <span class='ocrx_word' id='word_1_234' title='bbox 2087 2281 2275 2359; x_wconf 87' lang='lat' dir='ltr'>longe</span> <span class='ocrx_word' id='word_1_235' title='bbox 2304 2284 2562 2361; x_wconf 85' lang='lat' dir='ltr'>gravius</span> <span class='ocrx_word' id='word_1_236' title='bbox 2594 2287 2690 2343; x_wconf 90' lang='lat' dir='ltr'>est</span> <span class='ocrx_word' id='word_1_237' title='bbox 2721 2324 2737 2354; x_wconf 93' lang='lat'>,</span> <span class='ocrx_word' id='word_1_238' title='bbox 2793 2279 3105 2358; x_wconf 89' lang='lat' dir='ltr'>expungit</span> <span class='ocrx_word' id='word_1_239' title='bbox 3157 2297 3226 2341; x_wconf 91' lang='lat' dir='ltr'>ac</span> <span class='ocrx_word' id='word_1_240' title='bbox 3258 2297 3363 2342; x_wconf 86' lang='lat' dir='ltr'>re-</span> 
     </span>
    </p>
   </div>
   <div class='ocr_carea' id='block_1_21' title="bbox 162 2374 3364 2464">
    <p class='ocr_par' dir='ltr' id='par_1_21' title="bbox 162 2374 3364 2464">
     <span class='ocr_line' id='line_1_21' title="bbox 162 2374 3364 2464; baseline 0.004 -34"><span class='ocrx_word' id='word_1_241' title='bbox 162 2381 317 2433; x_wconf 83' lang='lat' dir='ltr'>secat.</span> <span class='ocrx_word' id='word_1_242' title='bbox 351 2374 618 2437; x_wconf 86' lang='lat' dir='ltr'>Librum</span> <span class='ocrx_word' id='word_1_243' title='bbox 654 2385 823 2441; x_wconf 91' lang='lat' dir='ltr'>certe</span> <span class='ocrx_word' id='word_1_244' title='bbox 855 2379 1172 2442; x_wconf 91' lang='lat' dir='ltr'>decimum</span> <span class='ocrx_word' id='word_1_245' title='bbox 1206 2382 1505 2461; x_wconf 91' lang='lat' dir='ltr'>quintum</span> <span class='ocrx_word' id='word_1_246' title='bbox 1534 2399 1615 2443; x_wconf 91' lang='lat' dir='ltr'>ne</span> <span class='ocrx_word' id='word_1_247' title='bbox 1653 2384 1860 2463; x_wconf 91' lang='lat' dir='ltr'>attigit</span> <span class='ocrx_word' id='word_1_248' title='bbox 1910 2383 2196 2463; x_wconf 92' lang='lat' dir='ltr'>quidem.</span> <span class='ocrx_word' id='word_1_249' title='bbox 2236 2383 2305 2445; x_wconf 88' lang='lat' dir='ltr'>Id</span> <span class='ocrx_word' id='word_1_250' title='bbox 2337 2383 2510 2464; x_wconf 90' lang='lat' dir='ltr'>quod</span> <span class='ocrx_word' id='word_1_251' title='bbox 2545 2382 2702 2445; x_wconf 89' lang='lat' dir='ltr'>viris</span> <span class='ocrx_word' id='word_1_252' title='bbox 2738 2382 2929 2443; x_wconf 85' lang='lat' dir='ltr'>etiam</span> <span class='ocrx_word' id='word_1_253' title='bbox 2973 2381 3364 2444; x_wconf 89' lang='lat' dir='ltr'>doctissimis</span> 
     </span>
    </p>
   </div>
   <div class='ocr_carea' id='block_1_22' title="bbox 161 2471 3356 2564">
    <p class='ocr_par' dir='ltr' id='par_1_22' title="bbox 161 2471 3356 2564">
     <span class='ocr_line' id='line_1_22' title="bbox 161 2471 3356 2564; baseline 0.004 -34"><span class='ocrx_word' id='word_1_254' title='bbox 161 2471 333 2533; x_wconf 87' lang='lat' dir='ltr'>fraudi</span> <span class='ocrx_word' id='word_1_255' title='bbox 355 2473 475 2536; x_wconf 87' lang='lat' dir='ltr'>fuit</span> <span class='ocrx_word' id='word_1_256' title='bbox 501 2520 520 2550; x_wconf 92' lang='lat'>,</span> <span class='ocrx_word' id='word_1_257' title='bbox 563 2479 678 2557; x_wconf 84' lang='lat' dir='ltr'>qui</span> <span class='ocrx_word' id='word_1_258' title='bbox 709 2497 852 2542; x_wconf 93' lang='lat' dir='ltr'>cum</span> <span class='ocrx_word' id='word_1_259' title='bbox 900 2483 1163 2544; x_wconf 90' lang='lat' dir='ltr'>Eusebii</span> <span class='ocrx_word' id='word_1_260' title='bbox 1222 2485 1435 2546; x_wconf 69' lang='lat' dir='ltr'>Grteea</span> <span class='ocrx_word' id='word_1_261' title='bbox 1465 2499 1592 2546; x_wconf 91' lang='lat' dir='ltr'>non</span> <span class='ocrx_word' id='word_1_262' title='bbox 1627 2483 1978 2563; x_wconf 90' lang='lat' dir='ltr'>legissent,</span> <span class='ocrx_word' id='word_1_263' title='bbox 2015 2493 2409 2564; x_wconf 91' lang='lat' dir='ltr'>postremum</span> <span class='ocrx_word' id='word_1_264' title='bbox 2439 2484 2608 2546; x_wconf 89' lang='lat' dir='ltr'>hunc</span> <span class='ocrx_word' id='word_1_265' title='bbox 2638 2483 2873 2544; x_wconf 91' lang='lat' dir='ltr'>librum</span> <span class='ocrx_word' id='word_1_266' title='bbox 2913 2481 3182 2560; x_wconf 90' lang='lat' dir='ltr'>periisse</span> <span class='ocrx_word' id='word_1_267' title='bbox 3218 2500 3356 2545; x_wconf 91' lang='lat' dir='ltr'>cre-</span> 
     </span>
    </p>
   </div>
   <div class='ocr_carea' id='block_1_23' title="bbox 161 2573 3364 2664">
    <p class='ocr_par' dir='ltr' id='par_1_23' title="bbox 161 2573 3364 2664">
     <span class='ocr_line' id='line_1_23' title="bbox 161 2573 3364 2664; baseline 0.004 -29"><span class='ocrx_word' id='word_1_268' title='bbox 161 2573 448 2637; x_wconf 83' lang='lat' dir='ltr'>diderunt.</span> <span class='ocrx_word' id='word_1_269' title='bbox 481 2578 867 2644; x_wconf 88' lang='lat' dir='ltr'>Ostenderat</span> <span class='ocrx_word' id='word_1_270' title='bbox 896 2584 1203 2662; x_wconf 60' lang='lat' dir='ltr'>Grynaeus</span> <span class='ocrx_word' id='word_1_271' title='bbox 1235 2585 1493 2664; x_wconf 89' lang='lat' dir='ltr'>quidam</span> <span class='ocrx_word' id='word_1_272' title='bbox 1521 2630 1536 2660; x_wconf 95' lang='lat'>,</span> <span class='ocrx_word' id='word_1_273' title='bbox 1568 2585 1759 2647; x_wconf 88' lang='lat' dir='ltr'>homo</span> <span class='ocrx_word' id='word_1_274' title='bbox 1783 2629 1800 2659; x_wconf 93' lang='lat'>,</span> <span class='ocrx_word' id='word_1_275' title='bbox 1835 2593 1901 2648; x_wconf 90' lang='lat' dir='ltr'>ut</span> <span class='ocrx_word' id='word_1_276' title='bbox 1925 2585 2138 2656; x_wconf 89' lang='lat' dir='ltr'>aiunt,</span> <span class='ocrx_word' id='word_1_277' title='bbox 2173 2585 2530 2660; x_wconf 65' lang='lat' dir='ltr'>haereticus,</span> <span class='ocrx_word' id='word_1_278' title='bbox 2559 2584 2724 2647; x_wconf 90' lang='lat' dir='ltr'>velle</span> <span class='ocrx_word' id='word_1_279' title='bbox 2761 2602 2830 2647; x_wconf 90' lang='lat' dir='ltr'>se</span> <span class='ocrx_word' id='word_1_280' title='bbox 2862 2592 2984 2646; x_wconf 89' lang='lat' dir='ltr'>tam</span> <span class='ocrx_word' id='word_1_281' title='bbox 3011 2584 3364 2648; x_wconf 90' lang='lat' dir='ltr'>inveterato</span> 
     </span>
    </p>
   </div>
   <div class='ocr_carea' id='block_1_24' title="bbox 162 2679 3361 2765">
    <p class='ocr_par' dir='ltr' id='par_1_24' title="bbox 162 2679 3361 2765">
     <span class='ocr_line' id='line_1_24' title="bbox 162 2679 3361 2765; baseline 0.003 -27"><span class='ocrx_word' id='word_1_282' title='bbox 162 2679 344 2740; x_wconf 85' lang='lat' dir='ltr'>morbo</span> <span class='ocrx_word' id='word_1_283' title='bbox 377 2681 719 2743; x_wconf 63' lang='lat' dir='ltr'>medicinae</span> <span class='ocrx_word' id='word_1_284' title='bbox 745 2681 994 2761; x_wconf 89' lang='lat' dir='ltr'>aliquid</span> <span class='ocrx_word' id='word_1_285' title='bbox 1035 2683 1280 2758; x_wconf 87' lang='lat' dir='ltr'>facere;</span> <span class='ocrx_word' id='word_1_286' title='bbox 1315 2686 1427 2748; x_wconf 92' lang='lat' dir='ltr'>sed</span> <span class='ocrx_word' id='word_1_287' title='bbox 1469 2686 1747 2748; x_wconf 90' lang='lat' dir='ltr'>ostendit</span> <span class='ocrx_word' id='word_1_288' title='bbox 1779 2704 1845 2748; x_wconf 90' lang='lat' dir='ltr'>re</span> <span class='ocrx_word' id='word_1_289' title='bbox 1880 2685 2018 2764; x_wconf 88' lang='lat' dir='ltr'>ipsa</span> <span class='ocrx_word' id='word_1_290' title='bbox 2054 2693 2297 2746; x_wconf 88' lang='lat' dir='ltr'>tantum</span> <span class='ocrx_word' id='word_1_291' title='bbox 2319 2730 2335 2759; x_wconf 93' lang='lat'>,</span> <span class='ocrx_word' id='word_1_292' title='bbox 2370 2685 2608 2765; x_wconf 86' lang='lat' dir='ltr'>quippe</span> <span class='ocrx_word' id='word_1_293' title='bbox 2639 2683 2754 2765; x_wconf 91' lang='lat' dir='ltr'>qui</span> <span class='ocrx_word' id='word_1_294' title='bbox 2793 2684 2968 2747; x_wconf 88' lang='lat' dir='ltr'>labes</span> <span class='ocrx_word' id='word_1_295' title='bbox 3019 2683 3361 2764; x_wconf 88' lang='lat' dir='ltr'>hiatusque</span> 
     </span>
    </p>
   </div>
   <div class='ocr_carea' id='block_1_25' title="bbox 159 2777 2393 2864">
    <p class='ocr_par' dir='ltr' id='par_1_25' title="bbox 159 2777 2393 2864">
     <span class='ocr_line' id='line_1_25' title="bbox 159 2777 2393 2864; baseline 0.003 -25"><span class='ocrx_word' id='word_1_296' title='bbox 159 2777 471 2840; x_wconf 90' lang='lat' dir='ltr'>nonnullos</span> <span class='ocrx_word' id='word_1_297' title='bbox 496 2781 773 2856; x_wconf 87' lang='lat' dir='ltr'>sparsim</span> <span class='ocrx_word' id='word_1_298' title='bbox 808 2781 1113 2845; x_wconf 80' lang='lat' dir='ltr'>duntaxat</span> <span class='ocrx_word' id='word_1_299' title='bbox 1135 2801 1207 2845; x_wconf 88' lang='lat' dir='ltr'>ac</span> <span class='ocrx_word' id='word_1_300' title='bbox 1242 2802 1408 2864; x_wconf 61' lang='lat' dir='ltr'>sape</span> <span class='ocrx_word' id='word_1_301' title='bbox 1438 2786 1622 2847; x_wconf 92' lang='lat' dir='ltr'>novis</span> <span class='ocrx_word' id='word_1_302' title='bbox 1652 2786 1977 2848; x_wconf 90' lang='lat' dir='ltr'>erroribus</span> <span class='ocrx_word' id='word_1_303' title='bbox 2009 2785 2393 2863; x_wconf 91' lang='lat' dir='ltr'>impleverit.</span> 
     </span>
    </p>
   </div>
   <div class='ocr_carea' id='block_1_26' title="bbox 217 2878 3362 2965">
    <p class='ocr_par' dir='ltr' id='par_1_26' title="bbox 217 2878 3362 2965">
     <span class='ocr_line' id='line_1_26' title="bbox 217 2878 3362 2965; baseline 0.003 -27"><span class='ocrx_word' id='word_1_304' title='bbox 217 2878 777 2959; x_wconf 86' lang='lat' dir='ltr'>Quocircajustum</span> <span class='ocrx_word' id='word_1_305' title='bbox 808 2883 992 2945; x_wconf 89' lang='lat' dir='ltr'>ambo</span> <span class='ocrx_word' id='word_1_306' title='bbox 1032 2883 1216 2946; x_wconf 91' lang='lat' dir='ltr'>nobis</span> <span class='ocrx_word' id='word_1_307' title='bbox 1248 2885 1700 2964; x_wconf 90' lang='lat' dir='ltr'>integrumque</span> <span class='ocrx_word' id='word_1_308' title='bbox 1731 2902 2002 2962; x_wconf 91' lang='lat' dir='ltr'>pensum</span> <span class='ocrx_word' id='word_1_309' title='bbox 2035 2884 2400 2962; x_wconf 89' lang='lat' dir='ltr'>reliquere;</span> <span class='ocrx_word' id='word_1_310' title='bbox 2436 2901 2514 2946; x_wconf 89' lang='lat' dir='ltr'>ue</span> <span class='ocrx_word' id='word_1_311' title='bbox 2550 2901 2679 2965; x_wconf 93' lang='lat' dir='ltr'>quo</span> <span class='ocrx_word' id='word_1_312' title='bbox 2713 2883 2874 2946; x_wconf 85' lang='lat' dir='ltr'>nihil</span> <span class='ocrx_word' id='word_1_313' title='bbox 2905 2885 3249 2949; x_wconf 89' lang='lat' dir='ltr'>admodum</span> <span class='ocrx_word' id='word_1_314' title='bbox 3284 2887 3362 2947; x_wconf 87' lang='lat' dir='ltr'>ab</span> 
     </span>
    </p>
   </div>
   <div class='ocr_carea' id='block_1_27' title="bbox 161 2975 3358 3061">
    <p class='ocr_par' dir='ltr' id='par_1_27' title="bbox 161 2975 3358 3061">
     <span class='ocr_line' id='line_1_27' title="bbox 161 2975 3358 3061; baseline 0.003 -24"><span class='ocrx_word' id='word_1_315' title='bbox 161 2975 424 3056; x_wconf 77' lang='lat' dir='ltr'>BOppero</span> <span class='ocrx_word' id='word_1_316' title='bbox 450 3024 467 3052; x_wconf 97' lang='lat'>,</span> <span class='ocrx_word' id='word_1_317' title='bbox 501 2981 621 3060; x_wconf 92' lang='lat' dir='ltr'>qui</span> <span class='ocrx_word' id='word_1_318' title='bbox 679 2988 1036 3044; x_wconf 84' lang='lat' dir='ltr'>extremum</span> <span class='ocrx_word' id='word_1_319' title='bbox 1089 2983 1328 3044; x_wconf 89' lang='lat' dir='ltr'>librum</span> <span class='ocrx_word' id='word_1_320' title='bbox 1361 2984 1771 3060; x_wconf 89' lang='lat' dir='ltr'>Trapezuntii</span> <span class='ocrx_word' id='word_1_321' title='bbox 1818 2984 2058 3046; x_wconf 90' lang='lat' dir='ltr'>Latinis</span> <span class='ocrx_word' id='word_1_322' title='bbox 2086 2983 2355 3044; x_wconf 87' lang='lat' dir='ltr'>attexuit</span> <span class='ocrx_word' id='word_1_323' title='bbox 2379 3027 2395 3056; x_wconf 94' lang='lat'>,</span> <span class='ocrx_word' id='word_1_324' title='bbox 2451 2983 2700 3044; x_wconf 87' lang='lat' dir='ltr'>detrahi</span> <span class='ocrx_word' id='word_1_325' title='bbox 2736 2982 3020 3061; x_wconf 84' lang='lat' dir='ltr'>potuisse</span> <span class='ocrx_word' id='word_1_326' title='bbox 3050 3030 3066 3058; x_wconf 96' lang='lat'>,</span> <span class='ocrx_word' id='word_1_327' title='bbox 3113 2982 3358 3046; x_wconf 80' lang='lat' dir='ltr'>invitus</span> 
     </span>
    </p>
   </div>
   <div class='ocr_carea' id='block_1_28' title="bbox 161 3078 3354 3162">
    <p class='ocr_par' dir='ltr' id='par_1_28' title="bbox 161 3078 3354 3162">
     <span class='ocr_line' id='line_1_28' title="bbox 161 3078 3354 3162; baseline 0.003 -25"><span class='ocrx_word' id='word_1_328' title='bbox 161 3093 314 3138; x_wconf 85' lang='lat' dir='ltr'>nemo</span> <span class='ocrx_word' id='word_1_329' title='bbox 345 3078 690 3155; x_wconf 84' lang='lat' dir='ltr'>fatebitur,</span> <span class='ocrx_word' id='word_1_330' title='bbox 723 3082 832 3162; x_wconf 93' lang='lat' dir='ltr'>qui</span> <span class='ocrx_word' id='word_1_331' title='bbox 873 3081 1033 3143; x_wconf 89' lang='lat' dir='ltr'>hanc</span> <span class='ocrx_word' id='word_1_332' title='bbox 1063 3083 1130 3144; x_wconf 93' lang='lat' dir='ltr'>in</span> <span class='ocrx_word' id='word_1_333' title='bbox 1163 3082 1499 3144; x_wconf 89' lang='lat' dir='ltr'>lectionem</span> <span class='ocrx_word' id='word_1_334' title='bbox 1533 3082 1719 3145; x_wconf 85' lang='lat' dir='ltr'>horas</span> <span class='ocrx_word' id='word_1_335' title='bbox 1766 3101 1845 3144; x_wconf 88' lang='lat' dir='ltr'>ex</span> <span class='ocrx_word' id='word_1_336' title='bbox 1875 3083 2006 3144; x_wconf 91' lang='lat' dir='ltr'>otio</span> <span class='ocrx_word' id='word_1_337' title='bbox 2035 3098 2154 3143; x_wconf 90' lang='lat' dir='ltr'>suo</span> <span class='ocrx_word' id='word_1_338' title='bbox 2183 3081 2429 3160; x_wconf 90' lang='lat' dir='ltr'>aliquot</span> <span class='ocrx_word' id='word_1_339' title='bbox 2455 3080 2744 3143; x_wconf 88' lang='lat' dir='ltr'>derivare</span> <span class='ocrx_word' id='word_1_340' title='bbox 2777 3081 3074 3143; x_wconf 91' lang='lat' dir='ltr'>voluerit.</span> <span class='ocrx_word' id='word_1_341' title='bbox 3119 3084 3354 3144; x_wconf 87' lang='lat' dir='ltr'>Novam</span> 
     </span>
    </p>
   </div>
   <div class='ocr_carea' id='block_1_29' title="bbox 160 3179 3351 3261">
    <p class='ocr_par' dir='ltr' id='par_1_29' title="bbox 160 3179 3351 3261">
     <span class='ocr_line' id='line_1_29' title="bbox 160 3179 3351 3261; baseline 0.002 -22"><span class='ocrx_word' id='word_1_342' title='bbox 160 3194 281 3256; x_wconf 86' lang='lat' dir='ltr'>ergo</span> <span class='ocrx_word' id='word_1_343' title='bbox 303 3195 334 3240; x_wconf 88' lang='lat' dir='ltr'>a</span> <span class='ocrx_word' id='word_1_344' title='bbox 363 3181 573 3259; x_wconf 85' lang='lat' dir='ltr'>capite</span> <span class='ocrx_word' id='word_1_345' title='bbox 604 3182 1194 3260; x_wconf 87' lang='lat' dir='ltr'>interpretationem</span> <span class='ocrx_word' id='word_1_346' title='bbox 1227 3182 1534 3261; x_wconf 89' lang='lat' dir='ltr'>aggressi,</span> <span class='ocrx_word' id='word_1_347' title='bbox 1571 3183 1733 3244; x_wconf 91' lang='lat' dir='ltr'>duos</span> <span class='ocrx_word' id='word_1_348' title='bbox 1766 3201 1844 3246; x_wconf 84' lang='lat' dir='ltr'>ex</span> <span class='ocrx_word' id='word_1_349' title='bbox 1866 3182 2262 3245; x_wconf 84' lang='lat' dir='ltr'>Bibliotheca</span> <span class='ocrx_word' id='word_1_350' title='bbox 2282 3179 2693 3261; x_wconf 85' lang='lat' dir='ltr'>Regia(qu0d</span> <span class='ocrx_word' id='word_1_351' title='bbox 2719 3183 2793 3242; x_wconf 91' lang='lat' dir='ltr'>D.</span> <span class='ocrx_word' id='word_1_352' title='bbox 2827 3181 3080 3261; x_wconf 78' lang='lat' dir='ltr'>Rigaltii</span> <span class='ocrx_word' id='word_1_353' title='bbox 3112 3183 3351 3246; x_wconf 89' lang='lat' dir='ltr'>doctis-</span> 
     </span>
    </p>
   </div>
   <div class='ocr_carea' id='block_1_30' title="bbox 156 3279 3352 3361">
    <p class='ocr_par' dir='ltr' id='par_1_30' title="bbox 156 3279 3352 3361">
     <span class='ocr_line' id='line_1_30' title="bbox 156 3279 3352 3361; baseline 0.002 -23"><span class='ocrx_word' id='word_1_354' title='bbox 156 3279 492 3359; x_wconf 82' lang='lat' dir='ltr'>simiatque</span> <span class='ocrx_word' id='word_1_355' title='bbox 528 3280 966 3344; x_wconf 90' lang='lat' dir='ltr'>honestissimi</span> <span class='ocrx_word' id='word_1_356' title='bbox 1017 3283 1138 3344; x_wconf 92' lang='lat' dir='ltr'>viri</span> <span class='ocrx_word' id='word_1_357' title='bbox 1192 3283 1573 3346; x_wconf 79' lang='lat' dir='ltr'>beneficium</span> <span class='ocrx_word' id='word_1_358' title='bbox 1625 3284 1744 3360; x_wconf 76' lang='lat' dir='ltr'>est)</span> <span class='ocrx_word' id='word_1_359' title='bbox 1794 3282 2258 3360; x_wconf 86' lang='lat' dir='ltr'>manuscriptos</span> <span class='ocrx_word' id='word_1_360' title='bbox 2309 3281 2559 3342; x_wconf 80' lang='lat' dir='ltr'>codices</span> <span class='ocrx_word' id='word_1_361' title='bbox 2607 3281 3011 3358; x_wconf 88' lang='lat' dir='ltr'>accepimus,</span> <span class='ocrx_word' id='word_1_362' title='bbox 3074 3298 3352 3361; x_wconf 92' lang='lat' dir='ltr'>quorum</span> 
     </span>
    </p>
   </div>
   <div class='ocr_carea' id='block_1_31' title="bbox 155 3380 3349 3462">
    <p class='ocr_par' dir='ltr' id='par_1_31' title="bbox 155 3380 3349 3462">
     <span class='ocr_line' id='line_1_31' title="bbox 155 3380 3349 3462; baseline 0.001 -22"><span class='ocrx_word' id='word_1_363' title='bbox 155 3381 322 3442; x_wconf 86' lang='lat' dir='ltr'>altero</span> <span class='ocrx_word' id='word_1_364' title='bbox 346 3382 710 3461; x_wconf 86' lang='lat' dir='ltr'>Stephanus</span> <span class='ocrx_word' id='word_1_365' title='bbox 744 3383 812 3446; x_wconf 93' lang='lat' dir='ltr'>in</span> <span class='ocrx_word' id='word_1_366' title='bbox 841 3386 1051 3448; x_wconf 60' lang='lat' dir='ltr'>Graeca</span> <span class='ocrx_word' id='word_1_367' title='bbox 1076 3386 1358 3448; x_wconf 83' lang='lat' dir='ltr'>editione</span> <span class='ocrx_word' id='word_1_368' title='bbox 1390 3403 1550 3446; x_wconf 91' lang='lat' dir='ltr'><strong>usus</strong></span> <span class='ocrx_word' id='word_1_369' title='bbox 1582 3385 1868 3462; x_wconf 78' lang='lat' dir='ltr'>videtur,</span> <span class='ocrx_word' id='word_1_370' title='bbox 1896 3383 2167 3445; x_wconf 90' lang='lat' dir='ltr'>alterum</span> <span class='ocrx_word' id='word_1_371' title='bbox 2221 3382 2282 3444; x_wconf 93' lang='lat' dir='ltr'>ei</span> <span class='ocrx_word' id='word_1_372' title='bbox 2343 3399 2510 3459; x_wconf 60' lang='lat' dir='ltr'>saepe</span> <span class='ocrx_word' id='word_1_373' title='bbox 2563 3380 3071 3443; x_wconf 89' lang='lat' dir='ltr'>dissimillimum</span> <span class='ocrx_word' id='word_1_374' title='bbox 3115 3381 3349 3458; x_wconf 90' lang='lat' dir='ltr'>reperi.</span> 
     </span>
    </p>
   </div>
   <div class='ocr_carea' id='block_1_32' title="bbox 155 3480 3350 3560">
    <p class='ocr_par' dir='ltr' id='par_1_32' title="bbox 155 3480 3350 3560">
     <span class='ocr_line' id='line_1_32' title="bbox 155 3480 3350 3560; baseline 0.001 -20"><span class='ocrx_word' id='word_1_375' title='bbox 155 3485 559 3545; x_wconf 75' lang='lat' dir='ltr'>Accesserunt</span> <span class='ocrx_word' id='word_1_376' title='bbox 591 3483 784 3546; x_wconf 60' lang='lat' dir='ltr'>variae</span> <span class='ocrx_word' id='word_1_377' title='bbox 816 3483 1123 3547; x_wconf 88' lang='lat' dir='ltr'>lectiones</span> <span class='ocrx_word' id='word_1_378' title='bbox 1160 3503 1238 3546; x_wconf 91' lang='lat' dir='ltr'>ex</span> <span class='ocrx_word' id='word_1_379' title='bbox 1271 3484 1565 3546; x_wconf 84' lang='lat' dir='ltr'>Richardi</span> <span class='ocrx_word' id='word_1_380' title='bbox 1601 3483 1970 3546; x_wconf 83' lang='lat' dir='ltr'>Montacutii</span> <span class='ocrx_word' id='word_1_381' title='bbox 2003 3482 2167 3544; x_wconf 88' lang='lat' dir='ltr'>libro</span> <span class='ocrx_word' id='word_1_382' title='bbox 2193 3482 2570 3560; x_wconf 65' lang='lat' dir='ltr'>descriptis,</span> <span class='ocrx_word' id='word_1_383' title='bbox 2609 3497 2880 3560; x_wconf 91' lang='lat' dir='ltr'>quarum</span> <span class='ocrx_word' id='word_1_384' title='bbox 2912 3480 3068 3541; x_wconf 90' lang='lat' dir='ltr'>mihi</span> <span class='ocrx_word' id='word_1_385' title='bbox 3102 3481 3350 3558; x_wconf 89' lang='lat' dir='ltr'>copiam</span> 
     </span>
    </p>
   </div>
   <div class='ocr_carea' id='block_1_33' title="bbox 152 3578 3347 3662">
    <p class='ocr_par' dir='ltr' id='par_1_33' title="bbox 152 3578 3347 3662">
     <span class='ocr_line' id='line_1_33' title="bbox 152 3578 3347 3662; baseline -0 -21"><span class='ocrx_word' id='word_1_386' title='bbox 152 3581 450 3661; x_wconf 85' lang='lat' dir='ltr'>aliquanto</span> <span class='ocrx_word' id='word_1_387' title='bbox 501 3584 715 3644; x_wconf 86' lang='lat' dir='ltr'>serius</span> <span class='ocrx_word' id='word_1_388' title='bbox 758 3581 904 3644; x_wconf 88' lang='lat' dir='ltr'>fecit</span> <span class='ocrx_word' id='word_1_389' title='bbox 935 3583 1009 3643; x_wconf 93' lang='lat' dir='ltr'>D.</span> <span class='ocrx_word' id='word_1_390' title='bbox 1040 3582 1346 3644; x_wconf 90' lang='lat' dir='ltr'>Morellus</span> <span class='ocrx_word' id='word_1_391' title='bbox 1381 3587 1406 3641; x_wconf 80' lang='grc' dir='ltr'>δ</span> <span class='ocrx_word' id='word_1_392' title='bbox 1437 3588 1748 3662; x_wconf 72' lang='grc' dir='ltr'>μακαρίτης,</span> <span class='ocrx_word' id='word_1_393' title='bbox 1787 3579 2136 3658; x_wconf 84' lang='lat' dir='ltr'>bibliOpola</span> <span class='ocrx_word' id='word_1_394' title='bbox 2180 3578 2425 3656; x_wconf 89' lang='lat' dir='ltr'>regius;</span> <span class='ocrx_word' id='word_1_395' title='bbox 2455 3597 2578 3641; x_wconf 91' lang='lat' dir='ltr'>usu</span> <span class='ocrx_word' id='word_1_396' title='bbox 2603 3596 2746 3639; x_wconf 92' lang='lat' dir='ltr'>cum</span> <span class='ocrx_word' id='word_1_397' title='bbox 2774 3578 2839 3639; x_wconf 91' lang='lat' dir='ltr'>in</span> <span class='ocrx_word' id='word_1_398' title='bbox 2861 3578 3006 3640; x_wconf 90' lang='lat' dir='ltr'>aliis</span> <span class='ocrx_word' id='word_1_399' title='bbox 3038 3595 3166 3641; x_wconf 92' lang='lat' dir='ltr'>non</span> <span class='ocrx_word' id='word_1_400' title='bbox 3191 3596 3347 3642; x_wconf 89' lang='lat' dir='ltr'>con-</span> 
     </span>
    </p>
   </div>
   <div class='ocr_carea' id='block_1_34' title="bbox 156 3681 3347 3762">
    <p class='ocr_par' dir='ltr' id='par_1_34' title="bbox 156 3681 3347 3762">
     <span class='ocr_line' id='line_1_34' title="bbox 156 3681 3347 3762; baseline -0.001 -19"><span class='ocrx_word' id='word_1_401' title='bbox 156 3686 470 3746; x_wconf 86' lang='lat' dir='ltr'>temnendo</span> <span class='ocrx_word' id='word_1_402' title='bbox 499 3729 518 3755; x_wconf 91' lang='lat'>,</span> <span class='ocrx_word' id='word_1_403' title='bbox 556 3693 691 3746; x_wconf 89' lang='lat' dir='ltr'>tum</span> <span class='ocrx_word' id='word_1_404' title='bbox 722 3685 790 3744; x_wconf 93' lang='lat' dir='ltr'>in</span> <span class='ocrx_word' id='word_1_405' title='bbox 820 3683 1068 3746; x_wconf 90' lang='lat' dir='ltr'>lacunis</span> <span class='ocrx_word' id='word_1_406' title='bbox 1099 3685 1483 3762; x_wconf 87' lang='lat' dir='ltr'>quibusdam</span> <span class='ocrx_word' id='word_1_407' title='bbox 1511 3683 1846 3762; x_wconf 87' lang='lat' dir='ltr'>explendis</span> <span class='ocrx_word' id='word_1_408' title='bbox 1881 3681 2014 3745; x_wconf 87' lang='lat' dir='ltr'>fere</span> <span class='ocrx_word' id='word_1_409' title='bbox 2049 3683 2391 3762; x_wconf 76' lang='lat' dir='ltr'>prmcipuo.</span> <span class='ocrx_word' id='word_1_410' title='bbox 2436 3683 2673 3744; x_wconf 89' lang='lat' dir='ltr'>Verum</span> <span class='ocrx_word' id='word_1_411' title='bbox 2702 3691 2925 3759; x_wconf 76' lang='lat' dir='ltr'>praeter</span> <span class='ocrx_word' id='word_1_412' title='bbox 2947 3697 3347 3742; x_wconf 91' lang='lat' dir='ltr'>communem</span> 
     </span>
    </p>
   </div>
   <div class='ocr_carea' id='block_1_35' title="bbox 155 3781 3350 3862">
    <p class='ocr_par' dir='ltr' id='par_1_35' title="bbox 155 3781 3350 3862">
     <span class='ocr_line' id='line_1_35' title="bbox 155 3781 3350 3862; baseline 0.001 -24"><span class='ocrx_word' id='word_1_413' title='bbox 155 3781 298 3842; x_wconf 88' lang='lat' dir='ltr'>illam</span> <span class='ocrx_word' id='word_1_414' title='bbox 329 3783 789 3860; x_wconf 90' lang='lat' dir='ltr'>interpretandi</span> <span class='ocrx_word' id='word_1_415' title='bbox 818 3781 1173 3844; x_wconf 88' lang='lat' dir='ltr'>molestiam</span> <span class='ocrx_word' id='word_1_416' title='bbox 1196 3827 1213 3856; x_wconf 93' lang='lat'>,</span> <span class='ocrx_word' id='word_1_417' title='bbox 1248 3799 1393 3862; x_wconf 65' lang='lat' dir='ltr'>quae</span> <span class='ocrx_word' id='word_1_418' title='bbox 1427 3782 1922 3861; x_wconf 88' lang='lat' dir='ltr'>sapientissimis</span> <span class='ocrx_word' id='word_1_419' title='bbox 1954 3782 2326 3845; x_wconf 88' lang='lat' dir='ltr'>hominibus</span> <span class='ocrx_word' id='word_1_420' title='bbox 2362 3788 2485 3842; x_wconf 91' lang='lat' dir='ltr'>tam</span> <span class='ocrx_word' id='word_1_421' title='bbox 2517 3781 2728 3860; x_wconf 88' lang='lat' dir='ltr'>gravis</span> <span class='ocrx_word' id='word_1_422' title='bbox 2770 3799 3023 3860; x_wconf 90' lang='lat' dir='ltr'>semper</span> <span class='ocrx_word' id='word_1_423' title='bbox 3045 3797 3115 3842; x_wconf 93' lang='lat' dir='ltr'>ac</span> <span class='ocrx_word' id='word_1_424' title='bbox 3138 3781 3350 3859; x_wconf 89' lang='lat' dir='ltr'>spissa</span> 
     </span>
    </p>
   </div>
   <div class='ocr_carea' id='block_1_36' title="bbox 155 3880 3350 3962">
    <p class='ocr_par' dir='ltr' id='par_1_36' title="bbox 155 3880 3350 3962">
     <span class='ocr_line' id='line_1_36' title="bbox 155 3880 3350 3962; baseline 0 -23"><span class='ocrx_word' id='word_1_425' title='bbox 155 3883 262 3942; x_wconf 84' lang='lat' dir='ltr'>visa</span> <span class='ocrx_word' id='word_1_426' title='bbox 287 3892 377 3943; x_wconf 91' lang='lat' dir='ltr'>est</span> <span class='ocrx_word' id='word_1_427' title='bbox 401 3927 419 3956; x_wconf 91' lang='lat'>,</span> <span class='ocrx_word' id='word_1_428' title='bbox 457 3900 649 3962; x_wconf 87' lang='lat' dir='ltr'>quam</span> <span class='ocrx_word' id='word_1_429' title='bbox 670 3900 835 3960; x_wconf 58' lang='lat' dir='ltr'>saepe</span> <span class='ocrx_word' id='word_1_430' title='bbox 870 3883 1268 3957; x_wconf 90' lang='lat' dir='ltr'>necessaria;</span> <span class='ocrx_word' id='word_1_431' title='bbox 1298 3882 1579 3944; x_wconf 89' lang='lat' dir='ltr'>laborem</span> <span class='ocrx_word' id='word_1_432' title='bbox 1610 3883 1879 3961; x_wconf 88' lang='lat' dir='ltr'>insuper</span> <span class='ocrx_word' id='word_1_433' title='bbox 1903 3927 1920 3957; x_wconf 93' lang='lat'>,</span> <span class='ocrx_word' id='word_1_434' title='bbox 1953 3890 2013 3944; x_wconf 91' lang='lat' dir='ltr'>et</span> <span class='ocrx_word' id='word_1_435' title='bbox 2046 3884 2196 3944; x_wconf 88' lang='lat' dir='ltr'>huic</span> <span class='ocrx_word' id='word_1_436' title='bbox 2241 3881 2610 3959; x_wconf 87' lang='lat' dir='ltr'>scriptionis</span> <span class='ocrx_word' id='word_1_437' title='bbox 2642 3880 2861 3960; x_wconf 91' lang='lat' dir='ltr'>generi</span> <span class='ocrx_word' id='word_1_438' title='bbox 2892 3880 3252 3959; x_wconf 83' lang='lat' dir='ltr'>pmprium,</span> <span class='ocrx_word' id='word_1_439' title='bbox 3287 3887 3350 3940; x_wconf 91' lang='lat' dir='ltr'>et</span> 
     </span>
    </p>
   </div>
   <div class='ocr_carea' id='block_1_37' title="bbox 151 3981 3348 4059">
    <p class='ocr_par' dir='ltr' id='par_1_37' title="bbox 151 3981 3348 4059">
     <span class='ocr_line' id='line_1_37' title="bbox 151 3981 3348 4059; baseline 0 -20"><span class='ocrx_word' id='word_1_440' title='bbox 151 3981 317 4045; x_wconf 84' lang='lat' dir='ltr'>altero</span> <span class='ocrx_word' id='word_1_441' title='bbox 347 3983 463 4045; x_wconf 88' lang='lat' dir='ltr'>illo</span> <span class='ocrx_word' id='word_1_442' title='bbox 502 3984 608 4045; x_wconf 86' lang='lat' dir='ltr'>vix</span> <span class='ocrx_word' id='word_1_443' title='bbox 639 3985 954 4046; x_wconf 90' lang='lat' dir='ltr'>minorem</span> <span class='ocrx_word' id='word_1_444' title='bbox 1002 3983 1441 4047; x_wconf 79' lang='lat' dir='ltr'>exhausimus.</span> <span class='ocrx_word' id='word_1_445' title='bbox 1470 3985 1626 4047; x_wconf 90' lang='lat' dir='ltr'>Cum</span> <span class='ocrx_word' id='word_1_446' title='bbox 1670 3984 1842 4046; x_wconf 91' lang='lat' dir='ltr'>enim</span> <span class='ocrx_word' id='word_1_447' title='bbox 1875 3990 2000 4059; x_wconf 65' lang='lat' dir='ltr'>,,ut</span> <span class='ocrx_word' id='word_1_448' title='bbox 2041 3990 2185 4045; x_wconf 91' lang='lat' dir='ltr'>ante</span> <span class='ocrx_word' id='word_1_449' title='bbox 2217 3983 2498 4044; x_wconf 86' lang='lat' dir='ltr'>diximus</span> <span class='ocrx_word' id='word_1_450' title='bbox 2521 4025 2537 4054; x_wconf 95' lang='lat'>,</span> <span class='ocrx_word' id='word_1_451' title='bbox 2571 3981 2812 4043; x_wconf 85' lang='lat' dir='ltr'>alienas</span> <span class='ocrx_word' id='word_1_452' title='bbox 2845 3989 2976 4042; x_wconf 88' lang='lat' dir='ltr'>toto</span> <span class='ocrx_word' id='word_1_453' title='bbox 3007 3981 3125 4042; x_wconf 87' lang='lat' dir='ltr'>hoc</span> <span class='ocrx_word' id='word_1_454' title='bbox 3155 3995 3348 4058; x_wconf 85' lang='lat' dir='ltr'>Opere</span> 
     </span>
    </p>
   </div>
   <div class='ocr_carea' id='block_1_38' title="bbox 149 4078 3346 4163">
    <p class='ocr_par' dir='ltr' id='par_1_38' title="bbox 149 4078 3346 4163">
     <span class='ocr_line' id='line_1_38' title="bbox 149 4078 3346 4163; baseline 0 -24"><span class='ocrx_word' id='word_1_455' title='bbox 149 4078 370 4161; x_wconf 82' lang='lat' dir='ltr'>linguas</span> <span class='ocrx_word' id='word_1_456' title='bbox 395 4083 721 4144; x_wconf 88' lang='lat' dir='ltr'>Eusebius</span> <span class='ocrx_word' id='word_1_457' title='bbox 752 4090 1080 4145; x_wconf 91' lang='lat' dir='ltr'>mutuetur</span> <span class='ocrx_word' id='word_1_458' title='bbox 1101 4127 1118 4158; x_wconf 93' lang='lat'>,</span> <span class='ocrx_word' id='word_1_459' title='bbox 1151 4100 1427 4163; x_wconf 87' lang='lat' dir='ltr'>quorum</span> <span class='ocrx_word' id='word_1_460' title='bbox 1457 4084 1664 4148; x_wconf 92' lang='lat' dir='ltr'>adhuc</span> <span class='ocrx_word' id='word_1_461' title='bbox 1692 4087 1973 4147; x_wconf 86' lang='lat' dir='ltr'>rivorum</span> <span class='ocrx_word' id='word_1_462' title='bbox 1994 4083 2201 4145; x_wconf 89' lang='lat' dir='ltr'>fontes</span> <span class='ocrx_word' id='word_1_463' title='bbox 2233 4083 2636 4155; x_wconf 87' lang='lat' dir='ltr'>haberemus,</span> <span class='ocrx_word' id='word_1_464' title='bbox 2665 4081 2996 4142; x_wconf 90' lang='lat' dir='ltr'>adeundos</span> <span class='ocrx_word' id='word_1_465' title='bbox 3028 4079 3346 4158; x_wconf 86' lang='lat' dir='ltr'>imprimis</span> 
     </span>
    </p>
   </div>
   <div class='ocr_carea' id='block_1_39' title="bbox 149 4183 3336 4266">
    <p class='ocr_par' dir='ltr' id='par_1_39' title="bbox 149 4183 3336 4266">
     <span class='ocr_line' id='line_1_39' title="bbox 149 4183 3336 4266; baseline -0 -21"><span class='ocrx_word' id='word_1_466' title='bbox 149 4199 338 4247; x_wconf 89' lang='lat' dir='ltr'>omnes</span> <span class='ocrx_word' id='word_1_467' title='bbox 369 4204 441 4247; x_wconf 90' lang='lat' dir='ltr'>ac</span> <span class='ocrx_word' id='word_1_468' title='bbox 482 4187 766 4249; x_wconf 83' lang='lat' dir='ltr'>studiose</span> <span class='ocrx_word' id='word_1_469' title='bbox 795 4185 1161 4247; x_wconf 89' lang='lat' dir='ltr'>lustrandos</span> <span class='ocrx_word' id='word_1_470' title='bbox 1192 4187 1553 4263; x_wconf 88' lang='lat' dir='ltr'>putavimus</span> <span class='ocrx_word' id='word_1_471' title='bbox 1589 4208 1604 4260; x_wconf 91' lang='lat'><strong>;</strong></span> <span class='ocrx_word' id='word_1_472' title='bbox 1635 4202 1909 4266; x_wconf 91' lang='lat' dir='ltr'>quorum</span> <span class='ocrx_word' id='word_1_473' title='bbox 1943 4193 2155 4247; x_wconf 89' lang='lat' dir='ltr'>autem</span> <span class='ocrx_word' id='word_1_474' title='bbox 2187 4190 2568 4246; x_wconf 85' lang='lat' dir='ltr'>exaruerant</span> <span class='ocrx_word' id='word_1_475' title='bbox 2593 4227 2609 4257; x_wconf 95' lang='lat'>,</span> <span class='ocrx_word' id='word_1_476' title='bbox 2643 4183 2871 4245; x_wconf 91' lang='lat' dir='ltr'>horum</span> <span class='ocrx_word' id='word_1_477' title='bbox 2902 4191 3112 4245; x_wconf 89' lang='lat' dir='ltr'>tamen</span> <span class='ocrx_word' id='word_1_478' title='bbox 3136 4226 3152 4256; x_wconf 93' lang='lat'>,</span> <span class='ocrx_word' id='word_1_479' title='bbox 3190 4184 3336 4244; x_wconf 89' lang='lat' dir='ltr'>ubi-</span> 
     </span>
    </p>
   </div>
   <div class='ocr_carea' id='block_1_40' title="bbox 150 4281 3350 4363">
    <p class='ocr_par' dir='ltr' id='par_1_40' title="bbox 150 4281 3350 4363">
     <span class='ocr_line' id='line_1_40' title="bbox 150 4281 3350 4363; baseline 0 -20"><span class='ocrx_word' id='word_1_480' title='bbox 150 4300 369 4363; x_wconf 74' lang='lat' dir='ltr'>cunque</span> <span class='ocrx_word' id='word_1_481' title='bbox 401 4285 782 4347; x_wconf 88' lang='lat' dir='ltr'>subodorari</span> <span class='ocrx_word' id='word_1_482' title='bbox 811 4285 1034 4357; x_wconf 88' lang='lat' dir='ltr'>licuit,</span> <span class='ocrx_word' id='word_1_483' title='bbox 1066 4282 1167 4345; x_wconf 90' lang='lat' dir='ltr'>vel</span> <span class='ocrx_word' id='word_1_484' title='bbox 1216 4285 1596 4347; x_wconf 90' lang='lat' dir='ltr'>tenuissima</span> <span class='ocrx_word' id='word_1_485' title='bbox 1660 4285 1928 4363; x_wconf 84' lang='lat' dir='ltr'>vestigia</span> <span class='ocrx_word' id='word_1_486' title='bbox 1986 4285 2305 4362; x_wconf 90' lang='lat' dir='ltr'>persecuti</span> <span class='ocrx_word' id='word_1_487' title='bbox 2357 4299 2603 4345; x_wconf 91' lang='lat' dir='ltr'>sumus.</span> <span class='ocrx_word' id='word_1_488' title='bbox 2667 4285 2741 4342; x_wconf 89' lang='lat' dir='ltr'>Et</span> <span class='ocrx_word' id='word_1_489' title='bbox 2782 4284 3074 4362; x_wconf 88' lang='lat' dir='ltr'>quamvis</span> <span class='ocrx_word' id='word_1_490' title='bbox 3120 4281 3350 4344; x_wconf 60' lang='lat' dir='ltr'>aliena)</span> 
     </span>
    </p>
   </div>
   <div class='ocr_carea' id='block_1_41' title="bbox 149 4381 3345 4464">
    <p class='ocr_par' dir='ltr' id='par_1_41' title="bbox 149 4381 3345 4464">
     <span class='ocr_line' id='line_1_41' title="bbox 149 4381 3345 4464; baseline 0 -22"><span class='ocrx_word' id='word_1_491' title='bbox 149 4398 340 4444; x_wconf 88' lang='lat' dir='ltr'>manus</span> <span class='ocrx_word' id='word_1_492' title='bbox 387 4402 514 4464; x_wconf 80' lang='lat' dir='ltr'>Ope</span> <span class='ocrx_word' id='word_1_493' title='bbox 544 4403 614 4446; x_wconf 92' lang='lat' dir='ltr'>ac</span> <span class='ocrx_word' id='word_1_494' title='bbox 643 4385 953 4458; x_wconf 92' lang='lat' dir='ltr'>subsidio,</span> <span class='ocrx_word' id='word_1_495' title='bbox 987 4385 1161 4463; x_wconf 92' lang='lat' dir='ltr'>quod</span> <span class='ocrx_word' id='word_1_496' title='bbox 1197 4402 1338 4446; x_wconf 89' lang='lat' dir='ltr'>sese</span> <span class='ocrx_word' id='word_1_497' title='bbox 1371 4393 1505 4445; x_wconf 92' lang='lat' dir='ltr'>tum</span> <span class='ocrx_word' id='word_1_498' title='bbox 1537 4385 1705 4447; x_wconf 92' lang='lat' dir='ltr'>ultro</span> <span class='ocrx_word' id='word_1_499' title='bbox 1733 4402 2006 4463; x_wconf 62' lang='lat' dir='ltr'>praesens</span> <span class='ocrx_word' id='word_1_500' title='bbox 2035 4385 2426 4463; x_wconf 91' lang='lat' dir='ltr'>obviumque</span> <span class='ocrx_word' id='word_1_501' title='bbox 2457 4385 2782 4455; x_wconf 50' lang='lat' dir='ltr'>dabat,.uti</span> <span class='ocrx_word' id='word_1_502' title='bbox 2815 4383 3092 4454; x_wconf 90' lang='lat' dir='ltr'>licuerit,</span> <span class='ocrx_word' id='word_1_503' title='bbox 3128 4381 3345 4443; x_wconf 90' lang='lat' dir='ltr'>studio</span> 
     </span>
    </p>
   </div>
   <div class='ocr_carea' id='block_1_42' title="bbox 151 4484 3345 4565">
    <p class='ocr_par' dir='ltr' id='par_1_42' title="bbox 151 4484 3345 4565">
     <span class='ocr_line' id='line_1_42' title="bbox 151 4484 3345 4565; baseline 0.001 -22"><span class='ocrx_word' id='word_1_504' title='bbox 151 4492 325 4546; x_wconf 79' lang='lat' dir='ltr'>tamen</span> <span class='ocrx_word' id='word_1_505' title='bbox 361 4496 692 4564; x_wconf 88' lang='lat' dir='ltr'>utcunque</span> <span class='ocrx_word' id='word_1_506' title='bbox 727 4493 944 4547; x_wconf 92' lang='lat' dir='ltr'>nostro</span> <span class='ocrx_word' id='word_1_507' title='bbox 974 4484 1438 4565; x_wconf 89' lang='lat' dir='ltr'>diligentiaque</span> <span class='ocrx_word' id='word_1_508' title='bbox 1473 4485 1628 4560; x_wconf 91' lang='lat' dir='ltr'>niti,</span> <span class='ocrx_word' id='word_1_509' title='bbox 1689 4503 1878 4565; x_wconf 91' lang='lat' dir='ltr'>quam</span> <span class='ocrx_word' id='word_1_510' title='bbox 1927 4485 2271 4564; x_wconf 89' lang='lat' dir='ltr'>precariam</span> <span class='ocrx_word' id='word_1_511' title='bbox 2317 4485 2468 4546; x_wconf 91' lang='lat' dir='ltr'>hinc</span> <span class='ocrx_word' id='word_1_512' title='bbox 2516 4485 2664 4548; x_wconf 88' lang='lat' dir='ltr'>inde</span> <span class='ocrx_word' id='word_1_513' title='bbox 2722 4486 2954 4563; x_wconf 90' lang='lat' dir='ltr'>stipem</span> <span class='ocrx_word' id='word_1_514' title='bbox 3012 4502 3345 4564; x_wconf 87' lang='lat' dir='ltr'>corrOgare</span> 
     </span>
    </p>
   </div>
   <div class='ocr_carea' id='block_1_43' title="bbox 150 4582 3347 4665">
    <p class='ocr_par' dir='ltr' id='par_1_43' title="bbox 150 4582 3347 4665">
     <span class='ocr_line' id='line_1_43' title="bbox 150 4582 3347 4665; baseline 0.001 -22"><span class='ocrx_word' id='word_1_515' title='bbox 150 4584 489 4646; x_wconf 87' lang='lat' dir='ltr'>maluimus.</span> <span class='ocrx_word' id='word_1_516' title='bbox 522 4585 752 4645; x_wconf 86' lang='lat' dir='ltr'>Partim</span> <span class='ocrx_word' id='word_1_517' title='bbox 779 4627 795 4654; x_wconf 91' lang='lat'>,</span> <span class='ocrx_word' id='word_1_518' title='bbox 830 4583 1001 4663; x_wconf 92' lang='lat' dir='ltr'>quod</span> <span class='ocrx_word' id='word_1_519' title='bbox 1034 4589 1100 4643; x_wconf 87' lang='lat' dir='ltr'>et</span> <span class='ocrx_word' id='word_1_520' title='bbox 1134 4582 1387 4645; x_wconf 90' lang='lat' dir='ltr'>delicati</span> <span class='ocrx_word' id='word_1_521' title='bbox 1449 4583 1641 4645; x_wconf 90' lang='lat' dir='ltr'>nimis</span> <span class='ocrx_word' id='word_1_522' title='bbox 1667 4629 1682 4658; x_wconf 94' lang='lat'>,</span> <span class='ocrx_word' id='word_1_523' title='bbox 1718 4591 1778 4645; x_wconf 91' lang='lat' dir='ltr'>et</span> <span class='ocrx_word' id='word_1_524' title='bbox 1809 4601 2028 4662; x_wconf 90' lang='lat' dir='ltr'>parum</span> <span class='ocrx_word' id='word_1_525' title='bbox 2080 4584 2364 4645; x_wconf 89' lang='lat' dir='ltr'>liberalis</span> <span class='ocrx_word' id='word_1_526' title='bbox 2408 4586 2652 4665; x_wconf 90' lang='lat' dir='ltr'>ingenii</span> <span class='ocrx_word' id='word_1_527' title='bbox 2695 4586 3055 4658; x_wconf 81' lang='lat' dir='ltr'>videretur,</span> <span class='ocrx_word' id='word_1_528' title='bbox 3081 4585 3192 4646; x_wconf 90' lang='lat' dir='ltr'>ubi</span> <span class='ocrx_word' id='word_1_529' title='bbox 3235 4603 3347 4664; x_wconf 91' lang='lat' dir='ltr'>per</span> 
     </span>
    </p>
   </div>
   <div class='ocr_carea' id='block_1_44' title="bbox 147 4682 3345 4764">
    <p class='ocr_par' dir='ltr' id='par_1_44' title="bbox 147 4682 3345 4764">
     <span class='ocr_line' id='line_1_44' title="bbox 147 4682 3345 4764; baseline 0.001 -21"><span class='ocrx_word' id='word_1_530' title='bbox 147 4690 193 4743; x_wconf 87' lang='lat' dir='ltr'>te</span> <span class='ocrx_word' id='word_1_531' title='bbox 226 4686 432 4762; x_wconf 87' lang='lat' dir='ltr'>ipsum</span> <span class='ocrx_word' id='word_1_532' title='bbox 464 4694 707 4747; x_wconf 91' lang='lat' dir='ltr'>tentare</span> <span class='ocrx_word' id='word_1_533' title='bbox 739 4684 983 4763; x_wconf 89' lang='lat' dir='ltr'>aliquid</span> <span class='ocrx_word' id='word_1_534' title='bbox 1016 4691 1077 4746; x_wconf 90' lang='lat' dir='ltr'>et</span> <span class='ocrx_word' id='word_1_535' title='bbox 1108 4685 1388 4762; x_wconf 88' lang='lat' dir='ltr'>experiri</span> <span class='ocrx_word' id='word_1_536' title='bbox 1417 4684 1628 4764; x_wconf 92' lang='lat' dir='ltr'>possis</span> <span class='ocrx_word' id='word_1_537' title='bbox 1658 4729 1674 4756; x_wconf 93' lang='lat'>,</span> <span class='ocrx_word' id='word_1_538' title='bbox 1721 4683 1912 4745; x_wconf 89' lang='lat' dir='ltr'>alieni</span> <span class='ocrx_word' id='word_1_539' title='bbox 1962 4682 2197 4745; x_wconf 91' lang='lat' dir='ltr'>laboris</span> <span class='ocrx_word' id='word_1_540' title='bbox 2236 4685 2448 4749; x_wconf 85' lang='lat' dir='ltr'>fructu</span> <span class='ocrx_word' id='word_1_541' title='bbox 2491 4687 2694 4748; x_wconf 90' lang='lat' dir='ltr'>otiose</span> <span class='ocrx_word' id='word_1_542' title='bbox 2755 4685 2964 4763; x_wconf 83' lang='lat' dir='ltr'>pasci,</span> <span class='ocrx_word' id='word_1_543' title='bbox 3013 4701 3084 4746; x_wconf 89' lang='lat' dir='ltr'>ac</span> <span class='ocrx_word' id='word_1_544' title='bbox 3129 4682 3345 4746; x_wconf 67' lang='lat' dir='ltr'>faecem</span> 
     </span>
    </p>
   </div>
   <div class='ocr_carea' id='block_1_45' title="bbox 149 4783 3346 4868">
    <p class='ocr_par' dir='ltr' id='par_1_45' title="bbox 149 4783 3346 4868">
     <span class='ocr_line' id='line_1_45' title="bbox 149 4783 3346 4868; baseline 0.002 -25"><span class='ocrx_word' id='word_1_545' title='bbox 149 4783 296 4845; x_wconf 88' lang='lat' dir='ltr'>illam</span> <span class='ocrx_word' id='word_1_546' title='bbox 329 4787 770 4848; x_wconf 88' lang='lat' dir='ltr'>mendicorum</span> <span class='ocrx_word' id='word_1_547' title='bbox 796 4786 1031 4849; x_wconf 88' lang='lat' dir='ltr'>imitari</span> <span class='ocrx_word' id='word_1_548' title='bbox 1062 4831 1078 4860; x_wconf 94' lang='lat'>,</span> <span class='ocrx_word' id='word_1_549' title='bbox 1112 4788 1225 4868; x_wconf 89' lang='lat' dir='ltr'>qui</span> <span class='ocrx_word' id='word_1_550' title='bbox 1258 4786 1468 4849; x_wconf 91' lang='lat' dir='ltr'>levius</span> <span class='ocrx_word' id='word_1_551' title='bbox 1519 4794 1864 4865; x_wconf 87' lang='lat' dir='ltr'>egestatem</span> <span class='ocrx_word' id='word_1_552' title='bbox 1914 4785 2129 4849; x_wconf 87' lang='lat' dir='ltr'>ferunt</span> <span class='ocrx_word' id='word_1_553' title='bbox 2162 4805 2353 4868; x_wconf 85' lang='lat' dir='ltr'>quam</span> <span class='ocrx_word' id='word_1_554' title='bbox 2399 4788 2737 4859; x_wconf 91' lang='lat' dir='ltr'>sudorem,</span> <span class='ocrx_word' id='word_1_555' title='bbox 2787 4802 3081 4865; x_wconf 92' lang='lat' dir='ltr'>quosque</span> <span class='ocrx_word' id='word_1_556' title='bbox 3137 4785 3346 4848; x_wconf 86' lang='lat' dir='ltr'>aliena</span> 
     </span>
    </p>
   </div>
   <div class='ocr_carea' id='block_1_46' title="bbox 147 4887 3341 4968">
    <p class='ocr_par' dir='ltr' id='par_1_46' title="bbox 147 4887 3341 4968">
     <span class='ocr_line' id='line_1_46' title="bbox 147 4887 3341 4968; baseline 0.001 -23"><span class='ocrx_word' id='word_1_557' title='bbox 147 4902 415 4947; x_wconf 84' lang='lat' dir='ltr'>crumena</span> <span class='ocrx_word' id='word_1_558' title='bbox 450 4889 664 4948; x_wconf 89' lang='lat' dir='ltr'>vivere</span> <span class='ocrx_word' id='word_1_559' title='bbox 692 4932 707 4961; x_wconf 93' lang='lat'>,</span> <span class='ocrx_word' id='word_1_560' title='bbox 737 4905 863 4948; x_wconf 91' lang='lat' dir='ltr'>non</span> <span class='ocrx_word' id='word_1_561' title='bbox 898 4897 1021 4950; x_wconf 91' lang='lat' dir='ltr'>tam</span> <span class='ocrx_word' id='word_1_562' title='bbox 1057 4889 1460 4952; x_wconf 90' lang='lat' dir='ltr'>necessitatis</span> <span class='ocrx_word' id='word_1_563' title='bbox 1491 4895 1628 4962; x_wconf 92' lang='lat' dir='ltr'>est,</span> <span class='ocrx_word' id='word_1_564' title='bbox 1663 4905 1853 4967; x_wconf 89' lang='lat' dir='ltr'>quam</span> <span class='ocrx_word' id='word_1_565' title='bbox 1888 4888 2274 4968; x_wconf 89' lang='lat' dir='ltr'>voluptatis;</span> <span class='ocrx_word' id='word_1_566' title='bbox 2306 4890 2466 4951; x_wconf 89' lang='lat' dir='ltr'>adeo</span> <span class='ocrx_word' id='word_1_567' title='bbox 2497 4888 2752 4967; x_wconf 89' lang='lat' dir='ltr'>publica</span> <span class='ocrx_word' id='word_1_568' title='bbox 2786 4887 3178 4965; x_wconf 87' lang='lat' dir='ltr'>benignitate</span> <span class='ocrx_word' id='word_1_569' title='bbox 3213 4904 3341 4948; x_wconf 90' lang='lat' dir='ltr'>non</span> 
     </span>
    </p>
   </div>
   <div class='ocr_carea' id='block_1_47' title="bbox 143 4988 3343 5069">
    <p class='ocr_par' dir='ltr' id='par_1_47' title="bbox 143 4988 3343 5069">
     <span class='ocr_line' id='line_1_47' title="bbox 143 4988 3343 5069; baseline 0.002 -25"><span class='ocrx_word' id='word_1_570' title='bbox 143 4988 205 5045; x_wconf 87' lang='lat' dir='ltr'>ad</span> <span class='ocrx_word' id='word_1_571' title='bbox 251 4989 702 5051; x_wconf 87' lang='lat' dir='ltr'>sublevandam</span> <span class='ocrx_word' id='word_1_572' title='bbox 763 4992 1083 5069; x_wconf 84' lang='lat' dir='ltr'>inopiam,</span> <span class='ocrx_word' id='word_1_573' title='bbox 1128 4993 1242 5055; x_wconf 92' lang='lat' dir='ltr'>sed</span> <span class='ocrx_word' id='word_1_574' title='bbox 1291 4994 1370 5055; x_wconf 88' lang='lat' dir='ltr'>ad</span> <span class='ocrx_word' id='word_1_575' title='bbox 1430 4993 1767 5056; x_wconf 89' lang='lat' dir='ltr'>fovendam</span> <span class='ocrx_word' id='word_1_576' title='bbox 1831 4994 2126 5056; x_wconf 90' lang='lat' dir='ltr'>inertiam</span> <span class='ocrx_word' id='word_1_577' title='bbox 2158 4995 2530 5056; x_wconf 89' lang='lat' dir='ltr'>abutuntur.</span> <span class='ocrx_word' id='word_1_578' title='bbox 2574 4994 2848 5064; x_wconf 88' lang='lat' dir='ltr'>Partim,</span> <span class='ocrx_word' id='word_1_579' title='bbox 2893 5007 2972 5053; x_wconf 91' lang='lat' dir='ltr'>ne</span> <span class='ocrx_word' id='word_1_580' title='bbox 3022 4991 3078 5051; x_wconf 92' lang='lat' dir='ltr'>si</span> <span class='ocrx_word' id='word_1_581' title='bbox 3111 4997 3343 5052; x_wconf 90' lang='lat' dir='ltr'>tantam</span> 
     </span>
    </p>
   </div>
   <div class='ocr_carea' id='block_1_48' title="bbox 148 5089 3340 5173">
    <p class='ocr_par' dir='ltr' id='par_1_48' title="bbox 148 5089 3340 5173">
     <span class='ocr_line' id='line_1_48' title="bbox 148 5089 3340 5173; baseline 0.002 -30"><span class='ocrx_word' id='word_1_582' title='bbox 148 5089 500 5166; x_wconf 77' lang='lat' dir='ltr'>scriptorum</span> <span class='ocrx_word' id='word_1_583' title='bbox 533 5089 899 5152; x_wconf 80' lang='lat' dir='ltr'>varietatem</span> <span class='ocrx_word' id='word_1_584' title='bbox 924 5137 942 5166; x_wconf 93' lang='lat'>,</span> <span class='ocrx_word' id='word_1_585' title='bbox 977 5093 1182 5154; x_wconf 86' lang='lat' dir='ltr'>nihilo</span> <span class='ocrx_word' id='word_1_586' title='bbox 1215 5095 1427 5156; x_wconf 91' lang='lat' dir='ltr'>minor</span> <span class='ocrx_word' id='word_1_587' title='bbox 1454 5096 1881 5173; x_wconf 89' lang='lat' dir='ltr'>interpretum</span> <span class='ocrx_word' id='word_1_588' title='bbox 1924 5095 2263 5156; x_wconf 86' lang='lat' dir='ltr'>diversitas</span> <span class='ocrx_word' id='word_1_589' title='bbox 2305 5095 2669 5172; x_wconf 88' lang='lat' dir='ltr'>exciperet,</span> <span class='ocrx_word' id='word_1_590' title='bbox 2714 5095 2840 5154; x_wconf 76' lang='grc' dir='ltr'>ιιοη</span> <span class='ocrx_word' id='word_1_591' title='bbox 2899 5089 3068 5152; x_wconf 84' lang='lat' dir='ltr'>fetus</span> <span class='ocrx_word' id='word_1_592' title='bbox 3101 5089 3340 5168; x_wconf 89' lang='lat' dir='ltr'>aliquis</span> 
     </span>
    </p>
   </div>
   <div class='ocr_carea' id='block_1_49' title="bbox 147 5187 3341 5269">
    <p class='ocr_par' dir='ltr' id='par_1_49' title="bbox 147 5187 3341 5269">
     <span class='ocr_line' id='line_1_49' title="bbox 147 5187 3341 5269; baseline 0.001 -24"><span class='ocrx_word' id='word_1_593' title='bbox 147 5187 302 5250; x_wconf 80' lang='lat' dir='ltr'>vultu</span> <span class='ocrx_word' id='word_1_594' title='bbox 331 5190 670 5269; x_wconf 90' lang='lat' dir='ltr'>coloreque</span> <span class='ocrx_word' id='word_1_595' title='bbox 701 5207 862 5260; x_wconf 90' lang='lat' dir='ltr'>uno,</span> <span class='ocrx_word' id='word_1_596' title='bbox 895 5192 1009 5254; x_wconf 92' lang='lat' dir='ltr'>sed</span> <span class='ocrx_word' id='word_1_597' title='bbox 1057 5191 1338 5254; x_wconf 87' lang='lat' dir='ltr'>deforme</span> <span class='ocrx_word' id='word_1_598' title='bbox 1376 5201 1731 5256; x_wconf 91' lang='lat' dir='ltr'>monstrum</span> <span class='ocrx_word' id='word_1_599' title='bbox 1770 5193 2150 5266; x_wconf 84' lang='lat' dir='ltr'>exsisteret,</span> <span class='ocrx_word' id='word_1_600' title='bbox 2185 5192 2638 5253; x_wconf 90' lang='lat' dir='ltr'>dissimillimis</span> <span class='ocrx_word' id='word_1_601' title='bbox 2665 5210 2744 5253; x_wconf 90' lang='lat' dir='ltr'>ex</span> <span class='ocrx_word' id='word_1_602' title='bbox 2773 5189 3058 5269; x_wconf 89' lang='lat' dir='ltr'>partibus</span> <span class='ocrx_word' id='word_1_603' title='bbox 3083 5187 3341 5250; x_wconf 89' lang='lat' dir='ltr'>formis-</span> 
     </span>
    </p>
   </div>
   <div class='ocr_carea' id='block_1_50' title="bbox 148 5289 3344 5373">
    <p class='ocr_par' dir='ltr' id='par_1_50' title="bbox 148 5289 3344 5373">
     <span class='ocr_line' id='line_1_50' title="bbox 148 5289 3344 5373; baseline 0.001 -26"><span class='ocrx_word' id='word_1_604' title='bbox 148 5303 250 5366; x_wconf 85' lang='lat' dir='ltr'>que</span> <span class='ocrx_word' id='word_1_605' title='bbox 279 5290 633 5351; x_wconf 80' lang='lat' dir='ltr'>conﬂatum.</span> <span class='ocrx_word' id='word_1_606' title='bbox 659 5293 878 5353; x_wconf 89' lang='lat' dir='ltr'>Utrum</span> <span class='ocrx_word' id='word_1_607' title='bbox 912 5293 1124 5368; x_wconf 90' lang='lat' dir='ltr'>enim,</span> <span class='ocrx_word' id='word_1_608' title='bbox 1158 5312 1241 5356; x_wconf 84' lang='lat' dir='ltr'>ex</span> <span class='ocrx_word' id='word_1_609' title='bbox 1292 5294 1411 5356; x_wconf 83' lang='lat' dir='ltr'>hoc</span> <span class='ocrx_word' id='word_1_610' title='bbox 1443 5302 1660 5356; x_wconf 88' lang='lat' dir='ltr'>nostro</span> <span class='ocrx_word' id='word_1_611' title='bbox 1700 5295 1920 5366; x_wconf 91' lang='lat' dir='ltr'>cultu,</span> <span class='ocrx_word' id='word_1_612' title='bbox 1958 5293 2263 5356; x_wconf 88' lang='lat' dir='ltr'>membris</span> <span class='ocrx_word' id='word_1_613' title='bbox 2311 5310 2570 5373; x_wconf 91' lang='lat' dir='ltr'>quoque</span> <span class='ocrx_word' id='word_1_614' title='bbox 2611 5293 2889 5370; x_wconf 88' lang='lat' dir='ltr'>singulis</span> <span class='ocrx_word' id='word_1_615' title='bbox 2946 5292 3025 5353; x_wconf 91' lang='lat' dir='ltr'>ad</span> <span class='ocrx_word' id='word_1_616' title='bbox 3065 5289 3344 5364; x_wconf 91' lang='lat' dir='ltr'>speciem</span> 
     </span>
    </p>
   </div>
   <div class='ocr_carea' id='block_1_51' title="bbox 146 5391 3338 5478">
    <p class='ocr_par' dir='ltr' id='par_1_51' title="bbox 146 5391 3338 5478">
     <span class='ocr_line' id='line_1_51' title="bbox 146 5391 3338 5478; baseline 0.001 -28"><span class='ocrx_word' id='word_1_617' title='bbox 146 5391 364 5471; x_wconf 80' lang='lat' dir='ltr'>aliquid</span> <span class='ocrx_word' id='word_1_618' title='bbox 390 5411 457 5453; x_wconf 89' lang='lat' dir='ltr'>ac</span> <span class='ocrx_word' id='word_1_619' title='bbox 490 5393 758 5455; x_wconf 90' lang='lat' dir='ltr'>nitorem</span> <span class='ocrx_word' id='word_1_620' title='bbox 782 5398 1163 5471; x_wconf 91' lang='lat' dir='ltr'>accesserit,</span> <span class='ocrx_word' id='word_1_621' title='bbox 1197 5399 1512 5478; x_wconf 66' lang='lat' dir='ltr'>aequitatis</span> <span class='ocrx_word' id='word_1_622' title='bbox 1561 5407 1656 5460; x_wconf 91' lang='lat' dir='ltr'>est</span> <span class='ocrx_word' id='word_1_623' title='bbox 1693 5399 2177 5477; x_wconf 66' lang='lat' dir='ltr'>prudentiaeque</span> <span class='ocrx_word' id='word_1_624' title='bbox 2214 5404 2340 5458; x_wconf 74' lang='lat' dir='ltr'>tuae</span> <span class='ocrx_word' id='word_1_625' title='bbox 2363 5442 2378 5472; x_wconf 95' lang='lat'>,</span> <span class='ocrx_word' id='word_1_626' title='bbox 2438 5399 2654 5458; x_wconf 89' lang='lat' dir='ltr'>Lector</span> <span class='ocrx_word' id='word_1_627' title='bbox 2711 5395 2970 5473; x_wconf 89' lang='lat' dir='ltr'>optime,</span> <span class='ocrx_word' id='word_1_628' title='bbox 3019 5399 3296 5456; x_wconf 89' lang='lat' dir='ltr'>statuere</span> <span class='ocrx_word' id='word_1_629' title='bbox 3321 5435 3338 5464; x_wconf 93' lang='lat'>,</span> 
     </span>
    </p>
   </div>
   <div class='ocr_carea' id='block_1_52' title="bbox 148 5499 1292 5577">
    <p class='ocr_par' dir='ltr' id='par_1_52' title="bbox 148 5499 1292 5577">
     <span class='ocr_line' id='line_1_52' title="bbox 148 5499 1292 5577; baseline 0.003 -20"><span class='ocrx_word' id='word_1_630' title='bbox 148 5512 253 5557; x_wconf 84' lang='lat' dir='ltr'>non</span> <span class='ocrx_word' id='word_1_631' title='bbox 290 5499 607 5570; x_wconf 56' lang='lat' dir='ltr'>modestiae</span> <span class='ocrx_word' id='word_1_632' title='bbox 642 5499 1035 5577; x_wconf 87' lang='lat' dir='ltr'>pudorisque</span> <span class='ocrx_word' id='word_1_633' title='bbox 1067 5500 1292 5560; x_wconf 90' lang='lat' dir='ltr'>nostri.</span> 
     </span>
    </p>
   </div>
   <div class='ocr_carea' id='block_1_53' title="bbox 215 5598 3336 5684">
    <p class='ocr_par' dir='ltr' id='par_1_53' title="bbox 215 5598 3336 5684">
     <span class='ocr_line' id='line_1_53' title="bbox 215 5598 3336 5684; baseline -0 -24"><span class='ocrx_word' id='word_1_634' title='bbox 215 5603 420 5674; x_wconf 89' lang='lat' dir='ltr'>Porro,</span> <span class='ocrx_word' id='word_1_635' title='bbox 455 5603 520 5664; x_wconf 91' lang='lat' dir='ltr'>in</span> <span class='ocrx_word' id='word_1_636' title='bbox 547 5600 854 5664; x_wconf 88' lang='lat' dir='ltr'>librorum</span> <span class='ocrx_word' id='word_1_637' title='bbox 878 5609 937 5663; x_wconf 89' lang='lat' dir='ltr'>et</span> <span class='ocrx_word' id='word_1_638' title='bbox 957 5603 1234 5681; x_wconf 86' lang='lat' dir='ltr'>capitum</span> <span class='ocrx_word' id='word_1_639' title='bbox 1259 5602 1573 5665; x_wconf 90' lang='lat' dir='ltr'>lemmatis</span> <span class='ocrx_word' id='word_1_640' title='bbox 1599 5612 1788 5684; x_wconf 89' lang='lat' dir='ltr'>atque</span> <span class='ocrx_word' id='word_1_641' title='bbox 1822 5604 2146 5666; x_wconf 78' lang='lat' dir='ltr'>indicibus</span> <span class='ocrx_word' id='word_1_642' title='bbox 2170 5603 2590 5684; x_wconf 66' lang='lat' dir='ltr'>prmﬁgendis,</span> <span class='ocrx_word' id='word_1_643' title='bbox 2611 5601 3120 5663; x_wconf 88' lang='lat' dir='ltr'>membranarum</span> <span class='ocrx_word' id='word_1_644' title='bbox 3139 5598 3336 5661; x_wconf 86' lang='lat' dir='ltr'>facem</span> 
     </span>
    </p>
   </div>
   <div class='ocr_carea' id='block_1_54' title="bbox 153 5694 3335 5787">
    <p class='ocr_par' dir='ltr' id='par_1_54' title="bbox 153 5694 3335 5787">
     <span class='ocr_line' id='line_1_54' title="bbox 153 5694 3335 5787; baseline 0.001 -27"><span class='ocrx_word' id='word_1_645' title='bbox 153 5699 505 5783; x_wconf 81' lang='lat' dir='ltr'>ductumque</span> <span class='ocrx_word' id='word_1_646' title='bbox 534 5704 735 5766; x_wconf 79' lang='lat' dir='ltr'>secuti</span> <span class='ocrx_word' id='word_1_647' title='bbox 757 5722 1005 5778; x_wconf 92' lang='lat' dir='ltr'>sumus,</span> <span class='ocrx_word' id='word_1_648' title='bbox 1032 5705 1157 5766; x_wconf 86' lang='lat' dir='ltr'>nisi</span> <span class='ocrx_word' id='word_1_649' title='bbox 1189 5694 1361 5786; x_wconf 83' lang='lat' dir='ltr'>quod</span> <span class='ocrx_word' id='word_1_650' title='bbox 1383 5707 1665 5782; x_wconf 87' lang='lat' dir='ltr'>fidenter,</span> <span class='ocrx_word' id='word_1_651' title='bbox 1690 5725 1833 5787; x_wconf 70' lang='lat' dir='ltr'>qum</span> <span class='ocrx_word' id='word_1_652' title='bbox 1856 5707 1923 5769; x_wconf 90' lang='lat' dir='ltr'>in</span> <span class='ocrx_word' id='word_1_653' title='bbox 1954 5707 2224 5770; x_wconf 90' lang='lat' dir='ltr'>alterum</span> <span class='ocrx_word' id='word_1_654' title='bbox 2259 5706 2409 5767; x_wconf 91' lang='lat' dir='ltr'>vitia</span> <span class='ocrx_word' id='word_1_655' title='bbox 2440 5721 2904 5786; x_wconf 75' lang='lat' dir='ltr'>nonnunquam</span> <span class='ocrx_word' id='word_1_656' title='bbox 2927 5704 3335 5782; x_wconf 88' lang='lat' dir='ltr'>irrepserant,</span> 
     </span>
    </p>
   </div>
   <div class='ocr_carea' id='block_1_55' title="bbox 152 5797 3338 5894">
    <p class='ocr_par' dir='ltr' id='par_1_55' title="bbox 152 5797 3338 5894">
     <span class='ocr_line' id='line_1_55' title="bbox 152 5797 3338 5894; baseline 0.002 -32"><span class='ocrx_word' id='word_1_657' title='bbox 152 5801 384 5868; x_wconf 77' lang='lat' dir='ltr'>alterius</span> <span class='ocrx_word' id='word_1_658' title='bbox 406 5807 1218 5891; x_wconf 83' lang='lat' dir='ltr'>integritatebeneﬁcioque</span> <span class='ocrx_word' id='word_1_659' title='bbox 1243 5797 1647 5875; x_wconf 78' lang='lat' dir='ltr'>sustulimus.</span> <span class='ocrx_word' id='word_1_660' title='bbox 1674 5815 1748 5877; x_wconf 87' lang='lat' dir='ltr'>Et</span> <span class='ocrx_word' id='word_1_661' title='bbox 1766 5812 2066 5894; x_wconf 90' lang='lat' dir='ltr'>quoniam</span> <span class='ocrx_word' id='word_1_662' title='bbox 2090 5811 2334 5875; x_wconf 88' lang='lat' dir='ltr'>indices</span> <span class='ocrx_word' id='word_1_663' title='bbox 2361 5809 2482 5887; x_wconf 91' lang='lat' dir='ltr'>illi,</span> <span class='ocrx_word' id='word_1_664' title='bbox 2506 5827 2621 5875; x_wconf 91' lang='lat' dir='ltr'>nec</span> <span class='ocrx_word' id='word_1_665' title='bbox 2643 5809 2812 5873; x_wconf 90' lang='lat' dir='ltr'>tituli</span> <span class='ocrx_word' id='word_1_666' title='bbox 2847 5825 2973 5889; x_wconf 63' lang='lat' dir='ltr'>prie</span> <span class='ocrx_word' id='word_1_667' title='bbox 2992 5824 3084 5882; x_wconf 90' lang='lat' dir='ltr'>se,</span> <span class='ocrx_word' id='word_1_668' title='bbox 3107 5824 3222 5870; x_wconf 91' lang='lat' dir='ltr'>nec</span> <span class='ocrx_word' id='word_1_669' title='bbox 3243 5823 3338 5868; x_wconf 91' lang='lat' dir='ltr'>ca-</span> 
     </span>
    </p>
   </div>
  </div>
