3940 6380
541 327 608 384 19
1206 322 1474 379 EUSEBII
1513 320 1988 377 CESARIENSIS
2032 319 2182 374 OPP.
2225 318 2405 380 PARS
2437 317 2499 373 ll.
2531 349 2600 359 —
2631 314 3131 375 APOLOGETICA.
3698 330 3765 386 ιο

539 443 717 524 pitis,
746 458 862 502 nec
888 438 1064 501 aliud
1083 439 1406 519 ejusmodi
1433 455 1664 499 nomen
1685 435 1992 509 ferebant,
2014 435 2182 496 solas
2201 434 2282 496 iis
2302 433 2690 506 numerales,
2713 440 2782 495 ut
2816 443 3061 508 vocant,
3082 443 3263 498 notas
3286 437 3644 504 addidimus
3662 445 3764 528 (1).

541 549 844 623 Superest
864 552 932 604 ut
951 542 1029 604 de
1050 541 1219 605 notis
1236 559 1436 604 unum
1459 548 1566 603 aut
1584 539 1854 602 alterum
1873 553 2271 603 moneamus.
2290 539 2396 599 Ea)
2416 537 2650 614 triplici
2669 537 3330 618 potissimumfgenere
3347 543 3763 610 continentur.

539 648 668 706 Aut
701 645 897 717 enim,
937 643 1145 705 sicubi
1183 660 1445 704 necesse
1476 649 1592 714 est,
1627 643 1859 703 Graecae
1902 639 2204 702 dictionis
2241 639 2364 700 vim
2395 655 2464 699 ac
2510 639 2960 717 proprietatem
2993 641 3385 718 expendunt,
3423 651 3526 704 aut
3575 647 3768 708 varias

543 743 830 807 locorum
858 745 1118 807 illorum
1141 763 1285 825 quas
1315 745 1394 805 ab
1424 744 1704 806 Eusebio
1742 743 1980 822 passim
2001 741 2388 814 afferuntur,
2424 741 2613 801 modo
2646 741 2975 813 lectiones,
3008 741 3198 803 modo
3227 742 3769 820 interpretationes

544 847 902 922 excutiunt,
925 849 990 907 in
1016 864 1145 928 quo
1164 847 1292 908 dici
1324 846 1428 906 vix
1455 853 1685 923 potest,
1720 852 2031 924 quantum
2057 862 2136 906 ex
2167 853 2390 905 mutua
2421 843 2628 904 Nostri
2692 842 2889 923 hujus
2917 843 3326 922 aliorumque
3369 861 3584 922 opera,
3613 845 3768 908 lucis

543 948 611 1008 in
643 965 866 1011 omnes
897 950 1279 1027 fructusque
1306 947 1703 1010 redundarit.
1727 951 1856 1007 'Aut
1887 946 2194 1025 denique,
2231 949 2287 1009 si
2327 947 2487 1028 quid
2518 947 2596 1008 ad
2635 947 2758 1011 loci
2782 947 3060 1028 alicujus
3087 948 3585 1026 intelligentiam
3629 968 3769 1030 per-

545 1052 778 1130 stringi
828 1056 1068 1130 potius,
1103 1067 1293 1129 quam
1331 1048 1636 1128 explicari
1662 1046 1892 1127 potuit,
1929 1046 2210 1109 breviter
2236 1048 2614 1127 expediunt.
2645 1049 2802 1123 Qum
2837 1047 2937 1111 vel
2970 1034 3335 1112 sanctorum
3355 1052 3770 1114 Patrumil-Iu-

544 1152 877 1226 stratione,
919 1152 1020 1212 vel
1053 1150 1338 1214 uberiori
1370 1150 1750 1212 tractatione
1811 1151 2008 1230 digna
2061 1149 2469 1222 videbantur,
2531 1166 2604 1210 ea
2633 1149 2821 1211 certis
2883 1149 3773 1230 Observationum.capitibus

543 1257 1002 1338 comprehensa
1036 1257 1184 1320 dare
1217 1262 1596 1329 statueram;
1628 1257 1738 1317 sed
1771 1256 2076 1336 quoniam
2100 1254 2228 1318 alio
2260 1272 2359 1315 me
2389 1255 2648 1316 interim
2680 1262 2994 1333 susceptae
3024 1255 3170 1317 vitaa
3197 1257 3479 1318 rationes
3535 1265 3770 1330 vocant,

542 1361 970 1440 aﬂ'ectumque
1007 1378 1170 1440 opus
1198 1361 1433 1423 ducere
1466 1359 1764 1422 nonnihil
1796 1379 1866 1422 ac
1889 1359 2172 1440 proferre
2198 1358 2567 1439 cogunt,uti
2591 1359 2724 1438 jam
2743 1376 2872 1421 non
2915 1359 3114 1422 semel
3139 1360 3440 1439 gravibus
3460 1361 3775 1440 justisque

543 1461 621 1523 de
654 1463 888 1535 causis,
929 1471 989 1525 et
1018 1454 1590 1543 interpretationis,
1622 1471 1683 1526 et
1712 1464 1925 1542 ipsius
1950 1463 2255 1526 editionis
2295 1480 2555 1525 cursum
2594 1463 3043 1538 inhibuerunt,
3070 1464 3231 1528 hanc
3277 1464 3430 1527 mihi
3494 1465 3644 1526 dare
3672 1482 3775 1526 ve-

542 1564 714 1624 niam
745 1564 1157 1628 humanitatis
1187 1573 1283 1630 est
1311 1575 1456 1640 tum,
1483 1574 1550 1627 ut
1581 1565 2077 1646 bibliopolarum
2106 1573 2466 1628 nostrorum
2492 1566 2672 1638 ﬁdes,
2695 1565 3075 1644 exterisjam
3108 1564 3466 1644 provinciis
3489 1563 3778 1642 obligata,

542 1662 682 1726 sine
715 1663 1037 1743 hocjusti,
1072 1667 1137 1728 ni
1174 1665 1383 1742 fallor,
1416 1669 1630 1746 aperis
1662 1669 1966 1742 auctario,
1995 1668 2072 1730 ad
2099 1675 2348 1744 tempus
2381 1665 2636 1727 liberari
2668 1667 2896 1744 possit.
2929 1668 3019 1727 Ne
3047 1674 3257 1727 tamen
3297 1666 3440 1743 ipso
3471 1666 3682 1727 statim
3713 1664 3776 1726 in

544 1765 764 1828 limine
803 1767 1093 1832 dubitare
1125 1777 1185 1832 te
1221 1772 1438 1848 patiar,
1475 1772 1727 1835 cuinam
1759 1774 2088 1835 Theodoto
2131 1770 2664 1850 Prmparationem
2688 1771 2847 1834 hanc
2881 1788 3062 1833 suam
3089 1771 3415 1832 Eusebius
3438 1769 3778 1847 inscripse-

541 1863 646 1936 rit,
684 1864 855 1927 hunc
884 1883 1003 1944 ego
1035 1885 1161 1930 non
1193 1869 1392 1931 alium
1418 1872 1708 1943 arbitror,
1741 1889 1929 1953 quam
1963 1872 2393 1933 Laodicenum
2423 1871 2820 1950 episcopum,
2853 1873 2992 1951 qui,
3019 1870 3322 1934 Marcello
3346 1887 3602 1933 summo
3632 1886 3783 1949 pon-

545 1964 729 2039 tiﬁce,
763 1965 884 2026 sub
906 1982 1146 2030 annum
1175 1970 1570 2031 Constantini
1602 1972 1815 2047 Magni
1845 1971 2126 2044 tertium,
2154 1970 2472 2048 Stephano
2505 1971 2571 2031 in
2604 1971 2978 2050 epiSCOpatu
3009 1973 3347 2046 successit,
3385 1971 3638 2032 Arianae
3672 1971 3782 2032 im-

539 2065 794 2156 pietatis
816 2068 1130 2133 fautorem
1161 2074 1564 2149 acerrimum,
1582 2075 1793 2154 quode
1827 2075 2134 2156 legendus
2160 2079 2385 2140 Noster
2411 2075 2916 2140 Eccles.Histor.
2941 2095 3051 2152 vn,
3075 2096 3210 2157 cap.
3240 2078 3386 2154 ult.,
3417 2084 3479 2141 et
3498 2075 3785 2140 Theodo-

543 2177 718 2232 retus
736 2171 948 2256 ejusd.
979 2176 1228 2238 Histor.
1263 2178 1379 2241 lib.
1414 2199 1456 2254 ι,
1486 2196 1620 2258 cap.
1649 2181 1707 2242 5.

627 2270 720 2332 Ad
738 2279 1440 2359 extremum,quoniam
1477 2279 1769 2342 homines
1802 2298 2052 2357 sumus,
2095 2297 2212 2344 nec
2231 2280 2494 2342 humani
2531 2283 2890 2362 quidquam
2939 2299 2977 2345 a
3003 2282 3190 2344 nobis
3224 2279 3781 2345 alienum'existi-

544 2393 716 2461 mare
749 2379 1080 2457 debemus,
1127 2385 1239 2462 qui
1272 2385 1459 2448 nobis
1490 2403 1737 2448 errores
1767 2388 2144 2462 exciderint,
2177 2404 2288 2449 eos
2323 2386 2432 2448 abs
2466 2395 2526 2449 te
2551 2406 2676 2452 non
2717 2388 2843 2450 alia
2889 2405 3077 2468 quam
3123 2390 3408 2450 hominis
3457 2396 3519 2452 et
3578 2387 3785 2451 Chris-

545 2475 700 2536 tiani
731 2475 1010 2541 hominis
1029 2499 1301 2545 censura
1331 2485 1625 2564 castigari
1660 2486 1872 2560 velim,
1907 2504 2024 2548 nec
2052 2493 2196 2547 ante
2220 2487 2446 2550 saltem
2465 2487 2720 2564 gravius
2746 2485 3108 2565 duriusque
3140 2487 3400 2567 conligi,
3451 2503 3642 2568 quam
3681 2494 3786 2547 aut

545 2585 900 2644 erratorum
928 2580 992 2642 in
1025 2580 1291 2647 classem
1325 2586 1615 2665 rejectos,
1651 2595 1760 2649 aut
1791 2586 1858 2648 in
1890 2587 2059 2648 notis
2092 2587 2251 2667 ipsis
2278 2587 2593 2652 indicatos
2625 2605 2753 2650 non
2774 2605 2916 2652 esse
2949 2588 3358 2668 cognoveris.

615 2793 692 2864 (l)
724 2790 832 2848 Nos
871 2795 923 2857 in
947 2795 1182 2866 capitula
1214 2798 1582 2855 distinximus.
1620 2800 1778 2856 Enn.
1814 2802 1983 2860 Pun.
