3940 6380
441 297 511 351 25
1095 287 1366 345 EUSEBII
1402 285 1878 344 cmsammsxs
1913 285 2063 343 ore.
2100 287 2283 344 rans
2317 288 2379 342 ιι.
2410 318 2479 330 -
2513 286 3010 344 APOLOGETICA.
3560 296 3645 350 ιι.

1019 405 1061 473 ι
1097 403 1325 461 CAPUT
1360 403 1401 457 ι.

2638 404 3031 459 ΚΕΦΑΛΔῙΟΝ
3066 407 3143 459 A'.

501 494 646 563 Quid
688 496 823 550 illud
854 498 953 564 sit,
994 496 1134 568 quod
1173 496 1481 567 evangelicae
1522 495 1758 550 materia
1789 496 1926 549 ratio

1069 567 1365 636 pollicetur.

2174 494 2267 560 Τίς
2297 497 2334 564 ἡ
2360 494 2470 564 τῆς
2496 494 2889 565 εὑαηΐλικῆς
2907 494 3246 561 ὑποθέσεως
3262 496 3575 567 ἐπαγγελία.

2173 652 2277 706 Τὸν
2310 652 2771 723 Χριστιανισμὸν,
2823 654 2852 706 ὃ
2898 650 2952 705 τί
2998 652 3127 705 ποτέ
3163 653 3332 717 ἐστιν,
3360 654 3633 726 ἡγούμενος

2097 747 2210 808 τοῖς
2245 746 2343 799 οὐκ
2383 744 2547 797 είδόσι
2584 742 3037 815 παραστήσασθαι
3065 742 3152 796 διὰ
3178 744 3274 813 τῆς
3298 745 3635 818 προκειμένης

2098 835 2479 905 πραγματείας
2525 833 2623 906 τὴν
2671 834 3025 906 εὐαγγελικὴν
3080 835 3343 900 ἀπόδειξιν
3385 836 3635 907 περιέξειν

2099 927 2609 999 ὲπαγγελλομένης,
2647 927 2804 997 τήνδε
2865 944 2981 994 σοι,
3032 928 3172 981 θεῖον
3222 930 3513 983 ἐπισκόπων
3544 930 3637 1003 (1⁸)

2103 1019 2308 1090 χρῆμα,
2345 1018 2720 1089 Θεόδοτενφίλη
2745 1019 2879 1072 Θεοῦ
2915 1020 3007 1073 καὶ
3038 1020 3157 1091 ἱερά
3184 1020 3405 1093 κεφαλὴ,
3435 1024 3524 1075 σὺν
3554 1022 3639 1076 εὖ-

2100 1112 2221 1181 χαῖς
2250 1108 2609 1182 ὲπεφὼνησαο
2650 1110 2704 1163 εί
2727 1128 2843 1174 πως
2871 1111 2979 1181 ἄρα
3010 1112 3107 1182 τῆς
3140 1112 3285 1184 παρά
3319 1114 3407 1167 σοῦ
3437 1114 3646 1187 τύχοιμι

2099 1200 2380 1272 βοηθείας,
2415 1205 2533 1265 ταῖς
2579 1200 2846 1270 φιλοθέοις
2884 1203 3023 1274 ὑπὲρ
3055 1203 3211 1275 ἡμῶν
3242 1205 3556 1277 ἱερουργίαις
3582 1205 3647 1259 τὰ

2099 1292 2311 1364 μεγάλα
2347 1311 2435 1364 μοι
2466 1295 2927 1367 συμπράττοντος,
2966 1297 3046 1359 εἰς
3077 1296 3175 1367 τὴν
3216 1296 3646 1370 προὸεσλημένην

2092 1385 2192 1455 τῆς
2221 1385 2579 1456 εὐαγγελικῆς
2610 1386 2955 1450 διδασκαλίας
2984 1388 3259 1442 ὑπόθεσιν.
3290 1388 3443 1442 Ἀλλὰ
3467 1392 3571 1463 γὰρ
3600 1391 3649 1445 τί

495 656 768 727 Cogitanti
816 658 946 712 mihi
976 657 1300 712 Christianae
1349 656 1627 726 religionis
1666 657 1993 721 institutum,

426 750 533 805 hoc
572 763 763 820 Opere,
816 748 961 817 quod
1002 748 1245 803 veritatis
1296 746 1620 817 evangelica:
1658 749 1998 801 demonstra—

423 840 626 893 tionem
704 839 1010 909 pollicetur,
1080 840 1223 894 illius
1274 838 1493 908 ignaros
1540 838 1798 903 edocere;
1854 837 1995 891 idem

392 929 547 997 .tibi,
581 931 674 1000 qui
715 946 933 986 sacrum
983 931 1361 1000 episc0porum
1395 929 1562 985 decus
1607 938 1661 983 et
1704 943 1998 983 ornamen—

423 1034 539 1078 tum
572 1038 652 1086 es,
687 1021 969 1077 Theodote
1007 1022 1355 1077 sanctissime
1380 1019 1600 1089 Deoque
1644 1020 1992 1081 charissime,

422 1115 698 1185 adjunctis
746 1115 910 1169 etiam
974 1114 1227 1185 precibus
1277 1126 1599 1167 consecrare
1656 1111 1835 1165 visum
1889 1118 1991 1164 est.

423 1206 542 1273 Qua
572 1207 788 1276 quidem
832 1206 886 1259 in
925 1221 985 1259 re
1008 1205 1113 1261 hoc
1145 1214 1364 1262 secutus
1399 1218 1544 1269 sum,
1576 1210 1636 1255 ut
1667 1202 1787 1271 Opis
1816 1202 1913 1256 abs
1943 1208 1995 1255 te

422 1299 626 1368 aliquid
667 1297 1037 1367 impetrarem,
1094 1297 1293 1367 quippe
1321 1295 1415 1366 qui
1441 1293 1723 1348 sacriﬁciis
1768 1292 1875 1346 tuis
1913 1292 1995 1346 di-

418 1390 547 1445 vino
579 1405 766 1443 amore
798 1389 1077 1445 succensis
1104 1389 1207 1443 hoc
1233 1388 1331 1443 abs
1370 1402 1458 1442 me
1493 1393 1804 1455 susceptum
1832 1400 1995 1440 evan-

421 1480 609 1551 gelicae
650 1478 911 1533 doctrinae
966 1486 1346 1547 argumentum
1391 1489 1735 1545 summopere
1773 1488 1974 1544 promo

2097 1475 2341 1546 βούλεται
2373 1476 2530 1530 τοῦτο
2563 1477 2775 1548 δηλοῦν,
2800 1478 2828 1531 ὅ
2866 1495 3042 1549 φαμεν
3070 1478 3420 1548 Εὐαγγέλιον,
3447 1481 3653 1555 πρῶτον

419 1573 590 1629 vebis.
620 1572 725 1627 Sed
746 1572 914 1637 enim,
940 1571 1068 1640 quid
1094 1571 1144 1641 2
1171 1571 1303 1625 illud
1336 1569 1438 1625 sibi
1471 1569 1619 1633 velit,
1651 1568 1797 1638 quod
1819 1566 1974 1621 Evan

2095 1569 2348 1623 ἁπάντων
2374 1569 2704 1643 διαρθρῶσαι
2733 1570 2914 1624 καλόν.
2945 1570 3114 1624 Τοῦτο
3148 1571 3212 1643 δὴ
3257 1574 3420 1625 πᾶσιν
3452 1574 3653 1646 ἀνθρώ-

418 1664 615 1735 gelium
659 1654 1014 1734 appellamus,
1046 1662 1331 1734 diligenter
1380 1660 1649 1731 imprimis
1706 1660 1974 1715 enucleari

2095 1678 2218 1726 ποις
2260 1663 2358 1734 τὴν
2411 1663 2712 1735 παρουσίαν
2759 1653 2867 1716 τῶν
2912 1663 3198 1716 ἀνωτάτων
3244 1664 3337 1717 καὶ
3392 1664 3652 1735 μεγίστων

412 1756 587 1824 juvat.
621 1752 715 1809 Est
746 1754 909 1824 igitur
940 1752 1314 1823 Evangelium,
1348 1751 1496 1823 quod
1538 1750 1773 1805 faustam
1834 1749 1974 1805 caele

2096 1751 2345 1820 ἀγαθῶν,
2379 1753 2542 1807 πάλαι
2574 1754 2674 1824 μὲν
2703 1770 3007 1825 προηγορευ
3017 1754 3209 1823 μένων,
3244 1757 3436 1807 νεωστὶ
3462 1754 3517 1808 δὲ
3549 1757 3657 1819 τοῖς

416 1845 582 1900 stium
642 1846 1122 1915 maximorumque
1172 1844 1442 1899 bonorum
1499 1842 1842 1913 praesentiam
1885 1842 1974 1895 hu-

2095 1844 2259 1895 πᾶσιν
2301 1843 2723 1914 έπιλαμψάντων
2764 1842 3201 1912 εὐαγγελίζεται”
3234 1845 3295 1897 οὐ
3329 1845 3419 1897 τὸν
3450 1845 3509 1897 οὐ
3543 1841 3657 1915 βλέ-

417 1938 561 1991 mani
625 1936 839 2007 generis
899 1936 1239 1992 universitati
1308 1936 1631 2003 annuntiat;
1689 1949 1809 2004 qua:
1864 1948 1974 1988 cun

2094 1950 2262 1987 ποντα
2312 1934 2540 1988 πλοῦτον
2562 1974 2577 1998 ,
2638 1935 2755 1988 οὐδὲ
2802 1934 2901 2006 τὴν
2946 1934 3182 2007 σμικρὰν
3230 1935 3326 1989 καὶ
3379 1935 3659 2008 πολυπαθῆ

416 2026 669 2095 praedicta
715 2025 828 2095 jam
878 2024 1009 2079 olim
1055 2025 1325 2093 fuissent,
1367 2034 1481 2080 tum
1522 2038 1648 2080 vero
1693 2023 1974 2078 novissinu

2094 2024 2299 2097 ταύτην
2329 2024 2473 2097 ζωὴν
2528 2025 2841 2097 προξενοῦν,
2873 2026 2980 2080 οὐδ’
3010 2027 3108 2079 ὅσα
3133 2025 3386 2097 σώματος
3409 2027 3500 2079 καὶ
3531 2026 3658 2094 (peo-

412 2116 667 2172 omnibus
694 2117 1003 2172 illuxerunt.
1035 2114 1168 2172 lllud
1194 2132 1358 2188 porro
1377 2132 1479 2172 nec
1509 2131 1775 2172 caacarum
1799 2129 1962 2185 opum

2098 2118 2195 2188 ρᾶς
2223 2119 2426 2169 οἰκεῖα·
2458 2116 2524 2171 τὰ
2561 2118 2619 2171 δὲ
2648 2117 2844 2187 ψυχαῖς
2868 2117 3058 2187 νοεράν
3085 2118 3269 2171 οὐσίαν
3300 2118 3662 2189 κεκτημέναις

412 2223 515 2263 nec
557 2208 677 2262 vitae
721 2208 884 2276 hujus
922 2208 1257 2264 brevissima:
1307 2223 1370 2264 ac
1407 2208 1730 2264 miserrimae
1776 2208 1974 2279 copiatr

2090 2209 2216 2278 φίλα
2240 2226 2300 2263 τε
2330 2210 2422 2263 καὶ
2454 2211 2795 2283 προσήγορα,
2830 2203 2905 2264 ὧν
2932 2212 3026 2264 καὶ
3052 2211 3120 2265 τὰ
3151 2210 3383 2281 σώματα
3408 2210 3659 2281 ἐξῆπται,

412 2299 561 2364 facit,
597 2314 699 2355 nec
733 2299 899 2355 ullius
937 2300 1160 2354 omnino
1196 2300 1271 2354 rei
1314 2315 1436 2371 quas
1474 2315 1601 2356 cum
1646 2313 1874 2369 corpore
1919 2300 1974 2355 si:

2091 2302 2253 2360 me;
2274 2302 2586 2371 ἑφεπόμενα
2622 2301 2797 2373 δίκην.
2840 2301 2939 2371 Είη
2971 2302 3015 2355 δ’
3060 2301 3125 2355 ἂν
3165 2301 3374 2355 τούτων
3407 2302 3469 2355 τὸ
3498 2301 3666 2371 κεφά-

409 2400 465 2445 et
492 2390 841 2460 corruptione
874 2391 1199 2460 conjuncta;
1235 2392 1326 2447 sed
1361 2406 1548 2445 earum
1579 2390 1846 2447 duntaxat
1868 2407 1988 2462 qum

410 2498 537 2537 cum
570 2481 769 2537 animis
814 2481 1148 2551 intelligente
1187 2492 1380 2537 natura
1406 2481 1648 2553 praeditis
1684 2485 1985 2540 necessitu-

410 2575 593 2629 dinem
642 2590 706 2629 ac
752 2574 1069 2629 societatem
1120 2575 1323 2642 iniere;
1375 2590 1406 2629 a
1458 2574 1661 2645 quibus.
1716 2590 1815 2644 ea,
1864 2592 1986 2646 quae

409 2668 657 2737 corporis
706 2667 923 2738 propria
974 2677 1123 2734 sunt,
1168 2669 1239 2723 ita
1287 2668 1540 2739 pendent,
1581 2678 1642 2723 ut
1678 2684 1772 2724 eas
1815 2668 1981 2724 etiam

412 2761 584 2815 instar
629 2762 836 2816 umbrae
873 2770 1299 2831 consequantur.
1341 2760 1518 2832 Caput
1557 2771 1737 2817 autem
1787 2762 1980 2817 horum

408 2851 652 2905 omnium
699 2852 874 2922 pietas
916 2862 1038 2915 est,
1090 2869 1198 2907 non
1247 2852 1359 2924 jam
1423 2854 1568 2921 ista,
1613 2872 1736 2925 qua:
1783 2869 1981 2910 nomen

408 2942 668 2997 ementita
712 2959 870 2998 suum
912 2944 1140 2999 intinitis
1186 2946 1464 3001 erroribus
1514 2946 1842 3016 implicatur,
1886 2947 1979 3001 sed

406 3033 696 3103 ejusmodi,
732 3052 855 3105 qua:
880 3038 1025 3091 hanc
1052 3036 1155 3091 sibi
1189 3037 1606 3106 appellationem
1649 3036 1979 3108 suffragante

407 3127 637 3187 veritate
683 3127 943 3185 defendit.
996 3126 1124 3183 Haec
1176 3129 1270 3183 illa
1305 3138 1389 3183 est
1440 3144 1560 3198 qua:
1612 3142 1737 3183 cum
1781 3146 1979 3187 sensus

394 3228 623 3276 nostros
666 3220 734 3274 ad
765 3235 913 3286 eum,
961 3235 1124 3289 quem
1173 3235 1340 3275 unum
1388 3235 1453 3275 ac
1511 3220 1709 3287 solum,
1745 3222 1823 3275 uti
1853 3236 1978 3277 vere

403 3321 523 3377 cst,
574 3311 757 3368 omnia
801 3311 970 3367 Deum
1022 3311 1369 3377 conﬁtentur,
1432 3314 1623 3385 erigit;
1699 3324 1811 3369 tum
1856 3316 1978 3371 vita:

407 3412 611 3459 nostra:
651 3403 893 3459 rationes
940 3420 1007 3459 ex
1054 3403 1226 3474 ipsius
1278 3421 1495 3475 quoque
1539 3406 1816 3462 voluntate
1857 3422 1975 3460 mo—

402 3493 649 3552 deratur.
700 3493 779 3549 Ex
821 3496 923 3551 hoc
965 3506 1142 3551 autem
1190 3496 1316 3551 vitae
1356 3513 1549 3567 genere
1593 3499 1836 3553 nascitur
1874 3499 1974 3553 ho—

402 3587 571 3642 minis
605 3602 729 3641 cum
757 3586 865 3643 Deo
897 3587 1159 3654 amicitia,
1205 3589 1297 3644 cui
1337 3598 1419 3645 ter
1457 3589 1547 3644 ille
1581 3588 1728 3656 felix,
1759 3598 1813 3645 et
1858 3590 1972 3645 sin-

401 3678 576 3748 gulari
597 3678 694 3733 Dei
724 3679 1096 3736 benevolentia
1132 3682 1463 3739 constitutus
1498 3684 1621 3738 linis
1657 3683 1968 3752 comitatur,

400 3771 496 3842 qui
539 3787 661 3826 cum
711 3773 925 3829 coalitus
978 3790 1049 3833 ex
1088 3790 1270 3831 rerum
1317 3774 1708 3829 immortalium
1762 3789 1968 3830 conne-

398 3862 559 3918 xione
591 3873 751 3933 aptus
791 3874 907 3932 cst,
955 3878 1068 3920 tum
1109 3866 1176 3921 ad
1220 3882 1410 3928 earum
1454 3868 1759 3937 exemplum
1795 3883 1859 3922 ac
1897 3867 1970 3922 si-

400 3954 762 4011 militudinem
790 3959 1014 4029 regitur,
1047 3968 1210 4028 atque
1240 3960 1293 4012 in
1322 3959 1392 4014 iis
1421 3968 1722 4029 prostremo
1750 3961 1968 4031 acquie-

395 4046 520 4102 scit.
555 4047 695 4113 Quid
739 4065 868 4104 vero
909 4048 1050 4105 felici
1090 4050 1192 4106 hac
1232 4059 1286 4105 et
1320 4050 1523 4106 divitiis
1572 4051 1826 4107 omnibus
1860 4053 1969 4107 cir-

393 4140 726 4198 cumtluente
776 4142 889 4215 Dei.
922 4143 1163 4201 amicitia
1219 4144 1430 4199 beatius
1488 4145 1716 4216 cogitari
1763 4145 1965 4216 possit?

394 4229 512 4287 Non
548 4232 636 4288 ille
666 4233 805 4298 vitae,
838 4235 997 4301 lucis,
1026 4236 1289 4302 veritatis,
1318 4236 1693 4308 bonorumque
1719 4239 1963 4293 omnium

392 4336 635 4397 quastor
660 4328 824 4383 veluti
853 4345 918 4384 ac
942 4328 1285 4405 dispensator
1314 4330 1435 4385 est?
1464 4328 1581 4385 Non
1610 4331 1961 4402 quamobrem

393 4421 578 4474 omnia
605 4421 715 4475 sint
748 4431 911 4492 atque
942 4422 1160 4487 vivant,
1220 4438 1443 4477 causam
1480 4422 1534 4477 in
1568 4439 1628 4478 se
1668 4423 1783 4493 ipse
1812 4439 1961 4479 com-
1992 4442 2036 4497 ι)

394 4511 690 4581 plectitur?
734 4511 840 4578 Qui
891 4528 1020 4583 ergo
1068 4512 1236 4567 semel
1280 4511 1477 4567 divina:
1515 4512 1677 4583 hujus
1708 4513 1962 4568 amicitia:

392 4619 619 4659 munere
647 4613 875 4659 ornatus
903 4603 993 4669 sit,
1024 4604 1154 4674 quid
1185 4604 1396 4659 tandem
1424 4604 1473 4659 is
1502 4605 1643 4659 ultra
1667 4604 1971 4662 desideret?

391 4691 569 4760 Quid,
612 4693 834 4763 inquam
863 4734 877 4759 ,
917 4692 966 4747 ei
1010 4692 1184 4761 desit,
1218 4694 1309 4763 qui
1364 4693 1633 4749 bonorum
1684 4704 1961 4750 auctorem

390 4784 634 4838 umnium
688 4784 795 4840 sibi
841 4782 1150 4838 devinctum
1196 4783 1483 4837 habuerit?
1518 4782 1688 4854 Cujus
1727 4785 1961 4855 denique

390 4875 468 4929 rei
519 4875 727 4929 laboret
773 4875 976 4946 inopia,
1010 4875 1104 4945 qui
1148 4890 1404 4945 magnum
1453 4876 1606 4931 illum
1642 4875 1961 4945 Przesidem,

386 4980 451 5021 ac
481 4976 863 5035 praepotentem
900 4966 1064 5035 hujus
1110 4965 1514 5022 universitatem
1559 4968 1955 5024 moderatorem

385 5059 441 5114 in
469 5058 639 5128 patris
671 5073 735 5113 ac
768 5059 962 5114 tutoris
1010 5058 1191 5113 locum
1222 5058 1559 5114 obtinuerit?
1605 5058 1748 5113 Nihil
1775 5059 1957 5129 profe-

2005 3101 2045 3157 C

462 5170 563 5239 (l')
583 5169 754 5225 Θεῖον
783 5171 1064 5225 ἐπισκόπ.
1106 5168 1177 5225 Ut
1199 5179 1282 5225 est
1303 5169 1356 5223 in
1382 5172 1551 5228 altero
1573 5188 1675 5226 ms.
1697 5170 1957 5233 Biblioth.

390 5240 591 5311 Regina.
630 5241 685 5295 Id
722 5249 904 5313 autem
937 5241 1101 5313 malui
1134 5256 1297 5308 quam
1330 5241 1508 5313 θείων,
1530 5252 1596 5313 _ut
1626 5244 1779 5297 habet
1808 5244 1956 5313 prior

383 5310 573 5373 editio,
600 5312 745 5380 quod
773 5310 1222 5382 Ἑλληνικώτερον
1242 5312 1496 5381 putarim.
1526 5311 1713 5369 Dicere
1745 5310 1952 5381 puluis-

384 5392 467 5453 set
502 5382 643 5435 θεῖον
665 5381 962 5434 ἐπισκόπου
986 5381 1193 5453 χρῆμα,
1221 5382 1393 5450 potuit
1423 5392 1477 5435 et
1505 5383 1836 5438 ἐπισκόπων.
1864 5382 1953 5439 Sic

383 5452 736 5521 Aristophan.
768 5453 987 5519 Νεφελ.
1025 5462 1131 5506 act.
1166 5468 1216 5505 ιε

381 5518 450 5577 Ὦ
474 5518 589 5577 Ζεῦ
603 5518 892 5586 βασιλεῦ,
921 5521 987 5575 τὸ
1008 5522 1211 5592 χρῆμα
1232 5521 1351 5601 τῶν
1368 5520 1621 5664 νυκτῶνἰ
1645 5524 1795 5578 ὅσον
1817 5524 1954 5630 (ξπέ-

1620 5610 1838 5662 putor.

1620 5610 1809 5662 ρατον
1828 5610 1838 5647 ι

575 5664 701 5736 quid
735 5665 871 5717 istuc
898 5664 1063 5718 noctis
1101 5676 1195 5727 est.
1228 5682 1483 5738 quamque
1510 5665 1811 5735 inﬁnitum?

383 5735 527 5795 idem
556 5735 811 5805 Βέιτρίιχ.
849 5742 953 5790 act.
989 5750 1019 5788 v
1047 5753 1058 5787 :

2087 2391 2236 2446 λαιον
2256 2432 2271 2457 ,
2297 2391 2545 2445 εὐσέϐεια
2566 2431 2581 2456 ,
2610 2392 2706 2463 οὐχ
2733 2393 2765 2464 ή
2790 2390 3136 2463 ψευδώνυμος
3164 2394 3258 2446 καὶ
3295 2393 3665 2466 πολυπλανὴς,

2087 2483 2200 2536 ἀλλ’
2234 2484 2267 2554 ἡ
2294 2484 2389 2537 σὺν
2432 2484 2658 2556 ἀληθείᾳ
2690 2486 2788 2558 τὴν
2825 2487 3194 2557 προσηγορίαν
3223 2486 3668 2560 ὲπιγραιρομένη.

2089 2574 2245 2627 Ἔστι
2273 2574 2328 2627 δὲ
2362 2574 2500 2647 αὐτη
2529 2578 2562 2647 ἡ
2596 2577 2733 2648 πρὸς
2763 2576 2854 2631 τὸν
2883 2576 2981 2631 ἕνα
3024 2579 3117 2631 καὶ
3148 2579 3314 2649 μόνον
3347 2580 3425 2644 ὡς
3454 2578 3673 2650 ἀληθῶς

2084 2666 2512 2738 ὁμολογούμενόν
2552 2685 2609 2721 τε
2651 2670 2745 2721 καὶ
2775 2668 2904 2723 ὄντα
2947 2668 3078 2723 Θεὸν
3123 2669 3417 2735 ἁνάνευσις
3441 2712 3456 2737 ,
3507 2671 3605 2725 xui.
3634 2672 3675 2745 ἡ

2084 2756 2221 2810 κατά
2247 2756 2437 2813 τοῦτον
2467 2759 2602 2831 ζωή.
2639 2760 2728 2824 Ἐξ
2756 2756 2824 2832 ἦς
2845 2761 2939 2815 καὶ
2967 2763 2999 2834 ἠ
3036 2762 3172 2833 πρὸς
3199 2762 3367 2815 αὐτὸν
3392 2762 3673 2832 ἐγγίνεται

2083 2849 2254 2918 φιλία,
2345 2850 2652 2921 παρέπεται
2683 2852 2744 2904 τὸ
2774 2852 3016 2922 θεοφιλὲς
3041 2854 3208 2917 ὅντως
3237 2854 3338 2907 καὶ
3360 2854 3675 2927 τρισμακά-

2086 2958 2197 3013 ριον
2229 2941 2400 3007 τέλος,
2426 2942 2630 2996 ἄνωθεν
2656 2946 2721 2997 ὲκ
2747 2944 2854 2997 τῶν
2885 2945 3205 3016 κρειττόνων
3229 2948 3474 3019 ἀπῃωρη
3485 2949 3671 3019 μένον,

2082 3033 2175 3086 καὶ
2209 3032 2344 3105 πρὸς
2388 3034 2525 3087 αὐτά
2568 3035 3102 3109 διακυϐερνώμενον,
3145 3040 3240 3094 καὶ
3284 3036 3356 3095 αὖ
3395 3041 3563 3095 πάλιν
3590 3042 3673 3105 είς

2078 3124 2216 3178 αὐτά
2244 3125 2571 3195 καταλῆγον.
2603 3126 2667 3179 Τί
2696 3124 2789 3181 οὖν
2816 3128 2880 3181 ἂν
2913 3129 3122 3198 γένοιτο
3158 3131 3259 3202 τῆς
3284 3131 3514 3203 ἀγαθῆς
3539 3130 3675 3186 ταύ-

2077 3232 2176 3285 της
2221 3218 2314 3271 καὶ
2357 3217 2640 3271 πανολόίου
2671 3219 2945 3290 θεοφιλίας
2980 3222 3483 3295 μακαριστότερον;
3530 3223 3675 3296 Οὐχὶ

2077 3307 2170 3359 καὶ
2201 3306 2344 3378 ζωῆς
2376 3308 2535 3372 αὐτὸς
2554 3348 2568 3373 ,
2599 3309 2693 3362 καὶ
2725 3310 2929 3379 φωτὸς,
2954 3311 3047 3364 καὶ
3079 3312 3360 3383 ἀληθείας,
3396 3315 3499 3368 καὶ
3528 3316 3677 3370 πάν-

2075 3415 2183 3453 των
2215 3400 2432 3469 ἀγαθῶν
2458 3402 2659 3473 ταμίας
2696 3402 2789 3455 καὶ
2818 3404 3050 3475 χορηγὸς
3076 3408 3187 3468 τοῖς
3218 3408 3355 3459 πᾶσι
3387 3406 3677 3481 καθέστη-

2075 3508 2200 3558 κεν;
2229 3493 2361 3562 Οὐχὶ
2388 3494 2481 3546 καὶ
2519 3494 2611 3547 τοῦ
2634 3489 2771 3549 εἶναι
2800 3496 2868 3548 τὰ
2898 3497 3092 3560 πάντα,
3123 3498 3215 3550 καὶ
3240 3498 3335 3551 τοῦ
3364 3498 3479 3571 ζῇν
3501 3499 3677 3565 αὐτὸς

2072 3583 2170 3655 τὴν
2212 3585 2390 3639 αἰτίαν
2430 3586 2781 3658 περιείληφε;
2829 3586 2919 3658 Τῷ
2950 3587 3013 3658 δὴ
3057 3583 3148 3641 οὖν
3177 3589 3275 3659 τὴν
3304 3590 3453 3661 πρὸς
3499 3591 3676 3645 αὐτὸν

2073 3677 2405 3749 στειλαμένῳ
2442 3680 2619 3747 φιλίαν
2664 3682 2715 3733 τί
2763 3682 2827 3734 ἂν
2876 3681 2957 3734 ἐτι
2987 3680 3263 3747 λείποιτο;
3294 3681 3452 3747 τίνος
3503 3682 3553 3737 δ’
3604 3684 3680 3739 ἂν

2072 3773 2349 3846 ὑστεροττο
2423 3775 2453 3827 6
2518 3775 2627 3828 τῶν
2691 3774 2907 3845 ἀγαθῶν
2973 3776 3065 3829 τὸν
3120 3774 3459 3847 δημιουργὸν
3527 3774 3679 3843 ἐξοι-

2070 3863 2411 3935 κειούμενος;
2462 3865 2495 3935 ἢ
2542 3865 2687 3929 τινος
2745 3865 2811 3919 ἂν
2862 3865 3127 3937 ὲλαττῷτο
3194 3867 3223 3918 6
3272 3867 3369 3920 xui.
3452 3868 3686 3943 πατρὸς

2068 3957 2127 4010 ὲν
2165 3954 2321 4037 χώρᾳ
2360 3957 2451 4011 καὶ
2497 3957 2792 4029 κηδεμόνος
2832 3958 2922 4012 τὸν
2972 3960 3148 4030 μέγαν
3194 3960 3524 4032 προστάτην
3574 3964 3683 4017 καὶ

2070 4048 2417 4119 παμϐασιλέα
2474 4048 2582 4101 τῶν
2628 4049 2765 4103 ὅλων
2837 4050 3304 4122 έπιγραιρόμενος;
3362 4051 3521 4105 Ἀλλ’
3568 4053 3686 4111 οὐκ

2066 4136 2212 4191 ἔστιν
2244 4140 2437 4203 εἰπεῖν,
2467 4140 2495 4192 ὂ
2521 4156 2571 4191 τι
2616 4138 2689 4211 μὴ
2730 4140 2827 4211 οὐχ
2857 4141 2886 4192 6
2914 4143 2980 4213 τῇ
3014 4140 3249 4194 διαθέσει
3298 4140 3377 4212 τῷ
3428 4143 3683 4214 παμϐα-

2068 4232 2203 4285 σιλεί
2245 4232 2365 4303 Θεῷ
2408 4231 2752 4305 πλησιάζων,
2786 4235 2879 4287 καὶ
2916 4234 3014 4305 τῆς
3053 4235 3537 4306 παμμακαρίστου
3585 4255 3685 4308 φι-

2065 4324 2181 4389 λίας
2226 4324 2315 4378 διὰ
2365 4324 2463 4395 τῆς
2506 4326 2931 4399 ἐπιστημονικῆς
2972 4325 3249 4389 εὐσεϐείας
3295 4326 3684 4399 ἠξιωμένος,

2064 4414 2198 4485 ὁμοῦ
2233 4414 2326 4467 καὶ
2365 4414 2540 4485 ψυχῆς
2572 4416 2666 4468 xui.
2701 4414 2978 4486 σώματος,
3011 4416 3103 4469 καὶ
3129 4415 3236 4469 τῶν
3269 4416 3437 4481 ἐκτὸς
3481 4419 3689 4474 ἀπάν-

2064 4523 2172 4559 των
2206 4500 2265 4558 εὖ
2307 4505 2372 4559 ἂν
2414 4499 2560 4581 ἔχοι(
2586 4506 2799 4577 Ταύτην
2846 4506 2910 4577 δὴ
2938 4506 3116 4559 τοίνυν
3156 4506 3252 4579 τὴν
3286 4507 3521 4580 ἀγαθὴν
3574 4513 3690 4566 καὶ

2066 4598 2333 4669 σωτήριον
2388 4599 2524 4669 πρὸς
2568 4597 2699 4652 Θεὸν
2742 4598 3041 4670 ἀνθρώπων
3076 4601 3286 4670 φιλίαν,
3332 4601 3568 4658 ἄνωθεν
3611 4606 3689 4660 ὲκ

2062 4688 2156 4742 τοῦ
2206 4680 2518 4760 παναγάθου
2552 4691 2685 4744 Θεοῦ
2738 4692 3149 4763 καταπεμφθεὶς
3192 4696 3220 4747 6
3262 4693 3395 4757 θεὸς
3438 4697 3683 4764 Λόγος,

2062 4778 2247 4853 ὥσπερ
2293 4797 2376 4844 τις
2409 4782 2868 4853 ἀπειρομεγέθους
2900 4782 3075 4851 φωτὸς
3117 4783 3294 4854 αὐγὴ,
3342 4786 3534 4838 πᾶσιν
3572 4788 3689 4839 ἀν-

2062 4871 2297 4945 θρώποις
2341 4860 2775 4942 εὐαγγελίζεται·
2837 4876 2935 4928 οὐκ
2993 4873 3198 4931 ἐνθένδε
3272 4874 3481 4941 ποθὲν,
3550 4880 3687 4933 οὐδ’

2060 4960 2341 5033 ἑτέρωθεν,
2377 4961 2513 5015 ἀλλά
2542 4964 2873 5034 πανταχόθεν
2907 4963 2967 5030 ἐξ
3001 4966 3253 5021 ἁπάντων
3291 4965 3475 5020 ἐθνῶν
3513 4971 3684 5043 πρὸς

2058 5052 2148 5107 τὸν
2169 5053 2275 5107 τῶν
2300 5054 2436 5109 ὅλων
2473 5055 2603 5109 Θεὸν
2620 5056 2918 5128 παρορμῶν
2944 5058 3099 5127 ἥκειν
3135 5056 3233 5128 (2),
3269 5058 3551 5113 σπεύδειν
3580 5076 3687 5128 τε,

2125 5164 2195 5220 Ὦ
2228 5167 2341 5221 Ζεῦ
2364 5168 2650 5233 βασιλεῦ,
2680 5169 2747 5223 τὸ
2772 5168 2968 5292 γῖοῆρα
2996 5170 3114 5224 τῶν
3136 5172 3341 5237 κόπων
3364 5170 3544 5227 ὅσον
3569 5174 3597 5230 ι

2216 5248 2414 5292 auanta
2446 5239 2685 5292 laborum
2714 5256 2793 5291 mo
2820 5258 2899 5292 es.

2216 5248 2414 5307 quanta
2446 5239 2685 5292 laborum
2714 5239 2899 5294 moles!

2056 5308 2213 5375 Quod
2236 5310 2279 5362 si
2304 5309 2623 5363 retineretur
2644 5309 3034 5383 Galamsensus
3053 5311 3343 5377 videretur,
3368 5313 3487 5367 hoc
3512 5329 3683 5383 ope-.-

2058 5383 2135 5433 ris
2162 5395 2447 5446 operteque
2472 5395 2641 5449 genus
2668 5380 2734 5433 ad
2762 5381 3045 5449 episcopos
3072 5383 3308 5435 maxime
3329 5380 3684 5450 pertinére.

2054 5451 2124 5503 At
2150 5449 2309 5504 infer.
2349 5448 2501 5505 Plato
2529 5468 2542 5503 :
2576 5449 2758 5513 Οὕτως
2793 5450 3011 5517 ἐμαυτῷ
3045 5450 3197 5517 ἔδοξα
3236 5453 3370 5517 πρὸς
3417 5452 3684 5517 ταύτην

2054 5468 2124 5503 At
2150 5468 2309 5504 uuer.
2350 5468 2501 5505 rtato
2529 5468 2542 5503 :
2576 5468 2758 5513 υυτως
2793 5468 3011 5521 εμαυτῳ
3045 5468 3197 5517 εοοςα
3236 5468 3370 5522 προς
3417 5468 3687 5526 ταυτην

2053 5520 2152 5594 τὴν
2175 5520 2363 5589 σκέψιν
2386 5517 2837 5594 ἀφυὴςλεῖναι,ᾐὼς
2868 5521 3017 5578 οὐδὲν
3046 5524 3251 5594 χρῆμα.
3282 5523 3338 5578 ω
3370 5532 3486 5586 εει,
3538 5535 3683 5581 tant

2055 5591 2279 5661 ineptus,
2302 5608 2460 5661 quam
2488 5592 2577 5661 qui
2610 5592 2856 5645 maxime.

2127 5656 2374 5785 fast
2419 5656 2593 5736 ἥκειν,
2625 5661 2794 5719 Mont.
2848 5662 2953 5752 leg.
3008 5664 3207 5736 σπουδῇ
3248 5681 3303 5716 τε
3340 5663 3511 5745 πάσῃ
3552 5668 3683 5728 καὶ

2059 5748 2345 5803 προυυμιᾳ.
