3948 6376
1344 333 1670 391 ΡΒᾸΞΡΔΒ.
1714 334 1964 391 EVANG.
2002 334 2127 391 LIB.
2157 333 2198 389 1.

182 454 260 510 καὶ
290 453 420 523 πάσῃ
475 449 753 521 προθυμίᾳ
779 450 960 521 ψυχῆς
1004 452 1066 507 τὸ
1122 452 1294 525 δῶρον
1334 455 1688 526 ὑποδέχεσθαι

1814 463 1903 510 cto
1923 456 2029 511 dici
2048 462 2245 526 potest,
2270 468 2378 523 quo
2400 452 2467 507 ad
2487 468 2757 508 summam
2793 452 3233 523 cumulatamque
3272 462 3388 510 tum

184 546 407 615 Ἕλληνας
435 541 566 613 ὁμοῦ
608 542 703 595 καὶ
734 542 1063 615 βαρὸάρους,
1114 546 1315 617 ἄνδρας
1355 546 1470 618 ἃμα
1501 547 1715 617 γυναιξὶ

178 638 253 693 καὶ
272 635 479 706 νηπίοις,
527 634 774 705 πένητάς
804 653 863 688 τε
897 635 991 689 καὶ
1024 636 1345 705 πλουσίους,
1383 640 1580 709 σοφοὺς
1620 640 1714 693 κα)⁵

180 728 385 788 ἰδιώτας,
424 725 544 777 οὐδὲ
579 724 645 778 τὸ
696 727 966 780 οἰκετικὸν
1009 729 1170 796 γένος
1217 730 1574 801 ὑπερφρονῶν
1614 729 1712 799 τῆς

181 819 398 888 κλήσεως.
428 816 545 867 Ὅτι
568 814 633 885 δὴ
660 816 790 885 μίαν
818 816 917 888 τὴν
944 818 1161 873 πάντων
1186 820 1373 872 οὐσίαν
1404 837 1461 872 τε
1488 820 1581 873 καὶ
1613 819 1713 889 φύ-

173 928 239 962 σιν
264 910 288 961 ὁ
311 905 479 977 πατὴρ
505 906 689 959 αὐτῶν
715 910 1140 979 συστησάμενος,
1180 911 1308 979 μιᾶς
1363 910 1587 973 εἰκότως
1616 913 1711 964 καὶ

174 1000 248 1069 τῆς
271 1000 378 1068 ίσης
424 998 632 1061 πάντας
682 1000 845 1054 πάλιν
889 1001 1300 1074 μεγαλοδωρεᾶς
1347 1001 1585 1073 ἠξίωσε,
1613 1002 1711 1073 τὴν

169 1095 277 1164 ⁸πρὸς
325 1091 476 1145 αὑτὸν
520 1092 729 1160 γνῶσίν
768 1112 829 1147 τε
869 1096 964 1149 καὶ
1018 1096 1197 1165 φιλίαν
1240 1097 1412 1150 ἅπασι
1453 1099 1563 1159 τοῖς
1609 1097 1712 1149 ὐπ-

167 1184 343 1238 ακούειν
370 1184 629 1249 ἐθέλουσι,
668 1188 765 1240 καὶ
799 1187 899 1257 τὴν
936 1188 1093 1260 χάριν
1116 1188 1372 1259 εὐμαρῶς
1400 1186 1711 1259 ἀσπαζομέ-

167 1296 253 1341 νοις
291 1276 642 1347 δωρούμενος.
695 1280 912 1350 Ταύτην
950 1283 978 1333 ό
1017 1281 1254 1352 Χριστοῦ
1290 1282 1461 1350 Λόγος
1491 1281 1568 1351 (5)
1603 1278 1708 1353 ἧκε

164 1367 241 1435 τὴν
258 1365 377 1434 apo;
398 1365 487 1416 τὸν
515 1366 691 1420 αὑτοῦ
720 1368 938 1440 Πατέρα
970 1368 1151 1438 φιλίαν
1185 1369 1262 1441 τῷ
1298 1370 1570 1441 σύμπαντι
1614 1372 1695 1425 κό-

166 1477 260 1530 σμῳ
302 1460 804 1533 εὐαγγελιούμενος
843 1483 861 1516 ‹
897 1464 1030 1528 Θεὸς
1067 1467 1174 1538 γὰρ
1192 1462 1259 1537 ἦν
1292 1468 1481 1541 κόσμῳ
1509 1470 1708 1523 καταλ-

164 1554 334 1607 λάσσων
364 1554 578 1618 ἑαυτὸν,
616 1555 693 1627 μὴ
716 1556 1063 1627 λογιζόμενος
1092 1560 1275 1624 αὐτοῖς
1309 1562 1377 1615 τά
1408 1562 1708 1635 παραπτώ-

164 1663 310 1717 ματα,
342 1664 359 1697 ι
495 1646 565 1699 τὰ
618 1647 738 1701 θεῖα
780 1647 1019 1702 διδάσκει
1078 1650 1253 1720 λόγια.
1302 1671 1319 1703 ι
1370 1651 1567 1705 Ἐλθών
1623 1671 1703 1719 τε,

160 1740 306 1821 φησὶν,
336 1739 730 1807 εὐηγγελίσατο
754 1743 974 1815 εἰρήνην
1011 1746 1123 1807 τοῖς
1155 1744 1393 1815 μακρὰν,
1430 1747 1523 1798 καὶ
1556 1747 1705 1818 εἰρή-

1817 548 2008 612 animi,
2032 557 2146 602 tum
2174 546 2439 617 corporis,
2455 556 2915 616 externorumque
2931 547 3199 600 bonorum
3222 543 3392 600 felici-

1817 646 1981 692 tatem
2021 637 2278 707 indigeat,
2306 638 2399 707 qui
2427 636 2653 707 prapius
2680 636 2747 691 ad
2784 652 2964 707 regem
3010 636 3387 691 universorum

1816 730 1983 784 Deum
2020 731 2072 784 vi
2118 731 2399 785 charitatis
2435 730 2750 792 accesserit,
2788 729 2991 799 quique
3029 729 3098 782 ab
3128 742 3194 781 eo
3227 728 3389 783 fuerit

1812 818 2112 874 beatissimi
2137 819 2339 873 amoris
2360 819 2610 888 gratiam,
2631 818 2844 888 pietatis
2867 819 3049 887 hujus,
3065 818 3304 872 scientia:
3325 834 3389 872 ac

1813 910 2091 979 sapientiae
2129 912 2548 977 conciliatricis,
2603 911 2797 965 merito
2851 920 3195 965 consecutus.
3236 907 3389 965 Hanc

1813 1000 1978 1072 igitur
2003 1003 2137 1057 adeo
2161 1002 2339 1056 betam
2384 1018 2446 1057 ac
2480 1004 2771 1057 salutarem
2801 1002 3081 1057 hominum
3127 1017 3249 1055 cum
3275 1000 3389 1055 Deo

1814 1093 2292 1157 necessitudinem,
2307 1094 2507 1149 missus
2531 1095 2597 1148 ad
2618 1110 2718 1147 nos
2739 1094 2952 1148 caelitus
2968 1110 3033 1147 ex
3045 1092 3155 1147 Deo
3175 1108 3389 1148 summe

1810 1186 1954 1241 bono
1977 1185 2121 1240 Deus
2134 1184 2392 1251 Verbum,
2414 1188 2492 1243 sic
2517 1196 2770 1256 tanquam
2793 1187 3048 1255 splendor
3069 1186 3268 1255 aliquis
3293 1187 3389 1239 im-

1810 1280 1983 1335 mensi
2008 1281 2249 1348 luminis,
2268 1282 2482 1337 cunctis
2504 1282 2813 1338 hominibus
2836 1282 3059 1337 feliciter
3077 1279 3383 1333 annuntiat.

1810 1374 1860 1429 ls
1878 1390 1987 1429 non
2010 1374 2061 1444 3
2089 1389 2154 1428 ex
2189 1391 2300 1429 uno
2320 1374 2557 1428 alterove
2583 1374 2723 1437 loco,
2752 1375 2845 1429 sed
2867 1390 2932 1429 ex
2968 1372 3221 1427 omnibus
3238 1371 3388 1427 orbis

1809 1467 2049 1521 universi
2071 1467 2383 1522 nationibus
2410 1466 2657 1521 homines
2671 1466 2734 1520 ad
2761 1482 2939 1521 rerum
2959 1463 3199 1520 omnium
3217 1462 3383 1518 Deum

1814 1559 2160 1613 vehementer
2197 1558 2408 1622 invitat,
2437 1557 2762 1627 Graecosque
2786 1558 2985 1627 pariter
3015 1573 3078 1610 ac
3100 1555 3385 1623 barbaros,

1812 1652 1955 1705 viros
1982 1652 2163 1717 simul,
2200 1650 2432 1706 feminas
2495 1667 2559 1705 ac
2591 1651 2881 1719 puerulos;
2918 1650 3107 1718 inopes
3138 1662 3292 1717 teque
3321 1663 3385 1703 ac

1807 1742 2027 1807 divites,
2061 1743 2333 1813 sapientes
2362 1752 2414 1797 et
2444 1742 2660 1807 idiotas,
2695 1750 2755 1795 ut
2773 1756 3084 1810 properare,
3113 1740 3385 1793 oblatunr

158 1848 235 1902 νην
257 1832 355 1893 τοῖς
382 1833 571 1899 ἐγγύς.
618 1854 637 1885 ι
672 1832 858 1887 Ταῦτα
887 1834 1165 1905 πρόπαλαι
1209 1837 1399 1900 παῖδες
1435 1837 1688 1907 Ἐϐραίωι

1804 1850 1911 1904 que
1941 1850 2143 1889 munus
2186 1836 2334 1887 omni
2370 1850 2494 1888 cum
2527 1834 2835 1887 animorum
2868 1832 3146 1885 alacritate
3180 1846 3245 1885 ac
3266 1840 3383 1884 stu-

158 1923 552 1995 θεοφορούμενοι,
592 1926 677 1998 τῷ
734 1925 1008 1997 σύμπαντι
1048 1930 1242 2000 κόσμῳ
1286 1929 1696 2001 προεθέσπιζον.

166 2017 209 2069 '0
228 2016 312 2088 μέν
346 2034 426 2079 τις
460 2018 605 2088 βοῶν
627 2036 640 2049 ο
660 2032 679 2065 ί
697 2016 1106 2089 Μνησθήσονται
1132 2022 1225 2075 καὶ
1262 2023 1698 2095 ὲπιστραφήσον-

155 2126 224 2164 ται
249 2111 369 2181 πρὸς
384 2111 590 2183 Κύριον
612 2114 788 2167 πάντα
806 2112 875 2166 τὰ
893 2113 1105 2184 πέρατα
1126 2115 1222 2186 τῆς
1246 2116 1369 2187 γῆς,
1404 2117 1498 2169 καὶ
1526 2133 1698 2188 προσ-

157 2204 435 2274 κυνήσουσιν
468 2205 624 2277 αὐτῷ
655 2210 823 2262 πᾶσαι
845 2211 898 2263 αί
934 2209 1161 2280 πατριαὶ
1181 2208 1288 2261 τῶν
1319 2208 1510 2262 ἐθνῶν.
1543 2228 1560 2260 ι
1588 2210 1697 2263 Καὶ

157 2296 317 2349 πάλινο
357 2315 375 2347 ι
418 2297 627 2352 Εἴπατε
664 2302 722 2353 ἐν
751 2303 863 2364 τοῖς
889 2300 1118 2365 ἔθνεσιν,
1154 2300 1237 2353 ὅτι
1272 2300 1475 2373 Κύριος
1510 2301 1697 2355 ὲὸασί-

154 2391 275 2442 λευσε
296 2406 309 2419 ο
346 2391 435 2442 καὶ
458 2391 572 2462 γάρ
595 2392 921 2465 κατώρθωσε
960 2394 1057 2465 τὴν
1082 2394 1424 2465 οἰκουμένην,
1471 2395 1595 2466 ἣτις
1624 2396 1684 2448 οὐ

155 2482 514 2553 σσλευθήσεται.
562 2505 583 2537 ι
622 2487 679 2539 '0
729 2487 784 2539 δὲ
818 2489 1079 2555 φάσκων·
1129 2506 1147 2539 ι
1198 2480 1496 2557 Ἐπιφανὴς
1542 2488 1694 2541 ἔσται

153 2575 313 2646 Κύριος
334 2577 389 2629 ἐν
408 2578 617 2643 αὐτοῖς,
640 2578 733 2631 καὶ
757 2578 1127 2651 ὲξολοθρεύσει
1155 2580 1363 2643 πάντας
1388 2580 1513 2643 τοὺς
1537 2580 1695 2643 θεοὺς

150 2666 233 2719 τῶν
255 2667 405 2721 ἐθνῶν
431 2671 533 2741 τῆς
566 2672 686 2742 γῆς,
720 2673 812 2725 καὶ
850 2673 1323 2745 προσκυνήσουσιν
1365 2672 1534 2743 αὐτῷ,
1564 2673 1693 2727 ἕκα-

150 2774 247 2821 στος
279 2760 335 2811 ἐκ
362 2760 452 2813 τοῦ
497 2762 671 2815 τόπου
710 2763 894 2818 αὑτοῦ.
939 2783 959 2816 ι
993 2764 1182 2819 Ταῦτα
1214 2764 1492 2837 πρόπαλαι
1526 2763 1692 2829 θείοις

149 2854 373 2920 χρησμοῖς
410 2854 747 2925 ἀνακείμενα
771 2896 785 2920 ,
845 2855 940 2909 νῦν
975 2858 1055 2920 είς
1085 2858 1231 2928 ἡμᾶς
1256 2857 1453 2921 αὐτοὺς
1473 2856 1561 2911 διά
1590 2858 1690 2928 τῆς

149 2941 217 2994 τοῦ
240 2944 473 3015 Σωτῆρος
512 2946 671 3017 ἡμῶν
718 2948 892 3019 Ἰησοῦ
928 2937 1165 3022 Χριστοῦ
1198 2950 1547 3014 διδασκαλίας
1593 2950 1690 3003 πέ-

151 3050 281 3104 φηνεν
317 3034 407 3106 (1),
430 3037 509 3100 ὡς
546 3039 641 3110 τὴν
667 3034 835 3094 πάλαι
871 3042 1282 3113 κηρυττομένην
1314 3060 1373 3095 τε
1394 3087 1407 3110 ,
1442 3042 1537 3095 καὶ
1574 3044 1688 3107 τοῖς

1803 1927 1894 1980 dio
1925 1926 2205 1995 suspicere
2254 1925 2440 1991 velint,
2473 1924 2785 1983 exstimulat
2813 1938 2908 1979 :ac
2940 1938 3006 1977 ne
3045 1924 3221 1992 ipsum
3256 1921 3383 1991 qui—

1803 2018 1923 2072 dem
1959 2019 2155 2073 servile
2182 2035 2351 2089 genus
2385 2019 2453 2072 ab
2496 2017 2766 2086 ejusmodi
2798 2016 3054 2070 societate
3083 2014 3383 2070 vocationis

1800 2111 2058 2166 excludit.
2081 2110 2290 2181 Quippe
2314 2110 2566 2181 quienim
2596 2124 2703 2163 una
2728 2109 3029 2177 eademque
3049 2121 3240 2162 omnes
3258 2105 3385 2161 sub-

1802 2206 2001 2260 stantia
2051 2216 2356 2275 naturaque
2396 2203 2724 2275 procreavit,
2785 2202 3030 2256 omnium
3070 2216 3287 2270 parens,
3334 2199 3382 2256 is

1794 2298 1918 2369 jure
1947 2301 2137 2353 omnes
2173 2298 2376 2367 pariter
2405 2298 2459 2351 in
2483 2296 2647 2351 unius
2685 2295 3021 2365 aequalisque
3061 2292 3383 2348 munificen-

1799 2390 1889 2444 tia:
1936 2390 2379 2445 communionem
2441 2388 2659 2451 ascivit,
2716 2386 2967 2441 notitiam
3024 2398 3379 2452 amoremque

1797 2481 1882 2538 sui
1937 2497 2061 2537 eum
2120 2481 2188 2537 iis
2234 2482 2491 2539 omnibus
2525 2480 2737 2551 prolixe
2793 2478 3232 2536 communicans.
3284 2477 3379 2545 qui

1796 2588 2002 2628 morem
2032 2573 2248 2628 vocanti
2299 2588 2505 2644 gerere,
2538 2572 2835 2643 gratiaeque
2879 2585 2992 2624 sua:
3030 2567 3377 2631 beneficium,

1793 2665 2028 2721 libenter
2057 2665 2305 2735 accipere
2335 2664 2730 2735 complectique
2752 2661 3044 2717 voluerint.
3085 2658 3237 2715 Hanc
3270 2660 3378 2715 ita-

1793 2774 1899 2830 que
1921 2758 2175 2814 Christus
2192 2774 2319 2829 erga
2346 2757 2560 2812 Patrem
2586 2773 2746 2811 suum
2779 2756 3098 2812 charitatem
3131 2754 3380 2809 oratione

1792 2868 1892 2908 sua
1916 2852 2014 2907 toti
2041 2852 2245 2922 passim
2276 2851 2394 2905 orbi
2420 2850 2772 2920 praedicatum
2805 2850 2971 2904 venit.
3007 2868 3025 2901 ι
3057 2849 3197 2903 Deus
3227 2848 3378 2903 enim

1791 2951 1911 2997 erat
1941 2943 1995 2996 in
2035 2941 2257 2997 Christo
2288 2932 2531 3011 seip'sum
2566 2941 2771 2995 mundo
2802 2940 3120 3004 concilians,
3149 2954 3248 2993 nec
3271 2938 3376 2991 im-

1790 3043 1991 3105 putans
2026 3034 2107 3090 eis
2137 3042 2360 3103 peccata
2392 3048 2491 3087 sua
2518 3031 2559 3097 ¹,
2600 3050 2618 3083 ι
2687 3032 3147 3101 quemadmodum
3182 3031 3376 3084 littera:

151 3125 204 3195 μὴ
223 3125 405 3179 τούτων
433 3129 685 3201 ἀπείροις
718 3131 1173 3204 προσδοκωμένην
1191 3133 1298 3187 τῶν
1319 3133 1487 3189 ἐθνῶν
1510 3135 1687 3189 ἀπάν-

1792 3127 1988 3183 divina:
2017 3126 2235 3181 docent.
2276 3144 2296 3177 ‹
2334 3124 2472 3179 Cum
2506 3124 2765 3189 venisset,
2805 3124 2999 3193 inquit,
3033 3122 3376 3192 evangeliza-

148 3232 228 3269 των
252 3215 591 3285 θεογνωσίαν,
624 3222 849 3287 εἰκότως
882 3225 1015 3295 ἡμῖν
1051 3225 1142 3280 τὸν
1173 3224 1400 3296 ἔναγχος
1433 3224 1491 3292 ἐξ
1519 3226 1686 3298 ούρα-

145 3304 215 3358 νοῦ
244 3308 465 3379 παρόντα
492 3311 662 3380 Λόγον
681 3312 1149 3382 εὐαγγελίζεσθαι,
1170 3319 1289 3379 ταῖς
1305 3316 1412 3368 τῶν
1438 3315 1684 3371 παλαιῶν

144 3401 310 3463 φωναῖς
334 3398 400 3451 τὰ
430 3399 527 3454 διὰ
554 3401 660 3457 τῶν
691 3403 868 3475 ἔργων
908 3406 1323 3478 ἀποτελέσματα
1370 3406 1681 3479 συντρέχειν

142 3486 371 3543 ἔπιδεικνύ
379 3510 563 3563 μενον.

1788 3220 1866 3275 vit
1892 3234 2080 3290 pacem
2115 3217 2181 3273 iis
2209 3217 2301 3288 qui
2326 3216 2516 3287 procul
2535 3224 2709 3279 erant,
2733 3225 2786 3270 et
2810 3232 2994 3285 pacem
3022 3215 3088 3268 iis
3118 3214 3208 3283 qui
3241 3228 3374 3283 pro.

1788 3328 1855 3383 pe
1889 3314 1933 3367 ⁸.
1961 3329 1980 3364 ι
2019 3310 2196 3381 Atque
2231 3311 2346 3365 haec
2381 3310 2497 3379 ipsa
2531 3308 2735 3362 mundo
2762 3308 2967 3376 pridem
2993 3306 3245 3359 universo
3268 3302 3374 3359 He-

1785 3405 2057 3460 braaorum
2084 3403 2252 3474 aliqui
2282 3403 2468 3457 divino
2494 3401 2657 3456 amati
2685 3400 2888 3470 Spiritu
2917 3398 3135 3453 oracula
3168 3397 3373 3453 cecineo

1781 3515 1860 3555 re.
1893 3498 1959 3553 Et
1985 3513 2174 3553 eorum
2214 3496 2433 3566 quidem
2460 3510 2601 3549 unus
2632 3509 2827 3565 magna
2861 3508 2991 3548 voce
3025 3491 3369 3561 pronuntiat.

147 3578 633 3654 riieminiscentur,
684 3599 737 3644 et
798 3602 1184 3648 convertentur
1242 3592 1310 3648 ad
1375 3592 1665 3647 Dominum
1705 3605 1896 3647 omnes
1928 3591 2063 3645 lines
2112 3596 2291 3653 teme,
2326 3595 2379 3642 et
2432 3586 2737 3641 adorabunt
2780 3600 2903 3639 eum
2944 3598 3134 3638 omnes
3183 3585 3371 3653 patrie

142 3678 341 3743 gentium
368 3679 407 3734 ³.
453 3699 477 3731 ι
510 3680 575 3737 Ει
600 3699 831 3740 rursus:
862 3706 881 3738 ‹
921 3685 1089 3742 Dicite
1121 3688 1174 3741 in
1206 3688 1477 3759 gentibus,
1507 3687 1766 3757 quoniam
1808 3685 2071 3740 Dominus
2118 3682 2366 3755 regnavit
2395 3700 2408 3735 :
2443 3681 2641 3737 etenim
2669 3680 2905 3738 correxit
2944 3680 3134 3738 orbem
3189 3688 3370 3745 terret,

141 3770 210 3839 qui
248 3787 343 3826 non
384 3778 810 3833 commovebitur
838 3778 908 3832 ⁵.»
940 3781 1095 3837 Alius
1123 3796 1251 3836 vero
1285 3782 1366 3837 sic
1393 3782 1635 3851 loquitur
1664 3798 1679 3834 :
1726 3798 1744 3831 ι
1771 3777 2114 3848 Conspicuus
2164 3776 2269 3831 erit
2303 3775 2566 3833 Dominus
2620 3776 2675 3829 in
2715 3775 2867 3845 ipsis.
2900 3783 2953 3828 et
2986 3774 3227 3829 funditus
3276 3790 3368 3829 ex-

142 3866 403 3923 terminabit
439 3885 631 3927 omnes
672 3873 804 3930 deos
845 3875 1125 3933 nationum
1166 3885 1343 3945 terrae,
1380 3878 1668 3948 ipsumque
1704 3875 2010 3931 adorabunt
2038 3873 2237 3944 singuli
2280 3890 2345 3929 ex
2376 3875 2497 3929 loco
2542 3888 2644 3928 suo
2668 3881 2708 3934 δ,
2754 3890 2772 3923 ›
2802 3869 2928 3925 Haec
2978 3872 3235 3925 nimirum
3277 3872 3367 3928 illa

140 3971 256 4024 ευων
286 3978 398 4032 Quae
440 3965 553 4035 jam
584 3984 754 4038 usque
789 3970 857 4024 ab
896 3972 1085 4026 ultima
1121 3978 1446 4028 saeculorum
1477 3972 1738 4027 memoria
1776 3970 1978 4026 divinis
2019 3969 2255 4025 oraculis
2300 3968 2552 4024 mandata
2587 3983 2711 4024 cum
2757 3975 2960 4030 essent,
3011 3965 3365 4023 Iesu-Christi

142 4047 399 4114 Servatoris
435 4063 603 4116 nostri
626 4064 886 4120 doctrinae
925 4066 1188 4123 benelicio
1242 4070 1446 4125 nostris
1498 4068 1791 4139 aliquando
1832 4065 2165 4139 temporibus
2196 4067 2472 4121 exstitere.
2510 4065 2589 4119 Ac
2621 4064 2816 4119 merito
2855 4078 2987 4118 sane
3034 4062 3271 4119 Verbum
3300 4064 3366 4119 il-

142 4142 227 4210 Iud,
256 4152 389 4218 quod
423 4169 595 4222 nuper
633 4157 697 4210 ad
730 4172 827 4212 nos
851 4172 881 4212 e
913 4159 1054 4213 coelo
1101 4159 1381 4230 delapsum
1417 4168 1520 4221 est,
1546 4160 1685 4215 hanc
1725 4168 1804 4214 tot
1832 4158 2039 4229 pridem
2069 4157 2297 4213 vocibus
2340 4157 2709 4228 praedicatam,
2740 4164 2793 4210 et
2820 4155 2887 4209 ab
2915 4155 2981 4210 iis
3032 4156 3221 4211 saltem
3268 4150 3363 4226 qui

143 4245 182 4301 in
208 4243 499 4315 hujosmodi
541 4250 699 4305 rebus
747 4266 855 4305 non
891 4254 1132 4323 hospites
1166 4255 1384 4325 penitus
1421 4271 1485 4316 ac
1533 4254 1804 4326 peregrini
1850 4262 2024 4318 erant,
2064 4261 2455 4323 exspectatam,
2500 4267 2597 4322 per
2640 4266 2827 4307 omnes
2863 4251 3093 4322 populos
3135 4250 3230 4307 Dei
3264 4266 3363 4307 no--

140 4336 273 4392 titiam
294 4343 651 4408 annuntiavit,
682 4351 740 4397 ut
761 4346 1064 4414 priscorum
1094 4347 1309 4403 illorum
1332 4364 1492 4405 voces
1521 4348 1894 4405 consentiente
1922 4362 2147 4418 operum
2177 4346 2417 4417 ipsorum
2449 4346 2601 4400 exitu
2648 4348 3047 4414 comprobaret.

201 4428 341 4482 Ἀλλά
374 4430 429 4483 τί
461 4430 565 4503 χρὴ
597 4432 864 4497 σπεύδειν,
893 4434 1162 4503 φθάνοντα
1188 4441 1254 4511 τῇ
1274 4440 1548 4513 προθυμίᾳ
1578 4441 1675 4513 τὴν

1854 4437 2055 4492 Verum
2081 4439 2225 4492 enim
2264 4452 2413 4502 vero,
2439 4453 2703 4505 quorsum
2737 4438 2899 4493 nimis
2930 4440 3153 4494 incitato
3185 4440 3354 4496 animi

140 4517 223 4571 τῶν
241 4520 315 4574 διὰ
341 4524 434 4575 τοῦ
484 4524 645 4593 μέσου
670 4524 842 4595 λόγων
878 4528 1198 4585 ἀκολουθίαν
1218 4572 1233 4597 ,
1278 4532 1565 4586 ἀναλαϐεῖν
1614 4534 1673 4600 ἐξ

1792 4530 2060 4601 gestientis
2090 4530 2292 4600 impetu
2324 4538 2712 4599 congruentem
2752 4530 3086 4586 iutermediae
3116 4533 3359 4602 disputa-

140 4612 348 4684 ὑπαρχῆς
377 4616 518 4680 δέον,
556 4617 647 4669 καὶ
671 4618 739 4671 τὰ
772 4620 1019 4690 ἐμποδὼν
1041 4622 1254 4676 ἅπαντα
1280 4624 1668 4693 διαλύσασθαι;

148 4701 325 4776 Ἐπειδὴ
372 4709 480 4779 γὰρ
516 4710 605 4761 τὸν
629 4710 1052 4782 Χριστιανισμόν
1102 4731 1245 4777 τινες
1292 4714 1480 4768 οὐδένα
1514 4716 1668 4785 λόγον

140 4793 414 4864 ἀποσώζειν,
452 4799 630 4871 ἀλόγῳ
654 4800 714 4853 δὲ
755 4803 933 4856 πίστει
966 4804 1062 4857 καὶ
1090 4805 1429 4875 ἀνεξετάστῳ
1462 4790 1667 4876 συγκα-

137 4887 309 4942 ταοέσει
328 4894 449 4956 τοὺς
467 4895 835 4966 προσηγορίας
859 4897 1174 4968 ἐφιεμένους
1194 4900 1253 4952 τὸ
1272 4899 1428 4966 δόξαν
1462 4900 1660 4973 κυροῦν

141 4979 448 5053 ὑπειλήφασιν
468 5000 479 5013 ·
518 4987 681 5057 μηδὲν
712 4988 1009 5055 φάσκοντες
1046 4990 1301 5044 δύνασθαι
1334 4991 1658 5056 ἀποδείξεως

138 5071 319 5143 ἐναργὲς
343 5078 598 5148 παρέχειν
640 5082 934 5152 τεκμήριον
954 5082 1052 5152 τῆς
1069 5085 1126 5136 ὲν
1152 5086 1263 5149 τοῖς
1283 5084 1656 5155 ἑπαγγελομέ-

140 5179 221 5228 νοις
250 5168 504 5239 ἀληθείας,
532 5170 708 5223 πίστει
730 5171 785 5223 δὲ
816 5172 950 5245 μόνῃ
990 5175 1278 5245 προσέχειν
1322 5159 1502 5240 ἀξιοῦν
1528 5175 1653 5238 τοὺς

144 5262 441 5328 προσιόντας·
492 5264 673 5335 παρ’ὃ
703 5264 795 5317 καὶ
842 5267 1066 5331 πιστοὺς
1122 5266 1497 5339 χρηματίζειν,
1552 5266 1653 5336 τῆς

142 5348 314 5420 ἀκρίτου
363 5356 517 5427 χάριν
566 5358 659 5410 καὶ
712 5358 1071 5412 ἀϐασανίστου
1120 5360 1381 5424 πίστεως·
1431 5359 1654 5423 εἰκότως

142 5442 209 5497 ἐπὶ
223 5448 355 5518 τήνδε
383 5451 567 5515 καθεὶς
589 5454 686 5525 τὴν
716 5455 1098 5525 πραγματείαν
1120 5456 1219 5527 τῆς
1246 5454 1653 5527 Εὐαγγελικῆς

143 5536 460 5609 ἀποδείξεως,
480 5546 559 5607 είς
586 5547 1033 5617 προκατασκευὴν
1053 5548 1150 5619 τῆς
1171 5546 1297 5619 ὅλης
1323 5548 1651 5614 ὑποθέσεως,

195 5653 207 5682 ¹
239 5652 272 5707 ll
293 5654 407 5710 Cor.
434 5675 486 5720 ν,
518 5660 602 5715 19.
679 5664 699 5693 ³
738 5660 839 5717 lsa.
878 5678 1007 5731 Lvu,
1042 5659 1131 5718 19.

1776 4622 1941 4678 tionis
1973 4624 2241 4689 ordinem,
2276 4631 2329 4677 et
2362 4622 2807 4691 consequentiam
2844 4638 3198 4693 occupamus,
3227 4640 3352 4679 cum

1773 4730 1886 4769 rem
1915 4730 1945 4769 a
1976 4715 2153 4785 capite
2182 4731 2480 4780 arcessere,
2508 4730 2737 4784 quaeque
2767 4714 2925 4769 nobis
2945 4714 3355 4770 incommodare

1770 4817 1999 4879 possunt
2025 4809 2209 4863 omnia
2240 4808 2571 4864 summoveri
2601 4808 2751 4878 prius
2786 4823 2850 4863 ac
2872 4808 3039 4862 refelli
3071 4811 3354 4877 oporteat?

1768 4899 1902 4954 Nam
1956 4916 2079 4955 cum
2133 4902 2237 4955 hoc
2296 4899 2543 4955 nonnulli
2583 4914 2902 4969 persuasum
2948 4900 3202 4965 habeant,
3238 4901 3350 4957 dis-

1765 4993 1977 5063 ciplina:
2017 4991 2345 5048 Christiana:
2402 4991 2798 5061 professionem
2848 4990 2995 5044 nulla
3038 5006 3200 5063 posse
3260 5010 3349 5049 ra-

1766 5086 1908 5141 tione
1954 5084 2192 5149 defendi,
2226 5084 2319 5139 sed
2360 5084 2452 5153 qui
2492 5102 2689 5141 nomen
2736 5084 2867 5139 illud
2908 5086 3343 5154 amplectantur,

1758 5192 1853 5232 eos
1893 5176 2038 5247 quod
2082 5176 2250 5231 semel
2299 5177 2471 5231 visum
2514 5175 2705 5242 fuerit,
2752 5175 3150 5232 inconsiderata
3204 5179 3339 5243 ﬁde,

1760 5271 2159 5342 negligentique
2198 5269 2253 5342 4
2292 5286 2355 5326 ac
2403 5272 2689 5326 temeraria
2744 5272 2977 5340 quadam
3022 5274 3341 5330 assensione

1760 5364 2145 5432 comprobare;
2192 5363 2438 5433 adeoque
2480 5371 2812 5427 asscverent,
2852 5364 2945 5433 qui
2978 5380 3096 5419 sese
3127 5366 3194 5419 ad
3235 5365 3339 5420 hoc

1760 5454 2070 5509 institutum
2117 5456 2493 5526 aggregarint,
2535 5455 2758 5509 evidens
2810 5466 3126 5528 certumque
3174 5472 3337 5529 argn-

1760 5558 2006 5604 mentum
2032 5549 2231 5603 habere
2255 5549 2487 5615 nullum,
2516 5564 2627 5615 quo
2653 5564 2837 5606 rerum
2860 5567 2983 5622 qua:
3011 5552 3335 5622 promittun-

1212 5662 1233 5693 ⁸
1270 5661 1359 5717 Ps.
1392 5678 1504 5728 xxI,
1532 5661 1621 5717 28.
1700 5662 1721 5694 ’⁵
1760 5662 1850 5719 Ps.
1884 5681 2005 5731 xcv,
2036 5664 2117 5719 10.
2194 5664 2215 5695 ⁸
2260 5662 2426 5733 Soph.
2462 5679 2521 5728 ιι,
2556 5664 2640 5719 11.

286 5746 381 5831 Ero
411 5752 438 5803 ὁ
459 5753 737 5831 ,Χριστοιξ-
764 5755 954 5831 Λόγος,
994 5755 1158 5811 Mont.
1183 5826 1192 5831 _
1214 5756 1315 5825 leg.
1349 5757 1583 5814 Χριστὸς
1609 5758 1638 5810 ὁ
1680 5775 1688 5789 ι

1805 5757 1938 5819 Θεοῦ
1966 5758 2157 5831 Λόγος,
2194 5758 2408 5825 melius,
2440 5765 2499 5814 ut
2534 5758 2765 5815 videtur.

197 5812 255 5887 (ι)
286 5815 378 5875 Pro
406 5812 661 5896 πέφηνεν,
690 5812 863 5882 Μοιιιί
893 5812 995 5897 leg.
1032 5812 1377 5898 πεφοίτηκεν.
