3948 6376
516 290 585 347 sv
1184 291 1453 349 susseu
1490 288 1967 347 CESARIENSIS
2002 288 2151 346 opp.
2191 275 2374 343 PARS
2404 268 2469 335 ll.
2511 317 2581 331 _
2607 285 3105 347 APOLOGETICA.
3674 312 3737 367 εκ

520 414 608 460 tur
650 403 928 460 veritatem
980 406 1375 471 demonstrent,
1430 422 1615 461 verum
1653 406 1723 461 ad
1768 421 1933 461 unam
1965 414 2088 461 tan-

2208 400 2571 499 ijvoﬁpat‘oel’v
2613 405 2824 499 βραχέα
2859 402 3239 499 προδιαλαϐεῐν
3275 409 3402 479 περὶ
3448 416 3555 469 τῶν
3591 420 3742 499 (nm.

522 497 802 550 tummodo
832 495 991 550 ﬁdem
1025 496 1398 552 adhaerescere
1426 498 1580 561 velle,
1611 498 1941 568 eosdemque
1967 513 2092 569 pro-

522 597 642 657 pter
676 587 836 642 istam
886 588 1037 642 nullo
1076 588 1269 658 judicii
1309 588 1565 659 nulloque
1588 589 1816 646 rationis
1844 590 2092 646 examine

519 688 840 733 attentatam
876 680 1328 749 exploratamque
1362 680 1521 734 ﬁdem
1542 720 1557 746 ,
1587 681 1772 737 ﬁdeles
1797 682 1959 752 vulgo
1992 695 2093 735 no-

519 769 759 825 minari:
787 771 913 840 jure
945 787 1076 827 sane
1107 787 1171 827 ac
1216 772 1412 827 merito
1444 771 1689 830 facturus
1733 773 1868 827 mihi
1915 770 2093 843 opera:

516 862 751 931 pretium
778 862 984 929 videor,
1033 864 1082 918 si
1130 878 1253 918 eum
1294 864 1362 918 ad
1395 864 1498 919 hoc
1522 866 1830 935 evangelica
1857 864 2091 922 Demon-

519 952 795 1005 strationis
828 966 966 1023 opus
992 952 1293 1021 aggrediar,
1331 966 1504 1021 pauca
1536 952 1839 1007 sternenda:
1865 968 1929 1007 ac
1950 968 2088 1023 prae-

518 1043 829 1099 muniendae
863 1043 932 1098 ad
975 1044 1284 1098 universam
1334 1044 1475 1099 banc
1521 1044 1941 1115 disputationem
1992 1044 2095 1099 via:

519 1136 693 1206 gratia
726 1137 793 1192 de
842 1137 1003 1192 rebus
1051 1136 1119 1191 iis
1150 1148 1277 1190 ante
1326 1137 1603 1207 deﬁniam,
1633 1138 1701 1193 de
1748 1136 1949 1207 quibus
1978 1145 2090 1191 tum

521 1229 717 1297 Grzeci,
753 1240 866 1286 tum
898 1229 993 1299 qui
1027 1230 1497 1287 circumcisionem
1540 1230 1881 1300 proﬁtentur,
1915 1237 2009 1284 aut
2046 1229 2093 1284 si

519 1324 612 1393 qui
642 1332 896 1393 praeterea
926 1322 1238 1391 diligentius
1265 1322 1597 1392 propiusque
1644 1336 1730 1375 res
1756 1327 1976 1375 nostras
2006 1320 2093 1374 in-

521 1416 729 1485 spicere
760 1430 825 1469 ac
850 1414 1085 1470 scrutari
1112 1415 1298 1479 velint,
1320 1415 1522 1484 justam
1552 1414 1710 1469 nobis
1737 1413 2090 1485 qumstionem

2194 494 2395 549 θέντων
2432 493 2497 549 ἂν
2534 496 2668 562 πρὸς
2697 498 2845 568 ἡμᾶς
2873 495 3108 563 εὐλόγως
3135 496 3238 549 ὑπό
3263 515 3323 551 τε
3360 502 3637 577 Ἑλλήνων.
3657 493 3741 574 καὶ

2191 585 2302 641 τῶν
2352 587 2417 641 ἐκ
2462 589 2761 659 περιτομῆς
2785 629 2800 653 ,
2856 587 3055 651 παντός
3089 604 3147 639 τε
3196 586 3291 640 τοῦ
3328 595 3466 660 μετά
3501 599 3745 673 ἀκριϐοῦς

2193 678 2491 773 ἐξετάσεως
2513 679 2607 773 τὰ.
2626 678 2747 773 καθ’
2782 681 2933 773 ημᾶς
2950 679 3392 773 διερευνωμένου,
3429 685 3609 765 Ταύτῃ
3648 699 3744 773 γάρ

2197 786 2285 839 μοι
2310 769 2450 823 δοκῶ
2478 770 2569 823 τὸν
2596 769 2751 837 λόγον
2783 770 2841 823 ἐν
2874 768 3026 835 τάξει
3049 771 3318 837 χωρήσειν
3347 772 3426 835 εἰς
3466 774 3562 846 τὴν
3609 768 3747 837 ιντεζ.

2194 860 2451 933 λεστέραν
2466 861 2567 931 τῆς
2583 859 2953 930 Εὑαγτελικῆ
2960 881 2992 926 ς
3016 856 3380 926 ἀποδείξεως
3398 862 3745 939 διδασκαλίαν,

2193 952 2276 1017 είς
2321 971 2381 1006 τε
2436 952 2535 1025 τὴν
2590 952 2697 1006 τῶν
2737 951 3047 1023 βαρυτέρων
3090 949 3376 1020 δογμάτων
3418 960 3745 1030 κατανόησιν,

2193 1048 2241 1100 εἰ
2269 1047 2338 1100 τὰ
2361 1047 2458 1118 τῆς
2482 1045 2945 1119 προπαρασκευῆς
2961 1046 3091 1115 ἡμῖν
3112 1044 3218 1115 πρὸ
3242 1043 3362 1098 ὁδοῦ
3385 1046 3609 1115 γένοιτο,
3629 1070 3750 1109 στοι-

2194 1155 2252 1207 χε
2262 1137 2463 1201 ιώσεως
2501 1138 2595 1191 καὶ
2626 1136 2933 1207 εἰσαγωγῆς
2955 1134 3219 1206 ἐπέχοντα
3240 1134 3428 1201 τόπον,
3459 1141 3552 1193 καὶ
3576 1147 3680 1208 τοῖς
3698 1149 3750 1213 ἐξ

2195 1228 2362 1282 ἐθνῶν
2400 1229 2525 1301 ἄρτι
2577 1229 2892 1301 προσιοῦσιν
2936 1227 3387 1299 ἐφαρμόττονταο-
3425 1230 3493 1282 τὰ
3536 1232 3590 1285 δὲ
3626 1238 3750 1304 μετά

2193 1321 2364 1374 ταῦτα
2389 1360 2405 1383 ,
2440 1323 2553 1384 τοῖς
2597 1322 2811 1374 ἐνθένδε
2841 1320 3218 1391 διαϐεϐηκόσι,
3265 1320 3363 1372 καὶ
3405 1320 3502 1390 τὴν
3521 1322 3630 1387 ἕξιν
3659 1329 3750 1401 ἢδη

2197 1412 2732 1484 παρεσκευασμένοις
2780 1413 2859 1474 εἰς
2900 1410 2999 1482 τὴν
3029 1410 3138 1463 τῶν
3178 1411 3503 1481 κρειττόνων
3536 1416 3753 1485 παραδο-

520 1522 741 1563 movere
774 1522 937 1575 posse
981 1506 1286 1561 videantur.
1320 1506 1529 1561 Etenim
1562 1505 1642 1561 sic
1682 1505 1959 1570 existimo,
1994 1520 2095 1561 no-

2208 1504 2316 1574 (ὴν,
2359 1504 2456 1575 τὴν
2502 1504 2703 1574 ἀκριϐῆ
2730 1502 2929 1571 γνῶσιν
2958 1499 3297 1573 παραδώσειν
3323 1501 3422 1572 τῆς
3443 1519 3754 1560 συνεκτικω-

520 1608 693 1653 strum
738 1598 881 1652 hunc
937 1613 1246 1652 sermonem
1304 1596 1370 1651 ad
1421 1596 1795 1667 perlectiorem
1861 1595 2090 1651 Demon-

2208 1595 2361 1665 ιάτης
2393 1596 2534 1651 κατά
2572 1594 2663 1648 τὸν
2714 1594 2941 1665 Σωτῆρα
2986 1595 3079 1648 κόιί⁵
3118 1592 3323 1665 Κύριον
3370 1592 3528 1663 ἡμῶν
3566 1595 3755 1665 Ἰησοῦν

520 1690 791 1743 errationis
830 1690 1139 1758 evangelica:
1175 1688 1500 1755 doctrinam,
1530 1687 1951 1757 graviorumque
1997 1687 2095 1742 do-

2208 1689 2429 1761 Kptcrrbv
2471 1689 2559 1742 τὸν
2598 1687 2732 1741 Θεὸν
2770 1686 3036 1759 μυστικῆς
3078 1684 3388 1757 οἰκονομίας
3426 1686 3524 1757 (5).
3568 1688 3755 1759 Ἀρξώ-

518 1792 764 1851 gmatum
800 1754 1207 1852 intelligentiam
1250 1781 1325 1835 ita
1355 1780 1573 1835 demum
1615 1779 1963 1839 convenienti
2004 1794 2093 1833 or-

2208 1754 2336 1850 μεθα
2363 1780 2420 1833 δὲ
2446 1780 2546 1850 τῆς
2583 1754 3115 1847 Προπαρασκευῆς,
3146 1778 3214 1832 τὰ
3260 1754 3401 1847 πρὸς
3435 1754 3578 1848 ἡμᾶς

519 1873 649 1928 diue
684 1888 1093 1941 processurum,
1125 1873 1168 1929 si
1205 1888 1328 1943 quae
1359 1872 1425 1927 ad
1464 1872 1912 1942 praeparationem
1946 1871 2093 1927 illam

2208 1891 2310 1941 γως
2343 1873 2447 1928 ὑπό
2477 1890 2537 1926 τε
2580 1871 2865 1944 Ἑλλήνων,
2908 1871 3129 1925 καὶτῶν
3161 1872 3225 1924 ἐκ
3253 1870 3557 1941 περιτομῆς
3578 1912 3593 1934 ,
3634 1889 3758 1926 παν⁹

519 1966 812 2033 pertinent,
845 1965 990 2019 viam
1028 1964 1187 2020 nobis
1228 1964 1561 2034 aperuerint,
1599 1964 1799 2034 quippe
1837 1977 1959 2032 qua:
1987 1962 2095 2031 pri-

2208 1966 2294 2030 τός
2331 1983 2391 2019 τε
2423 1965 2517 2020 τοῦ
2559 1964 2697 2036 μετὰ
2738 1963 2998 2037 ἀκριϐοῦς
3036 1962 3336 2030 ἐξετάσεως
3371 1962 3439 2016 τὰ
3477 1962 3598 2019 καθ’
3626 1964 3757 2033 ἡμᾶς

522 2072 739 2111 morum
792 2056 1186 2112 elementorum
1243 2071 1309 2111 ac
1359 2055 1621 2111 facilioris
1674 2053 2097 2113 introductionis

2208 2056 2625 2128 διερευνωμένου
2652 2055 3021 2127 λεχθησόμενα
3051 2054 3439 2125 προσάγοντες.

522 2150 643 2205 loco
696 2150 879 2205 futura
910 2150 1040 2215 sint,
1091 2149 1370 2220 magisque
1403 2148 1472 2204 ad
1508 2164 1697 2205 earum
1752 2148 2016 2220 gentium,
2052 2166 2174 2221 qua:
2213 2165 2385 2220 nuper
2437 2150 2503 2206 ad
2559 2164 2660 2205 nos
2720 2164 3030 2215 accessere,
3069 2157 3287 2218 captum
3343 2146 3751 2203 accommodata.

523 2248 724 2302 Deinde
776 2262 924 2315 vero,
974 2247 1137 2301 simul
1175 2256 1337 2317 atque
1381 2245 1696 2317 huiusmodi
1752 2246 2059 2305 rudimenta
2116 2250 2444 2318 superarint,
2498 2247 2849 2317 habitumque
2893 2244 3087 2301 mentis
3133 2244 3200 2299 ad
3256 2242 3465 2313 majora
3509 2242 3760 2311 capienda

520 2339 689 2410 probe
732 2339 1118 2409 compararim,
1171 2338 1495 2408 exquisitam
1548 2337 1681 2408 ipsis
1734 2353 1924 2394 eorum
1980 2340 2345 2411 cognitionem
2390 2341 2686 2406 trademus,
2744 2353 2868 2410 quae
2915 2339 2983 2394 ad
3019 2335 3432 2408 perfectissimae
3473 2343 3760 2403 caeteraque

519 2433 705 2489 omnia
742 2434 1037 2503 complexa:
1074 2432 1203 2489 Jesu
1243 2433 1446 2490 Christi
1504 2434 1807 2490 Servatoris
1862 2450 1926 2490 ac
1977 2435 2195 2491 Domini
2247 2436 2449 2509 Deique
2504 2437 2677 2493 nostri
2724 2436 3043 2495 oeconomiae
3105 2432 3365 2505 mysteria
3409 2429 3755 2516 pertinebunt.

522 2526 673 2584 Hanc
705 2528 869 2599 igitur
892 2528 1341 2598 Praeparationem
1372 2531 1441 2586 ab
1477 2531 1543 2586 iis
1576 2533 1941 2601 auspicemur,
1996 2549 2117 2605 qua:
2154 2545 2263 2590 tam
2319 2551 2351 2589 a
2379 2534 2600 2601 Graecis,
2631 2550 2797 2605 quam
2842 2548 2874 2588 a
2908 2530 3111 2591 ludatis
3145 2544 3211 2585 ac
3239 2527 3468 2598 reliquis
3497 2525 3757 2591 omnibus,

516 2621 617 2693 qui
658 2622 911 2679 subtilius
943 2624 997 2678 in
1026 2639 1208 2680 mores
1249 2626 1666 2697 institutumque
1698 2636 1947 2684 nostrum
1996 2630 2301 2701 inquirunt,
2333 2630 2749 2688 commemorari
2774 2637 3015 2700 possent.

1146 2739 1374 2796 CAPUT
1432 2742 1497 2798 Il.

524 2850 781 2917 Quwnam
829 2854 979 2925 vulgo
1003 2855 1189 2927 nobis,
1239 2858 1327 2927 qui
1356 2873 1437 2911 res
1469 2867 1678 2915 nostras
1720 2861 2095 2925 criminantur,

1069 2925 1293 2996 objicere
1325 2928 1551 2983 soleant.

596 3036 673 3091 Ac
698 3036 933 3107 primum
947 3036 1167 3108 quidem
1196 3054 1305 3094 non
1319 3039 1436 3095 sine
1449 3056 1615 3096 causa
1630 3040 1907 3112 quaesierit
1923 3056 1988 3096 ex
2003 3055 2101 3095 no-

524 3129 608 3185 bis
621 3130 911 3200 quispiam,
926 3130 1183 3201 quidnam
1198 3131 1478 3187 hominum
1493 3132 1666 3189 simus
1678 3133 1769 3202 qui
1783 3132 1848 3187 ad
1863 3132 1965 3187 hoc
1976 3133 2105 3187 scri—

2733 2745 3127 2809 ΚΕΦΑΛΑΙΟΝ
3164 2742 3240 2799 B'.

2214 2860 2354 2921 Τίνα
2390 2858 2543 2937 πρὸς
2562 2856 2717 2937 ἡμᾶς
2738 2857 3000 2937 σιξγηᾷές
3018 2858 3150 2937 ὲοςτι
3178 2854 3380 2937 λέγεις
3404 2854 3529 2921 τοῖς
3560 2852 3625 2907 τὰ
3643 2851 3759 2908 καθ’

2488 2928 2644 3005 ἡμᾶς
2682 2928 3028 2983 διαϐάλλειν
3065 2928 3493 2995 ἐπιχειροῦσιν.

2278 3041 2500 3117 Πρῶτον
2656 3041 2767 3113 γὰρ
2796 3040 3021 3104 εἰκότως
3043 3040 3107 3095 ἄν
3133 3057 3215 3104 τις
3238 3038 3605 3110 διαπορήσειε,
3630 3036 3762 3098 τινες

2206 3135 2359 3198 ὄντες
2397 3135 2489 3187 ἐπὶ
2517 3134 2615 3205 τὴν
2638 3132 2852 3205 γραφὴν
2884 3130 3333 3204 παρεληλύθαμεν
3359 3148 3373 3160 ο
3400 3130 3617 3200 πότερον
3646 3124 3762 3179 ’Ἑλ-

526 3221 687 3276 bendi
702 3236 873 3295 genus
887 3222 1245 3276 accedamus:
1267 3221 1508 3278 Graecine
1526 3239 1593 3277 an
1614 3224 1855 3279 barbari?
1870 3233 1962 3279 aut
1975 3224 2103 3294 quid

2208 3225 2366 3297 ληνες
2398 3225 2431 3297 ἢ
2469 3223 2766 3301 βάρϐαροι;
2817 3223 2934 3295 ἢτί
2984 3224 3049 3277 ἂν
3078 3222 3287 3293 γένοιτο
3331 3220 3535 3275 τούτων
3577 3216 3759 3289 μέσονς

525 3312 669 3368 inter
688 3323 949 3383 utrosque
971 3314 1208 3369 medium
1236 3329 1356 3369 esse
1382 3324 1545 3385 queat
1567 3315 1590 3369 ?
1610 3315 1799 3386 quales
1820 3331 1984 3386 porro
2007 3331 2106 3372 nos

527 3421 647 3461 esse
665 3405 1038 3476 proﬁteamur,
1062 3422 1166 3460 non
1192 3406 1381 3476 utique
1407 3408 1647 3475 nomine,
1671 3410 1814 3478 quod
1832 3409 1943 3479 jam
1962 3407 2105 3479 apud

528 3513 719 3554 omnes
738 3498 1015 3569 vulgatum
1033 3506 1136 3565 est,
1156 3499 1250 3553 sed
1278 3514 1491 3554 morum
1514 3500 1740 3571 vitaque
1763 3501 2107 3557 rationibus?

529 3588 741 3659 Quippe
768 3604 827 3644 se
852 3603 1028 3658 neque
1058 3588 1371 3643 Graecorum
1404 3589 1546 3659 apud
1586 3605 1687 3646 nos
1723 3591 1883 3658 ritus,
1929 3607 2107 3662 neque

532 3680 584 3754 5
615 3681 977 3737 Barbarorum
1032 3692 1235 3736 sectam
1289 3681 1457 3736 ullam
1510 3681 1728 3737 intueri.
1780 3682 1924 3750 Quid
1974 3699 2105 3756 ergo

532 3774 660 3833 novi
692 3773 962 3845 professio
995 3783 1183 3831 nostra
1216 3774 1319 3828 sit?
1347 3783 1442 3829 aut
1470 3790 1720 3846 quamam
1754 3776 1871 3833 haec
1898 3792 2106 3849 nupera

534 3868 752 3925 vivendi
790 3873 1019 3927 norma?
1061 3872 1267 3929 Deinde
1300 3884 1454 3936 vero,
1487 3868 1613 3938 quis
1653 3884 1755 3927 nos
1802 3878 1857 3926 et
1888 3885 2107 3926 summe

535 3958 736 4031 impios
762 3976 906 4029 esse,
944 3972 1000 4019 et
1029 3962 1375 4019 Divinitatem
1414 3963 1661 4019 funditus
1694 3961 1982 4019 sustulisse
2012 3978 2109 4019 ne-

538 4060 645 4123 get,
688 4054 782 4124 qui
819 4070 999 4111 mores
1033 4056 1239 4128 patrios
1270 4056 1694 4124 deseruerimus,
1727 4070 1964 4126 quorum
2008 4055 2107 4111 ob-

539 4146 814 4201 servantia
839 4148 1022 4203 nullus
1043 4164 1151 4204 non
1183 4148 1437 4219 populus,
1464 4164 1571 4203 non
1595 4148 1787 4204 civitas
1812 4156 1937 4203 ante
1959 4148 2105 4203 nulla

540 4236 959 4293 continebatur?
992 4238 1285 4307 Przeterea,
1339 4241 1471 4311 quid
1525 4240 1835 4296 hominibus
1886 4240 1993 4296 illis
2040 4240 2108 4295 ad

540 4343 691 4397 spem
743 4330 905 4384 ullius
938 4330 1065 4386 boni
1110 4333 1449 4397 ostendatur,
1499 4333 1591 4403 qui
1637 4332 1958 4388 tutelaribus
2004 4333 2107 4389 diis

539 4419 741 4476 bellum
774 4423 1167 4489 denuntiarint,
1203 4440 1453 4496 quosque
1490 4434 1568 4480 tot
1593 4426 1980 4481 beneﬁciorum
2010 4441 2111 4481 au-

539 4519 720 4567 ctores
751 4512 970 4577 habent,
1006 4514 1387 4585 repudiarint?
1418 4512 1559 4570 Nam
1595 4516 1727 4587 quid
1767 4518 1836 4571 ab
1866 4517 1932 4573 iis
1962 4516 2110 4573 aliud

540 4602 678 4668 ﬁeri,
705 4620 867 4675 quam
902 4621 1027 4660 cum
1051 4606 1157 4661 diis
1186 4606 1319 4677 ipsis
1345 4607 1577 4679 pugnari
1597 4606 1923 4674 dicas?Qua
1944 4624 2109 4680 porro
2140 4592 2185 4646 D

542 4695 697 4749 venia
730 4694 925 4765 dignos
958 4694 1093 4761 fore,
1134 4697 1227 4766 qui
1270 4712 1396 4752 cum
1442 4697 1511 4752 ab
1541 4713 1735 4754 eorum
1777 4700 1927 4756 cultu
1957 4698 2109 4755 defe-

545 4787 740 4852 cerint,
793 4802 933 4857 quos
983 4789 1053 4844 ab
1095 4788 1275 4843 omnis
1311 4790 1411 4844 aevi
1465 4792 1732 4847 memoria
1780 4801 1893 4847 tam
1939 4792 2110 4848 Graeci

544 4890 707 4944 quam
762 4877 983 4933 barbari
1035 4880 1240 4949 passim
1292 4881 1557 4949 universi,
1616 4893 1726 4939 tam
1773 4885 1829 4939 in
1884 4886 2113 4941 urbibus

543 4984 706 5038 quam
733 4970 787 5024 in
817 4972 985 5041 agris,
1013 4972 1162 5027 omni
1187 4988 1490 5040 sacrorum,
1522 4976 1845 5046 religionum
1892 4992 1958 5034 ac
1995 4995 2113 5050 my-

545 5061 837 5115 steriorum
891 5079 1109 5132 genere,
1169 5067 1558 5138 communique
1600 5086 1789 5141 regum
1842 5071 2110 5139 omnium,

547 5150 977 5222 legumlatorum'
1003 5172 1068 5211 ac
1101 5156 1550 5227 philosophorum
1568 5162 1956 5231 approbatione
1975 5161 2113 5218 Deos

550 5242 935 5311 celebrarunt;
1001 5255 1116 5301 tum
1170 5262 1298 5301 vero
1352 5248 1619 5320 quidquid
1679 5251 1818 5307 inter
1865 5252 2113 5309 homines

547 5335 773 5405 impium
832 5350 897 5393 ac
946 5337 1050 5394 diis
1101 5339 1339 5395 invisum
1386 5349 1533 5405 erat,
1594 5341 1738 5398 ultro
1778 5343 2114 5417 delegerint?

545 5427 756 5494 Quibus
820 5434 1002 5483 autem
1056 5430 1092 5485 ii
1142 5432 1265 5502 jure
1328 5448 1439 5487 non
1495 5432 1856 5503 subjiciantur
1898 5435 2108 5505 poenis,

548 5520 643 5590 qui
681 5520 981 5591 patriorum
1012 5534 1295 5583 sacrorum
1337 5525 1663 5595 desertores,
1709 5527 2020 5599 peregrinas
2060 5538 2111 5584 et

2206 3316 2469 3379 καὶτίνας
2490 3316 2711 3378 ἑαυτοὺς
2745 3309 2880 3367 εἷναί
2906 3330 3085 3385 φαμεν
3110 3353 3124 3377 ,
3152 3313 3210 3366 οὐ
3246 3314 3342 3384 τὴν
3386 3307 3760 3386 προσηγορίαν.

2206 3408 2287 3461 δτι
2316 3408 2539 3471 καὶτοῖς
2574 3407 2738 3459 πᾶσιν
2767 3404 2985 3477 ἔκδηλος
3006 3404 3168 3476 αῦτη,
3187 3404 3323 3458 ἀλλά
3341 3405 3432 3458 τὸν
3458 3403 3653 3474 τρόπον
3677 3398 3763 3451 καί

2206 3498 2304 3569 τὴν
2334 3496 2649 3568 προαίρεσιν
2685 3496 2779 3548 τοῦ
2810 3495 2924 3566 βίου
2949 3512 2964 3561 ;
2988 3495 3111 3549 οὔτε
3131 3496 3239 3568 γὰρ
3265 3496 3332 3549 τὰ
3359 3495 3622 3567 Ἑλλήνων
3643 3506 3762 3561 φρο-

2206 3589 2430 3653 νοῦντας
2458 3590 2609 3661 ὀρᾷν,
2637 3588 2760 3641 οὐτε
2791 3588 2860 3641 τὰ
2902 3588 3192 3661 βαρϐάρων
3241 3587 3669 3659 ἐπιτηδεύοντας.
3703 3580 3761 3634 Τί

2206 3678 2300 3737 οὖν
2343 3681 2408 3736 ἂν
2442 3682 2648 3750 γένοιτο
2676 3681 2739 3733 τὸ
2761 3680 2881 3733 καθ’
2910 3682 3054 3752 ἡμᾶς
3084 3679 3251 3747 ξένον,
3293 3682 3386 3745 καὶ
3416 3680 3499 3744 τίς
3528 3680 3556 3732 ὁ
3587 3689 3766 3731 νεωτεο

2207 3774 2403 3847 ρισμὺς
2442 3773 2536 3827 τοῦ
2588 3773 2736 3846 βίους
2783 3773 2909 3837 Πῶς
2948 3758 2996 3826 δ’
3026 3773 3087 3828 οὐ
3135 3772 3471 3844 πανταχόθεν
3502 3766 3765 3827 δυσσεϐεῖς

2206 3867 2273 3922 ἂν
2304 3864 2412 3921 εἶεν
2432 3868 2533 3921 καὶ
2562 3867 2730 3932 ἄθεοι,
2760 3867 2810 3919 οἱ
2836 3864 2947 3919 τῶν
2984 3866 3226 3937 πατρίων
3252 3866 3390 3919 ἐθῶν
3427 3861 3765 3921 ἀποστάντες,

2206 3961 2274 4014 δι’
2298 3953 2374 4015 ὧν
2408 3962 2516 4014 πᾶν
2556 3960 2707 4023 ἔθνος
2733 3959 2827 4013 καὶ
2872 3960 3022 4013 πᾶσα
3064 3960 3219 4023 πόλις
3244 3959 3601 4031 συνέστηκεν;
3630 3953 3696 4005 Ἥ
3722 3948 3768 4001 τί

2209 4053 2374 4108 καλὸν
2401 4053 2616 4107 ἐλπίσαι
2650 4052 2795 4117 εἰκὸς
2820 4053 2948 4118 τοὺς
2976 4052 3087 4107 τῶν
3125 4052 3403 4125 σωτηρίων
3439 4047 3662 4121 ἐχθροὺς
3685 4042 3769 4097 καὶ

2212 4146 2502 4218 πολεμίους
2567 4147 2963 4211 καταστάντας,
3008 4146 3104 4201 καὶ
3142 4147 3268 4210 τοὺς
3310 4144 3604 4217 εὐεργέτας
3643 4153 3770 4207 παρ’

2208 4241 2554 4313 ωσαμένους;
2586 4241 2696 4295 Καὶ
2718 4240 2771 4293 τί
2791 4240 2899 4313 γὰρ
2926 4240 3071 4304 ἄλλο,
3096 4239 3128 4311 ἢ
3155 4239 3583 4310 θεομαχοῦντας;
3622 4230 3767 4291 ποίας

2209 4334 2265 4389 δὲ
2295 4334 2390 4387 καὶ
2420 4331 2817 4406 ἀξιωθήσεσθαι
2850 4331 3175 4404 συγγνώμης
3205 4332 3331 4396 τοὺς
3371 4330 3429 4397 ἐξ
3459 4329 3649 4389 αἰῶνος
3682 4322 3770 4393 μὲν

2214 4426 2363 4498 παρὰ
2395 4428 2560 4481 πᾶσιν
2591 4426 2815 4497 Ἕλλησι
2852 4426 2947 4481 καὶ
2978 4424 3295 4497 βαρϐάροις,
3323 4424 3466 4479 κατά
3497 4439 3556 4476 τε
3601 4417 3772 4477 πόλεις

2214 4520 2308 4573 καὶ
2339 4519 2541 4591 ἀγροὺς
2569 4519 2842 4583 παντοίοις
2874 4519 3037 4588 ἱεροῖς
3064 4517 3155 4571 καὶ
3185 4517 3425 4581 τελεταῖς
3456 4514 3547 4569 καὶ
3582 4523 3773 4583 μυστη-

2217 4612 2349 4683 ρίοις
2382 4612 2517 4683 πρὸς
2563 4612 2815 4667 ἀπάντων
2857 4610 2992 4682 ὁμοῦ
3036 4609 3296 4681 βασιλέων
3332 4626 3393 4662 τε
3428 4610 3522 4664 καὶ
3558 4600 3771 4677 νομοθε-

2214 4703 2321 4756 τῶν
2350 4705 2442 4757 καὶ⁵
2484 4702 2785 4772 φιλοσόφων
2826 4702 3272 4773 θεολογουμένους
3314 4696 3771 4781 ἀποστραφέντας,

2219 4794 2504 4865 ἑλομένους
2539 4794 2595 4848 δὲ
2629 4795 2699 4848 τὰ
2722 4795 2892 4865 ἀσεϐῆ
2922 4796 3017 4849 καὶ
3059 4794 3192 4848 ἄθεα
3224 4792 3332 4848 τῶν
3361 4795 3417 4847 ἐν
3445 4788 3772 4863 ἀνθρώποις;

2216 4887 2404 4951 Ποίαις
2440 4887 2482 4939 δ’
2523 4887 2624 4941 οὐκ
2669 4888 2734 4942 ἂν
2773 4889 2995 4953 ἐνδίκως
3027 4887 3378 4959 ὐποϐληθεῖεν
3401 4884 3709 4957 τιμωρίαις,
3730 4874 3775 4928 οί

2214 4978 2322 5032 τῶν
2353 4979 2448 5049 μὲν
2480 4978 2722 5051 πατρίων
2752 4980 2984 5050 φυγάδες
3004 5020 3017 5043 ,
3058 4979 3166 5032 τῶν
3196 4978 3240 5031 δ’
3266 4979 3485 5031 ὀθνείων
3519 4976 3609 5030 καὶ
3635 4963 3775 5040 παρά

2217 5072 2349 5124 πᾶσι
2388 5071 2827 5144 διαϐεϐλημένων
2866 5073 3169 5127 Ἰουδαϊκῶν
3205 5070 3662 5143 μυθολογημάτων
3686 5078 3774 5131 γε-

2215 5163 2430 5234 νόμενοι
2478 5162 2750 5236 ζηλωταί;
2799 5164 2915 5229 πῶς
2951 5165 2998 5219 δ’
3030 5166 3091 5219 οὐ
3142 5163 3440 5236 μοχθηρίας
3487 5160 3621 5216 εἶναι
3684 5151 3773 5208 καὶ

2216 5254 2496 5325 εὐχερείας
2537 5255 2805 5326 ἐσχάτης,
2845 5254 2906 5309 τὸ
2952 5254 3274 5326 μεταθέσθαι
3318 5256 3415 5325 μὲν
3453 5252 3684 5311 εὐκόλως
3712 5241 3776 5295 τὰ

2214 5343 2324 5397 τῶν
2359 5344 2594 5411 οἰκείων,
2629 5346 2805 5418 ἀλόγῳ
2826 5346 2883 5401 δὲ
2904 5346 2998 5400 καὶ
3024 5346 3360 5418 ἀνεξετάστῳ
3388 5346 3565 5400 πίστει
3588 5339 3655 5394 τὰ
3677 5332 3775 5390 τῶν

2217 5436 2488 5491 δυσσεϐῶν
2522 5440 2617 5494 καὶ
2664 5441 2827 5493 πᾶσιν
2869 5438 3045 5493 ἔθνεσι
3086 5438 3359 5510 πολεμίων
3392 5438 3634 5500 ἐλέσθαι;
3672 5424 3775 5484 Καὶ

2223 5529 2344 5602 μηδ’
2374 5530 2521 5602 αὐτῷ
2551 5531 2629 5603 τῷ
2655 5532 2805 5603 παρά
2846 5532 3116 5598 Ἰουδαίοις
3156 5534 3449 5605 τιμωμένῳ
3480 5529 3613 5602 Θεῷ,
3646 5517 3774 5579 κατὰ

592 5699 1123 5788 η(5)ᾼ(λίκοξοοέμιιῑς.Δ
1152 5702 1299 5761 Trita
1324 5717 1429 5763 vox
1453 5704 1594 5777 apud
1628 5702 1726 5763 SS.
1755 5703 1964 5775 Patres,
1990 5704 2103 5762 ἀντὶ

2208 5727 2242 5777 ης
2273 5711 2752 5788 ἐνανθρωπήσεως,
2787 5714 2880 5771 καὶ
2914 5714 3240 5788 σαρκώσεως
3290 5714 3381 5774 τοῦ
3420 5718 3589 5786 Λάγου
3613 5750 3628 5777 ,
3678 5702 3764 5761 καὶ

550 5770 657 5824 τῶν
687 5770 820 5843 πρὸς
848 5770 1032 5847 αὐτην.
