3948 6376
1387 324 1709 380 ΡΒΙΕΡΑΒ.
1751 322 2002 380 EVANG.
2034 324 2162 380 LIB.
2200 325 2239 378 1.

3366 334 3437 391 50

219 451 279 503 τὰ
310 446 424 518 παρ’
454 444 633 507 αὐτοῖς
678 442 1032 514 προσανέχειν
1071 441 1294 513 νόμιμα·
1335 441 1525 513 καινὴν
1554 441 1612 495 δέ
1641 458 1762 495 τινα

1877 441 2109 497 omnium
2144 442 2421 497 traductas
2441 440 2669 497 vocibus
2692 439 3007 497 Iudaeorum
3032 442 3242 501 fabulas
3264 461 3434 502 aemu-

219 541 298 595 le
324 538 521 609 ἐρήμην
546 534 761 587 ἀνοδίαν
791 535 999 595 ἑαυτοῖς
1031 535 1332 603 συντεμεῖν,
1361 534 1499 607 μήτε
1530 531 1597 585 τά
1644 532 1759 585 Ἑλ-

218 631 382 700 λήνων,
414 628 546 697 μήτε
567 625 637 680 τὰ
672 626 938 679 Ἰουδαίων
964 625 1365 695 φυλάττουσαν;

1865 533 2081 587 lentur?
2124 532 2259 599 Quis
2294 532 2420 588 item
2458 534 2563 590 hoc
2596 550 2826 591 summae
2853 536 3137 606 cujusdam
3172 537 3436 607 improbi-

1868 623 2000 679 tatis
2020 639 2085 679 ac
2106 624 2429 681 temeritatis
2454 642 2575 683 esse
2609 643 2716 685 non
2752 628 2950 695 videat,
2984 629 3285 684 amicorum
3328 644 3430 685 ne-

217 722 665 789 cessariorumque
713 735 893 775 mores
939 728 1103 791 atque
1136 720 1274 775 ritus
1319 718 1716 775 inconsiderate
1744 734 1808 775 ac
1848 719 2038 774 leviter
2093 719 2361 791 abjicere,
2415 736 2479 777 ac
2525 738 2645 779 sese
2686 723 2829 779 futili
2892 724 3125 795 quadam
3178 725 3438 797 nulloque

213 816 435 873 examine
475 815 710 883 probata
747 813 849 868 ﬁde
888 814 957 868 ad
1011 814 1291 868 hominum
1354 812 1668 883 impiorum,
1710 813 2049 883 populosque
2092 828 2282 871 omnes
2340 817 2520 873 hostili
2580 822 3023 890 prosequentium
3060 822 3186 877 odio
3232 834 3436 879 sectam

211 906 513 979 adjungere?
578 904 717 972 lmo,
752 921 822 961 ne
860 905 1027 960 Deum
1078 905 1298 977 quidem
1349 906 1527 986 ipsum
1559 923 1589 962 a
1621 905 1823 962 Judzeis
1860 906 2065 962 cultum
2121 923 2273 963 more
2310 910 2663 982 institutoque
2693 911 3003 969 Judzeorum
3032 917 3277 971 venerari
3303 934 3318 971 :
3343 915 3438 973 sed

214 1018 385 1060 novam
410 1017 473 1055 ac
494 1000 775 1056 desertam
809 1001 1125 1072 quamdam,
1169 1000 1263 1057 ubi
1310 1000 1519 1055 nullum
1576 1008 1671 1055 aut
1713 999 2027 1058 Graecorum
2068 1011 2163 1058 aut
2230 1003 2587 1059 barbarorum
2631 1007 2912 1078 vestigium
2959 1020 3235 1080 appareat,
3274 1012 3445 1068 semi-

217 1107 312 1154 tam
333 1094 617 1151 insistere?

269 1190 439 1246 Ταῦτα
472 1190 572 1260 μὲν
616 1185 714 1243 οὗν
761 1189 985 1253 είκότως
1024 1189 1090 1245 ἄν
1135 1206 1219 1253 τις
1258 1188 1545 1260 Ἑλλήνων,
1598 1187 1763 1260 μηδὲν
1797 1249 1801 1254 ,

212 1283 381 1356 ἀληθὲς
434 1283 570 1353 μήτε
637 1281 746 1335 τῶν
796 1280 1009 1335 οίκείων
1033 1321 1048 1347 ,
1093 1282 1230 1352 μήτε
1288 1280 1397 1334 τῶν
1444 1279 1566 1333 καθ’
1618 1281 1763 1351 ἡμᾶς

210 1379 407 1439 ἐπαΐων,
451 1374 591 1444 πρὸς
638 1373 787 1443 ήμᾶς
829 1374 1180 1445 ἀπορήσειεν.
1239 1371 1672 1442 Ἐπιμέμψαιντο
1718 1370 1763 1424 δ’

211 1470 264 1525 ἂν
291 1470 410 1539 ἡμῖν
434 1467 530 1519 καὶ
570 1464 842 1537 Ἐϐραίων
874 1465 1092 1529 παῖδες,
1123 1466 1172 1518 εί
1200 1464 1263 1536 δὴ
1303 1463 1584 1533 ἀλλόφυλοι
1613 1463 1764 1527 ὄντες

211 1563 288 1617 καὶ
308 1559 638 1628 ἀλλογενεῖς,
674 1562 794 1623 ταῖς
823 1558 1001 1613 αὐτῶν
1027 1557 1226 1627 βίϐλοις
1259 1555 1622 1627 ἀποχρώμεθα
1663 1573 1767 1626 μη-

209 1653 280 1707 δὲν
305 1654 426 1723 ἡμῖν
449 1651 879 1723 προσηκούσαις·
913 1652 995 1704 ὅτι
1019 1666 1078 1703 τε
1114 1649 1365 1714 ἀναιδῶς,
1402 1648 1477 1712 ὡς
1518 1648 1583 1702 ἂν
1611 1648 1762 1701 αὐτοὶ

211 1748 361 1814 φαῖεν,
408 1746 504 1797 καὶ
550 1744 927 1815 ἀναισχύντως
975 1743 1199 1805 ἑαυτοὺς
1249 1741 1346 1813 μὲν
1391 1739 1758 1811 είσωθοῦμεν,

1935 1184 2116 1253 Atque
2152 1184 2270 1239 haec
2296 1183 2609 1240 Graecorum
2644 1185 2782 1243 forte
2817 1186 3114 1258 quispiam,
3160 1189 3254 1259 qui
3298 1190 3437 1244 nihil

1867 1291 2098 1346 usquam
2126 1275 2238 1330 veri
2270 1274 2339 1330 de
2380 1275 2496 1330 suis
2524 1278 2793 1333 nostrisve
2827 1282 2990 1335 rebus
3014 1289 3092 1334 ‘ac
3129 1280 3439 1338 rationibus

1864 1366 2212 1434 intellexerit,
2239 1368 2397 1422 nobis
2419 1367 2790 1424 verisimiliter
2804 1372 3046 1441 objiciat.
3073 1370 3283 1427 Hebraei
3306 1388 3437 1429 vero

1866 1468 2056 1516 contra
2082 1468 2461 1526 succenseant,
2487 1461 2632 1529 quod
2660 1464 2869 1516 externi
2892 1472 2945 1518 et
2968 1464 3285 1533 alienigena:
3310 1480 3437 1519 cum

1866 1552 2061 1617 simus,
2102 1567 2293 1607 eorum
2317 1562 2500 1607 tamen
2532 1552 2687 1608 libris
2712 1554 2847 1608 nihil
2874 1555 2941 1609 ad
2976 1570 3079 1610 nos
3102 1555 3289 1625 utique
3320 1572 3443 1625 per-

1865 1643 2161 1699 tinentibus
2204 1645 2530 1709 abutamur,
2579 1644 2836 1715 quodque
2886 1660 2988 1701 nos
3040 1647 3188 1715 ipsos
3230 1646 3442 1702 invere-

1862 1737 2059 1803 cunde,
2100 1745 2161 1791 ut
2197 1737 2299 1807 ipsi
2328 1737 2644 1807 loquentur,
2674 1746 2727 1793 et
2768 1738 3111 1807 impudenter
3154 1740 3439 1795 intruden-

209 1837 314 1900 τοὺς
353 1836 408 1888 δὲ
454 1835 698 1899 οἰκείους
734 1835 828 1889 καὶ
874 1836 1116 1904 ἐγγενεῖς
1158 1832 1265 1887 τῶν
1302 1833 1485 1895 αὐτοῖς
1522 1830 1764 1903 πατρίων

1877 1840 1967 1895 tes,
1994 1829 2329 1885 domesticos
2357 1839 2411 1885 et
2435 1830 2718 1901 indigenas
2746 1830 2941 1900 patriis
2964 1831 3319 1900 religionibus
3346 1846 3443 1901 per

210 1927 402 1993 ἐξωθεῖν
446 1927 921 2000 παραϐιαζόμεθα.
968 1926 1092 1980 Εἴτε
1134 1926 1241 1997 γάρ
1282 1942 1365 1989 τις
1408 1924 1491 1995 εῖη
1530 1923 1765 1997 Χριστὸς

209 2017 607 2088 θεσπιζόμενος,
658 2019 793 2073 ἀλλά
854 2018 1120 2073 Ἰουδαίων
1177 2014 1319 2089 ἦσαν
1380 2017 1653 2090 προφῆται
1716 2016 1765 2069 οἱ

208 2110 374 2163 τούτου
402 2110 498 2181 τὴν
528 2111 714 2179 ἄφιξιν
727 2111 1189 2183 προκηρύξαντες,
1207 2112 1255 2164 οἳ
1274 2108 1649 2180 καὶλυτρωτὴν
1674 2109 1766 2162 καὶ

211 2204 407 2274 βασιλέα
444 2204 715 2258 Ἰουδαίων
747 2201 894 2274 ἥξειν
922 2204 1106 2267 αὑτὸν,
1137 2204 1257 2273 οὐχὶ
1298 2204 1355 2257 δὲ
1398 2201 1505 2256 τῶν
1538 2201 1768 2271 ἀλλοφύ-

210 2294 299 2348 λων
330 2294 494 2349 ὲθνῶν
521 2296 888 2367 κατήγγειλαν
911 2310 924 2324 ⁶
954 2296 1063 2348 εἴτε
1118 2294 1237 2348 τινὰ
1280 2294 1413 2349 ἄλλα
1445 2293 1767 2366 φαιδρότερα

212 2386 528 2457 τεριέχουσιν
564 2387 623 2440 αῖ
644 2388 870 2459 Γραφαῖ,
902 2385 997 2439 καὶ
1030 2384 1206 2439 ταῦτα
1244 2383 1518 2446 Ἰουδαίοις
1552 2384 1769 2450 ἀναιρω⁴

212 2477 423 2541 νεῖσθαι,
467 2470 545 2531 ὧν
590 2479 689 2531 οὐκ
734 2473 792 2532 εὖ
841 2477 1177 2549 πράττοντας
1226 2474 1557 2547 παρακούειν
1596 2475 1762 2545 ἡμᾶς.

211 2570 304 2623 Καὶ
343 2570 548 2641 σφόδρα
598 2570 812 2632 ἀτόπως
853 2570 981 2632 τοὺς
1021 2568 1119 2639 μὲν
1158 2566 1299 2621 κατὰ
1340 2565 1433 2619 τού
1465 2564 1650 2627 ἔθνους
1682 2563 1765 2632 ἐφ’

212 2657 277 2725 οἷς
307 2662 621 2732 ἡμάρτανον
653 2661 925 2732 ἐλέγχους,
958 2656 1017 2713 εὖ
1069 2658 1213 2730 μάλα
1257 2657 1545 2730 ἁρπαλέως
1573 2654 1765 2709 ἀποδέ-

213 2752 405 2821 χεσθαι·
438 2752 557 2823 τὰς
585 2753 639 2806 δὲ
672 2753 780 2806 τῶν
829 2751 1050 2821 ἀγαθῶν
1091 2751 1254 2805 πάλιν
1296 2750 1478 2813 αὐτοῖς
1519 2746 1770 2812 θεσπιζο-

216 2842 358 2911 μένας
388 2844 725 2912 ἐπαγγελίας
764 2844 1120 2914 ἀποσιωπᾷν,
1172 2842 1369 2914 μᾶλλον
1412 2841 1469 2895 δὲ
1516 2839 1766 2903 ἐκϐιάζε-

214 2931 317 2985 σθαι
354 2934 445 2988 καὶ
472 2937 560 2998 είς
596 2935 820 2999 ἑαυτοὺς
869 2933 1217 3005 μεταφέρειν,
1250 2932 1508 3001 ἄντικρυς
1554 2928 1769 2983 πλεονε-

214 3024 465 3090 κτοῦντας,
495 3025 597 3079 καὶ
638 3027 787 3080 οὐδὲν
820 3026 1011 3091 πλέον,
1041 3028 1074 3096 ἢ
1102 3026 1327 3089 ἑαυτοὺς
1364 3022 1763 3087 ἐξαπατῶντας.

1866 1920 1975 1975 vim
2021 1922 2313 1976 exturbare
2355 1936 2640 1977 conemur.
2695 1920 3009 1987 Enimvero,
3049 1923 3161 1977 sive
3191 1923 3442 1979 Christus

1866 2012 2064 2083 aliquis
2106 2013 2369 2069 divinitus
2417 2014 2548 2068 olim
2593 2014 2990 2084 praenuntiatus
3033 2014 3327 2079 habeatur,
3375 2031 3442 2071 ex

1866 2103 2068 2162 Iudaeis
2099 2114 2245 2161 certe
2275 2107 2571 2177 prophetas
2618 2107 2745 2163 illos
2776 2106 2968 2174 fuisse,
3015 2110 3107 2178 qui
3149 2109 3439 2165 adventum

1866 2198 1987 2269 ejus
2013 2198 2335 2269 praedixere,
2378 2200 2474 2269 qui
2518 2200 2685 2255 simul
2721 2200 2899 2271 ipsum
2937 2199 3158 2266 Iudaeis,
3190 2216 3297 2255 non
3337 2218 3441 2258 au-

1867 2300 1975 2347 tem
2010 2293 2227 2363 populis
2256 2293 2578 2363 alienigenis
2607 2292 3025 2363 Redemptorem
3061 2309 3182 2349 esse
3212 2293 3443 2364 Regem-

1869 2400 1979 2456 que
2007 2394 2302 2440 venturum
2341 2385 2590 2440 cecinere
2619 2403 2633 2440 :
2670 2385 2784 2441 sive
2818 2385 2926 2440 alia
2955 2388 3201 2455 quadam
3234 2386 3444 2441 laetiora

1869 2491 2044 2533 sacra:
2080 2476 2274 2533 litterae
2310 2476 2646 2542 contineant,
2694 2492 2758 2533 ea
2801 2492 3023 2548 quoque
3069 2476 3272 2533 Judais
3314 2492 3442 2548 pro-

1868 2567 2121 2623 nuntiata
2165 2582 2322 2632 esse,
2364 2566 2607 2637 adeoque
2652 2567 2835 2622 minus
2874 2566 3021 2637 juste
3074 2582 3176 2622 nos
3232 2566 3441 2636 facere,

1868 2660 1964 2730 qui
2002 2674 2288 2731 perperam
2315 2659 2504 2715 eadem
2548 2668 2604 2715 et
2649 2659 2829 2714 alieno
2867 2660 3027 2730 plane
3063 2675 3229 2715 sensu
3261 2660 3446 2731 capia-

1870 2769 2013 2809 mus.
2044 2753 2102 2823 6
2131 2749 2269 2807 lllud
2308 2751 2476 2821 etigm
2543 2751 2940 2821 perabsurdum
2984 2766 3127 2817 esse,
3172 2753 3316 2822 quod
3350 2767 3444 2808 eas

1870 2842 2093 2912 quidem
2135 2841 2612 2911 reprehensiones,
2652 2841 2854 2910 quibus
2887 2841 3126 2899 nationis
3154 2841 3316 2913 hujus
3349 2843 3448 2899 de-

1870 2933 1996 2989 licta
2047 2940 2440 3005 coarguuntur,
2481 2931 2675 3002 cupide
2714 2933 3009 2988 admodum
3050 2934 3316 3006 avideque
3354 2951 3445 2990 ar-

1872 3023 2172 3095 ripiamus;
2222 3039 2343 3095 qua:
2382 3037 2512 3079 vero
2568 3024 2843 3093 promissa
2896 3025 3161 3081 divinitus
3203 3028 3253 3082 ei
3302 3028 3444 3083 bona

214 3116 274 3168 Τδ
315 3117 368 3170 δὲ
416 3114 510 3172 οὗν
563 3120 814 3173 ἁπάντων
866 3117 1341 3191 παραλογώτατον,
1390 3117 1472 3170 ὃτι
1520 3114 1654 3186 μηδέ
1700 3115 1767 3168 τὰ

1877 3127 2020 3182 sunt,
2074 3117 2299 3172 omnino
2347 3116 2693 3180 reticeamus,
2748 3117 2831 3172 vel
2880 3118 3061 3188 potius
3093 3128 3304 3174 extorta
3350 3135 3447 3191 per

214 3206 395 3278 νόμιμα
427 3209 828 3281 παραπλησίως
857 3211 1038 3275 αὐτοῖς
1070 3209 1441 3281 περιέποντες,
1473 3206 1606 3261 ἀλλὰ
1632 3224 1767 3279 προ-

215 3301 375 3366 φανῶς
414 3302 881 3375 παρανομοῦντες,
923 3304 1021 3368 τὰς
1064 3303 1479 3374 ἐπηγγελμένας
1520 3305 1632 3365 τοῖς
1662 3301 1769 3355 τῶν

214 3390 371 3460 νόμων
429 3392 628 3461 φύλαξι
676 3394 1044 3466 χρηστοτέρας
1107 3392 1340 3464 ἀμοιϐὰς
1408 3394 1487 3455 είς
1547 3393 1771 3455 ἑαυτοὺς

216 3481 577 3554 ἑπισπώμεθα.

1874 3211 1983 3264 vim
2020 3210 2074 3264 in
2104 3224 2206 3266 nos
2246 3210 2395 3280 ipsos
2435 3208 2872 3265 transferamus:
2905 3210 3053 3280 quod
3098 3226 3229 3266 sane
3264 3212 3444 3281 palam

1874 3310 1929 3356 et
1956 3316 2083 3356 cum
2130 3300 2363 3355 aliorum
2396 3299 2596 3369 injuria
2638 3316 2752 3356 suae
2787 3301 3073 3371 cupiditati
3116 3303 3343 3371 servire,
3382 3318 3448 3359 ac

1879 3406 1937 3447 se
1966 3390 2147 3460 ipsum
2189 3390 2243 3444 in
2274 3404 2515 3444 errorem
2550 3398 2606 3445 et
2635 3389 2883 3447 fraudem
2916 3391 3174 3447 inducere
3198 3401 3306 3448 est.
3339 3393 3444 3451 Deo

1880 3485 2043 3553 nique
2082 3482 2187 3537 hoc
2214 3482 2283 3536 ab
2322 3482 2470 3537 omni
2499 3481 2709 3539 ratione
2754 3482 2991 3537 maxime
3026 3483 3263 3537 alienum
3303 3498 3446 3550 esse,

216 3580 338 3647 quod
398 3597 530 3636 cum
576 3598 643 3639 ne
692 3583 783 3639 illa
830 3583 1073 3653 quidem,
1101 3585 1235 3655 quae
1272 3580 1582 3637 Iudaeorum
1646 3580 1854 3651 legibus
1895 3580 2187 3635 constituta
2244 3587 2404 3645 sunt,
2465 3578 2653 3634 eodem
2716 3578 2825 3633 ritu
2877 3593 3193 3643 servemus,
3249 3578 3345 3634 sed
3393 3579 3447 3632 in

216 3676 438 3731 omnium
482 3678 660 3735 oculis
709 3679 997 3736 adversum
1046 3694 1112 3735 ea
1161 3678 1574 3749 delinquamus;
1623 3677 1891 3747 promissa
1936 3683 2116 3731 tamen
2156 3674 2225 3730 iis
2277 3673 2372 3745 qui
2402 3673 2611 3745 legibus
2652 3672 3030 3744 obtemperant
3060 3673 3264 3745 optima
3298 3689 3454 3745 quae-

215 3784 307 3837 que
330 3771 485 3829 nobis
519 3773 737 3843 praemia
768 3773 1127 3830 vindicemus.

734 3866 1131 3921 ΚΕΦΑΛΑΙΟΝ
1169 3866 1242 3919 Γ’.

249 3955 353 4007 ὀτι
394 3957 483 4026 μὴ
523 3957 935 4025 ἀνεξετάστως
978 3959 1051 4013 τὰ
1082 3960 1189 4012 τοῦ
1218 3960 1514 4027 σωτηρίου
1554 3958 1741 4026 λόγου

704 4029 947 4098 φρονεῖν
977 4030 1274 4098 εἱλόμεθα.

276 4117 488 4171 Τούτων
515 4118 748 4189 εὐλόγως
768 4121 833 4194 ἂν
861 4121 1019 4193 ἡμῶν
1052 4133 1077 4162 ι
1108 4124 1166 4175 ἐν
1213 4120 1447 4199 πρῴτοις
1485 4119 1783 4193 ἀπορηθέν-

219 4220 329 4268 των,
376 4206 533 4278 φέρε,
590 4209 680 4261 τὸν
721 4210 829 4262 τῶν
870 4210 1006 4264 ὅλων
1046 4209 1199 4277 Θεὸν,
1248 4211 1336 4265 διὰ
1383 4210 1476 4264 τοῦ
1532 4211 1783 4282 Σωτῆρος

220 4297 376 4366 ἡμῶν,
407 4299 506 4353 τοῦ
549 4300 711 4354 αὑτοῦ
740 4302 911 4371 Λόγου
933 4342 948 4367 ,
984 4303 1057 4367 ὡς
1110 4296 1175 4350 δι’
1232 4303 1564 4375 ἀρχιερέως,
1593 4304 1784 4357 ἐπικαο

220 4384 518 4460 λεσάμενοι,
566 4392 627 4445 τὸ
677 4393 893 4465 πρῶτον
939 4394 1047 4447 τῶν
1093 4395 1462 4467 προτεθέντων
1510 4394 1782 4451 ἀποκαθά-

2498 3851 2729 3912 CAPUT
2769 3852 2859 3910 III.

1883 3947 2007 4003 Non
2055 3958 2244 4002 temere
2277 3955 2573 4028 suscepto":
2616 3962 2649 3999 a
2690 3944 2839 4028 rtobis
2882 3960 2995 3999 esse
3040 3942 3296 3996 salutaris
3353 3940 3450 3994 do-

2414 4019 2601 4072 ctrina:
2622 4019 2916 4071 veritatem.

1951 4109 2218 4166 Adductis
2250 4110 2305 4164 in
2339 4108 2581 4164 medium
2614 4108 2704 4175 iis,
2730 4107 2797 4163 de
2820 4106 3022 4178 quibus
3050 4103 3290 4161 dubitari
3325 4118 3447 4158 cum

1884 4203 2068 4273 aliqua
2091 4202 2474 4273 probabilitate
2496 4200 2691 4273 possit,
2712 4216 2812 4272 age
2831 4198 3259 4269 jam,implorato
3288 4196 3452 4266 hujus

1884 4294 2255 4351 universitatis
2303 4293 2396 4349 Dei
2438 4309 2533 4365 per
2578 4292 2926 4349 Servatorem
2980 4300 3229 4346 nostrum
3280 4288 3452 4359 ipsius

1883 4388 2142 4454 Verbum,
2176 4396 2434 4459 tanquam
2479 4401 2575 4458 per
2608 4400 2885 4443 summum
2926 4382 3259 4453 pontiﬁcem,
3291 4380 3452 4436 auxi-

224 4495 420 4551 ρωμεν,
498 4485 837 4556 συκοφάντας
894 4486 1378 4557 προαποδείξαντες
1440 4487 1565 4549 τοὺς
1620 4485 1772 4557 μηδὲν

1886 4480 1991 4545 lio;
2028 4480 2176 4550 quod
2218 4479 2455 4550 primum
2497 4478 2659 4534 nobis
2696 4478 2971 4548 objectum
3008 4483 3092 4531 est
3137 4475 3210 4529 ita
3257 4487 3453 4543 purge-

222 4571 346 4643 ῑχειν
394 4578 542 4647 ἡμᾶς
591 4578 657 4631 δι’
702 4578 1029 4651 ἀποδείξεως
1079 4578 1444 4650 παριστάναι,
1492 4576 1668 4647 ἀλόγῳ
1721 4575 1777 4629 δὲ

226 4668 385 4721 πίστει
434 4670 719 4742 προσέχειν
769 4669 1241 4740 ἀποφηναμένουςὲ
1299 4668 1532 4723 Ᾱῦτάθεν
1578 4666 1650 4739 (θ)
1713 4665 1778 4738 δὴ

224 4754 303 4814 οὖν
332 4760 488 4815 τοῦτο
533 4762 627 4818 καὶ.
658 4762 758 4816 οὐκ
790 4764 855 4817 ἐκ
888 4760 1100 4835 μακροῦ
1127 4760 1490 4831 διελέγξομεν,
1519 4759 1582 4813 ἔκ
1612 4778 1671 4812 τε
1701 4752 1778 4814 ὧν

227 4852 464 4924 χρώμεθα
506 4854 641 4926 πρὸς
679 4856 804 4920 τοὺς
848 4856 941 4909 ἐπὶ
986 4854 1301 4926 διδασκαλίᾳ
1339 4853 1448 4907 τῶν
1474 4852 1597 4907 καθ’
1633 4854 1780 4925 ήμᾶς

229 4942 381 5011 λόγων
424 4946 745 5018 προσιόντας
788 4946 1141 5013 ἀποδείξεων,
1187 4947 1281 5003 καὶ
1324 4946 1433 5000 τῶν
1475 4946 1610 5018 πρὸς
1654 4947 1782 5010 τοὺς

288 5136 311 5165 ι
347 5126 431 5181 ῖσ.
459 5128 609 5199 ἡμῖν.

294 5282 364 5354 (6)
383 5284 710 5357 ΔΑὺτόθεν.⁸
727 5285 923 5357 Budaeo
949 5285 1025 5357 τῷ
1050 5286 1212 5349 πάνυ,
1246 5286 1529 5341 observata
1541 5285 1652 5354 jam
1678 5285 1781 5357 hue

237 5352 311 5427 jus
336 5354 924 5427 adverb,_signilicatio,
949 5352 1007 5410 in
1034 5367 1305 5427 promptu,
1339 5371 1370 5411 e
1399 5373 1456 5411 re
1480 5352 1627 5411 nata.
1678 5354 1784 5409 Sed

242 5423 381 5497 inira,
414 5423 821 5497 αὐτόθενίπρὸς
852 5423 1105 5489 εύζωῖαν,
1137 5423 1266 5491 etc.,
1296 5443 1387 5494 per
1435 5442 1563 5491 sese,
1599 5435 1784 5497 suapte

242 5494 298 5567 ri,
333 5497 461 5561 suis,
496 5494 810 5567 nonralienis
839 5498 1057 5567 opibus;
1090 5504 1144 5551 et
1183 5515 1198 5551 :
1232 5497 1294 5549 τὸ
1333 5497 1557 5549 αὐτόθεν
1618 5496 1785 5567 ὑπερ-

293 5581 363 5638 ον,
381 5566 639 5638 βιαροά.
669 5581 851 5638 sensu.
870 5564 1036 5638 Ἀριιᾴ
1066 5566 1125 5638 Β.
1150 5568 1621 5638 (ὶὴι-γεοειηεενηι.
1642 5566 1704 5619 de
1717 5564 1782 5638 _S.

248 5632 433 5717 βρομία-
455 5652 472 5689 :
495 5636 627 5717 Τότε
662 5636 717 5689 δὲ
738 5632 962 5691 αὐτόθεν
987 5632 1281 5717 ἐδείκνυτο,
1305 5636 1385 5717 ὅτι
1437 5632 1781 5717 δαιμόνωνῆν

247 5706 361 5771 ἱργα
385 5706 447 5759 τὰ
473 5706 790 5778 τελούμενα,
815 5719 944 5773 etc.,
976 5708 1240 5763 omissum
1270 5706 1571 5778 interpreti.
1602 5706 1784 5778 ld_est,

253 5789 315 5829 εει
341 5791 417 5840 per
468 5793 576 5834 sese
624 5776 951 5853 (oqueQutur,
976 5794 1129 5847 opera
1162 5795 1272 5836 esse
1304 5776 1621 5833 dantonum.
1658 5776 1784 5837 Plu-

1879 4588 2022 4638 mus,
2080 4580 2142 4626 ut
2190 4586 2286 4628 eos
2334 4579 2462 4627 ante
2508 4570 2693 4627 omnia
2732 4568 3055 4625 calumniari
3108 4566 3451 4622 demonstre-

1879 4678 2026 4730 mus,
2054 4662 2149 4733 qui
2181 4663 2317 4717 nibil
2347 4678 2377 4717 a
2414 4663 2576 4718 nobis
2598 4672 2747 4718 certo
2784 4676 2945 4731 posse
2977 4665 3296 4731 argumento
3321 4670 3452 4711 con-

1880 4755 2107 4821 ﬁrmari,
2154 4756 2247 4810 sed
2298 4755 2422 4810 ﬁdei
2466 4755 2683 4810 cuidam
2731 4755 2800 4809 ab
2840 4753 3095 4809 omnibus
3146 4748 3452 4805 rationibus

1881 4845 2165 4916 imparataa
2189 4845 2438 4901 addictos
2462 4862 2566 4901 nos
2603 4860 2724 4901 esse
2747 4844 3043 4913 alﬁxosque
3076 4838 3448 4911 pronuntiant.

1880 4938 2067 5014 Neque
2120 4955 2251 4996 vero
2308 4948 2679 4995 commentum
2736 4939 2880 4992 istuc
2935 4934 3151 5005 longius
3208 4933 3452 5005 repetitis

1887 5272 2060 5327 tarch.
2081 5265 2391 5338 Comparat.
2425 5268 2640 5324 Solonis
2670 5278 2725 5338 et
2750 5264 3059 5338 Publicolae,
3079 5279 3133 5338 p.
3148 5262 3282 5338 Δ111,
3304 5258 3339 5315 b
3363 5259 3453 5338 :_'0

1884 5343 1940 5395 δὲ
1963 5341 2184 5426 αὐτόθεν
2206 5331 2506 5426 ἀναρρίψας
2532 5341 2625 5426 τόν
2645 5337 2741 5426 ἐπὶ
2767 5331 3456 5426 μεγίστων-κίνδυνονὶξῖ

1886 5413 2082 5482 ανέστη
2116 5409 2429 5483 Ταρκυνίῳ,
2463 5409 2739 5483 confestim
2768 5409 2823 5483 in
2860 5416 3095 5483 apertum
3133 5418 3247 5483 sese
3276 5413 3454 5483 rem!

1885 5472 2239 5536 maximarum
2268 5472 2571 5534 disc-rimen'
2601 5472 2903 5546 conﬁciens,
2937 5472 3172 5543 Opponit
3202 5472 3358 5546 enim
3382 5472 3451 5546 il.

1888 5553 1977 5606 lud
2017 5551 2261 5624 αὐτόθεν,
2293 5548 2642 5624 δοιοᾳηίξητῷ.
2682 5540 3105 5624 προσποιήματι,
3135 5550 3193 5624 et
3234 5540 3453 5624 παιδιᾶς

1887 5640 1991 5676 τινι
2023 5623 2228 5692 τρόπῳ,
2248 5612 2375 5676 cum
2407 5612 2681 5677 Publicola
2705 5612 2819 5674 sine
2846 5612 2993 5671 larva
3023 5623 3075 5671 et
3104 5612 3454 5670 simulatione

1890 5692 2247 5763 Tarquinium
2278 5700 2497 5763 peteret.
