3940 6380
524 335 588 394 δι
1147 335 1419 391 EUSEBH
1463 330 1937 390 CESARIENSIS
1971 329 2119 387 OPP.
2152 328 2332 386 PARS
2366 327 2429 384 Π.
2473 359 2541 370 ——
2574 325 3070 382 APOLOGETICA.
3674 328 3743 385 δα

526 446 961 518 probationibus,
998 446 1092 502 sed
1120 462 1151 502 e
1183 464 1242 502 re
1280 457 1406 502 nata
1449 443 1627 502 ductis
1664 446 2052 517 redarguemus

2173 442 2714 513 ἀντιδιατιθεμένους
2755 443 2886 512 ἡμῖν
2928 441 2986 494 ὲν
3027 441 3145 502 ταῖς
3183 437 3557 511 λογικωτέραις
3592 441 3746 514 ζητή-

522 526 719 610 partim
762 539 1013 594 videlicet
1054 554 1119 593 eo
1152 539 1678 594 demonstrationum
1723 554 1940 609 genere,
1982 553 2094 606 quo

523 632 664 701 apud
695 632 818 685 illos
844 632 1071 694 utimur,
1113 633 1207 700 qui
1253 631 1608 700 percipiendae
1647 645 1960 684 sermonum
1995 644 2093 683 eo-

519 739 642 778 rum
689 739 829 792 quos
880 724 947 778 de
998 723 1161 778 rebus
1207 725 1412 778 nostris
1461 723 1797 778 instituimus
1829 721 2092 776 doctrinae

522 814 696 886 gratia
723 814 1059 869 conveniunt
1094 832 1107 867 :
1139 815 1336 883 partim
1366 829 1432 868 ex
1471 814 1768 884 responsis,
1801 813 2000 882 quibus
2035 814 2090 867 in

516 905 913 974 quaestionibus
936 919 1001 958 ex
1043 904 1316 958 subtiliori
1347 905 1645 972 logicorum
1681 912 1797 957 arte
1823 903 2090 958 discussis

516 996 957 1051 adversariorum
993 1006 1311 1066 argumenta
1347 994 1674 1062 refellimus;
1709 995 1906 1066 partim
1932 996 2089 1050 deni-

517 1101 626 1155 que
662 1102 724 1140 ex
779 1086 1242 1157 disputationibus
1275 1087 1402 1153 illis,
1445 1103 1582 1156 quas
1625 1096 1886 1156 tanquam
1931 1087 2090 1142 nobis

515 1178 866 1243 honoriﬁcas,
914 1189 1024 1233 tam
1068 1181 1273 1250 scripto
1321 1195 1486 1249 quam
1537 1179 1657 1234 sine
1701 1179 1924 1249 scripto,
1974 1180 2089 1235 sive

514 1269 768 1340 privatim
795 1275 919 1325 cum
945 1271 1174 1342 singulis
1198 1272 1292 1342 qui
1320 1285 1419 1326 nos
1447 1272 1806 1343 interrogant,
1840 1273 1953 1328 sive
1980 1290 2088 1343 pu-

515 1361 656 1416 blice
694 1364 760 1416 ad
792 1363 1050 1432 pupulum
1093 1364 1236 1418 ultro
1267 1364 1468 1418 habere
1502 1365 1912 1420 consuevimus.
1946 1366 2086 1432 Qui-

514 1458 616 1512 bus
648 1457 845 1510 merito
875 1472 1007 1511 sane
1030 1455 1174 1519 libri,
1200 1469 1339 1524 quos
1369 1471 1480 1525 prae
1512 1457 1767 1512 manibus
1798 1457 2084 1524 habemus,

509 1546 634 1602 addi
662 1556 910 1615 possunt,
948 1553 1132 1616 utpote
1163 1547 1256 1616 qui
1290 1548 1608 1603 universum
1635 1551 1949 1625 evangelica:
1987 1551 2086 1605 De—

508 1637 908 1690 monstratiom’s
950 1653 1086 1707 opus
1119 1638 1600 1707 comprehendant.
1649 1641 1741 1696 Sic
1780 1644 1924 1697 enim
1973 1658 2087 1697 ma-

507 1735 728 1782 nantem
783 1743 848 1782 ex
886 1727 998 1782 Deo
1053 1729 1323 1798 gratiam,
1373 1745 1436 1784 ac
1479 1731 1718 1787 caelestis
1770 1733 2086 1788 muniﬁcen-

2197 552 2342 588 σεσιν
2387 535 2786 605 ἀντιρῤήσεων·
2820 533 2887 586 δι’
2918 525 2991 585 ὧν
3033 547 3094 583 τε
3141 529 3556 600 φιλοτιμούμεθα
3588 536 3744 586 ποιεῖ-

2196 627 2320 679 σθαι
2349 625 2613 697 ἀγράφων
2647 642 2704 677 τε
2753 626 2845 678 καὶ
2889 624 3198 696 ἐγγράφων,
3245 621 3349 693 ἰδίᾳ
3377 638 3435 674 τε
3476 624 3566 676 καὶ
3624 624 3747 694 πρὸς

2193 721 2424 773 ’ἑκαστον
2457 719 2568 772 τῶν
2605 714 2953 788 ἐρωτώντων,
2997 715 3092 766 καὶ
3125 715 3275 783 κοινῇ
3311 712 3444 783 πρὸς
3485 713 3551 766 τὰ
3580 706 3745 785 πλήθη

2192 811 2499 876 διαλέξεων.
2541 811 2647 862 Ναὶ
2680 809 2784 880 μὴν
2818 809 2910 860 καὶ
2945 806 3032 859 διὰ
3069 805 3176 858 τῶν
3218 806 3274 857 ἐν
3303 805 3457 874 χερσὶ⁹
3483 822 3747 877 συγγραμ-
3789 831 3803 843 ι

2195 906 2414 977 μάτων,
2447 903 2546 975 τὴν
2589 902 2815 956 καθόλου
2859 898 3238 971 πραγματείαν
3280 897 3629 968 περιεχόντων
3655 898 3747 969 τῆς

2193 994 2600 1068 Εὐαγγελικῆς
2631 993 3007 1057 ἀποδείξεως
3038 992 3093 1043 ὲν
3201 992 3378 1044 πᾶσαν
3401 989 3496 1060 τὴν
3529 991 3591 1043 ὲκ
3623 989 3746 1046 Θεοῦ

2191 1089 2370 1161 χάριν,
2416 1088 2510 1142 καὶ
2555 1086 2652 1157 τὴν
2697 1085 2945 1156 οὐράνιον
2971 1082 3306 1153 εὐεργεσίαν,
3337 1082 3365 1134 ὁ
3395 1080 3577 1152 παρὼν
3605 1081 3748 1150 λόγος

2193 1183 2403 1246 πάντας
2429 1179 2745 1250 ἀνθρώπους
2779 1177 2874 1250 (6')
2913 1175 3336 1246 εὐαγγελίζεται,
3373 1176 3469 1245 τὴν
3501 1175 3639 1228 κατά
3665 1175 3749 1229 τὸν

2191 1275 2417 1345 Σωτῆρα
2441 1273 2534 1325 καὶ
2553 1271 2754 1344 Κύριον
2770 1271 2926 1342 ἡμῶν
2953 1268 3158 1340 Ἰησοῦν
3172 1267 3505 1339 Χριστδνςτδν
3517 1267 3639 1321 Υἱδν
3663 1267 3747 1320 τοῦ

2190 1366 2324 1420 Θεοῦ
2349 1365 2660 1435 οἰκονομίαν
2705 1362 3060 1435 λογικώτερον
3085 1361 3172 1414 διὰ
3195 1359 3458 1413 πλείστων
3491 1358 3582 1412 καὶ
3607 1362 3742 1432 ἐναρ-

2188 1459 2297 1529 γῶν
2333 1457 2654 1524 ἀποδείξεων
2691 1455 3065 1525 πιστούμενος.
3105 1452 3494 1506 Ἐσπούδασται
3543 1452 3635 1522 μὲν
3665 1447 3749 1506 οὖν

2188 1551 2456 1614 πλείστοις
2494 1551 2601 1604 τῶν
2644 1551 2748 1621 πρὸ
2790 1552 2821 1620 ὴ
2833 1549 2947 1620 μῶν
2991 1547 3156 1618 πολλή
3206 1563 3291 1610 τις
3332 1544 3465 1616 άλλη
3504 1561 3746 1615 πραγμα-

2186 1645 2324 1710 τεία,
2369 1644 2490 1698 τοτὲ
2534 1644 2630 1714 μὲν
2675 1642 2924 1711 ἐλέγχους
2969 1640 3063 1692 καὶ
3110 1638 3459 1710 ἀντιρρήσεις
3503 1635 3745 1690 ἐναντίων

2187 1738 2316 1808 ἡμῖν
2358 1737 2528 1806 λόγων
2560 1733 2994 1805 συνταξαμένΟις,
3041 1733 3160 1784 τοτὲ
3185 1731 3242 1783 δὲ
3275 1728 3373 1792 τὰς
3416 1728 3627 1790 ἐνθέους
3659 1727 3747 1780 καὶ⁵

507 1819 596 1872 tite
651 1819 802 1886 vim,
855 1826 1114 1888 tanquam
1171 1820 1302 1874 felix
1351 1822 1617 1888 nuntius,
1673 1824 1928 1879 universo
1981 1827 2071 1878 lio-

2188 1805 2336 1900 ἱερὰς
2384 1805 2604 1900 Γραφὰς
2657 1827 3001 1895 ἐξηγητικοῖς
3053 1822 3441 1894 ὑπομνήμασι,
3492 1821 3585 1874 καὶ
3636 1821 3748 1883 ταῖς

507 1909 718 1963 minum
777 1910 960 1979 generi
1026 1921 1316 1980 susceptus
1373 1928 1403 1967 a
1459 1913 1619 1969 nobis
1668 1930 1848 1968 sermo
1899 1915 2082 1970 decla-

505 2013 611 2066 rat,
652 2012 719 2056 ‘ut
759 2002 908 2056 illam
954 2019 1173 2073 quoque
1221 2005 1351 2060 Jesu
1399 2006 1602 2062 Christi
1650 2007 1745 2062 Dei
1785 2007 1907 2063 Filii
1960 2009 2083 2063 Ser-

504 2094 715 2148 vatoris
767 2092 1092 2162 Domiuique
1143 2096 1318 2150 nostri
1376 2098 1738 2152 oeconomiam
1794 2099 2080 2154 subtiliore

506 2183 864 2255 plurimorum
892 2194 946 2240 et
972 2187 1476 2244 illustrissimorum
1511 2200 1957 2258 argumentorum
1983 2190 2080 2245 de-

505 2278 901 2332 monstratione
935 2279 1240 2334 conﬁrmet.
1290 2280 1367 2334 Ac
1417 2280 1671 2349 permulti
1720 2282 1938 2351 quidem
1982 2299 2079 2337 an-

503 2376 554 2420 te
585 2368 634 2437 7
668 2384 766 2423 nos
807 2369 862 2422 in
911 2370 1020 2423 alio
1052 2370 1530 2441 saepe'disputandi
1564 2388 1758 2442 genere
1784 2375 2078 2430 studiosius

501 2458 884 2527 elaborarunt;
927 2478 1019 2516 seu
1070 2464 1287 2533 scriptis
1323 2466 1689 2522 voluminibus
1735 2467 2078 2523 adversario-

500 2563 622 2604 rum
654 2561 964 2604 nostrorum
992 2554 1327 2622 objectiones
1359 2556 1740 2623 confutarent,
1793 2573 1889 2612 seu
1933 2573 2077 2614 com-

502 2639 782 2692 mentariis
829 2641 1156 2710 quibusdam
1217 2651 1272 2697 et
1331 2646 1652 2701 tractatibus
1693 2647 1967 2716 sigillatim
2019 2649 2073 2703 in

498 2738 646 2784 certa
676 2731 919 2787 membra
949 2733 1194 2804 digestis,
1227 2734 1536 2805 inspirata.
1565 2739 1826 2795 divinitus
1861 2756 2075 2796 sacras-

499 2835 607 2889 que
633 2821 838 2876 litteras
876 2823 1160 2892 diligenter
1189 2828 1563 2896 explanarent,
1600 2845 1695 2885 seu
1744 2831 1977 2903 denique
2007 2833 2073 2888 ﬂ-

499 2908 586 2963 dei
617 2921 816 2970 nostrae
847 2913 1099 2982 dogmata
1146 2917 1537 2974 vehementiori
1579 2923 1928 2979 contentione
1974 2926 2064 2981 de.

495 3001 799 3058 tenderent.
857 3003 1180 3075 Hujusmodi
1239 3019 1420 3072 tamen
1468 3013 1624 3081 quasi
1677 3017 1954 3086 proprium
2009 3033 2071 3074 ac

497 3094 772 3164 singulare
797 3111 1178 3169 argumentum
1207 3118 1237 3157 a
1269 3105 1426 3160 nobis
1451 3121 1574 3160 cum
1598 3106 1764 3160 animi
1797 3110 2070 3178 voluptate

496 3194 782 3242 tractatur.
833 3187 1152 3259 Quanquam
1188 3193 1431 3246 omnium
1481 3209 1613 3248 sane.
1645 3197 1894 3268 princeps
1927 3198 2070 3254 Pau-

495 3276 583 3332 lus
609 3278 696 3332 ille
723 3295 876 3335 sacer
905 3282 1185 3350 apostolus
1209 3323 1224 3347 ,
1260 3284 1557 3353 repudiatis
1587 3285 1868 3345 fallacibus
1893 3306 1958 3346 ac
1987 3289 2074 3345 fu-

495 3376 672 3422 catam
687 3369 1095 3437 probabilitatis
1139 3373 1372 3440 speciem
1408 3377 1818 3436 ostendentibus
1851 3381 2073 3436 conclu-

494 3456 793 3523 siunculis,
836 3468 1014 3516 certas
1047 3468 1100 3515 et.
1155 3462 1222 3516 ab
1268 3464 1417 3518 omni
1465 3467 1815 3538 ambiguitate
1868 3487 2070 3528 vacuas

492 3547 989 3606 demonstrationes
1041 3552 1340 3619 adhibens,
1398 3556 1478 3612 sic
1530 3558 1730 3614 alicubi
1780 3561 2066 3633 loquitur:

500 3656 520 3689 ι
555 3638 620 3694 Ει
643 3655 821 3695 sermo
848 3657 1004 3697 meus
1034 3653 1086 3698 et
1113 3646 1426 3714 praedicatio
1453 3664 1572 3706 mea
1601 3667 1710 3706 non
1751 3654 1806 3708 in
1839 3671 2067 3725 persua-

495 3729 742 3785 sibilibus
793 3731 1045 3788 humana:
1078 3735 1354 3803 sapientia:
1379 3739 1592 3806 verbis,
1633 3743 1728 3798 sed
1781 3744 1835 3799 in
1887 3755 2069 3801 osten-

493 3821 648 3876 sione
675 3821 902 3891 spiritus
931 3831 984 3877 et
1014 3824 1229 3880 virtutis
1263 3827 1304 3882 ⁸.
1349 3847 1368 3880 ι
1417 3827 1626 3895 Quibus
1659 3832 1773 3888 haec
1805 3835 2063 3906 subjicit:

499 3931 520 3966 ι
562 3912 893 3982 Sapientiam
928 3925 1110 3970 autem
1156 3917 1434 3988 loquimur
1466 3923 1607 3977 inter
1629 3923 1935 3994 perfectos;
1974 3943 2064 3983 sa-

493 4004 749 4074 pientiam
794 4020 924 4060 vero
970 4023 1076 4061 non
1110 4007 1272 4077 hujus
1316 4013 1520 4078 saeculi,
1550 4030 1726 4084 neque
1754 4019 2063 4087 principum

494 4093 658 4163 hujus
689 4096 869 4149 saeculi
895 4134 910 4160 ,
945 4097 1039 4167 qui
1088 4099 1490 4157 destruuntur:
1530 4104 1623 4158 sed
1665 4105 1940 4175 loquimur
1970 4110 2062 4164 Dei

492 4184 815 4253 sapientiam
839 4186 892 4240 in
928 4189 1205 4257 mysterio,
1236 4205 1358 4259 quae
1394 4193 1711 4249 abscondita
1738 4205 1822 4250 est
1849 4198 1888 4252 ⁷.
1928 4217 1948 4250 ι
1984 4198 2062 4253 Ac

488 4291 708 4332 rursum
737 4295 752 4331 :
787 4295 804 4328 ι
843 4276 1172 4337 Suﬂicientia
1225 4294 1412 4339 nostra
1433 4325 1447 4349 ,
1484 4287 1679 4356 inquit,
1713 4303 1775 4342 ex
1806 4289 1915 4344 Deo
1940 4299 2057 4360 est,

486 4369 581 4438 qui
633 4377 687 4424 et
746 4371 970 4427 idoneos
1021 4389 1122 4429 nos
1157 4373 1318 4431 .fecit
1370 4379 1649 4433 ministros
1680 4381 1818 4435 novi
1873 4381 2060 4437 Testa-

2183 1921 2324 1974 κατὰ
2355 1923 2516 1992 μέρος
2543 1917 2779 1990 ὁμιλίαις
2805 1915 3245 1986 διερμηνεύσασι,
3274 1913 3395 1966 τοτε
3418 1912 3473 1965 δὲ
3497 1915 3606 1976 τοῖς
3633 1909 3755 1964 καθ”

2181 2018 2213 2085 ὴ
2225 2016 2329 2085 μᾶς
2358 2013 2619 2083 δόγμασιν
2652 2006 3147 2078 ἀγωνιστικώτερον
3179 2005 3593 2078 πρεσϐεύσασιν·
3624 2005 3748 2075 ἡμῖν

2181 2123 2248 2175 γε
2272 2105 2374 2176 μὴν
2415 2105 2557 2166 ἰδίως
2594 2104 2627 2174 ὴ
2661 2100 2796 2172 μετὰ
2823 2101 2998 2171 χαρᾶς
3034 2099 3109 2171 (7)
3136 2100 3445 2152 ἐκπονεῖται
3480 2096 3742 2168 πρόθεσις.

2181 2198 2402 2270 Πρῶτός
2429 2197 2491 2266 γέ
2517 2214 2596 2250 τοι
2627 2196 2841 2249 πάντων
2869 2194 2896 2245 ὁ
2919 2191 3060 2262 ἱερός
3086 2191 3379 2254 ἀπόστολος
3403 2189 3629 2254 Παῦλος,
3650 2186 3741 2252 τὰς

2183 2292 2280 2363 μὲν
2308 2289 2587 2359 άπατηλάς
2606 2288 2700 2341 καὶ
2724 2284 3036 2356 σοφιστικὰς
3060 2282 3440 2351 πιθανολογίας
3464 2278 3746 2353 παραιτού-

2181 2400 2355 2454 μενος,
2375 2379 2758 2452 ἀναμφιλόγοις
2770 2377 2824 2431 δὲ
2842 2376 3121 2448 χρώμενος
3137 2378 3256 2438 ταῖς
3269 2373 3597 2440 ἀποδείξεσι,
3621 2389 3688 2443 φη
3697 2371 3746 2424 σί
3845 2434 3851 2440 _

2154 2490 2299 2527 'nou'
2336 2492 2354 2524 ι
2380 2474 2492 2526 Καὶ
2517 2473 2544 2525 ό
2569 2471 2726 2539 λόγος
2762 2472 2794 2539 ὴ
2805 2468 2940 2540 μῶν,
2972 2469 3064 2521 καὶ
3091 2467 3150 2520 τὸ
3170 2467 3435 2537 κήρυγμα
3449 2466 3547 2518 οὐκ
3569 2465 3622 2516 ὲν
3639 2477 3749 2514 πει·

2178 2564 2260 2618 θοῖ
2311 2563 2656 2634 ἀνθρωπίνης
2707 2561 2896 2630 σοφίας
2949 2559 3147 2628 λόγων,
3210 2556 3325 2610 ἀλλ’
3380 2557 3438 2609 ὲν
3489 2552 3748 2620 ἀποδείξει

2177 2654 2484 2724 πνεύματος
2504 2654 2596 2706 καὶ
2621 2652 2919 2722 δυνάμεως.
2955 2669 2973 2701 ›
3007 2644 3100 2713 Οἷς
3120 2647 3366 2718 ἐπιλέγει
3389 2663 3402 2678 °
3440 2665 3459 2698 ι
3483 2646 3676 2718 Σοφίαν
3693 2643 3746 2696 δὲ

2174 2744 2438 2816 λαλοῦμεν
2476 2744 2535 2797 ὲν
2567 2745 2679 2807 τοῖς
2716 2741 2960 2804 τελείοις·
2999 2740 3190 2808 σοφίαν
3223 2738 3301 2801 δὲ,
3341 2738 3402 2791 οὐ
3427 2735 3521 2790 τοῦ
3564 2733 3748 2796 αἰῶνος

2174 2836 2383 2900 τούτου,
2409 2835 2529 2888 οὐδὲ
2552 2833 2658 2886 τῶν
2685 2833 2957 2904 ἀρχόντων
2979 2831 3087 2884 τῶν
3115 2827 3595 2900 καταργουμένων·
3620 2823 3748 2878 ἀλλὰ

2172 2927 2438 2998 λαλοῦμεν
2467 2925 2601 2980 Θεοῦ
2643 2905 2833 2993 σοφίαν
2867 2925 2923 2977 ὲν
2961 2921 3242 2994 μυστηρίῳ
3269 2920 3373 2992 τὴν
3407 2920 3749 2988 ἀποκεκρυμ-

2154 3018 2360 3090 ¹μένην.
2389 3037 2409 3069 ι
2451 3017 2559 3069 Καὶ
2597 3010 2778 3078 αὖθιςο
2815 3033 2832 3066 ι
2880 3013 2946 3067 Ἡ
2989 3012 3241 3082 ἱκανότης
3302 3009 3462 3081 ἡμῶν
3507 3007 3613 3062 ἀπὸ
3657 3004 3747 3059 τοῦ

2171 3107 2326 3172 Θεοῦ,
2359 3106 2416 3170 ὃς
2438 3106 2530 3160 καὶ
2561 3105 2821 3160 ἱκάνωσεν
2847 3105 2994 3175 ἡμᾶς
3020 3103 3295 3164 διακόνους
3329 3100 3538 3170 Χαινῆς
3561 3096 3748 3168 Διαθὴ-

2172 3217 2296 3271 κης.
2339 3220 2356 3252 ι
2389 3199 2627 3262 Εἰκότως
2674 3199 2807 3269 δῆτα
2846 3200 2978 3268 ἡμῖν
3025 3198 3082 3249 ὲν
3135 3195 3301 3249 ἆπασι
3352 3191 3746 3264 παρήγγελται,

2173 3292 2417 3363 ἑτοίμους
2463 3288 2598 3344 εἶναι
2641 3290 2719 3352 είς
2745 3287 3038 3357 ἀπολογίαν
3085 3286 3245 3340 παντὶ
3282 3284 3364 3356 τῷ
3409 3281 3749 3354 ἐπερωτῶντι

2171 3385 2316 3454 ἡμᾶς
2335 3382 2494 3451 λόγον
2521 3382 2648 3452 περὶ
2680 3380 2778 3452 τῆς
2820 3381 2877 3432 ὲν
2901 3381 3033 3450 ἡμῖν
3068 3377 3300 3440 ἐλπίδος.
3333 3375 3500 3429 ’Ὅθεν
3528 3370 3746 3428 καὶτῶν

2169 3471 2302 3523 νέων
2345 3469 2699 3541 συγγραφέων
2743 3467 2941 3539 μυρίας
2988 3467 3136 3530 ὅσας,
3171 3466 3246 3529 ώς
3287 3463 3526 3536 εἴρηται,
3555 3460 3749 3516 πανσό-

2170 3581 2301 3632 φους
2322 3563 2413 3615 καὶ
2439 3564 2683 3633 ἐναργεῖς
2711 3560 2848 3632 μετά
2870 3557 3242 3630 συλλογισμῶν
3262 3558 3587 3625 ἀποδείξεις,
3612 3556 3748 3628 ὑπὲρ

2165 3656 2258 3710 τοῦ
2284 3656 2402 3709 καθ’
2444 3657 2590 3725 ἡμᾶς
2611 3655 2910 3726 γραφείσας
2943 3653 3122 3721 λόγου,
3144 3651 3436 3720 διαγνῶναι
3467 3651 3745 3721 πάρεστιν,

2169 3746 2539 3818 ὑπομνήματά
2559 3763 2618 3799 τε
2656 3747 2756 3799 οὐκ
2784 3745 2939 3814 ὀλίγα
2979 3746 3058 3807 είς
3082 3743 3181 3807 τὰς
3211 3742 3363 3814 ἱεράς
3404 3742 3499 3795 καὶ
3538 3739 3747 3802 ἐνθέους

2166 3837 2388 3910 Γραφάς
2419 3837 2790 3909 πεπονημένα,
2826 3835 2886 3890 τὸ
2913 3835 3142 3906 ἀψευδές
3182 3851 3241 3887 τε
3274 3835 3370 3887 καὶ
3413 3833 3747 3887 ἀδιάπτωτον

2166 3931 2274 3983 τῶν
2297 3930 2534 4002 ἀρχῆθεν
2556 3929 3024 3998 καταγγειλάντων
3053 3929 3182 4000 ἡμῖν
3205 3926 3294 3979 τὸν
3315 3926 3418 3996 τῆς
3441 3921 3748 3984 θεοσεϐείας

2166 4023 2343 4090 λόγον,
2399 4024 2743 4095 γραμμικαῖς
2791 4019 3094 4085 ἀποδείξεσι
3180 4018 3555 4091 παριστῶντα.
3602 4013 3748 4084 Πλὴν

2163 4114 2298 4168 ἀλλά
2330 4115 2569 4186 περιττοὶ
2604 4115 2654 4173 σί
2680 4114 2827 4183 λόγοι
2860 4114 3077 4178 πάντες,
3108 4105 3183 4167 ὧν
3220 4111 3423 4184 ἐναργῆ
3452 4111 3549 4163 καὶ
3581 4105 3746 4176 σαφέ-

2164 4225 2327 4279 στερα
2357 4206 2425 4260 τὰ
2459 4207 2614 4280 ἔργα,
2653 4207 2794 4278 ἅπερ
2815 4208 2847 4277 ἠ
2870 4205 2989 4259 θεία
3028 4206 3118 4258 καὶ⁸
3151 4204 3398 4274 οὐράνιος
3443 4201 3540 4255 τοῦ
3566 4199 3747 4270 Σωτῆ-

2166 4318 2254 4371 ρος
2307 4298 2464 4371 ἡμῶν
2505 4300 2774 4370 δύναμις,¹
2802 4299 3006 4362 πάντας
3056 4296 3372 4370 ἀνθρώπους
3416 4296 3518 4367 τὴν
3569 4292 3748 4347 ἔνθεον

2161 4396 2255 4447 καὶ
2279 4395 2525 4463 οὐράνιον
2554 4393 2695 4466 ζωὴν
2726 4393 3202 4463 εὐαγγελιζομένη,
3232 4391 3534 4463 διαρρήδην
3579 4388 3744 4442 εἰσέτι

487 4460 654 4514 men“
685 4460 728 4515 ⁸⁸
764 4479 784 4512 ¹
825 4460 1114 4518 Emmvem
1161 4463 1282 4532 iure
1327 4467 1484 4522 “oms
1517 4467 1656 4523 Ῐηιθτ
1704 4484 1894 4526 omnes
1925 4488 2060 4542 Ρτὶε·
2090 4492 2133 4547 ι)
2163 4485 2255 4537 καὶ
2281 4460 2374 4536 νῦν
2415 4460 2799 4537 ὲπιδείκνῦται.
2826 4460 3204 4550 Ᾰῦτίκανγοῦν
3395 4460 3745 4534 διδασκαλίαν

485 4560 699 4620 ceptum
729 4553 832 4607 hoc
854 4562 967 4618 est,
1021 4563 1082 4608 ut
1108 4556 1448 4626 quicunque.
1470 4559 1688 4612 demum
1724 4561 1869 4616 illius
1901 4563 2050 4632 spei,

461 4659 605 4714 .qua:
635 4646 895 4714 religione
927 4656 1113 4701 nostra
1143 4649 1456 4704 continetur
1475 4690 1490 4717 ,
1521 4651 1784 4706 rationem
1809 4667 1874 4708 ex
1898 4655 2053 4711 nobis

462 4726 759 4806 'rcquirat,
810 4740 878 4794 ad
923 4741 1326 4810 suscipiendam
1370 4742 1490 4812 ejus
1538 4745 1910 4801 defensionem
1961 4763 2055 4817 pa-

480 4830 586 4883 rati
620 4834 880 4887 continuo
934 4849 989 4889 et
1031 4837 1267 4905 expediti
1325 4837 1515 4893 simus.
1568 4836 1930 4903 Quamobrem
1959 4854 2056 4893 ex-

479 4921 694 4990 plorare
738 4925 910 4980 cuivis
953 4940 1014 4981 ac
1046 4927 1320 4984 discutere
1371 4931 1533 4997 licet,
1575 4946 1699 4985 cum
1749 4932 2056 4988 innumera-

479 5013 637 5080 biles,
669 5025 876 5072 utante
905 5018 1191 5087 dicebam,
1240 5038 1378 5091 quas
1430 5025 1763 5080 recentiores
1807 5026 2054 5096 plerique

481 5107 828 5163 acutissimas
860 5119 914 5164 et
941 5112 1377 5170 evidentissimas
1429 5115 1494 5169 ad
1543 5116 1804 5170 doctrinae
1852 5127 2055 5173 nostra:

481 5197 949 5254 conﬁrmationem
977 5213 1418 5275 argumentorum
1440 5207 1786 5276 probationes
1815 5209 2050 5278 edidere;

555 5308 576 5339 ⁸
613 5306 634 5360 ι
665 5307 796 5364 Cor.
833 5325 892 5374 ιι,
919 5310 975 5365 4.
1051 5313 1072 5344 ⁷
1126 5316 1258 5371 ibid.
1291 5315 1344 5380 6,
1379 5312 1432 5368 7.
1498 5314 1519 5344 ⁸
1545 5330 1582 5368 ιι
1608 5318 1733 5373 Cor.
1760 5332 1840 5383 ιιι,
1867 5317 1920 5382 5,
1953 5321 2008 5375 6.

553 5422 940 5500 (θ’)1Πὰντᾳςξ
962 5426 1350 5500 ἀνθρώπρυς.
1377 5426 1611 5500 Εεινληιιί
1665 5429 1839 5500 legere
1883 5435 2054 5499 malit,

481 5493 561 5556 εἰς
611 5493 818 5567 πάντας
850 5494 1188 5567 ἀνθρώπους.
1226 5497 1354 5551 Mihi
1387 5493 1866 5554 nihil-mutandum
1901 5493 2055 5556 vide;

484 5571 607 5628 tur;
638 5561 893 5634 frequens
924 5561 1069 5620 enim
1109 5583 1238 5621 usus
1290 5577 1370 5622 est
1415 5569 1561 5622 verbi
1608 5569 2055 5638 εὐαγγελίζεσθαι

486 5648 608 5686 cum
645 5645 885 5706 accusat.
924 5637 1135 5706 tamrei
1160 5653 1320 5706 quam
1353 5655 1611 5706 personre.
1662 5637 1908 5696 unum
1953 5661 2054 5697 no-

485 5713 596 5783 ster
612 5722 624 5758 :
648 5704 872 5783 Π-άνμτας.
882 5704 1200 5783 ἀνθρώπους
1220 5704 1513 5783 τὴξξνθεον
1536 5711 1627 5762 καὶ
1641 5711 1886 5782 οὐράνιον
1910 5712 2052 5783 ζωὴν

483 5773 964 5848 ιύαγγελιζομένη·
986 5773 1058 5834 ἐι
1087 5776 1228 5833 infra
1255 5773 1378 5832 {Ti
1426 5780 1675 5852 μέγιστα,
1708 5773 1804 5836 ’καὶ
1840 5773 2051 5855 ἀληθῶς

2165 4573 2328 4630 αὑτοῦ
2372 4574 2813 4647 κηρυχθήσεσθαι
2839 4573 3070 4644 καθόλης
3096 4574 3192 4644 τῆς
3221 4570 3528 4643 ἀνθρώπων
3564 4571 3743 4623 οἰκου-

2159 4665 2344 4735 μένης,
2381 4667 2458 4728 είς
2489 4665 2784 4738 μαρτύριον
2831 4666 2963 4718 πᾶσι
3003 4667 3113 4727 τοῖς
3141 4663 3316 4716 ἔθνεσι
3361 4662 3744 4725 θεσπίσαντος,

2155 4759 2253 4829 τήν
2282 4775 2341 4811 τε
2369 4757 2593 4830 ὕστερόν
2645 4775 2772 4810 ποτε
2807 4758 3075 4810 συστᾶσαν
3104 4759 3170 4828 τῇ
3202 4755 3364 4809 αὑτοῦ
3410 4757 3643 4825 δυνάμει
3685 4753 3745 4819 ἐξ

2155 4853 2407 4906 ἁπάντων
2449 4851 2558 4904 τῶν
2586 4849 2752 4903 ὲθνῶν
2789 4849 3133 4922 Ἐκκλησίαν,
3160 4848 3310 4903 οὔπω
3348 4849 3472 4903 τότε
3501 4847 3627 4902 καθ’
3652 4846 3745 4912 οὓς

2156 4944 2564 5018 ὲνηνθρωπήκει
2611 4945 2831 5017 χρόνους
2878 4945 3180 5017 ὁρωμένην,
3222 4944 3344 4996 οὐδὲ
3391 4941 3743 4996 συνεστῶσάν

2156 5055 2262 5101 πω,
2298 5036 2462 5108 ἐνθέῳ
2501 5035 2805 5107 προγνώσει
2854 5036 3119 5107 ἀήττητον
3168 5035 3262 5088 καὶ
3309 5034 3744 5106 ἀκαταμάχητον

2156 5125 2391 5191 ἔσεσθαι,
2420 5127 2512 5179 καὶ
2538 5126 2896 5198 μηδεπώποτε
2921 5127 3025 5179 ὑπὸ
3063 5125 3290 5178 θανάτου
3320 5124 3742 5196 νικηθήσεσθαι,

2158 5219 2375 5273 ἑστάναι
2400 5219 2456 5272 δὲ
2503 5219 2594 5272 καὶ
2661 5218 2845 5290 μένειν
2887 5220 3151 5281 ἄσειστον,
3197 5217 3346 5272 ώσάν
3375 5219 3464 5271 ἐπ’
3503 5218 3742 5289 ἀσείστῳ

2161 5434 2338 5508 ἀγαθά
2364 5436 2567 5501 πάντας
2591 5435 2908 5507 ἀνθρώπους
2938 5435 3392 5508 εὐαγγελίσασθαι
3420 5434 3517 5492 τὸν
3542 5436 3742 5508 ἡμέτε-

2165 5506 2458 5586 ρον-λόγον,
2495 5518 2548 5561 et.
2600 5506 2727 5560 alibi
2781 5524 2940 5586 saepe.
2975 5507 3127 5586 Quod
3159 5508 3377 5586 in_alii_s_
3401 5506 3738 5586 quibusdam

2159 5576 2341 5656 verbis
2370 5587 2642 5647 receptum
2674 5585 2775 5636 est.
2806 5588 2863 5632 ut
2891 5579 2946 5632 in
2977 5580 3170 5644 ποιεῖν,
3207 5577 3560 5648 ἐργάξεσθαι,
3588 5586 3642 5632 et
3670 5576 3740 5632 sic

2163 5647 2557 5788 ἠ’έὲιίυῗίὶιράς.
2596 5717 2753 5775 Ιαοηιι
2785 5718 3073 5790 legendum
3105 5721 3311 5792 χεῖρας.
3343 5719 3502 5776 Enn.
