3948 6376
453 350 526 408 35
1105 345 1376 405 EUSEBII
1414 346 1891 405 CESARIENSIS
1928 349 2076 406 OPP.
2113 348 2298 406 PARS
2331 346 2397 404 ll.
2441 373 2510 393 κ
2547 355 3051 415 APOLOGETICA.
3632 371 3695 426 δα

452 468 631 524 nicem
661 476 823 539 caput
868 466 1105 531 attollit,
1153 482 1219 522 ac
1272 466 1430 522 novis
1462 467 1704 537 quotidie
1746 466 2025 538 dignitatis

2136 467 2343 541 ἐχθροῖς
2376 467 2471 525 καὶ
2505 473 2785 543 πολεμίοις
2831 472 3100 528 δουλείαν.
3142 475 3208 527 Ἀ
3252 478 3346 531 καὶ
3382 482 3497 546 ταῖς
3543 489 3701 559 strop-

452 558 805 616 incrementis
838 570 1018 621 aucta,
1046 557 1279 627 spiritali
1314 572 1379 611 ac
1408 557 1595 612 divino
1618 558 1924 627 praedicatae
1965 558 2035 614 ab

454 649 550 706 illo
581 649 797 721 pietatis
836 647 1048 721 fulgore
1076 650 1277 718 passim
1305 650 1379 703 ita
1409 655 1753 715 coruscat,ut
1776 665 1886 705 non
1914 650 2033 706 suis

454 752 669 799 tantum
703 741 975 808 hostibus,
1009 742 1101 796 sed
1136 756 1204 795 ne
1251 741 1384 810 ipsis
1406 741 1625 811 quidem
1671 743 1867 799 mortis
1903 742 2036 799 fori-

454 833 558 887 bus
590 833 672 887 vel
700 833 967 885 tantillum
1000 830 1279 886 debilitata
1312 832 1592 886 concedat.
1635 832 1766 898 Quae
1813 834 2033 903 quidem

452 928 638 981 omnia
670 927 798 981 huic
829 926 920 980 uni
974 927 1042 981 ab
1093 940 1159 980 eo
1204 926 1477 994 quondam
1516 928 1740 995 prolata:
1788 928 1906 982 voci
1940 943 2032 983 ac-

449 1028 605 1089 Cepta
627 1018 842 1072 ferenda
882 1027 1010 1073 sunt
1029 1020 1049 1051 '
1080 1037 1094 1072 :
1123 1036 1141 1069 ι
1171 1016 1344 1087 Super
1365 1018 1504 1072 hanc
1527 1027 1732 1087 petram
1755 1020 2034 1075 aediﬁcabo

450 1110 754 1167 Ecclesiam
782 1126 955 1165 meam
975 1153 989 1177 ,
1037 1120 1090 1165 et
1120 1119 1291 1179 portae
1334 1109 1491 1165 inferi
1524 1126 1629 1165 non
1662 1110 2034 1180 praevalebunt

450 1202 716 1257 adversus
751 1217 892 1256 eam.
949 1220 968 1254 ›
1010 1201 1275 1256 Caeterum
1335 1202 1544 1256 infinita
1593 1212 1721 1257 sunt
1771 1203 1823 1256 id
1858 1218 2031 1272 genus

450 1292 557 1348 alia
578 1333 593 1359 ,
646 1307 676 1345 a
711 1289 1001 1346 Servatore
1034 1300 1225 1346 nostro
1283 1291 1644 1360 pramuntiata
1668 1331 1683 1357 ,
1744 1290 1945 1361 quibus
1975 1290 2031 1344 in

449 1385 731 1456 proprium
758 1401 822 1439 ac
852 1383 1129 1455 singulare
1160 1392 1539 1454 argumentum
1576 1383 1869 1453 locumque
1894 1397 2030 1437 conc

449 1480 639 1549 gestis,
679 1478 809 1532 dum
864 1486 1226 1547 congruentes
1272 1485 1326 1531 et
1378 1486 1777 1532 consentaneos
1828 1475 2031 1531 divinis

448 1564 566 1634 ejus
624 1566 1087 1635 praesensionibus
1134 1581 1318 1620 rerum
1370 1567 1612 1636 ipsarum
1665 1566 1846 1621 exitus
1904 1574 2032 1620 ante

448 1656 641 1711 oculos
669 1657 947 1726 ponimus,
978 1672 1168 1711 eorum
1198 1671 1319 1725 qua:
1351 1655 1513 1710 nobis
1540 1655 1608 1710 de
1648 1654 1763 1724 ipso
1797 1670 2028 1724 persua-

451 1748 667 1813 demus,
713 1751 1001 1805 certiorem
1035 1750 1184 1805 omni
1213 1749 1551 1803 dubitatione
1575 1748 1857 1802 veritatem
1909 1762 2030 1803 esse

2143 559 2365 629 ρήσεσιν
2408 561 2738 631 ἀκολούθως,
2786 562 2924 633 μετά
2974 563 3075 635 τὴν
3117 564 3212 618 τοῦ
3258 566 3510 640 Σωτῆρος
3556 572 3702 645 ἡμῶν

2140 652 2463 720 παρουσίαν,
2498 653 2775 721 φαίνονται
2811 653 3156 721 πεπονθότες.
3201 656 3326 709 Ἐπὶ
3366 659 3594 729 τούτοις,
3627 667 3704 734 τίς

2140 743 2241 796 ούκ
2293 742 2358 797 ἂν
2404 745 2701 817 ἐκπλαγείη
2749 747 2857 799 τῶν
2907 745 3084 799 αὐτῶν
3137 747 3350 802 ἀκούων
3399 756 3703 826 προφητῶν,

2144 833 2281 903 μετὰ
2311 836 2413 906 τὴν
2445 837 2682 909 Χριστοῦ
2712 838 3032 909 παρουσίαν,
3056 838 3152 909 τὴν
3178 838 3285 891 τῶν
3300 840 3563 897 Ἰουδαίων
3588 846 3708 902 ἀπό-

2140 943 2364 992 πτωσιν,
2399 927 2498 998 τὴν
2533 928 2640 981 τῶν
2680 928 2850 982 ἐθνῶν
2881 929 3089 1000 κλῆσιν,
3127 929 3407 1002 λαμπραῖς
3436 936 3532 986 καὶ
3561 937 3704 992 διαυ-
3752 956 3759 963 ·

2139 1018 2258 1086 γέσι
2289 1023 2491 1088 φωναῖς
2524 1021 3015 1092 εύαγγελιζομένην
3047 1021 3158 1094 (8);
3194 1024 3266 1077 Ἦ
3299 1025 3396 1077 καὶ
3441 1026 3577 1099 αὐτὴ
3621 1030 3707 1085 ἄν·

2136 1127 2327 1193 τικρυς
2366 1114 2444 1174 είς
2473 1110 2632 1183 ἔργον
2668 1112 2913 1183 ἐχώρησε
2944 1115 3065 1177 ταῖς
3099 1115 3460 1186 προφητείαις
3489 1119 3703 1175 ἀκολού-

2139 1198 2265 1264 θως,
2297 1200 2383 1253 διὰ
2408 1200 2506 1270 τῆς
2546 1200 2639 1253 τοῦ
2676 1203 2924 1272 Σωτῆρος
2953 1201 3110 1273 ήμῶν
3148 1203 3516 1269 διδασκαλίας,
3555 1207 3619 1261 δι’
3646 1202 3703 1264 οῦ

2139 1292 2203 1343 ὲκ
2234 1292 2431 1355 παντὸς
2457 1292 2647 1361 γένους
2682 1291 2982 1364 ἀνθρώπων
3010 1293 3193 1366 μυρίοι
3224 1294 3337 1346 ὅσοι
3364 1294 3461 1365 τὴν
3494 1294 3599 1349 τῶν
3628 1298 3703 1353 εί-

2135 1381 2316 1435 δώλων
2343 1383 2783 1453 ἀποστραφέντες
2810 1384 3035 1454 πλάνην,
3070 1384 3165 1438 τοῦ
3201 1384 3297 1437 ἐπὶ
3332 1385 3550 1440 πάντων
3577 1388 3706 1444 Θεοῦ

2137 1473 2233 1544 τὴν
2264 1474 2440 1546 ἀληθῆ
2468 1474 2666 1543 γνῶσίν
2691 1491 2751 1527 τε
2780 1475 2871 1528 καὶ
2905 1476 3189 1529 εὑσέδειαν
3217 1475 3591 1541 κατεδέξαντο,
3619 1495 3708 1550 μο-

2136 1566 2345 1635 νονουχῒ¹
2396 1566 2741 1637 πιστούμενοι
2787 1569 2914 1629 τοὺς
2958 1566 3067 1619 τῶν
3116 1566 3361 1621 παλαιῶν
3409 1569 3705 1638 χρησμοὺς,

2134 1657 2257 1721 τούς
2286 1675 2345 1711 τε
2366 1658 2576 1723 ἄλλους,
2607 1660 2698 1712 καὶ
2721 1658 2783 1729 δὴ
2811 1658 2900 1711 τὸν
2928 1657 3014 1711 διὰ
3041 1658 3134 1711 τοῦ
3173 1659 3442 1729 Ἱερεμίου
3473 1659 3565 1712 τοῦ
3589 1679 3708 1732 προ-

2136 1750 2327 1820 φήτου,
2365 1750 2665 1821 φήσαντος·
2698 1768 2719 1801 ι
2758 1749 2926 1821 Κύριε
2955 1750 2983 1803 ὁ
3006 1749 3138 1812 Θεός
3169 1766 3291 1820 μου,
3328 1749 3467 1819 πρὸς
3497 1750 3554 1803 σὲ
3586 1751 3703 1825 ἔθνη

448 1839 915 1897 demonstramus.
949 1839 1134 1911 Neque
1175 1855 1304 1894 vero
1348 1840 1480 1894 levis
1531 1849 1585 1894 et
1639 1839 2030 1894 contemnenda

2136 1842 2354 1912 ἥξουσιν
2382 1842 2474 1895 ἀπ’
2509 1842 2733 1914 ἐσχάτου
2760 1843 2859 1916 τῆς
2884 1842 3011 1912 γῆς,
3047 1844 3140 1895 κα)⁵
3170 1842 3408 1913 ἐροῦσιν,
3434 1842 3510 1907 ὡς
3541 1845 3701 1918 ψευδῆ

447 1944 552 2000 est,
578 1935 622 1990 si
658 1934 725 1988 ad
761 1934 1069 2005 superiores
1104 1934 1466 2004 adjungatur,
1496 1931 1669 1986 eidem
1702 1930 1915 1984 veritati
1942 1946 2030 1985 as—

2142 1934 2442 2003 ὲκτήσαντο
2480 1934 2528 1987 οἱ
2570 1932 2803 2003 πατέρες
2849 1932 3008 2003 ἡμῶν
3051 1932 3265 1997 εἴδωλα,
3302 1932 3399 1986 καὶ
3438 1934 3535 1985 ούκ
3562 1931 3626 2004 ἦν
3649 1939 3704 1989 ὲν

448 2028 691 2081 serendae
723 2026 877 2091 fides,
905 2042 1070 2096 quam
1101 2042 1167 2080 ex
1191 2024 1578 2080 Hebraicarum
1608 2024 1910 2079 litterarum
1947 2031 2025 2078 te-

2136 2024 2314 2087 αύτοῖς
2345 2024 2601 2094 ὠφέλεια.
2633 2025 2697 2078 Εἰ
2728 2026 3003 2095 ποιήσειεν
3034 2024 3183 2096 αὑτῷ
3209 2024 3495 2097 ἄνθρωπος
3535 2025 3701 2093 θεοὺς,

448 2118 707 2174 stimonio
737 2119 1090 2186 arcessimus,
1128 2134 1249 2173 cum
1285 2117 1351 2172 iis
1384 2125 1509 2172 ante
1560 2124 1641 2170 tot
1681 2130 1853 2170 annos
1886 2130 2025 2185 praeo

2136 2112 2224 2165 καὶ
2249 2112 2347 2165 οὐκ
2369 2112 2504 2166 εἰσὶν
2536 2130 2681 2166 ουτοι
2708 2112 2850 2179 θεοί;
2890 2132 2908 2165 ›

448 2210 682 2266 sentiunt
735 2208 1004 2262 bonorum
1053 2206 1473 2277 promissionem
1532 2203 1742 2259 Hebraei
1790 2204 2063 2274 prophetae
2103 2203 2283 2272 generi
2335 2202 2644 2257 mortalium
2701 2203 2954 2259 universo
2997 2205 3365 2275 praedicarim,
3432 2206 3703 2280 ipsiusque

449 2304 587 2357 adeo
614 2301 816 2357 Christi
851 2300 1093 2356 nominis
1138 2300 1213 2354 ita
1246 2298 1628 2361 meminerint,
1670 2306 1731 2351 ut
1780 2297 2021 2351 futurum
2063 2295 2229 2350 simul
2278 2295 2346 2349 ad
2394 2295 2642 2351 homines
2696 2296 2939 2365 ejusdem
2996 2298 3285 2352 adventum
3342 2298 3702 2368 praedixerint.

445 2394 597 2449 Adde
631 2393 777 2464 quod
816 2407 1016 2448 novum
1069 2392 1233 2447 etiam
1299 2400 1353 2446 et
1394 2391 1664 2455 insolens,
1696 2405 1818 2461 quae
1862 2405 1958 2460 per
2000 2403 2192 2443 omnes
2234 2388 2463 2458 populos
2500 2388 2835 2451 funderetur,
2875 2389 3132 2446 doetrinaz
3183 2406 3356 2462 genus
3382 2392 3700 2456 indicarunt,

446 2486 688 2542 futuram
722 2503 941 2557 quoque
990 2486 1228 2541 Judaicaa
1278 2486 1517 2542 nationis
1565 2485 1996 2541 incredulitatem
2041 2496 2097 2539 et
2133 2484 2477 2540 oblirmatam
2532 2485 2587 2540 in
2642 2486 2996 2556 repugnando
3068 2490 3469 2543 contumaciam
3516 2487 3703 2557 praedi-

447 2591 652 2650 centes,
679 2598 779 2638 nec
814 2599 923 2637 non
951 2582 1212 2653 quidquid
1240 2583 1501 2637 adversus
1531 2597 1655 2636 eum
1679 2582 1843 2652 impie
1881 2582 2067 2636 molita
2107 2590 2209 2646 est,
2239 2595 2303 2634 ac
2345 2595 2683 2650 quaecunque
2712 2581 2859 2635 illam
2894 2590 3176 2651 propterea
3213 2597 3323 2635 non
3363 2582 3541 2637 dilatae
3583 2582 3703 2636 lou«

445 2679 599 2749 gius,
667 2679 724 2750 9
782 2679 877 2734 sed
919 2681 1075 2748 quasi
1120 2694 1152 2734 e
1196 2680 1425 2751 vestigio
1474 2688 1671 2735 secuta:
1715 2678 2052 2733 calamitates
2111 2692 2431 2747 oppressere
2483 2695 2497 2731 :
2564 2692 2873 2747 supremam
2942 2677 3182 2748 intelligo
3244 2678 3410 2748 regiae
3465 2678 3699 2747 ipsorum

444 2775 763 2845 metropolis
786 2775 1146 2840 obsidionem,
1202 2775 1487 2846 ipsamque
1527 2775 1659 2829 adeo
1698 2775 1847 2843 regni
1908 2773 2152 2828 funditus
2185 2773 2356 2828 excisi
2400 2776 2757 2839 eversionem,
2803 2787 2927 2827 cum
2977 2788 3168 2827 eorum
3197 2788 3295 2843 per
3330 2787 3522 2827 omnes
3571 2786 3698 2841 gen-

444 2875 530 2922 tes
545 2868 906 2938 dispersione,
935 2884 1209 2941 quamque
1232 2870 1334 2925 sub
1362 2870 1707 2925 inimicorum
1739 2880 1791 2925 et
1831 2870 2066 2925 hostium
2112 2870 2392 2923 dominatu
2416 2870 2696 2938 patiuntur
2745 2869 2990 2925 servituti
3027 2870 3397 2938 conjunctam.
3425 2867 3554 2933 Quae
3589 2882 3702 2922 cera

446 2970 501 3015 te
538 2961 987 3032 praedictionibus
1028 2960 1134 3015 illis
1174 2968 1562 3026 consentanea,
1606 2969 1729 3032 post
1783 2962 2023 3030 ejusdem
2065 2959 2239 3014 nostri
2287 2957 2591 3014 Servatoris
2640 2959 2954 3026 adventum,
3002 2960 3052 3013 in
3090 2960 3334 3013 omnium
3376 2959 3549 3013 oculis
3581 2974 3700 3029 per-

446 3057 641 3113 tulere.
666 3056 785 3111 Jam
818 3072 946 3112 vero
974 3058 1098 3128 quis
1141 3073 1249 3113 non
1306 3058 1548 3113 illustres
1581 3058 1701 3111 illas
1736 3066 1898 3127 atque
1935 3056 2251 3126 perspicuas
2295 3054 2608 3109 eorumdem
2651 3055 3041 3123 prophetarum
3085 3070 3267 3118 voces,
3312 3055 3515 3123 quibus
3555 3052 3696 3108 futu-

444 3169 591 3221 ram,
620 3153 843 3208 Christo
881 3153 992 3222 jam
1024 3169 1091 3208 ex
1130 3154 1295 3209 rebus
1341 3154 1597 3208 humanis
1647 3153 1936 3217 subducto,
1985 3166 2109 3207 cum
2148 3150 2459 3205 Judmorum
2505 3149 2903 3219 prolapsionem
2964 3165 3028 3205 ac
3073 3149 3527 3219 repudiationem,
3589 3157 3697 3201 tum

446 3248 687 3317 gentium
740 3245 1081 3299 vocationem
1151 3242 1382 3298 feliciter
1432 3244 1899 3313 prmnuntiarunt,
1972 3242 2334 3297 admiratione
2406 3240 2615 3294 deﬁxus
2665 3241 3046 3310 Obstupescat,
3107 3255 3231 3294 cum
3292 3240 3408 3294 hinc
3460 3239 3697 3294 similiter

447 3341 753 3396 Servatoris
794 3340 963 3393 nostri
1005 3339 1267 3394 doctrinae
1315 3339 1597 3403 beneﬁcio,
1641 3339 1822 3410 palam
1857 3337 2061 3393 exitum
2102 3347 2261 3391 nacta
2314 3335 2476 3391 fuerit
2531 3351 2654 3390 cum
2696 3336 2910 3389 illorum
2961 3334 3258 3405 prophetiis
3315 3334 3541 3388 omnino
3572 3348 3692 3388 σοιν

442 3436 754 3509 gruentem?
779 3435 880 3489 Per
929 3435 1105 3505 ipsum
1142 3436 1287 3488 enim
1339 3434 1587 3489 effectum
1645 3443 1749 3501 est,
1775 3441 1832 3487 ut
1871 3432 2282 3488 innumerabilis
2310 3448 2375 3486 ex
2422 3431 2571 3485 onmi
2600 3431 2883 3485 hominum
2933 3443 3128 3499 genere
3166 3428 3457 3483 multitudo
3492 3425 3700 3496 rejectis

448 3534 719 3588 idolorum
768 3530 1065 3596 erroribus,
1123 3545 1306 3585 veram
1341 3530 1688 3601 praepotentis
1728 3546 1909 3585 rerum
1950 3530 2193 3584 omnium
2243 3528 2602 3584 moderatoris
2639 3525 2732 3580 Dei
2783 3526 3031 3579 notitiam
3076 3523 3498 3592 religionemque
3532 3521 3697 3575 susci-

445 3635 632 3699 peret,
685 3640 918 3695 cumque
956 3634 1273 3680 caeterorum
1335 3640 1456 3695 qua:
1518 3626 1683 3695 prisci
1732 3626 1983 3681 homines
2038 3624 2295 3680 fuderunt
2344 3624 2710 3687 oraculorum,
2762 3633 2876 3677 tum
2927 3622 3091 3690 hujus
3142 3620 3410 3689 imprimis
3458 3615 3698 3672 Ieremia:

445 3721 743 3792 prophetia:
775 3720 935 3774 fidem
986 3719 1389 3790 quodammodo
1422 3720 1606 3776 facere
1633 3722 1910 3777 videretur
1939 3739 1955 3776 :
1992 3740 2010 3774 ι
2059 3720 2285 3776 Domine
2308 3720 2451 3775 Deus
2498 3736 2673 3784 meus,
2698 3719 2765 3774 ad
2794 3728 2847 3775 te
2884 3726 3069 3789 gentes
3127 3716 3342 3770 venient
3370 3717 3439 3769 ab
3462 3723 3696 3769 extremo

445 3823 626 3882 terrae,
659 3825 711 3870 et
759 3815 961 3885 dicent,
1005 3814 1150 3884 quod
1202 3814 1336 3870 falsa
1375 3824 1556 3884 patres
1604 3814 1772 3871 nostri
1799 3814 1941 3869 idola
1998 3813 2376 3883 possederunt,
2408 3829 2508 3869 nec
2552 3822 2671 3868 erat
2722 3813 2776 3868 in
2818 3812 2949 3881 ipsis
2998 3809 3224 3863 utilitas.
3280 3807 3337 3861 Si
3397 3807 3556 3862 faciet
3595 3804 3693 3859 sibi

448 3907 614 3965 homo
644 3910 796 3975 deos,
828 3922 881 3967 et
913 3909 1015 3981 ipsi
1043 3923 1154 3963 non
1181 3914 1309 3963 sunt
1331 3907 1405 3962 dii
1436 3908 1513 3965 ³⁰2
1554 3924 1572 3959 ι

1060 4022 1288 4080 CAPUT
1325 4021 1417 4078 IV.

458 4136 575 4196 Non
603 4141 991 4195 inconsiderate
1023 4156 1115 4194 nos
1138 4140 1207 4193 ad
1236 4156 1409 4194 rerum
1438 4138 1843 4192 utilissimarum
1872 4136 2030 4207 ﬁdem

865 4229 960 4265 suo
999 4221 1225 4282 tempore
1253 4212 1621 4264 adhaerescere.

522 4306 649 4363 Haec
671 4307 835 4379 igitur
863 4309 951 4363 illa
978 4319 1127 4373 sunt,
1159 4309 1358 4378 quibus
1392 4307 1627 4362 instituti
1671 4305 1840 4361 nostri
1892 4305 2031 4360 ratio

451 4401 527 4457 ita
548 4399 924 4465 confirmatur,
950 4410 1009 4456 ut
1039 4400 1222 4470 quivis
1252 4397 1515 4468 intelligat
1547 4412 1666 4451 eam
1703 4411 1811 4450 non
1835 4396 2030 4451 huma-

451 4504 525 4545 no
555 4490 792 4561 quodam
822 4490 1023 4559 impetu
1051 4490 1437 4559 excogitatam,
1468 4487 1559 4541 sed
1576 4487 1856 4557 pravisam
1889 4485 2027 4539 divi-

450 4583 622 4648 nitus,
655 4583 983 4653 scriptisque
1016 4581 1253 4635 oraculis
1286 4578 1545 4635 divinitus
1586 4576 2026 4647 pramuntiatam,

451 4674 720 4745 longeque
750 4674 885 4729 adeo
919 4673 1091 4743 magis
1116 4670 1385 4725 universis
1415 4668 1727 4723 hominibus
1756 4682 1787 4721 a
1829 4666 2027 4721 Serva-

449 4771 571 4820 tore
611 4775 803 4821 nostro
849 4764 1112 4818 divinitus
1141 4762 1378 4816 oblatam
1411 4760 1597 4815 fuisse.
1630 4757 1890 4812 Praeterea
1923 4773 2027 4810 nu-

450 4859 599 4914 rnine
627 4859 784 4928 plane
807 4856 992 4911 divino
1016 4855 1184 4909 robur
1219 4852 1337 4922 ejus
1360 4867 1424 4907 ac
1458 4851 1773 4905 ﬁrmitatem
1827 4849 2029 4903 consti-

452 4950 607 5015 tisse,
634 4966 755 5005 cum
786 4956 976 5004 vexata
1011 4956 1088 5002 tot
1130 4960 1323 5011 annos,
1358 4944 1664 5015 partimque
1718 4941 2026 4997 daemonum

452 5044 547 5114 qui
580 5042 748 5097 videri
776 5056 882 5095 non
907 5047 1158 5111 possunt,
1189 5036 1389 5107 partim
1424 5050 1616 5090 eorum
1656 5034 1749 5104 qui
1791 5047 1890 5101 pro
1934 5047 2028 5086 va-

453 5135 646 5188 rietate
711 5140 1011 5200 temporum
1076 5128 1275 5184 diversi
1319 5126 1676 5196 imperabant,
1745 5124 2027 5193 oculisque

454 5225 818 5282 cernebantur
841 5225 1141 5293 principum
1163 5220 1457 5275 acerbitate
1475 5217 1698 5288 jactata,
1725 5216 2027 5285 majoribus

456 5316 510 5370 in
525 5316 641 5371 dies
658 5316 999 5369 ornamentis
1013 5324 1065 5367 et
1082 5312 1361 5367 illustriori
1385 5309 1672 5379 splendore
1695 5306 2025 5376 conjunctis,

2476 4072 2481 4077 ,
2671 4010 3061 4065 ΚΕΦΛΛΛΙΟΝ
3096 4011 3168 4062 Δ’.

2134 4132 2255 4187 Ὅτι
2278 4130 2363 4201 μὴ
2393 4126 2645 4195 ἀκρίτως
2668 4123 2824 4201 ’ἡμῖν
2857 4124 2896 4201 ἡ·
2920 4121 3053 4191 περὶ
3082 4119 3199 4201 τῶγ
3237 4114 3696 4201 ὠφελιμωτάτου·

2307 4190 2509 4265 πὶστῖς
2542 4190 2692 4250 κατὰ
2708 4190 2946 4262 Ὗκαιρόν
2983 4190 3521 4260 παραλαμϐάνεται.

2200 4294 2386 4347 Πάντα
2418 4291 2482 4362 δὴ
2514 4287 2685 4341 ταῦτα
2714 4286 2806 4340 τὸν
2831 4286 2961 4357 περὶ
2987 4285 3093 4336 τῶν
3121 4282 3242 4336 καθ’
3276 4283 3421 4351 ἡμᾶς
3450 4273 3697 4349 πραγμάν

2129 4404 2236 4439 των
2264 4382 2547 4437 πιστοῦται
2575 4380 2751 4450 λόγον,
2797 4378 2872 4441 ὡς
2903 4377 3003 4429 οὐκ
3040 4373 3098 4439 ἐξ
3131 4373 3478 4445 ἀνθρωπίνης
3522 4367 3695 4441 ὁρμῆς

2130 4475 2563 4546 ἐπιτηδευθέντα,
2607 4472 2787 4525 θεόθεν
2828 4470 2883 4523 δὲ
2926 4466 3359 4540 προγνωσθέντα,
3389 4464 3484 4518 καὶ
3516 4458 3692 4515 θεόθεν

2128 4570 2214 4624 διὰ
2242 4569 2350 4621 τῶν
2382 4568 2673 4638 ἐγγράφων
2715 4561 2975 4635 χρησμῶν
3019 4557 3562 4631 προαναφωνηθέντα,
3603 4550 3693 4605 καὶ

2130 4661 2266 4714 πολὺ
2300 4660 2460 4712 πλέον
2485 4659 2570 4711 ἔτι
2598 4656 2779 4710 θεόθεν
2816 4655 2903 4709 διὰ
2930 4652 3022 4705 τοῦ
3050 4651 3302 4723 Σωτῆρος
3332 4648 3491 4720 ἡμῶν
3532 4646 3691 4699 πᾶσιν

2127 4748 2432 4822 ἀνθρώποις
2474 4746 2935 4819 προϐεϐλημένον,
2968 4739 3120 4808 αὖθίς
3154 4759 3213 4795 τε
3256 4742 3320 4794 ὲκ
3364 4736 3497 4793 Θεοῦ
3536 4737 3690 4790 δυνιι⁸

2132 4841 2395 4913 μούμενον
2427 4842 2518 4893 καὶ
2546 4839 2876 4903 συνεστῶτα,
2912 4837 2987 4899 ὠς
3020 4838 3077 4890 ὲν
3106 4832 3381 4896 τοσούτοις
3414 4830 3547 4885 ἐτῶν
3576 4825 3690 4900 χρό-

2126 4949 2235 4995 νοις
2289 4931 2643 5001 ἐλαυνόμενον
2683 4929 2819 5001 πρός
2864 4945 2924 4982 τε
2963 4927 3071 4981 τῶν
3115 4924 3360 4995 ἀοράτων
3407 4920 3685 4992 δαιμόνων,

2127 5023 2221 5077 καὶ
2253 5024 2387 5095 πρὸς
2419 5021 2531 5075 τῶν
2560 5022 2699 5075 κατά
2731 5020 2951 5093 χρόνους
2986 5017 3195 5090 ὁρατῶν
3235 5015 3528 5087 ἀρχόντων,
3556 5007 3686 5065 πολὺ

2127 5116 2286 5168 πλέον
2347 5114 2663 5185 διαλάμπειν
2684 5152 2698 5177 ,
2753 5112 3021 5183 ὁσημέραι
3047 5129 3099 5165 τι
3120 5122 3145 5150 ⁸
3169 5106 3485 5178 διαπρέπειν
3506 5101 3596 5155 καὶ
3618 5098 3703 5154 αἲ·

2127 5208 2257 5274 ξειν,
2288 5208 2380 5260 καὶ
2411 5206 2540 5259 πολὺ
2585 5206 2781 5276 μᾶλλον
2809 5202 3063 5273 πληθύειν
3088 5220 3103 5233 ·
3132 5202 3386 5271 ἄντικρυς
3417 5197 3515 5267 τῆς
3546 5193 3683 5249 ἀνω-

2128 5299 2217 5351 θεν
2241 5301 2304 5351 ὲκ
2331 5296 2423 5350 τοῦ
2456 5297 2563 5350 τῶν
2588 5296 2722 5349 ὅλων
2756 5293 2890 5348 Θεοῦ
2925 5294 3231 5365 συνεργίας,
3266 5291 3327 5344 τὸ
3360 5296 3567 5361 ἄμαχον
3598 5279 3685 5337 καὶ

456 5406 848 5476 hominumque
880 5403 1231 5473 frequentiori
1264 5401 1605 5457 multitudine
1636 5406 1919 5469 augeatur.
1951 5394 2023 5452 Ut

2136 5392 2408 5462 ἰιήττητον,
2439 5388 2499 5442 τό
2531 5405 2591 5441 τε
2620 5386 2759 5441 κατά
2788 5385 2894 5439 τῶν
2935 5384 3141 5457 ἐχθρῶν
3188 5380 3460 5454 νικητικόν
3499 5378 3565 5449 τῇ
3594 5368 3684 5427 τοῦ

526 5559 557 5590 ι
595 5547 685 5602 ιον.
705 5563 785 5601 τε.

524 5664 549 5697 ⁸
586 5656 998 5722 Mattli.xv1,18.
1034 5653 1285 5710 "Jerem.
1316 5669 1430 5717 xvr,
1467 5648 1552 5707 l9.

524 5776 600 5849 (8)
636 5768 1200 5849 Εὺατγελιζομένηνο
1257 5766 1415 5849 ΧετἚί
1476 5764 1699 5838 perinde
1750 5775 1814 5816 ac
1860 5756 1907 5815 si
1967 5756 2030 5813 ha

2136 5764 2289 5820 etur,
2345 5747 2882 5820 εὐαγγελιζομένων,
2932 5754 2991 5802 ut
3045 5744 3310 5801 referatur
3366 5739 3432 5795 ad
3480 5743 3679 5808 προφη-

454 5837 594 5904 τῶνί
617 5837 893 5917 Atqué'ita
927 5837 1031 5913 leg.
1064 5844 1227 5896 etiam
1257 5837 1433 5927 Most.
1480 5837 1497 5853 ί
