3948 6376
187 353 249 407 31
1332 332 1655 397 PREPAR.
1700 332 1949 399 BVANG.
1978 332 2109 397 LIB.
2150 334 2191 395 l.
3315 346 3384 400 38

168 477 381 541 Σωτηρος
407 470 555 537 ημων
578 466 897 534 διδασκαλία
932 479 991 516 τε
1034 470 1131 517 καί⁸
1164 475 1504 534 προσηγοριᾳ
1549 476 1693 529 παρ-

1809 465 1968 536 plane
1986 463 2232 521 dubitare
2253 477 2414 519 nemo
2433 464 2607 534 possit
2626 466 2760 536 quin
2785 464 2928 522 Deus
2958 466 3048 521 ille
3064 480 3245 522 rerum
3266 480 3382 521 mo-

164 563 379 635 εχούσης.
412 558 517 611 Καὶ
541 555 601 609 τὺ
627 554 852 610 αὐτόθεν
875 555 933 609 δὲ
975 554 1112 626 πρὸς
1144 552 1374 617 εὐζωῒαν
1409 554 1573 607 πᾶσιν
1604 552 1696 606 ἀν-

166 652 381 727 θρώποις,
413 649 470 701 οὐ
507 649 668 718 μόνον
712 648 777 701 ἐκ
802 647 911 699 τῶν
958 644 1253 717 προφανῶν
1290 644 1454 698 αὐτοῦ
1500 644 1695 712 λόγων,

165 742 272 796 ἀλλά
307 740 393 793 καὶ
438 737 496 802 ἐξ
546 739 867 809 ἀπορρήτου
910 737 1189 806 δυνάμεως
1236 735 1695 807 προϐεϐλημένον,

175 836 257 898 si");
286 834 374 887 ούκ
402 832 463 885 ἂν
488 831 702 899 γένοιτο
734 830 832 901 τῆς
864 829 1047 882 ἐνθέου
1082 829 1360 899 δυνάμεως
1384 827 1551 881 αὑτοῦ
1585 845 1695 881 πα-

172 924 474 997 ραπατικόν;
502 922 667 986 Θείας
699 922 796 993 μὲν
824 919 932 992 γὰρ
952 921 1045 974 καὶ
1074 921 1386 992 ἀπορρήτου
1418 919 1698 989 δυνάμεως

170 1019 233 1092 ἣν,
261 1018 313 1070 τὸ
340 1017 446 1085 ἃμα
473 1013 549 1085 τῷ
578 1012 747 1067 αὐτοῦ
776 1012 939 1083 λόγῳ,
975 1012 1070 1064 καὶ
1103 1010 1200 1063 σὺν
1238 1012 1303 1080 τῇ
1336 1010 1462 1080 περὶ
1496 1025 1699 1079 μοναρ-

169 1114 260 1184 χίας
291 1110 396 1171 ἐνὸς
421 1106 513 1160 τοῦ
550 1109 644 1160 ἐπὶ
678 1108 896 1161 πάντων
934 1102 1068 1157 Θεοῦ
1110 1102 1525 1175 προϐεϐλημένη
1556 1101 1701 1155 διδα-

169 1204 325 1273 σκαλίᾳ
365 1199 544 1260 αὐτοῦ,
579 1199 721 1271 ὁμοῦ
772 1199 867 1252 καὶ
899 1198 1001 1268 τῆς
1034 1194 1409 1259 πολυπλανοῦς
1446 1196 1539 1248 καί⁸
1581 1194 1699 1248 δαι-

167 1294 352 1369 μανικῆς
386 1292 691 1364 ἐνεργείας,
725 1290 863 1361 ὁμοῦ
907 1290 1001 1343 καὶ
1040 1288 1141 1358 τῆς
1171 1288 1281 1341 τῶν
1325 1286 1493 1340 ἐθνῶν
1538 1286 1703 1340 πολυ-

166 1388 320 1459 apris;
349 1385 630 1455 ἐλεύθερον
666 1382 999 1451 καταστῆναι
1030 1380 1093 1433 τὸ
1126 1380 1235 1433 τῶν
1266 1377 1566 1452 ἀνθρώπων
1609 1377 1705 1447 γέ-

166 1496 259 1542 νος’
299 1477 491 1548 μυρίων
537 1474 676 1544 γοῦν
725 1475 786 1528 τὺ
839 1473 1066 1528 παλαιὸν
1112 1472 1234 1525 καθ’
1274 1472 1504 1525 ’ἑκαστον
1549 1470 1702 1533 ἔθνος

165 1571 383 1643 βασιλέων
419 1570 514 1621 καὶ
542 1566 838 1639 τοπαρχῶν
867 1564 1306 1637 ἐπικρατούντων
1347 1564 1488 1617 κατὰ
1520 1563 1702 1627 πόλεις

165 1665 237 1721 καὶ
269 1662 456 1734 χώρας,
488 1662 585 1714 καί⁵
619 1660 731 1713 τῶν
768 1659 864 1730 μὲν
906 1655 1452 1729 δημοκρατουμένων,
1493 1654 1603 1708 τῶν
1642 1654 1701 1708 δὲ

164 1754 586 1827 τυραννουμένων,
637 1751 745 1805 τῶν
791 1749 849 1803 δὲ
888 1746 1402 1822 πολυαρχουμένων,
1446 1745 1701 1817 πολέμων

1808 558 2025 613 derator
2040 558 2307 624 omnium,
2330 557 2633 615 Servatoris
2653 558 2823 614 nostri
2843 557 3105 613 doctrina:
3164 556 3268 624 ιο
3318 572 3383 613 ac

1809 648 2145 704 nominivim
2170 651 2464 721 quamdam
2488 652 2636 707 omni
2666 658 2866 706 conatu
2896 659 2949 705 et
2975 648 3385 721 oppugnatione

1808 743 2167 814 superiorem,
2191 754 2621 814 cunctarumque
2641 744 2919 799 victricem
2952 743 3188 797 hostium
3218 742 3383 797 coele-

1809 837 1876 891 sti
1898 836 2103 890 auxilio
2126 835 2409 905 largiatur.
2435 836 2552 891 Jam
2577 851 2705 891 vero
2728 835 2857 889 illud
2880 836 3080 903 ipsum,
3103 834 3246 902 quod
3267 849 3385 888 om-

1807 929 1969 983 nibus
2000 943 2095 997 per
2134 943 2253 982 sese
2292 929 2604 983 hominibus
2632 928 2696 982 ad
2726 927 2863 981 bene
2896 927 3161 995 beateque
3195 924 3383 979 viverr-

1807 1020 1958 1085 dum,
1990 1019 2188 1089 partim
2220 1018 2542 1073 clarissimis
2565 1020 2737 1089 ipsius
2765 1020 2962 1083 verbis,
2996 1019 3192 1087 partim
3219 1016 3268 1070 vi
3294 1032 3386 1071 oc-

1807 1112 2039 1166 cultiore
2067 1110 2491 1181 proponebatur,
2516 1111 2795 1180 cujus'non
2818 1111 2990 1164 oculis
3008 1110 3246 1164 divinam
3265 1107 3385 1175 ejus

1810 1212 2133 1274 potestatem
2168 1203 2533 1271 virtutemque
2584 1202 2883 1271 subjiciat?
2924 1201 3139 1256 Etenim
3188 1200 3386 1255 divinas

1804 1292 2048 1365 profecto
2076 1307 2397 1362 arcanzeque
2418 1292 2701 1362 patestatis
2724 1292 2776 1345 id
2798 1290 2922 1357 fuit,
2944 1300 3002 1345 ut
3030 1291 3194 1345 simul
3217 1300 3381 1359 atque

1805 1388 2033 1442 verbum
2073 1387 2240 1453 illius,
2268 1386 2444 1454 deque
2468 1385 2667 1439 summi
2708 1385 2871 1439 unius
2900 1392 3109 1438 tantum
3142 1382 3259 1447 Dei,
3281 1381 3379 1451 qui

1805 1480 1970 1535 rebus
1993 1489 2251 1550 praeesset
2278 1478 2555 1543 omnibus,
2572 1479 2903 1547 principatu,
2920 1477 3164 1532 doctrina
3187 1490 3386 1545 propo-

1804 1579 2047 1636 neretur,
2077 1571 2339 1626 continuo
2362 1585 2534 1639 genus
2554 1570 2836 1623 hominum
2865 1569 2917 1623 in
2942 1570 3206 1639 integram
3225 1569 3387 1623 liber-

1802 1672 1969 1719 tatem
2003 1678 2126 1718 cum
2151 1678 2181 1717 a
2204 1662 2549 1717 fraudulenta
2570 1663 2877 1717 daemonum
2905 1662 3246 1728 ellicacitate,
3269 1673 3385 1717 tum

1803 1767 1839 1812 a
1864 1754 2148 1826 multiplici
2175 1755 2414 1826 gentium
2433 1754 2710 1809 dominatu
2737 1754 3125 1809 vindicaretur.
3152 1755 3387 1809 Pr-:eser-

163 1866 207 1903 τε
238 1846 357 1901 κατὰ
382 1844 442 1898 τὸ
481 1845 633 1909 είκὸς
677 1846 742 1897 ἐκ
783 1841 971 1897 τούτου
1013 1842 1282 1896 παντοίων
1332 1837 1699 1904 συνεστώτων,

1809 1846 1925 1912 tim,
1955 1860 2081 1902 cum
2110 1846 2351 1903 sexcenti
2376 1846 2505 1901 olim
2557 1860 2713 1917 reges
2752 1846 2989 1916 singulis
3029 1846 3083 1901 in
3135 1847 3376 1901 nationi-

164 1940 298 1995 ἐθνῶν
345 1938 515 1991 ἔθνεσι
576 1936 1075 2008 προσρηγνυμένων
1096 1973 1110 1998 ,
1159 1934 1255 1987 καὶ
1305 1931 1541 2002 συνεχῶς
1588 1931 1703 1996 τοῖς

163 2030 510 2105 πλησιοχώροις
553 2030 1019 2101 ἐπανισταμένων,
1041 2027 1309 2103 δῃούντων
1338 2044 1399 2080 τε
1425 2024 1517 2080 καὶ
1543 2024 1703 2096 δῃου-

165 2126 323 2196 μένων,
366 2126 482 2187 ταῖς
512 2124 639 2177 κατ’
670 2121 912 2194 ἀλλήλων
945 2119 1281 2191 πολιορκίαις
1321 2118 1707 2190 ἐπιστρατευο-

166 2217 324 2288 μένων,
354 2215 490 2268 ὥστε
514 2214 610 2268 διὰ
643 2214 815 2268 ταῦτα
845 2213 1114 2285 πανδημεὶ
1141 2213 1345 2274 πάντας
1366 2209 1491 2274 τούς
1518 2226 1577 2262 τε
1603 2207 1705 2272 τὰς

162 2311 309 2373 πόλεις
334 2308 637 2371 οἰκοῦντας,
662 2308 756 2361 καὶ
785 2307 840 2359 ἐν
865 2308 1052 2377 ἀγροῖς
1086 2302 1507 2376 γεηπονούντας,
1537 2300 1596 2365 ἐξ
1623 2299 1703 2354 ἔτι

160 2401 326 2453 παίδων
354 2399 421 2453 τὰ
451 2400 584 2453 πολε
595 2399 732 2470 μικά
758 2396 1121 2459 διδάσκεσθαι,
1158 2395 1476 2465 ξιφηφορεῖν
1501 2408 1559 2445 τε
1588 2392 1703 2445 δια-

162 2494 327 2556 παντὸς
369 2492 508 2545 κατά
544 2508 611 2545 τε
655 2491 753 2555 τὰς
793 2487 1126 2560 λεωφόρους,
1166 2485 1261 2539 καὶ
1306 2482 1449 2538 κατὰ
1489 2482 1701 2553 κώμας,

163 2586 236 2638 καὶ
260 2584 465 2657 ἀγρούς.
498 2583 723 2654 Ἐπειδὴ
754 2581 931 2653 παρῆν
966 2580 995 2633 ό
1020 2578 1254 2651 Χριστὸς
1281 2576 1433 2648 (περὶ
1460 2568 1520 2629 οὗ
1538 2575 1705 2628 πάλαι

160 2675 228 2729 διὰ
241 2674 333 2728 τῶν
348 2674 644 2745 προφητῶν
671 2673 923 2743 ἀνείρητο
947 2687 960 2701 ·
994 2690 1011 2721 ι
1046 2668 1317 2723 Ἀνατελεῖ
1340 2670 1397 2721 ἐν
1424 2671 1543 2731 ταῖς
1573 2666 1707 2738 ἡμέ-

165 2785 258 2839 ραις
310 2768 467 2822 αύτοῦ
517 2768 858 2837 δικαιοσύνη,
906 2764 1002 2818 καὶ
1044 2762 1249 2834 πλῆθος
1318 2762 1577 2833 εἰρήνης·
1614 2760 1708 2813 καί

165 2860 480 2929 συγκόψουσιν
524 2859 631 2923 τὰς
683 2857 954 2930 μαχαίρας
1000 2854 1177 2909 αύτῶν
1234 2855 1315 2917 εἰς
1349 2852 1573 2924 ἄροτρα,
1614 2852 1707 2905 καὶ

164 2954 237 3015 τὰς
282 2950 491 3015 ζιϐύνας
557 2949 737 3004 αὐτῶν
779 2952 857 3013 είς
897 2949 1139 3021 δρέπανα
1164 2964 1177 2977 '
1220 2946 1314 2999 καὶ
1367 2945 1426 2998 ού
1479 2943 1701 3013 λήψεται

166 3040 282 3103 ἔθνος
308 3041 385 3093 ἐπ’
412 3040 571 3103 ἔθνος
603 3041 894 3111 μάχαιραν,
925 3039 1018 3091 καὶ
1038 3037 1099 3090 οὐ
1136 3036 1211 3107 μὴ
1244 3034 1485 3105 μάθωσιν
1510 3033 1588 3086 ἔτι
1611 3050 1707 3086 πο-

1803 1937 1928 2005 bus,
1960 1938 2017 1993 in
2042 1937 2272 1993 urbibus
2306 1946 2487 1993 autem
2512 1952 2576 1994 ac
2604 1938 2918 2009 regionibus
2942 1939 3231 2009 imperium
3258 1939 3381 1994 inﬁ-

1803 2032 1905 2087 niti
1946 2031 2121 2102 reguli
2160 2030 2482 2095 obtinerent?
2508 2046 2524 2096 ;
2548 2030 2749 2100 aliique
2778 2030 2985 2100 p0puli,
3022 2040 3381 2102 tyrannorum

1804 2124 1916 2191 alii,
1960 2123 2054 2179 alii
2088 2123 2323 2191 denique
2355 2121 2595 2191 plurium
2641 2119 2922 2174 dominatu
2962 2131 3379 2189 premerentur;

1804 2232 2040 2288 cumque
2080 2215 2206 2270 inde
2233 2214 2410 2269 omnis
2441 2213 2653 2284 generis
2696 2212 2855 2279 bella,
2886 2224 2943 2267 ut
2968 2228 3065 2282 par
3089 2214 3384 2277 erat,exsi-

1801 2318 2025 2375 alerent,
2056 2305 2365 2363 commissis
2400 2307 2557 2361 inter
2584 2320 2705 2367 sese
2750 2306 3023 2375 gentibus,
3066 2305 3382 2374 vicinosque

1803 2403 2030 2474 populos
2062 2401 2274 2457 infestis
2309 2415 2525 2471 semper
2560 2401 2728 2453 armis
2757 2398 3094 2469 petentibus,
3135 2406 3382 2452 mutuas-

1803 2511 1909 2566 que
1951 2494 2197 2550 vicissim
2242 2493 2422 2549 clades
2475 2501 2792 2562 stragesque
2820 2490 3201 2555 subeuntibus,
3234 2492 3379 2560 quod

1803 2586 2008 2642 mutuis
2063 2587 2199 2642 alios
2250 2585 2343 2640 alii
2417 2583 2794 2639 obsidionibus
2865 2582 3381 2651 incursionibusque

1803 2688 2061 2731 vexarent
2093 2719 2106 2731 .
2133 2676 2208 2731 Ex
2235 2691 2343 2747 quo
2388 2675 2615 2745 proinde
2646 2674 2825 2739 ﬁebat,
2868 2682 2927 2728 ut
2982 2688 3091 2726 non
3126 2673 3164 2726 ii
3218 2673 3381 2728 modo

1802 2770 1894 2841 qui
1920 2769 2168 2825 civitates
2197 2770 2529 2833 incolebant,
2568 2768 2660 2823 sed
2688 2768 2852 2822 etiam
2901 2767 2939 2819 ii
2996 2766 3175 2835 quiin
3217 2781 3381 2837 agro-

1806 2880 1926 2919 rum
1959 2879 2023 2920 ac
2057 2872 2212 2919 terra!
2244 2863 2456 2917 cultura
2505 2862 2884 2923 versabantur,
2927 2875 3042 2915 rem
3089 2858 3380 2914 militarem

1800 2958 1911 3029 jam
1937 2955 2062 3012 inde
2091 2971 2120 3010 a
2145 2955 2330 3026 pueris
2359 2954 2721 3019 addiscerent,
2762 2953 3081 3024 gladiosque
3106 2954 3385 3008 continen-

1806 3059 1907 3113 ter,
1951 3064 2015 3105 ac
2041 3048 2203 3118 vulgo
2232 3062 2328 3117 per
2348 3046 2464 3103 vias
2495 3046 2762 3117 publicas,
2810 3059 3000 3114 pagos,
3034 3059 3307 3115 agrosque
3328 3054 3383 3101 et

166 3132 311 3202 λεμεῖν
342 3152 358 3183 ι
388 3133 427 3201 ),
464 3131 737 3186 ἀκόλουθα
779 3133 898 3194 ταῖς
941 3130 1309 3201 προρρήσεσιν
1356 3125 1707 3197 ἐπηκολούθει

1809 3155 1932 3195 rura
1955 3147 2249 3211 gestarent.
2282 3138 2353 3193 At
2378 3153 2507 3193 vero
2538 3151 2666 3193 cum
2708 3150 2829 3191 sese
2866 3136 3105 3206 primum
3126 3136 3381 3190 Christus

162 3225 214 3278 τὰ
231 3225 367 3298 ἔργα,
390 3227 549 3279 πᾶσα
573 3226 669 3296 μὲν
696 3224 893 3278 αὐτίκα
918 3223 1231 3294 περιῃρεῖτο
1248 3218 1550 3290 πολυαρχία
1574 3220 1708 3271 Ῥωο

165 3317 320 3387 μαίων,
353 3316 669 3385 Αὐγούστου
724 3316 863 3371 κατὰ
908 3315 970 3369 τὸ
1017 3313 1150 3367 αὐτὸ
1199 3314 1266 3384 τῇ
1311 3311 1406 3365 τοῦ
1456 3311 1711 3382 Σωτῆρος

162 3407 287 3477 ήμῶν
312 3406 602 3478 ἐπιφανείᾳ
643 3407 1102 3476 μοναρχήσαντος.
1144 3402 1235 3467 Ἐξ
1267 3401 1472 3455 ἐκείνου
1517 3400 1573 3454 δέ
1614 3401 1709 3454 καὶ

163 3499 224 3561 είς
259 3497 404 3567 δεῦρο
430 3499 539 3553 οὐκ
572 3497 638 3551 ἂν
677 3498 825 3560 ῐδοις,
864 3497 939 3560 ὡς
979 3494 1041 3549 τὸ
1089 3494 1239 3567 πρὶν,
1286 3493 1469 3558 πόλεις
1515 3494 1707 3547 πόλεσι

164 3590 485 3662 πολεμούσας,
534 3590 642 3643 οὐδ’
672 3589 825 3652 ἔθνος
864 3588 1005 3643 ἔθνει
1043 3586 1465 3659 διαμαχόμενον,
1498 3586 1616 3639 ούδέ
1645 3602 1708 3653 γε

164 3680 231 3733 τὸν
269 3680 371 3750 βίον
408 3683 465 3734 ἐν
505 3681 656 3752 πάσῃ
702 3684 962 3751 συγχύσει
997 3678 1476 3751 κατατριϐόμενον.
1512 3676 1706 3731 Καίτοι

167 3775 255 3839 πῶς
278 3777 371 3828 οὐκ
399 3775 551 3842 ἄξιον
601 3774 898 3843 θαυμάζειν
943 3772 1362 3843 ἐπιστήσαντας,
1394 3770 1445 3823 τί
1476 3769 1538 3841 δή
1578 3787 1709 3823 ποτε

166 3868 210 3921 τὸ
237 3868 323 3937 μὲν
349 3867 611 3931 παλαιὸν,
639 3866 727 3919 ὅτε
761 3865 867 3919 τῶν
900 3863 1067 3917 ἐθνῶν
1100 3864 1356 3917 ἁπάντων
1383 3862 1711 3934 κατετυράν-

166 3977 259 4013 νουν
286 3962 330 4013 οί
355 3961 632 4031 δαίμονες,
658 3958 752 4013 καὶ
783 3957 948 4029 πολλή
978 3975 1063 4019 τις
1090 3952 1157 4027 ἦν
1184 3955 1485 4029 ἀνθρώπων
1514 3958 1547 4026 ἡ
1579 3955 1711 4028 περὶ

168 4051 325 4114 αὐτοὺς
340 4049 625 4119 θεραπία,
647 4049 781 4119 πρὸς
796 4046 971 4100 αὐτῶν
992 4046 1101 4099 τῶν
1118 4045 1253 4099 θεῶν
1278 4045 1553 4116 ἐξοιστρού
1562 4062 1711 4116 μενοι

168 4143 237 4193 ἐπὶ
256 4145 371 4205 τοὺς
398 4142 523 4195 κατ’
549 4141 793 4211 ἀλλήλων
815 4139 1158 4210 ἐξεμαίνοντο
1180 4137 1467 4207 πολέμους
1496 4136 1570 4200 ὡς
1589 4135 1713 4190 τοτέ

172 4236 247 4303 μὲν
283 4235 544 4305 Ἕλληνας
599 4234 783 4295 αὐτοῖς
835 4231 1080 4302 Ἕλλησι,
1126 4229 1247 4284 τοτὲ
1292 4229 1349 4281 δὲ
1389 4228 1715 4296 Αἰγυπτίους

171 4328 473 4393 Αἰγυπτίοις,
507 4327 602 4379 καὶ
637 4326 841 4395 Σύρους
883 4323 1096 4395 Σύροις,
1134 4319 1439 4391 Ῥωμαίους
1479 4337 1537 4373 τε
1577 4321 1711 4374 Ῥω-

174 4418 319 4485 prior;
356 4418 635 4487 πολεμεῖν,
680 4414 1160 4487 ἀνδραποδίζεσθαι
1210 4430 1269 4465 τε
1318 4412 1581 4483 ἀλλήλους
1622 4412 1716 4466 καὶ

1805 3229 2133 3287 ostendisset
2159 3229 2248 3300 (de
2276 3243 2387 3299 quo
2411 3228 2686 3299 propheta:
2709 3226 2838 3280 olim
2879 3226 2981 3280 ista
3021 3226 3333 3280 cecinerant
3363 3241 3378 3277 :

1814 3340 1833 3374 ι
1862 3319 2082 3377 Orietur
2102 3320 2156 3375 in
2190 3319 2386 3375 diebus
2422 3320 2593 3388 ipsius
2612 3317 2825 3388 justitia
2852 3324 2907 3373 et
2949 3316 3242 3371 multitudo
3284 3331 3384 3386 pa-

1804 3413 1886 3470 cis
1925 3431 1939 3467 :
1986 3420 2042 3468 et
2064 3410 2611 3482 conﬂabantgladios
2636 3424 2768 3465 suos
2801 3410 2853 3463 iu
2893 3424 3166 3473 vomeres,
3196 3417 3249 3463 et
3266 3407 3387 3462 lan-

1811 3522 1937 3564 ceas
1964 3520 2096 3562 suas
2133 3505 2187 3559 in
2216 3502 2406 3570 falces,
2430 3517 2539 3557 non
2572 3511 2753 3557 sumet
2782 3516 2911 3571 gens
2941 3501 3206 3555 adversus
3256 3514 3386 3569 gen-

1806 3605 1913 3651 tem
1978 3592 2237 3665 gladium,
2280 3606 2381 3647 nee
2411 3591 2622 3646 discent
2698 3591 2933 3661 amplius
2976 3590 3178 3645 bellum
3230 3603 3385 3659 gere-

1804 3701 1867 3742 re
1921 3686 1965 3717 “
2018 3684 2110 3755 ι),
2161 3682 2510 3738 oraculorum
2560 3681 2845 3736 veritatem
2899 3681 3159 3736 continuo
3201 3694 3386 3735 rerum

1804 3778 1986 3834 exitus
2002 3774 2395 3845 comprobavit.
2436 3772 2648 3828 Etenim
2679 3773 2963 3842 multiplex
2986 3773 3076 3827 ille
3103 3772 3385 3827 Romano-

1806 3886 1927 3925 rum
1955 3868 2293 3941 principatus
2332 3867 2481 3921 illico
2524 3866 2770 3921 sublatus
2793 3874 2876 3920 est
2900 3881 3060 3931 ,cum
3105 3866 3386 3935 Augustus

1808 3965 1911 4021 sub
1934 3964 2112 4034 ipsum
2184 3960 2359 4015 nostri
2388 3958 2697 4013 Servatoris
2761 3958 3053 4012 adventum
3108 3970 3383 4011 summam

1808 4071 1992 4111 rerum
2053 4068 2197 4109 unus
2238 4051 2557 4122 accepisset.
2601 4048 2681 4103 Ex
2718 4063 2785 4103 eo
2846 4064 2974 4105 vero
3020 4058 3267 4118 tempore
3319 4046 3389 4101 ad

1808 4158 2021 4203 aetatem
2052 4160 2225 4216 usque
2252 4154 2523 4210 nostram,
2568 4140 2821 4197 civitates
2864 4148 2924 4195 ut
2964 4148 3124 4194 antea
3159 4154 3284 4194 eum
3313 4138 3391 4195 ci-

1809 4240 2071 4295 vitatibus
2098 4236 2444 4300 dimicantes,
2478 4235 2822 4306 populosque
2848 4247 2971 4287 cum
2996 4231 3212 4301 populis
3240 4245 3390 4285 com-

1811 4332 2033 4397 missos,
2060 4328 2343 4384 hominum
2400 4326 2637 4397 denique
2681 4326 2848 4380 vitam
2910 4340 3090 4399 rerum
3143 4322 3390 4377 omnium

1819 4421 2225 4493 perturbatione
2295 4419 2585 4476 contritam
2636 4431 2798 4472 nemo
2861 4415 3017 4471 vidit.
3073 4414 3209 4480 Quis
3262 4427 3394 4483 ergo

174 4510 491 4580 ιατατρύχειν
534 4513 657 4572 ταῖς
738 4508 1105 4580 πολιορκίαις,
1161 4504 1446 4577 ὼσπεροῦν
1490 4506 1544 4558 αἱ
1587 4507 1707 4577 περὶ

1818 4530 1926 4570 non
1946 4515 2065 4584 jure
2086 4513 2336 4579 miretur,
2364 4511 2413 4566 si
2472 4510 2758 4579 diligenter
2807 4523 2993 4564 secum
3029 4507 3142 4577 ipse
3166 4505 3385 4576 cogitet,

174 4606 331 4659 τούτων
366 4605 586 4677 δηλοῦσι
625 4603 733 4656 τῶν
779 4602 1019 4655 παλαιῶν
1068 4600 1300 4671 ἱστορίαι
1324 4616 1338 4630 ’
1391 4598 1507 4669 ἅμα
1545 4598 1603 4651 δὲ
1648 4600 1714 4669 τῇ

176 4695 241 4747 ιοῦ
275 4697 516 4767 Σωτῆρος
563 4692 720 4765 ἡμῶν
765 4691 1126 4763 εὐσεϐεστάτη
1175 4690 1269 4743 καὶ
1318 4689 1718 4761 είρηνικωτάτῃ

176 4788 487 4858 διδασκαλίᾳ,
532 4786 631 4857 τῆς
685 4785 781 4857 μὲν
834 4784 1095 4837 πολυθέου
1148 4782 1354 4853 πλάνης
1400 4781 1718 4852 καθαίρεσις

180 4881 467 4944 ἐπετελεῖτο,
493 4881 564 4933 τὰ
610 4880 665 4932 δὲ
711 4880 808 4949 τῆς
848 4876 955 4929 τῶν
996 4876 1164 4929 ἐθνῶν
1200 4876 1529 4937 διαστάσεως
1582 4872 1719 4926 παῦ-

183 4970 260 5025 λαν
285 4974 471 5025 αὐτίκα
497 4969 739 5024 παλαιῶν
767 4968 950 5022 κακῶν
977 4967 1359 5038 ἀπελάμϐανεν
1379 4982 1393 5030 ;
1417 4966 1445 5018 ὃ
1484 4966 1576 5019 καὶ
1612 4964 1717 5036 μά-

181 5062 305 5117 λιστα
330 5065 577 5135 μέγιστον
614 5062 748 5134 ήγοῦ
758 5080 852 5134 μαι
885 5063 1179 5132 τεκμήριον
1202 5060 1489 5130 τυγχάνειν
1511 5059 1609 5129 τῆς
1631 5059 1719 5110 ἐν·-

181 5152 277 5206 θέσδ
318 5156 408 5208 καὶ
444 5154 754 5225 ἀπορρήτου
802 5151 1081 5221 δυνάμεως
1120 5148 1213 5201 τοῦ
1262 5148 1513 5217 Σωτῆρος
1540 5147 1717 5219 ήμῶν.

189 5242 270 5310 Γῆς
290 5244 329 5296 δ’
357 5245 420 5297 ἐκ
450 5244 557 5298 τῶν
586 5242 748 5297 αὐτοῦ
786 5242 960 5311 λόγων
986 5240 1424 5313 προφαινομένης
1455 5238 1719 5307 ὠφελείας

184 5331 342 5403 δεῖγμα
375 5333 600 5403 ἐναργὲς
630 5332 760 5394 ἴδοις
787 5331 874 5395 ἂν,
911 5332 1231 5401 ἐπιστήσας,
1257 5329 1337 5392 ὡς.
1371 5328 1490 5381 οὐδὲ
1531 5326 1721 5381 ἄλλοτέ

184 5438 252 5475 πω
288 5424 339 5491 ἐξ
382 5424 592 5488 αἰῶνος,
631 5424 740 5478 οὐδ’
769 5424 876 5477 ὑπό
902 5439 1047 5486 τινος
1088 5419 1196 5473 τῶν
1225 5421 1394 5473 πάλαι
1421 5417 1717 5488 διαφανῶν,

187 5514 235 5566 ὲκ
264 5517 423 5585 μόνων
459 5518 515 5571 δὲ
546 5516 655 5570 τῶν
679 5515 844 5569 αύτοῦ
884 5514 1099 5585 φωνῶν,
1136 5514 1233 5567 καὶ
1272 5513 1371 5584 τῆς
1400 5512 1501 5565 ἀνά
1539 5513 1720 5565 πᾶσαν

190 5606 262 5675 τὴν
306 5609 620 5680 οἰκουμένην
661 5606 993 5678 διαδοθείσης
1039 5605 1380 5669 διδασκαλίας
1430 5604 1616 5669 αὑτοῦ,
1656 5598 1718 5659 εὖ

249 5829 286 5861 ⁸⁸
319 5831 409 5884 Isa.
447 5846 500 5897 ιι,
535 5833 587 5887 4.

1814 4606 1945 4677 quid
1970 4620 2151 4661 causa:
2170 4602 2356 4669 fuerit,
2383 4601 2739 4674 quamobrem
2765 4600 3016 4656 homines
3066 4600 3219 4665 olim,
3270 4611 3384 4667 quo

1816 4710 2058 4769 tempore
2104 4707 2290 4769 gentes
2338 4696 2625 4751 universas
2646 4695 2923 4750 damones
2964 4691 3249 4764 tyrannide
3290 4704 3389 4758 op-

1817 4807 2035 4863 pressas
2070 4789 2345 4854 tenebant,
2375 4796 2429 4844 et
2451 4804 2667 4845 summo
2724 4787 2938 4844 cunctis
2989 4802 3021 4841 a
3068 4783 3389 4839 mortalibus

1818 4884 1967 4941 cultu
2005 4882 2437 4949 celebrabantur,
2471 4881 2698 4936 deorum
2724 4881 2965 4950 ipsorum
2985 4885 3155 4930 (nstro
3182 4872 3389 4943 percit,

1814 4986 1877 5033 tn
1895 4984 2083 5030 mutua
2126 4974 2263 5028 bella
2297 4972 2506 5027 furioso
2527 4971 2764 5042 quodam
2802 4970 3004 5038 impetu
3034 4972 3293 5019 ruerent:
3319 4963 3399 5017 sic

1821 5078 1881 5125 ut
1902 5068 2061 5122 modo
2092 5066 2263 5122 Graeci
2282 5081 2404 5119 cum
2431 5065 2652 5131 Grazcis,
2674 5062 2837 5118 modo
2860 5074 2983 5116 cum
3001 5056 3268 5127 [Egyptiis
3297 5054 3399 5110 1E-

1822 5162 1987 5234 gyptii
2041 5162 2139 5230 ιι
2173 5200 2186 5224 ,
2221 5158 2341 5229 Syri
2372 5174 2496 5213 cum
2527 5157 2679 5229 Syris
2706 5197 2720 5222 ,
2774 5168 2901 5210 cum
2932 5151 3193 5206 Romanis
3231 5148 3385 5204 deni-

1823 5260 1929 5327 (rue
1953 5254 2183 5309 Romani
2224 5254 2323 5324 ipsi
2350 5253 2492 5308 bella
2518 5251 2877 5320 susciperent,
2901 5245 3100 5315 aliique
3146 5240 3389 5297 vicissim

1825 5348 1962 5404 alios
1991 5348 2077 5403 vel
2099 5346 2155 5401 in
2185 5345 2499 5401 servitutem
2523 5342 2873 5400 abducerent.
2898 5337 2983 5392 vel
3012 5332 3387 5391 obsidionibus

1826 5442 2174 5503 conﬁcerent,
2210 5436 2663 5509 quemadmodum
2693 5442 2903 5486 veteres
2932 5428 3148 5482 illorum
3183 5433 3383 5491 tenipoo

1828 5549 1947 5589 rum
1984 5531 2227 5586 historiis
2271 5529 2674 5604 consignatum.
2699 5537 2763 5576 ac
2796 5528 3049 5576 testatum
3102 5514 3391 5583 reliquere;

1828 5634 1888 5677 ut
1943 5626 2178 5697 primum
2223 5634 2401 5678 autem
2443 5615 2849 5688 religiosissima
2895 5610 3155 5682 pacisque
3197 5619 3389 5660 amans
