3948 6376
499 338 570 393 39
1134 328 1406 387 EUSEBlI
1458 318 1939 384 CESARIENSIS
1977 313 2127 372 OPP.
2168 298 2350 366 PARS
2387 286 2450 354 Π.
2495 334 2566 348 ..-
2606 305 3108 364 APOLOGETICA.
3694 316 3758 373 ,ιο

503 456 713 511 tissima
762 450 1069 507 Servatoris
1110 450 1282 506 nostri
1322 448 1571 504 doctrina
1618 439 1922 503 increbuit,
1969 452 2078 491 non

2194 426 2248 483 ιά
2279 424 2457 480 πάντα
2489 425 2600 481 τῶν
2643 426 2813 480 ἐθνῶν
2858 425 3065 496 νόμιμα
3093 425 3292 488 κεῖται,
3325 423 3464 478 αὐτὰ
3489 426 3664 483 ἐκεῖνα
3695 434 3760 489 τὰ

506 550 598 607 ille
629 556 839 601 tantum
872 560 1026 599 error
1054 584 1068 609 ,
1104 544 1199 613 qui
1231 543 1459 598 deorum
1503 534 1907 593 multitudinem
1941 532 2089 586 inve—

505 639 688 701 hebat,
724 636 973 691 funditus
1009 636 1290 689 tolleretur
1321 652 1336 699 ;
1368 645 1557 686 verum
1590 633 1754 681 etiam
1784 627 2090 693 importata;

502 729 705 785 dudum
730 743 824 799 per
852 727 953 782 ista
982 726 1306 796 populorum
1332 722 1556 778 dissidia
1604 717 1946 774 calamitates
1995 730 2089 769 sn-

501 824 616 878 bito
670 820 1162 892 conquiescerent?
1223 818 1489 888 Equidem
1546 815 1599 869 id
1647 813 1732 868 vel
1790 810 2086 865 maximum

501 918 739 973 arbitror
787 915 986 971 divinae
1044 928 1372 983 arcanzeque
1433 907 1739 964 Servatoris
1777 902 1949 959 nostri
1995 915 2091 972 po-

505 1010 717 1065 testatis
773 1015 1177 1079 argumentum.
1214 1005 1364 1060 Illius
1413 1011 1592 1058 autem
1641 996 1891 1052 utilitatis
1921 1034 1937 1058 ,
1971 1007 2092 1063 qua:

504 1103 681 1173 palam
747 1102 1012 1157 doctrinae
1083 1100 1247 1170 hujus
1310 1092 1747 1168 praedicationem
1797 1094 2091 1143 consecuta

509 1203 628 1255 σει,
679 1206 853 1246 ευινιε
904 1206 1017 1244 rem
1068 1205 1249 1243 secum
1298 1195 1500 1242 attente
1554 1193 1825 1253 reputanti
1867 1197 2075 1235 Clﬂl‘llm

513 1286 619 1341 hoc
660 1285 714 1338 in
765 1284 954 1352 primis
984 1293 1037 1336 et
1081 1281 1285 1334 illustre
1319 1278 1592 1345 specimen
1626 1274 1827 1328 intueri
1865 1274 2027 1326 liccat
2063 1291 2077 1328 :

505 1373 651 1442 quod
679 1387 779 1427 nec
802 1372 941 1426 alias
965 1384 1203 1440 unquam
1229 1384 1292 1424 ex
1316 1367 1464 1422 omni
1493 1364 1777 1419 hominum
1802 1360 2089 1425 memoria,

504 1479 606 1519 nec
636 1464 706 1518 ab
747 1478 936 1517 eorum
974 1462 1087 1516 ullo
1108 1504 1123 1528 ,
1156 1461 1249 1530 qui
1278 1458 1425 1513 fama
1455 1455 1731 1526 quondam
1770 1453 2009 1507 nominis
2039 1460 2093 1507 et

503 1558 909 1613 existimatione
937 1556 1238 1610 ﬂoruerunt
1268 1566 1282 1605 :
1322 1550 1416 1606 sed
1451 1556 1661 1603 tantum
1689 1562 1755 1601 ex
1784 1561 1895 1616 quo
1920 1545 2092 1615 ipsius

506 1651 770 1706 doctrinae
814 1664 910 1719 per
960 1647 1275 1700 universum
1328 1643 1515 1697 orbem
1568 1638 1780 1695 diﬂ’usm
1822 1639 2005 1694 verbis
2039 1647 2094 1693 et

508 1742 868 1797 concionibus
900 1738 1180 1793 hominum
1228 1750 1388 1789 aures
1419 1732 1591 1788 amari
1624 1746 1835 1802 erepere
1860 1770 1875 1794 ,
1915 1730 2093 1786 conti—

508 1849 618 1888 nuo
664 1831 865 1887 factum
902 1830 993 1892 sit,
1043 1836 1102 1881 ut
1130 1825 1224 1895 qui
1261 1823 1419 1879 ferini
1451 1822 1603 1893 prius
1649 1837 1713 1877 ac
1742 1821 1960 1877 barbari
1988 1836 2089 1875 na-

508 1926 718 1981 tionum
748 1922 993 1978 omnium
1026 1933 1207 1973 mores
1231 1916 1477 1981 fuerant,
1507 1915 1669 1970 iidem
1698 1913 1997 1969 lenioribus
2037 1920 2091 1967 et

509 2015 930 2073 humanioribus
973 2009 1237 2064 institutis
1269 2012 1739 2061 mansuescerent.
1769 2003 1959 2074 Itaque
1990 2019 2090 2059 nec

506 2109 707 2171 Persea,
747 2108 841 2175 qui
877 2105 1043 2160 semel
1075 2104 1194 2173 ejus
1221 2102 1527 2171 disciplima
1560 2117 1760 2157 nomen
1789 2101 2087 2167 dederunt,

506 2202 725 2273 nuptias
756 2198 992 2269 ampliUS
1015 2212 1138 2249 cum
1166 2194 1431 2248 matribus
1457 2194 1683 2249 ineunt:
1723 2208 1824 2247 nec
1854 2192 2087 2265 Scythas,

506 2294 654 2365 quod
711 2293 765 2346 in
814 2307 1005 2347 eorum
1056 2303 1275 2360 quoque
1323 2288 1597 2357 regionem
1656 2285 1860 2341 Christi
1908 2301 2091 2341 sermo

507 2384 849 2455 penetrarit,
902 2382 1149 2450 ,humana
1210 2380 1321 2452 jam
1374 2392 1538 2432 carne
1603 2386 1941 2446 pascuntur;
1989 2390 2090 2431 nec

506 2476 613 2530 alia
652 2475 1015 2529 barbarorum
1049 2486 1247 2543 genera
1300 2470 1508 2524 incesto
1557 2468 1790 2522 tiliarum
1839 2483 1903 2523 ac
1932 2481 2085 2522 soro-

506 2584 630 2623 rum
676 2566 968 2622 concubitu
1015 2566 1375 2634 polluuntur:
1410 2578 1512 2617 nec
1544 2561 1613 2615 ad
1657 2577 1837 2616 mares
1878 2560 2088 2615 furioso

510 2658 754 2713 libidinis
795 2666 929 2712 aestu
967 2671 1145 2710 mares
1179 2655 1281 2723 ipsi
1319 2653 1609 2722 rapiuntur
1634 2689 1650 2715 ,
1680 2665 1780 2705 nec
1828 2659 2049 2705 caateras
2071 2688 2087 2712 ,

507 2765 632 2821 quae
661 2757 874 2803 naturae
902 2749 1045 2819 leges
1075 2746 1309 2810 violant,
1345 2744 1592 2814 corporis
1622 2742 1929 2813 voluptates
1967 2757 2091 2812 per-

508 2850 854 2913 sequuntur,
903 2854 1003 2895 nec
1050 2839 1279 2893 canibus
1324 2846 1489 2906 atque
1535 2836 1848 2891 volucribus
1899 2850 2090 2890 neces-

507 2936 780 2990 sariorum
813 2948 877 2987 ac
920 2931 1349 3001 propinquorum
1382 2944 1607 2984 suorum
1636 2927 1922 2995 cadavera,
1962 2927 2085 2997 qui-

506 3029 612 3081 bus
661 3026 715 3080 id
748 3026 1023 3095 quondam
1076 3025 1132 3078 in
1175 3039 1328 3078 more
1380 3022 1597 3090 fuerat,
1631 3022 1935 3092 objiciunt:
1988 3038 2089 3077 nec

2192 521 2322 593 πρὶν
2353 518 2588 591 θηριώδη
2630 519 2723 572 καὶ
2757 517 3029 589 βάρϐαρα.
3077 516 3164 579 Ὠς
3197 516 3396 588 μηκέτι
3429 518 3638 590 Πέρσας
3666 540 3761 596 μη.

2190 614 2506 686 τρογαμεῖν,
2537 612 2665 674 τοὺς
2705 609 2852 680 αὐτῷ
2884 607 3322 680 μαθητευθέντας
3344 626 3357 639 ·
3397 611 3516 682 μηδ’
3570 614 3763 687 ἀνθρω-

2192 706 2443 778 ποϐορεῖν
2474 703 2687 767 Σκύθας
2713 702 2800 756 διά
2830 702 2920 756 τὸν
2950 702 3042 755 καὶ
3093 701 3286 773 μέχρις
3328 702 3507 756 αὐτῶν
3554 705 3761 761 ἐλθόντα

2190 798 2281 851 τὸν
2317 796 2553 869 Χριστοῦ
2593 796 2771 864 λόγον,
2818 794 2950 866 μηδὲ
2989 794 3122 847 ἄλλα
3175 793 3305 865 γένη
3356 793 3643 866 βαρϐάρων
3678 800 3761 853 ἐκ-

2193 889 2411 959 θέσμως
2471 886 2774 957 θυγατράσι
2846 884 2941 937 καὶ
2984 882 3239 952 ἀδελφαῖς
3290 882 3596 953 μίγνυσθαι.
3638 886 3765 957 Μηδ⁹

2192 978 2429 1051 ἄρρενας
2468 976 2695 1049 ἄρρεσιν
2726 974 3129 1046 ἐπιμαίνεσθαι,
3162 974 3255 1028 καὶ
3292 974 3393 1037 τὰς
3436 975 3582 1045 παρά
3619 977 3765 1046 φύσιν

2191 1071 2386 1143 ἡδονὰς
2414 1070 2653 1141 μετιέναι
2675 1086 2689 1099 ο
2725 1068 2859 1140 μηδέ
2888 1070 3014 1121 κυσὶ
3044 1069 3139 1120 καὶ
3157 1069 3375 1130 οἰωνοῖς
3398 1068 3525 1132 τούς
3548 1069 3763 1136 οἰκείους

2193 1163 2421 1235 νεκροὺς
2448 1160 2780 1237 ,προτιθέναι
2828 1161 2956 1224 τοὺς
2999 1158 3166 1213 πάλαι
3210 1157 3371 1211 τοῦτο
3419 1159 3761 1231 πράττοντας,

2196 1255 2317 1328 μηδ’
2345 1255 2551 1328 ἀγχόνῃ
2584 1255 2711 1318 τοὺς
2736 1253 3135 1327 γεγηρακότας,
3164 1252 3355 1325 ῶσπερ
3385 1248 3453 1323 ἦν
3495 1253 3763 1327 πρότερον,

2195 1349 2527 1404 ἐπιϐάλλειν·
2583 1348 2717 1420 μηδέ
2744 1348 2951 1419 σάρκας
2978 1347 3188 1419 νεκρῶν
3216 1346 3323 1399 τῶν
3355 1345 3620 1416 φιλτάτων
3640 1351 3767 1403 κατά

2192 1443 2253 1496 τὸ
2294 1440 2518 1496 παλαιὸν
2565 1441 2686 1504 ἔθος
2727 1440 3038 1494 θοινᾶίσθαι⁸
3075 1439 3198 1512 μηδ’
3231 1436 3665 1509 ἀνθρωποθυτεῖν
3697 1442 3763 1505 ὡς

2194 1535 2337 1599 θεοῖς
2363 1538 2477 1598 τοῖς
2500 1533 2717 1604 δαίμοσι
2744 1532 2883 1585 κατά
2911 1533 3039 1596 τούς
3071 1531 3354 1593 παλαιοὺς,
3391 1530 3525 1603 μηδέ
3552 1531 3620 1583 τά
3659 1531 3767 1601 φίλ-

2193 1645 2332 1682 τατα
2373 1626 2774 1697 κατασφάττειν
2812 1624 3095 1689 εὐσεϐείας
3126 1622 3415 1695 ὑπολήψει.
3463 1622 3643 1676 Ταῦτα
3668 1622 3765 1695 γὰρ

2193 1716 2262 1792 ἦν
2294 1720 2389 1774 καὶ
2419 1719 2653 1789 συγγενῆ
2681 1717 2891 1782 τούτοις
2923 1717 3094 1790 μυρία
3120 1716 3191 1770 τά
3222 1714 3397 1770 πάλαι
3425 1714 3513 1768 τὸν
3543 1715 3645 1769 τῶν
3677 1718 3762 1770 ἀν-

2194 1810 2426 1885 θρώπων
2462 1811 2574 1883 βίον
2611 1810 2997 1881 λυμαινόμενα.
3040 1807 3401 1880 Ἱστοροῦνται
3428 1808 3763 1876 Μασσαγέται

2193 1904 2287 1958 καὶ
2315 1902 2577 1975 Δέρϐικες
2600 1901 2962 1966 ἀθλιωτάτους
2986 1900 3236 1973 ἡγεῖσθαι
3262 1899 3372 1953 τῶν
3404 1899 3619 1953 οἰκείων
3647 1900 3763 1963 τούς

2192 1995 2516 2067 αὐτομάτως
2552 1993 2995 2065 τελευτήσαντας.
3032 1993 3121 2045 Διὸ
3153 1992 3247 2046 καὶ
3281 1989 3586 2061 φθάσαντες
3645 2008 3765 2045 κατ-

2191 2088 2367 2152 έθυον,
2387 2088 2483 2141 καὶ
2512 2085 2791 2139 εἱστιῶντο
2816 2084 2923 2138 τῶν
2942 2083 3207 2153 φιλτάτων
3224 2083 3352 2146 τοὺς
3380 2081 3763 2153 παρακμάσανο

2188 2198 2308 2244 τας.
2336 2181 2379 2233 Τ
2387 2178 2560 2250 ιϐαρολ⁸
2588 2177 2660 2249 (9)
2685 2177 2739 2230 δὲ
2771 2176 2976 2241 ζῶντας
3007 2172 3446 2247 κατεκρήμνιζον
3466 2173 3591 2237 τοὺς
3618 2174 3761 2241 ἐγγυ-

2188 2274 2335 2327 τάτω
2355 2272 2637 2343 γέροντας.
2677 2270 2933 2342 Ὑρκανοὶ
2957 2268 3015 2322 δέ
3043 2268 3138 2321 καὶ
3164 2267 3430 2333 Κάσπιοι,
3460 2266 3512 2319 οἱ
3539 2265 3630 2337 μὲν
3657 2267 3762 2319 οἰω-

2189 2366 2301 2427 νοῖς
2348 2364 2440 2417 καὶ
2468 2362 2595 2416 κυσὶ
2635 2360 2974 2432 παρέϐαλλον
3017 2358 3244 2423 ζῶντας,
3288 2358 3341 2411 οἱ
3370 2357 3427 2410 δέ
3457 2355 3757 2418 τεθνεῶτας.

2191 2454 2395 2509 Σκύθαι
2436 2452 2491 2507 δὲ
2536 2451 2987 2524 συγκατώρυττον
3035 2449 3265 2515 ζῶντας,
3294 2450 3388 2503 καὶ
3435 2448 3757 2518 ἐπέσφαττον

2190 2550 2310 2610 ταῖς
2338 2548 2538 2616 πυραῖς
2576 2544 2669 2608 οὒς
2699 2544 2928 2614 ἠγάπων
2958 2545 3007 2595 οἱ
3049 2541 3348 2605 τεθνεῶτες
3380 2541 3632 2612 μάλιστα.
3660 2540 3761 2592 Καὶ

2193 2639 2448 2711 Βάκτριοι
2497 2636 2607 2707 (10)
2655 2636 2711 2688 δέ
2740 2639 2851 2699 τοῖς
2884 2635 3012 2688 κυσὶ
3044 2632 3381 2705 παρέϐαλλον
3417 2631 3619 2696 ζῶντας
3644 2631 3759 2693 τοὺς

2190 2731 2470 2803 γέροντας.
2516 2727 2674 2783 Ἀλλά
2712 2726 2885 2780 ταῦτα
2918 2726 3013 2797 μὲν
3047 2725 3212 2783 πάλαι
3238 2719 3307 2795 ἦν
3345 2723 3625 2795 πρότερον,
3654 2723 3761 2775 νυνὶ

2189 2826 2245 2878 δὲ
2273 2822 2452 2877 οὐκέθ’
2482 2822 2683 2893 ὁμοίως
2735 2820 2903 2885 ἐστὶν,
2936 2819 3053 2882 ἑνὸς
3072 2816 3165 2870 τοῦ
3200 2816 3469 2888 σωτηρίου
3491 2816 3647 2887 νόμου
3669 2816 3756 2885 τῆς

2197 2914 2561 2985 εὐαγγελικῆς
2590 2911 2868 2982 δυνάμεως
2896 2908 2993 2980 τὴν
3022 2907 3259 2980 θηριώδη
3287 2908 3385 2961 καὶ
3412 2905 3759 2977 ἀπάνθρωπον

2189 3010 2394 3062 τούτων
2415 3006 2550 3059 ὅλων
2577 3002 2976 3064 καταλύσαντος
3005 3000 3174 3053 νόσον.
3208 3000 3280 3052 Τὸ
3308 2998 3367 3052 δὲ
3404 2998 3596 3070 μηκέτι
3617 2995 3761 3058 θεοᾉς

508 3119 793 3187 seniojam
819 3115 1107 3181 confectis,
1139 3124 1197 3170 ut
1219 3126 1396 3183 antea,
1429 3118 1655 3185 laqueos
1685 3115 1958 3183 injiciunt,
1986 3130 2089 3170 nec

2194 3101 2445 3174 ἡγεῖσθαι
2494 3098 2612 3169 ἤτοι
2663 3094 2729 3149 τὰ
2774 3092 2943 3164 νεκρά
2972 3092 3066 3145 καὶ
3095 3089 3253 3160 κωφά
3282 3088 3466 3155 ξόανα,
3498 3089 3531 3160 ἢ
3560 3089 3679 3152 τοὺς
3708 3089 3759 3139 ἐν

506 3211 610 3264 sibi
644 3208 1108 3263 amicissimorum
1141 3222 1306 3262 carne
1337 3215 1460 3277 post
1491 3206 1696 3259 obitum
1729 3205 1954 3276 antiquo
1982 3207 2089 3261 ritu

507 3302 862 3371 saginantur:
898 3317 997 3355 nec
1024 3300 1291 3367 majorum
1326 3298 1578 3353 instituto
1606 3298 1949 3352 daemonibus
1978 3308 2092 3352 tan-

506 3406 671 3460 quam
719 3392 824 3446 diis
857 3391 1105 3444 homines
1134 3389 1460 3457 immolant,
1500 3404 1602 3443 nec
1634 3389 1738 3443 sibi
1773 3388 2091 3444 carissimos

504 3484 758 3553 jugulant
795 3482 934 3537 falsa
965 3482 1183 3553 pietatis
1227 3480 1485 3551 opinione
1513 3482 1710 3536 delusi.
1759 3481 1885 3536 Haec
1926 3482 2091 3535 nimi-

507 3592 630 3628 rum
680 3576 769 3629 illa
799 3583 947 3638 sunt,
981 3574 1197 3644 aliaque
1241 3573 1291 3627 id
1321 3588 1492 3643 genus
1540 3574 1931 3643 propemodum
1964 3573 2089 3626 inli-

507 3668 644 3732 nita,
680 3668 881 3737 quibus
916 3667 1113 3721 infesta
1148 3665 1425 3735 quondam
1460 3665 1745 3719 hominum
1778 3665 1889 3720 vita
1918 3665 2090 3721 habe-

508 3762 689 3816 batur.
725 3760 803 3813 Ac
843 3758 1160 3829 Massagetae
1211 3757 1429 3826 quidem
1474 3765 1637 3827 atque
1684 3756 1940 3812 Derbices
1968 3799 1983 3821 ,
2030 3767 2092 3813 ut

508 3851 864 3906 historiarum
901 3850 1003 3905 [ide
1036 3850 1311 3920 proditum
1342 3858 1457 3915 est,
1494 3850 1925 3920 pr0pinquorum
1958 3865 2091 3905 suo-

508 3958 630 3995 rum
672 3944 831 4013 longe
863 3943 1203 3997 miserrimos
1233 3957 1329 3997 eos
1392 3942 1698 4013 putabant,
1732 3942 1825 4011 qui
1857 3944 2092 3999 naturali

507 4029 622 4085 fato
667 4047 983 4101 supremum
1034 4032 1157 4085 vita:
1206 4033 1347 4086 diem
1400 4032 1710 4095 obiissent,
1756 4032 1914 4101 cujus
1967 4042 2093 4088 ante

507 4132 797 4194 propterea
826 4124 1206 4178 necessitatem
1237 4136 1588 4192 occupantes,
1627 4139 1766 4193 quos
1795 4124 2091 4179 vehemen—

508 4217 619 4270 tius
648 4216 972 4285 diligerent,
1006 4232 1101 4269 eos
1131 4224 1291 4270 relate
1334 4216 1448 4285 jam
1494 4214 1705 4270 emptos
1746 4231 1853 4270 non
1889 4216 2090 4271 immo-

506 4308 694 4365 labant
726 4310 920 4389 modo.
961 4311 1052 4363 sed
1082 4309 1149 4364 iis
1180 4310 1342 4363 etiam
1371 4310 1529 4379 quasi
1566 4309 1888 4365 lautissimis
1916 4310 2091 4380 epulis

506 4402 821 4456 utebantur.
869 4401 940 4454 At
966 4417 1096 4456 vero
1124 4400 1381 4456 Tibareni
1408 4439 1423 4465 ,
1452 4416 1609 4456 senes
1637 4402 1873 4454 maxima
1904 4415 2088 4455 secum

2196 3192 2404 3255 τούτοις
2445 3188 2801 3262 ἐνεργοῦντας
2846 3187 3115 3262 πονηροὺς
3160 3184 3443 3254 δαίμονας,
3473 3183 3504 3254 ἢ
3535 3183 3599 3236 τὰ
3631 3182 3757 3254 μέρη

2191 3287 2286 3341 τοῦ
2317 3283 2639 3355 φαινομένου
2668 3281 2896 3352 κόσμου,
2929 3280 2962 3351 ἢ
2993 3279 3093 3342 τάς
3119 3278 3225 3332 τῶν
3253 3278 3423 3332 πάλαι
3460 3273 3761 3346 κατοιχομέ-

2196 3378 2306 3433 νῶν
2343 3376 2552 3448 θνητῶν
2578 3374 2775 3445 ψυχὰς,
2810 3374 2844 3443 ἢ
2883 3371 2991 3425 τῶν
3040 3371 3247 3439 ἀλόγων
3278 3370 3432 3434 ζώων
3460 3368 3528 3422 τὰ
3559 3368 3761 3438 βλαπτιο

2192 3470 2441 3543 κώτερα’
2475 3470 2596 3523 ἀντὶ
2642 3468 2699 3521 δέ
2739 3466 2943 3543 τούτων
2990 3466 3243 3520 ἁπάντων
3281 3465 3370 3518 διὰ
3400 3464 3526 3536 μιᾶς
3554 3461 3650 3531 τῆς
3675 3459 3759 3512 τοῦ

2193 3542 2445 3636 Σωτῆρος
2487 3562 2643 3634 ἡμῶν
2688 3542 3048 3631 εὐαγγελικῆς
3090 3557 3458 3622 διδασκαλίας,
3510 3554 3760 3623 Ἕλληνας

2189 3656 2326 3729 ὁμοῦ
2351 3656 2443 3710 καὶ
2469 3654 2795 3726 βαρϐάρους,
2823 3653 2951 3715 τοὺς
2978 3651 3241 3723 γνησίως,
3275 3650 3389 3704 ἀλλ’
3422 3649 3521 3702 οὐκ
3545 3644 3764 3700 ἐπιπλά-

2196 3766 2337 3812 στως
2383 3745 2550 3801 αὐτοῦ
2596 3746 2675 3817 τῷ
2710 3746 2854 3816 λόγῳ
2905 3744 3356 3815 προσανέχοντας,
3407 3743 3487 3805 εἰς
3526 3736 3762 3792 τοσοῦτον

2193 3842 2369 3913 ἄκρας
2392 3839 2707 3910 φιλοσοφίας
2728 3837 2922 3899 ἐλθεῖν,
2945 3836 3020 3900 ὼς
3051 3836 3208 3907 μόνον
3227 3836 3318 3890 τὸν
3341 3834 3598 3888 ἀνωτάτω
3619 3828 3759 3887 Θεὸν,

2192 3932 2352 3987 αὐτὸν
2395 3934 2600 3985 ἐκεῖνον
2629 3930 2719 3981 τὸν
2758 3928 3013 3980 ἐπέκεινα
3041 3926 3147 3979 τῶν
3175 3927 3330 3993 ὅλων,
3366 3926 3456 3979 τὸν
3500 3922 3762 3994 παμϐασι-

2192 4027 2292 4080 λέα
2323 4026 2415 4080 καὶ
2436 4024 2623 4097 κύριον
2653 4022 2882 4094 οὐρανοῦ
2912 4021 3004 4075 καὶ
3028 4021 3155 4090 γῆς,
3173 4020 3325 4091 ἡλίου
3347 4037 3406 4072 τε
3424 4020 3516 4072 καὶ
3538 4018 3760 4088 ἄστρων,

2193 4118 2416 4172 καὶτοῦ
2463 4117 2777 4187 σύμπαντος
2823 4114 3029 4185 κόσμου
3074 4112 3404 4185 δημιουργὸν
3449 4110 3644 4173 σέϐειν,
3679 4105 3763 4160 καὶ

2194 4212 2403 4282 ὑμνεῖν,
2450 4211 2543 4263 κα)⁸
2592 4207 2887 4274 θεολογεῖν’
2917 4205 3064 4276 βιοῦν
3084 4223 3142 4259 τε
3188 4204 3430 4276 ἀκριϐῶς
3462 4202 3600 4257 οὕτω
3638 4213 3763 4270 μαν-

2195 4304 2397 4365 θάνειν,
2438 4302 2513 4364 ὡς
2552 4301 2714 4371 μέχρι
2754 4300 2849 4352 καὶ
2883 4298 2978 4351 τοῦ
3008 4297 3300 4369 ἐμϐλέπειν
3341 4299 3454 4359 τοῖς
3482 4291 3765 4365 ὀφθαλμοῖς

2197 4395 2681 4464 παιδαγωγεῖσθαι,
2731 4393 2823 4446 καὶ
2868 4391 3031 4463 μηδὲν
3079 4390 3373 4444 ἀκόλαστον
3414 4390 3478 4442 ἐκ
3518 4385 3609 4439 τού
3656 4381 3763 4454 μετ’

507 4491 767 4547 aﬁinitate
790 4492 1114 4561 conjunctos
1134 4492 1438 4562 prmcipitcs
1464 4507 1654 4561 agere:
1682 4490 1918 4562 Hyrcani
1941 4493 2090 4547 vivos

2198 4488 2491 4559 ἐπιθυμίας
2527 4489 2680 4558 ὁρᾷν,
2712 4488 2909 4539 ἐννοεῖν
2931 4517 2944 4541 ν
2982 4482 3276 4556 πρόρριζον
3300 4483 3345 4536 δ’
3374 4481 3435 4546 ἐξ
3466 4480 3633 4551 αὐτῆς
3657 4478 3763 4530 δια-

508 4582 728 4638 eosdem
760 4599 823 4637 ac
851 4584 1142 4653 spirantes,
1172 4583 1355 4652 Caspii
1385 4583 1499 4652 jam
1530 4594 1703 4637 morte
1732 4582 1949 4638 functos
1978 4583 2094 4637 avi-

510 4674 615 4730 bus
632 4675 971 4743 canibusque
996 4690 1117 4744 qua:
1132 4677 1329 4728 mortui
1355 4690 1699 4744 summopere
1722 4675 2091 4741 adamassent,

512 4764 757 4835 ipsorum
800 4766 902 4834 12
950 4766 1016 4820 ad
1066 4779 1227 4834 rogos
1271 4764 1564 4835 jugulare,
1604 4761 1805 4819 Bactrii
1861 4764 2094 4834 denique

514 4859 762 4913 seniores
795 4860 975 4912 adhuc
1012 4858 1342 4925 superstites
1390 4857 1619 4911 canibus
1655 4856 1839 4910 itidem
1881 4856 2095 4909 lanian-

512 4950 613 5006 dos
646 4952 911 5021 projicere
950 4959 1369 5006 consueverant.
1407 4950 1530 5005 llaec
1558 4991 1572 5015 ,
1607 4950 1829 5019 inquam
1858 4988 1874 5014 ,
1909 4950 2094 5005 omnia

516 5048 899 5114 superioribus
947 5046 1054 5100 illis
1101 5044 1438 5113 temporibus
1487 5044 1917 5113 grassabantur,
1948 5057 2095 5097 nunc

518 5149 695 5194 autem
726 5139 843 5191 ﬁeri
874 5138 1100 5193 omnino
1132 5136 1367 5200 desiere,
1401 5135 1627 5189 immani
1654 5150 1718 5188 ac
1744 5134 1981 5188 belluina
2015 5142 2094 5188 tot

517 5230 785 5284 :nalorum
838 5241 988 5299 peste
1052 5229 1309 5285 salutaris
1365 5228 1530 5282 unius
1584 5227 1911 5296 evangelica:
1956 5226 2091 5297 legis

516 5322 722 5375 viribus
752 5320 1054 5391 proﬂigata.
1091 5321 1211 5376 Jam
1255 5336 1385 5377 vero
1408 5362 1423 5387 ,
1452 5320 1597 5389 quod
1632 5335 1809 5389 neque
1851 5321 2091 5389 expertia

514 5417 638 5470 vitae
684 5416 957 5485 surdaque
1010 5416 1336 5477 simulacra,
1388 5427 1565 5482 neque
1595 5413 1945 5467 conscelerati
1982 5414 2091 5467 da:-

514 5524 708 5564 mones
737 5524 962 5565 suarum
994 5510 1049 5563 in
1095 5511 1163 5564 iis
1198 5508 1595 5579 praestigiarum
1629 5508 1740 5560 vim
1767 5515 2086 5573 exerentes,

514 5618 692 5673 neque
718 5611 900 5673 partes
935 5602 1122 5656 mundi
1166 5602 1329 5671 hujus
1360 5598 1708 5670 aspectabilis
1730 5639 1744 5664 ,
1788 5616 1964 5669 neque
1995 5600 2093 5654 ho-

587 5742 662 5814 (9)
708 5742 953 5813 Τιϐαροι.
995 5741 1314 5814 Existimavi
1346 5742 1444 5812 leg.
1482 5738 1797 5814 Τιϐαρηνοί,
1830 5756 1992 5811 quam
2022 5739 2091 5795 lc-

518 5810 753 5871 ctiouem
782 5810 847 5868 in
871 5814 1037 5871 Mont.
1062 5823 1252 5885 postea
1285 5810 1629 5882 deprehendi.

2202 4583 2351 4645 νοίας
2376 4582 2483 4634 πᾶν
2510 4578 2733 4649 αἰσχρὸν
2756 4576 3154 4647 ὑποτέμνεσθαι
3183 4576 3381 4638 πάθος
3406 4574 3577 4627 ταῦτα
3599 4570 3766 4625 πάντα

2197 4677 2317 4740 πῶς
2358 4676 2457 4728 οὐκ
2493 4674 2559 4728 ἂν
2607 4674 2721 4735 τοῖς
2764 4673 2898 4725 πᾶσι
2945 4668 3305 4740 συμϐάλλοιτο
3340 4666 3476 4740 πρὸς
3510 4663 3761 4728 εὐζωῖαν;

2198 4771 2293 4823 καὶ
2319 4768 2381 4821 τὸ
2415 4766 2579 4838 μηδὲν
2608 4764 2863 4835 εὐορκίας
2887 4762 3114 4824 δεῖσθαι,
3147 4759 3340 4814 πολλοῦ
3386 4776 3451 4828 γε
3486 4758 3565 4811 δεῖ
3590 4758 3760 4822 ἐπιορ-

2198 4865 2314 4915 κεῖν
2339 4902 2354 4927 ,
2401 4858 2503 4911 διά’
2534 4857 2595 4909 τὸ
2637 4857 2775 4926 πρὸς
2816 4852 2981 4908 αὐτοῦ
3034 4851 3322 4923 μανθάνειν
3373 4848 3505 4921 μηδέ
3548 4843 3761 4917 ὀμνύναι

2196 4954 2353 5016 ὅλως,
2384 4953 2441 5003 ἐν
2472 4950 2606 5002 πᾶσι
2634 4948 2693 4999 δὲ
2723 4946 2973 5016 ἀψευδεῖν
3014 4946 3109 4998 καὶ
3150 4943 3451 5014 ἀληθεύειν,
3486 4942 3560 5003 ὡς
3588 4935 3763 5009 ἀρκεῖ-

2198 5046 2320 5099 σθαι
2349 5043 2427 5114 τῷ
2455 5042 2577 5105 ναὶ,
2611 5042 2706 5094 καὶ
2733 5040 2811 5111 τῷ
2836 5042 2928 5104 οὺ,
2957 5039 3159 5103 παντὸς
3186 5038 3350 5109 ὅρκου
3389 5035 3488 5106 τὴν
3518 5029 3764 5105 προαίρεο

2197 5155 2279 5193 σιν
2327 5136 2674 5209 βεϐαιοτέραν
2725 5133 3276 5206 παρασκευάζονταςς
3324 5130 3397 5182 Τὸ
3443 5129 3501 5182 δέ
3552 5124 3668 5197 μηδ’
3711 5122 3765 5174 ἐν

2194 5232 2367 5302 ψιλοῖς
2415 5228 2701 5300 ῥηματίοις
2747 5228 2841 5280 καὶ
2882 5228 3002 5289 ταῖς
3047 5227 3253 5287 κοιναῖς
3290 5220 3527 5293 ὁμιλίαις
3555 5217 3761 5283 ἀδιαφο-

2200 5325 2337 5396 ρεῖν,
2381 5318 2854 5393 ἀκριϐολογεῖσθαι
2887 5318 2943 5370 δὲ
2972 5318 3065 5371 καλ¹
3097 5317 3259 5389 μέχρι
3284 5316 3506 5379 τούτων,
3530 5315 3605 5376 ὼς
3636 5310 3704 5382 μή
3718 5323 3763 5358 εδ

2194 5415 2411 5486 ψεῦδος,
2448 5415 2583 5485 μήτε
2614 5410 2901 5483 λοιδορίαν,
2944 5412 3079 5481 μήτε
3119 5428 3172 5463 τι
3206 5410 3429 5483 αἰσχρὸν
3475 5408 3567 5463 καὶ
3606 5404 3766 5473 ἄσχηθ

2198 5525 2298 5579 μον
2336 5506 2619 5578 προΐεσθαι
2647 5508 2712 5575 τῇ
2748 5506 2921 5574 φωνῇ,
2948 5502 3037 5554 διὰ
3078 5503 3177 5574 τὴν
3205 5503 3371 5556 αὐτοῦ
3402 5501 3561 5555 πάλιν
3592 5508 3763 5565 παρα·

2195 5598 2465 5661 κέλευσιν,
2503 5594 2569 5648 δι’
2596 5591 2665 5667 ἧς
2693 5594 2882 5663 ἔφησε,
2936 5612 2954 5644 ι
2993 5593 3128 5664 Περὶ
3164 5592 3363 5655 παντὸς
3388 5588 3559 5663 ἀργοῦ
3593 5586 3760 5657 ῥήμασ-

2269 5732 2381 5803 (10)
2419 5730 2711 5801 Βάκτριοι.
2755 5730 3058 5801 Legebatur
3104 5732 3367 5804 Βάκριοι,
3420 5732 3512 5786 sed
3562 5716 3758 5797 praetuli

2197 5807 2421 5862 alterius
2454 5820 2554 5859 ms.
2584 5806 2892 5859 lectionem.
