3940 6380
235 307 292 365 ﬁl
1400 296 1726 351 PREPAR.
1762 294 2010 350 EVANG.
2048 294 2181 348 LlB.
2219 293 2261 348 l.
3381 283 3453 336 ΔΞ

236 436 316 481 τος
339 413 518 469 δώσετε
552 412 712 480 λόγον
739 411 799 465 ὲν
824 409 1006 481 ἡμέρᾳ
1029 408 1267 480 κρίσεως
1289 421 1303 438 ·
1340 424 1360 460 ι
1393 407 1584 471 ὁποίας
1613 407 1781 477 ὑπερ-

1893 407 2090 460 minum
2115 406 2322 475 pridem
2355 403 2748 459 exstinctorum
2782 419 2991 466 manes,
3017 415 3192 470 neque
3214 401 3456 453 animau-

246 507 384 574 ϐολῆς
405 503 688 574 φιλοσόφου
718 499 867 570 ζωῆς
908 501 1129 571 ﬁxerat;
1170 500 1244 552 Τὸ
1269 499 1326 552 δὲ
1359 499 1454 552 κει)⁸
1483 499 1782 570 συλλήϐδην

248 597 419 669 ἀθρόως
445 593 718 665 μυριάδας
748 592 873 655 ὅλας
903 591 1111 662 ἀνδρῶν
1137 591 1228 643 καὶ
1253 589 1526 658 γυναικῶν
1551 590 1645 643 καὶ
1669 588 1784 642 παί-

245 692 342 749 δων,
368 685 587 737 οἰκετῶν
621 701 681 736 τε
713 684 807 736 καὶ
833 681 1150 751 ἐλευθέρων,
1181 679 1382 742 ἀδόξων
1405 696 1464 732 τε
1495 679 1588 731 καὶ
1616 679 1786 732 ἐπιδό-

241 777 340 843 ξων,
362 777 446 829 καὶ
477 775 708 845 προσέτι
735 773 1024 844 βαρϐάρων
1044 769 1178 840 ὁμοῦ
1209 771 1304 824 καὶ
1337 770 1622 841 Ἑλλήνων,
1646 769 1785 823 κατά

238 870 384 923 πάντα
410 867 573 919 τόπον
600 867 696 919 καί
726 866 879 918 πόλιν
911 864 1004 916 καὶ
1031 862 1235 933 χώραν,
1266 864 1362 916 καὶ
1391 865 1524 915 πᾶσι
1551 865 1663 924 τοῖς
1694 863 1784 931 ὑφ’

232 962 358 1032 ἥλιον
389 959 599 1012 ἔθνεσιν
631 959 726 1010 ἐπὶ
755 957 1067 1027 διδασκαλίᾳ
1100 956 1206 1010 τῶν
1238 955 1489 1009 τοιούτων
1524 953 1785 1026 μαθημά-

228 1068 338 1114 των,
353 1050 472 1101 οἴων
492 1049 703 1119 ἀρτίως
734 1049 1156 1120 μεμαθήκαμεν,
1177 1049 1366 1118 φοιτᾷν
1387 1047 1481 1100 καὶ
1497 1047 1594 1110 τάς
1618 1047 1787 1109 ἀκοὰς

225 1142 382 1210 λόγοις
407 1141 694 1211 παρέχειν,
743 1140 1124 1194 ἀναπείθουσιν
1171 1141 1232 1193 οὺ
1279 1141 1437 1210 μόνον
1472 1139 1786 1192 ἀκολάστων

224 1233 673 1301 ἐπιχειρημάτων,
702 1229 839 1284 ἀλλά
857 1231 949 1283 καὶ
977 1229 1082 1284 τῶν
1107 1230 1249 1284 κατὰ
1279 1230 1517 1283 διάνοιαν
1549 1228 1788 1300 αἰσχρῶν

223 1322 634 1391 ἐνθυμημάτων,
700 1321 943 1391 γαστρός
1003 1339 1061 1374 τε
1107 1322 1200 1376 καὶ
1240 1320 1348 1374 τῶν
1401 1321 1506 1373 ὑπὸ
1550 1320 1790 1390 γαστέρα

218 1417 452 1484 κρατείνο
494 1413 557 1466 τό
611 1429 666 1464 τε
709 1414 818 1465 πᾶν
849 1413 1005 1480 γένος
1044 1411 1291 1464 παιδείαν
1333 1411 1678 1465 παιδεύεσθαι
1709 1412 1792 1464 ἕν-

218 1504 325 1557 θεον
358 1504 452 1556 καὶ
488 1503 718 1573 εὐσεϐῆ,
762 1503 946 1574 φέρειν
985 1520 1044 1556 τε
1088 1502 1378 1574 μανθάνειν
1405 1504 1666 1572 γενναίως
1697 1504 1790 1556 καὶ

214 1595 355 1666 βαθεῖ
382 1599 703 1668 φρονήματι
734 1597 832 1660 τάς
868 1595 976 1649 τῶν
1005 1596 1446 1667 ἐπανισταμένων
1469 1595 1674 1668 ὕϐρεις,
1697 1595 1792 1648 καὶ

217 1687 282 1758 μὴ
324 1691 432 1750 τοῖς
488 1689 632 1751 ἴσοις
674 1688 798 1750 τοὺς
837 1686 1070 1755 φαύλους
1124 1687 1459 1757 ἀμύνεσθαι·
1509 1685 1680 1756 θυμοῦ
1735 1687 1791 1739 δὲ

1883 497 2018 552 tium
2047 499 2258 551 ratione
2300 497 2600 551 carentium
2639 498 2930 552 teterrima:
2961 512 3025 550 ac
3054 494 3456 550 nocentissimze

1884 591 2107 645 deorum
2137 589 2370 658 amplius
2390 589 2444 642 in
2471 604 2698 642 numero
2730 589 3032 642 habeantur
3057 605 3070 641 :
3099 587 3193 642 sed
3225 588 3452 641 istorum

1886 680 2130 733 omnium
2164 679 2284 732 loco
2309 718 2324 742 ,
2359 693 2454 747 per
2487 694 2650 732 unam
2686 679 2826 733 hanc
2859 678 3225 748 evangelicam
3257 677 3458 732 Serva-

1887 773 2024 827 toris
2063 771 2232 826 nostri
2281 770 2584 824 doctrinam
2635 769 2885 824 elIectum
2933 769 3024 835 sit,
3057 779 3115 824 ut
3146 785 3212 823 ex
3255 766 3460 826 Graecis

1886 868 2088 934 pariter
2135 881 2199 920 ac
2231 866 2476 921 barbaris
2509 877 2776 936 quotquot
2806 867 2924 936 ejus
2971 870 3196 921 verbum
3242 867 3460 924 sincero

1886 957 2093 1022 animo,
2144 971 2254 1010 non
2289 957 2636 1012 simulatione
2683 958 2918 1027 quadam
2947 967 3002 1013 et
3038 958 3185 1012 inani
3215 965 3460 1014 ostentaé

1890 1051 2034 1104 tione
2061 1049 2386 1118 suscipiunt,
2418 1065 2541 1105 eum
2565 1064 2828 1118 suprema:
2849 1051 3204 1120 philosophiae
3229 1051 3456 1122 gradum

1887 1141 2194 1211 attingant,
2228 1147 2288 1193 ut
2314 1156 2481 1193 unum
2527 1142 2885 1211 eumdemque
2926 1158 3199 1196 summum
3245 1141 3456 1206 Deum,

1890 1235 2053 1288 nullis
2099 1233 2262 1302 hujus
2291 1242 2386 1286 aut
2418 1233 2784 1288 universitatis
2813 1241 2906 1287 aut
2950 1235 3047 1288 aevi
3083 1235 3282 1288 ﬁnibus
3311 1250 3462 1289 com-

1890 1325 2241 1392 prehensum,
2276 1331 2661 1392 praepotentem
2694 1323 2816 1377 cmli
2851 1332 3228 1392 terrarumque
3258 1322 3457 1393 Regem

1889 1429 1954 1468 ac
1986 1412 2298 1478 Dominum,
2329 1414 2484 1479 solis,
2509 1422 2780 1468 astrorum
2805 1415 3082 1484 totiusque
3112 1415 3302 1468 mundi
3328 1415 3463 1469 Pro-

1890 1515 2190 1559 creatorem
2221 1515 2581 1573 venerentur,
2611 1507 2916 1570 celebrent,
2943 1505 3221 1577 Deumque
3249 1505 3459 1560 fatean-

1893 1608 2020 1661 tur;
2071 1596 2143 1649 ita
2191 1611 2356 1666 porro
2400 1597 2566 1651 vitam
2620 1596 2778 1667 quasi
2830 1597 2895 1651 ad
2938 1599 3201 1653 amussim
3247 1597 3463 1665 exigere

1894 1687 2347 1758 confer-mareque
2375 1689 2649 1755 studeant,
2680 1697 2740 1742 ut
2766 1690 2943 1756 ipsum
2974 1689 3139 1744 etiam
3174 1690 3462 1744 oculorum

335 1779 533 1850 ὀργῆς,
573 1779 667 1832 καὶ
701 1779 882 1850 πάσης
913 1756 1189 1850 ὲμμανοῦς
1235 1777 1467 1850 ὀρέξεως
1511 1777 1789 1847 κρείττους

1893 1795 2111 1834 sensum
2146 1756 2446 1852 disciplina:
2481 1780 2690 1850 legibus
2719 1781 3050 1843 contineant,
3085 1780 3326 1849 nihilque
3349 1796 3460 1836 non

209 1872 441 1937 γίνεσθαι
465 1886 482 1899 ο
513 1872 608 1924 ναὶ
632 1871 737 1942 μὴν
767 1871 863 1924 καὶ
894 1870 1002 1924 τῶν
1035 1868 1390 1941 ὑπαρχόντων
1433 1869 1658 1939 ἀπόροις
1695 1869 1789 1922 xui.

209 1962 404 2015 ὲνδεέσι
461 1967 778 2027 κοινωνεῖν,
819 1963 993 2016 πάντα
1030 1978 1090 2013 τε
1132 1960 1415 2031 ἄνθρωπον
1445 1959 1678 2030 ὁμογενῆ
1708 1959 1791 2011 δε-

210 2053 471 2119 Emi-seat,
529 2053 628 2106 καὶ
681 2053 772 2105 τὸν
828 2051 1210 2122 νενομισμένον
1257 2050 1422 2115 ξένον,
1476 2049 1622 2102 ὠσὰν
1649 2049 1791 2120 νόμῳ

209 2141 416 2209 φύσεως
455 2142 800 2194 οἰκειότατον
854 2143 950 2195 καὶ
997 2140 1222 2208 ἀδελφὸν
1265 2138 1574 2210 γνωρίζειν.
1607 2139 1792 2192 Πάντα

207 2235 269 2304 δὴ
298 2235 518 2306 ἀθρόως
547 2233 728 2287 ταῦτά
766 2250 849 2296 τις
889 2230 1206 2301 συναγαγὼν
1231 2271 1245 2296 ,
1281 2229 1398 2294 πῶς
1430 2230 1531 2284 οὐκ
1558 2231 1624 2285 ἂν
1659 2231 1791 2302 ὁμο·-

205 2322 450 2396 λογήσειε
505 2325 576 2377 τὰ
615 2323 846 2395 μέγιστα
880 2323 974 2376 καὶ
1006 2321 1221 2394 ἀληθῶς
1241 2319 1422 2390 ἀγαθά
1454 2322 1664 2385 πάντας
1693 2323 1789 2376 άν-

205 2414 460 2485 θρώπους
494 2413 954 2482 εὐαγγελίσασθαι
1001 2412 1090 2467 τὸν
1120 2414 1388 2484 ἡμέτερον
1408 2411 1586 2480 λόγον,
1632 2412 1691 2465 τό
1732 2428 1791 2464 τε

202 2506 430 2562 αὐτόθεν
477 2507 750 2579 ὑπερέχον
796 2506 934 2578 πρὸς
975 2505 1202 2570 εὐζωῒαν
1239 2503 1318 2576 τῷ
1346 2503 1453 2558 τῶν
1491 2503 1792 2576 ἀνθρώπων

204 2600 620 2669 παρεσχηκέναι
646 2599 784 2669 βίῳς
819 2599 1030 2651 ὐποῖον
1058 2597 1113 2650 δέ
1137 2613 1216 2650 σοι
1241 2593 1378 2650 εἶναι
1405 2596 1570 2662 δοκεῖ,
1602 2595 1661 2649 τὸ
1687 2597 1792 2651 πᾶν

207 2689 368 2758 γένος
405 2687 728 2759 ἀνθρώπων,
766 2689 828 2740 οὐ
865 2689 1023 2758 μόνον
1077 2687 1361 2758 Ἑλλήνων,
1392 2685 1527 2740 ἀλλὰ
1563 2685 1656 2740 καὶ
1684 2686 1792 2738 τῶν

202 2782 652 2852 ἀνημερωτάτων
708 2779 1016 2850 βαρϐάρων,
1066 2779 1162 2833 καὶ
1221 2778 1329 2830 τῶν
1368 2779 1426 2831 ὲν
1470 2781 1587 2841 ταῖς
1625 2778 1792 2848 ἐσχα-

204 2877 350 2936 τιαῖς
376 2874 477 2943 τῆς
500 2874 608 2943 γῆς
639 2873 954 2936 οἰκούντων,
988 2872 1088 2942 τῆς
1118 2871 1216 2942 μὲν
1247 2870 1439 2938 ἀλόγου
1475 2869 1794 2941 θηριωδείας

204 2965 494 3034 ἀνασχεῖν,
525 2963 686 3028 δόξας
707 2963 762 3016 δὲ
790 2962 1110 3032 φιλοσόφους
1125 2961 1412 3015 ἀναλαϐεῖν
1445 2961 1796 3032 παρασκευά-

204 3073 328 3121 σαι;
369 3053 512 3122 οἷον,
557 3057 692 3127 φέρε
736 3059 928 3115 εἰπεῖν.
953 3056 1053 3116 τὰς
1083 3056 1209 3126 περὶ
1246 3054 1545 3117 ἀθανασίας
1592 3053 1790 3124 ψυχῆς,

200 3151 293 3201 καὶ
329 3149 486 3217 ζωῆς
529 3147 628 3216 τῆς
669 3146 819 3217 παρὰ
855 3145 973 3216 Θεῷ
1006 3146 1141 3215 μετά
1183 3144 1281 3216 τὴν
1313 3144 1519 3198 ἐνθένδε
1551 3143 1792 3197 ἀπαλλα-

199 3241 301 3309 γὴν
320 3242 442 3301 τοῖς
478 3237 783 3307 θεοφιλέσιν
809 3236 1198 3308 ἀποκειμένης,
1233 3236 1301 3288 δι’
1325 3237 1391 3307 ἦν
1417 3235 1510 3288 τοῦ
1537 3234 1796 3306 προσκαί-

198 3349 294 3401 ρου
326 3330 535 3383 τούτου
565 3329 666 3401 ζῇν
702 3331 1061 3399 καταφρονεῖν
1085 3327 1422 3399 ἐμελέτησαν
1445 3345 1456 3356 ·
1490 3326 1629 3379 ὥστε
1659 3328 1794 3379 ἀπο-

194 3413 367 3487 δεῖξαι
404 3425 614 3486 παῖδας
642 3423 767 3486 τοὺς
803 3421 1019 3476 πώποτε
1037 3423 1126 3474 ἐπὶ
1154 3419 1438 3490 φιλοσοφίᾳ
1457 3418 1790 3488 διαϐοήτονςν

193 3516 289 3567 καὶ
319 3513 593 3581 παίγνιον
625 3511 717 3564 τὸν
765 3510 991 3581 θρυλλού
1002 3527 1157 3580 μενον
1192 3510 1394 3562 ἐκεῖνον
1417 3507 1662 3570 θάνατον,
1694 3508 1795 3561 ἀνὰ

196 3606 381 3674 στόμα
435 3603 747 3673 φιλοσόφων
784 3602 998 3654 πάντων
1045 3601 1332 3671 ᾁδόμενον’
1392 3600 1618 3671 θηλειῶν
1665 3604 1793 3672 παρ’

193 3695 328 3766 ἡμῖν
361 3695 478 3747 καὶ
525 3692 726 3763 κομιδῆ
771 3691 994 3753 παίδων,
1047 3689 1334 3761 βαρϐάρων
1373 3707 1430 3740 τε
1467 3690 1673 3761 ἀνδρῶν
1701 3690 1795 3742 καὶ

197 3785 444 3838 εὐτελῶν
485 3784 561 3853 τῷ
584 3783 781 3845 δοκεῖν,
820 3783 886 3851 τῇ
916 3779 1009 3834 τοῦ
1035 3780 1285 3849 Σωτῆρος
1307 3783 1337 3849 ἡ
1348 3779 1461 3849 μῶν
1483 3780 1706 3851 δυνάμει
1734 3799 1793 3834 τε

191 3877 288 3931 καὶ
331 3874 666 3947 συνεργείᾳ,
695 3875 786 3927 τὸν
819 3874 948 3944 περὶ
973 3872 1150 3943 ψυχῆς
1193 3871 1488 3935 ἀθανασίας
1514 3870 1670 3940 λόγον
1701 3872 1792 3944 ἕρ-

191 3983 312 4036 τοις
356 3965 704 4037 ςτῴτερονῆ
746 3966 981 4035 ῥήμασιν
1024 3963 1426 4034 ὲπαληθεύοντα
1469 3962 1793 4030 δειξάντων;

193 4053 321 4111 Οἴον
351 4059 448 4118 δὲ,
491 4058 586 4109 καὶ
626 4057 687 4109 τὺ
729 4055 958 4108 καθόλου
997 4056 1204 4116 πάντας
1243 4053 1558 4122 ἀνθρώπους
1589 4056 1711 4118 τοὺς
1739 4057 1796 4107 ἐν

194 4149 333 4200 πᾶσι
381 4149 509 4208 τοῖς
546 4145 771 4206 ἔθνεσιν,
805 4146 871 4197 ὲκ
898 4143 1004 4197 τῶν
1038 4144 1128 4196 τοῦ
1161 4142 1403 4214 Σωτῆρος
1437 4143 1591 4212 ἡμῶν
1625 4141 1798 4211 μαθη-

196 4240 396 4309 μάτων
420 4237 558 4307 περὶ
575 4235 706 4288 Θεοῦ
731 4234 984 4307 προνοίας
997 4235 1069 4298 ὼς
1089 4231 1370 4303 ὲφορὼσης
1393 4234 1458 4285 τὰ
1491 4231 1792 4302 σύμπαντα,

193 4330 372 4396 ὑγιῶς
437 4328 536 4381 καὶ
587 4327 911 4398 ἐρρωμένως
940 4327 1151 4394 φρονεῖν
1189 4321 1553 4375 παιδεύεσθαγ
1598 4321 1690 4372 καὶ
1734 4319 1796 4371 τὸ

192 4424 387 4475 πᾶσαν
429 4419 617 4490 ψυχὴν
658 4417 948 4488 μανθάνειν
991 4415 1080 4469 τὸν
1113 4414 1240 4485 περὶ
1273 4412 1655 4484 δικαιωτηρίου
1702 4411 1795 4464 καὶ

1891 1881 2250 1942 temperatum
2295 1888 2362 1927 ex
2407 1880 2627 1942 aspectu
2672 1886 2796 1926 cum
2844 1871 3140 1940 cupiditate
3168 1872 3463 1942 conjuncto

1893 1966 1945 2018 in
1979 1965 2220 2018 animum
2252 1963 2437 2019 subire
2463 1965 2766 2033 patiantur,
2794 1978 2858 2017 ac
2887 1963 2970 2018 vel
3004 1963 3120 2032 ipsa
3149 1979 3216 2017 cx
3256 1963 3464 2034 cogita-

1893 2057 2042 2112 tione
2087 2055 2348 2110 radicitus
2407 2070 2580 2126 genus
2624 2070 2786 2110 omne
2836 2055 2994 2110 foedae
3040 2055 3462 2124 perturbationis

1893 2148 2254 2204 exscindant:
2311 2149 2428 2204 haec
2482 2149 2667 2204 omnia
2719 2149 2844 2218 quis
2899 2149 3196 2218 plurimum
3250 2151 3463 2205 cunctis

1897 2239 2212 2296 hominibus
2244 2241 2311 2295 ad
2360 2241 2495 2296 bene
2546 2242 2808 2311 beateque
2853 2241 3146 2296 vivendum
3200 2245 3465 2297 momenti

1899 2333 2092 2391 afferre
2138 2349 2246 2390 non
2296 2333 2520 2388 videat?
2571 2331 2873 2397 Praeterea,
2917 2334 3062 2402 quod
3106 2335 3256 2389 nullo
3305 2337 3465 2402 plane

1889 2421 2243 2493 jurejurando
2278 2439 2415 2494 opus
2455 2423 2689 2479 habeant
2729 2424 2983 2493 (tantum
3030 2425 3183 2481 abest
3233 2435 3294 2480 ut
3341 2443 3467 2498 per-

1889 2514 2038 2582 jurio
2067 2516 2221 2572 locus
2247 2531 2368 2571 esse
2395 2515 2634 2586 possit),
2662 2531 2730 2570 eo
2757 2517 2904 2586 quod
2934 2532 3213 2587 nunquam
3242 2520 3466 2573 omnino

1890 2606 2185 2676 jurandum
2221 2623 2342 2662 esse
2368 2648 2383 2673 ,
2413 2620 2468 2663 at
2517 2607 2718 2676 rejecto
2762 2609 3047 2664 mendacio
3101 2626 3287 2665 verum
3329 2627 3465 2666 con-

1893 2707 2105 2754 stanter
2145 2708 2198 2754 et
2231 2699 2430 2768 ubique
2476 2700 2815 2754 retinendum
2860 2716 2925 2754 ex
2971 2701 3064 2754 illo
3113 2701 3420 2758 didicerunt
3446 2745 3464 2769 ,

1895 2791 2034 2846 adeo
2065 2799 2124 2846 ut
2161 2791 2241 2844 ita
2286 2792 2369 2845 vel
2407 2808 2512 2845 non
2562 2792 2615 2846 in
2657 2806 2870 2846 omnem
2913 2803 3119 2861 partem
3164 2794 3299 2850 satis
3346 2809 3468 2852 esss

1893 2893 2104 2955 putent,
2150 2883 2348 2953 quippe
2393 2883 2489 2952 qui
2531 2883 2615 2936 vel
2665 2883 2835 2951 ipsam
2890 2884 3058 2937 animi
3094 2885 3464 2940 inductionem

1897 2976 2047 3032 omni
2080 2986 2421 3033 sacramento
2464 2974 2757 3029 ﬁrmiorem
2789 2983 2952 3044 atque
2979 2977 3265 3030 certiorem
3306 2978 3464 3031 exhio

1897 3069 2081 3124 beant.
2141 3068 2443 3130 Similiter,
2490 3066 2638 3136 quod
2687 3081 2754 3121 ne
2798 3067 2853 3120 in
2904 3068 3195 3122 levissimis
3243 3069 3462 3136 quidem

1898 3161 2128 3226 voculis,
2175 3175 2242 3214 ac
2284 3161 2491 3214 mutuis
2517 3159 2957 3229 quotidianisque
2984 3161 3466 3229 congressionibus

1899 3265 2019 3306 sese
2060 3250 2418 3320 negligentius
2463 3248 2662 3302 habere
2693 3247 2900 3312 velint,
2949 3247 3043 3303 sed
3088 3247 3143 3301 in
3185 3245 3253 3302 iis
3299 3249 3465 3302 etiam

1897 3350 2168 3406 accurate,
2199 3340 2463 3410 quidquid
2499 3341 2815 3408 loquuntur,
2851 3341 3188 3410 expendunt,
3225 3355 3294 3395 ne
3321 3341 3467 3410 quod

1899 3431 2033 3500 ipsis
2067 3433 2290 3484 verbum
2323 3439 2419 3484 aut
2446 3445 2645 3484 vanum
2672 3472 2688 3497 ,
2729 3441 2822 3486 aut
2853 3432 3306 3486 contumeliosum
3331 3473 3346 3498 ,
3377 3441 3472 3486 aut

1899 3529 2078 3590 turpe,
2109 3521 2361 3575 minusve
2391 3521 2752 3591 compositum
2777 3521 2990 3576 excidat
3015 3540 3030 3588 ;
3060 3521 3222 3592 idque
3249 3535 3472 3592 propter

1899 3628 2066 3664 unum
2093 3612 2197 3666 hoc
2218 3613 2465 3681 ejusdem
2485 3614 2747 3667 monitum
2769 3631 2781 3667 :
2807 3632 2826 3664 (
2849 3615 2921 3668 De
2940 3615 3089 3668 omni
3107 3615 3272 3669 verbo
3291 3609 3470 3668 ctioso

1898 3703 2135 3757 reddetis
2155 3705 2420 3757 rationem
2449 3705 2502 3757 in
2526 3703 2612 3758 die
2632 3704 2823 3773 judicii
2850 3705 2925 3770 ¹²;
2952 3724 2971 3756 ι
2998 3713 3193 3772 totum,
3225 3707 3469 3776 inquam,

1899 3794 2030 3848 illud
2083 3793 2240 3864 cujus
2294 3795 2523 3849 obsecro
2577 3796 2698 3850 vitae
2745 3805 2866 3860 est,
2921 3811 3189 3866 quamque
3237 3800 3471 3856 sublime

1895 3885 2254 3956 philosophiae
2302 3903 2472 3957 genus
2505 3889 2809 3956 profitentis
2834 3888 2857 3941 ?
2887 3888 2966 3942 Ad
3009 3889 3123 3943 hzec
3151 3931 3162 3951 ,
3208 3892 3350 3959 quod
3382 3894 3469 3946 iu-

1898 3977 2051 4030 ﬁnita
2093 3977 2378 4042 virorum,
2413 3980 2703 4033 mulierum
2741 3994 2804 4032 ac
2834 3994 3150 4048 puerorum,
3186 3996 3469 4038 servorum

1898 4079 2100 4148 pariter
2126 4085 2290 4146 atque
2337 4077 2633 4132 liberorum
2661 4116 2678 4143 ,
2729 4077 3048 4147 ignobilium
3082 4086 3136 4133 et
3167 4081 3428 4134 nobilium
3454 4119 3476 4148 ,

1899 4196 2110 4235 necnon
2139 4181 2494 4234 barbarorum
2529 4180 2693 4234 simul
2733 4189 2896 4248 atque
2934 4179 3266 4248 Grazcorum,
3299 4185 3476 4237 omni-

1902 4281 2004 4337 bus
2026 4282 2080 4335 in
2100 4283 2258 4345 locis,
2278 4281 2518 4351 oppidis,
2537 4281 2850 4351 regionibus
2871 4290 2924 4336 et
2943 4292 3209 4351 quotquot
3233 4284 3331 4338 soli
3355 4284 3476 4337 sub-

1897 4387 2052 4456 jectae
2071 4386 2170 4456 l3
2195 4397 2321 4439 sunt
2344 4385 2676 4447 nationibus,
2692 4385 2757 4438 ad
2777 4386 3118 4441 subeundam
3137 4403 3324 4442 eorum
3339 4403 3481 4458 pra!-

191 4485 456 4585 κρὶσεως
659 4485 831 4578 ⁷λογον
855 4549 869 4572 ,
909 4507 1005 4562 καὶ
1035 4506 1095 4559 τὸ
1133 4504 1606 4578 πεφροντισμένως
1661 4503 1758 4573 ζῇν
1778 4541 1791 4564 ,

1899 4499 2205 4558 ceptorum,
2235 4489 2431 4559 quibus
2471 4503 2644 4557 nuper
2686 4485 2962 4543 informati
2996 4506 3208 4555 sumus,
3235 4489 3478 4558 discipli-

193 4605 291 4658 καὶ
317 4602 683 4674 φυλακτικῶς
703 4599 844 4672 ἔχειν
865 4598 972 4652 τῶν
986 4599 1082 4671 τῆς
1109 4597 1306 4660 κακίας
1333 4595 1791 4666 ὲπιτηδευμάτωνξ

1906 4608 2058 4658 nam,
2080 4593 2247 4647 denso
2276 4590 2494 4662 agmine
2544 4589 2834 4645 multitudo
2867 4591 3126 4655 conﬂuat,
3183 4589 3479 4660 ejusmodi-

192 4717 304 4772 qne
343 4698 711 4755 sermonibus
761 4712 922 4751 aures
976 4694 1231 4765 praabeat,
1278 4692 1475 4762 quibus
1524 4691 1590 4745 ad
1624 4690 1978 4744 coercendam
2022 4703 2129 4742 non
2181 4689 2456 4743 actionum
2499 4686 2659 4741 modo
2687 4687 3060 4755 petulantiam,
3091 4701 3280 4741 verum
3309 4685 3473 4769 etiam

192 4807 432 4862 earum,
470 4806 596 4862 quae
630 4791 685 4844 in
737 4788 850 4844 sola
882 4794 1061 4842 mente
1098 4794 1406 4848 versantur,
1457 4781 1845 4854 cogitationum
1882 4781 2294 4851 turpitudinem,
2323 4793 2621 4848 omnesque
2648 4787 2763 4834 tum
2797 4779 3020 4844 ventris,
3067 4786 3182 4832 tum
3226 4792 3348 4847 quae
3376 4778 3479 4832 sub

189 4898 402 4943 ventre
449 4885 635 4940 sedem
677 4882 877 4937 habent
907 4880 1210 4950 voluptates
1251 4877 1548 4933 domandas
1570 4875 1868 4930 excitetur:
1906 4873 2158 4943 quodque
2200 4872 2406 4925 nullum
2439 4886 2547 4927 non
2574 4884 2769 4947 genus
2821 4869 3104 4924 hominum
3152 4867 3347 4922 divina)
3380 4869 3480 4923 do-

195 4987 410 5039 ctrina
470 4978 924 5050 pmceptionibus
979 4976 1274 5040 imbuatur,
1323 4982 1382 5028 ut
1438 4969 1819 5026 lacessentium
1860 4969 2203 5022 inimicorum
2268 4967 2496 5036 injurias
2545 4967 2759 5023 excelso
2813 4971 3244 5037 exaggeratoque
3295 4964 3480 5018 animo

194 5079 376 5140 ferre,
442 5093 553 5130 non
591 5072 798 5128 mutuis
832 5087 896 5127 ac
931 5071 1199 5126 similibus
1251 5067 1529 5139 improbos
1568 5066 1818 5120 homines
1867 5064 2052 5120 ulcisci
2099 5063 2265 5118 velit:
2298 5071 2360 5117 ut
2413 5061 2710 5118 iracundia:
2757 5063 2884 5130 vim,
2926 5069 2984 5115 ut
3012 5061 3362 5129 impotentem
3416 5075 3481 5113 ac

193 5174 491 5228 furiosum
540 5167 857 5238 cupiditatis
909 5167 1088 5222 omnis
1141 5166 1402 5236 impetum
1446 5176 1631 5234 regere
1681 5175 1745 5215 ac
1791 5158 2007 5215 frenare
2048 5169 2304 5240 conetur,
2374 5159 2616 5229 adeoque
2670 5168 2726 5212 ut
2773 5173 2902 5227 opes
2947 5154 3304 5226 fortunasque
3352 5170 3482 5209 suas

194 5285 333 5325 cum
387 5266 647 5337 inopibus
692 5263 1081 5333 egentibusque
1128 5258 1538 5316 communicet:
1575 5265 1634 5311 ut
1680 5255 1977 5325 quemlibet
2021 5253 2294 5308 hominem
2345 5253 2652 5309 communis
2679 5249 3034 5305 humanitatis
3067 5249 3286 5306 nomine
3329 5263 3483 5302 com-

197 5367 528 5437 plectatur,
593 5372 861 5430 quemque
906 5356 1066 5425 vulgo
1125 5362 1382 5422 tauquam
1445 5348 1788 5420 peregrinum
1849 5347 2086 5412 habent,
2142 5361 2264 5399 eum
2311 5345 2468 5416 quasi
2532 5355 2740 5399 natura:
2803 5343 2918 5411 lege
2965 5341 3479 5409 conjunctissimum

197 5435 270 5516 ac
305 5459 489 5514 veluti
524 5455 744 5510 fratrem
784 5460 1062 5522 agnoscat.
1090 5451 1219 5504 Haec
1248 5447 1341 5518 qui
1385 5444 1548 5501 simul
1586 5444 1842 5498 universa
1881 5451 2155 5514 congerat,
2207 5441 2390 5496 ﬁerine
2421 5441 2640 5510 poterit,
2691 5436 2822 5505 quin
2881 5435 3021 5489 idem
3052 5435 3398 5504 praedicatam
3449 5448 3482 5484 a

201 5555 384 5611 nobis
432 5551 731 5606 doctrinam
778 5562 898 5602 eam
958 5560 1078 5601 esse
1130 5543 1383 5607 fateatur,
1440 5555 1563 5611 quae
1598 5554 1813 5595 summa
1858 5553 2086 5608 veraque
2145 5531 2282 5591 bona
2339 5535 2549 5590 cunctis
2573 5531 2887 5587 hominibus
2915 5529 3142 5584 feliciter
3195 5527 3481 5588 nuntiarit,

203 5652 490 5720 quodque
531 5646 862 5716 pracipuum
919 5651 972 5696 et
1002 5641 1157 5711 quasi
1205 5647 1367 5709 caput
1391 5637 1458 5692 ad
1497 5637 1635 5691 bene
1684 5635 1946 5704 beateque
1968 5634 2255 5687 vivendum
2285 5647 2379 5700 per
2409 5645 2527 5685 sese
2550 5635 2685 5691 erat,
2712 5627 2991 5682 hominum
3025 5624 3144 5677 vita:
3162 5617 3476 5722 contulerit.

206 5718 366 5797 illud
404 5756 561 5809 porro
584 5739 733 5809 quod
782 5737 1047 5806 sequitur,
1103 5733 1406 5805 cujusmodi
1451 5733 1668 5790 tandem
1714 5744 1833 5785 esse
1870 5739 2050 5800 putas,
2090 5728 2234 5798 quod
2275 5725 2532 5782 nimirum
2583 5723 2770 5782 eadem
2825 5736 2992 5793 genus
3028 5718 3308 5773 hominum
3359 5718 3480 5768 uni-

290 5841 343 5870 ²¹
394 5834 582 5889 Βοιώ.
614 5849 713 5895 xu,
748 5833 839 5886 '56.

500 5874 928 5968 iiIﬁBLTVGn.
1001 5901 1173 5964 XXI.

3242 5874 3286 5934 2
