3948 6376
453 315 526 371 ιδ
1094 306 1361 366 EUSEBII
1393 302 1872 363 CAESARIENSIS
1908 300 2059 357 OPP.
2103 290 2285 355 PARS
2324 285 2387 349 ll.
2421 314 2492 333 -ε-
2532 298 3032 358 APOLOCETICA.
3654 314 3716 367 44

455 444 672 483 versum
736 443 842 482 non
879 425 1198 481 Grmcorum
1233 423 1547 489 modo,.sed
1575 420 2040 476 ferocissimorum
2079 418 2244 474 etiam
2275 412 2662 487 barbarorum,
2695 428 2752 475 et
2792 436 2983 477 eorum
3010 420 3105 491 qui
3167 420 3221 476 in
3278 430 3537 482 extremis
3570 436 3719 486 terra

454 521 656 577 finibus
684 518 973 590 degebant,
1010 532 1041 571 a
1084 515 1302 570 vecordi
1337 513 1626 581 ferinoque
1668 510 1777 564 ritu
1856 508 2168 573 abduxerit,
2232 518 2400 578 atque
2457 509 2526 564 ad
2591 509 2893 565 sententias
2946 509 3287 580 philosophis
3334 514 3493 581 plane
3532 517 3717 587 dignas

456 610 810 686 traduxerit?
837 606 1163 679 Cujusmodi
1206 616 1337 661 sunt
1361 620 1439 659 ea:
1484 618 1624 674 quas
1663 601 1731 657 de
1759 600 1927 656 animi
1960 600 2369 656 immortalitate
2438 600 2662 671 vitaque
2711 601 2827 669 illa,
2914 617 3039 672 qua:
3093 613 3386 675 postquam
3429 608 3715 678 migratum

453 713 584 767 hinc
614 709 780 764 fuerit
812 707 924 763 Deo
956 706 1156 761 charos
1190 703 1441 758 homines
1481 698 1624 771 apud
1676 699 1854 768 ipsum
1920 696 2081 767 quasi
2154 696 2433 752 recondita
2481 705 2686 762 manet,
2739 696 3304 769 imbiberunt:cujus
3353 718 3540 760 amore
3590 714 3724 781 capri

456 812 666 858 tantum
706 801 760 855 in
802 800 984 855 brevis
1053 797 1220 867 hujus
1289 795 1561 863 ﬂuxaeque
1614 792 1743 848 vitae
1800 798 2113 861 contemptu
2190 791 2565 847 meditationis
2621 807 2682 847 ac
2739 792 2903 847 studii
2948 808 3219 862 posuere,
3275 803 3335 849 ut
3361 811 3488 852 vere
3536 814 3727 870 pueros

457 902 729 966 quotquot
751 893 881 948 olim
906 891 1199 948 maximam
1239 904 1307 944 ex
1371 886 1717 959 philosophia
1777 884 1993 939 laudem
2021 884 2125 939 sibi
2164 883 2476 954 famamque
2534 895 2877 955 pepererant,
2923 887 3181 956 illamque
3230 887 3497 957 jactatam
3547 896 3727 961 perdiu

456 998 691 1043 mortem
716 1003 779 1043 ac
799 984 1244 1056 philosophorum
1268 981 1513 1037 omnium
1544 995 1639 1035 ore
1667 979 2034 1043 decantatam,
2076 977 2212 1031 nihil
2268 977 2374 1032 nisi
2440 979 2702 1047 puerilem
2735 979 3028 1049 quamdam
3065 980 3331 1036 lusionem
3364 980 3534 1038 fuisse
3556 997 3730 1043 osten~

457 1078 678 1143 (ierint;
707 1092 832 1132 cum
882 1076 1013 1145 ipsa:
1060 1086 1279 1143 quoque
1322 1070 1464 1141 apud
1526 1085 1628 1125 nos
1695 1069 1891 1139 puella:
1948 1068 2230 1137 tenerique
2264 1068 2544 1137 pusiones,
2604 1070 2851 1140 adeoque
2895 1069 3113 1125 barbari
3152 1071 3427 1140 homines,
3464 1074 3727 1149 iidemque

459 1175 504 1231 si
527 1174 702 1231 oculis
732 1170 1159 1233 aestimarentur,
1195 1166 1331 1222 viles
1362 1174 1417 1220 et
1457 1165 1678 1236 abjecti,
1737 1162 2047 1218 Servatoris
2086 1161 2259 1216 nostri
2284 1161 2493 1218 viribus
2528 1163 2843 1233 auxilioque
2895 1162 3041 1225 freti,
3076 1164 3237 1233 hujus
3299 1166 3367 1219 de
3427 1167 3726 1226 animorum

460 1263 873 1321 immortalitate
914 1259 1177 1316 doctrinae
1233 1259 1521 1314 veritatem
1590 1272 1649 1312 re
1694 1256 1811 1326 ipsa
1853 1254 2037 1324 potius
2078 1268 2242 1323 quam
2284 1255 2531 1309 oratione
2595 1255 3036 1325 comprobarint?
3088 1254 3415 1326 Cujusmodi
3489 1261 3648 1317 etiam
3671 1264 3732 1318 il-

458 1361 552 1417 lud
602 1365 706 1423 est,
750 1356 898 1427 quod
940 1354 1181 1410 universi
1232 1353 1436 1424 passim
1488 1351 1761 1417 homines,
1794 1350 1887 1405 ubi
1939 1348 2028 1402 ubi
2069 1348 2308 1419 gentium
2376 1347 2480 1417 ipsi
2528 1349 2747 1419 degant,
2777 1365 2843 1404 ex
2910 1349 3155 1421 ejusdem
3217 1349 3526 1410 Servatoris
3565 1360 3733 1412 nostri

456 1453 760 1523 disciplinas
819 1450 1105 1521 praeceptis
1147 1463 1343 1504 sanum
1392 1456 1446 1501 et
1517 1452 1857 1500 constantem
1915 1442 2112 1496 divinae
2139 1443 2492 1510 providentia:
2522 1442 2663 1496 hanc
2698 1458 2882 1497 rerqu
2933 1443 3346 1499 universitatem
3391 1447 3726 1505 moderantis

459 1566 682 1610 sensum
743 1546 1021 1614 hauriant,
1073 1545 1179 1618 14
1208 1544 1464 1616 quodque
1506 1556 1667 1596 nemo
1708 1555 1815 1595 non
1849 1555 1934 1604 ea,
1970 1538 2187 1609 quaajde
2224 1539 2483 1593 tribunali
2519 1538 2838 1608 judicioque
2883 1539 3073 1594 divino
3109 1540 3501 1609 praedicantur,
3562 1554 3733 1599 menta

457 1647 760 1721 percipiat,
804 1656 979 1714 eoque
1027 1636 1686 1710 plurimuminstituendaa
1736 1635 1859 1690 vita:
1886 1632 2162 1689 cautionis
2210 1633 2483 1701 adhibeat,
2515 1641 2572 1689 et
2614 1633 2684 1688 ab
2716 1633 2865 1689 omni
2902 1634 3124 1691 sceleris
3150 1634 3626 1708 improbitatisque
3651 1654 3736 1710 ge-

458 1756 589 1796 nere
622 1736 885 1807 singulari
917 1733 1098 1790 studio
1133 1747 1198 1786 ac
1220 1731 1531 1801 provisione
1555 1729 1827 1786 declinet?

1086 1825 1317 1883 CAPUT
1352 1825 1412 1883 ν.

462 1946 586 2001 Non
614 1946 727 2000 sine
766 1941 1015 2014 prudenti
1061 1950 1373 2009 matureque
1406 1937 1618 2009 judicio
1662 1953 1758 2014 nos
1794 1952 1826 1989 ιι
1865 1952 2051 2014 super—

526 2018 744 2073 stitioso
767 2008 1044 2083 'majorum
1093 2008 1415 2065 nostrorum
1438 2026 1615 2063 errore
1657 2008 1980 2062 discessisse.

530 2111 602 2162 At
632 2120 761 2161 vero
818 2101 1078 2173 praecipui
1121 2100 1460 2170 maximique
1509 2093 1781 2161 beneficii,
1819 2096 1966 2167 quod
2020 2109 2051 2149 a

460 2196 682 2254 salutari
700 2192 1092 2265 praedicatione
1122 2190 1429 2262 profectum
1462 2198 1566 2256 est,
1587 2189 1661 2242 ita
1697 2186 1856 2242 facile
1902 2201 2053 2241 sum-

462 2305 609 2346 mam
654 2287 951 2356 intelligas,
1013 2284 1062 2341 si
1109 2281 1553 2353 superstitiosum
1607 2280 1761 2335 illum
1810 2292 2052 2333 errorem

463 2380 668 2438 veteris
704 2376 1028 2435 idololatria:
1080 2383 1262 2430 tecum
1306 2372 1422 2443 ipse
1454 2379 1697 2442 reputes,
1729 2384 1838 2441 qua
1883 2384 2053 2440 genus

461 2474 767 2530 humanum
795 2469 1133 2528 .universum
1187 2474 1414 2538 propter
1464 2463 1577 2518 vim
1614 2478 1680 2518 ac
1734 2461 2051 2517 violentiam

462 2567 777 2621 memonum
839 2570 1000 2617 antea
1051 2558 1512 2631 pessumdabatur
1550 2574 1563 2611 :
1608 2571 1673 2611 ex
1704 2570 1814 2625 qua
1869 2565 2052 2608 tamen

462 2659 558 2714 illa
582 2658 661 2715 sic
679 2664 941 2725 tanquam
970 2669 1037 2708 ex
1064 2651 1339 2707 teterrima
1376 2648 1609 2721 caligine
1635 2646 1857 2703 Graecos
1890 2645 2052 2700 simul

463 2767 529 2807 ac
563 2750 830 2807 barbaros
856 2746 1045 2802 divino
1086 2744 1311 2799 numine
1342 2742 1625 2805 liberatos,
1661 2739 1729 2794 ad
1754 2738 2053 2810 spiritalem

462 2844 823 2913 eamdemque
883 2838 1249 2896 clarissimam
1279 2850 1421 2890 verae
1466 2848 1595 2904 erga
1625 2832 1798 2887 Deum
1847 2846 2058 2902 praepo-

466 2946 667 2992 tentent
700 2950 883 2990 rerum
909 2931 1157 2989 omnium
1202 2928 1403 3000 Regem
1431 2927 1646 2998 pietatis
1669 2926 1846 2981 lucem
1878 2923 2055 2979 vindi-

464 3026 627 3082 cavit.
662 3022 953 3091 Sedenim,
989 3021 1120 3093 quid
1164 3021 1357 3076 attinet
1397 3020 1503 3075 hoc
1550 3019 1671 3074 loco
1710 3015 1963 3087 pluribus
1990 3014 2043 3068 id

466 3119 679 3187 conari,
702 3129 762 3174 ut
789 3133 899 3173 non
917 3115 1334 3175 inconsiderata:
1380 3112 1599 3170 cuidam
1650 3124 1714 3166 ac
1745 3108 2053 3165 temerariae

470 3211 619 3277 ﬁdei,
671 3210 766 3265 sed
811 3208 1032 3264 consilii
1086 3206 1448 3275 utilitatisque
1488 3202 1663 3273 plenis
1726 3199 2051 3262 rationibus,

466 3316 700 3372 quaeque
724 3315 865 3355 verae
886 3297 1104 3369 pietatis
1134 3295 1366 3350 formam
1396 3303 1446 3348 et
1474 3292 1783 3348 institutum
1816 3290 2056 3361 comple-

470 3403 711 3459 ctantur,
753 3407 854 3447 nos
880 3392 1031 3463 ipsos
1052 3389 1329 3445 addixisse
1361 3384 1759 3442 ostendamus?
1790 3382 2054 3454 Equidem

471 3504 596 3543 cum
622 3486 880 3541 universo
915 3483 1020 3538 hoc
1060 3496 1225 3552 opere
1278 3480 1331 3534 id
1364 3486 1558 3550 agatur
1584 3492 1776 3542 unum,
1810 3477 1906 3547 qui
1944 3475 2055 3529 vim

470 3596 537 3635 ac
563 3586 839 3634 momenta
895 3575 1168 3630 rationum
1226 3586 1422 3641 capere
1462 3579 1517 3625 et
1553 3568 1774 3639 assequi
1803 3575 2056 3638 possunt,

470 3687 569 3728 eos
600 3680 660 3725 ut
710 3670 766 3724 in
815 3664 1207 3739 pervidendam
1265 3671 1714 3734 argumentorum
1764 3661 2055 3716 sanitatem

473 3762 815 3828 incumbant,
850 3770 910 3814 ut
934 3772 1073 3830 quas
1094 3756 1371 3827 accipiunt
1391 3754 1706 3826 dOgmatum
1743 3760 2058 3808 nostrorum

474 3852 976 3912 demonstrationes
1001 3850 1264 3907 attentius
1321 3862 1385 3904 ac
1425 3847 1685 3903 subtilius
1712 3845 2057 3909 examinem,

480 3949 559 4003 uti
589 3948 827 4018 denique
857 3945 926 4001 ad
977 3942 1406 4014 suscipiendam,
1447 3940 1763 4010 quicunque
1791 3937 2061 3993 rationem

474 4057 542 4096 ex
579 4040 739 4096 nobis
769 4046 1021 4109 quaerat,
1055 4037 1225 4100 illius,
1253 4048 1376 4105 quae
1409 4032 1672 4103 religione
1699 4040 1888 4087 nostra
1929 4044 2064 4086 con-

477 4135 703 4199 tinetur,
755 4130 870 4200 spei
903 4128 1304 4193 detensionem,
1356 4131 1637 4195 promptos
1664 4135 1784 4177 sese
1811 4135 1877 4175 ac
1901 4134 2065 4189 para-

477 4236 564 4282 tos
589 4224 905 4285 exhibeant,
923 4222 1089 4277 etiam
1112 4229 1277 4290 atque
1305 4218 1468 4275 etiam
1503 4215 1884 4270 adhortamur.
1904 4210 2063 4265 Nunc

477 4333 632 4383 vero,
665 4316 924 4388 quoniam
956 4313 1205 4368 omnium
1257 4326 1320 4367 ea
1354 4310 1587 4366 facultas
1608 4316 1662 4363 et
1690 4306 1912 4363 solertia
1954 4320 2065 4360 non

478 4423 594 4478 est,
646 4425 770 4467 cum
817 4407 1090 4479 ejusmodi
1138 4406 1211 4461 sit
1257 4413 1479 4473 tamque
1526 4415 1719 4456 amans
1778 4398 2063 4454 hominum

479 4504 647 4559 Verbi
674 4502 843 4557 divini
865 4499 1133 4562 suavitas,
1160 4506 1220 4551 ut
1246 4498 1519 4552 neminem
1541 4492 1768 4549 omnino
1794 4490 2061 4561 repudiet,

480 4597 574 4652 sed
602 4596 781 4666 potius
820 4593 1047 4649 cuilibet
1072 4588 1320 4644 sanando
1345 4602 1643 4659 congruam
1670 4584 2066 4641 etconvenien-

481 4702 592 4747 tem
641 4689 966 4745 medicinam
1023 4685 1279 4741 adhibeat
1319 4700 1331 4735 :
1381 4680 1628 4751 adeoque
1674 4678 1960 4750 imperitos
2011 4684 2068 4731 et

482 4784 678 4840 idiotas
732 4783 801 4839 ad
853 4781 1112 4837 leviorem
1161 4775 1468 4833 curationis
1522 4774 1791 4829 rationem
1843 4771 2064 4837 invitet;

479 4879 605 4948 jure
641 4890 775 4931 sane
808 4890 874 4931 ac
911 4871 1110 4928 merito
1154 4868 1247 4940 qui
1278 4882 1347 4924 ex
1388 4865 1705 4921 rudioribus
1754 4863 2065 4928 initiantur,

481 4967 744 5023 mulieres
768 4965 1021 5021 videlicet
1048 4978 1112 5017 ac
1138 4974 1362 5032 pueros,
1410 4957 1827 5029 vulgariumque
1859 4970 1922 5010 ac
1955 4955 2069 5024 ple-

484 5062 732 5116 beiorum
786 5058 1073 5114 hominum
1135 5051 1539 5109 multitudinem
1615 5049 1685 5105 ad
1741 5048 2069 5104 Christianae

484 5152 608 5206 vitae
638 5151 893 5221 pietatem
924 5148 1083 5220 quasi
1109 5161 1273 5202 manu
1301 5143 1658 5207 adducentes,
1680 5142 1947 5212 integram
1981 5156 2070 5197 sa-

484 5256 720 5313 namque
750 5241 912 5295 ﬁdem
942 5240 1212 5311 principio
1260 5239 1344 5294 sic
1389 5246 1653 5307 tanquam
1689 5234 2067 5290 medicamen—

487 5345 601 5391 tum
619 5332 842 5401 aliquod
866 5332 1213 5399 adhibemus,
1245 5343 1549 5399 eorumque
1577 5327 1851 5383 mentibus
1890 5327 1958 5382 de
1988 5326 2072 5382 di-

485 5430 615 5485 vina
640 5427 1083 5500 providentia,de
1106 5427 1416 5481 animorum
1443 5420 1874 5487 immortalitate,
1895 5421 2072 5489 deque

483 5524 596 5579 vita
609 5524 673 5577 ad
688 5521 906 5577 virtutis
921 5536 1168 5574 normam
1182 5517 1468 5589 exigenda,
1487 5513 1588 5586 15
1604 5524 1781 5569 rectas
1796 5512 2074 5583 cogitatio-

486 5632 587 5674 nes
616 5616 927 5671 inserimus.
958 5612 1097 5679 Quid
1128 5612 1348 5667 autem?
1391 5625 1573 5665 annon
1618 5624 1714 5663 eos
1735 5607 1897 5661 etiam
1926 5606 2073 5660 vide-

489 5726 636 5775 mus,
661 5709 753 5780 qui
783 5708 1041 5763 curandis
1074 5720 1362 5775 corporum
1383 5700 1831 5775 aegrotationibus
1850 5713 2071 5768 Operam

486 5800 729 5859 scienter
745 5810 963 5867 navant,
986 5811 1326 5869 quaecunque
1348 5797 1415 5853 ad
1433 5794 1764 5877 exquisitam
1783 5791 2070 5849 medicinae

2687 1814 3085 1870 ΚΕΦΑΛΑῙΟΝ
3127 1815 3204 1870 Ε’.

2155 1932 2275 1984 Ὅτι
2316 1928 2404 1999 μὴ
2461 1928 2610 1982 ἄνευ
2645 1926 2965 1999 σώφρονος
3003 1927 3300 1997 λογισμοῦ
3336 1925 3456 1999 τῆς
3496 1929 3738 1999 πατρίου

2333 2000 2777 2069 δεισιδαίμονος
2814 1998 3055 2067 πλάνης
3076 1997 3540 2068 ἀνεχωρήσαμεν
3553 2041 3568 2054 .

2221 2114 2534 2185 Κεφάλαιον
2572 2113 2627 2166 δὲ
2662 2113 2761 2183 τῆς
2802 2110 3028 2183 πρώτης
3058 2111 3152 2165 καὶ
3204 2111 3473 2183 μεγίστης
3508 2113 3730 2183 εὐεργε-

2156 2208 2277 2272 σίας
2306 2207 2401 2261 τοῦ
2454 2206 2722 2278 σωτηρίου
2773 2204 2933 2274 λόγου
2958 2205 3146 2276 γνοίης
3172 2203 3258 2267 ἂν,
3290 2206 3340 2257 εἰ
3368 2206 3425 2257 ἐν
3456 2205 3531 2275 νῷ
3560 2205 3734 2271 λάϐοις

2152 2300 2252 2371 τὴν
2268 2298 2638 2369 δεισιδαίμονα
2654 2297 2861 2368 πλάνην
2884 2296 2985 2366 τῆς
3014 2296 3250 2360 παλαιάς
3280 2293 3731 2369 εἰδωλολατρείας,

2154 2385 2189 2467 ᾖ
2248 2392 2308 2444 τὸ
2351 2390 2571 2463 σύμπαν
2619 2389 2922 2462 ἀνθρώπων
2974 2390 3131 2460 γένος
3164 2390 3435 2461 δαιμόνων
3481 2392 3735 2461 ἀνάγκαις

2156 2478 2323 2531 πάλαι
2350 2478 2614 2550 πρότερον
2638 2477 3020 2549 κατετρύχετο.
3040 2474 3149 2543 1'H;
3171 2480 3362 2551 ῶσπερ
3394 2481 3501 2534 ἀπὸ
3526 2483 3732 2546 σκοτίας

2156 2566 2541 2640 ζοφερωτάτης
2570 2568 2837 2640 Ἕλληνας
2874 2570 3010 2640 ὁμοῦ
3038 2570 3132 2623 καὶ
3176 2570 3488 2643 βαρϐάρους
3518 2573 3734 2643 δυνάμει

2157 2660 2277 2732 θείᾳ
2322 2661 2826 2732 μεταστησάμενος,
2863 2662 2956 2715 ἐπὶ
3000 2662 3192 2734 νοεράν
3214 2665 3310 2717 καὶ
3345 2666 3735 2737 φωτεινοτάτην

2155 2751 2371 2822 ἡμέραν
2417 2752 2519 2821 τῆς
2574 2751 2808 2823 ἀληθοῦς
2863 2752 3146 2817 εὐσεϐείας
3196 2754 3291 2807 τοῦ
3355 2755 3738 2827 παμϐασιλέως

2158 2844 2293 2898 Θεοῦ
2316 2846 2444 2909 τοὺς
2474 2844 2683 2909 πάντας
2712 2847 3074 2917 μετηγάγετο.
3112 2847 3221 2901 Καὶ
3243 2848 3295 2900 τί
3321 2849 3429 2920 χρὴ
3464 2848 3734 2920 μηκύνειν,

2158 2935 2541 2990 ἀποδεικνύναι
2587 2936 2960 3007 πειρωμένους
2998 2939 3079 2991 ὅτι
3105 2937 3179 3009 μὴ
3203 2937 3385 3009 ἀλόγῳ
3413 2939 3589 2993 πίστει
3619 2942 3736 2996 Eae-

2158 3029 2287 3092 τοὺς
2315 3028 2692 3100 ἀνεθήκαμεν,
2730 3025 2970 3099 σώφροσι
3008 3027 3063 3081 δὲ
3101 3029 3196 3081 καὶ
3235 3028 3534 3100 ὠφελίμοις
3570 3030 3737 3099 λόγοις

2158 3119 2249 3172 τὸν
2280 3119 2381 3189 τῆς
2415 3118 2650 3190 ἀληθοῦς
2698 3119 2979 3183 εὐσεϐείας
3025 3120 3226 3192 τρόπον
3259 3123 3601 3193 περιέχουσι;
3645 3124 3736 3195 τῆς

2161 3212 2444 3285 παρούσης
2482 3212 2789 3276 ὑποθέσεως
2810 3212 2941 3266 αὐτὸ
2970 3212 3033 3284 δὴ
3049 3214 3205 3267 τοῦτο
3222 3214 3452 3269 καθόλου
3488 3234 3735 3287 πραγμα-

2158 3306 2495 3377 τευομένης,
2556 3306 2681 3369 τοὺς
2734 3304 2831 3376 μὲν
2887 3305 3208 3377 ἐπιτηδείως
3251 3304 3471 3376 ἔχοντας
3521 3308 3739 3363 ἕπεσθαι

2159 3395 2335 3466 λόγων
2386 3398 2717 3465 ἀποδείξεσι,
2762 3398 3141 3469 προτρέπομεν
3190 3401 3284 3453 καὶ
3323 3401 3739 3473 παρακαλοῦμεν

2160 3489 2334 3561 λόγων
2363 3493 2677 3564 φρονήσεως
2702 3492 3091 3562 ἐπιμέλεσθαι,
3123 3495 3217 3548 καὶ
3251 3494 3607 3566 λογικώτερον
3629 3509 3738 3549 ’.ων

2160 3581 2447 3654 δογμάτων
2470 3582 2570 3646 τὰς
2591 3584 2895 3650 ἀποδείξεις
2910 3584 3383 3655 παραλαμϐάνειν,
3418 3587 3662 3657 ἑτοίμους
3681 3602 3738 3637 τε

2161 3674 2302 3729 εἶναι
2355 3675 2491 3747 πρὸς
2531 3674 2827 3743 ἀπολογίαν
2884 3676 3046 3728 παντὶ
3092 3676 3170 3747 τῷ
3212 3678 3554 3748 ἐπερωτῶντι
3602 3678 3739 3748 ἡμᾶς

2162 3766 2254 3820 τὸν
2284 3766 2441 3837 λόγον
2468 3766 2567 3838 τῆς
2602 3767 2725 3821 καθ’
2749 3769 2897 3838 ἡμᾶς
2931 3767 3145 3831 ἐλπίδος
3165 3785 3179 3799 ’
3206 3770 3329 3822 ἐπεὶ
3349 3770 3407 3823 δέ
3448 3771 3520 3841 μὴ
3547 3770 3740 3832 πάντες

2161 3858 2426 3925 τοιοῦτοι,
2459 3855 2840 3930 φιλανθρώπου
2880 3858 3239 3929 τυγχάνοντος
3275 3859 3369 3912 τοῦ
3412 3860 3605 3929 Λόγου,
3652 3859 3741 3913 καὶ

2168 3949 2372 4022 μηδένα
2424 3947 2688 4021 μηδαμῶς
2722 3948 3196 4021 ἀποτρεπομένου,
3239 3951 3421 4006 πάντα
3451 3952 3509 4005 δὲ
3540 3952 3743 4023 ἀνθρω-

2165 4060 2266 4096 πον
2309 4045 2423 4106 τοῖς
2454 4041 2814 4113 καταλλήλοις
2855 4043 3090 4114 ἰωμένου
3139 4044 3472 4115 φαρμάκοις,
3524 4045 3616 4097 καὶ
3654 4042 3741 4095 τὸν

2163 4136 2350 4207 ἀμαθῆ
2389 4137 2485 4189 καὶ
2538 4133 2756 4207 ἰδιώτην
2796 4135 2889 4188 ἐπὶ
2923 4136 3025 4207 τὴν
3084 4138 3395 4209 πρᾳοτέραν
3450 4135 3738 4208 θεραπείαν

2166 4226 2631 4298 παρακαλοῦντοςο
2650 4227 2874 4292 εἰκότως
2889 4228 2947 4282 ἐν
2976 4227 3250 4300 εἰσαγωγῇ
3276 4229 3401 4293 τοὺς
3417 4229 3740 4302 ἀρχομένους

2165 4318 2277 4373 τῶν
2337 4319 2799 4390 ἰδιωτικωτέρων,
2850 4321 3115 4387 γυναῖκας
3155 4321 3251 4374 καὶ
3295 4321 3511 4384 παῖδας,
3553 4319 3644 4372 καὶ
3684 4316 3742 4369 τὸ

2167 4408 2274 4462 τῶν
2317 4408 2585 4477 ἀγελαίων
2626 4408 2829 4479 πλῆθος
2877 4409 2970 4461 ἐπὶ
2994 4409 3085 4462 τὸν
3120 4409 3320 4481 εὐσεϐῆ
3348 4410 3461 4480 βίον
3490 4425 3743 4482 χειραγω-

2093 4526 2135 4584 C
2168 4497 2408 4567 γοῦντες,
2426 4497 2500 4561 ὡς
2518 4499 2574 4550 ἐν
2597 4497 2889 4568 φαρμάκου
2906 4497 3091 4570 μοίρᾳ,
3114 4497 3213 4567 τὴν
3234 4498 3361 4567 ύγιῆ
3379 4498 3559 4551 πίστιν
3576 4509 3742 4564 παρα-

2169 4589 2541 4661 λαμϐάνομεν,
2588 4588 2756 4660 ὀρθὰς
2804 4588 2963 4655 δόξας
3012 4589 3141 4661 περὶ
3167 4588 3304 4644 Θεοῦ
3354 4588 3627 4661 προνοίας,
3654 4584 3743 4638 καὶ

2169 4682 2299 4754 περὶ
2323 4682 2500 4753 ψυχῆς
2512 4679 2829 4744 ἀθανασίας,
2856 4682 2950 4734 καὶ
2974 4679 3216 4753 περὶτοῦ
3264 4683 3385 4735 κατ’
3407 4680 3606 4753 ἀρετὴν
3629 4678 3739 4748 βίου

2169 4774 2468 4838 ἐντιθέντες
2501 4774 2702 4837 αὐτοῖς.
2738 4774 2809 4827 Ἣ
2840 4774 2938 4844 οὐχ
2966 4774 3138 4837 οὓτως
3171 4773 3265 4827 καὶ
3295 4774 3420 4837 τοὺς
3453 4773 3520 4826 τὰ
3566 4767 3742 4837 σωμά-

2169 4884 2276 4919 των
2322 4864 2430 4920 τῶν
2465 4864 2779 4935 καμνόντων
2809 4865 3069 4935 ἰωμένους
3092 4863 3470 4935 ἐπιστημόνως
3512 4860 3739 4936 ὁρῶμεν,

2170 4958 2364 5022 αὐτοὺς
2398 4957 2496 5029 μὲν
2527 4958 2617 5012 διά
2645 4957 2904 5032 πλείστης
2930 4960 3216 5030 ἀσκήσεως
3238 4960 3334 5012 καὶ
3357 4956 3603 5019 παιδείας
3625 4951 3744 5014 τοὺς

2169 5051 2313 5106 κατά
2346 5050 2592 5124 ἰατρικὴν
2628 5050 2818 5121 λόγους
2851 5050 3228 5125 ἀνειληφότας,
3262 5051 3357 5105 καὶ
3396 5050 3574 5103 πάντα
3608 5046 3746 5112 λογι-

2172 5145 2283 5209 κῶς
2307 5145 2779 5217 χειρουργοῦντας
2805 5145 2931 5210 τούς
2952 5162 3016 5215 γε
3050 5146 3155 5218 μὴν
3181 5145 3275 5198 ἐπὶ
3299 5144 3566 5215 θεραπείᾳ
3585 5152 3745 5211 προσ·-

2174 5236 2351 5298 ιόντας
2372 5234 2576 5299 αὐτοῖς,
2602 5235 2781 5288 πίστει
2802 5236 3025 5298 ἑαυτοὺς
3048 5235 3141 5288 καὶ
3163 5237 3228 5304 τῇ
3255 5234 3361 5287 τῶν
3380 5229 3746 5305 χρηστοτέρων

2174 5326 2367 5391 ἐλπίδι,
2392 5326 2751 5399 παρέχοντας·
2778 5326 2874 5379 καὶ
2900 5326 3006 5379 τῶν
3030 5326 3129 5397 μὲν
3159 5327 3300 5380 κατὰ
3326 5326 3422 5397 τὴν
3442 5318 3743 5391 ἐπιστήμην

2174 5419 2545 5493 θεωρημάτων
2574 5401 2739 5490 μηδέν
2764 5420 3006 5491 ἀκριϐῶς
3036 5422 3343 5484 ἐπαῖοντας,
3380 5419 3545 5490 μόνης
3574 5416 3626 5468 δὲ
3647 5411 3742 5481 τῆς

2174 5511 2385 5582 ἀγαθῆς
2427 5510 2639 5574 ἐλπίδος
2677 5528 2735 5591 τε
2770 5510 2865 5564 καλ⁸
2912 5511 3147 5573 πίστεως
3185 5511 3602 5583 ἐξηρτημένους
3638 5501 3744 5557 Καὶ

2173 5606 2202 5657 ὁ
2234 5604 2331 5675 μὲν
2356 5603 2464 5657 τῶν
2505 5604 2704 5677 ἰατρῶν
2734 5605 2952 5677 ἄριστος
2983 5605 3065 5669 εἰς
3110 5605 3275 5677 μέσον
3311 5601 3614 5677 παρελθὼν,
3651 5597 3743 5650 an

2175 5696 2279 5767 χρὴ
2307 5697 2778 5767 προφυλάττεσθαι
2803 5697 2897 5751 καὶ
2930 5696 2964 5751 δι
2998 5699 3264 5768 προσήκει
3289 5697 3439 5767 δρᾷν,
3470 5695 3745 5759 ὥσπερτις

2174 5793 2356 5862 ἄρχων
2380 5790 2463 5845 καὶ
2504 5791 2690 5862 κύριος
2718 5792 2832 5862 μετ’
2856 5793 3162 5861 ἐπιστήμης
3185 5791 3526 5860 προστάττειο
3557 5786 3584 5839 ὁ
3610 5781 3650 5835 δ’
3672 5776 3748 5839 ὡς
