3948 6376
258 378 315 433 ιδ
1404 375 1729 430 Ριιιλεωῐι.

1848 377 2022 432 ΓΛΝϐ.
2068 379 2193 434 LIB.
2231 379 2273 436 1.
3388 387 3456 442 46

250 492 430 565 βασιλεῖ
461 490 550 544 καὶ
591 490 856 565 νομοθέτῃ
895 492 1161 559 πείθεται,
1210 493 1479 548 πιστεύων
1522 493 1746 549 συνοίσει

1848 507 2023 558 rarus
2068 500 2436 569 cognitionem
2486 507 2763 571 pertinent
2815 503 2978 572 longo
3027 519 3129 558 usu
3178 505 3458 574 multaque

244 585 370 655 αὐτῷ
405 584 459 636 τὸ
493 585 984 656 προστεταγμένον.
1031 585 1189 640 Οὕτω
1224 587 1316 640 καὶ
1362 586 1600 659 μαθηταὶ
1633 589 1787 660 παρὰ

241 672 535 730 διδασκάλων
562 672 756 742 λόγους
785 676 1031 741 παιδείας
1052 677 1422 748 ἀποδέχονται,
1456 679 1784 734 πιστεύσαν-

237 781 312 827 τες
347 762 533 830 ἀγαθὸν
560 763 749 827 αὐτοῖς
777 764 993 818 ἔσεσθαι
1035 765 1094 819 τὸ
1129 768 1374 839 μάθημα.
1403 769 1512 822 Ναὶ
1548 770 1653 841 μὴν
1692 772 1783 824 καὶ

236 851 514 921 ςιλοσοσίας
542 852 603 903 ού
632 853 896 925 πρότερόν
921 873 1004 920 τις
1024 857 1275 927 ἐφάψατ’
1299 857 1386 924 ἂν,
1421 860 1454 930 ἢ
1489 861 1780 928 πιστεύσας

237 943 466 995 συνοίσειν
492 943 642 1014 αὐτῷ
661 946 724 998 τὸ
755 947 1096 1020 ἐπάγγελμα.
1121 951 1230 1003 Καὶ
1259 951 1288 1003 ὁ
1321 952 1419 1022 μέν
1446 971 1528 1017 τις
1558 955 1779 1008 αὐτόθεν

232 1035 374 1088 είλετο
402 1035 464 1088 τὰ
510 1037 857 1109 Ἐπικούρου·
892 1042 920 1092 ὁ
949 1041 1007 1094 δὲ
1057 1041 1147 1096 τὸν
1193 1045 1424 1099 Κυνικὸν
1461 1045 1612 1118 ζηλοῖ
1641 1049 1772 1119 βίον,

231 1127 360 1189 ἄλλος
401 1127 534 1180 κατά
573 1129 840 1184 Πλάτωνα
882 1131 1186 1203 φιλοσοφεῖ,
1231 1139 1352 1190 κατ’
1403 1138 1776 1215 Ἀριστοτέλην

229 1217 400 1287 ἕτερος,
441 1219 530 1270 καὶ
573 1220 740 1274 πάλιν
768 1223 924 1288 ἄλλος
962 1227 1176 1280 πάντων
1207 1227 1276 1282 τὰ
1305 1231 1520 1286 Στωϊκὰ
1561 1237 1775 1304 προετί-

227 1325 390 1379 μησεν,
419 1308 648 1363 ἑκάστου
680 1316 1016 1388 χρηστοτέρα
1047 1318 1222 1372 ἑλπίδι
1253 1339 1308 1374 τε
1349 1325 1441 1376 καὶ
1486 1326 1665 1380 πίστει
1711 1329 1772 1382 τὸ

225 1397 352 1461 δάξαν
391 1399 463 1462 ὡς
505 1405 752 1456 συνοῖσον
794 1406 1197 1478 ἀγαπήσαντος.
1246 1414 1398 1468 Οὕτω
1449 1419 1540 1471 καὶ
1579 1421 1770 1491 τέχνας

224 1490 463 1557 ἀνθρωττοι
502 1492 601 1556 τὰς
639 1495 812 1564 μέσας
859 1500 1138 1570 μετῆλθον,
1185 1506 1277 1558 καὶ
1308 1507 1453 1562 ἄλλοι
1483 1511 1572 1564 τὸν
1607 1490 1769 1585 στρα-

219 1581 456 1641 τιωτικόν,
485 1583 638 1636 ἄλλοι
671 1585 726 1638 δὲ
757 1587 851 1642 τὸν
891 1591 1188 1662 ἐμπορικὸν
1223 1595 1353 1666 βίον,
1392 1601 1570 1655 πίστει
1601 1581 1764 1660 πάλαι

220 1671 577 1741 προειληφότες
605 1673 1002 1748 βιοποριστικὸν
1035 1681 1217 1747 αὐτοῖς
1247 1685 1460 1741 ἔσεσθαι
1489 1689 1549 1743 τὸ
1577 1692 1766 1764 ἐπιτή-

218 1761 380 1830 δευμα.
425 1764 535 1816 Καὶ
605 1766 803 1837 γάμων
860 1769 916 1822 δὲ
972 1773 1026 1824 αί
1095 1776 1308 1845 πρῶται
1356 1778 1602 1849 σύνοδοι,
1663 1786 1760 1838 καὶ

1885 588 2130 644 doctrina
2157 592 2484 661 perdiscere.
2516 595 2814 665 omniaque
2834 597 3044 651 ratione
3069 606 3304 652 tractare
3331 599 3458 667 :qui

1883 695 2014 734 vero
2044 681 2110 735 ad
2131 684 2349 738 eosdem
2390 685 2644 741 curanda:
2665 687 2838 756 gratia
2859 687 3187 744 valetudinis
3212 704 3458 754 accesse-

1883 771 2012 834 rint,
2040 772 2163 828 illos
2201 773 2324 828 ﬁdei
2354 776 2570 830 cuidam
2603 778 2887 848 exitusque
2916 780 3140 834 laetioris
3171 790 3459 846 exspecta--

1881 861 2016 916 tioni
2047 878 2164 917 sese
2190 865 2264 918 ita
2297 868 2628 935 permittere,
2659 880 2721 923 ut
2748 884 2872 924 cum
2929 886 2995 924 ex
3025 871 3183 926 istius
3214 873 3458 929 scientia:

1879 955 2161 1024 praeceptis
2195 956 2496 1027 intelligere
2521 959 2653 1014 nihil
2690 970 2944 1016 accurate
2960 963 3303 1033 perfectoque
3329 980 3444 1034 pos-

1880 1044 2008 1107 sint,
2043 1061 2150 1100 non
2186 1045 2292 1100 nisi
2328 1063 2390 1101 ex
2428 1058 2658 1119 utraque
2704 1067 3002 1121 suspensas
3036 1054 3274 1109 habeant
3302 1055 3426 1110 ineo

1877 1132 2144 1190 lumitatis
2199 1150 2312 1191 sum
2351 1138 2630 1194 rationes?
2678 1140 2758 1197 Ac
2815 1143 3184 1212 peritissimus
3229 1147 3449 1216 quidem

1875 1225 2118 1281 medicus
2142 1226 2193 1279 in
2223 1229 2461 1283 medium
2511 1231 2787 1299 prodiens,
2831 1234 2962 1303 quid
3007 1245 3101 1288 aut
3128 1252 3320 1292 cavere
3357 1248 3452 1293 aut

1875 1315 2052 1372 facere
2081 1329 2348 1386 Oporteat,
2387 1320 2467 1376 sic
2499 1331 2756 1394 tanquam
2802 1329 3055 1398 princeps
3087 1344 3151 1382 ac
3192 1331 3449 1386 dominus

1873 1409 2068 1479 aliquis
2094 1411 2326 1465 scienter
2350 1414 2593 1483 prmeipit
2611 1434 2623 1469 :
2644 1427 2879 1485 aegrotus
2896 1428 3074 1474 autem
3099 1422 3200 1491 ipsi
3225 1423 3448 1491 perinde

1873 1516 1939 1555 ac
1968 1503 2080 1572 regi
2113 1512 2166 1556 et
2199 1504 2492 1575 legislatori
2545 1507 2883 1577 obsequitur,
2920 1513 3065 1580 quod
3120 1513 3224 1568 sibi
3281 1515 3444 1584 quid-

1870 1591 1998 1659 quid
2036 1603 2362 1663 praeceptum
2391 1596 2460 1650 ab
2484 1611 2548 1652 eo
2575 1595 2766 1673 tuerit,
2799 1601 2928 1655 utile
2950 1617 3168 1673 quoque
3197 1604 3444 1660 futurum

1867 1687 2039 1749 putet.
2075 1681 2153 1736 lta
2198 1685 2449 1753 discipuli
2504 1668 2748 1756 cujusvis
2809 1668 3366 1764 doctrinae-praecepta
3411 1711 3441 1749 ο

1867 1770 2142 1840 magistris
2178 1772 2478 1842 excipiunt,
2504 1775 2647 1844 quod
2675 1778 2745 1831 ab
2772 1777 2880 1833 illis
2902 1780 3210 1850 didicerint,
3254 1785 3307 1838 id
3337 1787 3441 1840 sibi

218 1853 456 1943 κοινωνίαι
507 1854 615 1925 τῆς
669 1859 808 1912 κατά
855 1861 1194 1919 παιδοποιίαν
1239 1868 1470 1936 ἐλπίδος,
1518 1871 1578 1938 ἐξ
1624 1876 1746 1944 όιγα⁴

1865 1861 2120 1929 expedire
2147 1863 2269 1917 rati.
2304 1866 2420 1919 lmo
2457 1881 2587 1921 vero
2619 1883 2686 1923 ne
2726 1869 2898 1939 ipsius
2922 1872 3142 1941 quidem
3193 1849 3439 1944 philoso-

215 1929 311 2012 ϐῆς
348 1945 643 2017 ὲνήρξαντο
710 1951 964 2017 πίστεως.
1012 1956 1121 2010 Καὶ
1180 1959 1302 2014 πλεῖ
1353 1981 1437 2027 τις
1483 1962 1640 2031 αὖθις
1683 1971 1763 2033 εἰς

214 2034 398 2106 ἄδηλον,
441 2037 552 2091 οὐδ’
583 2041 753 2113 ἄλλην
773 2046 1209 2120 προϐεϐλημένος
1237 2054 1336 2125 τῆς
1371 2059 1640 2131 σωτηρίας
1658 2060 1761 2130 ἀγ-

214 2145 378 2224 Ξυραν,
407 2131 438 2201 ἢ
477 2133 652 2204 μόνην
702 2132 798 2209 τὴν
834 2141 1015 2196 πίστιν
1048 2147 1139 2198 καὶ
1170 2147 1270 2217 τὴν
1295 2151 1505 2224 ἀγαθὴν
1534 2154 1743 2211 ἐλπίδα.

213 2217 304 2272 Καὶ
342 2225 576 2292 γεωργεῖ
630 2225 790 2280 πάλιν
821 2228 996 2294 ἄλλος,
1041 2233 1134 2286 καὶ
1175 2233 1264 2287 τὺν
1306 2217 1502 2309 σπόρον
1543 2242 1622 2304 είς
1654 2243 1759 2313 γῆν

213 2310 488 2382 ἀπρῤίψας
522 2314 783 2387 κάθηται»
812 2320 908 2390 τῆς
931 2320 1078 2392 ὧρας
1114 2314 1212 2395 τῆν
1239 2327 1443 2400 τροπὴν
1477 2310 1761 2404 ἐκδεχόμε-

211 2419 300 2466 νος,
333 2405 602 2459 πιστεύων
643 2408 702 2461 τὸ
745 2410 946 2483 φθαρὲν
980 2415 1072 2467 ἐπὶ
1112 2416 1217 2486 γῆς
1257 2418 1351 2471 καὶ
1382 2411 1759 2496 πλημμυρίσιν

210 2493 351 2548 dmin
379 2497 671 2566 καλυφθὲν,
711 2497 866 2567 αὖθις
893 2503 1080 2579 ῶσπερ
1112 2509 1178 2561 ἐκ
1213 2511 1419 2582 νεκρῶν
1462 2513 1760 2571 ἀναϐιώσε-

209 2580 577 2658 σθαι.ῐῙορείαν
623 2589 681 2643 δέ
715 2609 797 2656 τις
838 2597 1052 2669 μακρὰν
1093 2600 1180 2651 ἐπ’
1221 2580 1520 2676 ἀλλοδαπὴν
1560 2609 1624 2661 ἐκ
1657 2611 1758 2680 τῆς

207 2675 379 2765 una;
409 2678 780 2750 στελλόμενος,
807 2686 968 2740 πάλιν
995 2689 1094 2759 τὴν
1127 2691 1317 2747 ἐλπίδα
1338 2695 1432 2748 καὶ
1456 2675 1552 2765 τὴν
1576 2675 1756 2755 πίστιν

207 2759 384 2857 ἀγαθὰς
417 2767 654 2857 όδηγοὺς
682 2771 858 2844 ἑαυτῷ
886 2777 1262 2847 συνεπάγεται.
1297 2783 1404 2837 Καὶ
1431 2785 1483 2838 τί
1507 2759 1615 2857 γὰρ
1640 2789 1755 2844 ἄλλ’

208 2851 234 2921 ἢ
259 2851 335 2905 τὸν
363 2855 536 2911 πάντα
572 2861 682 2916 τῶν
707 2864 1006 2937 ἀνθρώπων
1047 2869 1160 2940 βίον
1184 2872 1329 2928 δυοῖν
1360 2877 1562 2932 τούτων
1589 2881 1689 2953 ἀνη
1697 2900 1756 2954 ρ-

207 2944 426 3042 τημένον,
449 2948 667 3017 ἐλπίδος
684 2972 743 3008 τε
759 2959 851 3010 καὶ
869 2955 1124 3024 πίστεως,
1145 2964 1628 3042 καταλαμϐάνομεν
1647 2990 1661 3039 ;
1678 2944 1749 3027 ἲί

207 3031 259 3135 δη
273 3032 578 3135 θαυμάζεις,
597 3046 646 3096 εί
662 3046 753 3100 καὶ
768 3048 834 3101 τὰ
849 3051 1126 3120 κρείττονα
1147 3055 1285 3109 κατὰ
1303 3031 1400 3129 την
1419 3031 1611 3135 ψυχίπν,
1642 3031 1754 3132 τοῖς

209 3124 286 3190 μὲν
303 3125 381 3223 διὰ
406 3131 649 3198 πίστεως
678 3139 1044 3211 παραδίδοται,
1079 3141 1161 3209 οἷς
1193 3150 1251 3201 οὐ
1279 3124 1443 3223 σχολη
1463 3124 1750 3222 λογικώτε;

209 3229 281 3281 ρον
303 3217 530 3312 τάρχατά
567 3226 733 3296 μέρος
756 3231 1122 3302 παιδεύεσθαι,
1153 3243 1263 3304 τοῖς
1387 3217 1480 3297 καὶ
1506 3217 1631 3312 τοὺς
1659 3250 1748 3303 λό-

204 3321 308 3372 γους
328 3311 527 3404 αὐτοὺς
552 3318 776 3387 πάρεστι
804 3324 1062 3392 μετιέναι,
1085 3329 1298 3396 καὶτὰς
1324 3311 1621 3404 ἀποδείξεις
1638 3342 1745 3395 τῶν

202 3399 620 3475 πρεσϐευομένων
657 3412 978 3483 μανθάνειν;
1017 3418 1174 3474 Ἀλλά
1200 3422 1308 3495 γὰρ
1340 3428 1396 3478 ἐν
1425 3399 1746 3501 ὀλίγῳ-τού-

199 3495 422 3564 τωνήμῖν
440 3498 543 3552 οὐκ
573 3503 652 3565 εὶς
678 3502 945 3576 ἄχρηστον
969 3495 1744 3586 προγεγυμνασμένωνξάνίω-

199 3598 282 3677 μεν
309 3586 396 3640 ἐπὶ
420 3589 522 3661 τὴν
547 3593 768 3667 πρώτην
790 3603 1140 3673 κατηγορίαν·
1177 3609 1270 3661 καὶ
1297 3609 1439 3674 τίνες
1469 3611 1618 3677 ὄντες
1649 3619 1742 3671 καὶ

199 3676 334 3774 πόθεν
369 3681 700 3774 όρμῶμενοι,
734 3694 845 3755 τοῖς
879 3693 1268 3769 διερωτήσασιν
1296 3702 1737 3774 ἀποκρινώμεθα.

200 3763 298 3821 Ὀτι
326 3771 420 3841 μὲν
446 3769 543 3829 οὖν
565 3778 626 3832 τὸ
655 3780 808 3848 γένος
842 3763 1289 3858 Ἕλληνεςνόντες,
1320 3794 1414 3846 καὶ
1444 3763 1513 3848 τὰ
1552 3763 1739 3870 iam-

196 3876 282 3912 νων
310 3867 648 3936 φρονοῦντες,
683 3873 748 3926 ἐκ
799 3879 1066 3933 παντοίων
1111 3899 1171 3934 τε.
1213 3881 1401 3946 ἐθνῶν,
1442 3885 1587 3940 ῶσάν
1624 3907 1738 3943 νεο-

195 3944 353 4044 ibt-aeu
389 3961 648 4027 στρατιᾶς
677 3961 894 4031 λογάδες
929 3968 1344 4040 συνειλεγμένοι,
1380 3944 1478 4042 τῆς
1508 3975 1734 4044 πατρίου

195 4038 580 4117 δεισιδαιμονίας
608 4051 904 4108 ἀποστάται
923 4038 1351 4131 καθεστήκαμεν,
1383 4062 1490 4115 οὐδ’
1503 4063 1567 4116 ἂν
1583 4066 1734 4118 αὐτοί

195 4146 304 4186 me
337 4136 717 4213 ἀρνηθείημεν·
748 4144 884 4200 ἀλλά
925 4149 1017 4201 καὶ
1047 4150 1128 4203 ὅτι
1157 4154 1272 4215 ταῖς
1308 4154 1615 4220 Ἰουδαῖκαῖς
1649 4157 1732 4228 βί-

191 4225 312 4291 ϐλοις
336 4233 777 4304 προσανέχοντες,
797 4237 905 4291 κάκ
916 4238 1022 4292 τῶν
1041 4242 1170 4312 παρ’
1187 4243 1368 4307 αὐτοῖς
1387 4249 1731 4317 προφητειῶν

191 4317 245 4369 τὰ
274 4319 490 4377 πλεῖστα
518 4325 610 4378 τοῦ
639 4327 757 4381 καθ’
791 4331 936 4400 ἡμᾶς
965 4331 1119 4400 λόγου
1158 4335 1496 4403 συνάγοντες,
1525 4339 1623 4393 οὐκ
1653 4341 1726 4393 ἔθ’

191 4409 356 4476 ὁμοίως
390 4413 491 4485 ζῇν
522 4420 634 4479 τοῖς
675 4420 738 4471 ὲκ
763 4423 1062 4492 περιτομῆς
1093 4428 1383 4496 προσφιλὲς
1425 4431 1724 4502 ἡγούμεθα,

1862 1951 2004 2022 phiae
2030 1963 2240 2023 partem
2273 1957 2439 2011 ullam
2483 1959 2772 2030 quisquam
2819 1965 3129 2035 attingeret,
3174 1967 3280 2022 nisi
3313 1969 3435 2038 ejus

1861 2041 2257 2111 professionem
2290 2048 2410 2102 usui
2432 2059 2554 2104 ante
2583 2050 2686 2105 sibi
2724 2051 2838 2108 fore
2861 2057 3122 2111 crederet.
3150 2059 3329 2130 Atque
3362 2062 3438 2116 ita

1861 2130 2064 2188 factum
2097 2135 2364 2202 videmus,
2413 2147 2470 2192 ut
2511 2140 2650 2196 alius
2688 2140 2906 2212 Epicuri
2941 2157 3147 2201 sectam
3191 2149 3434 2219 eligeret,

1862 2222 2007 2277 alius
2039 2224 2289 2295 cynicum
2335 2225 2550 2282 vivendi
2595 2245 2766 2299 genus
2807 2233 3174 2302 aemularetur,
3210 2238 3277 2291 ad
3307 2236 3434 2292 Pla-

1863 2317 2026 2382 tonis,
2060 2317 2126 2370 ad
2162 2316 2469 2374 Aristotelis
2518 2321 2661 2376 alius
2701 2338 2820 2378 sese
2850 2325 3188 2396 disciplinam
3235 2329 3434 2398 adjun-

1861 2415 2028 2474 geret,
2074 2406 2214 2462 alius
2269 2409 2504 2481 denique
2545 2411 2856 2469 Stoicorum
2909 2418 3160 2489 dogmata
3221 2426 3433 2479 caneris

1860 2495 2119 2551 omnibus
2148 2497 2445 2556 anteferret
2479 2520 2493 2557 :
2526 2503 2606 2558 sic
2631 2513 2690 2559 ut
2711 2509 2907 2578 singuli
2938 2511 3202 2581 quidquid
3231 2516 3432 2583 proba-

1859 2596 1998 2652 rent,
2035 2589 2086 2644 id
2128 2591 2230 2646 ﬁde
2257 2593 2490 2662 quadam
2525 2611 2730 2667 speque
2759 2600 2969 2655 meliori
3009 2613 3268 2674 tanquam
3324 2608 3429 2664 sibi

1857 2678 2202 2747 profuturum
2229 2695 2475 2741 amarent
2500 2695 2661 2759 atque
2699 2695 3011 2748 retinerent.
3030 2694 3120 2752 Sic
3143 2710 3288 2753 artes
3312 2717 3427 2767 eas,

1858 2784 1979 2838 qua:
2007 2772 2197 2826 mediae
2238 2776 2606 2844 nominantur,
2655 2780 2906 2837 homines
2950 2788 3218 2853 persecuti
3249 2801 3376 2844 sunt
3410 2807 3425 2841 :

1855 2869 1910 2914 et
1937 2861 2026 2916 alii
2056 2864 2271 2932 quidem
2305 2869 2382 2922 rei
2415 2869 2637 2925 militari
2696 2888 2756 2928 se
2802 2874 3032 2942 dedere;
3063 2890 3424 2936 mercaturam

1856 2952 1944 3006 alii
1963 2951 2207 3010 factitare
2232 2959 2560 3027 maluerunt,
2583 2977 2644 3016 ea
2690 2964 2948 3020 nimirum
2982 2969 3084 3022 ﬁde
3113 2985 3176 3025 ac
3199 2987 3394 3040 persua
3411 3002 3426 3014 -

1856 3043 2010 3099 sione
2033 3048 2202 3103 multo
2230 3059 2353 3105 ante
2399 3052 2638 3115 adducti,
2661 3054 2805 3123 quod
2835 3057 3102 3126 ejusmodi
3130 3061 3253 3115 vitm
3283 3065 3424 3118 ratio

1855 3135 2147 3205 plurimum
2181 3141 2283 3195 sibi
2340 3143 2406 3197 ad
2429 3158 2548 3197 eam
2597 3145 2851 3200 tuendam
2875 3153 2995 3217 epis
3020 3161 3166 3205 esset
3187 3168 3250 3207 ac
3271 3170 3424 3208 com-

1852 3228 2128 3284 moditatis
2183 3231 2430 3287 allatura.
2487 3231 2808 3304 Nuptiarum
2865 3239 3029 3292 etiam
3079 3241 3269 3309 prima:
3313 3244 3419 3299 illae

1847 3323 2282 3392 congressiones,
2316 3326 2542 3396 ejusque
2590 3329 2704 3398 spei
2743 3345 2864 3399 quae
2898 3333 3103 3388 sobolis
3143 3349 3417 3407 propaga-

1847 3412 2047 3468 tionem
2078 3415 2322 3471 intuetur
2368 3419 2782 3487 conjunctiones
2843 3432 3068 3489 mutum,
3103 3441 3170 3480 ex
3203 3427 3416 3484 sincera

1844 3505 2077 3574 quadam
2105 3509 2429 3580 egregiaque
2475 3511 2580 3566 ﬁde
2637 3502 2852 3568 initium
2898 3515 3224 3573 habuerunt.
3276 3520 3417 3577 Prai-

1845 3605 1988 3651 terea
2011 3599 2408 3669 navigationem
2443 3604 2565 3672 quis
2597 3604 2831 3660 adornat
2857 3610 3080 3678 ancipiti
3118 3613 3289 3680 exitu,
3316 3619 3410 3685 qui

1841 3705 1949 3744 non
1981 3691 2084 3745 alia
2139 3694 2291 3762 prius
2327 3695 2555 3750 salutem
2613 3713 2767 3751 suam
2801 3715 2966 3769 quam
3003 3703 3124 3759 ﬁdei
3167 3706 3410 3777 laetaeque

1841 3781 1954 3850 spei
1981 3783 2220 3839 anchora
2276 3784 2801 3845 fundaverit?Alius
2854 3793 2983 3847 item
3018 3796 3408 3864 agriculturam

1838 3883 2072 3937 exercet,
2127 3876 2382 3945 jactoque
2415 3878 2467 3930 in
2519 3886 2718 3934 terram
2778 3884 2988 3939 semine
3043 3885 3192 3942 domi
3235 3891 3406 3958 sedet,

1838 3968 2172 4034 tempestatis
2203 3969 2614 4024 conversionem
2663 3982 3004 4043 esspectans,
3051 3977 3408 4050 futurumque

1837 4059 1938 4113 sibi
1967 4065 2318 4132 persuadens,
2355 4077 2415 4122 ut
2446 4085 2630 4125 semen
2673 4072 2800 4126 illud
2828 4071 2940 4141 jam
2993 4074 3047 4128 in
3097 4085 3254 4132 terra:
3278 4095 3402 4149 gre-

1834 4152 1945 4207 mio
1978 4167 2312 4226 corruptum,
2339 4175 2404 4214 ac
2430 4161 2734 4230 pluviarum
2770 4163 3214 4221 inundationibus
3236 4170 3405 4223 obru-

1833 4252 1966 4307 tum,
1999 4245 2175 4302 denuo
2197 4259 2453 4320 tanquam
2473 4267 2542 4306 ex
2571 4252 2686 4321 ipsa
2716 4265 2887 4309 morte
2908 4256 3216 4314 reviviscat.
3245 4259 3400 4314 Alius

1830 4347 1991 4402 porro
2020 4337 2239 4407 longum
2270 4356 2334 4394 ex
2381 4342 2555 4410 patria
2576 4343 2630 4396 in
2661 4353 2901 4399 exteram
2960 4348 3196 4416 aliquam
3221 4351 3397 4419 regio-

1828 4443 1951 4482 nem
1980 4431 2081 4485 iter
2107 4432 2418 4502 instituens,
2459 4451 2608 4505 spem
2639 4437 2890 4492 similiter
2917 4449 3081 4509 atque
3101 4439 3258 4496 ﬁdem
3289 4442 3395 4496 sibi

191 4501 264 4551 κιιὶ
297 4503 434 4557 τοῦτ’
461 4505 528 4561 ἂν
562 4509 783 4563 αὐτόθεν
801 4513 1247 4587 ὁμολογήσαιμεν.
1278 4519 1412 4591 Ὥρα
1443 4527 1728 4597 τοιγαροῦν

1848 4519 2097 4591 Idjungit,
2155 4522 2364 4580 faustas
2405 4501 2597 4596 utique
2647 4529 2748 4582 sibi
2786 4529 2885 4584 viae
2943 4501 3110 4587 duces
3156 4531 3392 4592 futuras.

191 4591 359 4649 τούτων
385 4598 475 4652 τὸν
491 4600 886 4674 αἱτιολογισμὺν
909 4606 1183 4679 ὑποσχεῖν.
1199 4611 1321 4674 Πῶς
1349 4609 1440 4666 οὖν
1461 4615 1527 4669 ἂν
1554 4617 1725 4684 ἄλλως

188 4681 408 4757 δόξαιμεν
432 4685 489 4744 εὖ
537 4695 890 4766 πεποιηκέναι
925 4698 991 4751 τὰ
1031 4700 1234 4772 πάτρια
1275 4705 1722 4777 καταλείψαντες,

187 4770 216 4841 ἢ
238 4777 430 4842 πρῶτον
454 4783 532 4845 εἰς
559 4783 719 4853 μέσον
742 4786 881 4840 αὐτὰ
901 4770 1289 4862 παραθέμενοι,
1314 4798 1404 4851 καὶ
1422 4770 1724 4868 ἀγαγόντες

189 4865 262 4919 ὑπ’
298 4869 410 4939 ὄψιν
439 4873 546 4927 τῶν
587 4874 1014 4948 ὲντευξομένων;
1056 4883 1211 4939 Οὕτω
1256 4887 1365 4958 γὰρ
1405 4865 1485 4943 ἂν
1517 4865 1723 4959 γένοιτο

187 4962 362 5033 φανερά
388 4968 481 5020 καὶ
513 4969 612 5038 τῆς
645 4967 1003 5044 εὐαγγελικῆς
1035 4975 1359 5044 ἀποδείξεως
1399 4983 1433 5050 ἡ
1473 4982 1591 5036 θεία
1631 4985 1721 5038 δύ-

186 5066 336 5120 ναμις,
366 5058 413 5109 εί
434 5061 544 5123 τοῖς
573 5061 706 5113 πᾶσι
740 5062 846 5133 πρὸ
875 5063 1170 5137 ὀφθαλμῶν
1196 5070 1400 5141 τεθείη,
1430 5073 1590 5128 τίνων
1623 5076 1718 5130 καὶ

184 5141 348 5201 ὁποίων
367 5150 547 5204 κακῶν
568 5152 668 5223 τὴν
701 5153 843 5208 ίασιν
878 5157 1303 5226 εὐαγγελίζεται.
1332 5163 1456 5227 Πῶς
1481 5165 1526 5218 δ’
1560 5165 1626 5220 ἂν
1659 5167 1720 5220 τὸ

183 5231 364 5304 εὔλογον
391 5241 487 5312 τῆς
516 5242 624 5296 τῶν
660 5245 955 5301 Ἰουδαϊκῶν
983 5252 1320 5321 γραμμάτων
1348 5255 1718 5324 μεταδιώξεως

183 5327 361 5420 iuvem,
387 5331 458 5403 μὴ
477 5334 594 5405 οὐχὶ
617 5336 829 5406 καὶτῆς
851 5339 1050 5394 τούτων
1071 5342 1268 5414 ἀρετῆς
1287 5346 1714 5420 ἀποδειχθείσηςς

183 5411 276 5509 Τίνι
308 5435 362 5472 τε
384 5421 522 5495 λόγῳ
558 5425 657 5489 τὰς
690 5429 819 5499 παρ’
854 5429 1035 5496 αὐτοῖς
1069 5411 1284 5505 γραφάς
1324 5411 1712 5509 ἀσπαξόμενοι,

184 5504 253 5599 ¹ξιὺν
284 5509 452 5582 ὅμοιον
481 5516 573 5570 τοῦ
615 5517 731 5588 βίου
769 5523 969 5592 τρόπον
1009 5526 1391 5599 ἀποκλίνομεν,
1434 5504 1618 5597 καλῶς
1647 5533 1715 5588 ἂν

185 5595 269 5666 '19!
293 5601 524 5696 διελθεῖν·
556 5612 650 5666 καὶ
689 5616 780 5669 ἐπὶ
817 5619 970 5683 πᾶσι,
997 5621 1080 5683 τίς
1105 5623 1134 5674 ό
1165 5595 1286 5675 me;
1314 5623 1460 5694 ἡμᾶς
1489 5595 1712 5696 τῆςήεύ-

185 5695 434 5787 αγγξλικῆς
466 5704 772 5771 ὑποθέσεως
806 5708 981 5776 λόγος,
1026 5713 1119 5766 καὶ
1149 5715 1234 5777 τίς
1280 5714 1346 5769 ἂν
1391 5717 1594 5787 κυρίως
1624 5717 1713 5770 λε-

186 5782 303 5860 Χθείη
335 5793 362 5845 ὁ
400 5796 836 5872 Χριστιανισμδς,
880 5801 993 5857 οὗθ’
1037 5804 1390 5882 Ἑλληνισμὸς
1439 5782 1534 5878 ῶν,
1581 5807 1704 5866 οὔτε

1826 4611 1966 4678 Quid
1993 4614 2138 4669 aliud
2193 4617 2427 4686 denique
2482 4619 2736 4674 manibus
2790 4622 3070 4692 oculisque
3121 4632 3394 4690 tenemus,

1823 4720 1987 4775 quam
2022 4707 2185 4762 vitam
2229 4708 2508 4763 hominum
2542 4712 2850 4767 universam
2881 4729 2948 4769 ex
2981 4716 3192 4772 duabus
3242 4718 3396 4774 hisce

1823 4797 2010 4860 rebus,
2037 4813 2131 4866 spe
2151 4799 2408 4854 nimirum
2439 4801 2673 4871 lideque,
2697 4818 3014 4874 suspensam
3048 4808 3254 4860 teneri?
3288 4809 3397 4879 16

1821 4886 1961 4954 Quid
1985 4905 2116 4959 ergo
2143 4905 2322 4946 causa:
2354 4901 2438 4946 est
2466 4896 2822 4962 quamobrem
2849 4898 2986 4951 adeo
3010 4898 3244 4965 mireris,
3264 4887 3391 4970 qui-

1820 4981 1924 5036 bus
1952 4995 2062 5034 non
2091 4991 2248 5035 vacat
2299 4984 2482 5038 omnia
2527 4985 2799 5053 sigillatim
2836 5001 2922 5056 ac,
2949 4988 3204 5049 subtilius
3232 4991 3390 5045 addi-

1819 5089 1991 5139 scere,
2017 5073 2324 5130 illisdivina
2375 5077 2510 5144 haec,
2567 5081 2874 5149 quibusque
2930 5088 3138 5136 tantum
3171 5084 3388 5141 animus

1818 5161 2166 5231 informatur,
2196 5179 2465 5236 praecepta
2487 5167 2612 5224 ﬁdei
2660 5187 2822 5224 manu
2877 5171 3048 5237 tradi;
3085 5172 3207 5226 aliis
3262 5189 3389 5228 vero

1817 5254 1981 5309 licere
2018 5265 2276 5324 praeterea
2316 5257 2462 5327 ipsas
2485 5275 2704 5330 quoque
2746 5261 3011 5332 vestigare
3039 5264 3301 5332 rationes,
3334 5275 3391 5321 et

1816 5362 2004 5402 eorum
2059 5363 2181 5416 quae
2241 5362 2564 5406 asseruntur
2613 5353 2988 5424 docemurque
3046 5356 3387 5410 demonstra-

1818 5439 1990 5495 tiones
2017 5440 2307 5512 indagare?
2333 5442 2438 5498 Sed
2472 5446 2617 5500 enim
2664 5461 2836 5515 pauca
2875 5448 2989 5502 haec
3015 5449 3171 5517 quasi
3197 5448 3386 5517 prolu-

1815 5530 1982 5585 sionis
2006 5546 2172 5587 causa
2203 5549 2303 5588 nec
2333 5535 2452 5589 sine
2500 5537 2732 5592 utilitate
2783 5538 3014 5608 praefati,
3047 5539 3114 5594 ad
3145 5542 3382 5609 primum

1812 5623 2178 5679 accusationis
2207 5634 2371 5694 caput
2402 5626 2702 5701 aliquando
2740 5631 3049 5696 redeamus,
3076 5642 3130 5686 et
3156 5632 3382 5700 quinam

1812 5716 2008 5781 simus,
2046 5732 2249 5788 quasve
2293 5719 2463 5774 secuti
2518 5730 2673 5776 antea
2731 5722 2854 5778 vita:
2892 5723 3150 5789 rationes,
3183 5723 3250 5778 iis
3287 5724 3382 5794 qui

1810 5818 2102 5880 utrumque
2126 5823 2190 5880 ex
2219 5809 2378 5868 nobis
2397 5827 2639 5882 quaerere
2680 5815 2895 5884 solent,
2932 5815 3381 5884 respondeamus.
